|j|☆SCiZ0rking
|j|☆AlphaDreams
|t:|1758375084
|gametype|singles
|player|p1|SCiZ0rking|youngster-gen4dp|1274
|player|p2|AlphaDreams|caitlin|1258
|gen|9
|tier|[Gen 9] OU
|rated|
|rule|HP Percentage Mod: HP is shown in percentages
|rule|Endless Battle Clause: Forcing endless battles is banned
|rule|Species Clause: Limit one of each Pokémon
|rule|OHKO Clause: OHKO moves are banned
|rule|Evasion Items Clause: Evasion items are banned
|rule|Evasion Moves Clause: Evasion moves are banned
|rule|Evasion Abilities Clause: Evasion abilities are banned
|rule|Sleep Moves Clause: Sleep-inducing moves are banned
|clearpoke
|poke|p1|Dragapult, F|
|poke|p1|Slowking-Galar, F|
|poke|p1|Gliscor, F|
|poke|p1|Primarina, F|
|poke|p1|Weavile, M|
|poke|p1|Corviknight, M|
|poke|p2|Decidueye, M|
|poke|p2|Ceruledge, M|
|poke|p2|Samurott-Hisui, M|
|poke|p2|Great Tusk|
|poke|p2|Garganacl, M|
|poke|p2|Dragonite, M|
|teampreview
|inactive|Battle timer is ON: inactive players will automatically lose when time's up. (requested by SCiZ0rking)
|
|t:|1758375094
|teamsize|p1|6
|teamsize|p2|6
|start
|switch|p1a: Corviknight|Corviknight, M|100/100
|switch|p2a: Samurott|Samurott-Hisui, M|100/100
|-ability|p1a: Corviknight|Pressure
|turn|1
|
|t:|1758375103
|move|p2a: Samurott|Flip Turn|p1a: Corviknight
|-damage|p1a: Corviknight|83/100
|
|t:|1758375107
|switch|p2a: Ceruledge|Ceruledge, M|100/100|[from] Flip Turn
|move|p1a: Corviknight|U-turn|p2a: Ceruledge
|-resisted|p2a: Ceruledge
|-damage|p2a: Ceruledge|96/100
|-ability|p2a: Ceruledge|Weak Armor|boost
|-unboost|p2a: Ceruledge|def|1
|-boost|p2a: Ceruledge|spe|2
|
|t:|1758375123
|switch|p1a: Primarina|Primarina, F|100/100|[from] U-turn
|
|upkeep
|turn|2
|
|t:|1758375128
|move|p2a: Ceruledge|Bitter Blade|p1a: Primarina
|-resisted|p1a: Primarina
|-damage|p1a: Primarina|81/100
|-heal|p2a: Ceruledge|100/100|[from] drain|[of] p1a: Primarina
|move|p1a: Primarina|Substitute|p1a: Primarina
|-start|p1a: Primarina|Substitute
|-damage|p1a: Primarina|56/100
|
|-heal|p1a: Primarina|62/100|[from] item: Leftovers
|upkeep
|turn|3
|
|t:|1758375135
|-terastallize|p2a: Ceruledge|Ghost
|move|p2a: Ceruledge|Poltergeist|p1a: Primarina
|-activate|p1a: Primarina|move: Poltergeist|Leftovers
|-end|p1a: Primarina|Substitute
|move|p1a: Primarina|Psychic Noise|p2a: Ceruledge
|-damage|p2a: Ceruledge|60/100
|-start|p2a: Ceruledge|move: Heal Block
|
|-heal|p1a: Primarina|68/100|[from] item: Leftovers
|upkeep
|turn|4
|
|t:|1758375154
|switch|p1a: Gliscor|Gliscor, F|100/100
|move|p2a: Ceruledge|Poltergeist|p1a: Gliscor
|-activate|p1a: Gliscor|move: Poltergeist|Toxic Orb
|-damage|p1a: Gliscor|43/100
|
|-end|p2a: Ceruledge|move: Heal Block
|-status|p1a: Gliscor|tox|[from] item: Toxic Orb
|upkeep
|turn|5
|
|t:|1758375159
|move|p1a: Gliscor|Protect|p1a: Gliscor
|-singleturn|p1a: Gliscor|Protect
|move|p2a: Ceruledge|Poltergeist|p1a: Gliscor
|-activate|p1a: Gliscor|move: Protect
|
|-heal|p1a: Gliscor|56/100 tox|[from] ability: Poison Heal
|upkeep
|turn|6
|
|t:|1758375172
|move|p1a: Gliscor|Protect||[still]
|-fail|p1a: Gliscor
|move|p2a: Ceruledge|Poltergeist|p1a: Gliscor|[miss]
|-miss|p2a: Ceruledge|p1a: Gliscor
|
|-heal|p1a: Gliscor|68/100 tox|[from] ability: Poison Heal
|upkeep
|turn|7
|
|t:|1758375179
|move|p2a: Ceruledge|Bitter Blade|p1a: Gliscor
|-damage|p1a: Gliscor|30/100 tox
|-heal|p2a: Ceruledge|83/100|[from] drain|[of] p1a: Gliscor
|move|p1a: Gliscor|Knock Off|p2a: Ceruledge
|-supereffective|p2a: Ceruledge
|-damage|p2a: Ceruledge|0 fnt
|-enditem|p2a: Ceruledge|Focus Sash|[from] move: Knock Off|[of] p1a: Gliscor
|faint|p2a: Ceruledge
|
|-heal|p1a: Gliscor|43/100 tox|[from] ability: Poison Heal
|upkeep
|
|t:|1758375184
|switch|p2a: Dragonite|Dragonite, M|100/100
|turn|8
|
|t:|1758375190
|move|p2a: Dragonite|Dragon Dance|p2a: Dragonite
|-boost|p2a: Dragonite|atk|1
|-boost|p2a: Dragonite|spe|1
|move|p1a: Gliscor|Toxic|p2a: Dragonite
|-status|p2a: Dragonite|tox
|
|-damage|p2a: Dragonite|94/100 tox|[from] psn
|-heal|p1a: Gliscor|55/100 tox|[from] ability: Poison Heal
|upkeep
|turn|9
|
|t:|1758375194
|move|p1a: Gliscor|Protect|p1a: Gliscor
|-singleturn|p1a: Gliscor|Protect
|move|p2a: Dragonite|Ice Spinner|p1a: Gliscor
|-activate|p1a: Gliscor|move: Protect
|
|-damage|p2a: Dragonite|82/100 tox|[from] psn
|-heal|p1a: Gliscor|68/100 tox|[from] ability: Poison Heal
|upkeep
|turn|10
|
|t:|1758375200
|switch|p1a: Corviknight|Corviknight, M|83/100
|-ability|p1a: Corviknight|Pressure
|move|p2a: Dragonite|Ice Spinner|p1a: Corviknight
|-damage|p1a: Corviknight|54/100
|
|-heal|p1a: Corviknight|60/100|[from] item: Leftovers
|-damage|p2a: Dragonite|63/100 tox|[from] psn
|upkeep
|turn|11
|
|t:|1758375204
|move|p2a: Dragonite|Dragon Dance|p2a: Dragonite
|-boost|p2a: Dragonite|atk|1
|-boost|p2a: Dragonite|spe|1
|move|p1a: Corviknight|Roost|p1a: Corviknight
|-heal|p1a: Corviknight|100/100
|-singleturn|p1a: Corviknight|move: Roost
|
|-damage|p2a: Dragonite|39/100 tox|[from] psn
|upkeep
|turn|12
|
|t:|1758375210
|move|p2a: Dragonite|Ice Spinner|p1a: Corviknight
|-damage|p1a: Corviknight|64/100
|move|p1a: Corviknight|Roost|p1a: Corviknight
|-heal|p1a: Corviknight|100/100
|-singleturn|p1a: Corviknight|move: Roost
|
|-damage|p2a: Dragonite|8/100 tox|[from] psn
|upkeep
|turn|13
|
|t:|1758375213
|move|p2a: Dragonite|Ice Spinner|p1a: Corviknight
|-damage|p1a: Corviknight|65/100
|move|p1a: Corviknight|Roost|p1a: Corviknight
|-heal|p1a: Corviknight|100/100
|-singleturn|p1a: Corviknight|move: Roost
|
|-damage|p2a: Dragonite|0 fnt|[from] psn
|faint|p2a: Dragonite
|upkeep
|
|t:|1758375219
|switch|p2a: Sneaky Goat|Decidueye, M|100/100
|turn|14
|l|☆AlphaDreams
|inactive|AlphaDreams disconnected and has a minute to reconnect!
|player|p2|
|j|☆AlphaDreams
|inactive|AlphaDreams reconnected and has 110 seconds left.
|player|p2|AlphaDreams|caitlin|
|inactive|AlphaDreams has 90 seconds left.
|l|☆AlphaDreams
|inactive|AlphaDreams disconnected and has a minute to reconnect!
|player|p2|
|inactive|AlphaDreams has 30 seconds to reconnect!
|j|☆AlphaDreams
|inactive|AlphaDreams reconnected and has 60 seconds left.
|player|p2|AlphaDreams|caitlin|
|inactive|AlphaDreams has 30 seconds left.
|inactive|AlphaDreams has 20 seconds left.
|inactive|AlphaDreams has 15 seconds left.
|inactive|AlphaDreams has 10 seconds left.
|inactive|AlphaDreams has 5 seconds left.
|-message|AlphaDreams lost due to inactivity.
|
|win|SCiZ0rking
|raw|SCiZ0rking's rating: 1274 &rarr; <strong>1298</strong><br />(+24 for winning)
|raw|AlphaDreams's rating: 1258 &rarr; <strong>1234</strong><br />(-24 for losing)
|l|☆SCiZ0rking
|player|p1|
|l|☆AlphaDreams
|player|p2|
|j|☆AlphaDreams
|player|p2|AlphaDreams|caitlin|
|l|☆AlphaDreams
|player|p2|
