|j|☆PandaJanai
|j|‽Dhaysy1
|t:|1758261133
|gametype|singles
|player|p1|PandaJanai|101|1186
|player|p2|Dhaysy1|lucas|1247
|gen|9
|tier|[Gen 9] OU
|rated|
|rule|HP Percentage Mod: HP is shown in percentages
|rule|Endless Battle Clause: Forcing endless battles is banned
|rule|Species Clause: Limit one of each Pokémon
|rule|OHKO Clause: OHKO moves are banned
|rule|Evasion Items Clause: Evasion items are banned
|rule|Evasion Moves Clause: Evasion moves are banned
|rule|Evasion Abilities Clause: Evasion abilities are banned
|rule|Sleep Moves Clause: Sleep-inducing moves are banned
|clearpoke
|poke|p1|Iron Jugulis|
|poke|p1|Keldeo|
|poke|p1|Kleavor, F|
|poke|p1|Electrode|
|poke|p1|Quaquaval, M|
|poke|p1|Wo-Chien|
|poke|p2|Tyranitar, M|
|poke|p2|Excadrill, M|
|poke|p2|Garganacl, M|
|poke|p2|Glimmora, F|
|poke|p2|Gliscor, F|
|poke|p2|Great Tusk|
|teampreview
|inactive|Battle timer is ON: inactive players will automatically lose when time's up. (requested by PandaJanai)
|
|t:|1758261154
|teamsize|p1|6
|teamsize|p2|6
|start
|switch|p1a: Electrode|Electrode|100/100
|switch|p2a: Glimmora|Glimmora, F|100/100
|turn|1
|
|t:|1758261162
|move|p2a: Glimmora|Spiky Shield|p2a: Glimmora
|-singleturn|p2a: Glimmora|move: Protect
|move|p1a: Electrode|Taunt|p2a: Glimmora
|-activate|p2a: Glimmora|move: Protect
|
|upkeep
|turn|2
|
|t:|1758261174
|switch|p2a: Gliscor|Gliscor, F|100/100
|move|p1a: Electrode|Light Screen|p1a: Electrode
|-sidestart|p1: PandaJanai|move: Light Screen
|
|-status|p2a: Gliscor|tox|[from] item: Toxic Orb
|upkeep
|turn|3
|
|t:|1758261181
|move|p1a: Electrode|Taunt|p2a: Gliscor
|-start|p2a: Gliscor|move: Taunt
|move|p2a: Gliscor|Earthquake|p1a: Electrode
|-supereffective|p1a: Electrode
|-damage|p1a: Electrode|0 fnt
|faint|p1a: Electrode
|
|upkeep
|
|t:|1758261189
|switch|p1a: Quaquaval|Quaquaval, M|100/100
|turn|4
|
|t:|1758261199
|-terastallize|p2a: Gliscor|Water
|move|p2a: Gliscor|Earthquake|p1a: Quaquaval
|-damage|p1a: Quaquaval|43/100
|move|p1a: Quaquaval|Aqua Step|p2a: Gliscor
|-resisted|p2a: Gliscor
|-damage|p2a: Gliscor|80/100 tox
|-boost|p1a: Quaquaval|spe|1
|
|-heal|p2a: Gliscor|92/100 tox|[from] ability: Poison Heal
|upkeep
|turn|5
|
|t:|1758261214
|move|p1a: Quaquaval|Close Combat|p2a: Gliscor
|-damage|p2a: Gliscor|25/100 tox
|-unboost|p1a: Quaquaval|def|1
|-unboost|p1a: Quaquaval|spd|1
|move|p2a: Gliscor|Earthquake|p1a: Quaquaval
|-damage|p1a: Quaquaval|0 fnt
|faint|p1a: Quaquaval
|
|-heal|p2a: Gliscor|38/100 tox|[from] ability: Poison Heal
|-end|p2a: Gliscor|move: Taunt
|upkeep
|-message|PandaJanai forfeited.
|
|win|Dhaysy1
|raw|PandaJanai's rating: 1186 &rarr; <strong>1165</strong><br />(-21 for losing)
|raw|Dhaysy1's rating: 1247 &rarr; <strong>1268</strong><br />(+21 for winning)
|l|☆PandaJanai
|player|p1|
|l|‽Dhaysy1
|player|p2|
