|j|☆capitolg
|j|☆ImMikeyCzn
|t:|1758283858
|gametype|singles
|player|p1|capitolg|bellelba|1141
|player|p2|ImMikeyCzn|guitarist|1117
|gen|9
|tier|[Gen 9] OU
|rated|
|rule|HP Percentage Mod: HP is shown in percentages
|rule|Endless Battle Clause: Forcing endless battles is banned
|rule|Species Clause: Limit one of each Pokémon
|rule|OHKO Clause: OHKO moves are banned
|rule|Evasion Items Clause: Evasion items are banned
|rule|Evasion Moves Clause: Evasion moves are banned
|rule|Evasion Abilities Clause: Evasion abilities are banned
|rule|Sleep Moves Clause: Sleep-inducing moves are banned
|clearpoke
|poke|p1|Masquerain, M|
|poke|p1|Articuno-Galar|
|poke|p1|Smeargle, M|
|poke|p1|Empoleon, F|
|poke|p1|Passimian, M|
|poke|p1|Chandelure, F|
|poke|p2|Ceruledge, M|
|poke|p2|Azumarill, M|
|poke|p2|Lokix, M|
|poke|p2|Decidueye-Hisui, M|
|poke|p2|Corviknight, F|
|poke|p2|Weezing-Galar, M|
|teampreview
|
|t:|1758283864
|teamsize|p1|6
|teamsize|p2|6
|start
|switch|p1a: Masquerain|Masquerain, M|100/100
|switch|p2a: Average Wordle Fan|Corviknight, F|100/100
|-ability|p1a: Masquerain|Intimidate|boost
|-ability|p2a: Average Wordle Fan|Mirror Armor
|-unboost|p1a: Masquerain|atk|1
|turn|1
|
|t:|1758283873
|move|p1a: Masquerain|Sticky Web|p2a: Average Wordle Fan
|-sidestart|p2: ImMikeyCzn|move: Sticky Web
|move|p2a: Average Wordle Fan|Tailwind|p2a: Average Wordle Fan
|-sidestart|p2: ImMikeyCzn|move: Tailwind
|
|upkeep
|turn|2
|
|t:|1758283880
|switch|p1a: Chandelure|Chandelure, F|100/100
|move|p2a: Average Wordle Fan|Brave Bird|p1a: Chandelure
|-damage|p1a: Chandelure|56/100
|-status|p2a: Average Wordle Fan|brn|[from] ability: Flame Body|[of] p1a: Chandelure
|-damage|p2a: Average Wordle Fan|86/100 brn|[from] Recoil
|
|-heal|p2a: Average Wordle Fan|93/100 brn|[from] item: Leftovers
|-damage|p2a: Average Wordle Fan|86/100 brn|[from] brn
|upkeep
|turn|3
|
|t:|1758283905
|switch|p2a: Weezing|Weezing-Galar, M|100/100
|move|p1a: Chandelure|Trick Room|p1a: Chandelure
|-fieldstart|move: Trick Room|[of] p1a: Chandelure
|
|upkeep
|turn|4
|
|t:|1758283913
|move|p1a: Chandelure|Psychic|p2a: Weezing
|-supereffective|p2a: Weezing
|-damage|p2a: Weezing|27/100
|move|p2a: Weezing|Defog|p1a: Chandelure
|-unboost|p1a: Chandelure|evasion|1
|-sideend|p2: ImMikeyCzn|Sticky Web|[from] move: Defog|[of] p2a: Weezing
|
|-heal|p2a: Weezing|33/100|[from] item: Black Sludge
|-sideend|p2: ImMikeyCzn|move: Tailwind
|upkeep
|turn|5
|
|t:|1758283938
|switch|p2a: Lokix|Lokix, M|100/100
|move|p1a: Chandelure|Flamethrower|p2a: Lokix
|-supereffective|p2a: Lokix
|-damage|p2a: Lokix|0 fnt
|faint|p2a: Lokix
|
|upkeep
|
|t:|1758283946
|switch|p2a: Azumarill|Azumarill, M|100/100
|turn|6
|
|t:|1758283954
|move|p2a: Azumarill|Liquidation|p1a: Chandelure
|-supereffective|p1a: Chandelure
|-damage|p1a: Chandelure|0 fnt
|faint|p1a: Chandelure
|
|upkeep
|
|t:|1758283957
|switch|p1a: Masquerain|Masquerain, M|100/100
|-ability|p1a: Masquerain|Intimidate|boost
|-unboost|p2a: Azumarill|atk|1
|turn|7
|
|t:|1758283966
|move|p2a: Azumarill|Ice Spinner|p1a: Masquerain
|-supereffective|p1a: Masquerain
|-damage|p1a: Masquerain|43/100
|move|p1a: Masquerain|Sticky Web|p2a: Azumarill
|-sidestart|p2: ImMikeyCzn|move: Sticky Web
|
|-fieldend|move: Trick Room
|upkeep
|turn|8
|
|t:|1758283975
|move|p1a: Masquerain|Bug Buzz|p2a: Azumarill
|-resisted|p2a: Azumarill
|-damage|p2a: Azumarill|79/100
|move|p2a: Azumarill|Ice Spinner|p1a: Masquerain
|-supereffective|p1a: Masquerain
|-damage|p1a: Masquerain|0 fnt
|faint|p1a: Masquerain
|
|upkeep
|
|t:|1758283977
|switch|p1a: Smeargle|Smeargle, M|100/100
|turn|9
|
|t:|1758283993
|switch|p2a: Weezing|Weezing-Galar, M|33/100
|move|p1a: Smeargle|Trick Room|p1a: Smeargle
|-fieldstart|move: Trick Room|[of] p1a: Smeargle
|
|-heal|p2a: Weezing|39/100|[from] item: Black Sludge
|upkeep
|turn|10
|
|t:|1758283999
|move|p2a: Weezing|Defog|p1a: Smeargle
|-unboost|p1a: Smeargle|evasion|1
|-sideend|p2: ImMikeyCzn|Sticky Web|[from] move: Defog|[of] p2a: Weezing
|move|p1a: Smeargle|Taunt|p2a: Weezing
|-start|p2a: Weezing|move: Taunt
|
|-heal|p2a: Weezing|45/100|[from] item: Black Sludge
|upkeep
|turn|11
|-message|capitolg forfeited.
|
|win|ImMikeyCzn
|raw|capitolg's rating: 1141 &rarr; <strong>1114</strong><br />(-27 for losing)
|raw|ImMikeyCzn's rating: 1117 &rarr; <strong>1144</strong><br />(+27 for winning)
|l|☆capitolg
|player|p1|
|j| Very_Pogger_Name
|l| Very_Pogger_Name
