|j|‽overclockedfyre
|j|☆lbdrinkingpower
|t:|1758291690
|gametype|singles
|player|p1|overclockedfyre|cynthia-masters3|1109
|player|p2|lbdrinkingpower|acetrainercouple|1164
|gen|9
|tier|[Gen 9] OU
|rated|
|rule|HP Percentage Mod: HP is shown in percentages
|rule|Endless Battle Clause: Forcing endless battles is banned
|rule|Species Clause: Limit one of each Pokémon
|rule|OHKO Clause: OHKO moves are banned
|rule|Evasion Items Clause: Evasion items are banned
|rule|Evasion Moves Clause: Evasion moves are banned
|rule|Evasion Abilities Clause: Evasion abilities are banned
|rule|Sleep Moves Clause: Sleep-inducing moves are banned
|clearpoke
|poke|p1|Doduo, L1, M|
|poke|p1|Deoxys-Speed|
|poke|p1|Raging Bolt|
|poke|p1|Ribombee, F|
|poke|p1|Iron Boulder|
|poke|p1|Toxapex, F|
|poke|p2|Dragonite, F|
|poke|p2|Gliscor, M|
|poke|p2|Ogerpon-Wellspring, F|
|poke|p2|Glimmora, M|
|poke|p2|Gholdengo|
|poke|p2|Ting-Lu|
|teampreview
|inactive|Battle timer is ON: inactive players will automatically lose when time's up. (requested by overclockedfyre)
|
|t:|1758291699
|teamsize|p1|6
|teamsize|p2|6
|start
|switch|p1a: Ribombee|Ribombee, F|100/100
|switch|p2a: Glimmora|Glimmora, M|100/100
|turn|1
|
|t:|1758291705
|move|p1a: Ribombee|Sticky Web|p2a: Glimmora
|-sidestart|p2: lbdrinkingpower|move: Sticky Web
|move|p2a: Glimmora|Mortal Spin|p1a: Ribombee
|-supereffective|p1a: Ribombee
|-damage|p1a: Ribombee|79/100
|-sideend|p2: lbdrinkingpower|Sticky Web|[from] move: Mortal Spin|[of] p2a: Glimmora
|
|upkeep
|turn|2
|
|t:|1758291720
|switch|p1a: Iron Boulder|Iron Boulder|100/100
|-enditem|p1a: Iron Boulder|Booster Energy
|-activate|p1a: Iron Boulder|ability: Quark Drive|[fromitem]
|-start|p1a: Iron Boulder|quarkdrivespe
|move|p2a: Glimmora|Mortal Spin|p1a: Iron Boulder
|-resisted|p1a: Iron Boulder
|-damage|p1a: Iron Boulder|97/100
|-status|p1a: Iron Boulder|psn
|
|-damage|p1a: Iron Boulder|84/100 psn|[from] psn
|upkeep
|turn|3
|
|t:|1758291731
|switch|p2a: Ting-Lu|Ting-Lu|100/100
|-ability|p2a: Ting-Lu|Vessel of Ruin
|move|p1a: Iron Boulder|Swords Dance|p1a: Iron Boulder
|-boost|p1a: Iron Boulder|atk|2
|
|-damage|p1a: Iron Boulder|72/100 psn|[from] psn
|upkeep
|turn|4
|
|t:|1758291737
|-terastallize|p1a: Iron Boulder|Fighting
|move|p1a: Iron Boulder|Close Combat|p2a: Ting-Lu
|-supereffective|p2a: Ting-Lu
|-damage|p2a: Ting-Lu|0 fnt
|-unboost|p1a: Iron Boulder|def|1
|-unboost|p1a: Iron Boulder|spd|1
|faint|p2a: Ting-Lu
|
|-damage|p1a: Iron Boulder|59/100 psn|[from] psn
|upkeep
|
|t:|1758291753
|switch|p2a: Dragonite|Dragonite, F|100/100
|turn|5
|
|t:|1758291758
|-terastallize|p2a: Dragonite|Ground
|move|p1a: Iron Boulder|Mighty Cleave|p2a: Dragonite
|-resisted|p2a: Dragonite
|-damage|p2a: Dragonite|74/100
|move|p2a: Dragonite|Earthquake|p1a: Iron Boulder
|-damage|p1a: Iron Boulder|0 fnt
|faint|p1a: Iron Boulder
|-end|p1a: Iron Boulder|Quark Drive|[silent]
|
|upkeep
|
|t:|1758291773
|switch|p1a: Deoxys|Deoxys-Speed|100/100
|-ability|p1a: Deoxys|Pressure
|turn|6
|
|t:|1758291779
|switch|p2a: Gholdengo|Gholdengo|100/100
|move|p1a: Deoxys|Trick|p2a: Gholdengo
|-immune|p2a: Gholdengo|[from] ability: Good as Gold
|
|upkeep
|turn|7
|
|t:|1758291788
|move|p1a: Deoxys|Knock Off|p2a: Gholdengo
|-supereffective|p2a: Gholdengo
|-damage|p2a: Gholdengo|54/100
|-enditem|p2a: Gholdengo|Choice Scarf|[from] move: Knock Off|[of] p1a: Deoxys
|move|p2a: Gholdengo|Shadow Ball|p1a: Deoxys
|-supereffective|p1a: Deoxys
|-damage|p1a: Deoxys|5/100
|
|upkeep
|turn|8
|
|t:|1758291797
|switch|p1a: Toxapex|Toxapex, F|100/100
|move|p2a: Gholdengo|Shadow Ball|p1a: Toxapex
|-damage|p1a: Toxapex|74/100
|-unboost|p1a: Toxapex|spd|1
|
|upkeep
|turn|9
|
|t:|1758291810
|switch|p1a: Doduo|Doduo, L1, M, shiny|100/100
|move|p2a: Gholdengo|Thunder Wave|p1a: Doduo
|-status|p1a: Doduo|par
|
|upkeep
|turn|10
|
|t:|1758291822
|switch|p1a: Raging Bolt|Raging Bolt|100/100
|move|p2a: Gholdengo|Make It Rain|p1a: Raging Bolt
|-resisted|p1a: Raging Bolt
|-damage|p1a: Raging Bolt|74/100
|-unboost|p2a: Gholdengo|spa|1
|
|upkeep
|turn|11
|
|t:|1758291839
|switch|p2a: Dragonite|Dragonite, F, tera:Ground|74/100
|move|p1a: Raging Bolt|Thunderbolt|p2a: Dragonite
|-immune|p2a: Dragonite
|
|upkeep
|turn|12
|
|t:|1758291846
|-end|p1a: Raging Bolt|Protosynthesis|[silent]
|switch|p1a: Ribombee|Ribombee, F|79/100
|move|p2a: Dragonite|Dragon Dance|p2a: Dragonite
|-boost|p2a: Dragonite|atk|1
|-boost|p2a: Dragonite|spe|1
|
|upkeep
|turn|13
|
|t:|1758291849
|move|p2a: Dragonite|Rock Slide|p1a: Ribombee
|-supereffective|p1a: Ribombee
|-damage|p1a: Ribombee|0 fnt
|faint|p1a: Ribombee
|
|upkeep
|
|t:|1758291852
|switch|p1a: Deoxys|Deoxys-Speed|5/100
|-ability|p1a: Deoxys|Pressure
|turn|14
|
|t:|1758291856
|move|p2a: Dragonite|Extreme Speed|p1a: Deoxys
|-damage|p1a: Deoxys|0 fnt
|faint|p1a: Deoxys
|
|upkeep
|
|t:|1758291859
|switch|p1a: Doduo|Doduo, L1, M, shiny|100/100 par
|turn|15
|
|t:|1758291863
|move|p2a: Dragonite|Extreme Speed|p1a: Doduo
|-enditem|p1a: Doduo|Focus Sash
|-damage|p1a: Doduo|9/100 par
|cant|p1a: Doduo|par
|
|upkeep
|turn|16
|
|t:|1758291868
|move|p2a: Dragonite|Extreme Speed|p1a: Doduo
|-damage|p1a: Doduo|0 fnt
|faint|p1a: Doduo
|
|upkeep
|-message|overclockedfyre forfeited.
|
|win|lbdrinkingpower
|raw|overclockedfyre's rating: 1109 &rarr; <strong>1088</strong><br />(-21 for losing)
|raw|lbdrinkingpower's rating: 1164 &rarr; <strong>1185</strong><br />(+21 for winning)
|l|‽overclockedfyre
|player|p1|
|l|☆lbdrinkingpower
|player|p2|
