|j|☆Jameswhiff
|j|‽nutaas
|t:|1758377327
|gametype|singles
|player|p1|Jameswhiff|266|1076
|player|p2|nutaas|169|1072
|gen|9
|tier|[Gen 9] OU
|rated|
|rule|HP Percentage Mod: HP is shown in percentages
|rule|Endless Battle Clause: Forcing endless battles is banned
|rule|Species Clause: Limit one of each Pokémon
|rule|OHKO Clause: OHKO moves are banned
|rule|Evasion Items Clause: Evasion items are banned
|rule|Evasion Moves Clause: Evasion moves are banned
|rule|Evasion Abilities Clause: Evasion abilities are banned
|rule|Sleep Moves Clause: Sleep-inducing moves are banned
|clearpoke
|poke|p1|Hatterene, F|
|poke|p1|Gliscor, F|
|poke|p1|Noivern, M|
|poke|p1|Heracross, F|
|poke|p1|Venusaur, M|
|poke|p1|Greninja-*, M|
|poke|p2|Dragapult, F|
|poke|p2|Incineroar, F|
|poke|p2|Gardevoir, F|
|poke|p2|Lapras, F|
|poke|p2|Venusaur, M|
|poke|p2|Darkrai|
|teampreview
|
|t:|1758377336
|teamsize|p1|6
|teamsize|p2|6
|start
|switch|p1a: Hatterene|Hatterene, F, shiny|100/100
|switch|p2a: Venusaur|Venusaur, M|100/100
|turn|1
|
|t:|1758377348
|move|p2a: Venusaur|Sludge Bomb|p1a: Hatterene
|-supereffective|p1a: Hatterene
|-damage|p1a: Hatterene|30/100
|move|p1a: Hatterene|Trick Room|p1a: Hatterene
|-fieldstart|move: Trick Room|[of] p1a: Hatterene
|
|upkeep
|turn|2
|
|t:|1758377360
|switch|p1a: Venusaur|Venusaur, M, shiny|100/100
|move|p2a: Venusaur|Sludge Bomb|p1a: Venusaur
|-damage|p1a: Venusaur|79/100
|
|-heal|p1a: Venusaur|85/100|[from] item: Leftovers
|upkeep
|turn|3
|
|t:|1758377373
|switch|p1a: Hatterene|Hatterene, F, shiny|30/100
|switch|p2a: Incineroar|Incineroar, F|100/100
|-ability|p2a: Incineroar|Intimidate|boost
|-unboost|p1a: Hatterene|atk|1
|
|upkeep
|turn|4
|
|t:|1758377381
|move|p2a: Incineroar|Fake Out|p1a: Hatterene
|-damage|p1a: Hatterene|13/100
|cant|p1a: Hatterene|flinch
|
|upkeep
|turn|5
|
|t:|1758377387
|move|p2a: Incineroar|Fake Out||[still]
|-hint|Fake Out only works on your first turn out.
|-fail|p2a: Incineroar
|move|p1a: Hatterene|Trick|p2a: Incineroar
|-activate|p1a: Hatterene|move: Trick|[of] p2a: Incineroar
|-item|p2a: Incineroar|Choice Scarf|[from] move: Trick
|-item|p1a: Hatterene|Charcoal|[from] move: Trick
|
|-fieldend|move: Trick Room
|upkeep
|turn|6
|
|t:|1758377396
|move|p2a: Incineroar|Fake Out||[still]
|-hint|Fake Out only works on your first turn out.
|-fail|p2a: Incineroar
|move|p1a: Hatterene|Future Sight|p2a: Incineroar
|-start|p1a: Hatterene|move: Future Sight
|
|upkeep
|turn|7
|
|t:|1758377405
|move|p2a: Incineroar|Fake Out||[still]
|-hint|Fake Out only works on your first turn out.
|-fail|p2a: Incineroar
|move|p1a: Hatterene|Trick Room|p1a: Hatterene
|-fieldstart|move: Trick Room|[of] p1a: Hatterene
|
|upkeep
|turn|8
|
|t:|1758377416
|switch|p2a: Venusaur|Venusaur, M|100/100
|move|p1a: Hatterene|Draining Kiss|p2a: Venusaur
|-resisted|p2a: Venusaur
|-crit|p2a: Venusaur
|-damage|p2a: Venusaur|83/100
|-heal|p1a: Hatterene|31/100|[from] drain|[of] p2a: Venusaur
|
|-end|p2a: Venusaur|move: Future Sight
|-supereffective|p2a: Venusaur
|-damage|p2a: Venusaur|0 fnt
|faint|p2a: Venusaur
|upkeep
|
|t:|1758377427
|switch|p2a: Gardevoir|Gardevoir, F|100/100
|turn|9
|
|t:|1758377436
|move|p1a: Hatterene|Trick|p2a: Gardevoir
|-activate|p1a: Hatterene|move: Trick|[of] p2a: Gardevoir
|-item|p2a: Gardevoir|Charcoal|[from] move: Trick
|-item|p1a: Hatterene|Wise Glasses|[from] move: Trick
|move|p2a: Gardevoir|Psychic|p1a: Hatterene
|-resisted|p1a: Hatterene
|-damage|p1a: Hatterene|7/100
|
|upkeep
|turn|10
|
|t:|1758377443
|move|p1a: Hatterene|Future Sight|p2a: Gardevoir
|-start|p1a: Hatterene|move: Future Sight
|move|p2a: Gardevoir|Psychic|p1a: Hatterene
|-resisted|p1a: Hatterene
|-damage|p1a: Hatterene|0 fnt
|faint|p1a: Hatterene
|
|upkeep
|
|t:|1758377456
|switch|p1a: Gliscor|Gliscor, F, shiny|100/100
|turn|11
|
|t:|1758377461
|-terastallize|p1a: Gliscor|Fairy
|move|p1a: Gliscor|Toxic|p2a: Gardevoir
|-status|p2a: Gardevoir|tox
|-activate|p2a: Gardevoir|ability: Synchronize
|-status|p1a: Gliscor|tox
|move|p2a: Gardevoir|Light Screen|p2a: Gardevoir
|-sidestart|p2: nutaas|move: Light Screen
|
|-damage|p2a: Gardevoir|94/100 tox|[from] psn
|-fieldend|move: Trick Room
|upkeep
|turn|12
|
|t:|1758377478
|move|p2a: Gardevoir|Moonblast|p1a: Gliscor
|-damage|p1a: Gliscor|45/100 tox
|move|p1a: Gliscor|Earthquake|p2a: Gardevoir
|-damage|p2a: Gardevoir|43/100 tox
|
|-end|p2a: Gardevoir|move: Future Sight
|-resisted|p2a: Gardevoir
|-damage|p2a: Gardevoir|27/100 tox
|-damage|p2a: Gardevoir|15/100 tox|[from] psn
|-heal|p1a: Gliscor|58/100 tox|[from] ability: Poison Heal
|upkeep
|turn|13
|
|t:|1758377491
|move|p1a: Gliscor|Protect|p1a: Gliscor
|-singleturn|p1a: Gliscor|Protect
|move|p2a: Gardevoir|Moonblast|p1a: Gliscor
|-activate|p1a: Gliscor|move: Protect
|
|-damage|p2a: Gardevoir|0 fnt|[from] psn
|faint|p2a: Gardevoir
|-heal|p1a: Gliscor|70/100 tox|[from] ability: Poison Heal
|upkeep
|
|t:|1758377501
|switch|p2a: Dragapult|Dragapult, F|100/100
|turn|14
|
|t:|1758377505
|move|p2a: Dragapult|Thunderbolt|p1a: Gliscor
|-damage|p1a: Gliscor|39/100 tox
|move|p1a: Gliscor|Toxic|p2a: Dragapult
|-status|p2a: Dragapult|tox
|
|-damage|p2a: Dragapult|94/100 tox|[from] psn
|-heal|p1a: Gliscor|52/100 tox|[from] ability: Poison Heal
|upkeep
|turn|15
|
|t:|1758377518
|move|p1a: Gliscor|Protect|p1a: Gliscor
|-singleturn|p1a: Gliscor|Protect
|move|p2a: Dragapult|Outrage|p1a: Gliscor
|-activate|p1a: Gliscor|move: Protect
|
|-damage|p2a: Dragapult|82/100 tox|[from] psn
|-heal|p1a: Gliscor|64/100 tox|[from] ability: Poison Heal
|-sideend|p2: nutaas|move: Light Screen
|upkeep
|turn|16
|
|t:|1758377528
|move|p2a: Dragapult|Outrage|p1a: Gliscor
|-immune|p1a: Gliscor
|move|p1a: Gliscor|Earthquake|p2a: Dragapult
|-crit|p2a: Dragapult
|-damage|p2a: Dragapult|28/100 tox
|-start|p1a: Gliscor|Disable|Earthquake|[from] ability: Cursed Body|[of] p2a: Dragapult
|
|-damage|p2a: Dragapult|10/100 tox|[from] psn
|-heal|p1a: Gliscor|76/100 tox|[from] ability: Poison Heal
|upkeep
|turn|17
|
|t:|1758377540
|move|p1a: Gliscor|Protect|p1a: Gliscor
|-singleturn|p1a: Gliscor|Protect
|move|p2a: Dragapult|Confuse Ray|p1a: Gliscor
|-activate|p1a: Gliscor|move: Protect
|
|-damage|p2a: Dragapult|0 fnt|[from] psn
|faint|p2a: Dragapult
|-heal|p1a: Gliscor|89/100 tox|[from] ability: Poison Heal
|upkeep
|
|t:|1758377549
|switch|p2a: Lapras|Lapras, F|100/100
|turn|18
|
|t:|1758377555
|switch|p1a: Venusaur|Venusaur, M, shiny|85/100
|move|p2a: Lapras|Ice Beam|p1a: Venusaur
|-supereffective|p1a: Venusaur
|-damage|p1a: Venusaur|45/100
|
|-heal|p1a: Venusaur|51/100|[from] item: Leftovers
|upkeep
|turn|19
|
|t:|1758377564
|move|p1a: Venusaur|Leech Seed|p2a: Lapras
|-start|p2a: Lapras|move: Leech Seed
|move|p2a: Lapras|Ice Beam|p1a: Venusaur
|-supereffective|p1a: Venusaur
|-damage|p1a: Venusaur|13/100
|
|-heal|p1a: Venusaur|19/100|[from] item: Leftovers
|-damage|p2a: Lapras|88/100|[from] Leech Seed|[of] p1a: Venusaur
|-heal|p1a: Venusaur|34/100|[silent]
|upkeep
|turn|20
|l|‽nutaas
|player|p2|
|-message|Jameswhiff forfeited.
|
|win|nutaas
|raw|Jameswhiff's rating: 1076 &rarr; <strong>1054</strong><br />(-22 for losing)
|raw|nutaas's rating: 1072 &rarr; <strong>1102</strong><br />(+30 for winning)
|l|☆Jameswhiff
|player|p1|
