|j|☆hmy1
|j|☆Passerby bye
|t:|1758374184
|gametype|singles
|player|p1|hmy1|elesa-gen5bw2|1339
|player|p2|Passerby bye|cyclist|1370
|gen|9
|tier|[Gen 9] OU
|rated|
|rule|HP Percentage Mod: HP is shown in percentages
|rule|Endless Battle Clause: Forcing endless battles is banned
|rule|Species Clause: Limit one of each Pokémon
|rule|OHKO Clause: OHKO moves are banned
|rule|Evasion Items Clause: Evasion items are banned
|rule|Evasion Moves Clause: Evasion moves are banned
|rule|Evasion Abilities Clause: Evasion abilities are banned
|rule|Sleep Moves Clause: Sleep-inducing moves are banned
|clearpoke
|poke|p1|Gliscor, M|
|poke|p1|Iron Moth|
|poke|p1|Comfey, F|
|poke|p1|Grimmsnarl, M|
|poke|p1|Ceruledge, M|
|poke|p1|Corviknight, F|
|poke|p2|Magnezone|
|poke|p2|Vileplume, M|
|poke|p2|Gyarados, M|
|poke|p2|Houndoom, M|
|poke|p2|Mamoswine, F|
|poke|p2|Azumarill, M|
|teampreview
|inactive|Battle timer is ON: inactive players will automatically lose when time's up. (requested by hmy1)
|
|t:|1758374202
|teamsize|p1|6
|teamsize|p2|6
|start
|switch|p1a: no girl love you|Grimmsnarl, M, shiny|100/100
|switch|p2a: Legend Pkmn sucks|Magnezone|100/100
|turn|1
|
|t:|1758374217
|move|p1a: no girl love you|Light Screen|p1a: no girl love you
|-sidestart|p1: hmy1|move: Light Screen
|move|p2a: Legend Pkmn sucks|Flash Cannon|p1a: no girl love you
|-supereffective|p1a: no girl love you
|-damage|p1a: no girl love you|30/100
|-unboost|p1a: no girl love you|spd|1
|
|upkeep
|turn|2
|
|t:|1758374222
|move|p1a: no girl love you|Parting Shot|p2a: Legend Pkmn sucks
|-unboost|p2a: Legend Pkmn sucks|atk|1
|-unboost|p2a: Legend Pkmn sucks|spa|1
|
|t:|1758374234
|switch|p1a: they ignore you|Iron Moth, shiny|100/100|[from] Parting Shot
|-enditem|p1a: they ignore you|Booster Energy
|-activate|p1a: they ignore you|ability: Quark Drive|[fromitem]
|-start|p1a: they ignore you|quarkdrivespe
|move|p2a: Legend Pkmn sucks|Flash Cannon|p1a: they ignore you
|-resisted|p1a: they ignore you
|-damage|p1a: they ignore you|84/100
|
|upkeep
|turn|3
|
|t:|1758374253
|switch|p2a: BST＞540 Pkmn sucks|Gyarados, M, shiny|100/100
|-ability|p2a: BST＞540 Pkmn sucks|Intimidate|boost
|-unboost|p1a: they ignore you|atk|1
|move|p1a: they ignore you|Fiery Dance|p2a: BST＞540 Pkmn sucks
|-resisted|p2a: BST＞540 Pkmn sucks
|-damage|p2a: BST＞540 Pkmn sucks|78/100
|
|upkeep
|turn|4
|
|t:|1758374265
|-end|p1a: they ignore you|Quark Drive|[silent]
|switch|p1a: 土地云|Gliscor, M, shiny|100/100
|move|p2a: BST＞540 Pkmn sucks|Thunder Wave|p1a: 土地云
|-immune|p1a: 土地云
|
|-status|p1a: 土地云|tox|[from] item: Toxic Orb
|upkeep
|turn|5
|
|t:|1758374273
|-terastallize|p1a: 土地云|Normal
|move|p1a: 土地云|Swords Dance|p1a: 土地云
|-boost|p1a: 土地云|atk|2
|move|p2a: BST＞540 Pkmn sucks|Dragon Dance|p2a: BST＞540 Pkmn sucks
|-boost|p2a: BST＞540 Pkmn sucks|atk|1
|-boost|p2a: BST＞540 Pkmn sucks|spe|1
|
|upkeep
|turn|6
|
|t:|1758374282
|move|p1a: 土地云|Facade|p2a: BST＞540 Pkmn sucks
|-damage|p2a: BST＞540 Pkmn sucks|0 fnt
|faint|p2a: BST＞540 Pkmn sucks
|
|upkeep
|
|t:|1758374291
|switch|p2a: Weather Team sucks|Houndoom, M|100/100
|turn|7
|
|t:|1758374300
|-terastallize|p2a: Weather Team sucks|Ghost
|move|p2a: Weather Team sucks|Fire Blast|p1a: 土地云|[miss]
|-miss|p2a: Weather Team sucks|p1a: 土地云
|move|p1a: 土地云|Earthquake|p2a: Weather Team sucks
|-damage|p2a: Weather Team sucks|0 fnt
|faint|p2a: Weather Team sucks
|
|upkeep
|
|t:|1758374308
|switch|p2a: Ordinary Pkmn only|Vileplume, M|100/100
|turn|8
|
|t:|1758374312
|move|p1a: 土地云|Facade|p2a: Ordinary Pkmn only
|-damage|p2a: Ordinary Pkmn only|13/100
|-damage|p1a: 土地云|84/100 tox|[from] item: Rocky Helmet|[of] p2a: Ordinary Pkmn only
|move|p2a: Ordinary Pkmn only|Strength Sap|p1a: 土地云
|-unboost|p1a: 土地云|atk|1
|-heal|p2a: Ordinary Pkmn only|100/100
|
|-heal|p1a: 土地云|96/100 tox|[from] ability: Poison Heal
|-sideend|p1: hmy1|move: Light Screen
|upkeep
|turn|9
|
|t:|1758374321
|move|p1a: 土地云|Swords Dance|p1a: 土地云
|-boost|p1a: 土地云|atk|2
|move|p2a: Ordinary Pkmn only|Strength Sap|p1a: 土地云
|-unboost|p1a: 土地云|atk|1
|
|-heal|p1a: 土地云|100/100 tox|[from] ability: Poison Heal
|upkeep
|turn|10
|
|t:|1758374331
|move|p1a: 土地云|Swords Dance|p1a: 土地云
|-boost|p1a: 土地云|atk|2
|move|p2a: Ordinary Pkmn only|Leech Seed|p1a: 土地云
|-start|p1a: 土地云|move: Leech Seed
|
|-damage|p1a: 土地云|88/100 tox|[from] Leech Seed|[of] p2a: Ordinary Pkmn only
|-heal|p1a: 土地云|100/100 tox|[from] ability: Poison Heal
|upkeep
|turn|11
|
|t:|1758374338
|move|p1a: 土地云|Facade|p2a: Ordinary Pkmn only
|-damage|p2a: Ordinary Pkmn only|0 fnt
|-damage|p1a: 土地云|84/100 tox|[from] item: Rocky Helmet|[of] p2a: Ordinary Pkmn only
|faint|p2a: Ordinary Pkmn only
|
|-heal|p1a: 土地云|96/100 tox|[from] ability: Poison Heal
|upkeep
|
|t:|1758374345
|switch|p2a: Legend Pkmn sucks|Magnezone|100/100
|turn|12
|
|t:|1758374350
|move|p1a: 土地云|Earthquake|p2a: Legend Pkmn sucks
|-supereffective|p2a: Legend Pkmn sucks
|-damage|p2a: Legend Pkmn sucks|0 fnt
|faint|p2a: Legend Pkmn sucks
|
|-heal|p1a: 土地云|100/100 tox|[from] ability: Poison Heal
|upkeep
|-message|Passerby bye forfeited.
|
|win|hmy1
|raw|hmy1's rating: 1339 &rarr; <strong>1361</strong><br />(+22 for winning)
|raw|Passerby bye's rating: 1370 &rarr; <strong>1348</strong><br />(-22 for losing)
|l|☆Passerby bye
|player|p2|
|l|☆hmy1
|player|p1|
