|j|☆jakob poeltl fan
|j|☆DarkCR7
|t:|1758247974
|gametype|singles
|player|p1|jakob poeltl fan|veteran|1323
|player|p2|DarkCR7|alder|1295
|gen|9
|tier|[Gen 9] OU
|rated|
|rule|HP Percentage Mod: HP is shown in percentages
|rule|Endless Battle Clause: Forcing endless battles is banned
|rule|Species Clause: Limit one of each Pokémon
|rule|OHKO Clause: OHKO moves are banned
|rule|Evasion Items Clause: Evasion items are banned
|rule|Evasion Moves Clause: Evasion moves are banned
|rule|Evasion Abilities Clause: Evasion abilities are banned
|rule|Sleep Moves Clause: Sleep-inducing moves are banned
|clearpoke
|poke|p1|Iron Moth|
|poke|p1|Umbreon, F|
|poke|p1|Garchomp, F|
|poke|p1|Glimmora, M|
|poke|p1|Gholdengo|
|poke|p1|Dragonite, F|
|poke|p2|Samurott-Hisui, M|
|poke|p2|Great Tusk|
|poke|p2|Volcanion|
|poke|p2|Hydrapple, M|
|poke|p2|Gholdengo|
|poke|p2|Landorus-Therian, M|
|teampreview
|
|t:|1758247983
|teamsize|p1|6
|teamsize|p2|6
|start
|switch|p1a: Glimmora|Glimmora, M|100/100
|switch|p2a: Landorus|Landorus-Therian, M|100/100
|-ability|p2a: Landorus|Intimidate|boost
|-unboost|p1a: Glimmora|atk|1
|turn|1
|inactive|Battle timer is ON: inactive players will automatically lose when time's up. (requested by DarkCR7)
|
|t:|1758247990
|move|p2a: Landorus|Earthquake|p1a: Glimmora
|-supereffective|p1a: Glimmora
|-enditem|p1a: Glimmora|Focus Sash
|-damage|p1a: Glimmora|1/100
|-activate|p1a: Glimmora|ability: Toxic Debris
|-sidestart|p2: DarkCR7|move: Toxic Spikes
|move|p1a: Glimmora|Stealth Rock|p2a: Landorus
|-sidestart|p2: DarkCR7|move: Stealth Rock
|
|upkeep
|turn|2
|
|t:|1758248003
|move|p2a: Landorus|Earthquake|p1a: Glimmora
|-supereffective|p1a: Glimmora
|-damage|p1a: Glimmora|0 fnt
|-activate|p1a: Glimmora|ability: Toxic Debris
|-sidestart|p2: DarkCR7|move: Toxic Spikes
|faint|p1a: Glimmora
|
|upkeep
|
|t:|1758248007
|switch|p1a: Dragonite|Dragonite, F|100/100
|turn|3
|
|t:|1758248023
|switch|p2a: Gholdengo|Gholdengo|100/100
|-damage|p2a: Gholdengo|94/100|[from] Stealth Rock
|-item|p2a: Gholdengo|Air Balloon
|move|p1a: Dragonite|Dragon Dance|p1a: Dragonite
|-boost|p1a: Dragonite|atk|1
|-boost|p1a: Dragonite|spe|1
|
|upkeep
|turn|4
|
|t:|1758248036
|move|p1a: Dragonite|Ice Spinner|p2a: Gholdengo
|-resisted|p2a: Gholdengo
|-damage|p2a: Gholdengo|74/100
|-enditem|p2a: Gholdengo|Air Balloon
|move|p2a: Gholdengo|Shadow Ball|p1a: Dragonite
|-damage|p1a: Dragonite|79/100
|-unboost|p1a: Dragonite|spd|1
|
|upkeep
|turn|5
|
|t:|1758248046
|switch|p2a: Landorus|Landorus-Therian, M|100/100
|-damage|p2a: Landorus|88/100|[from] Stealth Rock
|-ability|p2a: Landorus|Intimidate|boost
|-unboost|p1a: Dragonite|atk|1
|move|p1a: Dragonite|Earthquake|p2a: Landorus
|-immune|p2a: Landorus
|
|upkeep
|turn|6
|
|t:|1758248054
|move|p2a: Landorus|Stone Edge|p1a: Dragonite|[miss]
|-miss|p2a: Landorus|p1a: Dragonite
|move|p1a: Dragonite|Ice Spinner|p2a: Landorus
|-supereffective|p2a: Landorus
|-damage|p2a: Landorus|0 fnt
|faint|p2a: Landorus
|
|upkeep
|
|t:|1758248067
|switch|p2a: Samurott|Samurott-Hisui, M, shiny|100/100
|-status|p2a: Samurott|tox
|-damage|p2a: Samurott|88/100 tox|[from] Stealth Rock
|turn|7
|
|t:|1758248074
|move|p2a: Samurott|Sucker Punch||[still]
|-fail|p2a: Samurott
|move|p1a: Dragonite|Dragon Dance|p1a: Dragonite
|-boost|p1a: Dragonite|atk|1
|-boost|p1a: Dragonite|spe|1
|
|-damage|p2a: Samurott|82/100 tox|[from] psn
|upkeep
|turn|8
|
|t:|1758248082
|move|p1a: Dragonite|Extreme Speed|p2a: Samurott
|-damage|p2a: Samurott|33/100 tox
|move|p2a: Samurott|Knock Off|p1a: Dragonite
|-damage|p1a: Dragonite|31/100
|-enditem|p1a: Dragonite|Heavy-Duty Boots|[from] move: Knock Off|[of] p2a: Samurott
|
|-damage|p2a: Samurott|21/100 tox|[from] psn
|upkeep
|turn|9
|
|t:|1758248095
|move|p1a: Dragonite|Extreme Speed|p2a: Samurott
|-damage|p2a: Samurott|0 fnt
|faint|p2a: Samurott
|
|upkeep
|
|t:|1758248104
|switch|p2a: Gholdengo|Gholdengo|74/100
|-damage|p2a: Gholdengo|68/100|[from] Stealth Rock
|turn|10
|
|t:|1758248109
|move|p1a: Dragonite|Earthquake|p2a: Gholdengo
|-supereffective|p2a: Gholdengo
|-damage|p2a: Gholdengo|0 fnt
|faint|p2a: Gholdengo
|
|upkeep
|
|t:|1758248115
|switch|p2a: Hydrapple|Hydrapple, M, shiny|100/100
|-status|p2a: Hydrapple|tox
|-damage|p2a: Hydrapple|88/100 tox|[from] Stealth Rock
|turn|11
|
|t:|1758248121
|-terastallize|p2a: Hydrapple|Steel
|move|p1a: Dragonite|Ice Spinner|p2a: Hydrapple
|-resisted|p2a: Hydrapple
|-damage|p2a: Hydrapple|76/100 tox
|-damage|p1a: Dragonite|15/100|[from] item: Rocky Helmet|[of] p2a: Hydrapple
|move|p2a: Hydrapple|Fickle Beam|p1a: Dragonite|[anim] Fickle Beam All Out
|-activate|p2a: Hydrapple|move: Fickle Beam
|-supereffective|p1a: Dragonite
|-damage|p1a: Dragonite|0 fnt
|faint|p1a: Dragonite
|
|-damage|p2a: Hydrapple|70/100 tox|[from] psn
|upkeep
|
|t:|1758248131
|switch|p1a: Garchomp|Garchomp, F|100/100
|turn|12
|
|t:|1758248137
|move|p1a: Garchomp|Earthquake|p2a: Hydrapple
|-supereffective|p2a: Hydrapple
|-damage|p2a: Hydrapple|10/100 tox
|move|p2a: Hydrapple|Fickle Beam|p1a: Garchomp
|-supereffective|p1a: Garchomp
|-damage|p1a: Garchomp|28/100
|
|-heal|p1a: Garchomp|34/100|[from] item: Leftovers
|-damage|p2a: Hydrapple|0 fnt|[from] psn
|faint|p2a: Hydrapple
|upkeep
|
|t:|1758248147
|switch|p2a: Great Tusk|Great Tusk|100/100
|turn|13
|
|t:|1758248153
|move|p1a: Garchomp|Scale Shot|p2a: Great Tusk
|-damage|p2a: Great Tusk|90/100
|-damage|p2a: Great Tusk|79/100
|-damage|p2a: Great Tusk|70/100
|-damage|p2a: Great Tusk|61/100
|-hitcount|p2a: Great Tusk|4
|-unboost|p1a: Garchomp|def|1
|-boost|p1a: Garchomp|spe|1
|move|p2a: Great Tusk|Rapid Spin|p1a: Garchomp
|-damage|p1a: Garchomp|7/100
|-boost|p2a: Great Tusk|spe|1
|-damage|p2a: Great Tusk|48/100|[from] ability: Rough Skin|[of] p1a: Garchomp
|-sideend|p2: DarkCR7|Toxic Spikes|[from] move: Rapid Spin|[of] p2a: Great Tusk
|-sideend|p2: DarkCR7|Stealth Rock|[from] move: Rapid Spin|[of] p2a: Great Tusk
|
|-heal|p1a: Garchomp|14/100|[from] item: Leftovers
|upkeep
|turn|14
|
|t:|1758248169
|move|p1a: Garchomp|Earthquake|p2a: Great Tusk
|-damage|p2a: Great Tusk|9/100
|move|p2a: Great Tusk|Stealth Rock|p1a: Garchomp
|-sidestart|p1: jakob poeltl fan|move: Stealth Rock
|
|-heal|p1a: Garchomp|20/100|[from] item: Leftovers
|upkeep
|turn|15
|
|t:|1758248177
|move|p1a: Garchomp|Earthquake|p2a: Great Tusk
|-damage|p2a: Great Tusk|0 fnt
|faint|p2a: Great Tusk
|-end|p2a: Great Tusk|Protosynthesis|[silent]
|
|-heal|p1a: Garchomp|26/100|[from] item: Leftovers
|upkeep
|
|t:|1758248183
|switch|p2a: Volcanion|Volcanion|100/100
|turn|16
|
|t:|1758248187
|move|p1a: Garchomp|Earthquake|p2a: Volcanion
|-supereffective|p2a: Volcanion
|-damage|p2a: Volcanion|19/100
|move|p2a: Volcanion|Sludge Bomb|p1a: Garchomp
|-resisted|p1a: Garchomp
|-damage|p1a: Garchomp|10/100
|
|-heal|p1a: Garchomp|16/100|[from] item: Leftovers
|upkeep
|turn|17
|c|☆DarkCR7|Fuck hacer only noobs win with hax and you are a noob
|n|‽DarkCR7|darkcr7
|c|~|/log DarkCR7 was locked from talking by Artemis. (☆DarkCR7: Fuck hacer only noobs win with hax and you are a noob)
|c|~|/raw <small>This action was done automatically. Want to learn more about the AI? <a href="https://www.smogon.com/forums/threads/3570628/#post-9056769">Visit the information thread</a>.</small>
|inactive|DarkCR7 has 120 seconds left.
|l|‽DarkCR7
|inactive|DarkCR7 disconnected and has a minute to reconnect!
|player|p2|
|inactive|DarkCR7 has 30 seconds to reconnect!
|inactive|DarkCR7 has 20 seconds to reconnect!
|inactive|DarkCR7 has 15 seconds to reconnect!
|inactive|DarkCR7 has 10 seconds to reconnect!
|inactive|DarkCR7 has 5 seconds to reconnect!
|-message|DarkCR7 lost due to inactivity.
|
|win|jakob poeltl fan
