|j|☆autistickid64
|j|☆cheater serise
|t:|1758233147
|gametype|singles
|player|p1|autistickid64|ethan-masters|1360
|player|p2|cheater serise|266|1392
|gen|9
|tier|[Gen 9] OU
|rated|
|rule|HP Percentage Mod: HP is shown in percentages
|rule|Endless Battle Clause: Forcing endless battles is banned
|rule|Species Clause: Limit one of each Pokémon
|rule|OHKO Clause: OHKO moves are banned
|rule|Evasion Items Clause: Evasion items are banned
|rule|Evasion Moves Clause: Evasion moves are banned
|rule|Evasion Abilities Clause: Evasion abilities are banned
|rule|Sleep Moves Clause: Sleep-inducing moves are banned
|clearpoke
|poke|p1|Ribombee, F|
|poke|p1|Iron Boulder|
|poke|p1|Iron Valiant|
|poke|p1|Tsareena, F|
|poke|p1|Cloyster, F|
|poke|p1|Kingambit, F|
|poke|p2|Amoonguss, F|
|poke|p2|Toxapex, M|
|poke|p2|Corviknight, F|
|poke|p2|Dondozo, F|
|poke|p2|Blissey, F|
|poke|p2|Gliscor, M|
|teampreview
|c|☆cheater serise|glhf
|c|☆autistickid64|glhf
|c|☆cheater serise|wait do i know you?
|c|☆cheater serise|astro league?
|c|☆autistickid64|do you?
|c|☆autistickid64|astro
|
|t:|1758233166
|teamsize|p1|6
|teamsize|p2|6
|start
|switch|p1a: Bee Vibes|Ribombee, F|100/100
|switch|p2a: BITE AND RELEASE|Gliscor, M|100/100
|turn|1
|c|☆autistickid64|not familiar
|c|☆cheater serise|gloom
|c|☆autistickid64|i do play draft
|c|☆cheater serise|on an alt
|c|☆autistickid64|gloom
|c|☆autistickid64|that sounds familar
|c|☆cheater serise|are u hardcorenerd?
|c|☆autistickid64|no
|c|☆cheater serise|oh
|c|☆cheater serise|alr
|c|☆autistickid64|whats your disc
|c|☆autistickid64|i know of a gloom
|
|t:|1758233253
|move|p2a: BITE AND RELEASE|Protect|p2a: BITE AND RELEASE
|-singleturn|p2a: BITE AND RELEASE|Protect
|move|p1a: Bee Vibes|Sticky Web|p2a: BITE AND RELEASE
|-sidestart|p2: cheater serise|move: Sticky Web
|
|-status|p2a: BITE AND RELEASE|tox|[from] item: Toxic Orb
|upkeep
|turn|2
|c|☆cheater serise|gloomstalker
|c|☆autistickid64|I DO KNOW U
|c|☆cheater serise|sup
|c|☆autistickid64|im Harry
|c|☆cheater serise|using an alt for a challenger for stallcord
|c|☆cheater serise|real quick
|c|☆autistickid64|on disc
|c|☆autistickid64|your good
|
|t:|1758233282
|move|p1a: Bee Vibes|Moonblast|p2a: BITE AND RELEASE
|-damage|p2a: BITE AND RELEASE|67/100 tox
|move|p2a: BITE AND RELEASE|Spikes|p1a: Bee Vibes
|-sidestart|p1: autistickid64|Spikes
|
|-heal|p2a: BITE AND RELEASE|79/100 tox|[from] ability: Poison Heal
|upkeep
|turn|3
|
|t:|1758233294
|switch|p1a: QueenShit|Tsareena, F|100/100
|-damage|p1a: QueenShit|88/100|[from] Spikes
|move|p2a: BITE AND RELEASE|Protect||[still]
|-fail|p2a: BITE AND RELEASE
|
|-heal|p2a: BITE AND RELEASE|92/100 tox|[from] ability: Poison Heal
|upkeep
|turn|4
|c|☆cheater serise|normally id be like 1600 warrior
|
|t:|1758233304
|switch|p2a: LIFE OF PIE|Amoonguss, F|100/100
|move|p1a: QueenShit|Rapid Spin|p2a: LIFE OF PIE
|-damage|p2a: LIFE OF PIE|89/100
|-boost|p1a: QueenShit|spe|1
|-sideend|p1: autistickid64|Spikes|[from] move: Rapid Spin|[of] p1a: QueenShit
|
|upkeep
|turn|5
|c|☆autistickid64|i dont rlly play ou often
|c|☆cheater serise|fair nough
|c|☆autistickid64|more of a UU person
|
|t:|1758233321
|move|p1a: QueenShit|Triple Axel|p2a: LIFE OF PIE
|-supereffective|p2a: LIFE OF PIE
|-damage|p2a: LIFE OF PIE|79/100
|-supereffective|p2a: LIFE OF PIE
|-damage|p2a: LIFE OF PIE|60/100
|-supereffective|p2a: LIFE OF PIE
|-damage|p2a: LIFE OF PIE|31/100
|-hitcount|p2a: LIFE OF PIE|3
|move|p2a: LIFE OF PIE|Toxic|p1a: QueenShit
|-status|p1a: QueenShit|tox
|
|-damage|p1a: QueenShit|82/100 tox|[from] psn
|upkeep
|turn|6
|
|t:|1758233337
|switch|p1a: I have no clue|Iron Valiant|100/100
|-enditem|p1a: I have no clue|Booster Energy
|-activate|p1a: I have no clue|ability: Quark Drive|[fromitem]
|-start|p1a: I have no clue|quarkdrivespe
|switch|p2a: MALIGNANT TUMORS|Toxapex, M|100/100
|
|upkeep
|turn|7
|
|t:|1758233348
|move|p1a: I have no clue|Thunderbolt|p2a: MALIGNANT TUMORS
|-supereffective|p2a: MALIGNANT TUMORS
|-damage|p2a: MALIGNANT TUMORS|66/100
|move|p2a: MALIGNANT TUMORS|Poison Jab|p1a: I have no clue
|-supereffective|p1a: I have no clue
|-crit|p1a: I have no clue
|-damage|p1a: I have no clue|24/100
|
|upkeep
|turn|8
|
|t:|1758233356
|switch|p2a: FIRST RESPONDER|Blissey, F|100/100
|-terastallize|p1a: I have no clue|Electric
|move|p1a: I have no clue|Thunderbolt|p2a: FIRST RESPONDER
|-damage|p2a: FIRST RESPONDER|86/100
|
|upkeep
|turn|9
|
|t:|1758233366
|-end|p1a: I have no clue|Quark Drive|[silent]
|switch|p1a: QueenShit|Tsareena, F|82/100 tox
|move|p2a: FIRST RESPONDER|Seismic Toss|p1a: QueenShit
|-damage|p1a: QueenShit|53/100 tox
|
|-damage|p1a: QueenShit|47/100 tox|[from] psn
|upkeep
|turn|10
|c|☆autistickid64|this my old ass ou team from like
|c|☆autistickid64|2023-24
|
|t:|1758233376
|switch|p2a: MALIGNANT TUMORS|Toxapex, M|99/100
|move|p1a: QueenShit|Power Whip|p2a: MALIGNANT TUMORS
|-damage|p2a: MALIGNANT TUMORS|51/100
|
|-damage|p1a: QueenShit|35/100 tox|[from] psn
|upkeep
|turn|11
|c|☆cheater serise|lmao
|
|t:|1758233384
|switch|p2a: LIFE OF PIE|Amoonguss, F|65/100
|move|p1a: QueenShit|Triple Axel|p2a: LIFE OF PIE
|-supereffective|p2a: LIFE OF PIE
|-damage|p2a: LIFE OF PIE|54/100
|-supereffective|p2a: LIFE OF PIE
|-damage|p2a: LIFE OF PIE|34/100
|-supereffective|p2a: LIFE OF PIE
|-damage|p2a: LIFE OF PIE|3/100
|-hitcount|p2a: LIFE OF PIE|3
|
|-damage|p1a: QueenShit|17/100 tox|[from] psn
|upkeep
|turn|12
|c|☆cheater serise|idk why i did that
|
|t:|1758233394
|switch|p2a: TRAITOR'S SON|Corviknight, F|100/100
|-ability|p2a: TRAITOR'S SON|Pressure
|move|p1a: QueenShit|Power Whip|p2a: TRAITOR'S SON
|-resisted|p2a: TRAITOR'S SON
|-damage|p2a: TRAITOR'S SON|90/100
|
|-damage|p1a: QueenShit|0 fnt|[from] psn
|faint|p1a: QueenShit
|upkeep
|c|☆cheater serise|pointless read
|
|t:|1758233400
|switch|p1a: I have no clue|Iron Valiant, tera:Electric|24/100
|turn|13
|
|t:|1758233411
|switch|p2a: FIRST RESPONDER|Blissey, F|86/100
|move|p1a: I have no clue|Thunderbolt|p2a: FIRST RESPONDER
|-damage|p2a: FIRST RESPONDER|72/100
|
|upkeep
|turn|14
|
|t:|1758233418
|-end|p1a: I have no clue|Quark Drive|[silent]
|switch|p1a: Kingambit|Kingambit, F|100/100
|-activate|p1a: Kingambit|ability: Supreme Overlord
|-start|p1a: Kingambit|fallen1|[silent]
|move|p2a: FIRST RESPONDER|Seismic Toss|p1a: Kingambit
|-damage|p1a: Kingambit|76/100
|
|upkeep
|turn|15
|
|t:|1758233426
|switch|p2a: TRAITOR'S SON|Corviknight, F|90/100
|-ability|p2a: TRAITOR'S SON|Pressure
|move|p1a: Kingambit|Kowtow Cleave|p2a: TRAITOR'S SON
|-damage|p2a: TRAITOR'S SON|45/100
|
|upkeep
|turn|16
|
|t:|1758233436
|move|p2a: TRAITOR'S SON|Roost|p2a: TRAITOR'S SON
|-heal|p2a: TRAITOR'S SON|95/100
|-singleturn|p2a: TRAITOR'S SON|move: Roost
|move|p1a: Kingambit|Kowtow Cleave|p2a: TRAITOR'S SON
|-damage|p2a: TRAITOR'S SON|51/100
|
|upkeep
|turn|17
|c|☆cheater serise|this is the goat corv
|
|t:|1758233442
|-end|p1a: Kingambit|fallen1|[silent]
|switch|p1a: What is a SONIC|Iron Boulder|100/100
|-enditem|p1a: What is a SONIC|Booster Energy
|-activate|p1a: What is a SONIC|ability: Quark Drive|[fromitem]
|-start|p1a: What is a SONIC|quarkdrivespe
|move|p2a: TRAITOR'S SON|Iron Defense|p2a: TRAITOR'S SON
|-boost|p2a: TRAITOR'S SON|def|2
|
|upkeep
|turn|18
|c|☆autistickid64|corv bothers me bro
|c|☆autistickid64|:sob:
|c|☆cheater serise|its fast af
|
|t:|1758233452
|move|p1a: What is a SONIC|Swords Dance|p1a: What is a SONIC
|-boost|p1a: What is a SONIC|atk|2
|move|p2a: TRAITOR'S SON|Roost|p2a: TRAITOR'S SON
|-heal|p2a: TRAITOR'S SON|100/100
|-singleturn|p2a: TRAITOR'S SON|move: Roost
|
|upkeep
|turn|19
|
|t:|1758233456
|move|p1a: What is a SONIC|Swords Dance|p1a: What is a SONIC
|-boost|p1a: What is a SONIC|atk|2
|move|p2a: TRAITOR'S SON|Iron Defense|p2a: TRAITOR'S SON
|-boost|p2a: TRAITOR'S SON|def|2
|
|upkeep
|turn|20
|
|t:|1758233460
|move|p1a: What is a SONIC|Swords Dance|p1a: What is a SONIC
|-boost|p1a: What is a SONIC|atk|2
|move|p2a: TRAITOR'S SON|Iron Defense|p2a: TRAITOR'S SON
|-boost|p2a: TRAITOR'S SON|def|2
|
|upkeep
|turn|21
|c|☆cheater serise|ts guy 1v1s gambit
|
|t:|1758233465
|move|p1a: What is a SONIC|Sacred Sword|p2a: TRAITOR'S SON
|-damage|p2a: TRAITOR'S SON|14/100
|move|p2a: TRAITOR'S SON|Body Press|p1a: What is a SONIC
|-damage|p1a: What is a SONIC|0 fnt
|faint|p1a: What is a SONIC
|-end|p1a: What is a SONIC|Quark Drive|[silent]
|
|upkeep
|
|t:|1758233479
|switch|p1a: Bee Vibes|Ribombee, F|100/100
|turn|22
|c|☆cheater serise|unfortunately it looks like that wont be happening
|
|t:|1758233483
|move|p1a: Bee Vibes|Moonblast|p2a: TRAITOR'S SON
|-resisted|p2a: TRAITOR'S SON
|-damage|p2a: TRAITOR'S SON|0 fnt
|faint|p2a: TRAITOR'S SON
|
|upkeep
|
|t:|1758233486
|switch|p2a: LIFE OF PIE|Amoonguss, F|36/100
|turn|23
|c|☆autistickid64|rip corv
|
|t:|1758233490
|switch|p2a: MALIGNANT TUMORS|Toxapex, M|85/100
|move|p1a: Bee Vibes|Psychic|p2a: MALIGNANT TUMORS
|-supereffective|p2a: MALIGNANT TUMORS
|-damage|p2a: MALIGNANT TUMORS|50/100
|
|upkeep
|turn|24
|
|t:|1758233500
|switch|p1a: Kingambit|Kingambit, F|76/100
|-activate|p1a: Kingambit|ability: Supreme Overlord
|-start|p1a: Kingambit|fallen2|[silent]
|switch|p2a: FIRST RESPONDER|Blissey, F|72/100
|
|upkeep
|turn|25
|c|☆cheater serise|rip corv o7
|
|t:|1758233511
|switch|p2a: THE ICON|Dondozo, F|100/100
|move|p1a: Kingambit|Kowtow Cleave|p2a: THE ICON
|-damage|p2a: THE ICON|69/100
|
|upkeep
|turn|26
|
|t:|1758233519
|-end|p1a: Kingambit|fallen2|[silent]
|switch|p1a: I have no clue|Iron Valiant, tera:Electric|24/100
|move|p2a: THE ICON|Curse|p2a: THE ICON
|-unboost|p2a: THE ICON|spe|1
|-boost|p2a: THE ICON|atk|1
|-boost|p2a: THE ICON|def|1
|
|upkeep
|turn|27
|
|t:|1758233524
|switch|p2a: LIFE OF PIE|Amoonguss, F|70/100
|move|p1a: I have no clue|Thunderbolt|p2a: LIFE OF PIE
|-resisted|p2a: LIFE OF PIE
|-damage|p2a: LIFE OF PIE|48/100
|
|upkeep
|turn|28
|
|t:|1758233529
|switch|p2a: FIRST RESPONDER|Blissey, F|72/100
|move|p1a: I have no clue|Shadow Ball|p2a: FIRST RESPONDER
|-immune|p2a: FIRST RESPONDER
|
|upkeep
|turn|29
|
|t:|1758233534
|move|p1a: I have no clue|Moonblast|p2a: FIRST RESPONDER
|-damage|p2a: FIRST RESPONDER|59/100
|-unboost|p2a: FIRST RESPONDER|spa|1
|move|p2a: FIRST RESPONDER|Seismic Toss|p1a: I have no clue
|-damage|p1a: I have no clue|0 fnt
|faint|p1a: I have no clue
|-end|p1a: I have no clue|Quark Drive|[silent]
|
|upkeep
|c|☆cheater serise|he died doing what he loved
|
|t:|1758233548
|switch|p1a: Bee Vibes|Ribombee, F|100/100
|turn|30
|c|☆cheater serise|not walling physical attackers and instead pressing body press
|
|t:|1758233554
|switch|p1a: Kingambit|Kingambit, F|76/100
|-activate|p1a: Kingambit|ability: Supreme Overlord
|-start|p1a: Kingambit|fallen3|[silent]
|move|p2a: FIRST RESPONDER|Stealth Rock|p1a: Kingambit
|-sidestart|p1: autistickid64|move: Stealth Rock
|
|upkeep
|turn|31
|
|t:|1758233561
|switch|p2a: THE ICON|Dondozo, F|69/100
|move|p1a: Kingambit|Kowtow Cleave|p2a: THE ICON
|-damage|p2a: THE ICON|34/100
|
|upkeep
|turn|32
|c|☆cheater serise|is this fucking glasses
|
|t:|1758233569
|move|p1a: Kingambit|Kowtow Cleave|p2a: THE ICON
|-damage|p2a: THE ICON|1/100
|move|p2a: THE ICON|Rest|p2a: THE ICON
|-status|p2a: THE ICON|slp|[from] move: Rest
|-heal|p2a: THE ICON|100/100 slp|[silent]
|
|upkeep
|turn|33
|c|☆autistickid64|potentially
|
|t:|1758233577
|move|p1a: Kingambit|Kowtow Cleave|p2a: THE ICON
|-damage|p2a: THE ICON|68/100 slp
|cant|p2a: THE ICON|slp
|move|p2a: THE ICON|Sleep Talk|p2a: THE ICON
|move|p2a: THE ICON|Waterfall|p1a: Kingambit|[from] move: Sleep Talk
|-damage|p1a: Kingambit|54/100
|
|upkeep
|turn|34
|c|☆cheater serise|bruh
|
|t:|1758233581
|move|p1a: Kingambit|Kowtow Cleave|p2a: THE ICON
|-damage|p2a: THE ICON|31/100 slp
|cant|p2a: THE ICON|slp
|move|p2a: THE ICON|Sleep Talk|p2a: THE ICON
|move|p2a: THE ICON|Curse|p2a: THE ICON|[from] move: Sleep Talk
|-unboost|p2a: THE ICON|spe|1
|-boost|p2a: THE ICON|atk|1
|-boost|p2a: THE ICON|def|1
|
|upkeep
|turn|35
|
|t:|1758233586
|move|p1a: Kingambit|Kowtow Cleave|p2a: THE ICON
|-damage|p2a: THE ICON|8/100 slp
|-curestatus|p2a: THE ICON|slp|[msg]
|move|p2a: THE ICON|Rest|p2a: THE ICON
|-status|p2a: THE ICON|slp|[from] move: Rest
|-heal|p2a: THE ICON|100/100 slp|[silent]
|
|upkeep
|turn|36
|c|☆cheater serise|plot armor in action
|
|t:|1758233594
|-end|p1a: Kingambit|fallen3|[silent]
|switch|p1a: Bee Vibes|Ribombee, F|100/100
|-damage|p1a: Bee Vibes|76/100|[from] Stealth Rock
|cant|p2a: THE ICON|slp
|move|p2a: THE ICON|Sleep Talk|p2a: THE ICON
|move|p2a: THE ICON|Rest||[from] move: Sleep Talk|[still]
|-fail|p2a: THE ICON
|
|upkeep
|turn|37
|c|☆autistickid64|this finna be my death
|
|t:|1758233605
|move|p1a: Bee Vibes|Moonblast|p2a: THE ICON
|-damage|p2a: THE ICON|63/100 slp
|cant|p2a: THE ICON|slp
|move|p2a: THE ICON|Sleep Talk|p2a: THE ICON
|move|p2a: THE ICON|Rest||[from] move: Sleep Talk|[still]
|-fail|p2a: THE ICON
|
|upkeep
|turn|38
|
|t:|1758233610
|move|p1a: Bee Vibes|Bug Buzz|p2a: THE ICON
|-damage|p2a: THE ICON|25/100 slp
|-unboost|p2a: THE ICON|spd|1
|-curestatus|p2a: THE ICON|slp|[msg]
|move|p2a: THE ICON|Rest|p2a: THE ICON
|-status|p2a: THE ICON|slp|[from] move: Rest
|-heal|p2a: THE ICON|100/100 slp|[silent]
|
|upkeep
|turn|39
|
|t:|1758233619
|switch|p2a: FIRST RESPONDER|Blissey, F|59/100
|move|p1a: Bee Vibes|Bug Buzz|p2a: FIRST RESPONDER
|-crit|p2a: FIRST RESPONDER
|-damage|p2a: FIRST RESPONDER|41/100
|
|upkeep
|turn|40
|
|t:|1758233624
|move|p1a: Bee Vibes|Moonblast|p2a: FIRST RESPONDER
|-damage|p2a: FIRST RESPONDER|28/100
|-unboost|p2a: FIRST RESPONDER|spa|1
|move|p2a: FIRST RESPONDER|Seismic Toss|p1a: Bee Vibes
|-damage|p1a: Bee Vibes|37/100
|
|upkeep
|turn|41
|
|t:|1758233627
|move|p1a: Bee Vibes|Moonblast|p2a: FIRST RESPONDER
|-crit|p2a: FIRST RESPONDER
|-damage|p2a: FIRST RESPONDER|9/100
|move|p2a: FIRST RESPONDER|Soft-Boiled|p2a: FIRST RESPONDER
|-heal|p2a: FIRST RESPONDER|59/100
|
|upkeep
|turn|42
|
|t:|1758233631
|move|p1a: Bee Vibes|Bug Buzz|p2a: FIRST RESPONDER
|-damage|p2a: FIRST RESPONDER|48/100
|move|p2a: FIRST RESPONDER|Seismic Toss|p1a: Bee Vibes
|-damage|p1a: Bee Vibes|0 fnt
|faint|p1a: Bee Vibes
|
|upkeep
|
|t:|1758233633
|switch|p1a: Censored|Cloyster, F, shiny|100/100
|-damage|p1a: Censored|76/100|[from] Stealth Rock
|turn|43
|
|t:|1758233637
|move|p1a: Censored|Shell Smash|p1a: Censored
|-unboost|p1a: Censored|def|1
|-unboost|p1a: Censored|spd|1
|-boost|p1a: Censored|atk|2
|-boost|p1a: Censored|spa|2
|-boost|p1a: Censored|spe|2
|move|p2a: FIRST RESPONDER|Seismic Toss|p1a: Censored
|-damage|p1a: Censored|34/100
|
|upkeep
|turn|44
|
|t:|1758233643
|move|p1a: Censored|Rock Blast|p2a: FIRST RESPONDER
|-damage|p2a: FIRST RESPONDER|32/100
|-damage|p2a: FIRST RESPONDER|15/100
|-damage|p2a: FIRST RESPONDER|0 fnt
|faint|p2a: FIRST RESPONDER
|-hitcount|p2: FIRST RESPONDER|3
|
|upkeep
|
|t:|1758233646
|switch|p2a: THE ICON|Dondozo, F|100/100 slp
|turn|45
|
|t:|1758233651
|move|p1a: Censored|Rock Blast|p2a: THE ICON
|-damage|p2a: THE ICON|97/100 slp
|-damage|p2a: THE ICON|93/100 slp
|-damage|p2a: THE ICON|89/100 slp
|-damage|p2a: THE ICON|86/100 slp
|-damage|p2a: THE ICON|82/100 slp
|-hitcount|p2a: THE ICON|5
|cant|p2a: THE ICON|slp
|move|p2a: THE ICON|Sleep Talk|p2a: THE ICON
|move|p2a: THE ICON|Waterfall|p1a: Censored|[from] move: Sleep Talk
|-resisted|p1a: Censored
|-damage|p1a: Censored|23/100
|
|upkeep
|turn|46
|c|☆autistickid64|well
|c|☆autistickid64|this sucks
|c|☆cheater serise|need to curse up
|c|☆autistickid64|this is ggs
|c|☆cheater serise|or i lose
|
|t:|1758233661
|move|p1a: Censored|Rock Blast|p2a: THE ICON
|-damage|p2a: THE ICON|79/100 slp
|-damage|p2a: THE ICON|75/100 slp
|-damage|p2a: THE ICON|71/100 slp
|-damage|p2a: THE ICON|68/100 slp
|-damage|p2a: THE ICON|64/100 slp
|-hitcount|p2a: THE ICON|5
|cant|p2a: THE ICON|slp
|move|p2a: THE ICON|Sleep Talk|p2a: THE ICON
|move|p2a: THE ICON|Rest||[from] move: Sleep Talk|[still]
|-fail|p2a: THE ICON
|
|upkeep
|turn|47
|c|☆cheater serise|gg
|
|t:|1758233666
|move|p1a: Censored|Rock Blast|p2a: THE ICON
|-crit|p2a: THE ICON
|-damage|p2a: THE ICON|58/100 slp
|-damage|p2a: THE ICON|54/100 slp
|-damage|p2a: THE ICON|51/100 slp
|-damage|p2a: THE ICON|48/100 slp
|-damage|p2a: THE ICON|44/100 slp
|-hitcount|p2a: THE ICON|5
|-curestatus|p2a: THE ICON|slp|[msg]
|move|p2a: THE ICON|Curse|p2a: THE ICON
|-unboost|p2a: THE ICON|spe|1
|-boost|p2a: THE ICON|atk|1
|-boost|p2a: THE ICON|def|1
|
|upkeep
|turn|48
|c|☆autistickid64|i need to updaye this team lmao
|
|t:|1758233678
|move|p1a: Censored|Rock Blast|p2a: THE ICON|[miss]
|-miss|p1a: Censored|p2a: THE ICON
|move|p2a: THE ICON|Rest|p2a: THE ICON
|-status|p2a: THE ICON|slp|[from] move: Rest
|-heal|p2a: THE ICON|100/100 slp|[silent]
|
|upkeep
|turn|49
|c|☆cheater serise|ngl
|c|☆cheater serise|glasses gambit
|c|☆cheater serise|when corv is dead
|c|☆cheater serise|is a loss if i dont pull curse
|
|t:|1758233695
|move|p1a: Censored|Drill Run|p2a: THE ICON
|-damage|p2a: THE ICON|93/100 slp
|cant|p2a: THE ICON|slp
|move|p2a: THE ICON|Sleep Talk|p2a: THE ICON
|move|p2a: THE ICON|Rest||[from] move: Sleep Talk|[still]
|-fail|p2a: THE ICON
|
|upkeep
|turn|50
|c|☆autistickid64|yeah thats why i ran it i believe
|
|t:|1758233703
|move|p1a: Censored|Drill Run|p2a: THE ICON
|-damage|p2a: THE ICON|86/100 slp
|cant|p2a: THE ICON|slp
|move|p2a: THE ICON|Sleep Talk|p2a: THE ICON
|move|p2a: THE ICON|Waterfall|p1a: Censored|[from] move: Sleep Talk
|-resisted|p1a: Censored
|-damage|p1a: Censored|5/100
|
|upkeep
|turn|51
|c|☆cheater serise|fortunately im the main character
|
|t:|1758233709
|move|p1a: Censored|Shell Smash|p1a: Censored
|-unboost|p1a: Censored|def|1
|-unboost|p1a: Censored|spd|1
|-boost|p1a: Censored|atk|2
|-boost|p1a: Censored|spa|2
|-boost|p1a: Censored|spe|2
|-curestatus|p2a: THE ICON|slp|[msg]
|move|p2a: THE ICON|Curse|p2a: THE ICON
|-unboost|p2a: THE ICON|spe|1
|-boost|p2a: THE ICON|atk|1
|-boost|p2a: THE ICON|def|1
|
|upkeep
|turn|52
|
|t:|1758233712
|move|p1a: Censored|Shell Smash|p1a: Censored
|-unboost|p1a: Censored|def|1
|-unboost|p1a: Censored|spd|1
|-boost|p1a: Censored|atk|2
|-boost|p1a: Censored|spa|2
|-boost|p1a: Censored|spe|2
|move|p2a: THE ICON|Curse|p2a: THE ICON
|-unboost|p2a: THE ICON|spe|1
|-boost|p2a: THE ICON|atk|1
|-boost|p2a: THE ICON|def|1
|
|upkeep
|turn|53
|
|t:|1758233715
|move|p1a: Censored|Drill Run|p2a: THE ICON
|-damage|p2a: THE ICON|81/100
|move|p2a: THE ICON|Curse|p2a: THE ICON
|-unboost|p2a: THE ICON|spe|1
|-boost|p2a: THE ICON|atk|1
|-boost|p2a: THE ICON|def|1
|
|upkeep
|turn|54
|
|t:|1758233717
|move|p1a: Censored|Drill Run|p2a: THE ICON
|-damage|p2a: THE ICON|78/100
|move|p2a: THE ICON|Curse|p2a: THE ICON
|-unboost|p2a: THE ICON|spe|1
|-boost|p2a: THE ICON|atk|1
|-boost|p2a: THE ICON|def|1
|
|upkeep
|turn|55
|
|t:|1758233719
|move|p1a: Censored|Drill Run|p2a: THE ICON
|-damage|p2a: THE ICON|75/100
|move|p2a: THE ICON|Curse|p2a: THE ICON
|-unboost|p2a: THE ICON|spe|1
|-boost|p2a: THE ICON|atk|1
|-boost|p2a: THE ICON|def|1
|
|upkeep
|turn|56
|
|t:|1758233721
|move|p1a: Censored|Drill Run|p2a: THE ICON
|-damage|p2a: THE ICON|72/100
|move|p2a: THE ICON|Waterfall|p1a: Censored
|-resisted|p1a: Censored
|-damage|p1a: Censored|0 fnt
|faint|p1a: Censored
|
|upkeep
|
|t:|1758233725
|switch|p1a: Kingambit|Kingambit, F|54/100
|-damage|p1a: Kingambit|48/100|[from] Stealth Rock
|-activate|p1a: Kingambit|ability: Supreme Overlord
|-start|p1a: Kingambit|fallen5|[silent]
|turn|57
|c|☆autistickid64|hmm
|c|☆cheater serise|finna sweep ur ass
|c|☆autistickid64|what do i clickhere
|c|☆autistickid64|tough decision
|c|☆cheater serise|ihead
|
|t:|1758233738
|move|p1a: Kingambit|Sucker Punch|p2a: THE ICON
|-damage|p2a: THE ICON|63/100
|move|p2a: THE ICON|Waterfall|p1a: Kingambit
|-damage|p1a: Kingambit|0 fnt
|faint|p1a: Kingambit
|-end|p1a: Kingambit|fallen5|[silent]
|
|win|cheater serise
|raw|autistickid64's rating: 1360 &rarr; <strong>1342</strong><br />(-18 for losing)
|raw|cheater serise's rating: 1392 &rarr; <strong>1410</strong><br />(+18 for winning)
|c|☆cheater serise|ggwp
|c|☆autistickid64|ggwp
|c|☆cheater serise|o7
|c|☆autistickid64|nice to see u man
