|j|☆aanszo
|j|☆sauronikov
|t:|1758348678
|gametype|singles
|player|p1|aanszo|youngcouple|1308
|player|p2|sauronikov|101|1325
|gen|9
|tier|[Gen 9] OU
|rated|
|rule|HP Percentage Mod: HP is shown in percentages
|rule|Endless Battle Clause: Forcing endless battles is banned
|rule|Species Clause: Limit one of each Pokémon
|rule|OHKO Clause: OHKO moves are banned
|rule|Evasion Items Clause: Evasion items are banned
|rule|Evasion Moves Clause: Evasion moves are banned
|rule|Evasion Abilities Clause: Evasion abilities are banned
|rule|Sleep Moves Clause: Sleep-inducing moves are banned
|clearpoke
|poke|p1|Pelipper, F|
|poke|p1|Hatterene, F|
|poke|p1|Iron Treads|
|poke|p1|Toxicroak, F|
|poke|p1|Barraskewda, F|
|poke|p1|Zapdos|
|poke|p2|Grimmsnarl, M|
|poke|p2|Rhyperior, M|
|poke|p2|Revavroom, F|
|poke|p2|Entei|
|poke|p2|Raikou|
|poke|p2|Iron Boulder|
|teampreview
|c|☆sauronikov|deja vu
|
|t:|1758348715
|teamsize|p1|6
|teamsize|p2|6
|start
|switch|p1a: Pelipper|Pelipper, F|100/100
|switch|p2a: Grimmsnarl|Grimmsnarl, M, shiny|100/100
|-weather|RainDance|[from] ability: Drizzle|[of] p1a: Pelipper
|turn|1
|
|t:|1758348729
|move|p2a: Grimmsnarl|Light Screen|p2a: Grimmsnarl
|-sidestart|p2: sauronikov|move: Light Screen
|move|p1a: Pelipper|U-turn|p2a: Grimmsnarl
|-damage|p2a: Grimmsnarl|92/100
|
|t:|1758348744
|switch|p1a: Toxicroak|Toxicroak, F|100/100|[from] U-turn
|
|-weather|RainDance|[upkeep]
|upkeep
|turn|2
|
|t:|1758348755
|move|p2a: Grimmsnarl|Reflect|p2a: Grimmsnarl
|-sidestart|p2: sauronikov|Reflect
|move|p1a: Toxicroak|Encore|p2a: Grimmsnarl
|-start|p2a: Grimmsnarl|Encore
|
|-weather|RainDance|[upkeep]
|upkeep
|turn|3
|
|t:|1758348765
|switch|p2a: Rhyperior|Rhyperior, M, shiny|100/100
|move|p1a: Toxicroak|Toxic|p2a: Rhyperior
|-status|p2a: Rhyperior|tox
|
|-weather|RainDance|[upkeep]
|-damage|p2a: Rhyperior|94/100 tox|[from] psn
|upkeep
|turn|4
|
|t:|1758348777
|switch|p1a: Zapdos|Zapdos|100/100
|move|p2a: Rhyperior|Rock Polish|p2a: Rhyperior
|-boost|p2a: Rhyperior|spe|2
|
|-weather|RainDance|[upkeep]
|-damage|p2a: Rhyperior|82/100 tox|[from] psn
|upkeep
|turn|5
|
|t:|1758348792
|-terastallize|p2a: Rhyperior|Grass
|move|p2a: Rhyperior|Ice Punch|p1a: Zapdos
|-supereffective|p1a: Zapdos
|-damage|p1a: Zapdos|37/100
|move|p1a: Zapdos|Weather Ball|p2a: Rhyperior
|-resisted|p2a: Rhyperior
|-damage|p2a: Rhyperior|56/100 tox
|
|-weather|RainDance|[upkeep]
|-damage|p2a: Rhyperior|37/100 tox|[from] psn
|upkeep
|turn|6
|
|t:|1758348810
|switch|p1a: Hatterene|Hatterene, F|100/100
|move|p2a: Rhyperior|Ice Punch|p1a: Hatterene
|-damage|p1a: Hatterene|77/100
|-enditem|p1a: Hatterene|Eject Button
|
|t:|1758348821
|switch|p1a: Barraskewda|Barraskewda, F|100/100
|
|-weather|RainDance|[upkeep]
|-damage|p2a: Rhyperior|13/100 tox|[from] psn
|upkeep
|turn|7
|
|t:|1758348832
|-terastallize|p1a: Barraskewda|Water
|move|p1a: Barraskewda|Liquidation|p2a: Rhyperior
|-resisted|p2a: Rhyperior
|-damage|p2a: Rhyperior|0 fnt
|faint|p2a: Rhyperior
|
|-weather|RainDance|[upkeep]
|upkeep
|
|t:|1758348838
|switch|p2a: Raikou|Raikou, shiny|100/100
|turn|8
|
|t:|1758348849
|switch|p1a: Iron Treads|Iron Treads|100/100
|move|p2a: Raikou|Thunderbolt|p1a: Iron Treads
|-immune|p1a: Iron Treads
|
|-weather|none
|-sideend|p2: sauronikov|move: Light Screen
|upkeep
|turn|9
|
|t:|1758348861
|move|p2a: Raikou|Agility|p2a: Raikou
|-boost|p2a: Raikou|spe|2
|move|p1a: Iron Treads|Stealth Rock|p2a: Raikou
|-sidestart|p2: sauronikov|move: Stealth Rock
|
|-sideend|p2: sauronikov|Reflect
|upkeep
|turn|10
|inactive|Battle timer is ON: inactive players will automatically lose when time's up. (requested by aanszo)
|
|t:|1758348870
|move|p2a: Raikou|Agility|p2a: Raikou
|-boost|p2a: Raikou|spe|2
|move|p1a: Iron Treads|Earthquake|p2a: Raikou
|-supereffective|p2a: Raikou
|-damage|p2a: Raikou|11/100
|-enditem|p2a: Raikou|Weakness Policy
|-boost|p2a: Raikou|atk|2|[from] item: Weakness Policy
|-boost|p2a: Raikou|spa|2|[from] item: Weakness Policy
|
|upkeep
|turn|11
|
|t:|1758348879
|move|p2a: Raikou|Scald|p1a: Iron Treads
|-supereffective|p1a: Iron Treads
|-damage|p1a: Iron Treads|11/100
|move|p1a: Iron Treads|Earthquake|p2a: Raikou
|-supereffective|p2a: Raikou
|-damage|p2a: Raikou|0 fnt
|faint|p2a: Raikou
|
|-heal|p1a: Iron Treads|17/100|[from] item: Leftovers
|upkeep
|
|t:|1758348885
|switch|p2a: Grimmsnarl|Grimmsnarl, M, shiny|92/100
|-damage|p2a: Grimmsnarl|79/100|[from] Stealth Rock
|turn|12
|c|☆aanszo|diabolical
|
|t:|1758348895
|move|p2a: Grimmsnarl|Reflect|p2a: Grimmsnarl
|-sidestart|p2: sauronikov|Reflect
|move|p1a: Iron Treads|Volt Switch|p2a: Grimmsnarl
|-damage|p2a: Grimmsnarl|70/100
|c|☆sauronikov|more shocked how that lived a +2 scald
|
|t:|1758348904
|-end|p1a: Iron Treads|Quark Drive|[silent]
|switch|p1a: Pelipper|Pelipper, F|100/100|[from] Volt Switch
|-weather|RainDance|[from] ability: Drizzle|[of] p1a: Pelipper
|
|-weather|RainDance|[upkeep]
|upkeep
|turn|13
|c|☆sauronikov|its sp attk aint low
|
|t:|1758348916
|move|p2a: Grimmsnarl|Light Screen|p2a: Grimmsnarl
|-sidestart|p2: sauronikov|move: Light Screen
|move|p1a: Pelipper|Hurricane|p2a: Grimmsnarl
|-damage|p2a: Grimmsnarl|52/100
|-start|p2a: Grimmsnarl|confusion
|
|-weather|RainDance|[upkeep]
|upkeep
|turn|14
|
|t:|1758348927
|-activate|p2a: Grimmsnarl|confusion
|move|p2a: Grimmsnarl|Parting Shot|p1a: Pelipper
|-unboost|p1a: Pelipper|atk|1
|-unboost|p1a: Pelipper|spa|1
|
|t:|1758348930
|switch|p2a: Revavroom|Revavroom, F, shiny|100/100|[from] Parting Shot
|-damage|p2a: Revavroom|94/100|[from] Stealth Rock
|move|p1a: Pelipper|U-turn|p2a: Revavroom
|-resisted|p2a: Revavroom
|-damage|p2a: Revavroom|94/100
|
|t:|1758348938
|switch|p1a: Iron Treads|Iron Treads|17/100|[from] U-turn
|
|-weather|RainDance|[upkeep]
|-heal|p1a: Iron Treads|23/100|[from] item: Leftovers
|upkeep
|turn|15
|
|t:|1758348943
|move|p1a: Iron Treads|Earthquake|p2a: Revavroom
|-supereffective|p2a: Revavroom
|-damage|p2a: Revavroom|18/100
|-enditem|p2a: Revavroom|Weakness Policy
|-boost|p2a: Revavroom|atk|2|[from] item: Weakness Policy
|-boost|p2a: Revavroom|spa|2|[from] item: Weakness Policy
|move|p2a: Revavroom|High Horsepower|p1a: Iron Treads
|-supereffective|p1a: Iron Treads
|-damage|p1a: Iron Treads|0 fnt
|faint|p1a: Iron Treads
|-end|p1a: Iron Treads|Quark Drive|[silent]
|
|-weather|RainDance|[upkeep]
|upkeep
|
|t:|1758348955
|switch|p1a: Barraskewda|Barraskewda, F, tera:Water|100/100
|turn|16
|c|☆aanszo|you aure love weakness
|
|t:|1758348968
|move|p1a: Barraskewda|Flip Turn|p2a: Revavroom
|-damage|p2a: Revavroom|0 fnt
|faint|p2a: Revavroom
|
|t:|1758348976
|switch|p1a: Zapdos|Zapdos|37/100|[from] Flip Turn
|
|-weather|RainDance|[upkeep]
|upkeep
|c|☆sauronikov|i never beat water teams and if i do,  the opponent probably sucks
|
|t:|1758348994
|switch|p2a: Iron Boulder|Iron Boulder|100/100
|-damage|p2a: Iron Boulder|88/100|[from] Stealth Rock
|turn|17
|
|t:|1758349002
|move|p1a: Zapdos|Weather Ball|p2a: Iron Boulder
|-supereffective|p2a: Iron Boulder
|-damage|p2a: Iron Boulder|24/100
|-enditem|p2a: Iron Boulder|Weakness Policy
|-boost|p2a: Iron Boulder|atk|2|[from] item: Weakness Policy
|-boost|p2a: Iron Boulder|spa|2|[from] item: Weakness Policy
|move|p2a: Iron Boulder|Mighty Cleave|p1a: Zapdos
|-supereffective|p1a: Zapdos
|-damage|p1a: Zapdos|0 fnt
|faint|p1a: Zapdos
|
|-weather|RainDance|[upkeep]
|upkeep
|c|☆aanszo|bro LOL
|-message|sauronikov forfeited.
|
|win|aanszo
|raw|aanszo's rating: 1308 &rarr; <strong>1329</strong><br />(+21 for winning)
|raw|sauronikov's rating: 1325 &rarr; <strong>1304</strong><br />(-21 for losing)
|l|☆sauronikov
|player|p2|
|c|☆aanszo|why on earth
|l|☆aanszo
|player|p1|
