|j|☆Drinnian
|j|☆promise69
|t:|1758365421
|gametype|singles
|player|p1|Drinnian|zinnia|1154
|player|p2|promise69|266|1128
|gen|9
|tier|[Gen 9] OU
|rated|
|rule|HP Percentage Mod: HP is shown in percentages
|rule|Endless Battle Clause: Forcing endless battles is banned
|rule|Species Clause: Limit one of each Pokémon
|rule|OHKO Clause: OHKO moves are banned
|rule|Evasion Items Clause: Evasion items are banned
|rule|Evasion Moves Clause: Evasion moves are banned
|rule|Evasion Abilities Clause: Evasion abilities are banned
|rule|Sleep Moves Clause: Sleep-inducing moves are banned
|clearpoke
|poke|p1|Lilligant-Hisui, F|
|poke|p1|Torkoal, F|
|poke|p1|Heatran, M|
|poke|p1|Iron Crown|
|poke|p1|Ninetales, M|
|poke|p1|Walking Wake|
|poke|p2|Iron Crown|
|poke|p2|Samurott-Hisui, F|
|poke|p2|Pecharunt|
|poke|p2|Great Tusk|
|poke|p2|Landorus-Therian, M|
|poke|p2|Mimikyu, M|
|teampreview
|
|t:|1758365432
|teamsize|p1|6
|teamsize|p2|6
|start
|switch|p1a: Smokehouse|Torkoal, F|100/100
|switch|p2a: Landorus|Landorus-Therian, M|100/100
|-ability|p2a: Landorus|Intimidate|boost
|-unboost|p1a: Smokehouse|atk|1
|-weather|SunnyDay|[from] ability: Drought|[of] p1a: Smokehouse
|turn|1
|
|t:|1758365441
|move|p2a: Landorus|Stealth Rock|p1a: Smokehouse
|-sidestart|p1: Drinnian|move: Stealth Rock
|move|p1a: Smokehouse|Stealth Rock|p2a: Landorus
|-sidestart|p2: promise69|move: Stealth Rock
|
|-weather|SunnyDay|[upkeep]
|upkeep
|turn|2
|
|t:|1758365449
|move|p2a: Landorus|Earthquake|p1a: Smokehouse
|-supereffective|p1a: Smokehouse
|-damage|p1a: Smokehouse|42/100
|move|p1a: Smokehouse|Lava Plume|p2a: Landorus
|-damage|p2a: Landorus|59/100
|
|-weather|SunnyDay|[upkeep]
|upkeep
|turn|3
|
|t:|1758365460
|move|p2a: Landorus|Earthquake|p1a: Smokehouse
|-supereffective|p1a: Smokehouse
|-damage|p1a: Smokehouse|0 fnt
|faint|p1a: Smokehouse
|
|-weather|SunnyDay|[upkeep]
|upkeep
|
|t:|1758365470
|switch|p1a: Sage|Lilligant-Hisui, F, shiny|100/100
|-damage|p1a: Sage|94/100|[from] Stealth Rock
|turn|4
|
|t:|1758365487
|switch|p2a: Pecharunt|Pecharunt|100/100
|-damage|p2a: Pecharunt|88/100|[from] Stealth Rock
|move|p1a: Sage|Solar Blade||[still]
|-prepare|p1a: Sage|Solar Blade
|-anim|p1a: Sage|Solar Blade|p2a: Pecharunt
|-resisted|p2a: Pecharunt
|-damage|p2a: Pecharunt|63/100
|-damage|p1a: Sage|84/100|[from] item: Life Orb
|
|-weather|SunnyDay|[upkeep]
|-heal|p2a: Pecharunt|69/100|[from] item: Black Sludge
|upkeep
|turn|5
|inactive|Battle timer is ON: inactive players will automatically lose when time's up. (requested by promise69)
|
|t:|1758365563
|-terastallize|p1a: Sage|Ghost
|move|p1a: Sage|Tera Blast|p2a: Pecharunt|[anim] Tera Blast Ghost
|-supereffective|p2a: Pecharunt
|-damage|p2a: Pecharunt|7/100
|-damage|p1a: Sage|75/100|[from] item: Life Orb
|move|p2a: Pecharunt|Malignant Chain|p1a: Sage
|-resisted|p1a: Sage
|-damage|p1a: Sage|49/100
|
|-weather|SunnyDay|[upkeep]
|-heal|p2a: Pecharunt|13/100|[from] item: Black Sludge
|upkeep
|turn|6
|
|t:|1758365577
|switch|p2a: Samurott|Samurott-Hisui, F|100/100
|-damage|p2a: Samurott|88/100|[from] Stealth Rock
|move|p1a: Sage|Solar Blade||[still]
|-prepare|p1a: Sage|Solar Blade
|-anim|p1a: Sage|Solar Blade|p2a: Samurott
|-supereffective|p2a: Samurott
|-damage|p2a: Samurott|0 fnt
|faint|p2a: Samurott
|-damage|p1a: Sage|39/100|[from] item: Life Orb
|
|-weather|SunnyDay|[upkeep]
|upkeep
|
|t:|1758365590
|switch|p2a: Landorus|Landorus-Therian, M|59/100
|-damage|p2a: Landorus|47/100|[from] Stealth Rock
|-ability|p2a: Landorus|Intimidate|boost
|-unboost|p1a: Sage|atk|1
|turn|7
|
|t:|1758365600
|move|p1a: Sage|Triple Axel|p2a: Landorus
|-supereffective|p2a: Landorus
|-damage|p2a: Landorus|30/100
|-damage|p1a: Sage|23/100|[from] item: Rocky Helmet|[of] p2a: Landorus
|-supereffective|p2a: Landorus
|-damage|p2a: Landorus|0 fnt
|-damage|p1a: Sage|6/100|[from] item: Rocky Helmet|[of] p2a: Landorus
|faint|p2a: Landorus
|-hitcount|p2: Landorus|2
|-damage|p1a: Sage|0 fnt|[from] item: Life Orb
|faint|p1a: Sage
|
|-weather|SunnyDay|[upkeep]
|upkeep
|
|t:|1758365620
|switch|p1a: Walk-In Wake|Walking Wake|100/100
|switch|p2a: Great Tusk|Great Tusk|100/100
|-damage|p1a: Walk-In Wake|88/100|[from] Stealth Rock
|-activate|p1a: Walk-In Wake|ability: Protosynthesis
|-start|p1a: Walk-In Wake|protosynthesisspe
|-activate|p2a: Great Tusk|ability: Protosynthesis
|-start|p2a: Great Tusk|protosynthesisatk
|turn|8
|
|t:|1758365634
|move|p1a: Walk-In Wake|Hydro Steam|p2a: Great Tusk
|-supereffective|p2a: Great Tusk
|-damage|p2a: Great Tusk|0 fnt
|faint|p2a: Great Tusk
|-end|p2a: Great Tusk|Protosynthesis|[silent]
|
|-weather|none
|-end|p1a: Walk-In Wake|Protosynthesis
|upkeep
|-message|promise69 forfeited.
|
|win|Drinnian
|raw|Drinnian's rating: 1154 &rarr; <strong>1177</strong><br />(+23 for winning)
|raw|promise69's rating: 1128 &rarr; <strong>1105</strong><br />(-23 for losing)
|l|☆promise69
|player|p2|
