|j|☆TsekaiAndIncognito
|j|☆wsnid
|t:|1758285324
|gametype|singles
|player|p1|TsekaiAndIncognito|102|1363
|player|p2|wsnid|volkner|1378
|gen|9
|tier|[Gen 9] OU
|rated|
|rule|HP Percentage Mod: HP is shown in percentages
|rule|Endless Battle Clause: Forcing endless battles is banned
|rule|Species Clause: Limit one of each Pokémon
|rule|OHKO Clause: OHKO moves are banned
|rule|Evasion Items Clause: Evasion items are banned
|rule|Evasion Moves Clause: Evasion moves are banned
|rule|Evasion Abilities Clause: Evasion abilities are banned
|rule|Sleep Moves Clause: Sleep-inducing moves are banned
|clearpoke
|poke|p1|Kingambit, F|
|poke|p1|Zoroark-Hisui, M|
|poke|p1|Iron Hands|
|poke|p1|Cinderace, M|
|poke|p1|Magnezone|
|poke|p1|Medicham, M|
|poke|p2|Pelipper, F|
|poke|p2|Greninja-*, M|
|poke|p2|Iron Treads|
|poke|p2|Azumarill, M|
|poke|p2|Zapdos|
|poke|p2|Barraskewda, F|
|teampreview
|inactive|Battle timer is ON: inactive players will automatically lose when time's up. (requested by TsekaiAndIncognito)
|inactive|wsnid also wants the timer to be on.
|
|t:|1758285331
|teamsize|p1|6
|teamsize|p2|6
|start
|switch|p1a: Iron Hands|Iron Hands|100/100
|switch|p2a: Iron Treads|Iron Treads|100/100
|-enditem|p2a: Iron Treads|Booster Energy
|-activate|p2a: Iron Treads|ability: Quark Drive|[fromitem]
|-start|p2a: Iron Treads|quarkdrivespe
|turn|1
|
|t:|1758285338
|move|p2a: Iron Treads|Earthquake|p1a: Iron Hands
|-supereffective|p1a: Iron Hands
|-damage|p1a: Iron Hands|43/100
|move|p1a: Iron Hands|Close Combat|p2a: Iron Treads
|-supereffective|p2a: Iron Treads
|-damage|p2a: Iron Treads|0 fnt
|-unboost|p1a: Iron Hands|def|1
|-unboost|p1a: Iron Hands|spd|1
|faint|p2a: Iron Treads
|-end|p2a: Iron Treads|Quark Drive|[silent]
|-enditem|p1a: Iron Hands|White Herb
|-clearnegativeboost|p1a: Iron Hands|[silent]
|
|upkeep
|
|t:|1758285350
|switch|p2a: Barraskewda|Barraskewda, F|100/100
|turn|2
|
|t:|1758285355
|move|p2a: Barraskewda|Flip Turn|p1a: Iron Hands
|-damage|p1a: Iron Hands|13/100
|
|t:|1758285359
|switch|p2a: Zapdos|Zapdos|100/100|[from] Flip Turn
|move|p1a: Iron Hands|Close Combat|p2a: Zapdos
|-resisted|p2a: Zapdos
|-damage|p2a: Zapdos|56/100
|-unboost|p1a: Iron Hands|def|1
|-unboost|p1a: Iron Hands|spd|1
|-damage|p1a: Iron Hands|0 fnt|[from] item: Rocky Helmet|[of] p2a: Zapdos
|faint|p1a: Iron Hands
|-end|p1a: Iron Hands|Quark Drive|[silent]
|
|upkeep
|
|t:|1758285368
|switch|p1a: Magnezone|Magnezone|100/100
|turn|3
|c|☆wsnid|？
|c|☆wsnid|这力度
|
|t:|1758285379
|-terastallize|p1a: Magnezone|Electric
|move|p2a: Zapdos|U-turn|p1a: Magnezone
|-damage|p1a: Magnezone|86/100
|
|t:|1758285396
|switch|p2a: Azumarill|Azumarill, M|100/100|[from] U-turn
|move|p1a: Magnezone|Thunderbolt|p2a: Azumarill
|-supereffective|p2a: Azumarill
|-damage|p2a: Azumarill|0 fnt
|faint|p2a: Azumarill
|
|upkeep
|
|t:|1758285402
|switch|p2a: Pelipper|Pelipper, F|100/100
|-weather|RainDance|[from] ability: Drizzle|[of] p2a: Pelipper
|turn|4
|c|☆TsekaiAndIncognito|这是最强的
|inactive|TsekaiAndIncognito has 120 seconds left.
|
|t:|1758285433
|move|p1a: Magnezone|Thunderbolt|p2a: Pelipper
|-supereffective|p2a: Pelipper
|-crit|p2a: Pelipper
|-damage|p2a: Pelipper|0 fnt
|faint|p2a: Pelipper
|
|-weather|RainDance|[upkeep]
|upkeep
|c|☆wsnid|6
|
|t:|1758285444
|switch|p2a: Barraskewda|Barraskewda, F|100/100
|turn|5
|inactive|TsekaiAndIncognito has 120 seconds left.
|
|t:|1758285463
|move|p2a: Barraskewda|Liquidation|p1a: Magnezone
|-damage|p1a: Magnezone|0 fnt
|faint|p1a: Magnezone
|
|-weather|RainDance|[upkeep]
|upkeep
|
|t:|1758285467
|switch|p1a: Kingambit|Kingambit, F|100/100
|-activate|p1a: Kingambit|ability: Supreme Overlord
|-start|p1a: Kingambit|fallen2|[silent]
|turn|6
|
|t:|1758285472
|switch|p2a: Zapdos|Zapdos|56/100
|move|p1a: Kingambit|Kowtow Cleave|p2a: Zapdos
|-damage|p2a: Zapdos|0 fnt
|-damage|p1a: Kingambit|84/100|[from] item: Rocky Helmet|[of] p2a: Zapdos
|faint|p2a: Zapdos
|
|-weather|RainDance|[upkeep]
|upkeep
|
|t:|1758285475
|switch|p2a: Greninja|Greninja, M|100/100
|turn|7
|
|t:|1758285478
|-end|p1a: Kingambit|fallen2|[silent]
|switch|p1a: Cinderace|Cinderace, M|100/100
|move|p2a: Greninja|Surf|p1a: Cinderace
|-supereffective|p1a: Cinderace
|-damage|p1a: Cinderace|0 fnt
|faint|p1a: Cinderace
|-ability|p2a: Greninja|Battle Bond|boost
|-boost|p2a: Greninja|atk|1
|-boost|p2a: Greninja|spa|1
|-boost|p2a: Greninja|spe|1
|-activate|p2a: Greninja|ability: Battle Bond
|-damage|p2a: Greninja|91/100|[from] item: Life Orb
|
|-weather|RainDance|[upkeep]
|upkeep
|
|t:|1758285484
|switch|p1a: Medicham|Medicham, M|100/100
|turn|8
|
|t:|1758285489
|-terastallize|p2a: Greninja|Ghost
|move|p2a: Greninja|Surf|p1a: Medicham
|-enditem|p1a: Medicham|Focus Sash
|-damage|p1a: Medicham|1/100
|replace|p1a: Zoroark|Zoroark-Hisui, M
|-end|p1a: Zoroark|Illusion
|-damage|p2a: Greninja|81/100|[from] item: Life Orb
|move|p1a: Zoroark|Hyper Voice|p2a: Greninja
|-immune|p2a: Greninja
|
|-weather|RainDance|[upkeep]
|upkeep
|turn|9
|
|t:|1758285496
|move|p2a: Greninja|Water Shuriken|p1a: Zoroark
|-crit|p1a: Zoroark
|-damage|p1a: Zoroark|0 fnt
|faint|p1a: Zoroark
|-hitcount|p1: Zoroark|1
|-damage|p2a: Greninja|71/100|[from] item: Life Orb
|
|-weather|RainDance|[upkeep]
|upkeep
|
|t:|1758285500
|switch|p1a: Medicham|Medicham, M|100/100
|turn|10
|
|t:|1758285504
|move|p2a: Greninja|Surf|p1a: Medicham
|-damage|p1a: Medicham|0 fnt
|faint|p1a: Medicham
|-damage|p2a: Greninja|61/100|[from] item: Life Orb
|
|-weather|RainDance|[upkeep]
|upkeep
|
|t:|1758285507
|switch|p1a: Kingambit|Kingambit, F|84/100
|-activate|p1a: Kingambit|ability: Supreme Overlord
|-start|p1a: Kingambit|fallen5|[silent]
|turn|11
|
|t:|1758285511
|move|p2a: Greninja|Water Shuriken|p1a: Kingambit
|-damage|p1a: Kingambit|64/100
|-crit|p1a: Kingambit
|-damage|p1a: Kingambit|36/100
|-damage|p1a: Kingambit|16/100
|-hitcount|p1a: Kingambit|3
|-damage|p2a: Greninja|51/100|[from] item: Life Orb
|move|p1a: Kingambit|Kowtow Cleave|p2a: Greninja
|-supereffective|p2a: Greninja
|-damage|p2a: Greninja|0 fnt
|faint|p2a: Greninja
|
|-weather|none
|upkeep
|
|t:|1758285514
|switch|p2a: Barraskewda|Barraskewda, F|100/100
|turn|12
|inactive|TsekaiAndIncognito has 120 seconds left.
|l|☆TsekaiAndIncognito
|inactive|TsekaiAndIncognito disconnected and has a minute to reconnect!
|player|p1|
|c|☆wsnid|快点啊
|inactive|TsekaiAndIncognito has 30 seconds to reconnect!
|c|☆wsnid|结束了
|inactive|TsekaiAndIncognito has 20 seconds to reconnect!
|inactive|TsekaiAndIncognito has 15 seconds to reconnect!
|c|☆wsnid|水盆
|inactive|TsekaiAndIncognito has 10 seconds to reconnect!
|inactive|TsekaiAndIncognito has 5 seconds to reconnect!
|-message|TsekaiAndIncognito lost due to inactivity.
|
|win|wsnid
|raw|TsekaiAndIncognito's rating: 1363 &rarr; <strong>1344</strong><br />(-19 for losing)
|raw|wsnid's rating: 1378 &rarr; <strong>1397</strong><br />(+19 for winning)
|l|☆wsnid
|player|p2|
