|j|☆Firo丶Ennis
|j|☆MyFingersStink
|t:|1758273343
|gametype|singles
|player|p1|Firo丶Ennis|266|1115
|player|p2|MyFingersStink|doubleteam|1169
|gen|9
|tier|[Gen 9] OU
|rated|
|rule|HP Percentage Mod: HP is shown in percentages
|rule|Endless Battle Clause: Forcing endless battles is banned
|rule|Species Clause: Limit one of each Pokémon
|rule|OHKO Clause: OHKO moves are banned
|rule|Evasion Items Clause: Evasion items are banned
|rule|Evasion Moves Clause: Evasion moves are banned
|rule|Evasion Abilities Clause: Evasion abilities are banned
|rule|Sleep Moves Clause: Sleep-inducing moves are banned
|clearpoke
|poke|p1|Glimmora, F|
|poke|p1|Dragonite, F|
|poke|p1|Deoxys-Speed|
|poke|p1|Araquanid, M|
|poke|p1|Scizor, F|
|poke|p1|Iron Moth|
|poke|p2|Torkoal, M|
|poke|p2|Great Tusk|
|poke|p2|Raging Bolt|
|poke|p2|Walking Wake|
|poke|p2|Cinderace, M|
|poke|p2|Rillaboom, F|
|teampreview
|inactive|Battle timer is ON: inactive players will automatically lose when time's up. (requested by MyFingersStink)
|
|t:|1758273350
|teamsize|p1|6
|teamsize|p2|6
|start
|switch|p1a: Araquanid|Araquanid, M|100/100
|switch|p2a: Puff Puff Pass|Torkoal, M, shiny|100/100
|-weather|SunnyDay|[from] ability: Drought|[of] p2a: Puff Puff Pass
|turn|1
|
|t:|1758273363
|switch|p1a: Glimmora|Glimmora, F|100/100
|move|p2a: Puff Puff Pass|Lava Plume|p1a: Glimmora
|-resisted|p1a: Glimmora
|-damage|p1a: Glimmora|70/100
|
|-weather|SunnyDay|[upkeep]
|-heal|p1a: Glimmora|77/100|[from] item: Leftovers
|upkeep
|turn|2
|
|t:|1758273369
|move|p1a: Glimmora|Stealth Rock|p2a: Puff Puff Pass
|-sidestart|p2: MyFingersStink|move: Stealth Rock
|move|p2a: Puff Puff Pass|Earth Power|p1a: Glimmora
|-supereffective|p1a: Glimmora
|-damage|p1a: Glimmora|0 fnt
|faint|p1a: Glimmora
|
|-weather|SunnyDay|[upkeep]
|upkeep
|
|t:|1758273385
|switch|p1a: Dragonite|Dragonite, F|100/100
|turn|3
|
|t:|1758273391
|move|p1a: Dragonite|Dragon Dance|p1a: Dragonite
|-boost|p1a: Dragonite|atk|1
|-boost|p1a: Dragonite|spe|1
|move|p2a: Puff Puff Pass|Rapid Spin|p1a: Dragonite
|-damage|p1a: Dragonite|97/100
|-boost|p2a: Puff Puff Pass|spe|1
|-sideend|p2: MyFingersStink|Stealth Rock|[from] move: Rapid Spin|[of] p2a: Puff Puff Pass
|
|-weather|SunnyDay|[upkeep]
|upkeep
|turn|4
|
|t:|1758273401
|move|p1a: Dragonite|Dragon Dance|p1a: Dragonite
|-boost|p1a: Dragonite|atk|1
|-boost|p1a: Dragonite|spe|1
|move|p2a: Puff Puff Pass|Clear Smog|p1a: Dragonite
|-crit|p1a: Dragonite
|-damage|p1a: Dragonite|78/100
|-clearboost|p1a: Dragonite
|
|-weather|SunnyDay|[upkeep]
|upkeep
|turn|5
|
|t:|1758273409
|move|p1a: Dragonite|Earthquake|p2a: Puff Puff Pass
|-supereffective|p2a: Puff Puff Pass
|-damage|p2a: Puff Puff Pass|44/100
|move|p2a: Puff Puff Pass|Lava Plume|p1a: Dragonite
|-resisted|p1a: Dragonite
|-damage|p1a: Dragonite|55/100
|
|-weather|SunnyDay|[upkeep]
|upkeep
|turn|6
|
|t:|1758273417
|switch|p2a: Beyblade|Great Tusk, shiny|100/100
|-activate|p2a: Beyblade|ability: Protosynthesis
|-start|p2a: Beyblade|protosynthesisatk
|move|p1a: Dragonite|Earthquake|p2a: Beyblade
|-damage|p2a: Beyblade|70/100
|
|-weather|SunnyDay|[upkeep]
|upkeep
|turn|7
|
|t:|1758273429
|move|p2a: Beyblade|Rapid Spin|p1a: Dragonite
|-damage|p1a: Dragonite|32/100
|-boost|p2a: Beyblade|spe|1
|move|p1a: Dragonite|Dragon Dance|p1a: Dragonite
|-boost|p1a: Dragonite|atk|1
|-boost|p1a: Dragonite|spe|1
|
|-weather|SunnyDay|[upkeep]
|upkeep
|turn|8
|
|t:|1758273440
|move|p1a: Dragonite|Extreme Speed|p2a: Beyblade
|-damage|p2a: Beyblade|36/100
|move|p2a: Beyblade|Ice Spinner|p1a: Dragonite
|-supereffective|p1a: Dragonite
|-damage|p1a: Dragonite|0 fnt
|faint|p1a: Dragonite
|
|-weather|none
|-end|p2a: Beyblade|Protosynthesis
|upkeep
|-enditem|p2a: Beyblade|Booster Energy
|-activate|p2a: Beyblade|ability: Protosynthesis|[fromitem]
|-start|p2a: Beyblade|protosynthesisspe
|
|t:|1758273446
|switch|p1a: Deoxys|Deoxys-Speed|100/100
|-ability|p1a: Deoxys|Pressure
|turn|9
|
|t:|1758273451
|move|p2a: Beyblade|Headlong Rush|p1a: Deoxys
|-crit|p1a: Deoxys
|-damage|p1a: Deoxys|0 fnt
|-unboost|p2a: Beyblade|def|1
|-unboost|p2a: Beyblade|spd|1
|faint|p1a: Deoxys
|
|upkeep
|
|t:|1758273460
|switch|p1a: Araquanid|Araquanid, M|100/100
|turn|10
|
|t:|1758273464
|move|p2a: Beyblade|Headlong Rush|p1a: Araquanid
|-resisted|p1a: Araquanid
|-damage|p1a: Araquanid|67/100
|-unboost|p2a: Beyblade|def|1
|-unboost|p2a: Beyblade|spd|1
|move|p1a: Araquanid|Liquidation|p2a: Beyblade
|-supereffective|p2a: Beyblade
|-damage|p2a: Beyblade|0 fnt
|faint|p2a: Beyblade
|-end|p2a: Beyblade|Protosynthesis|[silent]
|-damage|p1a: Araquanid|57/100|[from] item: Life Orb
|
|upkeep
|
|t:|1758273469
|switch|p2a: Puff Puff Pass|Torkoal, M, shiny|44/100
|-weather|SunnyDay|[from] ability: Drought|[of] p2a: Puff Puff Pass
|turn|11
|
|t:|1758273478
|-terastallize|p1a: Araquanid|Water
|move|p1a: Araquanid|Liquidation|p2a: Puff Puff Pass
|-supereffective|p2a: Puff Puff Pass
|-damage|p2a: Puff Puff Pass|0 fnt
|faint|p2a: Puff Puff Pass
|-damage|p1a: Araquanid|47/100|[from] item: Life Orb
|
|-weather|SunnyDay|[upkeep]
|upkeep
|
|t:|1758273482
|switch|p2a: DK|Rillaboom, F, shiny|100/100
|-fieldstart|move: Grassy Terrain|[from] ability: Grassy Surge|[of] p2a: DK
|turn|12
|
|t:|1758273489
|switch|p1a: Iron Moth|Iron Moth|100/100
|-enditem|p1a: Iron Moth|Booster Energy
|-activate|p1a: Iron Moth|ability: Quark Drive|[fromitem]
|-start|p1a: Iron Moth|quarkdrivespa
|move|p2a: DK|Drum Beating|p1a: Iron Moth
|-resisted|p1a: Iron Moth
|-damage|p1a: Iron Moth|77/100
|-unboost|p1a: Iron Moth|spe|1
|
|-weather|SunnyDay|[upkeep]
|-heal|p1a: Iron Moth|83/100|[from] Grassy Terrain
|upkeep
|turn|13
|
|t:|1758273497
|move|p2a: DK|Drum Beating|p1a: Iron Moth
|-resisted|p1a: Iron Moth
|-damage|p1a: Iron Moth|62/100
|-unboost|p1a: Iron Moth|spe|1
|move|p1a: Iron Moth|Fire Blast|p2a: DK
|-supereffective|p2a: DK
|-enditem|p2a: DK|Focus Sash
|-damage|p2a: DK|1/100
|
|-weather|SunnyDay|[upkeep]
|-heal|p2a: DK|7/100|[from] Grassy Terrain
|-heal|p1a: Iron Moth|68/100|[from] Grassy Terrain
|upkeep
|turn|14
|
|t:|1758273506
|move|p2a: DK|Drum Beating|p1a: Iron Moth
|-resisted|p1a: Iron Moth
|-damage|p1a: Iron Moth|45/100
|-unboost|p1a: Iron Moth|spe|1
|move|p1a: Iron Moth|U-turn|p2a: DK
|-supereffective|p2a: DK
|-damage|p2a: DK|0 fnt
|faint|p2a: DK
|
|t:|1758273514
|-end|p1a: Iron Moth|Quark Drive|[silent]
|switch|p1a: Scizor|Scizor, F|100/100|[from] U-turn
|
|-weather|SunnyDay|[upkeep]
|upkeep
|
|t:|1758273516
|switch|p2a: Ronaldo|Cinderace, M, shiny|100/100
|turn|15
|
|t:|1758273522
|move|p2a: Ronaldo|Will-O-Wisp|p1a: Scizor|[miss]
|-miss|p2a: Ronaldo|p1a: Scizor
|move|p1a: Scizor|Swords Dance|p1a: Scizor
|-boost|p1a: Scizor|atk|2
|
|-weather|SunnyDay|[upkeep]
|upkeep
|turn|16
|
|t:|1758273533
|move|p1a: Scizor|Bullet Punch|p2a: Ronaldo
|-resisted|p2a: Ronaldo
|-damage|p2a: Ronaldo|54/100
|move|p2a: Ronaldo|Will-O-Wisp|p1a: Scizor
|-status|p1a: Scizor|brn
|
|-weather|SunnyDay|[upkeep]
|-heal|p2a: Ronaldo|60/100|[from] Grassy Terrain
|-damage|p1a: Scizor|94/100 brn|[from] brn
|-fieldend|move: Grassy Terrain
|upkeep
|turn|17
|
|t:|1758273538
|move|p2a: Ronaldo|Pyro Ball|p1a: Scizor
|-supereffective|p1a: Scizor
|-damage|p1a: Scizor|0 fnt
|faint|p1a: Scizor
|
|-weather|SunnyDay|[upkeep]
|upkeep
|
|t:|1758273541
|switch|p1a: Araquanid|Araquanid, M, tera:Water|47/100
|turn|18
|
|t:|1758273544
|move|p2a: Ronaldo|Will-O-Wisp|p1a: Araquanid
|-immune|p1a: Araquanid|[from] ability: Water Bubble
|move|p1a: Araquanid|Liquidation|p2a: Ronaldo
|-supereffective|p2a: Ronaldo
|-damage|p2a: Ronaldo|0 fnt
|faint|p2a: Ronaldo
|-damage|p1a: Araquanid|37/100|[from] item: Life Orb
|
|-weather|none
|upkeep
|
|t:|1758273548
|switch|p2a: Jurassic 1|Raging Bolt|100/100
|turn|19
|
|t:|1758273556
|move|p2a: Jurassic 1|Thunderbolt|p1a: Araquanid
|-supereffective|p1a: Araquanid
|-damage|p1a: Araquanid|0 fnt
|faint|p1a: Araquanid
|
|upkeep
|
|t:|1758273559
|switch|p1a: Iron Moth|Iron Moth|45/100
|turn|20
|
|t:|1758273563
|move|p1a: Iron Moth|Sludge Wave|p2a: Jurassic 1
|-damage|p2a: Jurassic 1|71/100
|-status|p2a: Jurassic 1|psn
|move|p2a: Jurassic 1|Thunderbolt|p1a: Iron Moth
|-damage|p1a: Iron Moth|0 fnt
|faint|p1a: Iron Moth
|-end|p1a: Iron Moth|Quark Drive|[silent]
|
|win|MyFingersStink
|raw|Firo丶Ennis's rating: 1115 &rarr; <strong>1094</strong><br />(-21 for losing)
|raw|MyFingersStink's rating: 1169 &rarr; <strong>1190</strong><br />(+21 for winning)
