|j|☆zachimations
|j|☆EM3RLD
|t:|1758261937
|gametype|singles
|player|p1|zachimations|sordward|1492
|player|p2|EM3RLD|101|1617
|gen|9
|tier|[Gen 9] OU
|rated|
|rule|HP Percentage Mod: HP is shown in percentages
|rule|Endless Battle Clause: Forcing endless battles is banned
|rule|Species Clause: Limit one of each Pokémon
|rule|OHKO Clause: OHKO moves are banned
|rule|Evasion Items Clause: Evasion items are banned
|rule|Evasion Moves Clause: Evasion moves are banned
|rule|Evasion Abilities Clause: Evasion abilities are banned
|rule|Sleep Moves Clause: Sleep-inducing moves are banned
|clearpoke
|poke|p1|Iron Treads|
|poke|p1|Kingambit, M|
|poke|p1|Dragonite, M|
|poke|p1|Great Tusk|
|poke|p1|Primarina, M|
|poke|p1|Latias, F|
|poke|p2|Ninetales-Alola, F|
|poke|p2|Kingambit, M|
|poke|p2|Iron Moth|
|poke|p2|Azumarill, M|
|poke|p2|Great Tusk|
|poke|p2|Latias, F|
|teampreview
|inactive|Battle timer is ON: inactive players will automatically lose when time's up. (requested by zachimations)
|
|t:|1758261976
|teamsize|p1|6
|teamsize|p2|6
|start
|switch|p1a: Iron Bumhole|Iron Treads|100/100
|switch|p2a: Azumarill|Azumarill, M|100/100
|-enditem|p1a: Iron Bumhole|Booster Energy
|-activate|p1a: Iron Bumhole|ability: Quark Drive|[fromitem]
|-start|p1a: Iron Bumhole|quarkdrivespe
|turn|1
|
|t:|1758261990
|move|p1a: Iron Bumhole|Stealth Rock|p2a: Azumarill
|-sidestart|p2: EM3RLD|move: Stealth Rock
|move|p2a: Azumarill|Belly Drum|p2a: Azumarill
|-damage|p2a: Azumarill|50/100
|-setboost|p2a: Azumarill|atk|6|[from] move: Belly Drum
|-enditem|p2a: Azumarill|Sitrus Berry|[eat]
|-heal|p2a: Azumarill|75/100|[from] item: Sitrus Berry
|
|upkeep
|turn|2
|
|t:|1758262007
|move|p2a: Azumarill|Aqua Jet|p1a: Iron Bumhole
|-supereffective|p1a: Iron Bumhole
|-damage|p1a: Iron Bumhole|0 fnt
|faint|p1a: Iron Bumhole
|-end|p1a: Iron Bumhole|Quark Drive|[silent]
|
|upkeep
|inactive|zachimations has 120 seconds left.
|inactive|zachimations has 90 seconds left.
|inactive|zachimations has 60 seconds left.
|
|t:|1758262111
|switch|p1a: DONT TAP THE GLASS|Primarina, M|100/100
|turn|3
|
|t:|1758262124
|move|p1a: DONT TAP THE GLASS|Moonblast|p2a: Azumarill
|-damage|p2a: Azumarill|8/100
|move|p2a: Azumarill|Play Rough|p1a: DONT TAP THE GLASS|[miss]
|-miss|p2a: Azumarill|p1a: DONT TAP THE GLASS
|
|upkeep
|turn|4
|
|t:|1758262135
|move|p2a: Azumarill|Aqua Jet|p1a: DONT TAP THE GLASS
|-resisted|p1a: DONT TAP THE GLASS
|-damage|p1a: DONT TAP THE GLASS|35/100
|move|p1a: DONT TAP THE GLASS|Moonblast|p2a: Azumarill
|-damage|p2a: Azumarill|0 fnt
|faint|p2a: Azumarill
|
|upkeep
|
|t:|1758262161
|switch|p2a: Great Tusk|Great Tusk|100/100
|-damage|p2a: Great Tusk|98/100|[from] Stealth Rock
|-enditem|p2a: Great Tusk|Booster Energy
|-activate|p2a: Great Tusk|ability: Protosynthesis|[fromitem]
|-start|p2a: Great Tusk|protosynthesisspe
|turn|5
|
|t:|1758262177
|move|p2a: Great Tusk|Earthquake|p1a: DONT TAP THE GLASS
|-damage|p1a: DONT TAP THE GLASS|0 fnt
|faint|p1a: DONT TAP THE GLASS
|
|upkeep
|
|t:|1758262183
|switch|p1a: Dillon Latham|Latias, F|100/100
|turn|6
|
|t:|1758262189
|move|p2a: Great Tusk|Bulk Up|p2a: Great Tusk
|-boost|p2a: Great Tusk|atk|1
|-boost|p2a: Great Tusk|def|1
|move|p1a: Dillon Latham|Agility|p1a: Dillon Latham
|-boost|p1a: Dillon Latham|spe|2
|
|upkeep
|turn|7
|inactive|zachimations has 60 seconds left.
|
|t:|1758262216
|move|p1a: Dillon Latham|Calm Mind|p1a: Dillon Latham
|-boost|p1a: Dillon Latham|spa|1
|-boost|p1a: Dillon Latham|spd|1
|move|p2a: Great Tusk|Rapid Spin|p1a: Dillon Latham
|-damage|p1a: Dillon Latham|84/100
|-boost|p2a: Great Tusk|spe|1
|-sideend|p2: EM3RLD|Stealth Rock|[from] move: Rapid Spin|[of] p2a: Great Tusk
|
|upkeep
|turn|8
|inactive|zachimations has 30 seconds left.
|inactive|zachimations has 20 seconds left.
|inactive|zachimations has 15 seconds left.
|inactive|zachimations has 10 seconds left.
|inactiveoff|Battle timer is now OFF.
|
|t:|1758262263
|move|p2a: Great Tusk|Ice Spinner|p1a: Dillon Latham
|-supereffective|p1a: Dillon Latham
|-damage|p1a: Dillon Latham|28/100
|-enditem|p1a: Dillon Latham|Weakness Policy
|-boost|p1a: Dillon Latham|atk|2|[from] item: Weakness Policy
|-boost|p1a: Dillon Latham|spa|2|[from] item: Weakness Policy
|move|p1a: Dillon Latham|Agility|p1a: Dillon Latham
|-boost|p1a: Dillon Latham|spe|2
|
|upkeep
|turn|9
|
|t:|1758262279
|move|p1a: Dillon Latham|Stored Power|p2a: Great Tusk
|-supereffective|p2a: Great Tusk
|-damage|p2a: Great Tusk|0 fnt
|faint|p2a: Great Tusk
|-end|p2a: Great Tusk|Protosynthesis|[silent]
|
|upkeep
|
|t:|1758262282
|switch|p2a: Kingambit|Kingambit, M|100/100
|-activate|p2a: Kingambit|ability: Supreme Overlord
|-start|p2a: Kingambit|fallen2|[silent]
|turn|10
|inactive|Battle timer is ON: inactive players will automatically lose when time's up. (requested by EM3RLD)
|inactive|zachimations has 20 seconds left this turn.
|inactive|zachimations has 15 seconds left.
|
|t:|1758262298
|move|p2a: Kingambit|Sucker Punch||[still]
|-fail|p2a: Kingambit
|move|p1a: Dillon Latham|Calm Mind|p1a: Dillon Latham
|-boost|p1a: Dillon Latham|spa|1
|-boost|p1a: Dillon Latham|spd|1
|
|upkeep
|turn|11
|inactive|zachimations has 25 seconds left this turn.
|inactive|zachimations has 20 seconds left.
|
|t:|1758262304
|move|p2a: Kingambit|Sucker Punch||[still]
|-fail|p2a: Kingambit
|move|p1a: Dillon Latham|Calm Mind|p1a: Dillon Latham
|-boost|p1a: Dillon Latham|spa|1
|-boost|p1a: Dillon Latham|spd|1
|
|upkeep
|turn|12
|inactive|zachimations has 30 seconds left this turn.
|
|t:|1758262309
|move|p2a: Kingambit|Sucker Punch||[still]
|-fail|p2a: Kingambit
|move|p1a: Dillon Latham|Calm Mind|p1a: Dillon Latham
|-boost|p1a: Dillon Latham|spa|1
|-boost|p1a: Dillon Latham|spd|1
|
|upkeep
|turn|13
|inactive|zachimations has 30 seconds left.
|
|t:|1758262318
|move|p2a: Kingambit|Sucker Punch||[still]
|-fail|p2a: Kingambit
|move|p1a: Dillon Latham|Calm Mind|p1a: Dillon Latham
|-boost|p1a: Dillon Latham|spa|0
|-boost|p1a: Dillon Latham|spd|1
|
|upkeep
|turn|14
|
|t:|1758262323
|move|p1a: Dillon Latham|Aura Sphere|p2a: Kingambit
|-supereffective|p2a: Kingambit
|-damage|p2a: Kingambit|0 fnt
|faint|p2a: Kingambit
|-end|p2a: Kingambit|fallen2|[silent]
|
|upkeep
|-message|EM3RLD forfeited.
|
|win|zachimations
|raw|zachimations's rating: 1492 &rarr; <strong>1519</strong><br />(+27 for winning)
|raw|EM3RLD's rating: 1617 &rarr; <strong>1590</strong><br />(-27 for losing)
|l|☆EM3RLD
|player|p2|
|c|☆zachimations|light
