|j|☆Ctannn
|j|☆mateuscavalo
|t:|1758284146
|gametype|singles
|player|p1|Ctannn|266|1742
|player|p2|mateuscavalo|2|1661
|gen|9
|tier|[Gen 9] OU
|rated|
|rule|HP Percentage Mod: HP is shown in percentages
|rule|Endless Battle Clause: Forcing endless battles is banned
|rule|Species Clause: Limit one of each Pokémon
|rule|OHKO Clause: OHKO moves are banned
|rule|Evasion Items Clause: Evasion items are banned
|rule|Evasion Moves Clause: Evasion moves are banned
|rule|Evasion Abilities Clause: Evasion abilities are banned
|rule|Sleep Moves Clause: Sleep-inducing moves are banned
|clearpoke
|poke|p1|Rillaboom, F|
|poke|p1|Gholdengo|
|poke|p1|Cinderace, M|
|poke|p1|Raging Bolt|
|poke|p1|Slowking-Galar, F|
|poke|p1|Landorus-Therian, M|
|poke|p2|Ogerpon-Wellspring, F|
|poke|p2|Darkrai|
|poke|p2|Garganacl, M|
|poke|p2|Zapdos|
|poke|p2|Great Tusk|
|poke|p2|Kingambit, F|
|teampreview
|inactive|Battle timer is ON: inactive players will automatically lose when time's up. (requested by Ctannn)
|inactive|mateuscavalo has 120 seconds left.
|
|t:|1758284286
|teamsize|p1|6
|teamsize|p2|6
|start
|switch|p1a: Raging Bolt|Raging Bolt|100/100
|switch|p2a: Darkrai|Darkrai|100/100
|turn|1
|
|t:|1758284296
|move|p2a: Darkrai|Dark Pulse|p1a: Raging Bolt
|-damage|p1a: Raging Bolt|62/100
|move|p1a: Raging Bolt|Thunderbolt|p2a: Darkrai
|-damage|p2a: Darkrai|0 fnt
|faint|p2a: Darkrai
|
|upkeep
|
|t:|1758284301
|switch|p2a: Great Tusk|Great Tusk|100/100
|turn|2
|
|t:|1758284304
|-end|p1a: Raging Bolt|Protosynthesis|[silent]
|switch|p1a: Landorus|Landorus-Therian, M|100/100
|-ability|p1a: Landorus|Intimidate|boost
|-unboost|p2a: Great Tusk|atk|1
|move|p2a: Great Tusk|Stealth Rock|p1a: Landorus
|-sidestart|p1: Ctannn|move: Stealth Rock
|
|upkeep
|turn|3
|
|t:|1758284309
|-end|p2a: Great Tusk|Protosynthesis|[silent]
|switch|p2a: Zapdos|Zapdos|100/100
|switch|p1a: Slowking|Slowking-Galar, F|100/100
|-damage|p1a: Slowking|88/100|[from] Stealth Rock
|
|upkeep
|turn|4
|
|t:|1758284316
|move|p2a: Zapdos|Thunder Wave|p1a: Slowking
|-status|p1a: Slowking|par
|move|p1a: Slowking|Future Sight|p2a: Zapdos
|-start|p1a: Slowking|move: Future Sight
|
|upkeep
|turn|5
|
|t:|1758284321
|move|p2a: Zapdos|Hurricane|p1a: Slowking|[miss]
|-miss|p2a: Zapdos|p1a: Slowking
|-prepare|p1a: Slowking|Chilly Reception|[premajor]
|move|p1a: Slowking|Chilly Reception|p1a: Slowking
|-weather|Snowscape
|
|t:|1758284328
|switch|p1a: Raging Bolt|Raging Bolt|62/100|[from] Chilly Reception
|-damage|p1a: Raging Bolt|50/100|[from] Stealth Rock
|
|-weather|Snowscape|[upkeep]
|upkeep
|turn|6
|
|t:|1758284335
|move|p1a: Raging Bolt|Thunderbolt|p2a: Zapdos
|-damage|p2a: Zapdos|23/100
|move|p2a: Zapdos|Volt Switch|p1a: Raging Bolt
|-resisted|p1a: Raging Bolt
|-damage|p1a: Raging Bolt|43/100
|
|t:|1758284338
|switch|p2a: Kingambit|Kingambit, F|100/100|[from] Volt Switch
|-activate|p2a: Kingambit|ability: Supreme Overlord
|-start|p2a: Kingambit|fallen1|[silent]
|
|-weather|Snowscape|[upkeep]
|-end|p2a: Kingambit|move: Future Sight
|-immune|p2a: Kingambit
|upkeep
|turn|7
|j| Drosophila_enjoyer
|
|t:|1758284346
|move|p1a: Raging Bolt|Thunderbolt|p2a: Kingambit
|-damage|p2a: Kingambit|18/100
|move|p2a: Kingambit|Kowtow Cleave|p1a: Raging Bolt
|-damage|p1a: Raging Bolt|0 fnt
|faint|p1a: Raging Bolt
|-end|p1a: Raging Bolt|Protosynthesis|[silent]
|
|-weather|Snowscape|[upkeep]
|-heal|p2a: Kingambit|24/100|[from] item: Leftovers
|upkeep
|
|t:|1758284353
|switch|p1a: Landorus|Landorus-Therian, M|100/100
|-damage|p1a: Landorus|88/100|[from] Stealth Rock
|-ability|p1a: Landorus|Intimidate|boost
|-unboost|p2a: Kingambit|atk|1
|turn|8
|
|t:|1758284357
|-end|p2a: Kingambit|fallen1|[silent]
|switch|p2a: Great Tusk|Great Tusk|100/100
|move|p1a: Landorus|Weather Ball|p2a: Great Tusk
|-supereffective|p2a: Great Tusk
|-damage|p2a: Great Tusk|35/100
|
|-weather|Snowscape|[upkeep]
|upkeep
|turn|9
|
|t:|1758284364
|-end|p2a: Great Tusk|Protosynthesis|[silent]
|switch|p2a: Garganacl|Garganacl, M|100/100
|switch|p1a: Slowking|Slowking-Galar, F|100/100 par
|-damage|p1a: Slowking|88/100 par|[from] Stealth Rock
|
|-weather|none
|upkeep
|turn|10
|
|t:|1758284368
|move|p2a: Garganacl|Iron Defense|p2a: Garganacl
|-boost|p2a: Garganacl|def|2
|cant|p1a: Slowking|par
|
|upkeep
|turn|11
|
|t:|1758284372
|move|p2a: Garganacl|Iron Defense|p2a: Garganacl
|-boost|p2a: Garganacl|def|2
|move|p1a: Slowking|Future Sight|p2a: Garganacl
|-start|p1a: Slowking|move: Future Sight
|
|upkeep
|turn|12
|
|t:|1758284377
|move|p2a: Garganacl|Salt Cure|p1a: Slowking
|-damage|p1a: Slowking|79/100 par
|-start|p1a: Slowking|Salt Cure
|-prepare|p1a: Slowking|Chilly Reception|[premajor]
|move|p1a: Slowking|Chilly Reception|p1a: Slowking
|-weather|Snowscape
|
|t:|1758284384
|switch|p1a: Gholdengo|Gholdengo|100/100|[from] Chilly Reception
|-damage|p1a: Gholdengo|94/100|[from] Stealth Rock
|
|-weather|Snowscape|[upkeep]
|upkeep
|turn|13
|
|t:|1758284390
|switch|p2a: Great Tusk|Great Tusk|35/100
|move|p1a: Gholdengo|Trick|p2a: Great Tusk
|-activate|p1a: Gholdengo|move: Trick|[of] p2a: Great Tusk
|-item|p2a: Great Tusk|Choice Scarf|[from] move: Trick
|-item|p1a: Gholdengo|Rocky Helmet|[from] move: Trick
|
|-weather|Snowscape|[upkeep]
|-end|p2a: Great Tusk|move: Future Sight
|-supereffective|p2a: Great Tusk
|-damage|p2a: Great Tusk|0 fnt
|faint|p2a: Great Tusk
|-end|p2a: Great Tusk|Protosynthesis|[silent]
|upkeep
|
|t:|1758284396
|switch|p2a: Ogerpon|Ogerpon-Wellspring, F|100/100
|turn|14
|
|t:|1758284412
|move|p2a: Ogerpon|Knock Off|p1a: Gholdengo
|-supereffective|p1a: Gholdengo
|-damage|p1a: Gholdengo|10/100
|-damage|p2a: Ogerpon|84/100|[from] item: Rocky Helmet|[of] p1a: Gholdengo
|-enditem|p1a: Gholdengo|Rocky Helmet|[from] move: Knock Off|[of] p2a: Ogerpon
|move|p1a: Gholdengo|Shadow Ball|p2a: Ogerpon
|-damage|p2a: Ogerpon|34/100
|
|-weather|Snowscape|[upkeep]
|upkeep
|turn|15
|
|t:|1758284417
|move|p2a: Ogerpon|Ivy Cudgel|p1a: Gholdengo|[anim] Ivy Cudgel Water
|-damage|p1a: Gholdengo|0 fnt
|faint|p1a: Gholdengo
|
|-weather|Snowscape|[upkeep]
|upkeep
|
|t:|1758284419
|switch|p1a: Cinderace|Cinderace, M|100/100
|turn|16
|
|t:|1758284425
|switch|p2a: Zapdos|Zapdos|23/100
|move|p1a: Cinderace|Pyro Ball|p2a: Zapdos
|-damage|p2a: Zapdos|0 fnt
|faint|p2a: Zapdos
|
|-weather|none
|upkeep
|
|t:|1758284429
|switch|p2a: Garganacl|Garganacl, M|100/100
|turn|17
|
|t:|1758284433
|move|p1a: Cinderace|High Jump Kick|p2a: Garganacl
|-start|p1a: Cinderace|typechange|Fighting|[from] ability: Libero
|-supereffective|p2a: Garganacl
|-damage|p2a: Garganacl|26/100
|move|p2a: Garganacl|Iron Defense|p2a: Garganacl
|-boost|p2a: Garganacl|def|2
|
|-heal|p2a: Garganacl|32/100|[from] item: Leftovers
|upkeep
|turn|18
|
|t:|1758284450
|-terastallize|p2a: Garganacl|Fairy
|move|p1a: Cinderace|Court Change|p1a: Cinderace
|-swapsideconditions
|-activate|p1a: Cinderace|move: Court Change
|move|p2a: Garganacl|Recover|p2a: Garganacl
|-heal|p2a: Garganacl|82/100
|
|-heal|p2a: Garganacl|88/100|[from] item: Leftovers
|upkeep
|turn|19
|
|t:|1758284458
|move|p1a: Cinderace|U-turn|p2a: Garganacl
|-resisted|p2a: Garganacl
|-damage|p2a: Garganacl|84/100
|
|t:|1758284460
|switch|p1a: Slowking|Slowking-Galar, F|100/100 par|[from] U-turn
|move|p2a: Garganacl|Salt Cure|p1a: Slowking
|-damage|p1a: Slowking|90/100 par
|-start|p1a: Slowking|Salt Cure
|
|-heal|p2a: Garganacl|91/100|[from] item: Leftovers
|-damage|p1a: Slowking|77/100 par|[from] Salt Cure
|upkeep
|turn|20
|
|t:|1758284467
|move|p2a: Garganacl|Iron Defense|p2a: Garganacl
|-boost|p2a: Garganacl|def|2
|move|p1a: Slowking|Future Sight|p2a: Garganacl
|-start|p1a: Slowking|move: Future Sight
|
|-heal|p2a: Garganacl|97/100|[from] item: Leftovers
|-damage|p1a: Slowking|65/100 par|[from] Salt Cure
|upkeep
|turn|21
|
|t:|1758284472
|switch|p1a: Landorus|Landorus-Therian, M|88/100
|-ability|p1a: Landorus|Intimidate|boost
|-unboost|p2a: Garganacl|atk|1
|move|p2a: Garganacl|Body Press|p1a: Landorus
|-resisted|p1a: Landorus
|-damage|p1a: Landorus|61/100
|-damage|p2a: Garganacl|80/100|[from] item: Rocky Helmet|[of] p1a: Landorus
|
|-heal|p2a: Garganacl|86/100|[from] item: Leftovers
|upkeep
|turn|22
|
|t:|1758284477
|switch|p1a: Slowking|Slowking-Galar, F|98/100 par
|move|p2a: Garganacl|Recover|p2a: Garganacl
|-heal|p2a: Garganacl|100/100
|
|-end|p2a: Garganacl|move: Future Sight
|-damage|p2a: Garganacl|71/100
|-heal|p2a: Garganacl|77/100|[from] item: Leftovers
|upkeep
|turn|23
|
|t:|1758284481
|move|p2a: Garganacl|Iron Defense|p2a: Garganacl
|-boost|p2a: Garganacl|def|2
|move|p1a: Slowking|Psychic|p2a: Garganacl
|-damage|p2a: Garganacl|54/100
|
|-heal|p2a: Garganacl|60/100|[from] item: Leftovers
|upkeep
|turn|24
|
|t:|1758284488
|move|p2a: Garganacl|Salt Cure|p1a: Slowking
|-damage|p1a: Slowking|91/100 par
|-start|p1a: Slowking|Salt Cure
|move|p1a: Slowking|Future Sight|p2a: Garganacl
|-start|p1a: Slowking|move: Future Sight
|
|-heal|p2a: Garganacl|66/100|[from] item: Leftovers
|-damage|p1a: Slowking|79/100 par|[from] Salt Cure
|upkeep
|turn|25
|
|t:|1758284493
|move|p2a: Garganacl|Body Press|p1a: Slowking
|-resisted|p1a: Slowking
|-damage|p1a: Slowking|61/100 par
|-damage|p2a: Garganacl|50/100|[from] item: Rocky Helmet|[of] p1a: Slowking
|move|p1a: Slowking|Psychic|p2a: Garganacl
|-damage|p2a: Garganacl|24/100
|
|-heal|p2a: Garganacl|30/100|[from] item: Leftovers
|-damage|p1a: Slowking|49/100 par|[from] Salt Cure
|upkeep
|turn|26
|
|t:|1758284500
|switch|p1a: Landorus|Landorus-Therian, M|61/100
|-ability|p1a: Landorus|Intimidate|boost
|-unboost|p2a: Garganacl|atk|1
|move|p2a: Garganacl|Recover|p2a: Garganacl
|-heal|p2a: Garganacl|80/100
|
|-end|p2a: Garganacl|move: Future Sight
|-damage|p2a: Garganacl|49/100
|-heal|p2a: Garganacl|55/100|[from] item: Leftovers
|upkeep
|turn|27
|
|t:|1758284506
|move|p1a: Landorus|U-turn|p2a: Garganacl
|-resisted|p2a: Garganacl
|-damage|p2a: Garganacl|53/100
|
|t:|1758284508
|switch|p1a: Slowking|Slowking-Galar, F|82/100 par|[from] U-turn
|move|p2a: Garganacl|Recover|p2a: Garganacl
|-heal|p2a: Garganacl|100/100
|
|upkeep
|turn|28
|
|t:|1758284510
|move|p2a: Garganacl|Salt Cure|p1a: Slowking
|-damage|p1a: Slowking|77/100 par
|-start|p1a: Slowking|Salt Cure
|cant|p1a: Slowking|par
|
|-damage|p1a: Slowking|64/100 par|[from] Salt Cure
|upkeep
|turn|29
|
|t:|1758284515
|switch|p2a: Ogerpon|Ogerpon-Wellspring, F|34/100
|-damage|p2a: Ogerpon|22/100|[from] Stealth Rock
|-prepare|p1a: Slowking|Chilly Reception|[premajor]
|move|p1a: Slowking|Chilly Reception|p1a: Slowking
|-weather|Snowscape
|
|t:|1758284518
|switch|p1a: Cinderace|Cinderace, M|100/100|[from] Chilly Reception
|
|-weather|Snowscape|[upkeep]
|upkeep
|turn|30
|
|t:|1758284521
|move|p1a: Cinderace|U-turn|p2a: Ogerpon
|-start|p1a: Cinderace|typechange|Bug|[from] ability: Libero
|-supereffective|p2a: Ogerpon
|-damage|p2a: Ogerpon|0 fnt
|faint|p2a: Ogerpon
|
|t:|1758284536
|switch|p1a: Landorus|Landorus-Therian, M|61/100|[from] U-turn
|
|-weather|Snowscape|[upkeep]
|upkeep
|
|t:|1758284540
|switch|p2a: Kingambit|Kingambit, F|24/100
|-damage|p2a: Kingambit|18/100|[from] Stealth Rock
|-activate|p2a: Kingambit|ability: Supreme Overlord
|-start|p2a: Kingambit|fallen4|[silent]
|turn|31
|
|t:|1758284543
|move|p2a: Kingambit|Sucker Punch|p1a: Landorus
|-damage|p1a: Landorus|19/100
|-damage|p2a: Kingambit|2/100|[from] item: Rocky Helmet|[of] p1a: Landorus
|move|p1a: Landorus|U-turn|p2a: Kingambit
|-damage|p2a: Kingambit|0 fnt
|faint|p2a: Kingambit
|-end|p2a: Kingambit|fallen4|[silent]
|
|t:|1758284546
|switch|p1a: Rillaboom|Rillaboom, F|100/100|[from] U-turn
|-fieldstart|move: Grassy Terrain|[from] ability: Grassy Surge|[of] p1a: Rillaboom
|
|-weather|Snowscape|[upkeep]
|upkeep
|
|t:|1758284549
|switch|p2a: Garganacl|Garganacl, M, tera:Fairy|100/100
|-damage|p2a: Garganacl|88/100|[from] Stealth Rock
|turn|32
|
|t:|1758284555
|-terastallize|p1a: Rillaboom|Grass
|move|p1a: Rillaboom|Wood Hammer|p2a: Garganacl
|-damage|p2a: Garganacl|0 fnt
|faint|p2a: Garganacl
|-damage|p1a: Rillaboom|66/100|[from] Recoil
|
|win|Ctannn
|raw|Ctannn's rating: 1742 &rarr; <strong>1757</strong><br />(+15 for winning)
|raw|mateuscavalo's rating: 1661 &rarr; <strong>1646</strong><br />(-15 for losing)
|l|☆mateuscavalo
|player|p2|
|l|☆Ctannn
|player|p1|
|l| Drosophila_enjoyer
