|j|☆EmusAreCool
|j|☆tijzen
|t:|1758295121
|gametype|singles
|player|p1|EmusAreCool|169|1178
|player|p2|tijzen|ruinmaniac|1208
|gen|9
|tier|[Gen 9] OU
|rated|
|rule|HP Percentage Mod: HP is shown in percentages
|rule|Endless Battle Clause: Forcing endless battles is banned
|rule|Species Clause: Limit one of each Pokémon
|rule|OHKO Clause: OHKO moves are banned
|rule|Evasion Items Clause: Evasion items are banned
|rule|Evasion Moves Clause: Evasion moves are banned
|rule|Evasion Abilities Clause: Evasion abilities are banned
|rule|Sleep Moves Clause: Sleep-inducing moves are banned
|clearpoke
|poke|p1|Medicham, F|
|poke|p1|Samurott-Hisui, F|
|poke|p1|Pecharunt|
|poke|p1|Gliscor, F|
|poke|p1|Iron Valiant|
|poke|p1|Heatran, M|
|poke|p2|Flygon, F|
|poke|p2|Iron Moth|
|poke|p2|Samurott-Hisui, M|
|poke|p2|Glimmora, F|
|poke|p2|Rillaboom, M|
|poke|p2|Gholdengo|
|teampreview
|inactive|Battle timer is ON: inactive players will automatically lose when time's up. (requested by EmusAreCool)
|
|t:|1758295143
|teamsize|p1|6
|teamsize|p2|6
|start
|switch|p1a: Medicham|Medicham, F, shiny|100/100
|switch|p2a: Flygon|Flygon, F|100/100
|turn|1
|
|t:|1758295170
|switch|p2a: Gholdengo|Gholdengo|100/100
|move|p1a: Medicham|Fake Out|p2a: Gholdengo
|-immune|p2a: Gholdengo
|
|upkeep
|turn|2
|inactive|EmusAreCool has 120 seconds left.
|
|t:|1758295213
|switch|p1a: Samurott|Samurott-Hisui, F, shiny|100/100
|move|p2a: Gholdengo|Shadow Ball|p1a: Samurott
|-resisted|p1a: Samurott
|-damage|p1a: Samurott|86/100
|
|upkeep
|turn|3
|
|t:|1758295222
|switch|p2a: Flygon|Flygon, F|100/100
|move|p1a: Samurott|Razor Shell|p2a: Flygon
|-damage|p2a: Flygon|28/100
|
|-heal|p2a: Flygon|34/100|[from] item: Leftovers
|upkeep
|turn|4
|inactive|EmusAreCool has 120 seconds left.
|
|t:|1758295245
|move|p2a: Flygon|Stealth Rock|p1a: Samurott
|-sidestart|p1: EmusAreCool|move: Stealth Rock
|move|p1a: Samurott|Ceaseless Edge|p2a: Flygon
|-damage|p2a: Flygon|0 fnt
|-sidestart|p2: tijzen|Spikes
|faint|p2a: Flygon
|
|upkeep
|
|t:|1758295254
|switch|p2a: Rillaboom|Rillaboom, M|100/100
|-damage|p2a: Rillaboom|88/100|[from] Spikes
|-fieldstart|move: Grassy Terrain|[from] ability: Grassy Surge|[of] p2a: Rillaboom
|turn|5
|
|t:|1758295263
|switch|p1a: Pecharunt|Pecharunt|100/100
|move|p2a: Rillaboom|U-turn|p1a: Pecharunt
|-resisted|p1a: Pecharunt
|-damage|p1a: Pecharunt|98/100
|
|t:|1758295271
|switch|p2a: Glimmora|Glimmora, F|100/100|[from] U-turn
|-damage|p2a: Glimmora|88/100|[from] Spikes
|
|-heal|p2a: Glimmora|94/100|[from] Grassy Terrain
|-heal|p1a: Pecharunt|100/100|[from] Grassy Terrain
|upkeep
|turn|6
|inactive|EmusAreCool has 120 seconds left.
|
|t:|1758295284
|switch|p1a: Gliscor|Gliscor, F, shiny|100/100
|-damage|p1a: Gliscor|88/100|[from] Stealth Rock
|move|p2a: Glimmora|Meteor Beam||[still]
|-prepare|p2a: Glimmora|Meteor Beam
|-boost|p2a: Glimmora|spa|1
|-enditem|p2a: Glimmora|Power Herb
|-anim|p2a: Glimmora|Meteor Beam|p1a: Gliscor
|-damage|p1a: Gliscor|3/100
|
|-heal|p2a: Glimmora|100/100|[from] Grassy Terrain
|-status|p1a: Gliscor|tox|[from] item: Toxic Orb
|upkeep
|turn|7
|inactive|tijzen has 120 seconds left.
|
|t:|1758295324
|move|p2a: Glimmora|Spiky Shield|p2a: Glimmora
|-singleturn|p2a: Glimmora|move: Protect
|move|p1a: Gliscor|Protect||[still]
|-fail|p1a: Gliscor
|
|-heal|p1a: Gliscor|15/100 tox|[from] ability: Poison Heal
|upkeep
|turn|8
|
|t:|1758295336
|move|p1a: Gliscor|Protect|p1a: Gliscor
|-singleturn|p1a: Gliscor|Protect
|move|p2a: Glimmora|Mortal Spin|p1a: Gliscor
|-activate|p1a: Gliscor|move: Protect
|
|-heal|p1a: Gliscor|28/100 tox|[from] ability: Poison Heal
|upkeep
|turn|9
|inactive|tijzen has 120 seconds left.
|inactive|EmusAreCool has 120 seconds left.
|
|t:|1758295351
|switch|p1a: Samurott|Samurott-Hisui, F, shiny|86/100
|-damage|p1a: Samurott|73/100|[from] Stealth Rock
|move|p2a: Glimmora|Mortal Spin|p1a: Samurott
|-damage|p1a: Samurott|67/100
|-status|p1a: Samurott|psn
|-sideend|p2: tijzen|Spikes|[from] move: Mortal Spin|[of] p2a: Glimmora
|
|-heal|p1a: Samurott|73/100 psn|[from] Grassy Terrain
|-damage|p1a: Samurott|61/100 psn|[from] psn
|-fieldend|move: Grassy Terrain
|upkeep
|turn|10
|
|t:|1758295360
|move|p2a: Glimmora|Spiky Shield|p2a: Glimmora
|-singleturn|p2a: Glimmora|move: Protect
|move|p1a: Samurott|Razor Shell|p2a: Glimmora
|-activate|p2a: Glimmora|move: Protect
|-damage|p1a: Samurott|48/100 psn|[from] Spiky Shield|[of] p2a: Glimmora
|
|-damage|p1a: Samurott|36/100 psn|[from] psn
|upkeep
|turn|11
|
|t:|1758295368
|move|p2a: Glimmora|Earth Power|p1a: Samurott
|-damage|p1a: Samurott|2/100 psn
|move|p1a: Samurott|Razor Shell|p2a: Glimmora
|-supereffective|p2a: Glimmora
|-damage|p2a: Glimmora|0 fnt
|-activate|p2a: Glimmora|ability: Toxic Debris
|-sidestart|p1: EmusAreCool|move: Toxic Spikes
|faint|p2a: Glimmora
|
|-damage|p1a: Samurott|0 fnt|[from] psn
|faint|p1a: Samurott
|upkeep
|inactive|tijzen has 120 seconds left.
|
|t:|1758295385
|switch|p2a: Samurott|Samurott-Hisui, M|100/100
|switch|p1a: Pecharunt|Pecharunt|100/100
|-sideend|p1: EmusAreCool|move: Toxic Spikes|[of] p1a: Pecharunt
|turn|12
|
|t:|1758295404
|move|p2a: Samurott|Ceaseless Edge|p1a: Pecharunt
|-supereffective|p1a: Pecharunt
|-damage|p1a: Pecharunt|56/100
|-sidestart|p1: EmusAreCool|Spikes
|move|p1a: Pecharunt|Parting Shot|p2a: Samurott
|-unboost|p2a: Samurott|atk|1
|-unboost|p2a: Samurott|spa|1
|inactive|EmusAreCool has 120 seconds left.
|
|t:|1758295421
|switch|p1a: Gliscor|Gliscor, F, shiny|28/100 tox|[from] Parting Shot
|-damage|p1a: Gliscor|15/100 tox|[from] Stealth Rock
|
|-heal|p1a: Gliscor|28/100 tox|[from] ability: Poison Heal
|upkeep
|turn|13
|
|t:|1758295428
|move|p1a: Gliscor|Protect|p1a: Gliscor
|-singleturn|p1a: Gliscor|Protect
|move|p2a: Samurott|Flip Turn|p1a: Gliscor
|-activate|p1a: Gliscor|move: Protect
|
|-heal|p1a: Gliscor|40/100 tox|[from] ability: Poison Heal
|upkeep
|turn|14
|
|t:|1758295438
|move|p2a: Samurott|Flip Turn|p1a: Gliscor
|-supereffective|p1a: Gliscor
|-crit|p1a: Gliscor
|-damage|p1a: Gliscor|0 fnt
|faint|p1a: Gliscor
|
|t:|1758295453
|switch|p2a: Gholdengo|Gholdengo|100/100|[from] Flip Turn
|
|upkeep
|
|t:|1758295469
|switch|p1a: Heatran|Heatran, M, shiny|100/100
|-damage|p1a: Heatran|88/100|[from] Stealth Rock
|-damage|p1a: Heatran|76/100|[from] Spikes
|turn|15
|
|t:|1758295478
|switch|p2a: Samurott|Samurott-Hisui, M|100/100
|move|p1a: Heatran|Stealth Rock|p2a: Samurott
|-sidestart|p2: tijzen|move: Stealth Rock
|
|-heal|p1a: Heatran|82/100|[from] item: Leftovers
|upkeep
|turn|16
|
|t:|1758295489
|switch|p1a: Pecharunt|Pecharunt|56/100
|move|p2a: Samurott|Aqua Cutter|p1a: Pecharunt
|-crit|p1a: Pecharunt
|-damage|p1a: Pecharunt|21/100
|
|upkeep
|turn|17
|
|t:|1758295496
|move|p2a: Samurott|Ceaseless Edge|p1a: Pecharunt
|-supereffective|p1a: Pecharunt
|-damage|p1a: Pecharunt|0 fnt
|-sidestart|p1: EmusAreCool|Spikes
|faint|p1a: Pecharunt
|
|upkeep
|
|t:|1758295506
|switch|p1a: Iron Valiant|Iron Valiant, shiny|100/100
|-damage|p1a: Iron Valiant|94/100|[from] Stealth Rock
|-damage|p1a: Iron Valiant|78/100|[from] Spikes
|turn|18
|
|t:|1758295511
|-terastallize|p2a: Samurott|Water
|move|p1a: Iron Valiant|Moonblast|p2a: Samurott
|-damage|p2a: Samurott|0 fnt
|faint|p2a: Samurott
|
|upkeep
|inactive|tijzen has 120 seconds left.
|
|t:|1758295544
|switch|p2a: Gholdengo|Gholdengo|100/100
|-damage|p2a: Gholdengo|94/100|[from] Stealth Rock
|turn|19
|
|t:|1758295551
|switch|p2a: Rillaboom|Rillaboom, M|88/100
|-damage|p2a: Rillaboom|76/100|[from] Stealth Rock
|-fieldstart|move: Grassy Terrain|[from] ability: Grassy Surge|[of] p2a: Rillaboom
|-end|p1a: Iron Valiant|Quark Drive|[silent]
|switch|p1a: Heatran|Heatran, M, shiny|82/100
|-damage|p1a: Heatran|70/100|[from] Stealth Rock
|-damage|p1a: Heatran|53/100|[from] Spikes
|
|-heal|p1a: Heatran|59/100|[from] Grassy Terrain
|-heal|p1a: Heatran|66/100|[from] item: Leftovers
|-heal|p2a: Rillaboom|82/100|[from] Grassy Terrain
|upkeep
|turn|20
|
|t:|1758295555
|move|p1a: Heatran|Magma Storm|p2a: Rillaboom
|-supereffective|p2a: Rillaboom
|-damage|p2a: Rillaboom|3/100
|-activate|p2a: Rillaboom|move: Magma Storm|[of] p1a: Heatran
|move|p2a: Rillaboom|Drain Punch|p1a: Heatran
|-supereffective|p1a: Heatran
|-damage|p1a: Heatran|14/100
|-heal|p2a: Rillaboom|24/100|[from] drain|[of] p1a: Heatran
|
|-heal|p1a: Heatran|20/100|[from] Grassy Terrain
|-heal|p1a: Heatran|26/100|[from] item: Leftovers
|-heal|p2a: Rillaboom|31/100|[from] Grassy Terrain
|-damage|p2a: Rillaboom|18/100|[from] move: Magma Storm|[partiallytrapped]
|upkeep
|turn|21
|
|t:|1758295565
|move|p2a: Rillaboom|Grassy Glide|p1a: Heatran
|-resisted|p1a: Heatran
|-damage|p1a: Heatran|15/100
|move|p1a: Heatran|Magma Storm|p2a: Rillaboom|[miss]
|-miss|p1a: Heatran|p2a: Rillaboom
|
|-heal|p1a: Heatran|22/100|[from] Grassy Terrain
|-heal|p1a: Heatran|28/100|[from] item: Leftovers
|-heal|p2a: Rillaboom|24/100|[from] Grassy Terrain
|-damage|p2a: Rillaboom|12/100|[from] move: Magma Storm|[partiallytrapped]
|upkeep
|turn|22
|
|t:|1758295575
|move|p1a: Heatran|Magma Storm|p2a: Rillaboom
|-supereffective|p2a: Rillaboom
|-damage|p2a: Rillaboom|0 fnt
|faint|p2a: Rillaboom
|
|-heal|p1a: Heatran|34/100|[from] Grassy Terrain
|-heal|p1a: Heatran|40/100|[from] item: Leftovers
|upkeep
|
|t:|1758295589
|switch|p2a: Iron Moth|Iron Moth|100/100
|-damage|p2a: Iron Moth|76/100|[from] Stealth Rock
|-enditem|p2a: Iron Moth|Booster Energy
|-activate|p2a: Iron Moth|ability: Quark Drive|[fromitem]
|-start|p2a: Iron Moth|quarkdrivespa
|turn|23
|
|t:|1758295595
|move|p2a: Iron Moth|Agility|p2a: Iron Moth
|-boost|p2a: Iron Moth|spe|2
|move|p1a: Heatran|Earth Power|p2a: Iron Moth
|-supereffective|p2a: Iron Moth
|-damage|p2a: Iron Moth|0 fnt
|faint|p2a: Iron Moth
|-end|p2a: Iron Moth|Quark Drive|[silent]
|
|-heal|p1a: Heatran|46/100|[from] Grassy Terrain
|-heal|p1a: Heatran|53/100|[from] item: Leftovers
|-fieldend|move: Grassy Terrain
|upkeep
|
|t:|1758295597
|switch|p2a: Gholdengo|Gholdengo|94/100
|-damage|p2a: Gholdengo|88/100|[from] Stealth Rock
|turn|24
|
|t:|1758295600
|move|p2a: Gholdengo|Shadow Ball|p1a: Heatran
|-damage|p1a: Heatran|11/100
|move|p1a: Heatran|Magma Storm|p2a: Gholdengo
|-supereffective|p2a: Gholdengo
|-damage|p2a: Gholdengo|0 fnt
|faint|p2a: Gholdengo
|
|win|EmusAreCool
|raw|EmusAreCool's rating: 1178 &rarr; <strong>1205</strong><br />(+27 for winning)
|raw|tijzen's rating: 1208 &rarr; <strong>1181</strong><br />(-27 for losing)
|l|☆EmusAreCool
|player|p1|
|l|☆tijzen
|player|p2|
