|j|☆Dio_Eleutherios
|j|☆LX1987
|t:|1758263830
|gametype|singles
|player|p1|Dio_Eleutherios|parasollady|1374
|player|p2|LX1987|170|1382
|gen|9
|tier|[Gen 9] OU
|rated|
|rule|HP Percentage Mod: HP is shown in percentages
|rule|Endless Battle Clause: Forcing endless battles is banned
|rule|Species Clause: Limit one of each Pokémon
|rule|OHKO Clause: OHKO moves are banned
|rule|Evasion Items Clause: Evasion items are banned
|rule|Evasion Moves Clause: Evasion moves are banned
|rule|Evasion Abilities Clause: Evasion abilities are banned
|rule|Sleep Moves Clause: Sleep-inducing moves are banned
|clearpoke
|poke|p1|Dragonite, M|
|poke|p1|Gholdengo|
|poke|p1|Great Tusk|
|poke|p1|Garganacl, M|
|poke|p1|Alomomola, F|
|poke|p1|Raging Bolt|
|poke|p2|Dragonite, M|
|poke|p2|Kleavor, F|
|poke|p2|Great Tusk|
|poke|p2|Toxapex, M|
|poke|p2|Deoxys-Defense|
|poke|p2|Moltres|
|teampreview
|
|t:|1758263838
|teamsize|p1|6
|teamsize|p2|6
|start
|switch|p1a: Garganacl|Garganacl, M|100/100
|switch|p2a: Kleavor|Kleavor, F|100/100
|turn|1
|inactive|Battle timer is ON: inactive players will automatically lose when time's up. (requested by LX1987)
|
|t:|1758263845
|move|p2a: Kleavor|Stone Axe|p1a: Garganacl
|-damage|p1a: Garganacl|65/100
|-sidestart|p1: Dio_Eleutherios|move: Stealth Rock
|move|p1a: Garganacl|Salt Cure|p2a: Kleavor
|-supereffective|p2a: Kleavor
|-damage|p2a: Kleavor|66/100
|-start|p2a: Kleavor|Salt Cure
|
|-heal|p1a: Garganacl|71/100|[from] item: Leftovers
|-damage|p2a: Kleavor|54/100|[from] Salt Cure
|upkeep
|turn|2
|
|t:|1758263857
|move|p2a: Kleavor|X-Scissor|p1a: Garganacl
|-damage|p1a: Garganacl|28/100
|move|p1a: Garganacl|Recover|p1a: Garganacl
|-heal|p1a: Garganacl|78/100
|
|-heal|p1a: Garganacl|84/100|[from] item: Leftovers
|-damage|p2a: Kleavor|41/100|[from] Salt Cure
|upkeep
|turn|3
|
|t:|1758263868
|switch|p2a: Great Tusk|Great Tusk|100/100
|move|p1a: Garganacl|Protect||[still]
|-fail|p1a: Garganacl
|
|-heal|p1a: Garganacl|90/100|[from] item: Leftovers
|upkeep
|turn|4
|
|t:|1758263877
|switch|p1a: Dragonite|Dragonite, M|100/100
|move|p2a: Great Tusk|Knock Off|p1a: Dragonite
|-damage|p1a: Dragonite|83/100
|-enditem|p1a: Dragonite|Heavy-Duty Boots|[from] move: Knock Off|[of] p2a: Great Tusk
|
|upkeep
|turn|5
|
|t:|1758263885
|switch|p1a: Alomomola|Alomomola, F|100/100
|move|p2a: Great Tusk|Ice Spinner|p1a: Alomomola
|-resisted|p1a: Alomomola
|-damage|p1a: Alomomola|93/100
|
|upkeep
|turn|6
|
|t:|1758263900
|-end|p2a: Great Tusk|Protosynthesis|[silent]
|switch|p2a: Toxapex|Toxapex, M|100/100
|move|p1a: Alomomola|Flip Turn|p2a: Toxapex
|-resisted|p2a: Toxapex
|-damage|p2a: Toxapex|95/100
|
|t:|1758263904
|switch|p1a: Raging Bolt|Raging Bolt|100/100|[from] Flip Turn
|-damage|p1a: Raging Bolt|88/100|[from] Stealth Rock
|
|-heal|p2a: Toxapex|100/100|[from] item: Black Sludge
|upkeep
|turn|7
|
|t:|1758263914
|move|p1a: Raging Bolt|Dragon Pulse|p2a: Toxapex
|-damage|p2a: Toxapex|40/100
|move|p2a: Toxapex|Toxic|p1a: Raging Bolt
|-status|p1a: Raging Bolt|tox
|
|-heal|p2a: Toxapex|46/100|[from] item: Black Sludge
|-damage|p1a: Raging Bolt|82/100 tox|[from] psn
|upkeep
|turn|8
|
|t:|1758263926
|-end|p1a: Raging Bolt|Protosynthesis|[silent]
|switch|p1a: Garganacl|Garganacl, M|90/100
|-damage|p1a: Garganacl|78/100|[from] Stealth Rock
|switch|p2a: Deoxys|Deoxys-Defense|100/100
|-ability|p2a: Deoxys|Pressure
|
|-heal|p1a: Garganacl|84/100|[from] item: Leftovers
|upkeep
|turn|9
|
|t:|1758263938
|move|p2a: Deoxys|Cosmic Power|p2a: Deoxys
|-boost|p2a: Deoxys|def|1
|-boost|p2a: Deoxys|spd|1
|move|p1a: Garganacl|Salt Cure|p2a: Deoxys
|-damage|p2a: Deoxys|95/100
|-start|p2a: Deoxys|Salt Cure
|
|-heal|p2a: Deoxys|100/100|[from] item: Leftovers
|-heal|p1a: Garganacl|90/100|[from] item: Leftovers
|-damage|p2a: Deoxys|88/100|[from] Salt Cure
|upkeep
|turn|10
|
|t:|1758263949
|move|p2a: Deoxys|Cosmic Power|p2a: Deoxys
|-boost|p2a: Deoxys|def|1
|-boost|p2a: Deoxys|spd|1
|move|p1a: Garganacl|Stealth Rock|p2a: Deoxys
|-sidestart|p2: LX1987|move: Stealth Rock
|
|-heal|p2a: Deoxys|94/100|[from] item: Leftovers
|-heal|p1a: Garganacl|97/100|[from] item: Leftovers
|-damage|p2a: Deoxys|82/100|[from] Salt Cure
|upkeep
|turn|11
|
|t:|1758263958
|switch|p1a: Gholdengo|Gholdengo|100/100
|-damage|p1a: Gholdengo|94/100|[from] Stealth Rock
|move|p2a: Deoxys|Cosmic Power|p2a: Deoxys
|-boost|p2a: Deoxys|def|1
|-boost|p2a: Deoxys|spd|1
|
|-heal|p2a: Deoxys|88/100|[from] item: Leftovers
|-damage|p2a: Deoxys|75/100|[from] Salt Cure
|upkeep
|turn|12
|
|t:|1758263970
|move|p1a: Gholdengo|Trick|p2a: Deoxys
|-activate|p1a: Gholdengo|move: Trick|[of] p2a: Deoxys
|-item|p2a: Deoxys|Choice Scarf|[from] move: Trick
|-item|p1a: Gholdengo|Leftovers|[from] move: Trick
|move|p2a: Deoxys|Stored Power|p1a: Gholdengo
|-resisted|p1a: Gholdengo
|-damage|p1a: Gholdengo|69/100
|
|-heal|p1a: Gholdengo|75/100|[from] item: Leftovers
|-damage|p2a: Deoxys|63/100|[from] Salt Cure
|upkeep
|turn|13
|
|t:|1758263981
|move|p1a: Gholdengo|Shadow Ball|p2a: Deoxys
|-supereffective|p2a: Deoxys
|-damage|p2a: Deoxys|39/100
|move|p2a: Deoxys|Stored Power|p1a: Gholdengo
|-resisted|p1a: Gholdengo
|-damage|p1a: Gholdengo|50/100
|
|-heal|p1a: Gholdengo|56/100|[from] item: Leftovers
|-damage|p2a: Deoxys|26/100|[from] Salt Cure
|upkeep
|turn|14
|
|t:|1758263992
|move|p1a: Gholdengo|Recover|p1a: Gholdengo
|-heal|p1a: Gholdengo|100/100
|move|p2a: Deoxys|Stored Power|p1a: Gholdengo
|-resisted|p1a: Gholdengo
|-damage|p1a: Gholdengo|74/100
|
|-heal|p1a: Gholdengo|80/100|[from] item: Leftovers
|-damage|p2a: Deoxys|14/100|[from] Salt Cure
|upkeep
|turn|15
|
|t:|1758264002
|move|p1a: Gholdengo|Recover|p1a: Gholdengo
|-heal|p1a: Gholdengo|100/100
|move|p2a: Deoxys|Stored Power|p1a: Gholdengo
|-resisted|p1a: Gholdengo
|-damage|p1a: Gholdengo|74/100
|
|-heal|p1a: Gholdengo|80/100|[from] item: Leftovers
|-damage|p2a: Deoxys|1/100|[from] Salt Cure
|upkeep
|turn|16
|
|t:|1758264015
|switch|p2a: Great Tusk|Great Tusk|100/100
|-damage|p2a: Great Tusk|98/100|[from] Stealth Rock
|move|p1a: Gholdengo|Shadow Ball|p2a: Great Tusk
|-damage|p2a: Great Tusk|28/100
|-unboost|p2a: Great Tusk|spd|1
|
|-heal|p1a: Gholdengo|87/100|[from] item: Leftovers
|upkeep
|turn|17
|
|t:|1758264026
|switch|p1a: Alomomola|Alomomola, F|100/100
|move|p2a: Great Tusk|Knock Off|p1a: Alomomola
|-damage|p1a: Alomomola|79/100
|-enditem|p1a: Alomomola|Heavy-Duty Boots|[from] move: Knock Off|[of] p2a: Great Tusk
|
|upkeep
|turn|18
|
|t:|1758264034
|move|p2a: Great Tusk|Rapid Spin|p1a: Alomomola
|-damage|p1a: Alomomola|68/100
|-boost|p2a: Great Tusk|spe|1
|-sideend|p2: LX1987|Stealth Rock|[from] move: Rapid Spin|[of] p2a: Great Tusk
|move|p1a: Alomomola|Flip Turn|p2a: Great Tusk
|-supereffective|p2a: Great Tusk
|-damage|p2a: Great Tusk|5/100
|-damage|p1a: Alomomola|51/100|[from] item: Rocky Helmet|[of] p2a: Great Tusk
|
|t:|1758264037
|switch|p1a: Dragonite|Dragonite, M|83/100|[from] Flip Turn
|-damage|p1a: Dragonite|58/100|[from] Stealth Rock
|
|upkeep
|turn|19
|
|t:|1758264049
|-end|p2a: Great Tusk|Protosynthesis|[silent]
|switch|p2a: Deoxys|Deoxys-Defense|1/100
|-ability|p2a: Deoxys|Pressure
|move|p1a: Dragonite|Extreme Speed|p2a: Deoxys
|-damage|p2a: Deoxys|0 fnt
|faint|p2a: Deoxys
|
|upkeep
|l|☆LX1987
|inactive|LX1987 disconnected and has a minute to reconnect!
|player|p2|
|j|☆LX1987
|inactive|LX1987 reconnected and has 120 seconds left.
|player|p2|LX1987|170|
|
|t:|1758264087
|switch|p2a: Toxapex|Toxapex, M|79/100
|turn|20
|
|t:|1758264107
|switch|p2a: Great Tusk|Great Tusk|5/100
|move|p1a: Dragonite|Earthquake|p2a: Great Tusk
|-damage|p2a: Great Tusk|0 fnt
|faint|p2a: Great Tusk
|-end|p2a: Great Tusk|Protosynthesis|[silent]
|
|upkeep
|
|t:|1758264117
|switch|p2a: Moltres|Moltres|100/100
|turn|21
|
|t:|1758264124
|move|p2a: Moltres|Hurricane|p1a: Dragonite
|-crit|p1a: Dragonite
|-damage|p1a: Dragonite|0 fnt
|faint|p1a: Dragonite
|
|upkeep
|
|t:|1758264131
|switch|p1a: Garganacl|Garganacl, M|97/100
|-damage|p1a: Garganacl|84/100|[from] Stealth Rock
|turn|22
|
|t:|1758264139
|switch|p2a: Toxapex|Toxapex, M|100/100
|-terastallize|p1a: Garganacl|Fairy
|move|p1a: Garganacl|Salt Cure|p2a: Toxapex
|-damage|p2a: Toxapex|92/100
|-start|p2a: Toxapex|Salt Cure
|
|-heal|p1a: Garganacl|90/100|[from] item: Leftovers
|-heal|p2a: Toxapex|99/100|[from] item: Black Sludge
|-damage|p2a: Toxapex|74/100|[from] Salt Cure
|upkeep
|turn|23
|
|t:|1758264153
|switch|p2a: Moltres|Moltres|100/100
|move|p1a: Garganacl|Stealth Rock|p2a: Moltres
|-sidestart|p2: LX1987|move: Stealth Rock
|
|-heal|p1a: Garganacl|97/100|[from] item: Leftovers
|upkeep
|turn|24
|
|t:|1758264162
|move|p2a: Moltres|Hurricane|p1a: Garganacl
|-damage|p1a: Garganacl|62/100
|-start|p1a: Garganacl|confusion
|-activate|p1a: Garganacl|confusion
|move|p1a: Garganacl|Salt Cure|p2a: Moltres
|-supereffective|p2a: Moltres
|-damage|p2a: Moltres|44/100
|-start|p2a: Moltres|Salt Cure
|
|-heal|p1a: Garganacl|68/100|[from] item: Leftovers
|-damage|p2a: Moltres|32/100|[from] Salt Cure
|upkeep
|turn|25
|
|t:|1758264174
|move|p2a: Moltres|Roost|p2a: Moltres
|-heal|p2a: Moltres|82/100
|-singleturn|p2a: Moltres|move: Roost
|-activate|p1a: Garganacl|confusion
|-damage|p1a: Garganacl|62/100|[from] confusion
|
|-heal|p1a: Garganacl|68/100|[from] item: Leftovers
|-damage|p2a: Moltres|70/100|[from] Salt Cure
|upkeep
|turn|26
|
|t:|1758264185
|-activate|p1a: Garganacl|confusion
|move|p1a: Garganacl|Protect|p1a: Garganacl
|-singleturn|p1a: Garganacl|Protect
|move|p2a: Moltres|Overheat|p1a: Garganacl
|-activate|p1a: Garganacl|move: Protect
|
|-heal|p1a: Garganacl|74/100|[from] item: Leftovers
|-damage|p2a: Moltres|57/100|[from] Salt Cure
|upkeep
|turn|27
|
|t:|1758264195
|move|p2a: Moltres|Overheat|p1a: Garganacl
|-damage|p1a: Garganacl|32/100
|-unboost|p2a: Moltres|spa|2
|-end|p1a: Garganacl|confusion
|move|p1a: Garganacl|Salt Cure|p2a: Moltres
|-supereffective|p2a: Moltres
|-damage|p2a: Moltres|9/100
|
|-heal|p1a: Garganacl|38/100|[from] item: Leftovers
|-damage|p2a: Moltres|0 fnt|[from] Salt Cure
|faint|p2a: Moltres
|upkeep
|
|t:|1758264208
|switch|p2a: Dragonite|Dragonite, M|100/100
|-damage|p2a: Dragonite|76/100|[from] Stealth Rock
|turn|28
|
|t:|1758264214
|switch|p1a: Alomomola|Alomomola, F|84/100
|-damage|p1a: Alomomola|72/100|[from] Stealth Rock
|-terastallize|p2a: Dragonite|Normal
|move|p2a: Dragonite|Extreme Speed|p1a: Alomomola
|-damage|p1a: Alomomola|28/100
|
|upkeep
|turn|29
|
|t:|1758264224
|move|p2a: Dragonite|Extreme Speed|p1a: Alomomola
|-damage|p1a: Alomomola|0 fnt
|faint|p1a: Alomomola
|
|upkeep
|
|t:|1758264226
|switch|p1a: Raging Bolt|Raging Bolt|82/100 tox
|-damage|p1a: Raging Bolt|70/100 tox|[from] Stealth Rock
|turn|30
|
|t:|1758264232
|move|p2a: Dragonite|Extreme Speed|p1a: Raging Bolt
|-damage|p1a: Raging Bolt|5/100 tox
|move|p1a: Raging Bolt|Dragon Pulse|p2a: Dragonite
|-damage|p2a: Dragonite|4/100
|
|-damage|p1a: Raging Bolt|0 fnt|[from] psn
|faint|p1a: Raging Bolt
|-end|p1a: Raging Bolt|Protosynthesis|[silent]
|upkeep
|
|t:|1758264238
|switch|p1a: Great Tusk|Great Tusk|100/100
|turn|31
|
|t:|1758264247
|move|p2a: Dragonite|Extreme Speed|p1a: Great Tusk
|-damage|p1a: Great Tusk|48/100
|move|p1a: Great Tusk|Rapid Spin|p2a: Dragonite
|-damage|p2a: Dragonite|0 fnt
|-boost|p1a: Great Tusk|spe|1
|-sideend|p1: Dio_Eleutherios|Stealth Rock|[from] move: Rapid Spin|[of] p1a: Great Tusk
|faint|p2a: Dragonite
|
|upkeep
|
|t:|1758264258
|switch|p2a: Toxapex|Toxapex, M|100/100
|-damage|p2a: Toxapex|88/100|[from] Stealth Rock
|turn|32
|
|t:|1758264263
|move|p1a: Great Tusk|Headlong Rush|p2a: Toxapex
|-supereffective|p2a: Toxapex
|-damage|p2a: Toxapex|6/100
|-unboost|p1a: Great Tusk|def|1
|-unboost|p1a: Great Tusk|spd|1
|move|p2a: Toxapex|Toxic|p1a: Great Tusk
|-status|p1a: Great Tusk|tox
|
|-heal|p2a: Toxapex|13/100|[from] item: Black Sludge
|-damage|p1a: Great Tusk|42/100 tox|[from] psn
|upkeep
|turn|33
|
|t:|1758264276
|move|p1a: Great Tusk|Knock Off|p2a: Toxapex
|-damage|p2a: Toxapex|0 fnt
|-enditem|p2a: Toxapex|Black Sludge|[from] move: Knock Off|[of] p1a: Great Tusk
|faint|p2a: Toxapex
|
|-damage|p1a: Great Tusk|30/100 tox|[from] psn
|upkeep
|
|t:|1758264284
|switch|p2a: Kleavor|Kleavor, F|41/100
|-damage|p2a: Kleavor|17/100|[from] Stealth Rock
|turn|34
|
|t:|1758264291
|move|p2a: Kleavor|Quick Attack|p1a: Great Tusk
|-damage|p1a: Great Tusk|14/100 tox
|move|p1a: Great Tusk|Ice Spinner|p2a: Kleavor
|-damage|p2a: Kleavor|0 fnt
|faint|p2a: Kleavor
|
|win|Dio_Eleutherios
|raw|Dio_Eleutherios's rating: 1374 &rarr; <strong>1394</strong><br />(+20 for winning)
|raw|LX1987's rating: 1382 &rarr; <strong>1362</strong><br />(-20 for losing)
|l|☆Dio_Eleutherios
|player|p1|
|l|☆LX1987
|player|p2|
