|badge|p1|bronze|gen9ou|100-6
|uhtml|medal-msg|<div class="broadcast-blue">Curious what those medals under the avatar are? PS now has Ladder Seasons! For more information, check out the <a href="https://www.smogon.com/forums/threads/3740067/">thread on Smogon.</a></div>
|j|☆saeyouwontletgo
|j|☆sunny dancing
|t:|1758257756
|gametype|singles
|player|p1|saeyouwontletgo|102|1746
|player|p2|sunny dancing|1|1698
|gen|9
|tier|[Gen 9] OU
|rated|
|rule|HP Percentage Mod: HP is shown in percentages
|rule|Endless Battle Clause: Forcing endless battles is banned
|rule|Species Clause: Limit one of each Pokémon
|rule|OHKO Clause: OHKO moves are banned
|rule|Evasion Items Clause: Evasion items are banned
|rule|Evasion Moves Clause: Evasion moves are banned
|rule|Evasion Abilities Clause: Evasion abilities are banned
|rule|Sleep Moves Clause: Sleep-inducing moves are banned
|clearpoke
|poke|p1|Pecharunt|
|poke|p1|Great Tusk|
|poke|p1|Ogerpon-Wellspring, F|
|poke|p1|Iron Crown|
|poke|p1|Landorus-Therian, M|
|poke|p1|Samurott-Hisui, M|
|poke|p2|Ogerpon-Wellspring, F|
|poke|p2|Slowking-Galar, M|
|poke|p2|Great Tusk|
|poke|p2|Moltres|
|poke|p2|Dragapult, M|
|poke|p2|Kingambit, F|
|teampreview
|inactive|Battle timer is ON: inactive players will automatically lose when time's up. (requested by saeyouwontletgo)
|inactive|sunny dancing also wants the timer to be on.
|
|t:|1758257767
|teamsize|p1|6
|teamsize|p2|6
|start
|switch|p1a: Landorus|Landorus-Therian, M|100/100
|switch|p2a: Slowking|Slowking-Galar, M|100/100
|-ability|p1a: Landorus|Intimidate|boost
|-unboost|p2a: Slowking|atk|1
|turn|1
|
|t:|1758257773
|move|p1a: Landorus|U-turn|p2a: Slowking
|-damage|p2a: Slowking|74/100
|
|t:|1758257776
|switch|p1a: Samurott|Samurott-Hisui, M|100/100|[from] U-turn
|move|p2a: Slowking|Ice Beam|p1a: Samurott
|-resisted|p1a: Samurott
|-damage|p1a: Samurott|87/100
|-status|p1a: Samurott|frz
|
|upkeep
|turn|2
|j| KappaHalo
|j| king of spycrabs
|
|t:|1758257786
|switch|p2a: Ogerpon|Ogerpon-Wellspring, F|100/100
|-curestatus|p1a: Samurott|frz|[msg]
|move|p1a: Samurott|Ceaseless Edge|p2a: Ogerpon
|-damage|p2a: Ogerpon|36/100
|-sidestart|p2: sunny dancing|Spikes
|
|upkeep
|turn|3
|
|t:|1758257793
|switch|p2a: Great Tusk|Great Tusk|100/100
|-damage|p2a: Great Tusk|88/100|[from] Spikes
|move|p1a: Samurott|Sucker Punch||[still]
|-fail|p1a: Samurott
|
|upkeep
|turn|4
|
|t:|1758257799
|switch|p1a: Landorus|Landorus-Therian, M|100/100
|-ability|p1a: Landorus|Intimidate|boost
|-unboost|p2a: Great Tusk|atk|1
|move|p2a: Great Tusk|Rapid Spin|p1a: Landorus
|-damage|p1a: Landorus|87/100
|-boost|p2a: Great Tusk|spe|1
|-sideend|p2: sunny dancing|Spikes|[from] move: Rapid Spin|[of] p2a: Great Tusk
|
|upkeep
|turn|5
|
|t:|1758257807
|move|p2a: Great Tusk|Ice Spinner|p1a: Landorus
|-supereffective|p1a: Landorus
|-damage|p1a: Landorus|5/100
|move|p1a: Landorus|U-turn|p2a: Great Tusk
|-resisted|p2a: Great Tusk
|-damage|p2a: Great Tusk|77/100
|-damage|p1a: Landorus|0 fnt|[from] item: Rocky Helmet|[of] p2a: Great Tusk
|faint|p1a: Landorus
|
|upkeep
|
|t:|1758257823
|switch|p1a: Pecharunt|Pecharunt|100/100
|turn|6
|j| Phrew
|
|t:|1758257829
|move|p2a: Great Tusk|Stealth Rock|p1a: Pecharunt
|-sidestart|p1: saeyouwontletgo|move: Stealth Rock
|move|p1a: Pecharunt|Malignant Chain|p2a: Great Tusk
|-resisted|p2a: Great Tusk
|-damage|p2a: Great Tusk|51/100
|
|upkeep
|turn|7
|
|t:|1758257837
|-end|p2a: Great Tusk|Protosynthesis|[silent]
|switch|p2a: Kingambit|Kingambit, F|100/100
|move|p1a: Pecharunt|Parting Shot|p2a: Kingambit
|-unboost|p2a: Kingambit|atk|1
|-unboost|p2a: Kingambit|spa|1
|
|t:|1758257839
|switch|p1a: Great Tusk|Great Tusk|100/100|[from] Parting Shot
|-damage|p1a: Great Tusk|98/100|[from] Stealth Rock
|-enditem|p1a: Great Tusk|Booster Energy
|-activate|p1a: Great Tusk|ability: Protosynthesis|[fromitem]
|-start|p1a: Great Tusk|protosynthesisspe
|
|upkeep
|turn|8
|
|t:|1758257845
|-end|p2a: Kingambit|fallenundefined|[silent]
|switch|p2a: Moltres|Moltres|100/100
|move|p1a: Great Tusk|Stealth Rock|p2a: Moltres
|-sidestart|p2: sunny dancing|move: Stealth Rock
|
|upkeep
|turn|9
|j| IM AT MY LIMIT
|
|t:|1758257851
|move|p1a: Great Tusk|Knock Off|p2a: Moltres
|-damage|p2a: Moltres|81/100
|-enditem|p2a: Moltres|Heavy-Duty Boots|[from] move: Knock Off|[of] p1a: Great Tusk
|move|p2a: Moltres|Flamethrower|p1a: Great Tusk
|-damage|p1a: Great Tusk|50/100
|
|upkeep
|turn|10
|
|t:|1758257860
|move|p1a: Great Tusk|Rapid Spin|p2a: Moltres
|-damage|p2a: Moltres|70/100
|-boost|p1a: Great Tusk|spe|1
|-status|p1a: Great Tusk|brn|[from] ability: Flame Body|[of] p2a: Moltres
|-sideend|p1: saeyouwontletgo|Stealth Rock|[from] move: Rapid Spin|[of] p1a: Great Tusk
|move|p2a: Moltres|Roost|p2a: Moltres
|-heal|p2a: Moltres|100/100
|-singleturn|p2a: Moltres|move: Roost
|
|-damage|p1a: Great Tusk|43/100 brn|[from] brn
|upkeep
|turn|11
|
|t:|1758257868
|move|p1a: Great Tusk|Knock Off|p2a: Moltres
|-damage|p2a: Moltres|94/100
|move|p2a: Moltres|U-turn|p1a: Great Tusk
|-resisted|p1a: Great Tusk
|-damage|p1a: Great Tusk|39/100 brn
|l| IM AT MY LIMIT
|
|t:|1758257875
|switch|p2a: Great Tusk|Great Tusk|51/100|[from] U-turn
|-damage|p2a: Great Tusk|48/100|[from] Stealth Rock
|
|-damage|p1a: Great Tusk|33/100 brn|[from] brn
|upkeep
|turn|12
|j| wgw2333
|
|t:|1758257881
|-end|p1a: Great Tusk|Protosynthesis|[silent]
|switch|p1a: Pecharunt|Pecharunt|100/100
|move|p2a: Great Tusk|Rapid Spin|p1a: Pecharunt
|-immune|p1a: Pecharunt
|
|upkeep
|turn|13
|
|t:|1758257887
|move|p2a: Great Tusk|Headlong Rush|p1a: Pecharunt
|-supereffective|p1a: Pecharunt
|-damage|p1a: Pecharunt|39/100
|-unboost|p2a: Great Tusk|def|1
|-unboost|p2a: Great Tusk|spd|1
|-damage|p2a: Great Tusk|31/100|[from] item: Rocky Helmet|[of] p1a: Pecharunt
|move|p1a: Pecharunt|Malignant Chain|p2a: Great Tusk
|-resisted|p2a: Great Tusk
|-damage|p2a: Great Tusk|0 fnt
|faint|p2a: Great Tusk
|-end|p2a: Great Tusk|Protosynthesis|[silent]
|
|upkeep
|
|t:|1758257895
|switch|p2a: Kingambit|Kingambit, F|100/100
|-damage|p2a: Kingambit|94/100|[from] Stealth Rock
|-activate|p2a: Kingambit|ability: Supreme Overlord
|-start|p2a: Kingambit|fallen1|[silent]
|turn|14
|j| alex20101010
|
|t:|1758257901
|move|p1a: Pecharunt|Parting Shot|p2a: Kingambit
|-unboost|p2a: Kingambit|atk|1
|-unboost|p2a: Kingambit|spa|1
|
|t:|1758257903
|switch|p1a: Great Tusk|Great Tusk|33/100 brn|[from] Parting Shot
|move|p2a: Kingambit|Swords Dance|p2a: Kingambit
|-boost|p2a: Kingambit|atk|2
|
|-heal|p2a: Kingambit|100/100|[from] item: Leftovers
|-damage|p1a: Great Tusk|26/100 brn|[from] brn
|upkeep
|turn|15
|
|t:|1758257910
|move|p1a: Great Tusk|Headlong Rush|p2a: Kingambit
|-supereffective|p2a: Kingambit
|-damage|p2a: Kingambit|62/100
|-unboost|p1a: Great Tusk|def|1
|-unboost|p1a: Great Tusk|spd|1
|move|p2a: Kingambit|Swords Dance|p2a: Kingambit
|-boost|p2a: Kingambit|atk|2
|
|-heal|p2a: Kingambit|68/100|[from] item: Leftovers
|-damage|p1a: Great Tusk|20/100 brn|[from] brn
|upkeep
|turn|16
|
|t:|1758257917
|move|p2a: Kingambit|Sucker Punch|p1a: Great Tusk
|-resisted|p1a: Great Tusk
|-damage|p1a: Great Tusk|0 fnt
|faint|p1a: Great Tusk
|-end|p1a: Great Tusk|Protosynthesis|[silent]
|
|-heal|p2a: Kingambit|74/100|[from] item: Leftovers
|upkeep
|l| KappaHalo
|j| KappaHalo
|l| KappaHalo
|
|t:|1758257944
|switch|p1a: Samurott|Samurott-Hisui, M|87/100
|turn|17
|
|t:|1758257950
|move|p1a: Samurott|Flip Turn|p2a: Kingambit
|-damage|p2a: Kingambit|50/100
|
|t:|1758257952
|switch|p1a: Pecharunt|Pecharunt|39/100|[from] Flip Turn
|move|p2a: Kingambit|Low Kick|p1a: Pecharunt
|-immune|p1a: Pecharunt
|
|-heal|p2a: Kingambit|56/100|[from] item: Leftovers
|upkeep
|turn|18
|
|t:|1758257958
|move|p1a: Pecharunt|Foul Play|p2a: Kingambit
|-resisted|p2a: Kingambit
|-damage|p2a: Kingambit|24/100
|move|p2a: Kingambit|Swords Dance|p2a: Kingambit
|-boost|p2a: Kingambit|atk|2
|
|-heal|p2a: Kingambit|31/100|[from] item: Leftovers
|upkeep
|turn|19
|
|t:|1758257964
|move|p2a: Kingambit|Sucker Punch||[still]
|-fail|p2a: Kingambit
|move|p1a: Pecharunt|Parting Shot|p2a: Kingambit
|-unboost|p2a: Kingambit|atk|1
|-unboost|p2a: Kingambit|spa|1
|
|t:|1758257966
|switch|p1a: Samurott|Samurott-Hisui, M|87/100|[from] Parting Shot
|
|-heal|p2a: Kingambit|37/100|[from] item: Leftovers
|upkeep
|turn|20
|
|t:|1758257972
|move|p2a: Kingambit|Sucker Punch|p1a: Samurott
|-resisted|p1a: Samurott
|-damage|p1a: Samurott|4/100
|move|p1a: Samurott|Flip Turn|p2a: Kingambit
|-damage|p2a: Kingambit|13/100
|
|t:|1758257975
|switch|p1a: Pecharunt|Pecharunt|39/100|[from] Flip Turn
|
|-heal|p2a: Kingambit|19/100|[from] item: Leftovers
|upkeep
|turn|21
|
|t:|1758257981
|move|p1a: Pecharunt|Foul Play|p2a: Kingambit
|-resisted|p2a: Kingambit
|-damage|p2a: Kingambit|0 fnt
|faint|p2a: Kingambit
|-end|p2a: Kingambit|fallen1|[silent]
|
|upkeep
|
|t:|1758257987
|switch|p2a: Dragapult|Dragapult, M|100/100
|turn|22
|j| IM AT MY LIMIT
|
|t:|1758257994
|switch|p2a: Slowking|Slowking-Galar, M|100/100
|-damage|p2a: Slowking|88/100|[from] Stealth Rock
|move|p1a: Pecharunt|Malignant Chain|p2a: Slowking
|-resisted|p2a: Slowking
|-damage|p2a: Slowking|80/100
|
|upkeep
|turn|23
|
|t:|1758258001
|move|p1a: Pecharunt|Parting Shot|p2a: Slowking
|-unboost|p2a: Slowking|atk|1
|-unboost|p2a: Slowking|spa|1
|
|t:|1758258003
|switch|p1a: Samurott|Samurott-Hisui, M|4/100|[from] Parting Shot
|move|p2a: Slowking|Ice Beam|p1a: Samurott
|-resisted|p1a: Samurott
|-crit|p1a: Samurott
|-damage|p1a: Samurott|0 fnt
|faint|p1a: Samurott
|
|upkeep
|
|t:|1758258004
|switch|p1a: Ogerpon|Ogerpon-Wellspring, F|100/100
|turn|24
|
|t:|1758258011
|switch|p2a: Dragapult|Dragapult, M|100/100
|-terastallize|p1a: Ogerpon|Water
|detailschange|p1a: Ogerpon|Ogerpon-Wellspring-Tera, F, tera:Water
|-ability|p1a: Ogerpon|Embody Aspect (Wellspring)|boost
|-boost|p1a: Ogerpon|spd|1
|move|p1a: Ogerpon|Swords Dance|p1a: Ogerpon
|-boost|p1a: Ogerpon|atk|2
|
|upkeep
|turn|25
|
|t:|1758258017
|move|p2a: Dragapult|U-turn|p1a: Ogerpon
|-damage|p1a: Ogerpon|83/100
|
|t:|1758258023
|switch|p2a: Moltres|Moltres|94/100|[from] U-turn
|-damage|p2a: Moltres|44/100|[from] Stealth Rock
|move|p1a: Ogerpon|Trailblaze|p2a: Moltres
|-resisted|p2a: Moltres
|-damage|p2a: Moltres|35/100
|-boost|p1a: Ogerpon|spe|1
|
|upkeep
|turn|26
|l| IM AT MY LIMIT
|
|t:|1758258029
|switch|p2a: Ogerpon|Ogerpon-Wellspring, F|36/100
|-damage|p2a: Ogerpon|23/100|[from] Stealth Rock
|move|p1a: Ogerpon|Ivy Cudgel|p2a: Ogerpon|[anim] Ivy Cudgel Water
|-heal|p2a: Ogerpon|48/100|[from] ability: Water Absorb|[of] p1a: Ogerpon
|
|upkeep
|turn|27
|
|t:|1758258035
|switch|p2a: Slowking|Slowking-Galar, M|100/100
|-damage|p2a: Slowking|88/100|[from] Stealth Rock
|move|p1a: Ogerpon|Trailblaze|p2a: Slowking
|-resisted|p2a: Slowking
|-damage|p2a: Slowking|61/100
|-boost|p1a: Ogerpon|spe|1
|
|upkeep
|turn|28
|
|t:|1758258041
|switch|p2a: Ogerpon|Ogerpon-Wellspring, F|48/100
|-damage|p2a: Ogerpon|36/100|[from] Stealth Rock
|move|p1a: Ogerpon|Swords Dance|p1a: Ogerpon
|-boost|p1a: Ogerpon|atk|2
|
|upkeep
|turn|29
|
|t:|1758258047
|switch|p2a: Slowking|Slowking-Galar, M|94/100
|-damage|p2a: Slowking|81/100|[from] Stealth Rock
|move|p1a: Ogerpon|Trailblaze|p2a: Slowking
|-resisted|p2a: Slowking
|-damage|p2a: Slowking|46/100
|-boost|p1a: Ogerpon|spe|1
|
|upkeep
|turn|30
|
|t:|1758258053
|switch|p2a: Ogerpon|Ogerpon-Wellspring, F|36/100
|-damage|p2a: Ogerpon|24/100|[from] Stealth Rock
|move|p1a: Ogerpon|Trailblaze|p2a: Ogerpon
|-damage|p2a: Ogerpon|0 fnt
|-boost|p1a: Ogerpon|spe|1
|faint|p2a: Ogerpon
|
|upkeep
|
|t:|1758258059
|switch|p2a: Dragapult|Dragapult, M|100/100
|turn|31
|
|t:|1758258065
|switch|p2a: Moltres|Moltres|35/100
|-damage|p2a: Moltres|0 fnt|[from] Stealth Rock
|faint|p2a: Moltres
|move|p1a: Ogerpon|Ivy Cudgel|p2: Moltres|[notarget]
|-fail|p1a: Ogerpon
|
|upkeep
|
|t:|1758258070
|switch|p2a: Slowking|Slowking-Galar, M|79/100
|-damage|p2a: Slowking|66/100|[from] Stealth Rock
|turn|32
|
|t:|1758258076
|-terastallize|p2a: Slowking|Water
|move|p1a: Ogerpon|Ivy Cudgel|p2a: Slowking|[anim] Ivy Cudgel Water
|-resisted|p2a: Slowking
|-damage|p2a: Slowking|0 fnt
|faint|p2a: Slowking
|
|upkeep
|
|t:|1758258081
|switch|p2a: Dragapult|Dragapult, M|100/100
|turn|33
|j| isaac_gam3r
|
|t:|1758258084
|move|p1a: Ogerpon|Ivy Cudgel|p2a: Dragapult|[anim] Ivy Cudgel Water
|-resisted|p2a: Dragapult
|-damage|p2a: Dragapult|0 fnt
|faint|p2a: Dragapult
|
|win|saeyouwontletgo
|raw|saeyouwontletgo's rating: 1746 &rarr; <strong>1763</strong><br />(+17 for winning)
|raw|sunny dancing's rating: 1698 &rarr; <strong>1681</strong><br />(-17 for losing)
|l|☆sunny dancing
|player|p2|
|l|☆saeyouwontletgo
|player|p1|
|l| alex20101010
|l| king of spycrabs
|l| isaac_gam3r
|l| wgw2333
