|j|☆hauntersnightmare
|j|☆Mralexnui
|t:|1758308061
|gametype|singles
|player|p1|hauntersnightmare|169|1514
|player|p2|Mralexnui|janitor|1518
|gen|9
|tier|[Gen 9] OU
|rated|
|rule|HP Percentage Mod: HP is shown in percentages
|rule|Endless Battle Clause: Forcing endless battles is banned
|rule|Species Clause: Limit one of each Pokémon
|rule|OHKO Clause: OHKO moves are banned
|rule|Evasion Items Clause: Evasion items are banned
|rule|Evasion Moves Clause: Evasion moves are banned
|rule|Evasion Abilities Clause: Evasion abilities are banned
|rule|Sleep Moves Clause: Sleep-inducing moves are banned
|clearpoke
|poke|p1|Pawmot, F|
|poke|p1|Cresselia, F|
|poke|p1|Corviknight, M|
|poke|p1|Ninetales-Alola, M|
|poke|p1|Kingambit, M|
|poke|p1|Dragapult, F|
|poke|p2|Torkoal, M|
|poke|p2|Hatterene, F|
|poke|p2|Walking Wake|
|poke|p2|Lilligant-Hisui, F|
|poke|p2|Great Tusk|
|poke|p2|Charizard, F|
|teampreview
|inactive|Battle timer is ON: inactive players will automatically lose when time's up. (requested by hauntersnightmare)
|
|t:|1758308107
|teamsize|p1|6
|teamsize|p2|6
|start
|switch|p1a: Ninetales|Ninetales-Alola, M|100/100
|switch|p2a: Great Tusk|Great Tusk|100/100
|-weather|Snowscape|[from] ability: Snow Warning|[of] p1a: Ninetales
|turn|1
|
|t:|1758308117
|move|p1a: Ninetales|Aurora Veil|p1a: Ninetales
|-sidestart|p1: hauntersnightmare|move: Aurora Veil
|move|p2a: Great Tusk|Close Combat|p1a: Ninetales
|-damage|p1a: Ninetales|68/100
|-unboost|p2a: Great Tusk|def|1
|-unboost|p2a: Great Tusk|spd|1
|-enditem|p2a: Great Tusk|Eject Pack
|
|t:|1758308130
|-end|p2a: Great Tusk|Protosynthesis|[silent]
|switch|p2a: Torkoal|Torkoal, M|100/100
|-weather|SunnyDay|[from] ability: Drought|[of] p2a: Torkoal
|
|-weather|SunnyDay|[upkeep]
|upkeep
|turn|2
|
|t:|1758308155
|move|p1a: Ninetales|Snowscape|p1a: Ninetales
|-weather|Snowscape
|move|p2a: Torkoal|Stealth Rock|p1a: Ninetales
|-sidestart|p1: hauntersnightmare|move: Stealth Rock
|
|-weather|Snowscape|[upkeep]
|upkeep
|turn|3
|
|t:|1758308172
|switch|p1a: Dragapult|Dragapult, F|100/100
|-damage|p1a: Dragapult|88/100|[from] Stealth Rock
|move|p2a: Torkoal|Will-O-Wisp|p1a: Dragapult
|-status|p1a: Dragapult|brn
|
|-weather|Snowscape|[upkeep]
|-heal|p1a: Dragapult|94/100 brn|[from] item: Leftovers
|-damage|p1a: Dragapult|88/100 brn|[from] brn
|upkeep
|turn|4
|
|t:|1758308181
|switch|p1a: Cresselia|Cresselia, F|100/100
|-damage|p1a: Cresselia|88/100|[from] Stealth Rock
|switch|p2a: Hatterene|Hatterene, F|100/100
|
|-weather|Snowscape|[upkeep]
|upkeep
|turn|5
|
|t:|1758308200
|move|p1a: Cresselia|Trick|p2a: Hatterene
|-activate|p1a: Cresselia|move: Trick|[of] p2a: Hatterene
|-item|p2a: Hatterene|Choice Scarf|[from] move: Trick
|-item|p1a: Cresselia|Eject Button|[from] move: Trick
|move|p2a: Hatterene|Nuzzle|p1a: Cresselia
|-damage|p1a: Cresselia|86/100
|-status|p1a: Cresselia|par
|-enditem|p1a: Cresselia|Eject Button
|inactive|hauntersnightmare has 120 seconds left.
|
|t:|1758308219
|switch|p1a: Corviknight|Corviknight, M|100/100
|-damage|p1a: Corviknight|88/100|[from] Stealth Rock
|-ability|p1a: Corviknight|Pressure
|
|-weather|Snowscape|[upkeep]
|-heal|p1a: Corviknight|94/100|[from] item: Leftovers
|upkeep
|turn|6
|inactive|Mralexnui has 120 seconds left.
|
|t:|1758308253
|move|p1a: Corviknight|Substitute|p1a: Corviknight
|-start|p1a: Corviknight|Substitute
|-damage|p1a: Corviknight|69/100
|move|p2a: Hatterene|Nuzzle|p1a: Corviknight
|-supereffective|p1a: Corviknight
|-activate|p1a: Corviknight|move: Substitute|[damage]
|
|-weather|none
|-heal|p1a: Corviknight|75/100|[from] item: Leftovers
|upkeep
|turn|7
|
|t:|1758308258
|switch|p2a: Lilligant|Lilligant-Hisui, F|100/100
|move|p1a: Corviknight|Bulk Up|p1a: Corviknight
|-boost|p1a: Corviknight|atk|1
|-boost|p1a: Corviknight|def|1
|
|-heal|p1a: Corviknight|82/100|[from] item: Leftovers
|upkeep
|turn|8
|
|t:|1758308261
|move|p2a: Lilligant|Encore|p1a: Corviknight
|-start|p1a: Corviknight|Encore
|move|p1a: Corviknight|Bulk Up|p1a: Corviknight
|-boost|p1a: Corviknight|atk|1
|-boost|p1a: Corviknight|def|1
|
|-heal|p1a: Corviknight|88/100|[from] item: Leftovers
|-sideend|p1: hauntersnightmare|move: Aurora Veil
|upkeep
|turn|9
|
|t:|1758308266
|switch|p2a: StallMelter9000|Charizard, F|100/100
|move|p1a: Corviknight|Bulk Up|p1a: Corviknight
|-boost|p1a: Corviknight|atk|1
|-boost|p1a: Corviknight|def|1
|
|-heal|p1a: Corviknight|94/100|[from] item: Leftovers
|upkeep
|turn|10
|
|t:|1758308271
|-terastallize|p1a: Corviknight|Dragon
|move|p2a: StallMelter9000|Flamethrower|p1a: Corviknight
|-resisted|p1a: Corviknight
|-end|p1a: Corviknight|Substitute
|move|p1a: Corviknight|Bulk Up|p1a: Corviknight
|-boost|p1a: Corviknight|atk|1
|-boost|p1a: Corviknight|def|1
|
|-heal|p1a: Corviknight|100/100|[from] item: Leftovers
|-end|p1a: Corviknight|Encore
|upkeep
|turn|11
|inactive|Mralexnui has 120 seconds left.
|
|t:|1758308304
|switch|p2a: Great Tusk|Great Tusk|100/100
|move|p1a: Corviknight|Substitute|p1a: Corviknight
|-start|p1a: Corviknight|Substitute
|-damage|p1a: Corviknight|75/100
|
|-heal|p1a: Corviknight|82/100|[from] item: Leftovers
|upkeep
|turn|12
|inactive|Mralexnui has 120 seconds left.
|
|t:|1758308321
|move|p2a: Great Tusk|Close Combat|p1a: Corviknight
|-activate|p1a: Corviknight|move: Substitute|[damage]
|-unboost|p2a: Great Tusk|def|1
|-unboost|p2a: Great Tusk|spd|1
|move|p1a: Corviknight|Brave Bird|p2a: Great Tusk
|-supereffective|p2a: Great Tusk
|-damage|p2a: Great Tusk|0 fnt
|faint|p2a: Great Tusk
|-end|p2a: Great Tusk|Protosynthesis|[silent]
|-damage|p1a: Corviknight|51/100|[from] Recoil
|
|-heal|p1a: Corviknight|57/100|[from] item: Leftovers
|upkeep
|j| IWasBornFaat
|
|t:|1758308333
|switch|p2a: StallMelter9000|Charizard, F|100/100
|turn|13
|
|t:|1758308337
|move|p2a: StallMelter9000|Flamethrower|p1a: Corviknight
|-resisted|p1a: Corviknight
|-end|p1a: Corviknight|Substitute
|move|p1a: Corviknight|Brave Bird|p2a: StallMelter9000
|-damage|p2a: StallMelter9000|0 fnt
|faint|p2a: StallMelter9000
|-damage|p1a: Corviknight|33/100|[from] Recoil
|
|-heal|p1a: Corviknight|39/100|[from] item: Leftovers
|upkeep
|inactive|Mralexnui has 120 seconds left.
|
|t:|1758308355
|switch|p2a: Walking Wake|Walking Wake|100/100
|turn|14
|
|t:|1758308390
|switch|p1a: Ninetales|Ninetales-Alola, M|68/100
|-damage|p1a: Ninetales|43/100|[from] Stealth Rock
|-weather|Snowscape|[from] ability: Snow Warning|[of] p1a: Ninetales
|move|p2a: Walking Wake|Dragon Pulse|p1a: Ninetales
|-immune|p1a: Ninetales
|
|-weather|Snowscape|[upkeep]
|upkeep
|turn|15
|
|t:|1758308412
|-end|p2a: Walking Wake|Protosynthesis|[silent]
|switch|p2a: Hatterene|Hatterene, F|100/100
|move|p1a: Ninetales|Aurora Veil|p1a: Ninetales
|-sidestart|p1: hauntersnightmare|move: Aurora Veil
|
|-weather|Snowscape|[upkeep]
|upkeep
|turn|16
|
|t:|1758308424
|switch|p1a: Cresselia|Cresselia, F|86/100 par
|-damage|p1a: Cresselia|74/100 par|[from] Stealth Rock
|move|p2a: Hatterene|Dazzling Gleam|p1a: Cresselia
|-damage|p1a: Cresselia|59/100 par
|
|-weather|Snowscape|[upkeep]
|upkeep
|turn|17
|
|t:|1758308436
|move|p1a: Cresselia|Lunar Dance|p1a: Cresselia
|faint|p1a: Cresselia
|move|p2a: Hatterene|Dazzling Gleam|p1: Cresselia|[notarget]
|-fail|p2a: Hatterene
|
|-weather|Snowscape|[upkeep]
|upkeep
|
|t:|1758308443
|switch|p1a: Dragapult|Dragapult, F|88/100 brn
|-heal|p1a: Dragapult|100/100|[from] move: Lunar Dance
|-damage|p1a: Dragapult|88/100|[from] Stealth Rock
|turn|18
|
|t:|1758308452
|move|p1a: Dragapult|Phantom Force||[still]
|-prepare|p1a: Dragapult|Phantom Force
|move|p2a: Hatterene|Dazzling Gleam|p1a: Dragapult|[miss]
|-miss|p2a: Hatterene|p1a: Dragapult
|
|-weather|none
|-heal|p1a: Dragapult|94/100|[from] item: Leftovers
|upkeep
|turn|19
|inactive|Mralexnui has 120 seconds left.
|
|t:|1758308459
|switch|p2a: Torkoal|Torkoal, M|100/100
|-weather|SunnyDay|[from] ability: Drought|[of] p2a: Torkoal
|move|p1a: Dragapult|Phantom Force|p2a: Torkoal|[from] lockedmove
|-damage|p2a: Torkoal|71/100
|
|-weather|SunnyDay|[upkeep]
|-heal|p1a: Dragapult|99/100|[from] item: Leftovers
|upkeep
|turn|20
|
|t:|1758308468
|switch|p1a: Ninetales|Ninetales-Alola, M|43/100
|-damage|p1a: Ninetales|18/100|[from] Stealth Rock
|-weather|Snowscape|[from] ability: Snow Warning|[of] p1a: Ninetales
|move|p2a: Torkoal|Will-O-Wisp|p1a: Ninetales|[miss]
|-miss|p2a: Torkoal|p1a: Ninetales
|
|-weather|Snowscape|[upkeep]
|upkeep
|turn|21
|j| IM AT MY LIMIT
|l| IM AT MY LIMIT
|
|t:|1758308478
|switch|p1a: Pawmot|Pawmot, F|100/100
|-damage|p1a: Pawmot|94/100|[from] Stealth Rock
|move|p2a: Torkoal|Clear Smog|p1a: Pawmot
|-damage|p1a: Pawmot|87/100
|-clearboost|p1a: Pawmot
|
|-weather|Snowscape|[upkeep]
|upkeep
|turn|22
|
|t:|1758308494
|switch|p2a: Hatterene|Hatterene, F|100/100
|move|p1a: Pawmot|Revival Blessing|p1a: Pawmot
|-enditem|p1a: Pawmot|Leppa Berry|[eat]
|-activate|p1a: Pawmot|item: Leppa Berry|Revival Blessing|[consumed]
|
|t:|1758308497
|-heal|p1: Cresselia|50/100|[from] move: Revival Blessing
|
|-weather|Snowscape|[upkeep]
|-sideend|p1: hauntersnightmare|move: Aurora Veil
|upkeep
|turn|23
|
|t:|1758308513
|switch|p1a: Cresselia|Cresselia, F|50/100
|-damage|p1a: Cresselia|38/100|[from] Stealth Rock
|move|p2a: Hatterene|Dazzling Gleam|p1a: Cresselia
|-damage|p1a: Cresselia|10/100
|
|-weather|Snowscape|[upkeep]
|upkeep
|turn|24
|inactive|Mralexnui has 120 seconds left.
|
|t:|1758308544
|switch|p2a: Walking Wake|Walking Wake|100/100
|move|p1a: Cresselia|Lunar Dance|p1a: Cresselia
|faint|p1a: Cresselia
|
|-weather|none
|upkeep
|
|t:|1758308551
|switch|p1a: Ninetales|Ninetales-Alola, M|18/100
|-heal|p1a: Ninetales|100/100|[from] move: Lunar Dance
|-damage|p1a: Ninetales|75/100|[from] Stealth Rock
|-weather|Snowscape|[from] ability: Snow Warning|[of] p1a: Ninetales
|turn|25
|inactive|Mralexnui has 120 seconds left.
|
|t:|1758308556
|move|p2a: Walking Wake|Flamethrower|p1a: Ninetales
|-supereffective|p1a: Ninetales
|-damage|p1a: Ninetales|0 fnt
|faint|p1a: Ninetales
|
|-weather|Snowscape|[upkeep]
|upkeep
|
|t:|1758308561
|switch|p1a: Dragapult|Dragapult, F|99/100
|-damage|p1a: Dragapult|88/100|[from] Stealth Rock
|turn|26
|
|t:|1758308569
|-end|p2a: Walking Wake|Protosynthesis|[silent]
|switch|p2a: Hatterene|Hatterene, F|100/100
|move|p1a: Dragapult|Dragon Dance|p1a: Dragapult
|-boost|p1a: Dragapult|atk|1
|-boost|p1a: Dragapult|spe|1
|
|-weather|Snowscape|[upkeep]
|-heal|p1a: Dragapult|94/100|[from] item: Leftovers
|upkeep
|turn|27
|
|t:|1758308578
|switch|p2a: Torkoal|Torkoal, M|71/100
|-weather|SunnyDay|[from] ability: Drought|[of] p2a: Torkoal
|move|p1a: Dragapult|Phantom Force||[still]
|-prepare|p1a: Dragapult|Phantom Force
|
|-weather|SunnyDay|[upkeep]
|-heal|p1a: Dragapult|99/100|[from] item: Leftovers
|upkeep
|turn|28
|
|t:|1758308588
|move|p1a: Dragapult|Phantom Force|p2a: Torkoal|[from] lockedmove
|-damage|p2a: Torkoal|33/100
|move|p2a: Torkoal|Will-O-Wisp|p1a: Dragapult
|-status|p1a: Dragapult|brn
|
|-weather|SunnyDay|[upkeep]
|-heal|p1a: Dragapult|100/100 brn|[from] item: Leftovers
|-damage|p1a: Dragapult|95/100 brn|[from] brn
|upkeep
|turn|29
|
|t:|1758308600
|switch|p2a: Lilligant|Lilligant-Hisui, F|100/100
|move|p1a: Dragapult|Dragon Dance|p1a: Dragapult
|-boost|p1a: Dragapult|atk|1
|-boost|p1a: Dragapult|spe|1
|
|-weather|SunnyDay|[upkeep]
|-heal|p1a: Dragapult|100/100 brn|[from] item: Leftovers
|-damage|p1a: Dragapult|95/100 brn|[from] brn
|upkeep
|turn|30
|
|t:|1758308613
|move|p1a: Dragapult|Dragon Darts|p2a: Lilligant
|-damage|p2a: Lilligant|55/100
|-anim|p1a: Dragapult|Dragon Darts|p2a: Lilligant
|-damage|p2a: Lilligant|12/100
|move|p2a: Lilligant|Triple Axel|p1a: Dragapult
|-supereffective|p1a: Dragapult
|-damage|p1a: Dragapult|67/100 brn
|-supereffective|p1a: Dragapult
|-damage|p1a: Dragapult|10/100 brn
|-supereffective|p1a: Dragapult
|-damage|p1a: Dragapult|0 fnt
|faint|p1a: Dragapult
|-hitcount|p1: Dragapult|3
|-damage|p2a: Lilligant|2/100|[from] item: Life Orb
|
|-weather|SunnyDay|[upkeep]
|upkeep
|
|t:|1758308619
|switch|p1a: Kingambit|Kingambit, M|100/100
|-damage|p1a: Kingambit|94/100|[from] Stealth Rock
|-activate|p1a: Kingambit|ability: Supreme Overlord
|-start|p1a: Kingambit|fallen4|[silent]
|turn|31
|
|t:|1758308630
|move|p1a: Kingambit|Sucker Punch||[still]
|-fail|p1a: Kingambit
|move|p2a: Lilligant|Encore|p1a: Kingambit
|-start|p1a: Kingambit|Encore
|
|-weather|SunnyDay|[upkeep]
|-heal|p1a: Kingambit|100/100|[from] item: Leftovers
|upkeep
|turn|32
|
|t:|1758308636
|switch|p2a: Hatterene|Hatterene, F|100/100
|move|p1a: Kingambit|Sucker Punch||[still]
|-fail|p1a: Kingambit
|
|-weather|SunnyDay|[upkeep]
|upkeep
|turn|33
|
|t:|1758308647
|-end|p1a: Kingambit|fallen4|[silent]
|switch|p1a: Pawmot|Pawmot, F|87/100
|-damage|p1a: Pawmot|81/100|[from] Stealth Rock
|move|p2a: Hatterene|Healing Wish|p2a: Hatterene
|faint|p2a: Hatterene
|
|-weather|SunnyDay|[upkeep]
|upkeep
|
|t:|1758308655
|switch|p2a: Lilligant|Lilligant-Hisui, F|2/100
|-heal|p2a: Lilligant|100/100|[from] move: Healing Wish
|turn|34
|
|t:|1758308660
|move|p2a: Lilligant|Solar Blade||[still]
|-prepare|p2a: Lilligant|Solar Blade
|-anim|p2a: Lilligant|Solar Blade|p1a: Pawmot
|-damage|p1a: Pawmot|0 fnt
|faint|p1a: Pawmot
|-damage|p2a: Lilligant|91/100|[from] item: Life Orb
|
|-weather|none
|upkeep
|
|t:|1758308664
|switch|p1a: Corviknight|Corviknight, M, tera:Dragon|39/100
|-damage|p1a: Corviknight|27/100|[from] Stealth Rock
|-ability|p1a: Corviknight|Pressure
|turn|35
|
|t:|1758308669
|move|p2a: Lilligant|Close Combat|p1a: Corviknight
|-damage|p1a: Corviknight|0 fnt
|-unboost|p2a: Lilligant|def|1
|-unboost|p2a: Lilligant|spd|1
|faint|p1a: Corviknight
|-damage|p2a: Lilligant|81/100|[from] item: Life Orb
|
|upkeep
|
|t:|1758308671
|switch|p1a: Kingambit|Kingambit, M|100/100
|-damage|p1a: Kingambit|94/100|[from] Stealth Rock
|-activate|p1a: Kingambit|ability: Supreme Overlord
|-start|p1a: Kingambit|fallen5|[silent]
|turn|36
|
|t:|1758308680
|move|p2a: Lilligant|Close Combat|p1a: Kingambit
|-supereffective|p1a: Kingambit
|-damage|p1a: Kingambit|0 fnt
|-unboost|p2a: Lilligant|def|1
|-unboost|p2a: Lilligant|spd|1
|faint|p1a: Kingambit
|-end|p1a: Kingambit|fallen5|[silent]
|-damage|p2a: Lilligant|71/100|[from] item: Life Orb
|
|win|Mralexnui
|raw|hauntersnightmare's rating: 1514 &rarr; <strong>1494</strong><br />(-20 for losing)
|raw|Mralexnui's rating: 1518 &rarr; <strong>1538</strong><br />(+20 for winning)
|l|☆hauntersnightmare
|player|p1|
|l| IWasBornFaat
|l|☆Mralexnui
|player|p2|
