|j|☆highladderjobber69
|j|☆ashyman2000
|t:|1758353467
|gametype|singles
|player|p1|highladderjobber69|biker|1464
|player|p2|ashyman2000|hoopster|1404
|gen|9
|tier|[Gen 9] OU
|rated|
|rule|HP Percentage Mod: HP is shown in percentages
|rule|Endless Battle Clause: Forcing endless battles is banned
|rule|Species Clause: Limit one of each Pokémon
|rule|OHKO Clause: OHKO moves are banned
|rule|Evasion Items Clause: Evasion items are banned
|rule|Evasion Moves Clause: Evasion moves are banned
|rule|Evasion Abilities Clause: Evasion abilities are banned
|rule|Sleep Moves Clause: Sleep-inducing moves are banned
|clearpoke
|poke|p1|Ninetales-Alola, M|
|poke|p1|Serperior, M|
|poke|p1|Iron Valiant|
|poke|p1|Kingambit, M|
|poke|p1|Latias, F|
|poke|p1|Gliscor, F|
|poke|p2|Cloyster, M|
|poke|p2|Iron Moth|
|poke|p2|Iron Valiant|
|poke|p2|Primarina, M|
|poke|p2|Salazzle, F|
|poke|p2|Mew|
|teampreview
|
|t:|1758353479
|teamsize|p1|6
|teamsize|p2|6
|start
|switch|p1a: WINGED SHELL|Iron Valiant|100/100
|switch|p2a: Iron Moth|Iron Moth|100/100
|-enditem|p1a: WINGED SHELL|Booster Energy
|-activate|p1a: WINGED SHELL|ability: Quark Drive|[fromitem]
|-start|p1a: WINGED SHELL|quarkdrivespe
|-enditem|p2a: Iron Moth|Booster Energy
|-activate|p2a: Iron Moth|ability: Quark Drive|[fromitem]
|-start|p2a: Iron Moth|quarkdrivespa
|turn|1
|inactive|Battle timer is ON: inactive players will automatically lose when time's up. (requested by highladderjobber69)
|
|t:|1758353490
|move|p1a: WINGED SHELL|Destiny Bond|p1a: WINGED SHELL
|-singlemove|p1a: WINGED SHELL|Destiny Bond
|move|p2a: Iron Moth|Fiery Dance|p1a: WINGED SHELL
|-damage|p1a: WINGED SHELL|0 fnt
|-boost|p2a: Iron Moth|spa|1
|faint|p1a: WINGED SHELL
|-activate|p1a: WINGED SHELL|move: Destiny Bond
|-end|p1a: WINGED SHELL|Quark Drive|[silent]
|faint|p2a: Iron Moth
|-end|p2a: Iron Moth|Quark Drive|[silent]
|
|upkeep
|
|t:|1758353506
|switch|p1a: 69tales|Ninetales-Alola, M|100/100
|switch|p2a: Salazzle|Salazzle, F|100/100
|-weather|Snowscape|[from] ability: Snow Warning|[of] p1a: 69tales
|turn|2
|
|t:|1758353512
|move|p2a: Salazzle|Toxic|p1a: 69tales
|-status|p1a: 69tales|tox
|move|p1a: 69tales|Aurora Veil|p1a: 69tales
|-sidestart|p1: highladderjobber69|move: Aurora Veil
|
|-weather|Snowscape|[upkeep]
|-damage|p1a: 69tales|94/100 tox|[from] psn
|upkeep
|turn|3
|
|t:|1758353519
|move|p2a: Salazzle|Sludge Wave|p1a: 69tales
|-supereffective|p1a: 69tales
|-crit|p1a: 69tales
|-damage|p1a: 69tales|0 fnt
|faint|p1a: 69tales
|
|-weather|Snowscape|[upkeep]
|upkeep
|
|t:|1758353524
|switch|p1a: Himiko|Gliscor, F|100/100
|turn|4
|
|t:|1758353528
|move|p2a: Salazzle|Substitute|p2a: Salazzle
|-start|p2a: Salazzle|Substitute
|-damage|p2a: Salazzle|76/100
|move|p1a: Himiko|Agility|p1a: Himiko
|-boost|p1a: Himiko|spe|2
|
|-weather|Snowscape|[upkeep]
|-status|p1a: Himiko|tox|[from] item: Toxic Orb
|upkeep
|turn|5
|
|t:|1758353539
|move|p1a: Himiko|Swords Dance|p1a: Himiko
|-boost|p1a: Himiko|atk|2
|move|p2a: Salazzle|Substitute|p2a: Salazzle
|-fail|p2a: Salazzle|move: Substitute
|
|-weather|Snowscape|[upkeep]
|upkeep
|turn|6
|
|t:|1758353550
|move|p1a: Himiko|Dual Wingbeat|p2a: Salazzle
|-end|p2a: Salazzle|Substitute
|-damage|p2a: Salazzle|21/100
|-hitcount|p2a: Salazzle|2
|move|p2a: Salazzle|Sludge Wave|p1a: Himiko
|-resisted|p1a: Himiko
|-damage|p1a: Himiko|88/100 tox
|
|-weather|none
|-heal|p1a: Himiko|100/100 tox|[from] ability: Poison Heal
|upkeep
|turn|7
|c|☆highladderjobber69|lol
|c|☆highladderjobber69|what an awful set
|
|t:|1758353565
|move|p1a: Himiko|Earthquake|p2a: Salazzle
|-supereffective|p2a: Salazzle
|-damage|p2a: Salazzle|0 fnt
|faint|p2a: Salazzle
|
|upkeep
|
|t:|1758353567
|switch|p2a: Primarina|Primarina, M|100/100
|turn|8
|
|t:|1758353569
|move|p1a: Himiko|Earthquake|p2a: Primarina
|-damage|p2a: Primarina|13/100
|move|p2a: Primarina|Whirlpool|p1a: Himiko
|-supereffective|p1a: Himiko
|-damage|p1a: Himiko|69/100 tox
|-activate|p1a: Himiko|move: Whirlpool|[of] p2a: Primarina
|
|-heal|p2a: Primarina|19/100|[from] item: Leftovers
|-heal|p1a: Himiko|81/100 tox|[from] ability: Poison Heal
|-damage|p1a: Himiko|69/100 tox|[from] move: Whirlpool|[partiallytrapped]
|upkeep
|turn|9
|
|t:|1758353573
|move|p2a: Primarina|Protect|p2a: Primarina
|-singleturn|p2a: Primarina|Protect
|move|p1a: Himiko|Earthquake|p2a: Primarina
|-activate|p2a: Primarina|move: Protect
|
|-heal|p2a: Primarina|25/100|[from] item: Leftovers
|-heal|p1a: Himiko|81/100 tox|[from] ability: Poison Heal
|-damage|p1a: Himiko|69/100 tox|[from] move: Whirlpool|[partiallytrapped]
|-sideend|p1: highladderjobber69|move: Aurora Veil
|upkeep
|turn|10
|j| Disscratch
|j| Trumpsupporter07
|l| Disscratch
|
|t:|1758353579
|move|p1a: Himiko|Earthquake|p2a: Primarina
|-damage|p2a: Primarina|0 fnt
|faint|p2a: Primarina
|
|-heal|p1a: Himiko|81/100 tox|[from] ability: Poison Heal
|-end|p1a: Himiko|Whirlpool|[partiallytrapped]|[silent]
|upkeep
|
|t:|1758353583
|switch|p2a: Iron Valiant|Iron Valiant|100/100
|-enditem|p2a: Iron Valiant|Booster Energy
|-activate|p2a: Iron Valiant|ability: Quark Drive|[fromitem]
|-start|p2a: Iron Valiant|quarkdrivespe
|turn|11
|
|t:|1758353589
|move|p1a: Himiko|Earthquake|p2a: Iron Valiant
|-damage|p2a: Iron Valiant|0 fnt
|faint|p2a: Iron Valiant
|-end|p2a: Iron Valiant|Quark Drive|[silent]
|
|-heal|p1a: Himiko|94/100 tox|[from] ability: Poison Heal
|upkeep
|
|t:|1758353592
|switch|p2a: Mew|Mew|100/100
|turn|12
|
|t:|1758353598
|move|p1a: Himiko|Earthquake|p2a: Mew
|-damage|p2a: Mew|8/100
|move|p2a: Mew|Bulk Up|p2a: Mew
|-boost|p2a: Mew|atk|1
|-boost|p2a: Mew|def|1
|
|-heal|p2a: Mew|14/100|[from] item: Leftovers
|-heal|p1a: Himiko|100/100 tox|[from] ability: Poison Heal
|upkeep
|turn|13
|
|t:|1758353605
|move|p1a: Himiko|Earthquake|p2a: Mew
|-damage|p2a: Mew|0 fnt
|faint|p2a: Mew
|
|upkeep
|
|t:|1758353608
|switch|p2a: Cloyster|Cloyster, M|100/100
|turn|14
|
|t:|1758353611
|move|p1a: Himiko|Earthquake|p2a: Cloyster
|-damage|p2a: Cloyster|19/100
|move|p2a: Cloyster|Icicle Spear|p1a: Himiko
|-supereffective|p1a: Himiko
|-damage|p1a: Himiko|60/100 tox
|-supereffective|p1a: Himiko
|-damage|p1a: Himiko|15/100 tox
|-supereffective|p1a: Himiko
|-damage|p1a: Himiko|0 fnt
|faint|p1a: Himiko
|-hitcount|p1: Himiko|3
|
|upkeep
|-message|ashyman2000 forfeited.
|
|win|highladderjobber69
|raw|highladderjobber69's rating: 1464 &rarr; <strong>1481</strong><br />(+17 for winning)
|raw|ashyman2000's rating: 1404 &rarr; <strong>1387</strong><br />(-17 for losing)
|l|☆ashyman2000
|player|p2|
|l|☆highladderjobber69
|player|p1|
|j| Pokemh
|l| Pokemh
|j| biryanilover
|j| Bnb sus 2
|l| Bnb sus 2
|j| bhulsk
|l| bhulsk
|l| biryanilover
