|j|☆pr.iyanshu768500
|j|☆Pultersheist
|t:|1758270697
|gametype|singles
|player|p1|pr.iyanshu768500|steven|1422
|player|p2|Pultersheist|266|1351
|gen|9
|tier|[Gen 9] OU
|rated|
|rule|HP Percentage Mod: HP is shown in percentages
|rule|Endless Battle Clause: Forcing endless battles is banned
|rule|Species Clause: Limit one of each Pokémon
|rule|OHKO Clause: OHKO moves are banned
|rule|Evasion Items Clause: Evasion items are banned
|rule|Evasion Moves Clause: Evasion moves are banned
|rule|Evasion Abilities Clause: Evasion abilities are banned
|rule|Sleep Moves Clause: Sleep-inducing moves are banned
|clearpoke
|poke|p1|Deoxys-Speed|
|poke|p1|Gholdengo|
|poke|p1|Meowscarada, F|
|poke|p1|Dragonite, M|
|poke|p1|Darkrai|
|poke|p1|Great Tusk|
|poke|p2|Entei|
|poke|p2|Volcanion|
|poke|p2|Bisharp, M|
|poke|p2|Eelektross, M|
|poke|p2|Thundurus-Therian, M|
|poke|p2|Porygon-Z|
|teampreview
|inactive|Battle timer is ON: inactive players will automatically lose when time's up. (requested by Pultersheist)
|inactive|pr.iyanshu768500 also wants the timer to be on.
|
|t:|1758270708
|teamsize|p1|6
|teamsize|p2|6
|start
|switch|p1a: Deoxys|Deoxys-Speed|100/100
|switch|p2a: Porygon-Z|Porygon-Z|100/100
|-ability|p1a: Deoxys|Pressure
|-ability|p2a: Porygon-Z|Download|boost
|-boost|p2a: Porygon-Z|atk|1
|turn|1
|
|t:|1758270713
|move|p1a: Deoxys|Stealth Rock|p2a: Porygon-Z
|-sidestart|p2: Pultersheist|move: Stealth Rock
|move|p2a: Porygon-Z|Zap Cannon|p1a: Deoxys
|-damage|p1a: Deoxys|27/100
|-status|p1a: Deoxys|par
|
|upkeep
|turn|2
|
|t:|1758270726
|move|p1a: Deoxys|Psycho Boost|p2a: Porygon-Z
|-crit|p2a: Porygon-Z
|-damage|p2a: Porygon-Z|0 fnt
|-unboost|p1a: Deoxys|spa|2
|faint|p2a: Porygon-Z
|
|upkeep
|
|t:|1758270749
|switch|p2a: Eelektross|Eelektross, M|100/100
|-damage|p2a: Eelektross|88/100|[from] Stealth Rock
|turn|3
|
|t:|1758270755
|move|p1a: Deoxys|Psycho Boost|p2a: Eelektross
|-damage|p2a: Eelektross|67/100
|-unboost|p1a: Deoxys|spa|2
|move|p2a: Eelektross|Knock Off|p1a: Deoxys
|-supereffective|p1a: Deoxys
|-damage|p1a: Deoxys|0 fnt
|-enditem|p1a: Deoxys|Focus Sash|[from] move: Knock Off|[of] p2a: Eelektross
|faint|p1a: Deoxys
|
|upkeep
|
|t:|1758270765
|switch|p1a: Darkrai|Darkrai|100/100
|turn|4
|
|t:|1758270773
|move|p1a: Darkrai|Dark Pulse|p2a: Eelektross
|-damage|p2a: Eelektross|23/100
|-damage|p1a: Darkrai|91/100|[from] item: Life Orb
|move|p2a: Eelektross|Knock Off|p1a: Darkrai
|-resisted|p1a: Darkrai
|-damage|p1a: Darkrai|71/100
|-enditem|p1a: Darkrai|Life Orb|[from] move: Knock Off|[of] p2a: Eelektross
|
|upkeep
|turn|5
|
|t:|1758270783
|switch|p2a: Bisharp|Bisharp, M|100/100
|-damage|p2a: Bisharp|95/100|[from] Stealth Rock
|move|p1a: Darkrai|Dark Pulse|p2a: Bisharp
|-resisted|p2a: Bisharp
|-damage|p2a: Bisharp|80/100
|
|upkeep
|turn|6
|
|t:|1758270788
|move|p1a: Darkrai|Focus Blast|p2a: Bisharp
|-supereffective|p2a: Bisharp
|-damage|p2a: Bisharp|0 fnt
|faint|p2a: Bisharp
|
|upkeep
|
|t:|1758270808
|switch|p2a: Entei|Entei|100/100
|-damage|p2a: Entei|76/100|[from] Stealth Rock
|turn|7
|
|t:|1758270812
|move|p1a: Darkrai|Dark Pulse|p2a: Entei
|-damage|p2a: Entei|24/100
|move|p2a: Entei|Swagger|p1a: Darkrai|[miss]
|-miss|p2a: Entei|p1a: Darkrai
|
|upkeep
|turn|8
|
|t:|1758270819
|move|p2a: Entei|Extreme Speed|p1a: Darkrai
|-damage|p1a: Darkrai|32/100
|move|p1a: Darkrai|Dark Pulse|p2a: Entei
|-damage|p2a: Entei|0 fnt
|faint|p2a: Entei
|
|upkeep
|
|t:|1758270829
|switch|p2a: Thundurus|Thundurus-Therian, M|100/100
|-damage|p2a: Thundurus|76/100|[from] Stealth Rock
|turn|9
|
|t:|1758270833
|move|p2a: Thundurus|Thunderbolt|p1a: Darkrai
|-damage|p1a: Darkrai|0 fnt
|faint|p1a: Darkrai
|
|upkeep
|
|t:|1758270842
|switch|p1a: Great Tusk|Great Tusk|100/100
|-enditem|p1a: Great Tusk|Booster Energy
|-activate|p1a: Great Tusk|ability: Protosynthesis|[fromitem]
|-start|p1a: Great Tusk|protosynthesisatk
|turn|10
|
|t:|1758270849
|switch|p2a: Eelektross|Eelektross, M|23/100
|-damage|p2a: Eelektross|11/100|[from] Stealth Rock
|move|p1a: Great Tusk|Rapid Spin|p2a: Eelektross
|-crit|p2a: Eelektross
|-damage|p2a: Eelektross|0 fnt
|-boost|p1a: Great Tusk|spe|1
|faint|p2a: Eelektross
|
|upkeep
|
|t:|1758270855
|switch|p2a: Thundurus|Thundurus-Therian, M|76/100
|-damage|p2a: Thundurus|51/100|[from] Stealth Rock
|turn|11
|
|t:|1758270873
|-terastallize|p1a: Great Tusk|Fire
|move|p2a: Thundurus|Grass Knot|p1a: Great Tusk
|-resisted|p1a: Great Tusk
|-damage|p1a: Great Tusk|68/100
|move|p1a: Great Tusk|Ice Spinner|p2a: Thundurus
|-supereffective|p2a: Thundurus
|-damage|p2a: Thundurus|0 fnt
|faint|p2a: Thundurus
|
|upkeep
|
|t:|1758270876
|switch|p2a: Volcanion|Volcanion|100/100
|-damage|p2a: Volcanion|76/100|[from] Stealth Rock
|turn|12
|
|t:|1758270880
|move|p1a: Great Tusk|Headlong Rush|p2a: Volcanion
|-supereffective|p2a: Volcanion
|-damage|p2a: Volcanion|0 fnt
|-unboost|p1a: Great Tusk|def|1
|-unboost|p1a: Great Tusk|spd|1
|faint|p2a: Volcanion
|
|win|pr.iyanshu768500
|raw|pr.iyanshu768500's rating: 1422 &rarr; <strong>1438</strong><br />(+16 for winning)
|raw|Pultersheist's rating: 1351 &rarr; <strong>1335</strong><br />(-16 for losing)
|l|☆Pultersheist
|player|p2|
|c|☆pr.iyanshu768500|gg
|l|☆pr.iyanshu768500
|player|p1|
