|j|☆Terra the creator
|j|☆rands22
|inactive|Battle timer is ON: inactive players will automatically lose when time's up.
|t:|1758310666
|gametype|singles
|player|p1|Terra the creator|bruno|
|player|p2|rands22|darach-caitlin|
|gen|9
|tier|[Gen 9] OU
|rated|Tournament battle
|rule|HP Percentage Mod: HP is shown in percentages
|rule|Endless Battle Clause: Forcing endless battles is banned
|rule|Species Clause: Limit one of each Pokémon
|rule|OHKO Clause: OHKO moves are banned
|rule|Evasion Items Clause: Evasion items are banned
|rule|Evasion Moves Clause: Evasion moves are banned
|rule|Evasion Abilities Clause: Evasion abilities are banned
|rule|Sleep Moves Clause: Sleep-inducing moves are banned
|clearpoke
|poke|p1|Ting-Lu|
|poke|p1|Corviknight, F|
|poke|p1|Dragonite, F|
|poke|p1|Clefable, F|
|poke|p1|Gliscor, F|
|poke|p1|Weavile, F|
|poke|p2|Darkrai|
|poke|p2|Slowking-Galar, F|
|poke|p2|Excadrill, F|
|poke|p2|Iron Hands|
|poke|p2|Dragapult, F|
|poke|p2|Moltres|
|teampreview
|j|*Lady Monita ☀
|
|t:|1758310676
|teamsize|p1|6
|teamsize|p2|6
|start
|switch|p1a: Ting-Lu|Ting-Lu|100/100
|switch|p2a: Iron Hands|Iron Hands|100/100
|-ability|p1a: Ting-Lu|Vessel of Ruin
|turn|1
|
|t:|1758310689
|switch|p1a: Corviknight|Corviknight, F|100/100
|-ability|p1a: Corviknight|Pressure
|move|p2a: Iron Hands|Fake Out|p1a: Corviknight
|-resisted|p1a: Corviknight
|-damage|p1a: Corviknight|95/100
|-damage|p2a: Iron Hands|84/100|[from] item: Rocky Helmet|[of] p1a: Corviknight
|
|upkeep
|turn|2
|
|t:|1758310692
|move|p1a: Corviknight|Iron Defense|p1a: Corviknight
|-boost|p1a: Corviknight|def|2
|move|p2a: Iron Hands|Supercell Slam|p1a: Corviknight
|-supereffective|p1a: Corviknight
|-damage|p1a: Corviknight|59/100
|-damage|p2a: Iron Hands|67/100|[from] item: Rocky Helmet|[of] p1a: Corviknight
|
|upkeep
|turn|3
|
|t:|1758310698
|-end|p2a: Iron Hands|Quark Drive|[silent]
|switch|p2a: Moltres|Moltres|100/100
|move|p1a: Corviknight|Body Press|p2a: Moltres
|-resisted|p2a: Moltres
|-damage|p2a: Moltres|74/100
|-status|p1a: Corviknight|brn|[from] ability: Flame Body|[of] p2a: Moltres
|
|-damage|p1a: Corviknight|53/100 brn|[from] brn
|upkeep
|turn|4
|
|t:|1758310705
|move|p2a: Moltres|Will-O-Wisp|p1a: Corviknight
|-fail|p1a: Corviknight|brn
|move|p1a: Corviknight|Roost|p1a: Corviknight
|-heal|p1a: Corviknight|100/100 brn
|-singleturn|p1a: Corviknight|move: Roost
|
|-damage|p1a: Corviknight|94/100 brn|[from] brn
|upkeep
|turn|5
|
|t:|1758310709
|switch|p1a: Clefable|Clefable, F|100/100
|move|p2a: Moltres|Flamethrower|p1a: Clefable
|-damage|p1a: Clefable|63/100
|
|upkeep
|turn|6
|
|t:|1758310714
|move|p2a: Moltres|Roost|p2a: Moltres
|-heal|p2a: Moltres|100/100
|-singleturn|p2a: Moltres|move: Roost
|move|p1a: Clefable|Moonlight|p1a: Clefable
|-heal|p1a: Clefable|100/100
|
|upkeep
|turn|7
|
|t:|1758310717
|move|p2a: Moltres|U-turn|p1a: Clefable
|-resisted|p1a: Clefable
|-damage|p1a: Clefable|95/100
|
|t:|1758310720
|switch|p2a: Excadrill|Excadrill, F|100/100|[from] U-turn
|-ability|p2a: Excadrill|Mold Breaker
|move|p1a: Clefable|Thunder Wave|p2a: Excadrill
|-immune|p2a: Excadrill
|
|upkeep
|turn|8
|
|t:|1758310724
|switch|p1a: Gliscor|Gliscor, F|100/100
|move|p2a: Excadrill|Swords Dance|p2a: Excadrill
|-boost|p2a: Excadrill|atk|2
|
|-status|p1a: Gliscor|tox|[from] item: Toxic Orb
|upkeep
|turn|9
|
|t:|1758310728
|-terastallize|p2a: Excadrill|Flying
|move|p1a: Gliscor|Protect|p1a: Gliscor
|-singleturn|p1a: Gliscor|Protect
|move|p2a: Excadrill|Rapid Spin|p1a: Gliscor
|-activate|p1a: Gliscor|move: Protect
|
|upkeep
|turn|10
|
|t:|1758310735
|switch|p1a: Corviknight|Corviknight, F|94/100 brn
|-ability|p1a: Corviknight|Pressure
|move|p2a: Excadrill|Rapid Spin|p1a: Corviknight
|-resisted|p1a: Corviknight
|-damage|p1a: Corviknight|82/100 brn
|-boost|p2a: Excadrill|spe|1
|-damage|p2a: Excadrill|84/100|[from] item: Rocky Helmet|[of] p1a: Corviknight
|
|-damage|p1a: Corviknight|76/100 brn|[from] brn
|upkeep
|turn|11
|j| Albrtix
|
|t:|1758310740
|move|p2a: Excadrill|Swords Dance|p2a: Excadrill
|-boost|p2a: Excadrill|atk|2
|move|p1a: Corviknight|Iron Defense|p1a: Corviknight
|-boost|p1a: Corviknight|def|2
|
|-damage|p1a: Corviknight|70/100 brn|[from] brn
|upkeep
|turn|12
|
|t:|1758310745
|move|p2a: Excadrill|Iron Head|p1a: Corviknight
|-resisted|p1a: Corviknight
|-damage|p1a: Corviknight|49/100 brn
|-damage|p2a: Excadrill|67/100|[from] item: Rocky Helmet|[of] p1a: Corviknight
|move|p1a: Corviknight|Roost|p1a: Corviknight
|-heal|p1a: Corviknight|99/100 brn
|-singleturn|p1a: Corviknight|move: Roost
|
|-damage|p1a: Corviknight|93/100 brn|[from] brn
|upkeep
|turn|13
|
|t:|1758310749
|switch|p2a: Moltres|Moltres|100/100
|move|p1a: Corviknight|Iron Defense|p1a: Corviknight
|-boost|p1a: Corviknight|def|2
|
|-damage|p1a: Corviknight|87/100 brn|[from] brn
|upkeep
|turn|14
|
|t:|1758310754
|switch|p1a: Ting-Lu|Ting-Lu|100/100
|-ability|p1a: Ting-Lu|Vessel of Ruin
|move|p2a: Moltres|Flamethrower|p1a: Ting-Lu
|-damage|p1a: Ting-Lu|86/100
|
|-heal|p1a: Ting-Lu|92/100|[from] item: Leftovers
|upkeep
|turn|15
|
|t:|1758310756
|move|p2a: Moltres|U-turn|p1a: Ting-Lu
|-supereffective|p1a: Ting-Lu
|-damage|p1a: Ting-Lu|74/100
|
|t:|1758310762
|switch|p2a: Iron Hands|Iron Hands|67/100|[from] U-turn
|move|p1a: Ting-Lu|Stealth Rock|p2a: Iron Hands
|-sidestart|p2: rands22|move: Stealth Rock
|
|-heal|p1a: Ting-Lu|81/100|[from] item: Leftovers
|upkeep
|turn|16
|
|t:|1758310766
|switch|p1a: Corviknight|Corviknight, F|87/100 brn
|-ability|p1a: Corviknight|Pressure
|move|p2a: Iron Hands|Fake Out|p1a: Corviknight
|-resisted|p1a: Corviknight
|-damage|p1a: Corviknight|81/100 brn
|-damage|p2a: Iron Hands|51/100|[from] item: Rocky Helmet|[of] p1a: Corviknight
|
|-damage|p1a: Corviknight|75/100 brn|[from] brn
|upkeep
|turn|17
|
|t:|1758310774
|switch|p1a: Ting-Lu|Ting-Lu|81/100
|-ability|p1a: Ting-Lu|Vessel of Ruin
|-end|p2a: Iron Hands|Quark Drive|[silent]
|switch|p2a: Moltres|Moltres|100/100
|
|-heal|p1a: Ting-Lu|87/100|[from] item: Leftovers
|upkeep
|turn|18
|
|t:|1758310780
|switch|p1a: Gliscor|Gliscor, F|100/100 tox
|move|p2a: Moltres|Will-O-Wisp|p1a: Gliscor|[miss]
|-miss|p2a: Moltres|p1a: Gliscor
|
|upkeep
|turn|19
|
|t:|1758310786
|move|p1a: Gliscor|Knock Off|p2a: Moltres
|-damage|p2a: Moltres|79/100
|-enditem|p2a: Moltres|Heavy-Duty Boots|[from] move: Knock Off|[of] p1a: Gliscor
|move|p2a: Moltres|Flamethrower|p1a: Gliscor
|-damage|p1a: Gliscor|63/100 tox
|
|-heal|p1a: Gliscor|75/100 tox|[from] ability: Poison Heal
|upkeep
|turn|20
|-message|rands22 forfeited.
|
|win|Terra the creator
|n|☆Terra the creator|terrathecreator
|n|☆rands22|rands22
|n|*Lady Monita ☀|ladymonita
|n| Albrtix|albrtix
|l|*Lady Monita ☀
|l|☆rands22
|player|p2|
|l|☆Terra the creator
|player|p1|
