|j|☆herr_eisbar
|j|☆Cynthiaforgen9
|t:|1758234128
|gametype|singles
|player|p1|herr_eisbar|plasmagrunt-gen5bw|1119
|player|p2|Cynthiaforgen9|265|1213
|gen|9
|tier|[Gen 9] OU
|rated|
|rule|HP Percentage Mod: HP is shown in percentages
|rule|Endless Battle Clause: Forcing endless battles is banned
|rule|Species Clause: Limit one of each Pokémon
|rule|OHKO Clause: OHKO moves are banned
|rule|Evasion Items Clause: Evasion items are banned
|rule|Evasion Moves Clause: Evasion moves are banned
|rule|Evasion Abilities Clause: Evasion abilities are banned
|rule|Sleep Moves Clause: Sleep-inducing moves are banned
|clearpoke
|poke|p1|Drednaw, M|
|poke|p1|Torterra, F|
|poke|p1|Torkoal, F|
|poke|p1|Polteageist|
|poke|p1|Blastoise, M|
|poke|p1|Minior-Indigo|
|poke|p2|Alomomola, M|
|poke|p2|Araquanid, M|
|poke|p2|Gholdengo|
|poke|p2|Great Tusk|
|poke|p2|Gliscor, M|
|poke|p2|Iron Valiant|
|teampreview
|inactive|Battle timer is ON: inactive players will automatically lose when time's up. (requested by Cynthiaforgen9)
|
|t:|1758234134
|teamsize|p1|6
|teamsize|p2|6
|start
|switch|p1a: Polteageist|Polteageist|100/100
|switch|p2a: Araquanid|Araquanid, M|100/100
|turn|1
|
|t:|1758234155
|move|p1a: Polteageist|Shell Smash|p1a: Polteageist
|-unboost|p1a: Polteageist|def|1
|-unboost|p1a: Polteageist|spd|1
|-boost|p1a: Polteageist|atk|2
|-boost|p1a: Polteageist|spa|2
|-boost|p1a: Polteageist|spe|2
|move|p2a: Araquanid|Sticky Web|p1a: Polteageist
|-sidestart|p1: herr_eisbar|move: Sticky Web
|
|upkeep
|turn|2
|
|t:|1758234164
|move|p1a: Polteageist|Shell Smash|p1a: Polteageist
|-unboost|p1a: Polteageist|def|1
|-unboost|p1a: Polteageist|spd|1
|-boost|p1a: Polteageist|atk|2
|-boost|p1a: Polteageist|spa|2
|-boost|p1a: Polteageist|spe|2
|move|p2a: Araquanid|Surf|p1a: Polteageist
|-enditem|p1a: Polteageist|Focus Sash
|-damage|p1a: Polteageist|1/100
|
|upkeep
|turn|3
|inactive|herr_eisbar has 120 seconds left.
|
|t:|1758234197
|-terastallize|p1a: Polteageist|Psychic
|move|p2a: Araquanid|Endure|p2a: Araquanid
|-singleturn|p2a: Araquanid|move: Endure
|move|p1a: Polteageist|Stored Power|p2a: Araquanid
|-activate|p2a: Araquanid|move: Endure
|-damage|p2a: Araquanid|1/100
|
|upkeep
|turn|4
|inactive|herr_eisbar has 120 seconds left.
|-enditem|p2a: Araquanid|Custap Berry|[eat]
|-activate|p2a: Araquanid|item: Custap Berry|[consumed]
|
|t:|1758234206
|move|p2a: Araquanid|Surf|p1a: Polteageist
|-damage|p1a: Polteageist|0 fnt
|faint|p1a: Polteageist
|
|upkeep
|inactive|herr_eisbar has 120 seconds left.
|inactive|herr_eisbar has 90 seconds left.
|
|t:|1758234243
|switch|p1a: Torterra|Torterra, F|100/100
|-activate|p1a: Torterra|move: Sticky Web
|-unboost|p1a: Torterra|spe|1
|-enditem|p1a: Torterra|White Herb
|-clearnegativeboost|p1a: Torterra|[silent]
|turn|5
|
|t:|1758234249
|move|p1a: Torterra|Wood Hammer|p2a: Araquanid
|-damage|p2a: Araquanid|0 fnt
|faint|p2a: Araquanid
|-damage|p1a: Torterra|99/100|[from] Recoil
|
|upkeep
|
|t:|1758234255
|switch|p2a: Great Tusk|Great Tusk|100/100
|turn|6
|
|t:|1758234262
|move|p2a: Great Tusk|Ice Spinner|p1a: Torterra
|-supereffective|p1a: Torterra
|-damage|p1a: Torterra|0 fnt
|faint|p1a: Torterra
|
|upkeep
|
|t:|1758234276
|switch|p1a: Blastoise|Blastoise, M|100/100
|-activate|p1a: Blastoise|move: Sticky Web
|-unboost|p1a: Blastoise|spe|1
|-enditem|p1a: Blastoise|White Herb
|-clearnegativeboost|p1a: Blastoise|[silent]
|turn|7
|
|t:|1758234284
|-end|p2a: Great Tusk|Protosynthesis|[silent]
|switch|p2a: Alomomola|Alomomola, M|100/100
|move|p1a: Blastoise|Shell Smash|p1a: Blastoise
|-unboost|p1a: Blastoise|def|1
|-unboost|p1a: Blastoise|spd|1
|-boost|p1a: Blastoise|atk|2
|-boost|p1a: Blastoise|spa|2
|-boost|p1a: Blastoise|spe|2
|
|upkeep
|turn|8
|inactive|herr_eisbar has 120 seconds left.
|
|t:|1758234298
|move|p1a: Blastoise|Focus Blast|p2a: Alomomola
|-damage|p2a: Alomomola|21/100
|move|p2a: Alomomola|Scald|p1a: Blastoise
|-resisted|p1a: Blastoise
|-damage|p1a: Blastoise|90/100
|
|upkeep
|turn|9
|inactive|herr_eisbar has 120 seconds left.
|
|t:|1758234313
|switch|p2a: Iron Valiant|Iron Valiant|100/100
|-enditem|p2a: Iron Valiant|Booster Energy
|-activate|p2a: Iron Valiant|ability: Quark Drive|[fromitem]
|-start|p2a: Iron Valiant|quarkdrivespe
|move|p1a: Blastoise|Focus Blast|p2a: Iron Valiant
|-resisted|p2a: Iron Valiant
|-damage|p2a: Iron Valiant|42/100
|
|upkeep
|turn|10
|inactive|herr_eisbar has 120 seconds left.
|
|t:|1758234325
|move|p2a: Iron Valiant|Close Combat|p1a: Blastoise
|-damage|p1a: Blastoise|0 fnt
|-unboost|p2a: Iron Valiant|def|1
|-unboost|p2a: Iron Valiant|spd|1
|faint|p1a: Blastoise
|
|upkeep
|inactive|herr_eisbar has 120 seconds left.
|
|t:|1758234339
|switch|p1a: Minior|Minior-Indigo|100/100
|-formechange|p1a: Minior|Minior-Meteor||[from] ability: Shields Down
|turn|11
|inactive|herr_eisbar has 120 seconds left.
|
|t:|1758234348
|move|p2a: Iron Valiant|Close Combat|p1a: Minior
|-damage|p1a: Minior|21/100
|-unboost|p2a: Iron Valiant|def|1
|-unboost|p2a: Iron Valiant|spd|1
|move|p1a: Minior|Shell Smash|p1a: Minior
|-unboost|p1a: Minior|def|1
|-unboost|p1a: Minior|spd|1
|-boost|p1a: Minior|atk|2
|-boost|p1a: Minior|spa|2
|-boost|p1a: Minior|spe|2
|-enditem|p1a: Minior|White Herb
|-clearnegativeboost|p1a: Minior|[silent]
|
|-formechange|p1a: Minior|Minior-Indigo||[from] ability: Shields Down
|upkeep
|turn|12
|inactive|herr_eisbar has 120 seconds left.
|
|t:|1758234383
|move|p1a: Minior|Acrobatics|p2a: Iron Valiant
|-supereffective|p2a: Iron Valiant
|-damage|p2a: Iron Valiant|0 fnt
|faint|p2a: Iron Valiant
|-end|p2a: Iron Valiant|Quark Drive|[silent]
|
|upkeep
|
|t:|1758234389
|switch|p2a: Gliscor|Gliscor, M|100/100
|turn|13
|inactive|herr_eisbar has 90 seconds left.
|
|t:|1758234415
|move|p1a: Minior|Zen Headbutt|p2a: Gliscor|[miss]
|-miss|p1a: Minior|p2a: Gliscor
|move|p2a: Gliscor|Knock Off|p1a: Minior
|-damage|p1a: Minior|0 fnt
|faint|p1a: Minior
|
|-status|p2a: Gliscor|tox|[from] item: Toxic Orb
|upkeep
|
|t:|1758234429
|switch|p1a: Torkoal|Torkoal, F|100/100
|-activate|p1a: Torkoal|move: Sticky Web
|-unboost|p1a: Torkoal|spe|1
|-weather|SunnyDay|[from] ability: Drought|[of] p1a: Torkoal
|-enditem|p1a: Torkoal|White Herb
|-clearnegativeboost|p1a: Torkoal|[silent]
|turn|14
|
|t:|1758234435
|move|p2a: Gliscor|Toxic|p1a: Torkoal
|-status|p1a: Torkoal|tox
|move|p1a: Torkoal|Solar Beam||[still]
|-prepare|p1a: Torkoal|Solar Beam
|-anim|p1a: Torkoal|Solar Beam|p2a: Gliscor
|-damage|p2a: Gliscor|70/100 tox
|
|-weather|SunnyDay|[upkeep]
|-heal|p2a: Gliscor|82/100 tox|[from] ability: Poison Heal
|-damage|p1a: Torkoal|94/100 tox|[from] psn
|upkeep
|turn|15
|
|t:|1758234448
|move|p2a: Gliscor|Knock Off|p1a: Torkoal
|-damage|p1a: Torkoal|82/100 tox
|move|p1a: Torkoal|Sludge Bomb|p2a: Gliscor
|-resisted|p2a: Gliscor
|-damage|p2a: Gliscor|70/100 tox
|
|-weather|SunnyDay|[upkeep]
|-heal|p2a: Gliscor|83/100 tox|[from] ability: Poison Heal
|-damage|p1a: Torkoal|70/100 tox|[from] psn
|upkeep
|turn|16
|
|t:|1758234455
|move|p2a: Gliscor|Knock Off|p1a: Torkoal
|-damage|p1a: Torkoal|57/100 tox
|move|p1a: Torkoal|Eruption|p2a: Gliscor
|-damage|p2a: Gliscor|40/100 tox
|
|-weather|SunnyDay|[upkeep]
|-heal|p2a: Gliscor|52/100 tox|[from] ability: Poison Heal
|-damage|p1a: Torkoal|39/100 tox|[from] psn
|upkeep
|turn|17
|
|t:|1758234462
|move|p2a: Gliscor|Protect|p2a: Gliscor
|-singleturn|p2a: Gliscor|Protect
|move|p1a: Torkoal|Eruption|p2a: Gliscor
|-activate|p2a: Gliscor|move: Protect
|
|-weather|SunnyDay|[upkeep]
|-heal|p2a: Gliscor|65/100 tox|[from] ability: Poison Heal
|-damage|p1a: Torkoal|15/100 tox|[from] psn
|upkeep
|turn|18
|
|t:|1758234467
|move|p2a: Gliscor|Knock Off|p1a: Torkoal
|-damage|p1a: Torkoal|2/100 tox
|move|p1a: Torkoal|Solar Beam||[still]
|-prepare|p1a: Torkoal|Solar Beam
|-anim|p1a: Torkoal|Solar Beam|p2a: Gliscor
|-damage|p2a: Gliscor|36/100 tox
|
|-weather|none
|-heal|p2a: Gliscor|48/100 tox|[from] ability: Poison Heal
|-damage|p1a: Torkoal|0 fnt|[from] psn
|faint|p1a: Torkoal
|upkeep
|
|t:|1758234479
|switch|p1a: Drednaw|Drednaw, M|100/100
|-activate|p1a: Drednaw|move: Sticky Web
|-unboost|p1a: Drednaw|spe|1
|-enditem|p1a: Drednaw|White Herb
|-clearnegativeboost|p1a: Drednaw|[silent]
|turn|19
|
|t:|1758234496
|move|p1a: Drednaw|Shell Smash|p1a: Drednaw
|-unboost|p1a: Drednaw|def|1
|-unboost|p1a: Drednaw|spd|1
|-boost|p1a: Drednaw|atk|2
|-boost|p1a: Drednaw|spa|2
|-boost|p1a: Drednaw|spe|2
|move|p2a: Gliscor|Toxic|p1a: Drednaw|[miss]
|-miss|p2a: Gliscor|p1a: Drednaw
|
|-heal|p2a: Gliscor|61/100 tox|[from] ability: Poison Heal
|upkeep
|turn|20
|
|t:|1758234509
|move|p1a: Drednaw|Ice Fang|p2a: Gliscor
|-supereffective|p2a: Gliscor
|-damage|p2a: Gliscor|0 fnt
|faint|p2a: Gliscor
|
|upkeep
|
|t:|1758234514
|switch|p2a: Great Tusk|Great Tusk|100/100
|turn|21
|inactive|herr_eisbar has 120 seconds left.
|
|t:|1758234525
|-terastallize|p2a: Great Tusk|Steel
|move|p1a: Drednaw|Ice Fang|p2a: Great Tusk
|-resisted|p2a: Great Tusk
|-damage|p2a: Great Tusk|77/100
|move|p2a: Great Tusk|Headlong Rush|p1a: Drednaw
|-supereffective|p1a: Drednaw
|-damage|p1a: Drednaw|0 fnt
|-unboost|p2a: Great Tusk|def|1
|-unboost|p2a: Great Tusk|spd|1
|faint|p1a: Drednaw
|
|win|Cynthiaforgen9
|raw|herr_eisbar's rating: 1119 &rarr; <strong>1101</strong><br />(-18 for losing)
|raw|Cynthiaforgen9's rating: 1213 &rarr; <strong>1231</strong><br />(+18 for winning)
|l|☆Cynthiaforgen9
|player|p2|
|l|☆herr_eisbar
|player|p1|
