|j|☆Umu Eze
|j|☆QingKe
|t:|1758258648
|gametype|singles
|player|p1|Umu Eze|marlon|1278
|player|p2|QingKe|102|1277
|gen|9
|tier|[Gen 9] OU
|rated|
|rule|HP Percentage Mod: HP is shown in percentages
|rule|Endless Battle Clause: Forcing endless battles is banned
|rule|Species Clause: Limit one of each Pokémon
|rule|OHKO Clause: OHKO moves are banned
|rule|Evasion Items Clause: Evasion items are banned
|rule|Evasion Moves Clause: Evasion moves are banned
|rule|Evasion Abilities Clause: Evasion abilities are banned
|rule|Sleep Moves Clause: Sleep-inducing moves are banned
|clearpoke
|poke|p1|Pecharunt|
|poke|p1|Vikavolt, F|
|poke|p1|Goodra-Hisui, F|
|poke|p1|Garganacl, F|
|poke|p1|Weavile, M|
|poke|p1|Great Tusk|
|poke|p2|Walking Wake|
|poke|p2|Raging Bolt|
|poke|p2|Landorus-Therian, M|
|poke|p2|Leafeon, M|
|poke|p2|Cinderace, M|
|poke|p2|Torkoal, M|
|teampreview
|inactive|Battle timer is ON: inactive players will automatically lose when time's up. (requested by Umu Eze)
|
|t:|1758258665
|teamsize|p1|6
|teamsize|p2|6
|start
|switch|p1a: Great Tusk|Great Tusk|100/100
|switch|p2a: Torkoal|Torkoal, M|100/100
|-weather|SunnyDay|[from] ability: Drought|[of] p2a: Torkoal
|-activate|p1a: Great Tusk|ability: Protosynthesis
|-start|p1a: Great Tusk|protosynthesisatk
|turn|1
|inactive|Umu Eze has 120 seconds left.
|
|t:|1758258697
|switch|p2a: Landorus|Landorus-Therian, M|100/100
|-ability|p2a: Landorus|Intimidate|boost
|-unboost|p1a: Great Tusk|atk|1
|move|p1a: Great Tusk|Stealth Rock|p2a: Landorus
|-sidestart|p2: QingKe|move: Stealth Rock
|
|-weather|SunnyDay|[upkeep]
|upkeep
|turn|2
|
|t:|1758258711
|-end|p1a: Great Tusk|Protosynthesis|[silent]
|switch|p1a: Vikavolt|Vikavolt, F|100/100
|move|p2a: Landorus|Taunt|p1a: Vikavolt
|-start|p1a: Vikavolt|move: Taunt
|
|-weather|SunnyDay|[upkeep]
|upkeep
|turn|3
|inactive|Umu Eze has 120 seconds left.
|
|t:|1758258731
|switch|p1a: Great Tusk|Great Tusk|100/100
|-activate|p1a: Great Tusk|ability: Protosynthesis
|-start|p1a: Great Tusk|protosynthesisatk
|move|p2a: Landorus|Stone Edge|p1a: Great Tusk
|-resisted|p1a: Great Tusk
|-damage|p1a: Great Tusk|94/100
|
|-weather|SunnyDay|[upkeep]
|upkeep
|turn|4
|
|t:|1758258743
|move|p1a: Great Tusk|Rapid Spin|p2a: Landorus
|-damage|p2a: Landorus|72/100
|-boost|p1a: Great Tusk|spe|1
|-damage|p1a: Great Tusk|84/100|[from] item: Life Orb
|move|p2a: Landorus|U-turn|p1a: Great Tusk
|-resisted|p1a: Great Tusk
|-damage|p1a: Great Tusk|74/100
|
|t:|1758258751
|switch|p2a: Leafeon|Leafeon, M|100/100|[from] U-turn
|-damage|p2a: Leafeon|88/100|[from] Stealth Rock
|
|-weather|SunnyDay|[upkeep]
|upkeep
|turn|5
|inactive|Umu Eze has 120 seconds left.
|
|t:|1758258788
|-end|p1a: Great Tusk|Protosynthesis|[silent]
|switch|p1a: Pecharunt|Pecharunt|100/100
|move|p2a: Leafeon|Swords Dance|p2a: Leafeon
|-boost|p2a: Leafeon|atk|2
|
|-weather|SunnyDay|[upkeep]
|upkeep
|turn|6
|
|t:|1758258796
|move|p2a: Leafeon|Knock Off|p1a: Pecharunt
|-supereffective|p1a: Pecharunt
|-damage|p1a: Pecharunt|0 fnt
|-enditem|p1a: Pecharunt|Leftovers|[from] move: Knock Off|[of] p2a: Leafeon
|faint|p1a: Pecharunt
|-damage|p2a: Leafeon|78/100|[from] item: Life Orb
|
|-weather|SunnyDay|[upkeep]
|upkeep
|
|t:|1758258802
|switch|p1a: Garganacl|Garganacl, F, shiny|100/100
|turn|7
|
|t:|1758258813
|-terastallize|p1a: Garganacl|Ghost
|move|p2a: Leafeon|Solar Blade||[still]
|-prepare|p2a: Leafeon|Solar Blade
|-anim|p2a: Leafeon|Solar Blade|p1a: Garganacl
|-damage|p1a: Garganacl|0 fnt
|faint|p1a: Garganacl
|-damage|p2a: Leafeon|68/100|[from] item: Life Orb
|
|-weather|SunnyDay|[upkeep]
|upkeep
|inactive|Umu Eze has 120 seconds left.
|inactive|Umu Eze has 90 seconds left.
|
|t:|1758258859
|switch|p1a: Goodra|Goodra-Hisui, F|100/100
|turn|8
|
|t:|1758258880
|move|p2a: Leafeon|Knock Off|p1a: Goodra
|-damage|p1a: Goodra|14/100
|-enditem|p1a: Goodra|Assault Vest|[from] move: Knock Off|[of] p2a: Leafeon
|-damage|p2a: Leafeon|58/100|[from] item: Life Orb
|move|p1a: Goodra|Ice Beam|p2a: Leafeon
|-supereffective|p2a: Leafeon
|-damage|p2a: Leafeon|0 fnt
|faint|p2a: Leafeon
|
|-weather|none
|upkeep
|inactive|QingKe has 120 seconds left.
|
|t:|1758258908
|switch|p2a: Cinderace|Cinderace, M|100/100
|turn|9
|
|t:|1758258915
|move|p2a: Cinderace|Pyro Ball|p1a: Goodra
|-damage|p1a: Goodra|0 fnt
|faint|p1a: Goodra
|
|upkeep
|
|t:|1758258920
|switch|p1a: Great Tusk|Great Tusk|74/100
|turn|10
|
|t:|1758258930
|move|p2a: Cinderace|U-turn|p1a: Great Tusk
|-start|p2a: Cinderace|typechange|Bug|[from] ability: Libero
|-resisted|p1a: Great Tusk
|-damage|p1a: Great Tusk|62/100
|
|t:|1758258934
|switch|p2a: Landorus|Landorus-Therian, M|72/100|[from] U-turn
|-damage|p2a: Landorus|59/100|[from] Stealth Rock
|-ability|p2a: Landorus|Intimidate|boost
|-unboost|p1a: Great Tusk|atk|1
|move|p1a: Great Tusk|Rapid Spin|p2a: Landorus
|-damage|p2a: Landorus|45/100
|-boost|p1a: Great Tusk|spe|1
|-damage|p1a: Great Tusk|52/100|[from] item: Life Orb
|
|-heal|p2a: Landorus|51/100|[from] item: Leftovers
|upkeep
|turn|11
|inactive|Umu Eze has 120 seconds left.
|
|t:|1758258954
|move|p1a: Great Tusk|Close Combat|p2a: Landorus
|-resisted|p2a: Landorus
|-damage|p2a: Landorus|25/100
|-unboost|p1a: Great Tusk|def|1
|-unboost|p1a: Great Tusk|spd|1
|-damage|p1a: Great Tusk|42/100|[from] item: Life Orb
|move|p2a: Landorus|Earthquake|p1a: Great Tusk
|-damage|p1a: Great Tusk|0 fnt
|faint|p1a: Great Tusk
|-end|p1a: Great Tusk|Protosynthesis|[silent]
|
|-heal|p2a: Landorus|31/100|[from] item: Leftovers
|upkeep
|inactive|Umu Eze has 120 seconds left.
|
|t:|1758258960
|switch|p1a: Vikavolt|Vikavolt, F|100/100
|turn|12
|
|t:|1758258967
|move|p2a: Landorus|Stone Edge|p1a: Vikavolt
|-supereffective|p1a: Vikavolt
|-damage|p1a: Vikavolt|0 fnt
|faint|p1a: Vikavolt
|
|-heal|p2a: Landorus|37/100|[from] item: Leftovers
|upkeep
|
|t:|1758258969
|switch|p1a: Weavile|Weavile, M|100/100
|-ability|p1a: Weavile|Pressure
|turn|13
|
|t:|1758258974
|move|p1a: Weavile|Swords Dance|p1a: Weavile
|-boost|p1a: Weavile|atk|2
|move|p2a: Landorus|Stone Edge|p1a: Weavile
|-supereffective|p1a: Weavile
|-damage|p1a: Weavile|0 fnt
|faint|p1a: Weavile
|
|win|QingKe
|raw|Umu Eze's rating: 1250 &rarr; <strong>1227</strong><br />(-23 for losing)
|raw|QingKe's rating: 1277 &rarr; <strong>1300</strong><br />(+23 for winning)
|l|☆Umu Eze
|player|p1|
|l|☆QingKe
|player|p2|
