|j|☆Clodo de Frigost
|j|☆Sk4rpOv
|t:|1758350225
|gametype|singles
|player|p1|Clodo de Frigost|teamrocket|1363
|player|p2|Sk4rpOv|plasmagrunt|1357
|gen|9
|tier|[Gen 9] OU
|rated|
|rule|HP Percentage Mod: HP is shown in percentages
|rule|Endless Battle Clause: Forcing endless battles is banned
|rule|Species Clause: Limit one of each Pokémon
|rule|OHKO Clause: OHKO moves are banned
|rule|Evasion Items Clause: Evasion items are banned
|rule|Evasion Moves Clause: Evasion moves are banned
|rule|Evasion Abilities Clause: Evasion abilities are banned
|rule|Sleep Moves Clause: Sleep-inducing moves are banned
|clearpoke
|poke|p1|Thundurus, M|
|poke|p1|Clefable, F|
|poke|p1|Great Tusk|
|poke|p1|Porygon-Z|
|poke|p1|Iron Valiant|
|poke|p1|Slowking-Galar, F|
|poke|p2|Gholdengo|
|poke|p2|Great Tusk|
|poke|p2|Iron Valiant|
|poke|p2|Dragapult, F|
|poke|p2|Ting-Lu|
|poke|p2|Kingambit, M|
|teampreview
|inactive|Battle timer is ON: inactive players will automatically lose when time's up. (requested by Sk4rpOv)
|
|t:|1758350236
|teamsize|p1|6
|teamsize|p2|6
|start
|switch|p1a: Thundurus|Thundurus, M|100/100
|switch|p2a: Gold Marley|Gholdengo|100/100
|turn|1
|c|☆Clodo de Frigost|xd
|c|☆Clodo de Frigost|nice name
|inactive|Sk4rpOv has 120 seconds left.
|
|t:|1758350273
|switch|p2a: Jean michel|Ting-Lu|100/100
|-ability|p2a: Jean michel|Vessel of Ruin
|move|p1a: Thundurus|Knock Off|p2a: Jean michel
|-resisted|p2a: Jean michel
|-damage|p2a: Jean michel|92/100
|-enditem|p2a: Jean michel|Leftovers|[from] move: Knock Off|[of] p1a: Thundurus
|
|upkeep
|turn|2
|inactive|Sk4rpOv has 120 seconds left.
|
|t:|1758350283
|move|p1a: Thundurus|Swagger|p2a: Jean michel
|-hint|Since gen 7, Dark is immune to Prankster moves.
|-immune|p2a: Jean michel
|move|p2a: Jean michel|Stealth Rock|p1a: Thundurus
|-sidestart|p1: Clodo de Frigost|move: Stealth Rock
|
|upkeep
|turn|3
|
|t:|1758350290
|switch|p1a: Great Tusk|Great Tusk|100/100
|-damage|p1a: Great Tusk|98/100|[from] Stealth Rock
|move|p2a: Jean michel|Ruination|p1a: Great Tusk
|-damage|p1a: Great Tusk|49/100
|
|-heal|p1a: Great Tusk|55/100|[from] item: Leftovers
|upkeep
|turn|4
|c|☆Clodo de Frigost|i'm dumb
|
|t:|1758350299
|move|p1a: Great Tusk|Ice Spinner|p2a: Jean michel
|-supereffective|p2a: Jean michel
|-damage|p2a: Jean michel|65/100
|move|p2a: Jean michel|Ruination|p1a: Great Tusk
|-damage|p1a: Great Tusk|28/100
|
|-heal|p1a: Great Tusk|34/100|[from] item: Leftovers
|upkeep
|turn|5
|
|t:|1758350309
|move|p1a: Great Tusk|Rapid Spin|p2a: Jean michel
|-damage|p2a: Jean michel|57/100
|-boost|p1a: Great Tusk|spe|1
|-sideend|p1: Clodo de Frigost|Stealth Rock|[from] move: Rapid Spin|[of] p1a: Great Tusk
|move|p2a: Jean michel|Stealth Rock|p1a: Great Tusk
|-sidestart|p1: Clodo de Frigost|move: Stealth Rock
|
|-heal|p1a: Great Tusk|40/100|[from] item: Leftovers
|upkeep
|turn|6
|
|t:|1758350318
|move|p1a: Great Tusk|Headlong Rush|p2a: Jean michel
|-damage|p2a: Jean michel|30/100
|-unboost|p1a: Great Tusk|def|1
|-unboost|p1a: Great Tusk|spd|1
|move|p2a: Jean michel|Earthquake|p1a: Great Tusk
|-damage|p1a: Great Tusk|4/100
|
|-heal|p1a: Great Tusk|10/100|[from] item: Leftovers
|upkeep
|turn|7
|
|t:|1758350328
|move|p1a: Great Tusk|Rapid Spin|p2a: Jean michel
|-damage|p2a: Jean michel|22/100
|-boost|p1a: Great Tusk|spe|1
|-sideend|p1: Clodo de Frigost|Stealth Rock|[from] move: Rapid Spin|[of] p1a: Great Tusk
|move|p2a: Jean michel|Earthquake|p1a: Great Tusk
|-damage|p1a: Great Tusk|0 fnt
|faint|p1a: Great Tusk
|-end|p1a: Great Tusk|Protosynthesis|[silent]
|
|upkeep
|
|t:|1758350332
|switch|p1a: Porygon-Z|Porygon-Z|100/100
|turn|8
|
|t:|1758350339
|move|p1a: Porygon-Z|Ice Beam|p2a: Jean michel
|-supereffective|p2a: Jean michel
|-damage|p2a: Jean michel|0 fnt
|faint|p2a: Jean michel
|
|upkeep
|
|t:|1758350349
|switch|p2a: Vincent Mc doom|Iron Valiant, shiny|100/100
|turn|9
|inactive|Clodo de Frigost has 120 seconds left.
|
|t:|1758350389
|switch|p1a: Slowking|Slowking-Galar, F|100/100
|move|p2a: Vincent Mc doom|Focus Blast|p1a: Slowking
|-resisted|p1a: Slowking
|-damage|p1a: Slowking|90/100
|
|upkeep
|turn|10
|
|t:|1758350397
|-end|p2a: Vincent Mc doom|Quark Drive|[silent]
|switch|p2a: Gold Marley|Gholdengo|100/100
|-prepare|p1a: Slowking|Chilly Reception|[premajor]
|move|p1a: Slowking|Chilly Reception|p1a: Slowking
|-weather|Snowscape
|inactive|Clodo de Frigost has 120 seconds left.
|
|t:|1758350407
|switch|p1a: Thundurus|Thundurus, M|100/100|[from] Chilly Reception
|
|-weather|Snowscape|[upkeep]
|upkeep
|turn|11
|
|t:|1758350433
|move|p1a: Thundurus|Knock Off|p2a: Gold Marley
|-supereffective|p2a: Gold Marley
|-damage|p2a: Gold Marley|39/100
|-enditem|p2a: Gold Marley|Leftovers|[from] move: Knock Off|[of] p1a: Thundurus
|move|p2a: Gold Marley|Shadow Ball|p1a: Thundurus
|-damage|p1a: Thundurus|52/100
|
|-weather|Snowscape|[upkeep]
|upkeep
|turn|12
|
|t:|1758350446
|switch|p2a: Michel Bidochon|Great Tusk, shiny|100/100
|-enditem|p2a: Michel Bidochon|Booster Energy
|-activate|p2a: Michel Bidochon|ability: Protosynthesis|[fromitem]
|-start|p2a: Michel Bidochon|protosynthesisspe
|move|p1a: Thundurus|Knock Off|p2a: Michel Bidochon
|-resisted|p2a: Michel Bidochon
|-damage|p2a: Michel Bidochon|94/100
|
|-weather|Snowscape|[upkeep]
|upkeep
|turn|13
|
|t:|1758350460
|move|p1a: Thundurus|Swagger|p2a: Michel Bidochon
|-boost|p2a: Michel Bidochon|atk|2
|-start|p2a: Michel Bidochon|confusion
|-enditem|p1a: Thundurus|Mirror Herb
|-boost|p1a: Thundurus|atk|2|[from] item: Mirror Herb
|-activate|p2a: Michel Bidochon|confusion
|move|p2a: Michel Bidochon|Head Smash|p1a: Thundurus|[miss]
|-miss|p2a: Michel Bidochon|p1a: Thundurus
|
|-weather|Snowscape|[upkeep]
|upkeep
|turn|14
|
|t:|1758350471
|-activate|p2a: Michel Bidochon|confusion
|-damage|p2a: Michel Bidochon|80/100|[from] confusion
|move|p1a: Thundurus|Acrobatics|p2a: Michel Bidochon
|-supereffective|p2a: Michel Bidochon
|-damage|p2a: Michel Bidochon|0 fnt
|faint|p2a: Michel Bidochon
|-end|p2a: Michel Bidochon|Protosynthesis|[silent]
|
|-weather|none
|upkeep
|inactive|Sk4rpOv has 120 seconds left.
|
|t:|1758350491
|switch|p2a: Dragapute|Dragapult, F|100/100
|turn|15
|
|t:|1758350496
|move|p2a: Dragapute|Draco Meteor|p1a: Thundurus
|-crit|p1a: Thundurus
|-damage|p1a: Thundurus|0 fnt
|-unboost|p2a: Dragapute|spa|2
|faint|p1a: Thundurus
|
|upkeep
|inactive|Clodo de Frigost has 120 seconds left.
|inactive|Clodo de Frigost has 90 seconds left.
|
|t:|1758350575
|switch|p1a: Iron Valiant|Iron Valiant|100/100
|-enditem|p1a: Iron Valiant|Booster Energy
|-activate|p1a: Iron Valiant|ability: Quark Drive|[fromitem]
|-start|p1a: Iron Valiant|quarkdrivespe
|turn|16
|
|t:|1758350583
|switch|p2a: Gold Marley|Gholdengo|39/100
|move|p1a: Iron Valiant|Swords Dance|p1a: Iron Valiant
|-boost|p1a: Iron Valiant|atk|2
|
|upkeep
|turn|17
|
|t:|1758350592
|move|p1a: Iron Valiant|Knock Off|p2a: Gold Marley
|-supereffective|p2a: Gold Marley
|-damage|p2a: Gold Marley|0 fnt
|faint|p2a: Gold Marley
|
|upkeep
|
|t:|1758350597
|switch|p2a: Vincent Mc doom|Iron Valiant, shiny|100/100
|turn|18
|
|t:|1758350601
|move|p1a: Iron Valiant|Close Combat|p2a: Vincent Mc doom
|-resisted|p2a: Vincent Mc doom
|-damage|p2a: Vincent Mc doom|26/100
|-unboost|p1a: Iron Valiant|def|1
|-unboost|p1a: Iron Valiant|spd|1
|move|p2a: Vincent Mc doom|Moonblast|p1a: Iron Valiant
|-supereffective|p1a: Iron Valiant
|-damage|p1a: Iron Valiant|0 fnt
|faint|p1a: Iron Valiant
|-end|p1a: Iron Valiant|Quark Drive|[silent]
|
|upkeep
|
|t:|1758350606
|switch|p1a: Porygon-Z|Porygon-Z|100/100
|turn|19
|
|t:|1758350622
|move|p2a: Vincent Mc doom|Moonblast|p1a: Porygon-Z
|-damage|p1a: Porygon-Z|30/100
|move|p1a: Porygon-Z|Ice Beam|p2a: Vincent Mc doom
|-damage|p2a: Vincent Mc doom|0 fnt
|faint|p2a: Vincent Mc doom
|-end|p2a: Vincent Mc doom|Quark Drive|[silent]
|
|upkeep
|
|t:|1758350631
|switch|p2a: Dragapute|Dragapult, F|100/100
|turn|20
|
|t:|1758350638
|-terastallize|p1a: Porygon-Z|Ice
|move|p1a: Porygon-Z|Ice Beam|p2a: Dragapute
|-supereffective|p2a: Dragapute
|-damage|p2a: Dragapute|0 fnt
|faint|p2a: Dragapute
|
|upkeep
|
|t:|1758350645
|switch|p2a: Grain de riz|Kingambit, M|100/100
|-activate|p2a: Grain de riz|ability: Supreme Overlord
|-start|p2a: Grain de riz|fallen5|[silent]
|turn|21
|
|t:|1758350652
|switch|p1a: Clefable|Clefable, F|100/100
|move|p2a: Grain de riz|Sucker Punch||[still]
|-fail|p2a: Grain de riz
|
|upkeep
|turn|22
|
|t:|1758350664
|-terastallize|p2a: Grain de riz|Flying
|move|p1a: Clefable|Cosmic Power|p1a: Clefable
|-boost|p1a: Clefable|def|1
|-boost|p1a: Clefable|spd|1
|move|p2a: Grain de riz|Iron Head|p1a: Clefable
|-supereffective|p1a: Clefable
|-damage|p1a: Clefable|0 fnt
|faint|p1a: Clefable
|
|upkeep
|
|t:|1758350672
|switch|p1a: Porygon-Z|Porygon-Z, tera:Ice|30/100
|turn|23
|
|t:|1758350676
|move|p2a: Grain de riz|Sucker Punch||[still]
|-fail|p2a: Grain de riz
|move|p1a: Porygon-Z|Trick|p2a: Grain de riz
|-activate|p1a: Porygon-Z|move: Trick|[of] p2a: Grain de riz
|-item|p2a: Grain de riz|Choice Scarf|[from] move: Trick
|-item|p1a: Porygon-Z|Black Glasses|[from] move: Trick
|
|upkeep
|turn|24
|
|t:|1758350698
|move|p2a: Grain de riz|Sucker Punch|p1a: Porygon-Z
|-damage|p1a: Porygon-Z|0 fnt
|faint|p1a: Porygon-Z
|
|upkeep
|
|t:|1758350700
|switch|p1a: Slowking|Slowking-Galar, F|100/100
|turn|25
|
|t:|1758350707
|move|p2a: Grain de riz|Sucker Punch||[still]
|-fail|p2a: Grain de riz
|-prepare|p1a: Slowking|Chilly Reception|[premajor]
|move|p1a: Slowking|Chilly Reception|p1a: Slowking
|-weather|Snowscape
|
|-weather|Snowscape|[upkeep]
|upkeep
|turn|26
|
|t:|1758350715
|move|p2a: Grain de riz|Sucker Punch||[still]
|-fail|p2a: Grain de riz
|-prepare|p1a: Slowking|Chilly Reception|[premajor]
|move|p1a: Slowking|Chilly Reception||[still]
|-fail|p1a: Slowking
|
|-weather|Snowscape|[upkeep]
|upkeep
|turn|27
|
|t:|1758350724
|move|p2a: Grain de riz|Sucker Punch||[still]
|-fail|p2a: Grain de riz
|-prepare|p1a: Slowking|Chilly Reception|[premajor]
|move|p1a: Slowking|Chilly Reception||[still]
|-fail|p1a: Slowking
|
|-weather|Snowscape|[upkeep]
|upkeep
|turn|28
|
|t:|1758350730
|move|p2a: Grain de riz|Sucker Punch||[still]
|-fail|p2a: Grain de riz
|-prepare|p1a: Slowking|Chilly Reception|[premajor]
|move|p1a: Slowking|Chilly Reception||[still]
|-fail|p1a: Slowking
|
|-weather|Snowscape|[upkeep]
|upkeep
|turn|29
|c|☆Sk4rpOv|Lol
|
|t:|1758350741
|move|p2a: Grain de riz|Sucker Punch||[still]
|-fail|p2a: Grain de riz
|-prepare|p1a: Slowking|Chilly Reception|[premajor]
|move|p1a: Slowking|Chilly Reception||[still]
|-fail|p1a: Slowking
|
|-weather|none
|upkeep
|turn|30
|c|☆Clodo de Frigost|i'm not even sure i can handle your struggles xd
|
|t:|1758350751
|-activate|p2a: Grain de riz|move: Struggle
|move|p2a: Grain de riz|Struggle|p1a: Slowking
|-damage|p1a: Slowking|71/100
|-damage|p2a: Grain de riz|75/100|[from] recoil
|-prepare|p1a: Slowking|Chilly Reception|[premajor]
|move|p1a: Slowking|Chilly Reception|p1a: Slowking
|-weather|Snowscape
|
|-weather|Snowscape|[upkeep]
|upkeep
|turn|31
|c|☆Clodo de Frigost|holy shit
|c|☆Clodo de Frigost|i cant
|c|☆Clodo de Frigost|XD
|
|t:|1758350765
|-activate|p2a: Grain de riz|move: Struggle
|move|p2a: Grain de riz|Struggle|p1a: Slowking
|-damage|p1a: Slowking|40/100
|-damage|p2a: Grain de riz|50/100|[from] recoil
|move|p1a: Slowking|Sludge Bomb|p2a: Grain de riz
|-damage|p2a: Grain de riz|14/100
|
|-weather|Snowscape|[upkeep]
|upkeep
|turn|32
|
|t:|1758350775
|-activate|p2a: Grain de riz|move: Struggle
|move|p2a: Grain de riz|Struggle|p1a: Slowking
|-damage|p1a: Slowking|11/100
|-damage|p2a: Grain de riz|0 fnt|[from] recoil
|faint|p2a: Grain de riz
|-end|p2a: Grain de riz|fallen5|[silent]
|
|win|Clodo de Frigost
|raw|Clodo de Frigost's rating: 1363 &rarr; <strong>1383</strong><br />(+20 for winning)
|raw|Sk4rpOv's rating: 1357 &rarr; <strong>1337</strong><br />(-20 for losing)
|c|☆Clodo de Frigost|gg
|l|☆Clodo de Frigost
|player|p1|
|c|☆Sk4rpOv|Gg
