|j|☆Yothas
|j|☆MoisesGuedes
|t:|1758313023
|gametype|singles
|player|p1|Yothas|2|1305
|player|p2|MoisesGuedes|265|1294
|gen|9
|tier|[Gen 9] OU
|rated|
|rule|HP Percentage Mod: HP is shown in percentages
|rule|Endless Battle Clause: Forcing endless battles is banned
|rule|Species Clause: Limit one of each Pokémon
|rule|OHKO Clause: OHKO moves are banned
|rule|Evasion Items Clause: Evasion items are banned
|rule|Evasion Moves Clause: Evasion moves are banned
|rule|Evasion Abilities Clause: Evasion abilities are banned
|rule|Sleep Moves Clause: Sleep-inducing moves are banned
|clearpoke
|poke|p1|Slaking, M|
|poke|p1|Clodsire, M|
|poke|p1|Clefable, F|
|poke|p1|Medicham, M|
|poke|p1|Landorus-Therian, M|
|poke|p1|Blastoise, M|
|poke|p2|Kyurem|
|poke|p2|Iron Moth|
|poke|p2|Kingambit, M|
|poke|p2|Landorus-Therian, M|
|poke|p2|Hatterene, F|
|poke|p2|Zamazenta-*|
|teampreview
|inactive|Battle timer is ON: inactive players will automatically lose when time's up. (requested by Yothas)
|
|t:|1758313039
|teamsize|p1|6
|teamsize|p2|6
|start
|switch|p1a: Slaking|Slaking, M|100/100
|switch|p2a: Landorus|Landorus-Therian, M|100/100
|-ability|p2a: Landorus|Intimidate|boost
|-unboost|p1a: Slaking|atk|1
|turn|1
|
|t:|1758313058
|switch|p1a: Blastoise|Blastoise, M, shiny|100/100
|move|p2a: Landorus|Stealth Rock|p1a: Blastoise
|-sidestart|p1: Yothas|move: Stealth Rock
|
|upkeep
|turn|2
|
|t:|1758313064
|move|p2a: Landorus|Grass Knot|p1a: Blastoise
|-supereffective|p1a: Blastoise
|-crit|p1a: Blastoise
|-damage|p1a: Blastoise|59/100
|move|p1a: Blastoise|Rapid Spin|p2a: Landorus
|-damage|p2a: Landorus|92/100
|-boost|p1a: Blastoise|spe|1
|-damage|p1a: Blastoise|42/100|[from] item: Rocky Helmet|[of] p2a: Landorus
|-sideend|p1: Yothas|Stealth Rock|[from] move: Rapid Spin|[of] p1a: Blastoise
|
|-heal|p1a: Blastoise|48/100|[from] item: Leftovers
|upkeep
|turn|3
|
|t:|1758313075
|move|p2a: Landorus|Grass Knot|p1a: Blastoise
|-supereffective|p1a: Blastoise
|-crit|p1a: Blastoise
|-damage|p1a: Blastoise|4/100
|move|p1a: Blastoise|Ice Beam|p2a: Landorus
|-supereffective|p2a: Landorus
|-damage|p2a: Landorus|8/100
|
|-heal|p1a: Blastoise|10/100|[from] item: Leftovers
|upkeep
|turn|4
|
|t:|1758313087
|move|p2a: Landorus|Grass Knot|p1a: Blastoise
|-supereffective|p1a: Blastoise
|-damage|p1a: Blastoise|0 fnt
|faint|p1a: Blastoise
|
|upkeep
|
|t:|1758313093
|switch|p1a: Medicham|Medicham, M, shiny|100/100
|turn|5
|
|t:|1758313104
|switch|p2a: Hatterene|Hatterene, F|100/100
|move|p1a: Medicham|Ice Punch|p2a: Hatterene
|-damage|p2a: Hatterene|73/100
|
|upkeep
|turn|6
|
|t:|1758313113
|switch|p1a: Slaking|Slaking, M|100/100
|move|p2a: Hatterene|Nuzzle|p1a: Slaking
|-damage|p1a: Slaking|98/100
|-status|p1a: Slaking|par
|
|upkeep
|turn|7
|
|t:|1758313129
|switch|p2a: Zamazenta|Zamazenta|100/100
|-ability|p2a: Zamazenta|Dauntless Shield|boost
|-boost|p2a: Zamazenta|def|1
|move|p1a: Slaking|Knock Off|p2a: Zamazenta
|-resisted|p2a: Zamazenta
|-crit|p2a: Zamazenta
|-damage|p2a: Zamazenta|67/100
|-enditem|p2a: Zamazenta|Leftovers|[from] move: Knock Off|[of] p1a: Slaking
|
|upkeep
|turn|8
|
|t:|1758313139
|switch|p1a: Clefable|Clefable, F|100/100
|move|p2a: Zamazenta|Iron Defense|p2a: Zamazenta
|-boost|p2a: Zamazenta|def|2
|
|upkeep
|turn|9
|
|t:|1758313146
|move|p2a: Zamazenta|Body Press|p1a: Clefable
|-resisted|p1a: Clefable
|-damage|p1a: Clefable|87/100
|move|p1a: Clefable|Moonblast|p2a: Zamazenta
|-supereffective|p2a: Zamazenta
|-damage|p2a: Zamazenta|10/100
|
|-heal|p1a: Clefable|93/100|[from] item: Leftovers
|upkeep
|turn|10
|
|t:|1758313161
|switch|p2a: Iron Moth|Iron Moth|100/100
|-enditem|p2a: Iron Moth|Booster Energy
|-activate|p2a: Iron Moth|ability: Quark Drive|[fromitem]
|-start|p2a: Iron Moth|quarkdrivespe
|move|p1a: Clefable|Stealth Rock|p2a: Iron Moth
|-sidestart|p2: MoisesGuedes|move: Stealth Rock
|
|-heal|p1a: Clefable|99/100|[from] item: Leftovers
|upkeep
|turn|11
|
|t:|1758313171
|switch|p1a: Clodsire|Clodsire, M|100/100
|move|p2a: Iron Moth|Sludge Wave|p1a: Clodsire
|-resisted|p1a: Clodsire
|-damage|p1a: Clodsire|94/100
|
|-heal|p1a: Clodsire|99/100|[from] item: Leftovers
|upkeep
|turn|12
|
|t:|1758313182
|move|p2a: Iron Moth|Psychic|p1a: Clodsire
|-supereffective|p1a: Clodsire
|-damage|p1a: Clodsire|66/100
|move|p1a: Clodsire|Earthquake|p2a: Iron Moth
|-supereffective|p2a: Iron Moth
|-damage|p2a: Iron Moth|0 fnt
|faint|p2a: Iron Moth
|-end|p2a: Iron Moth|Quark Drive|[silent]
|
|-heal|p1a: Clodsire|73/100|[from] item: Leftovers
|upkeep
|
|t:|1758313195
|switch|p2a: Kyurem|Kyurem|100/100
|-damage|p2a: Kyurem|76/100|[from] Stealth Rock
|-ability|p2a: Kyurem|Pressure
|turn|13
|
|t:|1758313202
|move|p2a: Kyurem|Icicle Spear|p1a: Clodsire
|-supereffective|p1a: Clodsire
|-damage|p1a: Clodsire|39/100
|-supereffective|p1a: Clodsire
|-damage|p1a: Clodsire|8/100
|-supereffective|p1a: Clodsire
|-damage|p1a: Clodsire|0 fnt
|faint|p1a: Clodsire
|-hitcount|p1: Clodsire|3
|
|upkeep
|
|t:|1758313207
|switch|p1a: Clefable|Clefable, F|99/100
|turn|14
|
|t:|1758313216
|move|p2a: Kyurem|Icicle Spear|p1a: Clefable
|-damage|p1a: Clefable|89/100
|-damage|p1a: Clefable|78/100
|-damage|p1a: Clefable|68/100
|-damage|p1a: Clefable|58/100
|-damage|p1a: Clefable|47/100
|-hitcount|p1a: Clefable|5
|move|p1a: Clefable|Moonblast|p2a: Kyurem
|-supereffective|p2a: Kyurem
|-damage|p2a: Kyurem|20/100
|
|-heal|p1a: Clefable|53/100|[from] item: Leftovers
|upkeep
|turn|15
|
|t:|1758313235
|switch|p2a: Hatterene|Hatterene, F|73/100
|-damage|p2a: Hatterene|60/100|[from] Stealth Rock
|move|p1a: Clefable|Moonlight|p1a: Clefable
|-heal|p1a: Clefable|100/100
|
|upkeep
|turn|16
|inactive|Yothas has 120 seconds left.
|inactive|Yothas has 90 seconds left.
|
|t:|1758313321
|move|p1a: Clefable|Moonblast|p2a: Hatterene
|-damage|p2a: Hatterene|30/100
|move|p2a: Hatterene|Nuzzle|p1a: Clefable
|-damage|p1a: Clefable|97/100
|-status|p1a: Clefable|par
|
|-heal|p1a: Clefable|100/100 par|[from] item: Leftovers
|upkeep
|turn|17
|inactive|MoisesGuedes has 120 seconds left.
|
|t:|1758313353
|switch|p2a: Kingambit|Kingambit, M|100/100
|-damage|p2a: Kingambit|94/100|[from] Stealth Rock
|-activate|p2a: Kingambit|ability: Supreme Overlord
|-start|p2a: Kingambit|fallen1|[silent]
|move|p1a: Clefable|Moonblast|p2a: Kingambit
|-damage|p2a: Kingambit|61/100
|-unboost|p2a: Kingambit|spa|1
|
|-heal|p2a: Kingambit|67/100|[from] item: Leftovers
|upkeep
|turn|18
|inactive|MoisesGuedes has 120 seconds left.
|
|t:|1758313365
|switch|p1a: Landorus|Landorus-Therian, M|100/100
|-ability|p1a: Landorus|Intimidate|boost
|-unboost|p2a: Kingambit|atk|1
|move|p2a: Kingambit|Iron Head|p1a: Landorus
|-damage|p1a: Landorus|63/100
|
|-heal|p2a: Kingambit|73/100|[from] item: Leftovers
|upkeep
|turn|19
|inactive|MoisesGuedes has 120 seconds left.
|
|t:|1758313380
|-end|p2a: Kingambit|fallen1|[silent]
|switch|p2a: Landorus|Landorus-Therian, M|8/100
|-damage|p2a: Landorus|0 fnt|[from] Stealth Rock
|faint|p2a: Landorus
|move|p1a: Landorus|Earth Power|p2: Landorus|[notarget]
|-fail|p1a: Landorus
|
|upkeep
|
|t:|1758313388
|switch|p2a: Kingambit|Kingambit, M|73/100
|-damage|p2a: Kingambit|67/100|[from] Stealth Rock
|-activate|p2a: Kingambit|ability: Supreme Overlord
|-start|p2a: Kingambit|fallen2|[silent]
|turn|20
|inactive|MoisesGuedes has 120 seconds left.
|inactive|Yothas has 60 seconds left.
|
|t:|1758313434
|switch|p1a: Slaking|Slaking, M|98/100 par
|move|p2a: Kingambit|Sucker Punch||[still]
|-fail|p2a: Kingambit
|
|-heal|p2a: Kingambit|73/100|[from] item: Leftovers
|upkeep
|turn|21
|inactive|MoisesGuedes has 120 seconds left.
|
|t:|1758313447
|-terastallize|p2a: Kingambit|Ghost
|move|p1a: Slaking|Earthquake|p2a: Kingambit
|-damage|p2a: Kingambit|25/100
|move|p2a: Kingambit|Swords Dance|p2a: Kingambit
|-boost|p2a: Kingambit|atk|2
|
|-heal|p2a: Kingambit|31/100|[from] item: Leftovers
|upkeep
|turn|22
|inactive|Yothas has 60 seconds left.
|inactive|MoisesGuedes has 120 seconds left.
|
|t:|1758313457
|cant|p1a: Slaking|ability: Truant
|move|p2a: Kingambit|Low Kick|p1a: Slaking
|-supereffective|p1a: Slaking
|-damage|p1a: Slaking|0 fnt
|faint|p1a: Slaking
|
|-heal|p2a: Kingambit|37/100|[from] item: Leftovers
|upkeep
|inactive|Yothas has 60 seconds left.
|
|t:|1758313465
|switch|p1a: Clefable|Clefable, F|100/100 par
|turn|23
|
|t:|1758313470
|-terastallize|p1a: Clefable|Steel
|move|p2a: Kingambit|Iron Head|p1a: Clefable
|-resisted|p1a: Clefable
|-damage|p1a: Clefable|78/100 par
|cant|p1a: Clefable|par
|
|-heal|p2a: Kingambit|43/100|[from] item: Leftovers
|-heal|p1a: Clefable|84/100 par|[from] item: Leftovers
|upkeep
|turn|24
|inactive|Yothas has 60 seconds left.
|
|t:|1758313489
|move|p2a: Kingambit|Low Kick|p1a: Clefable
|-supereffective|p1a: Clefable
|-damage|p1a: Clefable|43/100 par
|cant|p1a: Clefable|par
|
|-heal|p2a: Kingambit|50/100|[from] item: Leftovers
|-heal|p1a: Clefable|49/100 par|[from] item: Leftovers
|upkeep
|turn|25
|
|t:|1758313497
|move|p2a: Kingambit|Low Kick|p1a: Clefable
|-supereffective|p1a: Clefable
|-damage|p1a: Clefable|7/100 par
|move|p1a: Clefable|Moonlight|p1a: Clefable
|-heal|p1a: Clefable|57/100 par
|
|-heal|p2a: Kingambit|56/100|[from] item: Leftovers
|-heal|p1a: Clefable|63/100 par|[from] item: Leftovers
|upkeep
|turn|26
|
|t:|1758313507
|move|p2a: Kingambit|Swords Dance|p2a: Kingambit
|-boost|p2a: Kingambit|atk|2
|move|p1a: Clefable|Moonlight|p1a: Clefable
|-heal|p1a: Clefable|100/100 par
|
|-heal|p2a: Kingambit|62/100|[from] item: Leftovers
|upkeep
|turn|27
|
|t:|1758313517
|move|p2a: Kingambit|Swords Dance|p2a: Kingambit
|-boost|p2a: Kingambit|atk|2
|move|p1a: Clefable|Thunder Wave|p2a: Kingambit
|-status|p2a: Kingambit|par
|
|-heal|p2a: Kingambit|68/100 par|[from] item: Leftovers
|upkeep
|turn|28
|inactive|Yothas has 90 seconds left.
|
|t:|1758313526
|cant|p1a: Clefable|par
|move|p2a: Kingambit|Low Kick|p1a: Clefable
|-supereffective|p1a: Clefable
|-damage|p1a: Clefable|54/100 par
|
|-heal|p1a: Clefable|60/100 par|[from] item: Leftovers
|-heal|p2a: Kingambit|74/100 par|[from] item: Leftovers
|upkeep
|turn|29
|inactive|Yothas has 90 seconds left.
|
|t:|1758313540
|move|p1a: Clefable|Moonlight|p1a: Clefable
|-heal|p1a: Clefable|100/100 par
|move|p2a: Kingambit|Low Kick|p1a: Clefable
|-supereffective|p1a: Clefable
|-damage|p1a: Clefable|53/100 par
|
|-heal|p1a: Clefable|59/100 par|[from] item: Leftovers
|-heal|p2a: Kingambit|80/100 par|[from] item: Leftovers
|upkeep
|turn|30
|
|t:|1758313551
|move|p1a: Clefable|Moonblast|p2a: Kingambit
|-damage|p2a: Kingambit|46/100 par
|cant|p2a: Kingambit|par
|
|-heal|p1a: Clefable|65/100 par|[from] item: Leftovers
|-heal|p2a: Kingambit|52/100 par|[from] item: Leftovers
|upkeep
|turn|31
|
|t:|1758313560
|cant|p2a: Kingambit|par
|cant|p1a: Clefable|par
|
|-heal|p1a: Clefable|72/100 par|[from] item: Leftovers
|-heal|p2a: Kingambit|59/100 par|[from] item: Leftovers
|upkeep
|turn|32
|
|t:|1758313568
|move|p2a: Kingambit|Sucker Punch|p1a: Clefable
|-damage|p1a: Clefable|37/100 par
|move|p1a: Clefable|Moonblast|p2a: Kingambit
|-damage|p2a: Kingambit|25/100 par
|
|-heal|p1a: Clefable|43/100 par|[from] item: Leftovers
|-heal|p2a: Kingambit|31/100 par|[from] item: Leftovers
|upkeep
|turn|33
|
|t:|1758313578
|move|p2a: Kingambit|Sucker Punch||[still]
|-fail|p2a: Kingambit
|move|p1a: Clefable|Moonlight|p1a: Clefable
|-heal|p1a: Clefable|93/100 par
|
|-heal|p1a: Clefable|99/100 par|[from] item: Leftovers
|-heal|p2a: Kingambit|37/100 par|[from] item: Leftovers
|upkeep
|turn|34
|
|t:|1758313587
|move|p2a: Kingambit|Sucker Punch|p1a: Clefable
|-damage|p1a: Clefable|64/100 par
|cant|p1a: Clefable|par
|
|-heal|p1a: Clefable|70/100 par|[from] item: Leftovers
|-heal|p2a: Kingambit|43/100 par|[from] item: Leftovers
|upkeep
|turn|35
|
|t:|1758313594
|move|p2a: Kingambit|Sucker Punch|p1a: Clefable
|-damage|p1a: Clefable|30/100 par
|move|p1a: Clefable|Moonblast|p2a: Kingambit
|-damage|p2a: Kingambit|13/100 par
|
|-heal|p1a: Clefable|37/100 par|[from] item: Leftovers
|-heal|p2a: Kingambit|19/100 par|[from] item: Leftovers
|upkeep
|turn|36
|
|t:|1758313603
|move|p1a: Clefable|Moonlight|p1a: Clefable
|-heal|p1a: Clefable|87/100 par
|move|p2a: Kingambit|Low Kick|p1a: Clefable
|-supereffective|p1a: Clefable
|-damage|p1a: Clefable|42/100 par
|
|-heal|p1a: Clefable|48/100 par|[from] item: Leftovers
|-heal|p2a: Kingambit|26/100 par|[from] item: Leftovers
|upkeep
|turn|37
|
|t:|1758313613
|move|p1a: Clefable|Moonlight|p1a: Clefable
|-heal|p1a: Clefable|98/100 par
|move|p2a: Kingambit|Low Kick|p1a: Clefable
|-supereffective|p1a: Clefable
|-damage|p1a: Clefable|53/100 par
|
|-heal|p1a: Clefable|59/100 par|[from] item: Leftovers
|-heal|p2a: Kingambit|32/100 par|[from] item: Leftovers
|upkeep
|turn|38
|
|t:|1758313625
|move|p1a: Clefable|Moonblast|p2a: Kingambit
|-damage|p2a: Kingambit|1/100 par
|move|p2a: Kingambit|Low Kick|p1a: Clefable
|-supereffective|p1a: Clefable
|-damage|p1a: Clefable|16/100 par
|
|-heal|p1a: Clefable|22/100 par|[from] item: Leftovers
|-heal|p2a: Kingambit|7/100 par|[from] item: Leftovers
|upkeep
|turn|39
|
|t:|1758313637
|cant|p2a: Kingambit|par
|move|p1a: Clefable|Moonlight|p1a: Clefable
|-heal|p1a: Clefable|72/100 par
|
|-heal|p1a: Clefable|78/100 par|[from] item: Leftovers
|-heal|p2a: Kingambit|13/100 par|[from] item: Leftovers
|upkeep
|turn|40
|
|t:|1758313645
|cant|p2a: Kingambit|par
|move|p1a: Clefable|Thunder Wave|p2a: Kingambit
|-fail|p2a: Kingambit|par
|
|-heal|p1a: Clefable|85/100 par|[from] item: Leftovers
|-heal|p2a: Kingambit|19/100 par|[from] item: Leftovers
|upkeep
|turn|41
|
|t:|1758313653
|move|p2a: Kingambit|Sucker Punch|p1a: Clefable
|-damage|p1a: Clefable|43/100 par
|cant|p1a: Clefable|par
|
|-heal|p1a: Clefable|49/100 par|[from] item: Leftovers
|-heal|p2a: Kingambit|26/100 par|[from] item: Leftovers
|upkeep
|turn|42
|
|t:|1758313662
|move|p2a: Kingambit|Sucker Punch|p1a: Clefable
|-damage|p1a: Clefable|14/100 par
|cant|p1a: Clefable|par
|
|-heal|p1a: Clefable|20/100 par|[from] item: Leftovers
|-heal|p2a: Kingambit|32/100 par|[from] item: Leftovers
|upkeep
|turn|43
|
|t:|1758313669
|cant|p2a: Kingambit|par
|move|p1a: Clefable|Moonblast|p2a: Kingambit
|-crit|p2a: Kingambit
|-damage|p2a: Kingambit|0 fnt
|faint|p2a: Kingambit
|-end|p2a: Kingambit|fallen2|[silent]
|
|-heal|p1a: Clefable|26/100 par|[from] item: Leftovers
|upkeep
|
|t:|1758313686
|switch|p2a: Hatterene|Hatterene, F|30/100
|-damage|p2a: Hatterene|18/100|[from] Stealth Rock
|turn|44
|-enditem|p2a: Hatterene|Custap Berry|[eat]
|-activate|p2a: Hatterene|item: Custap Berry|[consumed]
|
|t:|1758313691
|move|p2a: Hatterene|Healing Wish|p2a: Hatterene
|faint|p2a: Hatterene
|move|p1a: Clefable|Moonblast|p2: Hatterene|[notarget]
|-fail|p1a: Clefable
|
|-heal|p1a: Clefable|32/100 par|[from] item: Leftovers
|upkeep
|
|t:|1758313700
|switch|p2a: Zamazenta|Zamazenta|10/100
|-heal|p2a: Zamazenta|100/100|[from] move: Healing Wish
|-damage|p2a: Zamazenta|95/100|[from] Stealth Rock
|turn|45
|
|t:|1758313709
|move|p2a: Zamazenta|Body Press|p1a: Clefable
|-supereffective|p1a: Clefable
|-damage|p1a: Clefable|0 fnt
|faint|p1a: Clefable
|
|upkeep
|
|t:|1758313711
|switch|p1a: Landorus|Landorus-Therian, M|63/100
|-ability|p1a: Landorus|Intimidate|boost
|-unboost|p2a: Zamazenta|atk|1
|turn|46
|
|t:|1758313720
|move|p2a: Zamazenta|Substitute|p2a: Zamazenta
|-start|p2a: Zamazenta|Substitute
|-damage|p2a: Zamazenta|70/100
|move|p1a: Landorus|Psychic|p2a: Zamazenta
|-supereffective|p2a: Zamazenta
|-end|p2a: Zamazenta|Substitute
|-damage|p1a: Landorus|53/100|[from] item: Life Orb
|
|upkeep
|turn|47
|c|☆Yothas|Gg
|
|t:|1758313733
|move|p2a: Zamazenta|Substitute|p2a: Zamazenta
|-start|p2a: Zamazenta|Substitute
|-damage|p2a: Zamazenta|45/100
|move|p1a: Landorus|Psychic|p2a: Zamazenta
|-supereffective|p2a: Zamazenta
|-end|p2a: Zamazenta|Substitute
|-damage|p1a: Landorus|43/100|[from] item: Life Orb
|
|upkeep
|turn|48
|
|t:|1758313755
|switch|p2a: Kyurem|Kyurem|20/100
|-damage|p2a: Kyurem|0 fnt|[from] Stealth Rock
|faint|p2a: Kyurem
|move|p1a: Landorus|Psychic|p2: Kyurem|[notarget]
|-fail|p1a: Landorus
|
|upkeep
|
|t:|1758313762
|switch|p2a: Zamazenta|Zamazenta|45/100
|-damage|p2a: Zamazenta|39/100|[from] Stealth Rock
|turn|49
|
|t:|1758313773
|move|p2a: Zamazenta|Crunch|p1a: Landorus
|-damage|p1a: Landorus|16/100
|move|p1a: Landorus|Psychic|p2a: Zamazenta
|-supereffective|p2a: Zamazenta
|-damage|p2a: Zamazenta|0 fnt
|faint|p2a: Zamazenta
|-damage|p1a: Landorus|6/100|[from] item: Life Orb
|
|win|Yothas
|raw|Yothas's rating: 1305 &rarr; <strong>1324</strong><br />(+19 for winning)
|raw|MoisesGuedes's rating: 1294 &rarr; <strong>1270</strong><br />(-24 for losing)
|l|☆Yothas
|player|p1|
|l|☆MoisesGuedes
|player|p2|
