|j|☆upuntil
|j|☆Celestial_dubkun
|t:|1758255812
|gametype|singles
|player|p1|upuntil|waitress|1563
|player|p2|Celestial_dubkun|hiker-gen4|1585
|gen|9
|tier|[Gen 9] OU
|rated|
|rule|HP Percentage Mod: HP is shown in percentages
|rule|Endless Battle Clause: Forcing endless battles is banned
|rule|Species Clause: Limit one of each Pokémon
|rule|OHKO Clause: OHKO moves are banned
|rule|Evasion Items Clause: Evasion items are banned
|rule|Evasion Moves Clause: Evasion moves are banned
|rule|Evasion Abilities Clause: Evasion abilities are banned
|rule|Sleep Moves Clause: Sleep-inducing moves are banned
|clearpoke
|poke|p1|Zamazenta-*|
|poke|p1|Ninetales-Alola, F|
|poke|p1|Darkrai|
|poke|p1|Ceruledge, M|
|poke|p1|Gliscor, M|
|poke|p1|Hatterene, F|
|poke|p2|Toxapex, F|
|poke|p2|Goodra-Hisui, F|
|poke|p2|Corviknight, F|
|poke|p2|Great Tusk|
|poke|p2|Enamorus, F|
|poke|p2|Darkrai|
|teampreview
|
|t:|1758255821
|teamsize|p1|6
|teamsize|p2|6
|start
|switch|p1a: Gliscor|Gliscor, M|100/100
|switch|p2a: Goodra|Goodra-Hisui, F|100/100
|turn|1
|
|t:|1758255824
|move|p1a: Gliscor|Earthquake|p2a: Goodra
|-supereffective|p2a: Goodra
|-damage|p2a: Goodra|36/100
|move|p2a: Goodra|Knock Off|p1a: Gliscor
|-damage|p1a: Gliscor|75/100
|-enditem|p1a: Gliscor|Toxic Orb|[from] move: Knock Off|[of] p2a: Goodra
|
|upkeep
|turn|2
|
|t:|1758255833
|switch|p2a: Corviknight|Corviknight, F|100/100
|-ability|p2a: Corviknight|Pressure
|move|p1a: Gliscor|Earthquake|p2a: Corviknight
|-immune|p2a: Corviknight
|
|upkeep
|turn|3
|
|t:|1758255839
|switch|p1a: Ninetales|Ninetales-Alola, F|100/100
|-weather|Snowscape|[from] ability: Snow Warning|[of] p1a: Ninetales
|move|p2a: Corviknight|U-turn|p1a: Ninetales
|-resisted|p1a: Ninetales
|-damage|p1a: Ninetales|95/100
|
|t:|1758255841
|switch|p2a: Goodra|Goodra-Hisui, F|36/100|[from] U-turn
|
|-weather|Snowscape|[upkeep]
|upkeep
|turn|4
|
|t:|1758255846
|move|p1a: Ninetales|Aurora Veil|p1a: Ninetales
|-sidestart|p1: upuntil|move: Aurora Veil
|move|p2a: Goodra|Heavy Slam|p1a: Ninetales
|-supereffective|p1a: Ninetales
|-damage|p1a: Ninetales|0 fnt
|faint|p1a: Ninetales
|
|-weather|Snowscape|[upkeep]
|upkeep
|
|t:|1758255872
|switch|p1a: Hatterene|Hatterene, F|100/100
|turn|5
|
|t:|1758255880
|move|p2a: Goodra|Heavy Slam|p1a: Hatterene
|-supereffective|p1a: Hatterene
|-damage|p1a: Hatterene|49/100
|move|p1a: Hatterene|Calm Mind|p1a: Hatterene
|-boost|p1a: Hatterene|spa|1
|-boost|p1a: Hatterene|spd|1
|
|-weather|Snowscape|[upkeep]
|-heal|p1a: Hatterene|55/100|[from] item: Leftovers
|upkeep
|turn|6
|
|t:|1758255889
|-terastallize|p1a: Hatterene|Water
|move|p2a: Goodra|Heavy Slam|p1a: Hatterene
|-resisted|p1a: Hatterene
|-damage|p1a: Hatterene|44/100
|move|p1a: Hatterene|Calm Mind|p1a: Hatterene
|-boost|p1a: Hatterene|spa|1
|-boost|p1a: Hatterene|spd|1
|
|-weather|Snowscape|[upkeep]
|-heal|p1a: Hatterene|50/100|[from] item: Leftovers
|upkeep
|turn|7
|
|t:|1758255894
|move|p1a: Hatterene|Draining Kiss|p2a: Goodra
|-damage|p2a: Goodra|17/100
|-heal|p1a: Hatterene|66/100|[from] drain|[of] p2a: Goodra
|move|p2a: Goodra|Dragon Tail|p1a: Hatterene
|-damage|p1a: Hatterene|53/100
|drag|p1a: Darkrai|Darkrai|100/100
|
|-weather|none
|upkeep
|turn|8
|
|t:|1758255901
|move|p1a: Darkrai|Dark Pulse|p2a: Goodra
|-damage|p2a: Goodra|0 fnt
|faint|p2a: Goodra
|
|upkeep
|
|t:|1758255933
|switch|p2a: Corviknight|Corviknight, F|100/100
|-ability|p2a: Corviknight|Pressure
|turn|9
|
|t:|1758255945
|move|p1a: Darkrai|Nasty Plot|p1a: Darkrai
|-boost|p1a: Darkrai|spa|2
|move|p2a: Corviknight|U-turn|p1a: Darkrai
|-supereffective|p1a: Darkrai
|-damage|p1a: Darkrai|81/100
|
|t:|1758255954
|switch|p2a: Darkrai|Darkrai|100/100|[from] U-turn
|
|-heal|p1a: Darkrai|87/100|[from] item: Leftovers
|upkeep
|turn|10
|inactive|Battle timer is ON: inactive players will automatically lose when time's up. (requested by upuntil)
|
|t:|1758255958
|move|p1a: Darkrai|Focus Blast|p2a: Darkrai
|-supereffective|p2a: Darkrai
|-damage|p2a: Darkrai|0 fnt
|faint|p2a: Darkrai
|
|-heal|p1a: Darkrai|93/100|[from] item: Leftovers
|upkeep
|
|t:|1758255968
|switch|p2a: Toxapex|Toxapex, F|100/100
|turn|11
|
|t:|1758255971
|move|p1a: Darkrai|Psyshock|p2a: Toxapex
|-supereffective|p2a: Toxapex
|-damage|p2a: Toxapex|27/100
|move|p2a: Toxapex|Haze|p2a: Toxapex
|-clearallboost
|
|-heal|p1a: Darkrai|99/100|[from] item: Leftovers
|-heal|p2a: Toxapex|34/100|[from] item: Leftovers
|-sideend|p1: upuntil|move: Aurora Veil
|upkeep
|turn|12
|
|t:|1758255991
|switch|p2a: Corviknight|Corviknight, F|100/100
|-ability|p2a: Corviknight|Pressure
|move|p1a: Darkrai|Nasty Plot|p1a: Darkrai
|-boost|p1a: Darkrai|spa|2
|
|-heal|p1a: Darkrai|100/100|[from] item: Leftovers
|upkeep
|turn|13
|
|t:|1758256005
|move|p1a: Darkrai|Dark Pulse|p2a: Corviknight
|-damage|p2a: Corviknight|23/100
|move|p2a: Corviknight|U-turn|p1a: Darkrai
|-supereffective|p1a: Darkrai
|-damage|p1a: Darkrai|62/100
|
|t:|1758256010
|switch|p2a: Enamorus|Enamorus, F|100/100|[from] U-turn
|
|-heal|p1a: Darkrai|68/100|[from] item: Leftovers
|upkeep
|turn|14
|
|t:|1758256015
|switch|p1a: Gliscor|Gliscor, M|75/100
|move|p2a: Enamorus|Moonblast|p1a: Gliscor
|-damage|p1a: Gliscor|0 fnt
|faint|p1a: Gliscor
|
|upkeep
|
|t:|1758256020
|switch|p1a: Ceruledge|Ceruledge, M|100/100
|turn|15
|
|t:|1758256030
|-terastallize|p2a: Enamorus|Fairy
|move|p2a: Enamorus|Moonblast|p1a: Ceruledge
|-resisted|p1a: Ceruledge
|-damage|p1a: Ceruledge|61/100
|move|p1a: Ceruledge|Bulk Up|p1a: Ceruledge
|-boost|p1a: Ceruledge|atk|1
|-boost|p1a: Ceruledge|def|1
|
|upkeep
|turn|16
|
|t:|1758256039
|switch|p2a: Corviknight|Corviknight, F|23/100
|-ability|p2a: Corviknight|Pressure
|move|p1a: Ceruledge|Bitter Blade|p2a: Corviknight
|-supereffective|p2a: Corviknight
|-crit|p2a: Corviknight
|-damage|p2a: Corviknight|0 fnt
|-heal|p1a: Ceruledge|74/100|[from] drain|[of] p2a: Corviknight
|-damage|p1a: Ceruledge|57/100|[from] item: Rocky Helmet|[of] p2a: Corviknight
|faint|p2a: Corviknight
|
|upkeep
|
|t:|1758256045
|switch|p2a: Great Tusk|Great Tusk|100/100
|turn|17
|inactive|upuntil has 120 seconds left.
|
|t:|1758256076
|switch|p1a: Zamazenta|Zamazenta|100/100
|-ability|p1a: Zamazenta|Dauntless Shield|boost
|-boost|p1a: Zamazenta|def|1
|move|p2a: Great Tusk|Headlong Rush|p1a: Zamazenta
|-damage|p1a: Zamazenta|66/100
|-unboost|p2a: Great Tusk|def|1
|-unboost|p2a: Great Tusk|spd|1
|
|upkeep
|turn|18
|inactive|upuntil has 120 seconds left.
|
|t:|1758256088
|-end|p2a: Great Tusk|Protosynthesis|[silent]
|switch|p2a: Toxapex|Toxapex, F|67/100
|move|p1a: Zamazenta|Iron Defense|p1a: Zamazenta
|-boost|p1a: Zamazenta|def|2
|
|-heal|p2a: Toxapex|73/100|[from] item: Leftovers
|upkeep
|turn|19
|
|t:|1758256095
|move|p1a: Zamazenta|Body Press|p2a: Toxapex
|-resisted|p2a: Toxapex
|-damage|p2a: Toxapex|46/100
|move|p2a: Toxapex|Infestation|p1a: Zamazenta
|-resisted|p1a: Zamazenta
|-damage|p1a: Zamazenta|65/100
|-activate|p1a: Zamazenta|move: Infestation|[of] p2a: Toxapex
|
|-heal|p2a: Toxapex|52/100|[from] item: Leftovers
|-damage|p1a: Zamazenta|52/100|[from] move: Infestation|[partiallytrapped]
|upkeep
|turn|20
|
|t:|1758256106
|move|p1a: Zamazenta|Body Press|p2a: Toxapex
|-resisted|p2a: Toxapex
|-damage|p2a: Toxapex|24/100
|move|p2a: Toxapex|Recover|p2a: Toxapex
|-heal|p2a: Toxapex|74/100
|
|-heal|p2a: Toxapex|80/100|[from] item: Leftovers
|-damage|p1a: Zamazenta|40/100|[from] move: Infestation|[partiallytrapped]
|upkeep
|turn|21
|inactive|upuntil has 120 seconds left.
|
|t:|1758256140
|move|p1a: Zamazenta|Body Press|p2a: Toxapex
|-resisted|p2a: Toxapex
|-damage|p2a: Toxapex|52/100
|move|p2a: Toxapex|Toxic|p1a: Zamazenta
|-status|p1a: Zamazenta|tox
|
|-heal|p2a: Toxapex|58/100|[from] item: Leftovers
|-damage|p1a: Zamazenta|34/100 tox|[from] psn
|-damage|p1a: Zamazenta|22/100 tox|[from] move: Infestation|[partiallytrapped]
|upkeep
|turn|22
|-message|upuntil forfeited.
|
|win|Celestial_dubkun
|raw|upuntil's rating: 1563 &rarr; <strong>1544</strong><br />(-19 for losing)
|raw|Celestial_dubkun's rating: 1585 &rarr; <strong>1604</strong><br />(+19 for winning)
|l|☆upuntil
|player|p1|
|l|☆Celestial_dubkun
|player|p2|
