|j|☆segserino
|j|☆Zabklin
|t:|1758320200
|gametype|singles
|player|p1|segserino|veteran|1112
|player|p2|Zabklin|colress|1105
|gen|9
|tier|[Gen 9] OU
|rated|
|rule|HP Percentage Mod: HP is shown in percentages
|rule|Endless Battle Clause: Forcing endless battles is banned
|rule|Species Clause: Limit one of each Pokémon
|rule|OHKO Clause: OHKO moves are banned
|rule|Evasion Items Clause: Evasion items are banned
|rule|Evasion Moves Clause: Evasion moves are banned
|rule|Evasion Abilities Clause: Evasion abilities are banned
|rule|Sleep Moves Clause: Sleep-inducing moves are banned
|clearpoke
|poke|p1|Kleavor, F|
|poke|p1|Grimmsnarl, M|
|poke|p1|Ceruledge, F|
|poke|p1|Gholdengo|
|poke|p1|Clodsire, M|
|poke|p1|Forretress, F|
|poke|p2|Ninetales, M|
|poke|p2|Sunflora, M|
|poke|p2|Leafeon, F|
|poke|p2|Grafaiai, F|
|poke|p2|Swampert, M|
|poke|p2|Slither Wing|
|teampreview
|inactive|Battle timer is ON: inactive players will automatically lose when time's up. (requested by Zabklin)
|
|t:|1758320217
|teamsize|p1|6
|teamsize|p2|6
|start
|switch|p1a: Grimmsnarl|Grimmsnarl, M|100/100
|switch|p2a: Swampert|Swampert, M, shiny|100/100
|turn|1
|
|t:|1758320224
|move|p1a: Grimmsnarl|Reflect|p1a: Grimmsnarl
|-sidestart|p1: segserino|Reflect
|move|p2a: Swampert|Earthquake|p1a: Grimmsnarl
|-damage|p1a: Grimmsnarl|72/100
|
|upkeep
|turn|2
|
|t:|1758320230
|move|p1a: Grimmsnarl|Light Screen|p1a: Grimmsnarl
|-sidestart|p1: segserino|move: Light Screen
|move|p2a: Swampert|Stealth Rock|p1a: Grimmsnarl
|-sidestart|p1: segserino|move: Stealth Rock
|
|upkeep
|turn|3
|
|t:|1758320235
|move|p1a: Grimmsnarl|Parting Shot|p2a: Swampert
|-unboost|p2a: Swampert|atk|1
|-unboost|p2a: Swampert|spa|1
|
|t:|1758320238
|switch|p1a: Forretress|Forretress, F|100/100|[from] Parting Shot
|-damage|p1a: Forretress|88/100|[from] Stealth Rock
|move|p2a: Swampert|Knock Off|p1a: Forretress
|-damage|p1a: Forretress|82/100
|-enditem|p1a: Forretress|Leftovers|[from] move: Knock Off|[of] p2a: Swampert
|
|upkeep
|turn|4
|
|t:|1758320247
|move|p2a: Swampert|Flip Turn|p1a: Forretress
|-damage|p1a: Forretress|76/100
|
|t:|1758320252
|switch|p2a: Ninetales|Ninetales, M, shiny|100/100|[from] Flip Turn
|-weather|SunnyDay|[from] ability: Drought|[of] p2a: Ninetales
|move|p1a: Forretress|Rapid Spin|p2a: Ninetales
|-damage|p2a: Ninetales|86/100
|-boost|p1a: Forretress|spe|1
|-sideend|p1: segserino|Stealth Rock|[from] move: Rapid Spin|[of] p1a: Forretress
|
|-weather|SunnyDay|[upkeep]
|upkeep
|turn|5
|
|t:|1758320265
|switch|p1a: Clodsire|Clodsire, M|100/100
|move|p2a: Ninetales|Fire Blast|p1a: Clodsire
|-damage|p1a: Clodsire|84/100
|
|-weather|SunnyDay|[upkeep]
|-heal|p1a: Clodsire|90/100|[from] item: Leftovers
|upkeep
|turn|6
|
|t:|1758320282
|switch|p2a: Grafaiai|Grafaiai, F, shiny|100/100
|-item|p2a: Grafaiai|Air Balloon
|move|p1a: Clodsire|Toxic|p2a: Grafaiai
|-immune|p2a: Grafaiai
|
|-weather|SunnyDay|[upkeep]
|-heal|p1a: Clodsire|96/100|[from] item: Leftovers
|upkeep
|turn|7
|
|t:|1758320293
|switch|p1a: Forretress|Forretress, F|76/100
|move|p2a: Grafaiai|Encore||[still]
|-fail|p2a: Grafaiai
|
|-weather|SunnyDay|[upkeep]
|upkeep
|turn|8
|
|t:|1758320304
|move|p2a: Grafaiai|Parting Shot|p1a: Forretress
|-unboost|p1a: Forretress|atk|1
|-unboost|p1a: Forretress|spa|1
|inactive|Zabklin has 120 seconds left.
|
|t:|1758320325
|switch|p2a: Leafeon|Leafeon, F|100/100|[from] Parting Shot
|move|p1a: Forretress|Lunge|p2a: Leafeon
|-supereffective|p2a: Leafeon
|-damage|p2a: Leafeon|65/100
|-unboost|p2a: Leafeon|atk|1
|
|-weather|SunnyDay|[upkeep]
|-sideend|p1: segserino|Reflect
|upkeep
|turn|9
|inactive|Zabklin has 120 seconds left.
|
|t:|1758320337
|-terastallize|p2a: Leafeon|Fire
|move|p2a: Leafeon|Swords Dance|p2a: Leafeon
|-boost|p2a: Leafeon|atk|2
|move|p1a: Forretress|Stealth Rock|p2a: Leafeon
|-sidestart|p2: Zabklin|move: Stealth Rock
|
|-weather|SunnyDay|[upkeep]
|-sideend|p1: segserino|move: Light Screen
|upkeep
|turn|10
|
|t:|1758320347
|switch|p1a: Clodsire|Clodsire, M|96/100
|move|p2a: Leafeon|Tera Blast|p1a: Clodsire|[anim] Tera Blast Fire
|-damage|p1a: Clodsire|35/100
|
|-weather|SunnyDay|[upkeep]
|-heal|p1a: Clodsire|41/100|[from] item: Leftovers
|upkeep
|turn|11
|
|t:|1758320367
|switch|p1a: Ceruledge|Ceruledge, F|100/100
|move|p2a: Leafeon|Tera Blast|p1a: Ceruledge|[anim] Tera Blast Fire
|-resisted|p1a: Ceruledge
|-damage|p1a: Ceruledge|43/100
|-ability|p1a: Ceruledge|Weak Armor|boost
|-unboost|p1a: Ceruledge|def|1
|-boost|p1a: Ceruledge|spe|2
|-enditem|p2a: Leafeon|Mirror Herb
|-boost|p2a: Leafeon|spe|2|[from] item: Mirror Herb
|
|-weather|none
|upkeep
|turn|12
|
|t:|1758320382
|move|p1a: Ceruledge|Shadow Sneak|p2a: Leafeon
|-damage|p2a: Leafeon|42/100
|move|p2a: Leafeon|Knock Off|p1a: Ceruledge
|-supereffective|p1a: Ceruledge
|-damage|p1a: Ceruledge|0 fnt
|-enditem|p1a: Ceruledge|Heavy-Duty Boots|[from] move: Knock Off|[of] p2a: Leafeon
|faint|p1a: Ceruledge
|
|upkeep
|
|t:|1758320385
|switch|p1a: Grimmsnarl|Grimmsnarl, M|72/100
|turn|13
|
|t:|1758320396
|move|p1a: Grimmsnarl|Reflect|p1a: Grimmsnarl
|-sidestart|p1: segserino|Reflect
|move|p2a: Leafeon|Knock Off|p1a: Grimmsnarl
|-resisted|p1a: Grimmsnarl
|-damage|p1a: Grimmsnarl|65/100
|-enditem|p1a: Grimmsnarl|Light Clay|[from] move: Knock Off|[of] p2a: Leafeon
|
|upkeep
|turn|14
|
|t:|1758320417
|move|p1a: Grimmsnarl|Light Screen|p1a: Grimmsnarl
|-sidestart|p1: segserino|move: Light Screen
|move|p2a: Leafeon|Tera Blast|p1a: Grimmsnarl|[anim] Tera Blast Fire
|-damage|p1a: Grimmsnarl|30/100
|
|upkeep
|turn|15
|
|t:|1758320424
|move|p1a: Grimmsnarl|Parting Shot|p2a: Leafeon
|-unboost|p2a: Leafeon|atk|1
|-unboost|p2a: Leafeon|spa|1
|
|t:|1758320429
|switch|p1a: Forretress|Forretress, F|76/100|[from] Parting Shot
|move|p2a: Leafeon|Swords Dance|p2a: Leafeon
|-boost|p2a: Leafeon|atk|2
|
|upkeep
|turn|16
|
|t:|1758320438
|move|p2a: Leafeon|Tera Blast|p1a: Forretress|[anim] Tera Blast Fire
|-supereffective|p1a: Forretress
|-damage|p1a: Forretress|0 fnt
|faint|p1a: Forretress
|
|upkeep
|
|t:|1758320441
|switch|p1a: Clodsire|Clodsire, M|41/100
|turn|17
|
|t:|1758320448
|move|p2a: Leafeon|Tera Blast|p1a: Clodsire|[anim] Tera Blast Fire
|-damage|p1a: Clodsire|19/100
|move|p1a: Clodsire|Earthquake|p2a: Leafeon
|-supereffective|p2a: Leafeon
|-damage|p2a: Leafeon|0 fnt
|faint|p2a: Leafeon
|
|-heal|p1a: Clodsire|25/100|[from] item: Leftovers
|upkeep
|
|t:|1758320459
|switch|p2a: Swampert|Swampert, M, shiny|100/100
|-damage|p2a: Swampert|94/100|[from] Stealth Rock
|turn|18
|
|t:|1758320463
|move|p2a: Swampert|Stealth Rock|p1a: Clodsire
|-sidestart|p1: segserino|move: Stealth Rock
|move|p1a: Clodsire|Recover|p1a: Clodsire
|-heal|p1a: Clodsire|75/100
|
|-heal|p2a: Swampert|100/100|[from] item: Leftovers
|-heal|p1a: Clodsire|81/100|[from] item: Leftovers
|-sideend|p1: segserino|move: Light Screen
|upkeep
|turn|19
|
|t:|1758320473
|move|p2a: Swampert|Earthquake|p1a: Clodsire
|-supereffective|p1a: Clodsire
|-crit|p1a: Clodsire
|-damage|p1a: Clodsire|0 fnt
|faint|p1a: Clodsire
|
|upkeep
|
|t:|1758320482
|switch|p1a: Kleavor|Kleavor, F|100/100
|-damage|p1a: Kleavor|76/100|[from] Stealth Rock
|turn|20
|
|t:|1758320488
|-terastallize|p1a: Kleavor|Bug
|move|p1a: Kleavor|Agility|p1a: Kleavor
|-boost|p1a: Kleavor|spe|2
|move|p2a: Swampert|Earthquake|p1a: Kleavor
|-resisted|p1a: Kleavor
|-damage|p1a: Kleavor|60/100
|
|-sideend|p1: segserino|Reflect
|upkeep
|turn|21
|
|t:|1758320504
|move|p1a: Kleavor|Fury Cutter|p2a: Swampert
|-damage|p2a: Swampert|59/100
|move|p2a: Swampert|Flip Turn|p1a: Kleavor
|-crit|p1a: Kleavor
|-damage|p1a: Kleavor|2/100
|
|t:|1758320512
|switch|p2a: Ninetales|Ninetales, M, shiny|86/100|[from] Flip Turn
|-damage|p2a: Ninetales|61/100|[from] Stealth Rock
|-weather|SunnyDay|[from] ability: Drought|[of] p2a: Ninetales
|
|-weather|SunnyDay|[upkeep]
|upkeep
|turn|22
|
|t:|1758320521
|move|p1a: Kleavor|Fury Cutter|p2a: Ninetales
|-resisted|p2a: Ninetales
|-damage|p2a: Ninetales|0 fnt
|faint|p2a: Ninetales
|
|-weather|SunnyDay|[upkeep]
|upkeep
|
|t:|1758320530
|switch|p2a: Slither Wing|Slither Wing, shiny|100/100
|-damage|p2a: Slither Wing|88/100|[from] Stealth Rock
|-activate|p2a: Slither Wing|ability: Protosynthesis
|-start|p2a: Slither Wing|protosynthesisatk
|turn|23
|
|t:|1758320537
|move|p2a: Slither Wing|First Impression|p1a: Kleavor
|-damage|p1a: Kleavor|0 fnt
|faint|p1a: Kleavor
|
|-weather|SunnyDay|[upkeep]
|upkeep
|
|t:|1758320540
|switch|p1a: Grimmsnarl|Grimmsnarl, M|30/100
|-damage|p1a: Grimmsnarl|18/100|[from] Stealth Rock
|turn|24
|
|t:|1758320549
|-end|p2a: Slither Wing|Protosynthesis|[silent]
|switch|p2a: Sunflora|Sunflora, M|100/100
|-damage|p2a: Sunflora|88/100|[from] Stealth Rock
|move|p1a: Grimmsnarl|Reflect|p1a: Grimmsnarl
|-sidestart|p1: segserino|Reflect
|
|-weather|SunnyDay|[upkeep]
|upkeep
|turn|25
|
|t:|1758320559
|move|p1a: Grimmsnarl|Light Screen|p1a: Grimmsnarl
|-sidestart|p1: segserino|move: Light Screen
|move|p2a: Sunflora|Solar Beam||[still]
|-prepare|p2a: Sunflora|Solar Beam
|-anim|p2a: Sunflora|Solar Beam|p1a: Grimmsnarl
|-damage|p1a: Grimmsnarl|0 fnt
|faint|p1a: Grimmsnarl
|-damage|p2a: Sunflora|78/100|[from] item: Life Orb
|
|-weather|SunnyDay|[upkeep]
|upkeep
|
|t:|1758320562
|switch|p1a: Gholdengo|Gholdengo|100/100
|-damage|p1a: Gholdengo|94/100|[from] Stealth Rock
|turn|26
|
|t:|1758320575
|move|p2a: Sunflora|Earth Power|p1a: Gholdengo
|-supereffective|p1a: Gholdengo
|-damage|p1a: Gholdengo|53/100
|-damage|p2a: Sunflora|68/100|[from] item: Life Orb
|move|p1a: Gholdengo|Nasty Plot|p1a: Gholdengo
|-boost|p1a: Gholdengo|spa|2
|
|-weather|SunnyDay|[upkeep]
|upkeep
|turn|27
|
|t:|1758320586
|move|p2a: Sunflora|Giga Drain|p1a: Gholdengo
|-resisted|p1a: Gholdengo
|-damage|p1a: Gholdengo|41/100
|-heal|p2a: Sunflora|76/100|[from] drain|[of] p1a: Gholdengo
|-damage|p2a: Sunflora|66/100|[from] item: Life Orb
|move|p1a: Gholdengo|Recover|p1a: Gholdengo
|-heal|p1a: Gholdengo|91/100
|
|-weather|SunnyDay|[upkeep]
|upkeep
|turn|28
|
|t:|1758320597
|move|p2a: Sunflora|Weather Ball|p1a: Gholdengo
|-supereffective|p1a: Gholdengo
|-damage|p1a: Gholdengo|28/100
|-damage|p2a: Sunflora|57/100|[from] item: Life Orb
|move|p1a: Gholdengo|Shadow Ball|p2a: Sunflora
|-damage|p2a: Sunflora|0 fnt
|faint|p2a: Sunflora
|
|-weather|none
|-sideend|p1: segserino|Reflect
|upkeep
|
|t:|1758320610
|switch|p2a: Grafaiai|Grafaiai, F, shiny|100/100
|-damage|p2a: Grafaiai|88/100|[from] Stealth Rock
|-item|p2a: Grafaiai|Air Balloon
|turn|29
|
|t:|1758320617
|move|p2a: Grafaiai|Sunny Day|p2a: Grafaiai
|-weather|SunnyDay
|move|p1a: Gholdengo|Recover|p1a: Gholdengo
|-heal|p1a: Gholdengo|78/100
|
|-weather|SunnyDay|[upkeep]
|-sideend|p1: segserino|move: Light Screen
|upkeep
|turn|30
|
|t:|1758320624
|move|p2a: Grafaiai|Encore|p1a: Gholdengo
|-immune|p1a: Gholdengo|[from] ability: Good as Gold
|move|p1a: Gholdengo|Recover|p1a: Gholdengo
|-heal|p1a: Gholdengo|100/100
|
|-weather|SunnyDay|[upkeep]
|upkeep
|turn|31
|
|t:|1758320631
|move|p2a: Grafaiai|Parting Shot|p1a: Gholdengo
|-immune|p1a: Gholdengo|[from] ability: Good as Gold
|move|p1a: Gholdengo|Make It Rain|p2a: Grafaiai
|-damage|p2a: Grafaiai|0 fnt
|-unboost|p1a: Gholdengo|spa|1
|-enditem|p2a: Grafaiai|Air Balloon
|faint|p2a: Grafaiai
|
|-weather|SunnyDay|[upkeep]
|upkeep
|
|t:|1758320644
|switch|p2a: Swampert|Swampert, M, shiny|59/100
|-damage|p2a: Swampert|53/100|[from] Stealth Rock
|turn|32
|
|t:|1758320649
|move|p1a: Gholdengo|Shadow Ball|p2a: Swampert
|-damage|p2a: Swampert|0 fnt
|faint|p2a: Swampert
|
|-weather|SunnyDay|[upkeep]
|upkeep
|
|t:|1758320656
|switch|p2a: Slither Wing|Slither Wing, shiny|88/100
|-damage|p2a: Slither Wing|76/100|[from] Stealth Rock
|-activate|p2a: Slither Wing|ability: Protosynthesis
|-start|p2a: Slither Wing|protosynthesisatk
|turn|33
|
|t:|1758320663
|move|p2a: Slither Wing|Flare Blitz|p1a: Gholdengo
|-supereffective|p1a: Gholdengo
|-damage|p1a: Gholdengo|0 fnt
|faint|p1a: Gholdengo
|-damage|p2a: Slither Wing|36/100|[from] Recoil
|
|win|Zabklin
|raw|segserino's rating: 1112 &rarr; <strong>1086</strong><br />(-26 for losing)
|raw|Zabklin's rating: 1105 &rarr; <strong>1131</strong><br />(+26 for winning)
|l|☆segserino
|player|p1|
|l|☆Zabklin
|player|p2|
