|j|☆slider04
|j|‽Wakzzz
|t:|1758327566
|gametype|singles
|player|p1|slider04|102|1313
|player|p2|Wakzzz|hilda-wonderlauncher|1365
|gen|9
|tier|[Gen 9] OU
|rated|
|rule|HP Percentage Mod: HP is shown in percentages
|rule|Endless Battle Clause: Forcing endless battles is banned
|rule|Species Clause: Limit one of each Pokémon
|rule|OHKO Clause: OHKO moves are banned
|rule|Evasion Items Clause: Evasion items are banned
|rule|Evasion Moves Clause: Evasion moves are banned
|rule|Evasion Abilities Clause: Evasion abilities are banned
|rule|Sleep Moves Clause: Sleep-inducing moves are banned
|clearpoke
|poke|p1|Landorus-Therian, M|
|poke|p1|Samurott-Hisui, M|
|poke|p1|Pecharunt|
|poke|p1|Scizor, F|
|poke|p1|Latios, M|
|poke|p1|Zamazenta-*|
|poke|p2|Houndstone, F|
|poke|p2|Gothitelle, M|
|poke|p2|Houndoom, M|
|poke|p2|Ribombee, F|
|poke|p2|Scrafty, M|
|poke|p2|Sableye, M|
|teampreview
|
|t:|1758327580
|teamsize|p1|6
|teamsize|p2|6
|start
|switch|p1a: Samurott|Samurott-Hisui, M|100/100
|switch|p2a: Scrafty|Scrafty, M|100/100
|-ability|p2a: Scrafty|Intimidate|boost
|-unboost|p1a: Samurott|atk|1
|turn|1
|
|t:|1758327590
|switch|p1a: Pecharunt|Pecharunt|100/100
|move|p2a: Scrafty|Dragon Dance|p2a: Scrafty
|-boost|p2a: Scrafty|atk|1
|-boost|p2a: Scrafty|spe|1
|
|upkeep
|turn|2
|
|t:|1758327594
|-terastallize|p1a: Pecharunt|Fairy
|move|p2a: Scrafty|Knock Off|p1a: Pecharunt
|-resisted|p1a: Pecharunt
|-damage|p1a: Pecharunt|83/100
|-enditem|p1a: Pecharunt|Heavy-Duty Boots|[from] move: Knock Off|[of] p2a: Scrafty
|move|p1a: Pecharunt|Malignant Chain|p2a: Scrafty
|-damage|p2a: Scrafty|67/100
|
|-heal|p2a: Scrafty|73/100|[from] item: Leftovers
|upkeep
|turn|3
|
|t:|1758327600
|move|p2a: Scrafty|Ice Punch|p1a: Pecharunt
|-damage|p1a: Pecharunt|62/100
|move|p1a: Pecharunt|Malignant Chain|p2a: Scrafty
|-damage|p2a: Scrafty|40/100
|-status|p2a: Scrafty|tox
|-start|p2a: Scrafty|confusion|[from] ability: Poison Puppeteer|[of] p1a: Pecharunt
|
|-heal|p2a: Scrafty|46/100 tox|[from] item: Leftovers
|-damage|p2a: Scrafty|40/100 tox|[from] psn
|upkeep
|turn|4
|
|t:|1758327621
|-activate|p2a: Scrafty|confusion
|-damage|p2a: Scrafty|19/100 tox|[from] confusion
|move|p1a: Pecharunt|Recover|p1a: Pecharunt
|-heal|p1a: Pecharunt|100/100
|
|-heal|p2a: Scrafty|25/100 tox|[from] item: Leftovers
|-damage|p2a: Scrafty|13/100 tox|[from] psn
|upkeep
|turn|5
|
|t:|1758327630
|-activate|p2a: Scrafty|confusion
|-damage|p2a: Scrafty|0 fnt|[from] confusion
|faint|p2a: Scrafty
|move|p1a: Pecharunt|Recover||[still]
|-fail|p1a: Pecharunt|heal
|
|upkeep
|
|t:|1758327650
|switch|p2a: Houndoom|Houndoom, M|100/100
|turn|6
|
|t:|1758327661
|-terastallize|p2a: Houndoom|Poison
|move|p2a: Houndoom|Nasty Plot|p2a: Houndoom
|-boost|p2a: Houndoom|spa|2
|move|p1a: Pecharunt|Malignant Chain|p2a: Houndoom
|-resisted|p2a: Houndoom
|-crit|p2a: Houndoom
|-damage|p2a: Houndoom|69/100
|
|upkeep
|turn|7
|
|t:|1758327672
|switch|p1a: Latios|Latios, M|100/100
|move|p2a: Houndoom|Fire Blast|p1a: Latios
|-resisted|p1a: Latios
|-damage|p1a: Latios|37/100
|-damage|p2a: Houndoom|59/100|[from] item: Life Orb
|
|upkeep
|turn|8
|
|t:|1758327676
|move|p1a: Latios|Psychic Noise|p2a: Houndoom
|-supereffective|p2a: Houndoom
|-damage|p2a: Houndoom|0 fnt
|faint|p2a: Houndoom
|
|upkeep
|
|t:|1758327690
|switch|p2a: Gothitelle|Gothitelle, M|100/100
|turn|9
|
|t:|1758327694
|move|p2a: Gothitelle|Dark Pulse|p1a: Latios
|-supereffective|p1a: Latios
|-damage|p1a: Latios|0 fnt
|faint|p1a: Latios
|
|upkeep
|
|t:|1758327699
|switch|p1a: Samurott|Samurott-Hisui, M|100/100
|turn|10
|
|t:|1758327703
|switch|p2a: Sableye|Sableye, M|100/100
|move|p1a: Samurott|Razor Shell|p2a: Sableye
|-crit|p2a: Sableye
|-damage|p2a: Sableye|24/100
|-unboost|p2a: Sableye|def|1
|
|-heal|p2a: Sableye|30/100|[from] item: Leftovers
|upkeep
|turn|11
|
|t:|1758327708
|move|p2a: Sableye|Reflect|p2a: Sableye
|-sidestart|p2: Wakzzz|Reflect
|move|p1a: Samurott|Ceaseless Edge|p2a: Sableye
|-damage|p2a: Sableye|2/100
|-sidestart|p2: Wakzzz|Spikes
|
|-heal|p2a: Sableye|8/100|[from] item: Leftovers
|upkeep
|turn|12
|
|t:|1758327715
|move|p1a: Samurott|Ceaseless Edge|p2a: Sableye
|-damage|p2a: Sableye|0 fnt
|-sidestart|p2: Wakzzz|Spikes
|faint|p2a: Sableye
|
|upkeep
|
|t:|1758327720
|switch|p2a: Gothitelle|Gothitelle, M|100/100
|-damage|p2a: Gothitelle|84/100|[from] Spikes
|turn|13
|
|t:|1758327726
|move|p2a: Gothitelle|Thunderbolt|p1a: Samurott
|-supereffective|p1a: Samurott
|-damage|p1a: Samurott|66/100
|move|p1a: Samurott|Ceaseless Edge|p2a: Gothitelle|[miss]
|-miss|p1a: Samurott|p2a: Gothitelle
|
|upkeep
|turn|14
|
|t:|1758327742
|switch|p1a: Landorus|Landorus-Therian, M|100/100
|-ability|p1a: Landorus|Intimidate|boost
|-unboost|p2a: Gothitelle|atk|1
|-ability|p2a: Gothitelle|Competitive|boost
|-boost|p2a: Gothitelle|spa|2
|move|p2a: Gothitelle|Thunderbolt|p1a: Landorus
|-immune|p1a: Landorus
|
|upkeep
|turn|15
|
|t:|1758327750
|switch|p2a: Ribombee|Ribombee, F|100/100
|-damage|p2a: Ribombee|84/100|[from] Spikes
|move|p1a: Landorus|Stealth Rock|p2a: Ribombee
|-sidestart|p2: Wakzzz|move: Stealth Rock
|
|-sideend|p2: Wakzzz|Reflect
|upkeep
|turn|16
|
|t:|1758327755
|move|p2a: Ribombee|Sticky Web|p1a: Landorus
|-sidestart|p1: slider04|move: Sticky Web
|move|p1a: Landorus|Smack Down|p2a: Ribombee
|-supereffective|p2a: Ribombee
|-damage|p2a: Ribombee|21/100
|
|upkeep
|turn|17
|
|t:|1758327760
|move|p2a: Ribombee|Moonblast|p1a: Landorus
|-damage|p1a: Landorus|49/100
|move|p1a: Landorus|U-turn|p2a: Ribombee
|-resisted|p2a: Ribombee
|-damage|p2a: Ribombee|0 fnt
|faint|p2a: Ribombee
|
|t:|1758327767
|switch|p1a: Pecharunt|Pecharunt, tera:Fairy|100/100|[from] U-turn
|-activate|p1a: Pecharunt|move: Sticky Web
|-unboost|p1a: Pecharunt|spe|1
|
|upkeep
|
|t:|1758327776
|switch|p2a: Gothitelle|Gothitelle, M|84/100
|-damage|p2a: Gothitelle|68/100|[from] Spikes
|-damage|p2a: Gothitelle|55/100|[from] Stealth Rock
|turn|18
|
|t:|1758327784
|move|p2a: Gothitelle|Trick|p1a: Pecharunt
|-activate|p2a: Gothitelle|move: Trick|[of] p1a: Pecharunt
|-item|p1a: Pecharunt|Choice Scarf|[from] move: Trick
|-enditem|p2a: Gothitelle|Choice Scarf|[silent]|[from] move: Trick
|move|p1a: Pecharunt|Malignant Chain|p2a: Gothitelle
|-damage|p2a: Gothitelle|22/100
|-status|p2a: Gothitelle|tox
|-start|p2a: Gothitelle|confusion|[from] ability: Poison Puppeteer|[of] p1a: Pecharunt
|
|-damage|p2a: Gothitelle|16/100 tox|[from] psn
|upkeep
|turn|19
|
|t:|1758327794
|switch|p1a: Samurott|Samurott-Hisui, M|66/100
|-activate|p1a: Samurott|move: Sticky Web
|-unboost|p1a: Samurott|spe|1
|-activate|p2a: Gothitelle|confusion
|move|p2a: Gothitelle|Psyshock|p1a: Samurott
|-immune|p1a: Samurott
|
|-damage|p2a: Gothitelle|4/100 tox|[from] psn
|upkeep
|turn|20
|
|t:|1758327798
|move|p1a: Samurott|Aqua Jet|p2a: Gothitelle
|-damage|p2a: Gothitelle|0 fnt
|faint|p2a: Gothitelle
|
|upkeep
|
|t:|1758327800
|switch|p2a: Houndstone|Houndstone, F|100/100
|-damage|p2a: Houndstone|84/100|[from] Spikes
|-damage|p2a: Houndstone|71/100|[from] Stealth Rock
|turn|21
|
|t:|1758327806
|move|p2a: Houndstone|Body Press|p1a: Samurott
|-supereffective|p1a: Samurott
|-damage|p1a: Samurott|14/100
|move|p1a: Samurott|Knock Off|p2a: Houndstone
|-supereffective|p2a: Houndstone
|-damage|p2a: Houndstone|39/100
|-enditem|p2a: Houndstone|Leftovers|[from] move: Knock Off|[of] p1a: Samurott
|
|upkeep
|turn|22
|
|t:|1758327813
|move|p1a: Samurott|Aqua Jet|p2a: Houndstone
|-damage|p2a: Houndstone|34/100
|move|p2a: Houndstone|Body Press|p1a: Samurott
|-supereffective|p1a: Samurott
|-damage|p1a: Samurott|0 fnt
|faint|p1a: Samurott
|
|upkeep
|
|t:|1758327816
|switch|p1a: Landorus|Landorus-Therian, M|49/100
|-ability|p1a: Landorus|Intimidate|boost
|-unboost|p2a: Houndstone|atk|1
|turn|23
|
|t:|1758327820
|move|p1a: Landorus|U-turn|p2a: Houndstone
|-resisted|p2a: Houndstone
|-damage|p2a: Houndstone|30/100
|
|t:|1758327821
|switch|p1a: Pecharunt|Pecharunt, tera:Fairy|100/100|[from] U-turn
|-activate|p1a: Pecharunt|move: Sticky Web
|-unboost|p1a: Pecharunt|spe|1
|move|p2a: Houndstone|Rest|p2a: Houndstone
|-status|p2a: Houndstone|slp|[from] move: Rest
|-heal|p2a: Houndstone|100/100 slp|[silent]
|
|upkeep
|turn|24
|
|t:|1758327832
|move|p1a: Pecharunt|Shadow Ball|p2a: Houndstone
|-supereffective|p2a: Houndstone
|-damage|p2a: Houndstone|48/100 slp
|cant|p2a: Houndstone|slp
|move|p2a: Houndstone|Sleep Talk|p2a: Houndstone
|move|p2a: Houndstone|Poltergeist|p1a: Pecharunt|[from] move: Sleep Talk
|-activate|p1a: Pecharunt|move: Poltergeist|Choice Scarf
|-damage|p1a: Pecharunt|86/100
|
|upkeep
|turn|25
|-message|Wakzzz forfeited.
|
|win|slider04
|raw|slider04's rating: 1313 &rarr; <strong>1336</strong><br />(+23 for winning)
|raw|Wakzzz's rating: 1365 &rarr; <strong>1342</strong><br />(-23 for losing)
|l|‽Wakzzz
|player|p2|
