|j|☆bobertrah
|j|☆oficial matute
|t:|1758241703
|gametype|singles
|player|p1|bobertrah|cyclist-gen4|1318
|player|p2|oficial matute|policeman-gen4|1288
|gen|9
|tier|[Gen 9] OU
|rated|
|rule|HP Percentage Mod: HP is shown in percentages
|rule|Endless Battle Clause: Forcing endless battles is banned
|rule|Species Clause: Limit one of each Pokémon
|rule|OHKO Clause: OHKO moves are banned
|rule|Evasion Items Clause: Evasion items are banned
|rule|Evasion Moves Clause: Evasion moves are banned
|rule|Evasion Abilities Clause: Evasion abilities are banned
|rule|Sleep Moves Clause: Sleep-inducing moves are banned
|clearpoke
|poke|p1|Gholdengo|
|poke|p1|Glimmora, F|
|poke|p1|Gliscor, M|
|poke|p1|Hatterene, F|
|poke|p1|Kommo-o, F|
|poke|p1|Weavile, M|
|poke|p2|Noivern, M|
|poke|p2|Tropius, M|
|poke|p2|Garchomp, M|
|poke|p2|Hydrapple, M|
|poke|p2|Torterra, F|
|poke|p2|Landorus-Therian, M|
|teampreview
|
|t:|1758241711
|teamsize|p1|6
|teamsize|p2|6
|start
|switch|p1a: Weavile|Weavile, M|100/100
|switch|p2a: 👁👅👁|Noivern, M|100/100
|-item|p1a: Weavile|Focus Sash|[from] ability: Frisk|[of] p2a: 👁👅👁
|-ability|p1a: Weavile|Pressure
|turn|1
|
|t:|1758241720
|move|p2a: 👁👅👁|Flamethrower|p1a: Weavile
|-supereffective|p1a: Weavile
|-damage|p1a: Weavile|34/100
|move|p1a: Weavile|Swords Dance|p1a: Weavile
|-boost|p1a: Weavile|atk|2
|
|upkeep
|turn|2
|inactive|Battle timer is ON: inactive players will automatically lose when time's up. (requested by oficial matute)
|c|☆bobertrah|Lol funny name
|
|t:|1758241732
|-terastallize|p2a: 👁👅👁|Fire
|move|p1a: Weavile|Ice Shard|p2a: 👁👅👁
|-resisted|p2a: 👁👅👁
|-damage|p2a: 👁👅👁|76/100
|move|p2a: 👁👅👁|Flamethrower|p1a: Weavile
|-supereffective|p1a: Weavile
|-damage|p1a: Weavile|0 fnt
|faint|p1a: Weavile
|
|upkeep
|
|t:|1758241736
|switch|p1a: Glimmora|Glimmora, F|100/100
|turn|3
|
|t:|1758241753
|switch|p2a: 👁🐽👁|Tropius, M, shiny|100/100
|move|p1a: Glimmora|Rock Polish|p1a: Glimmora
|-boost|p1a: Glimmora|spe|2
|
|upkeep
|turn|4
|
|t:|1758241759
|move|p1a: Glimmora|Meteor Beam||[still]
|-prepare|p1a: Glimmora|Meteor Beam
|-boost|p1a: Glimmora|spa|1
|-enditem|p1a: Glimmora|Power Herb
|-anim|p1a: Glimmora|Meteor Beam|p2a: 👁🐽👁
|-supereffective|p2a: 👁🐽👁
|-damage|p2a: 👁🐽👁|0 fnt
|faint|p2a: 👁🐽👁
|
|upkeep
|
|t:|1758241769
|switch|p2a: 👁👅👁|Noivern, M, tera:Fire|76/100
|turn|5
|
|t:|1758241774
|move|p2a: 👁👅👁|Switcheroo|p1a: Glimmora
|-activate|p2a: 👁👅👁|move: Trick|[of] p1a: Glimmora
|-item|p1a: Glimmora|Choice Scarf|[from] move: Switcheroo
|-enditem|p2a: 👁👅👁|Choice Scarf|[silent]|[from] move: Switcheroo
|move|p1a: Glimmora|Earth Power|p2a: 👁👅👁
|-supereffective|p2a: 👁👅👁
|-damage|p2a: 👁👅👁|0 fnt
|faint|p2a: 👁👅👁
|
|upkeep
|
|t:|1758241782
|switch|p2a: 👁👃👁|Landorus-Therian, M|100/100
|-ability|p2a: 👁👃👁|Intimidate|boost
|-unboost|p1a: Glimmora|atk|1
|turn|6
|
|t:|1758241787
|switch|p1a: Gliscor|Gliscor, M|100/100
|move|p2a: 👁👃👁|Scorching Sands|p1a: Gliscor
|-immune|p1a: Gliscor
|
|upkeep
|turn|7
|
|t:|1758241800
|switch|p2a: 👁👄👁|Hydrapple, M|100/100
|move|p1a: Gliscor|Swords Dance|p1a: Gliscor
|-boost|p1a: Gliscor|atk|2
|
|upkeep
|turn|8
|
|t:|1758241810
|move|p1a: Gliscor|Scale Shot|p2a: 👁👄👁
|-supereffective|p2a: 👁👄👁
|-damage|p2a: 👁👄👁|76/100
|-supereffective|p2a: 👁👄👁
|-damage|p2a: 👁👄👁|52/100
|-supereffective|p2a: 👁👄👁
|-damage|p2a: 👁👄👁|30/100
|-hitcount|p2a: 👁👄👁|3
|-unboost|p1a: Gliscor|def|1
|-boost|p1a: Gliscor|spe|1
|-enditem|p1a: Gliscor|White Herb
|-clearnegativeboost|p1a: Gliscor|[silent]
|move|p2a: 👁👄👁|Hydro Pump|p1a: Gliscor
|-supereffective|p1a: Gliscor
|-damage|p1a: Gliscor|0 fnt
|faint|p1a: Gliscor
|
|upkeep
|
|t:|1758241824
|switch|p1a: Glimmora|Glimmora, F|100/100
|turn|9
|
|t:|1758241829
|switch|p2a: 👁🫦👁|Garchomp, M|100/100
|move|p1a: Glimmora|Sludge Wave|p2a: 👁🫦👁
|-resisted|p2a: 👁🫦👁
|-damage|p2a: 👁🫦👁|72/100
|-status|p2a: 👁🫦👁|psn
|
|-damage|p2a: 👁🫦👁|59/100 psn|[from] psn
|upkeep
|turn|10
|
|t:|1758241842
|move|p1a: Glimmora|Sludge Wave|p2a: 👁🫦👁
|-resisted|p2a: 👁🫦👁
|-damage|p2a: 👁🫦👁|32/100 psn
|move|p2a: 👁🫦👁|Swords Dance|p2a: 👁🫦👁
|-boost|p2a: 👁🫦👁|atk|2
|
|-damage|p2a: 👁🫦👁|20/100 psn|[from] psn
|upkeep
|turn|11
|
|t:|1758241851
|move|p1a: Glimmora|Sludge Wave|p2a: 👁🫦👁
|-resisted|p2a: 👁🫦👁
|-damage|p2a: 👁🫦👁|0 fnt
|faint|p2a: 👁🫦👁
|
|upkeep
|
|t:|1758241856
|switch|p2a: 👁👃👁|Landorus-Therian, M|100/100
|-ability|p2a: 👁👃👁|Intimidate|boost
|-unboost|p1a: Glimmora|atk|1
|turn|12
|
|t:|1758241860
|move|p1a: Glimmora|Sludge Wave|p2a: 👁👃👁
|-resisted|p2a: 👁👃👁
|-damage|p2a: 👁👃👁|69/100
|move|p2a: 👁👃👁|Scorching Sands|p1a: Glimmora
|-supereffective|p1a: Glimmora
|-damage|p1a: Glimmora|0 fnt
|faint|p1a: Glimmora
|
|upkeep
|
|t:|1758241873
|switch|p1a: Hatterene|Hatterene, F|100/100
|turn|13
|-activate|p1a: Hatterene|item: Quick Claw
|
|t:|1758241878
|move|p1a: Hatterene|Calm Mind|p1a: Hatterene
|-boost|p1a: Hatterene|spa|1
|-boost|p1a: Hatterene|spd|1
|move|p2a: 👁👃👁|U-turn|p1a: Hatterene
|-damage|p1a: Hatterene|80/100
|
|t:|1758241885
|switch|p2a: 👁👄👁|Hydrapple, M|63/100|[from] U-turn
|
|upkeep
|turn|14
|
|t:|1758241890
|switch|p2a: 👁👃👁|Landorus-Therian, M|69/100
|-ability|p2a: 👁👃👁|Intimidate|boost
|-unboost|p1a: Hatterene|atk|1
|move|p1a: Hatterene|Calm Mind|p1a: Hatterene
|-boost|p1a: Hatterene|spa|1
|-boost|p1a: Hatterene|spd|1
|
|upkeep
|turn|15
|-activate|p1a: Hatterene|item: Quick Claw
|
|t:|1758241898
|move|p1a: Hatterene|Draining Kiss|p2a: 👁👃👁
|-damage|p2a: 👁👃👁|9/100
|-heal|p1a: Hatterene|100/100|[from] drain|[of] p2a: 👁👃👁
|-damage|p1a: Hatterene|84/100|[from] item: Rocky Helmet|[of] p2a: 👁👃👁
|move|p2a: 👁👃👁|Scorching Sands|p1a: Hatterene
|-damage|p1a: Hatterene|69/100
|
|upkeep
|turn|16
|-activate|p1a: Hatterene|item: Quick Claw
|
|t:|1758241907
|move|p1a: Hatterene|Stored Power|p2a: 👁👃👁
|-damage|p2a: 👁👃👁|0 fnt
|faint|p2a: 👁👃👁
|
|upkeep
|
|t:|1758241914
|switch|p2a: 👁💋👁|Torterra, F|100/100
|turn|17
|
|t:|1758241919
|move|p2a: 👁💋👁|Shell Smash|p2a: 👁💋👁
|-unboost|p2a: 👁💋👁|def|1
|-unboost|p2a: 👁💋👁|spd|1
|-boost|p2a: 👁💋👁|atk|2
|-boost|p2a: 👁💋👁|spa|2
|-boost|p2a: 👁💋👁|spe|2
|move|p1a: Hatterene|Draining Kiss|p2a: 👁💋👁
|-damage|p2a: 👁💋👁|3/100
|-heal|p1a: Hatterene|100/100|[from] drain|[of] p2a: 👁💋👁
|
|upkeep
|turn|18
|-activate|p1a: Hatterene|item: Quick Claw
|
|t:|1758241929
|move|p1a: Hatterene|Draining Kiss|p2a: 👁💋👁
|-damage|p2a: 👁💋👁|0 fnt
|faint|p2a: 👁💋👁
|
|upkeep
|-message|oficial matute forfeited.
|
|win|bobertrah
|raw|bobertrah's rating: 1318 &rarr; <strong>1336</strong><br />(+18 for winning)
|raw|oficial matute's rating: 1288 &rarr; <strong>1265</strong><br />(-23 for losing)
|l|☆oficial matute
|player|p2|
|c|☆bobertrah|AaaaaaaaaaaaaaaaaaaaaHAHAHAHAHAHAHAHAHAHAHAHAHAHAHAHAHAHAHAHAHAHAHAHAHAHAHAHAHAHAH
|l|☆bobertrah
|player|p1|
