|j|☆dovahcake
|j|☆HatedWitch
|t:|1758292503
|gametype|singles
|player|p1|dovahcake|steven|1526
|player|p2|HatedWitch|lass|1562
|gen|9
|tier|[Gen 9] OU
|rated|
|rule|HP Percentage Mod: HP is shown in percentages
|rule|Endless Battle Clause: Forcing endless battles is banned
|rule|Species Clause: Limit one of each Pokémon
|rule|OHKO Clause: OHKO moves are banned
|rule|Evasion Items Clause: Evasion items are banned
|rule|Evasion Moves Clause: Evasion moves are banned
|rule|Evasion Abilities Clause: Evasion abilities are banned
|rule|Sleep Moves Clause: Sleep-inducing moves are banned
|clearpoke
|poke|p1|Lokix, F|
|poke|p1|Cinderace, F|
|poke|p1|Great Tusk|
|poke|p1|Alomomola, F|
|poke|p1|Enamorus, F|
|poke|p1|Slowking-Galar, M|
|poke|p2|Arcanine-Hisui, M|
|poke|p2|Hatterene, F|
|poke|p2|Tornadus-Therian, M|
|poke|p2|Great Tusk|
|poke|p2|Ogerpon-Wellspring, F|
|poke|p2|Dragapult, F|
|teampreview
|inactive|Battle timer is ON: inactive players will automatically lose when time's up. (requested by dovahcake)
|
|t:|1758292536
|teamsize|p1|6
|teamsize|p2|6
|start
|switch|p1a: Slowking|Slowking-Galar, M|100/100
|switch|p2a: Tornadus|Tornadus-Therian, M, shiny|100/100
|turn|1
|
|t:|1758292553
|move|p2a: Tornadus|Knock Off|p1a: Slowking
|-supereffective|p1a: Slowking
|-damage|p1a: Slowking|70/100
|-enditem|p1a: Slowking|Shuca Berry|[from] move: Knock Off|[of] p2a: Tornadus
|move|p1a: Slowking|Future Sight|p2a: Tornadus
|-start|p1a: Slowking|move: Future Sight
|
|upkeep
|turn|2
|
|t:|1758292559
|move|p2a: Tornadus|U-turn|p1a: Slowking
|-damage|p1a: Slowking|59/100
|inactive|HatedWitch has 120 seconds left.
|inactive|HatedWitch has 90 seconds left.
|
|t:|1758292628
|switch|p2a: Arcanine|Arcanine-Hisui, M|100/100|[from] U-turn
|-prepare|p1a: Slowking|Chilly Reception|[premajor]
|move|p1a: Slowking|Chilly Reception|p1a: Slowking
|-weather|Snowscape
|
|t:|1758292641
|switch|p1a: Alomomola|Alomomola, F|100/100|[from] Chilly Reception
|
|-weather|Snowscape|[upkeep]
|upkeep
|turn|3
|
|t:|1758292646
|switch|p2a: Ogerpon|Ogerpon-Wellspring, F|100/100
|move|p1a: Alomomola|Flip Turn|p2a: Ogerpon
|-immune|p2a: Ogerpon|[from] ability: Water Absorb
|
|-weather|Snowscape|[upkeep]
|-end|p2a: Ogerpon|move: Future Sight
|-damage|p2a: Ogerpon|58/100
|upkeep
|turn|4
|
|t:|1758292652
|switch|p1a: Slowking|Slowking-Galar, M|92/100
|move|p2a: Ogerpon|Trailblaze|p1a: Slowking
|-resisted|p1a: Slowking
|-damage|p1a: Slowking|81/100
|-boost|p2a: Ogerpon|spe|1
|
|-weather|Snowscape|[upkeep]
|upkeep
|turn|5
|
|t:|1758292665
|move|p2a: Ogerpon|Swords Dance|p2a: Ogerpon
|-boost|p2a: Ogerpon|atk|2
|move|p1a: Slowking|Sludge Bomb|p2a: Ogerpon
|-supereffective|p2a: Ogerpon
|-damage|p2a: Ogerpon|0 fnt
|faint|p2a: Ogerpon
|
|-weather|Snowscape|[upkeep]
|upkeep
|
|t:|1758292672
|switch|p2a: Arcanine|Arcanine-Hisui, M|100/100
|turn|6
|
|t:|1758292691
|switch|p1a: Alomomola|Alomomola, F|100/100
|move|p2a: Arcanine|Head Smash|p1a: Alomomola
|-damage|p1a: Alomomola|17/100
|
|-weather|none
|upkeep
|turn|7
|
|t:|1758292696
|move|p1a: Alomomola|Aqua Jet|p2a: Arcanine
|-supereffective|p2a: Arcanine
|-damage|p2a: Arcanine|46/100
|move|p2a: Arcanine|Head Smash|p1a: Alomomola
|-damage|p1a: Alomomola|0 fnt
|faint|p1a: Alomomola
|
|upkeep
|
|t:|1758292714
|switch|p1a: Great Tusk|Great Tusk|100/100
|turn|8
|
|t:|1758292722
|switch|p2a: Hatterene|Hatterene, F, shiny|100/100
|move|p1a: Great Tusk|Knock Off|p2a: Hatterene
|-damage|p2a: Hatterene|78/100
|-damage|p1a: Great Tusk|84/100|[from] item: Rocky Helmet|[of] p2a: Hatterene
|-enditem|p2a: Hatterene|Rocky Helmet|[from] move: Knock Off|[of] p1a: Great Tusk
|
|-heal|p1a: Great Tusk|90/100|[from] item: Leftovers
|upkeep
|turn|9
|
|t:|1758292748
|-end|p1a: Great Tusk|Protosynthesis|[silent]
|switch|p1a: Slowking|Slowking-Galar, M|100/100
|move|p2a: Hatterene|Psychic Noise|p1a: Slowking
|-damage|p1a: Slowking|75/100
|-start|p1a: Slowking|move: Heal Block
|
|upkeep
|turn|10
|
|t:|1758292760
|switch|p2a: Great Tusk|Great Tusk|100/100
|move|p1a: Slowking|Sludge Bomb|p2a: Great Tusk
|-resisted|p2a: Great Tusk
|-damage|p2a: Great Tusk|76/100
|
|-end|p1a: Slowking|move: Heal Block
|upkeep
|turn|11
|
|t:|1758292779
|switch|p1a: Enamorus|Enamorus, F|100/100
|move|p2a: Great Tusk|Stealth Rock|p1a: Enamorus
|-sidestart|p1: dovahcake|move: Stealth Rock
|
|upkeep
|turn|12
|
|t:|1758292787
|-end|p2a: Great Tusk|Protosynthesis|[silent]
|switch|p2a: Tornadus|Tornadus-Therian, M, shiny|100/100
|move|p1a: Enamorus|Earth Power|p2a: Tornadus
|-immune|p2a: Tornadus
|
|upkeep
|turn|13
|
|t:|1758292797
|switch|p1a: Slowking|Slowking-Galar, M|100/100
|-damage|p1a: Slowking|88/100|[from] Stealth Rock
|move|p2a: Tornadus|Knock Off|p1a: Slowking
|-supereffective|p1a: Slowking
|-damage|p1a: Slowking|68/100
|
|upkeep
|turn|14
|
|t:|1758292805
|move|p2a: Tornadus|U-turn|p1a: Slowking
|-damage|p1a: Slowking|58/100
|
|t:|1758292808
|switch|p2a: Great Tusk|Great Tusk|76/100|[from] U-turn
|-prepare|p1a: Slowking|Chilly Reception|[premajor]
|move|p1a: Slowking|Chilly Reception|p1a: Slowking
|-weather|Snowscape
|
|t:|1758292813
|switch|p1a: Enamorus|Enamorus, F|100/100|[from] Chilly Reception
|-damage|p1a: Enamorus|76/100|[from] Stealth Rock
|
|-weather|Snowscape|[upkeep]
|upkeep
|turn|15
|
|t:|1758292833
|-end|p2a: Great Tusk|Protosynthesis|[silent]
|switch|p2a: Tornadus|Tornadus-Therian, M, shiny|100/100
|move|p1a: Enamorus|Earth Power|p2a: Tornadus
|-immune|p2a: Tornadus
|
|-weather|Snowscape|[upkeep]
|upkeep
|turn|16
|
|t:|1758292838
|switch|p1a: Slowking|Slowking-Galar, M|91/100
|-damage|p1a: Slowking|79/100|[from] Stealth Rock
|move|p2a: Tornadus|Bleakwind Storm|p1a: Slowking
|-damage|p1a: Slowking|48/100
|
|-weather|Snowscape|[upkeep]
|upkeep
|turn|17
|
|t:|1758292845
|move|p2a: Tornadus|Bleakwind Storm|p1a: Slowking
|-damage|p1a: Slowking|17/100
|-unboost|p1a: Slowking|spe|1
|-prepare|p1a: Slowking|Chilly Reception|[premajor]
|move|p1a: Slowking|Chilly Reception|p1a: Slowking
|
|t:|1758292856
|switch|p1a: Cinderace|Cinderace, F|100/100|[from] Chilly Reception
|
|-weather|Snowscape|[upkeep]
|upkeep
|turn|18
|
|t:|1758292860
|move|p1a: Cinderace|Court Change|p1a: Cinderace
|-start|p1a: Cinderace|typechange|Normal|[from] ability: Libero
|-swapsideconditions
|-activate|p1a: Cinderace|move: Court Change
|move|p2a: Tornadus|Knock Off|p1a: Cinderace
|-damage|p1a: Cinderace|75/100
|-enditem|p1a: Cinderace|Heavy-Duty Boots|[from] move: Knock Off|[of] p2a: Tornadus
|
|-weather|none
|upkeep
|turn|19
|
|t:|1758292873
|move|p1a: Cinderace|Pyro Ball|p2a: Tornadus
|-damage|p2a: Tornadus|62/100
|move|p2a: Tornadus|U-turn|p1a: Cinderace
|-damage|p1a: Cinderace|56/100
|
|t:|1758292887
|switch|p2a: Great Tusk|Great Tusk|76/100|[from] U-turn
|
|upkeep
|turn|20
|
|t:|1758292895
|move|p1a: Cinderace|Will-O-Wisp|p2a: Great Tusk
|-status|p2a: Great Tusk|brn
|move|p2a: Great Tusk|Rapid Spin|p1a: Cinderace
|-damage|p1a: Cinderace|45/100
|-boost|p2a: Great Tusk|spe|1
|-sideend|p2: HatedWitch|Stealth Rock|[from] move: Rapid Spin|[of] p2a: Great Tusk
|
|-damage|p2a: Great Tusk|70/100 brn|[from] brn
|upkeep
|turn|21
|
|t:|1758292903
|switch|p1a: Enamorus|Enamorus, F|76/100
|move|p2a: Great Tusk|Stealth Rock|p1a: Enamorus
|-sidestart|p1: dovahcake|move: Stealth Rock
|
|-damage|p2a: Great Tusk|64/100 brn|[from] brn
|upkeep
|turn|22
|
|t:|1758292909
|move|p1a: Enamorus|Moonblast|p2a: Great Tusk
|-supereffective|p2a: Great Tusk
|-damage|p2a: Great Tusk|0 fnt
|faint|p2a: Great Tusk
|-end|p2a: Great Tusk|Protosynthesis|[silent]
|
|upkeep
|
|t:|1758292913
|switch|p2a: Arcanine|Arcanine-Hisui, M|46/100
|turn|23
|
|t:|1758292926
|switch|p1a: Great Tusk|Great Tusk|90/100
|-damage|p1a: Great Tusk|87/100|[from] Stealth Rock
|move|p2a: Arcanine|Extreme Speed|p1a: Great Tusk
|-damage|p1a: Great Tusk|66/100
|
|-heal|p1a: Great Tusk|73/100|[from] item: Leftovers
|upkeep
|turn|24
|
|t:|1758292936
|switch|p2a: Hatterene|Hatterene, F, shiny|78/100
|move|p1a: Great Tusk|Knock Off|p2a: Hatterene
|-damage|p2a: Hatterene|63/100
|
|-heal|p1a: Great Tusk|79/100|[from] item: Leftovers
|upkeep
|turn|25
|
|t:|1758292942
|-end|p1a: Great Tusk|Protosynthesis|[silent]
|switch|p1a: Slowking|Slowking-Galar, M|50/100
|-damage|p1a: Slowking|38/100|[from] Stealth Rock
|move|p2a: Hatterene|Psychic Noise|p1a: Slowking
|-damage|p1a: Slowking|9/100
|-start|p1a: Slowking|move: Heal Block
|
|upkeep
|turn|26
|
|t:|1758292956
|switch|p1a: Lokix|Lokix, F|100/100
|-damage|p1a: Lokix|76/100|[from] Stealth Rock
|move|p2a: Hatterene|Nuzzle|p1a: Lokix
|-damage|p1a: Lokix|70/100
|-status|p1a: Lokix|par
|
|upkeep
|turn|27
|
|t:|1758292966
|move|p1a: Lokix|U-turn|p2a: Hatterene
|-damage|p2a: Hatterene|19/100
|
|t:|1758292969
|switch|p1a: Slowking|Slowking-Galar, M|42/100|[from] U-turn
|-damage|p1a: Slowking|30/100|[from] Stealth Rock
|move|p2a: Hatterene|Draining Kiss|p1a: Slowking
|-resisted|p1a: Slowking
|-damage|p1a: Slowking|21/100
|-heal|p2a: Hatterene|27/100|[from] drain|[of] p1a: Slowking
|
|upkeep
|turn|28
|
|t:|1758292975
|move|p2a: Hatterene|Psychic Noise|p1a: Slowking
|-damage|p1a: Slowking|0 fnt
|faint|p1a: Slowking
|
|upkeep
|
|t:|1758292980
|switch|p1a: Cinderace|Cinderace, F|45/100
|-damage|p1a: Cinderace|20/100|[from] Stealth Rock
|turn|29
|
|t:|1758292987
|move|p1a: Cinderace|Pyro Ball|p2a: Hatterene
|-damage|p2a: Hatterene|0 fnt
|faint|p2a: Hatterene
|
|upkeep
|
|t:|1758292990
|switch|p2a: Arcanine|Arcanine-Hisui, M|46/100
|turn|30
|
|t:|1758292998
|-terastallize|p2a: Arcanine|Normal
|move|p2a: Arcanine|Extreme Speed|p1a: Cinderace
|-damage|p1a: Cinderace|0 fnt
|faint|p1a: Cinderace
|
|upkeep
|
|t:|1758293002
|switch|p1a: Great Tusk|Great Tusk|79/100
|-damage|p1a: Great Tusk|76/100|[from] Stealth Rock
|turn|31
|
|t:|1758293013
|switch|p2a: Dragapult|Dragapult, F|100/100
|move|p1a: Great Tusk|Rapid Spin|p2a: Dragapult
|-immune|p2a: Dragapult
|
|-heal|p1a: Great Tusk|82/100|[from] item: Leftovers
|upkeep
|turn|32
|
|t:|1758293017
|move|p2a: Dragapult|Will-O-Wisp|p1a: Great Tusk
|-status|p1a: Great Tusk|brn
|move|p1a: Great Tusk|Knock Off|p2a: Dragapult
|-supereffective|p2a: Dragapult
|-damage|p2a: Dragapult|60/100
|-enditem|p2a: Dragapult|Heavy-Duty Boots|[from] move: Knock Off|[of] p1a: Great Tusk
|
|-heal|p1a: Great Tusk|88/100 brn|[from] item: Leftovers
|-damage|p1a: Great Tusk|82/100 brn|[from] brn
|upkeep
|turn|33
|c|☆HatedWitch|WinnerWitch hehe:)
|
|t:|1758293033
|move|p2a: Dragapult|Hex|p1a: Great Tusk
|-damage|p1a: Great Tusk|18/100 brn
|move|p1a: Great Tusk|Bulk Up|p1a: Great Tusk
|-boost|p1a: Great Tusk|atk|1
|-boost|p1a: Great Tusk|def|1
|
|-heal|p1a: Great Tusk|24/100 brn|[from] item: Leftovers
|-damage|p1a: Great Tusk|18/100 brn|[from] brn
|upkeep
|turn|34
|
|t:|1758293040
|move|p2a: Dragapult|Hex|p1a: Great Tusk
|-damage|p1a: Great Tusk|0 fnt
|faint|p1a: Great Tusk
|-end|p1a: Great Tusk|Protosynthesis|[silent]
|
|upkeep
|
|t:|1758293056
|switch|p1a: Lokix|Lokix, F|70/100 par
|-damage|p1a: Lokix|45/100 par|[from] Stealth Rock
|turn|35
|inactive|HatedWitch has 120 seconds left.
|
|t:|1758293100
|switch|p2a: Tornadus|Tornadus-Therian, M, shiny|95/100
|move|p1a: Lokix|First Impression|p2a: Tornadus
|-resisted|p2a: Tornadus
|-damage|p2a: Tornadus|15/100
|
|upkeep
|turn|36
|
|t:|1758293109
|switch|p1a: Enamorus|Enamorus, F|76/100
|-damage|p1a: Enamorus|51/100|[from] Stealth Rock
|move|p2a: Tornadus|U-turn|p1a: Enamorus
|-resisted|p1a: Enamorus
|-damage|p1a: Enamorus|45/100
|
|t:|1758293112
|switch|p2a: Arcanine|Arcanine-Hisui, M, tera:Normal|46/100|[from] U-turn
|
|upkeep
|turn|37
|
|t:|1758293128
|move|p2a: Arcanine|Extreme Speed|p1a: Enamorus
|-damage|p1a: Enamorus|0 fnt
|faint|p1a: Enamorus
|
|upkeep
|
|t:|1758293130
|switch|p1a: Lokix|Lokix, F|45/100 par
|-damage|p1a: Lokix|20/100 par|[from] Stealth Rock
|turn|38
|
|t:|1758293135
|move|p2a: Arcanine|Extreme Speed|p1a: Lokix
|-damage|p1a: Lokix|0 fnt
|faint|p1a: Lokix
|
|win|HatedWitch
|raw|dovahcake's rating: 1526 &rarr; <strong>1508</strong><br />(-18 for losing)
|raw|HatedWitch's rating: 1562 &rarr; <strong>1580</strong><br />(+18 for winning)
|l|☆dovahcake
|player|p1|
|l|☆HatedWitch
|player|p2|
|j| iijjiiji
|l| iijjiiji
|j| jongseobbb
