|j|☆oreoinabox
|j|☆SlimyTime
|t:|1758319819
|gametype|singles
|player|p1|oreoinabox|169|1598
|player|p2|SlimyTime|ltsurge|1699
|gen|9
|tier|[Gen 9] OU
|rated|
|rule|HP Percentage Mod: HP is shown in percentages
|rule|Endless Battle Clause: Forcing endless battles is banned
|rule|Species Clause: Limit one of each Pokémon
|rule|OHKO Clause: OHKO moves are banned
|rule|Evasion Items Clause: Evasion items are banned
|rule|Evasion Moves Clause: Evasion moves are banned
|rule|Evasion Abilities Clause: Evasion abilities are banned
|rule|Sleep Moves Clause: Sleep-inducing moves are banned
|clearpoke
|poke|p1|Iron Thorns|
|poke|p1|Araquanid, M|
|poke|p1|Blastoise, M|
|poke|p1|Corviknight, F|
|poke|p1|Meowscarada, F|
|poke|p1|Great Tusk|
|poke|p2|Pelipper, F|
|poke|p2|Hatterene, F|
|poke|p2|Iron Treads|
|poke|p2|Toxicroak, F|
|poke|p2|Barraskewda, F|
|poke|p2|Zapdos|
|teampreview
|inactive|Battle timer is ON: inactive players will automatically lose when time's up. (requested by oreoinabox)
|
|t:|1758319836
|teamsize|p1|6
|teamsize|p2|6
|start
|switch|p1a: Araquanid|Araquanid, M|100/100
|switch|p2a: Zapdos|Zapdos|100/100
|turn|1
|
|t:|1758319842
|move|p2a: Zapdos|Thunder|p1a: Araquanid
|-supereffective|p1a: Araquanid
|-enditem|p1a: Araquanid|Focus Sash
|-damage|p1a: Araquanid|1/100
|-status|p1a: Araquanid|par
|move|p1a: Araquanid|Sticky Web|p2a: Zapdos
|-sidestart|p2: SlimyTime|move: Sticky Web
|
|upkeep
|turn|2
|
|t:|1758319851
|move|p2a: Zapdos|Thunder|p1a: Araquanid
|-supereffective|p1a: Araquanid
|-damage|p1a: Araquanid|0 fnt
|faint|p1a: Araquanid
|
|upkeep
|
|t:|1758319856
|switch|p1a: Meowscarada|Meowscarada, F|100/100
|turn|3
|
|t:|1758319861
|switch|p2a: Toxicroak|Toxicroak, F|100/100
|-activate|p2a: Toxicroak|move: Sticky Web
|-unboost|p2a: Toxicroak|spe|1
|move|p1a: Meowscarada|Triple Axel|p2a: Toxicroak
|-start|p1a: Meowscarada|typechange|Ice|[from] ability: Protean
|-damage|p2a: Toxicroak|87/100
|-damage|p1a: Meowscarada|84/100|[from] item: Rocky Helmet|[of] p2a: Toxicroak
|-hitcount|p2a: Toxicroak|1
|
|upkeep
|turn|4
|
|t:|1758319872
|switch|p1a: Corviknight|Corviknight, F|100/100
|-ability|p1a: Corviknight|Pressure
|move|p2a: Toxicroak|Knock Off|p1a: Corviknight
|-damage|p1a: Corviknight|85/100
|-damage|p2a: Toxicroak|71/100|[from] item: Rocky Helmet|[of] p1a: Corviknight
|-enditem|p1a: Corviknight|Rocky Helmet|[from] move: Knock Off|[of] p2a: Toxicroak
|
|upkeep
|turn|5
|
|t:|1758319878
|switch|p2a: Zapdos|Zapdos|100/100
|move|p1a: Corviknight|U-turn|p2a: Zapdos
|-resisted|p2a: Zapdos
|-damage|p2a: Zapdos|92/100
|-status|p1a: Corviknight|par|[from] ability: Static|[of] p2a: Zapdos
|
|t:|1758319881
|switch|p1a: Iron Thorns|Iron Thorns|100/100|[from] U-turn
|-enditem|p1a: Iron Thorns|Booster Energy
|-activate|p1a: Iron Thorns|ability: Quark Drive|[fromitem]
|-start|p1a: Iron Thorns|quarkdriveatk
|
|upkeep
|turn|6
|
|t:|1758319886
|move|p2a: Zapdos|Volt Switch|p1a: Iron Thorns
|-resisted|p1a: Iron Thorns
|-damage|p1a: Iron Thorns|72/100
|
|t:|1758319896
|switch|p2a: Pelipper|Pelipper, F|100/100|[from] Volt Switch
|-weather|RainDance|[from] ability: Drizzle|[of] p2a: Pelipper
|move|p1a: Iron Thorns|Dragon Dance|p1a: Iron Thorns
|-boost|p1a: Iron Thorns|atk|1
|-boost|p1a: Iron Thorns|spe|1
|
|-weather|RainDance|[upkeep]
|upkeep
|turn|7
|
|t:|1758319903
|switch|p2a: Hatterene|Hatterene, F|100/100
|-activate|p2a: Hatterene|move: Sticky Web
|-unboost|p2a: Hatterene|spe|1
|move|p1a: Iron Thorns|Ice Punch|p2a: Hatterene
|-damage|p2a: Hatterene|49/100
|-enditem|p2a: Hatterene|Eject Button
|
|t:|1758319906
|switch|p2a: Barraskewda|Barraskewda, F|100/100
|-activate|p2a: Barraskewda|move: Sticky Web
|-unboost|p2a: Barraskewda|spe|1
|
|-weather|RainDance|[upkeep]
|upkeep
|turn|8
|inactive|oreoinabox has 120 seconds left.
|
|t:|1758319936
|-end|p1a: Iron Thorns|Quark Drive|[silent]
|switch|p1a: Corviknight|Corviknight, F|85/100 par
|-ability|p1a: Corviknight|Pressure
|move|p2a: Barraskewda|Flip Turn|p1a: Corviknight
|-damage|p1a: Corviknight|33/100 par
|
|t:|1758319939
|switch|p2a: Iron Treads|Iron Treads|100/100|[from] Flip Turn
|-activate|p2a: Iron Treads|move: Sticky Web
|-unboost|p2a: Iron Treads|spe|1
|
|-weather|RainDance|[upkeep]
|upkeep
|turn|9
|
|t:|1758319945
|move|p2a: Iron Treads|Rapid Spin|p1a: Corviknight
|-resisted|p1a: Corviknight
|-damage|p1a: Corviknight|29/100 par
|-boost|p2a: Iron Treads|spe|1
|-sideend|p2: SlimyTime|Sticky Web|[from] move: Rapid Spin|[of] p2a: Iron Treads
|move|p1a: Corviknight|U-turn|p2a: Iron Treads
|-resisted|p2a: Iron Treads
|-damage|p2a: Iron Treads|95/100
|
|t:|1758319950
|switch|p1a: Blastoise|Blastoise, M|100/100|[from] U-turn
|
|-weather|RainDance|[upkeep]
|-heal|p2a: Iron Treads|100/100|[from] item: Leftovers
|upkeep
|turn|10
|
|t:|1758319953
|move|p1a: Blastoise|Shell Smash|p1a: Blastoise
|-unboost|p1a: Blastoise|def|1
|-unboost|p1a: Blastoise|spd|1
|-boost|p1a: Blastoise|atk|2
|-boost|p1a: Blastoise|spa|2
|-boost|p1a: Blastoise|spe|2
|-enditem|p1a: Blastoise|White Herb
|-clearnegativeboost|p1a: Blastoise|[silent]
|move|p2a: Iron Treads|Volt Switch|p1a: Blastoise
|-supereffective|p1a: Blastoise
|-damage|p1a: Blastoise|73/100
|
|t:|1758319970
|-end|p2a: Iron Treads|Quark Drive|[silent]
|switch|p2a: Barraskewda|Barraskewda, F|100/100|[from] Volt Switch
|
|-weather|RainDance|[upkeep]
|upkeep
|turn|11
|
|t:|1758319977
|-terastallize|p2a: Barraskewda|Water
|move|p2a: Barraskewda|Liquidation|p1a: Blastoise
|-resisted|p1a: Blastoise
|-damage|p1a: Blastoise|0 fnt
|faint|p1a: Blastoise
|
|-weather|RainDance|[upkeep]
|upkeep
|
|t:|1758319983
|switch|p1a: Great Tusk|Great Tusk|100/100
|turn|12
|
|t:|1758319991
|-terastallize|p1a: Great Tusk|Grass
|move|p2a: Barraskewda|Liquidation|p1a: Great Tusk
|-resisted|p1a: Great Tusk
|-damage|p1a: Great Tusk|52/100
|move|p1a: Great Tusk|Headlong Rush|p2a: Barraskewda
|-damage|p2a: Barraskewda|0 fnt
|-unboost|p1a: Great Tusk|def|1
|-unboost|p1a: Great Tusk|spd|1
|faint|p2a: Barraskewda
|
|-weather|RainDance|[upkeep]
|upkeep
|
|t:|1758319995
|switch|p2a: Zapdos|Zapdos|92/100
|turn|13
|
|t:|1758320001
|-end|p1a: Great Tusk|Protosynthesis|[silent]
|switch|p1a: Iron Thorns|Iron Thorns|72/100
|move|p2a: Zapdos|Weather Ball|p1a: Iron Thorns
|-supereffective|p1a: Iron Thorns
|-damage|p1a: Iron Thorns|0 fnt
|faint|p1a: Iron Thorns
|-end|p1a: Iron Thorns|Quark Drive|[silent]
|
|-weather|none
|upkeep
|
|t:|1758320008
|switch|p1a: Great Tusk|Great Tusk, tera:Grass|52/100
|turn|14
|
|t:|1758320014
|switch|p2a: Pelipper|Pelipper, F|100/100
|-weather|RainDance|[from] ability: Drizzle|[of] p2a: Pelipper
|move|p1a: Great Tusk|Ice Spinner|p2a: Pelipper
|-damage|p2a: Pelipper|70/100
|
|-weather|RainDance|[upkeep]
|upkeep
|turn|15
|
|t:|1758320019
|-end|p1a: Great Tusk|Protosynthesis|[silent]
|switch|p1a: Corviknight|Corviknight, F|29/100 par
|-ability|p1a: Corviknight|Pressure
|move|p2a: Pelipper|Hurricane|p1a: Corviknight
|-resisted|p1a: Corviknight
|-damage|p1a: Corviknight|16/100 par
|
|-weather|RainDance|[upkeep]
|upkeep
|turn|16
|
|t:|1758320025
|move|p2a: Pelipper|U-turn|p1a: Corviknight
|-resisted|p1a: Corviknight
|-damage|p1a: Corviknight|15/100 par
|
|t:|1758320029
|switch|p2a: Toxicroak|Toxicroak, F|71/100|[from] U-turn
|cant|p1a: Corviknight|par
|
|-weather|RainDance|[upkeep]
|-heal|p2a: Toxicroak|83/100|[from] ability: Dry Skin
|upkeep
|turn|17
|
|t:|1758320033
|move|p2a: Toxicroak|Drain Punch|p1a: Corviknight
|-crit|p1a: Corviknight
|-damage|p1a: Corviknight|0 fnt
|-heal|p2a: Toxicroak|91/100|[from] drain|[of] p1a: Corviknight
|faint|p1a: Corviknight
|
|-weather|RainDance|[upkeep]
|-heal|p2a: Toxicroak|100/100|[from] ability: Dry Skin
|upkeep
|
|t:|1758320037
|switch|p1a: Great Tusk|Great Tusk, tera:Grass|52/100
|turn|18
|
|t:|1758320041
|switch|p2a: Zapdos|Zapdos|92/100
|move|p1a: Great Tusk|Ice Spinner|p2a: Zapdos
|-supereffective|p2a: Zapdos
|-damage|p2a: Zapdos|21/100
|
|-weather|RainDance|[upkeep]
|upkeep
|turn|19
|
|t:|1758320046
|move|p2a: Zapdos|Hurricane|p1a: Great Tusk
|-supereffective|p1a: Great Tusk
|-damage|p1a: Great Tusk|0 fnt
|faint|p1a: Great Tusk
|-end|p1a: Great Tusk|Protosynthesis|[silent]
|
|-weather|RainDance|[upkeep]
|upkeep
|
|t:|1758320048
|switch|p1a: Meowscarada|Meowscarada, F|84/100
|turn|20
|
|t:|1758320054
|move|p1a: Meowscarada|Flower Trick|p2a: Zapdos
|-start|p1a: Meowscarada|typechange|Grass|[from] ability: Protean
|-resisted|p2a: Zapdos
|-crit|p2a: Zapdos
|-damage|p2a: Zapdos|0 fnt
|faint|p2a: Zapdos
|
|-weather|RainDance|[upkeep]
|upkeep
|
|t:|1758320057
|switch|p2a: Toxicroak|Toxicroak, F|100/100
|turn|21
|
|t:|1758320059
|move|p1a: Meowscarada|Flower Trick|p2a: Toxicroak
|-resisted|p2a: Toxicroak
|-crit|p2a: Toxicroak
|-damage|p2a: Toxicroak|65/100
|move|p2a: Toxicroak|Drain Punch|p1a: Meowscarada
|-damage|p1a: Meowscarada|45/100
|-heal|p2a: Toxicroak|80/100|[from] drain|[of] p1a: Meowscarada
|
|-weather|none
|upkeep
|turn|22
|
|t:|1758320061
|move|p1a: Meowscarada|Flower Trick|p2a: Toxicroak
|-resisted|p2a: Toxicroak
|-crit|p2a: Toxicroak
|-damage|p2a: Toxicroak|46/100
|move|p2a: Toxicroak|Drain Punch|p1a: Meowscarada
|-damage|p1a: Meowscarada|3/100
|-heal|p2a: Toxicroak|63/100|[from] drain|[of] p1a: Meowscarada
|
|upkeep
|turn|23
|
|t:|1758320070
|move|p1a: Meowscarada|Flower Trick|p2a: Toxicroak
|-resisted|p2a: Toxicroak
|-crit|p2a: Toxicroak
|-damage|p2a: Toxicroak|31/100
|move|p2a: Toxicroak|Drain Punch|p1a: Meowscarada
|-damage|p1a: Meowscarada|0 fnt
|-heal|p2a: Toxicroak|32/100|[from] drain|[of] p1a: Meowscarada
|faint|p1a: Meowscarada
|
|win|SlimyTime
|raw|oreoinabox's rating: 1598 &rarr; <strong>1584</strong><br />(-14 for losing)
|raw|SlimyTime's rating: 1699 &rarr; <strong>1713</strong><br />(+14 for winning)
|l|☆oreoinabox
|player|p1|
|l|☆SlimyTime
|player|p2|
