|j|☆tateredprince
|j|☆Absetia
|t:|1758287633
|gametype|singles
|player|p1|tateredprince|brycenman|1396
|player|p2|Absetia|bellelba|1358
|gen|9
|tier|[Gen 9] OU
|rated|
|rule|HP Percentage Mod: HP is shown in percentages
|rule|Endless Battle Clause: Forcing endless battles is banned
|rule|Species Clause: Limit one of each Pokémon
|rule|OHKO Clause: OHKO moves are banned
|rule|Evasion Items Clause: Evasion items are banned
|rule|Evasion Moves Clause: Evasion moves are banned
|rule|Evasion Abilities Clause: Evasion abilities are banned
|rule|Sleep Moves Clause: Sleep-inducing moves are banned
|clearpoke
|poke|p1|Toxapex, F|
|poke|p1|Slowking-Galar, F|
|poke|p1|Samurott-Hisui, M|
|poke|p1|Kyurem|
|poke|p1|Scizor, M|
|poke|p1|Ditto|
|poke|p2|Garchomp, F|
|poke|p2|Hatterene, F|
|poke|p2|Zamazenta-*|
|poke|p2|Kingambit, M|
|poke|p2|Heatran, F|
|poke|p2|Zapdos|
|teampreview
|
|t:|1758287647
|teamsize|p1|6
|teamsize|p2|6
|start
|switch|p1a: Slowking|Slowking-Galar, F, shiny|100/100
|switch|p2a: Garchomp|Garchomp, F, shiny|100/100
|turn|1
|
|t:|1758287652
|move|p2a: Garchomp|Earthquake|p1a: Slowking
|-supereffective|p1a: Slowking
|-damage|p1a: Slowking|8/100
|move|p1a: Slowking|Ice Beam|p2a: Garchomp
|-supereffective|p2a: Garchomp
|-damage|p2a: Garchomp|7/100
|
|upkeep
|turn|2
|
|t:|1758287659
|switch|p1a: Scizor|Scizor, M|100/100
|move|p2a: Garchomp|Stealth Rock|p1a: Scizor
|-sidestart|p1: tateredprince|move: Stealth Rock
|
|upkeep
|turn|3
|
|t:|1758287666
|move|p2a: Garchomp|Earthquake|p1a: Scizor
|-damage|p1a: Scizor|59/100
|move|p1a: Scizor|Defog|p2a: Garchomp
|-unboost|p2a: Garchomp|evasion|1
|-sideend|p1: tateredprince|Stealth Rock|[from] move: Defog|[of] p1a: Scizor
|
|upkeep
|turn|4
|
|t:|1758287673
|move|p1a: Scizor|Bullet Punch|p2a: Garchomp
|-damage|p2a: Garchomp|0 fnt
|-damage|p1a: Scizor|46/100|[from] ability: Rough Skin|[of] p2a: Garchomp
|-damage|p1a: Scizor|30/100|[from] item: Rocky Helmet|[of] p2a: Garchomp
|-enditem|p1a: Scizor|Sitrus Berry|[eat]
|-heal|p1a: Scizor|54/100|[from] item: Sitrus Berry
|faint|p2a: Garchomp
|
|upkeep
|
|t:|1758287679
|switch|p2a: Zapdos|Zapdos|100/100
|-ability|p2a: Zapdos|Pressure
|turn|5
|
|t:|1758287686
|move|p2a: Zapdos|Heat Wave|p1a: Scizor
|-supereffective|p1a: Scizor
|-damage|p1a: Scizor|0 fnt
|faint|p1a: Scizor
|
|upkeep
|
|t:|1758287691
|switch|p1a: Kyurem|Kyurem, shiny|100/100
|-ability|p1a: Kyurem|Pressure
|turn|6
|
|t:|1758287696
|switch|p2a: Heatran|Heatran, F|100/100
|move|p1a: Kyurem|Substitute|p1a: Kyurem
|-start|p1a: Kyurem|Substitute
|-damage|p1a: Kyurem|75/100
|
|-heal|p1a: Kyurem|82/100|[from] item: Leftovers
|upkeep
|turn|7
|
|t:|1758287704
|move|p1a: Kyurem|Earth Power|p2a: Heatran
|-supereffective|p2a: Heatran
|-damage|p2a: Heatran|27/100
|move|p2a: Heatran|Magma Storm|p1a: Kyurem|[miss]
|-miss|p2a: Heatran|p1a: Kyurem
|
|-heal|p1a: Kyurem|88/100|[from] item: Leftovers
|-heal|p2a: Heatran|33/100|[from] item: Leftovers
|upkeep
|turn|8
|
|t:|1758287712
|switch|p2a: Hatterene|Hatterene, F|100/100
|move|p1a: Kyurem|Freeze-Dry|p2a: Hatterene
|-damage|p2a: Hatterene|77/100
|
|-heal|p1a: Kyurem|94/100|[from] item: Leftovers
|upkeep
|turn|9
|
|t:|1758287721
|switch|p1a: Slowking|Slowking-Galar, F, shiny|41/100
|move|p2a: Hatterene|Mystical Fire|p1a: Slowking
|-damage|p1a: Slowking|30/100
|-unboost|p1a: Slowking|spa|1
|
|upkeep
|turn|10
|
|t:|1758287732
|switch|p1a: Toxapex|Toxapex, F, shiny|100/100
|switch|p2a: Heatran|Heatran, F|33/100
|
|-heal|p2a: Heatran|39/100|[from] item: Leftovers
|upkeep
|turn|11
|
|t:|1758287741
|switch|p1a: Ditto|Ditto|100/100
|-transform|p1a: Ditto|p2a: Heatran|[from] ability: Imposter
|move|p2a: Heatran|Substitute|p2a: Heatran
|-start|p2a: Heatran|Substitute
|-damage|p2a: Heatran|14/100
|
|-heal|p2a: Heatran|21/100|[from] item: Leftovers
|upkeep
|turn|12
|
|t:|1758287755
|move|p2a: Heatran|Taunt|p1a: Ditto
|-start|p1a: Ditto|move: Taunt
|cant|p1a: Ditto|move: Taunt|Taunt
|
|-heal|p2a: Heatran|27/100|[from] item: Leftovers
|upkeep
|turn|13
|
|t:|1758287762
|switch|p1a: Kyurem|Kyurem, shiny|94/100
|-ability|p1a: Kyurem|Pressure
|move|p2a: Heatran|Magma Storm|p1a: Kyurem
|-damage|p1a: Kyurem|54/100
|-activate|p1a: Kyurem|move: Magma Storm|[of] p2a: Heatran
|
|-heal|p1a: Kyurem|61/100|[from] item: Leftovers
|-heal|p2a: Heatran|33/100|[from] item: Leftovers
|-damage|p1a: Kyurem|48/100|[from] move: Magma Storm|[partiallytrapped]
|upkeep
|turn|14
|
|t:|1758287774
|move|p1a: Kyurem|Earth Power|p2a: Heatran
|-supereffective|p2a: Heatran
|-end|p2a: Heatran|Substitute
|move|p2a: Heatran|Magma Storm|p1a: Kyurem
|-damage|p1a: Kyurem|7/100
|
|-heal|p1a: Kyurem|13/100|[from] item: Leftovers
|-heal|p2a: Heatran|39/100|[from] item: Leftovers
|-damage|p1a: Kyurem|0 fnt|[from] move: Magma Storm|[partiallytrapped]
|faint|p1a: Kyurem
|upkeep
|
|t:|1758287786
|switch|p1a: Samurott|Samurott-Hisui, M, shiny|100/100
|turn|15
|
|t:|1758287789
|switch|p2a: Zapdos|Zapdos|100/100
|-ability|p2a: Zapdos|Pressure
|move|p1a: Samurott|Aqua Cutter|p2a: Zapdos
|-damage|p2a: Zapdos|57/100
|
|upkeep
|turn|16
|
|t:|1758287796
|move|p2a: Zapdos|Volt Switch|p1a: Samurott
|-supereffective|p1a: Samurott
|-damage|p1a: Samurott|13/100
|inactive|Battle timer is ON: inactive players will automatically lose when time's up. (requested by Absetia)
|
|t:|1758287799
|switch|p2a: Zamazenta|Zamazenta|100/100|[from] Volt Switch
|-ability|p2a: Zamazenta|Dauntless Shield|boost
|-boost|p2a: Zamazenta|def|1
|move|p1a: Samurott|Ceaseless Edge|p2a: Zamazenta
|-resisted|p2a: Zamazenta
|-damage|p2a: Zamazenta|87/100
|-sidestart|p2: Absetia|Spikes
|
|-heal|p2a: Zamazenta|93/100|[from] item: Leftovers
|upkeep
|turn|17
|
|t:|1758287809
|switch|p1a: Toxapex|Toxapex, F, shiny|100/100
|move|p2a: Zamazenta|Body Press|p1a: Toxapex
|-resisted|p1a: Toxapex
|-damage|p1a: Toxapex|86/100
|-damage|p2a: Zamazenta|77/100|[from] item: Rocky Helmet|[of] p1a: Toxapex
|
|-heal|p2a: Zamazenta|83/100|[from] item: Leftovers
|upkeep
|turn|18
|
|t:|1758287819
|switch|p2a: Hatterene|Hatterene, F|77/100
|-damage|p2a: Hatterene|64/100|[from] Spikes
|move|p1a: Toxapex|Toxic|p2a: Hatterene
|move|p2a: Hatterene|Toxic|p1a: Toxapex|[from] ability: Magic Bounce
|-immune|p1a: Toxapex
|
|upkeep
|turn|19
|
|t:|1758287828
|switch|p1a: Slowking|Slowking-Galar, F, shiny|64/100
|move|p2a: Hatterene|Future Sight|p1a: Slowking
|-start|p2a: Hatterene|move: Future Sight
|
|upkeep
|turn|20
|
|t:|1758287834
|move|p1a: Slowking|Sludge Wave|p2a: Hatterene
|-supereffective|p2a: Hatterene
|-damage|p2a: Hatterene|6/100
|move|p2a: Hatterene|Mystical Fire|p1a: Slowking
|-damage|p1a: Slowking|54/100
|-unboost|p1a: Slowking|spa|1
|
|upkeep
|turn|21
|
|t:|1758287842
|switch|p1a: Samurott|Samurott-Hisui, M, shiny|13/100
|move|p2a: Hatterene|Psychic Noise|p1a: Samurott
|-immune|p1a: Samurott
|
|-end|p1a: Samurott|move: Future Sight
|-immune|p1a: Samurott
|upkeep
|turn|22
|
|t:|1758287850
|move|p1a: Samurott|Ceaseless Edge|p2a: Hatterene
|-damage|p2a: Hatterene|0 fnt
|-sidestart|p2: Absetia|Spikes
|faint|p2a: Hatterene
|
|upkeep
|
|t:|1758287853
|switch|p2a: Zapdos|Zapdos|57/100
|-ability|p2a: Zapdos|Pressure
|turn|23
|
|t:|1758287857
|move|p2a: Zapdos|Volt Switch|p1a: Samurott
|-supereffective|p1a: Samurott
|-damage|p1a: Samurott|0 fnt
|faint|p1a: Samurott
|
|t:|1758287865
|switch|p2a: Zamazenta|Zamazenta|83/100|[from] Volt Switch
|-damage|p2a: Zamazenta|66/100|[from] Spikes
|
|-heal|p2a: Zamazenta|73/100|[from] item: Leftovers
|upkeep
|
|t:|1758287875
|switch|p1a: Slowking|Slowking-Galar, F, shiny|87/100
|turn|24
|
|t:|1758287883
|switch|p2a: Heatran|Heatran, F|39/100
|-damage|p2a: Heatran|23/100|[from] Spikes
|move|p1a: Slowking|Eerie Spell|p2a: Heatran
|-resisted|p2a: Heatran
|-damage|p2a: Heatran|13/100
|
|-heal|p2a: Heatran|19/100|[from] item: Leftovers
|upkeep
|turn|25
|
|t:|1758287892
|switch|p1a: Ditto|Ditto|100/100
|-transform|p1a: Ditto|p2a: Heatran|[from] ability: Imposter
|move|p2a: Heatran|Magma Storm|p1a: Ditto
|-start|p1a: Ditto|ability: Flash Fire
|
|-heal|p2a: Heatran|25/100|[from] item: Leftovers
|upkeep
|turn|26
|
|t:|1758287901
|move|p1a: Ditto|Taunt|p2a: Heatran
|-start|p2a: Heatran|move: Taunt
|cant|p2a: Heatran|move: Taunt|Substitute
|
|-heal|p2a: Heatran|31/100|[from] item: Leftovers
|upkeep
|turn|27
|
|t:|1758287907
|move|p2a: Heatran|Magma Storm|p1a: Ditto
|-immune|p1a: Ditto|[from] ability: Flash Fire
|move|p1a: Ditto|Substitute|p1a: Ditto
|-start|p1a: Ditto|Substitute
|-damage|p1a: Ditto|75/100
|
|-heal|p2a: Heatran|38/100|[from] item: Leftovers
|upkeep
|turn|28
|
|t:|1758287920
|move|p1a: Ditto|Protect|p1a: Ditto
|-singleturn|p1a: Ditto|Protect
|-activate|p2a: Heatran|move: Struggle
|move|p2a: Heatran|Struggle|p1a: Ditto
|-activate|p1a: Ditto|move: Protect
|
|-heal|p2a: Heatran|44/100|[from] item: Leftovers
|-end|p2a: Heatran|move: Taunt
|upkeep
|turn|29
|
|t:|1758287931
|move|p1a: Ditto|Protect||[still]
|-fail|p1a: Ditto
|move|p2a: Heatran|Substitute|p2a: Heatran
|-start|p2a: Heatran|Substitute
|-damage|p2a: Heatran|19/100
|
|-heal|p2a: Heatran|25/100|[from] item: Leftovers
|upkeep
|turn|30
|
|t:|1758287937
|move|p2a: Heatran|Taunt|p1a: Ditto
|-start|p1a: Ditto|move: Taunt
|cant|p1a: Ditto|move: Taunt|Taunt
|
|-heal|p2a: Heatran|31/100|[from] item: Leftovers
|upkeep
|turn|31
|
|t:|1758287950
|-end|p1a: Ditto|ability: Flash Fire|[silent]
|switch|p1a: Slowking|Slowking-Galar, F, shiny|100/100
|move|p2a: Heatran|Protect||[still]
|-fail|p2a: Heatran
|
|-heal|p2a: Heatran|38/100|[from] item: Leftovers
|upkeep
|turn|32
|
|t:|1758287972
|move|p2a: Heatran|Taunt|p1a: Slowking
|-start|p1a: Slowking|move: Taunt
|move|p1a: Slowking|Eerie Spell|p2a: Heatran
|-resisted|p2a: Heatran
|-damage|p2a: Heatran|27/100
|-activate|p2a: Heatran|move: Eerie Spell|Taunt|3
|
|-heal|p2a: Heatran|33/100|[from] item: Leftovers
|upkeep
|turn|33
|
|t:|1758287991
|move|p2a: Heatran|Protect|p2a: Heatran
|-singleturn|p2a: Heatran|Protect
|move|p1a: Slowking|Eerie Spell|p2a: Heatran
|-activate|p2a: Heatran|move: Protect
|
|-heal|p2a: Heatran|39/100|[from] item: Leftovers
|upkeep
|turn|34
|
|t:|1758287998
|switch|p2a: Kingambit|Kingambit, M|100/100
|-damage|p2a: Kingambit|84/100|[from] Spikes
|-activate|p2a: Kingambit|ability: Supreme Overlord
|-start|p2a: Kingambit|fallen2|[silent]
|switch|p1a: Toxapex|Toxapex, F, shiny|100/100
|
|-heal|p2a: Kingambit|90/100|[from] item: Leftovers
|upkeep
|turn|35
|
|t:|1758288012
|-end|p2a: Kingambit|fallen2|[silent]
|switch|p2a: Zapdos|Zapdos|57/100
|-ability|p2a: Zapdos|Pressure
|move|p1a: Toxapex|Infestation|p2a: Zapdos
|-resisted|p2a: Zapdos
|-damage|p2a: Zapdos|55/100
|-activate|p2a: Zapdos|move: Infestation|[of] p1a: Toxapex
|
|-damage|p2a: Zapdos|43/100|[from] move: Infestation|[partiallytrapped]
|upkeep
|turn|36
|
|t:|1758288021
|move|p1a: Toxapex|Baneful Bunker|p1a: Toxapex
|-singleturn|p1a: Toxapex|move: Protect
|move|p2a: Zapdos|Thunder Wave|p1a: Toxapex
|-activate|p1a: Toxapex|move: Protect
|
|-damage|p2a: Zapdos|30/100|[from] move: Infestation|[partiallytrapped]
|upkeep
|turn|37
|
|t:|1758288032
|switch|p1a: Ditto|Ditto|75/100
|-transform|p1a: Ditto|p2a: Zapdos|[from] ability: Imposter
|-ability|p1a: Ditto|Pressure
|move|p2a: Zapdos|Thunder Wave|p1a: Ditto
|-immune|p1a: Ditto
|
|-end|p2a: Zapdos|Infestation|[partiallytrapped]|[silent]
|upkeep
|turn|38
|
|t:|1758288044
|move|p2a: Zapdos|Volt Switch|p1a: Ditto
|-damage|p1a: Ditto|39/100
|-enditem|p1a: Ditto|Red Card|[of] p2a: Zapdos
|drag|p2a: Kingambit|Kingambit, M|90/100
|-damage|p2a: Kingambit|74/100|[from] Spikes
|-activate|p2a: Kingambit|ability: Supreme Overlord
|-start|p2a: Kingambit|fallen2|[silent]
|move|p1a: Ditto|Heat Wave|p2a: Kingambit
|-supereffective|p2a: Kingambit
|-damage|p2a: Kingambit|24/100
|-status|p2a: Kingambit|brn
|
|-heal|p2a: Kingambit|30/100 brn|[from] item: Leftovers
|-damage|p2a: Kingambit|24/100 brn|[from] brn
|upkeep
|turn|39
|c|☆Absetia|bro
|
|t:|1758288059
|-end|p2a: Kingambit|fallen2|[silent]
|switch|p2a: Heatran|Heatran, F|39/100
|-damage|p2a: Heatran|23/100|[from] Spikes
|move|p1a: Ditto|Volt Switch|p2a: Heatran
|-damage|p2a: Heatran|5/100
|
|t:|1758288066
|switch|p1a: Toxapex|Toxapex, F, shiny|100/100|[from] Volt Switch
|
|-heal|p2a: Heatran|11/100|[from] item: Leftovers
|upkeep
|turn|40
|
|t:|1758288070
|move|p2a: Heatran|Taunt|p1a: Toxapex
|-start|p1a: Toxapex|move: Taunt
|move|p1a: Toxapex|Infestation|p2a: Heatran
|-resisted|p2a: Heatran
|-damage|p2a: Heatran|11/100
|-activate|p2a: Heatran|move: Infestation|[of] p1a: Toxapex
|
|-heal|p2a: Heatran|17/100|[from] item: Leftovers
|-damage|p2a: Heatran|4/100|[from] move: Infestation|[partiallytrapped]
|upkeep
|turn|41
|
|t:|1758288080
|move|p2a: Heatran|Substitute|p2a: Heatran
|-fail|p2a: Heatran|move: Substitute|[weak]
|move|p1a: Toxapex|Infestation|p2a: Heatran
|-resisted|p2a: Heatran
|-damage|p2a: Heatran|4/100
|
|-heal|p2a: Heatran|10/100|[from] item: Leftovers
|-damage|p2a: Heatran|0 fnt|[from] move: Infestation|[partiallytrapped]
|faint|p2a: Heatran
|upkeep
|
|t:|1758288083
|switch|p2a: Zamazenta|Zamazenta|73/100
|-damage|p2a: Zamazenta|56/100|[from] Spikes
|turn|42
|c|☆tateredprince|the burn was mad rough im sorry
|
|t:|1758288098
|move|p2a: Zamazenta|Iron Defense|p2a: Zamazenta
|-boost|p2a: Zamazenta|def|2
|move|p1a: Toxapex|Infestation|p2a: Zamazenta
|-resisted|p2a: Zamazenta
|-damage|p2a: Zamazenta|55/100
|-activate|p2a: Zamazenta|move: Infestation|[of] p1a: Toxapex
|
|-heal|p2a: Zamazenta|61/100|[from] item: Leftovers
|-damage|p2a: Zamazenta|49/100|[from] move: Infestation|[partiallytrapped]
|-end|p1a: Toxapex|move: Taunt
|upkeep
|turn|43
|
|t:|1758288107
|move|p1a: Toxapex|Toxic|p2a: Zamazenta
|-status|p2a: Zamazenta|tox
|move|p2a: Zamazenta|Roar|p1a: Toxapex
|drag|p1a: Ditto|Ditto|39/100
|-transform|p1a: Ditto|p2a: Zamazenta|[from] ability: Imposter
|-ability|p1a: Ditto|Dauntless Shield|boost
|-boost|p1a: Ditto|def|1
|
|-heal|p2a: Zamazenta|55/100 tox|[from] item: Leftovers
|-damage|p2a: Zamazenta|49/100 tox|[from] psn
|-end|p2a: Zamazenta|Infestation|[partiallytrapped]|[silent]
|upkeep
|turn|44
|-message|Absetia forfeited.
|
|win|tateredprince
|raw|tateredprince's rating: 1396 &rarr; <strong>1414</strong><br />(+18 for winning)
|raw|Absetia's rating: 1358 &rarr; <strong>1340</strong><br />(-18 for losing)
|l|☆Absetia
|player|p2|
