|j|☆Pem779567 phone
|j|☆Carpe Toadem
|t:|1758272917
|gametype|singles
|player|p1|Pem779567 phone|2|1282
|player|p2|Carpe Toadem|blue|1357
|gen|9
|tier|[Gen 9] OU
|rated|
|rule|HP Percentage Mod: HP is shown in percentages
|rule|Endless Battle Clause: Forcing endless battles is banned
|rule|Species Clause: Limit one of each Pokémon
|rule|OHKO Clause: OHKO moves are banned
|rule|Evasion Items Clause: Evasion items are banned
|rule|Evasion Moves Clause: Evasion moves are banned
|rule|Evasion Abilities Clause: Evasion abilities are banned
|rule|Sleep Moves Clause: Sleep-inducing moves are banned
|clearpoke
|poke|p1|Flygon, F|
|poke|p1|Entei|
|poke|p1|Mienshao, M|
|poke|p1|Vaporeon, M|
|poke|p1|Ninetales-Alola, F|
|poke|p1|Metagross|
|poke|p2|Zapdos|
|poke|p2|Pelipper, M|
|poke|p2|Iron Crown|
|poke|p2|Garganacl, F|
|poke|p2|Enamorus-Therian, F|
|poke|p2|Barraskewda, M|
|teampreview
|inactive|Battle timer is ON: inactive players will automatically lose when time's up. (requested by Carpe Toadem)
|inactive|Pem779567 phone has 120 seconds left.
|
|t:|1758272948
|teamsize|p1|6
|teamsize|p2|6
|start
|switch|p1a: Metagross|Metagross|100/100
|switch|p2a: Iron Crown|Iron Crown|100/100
|turn|1
|
|t:|1758272954
|switch|p1a: Ninetales|Ninetales-Alola, F|100/100
|-weather|Snowscape|[from] ability: Snow Warning|[of] p1a: Ninetales
|move|p2a: Iron Crown|Volt Switch|p1a: Ninetales
|-damage|p1a: Ninetales|72/100
|
|t:|1758272957
|-end|p2a: Iron Crown|Quark Drive|[silent]
|switch|p2a: Pelipper|Pelipper, M|100/100|[from] Volt Switch
|-weather|RainDance|[from] ability: Drizzle|[of] p2a: Pelipper
|
|-weather|RainDance|[upkeep]
|upkeep
|turn|2
|
|t:|1758272964
|switch|p2a: Iron Crown|Iron Crown|100/100
|move|p1a: Ninetales|Freeze-Dry|p2a: Iron Crown
|-resisted|p2a: Iron Crown
|-damage|p2a: Iron Crown|91/100
|
|-weather|RainDance|[upkeep]
|upkeep
|turn|3
|
|t:|1758272970
|move|p1a: Ninetales|Blizzard|p2a: Iron Crown
|-resisted|p2a: Iron Crown
|-damage|p2a: Iron Crown|77/100
|move|p2a: Iron Crown|Future Sight|p1a: Ninetales
|-start|p2a: Iron Crown|move: Future Sight
|
|-weather|RainDance|[upkeep]
|upkeep
|turn|4
|
|t:|1758272977
|move|p1a: Ninetales|Moonblast|p2a: Iron Crown
|-resisted|p2a: Iron Crown
|-damage|p2a: Iron Crown|64/100
|move|p2a: Iron Crown|Tachyon Cutter|p1a: Ninetales
|-supereffective|p1a: Ninetales
|-damage|p1a: Ninetales|0 fnt
|faint|p1a: Ninetales
|-hitcount|p1: Ninetales|1
|
|-weather|RainDance|[upkeep]
|upkeep
|
|t:|1758272991
|switch|p1a: Mienshao|Mienshao, M|100/100
|turn|5
|
|t:|1758272996
|-end|p2a: Iron Crown|Quark Drive|[silent]
|switch|p2a: Enamorus|Enamorus-Therian, F|100/100
|move|p1a: Mienshao|Fake Out|p2a: Enamorus
|-damage|p2a: Enamorus|88/100
|
|-weather|RainDance|[upkeep]
|-end|p1a: Mienshao|move: Future Sight
|-supereffective|p1a: Mienshao
|-enditem|p1a: Mienshao|Focus Sash
|-damage|p1a: Mienshao|1/100
|upkeep
|turn|6
|
|t:|1758273004
|move|p1a: Mienshao|Knock Off|p2a: Enamorus
|-resisted|p2a: Enamorus
|-damage|p2a: Enamorus|74/100
|-enditem|p2a: Enamorus|Choice Specs|[from] move: Knock Off|[of] p1a: Mienshao
|move|p2a: Enamorus|Draining Kiss|p1a: Mienshao
|-supereffective|p1a: Mienshao
|-damage|p1a: Mienshao|0 fnt
|-heal|p2a: Enamorus|74/100|[from] drain|[of] p1a: Mienshao
|faint|p1a: Mienshao
|
|-weather|RainDance|[upkeep]
|upkeep
|
|t:|1758273014
|switch|p1a: Metagross|Metagross|100/100
|turn|7
|
|t:|1758273021
|switch|p2a: Zapdos|Zapdos|100/100
|move|p1a: Metagross|Meteor Mash|p2a: Zapdos
|-resisted|p2a: Zapdos
|-damage|p2a: Zapdos|82/100
|
|-weather|RainDance|[upkeep]
|upkeep
|turn|8
|
|t:|1758273028
|move|p2a: Zapdos|Charge|p2a: Zapdos
|-boost|p2a: Zapdos|spd|1
|-start|p2a: Zapdos|Charge
|move|p1a: Metagross|Ice Punch|p2a: Zapdos
|-supereffective|p2a: Zapdos
|-damage|p2a: Zapdos|40/100
|
|-weather|none
|upkeep
|turn|9
|
|t:|1758273036
|move|p2a: Zapdos|Roost|p2a: Zapdos
|-heal|p2a: Zapdos|91/100
|-singleturn|p2a: Zapdos|move: Roost
|move|p1a: Metagross|Ice Punch|p2a: Zapdos
|-damage|p2a: Zapdos|71/100
|-status|p1a: Metagross|par|[from] ability: Static|[of] p2a: Zapdos
|
|upkeep
|turn|10
|
|t:|1758273044
|move|p2a: Zapdos|Discharge|p1a: Metagross
|-damage|p1a: Metagross|28/100 par
|-end|p2a: Zapdos|Charge|[silent]
|move|p1a: Metagross|Ice Punch|p2a: Zapdos
|-supereffective|p2a: Zapdos
|-damage|p2a: Zapdos|26/100
|
|upkeep
|turn|11
|
|t:|1758273052
|move|p1a: Metagross|Bullet Punch|p2a: Zapdos
|-resisted|p2a: Zapdos
|-damage|p2a: Zapdos|18/100
|move|p2a: Zapdos|Roost|p2a: Zapdos
|-heal|p2a: Zapdos|68/100
|-singleturn|p2a: Zapdos|move: Roost
|
|upkeep
|turn|12
|
|t:|1758273057
|move|p2a: Zapdos|Discharge|p1a: Metagross
|-damage|p1a: Metagross|0 fnt
|faint|p1a: Metagross
|
|upkeep
|
|t:|1758273064
|switch|p1a: Entei|Entei|100/100
|turn|13
|
|t:|1758273068
|switch|p2a: Pelipper|Pelipper, M|100/100
|-weather|RainDance|[from] ability: Drizzle|[of] p2a: Pelipper
|move|p1a: Entei|Stone Edge|p2a: Pelipper
|-supereffective|p2a: Pelipper
|-damage|p2a: Pelipper|47/100
|
|-weather|RainDance|[upkeep]
|upkeep
|turn|14
|
|t:|1758273079
|switch|p2a: Iron Crown|Iron Crown|64/100
|move|p1a: Entei|Stone Edge|p2a: Iron Crown
|-resisted|p2a: Iron Crown
|-crit|p2a: Iron Crown
|-damage|p2a: Iron Crown|36/100
|
|-weather|RainDance|[upkeep]
|upkeep
|turn|15
|
|t:|1758273084
|move|p1a: Entei|Sacred Fire|p2a: Iron Crown|[miss]
|-miss|p1a: Entei|p2a: Iron Crown
|move|p2a: Iron Crown|Future Sight|p1a: Entei
|-start|p2a: Iron Crown|move: Future Sight
|
|-weather|RainDance|[upkeep]
|upkeep
|turn|16
|
|t:|1758273091
|move|p1a: Entei|Sacred Fire|p2a: Iron Crown
|-supereffective|p2a: Iron Crown
|-damage|p2a: Iron Crown|0 fnt
|faint|p2a: Iron Crown
|-end|p2a: Iron Crown|Quark Drive|[silent]
|
|-weather|RainDance|[upkeep]
|upkeep
|
|t:|1758273093
|switch|p2a: Barraskewda|Barraskewda, M|100/100
|turn|17
|
|t:|1758273108
|move|p2a: Barraskewda|Poison Jab|p1a: Entei
|-damage|p1a: Entei|56/100
|move|p1a: Entei|Sacred Fire|p2a: Barraskewda
|-resisted|p2a: Barraskewda
|-damage|p2a: Barraskewda|78/100
|
|-weather|RainDance|[upkeep]
|-end|p1a: Entei|move: Future Sight
|-damage|p1a: Entei|0 fnt
|faint|p1a: Entei
|upkeep
|
|t:|1758273128
|switch|p1a: Flygon|Flygon, F|100/100
|turn|18
|
|t:|1758273140
|switch|p2a: Zapdos|Zapdos|68/100
|move|p1a: Flygon|Dragon Dance|p1a: Flygon
|-boost|p1a: Flygon|atk|1
|-boost|p1a: Flygon|spe|1
|
|-weather|RainDance|[upkeep]
|upkeep
|turn|19
|
|t:|1758273149
|-terastallize|p1a: Flygon|Electric
|move|p1a: Flygon|Dragon Dance|p1a: Flygon
|-boost|p1a: Flygon|atk|1
|-boost|p1a: Flygon|spe|1
|move|p2a: Zapdos|Hurricane|p1a: Flygon
|-resisted|p1a: Flygon
|-damage|p1a: Flygon|67/100
|
|-weather|RainDance|[upkeep]
|upkeep
|turn|20
|
|t:|1758273158
|move|p1a: Flygon|Dragon Claw|p2a: Zapdos
|-damage|p2a: Zapdos|16/100
|move|p2a: Zapdos|Hurricane|p1a: Flygon
|-resisted|p1a: Flygon
|-damage|p1a: Flygon|34/100
|
|-weather|none
|upkeep
|turn|21
|
|t:|1758273173
|move|p1a: Flygon|Dragon Claw|p2a: Zapdos
|-damage|p2a: Zapdos|0 fnt
|faint|p2a: Zapdos
|
|upkeep
|
|t:|1758273177
|switch|p2a: Pelipper|Pelipper, M|47/100
|-weather|RainDance|[from] ability: Drizzle|[of] p2a: Pelipper
|turn|22
|
|t:|1758273188
|move|p1a: Flygon|Thunder Punch|p2a: Pelipper
|-supereffective|p2a: Pelipper
|-damage|p2a: Pelipper|0 fnt
|faint|p2a: Pelipper
|
|-weather|RainDance|[upkeep]
|upkeep
|
|t:|1758273191
|switch|p2a: Barraskewda|Barraskewda, M|78/100
|turn|23
|
|t:|1758273199
|move|p2a: Barraskewda|Liquidation|p1a: Flygon
|-damage|p1a: Flygon|0 fnt
|faint|p1a: Flygon
|
|-weather|RainDance|[upkeep]
|upkeep
|
|t:|1758273202
|switch|p1a: Vaporeon|Vaporeon, M|100/100
|turn|24
|
|t:|1758273208
|move|p2a: Barraskewda|Liquidation|p1a: Vaporeon
|-immune|p1a: Vaporeon|[from] ability: Water Absorb
|move|p1a: Vaporeon|Acid Armor|p1a: Vaporeon
|-boost|p1a: Vaporeon|def|2
|
|-weather|RainDance|[upkeep]
|upkeep
|turn|25
|
|t:|1758273212
|switch|p2a: Garganacl|Garganacl, F|100/100
|move|p1a: Vaporeon|Aqua Ring|p1a: Vaporeon
|-start|p1a: Vaporeon|Aqua Ring
|
|-weather|RainDance|[upkeep]
|upkeep
|turn|26
|
|t:|1758273216
|move|p1a: Vaporeon|Calm Mind|p1a: Vaporeon
|-boost|p1a: Vaporeon|spa|1
|-boost|p1a: Vaporeon|spd|1
|move|p2a: Garganacl|Salt Cure|p1a: Vaporeon
|-damage|p1a: Vaporeon|92/100
|-start|p1a: Vaporeon|Salt Cure
|
|-weather|RainDance|[upkeep]
|-heal|p1a: Vaporeon|98/100|[from] item: Leftovers
|-heal|p1a: Vaporeon|100/100|[from] Aqua Ring
|-damage|p1a: Vaporeon|75/100|[from] Salt Cure
|upkeep
|turn|27
|
|t:|1758273221
|move|p1a: Vaporeon|Calm Mind|p1a: Vaporeon
|-boost|p1a: Vaporeon|spa|1
|-boost|p1a: Vaporeon|spd|1
|move|p2a: Garganacl|Body Press|p1a: Vaporeon
|-damage|p1a: Vaporeon|64/100
|
|-weather|RainDance|[upkeep]
|-heal|p1a: Vaporeon|70/100|[from] item: Leftovers
|-heal|p1a: Vaporeon|76/100|[from] Aqua Ring
|-damage|p1a: Vaporeon|51/100|[from] Salt Cure
|upkeep
|turn|28
|
|t:|1758273224
|move|p1a: Vaporeon|Surf|p2a: Garganacl
|-supereffective|p2a: Garganacl
|-damage|p2a: Garganacl|0 fnt
|faint|p2a: Garganacl
|
|-weather|RainDance|[upkeep]
|-heal|p1a: Vaporeon|57/100|[from] item: Leftovers
|-heal|p1a: Vaporeon|64/100|[from] Aqua Ring
|-damage|p1a: Vaporeon|39/100|[from] Salt Cure
|upkeep
|
|t:|1758273228
|switch|p2a: Barraskewda|Barraskewda, M|78/100
|turn|29
|
|t:|1758273232
|move|p2a: Barraskewda|Poison Jab|p1a: Vaporeon
|-damage|p1a: Vaporeon|13/100
|-status|p1a: Vaporeon|psn
|move|p1a: Vaporeon|Surf|p2a: Barraskewda
|-resisted|p2a: Barraskewda
|-damage|p2a: Barraskewda|0 fnt
|faint|p2a: Barraskewda
|
|-weather|none
|-heal|p1a: Vaporeon|19/100 psn|[from] item: Leftovers
|-heal|p1a: Vaporeon|25/100 psn|[from] Aqua Ring
|-damage|p1a: Vaporeon|13/100 psn|[from] psn
|-damage|p1a: Vaporeon|0 fnt|[from] Salt Cure
|faint|p1a: Vaporeon
|
|win|Carpe Toadem
|raw|Pem779567 phone's rating: 1282 &rarr; <strong>1262</strong><br />(-20 for losing)
|raw|Carpe Toadem's rating: 1357 &rarr; <strong>1373</strong><br />(+16 for winning)
|l|☆Pem779567 phone
|player|p1|
|c|☆Carpe Toadem|Gg
|l|☆Carpe Toadem
|player|p2|
