|j|☆dolphinc10
|j|☆FantasticBoxes123
|t:|1758244239
|gametype|singles
|player|p1|dolphinc10|fantina|1255
|player|p2|FantasticBoxes123|169|1263
|gen|9
|tier|[Gen 9] OU
|rated|
|rule|HP Percentage Mod: HP is shown in percentages
|rule|Endless Battle Clause: Forcing endless battles is banned
|rule|Species Clause: Limit one of each Pokémon
|rule|OHKO Clause: OHKO moves are banned
|rule|Evasion Items Clause: Evasion items are banned
|rule|Evasion Moves Clause: Evasion moves are banned
|rule|Evasion Abilities Clause: Evasion abilities are banned
|rule|Sleep Moves Clause: Sleep-inducing moves are banned
|clearpoke
|poke|p1|Torkoal, F|
|poke|p1|Shiftry, M|
|poke|p1|Alomomola, F|
|poke|p1|Walking Wake|
|poke|p1|Great Tusk|
|poke|p1|Tornadus-Therian, M|
|poke|p2|Dragonite, F|
|poke|p2|Zamazenta-*|
|poke|p2|Landorus-Therian, M|
|poke|p2|Gholdengo|
|poke|p2|Darkrai|
|poke|p2|Hatterene, F|
|teampreview
|
|t:|1758244256
|teamsize|p1|6
|teamsize|p2|6
|start
|switch|p1a: Torkoal|Torkoal, F|100/100
|switch|p2a: Zamazenta|Zamazenta|100/100
|-ability|p2a: Zamazenta|Dauntless Shield|boost
|-boost|p2a: Zamazenta|def|1
|-weather|SunnyDay|[from] ability: Drought|[of] p1a: Torkoal
|turn|1
|
|t:|1758244266
|move|p2a: Zamazenta|Iron Defense|p2a: Zamazenta
|-boost|p2a: Zamazenta|def|2
|move|p1a: Torkoal|Eruption|p2a: Zamazenta
|-damage|p2a: Zamazenta|18/100
|
|-weather|SunnyDay|[upkeep]
|-heal|p2a: Zamazenta|24/100|[from] item: Leftovers
|upkeep
|turn|2
|
|t:|1758244279
|move|p2a: Zamazenta|Body Press|p1a: Torkoal
|-damage|p1a: Torkoal|35/100
|move|p1a: Torkoal|Flamethrower|p2a: Zamazenta
|-damage|p2a: Zamazenta|0 fnt
|faint|p2a: Zamazenta
|
|-weather|SunnyDay|[upkeep]
|upkeep
|
|t:|1758244288
|switch|p2a: Dragonite|Dragonite, F|100/100
|turn|3
|
|t:|1758244291
|move|p2a: Dragonite|Dragon Dance|p2a: Dragonite
|-boost|p2a: Dragonite|atk|1
|-boost|p2a: Dragonite|spe|1
|move|p1a: Torkoal|Flamethrower|p2a: Dragonite
|-resisted|p2a: Dragonite
|-damage|p2a: Dragonite|84/100
|
|-weather|SunnyDay|[upkeep]
|upkeep
|turn|4
|
|t:|1758244300
|move|p2a: Dragonite|Dragon Dance|p2a: Dragonite
|-boost|p2a: Dragonite|atk|1
|-boost|p2a: Dragonite|spe|1
|move|p1a: Torkoal|Stealth Rock|p2a: Dragonite
|-sidestart|p2: FantasticBoxes123|move: Stealth Rock
|
|-weather|SunnyDay|[upkeep]
|upkeep
|turn|5
|
|t:|1758244309
|move|p2a: Dragonite|Dragon Dance|p2a: Dragonite
|-boost|p2a: Dragonite|atk|1
|-boost|p2a: Dragonite|spe|1
|move|p1a: Torkoal|Flamethrower|p2a: Dragonite
|-resisted|p2a: Dragonite
|-damage|p2a: Dragonite|56/100
|
|-weather|SunnyDay|[upkeep]
|upkeep
|turn|6
|
|t:|1758244324
|switch|p1a: Alomomola|Alomomola, F|100/100
|move|p2a: Dragonite|Extreme Speed|p1a: Alomomola
|-damage|p1a: Alomomola|65/100
|-damage|p2a: Dragonite|39/100|[from] item: Rocky Helmet|[of] p1a: Alomomola
|
|-weather|SunnyDay|[upkeep]
|upkeep
|turn|7
|
|t:|1758244336
|-terastallize|p2a: Dragonite|Flying
|move|p2a: Dragonite|Tera Blast|p1a: Alomomola|[anim] Tera Blast Flying
|-damage|p1a: Alomomola|0 fnt
|faint|p1a: Alomomola
|
|-weather|SunnyDay|[upkeep]
|upkeep
|
|t:|1758244342
|switch|p1a: Great Tusk|Great Tusk|100/100
|-activate|p1a: Great Tusk|ability: Protosynthesis
|-start|p1a: Great Tusk|protosynthesisdef
|turn|8
|
|t:|1758244349
|-terastallize|p1a: Great Tusk|Ghost
|move|p2a: Dragonite|Tera Blast|p1a: Great Tusk|[anim] Tera Blast Flying
|-damage|p1a: Great Tusk|46/100
|move|p1a: Great Tusk|Ice Spinner|p2a: Dragonite
|-supereffective|p2a: Dragonite
|-damage|p2a: Dragonite|0 fnt
|faint|p2a: Dragonite
|
|-weather|none
|-end|p1a: Great Tusk|Protosynthesis
|-heal|p1a: Great Tusk|52/100|[from] item: Leftovers
|upkeep
|
|t:|1758244362
|switch|p2a: Darkrai|Darkrai|100/100
|turn|9
|
|t:|1758244366
|-end|p1a: Great Tusk|Protosynthesis|[silent]
|switch|p1a: Torkoal|Torkoal, F|35/100
|-weather|SunnyDay|[from] ability: Drought|[of] p1a: Torkoal
|move|p2a: Darkrai|Dark Pulse|p1a: Torkoal
|-damage|p1a: Torkoal|0 fnt
|faint|p1a: Torkoal
|
|-weather|SunnyDay|[upkeep]
|upkeep
|
|t:|1758244375
|switch|p1a: Tornadus|Tornadus-Therian, M|100/100
|turn|10
|
|t:|1758244383
|move|p2a: Darkrai|Ice Beam|p1a: Tornadus
|-supereffective|p1a: Tornadus
|-damage|p1a: Tornadus|64/100
|move|p1a: Tornadus|Heat Wave|p2a: Darkrai
|-damage|p2a: Darkrai|52/100
|-status|p2a: Darkrai|brn
|
|-weather|SunnyDay|[upkeep]
|-damage|p2a: Darkrai|46/100 brn|[from] brn
|upkeep
|turn|11
|
|t:|1758244397
|move|p2a: Darkrai|Ice Beam|p1a: Tornadus
|-supereffective|p1a: Tornadus
|-damage|p1a: Tornadus|32/100
|move|p1a: Tornadus|U-turn|p2a: Darkrai
|-supereffective|p2a: Darkrai
|-damage|p2a: Darkrai|13/100 brn
|
|t:|1758244407
|switch|p1a: Walking Wake|Walking Wake|100/100|[from] U-turn
|-activate|p1a: Walking Wake|ability: Protosynthesis
|-start|p1a: Walking Wake|protosynthesisspe
|
|-weather|SunnyDay|[upkeep]
|-damage|p2a: Darkrai|7/100 brn|[from] brn
|upkeep
|turn|12
|
|t:|1758244417
|move|p1a: Walking Wake|Weather Ball|p2a: Darkrai
|-damage|p2a: Darkrai|0 fnt
|faint|p2a: Darkrai
|
|-weather|SunnyDay|[upkeep]
|upkeep
|
|t:|1758244423
|switch|p2a: Hatterene|Hatterene, F|100/100
|-damage|p2a: Hatterene|88/100|[from] Stealth Rock
|turn|13
|
|t:|1758244428
|move|p1a: Walking Wake|Weather Ball|p2a: Hatterene
|-damage|p2a: Hatterene|41/100
|move|p2a: Hatterene|Draining Kiss|p1a: Walking Wake
|-supereffective|p1a: Walking Wake
|-damage|p1a: Walking Wake|43/100
|-heal|p2a: Hatterene|87/100|[from] drain|[of] p1a: Walking Wake
|
|-weather|SunnyDay|[upkeep]
|upkeep
|turn|14
|
|t:|1758244437
|-end|p1a: Walking Wake|Protosynthesis|[silent]
|switch|p1a: Tornadus|Tornadus-Therian, M|66/100
|move|p2a: Hatterene|Draining Kiss|p1a: Tornadus
|-damage|p1a: Tornadus|50/100
|-heal|p2a: Hatterene|99/100|[from] drain|[of] p1a: Tornadus
|
|-weather|SunnyDay|[upkeep]
|upkeep
|turn|15
|
|t:|1758244449
|move|p1a: Tornadus|Bleakwind Storm|p2a: Hatterene
|-damage|p2a: Hatterene|70/100
|move|p2a: Hatterene|Draining Kiss|p1a: Tornadus
|-damage|p1a: Tornadus|33/100
|-heal|p2a: Hatterene|82/100|[from] drain|[of] p1a: Tornadus
|
|-weather|SunnyDay|[upkeep]
|upkeep
|turn|16
|
|t:|1758244457
|move|p1a: Tornadus|Bleakwind Storm|p2a: Hatterene
|-crit|p2a: Hatterene
|-damage|p2a: Hatterene|37/100
|move|p2a: Hatterene|Draining Kiss|p1a: Tornadus
|-damage|p1a: Tornadus|17/100
|-heal|p2a: Hatterene|48/100|[from] drain|[of] p1a: Tornadus
|
|-weather|none
|upkeep
|turn|17
|
|t:|1758244471
|switch|p2a: Landorus|Landorus-Therian, M|100/100
|-damage|p2a: Landorus|88/100|[from] Stealth Rock
|-ability|p2a: Landorus|Intimidate|boost
|-unboost|p1a: Tornadus|atk|1
|move|p1a: Tornadus|U-turn|p2a: Landorus
|-resisted|p2a: Landorus
|-damage|p2a: Landorus|84/100
|-damage|p1a: Tornadus|0 fnt|[from] item: Rocky Helmet|[of] p2a: Landorus
|faint|p1a: Tornadus
|
|upkeep
|
|t:|1758244482
|switch|p1a: Walking Wake|Walking Wake|43/100
|turn|18
|
|t:|1758244494
|move|p1a: Walking Wake|Hydro Steam|p2a: Landorus
|-supereffective|p2a: Landorus
|-damage|p2a: Landorus|0 fnt
|faint|p2a: Landorus
|
|upkeep
|
|t:|1758244499
|switch|p2a: Gholdengo|Gholdengo|100/100
|-damage|p2a: Gholdengo|94/100|[from] Stealth Rock
|turn|19
|
|t:|1758244505
|move|p1a: Walking Wake|Hydro Steam|p2a: Gholdengo
|-damage|p2a: Gholdengo|34/100
|move|p2a: Gholdengo|Thunderbolt|p1a: Walking Wake
|-damage|p1a: Walking Wake|6/100
|
|upkeep
|turn|20
|
|t:|1758244514
|move|p1a: Walking Wake|Hydro Steam|p2a: Gholdengo
|-damage|p2a: Gholdengo|0 fnt
|faint|p2a: Gholdengo
|
|upkeep
|
|t:|1758244519
|switch|p2a: Hatterene|Hatterene, F|48/100
|-damage|p2a: Hatterene|36/100|[from] Stealth Rock
|turn|21
|
|t:|1758244523
|move|p1a: Walking Wake|Hydro Steam|p2a: Hatterene
|-damage|p2a: Hatterene|1/100
|move|p2a: Hatterene|Draining Kiss|p1a: Walking Wake
|-supereffective|p1a: Walking Wake
|-damage|p1a: Walking Wake|0 fnt
|-heal|p2a: Hatterene|6/100|[from] drain|[of] p1a: Walking Wake
|faint|p1a: Walking Wake
|-end|p1a: Walking Wake|Protosynthesis|[silent]
|
|upkeep
|
|t:|1758244526
|switch|p1a: Shiftry|Shiftry, M|100/100
|turn|22
|
|t:|1758244534
|move|p1a: Shiftry|Explosion|p2a: Hatterene
|-damage|p2a: Hatterene|0 fnt
|faint|p1a: Shiftry
|faint|p2a: Hatterene
|
|win|dolphinc10
|raw|dolphinc10's rating: 1255 &rarr; <strong>1281</strong><br />(+26 for winning)
|raw|FantasticBoxes123's rating: 1263 &rarr; <strong>1237</strong><br />(-26 for losing)
|l|☆FantasticBoxes123
|player|p2|
|l|☆dolphinc10
|player|p1|
