|j|☆rebhorn02
|j|☆Juggperc1
|t:|1758364281
|gametype|singles
|player|p1|rebhorn02|2|1474
|player|p2|Juggperc1|camper|1457
|gen|9
|tier|[Gen 9] OU
|rated|
|rule|HP Percentage Mod: HP is shown in percentages
|rule|Endless Battle Clause: Forcing endless battles is banned
|rule|Species Clause: Limit one of each Pokémon
|rule|OHKO Clause: OHKO moves are banned
|rule|Evasion Items Clause: Evasion items are banned
|rule|Evasion Moves Clause: Evasion moves are banned
|rule|Evasion Abilities Clause: Evasion abilities are banned
|rule|Sleep Moves Clause: Sleep-inducing moves are banned
|clearpoke
|poke|p1|Tyranitar, M|
|poke|p1|Excadrill, M|
|poke|p1|Kingambit, F|
|poke|p1|Garchomp, M|
|poke|p1|Pecharunt|
|poke|p1|Rotom-Wash|
|poke|p2|Gardevoir, F|
|poke|p2|Ogerpon-Wellspring, F|
|poke|p2|Glimmora, F|
|poke|p2|Gliscor, F|
|poke|p2|Zamazenta-*|
|poke|p2|Weezing-Galar, M|
|teampreview
|inactive|Battle timer is ON: inactive players will automatically lose when time's up. (requested by Juggperc1)
|inactive|rebhorn02 has 120 seconds left.
|
|t:|1758364350
|teamsize|p1|6
|teamsize|p2|6
|start
|switch|p1a: Garchomp|Garchomp, M|100/100
|switch|p2a: Glimmora|Glimmora, F|100/100
|turn|1
|
|t:|1758364353
|move|p1a: Garchomp|Swords Dance|p1a: Garchomp
|-boost|p1a: Garchomp|atk|2
|move|p2a: Glimmora|Stealth Rock|p1a: Garchomp
|-sidestart|p1: rebhorn02|move: Stealth Rock
|
|upkeep
|turn|2
|
|t:|1758364359
|move|p1a: Garchomp|Scale Shot|p2a: Glimmora
|-damage|p2a: Glimmora|70/100
|-activate|p2a: Glimmora|ability: Toxic Debris
|-sidestart|p1: rebhorn02|move: Toxic Spikes
|-damage|p2a: Glimmora|38/100
|-activate|p2a: Glimmora|ability: Toxic Debris
|-sidestart|p1: rebhorn02|move: Toxic Spikes
|-damage|p2a: Glimmora|8/100
|-damage|p2a: Glimmora|0 fnt
|faint|p2a: Glimmora
|-hitcount|p2: Glimmora|4
|-unboost|p1a: Garchomp|def|1
|-boost|p1a: Garchomp|spe|1
|
|upkeep
|
|t:|1758364363
|switch|p2a: Weezing|Weezing-Galar, M|100/100
|-ability|p2a: Weezing|Neutralizing Gas
|-item|p2a: Weezing|Air Balloon
|turn|3
|
|t:|1758364370
|-terastallize|p1a: Garchomp|Fire
|move|p1a: Garchomp|Fire Fang|p2a: Weezing
|-damage|p2a: Weezing|56/100
|-enditem|p2a: Weezing|Air Balloon
|move|p2a: Weezing|Strange Steam|p1a: Garchomp
|-resisted|p1a: Garchomp
|-damage|p1a: Garchomp|86/100
|
|upkeep
|turn|4
|
|t:|1758364389
|move|p1a: Garchomp|Swords Dance|p1a: Garchomp
|-boost|p1a: Garchomp|atk|2
|move|p2a: Weezing|Sludge Wave|p1a: Garchomp
|-damage|p1a: Garchomp|52/100
|
|upkeep
|turn|5
|
|t:|1758364394
|move|p1a: Garchomp|Earthquake|p2a: Weezing
|-supereffective|p2a: Weezing
|-damage|p2a: Weezing|0 fnt
|faint|p2a: Weezing
|-end|p2a: Weezing|ability: Neutralizing Gas
|
|upkeep
|
|t:|1758364395
|switch|p2a: Zamazenta|Zamazenta|100/100
|-ability|p2a: Zamazenta|Dauntless Shield|boost
|-boost|p2a: Zamazenta|def|1
|turn|6
|
|t:|1758364403
|move|p1a: Garchomp|Scale Shot|p2a: Zamazenta
|-damage|p2a: Zamazenta|76/100
|-damage|p2a: Zamazenta|54/100
|-damage|p2a: Zamazenta|27/100
|-damage|p2a: Zamazenta|5/100
|-hitcount|p2a: Zamazenta|4
|-unboost|p1a: Garchomp|def|1
|-boost|p1a: Garchomp|spe|1
|move|p2a: Zamazenta|Close Combat|p1a: Garchomp
|-damage|p1a: Garchomp|0 fnt
|-unboost|p2a: Zamazenta|def|1
|-unboost|p2a: Zamazenta|spd|1
|-damage|p2a: Zamazenta|0 fnt|[from] ability: Rough Skin|[of] p1a: Garchomp
|faint|p1a: Garchomp
|faint|p2a: Zamazenta
|
|upkeep
|
|t:|1758364432
|switch|p2a: Gliscor|Gliscor, F|100/100
|switch|p1a: Rotom|Rotom-Wash|100/100
|-damage|p1a: Rotom|88/100|[from] Stealth Rock
|turn|7
|inactive|rebhorn02 has 120 seconds left.
|
|t:|1758364451
|switch|p2a: Gardevoir|Gardevoir, F|100/100
|-ability|p2a: Gardevoir|Levitate|Trace|[from] ability: Trace|[of] p1a: Rotom
|switch|p1a: Excadrill|Excadrill, M|100/100
|-damage|p1a: Excadrill|97/100|[from] Stealth Rock
|
|upkeep
|turn|8
|
|t:|1758364457
|move|p2a: Gardevoir|Trick|p1a: Excadrill
|-activate|p2a: Gardevoir|move: Trick|[of] p1a: Excadrill
|-item|p1a: Excadrill|Choice Scarf|[from] move: Trick
|-item|p2a: Gardevoir|Life Orb|[from] move: Trick
|move|p1a: Excadrill|Rapid Spin|p2a: Gardevoir
|-damage|p2a: Gardevoir|68/100
|-boost|p1a: Excadrill|spe|1
|-sideend|p1: rebhorn02|Toxic Spikes|[from] move: Rapid Spin|[of] p1a: Excadrill
|-sideend|p1: rebhorn02|Stealth Rock|[from] move: Rapid Spin|[of] p1a: Excadrill
|
|upkeep
|turn|9
|
|t:|1758364467
|switch|p1a: Tyranitar|Tyranitar, M|100/100
|-weather|Sandstorm|[from] ability: Sand Stream|[of] p1a: Tyranitar
|move|p2a: Gardevoir|Mystical Fire|p1a: Tyranitar
|-resisted|p1a: Tyranitar
|-damage|p1a: Tyranitar|94/100
|-unboost|p1a: Tyranitar|spa|1
|-damage|p2a: Gardevoir|58/100|[from] item: Life Orb
|
|-weather|Sandstorm|[upkeep]
|-damage|p2a: Gardevoir|52/100|[from] Sandstorm
|upkeep
|turn|10
|
|t:|1758364473
|move|p2a: Gardevoir|Moonblast|p1a: Tyranitar
|-supereffective|p1a: Tyranitar
|-damage|p1a: Tyranitar|45/100
|-unboost|p1a: Tyranitar|spa|1
|-damage|p2a: Gardevoir|42/100|[from] item: Life Orb
|move|p1a: Tyranitar|Knock Off|p2a: Gardevoir
|-damage|p2a: Gardevoir|0 fnt
|-enditem|p2a: Gardevoir|Life Orb|[from] move: Knock Off|[of] p1a: Tyranitar
|faint|p2a: Gardevoir
|
|-weather|Sandstorm|[upkeep]
|upkeep
|
|t:|1758364479
|switch|p2a: Gliscor|Gliscor, F|100/100
|turn|11
|
|t:|1758364492
|move|p2a: Gliscor|Swords Dance|p2a: Gliscor
|-boost|p2a: Gliscor|atk|2
|move|p1a: Tyranitar|Ice Beam|p2a: Gliscor
|-supereffective|p2a: Gliscor
|-damage|p2a: Gliscor|36/100
|
|-weather|Sandstorm|[upkeep]
|-status|p2a: Gliscor|tox|[from] item: Toxic Orb
|upkeep
|turn|12
|
|t:|1758364496
|move|p2a: Gliscor|Earthquake|p1a: Tyranitar
|-supereffective|p1a: Tyranitar
|-damage|p1a: Tyranitar|0 fnt
|faint|p1a: Tyranitar
|
|-weather|Sandstorm|[upkeep]
|-heal|p2a: Gliscor|48/100 tox|[from] ability: Poison Heal
|upkeep
|
|t:|1758364512
|switch|p1a: Rotom|Rotom-Wash|88/100
|turn|13
|
|t:|1758364515
|switch|p2a: Ogerpon|Ogerpon-Wellspring, F|100/100
|move|p1a: Rotom|Hydro Pump|p2a: Ogerpon
|-immune|p2a: Ogerpon|[from] ability: Water Absorb
|
|-weather|Sandstorm|[upkeep]
|-damage|p2a: Ogerpon|95/100|[from] Sandstorm
|-damage|p1a: Rotom|82/100|[from] Sandstorm
|-heal|p1a: Rotom|88/100|[from] item: Leftovers
|upkeep
|turn|14
|
|t:|1758364528
|switch|p1a: Pecharunt|Pecharunt|100/100
|-item|p1a: Pecharunt|Air Balloon
|move|p2a: Ogerpon|Swords Dance|p2a: Ogerpon
|-boost|p2a: Ogerpon|atk|2
|
|-weather|Sandstorm|[upkeep]
|-damage|p2a: Ogerpon|89/100|[from] Sandstorm
|-damage|p1a: Pecharunt|94/100|[from] Sandstorm
|upkeep
|turn|15
|
|t:|1758364534
|-terastallize|p2a: Ogerpon|Water
|detailschange|p2a: Ogerpon|Ogerpon-Wellspring-Tera, F, tera:Water
|-ability|p2a: Ogerpon|Embody Aspect (Wellspring)|boost
|-boost|p2a: Ogerpon|spd|1
|move|p2a: Ogerpon|Ivy Cudgel|p1a: Pecharunt|[anim] Ivy Cudgel Water
|-damage|p1a: Pecharunt|27/100
|-enditem|p1a: Pecharunt|Air Balloon
|move|p1a: Pecharunt|Malignant Chain|p2a: Ogerpon
|-damage|p2a: Ogerpon|66/100
|-status|p2a: Ogerpon|tox
|-start|p2a: Ogerpon|confusion|[from] ability: Poison Puppeteer|[of] p1a: Pecharunt
|
|-weather|Sandstorm|[upkeep]
|-damage|p2a: Ogerpon|60/100 tox|[from] Sandstorm
|-damage|p1a: Pecharunt|20/100|[from] Sandstorm
|-damage|p2a: Ogerpon|54/100 tox|[from] psn
|upkeep
|turn|16
|
|t:|1758364545
|-activate|p2a: Ogerpon|confusion
|-damage|p2a: Ogerpon|22/100 tox|[from] confusion
|move|p1a: Pecharunt|Malignant Chain|p2a: Ogerpon
|-damage|p2a: Ogerpon|0 fnt
|faint|p2a: Ogerpon
|detailschange|p2: Ogerpon|Ogerpon-Wellspring, F|[silent]
|
|-weather|none
|upkeep
|
|t:|1758364547
|switch|p2a: Gliscor|Gliscor, F|48/100 tox
|turn|17
|
|t:|1758364559
|move|p2a: Gliscor|Knock Off|p1a: Pecharunt
|-supereffective|p1a: Pecharunt
|-damage|p1a: Pecharunt|3/100
|move|p1a: Pecharunt|Shadow Ball|p2a: Gliscor
|-damage|p2a: Gliscor|14/100 tox
|
|-heal|p2a: Gliscor|27/100 tox|[from] ability: Poison Heal
|upkeep
|turn|18
|
|t:|1758364566
|move|p2a: Gliscor|Knock Off|p1a: Pecharunt
|-supereffective|p1a: Pecharunt
|-damage|p1a: Pecharunt|0 fnt
|faint|p1a: Pecharunt
|
|-heal|p2a: Gliscor|39/100 tox|[from] ability: Poison Heal
|upkeep
|
|t:|1758364576
|switch|p1a: Rotom|Rotom-Wash|88/100
|turn|19
|
|t:|1758364578
|move|p2a: Gliscor|Facade|p1a: Rotom
|-crit|p1a: Rotom
|-damage|p1a: Rotom|37/100
|move|p1a: Rotom|Hydro Pump|p2a: Gliscor
|-supereffective|p2a: Gliscor
|-damage|p2a: Gliscor|0 fnt
|faint|p2a: Gliscor
|
|win|rebhorn02
|raw|rebhorn02's rating: 1474 &rarr; <strong>1493</strong><br />(+19 for winning)
|raw|Juggperc1's rating: 1457 &rarr; <strong>1438</strong><br />(-19 for losing)
|l|☆Juggperc1
|player|p2|
|l|☆rebhorn02
|player|p1|
