|j|☆783456927834h
|j|☆Desert Tail
|t:|1758342516
|gametype|singles
|player|p1|783456927834h|169|1094
|player|p2|Desert Tail|169|1117
|gen|9
|tier|[Gen 9] OU
|rated|
|rule|HP Percentage Mod: HP is shown in percentages
|rule|Endless Battle Clause: Forcing endless battles is banned
|rule|Species Clause: Limit one of each Pokémon
|rule|OHKO Clause: OHKO moves are banned
|rule|Evasion Items Clause: Evasion items are banned
|rule|Evasion Moves Clause: Evasion moves are banned
|rule|Evasion Abilities Clause: Evasion abilities are banned
|rule|Sleep Moves Clause: Sleep-inducing moves are banned
|clearpoke
|poke|p1|Araquanid, M|
|poke|p1|Enamorus, F|
|poke|p1|Gliscor, M|
|poke|p1|Cinderace, M|
|poke|p1|Serperior, M|
|poke|p1|Dragapult, M|
|poke|p2|Raichu, F|
|poke|p2|Ninetales-Alola, M|
|poke|p2|Gallade, M|
|poke|p2|Crabominable, M|
|poke|p2|Sandaconda, M|
|poke|p2|Polteageist|
|teampreview
|
|t:|1758342531
|teamsize|p1|6
|teamsize|p2|6
|start
|switch|p1a: Araquanid|Araquanid, M|100/100
|switch|p2a: Goro|Raichu, F, shiny|100/100
|turn|1
|
|t:|1758342550
|move|p2a: Goro|Nasty Plot|p2a: Goro
|-boost|p2a: Goro|spa|2
|move|p1a: Araquanid|Sticky Web|p2a: Goro
|-sidestart|p2: Desert Tail|move: Sticky Web
|
|upkeep
|turn|2
|
|t:|1758342557
|move|p2a: Goro|Thunderbolt|p1a: Araquanid
|-supereffective|p1a: Araquanid
|-damage|p1a: Araquanid|23/100
|move|p1a: Araquanid|Hydro Pump|p2a: Goro
|-enditem|p2a: Goro|Focus Sash
|-damage|p2a: Goro|1/100
|
|-heal|p1a: Araquanid|29/100|[from] item: Leftovers
|upkeep
|turn|3
|
|t:|1758342571
|switch|p1a: Murder|Gliscor, M|100/100
|move|p2a: Goro|Thunderbolt|p1a: Murder
|-immune|p1a: Murder
|
|-status|p1a: Murder|tox|[from] item: Toxic Orb
|upkeep
|turn|4
|
|t:|1758342580
|move|p2a: Goro|Surf|p1a: Murder
|-supereffective|p1a: Murder
|-damage|p1a: Murder|5/100 tox
|move|p1a: Murder|Swords Dance|p1a: Murder
|-boost|p1a: Murder|atk|2
|
|-heal|p1a: Murder|17/100 tox|[from] ability: Poison Heal
|upkeep
|turn|5
|
|t:|1758342591
|move|p1a: Murder|Protect|p1a: Murder
|-singleturn|p1a: Murder|Protect
|move|p2a: Goro|Surf|p1a: Murder
|-activate|p1a: Murder|move: Protect
|
|-heal|p1a: Murder|29/100 tox|[from] ability: Poison Heal
|upkeep
|turn|6
|
|t:|1758342601
|move|p1a: Murder|Protect||[still]
|-fail|p1a: Murder
|move|p2a: Goro|Surf|p1a: Murder
|-supereffective|p1a: Murder
|-damage|p1a: Murder|0 fnt
|faint|p1a: Murder
|
|upkeep
|
|t:|1758342627
|switch|p1a: Buck Breaker|Enamorus, F|100/100
|turn|7
|
|t:|1758342634
|-terastallize|p1a: Buck Breaker|Steel
|move|p2a: Goro|Thunderbolt|p1a: Buck Breaker
|-damage|p1a: Buck Breaker|56/100
|move|p1a: Buck Breaker|Superpower|p2a: Goro
|-damage|p2a: Goro|0 fnt
|-boost|p1a: Buck Breaker|atk|1
|-boost|p1a: Buck Breaker|def|1
|faint|p2a: Goro
|
|upkeep
|
|t:|1758342645
|switch|p2a: Sin|Sandaconda, M, shiny|100/100
|-activate|p2a: Sin|move: Sticky Web
|-unboost|p2a: Sin|spe|1
|turn|8
|
|t:|1758342666
|switch|p1a: Serperior|Serperior, M|100/100
|move|p2a: Sin|Earthquake|p1a: Serperior
|-resisted|p1a: Serperior
|-damage|p1a: Serperior|68/100
|
|upkeep
|turn|9
|
|t:|1758342673
|move|p1a: Serperior|Leaf Storm|p2a: Sin
|-supereffective|p2a: Sin
|-damage|p2a: Sin|0 fnt
|-boost|p1a: Serperior|spa|2
|-weather|Sandstorm|[from] ability: Sand Spit|[of] p2a: Sin
|faint|p2a: Sin
|
|-weather|Sandstorm|[upkeep]
|-damage|p1a: Serperior|62/100|[from] Sandstorm
|upkeep
|
|t:|1758342686
|switch|p2a: Silver|Gallade, M, shiny|100/100
|-activate|p2a: Silver|move: Sticky Web
|-unboost|p2a: Silver|spe|1
|turn|10
|
|t:|1758342693
|-terastallize|p2a: Silver|Steel
|move|p1a: Serperior|Leaf Storm|p2a: Silver
|-resisted|p2a: Silver
|-damage|p2a: Silver|46/100
|-boost|p1a: Serperior|spa|2
|move|p2a: Silver|Agility|p2a: Silver
|-boost|p2a: Silver|spe|2
|
|-weather|Sandstorm|[upkeep]
|-damage|p1a: Serperior|56/100|[from] Sandstorm
|upkeep
|turn|11
|
|t:|1758342714
|move|p2a: Silver|Psycho Cut|p1a: Serperior
|-damage|p1a: Serperior|0 fnt
|faint|p1a: Serperior
|
|-weather|Sandstorm|[upkeep]
|upkeep
|
|t:|1758342731
|switch|p1a: Dragapult|Dragapult, M|100/100
|turn|12
|
|t:|1758342739
|move|p1a: Dragapult|Sucker Punch|p2a: Silver
|-damage|p2a: Silver|0 fnt
|faint|p2a: Silver
|-damage|p1a: Dragapult|91/100|[from] item: Life Orb
|
|-weather|Sandstorm|[upkeep]
|-damage|p1a: Dragapult|85/100|[from] Sandstorm
|upkeep
|
|t:|1758342750
|switch|p2a: MaleQueen|Ninetales-Alola, M, shiny|100/100
|-activate|p2a: MaleQueen|move: Sticky Web
|-unboost|p2a: MaleQueen|spe|1
|-weather|Snowscape|[from] ability: Snow Warning|[of] p2a: MaleQueen
|turn|13
|
|t:|1758342766
|switch|p2a: Polteageist|Polteageist, shiny|100/100
|-activate|p2a: Polteageist|move: Sticky Web
|-unboost|p2a: Polteageist|spe|1
|-enditem|p2a: Polteageist|White Herb
|-clearnegativeboost|p2a: Polteageist|[silent]
|move|p1a: Dragapult|Dragon Darts|p2a: Polteageist
|-damage|p2a: Polteageist|59/100
|-ability|p2a: Polteageist|Weak Armor|boost
|-unboost|p2a: Polteageist|def|1
|-boost|p2a: Polteageist|spe|2
|-anim|p1a: Dragapult|Dragon Darts|p2a: Polteageist
|-damage|p2a: Polteageist|0 fnt
|faint|p2a: Polteageist
|-damage|p1a: Dragapult|75/100|[from] item: Life Orb
|
|-weather|Snowscape|[upkeep]
|upkeep
|-message|Desert Tail forfeited.
|
|win|783456927834h
|raw|783456927834h's rating: 1094 &rarr; <strong>1122</strong><br />(+28 for winning)
|raw|Desert Tail's rating: 1117 &rarr; <strong>1090</strong><br />(-27 for losing)
|l|☆Desert Tail
|player|p2|
|l|☆783456927834h
|player|p1|
