|j|☆Averroes22
|j|☆thecascader34
|t:|1758318845
|gametype|singles
|player|p1|Averroes22|169|1181
|player|p2|thecascader34|diantha|1240
|gen|9
|tier|[Gen 9] OU
|rated|
|rule|HP Percentage Mod: HP is shown in percentages
|rule|Endless Battle Clause: Forcing endless battles is banned
|rule|Species Clause: Limit one of each Pokémon
|rule|OHKO Clause: OHKO moves are banned
|rule|Evasion Items Clause: Evasion items are banned
|rule|Evasion Moves Clause: Evasion moves are banned
|rule|Evasion Abilities Clause: Evasion abilities are banned
|rule|Sleep Moves Clause: Sleep-inducing moves are banned
|clearpoke
|poke|p1|Charizard, M|
|poke|p1|Great Tusk|
|poke|p1|Blissey, F|
|poke|p1|Dragapult, M|
|poke|p1|Articuno|
|poke|p1|Clefable, F|
|poke|p2|Kleavor, F|
|poke|p2|Braviary-Hisui, M|
|poke|p2|Arcanine-Hisui, F|
|poke|p2|Ursaluna, F|
|poke|p2|Zoroark-Hisui, F|
|poke|p2|Goodra-Hisui, F|
|teampreview
|
|t:|1758318861
|teamsize|p1|6
|teamsize|p2|6
|start
|switch|p1a: Dragapult|Dragapult, M|100/100
|switch|p2a: Kleavor|Kleavor, F|100/100
|turn|1
|
|t:|1758318869
|move|p1a: Dragapult|U-turn|p2a: Kleavor
|-damage|p2a: Kleavor|75/100
|
|t:|1758318872
|switch|p1a: Great Tusk|Great Tusk|100/100|[from] U-turn
|move|p2a: Kleavor|Night Slash|p1a: Great Tusk
|-resisted|p1a: Great Tusk
|-crit|p1a: Great Tusk
|-damage|p1a: Great Tusk|86/100
|-damage|p2a: Kleavor|59/100|[from] item: Rocky Helmet|[of] p1a: Great Tusk
|
|upkeep
|turn|2
|
|t:|1758318882
|switch|p2a: Braviary|Braviary-Hisui, M|100/100
|move|p1a: Great Tusk|Stealth Rock|p2a: Braviary
|-sidestart|p2: thecascader34|move: Stealth Rock
|
|upkeep
|turn|3
|
|t:|1758318891
|move|p1a: Great Tusk|Knock Off|p2a: Braviary
|-supereffective|p2a: Braviary
|-damage|p2a: Braviary|38/100
|-enditem|p2a: Braviary|Weakness Policy
|-boost|p2a: Braviary|atk|2|[from] item: Weakness Policy
|-boost|p2a: Braviary|spa|2|[from] item: Weakness Policy
|move|p2a: Braviary|Defog|p1a: Great Tusk
|-unboost|p1a: Great Tusk|evasion|1
|-sideend|p2: thecascader34|Stealth Rock|[from] move: Defog|[of] p2a: Braviary
|
|upkeep
|turn|4
|
|t:|1758318903
|-end|p1a: Great Tusk|Protosynthesis|[silent]
|switch|p1a: Blissey|Blissey, F|100/100
|move|p2a: Braviary|Esper Wing|p1a: Blissey
|-damage|p1a: Blissey|74/100
|-boost|p2a: Braviary|spe|1
|
|upkeep
|turn|5
|
|t:|1758318928
|move|p2a: Braviary|Esper Wing|p1a: Blissey
|-damage|p1a: Blissey|48/100
|-boost|p2a: Braviary|spe|1
|move|p1a: Blissey|Thunderbolt|p2a: Braviary
|-supereffective|p2a: Braviary
|-damage|p2a: Braviary|0 fnt
|faint|p2a: Braviary
|
|upkeep
|
|t:|1758318937
|switch|p2a: Ursaluna|Ursaluna, F|100/100
|turn|6
|
|t:|1758318945
|switch|p1a: Great Tusk|Great Tusk|86/100
|move|p2a: Ursaluna|Close Combat|p1a: Great Tusk
|-damage|p1a: Great Tusk|59/100
|-unboost|p2a: Ursaluna|def|1
|-unboost|p2a: Ursaluna|spd|1
|-damage|p2a: Ursaluna|84/100|[from] item: Rocky Helmet|[of] p1a: Great Tusk
|
|-status|p2a: Ursaluna|brn|[from] item: Flame Orb
|upkeep
|turn|7
|
|t:|1758318958
|move|p1a: Great Tusk|Stealth Rock|p2a: Ursaluna
|-sidestart|p2: thecascader34|move: Stealth Rock
|move|p2a: Ursaluna|Facade|p1a: Great Tusk
|-damage|p1a: Great Tusk|0 fnt
|-damage|p2a: Ursaluna|67/100 brn|[from] item: Rocky Helmet|[of] p1a: Great Tusk
|faint|p1a: Great Tusk
|-end|p1a: Great Tusk|Protosynthesis|[silent]
|
|-damage|p2a: Ursaluna|61/100 brn|[from] brn
|upkeep
|
|t:|1758318977
|switch|p1a: Clefable|Clefable, F|100/100
|turn|8
|
|t:|1758318988
|move|p1a: Clefable|Chilling Water|p2a: Ursaluna
|-supereffective|p2a: Ursaluna
|-damage|p2a: Ursaluna|38/100 brn
|-unboost|p2a: Ursaluna|atk|1
|move|p2a: Ursaluna|Facade|p1a: Clefable
|-damage|p1a: Clefable|0 fnt
|faint|p1a: Clefable
|
|-damage|p2a: Ursaluna|32/100 brn|[from] brn
|upkeep
|
|t:|1758319001
|switch|p1a: Dragapult|Dragapult, M|100/100
|turn|9
|
|t:|1758319027
|move|p1a: Dragapult|Dragon Darts|p2a: Ursaluna
|-damage|p2a: Ursaluna|8/100 brn
|-anim|p1a: Dragapult|Dragon Darts|p2a: Ursaluna
|-damage|p2a: Ursaluna|0 fnt
|faint|p2a: Ursaluna
|
|upkeep
|
|t:|1758319038
|switch|p2a: Kleavor|Kleavor, F|59/100
|-damage|p2a: Kleavor|34/100|[from] Stealth Rock
|turn|10
|
|t:|1758319050
|move|p1a: Dragapult|Dragon Darts|p2a: Kleavor
|-damage|p2a: Kleavor|6/100
|-anim|p1a: Dragapult|Dragon Darts|p2a: Kleavor
|-damage|p2a: Kleavor|0 fnt
|faint|p2a: Kleavor
|
|upkeep
|
|t:|1758319055
|switch|p2a: Goodra|Goodra-Hisui, F|100/100
|-damage|p2a: Goodra|88/100|[from] Stealth Rock
|turn|11
|
|t:|1758319079
|switch|p1a: Articuno|Articuno|100/100
|-ability|p1a: Articuno|Pressure
|move|p2a: Goodra|Shadow Ball|p1a: Articuno
|-damage|p1a: Articuno|80/100
|
|upkeep
|turn|12
|
|t:|1758319103
|move|p2a: Goodra|Hyper Voice|p1a: Articuno
|-damage|p1a: Articuno|57/100
|-enditem|p2a: Goodra|Throat Spray
|-boost|p2a: Goodra|spa|1|[from] item: Throat Spray
|move|p1a: Articuno|Freeze-Dry|p2a: Goodra
|-damage|p2a: Goodra|22/100
|replace|p2a: Zoroark|Zoroark-Hisui, F
|-end|p2a: Zoroark|Illusion
|
|upkeep
|turn|13
|
|t:|1758319141
|switch|p1a: Blissey|Blissey, F|48/100
|move|p2a: Zoroark|Psychic|p1a: Blissey
|-damage|p1a: Blissey|33/100
|
|upkeep
|turn|14
|
|t:|1758319147
|move|p2a: Zoroark|Hyper Voice|p1a: Blissey
|-damage|p1a: Blissey|12/100
|move|p1a: Blissey|Soft-Boiled|p1a: Blissey
|-heal|p1a: Blissey|62/100
|
|upkeep
|turn|15
|
|t:|1758319152
|move|p2a: Zoroark|Nasty Plot|p2a: Zoroark
|-boost|p2a: Zoroark|spa|2
|move|p1a: Blissey|Soft-Boiled|p1a: Blissey
|-heal|p1a: Blissey|100/100
|
|upkeep
|turn|16
|
|t:|1758319177
|move|p2a: Zoroark|Hyper Voice|p1a: Blissey
|-damage|p1a: Blissey|60/100
|move|p1a: Blissey|Thunderbolt|p2a: Zoroark
|-damage|p2a: Zoroark|0 fnt
|faint|p2a: Zoroark
|
|upkeep
|
|t:|1758319188
|switch|p2a: Goodra|Goodra-Hisui, F|100/100
|-damage|p2a: Goodra|94/100|[from] Stealth Rock
|turn|17
|
|t:|1758319216
|move|p1a: Blissey|Thunderbolt|p2a: Goodra
|-resisted|p2a: Goodra
|-damage|p2a: Goodra|90/100
|move|p2a: Goodra|Dragon Tail|p1a: Blissey
|-damage|p1a: Blissey|19/100
|drag|p1a: Dragapult|Dragapult, M|100/100
|
|upkeep
|turn|18
|
|t:|1758319229
|move|p1a: Dragapult|U-turn|p2a: Goodra
|-resisted|p2a: Goodra
|-damage|p2a: Goodra|79/100
|
|t:|1758319239
|switch|p1a: Blissey|Blissey, F|19/100|[from] U-turn
|move|p2a: Goodra|Ice Beam|p1a: Blissey
|-damage|p1a: Blissey|8/100
|
|upkeep
|turn|19
|
|t:|1758319246
|move|p1a: Blissey|Thunderbolt|p2a: Goodra
|-resisted|p2a: Goodra
|-damage|p2a: Goodra|74/100
|move|p2a: Goodra|Dragon Tail|p1a: Blissey
|-damage|p1a: Blissey|0 fnt
|faint|p1a: Blissey
|
|upkeep
|
|t:|1758319265
|switch|p1a: Articuno|Articuno|57/100
|-ability|p1a: Articuno|Pressure
|turn|20
|
|t:|1758319273
|move|p1a: Articuno|Freeze-Dry|p2a: Goodra
|-damage|p2a: Goodra|61/100
|move|p2a: Goodra|Flash Cannon|p1a: Articuno
|-supereffective|p1a: Articuno
|-damage|p1a: Articuno|16/100
|
|upkeep
|turn|21
|
|t:|1758319292
|switch|p2a: Arcanine|Arcanine-Hisui, F|100/100
|move|p1a: Articuno|U-turn|p2a: Arcanine
|-resisted|p2a: Arcanine
|-damage|p2a: Arcanine|92/100
|
|t:|1758319313
|switch|p1a: Dragapult|Dragapult, M|100/100|[from] U-turn
|
|upkeep
|turn|22
|
|t:|1758319323
|move|p1a: Dragapult|Dragon Darts|p2a: Arcanine
|-damage|p2a: Arcanine|61/100
|-anim|p1a: Dragapult|Dragon Darts|p2a: Arcanine
|-damage|p2a: Arcanine|33/100
|move|p2a: Arcanine|Head Smash|p1a: Dragapult|[miss]
|-miss|p2a: Arcanine|p1a: Dragapult
|
|upkeep
|turn|23
|c|☆thecascader34|:(
|
|t:|1758319334
|move|p1a: Dragapult|Dragon Darts|p2a: Arcanine
|-damage|p2a: Arcanine|7/100
|-anim|p1a: Dragapult|Dragon Darts|p2a: Arcanine
|-damage|p2a: Arcanine|0 fnt
|faint|p2a: Arcanine
|
|upkeep
|
|t:|1758319335
|switch|p2a: Goodra|Goodra-Hisui, F|61/100
|-damage|p2a: Goodra|55/100|[from] Stealth Rock
|turn|24
|
|t:|1758319344
|-terastallize|p1a: Dragapult|Dragon
|move|p1a: Dragapult|Dragon Darts|p2a: Goodra
|-damage|p2a: Goodra|26/100
|-anim|p1a: Dragapult|Dragon Darts|p2a: Goodra
|-damage|p2a: Goodra|0 fnt
|faint|p2a: Goodra
|
|win|Averroes22
|raw|Averroes22's rating: 1181 &rarr; <strong>1210</strong><br />(+29 for winning)
|raw|thecascader34's rating: 1240 &rarr; <strong>1211</strong><br />(-29 for losing)
|l|☆thecascader34
|player|p2|
|l|☆Averroes22
|player|p1|
