|j|☆rubisster
|j|☆NotUrGuyBuddy
|t:|1758375094
|gametype|singles
|player|p1|rubisster|guitarist|1414
|player|p2|NotUrGuyBuddy|266|1373
|gen|9
|tier|[Gen 9] OU
|rated|
|rule|HP Percentage Mod: HP is shown in percentages
|rule|Endless Battle Clause: Forcing endless battles is banned
|rule|Species Clause: Limit one of each Pokémon
|rule|OHKO Clause: OHKO moves are banned
|rule|Evasion Items Clause: Evasion items are banned
|rule|Evasion Moves Clause: Evasion moves are banned
|rule|Evasion Abilities Clause: Evasion abilities are banned
|rule|Sleep Moves Clause: Sleep-inducing moves are banned
|clearpoke
|poke|p1|Pelipper, F|
|poke|p1|Hatterene, F|
|poke|p1|Iron Treads|
|poke|p1|Toxicroak, F|
|poke|p1|Barraskewda, F|
|poke|p1|Zapdos|
|poke|p2|Heatran, M|
|poke|p2|Slaking, F|
|poke|p2|Primarina, F|
|poke|p2|Samurott-Hisui, M|
|poke|p2|Zapdos|
|poke|p2|Ogerpon-Cornerstone, F|
|teampreview
|inactive|Battle timer is ON: inactive players will automatically lose when time's up. (requested by NotUrGuyBuddy)
|
|t:|1758375101
|teamsize|p1|6
|teamsize|p2|6
|start
|switch|p1a: Pelipper|Pelipper, F|100/100
|switch|p2a: Rott|Samurott-Hisui, M|100/100
|-weather|RainDance|[from] ability: Drizzle|[of] p1a: Pelipper
|turn|1
|
|t:|1758375110
|move|p2a: Rott|Ceaseless Edge|p1a: Pelipper
|-damage|p1a: Pelipper|57/100
|-sidestart|p1: rubisster|Spikes
|move|p1a: Pelipper|U-turn|p2a: Rott
|-supereffective|p2a: Rott
|-damage|p2a: Rott|76/100
|
|t:|1758375118
|switch|p1a: Zapdos|Zapdos|100/100|[from] U-turn
|
|-weather|RainDance|[upkeep]
|upkeep
|turn|2
|
|t:|1758375136
|switch|p2a: Quail Eggs|Zapdos|100/100
|move|p1a: Zapdos|Volt Switch|p2a: Quail Eggs
|-damage|p2a: Quail Eggs|51/100
|
|t:|1758375157
|switch|p1a: Hatterene|Hatterene, F|100/100|[from] Volt Switch
|-damage|p1a: Hatterene|88/100|[from] Spikes
|
|-weather|RainDance|[upkeep]
|upkeep
|turn|3
|
|t:|1758375166
|move|p2a: Quail Eggs|Roost|p2a: Quail Eggs
|-heal|p2a: Quail Eggs|100/100
|-singleturn|p2a: Quail Eggs|move: Roost
|move|p1a: Hatterene|Psychic Noise|p2a: Quail Eggs
|-damage|p2a: Quail Eggs|69/100
|-start|p2a: Quail Eggs|move: Heal Block
|
|-weather|RainDance|[upkeep]
|upkeep
|turn|4
|
|t:|1758375176
|move|p2a: Quail Eggs|U-turn|p1a: Hatterene
|-damage|p1a: Hatterene|77/100
|-enditem|p1a: Hatterene|Eject Button
|
|t:|1758375185
|switch|p1a: Zapdos|Zapdos|100/100
|
|-weather|RainDance|[upkeep]
|-end|p2a: Quail Eggs|move: Heal Block
|upkeep
|turn|5
|
|t:|1758375192
|switch|p2a: Poggy|Ogerpon-Cornerstone, F|100/100
|move|p1a: Zapdos|Thunder|p2a: Poggy
|-resisted|p2a: Poggy
|-damage|p2a: Poggy|55/100
|
|-weather|RainDance|[upkeep]
|upkeep
|turn|6
|
|t:|1758375202
|switch|p1a: Iron Treads|Iron Treads|100/100
|-damage|p1a: Iron Treads|88/100|[from] Spikes
|move|p2a: Poggy|Ivy Cudgel|p1a: Iron Treads|[anim] Ivy Cudgel Rock
|-resisted|p1a: Iron Treads
|-damage|p1a: Iron Treads|78/100
|
|-weather|RainDance|[upkeep]
|-heal|p1a: Iron Treads|84/100|[from] item: Leftovers
|upkeep
|turn|7
|inactive|rubisster has 120 seconds left.
|
|t:|1758375233
|switch|p2a: Hotrans|Heatran, M|100/100
|move|p1a: Iron Treads|Rapid Spin|p2a: Hotrans
|-resisted|p2a: Hotrans
|-damage|p2a: Hotrans|95/100
|-boost|p1a: Iron Treads|spe|1
|-sideend|p1: rubisster|Spikes|[from] move: Rapid Spin|[of] p1a: Iron Treads
|
|-weather|RainDance|[upkeep]
|-heal|p1a: Iron Treads|90/100|[from] item: Leftovers
|-heal|p2a: Hotrans|100/100|[from] item: Leftovers
|upkeep
|turn|8
|
|t:|1758375244
|switch|p2a: Quail Eggs|Zapdos|69/100
|move|p1a: Iron Treads|Earthquake|p2a: Quail Eggs
|-immune|p2a: Quail Eggs
|
|-weather|none
|-heal|p1a: Iron Treads|96/100|[from] item: Leftovers
|upkeep
|turn|9
|
|t:|1758375252
|move|p1a: Iron Treads|Stealth Rock|p2a: Quail Eggs
|-sidestart|p2: NotUrGuyBuddy|move: Stealth Rock
|move|p2a: Quail Eggs|Heat Wave|p1a: Iron Treads
|-supereffective|p1a: Iron Treads
|-damage|p1a: Iron Treads|43/100
|
|-heal|p1a: Iron Treads|49/100|[from] item: Leftovers
|upkeep
|turn|10
|
|t:|1758375263
|switch|p2a: Hotrans|Heatran, M|100/100
|-damage|p2a: Hotrans|88/100|[from] Stealth Rock
|move|p1a: Iron Treads|Volt Switch|p2a: Hotrans
|-damage|p2a: Hotrans|78/100
|
|t:|1758375271
|-end|p1a: Iron Treads|Quark Drive|[silent]
|switch|p1a: Barraskewda|Barraskewda, F|100/100|[from] Volt Switch
|
|-heal|p2a: Hotrans|84/100|[from] item: Leftovers
|upkeep
|turn|11
|
|t:|1758375282
|switch|p2a: Quail Eggs|Zapdos|69/100
|move|p1a: Barraskewda|Flip Turn|p2a: Quail Eggs
|-damage|p2a: Quail Eggs|19/100
|-status|p1a: Barraskewda|par|[from] ability: Static|[of] p2a: Quail Eggs
|
|t:|1758375296
|switch|p1a: Zapdos|Zapdos|100/100|[from] Flip Turn
|
|upkeep
|turn|12
|
|t:|1758375305
|move|p1a: Zapdos|Volt Switch|p2a: Quail Eggs
|-damage|p2a: Quail Eggs|0 fnt
|faint|p2a: Quail Eggs
|
|t:|1758375310
|switch|p1a: Pelipper|Pelipper, F|57/100|[from] Volt Switch
|-weather|RainDance|[from] ability: Drizzle|[of] p1a: Pelipper
|
|-weather|RainDance|[upkeep]
|upkeep
|
|t:|1758375328
|switch|p2a: Poggy|Ogerpon-Cornerstone, F|55/100
|-damage|p2a: Poggy|42/100|[from] Stealth Rock
|turn|13
|
|t:|1758375342
|switch|p1a: Toxicroak|Toxicroak, F|100/100
|move|p2a: Poggy|Wood Hammer|p1a: Toxicroak
|-resisted|p1a: Toxicroak
|-damage|p1a: Toxicroak|70/100
|-damage|p2a: Poggy|26/100|[from] item: Rocky Helmet|[of] p1a: Toxicroak
|-damage|p2a: Poggy|13/100|[from] Recoil
|
|-weather|RainDance|[upkeep]
|-heal|p1a: Toxicroak|82/100|[from] ability: Dry Skin
|upkeep
|turn|14
|
|t:|1758375353
|move|p2a: Poggy|Play Rough|p1a: Toxicroak
|-damage|p1a: Toxicroak|52/100
|-unboost|p1a: Toxicroak|atk|1
|-damage|p2a: Poggy|0 fnt|[from] item: Rocky Helmet|[of] p1a: Toxicroak
|faint|p2a: Poggy
|move|p1a: Toxicroak|Knock Off|p2: Poggy|[notarget]
|-fail|p1a: Toxicroak
|
|-weather|RainDance|[upkeep]
|-heal|p1a: Toxicroak|64/100|[from] ability: Dry Skin
|upkeep
|
|t:|1758375367
|switch|p2a: Slax|Slaking, F|100/100
|-damage|p2a: Slax|88/100|[from] Stealth Rock
|turn|15
|
|t:|1758375372
|move|p2a: Slax|Earthquake|p1a: Toxicroak
|-supereffective|p1a: Toxicroak
|-damage|p1a: Toxicroak|0 fnt
|faint|p1a: Toxicroak
|
|-weather|RainDance|[upkeep]
|upkeep
|
|t:|1758375379
|switch|p1a: Zapdos|Zapdos|100/100
|turn|16
|
|t:|1758375385
|switch|p2a: Hotrans|Heatran, M|84/100
|-damage|p2a: Hotrans|72/100|[from] Stealth Rock
|move|p1a: Zapdos|Thunder|p2a: Hotrans
|-damage|p2a: Hotrans|0 fnt
|faint|p2a: Hotrans
|
|-weather|RainDance|[upkeep]
|upkeep
|
|t:|1758375404
|switch|p2a: Rott|Samurott-Hisui, M|76/100
|-damage|p2a: Rott|63/100|[from] Stealth Rock
|turn|17
|
|t:|1758375413
|move|p2a: Rott|Razor Shell|p1a: Zapdos
|-damage|p1a: Zapdos|4/100
|-unboost|p1a: Zapdos|def|1
|move|p1a: Zapdos|Thunder|p2a: Rott
|-supereffective|p2a: Rott
|-damage|p2a: Rott|0 fnt
|faint|p2a: Rott
|
|-weather|RainDance|[upkeep]
|upkeep
|
|t:|1758375424
|switch|p2a: Marinara|Primarina, F|100/100
|-damage|p2a: Marinara|88/100|[from] Stealth Rock
|turn|18
|
|t:|1758375430
|-terastallize|p2a: Marinara|Steel
|move|p1a: Zapdos|Thunder|p2a: Marinara
|-damage|p2a: Marinara|39/100
|move|p2a: Marinara|Ice Beam|p1a: Zapdos
|-supereffective|p1a: Zapdos
|-damage|p1a: Zapdos|0 fnt
|faint|p1a: Zapdos
|
|-weather|RainDance|[upkeep]
|upkeep
|
|t:|1758375438
|switch|p1a: Barraskewda|Barraskewda, F|100/100 par
|turn|19
|
|t:|1758375449
|move|p1a: Barraskewda|Flip Turn|p2a: Marinara
|-damage|p2a: Marinara|0 fnt
|faint|p2a: Marinara
|
|t:|1758375454
|switch|p1a: Hatterene|Hatterene, F|77/100|[from] Flip Turn
|
|-weather|none
|upkeep
|
|t:|1758375459
|switch|p2a: Slax|Slaking, F|88/100
|-damage|p2a: Slax|75/100|[from] Stealth Rock
|turn|20
|
|t:|1758375464
|move|p2a: Slax|Double-Edge|p1a: Hatterene
|-damage|p1a: Hatterene|0 fnt
|faint|p1a: Hatterene
|-damage|p2a: Slax|60/100|[from] Recoil
|
|upkeep
|
|t:|1758375475
|switch|p1a: Barraskewda|Barraskewda, F|100/100 par
|turn|21
|
|t:|1758375478
|cant|p2a: Slax|ability: Truant
|move|p1a: Barraskewda|Close Combat|p2a: Slax
|-supereffective|p2a: Slax
|-damage|p2a: Slax|0 fnt
|-unboost|p1a: Barraskewda|def|1
|-unboost|p1a: Barraskewda|spd|1
|faint|p2a: Slax
|
|win|rubisster
|raw|rubisster's rating: 1414 &rarr; <strong>1432</strong><br />(+18 for winning)
|raw|NotUrGuyBuddy's rating: 1373 &rarr; <strong>1355</strong><br />(-18 for losing)
|l|☆rubisster
|player|p1|
