|j|☆TrueEggyBread
|j|☆gooberdoober21
|t:|1758293925
|gametype|singles
|player|p1|TrueEggyBread|nate|1142
|player|p2|gooberdoober21|170|1107
|gen|9
|tier|[Gen 9] OU
|rated|
|rule|HP Percentage Mod: HP is shown in percentages
|rule|Endless Battle Clause: Forcing endless battles is banned
|rule|Species Clause: Limit one of each Pokémon
|rule|OHKO Clause: OHKO moves are banned
|rule|Evasion Items Clause: Evasion items are banned
|rule|Evasion Moves Clause: Evasion moves are banned
|rule|Evasion Abilities Clause: Evasion abilities are banned
|rule|Sleep Moves Clause: Sleep-inducing moves are banned
|clearpoke
|poke|p1|Ninetales, F|
|poke|p1|Sawsbuck, M|
|poke|p1|Walking Wake|
|poke|p1|Venusaur, F|
|poke|p1|Scrafty, M|
|poke|p1|Corviknight, M|
|poke|p2|Kingambit, F|
|poke|p2|Deoxys-Speed|
|poke|p2|Great Tusk|
|poke|p2|Dragonite, F|
|poke|p2|Iron Moth|
|poke|p2|Primarina, M|
|teampreview
|inactive|Battle timer is ON: inactive players will automatically lose when time's up. (requested by TrueEggyBread)
|c|☆TrueEggyBread|glhf
|
|t:|1758293950
|teamsize|p1|6
|teamsize|p2|6
|start
|switch|p1a: Scrafty|Scrafty, M|100/100
|switch|p2a: Yoshi|Dragonite, F, shiny|100/100
|-ability|p1a: Scrafty|Intimidate|boost
|-unboost|p2a: Yoshi|atk|1
|turn|1
|c|☆gooberdoober21|thx u too
|
|t:|1758293975
|move|p2a: Yoshi|Fire Punch|p1a: Scrafty
|-damage|p1a: Scrafty|77/100
|move|p1a: Scrafty|Ice Punch|p2a: Yoshi
|-supereffective|p2a: Yoshi
|-damage|p2a: Yoshi|64/100
|
|upkeep
|turn|2
|
|t:|1758293989
|switch|p2a: Siren|Primarina, M|100/100
|move|p1a: Scrafty|Ice Punch|p2a: Siren
|-resisted|p2a: Siren
|-damage|p2a: Siren|89/100
|
|upkeep
|turn|3
|
|t:|1758293997
|switch|p1a: Corviknight|Corviknight, M, shiny|100/100
|move|p2a: Siren|Whirlpool|p1a: Corviknight
|-damage|p1a: Corviknight|88/100
|-activate|p1a: Corviknight|move: Whirlpool|[of] p2a: Siren
|
|-heal|p1a: Corviknight|94/100|[from] item: Leftovers
|-damage|p1a: Corviknight|81/100|[from] move: Whirlpool|[partiallytrapped]
|upkeep
|turn|4
|
|t:|1758294009
|move|p2a: Siren|Surf|p1a: Corviknight
|-damage|p1a: Corviknight|47/100
|move|p1a: Corviknight|U-turn|p2a: Siren
|-resisted|p2a: Siren
|-damage|p2a: Siren|79/100
|
|t:|1758294019
|switch|p1a: Venusaur|Venusaur, F, shiny|100/100|[from] U-turn
|
|upkeep
|turn|5
|
|t:|1758294029
|switch|p2a: Yoshi|Dragonite, F, shiny|64/100
|move|p1a: Venusaur|Sludge Bomb|p2a: Yoshi
|-damage|p2a: Yoshi|13/100
|-status|p2a: Yoshi|psn
|-damage|p1a: Venusaur|91/100|[from] item: Life Orb
|
|-damage|p2a: Yoshi|0 fnt|[from] psn
|faint|p2a: Yoshi
|upkeep
|
|t:|1758294047
|switch|p2a: Anomаly|Iron Moth|100/100
|-enditem|p2a: Anomаly|Booster Energy
|-activate|p2a: Anomаly|ability: Quark Drive|[fromitem]
|-start|p2a: Anomаly|quarkdrivespe
|turn|6
|
|t:|1758294060
|switch|p1a: Ninetales|Ninetales, F, shiny|100/100
|-weather|SunnyDay|[from] ability: Drought|[of] p1a: Ninetales
|move|p2a: Anomаly|Fiery Dance|p1a: Ninetales
|-resisted|p1a: Ninetales
|-damage|p1a: Ninetales|74/100
|-boost|p2a: Anomаly|spa|1
|
|-weather|SunnyDay|[upkeep]
|upkeep
|turn|7
|
|t:|1758294075
|-terastallize|p2a: Anomаly|Ground
|move|p2a: Anomаly|Tera Blast|p1a: Ninetales|[anim] Tera Blast Ground
|-supereffective|p1a: Ninetales
|-damage|p1a: Ninetales|0 fnt
|faint|p1a: Ninetales
|
|-weather|SunnyDay|[upkeep]
|upkeep
|
|t:|1758294102
|switch|p1a: Venusaur|Venusaur, F, shiny|91/100
|turn|8
|
|t:|1758294108
|move|p1a: Venusaur|Giga Drain|p2a: Anomаly
|-supereffective|p2a: Anomаly
|-damage|p2a: Anomаly|15/100
|-heal|p1a: Venusaur|100/100|[from] drain|[of] p2a: Anomаly
|-damage|p1a: Venusaur|91/100|[from] item: Life Orb
|move|p2a: Anomаly|Fiery Dance|p1a: Venusaur
|-supereffective|p1a: Venusaur
|-damage|p1a: Venusaur|0 fnt
|faint|p1a: Venusaur
|
|-weather|SunnyDay|[upkeep]
|upkeep
|
|t:|1758294124
|switch|p1a: Sawsbuck|Sawsbuck, M|100/100
|turn|9
|inactive|gooberdoober21 has 120 seconds left.
|
|t:|1758294171
|move|p1a: Sawsbuck|Horn Leech|p2a: Anomаly
|-supereffective|p2a: Anomаly
|-damage|p2a: Anomаly|0 fnt
|faint|p2a: Anomаly
|-end|p2a: Anomаly|Quark Drive|[silent]
|-damage|p1a: Sawsbuck|91/100|[from] item: Life Orb
|
|-weather|SunnyDay|[upkeep]
|upkeep
|
|t:|1758294191
|switch|p2a: Moebius|Deoxys-Speed|100/100
|-ability|p2a: Moebius|Pressure
|turn|10
|
|t:|1758294208
|move|p1a: Sawsbuck|Play Rough|p2a: Moebius
|-damage|p2a: Moebius|47/100
|-damage|p1a: Sawsbuck|81/100|[from] item: Life Orb
|move|p2a: Moebius|Focus Blast|p1a: Sawsbuck
|-supereffective|p1a: Sawsbuck
|-damage|p1a: Sawsbuck|0 fnt
|faint|p1a: Sawsbuck
|-damage|p2a: Moebius|37/100|[from] item: Life Orb
|
|-weather|SunnyDay|[upkeep]
|upkeep
|
|t:|1758294217
|switch|p1a: Corviknight|Corviknight, M, shiny|47/100
|turn|11
|
|t:|1758294229
|switch|p2a: Anomaly|Great Tusk|100/100
|-activate|p2a: Anomaly|ability: Protosynthesis
|-start|p2a: Anomaly|protosynthesisatk
|move|p1a: Corviknight|Roost|p1a: Corviknight
|-heal|p1a: Corviknight|97/100
|-singleturn|p1a: Corviknight|move: Roost
|
|-weather|SunnyDay|[upkeep]
|-heal|p1a: Corviknight|100/100|[from] item: Leftovers
|upkeep
|turn|12
|
|t:|1758294243
|-end|p2a: Anomaly|Protosynthesis|[silent]
|switch|p2a: Meruem|Kingambit, F|100/100
|-activate|p2a: Meruem|ability: Supreme Overlord
|-start|p2a: Meruem|fallen2|[silent]
|move|p1a: Corviknight|Brave Bird|p2a: Meruem
|-resisted|p2a: Meruem
|-damage|p2a: Meruem|86/100
|-damage|p1a: Corviknight|96/100|[from] Recoil
|
|-weather|SunnyDay|[upkeep]
|-heal|p2a: Meruem|92/100|[from] item: Leftovers
|-heal|p1a: Corviknight|100/100|[from] item: Leftovers
|upkeep
|turn|13
|
|t:|1758294261
|move|p2a: Meruem|Kowtow Cleave|p1a: Corviknight
|-damage|p1a: Corviknight|52/100
|move|p1a: Corviknight|U-turn|p2a: Meruem
|-damage|p2a: Meruem|82/100
|
|t:|1758294273
|switch|p1a: Scrafty|Scrafty, M|77/100|[from] U-turn
|-ability|p1a: Scrafty|Intimidate|boost
|-unboost|p2a: Meruem|atk|1
|
|-weather|none
|-heal|p2a: Meruem|88/100|[from] item: Leftovers
|upkeep
|turn|14
|
|t:|1758294284
|-end|p2a: Meruem|fallen2|[silent]
|switch|p2a: Anomaly|Great Tusk|100/100
|-enditem|p2a: Anomaly|Booster Energy
|-activate|p2a: Anomaly|ability: Protosynthesis|[fromitem]
|-start|p2a: Anomaly|protosynthesisatk
|move|p1a: Scrafty|Knock Off|p2a: Anomaly
|-resisted|p2a: Anomaly
|-damage|p2a: Anomaly|93/100
|
|upkeep
|turn|15
|
|t:|1758294301
|move|p2a: Anomaly|Close Combat|p1a: Scrafty
|-supereffective|p1a: Scrafty
|-damage|p1a: Scrafty|0 fnt
|-unboost|p2a: Anomaly|def|1
|-unboost|p2a: Anomaly|spd|1
|faint|p1a: Scrafty
|
|upkeep
|
|t:|1758294307
|switch|p1a: Walking Wake|Walking Wake|100/100
|turn|16
|
|t:|1758294315
|move|p1a: Walking Wake|Hydro Steam|p2a: Anomaly
|-supereffective|p2a: Anomaly
|-damage|p2a: Anomaly|0 fnt
|faint|p2a: Anomaly
|-end|p2a: Anomaly|Protosynthesis|[silent]
|
|upkeep
|
|t:|1758294317
|switch|p2a: Siren|Primarina, M|79/100
|turn|17
|inactive|gooberdoober21 has 120 seconds left.
|
|t:|1758294328
|-end|p1a: Walking Wake|Protosynthesis|[silent]
|switch|p1a: Corviknight|Corviknight, M, shiny|52/100
|move|p2a: Siren|Surf|p1a: Corviknight
|-damage|p1a: Corviknight|14/100
|
|-heal|p1a: Corviknight|20/100|[from] item: Leftovers
|upkeep
|turn|18
|inactive|gooberdoober21 has 120 seconds left.
|
|t:|1758294336
|move|p2a: Siren|Surf|p1a: Corviknight
|-damage|p1a: Corviknight|0 fnt
|faint|p1a: Corviknight
|
|upkeep
|
|t:|1758294338
|switch|p1a: Walking Wake|Walking Wake|100/100
|turn|19
|
|t:|1758294344
|-terastallize|p1a: Walking Wake|Water
|move|p1a: Walking Wake|Hydro Steam|p2a: Siren
|-resisted|p2a: Siren
|-damage|p2a: Siren|52/100
|move|p2a: Siren|Whirlpool|p1a: Walking Wake|[miss]
|-miss|p2a: Siren|p1a: Walking Wake
|
|upkeep
|turn|20
|c|☆TrueEggyBread|ggg
|
|t:|1758294353
|move|p1a: Walking Wake|Hydro Steam|p2a: Siren
|-resisted|p2a: Siren
|-crit|p2a: Siren
|-damage|p2a: Siren|11/100
|move|p2a: Siren|Moonblast|p1a: Walking Wake
|-damage|p1a: Walking Wake|36/100
|
|upkeep
|turn|21
|c|☆gooberdoober21|gg
|inactive|gooberdoober21 has 120 seconds left.
|c|☆gooberdoober21|i think to improve your play better you probably shouldve switched ninetales more often
|
|t:|1758294387
|move|p1a: Walking Wake|Hydro Steam|p2a: Siren
|-resisted|p2a: Siren
|-crit|p2a: Siren
|-damage|p2a: Siren|0 fnt
|faint|p2a: Siren
|
|upkeep
|inactive|gooberdoober21 has 120 seconds left.
|
|t:|1758294393
|switch|p2a: Moebius|Deoxys-Speed|37/100
|-ability|p2a: Moebius|Pressure
|turn|22
|c|☆TrueEggyBread|tbf it died quite quickly
|inactive|TrueEggyBread has 120 seconds left.
|c|☆TrueEggyBread|I don't really care about singles anyways lol
|
|t:|1758294432
|move|p2a: Moebius|Psycho Boost|p1a: Walking Wake
|-damage|p1a: Walking Wake|0 fnt
|-unboost|p2a: Moebius|spa|2
|faint|p1a: Walking Wake
|-end|p1a: Walking Wake|Protosynthesis|[silent]
|-damage|p2a: Moebius|28/100|[from] item: Life Orb
|
|win|gooberdoober21
|raw|TrueEggyBread's rating: 1142 &rarr; <strong>1114</strong><br />(-28 for losing)
|raw|gooberdoober21's rating: 1107 &rarr; <strong>1135</strong><br />(+28 for winning)
|l|☆gooberdoober21
|player|p2|
|l|☆TrueEggyBread
|player|p1|
