|j|☆tboc13
|j|☆suifenli
|t:|1758264543
|gametype|singles
|player|p1|tboc13|dawn|1547
|player|p2|suifenli|n|1500
|gen|9
|tier|[Gen 9] OU
|rated|
|rule|HP Percentage Mod: HP is shown in percentages
|rule|Endless Battle Clause: Forcing endless battles is banned
|rule|Species Clause: Limit one of each Pokémon
|rule|OHKO Clause: OHKO moves are banned
|rule|Evasion Items Clause: Evasion items are banned
|rule|Evasion Moves Clause: Evasion moves are banned
|rule|Evasion Abilities Clause: Evasion abilities are banned
|rule|Sleep Moves Clause: Sleep-inducing moves are banned
|clearpoke
|poke|p1|Rillaboom, F|
|poke|p1|Samurott-Hisui, F|
|poke|p1|Dragapult, F|
|poke|p1|Great Tusk|
|poke|p1|Slowking-Galar, F|
|poke|p1|Skarmory, F|
|poke|p2|Zamazenta-*|
|poke|p2|Sableye, M|
|poke|p2|Bellossom, M|
|poke|p2|Enamorus, F|
|poke|p2|Garganacl, F|
|poke|p2|Latias, F|
|teampreview
|inactive|Battle timer is ON: inactive players will automatically lose when time's up. (requested by suifenli)
|inactive|tboc13 also wants the timer to be on.
|
|t:|1758264561
|teamsize|p1|6
|teamsize|p2|6
|start
|switch|p1a: Samurott|Samurott-Hisui, F, shiny|100/100
|switch|p2a: Latias|Latias, F|100/100
|turn|1
|
|t:|1758264566
|move|p1a: Samurott|Ceaseless Edge|p2a: Latias
|-supereffective|p2a: Latias
|-damage|p2a: Latias|33/100
|-enditem|p2a: Latias|Weakness Policy
|-boost|p2a: Latias|atk|2|[from] item: Weakness Policy
|-boost|p2a: Latias|spa|2|[from] item: Weakness Policy
|-sidestart|p2: suifenli|Spikes
|move|p2a: Latias|Agility|p2a: Latias
|-boost|p2a: Latias|spe|2
|
|upkeep
|turn|2
|
|t:|1758264572
|-terastallize|p2a: Latias|Fairy
|move|p2a: Latias|Draining Kiss|p1a: Samurott
|-supereffective|p1a: Samurott
|-damage|p1a: Samurott|0 fnt
|-heal|p2a: Latias|99/100|[from] drain|[of] p1a: Samurott
|faint|p1a: Samurott
|
|upkeep
|
|t:|1758264576
|switch|p1a: Slowking|Slowking-Galar, F|100/100
|turn|3
|
|t:|1758264581
|move|p2a: Latias|Calm Mind|p2a: Latias
|-boost|p2a: Latias|spa|1
|-boost|p2a: Latias|spd|1
|move|p1a: Slowking|Sludge Bomb|p2a: Latias
|-supereffective|p2a: Latias
|-damage|p2a: Latias|65/100
|-status|p2a: Latias|psn
|
|-damage|p2a: Latias|52/100 psn|[from] psn
|upkeep
|turn|4
|
|t:|1758264589
|move|p2a: Latias|Stored Power|p1a: Slowking
|-damage|p1a: Slowking|0 fnt
|faint|p1a: Slowking
|
|-damage|p2a: Latias|40/100 psn|[from] psn
|upkeep
|
|t:|1758264591
|switch|p1a: Rillaboom|Rillaboom, F|100/100
|-fieldstart|move: Grassy Terrain|[from] ability: Grassy Surge|[of] p1a: Rillaboom
|turn|5
|
|t:|1758264594
|-terastallize|p1a: Rillaboom|Grass
|move|p1a: Rillaboom|Grassy Glide|p2a: Latias
|-damage|p2a: Latias|0 fnt
|faint|p2a: Latias
|
|upkeep
|
|t:|1758264601
|switch|p2a: Bellossom|Bellossom, M|100/100
|-damage|p2a: Bellossom|88/100|[from] Spikes
|turn|6
|
|t:|1758264603
|switch|p1a: Skarmory|Skarmory, F|100/100
|move|p2a: Bellossom|Strength Sap|p1a: Skarmory
|-unboost|p1a: Skarmory|atk|1
|-heal|p2a: Bellossom|100/100
|
|upkeep
|turn|7
|
|t:|1758264605
|move|p1a: Skarmory|Stealth Rock|p2a: Bellossom
|-sidestart|p2: suifenli|move: Stealth Rock
|move|p2a: Bellossom|Quiver Dance|p2a: Bellossom
|-boost|p2a: Bellossom|spa|1
|-boost|p2a: Bellossom|spd|1
|-boost|p2a: Bellossom|spe|1
|
|upkeep
|turn|8
|
|t:|1758264608
|move|p2a: Bellossom|Ingrain|p2a: Bellossom
|-start|p2a: Bellossom|move: Ingrain
|move|p1a: Skarmory|Whirlwind|p2a: Bellossom
|-activate|p2a: Bellossom|move: Ingrain
|
|upkeep
|turn|9
|
|t:|1758264620
|switch|p1a: Dragapult|Dragapult, F|100/100
|move|p2a: Bellossom|Quiver Dance|p2a: Bellossom
|-boost|p2a: Bellossom|spa|1
|-boost|p2a: Bellossom|spd|1
|-boost|p2a: Bellossom|spe|1
|
|-fieldend|move: Grassy Terrain
|upkeep
|turn|10
|
|t:|1758264629
|move|p1a: Dragapult|Will-O-Wisp|p2a: Bellossom
|-status|p2a: Bellossom|brn
|move|p2a: Bellossom|Quiver Dance|p2a: Bellossom
|-boost|p2a: Bellossom|spa|1
|-boost|p2a: Bellossom|spd|1
|-boost|p2a: Bellossom|spe|1
|
|-damage|p2a: Bellossom|94/100 brn|[from] brn
|upkeep
|turn|11
|
|t:|1758264632
|move|p1a: Dragapult|Hex|p2a: Bellossom
|-damage|p2a: Bellossom|71/100 brn
|move|p2a: Bellossom|Quiver Dance|p2a: Bellossom
|-boost|p2a: Bellossom|spa|1
|-boost|p2a: Bellossom|spd|1
|-boost|p2a: Bellossom|spe|1
|
|-heal|p2a: Bellossom|77/100 brn|[from] Ingrain
|-damage|p2a: Bellossom|71/100 brn|[from] brn
|upkeep
|turn|12
|
|t:|1758264636
|move|p1a: Dragapult|Hex|p2a: Bellossom
|-damage|p2a: Bellossom|53/100 brn
|move|p2a: Bellossom|Strength Sap|p1a: Dragapult
|-unboost|p1a: Dragapult|atk|1
|-heal|p2a: Bellossom|100/100 brn
|
|-damage|p2a: Bellossom|94/100 brn|[from] brn
|upkeep
|turn|13
|
|t:|1758264639
|move|p1a: Dragapult|Hex|p2a: Bellossom
|-damage|p2a: Bellossom|76/100 brn
|move|p2a: Bellossom|Giga Drain|p1a: Dragapult
|-resisted|p1a: Dragapult
|-damage|p1a: Dragapult|52/100
|-heal|p2a: Bellossom|99/100 brn|[from] drain|[of] p1a: Dragapult
|
|-heal|p2a: Bellossom|100/100 brn|[from] Ingrain
|-damage|p2a: Bellossom|94/100 brn|[from] brn
|upkeep
|turn|14
|
|t:|1758264642
|move|p1a: Dragapult|Hex|p2a: Bellossom
|-damage|p2a: Bellossom|77/100 brn
|move|p2a: Bellossom|Giga Drain|p1a: Dragapult
|-resisted|p1a: Dragapult
|-damage|p1a: Dragapult|8/100
|-heal|p2a: Bellossom|97/100 brn|[from] drain|[of] p1a: Dragapult
|
|-heal|p2a: Bellossom|100/100 brn|[from] Ingrain
|-damage|p2a: Bellossom|94/100 brn|[from] brn
|upkeep
|turn|15
|
|t:|1758264645
|move|p1a: Dragapult|Hex|p2a: Bellossom
|-damage|p2a: Bellossom|76/100 brn
|move|p2a: Bellossom|Giga Drain|p1a: Dragapult
|-resisted|p1a: Dragapult
|-damage|p1a: Dragapult|0 fnt
|-heal|p2a: Bellossom|80/100 brn|[from] drain|[of] p1a: Dragapult
|faint|p1a: Dragapult
|
|-heal|p2a: Bellossom|86/100 brn|[from] Ingrain
|-damage|p2a: Bellossom|80/100 brn|[from] brn
|upkeep
|
|t:|1758264650
|switch|p1a: Rillaboom|Rillaboom, F, tera:Grass|100/100
|-fieldstart|move: Grassy Terrain|[from] ability: Grassy Surge|[of] p1a: Rillaboom
|turn|16
|
|t:|1758264652
|move|p2a: Bellossom|Strength Sap|p1a: Rillaboom
|-unboost|p1a: Rillaboom|atk|1
|-heal|p2a: Bellossom|100/100 brn
|move|p1a: Rillaboom|U-turn|p2a: Bellossom
|-supereffective|p2a: Bellossom
|-damage|p2a: Bellossom|64/100 brn
|-enditem|p2a: Bellossom|Kee Berry|[eat]
|-boost|p2a: Bellossom|def|1|[from] item: Kee Berry
|
|t:|1758264654
|switch|p1a: Skarmory|Skarmory, F|100/100|[from] U-turn
|
|-heal|p2a: Bellossom|70/100 brn|[from] Grassy Terrain
|-heal|p2a: Bellossom|76/100 brn|[from] Ingrain
|-damage|p2a: Bellossom|70/100 brn|[from] brn
|upkeep
|turn|17
|
|t:|1758264657
|move|p2a: Bellossom|Quiver Dance|p2a: Bellossom
|-boost|p2a: Bellossom|spa|1
|-boost|p2a: Bellossom|spd|1
|-boost|p2a: Bellossom|spe|1
|move|p1a: Skarmory|Body Press|p2a: Bellossom
|-damage|p2a: Bellossom|54/100 brn
|
|-heal|p2a: Bellossom|61/100 brn|[from] Grassy Terrain
|-heal|p2a: Bellossom|67/100 brn|[from] Ingrain
|-damage|p2a: Bellossom|61/100 brn|[from] brn
|upkeep
|turn|18
|
|t:|1758264660
|move|p2a: Bellossom|Quiver Dance|p2a: Bellossom
|-boost|p2a: Bellossom|spa|1
|-boost|p2a: Bellossom|spd|1
|-boost|p2a: Bellossom|spe|1
|move|p1a: Skarmory|Body Press|p2a: Bellossom
|-damage|p2a: Bellossom|45/100 brn
|
|-heal|p2a: Bellossom|51/100 brn|[from] Grassy Terrain
|-heal|p2a: Bellossom|57/100 brn|[from] Ingrain
|-damage|p2a: Bellossom|51/100 brn|[from] brn
|upkeep
|turn|19
|
|t:|1758264662
|move|p2a: Bellossom|Giga Drain|p1a: Skarmory
|-resisted|p1a: Skarmory
|-damage|p1a: Skarmory|55/100
|-heal|p2a: Bellossom|71/100 brn|[from] drain|[of] p1a: Skarmory
|move|p1a: Skarmory|Body Press|p2a: Bellossom
|-damage|p2a: Bellossom|54/100 brn
|
|-heal|p2a: Bellossom|61/100 brn|[from] Grassy Terrain
|-heal|p2a: Bellossom|67/100 brn|[from] Ingrain
|-damage|p2a: Bellossom|61/100 brn|[from] brn
|upkeep
|turn|20
|
|t:|1758264672
|move|p2a: Bellossom|Strength Sap|p1a: Skarmory
|-unboost|p1a: Skarmory|atk|1
|-heal|p2a: Bellossom|100/100 brn
|move|p1a: Skarmory|Body Press|p2a: Bellossom
|-damage|p2a: Bellossom|86/100 brn
|
|-heal|p2a: Bellossom|92/100 brn|[from] Grassy Terrain
|-heal|p2a: Bellossom|98/100 brn|[from] Ingrain
|-damage|p2a: Bellossom|92/100 brn|[from] brn
|-fieldend|move: Grassy Terrain
|upkeep
|turn|21
|
|t:|1758264674
|move|p2a: Bellossom|Giga Drain|p1a: Skarmory
|-resisted|p1a: Skarmory
|-damage|p1a: Skarmory|20/100
|-heal|p2a: Bellossom|100/100 brn|[from] drain|[of] p1a: Skarmory
|move|p1a: Skarmory|Body Press|p2a: Bellossom
|-damage|p2a: Bellossom|85/100 brn
|
|-heal|p2a: Bellossom|91/100 brn|[from] Ingrain
|-damage|p2a: Bellossom|85/100 brn|[from] brn
|upkeep
|turn|22
|
|t:|1758264676
|move|p2a: Bellossom|Giga Drain|p1a: Skarmory
|-resisted|p1a: Skarmory
|-damage|p1a: Skarmory|0 fnt
|-heal|p2a: Bellossom|94/100 brn|[from] drain|[of] p1a: Skarmory
|faint|p1a: Skarmory
|
|-heal|p2a: Bellossom|99/100 brn|[from] Ingrain
|-damage|p2a: Bellossom|94/100 brn|[from] brn
|upkeep
|-message|tboc13 forfeited.
|
|win|suifenli
|raw|tboc13's rating: 1547 &rarr; <strong>1524</strong><br />(-23 for losing)
|raw|suifenli's rating: 1500 &rarr; <strong>1523</strong><br />(+23 for winning)
|l|☆tboc13
|player|p1|
|l|☆suifenli
|player|p2|
