|j|☆xym
|j|☆sunny dancing
|t:|1758301138
|gametype|singles
|player|p1|xym|1|1724
|player|p2|sunny dancing|170|1677
|gen|9
|tier|[Gen 9] OU
|rated|
|rule|HP Percentage Mod: HP is shown in percentages
|rule|Endless Battle Clause: Forcing endless battles is banned
|rule|Species Clause: Limit one of each Pokémon
|rule|OHKO Clause: OHKO moves are banned
|rule|Evasion Items Clause: Evasion items are banned
|rule|Evasion Moves Clause: Evasion moves are banned
|rule|Evasion Abilities Clause: Evasion abilities are banned
|rule|Sleep Moves Clause: Sleep-inducing moves are banned
|clearpoke
|poke|p1|Blaziken, F|
|poke|p1|Ogerpon-Wellspring, F|
|poke|p1|Pelipper, M|
|poke|p1|Landorus-Therian, M|
|poke|p1|Kingambit, F|
|poke|p1|Gholdengo|
|poke|p2|Ogerpon-Wellspring, F|
|poke|p2|Slowking-Galar, F|
|poke|p2|Great Tusk|
|poke|p2|Moltres|
|poke|p2|Dragapult, M|
|poke|p2|Kingambit, F|
|teampreview
|
|t:|1758301148
|teamsize|p1|6
|teamsize|p2|6
|start
|switch|p1a: Landorus|Landorus-Therian, M|100/100
|switch|p2a: Slowking|Slowking-Galar, F|100/100
|-ability|p1a: Landorus|Intimidate|boost
|-unboost|p2a: Slowking|atk|1
|turn|1
|inactive|Battle timer is ON: inactive players will automatically lose when time's up. (requested by sunny dancing)
|
|t:|1758301153
|move|p1a: Landorus|Earthquake|p2a: Slowking
|-supereffective|p2a: Slowking
|-damage|p2a: Slowking|0 fnt
|faint|p2a: Slowking
|
|upkeep
|
|t:|1758301159
|switch|p2a: Ogerpon|Ogerpon-Wellspring, F|100/100
|turn|2
|
|t:|1758301170
|-terastallize|p1a: Landorus|Steel
|move|p2a: Ogerpon|Ivy Cudgel|p1a: Landorus|[anim] Ivy Cudgel Water
|-damage|p1a: Landorus|25/100
|move|p1a: Landorus|U-turn|p2a: Ogerpon
|-supereffective|p2a: Ogerpon
|-damage|p2a: Ogerpon|31/100
|
|t:|1758301180
|switch|p1a: Gholdengo|Gholdengo|100/100|[from] U-turn
|
|upkeep
|turn|3
|
|t:|1758301190
|move|p1a: Gholdengo|Shadow Ball|p2a: Ogerpon
|-damage|p2a: Ogerpon|0 fnt
|faint|p2a: Ogerpon
|
|upkeep
|
|t:|1758301196
|switch|p2a: Kingambit|Kingambit, F|100/100
|-activate|p2a: Kingambit|ability: Supreme Overlord
|-start|p2a: Kingambit|fallen2|[silent]
|turn|4
|
|t:|1758301201
|switch|p1a: Landorus|Landorus-Therian, M, tera:Steel|25/100
|-ability|p1a: Landorus|Intimidate|boost
|-unboost|p2a: Kingambit|atk|1
|move|p2a: Kingambit|Swords Dance|p2a: Kingambit
|-boost|p2a: Kingambit|atk|2
|
|upkeep
|turn|5
|
|t:|1758301206
|move|p2a: Kingambit|Sucker Punch||[still]
|-fail|p2a: Kingambit
|move|p1a: Landorus|Taunt|p2a: Kingambit
|-start|p2a: Kingambit|move: Taunt
|
|upkeep
|turn|6
|
|t:|1758301210
|move|p2a: Kingambit|Sucker Punch|p1a: Landorus
|-damage|p1a: Landorus|0 fnt
|-damage|p2a: Kingambit|84/100|[from] item: Rocky Helmet|[of] p1a: Landorus
|faint|p1a: Landorus
|
|-heal|p2a: Kingambit|90/100|[from] item: Leftovers
|upkeep
|
|t:|1758301214
|switch|p1a: Blaziken|Blaziken, F|100/100
|turn|7
|
|t:|1758301219
|-terastallize|p2a: Kingambit|Ghost
|move|p1a: Blaziken|Close Combat|p2a: Kingambit
|-immune|p2a: Kingambit
|move|p2a: Kingambit|Low Kick|p1a: Blaziken
|-damage|p1a: Blaziken|27/100
|
|-heal|p2a: Kingambit|96/100|[from] item: Leftovers
|-ability|p1a: Blaziken|Speed Boost|boost
|-boost|p1a: Blaziken|spe|1
|upkeep
|turn|8
|j| FaronAan
|
|t:|1758301230
|move|p2a: Kingambit|Sucker Punch|p1a: Blaziken
|-resisted|p1a: Blaziken
|-damage|p1a: Blaziken|0 fnt
|faint|p1a: Blaziken
|
|-heal|p2a: Kingambit|100/100|[from] item: Leftovers
|-end|p2a: Kingambit|move: Taunt
|upkeep
|
|t:|1758301232
|switch|p1a: Kingambit|Kingambit, F|100/100
|-activate|p1a: Kingambit|ability: Supreme Overlord
|-start|p1a: Kingambit|fallen2|[silent]
|turn|9
|
|t:|1758301237
|move|p2a: Kingambit|Low Kick|p1a: Kingambit
|-supereffective|p1a: Kingambit
|-damage|p1a: Kingambit|0 fnt
|faint|p1a: Kingambit
|-end|p1a: Kingambit|fallen2|[silent]
|
|upkeep
|l| FaronAan
|c|☆xym|fuuk
|
|t:|1758301248
|switch|p1a: Gholdengo|Gholdengo|100/100
|turn|10
|
|t:|1758301258
|switch|p1a: Pelipper|Pelipper, M|100/100
|-weather|RainDance|[from] ability: Drizzle|[of] p1a: Pelipper
|move|p2a: Kingambit|Iron Head|p1a: Pelipper
|-resisted|p1a: Pelipper
|-damage|p1a: Pelipper|60/100
|
|-weather|RainDance|[upkeep]
|upkeep
|turn|11
|
|t:|1758301268
|move|p2a: Kingambit|Swords Dance|p2a: Kingambit
|-boost|p2a: Kingambit|atk|2
|move|p1a: Pelipper|Weather Ball|p2a: Kingambit
|-damage|p2a: Kingambit|0 fnt
|faint|p2a: Kingambit
|-end|p2a: Kingambit|fallen2|[silent]
|
|-weather|RainDance|[upkeep]
|upkeep
|
|t:|1758301276
|switch|p2a: Dragapult|Dragapult, M|100/100
|turn|12
|
|t:|1758301281
|move|p2a: Dragapult|Hex|p1a: Pelipper
|-damage|p1a: Pelipper|25/100
|move|p1a: Pelipper|Weather Ball|p2a: Dragapult
|-resisted|p2a: Dragapult
|-damage|p2a: Dragapult|26/100
|
|-weather|RainDance|[upkeep]
|upkeep
|turn|13
|
|t:|1758301286
|move|p2a: Dragapult|U-turn|p1a: Pelipper
|-resisted|p1a: Pelipper
|-damage|p1a: Pelipper|14/100
|
|t:|1758301291
|switch|p2a: Great Tusk|Great Tusk|100/100|[from] U-turn
|move|p1a: Pelipper|Weather Ball|p2a: Great Tusk
|-supereffective|p2a: Great Tusk
|-damage|p2a: Great Tusk|0 fnt
|faint|p2a: Great Tusk
|-end|p2a: Great Tusk|Protosynthesis|[silent]
|
|-weather|RainDance|[upkeep]
|upkeep
|
|t:|1758301296
|switch|p2a: Dragapult|Dragapult, M|26/100
|turn|14
|
|t:|1758301300
|move|p2a: Dragapult|Hex|p1a: Pelipper
|-damage|p1a: Pelipper|0 fnt
|faint|p1a: Pelipper
|
|-weather|none
|upkeep
|
|t:|1758301304
|switch|p1a: Gholdengo|Gholdengo|100/100
|turn|15
|
|t:|1758301309
|switch|p2a: Moltres|Moltres|100/100
|move|p1a: Gholdengo|Shadow Ball|p2a: Moltres
|-damage|p2a: Moltres|56/100
|
|upkeep
|turn|16
|
|t:|1758301315
|move|p1a: Gholdengo|Shadow Ball|p2a: Moltres
|-crit|p2a: Moltres
|-damage|p2a: Moltres|0 fnt
|faint|p2a: Moltres
|
|upkeep
|c|☆xym|rip
|
|t:|1758301321
|switch|p2a: Dragapult|Dragapult, M|26/100
|turn|17
|c|☆xym|gg
|
|t:|1758301323
|move|p1a: Gholdengo|Shadow Ball|p2a: Dragapult
|-supereffective|p2a: Dragapult
|-damage|p2a: Dragapult|0 fnt
|faint|p2a: Dragapult
|
|win|xym
|raw|xym's rating: 1724 &rarr; <strong>1741</strong><br />(+17 for winning)
|raw|sunny dancing's rating: 1677 &rarr; <strong>1660</strong><br />(-17 for losing)
|l|☆sunny dancing
|player|p2|
