|j|☆GFYSYDAR
|j|☆igoldenso
|t:|1758296388
|gametype|singles
|player|p1|GFYSYDAR|scientist-gen4dp|1225
|player|p2|igoldenso|juggler|1283
|gen|9
|tier|[Gen 9] OU
|rated|
|rule|HP Percentage Mod: HP is shown in percentages
|rule|Endless Battle Clause: Forcing endless battles is banned
|rule|Species Clause: Limit one of each Pokémon
|rule|OHKO Clause: OHKO moves are banned
|rule|Evasion Items Clause: Evasion items are banned
|rule|Evasion Moves Clause: Evasion moves are banned
|rule|Evasion Abilities Clause: Evasion abilities are banned
|rule|Sleep Moves Clause: Sleep-inducing moves are banned
|clearpoke
|poke|p1|Electrode-Hisui|
|poke|p1|Gallade, M|
|poke|p1|Slowking-Galar, F|
|poke|p1|Alomomola, F|
|poke|p1|Great Tusk|
|poke|p1|Landorus-Therian, M|
|poke|p2|Malamar, M|
|poke|p2|Serperior, M|
|poke|p2|Cinderace, M|
|poke|p2|Milotic, F|
|poke|p2|Kingambit, M|
|poke|p2|Ribombee, M|
|teampreview
|inactive|Battle timer is ON: inactive players will automatically lose when time's up. (requested by igoldenso)
|
|t:|1758296394
|teamsize|p1|6
|teamsize|p2|6
|start
|switch|p1a: Slowking|Slowking-Galar, F|100/100
|switch|p2a: Harry Bee-dini|Ribombee, M|100/100
|turn|1
|
|t:|1758296402
|move|p2a: Harry Bee-dini|Sticky Web|p1a: Slowking
|-sidestart|p1: GFYSYDAR|move: Sticky Web
|move|p1a: Slowking|Future Sight|p2a: Harry Bee-dini
|-start|p1a: Slowking|move: Future Sight
|
|upkeep
|turn|2
|
|t:|1758296406
|switch|p2a: David Copperkick|Cinderace, M|100/100
|move|p1a: Slowking|Sludge Bomb|p2a: David Copperkick
|-damage|p2a: David Copperkick|51/100
|
|upkeep
|turn|3
|
|t:|1758296414
|move|p2a: David Copperkick|Court Change|p2a: David Copperkick
|-swapsideconditions
|-activate|p2a: David Copperkick|move: Court Change
|-prepare|p1a: Slowking|Chilly Reception|[premajor]
|move|p1a: Slowking|Chilly Reception|p1a: Slowking
|-weather|Snowscape
|
|t:|1758296422
|switch|p1a: Landorus|Landorus-Therian, M|100/100|[from] Chilly Reception
|-ability|p1a: Landorus|Intimidate|boost
|-unboost|p2a: David Copperkick|atk|1
|
|-weather|Snowscape|[upkeep]
|-end|p2a: David Copperkick|move: Future Sight
|-damage|p2a: David Copperkick|0 fnt
|faint|p2a: David Copperkick
|upkeep
|
|t:|1758296429
|switch|p2a: Harry Bee-dini|Ribombee, M|100/100
|-activate|p2a: Harry Bee-dini|move: Sticky Web
|-unboost|p2a: Harry Bee-dini|spe|1
|turn|4
|
|t:|1758296437
|move|p2a: Harry Bee-dini|Sticky Web|p1a: Landorus
|-sidestart|p1: GFYSYDAR|move: Sticky Web
|move|p1a: Landorus|Stealth Rock|p2a: Harry Bee-dini
|-sidestart|p2: igoldenso|move: Stealth Rock
|
|-weather|Snowscape|[upkeep]
|upkeep
|turn|5
|
|t:|1758296443
|move|p2a: Harry Bee-dini|Moonblast|p1a: Landorus
|-damage|p1a: Landorus|57/100
|-unboost|p1a: Landorus|spa|1
|move|p1a: Landorus|U-turn|p2a: Harry Bee-dini
|-resisted|p2a: Harry Bee-dini
|-damage|p2a: Harry Bee-dini|80/100
|
|t:|1758296453
|switch|p1a: Slowking|Slowking-Galar, F|100/100|[from] U-turn
|
|-weather|Snowscape|[upkeep]
|upkeep
|turn|6
|
|t:|1758296459
|move|p2a: Harry Bee-dini|Skill Swap|p1a: Slowking
|-activate|p2a: Harry Bee-dini|move: Skill Swap|Regenerator|Honey Gather|[of] p1a: Slowking
|move|p1a: Slowking|Future Sight|p2a: Harry Bee-dini
|-start|p1a: Slowking|move: Future Sight
|
|-weather|Snowscape|[upkeep]
|upkeep
|turn|7
|
|t:|1758296466
|switch|p2a: King Strange|Kingambit, M|100/100
|-activate|p2a: King Strange|move: Sticky Web
|-unboost|p2a: King Strange|spe|1
|-ability|p2a: King Strange|Defiant|boost
|-boost|p2a: King Strange|atk|2
|-damage|p2a: King Strange|94/100|[from] Stealth Rock
|-prepare|p1a: Slowking|Chilly Reception|[premajor]
|move|p1a: Slowking|Chilly Reception|p1a: Slowking
|
|t:|1758296475
|switch|p1a: Great Tusk|Great Tusk|100/100|[from] Chilly Reception
|
|-weather|none
|upkeep
|turn|8
|
|t:|1758296482
|-terastallize|p2a: King Strange|Ghost
|move|p1a: Great Tusk|Headlong Rush|p2a: King Strange
|-damage|p2a: King Strange|46/100
|-unboost|p1a: Great Tusk|def|1
|-unboost|p1a: Great Tusk|spd|1
|move|p2a: King Strange|Iron Head|p1a: Great Tusk
|-damage|p1a: Great Tusk|0 fnt
|faint|p1a: Great Tusk
|-end|p1a: Great Tusk|Protosynthesis|[silent]
|
|-end|p2a: King Strange|move: Future Sight
|-damage|p2a: King Strange|6/100
|upkeep
|
|t:|1758296495
|switch|p1a: Alomomola|Alomomola, F, shiny|100/100
|turn|9
|
|t:|1758296499
|move|p2a: King Strange|Sucker Punch|p1a: Alomomola
|-damage|p1a: Alomomola|54/100
|move|p1a: Alomomola|Flip Turn|p2a: King Strange
|-damage|p2a: King Strange|0 fnt
|faint|p2a: King Strange
|
|t:|1758296510
|switch|p1a: Slowking|Slowking-Galar, F|100/100|[from] Flip Turn
|
|upkeep
|
|t:|1758296519
|switch|p2a: Harry Bee-dini|Ribombee, M|100/100
|-activate|p2a: Harry Bee-dini|move: Sticky Web
|-unboost|p2a: Harry Bee-dini|spe|1
|-damage|p2a: Harry Bee-dini|76/100|[from] Stealth Rock
|turn|10
|
|t:|1758296525
|move|p2a: Harry Bee-dini|Skill Swap|p1a: Slowking
|-activate|p2a: Harry Bee-dini|move: Skill Swap|Regenerator|Honey Gather|[of] p1a: Slowking
|move|p1a: Slowking|Future Sight|p2a: Harry Bee-dini
|-start|p1a: Slowking|move: Future Sight
|
|upkeep
|turn|11
|
|t:|1758296531
|switch|p2a: Malabracadabra|Malamar, M|100/100
|-activate|p2a: Malabracadabra|move: Sticky Web
|-boost|p2a: Malabracadabra|spe|1
|-damage|p2a: Malabracadabra|88/100|[from] Stealth Rock
|move|p1a: Slowking|Toxic|p2a: Malabracadabra
|-status|p2a: Malabracadabra|tox
|
|-damage|p2a: Malabracadabra|82/100 tox|[from] psn
|upkeep
|turn|12
|
|t:|1758296541
|move|p2a: Malabracadabra|Superpower|p1a: Slowking
|-resisted|p1a: Slowking
|-crit|p1a: Slowking
|-damage|p1a: Slowking|87/100
|-boost|p2a: Malabracadabra|atk|1
|-boost|p2a: Malabracadabra|def|1
|-prepare|p1a: Slowking|Chilly Reception|[premajor]
|move|p1a: Slowking|Chilly Reception|p1a: Slowking
|-weather|Snowscape
|
|t:|1758296550
|switch|p1a: Alomomola|Alomomola, F, shiny|87/100|[from] Chilly Reception
|
|-weather|Snowscape|[upkeep]
|-end|p2a: Malabracadabra|move: Future Sight
|-immune|p2a: Malabracadabra
|-damage|p2a: Malabracadabra|70/100 tox|[from] psn
|upkeep
|turn|13
|
|t:|1758296559
|move|p2a: Malabracadabra|Superpower|p1a: Alomomola
|-damage|p1a: Alomomola|59/100
|-boost|p2a: Malabracadabra|atk|1
|-boost|p2a: Malabracadabra|def|1
|move|p1a: Alomomola|Scald|p2a: Malabracadabra
|-damage|p2a: Malabracadabra|50/100 tox
|-enditem|p2a: Malabracadabra|Red Card|[of] p1a: Alomomola
|drag|p1a: Gallade|Gallade, M, shiny|100/100
|-activate|p1a: Gallade|move: Sticky Web
|-unboost|p1a: Gallade|spe|1
|
|-weather|Snowscape|[upkeep]
|-damage|p2a: Malabracadabra|31/100 tox|[from] psn
|upkeep
|turn|14
|
|t:|1758296573
|switch|p1a: Landorus|Landorus-Therian, M|57/100
|-ability|p1a: Landorus|Intimidate|boost
|-boost|p2a: Malabracadabra|atk|1
|move|p2a: Malabracadabra|Psycho Cut|p1a: Landorus
|-damage|p1a: Landorus|3/100
|
|-weather|Snowscape|[upkeep]
|-damage|p2a: Malabracadabra|7/100 tox|[from] psn
|upkeep
|turn|15
|
|t:|1758296582
|move|p2a: Malabracadabra|Superpower|p1a: Landorus
|-resisted|p1a: Landorus
|-damage|p1a: Landorus|0 fnt
|-boost|p2a: Malabracadabra|atk|1
|-boost|p2a: Malabracadabra|def|1
|-damage|p2a: Malabracadabra|0 fnt|[from] item: Rocky Helmet|[of] p1a: Landorus
|faint|p1a: Landorus
|faint|p2a: Malabracadabra
|
|-weather|Snowscape|[upkeep]
|upkeep
|
|t:|1758296592
|switch|p2a: Harry Bee-dini|Ribombee, M|100/100
|switch|p1a: Gallade|Gallade, M, shiny|100/100
|-activate|p2a: Harry Bee-dini|move: Sticky Web
|-unboost|p2a: Harry Bee-dini|spe|1
|-damage|p2a: Harry Bee-dini|76/100|[from] Stealth Rock
|-activate|p1a: Gallade|move: Sticky Web
|-unboost|p1a: Gallade|spe|1
|turn|16
|
|t:|1758296601
|switch|p1a: Slowking|Slowking-Galar, F|87/100
|move|p2a: Harry Bee-dini|Moonblast|p1a: Slowking
|-resisted|p1a: Slowking
|-damage|p1a: Slowking|76/100
|-unboost|p1a: Slowking|spa|1
|
|-weather|none
|upkeep
|turn|17
|
|t:|1758296610
|move|p2a: Harry Bee-dini|Skill Swap|p1a: Slowking
|-activate|p2a: Harry Bee-dini|move: Skill Swap|Regenerator|Honey Gather|[of] p1a: Slowking
|move|p1a: Slowking|Toxic|p2a: Harry Bee-dini
|-status|p2a: Harry Bee-dini|tox
|
|-damage|p2a: Harry Bee-dini|69/100 tox|[from] psn
|upkeep
|turn|18
|
|t:|1758296619
|move|p2a: Harry Bee-dini|Moonblast|p1a: Slowking
|-resisted|p1a: Slowking
|-damage|p1a: Slowking|64/100
|move|p1a: Slowking|Toxic|p2a: Harry Bee-dini
|-fail|p2a: Harry Bee-dini|tox
|
|-damage|p2a: Harry Bee-dini|57/100 tox|[from] psn
|upkeep
|turn|19
|
|t:|1758296628
|switch|p1a: Alomomola|Alomomola, F, shiny|93/100
|move|p2a: Harry Bee-dini|Moonblast|p1a: Alomomola
|-damage|p1a: Alomomola|44/100
|
|-damage|p2a: Harry Bee-dini|39/100 tox|[from] psn
|upkeep
|turn|20
|
|t:|1758296636
|switch|p1a: Slowking|Slowking-Galar, F|64/100
|move|p2a: Harry Bee-dini|Energy Ball|p1a: Slowking
|-resisted|p1a: Slowking
|-damage|p1a: Slowking|57/100
|
|-damage|p2a: Harry Bee-dini|14/100 tox|[from] psn
|upkeep
|turn|21
|
|t:|1758296646
|move|p2a: Harry Bee-dini|Skill Swap|p1a: Slowking
|-activate|p2a: Harry Bee-dini|move: Skill Swap|Regenerator|Regenerator|[of] p1a: Slowking
|-prepare|p1a: Slowking|Chilly Reception|[premajor]
|move|p1a: Slowking|Chilly Reception|p1a: Slowking
|-weather|Snowscape
|c|☆GFYSYDAR|Dunce
|
|t:|1758296657
|switch|p1a: Gallade|Gallade, M, shiny|100/100|[from] Chilly Reception
|-activate|p1a: Gallade|move: Sticky Web
|-unboost|p1a: Gallade|spe|1
|
|-weather|Snowscape|[upkeep]
|-damage|p2a: Harry Bee-dini|0 fnt|[from] psn
|faint|p2a: Harry Bee-dini
|upkeep
|
|t:|1758296660
|switch|p2a: Milo Constantine|Milotic, F|100/100
|-activate|p2a: Milo Constantine|move: Sticky Web
|-unboost|p2a: Milo Constantine|spe|1
|-ability|p2a: Milo Constantine|Competitive|boost
|-boost|p2a: Milo Constantine|spa|2
|-damage|p2a: Milo Constantine|88/100|[from] Stealth Rock
|turn|22
|
|t:|1758296676
|move|p1a: Gallade|Sacred Sword|p2a: Milo Constantine
|-damage|p2a: Milo Constantine|0 fnt
|faint|p2a: Milo Constantine
|
|-weather|Snowscape|[upkeep]
|upkeep
|
|t:|1758296684
|switch|p2a: Severus Snake|Serperior, M|100/100
|-activate|p2a: Severus Snake|move: Sticky Web
|-boost|p2a: Severus Snake|spe|1
|-damage|p2a: Severus Snake|88/100|[from] Stealth Rock
|turn|23
|
|t:|1758296690
|move|p2a: Severus Snake|Leaf Storm|p1a: Gallade
|-damage|p1a: Gallade|41/100
|-boost|p2a: Severus Snake|spa|2
|move|p1a: Gallade|Sacred Sword|p2a: Severus Snake
|-damage|p2a: Severus Snake|0 fnt
|faint|p2a: Severus Snake
|
|win|GFYSYDAR
|raw|GFYSYDAR's rating: 1225 &rarr; <strong>1254</strong><br />(+29 for winning)
|raw|igoldenso's rating: 1283 &rarr; <strong>1254</strong><br />(-29 for losing)
|l|☆igoldenso
|player|p2|
