|j|☆DDDWCNM
|j|☆ZU Propaganda
|t:|1758323183
|gametype|singles
|player|p1|DDDWCNM|fisherman-gen4|1097
|player|p2|ZU Propaganda|pokemonbreeder-gen4|1089
|gen|9
|tier|[Gen 9] OU
|rated|
|rule|HP Percentage Mod: HP is shown in percentages
|rule|Endless Battle Clause: Forcing endless battles is banned
|rule|Species Clause: Limit one of each Pokémon
|rule|OHKO Clause: OHKO moves are banned
|rule|Evasion Items Clause: Evasion items are banned
|rule|Evasion Moves Clause: Evasion moves are banned
|rule|Evasion Abilities Clause: Evasion abilities are banned
|rule|Sleep Moves Clause: Sleep-inducing moves are banned
|clearpoke
|poke|p1|Iron Valiant|
|poke|p1|Garchomp, F|
|poke|p1|Gholdengo|
|poke|p1|Conkeldurr, F|
|poke|p1|Kingambit, F|
|poke|p1|Chansey, F|
|poke|p2|Basculin-Blue-Striped, M|
|poke|p2|Beartic, F|
|poke|p2|Toedscruel, F|
|poke|p2|Persian-Alola, F|
|poke|p2|Mesprit|
|poke|p2|Magmortar, F|
|teampreview
|inactive|Battle timer is ON: inactive players will automatically lose when time's up. (requested by DDDWCNM)
|
|t:|1758323203
|teamsize|p1|6
|teamsize|p2|6
|start
|switch|p1a: Garchomp|Garchomp, F|100/100
|switch|p2a: Mesprit|Mesprit|100/100
|turn|1
|
|t:|1758323225
|switch|p1a: Kingambit|Kingambit, F|100/100
|move|p2a: Mesprit|Ice Beam|p1a: Kingambit
|-resisted|p1a: Kingambit
|-damage|p1a: Kingambit|87/100
|
|upkeep
|turn|2
|
|t:|1758323235
|switch|p2a: Magmortar|Magmortar, F|100/100
|move|p1a: Kingambit|Kowtow Cleave|p2a: Magmortar
|-damage|p2a: Magmortar|43/100
|-damage|p1a: Kingambit|70/100|[from] item: Rocky Helmet|[of] p2a: Magmortar
|-status|p1a: Kingambit|brn|[from] ability: Flame Body|[of] p2a: Magmortar
|-damage|p1a: Kingambit|60/100 brn|[from] item: Life Orb
|
|-damage|p1a: Kingambit|54/100 brn|[from] brn
|upkeep
|turn|3
|
|t:|1758323257
|-end|p1a: Kingambit|fallenundefined|[silent]
|switch|p1a: Chansey|Chansey, F|100/100
|move|p2a: Magmortar|Overheat|p1a: Chansey|[miss]
|-miss|p2a: Magmortar|p1a: Chansey
|
|upkeep
|turn|4
|
|t:|1758323267
|switch|p2a: Toedscruel|Toedscruel, F|100/100
|move|p1a: Chansey|Thunder Wave|p2a: Toedscruel
|-immune|p2a: Toedscruel
|
|upkeep
|turn|5
|
|t:|1758323275
|move|p1a: Chansey|Stealth Rock|p2a: Toedscruel
|-sidestart|p2: ZU Propaganda|move: Stealth Rock
|move|p2a: Toedscruel|Rain Dance|p2a: Toedscruel
|-weather|RainDance
|
|-weather|RainDance|[upkeep]
|upkeep
|turn|6
|
|t:|1758323289
|switch|p1a: Iron Valiant|Iron Valiant|100/100
|-enditem|p1a: Iron Valiant|Booster Energy
|-activate|p1a: Iron Valiant|ability: Quark Drive|[fromitem]
|-start|p1a: Iron Valiant|quarkdrivespe
|move|p2a: Toedscruel|Rapid Spin|p1a: Iron Valiant
|-damage|p1a: Iron Valiant|90/100
|-boost|p2a: Toedscruel|spe|1
|-sideend|p2: ZU Propaganda|Stealth Rock|[from] move: Rapid Spin|[of] p2a: Toedscruel
|
|-weather|RainDance|[upkeep]
|upkeep
|turn|7
|
|t:|1758323299
|move|p1a: Iron Valiant|Ice Punch|p2a: Toedscruel
|-supereffective|p2a: Toedscruel
|-enditem|p2a: Toedscruel|Focus Sash
|-damage|p2a: Toedscruel|1/100
|move|p2a: Toedscruel|Earth Power|p1a: Iron Valiant
|-damage|p1a: Iron Valiant|28/100
|
|-weather|RainDance|[upkeep]
|upkeep
|turn|8
|
|t:|1758323309
|move|p1a: Iron Valiant|Ice Punch|p2a: Toedscruel
|-supereffective|p2a: Toedscruel
|-damage|p2a: Toedscruel|0 fnt
|faint|p2a: Toedscruel
|
|-weather|RainDance|[upkeep]
|upkeep
|
|t:|1758323311
|switch|p2a: Beartic|Beartic, F|100/100
|turn|9
|
|t:|1758323322
|move|p1a: Iron Valiant|Close Combat|p2a: Beartic
|-supereffective|p2a: Beartic
|-damage|p2a: Beartic|0 fnt
|-unboost|p1a: Iron Valiant|def|1
|-unboost|p1a: Iron Valiant|spd|1
|faint|p2a: Beartic
|
|-weather|none
|upkeep
|
|t:|1758323326
|switch|p2a: Basculin|Basculin-Blue-Striped, M|100/100
|turn|10
|
|t:|1758323342
|move|p2a: Basculin|Aqua Jet|p1a: Iron Valiant
|-damage|p1a: Iron Valiant|0 fnt
|faint|p1a: Iron Valiant
|-end|p1a: Iron Valiant|Quark Drive|[silent]
|-damage|p2a: Basculin|91/100|[from] item: Life Orb
|
|upkeep
|
|t:|1758323357
|switch|p1a: Conkeldurr|Conkeldurr, F|100/100
|turn|11
|
|t:|1758323376
|-terastallize|p2a: Basculin|Water
|move|p1a: Conkeldurr|Mach Punch|p2a: Basculin
|-damage|p2a: Basculin|53/100
|move|p2a: Basculin|Liquidation|p1a: Conkeldurr
|-damage|p1a: Conkeldurr|41/100
|-damage|p2a: Basculin|43/100|[from] item: Life Orb
|
|-status|p1a: Conkeldurr|brn|[from] item: Flame Orb
|upkeep
|turn|12
|
|t:|1758323395
|switch|p2a: Magmortar|Magmortar, F|43/100
|move|p1a: Conkeldurr|Mach Punch|p2a: Magmortar
|-damage|p2a: Magmortar|12/100
|-damage|p1a: Conkeldurr|24/100 brn|[from] item: Rocky Helmet|[of] p2a: Magmortar
|
|-damage|p1a: Conkeldurr|18/100 brn|[from] brn
|upkeep
|turn|13
|
|t:|1758323405
|move|p1a: Conkeldurr|Mach Punch|p2a: Magmortar
|-damage|p2a: Magmortar|0 fnt
|-damage|p1a: Conkeldurr|2/100 brn|[from] item: Rocky Helmet|[of] p2a: Magmortar
|faint|p2a: Magmortar
|
|-damage|p1a: Conkeldurr|0 fnt|[from] brn
|faint|p1a: Conkeldurr
|upkeep
|inactive|ZU Propaganda has 120 seconds left.
|
|t:|1758323424
|switch|p2a: Mesprit|Mesprit|100/100
|switch|p1a: Kingambit|Kingambit, F|54/100 brn
|-activate|p1a: Kingambit|ability: Supreme Overlord
|-start|p1a: Kingambit|fallen2|[silent]
|turn|14
|inactive|ZU Propaganda has 120 seconds left.
|
|t:|1758323439
|switch|p2a: Persian|Persian-Alola, F|100/100
|move|p1a: Kingambit|Kowtow Cleave|p2a: Persian
|-resisted|p2a: Persian
|-damage|p2a: Persian|91/100
|-damage|p1a: Kingambit|44/100 brn|[from] item: Life Orb
|
|-damage|p1a: Kingambit|38/100 brn|[from] brn
|upkeep
|turn|15
|inactive|ZU Propaganda has 120 seconds left.
|
|t:|1758323451
|move|p2a: Persian|Fake Out|p1a: Kingambit
|-resisted|p1a: Kingambit
|-damage|p1a: Kingambit|36/100 brn
|cant|p1a: Kingambit|flinch
|
|-damage|p1a: Kingambit|29/100 brn|[from] brn
|upkeep
|turn|16
|inactive|ZU Propaganda has 120 seconds left.
|
|t:|1758323473
|move|p2a: Persian|U-turn|p1a: Kingambit
|-crit|p1a: Kingambit
|-damage|p1a: Kingambit|17/100 brn
|
|t:|1758323476
|switch|p2a: Mesprit|Mesprit|100/100|[from] U-turn
|move|p1a: Kingambit|Iron Head|p2a: Mesprit
|-damage|p2a: Mesprit|68/100
|-damage|p1a: Kingambit|7/100 brn|[from] item: Life Orb
|
|-damage|p1a: Kingambit|1/100 brn|[from] brn
|upkeep
|turn|17
|inactive|ZU Propaganda has 120 seconds left.
|
|t:|1758323486
|switch|p2a: Persian|Persian-Alola, F|91/100
|move|p1a: Kingambit|Sucker Punch||[still]
|-fail|p1a: Kingambit
|
|-damage|p1a: Kingambit|0 fnt|[from] brn
|faint|p1a: Kingambit
|-end|p1a: Kingambit|fallen2|[silent]
|upkeep
|
|t:|1758323504
|switch|p1a: Garchomp|Garchomp, F|100/100
|turn|18
|
|t:|1758323516
|move|p2a: Persian|Fake Out|p1a: Garchomp
|-damage|p1a: Garchomp|94/100
|-damage|p2a: Persian|79/100|[from] ability: Rough Skin|[of] p1a: Garchomp
|cant|p1a: Garchomp|flinch
|
|upkeep
|turn|19
|
|t:|1758323525
|-terastallize|p1a: Garchomp|Dragon
|move|p1a: Garchomp|Dragon Claw|p2a: Persian
|-damage|p2a: Persian|38/100
|move|p2a: Persian|Knock Off|p1a: Garchomp
|-damage|p1a: Garchomp|72/100
|-damage|p2a: Persian|25/100|[from] ability: Rough Skin|[of] p1a: Garchomp
|-enditem|p1a: Garchomp|Choice Band|[from] move: Knock Off|[of] p2a: Persian
|
|upkeep
|turn|20
|
|t:|1758323538
|move|p1a: Garchomp|Earthquake|p2a: Persian
|-damage|p2a: Persian|0 fnt
|faint|p2a: Persian
|
|upkeep
|
|t:|1758323542
|switch|p2a: Basculin|Basculin-Blue-Striped, M, tera:Water|43/100
|turn|21
|
|t:|1758323549
|move|p2a: Basculin|Aqua Jet|p1a: Garchomp
|-resisted|p1a: Garchomp
|-damage|p1a: Garchomp|57/100
|-damage|p2a: Basculin|31/100|[from] ability: Rough Skin|[of] p1a: Garchomp
|-damage|p2a: Basculin|21/100|[from] item: Life Orb
|move|p1a: Garchomp|Earthquake|p2a: Basculin
|-damage|p2a: Basculin|0 fnt
|faint|p2a: Basculin
|
|upkeep
|
|t:|1758323552
|switch|p2a: Mesprit|Mesprit|68/100
|turn|22
|
|t:|1758323562
|move|p1a: Garchomp|Dragon Claw|p2a: Mesprit
|-damage|p2a: Mesprit|16/100
|move|p2a: Mesprit|Ice Beam|p1a: Garchomp
|-supereffective|p1a: Garchomp
|-damage|p1a: Garchomp|0 fnt
|faint|p1a: Garchomp
|
|upkeep
|
|t:|1758323570
|switch|p1a: Gholdengo|Gholdengo|100/100
|turn|23
|
|t:|1758323576
|move|p1a: Gholdengo|Poltergeist|p2a: Mesprit
|-activate|p2a: Mesprit|move: Poltergeist|Heavy-Duty Boots
|-supereffective|p2a: Mesprit
|-damage|p2a: Mesprit|0 fnt
|faint|p2a: Mesprit
|
|win|DDDWCNM
|raw|DDDWCNM's rating: 1097 &rarr; <strong>1122</strong><br />(+25 for winning)
|raw|ZU Propaganda's rating: 1089 &rarr; <strong>1066</strong><br />(-23 for losing)
|l|☆ZU Propaganda
|player|p2|
|l|☆DDDWCNM
|player|p1|
