|j|☆PlonkDaGod
|j|☆schoolwifisucks22
|t:|1758237371
|gametype|singles
|player|p1|PlonkDaGod|rosa|1170
|player|p2|schoolwifisucks22|swimmerf-gen4|1185
|gen|9
|tier|[Gen 9] OU
|rated|
|rule|HP Percentage Mod: HP is shown in percentages
|rule|Endless Battle Clause: Forcing endless battles is banned
|rule|Species Clause: Limit one of each Pokémon
|rule|OHKO Clause: OHKO moves are banned
|rule|Evasion Items Clause: Evasion items are banned
|rule|Evasion Moves Clause: Evasion moves are banned
|rule|Evasion Abilities Clause: Evasion abilities are banned
|rule|Sleep Moves Clause: Sleep-inducing moves are banned
|clearpoke
|poke|p1|Arcanine-Hisui, F|
|poke|p1|Rotom-Wash|
|poke|p1|Garganacl, M|
|poke|p1|Meowscarada, F|
|poke|p1|Great Tusk|
|poke|p1|Latias, F|
|poke|p2|Slowking-Galar, M|
|poke|p2|Araquanid, M|
|poke|p2|Kommo-o, F|
|poke|p2|Quaquaval, M|
|poke|p2|Iron Treads|
|poke|p2|Kingambit, M|
|teampreview
|inactive|Battle timer is ON: inactive players will automatically lose when time's up. (requested by schoolwifisucks22)
|
|t:|1758237394
|teamsize|p1|6
|teamsize|p2|6
|start
|switch|p1a: Rotom|Rotom-Wash|100/100
|switch|p2a: Mount&Dew me pls|Araquanid, M, shiny|100/100
|turn|1
|
|t:|1758237401
|move|p1a: Rotom|Volt Switch|p2a: Mount&Dew me pls
|-supereffective|p2a: Mount&Dew me pls
|-damage|p2a: Mount&Dew me pls|58/100
|
|t:|1758237410
|switch|p1a: Great Tusk|Great Tusk|100/100|[from] Volt Switch
|move|p2a: Mount&Dew me pls|Sticky Web|p1a: Great Tusk
|-sidestart|p1: PlonkDaGod|move: Sticky Web
|
|upkeep
|turn|2
|
|t:|1758237416
|move|p1a: Great Tusk|Stealth Rock|p2a: Mount&Dew me pls
|-sidestart|p2: schoolwifisucks22|move: Stealth Rock
|move|p2a: Mount&Dew me pls|Surf|p1a: Great Tusk
|-supereffective|p1a: Great Tusk
|-damage|p1a: Great Tusk|2/100
|
|-heal|p1a: Great Tusk|9/100|[from] item: Leftovers
|upkeep
|turn|3
|
|t:|1758237423
|-end|p1a: Great Tusk|Protosynthesis|[silent]
|switch|p1a: Latias|Latias, F|100/100
|move|p2a: Mount&Dew me pls|Sticky Web||[still]
|-fail|p2a: Mount&Dew me pls
|
|upkeep
|turn|4
|
|t:|1758237431
|move|p1a: Latias|Psyshock|p2a: Mount&Dew me pls
|-damage|p2a: Mount&Dew me pls|32/100
|move|p2a: Mount&Dew me pls|Infestation|p1a: Latias
|-supereffective|p1a: Latias
|-crit|p1a: Latias
|-damage|p1a: Latias|90/100
|-activate|p1a: Latias|move: Infestation|[of] p2a: Mount&Dew me pls
|
|-heal|p1a: Latias|96/100|[from] item: Leftovers
|-damage|p1a: Latias|84/100|[from] move: Infestation|[partiallytrapped]
|upkeep
|turn|5
|
|t:|1758237447
|move|p1a: Latias|Psyshock|p2a: Mount&Dew me pls
|-damage|p2a: Mount&Dew me pls|7/100
|move|p2a: Mount&Dew me pls|Infestation|p1a: Latias
|-supereffective|p1a: Latias
|-damage|p1a: Latias|78/100
|
|-heal|p1a: Latias|84/100|[from] item: Leftovers
|-damage|p1a: Latias|71/100|[from] move: Infestation|[partiallytrapped]
|upkeep
|turn|6
|-enditem|p2a: Mount&Dew me pls|Custap Berry|[eat]
|-activate|p2a: Mount&Dew me pls|item: Custap Berry|[consumed]
|
|t:|1758237455
|move|p2a: Mount&Dew me pls|Endeavor|p1a: Latias
|-damage|p1a: Latias|8/100
|move|p1a: Latias|Psyshock|p2a: Mount&Dew me pls
|-damage|p2a: Mount&Dew me pls|0 fnt
|faint|p2a: Mount&Dew me pls
|
|-heal|p1a: Latias|14/100|[from] item: Leftovers
|-end|p1a: Latias|Infestation|[partiallytrapped]|[silent]
|upkeep
|inactive|schoolwifisucks22 has 120 seconds left.
|
|t:|1758237485
|switch|p2a: 🤓🤓🤓|Slowking-Galar, M|100/100
|-damage|p2a: 🤓🤓🤓|88/100|[from] Stealth Rock
|turn|7
|
|t:|1758237493
|move|p1a: Latias|Recover|p1a: Latias
|-heal|p1a: Latias|64/100
|move|p2a: 🤓🤓🤓|Future Sight|p1a: Latias
|-start|p2a: 🤓🤓🤓|move: Future Sight
|
|-heal|p1a: Latias|70/100|[from] item: Leftovers
|upkeep
|turn|8
|
|t:|1758237502
|move|p1a: Latias|Air Slash|p2a: 🤓🤓🤓
|-damage|p2a: 🤓🤓🤓|71/100
|cant|p2a: 🤓🤓🤓|flinch
|
|-heal|p1a: Latias|76/100|[from] item: Leftovers
|upkeep
|turn|9
|
|t:|1758237511
|move|p1a: Latias|Air Slash|p2a: 🤓🤓🤓
|-damage|p2a: 🤓🤓🤓|55/100
|move|p2a: 🤓🤓🤓|Ice Beam|p1a: Latias
|-supereffective|p1a: Latias
|-damage|p1a: Latias|41/100
|
|-end|p1a: Latias|move: Future Sight
|-resisted|p1a: Latias
|-damage|p1a: Latias|24/100
|-heal|p1a: Latias|30/100|[from] item: Leftovers
|upkeep
|turn|10
|
|t:|1758237525
|move|p1a: Latias|Recover|p1a: Latias
|-heal|p1a: Latias|80/100
|move|p2a: 🤓🤓🤓|Ice Beam|p1a: Latias
|-supereffective|p1a: Latias
|-damage|p1a: Latias|44/100
|
|-heal|p1a: Latias|50/100|[from] item: Leftovers
|upkeep
|turn|11
|
|t:|1758237532
|move|p1a: Latias|Recover|p1a: Latias
|-heal|p1a: Latias|100/100
|move|p2a: 🤓🤓🤓|Future Sight|p1a: Latias
|-start|p2a: 🤓🤓🤓|move: Future Sight
|
|upkeep
|turn|12
|
|t:|1758237557
|move|p1a: Latias|Psyshock|p2a: 🤓🤓🤓
|-damage|p2a: 🤓🤓🤓|31/100
|move|p2a: 🤓🤓🤓|Sludge Bomb|p1a: Latias
|-damage|p1a: Latias|75/100
|
|-heal|p1a: Latias|81/100|[from] item: Leftovers
|upkeep
|turn|13
|inactive|schoolwifisucks22 has 120 seconds left.
|
|t:|1758237591
|move|p1a: Latias|Psyshock|p2a: 🤓🤓🤓
|-damage|p2a: 🤓🤓🤓|6/100
|move|p2a: 🤓🤓🤓|Ice Beam|p1a: Latias
|-supereffective|p1a: Latias
|-damage|p1a: Latias|49/100
|-status|p1a: Latias|frz
|
|-end|p1a: Latias|move: Future Sight
|-resisted|p1a: Latias
|-damage|p1a: Latias|34/100 frz
|-heal|p1a: Latias|40/100 frz|[from] item: Leftovers
|upkeep
|turn|14
|
|t:|1758237615
|switch|p2a: Scala Bareilles|Kommo-o, F|100/100
|-damage|p2a: Scala Bareilles|94/100|[from] Stealth Rock
|-terastallize|p1a: Latias|Water
|cant|p1a: Latias|frz
|
|-heal|p1a: Latias|46/100 frz|[from] item: Leftovers
|upkeep
|turn|15
|inactive|PlonkDaGod has 120 seconds left.
|
|t:|1758237635
|switch|p1a: Garganacl|Garganacl, M|100/100
|-activate|p1a: Garganacl|move: Sticky Web
|-unboost|p1a: Garganacl|spe|1
|move|p2a: Scala Bareilles|Clangorous Soul|p2a: Scala Bareilles
|-boost|p2a: Scala Bareilles|atk|1
|-boost|p2a: Scala Bareilles|def|1
|-boost|p2a: Scala Bareilles|spa|1
|-boost|p2a: Scala Bareilles|spd|1
|-boost|p2a: Scala Bareilles|spe|1
|-damage|p2a: Scala Bareilles|61/100
|-enditem|p2a: Scala Bareilles|Throat Spray
|-boost|p2a: Scala Bareilles|spa|1|[from] item: Throat Spray
|
|upkeep
|turn|16
|inactive|PlonkDaGod has 120 seconds left.
|
|t:|1758237647
|move|p2a: Scala Bareilles|Clangorous Soul|p2a: Scala Bareilles
|-boost|p2a: Scala Bareilles|atk|1
|-boost|p2a: Scala Bareilles|def|1
|-boost|p2a: Scala Bareilles|spa|1
|-boost|p2a: Scala Bareilles|spd|1
|-boost|p2a: Scala Bareilles|spe|1
|-damage|p2a: Scala Bareilles|28/100
|move|p1a: Garganacl|Curse|p1a: Garganacl
|-unboost|p1a: Garganacl|spe|1
|-boost|p1a: Garganacl|atk|1
|-boost|p1a: Garganacl|def|1
|
|upkeep
|turn|17
|inactive|PlonkDaGod has 120 seconds left.
|
|t:|1758237668
|move|p2a: Scala Bareilles|Drain Punch|p1a: Garganacl
|-supereffective|p1a: Garganacl
|-damage|p1a: Garganacl|49/100
|-heal|p2a: Scala Bareilles|64/100|[from] drain|[of] p1a: Garganacl
|move|p1a: Garganacl|Curse|p1a: Garganacl
|-unboost|p1a: Garganacl|spe|1
|-boost|p1a: Garganacl|atk|1
|-boost|p1a: Garganacl|def|1
|
|-heal|p1a: Garganacl|55/100|[from] item: Leftovers
|upkeep
|turn|18
|
|t:|1758237682
|move|p2a: Scala Bareilles|Clangorous Soul|p2a: Scala Bareilles
|-boost|p2a: Scala Bareilles|atk|1
|-boost|p2a: Scala Bareilles|def|1
|-boost|p2a: Scala Bareilles|spa|1
|-boost|p2a: Scala Bareilles|spd|1
|-boost|p2a: Scala Bareilles|spe|1
|-damage|p2a: Scala Bareilles|31/100
|move|p1a: Garganacl|Recover|p1a: Garganacl
|-heal|p1a: Garganacl|100/100
|
|upkeep
|turn|19
|
|t:|1758237701
|move|p2a: Scala Bareilles|Drain Punch|p1a: Garganacl
|-supereffective|p1a: Garganacl
|-crit|p1a: Garganacl
|-damage|p1a: Garganacl|0 fnt
|-heal|p2a: Scala Bareilles|100/100|[from] drain|[of] p1a: Garganacl
|faint|p1a: Garganacl
|
|upkeep
|
|t:|1758237710
|switch|p1a: Rotom|Rotom-Wash|100/100
|turn|20
|
|t:|1758237715
|-terastallize|p2a: Scala Bareilles|Normal
|move|p2a: Scala Bareilles|Boomburst|p1a: Rotom
|-damage|p1a: Rotom|0 fnt
|faint|p1a: Rotom
|
|upkeep
|-message|PlonkDaGod forfeited.
|
|win|schoolwifisucks22
|raw|PlonkDaGod's rating: 1170 &rarr; <strong>1146</strong><br />(-24 for losing)
|raw|schoolwifisucks22's rating: 1185 &rarr; <strong>1209</strong><br />(+24 for winning)
|l|☆PlonkDaGod
|player|p1|
