|j|☆cissybtm4fun
|j|☆lidox
|t:|1758373168
|gametype|singles
|player|p1|cissybtm4fun|skytrainer|1397
|player|p2|lidox|lucas|1383
|gen|9
|tier|[Gen 9] OU
|rated|
|rule|HP Percentage Mod: HP is shown in percentages
|rule|Endless Battle Clause: Forcing endless battles is banned
|rule|Species Clause: Limit one of each Pokémon
|rule|OHKO Clause: OHKO moves are banned
|rule|Evasion Items Clause: Evasion items are banned
|rule|Evasion Moves Clause: Evasion moves are banned
|rule|Evasion Abilities Clause: Evasion abilities are banned
|rule|Sleep Moves Clause: Sleep-inducing moves are banned
|clearpoke
|poke|p1|Iron Valiant|
|poke|p1|Flamigo, M|
|poke|p1|Pecharunt|
|poke|p1|Great Tusk|
|poke|p1|Moltres|
|poke|p1|Araquanid, F|
|poke|p2|Indeedee, M|
|poke|p2|Hatterene, F|
|poke|p2|Ursaluna, F|
|poke|p2|Iron Hands|
|poke|p2|Hoopa-Unbound|
|poke|p2|Mimikyu, F|
|teampreview
|inactive|Battle timer is ON: inactive players will automatically lose when time's up. (requested by lidox)
|inactive|cissybtm4fun also wants the timer to be on.
|
|t:|1758373179
|teamsize|p1|6
|teamsize|p2|6
|start
|switch|p1a: Amigo|Flamigo, M, shiny|100/100
|switch|p2a: Subaru|Indeedee, M, shiny|100/100
|-fieldstart|move: Psychic Terrain|[from] ability: Psychic Surge|[of] p2a: Subaru
|turn|1
|
|t:|1758373188
|move|p1a: Amigo|Close Combat|p2a: Subaru
|-damage|p2a: Subaru|32/100
|-unboost|p1a: Amigo|def|1
|-unboost|p1a: Amigo|spd|1
|move|p2a: Subaru|Trick Room|p2a: Subaru
|-fieldstart|move: Trick Room|[of] p2a: Subaru
|
|upkeep
|turn|2
|
|t:|1758373197
|switch|p2a: Satella|Hatterene, F, shiny|100/100
|switch|p1a: Charklo|Araquanid, F|100/100
|
|upkeep
|turn|3
|
|t:|1758373220
|move|p2a: Satella|Expanding Force|p1a: Charklo
|-damage|p1a: Charklo|9/100
|-damage|p2a: Satella|91/100|[from] item: Life Orb
|move|p1a: Charklo|Hydro Pump|p2a: Satella
|-damage|p2a: Satella|20/100
|
|upkeep
|turn|4
|-enditem|p1a: Charklo|Custap Berry|[eat]
|-activate|p1a: Charklo|item: Custap Berry|[consumed]
|
|t:|1758373228
|move|p1a: Charklo|Hydro Pump|p2a: Satella
|-damage|p2a: Satella|0 fnt
|faint|p2a: Satella
|
|upkeep
|inactive|lidox has 120 seconds left.
|
|t:|1758373255
|switch|p2a: LEBRON|Iron Hands, shiny|100/100
|-enditem|p2a: LEBRON|Booster Energy
|-activate|p2a: LEBRON|ability: Quark Drive|[fromitem]
|-start|p2a: LEBRON|quarkdriveatk
|turn|5
|inactive|lidox has 120 seconds left.
|
|t:|1758373273
|switch|p1a: Nigel|Pecharunt|100/100
|move|p2a: LEBRON|Ice Punch|p1a: Nigel
|-damage|p1a: Nigel|81/100
|
|-fieldend|move: Trick Room
|upkeep
|turn|6
|
|t:|1758373285
|-terastallize|p2a: LEBRON|Flying
|move|p1a: Nigel|Malignant Chain|p2a: LEBRON
|-damage|p2a: LEBRON|76/100
|move|p2a: LEBRON|Heavy Slam|p1a: Nigel
|-damage|p1a: Nigel|51/100
|
|upkeep
|turn|7
|
|t:|1758373299
|-end|p2a: LEBRON|Quark Drive|[silent]
|switch|p2a: King Von|Hoopa-Unbound|100/100
|-enditem|p2a: King Von|Psychic Seed
|-boost|p2a: King Von|spd|1|[from] item: Psychic Seed
|move|p1a: Nigel|Malignant Chain|p2a: King Von
|-damage|p2a: King Von|84/100
|-status|p2a: King Von|tox
|-start|p2a: King Von|confusion|[from] ability: Poison Puppeteer|[of] p1a: Nigel
|
|-damage|p2a: King Von|78/100 tox|[from] psn
|upkeep
|turn|8
|
|t:|1758373310
|switch|p1a: Charklo|Araquanid, F|9/100
|-activate|p2a: King Von|confusion
|-damage|p2a: King Von|61/100 tox|[from] confusion
|
|-damage|p2a: King Von|49/100 tox|[from] psn
|-fieldend|move: Psychic Terrain
|upkeep
|turn|9
|
|t:|1758373314
|-activate|p2a: King Von|confusion
|move|p2a: King Von|Expanding Force|p1a: Charklo
|-damage|p1a: Charklo|0 fnt
|faint|p1a: Charklo
|
|-damage|p2a: King Von|31/100 tox|[from] psn
|upkeep
|
|t:|1758373317
|switch|p1a: Amigo|Flamigo, M, shiny|100/100
|turn|10
|
|t:|1758373318
|move|p1a: Amigo|U-turn|p2a: King Von
|-supereffective|p2a: King Von
|-crit|p2a: King Von
|-damage|p2a: King Von|0 fnt
|faint|p2a: King Von
|
|t:|1758373326
|switch|p1a: Coco|Great Tusk|100/100|[from] U-turn
|
|upkeep
|
|t:|1758373345
|switch|p2a: Mimi|Mimikyu, F, shiny|100/100
|turn|11
|
|t:|1758373348
|move|p1a: Coco|Knock Off|p2a: Mimi
|-activate|p2a: Mimi|ability: Disguise
|-damage|p2a: Mimi|100/100
|-enditem|p2a: Mimi|Red Card|[from] move: Knock Off|[of] p1a: Coco
|detailschange|p2a: Mimi|Mimikyu-Busted, F, shiny
|-damage|p2a: Mimi|88/100|[from] pokemon: Mimikyu-Busted
|move|p2a: Mimi|Trick Room|p2a: Mimi
|-fieldstart|move: Trick Room|[of] p2a: Mimi
|
|upkeep
|turn|12
|
|t:|1758373361
|switch|p2a: Crashout YN|Ursaluna, F, shiny|100/100
|move|p1a: Coco|Headlong Rush|p2a: Crashout YN
|-crit|p2a: Crashout YN
|-damage|p2a: Crashout YN|39/100
|-unboost|p1a: Coco|def|1
|-unboost|p1a: Coco|spd|1
|
|-status|p2a: Crashout YN|brn|[from] item: Flame Orb
|upkeep
|turn|13
|
|t:|1758373371
|-end|p1a: Coco|Protosynthesis|[silent]
|switch|p1a: Nigel|Pecharunt|51/100
|move|p2a: Crashout YN|Supercell Slam|p1a: Nigel
|-damage|p1a: Nigel|23/100
|
|-damage|p2a: Crashout YN|33/100 brn|[from] brn
|upkeep
|turn|14
|
|t:|1758373379
|switch|p1a: Coco|Great Tusk|100/100
|move|p2a: Crashout YN|Headlong Rush|p1a: Coco
|-damage|p1a: Coco|16/100
|-unboost|p2a: Crashout YN|def|1
|-unboost|p2a: Crashout YN|spd|1
|
|-damage|p2a: Crashout YN|27/100 brn|[from] brn
|upkeep
|turn|15
|
|t:|1758373385
|-end|p1a: Coco|Protosynthesis|[silent]
|switch|p1a: Nigel|Pecharunt|23/100
|move|p2a: Crashout YN|Ice Punch|p1a: Nigel
|-damage|p1a: Nigel|3/100
|
|-damage|p2a: Crashout YN|21/100 brn|[from] brn
|-fieldend|move: Trick Room
|upkeep
|turn|16
|
|t:|1758373396
|move|p1a: Nigel|Malignant Chain|p2a: Crashout YN
|-resisted|p2a: Crashout YN
|-damage|p2a: Crashout YN|0 fnt
|faint|p2a: Crashout YN
|
|upkeep
|
|t:|1758373401
|switch|p2a: Mimi|Mimikyu-Busted, F, shiny|88/100
|turn|17
|
|t:|1758373403
|move|p1a: Nigel|Recover|p1a: Nigel
|-heal|p1a: Nigel|53/100
|move|p2a: Mimi|Trick Room|p2a: Mimi
|-fieldstart|move: Trick Room|[of] p2a: Mimi
|
|upkeep
|turn|18
|
|t:|1758373406
|move|p2a: Mimi|Destiny Bond|p2a: Mimi
|-singlemove|p2a: Mimi|Destiny Bond
|move|p1a: Nigel|Recover|p1a: Nigel
|-heal|p1a: Nigel|100/100
|
|upkeep
|turn|19
|
|t:|1758373410
|move|p2a: Mimi|Curse|p1a: Nigel
|-start|p1a: Nigel|Curse|[of] p2a: Mimi
|-damage|p2a: Mimi|38/100
|move|p1a: Nigel|Malignant Chain|p2a: Mimi
|-damage|p2a: Mimi|4/100
|-status|p2a: Mimi|tox
|-start|p2a: Mimi|confusion|[from] ability: Poison Puppeteer|[of] p1a: Nigel
|
|-damage|p2a: Mimi|0 fnt|[from] psn
|faint|p2a: Mimi
|-damage|p1a: Nigel|76/100|[from] Curse
|upkeep
|-message|lidox forfeited.
|
|win|cissybtm4fun
|raw|cissybtm4fun's rating: 1397 &rarr; <strong>1416</strong><br />(+19 for winning)
|raw|lidox's rating: 1383 &rarr; <strong>1364</strong><br />(-19 for losing)
|l|☆lidox
|player|p2|
|l|☆cissybtm4fun
|player|p1|
