|j|☆adinos
|j|☆John Mahmoud
|t:|1758279452
|gametype|singles
|player|p1|adinos|riley|1337
|player|p2|John Mahmoud|102|1332
|gen|9
|tier|[Gen 9] OU
|rated|
|rule|HP Percentage Mod: HP is shown in percentages
|rule|Endless Battle Clause: Forcing endless battles is banned
|rule|Species Clause: Limit one of each Pokémon
|rule|OHKO Clause: OHKO moves are banned
|rule|Evasion Items Clause: Evasion items are banned
|rule|Evasion Moves Clause: Evasion moves are banned
|rule|Evasion Abilities Clause: Evasion abilities are banned
|rule|Sleep Moves Clause: Sleep-inducing moves are banned
|clearpoke
|poke|p1|Dragonite, F|
|poke|p1|Zamazenta-*|
|poke|p1|Landorus-Therian, M|
|poke|p1|Gholdengo|
|poke|p1|Darkrai|
|poke|p1|Hatterene, F|
|poke|p2|Great Tusk|
|poke|p2|Azumarill, M|
|poke|p2|Iron Crown|
|poke|p2|Zapdos|
|poke|p2|Cinderace, M|
|poke|p2|Dragapult, M|
|teampreview
|inactive|Battle timer is ON: inactive players will automatically lose when time's up. (requested by John Mahmoud)
|
|t:|1758279481
|teamsize|p1|6
|teamsize|p2|6
|start
|switch|p1a: Landorus|Landorus-Therian, M|100/100
|switch|p2a: Gros corn|Great Tusk|100/100
|-ability|p1a: Landorus|Intimidate|boost
|-unboost|p2a: Gros corn|atk|1
|turn|1
|
|t:|1758279490
|move|p1a: Landorus|Stealth Rock|p2a: Gros corn
|-sidestart|p2: John Mahmoud|move: Stealth Rock
|move|p2a: Gros corn|Rapid Spin|p1a: Landorus
|-damage|p1a: Landorus|88/100
|-boost|p2a: Gros corn|spe|1
|-damage|p2a: Gros corn|84/100|[from] item: Rocky Helmet|[of] p1a: Landorus
|-sideend|p2: John Mahmoud|Stealth Rock|[from] move: Rapid Spin|[of] p2a: Gros corn
|
|upkeep
|turn|2
|
|t:|1758279498
|move|p2a: Gros corn|Ice Spinner|p1a: Landorus
|-supereffective|p1a: Landorus
|-crit|p1a: Landorus
|-damage|p1a: Landorus|0 fnt
|-damage|p2a: Gros corn|67/100|[from] item: Rocky Helmet|[of] p1a: Landorus
|faint|p1a: Landorus
|
|upkeep
|inactive|adinos has 120 seconds left.
|
|t:|1758279540
|switch|p1a: Hatterene|Hatterene, F|100/100
|turn|3
|
|t:|1758279550
|-end|p2a: Gros corn|Protosynthesis|[silent]
|switch|p2a: Désiré Doué|Cinderace, M|100/100
|move|p1a: Hatterene|Psyshock|p2a: Désiré Doué
|-damage|p2a: Désiré Doué|41/100
|
|upkeep
|turn|4
|
|t:|1758279557
|move|p2a: Désiré Doué|Gunk Shot|p1a: Hatterene
|-start|p2a: Désiré Doué|typechange|Poison|[from] ability: Libero
|-supereffective|p1a: Hatterene
|-damage|p1a: Hatterene|0 fnt
|faint|p1a: Hatterene
|
|upkeep
|
|t:|1758279574
|switch|p1a: Dragonite|Dragonite, F|100/100
|turn|5
|
|t:|1758279584
|move|p2a: Désiré Doué|U-turn|p1a: Dragonite
|-resisted|p1a: Dragonite
|-damage|p1a: Dragonite|94/100
|
|t:|1758279588
|switch|p2a: Bitenbois|Azumarill, M|100/100|[from] U-turn
|move|p1a: Dragonite|Dragon Dance|p1a: Dragonite
|-boost|p1a: Dragonite|atk|1
|-boost|p1a: Dragonite|spe|1
|
|upkeep
|turn|6
|
|t:|1758279596
|-terastallize|p1a: Dragonite|Flying
|move|p1a: Dragonite|Dragon Dance|p1a: Dragonite
|-boost|p1a: Dragonite|atk|1
|-boost|p1a: Dragonite|spe|1
|move|p2a: Bitenbois|Play Rough|p1a: Dragonite
|-damage|p1a: Dragonite|0 fnt
|faint|p1a: Dragonite
|
|upkeep
|
|t:|1758279606
|switch|p1a: Gholdengo|Gholdengo|100/100
|turn|7
|c|☆adinos|Damn
|
|t:|1758279616
|switch|p2a: Gros corn|Great Tusk|67/100
|move|p1a: Gholdengo|Thunderbolt|p2a: Gros corn
|-immune|p2a: Gros corn
|
|upkeep
|turn|8
|
|t:|1758279623
|switch|p1a: Zamazenta|Zamazenta|100/100
|-ability|p1a: Zamazenta|Dauntless Shield|boost
|-boost|p1a: Zamazenta|def|1
|move|p2a: Gros corn|Earthquake|p1a: Zamazenta
|-damage|p1a: Zamazenta|73/100
|
|-heal|p1a: Zamazenta|79/100|[from] item: Leftovers
|upkeep
|turn|9
|
|t:|1758279633
|-end|p2a: Gros corn|Protosynthesis|[silent]
|switch|p2a: Joe Yabuki|Zapdos|100/100
|move|p1a: Zamazenta|Iron Defense|p1a: Zamazenta
|-boost|p1a: Zamazenta|def|2
|
|-heal|p1a: Zamazenta|85/100|[from] item: Leftovers
|upkeep
|turn|10
|
|t:|1758279641
|move|p1a: Zamazenta|Iron Defense|p1a: Zamazenta
|-boost|p1a: Zamazenta|def|2
|move|p2a: Joe Yabuki|Hurricane|p1a: Zamazenta
|-supereffective|p1a: Zamazenta
|-damage|p1a: Zamazenta|0 fnt
|faint|p1a: Zamazenta
|
|upkeep
|
|t:|1758279646
|switch|p1a: Darkrai|Darkrai|100/100
|turn|11
|
|t:|1758279655
|move|p1a: Darkrai|Ice Beam|p2a: Joe Yabuki
|-supereffective|p2a: Joe Yabuki
|-damage|p2a: Joe Yabuki|46/100
|move|p2a: Joe Yabuki|Volt Switch|p1a: Darkrai
|-damage|p1a: Darkrai|55/100
|
|t:|1758279665
|switch|p2a: Bitenbois|Azumarill, M|100/100|[from] Volt Switch
|
|upkeep
|turn|12
|
|t:|1758279672
|switch|p1a: Gholdengo|Gholdengo|100/100
|-terastallize|p2a: Bitenbois|Water
|move|p2a: Bitenbois|Aqua Jet|p1a: Gholdengo
|-damage|p1a: Gholdengo|47/100
|
|upkeep
|turn|13
|
|t:|1758279680
|move|p2a: Bitenbois|Aqua Jet|p1a: Gholdengo
|-damage|p1a: Gholdengo|0 fnt
|faint|p1a: Gholdengo
|
|upkeep
|-message|adinos forfeited.
|
|win|John Mahmoud
|raw|adinos's rating: 1337 &rarr; <strong>1317</strong><br />(-20 for losing)
|raw|John Mahmoud's rating: 1332 &rarr; <strong>1352</strong><br />(+20 for winning)
|l|☆adinos
|player|p1|
