|j|☆Oreoinabox
|j|☆jankenflwr
|t:|1758377914
|gametype|singles
|player|p1|Oreoinabox|266|1350
|player|p2|jankenflwr|burnet|1398
|gen|9
|tier|[Gen 9] OU
|rated|
|rule|HP Percentage Mod: HP is shown in percentages
|rule|Endless Battle Clause: Forcing endless battles is banned
|rule|Species Clause: Limit one of each Pokémon
|rule|OHKO Clause: OHKO moves are banned
|rule|Evasion Items Clause: Evasion items are banned
|rule|Evasion Moves Clause: Evasion moves are banned
|rule|Evasion Abilities Clause: Evasion abilities are banned
|rule|Sleep Moves Clause: Sleep-inducing moves are banned
|clearpoke
|poke|p1|Iron Thorns|
|poke|p1|Araquanid, F|
|poke|p1|Blastoise, F|
|poke|p1|Corviknight, F|
|poke|p1|Great Tusk|
|poke|p1|Meowscarada, M|
|poke|p2|Dragapult, M|
|poke|p2|Dragonite, F|
|poke|p2|Ting-Lu|
|poke|p2|Weezing-Galar, F|
|poke|p2|Iron Crown|
|poke|p2|Zapdos|
|teampreview
|inactive|Battle timer is ON: inactive players will automatically lose when time's up. (requested by Oreoinabox)
|inactive|jankenflwr has 120 seconds left.
|inactive|jankenflwr has 90 seconds left.
|inactive|jankenflwr has 60 seconds left.
|
|t:|1758378019
|teamsize|p1|6
|teamsize|p2|6
|start
|switch|p1a: Araquanid|Araquanid, F|100/100
|switch|p2a: Zapdos|Zapdos|100/100
|turn|1
|inactive|jankenflwr has 120 seconds left.
|
|t:|1758378026
|move|p2a: Zapdos|Hurricane|p1a: Araquanid
|-supereffective|p1a: Araquanid
|-damage|p1a: Araquanid|7/100
|move|p1a: Araquanid|Sticky Web|p2a: Zapdos
|-sidestart|p2: jankenflwr|move: Sticky Web
|
|upkeep
|turn|2
|
|t:|1758378035
|move|p2a: Zapdos|Heat Wave|p1a: Araquanid|[miss]
|-miss|p2a: Zapdos|p1a: Araquanid
|move|p1a: Araquanid|Liquidation|p2a: Zapdos
|-damage|p2a: Zapdos|28/100
|-status|p1a: Araquanid|par|[from] ability: Static|[of] p2a: Zapdos
|
|upkeep
|turn|3
|
|t:|1758378040
|move|p2a: Zapdos|Heat Wave|p1a: Araquanid
|-damage|p1a: Araquanid|0 fnt
|faint|p1a: Araquanid
|
|upkeep
|
|t:|1758378049
|switch|p1a: Iron Thorns|Iron Thorns|100/100
|-enditem|p1a: Iron Thorns|Booster Energy
|-activate|p1a: Iron Thorns|ability: Quark Drive|[fromitem]
|-start|p1a: Iron Thorns|quarkdriveatk
|turn|4
|
|t:|1758378054
|move|p2a: Zapdos|Volt Switch|p1a: Iron Thorns
|-resisted|p1a: Iron Thorns
|-damage|p1a: Iron Thorns|78/100
|
|t:|1758378060
|switch|p2a: Dragapult|Dragapult, M|100/100|[from] Volt Switch
|move|p1a: Iron Thorns|Dragon Dance|p1a: Iron Thorns
|-boost|p1a: Iron Thorns|atk|1
|-boost|p1a: Iron Thorns|spe|1
|
|upkeep
|turn|5
|
|t:|1758378070
|move|p2a: Dragapult|Will-O-Wisp|p1a: Iron Thorns
|-status|p1a: Iron Thorns|brn
|move|p1a: Iron Thorns|Dragon Dance|p1a: Iron Thorns
|-boost|p1a: Iron Thorns|atk|1
|-boost|p1a: Iron Thorns|spe|1
|
|-damage|p1a: Iron Thorns|72/100 brn|[from] brn
|upkeep
|turn|6
|
|t:|1758378076
|move|p1a: Iron Thorns|Ice Punch|p2a: Dragapult
|-supereffective|p2a: Dragapult
|-damage|p2a: Dragapult|0 fnt
|-start|p1a: Iron Thorns|Disable|Ice Punch|[from] ability: Cursed Body|[of] p2a: Dragapult
|faint|p2a: Dragapult
|
|-damage|p1a: Iron Thorns|66/100 brn|[from] brn
|upkeep
|
|t:|1758378085
|switch|p2a: Zapdos|Zapdos|28/100
|turn|7
|
|t:|1758378089
|move|p1a: Iron Thorns|Supercell Slam|p2a: Zapdos|[miss]
|-miss|p1a: Iron Thorns|p2a: Zapdos
|-damage|p1a: Iron Thorns|16/100 brn|[from] supercellslam
|move|p2a: Zapdos|Volt Switch|p1a: Iron Thorns
|-resisted|p1a: Iron Thorns
|-damage|p1a: Iron Thorns|0 fnt
|faint|p1a: Iron Thorns
|-end|p1a: Iron Thorns|Quark Drive|[silent]
|
|t:|1758378099
|switch|p2a: Weezing|Weezing-Galar, F|100/100|[from] Volt Switch
|-ability|p2a: Weezing|Neutralizing Gas
|
|upkeep
|
|t:|1758378105
|switch|p1a: Great Tusk|Great Tusk|100/100
|turn|8
|
|t:|1758378109
|move|p1a: Great Tusk|Rapid Spin|p2a: Weezing
|-damage|p2a: Weezing|89/100
|-boost|p1a: Great Tusk|spe|1
|move|p2a: Weezing|Defog|p1a: Great Tusk
|-unboost|p1a: Great Tusk|evasion|1
|-sideend|p2: jankenflwr|Sticky Web|[from] move: Defog|[of] p2a: Weezing
|
|upkeep
|turn|9
|
|t:|1758378115
|move|p1a: Great Tusk|Headlong Rush|p2a: Weezing
|-supereffective|p2a: Weezing
|-damage|p2a: Weezing|3/100
|-unboost|p1a: Great Tusk|def|1
|-unboost|p1a: Great Tusk|spd|1
|move|p2a: Weezing|Will-O-Wisp|p1a: Great Tusk
|-status|p1a: Great Tusk|brn
|
|-damage|p1a: Great Tusk|94/100 brn|[from] brn
|upkeep
|turn|10
|
|t:|1758378119
|move|p1a: Great Tusk|Rapid Spin|p2a: Weezing
|-damage|p2a: Weezing|0 fnt
|-boost|p1a: Great Tusk|spe|1
|faint|p2a: Weezing
|-end|p2a: Weezing|ability: Neutralizing Gas
|
|-damage|p1a: Great Tusk|88/100 brn|[from] brn
|upkeep
|
|t:|1758378121
|switch|p2a: Dragonite|Dragonite, F|100/100
|turn|11
|
|t:|1758378124
|move|p1a: Great Tusk|Ice Spinner|p2a: Dragonite
|-supereffective|p2a: Dragonite
|-damage|p2a: Dragonite|74/100
|move|p2a: Dragonite|Dragon Dance|p2a: Dragonite
|-boost|p2a: Dragonite|atk|1
|-boost|p2a: Dragonite|spe|1
|
|-damage|p1a: Great Tusk|82/100 brn|[from] brn
|upkeep
|turn|12
|
|t:|1758378128
|move|p1a: Great Tusk|Ice Spinner|p2a: Dragonite
|-supereffective|p2a: Dragonite
|-damage|p2a: Dragonite|16/100
|move|p2a: Dragonite|Roost|p2a: Dragonite
|-heal|p2a: Dragonite|66/100
|-singleturn|p2a: Dragonite|move: Roost
|
|-damage|p1a: Great Tusk|76/100 brn|[from] brn
|upkeep
|turn|13
|
|t:|1758378134
|-terastallize|p2a: Dragonite|Normal
|move|p1a: Great Tusk|Ice Spinner|p2a: Dragonite
|-damage|p2a: Dragonite|52/100
|move|p2a: Dragonite|Roost|p2a: Dragonite
|-heal|p2a: Dragonite|100/100
|
|-damage|p1a: Great Tusk|70/100 brn|[from] brn
|upkeep
|turn|14
|
|t:|1758378138
|move|p1a: Great Tusk|Rapid Spin|p2a: Dragonite
|-damage|p2a: Dragonite|96/100
|-boost|p1a: Great Tusk|spe|1
|move|p2a: Dragonite|Dragon Dance|p2a: Dragonite
|-boost|p2a: Dragonite|atk|1
|-boost|p2a: Dragonite|spe|1
|
|-damage|p1a: Great Tusk|63/100 brn|[from] brn
|upkeep
|turn|15
|
|t:|1758378141
|move|p1a: Great Tusk|Close Combat|p2a: Dragonite
|-supereffective|p2a: Dragonite
|-damage|p2a: Dragonite|31/100
|-unboost|p1a: Great Tusk|def|1
|-unboost|p1a: Great Tusk|spd|1
|move|p2a: Dragonite|Dragon Dance|p2a: Dragonite
|-boost|p2a: Dragonite|atk|1
|-boost|p2a: Dragonite|spe|1
|
|-damage|p1a: Great Tusk|57/100 brn|[from] brn
|upkeep
|turn|16
|
|t:|1758378146
|move|p2a: Dragonite|Extreme Speed|p1a: Great Tusk
|-damage|p1a: Great Tusk|0 fnt
|faint|p1a: Great Tusk
|-end|p1a: Great Tusk|Protosynthesis|[silent]
|
|upkeep
|
|t:|1758378150
|switch|p1a: Blastoise|Blastoise, F|100/100
|turn|17
|
|t:|1758378153
|move|p2a: Dragonite|Extreme Speed|p1a: Blastoise
|-damage|p1a: Blastoise|0 fnt
|faint|p1a: Blastoise
|
|upkeep
|-message|Oreoinabox forfeited.
|
|win|jankenflwr
|raw|Oreoinabox's rating: 1350 &rarr; <strong>1333</strong><br />(-17 for losing)
|raw|jankenflwr's rating: 1398 &rarr; <strong>1415</strong><br />(+17 for winning)
|l|☆Oreoinabox
|player|p1|
