|j|☆zticma
|j|☆Lolfrog123
|t:|1758255429
|gametype|singles
|player|p1|zticma|169|1343
|player|p2|Lolfrog123|1|1300
|gen|9
|tier|[Gen 9] OU
|rated|
|rule|HP Percentage Mod: HP is shown in percentages
|rule|Endless Battle Clause: Forcing endless battles is banned
|rule|Species Clause: Limit one of each Pokémon
|rule|OHKO Clause: OHKO moves are banned
|rule|Evasion Items Clause: Evasion items are banned
|rule|Evasion Moves Clause: Evasion moves are banned
|rule|Evasion Abilities Clause: Evasion abilities are banned
|rule|Sleep Moves Clause: Sleep-inducing moves are banned
|clearpoke
|poke|p1|Dondozo, F|
|poke|p1|Umbreon, F|
|poke|p1|Corviknight, M|
|poke|p1|Cinderace, M|
|poke|p1|Deoxys-Speed|
|poke|p1|Hoopa-Unbound|
|poke|p2|Pelipper, F|
|poke|p2|Iron Treads|
|poke|p2|Toxicroak, F|
|poke|p2|Barraskewda, F|
|poke|p2|Zapdos|
|poke|p2|Ogerpon-Wellspring, F|
|teampreview
|inactive|Battle timer is ON: inactive players will automatically lose when time's up. (requested by zticma)
|
|t:|1758255442
|teamsize|p1|6
|teamsize|p2|6
|start
|switch|p1a: Hoopa|Hoopa-Unbound|100/100
|switch|p2a: Pelipper|Pelipper, F|100/100
|-weather|RainDance|[from] ability: Drizzle|[of] p2a: Pelipper
|turn|1
|
|t:|1758255449
|switch|p2a: Iron Treads|Iron Treads|100/100
|move|p1a: Hoopa|Dark Pulse|p2a: Iron Treads
|-damage|p2a: Iron Treads|39/100
|
|-weather|RainDance|[upkeep]
|-heal|p2a: Iron Treads|45/100|[from] item: Leftovers
|upkeep
|turn|2
|
|t:|1758255461
|move|p1a: Hoopa|Dark Pulse|p2a: Iron Treads
|-damage|p2a: Iron Treads|0 fnt
|faint|p2a: Iron Treads
|-end|p2a: Iron Treads|Quark Drive|[silent]
|
|-weather|RainDance|[upkeep]
|upkeep
|
|t:|1758255463
|switch|p2a: Zapdos|Zapdos|100/100
|turn|3
|
|t:|1758255486
|-terastallize|p2a: Zapdos|Flying
|move|p2a: Zapdos|Hurricane|p1a: Hoopa
|-damage|p1a: Hoopa|1/100
|move|p1a: Hoopa|Dark Pulse|p2a: Zapdos
|-damage|p2a: Zapdos|6/100
|
|-weather|RainDance|[upkeep]
|upkeep
|turn|4
|inactive|zticma has 120 seconds left.
|
|t:|1758255514
|move|p2a: Zapdos|Hurricane|p1a: Hoopa
|-damage|p1a: Hoopa|0 fnt
|faint|p1a: Hoopa
|
|-weather|RainDance|[upkeep]
|upkeep
|
|t:|1758255517
|switch|p1a: Deoxys|Deoxys-Speed|100/100
|-ability|p1a: Deoxys|Pressure
|turn|5
|
|t:|1758255528
|switch|p2a: Ogerpon|Ogerpon-Wellspring, F|100/100
|move|p1a: Deoxys|Meteor Beam||[still]
|-prepare|p1a: Deoxys|Meteor Beam
|-boost|p1a: Deoxys|spa|1
|-enditem|p1a: Deoxys|Power Herb
|-anim|p1a: Deoxys|Meteor Beam|p2a: Ogerpon
|-damage|p2a: Ogerpon|34/100
|
|-weather|RainDance|[upkeep]
|upkeep
|turn|6
|
|t:|1758255544
|move|p1a: Deoxys|Psychic|p2a: Ogerpon
|-damage|p2a: Ogerpon|0 fnt
|faint|p2a: Ogerpon
|
|-weather|RainDance|[upkeep]
|upkeep
|
|t:|1758255569
|switch|p2a: Barraskewda|Barraskewda, F|100/100
|turn|7
|
|t:|1758255573
|switch|p1a: Dondozo|Dondozo, F|100/100
|move|p2a: Barraskewda|Liquidation|p1a: Dondozo
|-resisted|p1a: Dondozo
|-damage|p1a: Dondozo|76/100
|
|-weather|RainDance|[upkeep]
|-heal|p1a: Dondozo|82/100|[from] item: Leftovers
|upkeep
|turn|8
|
|t:|1758255580
|switch|p2a: Toxicroak|Toxicroak, F|100/100
|move|p1a: Dondozo|Wave Crash|p2a: Toxicroak
|-immune|p2a: Toxicroak|[from] ability: Dry Skin
|
|-weather|none
|-heal|p1a: Dondozo|88/100|[from] item: Leftovers
|upkeep
|turn|9
|
|t:|1758255586
|switch|p1a: Corviknight|Corviknight, M|100/100
|-ability|p1a: Corviknight|Pressure
|move|p2a: Toxicroak|Toxic|p1a: Corviknight
|-immune|p1a: Corviknight
|
|upkeep
|turn|10
|inactive|Lolfrog123 has 120 seconds left.
|
|t:|1758255617
|switch|p2a: Pelipper|Pelipper, F|100/100
|-weather|RainDance|[from] ability: Drizzle|[of] p2a: Pelipper
|move|p1a: Corviknight|Brave Bird|p2a: Pelipper
|-damage|p2a: Pelipper|63/100
|-damage|p1a: Corviknight|90/100|[from] Recoil
|
|-weather|RainDance|[upkeep]
|upkeep
|turn|11
|inactive|zticma has 120 seconds left.
|
|t:|1758255652
|move|p1a: Corviknight|U-turn|p2a: Pelipper
|-resisted|p2a: Pelipper
|-damage|p2a: Pelipper|56/100
|
|t:|1758255657
|switch|p1a: Umbreon|Umbreon, F|100/100|[from] U-turn
|move|p2a: Pelipper|U-turn|p1a: Umbreon
|-supereffective|p1a: Umbreon
|-damage|p1a: Umbreon|85/100
|
|t:|1758255665
|switch|p2a: Barraskewda|Barraskewda, F|100/100|[from] U-turn
|
|-weather|RainDance|[upkeep]
|-heal|p1a: Umbreon|91/100|[from] item: Leftovers
|upkeep
|turn|12
|inactive|zticma has 120 seconds left.
|
|t:|1758255676
|move|p2a: Barraskewda|Flip Turn|p1a: Umbreon
|-damage|p1a: Umbreon|27/100
|
|t:|1758255679
|switch|p2a: Toxicroak|Toxicroak, F|100/100|[from] Flip Turn
|move|p1a: Umbreon|Wish|p1a: Umbreon
|
|-weather|RainDance|[upkeep]
|-heal|p1a: Umbreon|33/100|[from] item: Leftovers
|upkeep
|turn|13
|
|t:|1758255686
|switch|p1a: Dondozo|Dondozo, F|88/100
|move|p2a: Toxicroak|Drain Punch|p1a: Dondozo
|-crit|p1a: Dondozo
|-damage|p1a: Dondozo|69/100
|
|-weather|RainDance|[upkeep]
|-heal|p1a: Dondozo|100/100|[from] move: Wish|[wisher] Umbreon
|upkeep
|turn|14
|
|t:|1758255698
|switch|p1a: Corviknight|Corviknight, M|90/100
|-ability|p1a: Corviknight|Pressure
|move|p2a: Toxicroak|Toxic|p1a: Corviknight
|-immune|p1a: Corviknight
|
|-weather|RainDance|[upkeep]
|upkeep
|turn|15
|
|t:|1758255709
|move|p2a: Toxicroak|Knock Off|p1a: Corviknight
|-crit|p1a: Corviknight
|-damage|p1a: Corviknight|71/100
|-damage|p2a: Toxicroak|84/100|[from] item: Rocky Helmet|[of] p1a: Corviknight
|-enditem|p1a: Corviknight|Rocky Helmet|[from] move: Knock Off|[of] p2a: Toxicroak
|move|p1a: Corviknight|U-turn|p2a: Toxicroak
|-resisted|p2a: Toxicroak
|-damage|p2a: Toxicroak|81/100
|-damage|p1a: Corviknight|54/100|[from] item: Rocky Helmet|[of] p2a: Toxicroak
|
|t:|1758255718
|switch|p1a: Deoxys|Deoxys-Speed|100/100|[from] U-turn
|-ability|p1a: Deoxys|Pressure
|
|-weather|RainDance|[upkeep]
|-heal|p2a: Toxicroak|93/100|[from] ability: Dry Skin
|upkeep
|turn|16
|
|t:|1758255744
|move|p1a: Deoxys|Meteor Beam||[still]
|-prepare|p1a: Deoxys|Meteor Beam
|-boost|p1a: Deoxys|spa|1
|move|p2a: Toxicroak|Knock Off|p1a: Deoxys
|-supereffective|p1a: Deoxys
|-damage|p1a: Deoxys|52/100
|
|-weather|RainDance|[upkeep]
|-heal|p2a: Toxicroak|100/100|[from] ability: Dry Skin
|upkeep
|turn|17
|
|t:|1758255756
|move|p1a: Deoxys|Meteor Beam|p2a: Toxicroak|[from] lockedmove
|-resisted|p2a: Toxicroak
|-damage|p2a: Toxicroak|64/100
|move|p2a: Toxicroak|Encore|p1a: Deoxys
|-start|p1a: Deoxys|Encore
|
|-weather|none
|upkeep
|turn|18
|inactive|zticma has 120 seconds left.
|
|t:|1758255786
|switch|p2a: Pelipper|Pelipper, F|56/100
|-weather|RainDance|[from] ability: Drizzle|[of] p2a: Pelipper
|move|p1a: Deoxys|Meteor Beam||[still]
|-prepare|p1a: Deoxys|Meteor Beam
|-boost|p1a: Deoxys|spa|1
|
|-weather|RainDance|[upkeep]
|upkeep
|turn|19
|
|t:|1758255801
|move|p1a: Deoxys|Meteor Beam|p2a: Pelipper|[from] lockedmove
|-supereffective|p2a: Pelipper
|-damage|p2a: Pelipper|0 fnt
|faint|p2a: Pelipper
|
|-weather|RainDance|[upkeep]
|upkeep
|
|t:|1758255805
|switch|p2a: Barraskewda|Barraskewda, F|100/100
|turn|20
|
|t:|1758255812
|move|p2a: Barraskewda|Flip Turn|p1a: Deoxys
|-damage|p1a: Deoxys|0 fnt
|faint|p1a: Deoxys
|
|t:|1758255816
|switch|p2a: Toxicroak|Toxicroak, F|64/100|[from] Flip Turn
|
|-weather|RainDance|[upkeep]
|-heal|p2a: Toxicroak|77/100|[from] ability: Dry Skin
|upkeep
|
|t:|1758255825
|switch|p1a: Corviknight|Corviknight, M|54/100
|-ability|p1a: Corviknight|Pressure
|turn|21
|
|t:|1758255834
|switch|p2a: Barraskewda|Barraskewda, F|100/100
|move|p1a: Corviknight|Roost|p1a: Corviknight
|-heal|p1a: Corviknight|100/100
|-singleturn|p1a: Corviknight|move: Roost
|
|-weather|RainDance|[upkeep]
|upkeep
|turn|22
|
|t:|1758255849
|move|p2a: Barraskewda|Liquidation|p1a: Corviknight
|-damage|p1a: Corviknight|40/100
|move|p1a: Corviknight|Brave Bird|p2a: Barraskewda
|-damage|p2a: Barraskewda|29/100
|-damage|p1a: Corviknight|24/100|[from] Recoil
|
|-weather|RainDance|[upkeep]
|upkeep
|turn|23
|
|t:|1758255863
|switch|p1a: Dondozo|Dondozo, F|100/100
|move|p2a: Barraskewda|Liquidation|p1a: Dondozo
|-resisted|p1a: Dondozo
|-damage|p1a: Dondozo|77/100
|
|-weather|RainDance|[upkeep]
|-heal|p1a: Dondozo|83/100|[from] item: Leftovers
|upkeep
|turn|24
|
|t:|1758255882
|switch|p2a: Toxicroak|Toxicroak, F|77/100
|switch|p1a: Umbreon|Umbreon, F|33/100
|
|-weather|RainDance|[upkeep]
|-heal|p2a: Toxicroak|89/100|[from] ability: Dry Skin
|-heal|p1a: Umbreon|39/100|[from] item: Leftovers
|upkeep
|turn|25
|
|t:|1758255903
|move|p1a: Umbreon|Protect|p1a: Umbreon
|-singleturn|p1a: Umbreon|Protect
|move|p2a: Toxicroak|Drain Punch|p1a: Umbreon
|-activate|p1a: Umbreon|move: Protect
|
|-weather|none
|-heal|p1a: Umbreon|45/100|[from] item: Leftovers
|upkeep
|turn|26
|
|t:|1758255908
|switch|p1a: Cinderace|Cinderace, M|100/100
|move|p2a: Toxicroak|Drain Punch|p1a: Cinderace
|-damage|p1a: Cinderace|61/100
|-heal|p2a: Toxicroak|100/100|[from] drain|[of] p1a: Cinderace
|
|upkeep
|turn|27
|
|t:|1758255925
|move|p1a: Cinderace|Pyro Ball|p2a: Toxicroak
|-damage|p2a: Toxicroak|3/100
|move|p2a: Toxicroak|Knock Off|p1a: Cinderace
|-damage|p1a: Cinderace|26/100
|-enditem|p1a: Cinderace|Choice Band|[from] move: Knock Off|[of] p2a: Toxicroak
|
|upkeep
|turn|28
|
|t:|1758255932
|move|p1a: Cinderace|Gunk Shot|p2a: Toxicroak|[miss]
|-start|p1a: Cinderace|typechange|Poison|[from] ability: Libero
|-miss|p1a: Cinderace|p2a: Toxicroak
|move|p2a: Toxicroak|Toxic|p1a: Cinderace
|-immune|p1a: Cinderace
|
|upkeep
|turn|29
|
|t:|1758255936
|move|p1a: Cinderace|U-turn|p2a: Toxicroak
|-resisted|p2a: Toxicroak
|-damage|p2a: Toxicroak|0 fnt
|-damage|p1a: Cinderace|9/100|[from] item: Rocky Helmet|[of] p2a: Toxicroak
|faint|p2a: Toxicroak
|
|t:|1758255944
|switch|p1a: Corviknight|Corviknight, M|24/100|[from] U-turn
|-ability|p1a: Corviknight|Pressure
|
|upkeep
|
|t:|1758255947
|switch|p2a: Barraskewda|Barraskewda, F|29/100
|turn|30
|
|t:|1758255956
|move|p2a: Barraskewda|Flip Turn|p1a: Corviknight
|-damage|p1a: Corviknight|0 fnt
|faint|p1a: Corviknight
|
|t:|1758255958
|switch|p2a: Zapdos|Zapdos, tera:Flying|6/100|[from] Flip Turn
|
|upkeep
|
|t:|1758255964
|switch|p1a: Cinderace|Cinderace, M|9/100
|turn|31
|
|t:|1758255987
|move|p1a: Cinderace|Pyro Ball|p2a: Zapdos
|-damage|p2a: Zapdos|0 fnt
|faint|p2a: Zapdos
|
|upkeep
|
|t:|1758255989
|switch|p2a: Barraskewda|Barraskewda, F|29/100
|turn|32
|
|t:|1758256001
|move|p1a: Cinderace|Sucker Punch|p2a: Barraskewda
|-start|p1a: Cinderace|typechange|Dark|[from] ability: Libero
|-damage|p2a: Barraskewda|0 fnt
|faint|p2a: Barraskewda
|
|win|zticma
|raw|zticma's rating: 1343 &rarr; <strong>1359</strong><br />(+16 for winning)
|raw|Lolfrog123's rating: 1277 &rarr; <strong>1257</strong><br />(-20 for losing)
|l|☆zticma
|player|p1|
|l|☆Lolfrog123
|player|p2|
