|j|☆playboisant
|j|☆Flapjack Hero
|t:|1758324566
|gametype|singles
|player|p1|playboisant|roxie|1591
|player|p2|Flapjack Hero|2|1534
|gen|9
|tier|[Gen 9] OU
|rated|
|rule|HP Percentage Mod: HP is shown in percentages
|rule|Endless Battle Clause: Forcing endless battles is banned
|rule|Species Clause: Limit one of each Pokémon
|rule|OHKO Clause: OHKO moves are banned
|rule|Evasion Items Clause: Evasion items are banned
|rule|Evasion Moves Clause: Evasion moves are banned
|rule|Evasion Abilities Clause: Evasion abilities are banned
|rule|Sleep Moves Clause: Sleep-inducing moves are banned
|clearpoke
|poke|p1|Emboar, F|
|poke|p1|Haxorus, M|
|poke|p1|Hydreigon, M|
|poke|p1|Zoroark, M|
|poke|p1|Bronzong|
|poke|p1|Bisharp, F|
|poke|p2|Great Tusk|
|poke|p2|Ceruledge, M|
|poke|p2|Hatterene, F|
|poke|p2|Ninetales, F|
|poke|p2|Venusaur, M|
|poke|p2|Walking Wake|
|teampreview
|
|t:|1758324578
|teamsize|p1|6
|teamsize|p2|6
|start
|switch|p1a: Emboar|Emboar, F, shiny|100/100
|switch|p2a: Ninetales|Ninetales, F|100/100
|-weather|SunnyDay|[from] ability: Drought|[of] p2a: Ninetales
|turn|1
|inactive|Battle timer is ON: inactive players will automatically lose when time's up. (requested by Flapjack Hero)
|
|t:|1758324582
|switch|p2a: Hatterene|Hatterene, F|100/100
|move|p1a: Emboar|Nasty Plot|p1a: Emboar
|-boost|p1a: Emboar|spa|2
|
|-weather|SunnyDay|[upkeep]
|upkeep
|turn|2
|
|t:|1758324593
|move|p1a: Emboar|Flamethrower|p2a: Hatterene
|-damage|p2a: Hatterene|11/100
|-enditem|p2a: Hatterene|Eject Button
|
|t:|1758324598
|switch|p2a: Walking Wake|Walking Wake|100/100
|-activate|p2a: Walking Wake|ability: Protosynthesis
|-start|p2a: Walking Wake|protosynthesisspa
|
|-weather|SunnyDay|[upkeep]
|upkeep
|turn|3
|
|t:|1758324604
|move|p1a: Emboar|Dark Pulse|p2a: Walking Wake
|-damage|p2a: Walking Wake|13/100
|move|p2a: Walking Wake|Hydro Steam|p1a: Emboar
|-enditem|p1a: Emboar|Focus Sash
|-damage|p1a: Emboar|1/100
|replace|p1a: Zoroark|Zoroark, M, shiny
|-end|p1a: Zoroark|Illusion
|
|-weather|SunnyDay|[upkeep]
|upkeep
|turn|4
|
|t:|1758324620
|-end|p2a: Walking Wake|Protosynthesis|[silent]
|switch|p2a: Hatterene|Hatterene, F|11/100
|move|p1a: Zoroark|Dark Pulse|p2a: Hatterene
|-damage|p2a: Hatterene|0 fnt
|faint|p2a: Hatterene
|
|-weather|SunnyDay|[upkeep]
|upkeep
|
|t:|1758324625
|switch|p2a: Great Tusk|Great Tusk|100/100
|-activate|p2a: Great Tusk|ability: Protosynthesis
|-start|p2a: Great Tusk|protosynthesisspe
|turn|5
|
|t:|1758324632
|move|p2a: Great Tusk|Rapid Spin|p1a: Zoroark
|-damage|p1a: Zoroark|0 fnt
|-boost|p2a: Great Tusk|spe|1
|faint|p1a: Zoroark
|
|-weather|SunnyDay|[upkeep]
|upkeep
|
|t:|1758324636
|switch|p1a: Bronzong|Bronzong|100/100
|turn|6
|
|t:|1758324645
|move|p2a: Great Tusk|Stealth Rock|p1a: Bronzong
|-sidestart|p1: playboisant|move: Stealth Rock
|move|p1a: Bronzong|Trick Room|p1a: Bronzong
|-fieldstart|move: Trick Room|[of] p1a: Bronzong
|
|-weather|SunnyDay|[upkeep]
|upkeep
|turn|7
|
|t:|1758324655
|-end|p2a: Great Tusk|Protosynthesis|[silent]
|switch|p2a: Ninetales|Ninetales, F|100/100
|move|p1a: Bronzong|Iron Defense|p1a: Bronzong
|-boost|p1a: Bronzong|def|2
|
|-weather|SunnyDay|[upkeep]
|upkeep
|turn|8
|
|t:|1758324663
|move|p1a: Bronzong|Body Press|p2a: Ninetales
|-damage|p2a: Ninetales|50/100
|move|p2a: Ninetales|Encore|p1a: Bronzong
|-start|p1a: Bronzong|Encore
|
|-weather|none
|upkeep
|turn|9
|
|t:|1758324667
|switch|p2a: Ceruledge|Ceruledge, M|100/100
|move|p1a: Bronzong|Body Press|p2a: Ceruledge
|-immune|p2a: Ceruledge
|
|upkeep
|turn|10
|
|t:|1758324677
|switch|p1a: Hydreigon|Hydreigon, M|100/100
|-damage|p1a: Hydreigon|88/100|[from] Stealth Rock
|move|p2a: Ceruledge|Swords Dance|p2a: Ceruledge
|-boost|p2a: Ceruledge|atk|2
|
|-fieldend|move: Trick Room
|upkeep
|turn|11
|
|t:|1758324684
|switch|p2a: Ninetales|Ninetales, F|50/100
|-weather|SunnyDay|[from] ability: Drought|[of] p2a: Ninetales
|move|p1a: Hydreigon|Dark Pulse|p2a: Ninetales
|-damage|p2a: Ninetales|0 fnt
|faint|p2a: Ninetales
|
|-weather|SunnyDay|[upkeep]
|upkeep
|
|t:|1758324705
|switch|p2a: Venusaur|Venusaur, M|100/100
|turn|12
|
|t:|1758324712
|move|p2a: Venusaur|Sludge Bomb|p1a: Hydreigon
|-damage|p1a: Hydreigon|19/100
|-damage|p2a: Venusaur|91/100|[from] item: Life Orb
|move|p1a: Hydreigon|Dark Pulse|p2a: Venusaur
|-damage|p2a: Venusaur|20/100
|
|-weather|SunnyDay|[upkeep]
|upkeep
|turn|13
|
|t:|1758324722
|move|p2a: Venusaur|Giga Drain|p1a: Hydreigon
|-resisted|p1a: Hydreigon
|-damage|p1a: Hydreigon|0 fnt
|-heal|p2a: Venusaur|30/100|[from] drain|[of] p1a: Hydreigon
|faint|p1a: Hydreigon
|-damage|p2a: Venusaur|20/100|[from] item: Life Orb
|
|-weather|SunnyDay|[upkeep]
|upkeep
|
|t:|1758324734
|switch|p1a: Bisharp|Bisharp, F, shiny|100/100
|-damage|p1a: Bisharp|95/100|[from] Stealth Rock
|turn|14
|
|t:|1758324742
|move|p1a: Bisharp|Sucker Punch|p2a: Venusaur
|-damage|p2a: Venusaur|0 fnt
|faint|p2a: Venusaur
|-damage|p1a: Bisharp|85/100|[from] item: Life Orb
|
|-weather|SunnyDay|[upkeep]
|upkeep
|
|t:|1758324750
|switch|p2a: Ceruledge|Ceruledge, M|100/100
|turn|15
|
|t:|1758324759
|move|p2a: Ceruledge|Bitter Blade|p1a: Bisharp
|-supereffective|p1a: Bisharp
|-damage|p1a: Bisharp|0 fnt
|faint|p1a: Bisharp
|
|-weather|SunnyDay|[upkeep]
|upkeep
|
|t:|1758324765
|switch|p1a: Emboar|Emboar, F, shiny|100/100
|-damage|p1a: Emboar|88/100|[from] Stealth Rock
|turn|16
|j| Monkey bidniss
|
|t:|1758324774
|move|p2a: Ceruledge|Swords Dance|p2a: Ceruledge
|-boost|p2a: Ceruledge|atk|2
|move|p1a: Emboar|Head Smash|p2a: Ceruledge
|-supereffective|p2a: Ceruledge
|-enditem|p2a: Ceruledge|Focus Sash
|-damage|p2a: Ceruledge|1/100
|-ability|p2a: Ceruledge|Weak Armor|boost
|-unboost|p2a: Ceruledge|def|1
|-boost|p2a: Ceruledge|spe|2
|-damage|p1a: Emboar|54/100|[from] Recoil
|
|-weather|SunnyDay|[upkeep]
|upkeep
|turn|17
|
|t:|1758324787
|move|p2a: Ceruledge|Bitter Blade|p1a: Emboar
|-resisted|p1a: Emboar
|-damage|p1a: Emboar|0 fnt
|-heal|p2a: Ceruledge|40/100|[from] drain|[of] p1a: Emboar
|faint|p1a: Emboar
|
|-weather|SunnyDay|[upkeep]
|upkeep
|
|t:|1758324793
|switch|p1a: Bronzong|Bronzong|100/100
|-damage|p1a: Bronzong|94/100|[from] Stealth Rock
|turn|18
|
|t:|1758324802
|-terastallize|p1a: Bronzong|Fighting
|move|p2a: Ceruledge|Bitter Blade|p1a: Bronzong
|-damage|p1a: Bronzong|0 fnt
|-heal|p2a: Ceruledge|94/100|[from] drain|[of] p1a: Bronzong
|faint|p1a: Bronzong
|
|-weather|none
|upkeep
|
|t:|1758324807
|switch|p1a: Haxorus|Haxorus, M, shiny|100/100
|-damage|p1a: Haxorus|88/100|[from] Stealth Rock
|-ability|p1a: Haxorus|Mold Breaker
|turn|19
|
|t:|1758324812
|-terastallize|p2a: Ceruledge|Fairy
|move|p2a: Ceruledge|Tera Blast|p1a: Haxorus|[anim] Tera Blast Fairy
|-supereffective|p1a: Haxorus
|-damage|p1a: Haxorus|0 fnt
|faint|p1a: Haxorus
|
|win|Flapjack Hero
|raw|playboisant's rating: 1591 &rarr; <strong>1568</strong><br />(-23 for losing)
|raw|Flapjack Hero's rating: 1534 &rarr; <strong>1557</strong><br />(+23 for winning)
|l|☆playboisant
|player|p1|
|l|☆Flapjack Hero
|player|p2|
|l| Monkey bidniss
