|j|☆aex27
|j|☆kydizzy yuri
|t:|1758324874
|gametype|singles
|player|p1|aex27|rosa|1335
|player|p2|kydizzy yuri|miku-ghost|1363
|gen|9
|tier|[Gen 9] OU
|rated|
|rule|HP Percentage Mod: HP is shown in percentages
|rule|Endless Battle Clause: Forcing endless battles is banned
|rule|Species Clause: Limit one of each Pokémon
|rule|OHKO Clause: OHKO moves are banned
|rule|Evasion Items Clause: Evasion items are banned
|rule|Evasion Moves Clause: Evasion moves are banned
|rule|Evasion Abilities Clause: Evasion abilities are banned
|rule|Sleep Moves Clause: Sleep-inducing moves are banned
|clearpoke
|poke|p1|Serperior, M|
|poke|p1|Ribombee, F|
|poke|p1|Gholdengo|
|poke|p1|Kyurem|
|poke|p1|Moltres|
|poke|p1|Great Tusk|
|poke|p2|Great Tusk|
|poke|p2|Gholdengo|
|poke|p2|Zamazenta-*|
|poke|p2|Ogerpon-Wellspring, F|
|poke|p2|Weezing-Galar, M|
|poke|p2|Garganacl, F|
|teampreview
|inactive|Battle timer is ON: inactive players will automatically lose when time's up. (requested by kydizzy yuri)
|inactive|kydizzy yuri has 120 seconds left.
|
|t:|1758324932
|teamsize|p1|6
|teamsize|p2|6
|start
|switch|p1a: Ribombee|Ribombee, F|100/100
|switch|p2a: Garganacl|Garganacl, F|100/100
|turn|1
|
|t:|1758324938
|move|p1a: Ribombee|Sticky Web|p2a: Garganacl
|-sidestart|p2: kydizzy yuri|move: Sticky Web
|move|p2a: Garganacl|Salt Cure|p1a: Ribombee
|-supereffective|p1a: Ribombee
|-damage|p1a: Ribombee|41/100
|
|upkeep
|turn|2
|
|t:|1758324948
|move|p1a: Ribombee|Stun Spore|p2a: Garganacl
|-immune|p2a: Garganacl|[from] ability: Purifying Salt
|move|p2a: Garganacl|Salt Cure|p1a: Ribombee
|-supereffective|p1a: Ribombee
|-damage|p1a: Ribombee|0 fnt
|faint|p1a: Ribombee
|
|upkeep
|
|t:|1758324952
|switch|p1a: Serperior|Serperior, M|100/100
|turn|3
|
|t:|1758324962
|switch|p2a: Weezing|Weezing-Galar, M|100/100
|-ability|p2a: Weezing|Neutralizing Gas
|move|p1a: Serperior|Leaf Storm|p2a: Weezing
|-resisted|p2a: Weezing
|-damage|p2a: Weezing|51/100
|-unboost|p1a: Serperior|spa|2
|
|upkeep
|turn|4
|
|t:|1758324985
|switch|p1a: Gholdengo|Gholdengo|100/100
|move|p2a: Weezing|Pain Split|p1a: Gholdengo
|-sethp|p1a: Gholdengo|77/100|[from] move: Pain Split|[silent]
|-sethp|p2a: Weezing|73/100|[from] move: Pain Split
|
|upkeep
|turn|5
|
|t:|1758324994
|-end|p2a: Weezing|ability: Neutralizing Gas
|switch|p2a: Ogerpon|Ogerpon-Wellspring, F|100/100
|-activate|p2a: Ogerpon|move: Sticky Web
|-unboost|p2a: Ogerpon|spe|1
|move|p1a: Gholdengo|Make It Rain|p2a: Ogerpon
|-resisted|p2a: Ogerpon
|-damage|p2a: Ogerpon|63/100
|-unboost|p1a: Gholdengo|spa|1
|
|upkeep
|turn|6
|
|t:|1758325004
|switch|p1a: Moltres|Moltres|100/100
|move|p2a: Ogerpon|Knock Off|p1a: Moltres
|-damage|p1a: Moltres|61/100
|-enditem|p1a: Moltres|Heavy-Duty Boots|[from] move: Knock Off|[of] p2a: Ogerpon
|
|upkeep
|turn|7
|
|t:|1758325017
|move|p2a: Ogerpon|Ivy Cudgel|p1a: Moltres|[anim] Ivy Cudgel Water
|-supereffective|p1a: Moltres
|-damage|p1a: Moltres|0 fnt
|faint|p1a: Moltres
|
|upkeep
|
|t:|1758325022
|switch|p1a: Gholdengo|Gholdengo|77/100
|turn|8
|
|t:|1758325025
|move|p1a: Gholdengo|Shadow Ball|p2a: Ogerpon
|-damage|p2a: Ogerpon|14/100
|-unboost|p2a: Ogerpon|spd|1
|move|p2a: Ogerpon|Knock Off|p1a: Gholdengo
|-supereffective|p1a: Gholdengo
|-crit|p1a: Gholdengo
|-damage|p1a: Gholdengo|0 fnt
|-enditem|p1a: Gholdengo|Choice Scarf|[from] move: Knock Off|[of] p2a: Ogerpon
|faint|p1a: Gholdengo
|
|upkeep
|
|t:|1758325037
|switch|p1a: Kyurem|Kyurem|100/100
|-ability|p1a: Kyurem|Pressure
|turn|9
|
|t:|1758325044
|move|p1a: Kyurem|Icicle Spear|p2a: Ogerpon
|-damage|p2a: Ogerpon|0 fnt
|faint|p2a: Ogerpon
|-hitcount|p2: Ogerpon|1
|
|upkeep
|
|t:|1758325056
|switch|p2a: Garganacl|Garganacl, F|100/100
|-activate|p2a: Garganacl|move: Sticky Web
|-unboost|p2a: Garganacl|spe|1
|turn|10
|
|t:|1758325069
|move|p1a: Kyurem|Dragon Dance|p1a: Kyurem
|-boost|p1a: Kyurem|atk|1
|-boost|p1a: Kyurem|spe|1
|move|p2a: Garganacl|Salt Cure|p1a: Kyurem
|-supereffective|p1a: Kyurem
|-damage|p1a: Kyurem|75/100
|-start|p1a: Kyurem|Salt Cure
|
|-damage|p1a: Kyurem|63/100|[from] Salt Cure
|upkeep
|turn|11
|
|t:|1758325077
|move|p1a: Kyurem|Icicle Spear|p2a: Garganacl
|-damage|p2a: Garganacl|85/100
|-damage|p2a: Garganacl|71/100
|-damage|p2a: Garganacl|57/100
|-damage|p2a: Garganacl|44/100
|-damage|p2a: Garganacl|30/100
|-hitcount|p2a: Garganacl|5
|move|p2a: Garganacl|Curse|p2a: Garganacl
|-unboost|p2a: Garganacl|spe|1
|-boost|p2a: Garganacl|atk|1
|-boost|p2a: Garganacl|def|1
|
|-heal|p2a: Garganacl|37/100|[from] item: Leftovers
|-damage|p1a: Kyurem|50/100|[from] Salt Cure
|upkeep
|turn|12
|
|t:|1758325085
|-terastallize|p2a: Garganacl|Water
|move|p1a: Kyurem|Icicle Spear|p2a: Garganacl
|-resisted|p2a: Garganacl
|-damage|p2a: Garganacl|32/100
|-resisted|p2a: Garganacl
|-damage|p2a: Garganacl|28/100
|-resisted|p2a: Garganacl
|-damage|p2a: Garganacl|23/100
|-resisted|p2a: Garganacl
|-damage|p2a: Garganacl|18/100
|-hitcount|p2a: Garganacl|4
|move|p2a: Garganacl|Recover|p2a: Garganacl
|-heal|p2a: Garganacl|68/100
|
|-heal|p2a: Garganacl|74/100|[from] item: Leftovers
|-damage|p1a: Kyurem|38/100|[from] Salt Cure
|upkeep
|turn|13
|
|t:|1758325098
|move|p1a: Kyurem|Scale Shot|p2a: Garganacl
|-damage|p2a: Garganacl|65/100
|-damage|p2a: Garganacl|56/100
|-damage|p2a: Garganacl|47/100
|-damage|p2a: Garganacl|38/100
|-damage|p2a: Garganacl|28/100
|-hitcount|p2a: Garganacl|5
|-unboost|p1a: Kyurem|def|1
|-boost|p1a: Kyurem|spe|1
|move|p2a: Garganacl|Recover|p2a: Garganacl
|-heal|p2a: Garganacl|78/100
|
|-heal|p2a: Garganacl|84/100|[from] item: Leftovers
|-damage|p1a: Kyurem|25/100|[from] Salt Cure
|upkeep
|turn|14
|
|t:|1758325110
|move|p1a: Kyurem|Dragon Dance|p1a: Kyurem
|-boost|p1a: Kyurem|atk|1
|-boost|p1a: Kyurem|spe|1
|move|p2a: Garganacl|Recover|p2a: Garganacl
|-heal|p2a: Garganacl|100/100
|
|-damage|p1a: Kyurem|13/100|[from] Salt Cure
|upkeep
|turn|15
|
|t:|1758325118
|move|p1a: Kyurem|Scale Shot|p2a: Garganacl|[miss]
|-miss|p1a: Kyurem|p2a: Garganacl
|move|p2a: Garganacl|Recover||[still]
|-fail|p2a: Garganacl|heal
|
|-damage|p1a: Kyurem|0 fnt|[from] Salt Cure
|faint|p1a: Kyurem
|upkeep
|
|t:|1758325125
|switch|p1a: Serperior|Serperior, M|100/100
|turn|16
|
|t:|1758325130
|move|p1a: Serperior|Leaf Storm|p2a: Garganacl
|-supereffective|p2a: Garganacl
|-damage|p2a: Garganacl|0 fnt
|-boost|p1a: Serperior|spa|2
|faint|p2a: Garganacl
|
|upkeep
|
|t:|1758325143
|switch|p2a: Weezing|Weezing-Galar, M|73/100
|-ability|p2a: Weezing|Neutralizing Gas
|turn|17
|
|t:|1758325166
|move|p1a: Serperior|Leaf Storm|p2a: Weezing
|-resisted|p2a: Weezing
|-damage|p2a: Weezing|0 fnt
|-unboost|p1a: Serperior|spa|2
|faint|p2a: Weezing
|-end|p2a: Weezing|ability: Neutralizing Gas
|
|upkeep
|inactive|kydizzy yuri has 120 seconds left.
|
|t:|1758325189
|switch|p2a: Gholdengo|Gholdengo|100/100
|-item|p2a: Gholdengo|Air Balloon
|turn|18
|inactive|kydizzy yuri has 120 seconds left.
|
|t:|1758325210
|-terastallize|p1a: Serperior|Fire
|move|p1a: Serperior|Leaf Storm|p2a: Gholdengo
|-resisted|p2a: Gholdengo
|-damage|p2a: Gholdengo|59/100
|-boost|p1a: Serperior|spa|2
|-enditem|p2a: Gholdengo|Air Balloon
|move|p2a: Gholdengo|Make It Rain|p1a: Serperior
|-resisted|p1a: Serperior
|-damage|p1a: Serperior|59/100
|-unboost|p2a: Gholdengo|spa|1
|
|upkeep
|turn|19
|
|t:|1758325219
|move|p1a: Serperior|Leaf Storm|p2a: Gholdengo
|-resisted|p2a: Gholdengo
|-damage|p2a: Gholdengo|0 fnt
|-boost|p1a: Serperior|spa|2
|faint|p2a: Gholdengo
|
|upkeep
|
|t:|1758325223
|switch|p2a: Zamazenta|Zamazenta|100/100
|-activate|p2a: Zamazenta|move: Sticky Web
|-unboost|p2a: Zamazenta|spe|1
|-ability|p2a: Zamazenta|Dauntless Shield|boost
|-boost|p2a: Zamazenta|def|1
|turn|20
|inactive|kydizzy yuri has 120 seconds left.
|
|t:|1758325230
|move|p1a: Serperior|Leaf Storm|p2a: Zamazenta
|-damage|p2a: Zamazenta|0 fnt
|-boost|p1a: Serperior|spa|2
|faint|p2a: Zamazenta
|
|upkeep
|-message|kydizzy yuri forfeited.
|
|win|aex27
|raw|aex27's rating: 1335 &rarr; <strong>1357</strong><br />(+22 for winning)
|raw|kydizzy yuri's rating: 1363 &rarr; <strong>1341</strong><br />(-22 for losing)
