|j|☆SamiFawad
|j|☆pastagirl !!
|t:|1758268887
|gametype|singles
|player|p1|SamiFawad|265|1634
|player|p2|pastagirl !!|elesa|1741
|gen|9
|tier|[Gen 9] OU
|rated|
|rule|HP Percentage Mod: HP is shown in percentages
|rule|Endless Battle Clause: Forcing endless battles is banned
|rule|Species Clause: Limit one of each Pokémon
|rule|OHKO Clause: OHKO moves are banned
|rule|Evasion Items Clause: Evasion items are banned
|rule|Evasion Moves Clause: Evasion moves are banned
|rule|Evasion Abilities Clause: Evasion abilities are banned
|rule|Sleep Moves Clause: Sleep-inducing moves are banned
|clearpoke
|poke|p1|Slowking-Galar, F|
|poke|p1|Samurott-Hisui, F|
|poke|p1|Landorus-Therian, M|
|poke|p1|Pecharunt|
|poke|p1|Ogerpon-Cornerstone, F|
|poke|p1|Great Tusk|
|poke|p2|Cresselia, F|
|poke|p2|Hatterene, F|
|poke|p2|Porygon2|
|poke|p2|Ursaluna, M|
|poke|p2|Iron Hands|
|poke|p2|Enamorus-Therian, F|
|teampreview
|
|t:|1758268905
|teamsize|p1|6
|teamsize|p2|6
|start
|switch|p1a: Pecharunt|Pecharunt|100/100
|switch|p2a: ERASERHEAD|Porygon2|100/100
|-ability|p2a: ERASERHEAD|Download|boost
|-boost|p2a: ERASERHEAD|spa|1
|turn|1
|
|t:|1758268910
|switch|p1a: Samurott|Samurott-Hisui, F|100/100
|move|p2a: ERASERHEAD|Trick Room|p2a: ERASERHEAD
|-fieldstart|move: Trick Room|[of] p2a: ERASERHEAD
|
|upkeep
|turn|2
|
|t:|1758268912
|move|p2a: ERASERHEAD|Thunderbolt|p1a: Samurott
|-supereffective|p1a: Samurott
|-enditem|p1a: Samurott|Focus Sash
|-damage|p1a: Samurott|1/100
|move|p1a: Samurott|Ceaseless Edge|p2a: ERASERHEAD
|-damage|p2a: ERASERHEAD|70/100
|-sidestart|p2: pastagirl !!|Spikes
|
|upkeep
|turn|3
|
|t:|1758268919
|move|p1a: Samurott|Sucker Punch|p2a: ERASERHEAD
|-damage|p2a: ERASERHEAD|46/100
|move|p2a: ERASERHEAD|Ice Beam|p1a: Samurott
|-resisted|p1a: Samurott
|-crit|p1a: Samurott
|-damage|p1a: Samurott|0 fnt
|faint|p1a: Samurott
|
|upkeep
|j| wgw2333
|
|t:|1758268958
|switch|p1a: Ogerpon|Ogerpon-Cornerstone, F|100/100
|turn|4
|
|t:|1758268962
|move|p2a: ERASERHEAD|Ice Beam|p1a: Ogerpon
|-supereffective|p1a: Ogerpon
|-ability|p1a: Ogerpon|Sturdy
|-damage|p1a: Ogerpon|1/100
|move|p1a: Ogerpon|Ivy Cudgel|p2a: ERASERHEAD|[anim] Ivy Cudgel Rock
|-damage|p2a: ERASERHEAD|5/100
|
|upkeep
|turn|5
|
|t:|1758268975
|switch|p1a: Slowking|Slowking-Galar, F|100/100
|move|p2a: ERASERHEAD|Ice Beam|p1a: Slowking
|-damage|p1a: Slowking|79/100
|
|-fieldend|move: Trick Room
|upkeep
|turn|6
|
|t:|1758268983
|switch|p2a: LOST HIGHWAY|Cresselia, F|100/100
|move|p1a: Slowking|Sludge Bomb|p2a: LOST HIGHWAY
|-crit|p2a: LOST HIGHWAY
|-damage|p2a: LOST HIGHWAY|52/100
|
|upkeep
|turn|7
|
|t:|1758268989
|move|p1a: Slowking|Future Sight|p2a: LOST HIGHWAY
|-start|p1a: Slowking|move: Future Sight
|move|p2a: LOST HIGHWAY|Trick Room|p2a: LOST HIGHWAY
|-fieldstart|move: Trick Room|[of] p2a: LOST HIGHWAY
|
|upkeep
|turn|8
|
|t:|1758268992
|move|p1a: Slowking|Sludge Bomb|p2a: LOST HIGHWAY
|-damage|p2a: LOST HIGHWAY|20/100
|move|p2a: LOST HIGHWAY|Lunar Dance|p2a: LOST HIGHWAY
|faint|p2a: LOST HIGHWAY
|
|upkeep
|
|t:|1758268995
|switch|p2a: WILD AT HEART|Ursaluna, M|100/100
|-damage|p2a: WILD AT HEART|88/100|[from] Spikes
|turn|9
|
|t:|1758269005
|switch|p1a: Landorus|Landorus-Therian, M|100/100
|-ability|p1a: Landorus|Intimidate|boost
|-unboost|p2a: WILD AT HEART|atk|1
|move|p2a: WILD AT HEART|Swords Dance|p2a: WILD AT HEART
|-boost|p2a: WILD AT HEART|atk|2
|
|-end|p2a: WILD AT HEART|move: Future Sight
|-damage|p2a: WILD AT HEART|36/100
|-status|p2a: WILD AT HEART|brn|[from] item: Flame Orb
|upkeep
|turn|10
|
|t:|1758269012
|switch|p1a: Great Tusk|Great Tusk|100/100
|move|p2a: WILD AT HEART|Headlong Rush|p1a: Great Tusk
|-damage|p1a: Great Tusk|27/100
|-unboost|p2a: WILD AT HEART|def|1
|-unboost|p2a: WILD AT HEART|spd|1
|-damage|p2a: WILD AT HEART|19/100 brn|[from] item: Rocky Helmet|[of] p1a: Great Tusk
|
|-damage|p2a: WILD AT HEART|13/100 brn|[from] brn
|upkeep
|turn|11
|j| burger with pickle
|
|t:|1758269021
|switch|p2a: ERASERHEAD|Porygon2|5/100
|-heal|p2a: ERASERHEAD|100/100|[from] move: Lunar Dance
|-damage|p2a: ERASERHEAD|88/100|[from] Spikes
|-ability|p2a: ERASERHEAD|Download|boost
|-boost|p2a: ERASERHEAD|spa|1
|move|p1a: Great Tusk|Stealth Rock|p2a: ERASERHEAD
|-sidestart|p2: pastagirl !!|move: Stealth Rock
|
|-fieldend|move: Trick Room
|upkeep
|turn|12
|
|t:|1758269025
|move|p1a: Great Tusk|Knock Off|p2a: ERASERHEAD
|-damage|p2a: ERASERHEAD|68/100
|-enditem|p2a: ERASERHEAD|Eviolite|[from] move: Knock Off|[of] p1a: Great Tusk
|move|p2a: ERASERHEAD|Trick Room|p2a: ERASERHEAD
|-fieldstart|move: Trick Room|[of] p2a: ERASERHEAD
|
|upkeep
|turn|13
|
|t:|1758269031
|move|p2a: ERASERHEAD|Ice Beam|p1a: Great Tusk
|-supereffective|p1a: Great Tusk
|-damage|p1a: Great Tusk|0 fnt
|faint|p1a: Great Tusk
|-end|p1a: Great Tusk|Protosynthesis|[silent]
|
|upkeep
|
|t:|1758269034
|switch|p1a: Slowking|Slowking-Galar, F|100/100
|turn|14
|
|t:|1758269044
|-terastallize|p2a: ERASERHEAD|Ground
|move|p1a: Slowking|Future Sight|p2a: ERASERHEAD
|-start|p1a: Slowking|move: Future Sight
|move|p2a: ERASERHEAD|Tera Blast|p1a: Slowking|[anim] Tera Blast Ground
|-supereffective|p1a: Slowking
|-damage|p1a: Slowking|33/100
|
|upkeep
|turn|15
|
|t:|1758269052
|move|p1a: Slowking|Ice Beam|p2a: ERASERHEAD
|-supereffective|p2a: ERASERHEAD
|-damage|p2a: ERASERHEAD|9/100
|move|p2a: ERASERHEAD|Ice Beam|p1a: Slowking
|-damage|p1a: Slowking|8/100
|
|upkeep
|turn|16
|
|t:|1758269061
|switch|p1a: Pecharunt|Pecharunt|100/100
|switch|p2a: THE ELEPHANT MAN|Iron Hands|100/100
|-damage|p2a: THE ELEPHANT MAN|88/100|[from] Spikes
|-damage|p2a: THE ELEPHANT MAN|82/100|[from] Stealth Rock
|
|-end|p2a: THE ELEPHANT MAN|move: Future Sight
|-supereffective|p2a: THE ELEPHANT MAN
|-damage|p2a: THE ELEPHANT MAN|0 fnt
|faint|p2a: THE ELEPHANT MAN
|-end|p2a: THE ELEPHANT MAN|Quark Drive|[silent]
|-fieldend|move: Trick Room
|upkeep
|
|t:|1758269065
|switch|p2a: BLUE VELVET|Hatterene, F|100/100
|-damage|p2a: BLUE VELVET|88/100|[from] Spikes
|-damage|p2a: BLUE VELVET|76/100|[from] Stealth Rock
|turn|17
|
|t:|1758269074
|move|p1a: Pecharunt|Malignant Chain|p2a: BLUE VELVET
|-supereffective|p2a: BLUE VELVET
|-damage|p2a: BLUE VELVET|0 fnt
|faint|p2a: BLUE VELVET
|
|upkeep
|-message|pastagirl !! forfeited.
|
|win|SamiFawad
|raw|SamiFawad's rating: 1634 &rarr; <strong>1658</strong><br />(+24 for winning)
|raw|pastagirl !!'s rating: 1712 &rarr; <strong>1688</strong><br />(-24 for losing)
|l|☆pastagirl !!
|player|p2|
|l|☆SamiFawad
|player|p1|
|l| burger with pickle
|l| wgw2333
