|j|☆RighteousHideous
|j|☆luca1996
|t:|1758301206
|gametype|singles
|player|p1|RighteousHideous|2|1425
|player|p2|luca1996|boarder|1378
|gen|9
|tier|[Gen 9] OU
|rated|
|rule|HP Percentage Mod: HP is shown in percentages
|rule|Endless Battle Clause: Forcing endless battles is banned
|rule|Species Clause: Limit one of each Pokémon
|rule|OHKO Clause: OHKO moves are banned
|rule|Evasion Items Clause: Evasion items are banned
|rule|Evasion Moves Clause: Evasion moves are banned
|rule|Evasion Abilities Clause: Evasion abilities are banned
|rule|Sleep Moves Clause: Sleep-inducing moves are banned
|clearpoke
|poke|p1|Corviknight, M|
|poke|p1|Slowking-Galar, M|
|poke|p1|Samurott-Hisui, F|
|poke|p1|Comfey, M|
|poke|p1|Walking Wake|
|poke|p1|Garchomp, M|
|poke|p2|Goodra, M|
|poke|p2|Snorlax, M|
|poke|p2|Primarina, M|
|poke|p2|Cinderace, F|
|poke|p2|Primeape, F|
|poke|p2|Iron Jugulis|
|teampreview
|inactive|Battle timer is ON: inactive players will automatically lose when time's up. (requested by luca1996)
|inactive|RighteousHideous also wants the timer to be on.
|
|t:|1758301213
|teamsize|p1|6
|teamsize|p2|6
|start
|switch|p1a: Walking Wake|Walking Wake|100/100
|switch|p2a: Iron Jugulis|Iron Jugulis|100/100
|turn|1
|
|t:|1758301229
|move|p1a: Walking Wake|Draco Meteor|p2a: Iron Jugulis
|-damage|p2a: Iron Jugulis|0 fnt
|-unboost|p1a: Walking Wake|spa|2
|faint|p2a: Iron Jugulis
|-end|p2a: Iron Jugulis|Quark Drive|[silent]
|
|upkeep
|
|t:|1758301232
|switch|p2a: Primarina|Primarina, M|100/100
|turn|2
|
|t:|1758301237
|-end|p1a: Walking Wake|Protosynthesis|[silent]
|switch|p1a: Slowking|Slowking-Galar, M|100/100
|move|p2a: Primarina|Calm Mind|p2a: Primarina
|-boost|p2a: Primarina|spa|1
|-boost|p2a: Primarina|spd|1
|
|upkeep
|turn|3
|
|t:|1758301250
|move|p2a: Primarina|Calm Mind|p2a: Primarina
|-boost|p2a: Primarina|spa|1
|-boost|p2a: Primarina|spd|1
|move|p1a: Slowking|Sludge Bomb|p2a: Primarina
|-supereffective|p2a: Primarina
|-damage|p2a: Primarina|74/100
|-status|p2a: Primarina|psn
|
|-heal|p2a: Primarina|80/100 psn|[from] item: Leftovers
|-damage|p2a: Primarina|67/100 psn|[from] psn
|upkeep
|turn|4
|
|t:|1758301261
|move|p2a: Primarina|Surf|p1a: Slowking
|-damage|p1a: Slowking|43/100
|-prepare|p1a: Slowking|Chilly Reception|[premajor]
|move|p1a: Slowking|Chilly Reception|p1a: Slowking
|-weather|Snowscape
|inactive|RighteousHideous has 120 seconds left.
|
|t:|1758301298
|switch|p1a: Samurott|Samurott-Hisui, F|100/100|[from] Chilly Reception
|
|-weather|Snowscape|[upkeep]
|-heal|p2a: Primarina|73/100 psn|[from] item: Leftovers
|-damage|p2a: Primarina|61/100 psn|[from] psn
|upkeep
|turn|5
|
|t:|1758301305
|-terastallize|p1a: Samurott|Poison
|move|p1a: Samurott|Knock Off|p2a: Primarina
|-resisted|p2a: Primarina
|-damage|p2a: Primarina|35/100 psn
|-enditem|p2a: Primarina|Leftovers|[from] move: Knock Off|[of] p1a: Samurott
|move|p2a: Primarina|Moonblast|p1a: Samurott
|-resisted|p1a: Samurott
|-damage|p1a: Samurott|60/100
|
|-weather|Snowscape|[upkeep]
|-damage|p2a: Primarina|23/100 psn|[from] psn
|upkeep
|turn|6
|
|t:|1758301315
|move|p1a: Samurott|Ceaseless Edge|p2a: Primarina|[miss]
|-miss|p1a: Samurott|p2a: Primarina
|move|p2a: Primarina|Surf|p1a: Samurott
|-damage|p1a: Samurott|0 fnt
|faint|p1a: Samurott
|
|-weather|Snowscape|[upkeep]
|-damage|p2a: Primarina|11/100 psn|[from] psn
|upkeep
|
|t:|1758301325
|switch|p1a: Garchomp|Garchomp, M|100/100
|turn|7
|
|t:|1758301330
|move|p1a: Garchomp|Earthquake|p2a: Primarina
|-damage|p2a: Primarina|0 fnt
|faint|p2a: Primarina
|
|-weather|Snowscape|[upkeep]
|upkeep
|
|t:|1758301338
|switch|p2a: Primeape|Primeape, F|100/100
|turn|8
|
|t:|1758301346
|move|p1a: Garchomp|Stealth Rock|p2a: Primeape
|-sidestart|p2: luca1996|move: Stealth Rock
|move|p2a: Primeape|Bulk Up|p2a: Primeape
|-boost|p2a: Primeape|atk|1
|-boost|p2a: Primeape|def|1
|
|-weather|none
|upkeep
|turn|9
|
|t:|1758301352
|move|p2a: Primeape|Drain Punch|p1a: Garchomp
|-damage|p1a: Garchomp|73/100
|-damage|p2a: Primeape|88/100|[from] ability: Rough Skin|[of] p1a: Garchomp
|-damage|p2a: Primeape|72/100|[from] item: Rocky Helmet|[of] p1a: Garchomp
|move|p1a: Garchomp|Dragon Tail|p2a: Primeape
|-damage|p2a: Primeape|55/100
|drag|p2a: Cinderace|Cinderace, F|100/100
|-damage|p2a: Cinderace|76/100|[from] Stealth Rock
|
|upkeep
|turn|10
|
|t:|1758301362
|switch|p1a: Slowking|Slowking-Galar, M|77/100
|move|p2a: Cinderace|High Jump Kick|p1a: Slowking
|-start|p2a: Cinderace|typechange|Fighting|[from] ability: Libero
|-resisted|p1a: Slowking
|-damage|p1a: Slowking|57/100
|-damage|p2a: Cinderace|66/100|[from] item: Life Orb
|
|upkeep
|turn|11
|
|t:|1758301367
|move|p2a: Cinderace|Court Change|p2a: Cinderace
|-swapsideconditions
|-activate|p2a: Cinderace|move: Court Change
|-prepare|p1a: Slowking|Chilly Reception|[premajor]
|move|p1a: Slowking|Chilly Reception|p1a: Slowking
|-weather|Snowscape
|
|t:|1758301379
|switch|p1a: Garchomp|Garchomp, M|73/100|[from] Chilly Reception
|-damage|p1a: Garchomp|66/100|[from] Stealth Rock
|
|-weather|Snowscape|[upkeep]
|upkeep
|turn|12
|
|t:|1758301391
|move|p2a: Cinderace|High Jump Kick|p1a: Garchomp
|-damage|p1a: Garchomp|16/100
|-damage|p2a: Cinderace|53/100|[from] ability: Rough Skin|[of] p1a: Garchomp
|-damage|p2a: Cinderace|37/100|[from] item: Rocky Helmet|[of] p1a: Garchomp
|-damage|p2a: Cinderace|27/100|[from] item: Life Orb
|move|p1a: Garchomp|Spikes|p2a: Cinderace
|-sidestart|p2: luca1996|Spikes
|
|-weather|Snowscape|[upkeep]
|upkeep
|turn|13
|
|t:|1758301396
|move|p2a: Cinderace|High Jump Kick|p1a: Garchomp
|-damage|p1a: Garchomp|0 fnt
|-damage|p2a: Cinderace|14/100|[from] ability: Rough Skin|[of] p1a: Garchomp
|-damage|p2a: Cinderace|0 fnt|[from] item: Rocky Helmet|[of] p1a: Garchomp
|faint|p1a: Garchomp
|faint|p2a: Cinderace
|
|-weather|Snowscape|[upkeep]
|upkeep
|
|t:|1758301415
|switch|p2a: Primeape|Primeape, F|55/100
|switch|p1a: Walking Wake|Walking Wake|100/100
|-damage|p1a: Walking Wake|88/100|[from] Stealth Rock
|-damage|p2a: Primeape|43/100|[from] Spikes
|turn|14
|
|t:|1758301421
|move|p1a: Walking Wake|Draco Meteor|p2a: Primeape
|-damage|p2a: Primeape|0 fnt
|-unboost|p1a: Walking Wake|spa|2
|faint|p2a: Primeape
|
|-weather|Snowscape|[upkeep]
|upkeep
|
|t:|1758301423
|switch|p2a: Snorlax|Snorlax, M|100/100
|-damage|p2a: Snorlax|88/100|[from] Spikes
|turn|15
|
|t:|1758301426
|-end|p1a: Walking Wake|Protosynthesis|[silent]
|switch|p1a: Corviknight|Corviknight, M|100/100
|-damage|p1a: Corviknight|88/100|[from] Stealth Rock
|-ability|p1a: Corviknight|Pressure
|move|p2a: Snorlax|Curse|p2a: Snorlax
|-unboost|p2a: Snorlax|spe|1
|-boost|p2a: Snorlax|atk|1
|-boost|p2a: Snorlax|def|1
|
|-weather|none
|-heal|p2a: Snorlax|94/100|[from] item: Leftovers
|upkeep
|turn|16
|
|t:|1758301434
|move|p1a: Corviknight|U-turn|p2a: Snorlax
|-damage|p2a: Snorlax|86/100
|
|t:|1758301438
|switch|p1a: Slowking|Slowking-Galar, M|90/100|[from] U-turn
|move|p2a: Snorlax|Heat Crash|p1a: Slowking
|-damage|p1a: Slowking|28/100
|
|-heal|p2a: Snorlax|92/100|[from] item: Leftovers
|upkeep
|turn|17
|
|t:|1758301446
|move|p2a: Snorlax|Body Slam|p1a: Slowking
|-damage|p1a: Slowking|0 fnt
|faint|p1a: Slowking
|
|-heal|p2a: Snorlax|98/100|[from] item: Leftovers
|upkeep
|
|t:|1758301466
|switch|p1a: Walking Wake|Walking Wake|88/100
|-damage|p1a: Walking Wake|76/100|[from] Stealth Rock
|turn|18
|
|t:|1758301470
|move|p1a: Walking Wake|Draco Meteor|p2a: Snorlax
|-damage|p2a: Snorlax|34/100
|-unboost|p1a: Walking Wake|spa|2
|move|p2a: Snorlax|Body Slam|p1a: Walking Wake
|-crit|p1a: Walking Wake
|-damage|p1a: Walking Wake|0 fnt
|faint|p1a: Walking Wake
|-end|p1a: Walking Wake|Protosynthesis|[silent]
|
|-heal|p2a: Snorlax|40/100|[from] item: Leftovers
|upkeep
|
|t:|1758301477
|switch|p1a: Corviknight|Corviknight, M|88/100
|-damage|p1a: Corviknight|76/100|[from] Stealth Rock
|-ability|p1a: Corviknight|Pressure
|turn|19
|
|t:|1758301482
|move|p1a: Corviknight|Brave Bird|p2a: Snorlax
|-damage|p2a: Snorlax|16/100
|-damage|p1a: Corviknight|66/100|[from] Recoil
|move|p2a: Snorlax|Heat Crash|p1a: Corviknight
|-supereffective|p1a: Corviknight
|-damage|p1a: Corviknight|0 fnt
|-damage|p2a: Snorlax|0 fnt|[from] item: Rocky Helmet|[of] p1a: Corviknight
|faint|p1a: Corviknight
|faint|p2a: Snorlax
|
|upkeep
|
|t:|1758301488
|switch|p1a: Comfey|Comfey, M|100/100
|switch|p2a: Goodra|Goodra, M|100/100
|-damage|p1a: Comfey|88/100|[from] Stealth Rock
|-damage|p2a: Goodra|88/100|[from] Spikes
|turn|20
|
|t:|1758301497
|-terastallize|p2a: Goodra|Fire
|move|p1a: Comfey|Calm Mind|p1a: Comfey
|-boost|p1a: Comfey|spa|1
|-boost|p1a: Comfey|spd|1
|move|p2a: Goodra|Sludge Wave|p1a: Comfey
|-supereffective|p1a: Comfey
|-crit|p1a: Comfey
|-damage|p1a: Comfey|0 fnt
|faint|p1a: Comfey
|
|win|luca1996
|raw|RighteousHideous's rating: 1425 &rarr; <strong>1402</strong><br />(-23 for losing)
|raw|luca1996's rating: 1378 &rarr; <strong>1401</strong><br />(+23 for winning)
|c|☆luca1996|gg
|l|☆luca1996
|player|p2|
|l|☆RighteousHideous
|player|p1|
