|j|☆Gripus9
|j|☆htfgdxj
|t:|1758338715
|gametype|singles
|player|p1|Gripus9|sage|1060
|player|p2|htfgdxj|acetrainer-gen1|1046
|gen|9
|tier|[Gen 9] OU
|rated|
|rule|HP Percentage Mod: HP is shown in percentages
|rule|Endless Battle Clause: Forcing endless battles is banned
|rule|Species Clause: Limit one of each Pokémon
|rule|OHKO Clause: OHKO moves are banned
|rule|Evasion Items Clause: Evasion items are banned
|rule|Evasion Moves Clause: Evasion moves are banned
|rule|Evasion Abilities Clause: Evasion abilities are banned
|rule|Sleep Moves Clause: Sleep-inducing moves are banned
|clearpoke
|poke|p1|Weavile, F|
|poke|p1|Chandelure, M|
|poke|p1|Sylveon, F|
|poke|p1|Tentacruel, F|
|poke|p1|Gengar, M|
|poke|p1|Gardevoir, M|
|poke|p2|Ursaluna, F|
|poke|p2|Rillaboom, M|
|poke|p2|Gholdengo|
|poke|p2|Dragapult, M|
|poke|p2|Weezing-Galar, M|
|poke|p2|Zamazenta-*|
|teampreview
|inactive|Battle timer is ON: inactive players will automatically lose when time's up. (requested by Gripus9)
|
|t:|1758338723
|teamsize|p1|6
|teamsize|p2|6
|start
|switch|p1a: Gardevoir|Gardevoir, M|100/100
|switch|p2a: Rillaboom|Rillaboom, M|100/100
|-fieldstart|move: Grassy Terrain|[from] ability: Grassy Surge|[of] p2a: Rillaboom
|turn|1
|
|t:|1758338728
|move|p2a: Rillaboom|Wood Hammer|p1a: Gardevoir
|-damage|p1a: Gardevoir|11/100
|-damage|p2a: Rillaboom|80/100|[from] Recoil
|move|p1a: Gardevoir|Light Screen|p1a: Gardevoir
|-sidestart|p1: Gripus9|move: Light Screen
|
|-heal|p2a: Rillaboom|86/100|[from] Grassy Terrain
|-heal|p1a: Gardevoir|17/100|[from] Grassy Terrain
|upkeep
|turn|2
|
|t:|1758338737
|move|p2a: Rillaboom|Knock Off|p1a: Gardevoir
|-damage|p1a: Gardevoir|0 fnt
|-enditem|p1a: Gardevoir|Mind Plate|[from] move: Knock Off|[of] p2a: Rillaboom
|faint|p1a: Gardevoir
|
|-heal|p2a: Rillaboom|92/100|[from] Grassy Terrain
|upkeep
|
|t:|1758338743
|switch|p1a: Chandelure|Chandelure, M|100/100
|turn|3
|
|t:|1758338750
|move|p2a: Rillaboom|U-turn|p1a: Chandelure
|-resisted|p1a: Chandelure
|-damage|p1a: Chandelure|93/100
|
|t:|1758338751
|switch|p2a: Ursaluna|Ursaluna, F|100/100|[from] U-turn
|move|p1a: Chandelure|Calm Mind|p1a: Chandelure
|-boost|p1a: Chandelure|spa|1
|-boost|p1a: Chandelure|spd|1
|
|-heal|p1a: Chandelure|99/100|[from] Grassy Terrain
|upkeep
|turn|4
|
|t:|1758338760
|move|p1a: Chandelure|Flamethrower|p2a: Ursaluna
|-damage|p2a: Ursaluna|43/100
|move|p2a: Ursaluna|High Horsepower|p1a: Chandelure
|-supereffective|p1a: Chandelure
|-damage|p1a: Chandelure|0 fnt
|faint|p1a: Chandelure
|
|-heal|p2a: Ursaluna|49/100|[from] Grassy Terrain
|-heal|p2a: Ursaluna|55/100|[from] item: Leftovers
|upkeep
|
|t:|1758338770
|switch|p1a: Weavile|Weavile, F|100/100
|-ability|p1a: Weavile|Pressure
|turn|5
|
|t:|1758338781
|switch|p2a: Weezing|Weezing-Galar, M|100/100
|-ability|p2a: Weezing|Neutralizing Gas
|move|p1a: Weavile|Icicle Crash|p2a: Weezing
|-damage|p2a: Weezing|70/100
|
|-heal|p2a: Weezing|76/100|[from] Grassy Terrain
|-sideend|p1: Gripus9|move: Light Screen
|upkeep
|turn|6
|
|t:|1758338795
|move|p1a: Weavile|Swords Dance|p1a: Weavile
|-boost|p1a: Weavile|atk|2
|move|p2a: Weezing|Strange Steam|p1a: Weavile
|-supereffective|p1a: Weavile
|-damage|p1a: Weavile|24/100
|
|-heal|p1a: Weavile|30/100|[from] Grassy Terrain
|-heal|p2a: Weezing|82/100|[from] Grassy Terrain
|upkeep
|turn|7
|
|t:|1758338803
|move|p1a: Weavile|Icicle Crash|p2a: Weezing
|-damage|p2a: Weezing|16/100
|move|p2a: Weezing|Strange Steam|p1a: Weavile
|-supereffective|p1a: Weavile
|-crit|p1a: Weavile
|-damage|p1a: Weavile|0 fnt
|faint|p1a: Weavile
|
|-heal|p2a: Weezing|22/100|[from] Grassy Terrain
|upkeep
|
|t:|1758338813
|switch|p1a: Sylveon|Sylveon, F|100/100
|turn|8
|
|t:|1758338820
|move|p2a: Weezing|Pain Split|p1a: Sylveon
|-sethp|p1a: Sylveon|60/100|[from] move: Pain Split|[silent]
|-sethp|p2a: Weezing|70/100|[from] move: Pain Split
|move|p1a: Sylveon|Wish|p1a: Sylveon
|
|-heal|p2a: Weezing|76/100|[from] Grassy Terrain
|-heal|p1a: Sylveon|66/100|[from] Grassy Terrain
|-fieldend|move: Grassy Terrain
|upkeep
|turn|9
|
|t:|1758338830
|-end|p2a: Weezing|ability: Neutralizing Gas
|switch|p2a: Gholdengo|Gholdengo|100/100
|move|p1a: Sylveon|Calm Mind|p1a: Sylveon
|-boost|p1a: Sylveon|spa|1
|-boost|p1a: Sylveon|spd|1
|
|-heal|p1a: Sylveon|100/100|[from] move: Wish|[wisher] Sylveon
|upkeep
|turn|10
|
|t:|1758338839
|move|p2a: Gholdengo|Nasty Plot|p2a: Gholdengo
|-boost|p2a: Gholdengo|spa|2
|move|p1a: Sylveon|Moonblast|p2a: Gholdengo
|-resisted|p2a: Gholdengo
|-damage|p2a: Gholdengo|75/100
|
|upkeep
|turn|11
|
|t:|1758338842
|move|p2a: Gholdengo|Make It Rain|p1a: Sylveon
|-supereffective|p1a: Sylveon
|-crit|p1a: Sylveon
|-damage|p1a: Sylveon|0 fnt
|-unboost|p2a: Gholdengo|spa|1
|faint|p1a: Sylveon
|
|upkeep
|
|t:|1758338849
|switch|p1a: Gengar|Gengar, M|100/100
|turn|12
|
|t:|1758338857
|switch|p2a: Ursaluna|Ursaluna, F|55/100
|move|p1a: Gengar|Shadow Ball|p2a: Ursaluna
|-immune|p2a: Ursaluna
|
|-heal|p2a: Ursaluna|62/100|[from] item: Leftovers
|upkeep
|turn|13
|
|t:|1758338864
|switch|p2a: Rillaboom|Rillaboom, M|92/100
|-fieldstart|move: Grassy Terrain|[from] ability: Grassy Surge|[of] p2a: Rillaboom
|move|p1a: Gengar|Focus Blast|p2a: Rillaboom
|-damage|p2a: Rillaboom|43/100
|
|-heal|p2a: Rillaboom|49/100|[from] Grassy Terrain
|upkeep
|turn|14
|
|t:|1758338872
|switch|p2a: Ursaluna|Ursaluna, F|62/100
|move|p1a: Gengar|Sludge Wave|p2a: Ursaluna
|-resisted|p2a: Ursaluna
|-damage|p2a: Ursaluna|46/100
|
|-heal|p2a: Ursaluna|52/100|[from] Grassy Terrain
|-heal|p2a: Ursaluna|58/100|[from] item: Leftovers
|upkeep
|turn|15
|
|t:|1758338880
|move|p2a: Ursaluna|Protect|p2a: Ursaluna
|-singleturn|p2a: Ursaluna|Protect
|move|p1a: Gengar|Focus Blast|p2a: Ursaluna
|-activate|p2a: Ursaluna|move: Protect
|
|-heal|p2a: Ursaluna|64/100|[from] Grassy Terrain
|-heal|p2a: Ursaluna|71/100|[from] item: Leftovers
|upkeep
|turn|16
|
|t:|1758338885
|-terastallize|p2a: Ursaluna|Poison
|move|p1a: Gengar|Focus Blast|p2a: Ursaluna|[miss]
|-miss|p1a: Gengar|p2a: Ursaluna
|move|p2a: Ursaluna|High Horsepower|p1a: Gengar
|-supereffective|p1a: Gengar
|-damage|p1a: Gengar|0 fnt
|faint|p1a: Gengar
|
|-heal|p2a: Ursaluna|77/100|[from] Grassy Terrain
|-heal|p2a: Ursaluna|83/100|[from] item: Leftovers
|upkeep
|
|t:|1758338888
|switch|p1a: Tentacruel|Tentacruel, F|100/100
|turn|17
|
|t:|1758338893
|move|p1a: Tentacruel|Surf|p2a: Ursaluna
|-damage|p2a: Ursaluna|66/100
|move|p2a: Ursaluna|High Horsepower|p1a: Tentacruel
|-supereffective|p1a: Tentacruel
|-damage|p1a: Tentacruel|0 fnt
|-damage|p2a: Ursaluna|50/100|[from] item: Rocky Helmet|[of] p1a: Tentacruel
|faint|p1a: Tentacruel
|
|win|htfgdxj
|raw|Gripus9's rating: 1060 &rarr; <strong>1040</strong><br />(-20 for losing)
|raw|htfgdxj's rating: 1046 &rarr; <strong>1080</strong><br />(+34 for winning)
