|j|☆ay cheu
|j|☆fulkttd
|t:|1758346672
|gametype|singles
|player|p1|ay cheu|riley|1490
|player|p2|fulkttd|zinzolin|1528
|gen|9
|tier|[Gen 9] OU
|rated|
|rule|HP Percentage Mod: HP is shown in percentages
|rule|Endless Battle Clause: Forcing endless battles is banned
|rule|Species Clause: Limit one of each Pokémon
|rule|OHKO Clause: OHKO moves are banned
|rule|Evasion Items Clause: Evasion items are banned
|rule|Evasion Moves Clause: Evasion moves are banned
|rule|Evasion Abilities Clause: Evasion abilities are banned
|rule|Sleep Moves Clause: Sleep-inducing moves are banned
|clearpoke
|poke|p1|Arcanine-Hisui, M|
|poke|p1|Zapdos-Galar|
|poke|p1|Metagross|
|poke|p1|Umbreon, F|
|poke|p1|Venusaur, F|
|poke|p1|Sandy Shocks|
|poke|p2|Raging Bolt|
|poke|p2|Walking Wake|
|poke|p2|Iron Valiant|
|poke|p2|Meowscarada, F|
|poke|p2|Scizor, M|
|poke|p2|Okidogi, M|
|teampreview
|inactive|Battle timer is ON: inactive players will automatically lose when time's up. (requested by fulkttd)
|c|☆fulkttd|Cool team
|
|t:|1758346698
|teamsize|p1|6
|teamsize|p2|6
|start
|switch|p1a: 火|Zapdos-Galar|100/100
|switch|p2a: Meowscarada|Meowscarada, F|100/100
|turn|1
|
|t:|1758346701
|switch|p1a: Metagross|Metagross, shiny|100/100
|move|p2a: Meowscarada|Triple Axel|p1a: Metagross
|-start|p2a: Meowscarada|typechange|Ice|[from] ability: Protean
|-resisted|p1a: Metagross
|-damage|p1a: Metagross|98/100
|-damage|p2a: Meowscarada|84/100|[from] item: Rocky Helmet|[of] p1a: Metagross
|-resisted|p1a: Metagross
|-damage|p1a: Metagross|93/100
|-damage|p2a: Meowscarada|68/100|[from] item: Rocky Helmet|[of] p1a: Metagross
|-resisted|p1a: Metagross
|-crit|p1a: Metagross
|-damage|p1a: Metagross|82/100
|-damage|p2a: Meowscarada|51/100|[from] item: Rocky Helmet|[of] p1a: Metagross
|-hitcount|p1a: Metagross|3
|
|upkeep
|turn|2
|
|t:|1758346715
|switch|p2a: Scizor|Scizor, M|100/100
|move|p1a: Metagross|Stealth Rock|p2a: Scizor
|-sidestart|p2: fulkttd|move: Stealth Rock
|
|upkeep
|turn|3
|
|t:|1758346722
|switch|p1a: Venusaur|Venusaur, F|100/100
|move|p2a: Scizor|Knock Off|p1a: Venusaur
|-damage|p1a: Venusaur|73/100
|-enditem|p1a: Venusaur|Heavy-Duty Boots|[from] move: Knock Off|[of] p2a: Scizor
|
|upkeep
|turn|4
|
|t:|1758346729
|move|p1a: Venusaur|Sunny Day|p1a: Venusaur
|-weather|SunnyDay
|move|p2a: Scizor|Defog|p1a: Venusaur
|-unboost|p1a: Venusaur|evasion|1
|-sideend|p2: fulkttd|Stealth Rock|[from] move: Defog|[of] p2a: Scizor
|
|-weather|SunnyDay|[upkeep]
|upkeep
|turn|5
|
|t:|1758346735
|switch|p2a: Raging Bolt|Raging Bolt|100/100
|-activate|p2a: Raging Bolt|ability: Protosynthesis
|-start|p2a: Raging Bolt|protosynthesisspa
|move|p1a: Venusaur|Sludge Bomb|p2a: Raging Bolt
|-damage|p2a: Raging Bolt|71/100
|-status|p2a: Raging Bolt|psn
|
|-weather|SunnyDay|[upkeep]
|-damage|p2a: Raging Bolt|58/100 psn|[from] psn
|upkeep
|turn|6
|
|t:|1758346745
|switch|p1a: 囡囡|Umbreon, F|100/100
|-terastallize|p2a: Raging Bolt|Bug
|move|p2a: Raging Bolt|Draco Meteor|p1a: 囡囡
|-damage|p1a: 囡囡|46/100
|-unboost|p2a: Raging Bolt|spa|2
|-enditem|p2a: Raging Bolt|Eject Pack
|
|t:|1758346749
|-end|p2a: Raging Bolt|Protosynthesis|[silent]
|switch|p2a: Scizor|Scizor, M|100/100
|
|-weather|SunnyDay|[upkeep]
|-heal|p1a: 囡囡|52/100|[from] item: Leftovers
|upkeep
|turn|7
|
|t:|1758346755
|move|p1a: 囡囡|Protect|p1a: 囡囡
|-singleturn|p1a: 囡囡|Protect
|move|p2a: Scizor|U-turn|p1a: 囡囡
|-activate|p1a: 囡囡|move: Protect
|
|-weather|SunnyDay|[upkeep]
|-heal|p1a: 囡囡|58/100|[from] item: Leftovers
|upkeep
|turn|8
|
|t:|1758346761
|switch|p1a: 火|Zapdos-Galar|100/100
|move|p2a: Scizor|Knock Off|p1a: 火
|-resisted|p1a: 火
|-damage|p1a: 火|77/100
|-enditem|p1a: 火|Choice Scarf|[from] move: Knock Off|[of] p2a: Scizor
|
|-weather|none
|upkeep
|turn|9
|
|t:|1758346769
|move|p1a: 火|U-turn|p2a: Scizor
|-resisted|p2a: Scizor
|-damage|p2a: Scizor|89/100
|
|t:|1758346772
|switch|p1a: Metagross|Metagross, shiny|82/100|[from] U-turn
|move|p2a: Scizor|U-turn|p1a: Metagross
|-damage|p1a: Metagross|61/100
|-damage|p2a: Scizor|73/100|[from] item: Rocky Helmet|[of] p1a: Metagross
|
|t:|1758346777
|switch|p2a: Walking Wake|Walking Wake|100/100|[from] U-turn
|
|upkeep
|turn|10
|
|t:|1758346787
|switch|p1a: 囡囡|Umbreon, F|58/100
|move|p2a: Walking Wake|Draco Meteor|p1a: 囡囡
|-damage|p1a: 囡囡|9/100
|-unboost|p2a: Walking Wake|spa|2
|
|-heal|p1a: 囡囡|15/100|[from] item: Leftovers
|upkeep
|turn|11
|
|t:|1758346793
|-terastallize|p1a: 囡囡|Fairy
|move|p2a: Walking Wake|Draco Meteor|p1a: 囡囡
|-immune|p1a: 囡囡
|move|p1a: 囡囡|Wish|p1a: 囡囡
|
|-heal|p1a: 囡囡|21/100|[from] item: Leftovers
|upkeep
|turn|12
|
|t:|1758346798
|-end|p2a: Walking Wake|Protosynthesis|[silent]
|switch|p2a: Okidogi|Okidogi, M|100/100
|move|p1a: 囡囡|Foul Play|p2a: Okidogi
|-resisted|p2a: Okidogi
|-crit|p2a: Okidogi
|-damage|p2a: Okidogi|69/100
|
|-heal|p1a: 囡囡|71/100|[from] move: Wish|[wisher] 囡囡
|-heal|p2a: Okidogi|75/100|[from] item: Leftovers
|-heal|p1a: 囡囡|77/100|[from] item: Leftovers
|upkeep
|turn|13
|
|t:|1758346807
|switch|p1a: Metagross|Metagross, shiny|61/100
|move|p2a: Okidogi|Knock Off|p1a: Metagross
|-supereffective|p1a: Metagross
|-damage|p1a: Metagross|19/100
|-damage|p2a: Okidogi|59/100|[from] item: Rocky Helmet|[of] p1a: Metagross
|-enditem|p1a: Metagross|Rocky Helmet|[from] move: Knock Off|[of] p2a: Okidogi
|
|-heal|p2a: Okidogi|65/100|[from] item: Leftovers
|upkeep
|turn|14
|
|t:|1758346812
|switch|p2a: Scizor|Scizor, M|73/100
|move|p1a: Metagross|Psychic Noise|p2a: Scizor
|-resisted|p2a: Scizor
|-damage|p2a: Scizor|58/100
|-start|p2a: Scizor|move: Heal Block
|
|upkeep
|turn|15
|
|t:|1758346817
|move|p2a: Scizor|U-turn|p1a: Metagross
|-damage|p1a: Metagross|0 fnt
|faint|p1a: Metagross
|
|t:|1758346821
|switch|p2a: Meowscarada|Meowscarada, F|51/100|[from] U-turn
|
|upkeep
|
|t:|1758346825
|switch|p1a: Venusaur|Venusaur, F|73/100
|turn|16
|
|t:|1758346828
|move|p2a: Meowscarada|Triple Axel|p1a: Venusaur
|-start|p2a: Meowscarada|typechange|Ice|[from] ability: Protean
|-supereffective|p1a: Venusaur
|-damage|p1a: Venusaur|60/100
|-supereffective|p1a: Venusaur
|-damage|p1a: Venusaur|33/100
|-hitcount|p1a: Venusaur|2
|move|p1a: Venusaur|Sunny Day|p1a: Venusaur
|-weather|SunnyDay
|
|-weather|SunnyDay|[upkeep]
|upkeep
|turn|17
|
|t:|1758346836
|move|p2a: Meowscarada|Triple Axel|p1a: Venusaur
|-supereffective|p1a: Venusaur
|-damage|p1a: Venusaur|18/100
|-supereffective|p1a: Venusaur
|-damage|p1a: Venusaur|0 fnt
|faint|p1a: Venusaur
|-hitcount|p1: Venusaur|2
|
|-weather|SunnyDay|[upkeep]
|upkeep
|
|t:|1758346841
|switch|p1a: Sandy Shocks|Sandy Shocks|100/100
|-activate|p1a: Sandy Shocks|ability: Protosynthesis
|-start|p1a: Sandy Shocks|protosynthesisspa
|turn|18
|
|t:|1758346847
|switch|p2a: Scizor|Scizor, M|58/100
|move|p1a: Sandy Shocks|Tera Blast|p2a: Scizor
|-resisted|p2a: Scizor
|-damage|p2a: Scizor|37/100
|
|-weather|SunnyDay|[upkeep]
|upkeep
|turn|19
|
|t:|1758346853
|move|p2a: Scizor|Bullet Punch|p1a: Sandy Shocks
|-resisted|p1a: Sandy Shocks
|-damage|p1a: Sandy Shocks|82/100
|move|p1a: Sandy Shocks|Earth Power|p2a: Scizor
|-damage|p2a: Scizor|0 fnt
|faint|p2a: Scizor
|
|-weather|SunnyDay|[upkeep]
|upkeep
|
|t:|1758346855
|switch|p2a: Walking Wake|Walking Wake|100/100
|-activate|p2a: Walking Wake|ability: Protosynthesis
|-start|p2a: Walking Wake|protosynthesisspa
|turn|20
|
|t:|1758346862
|move|p2a: Walking Wake|Surf|p1a: Sandy Shocks
|-supereffective|p1a: Sandy Shocks
|-damage|p1a: Sandy Shocks|0 fnt
|faint|p1a: Sandy Shocks
|-end|p1a: Sandy Shocks|Protosynthesis|[silent]
|
|-weather|none
|-end|p2a: Walking Wake|Protosynthesis
|upkeep
|-message|ay cheu forfeited.
|
|win|fulkttd
|raw|ay cheu's rating: 1490 &rarr; <strong>1472</strong><br />(-18 for losing)
|raw|fulkttd's rating: 1528 &rarr; <strong>1546</strong><br />(+18 for winning)
|l|☆ay cheu
|player|p1|
|l|☆fulkttd
|player|p2|
