|j|☆t0903094842
|j|☆rjtugpu33636j33
|t:|1758340331
|gametype|singles
|player|p1|t0903094842|1|1161
|player|p2|rjtugpu33636j33|1|1209
|gen|9
|tier|[Gen 9] OU
|rated|
|rule|HP Percentage Mod: HP is shown in percentages
|rule|Endless Battle Clause: Forcing endless battles is banned
|rule|Species Clause: Limit one of each Pokémon
|rule|OHKO Clause: OHKO moves are banned
|rule|Evasion Items Clause: Evasion items are banned
|rule|Evasion Moves Clause: Evasion moves are banned
|rule|Evasion Abilities Clause: Evasion abilities are banned
|rule|Sleep Moves Clause: Sleep-inducing moves are banned
|clearpoke
|poke|p1|Glimmora, F|
|poke|p1|Whimsicott, M|
|poke|p1|Arboliva, F|
|poke|p1|Ting-Lu|
|poke|p1|Dragonite, M|
|poke|p1|Goodra-Hisui, M|
|poke|p2|Ceruledge, M|
|poke|p2|Walking Wake|
|poke|p2|Weezing-Galar, F|
|poke|p2|Kingambit, M|
|poke|p2|Rillaboom, M|
|poke|p2|Zapdos|
|teampreview
|inactive|Battle timer is ON: inactive players will automatically lose when time's up. (requested by rjtugpu33636j33)
|
|t:|1758340354
|teamsize|p1|6
|teamsize|p2|6
|start
|switch|p1a: Glimmora|Glimmora, F|100/100
|switch|p2a: Kingambit|Kingambit, M|100/100
|turn|1
|
|t:|1758340364
|move|p1a: Glimmora|Spikes|p2a: Kingambit
|-sidestart|p2: rjtugpu33636j33|Spikes
|move|p2a: Kingambit|Swords Dance|p2a: Kingambit
|-boost|p2a: Kingambit|atk|2
|
|upkeep
|turn|2
|
|t:|1758340375
|move|p1a: Glimmora|Spiky Shield|p1a: Glimmora
|-singleturn|p1a: Glimmora|move: Protect
|move|p2a: Kingambit|Kowtow Cleave|p1a: Glimmora
|-activate|p1a: Glimmora|move: Protect
|-damage|p2a: Kingambit|88/100|[from] Spiky Shield|[of] p1a: Glimmora
|
|-heal|p2a: Kingambit|94/100|[from] item: Leftovers
|upkeep
|turn|3
|
|t:|1758340389
|move|p1a: Glimmora|Stealth Rock|p2a: Kingambit
|-sidestart|p2: rjtugpu33636j33|move: Stealth Rock
|move|p2a: Kingambit|Iron Head|p1a: Glimmora
|-supereffective|p1a: Glimmora
|-damage|p1a: Glimmora|0 fnt
|-damage|p2a: Kingambit|78/100|[from] item: Rocky Helmet|[of] p1a: Glimmora
|-activate|p1a: Glimmora|ability: Toxic Debris
|-sidestart|p2: rjtugpu33636j33|move: Toxic Spikes
|faint|p1a: Glimmora
|
|-heal|p2a: Kingambit|84/100|[from] item: Leftovers
|upkeep
|
|t:|1758340402
|switch|p1a: Dragonite|Dragonite, M|100/100
|turn|4
|
|t:|1758340421
|-terastallize|p1a: Dragonite|Normal
|move|p1a: Dragonite|Extreme Speed|p2a: Kingambit
|-resisted|p2a: Kingambit
|-damage|p2a: Kingambit|54/100
|move|p2a: Kingambit|Swords Dance|p2a: Kingambit
|-boost|p2a: Kingambit|atk|2
|
|-heal|p2a: Kingambit|60/100|[from] item: Leftovers
|upkeep
|turn|5
|
|t:|1758340439
|switch|p1a: Whimsicott|Whimsicott, M|100/100
|move|p2a: Kingambit|Kowtow Cleave|p1a: Whimsicott
|-resisted|p1a: Whimsicott
|-damage|p1a: Whimsicott|0 fnt
|faint|p1a: Whimsicott
|
|-heal|p2a: Kingambit|66/100|[from] item: Leftovers
|upkeep
|
|t:|1758340453
|switch|p1a: Goodra|Goodra-Hisui, M|100/100
|turn|6
|
|t:|1758340461
|move|p2a: Kingambit|Kowtow Cleave|p1a: Goodra
|-damage|p1a: Goodra|0 fnt
|faint|p1a: Goodra
|
|-heal|p2a: Kingambit|73/100|[from] item: Leftovers
|upkeep
|
|t:|1758340468
|switch|p1a: Ting-Lu|Ting-Lu|100/100
|-ability|p1a: Ting-Lu|Vessel of Ruin
|turn|7
|
|t:|1758340473
|move|p2a: Kingambit|Iron Head|p1a: Ting-Lu
|-damage|p1a: Ting-Lu|40/100
|move|p1a: Ting-Lu|Whirlwind|p2a: Kingambit
|-end|p2a: Kingambit|fallenundefined|[silent]
|drag|p2a: Rillaboom|Rillaboom, M|100/100
|-damage|p2a: Rillaboom|88/100|[from] Spikes
|-damage|p2a: Rillaboom|75/100|[from] Stealth Rock
|-status|p2a: Rillaboom|psn
|-fieldstart|move: Grassy Terrain|[from] ability: Grassy Surge|[of] p2a: Rillaboom
|
|-heal|p2a: Rillaboom|82/100 psn|[from] Grassy Terrain
|-heal|p1a: Ting-Lu|47/100|[from] Grassy Terrain
|-heal|p1a: Ting-Lu|53/100|[from] item: Leftovers
|-damage|p2a: Rillaboom|69/100 psn|[from] psn
|upkeep
|turn|8
|
|t:|1758340490
|move|p2a: Rillaboom|Knock Off|p1a: Ting-Lu
|-resisted|p1a: Ting-Lu
|-damage|p1a: Ting-Lu|46/100
|-enditem|p1a: Ting-Lu|Leftovers|[from] move: Knock Off|[of] p2a: Rillaboom
|move|p1a: Ting-Lu|Whirlwind|p2a: Rillaboom
|drag|p2a: Kingambit|Kingambit, M|73/100
|-damage|p2a: Kingambit|60/100|[from] Spikes
|-damage|p2a: Kingambit|54/100|[from] Stealth Rock
|
|-heal|p2a: Kingambit|60/100|[from] Grassy Terrain
|-heal|p2a: Kingambit|66/100|[from] item: Leftovers
|-heal|p1a: Ting-Lu|52/100|[from] Grassy Terrain
|upkeep
|turn|9
|
|t:|1758340504
|-end|p2a: Kingambit|fallenundefined|[silent]
|switch|p2a: Weezing|Weezing-Galar, F|100/100
|-ability|p2a: Weezing|Neutralizing Gas
|-sideend|p2: rjtugpu33636j33|move: Toxic Spikes|[of] p2a: Weezing
|move|p1a: Ting-Lu|Whirlwind|p2a: Weezing
|-end|p2a: Weezing|ability: Neutralizing Gas
|-ability|p1a: Ting-Lu|Vessel of Ruin
|drag|p2a: Kingambit|Kingambit, M|66/100
|-damage|p2a: Kingambit|54/100|[from] Spikes
|-damage|p2a: Kingambit|48/100|[from] Stealth Rock
|
|-heal|p2a: Kingambit|54/100|[from] Grassy Terrain
|-heal|p2a: Kingambit|60/100|[from] item: Leftovers
|-heal|p1a: Ting-Lu|58/100|[from] Grassy Terrain
|upkeep
|turn|10
|
|t:|1758340521
|move|p2a: Kingambit|Iron Head|p1a: Ting-Lu
|-damage|p1a: Ting-Lu|38/100
|move|p1a: Ting-Lu|Whirlwind|p2a: Kingambit
|-end|p2a: Kingambit|fallenundefined|[silent]
|drag|p2a: Walking Wake|Walking Wake|100/100
|
|-heal|p1a: Ting-Lu|44/100|[from] Grassy Terrain
|upkeep
|turn|11
|
|t:|1758340530
|move|p2a: Walking Wake|Surf|p1a: Ting-Lu
|-supereffective|p1a: Ting-Lu
|-damage|p1a: Ting-Lu|0 fnt
|faint|p1a: Ting-Lu
|
|upkeep
|
|t:|1758340534
|switch|p1a: Dragonite|Dragonite, M, tera:Normal|100/100
|turn|12
|
|t:|1758340551
|move|p1a: Dragonite|Extreme Speed|p2a: Walking Wake
|-damage|p2a: Walking Wake|23/100
|move|p2a: Walking Wake|Draco Meteor|p1a: Dragonite
|-damage|p1a: Dragonite|47/100
|-unboost|p2a: Walking Wake|spa|2
|
|-heal|p2a: Walking Wake|29/100|[from] Grassy Terrain
|-heal|p1a: Dragonite|53/100|[from] Grassy Terrain
|upkeep
|turn|13
|
|t:|1758340565
|move|p1a: Dragonite|Extreme Speed|p2a: Walking Wake
|-damage|p2a: Walking Wake|0 fnt
|faint|p2a: Walking Wake
|-end|p2a: Walking Wake|Protosynthesis|[silent]
|
|-heal|p1a: Dragonite|59/100|[from] Grassy Terrain
|upkeep
|
|t:|1758340567
|switch|p2a: Weezing|Weezing-Galar, F|100/100
|-ability|p2a: Weezing|Neutralizing Gas
|turn|14
|
|t:|1758340576
|move|p1a: Dragonite|Extreme Speed|p2a: Weezing
|-damage|p2a: Weezing|54/100
|move|p2a: Weezing|Defog|p1a: Dragonite
|-unboost|p1a: Dragonite|evasion|1
|-sideend|p2: rjtugpu33636j33|Spikes|[from] move: Defog|[of] p2a: Weezing
|-sideend|p2: rjtugpu33636j33|Stealth Rock|[from] move: Defog|[of] p2a: Weezing
|-fieldend|move: Grassy Terrain
|
|upkeep
|turn|15
|
|t:|1758340582
|move|p1a: Dragonite|Extreme Speed|p2a: Weezing
|-damage|p2a: Weezing|10/100
|move|p2a: Weezing|Pain Split|p1a: Dragonite
|-sethp|p1a: Dragonite|34/100|[from] move: Pain Split|[silent]
|-sethp|p2a: Weezing|39/100|[from] move: Pain Split
|
|upkeep
|turn|16
|
|t:|1758340591
|move|p1a: Dragonite|Extreme Speed|p2a: Weezing
|-damage|p2a: Weezing|0 fnt
|faint|p2a: Weezing
|-end|p2a: Weezing|ability: Neutralizing Gas
|
|upkeep
|
|t:|1758340596
|switch|p2a: Ceruledge|Ceruledge, M|100/100
|turn|17
|
|t:|1758340599
|switch|p1a: Arboliva|Arboliva, F|100/100
|move|p2a: Ceruledge|Swords Dance|p2a: Ceruledge
|-boost|p2a: Ceruledge|atk|2
|
|upkeep
|turn|18
|
|t:|1758340609
|move|p2a: Ceruledge|Bitter Blade|p1a: Arboliva
|-supereffective|p1a: Arboliva
|-damage|p1a: Arboliva|0 fnt
|faint|p1a: Arboliva
|
|upkeep
|
|t:|1758340611
|switch|p1a: Dragonite|Dragonite, M, tera:Normal|34/100
|turn|19
|
|t:|1758340616
|move|p1a: Dragonite|Aqua Jet|p2a: Ceruledge
|-supereffective|p2a: Ceruledge
|-damage|p2a: Ceruledge|37/100
|-ability|p2a: Ceruledge|Weak Armor|boost
|-unboost|p2a: Ceruledge|def|1
|-boost|p2a: Ceruledge|spe|2
|move|p2a: Ceruledge|Bitter Blade|p1a: Dragonite
|-damage|p1a: Dragonite|0 fnt
|-heal|p2a: Ceruledge|60/100|[from] drain|[of] p1a: Dragonite
|faint|p1a: Dragonite
|
|win|rjtugpu33636j33
|raw|t0903094842's rating: 1161 &rarr; <strong>1139</strong><br />(-22 for losing)
|raw|rjtugpu33636j33's rating: 1209 &rarr; <strong>1231</strong><br />(+22 for winning)
|l|☆t0903094842
|player|p1|
|c|☆rjtugpu33636j33|gg
