|j|☆IronClod
|j|☆brlegjemsa
|t:|1758304691
|gametype|singles
|player|p1|IronClod|fantina|1399
|player|p2|brlegjemsa|dawn|1352
|gen|9
|tier|[Gen 9] OU
|rated|
|rule|HP Percentage Mod: HP is shown in percentages
|rule|Endless Battle Clause: Forcing endless battles is banned
|rule|Species Clause: Limit one of each Pokémon
|rule|OHKO Clause: OHKO moves are banned
|rule|Evasion Items Clause: Evasion items are banned
|rule|Evasion Moves Clause: Evasion moves are banned
|rule|Evasion Abilities Clause: Evasion abilities are banned
|rule|Sleep Moves Clause: Sleep-inducing moves are banned
|clearpoke
|poke|p1|Ninetales-Alola, M|
|poke|p1|Dondozo, F|
|poke|p1|Iron Treads|
|poke|p1|Kyurem|
|poke|p1|Comfey, F|
|poke|p1|Polteageist|
|poke|p2|Cinderace, F|
|poke|p2|Quaquaval, F|
|poke|p2|Thundurus-Therian, M|
|poke|p2|Necrozma|
|poke|p2|Ogerpon-Wellspring, F|
|poke|p2|Dragapult, F|
|teampreview
|inactive|Battle timer is ON: inactive players will automatically lose when time's up. (requested by IronClod)
|
|t:|1758304701
|teamsize|p1|6
|teamsize|p2|6
|start
|switch|p1a: Ninetales|Ninetales-Alola, M|100/100
|switch|p2a: Cinderace|Cinderace, F|100/100
|-weather|Snowscape|[from] ability: Snow Warning|[of] p1a: Ninetales
|turn|1
|
|t:|1758304710
|switch|p1a: Dondozo|Dondozo, F|100/100
|move|p2a: Cinderace|Pyro Ball|p1a: Dondozo
|-resisted|p1a: Dondozo
|-damage|p1a: Dondozo|82/100
|
|-weather|Snowscape|[upkeep]
|-heal|p1a: Dondozo|89/100|[from] item: Leftovers
|upkeep
|turn|2
|
|t:|1758304719
|switch|p2a: Thundurus|Thundurus-Therian, M|100/100
|switch|p1a: Iron Treads|Iron Treads|100/100
|-enditem|p1a: Iron Treads|Booster Energy
|-activate|p1a: Iron Treads|ability: Quark Drive|[fromitem]
|-start|p1a: Iron Treads|quarkdrivespe
|
|-weather|Snowscape|[upkeep]
|upkeep
|turn|3
|
|t:|1758304722
|move|p1a: Iron Treads|Stealth Rock|p2a: Thundurus
|-sidestart|p2: brlegjemsa|move: Stealth Rock
|move|p2a: Thundurus|Grass Knot|p1a: Iron Treads
|-damage|p1a: Iron Treads|17/100
|-damage|p2a: Thundurus|91/100|[from] item: Life Orb
|
|-weather|Snowscape|[upkeep]
|upkeep
|turn|4
|
|t:|1758304733
|switch|p2a: Quaquaval|Quaquaval, F|100/100
|-damage|p2a: Quaquaval|94/100|[from] Stealth Rock
|move|p1a: Iron Treads|Steel Beam|p2a: Quaquaval
|-resisted|p2a: Quaquaval
|-damage|p2a: Quaquaval|71/100
|-damage|p1a: Iron Treads|0 fnt|[from] steelbeam
|faint|p1a: Iron Treads
|-end|p1a: Iron Treads|Quark Drive|[silent]
|
|-weather|Snowscape|[upkeep]
|upkeep
|
|t:|1758304740
|switch|p1a: Ninetales|Ninetales-Alola, M|100/100
|turn|5
|
|t:|1758304743
|switch|p2a: Cinderace|Cinderace, F|100/100
|move|p1a: Ninetales|Aurora Veil|p1a: Ninetales
|-sidestart|p1: IronClod|move: Aurora Veil
|
|-weather|none
|upkeep
|turn|6
|
|t:|1758304753
|move|p2a: Cinderace|Court Change|p2a: Cinderace
|-start|p2a: Cinderace|typechange|Normal|[from] ability: Libero
|-swapsideconditions
|-activate|p2a: Cinderace|move: Court Change
|move|p1a: Ninetales|Encore|p2a: Cinderace
|-start|p2a: Cinderace|Encore
|
|upkeep
|turn|7
|
|t:|1758304762
|switch|p2a: Necrozma|Necrozma|100/100
|switch|p1a: Dondozo|Dondozo, F|89/100
|-damage|p1a: Dondozo|76/100|[from] Stealth Rock
|
|-heal|p1a: Dondozo|82/100|[from] item: Leftovers
|upkeep
|turn|8
|
|t:|1758304764
|switch|p1a: Ninetales|Ninetales-Alola, M|100/100
|-damage|p1a: Ninetales|76/100|[from] Stealth Rock
|-weather|Snowscape|[from] ability: Snow Warning|[of] p1a: Ninetales
|move|p2a: Necrozma|Calm Mind|p2a: Necrozma
|-boost|p2a: Necrozma|spa|1
|-boost|p2a: Necrozma|spd|1
|
|-weather|Snowscape|[upkeep]
|upkeep
|turn|9
|
|t:|1758304768
|move|p1a: Ninetales|Aurora Veil|p1a: Ninetales
|-sidestart|p1: IronClod|move: Aurora Veil
|move|p2a: Necrozma|Photon Geyser|p1a: Ninetales
|-damage|p1a: Ninetales|35/100
|
|-weather|Snowscape|[upkeep]
|upkeep
|turn|10
|
|t:|1758304778
|move|p1a: Ninetales|Freeze-Dry|p2a: Necrozma
|-damage|p2a: Necrozma|94/100
|move|p2a: Necrozma|Photon Geyser|p1a: Ninetales
|-damage|p1a: Ninetales|0 fnt
|faint|p1a: Ninetales
|
|-weather|Snowscape|[upkeep]
|-heal|p2a: Necrozma|99/100|[from] item: Leftovers
|upkeep
|
|t:|1758304787
|switch|p1a: Dondozo|Dondozo, F|82/100
|-damage|p1a: Dondozo|70/100|[from] Stealth Rock
|turn|11
|
|t:|1758304792
|move|p2a: Necrozma|Calm Mind|p2a: Necrozma
|-boost|p2a: Necrozma|spa|1
|-boost|p2a: Necrozma|spd|1
|move|p1a: Dondozo|Curse|p1a: Dondozo
|-unboost|p1a: Dondozo|spe|1
|-boost|p1a: Dondozo|atk|1
|-boost|p1a: Dondozo|def|1
|
|-weather|Snowscape|[upkeep]
|-heal|p2a: Necrozma|100/100|[from] item: Leftovers
|-heal|p1a: Dondozo|76/100|[from] item: Leftovers
|upkeep
|turn|12
|
|t:|1758304794
|move|p2a: Necrozma|Calm Mind|p2a: Necrozma
|-boost|p2a: Necrozma|spa|1
|-boost|p2a: Necrozma|spd|1
|move|p1a: Dondozo|Curse|p1a: Dondozo
|-unboost|p1a: Dondozo|spe|1
|-boost|p1a: Dondozo|atk|1
|-boost|p1a: Dondozo|def|1
|
|-weather|none
|-heal|p1a: Dondozo|82/100|[from] item: Leftovers
|-sideend|p2: brlegjemsa|move: Aurora Veil
|upkeep
|turn|13
|
|t:|1758304800
|move|p2a: Necrozma|Photon Geyser|p1a: Dondozo
|-damage|p1a: Dondozo|41/100
|move|p1a: Dondozo|Curse|p1a: Dondozo
|-unboost|p1a: Dondozo|spe|1
|-boost|p1a: Dondozo|atk|1
|-boost|p1a: Dondozo|def|1
|
|-heal|p1a: Dondozo|47/100|[from] item: Leftovers
|upkeep
|turn|14
|
|t:|1758304808
|move|p2a: Necrozma|Photon Geyser|p1a: Dondozo
|-damage|p1a: Dondozo|6/100
|move|p1a: Dondozo|Rest|p1a: Dondozo
|-status|p1a: Dondozo|slp|[from] move: Rest
|-heal|p1a: Dondozo|100/100 slp|[silent]
|
|upkeep
|turn|15
|
|t:|1758304813
|move|p2a: Necrozma|Calm Mind|p2a: Necrozma
|-boost|p2a: Necrozma|spa|1
|-boost|p2a: Necrozma|spd|1
|cant|p1a: Dondozo|slp
|
|upkeep
|turn|16
|
|t:|1758304816
|move|p2a: Necrozma|Photon Geyser|p1a: Dondozo
|-damage|p1a: Dondozo|48/100 slp
|cant|p1a: Dondozo|slp
|
|-heal|p1a: Dondozo|54/100 slp|[from] item: Leftovers
|-sideend|p1: IronClod|move: Aurora Veil
|upkeep
|turn|17
|
|t:|1758304818
|move|p2a: Necrozma|Photon Geyser|p1a: Dondozo
|-damage|p1a: Dondozo|0 fnt
|faint|p1a: Dondozo
|
|upkeep
|-message|IronClod forfeited.
|
|win|brlegjemsa
|raw|IronClod's rating: 1379 &rarr; <strong>1357</strong><br />(-22 for losing)
|raw|brlegjemsa's rating: 1352 &rarr; <strong>1374</strong><br />(+22 for winning)
|l|☆IronClod
|player|p1|
