|j|☆PapsIGuess31
|j|☆krookodile fangirl
|t:|1758264987
|gametype|singles
|player|p1|PapsIGuess31|ingo|1271
|player|p2|krookodile fangirl|roughneck|1231
|gen|9
|tier|[Gen 9] OU
|rated|
|rule|HP Percentage Mod: HP is shown in percentages
|rule|Endless Battle Clause: Forcing endless battles is banned
|rule|Species Clause: Limit one of each Pokémon
|rule|OHKO Clause: OHKO moves are banned
|rule|Evasion Items Clause: Evasion items are banned
|rule|Evasion Moves Clause: Evasion moves are banned
|rule|Evasion Abilities Clause: Evasion abilities are banned
|rule|Sleep Moves Clause: Sleep-inducing moves are banned
|clearpoke
|poke|p1|Hydrapple, M|
|poke|p1|Dragapult, M|
|poke|p1|Tinkaton, F|
|poke|p1|Blaziken, M|
|poke|p1|Oricorio-Pom-Pom, F|
|poke|p1|Crawdaunt, M|
|poke|p2|Krookodile, M|
|poke|p2|Ogerpon-Wellspring, F|
|poke|p2|Pecharunt|
|poke|p2|Cyclizar, M|
|poke|p2|Iron Valiant|
|poke|p2|Skarmory, M|
|teampreview
|c|☆PapsIGuess31|glhf!
|
|t:|1758264996
|teamsize|p1|6
|teamsize|p2|6
|start
|switch|p1a: Blaziken|Blaziken, M|100/100
|switch|p2a: Baconator|Krookodile, M, shiny|100/100
|turn|1
|inactive|Battle timer is ON: inactive players will automatically lose when time's up. (requested by krookodile fangirl)
|
|t:|1758264999
|move|p1a: Blaziken|Protect|p1a: Blaziken
|-singleturn|p1a: Blaziken|Protect
|move|p2a: Baconator|Earthquake|p1a: Blaziken
|-activate|p1a: Blaziken|move: Protect
|
|-ability|p1a: Blaziken|Speed Boost|boost
|-boost|p1a: Blaziken|spe|1
|upkeep
|turn|2
|
|t:|1758265004
|switch|p2a: John The Fisherman|Skarmory, M|100/100
|move|p1a: Blaziken|Brick Break|p2a: John The Fisherman
|-damage|p2a: John The Fisherman|71/100
|-enditem|p2a: John The Fisherman|Red Card|[of] p1a: Blaziken
|drag|p1a: Oricorio|Oricorio-Pom-Pom, F|100/100
|
|upkeep
|turn|3
|
|t:|1758265010
|switch|p2a: Baconator|Krookodile, M, shiny|100/100
|move|p1a: Oricorio|Revelation Dance|p2a: Baconator
|-immune|p2a: Baconator
|
|upkeep
|turn|4
|
|t:|1758265012
|move|p2a: Baconator|Stone Edge|p1a: Oricorio
|-supereffective|p1a: Oricorio
|-damage|p1a: Oricorio|43/100
|move|p1a: Oricorio|Quiver Dance|p1a: Oricorio
|-boost|p1a: Oricorio|spa|1
|-boost|p1a: Oricorio|spd|1
|-boost|p1a: Oricorio|spe|1
|
|-heal|p1a: Oricorio|50/100|[from] item: Leftovers
|upkeep
|turn|5
|
|t:|1758265020
|switch|p2a: Pizza Delivery Guy|Cyclizar, M|100/100
|move|p1a: Oricorio|Air Slash|p2a: Pizza Delivery Guy
|-damage|p2a: Pizza Delivery Guy|37/100
|
|-heal|p1a: Oricorio|56/100|[from] item: Leftovers
|upkeep
|turn|6
|
|t:|1758265025
|switch|p2a: Geek Bar|Pecharunt|100/100
|move|p1a: Oricorio|Roost|p1a: Oricorio
|-heal|p1a: Oricorio|100/100
|-singleturn|p1a: Oricorio|move: Roost
|
|upkeep
|turn|7
|
|t:|1758265027
|move|p1a: Oricorio|Quiver Dance|p1a: Oricorio
|-boost|p1a: Oricorio|spa|1
|-boost|p1a: Oricorio|spd|1
|-boost|p1a: Oricorio|spe|1
|move|p2a: Geek Bar|Malignant Chain|p1a: Oricorio
|-damage|p1a: Oricorio|78/100
|-status|p1a: Oricorio|tox
|-start|p1a: Oricorio|confusion|[from] ability: Poison Puppeteer|[of] p2a: Geek Bar
|
|-heal|p1a: Oricorio|84/100 tox|[from] item: Leftovers
|-damage|p1a: Oricorio|78/100 tox|[from] psn
|upkeep
|turn|8
|
|t:|1758265033
|-activate|p1a: Oricorio|confusion
|move|p1a: Oricorio|Air Slash|p2a: Geek Bar
|-damage|p2a: Geek Bar|37/100
|cant|p2a: Geek Bar|flinch
|
|-heal|p1a: Oricorio|84/100 tox|[from] item: Leftovers
|-damage|p1a: Oricorio|72/100 tox|[from] psn
|upkeep
|turn|9
|
|t:|1758265039
|switch|p2a: John The Fisherman|Skarmory, M|71/100
|-activate|p1a: Oricorio|confusion
|-damage|p1a: Oricorio|67/100 tox|[from] confusion
|
|-heal|p1a: Oricorio|74/100 tox|[from] item: Leftovers
|-damage|p1a: Oricorio|55/100 tox|[from] psn
|upkeep
|turn|10
|
|t:|1758265042
|-activate|p1a: Oricorio|confusion
|-damage|p1a: Oricorio|50/100 tox|[from] confusion
|move|p2a: John The Fisherman|Stealth Rock|p1a: Oricorio
|-sidestart|p1: PapsIGuess31|move: Stealth Rock
|
|-heal|p1a: Oricorio|56/100 tox|[from] item: Leftovers
|-damage|p1a: Oricorio|32/100 tox|[from] psn
|upkeep
|turn|11
|
|t:|1758265045
|switch|p2a: Baconator|Krookodile, M, shiny|100/100
|-activate|p1a: Oricorio|confusion
|-damage|p1a: Oricorio|27/100 tox|[from] confusion
|
|-heal|p1a: Oricorio|33/100 tox|[from] item: Leftovers
|-damage|p1a: Oricorio|2/100 tox|[from] psn
|upkeep
|turn|12
|
|t:|1758265055
|switch|p2a: John The Fisherman|Skarmory, M|71/100
|-end|p1a: Oricorio|confusion
|move|p1a: Oricorio|Air Slash|p2a: John The Fisherman|[miss]
|-miss|p1a: Oricorio|p2a: John The Fisherman
|
|-heal|p1a: Oricorio|8/100 tox|[from] item: Leftovers
|-damage|p1a: Oricorio|0 fnt|[from] psn
|faint|p1a: Oricorio
|upkeep
|
|t:|1758265060
|switch|p1a: Dragapult|Dragapult, M|100/100
|-damage|p1a: Dragapult|88/100|[from] Stealth Rock
|turn|13
|
|t:|1758265065
|move|p1a: Dragapult|Dragon Dance|p1a: Dragapult
|-boost|p1a: Dragapult|atk|1
|-boost|p1a: Dragapult|spe|1
|move|p2a: John The Fisherman|Spikes|p1a: Dragapult
|-sidestart|p1: PapsIGuess31|Spikes
|
|upkeep
|turn|14
|
|t:|1758265071
|move|p1a: Dragapult|Phantom Force||[still]
|-prepare|p1a: Dragapult|Phantom Force
|move|p2a: John The Fisherman|Roost|p2a: John The Fisherman
|-heal|p2a: John The Fisherman|100/100
|-singleturn|p2a: John The Fisherman|move: Roost
|
|upkeep
|turn|15
|
|t:|1758265075
|move|p1a: Dragapult|Phantom Force|p2a: John The Fisherman|[from] lockedmove
|-damage|p2a: John The Fisherman|44/100
|-damage|p1a: Dragapult|78/100|[from] item: Life Orb
|move|p2a: John The Fisherman|Spikes|p1a: Dragapult
|-sidestart|p1: PapsIGuess31|Spikes
|
|upkeep
|turn|16
|
|t:|1758265078
|move|p1a: Dragapult|Dragon Darts|p2a: John The Fisherman
|-resisted|p2a: John The Fisherman
|-damage|p2a: John The Fisherman|27/100
|-anim|p1a: Dragapult|Dragon Darts|p2a: John The Fisherman
|-resisted|p2a: John The Fisherman
|-damage|p2a: John The Fisherman|11/100
|-damage|p1a: Dragapult|69/100|[from] item: Life Orb
|move|p2a: John The Fisherman|Roost|p2a: John The Fisherman
|-heal|p2a: John The Fisherman|61/100
|-singleturn|p2a: John The Fisherman|move: Roost
|
|upkeep
|turn|17
|
|t:|1758265082
|move|p1a: Dragapult|Dragon Dance|p1a: Dragapult
|-boost|p1a: Dragapult|atk|1
|-boost|p1a: Dragapult|spe|1
|move|p2a: John The Fisherman|Roost|p2a: John The Fisherman
|-heal|p2a: John The Fisherman|100/100
|-singleturn|p2a: John The Fisherman|move: Roost
|
|upkeep
|turn|18
|
|t:|1758265086
|move|p1a: Dragapult|Dragon Dance|p1a: Dragapult
|-boost|p1a: Dragapult|atk|1
|-boost|p1a: Dragapult|spe|1
|move|p2a: John The Fisherman|Spikes|p1a: Dragapult
|-sidestart|p1: PapsIGuess31|Spikes
|
|upkeep
|turn|19
|
|t:|1758265089
|switch|p2a: Baconator|Krookodile, M, shiny|100/100
|move|p1a: Dragapult|Phantom Force||[still]
|-prepare|p1a: Dragapult|Phantom Force
|
|upkeep
|turn|20
|
|t:|1758265093
|switch|p2a: Pizza Delivery Guy|Cyclizar, M|71/100
|move|p1a: Dragapult|Phantom Force|p2a: Pizza Delivery Guy|[from] lockedmove
|-immune|p2a: Pizza Delivery Guy
|
|upkeep
|turn|21
|
|t:|1758265096
|-terastallize|p2a: Pizza Delivery Guy|Fairy
|move|p1a: Dragapult|Dragon Darts|p2a: Pizza Delivery Guy
|-immune|p2a: Pizza Delivery Guy
|move|p2a: Pizza Delivery Guy|Draco Meteor|p1a: Dragapult
|-supereffective|p1a: Dragapult
|-damage|p1a: Dragapult|0 fnt
|-unboost|p2a: Pizza Delivery Guy|spa|2
|faint|p1a: Dragapult
|
|upkeep
|
|t:|1758265099
|switch|p1a: Tinkaton|Tinkaton, F|100/100
|-damage|p1a: Tinkaton|94/100|[from] Stealth Rock
|-ability|p1a: Tinkaton|Mold Breaker
|-item|p1a: Tinkaton|Air Balloon
|turn|22
|
|t:|1758265103
|move|p2a: Pizza Delivery Guy|U-turn|p1a: Tinkaton
|-resisted|p1a: Tinkaton
|-damage|p1a: Tinkaton|91/100
|-enditem|p1a: Tinkaton|Air Balloon
|
|t:|1758265106
|switch|p2a: Majora|Ogerpon-Wellspring, F|100/100|[from] U-turn
|move|p1a: Tinkaton|Gigaton Hammer|p2a: Majora
|-resisted|p2a: Majora
|-damage|p2a: Majora|74/100
|
|upkeep
|turn|23
|
|t:|1758265108
|move|p2a: Majora|Swords Dance|p2a: Majora
|-boost|p2a: Majora|atk|2
|move|p1a: Tinkaton|Thunder Wave|p2a: Majora|[miss]
|-miss|p1a: Tinkaton|p2a: Majora
|
|upkeep
|turn|24
|
|t:|1758265110
|move|p2a: Majora|Ivy Cudgel|p1a: Tinkaton|[anim] Ivy Cudgel Water
|-damage|p1a: Tinkaton|2/100
|move|p1a: Tinkaton|Knock Off|p2a: Majora
|-damage|p2a: Majora|58/100
|
|upkeep
|turn|25
|
|t:|1758265113
|move|p2a: Majora|Ivy Cudgel|p1a: Tinkaton|[anim] Ivy Cudgel Water
|-damage|p1a: Tinkaton|0 fnt
|faint|p1a: Tinkaton
|
|upkeep
|
|t:|1758265116
|switch|p1a: Hydrapple|Hydrapple, M, shiny|100/100
|-damage|p1a: Hydrapple|88/100|[from] Stealth Rock
|-damage|p1a: Hydrapple|63/100|[from] Spikes
|turn|26
|
|t:|1758265119
|move|p2a: Majora|U-turn|p1a: Hydrapple
|-supereffective|p1a: Hydrapple
|-damage|p1a: Hydrapple|0 fnt
|faint|p1a: Hydrapple
|
|t:|1758265121
|switch|p2a: Baconator|Krookodile, M, shiny|100/100|[from] U-turn
|
|upkeep
|
|t:|1758265124
|switch|p1a: Blaziken|Blaziken, M|100/100
|-damage|p1a: Blaziken|88/100|[from] Stealth Rock
|-damage|p1a: Blaziken|63/100|[from] Spikes
|turn|27
|
|t:|1758265126
|move|p1a: Blaziken|Protect|p1a: Blaziken
|-singleturn|p1a: Blaziken|Protect
|move|p2a: Baconator|Earthquake|p1a: Blaziken
|-activate|p1a: Blaziken|move: Protect
|
|-ability|p1a: Blaziken|Speed Boost|boost
|-boost|p1a: Blaziken|spe|1
|upkeep
|turn|28
|
|t:|1758265130
|move|p2a: Baconator|Earthquake|p1a: Blaziken
|-supereffective|p1a: Blaziken
|-damage|p1a: Blaziken|0 fnt
|faint|p1a: Blaziken
|-ability|p2a: Baconator|Moxie|boost
|-boost|p2a: Baconator|atk|1
|
|upkeep
|
|t:|1758265132
|switch|p1a: Crawdaunt|Crawdaunt, M|100/100
|-damage|p1a: Crawdaunt|88/100|[from] Stealth Rock
|-damage|p1a: Crawdaunt|63/100|[from] Spikes
|turn|29
|
|t:|1758265133
|-terastallize|p1a: Crawdaunt|Water
|move|p1a: Crawdaunt|Aqua Jet|p2a: Baconator
|-supereffective|p2a: Baconator
|-damage|p2a: Baconator|0 fnt
|faint|p2a: Baconator
|
|upkeep
|
|t:|1758265137
|switch|p2a: T-800|Iron Valiant|100/100
|-enditem|p2a: T-800|Booster Energy
|-activate|p2a: T-800|ability: Quark Drive|[fromitem]
|-start|p2a: T-800|quarkdrivespe
|turn|30
|
|t:|1758265139
|move|p1a: Crawdaunt|Aqua Jet|p2a: T-800
|-damage|p2a: T-800|39/100
|move|p2a: T-800|Thunderbolt|p1a: Crawdaunt
|-supereffective|p1a: Crawdaunt
|-damage|p1a: Crawdaunt|0 fnt
|faint|p1a: Crawdaunt
|
|win|krookodile fangirl
|raw|PapsIGuess31's rating: 1271 &rarr; <strong>1243</strong><br />(-28 for losing)
|raw|krookodile fangirl's rating: 1231 &rarr; <strong>1259</strong><br />(+28 for winning)
|l|☆krookodile fangirl
|player|p2|
|c|☆PapsIGuess31|gg wp
|l|☆PapsIGuess31
|player|p1|
