|j|☆ChessDennis
|j|☆bananacrazy
|t:|1758256281
|gametype|singles
|player|p1|ChessDennis|169|1378
|player|p2|bananacrazy|1|1430
|gen|9
|tier|[Gen 9] OU
|rated|
|rule|HP Percentage Mod: HP is shown in percentages
|rule|Endless Battle Clause: Forcing endless battles is banned
|rule|Species Clause: Limit one of each Pokémon
|rule|OHKO Clause: OHKO moves are banned
|rule|Evasion Items Clause: Evasion items are banned
|rule|Evasion Moves Clause: Evasion moves are banned
|rule|Evasion Abilities Clause: Evasion abilities are banned
|rule|Sleep Moves Clause: Sleep-inducing moves are banned
|clearpoke
|poke|p1|Glimmora, M|
|poke|p1|Gholdengo|
|poke|p1|Walking Wake|
|poke|p1|Clefable, F|
|poke|p1|Raging Bolt|
|poke|p1|Ting-Lu|
|poke|p2|Dragonite, F|
|poke|p2|Gholdengo|
|poke|p2|Iron Treads|
|poke|p2|Quaquaval, M|
|poke|p2|Slowking-Galar, M|
|poke|p2|Ting-Lu|
|teampreview
|
|t:|1758256292
|teamsize|p1|6
|teamsize|p2|6
|start
|switch|p1a: Ting-Lu|Ting-Lu|100/100
|switch|p2a: Quaquaval|Quaquaval, M|100/100
|-ability|p1a: Ting-Lu|Vessel of Ruin
|turn|1
|
|t:|1758256309
|switch|p1a: Clefable|Clefable, F|100/100
|move|p2a: Quaquaval|Aqua Step|p1a: Clefable
|-damage|p1a: Clefable|29/100
|-boost|p2a: Quaquaval|spe|1
|-damage|p2a: Quaquaval|84/100|[from] item: Rocky Helmet|[of] p1a: Clefable
|
|upkeep
|turn|2
|
|t:|1758256316
|switch|p1a: Walking Wake|Walking Wake|100/100
|move|p2a: Quaquaval|Aqua Step|p1a: Walking Wake
|-resisted|p1a: Walking Wake
|-damage|p1a: Walking Wake|84/100
|-boost|p2a: Quaquaval|spe|1
|
|upkeep
|turn|3
|
|t:|1758256326
|switch|p2a: Slowking|Slowking-Galar, M|100/100
|move|p1a: Walking Wake|Draco Meteor|p2a: Slowking
|-damage|p2a: Slowking|51/100
|-unboost|p1a: Walking Wake|spa|2
|
|upkeep
|turn|4
|
|t:|1758256336
|-end|p1a: Walking Wake|Protosynthesis|[silent]
|switch|p1a: Ting-Lu|Ting-Lu|100/100
|-ability|p1a: Ting-Lu|Vessel of Ruin
|-prepare|p2a: Slowking|Chilly Reception|[premajor]
|move|p2a: Slowking|Chilly Reception|p2a: Slowking
|-weather|Snowscape
|
|t:|1758256340
|switch|p2a: Quaquaval|Quaquaval, M|84/100|[from] Chilly Reception
|
|-weather|Snowscape|[upkeep]
|upkeep
|turn|5
|
|t:|1758256354
|switch|p1a: Walking Wake|Walking Wake|84/100
|move|p2a: Quaquaval|Close Combat|p1a: Walking Wake
|-damage|p1a: Walking Wake|0 fnt
|-unboost|p2a: Quaquaval|def|1
|-unboost|p2a: Quaquaval|spd|1
|faint|p1a: Walking Wake
|-end|p1a: Walking Wake|Protosynthesis|[silent]
|-ability|p2a: Quaquaval|Moxie|boost
|-boost|p2a: Quaquaval|atk|1
|
|-weather|Snowscape|[upkeep]
|upkeep
|
|t:|1758256357
|switch|p1a: Gholdengo|Gholdengo|100/100
|turn|6
|
|t:|1758256362
|switch|p2a: Ting-Lu|Ting-Lu|100/100
|-ability|p2a: Ting-Lu|Vessel of Ruin
|-terastallize|p1a: Gholdengo|Steel
|move|p1a: Gholdengo|Make It Rain|p2a: Ting-Lu
|-damage|p2a: Ting-Lu|60/100
|-unboost|p1a: Gholdengo|spa|1
|
|-weather|Snowscape|[upkeep]
|-heal|p2a: Ting-Lu|66/100|[from] item: Leftovers
|upkeep
|turn|7
|
|t:|1758256374
|switch|p1a: Glimmora|Glimmora, M|100/100
|-item|p1a: Glimmora|Air Balloon
|move|p2a: Ting-Lu|Spikes|p1a: Glimmora
|-sidestart|p1: ChessDennis|Spikes
|
|-weather|Snowscape|[upkeep]
|-heal|p2a: Ting-Lu|72/100|[from] item: Leftovers
|upkeep
|turn|8
|
|t:|1758256388
|switch|p2a: Iron Treads|Iron Treads|100/100
|move|p1a: Glimmora|Spikes|p2a: Iron Treads
|-sidestart|p2: bananacrazy|Spikes
|
|-weather|none
|upkeep
|turn|9
|
|t:|1758256399
|move|p1a: Glimmora|Spiky Shield|p1a: Glimmora
|-singleturn|p1a: Glimmora|move: Protect
|move|p2a: Iron Treads|Knock Off|p1a: Glimmora
|-activate|p1a: Glimmora|move: Protect
|-damage|p2a: Iron Treads|88/100|[from] Spiky Shield|[of] p1a: Glimmora
|
|-heal|p2a: Iron Treads|94/100|[from] item: Leftovers
|upkeep
|turn|10
|
|t:|1758256405
|switch|p1a: Ting-Lu|Ting-Lu|100/100
|-damage|p1a: Ting-Lu|88/100|[from] Spikes
|-ability|p1a: Ting-Lu|Vessel of Ruin
|move|p2a: Iron Treads|Rapid Spin|p1a: Ting-Lu
|-damage|p1a: Ting-Lu|80/100
|-boost|p2a: Iron Treads|spe|1
|-sideend|p2: bananacrazy|Spikes|[from] move: Rapid Spin|[of] p2a: Iron Treads
|
|-heal|p2a: Iron Treads|100/100|[from] item: Leftovers
|upkeep
|turn|11
|
|t:|1758256430
|switch|p1a: Glimmora|Glimmora, M|100/100
|-item|p1a: Glimmora|Air Balloon
|move|p2a: Iron Treads|Stealth Rock|p1a: Glimmora
|-sidestart|p1: ChessDennis|move: Stealth Rock
|
|upkeep
|turn|12
|
|t:|1758256446
|move|p2a: Iron Treads|Knock Off|p1a: Glimmora
|-damage|p1a: Glimmora|70/100
|-activate|p1a: Glimmora|ability: Toxic Debris
|-sidestart|p2: bananacrazy|move: Toxic Spikes
|-enditem|p1a: Glimmora|Air Balloon
|move|p1a: Glimmora|Power Gem|p2a: Iron Treads
|-resisted|p2a: Iron Treads
|-damage|p2a: Iron Treads|88/100
|
|-heal|p2a: Iron Treads|94/100|[from] item: Leftovers
|upkeep
|turn|13
|
|t:|1758256454
|switch|p1a: Gholdengo|Gholdengo, tera:Steel|100/100
|-damage|p1a: Gholdengo|88/100|[from] Spikes
|-damage|p1a: Gholdengo|82/100|[from] Stealth Rock
|move|p2a: Iron Treads|Earthquake|p1a: Gholdengo
|-supereffective|p1a: Gholdengo
|-damage|p1a: Gholdengo|0 fnt
|faint|p1a: Gholdengo
|
|-heal|p2a: Iron Treads|99/100|[from] item: Leftovers
|upkeep
|-message|ChessDennis forfeited.
|
|win|bananacrazy
|raw|ChessDennis's rating: 1378 &rarr; <strong>1361</strong><br />(-17 for losing)
|raw|bananacrazy's rating: 1430 &rarr; <strong>1447</strong><br />(+17 for winning)
|l|☆ChessDennis
|player|p1|
|l|☆bananacrazy
|player|p2|
