|j|☆Novice by Nature
|j|‽secondstory
|t:|1758268804
|gametype|singles
|player|p1|Novice by Nature|yellow|1513
|player|p2|secondstory|bruno|1501
|gen|9
|tier|[Gen 9] OU
|rated|
|rule|HP Percentage Mod: HP is shown in percentages
|rule|Endless Battle Clause: Forcing endless battles is banned
|rule|Species Clause: Limit one of each Pokémon
|rule|OHKO Clause: OHKO moves are banned
|rule|Evasion Items Clause: Evasion items are banned
|rule|Evasion Moves Clause: Evasion moves are banned
|rule|Evasion Abilities Clause: Evasion abilities are banned
|rule|Sleep Moves Clause: Sleep-inducing moves are banned
|clearpoke
|poke|p1|Pelipper, F|
|poke|p1|Hatterene, F|
|poke|p1|Iron Treads|
|poke|p1|Toxicroak, F|
|poke|p1|Barraskewda, F|
|poke|p1|Zapdos|
|poke|p2|Pecharunt|
|poke|p2|Iron Crown|
|poke|p2|Great Tusk|
|poke|p2|Zapdos|
|poke|p2|Dragapult, F|
|poke|p2|Lokix, M|
|teampreview
|
|t:|1758268827
|teamsize|p1|6
|teamsize|p2|6
|start
|switch|p1a: Hatterene|Hatterene, F|100/100
|switch|p2a: Lokix|Lokix, M|100/100
|turn|1
|
|t:|1758268833
|-terastallize|p2a: Lokix|Bug
|move|p2a: Lokix|U-turn|p1a: Hatterene
|-damage|p1a: Hatterene|41/100
|-enditem|p1a: Hatterene|Eject Button
|
|t:|1758268840
|switch|p1a: Barraskewda|Barraskewda, F|100/100
|
|upkeep
|turn|2
|
|t:|1758268848
|switch|p2a: Pecharunt|Pecharunt|100/100
|move|p1a: Barraskewda|Liquidation|p2a: Pecharunt
|-damage|p2a: Pecharunt|66/100
|
|upkeep
|turn|3
|
|t:|1758268852
|switch|p1a: Iron Treads|Iron Treads|100/100
|move|p2a: Pecharunt|Parting Shot|p1a: Iron Treads
|-unboost|p1a: Iron Treads|atk|1
|-unboost|p1a: Iron Treads|spa|1
|inactive|Battle timer is ON: inactive players will automatically lose when time's up. (requested by secondstory)
|
|t:|1758268858
|switch|p2a: Great Tusk|Great Tusk|100/100|[from] Parting Shot
|
|upkeep
|turn|4
|
|t:|1758268864
|-end|p1a: Iron Treads|Quark Drive|[silent]
|switch|p1a: Zapdos|Zapdos|100/100
|move|p2a: Great Tusk|Stealth Rock|p1a: Zapdos
|-sidestart|p1: Novice by Nature|move: Stealth Rock
|
|upkeep
|turn|5
|
|t:|1758268871
|-end|p2a: Great Tusk|Protosynthesis|[silent]
|switch|p2a: Iron Crown|Iron Crown|100/100
|move|p1a: Zapdos|Hurricane|p2a: Iron Crown
|-resisted|p2a: Iron Crown
|-damage|p2a: Iron Crown|71/100
|
|upkeep
|turn|6
|
|t:|1758268877
|switch|p1a: Iron Treads|Iron Treads|100/100
|-damage|p1a: Iron Treads|98/100|[from] Stealth Rock
|move|p2a: Iron Crown|Psychic Noise|p1a: Iron Treads
|-resisted|p1a: Iron Treads
|-damage|p1a: Iron Treads|83/100
|-start|p1a: Iron Treads|move: Heal Block
|
|upkeep
|turn|7
|
|t:|1758268883
|move|p2a: Iron Crown|Focus Blast|p1a: Iron Treads
|-supereffective|p1a: Iron Treads
|-damage|p1a: Iron Treads|17/100
|move|p1a: Iron Treads|Earthquake|p2a: Iron Crown
|-supereffective|p2a: Iron Crown
|-damage|p2a: Iron Crown|0 fnt
|faint|p2a: Iron Crown
|-end|p2a: Iron Crown|Quark Drive|[silent]
|
|-end|p1a: Iron Treads|move: Heal Block
|upkeep
|
|t:|1758268890
|switch|p2a: Lokix|Lokix, M, tera:Bug|100/100
|turn|8
|
|t:|1758268899
|move|p2a: Lokix|U-turn|p1a: Iron Treads
|-resisted|p1a: Iron Treads
|-damage|p1a: Iron Treads|0 fnt
|faint|p1a: Iron Treads
|-end|p1a: Iron Treads|Quark Drive|[silent]
|
|t:|1758268904
|switch|p2a: Dragapult|Dragapult, F|100/100|[from] U-turn
|
|upkeep
|
|t:|1758268911
|switch|p1a: Pelipper|Pelipper, F|100/100
|-damage|p1a: Pelipper|76/100|[from] Stealth Rock
|-weather|RainDance|[from] ability: Drizzle|[of] p1a: Pelipper
|turn|9
|
|t:|1758268913
|move|p2a: Dragapult|Shadow Ball|p1a: Pelipper
|-damage|p1a: Pelipper|25/100
|move|p1a: Pelipper|Knock Off|p2a: Dragapult
|-supereffective|p2a: Dragapult
|-damage|p2a: Dragapult|63/100
|-enditem|p2a: Dragapult|Choice Specs|[from] move: Knock Off|[of] p1a: Pelipper
|
|-weather|RainDance|[upkeep]
|upkeep
|turn|10
|
|t:|1758268921
|switch|p1a: Hatterene|Hatterene, F|41/100
|-damage|p1a: Hatterene|29/100|[from] Stealth Rock
|move|p2a: Dragapult|Shadow Ball|p1a: Hatterene
|-supereffective|p1a: Hatterene
|-damage|p1a: Hatterene|0 fnt
|faint|p1a: Hatterene
|
|-weather|RainDance|[upkeep]
|upkeep
|
|t:|1758268924
|switch|p1a: Barraskewda|Barraskewda, F|100/100
|-damage|p1a: Barraskewda|88/100|[from] Stealth Rock
|turn|11
|inactive|secondstory has 120 seconds left.
|
|t:|1758268960
|-terastallize|p1a: Barraskewda|Water
|move|p1a: Barraskewda|Liquidation|p2a: Dragapult
|-resisted|p2a: Dragapult
|-damage|p2a: Dragapult|0 fnt
|faint|p2a: Dragapult
|
|-weather|RainDance|[upkeep]
|upkeep
|
|t:|1758268962
|switch|p2a: Lokix|Lokix, M, tera:Bug|100/100
|turn|12
|
|t:|1758268969
|switch|p1a: Toxicroak|Toxicroak, F|100/100
|-damage|p1a: Toxicroak|94/100|[from] Stealth Rock
|move|p2a: Lokix|U-turn|p1a: Toxicroak
|-resisted|p1a: Toxicroak
|-damage|p1a: Toxicroak|61/100
|-damage|p2a: Lokix|84/100|[from] item: Rocky Helmet|[of] p1a: Toxicroak
|
|t:|1758268975
|switch|p2a: Pecharunt|Pecharunt|66/100|[from] U-turn
|
|-weather|RainDance|[upkeep]
|-heal|p1a: Toxicroak|74/100|[from] ability: Dry Skin
|upkeep
|turn|13
|
|t:|1758268981
|switch|p1a: Zapdos|Zapdos|100/100
|-damage|p1a: Zapdos|76/100|[from] Stealth Rock
|move|p2a: Pecharunt|Recover|p2a: Pecharunt
|-heal|p2a: Pecharunt|100/100
|
|-weather|RainDance|[upkeep]
|upkeep
|turn|14
|
|t:|1758268986
|move|p1a: Zapdos|Hurricane|p2a: Pecharunt
|-damage|p2a: Pecharunt|23/100
|move|p2a: Pecharunt|Malignant Chain|p1a: Zapdos
|-damage|p1a: Zapdos|38/100
|
|-weather|RainDance|[upkeep]
|upkeep
|turn|15
|
|t:|1758268993
|switch|p2a: Zapdos|Zapdos|100/100
|move|p1a: Zapdos|Hurricane|p2a: Zapdos
|-resisted|p2a: Zapdos
|-crit|p2a: Zapdos
|-damage|p2a: Zapdos|61/100
|
|-weather|RainDance|[upkeep]
|upkeep
|turn|16
|
|t:|1758268997
|move|p1a: Zapdos|Hurricane|p2a: Zapdos
|-resisted|p2a: Zapdos
|-damage|p2a: Zapdos|32/100
|move|p2a: Zapdos|Roost|p2a: Zapdos
|-heal|p2a: Zapdos|82/100
|-singleturn|p2a: Zapdos|move: Roost
|
|-weather|none
|upkeep
|turn|17
|
|t:|1758269006
|move|p1a: Zapdos|Hurricane|p2a: Zapdos
|-resisted|p2a: Zapdos
|-damage|p2a: Zapdos|54/100
|-start|p2a: Zapdos|confusion
|-activate|p2a: Zapdos|confusion
|move|p2a: Zapdos|Hurricane|p1a: Zapdos
|-resisted|p1a: Zapdos
|-damage|p1a: Zapdos|13/100
|
|upkeep
|turn|18
|
|t:|1758269014
|move|p1a: Zapdos|Hurricane|p2a: Zapdos
|-resisted|p2a: Zapdos
|-damage|p2a: Zapdos|23/100
|-end|p2a: Zapdos|confusion
|move|p2a: Zapdos|Roost|p2a: Zapdos
|-heal|p2a: Zapdos|74/100
|-singleturn|p2a: Zapdos|move: Roost
|
|upkeep
|turn|19
|
|t:|1758269022
|move|p1a: Zapdos|Hurricane|p2a: Zapdos
|-resisted|p2a: Zapdos
|-damage|p2a: Zapdos|44/100
|-start|p2a: Zapdos|confusion
|-activate|p2a: Zapdos|confusion
|move|p2a: Zapdos|Volt Switch|p1a: Zapdos
|-damage|p1a: Zapdos|0 fnt
|faint|p1a: Zapdos
|
|t:|1758269026
|switch|p2a: Pecharunt|Pecharunt|23/100|[from] Volt Switch
|
|upkeep
|
|t:|1758269030
|switch|p1a: Barraskewda|Barraskewda, F, tera:Water|88/100
|-damage|p1a: Barraskewda|76/100|[from] Stealth Rock
|turn|20
|
|t:|1758269037
|move|p1a: Barraskewda|Liquidation|p2a: Pecharunt
|-damage|p2a: Pecharunt|0 fnt
|faint|p2a: Pecharunt
|
|upkeep
|
|t:|1758269040
|switch|p2a: Lokix|Lokix, M, tera:Bug|84/100
|turn|21
|
|t:|1758269045
|switch|p1a: Pelipper|Pelipper, F|25/100
|-damage|p1a: Pelipper|0 fnt|[from] Stealth Rock
|faint|p1a: Pelipper
|move|p2a: Lokix|U-turn|p1: Pelipper|[notarget]
|-fail|p2a: Lokix
|
|upkeep
|
|t:|1758269050
|switch|p1a: Barraskewda|Barraskewda, F, tera:Water|76/100
|-damage|p1a: Barraskewda|64/100|[from] Stealth Rock
|turn|22
|
|t:|1758269053
|switch|p2a: Zapdos|Zapdos|44/100
|move|p1a: Barraskewda|Liquidation|p2a: Zapdos
|-damage|p2a: Zapdos|0 fnt
|faint|p2a: Zapdos
|
|upkeep
|
|t:|1758269055
|switch|p2a: Lokix|Lokix, M, tera:Bug|84/100
|turn|23
|
|t:|1758269058
|switch|p1a: Toxicroak|Toxicroak, F|74/100
|-damage|p1a: Toxicroak|67/100|[from] Stealth Rock
|switch|p2a: Great Tusk|Great Tusk|100/100
|
|upkeep
|turn|24
|
|t:|1758269066
|move|p2a: Great Tusk|Headlong Rush|p1a: Toxicroak
|-supereffective|p1a: Toxicroak
|-damage|p1a: Toxicroak|0 fnt
|-unboost|p2a: Great Tusk|def|1
|-unboost|p2a: Great Tusk|spd|1
|-damage|p2a: Great Tusk|84/100|[from] item: Rocky Helmet|[of] p1a: Toxicroak
|faint|p1a: Toxicroak
|
|upkeep
|
|t:|1758269069
|switch|p1a: Barraskewda|Barraskewda, F, tera:Water|64/100
|-damage|p1a: Barraskewda|52/100|[from] Stealth Rock
|turn|25
|
|t:|1758269079
|move|p1a: Barraskewda|Aqua Jet|p2a: Great Tusk
|-supereffective|p2a: Great Tusk
|-damage|p2a: Great Tusk|0 fnt
|faint|p2a: Great Tusk
|-end|p2a: Great Tusk|Protosynthesis|[silent]
|
|upkeep
|
|t:|1758269090
|switch|p2a: Lokix|Lokix, M, tera:Bug|84/100
|turn|26
|
|t:|1758269093
|move|p2a: Lokix|First Impression|p1a: Barraskewda
|-damage|p1a: Barraskewda|0 fnt
|faint|p1a: Barraskewda
|
|win|secondstory
|raw|Novice by Nature's rating: 1513 &rarr; <strong>1492</strong><br />(-21 for losing)
|raw|secondstory's rating: 1501 &rarr; <strong>1522</strong><br />(+21 for winning)
|l|‽secondstory
|player|p2|
|l|☆Novice by Nature
|player|p1|
