|j|☆notmeezo
|j|☆AntonioG14
|t:|1758348594
|gametype|singles
|player|p1|notmeezo|lucas|1417
|player|p2|AntonioG14|102|1386
|gen|9
|tier|[Gen 9] OU
|rated|
|rule|HP Percentage Mod: HP is shown in percentages
|rule|Endless Battle Clause: Forcing endless battles is banned
|rule|Species Clause: Limit one of each Pokémon
|rule|OHKO Clause: OHKO moves are banned
|rule|Evasion Items Clause: Evasion items are banned
|rule|Evasion Moves Clause: Evasion moves are banned
|rule|Evasion Abilities Clause: Evasion abilities are banned
|rule|Sleep Moves Clause: Sleep-inducing moves are banned
|clearpoke
|poke|p1|Zamazenta-*|
|poke|p1|Serperior, M|
|poke|p1|Rotom-Heat|
|poke|p1|Corviknight, M|
|poke|p1|Gliscor, M|
|poke|p1|Ogerpon-Wellspring, F|
|poke|p2|Raging Bolt|
|poke|p2|Landorus-Therian, M|
|poke|p2|Quaquaval, F|
|poke|p2|Incineroar, F|
|poke|p2|Amoonguss, F|
|poke|p2|Slowbro, F|
|teampreview
|inactive|Battle timer is ON: inactive players will automatically lose when time's up. (requested by notmeezo)
|
|t:|1758348605
|teamsize|p1|6
|teamsize|p2|6
|start
|switch|p1a: Telkom|Rotom-Heat|100/100
|switch|p2a: Incineroar|Incineroar, F|100/100
|-ability|p2a: Incineroar|Intimidate|boost
|-unboost|p1a: Telkom|atk|1
|turn|1
|
|t:|1758348613
|move|p1a: Telkom|Volt Switch|p2a: Incineroar
|-damage|p2a: Incineroar|78/100
|
|t:|1758348620
|switch|p1a: Mystic|Ogerpon-Wellspring, F|100/100|[from] Volt Switch
|move|p2a: Incineroar|Knock Off|p1a: Mystic
|-crit|p1a: Mystic
|-damage|p1a: Mystic|54/100
|
|upkeep
|turn|2
|
|t:|1758348633
|move|p1a: Mystic|Ivy Cudgel|p2a: Incineroar|[anim] Ivy Cudgel Water
|-supereffective|p2a: Incineroar
|-damage|p2a: Incineroar|0 fnt
|faint|p2a: Incineroar
|
|upkeep
|
|t:|1758348645
|switch|p2a: Amoonguss|Amoonguss, F|100/100
|turn|3
|
|t:|1758348651
|move|p1a: Mystic|U-turn|p2a: Amoonguss
|-damage|p2a: Amoonguss|69/100
|
|t:|1758348655
|switch|p1a: Corviknight|Corviknight, M|100/100|[from] U-turn
|move|p2a: Amoonguss|Toxic|p1a: Corviknight
|-immune|p1a: Corviknight
|
|-heal|p2a: Amoonguss|76/100|[from] item: Black Sludge
|upkeep
|turn|4
|
|t:|1758348661
|switch|p1a: Pinch|Gliscor, M|100/100
|move|p2a: Amoonguss|Stun Spore|p1a: Pinch
|-status|p1a: Pinch|par
|
|-heal|p2a: Amoonguss|82/100|[from] item: Black Sludge
|upkeep
|turn|5
|
|t:|1758348669
|move|p1a: Pinch|Earthquake|p2a: Amoonguss
|-damage|p2a: Amoonguss|46/100
|move|p2a: Amoonguss|Giga Drain|p1a: Pinch
|-damage|p1a: Pinch|79/100 par
|-heal|p2a: Amoonguss|54/100|[from] drain|[of] p1a: Pinch
|
|-heal|p2a: Amoonguss|61/100|[from] item: Black Sludge
|upkeep
|turn|6
|
|t:|1758348680
|switch|p2a: Slowbro|Slowbro, F|100/100
|move|p1a: Pinch|Stealth Rock|p2a: Slowbro
|-sidestart|p2: AntonioG14|move: Stealth Rock
|
|upkeep
|turn|7
|
|t:|1758348688
|switch|p1a: Mystic|Ogerpon-Wellspring, F|54/100
|move|p2a: Slowbro|Scald|p1a: Mystic
|-heal|p1a: Mystic|79/100|[from] ability: Water Absorb|[of] p2a: Slowbro
|
|upkeep
|turn|8
|
|t:|1758348692
|move|p1a: Mystic|Knock Off|p2a: Slowbro
|-supereffective|p2a: Slowbro
|-damage|p2a: Slowbro|56/100
|-enditem|p2a: Slowbro|Leftovers|[from] move: Knock Off|[of] p1a: Mystic
|move|p2a: Slowbro|Psychic|p1a: Mystic
|-damage|p1a: Mystic|43/100
|
|upkeep
|turn|9
|
|t:|1758348702
|move|p1a: Mystic|U-turn|p2a: Slowbro
|-supereffective|p2a: Slowbro
|-damage|p2a: Slowbro|26/100
|
|t:|1758348708
|switch|p1a: Telkom|Rotom-Heat|100/100|[from] U-turn
|move|p2a: Slowbro|Psychic|p1a: Telkom
|-damage|p1a: Telkom|63/100
|
|upkeep
|turn|10
|
|t:|1758348715
|move|p1a: Telkom|Overheat|p2a: Slowbro|[miss]
|-miss|p1a: Telkom|p2a: Slowbro
|move|p2a: Slowbro|Scald|p1a: Telkom
|-supereffective|p1a: Telkom
|-damage|p1a: Telkom|0 fnt
|faint|p1a: Telkom
|
|upkeep
|
|t:|1758348719
|switch|p1a: Fuzzy|Serperior, M|100/100
|turn|11
|
|t:|1758348740
|move|p1a: Fuzzy|Substitute|p1a: Fuzzy
|-start|p1a: Fuzzy|Substitute
|-damage|p1a: Fuzzy|75/100
|move|p2a: Slowbro|Psychic|p1a: Fuzzy
|-end|p1a: Fuzzy|Substitute
|
|-heal|p1a: Fuzzy|82/100|[from] item: Leftovers
|upkeep
|turn|12
|
|t:|1758348748
|move|p1a: Fuzzy|Leaf Storm|p2a: Slowbro
|-supereffective|p2a: Slowbro
|-damage|p2a: Slowbro|0 fnt
|-boost|p1a: Fuzzy|spa|2
|faint|p2a: Slowbro
|
|-heal|p1a: Fuzzy|88/100|[from] item: Leftovers
|upkeep
|
|t:|1758348757
|switch|p2a: Amoonguss|Amoonguss, F|94/100
|-damage|p2a: Amoonguss|82/100|[from] Stealth Rock
|turn|13
|
|t:|1758348768
|move|p1a: Fuzzy|Substitute|p1a: Fuzzy
|-start|p1a: Fuzzy|Substitute
|-damage|p1a: Fuzzy|63/100
|move|p2a: Amoonguss|Toxic||[still]
|-fail|p2a: Amoonguss
|
|-heal|p1a: Fuzzy|69/100|[from] item: Leftovers
|-heal|p2a: Amoonguss|88/100|[from] item: Black Sludge
|upkeep
|turn|14
|
|t:|1758348773
|move|p1a: Fuzzy|Glare|p2a: Amoonguss
|-status|p2a: Amoonguss|par
|move|p2a: Amoonguss|Giga Drain|p1a: Fuzzy
|-resisted|p1a: Fuzzy
|-activate|p1a: Fuzzy|move: Substitute|[damage]
|-heal|p2a: Amoonguss|92/100 par|[from] drain|[of] p1a: Fuzzy
|
|-heal|p1a: Fuzzy|75/100|[from] item: Leftovers
|-heal|p2a: Amoonguss|98/100 par|[from] item: Black Sludge
|upkeep
|turn|15
|
|t:|1758348784
|move|p1a: Fuzzy|Leaf Storm|p2a: Amoonguss
|-resisted|p2a: Amoonguss
|-damage|p2a: Amoonguss|85/100 par
|-boost|p1a: Fuzzy|spa|2
|move|p2a: Amoonguss|Giga Drain|p1a: Fuzzy
|-resisted|p1a: Fuzzy
|-activate|p1a: Fuzzy|move: Substitute|[damage]
|-heal|p2a: Amoonguss|90/100 par|[from] drain|[of] p1a: Fuzzy
|
|-heal|p1a: Fuzzy|81/100|[from] item: Leftovers
|-heal|p2a: Amoonguss|96/100 par|[from] item: Black Sludge
|upkeep
|turn|16
|
|t:|1758348797
|move|p1a: Fuzzy|Leaf Storm|p2a: Amoonguss|[miss]
|-miss|p1a: Fuzzy|p2a: Amoonguss
|move|p2a: Amoonguss|Giga Drain|p1a: Fuzzy
|-resisted|p1a: Fuzzy
|-end|p1a: Fuzzy|Substitute
|-heal|p2a: Amoonguss|97/100 par|[from] drain|[of] p1a: Fuzzy
|
|-heal|p1a: Fuzzy|88/100|[from] item: Leftovers
|-heal|p2a: Amoonguss|100/100 par|[from] item: Black Sludge
|upkeep
|turn|17
|
|t:|1758348815
|switch|p2a: Landorus|Landorus-Therian, M|100/100
|-damage|p2a: Landorus|88/100|[from] Stealth Rock
|-ability|p2a: Landorus|Intimidate|boost
|-boost|p1a: Fuzzy|atk|1
|move|p1a: Fuzzy|Substitute|p1a: Fuzzy
|-start|p1a: Fuzzy|Substitute
|-damage|p1a: Fuzzy|63/100
|
|-heal|p1a: Fuzzy|69/100|[from] item: Leftovers
|upkeep
|turn|18
|
|t:|1758348827
|move|p2a: Landorus|U-turn|p1a: Fuzzy
|-supereffective|p1a: Fuzzy
|-end|p1a: Fuzzy|Substitute
|
|t:|1758348831
|switch|p2a: Amoonguss|Amoonguss, F|100/100 par|[from] U-turn
|-damage|p2a: Amoonguss|88/100 par|[from] Stealth Rock
|move|p1a: Fuzzy|Leaf Storm|p2a: Amoonguss
|-resisted|p2a: Amoonguss
|-damage|p2a: Amoonguss|69/100 par
|-boost|p1a: Fuzzy|spa|2
|
|-heal|p1a: Fuzzy|75/100|[from] item: Leftovers
|-heal|p2a: Amoonguss|75/100 par|[from] item: Black Sludge
|upkeep
|turn|19
|
|t:|1758348838
|switch|p2a: Landorus|Landorus-Therian, M|88/100
|-damage|p2a: Landorus|76/100|[from] Stealth Rock
|-ability|p2a: Landorus|Intimidate|boost
|-boost|p1a: Fuzzy|atk|1
|move|p1a: Fuzzy|Substitute|p1a: Fuzzy
|-start|p1a: Fuzzy|Substitute
|-damage|p1a: Fuzzy|50/100
|
|-heal|p1a: Fuzzy|56/100|[from] item: Leftovers
|upkeep
|turn|20
|
|t:|1758348849
|-terastallize|p1a: Fuzzy|Electric
|move|p2a: Landorus|U-turn|p1a: Fuzzy
|-end|p1a: Fuzzy|Substitute
|
|t:|1758348854
|switch|p2a: Amoonguss|Amoonguss, F|100/100 par|[from] U-turn
|-damage|p2a: Amoonguss|88/100 par|[from] Stealth Rock
|move|p1a: Fuzzy|Substitute|p1a: Fuzzy
|-start|p1a: Fuzzy|Substitute
|-damage|p1a: Fuzzy|31/100
|
|-heal|p1a: Fuzzy|37/100|[from] item: Leftovers
|-heal|p2a: Amoonguss|94/100 par|[from] item: Black Sludge
|upkeep
|turn|21
|
|t:|1758348865
|move|p1a: Fuzzy|Tera Blast|p2a: Amoonguss|[anim] Tera Blast Electric
|-resisted|p2a: Amoonguss
|-damage|p2a: Amoonguss|64/100 par
|move|p2a: Amoonguss|Giga Drain|p1a: Fuzzy
|-activate|p1a: Fuzzy|move: Substitute|[damage]
|-heal|p2a: Amoonguss|72/100 par|[from] drain|[of] p1a: Fuzzy
|
|-heal|p1a: Fuzzy|43/100|[from] item: Leftovers
|-heal|p2a: Amoonguss|79/100 par|[from] item: Black Sludge
|upkeep
|turn|22
|
|t:|1758348875
|move|p1a: Fuzzy|Tera Blast|p2a: Amoonguss|[anim] Tera Blast Electric
|-resisted|p2a: Amoonguss
|-damage|p2a: Amoonguss|48/100 par
|move|p2a: Amoonguss|Giga Drain|p1a: Fuzzy
|-end|p1a: Fuzzy|Substitute
|-heal|p2a: Amoonguss|48/100 par|[from] drain|[of] p1a: Fuzzy
|
|-heal|p1a: Fuzzy|50/100|[from] item: Leftovers
|-heal|p2a: Amoonguss|54/100 par|[from] item: Black Sludge
|upkeep
|turn|23
|
|t:|1758348889
|switch|p2a: Landorus|Landorus-Therian, M|76/100
|-damage|p2a: Landorus|64/100|[from] Stealth Rock
|-ability|p2a: Landorus|Intimidate|boost
|-boost|p1a: Fuzzy|atk|1
|move|p1a: Fuzzy|Substitute|p1a: Fuzzy
|-start|p1a: Fuzzy|Substitute
|-damage|p1a: Fuzzy|25/100
|
|-heal|p1a: Fuzzy|31/100|[from] item: Leftovers
|upkeep
|turn|24
|inactive|notmeezo has 120 seconds left.
|
|t:|1758348928
|move|p2a: Landorus|Earthquake|p1a: Fuzzy
|-supereffective|p1a: Fuzzy
|-end|p1a: Fuzzy|Substitute
|move|p1a: Fuzzy|Tera Blast|p2a: Landorus|[anim] Tera Blast Electric
|-immune|p2a: Landorus
|
|-heal|p1a: Fuzzy|37/100|[from] item: Leftovers
|upkeep
|turn|25
|
|t:|1758348934
|move|p2a: Landorus|Earthquake|p1a: Fuzzy
|-supereffective|p1a: Fuzzy
|-damage|p1a: Fuzzy|0 fnt
|faint|p1a: Fuzzy
|
|upkeep
|
|t:|1758348944
|switch|p1a: Pinch|Gliscor, M|79/100 par
|turn|26
|
|t:|1758348950
|switch|p2a: Quaquaval|Quaquaval, F|100/100
|-damage|p2a: Quaquaval|94/100|[from] Stealth Rock
|move|p1a: Pinch|Earthquake|p2a: Quaquaval
|-damage|p2a: Quaquaval|49/100
|
|upkeep
|turn|27
|
|t:|1758348958
|switch|p1a: Mystic|Ogerpon-Wellspring, F|43/100
|move|p2a: Quaquaval|Triple Axel|p1a: Mystic
|-damage|p1a: Mystic|33/100
|-damage|p1a: Mystic|15/100
|-damage|p1a: Mystic|0 fnt
|faint|p1a: Mystic
|-ability|p2a: Quaquaval|Moxie|boost
|-boost|p2a: Quaquaval|atk|1
|-hitcount|p1: Mystic|3
|
|upkeep
|
|t:|1758348967
|switch|p1a: Pinch|Gliscor, M|79/100 par
|turn|28
|
|t:|1758348973
|switch|p1a: Corviknight|Corviknight, M|100/100
|move|p2a: Quaquaval|Aqua Step|p1a: Corviknight
|-damage|p1a: Corviknight|63/100
|-boost|p2a: Quaquaval|spe|1
|-damage|p2a: Quaquaval|33/100|[from] item: Rocky Helmet|[of] p1a: Corviknight
|
|upkeep
|turn|29
|
|t:|1758348984
|-terastallize|p2a: Quaquaval|Water
|move|p2a: Quaquaval|Aqua Step|p1a: Corviknight
|-damage|p1a: Corviknight|20/100
|-boost|p2a: Quaquaval|spe|1
|-damage|p2a: Quaquaval|16/100|[from] item: Rocky Helmet|[of] p1a: Corviknight
|move|p1a: Corviknight|Roost|p1a: Corviknight
|-heal|p1a: Corviknight|70/100
|-singleturn|p1a: Corviknight|move: Roost
|
|upkeep
|turn|30
|
|t:|1758348993
|move|p2a: Quaquaval|Aqua Step|p1a: Corviknight
|-damage|p1a: Corviknight|23/100
|-boost|p2a: Quaquaval|spe|1
|-damage|p2a: Quaquaval|0 fnt|[from] item: Rocky Helmet|[of] p1a: Corviknight
|faint|p2a: Quaquaval
|move|p1a: Corviknight|Roost|p1a: Corviknight
|-heal|p1a: Corviknight|73/100
|-singleturn|p1a: Corviknight|move: Roost
|
|upkeep
|
|t:|1758349001
|switch|p2a: Raging Bolt|Raging Bolt|100/100
|-damage|p2a: Raging Bolt|88/100|[from] Stealth Rock
|-enditem|p2a: Raging Bolt|Booster Energy
|-activate|p2a: Raging Bolt|ability: Protosynthesis|[fromitem]
|-start|p2a: Raging Bolt|protosynthesisspa
|turn|31
|
|t:|1758349008
|switch|p1a: Pinch|Gliscor, M|79/100 par
|move|p2a: Raging Bolt|Ancient Power|p1a: Pinch
|-damage|p1a: Pinch|49/100 par
|
|upkeep
|turn|32
|
|t:|1758349014
|move|p2a: Raging Bolt|Ancient Power|p1a: Pinch
|-damage|p1a: Pinch|20/100 par
|move|p1a: Pinch|Earthquake|p2a: Raging Bolt
|-supereffective|p2a: Raging Bolt
|-damage|p2a: Raging Bolt|28/100
|
|upkeep
|turn|33
|
|t:|1758349022
|switch|p1a: Shield|Zamazenta|100/100
|-ability|p1a: Shield|Dauntless Shield|boost
|-boost|p1a: Shield|def|1
|move|p2a: Raging Bolt|Ancient Power|p1a: Shield
|-resisted|p1a: Shield
|-damage|p1a: Shield|86/100
|
|upkeep
|turn|34
|
|t:|1758349030
|move|p1a: Shield|Ice Fang|p2a: Raging Bolt
|-supereffective|p2a: Raging Bolt
|-damage|p2a: Raging Bolt|0 fnt
|faint|p2a: Raging Bolt
|-end|p2a: Raging Bolt|Protosynthesis|[silent]
|
|upkeep
|
|t:|1758349036
|switch|p2a: Amoonguss|Amoonguss, F|88/100 par
|-damage|p2a: Amoonguss|75/100 par|[from] Stealth Rock
|turn|35
|
|t:|1758349043
|switch|p1a: Corviknight|Corviknight, M|73/100
|move|p2a: Amoonguss|Toxic|p1a: Corviknight
|-immune|p1a: Corviknight
|
|-heal|p2a: Amoonguss|82/100 par|[from] item: Black Sludge
|upkeep
|turn|36
|
|t:|1758349047
|switch|p1a: Pinch|Gliscor, M|20/100 par
|cant|p2a: Amoonguss|par
|
|-heal|p2a: Amoonguss|88/100 par|[from] item: Black Sludge
|upkeep
|turn|37
|
|t:|1758349053
|move|p1a: Pinch|Earthquake|p2a: Amoonguss
|-damage|p2a: Amoonguss|49/100 par
|move|p2a: Amoonguss|Giga Drain|p1a: Pinch
|-damage|p1a: Pinch|0 fnt
|-heal|p2a: Amoonguss|57/100 par|[from] drain|[of] p1a: Pinch
|faint|p1a: Pinch
|
|-heal|p2a: Amoonguss|63/100 par|[from] item: Black Sludge
|upkeep
|
|t:|1758349060
|switch|p1a: Shield|Zamazenta|86/100
|turn|38
|
|t:|1758349067
|move|p1a: Shield|Ice Fang|p2a: Amoonguss
|-supereffective|p2a: Amoonguss
|-damage|p2a: Amoonguss|18/100 par
|move|p2a: Amoonguss|Stun Spore|p1a: Shield|[miss]
|-miss|p2a: Amoonguss|p1a: Shield
|
|-heal|p2a: Amoonguss|25/100 par|[from] item: Black Sludge
|upkeep
|turn|39
|
|t:|1758349075
|move|p1a: Shield|Ice Fang|p2a: Amoonguss|[miss]
|-miss|p1a: Shield|p2a: Amoonguss
|cant|p2a: Amoonguss|par
|
|-heal|p2a: Amoonguss|31/100 par|[from] item: Black Sludge
|upkeep
|turn|40
|
|t:|1758349086
|move|p1a: Shield|Ice Fang|p2a: Amoonguss
|-supereffective|p2a: Amoonguss
|-damage|p2a: Amoonguss|0 fnt
|faint|p2a: Amoonguss
|
|upkeep
|
|t:|1758349089
|switch|p2a: Landorus|Landorus-Therian, M|64/100
|-damage|p2a: Landorus|52/100|[from] Stealth Rock
|-ability|p2a: Landorus|Intimidate|boost
|-unboost|p1a: Shield|atk|1
|turn|41
|
|t:|1758349096
|switch|p1a: Corviknight|Corviknight, M|73/100
|move|p2a: Landorus|Earthquake|p1a: Corviknight
|-immune|p1a: Corviknight
|
|upkeep
|turn|42
|
|t:|1758349101
|move|p2a: Landorus|Earthquake|p1a: Corviknight
|-immune|p1a: Corviknight
|move|p1a: Corviknight|Iron Defense|p1a: Corviknight
|-boost|p1a: Corviknight|def|2
|
|upkeep
|turn|43
|-message|AntonioG14 forfeited.
|
|win|notmeezo
|raw|notmeezo's rating: 1417 &rarr; <strong>1435</strong><br />(+18 for winning)
|raw|AntonioG14's rating: 1386 &rarr; <strong>1368</strong><br />(-18 for losing)
|l|☆AntonioG14
|player|p2|
|l|☆notmeezo
|player|p1|
