|j|☆Felicior1
|j|☆Dolost
|t:|1758306155
|gametype|singles
|player|p1|Felicior1|170|1194
|player|p2|Dolost|gentleman-gen4dp|1196
|gen|9
|tier|[Gen 9] OU
|rated|
|rule|HP Percentage Mod: HP is shown in percentages
|rule|Endless Battle Clause: Forcing endless battles is banned
|rule|Species Clause: Limit one of each Pokémon
|rule|OHKO Clause: OHKO moves are banned
|rule|Evasion Items Clause: Evasion items are banned
|rule|Evasion Moves Clause: Evasion moves are banned
|rule|Evasion Abilities Clause: Evasion abilities are banned
|rule|Sleep Moves Clause: Sleep-inducing moves are banned
|clearpoke
|poke|p1|Ribombee, M|
|poke|p1|Dragonite, F|
|poke|p1|Lucario, M|
|poke|p1|Ceruledge, F|
|poke|p1|Serperior, M|
|poke|p1|Samurott-Hisui, M|
|poke|p2|Weezing, F|
|poke|p2|Porygon-Z|
|poke|p2|Wo-Chien|
|poke|p2|Gengar, F|
|poke|p2|Sylveon, M|
|poke|p2|Dragapult, F|
|teampreview
|
|t:|1758306175
|teamsize|p1|6
|teamsize|p2|6
|start
|switch|p1a: Ribombee|Ribombee, M|100/100
|switch|p2a: Porygon-Z|Porygon-Z|100/100
|-ability|p2a: Porygon-Z|Download|boost
|-boost|p2a: Porygon-Z|atk|1
|turn|1
|
|t:|1758306198
|move|p1a: Ribombee|Sticky Web|p2a: Porygon-Z
|-sidestart|p2: Dolost|move: Sticky Web
|move|p2a: Porygon-Z|Ice Beam|p1a: Ribombee
|-damage|p1a: Ribombee|50/100
|
|upkeep
|turn|2
|
|t:|1758306209
|switch|p1a: Samurott|Samurott-Hisui, M|100/100
|move|p2a: Porygon-Z|Ice Beam|p1a: Samurott
|-resisted|p1a: Samurott
|-damage|p1a: Samurott|84/100
|
|upkeep
|turn|3
|
|t:|1758306216
|move|p1a: Samurott|Ceaseless Edge|p2a: Porygon-Z
|-damage|p2a: Porygon-Z|38/100
|-sidestart|p2: Dolost|Spikes
|move|p2a: Porygon-Z|Thunderbolt|p1a: Samurott
|-supereffective|p1a: Samurott
|-damage|p1a: Samurott|12/100
|
|upkeep
|turn|4
|
|t:|1758306223
|move|p1a: Samurott|Ceaseless Edge|p2a: Porygon-Z
|-damage|p2a: Porygon-Z|0 fnt
|-sidestart|p2: Dolost|Spikes
|faint|p2a: Porygon-Z
|
|upkeep
|
|t:|1758306231
|switch|p2a: Weezing|Weezing, F|100/100
|turn|5
|
|t:|1758306243
|move|p1a: Samurott|Ceaseless Edge|p2a: Weezing
|-damage|p2a: Weezing|72/100
|-damage|p1a: Samurott|0 fnt|[from] item: Rocky Helmet|[of] p2a: Weezing
|faint|p1a: Samurott
|move|p2a: Weezing|Sludge Bomb|p1: Samurott|[notarget]
|-fail|p2a: Weezing
|
|upkeep
|
|t:|1758306250
|switch|p1a: Lucario|Lucario, M|100/100
|-item|p1a: Lucario|Air Balloon
|turn|6
|
|t:|1758306254
|move|p1a: Lucario|Nasty Plot|p1a: Lucario
|-boost|p1a: Lucario|spa|2
|move|p2a: Weezing|Sludge Bomb|p1a: Lucario
|-immune|p1a: Lucario
|
|upkeep
|turn|7
|
|t:|1758306265
|move|p1a: Lucario|Nasty Plot|p1a: Lucario
|-boost|p1a: Lucario|spa|2
|move|p2a: Weezing|Haze|p2a: Weezing
|-clearallboost
|
|upkeep
|turn|8
|
|t:|1758306272
|move|p1a: Lucario|Nasty Plot|p1a: Lucario
|-boost|p1a: Lucario|spa|2
|move|p2a: Weezing|Flamethrower|p1a: Lucario
|-supereffective|p1a: Lucario
|-damage|p1a: Lucario|44/100
|-enditem|p1a: Lucario|Air Balloon
|
|upkeep
|turn|9
|
|t:|1758306281
|move|p1a: Lucario|Psychic|p2a: Weezing
|-supereffective|p2a: Weezing
|-damage|p2a: Weezing|0 fnt
|faint|p2a: Weezing
|
|upkeep
|
|t:|1758306292
|switch|p2a: Gengar|Gengar, F|100/100
|-item|p2a: Gengar|Air Balloon
|turn|10
|
|t:|1758306304
|move|p2a: Gengar|Sucker Punch|p1a: Lucario
|-resisted|p1a: Lucario
|-damage|p1a: Lucario|36/100
|move|p1a: Lucario|Psychic|p2a: Gengar
|-supereffective|p2a: Gengar
|-damage|p2a: Gengar|0 fnt
|-enditem|p2a: Gengar|Air Balloon
|faint|p2a: Gengar
|
|upkeep
|
|t:|1758306313
|switch|p2a: Sylveon|Sylveon, M|100/100
|-activate|p2a: Sylveon|move: Sticky Web
|-unboost|p2a: Sylveon|spe|1
|-damage|p2a: Sylveon|84/100|[from] Spikes
|turn|11
|
|t:|1758306332
|-terastallize|p2a: Sylveon|Steel
|move|p2a: Sylveon|Protect|p2a: Sylveon
|-singleturn|p2a: Sylveon|Protect
|move|p1a: Lucario|Flash Cannon|p2a: Sylveon
|-activate|p2a: Sylveon|move: Protect
|
|upkeep
|turn|12
|
|t:|1758306340
|move|p1a: Lucario|Aura Sphere|p2a: Sylveon
|-supereffective|p2a: Sylveon
|-damage|p2a: Sylveon|0 fnt
|faint|p2a: Sylveon
|
|upkeep
|
|t:|1758306348
|switch|p2a: Dragapult|Dragapult, F|100/100
|-activate|p2a: Dragapult|move: Sticky Web
|-unboost|p2a: Dragapult|spe|1
|-damage|p2a: Dragapult|84/100|[from] Spikes
|turn|13
|
|t:|1758306356
|move|p1a: Lucario|Flash Cannon|p2a: Dragapult
|-damage|p2a: Dragapult|8/100
|move|p2a: Dragapult|Dragon Darts|p1a: Lucario
|-resisted|p1a: Lucario
|-damage|p1a: Lucario|18/100
|-anim|p2a: Dragapult|Dragon Darts|p1a: Lucario
|-resisted|p1a: Lucario
|-damage|p1a: Lucario|2/100
|
|upkeep
|turn|14
|-message|Dolost forfeited.
|
|win|Felicior1
|raw|Felicior1's rating: 1194 &rarr; <strong>1219</strong><br />(+25 for winning)
|raw|Dolost's rating: 1196 &rarr; <strong>1171</strong><br />(-25 for losing)
|l|☆Dolost
|player|p2|
|l|☆Felicior1
|player|p1|
