|j|☆vampirekuo
|j|☆moyuiskl
|t:|1758369490
|gametype|singles
|player|p1|vampirekuo|rocketgrunt|1093
|player|p2|moyuiskl|dawn|1081
|gen|9
|tier|[Gen 9] OU
|rated|
|rule|HP Percentage Mod: HP is shown in percentages
|rule|Endless Battle Clause: Forcing endless battles is banned
|rule|Species Clause: Limit one of each Pokémon
|rule|OHKO Clause: OHKO moves are banned
|rule|Evasion Items Clause: Evasion items are banned
|rule|Evasion Moves Clause: Evasion moves are banned
|rule|Evasion Abilities Clause: Evasion abilities are banned
|rule|Sleep Moves Clause: Sleep-inducing moves are banned
|clearpoke
|poke|p1|Pelipper, F|
|poke|p1|Hatterene, F|
|poke|p1|Ceruledge, F|
|poke|p1|Breloom, M|
|poke|p1|Avalugg-Hisui, M|
|poke|p1|Poliwrath, M|
|poke|p2|Gengar, M|
|poke|p2|Dondozo, M|
|poke|p2|Cinderace, M|
|poke|p2|Umbreon, F|
|poke|p2|Corviknight, M|
|poke|p2|Landorus-Therian, M|
|teampreview
|inactive|Battle timer is ON: inactive players will automatically lose when time's up. (requested by moyuiskl)
|
|t:|1758369494
|teamsize|p1|6
|teamsize|p2|6
|start
|switch|p1a: Avalugg|Avalugg-Hisui, M|100/100
|switch|p2a: Landorus|Landorus-Therian, M|100/100
|-ability|p2a: Landorus|Intimidate|boost
|-unboost|p1a: Avalugg|atk|1
|turn|1
|
|t:|1758369504
|switch|p2a: Corviknight|Corviknight, M|100/100
|move|p1a: Avalugg|Stealth Rock|p2a: Corviknight
|-sidestart|p2: moyuiskl|move: Stealth Rock
|
|upkeep
|turn|2
|
|t:|1758369511
|switch|p1a: Hatterene|Hatterene, F|100/100
|move|p2a: Corviknight|Defog|p1a: Hatterene
|move|p1a: Hatterene|Defog|p2a: Corviknight|[from] ability: Magic Bounce
|-ability|p2a: Corviknight|Mirror Armor
|-unboost|p1a: Hatterene|evasion|1
|-sideend|p2: moyuiskl|Stealth Rock|[from] move: Defog|[of] p1a: Hatterene
|
|upkeep
|turn|3
|
|t:|1758369525
|switch|p2a: Umbreon|Umbreon, F|100/100
|move|p1a: Hatterene|Trick|p2a: Umbreon
|-activate|p1a: Hatterene|move: Trick|[of] p2a: Umbreon
|-item|p2a: Umbreon|Choice Scarf|[from] move: Trick
|-item|p1a: Hatterene|Leftovers|[from] move: Trick
|
|upkeep
|turn|4
|
|t:|1758369541
|move|p2a: Umbreon|Toxic|p1a: Hatterene
|move|p1a: Hatterene|Toxic|p2a: Umbreon|[from] ability: Magic Bounce
|-status|p2a: Umbreon|tox
|-activate|p2a: Umbreon|ability: Synchronize
|-status|p1a: Hatterene|tox
|move|p1a: Hatterene|Nuzzle|p2a: Umbreon
|-damage|p2a: Umbreon|97/100 tox
|
|-damage|p2a: Umbreon|91/100 tox|[from] psn
|-damage|p1a: Hatterene|95/100 tox|[from] psn
|upkeep
|turn|5
|
|t:|1758369559
|switch|p2a: Corviknight|Corviknight, M|100/100
|switch|p1a: Avalugg|Avalugg-Hisui, M|100/100
|
|upkeep
|turn|6
|
|t:|1758369568
|move|p2a: Corviknight|Brave Bird|p1a: Avalugg
|-resisted|p1a: Avalugg
|-damage|p1a: Avalugg|91/100
|-damage|p2a: Corviknight|98/100|[from] Recoil
|move|p1a: Avalugg|Stone Edge|p2a: Corviknight
|-damage|p2a: Corviknight|63/100
|
|-heal|p2a: Corviknight|69/100|[from] item: Leftovers
|-heal|p1a: Avalugg|97/100|[from] item: Leftovers
|upkeep
|turn|7
|
|t:|1758369581
|move|p2a: Corviknight|Roost|p2a: Corviknight
|-heal|p2a: Corviknight|100/100
|-singleturn|p2a: Corviknight|move: Roost
|move|p1a: Avalugg|Stealth Rock|p2a: Corviknight
|-sidestart|p2: moyuiskl|move: Stealth Rock
|
|-heal|p1a: Avalugg|100/100|[from] item: Leftovers
|upkeep
|turn|8
|
|t:|1758369589
|move|p2a: Corviknight|Defog|p1a: Avalugg
|-unboost|p1a: Avalugg|evasion|1
|-sideend|p2: moyuiskl|Stealth Rock|[from] move: Defog|[of] p2a: Corviknight
|move|p1a: Avalugg|Stone Edge|p2a: Corviknight|[miss]
|-miss|p1a: Avalugg|p2a: Corviknight
|
|upkeep
|turn|9
|
|t:|1758369599
|move|p2a: Corviknight|U-turn|p1a: Avalugg
|-damage|p1a: Avalugg|92/100
|
|t:|1758369605
|switch|p2a: Cinderace|Cinderace, M, shiny|100/100|[from] U-turn
|move|p1a: Avalugg|Crunch|p2a: Cinderace
|-damage|p2a: Cinderace|60/100
|
|-heal|p1a: Avalugg|98/100|[from] item: Leftovers
|upkeep
|turn|10
|
|t:|1758369624
|move|p2a: Cinderace|U-turn|p1a: Avalugg
|-start|p2a: Cinderace|typechange|Bug|[from] ability: Libero
|-damage|p1a: Avalugg|82/100
|
|t:|1758369627
|switch|p2a: Landorus|Landorus-Therian, M|100/100|[from] U-turn
|-ability|p2a: Landorus|Intimidate|boost
|-unboost|p1a: Avalugg|atk|1
|move|p1a: Avalugg|Stone Edge|p2a: Landorus
|-damage|p2a: Landorus|72/100
|
|-heal|p1a: Avalugg|88/100|[from] item: Leftovers
|upkeep
|turn|11
|
|t:|1758369636
|switch|p1a: Hatterene|Hatterene, F|95/100 tox
|move|p2a: Landorus|Earthquake|p1a: Hatterene
|-damage|p1a: Hatterene|44/100 tox
|
|-heal|p1a: Hatterene|50/100 tox|[from] item: Leftovers
|-damage|p1a: Hatterene|44/100 tox|[from] psn
|upkeep
|turn|12
|
|t:|1758369659
|switch|p2a: Umbreon|Umbreon, F|91/100 tox
|switch|p1a: Avalugg|Avalugg-Hisui, M|88/100
|
|-heal|p1a: Avalugg|94/100|[from] item: Leftovers
|-damage|p2a: Umbreon|85/100 tox|[from] psn
|upkeep
|turn|13
|
|t:|1758369665
|move|p2a: Umbreon|Wish|p2a: Umbreon
|move|p1a: Avalugg|Stealth Rock|p2a: Umbreon
|-sidestart|p2: moyuiskl|move: Stealth Rock
|
|-heal|p1a: Avalugg|99/100|[from] item: Leftovers
|-damage|p2a: Umbreon|73/100 tox|[from] psn
|upkeep
|turn|14
|
|t:|1758369677
|switch|p2a: Cinderace|Cinderace, M, shiny|60/100
|switch|p1a: Breloom|Breloom, M|100/100
|
|-heal|p2a: Cinderace|100/100|[from] move: Wish|[wisher] Umbreon
|-status|p1a: Breloom|tox|[from] item: Toxic Orb
|upkeep
|turn|15
|
|t:|1758369693
|switch|p1a: Avalugg|Avalugg-Hisui, M|99/100
|move|p2a: Cinderace|Court Change|p2a: Cinderace
|-start|p2a: Cinderace|typechange|Normal|[from] ability: Libero
|-swapsideconditions
|-activate|p2a: Cinderace|move: Court Change
|
|-heal|p1a: Avalugg|100/100|[from] item: Leftovers
|upkeep
|turn|16
|
|t:|1758369700
|move|p2a: Cinderace|High Jump Kick|p1a: Avalugg
|-supereffective|p1a: Avalugg
|-damage|p1a: Avalugg|11/100
|move|p1a: Avalugg|Rapid Spin|p2a: Cinderace
|-damage|p2a: Cinderace|75/100
|-boost|p1a: Avalugg|spe|1
|-sideend|p1: vampirekuo|Stealth Rock|[from] move: Rapid Spin|[of] p1a: Avalugg
|
|-heal|p1a: Avalugg|17/100|[from] item: Leftovers
|upkeep
|turn|17
|
|t:|1758369710
|switch|p1a: Ceruledge|Ceruledge, F|100/100
|move|p2a: Cinderace|Pyro Ball|p1a: Ceruledge
|-resisted|p1a: Ceruledge
|-damage|p1a: Ceruledge|78/100
|-ability|p1a: Ceruledge|Weak Armor|boost
|-unboost|p1a: Ceruledge|def|1
|-boost|p1a: Ceruledge|spe|2
|
|upkeep
|turn|18
|
|t:|1758369727
|switch|p2a: Dondozo|Dondozo, M|100/100
|move|p1a: Ceruledge|Swords Dance|p1a: Ceruledge
|-boost|p1a: Ceruledge|atk|2
|
|upkeep
|turn|19
|
|t:|1758369739
|move|p1a: Ceruledge|Bitter Blade|p2a: Dondozo
|-resisted|p2a: Dondozo
|-damage|p2a: Dondozo|90/100
|-heal|p1a: Ceruledge|86/100|[from] drain|[of] p2a: Dondozo
|move|p2a: Dondozo|Liquidation|p1a: Ceruledge
|-supereffective|p1a: Ceruledge
|-damage|p1a: Ceruledge|19/100
|-ability|p1a: Ceruledge|Weak Armor|boost
|-unboost|p1a: Ceruledge|def|1
|-boost|p1a: Ceruledge|spe|2
|
|-heal|p2a: Dondozo|96/100|[from] item: Leftovers
|upkeep
|turn|20
|
|t:|1758369748
|move|p1a: Ceruledge|Close Combat|p2a: Dondozo
|-damage|p2a: Dondozo|77/100
|-unboost|p1a: Ceruledge|def|1
|-unboost|p1a: Ceruledge|spd|1
|move|p2a: Dondozo|Liquidation|p1a: Ceruledge
|-supereffective|p1a: Ceruledge
|-damage|p1a: Ceruledge|0 fnt
|faint|p1a: Ceruledge
|
|-heal|p2a: Dondozo|83/100|[from] item: Leftovers
|upkeep
|
|t:|1758369759
|switch|p1a: Breloom|Breloom, M|100/100 tox
|turn|21
|
|t:|1758369767
|switch|p2a: Corviknight|Corviknight, M|100/100
|move|p1a: Breloom|Leech Seed|p2a: Corviknight
|-start|p2a: Corviknight|move: Leech Seed
|
|-damage|p2a: Corviknight|88/100|[from] Leech Seed|[of] p1a: Breloom
|upkeep
|turn|22
|
|t:|1758369792
|move|p1a: Breloom|Thunder Punch|p2a: Corviknight
|-supereffective|p2a: Corviknight
|-damage|p2a: Corviknight|51/100
|move|p2a: Corviknight|U-turn|p1a: Breloom
|-damage|p1a: Breloom|83/100 tox
|
|t:|1758369798
|switch|p2a: Cinderace|Cinderace, M, shiny|75/100|[from] U-turn
|
|-heal|p1a: Breloom|96/100 tox|[from] ability: Poison Heal
|upkeep
|turn|23
|
|t:|1758369809
|move|p2a: Cinderace|Pyro Ball|p1a: Breloom
|-supereffective|p1a: Breloom
|-damage|p1a: Breloom|0 fnt
|faint|p1a: Breloom
|
|upkeep
|
|t:|1758369813
|switch|p1a: Pelipper|Pelipper, F|100/100
|-weather|RainDance|[from] ability: Drizzle|[of] p1a: Pelipper
|turn|24
|
|t:|1758369819
|switch|p2a: Umbreon|Umbreon, F|73/100 tox
|move|p1a: Pelipper|U-turn|p2a: Umbreon
|-supereffective|p2a: Umbreon
|-damage|p2a: Umbreon|56/100 tox
|
|t:|1758369825
|switch|p1a: Poliwrath|Poliwrath, M|100/100|[from] U-turn
|
|-weather|RainDance|[upkeep]
|-damage|p2a: Umbreon|50/100 tox|[from] psn
|upkeep
|turn|25
|
|t:|1758369831
|move|p1a: Poliwrath|Belly Drum|p1a: Poliwrath
|-damage|p1a: Poliwrath|50/100
|-setboost|p1a: Poliwrath|atk|6|[from] move: Belly Drum
|-enditem|p1a: Poliwrath|Sitrus Berry|[eat]
|-heal|p1a: Poliwrath|75/100|[from] item: Sitrus Berry
|move|p2a: Umbreon|Toxic|p1a: Poliwrath
|-status|p1a: Poliwrath|tox
|
|-weather|RainDance|[upkeep]
|-damage|p1a: Poliwrath|69/100 tox|[from] psn
|-damage|p2a: Umbreon|38/100 tox|[from] psn
|upkeep
|turn|26
|
|t:|1758369840
|move|p1a: Poliwrath|Drain Punch|p2a: Umbreon
|-supereffective|p2a: Umbreon
|-damage|p2a: Umbreon|0 fnt
|-heal|p1a: Poliwrath|92/100 tox|[from] drain|[of] p2a: Umbreon
|faint|p2a: Umbreon
|
|-weather|RainDance|[upkeep]
|-damage|p1a: Poliwrath|80/100 tox|[from] psn
|upkeep
|
|t:|1758369851
|switch|p2a: Dondozo|Dondozo, M|83/100
|turn|27
|
|t:|1758369864
|switch|p2a: Gengar|Gengar, M, shiny|100/100
|move|p1a: Poliwrath|Close Combat|p2a: Gengar
|-immune|p2a: Gengar
|
|-weather|RainDance|[upkeep]
|-damage|p1a: Poliwrath|61/100 tox|[from] psn
|upkeep
|turn|28
|
|t:|1758369874
|switch|p2a: Dondozo|Dondozo, M|83/100
|move|p1a: Poliwrath|Liquidation|p2a: Dondozo
|-resisted|p2a: Dondozo
|-damage|p2a: Dondozo|70/100
|
|-weather|RainDance|[upkeep]
|-heal|p2a: Dondozo|76/100|[from] item: Leftovers
|-damage|p1a: Poliwrath|36/100 tox|[from] psn
|upkeep
|turn|29
|
|t:|1758369892
|switch|p2a: Gengar|Gengar, M, shiny|100/100
|move|p1a: Poliwrath|Liquidation|p2a: Gengar
|-damage|p2a: Gengar|0 fnt
|-start|p1a: Poliwrath|Disable|Liquidation|[from] ability: Cursed Body|[of] p2a: Gengar
|faint|p2a: Gengar
|
|-weather|RainDance|[upkeep]
|-damage|p1a: Poliwrath|5/100 tox|[from] psn
|upkeep
|
|t:|1758369898
|switch|p2a: Dondozo|Dondozo, M|76/100
|turn|30
|
|t:|1758369906
|move|p1a: Poliwrath|Close Combat|p2a: Dondozo
|-damage|p2a: Dondozo|50/100
|-unboost|p1a: Poliwrath|def|1
|-unboost|p1a: Poliwrath|spd|1
|move|p2a: Dondozo|Body Press|p1a: Poliwrath
|-damage|p1a: Poliwrath|0 fnt
|faint|p1a: Poliwrath
|
|-weather|RainDance|[upkeep]
|-heal|p2a: Dondozo|56/100|[from] item: Leftovers
|upkeep
|
|t:|1758369913
|switch|p1a: Hatterene|Hatterene, F|44/100 tox
|turn|31
|
|t:|1758369942
|move|p2a: Dondozo|Body Slam|p1a: Hatterene
|-damage|p1a: Hatterene|24/100 tox
|move|p1a: Hatterene|Nuzzle|p2a: Dondozo
|-supereffective|p2a: Dondozo
|-damage|p2a: Dondozo|52/100
|-status|p2a: Dondozo|par
|
|-weather|none
|-heal|p1a: Hatterene|30/100 tox|[from] item: Leftovers
|-heal|p2a: Dondozo|58/100 par|[from] item: Leftovers
|-damage|p1a: Hatterene|24/100 tox|[from] psn
|upkeep
|turn|32
|
|t:|1758369953
|move|p1a: Hatterene|Healing Wish|p1a: Hatterene
|faint|p1a: Hatterene
|move|p2a: Dondozo|Liquidation|p1: Hatterene|[notarget]
|-fail|p2a: Dondozo
|
|-heal|p2a: Dondozo|64/100 par|[from] item: Leftovers
|upkeep
|
|t:|1758369955
|switch|p1a: Avalugg|Avalugg-Hisui, M|17/100
|-heal|p1a: Avalugg|100/100|[from] move: Healing Wish
|turn|33
|
|t:|1758369959
|move|p1a: Avalugg|Stealth Rock|p2a: Dondozo
|-sidestart|p2: moyuiskl|move: Stealth Rock
|move|p2a: Dondozo|Earthquake|p1a: Avalugg
|-supereffective|p1a: Avalugg
|-damage|p1a: Avalugg|75/100
|
|-heal|p1a: Avalugg|81/100|[from] item: Leftovers
|-heal|p2a: Dondozo|70/100 par|[from] item: Leftovers
|upkeep
|turn|34
|
|t:|1758369963
|move|p1a: Avalugg|Stone Edge|p2a: Dondozo
|-damage|p2a: Dondozo|45/100 par
|move|p2a: Dondozo|Earthquake|p1a: Avalugg
|-supereffective|p1a: Avalugg
|-crit|p1a: Avalugg
|-damage|p1a: Avalugg|42/100
|
|-heal|p1a: Avalugg|48/100|[from] item: Leftovers
|-heal|p2a: Dondozo|51/100 par|[from] item: Leftovers
|upkeep
|turn|35
|
|t:|1758369971
|move|p1a: Avalugg|Crunch|p2a: Dondozo
|-damage|p2a: Dondozo|37/100 par
|move|p2a: Dondozo|Liquidation|p1a: Avalugg
|-supereffective|p1a: Avalugg
|-damage|p1a: Avalugg|18/100
|
|-heal|p1a: Avalugg|24/100|[from] item: Leftovers
|-heal|p2a: Dondozo|44/100 par|[from] item: Leftovers
|upkeep
|turn|36
|
|t:|1758369978
|move|p1a: Avalugg|Stone Edge|p2a: Dondozo
|-crit|p2a: Dondozo
|-damage|p2a: Dondozo|8/100 par
|cant|p2a: Dondozo|par
|
|-heal|p1a: Avalugg|30/100|[from] item: Leftovers
|-heal|p2a: Dondozo|14/100 par|[from] item: Leftovers
|upkeep
|turn|37
|
|t:|1758369983
|move|p1a: Avalugg|Stone Edge|p2a: Dondozo
|-damage|p2a: Dondozo|0 fnt
|faint|p2a: Dondozo
|
|-heal|p1a: Avalugg|36/100|[from] item: Leftovers
|upkeep
|
|t:|1758369988
|switch|p2a: Cinderace|Cinderace, M, shiny|75/100
|turn|38
|
|t:|1758369997
|move|p2a: Cinderace|Pyro Ball|p1a: Avalugg
|-damage|p1a: Avalugg|5/100
|move|p1a: Avalugg|Stone Edge|p2a: Cinderace
|-supereffective|p2a: Cinderace
|-damage|p2a: Cinderace|0 fnt
|faint|p2a: Cinderace
|
|-heal|p1a: Avalugg|11/100|[from] item: Leftovers
|upkeep
|
|t:|1758370004
|switch|p2a: Landorus|Landorus-Therian, M|72/100
|-damage|p2a: Landorus|60/100|[from] Stealth Rock
|-ability|p2a: Landorus|Intimidate|boost
|-unboost|p1a: Avalugg|atk|1
|turn|39
|
|t:|1758370009
|move|p2a: Landorus|Earthquake|p1a: Avalugg
|-supereffective|p1a: Avalugg
|-damage|p1a: Avalugg|0 fnt
|faint|p1a: Avalugg
|
|upkeep
|
|t:|1758370012
|switch|p1a: Pelipper|Pelipper, F|100/100
|-weather|RainDance|[from] ability: Drizzle|[of] p1a: Pelipper
|turn|40
|
|t:|1758370018
|-terastallize|p2a: Landorus|Water
|move|p2a: Landorus|Fly||[still]
|-prepare|p2a: Landorus|Fly
|move|p1a: Pelipper|Ice Beam|p2a: Landorus|[miss]
|-miss|p1a: Pelipper|p2a: Landorus
|
|-weather|RainDance|[upkeep]
|upkeep
|turn|41
|
|t:|1758370031
|move|p2a: Landorus|Fly|p1a: Pelipper|[from] lockedmove
|-damage|p1a: Pelipper|45/100
|move|p1a: Pelipper|Hydro Pump|p2a: Landorus
|-resisted|p2a: Landorus
|-damage|p2a: Landorus|31/100
|
|-weather|RainDance|[upkeep]
|upkeep
|turn|42
|
|t:|1758370045
|-terastallize|p1a: Pelipper|Water
|move|p2a: Landorus|Fly||[still]
|-prepare|p2a: Landorus|Fly
|move|p1a: Pelipper|Hydro Pump|p2a: Landorus|[miss]
|-miss|p1a: Pelipper|p2a: Landorus
|
|-weather|RainDance|[upkeep]
|upkeep
|turn|43
|
|t:|1758370050
|move|p2a: Landorus|Fly|p1a: Pelipper|[from] lockedmove
|-damage|p1a: Pelipper|0 fnt
|faint|p1a: Pelipper
|
|win|moyuiskl
|raw|vampirekuo's rating: 1093 &rarr; <strong>1068</strong><br />(-25 for losing)
|raw|moyuiskl's rating: 1081 &rarr; <strong>1110</strong><br />(+29 for winning)
|l|☆vampirekuo
|player|p1|
|l|☆moyuiskl
|player|p2|
