|j|☆Shibuya Arc
|j|☆pantalonescondidos
|t:|1758300549
|gametype|singles
|player|p1|Shibuya Arc|101|1534
|player|p2|pantalonescondidos|169|1549
|gen|9
|tier|[Gen 9] OU
|rated|
|rule|HP Percentage Mod: HP is shown in percentages
|rule|Endless Battle Clause: Forcing endless battles is banned
|rule|Species Clause: Limit one of each Pokémon
|rule|OHKO Clause: OHKO moves are banned
|rule|Evasion Items Clause: Evasion items are banned
|rule|Evasion Moves Clause: Evasion moves are banned
|rule|Evasion Abilities Clause: Evasion abilities are banned
|rule|Sleep Moves Clause: Sleep-inducing moves are banned
|clearpoke
|poke|p1|Dragapult, F|
|poke|p1|Dragonite, F|
|poke|p1|Ting-Lu|
|poke|p1|Weezing-Galar, F|
|poke|p1|Iron Crown|
|poke|p1|Zapdos|
|poke|p2|Sylveon, F|
|poke|p2|Slowking-Galar, M|
|poke|p2|Toxapex, F|
|poke|p2|Great Tusk|
|poke|p2|Kingambit, F|
|poke|p2|Rotom-Heat|
|teampreview
|inactive|Battle timer is ON: inactive players will automatically lose when time's up. (requested by pantalonescondidos)
|inactive|Shibuya Arc also wants the timer to be on.
|
|t:|1758300558
|teamsize|p1|6
|teamsize|p2|6
|start
|switch|p1a: Ting-Lu|Ting-Lu|100/100
|switch|p2a: Rotom|Rotom-Heat, shiny|100/100
|-ability|p1a: Ting-Lu|Vessel of Ruin
|turn|1
|
|t:|1758300562
|move|p2a: Rotom|Trick|p1a: Ting-Lu
|-activate|p2a: Rotom|move: Trick|[of] p1a: Ting-Lu
|-item|p1a: Ting-Lu|Choice Scarf|[from] move: Trick
|-item|p2a: Rotom|Leftovers|[from] move: Trick
|move|p1a: Ting-Lu|Ruination|p2a: Rotom
|-damage|p2a: Rotom|51/100
|
|-heal|p2a: Rotom|57/100|[from] item: Leftovers
|upkeep
|turn|2
|
|t:|1758300570
|switch|p2a: Slowking|Slowking-Galar, M, shiny|100/100
|move|p1a: Ting-Lu|Ruination|p2a: Slowking
|-damage|p2a: Slowking|50/100
|
|upkeep
|turn|3
|
|t:|1758300578
|switch|p1a: Weezing|Weezing-Galar, F|100/100
|-ability|p1a: Weezing|Neutralizing Gas
|move|p2a: Slowking|Flamethrower|p1a: Weezing
|-damage|p1a: Weezing|66/100
|-status|p1a: Weezing|brn
|
|-damage|p1a: Weezing|60/100 brn|[from] brn
|upkeep
|turn|4
|
|t:|1758300586
|move|p1a: Weezing|Toxic Spikes|p2a: Slowking
|-sidestart|p2: pantalonescondidos|move: Toxic Spikes
|move|p2a: Slowking|Future Sight|p1a: Weezing
|-start|p2a: Slowking|move: Future Sight
|
|-damage|p1a: Weezing|54/100 brn|[from] brn
|upkeep
|turn|5
|
|t:|1758300590
|switch|p2a: Toxapex|Toxapex, F|100/100
|-sideend|p2: pantalonescondidos|move: Toxic Spikes|[of] p2a: Toxapex
|move|p1a: Weezing|Toxic Spikes|p2a: Toxapex
|-sidestart|p2: pantalonescondidos|move: Toxic Spikes
|
|-damage|p1a: Weezing|48/100 brn|[from] brn
|upkeep
|turn|6
|
|t:|1758300596
|-end|p1a: Weezing|ability: Neutralizing Gas
|switch|p1a: Iron Crown|Iron Crown|100/100
|switch|p2a: Slowking|Slowking-Galar, M, shiny|50/100
|-sideend|p2: pantalonescondidos|move: Toxic Spikes|[of] p2a: Slowking
|
|-end|p1a: Iron Crown|move: Future Sight
|-resisted|p1a: Iron Crown
|-damage|p1a: Iron Crown|88/100
|upkeep
|turn|7
|
|t:|1758300601
|switch|p2a: Kingambit|Kingambit, F|100/100
|-terastallize|p1a: Iron Crown|Steel
|move|p1a: Iron Crown|Tachyon Cutter|p2a: Kingambit
|-resisted|p2a: Kingambit
|-damage|p2a: Kingambit|77/100
|-resisted|p2a: Kingambit
|-damage|p2a: Kingambit|52/100
|-hitcount|p2a: Kingambit|2
|
|upkeep
|turn|8
|
|t:|1758300609
|-end|p2a: Kingambit|fallenundefined|[silent]
|switch|p2a: Toxapex|Toxapex, F|100/100
|move|p1a: Iron Crown|Tachyon Cutter|p2a: Toxapex
|-resisted|p2a: Toxapex
|-damage|p2a: Toxapex|79/100
|-resisted|p2a: Toxapex
|-damage|p2a: Toxapex|56/100
|-hitcount|p2a: Toxapex|2
|
|upkeep
|turn|9
|
|t:|1758300616
|move|p2a: Toxapex|Baneful Bunker|p2a: Toxapex
|-singleturn|p2a: Toxapex|move: Protect
|move|p1a: Iron Crown|Tachyon Cutter|p2a: Toxapex
|-activate|p2a: Toxapex|move: Protect
|
|upkeep
|turn|10
|
|t:|1758300624
|switch|p2a: Rotom|Rotom-Heat, shiny|57/100
|move|p1a: Iron Crown|Tachyon Cutter|p2a: Rotom
|-resisted|p2a: Rotom
|-damage|p2a: Rotom|42/100
|-resisted|p2a: Rotom
|-damage|p2a: Rotom|26/100
|-hitcount|p2a: Rotom|2
|
|-heal|p2a: Rotom|32/100|[from] item: Leftovers
|upkeep
|turn|11
|
|t:|1758300629
|switch|p2a: Toxapex|Toxapex, F|89/100
|move|p1a: Iron Crown|Tachyon Cutter|p2a: Toxapex
|-resisted|p2a: Toxapex
|-damage|p2a: Toxapex|67/100
|-resisted|p2a: Toxapex
|-damage|p2a: Toxapex|46/100
|-hitcount|p2a: Toxapex|2
|
|upkeep
|turn|12
|
|t:|1758300635
|move|p2a: Toxapex|Baneful Bunker|p2a: Toxapex
|-singleturn|p2a: Toxapex|move: Protect
|move|p1a: Iron Crown|Tachyon Cutter|p2a: Toxapex
|-activate|p2a: Toxapex|move: Protect
|
|upkeep
|turn|13
|
|t:|1758300640
|switch|p2a: Slowking|Slowking-Galar, M, shiny|84/100
|move|p1a: Iron Crown|Tachyon Cutter|p2a: Slowking
|-damage|p2a: Slowking|64/100
|-damage|p2a: Slowking|44/100
|-hitcount|p2a: Slowking|2
|
|upkeep
|turn|14
|
|t:|1758300647
|switch|p2a: Toxapex|Toxapex, F|79/100
|move|p1a: Iron Crown|Tachyon Cutter|p2a: Toxapex
|-resisted|p2a: Toxapex
|-damage|p2a: Toxapex|57/100
|-resisted|p2a: Toxapex
|-damage|p2a: Toxapex|37/100
|-hitcount|p2a: Toxapex|2
|
|upkeep
|turn|15
|
|t:|1758300652
|move|p2a: Toxapex|Baneful Bunker|p2a: Toxapex
|-singleturn|p2a: Toxapex|move: Protect
|move|p1a: Iron Crown|Tachyon Cutter|p2a: Toxapex
|-activate|p2a: Toxapex|move: Protect
|
|upkeep
|turn|16
|
|t:|1758300656
|switch|p2a: Slowking|Slowking-Galar, M, shiny|77/100
|move|p1a: Iron Crown|Tachyon Cutter|p2a: Slowking
|-damage|p2a: Slowking|55/100
|-damage|p2a: Slowking|34/100
|-hitcount|p2a: Slowking|2
|
|upkeep
|turn|17
|
|t:|1758300660
|-end|p1a: Iron Crown|Quark Drive|[silent]
|switch|p1a: Ting-Lu|Ting-Lu|100/100
|-ability|p1a: Ting-Lu|Vessel of Ruin
|switch|p2a: Toxapex|Toxapex, F|70/100
|
|upkeep
|turn|18
|
|t:|1758300665
|switch|p2a: Rotom|Rotom-Heat, shiny|32/100
|move|p1a: Ting-Lu|Stealth Rock|p2a: Rotom
|-sidestart|p2: pantalonescondidos|move: Stealth Rock
|
|-heal|p2a: Rotom|39/100|[from] item: Leftovers
|upkeep
|turn|19
|
|t:|1758300669
|switch|p1a: Zapdos|Zapdos|100/100
|move|p2a: Rotom|Volt Switch|p1a: Zapdos
|-damage|p1a: Zapdos|70/100
|
|t:|1758300671
|switch|p2a: Slowking|Slowking-Galar, M, shiny|67/100|[from] Volt Switch
|-damage|p2a: Slowking|55/100|[from] Stealth Rock
|
|upkeep
|turn|20
|
|t:|1758300675
|move|p1a: Zapdos|Volt Switch|p2a: Slowking
|-damage|p2a: Slowking|39/100
|
|t:|1758300679
|switch|p1a: Iron Crown|Iron Crown, tera:Steel|88/100|[from] Volt Switch
|move|p2a: Slowking|Future Sight|p1a: Iron Crown
|-start|p2a: Slowking|move: Future Sight
|
|upkeep
|turn|21
|
|t:|1758300685
|switch|p2a: Toxapex|Toxapex, F|100/100
|-damage|p2a: Toxapex|88/100|[from] Stealth Rock
|move|p1a: Iron Crown|Volt Switch|p2a: Toxapex
|-supereffective|p2a: Toxapex
|-damage|p2a: Toxapex|33/100
|
|t:|1758300691
|-end|p1a: Iron Crown|Quark Drive|[silent]
|switch|p1a: Ting-Lu|Ting-Lu|100/100|[from] Volt Switch
|-ability|p1a: Ting-Lu|Vessel of Ruin
|
|upkeep
|turn|22
|
|t:|1758300695
|switch|p2a: Great Tusk|Great Tusk|100/100
|move|p1a: Ting-Lu|Whirlwind|p2a: Great Tusk
|-end|p2a: Great Tusk|Protosynthesis|[silent]
|drag|p2a: Toxapex|Toxapex, F|66/100
|-damage|p2a: Toxapex|53/100|[from] Stealth Rock
|
|-end|p1a: Ting-Lu|move: Future Sight
|-immune|p1a: Ting-Lu
|upkeep
|turn|23
|
|t:|1758300700
|switch|p1a: Iron Crown|Iron Crown, tera:Steel|88/100
|switch|p2a: Great Tusk|Great Tusk|100/100
|
|upkeep
|turn|24
|
|t:|1758300704
|-end|p2a: Great Tusk|Protosynthesis|[silent]
|switch|p2a: Kingambit|Kingambit, F|52/100
|-damage|p2a: Kingambit|46/100|[from] Stealth Rock
|move|p1a: Iron Crown|Tachyon Cutter|p2a: Kingambit
|-resisted|p2a: Kingambit
|-damage|p2a: Kingambit|21/100
|-resisted|p2a: Kingambit
|-crit|p2a: Kingambit
|-damage|p2a: Kingambit|0 fnt
|faint|p2a: Kingambit
|-end|p2a: Kingambit|fallenundefined|[silent]
|-hitcount|p2: Kingambit|2
|
|upkeep
|
|t:|1758300711
|switch|p2a: Toxapex|Toxapex, F|87/100
|-damage|p2a: Toxapex|74/100|[from] Stealth Rock
|turn|25
|
|t:|1758300714
|move|p1a: Iron Crown|Tachyon Cutter|p2a: Toxapex
|-resisted|p2a: Toxapex
|-damage|p2a: Toxapex|53/100
|-resisted|p2a: Toxapex
|-damage|p2a: Toxapex|33/100
|-hitcount|p2a: Toxapex|2
|move|p2a: Toxapex|Recover|p2a: Toxapex
|-heal|p2a: Toxapex|83/100
|
|upkeep
|turn|26
|
|t:|1758300721
|move|p2a: Toxapex|Baneful Bunker|p2a: Toxapex
|-singleturn|p2a: Toxapex|move: Protect
|move|p1a: Iron Crown|Tachyon Cutter|p2a: Toxapex
|-activate|p2a: Toxapex|move: Protect
|
|upkeep
|turn|27
|
|t:|1758300725
|move|p1a: Iron Crown|Tachyon Cutter|p2a: Toxapex
|-resisted|p2a: Toxapex
|-damage|p2a: Toxapex|61/100
|-resisted|p2a: Toxapex
|-damage|p2a: Toxapex|40/100
|-hitcount|p2a: Toxapex|2
|move|p2a: Toxapex|Recover|p2a: Toxapex
|-heal|p2a: Toxapex|90/100
|
|upkeep
|turn|28
|
|t:|1758300732
|move|p1a: Iron Crown|Tachyon Cutter|p2a: Toxapex
|-resisted|p2a: Toxapex
|-damage|p2a: Toxapex|68/100
|-resisted|p2a: Toxapex
|-damage|p2a: Toxapex|48/100
|-hitcount|p2a: Toxapex|2
|move|p2a: Toxapex|Toxic|p1a: Iron Crown
|-immune|p1a: Iron Crown
|
|upkeep
|turn|29
|
|t:|1758300738
|-end|p1a: Iron Crown|Quark Drive|[silent]
|switch|p1a: Weezing|Weezing-Galar, F|48/100 brn
|-ability|p1a: Weezing|Neutralizing Gas
|move|p2a: Toxapex|Baneful Bunker||[still]
|-fail|p2a: Toxapex
|
|-damage|p1a: Weezing|42/100 brn|[from] brn
|upkeep
|turn|30
|
|t:|1758300741
|-end|p1a: Weezing|ability: Neutralizing Gas
|switch|p1a: Iron Crown|Iron Crown, tera:Steel|88/100
|switch|p2a: Slowking|Slowking-Galar, M, shiny|73/100
|-damage|p2a: Slowking|60/100|[from] Stealth Rock
|
|upkeep
|turn|31
|
|t:|1758300747
|move|p1a: Iron Crown|Psyshock|p2a: Slowking
|-damage|p2a: Slowking|0 fnt
|faint|p2a: Slowking
|
|upkeep
|-message|pantalonescondidos forfeited.
|
|win|Shibuya Arc
|raw|Shibuya Arc's rating: 1534 &rarr; <strong>1555</strong><br />(+21 for winning)
|raw|pantalonescondidos's rating: 1549 &rarr; <strong>1528</strong><br />(-21 for losing)
|l|☆Shibuya Arc
|player|p1|
|l|☆pantalonescondidos
|player|p2|
|j| Gen9oupipipi
