|j|☆underperfo
|j|☆fluffyp
|t:|1758258923
|gametype|singles
|player|p1|underperfo|102|1413
|player|p2|fluffyp|lady|1503
|gen|9
|tier|[Gen 9] OU
|rated|
|rule|HP Percentage Mod: HP is shown in percentages
|rule|Endless Battle Clause: Forcing endless battles is banned
|rule|Species Clause: Limit one of each Pokémon
|rule|OHKO Clause: OHKO moves are banned
|rule|Evasion Items Clause: Evasion items are banned
|rule|Evasion Moves Clause: Evasion moves are banned
|rule|Evasion Abilities Clause: Evasion abilities are banned
|rule|Sleep Moves Clause: Sleep-inducing moves are banned
|clearpoke
|poke|p1|Zamazenta-*|
|poke|p1|Landorus-Therian, M|
|poke|p1|Gholdengo|
|poke|p1|Primarina, M|
|poke|p1|Dragapult, F|
|poke|p1|Darkrai|
|poke|p2|Indeedee, M|
|poke|p2|Hatterene, F|
|poke|p2|Ursaluna, F|
|poke|p2|Iron Hands|
|poke|p2|Hoopa-Unbound|
|poke|p2|Mimikyu, F|
|teampreview
|inactive|Battle timer is ON: inactive players will automatically lose when time's up. (requested by fluffyp)
|
|t:|1758258947
|teamsize|p1|6
|teamsize|p2|6
|start
|switch|p1a: Landorus|Landorus-Therian, M|100/100
|switch|p2a: Iron Hands|Iron Hands, shiny|100/100
|-ability|p1a: Landorus|Intimidate|boost
|-unboost|p2a: Iron Hands|atk|1
|-enditem|p2a: Iron Hands|Booster Energy
|-activate|p2a: Iron Hands|ability: Quark Drive|[fromitem]
|-start|p2a: Iron Hands|quarkdriveatk
|turn|1
|
|t:|1758258954
|move|p1a: Landorus|Earthquake|p2a: Iron Hands
|-supereffective|p2a: Iron Hands
|-damage|p2a: Iron Hands|20/100
|move|p2a: Iron Hands|Ice Punch|p1a: Landorus
|-supereffective|p1a: Landorus
|-damage|p1a: Landorus|0 fnt
|-damage|p2a: Iron Hands|4/100|[from] item: Rocky Helmet|[of] p1a: Landorus
|faint|p1a: Landorus
|
|upkeep
|
|t:|1758258962
|switch|p1a: Dragapult|Dragapult, F|100/100
|turn|2
|
|t:|1758258965
|move|p1a: Dragapult|U-turn|p2a: Iron Hands
|-resisted|p2a: Iron Hands
|-damage|p2a: Iron Hands|0 fnt
|faint|p2a: Iron Hands
|-end|p2a: Iron Hands|Quark Drive|[silent]
|
|t:|1758258969
|switch|p1a: Darkrai|Darkrai|100/100|[from] U-turn
|
|upkeep
|
|t:|1758258975
|switch|p2a: Indeedee|Indeedee, M, shiny|100/100
|-fieldstart|move: Psychic Terrain|[from] ability: Psychic Surge|[of] p2a: Indeedee
|turn|3
|
|t:|1758258978
|switch|p2a: Hoopa|Hoopa-Unbound|100/100
|-enditem|p2a: Hoopa|Psychic Seed
|-boost|p2a: Hoopa|spd|1|[from] item: Psychic Seed
|move|p1a: Darkrai|Dark Pulse|p2a: Hoopa
|-damage|p2a: Hoopa|78/100
|
|upkeep
|turn|4
|
|t:|1758258995
|move|p1a: Darkrai|Will-O-Wisp|p2a: Hoopa
|-status|p2a: Hoopa|brn
|move|p2a: Hoopa|Trick Room|p2a: Hoopa
|-fieldstart|move: Trick Room|[of] p2a: Hoopa
|
|-damage|p2a: Hoopa|72/100 brn|[from] brn
|upkeep
|turn|5
|
|t:|1758259001
|move|p2a: Hoopa|Focus Blast|p1a: Darkrai
|-supereffective|p1a: Darkrai
|-damage|p1a: Darkrai|0 fnt
|faint|p1a: Darkrai
|-item|p2a: Hoopa|Heavy-Duty Boots|[from] ability: Magician|[of] p1: Darkrai
|
|-damage|p2a: Hoopa|66/100 brn|[from] brn
|upkeep
|
|t:|1758259004
|switch|p1a: Zamazenta|Zamazenta|100/100
|-ability|p1a: Zamazenta|Dauntless Shield|boost
|-boost|p1a: Zamazenta|def|1
|turn|6
|
|t:|1758259009
|switch|p1a: Gholdengo|Gholdengo|100/100
|-item|p1a: Gholdengo|Air Balloon
|move|p2a: Hoopa|Expanding Force|p1a: Gholdengo
|-resisted|p1a: Gholdengo
|-damage|p1a: Gholdengo|56/100
|-enditem|p1a: Gholdengo|Air Balloon
|
|-damage|p2a: Hoopa|60/100 brn|[from] brn
|upkeep
|turn|7
|
|t:|1758259013
|move|p2a: Hoopa|Hyperspace Fury|p1a: Gholdengo
|-supereffective|p1a: Gholdengo
|-damage|p1a: Gholdengo|17/100
|-unboost|p2a: Hoopa|def|1
|move|p1a: Gholdengo|Recover|p1a: Gholdengo
|-heal|p1a: Gholdengo|67/100
|
|-damage|p2a: Hoopa|54/100 brn|[from] brn
|upkeep
|turn|8
|
|t:|1758259021
|move|p2a: Hoopa|Expanding Force|p1a: Gholdengo
|-resisted|p1a: Gholdengo
|-damage|p1a: Gholdengo|18/100
|move|p1a: Gholdengo|Recover|p1a: Gholdengo
|-heal|p1a: Gholdengo|68/100
|
|-damage|p2a: Hoopa|48/100 brn|[from] brn
|-fieldend|move: Trick Room
|upkeep
|turn|9
|
|t:|1758259030
|move|p1a: Gholdengo|Recover|p1a: Gholdengo
|-heal|p1a: Gholdengo|100/100
|move|p2a: Hoopa|Trick Room|p2a: Hoopa
|-fieldstart|move: Trick Room|[of] p2a: Hoopa
|
|-damage|p2a: Hoopa|42/100 brn|[from] brn
|upkeep
|turn|10
|
|t:|1758259038
|move|p2a: Hoopa|Expanding Force|p1a: Gholdengo
|-resisted|p1a: Gholdengo
|-damage|p1a: Gholdengo|54/100
|move|p1a: Gholdengo|Recover|p1a: Gholdengo
|-heal|p1a: Gholdengo|100/100
|
|-damage|p2a: Hoopa|36/100 brn|[from] brn
|-fieldend|move: Psychic Terrain
|upkeep
|turn|11
|
|t:|1758259044
|move|p2a: Hoopa|Expanding Force|p1a: Gholdengo
|-resisted|p1a: Gholdengo
|-crit|p1a: Gholdengo
|-damage|p1a: Gholdengo|66/100
|move|p1a: Gholdengo|Recover|p1a: Gholdengo
|-heal|p1a: Gholdengo|100/100
|
|-damage|p2a: Hoopa|30/100 brn|[from] brn
|upkeep
|turn|12
|
|t:|1758259051
|move|p2a: Hoopa|Hyperspace Fury|p1a: Gholdengo
|-supereffective|p1a: Gholdengo
|-damage|p1a: Gholdengo|61/100
|-unboost|p2a: Hoopa|def|1
|move|p1a: Gholdengo|Recover|p1a: Gholdengo
|-heal|p1a: Gholdengo|100/100
|
|-damage|p2a: Hoopa|24/100 brn|[from] brn
|upkeep
|turn|13
|
|t:|1758259057
|move|p2a: Hoopa|Hyperspace Fury|p1a: Gholdengo
|-supereffective|p1a: Gholdengo
|-damage|p1a: Gholdengo|65/100
|-unboost|p2a: Hoopa|def|1
|move|p1a: Gholdengo|Recover|p1a: Gholdengo
|-heal|p1a: Gholdengo|100/100
|
|-damage|p2a: Hoopa|18/100 brn|[from] brn
|-fieldend|move: Trick Room
|upkeep
|turn|14
|
|t:|1758259062
|switch|p2a: Indeedee|Indeedee, M, shiny|100/100
|-fieldstart|move: Psychic Terrain|[from] ability: Psychic Surge|[of] p2a: Indeedee
|move|p1a: Gholdengo|Hex|p2a: Indeedee
|-immune|p2a: Indeedee
|
|upkeep
|turn|15
|
|t:|1758259067
|switch|p2a: Hoopa|Hoopa-Unbound|18/100 brn
|move|p1a: Gholdengo|Make It Rain|p2a: Hoopa
|-damage|p2a: Hoopa|0 fnt
|-unboost|p1a: Gholdengo|spa|1
|faint|p2a: Hoopa
|
|upkeep
|
|t:|1758259076
|switch|p2a: Indeedee|Indeedee, M, shiny|100/100
|turn|16
|
|t:|1758259081
|move|p1a: Gholdengo|Thunder Wave|p2a: Indeedee
|-status|p2a: Indeedee|par
|move|p2a: Indeedee|Trick Room|p2a: Indeedee
|-fieldstart|move: Trick Room|[of] p2a: Indeedee
|
|upkeep
|turn|17
|
|t:|1758259086
|switch|p2a: Ursaluna|Ursaluna, F, shiny|100/100
|switch|p1a: Primarina|Primarina, M|100/100
|
|-status|p2a: Ursaluna|brn|[from] item: Flame Orb
|upkeep
|turn|18
|
|t:|1758259092
|-terastallize|p2a: Ursaluna|Normal
|-terastallize|p1a: Primarina|Steel
|move|p2a: Ursaluna|Facade|p1a: Primarina
|-resisted|p1a: Primarina
|-damage|p1a: Primarina|0 fnt
|faint|p1a: Primarina
|
|-damage|p2a: Ursaluna|94/100 brn|[from] brn
|upkeep
|-message|underperfo forfeited.
|
|win|fluffyp
|raw|underperfo's rating: 1413 &rarr; <strong>1398</strong><br />(-15 for losing)
|raw|fluffyp's rating: 1503 &rarr; <strong>1518</strong><br />(+15 for winning)
|l|☆underperfo
|player|p1|
|l|☆fluffyp
|player|p2|
