|j|☆tgirlsplzinteract
|j|☆shynn6791
|t:|1758244446
|gametype|singles
|player|p1|tgirlsplzinteract|iono|1158
|player|p2|shynn6791|steven|1175
|gen|9
|tier|[Gen 9] OU
|rated|
|rule|HP Percentage Mod: HP is shown in percentages
|rule|Endless Battle Clause: Forcing endless battles is banned
|rule|Species Clause: Limit one of each Pokémon
|rule|OHKO Clause: OHKO moves are banned
|rule|Evasion Items Clause: Evasion items are banned
|rule|Evasion Moves Clause: Evasion moves are banned
|rule|Evasion Abilities Clause: Evasion abilities are banned
|rule|Sleep Moves Clause: Sleep-inducing moves are banned
|clearpoke
|poke|p1|Great Tusk|
|poke|p1|Heatran, M|
|poke|p1|Weavile, M|
|poke|p1|Primarina, M|
|poke|p1|Ogerpon, F|
|poke|p1|Pecharunt|
|poke|p2|Swalot, M|
|poke|p2|Araquanid, F|
|poke|p2|Blaziken, F|
|poke|p2|Hypno, F|
|poke|p2|Landorus-Therian, M|
|poke|p2|Dragapult, M|
|teampreview
|inactive|Battle timer is ON: inactive players will automatically lose when time's up. (requested by shynn6791)
|
|t:|1758244474
|teamsize|p1|6
|teamsize|p2|6
|start
|switch|p1a: Chaos|Heatran, M|100/100
|switch|p2a: Landorus|Landorus-Therian, M|100/100
|-ability|p2a: Landorus|Intimidate|boost
|-unboost|p1a: Chaos|atk|1
|-item|p1a: Chaos|Air Balloon
|turn|1
|
|t:|1758244484
|move|p2a: Landorus|Taunt|p1a: Chaos
|-start|p1a: Chaos|move: Taunt
|cant|p1a: Chaos|move: Taunt|Taunt
|
|upkeep
|turn|2
|
|t:|1758244489
|switch|p1a: Bandit|Weavile, M, shiny|100/100
|-ability|p1a: Bandit|Pressure
|move|p2a: Landorus|U-turn|p1a: Bandit
|-supereffective|p1a: Bandit
|-damage|p1a: Bandit|32/100
|
|t:|1758244501
|switch|p2a: Blaziken|Blaziken, F|100/100|[from] U-turn
|
|upkeep
|turn|3
|
|t:|1758244511
|switch|p1a: Behemoth|Great Tusk|100/100
|move|p2a: Blaziken|Focus Energy|p2a: Blaziken
|-start|p2a: Blaziken|move: Focus Energy
|
|-ability|p2a: Blaziken|Speed Boost|boost
|-boost|p2a: Blaziken|spe|1
|upkeep
|turn|4
|
|t:|1758244524
|move|p2a: Blaziken|Close Combat|p1a: Behemoth
|-crit|p1a: Behemoth
|-damage|p1a: Behemoth|47/100
|-unboost|p2a: Blaziken|def|1
|-unboost|p2a: Blaziken|spd|1
|move|p1a: Behemoth|Headlong Rush|p2a: Blaziken
|-supereffective|p2a: Blaziken
|-damage|p2a: Blaziken|0 fnt
|-unboost|p1a: Behemoth|def|1
|-unboost|p1a: Behemoth|spd|1
|faint|p2a: Blaziken
|
|upkeep
|
|t:|1758244546
|switch|p2a: Araquanid|Araquanid, F|100/100
|turn|5
|inactive|tgirlsplzinteract has 120 seconds left.
|
|t:|1758244584
|-end|p1a: Behemoth|Protosynthesis|[silent]
|switch|p1a: Anonymous|Ogerpon, F|100/100
|move|p2a: Araquanid|Sticky Web|p1a: Anonymous
|-sidestart|p1: tgirlsplzinteract|move: Sticky Web
|
|upkeep
|turn|6
|inactive|tgirlsplzinteract has 120 seconds left.
|
|t:|1758244596
|move|p2a: Araquanid|Endure|p2a: Araquanid
|-singleturn|p2a: Araquanid|move: Endure
|move|p1a: Anonymous|Rock Tomb|p2a: Araquanid
|-supereffective|p2a: Araquanid
|-damage|p2a: Araquanid|43/100
|-unboost|p2a: Araquanid|spe|1
|
|upkeep
|turn|7
|
|t:|1758244604
|move|p2a: Araquanid|Endure||[still]
|-fail|p2a: Araquanid
|move|p1a: Anonymous|Rock Tomb|p2a: Araquanid
|-supereffective|p2a: Araquanid
|-damage|p2a: Araquanid|0 fnt
|faint|p2a: Araquanid
|
|upkeep
|
|t:|1758244612
|switch|p2a: Swalot|Swalot, M|100/100
|turn|8
|
|t:|1758244618
|switch|p1a: Chaos|Heatran, M|100/100
|-item|p1a: Chaos|Air Balloon
|move|p2a: Swalot|Stuff Cheeks|p2a: Swalot
|-boost|p2a: Swalot|def|2
|-enditem|p2a: Swalot|Starf Berry|[eat]
|-boost|p2a: Swalot|spe|2|[from] item: Starf Berry
|
|upkeep
|turn|9
|
|t:|1758244629
|move|p1a: Chaos|Earth Power|p2a: Swalot
|-supereffective|p2a: Swalot
|-damage|p2a: Swalot|38/100
|move|p2a: Swalot|Body Press|p1a: Chaos
|-supereffective|p1a: Chaos
|-damage|p1a: Chaos|13/100
|-enditem|p1a: Chaos|Air Balloon
|
|upkeep
|turn|10
|
|t:|1758244642
|-terastallize|p2a: Swalot|Dark
|move|p1a: Chaos|Earth Power|p2a: Swalot
|-damage|p2a: Swalot|8/100
|move|p2a: Swalot|Body Press|p1a: Chaos
|-supereffective|p1a: Chaos
|-damage|p1a: Chaos|0 fnt
|faint|p1a: Chaos
|
|upkeep
|
|t:|1758244650
|switch|p1a: Behemoth|Great Tusk|47/100
|turn|11
|
|t:|1758244658
|move|p1a: Behemoth|Rapid Spin|p2a: Swalot
|-damage|p2a: Swalot|2/100
|-boost|p1a: Behemoth|spe|1
|-sideend|p1: tgirlsplzinteract|Sticky Web|[from] move: Rapid Spin|[of] p1a: Behemoth
|move|p2a: Swalot|Belch|p1a: Behemoth
|-resisted|p1a: Behemoth
|-damage|p1a: Behemoth|19/100
|
|upkeep
|turn|12
|
|t:|1758244668
|move|p1a: Behemoth|Rapid Spin|p2a: Swalot
|-damage|p2a: Swalot|0 fnt
|-boost|p1a: Behemoth|spe|1
|faint|p2a: Swalot
|
|upkeep
|
|t:|1758244672
|switch|p2a: Dragapult|Dragapult, M|100/100
|turn|13
|
|t:|1758244676
|move|p1a: Behemoth|Ice Spinner|p2a: Dragapult
|-supereffective|p2a: Dragapult
|-damage|p2a: Dragapult|34/100
|move|p2a: Dragapult|Dragon Darts|p1a: Behemoth
|-damage|p1a: Behemoth|3/100
|-anim|p2a: Dragapult|Dragon Darts|p1a: Behemoth
|-damage|p1a: Behemoth|0 fnt
|faint|p1a: Behemoth
|-end|p1a: Behemoth|Protosynthesis|[silent]
|
|upkeep
|
|t:|1758244687
|switch|p1a: Bandit|Weavile, M, shiny|32/100
|-ability|p1a: Bandit|Pressure
|turn|14
|
|t:|1758244693
|move|p1a: Bandit|Ice Shard|p2a: Dragapult
|-supereffective|p2a: Dragapult
|-damage|p2a: Dragapult|0 fnt
|faint|p2a: Dragapult
|
|upkeep
|
|t:|1758244697
|switch|p2a: Hypno|Hypno, F, shiny|100/100
|turn|15
|
|t:|1758244701
|switch|p1a: Overseer|Pecharunt|100/100
|move|p2a: Hypno|Dazzling Gleam|p1a: Overseer
|-resisted|p1a: Overseer
|-damage|p1a: Overseer|91/100
|
|upkeep
|turn|16
|
|t:|1758244709
|move|p2a: Hypno|Nasty Plot|p2a: Hypno
|-boost|p2a: Hypno|spa|2
|move|p1a: Overseer|Malignant Chain|p2a: Hypno
|-damage|p2a: Hypno|70/100
|-status|p2a: Hypno|tox
|-start|p2a: Hypno|confusion|[from] ability: Poison Puppeteer|[of] p1a: Overseer
|
|-heal|p2a: Hypno|76/100 tox|[from] item: Leftovers
|-damage|p2a: Hypno|70/100 tox|[from] psn
|upkeep
|turn|17
|
|t:|1758244722
|-activate|p2a: Hypno|confusion
|move|p2a: Hypno|Psychic|p1a: Overseer
|-supereffective|p1a: Overseer
|-damage|p1a: Overseer|0 fnt
|faint|p1a: Overseer
|
|-heal|p2a: Hypno|76/100 tox|[from] item: Leftovers
|-damage|p2a: Hypno|64/100 tox|[from] psn
|upkeep
|
|t:|1758244726
|switch|p1a: Bandit|Weavile, M, shiny|32/100
|-ability|p1a: Bandit|Pressure
|turn|18
|
|t:|1758244733
|move|p1a: Bandit|Knock Off|p2a: Hypno
|-supereffective|p2a: Hypno
|-damage|p2a: Hypno|0 fnt
|-enditem|p2a: Hypno|Leftovers|[from] move: Knock Off|[of] p1a: Bandit
|faint|p2a: Hypno
|
|upkeep
|
|t:|1758244735
|switch|p2a: Landorus|Landorus-Therian, M|100/100
|-ability|p2a: Landorus|Intimidate|boost
|-unboost|p1a: Bandit|atk|1
|turn|19
|-message|shynn6791 forfeited.
|
|win|tgirlsplzinteract
|raw|tgirlsplzinteract's rating: 1158 &rarr; <strong>1184</strong><br />(+26 for winning)
|raw|shynn6791's rating: 1175 &rarr; <strong>1149</strong><br />(-26 for losing)
|l|☆shynn6791
|player|p2|
|l|☆tgirlsplzinteract
|player|p1|
