|j|☆xithy
|j|☆Ciborg0011
|t:|1758348871
|gametype|singles
|player|p1|xithy|265|1185
|player|p2|Ciborg0011|iris-gen5bw2|1135
|gen|9
|tier|[Gen 9] OU
|rated|
|rule|HP Percentage Mod: HP is shown in percentages
|rule|Endless Battle Clause: Forcing endless battles is banned
|rule|Species Clause: Limit one of each Pokémon
|rule|OHKO Clause: OHKO moves are banned
|rule|Evasion Items Clause: Evasion items are banned
|rule|Evasion Moves Clause: Evasion moves are banned
|rule|Evasion Abilities Clause: Evasion abilities are banned
|rule|Sleep Moves Clause: Sleep-inducing moves are banned
|clearpoke
|poke|p1|Great Tusk|
|poke|p1|Kingambit, M|
|poke|p1|Raging Bolt|
|poke|p1|Walking Wake|
|poke|p1|Ninetales, M|
|poke|p1|Ceruledge, F|
|poke|p2|Electrode|
|poke|p2|Ninetales-Alola, F|
|poke|p2|Serperior, M|
|poke|p2|Hydreigon, M|
|poke|p2|Conkeldurr, F|
|poke|p2|Wugtrio, F|
|teampreview
|
|t:|1758348876
|teamsize|p1|6
|teamsize|p2|6
|start
|switch|p1a: Ninetales|Ninetales, M|100/100
|switch|p2a: Ninetales|Ninetales-Alola, F, shiny|100/100
|-weather|SunnyDay|[from] ability: Drought|[of] p1a: Ninetales
|-weather|Snowscape|[from] ability: Snow Warning|[of] p2a: Ninetales
|turn|1
|
|t:|1758348896
|switch|p1a: Raging Bolt|Raging Bolt|100/100
|move|p2a: Ninetales|Aurora Veil|p2a: Ninetales
|-sidestart|p2: Ciborg0011|move: Aurora Veil
|
|-weather|Snowscape|[upkeep]
|upkeep
|turn|2
|c|☆xithy|ok
|
|t:|1758348919
|move|p2a: Ninetales|Calm Mind|p2a: Ninetales
|-boost|p2a: Ninetales|spa|1
|-boost|p2a: Ninetales|spd|1
|move|p1a: Raging Bolt|Dragon Pulse|p2a: Ninetales
|-immune|p2a: Ninetales
|
|-weather|Snowscape|[upkeep]
|upkeep
|turn|3
|c|☆xithy|missclick‎ ong
|
|t:|1758348934
|move|p1a: Raging Bolt|Thunderclap|p2a: Ninetales
|-damage|p2a: Ninetales|84/100
|-damage|p1a: Raging Bolt|91/100|[from] item: Life Orb
|move|p2a: Ninetales|Blizzard|p1a: Raging Bolt
|-supereffective|p1a: Raging Bolt
|-damage|p1a: Raging Bolt|0 fnt
|faint|p1a: Raging Bolt
|-end|p1a: Raging Bolt|Protosynthesis|[silent]
|
|-weather|Snowscape|[upkeep]
|upkeep
|
|t:|1758348942
|switch|p1a: Ninetales|Ninetales, M|100/100
|-weather|SunnyDay|[from] ability: Drought|[of] p1a: Ninetales
|turn|4
|
|t:|1758348950
|switch|p2a: Wugtrio|Wugtrio, F|100/100
|move|p1a: Ninetales|Overheat|p2a: Wugtrio
|-resisted|p2a: Wugtrio
|-damage|p2a: Wugtrio|63/100
|-unboost|p1a: Ninetales|spa|2
|
|-weather|SunnyDay|[upkeep]
|upkeep
|turn|5
|
|t:|1758348960
|switch|p1a: Walking Wake|Walking Wake|100/100
|-activate|p1a: Walking Wake|ability: Protosynthesis
|-start|p1a: Walking Wake|protosynthesisspe
|move|p2a: Wugtrio|Agility|p2a: Wugtrio
|-boost|p2a: Wugtrio|spe|2
|
|-weather|SunnyDay|[upkeep]
|upkeep
|turn|6
|
|t:|1758348971
|move|p2a: Wugtrio|Sucker Punch|p1a: Walking Wake
|-damage|p1a: Walking Wake|72/100
|-damage|p2a: Wugtrio|53/100|[from] item: Life Orb
|move|p1a: Walking Wake|Draco Meteor|p2a: Wugtrio
|-damage|p2a: Wugtrio|0 fnt
|-unboost|p1a: Walking Wake|spa|2
|faint|p2a: Wugtrio
|
|-weather|SunnyDay|[upkeep]
|upkeep
|
|t:|1758348983
|switch|p2a: Ninetales|Ninetales-Alola, F, shiny|84/100
|-weather|Snowscape|[from] ability: Snow Warning|[of] p2a: Ninetales
|-end|p1a: Walking Wake|Protosynthesis
|turn|7
|
|t:|1758348988
|move|p1a: Walking Wake|Flip Turn|p2a: Ninetales
|-damage|p2a: Ninetales|77/100
|
|t:|1758348992
|-end|p1a: Walking Wake|Protosynthesis|[silent]
|switch|p1a: Ninetales|Ninetales, M|100/100|[from] Flip Turn
|-weather|SunnyDay|[from] ability: Drought|[of] p1a: Ninetales
|move|p2a: Ninetales|Draining Kiss|p1a: Ninetales
|-resisted|p1a: Ninetales
|-damage|p1a: Ninetales|87/100
|-heal|p2a: Ninetales|85/100|[from] drain|[of] p1a: Ninetales
|
|-weather|SunnyDay|[upkeep]
|upkeep
|turn|8
|
|t:|1758349005
|switch|p2a: Conkeldurr|Conkeldurr, F|100/100
|move|p1a: Ninetales|Overheat|p2a: Conkeldurr
|-damage|p2a: Conkeldurr|73/100
|-unboost|p1a: Ninetales|spa|2
|
|-weather|SunnyDay|[upkeep]
|-sideend|p2: Ciborg0011|move: Aurora Veil
|upkeep
|turn|9
|
|t:|1758349021
|switch|p1a: Ceruledge|Ceruledge, F|100/100
|move|p2a: Conkeldurr|Earthquake|p1a: Ceruledge
|-supereffective|p1a: Ceruledge
|-damage|p1a: Ceruledge|9/100
|-ability|p1a: Ceruledge|Weak Armor|boost
|-unboost|p1a: Ceruledge|def|1
|-boost|p1a: Ceruledge|spe|2
|
|-weather|SunnyDay|[upkeep]
|upkeep
|turn|10
|
|t:|1758349040
|move|p1a: Ceruledge|Poltergeist|p2a: Conkeldurr
|-activate|p2a: Conkeldurr|move: Poltergeist|Assault Vest
|-damage|p2a: Conkeldurr|23/100
|move|p2a: Conkeldurr|Earthquake|p1a: Ceruledge
|-supereffective|p1a: Ceruledge
|-damage|p1a: Ceruledge|0 fnt
|faint|p1a: Ceruledge
|
|-weather|SunnyDay|[upkeep]
|upkeep
|
|t:|1758349053
|switch|p1a: Walking Wake|Walking Wake|72/100
|-activate|p1a: Walking Wake|ability: Protosynthesis
|-start|p1a: Walking Wake|protosynthesisspe
|turn|11
|
|t:|1758349059
|move|p1a: Walking Wake|Weather Ball|p2a: Conkeldurr
|-damage|p2a: Conkeldurr|0 fnt
|faint|p2a: Conkeldurr
|
|-weather|SunnyDay|[upkeep]
|upkeep
|
|t:|1758349066
|switch|p2a: Ninetales|Ninetales-Alola, F, shiny|85/100
|-weather|Snowscape|[from] ability: Snow Warning|[of] p2a: Ninetales
|-end|p1a: Walking Wake|Protosynthesis
|turn|12
|
|t:|1758349076
|move|p1a: Walking Wake|Flip Turn|p2a: Ninetales
|-damage|p2a: Ninetales|72/100
|
|t:|1758349080
|-end|p1a: Walking Wake|Protosynthesis|[silent]
|switch|p1a: Ninetales|Ninetales, M|87/100|[from] Flip Turn
|-weather|SunnyDay|[from] ability: Drought|[of] p1a: Ninetales
|move|p2a: Ninetales|Aurora Veil||[still]
|-fail|p2a: Ninetales
|
|-weather|SunnyDay|[upkeep]
|upkeep
|turn|13
|
|t:|1758349096
|switch|p2a: Electrode|Electrode, shiny|100/100
|move|p1a: Ninetales|Overheat|p2a: Electrode
|-damage|p2a: Electrode|0 fnt
|-unboost|p1a: Ninetales|spa|2
|faint|p2a: Electrode
|
|-weather|SunnyDay|[upkeep]
|upkeep
|
|t:|1758349107
|switch|p2a: Hydreigon|Hydreigon, M, shiny|100/100
|turn|14
|
|t:|1758349129
|switch|p1a: Great Tusk|Great Tusk|100/100
|-activate|p1a: Great Tusk|ability: Protosynthesis
|-start|p1a: Great Tusk|protosynthesisatk
|move|p2a: Hydreigon|Earth Power|p1a: Great Tusk
|-damage|p1a: Great Tusk|66/100
|-damage|p2a: Hydreigon|91/100|[from] item: Life Orb
|
|-weather|SunnyDay|[upkeep]
|upkeep
|turn|15
|
|t:|1758349146
|move|p2a: Hydreigon|Draco Meteor|p1a: Great Tusk
|-damage|p1a: Great Tusk|0 fnt
|-unboost|p2a: Hydreigon|spa|2
|faint|p1a: Great Tusk
|-end|p1a: Great Tusk|Protosynthesis|[silent]
|-damage|p2a: Hydreigon|81/100|[from] item: Life Orb
|
|-weather|SunnyDay|[upkeep]
|upkeep
|
|t:|1758349155
|switch|p1a: Walking Wake|Walking Wake|72/100
|-activate|p1a: Walking Wake|ability: Protosynthesis
|-start|p1a: Walking Wake|protosynthesisspe
|turn|16
|
|t:|1758349163
|switch|p2a: Ninetales|Ninetales-Alola, F, shiny|72/100
|-weather|Snowscape|[from] ability: Snow Warning|[of] p2a: Ninetales
|-end|p1a: Walking Wake|Protosynthesis
|move|p1a: Walking Wake|Weather Ball|p2a: Ninetales
|-resisted|p2a: Ninetales
|-damage|p2a: Ninetales|56/100
|
|-weather|Snowscape|[upkeep]
|upkeep
|turn|17
|
|t:|1758349174
|move|p1a: Walking Wake|Flip Turn|p2a: Ninetales
|-damage|p2a: Ninetales|43/100
|
|t:|1758349177
|-end|p1a: Walking Wake|Protosynthesis|[silent]
|switch|p1a: Ninetales|Ninetales, M|87/100|[from] Flip Turn
|-weather|SunnyDay|[from] ability: Drought|[of] p1a: Ninetales
|move|p2a: Ninetales|Draining Kiss|p1a: Ninetales
|-resisted|p1a: Ninetales
|-damage|p1a: Ninetales|75/100
|-heal|p2a: Ninetales|51/100|[from] drain|[of] p1a: Ninetales
|
|-weather|SunnyDay|[upkeep]
|upkeep
|turn|18
|
|t:|1758349189
|switch|p2a: Hydreigon|Hydreigon, M, shiny|81/100
|move|p1a: Ninetales|Overheat|p2a: Hydreigon
|-resisted|p2a: Hydreigon
|-crit|p2a: Hydreigon
|-damage|p2a: Hydreigon|18/100
|-unboost|p1a: Ninetales|spa|2
|
|-weather|SunnyDay|[upkeep]
|upkeep
|turn|19
|
|t:|1758349218
|move|p1a: Ninetales|Overheat|p2a: Hydreigon
|-resisted|p2a: Hydreigon
|-damage|p2a: Hydreigon|0 fnt
|-unboost|p1a: Ninetales|spa|2
|faint|p2a: Hydreigon
|
|-weather|SunnyDay|[upkeep]
|upkeep
|
|t:|1758349226
|switch|p2a: Ninetales|Ninetales-Alola, F, shiny|51/100
|-weather|Snowscape|[from] ability: Snow Warning|[of] p2a: Ninetales
|turn|20
|
|t:|1758349232
|switch|p1a: Kingambit|Kingambit, M|100/100
|-activate|p1a: Kingambit|ability: Supreme Overlord
|-start|p1a: Kingambit|fallen3|[silent]
|-item|p1a: Kingambit|Air Balloon
|move|p2a: Ninetales|Aurora Veil|p2a: Ninetales
|-sidestart|p2: Ciborg0011|move: Aurora Veil
|
|-weather|Snowscape|[upkeep]
|upkeep
|turn|21
|
|t:|1758349245
|move|p2a: Ninetales|Blizzard|p1a: Kingambit
|-resisted|p1a: Kingambit
|-damage|p1a: Kingambit|75/100
|-status|p1a: Kingambit|frz
|-enditem|p1a: Kingambit|Air Balloon
|cant|p1a: Kingambit|frz
|
|-weather|Snowscape|[upkeep]
|upkeep
|turn|22
|c|☆xithy|ok‎ bro
|
|t:|1758349258
|switch|p2a: Serperior|Serperior, M|100/100
|cant|p1a: Kingambit|frz
|
|-weather|Snowscape|[upkeep]
|upkeep
|turn|23
|
|t:|1758349266
|move|p2a: Serperior|Leaf Storm|p1a: Kingambit
|-resisted|p1a: Kingambit
|-damage|p1a: Kingambit|41/100 frz
|-boost|p2a: Serperior|spa|2
|-damage|p2a: Serperior|91/100|[from] item: Life Orb
|cant|p1a: Kingambit|frz
|
|-weather|Snowscape|[upkeep]
|upkeep
|turn|24
|
|t:|1758349276
|cant|p1a: Kingambit|frz
|move|p2a: Serperior|Leaf Storm|p1a: Kingambit
|-resisted|p1a: Kingambit
|-damage|p1a: Kingambit|0 fnt
|-boost|p2a: Serperior|spa|2
|faint|p1a: Kingambit
|-end|p1a: Kingambit|fallen3|[silent]
|-damage|p2a: Serperior|81/100|[from] item: Life Orb
|
|-weather|none
|upkeep
|
|t:|1758349285
|switch|p1a: Ninetales|Ninetales, M|75/100
|-weather|SunnyDay|[from] ability: Drought|[of] p1a: Ninetales
|turn|25
|
|t:|1758349294
|move|p2a: Serperior|Dragon Pulse|p1a: Ninetales
|-damage|p1a: Ninetales|0 fnt
|faint|p1a: Ninetales
|-damage|p2a: Serperior|71/100|[from] item: Life Orb
|
|-weather|SunnyDay|[upkeep]
|upkeep
|c|☆xithy|this‎ is‎ fun
|
|t:|1758349301
|switch|p1a: Walking Wake|Walking Wake|72/100
|-activate|p1a: Walking Wake|ability: Protosynthesis
|-start|p1a: Walking Wake|protosynthesisspe
|turn|26
|
|t:|1758349306
|move|p1a: Walking Wake|Weather Ball|p2a: Serperior
|-supereffective|p2a: Serperior
|-damage|p2a: Serperior|0 fnt
|faint|p2a: Serperior
|
|-weather|SunnyDay|[upkeep]
|upkeep
|
|t:|1758349314
|switch|p2a: Ninetales|Ninetales-Alola, F, shiny|51/100
|-weather|Snowscape|[from] ability: Snow Warning|[of] p2a: Ninetales
|-end|p1a: Walking Wake|Protosynthesis
|turn|27
|
|t:|1758349323
|-terastallize|p1a: Walking Wake|Stellar
|move|p1a: Walking Wake|Hydro Steam|p2a: Ninetales
|-damage|p2a: Ninetales|23/100
|move|p2a: Ninetales|Blizzard|p1a: Walking Wake
|-damage|p1a: Walking Wake|19/100
|
|-weather|Snowscape|[upkeep]
|-sideend|p2: Ciborg0011|move: Aurora Veil
|upkeep
|turn|28
|
|t:|1758349335
|-terastallize|p2a: Ninetales|Fairy
|move|p1a: Walking Wake|Hydro Steam|p2a: Ninetales
|-damage|p2a: Ninetales|0 fnt
|faint|p2a: Ninetales
|
|win|xithy
|raw|xithy's rating: 1185 &rarr; <strong>1206</strong><br />(+21 for winning)
|raw|Ciborg0011's rating: 1135 &rarr; <strong>1114</strong><br />(-21 for losing)
|l|☆Ciborg0011
|player|p2|
|l|☆xithy
|player|p1|
