|j|☆JocularMango
|j|☆thqrun
|t:|1758252410
|gametype|singles
|player|p1|JocularMango|101|1453
|player|p2|thqrun|2|1446
|gen|9
|tier|[Gen 9] OU
|rated|
|rule|HP Percentage Mod: HP is shown in percentages
|rule|Endless Battle Clause: Forcing endless battles is banned
|rule|Species Clause: Limit one of each Pokémon
|rule|OHKO Clause: OHKO moves are banned
|rule|Evasion Items Clause: Evasion items are banned
|rule|Evasion Moves Clause: Evasion moves are banned
|rule|Evasion Abilities Clause: Evasion abilities are banned
|rule|Sleep Moves Clause: Sleep-inducing moves are banned
|clearpoke
|poke|p1|Ting-Lu|
|poke|p1|Pelipper, M|
|poke|p1|Tornadus-Therian, M|
|poke|p1|Raging Bolt|
|poke|p1|Slowking-Galar, M|
|poke|p1|Barraskewda, M|
|poke|p2|Gliscor, F|
|poke|p2|Bronzong|
|poke|p2|Blissey, F|
|poke|p2|Dondozo, F|
|poke|p2|Alomomola, F|
|poke|p2|Amoonguss, F|
|teampreview
|inactive|Battle timer is ON: inactive players will automatically lose when time's up. (requested by thqrun)
|
|t:|1758252423
|teamsize|p1|6
|teamsize|p2|6
|start
|switch|p1a: Pelipper|Pelipper, M|100/100
|switch|p2a: Bronzong|Bronzong|100/100
|-weather|RainDance|[from] ability: Drizzle|[of] p1a: Pelipper
|turn|1
|
|t:|1758252430
|move|p1a: Pelipper|Knock Off|p2a: Bronzong
|-supereffective|p2a: Bronzong
|-damage|p2a: Bronzong|80/100
|-enditem|p2a: Bronzong|Leftovers|[from] move: Knock Off|[of] p1a: Pelipper
|move|p2a: Bronzong|Stealth Rock|p1a: Pelipper
|-sidestart|p1: JocularMango|move: Stealth Rock
|
|-weather|RainDance|[upkeep]
|upkeep
|turn|2
|
|t:|1758252438
|move|p1a: Pelipper|U-turn|p2a: Bronzong
|-damage|p2a: Bronzong|73/100
|
|t:|1758252441
|switch|p1a: Ting-Lu|Ting-Lu|100/100|[from] U-turn
|-damage|p1a: Ting-Lu|94/100|[from] Stealth Rock
|-ability|p1a: Ting-Lu|Vessel of Ruin
|move|p2a: Bronzong|Psychic Noise|p1a: Ting-Lu
|-immune|p1a: Ting-Lu
|
|-weather|RainDance|[upkeep]
|-heal|p1a: Ting-Lu|100/100|[from] item: Leftovers
|upkeep
|turn|3
|
|t:|1758252453
|switch|p2a: Gliscor|Gliscor, F|100/100
|move|p1a: Ting-Lu|Spikes|p2a: Gliscor
|-sidestart|p2: thqrun|Spikes
|
|-weather|RainDance|[upkeep]
|-status|p2a: Gliscor|tox|[from] item: Toxic Orb
|upkeep
|turn|4
|
|t:|1758252461
|switch|p1a: Barraskewda|Barraskewda, M|100/100
|-damage|p1a: Barraskewda|88/100|[from] Stealth Rock
|move|p2a: Gliscor|Knock Off|p1a: Barraskewda
|-damage|p1a: Barraskewda|47/100
|-enditem|p1a: Barraskewda|Choice Band|[from] move: Knock Off|[of] p2a: Gliscor
|
|-weather|RainDance|[upkeep]
|upkeep
|turn|5
|
|t:|1758252470
|move|p2a: Gliscor|Protect|p2a: Gliscor
|-singleturn|p2a: Gliscor|Protect
|move|p1a: Barraskewda|Flip Turn|p2a: Gliscor
|-activate|p2a: Gliscor|move: Protect
|
|-weather|RainDance|[upkeep]
|upkeep
|turn|6
|
|t:|1758252479
|switch|p2a: Alomomola|Alomomola, F|100/100
|move|p1a: Barraskewda|Flip Turn|p2a: Alomomola
|-resisted|p2a: Alomomola
|-damage|p2a: Alomomola|87/100
|
|t:|1758252484
|switch|p1a: Slowking|Slowking-Galar, M|100/100|[from] Flip Turn
|-damage|p1a: Slowking|88/100|[from] Stealth Rock
|
|-weather|RainDance|[upkeep]
|upkeep
|turn|7
|
|t:|1758252490
|move|p2a: Alomomola|Flip Turn|p1a: Slowking
|-damage|p1a: Slowking|63/100
|
|t:|1758252493
|switch|p2a: Gliscor|Gliscor, F|100/100 tox|[from] Flip Turn
|move|p1a: Slowking|Trick|p2a: Gliscor
|-activate|p1a: Slowking|move: Trick|[of] p2a: Gliscor
|-item|p2a: Gliscor|Choice Specs|[from] move: Trick
|-item|p1a: Slowking|Toxic Orb|[from] move: Trick
|
|-weather|RainDance|[upkeep]
|upkeep
|turn|8
|
|t:|1758252505
|switch|p1a: Tornadus|Tornadus-Therian, M|100/100
|move|p2a: Gliscor|Spikes|p1a: Tornadus
|-sidestart|p1: JocularMango|Spikes
|
|-weather|none
|upkeep
|turn|9
|
|t:|1758252513
|move|p1a: Tornadus|Nasty Plot|p1a: Tornadus
|-boost|p1a: Tornadus|spa|2
|move|p2a: Gliscor|Spikes|p1a: Tornadus
|-sidestart|p1: JocularMango|Spikes
|
|upkeep
|turn|10
|
|t:|1758252519
|switch|p2a: Blissey|Blissey, F|100/100
|move|p1a: Tornadus|U-turn|p2a: Blissey
|-damage|p2a: Blissey|86/100
|
|t:|1758252533
|switch|p1a: Pelipper|Pelipper, M|100/100|[from] U-turn
|-damage|p1a: Pelipper|76/100|[from] Stealth Rock
|-weather|RainDance|[from] ability: Drizzle|[of] p1a: Pelipper
|
|-weather|RainDance|[upkeep]
|upkeep
|turn|11
|
|t:|1758252541
|switch|p2a: Gliscor|Gliscor, F|100/100 tox
|move|p1a: Pelipper|Knock Off|p2a: Gliscor
|-damage|p2a: Gliscor|90/100 tox
|-enditem|p2a: Gliscor|Choice Specs|[from] move: Knock Off|[of] p1a: Pelipper
|
|-weather|RainDance|[upkeep]
|-heal|p2a: Gliscor|100/100 tox|[from] ability: Poison Heal
|upkeep
|turn|12
|-message|JocularMango forfeited.
|
|win|thqrun
|raw|JocularMango's rating: 1453 &rarr; <strong>1433</strong><br />(-20 for losing)
|raw|thqrun's rating: 1446 &rarr; <strong>1466</strong><br />(+20 for winning)
|l|☆JocularMango
|player|p1|
|l|☆thqrun
|player|p2|
