|j|☆LorySobby10
|j|☆LousiV
|t:|1758325674
|gametype|singles
|player|p1|LorySobby10|elio|1066
|player|p2|LousiV|2|1111
|gen|9
|tier|[Gen 9] OU
|rated|
|rule|HP Percentage Mod: HP is shown in percentages
|rule|Endless Battle Clause: Forcing endless battles is banned
|rule|Species Clause: Limit one of each Pokémon
|rule|OHKO Clause: OHKO moves are banned
|rule|Evasion Items Clause: Evasion items are banned
|rule|Evasion Moves Clause: Evasion moves are banned
|rule|Evasion Abilities Clause: Evasion abilities are banned
|rule|Sleep Moves Clause: Sleep-inducing moves are banned
|clearpoke
|poke|p1|Pelipper, F|
|poke|p1|Hatterene, F|
|poke|p1|Iron Treads|
|poke|p1|Toxicroak, F|
|poke|p1|Barraskewda, F|
|poke|p1|Zapdos|
|poke|p2|Staraptor, F|
|poke|p2|Cetitan, M|
|poke|p2|Azumarill, M|
|poke|p2|Abomasnow, F|
|poke|p2|Sandslash-Alola, F|
|poke|p2|Slowking, F|
|teampreview
|inactive|Battle timer is ON: inactive players will automatically lose when time's up. (requested by LousiV)
|
|t:|1758325683
|teamsize|p1|6
|teamsize|p2|6
|start
|switch|p1a: Pelipper|Pelipper, F|100/100
|switch|p2a: Abomasnow|Abomasnow, F|100/100
|-weather|Snowscape|[from] ability: Snow Warning|[of] p2a: Abomasnow
|-weather|RainDance|[from] ability: Drizzle|[of] p1a: Pelipper
|turn|1
|
|t:|1758325697
|switch|p2a: Slowking|Slowking, F|100/100
|move|p1a: Pelipper|Hurricane|p2a: Slowking
|-damage|p2a: Slowking|80/100
|
|-weather|RainDance|[upkeep]
|-heal|p2a: Slowking|87/100|[from] item: Leftovers
|upkeep
|turn|2
|
|t:|1758325700
|move|p1a: Pelipper|Knock Off|p2a: Slowking
|-supereffective|p2a: Slowking
|-damage|p2a: Slowking|60/100
|-enditem|p2a: Slowking|Leftovers|[from] move: Knock Off|[of] p1a: Pelipper
|move|p2a: Slowking|Future Sight|p1a: Pelipper
|-start|p2a: Slowking|move: Future Sight
|
|-weather|RainDance|[upkeep]
|upkeep
|turn|3
|
|t:|1758325708
|move|p1a: Pelipper|U-turn|p2a: Slowking
|-supereffective|p2a: Slowking
|-damage|p2a: Slowking|40/100
|
|t:|1758325717
|switch|p1a: Hatterene|Hatterene, F|100/100|[from] U-turn
|-prepare|p2a: Slowking|Chilly Reception|[premajor]
|move|p2a: Slowking|Chilly Reception|p2a: Slowking
|-weather|Snowscape
|
|t:|1758325727
|switch|p2a: Sandslash|Sandslash-Alola, F|100/100|[from] Chilly Reception
|
|-weather|Snowscape|[upkeep]
|upkeep
|turn|4
|
|t:|1758325733
|move|p2a: Sandslash|Iron Head|p1a: Hatterene
|-supereffective|p1a: Hatterene
|-damage|p1a: Hatterene|34/100
|-enditem|p1a: Hatterene|Eject Button
|
|t:|1758325745
|switch|p1a: Pelipper|Pelipper, F|100/100
|-weather|RainDance|[from] ability: Drizzle|[of] p1a: Pelipper
|
|-weather|RainDance|[upkeep]
|-end|p1a: Pelipper|move: Future Sight
|-damage|p1a: Pelipper|59/100
|upkeep
|turn|5
|
|t:|1758325757
|switch|p2a: Abomasnow|Abomasnow, F|100/100
|-weather|Snowscape|[from] ability: Snow Warning|[of] p2a: Abomasnow
|switch|p1a: Hatterene|Hatterene, F|34/100
|
|-weather|Snowscape|[upkeep]
|upkeep
|turn|6
|
|t:|1758325764
|move|p2a: Abomasnow|Earth Power|p1a: Hatterene
|-damage|p1a: Hatterene|12/100
|move|p1a: Hatterene|Draining Kiss|p2a: Abomasnow
|-damage|p2a: Abomasnow|86/100
|-heal|p1a: Hatterene|25/100|[from] drain|[of] p2a: Abomasnow
|
|-weather|Snowscape|[upkeep]
|upkeep
|turn|7
|
|t:|1758325779
|move|p2a: Abomasnow|Leaf Storm|p1a: Hatterene
|-damage|p1a: Hatterene|0 fnt
|-unboost|p2a: Abomasnow|spa|2
|faint|p1a: Hatterene
|
|-weather|Snowscape|[upkeep]
|upkeep
|
|t:|1758325787
|switch|p1a: Zapdos|Zapdos|100/100
|turn|8
|
|t:|1758325791
|switch|p2a: Sandslash|Sandslash-Alola, F|100/100
|move|p1a: Zapdos|Weather Ball|p2a: Sandslash
|-resisted|p2a: Sandslash
|-crit|p2a: Sandslash
|-damage|p2a: Sandslash|73/100
|
|-weather|Snowscape|[upkeep]
|-heal|p2a: Sandslash|79/100|[from] item: Leftovers
|upkeep
|turn|9
|
|t:|1758325800
|switch|p1a: Pelipper|Pelipper, F|59/100
|-weather|RainDance|[from] ability: Drizzle|[of] p1a: Pelipper
|move|p2a: Sandslash|Iron Head|p1a: Pelipper
|-resisted|p1a: Pelipper
|-damage|p1a: Pelipper|39/100
|
|-weather|RainDance|[upkeep]
|-heal|p2a: Sandslash|86/100|[from] item: Leftovers
|upkeep
|turn|10
|
|t:|1758325807
|move|p2a: Sandslash|Swords Dance|p2a: Sandslash
|-boost|p2a: Sandslash|atk|2
|move|p1a: Pelipper|Knock Off|p2a: Sandslash
|-damage|p2a: Sandslash|74/100
|-enditem|p2a: Sandslash|Leftovers|[from] move: Knock Off|[of] p1a: Pelipper
|
|-weather|RainDance|[upkeep]
|upkeep
|turn|11
|
|t:|1758325814
|move|p2a: Sandslash|Rapid Spin|p1a: Pelipper
|-damage|p1a: Pelipper|6/100
|-boost|p2a: Sandslash|spe|1
|move|p1a: Pelipper|Roost|p1a: Pelipper
|-heal|p1a: Pelipper|56/100
|-singleturn|p1a: Pelipper|move: Roost
|
|-weather|RainDance|[upkeep]
|upkeep
|turn|12
|
|t:|1758325818
|move|p2a: Sandslash|Rapid Spin|p1a: Pelipper
|-damage|p1a: Pelipper|22/100
|-boost|p2a: Sandslash|spe|1
|move|p1a: Pelipper|U-turn|p2a: Sandslash
|-resisted|p2a: Sandslash
|-damage|p2a: Sandslash|71/100
|
|t:|1758325822
|switch|p1a: Barraskewda|Barraskewda, F|100/100|[from] U-turn
|
|-weather|RainDance|[upkeep]
|upkeep
|turn|13
|
|t:|1758325832
|move|p1a: Barraskewda|Close Combat|p2a: Sandslash
|-supereffective|p2a: Sandslash
|-damage|p2a: Sandslash|0 fnt
|-unboost|p1a: Barraskewda|def|1
|-unboost|p1a: Barraskewda|spd|1
|faint|p2a: Sandslash
|
|-weather|RainDance|[upkeep]
|upkeep
|
|t:|1758325839
|switch|p2a: Slowking|Slowking, F|73/100
|turn|14
|
|t:|1758325848
|switch|p1a: Pelipper|Pelipper, F|22/100
|move|p2a: Slowking|Future Sight|p1a: Pelipper
|-start|p2a: Slowking|move: Future Sight
|
|-weather|RainDance|[upkeep]
|upkeep
|turn|15
|
|t:|1758325854
|move|p1a: Pelipper|U-turn|p2a: Slowking
|-supereffective|p2a: Slowking
|-damage|p2a: Slowking|53/100
|
|t:|1758325857
|switch|p1a: Zapdos|Zapdos|100/100|[from] U-turn
|-prepare|p2a: Slowking|Chilly Reception|[premajor]
|move|p2a: Slowking|Chilly Reception|p2a: Slowking
|-weather|Snowscape
|
|t:|1758325865
|switch|p2a: Cetitan|Cetitan, M|100/100|[from] Chilly Reception
|
|-weather|Snowscape|[upkeep]
|upkeep
|turn|16
|
|t:|1758325872
|switch|p1a: Iron Treads|Iron Treads|100/100
|move|p2a: Cetitan|Icicle Crash|p1a: Iron Treads
|-damage|p1a: Iron Treads|40/100
|
|-weather|Snowscape|[upkeep]
|-end|p1a: Iron Treads|move: Future Sight
|-resisted|p1a: Iron Treads
|-damage|p1a: Iron Treads|22/100
|-heal|p1a: Iron Treads|28/100|[from] item: Leftovers
|upkeep
|turn|17
|
|t:|1758325880
|move|p2a: Cetitan|Ice Shard|p1a: Iron Treads
|-damage|p1a: Iron Treads|9/100
|-damage|p2a: Cetitan|91/100|[from] item: Life Orb
|move|p1a: Iron Treads|Stealth Rock|p2a: Cetitan
|-sidestart|p2: LousiV|move: Stealth Rock
|
|-weather|Snowscape|[upkeep]
|-heal|p1a: Iron Treads|15/100|[from] item: Leftovers
|upkeep
|turn|18
|
|t:|1758325887
|move|p1a: Iron Treads|Earthquake|p2a: Cetitan
|-damage|p2a: Cetitan|69/100
|move|p2a: Cetitan|Liquidation|p1a: Iron Treads
|-supereffective|p1a: Iron Treads
|-damage|p1a: Iron Treads|0 fnt
|faint|p1a: Iron Treads
|-end|p1a: Iron Treads|Quark Drive|[silent]
|
|-weather|Snowscape|[upkeep]
|upkeep
|
|t:|1758325894
|switch|p1a: Toxicroak|Toxicroak, F|100/100
|turn|19
|
|t:|1758325898
|move|p1a: Toxicroak|Encore|p2a: Cetitan
|-start|p2a: Cetitan|Encore
|move|p2a: Cetitan|Liquidation|p1a: Toxicroak
|-immune|p1a: Toxicroak|[from] ability: Dry Skin
|
|-weather|none
|upkeep
|turn|20
|
|t:|1758325909
|switch|p2a: Abomasnow|Abomasnow, F|86/100
|-damage|p2a: Abomasnow|62/100|[from] Stealth Rock
|-weather|Snowscape|[from] ability: Snow Warning|[of] p2a: Abomasnow
|move|p1a: Toxicroak|Toxic|p2a: Abomasnow
|-status|p2a: Abomasnow|tox
|
|-weather|Snowscape|[upkeep]
|-damage|p2a: Abomasnow|56/100 tox|[from] psn
|upkeep
|turn|21
|
|t:|1758325920
|move|p1a: Toxicroak|Drain Punch|p2a: Abomasnow
|-supereffective|p2a: Abomasnow
|-damage|p2a: Abomasnow|15/100 tox
|move|p2a: Abomasnow|Earth Power|p1a: Toxicroak
|-supereffective|p1a: Toxicroak
|-damage|p1a: Toxicroak|51/100
|
|-weather|Snowscape|[upkeep]
|-damage|p2a: Abomasnow|3/100 tox|[from] psn
|upkeep
|turn|22
|
|t:|1758325926
|move|p1a: Toxicroak|Knock Off|p2a: Abomasnow
|-damage|p2a: Abomasnow|0 fnt
|-enditem|p2a: Abomasnow|Assault Vest|[from] move: Knock Off|[of] p1a: Toxicroak
|faint|p2a: Abomasnow
|
|-weather|Snowscape|[upkeep]
|upkeep
|
|t:|1758325929
|switch|p2a: Staraptor|Staraptor, F|100/100
|-damage|p2a: Staraptor|76/100|[from] Stealth Rock
|turn|23
|
|t:|1758325938
|switch|p1a: Pelipper|Pelipper, F|22/100
|-weather|RainDance|[from] ability: Drizzle|[of] p1a: Pelipper
|move|p2a: Staraptor|Brave Bird|p1a: Pelipper
|-damage|p1a: Pelipper|0 fnt
|faint|p1a: Pelipper
|-damage|p2a: Staraptor|68/100|[from] Recoil
|
|-weather|RainDance|[upkeep]
|upkeep
|
|t:|1758325948
|switch|p1a: Barraskewda|Barraskewda, F|100/100
|turn|24
|
|t:|1758325955
|switch|p2a: Azumarill|Azumarill, M|100/100
|-damage|p2a: Azumarill|88/100|[from] Stealth Rock
|move|p1a: Barraskewda|Flip Turn|p2a: Azumarill
|-resisted|p2a: Azumarill
|-damage|p2a: Azumarill|48/100
|
|t:|1758325963
|switch|p1a: Zapdos|Zapdos|100/100|[from] Flip Turn
|
|-weather|RainDance|[upkeep]
|upkeep
|turn|25
|
|t:|1758325976
|move|p2a: Azumarill|Aqua Jet|p1a: Zapdos
|-damage|p1a: Zapdos|56/100
|move|p1a: Zapdos|Thunder|p2a: Azumarill
|-supereffective|p2a: Azumarill
|-damage|p2a: Azumarill|0 fnt
|faint|p2a: Azumarill
|
|-weather|RainDance|[upkeep]
|upkeep
|
|t:|1758325989
|switch|p2a: Staraptor|Staraptor, F|68/100
|-damage|p2a: Staraptor|44/100|[from] Stealth Rock
|turn|26
|
|t:|1758325994
|move|p1a: Zapdos|Thunder|p2a: Staraptor
|-supereffective|p2a: Staraptor
|-damage|p2a: Staraptor|0 fnt
|faint|p2a: Staraptor
|
|-weather|RainDance|[upkeep]
|upkeep
|
|t:|1758325997
|switch|p2a: Cetitan|Cetitan, M|69/100
|-damage|p2a: Cetitan|44/100|[from] Stealth Rock
|turn|27
|
|t:|1758325999
|move|p2a: Cetitan|Ice Shard|p1a: Zapdos
|-supereffective|p1a: Zapdos
|-damage|p1a: Zapdos|0 fnt
|faint|p1a: Zapdos
|-damage|p2a: Cetitan|34/100|[from] item: Life Orb
|
|-weather|RainDance|[upkeep]
|upkeep
|
|t:|1758326010
|switch|p1a: Toxicroak|Toxicroak, F|51/100
|turn|28
|
|t:|1758326017
|move|p1a: Toxicroak|Drain Punch|p2a: Cetitan
|-supereffective|p2a: Cetitan
|-damage|p2a: Cetitan|0 fnt
|-heal|p1a: Toxicroak|75/100|[from] drain|[of] p2a: Cetitan
|faint|p2a: Cetitan
|
|-weather|RainDance|[upkeep]
|-heal|p1a: Toxicroak|88/100|[from] ability: Dry Skin
|upkeep
|
|t:|1758326020
|switch|p2a: Slowking|Slowking, F|87/100
|-damage|p2a: Slowking|74/100|[from] Stealth Rock
|turn|29
|
|t:|1758326025
|move|p1a: Toxicroak|Toxic|p2a: Slowking
|-status|p2a: Slowking|tox
|move|p2a: Slowking|Future Sight|p1a: Toxicroak
|-start|p2a: Slowking|move: Future Sight
|
|-weather|RainDance|[upkeep]
|-heal|p1a: Toxicroak|99/100|[from] ability: Dry Skin
|-damage|p2a: Slowking|68/100 tox|[from] psn
|upkeep
|turn|30
|
|t:|1758326031
|move|p1a: Toxicroak|Encore|p2a: Slowking
|-start|p2a: Slowking|Encore
|move|p2a: Slowking|Future Sight||[still]
|-fail|p2a: Slowking
|
|-weather|none
|-damage|p2a: Slowking|56/100 tox|[from] psn
|upkeep
|turn|31
|
|t:|1758326042
|move|p1a: Toxicroak|Knock Off|p2a: Slowking
|-supereffective|p2a: Slowking
|-damage|p2a: Slowking|23/100 tox
|move|p2a: Slowking|Future Sight||[still]
|-fail|p2a: Slowking
|
|-end|p1a: Toxicroak|move: Future Sight
|-supereffective|p1a: Toxicroak
|-damage|p1a: Toxicroak|0 fnt
|faint|p1a: Toxicroak
|-damage|p2a: Slowking|5/100 tox|[from] psn
|upkeep
|
|t:|1758326044
|switch|p1a: Barraskewda|Barraskewda, F|100/100
|turn|32
|
|t:|1758326046
|-terastallize|p1a: Barraskewda|Water
|move|p1a: Barraskewda|Liquidation|p2a: Slowking
|-resisted|p2a: Slowking
|-damage|p2a: Slowking|0 fnt
|faint|p2a: Slowking
|
|win|LorySobby10
|raw|LorySobby10's rating: 1066 &rarr; <strong>1100</strong><br />(+34 for winning)
|raw|LousiV's rating: 1111 &rarr; <strong>1083</strong><br />(-28 for losing)
|l|☆LousiV
|player|p2|
