|j|☆ho_learner
|j|☆Obito 2001
|t:|1758361124
|gametype|singles
|player|p1|ho_learner|170|1721
|player|p2|Obito 2001|blue-gen3two|1742
|gen|9
|tier|[Gen 9] OU
|rated|
|rule|HP Percentage Mod: HP is shown in percentages
|rule|Endless Battle Clause: Forcing endless battles is banned
|rule|Species Clause: Limit one of each Pokémon
|rule|OHKO Clause: OHKO moves are banned
|rule|Evasion Items Clause: Evasion items are banned
|rule|Evasion Moves Clause: Evasion moves are banned
|rule|Evasion Abilities Clause: Evasion abilities are banned
|rule|Sleep Moves Clause: Sleep-inducing moves are banned
|clearpoke
|poke|p1|Great Tusk|
|poke|p1|Araquanid, M|
|poke|p1|Iron Moth|
|poke|p1|Gholdengo|
|poke|p1|Dragonite, F|
|poke|p1|Ogerpon-Cornerstone, F|
|poke|p2|Masquerain, F|
|poke|p2|Arcanine-Hisui, M|
|poke|p2|Cinderace, F|
|poke|p2|Enamorus, F|
|poke|p2|Great Tusk|
|poke|p2|Gholdengo|
|teampreview
|inactive|Battle timer is ON: inactive players will automatically lose when time's up. (requested by Obito 2001)
|j| Dragonlatios1
|
|t:|1758361151
|teamsize|p1|6
|teamsize|p2|6
|start
|switch|p1a: Ogerpon|Ogerpon-Cornerstone, F|100/100
|switch|p2a: Enamorus|Enamorus, F|100/100
|turn|1
|
|t:|1758361162
|switch|p2a: Mega Donphan|Great Tusk|100/100
|move|p1a: Ogerpon|Ivy Cudgel|p2a: Mega Donphan|[anim] Ivy Cudgel Rock
|-resisted|p2a: Mega Donphan
|-damage|p2a: Mega Donphan|88/100
|
|upkeep
|turn|2
|
|t:|1758361171
|move|p1a: Ogerpon|Power Whip|p2a: Mega Donphan
|-supereffective|p2a: Mega Donphan
|-damage|p2a: Mega Donphan|0 fnt
|faint|p2a: Mega Donphan
|-end|p2a: Mega Donphan|Protosynthesis|[silent]
|
|upkeep
|
|t:|1758361176
|switch|p2a: Masquerain|Masquerain, F|100/100
|-ability|p2a: Masquerain|Intimidate|boost
|-unboost|p1a: Ogerpon|atk|1
|turn|3
|
|t:|1758361183
|move|p1a: Ogerpon|Ivy Cudgel|p2a: Masquerain|[anim] Ivy Cudgel Rock
|-supereffective|p2a: Masquerain
|-enditem|p2a: Masquerain|Focus Sash
|-damage|p2a: Masquerain|1/100
|move|p2a: Masquerain|Bug Buzz|p1a: Ogerpon
|-supereffective|p1a: Ogerpon
|-damage|p1a: Ogerpon|7/100
|
|upkeep
|turn|4
|
|t:|1758361190
|switch|p2a: Gholdengo|Gholdengo|100/100
|move|p1a: Ogerpon|Ivy Cudgel|p2a: Gholdengo|[anim] Ivy Cudgel Rock
|-resisted|p2a: Gholdengo
|-damage|p2a: Gholdengo|77/100
|
|upkeep
|turn|5
|
|t:|1758361218
|move|p1a: Ogerpon|Power Whip|p2a: Gholdengo
|-resisted|p2a: Gholdengo
|-damage|p2a: Gholdengo|48/100
|move|p2a: Gholdengo|Shadow Ball|p1a: Ogerpon
|-damage|p1a: Ogerpon|0 fnt
|faint|p1a: Ogerpon
|
|upkeep
|j| Nikator98
|inactive|ho_learner has 120 seconds left.
|inactive|ho_learner has 90 seconds left.
|
|t:|1758361276
|switch|p1a: Iron Moth|Iron Moth|100/100
|-enditem|p1a: Iron Moth|Booster Energy
|-activate|p1a: Iron Moth|ability: Quark Drive|[fromitem]
|-start|p1a: Iron Moth|quarkdrivespa
|turn|6
|
|t:|1758361288
|switch|p2a: Arcanine|Arcanine-Hisui, M|100/100
|move|p1a: Iron Moth|Fiery Dance|p2a: Arcanine
|-resisted|p2a: Arcanine
|-damage|p2a: Arcanine|81/100
|-boost|p1a: Iron Moth|spa|1
|
|upkeep
|turn|7
|inactive|ho_learner has 90 seconds left.
|
|t:|1758361298
|move|p2a: Arcanine|Extreme Speed|p1a: Iron Moth
|-damage|p1a: Iron Moth|37/100
|move|p1a: Iron Moth|Energy Ball|p2a: Arcanine
|-damage|p2a: Arcanine|0 fnt
|faint|p2a: Arcanine
|
|upkeep
|
|t:|1758361305
|switch|p2a: BunnyGirlSenpai|Cinderace, F|100/100
|turn|8
|
|t:|1758361311
|-end|p1a: Iron Moth|Quark Drive|[silent]
|switch|p1a: Araquanid|Araquanid, M|100/100
|move|p2a: BunnyGirlSenpai|Pyro Ball|p1a: Araquanid
|-damage|p1a: Araquanid|77/100
|
|upkeep
|turn|9
|
|t:|1758361316
|move|p2a: BunnyGirlSenpai|U-turn|p1a: Araquanid
|-damage|p1a: Araquanid|57/100
|
|t:|1758361321
|switch|p2a: Masquerain|Masquerain, F|1/100|[from] U-turn
|-ability|p2a: Masquerain|Intimidate|boost
|-unboost|p1a: Araquanid|atk|1
|move|p1a: Araquanid|Surf|p2a: Masquerain
|-damage|p2a: Masquerain|0 fnt
|faint|p2a: Masquerain
|
|upkeep
|
|t:|1758361327
|switch|p2a: Gholdengo|Gholdengo|48/100
|turn|10
|inactive|ho_learner has 120 seconds left.
|
|t:|1758361349
|move|p2a: Gholdengo|Shadow Ball|p1a: Araquanid
|-damage|p1a: Araquanid|3/100
|move|p1a: Araquanid|Surf|p2a: Gholdengo
|-damage|p2a: Gholdengo|0 fnt
|faint|p2a: Gholdengo
|
|upkeep
|j| IWasBornFaat
|
|t:|1758361360
|switch|p2a: Enamorus|Enamorus, F|100/100
|turn|11
|-enditem|p1a: Araquanid|Custap Berry|[eat]
|-activate|p1a: Araquanid|item: Custap Berry|[consumed]
|
|t:|1758361387
|switch|p2a: BunnyGirlSenpai|Cinderace, F|100/100
|move|p1a: Araquanid|Endeavor|p2a: BunnyGirlSenpai
|-damage|p2a: BunnyGirlSenpai|3/100
|
|upkeep
|turn|12
|
|t:|1758361395
|move|p2a: BunnyGirlSenpai|Pyro Ball|p1a: Araquanid
|-damage|p1a: Araquanid|0 fnt
|faint|p1a: Araquanid
|
|upkeep
|l| Dragonlatios1
|
|t:|1758361403
|switch|p1a: Dragonite|Dragonite, F|100/100
|turn|13
|
|t:|1758361408
|-terastallize|p2a: BunnyGirlSenpai|Ghost
|move|p1a: Dragonite|Extreme Speed|p2a: BunnyGirlSenpai
|-immune|p2a: BunnyGirlSenpai
|move|p2a: BunnyGirlSenpai|Will-O-Wisp|p1a: Dragonite
|-status|p1a: Dragonite|brn
|
|-damage|p1a: Dragonite|94/100 brn|[from] brn
|upkeep
|turn|14
|inactive|ho_learner has 120 seconds left.
|
|t:|1758361420
|move|p2a: BunnyGirlSenpai|U-turn|p1a: Dragonite
|-resisted|p1a: Dragonite
|-damage|p1a: Dragonite|83/100 brn
|
|t:|1758361423
|switch|p2a: Enamorus|Enamorus, F|100/100|[from] U-turn
|move|p1a: Dragonite|Dragon Dance|p1a: Dragonite
|-boost|p1a: Dragonite|atk|1
|-boost|p1a: Dragonite|spe|1
|
|-damage|p1a: Dragonite|77/100 brn|[from] brn
|upkeep
|turn|15
|inactive|ho_learner has 120 seconds left.
|
|t:|1758361444
|-terastallize|p1a: Dragonite|Normal
|move|p1a: Dragonite|Extreme Speed|p2a: Enamorus
|-damage|p2a: Enamorus|47/100
|move|p2a: Enamorus|Moonblast|p1a: Dragonite
|-damage|p1a: Dragonite|20/100 brn
|-unboost|p1a: Dragonite|spa|1
|
|-damage|p1a: Dragonite|14/100 brn|[from] brn
|upkeep
|turn|16
|
|t:|1758361456
|switch|p2a: BunnyGirlSenpai|Cinderace, F, tera:Ghost|3/100
|move|p1a: Dragonite|Fire Punch|p2a: BunnyGirlSenpai
|-damage|p2a: BunnyGirlSenpai|0 fnt
|faint|p2a: BunnyGirlSenpai
|
|-damage|p1a: Dragonite|7/100 brn|[from] brn
|upkeep
|-message|Obito 2001 forfeited.
|
|win|ho_learner
|raw|ho_learner's rating: 1721 &rarr; <strong>1742</strong><br />(+21 for winning)
|raw|Obito 2001's rating: 1742 &rarr; <strong>1721</strong><br />(-21 for losing)
|l|☆Obito 2001
|player|p2|
