|j|☆milk bone enjoyer
|j|☆mansonabuluting
|t:|1758350389
|gametype|singles
|player|p1|milk bone enjoyer|clay|1487
|player|p2|mansonabuluting|bellelba|1544
|gen|9
|tier|[Gen 9] OU
|rated|
|rule|HP Percentage Mod: HP is shown in percentages
|rule|Endless Battle Clause: Forcing endless battles is banned
|rule|Species Clause: Limit one of each Pokémon
|rule|OHKO Clause: OHKO moves are banned
|rule|Evasion Items Clause: Evasion items are banned
|rule|Evasion Moves Clause: Evasion moves are banned
|rule|Evasion Abilities Clause: Evasion abilities are banned
|rule|Sleep Moves Clause: Sleep-inducing moves are banned
|clearpoke
|poke|p1|Landorus-Therian, M|
|poke|p1|Skeledirge, M|
|poke|p1|Skarmory, M|
|poke|p1|Hydrapple, M|
|poke|p1|Samurott-Hisui, M|
|poke|p1|Fezandipiti, M|
|poke|p2|Rillaboom, F|
|poke|p2|Hawlucha, M|
|poke|p2|Thundurus-Therian, M|
|poke|p2|Great Tusk|
|poke|p2|Volcanion|
|poke|p2|Goodra-Hisui, M|
|teampreview
|inactive|Battle timer is ON: inactive players will automatically lose when time's up. (requested by mansonabuluting)
|
|t:|1758350400
|teamsize|p1|6
|teamsize|p2|6
|start
|switch|p1a: Samurott|Samurott-Hisui, M, shiny|100/100
|switch|p2a: Thundurus|Thundurus-Therian, M|100/100
|turn|1
|
|t:|1758350408
|switch|p1a: Landorus|Landorus-Therian, M, shiny|100/100
|-ability|p1a: Landorus|Intimidate|boost
|-unboost|p2a: Thundurus|atk|1
|move|p2a: Thundurus|Volt Switch|p1a: Landorus
|-immune|p1a: Landorus
|
|upkeep
|turn|2
|
|t:|1758350418
|switch|p2a: Great Tusk|Great Tusk|100/100
|move|p1a: Landorus|Stone Edge|p2a: Great Tusk|[miss]
|-miss|p1a: Landorus|p2a: Great Tusk
|
|upkeep
|turn|3
|
|t:|1758350423
|switch|p1a: Skarmory|Skarmory, M, shiny|100/100
|move|p2a: Great Tusk|Stealth Rock|p1a: Skarmory
|-sidestart|p1: milk bone enjoyer|move: Stealth Rock
|
|upkeep
|turn|4
|
|t:|1758350430
|-end|p2a: Great Tusk|Protosynthesis|[silent]
|switch|p2a: Volcanion|Volcanion|100/100
|move|p1a: Skarmory|Stealth Rock|p2a: Volcanion
|-sidestart|p2: mansonabuluting|move: Stealth Rock
|
|upkeep
|turn|5
|
|t:|1758350438
|switch|p1a: Fezandipiti|Fezandipiti, M|100/100
|move|p2a: Volcanion|Overheat|p1a: Fezandipiti
|-damage|p1a: Fezandipiti|34/100
|-unboost|p2a: Volcanion|spa|2
|
|upkeep
|turn|6
|
|t:|1758350447
|move|p1a: Fezandipiti|Roost|p1a: Fezandipiti
|-heal|p1a: Fezandipiti|84/100
|-singleturn|p1a: Fezandipiti|move: Roost
|move|p2a: Volcanion|Overheat|p1a: Fezandipiti
|-damage|p1a: Fezandipiti|52/100
|-unboost|p2a: Volcanion|spa|2
|
|upkeep
|turn|7
|inactive|mansonabuluting has 120 seconds left.
|
|t:|1758350490
|switch|p2a: Great Tusk|Great Tusk|100/100
|-damage|p2a: Great Tusk|97/100|[from] Stealth Rock
|move|p1a: Fezandipiti|Roost|p1a: Fezandipiti
|-heal|p1a: Fezandipiti|100/100
|-singleturn|p1a: Fezandipiti|move: Roost
|
|upkeep
|turn|8
|
|t:|1758350502
|switch|p1a: Skeledirge|Skeledirge, M, shiny|100/100
|move|p2a: Great Tusk|Rapid Spin|p1a: Skeledirge
|-immune|p1a: Skeledirge
|
|upkeep
|turn|9
|
|t:|1758350511
|move|p2a: Great Tusk|Headlong Rush|p1a: Skeledirge
|-supereffective|p1a: Skeledirge
|-damage|p1a: Skeledirge|28/100
|-unboost|p2a: Great Tusk|def|1
|-unboost|p2a: Great Tusk|spd|1
|move|p1a: Skeledirge|Torch Song|p2a: Great Tusk
|-damage|p2a: Great Tusk|60/100
|-boost|p1a: Skeledirge|spa|1
|
|upkeep
|turn|10
|
|t:|1758350523
|switch|p1a: Landorus|Landorus-Therian, M, shiny|100/100
|-damage|p1a: Landorus|88/100|[from] Stealth Rock
|-ability|p1a: Landorus|Intimidate|boost
|-unboost|p2a: Great Tusk|atk|1
|move|p2a: Great Tusk|Headlong Rush|p1a: Landorus
|-immune|p1a: Landorus
|
|upkeep
|turn|11
|
|t:|1758350536
|-end|p2a: Great Tusk|Protosynthesis|[silent]
|switch|p2a: Thundurus|Thundurus-Therian, M|100/100
|-damage|p2a: Thundurus|76/100|[from] Stealth Rock
|move|p1a: Landorus|Grass Knot|p2a: Thundurus
|-resisted|p2a: Thundurus
|-damage|p2a: Thundurus|63/100
|
|upkeep
|turn|12
|
|t:|1758350546
|switch|p1a: Leviatan|Hydrapple, M, shiny|100/100
|switch|p2a: Great Tusk|Great Tusk|60/100
|-damage|p2a: Great Tusk|57/100|[from] Stealth Rock
|
|upkeep
|turn|13
|
|t:|1758350554
|move|p2a: Great Tusk|Ice Spinner|p1a: Leviatan
|-supereffective|p1a: Leviatan
|-damage|p1a: Leviatan|28/100
|move|p1a: Leviatan|Giga Drain|p2a: Great Tusk
|-supereffective|p2a: Great Tusk
|-damage|p2a: Great Tusk|0 fnt
|-heal|p1a: Leviatan|58/100|[from] drain|[of] p2a: Great Tusk
|faint|p2a: Great Tusk
|-end|p2a: Great Tusk|Protosynthesis|[silent]
|
|upkeep
|
|t:|1758350560
|switch|p2a: Goodra|Goodra-Hisui, M|100/100
|-damage|p2a: Goodra|94/100|[from] Stealth Rock
|turn|14
|
|t:|1758350568
|switch|p1a: Fezandipiti|Fezandipiti, M|100/100
|move|p2a: Goodra|Draco Meteor|p1a: Fezandipiti
|-immune|p1a: Fezandipiti
|
|upkeep
|turn|15
|
|t:|1758350575
|move|p1a: Fezandipiti|Calm Mind|p1a: Fezandipiti
|-boost|p1a: Fezandipiti|spa|1
|-boost|p1a: Fezandipiti|spd|1
|move|p2a: Goodra|Flash Cannon|p1a: Fezandipiti
|-supereffective|p1a: Fezandipiti
|-damage|p1a: Fezandipiti|70/100
|
|upkeep
|turn|16
|
|t:|1758350581
|move|p1a: Fezandipiti|Calm Mind|p1a: Fezandipiti
|-boost|p1a: Fezandipiti|spa|1
|-boost|p1a: Fezandipiti|spd|1
|move|p2a: Goodra|Flash Cannon|p1a: Fezandipiti
|-supereffective|p1a: Fezandipiti
|-damage|p1a: Fezandipiti|48/100
|
|upkeep
|turn|17
|
|t:|1758350596
|move|p1a: Fezandipiti|Roost|p1a: Fezandipiti
|-heal|p1a: Fezandipiti|98/100
|-singleturn|p1a: Fezandipiti|move: Roost
|move|p2a: Goodra|Flash Cannon|p1a: Fezandipiti
|-supereffective|p1a: Fezandipiti
|-damage|p1a: Fezandipiti|73/100
|
|upkeep
|turn|18
|
|t:|1758350611
|switch|p2a: Rillaboom|Rillaboom, F|100/100
|-damage|p2a: Rillaboom|88/100|[from] Stealth Rock
|-fieldstart|move: Grassy Terrain|[from] ability: Grassy Surge|[of] p2a: Rillaboom
|move|p1a: Fezandipiti|Moonblast|p2a: Rillaboom
|-damage|p2a: Rillaboom|29/100
|-unboost|p2a: Rillaboom|spa|1
|
|-heal|p1a: Fezandipiti|79/100|[from] Grassy Terrain
|-heal|p2a: Rillaboom|35/100|[from] Grassy Terrain
|upkeep
|turn|19
|
|t:|1758350624
|move|p1a: Fezandipiti|Sludge Bomb|p2a: Rillaboom
|-supereffective|p2a: Rillaboom
|-damage|p2a: Rillaboom|0 fnt
|faint|p2a: Rillaboom
|
|-heal|p1a: Fezandipiti|85/100|[from] Grassy Terrain
|upkeep
|
|t:|1758350634
|switch|p2a: Volcanion|Volcanion|100/100
|-damage|p2a: Volcanion|76/100|[from] Stealth Rock
|turn|20
|
|t:|1758350639
|move|p1a: Fezandipiti|Sludge Bomb|p2a: Volcanion
|-damage|p2a: Volcanion|28/100
|-status|p2a: Volcanion|psn
|move|p2a: Volcanion|Steam Eruption|p1a: Fezandipiti
|-damage|p1a: Fezandipiti|57/100
|
|-heal|p1a: Fezandipiti|63/100|[from] Grassy Terrain
|-heal|p2a: Volcanion|34/100 psn|[from] Grassy Terrain
|-damage|p2a: Volcanion|21/100 psn|[from] psn
|upkeep
|turn|21
|
|t:|1758350649
|move|p1a: Fezandipiti|Sludge Bomb|p2a: Volcanion
|-damage|p2a: Volcanion|0 fnt
|faint|p2a: Volcanion
|
|-heal|p1a: Fezandipiti|69/100|[from] Grassy Terrain
|upkeep
|
|t:|1758350654
|switch|p2a: Hawlucha|Hawlucha, M|100/100
|-damage|p2a: Hawlucha|88/100|[from] Stealth Rock
|-enditem|p2a: Hawlucha|Grassy Seed
|-boost|p2a: Hawlucha|def|1|[from] item: Grassy Seed
|turn|22
|
|t:|1758350659
|-terastallize|p2a: Hawlucha|Steel
|move|p2a: Hawlucha|Swords Dance|p2a: Hawlucha
|-boost|p2a: Hawlucha|atk|2
|move|p1a: Fezandipiti|Moonblast|p2a: Hawlucha
|-resisted|p2a: Hawlucha
|-damage|p2a: Hawlucha|51/100
|
|-heal|p2a: Hawlucha|58/100|[from] Grassy Terrain
|-heal|p1a: Fezandipiti|75/100|[from] Grassy Terrain
|-fieldend|move: Grassy Terrain
|upkeep
|turn|23
|
|t:|1758350667
|switch|p1a: Landorus|Landorus-Therian, M, shiny|88/100
|-damage|p1a: Landorus|76/100|[from] Stealth Rock
|-ability|p1a: Landorus|Intimidate|boost
|-unboost|p2a: Hawlucha|atk|1
|move|p2a: Hawlucha|Acrobatics|p1a: Landorus
|-damage|p1a: Landorus|0 fnt
|faint|p1a: Landorus
|
|upkeep
|
|t:|1758350677
|switch|p1a: Skarmory|Skarmory, M, shiny|100/100
|-damage|p1a: Skarmory|88/100|[from] Stealth Rock
|turn|24
|
|t:|1758350681
|move|p2a: Hawlucha|Swords Dance|p2a: Hawlucha
|-boost|p2a: Hawlucha|atk|2
|move|p1a: Skarmory|Body Press|p2a: Hawlucha
|-supereffective|p2a: Hawlucha
|-damage|p2a: Hawlucha|2/100
|
|upkeep
|turn|25
|
|t:|1758350687
|move|p2a: Hawlucha|Close Combat|p1a: Skarmory
|-damage|p1a: Skarmory|13/100
|-unboost|p2a: Hawlucha|def|1
|-unboost|p2a: Hawlucha|spd|1
|-damage|p2a: Hawlucha|0 fnt|[from] item: Rocky Helmet|[of] p1a: Skarmory
|faint|p2a: Hawlucha
|move|p1a: Skarmory|Body Press|p2: Hawlucha|[notarget]
|-fail|p1a: Skarmory
|
|upkeep
|
|t:|1758350694
|switch|p2a: Goodra|Goodra-Hisui, M|94/100
|-damage|p2a: Goodra|88/100|[from] Stealth Rock
|turn|26
|
|t:|1758350699
|move|p1a: Skarmory|Body Press|p2a: Goodra
|-supereffective|p2a: Goodra
|-damage|p2a: Goodra|22/100
|-ability|p2a: Goodra|Gooey
|-unboost|p1a: Skarmory|spe|1
|move|p2a: Goodra|Flamethrower|p1a: Skarmory
|-supereffective|p1a: Skarmory
|-damage|p1a: Skarmory|0 fnt
|faint|p1a: Skarmory
|
|upkeep
|
|t:|1758350712
|switch|p1a: Skeledirge|Skeledirge, M, shiny|28/100
|turn|27
|
|t:|1758350716
|move|p1a: Skeledirge|Torch Song|p2a: Goodra
|-damage|p2a: Goodra|9/100
|-boost|p1a: Skeledirge|spa|1
|move|p2a: Goodra|Surf|p1a: Skeledirge
|-supereffective|p1a: Skeledirge
|-damage|p1a: Skeledirge|0 fnt
|faint|p1a: Skeledirge
|
|upkeep
|
|t:|1758350724
|switch|p1a: Samurott|Samurott-Hisui, M, shiny|100/100
|turn|28
|
|t:|1758350728
|move|p1a: Samurott|Flip Turn|p2a: Goodra
|-resisted|p2a: Goodra
|-damage|p2a: Goodra|0 fnt
|-ability|p2a: Goodra|Gooey
|-unboost|p1a: Samurott|spe|1
|faint|p2a: Goodra
|l|☆mansonabuluting
|inactive|mansonabuluting disconnected and has a minute to reconnect!
|player|p2|
|
|t:|1758350737
|switch|p1a: Leviatan|Hydrapple, M, shiny|91/100|[from] Flip Turn
|
|upkeep
|inactive|mansonabuluting has 30 seconds to reconnect!
|inactive|mansonabuluting has 20 seconds to reconnect!
|inactive|mansonabuluting has 15 seconds to reconnect!
|inactive|mansonabuluting has 10 seconds to reconnect!
|inactive|mansonabuluting has 5 seconds to reconnect!
|-message|mansonabuluting lost due to inactivity.
|
|win|milk bone enjoyer
|raw|milk bone enjoyer's rating: 1487 &rarr; <strong>1510</strong><br />(+23 for winning)
|raw|mansonabuluting's rating: 1544 &rarr; <strong>1521</strong><br />(-23 for losing)
|j| OREND BY
|l| OREND BY
|l|☆milk bone enjoyer
|player|p1|
