|j|☆ii el bunneh ii
|j|☆vanzman74
|t:|1758256603
|gametype|singles
|player|p1|ii el bunneh ii|2|1231
|player|p2|vanzman74|1|1233
|gen|9
|tier|[Gen 9] OU
|rated|
|rule|HP Percentage Mod: HP is shown in percentages
|rule|Endless Battle Clause: Forcing endless battles is banned
|rule|Species Clause: Limit one of each Pokémon
|rule|OHKO Clause: OHKO moves are banned
|rule|Evasion Items Clause: Evasion items are banned
|rule|Evasion Moves Clause: Evasion moves are banned
|rule|Evasion Abilities Clause: Evasion abilities are banned
|rule|Sleep Moves Clause: Sleep-inducing moves are banned
|clearpoke
|poke|p1|Deoxys-Speed|
|poke|p1|Grimmsnarl, M|
|poke|p1|Alcremie, F|
|poke|p1|Klefki, F|
|poke|p1|Ogerpon-Wellspring, F|
|poke|p1|Kyurem|
|poke|p2|Darkrai|
|poke|p2|Landorus-Therian, M|
|poke|p2|Slowking-Galar, F|
|poke|p2|Noivern, M|
|poke|p2|Scizor, F|
|poke|p2|Ceruledge, M|
|teampreview
|inactive|Battle timer is ON: inactive players will automatically lose when time's up. (requested by vanzman74)
|
|t:|1758256608
|teamsize|p1|6
|teamsize|p2|6
|start
|switch|p1a: Deoxys|Deoxys-Speed|100/100
|switch|p2a: Landorus|Landorus-Therian, M|100/100
|-ability|p1a: Deoxys|Pressure
|-ability|p2a: Landorus|Intimidate|boost
|-unboost|p1a: Deoxys|atk|1
|turn|1
|
|t:|1758256612
|switch|p2a: Slowking|Slowking-Galar, F|100/100
|move|p1a: Deoxys|Reflect|p1a: Deoxys
|-sidestart|p1: ii el bunneh ii|Reflect
|
|upkeep
|turn|2
|
|t:|1758256620
|move|p1a: Deoxys|Light Screen|p1a: Deoxys
|-sidestart|p1: ii el bunneh ii|move: Light Screen
|move|p2a: Slowking|Toxic Spikes|p1a: Deoxys
|-sidestart|p1: ii el bunneh ii|move: Toxic Spikes
|
|upkeep
|turn|3
|
|t:|1758256624
|move|p1a: Deoxys|Taunt|p2a: Slowking
|-start|p2a: Slowking|move: Taunt
|cant|p2a: Slowking|move: Taunt|Toxic Spikes
|
|upkeep
|turn|4
|
|t:|1758256626
|move|p2a: Slowking|Future Sight|p1a: Deoxys
|-start|p2a: Slowking|move: Future Sight
|move|p1a: Deoxys|Teleport|p1a: Deoxys
|
|t:|1758256643
|switch|p1a: Ogerpon|Ogerpon-Wellspring, F|100/100|[from] Teleport
|-status|p1a: Ogerpon|psn
|
|-damage|p1a: Ogerpon|88/100 psn|[from] psn
|upkeep
|turn|5
|
|t:|1758256653
|switch|p2a: Landorus|Landorus-Therian, M|100/100
|-ability|p2a: Landorus|Intimidate|boost
|-unboost|p1a: Ogerpon|atk|1
|move|p1a: Ogerpon|Swords Dance|p1a: Ogerpon
|-boost|p1a: Ogerpon|atk|2
|
|-damage|p1a: Ogerpon|76/100 psn|[from] psn
|upkeep
|turn|6
|
|t:|1758256674
|switch|p2a: Slowking|Slowking-Galar, F|100/100
|move|p1a: Ogerpon|Ivy Cudgel|p2a: Slowking|[anim] Ivy Cudgel Water
|-damage|p2a: Slowking|13/100
|
|-end|p1a: Ogerpon|move: Future Sight
|-damage|p1a: Ogerpon|49/100 psn
|-damage|p1a: Ogerpon|36/100 psn|[from] psn
|upkeep
|turn|7
|
|t:|1758256681
|switch|p2a: Landorus|Landorus-Therian, M|100/100
|-ability|p2a: Landorus|Intimidate|boost
|-unboost|p1a: Ogerpon|atk|1
|move|p1a: Ogerpon|Ivy Cudgel|p2a: Landorus|[anim] Ivy Cudgel Water
|-supereffective|p2a: Landorus
|-damage|p2a: Landorus|0 fnt
|faint|p2a: Landorus
|
|-damage|p1a: Ogerpon|24/100 psn|[from] psn
|upkeep
|
|t:|1758256691
|switch|p2a: Darkrai|Darkrai|100/100
|turn|8
|
|t:|1758256697
|move|p2a: Darkrai|Sludge Bomb|p1a: Ogerpon
|-supereffective|p1a: Ogerpon
|-damage|p1a: Ogerpon|0 fnt
|faint|p1a: Ogerpon
|
|-sideend|p1: ii el bunneh ii|Reflect
|upkeep
|
|t:|1758256705
|switch|p1a: Kyurem|Kyurem|100/100
|-status|p1a: Kyurem|psn
|-ability|p1a: Kyurem|Pressure
|turn|9
|
|t:|1758256713
|move|p2a: Darkrai|Nasty Plot|p2a: Darkrai
|-boost|p2a: Darkrai|spa|2
|move|p1a: Kyurem|Dragon Dance|p1a: Kyurem
|-boost|p1a: Kyurem|atk|1
|-boost|p1a: Kyurem|spe|1
|
|-damage|p1a: Kyurem|88/100 psn|[from] psn
|-sideend|p1: ii el bunneh ii|move: Light Screen
|upkeep
|turn|10
|
|t:|1758256719
|move|p1a: Kyurem|Icicle Spear|p2a: Darkrai
|-damage|p2a: Darkrai|78/100
|-damage|p2a: Darkrai|53/100
|-damage|p2a: Darkrai|31/100
|-damage|p2a: Darkrai|8/100
|-hitcount|p2a: Darkrai|4
|move|p2a: Darkrai|Dark Pulse|p1a: Kyurem
|-crit|p1a: Kyurem
|-damage|p1a: Kyurem|0 fnt
|faint|p1a: Kyurem
|
|-heal|p2a: Darkrai|14/100|[from] item: Leftovers
|upkeep
|
|t:|1758256737
|switch|p1a: Grimmsnarl|Grimmsnarl, M|100/100
|-status|p1a: Grimmsnarl|psn
|turn|11
|
|t:|1758256746
|move|p1a: Grimmsnarl|Light Screen|p1a: Grimmsnarl
|-sidestart|p1: ii el bunneh ii|move: Light Screen
|move|p2a: Darkrai|Sludge Bomb|p1a: Grimmsnarl
|-supereffective|p1a: Grimmsnarl
|-damage|p1a: Grimmsnarl|57/100 psn
|
|-heal|p2a: Darkrai|20/100|[from] item: Leftovers
|-damage|p1a: Grimmsnarl|45/100 psn|[from] psn
|upkeep
|turn|12
|
|t:|1758256756
|switch|p1a: Deoxys|Deoxys-Speed|100/100
|-status|p1a: Deoxys|psn
|-ability|p1a: Deoxys|Pressure
|move|p2a: Darkrai|Sludge Bomb|p1a: Deoxys
|-damage|p1a: Deoxys|70/100 psn
|
|-heal|p2a: Darkrai|26/100|[from] item: Leftovers
|-damage|p1a: Deoxys|58/100 psn|[from] psn
|upkeep
|turn|13
|
|t:|1758256763
|move|p1a: Deoxys|Taunt|p2a: Darkrai
|-start|p2a: Darkrai|move: Taunt
|move|p2a: Darkrai|Dark Pulse|p1a: Deoxys
|-supereffective|p1a: Deoxys
|-damage|p1a: Deoxys|0 fnt
|faint|p1a: Deoxys
|
|-heal|p2a: Darkrai|32/100|[from] item: Leftovers
|upkeep
|
|t:|1758256765
|switch|p1a: Alcremie|Alcremie, F|100/100
|-status|p1a: Alcremie|psn
|turn|14
|
|t:|1758256776
|move|p2a: Darkrai|Sludge Bomb|p1a: Alcremie
|-supereffective|p1a: Alcremie
|-damage|p1a: Alcremie|57/100 psn
|move|p1a: Alcremie|Draining Kiss|p2a: Darkrai
|-supereffective|p2a: Darkrai
|-damage|p2a: Darkrai|0 fnt
|-heal|p1a: Alcremie|82/100 psn|[from] drain|[of] p2a: Darkrai
|faint|p2a: Darkrai
|
|-damage|p1a: Alcremie|70/100 psn|[from] psn
|upkeep
|
|t:|1758256782
|switch|p2a: Slowking|Slowking-Galar, F|46/100
|turn|15
|
|t:|1758256792
|switch|p1a: Grimmsnarl|Grimmsnarl, M|45/100 psn
|move|p2a: Slowking|Future Sight|p1a: Grimmsnarl
|-start|p2a: Slowking|move: Future Sight
|
|-damage|p1a: Grimmsnarl|32/100 psn|[from] psn
|upkeep
|turn|16
|
|t:|1758256798
|move|p1a: Grimmsnarl|Reflect|p1a: Grimmsnarl
|-sidestart|p1: ii el bunneh ii|Reflect
|-prepare|p2a: Slowking|Chilly Reception|[premajor]
|move|p2a: Slowking|Chilly Reception|p2a: Slowking
|-weather|Snowscape
|
|t:|1758256812
|switch|p2a: Scizor|Scizor, F|100/100|[from] Chilly Reception
|
|-weather|Snowscape|[upkeep]
|-damage|p1a: Grimmsnarl|20/100 psn|[from] psn
|upkeep
|turn|17
|
|t:|1758256818
|-terastallize|p2a: Scizor|Steel
|move|p2a: Scizor|Bullet Punch|p1a: Grimmsnarl
|-supereffective|p1a: Grimmsnarl
|-damage|p1a: Grimmsnarl|0 fnt
|faint|p1a: Grimmsnarl
|
|-weather|Snowscape|[upkeep]
|-hint|Future Sight did not hit because the target is fainted.
|upkeep
|
|t:|1758256824
|switch|p1a: Klefki|Klefki, F|100/100
|turn|18
|
|t:|1758256844
|move|p1a: Klefki|Iron Defense|p1a: Klefki
|-boost|p1a: Klefki|def|2
|move|p2a: Scizor|Bullet Punch|p1a: Klefki
|-damage|p1a: Klefki|81/100
|
|-weather|Snowscape|[upkeep]
|-heal|p1a: Klefki|87/100|[from] item: Leftovers
|-sideend|p1: ii el bunneh ii|move: Light Screen
|upkeep
|turn|19
|
|t:|1758256849
|switch|p2a: Ceruledge|Ceruledge, M, shiny|100/100
|move|p1a: Klefki|Iron Defense|p1a: Klefki
|-boost|p1a: Klefki|def|2
|
|-weather|Snowscape|[upkeep]
|-heal|p1a: Klefki|93/100|[from] item: Leftovers
|upkeep
|turn|20
|
|t:|1758256864
|-terastallize|p1a: Klefki|Flying
|move|p1a: Klefki|Iron Defense|p1a: Klefki
|-boost|p1a: Klefki|def|2
|move|p2a: Ceruledge|Taunt|p1a: Klefki
|-start|p1a: Klefki|move: Taunt
|
|-weather|none
|-heal|p1a: Klefki|99/100|[from] item: Leftovers
|upkeep
|turn|21
|
|t:|1758256878
|move|p2a: Ceruledge|Bitter Blade|p1a: Klefki
|-damage|p1a: Klefki|93/100
|move|p1a: Klefki|Stored Power|p2a: Ceruledge
|-damage|p2a: Ceruledge|79/100
|
|-heal|p1a: Klefki|99/100|[from] item: Leftovers
|upkeep
|turn|22
|
|t:|1758256883
|move|p2a: Ceruledge|Taunt||[still]
|-fail|p2a: Ceruledge
|move|p1a: Klefki|Stored Power|p2a: Ceruledge
|-damage|p2a: Ceruledge|58/100
|
|-heal|p1a: Klefki|100/100|[from] item: Leftovers
|upkeep
|turn|23
|
|t:|1758256893
|move|p2a: Ceruledge|Bulk Up|p2a: Ceruledge
|-boost|p2a: Ceruledge|atk|1
|-boost|p2a: Ceruledge|def|1
|move|p1a: Klefki|Stored Power|p2a: Ceruledge
|-damage|p2a: Ceruledge|33/100
|
|-end|p1a: Klefki|move: Taunt
|-sideend|p1: ii el bunneh ii|Reflect
|upkeep
|turn|24
|
|t:|1758256901
|move|p1a: Klefki|Calm Mind|p1a: Klefki
|-boost|p1a: Klefki|spa|1
|-boost|p1a: Klefki|spd|1
|move|p2a: Ceruledge|Bitter Blade|p1a: Klefki
|-damage|p1a: Klefki|84/100
|-heal|p2a: Ceruledge|40/100|[from] drain|[of] p1a: Klefki
|
|-heal|p1a: Klefki|90/100|[from] item: Leftovers
|upkeep
|turn|25
|
|t:|1758256915
|switch|p2a: Noivern|Noivern, M|100/100
|-item|p1a: Klefki|Leftovers|[from] ability: Frisk|[of] p2a: Noivern
|move|p1a: Klefki|Calm Mind|p1a: Klefki
|-boost|p1a: Klefki|spa|1
|-boost|p1a: Klefki|spd|1
|
|-heal|p1a: Klefki|96/100|[from] item: Leftovers
|upkeep
|turn|26
|
|t:|1758256921
|move|p2a: Noivern|Boomburst|p1a: Klefki
|-damage|p1a: Klefki|76/100
|move|p1a: Klefki|Draining Kiss|p2a: Noivern
|-supereffective|p2a: Noivern
|-damage|p2a: Noivern|14/100
|-heal|p1a: Klefki|100/100|[from] drain|[of] p2a: Noivern
|
|upkeep
|turn|27
|
|t:|1758256931
|move|p1a: Klefki|Calm Mind|p1a: Klefki
|-boost|p1a: Klefki|spa|1
|-boost|p1a: Klefki|spd|1
|move|p2a: Noivern|Draco Meteor|p1a: Klefki
|-damage|p1a: Klefki|78/100
|-unboost|p2a: Noivern|spa|2
|
|-heal|p1a: Klefki|84/100|[from] item: Leftovers
|upkeep
|turn|28
|
|t:|1758256936
|move|p1a: Klefki|Calm Mind|p1a: Klefki
|-boost|p1a: Klefki|spa|1
|-boost|p1a: Klefki|spd|1
|move|p2a: Noivern|Draco Meteor|p1a: Klefki
|-damage|p1a: Klefki|74/100
|-unboost|p2a: Noivern|spa|2
|
|-heal|p1a: Klefki|80/100|[from] item: Leftovers
|upkeep
|turn|29
|
|t:|1758256938
|move|p2a: Noivern|Draco Meteor|p1a: Klefki
|-damage|p1a: Klefki|74/100
|-unboost|p2a: Noivern|spa|2
|move|p1a: Klefki|Draining Kiss|p2a: Noivern
|-supereffective|p2a: Noivern
|-damage|p2a: Noivern|0 fnt
|-heal|p1a: Klefki|83/100|[from] drain|[of] p2a: Noivern
|faint|p2a: Noivern
|
|-heal|p1a: Klefki|89/100|[from] item: Leftovers
|upkeep
|
|t:|1758256943
|switch|p2a: Slowking|Slowking-Galar, F|79/100
|turn|30
|
|t:|1758256951
|move|p1a: Klefki|Stored Power|p2a: Slowking
|-damage|p2a: Slowking|0 fnt
|faint|p2a: Slowking
|
|-heal|p1a: Klefki|95/100|[from] item: Leftovers
|upkeep
|
|t:|1758256958
|switch|p2a: Scizor|Scizor, F, tera:Steel|100/100
|turn|31
|
|t:|1758256964
|move|p2a: Scizor|Bullet Punch|p1a: Klefki
|-damage|p1a: Klefki|76/100
|move|p1a: Klefki|Stored Power|p2a: Scizor
|-resisted|p2a: Scizor
|-damage|p2a: Scizor|0 fnt
|faint|p2a: Scizor
|
|-heal|p1a: Klefki|82/100|[from] item: Leftovers
|upkeep
|
|t:|1758256968
|switch|p2a: Ceruledge|Ceruledge, M, shiny|40/100
|turn|32
|
|t:|1758256980
|move|p2a: Ceruledge|Shadow Sneak|p1a: Klefki
|-damage|p1a: Klefki|76/100
|move|p1a: Klefki|Stored Power|p2a: Ceruledge
|-damage|p2a: Ceruledge|0 fnt
|faint|p2a: Ceruledge
|
|win|ii el bunneh ii
|raw|ii el bunneh ii's rating: 1231 &rarr; <strong>1256</strong><br />(+25 for winning)
|raw|vanzman74's rating: 1233 &rarr; <strong>1208</strong><br />(-25 for losing)
|l|☆ii el bunneh ii
|player|p1|
|l|☆vanzman74
|player|p2|
