|j|☆Dareven
|j|☆prohunter
|t:|1758345551
|gametype|singles
|player|p1|Dareven|n|1407
|player|p2|prohunter|veteran|1398
|gen|9
|tier|[Gen 9] OU
|rated|
|rule|HP Percentage Mod: HP is shown in percentages
|rule|Endless Battle Clause: Forcing endless battles is banned
|rule|Species Clause: Limit one of each Pokémon
|rule|OHKO Clause: OHKO moves are banned
|rule|Evasion Items Clause: Evasion items are banned
|rule|Evasion Moves Clause: Evasion moves are banned
|rule|Evasion Abilities Clause: Evasion abilities are banned
|rule|Sleep Moves Clause: Sleep-inducing moves are banned
|clearpoke
|poke|p1|Ceruledge, M|
|poke|p1|Ninetales, F|
|poke|p1|Leavanny, F|
|poke|p1|Great Tusk|
|poke|p1|Raging Bolt|
|poke|p1|Walking Wake|
|poke|p2|Great Tusk|
|poke|p2|Heatran, M|
|poke|p2|Weavile, M|
|poke|p2|Primarina, M|
|poke|p2|Ogerpon, F|
|poke|p2|Pecharunt|
|teampreview
|inactive|Battle timer is ON: inactive players will automatically lose when time's up. (requested by Dareven)
|inactive|prohunter has 120 seconds left.
|
|t:|1758345609
|teamsize|p1|6
|teamsize|p2|6
|start
|switch|p1a: Ninetales|Ninetales, F, shiny|100/100
|switch|p2a: Chaos|Heatran, M, shiny|100/100
|-weather|SunnyDay|[from] ability: Drought|[of] p1a: Ninetales
|-item|p2a: Chaos|Air Balloon
|turn|1
|
|t:|1758345623
|switch|p1a: Walking Wake|Walking Wake|100/100
|-activate|p1a: Walking Wake|ability: Protosynthesis
|-start|p1a: Walking Wake|protosynthesisspa
|move|p2a: Chaos|Magma Storm|p1a: Walking Wake|[miss]
|-miss|p2a: Chaos|p1a: Walking Wake
|
|-weather|SunnyDay|[upkeep]
|upkeep
|turn|2
|
|t:|1758345647
|switch|p2a: Celestine|Primarina, M, shiny|100/100
|move|p1a: Walking Wake|Hydro Steam|p2a: Celestine
|-resisted|p2a: Celestine
|-damage|p2a: Celestine|67/100
|
|-weather|SunnyDay|[upkeep]
|upkeep
|turn|3
|
|t:|1758345663
|-end|p1a: Walking Wake|Protosynthesis|[silent]
|switch|p1a: Leavanny|Leavanny, F, shiny|100/100
|move|p2a: Celestine|Moonblast|p1a: Leavanny
|-damage|p1a: Leavanny|24/100
|
|-weather|SunnyDay|[upkeep]
|upkeep
|turn|4
|
|t:|1758345671
|switch|p2a: Overseer|Pecharunt|100/100
|move|p1a: Leavanny|Sticky Web|p2a: Overseer
|-sidestart|p2: prohunter|move: Sticky Web
|
|-weather|SunnyDay|[upkeep]
|upkeep
|turn|5
|
|t:|1758345689
|move|p1a: Leavanny|Triple Axel|p2a: Overseer
|-damage|p2a: Overseer|98/100
|-damage|p1a: Leavanny|8/100|[from] item: Rocky Helmet|[of] p2a: Overseer
|-damage|p2a: Overseer|93/100
|-damage|p1a: Leavanny|0 fnt|[from] item: Rocky Helmet|[of] p2a: Overseer
|faint|p1a: Leavanny
|-hitcount|p2a: Overseer|2
|move|p2a: Overseer|Malignant Chain|p1: Leavanny|[notarget]
|-fail|p2a: Overseer
|
|-weather|SunnyDay|[upkeep]
|upkeep
|
|t:|1758345702
|switch|p1a: Great Tusk|Great Tusk|100/100
|-activate|p1a: Great Tusk|ability: Protosynthesis
|-start|p1a: Great Tusk|protosynthesisatk
|turn|6
|
|t:|1758345721
|switch|p2a: Chaos|Heatran, M, shiny|100/100
|-item|p2a: Chaos|Air Balloon
|move|p1a: Great Tusk|Temper Flare|p2a: Chaos
|-start|p2a: Chaos|ability: Flash Fire
|
|-weather|SunnyDay|[upkeep]
|upkeep
|turn|7
|
|t:|1758345730
|move|p1a: Great Tusk|Rapid Spin|p2a: Chaos
|-resisted|p2a: Chaos
|-damage|p2a: Chaos|90/100
|-boost|p1a: Great Tusk|spe|1
|-enditem|p2a: Chaos|Air Balloon
|move|p2a: Chaos|Magma Storm|p1a: Great Tusk
|-damage|p1a: Great Tusk|0 fnt
|faint|p1a: Great Tusk
|-end|p1a: Great Tusk|Protosynthesis|[silent]
|
|-weather|SunnyDay|[upkeep]
|upkeep
|
|t:|1758345738
|switch|p1a: Walking Wake|Walking Wake|100/100
|-activate|p1a: Walking Wake|ability: Protosynthesis
|-start|p1a: Walking Wake|protosynthesisspa
|turn|8
|
|t:|1758345753
|-end|p1a: Walking Wake|Protosynthesis|[silent]
|switch|p1a: Raging Bolt|Raging Bolt|100/100
|-activate|p1a: Raging Bolt|ability: Protosynthesis
|-start|p1a: Raging Bolt|protosynthesisspa
|-end|p2a: Chaos|ability: Flash Fire|[silent]
|switch|p2a: Celestine|Primarina, M, shiny|67/100
|-activate|p2a: Celestine|move: Sticky Web
|-unboost|p2a: Celestine|spe|1
|
|-weather|none
|-end|p1a: Raging Bolt|Protosynthesis
|upkeep
|turn|9
|
|t:|1758345761
|move|p1a: Raging Bolt|Thunderbolt|p2a: Celestine
|-supereffective|p2a: Celestine
|-damage|p2a: Celestine|8/100
|move|p2a: Celestine|Moonblast|p1a: Raging Bolt
|-supereffective|p1a: Raging Bolt
|-damage|p1a: Raging Bolt|4/100
|
|-heal|p1a: Raging Bolt|10/100|[from] item: Leftovers
|upkeep
|turn|10
|
|t:|1758345772
|move|p1a: Raging Bolt|Thunderclap|p2a: Celestine
|-supereffective|p2a: Celestine
|-damage|p2a: Celestine|0 fnt
|faint|p2a: Celestine
|
|-heal|p1a: Raging Bolt|16/100|[from] item: Leftovers
|upkeep
|
|t:|1758345783
|switch|p2a: Behemoth|Great Tusk, shiny|100/100
|turn|11
|
|t:|1758345788
|-end|p1a: Raging Bolt|Protosynthesis|[silent]
|switch|p1a: Ninetales|Ninetales, F, shiny|100/100
|-weather|SunnyDay|[from] ability: Drought|[of] p1a: Ninetales
|-activate|p2a: Behemoth|ability: Protosynthesis
|-start|p2a: Behemoth|protosynthesisatk
|move|p2a: Behemoth|Headlong Rush|p1a: Ninetales
|-supereffective|p1a: Ninetales
|-damage|p1a: Ninetales|0 fnt
|-unboost|p2a: Behemoth|def|1
|-unboost|p2a: Behemoth|spd|1
|faint|p1a: Ninetales
|
|-weather|SunnyDay|[upkeep]
|upkeep
|
|t:|1758345791
|switch|p1a: Walking Wake|Walking Wake|100/100
|-activate|p1a: Walking Wake|ability: Protosynthesis
|-start|p1a: Walking Wake|protosynthesisspa
|turn|12
|inactive|prohunter has 120 seconds left.
|
|t:|1758345844
|-end|p2a: Behemoth|Protosynthesis|[silent]
|switch|p2a: Overseer|Pecharunt|93/100
|-activate|p2a: Overseer|move: Sticky Web
|-unboost|p2a: Overseer|spe|1
|move|p1a: Walking Wake|Hydro Steam|p2a: Overseer
|-damage|p2a: Overseer|0 fnt
|faint|p2a: Overseer
|
|-weather|SunnyDay|[upkeep]
|upkeep
|
|t:|1758345853
|switch|p2a: Anonymous|Ogerpon, F|100/100
|-activate|p2a: Anonymous|move: Sticky Web
|-unboost|p2a: Anonymous|spe|1
|-ability|p2a: Anonymous|Defiant|boost
|-boost|p2a: Anonymous|atk|2
|turn|13
|
|t:|1758345862
|-end|p1a: Walking Wake|Protosynthesis|[silent]
|switch|p1a: Ceruledge|Ceruledge, M|100/100
|-terastallize|p2a: Anonymous|Grass
|detailschange|p2a: Anonymous|Ogerpon-Teal-Tera, F, tera:Grass
|-ability|p2a: Anonymous|Embody Aspect (Teal)|boost
|-boost|p2a: Anonymous|spe|1
|move|p2a: Anonymous|Ivy Cudgel|p1a: Ceruledge
|-resisted|p1a: Ceruledge
|-enditem|p1a: Ceruledge|Focus Sash
|-damage|p1a: Ceruledge|1/100
|-ability|p1a: Ceruledge|Weak Armor|boost
|-unboost|p1a: Ceruledge|def|1
|-boost|p1a: Ceruledge|spe|2
|
|-weather|SunnyDay|[upkeep]
|upkeep
|turn|14
|
|t:|1758345876
|switch|p2a: Chaos|Heatran, M, shiny|90/100
|-activate|p2a: Chaos|move: Sticky Web
|-unboost|p2a: Chaos|spe|1
|move|p1a: Ceruledge|Bitter Blade|p2a: Chaos
|-start|p2a: Chaos|ability: Flash Fire
|
|-weather|SunnyDay|[upkeep]
|upkeep
|turn|15
|
|t:|1758345883
|move|p1a: Ceruledge|Shadow Sneak|p2a: Chaos
|-damage|p2a: Chaos|68/100
|move|p2a: Chaos|Earth Power|p1a: Ceruledge
|-supereffective|p1a: Ceruledge
|-damage|p1a: Ceruledge|0 fnt
|faint|p1a: Ceruledge
|
|-weather|SunnyDay|[upkeep]
|upkeep
|
|t:|1758345888
|switch|p1a: Walking Wake|Walking Wake|100/100
|-activate|p1a: Walking Wake|ability: Protosynthesis
|-start|p1a: Walking Wake|protosynthesisspa
|turn|16
|c|☆prohunter|gg
|inactive|prohunter has 120 seconds left.
|
|t:|1758345902
|move|p1a: Walking Wake|Draco Meteor|p2a: Chaos
|-resisted|p2a: Chaos
|-damage|p2a: Chaos|1/100
|-unboost|p1a: Walking Wake|spa|2
|move|p2a: Chaos|Earth Power|p1a: Walking Wake
|-damage|p1a: Walking Wake|63/100
|
|-weather|SunnyDay|[upkeep]
|upkeep
|turn|17
|
|t:|1758345908
|move|p1a: Walking Wake|Draco Meteor|p2a: Chaos|[miss]
|-miss|p1a: Walking Wake|p2a: Chaos
|move|p2a: Chaos|Earth Power|p1a: Walking Wake
|-damage|p1a: Walking Wake|26/100
|
|-weather|SunnyDay|[upkeep]
|upkeep
|turn|18
|
|t:|1758345910
|move|p1a: Walking Wake|Draco Meteor|p2a: Chaos
|-resisted|p2a: Chaos
|-damage|p2a: Chaos|0 fnt
|-unboost|p1a: Walking Wake|spa|2
|faint|p2a: Chaos
|
|-weather|none
|-end|p1a: Walking Wake|Protosynthesis
|upkeep
|
|t:|1758345913
|switch|p2a: Anonymous|Ogerpon-Teal-Tera, F, tera:Grass|100/100
|-activate|p2a: Anonymous|move: Sticky Web
|-unboost|p2a: Anonymous|spe|1
|-ability|p2a: Anonymous|Embody Aspect (Teal)|boost
|-boost|p2a: Anonymous|spe|1
|turn|19
|
|t:|1758345921
|move|p2a: Anonymous|Ivy Cudgel|p1a: Walking Wake
|-crit|p1a: Walking Wake
|-damage|p1a: Walking Wake|0 fnt
|faint|p1a: Walking Wake
|-end|p1a: Walking Wake|Protosynthesis|[silent]
|
|upkeep
|
|t:|1758345924
|switch|p1a: Raging Bolt|Raging Bolt|16/100
|turn|20
|
|t:|1758345929
|move|p2a: Anonymous|Ivy Cudgel|p1a: Raging Bolt
|-resisted|p1a: Raging Bolt
|-damage|p1a: Raging Bolt|0 fnt
|faint|p1a: Raging Bolt
|-end|p1a: Raging Bolt|Protosynthesis|[silent]
|
|win|prohunter
|raw|Dareven's rating: 1407 &rarr; <strong>1386</strong><br />(-21 for losing)
|raw|prohunter's rating: 1398 &rarr; <strong>1419</strong><br />(+21 for winning)
|l|☆Dareven
|player|p1|
|l|☆prohunter
|player|p2|
