|j|☆I despise gliscor
|j|☆Samarand
|t:|1758358822
|gametype|singles
|player|p1|I despise gliscor|benga|1230
|player|p2|Samarand|veteranf|1330
|gen|9
|tier|[Gen 9] OU
|rated|
|rule|HP Percentage Mod: HP is shown in percentages
|rule|Endless Battle Clause: Forcing endless battles is banned
|rule|Species Clause: Limit one of each Pokémon
|rule|OHKO Clause: OHKO moves are banned
|rule|Evasion Items Clause: Evasion items are banned
|rule|Evasion Moves Clause: Evasion moves are banned
|rule|Evasion Abilities Clause: Evasion abilities are banned
|rule|Sleep Moves Clause: Sleep-inducing moves are banned
|clearpoke
|poke|p1|Walking Wake|
|poke|p1|Iron Moth|
|poke|p1|Rillaboom, F|
|poke|p1|Weavile, M|
|poke|p1|Glimmora, M|
|poke|p1|Corviknight, F|
|poke|p2|Delphox, F|
|poke|p2|Diancie|
|poke|p2|Hatterene, F|
|poke|p2|Primarina, F|
|poke|p2|Regice|
|poke|p2|Ninetales-Alola, F|
|teampreview
|inactive|Battle timer is ON: inactive players will automatically lose when time's up. (requested by I despise gliscor)
|c|☆I despise gliscor|Gl
|
|t:|1758358833
|teamsize|p1|6
|teamsize|p2|6
|start
|switch|p1a: Iron Wing|Corviknight, F|100/100
|switch|p2a: Hatterene|Hatterene, F|100/100
|turn|1
|inactive|Samarand has 120 seconds left.
|
|t:|1758358878
|switch|p2a: Primarina|Primarina, F|100/100
|move|p1a: Iron Wing|Iron Head|p2a: Primarina
|-damage|p2a: Primarina|60/100
|
|-heal|p2a: Primarina|66/100|[from] item: Leftovers
|upkeep
|turn|2
|
|t:|1758358888
|move|p1a: Iron Wing|Iron Head|p2a: Primarina
|-damage|p2a: Primarina|21/100
|move|p2a: Primarina|Surf|p1a: Iron Wing
|-crit|p1a: Iron Wing
|-damage|p1a: Iron Wing|0 fnt
|faint|p1a: Iron Wing
|
|-heal|p2a: Primarina|27/100|[from] item: Leftovers
|upkeep
|c|☆Samarand|mb
|
|t:|1758358895
|switch|p1a: Toxic Crystal|Glimmora, M|100/100
|turn|3
|
|t:|1758358903
|switch|p2a: Hatterene|Hatterene, F|100/100
|move|p1a: Toxic Crystal|Sludge Wave|p2a: Hatterene
|-supereffective|p2a: Hatterene
|-damage|p2a: Hatterene|2/100
|
|upkeep
|turn|4
|
|t:|1758358909
|move|p1a: Toxic Crystal|Mortal Spin|p2a: Hatterene
|-supereffective|p2a: Hatterene
|-damage|p2a: Hatterene|0 fnt
|faint|p2a: Hatterene
|
|upkeep
|inactive|Samarand has 120 seconds left.
|
|t:|1758358945
|switch|p2a: Delphox|Delphox, F|100/100
|turn|5
|
|t:|1758358949
|move|p2a: Delphox|Psyshock|p1a: Toxic Crystal
|-supereffective|p1a: Toxic Crystal
|-damage|p1a: Toxic Crystal|3/100
|move|p1a: Toxic Crystal|Stealth Rock|p2a: Delphox
|-sidestart|p2: Samarand|move: Stealth Rock
|
|upkeep
|turn|6
|
|t:|1758358962
|switch|p1a: Malicious Claws|Weavile, M|100/100
|move|p2a: Delphox|Flamethrower|p1a: Malicious Claws
|-supereffective|p1a: Malicious Claws
|-enditem|p1a: Malicious Claws|Focus Sash
|-damage|p1a: Malicious Claws|1/100
|
|upkeep
|turn|7
|inactive|Samarand has 120 seconds left.
|
|t:|1758358972
|switch|p2a: Ninetales|Ninetales-Alola, F|100/100
|-weather|Snowscape|[from] ability: Snow Warning|[of] p2a: Ninetales
|move|p1a: Malicious Claws|Throat Chop|p2a: Ninetales
|-resisted|p2a: Ninetales
|-damage|p2a: Ninetales|87/100
|-start|p2a: Ninetales|Throat Chop|[silent]
|
|-weather|Snowscape|[upkeep]
|upkeep
|turn|8
|
|t:|1758358984
|switch|p1a: VoIcarona|Iron Moth|100/100
|move|p2a: Ninetales|Aurora Veil|p2a: Ninetales
|-sidestart|p2: Samarand|move: Aurora Veil
|
|-weather|Snowscape|[upkeep]
|-end|p2a: Ninetales|Throat Chop|[silent]
|upkeep
|turn|9
|
|t:|1758358992
|switch|p2a: Delphox|Delphox, F|100/100
|move|p1a: VoIcarona|Sludge Wave|p2a: Delphox
|-damage|p2a: Delphox|65/100
|-damage|p1a: VoIcarona|91/100|[from] item: Life Orb
|
|-weather|Snowscape|[upkeep]
|upkeep
|turn|10
|
|t:|1758359004
|move|p1a: VoIcarona|Sludge Wave|p2a: Delphox
|-damage|p2a: Delphox|34/100
|-damage|p1a: VoIcarona|81/100|[from] item: Life Orb
|move|p2a: Delphox|Psyshock|p1a: VoIcarona
|-supereffective|p1a: VoIcarona
|-damage|p1a: VoIcarona|0 fnt
|faint|p1a: VoIcarona
|-end|p1a: VoIcarona|Quark Drive|[silent]
|
|-weather|Snowscape|[upkeep]
|upkeep
|
|t:|1758359008
|switch|p1a: Malicious Claws|Weavile, M|1/100
|turn|11
|
|t:|1758359017
|move|p1a: Malicious Claws|Throat Chop|p2a: Delphox
|-supereffective|p2a: Delphox
|-damage|p2a: Delphox|0 fnt
|faint|p2a: Delphox
|
|-weather|none
|upkeep
|
|t:|1758359026
|switch|p2a: Diancie|Diancie|100/100
|-damage|p2a: Diancie|88/100|[from] Stealth Rock
|turn|12
|
|t:|1758359037
|switch|p1a: Toxic Crystal|Glimmora, M|3/100
|move|p2a: Diancie|Moonblast|p1a: Toxic Crystal
|-resisted|p1a: Toxic Crystal
|-damage|p1a: Toxic Crystal|0 fnt
|faint|p1a: Toxic Crystal
|
|-heal|p2a: Diancie|94/100|[from] item: Leftovers
|-sideend|p2: Samarand|move: Aurora Veil
|upkeep
|
|t:|1758359041
|switch|p1a: Tapu Boom|Rillaboom, F|100/100
|-fieldstart|move: Grassy Terrain|[from] ability: Grassy Surge|[of] p1a: Tapu Boom
|turn|13
|
|t:|1758359049
|switch|p2a: Primarina|Primarina, F|27/100
|-damage|p2a: Primarina|15/100|[from] Stealth Rock
|move|p1a: Tapu Boom|Drum Beating|p2a: Primarina
|-supereffective|p2a: Primarina
|-damage|p2a: Primarina|0 fnt
|faint|p2a: Primarina
|
|upkeep
|
|t:|1758359053
|switch|p2a: Ninetales|Ninetales-Alola, F|87/100
|-weather|Snowscape|[from] ability: Snow Warning|[of] p2a: Ninetales
|turn|14
|
|t:|1758359057
|move|p2a: Ninetales|Aurora Veil|p2a: Ninetales
|-sidestart|p2: Samarand|move: Aurora Veil
|move|p1a: Tapu Boom|Drum Beating|p2a: Ninetales
|-damage|p2a: Ninetales|64/100
|-unboost|p2a: Ninetales|spe|1
|
|-weather|Snowscape|[upkeep]
|-heal|p2a: Ninetales|70/100|[from] Grassy Terrain
|upkeep
|turn|15
|
|t:|1758359070
|switch|p2a: Regice|Regice|100/100
|-damage|p2a: Regice|75/100|[from] Stealth Rock
|move|p1a: Tapu Boom|Drum Beating|p2a: Regice
|-damage|p2a: Regice|56/100
|-unboost|p2a: Regice|spe|1
|
|-weather|Snowscape|[upkeep]
|-heal|p2a: Regice|62/100|[from] ability: Ice Body
|-heal|p2a: Regice|68/100|[from] Grassy Terrain
|-heal|p2a: Regice|74/100|[from] item: Leftovers
|upkeep
|turn|16
|
|t:|1758359076
|move|p1a: Tapu Boom|Drain Punch|p2a: Regice
|-supereffective|p2a: Regice
|-damage|p2a: Regice|55/100
|move|p2a: Regice|Blizzard|p1a: Tapu Boom
|-supereffective|p1a: Tapu Boom
|-crit|p1a: Tapu Boom
|-damage|p1a: Tapu Boom|0 fnt
|faint|p1a: Tapu Boom
|
|-weather|Snowscape|[upkeep]
|-heal|p2a: Regice|61/100|[from] ability: Ice Body
|-heal|p2a: Regice|67/100|[from] Grassy Terrain
|-heal|p2a: Regice|73/100|[from] item: Leftovers
|upkeep
|
|t:|1758359090
|switch|p1a: Malicious Claws|Weavile, M|1/100
|turn|17
|
|t:|1758359096
|move|p1a: Malicious Claws|Throat Chop|p2a: Regice
|-damage|p2a: Regice|61/100
|-start|p2a: Regice|Throat Chop|[silent]
|move|p2a: Regice|Charge Beam|p1a: Malicious Claws
|-damage|p1a: Malicious Claws|0 fnt
|-boost|p2a: Regice|spa|1
|faint|p1a: Malicious Claws
|
|-weather|Snowscape|[upkeep]
|-heal|p2a: Regice|68/100|[from] ability: Ice Body
|-heal|p2a: Regice|74/100|[from] Grassy Terrain
|-heal|p2a: Regice|80/100|[from] item: Leftovers
|-fieldend|move: Grassy Terrain
|upkeep
|
|t:|1758359100
|switch|p1a: Svicune|Walking Wake|100/100
|-enditem|p1a: Svicune|Booster Energy
|-activate|p1a: Svicune|ability: Protosynthesis|[fromitem]
|-start|p1a: Svicune|protosynthesisspa
|turn|18
|
|t:|1758359107
|-terastallize|p1a: Svicune|Steel
|move|p1a: Svicune|Agility|p1a: Svicune
|-boost|p1a: Svicune|spe|2
|move|p2a: Regice|Blizzard|p1a: Svicune
|-resisted|p1a: Svicune
|-damage|p1a: Svicune|66/100
|
|-weather|none
|-heal|p2a: Regice|86/100|[from] item: Leftovers
|-end|p2a: Regice|Throat Chop|[silent]
|-sideend|p2: Samarand|move: Aurora Veil
|upkeep
|turn|19
|
|t:|1758359117
|move|p1a: Svicune|Tera Blast|p2a: Regice|[anim] Tera Blast Steel
|-supereffective|p2a: Regice
|-damage|p2a: Regice|35/100
|move|p2a: Regice|Snowscape|p2a: Regice
|-weather|Snowscape
|
|-weather|Snowscape|[upkeep]
|-heal|p2a: Regice|41/100|[from] ability: Ice Body
|-heal|p2a: Regice|47/100|[from] item: Leftovers
|upkeep
|turn|20
|
|t:|1758359122
|-terastallize|p2a: Regice|Electric
|move|p2a: Regice|Protect|p2a: Regice
|-singleturn|p2a: Regice|Protect
|move|p1a: Svicune|Tera Blast|p2a: Regice|[anim] Tera Blast Steel
|-activate|p2a: Regice|move: Protect
|
|-weather|Snowscape|[upkeep]
|-heal|p2a: Regice|53/100|[from] ability: Ice Body
|-heal|p2a: Regice|59/100|[from] item: Leftovers
|upkeep
|turn|21
|
|t:|1758359134
|move|p1a: Svicune|Dragon Pulse|p2a: Regice
|-damage|p2a: Regice|32/100
|move|p2a: Regice|Charge Beam|p1a: Svicune
|-damage|p1a: Svicune|25/100
|-boost|p2a: Regice|spa|1
|
|-weather|Snowscape|[upkeep]
|-heal|p2a: Regice|38/100|[from] ability: Ice Body
|-heal|p2a: Regice|44/100|[from] item: Leftovers
|upkeep
|turn|22
|
|t:|1758359140
|move|p2a: Regice|Protect|p2a: Regice
|-singleturn|p2a: Regice|Protect
|move|p1a: Svicune|Agility|p1a: Svicune
|-boost|p1a: Svicune|spe|2
|
|-weather|Snowscape|[upkeep]
|-heal|p2a: Regice|50/100|[from] ability: Ice Body
|-heal|p2a: Regice|56/100|[from] item: Leftovers
|upkeep
|turn|23
|
|t:|1758359149
|move|p1a: Svicune|Tera Blast|p2a: Regice|[anim] Tera Blast Steel
|-resisted|p2a: Regice
|-damage|p2a: Regice|43/100
|move|p2a: Regice|Charge Beam|p1a: Svicune
|-damage|p1a: Svicune|0 fnt
|-boost|p2a: Regice|spa|1
|faint|p1a: Svicune
|-end|p1a: Svicune|Protosynthesis|[silent]
|
|win|Samarand
|raw|I despise gliscor's rating: 1230 &rarr; <strong>1212</strong><br />(-18 for losing)
|raw|Samarand's rating: 1330 &rarr; <strong>1344</strong><br />(+14 for winning)
|c|☆I despise gliscor|Gg
|c|☆Samarand|gg
|l|☆I despise gliscor
|player|p1|
|l|☆Samarand
|player|p2|
