|j|☆dendroghaster
|j|☆moltex198
|t:|1758373921
|gametype|singles
|player|p1|dendroghaster|1|1075
|player|p2|moltex198|sailor|1051
|gen|9
|tier|[Gen 9] OU
|rated|
|rule|HP Percentage Mod: HP is shown in percentages
|rule|Endless Battle Clause: Forcing endless battles is banned
|rule|Species Clause: Limit one of each Pokémon
|rule|OHKO Clause: OHKO moves are banned
|rule|Evasion Items Clause: Evasion items are banned
|rule|Evasion Moves Clause: Evasion moves are banned
|rule|Evasion Abilities Clause: Evasion abilities are banned
|rule|Sleep Moves Clause: Sleep-inducing moves are banned
|clearpoke
|poke|p1|Medicham, M|
|poke|p1|Rillaboom, F|
|poke|p1|Ceruledge, F|
|poke|p1|Exeggutor-Alola, F|
|poke|p1|Garchomp, F|
|poke|p1|Rotom-Wash|
|poke|p2|Floatzel, M|
|poke|p2|Pelipper, F|
|poke|p2|Breloom, F|
|poke|p2|Iron Treads|
|poke|p2|Dragonite, M|
|poke|p2|Kilowattrel, F|
|teampreview
|inactive|Battle timer is ON: inactive players will automatically lose when time's up. (requested by moltex198)
|inactive|dendroghaster also wants the timer to be on.
|
|t:|1758373934
|teamsize|p1|6
|teamsize|p2|6
|start
|switch|p1a: Rotom|Rotom-Wash|100/100
|switch|p2a: Pelipper|Pelipper, F|100/100
|-weather|RainDance|[from] ability: Drizzle|[of] p2a: Pelipper
|turn|1
|
|t:|1758373958
|switch|p2a: Kilowattrel|Kilowattrel, F|100/100
|move|p1a: Rotom|Thunder Wave|p2a: Kilowattrel
|-immune|p2a: Kilowattrel|[from] ability: Volt Absorb
|
|-weather|RainDance|[upkeep]
|upkeep
|turn|2
|inactive|moltex198 has 120 seconds left.
|inactive|moltex198 has 90 seconds left.
|
|t:|1758374022
|switch|p1a: Garchomp|Garchomp, F|100/100
|move|p2a: Kilowattrel|Hurricane|p1a: Garchomp
|-damage|p1a: Garchomp|29/100
|-start|p1a: Garchomp|confusion
|
|-weather|RainDance|[upkeep]
|upkeep
|turn|3
|
|t:|1758374031
|switch|p1a: Rotom|Rotom-Wash|100/100
|move|p2a: Kilowattrel|Hurricane|p1a: Rotom
|-resisted|p1a: Rotom
|-damage|p1a: Rotom|53/100
|-start|p1a: Rotom|confusion
|
|-weather|RainDance|[upkeep]
|upkeep
|turn|4
|
|t:|1758374039
|move|p2a: Kilowattrel|Hurricane|p1a: Rotom
|-resisted|p1a: Rotom
|-damage|p1a: Rotom|4/100
|-activate|p1a: Rotom|confusion
|move|p1a: Rotom|Hydro Pump|p2a: Kilowattrel
|-damage|p2a: Kilowattrel|0 fnt
|faint|p2a: Kilowattrel
|
|-weather|RainDance|[upkeep]
|upkeep
|
|t:|1758374050
|switch|p2a: Breloom|Breloom, F|100/100
|turn|5
|
|t:|1758374054
|switch|p1a: Exeggutor|Exeggutor-Alola, F|100/100
|move|p2a: Breloom|Mach Punch|p1a: Exeggutor
|-damage|p1a: Exeggutor|47/100
|-enditem|p1a: Exeggutor|Sitrus Berry|[eat]
|-heal|p1a: Exeggutor|72/100|[from] item: Sitrus Berry
|
|-weather|RainDance|[upkeep]
|-item|p1a: Exeggutor|Sitrus Berry|[from] ability: Harvest
|upkeep
|turn|6
|
|t:|1758374063
|-terastallize|p2a: Breloom|Fighting
|move|p2a: Breloom|Mach Punch|p1a: Exeggutor
|-damage|p1a: Exeggutor|2/100
|-enditem|p1a: Exeggutor|Sitrus Berry|[eat]
|-heal|p1a: Exeggutor|27/100|[from] item: Sitrus Berry
|move|p1a: Exeggutor|Gravity|p1a: Exeggutor
|-fieldstart|move: Gravity
|
|-weather|RainDance|[upkeep]
|upkeep
|turn|7
|
|t:|1758374074
|move|p2a: Breloom|Mach Punch|p1a: Exeggutor
|-damage|p1a: Exeggutor|0 fnt
|faint|p1a: Exeggutor
|
|-weather|RainDance|[upkeep]
|upkeep
|
|t:|1758374078
|switch|p1a: Ceruledge|Ceruledge, F|100/100
|turn|8
|
|t:|1758374086
|switch|p2a: Floatzel|Floatzel, M|100/100
|move|p1a: Ceruledge|Swords Dance|p1a: Ceruledge
|-boost|p1a: Ceruledge|atk|2
|
|-weather|none
|upkeep
|turn|9
|
|t:|1758374096
|-terastallize|p1a: Ceruledge|Fire
|move|p1a: Ceruledge|Shadow Sneak|p2a: Floatzel
|-damage|p2a: Floatzel|44/100
|move|p2a: Floatzel|Wave Crash|p1a: Ceruledge
|-supereffective|p1a: Ceruledge
|-damage|p1a: Ceruledge|0 fnt
|faint|p1a: Ceruledge
|-damage|p2a: Floatzel|6/100|[from] Recoil
|
|upkeep
|
|t:|1758374104
|switch|p1a: Garchomp|Garchomp, F|29/100
|turn|10
|
|t:|1758374109
|move|p2a: Floatzel|Wave Crash|p1a: Garchomp
|-damage|p1a: Garchomp|0 fnt
|-damage|p2a: Floatzel|0 fnt|[from] ability: Rough Skin|[of] p1a: Garchomp
|faint|p1a: Garchomp
|faint|p2a: Floatzel
|
|-fieldend|move: Gravity
|upkeep
|
|t:|1758374119
|switch|p2a: Breloom|Breloom, F, tera:Fighting|100/100
|switch|p1a: Rillaboom|Rillaboom, F|100/100
|-fieldstart|move: Grassy Terrain|[from] ability: Grassy Surge|[of] p1a: Rillaboom
|turn|11
|
|t:|1758374127
|move|p2a: Breloom|Mach Punch|p1a: Rillaboom
|-damage|p1a: Rillaboom|53/100
|move|p1a: Rillaboom|Leech Seed|p2a: Breloom
|-start|p2a: Breloom|move: Leech Seed
|
|-heal|p1a: Rillaboom|60/100|[from] Grassy Terrain
|-heal|p1a: Rillaboom|66/100|[from] item: Leftovers
|-damage|p2a: Breloom|88/100|[from] Leech Seed|[of] p1a: Rillaboom
|-heal|p1a: Rillaboom|74/100|[silent]
|upkeep
|turn|12
|
|t:|1758374135
|switch|p2a: Dragonite|Dragonite, M|100/100
|move|p1a: Rillaboom|Protect||[still]
|-fail|p1a: Rillaboom
|
|-heal|p1a: Rillaboom|80/100|[from] Grassy Terrain
|-heal|p1a: Rillaboom|86/100|[from] item: Leftovers
|upkeep
|turn|13
|
|t:|1758374141
|move|p2a: Dragonite|Ice Spinner|p1a: Rillaboom
|-supereffective|p1a: Rillaboom
|-damage|p1a: Rillaboom|46/100
|-fieldend|move: Grassy Terrain
|move|p1a: Rillaboom|Leech Seed|p2a: Dragonite
|-start|p2a: Dragonite|move: Leech Seed
|
|-heal|p1a: Rillaboom|52/100|[from] item: Leftovers
|-damage|p2a: Dragonite|88/100|[from] Leech Seed|[of] p1a: Rillaboom
|-heal|p1a: Rillaboom|62/100|[silent]
|upkeep
|turn|14
|
|t:|1758374152
|switch|p2a: Pelipper|Pelipper, F|100/100
|-weather|RainDance|[from] ability: Drizzle|[of] p2a: Pelipper
|move|p1a: Rillaboom|Knock Off|p2a: Pelipper
|-damage|p2a: Pelipper|81/100
|-enditem|p2a: Pelipper|Damp Rock|[from] move: Knock Off|[of] p1a: Rillaboom
|
|-weather|RainDance|[upkeep]
|-heal|p1a: Rillaboom|68/100|[from] item: Leftovers
|upkeep
|turn|15
|
|t:|1758374160
|switch|p1a: Rotom|Rotom-Wash|4/100
|move|p2a: Pelipper|Hurricane|p1a: Rotom
|-resisted|p1a: Rotom
|-damage|p1a: Rotom|0 fnt
|faint|p1a: Rotom
|
|-weather|RainDance|[upkeep]
|upkeep
|
|t:|1758374162
|switch|p1a: Medicham|Medicham, M|100/100
|turn|16
|
|t:|1758374169
|move|p1a: Medicham|Zen Headbutt|p2a: Pelipper
|-damage|p2a: Pelipper|27/100
|-damage|p1a: Medicham|91/100|[from] item: Life Orb
|cant|p2a: Pelipper|flinch
|
|-weather|RainDance|[upkeep]
|upkeep
|turn|17
|
|t:|1758374176
|move|p1a: Medicham|Zen Headbutt|p2a: Pelipper
|-damage|p2a: Pelipper|0 fnt
|faint|p2a: Pelipper
|-damage|p1a: Medicham|81/100|[from] item: Life Orb
|
|-weather|RainDance|[upkeep]
|upkeep
|
|t:|1758374179
|switch|p2a: Breloom|Breloom, F, tera:Fighting|88/100
|turn|18
|
|t:|1758374182
|switch|p1a: Rillaboom|Rillaboom, F|68/100
|-fieldstart|move: Grassy Terrain|[from] ability: Grassy Surge|[of] p1a: Rillaboom
|move|p2a: Breloom|Mach Punch|p1a: Rillaboom
|-damage|p1a: Rillaboom|21/100
|
|-weather|RainDance|[upkeep]
|-heal|p2a: Breloom|94/100|[from] Grassy Terrain
|-heal|p1a: Rillaboom|27/100|[from] Grassy Terrain
|-heal|p1a: Rillaboom|33/100|[from] item: Leftovers
|upkeep
|turn|19
|
|t:|1758374190
|move|p1a: Rillaboom|Protect|p1a: Rillaboom
|-singleturn|p1a: Rillaboom|Protect
|move|p2a: Breloom|Mach Punch|p1a: Rillaboom
|-activate|p1a: Rillaboom|move: Protect
|
|-weather|RainDance|[upkeep]
|-heal|p2a: Breloom|100/100|[from] Grassy Terrain
|-heal|p1a: Rillaboom|39/100|[from] Grassy Terrain
|-heal|p1a: Rillaboom|46/100|[from] item: Leftovers
|upkeep
|turn|20
|
|t:|1758374200
|move|p1a: Rillaboom|Protect||[still]
|-fail|p1a: Rillaboom
|move|p2a: Breloom|Mach Punch|p1a: Rillaboom
|-damage|p1a: Rillaboom|3/100
|
|-weather|RainDance|[upkeep]
|-heal|p1a: Rillaboom|9/100|[from] Grassy Terrain
|-heal|p1a: Rillaboom|15/100|[from] item: Leftovers
|upkeep
|turn|21
|
|t:|1758374205
|switch|p2a: Dragonite|Dragonite, M|88/100
|move|p1a: Rillaboom|Protect||[still]
|-fail|p1a: Rillaboom
|
|-weather|none
|-heal|p1a: Rillaboom|22/100|[from] Grassy Terrain
|-heal|p1a: Rillaboom|28/100|[from] item: Leftovers
|upkeep
|turn|22
|
|t:|1758374209
|move|p2a: Dragonite|Ice Spinner|p1a: Rillaboom
|-supereffective|p1a: Rillaboom
|-damage|p1a: Rillaboom|0 fnt
|-fieldend|move: Grassy Terrain
|faint|p1a: Rillaboom
|
|upkeep
|
|t:|1758374211
|switch|p1a: Medicham|Medicham, M|81/100
|turn|23
|
|t:|1758374219
|move|p2a: Dragonite|Earthquake|p1a: Medicham
|-damage|p1a: Medicham|13/100
|move|p1a: Medicham|Zen Headbutt|p2a: Dragonite
|-damage|p2a: Dragonite|9/100
|-damage|p1a: Medicham|3/100|[from] item: Life Orb
|
|upkeep
|turn|24
|
|t:|1758374226
|move|p2a: Dragonite|Extreme Speed|p1a: Medicham
|-damage|p1a: Medicham|0 fnt
|faint|p1a: Medicham
|
|win|moltex198
|raw|dendroghaster's rating: 1075 &rarr; <strong>1052</strong><br />(-23 for losing)
|raw|moltex198's rating: 1051 &rarr; <strong>1086</strong><br />(+35 for winning)
|l|☆dendroghaster
|player|p1|
|l|☆moltex198
|player|p2|
