|j|☆chasemitchell
|j|☆ricboooy
|t:|1758284156
|gametype|singles
|player|p1|chasemitchell|baker|1437
|player|p2|ricboooy|2|1464
|gen|9
|tier|[Gen 9] OU
|rated|
|rule|HP Percentage Mod: HP is shown in percentages
|rule|Endless Battle Clause: Forcing endless battles is banned
|rule|Species Clause: Limit one of each Pokémon
|rule|OHKO Clause: OHKO moves are banned
|rule|Evasion Items Clause: Evasion items are banned
|rule|Evasion Moves Clause: Evasion moves are banned
|rule|Evasion Abilities Clause: Evasion abilities are banned
|rule|Sleep Moves Clause: Sleep-inducing moves are banned
|clearpoke
|poke|p1|Glimmora, M|
|poke|p1|Tyranitar, M|
|poke|p1|Gliscor, F|
|poke|p1|Toxapex, F|
|poke|p1|Sandy Shocks|
|poke|p1|Clodsire, M|
|poke|p2|Dragonite, M|
|poke|p2|Goodra-Hisui, M|
|poke|p2|Zamazenta-*|
|poke|p2|Zapdos|
|poke|p2|Great Tusk|
|poke|p2|Zarude|
|teampreview
|inactive|Battle timer is ON: inactive players will automatically lose when time's up. (requested by ricboooy)
|
|t:|1758284171
|teamsize|p1|6
|teamsize|p2|6
|start
|switch|p1a: Glimmora|Glimmora, M|100/100
|switch|p2a: Zarude|Zarude|100/100
|turn|1
|
|t:|1758284178
|-terastallize|p2a: Zarude|Ghost
|move|p2a: Zarude|Bulk Up|p2a: Zarude
|-boost|p2a: Zarude|atk|1
|-boost|p2a: Zarude|def|1
|move|p1a: Glimmora|Toxic|p2a: Zarude
|-status|p2a: Zarude|tox
|
|-damage|p2a: Zarude|95/100 tox|[from] psn
|upkeep
|turn|2
|
|t:|1758284188
|switch|p1a: Toxapex|Toxapex, F|100/100
|move|p2a: Zarude|Power Whip|p1a: Toxapex
|-damage|p1a: Toxapex|44/100
|
|-heal|p1a: Toxapex|50/100|[from] item: Leftovers
|-damage|p2a: Zarude|83/100 tox|[from] psn
|upkeep
|turn|3
|
|t:|1758284193
|switch|p1a: Gliscor|Gliscor, F|100/100
|move|p2a: Zarude|Power Whip|p1a: Gliscor
|-damage|p1a: Gliscor|46/100
|
|-damage|p2a: Zarude|65/100 tox|[from] psn
|-status|p1a: Gliscor|tox|[from] item: Toxic Orb
|upkeep
|turn|4
|
|t:|1758284201
|move|p1a: Gliscor|Protect|p1a: Gliscor
|-singleturn|p1a: Gliscor|Protect
|move|p2a: Zarude|Power Whip|p1a: Gliscor
|-activate|p1a: Gliscor|move: Protect
|
|-damage|p2a: Zarude|41/100 tox|[from] psn
|-heal|p1a: Gliscor|59/100 tox|[from] ability: Poison Heal
|upkeep
|turn|5
|
|t:|1758284209
|move|p2a: Zarude|Power Whip|p1a: Gliscor
|-damage|p1a: Gliscor|4/100 tox
|move|p1a: Gliscor|Spikes|p2a: Zarude
|-sidestart|p2: ricboooy|Spikes
|
|-damage|p2a: Zarude|11/100 tox|[from] psn
|-heal|p1a: Gliscor|17/100 tox|[from] ability: Poison Heal
|upkeep
|turn|6
|
|t:|1758284214
|switch|p2a: Great Tusk|Great Tusk, shiny|100/100
|-damage|p2a: Great Tusk|88/100|[from] Spikes
|-enditem|p2a: Great Tusk|Booster Energy
|-activate|p2a: Great Tusk|ability: Protosynthesis|[fromitem]
|-start|p2a: Great Tusk|protosynthesisatk
|move|p1a: Gliscor|Protect||[still]
|-fail|p1a: Gliscor
|
|-heal|p1a: Gliscor|29/100 tox|[from] ability: Poison Heal
|upkeep
|turn|7
|
|t:|1758284220
|move|p2a: Great Tusk|Rapid Spin|p1a: Gliscor
|-damage|p1a: Gliscor|15/100 tox
|-boost|p2a: Great Tusk|spe|1
|-sideend|p2: ricboooy|Spikes|[from] move: Rapid Spin|[of] p2a: Great Tusk
|move|p1a: Gliscor|Earthquake|p2a: Great Tusk
|-damage|p2a: Great Tusk|64/100
|
|-heal|p1a: Gliscor|28/100 tox|[from] ability: Poison Heal
|upkeep
|turn|8
|
|t:|1758284228
|move|p1a: Gliscor|Protect|p1a: Gliscor
|-singleturn|p1a: Gliscor|Protect
|move|p2a: Great Tusk|Ice Spinner|p1a: Gliscor
|-activate|p1a: Gliscor|move: Protect
|
|-heal|p1a: Gliscor|40/100 tox|[from] ability: Poison Heal
|upkeep
|turn|9
|
|t:|1758284239
|-terastallize|p1a: Gliscor|Water
|move|p2a: Great Tusk|Ice Spinner|p1a: Gliscor
|-resisted|p1a: Gliscor
|-damage|p1a: Gliscor|30/100 tox
|move|p1a: Gliscor|Earthquake|p2a: Great Tusk
|-damage|p2a: Great Tusk|38/100
|
|-heal|p1a: Gliscor|42/100 tox|[from] ability: Poison Heal
|upkeep
|turn|10
|
|t:|1758284253
|move|p1a: Gliscor|Protect|p1a: Gliscor
|-singleturn|p1a: Gliscor|Protect
|move|p2a: Great Tusk|Earthquake|p1a: Gliscor
|-activate|p1a: Gliscor|move: Protect
|
|-heal|p1a: Gliscor|55/100 tox|[from] ability: Poison Heal
|upkeep
|turn|11
|
|t:|1758284259
|move|p2a: Great Tusk|Earthquake|p1a: Gliscor
|-damage|p1a: Gliscor|17/100 tox
|move|p1a: Gliscor|Earthquake|p2a: Great Tusk
|-damage|p2a: Great Tusk|16/100
|
|-heal|p1a: Gliscor|30/100 tox|[from] ability: Poison Heal
|upkeep
|turn|12
|
|t:|1758284267
|move|p1a: Gliscor|Protect|p1a: Gliscor
|-singleturn|p1a: Gliscor|Protect
|move|p2a: Great Tusk|Earthquake|p1a: Gliscor
|-activate|p1a: Gliscor|move: Protect
|
|-heal|p1a: Gliscor|42/100 tox|[from] ability: Poison Heal
|upkeep
|turn|13
|
|t:|1758284273
|move|p2a: Great Tusk|Supercell Slam|p1a: Gliscor
|-supereffective|p1a: Gliscor
|-damage|p1a: Gliscor|0 fnt
|faint|p1a: Gliscor
|
|upkeep
|
|t:|1758284279
|switch|p1a: Sandy Shocks|Sandy Shocks|100/100
|turn|14
|
|t:|1758284284
|move|p1a: Sandy Shocks|Tera Blast|p2a: Great Tusk
|-damage|p2a: Great Tusk|0 fnt
|faint|p2a: Great Tusk
|-end|p2a: Great Tusk|Protosynthesis|[silent]
|
|upkeep
|
|t:|1758284298
|switch|p2a: Goodra|Goodra-Hisui, M, shiny|100/100
|turn|15
|
|t:|1758284303
|-end|p1a: Sandy Shocks|Protosynthesis|[silent]
|switch|p1a: Glimmora|Glimmora, M|100/100
|move|p2a: Goodra|Dragon Pulse|p1a: Glimmora
|-damage|p1a: Glimmora|48/100
|
|upkeep
|turn|16
|
|t:|1758284305
|move|p1a: Glimmora|Toxic|p2a: Goodra
|-status|p2a: Goodra|tox
|move|p2a: Goodra|Dragon Pulse|p1a: Glimmora
|-damage|p1a: Glimmora|0 fnt
|faint|p1a: Glimmora
|
|-damage|p2a: Goodra|95/100 tox|[from] psn
|upkeep
|
|t:|1758284307
|switch|p1a: Clodsire|Clodsire, M|100/100
|turn|17
|
|t:|1758284316
|switch|p2a: Zarude|Zarude, tera:Ghost|11/100 tox
|move|p1a: Clodsire|Stealth Rock|p2a: Zarude
|-sidestart|p2: ricboooy|move: Stealth Rock
|
|-damage|p2a: Zarude|5/100 tox|[from] psn
|upkeep
|turn|18
|
|t:|1758284325
|move|p2a: Zarude|Knock Off|p1a: Clodsire
|-damage|p1a: Clodsire|46/100
|-enditem|p1a: Clodsire|Leftovers|[from] move: Knock Off|[of] p2a: Zarude
|move|p1a: Clodsire|Recover|p1a: Clodsire
|-heal|p1a: Clodsire|96/100
|
|-damage|p2a: Zarude|0 fnt|[from] psn
|faint|p2a: Zarude
|upkeep
|
|t:|1758284336
|switch|p2a: Zamazenta|Zamazenta|100/100
|-damage|p2a: Zamazenta|94/100|[from] Stealth Rock
|-ability|p2a: Zamazenta|Dauntless Shield|boost
|-boost|p2a: Zamazenta|def|1
|turn|19
|
|t:|1758284338
|move|p2a: Zamazenta|Substitute|p2a: Zamazenta
|-start|p2a: Zamazenta|Substitute
|-damage|p2a: Zamazenta|69/100
|move|p1a: Clodsire|Toxic||[still]
|-fail|p1a: Clodsire
|
|-heal|p2a: Zamazenta|76/100|[from] item: Leftovers
|upkeep
|turn|20
|
|t:|1758284344
|switch|p1a: Sandy Shocks|Sandy Shocks|100/100
|move|p2a: Zamazenta|Iron Defense|p2a: Zamazenta
|-boost|p2a: Zamazenta|def|2
|
|-heal|p2a: Zamazenta|82/100|[from] item: Leftovers
|upkeep
|turn|21
|
|t:|1758284358
|move|p1a: Sandy Shocks|Volt Switch|p2a: Zamazenta
|-end|p2a: Zamazenta|Substitute
|
|t:|1758284360
|-end|p1a: Sandy Shocks|Protosynthesis|[silent]
|switch|p1a: Toxapex|Toxapex, F|84/100|[from] Volt Switch
|move|p2a: Zamazenta|Body Press|p1a: Toxapex
|-resisted|p1a: Toxapex
|-damage|p1a: Toxapex|49/100
|
|-heal|p2a: Zamazenta|88/100|[from] item: Leftovers
|-heal|p1a: Toxapex|55/100|[from] item: Leftovers
|upkeep
|turn|22
|
|t:|1758284370
|switch|p1a: Sandy Shocks|Sandy Shocks|100/100
|move|p2a: Zamazenta|Psychic Fangs|p1a: Sandy Shocks
|-damage|p1a: Sandy Shocks|75/100
|
|-heal|p2a: Zamazenta|94/100|[from] item: Leftovers
|upkeep
|turn|23
|
|t:|1758284374
|move|p1a: Sandy Shocks|Thunderbolt|p2a: Zamazenta
|-damage|p2a: Zamazenta|53/100
|move|p2a: Zamazenta|Body Press|p1a: Sandy Shocks
|-damage|p1a: Sandy Shocks|0 fnt
|faint|p1a: Sandy Shocks
|-end|p1a: Sandy Shocks|Protosynthesis|[silent]
|
|-heal|p2a: Zamazenta|60/100|[from] item: Leftovers
|upkeep
|
|t:|1758284380
|switch|p1a: Toxapex|Toxapex, F|88/100
|turn|24
|
|t:|1758284382
|move|p2a: Zamazenta|Substitute|p2a: Zamazenta
|-start|p2a: Zamazenta|Substitute
|-damage|p2a: Zamazenta|35/100
|move|p1a: Toxapex|Toxic||[still]
|-fail|p1a: Toxapex
|
|-heal|p2a: Zamazenta|41/100|[from] item: Leftovers
|-heal|p1a: Toxapex|94/100|[from] item: Leftovers
|upkeep
|turn|25
|-message|chasemitchell forfeited.
|
|win|ricboooy
|raw|chasemitchell's rating: 1437 &rarr; <strong>1419</strong><br />(-18 for losing)
|raw|ricboooy's rating: 1464 &rarr; <strong>1482</strong><br />(+18 for winning)
|l|☆chasemitchell
|player|p1|
|l|☆ricboooy
|player|p2|
