|j|☆Anisstad
|j|☆CherylBush
|t:|1758249288
|gametype|singles
|player|p1|Anisstad|265|1527
|player|p2|CherylBush|mallow-masters|1554
|gen|9
|tier|[Gen 9] OU
|rated|
|rule|HP Percentage Mod: HP is shown in percentages
|rule|Endless Battle Clause: Forcing endless battles is banned
|rule|Species Clause: Limit one of each Pokémon
|rule|OHKO Clause: OHKO moves are banned
|rule|Evasion Items Clause: Evasion items are banned
|rule|Evasion Moves Clause: Evasion moves are banned
|rule|Evasion Abilities Clause: Evasion abilities are banned
|rule|Sleep Moves Clause: Sleep-inducing moves are banned
|clearpoke
|poke|p1|Clefable, F|
|poke|p1|Overqwil, M|
|poke|p1|Barraskewda, M|
|poke|p1|Pelipper, M|
|poke|p1|Goodra-Hisui, F|
|poke|p1|Pecharunt|
|poke|p2|Landorus-Therian, M|
|poke|p2|Skeledirge, M|
|poke|p2|Skarmory, M|
|poke|p2|Hydrapple, M|
|poke|p2|Samurott-Hisui, M|
|poke|p2|Fezandipiti, M|
|teampreview
|inactive|Battle timer is ON: inactive players will automatically lose when time's up. (requested by CherylBush)
|
|t:|1758249298
|teamsize|p1|6
|teamsize|p2|6
|start
|switch|p1a: Clefable|Clefable, F|100/100
|switch|p2a: Samurott|Samurott-Hisui, M, shiny|100/100
|turn|1
|
|t:|1758249309
|move|p2a: Samurott|Flip Turn|p1a: Clefable
|-damage|p1a: Clefable|76/100
|-damage|p2a: Samurott|84/100|[from] item: Rocky Helmet|[of] p1a: Clefable
|
|t:|1758249322
|switch|p2a: Skarmory|Skarmory, M, shiny|100/100|[from] Flip Turn
|move|p1a: Clefable|Stealth Rock|p2a: Skarmory
|-sidestart|p2: CherylBush|move: Stealth Rock
|
|upkeep
|turn|2
|
|t:|1758249328
|move|p2a: Skarmory|Stealth Rock|p1a: Clefable
|-sidestart|p1: Anisstad|move: Stealth Rock
|move|p1a: Clefable|Thunder Wave|p2a: Skarmory
|-status|p2a: Skarmory|par
|
|upkeep
|turn|3
|inactive|CherylBush has 120 seconds left.
|
|t:|1758249361
|switch|p2a: Skeledirge|Skeledirge, M, shiny|100/100
|move|p1a: Clefable|Wish|p1a: Clefable
|
|upkeep
|turn|4
|
|t:|1758249370
|move|p2a: Skeledirge|Torch Song|p1a: Clefable
|-damage|p1a: Clefable|46/100
|-boost|p2a: Skeledirge|spa|1
|move|p1a: Clefable|Thunder Wave|p2a: Skeledirge
|-status|p2a: Skeledirge|par
|
|-heal|p1a: Clefable|96/100|[from] move: Wish|[wisher] Clefable
|upkeep
|turn|5
|
|t:|1758249380
|switch|p1a: Pelipper|Pelipper, M|100/100
|-damage|p1a: Pelipper|75/100|[from] Stealth Rock
|-weather|RainDance|[from] ability: Drizzle|[of] p1a: Pelipper
|move|p2a: Skeledirge|Tera Blast|p1a: Pelipper
|-damage|p1a: Pelipper|30/100
|
|-weather|RainDance|[upkeep]
|upkeep
|turn|6
|
|t:|1758249395
|switch|p2a: Fez Boi|Fezandipiti, M|100/100
|move|p1a: Pelipper|Roost|p1a: Pelipper
|-heal|p1a: Pelipper|80/100
|-singleturn|p1a: Pelipper|move: Roost
|
|-weather|RainDance|[upkeep]
|upkeep
|turn|7
|
|t:|1758249404
|switch|p1a: Goodra|Goodra-Hisui, F|100/100
|-damage|p1a: Goodra|94/100|[from] Stealth Rock
|move|p2a: Fez Boi|Moonblast|p1a: Goodra
|-damage|p1a: Goodra|84/100
|
|-weather|RainDance|[upkeep]
|upkeep
|turn|8
|
|t:|1758249413
|switch|p2a: Skeledirge|Skeledirge, M, shiny|100/100 par
|move|p1a: Goodra|Hydro Pump|p2a: Skeledirge
|-supereffective|p2a: Skeledirge
|-damage|p2a: Skeledirge|12/100 par
|
|-weather|RainDance|[upkeep]
|upkeep
|turn|9
|
|t:|1758249422
|move|p1a: Goodra|Thunder|p2a: Skeledirge
|-damage|p2a: Skeledirge|0 fnt
|faint|p2a: Skeledirge
|
|-weather|RainDance|[upkeep]
|upkeep
|
|t:|1758249427
|switch|p2a: Landorus|Landorus-Therian, M, shiny|100/100
|-damage|p2a: Landorus|88/100|[from] Stealth Rock
|-ability|p2a: Landorus|Intimidate|boost
|-unboost|p1a: Goodra|atk|1
|turn|10
|
|t:|1758249441
|move|p2a: Landorus|U-turn|p1a: Goodra
|-resisted|p1a: Goodra
|-damage|p1a: Goodra|72/100
|-ability|p1a: Goodra|Gooey
|-unboost|p2a: Landorus|spe|1
|
|t:|1758249444
|switch|p2a: Fez Boi|Fezandipiti, M|100/100|[from] U-turn
|move|p1a: Goodra|Hydro Pump|p2a: Fez Boi|[miss]
|-miss|p1a: Goodra|p2a: Fez Boi
|
|-weather|RainDance|[upkeep]
|upkeep
|turn|11
|
|t:|1758249453
|move|p2a: Fez Boi|Moonblast|p1a: Goodra
|-damage|p1a: Goodra|60/100
|move|p1a: Goodra|Flash Cannon|p2a: Fez Boi
|-supereffective|p2a: Fez Boi
|-damage|p2a: Fez Boi|53/100
|
|-weather|RainDance|[upkeep]
|upkeep
|turn|12
|
|t:|1758249461
|move|p2a: Fez Boi|Calm Mind|p2a: Fez Boi
|-boost|p2a: Fez Boi|spa|1
|-boost|p2a: Fez Boi|spd|1
|move|p1a: Goodra|Flash Cannon|p2a: Fez Boi
|-supereffective|p2a: Fez Boi
|-damage|p2a: Fez Boi|19/100
|
|-weather|none
|upkeep
|turn|13
|
|t:|1758249468
|move|p2a: Fez Boi|Roost|p2a: Fez Boi
|-heal|p2a: Fez Boi|69/100
|-singleturn|p2a: Fez Boi|move: Roost
|move|p1a: Goodra|Flash Cannon|p2a: Fez Boi
|-supereffective|p2a: Fez Boi
|-damage|p2a: Fez Boi|36/100
|-unboost|p2a: Fez Boi|spd|1
|
|upkeep
|turn|14
|
|t:|1758249479
|switch|p2a: Samurott|Samurott-Hisui, M, shiny|84/100
|move|p1a: Goodra|Flash Cannon|p2a: Samurott
|-resisted|p2a: Samurott
|-damage|p2a: Samurott|51/100
|
|upkeep
|turn|15
|
|t:|1758249485
|move|p2a: Samurott|Ceaseless Edge|p1a: Goodra
|-damage|p1a: Goodra|16/100
|-ability|p1a: Goodra|Gooey
|-unboost|p2a: Samurott|spe|1
|-sidestart|p1: Anisstad|Spikes
|move|p1a: Goodra|Thunder|p2a: Samurott
|-supereffective|p2a: Samurott
|-damage|p2a: Samurott|0 fnt
|faint|p2a: Samurott
|
|upkeep
|
|t:|1758249491
|switch|p2a: Landorus|Landorus-Therian, M, shiny|88/100
|-damage|p2a: Landorus|76/100|[from] Stealth Rock
|-ability|p2a: Landorus|Intimidate|boost
|-unboost|p1a: Goodra|atk|1
|turn|16
|
|t:|1758249501
|switch|p1a: Pelipper|Pelipper, M|80/100
|-damage|p1a: Pelipper|55/100|[from] Stealth Rock
|-weather|RainDance|[from] ability: Drizzle|[of] p1a: Pelipper
|move|p2a: Landorus|Stone Edge|p1a: Pelipper
|-supereffective|p1a: Pelipper
|-damage|p1a: Pelipper|0 fnt
|faint|p1a: Pelipper
|
|-weather|RainDance|[upkeep]
|upkeep
|
|t:|1758249513
|switch|p1a: Barraskewda|Barraskewda, M|100/100
|-damage|p1a: Barraskewda|88/100|[from] Stealth Rock
|-damage|p1a: Barraskewda|75/100|[from] Spikes
|turn|17
|
|t:|1758249517
|switch|p2a: Leviathan|Hydrapple, M, shiny|100/100
|move|p1a: Barraskewda|Liquidation|p2a: Leviathan
|-resisted|p2a: Leviathan
|-damage|p2a: Leviathan|87/100
|-unboost|p2a: Leviathan|def|1
|-damage|p1a: Barraskewda|66/100|[from] item: Life Orb
|
|-weather|RainDance|[upkeep]
|upkeep
|turn|18
|
|t:|1758249527
|move|p1a: Barraskewda|Ice Fang|p2a: Leviathan
|-supereffective|p2a: Leviathan
|-damage|p2a: Leviathan|0 fnt
|faint|p2a: Leviathan
|-damage|p1a: Barraskewda|56/100|[from] item: Life Orb
|
|-weather|RainDance|[upkeep]
|upkeep
|
|t:|1758249531
|switch|p2a: Skarmory|Skarmory, M, shiny|100/100 par
|-damage|p2a: Skarmory|88/100 par|[from] Stealth Rock
|turn|19
|
|t:|1758249537
|move|p1a: Barraskewda|Liquidation|p2a: Skarmory
|-damage|p2a: Skarmory|37/100 par
|-damage|p1a: Barraskewda|39/100|[from] item: Rocky Helmet|[of] p2a: Skarmory
|-damage|p1a: Barraskewda|29/100|[from] item: Life Orb
|move|p2a: Skarmory|Body Press|p1a: Barraskewda
|-damage|p1a: Barraskewda|0 fnt
|faint|p1a: Barraskewda
|
|-weather|RainDance|[upkeep]
|upkeep
|
|t:|1758249549
|switch|p1a: Overqwil|Overqwil, M|100/100
|-damage|p1a: Overqwil|88/100|[from] Stealth Rock
|-damage|p1a: Overqwil|76/100|[from] Spikes
|turn|20
|
|t:|1758249564
|move|p1a: Overqwil|Swords Dance|p1a: Overqwil
|-boost|p1a: Overqwil|atk|2
|move|p2a: Skarmory|Roost|p2a: Skarmory
|-heal|p2a: Skarmory|87/100 par
|-singleturn|p2a: Skarmory|move: Roost
|
|-weather|RainDance|[upkeep]
|upkeep
|turn|21
|
|t:|1758249572
|move|p1a: Overqwil|Swords Dance|p1a: Overqwil
|-boost|p1a: Overqwil|atk|2
|move|p2a: Skarmory|Body Press|p1a: Overqwil
|-damage|p1a: Overqwil|41/100
|
|-weather|RainDance|[upkeep]
|upkeep
|turn|22
|
|t:|1758249584
|move|p1a: Overqwil|Liquidation|p2a: Skarmory
|-damage|p2a: Skarmory|0 fnt
|-damage|p1a: Overqwil|24/100|[from] item: Rocky Helmet|[of] p2a: Skarmory
|faint|p2a: Skarmory
|-damage|p1a: Overqwil|14/100|[from] item: Life Orb
|
|-weather|RainDance|[upkeep]
|upkeep
|
|t:|1758249593
|switch|p2a: Fez Boi|Fezandipiti, M|36/100
|turn|23
|
|t:|1758249596
|move|p1a: Overqwil|Liquidation|p2a: Fez Boi
|-damage|p2a: Fez Boi|0 fnt
|faint|p2a: Fez Boi
|-damage|p1a: Overqwil|4/100|[from] item: Life Orb
|
|-weather|none
|upkeep
|
|t:|1758249597
|switch|p2a: Landorus|Landorus-Therian, M, shiny|76/100
|-damage|p2a: Landorus|64/100|[from] Stealth Rock
|-ability|p2a: Landorus|Intimidate|boost
|-unboost|p1a: Overqwil|atk|1
|turn|24
|
|t:|1758249607
|move|p2a: Landorus|Earthquake|p1a: Overqwil
|-supereffective|p1a: Overqwil
|-damage|p1a: Overqwil|0 fnt
|faint|p1a: Overqwil
|
|upkeep
|
|t:|1758249616
|switch|p1a: Clefable|Clefable, F|96/100
|turn|25
|
|t:|1758249620
|-terastallize|p2a: Landorus|Ground
|move|p2a: Landorus|Earthquake|p1a: Clefable
|-damage|p1a: Clefable|36/100
|move|p1a: Clefable|Moonblast|p2a: Landorus
|-damage|p2a: Landorus|26/100
|
|upkeep
|turn|26
|
|t:|1758249628
|move|p2a: Landorus|Earthquake|p1a: Clefable
|-damage|p1a: Clefable|0 fnt
|faint|p1a: Clefable
|
|upkeep
|
|t:|1758249633
|switch|p1a: Pecharunt|Pecharunt|100/100
|turn|27
|
|t:|1758249638
|-terastallize|p1a: Pecharunt|Ghost
|move|p2a: Landorus|Earthquake|p1a: Pecharunt
|-damage|p1a: Pecharunt|66/100
|move|p1a: Pecharunt|Malignant Chain|p2a: Landorus
|-resisted|p2a: Landorus
|-damage|p2a: Landorus|7/100
|-status|p2a: Landorus|tox
|-start|p2a: Landorus|confusion|[from] ability: Poison Puppeteer|[of] p1a: Pecharunt
|
|-damage|p2a: Landorus|1/100 tox|[from] psn
|upkeep
|turn|28
|
|t:|1758249651
|-activate|p2a: Landorus|confusion
|move|p2a: Landorus|Earthquake|p1a: Pecharunt
|-damage|p1a: Pecharunt|28/100
|move|p1a: Pecharunt|Malignant Chain|p2a: Landorus
|-resisted|p2a: Landorus
|-damage|p2a: Landorus|0 fnt
|faint|p2a: Landorus
|
|win|Anisstad
|raw|Anisstad's rating: 1527 &rarr; <strong>1549</strong><br />(+22 for winning)
|raw|CherylBush's rating: 1554 &rarr; <strong>1532</strong><br />(-22 for losing)
|l|☆CherylBush
|player|p2|
