|j|☆p0undcake
|j|☆dr dumpster
|t:|1758233656
|gametype|singles
|player|p1|p0undcake|wattson|1270
|player|p2|dr dumpster|170|1206
|gen|9
|tier|[Gen 9] OU
|rated|
|rule|HP Percentage Mod: HP is shown in percentages
|rule|Endless Battle Clause: Forcing endless battles is banned
|rule|Species Clause: Limit one of each Pokémon
|rule|OHKO Clause: OHKO moves are banned
|rule|Evasion Items Clause: Evasion items are banned
|rule|Evasion Moves Clause: Evasion moves are banned
|rule|Evasion Abilities Clause: Evasion abilities are banned
|rule|Sleep Moves Clause: Sleep-inducing moves are banned
|clearpoke
|poke|p1|Dragapult, F|
|poke|p1|Dragonite, F|
|poke|p1|Ting-Lu|
|poke|p1|Weezing-Galar, F|
|poke|p1|Iron Crown|
|poke|p1|Zapdos|
|poke|p2|Weezing-Galar, F|
|poke|p2|Golem-Alola, M|
|poke|p2|Oranguru, F|
|poke|p2|Whiscash, F|
|poke|p2|Crawdaunt, F|
|poke|p2|Exeggutor-Alola, M|
|teampreview
|inactive|Battle timer is ON: inactive players will automatically lose when time's up. (requested by p0undcake)
|
|t:|1758233677
|teamsize|p1|6
|teamsize|p2|6
|start
|switch|p1a: Ting-Lu|Ting-Lu|100/100
|switch|p2a: Weezing|Weezing-Galar, F|100/100
|-ability|p2a: Weezing|Neutralizing Gas
|turn|1
|
|t:|1758233686
|move|p2a: Weezing|Will-O-Wisp|p1a: Ting-Lu
|-status|p1a: Ting-Lu|brn
|move|p1a: Ting-Lu|Earthquake|p2a: Weezing
|-supereffective|p2a: Weezing
|-damage|p2a: Weezing|67/100
|
|-damage|p1a: Ting-Lu|94/100 brn|[from] brn
|upkeep
|turn|2
|
|t:|1758233699
|move|p2a: Weezing|Strange Steam|p1a: Ting-Lu
|-supereffective|p1a: Ting-Lu
|-damage|p1a: Ting-Lu|66/100 brn
|move|p1a: Ting-Lu|Stealth Rock|p2a: Weezing
|-sidestart|p2: dr dumpster|move: Stealth Rock
|
|-heal|p1a: Ting-Lu|72/100 brn|[from] item: Leftovers
|-damage|p1a: Ting-Lu|66/100 brn|[from] brn
|upkeep
|turn|3
|
|t:|1758233719
|move|p2a: Weezing|Defog|p1a: Ting-Lu
|-unboost|p1a: Ting-Lu|evasion|1
|-sideend|p2: dr dumpster|Stealth Rock|[from] move: Defog|[of] p2a: Weezing
|move|p1a: Ting-Lu|Whirlwind|p2a: Weezing
|-end|p2a: Weezing|ability: Neutralizing Gas
|-ability|p1a: Ting-Lu|Vessel of Ruin
|drag|p2a: Golem|Golem-Alola, M|100/100
|
|-heal|p1a: Ting-Lu|72/100 brn|[from] item: Leftovers
|-damage|p1a: Ting-Lu|66/100 brn|[from] brn
|upkeep
|turn|4
|
|t:|1758233744
|move|p2a: Golem|Brick Break|p1a: Ting-Lu
|-supereffective|p1a: Ting-Lu
|-damage|p1a: Ting-Lu|24/100 brn
|move|p1a: Ting-Lu|Stealth Rock|p2a: Golem
|-sidestart|p2: dr dumpster|move: Stealth Rock
|
|-heal|p1a: Ting-Lu|31/100 brn|[from] item: Leftovers
|-damage|p1a: Ting-Lu|24/100 brn|[from] brn
|upkeep
|turn|5
|
|t:|1758233751
|switch|p1a: Weezing|Weezing-Galar, F|100/100
|-ability|p1a: Weezing|Neutralizing Gas
|move|p2a: Golem|Brick Break|p1a: Weezing
|-resisted|p1a: Weezing
|-damage|p1a: Weezing|95/100
|
|upkeep
|turn|6
|
|t:|1758233765
|switch|p2a: Whiscash|Whiscash, F|100/100
|-damage|p2a: Whiscash|94/100|[from] Stealth Rock
|move|p1a: Weezing|Toxic Spikes|p2a: Whiscash
|-sidestart|p2: dr dumpster|move: Toxic Spikes
|
|-heal|p2a: Whiscash|100/100|[from] item: Leftovers
|upkeep
|turn|7
|
|t:|1758233771
|move|p2a: Whiscash|Dragon Dance|p2a: Whiscash
|-boost|p2a: Whiscash|atk|1
|-boost|p2a: Whiscash|spe|1
|move|p1a: Weezing|Will-O-Wisp|p2a: Whiscash
|-status|p2a: Whiscash|brn
|
|-damage|p2a: Whiscash|94/100 brn|[from] brn
|upkeep
|turn|8
|
|t:|1758233781
|-end|p1a: Weezing|ability: Neutralizing Gas
|switch|p1a: Dragapult|Dragapult, F|100/100
|move|p2a: Whiscash|Dragon Dance|p2a: Whiscash
|-boost|p2a: Whiscash|atk|1
|-boost|p2a: Whiscash|spe|1
|
|-heal|p2a: Whiscash|100/100 brn|[from] item: Leftovers
|-damage|p2a: Whiscash|94/100 brn|[from] brn
|upkeep
|turn|9
|
|t:|1758233787
|-terastallize|p2a: Whiscash|Ice
|move|p2a: Whiscash|Tera Blast|p1a: Dragapult|[anim] Tera Blast Ice
|-supereffective|p1a: Dragapult
|-damage|p1a: Dragapult|16/100
|-start|p2a: Whiscash|Disable|Tera Blast|[from] ability: Cursed Body|[of] p1a: Dragapult
|move|p1a: Dragapult|Hex|p2a: Whiscash
|-damage|p2a: Whiscash|23/100 brn
|
|-heal|p2a: Whiscash|29/100 brn|[from] item: Leftovers
|-damage|p2a: Whiscash|23/100 brn|[from] brn
|upkeep
|turn|10
|
|t:|1758233800
|switch|p1a: Zapdos|Zapdos|100/100
|move|p2a: Whiscash|Earthquake|p1a: Zapdos
|-immune|p1a: Zapdos
|
|-heal|p2a: Whiscash|29/100 brn|[from] item: Leftovers
|-damage|p2a: Whiscash|23/100 brn|[from] brn
|upkeep
|turn|11
|
|t:|1758233806
|move|p2a: Whiscash|Liquidation|p1a: Zapdos
|-damage|p1a: Zapdos|57/100
|move|p1a: Zapdos|Volt Switch|p2a: Whiscash
|-damage|p2a: Whiscash|0 fnt
|faint|p2a: Whiscash
|
|t:|1758233812
|switch|p1a: Dragapult|Dragapult, F|16/100|[from] Volt Switch
|
|upkeep
|
|t:|1758233815
|switch|p2a: Weezing|Weezing-Galar, F|67/100
|-ability|p2a: Weezing|Neutralizing Gas
|-sideend|p2: dr dumpster|move: Toxic Spikes|[of] p2a: Weezing
|turn|12
|
|t:|1758233819
|move|p1a: Dragapult|Will-O-Wisp|p2a: Weezing|[miss]
|-miss|p1a: Dragapult|p2a: Weezing
|move|p2a: Weezing|Defog|p1a: Dragapult
|-unboost|p1a: Dragapult|evasion|1
|-sideend|p2: dr dumpster|Stealth Rock|[from] move: Defog|[of] p2a: Weezing
|
|upkeep
|turn|13
|
|t:|1758233828
|move|p1a: Dragapult|U-turn|p2a: Weezing
|-resisted|p2a: Weezing
|-damage|p2a: Weezing|63/100
|
|t:|1758233830
|switch|p1a: Ting-Lu|Ting-Lu|24/100 brn|[from] U-turn
|move|p2a: Weezing|Strange Steam|p1a: Ting-Lu
|-supereffective|p1a: Ting-Lu
|-damage|p1a: Ting-Lu|0 fnt
|faint|p1a: Ting-Lu
|
|upkeep
|
|t:|1758233832
|switch|p1a: Iron Crown|Iron Crown|100/100
|turn|14
|
|t:|1758233854
|-end|p2a: Weezing|ability: Neutralizing Gas
|switch|p2a: Oranguru|Oranguru, F|100/100
|move|p1a: Iron Crown|Tachyon Cutter|p2a: Oranguru
|-damage|p2a: Oranguru|81/100
|-damage|p2a: Oranguru|61/100
|-hitcount|p2a: Oranguru|2
|
|upkeep
|turn|15
|inactive|p0undcake has 120 seconds left.
|
|t:|1758233896
|move|p1a: Iron Crown|Tachyon Cutter|p2a: Oranguru
|-damage|p2a: Oranguru|40/100
|-damage|p2a: Oranguru|21/100
|-hitcount|p2a: Oranguru|2
|move|p2a: Oranguru|Shadow Ball|p1a: Iron Crown
|-supereffective|p1a: Iron Crown
|-damage|p1a: Iron Crown|50/100
|-unboost|p1a: Iron Crown|spd|1
|
|upkeep
|turn|16
|
|t:|1758233906
|move|p1a: Iron Crown|Tachyon Cutter|p2a: Oranguru
|-damage|p2a: Oranguru|1/100
|-damage|p2a: Oranguru|0 fnt
|faint|p2a: Oranguru
|-hitcount|p2: Oranguru|2
|
|upkeep
|
|t:|1758233918
|switch|p2a: Exeggutor|Exeggutor-Alola, M|100/100
|-item|p1a: Iron Crown|Choice Specs|[from] ability: Frisk|[of] p2a: Exeggutor
|turn|17
|
|t:|1758233931
|-end|p1a: Iron Crown|Quark Drive|[silent]
|switch|p1a: Weezing|Weezing-Galar, F|95/100
|-ability|p1a: Weezing|Neutralizing Gas
|move|p2a: Exeggutor|Flamethrower|p1a: Weezing
|-damage|p1a: Weezing|28/100
|
|upkeep
|turn|18
|
|t:|1758233940
|move|p1a: Weezing|Pain Split|p2a: Exeggutor
|-sethp|p2a: Exeggutor|62/100|[from] move: Pain Split|[silent]
|-sethp|p1a: Weezing|73/100|[from] move: Pain Split
|move|p2a: Exeggutor|Flamethrower|p1a: Weezing
|-damage|p1a: Weezing|8/100
|
|upkeep
|turn|19
|
|t:|1758233950
|move|p1a: Weezing|Toxic Spikes|p2a: Exeggutor
|-sidestart|p2: dr dumpster|move: Toxic Spikes
|move|p2a: Exeggutor|Flamethrower|p1a: Weezing
|-damage|p1a: Weezing|0 fnt
|faint|p1a: Weezing
|-end|p1a: Weezing|ability: Neutralizing Gas
|
|upkeep
|
|t:|1758233953
|switch|p1a: Dragapult|Dragapult, F|16/100
|turn|20
|
|t:|1758233958
|switch|p2a: Weezing|Weezing-Galar, F|63/100
|-ability|p2a: Weezing|Neutralizing Gas
|-sideend|p2: dr dumpster|move: Toxic Spikes|[of] p2a: Weezing
|move|p1a: Dragapult|U-turn|p2a: Weezing
|-resisted|p2a: Weezing
|-damage|p2a: Weezing|59/100
|
|t:|1758233964
|switch|p1a: Iron Crown|Iron Crown|50/100|[from] U-turn
|
|upkeep
|turn|21
|
|t:|1758233974
|-end|p2a: Weezing|ability: Neutralizing Gas
|switch|p2a: Exeggutor|Exeggutor-Alola, M|62/100
|-item|p1a: Iron Crown|Choice Specs|[from] ability: Frisk|[of] p2a: Exeggutor
|-terastallize|p1a: Iron Crown|Steel
|move|p1a: Iron Crown|Tachyon Cutter|p2a: Exeggutor
|-damage|p2a: Exeggutor|12/100
|-damage|p2a: Exeggutor|0 fnt
|faint|p2a: Exeggutor
|-hitcount|p2: Exeggutor|2
|
|upkeep
|
|t:|1758233999
|switch|p2a: Golem|Golem-Alola, M|100/100
|turn|22
|
|t:|1758234025
|move|p1a: Iron Crown|Tachyon Cutter|p2a: Golem
|-damage|p2a: Golem|18/100
|-damage|p2a: Golem|0 fnt
|faint|p2a: Golem
|-hitcount|p2: Golem|2
|
|upkeep
|
|t:|1758234028
|switch|p2a: Crawdaunt|Crawdaunt, F|100/100
|turn|23
|
|t:|1758234034
|-end|p1a: Iron Crown|Quark Drive|[silent]
|switch|p1a: Dragapult|Dragapult, F|16/100
|move|p2a: Crawdaunt|Dragon Dance|p2a: Crawdaunt
|-boost|p2a: Crawdaunt|atk|1
|-boost|p2a: Crawdaunt|spe|1
|
|upkeep
|turn|24
|
|t:|1758234039
|move|p2a: Crawdaunt|Aqua Jet|p1a: Dragapult
|-resisted|p1a: Dragapult
|-damage|p1a: Dragapult|0 fnt
|faint|p1a: Dragapult
|
|upkeep
|
|t:|1758234042
|switch|p1a: Zapdos|Zapdos|57/100
|turn|25
|
|t:|1758234054
|move|p2a: Crawdaunt|Aqua Jet|p1a: Zapdos
|-damage|p1a: Zapdos|9/100
|move|p1a: Zapdos|Volt Switch|p2a: Crawdaunt
|-supereffective|p2a: Crawdaunt
|-enditem|p2a: Crawdaunt|Focus Sash
|-damage|p2a: Crawdaunt|1/100
|
|t:|1758234060
|switch|p1a: Dragonite|Dragonite, F|100/100|[from] Volt Switch
|
|upkeep
|turn|26
|
|t:|1758234062
|move|p1a: Dragonite|Extreme Speed|p2a: Crawdaunt
|-damage|p2a: Crawdaunt|0 fnt
|faint|p2a: Crawdaunt
|
|upkeep
|-message|dr dumpster forfeited.
|
|win|p0undcake
|raw|p0undcake's rating: 1270 &rarr; <strong>1290</strong><br />(+20 for winning)
|raw|dr dumpster's rating: 1206 &rarr; <strong>1186</strong><br />(-20 for losing)
|l|☆dr dumpster
|player|p2|
|l|☆p0undcake
|player|p1|
