|j|☆DazzleofEros
|j|☆randomx6
|t:|1758243168
|gametype|singles
|player|p1|DazzleofEros|170|1000
|player|p2|randomx6|lucas|1000
|gen|9
|tier|[Gen 9] OU
|rated|
|rule|HP Percentage Mod: HP is shown in percentages
|rule|Endless Battle Clause: Forcing endless battles is banned
|rule|Species Clause: Limit one of each Pokémon
|rule|OHKO Clause: OHKO moves are banned
|rule|Evasion Items Clause: Evasion items are banned
|rule|Evasion Moves Clause: Evasion moves are banned
|rule|Evasion Abilities Clause: Evasion abilities are banned
|rule|Sleep Moves Clause: Sleep-inducing moves are banned
|clearpoke
|poke|p1|Alomomola, M|
|poke|p1|Zoroark-Hisui, F|
|poke|p1|Quaquaval, F|
|poke|p1|Dragalge, F|
|poke|p1|Garchomp, M|
|poke|p1|Moltres-Galar|
|poke|p2|Dedenne, F|
|poke|p2|Electivire, M|
|poke|p2|Iron Crown|
|poke|p2|Iron Thorns|
|poke|p2|Hippowdon, M|
|poke|p2|Honchkrow, F|
|teampreview
|inactive|Battle timer is ON: inactive players will automatically lose when time's up. (requested by randomx6)
|
|t:|1758243200
|teamsize|p1|6
|teamsize|p2|6
|start
|switch|p1a: Alomomola|Alomomola, M|100/100
|switch|p2a: Dedenne|Dedenne, F|100/100
|turn|1
|
|t:|1758243216
|move|p2a: Dedenne|U-turn|p1a: Alomomola
|-damage|p1a: Alomomola|93/100
|
|t:|1758243219
|switch|p2a: Electivire|Electivire, M|100/100|[from] U-turn
|move|p1a: Alomomola|Whirlpool|p2a: Electivire
|-damage|p2a: Electivire|93/100
|-activate|p2a: Electivire|move: Whirlpool|[of] p1a: Alomomola
|
|-heal|p1a: Alomomola|99/100|[from] item: Leftovers
|-damage|p2a: Electivire|80/100|[from] move: Whirlpool|[partiallytrapped]
|upkeep
|turn|2
|
|t:|1758243230
|move|p2a: Electivire|Reflect|p2a: Electivire
|-sidestart|p2: randomx6|Reflect
|move|p1a: Alomomola|Flip Turn|p2a: Electivire
|-damage|p2a: Electivire|71/100
|
|t:|1758243236
|switch|p1a: Garchomp|Garchomp, M|100/100|[from] Flip Turn
|
|-end|p2a: Electivire|Whirlpool|[partiallytrapped]|[silent]
|upkeep
|turn|3
|
|t:|1758243241
|move|p2a: Electivire|Light Screen|p2a: Electivire
|-sidestart|p2: randomx6|move: Light Screen
|move|p1a: Garchomp|Swords Dance|p1a: Garchomp
|-boost|p1a: Garchomp|atk|2
|
|upkeep
|turn|4
|
|t:|1758243246
|move|p2a: Electivire|Knock Off|p1a: Garchomp
|-damage|p1a: Garchomp|74/100
|-damage|p2a: Electivire|59/100|[from] ability: Rough Skin|[of] p1a: Garchomp
|-damage|p2a: Electivire|42/100|[from] item: Rocky Helmet|[of] p1a: Garchomp
|-enditem|p1a: Garchomp|Rocky Helmet|[from] move: Knock Off|[of] p2a: Electivire
|move|p1a: Garchomp|Earthquake|p2a: Electivire
|-supereffective|p2a: Electivire
|-damage|p2a: Electivire|0 fnt
|faint|p2a: Electivire
|
|upkeep
|inactive|randomx6 has 120 seconds left.
|
|t:|1758243278
|switch|p2a: Iron Thorns|Iron Thorns|100/100
|-item|p2a: Iron Thorns|Air Balloon
|turn|5
|
|t:|1758243284
|move|p1a: Garchomp|Iron Head|p2a: Iron Thorns
|-damage|p2a: Iron Thorns|74/100
|-enditem|p2a: Iron Thorns|Air Balloon
|move|p2a: Iron Thorns|Dragon Dance|p2a: Iron Thorns
|-boost|p2a: Iron Thorns|atk|1
|-boost|p2a: Iron Thorns|spe|1
|
|upkeep
|turn|6
|
|t:|1758243295
|move|p2a: Iron Thorns|Earthquake|p1a: Garchomp
|-damage|p1a: Garchomp|13/100
|move|p1a: Garchomp|Earthquake|p2a: Iron Thorns
|-supereffective|p2a: Iron Thorns
|-damage|p2a: Iron Thorns|0 fnt
|faint|p2a: Iron Thorns
|-end|p2a: Iron Thorns|Quark Drive|[silent]
|
|upkeep
|
|t:|1758243301
|switch|p2a: Honchkrow|Honchkrow, F|100/100
|turn|7
|
|t:|1758243306
|move|p2a: Honchkrow|Sucker Punch|p1a: Garchomp
|-damage|p1a: Garchomp|0 fnt
|-damage|p2a: Honchkrow|88/100|[from] ability: Rough Skin|[of] p1a: Garchomp
|faint|p1a: Garchomp
|-ability|p2a: Honchkrow|Moxie|boost
|-boost|p2a: Honchkrow|atk|1
|
|upkeep
|
|t:|1758243325
|switch|p1a: Alomomola|Alomomola, M|100/100
|turn|8
|
|t:|1758243331
|move|p2a: Honchkrow|Brave Bird|p1a: Alomomola
|-damage|p1a: Alomomola|37/100
|-damage|p2a: Honchkrow|57/100|[from] Recoil
|move|p1a: Alomomola|Whirlpool|p2a: Honchkrow
|-damage|p2a: Honchkrow|52/100
|-activate|p2a: Honchkrow|move: Whirlpool|[of] p1a: Alomomola
|
|-heal|p1a: Alomomola|43/100|[from] item: Leftovers
|-damage|p2a: Honchkrow|40/100|[from] move: Whirlpool|[partiallytrapped]
|upkeep
|turn|9
|
|t:|1758243359
|move|p2a: Honchkrow|Brave Bird|p1a: Alomomola
|-damage|p1a: Alomomola|0 fnt
|faint|p1a: Alomomola
|-ability|p2a: Honchkrow|Moxie|boost
|-boost|p2a: Honchkrow|atk|1
|-damage|p2a: Honchkrow|19/100|[from] Recoil
|
|-end|p2a: Honchkrow|Whirlpool|[partiallytrapped]|[silent]
|-sideend|p2: randomx6|Reflect
|upkeep
|inactive|DazzleofEros has 120 seconds left.
|
|t:|1758243384
|switch|p1a: Moltres|Moltres-Galar|100/100
|turn|10
|
|t:|1758243393
|move|p1a: Moltres|Foul Play|p2a: Honchkrow
|-resisted|p2a: Honchkrow
|-crit|p2a: Honchkrow
|-damage|p2a: Honchkrow|0 fnt
|faint|p2a: Honchkrow
|
|-sideend|p2: randomx6|move: Light Screen
|upkeep
|
|t:|1758243402
|switch|p2a: Iron Crown|Iron Crown|100/100
|turn|11
|inactive|DazzleofEros has 120 seconds left.
|
|t:|1758243407
|move|p2a: Iron Crown|Calm Mind|p2a: Iron Crown
|-boost|p2a: Iron Crown|spa|1
|-boost|p2a: Iron Crown|spd|1
|move|p1a: Moltres|Fiery Wrath|p2a: Iron Crown
|-supereffective|p2a: Iron Crown
|-damage|p2a: Iron Crown|46/100
|-enditem|p2a: Iron Crown|Weakness Policy
|-boost|p2a: Iron Crown|atk|2|[from] item: Weakness Policy
|-boost|p2a: Iron Crown|spa|2|[from] item: Weakness Policy
|
|upkeep
|turn|12
|inactive|DazzleofEros has 120 seconds left.
|
|t:|1758243425
|-terastallize|p2a: Iron Crown|Grass
|move|p2a: Iron Crown|Agility|p2a: Iron Crown
|-boost|p2a: Iron Crown|spe|2
|move|p1a: Moltres|Nasty Plot|p1a: Moltres
|-boost|p1a: Moltres|spa|2
|
|upkeep
|turn|13
|
|t:|1758243433
|move|p2a: Iron Crown|Tachyon Cutter|p1a: Moltres
|-crit|p1a: Moltres
|-damage|p1a: Moltres|21/100
|-enditem|p1a: Moltres|Petaya Berry|[eat]
|-boost|p1a: Moltres|spa|1|[from] item: Petaya Berry
|-damage|p1a: Moltres|0 fnt
|faint|p1a: Moltres
|-hitcount|p1: Moltres|2
|
|upkeep
|inactive|DazzleofEros has 120 seconds left.
|
|t:|1758243450
|switch|p1a: Dragalge|Dragalge, F|100/100
|turn|14
|inactive|DazzleofEros has 120 seconds left.
|
|t:|1758243456
|move|p2a: Iron Crown|Stored Power|p1a: Dragalge
|-supereffective|p1a: Dragalge
|-damage|p1a: Dragalge|0 fnt
|faint|p1a: Dragalge
|
|upkeep
|
|t:|1758243460
|switch|p1a: Quaquaval|Quaquaval, F|100/100
|turn|15
|
|t:|1758243467
|-terastallize|p1a: Quaquaval|Normal
|move|p2a: Iron Crown|Stored Power|p1a: Quaquaval
|-damage|p1a: Quaquaval|0 fnt
|replace|p1a: Zoroark|Zoroark-Hisui, F
|-end|p1a: Zoroark|Illusion
|faint|p1a: Zoroark
|
|upkeep
|
|t:|1758243471
|switch|p1a: Quaquaval|Quaquaval, F|100/100
|turn|16
|
|t:|1758243478
|move|p2a: Iron Crown|Stored Power|p1a: Quaquaval
|-supereffective|p1a: Quaquaval
|-crit|p1a: Quaquaval
|-damage|p1a: Quaquaval|0 fnt
|faint|p1a: Quaquaval
|
|win|randomx6
|raw|DazzleofEros's rating: 1000 &rarr; <strong>1000</strong><br />(+0 for losing)
|raw|randomx6's rating: 1000 &rarr; <strong>1040</strong><br />(+40 for winning)
|l|☆DazzleofEros
|player|p1|
