|j|☆sonic superstars
|j|‽TTExergy
|t:|1758300531
|gametype|singles
|player|p1|sonic superstars|acetrainer-gen4|1634
|player|p2|TTExergy|101|1561
|gen|9
|tier|[Gen 9] OU
|rated|
|rule|HP Percentage Mod: HP is shown in percentages
|rule|Endless Battle Clause: Forcing endless battles is banned
|rule|Species Clause: Limit one of each Pokémon
|rule|OHKO Clause: OHKO moves are banned
|rule|Evasion Items Clause: Evasion items are banned
|rule|Evasion Moves Clause: Evasion moves are banned
|rule|Evasion Abilities Clause: Evasion abilities are banned
|rule|Sleep Moves Clause: Sleep-inducing moves are banned
|clearpoke
|poke|p1|Garganacl, M|
|poke|p1|Great Tusk|
|poke|p1|Chesnaught, M|
|poke|p1|Dragapult, M|
|poke|p1|Moltres|
|poke|p1|Kingambit, M|
|poke|p2|Enamorus, F|
|poke|p2|Araquanid, M|
|poke|p2|Raging Bolt|
|poke|p2|Iron Treads|
|poke|p2|Moltres|
|poke|p2|Zamazenta-*|
|teampreview
|inactive|Battle timer is ON: inactive players will automatically lose when time's up. (requested by sonic superstars)
|
|t:|1758300549
|teamsize|p1|6
|teamsize|p2|6
|start
|switch|p1a: Garganacl|Garganacl, M|100/100
|switch|p2a: Araquanid|Araquanid, M|100/100
|turn|1
|
|t:|1758300574
|-terastallize|p1a: Garganacl|Water
|move|p1a: Garganacl|Salt Cure|p2a: Araquanid
|-supereffective|p2a: Araquanid
|-damage|p2a: Araquanid|68/100
|-start|p2a: Araquanid|Salt Cure
|move|p2a: Araquanid|Liquidation|p1a: Garganacl
|-resisted|p1a: Garganacl
|-crit|p1a: Garganacl
|-damage|p1a: Garganacl|71/100
|
|-heal|p1a: Garganacl|77/100|[from] item: Leftovers
|-damage|p2a: Araquanid|43/100|[from] Salt Cure
|upkeep
|turn|2
|
|t:|1758300582
|move|p1a: Garganacl|Stealth Rock|p2a: Araquanid
|-sidestart|p2: TTExergy|move: Stealth Rock
|move|p2a: Araquanid|Sticky Web|p1a: Garganacl
|-sidestart|p1: sonic superstars|move: Sticky Web
|
|-heal|p1a: Garganacl|83/100|[from] item: Leftovers
|-damage|p2a: Araquanid|18/100|[from] Salt Cure
|upkeep
|turn|3
|-enditem|p2a: Araquanid|Custap Berry|[eat]
|-activate|p2a: Araquanid|item: Custap Berry|[consumed]
|
|t:|1758300587
|move|p1a: Garganacl|Protect|p1a: Garganacl
|-singleturn|p1a: Garganacl|Protect
|move|p2a: Araquanid|Endeavor|p1a: Garganacl
|-activate|p1a: Garganacl|move: Protect
|
|-heal|p1a: Garganacl|89/100|[from] item: Leftovers
|-damage|p2a: Araquanid|0 fnt|[from] Salt Cure
|faint|p2a: Araquanid
|upkeep
|
|t:|1758300591
|switch|p2a: Raging Bolt|Raging Bolt|100/100
|-damage|p2a: Raging Bolt|88/100|[from] Stealth Rock
|-enditem|p2a: Raging Bolt|Booster Energy
|-activate|p2a: Raging Bolt|ability: Protosynthesis|[fromitem]
|-start|p2a: Raging Bolt|protosynthesisspa
|turn|4
|
|t:|1758300604
|switch|p1a: Kingambit|Kingambit, M|100/100
|-activate|p1a: Kingambit|move: Sticky Web
|-unboost|p1a: Kingambit|spe|1
|move|p2a: Raging Bolt|Dragon Pulse|p1a: Kingambit
|-resisted|p1a: Kingambit
|-damage|p1a: Kingambit|69/100
|
|-heal|p1a: Kingambit|75/100|[from] item: Leftovers
|upkeep
|turn|5
|
|t:|1758300616
|move|p2a: Raging Bolt|Thunderbolt|p1a: Kingambit
|-damage|p1a: Kingambit|4/100
|-status|p1a: Kingambit|par
|move|p1a: Kingambit|Kowtow Cleave|p2a: Raging Bolt
|-damage|p2a: Raging Bolt|45/100
|
|-heal|p1a: Kingambit|10/100 par|[from] item: Leftovers
|upkeep
|turn|6
|
|t:|1758300624
|move|p1a: Kingambit|Sucker Punch|p2a: Raging Bolt
|-damage|p2a: Raging Bolt|12/100
|move|p2a: Raging Bolt|Thunderbolt|p1a: Kingambit
|-damage|p1a: Kingambit|0 fnt
|faint|p1a: Kingambit
|-end|p1a: Kingambit|fallenundefined|[silent]
|
|upkeep
|
|t:|1758300627
|switch|p1a: Dragapult|Dragapult, M|100/100
|turn|7
|
|t:|1758300629
|move|p1a: Dragapult|Hex|p2a: Raging Bolt
|-damage|p2a: Raging Bolt|0 fnt
|faint|p2a: Raging Bolt
|-end|p2a: Raging Bolt|Protosynthesis|[silent]
|
|upkeep
|
|t:|1758300634
|switch|p2a: Iron Treads|Iron Treads|100/100
|-damage|p2a: Iron Treads|97/100|[from] Stealth Rock
|turn|8
|
|t:|1758300640
|move|p1a: Dragapult|Will-O-Wisp|p2a: Iron Treads
|-status|p2a: Iron Treads|brn
|move|p2a: Iron Treads|Knock Off|p1a: Dragapult
|-supereffective|p1a: Dragapult
|-damage|p1a: Dragapult|66/100
|-enditem|p1a: Dragapult|Heavy-Duty Boots|[from] move: Knock Off|[of] p2a: Iron Treads
|
|-heal|p2a: Iron Treads|100/100 brn|[from] item: Leftovers
|-damage|p2a: Iron Treads|94/100 brn|[from] brn
|upkeep
|turn|9
|
|t:|1758300644
|-end|p2a: Iron Treads|Quark Drive|[silent]
|switch|p2a: Moltres|Moltres|100/100
|move|p1a: Dragapult|Hex|p2a: Moltres
|-damage|p2a: Moltres|79/100
|
|upkeep
|turn|10
|
|t:|1758300654
|move|p1a: Dragapult|Hex|p2a: Moltres
|-damage|p2a: Moltres|60/100
|move|p2a: Moltres|Will-O-Wisp|p1a: Dragapult
|-status|p1a: Dragapult|brn
|
|-damage|p1a: Dragapult|60/100 brn|[from] brn
|upkeep
|turn|11
|
|t:|1758300659
|move|p1a: Dragapult|Draco Meteor|p2a: Moltres
|-damage|p2a: Moltres|21/100
|-unboost|p1a: Dragapult|spa|2
|move|p2a: Moltres|Roost|p2a: Moltres
|-heal|p2a: Moltres|71/100
|-singleturn|p2a: Moltres|move: Roost
|
|-damage|p1a: Dragapult|54/100 brn|[from] brn
|upkeep
|turn|12
|
|t:|1758300665
|switch|p1a: Garganacl|Garganacl, M, tera:Water|89/100
|-activate|p1a: Garganacl|move: Sticky Web
|-unboost|p1a: Garganacl|spe|1
|move|p2a: Moltres|U-turn|p1a: Garganacl
|-damage|p1a: Garganacl|79/100
|
|t:|1758300668
|switch|p2a: Enamorus|Enamorus, F|100/100|[from] U-turn
|-damage|p2a: Enamorus|76/100|[from] Stealth Rock
|
|-heal|p1a: Garganacl|85/100|[from] item: Leftovers
|upkeep
|turn|13
|
|t:|1758300671
|move|p2a: Enamorus|Moonblast|p1a: Garganacl
|-damage|p1a: Garganacl|39/100
|-unboost|p1a: Garganacl|spa|1
|move|p1a: Garganacl|Salt Cure|p2a: Enamorus
|-supereffective|p2a: Enamorus
|-damage|p2a: Enamorus|35/100
|-start|p2a: Enamorus|Salt Cure
|
|-heal|p1a: Garganacl|45/100|[from] item: Leftovers
|-damage|p2a: Enamorus|23/100|[from] Salt Cure
|upkeep
|turn|14
|
|t:|1758300675
|move|p1a: Garganacl|Protect|p1a: Garganacl
|-singleturn|p1a: Garganacl|Protect
|move|p2a: Enamorus|Moonblast|p1a: Garganacl
|-activate|p1a: Garganacl|move: Protect
|
|-heal|p1a: Garganacl|51/100|[from] item: Leftovers
|-damage|p2a: Enamorus|11/100|[from] Salt Cure
|upkeep
|turn|15
|
|t:|1758300682
|move|p2a: Enamorus|Moonblast|p1a: Garganacl
|-damage|p1a: Garganacl|0 fnt
|faint|p1a: Garganacl
|
|-damage|p2a: Enamorus|0 fnt|[from] Salt Cure
|faint|p2a: Enamorus
|upkeep
|
|t:|1758300690
|switch|p2a: Moltres|Moltres|71/100
|switch|p1a: Great Tusk|Great Tusk|100/100
|turn|16
|
|t:|1758300693
|move|p1a: Great Tusk|Knock Off|p2a: Moltres
|-damage|p2a: Moltres|35/100
|-enditem|p2a: Moltres|Heavy-Duty Boots|[from] move: Knock Off|[of] p1a: Great Tusk
|move|p2a: Moltres|Will-O-Wisp|p1a: Great Tusk
|-status|p1a: Great Tusk|brn
|
|-damage|p1a: Great Tusk|94/100 brn|[from] brn
|upkeep
|turn|17
|
|t:|1758300705
|-end|p1a: Great Tusk|Protosynthesis|[silent]
|switch|p1a: Moltres|Moltres|100/100
|move|p2a: Moltres|Roost|p2a: Moltres
|-heal|p2a: Moltres|85/100
|-singleturn|p2a: Moltres|move: Roost
|
|upkeep
|turn|18
|
|t:|1758300709
|move|p2a: Moltres|Flamethrower|p1a: Moltres
|-resisted|p1a: Moltres
|-damage|p1a: Moltres|88/100
|move|p1a: Moltres|Roar|p2a: Moltres
|drag|p2a: Zamazenta|Zamazenta|100/100
|-damage|p2a: Zamazenta|94/100|[from] Stealth Rock
|-ability|p2a: Zamazenta|Dauntless Shield|boost
|-boost|p2a: Zamazenta|def|1
|
|-heal|p2a: Zamazenta|100/100|[from] item: Leftovers
|upkeep
|turn|19
|
|t:|1758300718
|switch|p2a: Iron Treads|Iron Treads|94/100 brn
|-damage|p2a: Iron Treads|91/100 brn|[from] Stealth Rock
|switch|p1a: Chesnaught|Chesnaught, M|100/100
|-activate|p1a: Chesnaught|move: Sticky Web
|-unboost|p1a: Chesnaught|spe|1
|
|-heal|p2a: Iron Treads|97/100 brn|[from] item: Leftovers
|-damage|p2a: Iron Treads|91/100 brn|[from] brn
|upkeep
|turn|20
|
|t:|1758300727
|move|p2a: Iron Treads|Stealth Rock|p1a: Chesnaught
|-sidestart|p1: sonic superstars|move: Stealth Rock
|move|p1a: Chesnaught|Body Press|p2a: Iron Treads
|-supereffective|p2a: Iron Treads
|-damage|p2a: Iron Treads|39/100 brn
|
|-heal|p2a: Iron Treads|45/100 brn|[from] item: Leftovers
|-damage|p2a: Iron Treads|39/100 brn|[from] brn
|upkeep
|turn|21
|
|t:|1758300733
|switch|p1a: Great Tusk|Great Tusk|94/100 brn
|move|p2a: Iron Treads|Rapid Spin|p1a: Great Tusk
|-damage|p1a: Great Tusk|90/100 brn
|-boost|p2a: Iron Treads|spe|1
|-sideend|p2: TTExergy|Stealth Rock|[from] move: Rapid Spin|[of] p2a: Iron Treads
|
|-heal|p2a: Iron Treads|45/100 brn|[from] item: Leftovers
|-damage|p2a: Iron Treads|39/100 brn|[from] brn
|-damage|p1a: Great Tusk|84/100 brn|[from] brn
|upkeep
|turn|22
|
|t:|1758300739
|move|p2a: Iron Treads|Knock Off|p1a: Great Tusk
|-resisted|p1a: Great Tusk
|-damage|p1a: Great Tusk|80/100 brn
|-enditem|p1a: Great Tusk|Heavy-Duty Boots|[from] move: Knock Off|[of] p2a: Iron Treads
|move|p1a: Great Tusk|Rapid Spin|p2a: Iron Treads
|-resisted|p2a: Iron Treads
|-crit|p2a: Iron Treads
|-damage|p2a: Iron Treads|35/100 brn
|-boost|p1a: Great Tusk|spe|1
|-sideend|p1: sonic superstars|Stealth Rock|[from] move: Rapid Spin|[of] p1a: Great Tusk
|-sideend|p1: sonic superstars|Sticky Web|[from] move: Rapid Spin|[of] p1a: Great Tusk
|
|-heal|p2a: Iron Treads|41/100 brn|[from] item: Leftovers
|-damage|p1a: Great Tusk|74/100 brn|[from] brn
|-damage|p2a: Iron Treads|35/100 brn|[from] brn
|upkeep
|turn|23
|
|t:|1758300745
|move|p1a: Great Tusk|Rapid Spin|p2a: Iron Treads
|-resisted|p2a: Iron Treads
|-damage|p2a: Iron Treads|33/100 brn
|-boost|p1a: Great Tusk|spe|1
|move|p2a: Iron Treads|Stealth Rock|p1a: Great Tusk
|-sidestart|p1: sonic superstars|move: Stealth Rock
|
|-heal|p2a: Iron Treads|39/100 brn|[from] item: Leftovers
|-damage|p1a: Great Tusk|67/100 brn|[from] brn
|-damage|p2a: Iron Treads|33/100 brn|[from] brn
|upkeep
|turn|24
|
|t:|1758300749
|move|p1a: Great Tusk|Rapid Spin|p2a: Iron Treads
|-resisted|p2a: Iron Treads
|-damage|p2a: Iron Treads|30/100 brn
|-boost|p1a: Great Tusk|spe|1
|-sideend|p1: sonic superstars|Stealth Rock|[from] move: Rapid Spin|[of] p1a: Great Tusk
|move|p2a: Iron Treads|Earthquake|p1a: Great Tusk
|-damage|p1a: Great Tusk|54/100 brn
|
|-heal|p2a: Iron Treads|36/100 brn|[from] item: Leftovers
|-damage|p1a: Great Tusk|47/100 brn|[from] brn
|-damage|p2a: Iron Treads|30/100 brn|[from] brn
|upkeep
|turn|25
|
|t:|1758300752
|move|p1a: Great Tusk|Headlong Rush|p2a: Iron Treads
|-supereffective|p2a: Iron Treads
|-damage|p2a: Iron Treads|0 fnt
|-unboost|p1a: Great Tusk|def|1
|-unboost|p1a: Great Tusk|spd|1
|faint|p2a: Iron Treads
|-end|p2a: Iron Treads|Quark Drive|[silent]
|
|-damage|p1a: Great Tusk|41/100 brn|[from] brn
|upkeep
|
|t:|1758300754
|switch|p2a: Zamazenta|Zamazenta|100/100
|turn|26
|
|t:|1758300756
|move|p1a: Great Tusk|Knock Off|p2a: Zamazenta
|-resisted|p2a: Zamazenta
|-damage|p2a: Zamazenta|94/100
|-enditem|p2a: Zamazenta|Leftovers|[from] move: Knock Off|[of] p1a: Great Tusk
|move|p2a: Zamazenta|Iron Defense|p2a: Zamazenta
|-boost|p2a: Zamazenta|def|2
|
|-damage|p1a: Great Tusk|35/100 brn|[from] brn
|upkeep
|turn|27
|
|t:|1758300760
|-end|p1a: Great Tusk|Protosynthesis|[silent]
|switch|p1a: Chesnaught|Chesnaught, M|100/100
|move|p2a: Zamazenta|Iron Defense|p2a: Zamazenta
|-boost|p2a: Zamazenta|def|2
|
|upkeep
|turn|28
|
|t:|1758300762
|move|p2a: Zamazenta|Body Press|p1a: Chesnaught
|-damage|p1a: Chesnaught|47/100
|-damage|p2a: Zamazenta|78/100|[from] item: Rocky Helmet|[of] p1a: Chesnaught
|move|p1a: Chesnaught|Iron Defense|p1a: Chesnaught
|-boost|p1a: Chesnaught|def|2
|
|upkeep
|turn|29
|
|t:|1758300765
|move|p2a: Zamazenta|Iron Defense|p2a: Zamazenta
|-boost|p2a: Zamazenta|def|2
|move|p1a: Chesnaught|Synthesis|p1a: Chesnaught
|-heal|p1a: Chesnaught|97/100
|
|upkeep
|turn|30
|
|t:|1758300767
|move|p1a: Chesnaught|Iron Defense|p1a: Chesnaught
|-boost|p1a: Chesnaught|def|2
|move|p2a: Zamazenta|Roar|p1a: Chesnaught
|drag|p1a: Moltres|Moltres|88/100
|
|upkeep
|turn|31
|
|t:|1758300774
|switch|p1a: Great Tusk|Great Tusk|35/100 brn
|move|p2a: Zamazenta|Body Press|p1a: Great Tusk
|-damage|p1a: Great Tusk|0 fnt
|faint|p1a: Great Tusk
|-end|p1a: Great Tusk|Protosynthesis|[silent]
|
|upkeep
|
|t:|1758300777
|switch|p1a: Dragapult|Dragapult, M|54/100 brn
|turn|32
|
|t:|1758300780
|switch|p2a: Moltres|Moltres|85/100
|move|p1a: Dragapult|Will-O-Wisp|p2a: Moltres
|-immune|p2a: Moltres
|
|-damage|p1a: Dragapult|48/100 brn|[from] brn
|upkeep
|turn|33
|
|t:|1758300784
|switch|p1a: Moltres|Moltres|88/100
|move|p2a: Moltres|U-turn|p1a: Moltres
|-resisted|p1a: Moltres
|-damage|p1a: Moltres|85/100
|
|t:|1758300787
|switch|p2a: Zamazenta|Zamazenta|78/100|[from] U-turn
|
|upkeep
|turn|34
|
|t:|1758300789
|move|p1a: Moltres|Flamethrower|p2a: Zamazenta
|-damage|p2a: Zamazenta|49/100
|move|p2a: Zamazenta|Roar|p1a: Moltres
|drag|p1a: Dragapult|Dragapult, M|48/100 brn
|
|-damage|p1a: Dragapult|42/100 brn|[from] brn
|upkeep
|turn|35
|
|t:|1758300796
|switch|p2a: Moltres|Moltres|85/100
|move|p1a: Dragapult|U-turn|p2a: Moltres
|-resisted|p2a: Moltres
|-damage|p2a: Moltres|83/100
|
|t:|1758300799
|switch|p1a: Moltres|Moltres|85/100|[from] U-turn
|
|upkeep
|turn|36
|
|t:|1758300802
|move|p1a: Moltres|Flamethrower|p2a: Moltres
|-resisted|p2a: Moltres
|-damage|p2a: Moltres|69/100
|move|p2a: Moltres|Flamethrower|p1a: Moltres
|-resisted|p1a: Moltres
|-damage|p1a: Moltres|71/100
|
|upkeep
|turn|37
|
|t:|1758300804
|move|p1a: Moltres|Flamethrower|p2a: Moltres
|-resisted|p2a: Moltres
|-damage|p2a: Moltres|55/100
|move|p2a: Moltres|U-turn|p1a: Moltres
|-resisted|p1a: Moltres
|-damage|p1a: Moltres|68/100
|
|t:|1758300806
|switch|p2a: Zamazenta|Zamazenta|49/100|[from] U-turn
|
|upkeep
|turn|38
|
|t:|1758300808
|move|p2a: Zamazenta|Body Press|p1a: Moltres
|-resisted|p1a: Moltres
|-damage|p1a: Moltres|52/100
|move|p1a: Moltres|Flamethrower|p2a: Zamazenta
|-damage|p2a: Zamazenta|20/100
|-status|p2a: Zamazenta|brn
|
|-damage|p2a: Zamazenta|14/100 brn|[from] brn
|upkeep
|turn|39
|
|t:|1758300810
|move|p2a: Zamazenta|Crunch|p1a: Moltres
|-damage|p1a: Moltres|41/100
|move|p1a: Moltres|Roost|p1a: Moltres
|-heal|p1a: Moltres|91/100
|-singleturn|p1a: Moltres|move: Roost
|
|-damage|p2a: Zamazenta|8/100 brn|[from] brn
|upkeep
|turn|40
|
|t:|1758300814
|move|p2a: Zamazenta|Body Press|p1a: Moltres
|-resisted|p1a: Moltres
|-damage|p1a: Moltres|83/100
|move|p1a: Moltres|Flamethrower|p2a: Zamazenta
|-damage|p2a: Zamazenta|0 fnt
|faint|p2a: Zamazenta
|
|upkeep
|-message|TTExergy forfeited.
|
|win|sonic superstars
|raw|sonic superstars's rating: 1634 &rarr; <strong>1650</strong><br />(+16 for winning)
|raw|TTExergy's rating: 1561 &rarr; <strong>1545</strong><br />(-16 for losing)
|l|‽TTExergy
|player|p2|
|l|☆sonic superstars
|player|p1|
