|j|☆whichjuanz
|j|☆Axstar_1
|t:|1758307218
|gametype|singles
|player|p1|whichjuanz|hiker-gen4|1366
|player|p2|Axstar_1|fisherman|1434
|gen|9
|tier|[Gen 9] OU
|rated|
|rule|HP Percentage Mod: HP is shown in percentages
|rule|Endless Battle Clause: Forcing endless battles is banned
|rule|Species Clause: Limit one of each Pokémon
|rule|OHKO Clause: OHKO moves are banned
|rule|Evasion Items Clause: Evasion items are banned
|rule|Evasion Moves Clause: Evasion moves are banned
|rule|Evasion Abilities Clause: Evasion abilities are banned
|rule|Sleep Moves Clause: Sleep-inducing moves are banned
|clearpoke
|poke|p1|Exeggutor-Alola, F|
|poke|p1|Cinderace, F|
|poke|p1|Quaquaval, F|
|poke|p1|Palossand, F|
|poke|p1|Comfey, F|
|poke|p1|Dugtrio-Alola, M|
|poke|p2|Glimmora, F|
|poke|p2|Kingambit, F|
|poke|p2|Darkrai|
|poke|p2|Zamazenta-*|
|poke|p2|Dragonite, F|
|poke|p2|Iron Valiant|
|teampreview
|inactive|Battle timer is ON: inactive players will automatically lose when time's up. (requested by whichjuanz)
|
|t:|1758307226
|teamsize|p1|6
|teamsize|p2|6
|start
|switch|p1a: KLOuFRENS|Dugtrio-Alola, M|100/100
|switch|p2a: Kamikaze|Glimmora, F|100/100
|turn|1
|
|t:|1758307232
|move|p1a: KLOuFRENS|Stealth Rock|p2a: Kamikaze
|-sidestart|p2: Axstar_1|move: Stealth Rock
|move|p2a: Kamikaze|Earth Power|p1a: KLOuFRENS
|-supereffective|p1a: KLOuFRENS
|-enditem|p1a: KLOuFRENS|Focus Sash
|-damage|p1a: KLOuFRENS|1/100
|-unboost|p1a: KLOuFRENS|spd|1
|
|upkeep
|turn|2
|
|t:|1758307240
|move|p1a: KLOuFRENS|Endeavor|p2a: Kamikaze
|-damage|p2a: Kamikaze|1/100
|-activate|p2a: Kamikaze|ability: Toxic Debris
|-sidestart|p1: whichjuanz|move: Toxic Spikes
|move|p2a: Kamikaze|Power Gem|p1a: KLOuFRENS
|-resisted|p1a: KLOuFRENS
|-damage|p1a: KLOuFRENS|0 fnt
|faint|p1a: KLOuFRENS
|
|upkeep
|
|t:|1758307244
|switch|p1a: BAILE INoLVIDABLE|Quaquaval, F|100/100
|-item|p1a: BAILE INoLVIDABLE|Air Balloon
|turn|3
|
|t:|1758307253
|move|p2a: Kamikaze|Stealth Rock|p1a: BAILE INoLVIDABLE
|-sidestart|p1: whichjuanz|move: Stealth Rock
|move|p1a: BAILE INoLVIDABLE|Aqua Step|p2a: Kamikaze
|-supereffective|p2a: Kamikaze
|-damage|p2a: Kamikaze|0 fnt
|-boost|p1a: BAILE INoLVIDABLE|spe|1
|-activate|p2a: Kamikaze|ability: Toxic Debris
|-sidestart|p1: whichjuanz|move: Toxic Spikes
|faint|p2a: Kamikaze
|-ability|p1a: BAILE INoLVIDABLE|Moxie|boost
|-boost|p1a: BAILE INoLVIDABLE|atk|1
|
|upkeep
|
|t:|1758307264
|switch|p2a: Neuille|Iron Valiant|100/100
|-damage|p2a: Neuille|94/100|[from] Stealth Rock
|-enditem|p2a: Neuille|Booster Energy
|-activate|p2a: Neuille|ability: Quark Drive|[fromitem]
|-start|p2a: Neuille|quarkdrivespe
|turn|4
|
|t:|1758307271
|-terastallize|p1a: BAILE INoLVIDABLE|Poison
|move|p2a: Neuille|Moonblast|p1a: BAILE INoLVIDABLE
|-resisted|p1a: BAILE INoLVIDABLE
|-damage|p1a: BAILE INoLVIDABLE|68/100
|-enditem|p1a: BAILE INoLVIDABLE|Air Balloon
|move|p1a: BAILE INoLVIDABLE|Aqua Step|p2a: Neuille
|-damage|p2a: Neuille|20/100
|-boost|p1a: BAILE INoLVIDABLE|spe|1
|
|upkeep
|turn|5
|
|t:|1758307282
|move|p1a: BAILE INoLVIDABLE|Aqua Step|p2a: Neuille
|-damage|p2a: Neuille|0 fnt
|-boost|p1a: BAILE INoLVIDABLE|spe|1
|faint|p2a: Neuille
|-end|p2a: Neuille|Quark Drive|[silent]
|-ability|p1a: BAILE INoLVIDABLE|Moxie|boost
|-boost|p1a: BAILE INoLVIDABLE|atk|1
|
|upkeep
|
|t:|1758307291
|switch|p2a: chill guy|Dragonite, F|100/100
|turn|6
|
|t:|1758307294
|move|p1a: BAILE INoLVIDABLE|Knock Off|p2a: chill guy
|-damage|p2a: chill guy|63/100
|-enditem|p2a: chill guy|Heavy-Duty Boots|[from] move: Knock Off|[of] p1a: BAILE INoLVIDABLE
|move|p2a: chill guy|Earthquake|p1a: BAILE INoLVIDABLE
|-supereffective|p1a: BAILE INoLVIDABLE
|-damage|p1a: BAILE INoLVIDABLE|0 fnt
|faint|p1a: BAILE INoLVIDABLE
|
|upkeep
|
|t:|1758307298
|switch|p1a: ELCLuB|Cinderace, F|100/100
|turn|7
|
|t:|1758307304
|move|p1a: ELCLuB|Court Change|p1a: ELCLuB
|-start|p1a: ELCLuB|typechange|Normal|[from] ability: Libero
|-swapsideconditions
|-activate|p1a: ELCLuB|move: Court Change
|move|p2a: chill guy|Earthquake|p1a: ELCLuB
|-damage|p1a: ELCLuB|41/100
|
|upkeep
|turn|8
|inactive|whichjuanz has 120 seconds left.
|inactive|whichjuanz has 90 seconds left.
|
|t:|1758307390
|move|p1a: ELCLuB|Sucker Punch|p2a: chill guy
|-damage|p2a: chill guy|38/100
|move|p2a: chill guy|Earthquake|p1a: ELCLuB
|-crit|p1a: ELCLuB
|-damage|p1a: ELCLuB|0 fnt
|faint|p1a: ELCLuB
|
|upkeep
|
|t:|1758307393
|switch|p1a: BOKeTE|Exeggutor-Alola, F|100/100
|-damage|p1a: BOKeTE|88/100|[from] Stealth Rock
|turn|9
|
|t:|1758307400
|move|p2a: chill guy|Ice Spinner|p1a: BOKeTE
|-supereffective|p1a: BOKeTE
|-damage|p1a: BOKeTE|2/100
|-enditem|p1a: BOKeTE|Sitrus Berry|[eat]
|-heal|p1a: BOKeTE|27/100|[from] item: Sitrus Berry
|move|p1a: BOKeTE|Wood Hammer|p2a: chill guy
|-resisted|p2a: chill guy
|-damage|p2a: chill guy|27/100
|-damage|p1a: BOKeTE|24/100|[from] Recoil
|
|-item|p1a: BOKeTE|Sitrus Berry|[from] ability: Harvest
|upkeep
|-enditem|p1a: BOKeTE|Sitrus Berry|[eat]
|-heal|p1a: BOKeTE|49/100|[from] item: Sitrus Berry
|turn|10
|
|t:|1758307413
|move|p2a: chill guy|Ice Spinner|p1a: BOKeTE
|-supereffective|p1a: BOKeTE
|-damage|p1a: BOKeTE|0 fnt
|faint|p1a: BOKeTE
|
|upkeep
|
|t:|1758307415
|switch|p1a: DtMF|Comfey, F|100/100
|-damage|p1a: DtMF|88/100|[from] Stealth Rock
|turn|11
|
|t:|1758307420
|move|p2a: chill guy|Earthquake|p1a: DtMF
|-damage|p1a: DtMF|41/100
|move|p1a: DtMF|Trick|p2a: chill guy
|-activate|p1a: DtMF|move: Trick|[of] p2a: chill guy
|-item|p2a: chill guy|Choice Specs|[from] move: Trick
|-enditem|p1a: DtMF|Choice Specs|[silent]|[from] move: Trick
|
|upkeep
|turn|12
|
|t:|1758307433
|move|p1a: DtMF|Draining Kiss|p2a: chill guy
|-supereffective|p2a: chill guy
|-damage|p2a: chill guy|0 fnt
|-heal|p1a: DtMF|61/100|[from] drain|[of] p2a: chill guy
|faint|p2a: chill guy
|
|upkeep
|
|t:|1758307439
|switch|p2a: malveillance max|Darkrai|100/100
|-status|p2a: malveillance max|tox
|-damage|p2a: malveillance max|88/100 tox|[from] Stealth Rock
|turn|13
|
|t:|1758307445
|-terastallize|p2a: malveillance max|Poison
|move|p1a: DtMF|Draining Kiss|p2a: malveillance max
|-resisted|p2a: malveillance max
|-damage|p2a: malveillance max|74/100 tox
|-heal|p1a: DtMF|71/100|[from] drain|[of] p2a: malveillance max
|move|p2a: malveillance max|Sludge Bomb|p1a: DtMF
|-supereffective|p1a: DtMF
|-damage|p1a: DtMF|0 fnt
|faint|p1a: DtMF
|-damage|p2a: malveillance max|64/100 tox|[from] item: Life Orb
|
|-damage|p2a: malveillance max|58/100 tox|[from] psn
|upkeep
|
|t:|1758307447
|switch|p1a: TURiSTA|Palossand, F|100/100
|-damage|p1a: TURiSTA|94/100|[from] Stealth Rock
|turn|14
|
|t:|1758307460
|move|p2a: malveillance max|Dark Pulse|p1a: TURiSTA
|-supereffective|p1a: TURiSTA
|-damage|p1a: TURiSTA|0 fnt
|faint|p1a: TURiSTA
|-damage|p2a: malveillance max|48/100 tox|[from] item: Life Orb
|
|win|Axstar_1
|raw|whichjuanz's rating: 1366 &rarr; <strong>1350</strong><br />(-16 for losing)
|raw|Axstar_1's rating: 1434 &rarr; <strong>1450</strong><br />(+16 for winning)
|l|☆whichjuanz
|player|p1|
|l|☆Axstar_1
|player|p2|
