|j|☆BcorneliaW
|j|☆AllegianceIs2UrMom
|t:|1758361295
|gametype|singles
|player|p1|BcorneliaW|265|1422
|player|p2|AllegianceIs2UrMom|102|1488
|gen|9
|tier|[Gen 9] OU
|rated|
|rule|HP Percentage Mod: HP is shown in percentages
|rule|Endless Battle Clause: Forcing endless battles is banned
|rule|Species Clause: Limit one of each Pokémon
|rule|OHKO Clause: OHKO moves are banned
|rule|Evasion Items Clause: Evasion items are banned
|rule|Evasion Moves Clause: Evasion moves are banned
|rule|Evasion Abilities Clause: Evasion abilities are banned
|rule|Sleep Moves Clause: Sleep-inducing moves are banned
|clearpoke
|poke|p1|Eelektross, F|
|poke|p1|Klefki, F|
|poke|p1|Hatterene, F|
|poke|p1|Landorus-Therian, M|
|poke|p1|Pecharunt|
|poke|p1|Iron Moth|
|poke|p2|Metagross|
|poke|p2|Hatterene, F|
|poke|p2|Iron Hands|
|poke|p2|Toedscruel, M|
|poke|p2|Pelipper, M|
|poke|p2|Ursaluna, M|
|teampreview
|inactive|Battle timer is ON: inactive players will automatically lose when time's up. (requested by AllegianceIs2UrMom)
|
|t:|1758361309
|teamsize|p1|6
|teamsize|p2|6
|start
|switch|p1a: Klefki|Klefki, F|100/100
|switch|p2a: Iron Hands|Iron Hands|100/100
|turn|1
|
|t:|1758361312
|move|p1a: Klefki|Reflect|p1a: Klefki
|-sidestart|p1: BcorneliaW|Reflect
|move|p2a: Iron Hands|Swords Dance|p2a: Iron Hands
|-boost|p2a: Iron Hands|atk|2
|
|upkeep
|turn|2
|
|t:|1758361315
|move|p1a: Klefki|Light Screen|p1a: Klefki
|-sidestart|p1: BcorneliaW|move: Light Screen
|move|p2a: Iron Hands|Swords Dance|p2a: Iron Hands
|-boost|p2a: Iron Hands|atk|2
|
|upkeep
|turn|3
|
|t:|1758361318
|move|p1a: Klefki|Spikes|p2a: Iron Hands
|-sidestart|p2: AllegianceIs2UrMom|Spikes
|move|p2a: Iron Hands|Swords Dance|p2a: Iron Hands
|-boost|p2a: Iron Hands|atk|2
|
|upkeep
|turn|4
|
|t:|1758361320
|move|p1a: Klefki|Steel Beam|p2a: Iron Hands
|-resisted|p2a: Iron Hands
|-damage|p2a: Iron Hands|73/100
|-damage|p1a: Klefki|50/100|[from] steelbeam
|move|p2a: Iron Hands|Swords Dance|p2a: Iron Hands
|-boost|p2a: Iron Hands|atk|0
|
|-heal|p2a: Iron Hands|79/100|[from] item: Leftovers
|upkeep
|turn|5
|
|t:|1758361325
|move|p1a: Klefki|Steel Beam|p2a: Iron Hands
|-resisted|p2a: Iron Hands
|-damage|p2a: Iron Hands|51/100
|-damage|p1a: Klefki|0 fnt|[from] steelbeam
|faint|p1a: Klefki
|move|p2a: Iron Hands|Swords Dance|p2a: Iron Hands
|-boost|p2a: Iron Hands|atk|0
|
|-heal|p2a: Iron Hands|58/100|[from] item: Leftovers
|upkeep
|
|t:|1758361337
|switch|p1a: Landorus|Landorus-Therian, M|100/100
|-ability|p1a: Landorus|Intimidate|boost
|-unboost|p2a: Iron Hands|atk|1
|turn|6
|
|t:|1758361344
|move|p1a: Landorus|U-turn|p2a: Iron Hands
|-resisted|p2a: Iron Hands
|-damage|p2a: Iron Hands|49/100
|
|t:|1758361346
|switch|p1a: Hatterene|Hatterene, F|100/100|[from] U-turn
|move|p2a: Iron Hands|Ice Punch|p1a: Hatterene
|-damage|p1a: Hatterene|63/100
|-enditem|p1a: Hatterene|Eject Button
|
|t:|1758361357
|switch|p1a: Eelektross|Eelektross, F|100/100
|
|-heal|p2a: Iron Hands|55/100|[from] item: Leftovers
|upkeep
|turn|7
|
|t:|1758361366
|move|p1a: Eelektross|Knock Off|p2a: Iron Hands
|-resisted|p2a: Iron Hands
|-damage|p2a: Iron Hands|46/100
|-enditem|p2a: Iron Hands|Leftovers|[from] move: Knock Off|[of] p1a: Eelektross
|move|p2a: Iron Hands|Drain Punch|p1a: Eelektross
|-damage|p1a: Eelektross|26/100
|-heal|p2a: Iron Hands|73/100|[from] drain|[of] p1a: Eelektross
|
|-heal|p1a: Eelektross|32/100|[from] item: Leftovers
|upkeep
|turn|8
|
|t:|1758361373
|switch|p1a: Landorus|Landorus-Therian, M|100/100
|-ability|p1a: Landorus|Intimidate|boost
|-unboost|p2a: Iron Hands|atk|1
|move|p2a: Iron Hands|Drain Punch|p1a: Landorus
|-resisted|p1a: Landorus
|-damage|p1a: Landorus|64/100
|-heal|p2a: Iron Hands|84/100|[from] drain|[of] p1a: Landorus
|
|-heal|p1a: Landorus|70/100|[from] item: Leftovers
|-sideend|p1: BcorneliaW|Reflect
|upkeep
|turn|9
|
|t:|1758361377
|move|p1a: Landorus|Earthquake|p2a: Iron Hands
|-supereffective|p2a: Iron Hands
|-damage|p2a: Iron Hands|16/100
|move|p2a: Iron Hands|Ice Punch|p1a: Landorus
|-supereffective|p1a: Landorus
|-damage|p1a: Landorus|0 fnt
|faint|p1a: Landorus
|
|-sideend|p1: BcorneliaW|move: Light Screen
|upkeep
|
|t:|1758361380
|switch|p1a: Iron Moth|Iron Moth|100/100
|-enditem|p1a: Iron Moth|Booster Energy
|-activate|p1a: Iron Moth|ability: Quark Drive|[fromitem]
|-start|p1a: Iron Moth|quarkdrivespe
|turn|10
|
|t:|1758361386
|move|p1a: Iron Moth|Fiery Dance|p2a: Iron Hands
|-damage|p2a: Iron Hands|0 fnt
|-boost|p1a: Iron Moth|spa|1
|faint|p2a: Iron Hands
|-end|p2a: Iron Hands|Quark Drive|[silent]
|
|upkeep
|
|t:|1758361388
|switch|p2a: Toedscruel|Toedscruel, M|100/100
|-damage|p2a: Toedscruel|88/100|[from] Spikes
|turn|11
|
|t:|1758361394
|-terastallize|p1a: Iron Moth|Grass
|-terastallize|p2a: Toedscruel|Water
|move|p1a: Iron Moth|Fiery Dance|p2a: Toedscruel
|-resisted|p2a: Toedscruel
|-damage|p2a: Toedscruel|70/100
|-boost|p1a: Iron Moth|spa|1
|move|p2a: Toedscruel|Trick Room|p2a: Toedscruel
|-fieldstart|move: Trick Room|[of] p2a: Toedscruel
|
|-heal|p2a: Toedscruel|76/100|[from] item: Leftovers
|upkeep
|turn|12
|
|t:|1758361401
|move|p2a: Toedscruel|Rapid Spin|p1a: Iron Moth
|-damage|p1a: Iron Moth|88/100
|-boost|p2a: Toedscruel|spe|1
|-sideend|p2: AllegianceIs2UrMom|Spikes|[from] move: Rapid Spin|[of] p2a: Toedscruel
|move|p1a: Iron Moth|Fiery Dance|p2a: Toedscruel
|-resisted|p2a: Toedscruel
|-crit|p2a: Toedscruel
|-damage|p2a: Toedscruel|39/100
|
|-heal|p2a: Toedscruel|45/100|[from] item: Leftovers
|upkeep
|turn|13
|
|t:|1758361405
|switch|p2a: Pelipper|Pelipper, M|100/100
|-weather|RainDance|[from] ability: Drizzle|[of] p2a: Pelipper
|move|p1a: Iron Moth|Fiery Dance|p2a: Pelipper
|-resisted|p2a: Pelipper
|-damage|p2a: Pelipper|71/100
|
|-weather|RainDance|[upkeep]
|upkeep
|turn|14
|
|t:|1758361408
|-end|p1a: Iron Moth|Quark Drive|[silent]
|switch|p1a: Eelektross|Eelektross, F|32/100
|move|p2a: Pelipper|Hurricane|p1a: Eelektross
|-resisted|p1a: Eelektross
|-damage|p1a: Eelektross|6/100
|
|-weather|RainDance|[upkeep]
|-heal|p1a: Eelektross|13/100|[from] item: Leftovers
|upkeep
|turn|15
|
|t:|1758361417
|move|p2a: Pelipper|Hurricane|p1a: Eelektross
|-resisted|p1a: Eelektross
|-damage|p1a: Eelektross|0 fnt
|faint|p1a: Eelektross
|
|-weather|RainDance|[upkeep]
|-fieldend|move: Trick Room
|upkeep
|
|t:|1758361421
|switch|p1a: Hatterene|Hatterene, F|63/100
|turn|16
|
|t:|1758361425
|move|p2a: Pelipper|Weather Ball|p1a: Hatterene
|-damage|p1a: Hatterene|0 fnt
|faint|p1a: Hatterene
|
|-weather|RainDance|[upkeep]
|upkeep
|
|t:|1758361428
|switch|p1a: Pecharunt|Pecharunt|100/100
|-item|p1a: Pecharunt|Air Balloon
|turn|17
|
|t:|1758361433
|move|p1a: Pecharunt|Malignant Chain|p2a: Pelipper
|-damage|p2a: Pelipper|25/100
|-status|p2a: Pelipper|tox
|-start|p2a: Pelipper|confusion|[from] ability: Poison Puppeteer|[of] p1a: Pecharunt
|-activate|p2a: Pelipper|confusion
|move|p2a: Pelipper|Weather Ball|p1a: Pecharunt
|-damage|p1a: Pecharunt|15/100
|-enditem|p1a: Pecharunt|Air Balloon
|
|-weather|none
|-damage|p2a: Pelipper|19/100 tox|[from] psn
|upkeep
|turn|18
|
|t:|1758361437
|switch|p2a: Ursaluna|Ursaluna, M|100/100
|move|p1a: Pecharunt|Recover|p1a: Pecharunt
|-heal|p1a: Pecharunt|65/100
|
|-status|p2a: Ursaluna|brn|[from] item: Flame Orb
|upkeep
|turn|19
|
|t:|1758361444
|move|p1a: Pecharunt|Parting Shot|p2a: Ursaluna
|-unboost|p2a: Ursaluna|atk|1
|-unboost|p2a: Ursaluna|spa|1
|
|t:|1758361446
|switch|p1a: Iron Moth|Iron Moth, tera:Grass|88/100|[from] Parting Shot
|move|p2a: Ursaluna|Headlong Rush|p1a: Iron Moth
|-resisted|p1a: Iron Moth
|-damage|p1a: Iron Moth|33/100
|-unboost|p2a: Ursaluna|def|1
|-unboost|p2a: Ursaluna|spd|1
|
|-damage|p2a: Ursaluna|94/100 brn|[from] brn
|upkeep
|turn|20
|
|t:|1758361451
|switch|p2a: Pelipper|Pelipper, M|19/100 tox
|-weather|RainDance|[from] ability: Drizzle|[of] p2a: Pelipper
|move|p1a: Iron Moth|Energy Ball|p2a: Pelipper
|-damage|p2a: Pelipper|0 fnt
|faint|p2a: Pelipper
|
|-weather|RainDance|[upkeep]
|upkeep
|
|t:|1758361456
|switch|p2a: Hatterene|Hatterene, F|100/100
|turn|21
|
|t:|1758361459
|-end|p1a: Iron Moth|Quark Drive|[silent]
|switch|p1a: Pecharunt|Pecharunt|65/100
|move|p2a: Hatterene|Trick Room|p2a: Hatterene
|-fieldstart|move: Trick Room|[of] p2a: Hatterene
|
|-weather|RainDance|[upkeep]
|upkeep
|turn|22
|
|t:|1758361463
|move|p2a: Hatterene|Psychic|p1a: Pecharunt
|-supereffective|p1a: Pecharunt
|-damage|p1a: Pecharunt|0 fnt
|faint|p1a: Pecharunt
|
|-weather|RainDance|[upkeep]
|upkeep
|-message|BcorneliaW forfeited.
|
|win|AllegianceIs2UrMom
|raw|BcorneliaW's rating: 1422 &rarr; <strong>1406</strong><br />(-16 for losing)
|raw|AllegianceIs2UrMom's rating: 1488 &rarr; <strong>1504</strong><br />(+16 for winning)
|l|☆BcorneliaW
|player|p1|
|l|☆AllegianceIs2UrMom
|player|p2|
