|j|☆Mattd2114
|j|☆malmar
|t:|1758373101
|gametype|singles
|player|p1|Mattd2114|102|1326
|player|p2|malmar|102|1357
|gen|9
|tier|[Gen 9] OU
|rated|
|rule|HP Percentage Mod: HP is shown in percentages
|rule|Endless Battle Clause: Forcing endless battles is banned
|rule|Species Clause: Limit one of each Pokémon
|rule|OHKO Clause: OHKO moves are banned
|rule|Evasion Items Clause: Evasion items are banned
|rule|Evasion Moves Clause: Evasion moves are banned
|rule|Evasion Abilities Clause: Evasion abilities are banned
|rule|Sleep Moves Clause: Sleep-inducing moves are banned
|clearpoke
|poke|p1|Politoed, M|
|poke|p1|Cinderace, F|
|poke|p1|Kingdra, M|
|poke|p1|Cloyster, M|
|poke|p1|Lurantis, M|
|poke|p1|Zapdos|
|poke|p2|Ninetales, M|
|poke|p2|Ceruledge, M|
|poke|p2|Venusaur, F|
|poke|p2|Hatterene, F|
|poke|p2|Great Tusk|
|poke|p2|Walking Wake|
|teampreview
|
|t:|1758373114
|teamsize|p1|6
|teamsize|p2|6
|start
|switch|p1a: Cinderace|Cinderace, F|100/100
|switch|p2a: Die w A Smile|Hatterene, F|100/100
|turn|1
|
|t:|1758373129
|move|p1a: Cinderace|U-turn|p2a: Die w A Smile
|-start|p1a: Cinderace|typechange|Bug|[from] ability: Libero
|-damage|p2a: Die w A Smile|71/100
|-enditem|p2a: Die w A Smile|Eject Button
|
|t:|1758373136
|switch|p2a: Lynrd Spynrd|Great Tusk|100/100
|
|upkeep
|turn|2
|
|t:|1758373156
|move|p1a: Cinderace|U-turn|p2a: Lynrd Spynrd
|-resisted|p2a: Lynrd Spynrd
|-damage|p2a: Lynrd Spynrd|90/100
|-damage|p1a: Cinderace|84/100|[from] item: Rocky Helmet|[of] p2a: Lynrd Spynrd
|l|☆Mattd2114
|player|p1|
|inactive|Battle timer is ON: inactive players will automatically lose when time's up. (requested by malmar)
|j|☆Mattd2114
|inactive|Mattd2114 reconnected and has 135 seconds left.
|player|p1|Mattd2114|102|
|inactive|Mattd2114 has 120 seconds left.
|
|t:|1758373207
|switch|p1a: Politoed|Politoed, M, shiny|100/100|[from] U-turn
|-weather|RainDance|[from] ability: Drizzle|[of] p1a: Politoed
|move|p2a: Lynrd Spynrd|Ice Spinner|p1a: Politoed
|-resisted|p1a: Politoed
|-damage|p1a: Politoed|87/100
|
|-weather|RainDance|[upkeep]
|upkeep
|turn|3
|
|t:|1758373219
|-end|p2a: Lynrd Spynrd|Protosynthesis|[silent]
|switch|p2a: Dubya|Walking Wake|100/100
|move|p1a: Politoed|Weather Ball|p2a: Dubya
|-resisted|p2a: Dubya
|-damage|p2a: Dubya|71/100
|
|-weather|RainDance|[upkeep]
|upkeep
|turn|4
|
|t:|1758373227
|switch|p1a: Zapdos|Zapdos|100/100
|move|p2a: Dubya|Hydro Steam|p1a: Zapdos
|-damage|p1a: Zapdos|0 fnt
|faint|p1a: Zapdos
|
|-weather|RainDance|[upkeep]
|upkeep
|
|t:|1758373230
|switch|p1a: Kingdra|Kingdra, M|100/100
|turn|5
|
|t:|1758373238
|-end|p2a: Dubya|Protosynthesis|[silent]
|switch|p2a: Die w A Smile|Hatterene, F|71/100
|move|p1a: Kingdra|Dragon Dance|p1a: Kingdra
|-boost|p1a: Kingdra|atk|1
|-boost|p1a: Kingdra|spe|1
|
|-weather|RainDance|[upkeep]
|upkeep
|turn|6
|inactive|Mattd2114 has 120 seconds left.
|
|t:|1758373275
|move|p1a: Kingdra|Iron Head|p2a: Die w A Smile
|-supereffective|p2a: Die w A Smile
|-damage|p2a: Die w A Smile|0 fnt
|faint|p2a: Die w A Smile
|-damage|p1a: Kingdra|91/100|[from] item: Life Orb
|
|-weather|none
|upkeep
|
|t:|1758373291
|switch|p2a: Kurama Chakra Mode|Ninetales, M|100/100
|-weather|SunnyDay|[from] ability: Drought|[of] p2a: Kurama Chakra Mode
|turn|7
|inactive|Mattd2114 has 120 seconds left.
|l|☆Mattd2114
|inactive|Mattd2114 disconnected and has a minute to reconnect!
|player|p1|
|inactive|Mattd2114 has 30 seconds to reconnect!
|inactive|Mattd2114 has 20 seconds to reconnect!
|inactive|Mattd2114 has 15 seconds to reconnect!
|inactive|Mattd2114 has 10 seconds to reconnect!
|j|☆Mattd2114
|inactive|Mattd2114 reconnected and has 60 seconds left.
|player|p1|Mattd2114|102|
|
|t:|1758373368
|switch|p2a: Venu Vidi Vici|Venusaur, F|100/100
|move|p1a: Kingdra|Wave Crash|p2a: Venu Vidi Vici
|-resisted|p2a: Venu Vidi Vici
|-damage|p2a: Venu Vidi Vici|68/100
|-damage|p1a: Kingdra|81/100|[from] Recoil
|-damage|p1a: Kingdra|71/100|[from] item: Life Orb
|
|-weather|SunnyDay|[upkeep]
|upkeep
|turn|8
|
|t:|1758373380
|switch|p1a: Politoed|Politoed, M, shiny|87/100
|-weather|RainDance|[from] ability: Drizzle|[of] p1a: Politoed
|move|p2a: Venu Vidi Vici|Giga Drain|p1a: Politoed
|-supereffective|p1a: Politoed
|-damage|p1a: Politoed|0 fnt
|-heal|p2a: Venu Vidi Vici|100/100|[from] drain|[of] p1a: Politoed
|faint|p1a: Politoed
|-damage|p2a: Venu Vidi Vici|91/100|[from] item: Life Orb
|
|-weather|RainDance|[upkeep]
|upkeep
|j| Jinghan Yu
|l| Jinghan Yu
|inactive|Mattd2114 has 60 seconds left.
|
|t:|1758373397
|switch|p1a: Kingdra|Kingdra, M|71/100
|turn|9
|
|t:|1758373401
|switch|p2a: Kurama Chakra Mode|Ninetales, M|100/100
|-weather|SunnyDay|[from] ability: Drought|[of] p2a: Kurama Chakra Mode
|move|p1a: Kingdra|Draco Meteor|p2a: Kurama Chakra Mode
|-damage|p2a: Kurama Chakra Mode|41/100
|-unboost|p1a: Kingdra|spa|2
|-damage|p1a: Kingdra|61/100|[from] item: Life Orb
|
|-weather|SunnyDay|[upkeep]
|upkeep
|turn|10
|inactive|malmar has 120 seconds left.
|
|t:|1758373432
|switch|p2a: Lynrd Spynrd|Great Tusk|90/100
|-activate|p2a: Lynrd Spynrd|ability: Protosynthesis
|-start|p2a: Lynrd Spynrd|protosynthesisspe
|move|p1a: Kingdra|Draco Meteor|p2a: Lynrd Spynrd|[miss]
|-miss|p1a: Kingdra|p2a: Lynrd Spynrd
|
|-weather|SunnyDay|[upkeep]
|upkeep
|turn|11
|inactive|Mattd2114 has 60 seconds left.
|
|t:|1758373480
|move|p2a: Lynrd Spynrd|Stealth Rock|p1a: Kingdra
|-sidestart|p1: Mattd2114|move: Stealth Rock
|move|p1a: Kingdra|Wave Crash|p2a: Lynrd Spynrd
|-supereffective|p2a: Lynrd Spynrd
|-damage|p2a: Lynrd Spynrd|49/100
|-damage|p1a: Kingdra|45/100|[from] item: Rocky Helmet|[of] p2a: Lynrd Spynrd
|-damage|p1a: Kingdra|26/100|[from] Recoil
|-damage|p1a: Kingdra|16/100|[from] item: Life Orb
|
|-weather|SunnyDay|[upkeep]
|upkeep
|turn|12
|
|t:|1758373491
|move|p2a: Lynrd Spynrd|Headlong Rush|p1a: Kingdra
|-damage|p1a: Kingdra|0 fnt
|-unboost|p2a: Lynrd Spynrd|def|1
|-unboost|p2a: Lynrd Spynrd|spd|1
|faint|p1a: Kingdra
|
|-weather|SunnyDay|[upkeep]
|upkeep
|
|t:|1758373496
|switch|p1a: Lurantis|Lurantis, M|100/100
|-damage|p1a: Lurantis|88/100|[from] Stealth Rock
|turn|13
|
|t:|1758373502
|-terastallize|p1a: Lurantis|Electric
|move|p2a: Lynrd Spynrd|Ice Spinner|p1a: Lurantis
|-damage|p1a: Lurantis|63/100
|move|p1a: Lurantis|Superpower|p2a: Lynrd Spynrd
|-damage|p2a: Lynrd Spynrd|12/100
|-boost|p1a: Lurantis|atk|1
|-boost|p1a: Lurantis|def|1
|-damage|p1a: Lurantis|46/100|[from] item: Rocky Helmet|[of] p2a: Lynrd Spynrd
|
|-weather|SunnyDay|[upkeep]
|-heal|p1a: Lurantis|52/100|[from] item: Leftovers
|upkeep
|turn|14
|
|t:|1758373513
|move|p2a: Lynrd Spynrd|Headlong Rush|p1a: Lurantis
|-supereffective|p1a: Lurantis
|-damage|p1a: Lurantis|0 fnt
|-unboost|p2a: Lynrd Spynrd|def|1
|-unboost|p2a: Lynrd Spynrd|spd|1
|faint|p1a: Lurantis
|
|-weather|SunnyDay|[upkeep]
|upkeep
|
|t:|1758373516
|switch|p1a: Cinderace|Cinderace, F|84/100
|turn|15
|
|t:|1758373522
|move|p2a: Lynrd Spynrd|Headlong Rush|p1a: Cinderace
|-supereffective|p1a: Cinderace
|-damage|p1a: Cinderace|0 fnt
|-unboost|p2a: Lynrd Spynrd|def|1
|-unboost|p2a: Lynrd Spynrd|spd|1
|faint|p1a: Cinderace
|
|-weather|SunnyDay|[upkeep]
|upkeep
|inactive|Mattd2114 has 60 seconds left.
|l|☆Mattd2114
|inactive|Mattd2114 disconnected and has a minute to reconnect!
|player|p1|
|c|☆malmar|c'mon
|inactive|Mattd2114 has 30 seconds to reconnect!
|inactive|Mattd2114 has 20 seconds to reconnect!
|inactive|Mattd2114 has 15 seconds to reconnect!
|inactive|Mattd2114 has 10 seconds to reconnect!
|inactive|Mattd2114 has 5 seconds to reconnect!
|-message|Mattd2114 lost due to inactivity.
|
|win|malmar
|raw|Mattd2114's rating: 1326 &rarr; <strong>1308</strong><br />(-18 for losing)
|raw|malmar's rating: 1357 &rarr; <strong>1375</strong><br />(+18 for winning)
|l|☆malmar
|player|p2|
