|j|☆pseudosity
|j|☆packSmoker27
|t:|1758350717
|gametype|singles
|player|p1|pseudosity|lady-gen4|1434
|player|p2|packSmoker27|psychicf-gen4|1441
|gen|9
|tier|[Gen 9] OU
|rated|
|rule|HP Percentage Mod: HP is shown in percentages
|rule|Endless Battle Clause: Forcing endless battles is banned
|rule|Species Clause: Limit one of each Pokémon
|rule|OHKO Clause: OHKO moves are banned
|rule|Evasion Items Clause: Evasion items are banned
|rule|Evasion Moves Clause: Evasion moves are banned
|rule|Evasion Abilities Clause: Evasion abilities are banned
|rule|Sleep Moves Clause: Sleep-inducing moves are banned
|clearpoke
|poke|p1|Dragapult, M|
|poke|p1|Glimmora, M|
|poke|p1|Comfey, M|
|poke|p1|Kingambit, M|
|poke|p1|Ogerpon-Wellspring, F|
|poke|p1|Blaziken, M|
|poke|p2|Primarina, M|
|poke|p2|Kingambit, F|
|poke|p2|Cinderace, F|
|poke|p2|Zamazenta-*|
|poke|p2|Landorus-Therian, M|
|poke|p2|Goodra-Hisui, F|
|teampreview
|inactive|Battle timer is ON: inactive players will automatically lose when time's up. (requested by packSmoker27)
|
|t:|1758350747
|teamsize|p1|6
|teamsize|p2|6
|start
|switch|p1a: Ogerpon|Ogerpon-Wellspring, F|100/100
|switch|p2a: Goodra|Goodra-Hisui, F|100/100
|turn|1
|
|t:|1758350755
|move|p1a: Ogerpon|U-turn|p2a: Goodra
|-resisted|p2a: Goodra
|-damage|p2a: Goodra|89/100
|
|t:|1758350759
|switch|p1a: Blaziken|Blaziken, M, shiny|100/100|[from] U-turn
|move|p2a: Goodra|Draco Meteor|p1a: Blaziken
|-damage|p1a: Blaziken|9/100
|-unboost|p2a: Goodra|spa|2
|
|upkeep
|turn|2
|
|t:|1758350770
|switch|p2a: Landorus|Landorus-Therian, M|100/100
|-ability|p2a: Landorus|Intimidate|boost
|-unboost|p1a: Blaziken|atk|1
|move|p1a: Blaziken|Knock Off|p2a: Landorus
|-damage|p2a: Landorus|71/100
|-damage|p1a: Blaziken|0 fnt|[from] item: Rocky Helmet|[of] p2a: Landorus
|faint|p1a: Blaziken
|
|upkeep
|
|t:|1758350774
|switch|p1a: Ogerpon|Ogerpon-Wellspring, F|100/100
|turn|3
|
|t:|1758350781
|switch|p2a: Goodra|Goodra-Hisui, F|89/100
|move|p1a: Ogerpon|Spikes|p2a: Goodra
|-sidestart|p2: packSmoker27|Spikes
|
|upkeep
|turn|4
|
|t:|1758350790
|move|p1a: Ogerpon|Spikes|p2a: Goodra
|-sidestart|p2: packSmoker27|Spikes
|move|p2a: Goodra|Draco Meteor|p1a: Ogerpon
|-damage|p1a: Ogerpon|28/100
|-unboost|p2a: Goodra|spa|2
|
|upkeep
|turn|5
|
|t:|1758350797
|switch|p1a: Comfey|Comfey, M, shiny|100/100
|move|p2a: Goodra|Heavy Slam|p1a: Comfey
|-supereffective|p1a: Comfey
|-damage|p1a: Comfey|7/100
|
|upkeep
|turn|6
|
|t:|1758350809
|switch|p1a: Kingambit|Kingambit, M, shiny|100/100
|-activate|p1a: Kingambit|ability: Supreme Overlord
|-start|p1a: Kingambit|fallen1|[silent]
|move|p2a: Goodra|Heavy Slam|p1a: Kingambit
|-resisted|p1a: Kingambit
|-crit|p1a: Kingambit
|-damage|p1a: Kingambit|89/100
|
|-heal|p1a: Kingambit|96/100|[from] item: Leftovers
|upkeep
|turn|7
|
|t:|1758350822
|switch|p2a: Zamazenta|Zamazenta|100/100
|-damage|p2a: Zamazenta|84/100|[from] Spikes
|-ability|p2a: Zamazenta|Dauntless Shield|boost
|-boost|p2a: Zamazenta|def|1
|move|p1a: Kingambit|Swords Dance|p1a: Kingambit
|-boost|p1a: Kingambit|atk|2
|
|-heal|p2a: Zamazenta|90/100|[from] item: Leftovers
|-heal|p1a: Kingambit|100/100|[from] item: Leftovers
|upkeep
|turn|8
|
|t:|1758350830
|-terastallize|p1a: Kingambit|Ghost
|move|p1a: Kingambit|Iron Head|p2a: Zamazenta
|-damage|p2a: Zamazenta|34/100
|move|p2a: Zamazenta|Roar|p1a: Kingambit
|-end|p1a: Kingambit|fallen1|[silent]
|drag|p1a: Ogerpon|Ogerpon-Wellspring, F|28/100
|
|-heal|p2a: Zamazenta|40/100|[from] item: Leftovers
|upkeep
|turn|9
|
|t:|1758350839
|move|p2a: Zamazenta|Body Press|p1a: Ogerpon
|-damage|p1a: Ogerpon|0 fnt
|faint|p1a: Ogerpon
|
|-heal|p2a: Zamazenta|46/100|[from] item: Leftovers
|upkeep
|
|t:|1758350842
|switch|p1a: Dragapult|Dragapult, M, shiny|100/100
|turn|10
|
|t:|1758350848
|switch|p2a: Goodra|Goodra-Hisui, F|89/100
|-damage|p2a: Goodra|72/100|[from] Spikes
|move|p1a: Dragapult|Flamethrower|p2a: Goodra
|-damage|p2a: Goodra|56/100
|-status|p2a: Goodra|brn
|-damage|p1a: Dragapult|91/100|[from] item: Life Orb
|
|-damage|p2a: Goodra|50/100 brn|[from] brn
|upkeep
|turn|11
|
|t:|1758350860
|switch|p1a: Comfey|Comfey, M, shiny|7/100
|move|p2a: Goodra|Knock Off|p1a: Comfey
|-resisted|p1a: Comfey
|-damage|p1a: Comfey|1/100
|-enditem|p1a: Comfey|Life Orb|[from] move: Knock Off|[of] p2a: Goodra
|
|-damage|p2a: Goodra|44/100 brn|[from] brn
|upkeep
|turn|12
|
|t:|1758350867
|move|p1a: Comfey|Draining Kiss|p2a: Goodra
|-damage|p2a: Goodra|33/100 brn
|-heal|p1a: Comfey|10/100|[from] drain|[of] p2a: Goodra
|move|p2a: Goodra|Heavy Slam|p1a: Comfey
|-supereffective|p1a: Comfey
|-damage|p1a: Comfey|0 fnt
|faint|p1a: Comfey
|
|-damage|p2a: Goodra|27/100 brn|[from] brn
|upkeep
|
|t:|1758350875
|switch|p1a: Glimmora|Glimmora, M, shiny|100/100
|turn|13
|
|t:|1758350884
|move|p1a: Glimmora|Stealth Rock|p2a: Goodra
|-sidestart|p2: packSmoker27|move: Stealth Rock
|move|p2a: Goodra|Heavy Slam|p1a: Glimmora
|-supereffective|p1a: Glimmora
|-damage|p1a: Glimmora|73/100
|-activate|p1a: Glimmora|ability: Toxic Debris
|-sidestart|p2: packSmoker27|move: Toxic Spikes
|-enditem|p1a: Glimmora|Red Card|[of] p2a: Goodra
|drag|p2a: Primarina|Primarina, M|100/100
|-damage|p2a: Primarina|84/100|[from] Spikes
|-damage|p2a: Primarina|72/100|[from] Stealth Rock
|-status|p2a: Primarina|psn
|
|-damage|p2a: Primarina|59/100 psn|[from] psn
|upkeep
|turn|14
|
|t:|1758350900
|switch|p1a: Dragapult|Dragapult, M, shiny|91/100
|move|p2a: Primarina|Psychic Noise|p1a: Dragapult
|-damage|p1a: Dragapult|25/100
|-start|p1a: Dragapult|move: Heal Block
|
|-damage|p2a: Primarina|47/100 psn|[from] psn
|upkeep
|turn|15
|
|t:|1758350909
|move|p1a: Dragapult|Shadow Ball|p2a: Primarina
|-damage|p2a: Primarina|9/100 psn
|-damage|p1a: Dragapult|15/100|[from] item: Life Orb
|move|p2a: Primarina|Psychic Noise|p1a: Dragapult
|-damage|p1a: Dragapult|0 fnt
|faint|p1a: Dragapult
|
|-damage|p2a: Primarina|0 fnt|[from] psn
|faint|p2a: Primarina
|upkeep
|
|t:|1758350913
|switch|p1a: Glimmora|Glimmora, M, shiny|73/100
|switch|p2a: Cinderace|Cinderace, F|100/100
|turn|16
|
|t:|1758350918
|move|p2a: Cinderace|Court Change|p2a: Cinderace
|-start|p2a: Cinderace|typechange|Normal|[from] ability: Libero
|-swapsideconditions
|-activate|p2a: Cinderace|move: Court Change
|move|p1a: Glimmora|Power Gem|p2a: Cinderace
|-damage|p2a: Cinderace|52/100
|
|upkeep
|turn|17
|
|t:|1758350927
|switch|p2a: Goodra|Goodra-Hisui, F|27/100 brn
|move|p1a: Glimmora|Power Gem|p2a: Goodra
|-resisted|p2a: Goodra
|-damage|p2a: Goodra|19/100 brn
|
|-damage|p2a: Goodra|13/100 brn|[from] brn
|upkeep
|turn|18
|
|t:|1758350931
|move|p1a: Glimmora|Earth Power|p2a: Goodra
|-supereffective|p2a: Goodra
|-damage|p2a: Goodra|0 fnt
|faint|p2a: Goodra
|
|upkeep
|
|t:|1758350935
|switch|p2a: Landorus|Landorus-Therian, M|71/100
|-ability|p2a: Landorus|Intimidate|boost
|-unboost|p1a: Glimmora|atk|1
|turn|19
|
|t:|1758350937
|move|p2a: Landorus|Earth Power|p1a: Glimmora
|-supereffective|p1a: Glimmora
|-damage|p1a: Glimmora|0 fnt
|faint|p1a: Glimmora
|
|upkeep
|
|t:|1758350940
|switch|p1a: Kingambit|Kingambit, M, shiny, tera:Ghost|100/100
|-damage|p1a: Kingambit|84/100|[from] Spikes
|-damage|p1a: Kingambit|71/100|[from] Stealth Rock
|-status|p1a: Kingambit|psn
|-activate|p1a: Kingambit|ability: Supreme Overlord
|-start|p1a: Kingambit|fallen5|[silent]
|turn|20
|
|t:|1758350946
|move|p2a: Landorus|Taunt|p1a: Kingambit
|-start|p1a: Kingambit|move: Taunt
|cant|p1a: Kingambit|move: Taunt|Swords Dance
|
|-heal|p1a: Kingambit|78/100 psn|[from] item: Leftovers
|-damage|p1a: Kingambit|65/100 psn|[from] psn
|upkeep
|turn|21
|
|t:|1758350950
|move|p1a: Kingambit|Sucker Punch|p2a: Landorus
|-damage|p2a: Landorus|12/100
|-damage|p1a: Kingambit|49/100 psn|[from] item: Rocky Helmet|[of] p2a: Landorus
|move|p2a: Landorus|Earth Power|p1a: Kingambit
|-damage|p1a: Kingambit|19/100 psn
|
|-heal|p1a: Kingambit|26/100 psn|[from] item: Leftovers
|-damage|p1a: Kingambit|13/100 psn|[from] psn
|upkeep
|turn|22
|
|t:|1758350956
|switch|p2a: Kingambit|Kingambit, F|100/100
|-activate|p2a: Kingambit|ability: Supreme Overlord
|-start|p2a: Kingambit|fallen2|[silent]
|move|p1a: Kingambit|Sucker Punch||[still]
|-fail|p1a: Kingambit
|
|-heal|p1a: Kingambit|19/100 psn|[from] item: Leftovers
|-damage|p1a: Kingambit|7/100 psn|[from] psn
|-end|p1a: Kingambit|move: Taunt
|upkeep
|turn|23
|-message|pseudosity forfeited.
|
|win|packSmoker27
|raw|pseudosity's rating: 1434 &rarr; <strong>1414</strong><br />(-20 for losing)
|raw|packSmoker27's rating: 1441 &rarr; <strong>1461</strong><br />(+20 for winning)
|l|☆pseudosity
|player|p1|
|l|☆packSmoker27
|player|p2|
