|j|☆PkmnMasterNasir894
|j|☆FantasiaG
|t:|1758294230
|gametype|singles
|player|p1|PkmnMasterNasir894|red|1076
|player|p2|FantasiaG|102|1107
|gen|9
|tier|[Gen 9] OU
|rated|
|rule|HP Percentage Mod: HP is shown in percentages
|rule|Endless Battle Clause: Forcing endless battles is banned
|rule|Species Clause: Limit one of each Pokémon
|rule|OHKO Clause: OHKO moves are banned
|rule|Evasion Items Clause: Evasion items are banned
|rule|Evasion Moves Clause: Evasion moves are banned
|rule|Evasion Abilities Clause: Evasion abilities are banned
|rule|Sleep Moves Clause: Sleep-inducing moves are banned
|clearpoke
|poke|p1|Pikachu, F|
|poke|p1|Charizard, F|
|poke|p1|Blastoise, F|
|poke|p1|Espeon, M|
|poke|p1|Venusaur, F|
|poke|p1|Snorlax, F|
|poke|p2|Toxapex, M|
|poke|p2|Scizor, F|
|poke|p2|Dragonite, M|
|poke|p2|Sandy Shocks|
|poke|p2|Sinistcha|
|poke|p2|Great Tusk|
|teampreview
|inactive|Battle timer is ON: inactive players will automatically lose when time's up. (requested by PkmnMasterNasir894)
|
|t:|1758294243
|teamsize|p1|6
|teamsize|p2|6
|start
|switch|p1a: Pikachu|Pikachu, F|100/100
|switch|p2a: Scizor|Scizor, F|100/100
|turn|1
|
|t:|1758294254
|switch|p2a: Great Tusk|Great Tusk|100/100
|move|p1a: Pikachu|Fake Out|p2a: Great Tusk
|-crit|p2a: Great Tusk
|-damage|p2a: Great Tusk|86/100
|
|upkeep
|turn|2
|
|t:|1758294265
|-end|p2a: Great Tusk|Protosynthesis|[silent]
|switch|p2a: Sinistcha|Sinistcha|100/100
|-terastallize|p1a: Pikachu|Fairy
|move|p1a: Pikachu|Play Rough|p2a: Sinistcha
|-damage|p2a: Sinistcha|42/100
|
|-heal|p2a: Sinistcha|48/100|[from] item: Leftovers
|upkeep
|turn|3
|
|t:|1758294276
|move|p1a: Pikachu|Knock Off|p2a: Sinistcha
|-supereffective|p2a: Sinistcha
|-damage|p2a: Sinistcha|0 fnt
|-enditem|p2a: Sinistcha|Leftovers|[from] move: Knock Off|[of] p1a: Pikachu
|faint|p2a: Sinistcha
|
|upkeep
|
|t:|1758294282
|switch|p2a: Scizor|Scizor, F|100/100
|turn|4
|c|☆PkmnMasterNasir894|????
|
|t:|1758294291
|switch|p1a: Espeon|Espeon, M|100/100
|move|p2a: Scizor|Bullet Punch|p1a: Espeon
|-damage|p1a: Espeon|0 fnt
|faint|p1a: Espeon
|
|upkeep
|
|t:|1758294299
|switch|p1a: Charizard|Charizard, F|100/100
|turn|5
|
|t:|1758294306
|switch|p2a: Toxapex|Toxapex, M|100/100
|move|p1a: Charizard|Flamethrower|p2a: Toxapex
|-resisted|p2a: Toxapex
|-damage|p2a: Toxapex|84/100
|
|upkeep
|turn|6
|
|t:|1758294315
|switch|p2a: Scizor|Scizor, F|100/100
|move|p1a: Charizard|Scorching Sands|p2a: Scizor
|-damage|p2a: Scizor|75/100
|
|upkeep
|turn|7
|
|t:|1758294327
|switch|p2a: Dragonite|Dragonite, M|100/100
|move|p1a: Charizard|Flamethrower|p2a: Dragonite
|-resisted|p2a: Dragonite
|-damage|p2a: Dragonite|89/100
|-status|p2a: Dragonite|brn
|
|-damage|p2a: Dragonite|83/100 brn|[from] brn
|upkeep
|turn|8
|
|t:|1758294338
|move|p1a: Charizard|Dragon Pulse|p2a: Dragonite
|-supereffective|p2a: Dragonite
|-damage|p2a: Dragonite|25/100 brn
|move|p2a: Dragonite|Dragon Dance|p2a: Dragonite
|-boost|p2a: Dragonite|atk|1
|-boost|p2a: Dragonite|spe|1
|
|-damage|p2a: Dragonite|19/100 brn|[from] brn
|upkeep
|turn|9
|c|☆PkmnMasterNasir894|your just slowly killing your team i dont get what your doing lol
|
|t:|1758294348
|move|p2a: Dragonite|Extreme Speed|p1a: Charizard
|-damage|p1a: Charizard|65/100
|move|p1a: Charizard|Dragon Pulse|p2a: Dragonite
|-supereffective|p2a: Dragonite
|-damage|p2a: Dragonite|0 fnt
|faint|p2a: Dragonite
|
|upkeep
|
|t:|1758294358
|switch|p2a: Sandy Shocks|Sandy Shocks|100/100
|turn|10
|
|t:|1758294363
|move|p1a: Charizard|Scorching Sands|p2a: Sandy Shocks
|-supereffective|p2a: Sandy Shocks
|-damage|p2a: Sandy Shocks|50/100
|-status|p2a: Sandy Shocks|brn
|move|p2a: Sandy Shocks|Thunderbolt|p1a: Charizard
|-supereffective|p1a: Charizard
|-damage|p1a: Charizard|0 fnt
|faint|p1a: Charizard
|-damage|p2a: Sandy Shocks|40/100 brn|[from] item: Life Orb
|
|-damage|p2a: Sandy Shocks|34/100 brn|[from] brn
|upkeep
|
|t:|1758294369
|switch|p1a: Blastoise|Blastoise, F|100/100
|turn|11
|
|t:|1758294381
|switch|p1a: Snorlax|Snorlax, F|100/100
|move|p2a: Sandy Shocks|Thunderbolt|p1a: Snorlax
|-damage|p1a: Snorlax|74/100
|-status|p1a: Snorlax|par
|-damage|p2a: Sandy Shocks|24/100 brn|[from] item: Life Orb
|
|-damage|p2a: Sandy Shocks|18/100 brn|[from] brn
|upkeep
|turn|12
|
|t:|1758294391
|move|p2a: Sandy Shocks|Volt Switch|p1a: Snorlax
|-damage|p1a: Snorlax|52/100 par
|-damage|p2a: Sandy Shocks|8/100 brn|[from] item: Life Orb
|
|t:|1758294397
|-end|p2a: Sandy Shocks|Protosynthesis|[silent]
|switch|p2a: Great Tusk|Great Tusk|86/100|[from] Volt Switch
|cant|p1a: Snorlax|par
|
|upkeep
|turn|13
|
|t:|1758294406
|move|p2a: Great Tusk|Headlong Rush|p1a: Snorlax
|-damage|p1a: Snorlax|0 fnt
|-unboost|p2a: Great Tusk|def|1
|-unboost|p2a: Great Tusk|spd|1
|faint|p1a: Snorlax
|
|upkeep
|
|t:|1758294413
|switch|p1a: Pikachu|Pikachu, F, tera:Fairy|100/100
|turn|14
|
|t:|1758294418
|move|p1a: Pikachu|Fake Out|p2a: Great Tusk
|-damage|p2a: Great Tusk|72/100
|cant|p2a: Great Tusk|flinch
|
|upkeep
|turn|15
|
|t:|1758294428
|-end|p2a: Great Tusk|Protosynthesis|[silent]
|switch|p2a: Toxapex|Toxapex, M|100/100
|move|p1a: Pikachu|Play Rough|p2a: Toxapex
|-resisted|p2a: Toxapex
|-damage|p2a: Toxapex|85/100
|-damage|p1a: Pikachu|84/100|[from] item: Rocky Helmet|[of] p2a: Toxapex
|
|upkeep
|turn|16
|
|t:|1758294446
|switch|p2a: Great Tusk|Great Tusk|72/100
|move|p1a: Pikachu|Volt Tackle|p2a: Great Tusk
|-immune|p2a: Great Tusk
|
|upkeep
|turn|17
|
|t:|1758294454
|-terastallize|p2a: Great Tusk|Ground
|move|p1a: Pikachu|Play Rough|p2a: Great Tusk
|-damage|p2a: Great Tusk|36/100
|-unboost|p2a: Great Tusk|atk|1
|move|p2a: Great Tusk|Headlong Rush|p1a: Pikachu
|-damage|p1a: Pikachu|0 fnt
|-unboost|p2a: Great Tusk|def|1
|-unboost|p2a: Great Tusk|spd|1
|-status|p2a: Great Tusk|par|[from] ability: Static|[of] p1a: Pikachu
|faint|p1a: Pikachu
|
|upkeep
|
|t:|1758294457
|switch|p1a: Venusaur|Venusaur, F|100/100
|turn|18
|
|t:|1758294471
|move|p1a: Venusaur|Energy Ball|p2a: Great Tusk
|-supereffective|p2a: Great Tusk
|-damage|p2a: Great Tusk|0 fnt
|faint|p2a: Great Tusk
|-end|p2a: Great Tusk|Protosynthesis|[silent]
|-damage|p1a: Venusaur|91/100|[from] item: Life Orb
|
|upkeep
|
|t:|1758294478
|switch|p2a: Scizor|Scizor, F|75/100
|turn|19
|
|t:|1758294487
|move|p1a: Venusaur|Earth Power|p2a: Scizor
|-damage|p2a: Scizor|28/100
|-damage|p1a: Venusaur|81/100|[from] item: Life Orb
|move|p2a: Scizor|U-turn|p1a: Venusaur
|-damage|p1a: Venusaur|0 fnt
|faint|p1a: Venusaur
|
|t:|1758294494
|switch|p2a: Sandy Shocks|Sandy Shocks|8/100 brn|[from] U-turn
|
|-damage|p2a: Sandy Shocks|2/100 brn|[from] brn
|upkeep
|
|t:|1758294497
|switch|p1a: Blastoise|Blastoise, F|100/100
|turn|20
|
|t:|1758294502
|move|p2a: Sandy Shocks|Thunderbolt|p1a: Blastoise
|-supereffective|p1a: Blastoise
|-damage|p1a: Blastoise|0 fnt
|faint|p1a: Blastoise
|-damage|p2a: Sandy Shocks|0 fnt|[from] item: Life Orb
|faint|p2a: Sandy Shocks
|-end|p2a: Sandy Shocks|Protosynthesis|[silent]
|
|win|FantasiaG
|raw|PkmnMasterNasir894's rating: 1076 &rarr; <strong>1057</strong><br />(-19 for losing)
|raw|FantasiaG's rating: 1107 &rarr; <strong>1130</strong><br />(+23 for winning)
|l|☆PkmnMasterNasir894
|player|p1|
|l|☆FantasiaG
|player|p2|
