|j|☆Oreoinabox
|j|☆MK5
|t:|1758252338
|gametype|singles
|player|p1|Oreoinabox|266|1535
|player|p2|MK5|hiker-gen4|1518
|gen|9
|tier|[Gen 9] OU
|rated|
|rule|HP Percentage Mod: HP is shown in percentages
|rule|Endless Battle Clause: Forcing endless battles is banned
|rule|Species Clause: Limit one of each Pokémon
|rule|OHKO Clause: OHKO moves are banned
|rule|Evasion Items Clause: Evasion items are banned
|rule|Evasion Moves Clause: Evasion moves are banned
|rule|Evasion Abilities Clause: Evasion abilities are banned
|rule|Sleep Moves Clause: Sleep-inducing moves are banned
|clearpoke
|poke|p1|Iron Thorns|
|poke|p1|Araquanid, F|
|poke|p1|Blastoise, M|
|poke|p1|Corviknight, M|
|poke|p1|Meowscarada, F|
|poke|p1|Great Tusk|
|poke|p2|Dragonite, F|
|poke|p2|Ting-Lu|
|poke|p2|Gholdengo|
|poke|p2|Moltres|
|poke|p2|Great Tusk|
|poke|p2|Scizor, M|
|teampreview
|inactive|Battle timer is ON: inactive players will automatically lose when time's up. (requested by Oreoinabox)
|inactive|MK5 has 120 seconds left.
|
|t:|1758252379
|teamsize|p1|6
|teamsize|p2|6
|start
|switch|p1a: Araquanid|Araquanid, F|100/100
|switch|p2a: Gholdengo|Gholdengo|100/100
|turn|1
|
|t:|1758252404
|move|p2a: Gholdengo|Shadow Ball|p1a: Araquanid
|-damage|p1a: Araquanid|67/100
|move|p1a: Araquanid|Sticky Web|p2a: Gholdengo
|-sidestart|p2: MK5|move: Sticky Web
|
|upkeep
|turn|2
|
|t:|1758252409
|switch|p1a: Corviknight|Corviknight, M|100/100
|-ability|p1a: Corviknight|Pressure
|move|p2a: Gholdengo|Shadow Ball|p1a: Corviknight
|-damage|p1a: Corviknight|67/100
|
|upkeep
|turn|3
|
|t:|1758252416
|move|p2a: Gholdengo|Shadow Ball|p1a: Corviknight
|-damage|p1a: Corviknight|33/100
|-unboost|p1a: Corviknight|spd|1
|move|p1a: Corviknight|Roost|p1a: Corviknight
|-heal|p1a: Corviknight|83/100
|-singleturn|p1a: Corviknight|move: Roost
|
|upkeep
|turn|4
|
|t:|1758252426
|move|p2a: Gholdengo|Shadow Ball|p1a: Corviknight
|-damage|p1a: Corviknight|32/100
|-unboost|p1a: Corviknight|spd|1
|move|p1a: Corviknight|U-turn|p2a: Gholdengo
|-resisted|p2a: Gholdengo
|-damage|p2a: Gholdengo|96/100
|
|t:|1758252434
|switch|p1a: Meowscarada|Meowscarada, F|100/100|[from] U-turn
|
|upkeep
|turn|5
|
|t:|1758252455
|switch|p2a: Scizor|Scizor, M|100/100
|-activate|p2a: Scizor|move: Sticky Web
|-unboost|p2a: Scizor|spe|1
|move|p1a: Meowscarada|Knock Off|p2a: Scizor
|-start|p1a: Meowscarada|typechange|Dark|[from] ability: Protean
|-damage|p2a: Scizor|26/100
|-enditem|p2a: Scizor|Choice Band|[from] move: Knock Off|[of] p1a: Meowscarada
|
|upkeep
|turn|6
|
|t:|1758252464
|move|p2a: Scizor|Bullet Punch|p1a: Meowscarada
|-damage|p1a: Meowscarada|44/100
|move|p1a: Meowscarada|Knock Off|p2a: Scizor
|-crit|p2a: Scizor
|-damage|p2a: Scizor|0 fnt
|faint|p2a: Scizor
|
|upkeep
|
|t:|1758252475
|switch|p2a: Moltres|Moltres|100/100
|turn|7
|
|t:|1758252490
|switch|p1a: Araquanid|Araquanid, F|67/100
|move|p2a: Moltres|U-turn|p1a: Araquanid
|-damage|p1a: Araquanid|50/100
|
|t:|1758252509
|switch|p2a: Gholdengo|Gholdengo|96/100|[from] U-turn
|-activate|p2a: Gholdengo|move: Sticky Web
|-unboost|p2a: Gholdengo|spe|1
|
|upkeep
|turn|8
|
|t:|1758252514
|move|p2a: Gholdengo|Shadow Ball|p1a: Araquanid
|-damage|p1a: Araquanid|13/100
|move|p1a: Araquanid|Liquidation|p2a: Gholdengo
|-damage|p2a: Gholdengo|17/100
|
|upkeep
|turn|9
|
|t:|1758252524
|move|p2a: Gholdengo|Shadow Ball|p1a: Araquanid
|-damage|p1a: Araquanid|0 fnt
|faint|p1a: Araquanid
|
|upkeep
|
|t:|1758252526
|switch|p1a: Corviknight|Corviknight, M|32/100
|-ability|p1a: Corviknight|Pressure
|turn|10
|
|t:|1758252553
|switch|p2a: Moltres|Moltres|100/100
|move|p1a: Corviknight|Roost|p1a: Corviknight
|-heal|p1a: Corviknight|82/100
|-singleturn|p1a: Corviknight|move: Roost
|
|upkeep
|turn|11
|
|t:|1758252561
|switch|p1a: Blastoise|Blastoise, M|100/100
|move|p2a: Moltres|U-turn|p1a: Blastoise
|-damage|p1a: Blastoise|85/100
|inactive|MK5 has 120 seconds left.
|
|t:|1758252586
|switch|p2a: Gholdengo|Gholdengo|17/100|[from] U-turn
|-activate|p2a: Gholdengo|move: Sticky Web
|-unboost|p2a: Gholdengo|spe|1
|
|upkeep
|turn|12
|
|t:|1758252596
|move|p2a: Gholdengo|Trick|p1a: Blastoise
|-activate|p2a: Gholdengo|move: Trick|[of] p1a: Blastoise
|-item|p1a: Blastoise|Choice Scarf|[from] move: Trick
|-enditem|p2a: Gholdengo|White Herb
|-clearnegativeboost|p2a: Gholdengo|[silent]
|-item|p2a: Gholdengo|White Herb|[from] move: Trick
|move|p1a: Blastoise|Shell Smash|p1a: Blastoise
|-unboost|p1a: Blastoise|def|1
|-unboost|p1a: Blastoise|spd|1
|-boost|p1a: Blastoise|atk|2
|-boost|p1a: Blastoise|spa|2
|-boost|p1a: Blastoise|spe|2
|
|upkeep
|turn|13
|inactive|MK5 has 120 seconds left.
|
|t:|1758252607
|switch|p1a: Corviknight|Corviknight, M|82/100
|-ability|p1a: Corviknight|Pressure
|move|p2a: Gholdengo|Shadow Ball|p1a: Corviknight
|-damage|p1a: Corviknight|47/100
|-unboost|p1a: Corviknight|spd|1
|
|upkeep
|turn|14
|inactive|MK5 has 120 seconds left.
|
|t:|1758252622
|switch|p1a: Blastoise|Blastoise, M|85/100
|move|p2a: Gholdengo|Shadow Ball|p1a: Blastoise
|-damage|p1a: Blastoise|39/100
|
|upkeep
|turn|15
|inactive|MK5 has 120 seconds left.
|
|t:|1758252628
|switch|p2a: Ting-Lu|Ting-Lu|100/100
|-activate|p2a: Ting-Lu|move: Sticky Web
|-unboost|p2a: Ting-Lu|spe|1
|-ability|p2a: Ting-Lu|Vessel of Ruin
|move|p1a: Blastoise|Surf|p2a: Ting-Lu
|-supereffective|p2a: Ting-Lu
|-damage|p2a: Ting-Lu|67/100
|
|-heal|p2a: Ting-Lu|74/100|[from] item: Leftovers
|upkeep
|turn|16
|inactive|MK5 has 120 seconds left.
|
|t:|1758252639
|move|p1a: Blastoise|Surf|p2a: Ting-Lu
|-supereffective|p2a: Ting-Lu
|-damage|p2a: Ting-Lu|44/100
|move|p2a: Ting-Lu|Stealth Rock|p1a: Blastoise
|-sidestart|p1: Oreoinabox|move: Stealth Rock
|
|-heal|p2a: Ting-Lu|50/100|[from] item: Leftovers
|upkeep
|turn|17
|
|t:|1758252646
|move|p1a: Blastoise|Surf|p2a: Ting-Lu
|-supereffective|p2a: Ting-Lu
|-damage|p2a: Ting-Lu|18/100
|move|p2a: Ting-Lu|Spikes|p1a: Blastoise
|-sidestart|p1: Oreoinabox|Spikes
|
|-heal|p2a: Ting-Lu|25/100|[from] item: Leftovers
|upkeep
|turn|18
|
|t:|1758252652
|move|p1a: Blastoise|Surf|p2a: Ting-Lu
|-supereffective|p2a: Ting-Lu
|-damage|p2a: Ting-Lu|0 fnt
|faint|p2a: Ting-Lu
|
|upkeep
|
|t:|1758252659
|switch|p2a: Dragonite|Dragonite, F|100/100
|turn|19
|
|t:|1758252686
|switch|p1a: Corviknight|Corviknight, M|47/100
|-damage|p1a: Corviknight|35/100|[from] Stealth Rock
|-ability|p1a: Corviknight|Pressure
|move|p2a: Dragonite|Dragon Dance|p2a: Dragonite
|-boost|p2a: Dragonite|atk|1
|-boost|p2a: Dragonite|spe|1
|
|upkeep
|turn|20
|
|t:|1758252695
|move|p2a: Dragonite|Ice Spinner|p1a: Corviknight
|-damage|p1a: Corviknight|3/100
|-damage|p2a: Dragonite|84/100|[from] item: Rocky Helmet|[of] p1a: Corviknight
|move|p1a: Corviknight|Roost|p1a: Corviknight
|-heal|p1a: Corviknight|53/100
|-singleturn|p1a: Corviknight|move: Roost
|
|upkeep
|turn|21
|
|t:|1758252706
|switch|p2a: Moltres|Moltres|100/100
|move|p1a: Corviknight|Roost|p1a: Corviknight
|-heal|p1a: Corviknight|100/100
|-singleturn|p1a: Corviknight|move: Roost
|
|upkeep
|turn|22
|
|t:|1758252712
|switch|p1a: Blastoise|Blastoise, M|39/100
|-damage|p1a: Blastoise|27/100|[from] Stealth Rock
|-damage|p1a: Blastoise|15/100|[from] Spikes
|move|p2a: Moltres|Flamethrower|p1a: Blastoise
|-resisted|p1a: Blastoise
|-damage|p1a: Blastoise|0 fnt
|faint|p1a: Blastoise
|
|upkeep
|
|t:|1758252719
|switch|p1a: Great Tusk|Great Tusk|100/100
|-damage|p1a: Great Tusk|98/100|[from] Stealth Rock
|-damage|p1a: Great Tusk|85/100|[from] Spikes
|turn|23
|
|t:|1758252725
|move|p1a: Great Tusk|Rapid Spin|p2a: Moltres
|-damage|p2a: Moltres|88/100
|-boost|p1a: Great Tusk|spe|1
|-status|p1a: Great Tusk|brn|[from] ability: Flame Body|[of] p2a: Moltres
|-sideend|p1: Oreoinabox|Spikes|[from] move: Rapid Spin|[of] p1a: Great Tusk
|-sideend|p1: Oreoinabox|Stealth Rock|[from] move: Rapid Spin|[of] p1a: Great Tusk
|move|p2a: Moltres|Flamethrower|p1a: Great Tusk
|-damage|p1a: Great Tusk|46/100 brn
|
|-damage|p1a: Great Tusk|40/100 brn|[from] brn
|upkeep
|turn|24
|
|t:|1758252739
|move|p1a: Great Tusk|Ice Spinner|p2a: Moltres
|-damage|p2a: Moltres|80/100
|move|p2a: Moltres|U-turn|p1a: Great Tusk
|-resisted|p1a: Great Tusk
|-damage|p1a: Great Tusk|35/100 brn
|
|t:|1758252745
|switch|p2a: Great Tusk|Great Tusk|100/100|[from] U-turn
|-activate|p2a: Great Tusk|move: Sticky Web
|-unboost|p2a: Great Tusk|spe|1
|
|-damage|p1a: Great Tusk|28/100 brn|[from] brn
|upkeep
|turn|25
|
|t:|1758252751
|-end|p1a: Great Tusk|Protosynthesis|[silent]
|switch|p1a: Corviknight|Corviknight, M|100/100
|-ability|p1a: Corviknight|Pressure
|move|p2a: Great Tusk|Rapid Spin|p1a: Corviknight
|-resisted|p1a: Corviknight
|-damage|p1a: Corviknight|95/100
|-boost|p2a: Great Tusk|spe|1
|-damage|p2a: Great Tusk|84/100|[from] item: Rocky Helmet|[of] p1a: Corviknight
|-sideend|p2: MK5|Sticky Web|[from] move: Rapid Spin|[of] p2a: Great Tusk
|
|-heal|p2a: Great Tusk|90/100|[from] item: Leftovers
|upkeep
|turn|26
|
|t:|1758252764
|-end|p2a: Great Tusk|Protosynthesis|[silent]
|switch|p2a: Moltres|Moltres|80/100
|move|p1a: Corviknight|U-turn|p2a: Moltres
|-resisted|p2a: Moltres
|-damage|p2a: Moltres|77/100
|-status|p1a: Corviknight|brn|[from] ability: Flame Body|[of] p2a: Moltres
|
|t:|1758252771
|switch|p1a: Iron Thorns|Iron Thorns|100/100|[from] U-turn
|-enditem|p1a: Iron Thorns|Booster Energy
|-activate|p1a: Iron Thorns|ability: Quark Drive|[fromitem]
|-start|p1a: Iron Thorns|quarkdriveatk
|
|upkeep
|turn|27
|
|t:|1758252781
|switch|p2a: Great Tusk|Great Tusk|90/100
|move|p1a: Iron Thorns|Dragon Dance|p1a: Iron Thorns
|-boost|p1a: Iron Thorns|atk|1
|-boost|p1a: Iron Thorns|spe|1
|
|-heal|p2a: Great Tusk|96/100|[from] item: Leftovers
|upkeep
|turn|28
|
|t:|1758252798
|-terastallize|p1a: Iron Thorns|Flying
|move|p1a: Iron Thorns|Ice Punch|p2a: Great Tusk
|-supereffective|p2a: Great Tusk
|-damage|p2a: Great Tusk|20/100
|move|p2a: Great Tusk|Headlong Rush|p1a: Iron Thorns
|-immune|p1a: Iron Thorns
|
|-heal|p2a: Great Tusk|27/100|[from] item: Leftovers
|upkeep
|turn|29
|
|t:|1758252809
|move|p1a: Iron Thorns|Ice Punch|p2a: Great Tusk
|-supereffective|p2a: Great Tusk
|-damage|p2a: Great Tusk|0 fnt
|faint|p2a: Great Tusk
|-end|p2a: Great Tusk|Protosynthesis|[silent]
|
|upkeep
|
|t:|1758252820
|switch|p2a: Gholdengo|Gholdengo|17/100
|turn|30
|
|t:|1758252826
|move|p1a: Iron Thorns|Supercell Slam|p2a: Gholdengo
|-damage|p2a: Gholdengo|0 fnt
|faint|p2a: Gholdengo
|
|upkeep
|
|t:|1758252830
|switch|p2a: Dragonite|Dragonite, F|84/100
|turn|31
|
|t:|1758252833
|switch|p2a: Moltres|Moltres|77/100
|move|p1a: Iron Thorns|Ice Punch|p2a: Moltres
|-damage|p2a: Moltres|40/100
|-status|p1a: Iron Thorns|brn|[from] ability: Flame Body|[of] p2a: Moltres
|
|-damage|p1a: Iron Thorns|94/100 brn|[from] brn
|upkeep
|turn|32
|
|t:|1758252843
|move|p1a: Iron Thorns|Supercell Slam|p2a: Moltres
|-supereffective|p2a: Moltres
|-damage|p2a: Moltres|0 fnt
|faint|p2a: Moltres
|
|-damage|p1a: Iron Thorns|88/100 brn|[from] brn
|upkeep
|
|t:|1758252849
|switch|p2a: Dragonite|Dragonite, F|84/100
|turn|33
|
|t:|1758252857
|-terastallize|p2a: Dragonite|Normal
|move|p1a: Iron Thorns|Ice Punch|p2a: Dragonite
|-damage|p2a: Dragonite|55/100
|move|p2a: Dragonite|Dragon Dance|p2a: Dragonite
|-boost|p2a: Dragonite|atk|1
|-boost|p2a: Dragonite|spe|1
|
|-damage|p1a: Iron Thorns|82/100 brn|[from] brn
|upkeep
|turn|34
|
|t:|1758252866
|move|p2a: Dragonite|Extreme Speed|p1a: Iron Thorns
|-crit|p1a: Iron Thorns
|-damage|p1a: Iron Thorns|0 fnt
|faint|p1a: Iron Thorns
|-end|p1a: Iron Thorns|Quark Drive|[silent]
|
|upkeep
|
|t:|1758252869
|switch|p1a: Corviknight|Corviknight, M|95/100 brn
|-ability|p1a: Corviknight|Pressure
|turn|35
|
|t:|1758252875
|move|p2a: Dragonite|Dragon Dance|p2a: Dragonite
|-boost|p2a: Dragonite|atk|1
|-boost|p2a: Dragonite|spe|1
|move|p1a: Corviknight|Roost|p1a: Corviknight
|-heal|p1a: Corviknight|100/100 brn
|-singleturn|p1a: Corviknight|move: Roost
|
|-damage|p1a: Corviknight|94/100 brn|[from] brn
|upkeep
|turn|36
|
|t:|1758252883
|move|p2a: Dragonite|Dragon Dance|p2a: Dragonite
|-boost|p2a: Dragonite|atk|1
|-boost|p2a: Dragonite|spe|1
|move|p1a: Corviknight|Brave Bird|p2a: Dragonite
|-damage|p2a: Dragonite|36/100
|-damage|p1a: Corviknight|89/100 brn|[from] Recoil
|
|-damage|p1a: Corviknight|83/100 brn|[from] brn
|upkeep
|turn|37
|
|t:|1758252890
|move|p2a: Dragonite|Dragon Dance|p2a: Dragonite
|-boost|p2a: Dragonite|atk|1
|-boost|p2a: Dragonite|spe|1
|move|p1a: Corviknight|Roost|p1a: Corviknight
|-heal|p1a: Corviknight|100/100 brn
|-singleturn|p1a: Corviknight|move: Roost
|
|-damage|p1a: Corviknight|94/100 brn|[from] brn
|upkeep
|turn|38
|
|t:|1758252900
|move|p2a: Dragonite|Dragon Dance|p2a: Dragonite
|-boost|p2a: Dragonite|atk|1
|-boost|p2a: Dragonite|spe|1
|move|p1a: Corviknight|Brave Bird|p2a: Dragonite
|-damage|p2a: Dragonite|16/100
|-damage|p1a: Corviknight|89/100 brn|[from] Recoil
|
|-damage|p1a: Corviknight|83/100 brn|[from] brn
|upkeep
|turn|39
|
|t:|1758252909
|move|p2a: Dragonite|Ice Spinner|p1a: Corviknight
|-damage|p1a: Corviknight|9/100 brn
|-damage|p2a: Dragonite|0 fnt|[from] item: Rocky Helmet|[of] p1a: Corviknight
|faint|p2a: Dragonite
|
|win|Oreoinabox
|raw|Oreoinabox's rating: 1535 &rarr; <strong>1554</strong><br />(+19 for winning)
|raw|MK5's rating: 1518 &rarr; <strong>1499</strong><br />(-19 for losing)
|l|☆MK5
|player|p2|
|l|☆Oreoinabox
|player|p1|
