|j|☆Nangus Prime
|j|☆Archietheonly1
|t:|1758326595
|gametype|singles
|player|p1|Nangus Prime|265|1157
|player|p2|Archietheonly1|smasher|1117
|gen|9
|tier|[Gen 9] OU
|rated|
|rule|HP Percentage Mod: HP is shown in percentages
|rule|Endless Battle Clause: Forcing endless battles is banned
|rule|Species Clause: Limit one of each Pokémon
|rule|OHKO Clause: OHKO moves are banned
|rule|Evasion Items Clause: Evasion items are banned
|rule|Evasion Moves Clause: Evasion moves are banned
|rule|Evasion Abilities Clause: Evasion abilities are banned
|rule|Sleep Moves Clause: Sleep-inducing moves are banned
|clearpoke
|poke|p1|Cloyster, F|
|poke|p1|Great Tusk|
|poke|p1|Zapdos|
|poke|p1|Darkrai|
|poke|p1|Kyurem|
|poke|p1|Meowscarada, F|
|poke|p2|Salamence, M|
|poke|p2|Snorlax, M|
|poke|p2|Electrode-Hisui|
|poke|p2|Tyranitar, M|
|poke|p2|Dugtrio, M|
|poke|p2|Porygon-Z|
|teampreview
|
|t:|1758326607
|teamsize|p1|6
|teamsize|p2|6
|start
|switch|p1a: Meowscarada|Meowscarada, F, shiny|100/100
|switch|p2a: EQ|Dugtrio, M|100/100
|turn|1
|
|t:|1758326619
|move|p1a: Meowscarada|U-turn|p2a: EQ
|-start|p1a: Meowscarada|typechange|Bug|[from] ability: Protean
|-damage|p2a: EQ|2/100
|
|t:|1758326625
|switch|p1a: Zapdos|Zapdos|100/100|[from] U-turn
|move|p2a: EQ|Agility|p2a: EQ
|-boost|p2a: EQ|spe|2
|
|upkeep
|turn|2
|
|t:|1758326633
|move|p2a: EQ|Stone Edge|p1a: Zapdos|[miss]
|-miss|p2a: EQ|p1a: Zapdos
|move|p1a: Zapdos|Hurricane|p2a: EQ
|-damage|p2a: EQ|0 fnt
|faint|p2a: EQ
|
|upkeep
|c|☆Archietheonly1|that 20%
|c|☆Nangus Prime|rough
|
|t:|1758326656
|switch|p2a: Proygon-3|Porygon-Z|100/100
|turn|3
|
|t:|1758326662
|move|p2a: Proygon-3|Tri Attack|p1a: Zapdos
|-damage|p1a: Zapdos|57/100
|-status|p1a: Zapdos|brn
|move|p1a: Zapdos|Volt Switch|p2a: Proygon-3
|-damage|p2a: Proygon-3|62/100
|
|t:|1758326687
|switch|p1a: Meowscarada|Meowscarada, F, shiny|100/100|[from] Volt Switch
|
|upkeep
|turn|4
|
|t:|1758326701
|move|p1a: Meowscarada|U-turn|p2a: Proygon-3
|-start|p1a: Meowscarada|typechange|Bug|[from] ability: Protean
|-damage|p2a: Proygon-3|18/100
|
|t:|1758326709
|switch|p1a: Zapdos|Zapdos|57/100 brn|[from] U-turn
|move|p2a: Proygon-3|Ice Beam|p1a: Zapdos
|-supereffective|p1a: Zapdos
|-damage|p1a: Zapdos|5/100 brn
|
|-heal|p1a: Zapdos|12/100 brn|[from] item: Leftovers
|-damage|p1a: Zapdos|5/100 brn|[from] brn
|upkeep
|turn|5
|
|t:|1758326728
|move|p2a: Proygon-3|Ice Beam|p1a: Zapdos
|-supereffective|p1a: Zapdos
|-damage|p1a: Zapdos|0 fnt
|faint|p1a: Zapdos
|
|upkeep
|
|t:|1758326734
|switch|p1a: Meowscarada|Meowscarada, F, shiny|100/100
|turn|6
|
|t:|1758326743
|switch|p2a: Legend|Tyranitar, M|100/100
|-weather|Sandstorm|[from] ability: Sand Stream|[of] p2a: Legend
|move|p1a: Meowscarada|U-turn|p2a: Legend
|-start|p1a: Meowscarada|typechange|Bug|[from] ability: Protean
|-supereffective|p2a: Legend
|-damage|p2a: Legend|49/100
|
|t:|1758326754
|switch|p1a: Great Tusk|Great Tusk, shiny|100/100|[from] U-turn
|
|-weather|Sandstorm|[upkeep]
|upkeep
|turn|7
|
|t:|1758326772
|switch|p2a: Proygon-3|Porygon-Z|18/100
|move|p1a: Great Tusk|Body Press|p2a: Proygon-3
|-supereffective|p2a: Proygon-3
|-damage|p2a: Proygon-3|0 fnt
|faint|p2a: Proygon-3
|
|-weather|Sandstorm|[upkeep]
|upkeep
|
|t:|1758326783
|switch|p2a: Lambo|Salamence, M|100/100
|turn|8
|
|t:|1758326786
|move|p2a: Lambo|Dragon Dance|p2a: Lambo
|-boost|p2a: Lambo|atk|1
|-boost|p2a: Lambo|spe|1
|move|p1a: Great Tusk|Ice Spinner|p2a: Lambo
|-supereffective|p2a: Lambo
|-damage|p2a: Lambo|0 fnt
|faint|p2a: Lambo
|
|-weather|Sandstorm|[upkeep]
|upkeep
|
|t:|1758326796
|switch|p2a: Xylem|Electrode-Hisui|100/100
|turn|9
|
|t:|1758326817
|-end|p1a: Great Tusk|Protosynthesis|[silent]
|switch|p1a: Kyurem|Kyurem|100/100
|-ability|p1a: Kyurem|Pressure
|move|p2a: Xylem|Energy Ball|p1a: Kyurem
|-resisted|p1a: Kyurem
|-damage|p1a: Kyurem|84/100
|
|-weather|Sandstorm|[upkeep]
|-damage|p2a: Xylem|94/100|[from] Sandstorm
|-damage|p1a: Kyurem|78/100|[from] Sandstorm
|upkeep
|turn|10
|
|t:|1758326837
|move|p2a: Xylem|Thunder Wave|p1a: Kyurem
|-status|p1a: Kyurem|par
|move|p1a: Kyurem|Ice Beam|p2a: Xylem
|-supereffective|p2a: Xylem
|-damage|p2a: Xylem|0 fnt
|faint|p2a: Xylem
|
|-weather|none
|upkeep
|
|t:|1758326851
|switch|p2a: Big Boy|Snorlax, M|100/100
|turn|11
|
|t:|1758326856
|switch|p1a: Great Tusk|Great Tusk, shiny|100/100
|move|p2a: Big Boy|Curse|p2a: Big Boy
|-unboost|p2a: Big Boy|spe|1
|-boost|p2a: Big Boy|atk|1
|-boost|p2a: Big Boy|def|1
|
|upkeep
|turn|12
|
|t:|1758326864
|move|p1a: Great Tusk|Body Press|p2a: Big Boy
|-supereffective|p2a: Big Boy
|-damage|p2a: Big Boy|52/100
|move|p2a: Big Boy|Curse|p2a: Big Boy
|-unboost|p2a: Big Boy|spe|1
|-boost|p2a: Big Boy|atk|1
|-boost|p2a: Big Boy|def|1
|
|upkeep
|turn|13
|
|t:|1758326887
|move|p1a: Great Tusk|Body Press|p2a: Big Boy
|-supereffective|p2a: Big Boy
|-damage|p2a: Big Boy|13/100
|-enditem|p2a: Big Boy|Aguav Berry|[eat]
|-heal|p2a: Big Boy|46/100|[from] item: Aguav Berry
|move|p2a: Big Boy|Curse|p2a: Big Boy
|-unboost|p2a: Big Boy|spe|1
|-boost|p2a: Big Boy|atk|1
|-boost|p2a: Big Boy|def|1
|
|upkeep
|turn|14
|
|t:|1758326897
|move|p1a: Great Tusk|Body Press|p2a: Big Boy
|-supereffective|p2a: Big Boy
|-damage|p2a: Big Boy|19/100
|move|p2a: Big Boy|Rest|p2a: Big Boy
|-status|p2a: Big Boy|slp|[from] move: Rest
|-heal|p2a: Big Boy|100/100 slp|[silent]
|
|upkeep
|turn|15
|
|t:|1758326905
|-end|p1a: Great Tusk|Protosynthesis|[silent]
|switch|p1a: Cloyster|Cloyster, F, shiny|100/100
|cant|p2a: Big Boy|slp
|move|p2a: Big Boy|Sleep Talk|p2a: Big Boy
|move|p2a: Big Boy|Curse|p2a: Big Boy|[from] move: Sleep Talk
|-unboost|p2a: Big Boy|spe|1
|-boost|p2a: Big Boy|atk|1
|-boost|p2a: Big Boy|def|1
|
|upkeep
|turn|16
|
|t:|1758326915
|move|p1a: Cloyster|Shell Smash|p1a: Cloyster
|-unboost|p1a: Cloyster|def|1
|-unboost|p1a: Cloyster|spd|1
|-boost|p1a: Cloyster|atk|2
|-boost|p1a: Cloyster|spa|2
|-boost|p1a: Cloyster|spe|2
|-enditem|p1a: Cloyster|White Herb
|-clearnegativeboost|p1a: Cloyster|[silent]
|cant|p2a: Big Boy|slp
|move|p2a: Big Boy|Sleep Talk|p2a: Big Boy
|move|p2a: Big Boy|Body Slam|p1a: Cloyster|[from] move: Sleep Talk
|-damage|p1a: Cloyster|15/100
|
|upkeep
|turn|17
|
|t:|1758326937
|-terastallize|p1a: Cloyster|Water
|move|p1a: Cloyster|Hydro Pump|p2a: Big Boy
|-damage|p2a: Big Boy|48/100 slp
|-curestatus|p2a: Big Boy|slp|[msg]
|move|p2a: Big Boy|Curse|p2a: Big Boy
|-unboost|p2a: Big Boy|spe|1
|-boost|p2a: Big Boy|atk|1
|-boost|p2a: Big Boy|def|1
|
|upkeep
|turn|18
|
|t:|1758326948
|move|p1a: Cloyster|Hydro Pump|p2a: Big Boy|[miss]
|-miss|p1a: Cloyster|p2a: Big Boy
|move|p2a: Big Boy|Rest|p2a: Big Boy
|-status|p2a: Big Boy|slp|[from] move: Rest
|-heal|p2a: Big Boy|100/100 slp|[silent]
|
|upkeep
|turn|19
|
|t:|1758326957
|move|p1a: Cloyster|Hydro Pump|p2a: Big Boy
|-damage|p2a: Big Boy|53/100 slp
|cant|p2a: Big Boy|slp
|move|p2a: Big Boy|Sleep Talk|p2a: Big Boy
|move|p2a: Big Boy|Body Slam|p1a: Cloyster|[from] move: Sleep Talk
|-damage|p1a: Cloyster|0 fnt
|faint|p1a: Cloyster
|
|upkeep
|
|t:|1758326974
|switch|p1a: Kyurem|Kyurem|78/100 par
|-ability|p1a: Kyurem|Pressure
|turn|20
|
|t:|1758326995
|cant|p1a: Kyurem|par
|cant|p2a: Big Boy|slp
|move|p2a: Big Boy|Sleep Talk|p2a: Big Boy
|move|p2a: Big Boy|Curse|p2a: Big Boy|[from] move: Sleep Talk
|-unboost|p2a: Big Boy|spe|1
|-boost|p2a: Big Boy|atk|1
|-boost|p2a: Big Boy|def|1
|
|upkeep
|turn|21
|
|t:|1758327004
|cant|p1a: Kyurem|par
|-curestatus|p2a: Big Boy|slp|[msg]
|move|p2a: Big Boy|Rest|p2a: Big Boy
|-status|p2a: Big Boy|slp|[from] move: Rest
|-heal|p2a: Big Boy|100/100 slp|[silent]
|
|upkeep
|turn|22
|
|t:|1758327020
|move|p1a: Kyurem|Draco Meteor|p2a: Big Boy
|-damage|p2a: Big Boy|49/100 slp
|-unboost|p1a: Kyurem|spa|2
|cant|p2a: Big Boy|slp
|move|p2a: Big Boy|Sleep Talk|p2a: Big Boy
|move|p2a: Big Boy|Curse|p2a: Big Boy|[from] move: Sleep Talk
|
|upkeep
|turn|23
|
|t:|1758327032
|move|p1a: Kyurem|Draco Meteor|p2a: Big Boy
|-damage|p2a: Big Boy|20/100 slp
|-unboost|p1a: Kyurem|spa|2
|cant|p2a: Big Boy|slp
|move|p2a: Big Boy|Sleep Talk|p2a: Big Boy
|move|p2a: Big Boy|Body Slam|p1a: Kyurem|[from] move: Sleep Talk
|-damage|p1a: Kyurem|0 fnt
|faint|p1a: Kyurem
|
|upkeep
|
|t:|1758327048
|switch|p1a: Darkrai|Darkrai, shiny|100/100
|turn|24
|
|t:|1758327052
|move|p1a: Darkrai|Dark Pulse|p2a: Big Boy
|-damage|p2a: Big Boy|0 fnt
|faint|p2a: Big Boy
|-damage|p1a: Darkrai|91/100|[from] item: Life Orb
|
|upkeep
|
|t:|1758327055
|switch|p2a: Legend|Tyranitar, M|49/100
|-weather|Sandstorm|[from] ability: Sand Stream|[of] p2a: Legend
|turn|25
|
|t:|1758327071
|move|p1a: Darkrai|Ice Beam|p2a: Legend
|-damage|p2a: Legend|34/100
|-damage|p1a: Darkrai|81/100|[from] item: Life Orb
|move|p2a: Legend|Rock Tomb|p1a: Darkrai
|-damage|p1a: Darkrai|35/100
|-unboost|p1a: Darkrai|spe|1
|
|-weather|Sandstorm|[upkeep]
|-damage|p1a: Darkrai|29/100|[from] Sandstorm
|upkeep
|turn|26
|
|t:|1758327086
|move|p1a: Darkrai|Ice Beam|p2a: Legend
|-damage|p2a: Legend|18/100
|-damage|p1a: Darkrai|19/100|[from] item: Life Orb
|move|p2a: Legend|Knock Off|p1a: Darkrai
|-resisted|p1a: Darkrai
|-damage|p1a: Darkrai|0 fnt
|-enditem|p1a: Darkrai|Life Orb|[from] move: Knock Off|[of] p2a: Legend
|faint|p1a: Darkrai
|
|-weather|Sandstorm|[upkeep]
|upkeep
|
|t:|1758327095
|switch|p1a: Meowscarada|Meowscarada, F, shiny|100/100
|turn|27
|
|t:|1758327100
|move|p1a: Meowscarada|Flower Trick|p2a: Legend
|-start|p1a: Meowscarada|typechange|Grass|[from] ability: Protean
|-supereffective|p2a: Legend
|-crit|p2a: Legend
|-damage|p2a: Legend|0 fnt
|faint|p2a: Legend
|
|win|Nangus Prime
|raw|Nangus Prime's rating: 1157 &rarr; <strong>1179</strong><br />(+22 for winning)
|raw|Archietheonly1's rating: 1117 &rarr; <strong>1095</strong><br />(-22 for losing)
|c|☆Archietheonly1|ggs
|l|☆Archietheonly1
|player|p2|
|c|☆Nangus Prime|gg
|l|☆Nangus Prime
|player|p1|
