|j|☆Palm X
|j|☆JohnLowLadder'
|t:|1758255879
|gametype|singles
|player|p1|Palm X|caitlin|1593
|player|p2|JohnLowLadder'|youngster-gen6xy|1624
|gen|9
|tier|[Gen 9] OU
|rated|
|rule|HP Percentage Mod: HP is shown in percentages
|rule|Endless Battle Clause: Forcing endless battles is banned
|rule|Species Clause: Limit one of each Pokémon
|rule|OHKO Clause: OHKO moves are banned
|rule|Evasion Items Clause: Evasion items are banned
|rule|Evasion Moves Clause: Evasion moves are banned
|rule|Evasion Abilities Clause: Evasion abilities are banned
|rule|Sleep Moves Clause: Sleep-inducing moves are banned
|clearpoke
|poke|p1|Dragapult, F|
|poke|p1|Zamazenta-*|
|poke|p1|Slowking-Galar, F|
|poke|p1|Moltres|
|poke|p1|Ting-Lu|
|poke|p1|Weezing-Galar, F|
|poke|p2|Pelipper, F|
|poke|p2|Hatterene, F|
|poke|p2|Iron Treads|
|poke|p2|Toxicroak, F|
|poke|p2|Barraskewda, F|
|poke|p2|Zapdos|
|teampreview
|inactive|Battle timer is ON: inactive players will automatically lose when time's up. (requested by Palm X)
|j| BigChiefQueef
|inactive|JohnLowLadder' has 120 seconds left.
|
|t:|1758255925
|teamsize|p1|6
|teamsize|p2|6
|start
|switch|p1a: BoySlowDown😭😂✌️|Slowking-Galar, F, shiny|100/100
|switch|p2a: Iron Treads|Iron Treads|100/100
|turn|1
|
|t:|1758255935
|switch|p1a: Baconeggncheese|Moltres, shiny|100/100
|move|p2a: Iron Treads|Stealth Rock|p1a: Baconeggncheese
|-sidestart|p1: Palm X|move: Stealth Rock
|
|upkeep
|turn|2
|
|t:|1758255940
|move|p2a: Iron Treads|Volt Switch|p1a: Baconeggncheese
|-supereffective|p1a: Baconeggncheese
|-damage|p1a: Baconeggncheese|76/100
|
|t:|1758255944
|-end|p2a: Iron Treads|Quark Drive|[silent]
|switch|p2a: Pelipper|Pelipper, F|100/100|[from] Volt Switch
|-weather|RainDance|[from] ability: Drizzle|[of] p2a: Pelipper
|move|p1a: Baconeggncheese|Hurricane|p2a: Pelipper
|-damage|p2a: Pelipper|59/100
|
|-weather|RainDance|[upkeep]
|upkeep
|turn|3
|
|t:|1758255954
|switch|p2a: Zapdos|Zapdos|100/100
|move|p1a: Baconeggncheese|Hurricane|p2a: Zapdos
|-resisted|p2a: Zapdos
|-damage|p2a: Zapdos|75/100
|
|-weather|RainDance|[upkeep]
|upkeep
|turn|4
|
|t:|1758255960
|switch|p1a: LuLu on dat BUTT|Ting-Lu|100/100
|-damage|p1a: LuLu on dat BUTT|94/100|[from] Stealth Rock
|-ability|p1a: LuLu on dat BUTT|Vessel of Ruin
|move|p2a: Zapdos|Hurricane|p1a: LuLu on dat BUTT
|-damage|p1a: LuLu on dat BUTT|59/100
|-start|p1a: LuLu on dat BUTT|confusion
|
|-weather|RainDance|[upkeep]
|-heal|p1a: LuLu on dat BUTT|65/100|[from] item: Leftovers
|upkeep
|turn|5
|
|t:|1758255968
|switch|p2a: Barraskewda|Barraskewda, F|100/100
|-activate|p1a: LuLu on dat BUTT|confusion
|move|p1a: LuLu on dat BUTT|Ruination|p2a: Barraskewda
|-damage|p2a: Barraskewda|51/100
|
|-weather|RainDance|[upkeep]
|-heal|p1a: LuLu on dat BUTT|72/100|[from] item: Leftovers
|upkeep
|turn|6
|
|t:|1758255976
|switch|p1a: Perc Nowitzki|Weezing-Galar, F|100/100
|-ability|p1a: Perc Nowitzki|Neutralizing Gas
|move|p2a: Barraskewda|Flip Turn|p1a: Perc Nowitzki
|-damage|p1a: Perc Nowitzki|47/100
|
|t:|1758255982
|switch|p2a: Zapdos|Zapdos|75/100|[from] Flip Turn
|
|-weather|RainDance|[upkeep]
|upkeep
|turn|7
|
|t:|1758255991
|-end|p1a: Perc Nowitzki|ability: Neutralizing Gas
|switch|p1a: BoySlowDown😭😂✌️|Slowking-Galar, F, shiny|100/100
|move|p2a: Zapdos|Hurricane|p1a: BoySlowDown😭😂✌️
|-damage|p1a: BoySlowDown😭😂✌️|48/100
|
|-weather|RainDance|[upkeep]
|upkeep
|turn|8
|
|t:|1758256006
|switch|p1a: LuLu on dat BUTT|Ting-Lu|72/100
|-damage|p1a: LuLu on dat BUTT|65/100|[from] Stealth Rock
|-ability|p1a: LuLu on dat BUTT|Vessel of Ruin
|move|p2a: Zapdos|Hurricane|p1a: LuLu on dat BUTT
|-damage|p1a: LuLu on dat BUTT|31/100
|
|-weather|RainDance|[upkeep]
|-heal|p1a: LuLu on dat BUTT|37/100|[from] item: Leftovers
|upkeep
|turn|9
|
|t:|1758256016
|-terastallize|p2a: Zapdos|Flying
|move|p2a: Zapdos|Hurricane|p1a: LuLu on dat BUTT
|-damage|p1a: LuLu on dat BUTT|0 fnt
|faint|p1a: LuLu on dat BUTT
|
|-weather|none
|upkeep
|
|t:|1758256019
|switch|p1a: Dragoonette|Dragapult, F, shiny|100/100
|turn|10
|
|t:|1758256033
|switch|p2a: Iron Treads|Iron Treads|100/100
|move|p1a: Dragoonette|U-turn|p2a: Iron Treads
|-resisted|p2a: Iron Treads
|-damage|p2a: Iron Treads|93/100
|
|t:|1758256053
|switch|p1a: Baconeggncheese|Moltres, shiny|76/100|[from] U-turn
|
|-heal|p2a: Iron Treads|99/100|[from] item: Leftovers
|upkeep
|turn|11
|
|t:|1758256080
|move|p2a: Iron Treads|Volt Switch|p1a: Baconeggncheese
|-supereffective|p1a: Baconeggncheese
|-damage|p1a: Baconeggncheese|53/100
|
|t:|1758256087
|-end|p2a: Iron Treads|Quark Drive|[silent]
|switch|p2a: Hatterene|Hatterene, F|100/100|[from] Volt Switch
|move|p1a: Baconeggncheese|Roost|p1a: Baconeggncheese
|-heal|p1a: Baconeggncheese|100/100
|-singleturn|p1a: Baconeggncheese|move: Roost
|
|upkeep
|turn|12
|
|t:|1758256091
|move|p1a: Baconeggncheese|Flamethrower|p2a: Hatterene
|-damage|p2a: Hatterene|60/100
|-enditem|p2a: Hatterene|Eject Button
|
|t:|1758256093
|switch|p2a: Pelipper|Pelipper, F|59/100
|-weather|RainDance|[from] ability: Drizzle|[of] p2a: Pelipper
|
|-weather|RainDance|[upkeep]
|upkeep
|turn|13
|
|t:|1758256109
|switch|p2a: Hatterene|Hatterene, F|60/100
|move|p1a: Baconeggncheese|Hurricane|p2a: Hatterene
|-damage|p2a: Hatterene|7/100
|
|-weather|RainDance|[upkeep]
|upkeep
|turn|14
|
|t:|1758256121
|move|p1a: Baconeggncheese|Flamethrower|p2a: Hatterene
|-damage|p2a: Hatterene|0 fnt
|faint|p2a: Hatterene
|
|-weather|RainDance|[upkeep]
|upkeep
|
|t:|1758256123
|switch|p2a: Zapdos|Zapdos, tera:Flying|75/100
|turn|15
|
|t:|1758256132
|switch|p1a: Perc Nowitzki|Weezing-Galar, F|47/100
|-ability|p1a: Perc Nowitzki|Neutralizing Gas
|move|p2a: Zapdos|Hurricane|p1a: Perc Nowitzki
|-damage|p1a: Perc Nowitzki|0 fnt
|faint|p1a: Perc Nowitzki
|-end|p1a: Perc Nowitzki|ability: Neutralizing Gas
|
|-weather|RainDance|[upkeep]
|upkeep
|
|t:|1758256135
|switch|p1a: Dragoonette|Dragapult, F, shiny|100/100
|turn|16
|
|t:|1758256143
|move|p1a: Dragoonette|Thunder Wave|p2a: Zapdos
|-status|p2a: Zapdos|par
|move|p2a: Zapdos|Hurricane|p1a: Dragoonette
|-damage|p1a: Dragoonette|0 fnt
|faint|p1a: Dragoonette
|
|-weather|RainDance|[upkeep]
|upkeep
|
|t:|1758256145
|switch|p1a: BillionsMustIDef|Zamazenta|100/100
|-damage|p1a: BillionsMustIDef|94/100|[from] Stealth Rock
|-ability|p1a: BillionsMustIDef|Dauntless Shield|boost
|-boost|p1a: BillionsMustIDef|def|1
|turn|17
|
|t:|1758256151
|move|p1a: BillionsMustIDef|Stone Edge|p2a: Zapdos
|-supereffective|p2a: Zapdos
|-damage|p2a: Zapdos|2/100 par
|move|p2a: Zapdos|Hurricane|p1a: BillionsMustIDef
|-supereffective|p1a: BillionsMustIDef
|-damage|p1a: BillionsMustIDef|0 fnt
|faint|p1a: BillionsMustIDef
|
|-weather|RainDance|[upkeep]
|upkeep
|
|t:|1758256154
|switch|p1a: Baconeggncheese|Moltres, shiny|100/100
|turn|18
|
|t:|1758256158
|move|p1a: Baconeggncheese|Flamethrower|p2a: Zapdos
|-damage|p2a: Zapdos|0 fnt
|faint|p2a: Zapdos
|
|-weather|RainDance|[upkeep]
|upkeep
|
|t:|1758256162
|switch|p2a: Barraskewda|Barraskewda, F|51/100
|turn|19
|
|t:|1758256166
|-terastallize|p1a: Baconeggncheese|Grass
|move|p2a: Barraskewda|Liquidation|p1a: Baconeggncheese
|-resisted|p1a: Baconeggncheese
|-damage|p1a: Baconeggncheese|66/100
|-unboost|p1a: Baconeggncheese|def|1
|move|p1a: Baconeggncheese|Roost|p1a: Baconeggncheese
|-heal|p1a: Baconeggncheese|100/100
|
|-weather|none
|upkeep
|turn|20
|
|t:|1758256191
|switch|p2a: Toxicroak|Toxicroak, F|100/100
|move|p1a: Baconeggncheese|Hurricane|p2a: Toxicroak
|-supereffective|p2a: Toxicroak
|-damage|p2a: Toxicroak|0 fnt
|faint|p2a: Toxicroak
|
|upkeep
|
|t:|1758256195
|switch|p2a: Iron Treads|Iron Treads|99/100
|turn|21
|
|t:|1758256208
|move|p2a: Iron Treads|Volt Switch|p1a: Baconeggncheese
|-resisted|p1a: Baconeggncheese
|-damage|p1a: Baconeggncheese|94/100
|
|t:|1758256213
|-end|p2a: Iron Treads|Quark Drive|[silent]
|switch|p2a: Pelipper|Pelipper, F|59/100|[from] Volt Switch
|-weather|RainDance|[from] ability: Drizzle|[of] p2a: Pelipper
|move|p1a: Baconeggncheese|Will-O-Wisp|p2a: Pelipper
|-status|p2a: Pelipper|brn
|
|-weather|RainDance|[upkeep]
|-damage|p2a: Pelipper|53/100 brn|[from] brn
|upkeep
|turn|22
|
|t:|1758256220
|move|p1a: Baconeggncheese|Hurricane|p2a: Pelipper
|-damage|p2a: Pelipper|12/100 brn
|move|p2a: Pelipper|Roost|p2a: Pelipper
|-heal|p2a: Pelipper|62/100 brn
|-singleturn|p2a: Pelipper|move: Roost
|
|-weather|RainDance|[upkeep]
|-damage|p2a: Pelipper|56/100 brn|[from] brn
|upkeep
|turn|23
|
|t:|1758256231
|switch|p1a: BoySlowDown😭😂✌️|Slowking-Galar, F, shiny|82/100
|move|p2a: Pelipper|Hurricane|p1a: BoySlowDown😭😂✌️
|-damage|p1a: BoySlowDown😭😂✌️|61/100
|
|-weather|RainDance|[upkeep]
|-damage|p2a: Pelipper|50/100 brn|[from] brn
|upkeep
|turn|24
|
|t:|1758256237
|move|p2a: Pelipper|U-turn|p1a: BoySlowDown😭😂✌️
|-damage|p1a: BoySlowDown😭😂✌️|56/100
|
|t:|1758256242
|switch|p2a: Iron Treads|Iron Treads|99/100|[from] U-turn
|-prepare|p1a: BoySlowDown😭😂✌️|Chilly Reception|[premajor]
|move|p1a: BoySlowDown😭😂✌️|Chilly Reception|p1a: BoySlowDown😭😂✌️
|-weather|Snowscape
|
|t:|1758256244
|switch|p1a: Baconeggncheese|Moltres, shiny, tera:Grass|94/100|[from] Chilly Reception
|
|-weather|Snowscape|[upkeep]
|-heal|p2a: Iron Treads|100/100|[from] item: Leftovers
|upkeep
|turn|25
|-message|JohnLowLadder' forfeited.
|
|win|Palm X
|raw|Palm X's rating: 1593 &rarr; <strong>1615</strong><br />(+22 for winning)
|raw|JohnLowLadder&apos;'s rating: 1624 &rarr; <strong>1602</strong><br />(-22 for losing)
|l|☆JohnLowLadder'
|player|p2|
|l|☆Palm X
|player|p1|
|l| BigChiefQueef
