|j|☆peeta123
|j|☆freezeit
|t:|1758292297
|gametype|singles
|player|p1|peeta123|2|1216
|player|p2|freezeit|266|1242
|gen|9
|tier|[Gen 9] OU
|rated|
|rule|HP Percentage Mod: HP is shown in percentages
|rule|Endless Battle Clause: Forcing endless battles is banned
|rule|Species Clause: Limit one of each Pokémon
|rule|OHKO Clause: OHKO moves are banned
|rule|Evasion Items Clause: Evasion items are banned
|rule|Evasion Moves Clause: Evasion moves are banned
|rule|Evasion Abilities Clause: Evasion abilities are banned
|rule|Sleep Moves Clause: Sleep-inducing moves are banned
|clearpoke
|poke|p1|Decidueye-Hisui, M|
|poke|p1|Wyrdeer, F|
|poke|p1|Overqwil, M|
|poke|p1|Basculegion, M|
|poke|p1|Goodra-Hisui, F|
|poke|p1|Arcanine-Hisui, M|
|poke|p2|Iron Valiant|
|poke|p2|Corviknight, F|
|poke|p2|Kyurem|
|poke|p2|Gliscor, M|
|poke|p2|Weezing-Galar, F|
|poke|p2|Ogerpon-Wellspring, F|
|teampreview
|
|t:|1758292312
|teamsize|p1|6
|teamsize|p2|6
|start
|switch|p1a: Goodra|Goodra-Hisui, F|100/100
|switch|p2a: Iron Valiant|Iron Valiant|100/100
|turn|1
|inactive|Battle timer is ON: inactive players will automatically lose when time's up. (requested by freezeit)
|
|t:|1758292330
|move|p2a: Iron Valiant|Close Combat|p1a: Goodra
|-supereffective|p1a: Goodra
|-damage|p1a: Goodra|0 fnt
|-unboost|p2a: Iron Valiant|def|1
|-unboost|p2a: Iron Valiant|spd|1
|faint|p1a: Goodra
|-damage|p2a: Iron Valiant|91/100|[from] item: Life Orb
|
|upkeep
|
|t:|1758292342
|switch|p1a: Wyrdeer|Wyrdeer, F|100/100
|-ability|p1a: Wyrdeer|Intimidate|boost
|-unboost|p2a: Iron Valiant|atk|1
|turn|2
|
|t:|1758292354
|-end|p2a: Iron Valiant|Quark Drive|[silent]
|switch|p2a: Corviknight|Corviknight, F|100/100
|move|p1a: Wyrdeer|Reflect|p1a: Wyrdeer
|-sidestart|p1: peeta123|Reflect
|
|upkeep
|turn|3
|
|t:|1758292360
|move|p2a: Corviknight|U-turn|p1a: Wyrdeer
|-supereffective|p1a: Wyrdeer
|-damage|p1a: Wyrdeer|83/100
|
|t:|1758292374
|switch|p2a: Kyurem|Kyurem, shiny|100/100|[from] U-turn
|-ability|p2a: Kyurem|Pressure
|move|p1a: Wyrdeer|Light Screen|p1a: Wyrdeer
|-sidestart|p1: peeta123|move: Light Screen
|
|upkeep
|turn|4
|
|t:|1758292381
|move|p2a: Kyurem|Draco Meteor|p1a: Wyrdeer
|-damage|p1a: Wyrdeer|61/100
|-unboost|p2a: Kyurem|spa|2
|move|p1a: Wyrdeer|Thunder Wave|p2a: Kyurem
|-status|p2a: Kyurem|par
|
|upkeep
|turn|5
|
|t:|1758292392
|switch|p2a: Corviknight|Corviknight, F|100/100
|move|p1a: Wyrdeer|Psyshock|p2a: Corviknight
|-resisted|p2a: Corviknight
|-damage|p2a: Corviknight|88/100
|
|-heal|p2a: Corviknight|94/100|[from] item: Leftovers
|upkeep
|turn|6
|
|t:|1758292407
|move|p2a: Corviknight|Body Press|p1a: Wyrdeer
|-damage|p1a: Wyrdeer|50/100
|move|p1a: Wyrdeer|Thunder Wave|p2a: Corviknight
|-status|p2a: Corviknight|par
|
|-heal|p2a: Corviknight|100/100 par|[from] item: Leftovers
|upkeep
|turn|7
|
|t:|1758292424
|switch|p1a: Arcanine|Arcanine-Hisui, M|100/100
|cant|p2a: Corviknight|par
|
|upkeep
|turn|8
|
|t:|1758292431
|switch|p2a: Weezing|Weezing-Galar, F, shiny|100/100
|move|p1a: Arcanine|Flare Blitz|p2a: Weezing
|-damage|p2a: Weezing|34/100
|-damage|p1a: Arcanine|84/100|[from] item: Rocky Helmet|[of] p2a: Weezing
|-damage|p1a: Arcanine|74/100|[from] item: Life Orb
|
|upkeep
|turn|9
|
|t:|1758292443
|move|p1a: Arcanine|Flare Blitz|p2a: Weezing
|-damage|p2a: Weezing|0 fnt
|-damage|p1a: Arcanine|57/100|[from] item: Rocky Helmet|[of] p2a: Weezing
|faint|p2a: Weezing
|-damage|p1a: Arcanine|47/100|[from] item: Life Orb
|
|-sideend|p1: peeta123|Reflect
|upkeep
|
|t:|1758292460
|switch|p2a: Gliscor|Gliscor, M|100/100
|turn|10
|
|t:|1758292467
|switch|p1a: Wyrdeer|Wyrdeer, F|50/100
|-ability|p1a: Wyrdeer|Intimidate|boost
|-unboost|p2a: Gliscor|atk|1
|move|p2a: Gliscor|Stealth Rock|p1a: Wyrdeer
|-sidestart|p1: peeta123|move: Stealth Rock
|
|-sideend|p1: peeta123|move: Light Screen
|-status|p2a: Gliscor|tox|[from] item: Toxic Orb
|upkeep
|turn|11
|inactive|freezeit has 120 seconds left.
|
|t:|1758292495
|move|p2a: Gliscor|U-turn|p1a: Wyrdeer
|-supereffective|p1a: Wyrdeer
|-crit|p1a: Wyrdeer
|-damage|p1a: Wyrdeer|0 fnt
|faint|p1a: Wyrdeer
|inactive|freezeit has 120 seconds left.
|
|t:|1758292525
|switch|p2a: Corviknight|Corviknight, F|100/100 par|[from] U-turn
|
|upkeep
|
|t:|1758292529
|switch|p1a: Arcanine|Arcanine-Hisui, M|47/100
|-damage|p1a: Arcanine|23/100|[from] Stealth Rock
|turn|12
|
|t:|1758292535
|move|p1a: Arcanine|Flare Blitz|p2a: Corviknight
|-supereffective|p2a: Corviknight
|-damage|p2a: Corviknight|0 fnt
|faint|p2a: Corviknight
|-damage|p1a: Arcanine|13/100|[from] item: Life Orb
|
|upkeep
|
|t:|1758292543
|switch|p2a: Gliscor|Gliscor, M|100/100 tox
|turn|13
|
|t:|1758292549
|move|p2a: Gliscor|Stealth Rock||[still]
|-fail|p2a: Gliscor
|move|p1a: Arcanine|Flare Blitz|p2a: Gliscor
|-damage|p2a: Gliscor|32/100 tox
|-damage|p1a: Arcanine|3/100|[from] item: Life Orb
|
|-heal|p2a: Gliscor|44/100 tox|[from] ability: Poison Heal
|upkeep
|turn|14
|inactive|freezeit has 120 seconds left.
|
|t:|1758292574
|switch|p2a: Iron Valiant|Iron Valiant|91/100
|move|p1a: Arcanine|Extreme Speed|p2a: Iron Valiant
|-damage|p2a: Iron Valiant|50/100
|-damage|p1a: Arcanine|0 fnt|[from] item: Life Orb
|faint|p1a: Arcanine
|
|upkeep
|
|t:|1758292590
|switch|p1a: Basculegion|Basculegion, M|100/100
|-damage|p1a: Basculegion|88/100|[from] Stealth Rock
|turn|15
|
|t:|1758292594
|move|p2a: Iron Valiant|Knock Off|p1a: Basculegion
|-supereffective|p1a: Basculegion
|-damage|p1a: Basculegion|0 fnt
|-enditem|p1a: Basculegion|Choice Band|[from] move: Knock Off|[of] p2a: Iron Valiant
|faint|p1a: Basculegion
|-damage|p2a: Iron Valiant|40/100|[from] item: Life Orb
|
|upkeep
|
|t:|1758292600
|switch|p1a: Overqwil|Overqwil, M|100/100
|-damage|p1a: Overqwil|88/100|[from] Stealth Rock
|turn|16
|
|t:|1758292610
|-end|p2a: Iron Valiant|Quark Drive|[silent]
|switch|p2a: Gliscor|Gliscor, M|44/100 tox
|move|p1a: Overqwil|Gunk Shot|p2a: Gliscor
|-resisted|p2a: Gliscor
|-damage|p2a: Gliscor|7/100 tox
|-damage|p1a: Overqwil|78/100|[from] item: Life Orb
|
|-heal|p2a: Gliscor|19/100 tox|[from] ability: Poison Heal
|upkeep
|turn|17
|
|t:|1758292619
|move|p2a: Gliscor|Earthquake|p1a: Overqwil
|-supereffective|p1a: Overqwil
|-damage|p1a: Overqwil|0 fnt
|faint|p1a: Overqwil
|
|-heal|p2a: Gliscor|32/100 tox|[from] ability: Poison Heal
|upkeep
|
|t:|1758292624
|switch|p1a: Decidueye|Decidueye-Hisui, M|100/100
|-damage|p1a: Decidueye|95/100|[from] Stealth Rock
|turn|18
|
|t:|1758292638
|-terastallize|p1a: Decidueye|Fighting
|move|p1a: Decidueye|Triple Arrows|p2a: Gliscor
|-resisted|p2a: Gliscor
|-damage|p2a: Gliscor|3/100 tox
|move|p2a: Gliscor|Knock Off|p1a: Decidueye
|-resisted|p1a: Decidueye
|-damage|p1a: Decidueye|76/100
|-enditem|p1a: Decidueye|Choice Scarf|[from] move: Knock Off|[of] p2a: Gliscor
|
|-heal|p2a: Gliscor|15/100 tox|[from] ability: Poison Heal
|upkeep
|turn|19
|inactive|freezeit has 120 seconds left.
|inactive|freezeit has 90 seconds left.
|
|t:|1758292714
|move|p2a: Gliscor|Knock Off|p1a: Decidueye
|-resisted|p1a: Decidueye
|-damage|p1a: Decidueye|64/100
|move|p1a: Decidueye|Knock Off|p2a: Gliscor
|-damage|p2a: Gliscor|0 fnt
|-enditem|p2a: Gliscor|Toxic Orb|[from] move: Knock Off|[of] p1a: Decidueye
|faint|p2a: Gliscor
|
|upkeep
|
|t:|1758292720
|switch|p2a: Kyurem|Kyurem, shiny|100/100 par
|-ability|p2a: Kyurem|Pressure
|turn|20
|
|t:|1758292725
|move|p1a: Decidueye|Triple Arrows|p2a: Kyurem
|-supereffective|p2a: Kyurem
|-damage|p2a: Kyurem|0 fnt
|faint|p2a: Kyurem
|
|upkeep
|
|t:|1758292738
|switch|p2a: Ogerpon|Ogerpon-Wellspring, F|100/100
|turn|21
|
|t:|1758292745
|move|p2a: Ogerpon|Spiky Shield|p2a: Ogerpon
|-singleturn|p2a: Ogerpon|move: Protect
|move|p1a: Decidueye|Triple Arrows|p2a: Ogerpon
|-activate|p2a: Ogerpon|move: Protect
|
|upkeep
|turn|22
|inactive|freezeit has 90 seconds left.
|
|t:|1758292751
|move|p2a: Ogerpon|Ivy Cudgel|p1a: Decidueye|[anim] Ivy Cudgel Water
|-damage|p1a: Decidueye|0 fnt
|faint|p1a: Decidueye
|
|win|freezeit
|raw|peeta123's rating: 1216 &rarr; <strong>1193</strong><br />(-23 for losing)
|raw|freezeit's rating: 1242 &rarr; <strong>1265</strong><br />(+23 for winning)
|l|☆peeta123
|player|p1|
|l|☆freezeit
|player|p2|
