|j|☆mmmspicy69
|j|☆Alx247
|t:|1758317240
|gametype|singles
|player|p1|mmmspicy69|169|1439
|player|p2|Alx247|infielder|1410
|gen|9
|tier|[Gen 9] OU
|rated|
|rule|HP Percentage Mod: HP is shown in percentages
|rule|Endless Battle Clause: Forcing endless battles is banned
|rule|Species Clause: Limit one of each Pokémon
|rule|OHKO Clause: OHKO moves are banned
|rule|Evasion Items Clause: Evasion items are banned
|rule|Evasion Moves Clause: Evasion moves are banned
|rule|Evasion Abilities Clause: Evasion abilities are banned
|rule|Sleep Moves Clause: Sleep-inducing moves are banned
|clearpoke
|poke|p1|Great Tusk|
|poke|p1|Gliscor, F|
|poke|p1|Zamazenta-*|
|poke|p1|Hatterene, F|
|poke|p1|Dragapult, F|
|poke|p1|Braviary-Hisui, M|
|poke|p2|Tyranitar, M|
|poke|p2|Gholdengo|
|poke|p2|Zamazenta-*|
|poke|p2|Rillaboom, M|
|poke|p2|Garchomp, M|
|poke|p2|Zapdos|
|teampreview
|inactive|Battle timer is ON: inactive players will automatically lose when time's up. (requested by Alx247)
|
|t:|1758317271
|teamsize|p1|6
|teamsize|p2|6
|start
|switch|p1a: Braviary|Braviary-Hisui, M|100/100
|switch|p2a: Danny Brown|Garchomp, M|100/100
|turn|1
|
|t:|1758317293
|switch|p2a: Ty Dolla $ign|Tyranitar, M|100/100
|-weather|Sandstorm|[from] ability: Sand Stream|[of] p2a: Ty Dolla $ign
|move|p1a: Braviary|Agility|p1a: Braviary
|-boost|p1a: Braviary|spe|2
|
|-weather|Sandstorm|[upkeep]
|-damage|p1a: Braviary|94/100|[from] Sandstorm
|upkeep
|turn|2
|
|t:|1758317303
|move|p1a: Braviary|Air Slash|p2a: Ty Dolla $ign
|-resisted|p2a: Ty Dolla $ign
|-damage|p2a: Ty Dolla $ign|78/100
|move|p2a: Ty Dolla $ign|Knock Off|p1a: Braviary
|-supereffective|p1a: Braviary
|-damage|p1a: Braviary|0 fnt
|-enditem|p1a: Braviary|Life Orb|[from] move: Knock Off|[of] p2a: Ty Dolla $ign
|faint|p1a: Braviary
|
|-weather|Sandstorm|[upkeep]
|upkeep
|
|t:|1758317310
|switch|p1a: Great Tusk|Great Tusk|100/100
|-enditem|p1a: Great Tusk|Booster Energy
|-activate|p1a: Great Tusk|ability: Protosynthesis|[fromitem]
|-start|p1a: Great Tusk|protosynthesisatk
|turn|3
|
|t:|1758317324
|switch|p2a: Silento|Gholdengo|100/100
|-item|p2a: Silento|Air Balloon
|move|p1a: Great Tusk|Rapid Spin|p2a: Silento
|-immune|p2a: Silento
|
|-weather|Sandstorm|[upkeep]
|upkeep
|turn|4
|
|t:|1758317334
|move|p1a: Great Tusk|Supercell Slam|p2a: Silento
|-damage|p2a: Silento|70/100
|-enditem|p2a: Silento|Air Balloon
|move|p2a: Silento|Make It Rain|p1a: Great Tusk
|-damage|p1a: Great Tusk|15/100
|-unboost|p2a: Silento|spa|1
|
|-weather|Sandstorm|[upkeep]
|upkeep
|turn|5
|
|t:|1758317350
|switch|p2a: Shock G|Zapdos|100/100
|move|p1a: Great Tusk|Ice Spinner|p2a: Shock G
|-supereffective|p2a: Shock G
|-damage|p2a: Shock G|18/100
|
|-weather|none
|upkeep
|turn|6
|
|t:|1758317359
|move|p2a: Shock G|Heat Wave|p1a: Great Tusk|[miss]
|-miss|p2a: Shock G|p1a: Great Tusk
|move|p1a: Great Tusk|Rapid Spin|p2a: Shock G
|-damage|p2a: Shock G|0 fnt
|-boost|p1a: Great Tusk|spe|1
|-status|p1a: Great Tusk|par|[from] ability: Static|[of] p2a: Shock G
|faint|p2a: Shock G
|
|upkeep
|
|t:|1758317379
|switch|p2a: Snoop Dogg|Zamazenta|100/100
|-ability|p2a: Snoop Dogg|Dauntless Shield|boost
|-boost|p2a: Snoop Dogg|def|1
|turn|7
|
|t:|1758317387
|-end|p1a: Great Tusk|Protosynthesis|[silent]
|switch|p1a: Gliscor|Gliscor, F|100/100
|move|p2a: Snoop Dogg|Close Combat|p1a: Gliscor
|-resisted|p1a: Gliscor
|-damage|p1a: Gliscor|80/100
|-unboost|p2a: Snoop Dogg|def|1
|-unboost|p2a: Snoop Dogg|spd|1
|
|-status|p1a: Gliscor|tox|[from] item: Toxic Orb
|upkeep
|turn|8
|
|t:|1758317401
|switch|p2a: Danny Brown|Garchomp, M|100/100
|-terastallize|p1a: Gliscor|Normal
|move|p1a: Gliscor|Facade|p2a: Danny Brown
|-damage|p2a: Danny Brown|68/100
|-damage|p1a: Gliscor|68/100 tox|[from] ability: Rough Skin|[of] p2a: Danny Brown
|-damage|p1a: Gliscor|51/100 tox|[from] item: Rocky Helmet|[of] p2a: Danny Brown
|
|-heal|p1a: Gliscor|64/100 tox|[from] ability: Poison Heal
|upkeep
|turn|9
|
|t:|1758317412
|move|p1a: Gliscor|Protect|p1a: Gliscor
|-singleturn|p1a: Gliscor|Protect
|move|p2a: Danny Brown|Earthquake|p1a: Gliscor
|-activate|p1a: Gliscor|move: Protect
|
|-heal|p1a: Gliscor|76/100 tox|[from] ability: Poison Heal
|upkeep
|turn|10
|
|t:|1758317419
|move|p2a: Danny Brown|Earthquake|p1a: Gliscor
|-damage|p1a: Gliscor|47/100 tox
|move|p1a: Gliscor|Swords Dance|p1a: Gliscor
|-boost|p1a: Gliscor|atk|2
|
|-heal|p1a: Gliscor|59/100 tox|[from] ability: Poison Heal
|upkeep
|turn|11
|
|t:|1758317425
|move|p1a: Gliscor|Protect|p1a: Gliscor
|-singleturn|p1a: Gliscor|Protect
|move|p2a: Danny Brown|Dragon Tail|p1a: Gliscor
|-activate|p1a: Gliscor|move: Protect
|
|-heal|p1a: Gliscor|71/100 tox|[from] ability: Poison Heal
|upkeep
|turn|12
|
|t:|1758317433
|move|p1a: Gliscor|Facade|p2a: Danny Brown
|-damage|p2a: Danny Brown|6/100
|-damage|p1a: Gliscor|59/100 tox|[from] ability: Rough Skin|[of] p2a: Danny Brown
|-damage|p1a: Gliscor|42/100 tox|[from] item: Rocky Helmet|[of] p2a: Danny Brown
|move|p2a: Danny Brown|Dragon Tail|p1a: Gliscor
|-damage|p1a: Gliscor|25/100 tox
|drag|p1a: Dragapult|Dragapult, F|100/100
|
|upkeep
|turn|13
|
|t:|1758317447
|move|p1a: Dragapult|U-turn|p2a: Danny Brown
|-damage|p2a: Danny Brown|0 fnt
|-damage|p1a: Dragapult|88/100|[from] ability: Rough Skin|[of] p2a: Danny Brown
|-damage|p1a: Dragapult|72/100|[from] item: Rocky Helmet|[of] p2a: Danny Brown
|faint|p2a: Danny Brown
|
|t:|1758317458
|switch|p1a: Zamazenta|Zamazenta|100/100|[from] U-turn
|-ability|p1a: Zamazenta|Dauntless Shield|boost
|-boost|p1a: Zamazenta|def|1
|
|upkeep
|inactive|Alx247 has 120 seconds left.
|
|t:|1758317490
|switch|p2a: Silento|Gholdengo|70/100
|turn|14
|
|t:|1758317501
|move|p1a: Zamazenta|Crunch|p2a: Silento
|-supereffective|p2a: Silento
|-damage|p2a: Silento|39/100
|-unboost|p2a: Silento|def|1
|move|p2a: Silento|Thunder Wave|p1a: Zamazenta
|-status|p1a: Zamazenta|par
|
|upkeep
|turn|15
|
|t:|1758317513
|move|p2a: Silento|Recover|p2a: Silento
|-heal|p2a: Silento|89/100
|cant|p1a: Zamazenta|par
|
|upkeep
|turn|16
|
|t:|1758317520
|move|p2a: Silento|Hex|p1a: Zamazenta
|-damage|p1a: Zamazenta|55/100 par
|move|p1a: Zamazenta|Crunch|p2a: Silento
|-supereffective|p2a: Silento
|-damage|p2a: Silento|42/100
|
|upkeep
|turn|17
|
|t:|1758317527
|move|p2a: Silento|Recover|p2a: Silento
|-heal|p2a: Silento|92/100
|move|p1a: Zamazenta|Rest|p1a: Zamazenta
|-status|p1a: Zamazenta|slp|[from] move: Rest
|-heal|p1a: Zamazenta|100/100 slp|[silent]
|-enditem|p1a: Zamazenta|Chesto Berry|[eat]
|-curestatus|p1a: Zamazenta|slp|[msg]
|
|upkeep
|turn|18
|
|t:|1758317534
|switch|p1a: Gliscor|Gliscor, F, tera:Normal|25/100 tox
|move|p2a: Silento|Thunder Wave||[still]
|-fail|p2a: Silento
|
|-heal|p1a: Gliscor|38/100 tox|[from] ability: Poison Heal
|upkeep
|turn|19
|inactive|Alx247 has 120 seconds left.
|
|t:|1758317568
|switch|p2a: Ty Dolla $ign|Tyranitar, M|78/100
|-weather|Sandstorm|[from] ability: Sand Stream|[of] p2a: Ty Dolla $ign
|move|p1a: Gliscor|Protect||[still]
|-fail|p1a: Gliscor
|
|-weather|Sandstorm|[upkeep]
|-damage|p1a: Gliscor|32/100 tox|[from] Sandstorm
|-heal|p1a: Gliscor|44/100 tox|[from] ability: Poison Heal
|upkeep
|turn|20
|inactive|Alx247 has 120 seconds left.
|
|t:|1758317578
|-terastallize|p2a: Ty Dolla $ign|Fighting
|move|p2a: Ty Dolla $ign|Low Kick|p1a: Gliscor
|-supereffective|p1a: Gliscor
|-damage|p1a: Gliscor|2/100 tox
|move|p1a: Gliscor|Knock Off|p2a: Ty Dolla $ign
|-resisted|p2a: Ty Dolla $ign
|-damage|p2a: Ty Dolla $ign|69/100
|-enditem|p2a: Ty Dolla $ign|Heavy-Duty Boots|[from] move: Knock Off|[of] p1a: Gliscor
|
|-weather|Sandstorm|[upkeep]
|-damage|p2a: Ty Dolla $ign|63/100|[from] Sandstorm
|-damage|p1a: Gliscor|0 fnt|[from] Sandstorm
|faint|p1a: Gliscor
|upkeep
|
|t:|1758317593
|switch|p1a: Hatterene|Hatterene, F|100/100
|turn|21
|
|t:|1758317607
|switch|p2a: Silento|Gholdengo|92/100
|move|p1a: Hatterene|Mystical Fire|p2a: Silento
|-supereffective|p2a: Silento
|-damage|p2a: Silento|30/100
|-unboost|p2a: Silento|spa|1
|
|-weather|Sandstorm|[upkeep]
|-damage|p1a: Hatterene|95/100|[from] Sandstorm
|-heal|p1a: Hatterene|100/100|[from] item: Leftovers
|upkeep
|turn|22
|
|t:|1758317622
|move|p2a: Silento|Recover|p2a: Silento
|-heal|p2a: Silento|80/100
|move|p1a: Hatterene|Mystical Fire|p2a: Silento
|-supereffective|p2a: Silento
|-damage|p2a: Silento|18/100
|-unboost|p2a: Silento|spa|1
|
|-weather|Sandstorm|[upkeep]
|-damage|p1a: Hatterene|95/100|[from] Sandstorm
|-heal|p1a: Hatterene|100/100|[from] item: Leftovers
|upkeep
|turn|23
|
|t:|1758317630
|switch|p2a: Snoop Dogg|Zamazenta|100/100
|move|p1a: Hatterene|Calm Mind|p1a: Hatterene
|-boost|p1a: Hatterene|spa|1
|-boost|p1a: Hatterene|spd|1
|
|-weather|none
|upkeep
|turn|24
|
|t:|1758317636
|move|p2a: Snoop Dogg|Heavy Slam|p1a: Hatterene
|-supereffective|p1a: Hatterene
|-damage|p1a: Hatterene|15/100
|move|p1a: Hatterene|Draining Kiss|p2a: Snoop Dogg
|-supereffective|p2a: Snoop Dogg
|-damage|p2a: Snoop Dogg|10/100
|-heal|p1a: Hatterene|100/100|[from] drain|[of] p2a: Snoop Dogg
|
|upkeep
|turn|25
|
|t:|1758317644
|move|p2a: Snoop Dogg|Heavy Slam|p1a: Hatterene
|-supereffective|p1a: Hatterene
|-damage|p1a: Hatterene|11/100
|move|p1a: Hatterene|Mystical Fire|p2a: Snoop Dogg
|-damage|p2a: Snoop Dogg|0 fnt
|faint|p2a: Snoop Dogg
|
|-heal|p1a: Hatterene|17/100|[from] item: Leftovers
|upkeep
|
|t:|1758317653
|switch|p2a: Kevin Gates|Rillaboom, M|100/100
|-fieldstart|move: Grassy Terrain|[from] ability: Grassy Surge|[of] p2a: Kevin Gates
|turn|26
|
|t:|1758317659
|switch|p1a: Great Tusk|Great Tusk|15/100 par
|move|p2a: Kevin Gates|Grassy Glide|p1a: Great Tusk
|-supereffective|p1a: Great Tusk
|-damage|p1a: Great Tusk|0 fnt
|faint|p1a: Great Tusk
|-end|p1a: Great Tusk|Protosynthesis|[silent]
|
|upkeep
|
|t:|1758317666
|switch|p1a: Dragapult|Dragapult, F|72/100
|turn|27
|
|t:|1758317670
|move|p1a: Dragapult|Draco Meteor|p2a: Kevin Gates
|-damage|p2a: Kevin Gates|0 fnt
|-unboost|p1a: Dragapult|spa|2
|faint|p2a: Kevin Gates
|
|-heal|p1a: Dragapult|78/100|[from] Grassy Terrain
|upkeep
|
|t:|1758317689
|switch|p2a: Silento|Gholdengo|18/100
|turn|28
|
|t:|1758317694
|move|p1a: Dragapult|Draco Meteor|p2a: Silento
|-resisted|p2a: Silento
|-damage|p2a: Silento|0 fnt
|-unboost|p1a: Dragapult|spa|2
|faint|p2a: Silento
|
|-heal|p1a: Dragapult|84/100|[from] Grassy Terrain
|upkeep
|
|t:|1758317701
|switch|p2a: Ty Dolla $ign|Tyranitar, M, tera:Fighting|63/100
|-weather|Sandstorm|[from] ability: Sand Stream|[of] p2a: Ty Dolla $ign
|turn|29
|
|t:|1758317716
|switch|p1a: Zamazenta|Zamazenta|100/100
|move|p2a: Ty Dolla $ign|Knock Off|p1a: Zamazenta
|-resisted|p1a: Zamazenta
|-damage|p1a: Zamazenta|87/100
|
|-weather|Sandstorm|[upkeep]
|-damage|p1a: Zamazenta|81/100|[from] Sandstorm
|-damage|p2a: Ty Dolla $ign|56/100|[from] Sandstorm
|-heal|p1a: Zamazenta|87/100|[from] Grassy Terrain
|-heal|p2a: Ty Dolla $ign|63/100|[from] Grassy Terrain
|upkeep
|turn|30
|
|t:|1758317724
|move|p1a: Zamazenta|Iron Defense|p1a: Zamazenta
|-boost|p1a: Zamazenta|def|2
|move|p2a: Ty Dolla $ign|Low Kick|p1a: Zamazenta
|-damage|p1a: Zamazenta|64/100
|
|-weather|Sandstorm|[upkeep]
|-damage|p1a: Zamazenta|58/100|[from] Sandstorm
|-damage|p2a: Ty Dolla $ign|56/100|[from] Sandstorm
|-heal|p1a: Zamazenta|64/100|[from] Grassy Terrain
|-heal|p2a: Ty Dolla $ign|63/100|[from] Grassy Terrain
|-fieldend|move: Grassy Terrain
|upkeep
|turn|31
|
|t:|1758317732
|move|p1a: Zamazenta|Iron Defense|p1a: Zamazenta
|-boost|p1a: Zamazenta|def|2
|move|p2a: Ty Dolla $ign|Ice Punch|p1a: Zamazenta
|-damage|p1a: Zamazenta|57/100
|
|-weather|Sandstorm|[upkeep]
|-damage|p1a: Zamazenta|51/100|[from] Sandstorm
|-damage|p2a: Ty Dolla $ign|56/100|[from] Sandstorm
|upkeep
|turn|32
|c|☆Alx247|gg
|-message|Alx247 forfeited.
|
|win|mmmspicy69
|raw|mmmspicy69's rating: 1439 &rarr; <strong>1457</strong><br />(+18 for winning)
|raw|Alx247's rating: 1410 &rarr; <strong>1392</strong><br />(-18 for losing)
|l|☆Alx247
|player|p2|
|c|☆mmmspicy69|gg
|l|☆mmmspicy69
|player|p1|
