|j|☆ConnieGhost
|j|☆ChiefSosa14
|t:|1758348491
|gametype|singles
|player|p1|ConnieGhost|bellelba|1078
|player|p2|ChiefSosa14|169|1125
|gen|9
|tier|[Gen 9] OU
|rated|
|rule|HP Percentage Mod: HP is shown in percentages
|rule|Endless Battle Clause: Forcing endless battles is banned
|rule|Species Clause: Limit one of each Pokémon
|rule|OHKO Clause: OHKO moves are banned
|rule|Evasion Items Clause: Evasion items are banned
|rule|Evasion Moves Clause: Evasion moves are banned
|rule|Evasion Abilities Clause: Evasion abilities are banned
|rule|Sleep Moves Clause: Sleep-inducing moves are banned
|clearpoke
|poke|p1|Ceruledge, M|
|poke|p1|Meowscarada, F|
|poke|p1|Garchomp, M|
|poke|p1|Gallade, M|
|poke|p1|Deoxys-Speed|
|poke|p1|Gardevoir, F|
|poke|p2|Krookodile, F|
|poke|p2|Gyarados, M|
|poke|p2|Malamar, F|
|poke|p2|Primarina, M|
|poke|p2|Torterra, F|
|poke|p2|Eelektross, M|
|teampreview
|
|t:|1758348515
|teamsize|p1|6
|teamsize|p2|6
|start
|switch|p1a: urGrounded|Garchomp, M|100/100
|switch|p2a: Eelektross|Eelektross, M|100/100
|turn|1
|
|t:|1758348535
|move|p1a: urGrounded|Stone Edge|p2a: Eelektross
|-damage|p2a: Eelektross|64/100
|move|p2a: Eelektross|Acrobatics|p1a: urGrounded
|-damage|p1a: urGrounded|66/100
|-damage|p2a: Eelektross|52/100|[from] ability: Rough Skin|[of] p1a: urGrounded
|
|upkeep
|turn|2
|
|t:|1758348543
|move|p1a: urGrounded|Earthquake|p2a: Eelektross
|-immune|p2a: Eelektross|[from] ability: Levitate
|move|p2a: Eelektross|Acrobatics|p1a: urGrounded
|-damage|p1a: urGrounded|31/100
|-damage|p2a: Eelektross|40/100|[from] ability: Rough Skin|[of] p1a: urGrounded
|
|upkeep
|turn|3
|
|t:|1758348551
|move|p1a: urGrounded|Aerial Ace|p2a: Eelektross
|-resisted|p2a: Eelektross
|-damage|p2a: Eelektross|28/100
|move|p2a: Eelektross|Acrobatics|p1a: urGrounded
|-damage|p1a: urGrounded|0 fnt
|-damage|p2a: Eelektross|16/100|[from] ability: Rough Skin|[of] p1a: urGrounded
|faint|p1a: urGrounded
|
|upkeep
|
|t:|1758348565
|switch|p1a: Gaster|Deoxys-Speed, shiny|100/100
|-ability|p1a: Gaster|Pressure
|turn|4
|
|t:|1758348587
|move|p1a: Gaster|Psychic|p2a: Eelektross
|-damage|p2a: Eelektross|0 fnt
|faint|p2a: Eelektross
|
|upkeep
|
|t:|1758348593
|switch|p2a: Malamar|Malamar, F|100/100
|turn|5
|
|t:|1758348603
|switch|p1a: Dawn|Gardevoir, F, shiny|100/100
|move|p2a: Malamar|Night Slash|p1a: Dawn
|-damage|p1a: Dawn|62/100
|
|-heal|p1a: Dawn|68/100|[from] item: Leftovers
|upkeep
|turn|6
|
|t:|1758348624
|move|p1a: Dawn|Moonblast|p2a: Malamar
|-supereffective|p2a: Malamar
|-damage|p2a: Malamar|6/100
|-boost|p2a: Malamar|spa|1
|move|p2a: Malamar|Night Slash|p1a: Dawn
|-damage|p1a: Dawn|29/100
|
|-heal|p1a: Dawn|35/100|[from] item: Leftovers
|upkeep
|turn|7
|
|t:|1758348637
|switch|p2a: Primarina|Primarina, M|100/100
|move|p1a: Dawn|Moonblast|p2a: Primarina
|-damage|p2a: Primarina|77/100
|
|-heal|p1a: Dawn|41/100|[from] item: Leftovers
|upkeep
|turn|8
|
|t:|1758348645
|move|p1a: Dawn|Wish|p1a: Dawn
|move|p2a: Primarina|Moonblast|p1a: Dawn
|-damage|p1a: Dawn|0 fnt
|faint|p1a: Dawn
|
|upkeep
|
|t:|1758348655
|switch|p1a: Clair|Meowscarada, F, shiny|100/100
|turn|9
|
|t:|1758348667
|move|p1a: Clair|Leech Seed|p2a: Primarina
|-start|p2a: Primarina|move: Leech Seed
|move|p2a: Primarina|Ice Beam|p1a: Clair
|-supereffective|p1a: Clair
|-damage|p1a: Clair|47/100
|
|-heal|p1a: Clair|86/100|[from] move: Wish|[wisher] Dawn
|-damage|p2a: Primarina|65/100|[from] Leech Seed|[of] p1a: Clair
|-heal|p1a: Clair|98/100|[silent]
|upkeep
|turn|10
|
|t:|1758348678
|move|p1a: Clair|Petal Blizzard|p2a: Primarina
|-supereffective|p2a: Primarina
|-damage|p2a: Primarina|0 fnt
|faint|p2a: Primarina
|
|upkeep
|
|t:|1758348694
|switch|p2a: Gyarados|Gyarados, M|100/100
|turn|11
|
|t:|1758348703
|move|p2a: Gyarados|Ice Fang|p1a: Clair
|-supereffective|p1a: Clair
|-crit|p1a: Clair
|-damage|p1a: Clair|0 fnt
|faint|p1a: Clair
|-ability|p2a: Gyarados|Moxie|boost
|-boost|p2a: Gyarados|atk|1
|
|upkeep
|
|t:|1758348710
|switch|p1a: Math|Gallade, M, shiny|100/100
|turn|12
|
|t:|1758348722
|move|p2a: Gyarados|Waterfall|p1a: Math
|-damage|p1a: Math|8/100
|move|p1a: Math|Poison Jab|p2a: Gyarados
|-damage|p2a: Gyarados|71/100
|-status|p2a: Gyarados|psn
|
|-damage|p2a: Gyarados|59/100 psn|[from] psn
|upkeep
|turn|13
|
|t:|1758348734
|move|p2a: Gyarados|Waterfall|p1a: Math
|-damage|p1a: Math|0 fnt
|faint|p1a: Math
|-ability|p2a: Gyarados|Moxie|boost
|-boost|p2a: Gyarados|atk|1
|
|-damage|p2a: Gyarados|46/100 psn|[from] psn
|upkeep
|
|t:|1758348741
|switch|p1a: Gaster|Deoxys-Speed, shiny|100/100
|-ability|p1a: Gaster|Pressure
|turn|14
|
|t:|1758348752
|move|p1a: Gaster|Ice Beam|p2a: Gyarados
|-damage|p2a: Gyarados|25/100 psn
|move|p2a: Gyarados|Waterfall|p1a: Gaster
|-damage|p1a: Gaster|0 fnt
|faint|p1a: Gaster
|-ability|p2a: Gyarados|Moxie|boost
|-boost|p2a: Gyarados|atk|1
|
|-damage|p2a: Gyarados|13/100 psn|[from] psn
|upkeep
|
|t:|1758348761
|switch|p1a: Mew The Knight|Ceruledge, M|100/100
|turn|15
|
|t:|1758348765
|move|p1a: Mew The Knight|Protect|p1a: Mew The Knight
|-singleturn|p1a: Mew The Knight|Protect
|move|p2a: Gyarados|Waterfall|p1a: Mew The Knight
|-activate|p1a: Mew The Knight|move: Protect
|
|-damage|p2a: Gyarados|0 fnt|[from] psn
|faint|p2a: Gyarados
|upkeep
|
|t:|1758348773
|switch|p2a: Torterra|Torterra, F|100/100
|turn|16
|
|t:|1758348777
|move|p1a: Mew The Knight|Protect||[still]
|-fail|p1a: Mew The Knight
|move|p2a: Torterra|Leech Seed|p1a: Mew The Knight
|-start|p1a: Mew The Knight|move: Leech Seed
|
|-damage|p1a: Mew The Knight|88/100|[from] Leech Seed|[of] p2a: Torterra
|upkeep
|turn|17
|
|t:|1758348787
|move|p2a: Torterra|Protect|p2a: Torterra
|-singleturn|p2a: Torterra|Protect
|move|p1a: Mew The Knight|Bitter Blade|p2a: Torterra
|-activate|p2a: Torterra|move: Protect
|
|-damage|p1a: Mew The Knight|76/100|[from] Leech Seed|[of] p2a: Torterra
|upkeep
|turn|18
|
|t:|1758348794
|move|p1a: Mew The Knight|Disable|p2a: Torterra
|-start|p2a: Torterra|Disable|Protect
|move|p2a: Torterra|Earthquake|p1a: Mew The Knight
|-supereffective|p1a: Mew The Knight
|-damage|p1a: Mew The Knight|0 fnt
|faint|p1a: Mew The Knight
|
|win|ChiefSosa14
|raw|ConnieGhost's rating: 1078 &rarr; <strong>1059</strong><br />(-19 for losing)
|raw|ChiefSosa14's rating: 1125 &rarr; <strong>1147</strong><br />(+22 for winning)
|l|☆ChiefSosa14
|player|p2|
|l|☆ConnieGhost
|player|p1|
