|j|☆dorinkashixv
|j|☆leosyspu
|t:|1758367614
|gametype|singles
|player|p1|dorinkashixv|101|1349
|player|p2|leosyspu|cynthia|1425
|gen|9
|tier|[Gen 9] OU
|rated|
|rule|HP Percentage Mod: HP is shown in percentages
|rule|Endless Battle Clause: Forcing endless battles is banned
|rule|Species Clause: Limit one of each Pokémon
|rule|OHKO Clause: OHKO moves are banned
|rule|Evasion Items Clause: Evasion items are banned
|rule|Evasion Moves Clause: Evasion moves are banned
|rule|Evasion Abilities Clause: Evasion abilities are banned
|rule|Sleep Moves Clause: Sleep-inducing moves are banned
|clearpoke
|poke|p1|Toucannon, M|
|poke|p1|Dragonite, F|
|poke|p1|Zamazenta-*|
|poke|p1|Iron Treads|
|poke|p1|Zapdos|
|poke|p1|Primarina, M|
|poke|p2|Crawdaunt, M|
|poke|p2|Dragonite, F|
|poke|p2|Scizor, F|
|poke|p2|Dusclops, F|
|poke|p2|Rotom-Wash|
|poke|p2|Porygon2|
|teampreview
|inactive|Battle timer is ON: inactive players will automatically lose when time's up. (requested by leosyspu)
|
|t:|1758367624
|teamsize|p1|6
|teamsize|p2|6
|start
|switch|p1a: Dragonite|Dragonite, F|100/100
|switch|p2a: 小左轮|Rotom-Wash|100/100
|turn|1
|c|☆dorinkashixv|hiiiiiiiiiiiiiiiiii
|
|t:|1758367631
|-terastallize|p1a: Dragonite|Fire
|move|p2a: 小左轮|Trick|p1a: Dragonite
|-activate|p2a: 小左轮|move: Trick|[of] p1a: Dragonite
|-item|p1a: Dragonite|Choice Scarf|[from] move: Trick
|-item|p2a: 小左轮|Loaded Dice|[from] move: Trick
|move|p1a: Dragonite|Dragon Dance|p1a: Dragonite
|-boost|p1a: Dragonite|atk|1
|-boost|p1a: Dragonite|spe|1
|
|upkeep
|turn|2
|
|t:|1758367643
|switch|p1a: Zamazenta|Zamazenta|100/100
|-ability|p1a: Zamazenta|Dauntless Shield|boost
|-boost|p1a: Zamazenta|def|1
|move|p2a: 小左轮|Volt Switch|p1a: Zamazenta
|-damage|p1a: Zamazenta|71/100
|
|t:|1758367651
|switch|p2a: 消音器|Dusclops, F|100/100|[from] Volt Switch
|-item|p1a: Zamazenta|Choice Band|[from] ability: Frisk|[of] p2a: 消音器
|
|upkeep
|turn|3
|
|t:|1758367666
|move|p1a: Zamazenta|Crunch|p2a: 消音器
|-supereffective|p2a: 消音器
|-damage|p2a: 消音器|52/100
|-unboost|p2a: 消音器|def|1
|move|p2a: 消音器|Will-O-Wisp|p1a: Zamazenta
|-status|p1a: Zamazenta|brn
|
|-damage|p1a: Zamazenta|65/100 brn|[from] brn
|upkeep
|turn|4
|
|t:|1758367676
|move|p1a: Zamazenta|Crunch|p2a: 消音器
|-supereffective|p2a: 消音器
|-damage|p2a: 消音器|20/100
|move|p2a: 消音器|Trick Room|p2a: 消音器
|-fieldstart|move: Trick Room|[of] p2a: 消音器
|
|-damage|p1a: Zamazenta|59/100 brn|[from] brn
|upkeep
|turn|5
|
|t:|1758367686
|move|p2a: 消音器|Memento|p1a: Zamazenta
|-unboost|p1a: Zamazenta|atk|2
|-unboost|p1a: Zamazenta|spa|2
|faint|p2a: 消音器
|move|p1a: Zamazenta|Crunch|p2: 消音器|[notarget]
|-fail|p1a: Zamazenta
|
|-damage|p1a: Zamazenta|52/100 brn|[from] brn
|upkeep
|
|t:|1758367696
|switch|p2a: 红色铁拳炮|Scizor, F|100/100
|turn|6
|
|t:|1758367713
|switch|p1a: Zapdos|Zapdos|100/100
|move|p2a: 红色铁拳炮|Swords Dance|p2a: 红色铁拳炮
|-boost|p2a: 红色铁拳炮|atk|2
|
|upkeep
|turn|7
|c|☆leosyspu|You should exchange Bao Kemeng. You are a trainer with a promising future.
|c|☆leosyspu|hello
|
|t:|1758367739
|move|p2a: 红色铁拳炮|Dual Wingbeat|p1a: Zapdos
|-resisted|p1a: Zapdos
|-damage|p1a: Zapdos|75/100
|-resisted|p1a: Zapdos
|-damage|p1a: Zapdos|46/100
|-hitcount|p1a: Zapdos|2
|move|p1a: Zapdos|Heat Wave|p2a: 红色铁拳炮|[miss]
|-miss|p1a: Zapdos|p2a: 红色铁拳炮
|
|upkeep
|turn|8
|c|☆dorinkashixv|bao kemeng?
|inactive|dorinkashixv has 120 seconds left.
|
|t:|1758367762
|move|p2a: 红色铁拳炮|Dual Wingbeat|p1a: Zapdos
|-resisted|p1a: Zapdos
|-damage|p1a: Zapdos|18/100
|-resisted|p1a: Zapdos
|-damage|p1a: Zapdos|0 fnt
|faint|p1a: Zapdos
|-hitcount|p1: Zapdos|2
|
|-fieldend|move: Trick Room
|upkeep
|inactive|dorinkashixv has 120 seconds left.
|
|t:|1758367775
|switch|p1a: Dragonite|Dragonite, F, tera:Fire|100/100
|turn|9
|c|☆leosyspu|你是中国人吗Are you Chinese?
|c|☆dorinkashixv|no
|inactive|leosyspu has 120 seconds left.
|c|☆leosyspu|. . Pokémonthe meaning of
|
|t:|1758367813
|move|p1a: Dragonite|Fire Punch|p2a: 红色铁拳炮
|-supereffective|p2a: 红色铁拳炮
|-damage|p2a: 红色铁拳炮|0 fnt
|faint|p2a: 红色铁拳炮
|
|upkeep
|
|t:|1758367819
|switch|p2a: 强力高速炮|Dragonite, F|100/100
|turn|10
|
|t:|1758367824
|move|p1a: Dragonite|Fire Punch|p2a: 强力高速炮
|-resisted|p2a: 强力高速炮
|-damage|p2a: 强力高速炮|91/100
|move|p2a: 强力高速炮|Dragon Dance|p2a: 强力高速炮
|-boost|p2a: 强力高速炮|atk|1
|-boost|p2a: 强力高速炮|spe|1
|
|-heal|p2a: 强力高速炮|97/100|[from] item: Leftovers
|upkeep
|turn|11
|inactive|leosyspu has 120 seconds left.
|
|t:|1758367836
|switch|p1a: Primarina|Primarina, M|100/100
|move|p2a: 强力高速炮|Dragon Dance|p2a: 强力高速炮
|-boost|p2a: 强力高速炮|atk|1
|-boost|p2a: 强力高速炮|spe|1
|
|-heal|p2a: 强力高速炮|100/100|[from] item: Leftovers
|upkeep
|turn|12
|inactive|leosyspu has 120 seconds left.
|c|☆leosyspu|It's almost over
|
|t:|1758367852
|-terastallize|p2a: 强力高速炮|Normal
|move|p2a: 强力高速炮|Dragon Dance|p2a: 强力高速炮
|-boost|p2a: 强力高速炮|atk|1
|-boost|p2a: 强力高速炮|spe|1
|move|p1a: Primarina|Moonblast|p2a: 强力高速炮
|-damage|p2a: 强力高速炮|78/100
|-unboost|p2a: 强力高速炮|spa|1
|
|-heal|p2a: 强力高速炮|84/100|[from] item: Leftovers
|upkeep
|turn|13
|inactive|leosyspu has 120 seconds left.
|-message|dorinkashixv forfeited.
|
|win|leosyspu
|raw|dorinkashixv's rating: 1349 &rarr; <strong>1333</strong><br />(-16 for losing)
|raw|leosyspu's rating: 1425 &rarr; <strong>1441</strong><br />(+16 for winning)
|l|☆dorinkashixv
|player|p1|
|l|☆leosyspu
|player|p2|
