|j|☆Natorito
|j|☆Rainbowpigz
|t:|1758236252
|gametype|singles
|player|p1|Natorito|2|1185
|player|p2|Rainbowpigz|burgh|1264
|gen|9
|tier|[Gen 9] OU
|rated|
|rule|HP Percentage Mod: HP is shown in percentages
|rule|Endless Battle Clause: Forcing endless battles is banned
|rule|Species Clause: Limit one of each Pokémon
|rule|OHKO Clause: OHKO moves are banned
|rule|Evasion Items Clause: Evasion items are banned
|rule|Evasion Moves Clause: Evasion moves are banned
|rule|Evasion Abilities Clause: Evasion abilities are banned
|rule|Sleep Moves Clause: Sleep-inducing moves are banned
|clearpoke
|poke|p1|Slowbro-Galar, M|
|poke|p1|Mudsdale, F|
|poke|p1|Malamar, M|
|poke|p1|Noctowl, F|
|poke|p1|Rotom-Heat|
|poke|p1|Milotic, M|
|poke|p2|Great Tusk|
|poke|p2|Iron Crown|
|poke|p2|Ogerpon-Wellspring, F|
|poke|p2|Pelipper, F|
|poke|p2|Barraskewda, M|
|poke|p2|Ribombee, M|
|teampreview
|
|t:|1758236263
|teamsize|p1|6
|teamsize|p2|6
|start
|switch|p1a: Rotom|Rotom-Heat, shiny|100/100
|switch|p2a: Iron Crown|Iron Crown|100/100
|-enditem|p2a: Iron Crown|Booster Energy
|-activate|p2a: Iron Crown|ability: Quark Drive|[fromitem]
|-start|p2a: Iron Crown|quarkdrivespe
|turn|1
|inactive|Battle timer is ON: inactive players will automatically lose when time's up. (requested by Natorito)
|
|t:|1758236283
|-terastallize|p2a: Iron Crown|Fire
|move|p2a: Iron Crown|Calm Mind|p2a: Iron Crown
|-boost|p2a: Iron Crown|spa|1
|-boost|p2a: Iron Crown|spd|1
|move|p1a: Rotom|Overheat|p2a: Iron Crown
|-resisted|p2a: Iron Crown
|-damage|p2a: Iron Crown|83/100
|-unboost|p1a: Rotom|spa|2
|
|upkeep
|turn|2
|
|t:|1758236310
|switch|p1a: Milotic|Milotic, M|100/100
|move|p2a: Iron Crown|Calm Mind|p2a: Iron Crown
|-boost|p2a: Iron Crown|spa|1
|-boost|p2a: Iron Crown|spd|1
|
|upkeep
|turn|3
|
|t:|1758236317
|move|p2a: Iron Crown|Tachyon Cutter|p1a: Milotic
|-resisted|p1a: Milotic
|-damage|p1a: Milotic|84/100
|-resisted|p1a: Milotic
|-damage|p1a: Milotic|68/100
|-hitcount|p1a: Milotic|2
|move|p1a: Milotic|Dragon Tail|p2a: Iron Crown
|-damage|p2a: Iron Crown|74/100
|-end|p2a: Iron Crown|Quark Drive|[silent]
|drag|p2a: Great Tusk|Great Tusk|100/100
|
|-heal|p1a: Milotic|74/100|[from] item: Leftovers
|upkeep
|turn|4
|
|t:|1758236331
|-end|p2a: Great Tusk|Protosynthesis|[silent]
|switch|p2a: Pelipper|Pelipper, F|100/100
|-weather|RainDance|[from] ability: Drizzle|[of] p2a: Pelipper
|move|p1a: Milotic|Scald|p2a: Pelipper
|-resisted|p2a: Pelipper
|-damage|p2a: Pelipper|75/100
|
|-weather|RainDance|[upkeep]
|-heal|p1a: Milotic|80/100|[from] item: Leftovers
|upkeep
|turn|5
|
|t:|1758236350
|move|p2a: Pelipper|Knock Off|p1a: Milotic
|-damage|p1a: Milotic|71/100
|-enditem|p1a: Milotic|Leftovers|[from] move: Knock Off|[of] p2a: Pelipper
|move|p1a: Milotic|Dragon Tail|p2a: Pelipper|[miss]
|-miss|p1a: Milotic|p2a: Pelipper
|
|-weather|RainDance|[upkeep]
|upkeep
|turn|6
|
|t:|1758236359
|move|p1a: Milotic|Scald|p2a: Pelipper
|-resisted|p2a: Pelipper
|-damage|p2a: Pelipper|50/100
|move|p2a: Pelipper|Roost|p2a: Pelipper
|-heal|p2a: Pelipper|99/100
|-singleturn|p2a: Pelipper|move: Roost
|
|-weather|RainDance|[upkeep]
|upkeep
|turn|7
|
|t:|1758236369
|move|p1a: Milotic|Scald|p2a: Pelipper
|-resisted|p2a: Pelipper
|-damage|p2a: Pelipper|74/100
|move|p2a: Pelipper|Hurricane|p1a: Milotic
|-damage|p1a: Milotic|44/100
|
|-weather|RainDance|[upkeep]
|upkeep
|turn|8
|
|t:|1758236377
|move|p1a: Milotic|Scald|p2a: Pelipper
|-resisted|p2a: Pelipper
|-damage|p2a: Pelipper|44/100
|move|p2a: Pelipper|U-turn|p1a: Milotic
|-damage|p1a: Milotic|37/100
|
|t:|1758236394
|switch|p2a: Barraskewda|Barraskewda, M|100/100|[from] U-turn
|
|-weather|RainDance|[upkeep]
|upkeep
|turn|9
|inactive|Natorito has 120 seconds left.
|
|t:|1758236428
|move|p2a: Barraskewda|Close Combat|p1a: Milotic
|-damage|p1a: Milotic|0 fnt
|-unboost|p2a: Barraskewda|def|1
|-unboost|p2a: Barraskewda|spd|1
|faint|p1a: Milotic
|
|-weather|RainDance|[upkeep]
|upkeep
|inactive|Natorito has 120 seconds left.
|
|t:|1758236446
|switch|p1a: Mudsdale|Mudsdale, F|100/100
|turn|10
|
|t:|1758236452
|switch|p2a: Ogerpon|Ogerpon-Wellspring, F|100/100
|-terastallize|p1a: Mudsdale|Water
|move|p1a: Mudsdale|Body Press|p2a: Ogerpon
|-damage|p2a: Ogerpon|66/100
|
|-weather|RainDance|[upkeep]
|upkeep
|turn|11
|inactive|Natorito has 120 seconds left.
|
|t:|1758236463
|move|p2a: Ogerpon|Knock Off|p1a: Mudsdale
|-damage|p1a: Mudsdale|77/100
|-ability|p1a: Mudsdale|Stamina|boost
|-boost|p1a: Mudsdale|def|1
|-enditem|p1a: Mudsdale|Leftovers|[from] move: Knock Off|[of] p2a: Ogerpon
|move|p1a: Mudsdale|Bulldoze|p2a: Ogerpon
|-resisted|p2a: Ogerpon
|-damage|p2a: Ogerpon|50/100
|-unboost|p2a: Ogerpon|spe|1
|
|-weather|none
|upkeep
|turn|12
|inactive|Natorito has 120 seconds left.
|
|t:|1758236474
|switch|p2a: Pelipper|Pelipper, F|44/100
|-weather|RainDance|[from] ability: Drizzle|[of] p2a: Pelipper
|move|p1a: Mudsdale|Body Press|p2a: Pelipper
|-resisted|p2a: Pelipper
|-damage|p2a: Pelipper|29/100
|
|-weather|RainDance|[upkeep]
|upkeep
|turn|13
|inactive|Natorito has 120 seconds left.
|
|t:|1758236487
|move|p2a: Pelipper|Hurricane|p1a: Mudsdale
|-damage|p1a: Mudsdale|45/100
|-ability|p1a: Mudsdale|Stamina|boost
|-boost|p1a: Mudsdale|def|1
|move|p1a: Mudsdale|Stealth Rock|p2a: Pelipper
|-sidestart|p2: Rainbowpigz|move: Stealth Rock
|
|-weather|RainDance|[upkeep]
|upkeep
|turn|14
|inactive|Natorito has 120 seconds left.
|
|t:|1758236499
|move|p2a: Pelipper|Hurricane|p1a: Mudsdale
|-damage|p1a: Mudsdale|9/100
|-ability|p1a: Mudsdale|Stamina|boost
|-boost|p1a: Mudsdale|def|1
|move|p1a: Mudsdale|Body Press|p2a: Pelipper
|-resisted|p2a: Pelipper
|-damage|p2a: Pelipper|3/100
|
|-weather|RainDance|[upkeep]
|upkeep
|turn|15
|inactive|Natorito has 120 seconds left.
|
|t:|1758236533
|switch|p1a: Malamar|Malamar, M|100/100
|move|p2a: Pelipper|Hurricane|p1a: Malamar
|-crit|p1a: Malamar
|-damage|p1a: Malamar|22/100
|
|-weather|RainDance|[upkeep]
|upkeep
|turn|16
|
|t:|1758236546
|switch|p2a: Barraskewda|Barraskewda, M|100/100
|-damage|p2a: Barraskewda|88/100|[from] Stealth Rock
|move|p1a: Malamar|Superpower|p2a: Barraskewda
|-damage|p2a: Barraskewda|20/100
|-boost|p1a: Malamar|atk|1
|-boost|p1a: Malamar|def|1
|
|-weather|RainDance|[upkeep]
|upkeep
|turn|17
|inactive|Natorito has 90 seconds left.
|
|t:|1758236562
|move|p2a: Barraskewda|Liquidation|p1a: Malamar
|-damage|p1a: Malamar|0 fnt
|faint|p1a: Malamar
|
|-weather|RainDance|[upkeep]
|upkeep
|inactive|Natorito has 90 seconds left.
|
|t:|1758236571
|switch|p1a: Noctowl|Noctowl, F, shiny|100/100
|turn|18
|
|t:|1758236576
|move|p2a: Barraskewda|Liquidation|p1a: Noctowl
|-damage|p1a: Noctowl|0 fnt
|faint|p1a: Noctowl
|
|-weather|RainDance|[upkeep]
|upkeep
|
|t:|1758236584
|switch|p1a: Slowbro|Slowbro-Galar, M|100/100
|turn|19
|-activate|p1a: Slowbro|item: Quick Claw
|
|t:|1758236588
|move|p1a: Slowbro|Poison Jab|p2a: Barraskewda
|-damage|p2a: Barraskewda|0 fnt
|faint|p2a: Barraskewda
|
|-weather|none
|upkeep
|
|t:|1758236596
|switch|p2a: Great Tusk|Great Tusk|100/100
|turn|20
|
|t:|1758236600
|move|p2a: Great Tusk|Headlong Rush|p1a: Slowbro
|-supereffective|p1a: Slowbro
|-damage|p1a: Slowbro|0 fnt
|-unboost|p2a: Great Tusk|def|1
|-unboost|p2a: Great Tusk|spd|1
|faint|p1a: Slowbro
|
|upkeep
|inactive|Natorito has 120 seconds left.
|-message|Natorito forfeited.
|
|win|Rainbowpigz
|raw|Natorito's rating: 1185 &rarr; <strong>1166</strong><br />(-19 for losing)
|raw|Rainbowpigz's rating: 1264 &rarr; <strong>1283</strong><br />(+19 for winning)
|l|☆Natorito
|player|p1|
|c|☆Rainbowpigz|ggg
|l|☆Rainbowpigz
|player|p2|
