|j|☆The Wonder of UU
|j|☆ohgabooga
|t:|1758260073
|gametype|singles
|player|p1|The Wonder of UU|steven|1355
|player|p2|ohgabooga|2|1420
|gen|9
|tier|[Gen 9] OU
|rated|
|rule|HP Percentage Mod: HP is shown in percentages
|rule|Endless Battle Clause: Forcing endless battles is banned
|rule|Species Clause: Limit one of each Pokémon
|rule|OHKO Clause: OHKO moves are banned
|rule|Evasion Items Clause: Evasion items are banned
|rule|Evasion Moves Clause: Evasion moves are banned
|rule|Evasion Abilities Clause: Evasion abilities are banned
|rule|Sleep Moves Clause: Sleep-inducing moves are banned
|clearpoke
|poke|p1|Kingambit, M|
|poke|p1|Deoxys-Speed|
|poke|p1|Moltres|
|poke|p1|Slowking-Galar, F|
|poke|p1|Scizor, M|
|poke|p1|Hatterene, F|
|poke|p2|Amoonguss, F|
|poke|p2|Dondozo, M|
|poke|p2|Blissey, F|
|poke|p2|Clodsire, M|
|poke|p2|Clefable, M|
|poke|p2|Gliscor, F|
|teampreview
|
|t:|1758260098
|teamsize|p1|6
|teamsize|p2|6
|start
|switch|p1a: Deoxys|Deoxys-Speed|100/100
|switch|p2a: Clefable|Clefable, M|100/100
|-ability|p1a: Deoxys|Pressure
|turn|1
|
|t:|1758260112
|switch|p1a: Hatterene|Hatterene, F|100/100
|move|p2a: Clefable|Knock Off|p1a: Hatterene
|-damage|p1a: Hatterene|84/100
|-enditem|p1a: Hatterene|Leftovers|[from] move: Knock Off|[of] p2a: Clefable
|
|upkeep
|turn|2
|
|t:|1758260126
|switch|p2a: Clodsire|Clodsire, M|100/100
|move|p1a: Hatterene|Calm Mind|p1a: Hatterene
|-boost|p1a: Hatterene|spa|1
|-boost|p1a: Hatterene|spd|1
|
|upkeep
|turn|3
|
|t:|1758260132
|move|p1a: Hatterene|Psyshock|p2a: Clodsire
|-supereffective|p2a: Clodsire
|-damage|p2a: Clodsire|0 fnt
|faint|p2a: Clodsire
|
|upkeep
|
|t:|1758260137
|switch|p2a: Blissey|Blissey, F|100/100
|turn|4
|
|t:|1758260141
|-terastallize|p2a: Blissey|Dark
|move|p2a: Blissey|Seismic Toss|p1a: Hatterene
|-damage|p1a: Hatterene|52/100
|move|p1a: Hatterene|Psyshock|p2a: Blissey
|-immune|p2a: Blissey
|
|upkeep
|turn|5
|
|t:|1758260152
|switch|p1a: Scizor|Scizor, M|100/100
|move|p2a: Blissey|Seismic Toss|p1a: Scizor
|-damage|p1a: Scizor|71/100
|
|upkeep
|turn|6
|
|t:|1758260167
|switch|p2a: Dondozo|Dondozo, M|100/100
|move|p1a: Scizor|Knock Off|p2a: Dondozo
|-damage|p2a: Dondozo|77/100
|-enditem|p2a: Dondozo|Heavy-Duty Boots|[from] move: Knock Off|[of] p1a: Scizor
|
|upkeep
|turn|7
|
|t:|1758260175
|switch|p1a: Moltres|Moltres|100/100
|move|p2a: Dondozo|Curse|p2a: Dondozo
|-unboost|p2a: Dondozo|spe|1
|-boost|p2a: Dondozo|atk|1
|-boost|p2a: Dondozo|def|1
|
|upkeep
|turn|8
|
|t:|1758260183
|switch|p2a: Blissey|Blissey, F, tera:Dark|100/100
|move|p1a: Moltres|Will-O-Wisp|p2a: Blissey
|-status|p2a: Blissey|brn
|
|-damage|p2a: Blissey|94/100 brn|[from] brn
|upkeep
|turn|9
|
|t:|1758260192
|move|p1a: Moltres|U-turn|p2a: Blissey
|-supereffective|p2a: Blissey
|-damage|p2a: Blissey|62/100 brn
|
|t:|1758260203
|switch|p1a: Hatterene|Hatterene, F|52/100|[from] U-turn
|move|p2a: Blissey|Seismic Toss|p1a: Hatterene
|-damage|p1a: Hatterene|21/100
|
|-damage|p2a: Blissey|56/100 brn|[from] brn
|upkeep
|turn|10
|
|t:|1758260210
|move|p2a: Blissey|Seismic Toss|p1a: Hatterene
|-damage|p1a: Hatterene|0 fnt
|faint|p1a: Hatterene
|
|-damage|p2a: Blissey|50/100 brn|[from] brn
|upkeep
|
|t:|1758260217
|switch|p1a: Scizor|Scizor, M|71/100
|turn|11
|
|t:|1758260221
|-curestatus|p2a: Blissey|brn|[from] ability: Natural Cure
|switch|p2a: Dondozo|Dondozo, M|77/100
|move|p1a: Scizor|U-turn|p2a: Dondozo
|-damage|p2a: Dondozo|49/100
|
|t:|1758260228
|switch|p1a: Deoxys|Deoxys-Speed|100/100|[from] U-turn
|-ability|p1a: Deoxys|Pressure
|
|upkeep
|turn|12
|
|t:|1758260244
|switch|p2a: Goat|Amoonguss, F|100/100
|move|p1a: Deoxys|Stealth Rock|p2a: Goat
|-sidestart|p2: ohgabooga|move: Stealth Rock
|
|upkeep
|turn|13
|
|t:|1758260250
|move|p1a: Deoxys|Psycho Boost|p2a: Goat
|-supereffective|p2a: Goat
|-damage|p2a: Goat|0 fnt
|-unboost|p1a: Deoxys|spa|2
|faint|p2a: Goat
|-damage|p1a: Deoxys|91/100|[from] item: Life Orb
|
|upkeep
|
|t:|1758260258
|switch|p2a: Gliscor|Gliscor, F|100/100
|-damage|p2a: Gliscor|88/100|[from] Stealth Rock
|turn|14
|
|t:|1758260268
|switch|p1a: Kingambit|Kingambit, M|100/100
|-activate|p1a: Kingambit|ability: Supreme Overlord
|-start|p1a: Kingambit|fallen1|[silent]
|move|p2a: Gliscor|Protect||[still]
|-fail|p2a: Gliscor
|
|-status|p2a: Gliscor|tox|[from] item: Toxic Orb
|upkeep
|turn|15
|
|t:|1758260278
|move|p2a: Gliscor|Earthquake|p1a: Kingambit
|-supereffective|p1a: Kingambit
|-damage|p1a: Kingambit|53/100
|move|p1a: Kingambit|Swords Dance|p1a: Kingambit
|-boost|p1a: Kingambit|atk|2
|
|-heal|p2a: Gliscor|100/100 tox|[from] ability: Poison Heal
|upkeep
|turn|16
|
|t:|1758260287
|move|p2a: Gliscor|Earthquake|p1a: Kingambit
|-supereffective|p1a: Kingambit
|-crit|p1a: Kingambit
|-damage|p1a: Kingambit|0 fnt
|faint|p1a: Kingambit
|-end|p1a: Kingambit|fallen1|[silent]
|
|upkeep
|
|t:|1758260292
|switch|p1a: Deoxys|Deoxys-Speed|91/100
|-ability|p1a: Deoxys|Pressure
|turn|17
|
|t:|1758260296
|move|p2a: Gliscor|Protect|p2a: Gliscor
|-singleturn|p2a: Gliscor|Protect
|move|p1a: Deoxys|Ice Beam|p2a: Gliscor
|-activate|p2a: Gliscor|move: Protect
|
|upkeep
|turn|18
|
|t:|1758260303
|switch|p2a: Blissey|Blissey, F, tera:Dark|50/100
|move|p1a: Deoxys|Ice Beam|p2a: Blissey
|-damage|p2a: Blissey|40/100
|-damage|p1a: Deoxys|81/100|[from] item: Life Orb
|
|upkeep
|turn|19
|
|t:|1758260311
|move|p1a: Deoxys|Superpower|p2a: Blissey
|-supereffective|p2a: Blissey
|-damage|p2a: Blissey|0 fnt
|-unboost|p1a: Deoxys|atk|1
|-unboost|p1a: Deoxys|def|1
|faint|p2a: Blissey
|-damage|p1a: Deoxys|71/100|[from] item: Life Orb
|
|upkeep
|
|t:|1758260321
|switch|p2a: Clefable|Clefable, M|100/100
|turn|20
|
|t:|1758260330
|switch|p1a: Scizor|Scizor, M|71/100
|move|p2a: Clefable|Knock Off|p1a: Scizor
|-damage|p1a: Scizor|57/100
|-enditem|p1a: Scizor|Choice Band|[from] move: Knock Off|[of] p2a: Clefable
|
|upkeep
|turn|21
|
|t:|1758260343
|switch|p2a: Gliscor|Gliscor, F|100/100 tox
|-damage|p2a: Gliscor|88/100 tox|[from] Stealth Rock
|move|p1a: Scizor|U-turn|p2a: Gliscor
|-resisted|p2a: Gliscor
|-damage|p2a: Gliscor|73/100 tox
|
|t:|1758260346
|switch|p1a: Deoxys|Deoxys-Speed|71/100|[from] U-turn
|-ability|p1a: Deoxys|Pressure
|
|-heal|p2a: Gliscor|85/100 tox|[from] ability: Poison Heal
|upkeep
|turn|22
|
|t:|1758260355
|move|p2a: Gliscor|Protect|p2a: Gliscor
|-singleturn|p2a: Gliscor|Protect
|move|p1a: Deoxys|Ice Beam|p2a: Gliscor
|-activate|p2a: Gliscor|move: Protect
|
|-heal|p2a: Gliscor|98/100 tox|[from] ability: Poison Heal
|upkeep
|turn|23
|
|t:|1758260362
|switch|p2a: Clefable|Clefable, M|100/100
|move|p1a: Deoxys|Ice Beam|p2a: Clefable
|-damage|p2a: Clefable|71/100
|-damage|p1a: Deoxys|61/100|[from] item: Life Orb
|
|-heal|p2a: Clefable|77/100|[from] item: Leftovers
|upkeep
|turn|24
|
|t:|1758260377
|switch|p1a: Scizor|Scizor, M|57/100
|move|p2a: Clefable|Moonblast|p1a: Scizor
|-resisted|p1a: Scizor
|-damage|p1a: Scizor|39/100
|
|-heal|p2a: Clefable|83/100|[from] item: Leftovers
|upkeep
|turn|25
|
|t:|1758260385
|switch|p2a: Gliscor|Gliscor, F|98/100 tox
|-damage|p2a: Gliscor|85/100 tox|[from] Stealth Rock
|move|p1a: Scizor|Bullet Punch|p2a: Gliscor
|-damage|p2a: Gliscor|59/100 tox
|
|-heal|p2a: Gliscor|72/100 tox|[from] ability: Poison Heal
|upkeep
|turn|26
|
|t:|1758260396
|move|p2a: Gliscor|Knock Off|p1a: Scizor
|-damage|p1a: Scizor|24/100
|move|p1a: Scizor|U-turn|p2a: Gliscor
|-resisted|p2a: Gliscor
|-damage|p2a: Gliscor|55/100 tox
|
|t:|1758260404
|switch|p1a: Slowking|Slowking-Galar, F|100/100|[from] U-turn
|
|-heal|p2a: Gliscor|68/100 tox|[from] ability: Poison Heal
|upkeep
|turn|27
|
|t:|1758260411
|move|p2a: Gliscor|Earthquake|p1a: Slowking
|-supereffective|p1a: Slowking
|-crit|p1a: Slowking
|-damage|p1a: Slowking|0 fnt
|faint|p1a: Slowking
|
|-heal|p2a: Gliscor|80/100 tox|[from] ability: Poison Heal
|upkeep
|
|t:|1758260417
|switch|p1a: Deoxys|Deoxys-Speed|61/100
|-ability|p1a: Deoxys|Pressure
|turn|28
|
|t:|1758260421
|move|p2a: Gliscor|Protect|p2a: Gliscor
|-singleturn|p2a: Gliscor|Protect
|move|p1a: Deoxys|Ice Beam|p2a: Gliscor
|-activate|p2a: Gliscor|move: Protect
|
|-heal|p2a: Gliscor|93/100 tox|[from] ability: Poison Heal
|upkeep
|turn|29
|
|t:|1758260428
|switch|p2a: Clefable|Clefable, M|83/100
|move|p1a: Deoxys|Ice Beam|p2a: Clefable
|-damage|p2a: Clefable|51/100
|-damage|p1a: Deoxys|51/100|[from] item: Life Orb
|
|-heal|p2a: Clefable|57/100|[from] item: Leftovers
|upkeep
|turn|30
|
|t:|1758260437
|move|p1a: Deoxys|Psycho Boost|p2a: Clefable
|-damage|p2a: Clefable|0 fnt
|-unboost|p1a: Deoxys|spa|2
|faint|p2a: Clefable
|-damage|p1a: Deoxys|41/100|[from] item: Life Orb
|
|upkeep
|
|t:|1758260447
|switch|p2a: Dondozo|Dondozo, M|49/100
|-damage|p2a: Dondozo|37/100|[from] Stealth Rock
|turn|31
|
|t:|1758260451
|move|p1a: Deoxys|Psycho Boost|p2a: Dondozo
|-damage|p2a: Dondozo|0 fnt
|-unboost|p1a: Deoxys|spa|2
|faint|p2a: Dondozo
|-damage|p1a: Deoxys|31/100|[from] item: Life Orb
|
|upkeep
|
|t:|1758260458
|switch|p2a: Gliscor|Gliscor, F|93/100 tox
|-damage|p2a: Gliscor|80/100 tox|[from] Stealth Rock
|turn|32
|
|t:|1758260462
|switch|p1a: Moltres|Moltres|100/100
|move|p2a: Gliscor|Protect||[still]
|-fail|p2a: Gliscor
|
|-heal|p2a: Gliscor|93/100 tox|[from] ability: Poison Heal
|upkeep
|turn|33
|
|t:|1758260470
|move|p2a: Gliscor|Spikes|p1a: Moltres
|-sidestart|p1: The Wonder of UU|Spikes
|move|p1a: Moltres|Flamethrower|p2a: Gliscor
|-damage|p2a: Gliscor|58/100 tox
|
|-heal|p2a: Gliscor|71/100 tox|[from] ability: Poison Heal
|upkeep
|turn|34
|
|t:|1758260477
|move|p2a: Gliscor|Spikes|p1a: Moltres
|-sidestart|p1: The Wonder of UU|Spikes
|move|p1a: Moltres|U-turn|p2a: Gliscor
|-resisted|p2a: Gliscor
|-damage|p2a: Gliscor|65/100 tox
|
|t:|1758260479
|switch|p1a: Deoxys|Deoxys-Speed|31/100|[from] U-turn
|-damage|p1a: Deoxys|14/100|[from] Spikes
|-ability|p1a: Deoxys|Pressure
|
|-heal|p2a: Gliscor|78/100 tox|[from] ability: Poison Heal
|upkeep
|turn|35
|
|t:|1758260487
|move|p2a: Gliscor|Protect|p2a: Gliscor
|-singleturn|p2a: Gliscor|Protect
|move|p1a: Deoxys|Ice Beam|p2a: Gliscor
|-activate|p2a: Gliscor|move: Protect
|
|-heal|p2a: Gliscor|90/100 tox|[from] ability: Poison Heal
|upkeep
|turn|36
|
|t:|1758260496
|move|p1a: Deoxys|Ice Beam|p2a: Gliscor
|-supereffective|p2a: Gliscor
|-damage|p2a: Gliscor|0 fnt
|faint|p2a: Gliscor
|-damage|p1a: Deoxys|4/100|[from] item: Life Orb
|
|win|The Wonder of UU
|raw|The Wonder of UU's rating: 1355 &rarr; <strong>1379</strong><br />(+24 for winning)
|raw|ohgabooga's rating: 1420 &rarr; <strong>1396</strong><br />(-24 for losing)
|c|☆The Wonder of UU|ggs
|l|☆ohgabooga
|player|p2|
|l|☆The Wonder of UU
|player|p1|
