|j|☆K4R0007_0
|j|☆LousiV
|t:|1758361640
|gametype|singles
|player|p1|K4R0007_0|colress|1257
|player|p2|LousiV|102|1277
|gen|9
|tier|[Gen 9] OU
|rated|
|rule|HP Percentage Mod: HP is shown in percentages
|rule|Endless Battle Clause: Forcing endless battles is banned
|rule|Species Clause: Limit one of each Pokémon
|rule|OHKO Clause: OHKO moves are banned
|rule|Evasion Items Clause: Evasion items are banned
|rule|Evasion Moves Clause: Evasion moves are banned
|rule|Evasion Abilities Clause: Evasion abilities are banned
|rule|Sleep Moves Clause: Sleep-inducing moves are banned
|clearpoke
|poke|p1|Corviknight, F|
|poke|p1|Landorus-Therian, M|
|poke|p1|Meowscarada, M|
|poke|p1|Kyurem|
|poke|p1|Great Tusk|
|poke|p1|Dragapult, F|
|poke|p2|Cetitan, F|
|poke|p2|Azumarill, M|
|poke|p2|Abomasnow, M|
|poke|p2|Slowking, F|
|poke|p2|Sandy Shocks|
|poke|p2|Dragonite, M|
|teampreview
|inactive|Battle timer is ON: inactive players will automatically lose when time's up. (requested by LousiV)
|
|t:|1758361650
|teamsize|p1|6
|teamsize|p2|6
|start
|switch|p1a: Kyurem|Kyurem|100/100
|switch|p2a: Abomasnow|Abomasnow, M|100/100
|-ability|p1a: Kyurem|Pressure
|-weather|Snowscape|[from] ability: Snow Warning|[of] p2a: Abomasnow
|turn|1
|
|t:|1758361657
|move|p1a: Kyurem|Substitute|p1a: Kyurem
|-start|p1a: Kyurem|Substitute
|-damage|p1a: Kyurem|76/100
|move|p2a: Abomasnow|Focus Blast|p1a: Kyurem|[miss]
|-miss|p2a: Abomasnow|p1a: Kyurem
|
|-weather|Snowscape|[upkeep]
|upkeep
|turn|2
|
|t:|1758361663
|move|p1a: Kyurem|Dragon Dance|p1a: Kyurem
|-boost|p1a: Kyurem|atk|1
|-boost|p1a: Kyurem|spe|1
|move|p2a: Abomasnow|Focus Blast|p1a: Kyurem|[miss]
|-miss|p2a: Abomasnow|p1a: Kyurem
|
|-weather|Snowscape|[upkeep]
|upkeep
|turn|3
|
|t:|1758361670
|move|p1a: Kyurem|Dragon Dance|p1a: Kyurem
|-boost|p1a: Kyurem|atk|1
|-boost|p1a: Kyurem|spe|1
|move|p2a: Abomasnow|Focus Blast|p1a: Kyurem
|-supereffective|p1a: Kyurem
|-end|p1a: Kyurem|Substitute
|
|-weather|Snowscape|[upkeep]
|upkeep
|turn|4
|
|t:|1758361677
|move|p1a: Kyurem|Substitute|p1a: Kyurem
|-start|p1a: Kyurem|Substitute
|-damage|p1a: Kyurem|51/100
|move|p2a: Abomasnow|Focus Blast|p1a: Kyurem|[miss]
|-miss|p2a: Abomasnow|p1a: Kyurem
|
|-weather|Snowscape|[upkeep]
|upkeep
|turn|5
|
|t:|1758361684
|move|p1a: Kyurem|Dragon Dance|p1a: Kyurem
|-boost|p1a: Kyurem|atk|1
|-boost|p1a: Kyurem|spe|1
|move|p2a: Abomasnow|Blizzard|p1a: Kyurem
|-end|p1a: Kyurem|Substitute
|
|-weather|none
|upkeep
|turn|6
|
|t:|1758361691
|move|p1a: Kyurem|Scale Shot|p2a: Abomasnow
|-damage|p2a: Abomasnow|57/100
|-damage|p2a: Abomasnow|15/100
|-damage|p2a: Abomasnow|0 fnt
|faint|p2a: Abomasnow
|-hitcount|p2: Abomasnow|3
|-unboost|p1a: Kyurem|def|1
|-boost|p1a: Kyurem|spe|1
|
|upkeep
|
|t:|1758361694
|switch|p2a: Dragonite|Dragonite, M|100/100
|turn|7
|
|t:|1758361702
|-terastallize|p1a: Kyurem|Ice
|-terastallize|p2a: Dragonite|Normal
|move|p2a: Dragonite|Extreme Speed|p1a: Kyurem
|-damage|p1a: Kyurem|0 fnt
|faint|p1a: Kyurem
|
|upkeep
|
|t:|1758361713
|switch|p1a: Great Tusk|Great Tusk|100/100
|-enditem|p1a: Great Tusk|Booster Energy
|-activate|p1a: Great Tusk|ability: Protosynthesis|[fromitem]
|-start|p1a: Great Tusk|protosynthesisatk
|turn|8
|
|t:|1758361726
|switch|p2a: Azumarill|Azumarill, M|100/100
|move|p1a: Great Tusk|Rapid Spin|p2a: Azumarill
|-damage|p2a: Azumarill|77/100
|-boost|p1a: Great Tusk|spe|1
|
|upkeep
|turn|9
|
|t:|1758361732
|move|p1a: Great Tusk|Supercell Slam|p2a: Azumarill
|-supereffective|p2a: Azumarill
|-damage|p2a: Azumarill|0 fnt
|faint|p2a: Azumarill
|
|upkeep
|
|t:|1758361738
|switch|p2a: Cetitan|Cetitan, F|100/100
|turn|10
|
|t:|1758361745
|move|p1a: Great Tusk|Earthquake|p2a: Cetitan
|-damage|p2a: Cetitan|38/100
|move|p2a: Cetitan|Icicle Crash|p1a: Great Tusk
|-supereffective|p1a: Great Tusk
|-damage|p1a: Great Tusk|0 fnt
|faint|p1a: Great Tusk
|-end|p1a: Great Tusk|Protosynthesis|[silent]
|
|upkeep
|
|t:|1758361754
|switch|p1a: Dragapult|Dragapult, F|100/100
|turn|11
|
|t:|1758361759
|move|p2a: Cetitan|Ice Shard|p1a: Dragapult
|-supereffective|p1a: Dragapult
|-damage|p1a: Dragapult|19/100
|-damage|p2a: Cetitan|28/100|[from] item: Life Orb
|move|p1a: Dragapult|Dragon Darts|p2a: Cetitan
|-damage|p2a: Cetitan|3/100
|-anim|p1a: Dragapult|Dragon Darts|p2a: Cetitan
|-damage|p2a: Cetitan|0 fnt
|faint|p2a: Cetitan
|
|-heal|p1a: Dragapult|25/100|[from] item: Leftovers
|upkeep
|
|t:|1758361765
|switch|p2a: Slowking|Slowking, F|100/100
|turn|12
|
|t:|1758361778
|move|p1a: Dragapult|Dragon Dance|p1a: Dragapult
|-boost|p1a: Dragapult|atk|1
|-boost|p1a: Dragapult|spe|1
|move|p2a: Slowking|Psychic Noise|p1a: Dragapult
|-damage|p1a: Dragapult|0 fnt
|faint|p1a: Dragapult
|
|upkeep
|
|t:|1758361786
|switch|p1a: Landorus|Landorus-Therian, M|100/100
|-ability|p1a: Landorus|Intimidate|boost
|-unboost|p2a: Slowking|atk|1
|turn|13
|
|t:|1758361795
|move|p1a: Landorus|U-turn|p2a: Slowking
|-supereffective|p2a: Slowking
|-damage|p2a: Slowking|60/100
|
|t:|1758361799
|switch|p1a: Corviknight|Corviknight, F|100/100|[from] U-turn
|-ability|p1a: Corviknight|Pressure
|move|p2a: Slowking|Scald|p1a: Corviknight
|-damage|p1a: Corviknight|74/100
|
|-heal|p2a: Slowking|66/100|[from] item: Leftovers
|upkeep
|turn|14
|
|t:|1758361809
|move|p1a: Corviknight|U-turn|p2a: Slowking
|-supereffective|p2a: Slowking
|-damage|p2a: Slowking|42/100
|
|t:|1758361812
|switch|p1a: Meowscarada|Meowscarada, M|100/100|[from] U-turn
|-prepare|p2a: Slowking|Chilly Reception|[premajor]
|move|p2a: Slowking|Chilly Reception|p2a: Slowking
|-weather|Snowscape
|
|t:|1758361816
|switch|p2a: Dragonite|Dragonite, M, tera:Normal|100/100|[from] Chilly Reception
|
|-weather|Snowscape|[upkeep]
|upkeep
|turn|15
|
|t:|1758361822
|move|p1a: Meowscarada|Aura Sphere|p2a: Dragonite
|-start|p1a: Meowscarada|typechange|Fighting|[from] ability: Protean
|-supereffective|p2a: Dragonite
|-damage|p2a: Dragonite|48/100
|move|p2a: Dragonite|Ice Spinner|p1a: Meowscarada
|-damage|p1a: Meowscarada|55/100
|
|-weather|Snowscape|[upkeep]
|upkeep
|turn|16
|
|t:|1758361830
|move|p2a: Dragonite|Extreme Speed|p1a: Meowscarada
|-damage|p1a: Meowscarada|0 fnt
|faint|p1a: Meowscarada
|
|-weather|Snowscape|[upkeep]
|upkeep
|
|t:|1758361835
|switch|p1a: Landorus|Landorus-Therian, M|100/100
|-ability|p1a: Landorus|Intimidate|boost
|-unboost|p2a: Dragonite|atk|1
|turn|17
|
|t:|1758361840
|move|p1a: Landorus|Earth Power|p2a: Dragonite
|-crit|p2a: Dragonite
|-damage|p2a: Dragonite|0 fnt
|faint|p2a: Dragonite
|
|-weather|Snowscape|[upkeep]
|upkeep
|
|t:|1758361846
|switch|p2a: Slowking|Slowking, F|75/100
|turn|18
|
|t:|1758361850
|move|p1a: Landorus|U-turn|p2a: Slowking
|-supereffective|p2a: Slowking
|-crit|p2a: Slowking
|-damage|p2a: Slowking|23/100
|
|t:|1758361854
|switch|p1a: Corviknight|Corviknight, F|74/100|[from] U-turn
|-ability|p1a: Corviknight|Pressure
|-prepare|p2a: Slowking|Chilly Reception|[premajor]
|move|p2a: Slowking|Chilly Reception|p2a: Slowking
|
|t:|1758361855
|switch|p2a: Sandy Shocks|Sandy Shocks|100/100|[from] Chilly Reception
|
|-weather|none
|upkeep
|turn|19
|
|t:|1758361865
|switch|p1a: Landorus|Landorus-Therian, M|100/100
|-ability|p1a: Landorus|Intimidate|boost
|-unboost|p2a: Sandy Shocks|atk|1
|move|p2a: Sandy Shocks|Flash Cannon|p1a: Landorus
|-damage|p1a: Landorus|67/100
|
|upkeep
|turn|20
|
|t:|1758361875
|-end|p2a: Sandy Shocks|Protosynthesis|[silent]
|switch|p2a: Slowking|Slowking, F|56/100
|move|p1a: Landorus|Earthquake|p2a: Slowking
|-damage|p2a: Slowking|13/100
|
|-heal|p2a: Slowking|19/100|[from] item: Leftovers
|upkeep
|turn|21
|
|t:|1758361883
|move|p1a: Landorus|Earthquake|p2a: Slowking
|-damage|p2a: Slowking|0 fnt
|faint|p2a: Slowking
|
|upkeep
|
|t:|1758361885
|switch|p2a: Sandy Shocks|Sandy Shocks|100/100
|turn|22
|
|t:|1758361889
|move|p2a: Sandy Shocks|Flash Cannon|p1a: Landorus
|-damage|p1a: Landorus|34/100
|-unboost|p1a: Landorus|spd|1
|move|p1a: Landorus|Earthquake|p2a: Sandy Shocks
|-supereffective|p2a: Sandy Shocks
|-damage|p2a: Sandy Shocks|0 fnt
|faint|p2a: Sandy Shocks
|-end|p2a: Sandy Shocks|Protosynthesis|[silent]
|
|win|K4R0007_0
|raw|K4R0007_0's rating: 1257 &rarr; <strong>1283</strong><br />(+26 for winning)
|raw|LousiV's rating: 1277 &rarr; <strong>1251</strong><br />(-26 for losing)
|l|☆LousiV
|player|p2|
