|j|☆Buttologist
|j|☆Lukasdbvl
|t:|1758270490
|gametype|singles
|player|p1|Buttologist|beauty-gen6xy|1331
|player|p2|Lukasdbvl|169|1299
|gen|9
|tier|[Gen 9] OU
|rated|
|rule|HP Percentage Mod: HP is shown in percentages
|rule|Endless Battle Clause: Forcing endless battles is banned
|rule|Species Clause: Limit one of each Pokémon
|rule|OHKO Clause: OHKO moves are banned
|rule|Evasion Items Clause: Evasion items are banned
|rule|Evasion Moves Clause: Evasion moves are banned
|rule|Evasion Abilities Clause: Evasion abilities are banned
|rule|Sleep Moves Clause: Sleep-inducing moves are banned
|clearpoke
|poke|p1|Vaporeon, F|
|poke|p1|Incineroar, F|
|poke|p1|Rillaboom, M|
|poke|p1|Landorus-Therian, M|
|poke|p1|Iron Crown|
|poke|p1|Weezing-Galar, F|
|poke|p2|Gholdengo|
|poke|p2|Ceruledge, F|
|poke|p2|Enamorus, F|
|poke|p2|Ribombee, M|
|poke|p2|Quaquaval, M|
|poke|p2|Iron Treads|
|teampreview
|inactive|Battle timer is ON: inactive players will automatically lose when time's up. (requested by Buttologist)
|
|t:|1758270502
|teamsize|p1|6
|teamsize|p2|6
|start
|switch|p1a: Iron Crown|Iron Crown|100/100
|switch|p2a: Ribombee|Ribombee, M|100/100
|turn|1
|
|t:|1758270514
|move|p2a: Ribombee|Sticky Web|p1a: Iron Crown
|-sidestart|p1: Buttologist|move: Sticky Web
|move|p1a: Iron Crown|Tachyon Cutter|p2a: Ribombee
|-supereffective|p2a: Ribombee
|-damage|p2a: Ribombee|10/100
|-supereffective|p2a: Ribombee
|-damage|p2a: Ribombee|0 fnt
|faint|p2a: Ribombee
|-hitcount|p2: Ribombee|2
|
|upkeep
|
|t:|1758270534
|switch|p2a: Gholdengo|Gholdengo|100/100
|-item|p2a: Gholdengo|Air Balloon
|turn|2
|
|t:|1758270539
|move|p1a: Iron Crown|Volt Switch|p2a: Gholdengo
|-damage|p2a: Gholdengo|74/100
|-enditem|p2a: Gholdengo|Air Balloon
|
|t:|1758270549
|-end|p1a: Iron Crown|Quark Drive|[silent]
|switch|p1a: Landorus|Landorus-Therian, M|100/100|[from] Volt Switch
|-ability|p1a: Landorus|Intimidate|boost
|-unboost|p2a: Gholdengo|atk|1
|move|p2a: Gholdengo|Shadow Ball|p1a: Landorus
|-damage|p1a: Landorus|47/100
|
|upkeep
|turn|3
|
|t:|1758270561
|switch|p2a: Enamorus|Enamorus, F|100/100
|move|p1a: Landorus|U-turn|p2a: Enamorus
|-resisted|p2a: Enamorus
|-damage|p2a: Enamorus|93/100
|
|t:|1758270567
|switch|p1a: Iron Crown|Iron Crown|100/100|[from] U-turn
|-activate|p1a: Iron Crown|move: Sticky Web
|-unboost|p1a: Iron Crown|spe|1
|
|upkeep
|turn|4
|
|t:|1758270578
|switch|p2a: Gholdengo|Gholdengo|74/100
|move|p1a: Iron Crown|Future Sight|p2a: Gholdengo
|-start|p1a: Iron Crown|move: Future Sight
|
|upkeep
|turn|5
|
|t:|1758270586
|-end|p1a: Iron Crown|Quark Drive|[silent]
|switch|p1a: Incineroar|Incineroar, F|100/100
|-activate|p1a: Incineroar|move: Sticky Web
|-unboost|p1a: Incineroar|spe|1
|-ability|p1a: Incineroar|Intimidate|boost
|-unboost|p2a: Gholdengo|atk|1
|move|p2a: Gholdengo|Shadow Ball|p1a: Incineroar
|-resisted|p1a: Incineroar
|-crit|p1a: Incineroar
|-damage|p1a: Incineroar|66/100
|
|upkeep
|turn|6
|
|t:|1758270593
|move|p2a: Gholdengo|Dazzling Gleam|p1a: Incineroar
|-damage|p1a: Incineroar|38/100
|move|p1a: Incineroar|Flame Charge|p2a: Gholdengo
|-supereffective|p2a: Gholdengo
|-damage|p2a: Gholdengo|32/100
|-boost|p1a: Incineroar|spe|1
|
|-end|p2a: Gholdengo|move: Future Sight
|-resisted|p2a: Gholdengo
|-damage|p2a: Gholdengo|0 fnt
|faint|p2a: Gholdengo
|upkeep
|
|t:|1758270599
|switch|p2a: Quaquaval|Quaquaval, M|100/100
|turn|7
|
|t:|1758270612
|switch|p1a: Weezing|Weezing-Galar, F|100/100
|-ability|p1a: Weezing|Neutralizing Gas
|move|p2a: Quaquaval|Aqua Step|p1a: Weezing
|-damage|p1a: Weezing|77/100
|-boost|p2a: Quaquaval|spe|1
|
|upkeep
|turn|8
|
|t:|1758270624
|switch|p2a: Iron Treads|Iron Treads, shiny|100/100
|move|p1a: Weezing|Will-O-Wisp|p2a: Iron Treads
|-status|p2a: Iron Treads|brn
|
|-damage|p2a: Iron Treads|94/100 brn|[from] brn
|upkeep
|turn|9
|
|t:|1758270630
|move|p2a: Iron Treads|Earthquake|p1a: Weezing
|-supereffective|p1a: Weezing
|-damage|p1a: Weezing|43/100
|move|p1a: Weezing|Defog|p2a: Iron Treads
|-unboost|p2a: Iron Treads|evasion|1
|-sideend|p1: Buttologist|Sticky Web|[from] move: Defog|[of] p1a: Weezing
|
|-damage|p2a: Iron Treads|88/100 brn|[from] brn
|upkeep
|turn|10
|
|t:|1758270635
|move|p2a: Iron Treads|Earthquake|p1a: Weezing
|-supereffective|p1a: Weezing
|-damage|p1a: Weezing|9/100
|move|p1a: Weezing|Pain Split|p2a: Iron Treads
|-sethp|p2a: Iron Treads|48/100 brn|[from] move: Pain Split|[silent]
|-sethp|p1a: Weezing|54/100|[from] move: Pain Split
|
|-damage|p2a: Iron Treads|42/100 brn|[from] brn
|upkeep
|turn|11
|
|t:|1758270641
|-end|p1a: Weezing|ability: Neutralizing Gas
|switch|p1a: Rillaboom|Rillaboom, M|100/100
|-enditem|p2a: Iron Treads|Booster Energy
|-activate|p2a: Iron Treads|ability: Quark Drive|[fromitem]
|-start|p2a: Iron Treads|quarkdriveatk
|-fieldstart|move: Grassy Terrain|[from] ability: Grassy Surge|[of] p1a: Rillaboom
|move|p2a: Iron Treads|Earthquake|p1a: Rillaboom
|-resisted|p1a: Rillaboom
|-damage|p1a: Rillaboom|91/100
|
|-heal|p1a: Rillaboom|97/100|[from] Grassy Terrain
|-heal|p2a: Iron Treads|48/100 brn|[from] Grassy Terrain
|-damage|p2a: Iron Treads|42/100 brn|[from] brn
|upkeep
|turn|12
|
|t:|1758270645
|move|p1a: Rillaboom|U-turn|p2a: Iron Treads
|-resisted|p2a: Iron Treads
|-damage|p2a: Iron Treads|27/100 brn
|
|t:|1758270649
|switch|p1a: Landorus|Landorus-Therian, M|47/100|[from] U-turn
|-ability|p1a: Landorus|Intimidate|boost
|-unboost|p2a: Iron Treads|atk|1
|move|p2a: Iron Treads|Ice Spinner|p1a: Landorus
|-supereffective|p1a: Landorus
|-damage|p1a: Landorus|3/100
|-damage|p2a: Iron Treads|11/100 brn|[from] item: Rocky Helmet|[of] p1a: Landorus
|-fieldend|move: Grassy Terrain
|
|-damage|p2a: Iron Treads|4/100 brn|[from] brn
|upkeep
|turn|13
|
|t:|1758270655
|move|p1a: Landorus|U-turn|p2a: Iron Treads
|-resisted|p2a: Iron Treads
|-damage|p2a: Iron Treads|0 fnt
|faint|p2a: Iron Treads
|-end|p2a: Iron Treads|Quark Drive|[silent]
|
|t:|1758270664
|switch|p1a: Iron Crown|Iron Crown|100/100|[from] U-turn
|
|upkeep
|
|t:|1758270669
|switch|p2a: Ceruledge|Ceruledge, F|100/100
|turn|14
|
|t:|1758270673
|move|p1a: Iron Crown|Volt Switch|p2a: Ceruledge
|-damage|p2a: Ceruledge|73/100
|
|t:|1758270677
|-end|p1a: Iron Crown|Quark Drive|[silent]
|switch|p1a: Vaporeon|Vaporeon, F|100/100|[from] Volt Switch
|move|p2a: Ceruledge|Bitter Blade|p1a: Vaporeon
|-resisted|p1a: Vaporeon
|-damage|p1a: Vaporeon|77/100
|-heal|p2a: Ceruledge|90/100|[from] drain|[of] p1a: Vaporeon
|
|upkeep
|turn|15
|
|t:|1758270681
|move|p2a: Ceruledge|Poltergeist|p1a: Vaporeon
|-activate|p1a: Vaporeon|move: Poltergeist|Custap Berry
|-damage|p1a: Vaporeon|21/100
|move|p1a: Vaporeon|Calm Mind|p1a: Vaporeon
|-boost|p1a: Vaporeon|spa|1
|-boost|p1a: Vaporeon|spd|1
|
|upkeep
|turn|16
|-enditem|p1a: Vaporeon|Custap Berry|[eat]
|-activate|p1a: Vaporeon|item: Custap Berry|[consumed]
|
|t:|1758270686
|move|p1a: Vaporeon|Scald|p2a: Ceruledge
|-supereffective|p2a: Ceruledge
|-damage|p2a: Ceruledge|0 fnt
|faint|p2a: Ceruledge
|
|upkeep
|
|t:|1758270693
|switch|p2a: Enamorus|Enamorus, F|93/100
|turn|17
|
|t:|1758270697
|-terastallize|p2a: Enamorus|Stellar
|move|p2a: Enamorus|Tera Blast|p1a: Vaporeon|[anim] Tera Blast Stellar
|-damage|p1a: Vaporeon|0 fnt
|-boost|p2a: Enamorus|atk|1
|-boost|p2a: Enamorus|spa|1
|faint|p1a: Vaporeon
|-damage|p2a: Enamorus|83/100|[from] item: Life Orb
|
|upkeep
|
|t:|1758270702
|switch|p1a: Iron Crown|Iron Crown|100/100
|turn|18
|
|t:|1758270706
|move|p1a: Iron Crown|Tachyon Cutter|p2a: Enamorus
|-supereffective|p2a: Enamorus
|-damage|p2a: Enamorus|16/100
|-supereffective|p2a: Enamorus
|-damage|p2a: Enamorus|0 fnt
|faint|p2a: Enamorus
|-hitcount|p2: Enamorus|2
|
|upkeep
|-message|Lukasdbvl forfeited.
|
|win|Buttologist
|raw|Buttologist's rating: 1331 &rarr; <strong>1349</strong><br />(+18 for winning)
|raw|Lukasdbvl's rating: 1299 &rarr; <strong>1276</strong><br />(-23 for losing)
|l|☆Lukasdbvl
|player|p2|
|l|☆Buttologist
|player|p1|
