|j|☆1shy9
|j|☆healorant
|t:|1758371391
|gametype|singles
|player|p1|1shy9|acetrainerf-gen4|1710
|player|p2|healorant|alder|1753
|gen|9
|tier|[Gen 9] OU
|rated|
|rule|HP Percentage Mod: HP is shown in percentages
|rule|Endless Battle Clause: Forcing endless battles is banned
|rule|Species Clause: Limit one of each Pokémon
|rule|OHKO Clause: OHKO moves are banned
|rule|Evasion Items Clause: Evasion items are banned
|rule|Evasion Moves Clause: Evasion moves are banned
|rule|Evasion Abilities Clause: Evasion abilities are banned
|rule|Sleep Moves Clause: Sleep-inducing moves are banned
|clearpoke
|poke|p1|Iron Moth|
|poke|p1|Gholdengo|
|poke|p1|Great Tusk|
|poke|p1|Kyurem|
|poke|p1|Zamazenta-*|
|poke|p1|Dragonite, F|
|poke|p2|Ceruledge, F|
|poke|p2|Great Tusk|
|poke|p2|Hatterene, F|
|poke|p2|Iron Valiant|
|poke|p2|Kingambit, M|
|poke|p2|Deoxys-Speed|
|teampreview
|inactive|Battle timer is ON: inactive players will automatically lose when time's up. (requested by 1shy9)
|
|t:|1758371413
|teamsize|p1|6
|teamsize|p2|6
|start
|switch|p1a: Kyurem|Kyurem|100/100
|switch|p2a: Great Tusk|Great Tusk|100/100
|-ability|p1a: Kyurem|Pressure
|-enditem|p2a: Great Tusk|Booster Energy
|-activate|p2a: Great Tusk|ability: Protosynthesis|[fromitem]
|-start|p2a: Great Tusk|protosynthesisspe
|turn|1
|
|t:|1758371420
|move|p2a: Great Tusk|Stealth Rock|p1a: Kyurem
|-sidestart|p1: 1shy9|move: Stealth Rock
|move|p1a: Kyurem|Dragon Dance|p1a: Kyurem
|-boost|p1a: Kyurem|atk|1
|-boost|p1a: Kyurem|spe|1
|
|upkeep
|turn|2
|
|t:|1758371425
|move|p1a: Kyurem|Icicle Spear|p2a: Great Tusk
|-supereffective|p2a: Great Tusk
|-damage|p2a: Great Tusk|78/100
|-supereffective|p2a: Great Tusk
|-damage|p2a: Great Tusk|55/100
|-supereffective|p2a: Great Tusk
|-damage|p2a: Great Tusk|30/100
|-supereffective|p2a: Great Tusk
|-damage|p2a: Great Tusk|6/100
|-supereffective|p2a: Great Tusk
|-damage|p2a: Great Tusk|0 fnt
|faint|p2a: Great Tusk
|-end|p2a: Great Tusk|Protosynthesis|[silent]
|-hitcount|p2: Great Tusk|5
|
|upkeep
|
|t:|1758371435
|switch|p2a: Iron Valiant|Iron Valiant|100/100
|-enditem|p2a: Iron Valiant|Booster Energy
|-activate|p2a: Iron Valiant|ability: Quark Drive|[fromitem]
|-start|p2a: Iron Valiant|quarkdrivespe
|turn|3
|
|t:|1758371441
|switch|p1a: Gholdengo|Gholdengo|100/100
|-damage|p1a: Gholdengo|94/100|[from] Stealth Rock
|-item|p1a: Gholdengo|Air Balloon
|move|p2a: Iron Valiant|Moonblast|p1a: Gholdengo
|-resisted|p1a: Gholdengo
|-damage|p1a: Gholdengo|65/100
|-enditem|p1a: Gholdengo|Air Balloon
|
|upkeep
|turn|4
|
|t:|1758371449
|move|p2a: Iron Valiant|Shadow Ball|p1a: Gholdengo
|-supereffective|p1a: Gholdengo
|-damage|p1a: Gholdengo|7/100
|-unboost|p1a: Gholdengo|spd|1
|move|p1a: Gholdengo|Make It Rain|p2a: Iron Valiant
|-supereffective|p2a: Iron Valiant
|-damage|p2a: Iron Valiant|0 fnt
|-unboost|p1a: Gholdengo|spa|1
|faint|p2a: Iron Valiant
|-end|p2a: Iron Valiant|Quark Drive|[silent]
|
|upkeep
|
|t:|1758371472
|switch|p2a: Deoxys|Deoxys-Speed|100/100
|-ability|p2a: Deoxys|Pressure
|turn|5
|
|t:|1758371477
|move|p2a: Deoxys|Ice Beam|p1a: Gholdengo
|-resisted|p1a: Gholdengo
|-damage|p1a: Gholdengo|0 fnt
|faint|p1a: Gholdengo
|
|upkeep
|
|t:|1758371500
|switch|p1a: Kyurem|Kyurem|100/100
|-damage|p1a: Kyurem|76/100|[from] Stealth Rock
|-ability|p1a: Kyurem|Pressure
|turn|6
|
|t:|1758371523
|move|p2a: Deoxys|Psycho Boost|p1a: Kyurem
|-damage|p1a: Kyurem|3/100
|-unboost|p2a: Deoxys|spa|2
|move|p1a: Kyurem|Icicle Spear|p2a: Deoxys
|-damage|p2a: Deoxys|82/100
|-damage|p2a: Deoxys|61/100
|-damage|p2a: Deoxys|41/100
|-damage|p2a: Deoxys|20/100
|-damage|p2a: Deoxys|0 fnt
|faint|p2a: Deoxys
|-hitcount|p2: Deoxys|5
|
|upkeep
|
|t:|1758371533
|switch|p2a: Ceruledge|Ceruledge, F|100/100
|turn|7
|
|t:|1758371542
|move|p2a: Ceruledge|Shadow Sneak|p1a: Kyurem
|-damage|p1a: Kyurem|0 fnt
|faint|p1a: Kyurem
|
|upkeep
|
|t:|1758371545
|switch|p1a: Zamazenta|Zamazenta|100/100
|-damage|p1a: Zamazenta|94/100|[from] Stealth Rock
|-ability|p1a: Zamazenta|Dauntless Shield|boost
|-boost|p1a: Zamazenta|def|1
|turn|8
|
|t:|1758371550
|switch|p2a: Hatterene|Hatterene, F|100/100
|move|p1a: Zamazenta|Stone Edge|p2a: Hatterene
|-crit|p2a: Hatterene
|-damage|p2a: Hatterene|62/100
|
|-heal|p1a: Zamazenta|100/100|[from] item: Leftovers
|upkeep
|turn|9
|j| firecharmander004
|
|t:|1758371556
|switch|p1a: Iron Moth|Iron Moth|100/100
|-damage|p1a: Iron Moth|75/100|[from] Stealth Rock
|-enditem|p1a: Iron Moth|Booster Energy
|-activate|p1a: Iron Moth|ability: Quark Drive|[fromitem]
|-start|p1a: Iron Moth|quarkdrivespe
|move|p2a: Hatterene|Pain Split|p1a: Iron Moth
|-sethp|p1a: Iron Moth|67/100|[from] move: Pain Split|[silent]
|-sethp|p2a: Hatterene|70/100|[from] move: Pain Split
|
|upkeep
|turn|10
|
|t:|1758371564
|move|p1a: Iron Moth|Fiery Dance|p2a: Hatterene
|-damage|p2a: Hatterene|29/100
|-boost|p1a: Iron Moth|spa|1
|move|p2a: Hatterene|Nuzzle|p1a: Iron Moth
|-damage|p1a: Iron Moth|61/100
|-status|p1a: Iron Moth|par
|
|upkeep
|turn|11
|
|t:|1758371572
|move|p1a: Iron Moth|Fiery Dance|p2a: Hatterene
|-damage|p2a: Hatterene|0 fnt
|faint|p2a: Hatterene
|
|upkeep
|
|t:|1758371573
|switch|p2a: Ceruledge|Ceruledge, F|100/100
|turn|12
|
|t:|1758371576
|move|p2a: Ceruledge|Swords Dance|p2a: Ceruledge
|-boost|p2a: Ceruledge|atk|2
|move|p1a: Iron Moth|Psychic|p2a: Ceruledge
|-damage|p2a: Ceruledge|52/100
|
|upkeep
|turn|13
|
|t:|1758371582
|move|p2a: Ceruledge|Swords Dance|p2a: Ceruledge
|-boost|p2a: Ceruledge|atk|2
|move|p1a: Iron Moth|Psychic|p2a: Ceruledge
|-damage|p2a: Ceruledge|0 fnt
|faint|p2a: Ceruledge
|
|upkeep
|
|t:|1758371588
|switch|p2a: Kingambit|Kingambit, M|100/100
|-activate|p2a: Kingambit|ability: Supreme Overlord
|-start|p2a: Kingambit|fallen5|[silent]
|-item|p2a: Kingambit|Air Balloon
|turn|14
|
|t:|1758371591
|move|p2a: Kingambit|Sucker Punch|p1a: Iron Moth
|-damage|p1a: Iron Moth|0 fnt
|faint|p1a: Iron Moth
|-end|p1a: Iron Moth|Quark Drive|[silent]
|
|upkeep
|
|t:|1758371599
|switch|p1a: Zamazenta|Zamazenta|100/100
|-damage|p1a: Zamazenta|94/100|[from] Stealth Rock
|turn|15
|j| woairibi
|
|t:|1758371605
|-terastallize|p2a: Kingambit|Flying
|move|p1a: Zamazenta|Iron Defense|p1a: Zamazenta
|-boost|p1a: Zamazenta|def|2
|move|p2a: Kingambit|Swords Dance|p2a: Kingambit
|-boost|p2a: Kingambit|atk|2
|
|-heal|p1a: Zamazenta|100/100|[from] item: Leftovers
|upkeep
|turn|16
|
|t:|1758371610
|move|p1a: Zamazenta|Stone Edge|p2a: Kingambit|[miss]
|-miss|p1a: Zamazenta|p2a: Kingambit
|move|p2a: Kingambit|Tera Blast|p1a: Zamazenta|[anim] Tera Blast Flying
|-supereffective|p1a: Zamazenta
|-damage|p1a: Zamazenta|0 fnt
|faint|p1a: Zamazenta
|
|upkeep
|
|t:|1758371621
|switch|p1a: Great Tusk|Great Tusk|100/100
|turn|17
|
|t:|1758371626
|move|p1a: Great Tusk|Ice Spinner|p2a: Kingambit
|-supereffective|p2a: Kingambit
|-damage|p2a: Kingambit|52/100
|-enditem|p2a: Kingambit|Air Balloon
|move|p2a: Kingambit|Tera Blast|p1a: Great Tusk|[anim] Tera Blast Flying
|-supereffective|p1a: Great Tusk
|-damage|p1a: Great Tusk|0 fnt
|faint|p1a: Great Tusk
|-end|p1a: Great Tusk|Protosynthesis|[silent]
|
|upkeep
|
|t:|1758371632
|switch|p1a: Dragonite|Dragonite, F|100/100
|turn|18
|
|t:|1758371635
|-terastallize|p1a: Dragonite|Flying
|move|p1a: Dragonite|Tera Blast|p2a: Kingambit|[anim] Tera Blast Flying
|-damage|p2a: Kingambit|1/100
|move|p2a: Kingambit|Kowtow Cleave|p1a: Dragonite
|-damage|p1a: Dragonite|25/100
|
|upkeep
|turn|19
|
|t:|1758371647
|move|p2a: Kingambit|Sucker Punch|p1a: Dragonite
|-damage|p1a: Dragonite|0 fnt
|faint|p1a: Dragonite
|
|win|healorant
|raw|1shy9's rating: 1710 &rarr; <strong>1692</strong><br />(-18 for losing)
|raw|healorant's rating: 1753 &rarr; <strong>1771</strong><br />(+18 for winning)
|l|☆1shy9
|player|p1|
|l|☆healorant
|player|p2|
|l| woairibi
