|j|☆toumingmanga
|j|☆nina guitar
|t:|1758291548
|gametype|singles
|player|p1|toumingmanga|rosa|1233
|player|p2|nina guitar|hilbert|1228
|gen|9
|tier|[Gen 9] OU
|rated|
|rule|HP Percentage Mod: HP is shown in percentages
|rule|Endless Battle Clause: Forcing endless battles is banned
|rule|Species Clause: Limit one of each Pokémon
|rule|OHKO Clause: OHKO moves are banned
|rule|Evasion Items Clause: Evasion items are banned
|rule|Evasion Moves Clause: Evasion moves are banned
|rule|Evasion Abilities Clause: Evasion abilities are banned
|rule|Sleep Moves Clause: Sleep-inducing moves are banned
|clearpoke
|poke|p1|Samurott-Hisui, F|
|poke|p1|Cinccino, F|
|poke|p1|Ninetales-Alola, F|
|poke|p1|Thwackey, F|
|poke|p1|Skeledirge, F|
|poke|p1|Clodsire, M|
|poke|p2|Tyranitar, M|
|poke|p2|Excadrill, F|
|poke|p2|Keldeo-Resolute|
|poke|p2|Tornadus-Therian, M|
|poke|p2|Heatran, M|
|poke|p2|Hydrapple, M|
|teampreview
|inactive|Battle timer is ON: inactive players will automatically lose when time's up. (requested by nina guitar)
|
|t:|1758291575
|teamsize|p1|6
|teamsize|p2|6
|start
|switch|p1a: Samurott|Samurott-Hisui, F|100/100
|switch|p2a: Hydrapple|Hydrapple, M|100/100
|turn|1
|
|t:|1758291592
|switch|p1a: Ninetales|Ninetales-Alola, F|100/100
|-weather|Snowscape|[from] ability: Snow Warning|[of] p1a: Ninetales
|move|p2a: Hydrapple|Nasty Plot|p2a: Hydrapple
|-boost|p2a: Hydrapple|spa|2
|
|-weather|Snowscape|[upkeep]
|upkeep
|turn|2
|
|t:|1758291605
|-terastallize|p2a: Hydrapple|Fairy
|move|p1a: Ninetales|Blizzard|p2a: Hydrapple
|-damage|p2a: Hydrapple|66/100
|move|p2a: Hydrapple|Fickle Beam|p1a: Ninetales
|-immune|p1a: Ninetales
|
|-weather|Snowscape|[upkeep]
|upkeep
|turn|3
|
|t:|1758291618
|move|p1a: Ninetales|Encore|p2a: Hydrapple
|-start|p2a: Hydrapple|Encore
|move|p2a: Hydrapple|Fickle Beam|p1a: Ninetales
|-immune|p1a: Ninetales
|
|-weather|Snowscape|[upkeep]
|upkeep
|turn|4
|
|t:|1758291632
|switch|p2a: Heatran|Heatran, M|100/100
|move|p1a: Ninetales|Aurora Veil|p1a: Ninetales
|-sidestart|p1: toumingmanga|move: Aurora Veil
|
|-weather|Snowscape|[upkeep]
|upkeep
|turn|5
|
|t:|1758291643
|switch|p1a: Clodsire|Clodsire, M|100/100
|move|p2a: Heatran|Stealth Rock|p1a: Clodsire
|-sidestart|p1: toumingmanga|move: Stealth Rock
|
|-weather|none
|upkeep
|turn|6
|
|t:|1758291655
|move|p2a: Heatran|Taunt|p1a: Clodsire
|-start|p1a: Clodsire|move: Taunt
|move|p1a: Clodsire|Earthquake|p2a: Heatran
|-supereffective|p2a: Heatran
|-damage|p2a: Heatran|3/100
|
|-heal|p2a: Heatran|9/100|[from] item: Leftovers
|upkeep
|turn|7
|
|t:|1758291680
|switch|p2a: Hydrapple|Hydrapple, M, tera:Fairy|99/100
|switch|p1a: Cinccino|Cinccino, F|100/100
|-damage|p1a: Cinccino|88/100|[from] Stealth Rock
|
|upkeep
|turn|8
|
|t:|1758291692
|move|p1a: Cinccino|Tidy Up|p1a: Cinccino
|-sideend|p1: toumingmanga|Stealth Rock
|-activate|p1a: Cinccino|move: Tidy Up
|-boost|p1a: Cinccino|atk|1
|-boost|p1a: Cinccino|spe|1
|move|p2a: Hydrapple|Nasty Plot|p2a: Hydrapple
|-boost|p2a: Hydrapple|spa|2
|
|upkeep
|turn|9
|
|t:|1758291712
|move|p1a: Cinccino|Tail Slap|p2a: Hydrapple|[miss]
|-miss|p1a: Cinccino|p2a: Hydrapple
|move|p2a: Hydrapple|Earth Power|p1a: Cinccino
|-damage|p1a: Cinccino|48/100
|
|upkeep
|turn|10
|
|t:|1758291717
|move|p1a: Cinccino|Tail Slap|p2a: Hydrapple
|-damage|p2a: Hydrapple|84/100
|-damage|p1a: Cinccino|31/100|[from] item: Rocky Helmet|[of] p2a: Hydrapple
|-damage|p2a: Hydrapple|69/100
|-damage|p1a: Cinccino|15/100|[from] item: Rocky Helmet|[of] p2a: Hydrapple
|-damage|p2a: Hydrapple|53/100
|-damage|p1a: Cinccino|0 fnt|[from] item: Rocky Helmet|[of] p2a: Hydrapple
|faint|p1a: Cinccino
|-hitcount|p2a: Hydrapple|3
|move|p2a: Hydrapple|Fickle Beam|p1: Cinccino|[notarget]
|-fail|p2a: Hydrapple
|
|upkeep
|inactive|toumingmanga has 120 seconds left.
|
|t:|1758291736
|switch|p1a: Ninetales|Ninetales-Alola, F|100/100
|-weather|Snowscape|[from] ability: Snow Warning|[of] p1a: Ninetales
|turn|11
|
|t:|1758291742
|switch|p2a: Heatran|Heatran, M|9/100
|move|p1a: Ninetales|Encore||[still]
|-fail|p1a: Ninetales
|
|-weather|Snowscape|[upkeep]
|-heal|p2a: Heatran|16/100|[from] item: Leftovers
|-sideend|p1: toumingmanga|move: Aurora Veil
|upkeep
|turn|12
|inactive|toumingmanga has 120 seconds left.
|
|t:|1758291760
|move|p1a: Ninetales|Aurora Veil|p1a: Ninetales
|-sidestart|p1: toumingmanga|move: Aurora Veil
|move|p2a: Heatran|Taunt|p1a: Ninetales
|-start|p1a: Ninetales|move: Taunt
|
|-weather|Snowscape|[upkeep]
|-heal|p2a: Heatran|22/100|[from] item: Leftovers
|upkeep
|turn|13
|
|t:|1758291768
|switch|p1a: Clodsire|Clodsire, M|100/100
|move|p2a: Heatran|Magma Storm|p1a: Clodsire|[miss]
|-miss|p2a: Heatran|p1a: Clodsire
|
|-weather|Snowscape|[upkeep]
|-heal|p2a: Heatran|28/100|[from] item: Leftovers
|upkeep
|turn|14
|
|t:|1758291780
|switch|p2a: Tornadus|Tornadus-Therian, M|100/100
|move|p1a: Clodsire|Toxic|p2a: Tornadus
|-status|p2a: Tornadus|tox
|
|-weather|Snowscape|[upkeep]
|-damage|p2a: Tornadus|94/100 tox|[from] psn
|upkeep
|turn|15
|
|t:|1758291791
|move|p2a: Tornadus|Taunt|p1a: Clodsire
|-start|p1a: Clodsire|move: Taunt
|cant|p1a: Clodsire|move: Taunt|Stealth Rock
|
|-weather|none
|-damage|p2a: Tornadus|82/100 tox|[from] psn
|upkeep
|turn|16
|
|t:|1758291805
|move|p2a: Tornadus|U-turn|p1a: Clodsire
|-resisted|p1a: Clodsire
|-damage|p1a: Clodsire|98/100
|
|t:|1758291811
|switch|p2a: Excadrill|Excadrill, F|100/100|[from] U-turn
|-item|p2a: Excadrill|Air Balloon
|move|p1a: Clodsire|Earthquake|p2a: Excadrill
|-immune|p2a: Excadrill
|
|-heal|p1a: Clodsire|100/100|[from] item: Leftovers
|upkeep
|turn|17
|
|t:|1758291830
|switch|p1a: Samurott|Samurott-Hisui, F|100/100
|move|p2a: Excadrill|Swords Dance|p2a: Excadrill
|-boost|p2a: Excadrill|atk|2
|
|upkeep
|turn|18
|inactive|toumingmanga has 120 seconds left.
|
|t:|1758291847
|switch|p2a: Hydrapple|Hydrapple, M, tera:Fairy|86/100
|move|p1a: Samurott|Sacred Sword|p2a: Hydrapple
|-resisted|p2a: Hydrapple
|-crit|p2a: Hydrapple
|-damage|p2a: Hydrapple|69/100
|-damage|p1a: Samurott|84/100|[from] item: Rocky Helmet|[of] p2a: Hydrapple
|
|upkeep
|turn|19
|inactive|toumingmanga has 120 seconds left.
|
|t:|1758291862
|move|p1a: Samurott|Razor Shell|p2a: Hydrapple
|-damage|p2a: Hydrapple|39/100
|-unboost|p2a: Hydrapple|def|1
|-damage|p1a: Samurott|68/100|[from] item: Rocky Helmet|[of] p2a: Hydrapple
|move|p2a: Hydrapple|Nasty Plot|p2a: Hydrapple
|-boost|p2a: Hydrapple|spa|2
|
|-sideend|p1: toumingmanga|move: Aurora Veil
|upkeep
|turn|20
|
|t:|1758291871
|move|p1a: Samurott|Razor Shell|p2a: Hydrapple
|-damage|p2a: Hydrapple|0 fnt
|-damage|p1a: Samurott|51/100|[from] item: Rocky Helmet|[of] p2a: Hydrapple
|faint|p2a: Hydrapple
|
|upkeep
|
|t:|1758291879
|switch|p2a: Keldeo|Keldeo-Resolute|100/100
|turn|21
|
|t:|1758291888
|switch|p1a: Clodsire|Clodsire, M|100/100
|move|p2a: Keldeo|Secret Sword|p1a: Clodsire
|-resisted|p1a: Clodsire
|-damage|p1a: Clodsire|78/100
|
|-heal|p1a: Clodsire|84/100|[from] item: Leftovers
|upkeep
|turn|22
|
|t:|1758291899
|switch|p2a: Excadrill|Excadrill, F|100/100
|-item|p2a: Excadrill|Air Balloon
|move|p1a: Clodsire|Stealth Rock|p2a: Excadrill
|-sidestart|p2: nina guitar|move: Stealth Rock
|
|-heal|p1a: Clodsire|90/100|[from] item: Leftovers
|upkeep
|turn|23
|
|t:|1758291913
|switch|p1a: Thwackey|Thwackey, F|100/100
|-fieldstart|move: Grassy Terrain|[from] ability: Grassy Surge|[of] p1a: Thwackey
|move|p2a: Excadrill|Rapid Spin|p1a: Thwackey
|-damage|p1a: Thwackey|88/100
|-boost|p2a: Excadrill|spe|1
|-sideend|p2: nina guitar|Stealth Rock|[from] move: Rapid Spin|[of] p2a: Excadrill
|
|-heal|p1a: Thwackey|94/100|[from] Grassy Terrain
|upkeep
|turn|24
|
|t:|1758291926
|switch|p2a: Tornadus|Tornadus-Therian, M|100/100 tox
|move|p1a: Thwackey|Leech Seed|p2a: Tornadus
|-start|p2a: Tornadus|move: Leech Seed
|
|-heal|p1a: Thwackey|99/100|[from] Grassy Terrain
|-damage|p2a: Tornadus|88/100 tox|[from] Leech Seed|[of] p1a: Thwackey
|-heal|p1a: Thwackey|100/100|[silent]
|-damage|p2a: Tornadus|82/100 tox|[from] psn
|upkeep
|turn|25
|
|t:|1758291946
|move|p2a: Tornadus|Heat Wave|p1a: Thwackey
|-supereffective|p1a: Thwackey
|-damage|p1a: Thwackey|54/100
|move|p1a: Thwackey|Knock Off|p2a: Tornadus
|-damage|p2a: Tornadus|62/100 tox
|-enditem|p2a: Tornadus|Heavy-Duty Boots|[from] move: Knock Off|[of] p1a: Thwackey
|
|-heal|p1a: Thwackey|60/100|[from] Grassy Terrain
|-damage|p2a: Tornadus|49/100 tox|[from] Leech Seed|[of] p1a: Thwackey
|-heal|p1a: Thwackey|73/100|[silent]
|-damage|p2a: Tornadus|37/100 tox|[from] psn
|upkeep
|turn|26
|
|t:|1758291959
|move|p2a: Tornadus|U-turn|p1a: Thwackey
|-supereffective|p1a: Thwackey
|-damage|p1a: Thwackey|56/100
|
|t:|1758291964
|switch|p2a: Heatran|Heatran, M|28/100|[from] U-turn
|move|p1a: Thwackey|Knock Off|p2a: Heatran
|-damage|p2a: Heatran|10/100
|-enditem|p2a: Heatran|Leftovers|[from] move: Knock Off|[of] p1a: Thwackey
|
|-heal|p2a: Heatran|17/100|[from] Grassy Terrain
|-heal|p1a: Thwackey|62/100|[from] Grassy Terrain
|upkeep
|turn|27
|
|t:|1758291978
|switch|p1a: Clodsire|Clodsire, M|90/100
|move|p2a: Heatran|Magma Storm|p1a: Clodsire
|-damage|p1a: Clodsire|59/100
|-activate|p1a: Clodsire|move: Magma Storm|[of] p2a: Heatran
|
|-heal|p2a: Heatran|23/100|[from] Grassy Terrain
|-heal|p1a: Clodsire|65/100|[from] Grassy Terrain
|-heal|p1a: Clodsire|72/100|[from] item: Leftovers
|-damage|p1a: Clodsire|59/100|[from] move: Magma Storm|[partiallytrapped]
|-fieldend|move: Grassy Terrain
|upkeep
|turn|28
|
|t:|1758291996
|switch|p2a: Tornadus|Tornadus-Therian, M|70/100 tox
|move|p1a: Clodsire|Recover|p1a: Clodsire
|-heal|p1a: Clodsire|100/100
|
|-damage|p2a: Tornadus|64/100 tox|[from] psn
|-end|p1a: Clodsire|Magma Storm|[partiallytrapped]|[silent]
|upkeep
|turn|29
|
|t:|1758292005
|move|p2a: Tornadus|Taunt|p1a: Clodsire
|-start|p1a: Clodsire|move: Taunt
|cant|p1a: Clodsire|move: Taunt|Stealth Rock
|
|-damage|p2a: Tornadus|52/100 tox|[from] psn
|upkeep
|turn|30
|
|t:|1758292024
|switch|p1a: Thwackey|Thwackey, F|62/100
|-fieldstart|move: Grassy Terrain|[from] ability: Grassy Surge|[of] p1a: Thwackey
|move|p2a: Tornadus|U-turn|p1a: Thwackey
|-supereffective|p1a: Thwackey
|-damage|p1a: Thwackey|45/100
|
|t:|1758292036
|switch|p2a: Heatran|Heatran, M|23/100|[from] U-turn
|
|-heal|p2a: Heatran|29/100|[from] Grassy Terrain
|-heal|p1a: Thwackey|51/100|[from] Grassy Terrain
|upkeep
|turn|31
|
|t:|1758292064
|switch|p1a: Skeledirge|Skeledirge, F|100/100
|move|p2a: Heatran|Magma Storm|p1a: Skeledirge
|-resisted|p1a: Skeledirge
|-damage|p1a: Skeledirge|72/100
|-activate|p1a: Skeledirge|move: Magma Storm|[of] p2a: Heatran
|
|-heal|p1a: Skeledirge|78/100|[from] Grassy Terrain
|-heal|p2a: Heatran|35/100|[from] Grassy Terrain
|-damage|p1a: Skeledirge|66/100|[from] move: Magma Storm|[partiallytrapped]
|upkeep
|turn|32
|inactive|toumingmanga has 120 seconds left.
|
|t:|1758292084
|switch|p2a: Excadrill|Excadrill, F|100/100
|-item|p2a: Excadrill|Air Balloon
|move|p1a: Skeledirge|Shadow Ball|p2a: Excadrill
|-damage|p2a: Excadrill|55/100
|-enditem|p2a: Excadrill|Air Balloon
|
|-heal|p1a: Skeledirge|72/100|[from] Grassy Terrain
|-heal|p2a: Excadrill|61/100|[from] Grassy Terrain
|-end|p1a: Skeledirge|Magma Storm|[partiallytrapped]|[silent]
|upkeep
|turn|33
|inactive|toumingmanga has 120 seconds left.
|
|t:|1758292096
|move|p1a: Skeledirge|Shadow Ball|p2a: Excadrill
|-crit|p2a: Excadrill
|-damage|p2a: Excadrill|0 fnt
|faint|p2a: Excadrill
|
|-heal|p1a: Skeledirge|78/100|[from] Grassy Terrain
|upkeep
|
|t:|1758292099
|switch|p2a: Tyranitar|Tyranitar, M|100/100
|-weather|Sandstorm|[from] ability: Sand Stream|[of] p2a: Tyranitar
|turn|34
|inactive|toumingmanga has 120 seconds left.
|
|t:|1758292129
|switch|p1a: Clodsire|Clodsire, M|100/100
|move|p2a: Tyranitar|Low Kick|p1a: Clodsire
|-resisted|p1a: Clodsire
|-damage|p1a: Clodsire|74/100
|
|-weather|Sandstorm|[upkeep]
|-heal|p1a: Clodsire|81/100|[from] Grassy Terrain
|-heal|p1a: Clodsire|87/100|[from] item: Leftovers
|-fieldend|move: Grassy Terrain
|upkeep
|turn|35
|
|t:|1758292145
|switch|p2a: Tornadus|Tornadus-Therian, M|85/100 tox
|move|p1a: Clodsire|Earthquake|p2a: Tornadus
|-immune|p2a: Tornadus
|
|-weather|Sandstorm|[upkeep]
|-damage|p2a: Tornadus|79/100 tox|[from] Sandstorm
|-heal|p1a: Clodsire|93/100|[from] item: Leftovers
|-damage|p2a: Tornadus|73/100 tox|[from] psn
|upkeep
|turn|36
|inactive|toumingmanga has 90 seconds left.
|
|t:|1758292163
|switch|p1a: Skeledirge|Skeledirge, F|78/100
|move|p2a: Tornadus|Taunt|p1a: Skeledirge
|-start|p1a: Skeledirge|move: Taunt
|
|-weather|Sandstorm|[upkeep]
|-damage|p1a: Skeledirge|72/100|[from] Sandstorm
|-damage|p2a: Tornadus|67/100 tox|[from] Sandstorm
|-damage|p2a: Tornadus|55/100 tox|[from] psn
|upkeep
|turn|37
|inactive|toumingmanga has 90 seconds left.
|
|t:|1758292181
|move|p1a: Skeledirge|Torch Song|p2a: Tornadus
|-damage|p2a: Tornadus|16/100 tox
|-boost|p1a: Skeledirge|spa|1
|move|p2a: Tornadus|U-turn|p1a: Skeledirge
|-resisted|p1a: Skeledirge
|-damage|p1a: Skeledirge|68/100
|
|t:|1758292185
|switch|p2a: Tyranitar|Tyranitar, M|100/100|[from] U-turn
|
|-weather|Sandstorm|[upkeep]
|-damage|p1a: Skeledirge|62/100|[from] Sandstorm
|upkeep
|turn|38
|inactive|toumingmanga has 90 seconds left.
|
|t:|1758292208
|switch|p1a: Ninetales|Ninetales-Alola, F|100/100
|-weather|Snowscape|[from] ability: Snow Warning|[of] p1a: Ninetales
|move|p2a: Tyranitar|Knock Off|p1a: Ninetales
|-resisted|p1a: Ninetales
|-damage|p1a: Ninetales|78/100
|-enditem|p1a: Ninetales|Light Clay|[from] move: Knock Off|[of] p2a: Tyranitar
|
|-weather|Snowscape|[upkeep]
|upkeep
|turn|39
|
|t:|1758292235
|switch|p2a: Heatran|Heatran, M|35/100
|move|p1a: Ninetales|Encore||[still]
|-fail|p1a: Ninetales
|
|-weather|Snowscape|[upkeep]
|upkeep
|turn|40
|
|t:|1758292247
|move|p1a: Ninetales|Aurora Veil|p1a: Ninetales
|-sidestart|p1: toumingmanga|move: Aurora Veil
|move|p2a: Heatran|Magma Storm|p1a: Ninetales|[miss]
|-miss|p2a: Heatran|p1a: Ninetales
|
|-weather|Snowscape|[upkeep]
|upkeep
|turn|41
|
|t:|1758292261
|switch|p1a: Clodsire|Clodsire, M|93/100
|switch|p2a: Tyranitar|Tyranitar, M|100/100
|-weather|Sandstorm|[from] ability: Sand Stream|[of] p2a: Tyranitar
|
|-weather|Sandstorm|[upkeep]
|-heal|p1a: Clodsire|99/100|[from] item: Leftovers
|upkeep
|turn|42
|
|t:|1758292275
|switch|p2a: Tornadus|Tornadus-Therian, M|49/100 tox
|move|p1a: Clodsire|Earthquake|p2a: Tornadus
|-immune|p2a: Tornadus
|
|-weather|Sandstorm|[upkeep]
|-damage|p2a: Tornadus|43/100 tox|[from] Sandstorm
|-heal|p1a: Clodsire|100/100|[from] item: Leftovers
|-damage|p2a: Tornadus|37/100 tox|[from] psn
|upkeep
|turn|43
|
|t:|1758292287
|switch|p1a: Ninetales|Ninetales-Alola, F|78/100
|-weather|Snowscape|[from] ability: Snow Warning|[of] p1a: Ninetales
|move|p2a: Tornadus|Taunt|p1a: Ninetales
|-start|p1a: Ninetales|move: Taunt
|
|-weather|Snowscape|[upkeep]
|-damage|p2a: Tornadus|25/100 tox|[from] psn
|upkeep
|turn|44
|inactive|toumingmanga has 60 seconds left.
|
|t:|1758292303
|switch|p2a: Heatran|Heatran, M|35/100
|move|p1a: Ninetales|Moonblast|p2a: Heatran
|-resisted|p2a: Heatran
|-damage|p2a: Heatran|31/100
|
|-weather|Snowscape|[upkeep]
|-sideend|p1: toumingmanga|move: Aurora Veil
|upkeep
|turn|45
|inactive|toumingmanga has 60 seconds left.
|
|t:|1758292319
|switch|p1a: Skeledirge|Skeledirge, F|62/100
|move|p2a: Heatran|Magma Storm|p1a: Skeledirge
|-resisted|p1a: Skeledirge
|-damage|p1a: Skeledirge|35/100
|-activate|p1a: Skeledirge|move: Magma Storm|[of] p2a: Heatran
|
|-weather|Snowscape|[upkeep]
|-damage|p1a: Skeledirge|23/100|[from] move: Magma Storm|[partiallytrapped]
|upkeep
|turn|46
|inactive|toumingmanga has 60 seconds left.
|inactive|nina guitar has 120 seconds left.
|
|t:|1758292350
|switch|p2a: Tyranitar|Tyranitar, M|100/100
|-weather|Sandstorm|[from] ability: Sand Stream|[of] p2a: Tyranitar
|move|p1a: Skeledirge|Shadow Ball|p2a: Tyranitar
|-resisted|p2a: Tyranitar
|-damage|p2a: Tyranitar|88/100
|
|-weather|Sandstorm|[upkeep]
|-damage|p1a: Skeledirge|17/100|[from] Sandstorm
|-end|p1a: Skeledirge|Magma Storm|[partiallytrapped]|[silent]
|upkeep
|turn|47
|inactive|nina guitar has 120 seconds left.
|
|t:|1758292367
|switch|p1a: Ninetales|Ninetales-Alola, F|78/100
|-weather|Snowscape|[from] ability: Snow Warning|[of] p1a: Ninetales
|move|p2a: Tyranitar|Ice Punch|p1a: Ninetales
|-resisted|p1a: Ninetales
|-damage|p1a: Ninetales|66/100
|
|-weather|Snowscape|[upkeep]
|upkeep
|turn|48
|
|t:|1758292382
|switch|p2a: Heatran|Heatran, M|31/100
|move|p1a: Ninetales|Aurora Veil|p1a: Ninetales
|-sidestart|p1: toumingmanga|move: Aurora Veil
|
|-weather|Snowscape|[upkeep]
|upkeep
|turn|49
|
|t:|1758292389
|switch|p1a: Samurott|Samurott-Hisui, F|51/100
|move|p2a: Heatran|Magma Storm|p1a: Samurott
|-resisted|p1a: Samurott
|-damage|p1a: Samurott|41/100
|-activate|p1a: Samurott|move: Magma Storm|[of] p2a: Heatran
|
|-weather|Snowscape|[upkeep]
|-damage|p1a: Samurott|28/100|[from] move: Magma Storm|[partiallytrapped]
|upkeep
|turn|50
|
|t:|1758292405
|switch|p2a: Keldeo|Keldeo-Resolute|100/100
|move|p1a: Samurott|Ceaseless Edge|p2a: Keldeo|[miss]
|-miss|p1a: Samurott|p2a: Keldeo
|
|-weather|Snowscape|[upkeep]
|-end|p1a: Samurott|Magma Storm|[partiallytrapped]|[silent]
|upkeep
|turn|51
|
|t:|1758292418
|switch|p1a: Clodsire|Clodsire, M|100/100
|move|p2a: Keldeo|Secret Sword|p1a: Clodsire
|-resisted|p1a: Clodsire
|-damage|p1a: Clodsire|89/100
|
|-weather|none
|-heal|p1a: Clodsire|96/100|[from] item: Leftovers
|upkeep
|turn|52
|
|t:|1758292427
|switch|p2a: Tornadus|Tornadus-Therian, M|58/100 tox
|move|p1a: Clodsire|Stealth Rock|p2a: Tornadus
|-sidestart|p2: nina guitar|move: Stealth Rock
|
|-heal|p1a: Clodsire|100/100|[from] item: Leftovers
|-damage|p2a: Tornadus|52/100 tox|[from] psn
|-sideend|p1: toumingmanga|move: Aurora Veil
|upkeep
|turn|53
|
|t:|1758292444
|move|p2a: Tornadus|Heat Wave|p1a: Clodsire
|-damage|p1a: Clodsire|82/100
|move|p1a: Clodsire|Stealth Rock||[still]
|-fail|p1a: Clodsire
|
|-heal|p1a: Clodsire|89/100|[from] item: Leftovers
|-damage|p2a: Tornadus|40/100 tox|[from] psn
|upkeep
|turn|54
|
|t:|1758292453
|move|p2a: Tornadus|Taunt|p1a: Clodsire
|-start|p1a: Clodsire|move: Taunt
|cant|p1a: Clodsire|move: Taunt|Stealth Rock
|
|-heal|p1a: Clodsire|95/100|[from] item: Leftovers
|-damage|p2a: Tornadus|21/100 tox|[from] psn
|upkeep
|turn|55
|
|t:|1758292471
|move|p2a: Tornadus|U-turn|p1a: Clodsire
|-resisted|p1a: Clodsire
|-damage|p1a: Clodsire|89/100
|
|t:|1758292483
|switch|p2a: Tyranitar|Tyranitar, M|88/100|[from] U-turn
|-damage|p2a: Tyranitar|76/100|[from] Stealth Rock
|-weather|Sandstorm|[from] ability: Sand Stream|[of] p2a: Tyranitar
|move|p1a: Clodsire|Earthquake|p2a: Tyranitar
|-supereffective|p2a: Tyranitar
|-damage|p2a: Tyranitar|24/100
|
|-weather|Sandstorm|[upkeep]
|-heal|p1a: Clodsire|96/100|[from] item: Leftovers
|upkeep
|turn|56
|
|t:|1758292500
|move|p2a: Tyranitar|Low Kick|p1a: Clodsire
|-resisted|p1a: Clodsire
|-damage|p1a: Clodsire|70/100
|move|p1a: Clodsire|Earthquake|p2a: Tyranitar
|-supereffective|p2a: Tyranitar
|-damage|p2a: Tyranitar|0 fnt
|faint|p2a: Tyranitar
|
|-weather|Sandstorm|[upkeep]
|-heal|p1a: Clodsire|77/100|[from] item: Leftovers
|-end|p1a: Clodsire|move: Taunt
|upkeep
|
|t:|1758292502
|switch|p2a: Keldeo|Keldeo-Resolute|100/100
|-damage|p2a: Keldeo|94/100|[from] Stealth Rock
|turn|57
|inactive|toumingmanga has 60 seconds left.
|
|t:|1758292521
|move|p2a: Keldeo|Secret Sword|p1a: Clodsire
|-resisted|p1a: Clodsire
|-damage|p1a: Clodsire|54/100
|move|p1a: Clodsire|Recover|p1a: Clodsire
|-heal|p1a: Clodsire|100/100
|
|-weather|Sandstorm|[upkeep]
|-damage|p2a: Keldeo|88/100|[from] Sandstorm
|upkeep
|turn|58
|-message|nina guitar forfeited.
|
|win|toumingmanga
|raw|toumingmanga's rating: 1233 &rarr; <strong>1258</strong><br />(+25 for winning)
|raw|nina guitar's rating: 1228 &rarr; <strong>1203</strong><br />(-25 for losing)
|l|☆nina guitar
|player|p2|
