|j|☆Nino's Strongest
|j|☆z'zargo
|t:|1758321108
|gametype|singles
|player|p1|Nino's Strongest|steven|1154
|player|p2|z'zargo|1|1175
|gen|9
|tier|[Gen 9] OU
|rated|
|rule|HP Percentage Mod: HP is shown in percentages
|rule|Endless Battle Clause: Forcing endless battles is banned
|rule|Species Clause: Limit one of each Pokémon
|rule|OHKO Clause: OHKO moves are banned
|rule|Evasion Items Clause: Evasion items are banned
|rule|Evasion Moves Clause: Evasion moves are banned
|rule|Evasion Abilities Clause: Evasion abilities are banned
|rule|Sleep Moves Clause: Sleep-inducing moves are banned
|clearpoke
|poke|p1|Indeedee, M|
|poke|p1|Hatterene, F|
|poke|p1|Ursaluna, F|
|poke|p1|Iron Hands|
|poke|p1|Hoopa-Unbound|
|poke|p1|Mimikyu, F|
|poke|p2|Dragapult, F|
|poke|p2|Murkrow, F|
|poke|p2|Garchomp, M|
|poke|p2|Bisharp, M|
|poke|p2|Swampert, M|
|poke|p2|Gengar, M|
|teampreview
|
|t:|1758321126
|teamsize|p1|6
|teamsize|p2|6
|start
|switch|p1a: LEBRON|Iron Hands, shiny|100/100
|switch|p2a: Garchomp|Garchomp, M|100/100
|-enditem|p1a: LEBRON|Booster Energy
|-activate|p1a: LEBRON|ability: Quark Drive|[fromitem]
|-start|p1a: LEBRON|quarkdriveatk
|turn|1
|
|t:|1758321167
|move|p2a: Garchomp|Swords Dance|p2a: Garchomp
|-boost|p2a: Garchomp|atk|2
|move|p1a: LEBRON|Ice Punch|p2a: Garchomp
|-supereffective|p2a: Garchomp
|-damage|p2a: Garchomp|0 fnt
|-damage|p1a: LEBRON|88/100|[from] ability: Rough Skin|[of] p2a: Garchomp
|faint|p2a: Garchomp
|
|upkeep
|
|t:|1758321189
|switch|p2a: Gengar|Gengar, M|100/100
|turn|2
|inactive|Battle timer is ON: inactive players will automatically lose when time's up. (requested by z'zargo)
|
|t:|1758321216
|move|p2a: Gengar|Shadow Ball|p1a: LEBRON
|-damage|p1a: LEBRON|54/100
|move|p1a: LEBRON|Heavy Slam|p2a: Gengar
|-damage|p2a: Gengar|0 fnt
|faint|p2a: Gengar
|
|upkeep
|
|t:|1758321226
|switch|p2a: Dragapult|Dragapult, F|100/100
|turn|3
|
|t:|1758321238
|-terastallize|p2a: Dragapult|Steel
|move|p2a: Dragapult|Dragon Dance|p2a: Dragapult
|-boost|p2a: Dragapult|atk|1
|-boost|p2a: Dragapult|spe|1
|move|p1a: LEBRON|Heavy Slam|p2a: Dragapult
|-resisted|p2a: Dragapult
|-damage|p2a: Dragapult|59/100
|
|upkeep
|turn|4
|
|t:|1758321256
|switch|p2a: Murkrow|Murkrow, F|100/100
|move|p1a: LEBRON|Close Combat|p2a: Murkrow
|-damage|p2a: Murkrow|0 fnt
|-unboost|p1a: LEBRON|def|1
|-unboost|p1a: LEBRON|spd|1
|faint|p2a: Murkrow
|
|upkeep
|
|t:|1758321263
|switch|p2a: Dragapult|Dragapult, F, tera:Steel|59/100
|turn|5
|c|☆Nino's Strongest|lebron pogging out rn
|
|t:|1758321272
|-end|p1a: LEBRON|Quark Drive|[silent]
|switch|p1a: Mimi|Mimikyu, F, shiny|100/100
|move|p2a: Dragapult|Dragon Darts|p1a: Mimi
|-immune|p1a: Mimi
|
|upkeep
|turn|6
|
|t:|1758321280
|switch|p2a: Swampert|Swampert, M|100/100
|move|p1a: Mimi|Trick Room|p1a: Mimi
|-fieldstart|move: Trick Room|[of] p1a: Mimi
|
|upkeep
|turn|7
|
|t:|1758321300
|move|p2a: Swampert|Waterfall|p1a: Mimi
|-activate|p1a: Mimi|ability: Disguise
|-damage|p1a: Mimi|100/100
|detailschange|p1a: Mimi|Mimikyu-Busted, F, shiny
|-damage|p1a: Mimi|88/100|[from] pokemon: Mimikyu-Busted
|-enditem|p1a: Mimi|Red Card|[of] p2a: Swampert
|drag|p2a: Dragapult|Dragapult, F, tera:Steel|59/100
|cant|p1a: Mimi|flinch
|
|upkeep
|turn|8
|
|t:|1758321314
|move|p1a: Mimi|Destiny Bond|p1a: Mimi
|-singlemove|p1a: Mimi|Destiny Bond
|move|p2a: Dragapult|Phantom Force||[still]
|-prepare|p2a: Dragapult|Phantom Force
|
|upkeep
|turn|9
|
|t:|1758321319
|move|p1a: Mimi|Destiny Bond||[still]
|-fail|p1a: Mimi
|move|p2a: Dragapult|Phantom Force|p1a: Mimi|[from] lockedmove
|-supereffective|p1a: Mimi
|-damage|p1a: Mimi|8/100
|
|upkeep
|turn|10
|
|t:|1758321331
|move|p1a: Mimi|Destiny Bond|p1a: Mimi
|-singlemove|p1a: Mimi|Destiny Bond
|move|p2a: Dragapult|Phantom Force||[still]
|-prepare|p2a: Dragapult|Phantom Force
|
|-fieldend|move: Trick Room
|upkeep
|turn|11
|
|t:|1758321336
|move|p2a: Dragapult|Phantom Force|p1a: Mimi|[from] lockedmove
|-supereffective|p1a: Mimi
|-damage|p1a: Mimi|0 fnt
|faint|p1a: Mimi
|-activate|p1a: Mimi|move: Destiny Bond
|faint|p2a: Dragapult
|
|upkeep
|
|t:|1758321352
|switch|p2a: Swampert|Swampert, M|100/100
|switch|p1a: mental damage|Indeedee, M, shiny|100/100
|-fieldstart|move: Psychic Terrain|[from] ability: Psychic Surge|[of] p1a: mental damage
|turn|12
|
|t:|1758321365
|move|p1a: mental damage|Encore||[still]
|-fail|p1a: mental damage
|move|p2a: Swampert|Waterfall|p1a: mental damage
|-damage|p1a: mental damage|52/100
|
|upkeep
|turn|13
|
|t:|1758321372
|move|p1a: mental damage|Healing Wish|p1a: mental damage
|faint|p1a: mental damage
|move|p2a: Swampert|Waterfall|p1: mental damage|[notarget]
|-fail|p2a: Swampert
|
|upkeep
|
|t:|1758321376
|switch|p1a: LEBRON|Iron Hands, shiny|54/100
|-heal|p1a: LEBRON|100/100|[from] move: Healing Wish
|turn|14
|
|t:|1758321393
|-terastallize|p1a: LEBRON|Flying
|move|p1a: LEBRON|Supercell Slam|p2a: Swampert
|-immune|p2a: Swampert
|-damage|p1a: LEBRON|50/100|[from] supercellslam
|move|p2a: Swampert|Avalanche|p1a: LEBRON
|-supereffective|p1a: LEBRON
|-crit|p1a: LEBRON
|-damage|p1a: LEBRON|8/100
|
|upkeep
|turn|15
|
|t:|1758321404
|move|p1a: LEBRON|Ice Punch|p2a: Swampert
|-damage|p2a: Swampert|71/100
|move|p2a: Swampert|Avalanche|p1a: LEBRON
|-supereffective|p1a: LEBRON
|-damage|p1a: LEBRON|0 fnt
|faint|p1a: LEBRON
|-end|p1a: LEBRON|Quark Drive|[silent]
|
|upkeep
|
|t:|1758321412
|switch|p1a: King Von|Hoopa-Unbound|100/100
|-enditem|p1a: King Von|Psychic Seed
|-boost|p1a: King Von|spd|1|[from] item: Psychic Seed
|turn|16
|
|t:|1758321420
|move|p2a: Swampert|Waterfall|p1a: King Von
|-crit|p1a: King Von
|-damage|p1a: King Von|36/100
|move|p1a: King Von|Trick Room|p1a: King Von
|-fieldstart|move: Trick Room|[of] p1a: King Von
|
|upkeep
|turn|17
|
|t:|1758321438
|move|p1a: King Von|Expanding Force|p2a: Swampert
|-damage|p2a: Swampert|15/100
|-item|p1a: King Von|Assault Vest|[from] ability: Magician|[of] p2a: Swampert
|move|p2a: Swampert|Waterfall|p1a: King Von
|-damage|p1a: King Von|0 fnt
|faint|p1a: King Von
|
|upkeep
|
|t:|1758321450
|switch|p1a: Slimey|Hatterene, F, shiny|100/100
|turn|18
|
|t:|1758321456
|move|p1a: Slimey|Expanding Force|p2a: Swampert
|-damage|p2a: Swampert|0 fnt
|faint|p2a: Swampert
|-damage|p1a: Slimey|91/100|[from] item: Life Orb
|
|upkeep
|
|t:|1758321461
|switch|p2a: Bisharp|Bisharp, M|100/100
|turn|19
|
|t:|1758321466
|move|p1a: Slimey|Expanding Force|p2a: Bisharp
|-immune|p2a: Bisharp
|move|p2a: Bisharp|Swords Dance|p2a: Bisharp
|-boost|p2a: Bisharp|atk|2
|
|-fieldend|move: Psychic Terrain
|upkeep
|turn|20
|
|t:|1758321476
|move|p1a: Slimey|Draining Kiss|p2a: Bisharp
|-damage|p2a: Bisharp|32/100
|-heal|p1a: Slimey|100/100|[from] drain|[of] p2a: Bisharp
|-damage|p1a: Slimey|91/100|[from] item: Life Orb
|move|p2a: Bisharp|Iron Head|p1a: Slimey
|-supereffective|p1a: Slimey
|-damage|p1a: Slimey|0 fnt
|faint|p1a: Slimey
|-damage|p2a: Bisharp|22/100|[from] item: Life Orb
|
|-fieldend|move: Trick Room
|upkeep
|
|t:|1758321486
|switch|p1a: Crashout YN|Ursaluna, F, shiny|100/100
|turn|21
|
|t:|1758321507
|move|p2a: Bisharp|Brick Break|p1a: Crashout YN
|-supereffective|p1a: Crashout YN
|-damage|p1a: Crashout YN|2/100
|-damage|p2a: Bisharp|12/100|[from] item: Life Orb
|move|p1a: Crashout YN|Supercell Slam|p2a: Bisharp
|-damage|p2a: Bisharp|0 fnt
|faint|p2a: Bisharp
|
|win|Nino's Strongest
|raw|Nino&apos;s Strongest's rating: 1154 &rarr; <strong>1181</strong><br />(+27 for winning)
|raw|z&apos;zargo's rating: 1175 &rarr; <strong>1148</strong><br />(-27 for losing)
|c|☆Nino's Strongest|wow
|l|☆z'zargo
|player|p2|
|c|☆Nino's Strongest|gg
|l|☆Nino's Strongest
|player|p1|
