|j|☆guerrero105
|j|☆uber-mom
|t:|1758252373
|gametype|singles
|player|p1|guerrero105|170|1427
|player|p2|uber-mom|lucas|1564
|gen|9
|tier|[Gen 9] OU
|rated|
|rule|HP Percentage Mod: HP is shown in percentages
|rule|Endless Battle Clause: Forcing endless battles is banned
|rule|Species Clause: Limit one of each Pokémon
|rule|OHKO Clause: OHKO moves are banned
|rule|Evasion Items Clause: Evasion items are banned
|rule|Evasion Moves Clause: Evasion moves are banned
|rule|Evasion Abilities Clause: Evasion abilities are banned
|rule|Sleep Moves Clause: Sleep-inducing moves are banned
|clearpoke
|poke|p1|Clodsire, M|
|poke|p1|Mandibuzz, F|
|poke|p1|Sinistcha-Masterpiece|
|poke|p1|Cinderace, M|
|poke|p1|Tauros-Paldea-Aqua, M|
|poke|p1|Tinkaton, F|
|poke|p2|Indeedee, M|
|poke|p2|Hatterene, F|
|poke|p2|Ursaluna, M|
|poke|p2|Iron Hands|
|poke|p2|Hoopa-Unbound|
|poke|p2|Mimikyu, M|
|teampreview
|inactive|Battle timer is ON: inactive players will automatically lose when time's up. (requested by uber-mom)
|inactive|guerrero105 has 120 seconds left.
|inactive|uber-mom has 120 seconds left.
|
|t:|1758252412
|teamsize|p1|6
|teamsize|p2|6
|start
|switch|p1a: Tauros|Tauros-Paldea-Aqua, M|100/100
|switch|p2a: Ronove|Indeedee, M|100/100
|-ability|p1a: Tauros|Intimidate|boost
|-unboost|p2a: Ronove|atk|1
|-fieldstart|move: Psychic Terrain|[from] ability: Psychic Surge|[of] p2a: Ronove
|turn|1
|
|t:|1758252440
|switch|p1a: Mandibuzz|Mandibuzz, F|100/100
|move|p2a: Ronove|Trick Room|p2a: Ronove
|-fieldstart|move: Trick Room|[of] p2a: Ronove
|
|upkeep
|turn|2
|
|t:|1758252450
|switch|p2a: Dlanor|Iron Hands|100/100
|-enditem|p2a: Dlanor|Booster Energy
|-activate|p2a: Dlanor|ability: Quark Drive|[fromitem]
|-start|p2a: Dlanor|quarkdriveatk
|move|p1a: Mandibuzz|U-turn|p2a: Dlanor
|-resisted|p2a: Dlanor
|-damage|p2a: Dlanor|96/100
|
|t:|1758252459
|switch|p1a: Tauros|Tauros-Paldea-Aqua, M|100/100|[from] U-turn
|-ability|p1a: Tauros|Intimidate|boost
|-unboost|p2a: Dlanor|atk|1
|
|upkeep
|turn|3
|
|t:|1758252466
|switch|p1a: Clodsire|Clodsire, M|100/100
|move|p2a: Dlanor|Supercell Slam|p1a: Clodsire
|-immune|p1a: Clodsire
|-damage|p2a: Dlanor|46/100|[from] supercellslam
|
|upkeep
|turn|4
|
|t:|1758252475
|-end|p2a: Dlanor|Quark Drive|[silent]
|switch|p2a: Battler|Ursaluna, M, shiny|100/100
|move|p1a: Clodsire|Earthquake|p2a: Battler
|-damage|p2a: Battler|80/100
|
|-status|p2a: Battler|brn|[from] item: Flame Orb
|upkeep
|turn|5
|
|t:|1758252503
|move|p1a: Clodsire|Earthquake|p2a: Battler
|-damage|p2a: Battler|61/100 brn
|move|p2a: Battler|Ice Punch|p1a: Clodsire
|-supereffective|p1a: Clodsire
|-damage|p1a: Clodsire|1/100
|
|-heal|p1a: Clodsire|7/100|[from] item: Leftovers
|-damage|p2a: Battler|54/100 brn|[from] brn
|-fieldend|move: Trick Room
|upkeep
|turn|6
|
|t:|1758252522
|switch|p1a: Tauros|Tauros-Paldea-Aqua, M|100/100
|-ability|p1a: Tauros|Intimidate|boost
|-unboost|p2a: Battler|atk|1
|move|p2a: Battler|Ice Punch|p1a: Tauros
|-resisted|p1a: Tauros
|-damage|p1a: Tauros|87/100
|
|-heal|p1a: Tauros|93/100|[from] item: Leftovers
|-damage|p2a: Battler|48/100 brn|[from] brn
|upkeep
|turn|7
|
|t:|1758252534
|switch|p2a: Dlanor|Iron Hands|46/100
|move|p1a: Tauros|Wave Crash|p2a: Dlanor
|-damage|p2a: Dlanor|14/100
|-damage|p1a: Tauros|78/100|[from] Recoil
|
|-heal|p1a: Tauros|84/100|[from] item: Leftovers
|upkeep
|turn|8
|inactive|guerrero105 has 120 seconds left.
|
|t:|1758252554
|move|p1a: Tauros|Wave Crash|p2a: Dlanor
|-damage|p2a: Dlanor|0 fnt
|faint|p2a: Dlanor
|-end|p2a: Dlanor|Quark Drive|[silent]
|-damage|p1a: Tauros|78/100|[from] Recoil
|
|-heal|p1a: Tauros|84/100|[from] item: Leftovers
|-fieldend|move: Psychic Terrain
|upkeep
|
|t:|1758252561
|switch|p2a: Ronove|Indeedee, M|100/100
|-fieldstart|move: Psychic Terrain|[from] ability: Psychic Surge|[of] p2a: Ronove
|turn|9
|inactive|guerrero105 has 120 seconds left.
|
|t:|1758252596
|switch|p1a: Mandibuzz|Mandibuzz, F|100/100
|move|p2a: Ronove|Trick Room|p2a: Ronove
|-fieldstart|move: Trick Room|[of] p2a: Ronove
|
|upkeep
|turn|10
|
|t:|1758252619
|switch|p2a: Battler|Ursaluna, M, shiny|48/100 brn
|move|p1a: Mandibuzz|U-turn|p2a: Battler
|-damage|p2a: Battler|40/100 brn
|
|t:|1758252626
|switch|p1a: Tauros|Tauros-Paldea-Aqua, M|84/100|[from] U-turn
|-ability|p1a: Tauros|Intimidate|boost
|-unboost|p2a: Battler|atk|1
|
|-heal|p1a: Tauros|90/100|[from] item: Leftovers
|-damage|p2a: Battler|34/100 brn|[from] brn
|upkeep
|turn|11
|
|t:|1758252639
|switch|p1a: Mandibuzz|Mandibuzz, F|100/100
|move|p2a: Battler|Facade|p1a: Mandibuzz
|-damage|p1a: Mandibuzz|55/100
|
|-damage|p2a: Battler|28/100 brn|[from] brn
|upkeep
|turn|12
|
|t:|1758252654
|move|p2a: Battler|Facade|p1a: Mandibuzz
|-damage|p1a: Mandibuzz|9/100
|move|p1a: Mandibuzz|Roost|p1a: Mandibuzz
|-heal|p1a: Mandibuzz|59/100
|-singleturn|p1a: Mandibuzz|move: Roost
|
|-damage|p2a: Battler|22/100 brn|[from] brn
|upkeep
|turn|13
|
|t:|1758252668
|-terastallize|p2a: Battler|Normal
|move|p2a: Battler|Facade|p1a: Mandibuzz
|-damage|p1a: Mandibuzz|0 fnt
|faint|p1a: Mandibuzz
|
|-damage|p2a: Battler|16/100 brn|[from] brn
|-fieldend|move: Trick Room
|upkeep
|
|t:|1758252680
|switch|p1a: Tauros|Tauros-Paldea-Aqua, M|90/100
|-ability|p1a: Tauros|Intimidate|boost
|-unboost|p2a: Battler|atk|1
|turn|14
|
|t:|1758252685
|switch|p2a: Sakutaro|Mimikyu, M|100/100
|move|p1a: Tauros|Bulk Up|p1a: Tauros
|-boost|p1a: Tauros|atk|1
|-boost|p1a: Tauros|def|1
|
|-heal|p1a: Tauros|96/100|[from] item: Leftovers
|upkeep
|turn|15
|
|t:|1758252689
|move|p1a: Tauros|Trailblaze|p2a: Sakutaro
|-activate|p2a: Sakutaro|ability: Disguise
|-damage|p2a: Sakutaro|100/100
|-boost|p1a: Tauros|spe|1
|detailschange|p2a: Sakutaro|Mimikyu-Busted, M
|-damage|p2a: Sakutaro|88/100|[from] pokemon: Mimikyu-Busted
|-enditem|p2a: Sakutaro|Red Card|[of] p1a: Tauros
|drag|p1a: Sinistcha|Sinistcha-Masterpiece|100/100
|move|p2a: Sakutaro|Trick Room|p2a: Sakutaro
|-fieldstart|move: Trick Room|[of] p2a: Sakutaro
|
|upkeep
|turn|16
|inactive|guerrero105 has 120 seconds left.
|
|t:|1758252706
|switch|p1a: Clodsire|Clodsire, M|7/100
|move|p2a: Sakutaro|Curse|p1a: Clodsire
|-start|p1a: Clodsire|Curse|[of] p2a: Sakutaro
|-damage|p2a: Sakutaro|38/100
|
|-heal|p1a: Clodsire|13/100|[from] item: Leftovers
|-damage|p1a: Clodsire|0 fnt|[from] Curse
|faint|p1a: Clodsire
|-fieldend|move: Psychic Terrain
|upkeep
|
|t:|1758252718
|switch|p1a: Cinderace|Cinderace, M|100/100
|turn|17
|
|t:|1758252724
|move|p2a: Sakutaro|Destiny Bond|p2a: Sakutaro
|-singlemove|p2a: Sakutaro|Destiny Bond
|move|p1a: Cinderace|Pyro Ball|p2a: Sakutaro
|-damage|p2a: Sakutaro|0 fnt
|faint|p2a: Sakutaro
|-activate|p2a: Sakutaro|move: Destiny Bond
|faint|p1a: Cinderace
|
|upkeep
|inactive|guerrero105 has 120 seconds left.
|
|t:|1758252750
|switch|p2a: Ronove|Indeedee, M|100/100
|switch|p1a: Tauros|Tauros-Paldea-Aqua, M|96/100
|-fieldstart|move: Psychic Terrain|[from] ability: Psychic Surge|[of] p2a: Ronove
|-ability|p1a: Tauros|Intimidate|boost
|-unboost|p2a: Ronove|atk|1
|turn|18
|
|t:|1758252760
|switch|p1a: Tinkaton|Tinkaton, F|100/100
|-ability|p1a: Tinkaton|Mold Breaker
|-item|p1a: Tinkaton|Air Balloon
|move|p2a: Ronove|Healing Wish|p2a: Ronove
|faint|p2a: Ronove
|
|upkeep
|
|t:|1758252763
|switch|p2a: Battler|Ursaluna, M, shiny, tera:Normal|16/100 brn
|-heal|p2a: Battler|100/100|[from] move: Healing Wish
|turn|19
|
|t:|1758252780
|move|p2a: Battler|Facade|p1a: Tinkaton
|-resisted|p1a: Tinkaton
|-damage|p1a: Tinkaton|61/100
|-enditem|p1a: Tinkaton|Air Balloon
|move|p1a: Tinkaton|Knock Off|p2a: Battler
|-damage|p2a: Battler|89/100
|-enditem|p2a: Battler|Flame Orb|[from] move: Knock Off|[of] p1a: Tinkaton
|
|-fieldend|move: Trick Room
|upkeep
|turn|20
|inactive|guerrero105 has 120 seconds left.
|
|t:|1758252800
|move|p1a: Tinkaton|Encore|p2a: Battler
|-start|p2a: Battler|Encore
|move|p2a: Battler|Facade|p1a: Tinkaton
|-resisted|p1a: Tinkaton
|-damage|p1a: Tinkaton|25/100
|
|upkeep
|turn|21
|inactive|guerrero105 has 120 seconds left.
|
|t:|1758252809
|switch|p1a: Sinistcha|Sinistcha-Masterpiece|100/100
|move|p2a: Battler|Facade|p1a: Sinistcha
|-immune|p1a: Sinistcha
|
|upkeep
|turn|22
|inactive|guerrero105 has 120 seconds left.
|
|t:|1758252822
|switch|p2a: Kinzo|Hoopa-Unbound|100/100
|-enditem|p2a: Kinzo|Psychic Seed
|-boost|p2a: Kinzo|spd|1|[from] item: Psychic Seed
|move|p1a: Sinistcha|Calm Mind|p1a: Sinistcha
|-boost|p1a: Sinistcha|spa|1
|-boost|p1a: Sinistcha|spd|1
|
|upkeep
|turn|23
|
|t:|1758252834
|-terastallize|p1a: Sinistcha|Poison
|move|p1a: Sinistcha|Strength Sap|p2a: Kinzo
|-unboost|p2a: Kinzo|atk|1
|move|p2a: Kinzo|Trick Room|p2a: Kinzo
|-fieldstart|move: Trick Room|[of] p2a: Kinzo
|
|upkeep
|turn|24
|c|☆uber-mom|gg
|
|t:|1758252843
|move|p2a: Kinzo|Expanding Force|p1a: Sinistcha
|-supereffective|p1a: Sinistcha
|-damage|p1a: Sinistcha|0 fnt
|faint|p1a: Sinistcha
|-item|p2a: Kinzo|Leftovers|[from] ability: Magician|[of] p1: Sinistcha
|
|upkeep
|
|t:|1758252847
|switch|p1a: Tinkaton|Tinkaton, F|25/100
|-ability|p1a: Tinkaton|Mold Breaker
|turn|25
|
|t:|1758252853
|move|p2a: Kinzo|Expanding Force|p1a: Tinkaton
|-resisted|p1a: Tinkaton
|-damage|p1a: Tinkaton|0 fnt
|faint|p1a: Tinkaton
|
|-fieldend|move: Psychic Terrain
|upkeep
|-message|guerrero105 forfeited.
|
|win|uber-mom
|raw|guerrero105's rating: 1427 &rarr; <strong>1415</strong><br />(-12 for losing)
|raw|uber-mom's rating: 1564 &rarr; <strong>1576</strong><br />(+12 for winning)
|l|☆guerrero105
|player|p1|
|l|☆uber-mom
|player|p2|
