|j|☆huida
|j|☆ay cheu
|t:|1758356576
|gametype|singles
|player|p1|huida|265|1471
|player|p2|ay cheu|riley|1498
|gen|9
|tier|[Gen 9] OU
|rated|
|rule|HP Percentage Mod: HP is shown in percentages
|rule|Endless Battle Clause: Forcing endless battles is banned
|rule|Species Clause: Limit one of each Pokémon
|rule|OHKO Clause: OHKO moves are banned
|rule|Evasion Items Clause: Evasion items are banned
|rule|Evasion Moves Clause: Evasion moves are banned
|rule|Evasion Abilities Clause: Evasion abilities are banned
|rule|Sleep Moves Clause: Sleep-inducing moves are banned
|clearpoke
|poke|p1|Darkrai|
|poke|p1|Slowking-Galar, M|
|poke|p1|Gliscor, F|
|poke|p1|Dragapult, F|
|poke|p1|Ogerpon-Wellspring, F|
|poke|p1|Cinderace, M|
|poke|p2|Arcanine-Hisui, M|
|poke|p2|Zapdos-Galar|
|poke|p2|Metagross|
|poke|p2|Milotic, F|
|poke|p2|Venusaur, F|
|poke|p2|Sandy Shocks|
|teampreview
|
|t:|1758356581
|teamsize|p1|6
|teamsize|p2|6
|start
|switch|p1a: Gliscor|Gliscor, F|100/100
|switch|p2a: 火|Zapdos-Galar|100/100
|turn|1
|inactive|Battle timer is ON: inactive players will automatically lose when time's up. (requested by ay cheu)
|
|t:|1758356605
|move|p1a: Gliscor|Protect|p1a: Gliscor
|-singleturn|p1a: Gliscor|Protect
|move|p2a: 火|Knock Off|p1a: Gliscor
|-activate|p1a: Gliscor|move: Protect
|
|-status|p1a: Gliscor|tox|[from] item: Toxic Orb
|upkeep
|turn|2
|
|t:|1758356612
|switch|p2a: Venusaur|Venusaur, F|100/100
|move|p1a: Gliscor|Knock Off|p2a: Venusaur
|-damage|p2a: Venusaur|83/100
|-enditem|p2a: Venusaur|Heavy-Duty Boots|[from] move: Knock Off|[of] p1a: Gliscor
|
|upkeep
|turn|3
|
|t:|1758356620
|switch|p1a: Slowking|Slowking-Galar, M|100/100
|move|p2a: Venusaur|Sunny Day|p2a: Venusaur
|-weather|SunnyDay
|
|-weather|SunnyDay|[upkeep]
|upkeep
|turn|4
|
|t:|1758356626
|switch|p2a: 灰灰|Arcanine-Hisui, M|100/100
|move|p1a: Slowking|Thunder Wave|p2a: 灰灰
|-status|p2a: 灰灰|par
|
|-weather|SunnyDay|[upkeep]
|upkeep
|turn|5
|
|t:|1758356648
|switch|p1a: Gliscor|Gliscor, F|100/100 tox
|move|p2a: 灰灰|Flare Blitz|p1a: Gliscor
|-damage|p1a: Gliscor|23/100 tox
|
|-weather|SunnyDay|[upkeep]
|-heal|p1a: Gliscor|35/100 tox|[from] ability: Poison Heal
|upkeep
|turn|6
|
|t:|1758356656
|switch|p2a: 火|Zapdos-Galar|100/100
|move|p1a: Gliscor|Earthquake|p2a: 火
|-immune|p2a: 火
|
|-weather|SunnyDay|[upkeep]
|-heal|p1a: Gliscor|48/100 tox|[from] ability: Poison Heal
|upkeep
|turn|7
|
|t:|1758356663
|move|p1a: Gliscor|Protect|p1a: Gliscor
|-singleturn|p1a: Gliscor|Protect
|move|p2a: 火|U-turn|p1a: Gliscor
|-activate|p1a: Gliscor|move: Protect
|
|-weather|none
|-heal|p1a: Gliscor|60/100 tox|[from] ability: Poison Heal
|upkeep
|turn|8
|
|t:|1758356674
|move|p2a: 火|U-turn|p1a: Gliscor
|-resisted|p1a: Gliscor
|-damage|p1a: Gliscor|53/100 tox
|
|t:|1758356678
|switch|p2a: Milotic|Milotic, F, shiny|100/100|[from] U-turn
|move|p1a: Gliscor|Knock Off|p2a: Milotic
|-damage|p2a: Milotic|77/100
|-enditem|p2a: Milotic|Leftovers|[from] move: Knock Off|[of] p1a: Gliscor
|
|-heal|p1a: Gliscor|66/100 tox|[from] ability: Poison Heal
|upkeep
|turn|9
|
|t:|1758356686
|switch|p1a: Slowking|Slowking-Galar, M|100/100
|move|p2a: Milotic|Recover|p2a: Milotic
|-heal|p2a: Milotic|100/100
|
|upkeep
|turn|10
|
|t:|1758356692
|move|p2a: Milotic|Flip Turn|p1a: Slowking
|-damage|p1a: Slowking|88/100
|
|t:|1758356695
|switch|p2a: Metagross|Metagross, shiny|100/100|[from] Flip Turn
|move|p1a: Slowking|Future Sight|p2a: Metagross
|-start|p1a: Slowking|move: Future Sight
|
|upkeep
|turn|11
|
|t:|1758356700
|switch|p1a: Cinderace|Cinderace, M|100/100
|move|p2a: Metagross|Stealth Rock|p1a: Cinderace
|-sidestart|p1: huida|move: Stealth Rock
|
|upkeep
|turn|12
|
|t:|1758356712
|move|p1a: Cinderace|Pyro Ball|p2a: Metagross
|-supereffective|p2a: Metagross
|-crit|p2a: Metagross
|-damage|p2a: Metagross|0 fnt
|faint|p2a: Metagross
|
|-hint|Future Sight did not hit because the target is fainted.
|upkeep
|-message|ay cheu forfeited.
|
|win|huida
|raw|huida's rating: 1471 &rarr; <strong>1493</strong><br />(+22 for winning)
|raw|ay cheu's rating: 1498 &rarr; <strong>1476</strong><br />(-22 for losing)
|l|☆ay cheu
|player|p2|
|l|☆huida
|player|p1|
