|j|☆NeWtOx15
|j|☆full-doc
|t:|1758265858
|gametype|singles
|player|p1|NeWtOx15|roughneck|1327
|player|p2|full-doc|scientistf|1320
|gen|9
|tier|[Gen 9] OU
|rated|
|rule|HP Percentage Mod: HP is shown in percentages
|rule|Endless Battle Clause: Forcing endless battles is banned
|rule|Species Clause: Limit one of each Pokémon
|rule|OHKO Clause: OHKO moves are banned
|rule|Evasion Items Clause: Evasion items are banned
|rule|Evasion Moves Clause: Evasion moves are banned
|rule|Evasion Abilities Clause: Evasion abilities are banned
|rule|Sleep Moves Clause: Sleep-inducing moves are banned
|clearpoke
|poke|p1|Ribombee, F|
|poke|p1|Great Tusk|
|poke|p1|Landorus-Therian, M|
|poke|p1|Kingambit, F|
|poke|p1|Ogerpon-Wellspring, F|
|poke|p1|Dragapult, F|
|poke|p2|Grimmsnarl, M|
|poke|p2|Lilligant-Hisui, F|
|poke|p2|Ceruledge, F|
|poke|p2|Dragonite, F|
|poke|p2|Ninetales, M|
|poke|p2|Walking Wake|
|teampreview
|
|t:|1758265867
|teamsize|p1|6
|teamsize|p2|6
|start
|switch|p1a: Ribombee|Ribombee, F, shiny|100/100
|switch|p2a: Grimmsnarl|Grimmsnarl, M|100/100
|turn|1
|
|t:|1758265873
|move|p2a: Grimmsnarl|Light Screen|p2a: Grimmsnarl
|-sidestart|p2: full-doc|move: Light Screen
|move|p1a: Ribombee|Sticky Web|p2a: Grimmsnarl
|-sidestart|p2: full-doc|move: Sticky Web
|
|upkeep
|turn|2
|
|t:|1758265879
|move|p2a: Grimmsnarl|Thunder Wave|p1a: Ribombee
|-status|p1a: Ribombee|par
|move|p1a: Ribombee|Moonblast|p2a: Grimmsnarl
|-supereffective|p2a: Grimmsnarl
|-damage|p2a: Grimmsnarl|69/100
|
|upkeep
|turn|3
|
|t:|1758265889
|move|p2a: Grimmsnarl|Taunt|p1a: Ribombee
|-start|p1a: Ribombee|move: Taunt
|cant|p1a: Ribombee|move: Taunt|Stun Spore
|
|upkeep
|turn|4
|
|t:|1758265907
|switch|p2a: Ninetales|Ninetales, M|100/100
|-activate|p2a: Ninetales|move: Sticky Web
|-unboost|p2a: Ninetales|spe|1
|-weather|SunnyDay|[from] ability: Drought|[of] p2a: Ninetales
|move|p1a: Ribombee|Moonblast|p2a: Ninetales
|-resisted|p2a: Ninetales
|-damage|p2a: Ninetales|91/100
|
|-weather|SunnyDay|[upkeep]
|upkeep
|turn|5
|
|t:|1758265919
|move|p2a: Ninetales|Weather Ball|p1a: Ribombee
|-supereffective|p1a: Ribombee
|-enditem|p1a: Ribombee|Focus Sash
|-damage|p1a: Ribombee|1/100 par
|move|p1a: Ribombee|Psychic Noise|p2a: Ninetales
|-damage|p2a: Ninetales|80/100
|-start|p2a: Ninetales|move: Heal Block
|
|-weather|SunnyDay|[upkeep]
|-end|p1a: Ribombee|move: Taunt
|upkeep
|turn|6
|
|t:|1758265934
|move|p2a: Ninetales|Weather Ball|p1a: Ribombee
|-supereffective|p1a: Ribombee
|-damage|p1a: Ribombee|0 fnt
|faint|p1a: Ribombee
|
|-weather|SunnyDay|[upkeep]
|-end|p2a: Ninetales|move: Heal Block
|upkeep
|
|t:|1758265942
|switch|p1a: Landorus|Landorus-Therian, M, shiny|100/100
|-ability|p1a: Landorus|Intimidate|boost
|-unboost|p2a: Ninetales|atk|1
|turn|7
|inactive|Battle timer is ON: inactive players will automatically lose when time's up. (requested by NeWtOx15)
|
|t:|1758265965
|switch|p2a: Grimmsnarl|Grimmsnarl, M|69/100
|-activate|p2a: Grimmsnarl|move: Sticky Web
|-unboost|p2a: Grimmsnarl|spe|1
|move|p1a: Landorus|U-turn|p2a: Grimmsnarl
|-damage|p2a: Grimmsnarl|38/100
|
|t:|1758265972
|switch|p1a: Kingambit|Kingambit, F|100/100|[from] U-turn
|-activate|p1a: Kingambit|ability: Supreme Overlord
|-start|p1a: Kingambit|fallen1|[silent]
|
|-weather|SunnyDay|[upkeep]
|upkeep
|turn|8
|
|t:|1758265979
|move|p2a: Grimmsnarl|Reflect|p2a: Grimmsnarl
|-sidestart|p2: full-doc|Reflect
|move|p1a: Kingambit|Iron Head|p2a: Grimmsnarl
|-supereffective|p2a: Grimmsnarl
|-damage|p2a: Grimmsnarl|0 fnt
|faint|p2a: Grimmsnarl
|
|-weather|SunnyDay|[upkeep]
|-sideend|p2: full-doc|move: Light Screen
|upkeep
|
|t:|1758265986
|switch|p2a: Lilligant|Lilligant-Hisui, F|100/100
|turn|9
|
|t:|1758266006
|-end|p1a: Kingambit|fallen1|[silent]
|switch|p1a: Great Tusk|Great Tusk|100/100
|-activate|p1a: Great Tusk|ability: Protosynthesis
|-start|p1a: Great Tusk|protosynthesisspe
|move|p2a: Lilligant|Victory Dance|p2a: Lilligant
|-boost|p2a: Lilligant|atk|1
|-boost|p2a: Lilligant|def|1
|-boost|p2a: Lilligant|spe|1
|
|-weather|SunnyDay|[upkeep]
|upkeep
|turn|10
|
|t:|1758266017
|move|p2a: Lilligant|Solar Blade||[still]
|-prepare|p2a: Lilligant|Solar Blade
|-anim|p2a: Lilligant|Solar Blade|p1a: Great Tusk
|-supereffective|p1a: Great Tusk
|-damage|p1a: Great Tusk|0 fnt
|-damage|p2a: Lilligant|84/100|[from] item: Rocky Helmet|[of] p1a: Great Tusk
|faint|p1a: Great Tusk
|-end|p1a: Great Tusk|Protosynthesis|[silent]
|
|-weather|SunnyDay|[upkeep]
|upkeep
|
|t:|1758266030
|switch|p1a: Dragapult|Dragapult, F, shiny|100/100
|turn|11
|
|t:|1758266033
|move|p2a: Lilligant|Ice Spinner|p1a: Dragapult
|-supereffective|p1a: Dragapult
|-damage|p1a: Dragapult|0 fnt
|faint|p1a: Dragapult
|
|-weather|none
|upkeep
|
|t:|1758266040
|switch|p1a: Landorus|Landorus-Therian, M, shiny|100/100
|-ability|p1a: Landorus|Intimidate|boost
|-unboost|p2a: Lilligant|atk|1
|turn|12
|
|t:|1758266045
|-terastallize|p1a: Landorus|Ice
|move|p1a: Landorus|Tera Blast|p2a: Lilligant|[anim] Tera Blast Ice
|-supereffective|p2a: Lilligant
|-damage|p2a: Lilligant|37/100
|move|p2a: Lilligant|Ice Spinner|p1a: Landorus
|-resisted|p1a: Landorus
|-damage|p1a: Landorus|86/100
|
|upkeep
|turn|13
|
|t:|1758266063
|switch|p2a: Ninetales|Ninetales, M|80/100
|-activate|p2a: Ninetales|move: Sticky Web
|-unboost|p2a: Ninetales|spe|1
|-weather|SunnyDay|[from] ability: Drought|[of] p2a: Ninetales
|move|p1a: Landorus|Tera Blast|p2a: Ninetales|[anim] Tera Blast Ice
|-resisted|p2a: Ninetales
|-damage|p2a: Ninetales|66/100
|
|-weather|SunnyDay|[upkeep]
|upkeep
|turn|14
|
|t:|1758266073
|switch|p1a: Ogerpon|Ogerpon-Wellspring, F|100/100
|move|p2a: Ninetales|Will-O-Wisp|p1a: Ogerpon
|-status|p1a: Ogerpon|brn
|
|-weather|SunnyDay|[upkeep]
|-damage|p1a: Ogerpon|95/100 brn|[from] brn
|upkeep
|turn|15
|-message|NeWtOx15 forfeited.
|
|win|full-doc
|raw|NeWtOx15's rating: 1327 &rarr; <strong>1307</strong><br />(-20 for losing)
|raw|full-doc's rating: 1320 &rarr; <strong>1340</strong><br />(+20 for winning)
|l|☆NeWtOx15
|player|p1|
|l|☆full-doc
|player|p2|
