|j|☆AKO301
|j|☆slowbro named paul
|t:|1758277385
|gametype|singles
|player|p1|AKO301|hugh|1430
|player|p2|slowbro named paul|skierf|1359
|gen|9
|tier|[Gen 9] OU
|rated|
|rule|HP Percentage Mod: HP is shown in percentages
|rule|Endless Battle Clause: Forcing endless battles is banned
|rule|Species Clause: Limit one of each Pokémon
|rule|OHKO Clause: OHKO moves are banned
|rule|Evasion Items Clause: Evasion items are banned
|rule|Evasion Moves Clause: Evasion moves are banned
|rule|Evasion Abilities Clause: Evasion abilities are banned
|rule|Sleep Moves Clause: Sleep-inducing moves are banned
|clearpoke
|poke|p1|Ninetales, M|
|poke|p1|Ceruledge, M|
|poke|p1|Walking Wake|
|poke|p1|Venusaur, F|
|poke|p1|Kingambit, M|
|poke|p1|Great Tusk|
|poke|p2|Mew|
|poke|p2|Samurott-Hisui, M|
|poke|p2|Ceruledge, F|
|poke|p2|Porygon-Z|
|poke|p2|Glimmora, M|
|poke|p2|Sandy Shocks|
|teampreview
|inactive|Battle timer is ON: inactive players will automatically lose when time's up. (requested by slowbro named paul)
|
|t:|1758277390
|teamsize|p1|6
|teamsize|p2|6
|start
|switch|p1a: Great Tusk|Great Tusk|100/100
|switch|p2a: hazard setting guy|Glimmora, M|100/100
|turn|1
|
|t:|1758277394
|-terastallize|p2a: hazard setting guy|Fairy
|move|p1a: Great Tusk|Headlong Rush|p2a: hazard setting guy
|-damage|p2a: hazard setting guy|29/100
|-unboost|p1a: Great Tusk|def|1
|-unboost|p1a: Great Tusk|spd|1
|-activate|p2a: hazard setting guy|ability: Toxic Debris
|-sidestart|p1: AKO301|move: Toxic Spikes
|move|p2a: hazard setting guy|Dazzling Gleam|p1a: Great Tusk
|-supereffective|p1a: Great Tusk
|-damage|p1a: Great Tusk|0 fnt
|faint|p1a: Great Tusk
|-end|p1a: Great Tusk|Protosynthesis|[silent]
|
|upkeep
|
|t:|1758277421
|switch|p1a: Walking Wake|Walking Wake|100/100
|-status|p1a: Walking Wake|psn
|turn|2
|
|t:|1758277423
|move|p1a: Walking Wake|Hydro Steam|p2a: hazard setting guy
|-damage|p2a: hazard setting guy|0 fnt
|faint|p2a: hazard setting guy
|
|-damage|p1a: Walking Wake|88/100 psn|[from] psn
|upkeep
|
|t:|1758277428
|switch|p2a: Gnarwotter|Samurott-Hisui, M|100/100
|turn|3
|
|t:|1758277430
|move|p1a: Walking Wake|Draco Meteor|p2a: Gnarwotter
|-damage|p2a: Gnarwotter|0 fnt
|-unboost|p1a: Walking Wake|spa|2
|faint|p2a: Gnarwotter
|
|-damage|p1a: Walking Wake|76/100 psn|[from] psn
|upkeep
|
|t:|1758277433
|switch|p2a: Bingus-Attack|Mew|100/100
|turn|4
|
|t:|1758277441
|-end|p1a: Walking Wake|Protosynthesis|[silent]
|switch|p1a: Venusaur|Venusaur, F|100/100
|-sideend|p1: AKO301|move: Toxic Spikes|[of] p1a: Venusaur
|move|p2a: Bingus-Attack|Dragon Dance|p2a: Bingus-Attack
|-boost|p2a: Bingus-Attack|atk|1
|-boost|p2a: Bingus-Attack|spe|1
|
|upkeep
|turn|5
|
|t:|1758277444
|switch|p1a: Ninetales|Ninetales, M|100/100
|-weather|SunnyDay|[from] ability: Drought|[of] p1a: Ninetales
|move|p2a: Bingus-Attack|Psychic Fangs|p1a: Ninetales
|-crit|p1a: Ninetales
|-damage|p1a: Ninetales|0 fnt
|faint|p1a: Ninetales
|-damage|p2a: Bingus-Attack|91/100|[from] item: Life Orb
|
|-weather|SunnyDay|[upkeep]
|upkeep
|
|t:|1758277451
|switch|p1a: Venusaur|Venusaur, F|100/100
|turn|6
|
|t:|1758277453
|-terastallize|p1a: Venusaur|Fire
|move|p1a: Venusaur|Weather Ball|p2a: Bingus-Attack
|-damage|p2a: Bingus-Attack|8/100
|-damage|p1a: Venusaur|91/100|[from] item: Life Orb
|move|p2a: Bingus-Attack|Psychic Fangs|p1a: Venusaur
|-damage|p1a: Venusaur|0 fnt
|faint|p1a: Venusaur
|-damage|p2a: Bingus-Attack|0 fnt|[from] item: Life Orb
|faint|p2a: Bingus-Attack
|
|-weather|SunnyDay|[upkeep]
|upkeep
|
|t:|1758277459
|switch|p2a: Triclops|Sandy Shocks|100/100
|switch|p1a: Walking Wake|Walking Wake|76/100 psn
|-activate|p2a: Triclops|ability: Protosynthesis
|-start|p2a: Triclops|protosynthesisspa
|-activate|p1a: Walking Wake|ability: Protosynthesis
|-start|p1a: Walking Wake|protosynthesisspe
|turn|7
|
|t:|1758277463
|move|p1a: Walking Wake|Hydro Steam|p2a: Triclops
|-supereffective|p2a: Triclops
|-damage|p2a: Triclops|0 fnt
|faint|p2a: Triclops
|-end|p2a: Triclops|Protosynthesis|[silent]
|
|-weather|SunnyDay|[upkeep]
|-damage|p1a: Walking Wake|64/100 psn|[from] psn
|upkeep
|
|t:|1758277467
|switch|p2a: HELP ME|Porygon-Z|100/100
|turn|8
|
|t:|1758277469
|move|p1a: Walking Wake|Hydro Steam|p2a: HELP ME
|-damage|p2a: HELP ME|16/100
|move|p2a: HELP ME|Tera Blast|p1a: Walking Wake
|-damage|p1a: Walking Wake|0 fnt
|faint|p1a: Walking Wake
|-end|p1a: Walking Wake|Protosynthesis|[silent]
|
|-weather|SunnyDay|[upkeep]
|upkeep
|
|t:|1758277475
|switch|p1a: Ceruledge|Ceruledge, M|100/100
|turn|9
|
|t:|1758277479
|switch|p2a: HAVE AT THEE|Ceruledge, F, shiny|100/100
|move|p1a: Ceruledge|Bitter Blade|p2a: HAVE AT THEE
|-start|p2a: HAVE AT THEE|ability: Flash Fire
|
|-weather|SunnyDay|[upkeep]
|upkeep
|turn|10
|
|t:|1758277482
|move|p2a: HAVE AT THEE|Shadow Sneak|p1a: Ceruledge
|-supereffective|p1a: Ceruledge
|-damage|p1a: Ceruledge|26/100
|-ability|p1a: Ceruledge|Weak Armor|boost
|-unboost|p1a: Ceruledge|def|1
|-boost|p1a: Ceruledge|spe|2
|-damage|p2a: HAVE AT THEE|91/100|[from] item: Life Orb
|move|p1a: Ceruledge|Poltergeist|p2a: HAVE AT THEE
|-activate|p2a: HAVE AT THEE|move: Poltergeist|Life Orb
|-supereffective|p2a: HAVE AT THEE
|-damage|p2a: HAVE AT THEE|0 fnt
|faint|p2a: HAVE AT THEE
|
|-weather|SunnyDay|[upkeep]
|upkeep
|
|t:|1758277484
|switch|p2a: HELP ME|Porygon-Z|16/100
|turn|11
|
|t:|1758277490
|move|p1a: Ceruledge|Bitter Blade|p2a: HELP ME
|-damage|p2a: HELP ME|0 fnt
|-heal|p1a: Ceruledge|34/100|[from] drain|[of] p2a: HELP ME
|faint|p2a: HELP ME
|
|win|AKO301
|raw|AKO301's rating: 1430 &rarr; <strong>1446</strong><br />(+16 for winning)
|raw|slowbro named paul's rating: 1359 &rarr; <strong>1343</strong><br />(-16 for losing)
|l|☆slowbro named paul
|player|p2|
|l|☆AKO301
|player|p1|
