|j|☆Blackmagicfr
|j|☆catcat77
|t:|1758348550
|gametype|singles
|player|p1|Blackmagicfr|giovanni|1447
|player|p2|catcat77|caitlin|1513
|gen|9
|tier|[Gen 9] OU
|rated|
|rule|HP Percentage Mod: HP is shown in percentages
|rule|Endless Battle Clause: Forcing endless battles is banned
|rule|Species Clause: Limit one of each Pokémon
|rule|OHKO Clause: OHKO moves are banned
|rule|Evasion Items Clause: Evasion items are banned
|rule|Evasion Moves Clause: Evasion moves are banned
|rule|Evasion Abilities Clause: Evasion abilities are banned
|rule|Sleep Moves Clause: Sleep-inducing moves are banned
|clearpoke
|poke|p1|Electrode-Hisui|
|poke|p1|Rillaboom, M|
|poke|p1|Alomomola, M|
|poke|p1|Heatran, M|
|poke|p1|Great Tusk|
|poke|p1|Zamazenta-*|
|poke|p2|Ogerpon-Wellspring, F|
|poke|p2|Kingambit, F|
|poke|p2|Great Tusk|
|poke|p2|Raging Bolt|
|poke|p2|Iron Crown|
|poke|p2|Zamazenta-*|
|teampreview
|inactive|Battle timer is ON: inactive players will automatically lose when time's up. (requested by Blackmagicfr)
|
|t:|1758348561
|teamsize|p1|6
|teamsize|p2|6
|start
|switch|p1a: Great Tusk|Great Tusk|100/100
|switch|p2a: Zamazenta|Zamazenta|100/100
|-ability|p2a: Zamazenta|Dauntless Shield|boost
|-boost|p2a: Zamazenta|def|1
|turn|1
|
|t:|1758348566
|move|p2a: Zamazenta|Iron Defense|p2a: Zamazenta
|-boost|p2a: Zamazenta|def|2
|move|p1a: Great Tusk|Bulk Up|p1a: Great Tusk
|-boost|p1a: Great Tusk|atk|1
|-boost|p1a: Great Tusk|def|1
|
|upkeep
|turn|2
|
|t:|1758348572
|move|p2a: Zamazenta|Body Press|p1a: Great Tusk
|-damage|p1a: Great Tusk|60/100
|move|p1a: Great Tusk|Bulk Up|p1a: Great Tusk
|-boost|p1a: Great Tusk|atk|1
|-boost|p1a: Great Tusk|def|1
|
|upkeep
|turn|3
|
|t:|1758348579
|move|p2a: Zamazenta|Body Press|p1a: Great Tusk
|-damage|p1a: Great Tusk|28/100
|move|p1a: Great Tusk|Bulk Up|p1a: Great Tusk
|-boost|p1a: Great Tusk|atk|1
|-boost|p1a: Great Tusk|def|1
|
|upkeep
|turn|4
|
|t:|1758348585
|move|p2a: Zamazenta|Body Press|p1a: Great Tusk
|-damage|p1a: Great Tusk|3/100
|move|p1a: Great Tusk|Close Combat|p2a: Zamazenta
|-damage|p2a: Zamazenta|69/100
|-unboost|p1a: Great Tusk|def|1
|-unboost|p1a: Great Tusk|spd|1
|-damage|p1a: Great Tusk|0 fnt|[from] item: Rocky Helmet|[of] p2a: Zamazenta
|faint|p1a: Great Tusk
|-end|p1a: Great Tusk|Protosynthesis|[silent]
|
|upkeep
|
|t:|1758348593
|switch|p1a: Electrode|Electrode-Hisui, shiny|100/100
|turn|5
|
|t:|1758348599
|move|p1a: Electrode|Leaf Storm|p2a: Zamazenta
|-damage|p2a: Zamazenta|7/100
|-unboost|p1a: Electrode|spa|2
|move|p2a: Zamazenta|Body Press|p1a: Electrode
|-damage|p1a: Electrode|0 fnt
|-damage|p2a: Zamazenta|0 fnt|[from] ability: Aftermath|[of] p1a: Electrode
|faint|p1a: Electrode
|faint|p2a: Zamazenta
|
|upkeep
|
|t:|1758348618
|switch|p1a: Heatran|Heatran, M|100/100
|switch|p2a: Iron Crown|Iron Crown|100/100
|turn|6
|
|t:|1758348623
|move|p2a: Iron Crown|Focus Blast|p1a: Heatran|[miss]
|-miss|p2a: Iron Crown|p1a: Heatran
|move|p1a: Heatran|Magma Storm|p2a: Iron Crown
|-supereffective|p2a: Iron Crown
|-damage|p2a: Iron Crown|18/100
|-activate|p2a: Iron Crown|move: Magma Storm|[of] p1a: Heatran
|
|-damage|p2a: Iron Crown|6/100|[from] move: Magma Storm|[partiallytrapped]
|upkeep
|turn|7
|
|t:|1758348630
|switch|p1a: Alomomola|Alomomola, M|100/100
|move|p2a: Iron Crown|Focus Blast|p1a: Alomomola
|-damage|p1a: Alomomola|49/100
|
|-end|p2a: Iron Crown|Magma Storm|[partiallytrapped]|[silent]
|upkeep
|turn|8
|
|t:|1758348634
|switch|p1a: Rillaboom|Rillaboom, M|100/100
|-fieldstart|move: Grassy Terrain|[from] ability: Grassy Surge|[of] p1a: Rillaboom
|move|p2a: Iron Crown|Focus Blast|p1a: Rillaboom
|-damage|p1a: Rillaboom|24/100
|
|-heal|p2a: Iron Crown|12/100|[from] Grassy Terrain
|-heal|p1a: Rillaboom|30/100|[from] Grassy Terrain
|upkeep
|turn|9
|
|t:|1758348638
|move|p1a: Rillaboom|Grassy Glide|p2a: Iron Crown
|-resisted|p2a: Iron Crown
|-damage|p2a: Iron Crown|0 fnt
|faint|p2a: Iron Crown
|-end|p2a: Iron Crown|Quark Drive|[silent]
|
|-heal|p1a: Rillaboom|37/100|[from] Grassy Terrain
|upkeep
|
|t:|1758348640
|switch|p2a: Ogerpon|Ogerpon-Wellspring, F|100/100
|turn|10
|
|t:|1758348657
|switch|p1a: Zamazenta|Zamazenta|100/100
|-ability|p1a: Zamazenta|Dauntless Shield|boost
|-boost|p1a: Zamazenta|def|1
|move|p2a: Ogerpon|U-turn|p1a: Zamazenta
|-resisted|p1a: Zamazenta
|-damage|p1a: Zamazenta|92/100
|
|t:|1758348665
|switch|p2a: Raging Bolt|Raging Bolt|100/100|[from] U-turn
|
|-heal|p1a: Zamazenta|98/100|[from] Grassy Terrain
|upkeep
|turn|11
|
|t:|1758348671
|switch|p1a: Heatran|Heatran, M|100/100
|move|p2a: Raging Bolt|Thunderbolt|p1a: Heatran
|-damage|p1a: Heatran|70/100
|
|-heal|p1a: Heatran|76/100|[from] Grassy Terrain
|-heal|p1a: Heatran|83/100|[from] item: Leftovers
|upkeep
|turn|12
|
|t:|1758348674
|move|p2a: Raging Bolt|Calm Mind|p2a: Raging Bolt
|-boost|p2a: Raging Bolt|spa|1
|-boost|p2a: Raging Bolt|spd|1
|move|p1a: Heatran|Magma Storm|p2a: Raging Bolt
|-resisted|p2a: Raging Bolt
|-damage|p2a: Raging Bolt|88/100
|-activate|p2a: Raging Bolt|move: Magma Storm|[of] p1a: Heatran
|
|-heal|p2a: Raging Bolt|94/100|[from] Grassy Terrain
|-heal|p2a: Raging Bolt|99/100|[from] item: Leftovers
|-heal|p1a: Heatran|89/100|[from] Grassy Terrain
|-heal|p1a: Heatran|95/100|[from] item: Leftovers
|-damage|p2a: Raging Bolt|88/100|[from] move: Magma Storm|[partiallytrapped]
|upkeep
|turn|13
|
|t:|1758348680
|move|p2a: Raging Bolt|Calm Mind|p2a: Raging Bolt
|-boost|p2a: Raging Bolt|spa|1
|-boost|p2a: Raging Bolt|spd|1
|move|p1a: Heatran|Earth Power|p2a: Raging Bolt
|-supereffective|p2a: Raging Bolt
|-damage|p2a: Raging Bolt|67/100
|
|-heal|p2a: Raging Bolt|73/100|[from] Grassy Terrain
|-heal|p2a: Raging Bolt|79/100|[from] item: Leftovers
|-heal|p1a: Heatran|100/100|[from] Grassy Terrain
|-damage|p2a: Raging Bolt|67/100|[from] move: Magma Storm|[partiallytrapped]
|upkeep
|turn|14
|
|t:|1758348683
|move|p2a: Raging Bolt|Thunderbolt|p1a: Heatran
|-damage|p1a: Heatran|37/100
|move|p1a: Heatran|Earth Power|p2a: Raging Bolt
|-supereffective|p2a: Raging Bolt
|-damage|p2a: Raging Bolt|45/100
|
|-heal|p2a: Raging Bolt|51/100|[from] Grassy Terrain
|-heal|p2a: Raging Bolt|57/100|[from] item: Leftovers
|-heal|p1a: Heatran|43/100|[from] Grassy Terrain
|-heal|p1a: Heatran|49/100|[from] item: Leftovers
|-damage|p2a: Raging Bolt|45/100|[from] move: Magma Storm|[partiallytrapped]
|upkeep
|turn|15
|
|t:|1758348687
|move|p2a: Raging Bolt|Thunderbolt|p1a: Heatran
|-damage|p1a: Heatran|0 fnt
|faint|p1a: Heatran
|
|-heal|p2a: Raging Bolt|51/100|[from] Grassy Terrain
|-heal|p2a: Raging Bolt|57/100|[from] item: Leftovers
|-end|p2a: Raging Bolt|Magma Storm|[partiallytrapped]|[silent]
|-fieldend|move: Grassy Terrain
|upkeep
|
|t:|1758348690
|switch|p1a: Zamazenta|Zamazenta|98/100
|turn|16
|
|t:|1758348694
|move|p1a: Zamazenta|Close Combat|p2a: Raging Bolt
|-damage|p2a: Raging Bolt|0 fnt
|-unboost|p1a: Zamazenta|def|1
|-unboost|p1a: Zamazenta|spd|1
|faint|p2a: Raging Bolt
|-end|p2a: Raging Bolt|Protosynthesis|[silent]
|
|upkeep
|
|t:|1758348701
|switch|p2a: Great Tusk|Great Tusk|100/100
|turn|17
|
|t:|1758348705
|switch|p1a: Rillaboom|Rillaboom, M|37/100
|-fieldstart|move: Grassy Terrain|[from] ability: Grassy Surge|[of] p1a: Rillaboom
|move|p2a: Great Tusk|Close Combat|p1a: Rillaboom
|-damage|p1a: Rillaboom|0 fnt
|-unboost|p2a: Great Tusk|def|1
|-unboost|p2a: Great Tusk|spd|1
|faint|p1a: Rillaboom
|
|upkeep
|
|t:|1758348709
|switch|p1a: Zamazenta|Zamazenta|98/100
|turn|18
|
|t:|1758348711
|move|p1a: Zamazenta|Close Combat|p2a: Great Tusk
|-damage|p2a: Great Tusk|13/100
|-unboost|p1a: Zamazenta|def|1
|-unboost|p1a: Zamazenta|spd|1
|-damage|p1a: Zamazenta|82/100|[from] item: Rocky Helmet|[of] p2a: Great Tusk
|move|p2a: Great Tusk|Close Combat|p1a: Zamazenta
|-damage|p1a: Zamazenta|0 fnt
|-unboost|p2a: Great Tusk|def|1
|-unboost|p2a: Great Tusk|spd|1
|faint|p1a: Zamazenta
|
|-heal|p2a: Great Tusk|19/100|[from] Grassy Terrain
|upkeep
|
|t:|1758348716
|switch|p1a: Alomomola|Alomomola, M|82/100
|turn|19
|-message|Blackmagicfr forfeited.
|
|win|catcat77
|raw|Blackmagicfr's rating: 1447 &rarr; <strong>1431</strong><br />(-16 for losing)
|raw|catcat77's rating: 1513 &rarr; <strong>1529</strong><br />(+16 for winning)
|l|☆Blackmagicfr
|player|p1|
|l|☆catcat77
|player|p2|
