|j|☆Pmmgamer
|j|☆nicofilizzola
|t:|1758281135
|gametype|singles
|player|p1|Pmmgamer|101|1000
|player|p2|nicofilizzola|n|1000
|gen|9
|tier|[Gen 9] OU
|rated|
|rule|HP Percentage Mod: HP is shown in percentages
|rule|Endless Battle Clause: Forcing endless battles is banned
|rule|Species Clause: Limit one of each Pokémon
|rule|OHKO Clause: OHKO moves are banned
|rule|Evasion Items Clause: Evasion items are banned
|rule|Evasion Moves Clause: Evasion moves are banned
|rule|Evasion Abilities Clause: Evasion abilities are banned
|rule|Sleep Moves Clause: Sleep-inducing moves are banned
|clearpoke
|poke|p1|Arcanine-Hisui, M|
|poke|p1|Raikou|
|poke|p1|Iron Leaves|
|poke|p1|Maushold-Four|
|poke|p1|Weavile, M|
|poke|p1|Quaquaval, M|
|poke|p2|Zamazenta-*|
|poke|p2|Ninetales-Alola, F|
|poke|p2|Darkrai|
|poke|p2|Ceruledge, F|
|poke|p2|Gliscor, M|
|poke|p2|Hatterene, F|
|teampreview
|inactive|Battle timer is ON: inactive players will automatically lose when time's up. (requested by nicofilizzola)
|inactive|nicofilizzola has 120 seconds left.
|
|t:|1758281173
|teamsize|p1|6
|teamsize|p2|6
|start
|switch|p1a: Raikou|Raikou, shiny|100/100
|switch|p2a: Gliscor|Gliscor, M|100/100
|turn|1
|
|t:|1758281182
|move|p2a: Gliscor|Swords Dance|p2a: Gliscor
|-boost|p2a: Gliscor|atk|2
|move|p1a: Raikou|Thunderbolt|p2a: Gliscor
|-immune|p2a: Gliscor
|
|-status|p2a: Gliscor|tox|[from] item: Toxic Orb
|upkeep
|turn|2
|
|t:|1758281198
|move|p2a: Gliscor|Agility|p2a: Gliscor
|-boost|p2a: Gliscor|spe|2
|move|p1a: Raikou|Body Slam|p2a: Gliscor
|-damage|p2a: Gliscor|86/100 tox
|
|-heal|p2a: Gliscor|99/100 tox|[from] ability: Poison Heal
|upkeep
|turn|3
|
|t:|1758281209
|switch|p1a: Quaquaval|Quaquaval, M|100/100
|move|p2a: Gliscor|Swords Dance|p2a: Gliscor
|-boost|p2a: Gliscor|atk|2
|
|-heal|p2a: Gliscor|100/100 tox|[from] ability: Poison Heal
|upkeep
|turn|4
|
|t:|1758281223
|-terastallize|p2a: Gliscor|Normal
|move|p2a: Gliscor|Facade|p1a: Quaquaval
|-damage|p1a: Quaquaval|0 fnt
|faint|p1a: Quaquaval
|
|upkeep
|
|t:|1758281230
|switch|p1a: Weavile|Weavile, M|100/100
|-ability|p1a: Weavile|Pressure
|turn|5
|
|t:|1758281236
|move|p2a: Gliscor|Facade|p1a: Weavile
|-damage|p1a: Weavile|0 fnt
|faint|p1a: Weavile
|
|upkeep
|
|t:|1758281243
|switch|p1a: Iron Leaves|Iron Leaves|100/100
|turn|6
|
|t:|1758281251
|move|p2a: Gliscor|Facade|p1a: Iron Leaves
|-damage|p1a: Iron Leaves|0 fnt
|faint|p1a: Iron Leaves
|-end|p1a: Iron Leaves|Quark Drive|[silent]
|
|upkeep
|
|t:|1758281257
|switch|p1a: Arcanine|Arcanine-Hisui, M|100/100
|turn|7
|
|t:|1758281262
|move|p2a: Gliscor|Earthquake|p1a: Arcanine
|-supereffective|p1a: Arcanine
|-damage|p1a: Arcanine|0 fnt
|faint|p1a: Arcanine
|
|upkeep
|
|t:|1758281267
|switch|p1a: Maushold|Maushold-Four|100/100
|turn|8
|
|t:|1758281273
|move|p2a: Gliscor|Facade|p1a: Maushold
|-damage|p1a: Maushold|0 fnt
|faint|p1a: Maushold
|
|upkeep
|
|t:|1758281279
|switch|p1a: Raikou|Raikou, shiny|100/100
|turn|9
|
|t:|1758281286
|move|p2a: Gliscor|Earthquake|p1a: Raikou
|-supereffective|p1a: Raikou
|-crit|p1a: Raikou
|-damage|p1a: Raikou|0 fnt
|faint|p1a: Raikou
|
|win|nicofilizzola
|raw|Pmmgamer's rating: 1000 &rarr; <strong>1000</strong><br />(+0 for losing)
|raw|nicofilizzola's rating: 1000 &rarr; <strong>1040</strong><br />(+40 for winning)
