|j|☆leezee-yy
|j|☆hua_sheng666
|t:|1758262487
|gametype|singles
|player|p1|leezee-yy|steven|1420
|player|p2|hua_sheng666|101|1458
|gen|9
|tier|[Gen 9] OU
|rated|
|rule|HP Percentage Mod: HP is shown in percentages
|rule|Endless Battle Clause: Forcing endless battles is banned
|rule|Species Clause: Limit one of each Pokémon
|rule|OHKO Clause: OHKO moves are banned
|rule|Evasion Items Clause: Evasion items are banned
|rule|Evasion Moves Clause: Evasion moves are banned
|rule|Evasion Abilities Clause: Evasion abilities are banned
|rule|Sleep Moves Clause: Sleep-inducing moves are banned
|clearpoke
|poke|p1|Gengar, M|
|poke|p1|Conkeldurr, F|
|poke|p1|Metagross|
|poke|p1|Zapdos|
|poke|p1|Meowscarada, F|
|poke|p1|Zamazenta-*|
|poke|p2|Raging Bolt|
|poke|p2|Great Tusk|
|poke|p2|Ogerpon-Wellspring, F|
|poke|p2|Zamazenta-*|
|poke|p2|Enamorus, F|
|poke|p2|Samurott-Hisui, M|
|teampreview
|inactive|Battle timer is ON: inactive players will automatically lose when time's up. (requested by leezee-yy)
|
|t:|1758262503
|teamsize|p1|6
|teamsize|p2|6
|start
|switch|p1a: Meowscarada|Meowscarada, F|100/100
|switch|p2a: Enamorus|Enamorus, F|100/100
|turn|1
|
|t:|1758262509
|switch|p1a: Metagross|Metagross, shiny|100/100
|move|p2a: Enamorus|Moonblast|p1a: Metagross
|-resisted|p1a: Metagross
|-damage|p1a: Metagross|71/100
|
|-heal|p1a: Metagross|77/100|[from] item: Leftovers
|upkeep
|turn|2
|
|t:|1758262519
|switch|p2a: Samurott|Samurott-Hisui, M|100/100
|switch|p1a: Gengar|Gengar, M|100/100
|
|upkeep
|turn|3
|
|t:|1758262525
|move|p1a: Gengar|Focus Blast|p2a: Samurott|[miss]
|-miss|p1a: Gengar|p2a: Samurott
|move|p2a: Samurott|Ceaseless Edge|p1a: Gengar
|-supereffective|p1a: Gengar
|-enditem|p1a: Gengar|Focus Sash
|-damage|p1a: Gengar|1/100
|-sidestart|p1: leezee-yy|Spikes
|
|upkeep
|turn|4
|
|t:|1758262534
|move|p2a: Samurott|Aqua Jet|p1a: Gengar
|-damage|p1a: Gengar|0 fnt
|faint|p1a: Gengar
|
|upkeep
|
|t:|1758262537
|switch|p1a: Conkeldurr|Conkeldurr, F|100/100
|-damage|p1a: Conkeldurr|88/100|[from] Spikes
|turn|5
|
|t:|1758262543
|move|p2a: Samurott|Razor Shell|p1a: Conkeldurr
|-damage|p1a: Conkeldurr|42/100
|move|p1a: Conkeldurr|Ice Punch|p2a: Samurott
|-resisted|p2a: Samurott
|-damage|p2a: Samurott|78/100
|
|-heal|p1a: Conkeldurr|48/100|[from] item: Leftovers
|upkeep
|turn|6
|
|t:|1758262553
|move|p1a: Conkeldurr|Mach Punch|p2a: Samurott
|-supereffective|p2a: Samurott
|-damage|p2a: Samurott|0 fnt
|faint|p2a: Samurott
|
|-heal|p1a: Conkeldurr|54/100|[from] item: Leftovers
|upkeep
|
|t:|1758262561
|switch|p2a: Zamazenta|Zamazenta|100/100
|-ability|p2a: Zamazenta|Dauntless Shield|boost
|-boost|p2a: Zamazenta|def|1
|turn|7
|
|t:|1758262566
|switch|p1a: Zapdos|Zapdos|100/100
|move|p2a: Zamazenta|Iron Defense|p2a: Zamazenta
|-boost|p2a: Zamazenta|def|2
|
|upkeep
|turn|8
|
|t:|1758262573
|move|p2a: Zamazenta|Body Press|p1a: Zapdos
|-resisted|p1a: Zapdos
|-damage|p1a: Zapdos|71/100
|-damage|p2a: Zamazenta|84/100|[from] item: Rocky Helmet|[of] p1a: Zapdos
|move|p1a: Zapdos|Discharge|p2a: Zamazenta
|-damage|p2a: Zamazenta|57/100
|
|-heal|p2a: Zamazenta|63/100|[from] item: Leftovers
|upkeep
|turn|9
|
|t:|1758262583
|move|p2a: Zamazenta|Iron Defense|p2a: Zamazenta
|-boost|p2a: Zamazenta|def|2
|move|p1a: Zapdos|U-turn|p2a: Zamazenta
|-resisted|p2a: Zamazenta
|-damage|p2a: Zamazenta|61/100
|
|t:|1758262586
|switch|p1a: Zamazenta|Zamazenta|100/100|[from] U-turn
|-damage|p1a: Zamazenta|88/100|[from] Spikes
|-ability|p1a: Zamazenta|Dauntless Shield|boost
|-boost|p1a: Zamazenta|def|1
|
|-heal|p2a: Zamazenta|68/100|[from] item: Leftovers
|upkeep
|turn|10
|
|t:|1758262596
|switch|p1a: Zapdos|Zapdos|71/100
|move|p2a: Zamazenta|Body Press|p1a: Zapdos
|-resisted|p1a: Zapdos
|-damage|p1a: Zapdos|27/100
|-damage|p2a: Zamazenta|51/100|[from] item: Rocky Helmet|[of] p1a: Zapdos
|
|-heal|p2a: Zamazenta|57/100|[from] item: Leftovers
|upkeep
|turn|11
|-message|leezee-yy forfeited.
|
|win|hua_sheng666
|raw|leezee-yy's rating: 1420 &rarr; <strong>1402</strong><br />(-18 for losing)
|raw|hua_sheng666's rating: 1458 &rarr; <strong>1476</strong><br />(+18 for winning)
|l|☆leezee-yy
|player|p1|
|l|☆hua_sheng666
|player|p2|
