|j|☆Flarefofo
|j|☆undertalethemovie
|t:|1758261218
|gametype|singles
|player|p1|Flarefofo|266|1395
|player|p2|undertalethemovie|n|1381
|gen|9
|tier|[Gen 9] OU
|rated|
|rule|HP Percentage Mod: HP is shown in percentages
|rule|Endless Battle Clause: Forcing endless battles is banned
|rule|Species Clause: Limit one of each Pokémon
|rule|OHKO Clause: OHKO moves are banned
|rule|Evasion Items Clause: Evasion items are banned
|rule|Evasion Moves Clause: Evasion moves are banned
|rule|Evasion Abilities Clause: Evasion abilities are banned
|rule|Sleep Moves Clause: Sleep-inducing moves are banned
|clearpoke
|poke|p1|Eelektross, M|
|poke|p1|Pecharunt|
|poke|p1|Tauros-Paldea-Blaze, M|
|poke|p1|Iron Treads|
|poke|p1|Samurott-Hisui, F|
|poke|p1|Iron Valiant|
|poke|p2|Clodsire, F|
|poke|p2|Ogerpon-Wellspring, F|
|poke|p2|Zoroark-Hisui, F|
|poke|p2|Zamazenta-*|
|poke|p2|Cinderace, M|
|poke|p2|Deoxys-Speed|
|teampreview
|
|t:|1758261223
|teamsize|p1|6
|teamsize|p2|6
|start
|switch|p1a: Eelektross|Eelektross, M, shiny|100/100
|switch|p2a: The Writer|Ogerpon-Wellspring, F|100/100
|turn|1
|inactive|Battle timer is ON: inactive players will automatically lose when time's up. (requested by undertalethemovie)
|
|t:|1758261226
|-terastallize|p2a: The Writer|Water
|detailschange|p2a: The Writer|Ogerpon-Wellspring-Tera, F, tera:Water
|-ability|p2a: The Writer|Embody Aspect (Wellspring)|boost
|-boost|p2a: The Writer|spd|1
|move|p2a: The Writer|Ivy Cudgel|p1a: Eelektross|[anim] Ivy Cudgel Water
|-crit|p1a: Eelektross
|-damage|p1a: Eelektross|6/100
|move|p1a: Eelektross|U-turn|p2a: The Writer
|-damage|p2a: The Writer|76/100
|
|t:|1758261235
|switch|p1a: Pecharunt|Pecharunt|100/100|[from] U-turn
|
|upkeep
|turn|2
|
|t:|1758261238
|move|p2a: The Writer|U-turn|p1a: Pecharunt
|-resisted|p1a: Pecharunt
|-damage|p1a: Pecharunt|97/100
|
|t:|1758261240
|switch|p2a: Mumbo|Clodsire, F|100/100|[from] U-turn
|-item|p2a: Mumbo|Air Balloon
|move|p1a: Pecharunt|Malignant Chain|p2a: Mumbo
|-resisted|p2a: Mumbo
|-damage|p2a: Mumbo|96/100
|-enditem|p2a: Mumbo|Air Balloon
|
|upkeep
|turn|3
|
|t:|1758261245
|move|p1a: Pecharunt|Parting Shot|p2a: Mumbo
|-unboost|p2a: Mumbo|atk|1
|-unboost|p2a: Mumbo|spa|1
|
|t:|1758261248
|switch|p1a: Eelektross|Eelektross, M, shiny|6/100|[from] Parting Shot
|move|p2a: Mumbo|Earthquake|p1a: Eelektross
|-immune|p1a: Eelektross|[from] ability: Levitate
|
|upkeep
|turn|4
|
|t:|1758261251
|move|p1a: Eelektross|Knock Off|p2a: Mumbo
|-damage|p2a: Mumbo|77/100
|move|p2a: Mumbo|Toxic|p1a: Eelektross
|-status|p1a: Eelektross|tox
|
|-damage|p1a: Eelektross|0 fnt|[from] psn
|faint|p1a: Eelektross
|upkeep
|
|t:|1758261256
|switch|p1a: Iron Treads|Iron Treads|100/100
|turn|5
|
|t:|1758261259
|switch|p2a: The Writer|Ogerpon-Wellspring-Tera, F|100/100
|-item|p2a: The Writer|Air Balloon
|move|p1a: Iron Treads|Earthquake|p2a: The Writer
|-immune|p2a: The Writer
|
|upkeep
|-start|p2a: The Writer|typechange|Water|[silent]
|turn|6
|
|t:|1758261268
|-end|p1a: Iron Treads|Quark Drive|[silent]
|switch|p1a: Pecharunt|Pecharunt|97/100
|move|p2a: The Writer|Will-O-Wisp|p1a: Pecharunt
|-status|p1a: Pecharunt|brn
|
|-damage|p1a: Pecharunt|91/100 brn|[from] brn
|upkeep
|turn|7
|
|t:|1758261277
|move|p2a: The Writer|Hex|p1a: Pecharunt
|-supereffective|p1a: Pecharunt
|-crit|p1a: Pecharunt
|-damage|p1a: Pecharunt|0 fnt
|faint|p1a: Pecharunt
|
|upkeep
|c|☆undertalethemovie|prankd
|
|t:|1758261281
|switch|p1a: Samurott|Samurott-Hisui, F|100/100
|turn|8
|
|t:|1758261285
|switch|p2a: Pokemon Shield|Zamazenta|100/100
|-ability|p2a: Pokemon Shield|Dauntless Shield|boost
|-boost|p2a: Pokemon Shield|def|1
|move|p1a: Samurott|Ceaseless Edge|p2a: Pokemon Shield|[miss]
|-miss|p1a: Samurott|p2a: Pokemon Shield
|
|upkeep
|turn|9
|
|t:|1758261291
|switch|p1a: Iron Valiant|Iron Valiant, shiny|100/100
|-enditem|p1a: Iron Valiant|Booster Energy
|-activate|p1a: Iron Valiant|ability: Quark Drive|[fromitem]
|-start|p1a: Iron Valiant|quarkdrivespe
|move|p2a: Pokemon Shield|Close Combat|p1a: Iron Valiant
|-resisted|p1a: Iron Valiant
|-damage|p1a: Iron Valiant|60/100
|-unboost|p2a: Pokemon Shield|def|1
|-unboost|p2a: Pokemon Shield|spd|1
|
|upkeep
|turn|10
|
|t:|1758261296
|switch|p2a: Mumbo|Clodsire, F|77/100
|-terastallize|p1a: Iron Valiant|Ghost
|move|p1a: Iron Valiant|Encore||[still]
|-fail|p1a: Iron Valiant
|
|upkeep
|turn|11
|-message|Flarefofo forfeited.
|
|win|undertalethemovie
|raw|Flarefofo's rating: 1395 &rarr; <strong>1374</strong><br />(-21 for losing)
|raw|undertalethemovie's rating: 1381 &rarr; <strong>1402</strong><br />(+21 for winning)
|l|☆Flarefofo
|player|p1|
|l|☆undertalethemovie
|player|p2|
