|j|☆ImMikeyCzn
|j|☆24Itachi44
|t:|1758351127
|gametype|singles
|player|p1|ImMikeyCzn|guitarist|1059
|player|p2|24Itachi44|acetrainer-gen4dp|1010
|gen|9
|tier|[Gen 9] OU
|rated|
|rule|HP Percentage Mod: HP is shown in percentages
|rule|Endless Battle Clause: Forcing endless battles is banned
|rule|Species Clause: Limit one of each Pokémon
|rule|OHKO Clause: OHKO moves are banned
|rule|Evasion Items Clause: Evasion items are banned
|rule|Evasion Moves Clause: Evasion moves are banned
|rule|Evasion Abilities Clause: Evasion abilities are banned
|rule|Sleep Moves Clause: Sleep-inducing moves are banned
|clearpoke
|poke|p1|Ceruledge, F|
|poke|p1|Azumarill, F|
|poke|p1|Lokix, M|
|poke|p1|Decidueye-Hisui, M|
|poke|p1|Corviknight, M|
|poke|p1|Weezing-Galar, M|
|poke|p2|Zoroark, M|
|poke|p2|Scizor, M|
|poke|p2|Garchomp, M|
|poke|p2|Articuno|
|poke|p2|Arcanine, M|
|poke|p2|Serperior, M|
|teampreview
|
|t:|1758351142
|teamsize|p1|6
|teamsize|p2|6
|start
|switch|p1a: Lokix|Lokix, M|100/100
|switch|p2a: Serperior|Serperior, M|100/100
|turn|1
|
|t:|1758351153
|move|p1a: Lokix|First Impression|p2a: Serperior
|-supereffective|p2a: Serperior
|-damage|p2a: Serperior|0 fnt
|replace|p2a: Zoroark|Zoroark, M
|-end|p2a: Zoroark|Illusion
|faint|p2a: Zoroark
|
|upkeep
|
|t:|1758351160
|switch|p2a: Arcanine|Arcanine, M|100/100
|-ability|p2a: Arcanine|Intimidate|boost
|-unboost|p1a: Lokix|atk|1
|turn|2
|
|t:|1758351164
|move|p1a: Lokix|U-turn|p2a: Arcanine
|-resisted|p2a: Arcanine
|-damage|p2a: Arcanine|80/100
|
|t:|1758351176
|switch|p1a: Azumarill|Azumarill, F|100/100|[from] U-turn
|move|p2a: Arcanine|Iron Head|p1a: Azumarill
|-damage|p1a: Azumarill|78/100
|
|-heal|p1a: Azumarill|84/100|[from] item: Leftovers
|upkeep
|turn|3
|
|t:|1758351188
|switch|p2a: Scizor|Scizor, M|100/100
|-item|p2a: Scizor|Air Balloon
|move|p1a: Azumarill|Liquidation|p2a: Scizor
|-damage|p2a: Scizor|63/100
|-enditem|p2a: Scizor|Air Balloon
|
|-heal|p1a: Azumarill|90/100|[from] item: Leftovers
|upkeep
|turn|4
|
|t:|1758351200
|move|p2a: Scizor|Bullet Punch|p1a: Azumarill
|-damage|p1a: Azumarill|72/100
|move|p1a: Azumarill|Ice Spinner|p2a: Scizor
|-resisted|p2a: Scizor
|-damage|p2a: Scizor|49/100
|
|-heal|p1a: Azumarill|79/100|[from] item: Leftovers
|upkeep
|turn|5
|
|t:|1758351231
|move|p2a: Scizor|Bullet Punch|p1a: Azumarill
|-damage|p1a: Azumarill|58/100
|move|p1a: Azumarill|Belly Drum|p1a: Azumarill
|-damage|p1a: Azumarill|8/100
|-setboost|p1a: Azumarill|atk|6|[from] move: Belly Drum
|
|-heal|p1a: Azumarill|14/100|[from] item: Leftovers
|upkeep
|turn|6
|
|t:|1758351240
|move|p2a: Scizor|Bullet Punch|p1a: Azumarill
|-damage|p1a: Azumarill|0 fnt
|faint|p1a: Azumarill
|
|upkeep
|
|t:|1758351245
|switch|p1a: Ceruledge|Ceruledge, F|100/100
|turn|7
|
|t:|1758351279
|switch|p2a: Garchomp|Garchomp, M|100/100
|move|p1a: Ceruledge|Bitter Blade|p2a: Garchomp
|-resisted|p2a: Garchomp
|-damage|p2a: Garchomp|88/100
|-damage|p1a: Ceruledge|88/100|[from] ability: Rough Skin|[of] p2a: Garchomp
|
|upkeep
|turn|8
|
|t:|1758351296
|switch|p1a: Average Wordle Fan|Corviknight, M|100/100
|move|p2a: Garchomp|Fire Fang|p1a: Average Wordle Fan
|-supereffective|p1a: Average Wordle Fan
|-damage|p1a: Average Wordle Fan|72/100
|-damage|p2a: Garchomp|71/100|[from] item: Rocky Helmet|[of] p1a: Average Wordle Fan
|
|upkeep
|turn|9
|
|t:|1758351305
|move|p2a: Garchomp|Fire Fang|p1a: Average Wordle Fan
|-supereffective|p1a: Average Wordle Fan
|-damage|p1a: Average Wordle Fan|47/100
|-status|p1a: Average Wordle Fan|brn
|-damage|p2a: Garchomp|54/100|[from] item: Rocky Helmet|[of] p1a: Average Wordle Fan
|cant|p1a: Average Wordle Fan|flinch
|
|-damage|p1a: Average Wordle Fan|40/100 brn|[from] brn
|upkeep
|turn|10
|
|t:|1758351320
|switch|p2a: Arcanine|Arcanine, M|80/100
|-ability|p2a: Arcanine|Intimidate|boost
|-ability|p1a: Average Wordle Fan|Mirror Armor
|-unboost|p2a: Arcanine|atk|1
|switch|p1a: Weezing|Weezing-Galar, M|100/100
|-ability|p1a: Weezing|Neutralizing Gas
|
|upkeep
|turn|11
|
|t:|1758351334
|move|p2a: Arcanine|Iron Head|p1a: Weezing
|-supereffective|p1a: Weezing
|-damage|p1a: Weezing|62/100
|move|p1a: Weezing|Sludge Bomb|p2a: Arcanine
|-damage|p2a: Arcanine|42/100
|-status|p2a: Arcanine|psn
|
|-damage|p2a: Arcanine|30/100 psn|[from] psn
|upkeep
|turn|12
|
|t:|1758351358
|-end|p1a: Weezing|ability: Neutralizing Gas
|-ability|p2a: Arcanine|Intimidate|boost
|-unboost|p1a: Weezing|atk|1
|switch|p1a: Average Wordle Fan|Corviknight, M|40/100 brn
|move|p2a: Arcanine|Iron Head|p1a: Average Wordle Fan
|-resisted|p1a: Average Wordle Fan
|-damage|p1a: Average Wordle Fan|34/100 brn
|-damage|p2a: Arcanine|13/100 psn|[from] item: Rocky Helmet|[of] p1a: Average Wordle Fan
|
|-damage|p2a: Arcanine|1/100 psn|[from] psn
|-damage|p1a: Average Wordle Fan|27/100 brn|[from] brn
|upkeep
|turn|13
|
|t:|1758351371
|move|p2a: Arcanine|Extreme Speed|p1a: Average Wordle Fan
|-resisted|p1a: Average Wordle Fan
|-damage|p1a: Average Wordle Fan|21/100 brn
|-damage|p2a: Arcanine|0 fnt|[from] item: Rocky Helmet|[of] p1a: Average Wordle Fan
|faint|p2a: Arcanine
|move|p1a: Average Wordle Fan|Roost|p1a: Average Wordle Fan
|-heal|p1a: Average Wordle Fan|71/100 brn
|-singleturn|p1a: Average Wordle Fan|move: Roost
|
|-damage|p1a: Average Wordle Fan|65/100 brn|[from] brn
|upkeep
|
|t:|1758351384
|switch|p2a: Garchomp|Garchomp, M|54/100
|turn|14
|
|t:|1758351396
|switch|p1a: Weezing|Weezing-Galar, M|62/100
|-ability|p1a: Weezing|Neutralizing Gas
|move|p2a: Garchomp|Fire Fang|p1a: Weezing
|-crit|p1a: Weezing
|-damage|p1a: Weezing|34/100
|
|upkeep
|turn|15
|
|t:|1758351415
|switch|p2a: Articuno|Articuno|100/100
|move|p1a: Weezing|Pain Split|p2a: Articuno
|-sethp|p2a: Articuno|63/100|[from] move: Pain Split|[silent]
|-sethp|p1a: Weezing|82/100|[from] move: Pain Split
|
|upkeep
|turn|16
|
|t:|1758351425
|move|p2a: Articuno|Light Screen|p2a: Articuno
|-sidestart|p2: 24Itachi44|move: Light Screen
|move|p1a: Weezing|Sludge Bomb|p2a: Articuno
|-damage|p2a: Articuno|55/100
|
|upkeep
|turn|17
|
|t:|1758351431
|move|p2a: Articuno|Roost|p2a: Articuno
|-heal|p2a: Articuno|100/100
|-singleturn|p2a: Articuno|move: Roost
|move|p1a: Weezing|Defog|p2a: Articuno
|-unboost|p2a: Articuno|evasion|1
|-sideend|p2: 24Itachi44|move: Light Screen
|
|upkeep
|turn|18
|
|t:|1758351440
|-end|p1a: Weezing|ability: Neutralizing Gas
|-ability|p2a: Articuno|Pressure
|switch|p1a: Lokix|Lokix, M|100/100
|move|p2a: Articuno|Hurricane|p1a: Lokix
|-supereffective|p1a: Lokix
|-damage|p1a: Lokix|0 fnt
|faint|p1a: Lokix
|-damage|p2a: Articuno|91/100|[from] item: Life Orb
|
|upkeep
|
|t:|1758351453
|switch|p1a: Ceruledge|Ceruledge, F|88/100
|turn|19
|
|t:|1758351464
|switch|p2a: Garchomp|Garchomp, M|54/100
|move|p1a: Ceruledge|Bitter Blade|p2a: Garchomp
|-resisted|p2a: Garchomp
|-damage|p2a: Garchomp|41/100
|-heal|p1a: Ceruledge|97/100|[from] drain|[of] p2a: Garchomp
|-damage|p1a: Ceruledge|85/100|[from] ability: Rough Skin|[of] p2a: Garchomp
|
|upkeep
|turn|20
|
|t:|1758351476
|switch|p1a: Weezing|Weezing-Galar, M|82/100
|-ability|p1a: Weezing|Neutralizing Gas
|move|p2a: Garchomp|Fire Fang|p1a: Weezing
|-damage|p1a: Weezing|63/100
|
|upkeep
|turn|21
|
|t:|1758351484
|switch|p2a: Articuno|Articuno|91/100
|move|p1a: Weezing|Strange Steam|p2a: Articuno
|-damage|p2a: Articuno|73/100
|
|upkeep
|turn|22
|
|t:|1758351493
|move|p2a: Articuno|Blizzard|p1a: Weezing|[miss]
|-miss|p2a: Articuno|p1a: Weezing
|move|p1a: Weezing|Pain Split|p2a: Articuno
|-sethp|p2a: Articuno|61/100|[from] move: Pain Split|[silent]
|-sethp|p1a: Weezing|79/100|[from] move: Pain Split
|
|upkeep
|turn|23
|
|t:|1758351500
|move|p2a: Articuno|Blizzard|p1a: Weezing
|-damage|p1a: Weezing|34/100
|-damage|p2a: Articuno|51/100|[from] item: Life Orb
|move|p1a: Weezing|Sludge Bomb|p2a: Articuno
|-damage|p2a: Articuno|32/100
|
|upkeep
|turn|24
|
|t:|1758351513
|-end|p1a: Weezing|ability: Neutralizing Gas
|-ability|p2a: Articuno|Pressure
|switch|p1a: Ceruledge|Ceruledge, F|85/100
|move|p2a: Articuno|Blizzard|p1a: Ceruledge|[miss]
|-miss|p2a: Articuno|p1a: Ceruledge
|
|upkeep
|turn|25
|
|t:|1758351521
|switch|p2a: Garchomp|Garchomp, M|41/100
|move|p1a: Ceruledge|Bitter Blade|p2a: Garchomp
|-resisted|p2a: Garchomp
|-damage|p2a: Garchomp|28/100
|-heal|p1a: Ceruledge|93/100|[from] drain|[of] p2a: Garchomp
|-damage|p1a: Ceruledge|81/100|[from] ability: Rough Skin|[of] p2a: Garchomp
|
|upkeep
|turn|26
|
|t:|1758351538
|switch|p1a: Average Wordle Fan|Corviknight, M|65/100 brn
|move|p2a: Garchomp|Earthquake|p1a: Average Wordle Fan
|-immune|p1a: Average Wordle Fan
|
|-damage|p1a: Average Wordle Fan|58/100 brn|[from] brn
|upkeep
|turn|27
|
|t:|1758351548
|switch|p2a: Articuno|Articuno|32/100
|-ability|p2a: Articuno|Pressure
|switch|p1a: Decidueye|Decidueye-Hisui, M|100/100
|
|upkeep
|turn|28
|
|t:|1758351565
|-terastallize|p1a: Decidueye|Fighting
|move|p1a: Decidueye|Triple Arrows|p2a: Articuno
|-damage|p2a: Articuno|0 fnt
|faint|p2a: Articuno
|
|upkeep
|
|t:|1758351577
|switch|p2a: Serperior|Serperior, M|100/100
|turn|29
|
|t:|1758351580
|move|p2a: Serperior|Glare|p1a: Decidueye
|-status|p1a: Decidueye|par
|move|p1a: Decidueye|Trailblaze|p2a: Serperior
|-resisted|p2a: Serperior
|-damage|p2a: Serperior|90/100
|-boost|p1a: Decidueye|spe|1
|
|-heal|p2a: Serperior|96/100|[from] item: Leftovers
|upkeep
|turn|30
|
|t:|1758351592
|switch|p1a: Ceruledge|Ceruledge, F|81/100
|move|p2a: Serperior|Leaf Storm|p1a: Ceruledge
|-resisted|p1a: Ceruledge
|-damage|p1a: Ceruledge|58/100
|-boost|p2a: Serperior|spa|2
|
|-heal|p2a: Serperior|100/100|[from] item: Leftovers
|upkeep
|turn|31
|
|t:|1758351604
|switch|p1a: Weezing|Weezing-Galar, M|34/100
|-ability|p1a: Weezing|Neutralizing Gas
|move|p2a: Serperior|Glare|p1a: Weezing
|-status|p1a: Weezing|par
|
|upkeep
|turn|32
|
|t:|1758351613
|move|p2a: Serperior|Leaf Storm|p1a: Weezing
|-resisted|p1a: Weezing
|-damage|p1a: Weezing|0 fnt
|-unboost|p2a: Serperior|spa|2
|faint|p1a: Weezing
|-end|p1a: Weezing|ability: Neutralizing Gas
|
|upkeep
|
|t:|1758351619
|switch|p1a: Ceruledge|Ceruledge, F|58/100
|turn|33
|
|t:|1758351624
|move|p2a: Serperior|Glare|p1a: Ceruledge
|-status|p1a: Ceruledge|par
|move|p1a: Ceruledge|Bitter Blade|p2a: Serperior
|-supereffective|p2a: Serperior
|-damage|p2a: Serperior|21/100
|-heal|p1a: Ceruledge|99/100 par|[from] drain|[of] p2a: Serperior
|
|-heal|p2a: Serperior|27/100|[from] item: Leftovers
|upkeep
|turn|34
|
|t:|1758351641
|switch|p2a: Garchomp|Garchomp, M|28/100
|move|p1a: Ceruledge|Bitter Blade|p2a: Garchomp
|-resisted|p2a: Garchomp
|-damage|p2a: Garchomp|16/100
|-heal|p1a: Ceruledge|100/100 par|[from] drain|[of] p2a: Garchomp
|-damage|p1a: Ceruledge|88/100 par|[from] ability: Rough Skin|[of] p2a: Garchomp
|
|upkeep
|turn|35
|
|t:|1758351651
|switch|p1a: Average Wordle Fan|Corviknight, M|58/100 brn
|move|p2a: Garchomp|Earthquake|p1a: Average Wordle Fan
|-immune|p1a: Average Wordle Fan
|
|-damage|p1a: Average Wordle Fan|52/100 brn|[from] brn
|upkeep
|turn|36
|
|t:|1758351661
|switch|p2a: Scizor|Scizor, M|49/100
|move|p1a: Average Wordle Fan|Brave Bird|p2a: Scizor
|-damage|p2a: Scizor|28/100
|-damage|p1a: Average Wordle Fan|46/100 brn|[from] Recoil
|
|-damage|p1a: Average Wordle Fan|40/100 brn|[from] brn
|upkeep
|turn|37
|
|t:|1758351674
|move|p2a: Scizor|Swords Dance|p2a: Scizor
|-boost|p2a: Scizor|atk|2
|move|p1a: Average Wordle Fan|Roost|p1a: Average Wordle Fan
|-heal|p1a: Average Wordle Fan|90/100 brn
|-singleturn|p1a: Average Wordle Fan|move: Roost
|
|-damage|p1a: Average Wordle Fan|83/100 brn|[from] brn
|upkeep
|turn|38
|
|t:|1758351701
|move|p2a: Scizor|Swords Dance|p2a: Scizor
|-boost|p2a: Scizor|atk|2
|move|p1a: Average Wordle Fan|Brave Bird|p2a: Scizor
|-damage|p2a: Scizor|9/100
|-damage|p1a: Average Wordle Fan|78/100 brn|[from] Recoil
|
|-damage|p1a: Average Wordle Fan|72/100 brn|[from] brn
|upkeep
|turn|39
|
|t:|1758351710
|move|p2a: Scizor|Bullet Punch|p1a: Average Wordle Fan
|-resisted|p1a: Average Wordle Fan
|-damage|p1a: Average Wordle Fan|48/100 brn
|-damage|p2a: Scizor|0 fnt|[from] item: Rocky Helmet|[of] p1a: Average Wordle Fan
|faint|p2a: Scizor
|move|p1a: Average Wordle Fan|Brave Bird|p2: Scizor|[notarget]
|-fail|p1a: Average Wordle Fan
|
|-damage|p1a: Average Wordle Fan|42/100 brn|[from] brn
|upkeep
|
|t:|1758351720
|switch|p2a: Garchomp|Garchomp, M|16/100
|turn|40
|
|t:|1758351726
|move|p2a: Garchomp|Fire Fang|p1a: Average Wordle Fan
|-supereffective|p1a: Average Wordle Fan
|-damage|p1a: Average Wordle Fan|17/100 brn
|-damage|p2a: Garchomp|0 fnt|[from] item: Rocky Helmet|[of] p1a: Average Wordle Fan
|faint|p2a: Garchomp
|move|p1a: Average Wordle Fan|Iron Head|p2: Garchomp|[notarget]
|-fail|p1a: Average Wordle Fan
|
|-damage|p1a: Average Wordle Fan|11/100 brn|[from] brn
|upkeep
|
|t:|1758351734
|switch|p2a: Serperior|Serperior, M|27/100
|turn|41
|
|t:|1758351738
|move|p2a: Serperior|Glare||[still]
|-fail|p2a: Serperior
|move|p1a: Average Wordle Fan|Brave Bird|p2a: Serperior
|-supereffective|p2a: Serperior
|-damage|p2a: Serperior|0 fnt
|faint|p2a: Serperior
|-damage|p1a: Average Wordle Fan|2/100 brn|[from] Recoil
|
|win|ImMikeyCzn
|raw|ImMikeyCzn's rating: 1059 &rarr; <strong>1086</strong><br />(+27 for winning)
|raw|24Itachi44's rating: 1010 &rarr; <strong>1000</strong><br />(-10 for losing)
