|j|☆firecharmander004
|j|☆thqrun
|t:|1758290027
|gametype|singles
|player|p1|firecharmander004|1|1434
|player|p2|thqrun|2|1470
|gen|9
|tier|[Gen 9] OU
|rated|
|rule|HP Percentage Mod: HP is shown in percentages
|rule|Endless Battle Clause: Forcing endless battles is banned
|rule|Species Clause: Limit one of each Pokémon
|rule|OHKO Clause: OHKO moves are banned
|rule|Evasion Items Clause: Evasion items are banned
|rule|Evasion Moves Clause: Evasion moves are banned
|rule|Evasion Abilities Clause: Evasion abilities are banned
|rule|Sleep Moves Clause: Sleep-inducing moves are banned
|clearpoke
|poke|p1|Arcanine-Hisui, F|
|poke|p1|Landorus-Therian, M|
|poke|p1|Meowscarada, M|
|poke|p1|Zamazenta-*|
|poke|p1|Slowking-Galar, M|
|poke|p1|Weezing-Galar, F|
|poke|p2|Regice|
|poke|p2|Slowking-Galar, M|
|poke|p2|Gliscor, F|
|poke|p2|Clefable, F|
|poke|p2|Amoonguss, M|
|poke|p2|Corviknight, F|
|teampreview
|inactive|Battle timer is ON: inactive players will automatically lose when time's up. (requested by firecharmander004)
|
|t:|1758290037
|teamsize|p1|6
|teamsize|p2|6
|start
|switch|p1a: Landorus|Landorus-Therian, M, shiny|100/100
|switch|p2a: Clefable|Clefable, F|100/100
|-ability|p1a: Landorus|Intimidate|boost
|-unboost|p2a: Clefable|atk|1
|turn|1
|
|t:|1758290045
|move|p1a: Landorus|Taunt|p2a: Clefable
|-start|p2a: Clefable|move: Taunt
|cant|p2a: Clefable|move: Taunt|Stealth Rock
|
|upkeep
|turn|2
|
|t:|1758290050
|switch|p2a: Gliscor|Gliscor, F, shiny|100/100
|move|p1a: Landorus|U-turn|p2a: Gliscor
|-resisted|p2a: Gliscor
|-damage|p2a: Gliscor|92/100
|
|t:|1758290071
|switch|p1a: Meowscarada|Meowscarada, M, shiny|100/100|[from] U-turn
|
|-status|p2a: Gliscor|tox|[from] item: Toxic Orb
|upkeep
|turn|3
|
|t:|1758290078
|move|p2a: Gliscor|Protect|p2a: Gliscor
|-singleturn|p2a: Gliscor|Protect
|move|p1a: Meowscarada|U-turn|p2a: Gliscor
|-start|p1a: Meowscarada|typechange|Bug|[from] ability: Protean
|-activate|p2a: Gliscor|move: Protect
|
|-heal|p2a: Gliscor|100/100 tox|[from] ability: Poison Heal
|upkeep
|turn|4
|
|t:|1758290089
|move|p1a: Meowscarada|U-turn|p2a: Gliscor
|-resisted|p2a: Gliscor
|-damage|p2a: Gliscor|88/100 tox
|
|t:|1758290094
|switch|p1a: Landorus|Landorus-Therian, M, shiny|100/100|[from] U-turn
|-ability|p1a: Landorus|Intimidate|boost
|-unboost|p2a: Gliscor|atk|1
|move|p2a: Gliscor|Spikes|p1a: Landorus
|-sidestart|p1: firecharmander004|Spikes
|
|-heal|p2a: Gliscor|100/100 tox|[from] ability: Poison Heal
|upkeep
|turn|5
|
|t:|1758290104
|move|p1a: Landorus|Taunt|p2a: Gliscor
|-start|p2a: Gliscor|move: Taunt
|move|p2a: Gliscor|Knock Off|p1a: Landorus
|-crit|p1a: Landorus
|-damage|p1a: Landorus|72/100
|-damage|p2a: Gliscor|84/100 tox|[from] item: Rocky Helmet|[of] p1a: Landorus
|-enditem|p1a: Landorus|Rocky Helmet|[from] move: Knock Off|[of] p2a: Gliscor
|
|-heal|p2a: Gliscor|97/100 tox|[from] ability: Poison Heal
|upkeep
|turn|6
|
|t:|1758290119
|switch|p2a: Slowking|Slowking-Galar, M, shiny|100/100
|move|p1a: Landorus|U-turn|p2a: Slowking
|-damage|p2a: Slowking|77/100
|
|t:|1758290128
|switch|p1a: Arcanine|Arcanine-Hisui, F|100/100|[from] U-turn
|-damage|p1a: Arcanine|88/100|[from] Spikes
|
|upkeep
|turn|7
|
|t:|1758290147
|-terastallize|p2a: Slowking|Water
|move|p1a: Arcanine|Flare Blitz|p2a: Slowking
|-resisted|p2a: Slowking
|-damage|p2a: Slowking|31/100
|-prepare|p2a: Slowking|Chilly Reception|[premajor]
|move|p2a: Slowking|Chilly Reception|p2a: Slowking
|-weather|Snowscape
|
|t:|1758290155
|switch|p2a: Gliscor|Gliscor, F, shiny|97/100 tox|[from] Chilly Reception
|
|-weather|Snowscape|[upkeep]
|-heal|p2a: Gliscor|100/100 tox|[from] ability: Poison Heal
|upkeep
|turn|8
|
|t:|1758290162
|switch|p1a: Weezing|Weezing-Galar, F|100/100
|-ability|p1a: Weezing|Neutralizing Gas
|move|p2a: Gliscor|Earthquake|p1a: Weezing
|-supereffective|p1a: Weezing
|-damage|p1a: Weezing|55/100
|
|-weather|Snowscape|[upkeep]
|-damage|p2a: Gliscor|88/100 tox|[from] psn
|upkeep
|turn|9
|
|t:|1758290177
|switch|p2a: Slowking|Slowking-Galar, M, shiny, tera:Water|65/100
|move|p1a: Weezing|Defog|p2a: Slowking
|-unboost|p2a: Slowking|evasion|1
|-sideend|p1: firecharmander004|Spikes|[from] move: Defog|[of] p1a: Weezing
|
|-weather|Snowscape|[upkeep]
|upkeep
|turn|10
|
|t:|1758290186
|move|p1a: Weezing|Will-O-Wisp|p2a: Slowking
|-status|p2a: Slowking|brn
|move|p2a: Slowking|Future Sight|p1a: Weezing
|-start|p2a: Slowking|move: Future Sight
|
|-weather|Snowscape|[upkeep]
|-damage|p2a: Slowking|59/100 brn|[from] brn
|upkeep
|turn|11
|
|t:|1758290197
|-end|p1a: Weezing|ability: Neutralizing Gas
|switch|p1a: Slowking|Slowking-Galar, M|100/100
|-prepare|p2a: Slowking|Chilly Reception|[premajor]
|move|p2a: Slowking|Chilly Reception|p2a: Slowking
|
|t:|1758290208
|switch|p2a: Gliscor|Gliscor, F, shiny|88/100 tox|[from] Chilly Reception
|
|-weather|none
|-heal|p2a: Gliscor|100/100 tox|[from] ability: Poison Heal
|upkeep
|turn|12
|
|t:|1758290215
|switch|p1a: Landorus|Landorus-Therian, M, shiny|72/100
|-ability|p1a: Landorus|Intimidate|boost
|-unboost|p2a: Gliscor|atk|1
|move|p2a: Gliscor|Knock Off|p1a: Landorus
|-damage|p1a: Landorus|63/100
|
|-end|p1a: Landorus|move: Future Sight
|-damage|p1a: Landorus|17/100
|upkeep
|turn|13
|
|t:|1758290225
|move|p1a: Landorus|Taunt|p2a: Gliscor
|-start|p2a: Gliscor|move: Taunt
|move|p2a: Gliscor|Knock Off|p1a: Landorus
|-damage|p1a: Landorus|7/100
|
|upkeep
|turn|14
|
|t:|1758290231
|move|p1a: Landorus|Stealth Rock|p2a: Gliscor
|-sidestart|p2: thqrun|move: Stealth Rock
|move|p2a: Gliscor|Knock Off|p1a: Landorus
|-damage|p1a: Landorus|0 fnt
|faint|p1a: Landorus
|
|upkeep
|
|t:|1758290234
|switch|p1a: Arcanine|Arcanine-Hisui, F|88/100
|turn|15
|
|t:|1758290241
|-terastallize|p1a: Arcanine|Rock
|move|p1a: Arcanine|Head Smash|p2a: Gliscor
|-damage|p2a: Gliscor|0 fnt
|faint|p2a: Gliscor
|
|upkeep
|
|t:|1758290251
|switch|p2a: Amoonguss|Amoonguss, M, shiny|100/100
|turn|16
|
|t:|1758290256
|move|p1a: Arcanine|Head Smash|p2a: Amoonguss
|-damage|p2a: Amoonguss|0 fnt
|faint|p2a: Amoonguss
|
|upkeep
|
|t:|1758290263
|switch|p2a: Corviknight|Corviknight, F|100/100
|-damage|p2a: Corviknight|88/100|[from] Stealth Rock
|-ability|p2a: Corviknight|Pressure
|turn|17
|
|t:|1758290272
|switch|p1a: Slowking|Slowking-Galar, M|100/100
|move|p2a: Corviknight|Body Press|p1a: Slowking
|-resisted|p1a: Slowking
|-damage|p1a: Slowking|94/100
|
|upkeep
|turn|18
|
|t:|1758290280
|move|p2a: Corviknight|U-turn|p1a: Slowking
|-damage|p1a: Slowking|80/100
|
|t:|1758290282
|switch|p2a: Slowking|Slowking-Galar, M, shiny, tera:Water|92/100 brn|[from] U-turn
|-prepare|p1a: Slowking|Chilly Reception|[premajor]
|move|p1a: Slowking|Chilly Reception|p1a: Slowking
|-weather|Snowscape
|
|t:|1758290294
|switch|p1a: Arcanine|Arcanine-Hisui, F, tera:Rock|88/100|[from] Chilly Reception
|
|-weather|Snowscape|[upkeep]
|-damage|p2a: Slowking|86/100 brn|[from] brn
|upkeep
|turn|19
|-message|thqrun forfeited.
|
|win|firecharmander004
|raw|firecharmander004's rating: 1434 &rarr; <strong>1456</strong><br />(+22 for winning)
|raw|thqrun's rating: 1470 &rarr; <strong>1448</strong><br />(-22 for losing)
|l|☆thqrun
|player|p2|
