|j|☆bio2.0
|j|☆Gucci Buddha
|t:|1758259824
|gametype|singles
|player|p1|bio2.0|266|1312
|player|p2|Gucci Buddha|volkner|1363
|gen|9
|tier|[Gen 9] OU
|rated|
|rule|HP Percentage Mod: HP is shown in percentages
|rule|Endless Battle Clause: Forcing endless battles is banned
|rule|Species Clause: Limit one of each Pokémon
|rule|OHKO Clause: OHKO moves are banned
|rule|Evasion Items Clause: Evasion items are banned
|rule|Evasion Moves Clause: Evasion moves are banned
|rule|Evasion Abilities Clause: Evasion abilities are banned
|rule|Sleep Moves Clause: Sleep-inducing moves are banned
|clearpoke
|poke|p1|Iron Boulder|
|poke|p1|Shiftry, F|
|poke|p1|Garchomp, M|
|poke|p1|Iron Valiant|
|poke|p1|Snorlax, M|
|poke|p1|Great Tusk|
|poke|p2|Zamazenta-*|
|poke|p2|Kingambit, F|
|poke|p2|Samurott-Hisui, M|
|poke|p2|Landorus-Therian, M|
|poke|p2|Iron Valiant|
|poke|p2|Iron Moth|
|teampreview
|inactive|Battle timer is ON: inactive players will automatically lose when time's up. (requested by Gucci Buddha)
|
|t:|1758259843
|teamsize|p1|6
|teamsize|p2|6
|start
|switch|p1a: Shiftry|Shiftry, F|100/100
|switch|p2a: yuri on dice|Samurott-Hisui, M|100/100
|turn|1
|
|t:|1758259851
|move|p2a: yuri on dice|Ceaseless Edge|p1a: Shiftry|[miss]
|-miss|p2a: yuri on dice|p1a: Shiftry
|move|p1a: Shiftry|Tailwind|p1a: Shiftry
|-sidestart|p1: bio2.0|move: Tailwind
|-ability|p1a: Shiftry|Wind Rider|boost
|-boost|p1a: Shiftry|atk|1
|
|upkeep
|turn|2
|
|t:|1758259857
|move|p1a: Shiftry|Leaf Blade|p2a: yuri on dice
|-supereffective|p2a: yuri on dice
|-enditem|p2a: yuri on dice|Focus Sash
|-damage|p2a: yuri on dice|1/100
|move|p2a: yuri on dice|Ceaseless Edge|p1a: Shiftry
|-resisted|p1a: Shiftry
|-damage|p1a: Shiftry|60/100
|-sidestart|p1: bio2.0|Spikes
|
|upkeep
|turn|3
|c|☆bio2.0|oof
|
|t:|1758259866
|move|p1a: Shiftry|Leaf Blade|p2a: yuri on dice
|-supereffective|p2a: yuri on dice
|-damage|p2a: yuri on dice|0 fnt
|faint|p2a: yuri on dice
|
|upkeep
|inactive|Gucci Buddha has 120 seconds left.
|
|t:|1758259899
|switch|p2a: cs:gone|Iron Valiant|100/100
|-enditem|p2a: cs:gone|Booster Energy
|-activate|p2a: cs:gone|ability: Quark Drive|[fromitem]
|-start|p2a: cs:gone|quarkdrivespe
|turn|4
|
|t:|1758259906
|move|p2a: cs:gone|Moonblast|p1a: Shiftry
|-supereffective|p1a: Shiftry
|-damage|p1a: Shiftry|0 fnt
|faint|p1a: Shiftry
|
|-sideend|p1: bio2.0|move: Tailwind
|upkeep
|
|t:|1758259916
|switch|p1a: Snorlax|Snorlax, M|100/100
|-damage|p1a: Snorlax|88/100|[from] Spikes
|turn|5
|
|t:|1758259934
|-end|p2a: cs:gone|Quark Drive|[silent]
|switch|p2a: splooge mcduck|Landorus-Therian, M|100/100
|-ability|p2a: splooge mcduck|Intimidate|boost
|-unboost|p1a: Snorlax|atk|1
|move|p1a: Snorlax|Double-Edge|p2a: splooge mcduck
|-damage|p2a: splooge mcduck|60/100
|-damage|p1a: Snorlax|71/100|[from] item: Rocky Helmet|[of] p2a: splooge mcduck
|-damage|p1a: Snorlax|62/100|[from] Recoil
|
|upkeep
|turn|6
|
|t:|1758259949
|switch|p1a: Great Tusk|Great Tusk|100/100
|-damage|p1a: Great Tusk|88/100|[from] Spikes
|-enditem|p1a: Great Tusk|Booster Energy
|-activate|p1a: Great Tusk|ability: Protosynthesis|[fromitem]
|-start|p1a: Great Tusk|protosynthesisatk
|move|p2a: splooge mcduck|Stealth Rock|p1a: Great Tusk
|-sidestart|p1: bio2.0|move: Stealth Rock
|
|upkeep
|turn|7
|
|t:|1758259966
|move|p2a: splooge mcduck|U-turn|p1a: Great Tusk
|-resisted|p1a: Great Tusk
|-damage|p1a: Great Tusk|80/100
|
|t:|1758259968
|switch|p2a: house for sale|Zamazenta|100/100|[from] U-turn
|-ability|p2a: house for sale|Dauntless Shield|boost
|-boost|p2a: house for sale|def|1
|move|p1a: Great Tusk|Rapid Spin|p2a: house for sale
|-damage|p2a: house for sale|89/100
|-boost|p1a: Great Tusk|spe|1
|-sideend|p1: bio2.0|Spikes|[from] move: Rapid Spin|[of] p1a: Great Tusk
|-sideend|p1: bio2.0|Stealth Rock|[from] move: Rapid Spin|[of] p1a: Great Tusk
|
|-heal|p2a: house for sale|95/100|[from] item: Leftovers
|upkeep
|turn|8
|
|t:|1758259972
|move|p2a: house for sale|Iron Defense|p2a: house for sale
|-boost|p2a: house for sale|def|2
|move|p1a: Great Tusk|Roar|p2a: house for sale
|drag|p2a: splooge mcduck|Landorus-Therian, M|60/100
|-ability|p2a: splooge mcduck|Intimidate|boost
|-unboost|p1a: Great Tusk|atk|1
|
|upkeep
|turn|9
|
|t:|1758259979
|-end|p1a: Great Tusk|Protosynthesis|[silent]
|switch|p1a: Garchomp|Garchomp, M|100/100
|move|p2a: splooge mcduck|U-turn|p1a: Garchomp
|-damage|p1a: Garchomp|78/100
|-damage|p2a: splooge mcduck|48/100|[from] ability: Rough Skin|[of] p1a: Garchomp
|
|t:|1758259993
|switch|p2a: cs:gone|Iron Valiant|100/100|[from] U-turn
|
|upkeep
|turn|10
|
|t:|1758260013
|switch|p1a: Snorlax|Snorlax, M|62/100
|move|p2a: cs:gone|Moonblast|p1a: Snorlax
|-damage|p1a: Snorlax|33/100
|
|upkeep
|turn|11
|-enditem|p1a: Snorlax|Custap Berry|[eat]
|-activate|p1a: Snorlax|item: Custap Berry|[consumed]
|
|t:|1758260020
|move|p1a: Snorlax|Double-Edge|p2a: cs:gone
|-damage|p2a: cs:gone|15/100
|-damage|p1a: Snorlax|17/100|[from] Recoil
|move|p2a: cs:gone|Moonblast|p1a: Snorlax
|-damage|p1a: Snorlax|0 fnt
|faint|p1a: Snorlax
|
|upkeep
|
|t:|1758260027
|switch|p1a: Iron Valiant|Iron Valiant|100/100
|-enditem|p1a: Iron Valiant|Booster Energy
|-activate|p1a: Iron Valiant|ability: Quark Drive|[fromitem]
|-start|p1a: Iron Valiant|quarkdrivespe
|turn|12
|
|t:|1758260040
|move|p1a: Iron Valiant|Calm Mind|p1a: Iron Valiant
|-boost|p1a: Iron Valiant|spa|1
|-boost|p1a: Iron Valiant|spd|1
|move|p2a: cs:gone|Moonblast|p1a: Iron Valiant
|-supereffective|p1a: Iron Valiant
|-damage|p1a: Iron Valiant|0 fnt
|faint|p1a: Iron Valiant
|-end|p1a: Iron Valiant|Quark Drive|[silent]
|
|upkeep
|-message|bio2.0 forfeited.
|
|win|Gucci Buddha
|raw|bio2.0's rating: 1312 &rarr; <strong>1294</strong><br />(-18 for losing)
|raw|Gucci Buddha's rating: 1347 &rarr; <strong>1365</strong><br />(+18 for winning)
|l|☆bio2.0
|player|p1|
|l|☆Gucci Buddha
|player|p2|
