|j|☆Catactual
|j|☆pikalyte3
|t:|1758312766
|gametype|singles
|player|p1|Catactual|2|1561
|player|p2|pikalyte3|dancer|1562
|gen|9
|tier|[Gen 9] OU
|rated|
|rule|HP Percentage Mod: HP is shown in percentages
|rule|Endless Battle Clause: Forcing endless battles is banned
|rule|Species Clause: Limit one of each Pokémon
|rule|OHKO Clause: OHKO moves are banned
|rule|Evasion Items Clause: Evasion items are banned
|rule|Evasion Moves Clause: Evasion moves are banned
|rule|Evasion Abilities Clause: Evasion abilities are banned
|rule|Sleep Moves Clause: Sleep-inducing moves are banned
|clearpoke
|poke|p1|Moltres|
|poke|p1|Wo-Chien|
|poke|p1|Raging Bolt|
|poke|p1|Great Tusk|
|poke|p1|Iron Crown|
|poke|p1|Dragapult, M|
|poke|p2|Dragonite, F|
|poke|p2|Samurott-Hisui, M|
|poke|p2|Landorus-Therian, M|
|poke|p2|Iron Moth|
|poke|p2|Darkrai|
|poke|p2|Kingambit, M|
|teampreview
|inactive|Battle timer is ON: inactive players will automatically lose when time's up. (requested by Catactual)
|inactive|pikalyte3 has 120 seconds left.
|
|t:|1758312823
|teamsize|p1|6
|teamsize|p2|6
|start
|switch|p1a: Wo-Chien|Wo-Chien|100/100
|switch|p2a: Samurott|Samurott-Hisui, M|100/100
|-ability|p1a: Wo-Chien|Tablets of Ruin
|turn|1
|
|t:|1758312838
|switch|p2a: Iron Moth|Iron Moth|100/100
|-enditem|p2a: Iron Moth|Booster Energy
|-activate|p2a: Iron Moth|ability: Quark Drive|[fromitem]
|-start|p2a: Iron Moth|quarkdrivespe
|move|p1a: Wo-Chien|Giga Drain|p2a: Iron Moth
|-resisted|p2a: Iron Moth
|-damage|p2a: Iron Moth|95/100
|
|upkeep
|turn|2
|
|t:|1758312859
|switch|p1a: Raging Bolt|Raging Bolt|100/100
|move|p2a: Iron Moth|Fiery Dance|p1a: Raging Bolt
|-resisted|p1a: Raging Bolt
|-damage|p1a: Raging Bolt|81/100
|-boost|p2a: Iron Moth|spa|1
|
|upkeep
|turn|3
|
|t:|1758312878
|move|p2a: Iron Moth|Dazzling Gleam|p1a: Raging Bolt
|-supereffective|p1a: Raging Bolt
|-damage|p1a: Raging Bolt|4/100
|move|p1a: Raging Bolt|Draco Meteor|p2a: Iron Moth
|-damage|p2a: Iron Moth|0 fnt
|-unboost|p1a: Raging Bolt|spa|2
|faint|p2a: Iron Moth
|-end|p2a: Iron Moth|Quark Drive|[silent]
|
|upkeep
|
|t:|1758312892
|switch|p2a: land rover|Landorus-Therian, M|100/100
|-ability|p2a: land rover|Intimidate|boost
|-unboost|p1a: Raging Bolt|atk|1
|turn|4
|
|t:|1758312899
|-end|p1a: Raging Bolt|Protosynthesis|[silent]
|switch|p1a: Moltres|Moltres|100/100
|move|p2a: land rover|U-turn|p1a: Moltres
|-resisted|p1a: Moltres
|-damage|p1a: Moltres|97/100
|
|t:|1758312903
|switch|p2a: Samurott|Samurott-Hisui, M|100/100|[from] U-turn
|
|upkeep
|turn|5
|
|t:|1758312908
|switch|p2a: Darkrai|Darkrai|100/100
|switch|p1a: Wo-Chien|Wo-Chien|100/100
|-ability|p1a: Wo-Chien|Tablets of Ruin
|
|upkeep
|turn|6
|
|t:|1758312912
|move|p2a: Darkrai|Nasty Plot|p2a: Darkrai
|-boost|p2a: Darkrai|spa|2
|move|p1a: Wo-Chien|Body Press|p2a: Darkrai
|-supereffective|p2a: Darkrai
|-damage|p2a: Darkrai|31/100
|
|upkeep
|turn|7
|
|t:|1758312916
|move|p2a: Darkrai|Ice Beam|p1a: Wo-Chien
|-supereffective|p1a: Wo-Chien
|-damage|p1a: Wo-Chien|19/100
|-status|p1a: Wo-Chien|frz
|-damage|p2a: Darkrai|21/100|[from] item: Life Orb
|cant|p1a: Wo-Chien|frz
|
|upkeep
|turn|8
|
|t:|1758312934
|move|p2a: Darkrai|Dark Pulse|p1a: Wo-Chien
|-resisted|p1a: Wo-Chien
|-damage|p1a: Wo-Chien|0 fnt
|faint|p1a: Wo-Chien
|-damage|p2a: Darkrai|12/100|[from] item: Life Orb
|
|upkeep
|
|t:|1758312936
|switch|p1a: Dragapult|Dragapult, M|100/100
|turn|9
|
|t:|1758312941
|move|p1a: Dragapult|Sucker Punch|p2a: Darkrai
|-resisted|p2a: Darkrai
|-damage|p2a: Darkrai|0 fnt
|faint|p2a: Darkrai
|
|upkeep
|
|t:|1758312945
|switch|p2a: Samurott|Samurott-Hisui, M|100/100
|turn|10
|
|t:|1758312951
|switch|p1a: Raging Bolt|Raging Bolt|4/100
|move|p2a: Samurott|Ceaseless Edge|p1a: Raging Bolt
|-damage|p1a: Raging Bolt|0 fnt
|-sidestart|p1: Catactual|Spikes
|faint|p1a: Raging Bolt
|-end|p1a: Raging Bolt|Protosynthesis|[silent]
|
|upkeep
|
|t:|1758312954
|switch|p1a: Great Tusk|Great Tusk|100/100
|turn|11
|
|t:|1758312961
|move|p1a: Great Tusk|Stealth Rock|p2a: Samurott
|-sidestart|p2: pikalyte3|move: Stealth Rock
|move|p2a: Samurott|Aqua Cutter|p1a: Great Tusk
|-supereffective|p1a: Great Tusk
|-damage|p1a: Great Tusk|34/100
|
|upkeep
|turn|12
|
|t:|1758312965
|move|p1a: Great Tusk|Headlong Rush|p2a: Samurott
|-damage|p2a: Samurott|19/100
|-unboost|p1a: Great Tusk|def|1
|-unboost|p1a: Great Tusk|spd|1
|move|p2a: Samurott|Aqua Cutter|p1a: Great Tusk
|-supereffective|p1a: Great Tusk
|-damage|p1a: Great Tusk|0 fnt
|faint|p1a: Great Tusk
|-end|p1a: Great Tusk|Protosynthesis|[silent]
|
|upkeep
|
|t:|1758312987
|switch|p1a: Dragapult|Dragapult, M|100/100
|-damage|p1a: Dragapult|88/100|[from] Spikes
|turn|13
|
|t:|1758313001
|switch|p2a: land rover|Landorus-Therian, M|100/100
|-damage|p2a: land rover|88/100|[from] Stealth Rock
|-ability|p2a: land rover|Intimidate|boost
|-fail|p1a: Dragapult|unboost|[from] ability: Clear Body|[of] p1a: Dragapult
|move|p1a: Dragapult|Dragon Darts|p2a: land rover
|-damage|p2a: land rover|44/100
|-anim|p1a: Dragapult|Dragon Darts|p2a: land rover
|-damage|p2a: land rover|0 fnt
|faint|p2a: land rover
|
|upkeep
|
|t:|1758313005
|switch|p2a: Kingambit|Kingambit, M|100/100
|-damage|p2a: Kingambit|94/100|[from] Stealth Rock
|-activate|p2a: Kingambit|ability: Supreme Overlord
|-start|p2a: Kingambit|fallen3|[silent]
|-item|p2a: Kingambit|Air Balloon
|turn|14
|
|t:|1758313015
|switch|p1a: Moltres|Moltres|97/100
|move|p2a: Kingambit|Swords Dance|p2a: Kingambit
|-boost|p2a: Kingambit|atk|2
|
|upkeep
|turn|15
|
|t:|1758313020
|move|p1a: Moltres|Will-O-Wisp|p2a: Kingambit
|-status|p2a: Kingambit|brn
|move|p2a: Kingambit|Kowtow Cleave|p1a: Moltres
|-damage|p1a: Moltres|55/100
|
|-damage|p2a: Kingambit|88/100 brn|[from] brn
|upkeep
|turn|16
|-message|pikalyte3 forfeited.
|
|win|Catactual
|raw|Catactual's rating: 1561 &rarr; <strong>1581</strong><br />(+20 for winning)
|raw|pikalyte3's rating: 1562 &rarr; <strong>1542</strong><br />(-20 for losing)
|l|☆pikalyte3
|player|p2|
|l|☆Catactual
|player|p1|
