|j|☆menestros
|j|☆Fifo drummer
|t:|1758278893
|gametype|singles
|player|p1|menestros|170|1278
|player|p2|Fifo drummer|unknown|1343
|gen|9
|tier|[Gen 9] OU
|rated|
|rule|HP Percentage Mod: HP is shown in percentages
|rule|Endless Battle Clause: Forcing endless battles is banned
|rule|Species Clause: Limit one of each Pokémon
|rule|OHKO Clause: OHKO moves are banned
|rule|Evasion Items Clause: Evasion items are banned
|rule|Evasion Moves Clause: Evasion moves are banned
|rule|Evasion Abilities Clause: Evasion abilities are banned
|rule|Sleep Moves Clause: Sleep-inducing moves are banned
|clearpoke
|poke|p1|Garganacl, F|
|poke|p1|Great Tusk|
|poke|p1|Gholdengo|
|poke|p1|Raging Bolt|
|poke|p1|Walking Wake|
|poke|p1|Torkoal, F|
|poke|p2|Crawdaunt, M|
|poke|p2|Krookodile, M|
|poke|p2|Goodra-Hisui, F|
|poke|p2|Haxorus, M|
|poke|p2|Espeon, F|
|poke|p2|Corviknight, F|
|teampreview
|inactive|Battle timer is ON: inactive players will automatically lose when time's up. (requested by menestros)
|
|t:|1758278903
|teamsize|p1|6
|teamsize|p2|6
|start
|switch|p1a: Torkoal|Torkoal, F|100/100
|switch|p2a: Son of a Krook|Krookodile, M, shiny|100/100
|-weather|SunnyDay|[from] ability: Drought|[of] p1a: Torkoal
|turn|1
|
|t:|1758278921
|switch|p1a: Walking Wake|Walking Wake|100/100
|-activate|p1a: Walking Wake|ability: Protosynthesis
|-start|p1a: Walking Wake|protosynthesisspe
|move|p2a: Son of a Krook|Earthquake|p1a: Walking Wake
|-damage|p1a: Walking Wake|41/100
|
|-weather|SunnyDay|[upkeep]
|upkeep
|turn|2
|
|t:|1758278932
|switch|p2a: Badra|Goodra-Hisui, F|100/100
|move|p1a: Walking Wake|Hydro Steam|p2a: Badra
|-resisted|p2a: Badra
|-damage|p2a: Badra|77/100
|
|-weather|SunnyDay|[upkeep]
|upkeep
|turn|3
|inactive|menestros has 120 seconds left.
|
|t:|1758278957
|-end|p1a: Walking Wake|Protosynthesis|[silent]
|switch|p1a: Great Tusk|Great Tusk|100/100
|-activate|p1a: Great Tusk|ability: Protosynthesis
|-start|p1a: Great Tusk|protosynthesisatk
|move|p2a: Badra|Dragon Pulse|p1a: Great Tusk
|-damage|p1a: Great Tusk|37/100
|
|-weather|SunnyDay|[upkeep]
|upkeep
|turn|4
|inactive|menestros has 120 seconds left.
|
|t:|1758278967
|switch|p2a: Mrs Raven|Corviknight, F, shiny|100/100
|move|p1a: Great Tusk|Earthquake|p2a: Mrs Raven
|-immune|p2a: Mrs Raven
|
|-weather|SunnyDay|[upkeep]
|upkeep
|turn|5
|inactive|menestros has 120 seconds left.
|
|t:|1758278978
|switch|p2a: I don't give a fox|Espeon, F, shiny|100/100
|move|p1a: Great Tusk|Knock Off|p2a: I don't give a fox
|-supereffective|p2a: I don't give a fox
|-damage|p2a: I don't give a fox|0 fnt
|-enditem|p2a: I don't give a fox|Leftovers|[from] move: Knock Off|[of] p1a: Great Tusk
|faint|p2a: I don't give a fox
|
|-weather|SunnyDay|[upkeep]
|upkeep
|
|t:|1758278990
|switch|p2a: Mrs Raven|Corviknight, F, shiny|100/100
|turn|6
|
|t:|1758278995
|move|p1a: Great Tusk|Knock Off|p2a: Mrs Raven
|-damage|p2a: Mrs Raven|63/100
|-damage|p1a: Great Tusk|21/100|[from] item: Rocky Helmet|[of] p2a: Mrs Raven
|-enditem|p2a: Mrs Raven|Rocky Helmet|[from] move: Knock Off|[of] p1a: Great Tusk
|move|p2a: Mrs Raven|Brave Bird|p1a: Great Tusk
|-supereffective|p1a: Great Tusk
|-damage|p1a: Great Tusk|0 fnt
|faint|p1a: Great Tusk
|-end|p1a: Great Tusk|Protosynthesis|[silent]
|-damage|p2a: Mrs Raven|56/100|[from] Recoil
|
|-weather|SunnyDay|[upkeep]
|upkeep
|
|t:|1758279010
|switch|p1a: Raging Bolt|Raging Bolt|100/100
|-activate|p1a: Raging Bolt|ability: Protosynthesis
|-start|p1a: Raging Bolt|protosynthesisspa
|turn|7
|
|t:|1758279016
|switch|p2a: Badra|Goodra-Hisui, F|77/100
|move|p1a: Raging Bolt|Weather Ball|p2a: Badra
|-damage|p2a: Badra|32/100
|
|-weather|SunnyDay|[upkeep]
|upkeep
|turn|8
|
|t:|1758279032
|-terastallize|p1a: Raging Bolt|Electric
|move|p1a: Raging Bolt|Weather Ball|p2a: Badra
|-crit|p2a: Badra
|-damage|p2a: Badra|0 fnt
|faint|p2a: Badra
|
|-weather|none
|-end|p1a: Raging Bolt|Protosynthesis
|upkeep
|
|t:|1758279041
|switch|p2a: Son of a Krook|Krookodile, M, shiny|100/100
|turn|9
|
|t:|1758279047
|-end|p1a: Raging Bolt|Protosynthesis|[silent]
|switch|p1a: Torkoal|Torkoal, F|100/100
|-weather|SunnyDay|[from] ability: Drought|[of] p1a: Torkoal
|move|p2a: Son of a Krook|Earthquake|p1a: Torkoal
|-supereffective|p1a: Torkoal
|-damage|p1a: Torkoal|12/100
|
|-weather|SunnyDay|[upkeep]
|upkeep
|turn|10
|
|t:|1758279058
|move|p2a: Son of a Krook|Earthquake|p1a: Torkoal
|-supereffective|p1a: Torkoal
|-damage|p1a: Torkoal|0 fnt
|faint|p1a: Torkoal
|-ability|p2a: Son of a Krook|Moxie|boost
|-boost|p2a: Son of a Krook|atk|1
|
|-weather|SunnyDay|[upkeep]
|upkeep
|
|t:|1758279071
|switch|p1a: Walking Wake|Walking Wake|41/100
|-activate|p1a: Walking Wake|ability: Protosynthesis
|-start|p1a: Walking Wake|protosynthesisspe
|turn|11
|
|t:|1758279078
|switch|p2a: Mrs Raven|Corviknight, F, shiny|56/100
|move|p1a: Walking Wake|Hydro Steam|p2a: Mrs Raven
|-damage|p2a: Mrs Raven|0 fnt
|faint|p2a: Mrs Raven
|
|-weather|SunnyDay|[upkeep]
|upkeep
|
|t:|1758279087
|switch|p2a: AXE Bodyspray|Haxorus, M, shiny|100/100
|-ability|p2a: AXE Bodyspray|Mold Breaker
|turn|12
|
|t:|1758279100
|-end|p1a: Walking Wake|Protosynthesis|[silent]
|switch|p1a: Gholdengo|Gholdengo|100/100
|move|p2a: AXE Bodyspray|Earthquake|p1a: Gholdengo
|-supereffective|p1a: Gholdengo
|-damage|p1a: Gholdengo|7/100
|
|-weather|SunnyDay|[upkeep]
|upkeep
|turn|13
|
|t:|1758279110
|move|p1a: Gholdengo|Psychic|p2a: AXE Bodyspray
|-damage|p2a: AXE Bodyspray|46/100
|move|p2a: AXE Bodyspray|Earthquake|p1a: Gholdengo
|-supereffective|p1a: Gholdengo
|-damage|p1a: Gholdengo|0 fnt
|faint|p1a: Gholdengo
|
|-weather|SunnyDay|[upkeep]
|upkeep
|
|t:|1758279119
|switch|p1a: Walking Wake|Walking Wake|41/100
|-activate|p1a: Walking Wake|ability: Protosynthesis
|-start|p1a: Walking Wake|protosynthesisspe
|turn|14
|
|t:|1758279138
|move|p1a: Walking Wake|Hydro Steam|p2a: AXE Bodyspray
|-resisted|p2a: AXE Bodyspray
|-damage|p2a: AXE Bodyspray|0 fnt
|faint|p2a: AXE Bodyspray
|
|-weather|SunnyDay|[upkeep]
|upkeep
|
|t:|1758279145
|switch|p2a: Shrimpboat Capt.|Crawdaunt, M|100/100
|turn|15
|
|t:|1758279154
|move|p1a: Walking Wake|Hydro Steam|p2a: Shrimpboat Capt.
|-resisted|p2a: Shrimpboat Capt.
|-damage|p2a: Shrimpboat Capt.|7/100
|move|p2a: Shrimpboat Capt.|Knock Off|p1a: Walking Wake
|-damage|p1a: Walking Wake|0 fnt
|-enditem|p1a: Walking Wake|Choice Specs|[from] move: Knock Off|[of] p2a: Shrimpboat Capt.
|faint|p1a: Walking Wake
|-end|p1a: Walking Wake|Protosynthesis|[silent]
|
|-weather|SunnyDay|[upkeep]
|upkeep
|
|t:|1758279164
|switch|p1a: Raging Bolt|Raging Bolt, tera:Electric|100/100
|-activate|p1a: Raging Bolt|ability: Protosynthesis
|-start|p1a: Raging Bolt|protosynthesisspa
|turn|16
|
|t:|1758279175
|-terastallize|p2a: Shrimpboat Capt.|Ground
|move|p2a: Shrimpboat Capt.|Endeavor|p1a: Raging Bolt
|-damage|p1a: Raging Bolt|4/100
|move|p1a: Raging Bolt|Dragon Pulse|p2a: Shrimpboat Capt.
|-damage|p2a: Shrimpboat Capt.|0 fnt
|faint|p2a: Shrimpboat Capt.
|
|-weather|none
|-end|p1a: Raging Bolt|Protosynthesis
|-heal|p1a: Raging Bolt|11/100|[from] item: Leftovers
|upkeep
|
|t:|1758279187
|switch|p2a: Son of a Krook|Krookodile, M, shiny|100/100
|turn|17
|
|t:|1758279195
|move|p2a: Son of a Krook|Earthquake|p1a: Raging Bolt
|-supereffective|p1a: Raging Bolt
|-damage|p1a: Raging Bolt|0 fnt
|faint|p1a: Raging Bolt
|-end|p1a: Raging Bolt|Protosynthesis|[silent]
|-ability|p2a: Son of a Krook|Moxie|boost
|-boost|p2a: Son of a Krook|atk|1
|
|upkeep
|
|t:|1758279201
|switch|p1a: Garganacl|Garganacl, F|100/100
|turn|18
|
|t:|1758279206
|move|p2a: Son of a Krook|Earthquake|p1a: Garganacl
|-supereffective|p1a: Garganacl
|-damage|p1a: Garganacl|4/100
|move|p1a: Garganacl|Salt Cure|p2a: Son of a Krook
|-resisted|p2a: Son of a Krook
|-damage|p2a: Son of a Krook|92/100
|-start|p2a: Son of a Krook|Salt Cure
|
|-heal|p1a: Garganacl|10/100|[from] item: Leftovers
|-damage|p2a: Son of a Krook|80/100|[from] Salt Cure
|upkeep
|turn|19
|
|t:|1758279216
|move|p2a: Son of a Krook|Earthquake|p1a: Garganacl
|-supereffective|p1a: Garganacl
|-damage|p1a: Garganacl|0 fnt
|faint|p1a: Garganacl
|
|win|Fifo drummer
|raw|menestros's rating: 1278 &rarr; <strong>1258</strong><br />(-20 for losing)
|raw|Fifo drummer's rating: 1343 &rarr; <strong>1359</strong><br />(+16 for winning)
|c|☆Fifo drummer|Ggs
|l|☆menestros
|player|p1|
|l|☆Fifo drummer
|player|p2|
