|j|☆kazaboy
|j|☆chrxn't
|t:|1758359598
|gametype|singles
|player|p1|kazaboy|bruno|1115
|player|p2|chrxn't|psychic-gen4|1125
|gen|9
|tier|[Gen 9] OU
|rated|
|rule|HP Percentage Mod: HP is shown in percentages
|rule|Endless Battle Clause: Forcing endless battles is banned
|rule|Species Clause: Limit one of each Pokémon
|rule|OHKO Clause: OHKO moves are banned
|rule|Evasion Items Clause: Evasion items are banned
|rule|Evasion Moves Clause: Evasion moves are banned
|rule|Evasion Abilities Clause: Evasion abilities are banned
|rule|Sleep Moves Clause: Sleep-inducing moves are banned
|clearpoke
|poke|p1|Zamazenta-*|
|poke|p1|Ninetales-Alola, F|
|poke|p1|Darkrai|
|poke|p1|Ceruledge, M|
|poke|p1|Gliscor, M|
|poke|p1|Hatterene, F|
|poke|p2|Furret, F|
|poke|p2|Meowscarada, M|
|poke|p2|Greninja-*, M|
|poke|p2|Lokix, F|
|poke|p2|Maushold-Four|
|poke|p2|Moltres-Galar|
|teampreview
|inactive|Battle timer is ON: inactive players will automatically lose when time's up. (requested by chrxn't)
|inactive|kazaboy also wants the timer to be on.
|
|t:|1758359620
|teamsize|p1|6
|teamsize|p2|6
|start
|switch|p1a: Ceruledge|Ceruledge, M|100/100
|switch|p2a: Moltres|Moltres-Galar|100/100
|turn|1
|
|t:|1758359642
|switch|p1a: Ninetales|Ninetales-Alola, F|100/100
|-weather|Snowscape|[from] ability: Snow Warning|[of] p1a: Ninetales
|move|p2a: Moltres|Ancient Power|p1a: Ninetales
|-supereffective|p1a: Ninetales
|-damage|p1a: Ninetales|66/100
|
|-weather|Snowscape|[upkeep]
|upkeep
|turn|2
|
|t:|1758359656
|move|p1a: Ninetales|Aurora Veil|p1a: Ninetales
|-sidestart|p1: kazaboy|move: Aurora Veil
|move|p2a: Moltres|Ancient Power|p1a: Ninetales
|-supereffective|p1a: Ninetales
|-damage|p1a: Ninetales|47/100
|
|-weather|Snowscape|[upkeep]
|upkeep
|turn|3
|
|t:|1758359667
|move|p1a: Ninetales|Freeze-Dry|p2a: Moltres
|-supereffective|p2a: Moltres
|-damage|p2a: Moltres|65/100
|move|p2a: Moltres|Ancient Power|p1a: Ninetales
|-supereffective|p1a: Ninetales
|-damage|p1a: Ninetales|31/100
|
|-weather|Snowscape|[upkeep]
|upkeep
|turn|4
|
|t:|1758359678
|move|p1a: Ninetales|Freeze-Dry|p2a: Moltres
|-supereffective|p2a: Moltres
|-damage|p2a: Moltres|28/100
|-ability|p2a: Moltres|Berserk|boost
|-boost|p2a: Moltres|spa|1
|move|p2a: Moltres|Ancient Power|p1a: Ninetales
|-supereffective|p1a: Ninetales
|-damage|p1a: Ninetales|6/100
|
|-weather|Snowscape|[upkeep]
|upkeep
|turn|5
|
|t:|1758359686
|move|p1a: Ninetales|Freeze-Dry|p2a: Moltres
|-supereffective|p2a: Moltres
|-damage|p2a: Moltres|0 fnt
|faint|p2a: Moltres
|
|-weather|none
|upkeep
|
|t:|1758359690
|switch|p2a: Lokix|Lokix, F|100/100
|turn|6
|
|t:|1758359699
|switch|p1a: Zamazenta|Zamazenta|100/100
|-ability|p1a: Zamazenta|Dauntless Shield|boost
|-boost|p1a: Zamazenta|def|1
|move|p2a: Lokix|First Impression|p1a: Zamazenta
|-resisted|p1a: Zamazenta
|-damage|p1a: Zamazenta|88/100
|-damage|p2a: Lokix|84/100|[from] item: Rocky Helmet|[of] p1a: Zamazenta
|
|upkeep
|turn|7
|
|t:|1758359712
|move|p2a: Lokix|Sucker Punch||[still]
|-fail|p2a: Lokix
|move|p1a: Zamazenta|Iron Defense|p1a: Zamazenta
|-boost|p1a: Zamazenta|def|2
|
|upkeep
|turn|8
|
|t:|1758359719
|move|p1a: Zamazenta|Body Press|p2a: Lokix
|-damage|p2a: Lokix|0 fnt
|faint|p2a: Lokix
|
|upkeep
|
|t:|1758359722
|switch|p2a: Greninja|Greninja, M|100/100
|turn|9
|
|t:|1758359727
|-terastallize|p2a: Greninja|Water
|move|p1a: Zamazenta|Body Press|p2a: Greninja
|-damage|p2a: Greninja|0 fnt
|faint|p2a: Greninja
|
|-sideend|p1: kazaboy|move: Aurora Veil
|upkeep
|
|t:|1758359732
|switch|p2a: Rat Thingy|Furret, F|100/100
|-item|p1a: Zamazenta|Rocky Helmet|[from] ability: Frisk|[of] p2a: Rat Thingy
|turn|10
|
|t:|1758359738
|move|p1a: Zamazenta|Body Press|p2a: Rat Thingy
|-supereffective|p2a: Rat Thingy
|-damage|p2a: Rat Thingy|0 fnt
|faint|p2a: Rat Thingy
|
|upkeep
|
|t:|1758359741
|switch|p2a: grasscat|Meowscarada, M|100/100
|turn|11
|
|t:|1758359745
|move|p1a: Zamazenta|Body Press|p2a: grasscat
|-supereffective|p2a: grasscat
|-damage|p2a: grasscat|0 fnt
|faint|p2a: grasscat
|
|upkeep
|
|t:|1758359748
|switch|p2a: Maushold|Maushold-Four|100/100
|turn|12
|
|t:|1758359751
|move|p1a: Zamazenta|Body Press|p2a: Maushold
|-supereffective|p2a: Maushold
|-damage|p2a: Maushold|0 fnt
|faint|p2a: Maushold
|
|win|kazaboy
|raw|kazaboy's rating: 1115 &rarr; <strong>1141</strong><br />(+26 for winning)
|raw|chrxn&apos;t's rating: 1125 &rarr; <strong>1099</strong><br />(-26 for losing)
|c|☆chrxn't|yeah gg
|l|☆chrxn't
|player|p2|
|c|☆kazaboy|gg
|l|☆kazaboy
|player|p1|
