|j|☆seaslugg22
|j|☆GobbleBot88
|t:|1758350531
|gametype|singles
|player|p1|seaslugg22|170|1251
|player|p2|GobbleBot88|swimmer-gen4dp|1293
|gen|9
|tier|[Gen 9] OU
|rated|
|rule|HP Percentage Mod: HP is shown in percentages
|rule|Endless Battle Clause: Forcing endless battles is banned
|rule|Species Clause: Limit one of each Pokémon
|rule|OHKO Clause: OHKO moves are banned
|rule|Evasion Items Clause: Evasion items are banned
|rule|Evasion Moves Clause: Evasion moves are banned
|rule|Evasion Abilities Clause: Evasion abilities are banned
|rule|Sleep Moves Clause: Sleep-inducing moves are banned
|clearpoke
|poke|p1|Torkoal, M|
|poke|p1|Walking Wake|
|poke|p1|Great Tusk|
|poke|p1|Slowking-Galar, F|
|poke|p1|Gholdengo|
|poke|p1|Glimmora, F|
|poke|p2|Crawdaunt, M|
|poke|p2|Deoxys-Speed|
|poke|p2|Breloom, M|
|poke|p2|Sableye, M|
|poke|p2|Blaziken, M|
|poke|p2|Latios, M|
|teampreview
|inactive|Battle timer is ON: inactive players will automatically lose when time's up. (requested by GobbleBot88)
|inactive|seaslugg22 also wants the timer to be on.
|
|t:|1758350546
|teamsize|p1|6
|teamsize|p2|6
|start
|switch|p1a: Gholdengo|Gholdengo|100/100
|switch|p2a: Deoxycontin|Deoxys-Speed, shiny|100/100
|-ability|p2a: Deoxycontin|Pressure
|turn|1
|
|t:|1758350553
|-terastallize|p2a: Deoxycontin|Electric
|move|p2a: Deoxycontin|Nasty Plot|p2a: Deoxycontin
|-boost|p2a: Deoxycontin|spa|2
|move|p1a: Gholdengo|Shadow Ball|p2a: Deoxycontin
|-damage|p2a: Deoxycontin|43/100
|
|upkeep
|turn|2
|
|t:|1758350564
|switch|p1a: Slowking|Slowking-Galar, F|100/100
|move|p2a: Deoxycontin|Thunderbolt|p1a: Slowking
|-damage|p1a: Slowking|49/100
|-enditem|p1a: Slowking|Red Card|[of] p2a: Deoxycontin
|drag|p2a: Stitch|Sableye, M, shiny|100/100
|
|upkeep
|turn|3
|
|t:|1758350575
|switch|p1a: Gholdengo|Gholdengo|100/100
|move|p2a: Stitch|Knock Off|p1a: Gholdengo
|-supereffective|p1a: Gholdengo
|-damage|p1a: Gholdengo|54/100
|-enditem|p1a: Gholdengo|Choice Scarf|[from] move: Knock Off|[of] p2a: Stitch
|
|upkeep
|turn|4
|
|t:|1758350583
|move|p2a: Stitch|Thunder Wave|p1a: Gholdengo
|-immune|p1a: Gholdengo|[from] ability: Good as Gold
|move|p1a: Gholdengo|Thunder Wave|p2a: Stitch
|-status|p2a: Stitch|par
|
|upkeep
|turn|5
|
|t:|1758350589
|move|p2a: Stitch|Encore|p1a: Gholdengo
|-immune|p1a: Gholdengo|[from] ability: Good as Gold
|move|p1a: Gholdengo|Recover|p1a: Gholdengo
|-heal|p1a: Gholdengo|100/100
|
|upkeep
|turn|6
|
|t:|1758350593
|move|p1a: Gholdengo|Shadow Ball|p2a: Stitch
|-damage|p2a: Stitch|48/100 par
|move|p2a: Stitch|Knock Off|p1a: Gholdengo
|-supereffective|p1a: Gholdengo
|-damage|p1a: Gholdengo|67/100
|
|-heal|p2a: Stitch|54/100 par|[from] item: Leftovers
|upkeep
|turn|7
|
|t:|1758350602
|move|p2a: Stitch|Recover|p2a: Stitch
|-heal|p2a: Stitch|100/100 par
|move|p1a: Gholdengo|Shadow Ball|p2a: Stitch
|-damage|p2a: Stitch|39/100 par
|
|-heal|p2a: Stitch|46/100 par|[from] item: Leftovers
|upkeep
|turn|8
|
|t:|1758350610
|move|p1a: Gholdengo|Recover|p1a: Gholdengo
|-heal|p1a: Gholdengo|100/100
|move|p2a: Stitch|Knock Off|p1a: Gholdengo
|-supereffective|p1a: Gholdengo
|-damage|p1a: Gholdengo|64/100
|
|-heal|p2a: Stitch|52/100 par|[from] item: Leftovers
|upkeep
|turn|9
|
|t:|1758350618
|move|p2a: Stitch|Recover|p2a: Stitch
|-heal|p2a: Stitch|100/100 par
|move|p1a: Gholdengo|Shadow Ball|p2a: Stitch
|-damage|p2a: Stitch|46/100 par
|
|-heal|p2a: Stitch|52/100 par|[from] item: Leftovers
|upkeep
|turn|10
|
|t:|1758350627
|switch|p2a: Rock Lobster|Crawdaunt, M|100/100
|move|p1a: Gholdengo|Recover|p1a: Gholdengo
|-heal|p1a: Gholdengo|100/100
|
|upkeep
|turn|11
|
|t:|1758350635
|switch|p1a: Great Tusk|Great Tusk|100/100
|move|p2a: Rock Lobster|Knock Off|p1a: Great Tusk
|-resisted|p1a: Great Tusk
|-damage|p1a: Great Tusk|74/100
|-damage|p2a: Rock Lobster|84/100|[from] item: Rocky Helmet|[of] p1a: Great Tusk
|-enditem|p1a: Great Tusk|Rocky Helmet|[from] move: Knock Off|[of] p2a: Rock Lobster
|-damage|p2a: Rock Lobster|74/100|[from] item: Life Orb
|
|upkeep
|turn|12
|
|t:|1758350646
|move|p2a: Rock Lobster|Aqua Jet|p1a: Great Tusk
|-supereffective|p1a: Great Tusk
|-damage|p1a: Great Tusk|25/100
|-damage|p2a: Rock Lobster|64/100|[from] item: Life Orb
|move|p1a: Great Tusk|Close Combat|p2a: Rock Lobster
|-supereffective|p2a: Rock Lobster
|-damage|p2a: Rock Lobster|0 fnt
|-unboost|p1a: Great Tusk|def|1
|-unboost|p1a: Great Tusk|spd|1
|faint|p2a: Rock Lobster
|
|upkeep
|
|t:|1758350657
|switch|p2a: Toad|Breloom, M, shiny|100/100
|turn|13
|
|t:|1758350662
|-end|p1a: Great Tusk|Protosynthesis|[silent]
|switch|p1a: Gholdengo|Gholdengo|100/100
|move|p2a: Toad|Swords Dance|p2a: Toad
|-boost|p2a: Toad|atk|2
|
|upkeep
|turn|14
|
|t:|1758350670
|move|p1a: Gholdengo|Thunder Wave|p2a: Toad
|-status|p2a: Toad|par
|cant|p2a: Toad|par
|
|upkeep
|turn|15
|
|t:|1758350674
|move|p1a: Gholdengo|Shadow Ball|p2a: Toad
|-damage|p2a: Toad|29/100 par
|-unboost|p2a: Toad|spd|1
|move|p2a: Toad|Bulldoze|p1a: Gholdengo
|-supereffective|p1a: Gholdengo
|-damage|p1a: Gholdengo|0 fnt
|faint|p1a: Gholdengo
|
|upkeep
|j| OREND BY
|
|t:|1758350685
|switch|p1a: Glimmora|Glimmora, F|100/100
|turn|16
|
|t:|1758350689
|move|p1a: Glimmora|Sludge Wave|p2a: Toad
|-supereffective|p2a: Toad
|-damage|p2a: Toad|0 fnt
|faint|p2a: Toad
|
|upkeep
|
|t:|1758350693
|switch|p2a: Stitch|Sableye, M, shiny|52/100 par
|turn|17
|
|t:|1758350701
|cant|p2a: Stitch|par
|move|p1a: Glimmora|Power Gem|p2a: Stitch
|-damage|p2a: Stitch|0 fnt
|faint|p2a: Stitch
|
|upkeep
|
|t:|1758350707
|switch|p2a: Deoxycontin|Deoxys-Speed, shiny, tera:Electric|43/100
|-ability|p2a: Deoxycontin|Pressure
|turn|18
|
|t:|1758350712
|switch|p1a: Great Tusk|Great Tusk|25/100
|move|p2a: Deoxycontin|Psycho Boost|p1a: Great Tusk
|-supereffective|p1a: Great Tusk
|-damage|p1a: Great Tusk|0 fnt
|-unboost|p2a: Deoxycontin|spa|2
|faint|p1a: Great Tusk
|-end|p1a: Great Tusk|Protosynthesis|[silent]
|
|upkeep
|
|t:|1758350723
|switch|p1a: Walking Wake|Walking Wake|100/100
|turn|19
|
|t:|1758350729
|-end|p1a: Walking Wake|Protosynthesis|[silent]
|switch|p1a: Slowking|Slowking-Galar, F|82/100
|move|p2a: Deoxycontin|Nasty Plot|p2a: Deoxycontin
|-boost|p2a: Deoxycontin|spa|2
|
|upkeep
|turn|20
|
|t:|1758350735
|move|p2a: Deoxycontin|Psycho Boost|p1a: Slowking
|-damage|p1a: Slowking|46/100
|-unboost|p2a: Deoxycontin|spa|2
|move|p1a: Slowking|Sludge Bomb|p2a: Deoxycontin
|-crit|p2a: Deoxycontin
|-damage|p2a: Deoxycontin|0 fnt
|faint|p2a: Deoxycontin
|
|upkeep
|
|t:|1758350744
|switch|p2a: Adios MFer|Latios, M, shiny|100/100
|turn|21
|
|t:|1758350748
|move|p2a: Adios MFer|Calm Mind|p2a: Adios MFer
|-boost|p2a: Adios MFer|spa|1
|-boost|p2a: Adios MFer|spd|1
|move|p1a: Slowking|Future Sight|p2a: Adios MFer
|-start|p1a: Slowking|move: Future Sight
|
|upkeep
|turn|22
|
|t:|1758350762
|move|p2a: Adios MFer|Luster Purge|p1a: Slowking
|-crit|p1a: Slowking
|-damage|p1a: Slowking|0 fnt
|faint|p1a: Slowking
|
|upkeep
|
|t:|1758350767
|switch|p1a: Walking Wake|Walking Wake|100/100
|turn|23
|
|t:|1758350770
|-terastallize|p1a: Walking Wake|Water
|move|p2a: Adios MFer|Draco Meteor|p1a: Walking Wake
|-crit|p1a: Walking Wake
|-damage|p1a: Walking Wake|0 fnt
|-unboost|p2a: Adios MFer|spa|2
|faint|p1a: Walking Wake
|-end|p1a: Walking Wake|Protosynthesis|[silent]
|
|-end|p2a: Adios MFer|move: Future Sight
|-resisted|p2a: Adios MFer
|-damage|p2a: Adios MFer|84/100
|upkeep
|-message|seaslugg22 forfeited.
|
|win|GobbleBot88
|raw|seaslugg22's rating: 1251 &rarr; <strong>1229</strong><br />(-22 for losing)
|raw|GobbleBot88's rating: 1293 &rarr; <strong>1315</strong><br />(+22 for winning)
|l|☆seaslugg22
|player|p1|
|l|☆GobbleBot88
|player|p2|
|l| OREND BY
