|j|☆Gulptubus
|j|☆fireator
|t:|1758297785
|gametype|singles
|player|p1|Gulptubus|pokemonranger-gen4|1587
|player|p2|fireator|gambler|1656
|gen|9
|tier|[Gen 9] OU
|rated|
|rule|HP Percentage Mod: HP is shown in percentages
|rule|Endless Battle Clause: Forcing endless battles is banned
|rule|Species Clause: Limit one of each Pokémon
|rule|OHKO Clause: OHKO moves are banned
|rule|Evasion Items Clause: Evasion items are banned
|rule|Evasion Moves Clause: Evasion moves are banned
|rule|Evasion Abilities Clause: Evasion abilities are banned
|rule|Sleep Moves Clause: Sleep-inducing moves are banned
|clearpoke
|poke|p1|Ogerpon-Wellspring, F|
|poke|p1|Darkrai|
|poke|p1|Garganacl, M|
|poke|p1|Zapdos|
|poke|p1|Great Tusk|
|poke|p1|Kingambit, M|
|poke|p2|Cresselia, F|
|poke|p2|Iron Crown|
|poke|p2|Cinderace, M|
|poke|p2|Raging Bolt|
|poke|p2|Samurott-Hisui, F|
|poke|p2|Garganacl, F|
|teampreview
|
|t:|1758297800
|teamsize|p1|6
|teamsize|p2|6
|start
|switch|p1a: Paralyzer|Zapdos|100/100
|switch|p2a: Cinderace|Cinderace, M|100/100
|turn|1
|
|t:|1758297803
|move|p2a: Cinderace|Pyro Ball|p1a: Paralyzer
|-damage|p1a: Paralyzer|41/100
|move|p1a: Paralyzer|Volt Switch|p2a: Cinderace
|-damage|p2a: Cinderace|58/100
|
|t:|1758297820
|switch|p1a: Salty Snack|Garganacl, M|100/100|[from] Volt Switch
|
|upkeep
|turn|2
|
|t:|1758297824
|switch|p2a: Garganacl|Garganacl, F|100/100
|move|p1a: Salty Snack|Salt Cure|p2a: Garganacl
|-damage|p2a: Garganacl|92/100
|-start|p2a: Garganacl|Salt Cure
|
|-heal|p2a: Garganacl|99/100|[from] item: Leftovers
|-damage|p2a: Garganacl|86/100|[from] Salt Cure
|upkeep
|turn|3
|
|t:|1758297826
|move|p1a: Salty Snack|Iron Defense|p1a: Salty Snack
|-boost|p1a: Salty Snack|def|2
|move|p2a: Garganacl|Salt Cure|p1a: Salty Snack
|-damage|p1a: Salty Snack|96/100
|-start|p1a: Salty Snack|Salt Cure
|
|-heal|p1a: Salty Snack|100/100|[from] item: Leftovers
|-heal|p2a: Garganacl|92/100|[from] item: Leftovers
|-damage|p1a: Salty Snack|88/100|[from] Salt Cure
|-damage|p2a: Garganacl|80/100|[from] Salt Cure
|upkeep
|turn|4
|
|t:|1758297830
|switch|p2a: Cresselia|Cresselia, F|100/100
|move|p1a: Salty Snack|Body Press|p2a: Cresselia
|-resisted|p2a: Cresselia
|-damage|p2a: Cresselia|89/100
|
|-heal|p1a: Salty Snack|94/100|[from] item: Leftovers
|-damage|p1a: Salty Snack|82/100|[from] Salt Cure
|upkeep
|turn|5
|
|t:|1758297833
|move|p2a: Cresselia|Calm Mind|p2a: Cresselia
|-boost|p2a: Cresselia|spa|1
|-boost|p2a: Cresselia|spd|1
|move|p1a: Salty Snack|Salt Cure|p2a: Cresselia
|-damage|p2a: Cresselia|81/100
|
|-heal|p1a: Salty Snack|88/100|[from] item: Leftovers
|-damage|p1a: Salty Snack|76/100|[from] Salt Cure
|upkeep
|turn|6
|
|t:|1758297846
|switch|p1a: Nocturne|Darkrai, shiny|100/100
|move|p2a: Cresselia|Calm Mind|p2a: Cresselia
|-boost|p2a: Cresselia|spa|1
|-boost|p2a: Cresselia|spd|1
|
|upkeep
|turn|7
|
|t:|1758297854
|move|p1a: Nocturne|Trick|p2a: Cresselia
|-activate|p1a: Nocturne|move: Trick|[of] p2a: Cresselia
|-item|p2a: Cresselia|Choice Scarf|[from] move: Trick
|-item|p1a: Nocturne|Covert Cloak|[from] move: Trick
|move|p2a: Cresselia|Moonblast|p1a: Nocturne
|-supereffective|p1a: Nocturne
|-damage|p1a: Nocturne|17/100
|
|upkeep
|turn|8
|
|t:|1758297862
|switch|p1a: Salty Snack|Garganacl, M|76/100
|move|p2a: Cresselia|Moonblast|p1a: Salty Snack
|-damage|p1a: Salty Snack|53/100
|
|-heal|p1a: Salty Snack|59/100|[from] item: Leftovers
|upkeep
|turn|9
|
|t:|1758297869
|switch|p2a: Garganacl|Garganacl, F|80/100
|move|p1a: Salty Snack|Iron Defense|p1a: Salty Snack
|-boost|p1a: Salty Snack|def|2
|
|-heal|p1a: Salty Snack|66/100|[from] item: Leftovers
|-heal|p2a: Garganacl|86/100|[from] item: Leftovers
|upkeep
|turn|10
|
|t:|1758297872
|-terastallize|p2a: Garganacl|Ghost
|move|p1a: Salty Snack|Body Press|p2a: Garganacl
|-immune|p2a: Garganacl
|move|p2a: Garganacl|Salt Cure|p1a: Salty Snack
|-damage|p1a: Salty Snack|61/100
|-start|p1a: Salty Snack|Salt Cure
|
|-heal|p1a: Salty Snack|67/100|[from] item: Leftovers
|-heal|p2a: Garganacl|92/100|[from] item: Leftovers
|-damage|p1a: Salty Snack|55/100|[from] Salt Cure
|upkeep
|turn|11
|
|t:|1758297875
|move|p1a: Salty Snack|Salt Cure|p2a: Garganacl
|-crit|p2a: Garganacl
|-damage|p2a: Garganacl|79/100
|-start|p2a: Garganacl|Salt Cure
|move|p2a: Garganacl|Iron Defense|p2a: Garganacl
|-boost|p2a: Garganacl|def|2
|
|-heal|p1a: Salty Snack|61/100|[from] item: Leftovers
|-heal|p2a: Garganacl|85/100|[from] item: Leftovers
|-damage|p1a: Salty Snack|49/100|[from] Salt Cure
|-damage|p2a: Garganacl|73/100|[from] Salt Cure
|upkeep
|turn|12
|
|t:|1758297878
|move|p1a: Salty Snack|Recover|p1a: Salty Snack
|-heal|p1a: Salty Snack|99/100
|move|p2a: Garganacl|Body Press|p1a: Salty Snack
|-supereffective|p1a: Salty Snack
|-damage|p1a: Salty Snack|65/100
|
|-heal|p1a: Salty Snack|71/100|[from] item: Leftovers
|-heal|p2a: Garganacl|79/100|[from] item: Leftovers
|-damage|p1a: Salty Snack|59/100|[from] Salt Cure
|-damage|p2a: Garganacl|67/100|[from] Salt Cure
|upkeep
|turn|13
|
|t:|1758297888
|move|p1a: Salty Snack|Recover|p1a: Salty Snack
|-heal|p1a: Salty Snack|100/100
|move|p2a: Garganacl|Body Press|p1a: Salty Snack
|-supereffective|p1a: Salty Snack
|-damage|p1a: Salty Snack|68/100
|
|-heal|p1a: Salty Snack|75/100|[from] item: Leftovers
|-heal|p2a: Garganacl|73/100|[from] item: Leftovers
|-damage|p1a: Salty Snack|62/100|[from] Salt Cure
|-damage|p2a: Garganacl|60/100|[from] Salt Cure
|upkeep
|turn|14
|
|t:|1758297898
|switch|p1a: Bronze Jade|Great Tusk, shiny|100/100
|move|p2a: Garganacl|Recover|p2a: Garganacl
|-heal|p2a: Garganacl|100/100
|
|-damage|p2a: Garganacl|88/100|[from] Salt Cure
|upkeep
|turn|15
|
|t:|1758297901
|move|p1a: Bronze Jade|Stealth Rock|p2a: Garganacl
|-sidestart|p2: fireator|move: Stealth Rock
|move|p2a: Garganacl|Salt Cure|p1a: Bronze Jade
|-resisted|p1a: Bronze Jade
|-damage|p1a: Bronze Jade|98/100
|-start|p1a: Bronze Jade|Salt Cure
|
|-heal|p2a: Garganacl|94/100|[from] item: Leftovers
|-damage|p1a: Bronze Jade|86/100|[from] Salt Cure
|-damage|p2a: Garganacl|82/100|[from] Salt Cure
|upkeep
|turn|16
|
|t:|1758297907
|-end|p1a: Bronze Jade|Protosynthesis|[silent]
|switch|p1a: Mizuki|Ogerpon-Wellspring, F|100/100
|move|p2a: Garganacl|Iron Defense|p2a: Garganacl
|-boost|p2a: Garganacl|def|2
|
|-heal|p2a: Garganacl|88/100|[from] item: Leftovers
|-damage|p2a: Garganacl|76/100|[from] Salt Cure
|upkeep
|turn|17
|
|t:|1758297927
|move|p1a: Mizuki|Knock Off|p2a: Garganacl
|-supereffective|p2a: Garganacl
|-damage|p2a: Garganacl|61/100
|-enditem|p2a: Garganacl|Leftovers|[from] move: Knock Off|[of] p1a: Mizuki
|move|p2a: Garganacl|Salt Cure|p1a: Mizuki
|-damage|p1a: Mizuki|84/100
|-start|p1a: Mizuki|Salt Cure
|
|-damage|p1a: Mizuki|59/100|[from] Salt Cure
|-damage|p2a: Garganacl|49/100|[from] Salt Cure
|upkeep
|turn|18
|
|t:|1758297940
|switch|p1a: Nocturne|Darkrai, shiny|17/100
|move|p2a: Garganacl|Recover|p2a: Garganacl
|-heal|p2a: Garganacl|99/100
|
|-damage|p2a: Garganacl|86/100|[from] Salt Cure
|upkeep
|turn|19
|
|t:|1758297943
|move|p1a: Nocturne|Dark Pulse|p2a: Garganacl
|-supereffective|p2a: Garganacl
|-damage|p2a: Garganacl|23/100
|move|p2a: Garganacl|Salt Cure|p1a: Nocturne
|-damage|p1a: Nocturne|0 fnt
|faint|p1a: Nocturne
|
|-damage|p2a: Garganacl|11/100|[from] Salt Cure
|upkeep
|
|t:|1758297951
|switch|p1a: Paralyzer|Zapdos|41/100
|turn|20
|
|t:|1758297953
|move|p1a: Paralyzer|Volt Switch|p2a: Garganacl
|-damage|p2a: Garganacl|0 fnt
|faint|p2a: Garganacl
|
|t:|1758297959
|switch|p1a: Mizuki|Ogerpon-Wellspring, F|59/100|[from] Volt Switch
|
|upkeep
|
|t:|1758297962
|switch|p2a: Cinderace|Cinderace, M|58/100
|-damage|p2a: Cinderace|33/100|[from] Stealth Rock
|turn|21
|
|t:|1758297976
|switch|p1a: Paralyzer|Zapdos|41/100
|move|p2a: Cinderace|High Jump Kick|p1a: Paralyzer
|-start|p2a: Cinderace|typechange|Fighting|[from] ability: Libero
|-resisted|p1a: Paralyzer
|-damage|p1a: Paralyzer|8/100
|
|upkeep
|turn|22
|
|t:|1758297991
|move|p2a: Cinderace|High Jump Kick|p1a: Paralyzer
|-resisted|p1a: Paralyzer
|-crit|p1a: Paralyzer
|-damage|p1a: Paralyzer|0 fnt
|-status|p2a: Cinderace|par|[from] ability: Static|[of] p1a: Paralyzer
|faint|p1a: Paralyzer
|
|upkeep
|
|t:|1758298000
|switch|p1a: Mizuki|Ogerpon-Wellspring, F|59/100
|turn|23
|
|t:|1758298014
|move|p1a: Mizuki|Play Rough|p2a: Cinderace
|-supereffective|p2a: Cinderace
|-damage|p2a: Cinderace|0 fnt
|faint|p2a: Cinderace
|
|upkeep
|
|t:|1758298026
|switch|p2a: Iron Crown|Iron Crown|100/100
|-damage|p2a: Iron Crown|94/100|[from] Stealth Rock
|-enditem|p2a: Iron Crown|Booster Energy
|-activate|p2a: Iron Crown|ability: Quark Drive|[fromitem]
|-start|p2a: Iron Crown|quarkdrivespe
|turn|24
|
|t:|1758298038
|move|p2a: Iron Crown|Psyshock|p1a: Mizuki
|-damage|p1a: Mizuki|11/100
|move|p1a: Mizuki|Ivy Cudgel|p2a: Iron Crown|[anim] Ivy Cudgel Water
|-damage|p2a: Iron Crown|33/100
|
|upkeep
|turn|25
|
|t:|1758298054
|move|p2a: Iron Crown|Tachyon Cutter|p1a: Mizuki
|-resisted|p1a: Mizuki
|-damage|p1a: Mizuki|0 fnt
|faint|p1a: Mizuki
|-hitcount|p1: Mizuki|1
|
|upkeep
|
|t:|1758298066
|switch|p1a: Bronze Jade|Great Tusk, shiny|86/100
|turn|26
|
|t:|1758298071
|-terastallize|p1a: Bronze Jade|Fairy
|move|p2a: Iron Crown|Tachyon Cutter|p1a: Bronze Jade
|-supereffective|p1a: Bronze Jade
|-damage|p1a: Bronze Jade|27/100
|-supereffective|p1a: Bronze Jade
|-damage|p1a: Bronze Jade|0 fnt
|faint|p1a: Bronze Jade
|-end|p1a: Bronze Jade|Protosynthesis|[silent]
|-hitcount|p1: Bronze Jade|2
|
|upkeep
|
|t:|1758298082
|switch|p1a: Isshin|Kingambit, M|100/100
|-activate|p1a: Isshin|ability: Supreme Overlord
|-start|p1a: Isshin|fallen4|[silent]
|turn|27
|
|t:|1758298108
|move|p2a: Iron Crown|Focus Blast|p1a: Isshin|[miss]
|-miss|p2a: Iron Crown|p1a: Isshin
|move|p1a: Isshin|Swords Dance|p1a: Isshin
|-boost|p1a: Isshin|atk|2
|
|upkeep
|turn|28
|
|t:|1758298114
|-end|p2a: Iron Crown|Quark Drive|[silent]
|switch|p2a: Cresselia|Cresselia, F|81/100
|-damage|p2a: Cresselia|69/100|[from] Stealth Rock
|move|p1a: Isshin|Sucker Punch||[still]
|-fail|p1a: Isshin
|
|upkeep
|turn|29
|
|t:|1758298117
|move|p1a: Isshin|Sucker Punch|p2a: Cresselia
|-supereffective|p2a: Cresselia
|-damage|p2a: Cresselia|0 fnt
|faint|p2a: Cresselia
|
|upkeep
|
|t:|1758298120
|switch|p2a: Raging Bolt|Raging Bolt|100/100
|-damage|p2a: Raging Bolt|88/100|[from] Stealth Rock
|-enditem|p2a: Raging Bolt|Booster Energy
|-activate|p2a: Raging Bolt|ability: Protosynthesis|[fromitem]
|-start|p2a: Raging Bolt|protosynthesisspa
|turn|30
|
|t:|1758298124
|move|p2a: Raging Bolt|Thunderbolt|p1a: Isshin
|-damage|p1a: Isshin|31/100
|move|p1a: Isshin|Kowtow Cleave|p2a: Raging Bolt
|-damage|p2a: Raging Bolt|0 fnt
|faint|p2a: Raging Bolt
|-end|p2a: Raging Bolt|Protosynthesis|[silent]
|
|-heal|p1a: Isshin|38/100|[from] item: Leftovers
|upkeep
|
|t:|1758298128
|switch|p2a: Samurott|Samurott-Hisui, F|100/100
|-damage|p2a: Samurott|88/100|[from] Stealth Rock
|turn|31
|
|t:|1758298136
|move|p2a: Samurott|Razor Shell|p1a: Isshin
|-damage|p1a: Isshin|0 fnt
|faint|p1a: Isshin
|-end|p1a: Isshin|fallen4|[silent]
|
|upkeep
|
|t:|1758298139
|switch|p1a: Salty Snack|Garganacl, M|62/100
|turn|32
|
|t:|1758298142
|move|p2a: Samurott|Razor Shell|p1a: Salty Snack
|-supereffective|p1a: Salty Snack
|-damage|p1a: Salty Snack|0 fnt
|faint|p1a: Salty Snack
|
|win|fireator
|raw|Gulptubus's rating: 1587 &rarr; <strong>1571</strong><br />(-16 for losing)
|raw|fireator's rating: 1656 &rarr; <strong>1672</strong><br />(+16 for winning)
|l|☆fireator
|player|p2|
|l|☆Gulptubus
|player|p1|
