|j|☆Corbinight
|j|☆LovingsArtfulPupil
|t:|1758291483
|gametype|singles
|player|p1|Corbinight|ethan|1133
|player|p2|LovingsArtfulPupil|102|1169
|gen|9
|tier|[Gen 9] OU
|rated|
|rule|HP Percentage Mod: HP is shown in percentages
|rule|Endless Battle Clause: Forcing endless battles is banned
|rule|Species Clause: Limit one of each Pokémon
|rule|OHKO Clause: OHKO moves are banned
|rule|Evasion Items Clause: Evasion items are banned
|rule|Evasion Moves Clause: Evasion moves are banned
|rule|Evasion Abilities Clause: Evasion abilities are banned
|rule|Sleep Moves Clause: Sleep-inducing moves are banned
|clearpoke
|poke|p1|Amoonguss, M|
|poke|p1|Incineroar, F|
|poke|p1|Noivern, M|
|poke|p1|Corviknight, M|
|poke|p1|Ursaluna, F|
|poke|p1|Weavile, F|
|poke|p2|Alomomola, M|
|poke|p2|Hoopa-Unbound|
|poke|p2|Cinderace, M|
|poke|p2|Dragapult, M|
|poke|p2|Great Tusk|
|poke|p2|Iron Valiant|
|teampreview
|inactive|Battle timer is ON: inactive players will automatically lose when time's up. (requested by LovingsArtfulPupil)
|
|t:|1758291505
|teamsize|p1|6
|teamsize|p2|6
|start
|switch|p1a: Incineroar|Incineroar, F|100/100
|switch|p2a: Hoopa|Hoopa-Unbound|100/100
|-ability|p1a: Incineroar|Intimidate|boost
|-unboost|p2a: Hoopa|atk|1
|turn|1
|
|t:|1758291519
|move|p1a: Incineroar|Fake Out|p2a: Hoopa
|-damage|p2a: Hoopa|85/100
|cant|p2a: Hoopa|flinch
|
|upkeep
|turn|2
|
|t:|1758291526
|move|p1a: Incineroar|Taunt|p2a: Hoopa
|-start|p2a: Hoopa|move: Taunt
|move|p2a: Hoopa|Knock Off|p1a: Incineroar
|-resisted|p1a: Incineroar
|-damage|p1a: Incineroar|85/100
|-enditem|p1a: Incineroar|Aguav Berry|[from] move: Knock Off|[of] p2a: Hoopa
|
|upkeep
|turn|3
|
|t:|1758291538
|move|p1a: Incineroar|Parting Shot|p2a: Hoopa
|-unboost|p2a: Hoopa|atk|1
|-unboost|p2a: Hoopa|spa|1
|
|t:|1758291551
|switch|p1a: Weavile|Weavile, F|100/100|[from] Parting Shot
|-ability|p1a: Weavile|Pressure
|move|p2a: Hoopa|Drain Punch|p1a: Weavile
|-supereffective|p1a: Weavile
|-damage|p1a: Weavile|15/100
|-heal|p2a: Hoopa|100/100|[from] drain|[of] p1a: Weavile
|
|upkeep
|turn|4
|
|t:|1758291562
|switch|p2a: Alomomola|Alomomola, M, shiny|100/100
|move|p1a: Weavile|Knock Off|p2a: Alomomola
|-damage|p2a: Alomomola|70/100
|-damage|p1a: Weavile|0 fnt|[from] item: Rocky Helmet|[of] p2a: Alomomola
|faint|p1a: Weavile
|
|upkeep
|
|t:|1758291571
|switch|p1a: Amoonguss|Amoonguss, M|100/100
|turn|5
|
|t:|1758291577
|move|p2a: Alomomola|Wish|p2a: Alomomola
|move|p1a: Amoonguss|Toxic|p2a: Alomomola
|-status|p2a: Alomomola|tox
|
|-damage|p2a: Alomomola|64/100 tox|[from] psn
|upkeep
|turn|6
|
|t:|1758291587
|move|p2a: Alomomola|Scald|p1a: Amoonguss
|-resisted|p1a: Amoonguss
|-damage|p1a: Amoonguss|96/100
|move|p1a: Amoonguss|Energy Ball|p2a: Alomomola
|-supereffective|p2a: Alomomola
|-damage|p2a: Alomomola|0 fnt
|faint|p2a: Alomomola
|
|-heal|p1a: Amoonguss|100/100|[from] item: Black Sludge
|upkeep
|
|t:|1758291598
|switch|p2a: Cinderace|Cinderace, M|100/100
|turn|7
|
|t:|1758291604
|switch|p1a: Incineroar|Incineroar, F|85/100
|-ability|p1a: Incineroar|Intimidate|boost
|-unboost|p2a: Cinderace|atk|1
|move|p2a: Cinderace|Pyro Ball|p1a: Incineroar
|-resisted|p1a: Incineroar
|-crit|p1a: Incineroar
|-damage|p1a: Incineroar|37/100
|
|upkeep
|turn|8
|
|t:|1758291613
|move|p1a: Incineroar|Fake Out|p2a: Cinderace
|-damage|p2a: Cinderace|81/100
|cant|p2a: Cinderace|flinch
|
|upkeep
|turn|9
|
|t:|1758291619
|switch|p1a: Ursaluna|Ursaluna, F|100/100
|move|p2a: Cinderace|U-turn|p1a: Ursaluna
|-start|p2a: Cinderace|typechange|Bug|[from] ability: Libero
|-damage|p1a: Ursaluna|84/100
|
|t:|1758291641
|switch|p2a: Dragapult|Dragapult, M|100/100|[from] U-turn
|
|-status|p1a: Ursaluna|brn|[from] item: Flame Orb
|upkeep
|turn|10
|
|t:|1758291653
|switch|p1a: Incineroar|Incineroar, F|37/100
|-ability|p1a: Incineroar|Intimidate|boost
|-fail|p2a: Dragapult|unboost|[from] ability: Clear Body|[of] p2a: Dragapult
|move|p2a: Dragapult|Dragon Darts|p1a: Incineroar
|-damage|p1a: Incineroar|0 fnt
|faint|p1a: Incineroar
|
|upkeep
|
|t:|1758291667
|switch|p1a: Noivern|Noivern, M|100/100
|-item|p2a: Dragapult|Choice Band|[from] ability: Frisk|[of] p1a: Noivern
|turn|11
|
|t:|1758291675
|-terastallize|p1a: Noivern|Normal
|move|p2a: Dragapult|Dragon Darts|p1a: Noivern
|-damage|p1a: Noivern|54/100
|-anim|p2a: Dragapult|Dragon Darts|p1a: Noivern
|-damage|p1a: Noivern|9/100
|move|p1a: Noivern|Draco Meteor|p2a: Dragapult
|-supereffective|p2a: Dragapult
|-damage|p2a: Dragapult|0 fnt
|-unboost|p1a: Noivern|spa|2
|faint|p2a: Dragapult
|
|upkeep
|
|t:|1758291689
|switch|p2a: Hoopa|Hoopa-Unbound|100/100
|turn|12
|
|t:|1758291699
|switch|p1a: Corviknight|Corviknight, M|100/100
|move|p2a: Hoopa|Knock Off|p1a: Corviknight
|-damage|p1a: Corviknight|72/100
|-enditem|p1a: Corviknight|Leftovers|[from] move: Knock Off|[of] p2a: Hoopa
|
|upkeep
|turn|13
|
|t:|1758291711
|move|p2a: Hoopa|Drain Punch|p1a: Corviknight
|-damage|p1a: Corviknight|57/100
|move|p1a: Corviknight|Brave Bird|p2a: Hoopa
|-damage|p2a: Hoopa|60/100
|-damage|p1a: Corviknight|45/100|[from] Recoil
|
|upkeep
|turn|14
|
|t:|1758291720
|switch|p2a: Great Tusk|Great Tusk|100/100
|move|p1a: Corviknight|Roost|p1a: Corviknight
|-heal|p1a: Corviknight|95/100
|-singleturn|p1a: Corviknight|move: Roost
|
|upkeep
|turn|15
|
|t:|1758291730
|switch|p1a: Amoonguss|Amoonguss, M|100/100
|move|p2a: Great Tusk|Stealth Rock|p1a: Amoonguss
|-sidestart|p1: Corbinight|move: Stealth Rock
|
|upkeep
|turn|16
|
|t:|1758291739
|-end|p2a: Great Tusk|Protosynthesis|[silent]
|switch|p2a: Hoopa|Hoopa-Unbound|60/100
|move|p1a: Amoonguss|Energy Ball|p2a: Hoopa
|-damage|p2a: Hoopa|47/100
|
|upkeep
|turn|17
|
|t:|1758291752
|switch|p1a: Corviknight|Corviknight, M|95/100
|-damage|p1a: Corviknight|82/100|[from] Stealth Rock
|move|p2a: Hoopa|Psychic Noise|p1a: Corviknight
|-resisted|p1a: Corviknight
|-damage|p1a: Corviknight|59/100
|-start|p1a: Corviknight|move: Heal Block
|
|upkeep
|turn|18
|
|t:|1758291763
|switch|p2a: Cinderace|Cinderace, M|81/100
|move|p1a: Corviknight|Defog|p2a: Cinderace
|-unboost|p2a: Cinderace|evasion|1
|-sideend|p1: Corbinight|Stealth Rock|[from] move: Defog|[of] p1a: Corviknight
|
|-end|p1a: Corviknight|move: Heal Block
|upkeep
|turn|19
|
|t:|1758291772
|switch|p1a: Ursaluna|Ursaluna, F|84/100 brn
|move|p2a: Cinderace|Pyro Ball|p1a: Ursaluna
|-damage|p1a: Ursaluna|41/100 brn
|
|-damage|p1a: Ursaluna|35/100 brn|[from] brn
|upkeep
|turn|20
|
|t:|1758291780
|move|p2a: Cinderace|Pyro Ball|p1a: Ursaluna
|-damage|p1a: Ursaluna|0 fnt
|faint|p1a: Ursaluna
|
|upkeep
|
|t:|1758291791
|switch|p1a: Noivern|Noivern, M, tera:Normal|9/100
|-item|p2a: Cinderace|Heavy-Duty Boots|[from] ability: Frisk|[of] p1a: Noivern
|turn|21
|
|t:|1758291802
|switch|p2a: Hoopa|Hoopa-Unbound|47/100
|move|p1a: Noivern|Boomburst|p2a: Hoopa
|-damage|p2a: Hoopa|1/100
|
|upkeep
|turn|22
|
|t:|1758291809
|move|p1a: Noivern|Boomburst|p2a: Hoopa
|-damage|p2a: Hoopa|0 fnt
|faint|p2a: Hoopa
|
|upkeep
|
|t:|1758291815
|switch|p2a: Great Tusk|Great Tusk|100/100
|turn|23
|
|t:|1758291823
|switch|p1a: Amoonguss|Amoonguss, M|100/100
|move|p2a: Great Tusk|Ice Spinner|p1a: Amoonguss
|-supereffective|p1a: Amoonguss
|-damage|p1a: Amoonguss|44/100
|
|-heal|p1a: Amoonguss|50/100|[from] item: Black Sludge
|upkeep
|turn|24
|
|t:|1758291832
|switch|p1a: Corviknight|Corviknight, M|59/100
|move|p2a: Great Tusk|Ice Spinner|p1a: Corviknight
|-damage|p1a: Corviknight|43/100
|
|upkeep
|turn|25
|
|t:|1758291840
|move|p2a: Great Tusk|Stealth Rock|p1a: Corviknight
|-sidestart|p1: Corbinight|move: Stealth Rock
|move|p1a: Corviknight|Roost|p1a: Corviknight
|-heal|p1a: Corviknight|93/100
|-singleturn|p1a: Corviknight|move: Roost
|
|upkeep
|turn|26
|
|t:|1758291849
|-end|p2a: Great Tusk|Protosynthesis|[silent]
|switch|p2a: Iron Valiant|Iron Valiant|100/100
|move|p1a: Corviknight|Defog|p2a: Iron Valiant
|-unboost|p2a: Iron Valiant|evasion|1
|-sideend|p1: Corbinight|Stealth Rock|[from] move: Defog|[of] p1a: Corviknight
|
|upkeep
|turn|27
|
|t:|1758291861
|move|p2a: Iron Valiant|Thunderbolt|p1a: Corviknight
|-supereffective|p1a: Corviknight
|-crit|p1a: Corviknight
|-damage|p1a: Corviknight|0 fnt
|faint|p1a: Corviknight
|
|upkeep
|
|t:|1758291867
|switch|p1a: Noivern|Noivern, M, tera:Normal|9/100
|-item|p2a: Iron Valiant|Choice Specs|[from] ability: Frisk|[of] p1a: Noivern
|turn|28
|
|t:|1758291872
|move|p1a: Noivern|Air Slash|p2a: Iron Valiant
|-supereffective|p2a: Iron Valiant
|-crit|p2a: Iron Valiant
|-damage|p2a: Iron Valiant|0 fnt
|faint|p2a: Iron Valiant
|-end|p2a: Iron Valiant|Quark Drive|[silent]
|
|upkeep
|inactive|LovingsArtfulPupil has 120 seconds left.
|
|t:|1758291907
|switch|p2a: Great Tusk|Great Tusk|100/100
|turn|29
|
|t:|1758291914
|move|p1a: Noivern|Air Slash|p2a: Great Tusk
|-supereffective|p2a: Great Tusk
|-damage|p2a: Great Tusk|0 fnt
|faint|p2a: Great Tusk
|-end|p2a: Great Tusk|Protosynthesis|[silent]
|
|upkeep
|
|t:|1758291919
|switch|p2a: Cinderace|Cinderace, M|81/100
|turn|30
|
|t:|1758291932
|move|p2a: Cinderace|Sucker Punch|p1a: Noivern
|-start|p2a: Cinderace|typechange|Dark|[from] ability: Libero
|-damage|p1a: Noivern|0 fnt
|faint|p1a: Noivern
|
|upkeep
|
|t:|1758291936
|switch|p1a: Amoonguss|Amoonguss, M|84/100
|turn|31
|
|t:|1758291943
|-terastallize|p2a: Cinderace|Fire
|move|p2a: Cinderace|Pyro Ball|p1a: Amoonguss
|-supereffective|p1a: Amoonguss
|-damage|p1a: Amoonguss|0 fnt
|faint|p1a: Amoonguss
|
|win|LovingsArtfulPupil
|raw|Corbinight's rating: 1133 &rarr; <strong>1111</strong><br />(-22 for losing)
|raw|LovingsArtfulPupil's rating: 1169 &rarr; <strong>1191</strong><br />(+22 for winning)
|l|☆Corbinight
|player|p1|
