|j|☆Alex Corzoma
|j|☆Charle_phate
|t:|1758349525
|gametype|singles
|player|p1|Alex Corzoma|scientist-gen4dp|1147
|player|p2|Charle_phate|blue|1110
|gen|9
|tier|[Gen 9] OU
|rated|
|rule|HP Percentage Mod: HP is shown in percentages
|rule|Endless Battle Clause: Forcing endless battles is banned
|rule|Species Clause: Limit one of each Pokémon
|rule|OHKO Clause: OHKO moves are banned
|rule|Evasion Items Clause: Evasion items are banned
|rule|Evasion Moves Clause: Evasion moves are banned
|rule|Evasion Abilities Clause: Evasion abilities are banned
|rule|Sleep Moves Clause: Sleep-inducing moves are banned
|clearpoke
|poke|p1|Rotom|
|poke|p1|Kingambit, M|
|poke|p1|Enamorus, F|
|poke|p1|Cinderace, M|
|poke|p1|Weezing-Galar, M|
|poke|p1|Slowking-Galar, F|
|poke|p2|Serperior, F|
|poke|p2|Rotom-Wash|
|poke|p2|Zapdos|
|poke|p2|Heatran, F|
|poke|p2|Clefable, F|
|poke|p2|Landorus-Therian, M|
|teampreview
|
|t:|1758349532
|teamsize|p1|6
|teamsize|p2|6
|start
|switch|p1a: Corzo-Moi|Rotom|100/100
|switch|p2a: Rotom|Rotom-Wash|100/100
|turn|1
|
|t:|1758349555
|move|p1a: Corzo-Moi|Volt Switch|p2a: Rotom
|-damage|p2a: Rotom|71/100
|inactive|Battle timer is ON: inactive players will automatically lose when time's up. (requested by Charle_phate)
|
|t:|1758349563
|switch|p1a: Régine|Slowking-Galar, F|100/100|[from] Volt Switch
|move|p2a: Rotom|Charge Beam|p1a: Régine
|-crit|p1a: Régine
|-damage|p1a: Régine|87/100
|-boost|p2a: Rotom|spa|1
|
|-heal|p2a: Rotom|77/100|[from] item: Leftovers
|upkeep
|turn|2
|
|t:|1758349581
|move|p2a: Rotom|Thunder Wave|p1a: Régine
|-status|p1a: Régine|par
|move|p1a: Régine|Psyshock|p2a: Rotom
|-damage|p2a: Rotom|42/100
|
|-heal|p2a: Rotom|48/100|[from] item: Leftovers
|upkeep
|turn|3
|
|t:|1758349588
|switch|p2a: Heatran|Heatran, F|100/100
|cant|p1a: Régine|par
|
|upkeep
|turn|4
|
|t:|1758349600
|switch|p1a: Corzo-Moi|Rotom|100/100
|move|p2a: Heatran|Substitute|p2a: Heatran
|-start|p2a: Heatran|Substitute
|-damage|p2a: Heatran|76/100
|
|-heal|p2a: Heatran|82/100|[from] item: Leftovers
|upkeep
|turn|5
|
|t:|1758349607
|move|p1a: Corzo-Moi|Thunderbolt|p2a: Heatran
|-crit|p2a: Heatran
|-end|p2a: Heatran|Substitute
|move|p2a: Heatran|Ancient Power|p1a: Corzo-Moi
|-damage|p1a: Corzo-Moi|70/100
|
|-heal|p2a: Heatran|88/100|[from] item: Leftovers
|upkeep
|turn|6
|
|t:|1758349623
|move|p1a: Corzo-Moi|Thunderbolt|p2a: Heatran
|-damage|p2a: Heatran|63/100
|move|p2a: Heatran|Ancient Power|p1a: Corzo-Moi
|-damage|p1a: Corzo-Moi|40/100
|
|-heal|p2a: Heatran|69/100|[from] item: Leftovers
|upkeep
|turn|7
|
|t:|1758349642
|move|p1a: Corzo-Moi|Thunderbolt|p2a: Heatran
|-damage|p2a: Heatran|45/100
|move|p2a: Heatran|Ancient Power|p1a: Corzo-Moi
|-damage|p1a: Corzo-Moi|11/100
|
|-heal|p2a: Heatran|51/100|[from] item: Leftovers
|upkeep
|turn|8
|inactive|Alex Corzoma has 120 seconds left.
|
|t:|1758349675
|move|p1a: Corzo-Moi|Thunderbolt|p2a: Heatran
|-damage|p2a: Heatran|29/100
|move|p2a: Heatran|Ancient Power|p1a: Corzo-Moi
|-damage|p1a: Corzo-Moi|0 fnt
|faint|p1a: Corzo-Moi
|
|-heal|p2a: Heatran|35/100|[from] item: Leftovers
|upkeep
|
|t:|1758349688
|switch|p1a: Arielle Dombasle|Enamorus, F|100/100
|turn|9
|
|t:|1758349698
|move|p1a: Arielle Dombasle|Earth Power|p2a: Heatran
|-supereffective|p2a: Heatran
|-damage|p2a: Heatran|0 fnt
|faint|p2a: Heatran
|
|upkeep
|
|t:|1758349703
|switch|p2a: Zapdos|Zapdos|100/100
|turn|10
|inactive|Alex Corzoma has 120 seconds left.
|
|t:|1758349723
|switch|p1a: Régine|Slowking-Galar, F|100/100 par
|move|p2a: Zapdos|Discharge|p1a: Régine
|-damage|p1a: Régine|85/100 par
|
|upkeep
|turn|11
|
|t:|1758349737
|move|p2a: Zapdos|Ancient Power|p1a: Régine
|-damage|p1a: Régine|76/100 par
|cant|p1a: Régine|par
|
|upkeep
|turn|12
|
|t:|1758349742
|move|p2a: Zapdos|Ancient Power|p1a: Régine
|-damage|p1a: Régine|68/100 par
|move|p1a: Régine|Ice Beam|p2a: Zapdos
|-supereffective|p2a: Zapdos
|-damage|p2a: Zapdos|51/100
|
|-heal|p2a: Zapdos|57/100|[from] item: Leftovers
|upkeep
|turn|13
|
|t:|1758349751
|move|p2a: Zapdos|Ancient Power|p1a: Régine
|-damage|p1a: Régine|60/100 par
|move|p1a: Régine|Ice Beam|p2a: Zapdos
|-supereffective|p2a: Zapdos
|-damage|p2a: Zapdos|11/100
|
|-heal|p2a: Zapdos|17/100|[from] item: Leftovers
|upkeep
|turn|14
|inactive|Charle_phate has 120 seconds left.
|
|t:|1758349782
|move|p2a: Zapdos|Roost|p2a: Zapdos
|-heal|p2a: Zapdos|67/100
|-singleturn|p2a: Zapdos|move: Roost
|move|p1a: Régine|Ice Beam|p2a: Zapdos
|-damage|p2a: Zapdos|46/100
|
|-heal|p2a: Zapdos|52/100|[from] item: Leftovers
|upkeep
|turn|15
|
|t:|1758349793
|move|p2a: Zapdos|Ancient Power|p1a: Régine
|-damage|p1a: Régine|51/100 par
|-boost|p2a: Zapdos|atk|1
|-boost|p2a: Zapdos|def|1
|-boost|p2a: Zapdos|spa|1
|-boost|p2a: Zapdos|spd|1
|-boost|p2a: Zapdos|spe|1
|move|p1a: Régine|Psyshock|p2a: Zapdos
|-damage|p2a: Zapdos|31/100
|
|-heal|p2a: Zapdos|37/100|[from] item: Leftovers
|upkeep
|turn|16
|
|t:|1758349813
|move|p2a: Zapdos|Roost|p2a: Zapdos
|-heal|p2a: Zapdos|87/100
|-singleturn|p2a: Zapdos|move: Roost
|move|p1a: Régine|Ice Beam|p2a: Zapdos
|-damage|p2a: Zapdos|72/100
|
|-heal|p2a: Zapdos|78/100|[from] item: Leftovers
|upkeep
|turn|17
|
|t:|1758349831
|switch|p1a: Laguiole|Kingambit, M|100/100
|-activate|p1a: Laguiole|ability: Supreme Overlord
|-start|p1a: Laguiole|fallen1|[silent]
|move|p2a: Zapdos|Ancient Power|p1a: Laguiole
|-resisted|p1a: Laguiole
|-damage|p1a: Laguiole|85/100
|
|-heal|p2a: Zapdos|85/100|[from] item: Leftovers
|-heal|p1a: Laguiole|91/100|[from] item: Leftovers
|upkeep
|turn|18
|
|t:|1758349840
|move|p2a: Zapdos|Heat Wave|p1a: Laguiole|[miss]
|-miss|p2a: Zapdos|p1a: Laguiole
|move|p1a: Laguiole|Swords Dance|p1a: Laguiole
|-boost|p1a: Laguiole|atk|2
|
|-heal|p2a: Zapdos|91/100|[from] item: Leftovers
|-heal|p1a: Laguiole|98/100|[from] item: Leftovers
|upkeep
|turn|19
|
|t:|1758349848
|move|p1a: Laguiole|Sucker Punch|p2a: Zapdos
|-damage|p2a: Zapdos|43/100
|move|p2a: Zapdos|Heat Wave|p1a: Laguiole
|-supereffective|p1a: Laguiole
|-damage|p1a: Laguiole|1/100
|
|-heal|p2a: Zapdos|49/100|[from] item: Leftovers
|-heal|p1a: Laguiole|8/100|[from] item: Leftovers
|upkeep
|turn|20
|
|t:|1758349864
|move|p2a: Zapdos|Ancient Power|p1a: Laguiole
|-resisted|p1a: Laguiole
|-damage|p1a: Laguiole|0 fnt
|faint|p1a: Laguiole
|-end|p1a: Laguiole|fallen1|[silent]
|
|-heal|p2a: Zapdos|56/100|[from] item: Leftovers
|upkeep
|
|t:|1758349871
|switch|p1a: Arielle Dombasle|Enamorus, F|100/100
|turn|21
|
|t:|1758349884
|move|p1a: Arielle Dombasle|Moonblast|p2a: Zapdos
|-damage|p2a: Zapdos|27/100
|move|p2a: Zapdos|Discharge|p1a: Arielle Dombasle
|-supereffective|p1a: Arielle Dombasle
|-damage|p1a: Arielle Dombasle|0 fnt
|faint|p1a: Arielle Dombasle
|
|-heal|p2a: Zapdos|34/100|[from] item: Leftovers
|upkeep
|
|t:|1758349893
|switch|p1a: Frank Lelapin|Cinderace, M|100/100
|turn|22
|
|t:|1758349899
|-terastallize|p1a: Frank Lelapin|Fire
|move|p1a: Frank Lelapin|Pyro Ball|p2a: Zapdos
|-damage|p2a: Zapdos|0 fnt
|faint|p2a: Zapdos
|
|upkeep
|
|t:|1758349921
|switch|p2a: Landorus|Landorus-Therian, M|100/100
|-ability|p2a: Landorus|Intimidate|boost
|-unboost|p1a: Frank Lelapin|atk|1
|turn|23
|
|t:|1758349930
|move|p1a: Frank Lelapin|Will-O-Wisp|p2a: Landorus
|-status|p2a: Landorus|brn
|move|p2a: Landorus|Earthquake|p1a: Frank Lelapin
|-supereffective|p1a: Frank Lelapin
|-damage|p1a: Frank Lelapin|12/100
|-damage|p2a: Landorus|90/100 brn|[from] item: Life Orb
|
|-damage|p2a: Landorus|84/100 brn|[from] brn
|upkeep
|turn|24
|
|t:|1758349939
|move|p1a: Frank Lelapin|U-turn|p2a: Landorus
|-resisted|p2a: Landorus
|-damage|p2a: Landorus|77/100 brn
|
|t:|1758349951
|switch|p1a: Régine|Slowking-Galar, F|84/100 par|[from] U-turn
|move|p2a: Landorus|Earthquake|p1a: Régine
|-supereffective|p1a: Régine
|-damage|p1a: Régine|6/100 par
|-damage|p2a: Landorus|67/100 brn|[from] item: Life Orb
|
|-damage|p2a: Landorus|61/100 brn|[from] brn
|upkeep
|turn|25
|-message|Alex Corzoma forfeited.
|
|win|Charle_phate
|raw|Alex Corzoma's rating: 1147 &rarr; <strong>1121</strong><br />(-26 for losing)
|raw|Charle_phate's rating: 1134 &rarr; <strong>1160</strong><br />(+26 for winning)
|l|☆Alex Corzoma
|player|p1|
|l|☆Charle_phate
|player|p2|
