|inactive|Battle timer is ON: inactive players will automatically lose when time's up.
|t:|1758247552
|gametype|singles
|player|p1|about15gals|miku-fairy|
|player|p2|Origamies|clerkf|
|gen|9
|tier|[Gen 9] OU
|rule|HP Percentage Mod: HP is shown in percentages
|rule|Endless Battle Clause: Forcing endless battles is banned
|rule|Species Clause: Limit one of each Pokémon
|rule|OHKO Clause: OHKO moves are banned
|rule|Evasion Items Clause: Evasion items are banned
|rule|Evasion Moves Clause: Evasion moves are banned
|rule|Evasion Abilities Clause: Evasion abilities are banned
|rule|Sleep Moves Clause: Sleep-inducing moves are banned
|clearpoke
|poke|p1|Weavile, F|
|poke|p1|Pecharunt|
|poke|p1|Ting-Lu|
|poke|p1|Tinkaton, F|
|poke|p1|Keldeo-Resolute|
|poke|p1|Dragonite, F|
|poke|p2|Dragapult, F|
|poke|p2|Zapdos|
|poke|p2|Iron Crown|
|poke|p2|Dragonite, F|
|poke|p2|Weezing-Galar, F|
|poke|p2|Ting-Lu|
|teampreview
|c|☆about15gals|glhf
|c|☆Origamies|u2
|
|t:|1758247577
|teamsize|p1|6
|teamsize|p2|6
|start
|switch|p1a: Yandere Era|Tinkaton, F|100/100
|switch|p2a: Sgt. Pult|Dragapult, F|100/100
|-item|p1a: Yandere Era|Air Balloon
|turn|1
|
|t:|1758247584
|move|p2a: Sgt. Pult|U-turn|p1a: Yandere Era
|-resisted|p1a: Yandere Era
|-damage|p1a: Yandere Era|95/100
|-enditem|p1a: Yandere Era|Air Balloon
|-enditem|p2a: Sgt. Pult|Heavy-Duty Boots|[silent]|[from] ability: Pickpocket|[of] p2a: Sgt. Pult
|-item|p1a: Yandere Era|Heavy-Duty Boots|[from] ability: Pickpocket|[of] p2a: Sgt. Pult
|
|t:|1758247587
|switch|p2a: 雷霆神翼|Zapdos|100/100|[from] U-turn
|move|p1a: Yandere Era|Stealth Rock|p2a: 雷霆神翼
|-sidestart|p2: Origamies|move: Stealth Rock
|
|upkeep
|turn|2
|
|t:|1758247604
|move|p2a: 雷霆神翼|Heat Wave|p1a: Yandere Era
|-supereffective|p1a: Yandere Era
|-damage|p1a: Yandere Era|33/100
|move|p1a: Yandere Era|Thunder Wave|p2a: 雷霆神翼
|-immune|p2a: 雷霆神翼
|
|upkeep
|turn|3
|
|t:|1758247618
|switch|p1a: Down The Drain|Ting-Lu|100/100
|-ability|p1a: Down The Drain|Vessel of Ruin
|move|p2a: 雷霆神翼|Hurricane|p1a: Down The Drain
|-damage|p1a: Down The Drain|74/100
|
|upkeep
|turn|4
|
|t:|1758247627
|switch|p2a: Sgt. Pult|Dragapult, F|100/100
|-damage|p2a: Sgt. Pult|88/100|[from] Stealth Rock
|move|p1a: Down The Drain|Spikes|p2a: Sgt. Pult
|-sidestart|p2: Origamies|Spikes
|
|upkeep
|turn|5
|
|t:|1758247631
|move|p2a: Sgt. Pult|Will-O-Wisp|p1a: Down The Drain
|-status|p1a: Down The Drain|brn
|move|p1a: Down The Drain|Whirlwind|p2a: Sgt. Pult
|drag|p2a: Rich Man’s Jirachi|Iron Crown|100/100
|-damage|p2a: Rich Man’s Jirachi|94/100|[from] Stealth Rock
|-damage|p2a: Rich Man’s Jirachi|82/100|[from] Spikes
|
|-damage|p1a: Down The Drain|68/100 brn|[from] brn
|upkeep
|turn|6
|
|t:|1758247642
|-end|p2a: Rich Man’s Jirachi|Quark Drive|[silent]
|switch|p2a: 雷霆神翼|Zapdos|100/100
|move|p1a: Down The Drain|Ruination|p2a: 雷霆神翼
|-damage|p2a: 雷霆神翼|51/100
|
|-damage|p1a: Down The Drain|62/100 brn|[from] brn
|upkeep
|turn|7
|
|t:|1758247651
|switch|p1a: Slowburn|Dragonite, F|100/100
|move|p2a: 雷霆神翼|Roost|p2a: 雷霆神翼
|-heal|p2a: 雷霆神翼|100/100
|-singleturn|p2a: 雷霆神翼|move: Roost
|
|upkeep
|turn|8
|
|t:|1758247661
|-terastallize|p1a: Slowburn|Normal
|move|p1a: Slowburn|Extreme Speed|p2a: 雷霆神翼
|-damage|p2a: 雷霆神翼|42/100
|move|p2a: 雷霆神翼|Volt Switch|p1a: Slowburn
|-damage|p1a: Slowburn|83/100
|
|t:|1758247670
|switch|p2a: Artificial Air|Weezing-Galar, F|100/100|[from] Volt Switch
|-ability|p2a: Artificial Air|Neutralizing Gas
|
|upkeep
|turn|9
|
|t:|1758247680
|move|p1a: Slowburn|Earthquake|p2a: Artificial Air
|-supereffective|p2a: Artificial Air
|-damage|p2a: Artificial Air|53/100
|move|p2a: Artificial Air|Toxic Spikes|p1a: Slowburn
|-sidestart|p1: about15gals|move: Toxic Spikes
|
|upkeep
|turn|10
|
|t:|1758247696
|move|p1a: Slowburn|Hurricane|p2a: Artificial Air|[miss]
|-miss|p1a: Slowburn|p2a: Artificial Air
|move|p2a: Artificial Air|Will-O-Wisp|p1a: Slowburn
|-status|p1a: Slowburn|brn
|
|-damage|p1a: Slowburn|77/100 brn|[from] brn
|upkeep
|turn|11
|c|☆about15gals|:(
|c|☆Origamies|sorry 
|inactive|Origamies has 270 seconds left.
|inactive|Origamies has 240 seconds left.
|
|t:|1758247757
|switch|p1a: Feeling Is Gone|Pecharunt|100/100
|-sideend|p1: about15gals|move: Toxic Spikes|[of] p1a: Feeling Is Gone
|-end|p2a: Artificial Air|ability: Neutralizing Gas
|switch|p2a: Chief Huncho|Dragonite, F|100/100
|
|upkeep
|turn|12
|inactive|Origamies has 240 seconds left.
|
|t:|1758247764
|switch|p2a: 巨鼎|Ting-Lu|100/100
|-damage|p2a: 巨鼎|94/100|[from] Stealth Rock
|-damage|p2a: 巨鼎|82/100|[from] Spikes
|-ability|p2a: 巨鼎|Vessel of Ruin
|move|p1a: Feeling Is Gone|Parting Shot|p2a: 巨鼎
|-unboost|p2a: 巨鼎|atk|1
|-unboost|p2a: 巨鼎|spa|1
|
|t:|1758247771
|switch|p1a: Cynthoni Of Flames|Keldeo-Resolute|100/100|[from] Parting Shot
|
|-heal|p2a: 巨鼎|88/100|[from] item: Leftovers
|upkeep
|turn|13
|
|t:|1758247779
|-terastallize|p2a: 巨鼎|Water
|move|p1a: Cynthoni Of Flames|Hydro Pump|p2a: 巨鼎|[miss]
|-miss|p1a: Cynthoni Of Flames|p2a: 巨鼎
|move|p2a: 巨鼎|Ruination|p1a: Cynthoni Of Flames
|-damage|p1a: Cynthoni Of Flames|51/100
|-ability|p1a: Cynthoni Of Flames|Justified|boost
|-boost|p1a: Cynthoni Of Flames|atk|1
|
|-heal|p2a: 巨鼎|94/100|[from] item: Leftovers
|upkeep
|turn|14
|
|t:|1758247789
|move|p1a: Cynthoni Of Flames|Flip Turn|p2a: 巨鼎
|-resisted|p2a: 巨鼎
|-damage|p2a: 巨鼎|88/100
|
|t:|1758247793
|switch|p1a: Feeling Is Gone|Pecharunt|100/100|[from] Flip Turn
|move|p2a: 巨鼎|Whirlwind|p1a: Feeling Is Gone
|drag|p1a: Cynthoni Of Flames|Keldeo-Resolute|51/100
|
|-heal|p2a: 巨鼎|94/100|[from] item: Leftovers
|upkeep
|turn|15
|
|t:|1758247796
|move|p1a: Cynthoni Of Flames|Flip Turn|p2a: 巨鼎
|-resisted|p2a: 巨鼎
|-damage|p2a: 巨鼎|91/100
|
|t:|1758247801
|switch|p1a: Feeling Is Gone|Pecharunt|100/100|[from] Flip Turn
|move|p2a: 巨鼎|Stealth Rock|p1a: Feeling Is Gone
|-sidestart|p1: about15gals|move: Stealth Rock
|
|-heal|p2a: 巨鼎|97/100|[from] item: Leftovers
|upkeep
|turn|16
|inactive|Origamies has 270 seconds left.
|
|t:|1758247814
|switch|p2a: 雷霆神翼|Zapdos|42/100
|move|p1a: Feeling Is Gone|Parting Shot|p2a: 雷霆神翼
|-unboost|p2a: 雷霆神翼|atk|1
|-unboost|p2a: 雷霆神翼|spa|1
|
|t:|1758247818
|switch|p1a: Femcels|Weavile, F|100/100|[from] Parting Shot
|-ability|p1a: Femcels|Pressure
|
|upkeep
|turn|17
|
|t:|1758247831
|move|p1a: Femcels|Ice Shard|p2a: 雷霆神翼
|-supereffective|p2a: 雷霆神翼
|-damage|p2a: 雷霆神翼|0 fnt
|faint|p2a: 雷霆神翼
|
|upkeep
|
|t:|1758247834
|switch|p2a: Artificial Air|Weezing-Galar, F|53/100
|-ability|p2a: Artificial Air|Neutralizing Gas
|turn|18
|
|t:|1758247838
|switch|p1a: Feeling Is Gone|Pecharunt|100/100
|move|p2a: Artificial Air|Defog|p1a: Feeling Is Gone
|-unboost|p1a: Feeling Is Gone|evasion|1
|-sideend|p1: about15gals|Stealth Rock|[from] move: Defog|[of] p2a: Artificial Air
|-sideend|p2: Origamies|Spikes|[from] move: Defog|[of] p2a: Artificial Air
|-sideend|p2: Origamies|Stealth Rock|[from] move: Defog|[of] p2a: Artificial Air
|
|upkeep
|turn|19
|
|t:|1758247846
|move|p1a: Feeling Is Gone|Parting Shot|p2a: Artificial Air
|-unboost|p2a: Artificial Air|atk|1
|-unboost|p2a: Artificial Air|spa|1
|
|t:|1758247850
|switch|p1a: Yandere Era|Tinkaton, F|33/100|[from] Parting Shot
|move|p2a: Artificial Air|Pain Split|p1a: Yandere Era
|-sethp|p1a: Yandere Era|40/100|[from] move: Pain Split|[silent]
|-sethp|p2a: Artificial Air|45/100|[from] move: Pain Split
|
|upkeep
|turn|20
|
|t:|1758247858
|-end|p2a: Artificial Air|ability: Neutralizing Gas
|switch|p2a: Rich Man’s Jirachi|Iron Crown|82/100
|move|p1a: Yandere Era|Stealth Rock|p2a: Rich Man’s Jirachi
|-sidestart|p2: Origamies|move: Stealth Rock
|
|upkeep
|turn|21
|
|t:|1758247865
|move|p2a: Rich Man’s Jirachi|Tachyon Cutter|p1a: Yandere Era
|-damage|p1a: Yandere Era|10/100
|-damage|p1a: Yandere Era|0 fnt
|faint|p1a: Yandere Era
|-hitcount|p1: Yandere Era|2
|
|upkeep
|
|t:|1758247868
|switch|p1a: Femcels|Weavile, F|100/100
|-ability|p1a: Femcels|Pressure
|turn|22
|
|t:|1758247873
|-end|p2a: Rich Man’s Jirachi|Quark Drive|[silent]
|switch|p2a: Artificial Air|Weezing-Galar, F|45/100
|-ability|p2a: Artificial Air|Neutralizing Gas
|move|p1a: Femcels|Knock Off|p2a: Artificial Air
|-resisted|p2a: Artificial Air
|-crit|p2a: Artificial Air
|-damage|p2a: Artificial Air|20/100
|-enditem|p2a: Artificial Air|Heavy-Duty Boots|[from] move: Knock Off|[of] p1a: Femcels
|
|upkeep
|turn|23
|
|t:|1758247881
|move|p1a: Femcels|Triple Axel|p2a: Artificial Air
|-damage|p2a: Artificial Air|12/100
|-damage|p2a: Artificial Air|0 fnt
|faint|p2a: Artificial Air
|-end|p2a: Artificial Air|ability: Neutralizing Gas
|-ability|p1a: Femcels|Pressure
|-hitcount|p2: Artificial Air|2
|
|upkeep
|
|t:|1758247889
|switch|p2a: 巨鼎|Ting-Lu, tera:Water|97/100
|-damage|p2a: 巨鼎|85/100|[from] Stealth Rock
|-ability|p2a: 巨鼎|Vessel of Ruin
|turn|24
|
|t:|1758247894
|switch|p1a: Feeling Is Gone|Pecharunt|100/100
|move|p2a: 巨鼎|Ruination|p1a: Feeling Is Gone
|-damage|p1a: Feeling Is Gone|51/100
|
|-heal|p2a: 巨鼎|91/100|[from] item: Leftovers
|upkeep
|turn|25
|
|t:|1758247899
|switch|p2a: Rich Man’s Jirachi|Iron Crown|82/100
|-damage|p2a: Rich Man’s Jirachi|76/100|[from] Stealth Rock
|move|p1a: Feeling Is Gone|Recover|p1a: Feeling Is Gone
|-heal|p1a: Feeling Is Gone|100/100
|
|upkeep
|turn|26
|
|t:|1758247905
|switch|p1a: Down The Drain|Ting-Lu|62/100 brn
|-ability|p1a: Down The Drain|Vessel of Ruin
|move|p2a: Rich Man’s Jirachi|Tachyon Cutter|p1a: Down The Drain
|-damage|p1a: Down The Drain|45/100 brn
|-damage|p1a: Down The Drain|27/100 brn
|-hitcount|p1a: Down The Drain|2
|
|-damage|p1a: Down The Drain|21/100 brn|[from] brn
|upkeep
|turn|27
|
|t:|1758247908
|move|p2a: Rich Man’s Jirachi|Tachyon Cutter|p1a: Down The Drain
|-damage|p1a: Down The Drain|3/100 brn
|-damage|p1a: Down The Drain|0 fnt
|faint|p1a: Down The Drain
|-hitcount|p1: Down The Drain|2
|
|upkeep
|
|t:|1758247911
|switch|p1a: Femcels|Weavile, F|100/100
|-ability|p1a: Femcels|Pressure
|turn|28
|
|t:|1758247914
|-end|p2a: Rich Man’s Jirachi|Quark Drive|[silent]
|switch|p2a: 巨鼎|Ting-Lu, tera:Water|91/100
|-damage|p2a: 巨鼎|78/100|[from] Stealth Rock
|-ability|p2a: 巨鼎|Vessel of Ruin
|move|p1a: Femcels|Knock Off|p2a: 巨鼎
|-damage|p2a: 巨鼎|52/100
|-enditem|p2a: 巨鼎|Leftovers|[from] move: Knock Off|[of] p1a: Femcels
|
|upkeep
|turn|29
|
|t:|1758247921
|switch|p1a: Feeling Is Gone|Pecharunt|100/100
|move|p2a: 巨鼎|Earthquake|p1a: Feeling Is Gone
|-supereffective|p1a: Feeling Is Gone
|-damage|p1a: Feeling Is Gone|63/100
|
|upkeep
|turn|30
|
|t:|1758247924
|switch|p2a: Rich Man’s Jirachi|Iron Crown|76/100
|-damage|p2a: Rich Man’s Jirachi|69/100|[from] Stealth Rock
|move|p1a: Feeling Is Gone|Hex|p2a: Rich Man’s Jirachi
|-supereffective|p2a: Rich Man’s Jirachi
|-damage|p2a: Rich Man’s Jirachi|28/100
|
|upkeep
|turn|31
|
|t:|1758247934
|switch|p1a: Slowburn|Dragonite, F, tera:Normal|77/100 brn
|move|p2a: Rich Man’s Jirachi|Tachyon Cutter|p1a: Slowburn
|-crit|p1a: Slowburn
|-damage|p1a: Slowburn|31/100 brn
|-damage|p1a: Slowburn|0 fnt
|faint|p1a: Slowburn
|-hitcount|p1: Slowburn|2
|
|upkeep
|
|t:|1758247940
|switch|p1a: Cynthoni Of Flames|Keldeo-Resolute|51/100
|turn|32
|
|t:|1758247948
|-end|p2a: Rich Man’s Jirachi|Quark Drive|[silent]
|switch|p2a: Sgt. Pult|Dragapult, F|88/100
|-damage|p2a: Sgt. Pult|76/100|[from] Stealth Rock
|move|p1a: Cynthoni Of Flames|Secret Sword|p2a: Sgt. Pult
|-immune|p2a: Sgt. Pult
|
|upkeep
|turn|33
|
|t:|1758247953
|move|p2a: Sgt. Pult|Will-O-Wisp|p1a: Cynthoni Of Flames
|-status|p1a: Cynthoni Of Flames|brn
|move|p1a: Cynthoni Of Flames|Flip Turn|p2a: Sgt. Pult
|-resisted|p2a: Sgt. Pult
|-damage|p2a: Sgt. Pult|71/100
|-start|p1a: Cynthoni Of Flames|Disable|Flip Turn|[from] ability: Cursed Body|[of] p2a: Sgt. Pult
|
|t:|1758247963
|switch|p1a: Femcels|Weavile, F|100/100|[from] Flip Turn
|-ability|p1a: Femcels|Pressure
|
|upkeep
|turn|34
|
|t:|1758247975
|move|p1a: Femcels|Ice Shard|p2a: Sgt. Pult
|-supereffective|p2a: Sgt. Pult
|-damage|p2a: Sgt. Pult|18/100
|move|p2a: Sgt. Pult|Will-O-Wisp|p1a: Femcels
|-status|p1a: Femcels|brn
|
|-damage|p1a: Femcels|94/100 brn|[from] brn
|upkeep
|turn|35
|
|t:|1758247977
|move|p1a: Femcels|Ice Shard|p2a: Sgt. Pult
|-supereffective|p2a: Sgt. Pult
|-damage|p2a: Sgt. Pult|0 fnt
|faint|p2a: Sgt. Pult
|
|-damage|p1a: Femcels|88/100 brn|[from] brn
|upkeep
|
|t:|1758247981
|switch|p2a: 巨鼎|Ting-Lu, tera:Water|52/100
|-damage|p2a: 巨鼎|39/100|[from] Stealth Rock
|-ability|p2a: 巨鼎|Vessel of Ruin
|turn|36
|
|t:|1758247985
|switch|p1a: Feeling Is Gone|Pecharunt|63/100
|move|p2a: 巨鼎|Earthquake|p1a: Feeling Is Gone
|-supereffective|p1a: Feeling Is Gone
|-damage|p1a: Feeling Is Gone|28/100
|
|upkeep
|turn|37
|
|t:|1758247987
|move|p1a: Feeling Is Gone|Recover|p1a: Feeling Is Gone
|-heal|p1a: Feeling Is Gone|78/100
|move|p2a: 巨鼎|Earthquake|p1a: Feeling Is Gone
|-supereffective|p1a: Feeling Is Gone
|-damage|p1a: Feeling Is Gone|41/100
|
|upkeep
|turn|38
|
|t:|1758247991
|move|p1a: Feeling Is Gone|Recover|p1a: Feeling Is Gone
|-heal|p1a: Feeling Is Gone|91/100
|move|p2a: 巨鼎|Whirlwind|p1a: Feeling Is Gone
|drag|p1a: Cynthoni Of Flames|Keldeo-Resolute|51/100 brn
|
|-damage|p1a: Cynthoni Of Flames|44/100 brn|[from] brn
|upkeep
|turn|39
|
|t:|1758247995
|move|p1a: Cynthoni Of Flames|Secret Sword|p2a: 巨鼎
|-damage|p2a: 巨鼎|21/100
|move|p2a: 巨鼎|Earthquake|p1a: Cynthoni Of Flames
|-damage|p1a: Cynthoni Of Flames|3/100 brn
|
|-damage|p1a: Cynthoni Of Flames|0 fnt|[from] brn
|faint|p1a: Cynthoni Of Flames
|upkeep
|
|t:|1758248000
|switch|p1a: Feeling Is Gone|Pecharunt|91/100
|turn|40
|
|t:|1758248006
|move|p1a: Feeling Is Gone|Parting Shot|p2a: 巨鼎
|-unboost|p2a: 巨鼎|atk|1
|-unboost|p2a: 巨鼎|spa|1
|
|t:|1758248008
|switch|p1a: Femcels|Weavile, F|88/100 brn|[from] Parting Shot
|-ability|p1a: Femcels|Pressure
|move|p2a: 巨鼎|Earthquake|p1a: Femcels
|-damage|p1a: Femcels|49/100 brn
|
|-damage|p1a: Femcels|42/100 brn|[from] brn
|upkeep
|turn|41
|
|t:|1758248012
|switch|p1a: Feeling Is Gone|Pecharunt|91/100
|move|p2a: 巨鼎|Earthquake|p1a: Feeling Is Gone
|-supereffective|p1a: Feeling Is Gone
|-damage|p1a: Feeling Is Gone|67/100
|
|upkeep
|turn|42
|
|t:|1758248018
|move|p1a: Feeling Is Gone|Hex|p2a: 巨鼎
|-damage|p2a: 巨鼎|12/100
|move|p2a: 巨鼎|Ruination|p1a: Feeling Is Gone
|-damage|p1a: Feeling Is Gone|34/100
|
|upkeep
|turn|43
|
|t:|1758248023
|move|p1a: Feeling Is Gone|Recover|p1a: Feeling Is Gone
|-heal|p1a: Feeling Is Gone|84/100
|move|p2a: 巨鼎|Earthquake|p1a: Feeling Is Gone
|-supereffective|p1a: Feeling Is Gone
|-damage|p1a: Feeling Is Gone|61/100
|
|upkeep
|turn|44
|
|t:|1758248025
|move|p1a: Feeling Is Gone|Malignant Chain|p2a: 巨鼎
|-damage|p2a: 巨鼎|0 fnt
|faint|p2a: 巨鼎
|
|upkeep
|
|t:|1758248029
|switch|p2a: Rich Man’s Jirachi|Iron Crown|28/100
|-damage|p2a: Rich Man’s Jirachi|21/100|[from] Stealth Rock
|turn|45
|
|t:|1758248043
|move|p2a: Rich Man’s Jirachi|Tachyon Cutter|p1a: Feeling Is Gone
|-damage|p1a: Feeling Is Gone|27/100
|-damage|p1a: Feeling Is Gone|0 fnt
|faint|p1a: Feeling Is Gone
|-hitcount|p1: Feeling Is Gone|2
|
|upkeep
|
|t:|1758248045
|switch|p1a: Femcels|Weavile, F|42/100 brn
|-ability|p1a: Femcels|Pressure
|turn|46
|
|t:|1758248048
|move|p1a: Femcels|Knock Off|p2a: Rich Man’s Jirachi
|-supereffective|p2a: Rich Man’s Jirachi
|-damage|p2a: Rich Man’s Jirachi|0 fnt
|-enditem|p2a: Rich Man’s Jirachi|Choice Specs|[from] move: Knock Off|[of] p1a: Femcels
|faint|p2a: Rich Man’s Jirachi
|-end|p2a: Rich Man’s Jirachi|Quark Drive|[silent]
|
|-damage|p1a: Femcels|36/100 brn|[from] brn
|upkeep
|
|t:|1758248049
|switch|p2a: Chief Huncho|Dragonite, F|100/100
|turn|47
|
|t:|1758248052
|move|p2a: Chief Huncho|Extreme Speed|p1a: Femcels
|-damage|p1a: Femcels|0 fnt
|faint|p1a: Femcels
|
|win|Origamies
|c|☆about15gals|gg
|c|☆Origamies|gg
