|j|☆ilikeplayingroblox
|j|☆Auburn Hills
|t:|1758288175
|gametype|singles
|player|p1|ilikeplayingroblox|allister|1704
|player|p2|Auburn Hills|alder|1788
|gen|9
|tier|[Gen 9] OU
|rated|
|rule|HP Percentage Mod: HP is shown in percentages
|rule|Endless Battle Clause: Forcing endless battles is banned
|rule|Species Clause: Limit one of each Pokémon
|rule|OHKO Clause: OHKO moves are banned
|rule|Evasion Items Clause: Evasion items are banned
|rule|Evasion Moves Clause: Evasion moves are banned
|rule|Evasion Abilities Clause: Evasion abilities are banned
|rule|Sleep Moves Clause: Sleep-inducing moves are banned
|clearpoke
|poke|p1|Deoxys-Speed|
|poke|p1|Samurott-Hisui, M|
|poke|p1|Zamazenta-*|
|poke|p1|Moltres|
|poke|p1|Dragapult, M|
|poke|p1|Iron Treads|
|poke|p2|Iron Moth|
|poke|p2|Umbreon, M|
|poke|p2|Garchomp, M|
|poke|p2|Glimmora, M|
|poke|p2|Gholdengo|
|poke|p2|Dragonite, M|
|teampreview
|
|t:|1758288195
|teamsize|p1|6
|teamsize|p2|6
|start
|switch|p1a: Iron Treads|Iron Treads|100/100
|switch|p2a: Julia Jacklin|Glimmora, M|100/100
|turn|1
|
|t:|1758288200
|move|p1a: Iron Treads|Earthquake|p2a: Julia Jacklin
|-supereffective|p2a: Julia Jacklin
|-enditem|p2a: Julia Jacklin|Focus Sash
|-damage|p2a: Julia Jacklin|1/100
|-activate|p2a: Julia Jacklin|ability: Toxic Debris
|-sidestart|p1: ilikeplayingroblox|move: Toxic Spikes
|move|p2a: Julia Jacklin|Earth Power|p1a: Iron Treads
|-supereffective|p1a: Iron Treads
|-damage|p1a: Iron Treads|48/100
|
|upkeep
|turn|2
|
|t:|1758288211
|move|p1a: Iron Treads|Knock Off|p2a: Julia Jacklin
|-damage|p2a: Julia Jacklin|0 fnt
|-activate|p2a: Julia Jacklin|ability: Toxic Debris
|-sidestart|p1: ilikeplayingroblox|move: Toxic Spikes
|faint|p2a: Julia Jacklin
|
|upkeep
|
|t:|1758288214
|switch|p2a: Carly Rae|Iron Moth|100/100
|-enditem|p2a: Carly Rae|Booster Energy
|-activate|p2a: Carly Rae|ability: Quark Drive|[fromitem]
|-start|p2a: Carly Rae|quarkdrivespe
|turn|3
|
|t:|1758288234
|-terastallize|p1a: Iron Treads|Flying
|move|p2a: Carly Rae|Fiery Dance|p1a: Iron Treads
|-damage|p1a: Iron Treads|14/100
|-boost|p2a: Carly Rae|spa|1
|move|p1a: Iron Treads|Rapid Spin|p2a: Carly Rae
|-damage|p2a: Carly Rae|83/100
|-boost|p1a: Iron Treads|spe|1
|-sideend|p1: ilikeplayingroblox|Toxic Spikes|[from] move: Rapid Spin|[of] p1a: Iron Treads
|
|upkeep
|turn|4
|
|t:|1758288253
|move|p2a: Carly Rae|Fiery Dance|p1a: Iron Treads
|-damage|p1a: Iron Treads|0 fnt
|-boost|p2a: Carly Rae|spa|1
|faint|p1a: Iron Treads
|-end|p1a: Iron Treads|Quark Drive|[silent]
|
|upkeep
|
|t:|1758288260
|switch|p1a: Samurott|Samurott-Hisui, M|100/100
|turn|5
|
|t:|1758288263
|-terastallize|p2a: Carly Rae|Fairy
|move|p2a: Carly Rae|Dazzling Gleam|p1a: Samurott
|-supereffective|p1a: Samurott
|-damage|p1a: Samurott|0 fnt
|faint|p1a: Samurott
|
|upkeep
|
|t:|1758288280
|switch|p1a: Moltres|Moltres|100/100
|turn|6
|
|t:|1758288282
|move|p2a: Carly Rae|Discharge|p1a: Moltres
|-supereffective|p1a: Moltres
|-damage|p1a: Moltres|24/100
|-status|p1a: Moltres|par
|move|p1a: Moltres|Fire Blast|p2a: Carly Rae
|-damage|p2a: Carly Rae|36/100
|
|upkeep
|turn|7
|
|t:|1758288289
|move|p2a: Carly Rae|Fiery Dance|p1a: Moltres
|-resisted|p1a: Moltres
|-damage|p1a: Moltres|0 fnt
|-boost|p2a: Carly Rae|spa|1
|faint|p1a: Moltres
|
|upkeep
|j| king of spycrabs
|
|t:|1758288300
|switch|p1a: Dragapult|Dragapult, M|100/100
|turn|8
|
|t:|1758288306
|move|p1a: Dragapult|Sucker Punch|p2a: Carly Rae
|-resisted|p2a: Carly Rae
|-damage|p2a: Carly Rae|10/100
|move|p2a: Carly Rae|Dazzling Gleam|p1a: Dragapult
|-supereffective|p1a: Dragapult
|-damage|p1a: Dragapult|0 fnt
|faint|p1a: Dragapult
|
|upkeep
|-message|ilikeplayingroblox forfeited.
|
|win|Auburn Hills
|raw|ilikeplayingroblox's rating: 1704 &rarr; <strong>1689</strong><br />(-15 for losing)
|raw|Auburn Hills's rating: 1788 &rarr; <strong>1803</strong><br />(+15 for winning)
|l|☆ilikeplayingroblox
|player|p1|
|l|☆Auburn Hills
|player|p2|
|l| king of spycrabs
