|j|☆dragapult's force
|j|☆Durianelite
|t:|1758343883
|gametype|singles
|player|p1|dragapult's force|clair|1340
|player|p2|Durianelite|lucas|1301
|gen|9
|tier|[Gen 9] OU
|rated|
|rule|HP Percentage Mod: HP is shown in percentages
|rule|Endless Battle Clause: Forcing endless battles is banned
|rule|Species Clause: Limit one of each Pokémon
|rule|OHKO Clause: OHKO moves are banned
|rule|Evasion Items Clause: Evasion items are banned
|rule|Evasion Moves Clause: Evasion moves are banned
|rule|Evasion Abilities Clause: Evasion abilities are banned
|rule|Sleep Moves Clause: Sleep-inducing moves are banned
|clearpoke
|poke|p1|Landorus-Therian, M|
|poke|p1|Samurott-Hisui, F|
|poke|p1|Pecharunt|
|poke|p1|Scizor, M|
|poke|p1|Latios, M|
|poke|p1|Zamazenta-*|
|poke|p2|Cetitan, M|
|poke|p2|Sandslash-Alola, F|
|poke|p2|Ninetales-Alola, M|
|poke|p2|Moltres|
|poke|p2|Zamazenta-*|
|poke|p2|Kyurem|
|teampreview
|inactive|Battle timer is ON: inactive players will automatically lose when time's up. (requested by Durianelite)
|
|t:|1758343892
|teamsize|p1|6
|teamsize|p2|6
|start
|switch|p1a: Samurott|Samurott-Hisui, F|100/100
|switch|p2a: Ninetales|Ninetales-Alola, M|100/100
|-weather|Snowscape|[from] ability: Snow Warning|[of] p2a: Ninetales
|turn|1
|
|t:|1758343900
|move|p2a: Ninetales|Freeze-Dry|p1a: Samurott
|-supereffective|p1a: Samurott
|-damage|p1a: Samurott|53/100
|move|p1a: Samurott|Ceaseless Edge|p2a: Ninetales
|-resisted|p2a: Ninetales
|-damage|p2a: Ninetales|76/100
|-sidestart|p2: Durianelite|Spikes
|
|-weather|Snowscape|[upkeep]
|upkeep
|turn|2
|
|t:|1758343907
|move|p2a: Ninetales|Aurora Veil|p2a: Ninetales
|-sidestart|p2: Durianelite|move: Aurora Veil
|move|p1a: Samurott|Ceaseless Edge|p2a: Ninetales
|-resisted|p2a: Ninetales
|-damage|p2a: Ninetales|63/100
|-sidestart|p2: Durianelite|Spikes
|
|-weather|Snowscape|[upkeep]
|upkeep
|turn|3
|
|t:|1758343911
|move|p2a: Ninetales|Freeze-Dry|p1a: Samurott
|-supereffective|p1a: Samurott
|-damage|p1a: Samurott|3/100
|move|p1a: Samurott|Ceaseless Edge|p2a: Ninetales
|-resisted|p2a: Ninetales
|-damage|p2a: Ninetales|51/100
|-sidestart|p2: Durianelite|Spikes
|
|-weather|Snowscape|[upkeep]
|upkeep
|turn|4
|
|t:|1758343918
|move|p1a: Samurott|Aqua Jet|p2a: Ninetales
|-damage|p2a: Ninetales|40/100
|move|p2a: Ninetales|Freeze-Dry|p1a: Samurott
|-supereffective|p1a: Samurott
|-damage|p1a: Samurott|0 fnt
|faint|p1a: Samurott
|
|-weather|Snowscape|[upkeep]
|upkeep
|
|t:|1758343924
|switch|p1a: Scizor|Scizor, M|100/100
|turn|5
|
|t:|1758343930
|switch|p2a: Moltres|Moltres|100/100
|move|p1a: Scizor|Bullet Punch|p2a: Moltres
|-resisted|p2a: Moltres
|-damage|p2a: Moltres|91/100
|
|-weather|Snowscape|[upkeep]
|upkeep
|turn|6
|
|t:|1758343946
|switch|p1a: Landorus|Landorus-Therian, M|100/100
|-ability|p1a: Landorus|Intimidate|boost
|-unboost|p2a: Moltres|atk|1
|move|p2a: Moltres|Flamethrower|p1a: Landorus
|-damage|p1a: Landorus|49/100
|
|-weather|Snowscape|[upkeep]
|-sideend|p2: Durianelite|move: Aurora Veil
|upkeep
|turn|7
|
|t:|1758343956
|move|p1a: Landorus|Stealth Rock|p2a: Moltres
|-sidestart|p2: Durianelite|move: Stealth Rock
|move|p2a: Moltres|Flamethrower|p1a: Landorus
|-damage|p1a: Landorus|0 fnt
|faint|p1a: Landorus
|
|-weather|Snowscape|[upkeep]
|upkeep
|
|t:|1758343967
|switch|p1a: Latios|Latios, M|100/100
|turn|8
|
|t:|1758343971
|move|p1a: Latios|Calm Mind|p1a: Latios
|-boost|p1a: Latios|spa|1
|-boost|p1a: Latios|spd|1
|move|p2a: Moltres|U-turn|p1a: Latios
|-supereffective|p1a: Latios
|-damage|p1a: Latios|75/100
|
|t:|1758343988
|switch|p2a: Sandslash|Sandslash-Alola, F|100/100|[from] U-turn
|
|-weather|none
|upkeep
|turn|9
|
|t:|1758344002
|move|p1a: Latios|Draco Meteor|p2a: Sandslash
|-resisted|p2a: Sandslash
|-damage|p2a: Sandslash|0 fnt
|-unboost|p1a: Latios|spa|2
|faint|p2a: Sandslash
|
|upkeep
|
|t:|1758344010
|switch|p2a: Ninetales|Ninetales-Alola, M|40/100
|-damage|p2a: Ninetales|15/100|[from] Spikes
|-damage|p2a: Ninetales|0 fnt|[from] Stealth Rock
|faint|p2a: Ninetales
|
|t:|1758344015
|switch|p2a: Moltres|Moltres|91/100
|turn|10
|
|t:|1758344020
|move|p1a: Latios|Draco Meteor|p2a: Moltres
|-damage|p2a: Moltres|24/100
|-unboost|p1a: Latios|spa|2
|move|p2a: Moltres|U-turn|p1a: Latios
|-supereffective|p1a: Latios
|-damage|p1a: Latios|36/100
|
|t:|1758344029
|switch|p2a: Zamazenta|Zamazenta|100/100|[from] U-turn
|-damage|p2a: Zamazenta|75/100|[from] Spikes
|-damage|p2a: Zamazenta|69/100|[from] Stealth Rock
|-ability|p2a: Zamazenta|Dauntless Shield|boost
|-boost|p2a: Zamazenta|def|1
|
|-heal|p2a: Zamazenta|75/100|[from] item: Leftovers
|upkeep
|turn|11
|
|t:|1758344034
|move|p2a: Zamazenta|Crunch|p1a: Latios
|-supereffective|p1a: Latios
|-damage|p1a: Latios|0 fnt
|faint|p1a: Latios
|
|-heal|p2a: Zamazenta|82/100|[from] item: Leftovers
|upkeep
|
|t:|1758344038
|switch|p1a: Pecharunt|Pecharunt|100/100
|turn|12
|
|t:|1758344041
|move|p2a: Zamazenta|Crunch|p1a: Pecharunt
|-supereffective|p1a: Pecharunt
|-damage|p1a: Pecharunt|73/100
|move|p1a: Pecharunt|Malignant Chain|p2a: Zamazenta
|-damage|p2a: Zamazenta|55/100
|
|-heal|p2a: Zamazenta|62/100|[from] item: Leftovers
|upkeep
|turn|13
|
|t:|1758344048
|move|p2a: Zamazenta|Crunch|p1a: Pecharunt
|-supereffective|p1a: Pecharunt
|-damage|p1a: Pecharunt|46/100
|-unboost|p1a: Pecharunt|def|1
|move|p1a: Pecharunt|Malignant Chain|p2a: Zamazenta
|-damage|p2a: Zamazenta|38/100
|
|-heal|p2a: Zamazenta|45/100|[from] item: Leftovers
|upkeep
|turn|14
|
|t:|1758344056
|move|p2a: Zamazenta|Crunch|p1a: Pecharunt
|-supereffective|p1a: Pecharunt
|-damage|p1a: Pecharunt|2/100
|-unboost|p1a: Pecharunt|def|1
|move|p1a: Pecharunt|Parting Shot|p2a: Zamazenta
|-unboost|p2a: Zamazenta|atk|1
|-unboost|p2a: Zamazenta|spa|1
|
|t:|1758344066
|switch|p1a: Zamazenta|Zamazenta|100/100|[from] Parting Shot
|-ability|p1a: Zamazenta|Dauntless Shield|boost
|-boost|p1a: Zamazenta|def|1
|
|-heal|p2a: Zamazenta|51/100|[from] item: Leftovers
|upkeep
|turn|15
|
|t:|1758344070
|move|p1a: Zamazenta|Iron Defense|p1a: Zamazenta
|-boost|p1a: Zamazenta|def|2
|move|p2a: Zamazenta|Iron Defense|p2a: Zamazenta
|-boost|p2a: Zamazenta|def|2
|
|-heal|p2a: Zamazenta|57/100|[from] item: Leftovers
|upkeep
|turn|16
|
|t:|1758344074
|move|p1a: Zamazenta|Iron Defense|p1a: Zamazenta
|-boost|p1a: Zamazenta|def|2
|move|p2a: Zamazenta|Iron Defense|p2a: Zamazenta
|-boost|p2a: Zamazenta|def|2
|
|-heal|p2a: Zamazenta|63/100|[from] item: Leftovers
|upkeep
|turn|17
|
|t:|1758344078
|move|p1a: Zamazenta|Iron Defense|p1a: Zamazenta
|-boost|p1a: Zamazenta|def|1
|move|p2a: Zamazenta|Iron Defense|p2a: Zamazenta
|-boost|p2a: Zamazenta|def|1
|
|-heal|p2a: Zamazenta|69/100|[from] item: Leftovers
|upkeep
|turn|18
|
|t:|1758344089
|move|p2a: Zamazenta|Body Press|p1a: Zamazenta
|-damage|p1a: Zamazenta|77/100
|move|p1a: Zamazenta|Roar|p2a: Zamazenta
|drag|p2a: Moltres|Moltres|24/100
|
|-heal|p1a: Zamazenta|83/100|[from] item: Leftovers
|upkeep
|turn|19
|
|t:|1758344096
|move|p1a: Zamazenta|Body Press|p2a: Moltres
|-resisted|p2a: Moltres
|-damage|p2a: Moltres|0 fnt
|-status|p1a: Zamazenta|brn|[from] ability: Flame Body|[of] p2a: Moltres
|faint|p2a: Moltres
|
|-heal|p1a: Zamazenta|89/100 brn|[from] item: Leftovers
|-damage|p1a: Zamazenta|83/100 brn|[from] brn
|upkeep
|
|t:|1758344112
|switch|p2a: Zamazenta|Zamazenta|69/100
|-damage|p2a: Zamazenta|44/100|[from] Spikes
|-damage|p2a: Zamazenta|38/100|[from] Stealth Rock
|turn|20
|
|t:|1758344116
|move|p1a: Zamazenta|Body Press|p2a: Zamazenta
|-damage|p2a: Zamazenta|0 fnt
|faint|p2a: Zamazenta
|
|-heal|p1a: Zamazenta|89/100 brn|[from] item: Leftovers
|-damage|p1a: Zamazenta|83/100 brn|[from] brn
|upkeep
|
|t:|1758344119
|switch|p2a: Kyurem|Kyurem|100/100
|-damage|p2a: Kyurem|76/100|[from] Spikes
|-damage|p2a: Kyurem|51/100|[from] Stealth Rock
|-ability|p2a: Kyurem|Pressure
|turn|21
|
|t:|1758344139
|move|p1a: Zamazenta|Body Press|p2a: Kyurem
|-supereffective|p2a: Kyurem
|-damage|p2a: Kyurem|0 fnt
|faint|p2a: Kyurem
|
|-heal|p1a: Zamazenta|89/100 brn|[from] item: Leftovers
|-damage|p1a: Zamazenta|83/100 brn|[from] brn
|upkeep
|
|t:|1758344141
|switch|p2a: Cetitan|Cetitan, M|100/100
|-damage|p2a: Cetitan|76/100|[from] Spikes
|-damage|p2a: Cetitan|51/100|[from] Stealth Rock
|turn|22
|
|t:|1758344148
|-terastallize|p1a: Zamazenta|Fire
|move|p1a: Zamazenta|Body Press|p2a: Cetitan
|-supereffective|p2a: Cetitan
|-damage|p2a: Cetitan|0 fnt
|faint|p2a: Cetitan
|
|win|dragapult's force
|raw|dragapult&apos;s force's rating: 1340 &rarr; <strong>1358</strong><br />(+18 for winning)
|raw|Durianelite's rating: 1301 &rarr; <strong>1283</strong><br />(-18 for losing)
|l|☆Durianelite
|player|p2|
|l|☆dragapult's force
|player|p1|
