|j|☆Natorito
|j|☆TesteamsVF
|t:|1758299567
|gametype|singles
|player|p1|Natorito|266|1138
|player|p2|TesteamsVF|n|1192
|gen|9
|tier|[Gen 9] OU
|rated|
|rule|HP Percentage Mod: HP is shown in percentages
|rule|Endless Battle Clause: Forcing endless battles is banned
|rule|Species Clause: Limit one of each Pokémon
|rule|OHKO Clause: OHKO moves are banned
|rule|Evasion Items Clause: Evasion items are banned
|rule|Evasion Moves Clause: Evasion moves are banned
|rule|Evasion Abilities Clause: Evasion abilities are banned
|rule|Sleep Moves Clause: Sleep-inducing moves are banned
|clearpoke
|poke|p1|Slowbro-Galar, F|
|poke|p1|Mudsdale, F|
|poke|p1|Malamar, F|
|poke|p1|Noctowl, F|
|poke|p1|Rotom-Heat|
|poke|p1|Milotic, F|
|poke|p2|Dragapult, M|
|poke|p2|Great Tusk|
|poke|p2|Gholdengo|
|poke|p2|Zapdos|
|poke|p2|Slowking-Galar, M|
|poke|p2|Dragonite, M|
|teampreview
|
|t:|1758299588
|teamsize|p1|6
|teamsize|p2|6
|start
|switch|p1a: Rotom|Rotom-Heat, shiny|100/100
|switch|p2a: Great Tusk|Great Tusk|100/100
|turn|1
|
|t:|1758299602
|move|p1a: Rotom|Will-O-Wisp|p2a: Great Tusk
|-status|p2a: Great Tusk|brn
|move|p2a: Great Tusk|Rapid Spin|p1a: Rotom
|-damage|p1a: Rotom|91/100
|-boost|p2a: Great Tusk|spe|1
|
|-damage|p2a: Great Tusk|94/100 brn|[from] brn
|upkeep
|turn|2
|
|t:|1758299613
|switch|p1a: Mudsdale|Mudsdale, F|100/100
|move|p2a: Great Tusk|Stealth Rock|p1a: Mudsdale
|-sidestart|p1: Natorito|move: Stealth Rock
|
|-damage|p2a: Great Tusk|88/100 brn|[from] brn
|upkeep
|turn|3
|
|t:|1758299622
|-end|p2a: Great Tusk|Protosynthesis|[silent]
|switch|p2a: Dragonite|Dragonite, M|100/100
|move|p1a: Mudsdale|Stealth Rock|p2a: Dragonite
|-sidestart|p2: TesteamsVF|move: Stealth Rock
|
|upkeep
|turn|4
|
|t:|1758299629
|move|p2a: Dragonite|Dragon Dance|p2a: Dragonite
|-boost|p2a: Dragonite|atk|1
|-boost|p2a: Dragonite|spe|1
|move|p1a: Mudsdale|Body Press|p2a: Dragonite
|-resisted|p2a: Dragonite
|-damage|p2a: Dragonite|94/100
|
|upkeep
|turn|5
|
|t:|1758299637
|move|p2a: Dragonite|Ice Spinner|p1a: Mudsdale
|-supereffective|p1a: Mudsdale
|-damage|p1a: Mudsdale|40/100
|-ability|p1a: Mudsdale|Stamina|boost
|-boost|p1a: Mudsdale|def|1
|move|p1a: Mudsdale|Body Press|p2a: Dragonite
|-resisted|p2a: Dragonite
|-damage|p2a: Dragonite|73/100
|
|-heal|p1a: Mudsdale|46/100|[from] item: Leftovers
|upkeep
|turn|6
|
|t:|1758299653
|-terastallize|p1a: Mudsdale|Water
|move|p2a: Dragonite|Dragon Dance|p2a: Dragonite
|-boost|p2a: Dragonite|atk|1
|-boost|p2a: Dragonite|spe|1
|move|p1a: Mudsdale|Body Press|p2a: Dragonite
|-resisted|p2a: Dragonite
|-damage|p2a: Dragonite|51/100
|
|-heal|p1a: Mudsdale|52/100|[from] item: Leftovers
|upkeep
|turn|7
|
|t:|1758299670
|move|p2a: Dragonite|Dragon Dance|p2a: Dragonite
|-boost|p2a: Dragonite|atk|1
|-boost|p2a: Dragonite|spe|1
|move|p1a: Mudsdale|Body Press|p2a: Dragonite
|-resisted|p2a: Dragonite
|-damage|p2a: Dragonite|30/100
|
|-heal|p1a: Mudsdale|58/100|[from] item: Leftovers
|upkeep
|turn|8
|
|t:|1758299682
|-terastallize|p2a: Dragonite|Normal
|move|p2a: Dragonite|Extreme Speed|p1a: Mudsdale
|-damage|p1a: Mudsdale|14/100
|-ability|p1a: Mudsdale|Stamina|boost
|-boost|p1a: Mudsdale|def|1
|move|p1a: Mudsdale|Roar|p2a: Dragonite
|drag|p2a: Great Tusk|Great Tusk|88/100 brn
|-damage|p2a: Great Tusk|85/100 brn|[from] Stealth Rock
|
|-heal|p1a: Mudsdale|20/100|[from] item: Leftovers
|-damage|p2a: Great Tusk|79/100 brn|[from] brn
|upkeep
|turn|9
|
|t:|1758299713
|-end|p2a: Great Tusk|Protosynthesis|[silent]
|switch|p2a: Dragapult|Dragapult, M, shiny|100/100
|move|p1a: Mudsdale|Body Press|p2a: Dragapult
|-immune|p2a: Dragapult
|
|-heal|p1a: Mudsdale|26/100|[from] item: Leftovers
|upkeep
|turn|10
|
|t:|1758299722
|switch|p1a: Noctowl|Noctowl, F, shiny|100/100
|move|p2a: Dragapult|Draco Meteor|p1a: Noctowl|[miss]
|-miss|p2a: Dragapult|p1a: Noctowl
|
|upkeep
|turn|11
|inactive|Battle timer is ON: inactive players will automatically lose when time's up. (requested by TesteamsVF)
|
|t:|1758299739
|move|p2a: Dragapult|Draco Meteor|p1a: Noctowl
|-damage|p1a: Noctowl|67/100
|-unboost|p2a: Dragapult|spa|2
|move|p1a: Noctowl|Night Shade|p2a: Dragapult
|-damage|p2a: Dragapult|69/100
|
|upkeep
|turn|12
|
|t:|1758299750
|move|p2a: Dragapult|U-turn|p1a: Noctowl
|-resisted|p1a: Noctowl
|-damage|p1a: Noctowl|54/100
|
|t:|1758299756
|switch|p2a: Zapdos|Zapdos|100/100|[from] U-turn
|move|p1a: Noctowl|Roost|p1a: Noctowl
|-heal|p1a: Noctowl|100/100
|-singleturn|p1a: Noctowl|move: Roost
|
|upkeep
|turn|13
|
|t:|1758299782
|move|p2a: Zapdos|Hurricane|p1a: Noctowl
|-damage|p1a: Noctowl|70/100
|move|p1a: Noctowl|Defog|p2a: Zapdos
|-unboost|p2a: Zapdos|evasion|1
|-sideend|p2: TesteamsVF|Stealth Rock|[from] move: Defog|[of] p1a: Noctowl
|-sideend|p1: Natorito|Stealth Rock|[from] move: Defog|[of] p1a: Noctowl
|
|upkeep
|turn|14
|
|t:|1758299802
|switch|p1a: Rotom|Rotom-Heat, shiny|91/100
|move|p2a: Zapdos|Discharge|p1a: Rotom
|-resisted|p1a: Rotom
|-damage|p1a: Rotom|69/100
|
|upkeep
|turn|15
|inactive|Natorito has 120 seconds left.
|
|t:|1758299825
|move|p1a: Rotom|Trick|p2a: Zapdos
|-activate|p1a: Rotom|move: Trick|[of] p2a: Zapdos
|-item|p2a: Zapdos|Choice Scarf|[from] move: Trick
|-item|p1a: Rotom|Heavy-Duty Boots|[from] move: Trick
|move|p2a: Zapdos|Volt Switch|p1a: Rotom
|-resisted|p1a: Rotom
|-damage|p1a: Rotom|49/100
|inactive|TesteamsVF has 120 seconds left.
|
|t:|1758299854
|switch|p2a: Slowking|Slowking-Galar, M|100/100|[from] Volt Switch
|
|upkeep
|turn|16
|inactive|Natorito has 120 seconds left.
|
|t:|1758299870
|switch|p1a: Noctowl|Noctowl, F, shiny|70/100
|move|p2a: Slowking|Future Sight|p1a: Noctowl
|-start|p2a: Slowking|move: Future Sight
|
|upkeep
|turn|17
|
|t:|1758299880
|move|p1a: Noctowl|Roost|p1a: Noctowl
|-heal|p1a: Noctowl|100/100
|-singleturn|p1a: Noctowl|move: Roost
|move|p2a: Slowking|Sludge Bomb|p1a: Noctowl
|-damage|p1a: Noctowl|79/100
|-status|p1a: Noctowl|psn
|
|-damage|p1a: Noctowl|67/100 psn|[from] psn
|upkeep
|turn|18
|inactive|TesteamsVF has 120 seconds left.
|
|t:|1758299904
|move|p1a: Noctowl|Roost|p1a: Noctowl
|-heal|p1a: Noctowl|100/100 psn
|-singleturn|p1a: Noctowl|move: Roost
|-prepare|p2a: Slowking|Chilly Reception|[premajor]
|move|p2a: Slowking|Chilly Reception|p2a: Slowking
|-weather|Snowscape
|inactive|TesteamsVF has 120 seconds left.
|
|t:|1758299911
|switch|p2a: Zapdos|Zapdos|100/100|[from] Chilly Reception
|
|-weather|Snowscape|[upkeep]
|-end|p1a: Noctowl|move: Future Sight
|-damage|p1a: Noctowl|72/100 psn
|-damage|p1a: Noctowl|60/100 psn|[from] psn
|upkeep
|turn|19
|
|t:|1758299931
|switch|p1a: Rotom|Rotom-Heat, shiny|49/100
|move|p2a: Zapdos|Hurricane|p1a: Rotom
|-resisted|p1a: Rotom
|-damage|p1a: Rotom|18/100
|-start|p1a: Rotom|confusion
|
|-weather|Snowscape|[upkeep]
|upkeep
|turn|20
|inactive|Natorito has 120 seconds left.
|
|t:|1758299970
|switch|p1a: Noctowl|Noctowl, F, shiny|60/100 psn
|move|p2a: Zapdos|Hurricane|p1a: Noctowl
|-damage|p1a: Noctowl|32/100 psn
|
|-weather|Snowscape|[upkeep]
|-damage|p1a: Noctowl|20/100 psn|[from] psn
|upkeep
|turn|21
|
|t:|1758299984
|move|p2a: Zapdos|Hurricane|p1a: Noctowl
|-damage|p1a: Noctowl|0 fnt
|faint|p1a: Noctowl
|
|-weather|Snowscape|[upkeep]
|upkeep
|
|t:|1758299991
|switch|p1a: Milotic|Milotic, F|100/100
|turn|22
|
|t:|1758300003
|switch|p2a: Slowking|Slowking-Galar, M|100/100
|move|p1a: Milotic|Scald|p2a: Slowking
|-damage|p2a: Slowking|84/100
|
|-weather|none
|-heal|p2a: Slowking|90/100|[from] item: Leftovers
|upkeep
|turn|23
|inactive|Natorito has 90 seconds left.
|
|t:|1758300036
|switch|p1a: Malamar|Malamar, F|100/100
|move|p2a: Slowking|Sludge Bomb|p1a: Malamar
|-damage|p1a: Malamar|52/100
|-status|p1a: Malamar|psn
|
|-heal|p2a: Slowking|96/100|[from] item: Leftovers
|-damage|p1a: Malamar|40/100 psn|[from] psn
|upkeep
|turn|24
|inactive|Natorito has 90 seconds left.
|inactive|TesteamsVF has 120 seconds left.
|
|t:|1758300069
|move|p1a: Malamar|Knock Off|p2a: Slowking
|-supereffective|p2a: Slowking
|-damage|p2a: Slowking|15/100
|-enditem|p2a: Slowking|Leftovers|[from] move: Knock Off|[of] p1a: Malamar
|move|p2a: Slowking|Sludge Bomb|p1a: Malamar
|-damage|p1a: Malamar|0 fnt
|faint|p1a: Malamar
|
|upkeep
|inactive|Natorito has 90 seconds left.
|
|t:|1758300081
|switch|p1a: Slowbro|Slowbro-Galar, F|100/100
|turn|25
|
|t:|1758300097
|switch|p2a: Dragapult|Dragapult, M, shiny|69/100
|move|p1a: Slowbro|Belly Drum|p1a: Slowbro
|-damage|p1a: Slowbro|50/100
|-setboost|p1a: Slowbro|atk|6|[from] move: Belly Drum
|
|upkeep
|turn|26
|-activate|p1a: Slowbro|item: Quick Claw
|
|t:|1758300107
|move|p1a: Slowbro|Poison Jab|p2a: Dragapult
|-resisted|p2a: Dragapult
|-damage|p2a: Dragapult|0 fnt
|faint|p2a: Dragapult
|
|upkeep
|
|t:|1758300116
|switch|p2a: Gholdengo|Gholdengo|100/100
|-item|p2a: Gholdengo|Air Balloon
|turn|27
|-activate|p1a: Slowbro|ability: Quick Draw
|
|t:|1758300121
|move|p1a: Slowbro|Liquidation|p2a: Gholdengo
|-damage|p2a: Gholdengo|0 fnt
|-enditem|p2a: Gholdengo|Air Balloon
|faint|p2a: Gholdengo
|
|upkeep
|
|t:|1758300131
|switch|p2a: Dragonite|Dragonite, M, tera:Normal|30/100
|turn|28
|inactive|TesteamsVF has 120 seconds left.
|
|t:|1758300137
|move|p2a: Dragonite|Extreme Speed|p1a: Slowbro
|-crit|p1a: Slowbro
|-damage|p1a: Slowbro|0 fnt
|faint|p1a: Slowbro
|
|upkeep
|inactive|Natorito has 120 seconds left.
|
|t:|1758300159
|switch|p1a: Mudsdale|Mudsdale, F, tera:Water|26/100
|turn|29
|
|t:|1758300164
|move|p2a: Dragonite|Extreme Speed|p1a: Mudsdale
|-damage|p1a: Mudsdale|0 fnt
|faint|p1a: Mudsdale
|
|upkeep
|inactive|Natorito has 120 seconds left.
|
|t:|1758300169
|switch|p1a: Milotic|Milotic, F|100/100
|turn|30
|inactive|Natorito has 120 seconds left.
|
|t:|1758300182
|move|p2a: Dragonite|Extreme Speed|p1a: Milotic
|-damage|p1a: Milotic|66/100
|move|p1a: Milotic|Scald|p2a: Dragonite
|-damage|p2a: Dragonite|1/100
|
|-heal|p1a: Milotic|72/100|[from] item: Leftovers
|upkeep
|turn|31
|inactive|Natorito has 120 seconds left.
|
|t:|1758300213
|move|p2a: Dragonite|Extreme Speed|p1a: Milotic
|-damage|p1a: Milotic|40/100
|move|p1a: Milotic|Scald|p2a: Dragonite
|-damage|p2a: Dragonite|0 fnt
|faint|p2a: Dragonite
|
|-heal|p1a: Milotic|46/100|[from] item: Leftovers
|upkeep
|
|t:|1758300224
|switch|p2a: Zapdos|Zapdos|100/100
|turn|32
|
|t:|1758300242
|move|p2a: Zapdos|Discharge|p1a: Milotic
|-supereffective|p1a: Milotic
|-crit|p1a: Milotic
|-damage|p1a: Milotic|0 fnt
|faint|p1a: Milotic
|
|upkeep
|inactive|Natorito has 90 seconds left.
|
|t:|1758300260
|switch|p1a: Rotom|Rotom-Heat, shiny|18/100
|turn|33
|-message|Natorito forfeited.
|
|win|TesteamsVF
|raw|Natorito's rating: 1138 &rarr; <strong>1117</strong><br />(-21 for losing)
|raw|TesteamsVF's rating: 1192 &rarr; <strong>1213</strong><br />(+21 for winning)
|l|☆Natorito
|player|p1|
|l|☆TesteamsVF
|player|p2|
