|j|☆heatjr37
|j|☆malamarFriend25
|t:|1758343653
|gametype|singles
|player|p1|heatjr37|266|1353
|player|p2|malamarFriend25|marley|1388
|gen|9
|tier|[Gen 9] OU
|rated|
|rule|HP Percentage Mod: HP is shown in percentages
|rule|Endless Battle Clause: Forcing endless battles is banned
|rule|Species Clause: Limit one of each Pokémon
|rule|OHKO Clause: OHKO moves are banned
|rule|Evasion Items Clause: Evasion items are banned
|rule|Evasion Moves Clause: Evasion moves are banned
|rule|Evasion Abilities Clause: Evasion abilities are banned
|rule|Sleep Moves Clause: Sleep-inducing moves are banned
|clearpoke
|poke|p1|Iron Moth|
|poke|p1|Scizor, F|
|poke|p1|Darkrai|
|poke|p1|Garchomp, F|
|poke|p1|Primarina, M|
|poke|p1|Great Tusk|
|poke|p2|Malamar, F|
|poke|p2|Araquanid, M|
|poke|p2|Gengar, F|
|poke|p2|Iron Crown|
|poke|p2|Great Tusk|
|poke|p2|Dragonite, F|
|teampreview
|
|t:|1758343666
|teamsize|p1|6
|teamsize|p2|6
|start
|switch|p1a: Garchomp|Garchomp, F|100/100
|switch|p2a: Araquanid|Araquanid, M|100/100
|turn|1
|
|t:|1758343672
|move|p2a: Araquanid|Liquidation|p1a: Garchomp
|-damage|p1a: Garchomp|18/100
|-damage|p2a: Araquanid|88/100|[from] ability: Rough Skin|[of] p1a: Garchomp
|-damage|p2a: Araquanid|72/100|[from] item: Rocky Helmet|[of] p1a: Garchomp
|move|p1a: Garchomp|Dragon Tail|p2a: Araquanid|[miss]
|-miss|p1a: Garchomp|p2a: Araquanid
|
|upkeep
|turn|2
|
|t:|1758343678
|move|p1a: Garchomp|Spikes|p2a: Araquanid
|-sidestart|p2: malamarFriend25|Spikes
|move|p2a: Araquanid|Liquidation|p1a: Garchomp
|-damage|p1a: Garchomp|0 fnt
|-damage|p2a: Araquanid|59/100|[from] ability: Rough Skin|[of] p1a: Garchomp
|-damage|p2a: Araquanid|43/100|[from] item: Rocky Helmet|[of] p1a: Garchomp
|faint|p1a: Garchomp
|
|upkeep
|
|t:|1758343687
|switch|p1a: Darkrai|Darkrai|100/100
|turn|3
|
|t:|1758343692
|move|p1a: Darkrai|Dark Pulse|p2a: Araquanid
|-damage|p2a: Araquanid|8/100
|move|p2a: Araquanid|Liquidation|p1a: Darkrai
|-damage|p1a: Darkrai|0 fnt
|faint|p1a: Darkrai
|
|upkeep
|
|t:|1758343705
|switch|p1a: Iron Moth|Iron Moth|100/100
|turn|4
|
|t:|1758343711
|move|p1a: Iron Moth|Sludge Wave|p2a: Araquanid
|-damage|p2a: Araquanid|0 fnt
|faint|p2a: Araquanid
|
|upkeep
|
|t:|1758343724
|switch|p2a: Great Tusk|Great Tusk|100/100
|-damage|p2a: Great Tusk|88/100|[from] Spikes
|turn|5
|
|t:|1758343735
|-terastallize|p1a: Iron Moth|Grass
|move|p1a: Iron Moth|Energy Ball|p2a: Great Tusk
|-supereffective|p2a: Great Tusk
|-damage|p2a: Great Tusk|0 fnt
|faint|p2a: Great Tusk
|-end|p2a: Great Tusk|Protosynthesis|[silent]
|
|upkeep
|
|t:|1758343744
|switch|p2a: Gengar|Gengar, F|100/100
|-damage|p2a: Gengar|88/100|[from] Spikes
|turn|6
|
|t:|1758343750
|move|p2a: Gengar|Sludge Wave|p1a: Iron Moth
|-supereffective|p1a: Iron Moth
|-damage|p1a: Iron Moth|31/100
|move|p1a: Iron Moth|Fiery Dance|p2a: Gengar
|-damage|p2a: Gengar|13/100
|-boost|p1a: Iron Moth|spa|1
|
|upkeep
|turn|7
|
|t:|1758343755
|move|p1a: Iron Moth|Fiery Dance|p2a: Gengar
|-damage|p2a: Gengar|0 fnt
|-boost|p1a: Iron Moth|spa|1
|faint|p2a: Gengar
|
|upkeep
|
|t:|1758343763
|switch|p2a: Iron Crown|Iron Crown|100/100
|-damage|p2a: Iron Crown|88/100|[from] Spikes
|-enditem|p2a: Iron Crown|Booster Energy
|-activate|p2a: Iron Crown|ability: Quark Drive|[fromitem]
|-start|p2a: Iron Crown|quarkdrivespe
|turn|8
|
|t:|1758343773
|move|p2a: Iron Crown|Psychic|p1a: Iron Moth
|-damage|p1a: Iron Moth|1/100
|move|p1a: Iron Moth|Fiery Dance|p2a: Iron Crown
|-supereffective|p2a: Iron Crown
|-damage|p2a: Iron Crown|0 fnt
|-boost|p1a: Iron Moth|spa|1
|faint|p2a: Iron Crown
|-end|p2a: Iron Crown|Quark Drive|[silent]
|
|upkeep
|
|t:|1758343784
|switch|p2a: Dragonite|Dragonite, F|100/100
|turn|9
|
|t:|1758343791
|move|p2a: Dragonite|Extreme Speed|p1a: Iron Moth
|-damage|p1a: Iron Moth|0 fnt
|faint|p1a: Iron Moth
|-end|p1a: Iron Moth|Quark Drive|[silent]
|
|upkeep
|
|t:|1758343796
|switch|p1a: Primarina|Primarina, M|100/100
|turn|10
|
|t:|1758343803
|-terastallize|p2a: Dragonite|Normal
|move|p2a: Dragonite|Dragon Dance|p2a: Dragonite
|-boost|p2a: Dragonite|atk|1
|-boost|p2a: Dragonite|spe|1
|move|p1a: Primarina|Moonblast|p2a: Dragonite
|-damage|p2a: Dragonite|70/100
|-damage|p1a: Primarina|91/100|[from] item: Life Orb
|
|upkeep
|turn|11
|
|t:|1758343813
|move|p2a: Dragonite|Thunder Punch|p1a: Primarina
|-supereffective|p1a: Primarina
|-damage|p1a: Primarina|0 fnt
|faint|p1a: Primarina
|
|upkeep
|
|t:|1758343816
|switch|p1a: Great Tusk|Great Tusk|100/100
|-enditem|p1a: Great Tusk|Booster Energy
|-activate|p1a: Great Tusk|ability: Protosynthesis|[fromitem]
|-start|p1a: Great Tusk|protosynthesisatk
|turn|12
|
|t:|1758343827
|move|p2a: Dragonite|Extreme Speed|p1a: Great Tusk
|-damage|p1a: Great Tusk|45/100
|move|p1a: Great Tusk|Close Combat|p2a: Dragonite
|-supereffective|p2a: Dragonite
|-damage|p2a: Dragonite|0 fnt
|-unboost|p1a: Great Tusk|def|1
|-unboost|p1a: Great Tusk|spd|1
|faint|p2a: Dragonite
|
|upkeep
|
|t:|1758343832
|switch|p2a: Malamar|Malamar, F, shiny|100/100
|-damage|p2a: Malamar|88/100|[from] Spikes
|turn|13
|
|t:|1758343838
|move|p1a: Great Tusk|Close Combat|p2a: Malamar
|-damage|p2a: Malamar|2/100
|-unboost|p1a: Great Tusk|def|1
|-unboost|p1a: Great Tusk|spd|1
|move|p2a: Malamar|Trick Room|p2a: Malamar
|-fieldstart|move: Trick Room|[of] p2a: Malamar
|
|upkeep
|turn|14
|
|t:|1758343845
|move|p2a: Malamar|Knock Off|p1a: Great Tusk
|-resisted|p1a: Great Tusk
|-damage|p1a: Great Tusk|24/100
|move|p1a: Great Tusk|Ice Spinner|p2a: Malamar
|-damage|p2a: Malamar|0 fnt
|faint|p2a: Malamar
|
|win|heatjr37
|raw|heatjr37's rating: 1353 &rarr; <strong>1375</strong><br />(+22 for winning)
|raw|malamarFriend25's rating: 1388 &rarr; <strong>1366</strong><br />(-22 for losing)
|l|☆malamarFriend25
|player|p2|
|l|☆heatjr37
|player|p1|
