|j|☆atyranitara
|j|☆Jon Mateo
|t:|1758287700
|gametype|singles
|player|p1|atyranitara|cynthia|1331
|player|p2|Jon Mateo|265|1345
|gen|9
|tier|[Gen 9] OU
|rated|
|rule|HP Percentage Mod: HP is shown in percentages
|rule|Endless Battle Clause: Forcing endless battles is banned
|rule|Species Clause: Limit one of each Pokémon
|rule|OHKO Clause: OHKO moves are banned
|rule|Evasion Items Clause: Evasion items are banned
|rule|Evasion Moves Clause: Evasion moves are banned
|rule|Evasion Abilities Clause: Evasion abilities are banned
|rule|Sleep Moves Clause: Sleep-inducing moves are banned
|clearpoke
|poke|p1|Gliscor, M|
|poke|p1|Blissey, F|
|poke|p1|Weezing-Galar, M|
|poke|p1|Corviknight, M|
|poke|p1|Dondozo, M|
|poke|p1|Toxapex, F|
|poke|p2|Ceruledge, F|
|poke|p2|Lokix, F|
|poke|p2|Quaquaval, F|
|poke|p2|Gardevoir, M|
|poke|p2|Garchomp, M|
|poke|p2|Rotom-Frost|
|teampreview
|
|t:|1758287705
|teamsize|p1|6
|teamsize|p2|6
|start
|switch|p1a: 小蝎子|Gliscor, M, shiny|100/100
|switch|p2a: Rotom|Rotom-Frost|100/100
|turn|1
|
|t:|1758287713
|move|p1a: 小蝎子|Protect|p1a: 小蝎子
|-singleturn|p1a: 小蝎子|Protect
|move|p2a: Rotom|Blizzard|p1a: 小蝎子
|-activate|p1a: 小蝎子|move: Protect
|
|-status|p1a: 小蝎子|tox|[from] item: Toxic Orb
|upkeep
|turn|2
|
|t:|1758287720
|switch|p2a: Lokix|Lokix, F|100/100
|switch|p1a: 不是坏蛋|Blissey, F, shiny|100/100
|
|upkeep
|turn|3
|
|t:|1758287726
|switch|p1a: 小鸦几|Corviknight, M, shiny|100/100
|-ability|p1a: 小鸦几|Pressure
|move|p2a: Lokix|Axe Kick|p1a: 小鸦几
|-damage|p1a: 小鸦几|78/100
|-start|p1a: 小鸦几|confusion
|
|-heal|p1a: 小鸦几|85/100|[from] item: Leftovers
|upkeep
|turn|4
|
|t:|1758287735
|move|p2a: Lokix|U-turn|p1a: 小鸦几
|-resisted|p1a: 小鸦几
|-damage|p1a: 小鸦几|74/100
|
|t:|1758287742
|switch|p2a: Ceruledge|Ceruledge, F|100/100|[from] U-turn
|-activate|p1a: 小鸦几|confusion
|move|p1a: 小鸦几|Body Press|p2a: Ceruledge
|-immune|p2a: Ceruledge
|
|-heal|p1a: 小鸦几|80/100|[from] item: Leftovers
|upkeep
|turn|5
|
|t:|1758287752
|switch|p2a: Rotom|Rotom-Frost|100/100
|switch|p1a: 讨厌月月熊|Dondozo, M, shiny|100/100
|
|upkeep
|turn|6
|
|t:|1758287762
|move|p2a: Rotom|Trick|p1a: 讨厌月月熊
|-activate|p2a: Rotom|move: Trick|[of] p1a: 讨厌月月熊
|-item|p1a: 讨厌月月熊|Choice Scarf|[from] move: Trick
|-item|p2a: Rotom|Leftovers|[from] move: Trick
|move|p1a: 讨厌月月熊|Curse|p1a: 讨厌月月熊
|-unboost|p1a: 讨厌月月熊|spe|1
|-boost|p1a: 讨厌月月熊|atk|1
|-boost|p1a: 讨厌月月熊|def|1
|
|upkeep
|turn|7
|-message|atyranitara forfeited.
|
|win|Jon Mateo
|raw|atyranitara's rating: 1331 &rarr; <strong>1312</strong><br />(-19 for losing)
|raw|Jon Mateo's rating: 1345 &rarr; <strong>1364</strong><br />(+19 for winning)
|l|☆atyranitara
|player|p1|
|l|☆Jon Mateo
|player|p2|
