|j|☆Hunter_of_Keys
|j|☆gekkougatothetop
|t:|1758348125
|gametype|singles
|player|p1|Hunter_of_Keys|veteran|1420
|player|p2|gekkougatothetop|red|1455
|gen|9
|tier|[Gen 9] OU
|rated|
|rule|HP Percentage Mod: HP is shown in percentages
|rule|Endless Battle Clause: Forcing endless battles is banned
|rule|Species Clause: Limit one of each Pokémon
|rule|OHKO Clause: OHKO moves are banned
|rule|Evasion Items Clause: Evasion items are banned
|rule|Evasion Moves Clause: Evasion moves are banned
|rule|Evasion Abilities Clause: Evasion abilities are banned
|rule|Sleep Moves Clause: Sleep-inducing moves are banned
|clearpoke
|poke|p1|Espeon, F|
|poke|p1|Indeedee, M|
|poke|p1|Armarouge, F|
|poke|p1|Gallade, M|
|poke|p1|Cresselia, F|
|poke|p1|Rabsca, M|
|poke|p2|Iron Hands|
|poke|p2|Grimmsnarl, M|
|poke|p2|Iron Moth|
|poke|p2|Iron Crown|
|poke|p2|Dragonite, M|
|poke|p2|Great Tusk|
|teampreview
|inactive|Battle timer is ON: inactive players will automatically lose when time's up. (requested by Hunter_of_Keys)
|
|t:|1758348153
|teamsize|p1|6
|teamsize|p2|6
|start
|switch|p1a: Indeedee|Indeedee, M|100/100
|switch|p2a: Great Tusk|Great Tusk|100/100
|-fieldstart|move: Psychic Terrain|[from] ability: Psychic Surge|[of] p1a: Indeedee
|turn|1
|
|t:|1758348173
|move|p1a: Indeedee|Expanding Force|p2a: Great Tusk
|-supereffective|p2a: Great Tusk
|-damage|p2a: Great Tusk|0 fnt
|faint|p2a: Great Tusk
|-end|p2a: Great Tusk|Protosynthesis|[silent]
|
|upkeep
|
|t:|1758348177
|switch|p2a: Iron Crown|Iron Crown|100/100
|-enditem|p2a: Iron Crown|Booster Energy
|-activate|p2a: Iron Crown|ability: Quark Drive|[fromitem]
|-start|p2a: Iron Crown|quarkdrivespe
|turn|2
|
|t:|1758348183
|switch|p1a: Cresselia|Cresselia, F|100/100
|move|p2a: Iron Crown|Calm Mind|p2a: Iron Crown
|-boost|p2a: Iron Crown|spa|1
|-boost|p2a: Iron Crown|spd|1
|
|upkeep
|turn|3
|
|t:|1758348187
|move|p2a: Iron Crown|Calm Mind|p2a: Iron Crown
|-boost|p2a: Iron Crown|spa|1
|-boost|p2a: Iron Crown|spd|1
|move|p1a: Cresselia|Thunder Wave|p2a: Iron Crown
|-status|p2a: Iron Crown|par
|
|upkeep
|turn|4
|
|t:|1758348204
|move|p2a: Iron Crown|Calm Mind|p2a: Iron Crown
|-boost|p2a: Iron Crown|spa|1
|-boost|p2a: Iron Crown|spd|1
|move|p1a: Cresselia|Lunar Dance|p1a: Cresselia
|faint|p1a: Cresselia
|
|upkeep
|
|t:|1758348206
|switch|p1a: Gallade|Gallade, M|100/100
|turn|5
|
|t:|1758348211
|-terastallize|p1a: Gallade|Dark
|move|p1a: Gallade|Night Slash|p2a: Iron Crown
|-supereffective|p2a: Iron Crown
|-damage|p2a: Iron Crown|0 fnt
|faint|p2a: Iron Crown
|-end|p2a: Iron Crown|Quark Drive|[silent]
|
|upkeep
|
|t:|1758348222
|switch|p2a: Iron Hands|Iron Hands|100/100
|-enditem|p2a: Iron Hands|Booster Energy
|-activate|p2a: Iron Hands|ability: Quark Drive|[fromitem]
|-start|p2a: Iron Hands|quarkdriveatk
|turn|6
|
|t:|1758348236
|switch|p1a: Armarouge|Armarouge, F|100/100
|move|p2a: Iron Hands|Drain Punch|p1a: Armarouge
|-resisted|p1a: Armarouge
|-damage|p1a: Armarouge|69/100
|-ability|p1a: Armarouge|Weak Armor|boost
|-unboost|p1a: Armarouge|def|1
|-boost|p1a: Armarouge|spe|2
|
|upkeep
|turn|7
|
|t:|1758348253
|move|p1a: Armarouge|Expanding Force|p2a: Iron Hands
|-supereffective|p2a: Iron Hands
|-damage|p2a: Iron Hands|0 fnt
|faint|p2a: Iron Hands
|-end|p2a: Iron Hands|Quark Drive|[silent]
|
|upkeep
|
|t:|1758348256
|switch|p2a: Grimmsnarl|Grimmsnarl, M|100/100
|turn|8
|
|t:|1758348262
|move|p2a: Grimmsnarl|Light Screen|p2a: Grimmsnarl
|-sidestart|p2: gekkougatothetop|move: Light Screen
|move|p1a: Armarouge|Armor Cannon|p2a: Grimmsnarl
|-damage|p2a: Grimmsnarl|73/100
|-unboost|p1a: Armarouge|def|1
|-unboost|p1a: Armarouge|spd|1
|
|-fieldend|move: Psychic Terrain
|upkeep
|turn|9
|
|t:|1758348268
|move|p2a: Grimmsnarl|Parting Shot|p1a: Armarouge
|-unboost|p1a: Armarouge|atk|1
|-unboost|p1a: Armarouge|spa|1
|
|t:|1758348271
|switch|p2a: Dragonite|Dragonite, M|100/100|[from] Parting Shot
|move|p1a: Armarouge|Armor Cannon|p2a: Dragonite
|-resisted|p2a: Dragonite
|-damage|p2a: Dragonite|94/100
|-unboost|p1a: Armarouge|def|1
|-unboost|p1a: Armarouge|spd|1
|
|upkeep
|turn|10
|
|t:|1758348284
|switch|p1a: Espeon|Espeon, F|100/100
|move|p2a: Dragonite|Encore|p1a: Espeon
|move|p1a: Espeon|Encore||[from] ability: Magic Bounce|[still]
|-fail|p1a: Espeon
|
|upkeep
|turn|11
|
|t:|1758348290
|switch|p2a: Grimmsnarl|Grimmsnarl, M|73/100
|move|p1a: Espeon|Thunder Wave|p2a: Grimmsnarl
|-status|p2a: Grimmsnarl|par
|
|upkeep
|turn|12
|
|t:|1758348298
|move|p2a: Grimmsnarl|Reflect|p2a: Grimmsnarl
|-sidestart|p2: gekkougatothetop|Reflect
|move|p1a: Espeon|Alluring Voice|p2a: Grimmsnarl
|-supereffective|p2a: Grimmsnarl
|-damage|p2a: Grimmsnarl|56/100 par
|
|upkeep
|turn|13
|
|t:|1758348322
|switch|p2a: Iron Moth|Iron Moth|100/100
|-enditem|p2a: Iron Moth|Booster Energy
|-activate|p2a: Iron Moth|ability: Quark Drive|[fromitem]
|-start|p2a: Iron Moth|quarkdrivespe
|move|p1a: Espeon|Alluring Voice|p2a: Iron Moth
|-resisted|p2a: Iron Moth
|-damage|p2a: Iron Moth|98/100
|
|upkeep
|turn|14
|
|t:|1758348331
|move|p2a: Iron Moth|Substitute|p2a: Iron Moth
|-start|p2a: Iron Moth|Substitute
|-damage|p2a: Iron Moth|73/100
|move|p1a: Espeon|Psychic Noise|p2a: Iron Moth
|-supereffective|p2a: Iron Moth
|-damage|p2a: Iron Moth|41/100
|-start|p2a: Iron Moth|move: Heal Block
|
|upkeep
|turn|15
|
|t:|1758348339
|move|p2a: Iron Moth|Fiery Dance|p1a: Espeon
|-damage|p1a: Espeon|55/100
|-boost|p2a: Iron Moth|spa|1
|move|p1a: Espeon|Psychic Noise|p2a: Iron Moth
|-supereffective|p2a: Iron Moth
|-damage|p2a: Iron Moth|8/100
|
|-end|p2a: Iron Moth|move: Heal Block
|-sideend|p2: gekkougatothetop|move: Light Screen
|upkeep
|turn|16
|
|t:|1758348353
|move|p2a: Iron Moth|Fiery Dance|p1a: Espeon
|-crit|p1a: Espeon
|-damage|p1a: Espeon|0 fnt
|faint|p1a: Espeon
|
|upkeep
|
|t:|1758348366
|switch|p1a: Indeedee|Indeedee, M|100/100
|-heal|p1a: Indeedee|100/100|[from] move: Lunar Dance
|-fieldstart|move: Psychic Terrain|[from] ability: Psychic Surge|[of] p1a: Indeedee
|turn|17
|
|t:|1758348383
|move|p2a: Iron Moth|Fiery Dance|p1a: Indeedee
|-damage|p1a: Indeedee|25/100
|-boost|p2a: Iron Moth|spa|1
|move|p1a: Indeedee|Expanding Force|p2a: Iron Moth
|-supereffective|p2a: Iron Moth
|-end|p2a: Iron Moth|Substitute
|
|upkeep
|turn|18
|
|t:|1758348390
|move|p2a: Iron Moth|Fiery Dance|p1a: Indeedee
|-damage|p1a: Indeedee|0 fnt
|faint|p1a: Indeedee
|
|upkeep
|
|t:|1758348394
|switch|p1a: Gallade|Gallade, M, tera:Dark|100/100
|turn|19
|
|t:|1758348401
|move|p2a: Iron Moth|Dazzling Gleam|p1a: Gallade
|-supereffective|p1a: Gallade
|-enditem|p1a: Gallade|Focus Sash
|-damage|p1a: Gallade|1/100
|move|p1a: Gallade|Psycho Cut|p2a: Iron Moth
|-supereffective|p2a: Iron Moth
|-damage|p2a: Iron Moth|0 fnt
|faint|p2a: Iron Moth
|-end|p2a: Iron Moth|Quark Drive|[silent]
|
|-sideend|p2: gekkougatothetop|Reflect
|upkeep
|
|t:|1758348409
|switch|p2a: Grimmsnarl|Grimmsnarl, M|56/100 par
|turn|20
|
|t:|1758348415
|move|p2a: Grimmsnarl|Reflect|p2a: Grimmsnarl
|-sidestart|p2: gekkougatothetop|Reflect
|move|p1a: Gallade|Sacred Sword|p2a: Grimmsnarl
|-damage|p2a: Grimmsnarl|7/100 par
|
|upkeep
|turn|21
|
|t:|1758348424
|move|p2a: Grimmsnarl|Parting Shot|p1a: Gallade
|-activate|p1a: Gallade|move: Psychic Terrain
|move|p1a: Gallade|Sacred Sword|p2a: Grimmsnarl
|-damage|p2a: Grimmsnarl|0 fnt
|faint|p2a: Grimmsnarl
|
|upkeep
|
|t:|1758348428
|switch|p2a: Dragonite|Dragonite, M|94/100
|turn|22
|
|t:|1758348436
|move|p2a: Dragonite|Dragon Dance|p2a: Dragonite
|-boost|p2a: Dragonite|atk|1
|-boost|p2a: Dragonite|spe|1
|move|p1a: Gallade|Ice Punch|p2a: Dragonite
|-supereffective|p2a: Dragonite
|-damage|p2a: Dragonite|38/100
|
|upkeep
|turn|23
|
|t:|1758348451
|-terastallize|p2a: Dragonite|Fire
|move|p2a: Dragonite|Fire Punch|p1a: Gallade
|-damage|p1a: Gallade|0 fnt
|faint|p1a: Gallade
|
|upkeep
|
|t:|1758348475
|switch|p1a: Armarouge|Armarouge, F|69/100
|turn|24
|
|t:|1758348497
|move|p2a: Dragonite|Scale Shot|p1a: Armarouge
|-damage|p1a: Armarouge|47/100
|-ability|p1a: Armarouge|Weak Armor|boost
|-unboost|p1a: Armarouge|def|1
|-boost|p1a: Armarouge|spe|2
|-damage|p1a: Armarouge|9/100
|-ability|p1a: Armarouge|Weak Armor|boost
|-unboost|p1a: Armarouge|def|1
|-boost|p1a: Armarouge|spe|2
|-damage|p1a: Armarouge|0 fnt
|faint|p1a: Armarouge
|-hitcount|p1: Armarouge|3
|-unboost|p2a: Dragonite|def|1
|-boost|p2a: Dragonite|spe|1
|
|-fieldend|move: Psychic Terrain
|upkeep
|
|t:|1758348499
|switch|p1a: Rabsca|Rabsca, M|100/100
|turn|25
|
|t:|1758348518
|move|p2a: Dragonite|Fire Punch|p1a: Rabsca
|-supereffective|p1a: Rabsca
|-damage|p1a: Rabsca|0 fnt
|faint|p1a: Rabsca
|
|win|gekkougatothetop
|raw|Hunter_of_Keys's rating: 1420 &rarr; <strong>1402</strong><br />(-18 for losing)
|raw|gekkougatothetop's rating: 1455 &rarr; <strong>1473</strong><br />(+18 for winning)
|l|☆Hunter_of_Keys
|player|p1|
