|j|☆TheFlowerPrince
|j|☆Kippenfluisteraar
|t:|1758356333
|gametype|singles
|player|p1|TheFlowerPrince|101|1118
|player|p2|Kippenfluisteraar|birdkeeper-gen4dp|1175
|gen|9
|tier|[Gen 9] OU
|rated|
|rule|HP Percentage Mod: HP is shown in percentages
|rule|Endless Battle Clause: Forcing endless battles is banned
|rule|Species Clause: Limit one of each Pokémon
|rule|OHKO Clause: OHKO moves are banned
|rule|Evasion Items Clause: Evasion items are banned
|rule|Evasion Moves Clause: Evasion moves are banned
|rule|Evasion Abilities Clause: Evasion abilities are banned
|rule|Sleep Moves Clause: Sleep-inducing moves are banned
|clearpoke
|poke|p1|Dragonite, F|
|poke|p1|Raichu, M|
|poke|p1|Victreebel, M|
|poke|p1|Delphox, M|
|poke|p1|Greninja-*, F|
|poke|p1|Hawlucha, F|
|poke|p2|Kleavor, M|
|poke|p2|Araquanid, M|
|poke|p2|Scizor, M|
|poke|p2|Yanmega, F|
|poke|p2|Ribombee, M|
|poke|p2|Heracross, M|
|teampreview
|
|t:|1758356349
|teamsize|p1|6
|teamsize|p2|6
|start
|switch|p1a: Raichu|Raichu, M|100/100
|switch|p2a: Opp scyther|Heracross, M|100/100
|turn|1
|
|t:|1758356356
|move|p1a: Raichu|Fake Out|p2a: Opp scyther
|-damage|p2a: Opp scyther|88/100
|cant|p2a: Opp scyther|flinch
|
|-status|p2a: Opp scyther|brn|[from] item: Flame Orb
|upkeep
|turn|2
|
|t:|1758356366
|move|p1a: Raichu|Volt Switch|p2a: Opp scyther
|-damage|p2a: Opp scyther|51/100 brn
|
|t:|1758356369
|switch|p1a: Hawlucha|Hawlucha, F|100/100|[from] Volt Switch
|move|p2a: Opp scyther|Trailblaze|p1a: Hawlucha
|-resisted|p1a: Hawlucha
|-damage|p1a: Hawlucha|83/100
|-boost|p2a: Opp scyther|spe|1
|-enditem|p1a: Hawlucha|Mirror Herb
|-boost|p1a: Hawlucha|spe|1|[from] item: Mirror Herb
|
|-damage|p2a: Opp scyther|45/100 brn|[from] brn
|upkeep
|turn|3
|
|t:|1758356381
|move|p1a: Hawlucha|Acrobatics|p2a: Opp scyther
|-supereffective|p2a: Opp scyther
|-damage|p2a: Opp scyther|0 fnt
|faint|p2a: Opp scyther
|
|upkeep
|
|t:|1758356400
|switch|p2a: Future scyther|Scizor, M|100/100
|turn|4
|
|t:|1758356409
|move|p2a: Future scyther|Bullet Punch|p1a: Hawlucha
|-damage|p1a: Hawlucha|23/100
|-damage|p2a: Future scyther|91/100|[from] item: Life Orb
|move|p1a: Hawlucha|Thunder Punch|p2a: Future scyther
|-damage|p2a: Future scyther|68/100
|
|upkeep
|turn|5
|
|t:|1758356420
|move|p2a: Future scyther|Bullet Punch|p1a: Hawlucha
|-damage|p1a: Hawlucha|0 fnt
|faint|p1a: Hawlucha
|-damage|p2a: Future scyther|58/100|[from] item: Life Orb
|
|upkeep
|
|t:|1758356425
|switch|p1a: Delphox|Delphox, M|100/100
|turn|6
|
|t:|1758356434
|switch|p2a: water scyther|Araquanid, M|100/100
|move|p1a: Delphox|Flamethrower|p2a: water scyther
|-damage|p2a: water scyther|75/100
|
|upkeep
|turn|7
|
|t:|1758356444
|switch|p1a: Raichu|Raichu, M|100/100
|move|p2a: water scyther|Rain Dance|p2a: water scyther
|-weather|RainDance
|
|-weather|RainDance|[upkeep]
|upkeep
|turn|8
|
|t:|1758356452
|move|p1a: Raichu|Fake Out|p2a: water scyther
|-damage|p2a: water scyther|66/100
|cant|p2a: water scyther|flinch
|
|-weather|RainDance|[upkeep]
|upkeep
|turn|9
|
|t:|1758356461
|move|p1a: Raichu|Volt Switch|p2a: water scyther
|-supereffective|p2a: water scyther
|-damage|p2a: water scyther|15/100
|
|t:|1758356466
|switch|p1a: Victreebel|Victreebel, M|100/100|[from] Volt Switch
|move|p2a: water scyther|Liquidation|p1a: Victreebel
|-resisted|p1a: Victreebel
|-damage|p1a: Victreebel|34/100
|-enditem|p1a: Victreebel|Sitrus Berry|[eat]
|-heal|p1a: Victreebel|59/100|[from] item: Sitrus Berry
|
|-weather|RainDance|[upkeep]
|upkeep
|turn|10
|
|t:|1758356476
|move|p1a: Victreebel|Strength Sap|p2a: water scyther
|-unboost|p2a: water scyther|atk|1
|-heal|p1a: Victreebel|100/100
|move|p2a: water scyther|Liquidation|p1a: Victreebel
|-resisted|p1a: Victreebel
|-damage|p1a: Victreebel|54/100
|
|-weather|RainDance|[upkeep]
|upkeep
|turn|11
|
|t:|1758356485
|move|p1a: Victreebel|Strength Sap|p2a: water scyther
|-unboost|p2a: water scyther|atk|1
|-heal|p1a: Victreebel|100/100
|move|p2a: water scyther|Sticky Web|p1a: Victreebel
|-sidestart|p1: TheFlowerPrince|move: Sticky Web
|
|-weather|RainDance|[upkeep]
|upkeep
|turn|12
|
|t:|1758356493
|move|p1a: Victreebel|Sludge Bomb|p2a: water scyther
|-damage|p2a: water scyther|0 fnt
|faint|p2a: water scyther
|
|-weather|RainDance|[upkeep]
|upkeep
|
|t:|1758356503
|switch|p2a: Special scyther|Yanmega, F|100/100
|turn|13
|
|t:|1758356508
|move|p2a: Special scyther|Bug Buzz|p1a: Victreebel
|-damage|p1a: Victreebel|63/100
|-enditem|p2a: Special scyther|Throat Spray
|-boost|p2a: Special scyther|spa|1|[from] item: Throat Spray
|move|p1a: Victreebel|Toxic|p2a: Special scyther
|-status|p2a: Special scyther|tox
|
|-weather|RainDance|[upkeep]
|-damage|p2a: Special scyther|94/100 tox|[from] psn
|-ability|p2a: Special scyther|Speed Boost|boost
|-boost|p2a: Special scyther|spe|1
|upkeep
|turn|14
|
|t:|1758356521
|move|p2a: Special scyther|Bug Buzz|p1a: Victreebel
|-damage|p1a: Victreebel|2/100
|-unboost|p1a: Victreebel|spd|1
|move|p1a: Victreebel|Sludge Bomb|p2a: Special scyther
|-damage|p2a: Special scyther|37/100 tox
|
|-weather|none
|-damage|p2a: Special scyther|25/100 tox|[from] psn
|-ability|p2a: Special scyther|Speed Boost|boost
|-boost|p2a: Special scyther|spe|1
|upkeep
|turn|15
|
|t:|1758356534
|move|p2a: Special scyther|Bug Buzz|p1a: Victreebel
|-damage|p1a: Victreebel|0 fnt
|faint|p1a: Victreebel
|
|-damage|p2a: Special scyther|7/100 tox|[from] psn
|-ability|p2a: Special scyther|Speed Boost|boost
|-boost|p2a: Special scyther|spe|1
|upkeep
|
|t:|1758356541
|switch|p1a: Dragonite|Dragonite, F|100/100
|turn|16
|
|t:|1758356544
|move|p1a: Dragonite|Extreme Speed|p2a: Special scyther
|-damage|p2a: Special scyther|0 fnt
|faint|p2a: Special scyther
|
|upkeep
|
|t:|1758356550
|switch|p2a: Ancient scyther|Kleavor, M, shiny|100/100
|turn|17
|
|t:|1758356561
|switch|p1a: Raichu|Raichu, M|100/100
|-activate|p1a: Raichu|move: Sticky Web
|-unboost|p1a: Raichu|spe|1
|move|p2a: Ancient scyther|Agility|p2a: Ancient scyther
|-boost|p2a: Ancient scyther|spe|2
|
|upkeep
|turn|18
|
|t:|1758356577
|move|p1a: Raichu|Fake Out|p2a: Ancient scyther
|-resisted|p2a: Ancient scyther
|-damage|p2a: Ancient scyther|95/100
|cant|p2a: Ancient scyther|flinch
|
|upkeep
|turn|19
|
|t:|1758356584
|move|p2a: Ancient scyther|Stone Axe|p1a: Raichu
|-damage|p1a: Raichu|0 fnt
|-status|p2a: Ancient scyther|par|[from] ability: Static|[of] p1a: Raichu
|-sidestart|p1: TheFlowerPrince|move: Stealth Rock
|faint|p1a: Raichu
|
|upkeep
|
|t:|1758356593
|switch|p1a: Greninja|Greninja, F|100/100
|-activate|p1a: Greninja|move: Sticky Web
|-unboost|p1a: Greninja|spe|1
|-damage|p1a: Greninja|88/100|[from] Stealth Rock
|turn|20
|
|t:|1758356602
|-terastallize|p1a: Greninja|Water
|move|p2a: Ancient scyther|X-Scissor|p1a: Greninja
|-damage|p1a: Greninja|0 fnt
|faint|p1a: Greninja
|
|upkeep
|
|t:|1758356609
|switch|p1a: Delphox|Delphox, M|100/100
|-activate|p1a: Delphox|move: Sticky Web
|-unboost|p1a: Delphox|spe|1
|-damage|p1a: Delphox|76/100|[from] Stealth Rock
|turn|21
|
|t:|1758356617
|move|p2a: Ancient scyther|Stone Axe|p1a: Delphox
|-supereffective|p1a: Delphox
|-damage|p1a: Delphox|0 fnt
|faint|p1a: Delphox
|
|upkeep
|
|t:|1758356621
|switch|p1a: Dragonite|Dragonite, F|100/100
|turn|22
|
|t:|1758356627
|cant|p2a: Ancient scyther|par
|move|p1a: Dragonite|Dragon Dance|p1a: Dragonite
|-boost|p1a: Dragonite|atk|1
|-boost|p1a: Dragonite|spe|1
|
|upkeep
|turn|23
|
|t:|1758356637
|move|p1a: Dragonite|Earthquake|p2a: Ancient scyther
|-damage|p2a: Ancient scyther|23/100 par
|move|p2a: Ancient scyther|Stone Axe|p1a: Dragonite
|-supereffective|p1a: Dragonite
|-damage|p1a: Dragonite|36/100
|
|upkeep
|turn|24
|
|t:|1758356644
|move|p1a: Dragonite|Earthquake|p2a: Ancient scyther
|-damage|p2a: Ancient scyther|0 fnt
|faint|p2a: Ancient scyther
|
|upkeep
|
|t:|1758356651
|switch|p2a: Tiny scyther|Ribombee, M, shiny|100/100
|turn|25
|
|t:|1758356655
|move|p1a: Dragonite|Fire Punch|p2a: Tiny scyther
|-supereffective|p2a: Tiny scyther
|-crit|p2a: Tiny scyther
|-enditem|p2a: Tiny scyther|Focus Sash
|-damage|p2a: Tiny scyther|1/100
|move|p2a: Tiny scyther|Moonblast|p1a: Dragonite
|-supereffective|p1a: Dragonite
|-damage|p1a: Dragonite|0 fnt
|faint|p1a: Dragonite
|
|win|Kippenfluisteraar
|raw|TheFlowerPrince's rating: 1118 &rarr; <strong>1097</strong><br />(-21 for losing)
|raw|Kippenfluisteraar's rating: 1175 &rarr; <strong>1196</strong><br />(+21 for winning)
|l|☆TheFlowerPrince
|player|p1|
|l|☆Kippenfluisteraar
|player|p2|
