|j|☆AdmKuruthi
|j|☆ImMikeyCzn
|t:|1758349506
|gametype|singles
|player|p1|AdmKuruthi|veteran|1042
|player|p2|ImMikeyCzn|guitarist|1068
|gen|9
|tier|[Gen 9] OU
|rated|
|rule|HP Percentage Mod: HP is shown in percentages
|rule|Endless Battle Clause: Forcing endless battles is banned
|rule|Species Clause: Limit one of each Pokémon
|rule|OHKO Clause: OHKO moves are banned
|rule|Evasion Items Clause: Evasion items are banned
|rule|Evasion Moves Clause: Evasion moves are banned
|rule|Evasion Abilities Clause: Evasion abilities are banned
|rule|Sleep Moves Clause: Sleep-inducing moves are banned
|clearpoke
|poke|p1|Skeledirge, F|
|poke|p1|Iron Hands|
|poke|p1|Araquanid, M|
|poke|p1|Dragonite, M|
|poke|p1|Glimmora, F|
|poke|p1|Hatterene, F|
|poke|p2|Ceruledge, F|
|poke|p2|Azumarill, F|
|poke|p2|Lokix, M|
|poke|p2|Decidueye-Hisui, M|
|poke|p2|Corviknight, M|
|poke|p2|Weezing-Galar, M|
|teampreview
|
|t:|1758349513
|teamsize|p1|6
|teamsize|p2|6
|start
|switch|p1a: Retep|Araquanid, M|100/100
|switch|p2a: Average Wordle Fan|Corviknight, M|100/100
|turn|1
|inactive|Battle timer is ON: inactive players will automatically lose when time's up. (requested by AdmKuruthi)
|
|t:|1758349519
|move|p2a: Average Wordle Fan|Brave Bird|p1a: Retep
|-supereffective|p1a: Retep
|-damage|p1a: Retep|31/100
|-damage|p2a: Average Wordle Fan|82/100|[from] Recoil
|move|p1a: Retep|Infestation|p2a: Average Wordle Fan
|-resisted|p2a: Average Wordle Fan
|-damage|p2a: Average Wordle Fan|81/100
|-activate|p2a: Average Wordle Fan|move: Infestation|[of] p1a: Retep
|-damage|p1a: Retep|14/100|[from] item: Rocky Helmet|[of] p2a: Average Wordle Fan
|
|-damage|p2a: Average Wordle Fan|68/100|[from] move: Infestation|[partiallytrapped]
|upkeep
|turn|2
|
|t:|1758349532
|switch|p1a: Kirby|Glimmora, F|100/100
|move|p2a: Average Wordle Fan|Iron Head|p1a: Kirby
|-supereffective|p1a: Kirby
|-crit|p1a: Kirby
|-damage|p1a: Kirby|37/100
|-activate|p1a: Kirby|ability: Toxic Debris
|-sidestart|p2: ImMikeyCzn|move: Toxic Spikes
|
|-end|p2a: Average Wordle Fan|Infestation|[partiallytrapped]|[silent]
|upkeep
|turn|3
|
|t:|1758349541
|move|p1a: Kirby|Stealth Rock|p2a: Average Wordle Fan
|-sidestart|p2: ImMikeyCzn|move: Stealth Rock
|move|p2a: Average Wordle Fan|Iron Head|p1a: Kirby
|-supereffective|p1a: Kirby
|-damage|p1a: Kirby|0 fnt
|-activate|p1a: Kirby|ability: Toxic Debris
|-sidestart|p2: ImMikeyCzn|move: Toxic Spikes
|faint|p1a: Kirby
|
|upkeep
|
|t:|1758349553
|switch|p1a: Mickey|Iron Hands|100/100
|turn|4
|
|t:|1758349563
|move|p2a: Average Wordle Fan|Brave Bird|p1a: Mickey
|-damage|p1a: Mickey|77/100
|-damage|p2a: Average Wordle Fan|56/100|[from] Recoil
|move|p1a: Mickey|Supercell Slam|p2a: Average Wordle Fan
|-supereffective|p2a: Average Wordle Fan
|-damage|p2a: Average Wordle Fan|0 fnt
|-damage|p1a: Mickey|60/100|[from] item: Rocky Helmet|[of] p2a: Average Wordle Fan
|faint|p2a: Average Wordle Fan
|
|upkeep
|
|t:|1758349575
|switch|p2a: Weezing|Weezing-Galar, M|100/100
|-ability|p2a: Weezing|Neutralizing Gas
|-sideend|p2: ImMikeyCzn|move: Toxic Spikes|[of] p2a: Weezing
|turn|5
|
|t:|1758349586
|move|p2a: Weezing|Defog|p1a: Mickey
|-unboost|p1a: Mickey|evasion|1
|-sideend|p2: ImMikeyCzn|Stealth Rock|[from] move: Defog|[of] p2a: Weezing
|move|p1a: Mickey|Supercell Slam|p2a: Weezing
|-damage|p2a: Weezing|45/100
|
|upkeep
|turn|6
|
|t:|1758349604
|move|p2a: Weezing|Pain Split|p1a: Mickey
|-sethp|p1a: Mickey|43/100|[from] move: Pain Split|[silent]
|-sethp|p2a: Weezing|75/100|[from] move: Pain Split
|move|p1a: Mickey|Supercell Slam|p2a: Weezing
|-damage|p2a: Weezing|14/100
|
|upkeep
|turn|7
|inactive|ImMikeyCzn has 120 seconds left.
|
|t:|1758349636
|-end|p2a: Weezing|ability: Neutralizing Gas
|switch|p2a: Ceruledge|Ceruledge, F|100/100
|-end|p1a: Mickey|Quark Drive|[silent]
|switch|p1a: Retep|Araquanid, M|14/100
|
|upkeep
|turn|8
|inactive|ImMikeyCzn has 120 seconds left.
|
|t:|1758349646
|move|p2a: Ceruledge|Shadow Claw|p1a: Retep
|-damage|p1a: Retep|0 fnt
|faint|p1a: Retep
|
|upkeep
|
|t:|1758349650
|switch|p1a: Basket|Hatterene, F|100/100
|turn|9
|
|t:|1758349655
|-terastallize|p1a: Basket|Normal
|move|p2a: Ceruledge|Shadow Claw|p1a: Basket
|-immune|p1a: Basket
|move|p1a: Basket|Reflect|p1a: Basket
|-sidestart|p1: AdmKuruthi|Reflect
|
|upkeep
|turn|10
|
|t:|1758349662
|move|p2a: Ceruledge|Will-O-Wisp|p1a: Basket
|move|p1a: Basket|Will-O-Wisp|p2a: Ceruledge|[from] ability: Magic Bounce|[miss]
|-miss|p1a: Basket|p2a: Ceruledge
|move|p1a: Basket|Light Screen|p1a: Basket
|-sidestart|p1: AdmKuruthi|move: Light Screen
|
|upkeep
|turn|11
|
|t:|1758349672
|move|p2a: Ceruledge|Bitter Blade|p1a: Basket
|-damage|p1a: Basket|80/100
|move|p1a: Basket|Draining Kiss|p2a: Ceruledge
|-resisted|p2a: Ceruledge
|-damage|p2a: Ceruledge|90/100
|-heal|p1a: Basket|88/100|[from] drain|[of] p2a: Ceruledge
|-damage|p1a: Basket|71/100|[from] item: Rocky Helmet|[of] p2a: Ceruledge
|
|upkeep
|turn|12
|
|t:|1758349680
|move|p2a: Ceruledge|Bitter Blade|p1a: Basket
|-damage|p1a: Basket|50/100
|-heal|p2a: Ceruledge|100/100|[from] drain|[of] p1a: Basket
|move|p1a: Basket|Healing Wish|p1a: Basket
|faint|p1a: Basket
|
|upkeep
|
|t:|1758349687
|switch|p1a: Mickey|Iron Hands|43/100
|-heal|p1a: Mickey|100/100|[from] move: Healing Wish
|turn|13
|
|t:|1758349693
|move|p2a: Ceruledge|Will-O-Wisp|p1a: Mickey
|-status|p1a: Mickey|brn
|move|p1a: Mickey|Whirlwind|p2a: Ceruledge
|drag|p2a: Weezing|Weezing-Galar, M|14/100
|-ability|p2a: Weezing|Neutralizing Gas
|
|-damage|p1a: Mickey|94/100 brn|[from] brn
|upkeep
|turn|14
|
|t:|1758349703
|move|p2a: Weezing|Pain Split|p1a: Mickey
|-sethp|p1a: Mickey|51/100 brn|[from] move: Pain Split|[silent]
|-sethp|p2a: Weezing|89/100|[from] move: Pain Split
|move|p1a: Mickey|Supercell Slam|p2a: Weezing
|-damage|p2a: Weezing|59/100
|
|-damage|p1a: Mickey|45/100 brn|[from] brn
|upkeep
|turn|15
|
|t:|1758349714
|move|p2a: Weezing|Defog|p1a: Mickey
|-unboost|p1a: Mickey|evasion|1
|-sideend|p1: AdmKuruthi|Reflect
|-sideend|p1: AdmKuruthi|move: Light Screen
|move|p1a: Mickey|Whirlwind|p2a: Weezing
|-end|p2a: Weezing|ability: Neutralizing Gas
|drag|p2a: Ceruledge|Ceruledge, F|100/100
|
|-damage|p1a: Mickey|39/100 brn|[from] brn
|upkeep
|turn|16
|
|t:|1758349725
|move|p2a: Ceruledge|Brick Break|p1a: Mickey
|-damage|p1a: Mickey|24/100 brn
|move|p1a: Mickey|Supercell Slam|p2a: Ceruledge
|-damage|p2a: Ceruledge|74/100
|-damage|p1a: Mickey|8/100 brn|[from] item: Rocky Helmet|[of] p2a: Ceruledge
|-ability|p2a: Ceruledge|Weak Armor|boost
|-unboost|p2a: Ceruledge|def|1
|-boost|p2a: Ceruledge|spe|2
|
|-damage|p1a: Mickey|1/100 brn|[from] brn
|upkeep
|turn|17
|
|t:|1758349738
|move|p2a: Ceruledge|Will-O-Wisp|p1a: Mickey
|-fail|p1a: Mickey|brn
|move|p1a: Mickey|Supercell Slam|p2a: Ceruledge
|-damage|p2a: Ceruledge|30/100
|-damage|p1a: Mickey|0 fnt|[from] item: Rocky Helmet|[of] p2a: Ceruledge
|-ability|p2a: Ceruledge|Weak Armor|boost
|-unboost|p2a: Ceruledge|def|1
|-boost|p2a: Ceruledge|spe|2
|faint|p1a: Mickey
|-end|p1a: Mickey|Quark Drive|[silent]
|
|upkeep
|
|t:|1758349749
|switch|p1a: Michael|Dragonite, M|100/100
|turn|18
|
|t:|1758349765
|switch|p2a: Weezing|Weezing-Galar, M|59/100
|-ability|p2a: Weezing|Neutralizing Gas
|switch|p1a: Celia|Skeledirge, F|100/100
|
|upkeep
|turn|19
|
|t:|1758349775
|move|p1a: Celia|Flame Charge|p2a: Weezing
|-damage|p2a: Weezing|46/100
|-boost|p1a: Celia|spe|1
|move|p2a: Weezing|Pain Split|p1a: Celia
|-sethp|p1a: Celia|67/100|[from] move: Pain Split|[silent]
|-sethp|p2a: Weezing|93/100|[from] move: Pain Split
|
|upkeep
|turn|20
|
|t:|1758349785
|move|p1a: Celia|Torch Song|p2a: Weezing
|-damage|p2a: Weezing|59/100
|-boost|p1a: Celia|spa|1
|-enditem|p1a: Celia|Throat Spray
|-boost|p1a: Celia|spa|1|[from] item: Throat Spray
|move|p2a: Weezing|Strange Steam|p1a: Celia
|-resisted|p1a: Celia
|-damage|p1a: Celia|50/100
|
|upkeep
|turn|21
|
|t:|1758349796
|-end|p2a: Weezing|ability: Neutralizing Gas
|switch|p2a: Azumarill|Azumarill, F|100/100
|move|p1a: Celia|Torch Song|p2a: Azumarill
|-resisted|p2a: Azumarill
|-damage|p2a: Azumarill|70/100
|-boost|p1a: Celia|spa|1
|
|-heal|p2a: Azumarill|76/100|[from] item: Leftovers
|upkeep
|turn|22
|
|t:|1758349809
|move|p1a: Celia|Alluring Voice|p2a: Azumarill
|-damage|p2a: Azumarill|27/100
|move|p2a: Azumarill|Belly Drum||[still]
|-fail|p2a: Azumarill
|
|-heal|p2a: Azumarill|33/100|[from] item: Leftovers
|upkeep
|turn|23
|
|t:|1758349821
|move|p1a: Celia|Slack Off|p1a: Celia
|-heal|p1a: Celia|100/100
|move|p2a: Azumarill|Liquidation|p1a: Celia
|-supereffective|p1a: Celia
|-damage|p1a: Celia|34/100
|
|-heal|p2a: Azumarill|40/100|[from] item: Leftovers
|upkeep
|turn|24
|
|t:|1758349835
|move|p1a: Celia|Alluring Voice|p2a: Azumarill
|-damage|p2a: Azumarill|0 fnt
|faint|p2a: Azumarill
|
|upkeep
|
|t:|1758349843
|switch|p2a: Decidueye|Decidueye-Hisui, M|100/100
|turn|25
|
|t:|1758349846
|-terastallize|p2a: Decidueye|Fighting
|move|p1a: Celia|Torch Song|p2a: Decidueye
|-damage|p2a: Decidueye|28/100
|-boost|p1a: Celia|spa|1
|move|p2a: Decidueye|Triple Arrows|p1a: Celia
|-damage|p1a: Celia|0 fnt
|faint|p1a: Celia
|
|-heal|p2a: Decidueye|34/100|[from] item: Leftovers
|upkeep
|
|t:|1758349858
|switch|p1a: Michael|Dragonite, M|100/100
|turn|26
|
|t:|1758349865
|move|p1a: Michael|Dragon Dance|p1a: Michael
|-boost|p1a: Michael|atk|1
|-boost|p1a: Michael|spe|1
|move|p2a: Decidueye|Roost|p2a: Decidueye
|-heal|p2a: Decidueye|84/100
|
|-heal|p2a: Decidueye|90/100|[from] item: Leftovers
|upkeep
|turn|27
|
|t:|1758349873
|move|p1a: Michael|Dragon Dance|p1a: Michael
|-boost|p1a: Michael|atk|1
|-boost|p1a: Michael|spe|1
|move|p2a: Decidueye|Triple Arrows|p1a: Michael
|-resisted|p1a: Michael
|-crit|p1a: Michael
|-damage|p1a: Michael|84/100
|-unboost|p1a: Michael|def|1
|
|-heal|p1a: Michael|90/100|[from] item: Leftovers
|-heal|p2a: Decidueye|96/100|[from] item: Leftovers
|upkeep
|turn|28
|
|t:|1758349883
|move|p1a: Michael|Dragon Claw|p2a: Decidueye
|-damage|p2a: Decidueye|26/100
|move|p2a: Decidueye|Shadow Claw|p1a: Michael
|-damage|p1a: Michael|64/100
|
|-heal|p1a: Michael|70/100|[from] item: Leftovers
|-heal|p2a: Decidueye|33/100|[from] item: Leftovers
|upkeep
|turn|29
|
|t:|1758349892
|move|p1a: Michael|Dragon Claw|p2a: Decidueye
|-damage|p2a: Decidueye|0 fnt
|faint|p2a: Decidueye
|
|-heal|p1a: Michael|76/100|[from] item: Leftovers
|upkeep
|
|t:|1758349898
|switch|p2a: Lokix|Lokix, M|100/100
|turn|30
|
|t:|1758349901
|move|p2a: Lokix|First Impression|p1a: Michael
|-resisted|p1a: Michael
|-damage|p1a: Michael|26/100
|move|p1a: Michael|Roost|p1a: Michael
|-heal|p1a: Michael|76/100
|-singleturn|p1a: Michael|move: Roost
|
|-heal|p1a: Michael|83/100|[from] item: Leftovers
|upkeep
|turn|31
|
|t:|1758349912
|move|p1a: Michael|Iron Head|p2a: Lokix
|-damage|p2a: Lokix|40/100
|move|p2a: Lokix|U-turn|p1a: Michael
|-resisted|p1a: Michael
|-damage|p1a: Michael|44/100
|
|t:|1758349918
|switch|p2a: Ceruledge|Ceruledge, F|30/100|[from] U-turn
|
|-heal|p1a: Michael|50/100|[from] item: Leftovers
|upkeep
|turn|32
|
|t:|1758349927
|move|p1a: Michael|Roost|p1a: Michael
|-heal|p1a: Michael|99/100
|-singleturn|p1a: Michael|move: Roost
|move|p2a: Ceruledge|Will-O-Wisp|p1a: Michael
|-status|p1a: Michael|brn
|
|-heal|p1a: Michael|100/100 brn|[from] item: Leftovers
|-damage|p1a: Michael|94/100 brn|[from] brn
|upkeep
|turn|33
|
|t:|1758349945
|move|p1a: Michael|Dragon Claw|p2a: Ceruledge
|-damage|p2a: Ceruledge|0 fnt
|-damage|p1a: Michael|78/100 brn|[from] item: Rocky Helmet|[of] p2a: Ceruledge
|faint|p2a: Ceruledge
|
|-heal|p1a: Michael|84/100 brn|[from] item: Leftovers
|-damage|p1a: Michael|78/100 brn|[from] brn
|upkeep
|
|t:|1758349954
|switch|p2a: Lokix|Lokix, M|40/100
|turn|34
|
|t:|1758349958
|move|p2a: Lokix|First Impression|p1a: Michael
|-resisted|p1a: Michael
|-damage|p1a: Michael|25/100 brn
|move|p1a: Michael|Dragon Claw|p2a: Lokix
|-damage|p2a: Lokix|0 fnt
|faint|p2a: Lokix
|
|-heal|p1a: Michael|31/100 brn|[from] item: Leftovers
|-damage|p1a: Michael|25/100 brn|[from] brn
|upkeep
|
|t:|1758349968
|switch|p2a: Weezing|Weezing-Galar, M|59/100
|-ability|p2a: Weezing|Neutralizing Gas
|turn|35
|
|t:|1758349974
|move|p1a: Michael|Iron Head|p2a: Weezing
|-supereffective|p2a: Weezing
|-crit|p2a: Weezing
|-damage|p2a: Weezing|0 fnt
|faint|p2a: Weezing
|-end|p2a: Weezing|ability: Neutralizing Gas
|
|win|AdmKuruthi
|raw|AdmKuruthi's rating: 1042 &rarr; <strong>1078</strong><br />(+36 for winning)
|raw|ImMikeyCzn's rating: 1068 &rarr; <strong>1046</strong><br />(-22 for losing)
|l|☆AdmKuruthi
|player|p1|
