|j|☆majin mambroeru
|j|☆supersaiyanwolf
|t:|1758329946
|gametype|singles
|player|p1|majin mambroeru|swimmer-gen4dp|1472
|player|p2|supersaiyanwolf|pokemonranger|1416
|gen|9
|tier|[Gen 9] OU
|rated|
|rule|HP Percentage Mod: HP is shown in percentages
|rule|Endless Battle Clause: Forcing endless battles is banned
|rule|Species Clause: Limit one of each Pokémon
|rule|OHKO Clause: OHKO moves are banned
|rule|Evasion Items Clause: Evasion items are banned
|rule|Evasion Moves Clause: Evasion moves are banned
|rule|Evasion Abilities Clause: Evasion abilities are banned
|rule|Sleep Moves Clause: Sleep-inducing moves are banned
|clearpoke
|poke|p1|Garganacl, M|
|poke|p1|Cinderace, F|
|poke|p1|Muk-Alola, F|
|poke|p1|Serperior, F|
|poke|p1|Landorus-Therian, M|
|poke|p1|Rillaboom, F|
|poke|p2|Pincurchin, F|
|poke|p2|Iron Valiant|
|poke|p2|Raging Bolt|
|poke|p2|Iron Jugulis|
|poke|p2|Iron Treads|
|poke|p2|Iron Moth|
|teampreview
|
|t:|1758329953
|teamsize|p1|6
|teamsize|p2|6
|start
|switch|p1a: Landorus|Landorus-Therian, M|100/100
|switch|p2a: Pincurchin|Pincurchin, F|100/100
|-ability|p1a: Landorus|Intimidate|boost
|-unboost|p2a: Pincurchin|atk|1
|-fieldstart|move: Electric Terrain|[from] ability: Electric Surge|[of] p2a: Pincurchin
|turn|1
|
|t:|1758329964
|move|p1a: Landorus|Earthquake|p2a: Pincurchin
|-supereffective|p2a: Pincurchin
|-damage|p2a: Pincurchin|0 fnt
|faint|p2a: Pincurchin
|
|upkeep
|
|t:|1758329970
|switch|p2a: Iron Treads|Iron Treads|100/100
|-activate|p2a: Iron Treads|ability: Quark Drive
|-start|p2a: Iron Treads|quarkdriveatk
|turn|2
|
|t:|1758329977
|switch|p1a: Cinderace|Cinderace, F|100/100
|move|p2a: Iron Treads|Rapid Spin|p1a: Cinderace
|-damage|p1a: Cinderace|61/100
|-boost|p2a: Iron Treads|spe|1
|-damage|p2a: Iron Treads|91/100|[from] item: Life Orb
|
|upkeep
|turn|3
|
|t:|1758329985
|switch|p1a: Landorus|Landorus-Therian, M|100/100
|-ability|p1a: Landorus|Intimidate|boost
|-unboost|p2a: Iron Treads|atk|1
|move|p2a: Iron Treads|Earthquake|p1a: Landorus
|-immune|p1a: Landorus
|
|upkeep
|turn|4
|
|t:|1758329990
|switch|p1a: Rillaboom|Rillaboom, F|100/100
|-fieldstart|move: Grassy Terrain|[from] ability: Grassy Surge|[of] p1a: Rillaboom
|-end|p2a: Iron Treads|Quark Drive
|move|p2a: Iron Treads|Ice Spinner|p1a: Rillaboom
|-supereffective|p1a: Rillaboom
|-damage|p1a: Rillaboom|43/100
|-fieldend|move: Grassy Terrain
|-damage|p2a: Iron Treads|81/100|[from] item: Life Orb
|
|upkeep
|turn|5
|
|t:|1758329999
|switch|p1a: Landorus|Landorus-Therian, M|100/100
|-ability|p1a: Landorus|Intimidate|boost
|-unboost|p2a: Iron Treads|atk|1
|move|p2a: Iron Treads|Ice Spinner|p1a: Landorus
|-supereffective|p1a: Landorus
|-damage|p1a: Landorus|12/100
|-damage|p2a: Iron Treads|64/100|[from] item: Rocky Helmet|[of] p1a: Landorus
|-damage|p2a: Iron Treads|54/100|[from] item: Life Orb
|
|upkeep
|turn|6
|inactive|Battle timer is ON: inactive players will automatically lose when time's up. (requested by majin mambroeru)
|
|t:|1758330014
|move|p2a: Iron Treads|Ice Spinner|p1a: Landorus
|-supereffective|p1a: Landorus
|-damage|p1a: Landorus|0 fnt
|-damage|p2a: Iron Treads|38/100|[from] item: Rocky Helmet|[of] p1a: Landorus
|faint|p1a: Landorus
|-damage|p2a: Iron Treads|28/100|[from] item: Life Orb
|
|upkeep
|
|t:|1758330024
|switch|p1a: Rillaboom|Rillaboom, F|43/100
|-fieldstart|move: Grassy Terrain|[from] ability: Grassy Surge|[of] p1a: Rillaboom
|turn|7
|
|t:|1758330028
|-end|p2a: Iron Treads|Quark Drive|[silent]
|switch|p2a: Raging Bolt|Raging Bolt|100/100
|move|p1a: Rillaboom|Grassy Glide|p2a: Raging Bolt
|-resisted|p2a: Raging Bolt
|-damage|p2a: Raging Bolt|87/100
|
|-heal|p1a: Rillaboom|49/100|[from] Grassy Terrain
|-heal|p2a: Raging Bolt|93/100|[from] Grassy Terrain
|-heal|p2a: Raging Bolt|99/100|[from] item: Leftovers
|upkeep
|turn|8
|
|t:|1758330033
|switch|p1a: Muk|Muk-Alola, F|100/100
|move|p2a: Raging Bolt|Calm Mind|p2a: Raging Bolt
|-boost|p2a: Raging Bolt|spa|1
|-boost|p2a: Raging Bolt|spd|1
|
|-heal|p2a: Raging Bolt|100/100|[from] Grassy Terrain
|upkeep
|turn|9
|
|t:|1758330039
|move|p2a: Raging Bolt|Dragon Pulse|p1a: Muk
|-damage|p1a: Muk|63/100
|move|p1a: Muk|Knock Off|p2a: Raging Bolt
|-damage|p2a: Raging Bolt|67/100
|-status|p2a: Raging Bolt|psn|[from] ability: Poison Touch|[of] p1a: Muk
|-enditem|p2a: Raging Bolt|Leftovers|[from] move: Knock Off|[of] p1a: Muk
|
|-heal|p2a: Raging Bolt|73/100 psn|[from] Grassy Terrain
|-heal|p1a: Muk|69/100|[from] Grassy Terrain
|-damage|p2a: Raging Bolt|61/100 psn|[from] psn
|upkeep
|turn|10
|
|t:|1758330056
|move|p2a: Raging Bolt|Dragon Pulse|p1a: Muk
|-damage|p1a: Muk|36/100
|move|p1a: Muk|Ice Punch|p2a: Raging Bolt
|-supereffective|p2a: Raging Bolt
|-damage|p2a: Raging Bolt|29/100 psn
|
|-heal|p2a: Raging Bolt|36/100 psn|[from] Grassy Terrain
|-heal|p1a: Muk|42/100|[from] Grassy Terrain
|-damage|p2a: Raging Bolt|23/100 psn|[from] psn
|upkeep
|turn|11
|
|t:|1758330063
|move|p2a: Raging Bolt|Dragon Pulse|p1a: Muk
|-damage|p1a: Muk|7/100
|move|p1a: Muk|Drain Punch|p2a: Raging Bolt
|-damage|p2a: Raging Bolt|6/100 psn
|-heal|p1a: Muk|15/100|[from] drain|[of] p2a: Raging Bolt
|
|-heal|p2a: Raging Bolt|12/100 psn|[from] Grassy Terrain
|-heal|p1a: Muk|21/100|[from] Grassy Terrain
|-damage|p2a: Raging Bolt|0 fnt|[from] psn
|faint|p2a: Raging Bolt
|-end|p2a: Raging Bolt|Protosynthesis|[silent]
|upkeep
|
|t:|1758330074
|switch|p2a: Iron Jugulis|Iron Jugulis|100/100
|turn|12
|
|t:|1758330081
|move|p2a: Iron Jugulis|Earth Power|p1a: Muk
|-supereffective|p1a: Muk
|-damage|p1a: Muk|0 fnt
|faint|p1a: Muk
|
|upkeep
|
|t:|1758330088
|switch|p1a: Garganacl|Garganacl, M|100/100
|turn|13
|
|t:|1758330091
|move|p2a: Iron Jugulis|Taunt|p1a: Garganacl
|-start|p1a: Garganacl|move: Taunt
|move|p1a: Garganacl|Salt Cure|p2a: Iron Jugulis
|-supereffective|p2a: Iron Jugulis
|-damage|p2a: Iron Jugulis|64/100
|-start|p2a: Iron Jugulis|Salt Cure
|
|-damage|p2a: Iron Jugulis|52/100|[from] Salt Cure
|upkeep
|turn|14
|
|t:|1758330107
|move|p2a: Iron Jugulis|Knock Off|p1a: Garganacl
|-damage|p1a: Garganacl|81/100
|-enditem|p1a: Garganacl|Leftovers|[from] move: Knock Off|[of] p2a: Iron Jugulis
|move|p1a: Garganacl|Salt Cure|p2a: Iron Jugulis
|-supereffective|p2a: Iron Jugulis
|-damage|p2a: Iron Jugulis|17/100
|
|-heal|p1a: Garganacl|87/100|[from] Grassy Terrain
|-damage|p2a: Iron Jugulis|4/100|[from] Salt Cure
|-fieldend|move: Grassy Terrain
|upkeep
|turn|15
|
|t:|1758330115
|switch|p1a: Rillaboom|Rillaboom, F|49/100
|-fieldstart|move: Grassy Terrain|[from] ability: Grassy Surge|[of] p1a: Rillaboom
|move|p2a: Iron Jugulis|Earth Power|p1a: Rillaboom
|-resisted|p1a: Rillaboom
|-damage|p1a: Rillaboom|30/100
|
|-heal|p1a: Rillaboom|36/100|[from] Grassy Terrain
|-damage|p2a: Iron Jugulis|0 fnt|[from] Salt Cure
|faint|p2a: Iron Jugulis
|-end|p2a: Iron Jugulis|Quark Drive|[silent]
|upkeep
|
|t:|1758330122
|switch|p2a: Iron Valiant|Iron Valiant|100/100
|turn|16
|
|t:|1758330131
|move|p1a: Rillaboom|Grassy Glide|p2a: Iron Valiant
|-damage|p2a: Iron Valiant|56/100
|move|p2a: Iron Valiant|Moonblast|p1a: Rillaboom
|-damage|p1a: Rillaboom|0 fnt
|faint|p1a: Rillaboom
|-damage|p2a: Iron Valiant|46/100|[from] item: Life Orb
|
|-heal|p2a: Iron Valiant|52/100|[from] Grassy Terrain
|upkeep
|
|t:|1758330135
|switch|p1a: Garganacl|Garganacl, M|87/100
|turn|17
|
|t:|1758330150
|-terastallize|p1a: Garganacl|Water
|move|p2a: Iron Valiant|Moonblast|p1a: Garganacl
|-damage|p1a: Garganacl|47/100
|-damage|p2a: Iron Valiant|42/100|[from] item: Life Orb
|move|p1a: Garganacl|Curse|p1a: Garganacl
|-unboost|p1a: Garganacl|spe|1
|-boost|p1a: Garganacl|atk|1
|-boost|p1a: Garganacl|def|1
|
|-heal|p2a: Iron Valiant|49/100|[from] Grassy Terrain
|-heal|p1a: Garganacl|53/100|[from] Grassy Terrain
|upkeep
|turn|18
|
|t:|1758330156
|move|p2a: Iron Valiant|Encore|p1a: Garganacl
|-start|p1a: Garganacl|Encore
|move|p1a: Garganacl|Curse|p1a: Garganacl
|-unboost|p1a: Garganacl|spe|1
|-boost|p1a: Garganacl|atk|1
|-boost|p1a: Garganacl|def|1
|
|-heal|p2a: Iron Valiant|55/100|[from] Grassy Terrain
|-heal|p1a: Garganacl|60/100|[from] Grassy Terrain
|upkeep
|turn|19
|-message|majin mambroeru forfeited.
|
|win|supersaiyanwolf
|raw|majin mambroeru's rating: 1472 &rarr; <strong>1449</strong><br />(-23 for losing)
|raw|supersaiyanwolf's rating: 1416 &rarr; <strong>1439</strong><br />(+23 for winning)
|l|☆majin mambroeru
|player|p1|
|l|☆supersaiyanwolf
|player|p2|
