|j|☆Hyjack
|j|☆granjeromaximo
|t:|1758336374
|gametype|singles
|player|p1|Hyjack|cynthia-gen4|1147
|player|p2|granjeromaximo|rancher|1113
|gen|9
|tier|[Gen 9] OU
|rated|
|rule|HP Percentage Mod: HP is shown in percentages
|rule|Endless Battle Clause: Forcing endless battles is banned
|rule|Species Clause: Limit one of each Pokémon
|rule|OHKO Clause: OHKO moves are banned
|rule|Evasion Items Clause: Evasion items are banned
|rule|Evasion Moves Clause: Evasion moves are banned
|rule|Evasion Abilities Clause: Evasion abilities are banned
|rule|Sleep Moves Clause: Sleep-inducing moves are banned
|clearpoke
|poke|p1|Hydrapple, F|
|poke|p1|Primarina, M|
|poke|p1|Heatran, F|
|poke|p1|Hatterene, F|
|poke|p1|Conkeldurr, F|
|poke|p1|Enamorus, F|
|poke|p2|Muk-Alola, M|
|poke|p2|Chesnaught, M|
|poke|p2|Corviknight, M|
|poke|p2|Politoed, M|
|poke|p2|Regirock|
|poke|p2|Thundurus-Therian, M|
|teampreview
|
|t:|1758336385
|teamsize|p1|6
|teamsize|p2|6
|start
|switch|p1a: Conkeldurr|Conkeldurr, F|100/100
|switch|p2a: Thundurus|Thundurus-Therian, M|100/100
|turn|1
|
|t:|1758336393
|move|p2a: Thundurus|Volt Switch|p1a: Conkeldurr
|-damage|p1a: Conkeldurr|74/100
|
|t:|1758336396
|switch|p2a: Chesnaught|Chesnaught, M|100/100|[from] Volt Switch
|move|p1a: Conkeldurr|Drain Punch|p2a: Chesnaught
|-damage|p2a: Chesnaught|79/100
|-heal|p1a: Conkeldurr|84/100|[from] drain|[of] p2a: Chesnaught
|-damage|p1a: Conkeldurr|68/100|[from] item: Rocky Helmet|[of] p2a: Chesnaught
|
|upkeep
|turn|2
|
|t:|1758336404
|move|p2a: Chesnaught|Leech Seed|p1a: Conkeldurr
|-start|p1a: Conkeldurr|move: Leech Seed
|move|p1a: Conkeldurr|Fire Punch|p2a: Chesnaught
|-supereffective|p2a: Chesnaught
|-damage|p2a: Chesnaught|46/100
|-damage|p1a: Conkeldurr|51/100|[from] item: Rocky Helmet|[of] p2a: Chesnaught
|
|-damage|p1a: Conkeldurr|39/100|[from] Leech Seed|[of] p2a: Chesnaught
|-heal|p2a: Chesnaught|59/100|[silent]
|upkeep
|turn|3
|
|t:|1758336411
|switch|p1a: Heatran|Heatran, F|100/100
|move|p2a: Chesnaught|Drain Punch|p1a: Heatran
|-supereffective|p1a: Heatran
|-damage|p1a: Heatran|40/100
|-heal|p2a: Chesnaught|85/100|[from] drain|[of] p1a: Heatran
|
|-heal|p1a: Heatran|47/100|[from] item: Leftovers
|upkeep
|turn|4
|
|t:|1758336421
|switch|p2a: Politoed|Politoed, M, shiny|100/100
|move|p1a: Heatran|Stealth Rock|p2a: Politoed
|-sidestart|p2: granjeromaximo|move: Stealth Rock
|
|-heal|p1a: Heatran|53/100|[from] item: Leftovers
|upkeep
|turn|5
|
|t:|1758336428
|switch|p1a: Primarina|Primarina, M|100/100
|move|p2a: Politoed|Icy Wind|p1a: Primarina
|-resisted|p1a: Primarina
|-crit|p1a: Primarina
|-damage|p1a: Primarina|92/100
|-unboost|p1a: Primarina|spe|1
|
|upkeep
|turn|6
|
|t:|1758336439
|move|p2a: Politoed|Whirlpool|p1a: Primarina|[miss]
|-miss|p2a: Politoed|p1a: Primarina
|move|p1a: Primarina|Whirlpool|p2a: Politoed
|-immune|p2a: Politoed|[from] ability: Water Absorb
|
|upkeep
|turn|7
|
|t:|1758336446
|move|p2a: Politoed|Whirlpool|p1a: Primarina
|-resisted|p1a: Primarina
|-damage|p1a: Primarina|88/100
|-activate|p1a: Primarina|move: Whirlpool|[of] p2a: Politoed
|move|p1a: Primarina|Flip Turn|p2a: Politoed
|-immune|p2a: Politoed|[from] ability: Water Absorb
|
|-damage|p1a: Primarina|75/100|[from] move: Whirlpool|[partiallytrapped]
|upkeep
|turn|8
|c|☆Hyjack|:o
|c|☆Hyjack|I was warned
|
|t:|1758336470
|move|p2a: Politoed|Icy Wind|p1a: Primarina
|-resisted|p1a: Primarina
|-damage|p1a: Primarina|70/100
|-unboost|p1a: Primarina|spe|1
|move|p1a: Primarina|Draining Kiss|p2a: Politoed
|-damage|p2a: Politoed|85/100
|-heal|p1a: Primarina|85/100|[from] drain|[of] p2a: Politoed
|
|-damage|p1a: Primarina|72/100|[from] move: Whirlpool|[partiallytrapped]
|upkeep
|turn|9
|c|☆granjeromaximo|yeah i change for drizzle
|
|t:|1758336491
|switch|p2a: Muk|Muk-Alola, M|100/100
|-damage|p2a: Muk|88/100|[from] Stealth Rock
|move|p1a: Primarina|Draining Kiss|p2a: Muk
|-damage|p2a: Muk|72/100
|-heal|p1a: Primarina|88/100|[from] drain|[of] p2a: Muk
|
|-end|p1a: Primarina|Whirlpool|[partiallytrapped]|[silent]
|upkeep
|turn|10
|c|☆Hyjack|Ohhh
|c|☆Hyjack|I thought it was whirpool+perish song
|
|t:|1758336524
|move|p2a: Muk|Toxic|p1a: Primarina
|-status|p1a: Primarina|tox
|move|p1a: Primarina|Flip Turn|p2a: Muk
|-damage|p2a: Muk|57/100
|
|t:|1758336529
|switch|p1a: Hatterene|Hatterene, F|100/100|[from] Flip Turn
|
|upkeep
|turn|11
|inactive|Battle timer is ON: inactive players will automatically lose when time's up. (requested by Hyjack)
|c|☆granjeromaximo|the walking wake is a big problem ij the sun
|
|t:|1758336576
|switch|p2a: Thundurus|Thundurus-Therian, M|100/100
|-damage|p2a: Thundurus|76/100|[from] Stealth Rock
|move|p1a: Hatterene|Trick Room|p1a: Hatterene
|-fieldstart|move: Trick Room|[of] p1a: Hatterene
|
|upkeep
|turn|12
|
|t:|1758336584
|switch|p2a: Corviknight|Corviknight, M, shiny|100/100
|-damage|p2a: Corviknight|88/100|[from] Stealth Rock
|move|p1a: Hatterene|Future Sight|p2a: Corviknight
|-start|p1a: Hatterene|move: Future Sight
|
|-heal|p2a: Corviknight|94/100|[from] item: Leftovers
|upkeep
|turn|13
|
|t:|1758336591
|switch|p1a: Heatran|Heatran, F|53/100
|move|p2a: Corviknight|Defog|p1a: Heatran
|-unboost|p1a: Heatran|evasion|1
|-sideend|p2: granjeromaximo|Stealth Rock|[from] move: Defog|[of] p2a: Corviknight
|
|-heal|p2a: Corviknight|99/100|[from] item: Leftovers
|-heal|p1a: Heatran|59/100|[from] item: Leftovers
|upkeep
|turn|14
|
|t:|1758336606
|move|p2a: Corviknight|Substitute|p2a: Corviknight
|-start|p2a: Corviknight|Substitute
|-damage|p2a: Corviknight|75/100
|move|p1a: Heatran|Earth Power|p2a: Corviknight
|-immune|p2a: Corviknight
|
|-end|p2a: Corviknight|move: Future Sight
|-resisted|p2a: Corviknight
|-end|p2a: Corviknight|Substitute
|-heal|p2a: Corviknight|81/100|[from] item: Leftovers
|-heal|p1a: Heatran|65/100|[from] item: Leftovers
|upkeep
|turn|15
|
|t:|1758336622
|switch|p2a: Politoed|Politoed, M, shiny|85/100
|move|p1a: Heatran|Magma Storm|p2a: Politoed
|-resisted|p2a: Politoed
|-damage|p2a: Politoed|69/100
|-activate|p2a: Politoed|move: Magma Storm|[of] p1a: Heatran
|
|-heal|p1a: Heatran|71/100|[from] item: Leftovers
|-damage|p2a: Politoed|56/100|[from] move: Magma Storm|[partiallytrapped]
|-fieldend|move: Trick Room
|upkeep
|turn|16
|
|t:|1758336635
|move|p1a: Heatran|Stealth Rock|p2a: Politoed
|-sidestart|p2: granjeromaximo|move: Stealth Rock
|move|p2a: Politoed|Whirlpool|p1a: Heatran
|-supereffective|p1a: Heatran
|-damage|p1a: Heatran|39/100
|-activate|p1a: Heatran|move: Whirlpool|[of] p2a: Politoed
|
|-heal|p1a: Heatran|45/100|[from] item: Leftovers
|-damage|p1a: Heatran|33/100|[from] move: Whirlpool|[partiallytrapped]
|-damage|p2a: Politoed|44/100|[from] move: Magma Storm|[partiallytrapped]
|upkeep
|turn|17
|
|t:|1758336643
|move|p1a: Heatran|Taunt|p2a: Politoed
|-start|p2a: Politoed|move: Taunt
|move|p2a: Politoed|Surf|p1a: Heatran
|-supereffective|p1a: Heatran
|-damage|p1a: Heatran|0 fnt
|faint|p1a: Heatran
|
|-end|p2a: Politoed|Magma Storm|[partiallytrapped]|[silent]
|upkeep
|
|t:|1758336650
|switch|p1a: Conkeldurr|Conkeldurr, F|39/100
|turn|18
|
|t:|1758336658
|switch|p2a: Chesnaught|Chesnaught, M|85/100
|-damage|p2a: Chesnaught|79/100|[from] Stealth Rock
|switch|p1a: Hatterene|Hatterene, F|100/100
|
|upkeep
|turn|19
|
|t:|1758336666
|move|p2a: Chesnaught|Trailblaze|p1a: Hatterene
|-damage|p1a: Hatterene|81/100
|-boost|p2a: Chesnaught|spe|1
|move|p1a: Hatterene|Future Sight|p2a: Chesnaught
|-start|p1a: Hatterene|move: Future Sight
|
|upkeep
|turn|20
|
|t:|1758336674
|switch|p2a: Muk|Muk-Alola, M|57/100
|-damage|p2a: Muk|45/100|[from] Stealth Rock
|-enditem|p2a: Muk|Aguav Berry|[eat]
|-heal|p2a: Muk|78/100|[from] item: Aguav Berry
|move|p1a: Hatterene|Trick Room|p1a: Hatterene
|-fieldstart|move: Trick Room|[of] p1a: Hatterene
|
|upkeep
|turn|21
|
|t:|1758336685
|move|p1a: Hatterene|Draining Kiss|p2a: Muk
|-damage|p2a: Muk|59/100
|-heal|p1a: Hatterene|99/100|[from] drain|[of] p2a: Muk
|move|p2a: Muk|Recycle|p2a: Muk
|-item|p2a: Muk|Aguav Berry|[from] move: Recycle
|
|-end|p2a: Muk|move: Future Sight
|-immune|p2a: Muk
|upkeep
|turn|22
|
|t:|1758336695
|move|p1a: Hatterene|Future Sight|p2a: Muk
|-start|p1a: Hatterene|move: Future Sight
|move|p2a: Muk|Knock Off|p1a: Hatterene
|-damage|p1a: Hatterene|60/100
|-enditem|p1a: Hatterene|Custap Berry|[from] move: Knock Off|[of] p2a: Muk
|
|upkeep
|turn|23
|
|t:|1758336700
|switch|p1a: Conkeldurr|Conkeldurr, F|39/100
|move|p2a: Muk|Knock Off|p1a: Conkeldurr
|-resisted|p1a: Conkeldurr
|-damage|p1a: Conkeldurr|26/100
|-enditem|p1a: Conkeldurr|Assault Vest|[from] move: Knock Off|[of] p2a: Muk
|
|upkeep
|turn|24
|
|t:|1758336707
|switch|p2a: Chesnaught|Chesnaught, M|79/100
|-damage|p2a: Chesnaught|73/100|[from] Stealth Rock
|move|p1a: Conkeldurr|Drain Punch|p2a: Chesnaught
|-damage|p2a: Chesnaught|50/100
|-heal|p1a: Conkeldurr|37/100|[from] drain|[of] p2a: Chesnaught
|-damage|p1a: Conkeldurr|20/100|[from] item: Rocky Helmet|[of] p2a: Chesnaught
|
|-end|p2a: Chesnaught|move: Future Sight
|-supereffective|p2a: Chesnaught
|-damage|p2a: Chesnaught|0 fnt
|faint|p2a: Chesnaught
|-fieldend|move: Trick Room
|upkeep
|
|t:|1758336719
|switch|p2a: Corviknight|Corviknight, M, shiny|81/100
|-damage|p2a: Corviknight|69/100|[from] Stealth Rock
|turn|25
|
|t:|1758336724
|switch|p1a: Hatterene|Hatterene, F|60/100
|move|p2a: Corviknight|Defog|p1a: Hatterene
|move|p1a: Hatterene|Defog|p2a: Corviknight|[from] ability: Magic Bounce
|-ability|p2a: Corviknight|Mirror Armor
|-unboost|p1a: Hatterene|evasion|1
|-sideend|p2: granjeromaximo|Stealth Rock|[from] move: Defog|[of] p1a: Hatterene
|
|-heal|p2a: Corviknight|75/100|[from] item: Leftovers
|upkeep
|turn|26
|
|t:|1758336735
|move|p2a: Corviknight|Substitute|p2a: Corviknight
|-start|p2a: Corviknight|Substitute
|-damage|p2a: Corviknight|50/100
|move|p1a: Hatterene|Future Sight|p2a: Corviknight
|-start|p1a: Hatterene|move: Future Sight
|
|-heal|p2a: Corviknight|56/100|[from] item: Leftovers
|upkeep
|turn|27
|
|t:|1758336743
|switch|p1a: Primarina|Primarina, M|88/100 tox
|move|p2a: Corviknight|Bulk Up|p2a: Corviknight
|-boost|p2a: Corviknight|atk|1
|-boost|p2a: Corviknight|def|1
|
|-heal|p2a: Corviknight|62/100|[from] item: Leftovers
|-damage|p1a: Primarina|81/100 tox|[from] psn
|upkeep
|turn|28
|
|t:|1758336752
|move|p1a: Primarina|Psychic Noise|p2a: Corviknight
|-damage|p2a: Corviknight|35/100
|-start|p2a: Corviknight|move: Heal Block
|move|p2a: Corviknight|Drill Peck|p1a: Primarina
|-damage|p1a: Primarina|28/100 tox
|
|-end|p2a: Corviknight|move: Future Sight
|-resisted|p2a: Corviknight
|-activate|p2a: Corviknight|move: Substitute|[damage]
|-damage|p1a: Primarina|16/100 tox|[from] psn
|upkeep
|turn|29
|
|t:|1758336763
|move|p1a: Primarina|Psychic Noise|p2a: Corviknight
|-damage|p2a: Corviknight|8/100
|move|p2a: Corviknight|Drill Peck|p1a: Primarina
|-damage|p1a: Primarina|0 fnt
|faint|p1a: Primarina
|
|-end|p2a: Corviknight|move: Heal Block
|upkeep
|inactive|Hyjack has 120 seconds left.
|
|t:|1758336790
|switch|p1a: Hatterene|Hatterene, F|60/100
|turn|30
|
|t:|1758336795
|move|p2a: Corviknight|Drill Peck|p1a: Hatterene
|-damage|p1a: Hatterene|17/100
|move|p1a: Hatterene|Trick Room|p1a: Hatterene
|-fieldstart|move: Trick Room|[of] p1a: Hatterene
|
|-heal|p2a: Corviknight|14/100|[from] item: Leftovers
|upkeep
|turn|31
|
|t:|1758336803
|move|p1a: Hatterene|Nuzzle|p2a: Corviknight
|-supereffective|p2a: Corviknight
|-end|p2a: Corviknight|Substitute
|move|p2a: Corviknight|Drill Peck|p1a: Hatterene
|-damage|p1a: Hatterene|0 fnt
|faint|p1a: Hatterene
|
|-heal|p2a: Corviknight|20/100|[from] item: Leftovers
|upkeep
|
|t:|1758336822
|switch|p1a: Conkeldurr|Conkeldurr, F|20/100
|turn|32
|
|t:|1758336827
|move|p1a: Conkeldurr|Drain Punch|p2a: Corviknight
|-damage|p2a: Corviknight|0 fnt
|-heal|p1a: Conkeldurr|30/100|[from] drain|[of] p2a: Corviknight
|faint|p2a: Corviknight
|
|upkeep
|
|t:|1758336838
|switch|p2a: Regirock|Regirock, shiny|100/100
|turn|33
|
|t:|1758336844
|move|p1a: Conkeldurr|Drain Punch|p2a: Regirock
|-supereffective|p2a: Regirock
|-damage|p2a: Regirock|57/100
|-heal|p1a: Conkeldurr|50/100|[from] drain|[of] p2a: Regirock
|-enditem|p2a: Regirock|Weakness Policy
|-boost|p2a: Regirock|atk|2|[from] item: Weakness Policy
|-boost|p2a: Regirock|spa|2|[from] item: Weakness Policy
|move|p2a: Regirock|Drain Punch|p1a: Conkeldurr
|-damage|p1a: Conkeldurr|19/100
|-heal|p2a: Regirock|74/100|[from] drain|[of] p1a: Conkeldurr
|
|upkeep
|turn|34
|
|t:|1758336860
|move|p1a: Conkeldurr|Drain Punch|p2a: Regirock
|-supereffective|p2a: Regirock
|-damage|p2a: Regirock|28/100
|-heal|p1a: Conkeldurr|40/100|[from] drain|[of] p2a: Regirock
|move|p2a: Regirock|Drain Punch|p1a: Conkeldurr
|-damage|p1a: Conkeldurr|8/100
|-heal|p2a: Regirock|45/100|[from] drain|[of] p1a: Conkeldurr
|
|-fieldend|move: Trick Room
|upkeep
|turn|35
|
|t:|1758336869
|move|p1a: Conkeldurr|Mach Punch|p2a: Regirock
|-supereffective|p2a: Regirock
|-damage|p2a: Regirock|20/100
|move|p2a: Regirock|Drain Punch|p1a: Conkeldurr
|-damage|p1a: Conkeldurr|0 fnt
|-heal|p2a: Regirock|24/100|[from] drain|[of] p1a: Conkeldurr
|faint|p1a: Conkeldurr
|
|upkeep
|
|t:|1758336874
|switch|p1a: Hydrapple|Hydrapple, F|100/100
|turn|36
|
|t:|1758336888
|move|p2a: Regirock|Ice Punch|p1a: Hydrapple
|-supereffective|p1a: Hydrapple
|-damage|p1a: Hydrapple|0 fnt
|faint|p1a: Hydrapple
|
|upkeep
|
|t:|1758336891
|switch|p1a: Enamorus|Enamorus, F|100/100
|turn|37
|
|t:|1758336899
|move|p1a: Enamorus|Moonblast|p2a: Regirock
|-damage|p2a: Regirock|0 fnt
|faint|p2a: Regirock
|
|upkeep
|
|t:|1758336903
|switch|p2a: Thundurus|Thundurus-Therian, M|76/100
|turn|38
|
|t:|1758336906
|-terastallize|p1a: Enamorus|Fairy
|move|p2a: Thundurus|Thunderbolt|p1a: Enamorus
|-damage|p1a: Enamorus|26/100
|move|p1a: Enamorus|Moonblast|p2a: Thundurus
|-damage|p2a: Thundurus|0 fnt
|faint|p2a: Thundurus
|
|upkeep
|
|t:|1758336914
|switch|p2a: Politoed|Politoed, M, shiny|44/100
|turn|39
|
|t:|1758336917
|move|p1a: Enamorus|Moonblast|p2a: Politoed
|-damage|p2a: Politoed|2/100
|move|p2a: Politoed|Icy Wind|p1a: Enamorus
|-damage|p1a: Enamorus|3/100
|-boost|p1a: Enamorus|spe|1
|
|upkeep
|turn|40
|
|t:|1758336925
|move|p1a: Enamorus|Moonblast|p2a: Politoed
|-damage|p2a: Politoed|0 fnt
|faint|p2a: Politoed
|
|upkeep
|
|t:|1758336929
|switch|p2a: Muk|Muk-Alola, M|59/100
|turn|41
|
|t:|1758336933
|move|p2a: Muk|Shadow Sneak|p1a: Enamorus
|-damage|p1a: Enamorus|0 fnt
|faint|p1a: Enamorus
|
|win|granjeromaximo
|raw|Hyjack's rating: 1147 &rarr; <strong>1120</strong><br />(-27 for losing)
|raw|granjeromaximo's rating: 1113 &rarr; <strong>1140</strong><br />(+27 for winning)
|l|☆Hyjack
|player|p1|
|c|☆granjeromaximo|gg
|l|☆granjeromaximo
|player|p2|
