|badge|p1|silver|gen9ru|30-6
|uhtml|medal-msg|<div class="broadcast-blue">Curious what those medals under the avatar are? PS now has Ladder Seasons! For more information, check out the <a href="https://www.smogon.com/forums/threads/3740067/">thread on Smogon.</a></div>
|j|☆somepepper
|j|☆Elite4Azure
|t:|1758337139
|gametype|singles
|player|p1|somepepper|scientist|1277
|player|p2|Elite4Azure|falkner|1287
|gen|9
|tier|[Gen 9] OU
|rated|
|rule|HP Percentage Mod: HP is shown in percentages
|rule|Endless Battle Clause: Forcing endless battles is banned
|rule|Species Clause: Limit one of each Pokémon
|rule|OHKO Clause: OHKO moves are banned
|rule|Evasion Items Clause: Evasion items are banned
|rule|Evasion Moves Clause: Evasion moves are banned
|rule|Evasion Abilities Clause: Evasion abilities are banned
|rule|Sleep Moves Clause: Sleep-inducing moves are banned
|clearpoke
|poke|p1|Gardevoir, F|
|poke|p1|Greninja-*, M|
|poke|p1|Blaziken, M|
|poke|p1|Shiftry, M|
|poke|p1|Banette, M|
|poke|p1|Bisharp, M|
|poke|p2|Froslass, F|
|poke|p2|Garganacl, F|
|poke|p2|Scrafty, F|
|poke|p2|Bellibolt, M|
|poke|p2|Tsareena, F|
|poke|p2|Revavroom, F|
|teampreview
|c|☆somepepper|hf
|
|t:|1758337149
|teamsize|p1|6
|teamsize|p2|6
|start
|switch|p1a: Victor|Banette, M|100/100
|switch|p2a: Froslass|Froslass, F|100/100
|-item|p2a: Froslass|Focus Sash|[from] ability: Frisk|[of] p1a: Victor
|turn|1
|
|t:|1758337155
|move|p2a: Froslass|Will-O-Wisp|p1a: Victor
|-status|p1a: Victor|brn
|move|p1a: Victor|Poltergeist|p2a: Froslass
|-activate|p2a: Froslass|move: Poltergeist|Focus Sash
|-supereffective|p2a: Froslass
|-damage|p2a: Froslass|14/100
|
|-damage|p1a: Victor|95/100 brn|[from] brn
|upkeep
|turn|2
|
|t:|1758337164
|move|p2a: Froslass|Hex|p1a: Victor
|-supereffective|p1a: Victor
|-damage|p1a: Victor|0 fnt
|faint|p1a: Victor
|
|upkeep
|
|t:|1758337174
|switch|p1a: Shane|Greninja, M|100/100
|turn|3
|
|t:|1758337180
|move|p1a: Shane|Surf|p2a: Froslass
|-start|p1a: Shane|typechange|Water|[from] ability: Protean
|-damage|p2a: Froslass|0 fnt
|faint|p2a: Froslass
|
|upkeep
|
|t:|1758337187
|switch|p2a: Bellibolt|Bellibolt, M|100/100
|turn|4
|
|t:|1758337192
|switch|p1a: Colin|Shiftry, M|100/100
|move|p2a: Bellibolt|Acid Spray|p1a: Colin
|-supereffective|p1a: Colin
|-damage|p1a: Colin|73/100
|-unboost|p1a: Colin|spd|2
|
|upkeep
|turn|5
|
|t:|1758337204
|switch|p1a: Percy|Bisharp, M|100/100
|move|p2a: Bellibolt|Soak|p1a: Percy
|-start|p1a: Percy|typechange|Water
|
|upkeep
|turn|6
|
|t:|1758337214
|switch|p1a: Mindy|Gardevoir, F|100/100
|-ability|p1a: Mindy|Electromorphosis|Trace|[from] ability: Trace|[of] p2a: Bellibolt
|move|p2a: Bellibolt|Parabolic Charge|p1a: Mindy
|-damage|p1a: Mindy|86/100
|-start|p1a: Mindy|Charge|Parabolic Charge|[from] ability: Electromorphosis
|
|upkeep
|turn|7
|
|t:|1758337222
|move|p1a: Mindy|Moonblast|p2a: Bellibolt
|-damage|p2a: Bellibolt|58/100
|-start|p2a: Bellibolt|Charge|Moonblast|[from] ability: Electromorphosis
|move|p2a: Bellibolt|Acid Spray|p1a: Mindy
|-supereffective|p1a: Mindy
|-damage|p1a: Mindy|75/100
|-unboost|p1a: Mindy|spd|2
|-start|p1a: Mindy|Charge|Acid Spray|[from] ability: Electromorphosis
|
|upkeep
|turn|8
|
|t:|1758337231
|move|p1a: Mindy|Moonblast|p2a: Bellibolt
|-damage|p2a: Bellibolt|15/100
|-unboost|p2a: Bellibolt|spa|1
|-start|p2a: Bellibolt|Charge|Moonblast|[from] ability: Electromorphosis
|move|p2a: Bellibolt|Parabolic Charge|p1a: Mindy
|-damage|p1a: Mindy|36/100
|-heal|p2a: Bellibolt|30/100|[from] drain|[of] p1a: Mindy
|-start|p1a: Mindy|Charge|Parabolic Charge|[from] ability: Electromorphosis
|-end|p2a: Bellibolt|Charge|[silent]
|
|upkeep
|turn|9
|
|t:|1758337241
|switch|p2a: Revavroom|Revavroom, F|100/100
|move|p1a: Mindy|Moonblast|p2a: Revavroom
|-resisted|p2a: Revavroom
|-damage|p2a: Revavroom|89/100
|-unboost|p2a: Revavroom|spa|1
|
|-heal|p2a: Revavroom|95/100|[from] item: Black Sludge
|upkeep
|turn|10
|
|t:|1758337248
|move|p2a: Revavroom|Shift Gear|p2a: Revavroom
|-boost|p2a: Revavroom|spe|2
|-boost|p2a: Revavroom|atk|1
|move|p1a: Mindy|Mystical Fire|p2a: Revavroom
|-supereffective|p2a: Revavroom
|-damage|p2a: Revavroom|55/100
|-unboost|p2a: Revavroom|spa|1
|
|-heal|p2a: Revavroom|61/100|[from] item: Black Sludge
|upkeep
|turn|11
|
|t:|1758337257
|move|p1a: Mindy|Vacuum Wave|p2a: Revavroom
|-damage|p2a: Revavroom|47/100
|move|p2a: Revavroom|Poison Jab|p1a: Mindy
|-supereffective|p1a: Mindy
|-damage|p1a: Mindy|0 fnt
|faint|p1a: Mindy
|
|-heal|p2a: Revavroom|53/100|[from] item: Black Sludge
|upkeep
|
|t:|1758337274
|switch|p1a: Percy|Bisharp, M|100/100
|turn|12
|
|t:|1758337285
|switch|p2a: Tsareena|Tsareena, F|100/100
|move|p1a: Percy|Sucker Punch||[still]
|cant|p2a: Tsareena|ability: Queenly Majesty|Sucker Punch|[of] p1a: Percy
|
|upkeep
|turn|13
|
|t:|1758337298
|move|p2a: Tsareena|High Jump Kick|p1a: Percy
|-supereffective|p1a: Percy
|-damage|p1a: Percy|0 fnt
|faint|p1a: Percy
|
|upkeep
|
|t:|1758337304
|switch|p1a: Cole|Blaziken, M|100/100
|turn|14
|
|t:|1758337308
|move|p1a: Cole|Swords Dance|p1a: Cole
|-boost|p1a: Cole|atk|2
|move|p2a: Tsareena|High Jump Kick|p1a: Cole
|-damage|p1a: Cole|44/100
|
|-ability|p1a: Cole|Speed Boost|boost
|-boost|p1a: Cole|spe|1
|upkeep
|turn|15
|
|t:|1758337315
|move|p1a: Cole|Detect|p1a: Cole
|-singleturn|p1a: Cole|Protect
|move|p2a: Tsareena|High Jump Kick|p1a: Cole
|-activate|p1a: Cole|move: Protect
|-damage|p2a: Tsareena|51/100|[from] highjumpkick
|
|-ability|p1a: Cole|Speed Boost|boost
|-boost|p1a: Cole|spe|1
|upkeep
|turn|16
|
|t:|1758337322
|move|p1a: Cole|Knock Off|p2a: Tsareena
|-damage|p2a: Tsareena|0 fnt
|-enditem|p2a: Tsareena|Heavy-Duty Boots|[from] move: Knock Off|[of] p1a: Cole
|faint|p2a: Tsareena
|
|-ability|p1a: Cole|Speed Boost|boost
|-boost|p1a: Cole|spe|1
|upkeep
|
|t:|1758337324
|switch|p2a: Scrafty|Scrafty, F|100/100
|-ability|p2a: Scrafty|Intimidate|boost
|-unboost|p1a: Cole|atk|1
|turn|17
|
|t:|1758337331
|move|p2a: Scrafty|Fake Out|p1a: Cole
|-damage|p1a: Cole|26/100
|cant|p1a: Cole|flinch
|
|-ability|p1a: Cole|Speed Boost|boost
|-boost|p1a: Cole|spe|1
|upkeep
|turn|18
|
|t:|1758337337
|switch|p2a: Revavroom|Revavroom, F|53/100
|move|p1a: Cole|Close Combat|p2a: Revavroom
|-damage|p2a: Revavroom|0 fnt
|-unboost|p1a: Cole|def|1
|-unboost|p1a: Cole|spd|1
|faint|p2a: Revavroom
|
|-ability|p1a: Cole|Speed Boost|boost
|-boost|p1a: Cole|spe|1
|upkeep
|
|t:|1758337339
|switch|p2a: Scrafty|Scrafty, F|100/100
|-ability|p2a: Scrafty|Intimidate|boost
|-unboost|p1a: Cole|atk|1
|turn|19
|
|t:|1758337348
|move|p1a: Cole|Detect|p1a: Cole
|-singleturn|p1a: Cole|Protect
|move|p2a: Scrafty|Fake Out|p1a: Cole
|-activate|p1a: Cole|move: Protect
|
|-ability|p1a: Cole|Speed Boost|boost
|-boost|p1a: Cole|spe|1
|upkeep
|turn|20
|
|t:|1758337354
|move|p1a: Cole|Close Combat|p2a: Scrafty
|-supereffective|p2a: Scrafty
|-damage|p2a: Scrafty|0 fnt
|-unboost|p1a: Cole|def|1
|-unboost|p1a: Cole|spd|1
|faint|p2a: Scrafty
|
|upkeep
|
|t:|1758337359
|switch|p2a: Garganacl|Garganacl, F|100/100
|turn|21
|
|t:|1758337362
|-terastallize|p2a: Garganacl|Ghost
|move|p1a: Cole|Knock Off|p2a: Garganacl
|-supereffective|p2a: Garganacl
|-damage|p2a: Garganacl|52/100
|-enditem|p2a: Garganacl|Leftovers|[from] move: Knock Off|[of] p1a: Cole
|move|p2a: Garganacl|Salt Cure|p1a: Cole
|-damage|p1a: Cole|0 fnt
|faint|p1a: Cole
|
|upkeep
|
|t:|1758337376
|switch|p1a: Shane|Greninja, M|100/100
|turn|22
|
|t:|1758337381
|-terastallize|p1a: Shane|Water
|move|p1a: Shane|Surf|p2a: Garganacl
|-damage|p2a: Garganacl|7/100
|move|p2a: Garganacl|Recover|p2a: Garganacl
|-heal|p2a: Garganacl|57/100
|
|upkeep
|turn|23
|
|t:|1758337387
|move|p1a: Shane|Surf|p2a: Garganacl
|-damage|p2a: Garganacl|15/100
|move|p2a: Garganacl|Salt Cure|p1a: Shane
|-damage|p1a: Shane|79/100
|-start|p1a: Shane|Salt Cure
|
|-damage|p1a: Shane|55/100|[from] Salt Cure
|upkeep
|turn|24
|
|t:|1758337394
|move|p1a: Shane|Surf|p2a: Garganacl
|-damage|p2a: Garganacl|0 fnt
|faint|p2a: Garganacl
|
|-damage|p1a: Shane|30/100|[from] Salt Cure
|upkeep
|
|t:|1758337395
|switch|p2a: Bellibolt|Bellibolt, M|30/100
|turn|25
|
|t:|1758337400
|move|p1a: Shane|Surf|p2a: Bellibolt
|-damage|p2a: Bellibolt|0 fnt
|faint|p2a: Bellibolt
|
|win|somepepper
|raw|somepepper's rating: 1277 &rarr; <strong>1303</strong><br />(+26 for winning)
|raw|Elite4Azure's rating: 1287 &rarr; <strong>1261</strong><br />(-26 for losing)
|l|☆somepepper
|player|p1|
|l|☆Elite4Azure
|player|p2|
