|j|‽Just A shroom God
|j|☆oreoinabox
|t:|1758341518
|gametype|singles
|player|p1|Just A shroom God|265|1421
|player|p2|oreoinabox|170|1407
|gen|9
|tier|[Gen 9] OU
|rated|
|rule|HP Percentage Mod: HP is shown in percentages
|rule|Endless Battle Clause: Forcing endless battles is banned
|rule|Species Clause: Limit one of each Pokémon
|rule|OHKO Clause: OHKO moves are banned
|rule|Evasion Items Clause: Evasion items are banned
|rule|Evasion Moves Clause: Evasion moves are banned
|rule|Evasion Abilities Clause: Evasion abilities are banned
|rule|Sleep Moves Clause: Sleep-inducing moves are banned
|clearpoke
|poke|p1|Ogerpon-Cornerstone, F|
|poke|p1|Hatterene, F|
|poke|p1|Pecharunt|
|poke|p1|Landorus-Therian, M|
|poke|p1|Kingambit, M|
|poke|p1|Latios, M|
|poke|p2|Tyranitar, F|
|poke|p2|Hippowdon, M|
|poke|p2|Meowscarada, M|
|poke|p2|Cinderace, F|
|poke|p2|Glimmora, F|
|poke|p2|Quaquaval, M|
|teampreview
|inactive|Battle timer is ON: inactive players will automatically lose when time's up. (requested by oreoinabox)
|
|t:|1758341535
|teamsize|p1|6
|teamsize|p2|6
|start
|switch|p1a: Kingambit|Kingambit, M|100/100
|switch|p2a: Quaquaval|Quaquaval, M|100/100
|turn|1
|
|t:|1758341539
|-end|p1a: Kingambit|fallenundefined|[silent]
|switch|p1a: Pecharunt|Pecharunt|100/100
|move|p2a: Quaquaval|Aqua Step|p1a: Pecharunt
|-damage|p1a: Pecharunt|82/100
|-boost|p2a: Quaquaval|spe|1
|
|upkeep
|turn|2
|
|t:|1758341544
|switch|p2a: Glimmora|Glimmora, F|100/100
|move|p1a: Pecharunt|Malignant Chain|p2a: Glimmora
|-resisted|p2a: Glimmora
|-damage|p2a: Glimmora|90/100
|
|upkeep
|turn|3
|
|t:|1758341549
|switch|p1a: Hatterene|Hatterene, F|100/100
|move|p2a: Glimmora|Meteor Beam||[still]
|-prepare|p2a: Glimmora|Meteor Beam
|-boost|p2a: Glimmora|spa|1
|-enditem|p2a: Glimmora|Power Herb
|-anim|p2a: Glimmora|Meteor Beam|p1a: Hatterene
|-damage|p1a: Hatterene|48/100
|
|upkeep
|turn|4
|
|t:|1758341561
|move|p2a: Glimmora|Earth Power|p1a: Hatterene
|-damage|p1a: Hatterene|20/100
|move|p1a: Hatterene|Draining Kiss|p2a: Glimmora
|-resisted|p2a: Glimmora
|-damage|p2a: Glimmora|71/100
|-heal|p1a: Hatterene|34/100|[from] drain|[of] p2a: Glimmora
|
|upkeep
|turn|5
|
|t:|1758341567
|move|p2a: Glimmora|Meteor Beam||[still]
|-prepare|p2a: Glimmora|Meteor Beam
|-boost|p2a: Glimmora|spa|1
|move|p1a: Hatterene|Psychic Noise|p2a: Glimmora
|-supereffective|p2a: Glimmora
|-damage|p2a: Glimmora|0 fnt
|faint|p2a: Glimmora
|
|upkeep
|
|t:|1758341571
|switch|p2a: Meowscarada|Meowscarada, M|100/100
|turn|6
|
|t:|1758341576
|switch|p1a: Landorus|Landorus-Therian, M|100/100
|-ability|p1a: Landorus|Intimidate|boost
|-unboost|p2a: Meowscarada|atk|1
|move|p2a: Meowscarada|U-turn|p1a: Landorus
|-start|p2a: Meowscarada|typechange|Bug|[from] ability: Protean
|-resisted|p1a: Landorus
|-damage|p1a: Landorus|86/100
|-damage|p2a: Meowscarada|84/100|[from] item: Rocky Helmet|[of] p1a: Landorus
|
|t:|1758341578
|switch|p2a: Quaquaval|Quaquaval, M|100/100|[from] U-turn
|
|upkeep
|turn|7
|
|t:|1758341596
|switch|p1a: Pecharunt|Pecharunt|82/100
|move|p2a: Quaquaval|Aqua Step|p1a: Pecharunt
|-damage|p1a: Pecharunt|64/100
|-boost|p2a: Quaquaval|spe|1
|
|upkeep
|turn|8
|
|t:|1758341601
|switch|p2a: Tyranitar|Tyranitar, F|100/100
|-weather|Sandstorm|[from] ability: Sand Stream|[of] p2a: Tyranitar
|move|p1a: Pecharunt|Malignant Chain|p2a: Tyranitar
|-resisted|p2a: Tyranitar
|-damage|p2a: Tyranitar|91/100
|-status|p2a: Tyranitar|tox
|-start|p2a: Tyranitar|confusion|[from] ability: Poison Puppeteer|[of] p1a: Pecharunt
|
|-weather|Sandstorm|[upkeep]
|-damage|p1a: Pecharunt|58/100|[from] Sandstorm
|-damage|p2a: Tyranitar|85/100 tox|[from] psn
|upkeep
|turn|9
|
|t:|1758341606
|switch|p2a: Meowscarada|Meowscarada, M|84/100
|move|p1a: Pecharunt|Parting Shot|p2a: Meowscarada
|-unboost|p2a: Meowscarada|atk|1
|-unboost|p2a: Meowscarada|spa|1
|
|t:|1758341616
|switch|p1a: Landorus|Landorus-Therian, M|86/100|[from] Parting Shot
|-ability|p1a: Landorus|Intimidate|boost
|-unboost|p2a: Meowscarada|atk|1
|
|-weather|Sandstorm|[upkeep]
|-damage|p2a: Meowscarada|78/100|[from] Sandstorm
|upkeep
|turn|10
|
|t:|1758341619
|move|p2a: Meowscarada|U-turn|p1a: Landorus
|-start|p2a: Meowscarada|typechange|Bug|[from] ability: Protean
|-resisted|p1a: Landorus
|-damage|p1a: Landorus|75/100
|-damage|p2a: Meowscarada|62/100|[from] item: Rocky Helmet|[of] p1a: Landorus
|
|t:|1758341622
|switch|p2a: Tyranitar|Tyranitar, F|85/100 tox|[from] U-turn
|move|p1a: Landorus|Stealth Rock|p2a: Tyranitar
|-sidestart|p2: oreoinabox|move: Stealth Rock
|
|-weather|Sandstorm|[upkeep]
|-damage|p2a: Tyranitar|79/100 tox|[from] psn
|upkeep
|turn|11
|
|t:|1758341626
|move|p2a: Tyranitar|Ice Punch|p1a: Landorus
|-supereffective|p1a: Landorus
|-damage|p1a: Landorus|0 fnt
|-damage|p2a: Tyranitar|62/100 tox|[from] item: Rocky Helmet|[of] p1a: Landorus
|faint|p1a: Landorus
|
|-weather|Sandstorm|[upkeep]
|-damage|p2a: Tyranitar|50/100 tox|[from] psn
|upkeep
|
|t:|1758341630
|switch|p1a: Kingambit|Kingambit, M|100/100
|-activate|p1a: Kingambit|ability: Supreme Overlord
|-start|p1a: Kingambit|fallen1|[silent]
|turn|12
|
|t:|1758341634
|switch|p2a: Hippowdon|Hippowdon, M|100/100
|-damage|p2a: Hippowdon|94/100|[from] Stealth Rock
|move|p1a: Kingambit|Swords Dance|p1a: Kingambit
|-boost|p1a: Kingambit|atk|2
|
|-weather|none
|upkeep
|turn|13
|
|t:|1758341638
|move|p1a: Kingambit|Kowtow Cleave|p2a: Hippowdon
|-damage|p2a: Hippowdon|37/100
|move|p2a: Hippowdon|Stockpile|p2a: Hippowdon
|-start|p2a: Hippowdon|stockpile1
|-boost|p2a: Hippowdon|def|1
|-boost|p2a: Hippowdon|spd|1
|
|upkeep
|turn|14
|
|t:|1758341642
|move|p1a: Kingambit|Kowtow Cleave|p2a: Hippowdon
|-damage|p2a: Hippowdon|0 fnt
|faint|p2a: Hippowdon
|
|upkeep
|
|t:|1758341646
|switch|p2a: Quaquaval|Quaquaval, M|100/100
|-damage|p2a: Quaquaval|94/100|[from] Stealth Rock
|turn|15
|
|t:|1758341650
|-terastallize|p1a: Kingambit|Ghost
|move|p2a: Quaquaval|Aqua Step|p1a: Kingambit
|-damage|p1a: Kingambit|66/100
|-boost|p2a: Quaquaval|spe|1
|move|p1a: Kingambit|Low Kick|p2a: Quaquaval
|-damage|p2a: Quaquaval|2/100
|
|-heal|p1a: Kingambit|72/100|[from] item: Leftovers
|upkeep
|turn|16
|
|t:|1758341658
|move|p1a: Kingambit|Sucker Punch|p2a: Quaquaval
|-resisted|p2a: Quaquaval
|-damage|p2a: Quaquaval|0 fnt
|faint|p2a: Quaquaval
|
|-heal|p1a: Kingambit|79/100|[from] item: Leftovers
|upkeep
|
|t:|1758341660
|switch|p2a: Meowscarada|Meowscarada, M|62/100
|-damage|p2a: Meowscarada|49/100|[from] Stealth Rock
|turn|17
|
|t:|1758341668
|move|p2a: Meowscarada|Sucker Punch|p1a: Kingambit
|-start|p2a: Meowscarada|typechange|Dark|[from] ability: Protean
|-supereffective|p1a: Kingambit
|-damage|p1a: Kingambit|0 fnt
|faint|p1a: Kingambit
|-end|p1a: Kingambit|fallen1|[silent]
|
|upkeep
|
|t:|1758341674
|switch|p1a: Ogerpon|Ogerpon-Cornerstone, F|100/100
|turn|18
|
|t:|1758341679
|move|p2a: Meowscarada|Sucker Punch|p1a: Ogerpon
|-damage|p1a: Ogerpon|38/100
|move|p1a: Ogerpon|Ivy Cudgel|p2a: Meowscarada|[anim] Ivy Cudgel Rock
|-damage|p2a: Meowscarada|0 fnt
|faint|p2a: Meowscarada
|
|upkeep
|
|t:|1758341682
|switch|p2a: Cinderace|Cinderace, F|100/100
|turn|19
|
|t:|1758341686
|switch|p1a: Latios|Latios, M|100/100
|move|p2a: Cinderace|U-turn|p1a: Latios
|-start|p2a: Cinderace|typechange|Bug|[from] ability: Libero
|-supereffective|p1a: Latios
|-damage|p1a: Latios|9/100
|
|t:|1758341688
|switch|p2a: Tyranitar|Tyranitar, F|50/100 tox|[from] U-turn
|-damage|p2a: Tyranitar|37/100 tox|[from] Stealth Rock
|-weather|Sandstorm|[from] ability: Sand Stream|[of] p2a: Tyranitar
|
|-weather|Sandstorm|[upkeep]
|-damage|p1a: Latios|3/100|[from] Sandstorm
|-damage|p2a: Tyranitar|31/100 tox|[from] psn
|upkeep
|turn|20
|
|t:|1758341695
|move|p1a: Latios|Aura Sphere|p2a: Tyranitar
|-supereffective|p2a: Tyranitar
|-damage|p2a: Tyranitar|0 fnt
|faint|p2a: Tyranitar
|
|-weather|Sandstorm|[upkeep]
|-damage|p1a: Latios|0 fnt|[from] Sandstorm
|faint|p1a: Latios
|upkeep
|
|t:|1758341701
|switch|p1a: Pecharunt|Pecharunt|58/100
|switch|p2a: Cinderace|Cinderace, F|100/100
|turn|21
|
|t:|1758341704
|-terastallize|p2a: Cinderace|Dark
|move|p2a: Cinderace|Sucker Punch||[still]
|-fail|p2a: Cinderace
|move|p1a: Pecharunt|Recover|p1a: Pecharunt
|-heal|p1a: Pecharunt|100/100
|
|-weather|Sandstorm|[upkeep]
|-damage|p2a: Cinderace|95/100|[from] Sandstorm
|-damage|p1a: Pecharunt|94/100|[from] Sandstorm
|upkeep
|turn|22
|
|t:|1758341710
|move|p2a: Cinderace|Sucker Punch||[still]
|-fail|p2a: Cinderace
|move|p1a: Pecharunt|Parting Shot|p2a: Cinderace
|-unboost|p2a: Cinderace|atk|1
|-unboost|p2a: Cinderace|spa|1
|
|t:|1758341714
|switch|p1a: Hatterene|Hatterene, F|34/100|[from] Parting Shot
|
|-weather|Sandstorm|[upkeep]
|-damage|p2a: Cinderace|89/100|[from] Sandstorm
|-damage|p1a: Hatterene|28/100|[from] Sandstorm
|upkeep
|turn|23
|
|t:|1758341717
|switch|p1a: Pecharunt|Pecharunt|94/100
|move|p2a: Cinderace|Pyro Ball|p1a: Pecharunt
|-damage|p1a: Pecharunt|75/100
|
|-weather|none
|upkeep
|turn|24
|
|t:|1758341722
|move|p2a: Cinderace|Pyro Ball|p1a: Pecharunt
|-damage|p1a: Pecharunt|57/100
|move|p1a: Pecharunt|Parting Shot|p2a: Cinderace
|-unboost|p2a: Cinderace|atk|1
|-unboost|p2a: Cinderace|spa|1
|
|t:|1758341730
|switch|p1a: Hatterene|Hatterene, F|28/100|[from] Parting Shot
|
|upkeep
|turn|25
|
|t:|1758341732
|move|p2a: Cinderace|Pyro Ball|p1a: Hatterene|[miss]
|-miss|p2a: Cinderace|p1a: Hatterene
|move|p1a: Hatterene|Draining Kiss|p2a: Cinderace
|-supereffective|p2a: Cinderace
|-damage|p2a: Cinderace|12/100
|-heal|p1a: Hatterene|82/100|[from] drain|[of] p2a: Cinderace
|
|upkeep
|turn|26
|-message|oreoinabox forfeited.
|
|win|Just A shroom God
|raw|Just A shroom God's rating: 1421 &rarr; <strong>1440</strong><br />(+19 for winning)
|raw|oreoinabox's rating: 1407 &rarr; <strong>1388</strong><br />(-19 for losing)
|l|☆oreoinabox
|player|p2|
|l|‽Just A shroom God
|player|p1|
