|j|☆rednova15
|j|☆Jon Mateo
|t:|1758285949
|gametype|singles
|player|p1|rednova15|n|1320
|player|p2|Jon Mateo|265|1347
|gen|9
|tier|[Gen 9] OU
|rated|
|rule|HP Percentage Mod: HP is shown in percentages
|rule|Endless Battle Clause: Forcing endless battles is banned
|rule|Species Clause: Limit one of each Pokémon
|rule|OHKO Clause: OHKO moves are banned
|rule|Evasion Items Clause: Evasion items are banned
|rule|Evasion Moves Clause: Evasion moves are banned
|rule|Evasion Abilities Clause: Evasion abilities are banned
|rule|Sleep Moves Clause: Sleep-inducing moves are banned
|clearpoke
|poke|p1|Jolteon, F|
|poke|p1|Meowscarada, F|
|poke|p1|Toxapex, F|
|poke|p1|Clefable, F|
|poke|p1|Dragonite, F|
|poke|p1|Iron Treads|
|poke|p2|Ceruledge, F|
|poke|p2|Lokix, M|
|poke|p2|Quaquaval, F|
|poke|p2|Gardevoir, M|
|poke|p2|Garchomp, F|
|poke|p2|Rotom-Frost|
|teampreview
|inactive|Battle timer is ON: inactive players will automatically lose when time's up. (requested by rednova15)
|
|t:|1758285964
|teamsize|p1|6
|teamsize|p2|6
|start
|switch|p1a: Iron Treads|Iron Treads|100/100
|switch|p2a: Garchomp|Garchomp, F|100/100
|turn|1
|
|t:|1758285983
|move|p1a: Iron Treads|Ice Spinner|p2a: Garchomp
|-supereffective|p2a: Garchomp
|-damage|p2a: Garchomp|0 fnt
|-damage|p1a: Iron Treads|88/100|[from] ability: Rough Skin|[of] p2a: Garchomp
|faint|p2a: Garchomp
|
|upkeep
|
|t:|1758285988
|switch|p2a: Quaquaval|Quaquaval, F|100/100
|turn|2
|
|t:|1758285993
|-end|p1a: Iron Treads|Quark Drive|[silent]
|switch|p1a: Toxapex|Toxapex, F|100/100
|move|p2a: Quaquaval|Aqua Step|p1a: Toxapex
|-resisted|p1a: Toxapex
|-damage|p1a: Toxapex|79/100
|-boost|p2a: Quaquaval|spe|1
|
|-heal|p1a: Toxapex|86/100|[from] item: Black Sludge
|upkeep
|turn|3
|
|t:|1758286001
|switch|p2a: Rotom|Rotom-Frost|100/100
|move|p1a: Toxapex|Toxic|p2a: Rotom
|-status|p2a: Rotom|tox
|
|-heal|p1a: Toxapex|92/100|[from] item: Black Sludge
|-damage|p2a: Rotom|94/100 tox|[from] psn
|upkeep
|turn|4
|
|t:|1758286014
|switch|p1a: Jolteon|Jolteon, F|100/100
|move|p2a: Rotom|Trick|p1a: Jolteon
|-activate|p2a: Rotom|move: Trick|[of] p1a: Jolteon
|-item|p1a: Jolteon|Choice Scarf|[from] move: Trick
|-item|p2a: Rotom|Choice Specs|[from] move: Trick
|
|-damage|p2a: Rotom|82/100 tox|[from] psn
|upkeep
|turn|5
|
|t:|1758286024
|move|p1a: Jolteon|Volt Switch|p2a: Rotom
|-resisted|p2a: Rotom
|-damage|p2a: Rotom|61/100 tox
|
|t:|1758286029
|switch|p1a: Iron Treads|Iron Treads|88/100|[from] Volt Switch
|move|p2a: Rotom|Blizzard|p1a: Iron Treads
|-damage|p1a: Iron Treads|16/100
|
|-damage|p2a: Rotom|43/100 tox|[from] psn
|upkeep
|turn|6
|
|t:|1758286042
|switch|p2a: Lokix|Lokix, M|100/100
|move|p1a: Iron Treads|Iron Head|p2a: Lokix
|-damage|p2a: Lokix|41/100
|-enditem|p2a: Lokix|Sitrus Berry|[eat]
|-heal|p2a: Lokix|66/100|[from] item: Sitrus Berry
|
|upkeep
|turn|7
|
|t:|1758286051
|-end|p1a: Iron Treads|Quark Drive|[silent]
|switch|p1a: Toxapex|Toxapex, F|100/100
|move|p2a: Lokix|First Impression|p1a: Toxapex
|-resisted|p1a: Toxapex
|-damage|p1a: Toxapex|72/100
|
|-heal|p1a: Toxapex|78/100|[from] item: Black Sludge
|upkeep
|turn|8
|
|t:|1758286061
|move|p2a: Lokix|U-turn|p1a: Toxapex
|-resisted|p1a: Toxapex
|-damage|p1a: Toxapex|58/100
|
|t:|1758286066
|switch|p2a: Rotom|Rotom-Frost|43/100 tox|[from] U-turn
|move|p1a: Toxapex|Toxic|p2a: Rotom
|-fail|p2a: Rotom|tox
|
|-heal|p1a: Toxapex|64/100|[from] item: Black Sludge
|-damage|p2a: Rotom|37/100 tox|[from] psn
|upkeep
|turn|9
|
|t:|1758286080
|move|p2a: Rotom|Trick|p1a: Toxapex
|-activate|p2a: Rotom|move: Trick|[of] p1a: Toxapex
|-item|p1a: Toxapex|Choice Specs|[from] move: Trick
|-item|p2a: Rotom|Black Sludge|[from] move: Trick
|move|p1a: Toxapex|Recover|p1a: Toxapex
|-heal|p1a: Toxapex|100/100
|
|-damage|p2a: Rotom|24/100 tox|[from] item: Black Sludge
|-damage|p2a: Rotom|12/100 tox|[from] psn
|upkeep
|turn|10
|
|t:|1758286098
|switch|p2a: Ceruledge|Ceruledge, F|100/100
|switch|p1a: Iron Treads|Iron Treads|16/100
|
|upkeep
|turn|11
|
|t:|1758286105
|move|p2a: Ceruledge|Shadow Sneak|p1a: Iron Treads
|-damage|p1a: Iron Treads|0 fnt
|faint|p1a: Iron Treads
|-end|p1a: Iron Treads|Quark Drive|[silent]
|-damage|p2a: Ceruledge|91/100|[from] item: Life Orb
|
|upkeep
|
|t:|1758286110
|switch|p1a: Meowscarada|Meowscarada, F|100/100
|turn|12
|
|t:|1758286118
|-terastallize|p2a: Ceruledge|Fire
|move|p1a: Meowscarada|Knock Off|p2a: Ceruledge
|-start|p1a: Meowscarada|typechange|Dark|[from] ability: Protean
|-damage|p2a: Ceruledge|3/100
|-ability|p2a: Ceruledge|Weak Armor|boost
|-unboost|p2a: Ceruledge|def|1
|-boost|p2a: Ceruledge|spe|2
|-enditem|p2a: Ceruledge|Life Orb|[from] move: Knock Off|[of] p1a: Meowscarada
|move|p2a: Ceruledge|Bitter Blade|p1a: Meowscarada
|-damage|p1a: Meowscarada|0 fnt
|-heal|p2a: Ceruledge|53/100|[from] drain|[of] p1a: Meowscarada
|faint|p1a: Meowscarada
|
|upkeep
|
|t:|1758286132
|switch|p1a: Dragonite|Dragonite, F|100/100
|turn|13
|
|t:|1758286145
|move|p1a: Dragonite|Extreme Speed|p2a: Ceruledge
|-damage|p2a: Ceruledge|0 fnt
|faint|p2a: Ceruledge
|
|upkeep
|
|t:|1758286151
|switch|p2a: Gardevoir|Gardevoir, M|100/100
|turn|14
|
|t:|1758286180
|-terastallize|p1a: Dragonite|Normal
|move|p2a: Gardevoir|Moonblast|p1a: Dragonite
|-damage|p1a: Dragonite|73/100
|move|p1a: Dragonite|Dragon Dance|p1a: Dragonite
|-boost|p1a: Dragonite|atk|1
|-boost|p1a: Dragonite|spe|1
|
|upkeep
|turn|15
|
|t:|1758286190
|move|p1a: Dragonite|Extreme Speed|p2a: Gardevoir
|-damage|p2a: Gardevoir|0 fnt
|faint|p2a: Gardevoir
|
|upkeep
|
|t:|1758286193
|switch|p2a: Lokix|Lokix, M|66/100
|turn|16
|inactive|rednova15 has 120 seconds left.
|
|t:|1758286224
|move|p1a: Dragonite|Extreme Speed|p2a: Lokix
|-damage|p2a: Lokix|0 fnt
|faint|p2a: Lokix
|
|upkeep
|-message|Jon Mateo forfeited.
|
|win|rednova15
|raw|rednova15's rating: 1320 &rarr; <strong>1342</strong><br />(+22 for winning)
|raw|Jon Mateo's rating: 1347 &rarr; <strong>1325</strong><br />(-22 for losing)
|l|☆Jon Mateo
|player|p2|
|l|☆rednova15
|player|p1|
