|j|☆niloswan
|j|☆kato k
|t:|1758316016
|gametype|singles
|player|p1|niloswan|zinzolin|1420
|player|p2|kato k|dancer|1383
|gen|9
|tier|[Gen 9] OU
|rated|
|rule|HP Percentage Mod: HP is shown in percentages
|rule|Endless Battle Clause: Forcing endless battles is banned
|rule|Species Clause: Limit one of each Pokémon
|rule|OHKO Clause: OHKO moves are banned
|rule|Evasion Items Clause: Evasion items are banned
|rule|Evasion Moves Clause: Evasion moves are banned
|rule|Evasion Abilities Clause: Evasion abilities are banned
|rule|Sleep Moves Clause: Sleep-inducing moves are banned
|clearpoke
|poke|p1|Iron Valiant|
|poke|p1|Tinkaton, F|
|poke|p1|Sinistcha|
|poke|p1|Great Tusk|
|poke|p1|Scizor, F|
|poke|p1|Slowbro, F|
|poke|p2|Cinderace, M|
|poke|p2|Kyurem|
|poke|p2|Rillaboom, F|
|poke|p2|Dragapult, M|
|poke|p2|Okidogi, M|
|poke|p2|Zamazenta-*|
|teampreview
|inactive|Battle timer is ON: inactive players will automatically lose when time's up. (requested by niloswan)
|inactive|niloswan has 120 seconds left.
|
|t:|1758316047
|teamsize|p1|6
|teamsize|p2|6
|start
|switch|p1a: Scizor|Scizor, F|100/100
|switch|p2a: Cinderace|Cinderace, M|100/100
|turn|1
|
|t:|1758316053
|switch|p1a: Slowbro|Slowbro, F|100/100
|move|p2a: Cinderace|Pyro Ball|p1a: Slowbro
|-resisted|p1a: Slowbro
|-damage|p1a: Slowbro|84/100
|-status|p1a: Slowbro|brn
|
|-heal|p1a: Slowbro|90/100 brn|[from] item: Leftovers
|-damage|p1a: Slowbro|84/100 brn|[from] brn
|upkeep
|turn|2
|
|t:|1758316069
|switch|p2a: Rillaboom|Rillaboom, F|100/100
|-fieldstart|move: Grassy Terrain|[from] ability: Grassy Surge|[of] p2a: Rillaboom
|move|p1a: Slowbro|Scald|p2a: Rillaboom
|-resisted|p2a: Rillaboom
|-damage|p2a: Rillaboom|83/100
|
|-heal|p2a: Rillaboom|90/100|[from] Grassy Terrain
|-heal|p1a: Slowbro|90/100 brn|[from] Grassy Terrain
|-heal|p1a: Slowbro|96/100 brn|[from] item: Leftovers
|-damage|p1a: Slowbro|90/100 brn|[from] brn
|upkeep
|turn|3
|
|t:|1758316081
|switch|p1a: Sinistcha|Sinistcha|100/100
|move|p2a: Rillaboom|U-turn|p1a: Sinistcha
|-damage|p1a: Sinistcha|72/100
|l|☆kato k
|inactive|kato k disconnected and has a minute to reconnect!
|player|p2|
|j|☆kato k
|inactive|kato k reconnected and has 135 seconds left.
|player|p2|kato k|dancer|
|
|t:|1758316099
|switch|p2a: Dragapult|Dragapult, M|100/100|[from] U-turn
|
|-heal|p1a: Sinistcha|78/100|[from] Grassy Terrain
|-heal|p1a: Sinistcha|84/100|[from] item: Leftovers
|upkeep
|turn|4
|
|t:|1758316110
|switch|p1a: Tinkaton|Tinkaton, F|100/100
|-ability|p1a: Tinkaton|Mold Breaker
|-item|p1a: Tinkaton|Air Balloon
|move|p2a: Dragapult|Shadow Ball|p1a: Tinkaton
|-damage|p1a: Tinkaton|55/100
|-unboost|p1a: Tinkaton|spd|1
|-enditem|p1a: Tinkaton|Air Balloon
|
|-heal|p1a: Tinkaton|62/100|[from] Grassy Terrain
|upkeep
|turn|5
|inactive|niloswan has 120 seconds left.
|
|t:|1758316151
|switch|p2a: Cinderace|Cinderace, M|100/100
|move|p1a: Tinkaton|Stealth Rock|p2a: Cinderace
|-sidestart|p2: kato k|move: Stealth Rock
|
|-heal|p1a: Tinkaton|68/100|[from] Grassy Terrain
|upkeep
|turn|6
|
|t:|1758316158
|switch|p1a: Slowbro|Slowbro, F|100/100 brn
|move|p2a: Cinderace|Court Change|p2a: Cinderace
|-start|p2a: Cinderace|typechange|Normal|[from] ability: Libero
|-swapsideconditions
|-activate|p2a: Cinderace|move: Court Change
|
|-damage|p1a: Slowbro|94/100 brn|[from] brn
|-fieldend|move: Grassy Terrain
|upkeep
|turn|7
|inactive|niloswan has 120 seconds left.
|
|t:|1758316171
|switch|p2a: Dragapult|Dragapult, M|100/100
|switch|p1a: Tinkaton|Tinkaton, F|68/100
|-damage|p1a: Tinkaton|62/100|[from] Stealth Rock
|-ability|p1a: Tinkaton|Mold Breaker
|
|upkeep
|turn|8
|inactive|niloswan has 120 seconds left.
|
|t:|1758316179
|move|p2a: Dragapult|Flamethrower|p1a: Tinkaton
|-supereffective|p1a: Tinkaton
|-damage|p1a: Tinkaton|0 fnt
|faint|p1a: Tinkaton
|
|upkeep
|inactive|niloswan has 120 seconds left.
|
|t:|1758316188
|switch|p1a: Slowbro|Slowbro, F|100/100 brn
|-damage|p1a: Slowbro|88/100 brn|[from] Stealth Rock
|turn|9
|
|t:|1758316195
|switch|p2a: Okidogi|Okidogi, M|100/100
|move|p1a: Slowbro|Calm Mind|p1a: Slowbro
|-boost|p1a: Slowbro|spa|1
|-boost|p1a: Slowbro|spd|1
|
|-heal|p1a: Slowbro|94/100 brn|[from] item: Leftovers
|-damage|p1a: Slowbro|88/100 brn|[from] brn
|upkeep
|turn|10
|
|t:|1758316202
|move|p2a: Okidogi|Knock Off|p1a: Slowbro
|-supereffective|p1a: Slowbro
|-damage|p1a: Slowbro|55/100 brn
|-enditem|p1a: Slowbro|Leftovers|[from] move: Knock Off|[of] p2a: Okidogi
|move|p1a: Slowbro|Calm Mind|p1a: Slowbro
|-boost|p1a: Slowbro|spa|1
|-boost|p1a: Slowbro|spd|1
|
|-damage|p1a: Slowbro|48/100 brn|[from] brn
|upkeep
|turn|11
|
|t:|1758316212
|switch|p2a: Dragapult|Dragapult, M|100/100
|move|p1a: Slowbro|Slack Off|p1a: Slowbro
|-heal|p1a: Slowbro|98/100 brn
|
|-damage|p1a: Slowbro|92/100 brn|[from] brn
|upkeep
|turn|12
|
|t:|1758316220
|move|p2a: Dragapult|Shadow Ball|p1a: Slowbro
|-supereffective|p1a: Slowbro
|-damage|p1a: Slowbro|40/100 brn
|move|p1a: Slowbro|Stored Power|p2a: Dragapult
|-damage|p2a: Dragapult|0 fnt
|faint|p2a: Dragapult
|
|-damage|p1a: Slowbro|34/100 brn|[from] brn
|upkeep
|
|t:|1758316230
|switch|p2a: Rillaboom|Rillaboom, F|90/100
|-fieldstart|move: Grassy Terrain|[from] ability: Grassy Surge|[of] p2a: Rillaboom
|turn|13
|
|t:|1758316236
|switch|p1a: Sinistcha|Sinistcha|84/100
|-damage|p1a: Sinistcha|72/100|[from] Stealth Rock
|move|p2a: Rillaboom|Wood Hammer|p1a: Sinistcha
|-resisted|p1a: Sinistcha
|-damage|p1a: Sinistcha|29/100
|-damage|p2a: Rillaboom|75/100|[from] Recoil
|
|-heal|p2a: Rillaboom|81/100|[from] Grassy Terrain
|-heal|p1a: Sinistcha|35/100|[from] Grassy Terrain
|-heal|p1a: Sinistcha|41/100|[from] item: Leftovers
|upkeep
|turn|14
|
|t:|1758316255
|switch|p2a: Cinderace|Cinderace, M|100/100
|move|p1a: Sinistcha|Strength Sap|p2a: Cinderace
|-unboost|p2a: Cinderace|atk|1
|-heal|p1a: Sinistcha|100/100
|
|upkeep
|turn|15
|
|t:|1758316266
|switch|p2a: Okidogi|Okidogi, M|100/100
|move|p1a: Sinistcha|Calm Mind|p1a: Sinistcha
|-boost|p1a: Sinistcha|spa|1
|-boost|p1a: Sinistcha|spd|1
|
|upkeep
|turn|16
|
|t:|1758316272
|-terastallize|p1a: Sinistcha|Poison
|move|p2a: Okidogi|Knock Off|p1a: Sinistcha
|-damage|p1a: Sinistcha|81/100
|-enditem|p1a: Sinistcha|Leftovers|[from] move: Knock Off|[of] p2a: Okidogi
|move|p1a: Sinistcha|Shadow Ball|p2a: Okidogi
|-damage|p2a: Okidogi|66/100
|
|-heal|p2a: Okidogi|73/100|[from] Grassy Terrain
|-heal|p1a: Sinistcha|87/100|[from] Grassy Terrain
|upkeep
|turn|17
|
|t:|1758316282
|move|p2a: Okidogi|Bulk Up|p2a: Okidogi
|-boost|p2a: Okidogi|atk|1
|-boost|p2a: Okidogi|def|1
|move|p1a: Sinistcha|Calm Mind|p1a: Sinistcha
|-boost|p1a: Sinistcha|spa|1
|-boost|p1a: Sinistcha|spd|1
|
|-heal|p2a: Okidogi|79/100|[from] Grassy Terrain
|-heal|p1a: Sinistcha|93/100|[from] Grassy Terrain
|-fieldend|move: Grassy Terrain
|upkeep
|turn|18
|
|t:|1758316291
|move|p2a: Okidogi|High Horsepower|p1a: Sinistcha
|-supereffective|p1a: Sinistcha
|-damage|p1a: Sinistcha|40/100
|move|p1a: Sinistcha|Calm Mind|p1a: Sinistcha
|-boost|p1a: Sinistcha|spa|1
|-boost|p1a: Sinistcha|spd|1
|
|upkeep
|turn|19
|
|t:|1758316301
|move|p2a: Okidogi|High Horsepower|p1a: Sinistcha
|-supereffective|p1a: Sinistcha
|-damage|p1a: Sinistcha|0 fnt
|faint|p1a: Sinistcha
|
|upkeep
|
|t:|1758316312
|switch|p1a: Great Tusk|Great Tusk|100/100
|-damage|p1a: Great Tusk|98/100|[from] Stealth Rock
|-enditem|p1a: Great Tusk|Booster Energy
|-activate|p1a: Great Tusk|ability: Protosynthesis|[fromitem]
|-start|p1a: Great Tusk|protosynthesisatk
|turn|20
|
|t:|1758316323
|switch|p2a: Kyurem|Kyurem|100/100
|-ability|p2a: Kyurem|Pressure
|move|p1a: Great Tusk|Rapid Spin|p2a: Kyurem
|-damage|p2a: Kyurem|80/100
|-boost|p1a: Great Tusk|spe|1
|-sideend|p1: niloswan|Stealth Rock|[from] move: Rapid Spin|[of] p1a: Great Tusk
|
|upkeep
|turn|21
|
|t:|1758316334
|move|p1a: Great Tusk|Headlong Rush|p2a: Kyurem
|-damage|p2a: Kyurem|5/100
|-unboost|p1a: Great Tusk|def|1
|-unboost|p1a: Great Tusk|spd|1
|move|p2a: Kyurem|Icicle Spear|p1a: Great Tusk
|-supereffective|p1a: Great Tusk
|-damage|p1a: Great Tusk|68/100
|-supereffective|p1a: Great Tusk
|-damage|p1a: Great Tusk|37/100
|-supereffective|p1a: Great Tusk
|-damage|p1a: Great Tusk|6/100
|-supereffective|p1a: Great Tusk
|-damage|p1a: Great Tusk|0 fnt
|faint|p1a: Great Tusk
|-end|p1a: Great Tusk|Protosynthesis|[silent]
|-hitcount|p1: Great Tusk|4
|
|upkeep
|
|t:|1758316358
|switch|p1a: Scizor|Scizor, F|100/100
|turn|22
|
|t:|1758316371
|move|p1a: Scizor|Bullet Punch|p2a: Kyurem
|-supereffective|p2a: Kyurem
|-damage|p2a: Kyurem|0 fnt
|faint|p2a: Kyurem
|
|upkeep
|
|t:|1758316372
|switch|p2a: Cinderace|Cinderace, M|100/100
|turn|23
|
|t:|1758316381
|switch|p1a: Slowbro|Slowbro, F|67/100 brn
|move|p2a: Cinderace|Pyro Ball|p1a: Slowbro
|-resisted|p1a: Slowbro
|-damage|p1a: Slowbro|51/100 brn
|
|-damage|p1a: Slowbro|45/100 brn|[from] brn
|upkeep
|turn|24
|l|☆kato k
|inactive|kato k disconnected and has a minute to reconnect!
|player|p2|
|
|t:|1758316391
|switch|p2a: Rillaboom|Rillaboom, F|81/100
|-fieldstart|move: Grassy Terrain|[from] ability: Grassy Surge|[of] p2a: Rillaboom
|switch|p1a: Scizor|Scizor, F|100/100
|
|-heal|p2a: Rillaboom|88/100|[from] Grassy Terrain
|upkeep
|turn|25
|inactive|kato k has 30 seconds to reconnect!
|j|☆kato k
|inactive|kato k reconnected and has 120 seconds left.
|player|p2|kato k|dancer|
|
|t:|1758316431
|switch|p2a: Cinderace|Cinderace, M|100/100
|move|p1a: Scizor|Dual Wingbeat|p2a: Cinderace
|-damage|p2a: Cinderace|50/100
|-damage|p2a: Cinderace|1/100
|-hitcount|p2a: Cinderace|2
|
|-heal|p2a: Cinderace|7/100|[from] Grassy Terrain
|upkeep
|turn|26
|inactive|kato k has 120 seconds left.
|
|t:|1758316441
|switch|p1a: Slowbro|Slowbro, F|78/100 brn
|move|p2a: Cinderace|Pyro Ball|p1a: Slowbro
|-resisted|p1a: Slowbro
|-crit|p1a: Slowbro
|-damage|p1a: Slowbro|52/100 brn
|
|-heal|p2a: Cinderace|13/100|[from] Grassy Terrain
|-heal|p1a: Slowbro|58/100 brn|[from] Grassy Terrain
|-damage|p1a: Slowbro|52/100 brn|[from] brn
|upkeep
|turn|27
|
|t:|1758316450
|switch|p2a: Rillaboom|Rillaboom, F|88/100
|move|p1a: Slowbro|Scald|p2a: Rillaboom
|-resisted|p2a: Rillaboom
|-damage|p2a: Rillaboom|70/100
|
|-heal|p2a: Rillaboom|76/100|[from] Grassy Terrain
|-heal|p1a: Slowbro|58/100 brn|[from] Grassy Terrain
|-damage|p1a: Slowbro|52/100 brn|[from] brn
|upkeep
|turn|28
|
|t:|1758316471
|switch|p1a: Scizor|Scizor, F|100/100
|move|p2a: Rillaboom|Wood Hammer|p1a: Scizor
|-resisted|p1a: Scizor
|-damage|p1a: Scizor|70/100
|-damage|p2a: Rillaboom|66/100|[from] Recoil
|
|-heal|p2a: Rillaboom|72/100|[from] Grassy Terrain
|-heal|p1a: Scizor|76/100|[from] Grassy Terrain
|-fieldend|move: Grassy Terrain
|upkeep
|turn|29
|
|t:|1758316485
|switch|p2a: Cinderace|Cinderace, M|13/100
|move|p1a: Scizor|Dual Wingbeat|p2a: Cinderace
|-damage|p2a: Cinderace|0 fnt
|faint|p2a: Cinderace
|-hitcount|p2: Cinderace|1
|
|upkeep
|
|t:|1758316486
|switch|p2a: Okidogi|Okidogi, M|79/100
|turn|30
|
|t:|1758316493
|move|p2a: Okidogi|Bulk Up|p2a: Okidogi
|-boost|p2a: Okidogi|atk|1
|-boost|p2a: Okidogi|def|1
|move|p1a: Scizor|Dual Wingbeat|p2a: Okidogi
|-supereffective|p2a: Okidogi
|-damage|p2a: Okidogi|44/100
|-supereffective|p2a: Okidogi
|-damage|p2a: Okidogi|8/100
|-hitcount|p2a: Okidogi|2
|
|upkeep
|turn|31
|
|t:|1758316502
|move|p2a: Okidogi|Drain Punch|p1a: Scizor
|-damage|p1a: Scizor|24/100
|-heal|p2a: Okidogi|32/100|[from] drain|[of] p1a: Scizor
|move|p1a: Scizor|Dual Wingbeat|p2a: Okidogi
|-supereffective|p2a: Okidogi
|-damage|p2a: Okidogi|0 fnt
|faint|p2a: Okidogi
|-hitcount|p2: Okidogi|1
|
|upkeep
|
|t:|1758316507
|switch|p2a: Rillaboom|Rillaboom, F|72/100
|-fieldstart|move: Grassy Terrain|[from] ability: Grassy Surge|[of] p2a: Rillaboom
|turn|32
|
|t:|1758316516
|switch|p1a: Slowbro|Slowbro, F|85/100 brn
|-terastallize|p2a: Rillaboom|Grass
|move|p2a: Rillaboom|Grassy Glide|p1a: Slowbro
|-supereffective|p1a: Slowbro
|-crit|p1a: Slowbro
|-damage|p1a: Slowbro|0 fnt
|faint|p1a: Slowbro
|
|-heal|p2a: Rillaboom|79/100|[from] Grassy Terrain
|upkeep
|
|t:|1758316527
|switch|p1a: Scizor|Scizor, F|24/100
|turn|33
|l|☆kato k
|inactive|kato k disconnected and has a minute to reconnect!
|player|p2|
|inactive|kato k has 30 seconds to reconnect!
|j|☆kato k
|inactive|kato k reconnected and has 110 seconds left.
|player|p2|kato k|dancer|
|
|t:|1758316569
|move|p2a: Rillaboom|Grassy Glide|p1a: Scizor
|-resisted|p1a: Scizor
|-damage|p1a: Scizor|5/100
|move|p1a: Scizor|Dual Wingbeat|p2a: Rillaboom
|-supereffective|p2a: Rillaboom
|-damage|p2a: Rillaboom|3/100
|-supereffective|p2a: Rillaboom
|-damage|p2a: Rillaboom|0 fnt
|faint|p2a: Rillaboom
|-hitcount|p2: Rillaboom|2
|
|-heal|p1a: Scizor|12/100|[from] Grassy Terrain
|upkeep
|
|t:|1758316573
|switch|p2a: Zamazenta|Zamazenta|100/100
|-ability|p2a: Zamazenta|Dauntless Shield|boost
|-boost|p2a: Zamazenta|def|1
|turn|34
|
|t:|1758316584
|move|p2a: Zamazenta|Body Press|p1a: Scizor
|-damage|p1a: Scizor|0 fnt
|faint|p1a: Scizor
|
|upkeep
|
|t:|1758316588
|switch|p1a: Iron Valiant|Iron Valiant|100/100
|-enditem|p1a: Iron Valiant|Booster Energy
|-activate|p1a: Iron Valiant|ability: Quark Drive|[fromitem]
|-start|p1a: Iron Valiant|quarkdrivespe
|turn|35
|
|t:|1758316595
|move|p1a: Iron Valiant|Moonblast|p2a: Zamazenta
|-supereffective|p2a: Zamazenta
|-damage|p2a: Zamazenta|37/100
|move|p2a: Zamazenta|Iron Defense|p2a: Zamazenta
|-boost|p2a: Zamazenta|def|2
|
|-heal|p2a: Zamazenta|43/100|[from] Grassy Terrain
|-heal|p2a: Zamazenta|49/100|[from] item: Leftovers
|upkeep
|turn|36
|
|t:|1758316603
|move|p1a: Iron Valiant|Moonblast|p2a: Zamazenta
|-supereffective|p2a: Zamazenta
|-damage|p2a: Zamazenta|0 fnt
|faint|p2a: Zamazenta
|
|win|niloswan
|raw|niloswan's rating: 1420 &rarr; <strong>1438</strong><br />(+18 for winning)
|raw|kato k's rating: 1383 &rarr; <strong>1365</strong><br />(-18 for losing)
|l|☆kato k
|player|p2|
|l|☆niloswan
|player|p1|
