|j|☆ho_learner
|j|☆kshuaib734
|t:|1758322066
|gametype|singles
|player|p1|ho_learner|266|1725
|player|p2|kshuaib734|steven|1709
|gen|9
|tier|[Gen 9] OU
|rated|
|rule|HP Percentage Mod: HP is shown in percentages
|rule|Endless Battle Clause: Forcing endless battles is banned
|rule|Species Clause: Limit one of each Pokémon
|rule|OHKO Clause: OHKO moves are banned
|rule|Evasion Items Clause: Evasion items are banned
|rule|Evasion Moves Clause: Evasion moves are banned
|rule|Evasion Abilities Clause: Evasion abilities are banned
|rule|Sleep Moves Clause: Sleep-inducing moves are banned
|clearpoke
|poke|p1|Great Tusk|
|poke|p1|Araquanid, M|
|poke|p1|Iron Moth|
|poke|p1|Gholdengo|
|poke|p1|Dragonite, F|
|poke|p1|Ogerpon-Cornerstone, F|
|poke|p2|Tyranitar, M|
|poke|p2|Overqwil, F|
|poke|p2|Pelipper, F|
|poke|p2|Quaquaval, M|
|poke|p2|Kingdra, F|
|poke|p2|Excadrill, F|
|teampreview
|inactive|Battle timer is ON: inactive players will automatically lose when time's up. (requested by kshuaib734)
|
|t:|1758322084
|teamsize|p1|6
|teamsize|p2|6
|start
|switch|p1a: Ogerpon|Ogerpon-Cornerstone, F|100/100
|switch|p2a: Tyrant's Downpour|Pelipper, F|100/100
|-weather|RainDance|[from] ability: Drizzle|[of] p2a: Tyrant's Downpour
|turn|1
|
|t:|1758322098
|move|p1a: Ogerpon|Low Kick|p2a: Tyrant's Downpour
|-resisted|p2a: Tyrant's Downpour
|-damage|p2a: Tyrant's Downpour|91/100
|move|p2a: Tyrant's Downpour|U-turn|p1a: Ogerpon
|-supereffective|p1a: Ogerpon
|-damage|p1a: Ogerpon|77/100
|
|t:|1758322103
|switch|p2a: Tyrant's Vengeance|Kingdra, F|100/100|[from] U-turn
|
|-weather|RainDance|[upkeep]
|upkeep
|turn|2
|
|t:|1758322110
|switch|p1a: Araquanid|Araquanid, M|100/100
|move|p2a: Tyrant's Vengeance|Hurricane|p1a: Araquanid
|-supereffective|p1a: Araquanid
|-damage|p1a: Araquanid|24/100
|
|-weather|RainDance|[upkeep]
|upkeep
|turn|3
|-enditem|p1a: Araquanid|Custap Berry|[eat]
|-activate|p1a: Araquanid|item: Custap Berry|[consumed]
|
|t:|1758322117
|move|p1a: Araquanid|Sticky Web|p2a: Tyrant's Vengeance
|-sidestart|p2: kshuaib734|move: Sticky Web
|move|p2a: Tyrant's Vengeance|Hurricane|p1a: Araquanid
|-supereffective|p1a: Araquanid
|-damage|p1a: Araquanid|0 fnt
|faint|p1a: Araquanid
|
|-weather|RainDance|[upkeep]
|upkeep
|
|t:|1758322126
|switch|p1a: Gholdengo|Gholdengo|100/100
|-item|p1a: Gholdengo|Air Balloon
|turn|4
|
|t:|1758322148
|switch|p2a: Tyrant's Enforcer|Overqwil, F|100/100
|-activate|p2a: Tyrant's Enforcer|move: Sticky Web
|-unboost|p2a: Tyrant's Enforcer|spe|1
|move|p1a: Gholdengo|Nasty Plot|p1a: Gholdengo
|-boost|p1a: Gholdengo|spa|2
|
|-weather|RainDance|[upkeep]
|upkeep
|turn|5
|
|t:|1758322155
|move|p2a: Tyrant's Enforcer|Crunch|p1a: Gholdengo
|-supereffective|p1a: Gholdengo
|-damage|p1a: Gholdengo|13/100
|-enditem|p1a: Gholdengo|Air Balloon
|move|p1a: Gholdengo|Make It Rain|p2a: Tyrant's Enforcer
|-damage|p2a: Tyrant's Enforcer|0 fnt
|-unboost|p1a: Gholdengo|spa|1
|faint|p2a: Tyrant's Enforcer
|
|-weather|RainDance|[upkeep]
|upkeep
|
|t:|1758322166
|switch|p2a: Tyrant's Vengeance|Kingdra, F|100/100
|-activate|p2a: Tyrant's Vengeance|move: Sticky Web
|-unboost|p2a: Tyrant's Vengeance|spe|1
|turn|6
|
|t:|1758322175
|move|p2a: Tyrant's Vengeance|Flip Turn|p1a: Gholdengo
|-damage|p1a: Gholdengo|0 fnt
|faint|p1a: Gholdengo
|
|t:|1758322192
|switch|p2a: King Tyrant|Tyranitar, M|100/100|[from] Flip Turn
|-activate|p2a: King Tyrant|move: Sticky Web
|-unboost|p2a: King Tyrant|spe|1
|-weather|Sandstorm|[from] ability: Sand Stream|[of] p2a: King Tyrant
|
|-weather|Sandstorm|[upkeep]
|upkeep
|
|t:|1758322203
|switch|p1a: Ogerpon|Ogerpon-Cornerstone, F|77/100
|turn|7
|
|t:|1758322212
|switch|p2a: Tyrant's Legacy|Excadrill, F|100/100
|-activate|p2a: Tyrant's Legacy|move: Sticky Web
|-unboost|p2a: Tyrant's Legacy|spe|1
|move|p1a: Ogerpon|Power Whip|p2a: Tyrant's Legacy
|-damage|p2a: Tyrant's Legacy|0 fnt
|faint|p2a: Tyrant's Legacy
|
|-weather|Sandstorm|[upkeep]
|upkeep
|
|t:|1758322221
|switch|p2a: Tyrant's Downpour|Pelipper, F|91/100
|-weather|RainDance|[from] ability: Drizzle|[of] p2a: Tyrant's Downpour
|turn|8
|j| ign careless
|
|t:|1758322225
|move|p1a: Ogerpon|Ivy Cudgel|p2a: Tyrant's Downpour|[anim] Ivy Cudgel Rock
|-supereffective|p2a: Tyrant's Downpour
|-damage|p2a: Tyrant's Downpour|0 fnt
|faint|p2a: Tyrant's Downpour
|
|-weather|RainDance|[upkeep]
|upkeep
|j| ivo-arg
|
|t:|1758322230
|switch|p2a: Tyrant's Vengeance|Kingdra, F|100/100
|-activate|p2a: Tyrant's Vengeance|move: Sticky Web
|-unboost|p2a: Tyrant's Vengeance|spe|1
|turn|9
|j| Ctannn
|
|t:|1758322251
|switch|p1a: Iron Moth|Iron Moth|100/100
|-enditem|p1a: Iron Moth|Booster Energy
|-activate|p1a: Iron Moth|ability: Quark Drive|[fromitem]
|-start|p1a: Iron Moth|quarkdrivespa
|move|p2a: Tyrant's Vengeance|Weather Ball|p1a: Iron Moth
|-supereffective|p1a: Iron Moth
|-damage|p1a: Iron Moth|0 fnt
|faint|p1a: Iron Moth
|-end|p1a: Iron Moth|Quark Drive|[silent]
|
|-weather|RainDance|[upkeep]
|upkeep
|
|t:|1758322261
|switch|p1a: Dragonite|Dragonite, F|100/100
|turn|10
|
|t:|1758322271
|switch|p2a: King Tyrant|Tyranitar, M|100/100
|-activate|p2a: King Tyrant|move: Sticky Web
|-unboost|p2a: King Tyrant|spe|1
|-weather|Sandstorm|[from] ability: Sand Stream|[of] p2a: King Tyrant
|move|p1a: Dragonite|Dragon Dance|p1a: Dragonite
|-boost|p1a: Dragonite|atk|1
|-boost|p1a: Dragonite|spe|1
|
|-weather|Sandstorm|[upkeep]
|-damage|p1a: Dragonite|94/100|[from] Sandstorm
|upkeep
|turn|11
|
|t:|1758322283
|-terastallize|p1a: Dragonite|Normal
|move|p1a: Dragonite|Earthquake|p2a: King Tyrant
|-supereffective|p2a: King Tyrant
|-damage|p2a: King Tyrant|20/100
|-enditem|p2a: King Tyrant|Weakness Policy
|-boost|p2a: King Tyrant|atk|2|[from] item: Weakness Policy
|-boost|p2a: King Tyrant|spa|2|[from] item: Weakness Policy
|move|p2a: King Tyrant|Ice Beam|p1a: Dragonite
|-damage|p1a: Dragonite|37/100
|
|-weather|Sandstorm|[upkeep]
|-damage|p1a: Dragonite|31/100|[from] Sandstorm
|upkeep
|turn|12
|l| ivo-arg
|
|t:|1758322294
|move|p1a: Dragonite|Earthquake|p2a: King Tyrant
|-supereffective|p2a: King Tyrant
|-damage|p2a: King Tyrant|0 fnt
|faint|p2a: King Tyrant
|
|-weather|Sandstorm|[upkeep]
|-damage|p1a: Dragonite|25/100|[from] Sandstorm
|upkeep
|inactive|kshuaib734 has 120 seconds left.
|
|t:|1758322322
|switch|p2a: Tyrant's Endgame|Quaquaval, M|100/100
|-activate|p2a: Tyrant's Endgame|move: Sticky Web
|-unboost|p2a: Tyrant's Endgame|spe|1
|turn|13
|
|t:|1758322329
|move|p1a: Dragonite|Extreme Speed|p2a: Tyrant's Endgame
|-damage|p2a: Tyrant's Endgame|6/100
|move|p2a: Tyrant's Endgame|Aqua Jet|p1a: Dragonite
|-damage|p1a: Dragonite|0 fnt
|faint|p1a: Dragonite
|-ability|p2a: Tyrant's Endgame|Moxie|boost
|-boost|p2a: Tyrant's Endgame|atk|1
|-damage|p2a: Tyrant's Endgame|0 fnt|[from] item: Life Orb
|faint|p2a: Tyrant's Endgame
|
|-weather|Sandstorm|[upkeep]
|upkeep
|inactive|kshuaib734 has 120 seconds left.
|
|t:|1758322339
|switch|p2a: Tyrant's Vengeance|Kingdra, F|100/100
|switch|p1a: Ogerpon|Ogerpon-Cornerstone, F|77/100
|-activate|p2a: Tyrant's Vengeance|move: Sticky Web
|-unboost|p2a: Tyrant's Vengeance|spe|1
|turn|14
|c|☆ho_learner|gg
|inactive|kshuaib734 has 120 seconds left.
|l| ign careless
|j| ign careless
|l| ign careless
|
|t:|1758322372
|move|p1a: Ogerpon|Ivy Cudgel|p2a: Tyrant's Vengeance|[anim] Ivy Cudgel Rock
|-damage|p2a: Tyrant's Vengeance|26/100
|move|p2a: Tyrant's Vengeance|Draco Meteor|p1a: Ogerpon
|-damage|p1a: Ogerpon|6/100
|-unboost|p2a: Tyrant's Vengeance|spa|2
|
|-weather|none
|upkeep
|turn|15
|c|☆kshuaib734|gg
|
|t:|1758322379
|move|p1a: Ogerpon|Ivy Cudgel|p2a: Tyrant's Vengeance|[anim] Ivy Cudgel Rock
|-damage|p2a: Tyrant's Vengeance|0 fnt
|faint|p2a: Tyrant's Vengeance
|
|win|ho_learner
|raw|ho_learner's rating: 1725 &rarr; <strong>1744</strong><br />(+19 for winning)
|raw|kshuaib734's rating: 1709 &rarr; <strong>1690</strong><br />(-19 for losing)
|l|☆ho_learner
|player|p1|
|l|☆kshuaib734
|player|p2|
