|j|☆slowbro named paul
|j|☆aaron200589
|t:|1758274999
|gametype|singles
|player|p1|slowbro named paul|skierf|1336
|player|p2|aaron200589|giovanni|1313
|gen|9
|tier|[Gen 9] OU
|rated|
|rule|HP Percentage Mod: HP is shown in percentages
|rule|Endless Battle Clause: Forcing endless battles is banned
|rule|Species Clause: Limit one of each Pokémon
|rule|OHKO Clause: OHKO moves are banned
|rule|Evasion Items Clause: Evasion items are banned
|rule|Evasion Moves Clause: Evasion moves are banned
|rule|Evasion Abilities Clause: Evasion abilities are banned
|rule|Sleep Moves Clause: Sleep-inducing moves are banned
|clearpoke
|poke|p1|Garchomp, F|
|poke|p1|Sinistcha|
|poke|p1|Slowking-Galar, M|
|poke|p1|Manaphy|
|poke|p1|Comfey, M|
|poke|p1|Probopass, F|
|poke|p2|Alomomola, F|
|poke|p2|Torkoal, F|
|poke|p2|Walking Wake|
|poke|p2|Great Tusk|
|poke|p2|Leafeon, F|
|poke|p2|Skeledirge, M|
|teampreview
|inactive|Battle timer is ON: inactive players will automatically lose when time's up. (requested by slowbro named paul)
|
|t:|1758275028
|teamsize|p1|6
|teamsize|p2|6
|start
|switch|p1a: Sharknado|Garchomp, F|100/100
|switch|p2a: Torkoal|Torkoal, F|100/100
|-weather|SunnyDay|[from] ability: Drought|[of] p2a: Torkoal
|turn|1
|
|t:|1758275037
|move|p1a: Sharknado|Stealth Rock|p2a: Torkoal
|-sidestart|p2: aaron200589|move: Stealth Rock
|move|p2a: Torkoal|Will-O-Wisp|p1a: Sharknado
|-status|p1a: Sharknado|brn
|
|-weather|SunnyDay|[upkeep]
|-damage|p1a: Sharknado|94/100 brn|[from] brn
|upkeep
|turn|2
|
|t:|1758275045
|move|p1a: Sharknado|Spikes|p2a: Torkoal
|-sidestart|p2: aaron200589|Spikes
|move|p2a: Torkoal|Rapid Spin|p1a: Sharknado
|-damage|p1a: Sharknado|88/100 brn
|-boost|p2a: Torkoal|spe|1
|-damage|p2a: Torkoal|88/100|[from] ability: Rough Skin|[of] p1a: Sharknado
|-damage|p2a: Torkoal|71/100|[from] item: Rocky Helmet|[of] p1a: Sharknado
|-sideend|p2: aaron200589|Spikes|[from] move: Rapid Spin|[of] p2a: Torkoal
|-sideend|p2: aaron200589|Stealth Rock|[from] move: Rapid Spin|[of] p2a: Torkoal
|
|-weather|SunnyDay|[upkeep]
|-damage|p1a: Sharknado|82/100 brn|[from] brn
|upkeep
|turn|3
|
|t:|1758275058
|move|p1a: Sharknado|Stealth Rock|p2a: Torkoal
|-sidestart|p2: aaron200589|move: Stealth Rock
|move|p2a: Torkoal|Shell Smash|p2a: Torkoal
|-unboost|p2a: Torkoal|def|1
|-unboost|p2a: Torkoal|spd|1
|-boost|p2a: Torkoal|atk|2
|-boost|p2a: Torkoal|spa|2
|-boost|p2a: Torkoal|spe|2
|-enditem|p2a: Torkoal|Eject Pack
|
|t:|1758275066
|switch|p2a: Leafeon|Leafeon, F|100/100
|-damage|p2a: Leafeon|88/100|[from] Stealth Rock
|
|-weather|SunnyDay|[upkeep]
|-damage|p1a: Sharknado|76/100 brn|[from] brn
|upkeep
|turn|4
|
|t:|1758275075
|-terastallize|p1a: Sharknado|Ghost
|move|p2a: Leafeon|Copycat|p2a: Leafeon
|move|p2a: Leafeon|Shell Smash|p2a: Leafeon|[from] move: Copycat
|-unboost|p2a: Leafeon|def|1
|-unboost|p2a: Leafeon|spd|1
|-boost|p2a: Leafeon|atk|2
|-boost|p2a: Leafeon|spa|2
|-boost|p2a: Leafeon|spe|2
|-enditem|p2a: Leafeon|White Herb
|-clearnegativeboost|p2a: Leafeon|[silent]
|move|p1a: Sharknado|Dragon Tail|p2a: Leafeon
|-damage|p2a: Leafeon|74/100
|drag|p2a: Great Tusk|Great Tusk|100/100
|-activate|p2a: Great Tusk|ability: Protosynthesis
|-start|p2a: Great Tusk|protosynthesisspe
|
|-weather|SunnyDay|[upkeep]
|-damage|p1a: Sharknado|70/100 brn|[from] brn
|upkeep
|turn|5
|
|t:|1758275093
|move|p2a: Great Tusk|Knock Off|p1a: Sharknado
|-supereffective|p1a: Sharknado
|-damage|p1a: Sharknado|38/100 brn
|-damage|p2a: Great Tusk|88/100|[from] ability: Rough Skin|[of] p1a: Sharknado
|-damage|p2a: Great Tusk|71/100|[from] item: Rocky Helmet|[of] p1a: Sharknado
|-enditem|p1a: Sharknado|Rocky Helmet|[from] move: Knock Off|[of] p2a: Great Tusk
|move|p1a: Sharknado|Spikes|p2a: Great Tusk
|-sidestart|p2: aaron200589|Spikes
|
|-weather|none
|-end|p2a: Great Tusk|Protosynthesis
|-damage|p1a: Sharknado|32/100 brn|[from] brn
|upkeep
|turn|6
|
|t:|1758275105
|move|p2a: Great Tusk|Headlong Rush|p1a: Sharknado
|-damage|p1a: Sharknado|1/100 brn
|-unboost|p2a: Great Tusk|def|1
|-unboost|p2a: Great Tusk|spd|1
|-damage|p2a: Great Tusk|59/100|[from] ability: Rough Skin|[of] p1a: Sharknado
|move|p1a: Sharknado|Earthquake|p2a: Great Tusk
|-damage|p2a: Great Tusk|38/100
|
|-damage|p1a: Sharknado|0 fnt|[from] brn
|faint|p1a: Sharknado
|upkeep
|
|t:|1758275108
|switch|p1a: Uncle Iroh|Sinistcha|100/100
|turn|7
|
|t:|1758275122
|move|p2a: Great Tusk|Knock Off|p1a: Uncle Iroh
|-supereffective|p1a: Uncle Iroh
|-damage|p1a: Uncle Iroh|63/100
|-enditem|p1a: Uncle Iroh|Leftovers|[from] move: Knock Off|[of] p2a: Great Tusk
|move|p1a: Uncle Iroh|Calm Mind|p1a: Uncle Iroh
|-boost|p1a: Uncle Iroh|spa|1
|-boost|p1a: Uncle Iroh|spd|1
|
|upkeep
|turn|8
|
|t:|1758275136
|-end|p2a: Great Tusk|Protosynthesis|[silent]
|switch|p2a: Skeledirge|Skeledirge, M|100/100
|move|p1a: Uncle Iroh|Strength Sap|p2a: Skeledirge
|-unboost|p2a: Skeledirge|atk|1
|-heal|p1a: Uncle Iroh|100/100
|
|upkeep
|turn|9
|
|t:|1758275144
|move|p1a: Uncle Iroh|Shadow Ball|p2a: Skeledirge
|-supereffective|p2a: Skeledirge
|-damage|p2a: Skeledirge|31/100
|move|p2a: Skeledirge|Torch Song|p1a: Uncle Iroh
|-supereffective|p1a: Uncle Iroh
|-damage|p1a: Uncle Iroh|67/100
|-boost|p2a: Skeledirge|spa|1
|
|upkeep
|turn|10
|
|t:|1758275156
|switch|p2a: Torkoal|Torkoal, F|71/100
|-damage|p2a: Torkoal|46/100|[from] Stealth Rock
|-damage|p2a: Torkoal|34/100|[from] Spikes
|-weather|SunnyDay|[from] ability: Drought|[of] p2a: Torkoal
|move|p1a: Uncle Iroh|Shadow Ball|p2a: Torkoal
|-damage|p2a: Torkoal|0 fnt
|faint|p2a: Torkoal
|
|-weather|SunnyDay|[upkeep]
|upkeep
|
|t:|1758275171
|switch|p2a: Walking Wake|Walking Wake|100/100
|-damage|p2a: Walking Wake|88/100|[from] Stealth Rock
|-damage|p2a: Walking Wake|76/100|[from] Spikes
|-activate|p2a: Walking Wake|ability: Protosynthesis
|-start|p2a: Walking Wake|protosynthesisspe
|turn|11
|
|t:|1758275185
|move|p2a: Walking Wake|Flamethrower|p1a: Uncle Iroh
|-supereffective|p1a: Uncle Iroh
|-damage|p1a: Uncle Iroh|33/100
|move|p1a: Uncle Iroh|Matcha Gotcha|p2a: Walking Wake
|-damage|p2a: Walking Wake|20/100
|-heal|p1a: Uncle Iroh|60/100|[from] drain|[of] p2a: Walking Wake
|
|-weather|SunnyDay|[upkeep]
|upkeep
|turn|12
|
|t:|1758275195
|move|p2a: Walking Wake|Flamethrower|p1a: Uncle Iroh
|-supereffective|p1a: Uncle Iroh
|-damage|p1a: Uncle Iroh|23/100
|move|p1a: Uncle Iroh|Strength Sap|p2a: Walking Wake
|-unboost|p2a: Walking Wake|atk|1
|-heal|p1a: Uncle Iroh|76/100
|
|-weather|SunnyDay|[upkeep]
|upkeep
|turn|13
|
|t:|1758275204
|move|p2a: Walking Wake|Flamethrower|p1a: Uncle Iroh
|-supereffective|p1a: Uncle Iroh
|-damage|p1a: Uncle Iroh|37/100
|move|p1a: Uncle Iroh|Matcha Gotcha|p2a: Walking Wake
|-damage|p2a: Walking Wake|0 fnt
|-heal|p1a: Uncle Iroh|47/100|[from] drain|[of] p2a: Walking Wake
|faint|p2a: Walking Wake
|-end|p2a: Walking Wake|Protosynthesis|[silent]
|
|-weather|SunnyDay|[upkeep]
|upkeep
|
|t:|1758275216
|switch|p2a: Alomomola|Alomomola, F|100/100
|turn|14
|
|t:|1758275220
|move|p1a: Uncle Iroh|Matcha Gotcha|p2a: Alomomola|[miss]
|-miss|p1a: Uncle Iroh|p2a: Alomomola
|move|p2a: Alomomola|Wish|p2a: Alomomola
|
|-weather|none
|upkeep
|turn|15
|
|t:|1758275229
|switch|p2a: Skeledirge|Skeledirge, M|31/100
|move|p1a: Uncle Iroh|Strength Sap|p2a: Skeledirge
|-unboost|p2a: Skeledirge|atk|1
|-heal|p1a: Uncle Iroh|87/100
|
|-heal|p2a: Skeledirge|95/100|[from] move: Wish|[wisher] Alomomola
|upkeep
|turn|16
|
|t:|1758275243
|-terastallize|p2a: Skeledirge|Fairy
|move|p1a: Uncle Iroh|Shadow Ball|p2a: Skeledirge
|-damage|p2a: Skeledirge|59/100
|move|p2a: Skeledirge|Torch Song|p1a: Uncle Iroh
|-supereffective|p1a: Uncle Iroh
|-damage|p1a: Uncle Iroh|55/100
|-boost|p2a: Skeledirge|spa|1
|
|upkeep
|turn|17
|
|t:|1758275253
|move|p1a: Uncle Iroh|Matcha Gotcha|p2a: Skeledirge
|-damage|p2a: Skeledirge|25/100
|-heal|p1a: Uncle Iroh|75/100|[from] drain|[of] p2a: Skeledirge
|-status|p2a: Skeledirge|brn
|move|p2a: Skeledirge|Slack Off|p2a: Skeledirge
|-heal|p2a: Skeledirge|75/100 brn
|
|-damage|p2a: Skeledirge|68/100 brn|[from] brn
|upkeep
|turn|18
|
|t:|1758275264
|switch|p1a: Sniffles|Probopass, F|100/100
|move|p2a: Skeledirge|Slack Off|p2a: Skeledirge
|-heal|p2a: Skeledirge|100/100 brn
|
|-damage|p2a: Skeledirge|94/100 brn|[from] brn
|upkeep
|turn|19
|
|t:|1758275273
|move|p2a: Skeledirge|Torch Song|p1a: Sniffles
|-damage|p1a: Sniffles|79/100
|-boost|p2a: Skeledirge|spa|1
|move|p1a: Sniffles|Flash Cannon|p2a: Skeledirge
|-supereffective|p2a: Skeledirge
|-damage|p2a: Skeledirge|30/100 brn
|
|-damage|p2a: Skeledirge|24/100 brn|[from] brn
|upkeep
|turn|20
|
|t:|1758275283
|move|p2a: Skeledirge|Slack Off|p2a: Skeledirge
|-heal|p2a: Skeledirge|74/100 brn
|move|p1a: Sniffles|Flash Cannon|p2a: Skeledirge
|-supereffective|p2a: Skeledirge
|-damage|p2a: Skeledirge|9/100 brn
|
|-damage|p2a: Skeledirge|3/100 brn|[from] brn
|upkeep
|turn|21
|-message|aaron200589 forfeited.
|
|win|slowbro named paul
|raw|slowbro named paul's rating: 1336 &rarr; <strong>1355</strong><br />(+19 for winning)
|raw|aaron200589's rating: 1313 &rarr; <strong>1294</strong><br />(-19 for losing)
|l|☆aaron200589
|player|p2|
|l|☆slowbro named paul
|player|p1|
