|j|☆itoshiflwr
|j|☆anewajou
|t:|1758294673
|gametype|singles
|player|p1|itoshiflwr|burnet|1424
|player|p2|anewajou|265|1442
|gen|9
|tier|[Gen 9] OU
|rated|
|rule|HP Percentage Mod: HP is shown in percentages
|rule|Endless Battle Clause: Forcing endless battles is banned
|rule|Species Clause: Limit one of each Pokémon
|rule|OHKO Clause: OHKO moves are banned
|rule|Evasion Items Clause: Evasion items are banned
|rule|Evasion Moves Clause: Evasion moves are banned
|rule|Evasion Abilities Clause: Evasion abilities are banned
|rule|Sleep Moves Clause: Sleep-inducing moves are banned
|clearpoke
|poke|p1|Dragapult, M|
|poke|p1|Glastrier|
|poke|p1|Tinkaton, F|
|poke|p1|Ting-Lu|
|poke|p1|Iron Hands|
|poke|p1|Moltres|
|poke|p2|Gardevoir, F|
|poke|p2|Tornadus-Therian, M|
|poke|p2|Goodra-Hisui, F|
|poke|p2|Ursaluna, F|
|poke|p2|Weezing-Galar, M|
|poke|p2|Chandelure, F|
|teampreview
|
|t:|1758294702
|teamsize|p1|6
|teamsize|p2|6
|start
|switch|p1a: Dragapult|Dragapult, M|100/100
|switch|p2a: Goodra|Goodra-Hisui, F|100/100
|turn|1
|
|t:|1758294706
|move|p1a: Dragapult|U-turn|p2a: Goodra
|-resisted|p2a: Goodra
|-damage|p2a: Goodra|92/100
|
|t:|1758294707
|switch|p1a: Ting-Lu|Ting-Lu|100/100|[from] U-turn
|-ability|p1a: Ting-Lu|Vessel of Ruin
|move|p2a: Goodra|Knock Off|p1a: Ting-Lu
|-resisted|p1a: Ting-Lu
|-damage|p1a: Ting-Lu|93/100
|-enditem|p1a: Ting-Lu|Leftovers|[from] move: Knock Off|[of] p2a: Goodra
|
|upkeep
|turn|2
|
|t:|1758294713
|switch|p2a: Weezing|Weezing-Galar, M|100/100
|move|p1a: Ting-Lu|Spikes|p2a: Weezing
|-sidestart|p2: anewajou|Spikes
|
|upkeep
|turn|3
|
|t:|1758294721
|switch|p1a: Moltres|Moltres|100/100
|move|p2a: Weezing|Toxic Spikes|p1a: Moltres
|-sidestart|p1: itoshiflwr|move: Toxic Spikes
|
|upkeep
|turn|4
|
|t:|1758294758
|switch|p2a: Tornadus|Tornadus-Therian, M|100/100
|move|p1a: Moltres|Flamethrower|p2a: Tornadus
|-damage|p2a: Tornadus|78/100
|
|upkeep
|turn|5
|inactive|Battle timer is ON: inactive players will automatically lose when time's up. (requested by itoshiflwr)
|
|t:|1758294801
|move|p2a: Tornadus|Knock Off|p1a: Moltres
|-damage|p1a: Moltres|87/100
|-enditem|p1a: Moltres|Heavy-Duty Boots|[from] move: Knock Off|[of] p2a: Tornadus
|move|p1a: Moltres|U-turn|p2a: Tornadus
|-resisted|p2a: Tornadus
|-damage|p2a: Tornadus|69/100
|
|t:|1758294808
|switch|p1a: Iron Hands|Iron Hands|100/100|[from] U-turn
|
|upkeep
|turn|6
|
|t:|1758294814
|move|p2a: Tornadus|U-turn|p1a: Iron Hands
|-resisted|p1a: Iron Hands
|-damage|p1a: Iron Hands|96/100
|
|t:|1758294816
|switch|p2a: Ursaluna|Ursaluna, F|100/100|[from] U-turn
|-damage|p2a: Ursaluna|88/100|[from] Spikes
|move|p1a: Iron Hands|Swords Dance|p1a: Iron Hands
|-boost|p1a: Iron Hands|atk|2
|
|upkeep
|turn|7
|
|t:|1758294820
|switch|p2a: Weezing|Weezing-Galar, M|100/100
|move|p1a: Iron Hands|Drain Punch|p2a: Weezing
|-resisted|p2a: Weezing
|-damage|p2a: Weezing|84/100
|-heal|p1a: Iron Hands|100/100|[from] drain|[of] p2a: Weezing
|-damage|p1a: Iron Hands|84/100|[from] item: Rocky Helmet|[of] p2a: Weezing
|
|upkeep
|turn|8
|
|t:|1758294834
|-end|p1a: Iron Hands|Quark Drive|[silent]
|switch|p1a: Moltres|Moltres|87/100
|move|p2a: Weezing|Flamethrower|p1a: Moltres
|-resisted|p1a: Moltres
|-damage|p1a: Moltres|76/100
|
|upkeep
|turn|9
|
|t:|1758294845
|move|p1a: Moltres|Flamethrower|p2a: Weezing
|-damage|p2a: Weezing|42/100
|move|p2a: Weezing|Defog|p1a: Moltres
|-unboost|p1a: Moltres|evasion|1
|-sideend|p1: itoshiflwr|Toxic Spikes|[from] move: Defog|[of] p2a: Weezing
|-sideend|p2: anewajou|Spikes|[from] move: Defog|[of] p2a: Weezing
|
|upkeep
|turn|10
|
|t:|1758294874
|switch|p2a: Chandelure|Chandelure, F|100/100
|move|p1a: Moltres|Flamethrower|p2a: Chandelure
|-start|p2a: Chandelure|ability: Flash Fire
|
|upkeep
|turn|11
|inactive|anewajou has 120 seconds left.
|
|t:|1758294905
|move|p2a: Chandelure|Flamethrower|p1a: Moltres
|-resisted|p1a: Moltres
|-damage|p1a: Moltres|38/100
|move|p1a: Moltres|U-turn|p2a: Chandelure
|-resisted|p2a: Chandelure
|-damage|p2a: Chandelure|95/100
|
|t:|1758294915
|switch|p1a: Ting-Lu|Ting-Lu|93/100|[from] U-turn
|-ability|p1a: Ting-Lu|Vessel of Ruin
|
|upkeep
|turn|12
|
|t:|1758294919
|move|p2a: Chandelure|Flamethrower|p1a: Ting-Lu
|-damage|p1a: Ting-Lu|60/100
|move|p1a: Ting-Lu|Spikes|p2a: Chandelure
|-sidestart|p2: anewajou|Spikes
|
|upkeep
|turn|13
|
|t:|1758294923
|-end|p2a: Chandelure|ability: Flash Fire|[silent]
|switch|p2a: Weezing|Weezing-Galar, M|42/100
|move|p1a: Ting-Lu|Ruination|p2a: Weezing
|-damage|p2a: Weezing|22/100
|
|upkeep
|turn|14
|
|t:|1758294929
|switch|p1a: Tinkaton|Tinkaton, F|100/100
|-item|p1a: Tinkaton|Air Balloon
|move|p2a: Weezing|Pain Split|p1a: Tinkaton
|-sethp|p1a: Tinkaton|60/100|[from] move: Pain Split|[silent]
|-sethp|p2a: Weezing|68/100|[from] move: Pain Split
|
|upkeep
|turn|15
|
|t:|1758294935
|switch|p2a: Chandelure|Chandelure, F|95/100
|-damage|p2a: Chandelure|83/100|[from] Spikes
|move|p1a: Tinkaton|Gigaton Hammer|p2a: Chandelure
|-resisted|p2a: Chandelure
|-damage|p2a: Chandelure|50/100
|
|upkeep
|turn|16
|
|t:|1758294942
|switch|p1a: Ting-Lu|Ting-Lu|60/100
|-ability|p1a: Ting-Lu|Vessel of Ruin
|move|p2a: Chandelure|Flamethrower|p1a: Ting-Lu
|-damage|p1a: Ting-Lu|40/100
|
|upkeep
|turn|17
|
|t:|1758294948
|switch|p2a: Weezing|Weezing-Galar, M|68/100
|move|p1a: Ting-Lu|Ruination|p2a: Weezing
|-damage|p2a: Weezing|34/100
|
|upkeep
|turn|18
|
|t:|1758294962
|switch|p1a: Moltres|Moltres|38/100
|move|p2a: Weezing|Defog|p1a: Moltres
|-unboost|p1a: Moltres|evasion|1
|-sideend|p2: anewajou|Spikes|[from] move: Defog|[of] p2a: Weezing
|
|upkeep
|turn|19
|
|t:|1758294969
|switch|p2a: Tornadus|Tornadus-Therian, M|100/100
|move|p1a: Moltres|Roost|p1a: Moltres
|-heal|p1a: Moltres|88/100
|-singleturn|p1a: Moltres|move: Roost
|
|upkeep
|turn|20
|inactive|itoshiflwr has 120 seconds left.
|
|t:|1758295002
|move|p2a: Tornadus|Bleakwind Storm|p1a: Moltres
|-damage|p1a: Moltres|50/100
|move|p1a: Moltres|Flamethrower|p2a: Tornadus
|-damage|p2a: Tornadus|75/100
|-status|p2a: Tornadus|brn
|
|-damage|p2a: Tornadus|69/100 brn|[from] brn
|upkeep
|turn|21
|inactive|anewajou has 120 seconds left.
|
|t:|1758295054
|move|p2a: Tornadus|U-turn|p1a: Moltres
|-resisted|p1a: Moltres
|-damage|p1a: Moltres|49/100
|
|t:|1758295055
|switch|p2a: Weezing|Weezing-Galar, M|34/100|[from] U-turn
|move|p1a: Moltres|Roost|p1a: Moltres
|-heal|p1a: Moltres|99/100
|-singleturn|p1a: Moltres|move: Roost
|
|upkeep
|turn|22
|inactive|itoshiflwr has 120 seconds left.
|
|t:|1758295094
|switch|p2a: Chandelure|Chandelure, F|50/100
|move|p1a: Moltres|Flamethrower|p2a: Chandelure
|-start|p2a: Chandelure|ability: Flash Fire
|
|upkeep
|turn|23
|
|t:|1758295114
|move|p2a: Chandelure|Flamethrower|p1a: Moltres
|-resisted|p1a: Moltres
|-damage|p1a: Moltres|57/100
|move|p1a: Moltres|U-turn|p2a: Chandelure
|-resisted|p2a: Chandelure
|-damage|p2a: Chandelure|44/100
|
|t:|1758295124
|switch|p1a: Dragapult|Dragapult, M|100/100|[from] U-turn
|
|upkeep
|turn|24
|
|t:|1758295128
|move|p2a: Chandelure|Flamethrower|p1a: Dragapult
|-resisted|p1a: Dragapult
|-damage|p1a: Dragapult|45/100
|move|p1a: Dragapult|Draco Meteor|p2a: Chandelure|[miss]
|-miss|p1a: Dragapult|p2a: Chandelure
|
|upkeep
|turn|25
|
|t:|1758295137
|switch|p1a: Moltres|Moltres|57/100
|move|p2a: Chandelure|Flamethrower|p1a: Moltres
|-resisted|p1a: Moltres
|-damage|p1a: Moltres|16/100
|
|upkeep
|turn|26
|
|t:|1758295141
|move|p2a: Chandelure|Flamethrower|p1a: Moltres
|-resisted|p1a: Moltres
|-damage|p1a: Moltres|0 fnt
|faint|p1a: Moltres
|
|upkeep
|
|t:|1758295145
|switch|p1a: Ting-Lu|Ting-Lu|40/100
|-ability|p1a: Ting-Lu|Vessel of Ruin
|turn|27
|
|t:|1758295152
|move|p2a: Chandelure|Flamethrower|p1a: Ting-Lu
|-damage|p1a: Ting-Lu|8/100
|move|p1a: Ting-Lu|Earthquake|p2a: Chandelure
|-supereffective|p2a: Chandelure
|-damage|p2a: Chandelure|0 fnt
|faint|p2a: Chandelure
|
|upkeep
|
|t:|1758295161
|switch|p2a: Gardevoir|Gardevoir, F|100/100
|-ability|p2a: Gardevoir|Vessel of Ruin|Trace|[from] ability: Trace|[of] p1a: Ting-Lu
|-ability|p2a: Gardevoir|Vessel of Ruin
|turn|28
|
|t:|1758295165
|move|p2a: Gardevoir|Moonblast|p1a: Ting-Lu
|-supereffective|p1a: Ting-Lu
|-damage|p1a: Ting-Lu|0 fnt
|faint|p1a: Ting-Lu
|
|upkeep
|
|t:|1758295166
|switch|p1a: Tinkaton|Tinkaton, F|60/100
|-item|p1a: Tinkaton|Air Balloon
|turn|29
|
|t:|1758295175
|switch|p2a: Weezing|Weezing-Galar, M|34/100
|move|p1a: Tinkaton|Stealth Rock|p2a: Weezing
|-sidestart|p2: anewajou|move: Stealth Rock
|
|upkeep
|turn|30
|
|t:|1758295181
|switch|p2a: Tornadus|Tornadus-Therian, M|100/100 brn
|-damage|p2a: Tornadus|75/100 brn|[from] Stealth Rock
|move|p1a: Tinkaton|Gigaton Hammer|p2a: Tornadus
|-damage|p2a: Tornadus|27/100 brn
|
|-damage|p2a: Tornadus|21/100 brn|[from] brn
|upkeep
|turn|31
|
|t:|1758295187
|move|p2a: Tornadus|U-turn|p1a: Tinkaton
|-resisted|p1a: Tinkaton
|-damage|p1a: Tinkaton|58/100
|-enditem|p1a: Tinkaton|Air Balloon
|-enditem|p2a: Tornadus|Assault Vest|[silent]|[from] ability: Pickpocket|[of] p2a: Tornadus
|-item|p1a: Tinkaton|Assault Vest|[from] ability: Pickpocket|[of] p2a: Tornadus
|
|t:|1758295192
|switch|p2a: Goodra|Goodra-Hisui, F|92/100|[from] U-turn
|-damage|p2a: Goodra|86/100|[from] Stealth Rock
|move|p1a: Tinkaton|Knock Off|p2a: Goodra
|-damage|p2a: Goodra|71/100
|-enditem|p2a: Goodra|Assault Vest|[from] move: Knock Off|[of] p1a: Tinkaton
|
|upkeep
|turn|32
|
|t:|1758295203
|switch|p1a: Iron Hands|Iron Hands|84/100
|move|p2a: Goodra|Dragon Tail|p1a: Iron Hands
|-damage|p1a: Iron Hands|68/100
|-end|p1a: Iron Hands|Quark Drive|[silent]
|drag|p1a: Tinkaton|Tinkaton, F|58/100
|
|upkeep
|turn|33
|
|t:|1758295219
|switch|p1a: Iron Hands|Iron Hands|68/100
|move|p2a: Goodra|Earthquake|p1a: Iron Hands
|-supereffective|p1a: Iron Hands
|-damage|p1a: Iron Hands|31/100
|
|upkeep
|turn|34
|
|t:|1758295223
|move|p1a: Iron Hands|Drain Punch|p2a: Goodra
|-supereffective|p2a: Goodra
|-damage|p2a: Goodra|0 fnt
|-heal|p1a: Iron Hands|58/100|[from] drain|[of] p2a: Goodra
|faint|p2a: Goodra
|
|upkeep
|
|t:|1758295231
|switch|p2a: Weezing|Weezing-Galar, M|34/100
|-damage|p2a: Weezing|22/100|[from] Stealth Rock
|turn|35
|
|t:|1758295239
|move|p1a: Iron Hands|Thunder Punch|p2a: Weezing
|-damage|p2a: Weezing|0 fnt
|-damage|p1a: Iron Hands|41/100|[from] item: Rocky Helmet|[of] p2a: Weezing
|faint|p2a: Weezing
|
|upkeep
|
|t:|1758295244
|switch|p2a: Gardevoir|Gardevoir, F|100/100
|-damage|p2a: Gardevoir|88/100|[from] Stealth Rock
|turn|36
|
|t:|1758295255
|-end|p1a: Iron Hands|Quark Drive|[silent]
|switch|p1a: Tinkaton|Tinkaton, F|58/100
|-ability|p2a: Gardevoir|Pickpocket|Trace|[from] ability: Trace|[of] p1a: Tinkaton
|move|p2a: Gardevoir|Moonblast|p1a: Tinkaton
|-resisted|p1a: Tinkaton
|-damage|p1a: Tinkaton|44/100
|
|upkeep
|turn|37
|
|t:|1758295260
|switch|p2a: Ursaluna|Ursaluna, F|88/100
|-damage|p2a: Ursaluna|82/100|[from] Stealth Rock
|move|p1a: Tinkaton|Gigaton Hammer|p2a: Ursaluna
|-damage|p2a: Ursaluna|51/100
|
|upkeep
|turn|38
|
|t:|1758295276
|switch|p1a: Dragapult|Dragapult, M|45/100
|move|p2a: Ursaluna|Drain Punch|p1a: Dragapult
|-immune|p1a: Dragapult
|
|upkeep
|turn|39
|
|t:|1758295279
|switch|p2a: Gardevoir|Gardevoir, F|88/100
|-damage|p2a: Gardevoir|76/100|[from] Stealth Rock
|-ability|p2a: Gardevoir|Infiltrator|Trace|[from] ability: Trace|[of] p1a: Dragapult
|move|p1a: Dragapult|Draco Meteor|p2a: Gardevoir
|-immune|p2a: Gardevoir
|
|upkeep
|turn|40
|
|t:|1758295285
|move|p2a: Gardevoir|Moonblast|p1a: Dragapult
|-supereffective|p1a: Dragapult
|-damage|p1a: Dragapult|0 fnt
|faint|p1a: Dragapult
|
|upkeep
|
|t:|1758295288
|switch|p1a: Glastrier|Glastrier|100/100
|turn|41
|
|t:|1758295294
|move|p2a: Gardevoir|Moonblast|p1a: Glastrier
|-damage|p1a: Glastrier|57/100
|move|p1a: Glastrier|Icicle Crash|p2a: Gardevoir
|-damage|p2a: Gardevoir|0 fnt
|faint|p2a: Gardevoir
|-ability|p1a: Glastrier|Chilling Neigh|boost
|-boost|p1a: Glastrier|atk|1
|
|upkeep
|
|t:|1758295298
|switch|p2a: Ursaluna|Ursaluna, F|51/100
|-damage|p2a: Ursaluna|45/100|[from] Stealth Rock
|turn|42
|
|t:|1758295307
|-terastallize|p2a: Ursaluna|Ghost
|move|p1a: Glastrier|Icicle Crash|p2a: Ursaluna
|-damage|p2a: Ursaluna|0 fnt
|faint|p2a: Ursaluna
|-ability|p1a: Glastrier|Chilling Neigh|boost
|-boost|p1a: Glastrier|atk|1
|
|upkeep
|-message|anewajou forfeited.
|
|win|itoshiflwr
|raw|itoshiflwr's rating: 1424 &rarr; <strong>1445</strong><br />(+21 for winning)
|raw|anewajou's rating: 1442 &rarr; <strong>1421</strong><br />(-21 for losing)
|l|☆anewajou
|player|p2|
|l|☆itoshiflwr
|player|p1|
