|j|☆Juggperc1
|j|☆scarfwake
|t:|1758361461
|gametype|singles
|player|p1|Juggperc1|camper|1424
|player|p2|scarfwake|miku-flying|1465
|gen|9
|tier|[Gen 9] OU
|rated|
|rule|HP Percentage Mod: HP is shown in percentages
|rule|Endless Battle Clause: Forcing endless battles is banned
|rule|Species Clause: Limit one of each Pokémon
|rule|OHKO Clause: OHKO moves are banned
|rule|Evasion Items Clause: Evasion items are banned
|rule|Evasion Moves Clause: Evasion moves are banned
|rule|Evasion Abilities Clause: Evasion abilities are banned
|rule|Sleep Moves Clause: Sleep-inducing moves are banned
|clearpoke
|poke|p1|Gardevoir, F|
|poke|p1|Ogerpon-Wellspring, F|
|poke|p1|Glimmora, M|
|poke|p1|Gliscor, M|
|poke|p1|Zamazenta-*|
|poke|p1|Weezing-Galar, F|
|poke|p2|Heatran, M|
|poke|p2|Rillaboom, F|
|poke|p2|Ogerpon-Wellspring, F|
|poke|p2|Scizor, F|
|poke|p2|Kyurem|
|poke|p2|Great Tusk|
|teampreview
|
|t:|1758361466
|teamsize|p1|6
|teamsize|p2|6
|start
|switch|p1a: Glimmora|Glimmora, M|100/100
|switch|p2a: Rillaboom|Rillaboom, F|100/100
|-fieldstart|move: Grassy Terrain|[from] ability: Grassy Surge|[of] p2a: Rillaboom
|turn|1
|
|t:|1758361480
|move|p1a: Glimmora|Stealth Rock|p2a: Rillaboom
|-sidestart|p2: scarfwake|move: Stealth Rock
|move|p2a: Rillaboom|U-turn|p1a: Glimmora
|-resisted|p1a: Glimmora
|-damage|p1a: Glimmora|83/100
|-activate|p1a: Glimmora|ability: Toxic Debris
|-sidestart|p2: scarfwake|move: Toxic Spikes
|
|t:|1758361486
|switch|p2a: Great Tusk|Great Tusk|100/100|[from] U-turn
|
|-heal|p1a: Glimmora|89/100|[from] Grassy Terrain
|upkeep
|turn|2
|
|t:|1758361494
|switch|p1a: Gliscor|Gliscor, M|100/100
|move|p2a: Great Tusk|Headlong Rush|p1a: Gliscor
|-immune|p1a: Gliscor
|
|-status|p1a: Gliscor|tox|[from] item: Toxic Orb
|upkeep
|turn|3
|
|t:|1758361505
|switch|p1a: Weezing|Weezing-Galar, F|100/100
|-ability|p1a: Weezing|Neutralizing Gas
|-item|p1a: Weezing|Air Balloon
|move|p2a: Great Tusk|Stealth Rock|p1a: Weezing
|-sidestart|p1: Juggperc1|move: Stealth Rock
|
|upkeep
|turn|4
|
|t:|1758361513
|-end|p2a: Great Tusk|Protosynthesis|[silent]
|switch|p2a: Heatran|Heatran, M|100/100
|-damage|p2a: Heatran|88/100|[from] Stealth Rock
|move|p1a: Weezing|Strange Steam|p2a: Heatran
|-resisted|p2a: Heatran
|-damage|p2a: Heatran|83/100
|
|-heal|p2a: Heatran|89/100|[from] Grassy Terrain
|-heal|p2a: Heatran|95/100|[from] item: Leftovers
|upkeep
|turn|5
|
|t:|1758361524
|-end|p1a: Weezing|ability: Neutralizing Gas
|switch|p1a: Gliscor|Gliscor, M|100/100 tox
|-damage|p1a: Gliscor|88/100 tox|[from] Stealth Rock
|move|p2a: Heatran|Iron Defense|p2a: Heatran
|-boost|p2a: Heatran|def|2
|
|-heal|p2a: Heatran|100/100|[from] Grassy Terrain
|-heal|p1a: Gliscor|100/100 tox|[from] ability: Poison Heal
|upkeep
|turn|6
|
|t:|1758361531
|move|p1a: Gliscor|Swords Dance|p1a: Gliscor
|-boost|p1a: Gliscor|atk|2
|move|p2a: Heatran|Iron Defense|p2a: Heatran
|-boost|p2a: Heatran|def|2
|
|upkeep
|turn|7
|inactive|Battle timer is ON: inactive players will automatically lose when time's up. (requested by Juggperc1)
|
|t:|1758361558
|switch|p2a: Great Tusk|Great Tusk|100/100
|move|p1a: Gliscor|Earthquake|p2a: Great Tusk
|-damage|p2a: Great Tusk|71/100
|
|-heal|p2a: Great Tusk|77/100|[from] Grassy Terrain
|upkeep
|turn|8
|
|t:|1758361562
|move|p1a: Gliscor|Facade|p2a: Great Tusk
|-damage|p2a: Great Tusk|20/100
|move|p2a: Great Tusk|Ice Spinner|p1a: Gliscor
|-supereffective|p1a: Gliscor
|-damage|p1a: Gliscor|0 fnt
|-fieldend|move: Grassy Terrain
|faint|p1a: Gliscor
|
|upkeep
|
|t:|1758361572
|switch|p1a: Ogerpon|Ogerpon-Wellspring, F|100/100
|-damage|p1a: Ogerpon|88/100|[from] Stealth Rock
|turn|9
|
|t:|1758361575
|move|p1a: Ogerpon|Ivy Cudgel|p2a: Great Tusk|[anim] Ivy Cudgel Water
|-supereffective|p2a: Great Tusk
|-damage|p2a: Great Tusk|0 fnt
|faint|p2a: Great Tusk
|-end|p2a: Great Tusk|Protosynthesis|[silent]
|
|upkeep
|
|t:|1758361585
|switch|p2a: Scizor|Scizor, F|100/100
|-damage|p2a: Scizor|88/100|[from] Stealth Rock
|turn|10
|
|t:|1758361587
|move|p1a: Ogerpon|U-turn|p2a: Scizor
|-resisted|p2a: Scizor
|-damage|p2a: Scizor|74/100
|
|t:|1758361590
|switch|p1a: Glimmora|Glimmora, M|89/100|[from] U-turn
|-damage|p1a: Glimmora|77/100|[from] Stealth Rock
|move|p2a: Scizor|Defog|p1a: Glimmora
|-unboost|p1a: Glimmora|evasion|1
|-sideend|p1: Juggperc1|Stealth Rock|[from] move: Defog|[of] p2a: Scizor
|-sideend|p2: scarfwake|Toxic Spikes|[from] move: Defog|[of] p2a: Scizor
|-sideend|p2: scarfwake|Stealth Rock|[from] move: Defog|[of] p2a: Scizor
|
|-heal|p2a: Scizor|80/100|[from] item: Leftovers
|upkeep
|turn|11
|
|t:|1758361593
|move|p2a: Scizor|Bullet Punch|p1a: Glimmora
|-supereffective|p1a: Glimmora
|-damage|p1a: Glimmora|0 fnt
|-activate|p1a: Glimmora|ability: Toxic Debris
|-sidestart|p2: scarfwake|move: Toxic Spikes
|faint|p1a: Glimmora
|
|-heal|p2a: Scizor|86/100|[from] item: Leftovers
|upkeep
|
|t:|1758361604
|switch|p1a: Zamazenta|Zamazenta|100/100
|-ability|p1a: Zamazenta|Dauntless Shield|boost
|-boost|p1a: Zamazenta|def|1
|turn|12
|
|t:|1758361609
|move|p1a: Zamazenta|Close Combat|p2a: Scizor
|-damage|p2a: Scizor|31/100
|-unboost|p1a: Zamazenta|def|1
|-unboost|p1a: Zamazenta|spd|1
|move|p2a: Scizor|Defog|p1a: Zamazenta
|-unboost|p1a: Zamazenta|evasion|1
|-sideend|p2: scarfwake|Toxic Spikes|[from] move: Defog|[of] p2a: Scizor
|
|-heal|p2a: Scizor|37/100|[from] item: Leftovers
|upkeep
|turn|13
|
|t:|1758361631
|switch|p2a: Rillaboom|Rillaboom, F|100/100
|-fieldstart|move: Grassy Terrain|[from] ability: Grassy Surge|[of] p2a: Rillaboom
|move|p1a: Zamazenta|Close Combat|p2a: Rillaboom
|-damage|p2a: Rillaboom|45/100
|-unboost|p1a: Zamazenta|def|1
|-unboost|p1a: Zamazenta|spd|1
|
|-heal|p2a: Rillaboom|51/100|[from] Grassy Terrain
|upkeep
|turn|14
|
|t:|1758361641
|switch|p1a: Weezing|Weezing-Galar, F|100/100
|-ability|p1a: Weezing|Neutralizing Gas
|-item|p1a: Weezing|Air Balloon
|switch|p2a: Scizor|Scizor, F|37/100
|
|-heal|p2a: Scizor|43/100|[from] Grassy Terrain
|-heal|p2a: Scizor|49/100|[from] item: Leftovers
|upkeep
|turn|15
|
|t:|1758361647
|move|p2a: Scizor|Bullet Punch|p1a: Weezing
|-supereffective|p1a: Weezing
|-damage|p1a: Weezing|70/100
|-enditem|p1a: Weezing|Air Balloon
|move|p1a: Weezing|Fire Blast|p2a: Scizor
|-supereffective|p2a: Scizor
|-damage|p2a: Scizor|0 fnt
|faint|p2a: Scizor
|
|-heal|p1a: Weezing|76/100|[from] Grassy Terrain
|upkeep
|
|t:|1758361652
|switch|p2a: Heatran|Heatran, M|100/100
|turn|16
|
|t:|1758361657
|-end|p1a: Weezing|ability: Neutralizing Gas
|switch|p1a: Gardevoir|Gardevoir, F|100/100
|-ability|p1a: Gardevoir|Flash Fire|Trace|[from] ability: Trace|[of] p2a: Heatran
|move|p2a: Heatran|Iron Defense|p2a: Heatran
|-boost|p2a: Heatran|def|2
|
|upkeep
|turn|17
|
|t:|1758361666
|switch|p2a: Ogerpon|Ogerpon-Wellspring, F|100/100
|move|p1a: Gardevoir|Trick||[still]
|-fail|p1a: Gardevoir
|
|upkeep
|turn|18
|
|t:|1758361673
|switch|p1a: Weezing|Weezing-Galar, F|76/100
|-ability|p1a: Weezing|Neutralizing Gas
|move|p2a: Ogerpon|Swords Dance|p2a: Ogerpon
|-boost|p2a: Ogerpon|atk|2
|
|-heal|p1a: Weezing|82/100|[from] Grassy Terrain
|upkeep
|turn|19
|
|t:|1758361678
|-terastallize|p2a: Ogerpon|Water
|detailschange|p2a: Ogerpon|Ogerpon-Wellspring-Tera, F, tera:Water
|move|p2a: Ogerpon|Ivy Cudgel|p1a: Weezing|[anim] Ivy Cudgel Water
|-damage|p1a: Weezing|0 fnt
|faint|p1a: Weezing
|-end|p1a: Weezing|ability: Neutralizing Gas
|-ability|p2a: Ogerpon|Embody Aspect (Wellspring)|boost
|-boost|p2a: Ogerpon|spd|1
|
|upkeep
|
|t:|1758361687
|switch|p1a: Zamazenta|Zamazenta|100/100
|turn|20
|
|t:|1758361692
|move|p2a: Ogerpon|Ivy Cudgel|p1a: Zamazenta|[anim] Ivy Cudgel Water
|-damage|p1a: Zamazenta|0 fnt
|faint|p1a: Zamazenta
|
|-fieldend|move: Grassy Terrain
|upkeep
|
|t:|1758361696
|switch|p1a: Ogerpon|Ogerpon-Wellspring, F|88/100
|turn|21
|
|t:|1758361714
|move|p1a: Ogerpon|Horn Leech|p2a: Ogerpon
|-supereffective|p2a: Ogerpon
|-damage|p2a: Ogerpon|0 fnt
|-heal|p1a: Ogerpon|100/100|[from] drain|[of] p2a: Ogerpon
|faint|p2a: Ogerpon
|detailschange|p2: Ogerpon|Ogerpon-Wellspring, F|[silent]
|
|upkeep
|
|t:|1758361721
|switch|p2a: Kyurem|Kyurem|100/100
|-ability|p2a: Kyurem|Pressure
|turn|22
|
|t:|1758361725
|switch|p1a: Gardevoir|Gardevoir, F|100/100
|-ability|p1a: Gardevoir|Pressure|Trace|[from] ability: Trace|[of] p2a: Kyurem
|-ability|p1a: Gardevoir|Pressure
|move|p2a: Kyurem|Freeze-Dry|p1a: Gardevoir
|-damage|p1a: Gardevoir|64/100
|
|upkeep
|turn|23
|
|t:|1758361734
|move|p2a: Kyurem|Protect|p2a: Kyurem
|-singleturn|p2a: Kyurem|Protect
|move|p1a: Gardevoir|Trick|p2a: Kyurem
|-activate|p2a: Kyurem|move: Protect
|
|upkeep
|turn|24
|
|t:|1758361739
|switch|p2a: Rillaboom|Rillaboom, F|51/100
|-fieldstart|move: Grassy Terrain|[from] ability: Grassy Surge|[of] p2a: Rillaboom
|move|p1a: Gardevoir|Trick|p2a: Rillaboom
|-activate|p1a: Gardevoir|move: Trick|[of] p2a: Rillaboom
|-item|p2a: Rillaboom|Choice Scarf|[from] move: Trick
|-item|p1a: Gardevoir|Terrain Extender|[from] move: Trick
|
|-heal|p2a: Rillaboom|57/100|[from] Grassy Terrain
|-heal|p1a: Gardevoir|70/100|[from] Grassy Terrain
|upkeep
|turn|25
|
|t:|1758361744
|move|p2a: Rillaboom|Grassy Glide|p1a: Gardevoir
|-damage|p1a: Gardevoir|0 fnt
|faint|p1a: Gardevoir
|
|-heal|p2a: Rillaboom|63/100|[from] Grassy Terrain
|upkeep
|
|t:|1758361746
|switch|p1a: Ogerpon|Ogerpon-Wellspring, F|100/100
|turn|26
|
|t:|1758361749
|move|p2a: Rillaboom|Grassy Glide|p1a: Ogerpon
|-damage|p1a: Ogerpon|44/100
|move|p1a: Ogerpon|Swords Dance|p1a: Ogerpon
|-boost|p1a: Ogerpon|atk|2
|
|-heal|p1a: Ogerpon|50/100|[from] Grassy Terrain
|-heal|p2a: Rillaboom|69/100|[from] Grassy Terrain
|upkeep
|turn|27
|
|t:|1758361753
|move|p2a: Rillaboom|Grassy Glide|p1a: Ogerpon
|-damage|p1a: Ogerpon|2/100
|move|p1a: Ogerpon|U-turn|p2a: Rillaboom
|-supereffective|p2a: Rillaboom
|-damage|p2a: Rillaboom|0 fnt
|faint|p2a: Rillaboom
|
|-heal|p1a: Ogerpon|8/100|[from] Grassy Terrain
|upkeep
|c|☆scarfwake|gg
|c|☆scarfwake|or not
|
|t:|1758361759
|switch|p2a: Kyurem|Kyurem|100/100
|-ability|p2a: Kyurem|Pressure
|turn|28
|
|t:|1758361763
|-terastallize|p1a: Ogerpon|Water
|detailschange|p1a: Ogerpon|Ogerpon-Wellspring-Tera, F, tera:Water
|-ability|p1a: Ogerpon|Embody Aspect (Wellspring)|boost
|-boost|p1a: Ogerpon|spd|1
|move|p1a: Ogerpon|Ivy Cudgel|p2a: Kyurem|[anim] Ivy Cudgel Water
|-resisted|p2a: Kyurem
|-crit|p2a: Kyurem
|-damage|p2a: Kyurem|0 fnt
|faint|p2a: Kyurem
|
|-heal|p1a: Ogerpon|14/100|[from] Grassy Terrain
|upkeep
|c|☆scarfwake|damn
|c|☆scarfwake|crit mattered too
|
|t:|1758361776
|switch|p2a: Heatran|Heatran, M|100/100
|turn|29
|c|☆Juggperc1|Mb gurt
|c|☆scarfwake|yo
|-message|scarfwake forfeited.
|
|win|Juggperc1
|raw|Juggperc1's rating: 1424 &rarr; <strong>1446</strong><br />(+22 for winning)
|raw|scarfwake's rating: 1465 &rarr; <strong>1443</strong><br />(-22 for losing)
|l|☆scarfwake
|player|p2|
|l|☆Juggperc1
|player|p1|
