|j|☆Kaelai
|j|☆roasted_kitchen
|t:|1758377871
|gametype|singles
|player|p1|Kaelai|bellelba|1286
|player|p2|roasted_kitchen|170|1347
|gen|9
|tier|[Gen 9] OU
|rated|
|rule|HP Percentage Mod: HP is shown in percentages
|rule|Endless Battle Clause: Forcing endless battles is banned
|rule|Species Clause: Limit one of each Pokémon
|rule|OHKO Clause: OHKO moves are banned
|rule|Evasion Items Clause: Evasion items are banned
|rule|Evasion Moves Clause: Evasion moves are banned
|rule|Evasion Abilities Clause: Evasion abilities are banned
|rule|Sleep Moves Clause: Sleep-inducing moves are banned
|clearpoke
|poke|p1|Minior|
|poke|p1|Toxapex, F|
|poke|p1|Iron Moth|
|poke|p1|Greninja-*, M|
|poke|p1|Garchomp, M|
|poke|p1|Kingambit, M|
|poke|p2|Garchomp, M|
|poke|p2|Corviknight, F|
|poke|p2|Primarina, M|
|poke|p2|Eelektross, M|
|poke|p2|Chandelure, F|
|poke|p2|Rillaboom, F|
|teampreview
|
|t:|1758377880
|teamsize|p1|6
|teamsize|p2|6
|start
|switch|p1a: Garchomp|Garchomp, M|100/100
|switch|p2a: Garchomp|Garchomp, M|100/100
|turn|1
|inactive|Battle timer is ON: inactive players will automatically lose when time's up. (requested by Kaelai)
|
|t:|1758377890
|switch|p2a: Corviknight|Corviknight, F, shiny|100/100
|-ability|p2a: Corviknight|Pressure
|move|p1a: Garchomp|Stealth Rock|p2a: Corviknight
|-sidestart|p2: roasted_kitchen|move: Stealth Rock
|
|upkeep
|turn|2
|
|t:|1758377896
|move|p2a: Corviknight|Defog|p1a: Garchomp
|-unboost|p1a: Garchomp|evasion|1
|-sideend|p2: roasted_kitchen|Stealth Rock|[from] move: Defog|[of] p2a: Corviknight
|move|p1a: Garchomp|Dragon Tail|p2a: Corviknight
|-resisted|p2a: Corviknight
|-damage|p2a: Corviknight|92/100
|-damage|p1a: Garchomp|84/100|[from] item: Rocky Helmet|[of] p2a: Corviknight
|drag|p2a: Garchomp|Garchomp, M|100/100
|
|upkeep
|turn|3
|
|t:|1758377903
|move|p2a: Garchomp|Scale Shot|p1a: Garchomp
|-supereffective|p1a: Garchomp
|-damage|p1a: Garchomp|68/100
|-supereffective|p1a: Garchomp
|-damage|p1a: Garchomp|52/100
|-supereffective|p1a: Garchomp
|-damage|p1a: Garchomp|37/100
|-supereffective|p1a: Garchomp
|-damage|p1a: Garchomp|20/100
|-supereffective|p1a: Garchomp
|-damage|p1a: Garchomp|3/100
|-hitcount|p1a: Garchomp|5
|-unboost|p2a: Garchomp|def|1
|-boost|p2a: Garchomp|spe|1
|move|p1a: Garchomp|Stealth Rock|p2a: Garchomp
|-sidestart|p2: roasted_kitchen|move: Stealth Rock
|
|upkeep
|turn|4
|
|t:|1758377913
|move|p2a: Garchomp|Earthquake|p1a: Garchomp
|-damage|p1a: Garchomp|0 fnt
|faint|p1a: Garchomp
|
|upkeep
|
|t:|1758377916
|switch|p1a: Greninja|Greninja, M|100/100
|turn|5
|
|t:|1758377923
|switch|p2a: Primarina|Primarina, M|100/100
|-damage|p2a: Primarina|88/100|[from] Stealth Rock
|move|p1a: Greninja|Ice Beam|p2a: Primarina
|-resisted|p2a: Primarina
|-crit|p2a: Primarina
|-damage|p2a: Primarina|69/100
|-damage|p1a: Greninja|91/100|[from] item: Life Orb
|
|-heal|p2a: Primarina|75/100|[from] item: Leftovers
|upkeep
|turn|6
|
|t:|1758377930
|switch|p1a: Toxapex|Toxapex, F|100/100
|move|p2a: Primarina|Calm Mind|p2a: Primarina
|-boost|p2a: Primarina|spa|1
|-boost|p2a: Primarina|spd|1
|
|-heal|p2a: Primarina|81/100|[from] item: Leftovers
|upkeep
|turn|7
|
|t:|1758377938
|switch|p2a: Corviknight|Corviknight, F, shiny|92/100
|-damage|p2a: Corviknight|80/100|[from] Stealth Rock
|-ability|p2a: Corviknight|Pressure
|move|p1a: Toxapex|Toxic|p2a: Corviknight
|-immune|p2a: Corviknight
|
|upkeep
|turn|8
|
|t:|1758377944
|switch|p1a: Iron Moth|Iron Moth|100/100
|-enditem|p1a: Iron Moth|Booster Energy
|-activate|p1a: Iron Moth|ability: Quark Drive|[fromitem]
|-start|p1a: Iron Moth|quarkdrivespe
|move|p2a: Corviknight|Defog|p1a: Iron Moth
|-unboost|p1a: Iron Moth|evasion|1
|-sideend|p2: roasted_kitchen|Stealth Rock|[from] move: Defog|[of] p2a: Corviknight
|
|upkeep
|turn|9
|
|t:|1758377949
|switch|p2a: Chandelure|Chandelure, F|100/100
|move|p1a: Iron Moth|Fiery Dance|p2a: Chandelure
|-start|p2a: Chandelure|ability: Flash Fire
|
|upkeep
|turn|10
|
|t:|1758377957
|move|p1a: Iron Moth|Sludge Wave|p2a: Chandelure
|-resisted|p2a: Chandelure
|-damage|p2a: Chandelure|69/100
|move|p2a: Chandelure|Energy Ball|p1a: Iron Moth
|-resisted|p1a: Iron Moth
|-damage|p1a: Iron Moth|91/100
|
|upkeep
|turn|11
|
|t:|1758377961
|-end|p1a: Iron Moth|Quark Drive|[silent]
|switch|p1a: Greninja|Greninja, M|91/100
|-end|p2a: Chandelure|ability: Flash Fire|[silent]
|switch|p2a: Corviknight|Corviknight, F, shiny|80/100
|-ability|p2a: Corviknight|Pressure
|
|upkeep
|turn|12
|
|t:|1758377966
|switch|p1a: Minior|Minior|100/100
|-formechange|p1a: Minior|Minior-Meteor||[from] ability: Shields Down
|move|p2a: Corviknight|Body Press|p1a: Minior
|-damage|p1a: Minior|64/100
|
|upkeep
|turn|13
|
|t:|1758377978
|move|p1a: Minior|Shell Smash|p1a: Minior
|-unboost|p1a: Minior|def|1
|-unboost|p1a: Minior|spd|1
|-boost|p1a: Minior|atk|2
|-boost|p1a: Minior|spa|2
|-boost|p1a: Minior|spe|2
|-enditem|p1a: Minior|White Herb
|-clearnegativeboost|p1a: Minior|[silent]
|move|p2a: Corviknight|Brave Bird|p1a: Minior
|-resisted|p1a: Minior
|-damage|p1a: Minior|41/100
|-damage|p2a: Corviknight|75/100|[from] Recoil
|
|-formechange|p1a: Minior|Minior||[from] ability: Shields Down
|upkeep
|turn|14
|
|t:|1758377983
|move|p1a: Minior|Stone Edge|p2a: Corviknight|[miss]
|-miss|p1a: Minior|p2a: Corviknight
|move|p2a: Corviknight|Body Press|p1a: Minior
|-damage|p1a: Minior|0 fnt
|faint|p1a: Minior
|
|upkeep
|c|☆Kaelai|gg wp
|-message|Kaelai forfeited.
|
|win|roasted_kitchen
|raw|Kaelai's rating: 1286 &rarr; <strong>1265</strong><br />(-21 for losing)
|raw|roasted_kitchen's rating: 1347 &rarr; <strong>1364</strong><br />(+17 for winning)
|l|☆Kaelai
|player|p1|
|l|☆roasted_kitchen
|player|p2|
