|j|☆boinkaboinka
|j|☆Just Icicle
|t:|1758316422
|gametype|singles
|player|p1|boinkaboinka|rosa|1565
|player|p2|Just Icicle|wattson|1503
|gen|9
|tier|[Gen 9] OU
|rated|
|rule|HP Percentage Mod: HP is shown in percentages
|rule|Endless Battle Clause: Forcing endless battles is banned
|rule|Species Clause: Limit one of each Pokémon
|rule|OHKO Clause: OHKO moves are banned
|rule|Evasion Items Clause: Evasion items are banned
|rule|Evasion Moves Clause: Evasion moves are banned
|rule|Evasion Abilities Clause: Evasion abilities are banned
|rule|Sleep Moves Clause: Sleep-inducing moves are banned
|clearpoke
|poke|p1|Raging Bolt|
|poke|p1|Sinistcha|
|poke|p1|Great Tusk|
|poke|p1|Garganacl, M|
|poke|p1|Araquanid, F|
|poke|p1|Landorus-Therian, M|
|poke|p2|Iron Boulder|
|poke|p2|Rillaboom, M|
|poke|p2|Weezing-Galar, F|
|poke|p2|Tornadus-Therian, M|
|poke|p2|Kommo-o, M|
|poke|p2|Slowking-Galar, F|
|teampreview
|c|☆Just Icicle|hf
|inactive|Battle timer is ON: inactive players will automatically lose when time's up. (requested by Just Icicle)
|
|t:|1758316440
|teamsize|p1|6
|teamsize|p2|6
|start
|switch|p1a: Araquanid|Araquanid, F|100/100
|switch|p2a: Iron Boulder|Iron Boulder|100/100
|turn|1
|
|t:|1758316452
|switch|p1a: Sinistcha|Sinistcha|100/100
|move|p2a: Iron Boulder|Mighty Cleave|p1a: Sinistcha
|-damage|p1a: Sinistcha|52/100
|
|upkeep
|turn|2
|c|☆boinkaboinka|u2
|inactive|Just Icicle has 120 seconds left.
|
|t:|1758316484
|-end|p2a: Iron Boulder|Quark Drive|[silent]
|switch|p2a: Tornadus|Tornadus-Therian, M|100/100
|move|p1a: Sinistcha|Strength Sap|p2a: Tornadus
|-unboost|p2a: Tornadus|atk|1
|-heal|p1a: Sinistcha|100/100
|
|upkeep
|turn|3
|
|t:|1758316501
|switch|p1a: Garganacl|Garganacl, M|100/100
|move|p2a: Tornadus|Knock Off|p1a: Garganacl
|-damage|p1a: Garganacl|90/100
|-enditem|p1a: Garganacl|Leftovers|[from] move: Knock Off|[of] p2a: Tornadus
|
|upkeep
|turn|4
|
|t:|1758316506
|move|p2a: Tornadus|Grass Knot|p1a: Garganacl
|-supereffective|p1a: Garganacl
|-damage|p1a: Garganacl|48/100
|move|p1a: Garganacl|Salt Cure|p2a: Tornadus
|-supereffective|p2a: Tornadus
|-damage|p2a: Tornadus|64/100
|-start|p2a: Tornadus|Salt Cure
|
|-damage|p2a: Tornadus|52/100|[from] Salt Cure
|upkeep
|turn|5
|
|t:|1758316510
|move|p2a: Tornadus|Grass Knot|p1a: Garganacl
|-supereffective|p1a: Garganacl
|-damage|p1a: Garganacl|6/100
|move|p1a: Garganacl|Recover|p1a: Garganacl
|-heal|p1a: Garganacl|56/100
|
|-damage|p2a: Tornadus|39/100|[from] Salt Cure
|upkeep
|turn|6
|
|t:|1758316516
|move|p2a: Tornadus|U-turn|p1a: Garganacl
|-damage|p1a: Garganacl|49/100
|
|t:|1758316517
|switch|p2a: Rillaboom|Rillaboom, M|100/100|[from] U-turn
|-fieldstart|move: Grassy Terrain|[from] ability: Grassy Surge|[of] p2a: Rillaboom
|move|p1a: Garganacl|Recover|p1a: Garganacl
|-heal|p1a: Garganacl|99/100
|
|-heal|p1a: Garganacl|100/100|[from] Grassy Terrain
|upkeep
|turn|7
|
|t:|1758316540
|switch|p1a: Sinistcha|Sinistcha|100/100
|move|p2a: Rillaboom|Wood Hammer|p1a: Sinistcha
|-resisted|p1a: Sinistcha
|-damage|p1a: Sinistcha|69/100
|-damage|p2a: Rillaboom|90/100|[from] Recoil
|
|-heal|p2a: Rillaboom|97/100|[from] Grassy Terrain
|-heal|p1a: Sinistcha|75/100|[from] Grassy Terrain
|upkeep
|turn|8
|
|t:|1758316548
|move|p2a: Rillaboom|U-turn|p1a: Sinistcha
|-damage|p1a: Sinistcha|56/100
|
|t:|1758316550
|switch|p2a: Tornadus|Tornadus-Therian, M|72/100|[from] U-turn
|move|p1a: Sinistcha|Calm Mind|p1a: Sinistcha
|-boost|p1a: Sinistcha|spa|1
|-boost|p1a: Sinistcha|spd|1
|
|-heal|p1a: Sinistcha|62/100|[from] Grassy Terrain
|upkeep
|turn|9
|
|t:|1758316555
|move|p2a: Tornadus|Bleakwind Storm|p1a: Sinistcha|[miss]
|-miss|p2a: Tornadus|p1a: Sinistcha
|move|p1a: Sinistcha|Strength Sap|p2a: Tornadus
|-unboost|p2a: Tornadus|atk|1
|-heal|p1a: Sinistcha|100/100
|
|upkeep
|turn|10
|
|t:|1758316579
|move|p2a: Tornadus|Bleakwind Storm|p1a: Sinistcha
|-supereffective|p1a: Sinistcha
|-damage|p1a: Sinistcha|32/100
|move|p1a: Sinistcha|Shadow Ball|p2a: Tornadus
|-damage|p2a: Tornadus|39/100
|
|-heal|p1a: Sinistcha|38/100|[from] Grassy Terrain
|-fieldend|move: Grassy Terrain
|upkeep
|turn|11
|
|t:|1758316589
|switch|p1a: Garganacl|Garganacl, M|100/100
|move|p2a: Tornadus|Bleakwind Storm|p1a: Garganacl
|-resisted|p1a: Garganacl
|-damage|p1a: Garganacl|86/100
|
|upkeep
|turn|12
|
|t:|1758316595
|move|p2a: Tornadus|U-turn|p1a: Garganacl
|-damage|p1a: Garganacl|79/100
|
|t:|1758316596
|switch|p2a: Rillaboom|Rillaboom, M|97/100|[from] U-turn
|-fieldstart|move: Grassy Terrain|[from] ability: Grassy Surge|[of] p2a: Rillaboom
|move|p1a: Garganacl|Salt Cure|p2a: Rillaboom
|-damage|p2a: Rillaboom|82/100
|-start|p2a: Rillaboom|Salt Cure
|
|-heal|p2a: Rillaboom|88/100|[from] Grassy Terrain
|-heal|p1a: Garganacl|85/100|[from] Grassy Terrain
|-damage|p2a: Rillaboom|76/100|[from] Salt Cure
|upkeep
|turn|13
|
|t:|1758316605
|switch|p1a: Landorus|Landorus-Therian, M|100/100
|-ability|p1a: Landorus|Intimidate|boost
|-unboost|p2a: Rillaboom|atk|1
|move|p2a: Rillaboom|Wood Hammer|p1a: Landorus
|-damage|p1a: Landorus|37/100
|-damage|p2a: Rillaboom|57/100|[from] Recoil
|
|-heal|p2a: Rillaboom|64/100|[from] Grassy Terrain
|-damage|p2a: Rillaboom|51/100|[from] Salt Cure
|upkeep
|turn|14
|
|t:|1758316616
|switch|p1a: Araquanid|Araquanid, F|100/100
|switch|p2a: Tornadus|Tornadus-Therian, M|72/100
|
|upkeep
|turn|15
|
|t:|1758316626
|move|p2a: Tornadus|Bleakwind Storm|p1a: Araquanid
|-supereffective|p1a: Araquanid
|-damage|p1a: Araquanid|31/100
|move|p1a: Araquanid|Sticky Web|p2a: Tornadus
|-sidestart|p2: Just Icicle|move: Sticky Web
|
|-heal|p1a: Araquanid|38/100|[from] Grassy Terrain
|upkeep
|turn|16
|
|t:|1758316630
|move|p1a: Araquanid|Endure|p1a: Araquanid
|-singleturn|p1a: Araquanid|move: Endure
|move|p2a: Tornadus|Bleakwind Storm|p1a: Araquanid
|-supereffective|p1a: Araquanid
|-activate|p1a: Araquanid|move: Endure
|-damage|p1a: Araquanid|1/100
|
|-heal|p1a: Araquanid|7/100|[from] Grassy Terrain
|-fieldend|move: Grassy Terrain
|upkeep
|turn|17
|-enditem|p1a: Araquanid|Custap Berry|[eat]
|-activate|p1a: Araquanid|item: Custap Berry|[consumed]
|
|t:|1758316636
|move|p1a: Araquanid|Endeavor|p2a: Tornadus
|-damage|p2a: Tornadus|7/100
|move|p2a: Tornadus|U-turn|p1a: Araquanid
|-damage|p1a: Araquanid|0 fnt
|faint|p1a: Araquanid
|
|t:|1758316649
|switch|p2a: Rillaboom|Rillaboom, M|51/100|[from] U-turn
|-fieldstart|move: Grassy Terrain|[from] ability: Grassy Surge|[of] p2a: Rillaboom
|
|-heal|p2a: Rillaboom|57/100|[from] Grassy Terrain
|upkeep
|
|t:|1758316657
|switch|p1a: Sinistcha|Sinistcha|38/100
|turn|18
|
|t:|1758316660
|move|p2a: Rillaboom|Knock Off|p1a: Sinistcha
|-supereffective|p1a: Sinistcha
|-enditem|p1a: Sinistcha|Colbur Berry|[eat]
|-enditem|p1a: Sinistcha|Colbur Berry|[weaken]
|-damage|p1a: Sinistcha|10/100
|move|p1a: Sinistcha|Strength Sap|p2a: Rillaboom
|-unboost|p2a: Rillaboom|atk|1
|-heal|p1a: Sinistcha|100/100
|
|-heal|p2a: Rillaboom|64/100|[from] Grassy Terrain
|upkeep
|turn|19
|
|t:|1758316668
|move|p2a: Rillaboom|U-turn|p1a: Sinistcha
|-damage|p1a: Sinistcha|88/100
|
|t:|1758316670
|switch|p2a: Kommo-o|Kommo-o, M|100/100|[from] U-turn
|-activate|p2a: Kommo-o|move: Sticky Web
|-unboost|p2a: Kommo-o|spe|1
|move|p1a: Sinistcha|Shadow Ball|p2a: Kommo-o
|-immune|p2a: Kommo-o|[from] ability: Bulletproof
|
|-heal|p1a: Sinistcha|94/100|[from] Grassy Terrain
|upkeep
|turn|20
|
|t:|1758316680
|switch|p1a: Landorus|Landorus-Therian, M|37/100
|-ability|p1a: Landorus|Intimidate|boost
|-unboost|p2a: Kommo-o|atk|1
|move|p2a: Kommo-o|Clanging Scales|p1a: Landorus
|-damage|p1a: Landorus|0 fnt
|faint|p1a: Landorus
|-unboost|p2a: Kommo-o|def|1
|
|upkeep
|inactive|boinkaboinka has 120 seconds left.
|
|t:|1758316707
|switch|p1a: Raging Bolt|Raging Bolt|100/100
|-enditem|p1a: Raging Bolt|Booster Energy
|-activate|p1a: Raging Bolt|ability: Protosynthesis|[fromitem]
|-start|p1a: Raging Bolt|protosynthesisspa
|turn|21
|inactive|boinkaboinka has 120 seconds left.
|
|t:|1758316725
|-terastallize|p1a: Raging Bolt|Fairy
|-terastallize|p2a: Kommo-o|Steel
|move|p1a: Raging Bolt|Thunderbolt|p2a: Kommo-o
|-crit|p2a: Kommo-o
|-damage|p2a: Kommo-o|0 fnt
|faint|p2a: Kommo-o
|
|-fieldend|move: Grassy Terrain
|upkeep
|
|t:|1758316735
|switch|p2a: Slowking|Slowking-Galar, F|100/100
|turn|22
|
|t:|1758316741
|-end|p1a: Raging Bolt|Protosynthesis|[silent]
|switch|p1a: Garganacl|Garganacl, M|85/100
|move|p2a: Slowking|Sludge Bomb|p1a: Garganacl
|-resisted|p1a: Garganacl
|-damage|p1a: Garganacl|75/100
|
|upkeep
|turn|23
|inactive|boinkaboinka has 120 seconds left.
|
|t:|1758316771
|switch|p1a: Raging Bolt|Raging Bolt, tera:Fairy|100/100
|move|p2a: Slowking|Future Sight|p1a: Raging Bolt
|-start|p2a: Slowking|move: Future Sight
|
|upkeep
|turn|24
|
|t:|1758316778
|move|p1a: Raging Bolt|Calm Mind|p1a: Raging Bolt
|-boost|p1a: Raging Bolt|spa|1
|-boost|p1a: Raging Bolt|spd|1
|-prepare|p2a: Slowking|Chilly Reception|[premajor]
|move|p2a: Slowking|Chilly Reception|p2a: Slowking
|-weather|Snowscape
|
|t:|1758316784
|switch|p2a: Rillaboom|Rillaboom, M|64/100|[from] Chilly Reception
|-fieldstart|move: Grassy Terrain|[from] ability: Grassy Surge|[of] p2a: Rillaboom
|
|-weather|Snowscape|[upkeep]
|-heal|p2a: Rillaboom|70/100|[from] Grassy Terrain
|upkeep
|turn|25
|
|t:|1758316797
|move|p2a: Rillaboom|Wood Hammer|p1a: Raging Bolt
|-damage|p1a: Raging Bolt|16/100
|-damage|p2a: Rillaboom|39/100|[from] Recoil
|move|p1a: Raging Bolt|Dragon Pulse|p2a: Rillaboom
|-damage|p2a: Rillaboom|0 fnt
|faint|p2a: Rillaboom
|
|-weather|Snowscape|[upkeep]
|-end|p1a: Raging Bolt|move: Future Sight
|-damage|p1a: Raging Bolt|0 fnt
|faint|p1a: Raging Bolt
|-end|p1a: Raging Bolt|Protosynthesis|[silent]
|upkeep
|
|t:|1758316810
|switch|p2a: Weezing|Weezing-Galar, F|100/100
|switch|p1a: Garganacl|Garganacl, M|75/100
|-ability|p2a: Weezing|Neutralizing Gas
|turn|26
|
|t:|1758316815
|move|p2a: Weezing|Defog|p1a: Garganacl
|-unboost|p1a: Garganacl|evasion|1
|-sideend|p2: Just Icicle|Sticky Web|[from] move: Defog|[of] p2a: Weezing
|-fieldend|move: Grassy Terrain
|move|p1a: Garganacl|Salt Cure|p2a: Weezing
|-damage|p2a: Weezing|91/100
|-start|p2a: Weezing|Salt Cure
|
|-weather|Snowscape|[upkeep]
|-damage|p2a: Weezing|78/100|[from] Salt Cure
|upkeep
|turn|27
|
|t:|1758316827
|move|p1a: Garganacl|Protect|p1a: Garganacl
|-singleturn|p1a: Garganacl|Protect
|move|p2a: Weezing|Will-O-Wisp|p1a: Garganacl
|-activate|p1a: Garganacl|move: Protect
|
|-weather|Snowscape|[upkeep]
|-damage|p2a: Weezing|66/100|[from] Salt Cure
|upkeep
|turn|28
|
|t:|1758316831
|move|p2a: Weezing|Will-O-Wisp|p1a: Garganacl
|-status|p1a: Garganacl|brn
|move|p1a: Garganacl|Stealth Rock|p2a: Weezing
|-sidestart|p2: Just Icicle|move: Stealth Rock
|
|-weather|none
|-damage|p1a: Garganacl|69/100 brn|[from] brn
|-damage|p2a: Weezing|54/100|[from] Salt Cure
|upkeep
|turn|29
|
|t:|1758316835
|move|p2a: Weezing|Defog|p1a: Garganacl
|-unboost|p1a: Garganacl|evasion|1
|-sideend|p2: Just Icicle|Stealth Rock|[from] move: Defog|[of] p2a: Weezing
|move|p1a: Garganacl|Salt Cure|p2a: Weezing
|-damage|p2a: Weezing|50/100
|
|-damage|p1a: Garganacl|63/100 brn|[from] brn
|-damage|p2a: Weezing|37/100|[from] Salt Cure
|upkeep
|turn|30
|
|t:|1758316839
|move|p2a: Weezing|Pain Split|p1a: Garganacl
|-sethp|p1a: Garganacl|47/100 brn|[from] move: Pain Split|[silent]
|-sethp|p2a: Weezing|56/100|[from] move: Pain Split
|move|p1a: Garganacl|Salt Cure|p2a: Weezing
|-damage|p2a: Weezing|52/100
|
|-damage|p1a: Garganacl|41/100 brn|[from] brn
|-damage|p2a: Weezing|40/100|[from] Salt Cure
|upkeep
|turn|31
|
|t:|1758316842
|-end|p2a: Weezing|ability: Neutralizing Gas
|switch|p2a: Iron Boulder|Iron Boulder|100/100
|move|p1a: Garganacl|Recover|p1a: Garganacl
|-heal|p1a: Garganacl|91/100 brn
|
|-damage|p1a: Garganacl|84/100 brn|[from] brn
|upkeep
|turn|32
|
|t:|1758316848
|move|p2a: Iron Boulder|Earthquake|p1a: Garganacl
|-supereffective|p1a: Garganacl
|-damage|p1a: Garganacl|20/100 brn
|move|p1a: Garganacl|Salt Cure|p2a: Iron Boulder
|-damage|p2a: Iron Boulder|91/100
|-start|p2a: Iron Boulder|Salt Cure
|
|-damage|p1a: Garganacl|13/100 brn|[from] brn
|-damage|p2a: Iron Boulder|78/100|[from] Salt Cure
|upkeep
|turn|33
|
|t:|1758316857
|-end|p2a: Iron Boulder|Quark Drive|[silent]
|switch|p2a: Tornadus|Tornadus-Therian, M|40/100
|move|p1a: Garganacl|Protect||[still]
|-fail|p1a: Garganacl
|
|-damage|p1a: Garganacl|7/100 brn|[from] brn
|upkeep
|turn|34
|
|t:|1758316862
|move|p2a: Tornadus|U-turn|p1a: Garganacl
|-damage|p1a: Garganacl|0 fnt
|faint|p1a: Garganacl
|
|t:|1758316868
|switch|p2a: Slowking|Slowking-Galar, F|100/100|[from] U-turn
|
|upkeep
|
|t:|1758316871
|switch|p1a: Great Tusk|Great Tusk|100/100
|turn|35
|
|t:|1758316878
|switch|p2a: Weezing|Weezing-Galar, F|40/100
|-ability|p2a: Weezing|Neutralizing Gas
|move|p1a: Great Tusk|Rapid Spin|p2a: Weezing
|-damage|p2a: Weezing|27/100
|-boost|p1a: Great Tusk|spe|1
|
|upkeep
|turn|36
|inactive|boinkaboinka has 120 seconds left.
|
|t:|1758316938
|move|p1a: Great Tusk|Bulk Up|p1a: Great Tusk
|-boost|p1a: Great Tusk|atk|1
|-boost|p1a: Great Tusk|def|1
|move|p2a: Weezing|Will-O-Wisp|p1a: Great Tusk
|-status|p1a: Great Tusk|brn
|
|-damage|p1a: Great Tusk|94/100 brn|[from] brn
|upkeep
|turn|37
|
|t:|1758316943
|move|p1a: Great Tusk|Bulk Up|p1a: Great Tusk
|-boost|p1a: Great Tusk|atk|1
|-boost|p1a: Great Tusk|def|1
|move|p2a: Weezing|Strange Steam|p1a: Great Tusk
|-supereffective|p1a: Great Tusk
|-damage|p1a: Great Tusk|15/100 brn
|
|-heal|p1a: Great Tusk|21/100 brn|[from] item: Leftovers
|-damage|p1a: Great Tusk|15/100 brn|[from] brn
|upkeep
|turn|38
|
|t:|1758316950
|move|p1a: Great Tusk|Headlong Rush|p2a: Weezing
|-supereffective|p2a: Weezing
|-damage|p2a: Weezing|0 fnt
|-unboost|p1a: Great Tusk|def|1
|-unboost|p1a: Great Tusk|spd|1
|faint|p2a: Weezing
|-end|p2a: Weezing|ability: Neutralizing Gas
|
|-heal|p1a: Great Tusk|21/100 brn|[from] item: Leftovers
|-damage|p1a: Great Tusk|15/100 brn|[from] brn
|upkeep
|
|t:|1758316953
|switch|p2a: Tornadus|Tornadus-Therian, M|73/100
|turn|39
|
|t:|1758316958
|switch|p2a: Slowking|Slowking-Galar, F|100/100
|move|p1a: Great Tusk|Ice Spinner|p2a: Slowking
|-damage|p2a: Slowking|72/100
|
|-heal|p1a: Great Tusk|21/100 brn|[from] item: Leftovers
|-damage|p1a: Great Tusk|15/100 brn|[from] brn
|upkeep
|turn|40
|
|t:|1758316968
|move|p1a: Great Tusk|Headlong Rush|p2a: Slowking
|-supereffective|p2a: Slowking
|-damage|p2a: Slowking|0 fnt
|-unboost|p1a: Great Tusk|def|1
|-unboost|p1a: Great Tusk|spd|1
|faint|p2a: Slowking
|
|-heal|p1a: Great Tusk|21/100 brn|[from] item: Leftovers
|-damage|p1a: Great Tusk|15/100 brn|[from] brn
|upkeep
|
|t:|1758316973
|switch|p2a: Tornadus|Tornadus-Therian, M|100/100
|turn|41
|
|t:|1758316977
|move|p1a: Great Tusk|Ice Spinner|p2a: Tornadus
|-supereffective|p2a: Tornadus
|-damage|p2a: Tornadus|25/100
|move|p2a: Tornadus|Grass Knot|p1a: Great Tusk
|-supereffective|p1a: Great Tusk
|-damage|p1a: Great Tusk|0 fnt
|faint|p1a: Great Tusk
|-end|p1a: Great Tusk|Protosynthesis|[silent]
|
|upkeep
|
|t:|1758316979
|switch|p1a: Sinistcha|Sinistcha|94/100
|turn|42
|
|t:|1758316984
|move|p2a: Tornadus|U-turn|p1a: Sinistcha
|-damage|p1a: Sinistcha|82/100
|
|t:|1758316985
|switch|p2a: Iron Boulder|Iron Boulder|78/100|[from] U-turn
|move|p1a: Sinistcha|Shadow Ball|p2a: Iron Boulder
|-supereffective|p2a: Iron Boulder
|-damage|p2a: Iron Boulder|11/100
|-unboost|p2a: Iron Boulder|spd|1
|
|upkeep
|turn|43
|
|t:|1758316990
|move|p2a: Iron Boulder|Psycho Cut|p1a: Sinistcha
|-damage|p1a: Sinistcha|45/100
|move|p1a: Sinistcha|Strength Sap|p2a: Iron Boulder
|-unboost|p2a: Iron Boulder|atk|1
|-heal|p1a: Sinistcha|100/100
|
|upkeep
|turn|44
|inactive|boinkaboinka has 120 seconds left.
|
|t:|1758317023
|-end|p2a: Iron Boulder|Quark Drive|[silent]
|switch|p2a: Tornadus|Tornadus-Therian, M|58/100
|move|p1a: Sinistcha|Calm Mind|p1a: Sinistcha
|-boost|p1a: Sinistcha|spa|1
|-boost|p1a: Sinistcha|spd|1
|
|upkeep
|turn|45
|
|t:|1758317031
|move|p2a: Tornadus|Bleakwind Storm|p1a: Sinistcha
|-supereffective|p1a: Sinistcha
|-damage|p1a: Sinistcha|33/100
|move|p1a: Sinistcha|Shadow Ball|p2a: Tornadus
|-damage|p2a: Tornadus|25/100
|
|upkeep
|turn|46
|inactive|boinkaboinka has 120 seconds left.
|c|☆boinkaboinka|20%
|
|t:|1758317056
|move|p2a: Tornadus|Bleakwind Storm|p1a: Sinistcha
|-supereffective|p1a: Sinistcha
|-damage|p1a: Sinistcha|0 fnt
|faint|p1a: Sinistcha
|
|win|Just Icicle
|raw|boinkaboinka's rating: 1565 &rarr; <strong>1541</strong><br />(-24 for losing)
|raw|Just Icicle's rating: 1503 &rarr; <strong>1527</strong><br />(+24 for winning)
|c|☆boinkaboinka|gg
|c|☆Just Icicle|gg
|l|☆Just Icicle
|player|p2|
|l|☆boinkaboinka
|player|p1|
