|j|‽SkyN64
|j|☆tatak999
|t:|1758261693
|gametype|singles
|player|p1|SkyN64|roxie|1185
|player|p2|tatak999|pokekid|1234
|gen|9
|tier|[Gen 9] OU
|rated|
|rule|HP Percentage Mod: HP is shown in percentages
|rule|Endless Battle Clause: Forcing endless battles is banned
|rule|Species Clause: Limit one of each Pokémon
|rule|OHKO Clause: OHKO moves are banned
|rule|Evasion Items Clause: Evasion items are banned
|rule|Evasion Moves Clause: Evasion moves are banned
|rule|Evasion Abilities Clause: Evasion abilities are banned
|rule|Sleep Moves Clause: Sleep-inducing moves are banned
|clearpoke
|poke|p1|Salamence, F|
|poke|p1|Mienshao, F|
|poke|p1|Darkrai|
|poke|p1|Hatterene, F|
|poke|p1|Corviknight, M|
|poke|p1|Primarina, F|
|poke|p2|Meowscarada, M|
|poke|p2|Kingambit, M|
|poke|p2|Dragonite, M|
|poke|p2|Slowking, F|
|poke|p2|Cinderace, F|
|poke|p2|Great Tusk|
|teampreview
|inactive|Battle timer is ON: inactive players will automatically lose when time's up. (requested by tatak999)
|
|t:|1758261709
|teamsize|p1|6
|teamsize|p2|6
|start
|switch|p1a: Darkrai|Darkrai|100/100
|switch|p2a: Dragonite|Dragonite, M, shiny|100/100
|turn|1
|
|t:|1758261715
|move|p2a: Dragonite|Extreme Speed|p1a: Darkrai
|-damage|p1a: Darkrai|41/100
|move|p1a: Darkrai|Thunder Wave|p2a: Dragonite|[miss]
|-miss|p1a: Darkrai|p2a: Dragonite
|
|upkeep
|turn|2
|
|t:|1758261723
|switch|p1a: Hatterene|Hatterene, F|100/100
|move|p2a: Dragonite|Extreme Speed|p1a: Hatterene
|-damage|p1a: Hatterene|62/100
|
|-heal|p1a: Hatterene|67/100|[from] item: Leftovers
|upkeep
|turn|3
|
|t:|1758261731
|switch|p2a: Cinderace|Cinderace, F, shiny|100/100
|move|p1a: Hatterene|Nuzzle|p2a: Cinderace
|-crit|p2a: Cinderace
|-damage|p2a: Cinderace|94/100
|-status|p2a: Cinderace|par
|
|-heal|p1a: Hatterene|73/100|[from] item: Leftovers
|upkeep
|turn|4
|
|t:|1758261743
|cant|p2a: Cinderace|par
|move|p1a: Hatterene|Future Sight|p2a: Cinderace
|-start|p1a: Hatterene|move: Future Sight
|
|-heal|p1a: Hatterene|79/100|[from] item: Leftovers
|upkeep
|turn|5
|
|t:|1758261757
|switch|p1a: Darkrai|Darkrai|41/100
|move|p2a: Cinderace|U-turn|p1a: Darkrai
|-start|p2a: Cinderace|typechange|Bug|[from] ability: Libero
|-supereffective|p1a: Darkrai
|-crit|p1a: Darkrai
|-damage|p1a: Darkrai|0 fnt
|faint|p1a: Darkrai
|
|t:|1758261761
|switch|p2a: Meowscarada|Meowscarada, M, shiny|100/100|[from] U-turn
|
|upkeep
|
|t:|1758261770
|switch|p1a: Corviknight|Corviknight, M|100/100
|-ability|p1a: Corviknight|Pressure
|turn|6
|
|t:|1758261775
|move|p2a: Meowscarada|Knock Off|p1a: Corviknight
|-start|p2a: Meowscarada|typechange|Dark|[from] ability: Protean
|-damage|p1a: Corviknight|76/100
|-damage|p2a: Meowscarada|84/100|[from] item: Rocky Helmet|[of] p1a: Corviknight
|-enditem|p1a: Corviknight|Rocky Helmet|[from] move: Knock Off|[of] p2a: Meowscarada
|move|p1a: Corviknight|Brave Bird|p2a: Meowscarada
|-damage|p2a: Meowscarada|27/100
|-damage|p1a: Corviknight|62/100|[from] Recoil
|
|-end|p2a: Meowscarada|move: Future Sight
|-immune|p2a: Meowscarada
|upkeep
|turn|7
|
|t:|1758261791
|switch|p2a: Kingambit|Kingambit, M, shiny|100/100
|move|p1a: Corviknight|Brave Bird|p2a: Kingambit
|-resisted|p2a: Kingambit
|-damage|p2a: Kingambit|87/100
|-damage|p1a: Corviknight|57/100|[from] Recoil
|
|-heal|p2a: Kingambit|93/100|[from] item: Leftovers
|upkeep
|turn|8
|
|t:|1758261801
|move|p1a: Corviknight|Body Press|p2a: Kingambit
|-supereffective|p2a: Kingambit
|-damage|p2a: Kingambit|19/100
|move|p2a: Kingambit|Iron Head|p1a: Corviknight
|-resisted|p1a: Corviknight
|-damage|p1a: Corviknight|43/100
|
|-heal|p2a: Kingambit|25/100|[from] item: Leftovers
|upkeep
|turn|9
|
|t:|1758261810
|move|p2a: Kingambit|Sucker Punch|p1a: Corviknight
|-damage|p1a: Corviknight|18/100
|move|p1a: Corviknight|Body Press|p2a: Kingambit
|-supereffective|p2a: Kingambit
|-damage|p2a: Kingambit|0 fnt
|faint|p2a: Kingambit
|-end|p2a: Kingambit|fallenundefined|[silent]
|
|upkeep
|
|t:|1758261814
|switch|p2a: Cinderace|Cinderace, F, shiny|94/100 par
|turn|10
|
|t:|1758261820
|cant|p2a: Cinderace|par
|move|p1a: Corviknight|Brave Bird|p2a: Cinderace
|-damage|p2a: Cinderace|51/100 par
|-damage|p1a: Corviknight|6/100|[from] Recoil
|
|upkeep
|turn|11
|
|t:|1758261827
|move|p2a: Cinderace|U-turn|p1a: Corviknight
|-start|p2a: Cinderace|typechange|Bug|[from] ability: Libero
|-resisted|p1a: Corviknight
|-damage|p1a: Corviknight|2/100
|
|t:|1758261833
|switch|p2a: Great Tusk|Great Tusk, shiny|100/100|[from] U-turn
|move|p1a: Corviknight|Brave Bird|p2a: Great Tusk
|-supereffective|p2a: Great Tusk
|-damage|p2a: Great Tusk|63/100
|-damage|p1a: Corviknight|0 fnt|[from] item: Rocky Helmet|[of] p2a: Great Tusk
|faint|p1a: Corviknight
|
|upkeep
|
|t:|1758261846
|switch|p1a: Primarina|Primarina, F, shiny|100/100
|turn|12
|
|t:|1758261855
|-end|p2a: Great Tusk|Protosynthesis|[silent]
|switch|p2a: Slowking|Slowking, F, shiny|100/100
|move|p1a: Primarina|Draining Kiss|p2a: Slowking
|-crit|p2a: Slowking
|-damage|p2a: Slowking|81/100
|
|upkeep
|turn|13
|
|t:|1758261862
|move|p1a: Primarina|Calm Mind|p1a: Primarina
|-boost|p1a: Primarina|spa|1
|-boost|p1a: Primarina|spd|1
|move|p2a: Slowking|Future Sight|p1a: Primarina
|-start|p2a: Slowking|move: Future Sight
|
|upkeep
|turn|14
|
|t:|1758261868
|move|p1a: Primarina|Substitute|p1a: Primarina
|-start|p1a: Primarina|Substitute
|-damage|p1a: Primarina|76/100
|-prepare|p2a: Slowking|Chilly Reception|[premajor]
|move|p2a: Slowking|Chilly Reception|p2a: Slowking
|-weather|Snowscape
|
|t:|1758261872
|switch|p2a: Great Tusk|Great Tusk, shiny|63/100|[from] Chilly Reception
|
|-weather|Snowscape|[upkeep]
|-heal|p1a: Primarina|82/100|[from] item: Leftovers
|upkeep
|turn|15
|
|t:|1758261880
|move|p2a: Great Tusk|Earthquake|p1a: Primarina
|-end|p1a: Primarina|Substitute
|move|p1a: Primarina|Draining Kiss|p2a: Great Tusk
|-supereffective|p2a: Great Tusk
|-damage|p2a: Great Tusk|0 fnt
|-heal|p1a: Primarina|100/100|[from] drain|[of] p2a: Great Tusk
|-damage|p1a: Primarina|84/100|[from] item: Rocky Helmet|[of] p2a: Great Tusk
|faint|p2a: Great Tusk
|-end|p2a: Great Tusk|Protosynthesis|[silent]
|
|-weather|Snowscape|[upkeep]
|-end|p1a: Primarina|move: Future Sight
|-damage|p1a: Primarina|59/100
|-heal|p1a: Primarina|65/100|[from] item: Leftovers
|upkeep
|
|t:|1758261886
|switch|p2a: Meowscarada|Meowscarada, M, shiny|27/100
|turn|16
|inactive|SkyN64 has 120 seconds left.
|
|t:|1758261917
|move|p2a: Meowscarada|U-turn|p1a: Primarina
|-start|p2a: Meowscarada|typechange|Bug|[from] ability: Protean
|-resisted|p1a: Primarina
|-damage|p1a: Primarina|52/100
|
|t:|1758261922
|switch|p2a: Slowking|Slowking, F, shiny|100/100|[from] U-turn
|move|p1a: Primarina|Draining Kiss|p2a: Slowking
|-damage|p2a: Slowking|83/100
|-heal|p1a: Primarina|66/100|[from] drain|[of] p2a: Slowking
|
|-weather|Snowscape|[upkeep]
|-heal|p1a: Primarina|72/100|[from] item: Leftovers
|upkeep
|turn|17
|
|t:|1758261932
|move|p1a: Primarina|Substitute|p1a: Primarina
|-start|p1a: Primarina|Substitute
|-damage|p1a: Primarina|47/100
|-prepare|p2a: Slowking|Chilly Reception|[premajor]
|move|p2a: Slowking|Chilly Reception|p2a: Slowking
|
|t:|1758261935
|switch|p2a: Meowscarada|Meowscarada, M, shiny|27/100|[from] Chilly Reception
|
|-weather|Snowscape|[upkeep]
|-heal|p1a: Primarina|53/100|[from] item: Leftovers
|upkeep
|turn|18
|
|t:|1758261944
|move|p2a: Meowscarada|Flower Trick|p1a: Primarina
|-start|p2a: Meowscarada|typechange|Grass|[from] ability: Protean
|-supereffective|p1a: Primarina
|-crit|p1a: Primarina
|-end|p1a: Primarina|Substitute
|move|p1a: Primarina|Draining Kiss|p2a: Meowscarada
|-damage|p2a: Meowscarada|0 fnt
|-heal|p1a: Primarina|69/100|[from] drain|[of] p2a: Meowscarada
|faint|p2a: Meowscarada
|
|-weather|none
|-heal|p1a: Primarina|75/100|[from] item: Leftovers
|upkeep
|
|t:|1758261948
|switch|p2a: Dragonite|Dragonite, M, shiny|100/100
|turn|19
|
|t:|1758261960
|-terastallize|p2a: Dragonite|Flying
|move|p2a: Dragonite|Tera Blast|p1a: Primarina|[anim] Tera Blast Flying
|-damage|p1a: Primarina|0 fnt
|faint|p1a: Primarina
|
|upkeep
|
|t:|1758261968
|switch|p1a: Hatterene|Hatterene, F|79/100
|turn|20
|
|t:|1758261972
|move|p2a: Dragonite|Tera Blast|p1a: Hatterene|[anim] Tera Blast Flying
|-damage|p1a: Hatterene|0 fnt
|faint|p1a: Hatterene
|
|upkeep
|
|t:|1758261978
|switch|p1a: Mienshao|Mienshao, F|100/100
|turn|21
|
|t:|1758261983
|move|p1a: Mienshao|Fake Out|p2a: Dragonite
|-damage|p2a: Dragonite|91/100
|-damage|p1a: Mienshao|91/100|[from] item: Life Orb
|cant|p2a: Dragonite|flinch
|
|upkeep
|turn|22
|
|t:|1758261991
|move|p1a: Mienshao|Knock Off|p2a: Dragonite
|-damage|p2a: Dragonite|40/100
|-enditem|p2a: Dragonite|Choice Band|[from] move: Knock Off|[of] p1a: Mienshao
|-damage|p1a: Mienshao|81/100|[from] item: Life Orb
|move|p2a: Dragonite|Tera Blast|p1a: Mienshao|[anim] Tera Blast Flying
|-supereffective|p1a: Mienshao
|-damage|p1a: Mienshao|0 fnt
|faint|p1a: Mienshao
|
|upkeep
|
|t:|1758262000
|switch|p1a: Salamence|Salamence, F|100/100
|turn|23
|
|t:|1758262005
|-terastallize|p1a: Salamence|Steel
|move|p2a: Dragonite|Extreme Speed|p1a: Salamence
|-resisted|p1a: Salamence
|-damage|p1a: Salamence|82/100
|move|p1a: Salamence|Dragon Dance|p1a: Salamence
|-boost|p1a: Salamence|atk|1
|-boost|p1a: Salamence|spe|1
|
|upkeep
|turn|24
|
|t:|1758262014
|move|p1a: Salamence|Dragon Claw|p2a: Dragonite
|-damage|p2a: Dragonite|0 fnt
|faint|p2a: Dragonite
|-ability|p1a: Salamence|Moxie|boost
|-boost|p1a: Salamence|atk|1
|
|upkeep
|
|t:|1758262017
|switch|p2a: Cinderace|Cinderace, F, shiny|51/100 par
|turn|25
|
|t:|1758262024
|move|p1a: Salamence|Earthquake|p2a: Cinderace
|-supereffective|p2a: Cinderace
|-damage|p2a: Cinderace|0 fnt
|faint|p2a: Cinderace
|-ability|p1a: Salamence|Moxie|boost
|-boost|p1a: Salamence|atk|1
|
|upkeep
|
|t:|1758262026
|switch|p2a: Slowking|Slowking, F, shiny|100/100
|turn|26
|
|t:|1758262032
|move|p1a: Salamence|Dragon Claw|p2a: Slowking
|-damage|p2a: Slowking|0 fnt
|faint|p2a: Slowking
|
|win|SkyN64
|raw|SkyN64's rating: 1185 &rarr; <strong>1214</strong><br />(+29 for winning)
|raw|tatak999's rating: 1234 &rarr; <strong>1205</strong><br />(-29 for losing)
|l|☆tatak999
|player|p2|
|l|‽SkyN64
|player|p1|
