|j|☆MK5
|j|☆Shibuya Arc
|t:|1758254401
|gametype|singles
|player|p1|MK5|hiker-gen4|1502
|player|p2|Shibuya Arc|265|1532
|gen|9
|tier|[Gen 9] OU
|rated|
|rule|HP Percentage Mod: HP is shown in percentages
|rule|Endless Battle Clause: Forcing endless battles is banned
|rule|Species Clause: Limit one of each Pokémon
|rule|OHKO Clause: OHKO moves are banned
|rule|Evasion Items Clause: Evasion items are banned
|rule|Evasion Moves Clause: Evasion moves are banned
|rule|Evasion Abilities Clause: Evasion abilities are banned
|rule|Sleep Moves Clause: Sleep-inducing moves are banned
|clearpoke
|poke|p1|Dragonite, M|
|poke|p1|Ting-Lu|
|poke|p1|Gholdengo|
|poke|p1|Moltres|
|poke|p1|Great Tusk|
|poke|p1|Dragapult, F|
|poke|p2|Dragapult, F|
|poke|p2|Dragonite, F|
|poke|p2|Ting-Lu|
|poke|p2|Weezing-Galar, F|
|poke|p2|Iron Crown|
|poke|p2|Zapdos|
|teampreview
|inactive|Battle timer is ON: inactive players will automatically lose when time's up. (requested by Shibuya Arc)
|
|t:|1758254431
|teamsize|p1|6
|teamsize|p2|6
|start
|switch|p1a: Dragapult|Dragapult, F|100/100
|switch|p2a: Ting-Lu|Ting-Lu|100/100
|-ability|p2a: Ting-Lu|Vessel of Ruin
|turn|1
|
|t:|1758254437
|move|p1a: Dragapult|Will-O-Wisp|p2a: Ting-Lu
|-status|p2a: Ting-Lu|brn
|move|p2a: Ting-Lu|Ruination|p1a: Dragapult
|-damage|p1a: Dragapult|51/100
|
|-damage|p2a: Ting-Lu|94/100 brn|[from] brn
|upkeep
|turn|2
|
|t:|1758254450
|move|p1a: Dragapult|U-turn|p2a: Ting-Lu
|-supereffective|p2a: Ting-Lu
|-damage|p2a: Ting-Lu|74/100 brn
|
|t:|1758254453
|switch|p1a: Great Tusk|Great Tusk|100/100|[from] U-turn
|move|p2a: Ting-Lu|Ruination|p1a: Great Tusk|[miss]
|-miss|p2a: Ting-Lu|p1a: Great Tusk
|
|-heal|p2a: Ting-Lu|80/100 brn|[from] item: Leftovers
|-damage|p2a: Ting-Lu|74/100 brn|[from] brn
|upkeep
|turn|3
|
|t:|1758254462
|move|p1a: Great Tusk|Knock Off|p2a: Ting-Lu
|-resisted|p2a: Ting-Lu
|-crit|p2a: Ting-Lu
|-damage|p2a: Ting-Lu|62/100 brn
|-enditem|p2a: Ting-Lu|Leftovers|[from] move: Knock Off|[of] p1a: Great Tusk
|move|p2a: Ting-Lu|Ruination|p1a: Great Tusk
|-damage|p1a: Great Tusk|50/100
|
|-damage|p2a: Ting-Lu|56/100 brn|[from] brn
|upkeep
|turn|4
|
|t:|1758254473
|move|p1a: Great Tusk|Knock Off|p2a: Ting-Lu
|-resisted|p2a: Ting-Lu
|-damage|p2a: Ting-Lu|51/100 brn
|move|p2a: Ting-Lu|Ruination|p1a: Great Tusk
|-damage|p1a: Great Tusk|26/100
|
|-damage|p2a: Ting-Lu|45/100 brn|[from] brn
|upkeep
|turn|5
|inactive|MK5 has 120 seconds left.
|
|t:|1758254518
|switch|p2a: Zapdos|Zapdos|100/100
|move|p1a: Great Tusk|Ice Spinner|p2a: Zapdos
|-supereffective|p2a: Zapdos
|-damage|p2a: Zapdos|43/100
|
|upkeep
|turn|6
|
|t:|1758254525
|-end|p1a: Great Tusk|Protosynthesis|[silent]
|switch|p1a: Ting-Lu|Ting-Lu|100/100
|-ability|p1a: Ting-Lu|Vessel of Ruin
|move|p2a: Zapdos|Hurricane|p1a: Ting-Lu
|-damage|p1a: Ting-Lu|76/100
|
|-heal|p1a: Ting-Lu|82/100|[from] item: Leftovers
|upkeep
|turn|7
|
|t:|1758254535
|move|p2a: Zapdos|Hurricane|p1a: Ting-Lu
|-damage|p1a: Ting-Lu|59/100
|move|p1a: Ting-Lu|Stealth Rock|p2a: Zapdos
|-sidestart|p2: Shibuya Arc|move: Stealth Rock
|
|-heal|p1a: Ting-Lu|65/100|[from] item: Leftovers
|upkeep
|turn|8
|inactive|MK5 has 120 seconds left.
|
|t:|1758254542
|move|p2a: Zapdos|Hurricane|p1a: Ting-Lu|[miss]
|-miss|p2a: Zapdos|p1a: Ting-Lu
|move|p1a: Ting-Lu|Whirlwind|p2a: Zapdos
|drag|p2a: Dragonite|Dragonite, F|100/100
|
|-heal|p1a: Ting-Lu|71/100|[from] item: Leftovers
|upkeep
|turn|9
|
|t:|1758254550
|switch|p2a: Zapdos|Zapdos|43/100
|switch|p1a: Moltres|Moltres|100/100
|
|upkeep
|turn|10
|inactive|MK5 has 120 seconds left.
|
|t:|1758254571
|switch|p1a: Ting-Lu|Ting-Lu|71/100
|-ability|p1a: Ting-Lu|Vessel of Ruin
|move|p2a: Zapdos|Roost|p2a: Zapdos
|-heal|p2a: Zapdos|93/100
|-singleturn|p2a: Zapdos|move: Roost
|
|-heal|p1a: Ting-Lu|77/100|[from] item: Leftovers
|upkeep
|turn|11
|inactive|MK5 has 120 seconds left.
|
|t:|1758254580
|switch|p2a: Ting-Lu|Ting-Lu|45/100 brn
|-damage|p2a: Ting-Lu|39/100 brn|[from] Stealth Rock
|-ability|p2a: Ting-Lu|Vessel of Ruin
|move|p1a: Ting-Lu|Spikes|p2a: Ting-Lu
|-sidestart|p2: Shibuya Arc|Spikes
|
|-heal|p1a: Ting-Lu|84/100|[from] item: Leftovers
|-damage|p2a: Ting-Lu|32/100 brn|[from] brn
|upkeep
|turn|12
|
|t:|1758254590
|move|p2a: Ting-Lu|Ruination|p1a: Ting-Lu
|-damage|p1a: Ting-Lu|42/100
|move|p1a: Ting-Lu|Earthquake|p2a: Ting-Lu
|-damage|p2a: Ting-Lu|11/100 brn
|
|-heal|p1a: Ting-Lu|48/100|[from] item: Leftovers
|-damage|p2a: Ting-Lu|5/100 brn|[from] brn
|upkeep
|turn|13
|
|t:|1758254598
|move|p2a: Ting-Lu|Ruination|p1a: Ting-Lu
|-damage|p1a: Ting-Lu|24/100
|move|p1a: Ting-Lu|Earthquake|p2a: Ting-Lu
|-damage|p2a: Ting-Lu|0 fnt
|faint|p2a: Ting-Lu
|
|-heal|p1a: Ting-Lu|31/100|[from] item: Leftovers
|upkeep
|
|t:|1758254604
|switch|p2a: Zapdos|Zapdos|93/100
|turn|14
|
|t:|1758254609
|move|p2a: Zapdos|Hurricane|p1a: Ting-Lu
|-damage|p1a: Ting-Lu|5/100
|-start|p1a: Ting-Lu|confusion
|-activate|p1a: Ting-Lu|confusion
|move|p1a: Ting-Lu|Spikes|p2a: Zapdos
|-sidestart|p2: Shibuya Arc|Spikes
|
|-heal|p1a: Ting-Lu|12/100|[from] item: Leftovers
|upkeep
|turn|15
|
|t:|1758254617
|move|p2a: Zapdos|Hurricane|p1a: Ting-Lu
|-damage|p1a: Ting-Lu|0 fnt
|faint|p1a: Ting-Lu
|
|upkeep
|
|t:|1758254628
|switch|p1a: Dragapult|Dragapult, F|51/100
|turn|16
|
|t:|1758254633
|move|p1a: Dragapult|Will-O-Wisp|p2a: Zapdos|[miss]
|-miss|p1a: Dragapult|p2a: Zapdos
|move|p2a: Zapdos|Roost|p2a: Zapdos
|-heal|p2a: Zapdos|100/100
|-singleturn|p2a: Zapdos|move: Roost
|
|upkeep
|turn|17
|
|t:|1758254640
|move|p1a: Dragapult|Dragon Darts|p2a: Zapdos
|-damage|p2a: Zapdos|77/100
|-anim|p1a: Dragapult|Dragon Darts|p2a: Zapdos
|-damage|p2a: Zapdos|53/100
|move|p2a: Zapdos|Roost|p2a: Zapdos
|-heal|p2a: Zapdos|100/100
|-singleturn|p2a: Zapdos|move: Roost
|
|upkeep
|turn|18
|
|t:|1758254654
|move|p1a: Dragapult|Dragon Darts|p2a: Zapdos
|-damage|p2a: Zapdos|73/100
|-anim|p1a: Dragapult|Dragon Darts|p2a: Zapdos
|-damage|p2a: Zapdos|46/100
|move|p2a: Zapdos|Roost|p2a: Zapdos
|-heal|p2a: Zapdos|96/100
|-singleturn|p2a: Zapdos|move: Roost
|
|upkeep
|turn|19
|
|t:|1758254663
|move|p1a: Dragapult|Dragon Darts|p2a: Zapdos
|-damage|p2a: Zapdos|73/100
|-anim|p1a: Dragapult|Dragon Darts|p2a: Zapdos
|-damage|p2a: Zapdos|47/100
|move|p2a: Zapdos|Roost|p2a: Zapdos
|-heal|p2a: Zapdos|97/100
|-singleturn|p2a: Zapdos|move: Roost
|
|upkeep
|turn|20
|
|t:|1758254671
|move|p1a: Dragapult|Will-O-Wisp|p2a: Zapdos
|-status|p2a: Zapdos|brn
|move|p2a: Zapdos|Roost|p2a: Zapdos
|-heal|p2a: Zapdos|100/100 brn
|-singleturn|p2a: Zapdos|move: Roost
|
|-damage|p2a: Zapdos|94/100 brn|[from] brn
|upkeep
|turn|21
|
|t:|1758254679
|move|p1a: Dragapult|Hex|p2a: Zapdos
|-damage|p2a: Zapdos|28/100 brn
|move|p2a: Zapdos|Hurricane|p1a: Dragapult
|-damage|p1a: Dragapult|0 fnt
|faint|p1a: Dragapult
|
|-damage|p2a: Zapdos|22/100 brn|[from] brn
|upkeep
|
|t:|1758254689
|switch|p1a: Gholdengo|Gholdengo|100/100
|turn|22
|
|t:|1758254694
|switch|p2a: Dragonite|Dragonite, F|100/100
|move|p1a: Gholdengo|Shadow Ball|p2a: Dragonite
|-damage|p2a: Dragonite|79/100
|
|upkeep
|turn|23
|
|t:|1758254702
|switch|p1a: Moltres|Moltres|100/100
|move|p2a: Dragonite|Dragon Dance|p2a: Dragonite
|-boost|p2a: Dragonite|atk|1
|-boost|p2a: Dragonite|spe|1
|
|upkeep
|turn|24
|
|t:|1758254708
|switch|p2a: Zapdos|Zapdos|22/100 brn
|move|p1a: Moltres|Roar|p2a: Zapdos
|drag|p2a: Weezing|Weezing-Galar, F|100/100
|-ability|p2a: Weezing|Neutralizing Gas
|
|upkeep
|turn|25
|
|t:|1758254717
|switch|p1a: Gholdengo|Gholdengo|100/100
|-end|p2a: Weezing|ability: Neutralizing Gas
|switch|p2a: Dragonite|Dragonite, F|79/100
|
|upkeep
|turn|26
|
|t:|1758254724
|move|p1a: Gholdengo|Trick|p2a: Dragonite
|-activate|p1a: Gholdengo|move: Trick|[of] p2a: Dragonite
|-item|p2a: Dragonite|Choice Scarf|[from] move: Trick
|-item|p1a: Gholdengo|Heavy-Duty Boots|[from] move: Trick
|move|p2a: Dragonite|Roost|p2a: Dragonite
|-heal|p2a: Dragonite|100/100
|-singleturn|p2a: Dragonite|move: Roost
|
|upkeep
|turn|27
|
|t:|1758254731
|move|p2a: Dragonite|Roost||[still]
|-fail|p2a: Dragonite|heal
|move|p1a: Gholdengo|Shadow Ball|p2a: Dragonite
|-damage|p2a: Dragonite|79/100
|
|upkeep
|turn|28
|
|t:|1758254740
|move|p2a: Dragonite|Roost|p2a: Dragonite
|-heal|p2a: Dragonite|100/100
|-singleturn|p2a: Dragonite|move: Roost
|move|p1a: Gholdengo|Shadow Ball|p2a: Dragonite
|-damage|p2a: Dragonite|81/100
|
|upkeep
|turn|29
|
|t:|1758254749
|move|p2a: Dragonite|Roost|p2a: Dragonite
|-heal|p2a: Dragonite|100/100
|-singleturn|p2a: Dragonite|move: Roost
|move|p1a: Gholdengo|Shadow Ball|p2a: Dragonite
|-damage|p2a: Dragonite|78/100
|-unboost|p2a: Dragonite|spd|1
|
|upkeep
|turn|30
|
|t:|1758254757
|move|p2a: Dragonite|Roost|p2a: Dragonite
|-heal|p2a: Dragonite|100/100
|-singleturn|p2a: Dragonite|move: Roost
|move|p1a: Gholdengo|Shadow Ball|p2a: Dragonite
|-damage|p2a: Dragonite|70/100
|
|upkeep
|turn|31
|
|t:|1758254767
|switch|p1a: Moltres|Moltres|100/100
|move|p2a: Dragonite|Roost|p2a: Dragonite
|-heal|p2a: Dragonite|100/100
|-singleturn|p2a: Dragonite|move: Roost
|
|upkeep
|turn|32
|
|t:|1758254774
|switch|p2a: Dragapult|Dragapult, F|100/100
|move|p1a: Moltres|U-turn|p2a: Dragapult
|-resisted|p2a: Dragapult
|-damage|p2a: Dragapult|91/100
|-start|p1a: Moltres|Disable|U-turn|[from] ability: Cursed Body|[of] p2a: Dragapult
|
|t:|1758254795
|switch|p1a: Dragonite|Dragonite, M|100/100|[from] U-turn
|
|upkeep
|turn|33
|
|t:|1758254800
|move|p2a: Dragapult|Will-O-Wisp|p1a: Dragonite
|-status|p1a: Dragonite|brn
|move|p1a: Dragonite|Ice Spinner|p2a: Dragapult
|-supereffective|p2a: Dragapult
|-damage|p2a: Dragapult|48/100
|
|-damage|p1a: Dragonite|94/100 brn|[from] brn
|upkeep
|turn|34
|
|t:|1758254812
|-terastallize|p1a: Dragonite|Normal
|move|p2a: Dragapult|Dragon Darts|p1a: Dragonite
|-damage|p1a: Dragonite|69/100 brn
|-anim|p2a: Dragapult|Dragon Darts|p1a: Dragonite
|-damage|p1a: Dragonite|45/100 brn
|move|p1a: Dragonite|Ice Spinner|p2a: Dragapult
|-supereffective|p2a: Dragapult
|-damage|p2a: Dragapult|5/100
|
|-damage|p1a: Dragonite|39/100 brn|[from] brn
|upkeep
|turn|35
|
|t:|1758254823
|move|p2a: Dragapult|Dragon Darts|p1a: Dragonite
|-damage|p1a: Dragonite|14/100 brn
|-anim|p2a: Dragapult|Dragon Darts|p1a: Dragonite
|-damage|p1a: Dragonite|0 fnt
|faint|p1a: Dragonite
|
|upkeep
|
|t:|1758254830
|switch|p1a: Moltres|Moltres|100/100
|turn|36
|
|t:|1758254834
|switch|p2a: Zapdos|Zapdos|22/100 brn
|move|p1a: Moltres|U-turn|p2a: Zapdos
|-resisted|p2a: Zapdos
|-damage|p2a: Zapdos|14/100 brn
|
|t:|1758254842
|switch|p1a: Gholdengo|Gholdengo|100/100|[from] U-turn
|
|-damage|p2a: Zapdos|8/100 brn|[from] brn
|upkeep
|turn|37
|
|t:|1758254846
|move|p2a: Zapdos|Roost|p2a: Zapdos
|-heal|p2a: Zapdos|58/100 brn
|-singleturn|p2a: Zapdos|move: Roost
|move|p1a: Gholdengo|Shadow Ball|p2a: Zapdos
|-damage|p2a: Zapdos|7/100 brn
|-unboost|p2a: Zapdos|spd|1
|
|-damage|p2a: Zapdos|1/100 brn|[from] brn
|upkeep
|turn|38
|
|t:|1758254858
|switch|p1a: Great Tusk|Great Tusk|26/100
|move|p2a: Zapdos|Heat Wave|p1a: Great Tusk
|-damage|p1a: Great Tusk|0 fnt
|faint|p1a: Great Tusk
|-end|p1a: Great Tusk|Protosynthesis|[silent]
|
|-damage|p2a: Zapdos|0 fnt|[from] brn
|faint|p2a: Zapdos
|upkeep
|
|t:|1758254868
|switch|p2a: Weezing|Weezing-Galar, F|100/100
|switch|p1a: Gholdengo|Gholdengo|100/100
|-ability|p2a: Weezing|Neutralizing Gas
|turn|39
|
|t:|1758254878
|move|p1a: Gholdengo|Make It Rain|p2a: Weezing
|-supereffective|p2a: Weezing
|-damage|p2a: Weezing|0 fnt
|-unboost|p1a: Gholdengo|spa|1
|faint|p2a: Weezing
|-end|p2a: Weezing|ability: Neutralizing Gas
|
|upkeep
|
|t:|1758254884
|switch|p2a: Iron Crown|Iron Crown|100/100
|-damage|p2a: Iron Crown|94/100|[from] Stealth Rock
|-damage|p2a: Iron Crown|78/100|[from] Spikes
|turn|40
|
|t:|1758254889
|switch|p1a: Moltres|Moltres|100/100
|-terastallize|p2a: Iron Crown|Steel
|move|p2a: Iron Crown|Tachyon Cutter|p1a: Moltres
|-resisted|p1a: Moltres
|-damage|p1a: Moltres|74/100
|-resisted|p1a: Moltres
|-damage|p1a: Moltres|50/100
|-hitcount|p1a: Moltres|2
|
|upkeep
|turn|41
|
|t:|1758254900
|move|p2a: Iron Crown|Tachyon Cutter|p1a: Moltres
|-resisted|p1a: Moltres
|-damage|p1a: Moltres|25/100
|-resisted|p1a: Moltres
|-damage|p1a: Moltres|0 fnt
|faint|p1a: Moltres
|-hitcount|p1: Moltres|2
|
|upkeep
|
|t:|1758254905
|switch|p1a: Gholdengo|Gholdengo|100/100
|turn|42
|
|t:|1758254909
|move|p2a: Iron Crown|Tachyon Cutter|p1a: Gholdengo
|-resisted|p1a: Gholdengo
|-damage|p1a: Gholdengo|71/100
|-resisted|p1a: Gholdengo
|-damage|p1a: Gholdengo|44/100
|-hitcount|p1a: Gholdengo|2
|move|p1a: Gholdengo|Shadow Ball|p2a: Iron Crown
|-damage|p2a: Iron Crown|34/100
|
|upkeep
|turn|43
|-message|MK5 forfeited.
|
|win|Shibuya Arc
|raw|MK5's rating: 1502 &rarr; <strong>1484</strong><br />(-18 for losing)
|raw|Shibuya Arc's rating: 1532 &rarr; <strong>1550</strong><br />(+18 for winning)
|l|☆MK5
|player|p1|
|l|☆Shibuya Arc
|player|p2|
