|j|‽KelTheMaster
|j|☆apotato135
|t:|1758294091
|gametype|singles
|player|p1|KelTheMaster|2|1449
|player|p2|apotato135|swimmer-gen4dp|1443
|gen|9
|tier|[Gen 9] OU
|rated|
|rule|HP Percentage Mod: HP is shown in percentages
|rule|Endless Battle Clause: Forcing endless battles is banned
|rule|Species Clause: Limit one of each Pokémon
|rule|OHKO Clause: OHKO moves are banned
|rule|Evasion Items Clause: Evasion items are banned
|rule|Evasion Moves Clause: Evasion moves are banned
|rule|Evasion Abilities Clause: Evasion abilities are banned
|rule|Sleep Moves Clause: Sleep-inducing moves are banned
|clearpoke
|poke|p1|Darkrai|
|poke|p1|Dragonite, F|
|poke|p1|Hydrapple, F|
|poke|p1|Cinderace, M|
|poke|p1|Garganacl, F|
|poke|p1|Alomomola, M|
|poke|p2|Kyurem|
|poke|p2|Iron Valiant|
|poke|p2|Muk-Alola, F|
|poke|p2|Dragapult, M|
|poke|p2|Alomomola, F|
|poke|p2|Great Tusk|
|teampreview
|
|t:|1758294109
|teamsize|p1|6
|teamsize|p2|6
|start
|switch|p1a: Alomomola|Alomomola, M|100/100
|switch|p2a: Dragapult|Dragapult, M|100/100
|turn|1
|
|t:|1758294117
|switch|p1a: Garganacl|Garganacl, F|100/100
|move|p2a: Dragapult|Will-O-Wisp|p1a: Garganacl
|-immune|p1a: Garganacl|[from] ability: Purifying Salt
|
|upkeep
|turn|2
|
|t:|1758294125
|move|p2a: Dragapult|U-turn|p1a: Garganacl
|-damage|p1a: Garganacl|87/100
|
|t:|1758294129
|switch|p2a: Iron Valiant|Iron Valiant|100/100|[from] U-turn
|move|p1a: Garganacl|Salt Cure|p2a: Iron Valiant
|-resisted|p2a: Iron Valiant
|-damage|p2a: Iron Valiant|91/100
|-start|p2a: Iron Valiant|Salt Cure
|
|-heal|p1a: Garganacl|94/100|[from] item: Leftovers
|-damage|p2a: Iron Valiant|78/100|[from] Salt Cure
|upkeep
|turn|3
|
|t:|1758294142
|move|p2a: Iron Valiant|Trick|p1a: Garganacl
|-activate|p2a: Iron Valiant|move: Trick|[of] p1a: Garganacl
|-item|p1a: Garganacl|Choice Specs|[from] move: Trick
|-item|p2a: Iron Valiant|Leftovers|[from] move: Trick
|move|p1a: Garganacl|Recover|p1a: Garganacl
|-heal|p1a: Garganacl|100/100
|
|-heal|p2a: Iron Valiant|85/100|[from] item: Leftovers
|-damage|p2a: Iron Valiant|72/100|[from] Salt Cure
|upkeep
|turn|4
|
|t:|1758294154
|switch|p1a: Alomomola|Alomomola, M|100/100
|move|p2a: Iron Valiant|Trick|p1a: Alomomola
|-activate|p2a: Iron Valiant|move: Trick|[of] p1a: Alomomola
|-item|p1a: Alomomola|Leftovers|[from] move: Trick
|-item|p2a: Iron Valiant|Assault Vest|[from] move: Trick
|
|-damage|p2a: Iron Valiant|60/100|[from] Salt Cure
|upkeep
|turn|5
|
|t:|1758294162
|-end|p2a: Iron Valiant|Quark Drive|[silent]
|switch|p2a: Muk|Muk-Alola, F|100/100
|move|p1a: Alomomola|Flip Turn|p2a: Muk
|-damage|p2a: Muk|85/100
|
|t:|1758294169
|switch|p1a: Garganacl|Garganacl, F|100/100|[from] Flip Turn
|
|upkeep
|turn|6
|
|t:|1758294174
|switch|p2a: Great Tusk|Great Tusk|100/100
|move|p1a: Garganacl|Salt Cure|p2a: Great Tusk
|-resisted|p2a: Great Tusk
|-damage|p2a: Great Tusk|98/100
|-start|p2a: Great Tusk|Salt Cure
|
|-damage|p2a: Great Tusk|85/100|[from] Salt Cure
|upkeep
|turn|7
|
|t:|1758294184
|switch|p1a: Alomomola|Alomomola, M|100/100
|move|p2a: Great Tusk|Stealth Rock|p1a: Alomomola
|-sidestart|p1: KelTheMaster|move: Stealth Rock
|
|-damage|p2a: Great Tusk|73/100|[from] Salt Cure
|upkeep
|turn|8
|
|t:|1758294196
|-end|p2a: Great Tusk|Protosynthesis|[silent]
|switch|p2a: Dragapult|Dragapult, M|100/100
|move|p1a: Alomomola|Scald|p2a: Dragapult
|-resisted|p2a: Dragapult
|-damage|p2a: Dragapult|91/100
|-status|p2a: Dragapult|brn
|
|-damage|p2a: Dragapult|85/100 brn|[from] brn
|upkeep
|turn|9
|
|t:|1758294204
|switch|p1a: Garganacl|Garganacl, F|100/100
|-damage|p1a: Garganacl|88/100|[from] Stealth Rock
|move|p2a: Dragapult|U-turn|p1a: Garganacl
|-damage|p1a: Garganacl|82/100
|
|t:|1758294216
|switch|p2a: Iron Valiant|Iron Valiant|60/100|[from] U-turn
|
|upkeep
|turn|10
|
|t:|1758294224
|switch|p1a: Alomomola|Alomomola, M|100/100
|-damage|p1a: Alomomola|88/100|[from] Stealth Rock
|move|p2a: Iron Valiant|Moonblast|p1a: Alomomola
|-damage|p1a: Alomomola|48/100
|
|-heal|p1a: Alomomola|55/100|[from] item: Leftovers
|upkeep
|turn|11
|
|t:|1758294235
|-end|p2a: Iron Valiant|Quark Drive|[silent]
|switch|p2a: Muk|Muk-Alola, F|85/100
|switch|p1a: Garganacl|Garganacl, F|82/100
|-damage|p1a: Garganacl|69/100|[from] Stealth Rock
|
|upkeep
|turn|12
|
|t:|1758294242
|move|p2a: Muk|Drain Punch|p1a: Garganacl
|-supereffective|p1a: Garganacl
|-damage|p1a: Garganacl|47/100
|-heal|p2a: Muk|95/100|[from] drain|[of] p1a: Garganacl
|move|p1a: Garganacl|Salt Cure|p2a: Muk
|-damage|p2a: Muk|81/100
|-start|p2a: Muk|Salt Cure
|
|-damage|p2a: Muk|68/100|[from] Salt Cure
|upkeep
|turn|13
|
|t:|1758294252
|switch|p1a: Alomomola|Alomomola, M|88/100
|-damage|p1a: Alomomola|76/100|[from] Stealth Rock
|move|p2a: Muk|Drain Punch|p1a: Alomomola
|-damage|p1a: Alomomola|64/100
|-heal|p2a: Muk|75/100|[from] drain|[of] p1a: Alomomola
|
|-heal|p1a: Alomomola|71/100|[from] item: Leftovers
|-damage|p2a: Muk|62/100|[from] Salt Cure
|upkeep
|turn|14
|
|t:|1758294257
|switch|p1a: Garganacl|Garganacl, F|47/100
|-damage|p1a: Garganacl|35/100|[from] Stealth Rock
|move|p2a: Muk|Knock Off|p1a: Garganacl
|-damage|p1a: Garganacl|12/100
|-enditem|p1a: Garganacl|Choice Specs|[from] move: Knock Off|[of] p2a: Muk
|
|-damage|p2a: Muk|50/100|[from] Salt Cure
|upkeep
|turn|15
|
|t:|1758294261
|move|p2a: Muk|Drain Punch|p1a: Garganacl
|-supereffective|p1a: Garganacl
|-damage|p1a: Garganacl|0 fnt
|-heal|p2a: Muk|56/100|[from] drain|[of] p1a: Garganacl
|faint|p1a: Garganacl
|
|-damage|p2a: Muk|44/100|[from] Salt Cure
|upkeep
|
|t:|1758294265
|switch|p1a: Cinderace|Cinderace, M|100/100
|turn|16
|
|t:|1758294271
|switch|p2a: Alomomola|Alomomola, F|100/100
|move|p1a: Cinderace|Will-O-Wisp|p2a: Alomomola
|-status|p2a: Alomomola|brn
|
|-damage|p2a: Alomomola|94/100 brn|[from] brn
|upkeep
|turn|17
|
|t:|1758294275
|move|p1a: Cinderace|Court Change|p1a: Cinderace
|-swapsideconditions
|-activate|p1a: Cinderace|move: Court Change
|move|p2a: Alomomola|Wish|p2a: Alomomola
|
|-damage|p2a: Alomomola|88/100 brn|[from] brn
|upkeep
|turn|18
|
|t:|1758294280
|move|p1a: Cinderace|U-turn|p2a: Alomomola
|-damage|p2a: Alomomola|75/100 brn
|
|t:|1758294284
|switch|p1a: Alomomola|Alomomola, M|100/100|[from] U-turn
|move|p2a: Alomomola|Flip Turn|p1a: Alomomola
|-resisted|p1a: Alomomola
|-damage|p1a: Alomomola|98/100
|
|t:|1758294290
|switch|p2a: Muk|Muk-Alola, F|44/100|[from] Flip Turn
|-damage|p2a: Muk|31/100|[from] Stealth Rock
|
|-heal|p2a: Muk|88/100|[from] move: Wish|[wisher] Alomomola
|-heal|p1a: Alomomola|100/100|[from] item: Leftovers
|upkeep
|turn|19
|
|t:|1758294299
|move|p2a: Muk|Knock Off|p1a: Alomomola
|-damage|p1a: Alomomola|78/100
|-enditem|p1a: Alomomola|Leftovers|[from] move: Knock Off|[of] p2a: Muk
|move|p1a: Alomomola|Flip Turn|p2a: Muk
|-damage|p2a: Muk|71/100
|
|t:|1758294313
|switch|p1a: Dragonite|Dragonite, F|100/100|[from] Flip Turn
|
|upkeep
|turn|20
|
|t:|1758294325
|move|p1a: Dragonite|Outrage|p2a: Muk
|-damage|p2a: Muk|0 fnt
|faint|p2a: Muk
|
|upkeep
|
|t:|1758294329
|switch|p2a: Iron Valiant|Iron Valiant|60/100
|-damage|p2a: Iron Valiant|53/100|[from] Stealth Rock
|turn|21
|
|t:|1758294340
|move|p2a: Iron Valiant|Thunderbolt|p1a: Dragonite
|-damage|p1a: Dragonite|86/100
|-status|p1a: Dragonite|par
|move|p1a: Dragonite|Outrage|p2a: Iron Valiant|[from] lockedmove
|-immune|p2a: Iron Valiant
|
|upkeep
|turn|22
|
|t:|1758294363
|switch|p1a: Cinderace|Cinderace, M|100/100
|move|p2a: Iron Valiant|Moonblast|p1a: Cinderace
|-resisted|p1a: Cinderace
|-damage|p1a: Cinderace|66/100
|-unboost|p1a: Cinderace|spa|1
|
|upkeep
|turn|23
|inactive|Battle timer is ON: inactive players will automatically lose when time's up. (requested by apotato135)
|
|t:|1758294384
|-end|p2a: Iron Valiant|Quark Drive|[silent]
|switch|p2a: Alomomola|Alomomola, F|100/100 brn
|move|p1a: Cinderace|Pyro Ball|p2a: Alomomola
|-resisted|p2a: Alomomola
|-damage|p2a: Alomomola|84/100 brn
|
|-damage|p2a: Alomomola|77/100 brn|[from] brn
|upkeep
|turn|24
|inactive|KelTheMaster has 120 seconds left.
|
|t:|1758294417
|move|p1a: Cinderace|U-turn|p2a: Alomomola
|-damage|p2a: Alomomola|62/100 brn
|inactive|KelTheMaster has 120 seconds left.
|-message|KelTheMaster forfeited.
|
|win|apotato135
|raw|KelTheMaster's rating: 1449 &rarr; <strong>1429</strong><br />(-20 for losing)
|raw|apotato135's rating: 1443 &rarr; <strong>1463</strong><br />(+20 for winning)
|l|‽KelTheMaster
|player|p1|
|l|☆apotato135
|player|p2|
