|j|☆Firmhold3
|j|☆Swag_SerotoninYT
|t:|1758291048
|gametype|singles
|player|p1|Firmhold3|266|1184
|player|p2|Swag_SerotoninYT|harlequin|1110
|gen|9
|tier|[Gen 9] OU
|rated|
|rule|HP Percentage Mod: HP is shown in percentages
|rule|Endless Battle Clause: Forcing endless battles is banned
|rule|Species Clause: Limit one of each Pokémon
|rule|OHKO Clause: OHKO moves are banned
|rule|Evasion Items Clause: Evasion items are banned
|rule|Evasion Moves Clause: Evasion moves are banned
|rule|Evasion Abilities Clause: Evasion abilities are banned
|rule|Sleep Moves Clause: Sleep-inducing moves are banned
|clearpoke
|poke|p1|Iron Treads|
|poke|p1|Kingambit, F|
|poke|p1|Primarina, M|
|poke|p1|Zamazenta-*|
|poke|p1|Ogerpon-Wellspring, F|
|poke|p1|Tornadus-Therian, M|
|poke|p2|Gastrodon, M|
|poke|p2|Masquerain, M|
|poke|p2|Stantler, M|
|poke|p2|Chandelure, M|
|poke|p2|Grimmsnarl, M|
|poke|p2|Sandslash-Alola, F|
|teampreview
|inactive|Battle timer is ON: inactive players will automatically lose when time's up. (requested by Firmhold3)
|inactive|Swag_SerotoninYT also wants the timer to be on.
|
|t:|1758291059
|teamsize|p1|6
|teamsize|p2|6
|start
|switch|p1a: Omnidriod|Iron Treads|100/100
|switch|p2a: Masquerain|Masquerain, M|100/100
|-ability|p2a: Masquerain|Intimidate|boost
|-unboost|p1a: Omnidriod|atk|1
|-enditem|p1a: Omnidriod|Booster Energy
|-activate|p1a: Omnidriod|ability: Quark Drive|[fromitem]
|-start|p1a: Omnidriod|quarkdrivespe
|turn|1
|
|t:|1758291069
|move|p1a: Omnidriod|Stealth Rock|p2a: Masquerain
|-sidestart|p2: Swag_SerotoninYT|move: Stealth Rock
|move|p2a: Masquerain|Stun Spore|p1a: Omnidriod
|-status|p1a: Omnidriod|par
|
|upkeep
|turn|2
|
|t:|1758291073
|move|p2a: Masquerain|Sticky Web|p1a: Omnidriod
|-sidestart|p1: Firmhold3|move: Sticky Web
|move|p1a: Omnidriod|Steel Beam|p2a: Masquerain
|-damage|p2a: Masquerain|26/100
|-damage|p1a: Omnidriod|50/100 par|[from] steelbeam
|
|upkeep
|turn|3
|
|t:|1758291078
|switch|p2a: Chandelure|Chandelure, M|100/100
|-damage|p2a: Chandelure|76/100|[from] Stealth Rock
|cant|p1a: Omnidriod|par
|
|upkeep
|turn|4
|
|t:|1758291086
|move|p1a: Omnidriod|Earth Power|p2a: Chandelure
|-supereffective|p2a: Chandelure
|-damage|p2a: Chandelure|22/100
|-unboost|p2a: Chandelure|spd|1
|move|p2a: Chandelure|Fire Spin|p1a: Omnidriod
|-supereffective|p1a: Omnidriod
|-damage|p1a: Omnidriod|0 fnt
|faint|p1a: Omnidriod
|-end|p1a: Omnidriod|Quark Drive|[silent]
|
|upkeep
|
|t:|1758291091
|switch|p1a: Puri Puri|Primarina, M, shiny|100/100
|-activate|p1a: Puri Puri|move: Sticky Web
|-unboost|p1a: Puri Puri|spe|1
|turn|5
|
|t:|1758291101
|move|p2a: Chandelure|Fire Spin|p1a: Puri Puri
|-resisted|p1a: Puri Puri
|-damage|p1a: Puri Puri|91/100
|-activate|p1a: Puri Puri|move: Fire Spin|[of] p2a: Chandelure
|move|p1a: Puri Puri|Calm Mind|p1a: Puri Puri
|-boost|p1a: Puri Puri|spa|1
|-boost|p1a: Puri Puri|spd|1
|
|-heal|p1a: Puri Puri|98/100|[from] item: Leftovers
|-damage|p1a: Puri Puri|85/100|[from] move: Fire Spin|[partiallytrapped]
|upkeep
|turn|6
|inactive|Firmhold3 has 120 seconds left.
|
|t:|1758291132
|move|p2a: Chandelure|Energy Ball|p1a: Puri Puri
|-supereffective|p1a: Puri Puri
|-damage|p1a: Puri Puri|42/100
|move|p1a: Puri Puri|Substitute|p1a: Puri Puri
|-start|p1a: Puri Puri|Substitute
|-end|p1a: Puri Puri|Fire Spin|[partiallytrapped]|[silent]
|-damage|p1a: Puri Puri|17/100
|
|-heal|p1a: Puri Puri|24/100|[from] item: Leftovers
|upkeep
|turn|7
|
|t:|1758291138
|move|p2a: Chandelure|Energy Ball|p1a: Puri Puri
|-supereffective|p1a: Puri Puri
|-end|p1a: Puri Puri|Substitute
|move|p1a: Puri Puri|Calm Mind|p1a: Puri Puri
|-boost|p1a: Puri Puri|spa|1
|-boost|p1a: Puri Puri|spd|1
|
|-heal|p1a: Puri Puri|30/100|[from] item: Leftovers
|upkeep
|turn|8
|
|t:|1758291141
|move|p2a: Chandelure|Energy Ball|p1a: Puri Puri
|-supereffective|p1a: Puri Puri
|-crit|p1a: Puri Puri
|-damage|p1a: Puri Puri|0 fnt
|faint|p1a: Puri Puri
|
|upkeep
|
|t:|1758291146
|switch|p1a: Hulk|Tornadus-Therian, M|100/100
|turn|9
|
|t:|1758291152
|switch|p2a: Sandslash|Sandslash-Alola, F|100/100
|-damage|p2a: Sandslash|88/100|[from] Stealth Rock
|move|p1a: Hulk|Bleakwind Storm|p2a: Sandslash
|-resisted|p2a: Sandslash
|-damage|p2a: Sandslash|72/100
|
|upkeep
|turn|10
|
|t:|1758291168
|move|p1a: Hulk|Knock Off|p2a: Sandslash
|-damage|p2a: Sandslash|54/100
|-enditem|p2a: Sandslash|Assault Vest|[from] move: Knock Off|[of] p1a: Hulk
|move|p2a: Sandslash|Rapid Spin|p1a: Hulk
|-damage|p1a: Hulk|86/100
|-boost|p2a: Sandslash|spe|1
|-sideend|p2: Swag_SerotoninYT|Stealth Rock|[from] move: Rapid Spin|[of] p2a: Sandslash
|
|upkeep
|turn|11
|
|t:|1758291173
|move|p1a: Hulk|Bleakwind Storm|p2a: Sandslash|[miss]
|-miss|p1a: Hulk|p2a: Sandslash
|move|p2a: Sandslash|Ice Spinner|p1a: Hulk
|-supereffective|p1a: Hulk
|-damage|p1a: Hulk|20/100
|
|upkeep
|turn|12
|
|t:|1758291182
|move|p1a: Hulk|Bleakwind Storm|p2a: Sandslash|[miss]
|-miss|p1a: Hulk|p2a: Sandslash
|move|p2a: Sandslash|Ice Spinner|p1a: Hulk
|-supereffective|p1a: Hulk
|-damage|p1a: Hulk|0 fnt
|faint|p1a: Hulk
|
|upkeep
|
|t:|1758291186
|switch|p1a: Shadow|Zamazenta|100/100
|-activate|p1a: Shadow|move: Sticky Web
|-unboost|p1a: Shadow|spe|1
|-ability|p1a: Shadow|Dauntless Shield|boost
|-boost|p1a: Shadow|def|1
|turn|13
|
|t:|1758291197
|switch|p2a: Chandelure|Chandelure, M|22/100
|move|p1a: Shadow|Close Combat|p2a: Chandelure
|-immune|p2a: Chandelure
|
|upkeep
|turn|14
|inactive|Firmhold3 has 120 seconds left.
|
|t:|1758291229
|move|p1a: Shadow|Crunch|p2a: Chandelure
|-supereffective|p2a: Chandelure
|-damage|p2a: Chandelure|0 fnt
|faint|p2a: Chandelure
|-damage|p1a: Shadow|91/100|[from] item: Life Orb
|
|upkeep
|
|t:|1758291239
|switch|p2a: Grimmsnarl|Grimmsnarl, M|100/100
|turn|15
|
|t:|1758291242
|move|p2a: Grimmsnarl|Thunder Wave|p1a: Shadow
|-status|p1a: Shadow|par
|move|p1a: Shadow|Stone Edge|p2a: Grimmsnarl
|-damage|p2a: Grimmsnarl|50/100
|-damage|p1a: Shadow|81/100 par|[from] item: Life Orb
|
|upkeep
|turn|16
|
|t:|1758291248
|move|p2a: Grimmsnarl|Spirit Break|p1a: Shadow
|-supereffective|p1a: Shadow
|-crit|p1a: Shadow
|-damage|p1a: Shadow|0 fnt
|faint|p1a: Shadow
|
|upkeep
|
|t:|1758291255
|switch|p1a: Michael Myers|Ogerpon-Wellspring, F|100/100
|-activate|p1a: Michael Myers|move: Sticky Web
|-unboost|p1a: Michael Myers|spe|1
|turn|17
|
|t:|1758291260
|switch|p2a: Gastrodon|Gastrodon, M|100/100
|move|p1a: Michael Myers|Play Rough|p2a: Gastrodon
|-damage|p2a: Gastrodon|68/100
|
|-heal|p2a: Gastrodon|74/100|[from] item: Leftovers
|upkeep
|turn|18
|
|t:|1758291271
|move|p1a: Michael Myers|Substitute|p1a: Michael Myers
|-start|p1a: Michael Myers|Substitute
|-damage|p1a: Michael Myers|76/100
|move|p2a: Gastrodon|Ice Beam|p1a: Michael Myers
|-activate|p1a: Michael Myers|move: Substitute|[damage]
|
|-heal|p2a: Gastrodon|81/100|[from] item: Leftovers
|upkeep
|turn|19
|
|t:|1758291273
|move|p1a: Michael Myers|Swords Dance|p1a: Michael Myers
|-boost|p1a: Michael Myers|atk|2
|move|p2a: Gastrodon|Ice Beam|p1a: Michael Myers
|-end|p1a: Michael Myers|Substitute
|
|-heal|p2a: Gastrodon|87/100|[from] item: Leftovers
|upkeep
|turn|20
|
|t:|1758291278
|move|p1a: Michael Myers|Substitute|p1a: Michael Myers
|-start|p1a: Michael Myers|Substitute
|-damage|p1a: Michael Myers|51/100
|move|p2a: Gastrodon|Ice Beam|p1a: Michael Myers
|-activate|p1a: Michael Myers|move: Substitute|[damage]
|
|-heal|p2a: Gastrodon|93/100|[from] item: Leftovers
|upkeep
|turn|21
|
|t:|1758291281
|move|p1a: Michael Myers|Swords Dance|p1a: Michael Myers
|-boost|p1a: Michael Myers|atk|2
|move|p2a: Gastrodon|Ice Beam|p1a: Michael Myers
|-crit|p1a: Michael Myers
|-end|p1a: Michael Myers|Substitute
|
|-heal|p2a: Gastrodon|99/100|[from] item: Leftovers
|upkeep
|turn|22
|
|t:|1758291287
|move|p1a: Michael Myers|Substitute|p1a: Michael Myers
|-start|p1a: Michael Myers|Substitute
|-damage|p1a: Michael Myers|26/100
|move|p2a: Gastrodon|Ice Beam|p1a: Michael Myers
|-activate|p1a: Michael Myers|move: Substitute|[damage]
|
|-heal|p2a: Gastrodon|100/100|[from] item: Leftovers
|upkeep
|turn|23
|
|t:|1758291289
|move|p1a: Michael Myers|Play Rough|p2a: Gastrodon
|-damage|p2a: Gastrodon|4/100
|move|p2a: Gastrodon|Ice Beam|p1a: Michael Myers
|-end|p1a: Michael Myers|Substitute
|
|-heal|p2a: Gastrodon|10/100|[from] item: Leftovers
|upkeep
|turn|24
|
|t:|1758291299
|switch|p2a: Masquerain|Masquerain, M|26/100
|-ability|p2a: Masquerain|Intimidate|boost
|-unboost|p1a: Michael Myers|atk|1
|move|p1a: Michael Myers|Substitute|p1a: Michael Myers
|-start|p1a: Michael Myers|Substitute
|-damage|p1a: Michael Myers|1/100
|
|upkeep
|turn|25
|
|t:|1758291302
|move|p2a: Masquerain|Bug Buzz|p1a: Michael Myers
|-supereffective|p1a: Michael Myers
|-damage|p1a: Michael Myers|0 fnt
|faint|p1a: Michael Myers
|
|upkeep
|
|t:|1758291304
|switch|p1a: One punch man|Kingambit, F|100/100
|-activate|p1a: One punch man|move: Sticky Web
|-unboost|p1a: One punch man|spe|1
|-activate|p1a: One punch man|ability: Supreme Overlord
|-start|p1a: One punch man|fallen5|[silent]
|turn|26
|
|t:|1758291311
|move|p2a: Masquerain|Stun Spore|p1a: One punch man
|-status|p1a: One punch man|par
|cant|p1a: One punch man|par
|
|upkeep
|turn|27
|
|t:|1758291316
|move|p2a: Masquerain|Bug Buzz|p1a: One punch man
|-damage|p1a: One punch man|58/100 par
|move|p1a: One punch man|Swords Dance|p1a: One punch man
|-boost|p1a: One punch man|atk|2
|
|-heal|p1a: One punch man|64/100 par|[from] item: Leftovers
|upkeep
|turn|28
|
|t:|1758291323
|move|p1a: One punch man|Sucker Punch|p2a: Masquerain
|-damage|p2a: Masquerain|0 fnt
|faint|p2a: Masquerain
|
|-heal|p1a: One punch man|71/100 par|[from] item: Leftovers
|upkeep
|
|t:|1758291325
|switch|p2a: Stantler|Stantler, M|100/100
|turn|29
|
|t:|1758291335
|move|p2a: Stantler|Sleep Talk||[still]
|-fail|p2a: Stantler
|move|p1a: One punch man|Kowtow Cleave|p2a: Stantler
|-damage|p2a: Stantler|0 fnt
|faint|p2a: Stantler
|
|-heal|p1a: One punch man|77/100 par|[from] item: Leftovers
|upkeep
|
|t:|1758291344
|switch|p2a: Sandslash|Sandslash-Alola, F|54/100
|turn|30
|
|t:|1758291348
|move|p1a: One punch man|Sucker Punch|p2a: Sandslash
|-damage|p2a: Sandslash|0 fnt
|faint|p2a: Sandslash
|
|-heal|p1a: One punch man|83/100 par|[from] item: Leftovers
|upkeep
|
|t:|1758291351
|switch|p2a: Grimmsnarl|Grimmsnarl, M|50/100
|turn|31
|
|t:|1758291356
|move|p2a: Grimmsnarl|Parting Shot|p1a: One punch man
|-hint|Since gen 7, Dark is immune to Prankster moves.
|-immune|p1a: One punch man
|move|p1a: One punch man|Iron Head|p2a: Grimmsnarl
|-supereffective|p2a: Grimmsnarl
|-damage|p2a: Grimmsnarl|0 fnt
|faint|p2a: Grimmsnarl
|
|-heal|p1a: One punch man|89/100 par|[from] item: Leftovers
|upkeep
|
|t:|1758291359
|switch|p2a: Gastrodon|Gastrodon, M|10/100
|turn|32
|
|t:|1758291362
|move|p2a: Gastrodon|Recover|p2a: Gastrodon
|-heal|p2a: Gastrodon|60/100
|move|p1a: One punch man|Iron Head|p2a: Gastrodon
|-resisted|p2a: Gastrodon
|-damage|p2a: Gastrodon|5/100
|
|-heal|p2a: Gastrodon|12/100|[from] item: Leftovers
|-heal|p1a: One punch man|95/100 par|[from] item: Leftovers
|upkeep
|turn|33
|
|t:|1758291365
|move|p2a: Gastrodon|Recover|p2a: Gastrodon
|-heal|p2a: Gastrodon|62/100
|cant|p1a: One punch man|par
|
|-heal|p2a: Gastrodon|68/100|[from] item: Leftovers
|-heal|p1a: One punch man|100/100 par|[from] item: Leftovers
|upkeep
|turn|34
|
|t:|1758291369
|move|p2a: Gastrodon|Recover|p2a: Gastrodon
|-heal|p2a: Gastrodon|100/100
|move|p1a: One punch man|Kowtow Cleave|p2a: Gastrodon
|-damage|p2a: Gastrodon|0 fnt
|faint|p2a: Gastrodon
|
|win|Firmhold3
|raw|Firmhold3's rating: 1184 &rarr; <strong>1204</strong><br />(+20 for winning)
|raw|Swag_SerotoninYT's rating: 1110 &rarr; <strong>1090</strong><br />(-20 for losing)
|l|☆Swag_SerotoninYT
|player|p2|
|l|☆Firmhold3
|player|p1|
