|j|☆Shibuya Arc
|j|☆suhui_
|t:|1758358555
|gametype|singles
|player|p1|Shibuya Arc|101|1690
|player|p2|suhui_|170|1721
|gen|9
|tier|[Gen 9] OU
|rated|
|rule|HP Percentage Mod: HP is shown in percentages
|rule|Endless Battle Clause: Forcing endless battles is banned
|rule|Species Clause: Limit one of each Pokémon
|rule|OHKO Clause: OHKO moves are banned
|rule|Evasion Items Clause: Evasion items are banned
|rule|Evasion Moves Clause: Evasion moves are banned
|rule|Evasion Abilities Clause: Evasion abilities are banned
|rule|Sleep Moves Clause: Sleep-inducing moves are banned
|clearpoke
|poke|p1|Dragapult, M|
|poke|p1|Dragonite, F|
|poke|p1|Ting-Lu|
|poke|p1|Weezing-Galar, F|
|poke|p1|Iron Crown|
|poke|p1|Zapdos|
|poke|p2|Great Tusk|
|poke|p2|Raging Bolt|
|poke|p2|Dragapult, M|
|poke|p2|Slowking-Galar, F|
|poke|p2|Kingambit, M|
|poke|p2|Ogerpon-Wellspring, F|
|teampreview
|inactive|Battle timer is ON: inactive players will automatically lose when time's up. (requested by suhui_)
|inactive|Shibuya Arc also wants the timer to be on.
|
|t:|1758358570
|teamsize|p1|6
|teamsize|p2|6
|start
|switch|p1a: Dragapult|Dragapult, M|100/100
|switch|p2a: Great Tusk|Great Tusk|100/100
|turn|1
|
|t:|1758358579
|move|p1a: Dragapult|Will-O-Wisp|p2a: Great Tusk
|-status|p2a: Great Tusk|brn
|move|p2a: Great Tusk|Stealth Rock|p1a: Dragapult
|-sidestart|p1: Shibuya Arc|move: Stealth Rock
|
|-damage|p2a: Great Tusk|94/100 brn|[from] brn
|upkeep
|turn|2
|
|t:|1758358586
|move|p1a: Dragapult|U-turn|p2a: Great Tusk
|-resisted|p2a: Great Tusk
|-damage|p2a: Great Tusk|87/100 brn
|-damage|p1a: Dragapult|84/100|[from] item: Rocky Helmet|[of] p2a: Great Tusk
|
|t:|1758358594
|switch|p1a: Ting-Lu|Ting-Lu|100/100|[from] U-turn
|-damage|p1a: Ting-Lu|94/100|[from] Stealth Rock
|-ability|p1a: Ting-Lu|Vessel of Ruin
|move|p2a: Great Tusk|Headlong Rush|p1a: Ting-Lu
|-damage|p1a: Ting-Lu|77/100
|-unboost|p2a: Great Tusk|def|1
|-unboost|p2a: Great Tusk|spd|1
|
|-heal|p1a: Ting-Lu|83/100|[from] item: Leftovers
|-damage|p2a: Great Tusk|81/100 brn|[from] brn
|upkeep
|turn|3
|
|t:|1758358601
|-end|p2a: Great Tusk|Protosynthesis|[silent]
|switch|p2a: Ogerpon|Ogerpon-Wellspring, F|100/100
|move|p1a: Ting-Lu|Whirlwind|p2a: Ogerpon
|drag|p2a: Great Tusk|Great Tusk|81/100 brn
|
|-heal|p1a: Ting-Lu|90/100|[from] item: Leftovers
|-damage|p2a: Great Tusk|74/100 brn|[from] brn
|upkeep
|turn|4
|
|t:|1758358608
|-end|p2a: Great Tusk|Protosynthesis|[silent]
|switch|p2a: Ogerpon|Ogerpon-Wellspring, F|100/100
|move|p1a: Ting-Lu|Ruination|p2a: Ogerpon
|-damage|p2a: Ogerpon|51/100
|
|-heal|p1a: Ting-Lu|96/100|[from] item: Leftovers
|upkeep
|turn|5
|
|t:|1758358614
|switch|p1a: Dragonite|Dragonite, F|100/100
|move|p2a: Ogerpon|Knock Off|p1a: Dragonite
|-crit|p1a: Dragonite
|-damage|p1a: Dragonite|69/100
|-enditem|p1a: Dragonite|Heavy-Duty Boots|[from] move: Knock Off|[of] p2a: Ogerpon
|
|upkeep
|turn|6
|
|t:|1758358631
|switch|p2a: Great Tusk|Great Tusk|74/100 brn
|move|p1a: Dragonite|Roost|p1a: Dragonite
|-heal|p1a: Dragonite|100/100
|-singleturn|p1a: Dragonite|move: Roost
|
|-damage|p2a: Great Tusk|68/100 brn|[from] brn
|upkeep
|turn|7
|
|t:|1758358638
|-end|p2a: Great Tusk|Protosynthesis|[silent]
|switch|p2a: Dragapult|Dragapult, M|100/100
|move|p1a: Dragonite|Dragon Dance|p1a: Dragonite
|-boost|p1a: Dragonite|atk|1
|-boost|p1a: Dragonite|spe|1
|
|upkeep
|turn|8
|
|t:|1758358651
|-terastallize|p2a: Dragapult|Fairy
|-terastallize|p1a: Dragonite|Normal
|move|p2a: Dragapult|Will-O-Wisp|p1a: Dragonite
|-status|p1a: Dragonite|brn
|move|p1a: Dragonite|Earthquake|p2a: Dragapult
|-damage|p2a: Dragapult|62/100
|
|-damage|p1a: Dragonite|94/100 brn|[from] brn
|upkeep
|turn|9
|
|t:|1758358680
|switch|p2a: Kingambit|Kingambit, M|100/100
|move|p1a: Dragonite|Extreme Speed|p2a: Kingambit
|-resisted|p2a: Kingambit
|-damage|p2a: Kingambit|87/100
|
|-heal|p2a: Kingambit|93/100|[from] item: Leftovers
|-damage|p1a: Dragonite|88/100 brn|[from] brn
|upkeep
|turn|10
|
|t:|1758358690
|move|p1a: Dragonite|Earthquake|p2a: Kingambit
|-supereffective|p2a: Kingambit
|-damage|p2a: Kingambit|51/100
|move|p2a: Kingambit|Iron Head|p1a: Dragonite
|-damage|p1a: Dragonite|43/100 brn
|
|-heal|p2a: Kingambit|57/100|[from] item: Leftovers
|-damage|p1a: Dragonite|37/100 brn|[from] brn
|upkeep
|turn|11
|
|t:|1758358704
|move|p1a: Dragonite|Earthquake|p2a: Kingambit
|-supereffective|p2a: Kingambit
|-damage|p2a: Kingambit|15/100
|move|p2a: Kingambit|Swords Dance|p2a: Kingambit
|-boost|p2a: Kingambit|atk|2
|
|-heal|p2a: Kingambit|21/100|[from] item: Leftovers
|-damage|p1a: Dragonite|31/100 brn|[from] brn
|upkeep
|turn|12
|
|t:|1758358721
|move|p1a: Dragonite|Extreme Speed|p2a: Kingambit
|-resisted|p2a: Kingambit
|-damage|p2a: Kingambit|8/100
|move|p2a: Kingambit|Iron Head|p1a: Dragonite
|-damage|p1a: Dragonite|0 fnt
|faint|p1a: Dragonite
|
|-heal|p2a: Kingambit|14/100|[from] item: Leftovers
|upkeep
|
|t:|1758358733
|switch|p1a: Zapdos|Zapdos|100/100
|turn|13
|
|t:|1758358740
|move|p2a: Kingambit|Sucker Punch||[still]
|-fail|p2a: Kingambit
|move|p1a: Zapdos|Roost||[still]
|-fail|p1a: Zapdos|heal
|
|-heal|p2a: Kingambit|20/100|[from] item: Leftovers
|upkeep
|turn|14
|
|t:|1758358746
|move|p2a: Kingambit|Sucker Punch||[still]
|-fail|p2a: Kingambit
|move|p1a: Zapdos|Roost||[still]
|-fail|p1a: Zapdos|heal
|
|-heal|p2a: Kingambit|26/100|[from] item: Leftovers
|upkeep
|turn|15
|
|t:|1758358752
|switch|p1a: Ting-Lu|Ting-Lu|96/100
|-damage|p1a: Ting-Lu|90/100|[from] Stealth Rock
|-ability|p1a: Ting-Lu|Vessel of Ruin
|move|p2a: Kingambit|Sucker Punch||[still]
|-fail|p2a: Kingambit
|
|-heal|p2a: Kingambit|32/100|[from] item: Leftovers
|-heal|p1a: Ting-Lu|96/100|[from] item: Leftovers
|upkeep
|turn|16
|
|t:|1758358759
|move|p2a: Kingambit|Iron Head|p1a: Ting-Lu
|-damage|p1a: Ting-Lu|46/100
|move|p1a: Ting-Lu|Earthquake|p2a: Kingambit
|-supereffective|p2a: Kingambit
|-damage|p2a: Kingambit|0 fnt
|faint|p2a: Kingambit
|-end|p2a: Kingambit|fallenundefined|[silent]
|
|-heal|p1a: Ting-Lu|52/100|[from] item: Leftovers
|upkeep
|
|t:|1758358762
|switch|p2a: Ogerpon|Ogerpon-Wellspring, F|51/100
|turn|17
|
|t:|1758358768
|switch|p1a: Weezing|Weezing-Galar, F|100/100
|-ability|p1a: Weezing|Neutralizing Gas
|move|p2a: Ogerpon|Synthesis|p2a: Ogerpon
|-heal|p2a: Ogerpon|100/100
|
|upkeep
|turn|18
|
|t:|1758358775
|move|p2a: Ogerpon|U-turn|p1a: Weezing
|-resisted|p1a: Weezing
|-damage|p1a: Weezing|96/100
|
|t:|1758358779
|switch|p2a: Slowking|Slowking-Galar, F|100/100|[from] U-turn
|move|p1a: Weezing|Will-O-Wisp|p2a: Slowking
|-status|p2a: Slowking|brn
|
|-damage|p2a: Slowking|94/100 brn|[from] brn
|upkeep
|turn|19
|
|t:|1758358795
|move|p1a: Weezing|Toxic Spikes|p2a: Slowking
|-sidestart|p2: suhui_|move: Toxic Spikes
|move|p2a: Slowking|Flamethrower|p1a: Weezing
|-damage|p1a: Weezing|65/100
|
|-damage|p2a: Slowking|88/100 brn|[from] brn
|upkeep
|turn|20
|
|t:|1758358805
|move|p1a: Weezing|Toxic Spikes|p2a: Slowking
|-sidestart|p2: suhui_|move: Toxic Spikes
|move|p2a: Slowking|Flamethrower|p1a: Weezing
|-damage|p1a: Weezing|34/100
|
|-damage|p2a: Slowking|82/100 brn|[from] brn
|upkeep
|turn|21
|
|t:|1758358814
|move|p1a: Weezing|Pain Split|p2a: Slowking
|-sethp|p2a: Slowking|55/100 brn|[from] move: Pain Split|[silent]
|-sethp|p1a: Weezing|65/100|[from] move: Pain Split
|move|p2a: Slowking|Psyshock|p1a: Weezing
|-supereffective|p1a: Weezing
|-damage|p1a: Weezing|29/100
|
|-damage|p2a: Slowking|49/100 brn|[from] brn
|upkeep
|turn|22
|
|t:|1758358823
|-end|p1a: Weezing|ability: Neutralizing Gas
|switch|p1a: Ting-Lu|Ting-Lu|52/100
|-damage|p1a: Ting-Lu|46/100|[from] Stealth Rock
|-ability|p1a: Ting-Lu|Vessel of Ruin
|move|p2a: Slowking|Psyshock|p1a: Ting-Lu
|-immune|p1a: Ting-Lu
|
|-heal|p1a: Ting-Lu|52/100|[from] item: Leftovers
|-damage|p2a: Slowking|43/100 brn|[from] brn
|upkeep
|turn|23
|
|t:|1758358830
|switch|p2a: Great Tusk|Great Tusk|68/100 brn
|move|p1a: Ting-Lu|Stealth Rock|p2a: Great Tusk
|-sidestart|p2: suhui_|move: Stealth Rock
|
|-heal|p1a: Ting-Lu|59/100|[from] item: Leftovers
|-damage|p2a: Great Tusk|62/100 brn|[from] brn
|upkeep
|turn|24
|
|t:|1758358837
|switch|p1a: Dragapult|Dragapult, M|84/100
|move|p2a: Great Tusk|Headlong Rush|p1a: Dragapult
|-damage|p1a: Dragapult|43/100
|-unboost|p2a: Great Tusk|def|1
|-unboost|p2a: Great Tusk|spd|1
|
|-damage|p2a: Great Tusk|56/100 brn|[from] brn
|upkeep
|turn|25
|
|t:|1758358848
|-end|p2a: Great Tusk|Protosynthesis|[silent]
|switch|p2a: Slowking|Slowking-Galar, F|77/100 brn
|-sideend|p2: suhui_|move: Toxic Spikes|[of] p2a: Slowking
|-damage|p2a: Slowking|64/100 brn|[from] Stealth Rock
|move|p1a: Dragapult|Hex|p2a: Slowking
|-supereffective|p2a: Slowking
|-damage|p2a: Slowking|9/100 brn
|
|-damage|p2a: Slowking|3/100 brn|[from] brn
|upkeep
|turn|26
|
|t:|1758358859
|switch|p1a: Weezing|Weezing-Galar, F|29/100
|-ability|p1a: Weezing|Neutralizing Gas
|move|p2a: Slowking|Ice Beam|p1a: Weezing
|-damage|p1a: Weezing|0 fnt
|faint|p1a: Weezing
|-end|p1a: Weezing|ability: Neutralizing Gas
|
|-damage|p2a: Slowking|0 fnt|[from] brn
|faint|p2a: Slowking
|upkeep
|
|t:|1758358866
|switch|p1a: Zapdos|Zapdos|100/100
|switch|p2a: Dragapult|Dragapult, M, tera:Fairy|62/100
|turn|27
|
|t:|1758358873
|move|p2a: Dragapult|Will-O-Wisp|p1a: Zapdos
|-status|p1a: Zapdos|brn
|move|p1a: Zapdos|Roost||[still]
|-fail|p1a: Zapdos|heal
|
|-damage|p1a: Zapdos|94/100 brn|[from] brn
|upkeep
|turn|28
|
|t:|1758358879
|switch|p1a: Ting-Lu|Ting-Lu|59/100
|-damage|p1a: Ting-Lu|52/100|[from] Stealth Rock
|-ability|p1a: Ting-Lu|Vessel of Ruin
|move|p2a: Dragapult|Hex|p1a: Ting-Lu
|-resisted|p1a: Ting-Lu
|-damage|p1a: Ting-Lu|47/100
|
|-heal|p1a: Ting-Lu|53/100|[from] item: Leftovers
|upkeep
|turn|29
|
|t:|1758358888
|switch|p1a: Dragapult|Dragapult, M|43/100
|move|p2a: Dragapult|U-turn|p1a: Dragapult
|-resisted|p1a: Dragapult
|-damage|p1a: Dragapult|30/100
|
|t:|1758358899
|switch|p2a: Ogerpon|Ogerpon-Wellspring, F|100/100|[from] U-turn
|-damage|p2a: Ogerpon|88/100|[from] Stealth Rock
|
|upkeep
|turn|30
|
|t:|1758358905
|move|p1a: Dragapult|Will-O-Wisp|p2a: Ogerpon
|-status|p2a: Ogerpon|brn
|move|p2a: Ogerpon|Knock Off|p1a: Dragapult
|-supereffective|p1a: Dragapult
|-damage|p1a: Dragapult|0 fnt
|-enditem|p1a: Dragapult|Heavy-Duty Boots|[from] move: Knock Off|[of] p2a: Ogerpon
|faint|p1a: Dragapult
|
|-damage|p2a: Ogerpon|82/100 brn|[from] brn
|upkeep
|
|t:|1758358912
|switch|p1a: Zapdos|Zapdos|94/100 brn
|turn|31
|
|t:|1758358925
|switch|p2a: Great Tusk|Great Tusk|56/100 brn
|-damage|p2a: Great Tusk|53/100 brn|[from] Stealth Rock
|move|p1a: Zapdos|Roost|p1a: Zapdos
|-heal|p1a: Zapdos|100/100 brn
|-singleturn|p1a: Zapdos|move: Roost
|
|-damage|p1a: Zapdos|94/100 brn|[from] brn
|-damage|p2a: Great Tusk|47/100 brn|[from] brn
|upkeep
|turn|32
|
|t:|1758358931
|move|p1a: Zapdos|Hurricane|p2a: Great Tusk
|-supereffective|p2a: Great Tusk
|-damage|p2a: Great Tusk|0 fnt
|faint|p2a: Great Tusk
|-end|p2a: Great Tusk|Protosynthesis|[silent]
|
|-damage|p1a: Zapdos|88/100 brn|[from] brn
|upkeep
|
|t:|1758358934
|switch|p2a: Raging Bolt|Raging Bolt|100/100
|-damage|p2a: Raging Bolt|88/100|[from] Stealth Rock
|-enditem|p2a: Raging Bolt|Booster Energy
|-activate|p2a: Raging Bolt|ability: Protosynthesis|[fromitem]
|-start|p2a: Raging Bolt|protosynthesisspa
|turn|33
|
|t:|1758358942
|move|p1a: Zapdos|Volt Switch|p2a: Raging Bolt
|-resisted|p2a: Raging Bolt
|-damage|p2a: Raging Bolt|79/100
|
|t:|1758358949
|switch|p1a: Iron Crown|Iron Crown|100/100|[from] Volt Switch
|-damage|p1a: Iron Crown|94/100|[from] Stealth Rock
|move|p2a: Raging Bolt|Dragon Pulse|p1a: Iron Crown
|-resisted|p1a: Iron Crown
|-damage|p1a: Iron Crown|61/100
|
|upkeep
|turn|34
|
|t:|1758358957
|move|p1a: Iron Crown|Psyshock|p2a: Raging Bolt
|-damage|p2a: Raging Bolt|20/100
|move|p2a: Raging Bolt|Thunderbolt|p1a: Iron Crown
|-damage|p1a: Iron Crown|0 fnt
|faint|p1a: Iron Crown
|-end|p1a: Iron Crown|Quark Drive|[silent]
|
|upkeep
|
|t:|1758358965
|switch|p1a: Zapdos|Zapdos|88/100 brn
|turn|35
|
|t:|1758358973
|move|p1a: Zapdos|Hurricane|p2a: Raging Bolt
|-resisted|p2a: Raging Bolt
|-damage|p2a: Raging Bolt|0 fnt
|faint|p2a: Raging Bolt
|-end|p2a: Raging Bolt|Protosynthesis|[silent]
|
|-damage|p1a: Zapdos|82/100 brn|[from] brn
|upkeep
|
|t:|1758358976
|switch|p2a: Dragapult|Dragapult, M, tera:Fairy|62/100
|turn|36
|
|t:|1758358983
|move|p2a: Dragapult|Hex|p1a: Zapdos
|-damage|p1a: Zapdos|26/100 brn
|move|p1a: Zapdos|Roost|p1a: Zapdos
|-heal|p1a: Zapdos|76/100 brn
|-singleturn|p1a: Zapdos|move: Roost
|
|-damage|p1a: Zapdos|70/100 brn|[from] brn
|upkeep
|turn|37
|
|t:|1758358992
|move|p2a: Dragapult|Hex|p1a: Zapdos
|-damage|p1a: Zapdos|6/100 brn
|move|p1a: Zapdos|Roost|p1a: Zapdos
|-heal|p1a: Zapdos|56/100 brn
|-singleturn|p1a: Zapdos|move: Roost
|
|-damage|p1a: Zapdos|50/100 brn|[from] brn
|upkeep
|turn|38
|
|t:|1758359000
|switch|p1a: Ting-Lu|Ting-Lu|53/100
|-damage|p1a: Ting-Lu|47/100|[from] Stealth Rock
|-ability|p1a: Ting-Lu|Vessel of Ruin
|move|p2a: Dragapult|Hex|p1a: Ting-Lu
|-resisted|p1a: Ting-Lu
|-damage|p1a: Ting-Lu|42/100
|
|-heal|p1a: Ting-Lu|48/100|[from] item: Leftovers
|upkeep
|turn|39
|
|t:|1758359006
|move|p2a: Dragapult|U-turn|p1a: Ting-Lu
|-supereffective|p1a: Ting-Lu
|-damage|p1a: Ting-Lu|28/100
|
|t:|1758359013
|switch|p2a: Ogerpon|Ogerpon-Wellspring, F|82/100 brn|[from] U-turn
|-damage|p2a: Ogerpon|70/100 brn|[from] Stealth Rock
|move|p1a: Ting-Lu|Earthquake|p2a: Ogerpon
|-resisted|p2a: Ogerpon
|-damage|p2a: Ogerpon|47/100 brn
|
|-heal|p1a: Ting-Lu|34/100|[from] item: Leftovers
|-damage|p2a: Ogerpon|41/100 brn|[from] brn
|upkeep
|turn|40
|
|t:|1758359024
|move|p2a: Ogerpon|Knock Off|p1a: Ting-Lu
|-resisted|p1a: Ting-Lu
|-damage|p1a: Ting-Lu|29/100
|-enditem|p1a: Ting-Lu|Leftovers|[from] move: Knock Off|[of] p2a: Ogerpon
|move|p1a: Ting-Lu|Earthquake|p2a: Ogerpon
|-resisted|p2a: Ogerpon
|-damage|p2a: Ogerpon|16/100 brn
|
|-damage|p2a: Ogerpon|10/100 brn|[from] brn
|upkeep
|turn|41
|
|t:|1758359030
|switch|p1a: Zapdos|Zapdos|50/100 brn
|move|p2a: Ogerpon|Synthesis|p2a: Ogerpon
|-heal|p2a: Ogerpon|60/100 brn
|
|-damage|p2a: Ogerpon|54/100 brn|[from] brn
|-damage|p1a: Zapdos|44/100 brn|[from] brn
|upkeep
|turn|42
|
|t:|1758359036
|switch|p2a: Dragapult|Dragapult, M, tera:Fairy|62/100
|move|p1a: Zapdos|Roost|p1a: Zapdos
|-heal|p1a: Zapdos|94/100 brn
|-singleturn|p1a: Zapdos|move: Roost
|
|-damage|p1a: Zapdos|88/100 brn|[from] brn
|upkeep
|turn|43
|j| heatraniac
|
|t:|1758359042
|switch|p1a: Ting-Lu|Ting-Lu|29/100
|-damage|p1a: Ting-Lu|23/100|[from] Stealth Rock
|-ability|p1a: Ting-Lu|Vessel of Ruin
|move|p2a: Dragapult|Hex|p1a: Ting-Lu
|-resisted|p1a: Ting-Lu
|-crit|p1a: Ting-Lu
|-damage|p1a: Ting-Lu|14/100
|
|upkeep
|turn|44
|
|t:|1758359048
|move|p2a: Dragapult|Dragon Darts|p1a: Ting-Lu
|-damage|p1a: Ting-Lu|4/100
|-anim|p2a: Dragapult|Dragon Darts|p1a: Ting-Lu
|-damage|p1a: Ting-Lu|0 fnt
|faint|p1a: Ting-Lu
|
|upkeep
|
|t:|1758359055
|switch|p1a: Zapdos|Zapdos|88/100 brn
|turn|45
|
|t:|1758359061
|move|p2a: Dragapult|Hex|p1a: Zapdos
|-damage|p1a: Zapdos|26/100 brn
|move|p1a: Zapdos|Heat Wave|p2a: Dragapult
|-damage|p2a: Dragapult|16/100
|
|-damage|p1a: Zapdos|20/100 brn|[from] brn
|upkeep
|turn|46
|
|t:|1758359066
|move|p2a: Dragapult|Hex|p1a: Zapdos
|-damage|p1a: Zapdos|0 fnt
|faint|p1a: Zapdos
|
|win|suhui_
|raw|Shibuya Arc's rating: 1690 &rarr; <strong>1672</strong><br />(-18 for losing)
|raw|suhui_'s rating: 1721 &rarr; <strong>1739</strong><br />(+18 for winning)
|l|☆Shibuya Arc
|player|p1|
|l|☆suhui_
|player|p2|
|l| heatraniac
