|j|☆BM DIO
|j|☆Jonyko
|t:|1758336997
|gametype|singles
|player|p1|BM DIO|lance|
|player|p2|Jonyko|lucas-contest|
|gen|9
|tier|[Gen 9] OU
|rule|HP Percentage Mod: HP is shown in percentages
|rule|Endless Battle Clause: Forcing endless battles is banned
|rule|Species Clause: Limit one of each Pokémon
|rule|OHKO Clause: OHKO moves are banned
|rule|Evasion Items Clause: Evasion items are banned
|rule|Evasion Moves Clause: Evasion moves are banned
|rule|Evasion Abilities Clause: Evasion abilities are banned
|rule|Sleep Moves Clause: Sleep-inducing moves are banned
|clearpoke
|poke|p1|Dondozo, F|
|poke|p1|Blissey, F|
|poke|p1|Corviknight, M|
|poke|p1|Weezing-Galar, M|
|poke|p1|Gliscor, M|
|poke|p1|Toxapex, F|
|poke|p2|Ribombee, M|
|poke|p2|Rampardos, M|
|poke|p2|Rillaboom, F|
|poke|p2|Great Tusk|
|poke|p2|Gholdengo|
|poke|p2|Ceruledge, M|
|teampreview
|
|t:|1758337008
|teamsize|p1|6
|teamsize|p2|6
|start
|switch|p1a: Toxapex|Toxapex, F|100/100
|switch|p2a: Great Tusk|Great Tusk|100/100
|turn|1
|
|t:|1758337018
|move|p2a: Great Tusk|Taunt|p1a: Toxapex
|-start|p1a: Toxapex|move: Taunt
|cant|p1a: Toxapex|move: Taunt|Toxic Spikes
|
|upkeep
|turn|2
|
|t:|1758337037
|switch|p1a: Weezing|Weezing-Galar, M|100/100
|-ability|p1a: Weezing|Neutralizing Gas
|move|p2a: Great Tusk|Stealth Rock|p1a: Weezing
|-sidestart|p1: BM DIO|move: Stealth Rock
|
|upkeep
|turn|3
|
|t:|1758337052
|-end|p2a: Great Tusk|Protosynthesis|[silent]
|switch|p2a: Gholdengo|Gholdengo|100/100
|move|p1a: Weezing|Will-O-Wisp|p2a: Gholdengo|[miss]
|-miss|p1a: Weezing|p2a: Gholdengo
|
|upkeep
|turn|4
|
|t:|1758337080
|switch|p2a: Ra-wr|Rampardos, M, shiny|100/100
|-end|p1a: Weezing|ability: Neutralizing Gas
|-ability|p2a: Ra-wr|Mold Breaker
|switch|p1a: Toxapex|Toxapex, F|100/100
|-damage|p1a: Toxapex|88/100|[from] Stealth Rock
|
|-heal|p1a: Toxapex|94/100|[from] item: Leftovers
|upkeep
|turn|5
|
|t:|1758337094
|-terastallize|p2a: Ra-wr|Rock
|move|p2a: Ra-wr|Head Smash|p1a: Toxapex|[miss]
|-miss|p2a: Ra-wr|p1a: Toxapex
|move|p1a: Toxapex|Toxic Spikes|p2a: Ra-wr
|-sidestart|p2: Jonyko|move: Toxic Spikes
|
|-heal|p1a: Toxapex|100/100|[from] item: Leftovers
|upkeep
|turn|6
|c|☆Jonyko|Ta pasao
|
|t:|1758337108
|move|p2a: Ra-wr|Swords Dance|p2a: Ra-wr
|-boost|p2a: Ra-wr|atk|2
|move|p1a: Toxapex|Toxic|p2a: Ra-wr
|-status|p2a: Ra-wr|tox
|
|-damage|p2a: Ra-wr|94/100 tox|[from] psn
|upkeep
|turn|7
|
|t:|1758337116
|move|p2a: Ra-wr|Head Smash|p1a: Toxapex
|-damage|p1a: Toxapex|0 fnt
|faint|p1a: Toxapex
|-damage|p2a: Ra-wr|49/100 tox|[from] Recoil
|
|-damage|p2a: Ra-wr|37/100 tox|[from] psn
|upkeep
|l|☆Jonyko
|player|p2|
|
|t:|1758337130
|switch|p1a: Weezing|Weezing-Galar, M|100/100
|-ability|p1a: Weezing|Neutralizing Gas
|turn|8
|j|☆Jonyko
|player|p2|Jonyko|lucas-contest|
|
|t:|1758337151
|move|p2a: Ra-wr|Zen Headbutt|p1a: Weezing
|-supereffective|p1a: Weezing
|-damage|p1a: Weezing|13/100
|move|p1a: Weezing|Strange Steam|p2a: Ra-wr
|-damage|p2a: Ra-wr|0 fnt
|faint|p2a: Ra-wr
|
|upkeep
|
|t:|1758337156
|switch|p2a: Great Tusk|Great Tusk|100/100
|turn|9
|
|t:|1758337166
|-terastallize|p1a: Weezing|Ghost
|move|p2a: Great Tusk|Body Press|p1a: Weezing
|-immune|p1a: Weezing
|move|p1a: Weezing|Will-O-Wisp|p2a: Great Tusk
|-status|p2a: Great Tusk|brn
|
|-damage|p2a: Great Tusk|94/100 brn|[from] brn
|upkeep
|turn|10
|
|t:|1758337183
|-end|p2a: Great Tusk|Protosynthesis|[silent]
|switch|p2a: Gholdengo|Gholdengo|100/100
|move|p1a: Weezing|Pain Split|p2a: Gholdengo
|-sethp|p2a: Gholdengo|57/100|[from] move: Pain Split|[silent]
|-sethp|p1a: Weezing|54/100|[from] move: Pain Split
|
|upkeep
|turn|11
|
|t:|1758337198
|move|p2a: Gholdengo|Recover|p2a: Gholdengo
|-heal|p2a: Gholdengo|100/100
|move|p1a: Weezing|Will-O-Wisp|p2a: Gholdengo
|-status|p2a: Gholdengo|brn
|
|-damage|p2a: Gholdengo|94/100 brn|[from] brn
|upkeep
|turn|12
|
|t:|1758337218
|-end|p1a: Weezing|ability: Neutralizing Gas
|switch|p1a: Dondozo|Dondozo, F|100/100
|-damage|p1a: Dondozo|88/100|[from] Stealth Rock
|move|p2a: Gholdengo|Make It Rain|p1a: Dondozo
|-resisted|p1a: Dondozo
|-damage|p1a: Dondozo|48/100
|-unboost|p2a: Gholdengo|spa|1
|
|-heal|p1a: Dondozo|55/100|[from] item: Leftovers
|-damage|p2a: Gholdengo|88/100 brn|[from] brn
|upkeep
|turn|13
|
|t:|1758337239
|switch|p2a: Great Tusk|Great Tusk|94/100 brn
|move|p1a: Dondozo|Avalanche|p2a: Great Tusk
|-supereffective|p2a: Great Tusk
|-damage|p2a: Great Tusk|82/100 brn
|
|-heal|p1a: Dondozo|61/100|[from] item: Leftovers
|-damage|p2a: Great Tusk|76/100 brn|[from] brn
|upkeep
|turn|14
|
|t:|1758337263
|switch|p1a: Gliscor|Gliscor, M|100/100
|-damage|p1a: Gliscor|88/100|[from] Stealth Rock
|move|p2a: Great Tusk|Taunt|p1a: Gliscor
|-start|p1a: Gliscor|move: Taunt
|
|-damage|p2a: Great Tusk|70/100 brn|[from] brn
|-status|p1a: Gliscor|tox|[from] item: Toxic Orb
|upkeep
|turn|15
|
|t:|1758337276
|move|p1a: Gliscor|Knock Off|p2a: Great Tusk
|-resisted|p2a: Great Tusk
|-damage|p2a: Great Tusk|65/100 brn
|-enditem|p2a: Great Tusk|Heavy-Duty Boots|[from] move: Knock Off|[of] p1a: Gliscor
|move|p2a: Great Tusk|Rapid Spin|p1a: Gliscor
|-damage|p1a: Gliscor|82/100 tox
|-boost|p2a: Great Tusk|spe|1
|-sideend|p2: Jonyko|Toxic Spikes|[from] move: Rapid Spin|[of] p2a: Great Tusk
|
|-heal|p1a: Gliscor|94/100 tox|[from] ability: Poison Heal
|-damage|p2a: Great Tusk|59/100 brn|[from] brn
|upkeep
|turn|16
|
|t:|1758337289
|move|p2a: Great Tusk|Body Press|p1a: Gliscor
|-resisted|p1a: Gliscor
|-damage|p1a: Gliscor|85/100 tox
|move|p1a: Gliscor|Earthquake|p2a: Great Tusk
|-damage|p2a: Great Tusk|42/100 brn
|
|-heal|p1a: Gliscor|98/100 tox|[from] ability: Poison Heal
|-damage|p2a: Great Tusk|36/100 brn|[from] brn
|-end|p1a: Gliscor|move: Taunt
|upkeep
|turn|17
|
|t:|1758337301
|move|p2a: Great Tusk|Taunt|p1a: Gliscor
|-start|p1a: Gliscor|move: Taunt
|cant|p1a: Gliscor|move: Taunt|Spikes
|
|-heal|p1a: Gliscor|100/100 tox|[from] ability: Poison Heal
|-damage|p2a: Great Tusk|30/100 brn|[from] brn
|upkeep
|turn|18
|
|t:|1758337314
|-end|p2a: Great Tusk|Protosynthesis|[silent]
|switch|p2a: R¡|Rillaboom, F|100/100
|-fieldstart|move: Grassy Terrain|[from] ability: Grassy Surge|[of] p2a: R¡
|move|p1a: Gliscor|Knock Off|p2a: R¡
|-damage|p2a: R¡|80/100
|-enditem|p2a: R¡|Assault Vest|[from] move: Knock Off|[of] p1a: Gliscor
|
|-heal|p2a: R¡|87/100|[from] Grassy Terrain
|upkeep
|turn|19
|
|t:|1758337336
|switch|p1a: Corviknight|Corviknight, M|100/100
|-damage|p1a: Corviknight|88/100|[from] Stealth Rock
|-ability|p1a: Corviknight|Pressure
|move|p2a: R¡|Grassy Glide|p1a: Corviknight
|-resisted|p1a: Corviknight
|-damage|p1a: Corviknight|82/100
|
|-heal|p2a: R¡|93/100|[from] Grassy Terrain
|-heal|p1a: Corviknight|88/100|[from] item: Leftovers
|upkeep
|turn|20
|
|t:|1758337349
|move|p2a: R¡|Knock Off|p1a: Corviknight
|-crit|p1a: Corviknight
|-damage|p1a: Corviknight|53/100
|-enditem|p1a: Corviknight|Leftovers|[from] move: Knock Off|[of] p2a: R¡
|move|p1a: Corviknight|Iron Defense|p1a: Corviknight
|-boost|p1a: Corviknight|def|2
|
|-heal|p2a: R¡|99/100|[from] Grassy Terrain
|upkeep
|turn|21
|
|t:|1758337358
|move|p2a: R¡|U-turn|p1a: Corviknight
|-resisted|p1a: Corviknight
|-damage|p1a: Corviknight|51/100
|
|t:|1758337360
|switch|p2a: Gholdengo|Gholdengo|88/100 brn|[from] U-turn
|move|p1a: Corviknight|Roost|p1a: Corviknight
|-heal|p1a: Corviknight|100/100
|-singleturn|p1a: Corviknight|move: Roost
|
|-heal|p2a: Gholdengo|94/100 brn|[from] Grassy Terrain
|-damage|p2a: Gholdengo|88/100 brn|[from] brn
|upkeep
|turn|22
|
|t:|1758337392
|switch|p1a: Blissey|Blissey, F|100/100
|-damage|p1a: Blissey|88/100|[from] Stealth Rock
|move|p2a: Gholdengo|Nasty Plot|p2a: Gholdengo
|-boost|p2a: Gholdengo|spa|2
|
|-heal|p2a: Gholdengo|94/100 brn|[from] Grassy Terrain
|-heal|p1a: Blissey|94/100|[from] Grassy Terrain
|-heal|p1a: Blissey|100/100|[from] item: Leftovers
|-damage|p2a: Gholdengo|88/100 brn|[from] brn
|-fieldend|move: Grassy Terrain
|upkeep
|turn|23
|
|t:|1758337406
|move|p2a: Gholdengo|Nasty Plot|p2a: Gholdengo
|-boost|p2a: Gholdengo|spa|2
|move|p1a: Blissey|Stealth Rock|p2a: Gholdengo
|-sidestart|p2: Jonyko|move: Stealth Rock
|
|-damage|p2a: Gholdengo|82/100 brn|[from] brn
|upkeep
|turn|24
|
|t:|1758337417
|move|p2a: Gholdengo|Make It Rain|p1a: Blissey
|-damage|p1a: Blissey|27/100
|-unboost|p2a: Gholdengo|spa|1
|move|p1a: Blissey|Calm Mind|p1a: Blissey
|-boost|p1a: Blissey|spa|1
|-boost|p1a: Blissey|spd|1
|
|-heal|p1a: Blissey|34/100|[from] item: Leftovers
|-damage|p2a: Gholdengo|76/100 brn|[from] brn
|upkeep
|turn|25
|c|☆Jonyko|Esta vaina pega duro
|c|☆Jonyko|Erdiavlo
|
|t:|1758337437
|move|p2a: Gholdengo|Make It Rain|p1a: Blissey
|-damage|p1a: Blissey|0 fnt
|-unboost|p2a: Gholdengo|spa|1
|faint|p1a: Blissey
|
|-damage|p2a: Gholdengo|70/100 brn|[from] brn
|upkeep
|
|t:|1758337447
|switch|p1a: Weezing|Weezing-Galar, M, tera:Ghost|54/100
|-ability|p1a: Weezing|Neutralizing Gas
|turn|26
|
|t:|1758337456
|move|p2a: Gholdengo|Make It Rain|p1a: Weezing
|-damage|p1a: Weezing|0 fnt
|-unboost|p2a: Gholdengo|spa|1
|faint|p1a: Weezing
|-end|p1a: Weezing|ability: Neutralizing Gas
|
|-damage|p2a: Gholdengo|64/100 brn|[from] brn
|upkeep
|
|t:|1758337468
|switch|p1a: Gliscor|Gliscor, M|100/100 tox
|-damage|p1a: Gliscor|88/100 tox|[from] Stealth Rock
|turn|27
|
|t:|1758337490
|move|p1a: Gliscor|Protect|p1a: Gliscor
|-singleturn|p1a: Gliscor|Protect
|move|p2a: Gholdengo|Make It Rain|p1a: Gliscor
|-activate|p1a: Gliscor|move: Protect
|
|-heal|p1a: Gliscor|100/100 tox|[from] ability: Poison Heal
|-damage|p2a: Gholdengo|58/100 brn|[from] brn
|upkeep
|turn|28
|
|t:|1758337502
|move|p2a: Gholdengo|Make It Rain|p1a: Gliscor
|-damage|p1a: Gliscor|0 fnt
|-unboost|p2a: Gholdengo|spa|1
|faint|p1a: Gliscor
|
|-damage|p2a: Gholdengo|52/100 brn|[from] brn
|upkeep
|
|t:|1758337511
|switch|p1a: Corviknight|Corviknight, M|100/100
|-damage|p1a: Corviknight|88/100|[from] Stealth Rock
|-ability|p1a: Corviknight|Pressure
|turn|29
|
|t:|1758337517
|move|p2a: Gholdengo|Nasty Plot|p2a: Gholdengo
|-boost|p2a: Gholdengo|spa|2
|move|p1a: Corviknight|Iron Defense|p1a: Corviknight
|-boost|p1a: Corviknight|def|2
|
|-damage|p2a: Gholdengo|46/100 brn|[from] brn
|upkeep
|turn|30
|
|t:|1758337527
|move|p2a: Gholdengo|Recover|p2a: Gholdengo
|-heal|p2a: Gholdengo|96/100 brn
|move|p1a: Corviknight|Iron Defense|p1a: Corviknight
|-boost|p1a: Corviknight|def|2
|
|-damage|p2a: Gholdengo|90/100 brn|[from] brn
|upkeep
|turn|31
|
|t:|1758337535
|move|p2a: Gholdengo|Thunderbolt|p1a: Corviknight
|-supereffective|p1a: Corviknight
|-damage|p1a: Corviknight|0 fnt
|faint|p1a: Corviknight
|
|-damage|p2a: Gholdengo|84/100 brn|[from] brn
|upkeep
|
|t:|1758337542
|switch|p1a: Dondozo|Dondozo, F|61/100
|-damage|p1a: Dondozo|48/100|[from] Stealth Rock
|turn|32
|
|t:|1758337547
|move|p2a: Gholdengo|Thunderbolt|p1a: Dondozo
|-supereffective|p1a: Dondozo
|-damage|p1a: Dondozo|0 fnt
|faint|p1a: Dondozo
|
|win|Jonyko
|l|☆BM DIO
|player|p1|
|l|☆Jonyko
|player|p2|
|j|☆Jonyko
|player|p2|Jonyko|lucas-contest|
|l|☆Jonyko
|player|p2|
|j|☆Jonyko
|player|p2|Jonyko|lucas-contest|
