|j|☆Magicmaxor
|j|☆stockroomsupply
|t:|1758299390
|gametype|singles
|player|p1|Magicmaxor|hilbert|1265
|player|p2|stockroomsupply|1|1227
|gen|9
|tier|[Gen 9] OU
|rated|
|rule|HP Percentage Mod: HP is shown in percentages
|rule|Endless Battle Clause: Forcing endless battles is banned
|rule|Species Clause: Limit one of each Pokémon
|rule|OHKO Clause: OHKO moves are banned
|rule|Evasion Items Clause: Evasion items are banned
|rule|Evasion Moves Clause: Evasion moves are banned
|rule|Evasion Abilities Clause: Evasion abilities are banned
|rule|Sleep Moves Clause: Sleep-inducing moves are banned
|clearpoke
|poke|p1|Glimmora, F|
|poke|p1|Clodsire, M|
|poke|p1|Ting-Lu|
|poke|p1|Ceruledge, F|
|poke|p1|Dragapult, F|
|poke|p1|Kingambit, M|
|poke|p2|Mudsdale, M|
|poke|p2|Glimmora, M|
|poke|p2|Dusclops, M|
|poke|p2|Tyranitar, M|
|poke|p2|Ditto|
|poke|p2|Hitmontop, M|
|teampreview
|inactive|Battle timer is ON: inactive players will automatically lose when time's up. (requested by Magicmaxor)
|
|t:|1758299398
|teamsize|p1|6
|teamsize|p2|6
|start
|switch|p1a: Glimmora|Glimmora, F|100/100
|switch|p2a: Mudsdale|Mudsdale, M|100/100
|turn|1
|
|t:|1758299409
|move|p1a: Glimmora|Stealth Rock|p2a: Mudsdale
|-sidestart|p2: stockroomsupply|move: Stealth Rock
|move|p2a: Mudsdale|Earthquake|p1a: Glimmora
|-supereffective|p1a: Glimmora
|-enditem|p1a: Glimmora|Focus Sash
|-damage|p1a: Glimmora|1/100
|-activate|p1a: Glimmora|ability: Toxic Debris
|-sidestart|p2: stockroomsupply|move: Toxic Spikes
|
|upkeep
|turn|2
|
|t:|1758299413
|move|p1a: Glimmora|Earth Power|p2a: Mudsdale
|-damage|p2a: Mudsdale|70/100
|-ability|p2a: Mudsdale|Stamina|boost
|-boost|p2a: Mudsdale|def|1
|move|p2a: Mudsdale|Stealth Rock|p1a: Glimmora
|-sidestart|p1: Magicmaxor|move: Stealth Rock
|
|-heal|p2a: Mudsdale|76/100|[from] item: Leftovers
|upkeep
|turn|3
|
|t:|1758299419
|move|p1a: Glimmora|Earth Power|p2a: Mudsdale
|-damage|p2a: Mudsdale|46/100
|-ability|p2a: Mudsdale|Stamina|boost
|-boost|p2a: Mudsdale|def|1
|move|p2a: Mudsdale|Roar|p1a: Glimmora
|drag|p1a: Ceruledge|Ceruledge, F, shiny|100/100
|-damage|p1a: Ceruledge|76/100|[from] Stealth Rock
|
|-heal|p2a: Mudsdale|52/100|[from] item: Leftovers
|upkeep
|turn|4
|inactive|Magicmaxor has 120 seconds left.
|
|t:|1758299449
|-terastallize|p1a: Ceruledge|Grass
|move|p1a: Ceruledge|Swords Dance|p1a: Ceruledge
|-boost|p1a: Ceruledge|atk|2
|move|p2a: Mudsdale|Earthquake|p1a: Ceruledge
|-resisted|p1a: Ceruledge
|-damage|p1a: Ceruledge|45/100
|
|-heal|p2a: Mudsdale|58/100|[from] item: Leftovers
|upkeep
|turn|5
|
|t:|1758299455
|move|p1a: Ceruledge|Tera Blast|p2a: Mudsdale|[anim] Tera Blast Grass
|-supereffective|p2a: Mudsdale
|-damage|p2a: Mudsdale|11/100
|-ability|p2a: Mudsdale|Stamina|boost
|-boost|p2a: Mudsdale|def|1
|move|p2a: Mudsdale|Body Press|p1a: Ceruledge
|-damage|p1a: Ceruledge|0 fnt
|faint|p1a: Ceruledge
|
|-heal|p2a: Mudsdale|17/100|[from] item: Leftovers
|upkeep
|
|t:|1758299464
|switch|p1a: Glimmora|Glimmora, F|1/100
|-damage|p1a: Glimmora|0 fnt|[from] Stealth Rock
|faint|p1a: Glimmora
|
|t:|1758299473
|switch|p1a: Clodsire|Clodsire, M|100/100
|-damage|p1a: Clodsire|94/100|[from] Stealth Rock
|turn|6
|
|t:|1758299481
|move|p2a: Mudsdale|Earthquake|p1a: Clodsire
|-supereffective|p1a: Clodsire
|-damage|p1a: Clodsire|6/100
|move|p1a: Clodsire|Toxic Spikes|p2a: Mudsdale
|-sidestart|p2: stockroomsupply|move: Toxic Spikes
|
|-heal|p2a: Mudsdale|23/100|[from] item: Leftovers
|-heal|p1a: Clodsire|12/100|[from] item: Black Sludge
|upkeep
|turn|7
|
|t:|1758299490
|move|p2a: Mudsdale|Earthquake|p1a: Clodsire
|-supereffective|p1a: Clodsire
|-damage|p1a: Clodsire|0 fnt
|faint|p1a: Clodsire
|
|-heal|p2a: Mudsdale|29/100|[from] item: Leftovers
|upkeep
|
|t:|1758299496
|switch|p1a: Dragapult|Dragapult, F|100/100
|-damage|p1a: Dragapult|88/100|[from] Stealth Rock
|turn|8
|
|t:|1758299501
|move|p1a: Dragapult|Shadow Ball|p2a: Mudsdale
|-damage|p2a: Mudsdale|0 fnt
|faint|p2a: Mudsdale
|
|upkeep
|
|t:|1758299504
|switch|p2a: Glimmora|Glimmora, M|100/100
|-damage|p2a: Glimmora|88/100|[from] Stealth Rock
|-sideend|p2: stockroomsupply|move: Toxic Spikes|[of] p2a: Glimmora
|turn|9
|
|t:|1758299509
|move|p2a: Glimmora|Mortal Spin|p1a: Dragapult
|-resisted|p1a: Dragapult
|-damage|p1a: Dragapult|84/100
|-status|p1a: Dragapult|psn
|-sideend|p2: stockroomsupply|Stealth Rock|[from] move: Mortal Spin|[of] p2a: Glimmora
|move|p1a: Dragapult|Shadow Ball|p2a: Glimmora
|-damage|p2a: Glimmora|5/100
|
|-damage|p1a: Dragapult|71/100 psn|[from] psn
|upkeep
|turn|10
|
|t:|1758299516
|switch|p2a: Tyranitar|Tyranitar, M|100/100
|-weather|Sandstorm|[from] ability: Sand Stream|[of] p2a: Tyranitar
|move|p1a: Dragapult|Shadow Ball|p2a: Tyranitar
|-resisted|p2a: Tyranitar
|-damage|p2a: Tyranitar|94/100
|-unboost|p2a: Tyranitar|spd|1
|
|-weather|Sandstorm|[upkeep]
|-damage|p1a: Dragapult|65/100 psn|[from] Sandstorm
|-damage|p1a: Dragapult|53/100 psn|[from] psn
|upkeep
|turn|11
|
|t:|1758299524
|switch|p1a: Ting-Lu|Ting-Lu|100/100
|-damage|p1a: Ting-Lu|94/100|[from] Stealth Rock
|-ability|p1a: Ting-Lu|Vessel of Ruin
|move|p2a: Tyranitar|Dark Pulse|p1a: Ting-Lu
|-resisted|p1a: Ting-Lu
|-damage|p1a: Ting-Lu|88/100
|
|-weather|Sandstorm|[upkeep]
|-heal|p1a: Ting-Lu|94/100|[from] item: Leftovers
|upkeep
|turn|12
|
|t:|1758299530
|switch|p2a: Glimmora|Glimmora, M|5/100
|move|p1a: Ting-Lu|Stealth Rock|p2a: Glimmora
|-sidestart|p2: stockroomsupply|move: Stealth Rock
|
|-weather|Sandstorm|[upkeep]
|-heal|p1a: Ting-Lu|100/100|[from] item: Leftovers
|upkeep
|turn|13
|
|t:|1758299537
|move|p2a: Glimmora|Mortal Spin|p1a: Ting-Lu
|-resisted|p1a: Ting-Lu
|-damage|p1a: Ting-Lu|99/100
|-status|p1a: Ting-Lu|psn
|-sideend|p2: stockroomsupply|Stealth Rock|[from] move: Mortal Spin|[of] p2a: Glimmora
|move|p1a: Ting-Lu|Whirlwind|p2a: Glimmora
|drag|p2a: Hitmontop|Hitmontop, M|100/100
|
|-weather|Sandstorm|[upkeep]
|-damage|p2a: Hitmontop|94/100|[from] Sandstorm
|-heal|p1a: Ting-Lu|100/100 psn|[from] item: Leftovers
|-damage|p1a: Ting-Lu|88/100 psn|[from] psn
|upkeep
|turn|14
|
|t:|1758299542
|move|p2a: Hitmontop|Fake Out|p1a: Ting-Lu
|-damage|p1a: Ting-Lu|81/100 psn
|cant|p1a: Ting-Lu|flinch
|
|-weather|none
|-heal|p1a: Ting-Lu|87/100 psn|[from] item: Leftovers
|-damage|p1a: Ting-Lu|75/100 psn|[from] psn
|upkeep
|turn|15
|
|t:|1758299548
|-terastallize|p2a: Hitmontop|Fighting
|move|p2a: Hitmontop|Mach Punch|p1a: Ting-Lu
|-supereffective|p1a: Ting-Lu
|-damage|p1a: Ting-Lu|47/100 psn
|move|p1a: Ting-Lu|Ruination|p2a: Hitmontop
|-damage|p2a: Hitmontop|48/100
|
|-heal|p1a: Ting-Lu|54/100 psn|[from] item: Leftovers
|-damage|p1a: Ting-Lu|41/100 psn|[from] psn
|upkeep
|turn|16
|
|t:|1758299558
|move|p2a: Hitmontop|Bulldoze|p1a: Ting-Lu
|-damage|p1a: Ting-Lu|31/100 psn
|-unboost|p1a: Ting-Lu|spe|1
|move|p1a: Ting-Lu|Stealth Rock|p2a: Hitmontop
|-sidestart|p2: stockroomsupply|move: Stealth Rock
|
|-heal|p1a: Ting-Lu|37/100 psn|[from] item: Leftovers
|-damage|p1a: Ting-Lu|24/100 psn|[from] psn
|upkeep
|turn|17
|
|t:|1758299562
|move|p2a: Hitmontop|Rapid Spin|p1a: Ting-Lu
|-damage|p1a: Ting-Lu|15/100 psn
|-boost|p2a: Hitmontop|spe|1
|-sideend|p2: stockroomsupply|Stealth Rock|[from] move: Rapid Spin|[of] p2a: Hitmontop
|move|p1a: Ting-Lu|Spikes|p2a: Hitmontop
|-sidestart|p2: stockroomsupply|Spikes
|
|-heal|p1a: Ting-Lu|21/100 psn|[from] item: Leftovers
|-damage|p1a: Ting-Lu|8/100 psn|[from] psn
|upkeep
|turn|18
|
|t:|1758299568
|move|p2a: Hitmontop|Rapid Spin|p1a: Ting-Lu
|-damage|p1a: Ting-Lu|0 fnt
|-boost|p2a: Hitmontop|spe|1
|-sideend|p2: stockroomsupply|Spikes|[from] move: Rapid Spin|[of] p2a: Hitmontop
|faint|p1a: Ting-Lu
|
|upkeep
|
|t:|1758299573
|switch|p1a: Dragapult|Dragapult, F|53/100 psn
|-damage|p1a: Dragapult|41/100 psn|[from] Stealth Rock
|turn|19
|
|t:|1758299577
|move|p1a: Dragapult|Shadow Ball|p2a: Hitmontop
|-damage|p2a: Hitmontop|23/100
|move|p2a: Hitmontop|Bulldoze|p1a: Dragapult
|-damage|p1a: Dragapult|15/100 psn
|-unboost|p1a: Dragapult|spe|1
|
|-damage|p1a: Dragapult|3/100 psn|[from] psn
|upkeep
|turn|20
|
|t:|1758299581
|move|p2a: Hitmontop|Bulldoze|p1a: Dragapult
|-damage|p1a: Dragapult|0 fnt
|faint|p1a: Dragapult
|
|upkeep
|
|t:|1758299584
|switch|p1a: Kingambit|Kingambit, M|100/100
|-damage|p1a: Kingambit|94/100|[from] Stealth Rock
|-activate|p1a: Kingambit|ability: Supreme Overlord
|-start|p1a: Kingambit|fallen5|[silent]
|turn|21
|
|t:|1758299589
|move|p2a: Hitmontop|Mach Punch|p1a: Kingambit
|-supereffective|p1a: Kingambit
|-damage|p1a: Kingambit|17/100
|move|p1a: Kingambit|Sucker Punch||[still]
|-fail|p1a: Kingambit
|
|upkeep
|turn|22
|
|t:|1758299595
|move|p2a: Hitmontop|Mach Punch|p1a: Kingambit
|-supereffective|p1a: Kingambit
|-damage|p1a: Kingambit|0 fnt
|faint|p1a: Kingambit
|-end|p1a: Kingambit|fallen5|[silent]
|
|win|stockroomsupply
|raw|Magicmaxor's rating: 1265 &rarr; <strong>1237</strong><br />(-28 for losing)
|raw|stockroomsupply's rating: 1227 &rarr; <strong>1255</strong><br />(+28 for winning)
|c|☆stockroomsupply|gg
|l|☆Magicmaxor
|player|p1|
