|j|☆kingofdondons
|j|☆Palm X
|t:|1758257941
|gametype|singles
|player|p1|kingofdondons|skyla|1477
|player|p2|Palm X|caitlin|1552
|gen|9
|tier|[Gen 9] OU
|rated|
|rule|HP Percentage Mod: HP is shown in percentages
|rule|Endless Battle Clause: Forcing endless battles is banned
|rule|Species Clause: Limit one of each Pokémon
|rule|OHKO Clause: OHKO moves are banned
|rule|Evasion Items Clause: Evasion items are banned
|rule|Evasion Moves Clause: Evasion moves are banned
|rule|Evasion Abilities Clause: Evasion abilities are banned
|rule|Sleep Moves Clause: Sleep-inducing moves are banned
|clearpoke
|poke|p1|Landorus-Therian, M|
|poke|p1|Samurott-Hisui, F|
|poke|p1|Pecharunt|
|poke|p1|Scizor, M|
|poke|p1|Latios, M|
|poke|p1|Zamazenta-*|
|poke|p2|Jolteon, F|
|poke|p2|Skarmory, M|
|poke|p2|Great Tusk|
|poke|p2|Scizor, M|
|poke|p2|Iron Valiant|
|poke|p2|Slowking-Galar, F|
|teampreview
|inactive|Battle timer is ON: inactive players will automatically lose when time's up. (requested by kingofdondons)
|inactive|Palm X also wants the timer to be on.
|j| BigChiefQueef
|
|t:|1758257971
|teamsize|p1|6
|teamsize|p2|6
|start
|switch|p1a: Samurott|Samurott-Hisui, F|100/100
|switch|p2a: Food Stamps|Skarmory, M|100/100
|turn|1
|
|t:|1758257990
|switch|p1a: Latios|Latios, M|100/100
|move|p2a: Food Stamps|Spikes|p1a: Latios
|-sidestart|p1: kingofdondons|Spikes
|
|upkeep
|turn|2
|
|t:|1758257995
|switch|p2a: Drank Man Please|Slowking-Galar, F|100/100
|move|p1a: Latios|Calm Mind|p1a: Latios
|-boost|p1a: Latios|spa|1
|-boost|p1a: Latios|spd|1
|
|upkeep
|turn|3
|
|t:|1758258002
|move|p1a: Latios|Calm Mind|p1a: Latios
|-boost|p1a: Latios|spa|1
|-boost|p1a: Latios|spd|1
|move|p2a: Drank Man Please|Ice Beam|p1a: Latios
|-supereffective|p1a: Latios
|-damage|p1a: Latios|76/100
|
|upkeep
|turn|4
|
|t:|1758258009
|move|p1a: Latios|Draco Meteor|p2a: Drank Man Please
|-damage|p2a: Drank Man Please|8/100
|-unboost|p1a: Latios|spa|2
|-prepare|p2a: Drank Man Please|Chilly Reception|[premajor]
|move|p2a: Drank Man Please|Chilly Reception|p2a: Drank Man Please
|-weather|Snowscape
|
|t:|1758258016
|switch|p2a: Cap. Tin America|Iron Valiant|100/100|[from] Chilly Reception
|
|-weather|Snowscape|[upkeep]
|upkeep
|turn|5
|
|t:|1758258020
|move|p2a: Cap. Tin America|Close Combat|p1a: Latios
|-resisted|p1a: Latios
|-damage|p1a: Latios|12/100
|-unboost|p2a: Cap. Tin America|def|1
|-unboost|p2a: Cap. Tin America|spd|1
|move|p1a: Latios|Psychic Noise|p2a: Cap. Tin America
|-supereffective|p2a: Cap. Tin America
|-damage|p2a: Cap. Tin America|0 fnt
|faint|p2a: Cap. Tin America
|-end|p2a: Cap. Tin America|Quark Drive|[silent]
|
|-weather|Snowscape|[upkeep]
|upkeep
|
|t:|1758258023
|switch|p2a: Crimson Chin|Scizor, M|100/100
|turn|6
|
|t:|1758258030
|switch|p1a: Landorus|Landorus-Therian, M|100/100
|-ability|p1a: Landorus|Intimidate|boost
|-unboost|p2a: Crimson Chin|atk|1
|move|p2a: Crimson Chin|U-turn|p1a: Landorus
|-resisted|p1a: Landorus
|-damage|p1a: Landorus|82/100
|-damage|p2a: Crimson Chin|84/100|[from] item: Rocky Helmet|[of] p1a: Landorus
|
|t:|1758258035
|switch|p2a: BigMeatPete|Jolteon, F|100/100|[from] U-turn
|
|-weather|Snowscape|[upkeep]
|upkeep
|turn|7
|
|t:|1758258044
|switch|p2a: Food Stamps|Skarmory, M|100/100
|move|p1a: Landorus|Earthquake|p2a: Food Stamps
|-immune|p2a: Food Stamps
|
|-weather|Snowscape|[upkeep]
|upkeep
|turn|8
|
|t:|1758258049
|move|p1a: Landorus|Taunt|p2a: Food Stamps
|-start|p2a: Food Stamps|move: Taunt
|cant|p2a: Food Stamps|move: Taunt|Spikes
|
|-weather|none
|upkeep
|turn|9
|
|t:|1758258052
|move|p1a: Landorus|Stealth Rock|p2a: Food Stamps
|-sidestart|p2: Palm X|move: Stealth Rock
|move|p2a: Food Stamps|Body Press|p1a: Landorus
|-resisted|p1a: Landorus
|-damage|p1a: Landorus|69/100
|-damage|p2a: Food Stamps|84/100|[from] item: Rocky Helmet|[of] p1a: Landorus
|
|upkeep
|turn|10
|
|t:|1758258057
|switch|p2a: BoySlowDown😭😂✌️|Great Tusk|100/100
|-damage|p2a: BoySlowDown😭😂✌️|98/100|[from] Stealth Rock
|move|p1a: Landorus|U-turn|p2a: BoySlowDown😭😂✌️
|-resisted|p2a: BoySlowDown😭😂✌️
|-damage|p2a: BoySlowDown😭😂✌️|92/100
|
|t:|1758258060
|switch|p1a: Pecharunt|Pecharunt|100/100|[from] U-turn
|
|-heal|p2a: BoySlowDown😭😂✌️|98/100|[from] item: Leftovers
|upkeep
|turn|11
|
|t:|1758258067
|-end|p2a: BoySlowDown😭😂✌️|Protosynthesis|[silent]
|switch|p2a: Crimson Chin|Scizor, M|84/100
|-damage|p2a: Crimson Chin|72/100|[from] Stealth Rock
|move|p1a: Pecharunt|Malignant Chain|p2a: Crimson Chin
|-immune|p2a: Crimson Chin
|
|upkeep
|turn|12
|
|t:|1758258075
|switch|p1a: Landorus|Landorus-Therian, M|69/100
|-ability|p1a: Landorus|Intimidate|boost
|-unboost|p2a: Crimson Chin|atk|1
|move|p2a: Crimson Chin|Knock Off|p1a: Landorus
|-damage|p1a: Landorus|32/100
|-damage|p2a: Crimson Chin|55/100|[from] item: Rocky Helmet|[of] p1a: Landorus
|-enditem|p1a: Landorus|Rocky Helmet|[from] move: Knock Off|[of] p2a: Crimson Chin
|
|upkeep
|turn|13
|
|t:|1758258081
|switch|p2a: Food Stamps|Skarmory, M|84/100
|-damage|p2a: Food Stamps|72/100|[from] Stealth Rock
|move|p1a: Landorus|U-turn|p2a: Food Stamps
|-resisted|p2a: Food Stamps
|-damage|p2a: Food Stamps|67/100
|-damage|p1a: Landorus|15/100|[from] item: Rocky Helmet|[of] p2a: Food Stamps
|
|t:|1758258098
|switch|p1a: Latios|Latios, M|12/100|[from] U-turn
|
|upkeep
|turn|14
|
|t:|1758258101
|switch|p2a: BigMeatPete|Jolteon, F|100/100
|-damage|p2a: BigMeatPete|88/100|[from] Stealth Rock
|move|p1a: Latios|Recover|p1a: Latios
|-heal|p1a: Latios|62/100
|
|-heal|p2a: BigMeatPete|94/100|[from] item: Leftovers
|upkeep
|turn|15
|
|t:|1758258107
|-terastallize|p2a: BigMeatPete|Fairy
|move|p2a: BigMeatPete|Calm Mind|p2a: BigMeatPete
|-boost|p2a: BigMeatPete|spa|1
|-boost|p2a: BigMeatPete|spd|1
|move|p1a: Latios|Draco Meteor|p2a: BigMeatPete
|-immune|p2a: BigMeatPete
|
|-heal|p2a: BigMeatPete|99/100|[from] item: Leftovers
|upkeep
|turn|16
|
|t:|1758258112
|move|p2a: BigMeatPete|Shadow Ball|p1a: Latios
|-supereffective|p1a: Latios
|-damage|p1a: Latios|0 fnt
|faint|p1a: Latios
|
|-heal|p2a: BigMeatPete|100/100|[from] item: Leftovers
|upkeep
|c|☆kingofdondons|this set is crazy
|
|t:|1758258125
|switch|p1a: Scizor|Scizor, M|100/100
|turn|17
|
|t:|1758258130
|switch|p2a: Food Stamps|Skarmory, M|67/100
|-damage|p2a: Food Stamps|55/100|[from] Stealth Rock
|move|p1a: Scizor|Bullet Punch|p2a: Food Stamps
|-resisted|p2a: Food Stamps
|-damage|p2a: Food Stamps|42/100
|-damage|p1a: Scizor|84/100|[from] item: Rocky Helmet|[of] p2a: Food Stamps
|
|upkeep
|turn|18
|c|☆kingofdondons|i fw it
|c|☆Palm X|u get it
|
|t:|1758258137
|move|p1a: Scizor|Swords Dance|p1a: Scizor
|-boost|p1a: Scizor|atk|2
|move|p2a: Food Stamps|Roost|p2a: Food Stamps
|-heal|p2a: Food Stamps|92/100
|-singleturn|p2a: Food Stamps|move: Roost
|
|upkeep
|turn|19
|
|t:|1758258142
|move|p1a: Scizor|Knock Off|p2a: Food Stamps
|-damage|p2a: Food Stamps|31/100
|-damage|p1a: Scizor|68/100|[from] item: Rocky Helmet|[of] p2a: Food Stamps
|-enditem|p2a: Food Stamps|Rocky Helmet|[from] move: Knock Off|[of] p1a: Scizor
|move|p2a: Food Stamps|Iron Defense|p2a: Food Stamps
|-boost|p2a: Food Stamps|def|2
|
|upkeep
|turn|20
|
|t:|1758258151
|-terastallize|p1a: Scizor|Electric
|move|p1a: Scizor|Tera Blast|p2a: Food Stamps|[anim] Tera Blast Electric
|-supereffective|p2a: Food Stamps
|-damage|p2a: Food Stamps|0 fnt
|faint|p2a: Food Stamps
|
|upkeep
|
|t:|1758258156
|switch|p2a: BoySlowDown😭😂✌️|Great Tusk|98/100
|-damage|p2a: BoySlowDown😭😂✌️|95/100|[from] Stealth Rock
|turn|21
|
|t:|1758258165
|switch|p1a: Pecharunt|Pecharunt|100/100
|move|p2a: BoySlowDown😭😂✌️|Headlong Rush|p1a: Pecharunt
|-supereffective|p1a: Pecharunt
|-damage|p1a: Pecharunt|42/100
|-unboost|p2a: BoySlowDown😭😂✌️|def|1
|-unboost|p2a: BoySlowDown😭😂✌️|spd|1
|
|-heal|p2a: BoySlowDown😭😂✌️|100/100|[from] item: Leftovers
|upkeep
|turn|22
|
|t:|1758258170
|move|p1a: Pecharunt|Malignant Chain|p2a: BoySlowDown😭😂✌️
|-resisted|p2a: BoySlowDown😭😂✌️
|-damage|p2a: BoySlowDown😭😂✌️|70/100
|-status|p2a: BoySlowDown😭😂✌️|tox
|-start|p2a: BoySlowDown😭😂✌️|confusion|[from] ability: Poison Puppeteer|[of] p1a: Pecharunt
|-activate|p2a: BoySlowDown😭😂✌️|confusion
|move|p2a: BoySlowDown😭😂✌️|Headlong Rush|p1a: Pecharunt
|-supereffective|p1a: Pecharunt
|-damage|p1a: Pecharunt|0 fnt
|-unboost|p2a: BoySlowDown😭😂✌️|def|1
|-unboost|p2a: BoySlowDown😭😂✌️|spd|1
|faint|p1a: Pecharunt
|
|-heal|p2a: BoySlowDown😭😂✌️|76/100 tox|[from] item: Leftovers
|-damage|p2a: BoySlowDown😭😂✌️|70/100 tox|[from] psn
|upkeep
|
|t:|1758258176
|switch|p1a: Zamazenta|Zamazenta|100/100
|-damage|p1a: Zamazenta|88/100|[from] Spikes
|-ability|p1a: Zamazenta|Dauntless Shield|boost
|-boost|p1a: Zamazenta|def|1
|turn|23
|
|t:|1758258180
|-end|p2a: BoySlowDown😭😂✌️|Protosynthesis|[silent]
|switch|p2a: BigMeatPete|Jolteon, F, tera:Fairy|100/100
|-damage|p2a: BigMeatPete|88/100|[from] Stealth Rock
|move|p1a: Zamazenta|Iron Defense|p1a: Zamazenta
|-boost|p1a: Zamazenta|def|2
|
|-heal|p2a: BigMeatPete|94/100|[from] item: Leftovers
|-heal|p1a: Zamazenta|94/100|[from] item: Leftovers
|upkeep
|turn|24
|
|t:|1758258192
|move|p2a: BigMeatPete|Alluring Voice|p1a: Zamazenta
|-supereffective|p1a: Zamazenta
|-damage|p1a: Zamazenta|32/100
|move|p1a: Zamazenta|Body Press|p2a: BigMeatPete
|-resisted|p2a: BigMeatPete
|-damage|p2a: BigMeatPete|0 fnt
|faint|p2a: BigMeatPete
|
|-heal|p1a: Zamazenta|39/100|[from] item: Leftovers
|upkeep
|
|t:|1758258198
|switch|p2a: Crimson Chin|Scizor, M|55/100
|-damage|p2a: Crimson Chin|43/100|[from] Stealth Rock
|turn|25
|
|t:|1758258206
|move|p2a: Crimson Chin|Bullet Punch|p1a: Zamazenta
|-damage|p1a: Zamazenta|23/100
|move|p1a: Zamazenta|Body Press|p2a: Crimson Chin
|-damage|p2a: Crimson Chin|0 fnt
|faint|p2a: Crimson Chin
|
|-heal|p1a: Zamazenta|29/100|[from] item: Leftovers
|upkeep
|
|t:|1758258210
|switch|p2a: BoySlowDown😭😂✌️|Great Tusk|70/100 tox
|-damage|p2a: BoySlowDown😭😂✌️|67/100 tox|[from] Stealth Rock
|turn|26
|-message|Palm X forfeited.
|
|win|kingofdondons
|raw|kingofdondons's rating: 1477 &rarr; <strong>1501</strong><br />(+24 for winning)
|raw|Palm X's rating: 1552 &rarr; <strong>1528</strong><br />(-24 for losing)
|l|☆Palm X
|player|p2|
