|j|☆kebab.ixx
|j|☆famus123
|t:|1758343138
|gametype|singles
|player|p1|kebab.ixx|169|1533
|player|p2|famus123|265|1501
|gen|9
|tier|[Gen 9] OU
|rated|
|rule|HP Percentage Mod: HP is shown in percentages
|rule|Endless Battle Clause: Forcing endless battles is banned
|rule|Species Clause: Limit one of each Pokémon
|rule|OHKO Clause: OHKO moves are banned
|rule|Evasion Items Clause: Evasion items are banned
|rule|Evasion Moves Clause: Evasion moves are banned
|rule|Evasion Abilities Clause: Evasion abilities are banned
|rule|Sleep Moves Clause: Sleep-inducing moves are banned
|clearpoke
|poke|p1|Hydrapple, F|
|poke|p1|Fezandipiti, M|
|poke|p1|Skarmory, F|
|poke|p1|Landorus-Therian, M|
|poke|p1|Samurott-Hisui, M|
|poke|p1|Skeledirge, M|
|poke|p2|Iron Valiant|
|poke|p2|Dragonite, M|
|poke|p2|Great Tusk|
|poke|p2|Iron Crown|
|poke|p2|Samurott-Hisui, M|
|poke|p2|Zapdos|
|teampreview
|
|t:|1758343143
|teamsize|p1|6
|teamsize|p2|6
|start
|switch|p1a: Fezandipiti|Fezandipiti, M|100/100
|switch|p2a: Iron Crown|Iron Crown|100/100
|turn|1
|inactive|Battle timer is ON: inactive players will automatically lose when time's up. (requested by famus123)
|
|t:|1758343154
|switch|p1a: Skeledirge|Skeledirge, M|100/100
|move|p2a: Iron Crown|Psyshock|p1a: Skeledirge
|-damage|p1a: Skeledirge|59/100
|
|upkeep
|turn|2
|
|t:|1758343158
|-end|p2a: Iron Crown|Quark Drive|[silent]
|switch|p2a: Samurott|Samurott-Hisui, M|100/100
|move|p1a: Skeledirge|Slack Off|p1a: Skeledirge
|-heal|p1a: Skeledirge|100/100
|
|upkeep
|turn|3
|
|t:|1758343161
|switch|p1a: Skarmory|Skarmory, F, shiny|100/100
|move|p2a: Samurott|Ceaseless Edge|p1a: Skarmory
|-damage|p1a: Skarmory|73/100
|-damage|p2a: Samurott|84/100|[from] item: Rocky Helmet|[of] p1a: Skarmory
|-sidestart|p1: kebab.ixx|Spikes
|
|upkeep
|turn|4
|
|t:|1758343164
|move|p2a: Samurott|Knock Off|p1a: Skarmory
|-damage|p1a: Skarmory|46/100
|-damage|p2a: Samurott|68/100|[from] item: Rocky Helmet|[of] p1a: Skarmory
|-enditem|p1a: Skarmory|Rocky Helmet|[from] move: Knock Off|[of] p2a: Samurott
|move|p1a: Skarmory|Stealth Rock|p2a: Samurott
|-sidestart|p2: famus123|move: Stealth Rock
|
|upkeep
|turn|5
|
|t:|1758343167
|move|p2a: Samurott|Ceaseless Edge|p1a: Skarmory|[miss]
|-miss|p2a: Samurott|p1a: Skarmory
|move|p1a: Skarmory|Roost|p1a: Skarmory
|-heal|p1a: Skarmory|96/100
|-singleturn|p1a: Skarmory|move: Roost
|
|upkeep
|turn|6
|
|t:|1758343172
|switch|p2a: Great Tusk|Great Tusk|100/100
|move|p1a: Skarmory|Body Press|p2a: Great Tusk
|-damage|p2a: Great Tusk|82/100
|
|upkeep
|turn|7
|
|t:|1758343174
|move|p2a: Great Tusk|Stealth Rock|p1a: Skarmory
|-sidestart|p1: kebab.ixx|move: Stealth Rock
|move|p1a: Skarmory|Brave Bird|p2a: Great Tusk
|-supereffective|p2a: Great Tusk
|-damage|p2a: Great Tusk|36/100
|-damage|p1a: Skarmory|76/100|[from] Recoil
|
|upkeep
|turn|8
|
|t:|1758343179
|move|p2a: Great Tusk|Rapid Spin|p1a: Skarmory
|-resisted|p1a: Skarmory
|-damage|p1a: Skarmory|72/100
|-boost|p2a: Great Tusk|spe|1
|-sideend|p2: famus123|Stealth Rock|[from] move: Rapid Spin|[of] p2a: Great Tusk
|move|p1a: Skarmory|Roost|p1a: Skarmory
|-heal|p1a: Skarmory|100/100
|-singleturn|p1a: Skarmory|move: Roost
|
|upkeep
|turn|9
|
|t:|1758343183
|-end|p2a: Great Tusk|Protosynthesis|[silent]
|switch|p2a: Zapdos|Zapdos|100/100
|move|p1a: Skarmory|Stealth Rock|p2a: Zapdos
|-sidestart|p2: famus123|move: Stealth Rock
|
|upkeep
|turn|10
|
|t:|1758343187
|switch|p1a: Fezandipiti|Fezandipiti, M|100/100
|move|p2a: Zapdos|Hurricane|p1a: Fezandipiti
|-damage|p1a: Fezandipiti|73/100
|
|upkeep
|turn|11
|
|t:|1758343189
|move|p1a: Fezandipiti|Calm Mind|p1a: Fezandipiti
|-boost|p1a: Fezandipiti|spa|1
|-boost|p1a: Fezandipiti|spd|1
|move|p2a: Zapdos|Volt Switch|p1a: Fezandipiti
|-damage|p1a: Fezandipiti|61/100
|
|t:|1758343200
|switch|p2a: Iron Valiant|Iron Valiant|100/100|[from] Volt Switch
|-damage|p2a: Iron Valiant|94/100|[from] Stealth Rock
|-enditem|p2a: Iron Valiant|Booster Energy
|-activate|p2a: Iron Valiant|ability: Quark Drive|[fromitem]
|-start|p2a: Iron Valiant|quarkdrivespe
|
|upkeep
|turn|12
|
|t:|1758343204
|move|p2a: Iron Valiant|Encore|p1a: Fezandipiti
|-start|p1a: Fezandipiti|Encore
|move|p1a: Fezandipiti|Calm Mind|p1a: Fezandipiti
|-boost|p1a: Fezandipiti|spa|1
|-boost|p1a: Fezandipiti|spd|1
|
|upkeep
|turn|13
|
|t:|1758343207
|switch|p1a: Skeledirge|Skeledirge, M|100/100
|move|p2a: Iron Valiant|Calm Mind|p2a: Iron Valiant
|-boost|p2a: Iron Valiant|spa|1
|-boost|p2a: Iron Valiant|spd|1
|
|upkeep
|turn|14
|
|t:|1758343213
|-terastallize|p2a: Iron Valiant|Ghost
|move|p2a: Iron Valiant|Shadow Ball|p1a: Skeledirge
|-supereffective|p1a: Skeledirge
|-damage|p1a: Skeledirge|39/100
|move|p1a: Skeledirge|Torch Song|p2a: Iron Valiant
|-damage|p2a: Iron Valiant|40/100
|-boost|p1a: Skeledirge|spa|1
|
|upkeep
|turn|15
|
|t:|1758343222
|switch|p1a: Samurott|Samurott-Hisui, M, shiny|100/100
|move|p2a: Iron Valiant|Shadow Ball|p1a: Samurott
|-resisted|p1a: Samurott
|-damage|p1a: Samurott|52/100
|
|upkeep
|turn|16
|
|t:|1758343226
|move|p1a: Samurott|Sucker Punch||[still]
|-fail|p1a: Samurott
|move|p2a: Iron Valiant|Calm Mind|p2a: Iron Valiant
|-boost|p2a: Iron Valiant|spa|1
|-boost|p2a: Iron Valiant|spd|1
|
|upkeep
|turn|17
|
|t:|1758343230
|switch|p1a: Landorus|Landorus-Therian, M, shiny|100/100
|-damage|p1a: Landorus|88/100|[from] Stealth Rock
|-ability|p1a: Landorus|Intimidate|boost
|-unboost|p2a: Iron Valiant|atk|1
|move|p2a: Iron Valiant|Encore||[still]
|-fail|p2a: Iron Valiant
|
|upkeep
|turn|18
|
|t:|1758343236
|switch|p1a: Skeledirge|Skeledirge, M|39/100
|move|p2a: Iron Valiant|Moonblast|p1a: Skeledirge
|-resisted|p1a: Skeledirge
|-damage|p1a: Skeledirge|19/100
|
|upkeep
|turn|19
|
|t:|1758343242
|move|p2a: Iron Valiant|Shadow Ball|p1a: Skeledirge
|-supereffective|p1a: Skeledirge
|-damage|p1a: Skeledirge|0 fnt
|faint|p1a: Skeledirge
|
|upkeep
|
|t:|1758343244
|switch|p1a: Samurott|Samurott-Hisui, M, shiny|52/100
|turn|20
|
|t:|1758343253
|move|p2a: Iron Valiant|Moonblast|p1a: Samurott
|-supereffective|p1a: Samurott
|-damage|p1a: Samurott|0 fnt
|faint|p1a: Samurott
|
|upkeep
|-message|kebab.ixx forfeited.
|
|win|famus123
|raw|kebab.ixx's rating: 1533 &rarr; <strong>1511</strong><br />(-22 for losing)
|raw|famus123's rating: 1501 &rarr; <strong>1523</strong><br />(+22 for winning)
|l|☆kebab.ixx
|player|p1|
