|j|☆Chef Allen
|j|☆vikxzi
|t:|1758313596
|gametype|singles
|player|p1|Chef Allen|baker|1165
|player|p2|vikxzi|101|1120
|gen|9
|tier|[Gen 9] OU
|rated|
|rule|HP Percentage Mod: HP is shown in percentages
|rule|Endless Battle Clause: Forcing endless battles is banned
|rule|Species Clause: Limit one of each Pokémon
|rule|OHKO Clause: OHKO moves are banned
|rule|Evasion Items Clause: Evasion items are banned
|rule|Evasion Moves Clause: Evasion moves are banned
|rule|Evasion Abilities Clause: Evasion abilities are banned
|rule|Sleep Moves Clause: Sleep-inducing moves are banned
|clearpoke
|poke|p1|Rotom-Heat|
|poke|p1|Dachsbun, F|
|poke|p1|Alcremie, F|
|poke|p1|Garganacl, F|
|poke|p1|Tatsugiri, M|
|poke|p1|Sinistcha-Masterpiece|
|poke|p2|Deoxys-Speed|
|poke|p2|Zamazenta-*|
|poke|p2|Gliscor, F|
|poke|p2|Weavile, F|
|poke|p2|Tinkaton, F|
|poke|p2|Dragapult, F|
|teampreview
|inactive|Battle timer is ON: inactive players will automatically lose when time's up. (requested by Chef Allen)
|
|t:|1758313606
|teamsize|p1|6
|teamsize|p2|6
|start
|switch|p1a: The oven|Rotom-Heat|100/100
|switch|p2a: Deoxys|Deoxys-Speed|100/100
|-ability|p2a: Deoxys|Pressure
|turn|1
|
|t:|1758313618
|move|p2a: Deoxys|Taunt|p1a: The oven
|-start|p1a: The oven|move: Taunt
|move|p1a: The oven|Thunderbolt|p2a: Deoxys
|-damage|p2a: Deoxys|33/100
|
|upkeep
|turn|2
|
|t:|1758313624
|move|p2a: Deoxys|Stealth Rock|p1a: The oven
|-sidestart|p1: Chef Allen|move: Stealth Rock
|move|p1a: The oven|Thunderbolt|p2a: Deoxys
|-damage|p2a: Deoxys|0 fnt
|faint|p2a: Deoxys
|
|upkeep
|
|t:|1758313634
|switch|p2a: Dragapult|Dragapult, F|100/100
|turn|3
|
|t:|1758313644
|switch|p1a: Salt|Garganacl, F|100/100
|-damage|p1a: Salt|88/100|[from] Stealth Rock
|move|p2a: Dragapult|Surf|p1a: Salt
|-supereffective|p1a: Salt
|-damage|p1a: Salt|12/100
|
|-heal|p1a: Salt|19/100|[from] item: Leftovers
|upkeep
|turn|4
|
|t:|1758313654
|move|p1a: Salt|Protect|p1a: Salt
|-singleturn|p1a: Salt|Protect
|move|p2a: Dragapult|Surf|p1a: Salt
|-activate|p1a: Salt|move: Protect
|
|-heal|p1a: Salt|25/100|[from] item: Leftovers
|upkeep
|turn|5
|
|t:|1758313661
|switch|p1a: sushi|Tatsugiri, M|100/100
|move|p2a: Dragapult|Surf|p1a: sushi
|-ability|p1a: sushi|Storm Drain|boost
|-boost|p1a: sushi|spa|1
|
|upkeep
|turn|6
|
|t:|1758313669
|switch|p2a: Tinkaton|Tinkaton, F|100/100
|-ability|p2a: Tinkaton|Mold Breaker
|move|p1a: sushi|Rapid Spin|p2a: Tinkaton
|-resisted|p2a: Tinkaton
|-damage|p2a: Tinkaton|97/100
|-boost|p1a: sushi|spe|1
|-sideend|p1: Chef Allen|Stealth Rock|[from] move: Rapid Spin|[of] p1a: sushi
|
|upkeep
|turn|7
|
|t:|1758313682
|-terastallize|p1a: sushi|Fire
|move|p1a: sushi|Surf|p2a: Tinkaton
|-damage|p2a: Tinkaton|35/100
|move|p2a: Tinkaton|Gigaton Hammer|p1a: sushi
|-resisted|p1a: sushi
|-damage|p1a: sushi|53/100
|
|upkeep
|turn|8
|
|t:|1758313694
|switch|p2a: Dragapult|Dragapult, F|100/100
|move|p1a: sushi|Rapid Spin|p2a: Dragapult
|-immune|p2a: Dragapult
|
|upkeep
|turn|9
|
|t:|1758313700
|move|p2a: Dragapult|Surf|p1a: sushi
|-ability|p1a: sushi|Storm Drain|boost
|-boost|p1a: sushi|spa|1
|move|p1a: sushi|Dragon Pulse|p2a: Dragapult
|-supereffective|p2a: Dragapult
|-crit|p2a: Dragapult
|-damage|p2a: Dragapult|0 fnt
|faint|p2a: Dragapult
|
|upkeep
|
|t:|1758313714
|switch|p2a: Zamazenta|Zamazenta|100/100
|-ability|p2a: Zamazenta|Dauntless Shield|boost
|-boost|p2a: Zamazenta|def|1
|turn|10
|
|t:|1758313723
|move|p2a: Zamazenta|Body Press|p1a: sushi
|-damage|p1a: sushi|0 fnt
|faint|p1a: sushi
|
|upkeep
|
|t:|1758313730
|switch|p1a: Sinistcha|Sinistcha-Masterpiece|100/100
|turn|11
|
|t:|1758313734
|move|p2a: Zamazenta|Crunch|p1a: Sinistcha
|-supereffective|p1a: Sinistcha
|-damage|p1a: Sinistcha|57/100
|move|p1a: Sinistcha|Matcha Gotcha|p2a: Zamazenta
|-damage|p2a: Zamazenta|64/100
|-heal|p1a: Sinistcha|78/100|[from] drain|[of] p2a: Zamazenta
|-status|p2a: Zamazenta|brn
|
|-heal|p2a: Zamazenta|70/100 brn|[from] item: Leftovers
|-heal|p1a: Sinistcha|84/100|[from] item: Leftovers
|-damage|p2a: Zamazenta|64/100 brn|[from] brn
|upkeep
|turn|12
|
|t:|1758313747
|switch|p2a: Tinkaton|Tinkaton, F|35/100
|-ability|p2a: Tinkaton|Mold Breaker
|move|p1a: Sinistcha|Nasty Plot|p1a: Sinistcha
|-boost|p1a: Sinistcha|spa|2
|
|-heal|p1a: Sinistcha|90/100|[from] item: Leftovers
|upkeep
|turn|13
|
|t:|1758313759
|move|p2a: Tinkaton|Gigaton Hammer|p1a: Sinistcha
|-damage|p1a: Sinistcha|32/100
|move|p1a: Sinistcha|Shadow Ball|p2a: Tinkaton
|-damage|p2a: Tinkaton|0 fnt
|faint|p2a: Tinkaton
|
|-heal|p1a: Sinistcha|38/100|[from] item: Leftovers
|upkeep
|
|t:|1758313768
|switch|p2a: Weavile|Weavile, F|100/100
|-ability|p2a: Weavile|Pressure
|turn|14
|
|t:|1758313772
|move|p2a: Weavile|Triple Axel|p1a: Sinistcha
|-supereffective|p1a: Sinistcha
|-damage|p1a: Sinistcha|9/100
|-supereffective|p1a: Sinistcha
|-damage|p1a: Sinistcha|0 fnt
|faint|p1a: Sinistcha
|-hitcount|p1: Sinistcha|2
|
|upkeep
|
|t:|1758313777
|switch|p1a: The oven|Rotom-Heat|100/100
|turn|15
|
|t:|1758313783
|switch|p2a: Gliscor|Gliscor, F|100/100
|move|p1a: The oven|Overheat|p2a: Gliscor
|-damage|p2a: Gliscor|42/100
|-unboost|p1a: The oven|spa|2
|
|-status|p2a: Gliscor|tox|[from] item: Toxic Orb
|upkeep
|turn|16
|
|t:|1758313791
|switch|p1a: Salt|Garganacl, F|25/100
|move|p2a: Gliscor|Protect||[still]
|-fail|p2a: Gliscor
|
|-heal|p1a: Salt|31/100|[from] item: Leftovers
|-heal|p2a: Gliscor|54/100 tox|[from] ability: Poison Heal
|upkeep
|turn|17
|
|t:|1758313799
|move|p2a: Gliscor|Earthquake|p1a: Salt
|-supereffective|p1a: Salt
|-damage|p1a: Salt|0 fnt
|faint|p1a: Salt
|
|-heal|p2a: Gliscor|67/100 tox|[from] ability: Poison Heal
|upkeep
|
|t:|1758313808
|switch|p1a: Whipped cream|Alcremie, F|100/100
|turn|18
|
|t:|1758313812
|move|p2a: Gliscor|Protect|p2a: Gliscor
|-singleturn|p2a: Gliscor|Protect
|move|p1a: Whipped cream|Acid Armor|p1a: Whipped cream
|-boost|p1a: Whipped cream|def|2
|
|-heal|p2a: Gliscor|79/100 tox|[from] ability: Poison Heal
|upkeep
|turn|19
|
|t:|1758313819
|move|p2a: Gliscor|Swords Dance|p2a: Gliscor
|-boost|p2a: Gliscor|atk|2
|move|p1a: Whipped cream|Calm Mind|p1a: Whipped cream
|-boost|p1a: Whipped cream|spa|1
|-boost|p1a: Whipped cream|spd|1
|
|-heal|p2a: Gliscor|92/100 tox|[from] ability: Poison Heal
|upkeep
|turn|20
|
|t:|1758313827
|-terastallize|p2a: Gliscor|Normal
|move|p2a: Gliscor|Facade|p1a: Whipped cream
|-damage|p1a: Whipped cream|48/100
|move|p1a: Whipped cream|Acid Armor|p1a: Whipped cream
|-boost|p1a: Whipped cream|def|2
|
|-heal|p1a: Whipped cream|54/100|[from] item: Leftovers
|-heal|p2a: Gliscor|100/100 tox|[from] ability: Poison Heal
|upkeep
|turn|21
|
|t:|1758313840
|move|p2a: Gliscor|Facade|p1a: Whipped cream
|-damage|p1a: Whipped cream|18/100
|move|p1a: Whipped cream|Recover|p1a: Whipped cream
|-heal|p1a: Whipped cream|68/100
|
|-heal|p1a: Whipped cream|74/100|[from] item: Leftovers
|upkeep
|turn|22
|
|t:|1758313847
|move|p2a: Gliscor|Facade|p1a: Whipped cream
|-damage|p1a: Whipped cream|36/100
|move|p1a: Whipped cream|Acid Armor|p1a: Whipped cream
|-boost|p1a: Whipped cream|def|2
|
|-heal|p1a: Whipped cream|42/100|[from] item: Leftovers
|upkeep
|turn|23
|
|t:|1758313853
|move|p2a: Gliscor|Facade|p1a: Whipped cream
|-damage|p1a: Whipped cream|14/100
|move|p1a: Whipped cream|Recover|p1a: Whipped cream
|-heal|p1a: Whipped cream|64/100
|
|-heal|p1a: Whipped cream|70/100|[from] item: Leftovers
|upkeep
|turn|24
|
|t:|1758313860
|move|p2a: Gliscor|Facade|p1a: Whipped cream
|-damage|p1a: Whipped cream|43/100
|move|p1a: Whipped cream|Dazzling Gleam|p2a: Gliscor
|-damage|p2a: Gliscor|58/100 tox
|
|-heal|p1a: Whipped cream|49/100|[from] item: Leftovers
|-heal|p2a: Gliscor|71/100 tox|[from] ability: Poison Heal
|upkeep
|turn|25
|
|t:|1758313868
|move|p2a: Gliscor|Facade|p1a: Whipped cream
|-damage|p1a: Whipped cream|24/100
|move|p1a: Whipped cream|Dazzling Gleam|p2a: Gliscor
|-damage|p2a: Gliscor|34/100 tox
|
|-heal|p1a: Whipped cream|30/100|[from] item: Leftovers
|-heal|p2a: Gliscor|47/100 tox|[from] ability: Poison Heal
|upkeep
|turn|26
|
|t:|1758313876
|move|p2a: Gliscor|Facade|p1a: Whipped cream
|-damage|p1a: Whipped cream|1/100
|move|p1a: Whipped cream|Recover|p1a: Whipped cream
|-heal|p1a: Whipped cream|51/100
|
|-heal|p1a: Whipped cream|57/100|[from] item: Leftovers
|-heal|p2a: Gliscor|59/100 tox|[from] ability: Poison Heal
|upkeep
|turn|27
|
|t:|1758313884
|move|p2a: Gliscor|Facade|p1a: Whipped cream
|-damage|p1a: Whipped cream|29/100
|move|p1a: Whipped cream|Calm Mind|p1a: Whipped cream
|-boost|p1a: Whipped cream|spa|1
|-boost|p1a: Whipped cream|spd|1
|
|-heal|p1a: Whipped cream|35/100|[from] item: Leftovers
|-heal|p2a: Gliscor|72/100 tox|[from] ability: Poison Heal
|upkeep
|turn|28
|
|t:|1758313892
|move|p2a: Gliscor|Facade|p1a: Whipped cream
|-damage|p1a: Whipped cream|7/100
|move|p1a: Whipped cream|Recover|p1a: Whipped cream
|-heal|p1a: Whipped cream|57/100
|
|-heal|p1a: Whipped cream|63/100|[from] item: Leftovers
|-heal|p2a: Gliscor|84/100 tox|[from] ability: Poison Heal
|upkeep
|turn|29
|
|t:|1758313900
|move|p2a: Gliscor|Facade|p1a: Whipped cream
|-damage|p1a: Whipped cream|35/100
|move|p1a: Whipped cream|Dazzling Gleam|p2a: Gliscor
|-damage|p2a: Gliscor|29/100 tox
|
|-heal|p1a: Whipped cream|41/100|[from] item: Leftovers
|-heal|p2a: Gliscor|42/100 tox|[from] ability: Poison Heal
|upkeep
|turn|30
|
|t:|1758313910
|move|p2a: Gliscor|Facade|p1a: Whipped cream
|-damage|p1a: Whipped cream|11/100
|move|p1a: Whipped cream|Dazzling Gleam|p2a: Gliscor
|-damage|p2a: Gliscor|0 fnt
|faint|p2a: Gliscor
|
|-heal|p1a: Whipped cream|17/100|[from] item: Leftovers
|upkeep
|
|t:|1758313918
|switch|p2a: Weavile|Weavile, F|100/100
|-ability|p2a: Weavile|Pressure
|turn|31
|
|t:|1758313923
|move|p2a: Weavile|Triple Axel|p1a: Whipped cream
|-damage|p1a: Whipped cream|12/100
|-damage|p1a: Whipped cream|3/100
|-damage|p1a: Whipped cream|0 fnt
|faint|p1a: Whipped cream
|-hitcount|p1: Whipped cream|3
|
|upkeep
|
|t:|1758313932
|switch|p1a: bread|Dachsbun, F|100/100
|turn|32
|
|t:|1758313935
|move|p2a: Weavile|Triple Axel|p1a: bread
|-damage|p1a: bread|87/100
|-damage|p1a: bread|60/100
|-damage|p1a: bread|21/100
|-hitcount|p1a: bread|3
|move|p1a: bread|Body Press|p2a: Weavile
|-supereffective|p2a: Weavile
|-damage|p2a: Weavile|0 fnt
|faint|p2a: Weavile
|
|-heal|p1a: bread|27/100|[from] item: Leftovers
|upkeep
|
|t:|1758313946
|switch|p2a: Zamazenta|Zamazenta|64/100 brn
|turn|33
|
|t:|1758313951
|move|p2a: Zamazenta|Body Press|p1a: bread
|-resisted|p1a: bread
|-damage|p1a: bread|20/100
|move|p1a: bread|Play Rough|p2a: Zamazenta
|-supereffective|p2a: Zamazenta
|-damage|p2a: Zamazenta|26/100 brn
|
|-heal|p2a: Zamazenta|32/100 brn|[from] item: Leftovers
|-heal|p1a: bread|26/100|[from] item: Leftovers
|-damage|p2a: Zamazenta|26/100 brn|[from] brn
|upkeep
|turn|34
|
|t:|1758313961
|move|p2a: Zamazenta|Body Press|p1a: bread
|-resisted|p1a: bread
|-damage|p1a: bread|19/100
|move|p1a: bread|Play Rough|p2a: Zamazenta
|-supereffective|p2a: Zamazenta
|-damage|p2a: Zamazenta|0 fnt
|faint|p2a: Zamazenta
|
|win|Chef Allen
|raw|Chef Allen's rating: 1165 &rarr; <strong>1187</strong><br />(+22 for winning)
|raw|vikxzi's rating: 1120 &rarr; <strong>1098</strong><br />(-22 for losing)
|c|☆vikxzi|wp
|l|☆vikxzi
|player|p2|
|c|☆Chef Allen|gg wp
|l|☆Chef Allen
|player|p1|
