|j|‽Drosophila_enjoyer
|j|☆AKO301
|t:|1758356507
|gametype|singles
|player|p1|Drosophila_enjoyer|rocketgrunt|1433
|player|p2|AKO301|hugh|1381
|gen|9
|tier|[Gen 9] OU
|rated|
|rule|HP Percentage Mod: HP is shown in percentages
|rule|Endless Battle Clause: Forcing endless battles is banned
|rule|Species Clause: Limit one of each Pokémon
|rule|OHKO Clause: OHKO moves are banned
|rule|Evasion Items Clause: Evasion items are banned
|rule|Evasion Moves Clause: Evasion moves are banned
|rule|Evasion Abilities Clause: Evasion abilities are banned
|rule|Sleep Moves Clause: Sleep-inducing moves are banned
|clearpoke
|poke|p1|Breloom, F|
|poke|p1|Bisharp, M|
|poke|p1|Regidrago|
|poke|p1|Maushold-Four|
|poke|p1|Armarouge, M|
|poke|p1|Magnezone|
|poke|p2|Kingambit, M|
|poke|p2|Deoxys-Speed|
|poke|p2|Great Tusk|
|poke|p2|Dragonite, M|
|poke|p2|Iron Moth|
|poke|p2|Primarina, M|
|teampreview
|inactive|Battle timer is ON: inactive players will automatically lose when time's up. (requested by Drosophila_enjoyer)
|inactive|AKO301 has 120 seconds left.
|
|t:|1758356546
|teamsize|p1|6
|teamsize|p2|6
|start
|switch|p1a: Magnezone|Magnezone|100/100
|switch|p2a: Moebius|Deoxys-Speed|100/100
|-ability|p2a: Moebius|Pressure
|turn|1
|
|t:|1758356557
|move|p2a: Moebius|Focus Blast|p1a: Magnezone|[miss]
|-miss|p2a: Moebius|p1a: Magnezone
|move|p1a: Magnezone|Discharge|p2a: Moebius
|-damage|p2a: Moebius|6/100
|
|upkeep
|turn|2
|inactive|AKO301 has 120 seconds left.
|
|t:|1758356589
|move|p2a: Moebius|Focus Blast|p1a: Magnezone
|-supereffective|p1a: Magnezone
|-crit|p1a: Magnezone
|-damage|p1a: Magnezone|0 fnt
|faint|p1a: Magnezone
|-damage|p2a: Moebius|0 fnt|[from] item: Life Orb
|faint|p2a: Moebius
|
|upkeep
|inactive|AKO301 has 120 seconds left.
|
|t:|1758356598
|switch|p2a: Anomаly|Iron Moth|100/100
|switch|p1a: Breloom|Breloom, F|100/100
|-enditem|p2a: Anomаly|Booster Energy
|-activate|p2a: Anomаly|ability: Quark Drive|[fromitem]
|-start|p2a: Anomаly|quarkdrivespe
|turn|3
|
|t:|1758356601
|-terastallize|p1a: Breloom|Rock
|move|p2a: Anomаly|Fiery Dance|p1a: Breloom
|-resisted|p1a: Breloom
|-damage|p1a: Breloom|59/100
|move|p1a: Breloom|Rock Tomb|p2a: Anomаly
|-supereffective|p2a: Anomаly
|-damage|p2a: Anomаly|0 fnt
|faint|p2a: Anomаly
|-end|p2a: Anomаly|Quark Drive|[silent]
|
|upkeep
|
|t:|1758356609
|switch|p2a: Anomaly|Great Tusk|100/100
|-enditem|p2a: Anomaly|Booster Energy
|-activate|p2a: Anomaly|ability: Protosynthesis|[fromitem]
|-start|p2a: Anomaly|protosynthesisatk
|turn|4
|
|t:|1758356613
|move|p2a: Anomaly|Headlong Rush|p1a: Breloom
|-supereffective|p1a: Breloom
|-damage|p1a: Breloom|0 fnt
|-unboost|p2a: Anomaly|def|1
|-unboost|p2a: Anomaly|spd|1
|faint|p1a: Breloom
|
|upkeep
|
|t:|1758356616
|switch|p1a: Armarouge|Armarouge, M|100/100
|turn|5
|
|t:|1758356619
|move|p1a: Armarouge|Endure|p1a: Armarouge
|-singleturn|p1a: Armarouge|move: Endure
|move|p2a: Anomaly|Headlong Rush|p1a: Armarouge
|-supereffective|p1a: Armarouge
|-activate|p1a: Armarouge|move: Endure
|-damage|p1a: Armarouge|1/100
|-unboost|p2a: Anomaly|def|1
|-unboost|p2a: Anomaly|spd|1
|-ability|p1a: Armarouge|Weak Armor|boost
|-unboost|p1a: Armarouge|def|1
|-boost|p1a: Armarouge|spe|2
|-enditem|p1a: Armarouge|Weakness Policy
|-boost|p1a: Armarouge|atk|2|[from] item: Weakness Policy
|-boost|p1a: Armarouge|spa|2|[from] item: Weakness Policy
|
|upkeep
|turn|6
|
|t:|1758356635
|-end|p2a: Anomaly|Protosynthesis|[silent]
|switch|p2a: Yoshi|Dragonite, M, shiny|100/100
|move|p1a: Armarouge|Energy Ball|p2a: Yoshi
|-resisted|p2a: Yoshi
|-damage|p2a: Yoshi|92/100
|
|upkeep
|turn|7
|
|t:|1758356638
|move|p1a: Armarouge|Endure|p1a: Armarouge
|-singleturn|p1a: Armarouge|move: Endure
|move|p2a: Yoshi|Extreme Speed|p1a: Armarouge
|-activate|p1a: Armarouge|move: Endure
|-damage|p1a: Armarouge|1/100
|-ability|p1a: Armarouge|Weak Armor|boost
|-unboost|p1a: Armarouge|def|1
|-boost|p1a: Armarouge|spe|2
|
|upkeep
|turn|8
|
|t:|1758356645
|switch|p1a: Bisharp|Bisharp, M|100/100
|move|p2a: Yoshi|Extreme Speed|p1a: Bisharp
|-resisted|p1a: Bisharp
|-damage|p1a: Bisharp|84/100
|
|upkeep
|turn|9
|
|t:|1758356651
|switch|p2a: Anomaly|Great Tusk|100/100
|move|p1a: Bisharp|Swords Dance|p1a: Bisharp
|-boost|p1a: Bisharp|atk|2
|
|upkeep
|turn|10
|
|t:|1758356657
|move|p2a: Anomaly|Headlong Rush|p1a: Bisharp
|-supereffective|p1a: Bisharp
|-damage|p1a: Bisharp|0 fnt
|-unboost|p2a: Anomaly|def|1
|-unboost|p2a: Anomaly|spd|1
|faint|p1a: Bisharp
|
|upkeep
|
|t:|1758356659
|switch|p1a: Maushold|Maushold-Four|100/100
|turn|11
|
|t:|1758356664
|move|p1a: Maushold|Population Bomb|p2a: Anomaly
|-damage|p2a: Anomaly|88/100
|-damage|p2a: Anomaly|76/100
|-damage|p2a: Anomaly|63/100
|-damage|p2a: Anomaly|51/100
|-damage|p2a: Anomaly|39/100
|-crit|p2a: Anomaly
|-damage|p2a: Anomaly|22/100
|-damage|p2a: Anomaly|9/100
|-damage|p2a: Anomaly|0 fnt
|faint|p2a: Anomaly
|-end|p2a: Anomaly|Protosynthesis|[silent]
|-hitcount|p2: Anomaly|8
|
|upkeep
|
|t:|1758356667
|switch|p2a: Yoshi|Dragonite, M, shiny|92/100
|turn|12
|
|t:|1758356670
|move|p2a: Yoshi|Extreme Speed|p1a: Maushold
|-damage|p1a: Maushold|30/100
|move|p1a: Maushold|Population Bomb|p2a: Yoshi
|-damage|p2a: Yoshi|80/100
|-damage|p2a: Yoshi|67/100
|-damage|p2a: Yoshi|56/100
|-damage|p2a: Yoshi|44/100
|-damage|p2a: Yoshi|31/100
|-damage|p2a: Yoshi|18/100
|-damage|p2a: Yoshi|5/100
|-damage|p2a: Yoshi|0 fnt
|faint|p2a: Yoshi
|-hitcount|p2: Yoshi|8
|
|upkeep
|
|t:|1758356673
|switch|p2a: Meruem|Kingambit, M|100/100
|-activate|p2a: Meruem|ability: Supreme Overlord
|-start|p2a: Meruem|fallen4|[silent]
|turn|13
|
|t:|1758356679
|switch|p1a: Armarouge|Armarouge, M|1/100
|move|p2a: Meruem|Kowtow Cleave|p1a: Armarouge
|-supereffective|p1a: Armarouge
|-damage|p1a: Armarouge|0 fnt
|faint|p1a: Armarouge
|
|upkeep
|
|t:|1758356683
|switch|p1a: Regidrago|Regidrago|100/100
|turn|14
|
|t:|1758356708
|move|p1a: Regidrago|Earth Power|p2a: Meruem
|-supereffective|p2a: Meruem
|-damage|p2a: Meruem|44/100
|move|p2a: Meruem|Kowtow Cleave|p1a: Regidrago
|-damage|p1a: Regidrago|14/100
|
|-heal|p2a: Meruem|50/100|[from] item: Leftovers
|upkeep
|turn|15
|
|t:|1758356718
|switch|p1a: Maushold|Maushold-Four|30/100
|move|p2a: Meruem|Sucker Punch||[still]
|-fail|p2a: Meruem
|
|-heal|p2a: Meruem|56/100|[from] item: Leftovers
|upkeep
|turn|16
|
|t:|1758356722
|-terastallize|p2a: Meruem|Ghost
|move|p1a: Maushold|Encore|p2a: Meruem
|-start|p2a: Meruem|Encore
|move|p2a: Meruem|Sucker Punch||[still]
|-fail|p2a: Meruem
|
|-heal|p2a: Meruem|62/100|[from] item: Leftovers
|upkeep
|turn|17
|
|t:|1758356727
|-end|p2a: Meruem|fallen4|[silent]
|switch|p2a: Siren|Primarina, M|100/100
|move|p1a: Maushold|Tidy Up|p1a: Maushold
|-boost|p1a: Maushold|atk|1
|-boost|p1a: Maushold|spe|1
|
|upkeep
|turn|18
|
|t:|1758356732
|move|p1a: Maushold|Population Bomb|p2a: Siren
|-damage|p2a: Siren|78/100
|-hitcount|p2a: Siren|1
|move|p2a: Siren|Surf|p1a: Maushold
|-damage|p1a: Maushold|0 fnt
|faint|p1a: Maushold
|
|upkeep
|
|t:|1758356745
|switch|p1a: Regidrago|Regidrago|14/100
|turn|19
|
|t:|1758356749
|move|p1a: Regidrago|Explosion|p2a: Siren
|-damage|p2a: Siren|0 fnt
|faint|p1a: Regidrago
|faint|p2a: Siren
|
|win|AKO301
|raw|Drosophila_enjoyer's rating: 1433 &rarr; <strong>1410</strong><br />(-23 for losing)
|raw|AKO301's rating: 1381 &rarr; <strong>1404</strong><br />(+23 for winning)
|l|☆AKO301
|player|p2|
|l|‽Drosophila_enjoyer
|player|p1|
