|j|☆Lazzypotato4
|j|☆RK Earth 9000
|t:|1758302769
|gametype|singles
|player|p1|Lazzypotato4|swimmerf-gen4|1082
|player|p2|RK Earth 9000|volkner|1112
|gen|9
|tier|[Gen 9] OU
|rated|
|rule|HP Percentage Mod: HP is shown in percentages
|rule|Endless Battle Clause: Forcing endless battles is banned
|rule|Species Clause: Limit one of each Pokémon
|rule|OHKO Clause: OHKO moves are banned
|rule|Evasion Items Clause: Evasion items are banned
|rule|Evasion Moves Clause: Evasion moves are banned
|rule|Evasion Abilities Clause: Evasion abilities are banned
|rule|Sleep Moves Clause: Sleep-inducing moves are banned
|clearpoke
|poke|p1|Barraskewda, M|
|poke|p1|Zapdos|
|poke|p1|Kingdra, F|
|poke|p1|Thundurus-Therian, M|
|poke|p1|Basculegion, M|
|poke|p1|Politoed, M|
|poke|p2|Gyarados, F|
|poke|p2|Tentacruel, F|
|poke|p2|Heatran, F|
|poke|p2|Incineroar, F|
|poke|p2|Meowscarada, M|
|poke|p2|Landorus-Therian, M|
|teampreview
|
|t:|1758302784
|teamsize|p1|6
|teamsize|p2|6
|start
|switch|p1a: Politoed|Politoed, M|100/100
|switch|p2a: Tentacruel|Tentacruel, F|100/100
|-weather|RainDance|[from] ability: Drizzle|[of] p1a: Politoed
|turn|1
|
|t:|1758302795
|move|p2a: Tentacruel|Toxic|p1a: Politoed
|-status|p1a: Politoed|tox
|move|p1a: Politoed|Psychic|p2a: Tentacruel
|-supereffective|p2a: Tentacruel
|-damage|p2a: Tentacruel|70/100
|
|-weather|RainDance|[upkeep]
|-heal|p2a: Tentacruel|76/100|[from] item: Leftovers
|-damage|p1a: Politoed|94/100 tox|[from] psn
|upkeep
|turn|2
|
|t:|1758302806
|move|p2a: Tentacruel|Knock Off|p1a: Politoed
|-crit|p1a: Politoed
|-damage|p1a: Politoed|72/100 tox
|-enditem|p1a: Politoed|Heavy-Duty Boots|[from] move: Knock Off|[of] p2a: Tentacruel
|move|p1a: Politoed|Psychic|p2a: Tentacruel
|-supereffective|p2a: Tentacruel
|-damage|p2a: Tentacruel|43/100
|
|-weather|RainDance|[upkeep]
|-heal|p2a: Tentacruel|49/100|[from] item: Leftovers
|-damage|p1a: Politoed|59/100 tox|[from] psn
|upkeep
|turn|3
|
|t:|1758302817
|switch|p2a: Meowscarada|Meowscarada, M|100/100
|move|p1a: Politoed|Psychic|p2a: Meowscarada
|-immune|p2a: Meowscarada
|
|-weather|RainDance|[upkeep]
|-damage|p1a: Politoed|41/100 tox|[from] psn
|upkeep
|turn|4
|
|t:|1758302826
|move|p2a: Meowscarada|Triple Axel|p1a: Politoed
|-start|p2a: Meowscarada|typechange|Ice|[from] ability: Protean
|-resisted|p1a: Politoed
|-damage|p1a: Politoed|34/100 tox
|-hitcount|p1a: Politoed|1
|move|p1a: Politoed|Ice Beam|p2a: Meowscarada
|-resisted|p2a: Meowscarada
|-damage|p2a: Meowscarada|87/100
|
|-weather|RainDance|[upkeep]
|-damage|p1a: Politoed|9/100 tox|[from] psn
|upkeep
|turn|5
|
|t:|1758302848
|switch|p1a: Kingdra|Kingdra, F|100/100
|move|p2a: Meowscarada|Triple Axel|p1a: Kingdra
|-damage|p1a: Kingdra|83/100
|-damage|p2a: Meowscarada|70/100|[from] item: Rocky Helmet|[of] p1a: Kingdra
|-damage|p1a: Kingdra|48/100
|-damage|p2a: Meowscarada|54/100|[from] item: Rocky Helmet|[of] p1a: Kingdra
|-hitcount|p1a: Kingdra|2
|
|-weather|none
|upkeep
|turn|6
|
|t:|1758302863
|move|p2a: Meowscarada|Triple Axel|p1a: Kingdra
|-crit|p1a: Kingdra
|-damage|p1a: Kingdra|24/100
|-damage|p2a: Meowscarada|37/100|[from] item: Rocky Helmet|[of] p1a: Kingdra
|-damage|p1a: Kingdra|0 fnt
|-damage|p2a: Meowscarada|21/100|[from] item: Rocky Helmet|[of] p1a: Kingdra
|faint|p1a: Kingdra
|-hitcount|p1: Kingdra|2
|
|upkeep
|
|t:|1758302873
|switch|p1a: Politoed|Politoed, M|9/100 tox
|-weather|RainDance|[from] ability: Drizzle|[of] p1a: Politoed
|turn|7
|
|t:|1758302878
|switch|p2a: Tentacruel|Tentacruel, F|49/100
|move|p1a: Politoed|Weather Ball|p2a: Tentacruel
|-resisted|p2a: Tentacruel
|-damage|p2a: Tentacruel|30/100
|
|-weather|RainDance|[upkeep]
|-heal|p2a: Tentacruel|36/100|[from] item: Leftovers
|-damage|p1a: Politoed|3/100 tox|[from] psn
|upkeep
|turn|8
|
|t:|1758302889
|switch|p1a: Barraskewda|Barraskewda, M|100/100
|move|p2a: Tentacruel|Toxic|p1a: Barraskewda
|-status|p1a: Barraskewda|tox
|
|-weather|RainDance|[upkeep]
|-heal|p2a: Tentacruel|42/100|[from] item: Leftovers
|-damage|p1a: Barraskewda|94/100 tox|[from] psn
|upkeep
|turn|9
|
|t:|1758302899
|move|p1a: Barraskewda|Close Combat|p2a: Tentacruel
|-resisted|p2a: Tentacruel
|-damage|p2a: Tentacruel|9/100
|-unboost|p1a: Barraskewda|def|1
|-unboost|p1a: Barraskewda|spd|1
|-damage|p1a: Barraskewda|85/100 tox|[from] item: Life Orb
|move|p2a: Tentacruel|Knock Off|p1a: Barraskewda
|-damage|p1a: Barraskewda|38/100 tox
|-enditem|p1a: Barraskewda|Life Orb|[from] move: Knock Off|[of] p2a: Tentacruel
|
|-weather|RainDance|[upkeep]
|-heal|p2a: Tentacruel|15/100|[from] item: Leftovers
|-damage|p1a: Barraskewda|26/100 tox|[from] psn
|upkeep
|turn|10
|
|t:|1758302916
|move|p1a: Barraskewda|Crunch|p2a: Tentacruel
|-damage|p2a: Tentacruel|0 fnt
|faint|p2a: Tentacruel
|
|-weather|RainDance|[upkeep]
|-damage|p1a: Barraskewda|8/100 tox|[from] psn
|upkeep
|
|t:|1758302923
|switch|p2a: Incineroar|Incineroar, F, shiny|100/100
|-ability|p2a: Incineroar|Intimidate|boost
|-unboost|p1a: Barraskewda|atk|1
|turn|11
|
|t:|1758302930
|move|p2a: Incineroar|Fake Out|p1a: Barraskewda
|-damage|p1a: Barraskewda|0 fnt
|faint|p1a: Barraskewda
|
|-weather|none
|upkeep
|
|t:|1758302934
|switch|p1a: Politoed|Politoed, M|3/100 tox
|-weather|RainDance|[from] ability: Drizzle|[of] p1a: Politoed
|turn|12
|
|t:|1758302942
|move|p2a: Incineroar|Parting Shot|p1a: Politoed
|-unboost|p1a: Politoed|atk|1
|-unboost|p1a: Politoed|spa|1
|
|t:|1758302946
|switch|p2a: Meowscarada|Meowscarada, M|21/100|[from] Parting Shot
|move|p1a: Politoed|Weather Ball|p2a: Meowscarada
|-resisted|p2a: Meowscarada
|-damage|p2a: Meowscarada|0 fnt
|faint|p2a: Meowscarada
|
|-weather|RainDance|[upkeep]
|-damage|p1a: Politoed|0 fnt|[from] psn
|faint|p1a: Politoed
|upkeep
|
|t:|1758302961
|switch|p2a: Gyarados|Gyarados, F, shiny|100/100
|switch|p1a: Thundurus|Thundurus-Therian, M|100/100
|-ability|p2a: Gyarados|Intimidate|boost
|-unboost|p1a: Thundurus|atk|1
|turn|13
|
|t:|1758302971
|-terastallize|p2a: Gyarados|Ground
|move|p1a: Thundurus|Thunder|p2a: Gyarados
|-immune|p2a: Gyarados
|move|p2a: Gyarados|Waterfall|p1a: Thundurus
|-damage|p1a: Thundurus|0 fnt
|faint|p1a: Thundurus
|
|-weather|RainDance|[upkeep]
|upkeep
|
|t:|1758302976
|switch|p1a: Basculegion|Basculegion, M|100/100
|turn|14
|
|t:|1758302986
|switch|p2a: Heatran|Heatran, F, shiny|100/100
|move|p1a: Basculegion|Wave Crash|p2a: Heatran
|-supereffective|p2a: Heatran
|-damage|p2a: Heatran|0 fnt
|faint|p2a: Heatran
|-damage|p1a: Basculegion|72/100|[from] Recoil
|
|-weather|RainDance|[upkeep]
|upkeep
|
|t:|1758302997
|switch|p2a: Incineroar|Incineroar, F, shiny|100/100
|-ability|p2a: Incineroar|Intimidate|boost
|-unboost|p1a: Basculegion|atk|1
|turn|15
|
|t:|1758303003
|move|p1a: Basculegion|Wave Crash|p2a: Incineroar
|-supereffective|p2a: Incineroar
|-damage|p2a: Incineroar|0 fnt
|faint|p2a: Incineroar
|-damage|p1a: Basculegion|44/100|[from] Recoil
|
|-weather|RainDance|[upkeep]
|upkeep
|
|t:|1758303017
|switch|p2a: Landorus|Landorus-Therian, M, shiny|100/100
|-ability|p2a: Landorus|Intimidate|boost
|-unboost|p1a: Basculegion|atk|1
|turn|16
|
|t:|1758303024
|move|p1a: Basculegion|Wave Crash|p2a: Landorus
|-supereffective|p2a: Landorus
|-damage|p2a: Landorus|0 fnt
|faint|p2a: Landorus
|-damage|p1a: Basculegion|16/100|[from] Recoil
|
|-weather|none
|upkeep
|
|t:|1758303032
|switch|p2a: Gyarados|Gyarados, F, shiny, tera:Ground|100/100
|-ability|p2a: Gyarados|Intimidate|boost
|-unboost|p1a: Basculegion|atk|1
|turn|17
|
|t:|1758303041
|move|p2a: Gyarados|Waterfall|p1a: Basculegion
|-resisted|p1a: Basculegion
|-damage|p1a: Basculegion|0 fnt
|faint|p1a: Basculegion
|
|upkeep
|
|t:|1758303044
|switch|p1a: Zapdos|Zapdos|100/100
|turn|18
|
|t:|1758303049
|move|p2a: Gyarados|Waterfall|p1a: Zapdos
|-damage|p1a: Zapdos|35/100
|move|p1a: Zapdos|Hurricane|p2a: Gyarados|[miss]
|-miss|p1a: Zapdos|p2a: Gyarados
|
|upkeep
|turn|19
|
|t:|1758303056
|-terastallize|p1a: Zapdos|Electric
|move|p2a: Gyarados|Waterfall|p1a: Zapdos
|-damage|p1a: Zapdos|0 fnt
|-status|p2a: Gyarados|par|[from] ability: Static|[of] p1a: Zapdos
|faint|p1a: Zapdos
|
|win|RK Earth 9000
|raw|Lazzypotato4's rating: 1082 &rarr; <strong>1062</strong><br />(-20 for losing)
|raw|RK Earth 9000's rating: 1112 &rarr; <strong>1135</strong><br />(+23 for winning)
|l|☆Lazzypotato4
|player|p1|
|c|☆RK Earth 9000|Gg
