|j|☆two rat man
|j|☆tregafzzg4
|t:|1758313283
|gametype|singles
|player|p1|two rat man|102|1473
|player|p2|tregafzzg4|sage|1425
|gen|9
|tier|[Gen 9] OU
|rated|
|rule|HP Percentage Mod: HP is shown in percentages
|rule|Endless Battle Clause: Forcing endless battles is banned
|rule|Species Clause: Limit one of each Pokémon
|rule|OHKO Clause: OHKO moves are banned
|rule|Evasion Items Clause: Evasion items are banned
|rule|Evasion Moves Clause: Evasion moves are banned
|rule|Evasion Abilities Clause: Evasion abilities are banned
|rule|Sleep Moves Clause: Sleep-inducing moves are banned
|clearpoke
|poke|p1|Rillaboom, M|
|poke|p1|Ogerpon, F|
|poke|p1|Gholdengo|
|poke|p1|Great Tusk|
|poke|p1|Raging Bolt|
|poke|p1|Glimmora, F|
|poke|p2|Dragapult, F|
|poke|p2|Weezing-Galar, M|
|poke|p2|Moltres|
|poke|p2|Scizor, M|
|poke|p2|Kyurem|
|poke|p2|Muk-Alola, F|
|teampreview
|inactive|Battle timer is ON: inactive players will automatically lose when time's up. (requested by two rat man)
|inactive|two rat man has 120 seconds left.
|inactive|tregafzzg4 has 120 seconds left.
|
|t:|1758313316
|teamsize|p1|6
|teamsize|p2|6
|start
|switch|p1a: Glimmora|Glimmora, F|100/100
|switch|p2a: Kyurem|Kyurem|100/100
|-ability|p2a: Kyurem|Pressure
|turn|1
|
|t:|1758313331
|move|p2a: Kyurem|Earth Power|p1a: Glimmora
|-supereffective|p1a: Glimmora
|-damage|p1a: Glimmora|0 fnt
|faint|p1a: Glimmora
|
|upkeep
|
|t:|1758313342
|switch|p1a: Rillaboom|Rillaboom, M|100/100
|-fieldstart|move: Grassy Terrain|[from] ability: Grassy Surge|[of] p1a: Rillaboom
|turn|2
|
|t:|1758313348
|switch|p2a: Moltres|Moltres|100/100
|move|p1a: Rillaboom|Knock Off|p2a: Moltres
|-damage|p2a: Moltres|74/100
|-enditem|p2a: Moltres|Heavy-Duty Boots|[from] move: Knock Off|[of] p1a: Rillaboom
|
|upkeep
|turn|3
|
|t:|1758313360
|switch|p1a: Raging Bolt|Raging Bolt|100/100
|move|p2a: Moltres|Flamethrower|p1a: Raging Bolt
|-resisted|p1a: Raging Bolt
|-damage|p1a: Raging Bolt|82/100
|
|-heal|p1a: Raging Bolt|88/100|[from] Grassy Terrain
|-heal|p1a: Raging Bolt|94/100|[from] item: Leftovers
|upkeep
|turn|4
|
|t:|1758313380
|switch|p2a: Muk|Muk-Alola, F|100/100
|move|p1a: Raging Bolt|Thunderbolt|p2a: Muk
|-damage|p2a: Muk|79/100
|
|-heal|p1a: Raging Bolt|100/100|[from] Grassy Terrain
|-heal|p2a: Muk|85/100|[from] Grassy Terrain
|upkeep
|turn|5
|
|t:|1758313389
|-end|p1a: Raging Bolt|Protosynthesis|[silent]
|switch|p1a: Great Tusk|Great Tusk|100/100
|move|p2a: Muk|Knock Off|p1a: Great Tusk
|-resisted|p1a: Great Tusk
|-damage|p1a: Great Tusk|88/100
|-status|p1a: Great Tusk|psn|[from] ability: Poison Touch|[of] p2a: Muk
|-enditem|p1a: Great Tusk|Heavy-Duty Boots|[from] move: Knock Off|[of] p2a: Muk
|
|-heal|p1a: Great Tusk|94/100 psn|[from] Grassy Terrain
|-heal|p2a: Muk|91/100|[from] Grassy Terrain
|-damage|p1a: Great Tusk|82/100 psn|[from] psn
|upkeep
|turn|6
|inactive|two rat man has 120 seconds left.
|
|t:|1758313415
|-end|p1a: Great Tusk|Protosynthesis|[silent]
|switch|p1a: Raging Bolt|Raging Bolt|100/100
|switch|p2a: Moltres|Moltres|74/100
|
|upkeep
|turn|7
|inactive|two rat man has 120 seconds left.
|
|t:|1758313447
|switch|p2a: Weezing|Weezing-Galar, M|100/100
|-ability|p2a: Weezing|Neutralizing Gas
|move|p1a: Raging Bolt|Thunderbolt|p2a: Weezing
|-damage|p2a: Weezing|30/100
|
|-heal|p2a: Weezing|36/100|[from] Grassy Terrain
|upkeep
|turn|8
|
|t:|1758313460
|-end|p2a: Weezing|ability: Neutralizing Gas
|switch|p2a: Muk|Muk-Alola, F|91/100
|move|p1a: Raging Bolt|Thunderbolt|p2a: Muk
|-damage|p2a: Muk|70/100
|
|-heal|p2a: Muk|76/100|[from] Grassy Terrain
|upkeep
|turn|9
|
|t:|1758313469
|-end|p1a: Raging Bolt|Protosynthesis|[silent]
|switch|p1a: Great Tusk|Great Tusk|82/100 psn
|move|p2a: Muk|Poison Jab|p1a: Great Tusk
|-resisted|p1a: Great Tusk
|-damage|p1a: Great Tusk|72/100 psn
|
|-heal|p1a: Great Tusk|78/100 psn|[from] Grassy Terrain
|-heal|p2a: Muk|82/100|[from] Grassy Terrain
|-damage|p1a: Great Tusk|66/100 psn|[from] psn
|-fieldend|move: Grassy Terrain
|upkeep
|turn|10
|
|t:|1758313492
|move|p1a: Great Tusk|Headlong Rush|p2a: Muk
|-supereffective|p2a: Muk
|-damage|p2a: Muk|0 fnt
|-unboost|p1a: Great Tusk|def|1
|-unboost|p1a: Great Tusk|spd|1
|faint|p2a: Muk
|
|-damage|p1a: Great Tusk|54/100 psn|[from] psn
|upkeep
|
|t:|1758313494
|switch|p2a: Kyurem|Kyurem|100/100
|-ability|p2a: Kyurem|Pressure
|turn|11
|
|t:|1758313507
|move|p2a: Kyurem|Ice Beam|p1a: Great Tusk
|-supereffective|p1a: Great Tusk
|-damage|p1a: Great Tusk|0 fnt
|faint|p1a: Great Tusk
|-end|p1a: Great Tusk|Protosynthesis|[silent]
|
|upkeep
|
|t:|1758313517
|switch|p1a: Gholdengo|Gholdengo|100/100
|turn|12
|
|t:|1758313528
|switch|p2a: Weezing|Weezing-Galar, M|36/100
|-ability|p2a: Weezing|Neutralizing Gas
|move|p1a: Gholdengo|Shadow Ball|p2a: Weezing
|-damage|p2a: Weezing|0 fnt
|faint|p2a: Weezing
|-end|p2a: Weezing|ability: Neutralizing Gas
|
|upkeep
|
|t:|1758313531
|switch|p2a: Scizor|Scizor, M|100/100
|turn|13
|inactive|two rat man has 90 seconds left.
|
|t:|1758313576
|switch|p1a: Rillaboom|Rillaboom, M|100/100
|-fieldstart|move: Grassy Terrain|[from] ability: Grassy Surge|[of] p1a: Rillaboom
|move|p2a: Scizor|Knock Off|p1a: Rillaboom
|-damage|p1a: Rillaboom|45/100
|-enditem|p1a: Rillaboom|Terrain Extender|[from] move: Knock Off|[of] p2a: Scizor
|
|-heal|p1a: Rillaboom|51/100|[from] Grassy Terrain
|upkeep
|turn|14
|
|t:|1758313587
|switch|p2a: Moltres|Moltres|74/100
|move|p1a: Rillaboom|Knock Off|p2a: Moltres
|-damage|p2a: Moltres|57/100
|-status|p1a: Rillaboom|brn|[from] ability: Flame Body|[of] p2a: Moltres
|
|-heal|p1a: Rillaboom|57/100 brn|[from] Grassy Terrain
|-damage|p1a: Rillaboom|51/100 brn|[from] brn
|upkeep
|turn|15
|
|t:|1758313598
|move|p1a: Rillaboom|U-turn|p2a: Moltres
|-resisted|p2a: Moltres
|-damage|p2a: Moltres|55/100
|
|t:|1758313600
|switch|p1a: Raging Bolt|Raging Bolt|100/100|[from] U-turn
|move|p2a: Moltres|U-turn|p1a: Raging Bolt
|-damage|p1a: Raging Bolt|86/100
|
|t:|1758313603
|switch|p2a: Kyurem|Kyurem|100/100|[from] U-turn
|-ability|p2a: Kyurem|Pressure
|
|-heal|p1a: Raging Bolt|93/100|[from] Grassy Terrain
|-heal|p1a: Raging Bolt|99/100|[from] item: Leftovers
|upkeep
|turn|16
|inactive|two rat man has 90 seconds left.
|
|t:|1758313627
|-terastallize|p1a: Raging Bolt|Fairy
|move|p2a: Kyurem|Draco Meteor|p1a: Raging Bolt
|-immune|p1a: Raging Bolt
|move|p1a: Raging Bolt|Dragon Pulse|p2a: Kyurem
|-supereffective|p2a: Kyurem
|-damage|p2a: Kyurem|9/100
|
|-heal|p2a: Kyurem|16/100|[from] Grassy Terrain
|-heal|p1a: Raging Bolt|100/100|[from] Grassy Terrain
|upkeep
|turn|17
|
|t:|1758313637
|switch|p2a: Scizor|Scizor, M|100/100
|move|p1a: Raging Bolt|Thunderbolt|p2a: Scizor
|-crit|p2a: Scizor
|-damage|p2a: Scizor|4/100
|
|-heal|p2a: Scizor|10/100|[from] Grassy Terrain
|upkeep
|turn|18
|
|t:|1758313644
|-terastallize|p2a: Scizor|Steel
|move|p1a: Raging Bolt|Thunderclap|p2a: Scizor
|-crit|p2a: Scizor
|-damage|p2a: Scizor|0 fnt
|faint|p2a: Scizor
|
|upkeep
|-message|tregafzzg4 forfeited.
|
|win|two rat man
|raw|two rat man's rating: 1473 &rarr; <strong>1490</strong><br />(+17 for winning)
|raw|tregafzzg4's rating: 1425 &rarr; <strong>1408</strong><br />(-17 for losing)
|l|☆tregafzzg4
|player|p2|
