|j|☆funmochibun
|j|☆Daymo
|t:|1758254787
|gametype|singles
|player|p1|funmochibun|skierf-gen4dp|1442
|player|p2|Daymo|2|1512
|gen|9
|tier|[Gen 9] OU
|rated|
|rule|HP Percentage Mod: HP is shown in percentages
|rule|Endless Battle Clause: Forcing endless battles is banned
|rule|Species Clause: Limit one of each Pokémon
|rule|OHKO Clause: OHKO moves are banned
|rule|Evasion Items Clause: Evasion items are banned
|rule|Evasion Moves Clause: Evasion moves are banned
|rule|Evasion Abilities Clause: Evasion abilities are banned
|rule|Sleep Moves Clause: Sleep-inducing moves are banned
|clearpoke
|poke|p1|Latios, M|
|poke|p1|Scizor, F|
|poke|p1|Zapdos|
|poke|p1|Great Tusk|
|poke|p1|Ogerpon-Wellspring, F|
|poke|p1|Maushold|
|poke|p2|Kyurem|
|poke|p2|Ogerpon-Wellspring, F|
|poke|p2|Cinderace, F|
|poke|p2|Landorus-Therian, M|
|poke|p2|Slowking-Galar, F|
|poke|p2|Gholdengo|
|teampreview
|
|t:|1758254827
|teamsize|p1|6
|teamsize|p2|6
|start
|switch|p1a: Latios|Latios, M|100/100
|switch|p2a: Cinderace|Cinderace, F|100/100
|turn|1
|
|t:|1758254833
|switch|p1a: Zapdos|Zapdos|100/100
|move|p2a: Cinderace|U-turn|p1a: Zapdos
|-start|p2a: Cinderace|typechange|Bug|[from] ability: Libero
|-resisted|p1a: Zapdos
|-crit|p1a: Zapdos
|-damage|p1a: Zapdos|84/100
|
|t:|1758254836
|switch|p2a: Kyurem|Kyurem|100/100|[from] U-turn
|-ability|p2a: Kyurem|Pressure
|
|upkeep
|turn|2
|
|t:|1758254842
|switch|p1a: Scizor|Scizor, F|100/100
|move|p2a: Kyurem|Icicle Spear|p1a: Scizor
|-resisted|p1a: Scizor
|-damage|p1a: Scizor|93/100
|-resisted|p1a: Scizor
|-damage|p1a: Scizor|84/100
|-resisted|p1a: Scizor
|-damage|p1a: Scizor|76/100
|-resisted|p1a: Scizor
|-damage|p1a: Scizor|67/100
|-hitcount|p1a: Scizor|4
|
|upkeep
|turn|3
|
|t:|1758254848
|switch|p2a: Landorus|Landorus-Therian, M|100/100
|-ability|p2a: Landorus|Intimidate|boost
|-unboost|p1a: Scizor|atk|1
|move|p1a: Scizor|Knock Off|p2a: Landorus
|-damage|p2a: Landorus|60/100
|-enditem|p2a: Landorus|Choice Scarf|[from] move: Knock Off|[of] p1a: Scizor
|
|upkeep
|turn|4
|
|t:|1758254855
|switch|p1a: Latios|Latios, M|100/100
|move|p2a: Landorus|U-turn|p1a: Latios
|-supereffective|p1a: Latios
|-damage|p1a: Latios|28/100
|
|t:|1758254858
|switch|p2a: Cinderace|Cinderace, F|100/100|[from] U-turn
|
|upkeep
|turn|5
|
|t:|1758254863
|move|p2a: Cinderace|U-turn|p1a: Latios
|-start|p2a: Cinderace|typechange|Bug|[from] ability: Libero
|-supereffective|p1a: Latios
|-damage|p1a: Latios|0 fnt
|faint|p1a: Latios
|
|t:|1758254869
|switch|p2a: Landorus|Landorus-Therian, M|60/100|[from] U-turn
|
|upkeep
|
|t:|1758254881
|switch|p1a: Ogerpon|Ogerpon-Wellspring, F|100/100
|turn|6
|
|t:|1758254903
|switch|p1a: Zapdos|Zapdos|84/100
|move|p2a: Landorus|U-turn|p1a: Zapdos
|-resisted|p1a: Zapdos
|-damage|p1a: Zapdos|75/100
|
|t:|1758254905
|switch|p2a: Kyurem|Kyurem|100/100|[from] U-turn
|-ability|p2a: Kyurem|Pressure
|
|upkeep
|turn|7
|
|t:|1758254913
|-terastallize|p1a: Zapdos|Steel
|move|p2a: Kyurem|Icicle Spear|p1a: Zapdos
|-resisted|p1a: Zapdos
|-damage|p1a: Zapdos|70/100
|-resisted|p1a: Zapdos
|-damage|p1a: Zapdos|64/100
|-resisted|p1a: Zapdos
|-damage|p1a: Zapdos|58/100
|-resisted|p1a: Zapdos
|-damage|p1a: Zapdos|53/100
|-resisted|p1a: Zapdos
|-damage|p1a: Zapdos|48/100
|-hitcount|p1a: Zapdos|5
|move|p1a: Zapdos|Thunder Wave|p2a: Kyurem
|-status|p2a: Kyurem|par
|
|upkeep
|turn|8
|
|t:|1758254921
|move|p1a: Zapdos|Roost|p1a: Zapdos
|-heal|p1a: Zapdos|98/100
|cant|p2a: Kyurem|par
|
|upkeep
|turn|9
|
|t:|1758254925
|move|p1a: Zapdos|Volt Switch|p2a: Kyurem
|-resisted|p2a: Kyurem
|-damage|p2a: Kyurem|87/100 par
|
|t:|1758254928
|switch|p1a: Scizor|Scizor, F|67/100|[from] Volt Switch
|move|p2a: Kyurem|Earth Power|p1a: Scizor
|-damage|p1a: Scizor|36/100
|
|upkeep
|turn|10
|
|t:|1758254935
|move|p1a: Scizor|Bullet Punch|p2a: Kyurem
|-supereffective|p2a: Kyurem
|-damage|p2a: Kyurem|0 fnt
|faint|p2a: Kyurem
|
|upkeep
|
|t:|1758254938
|switch|p2a: Cinderace|Cinderace, F|100/100
|turn|11
|
|t:|1758254942
|switch|p1a: Zapdos|Zapdos, tera:Steel|98/100
|move|p2a: Cinderace|Pyro Ball|p1a: Zapdos
|-supereffective|p1a: Zapdos
|-crit|p1a: Zapdos
|-damage|p1a: Zapdos|0 fnt
|faint|p1a: Zapdos
|
|upkeep
|
|t:|1758254945
|switch|p1a: Great Tusk|Great Tusk|100/100
|turn|12
|
|t:|1758254953
|switch|p2a: Ogerpon|Ogerpon-Wellspring, F|100/100
|move|p1a: Great Tusk|Stealth Rock|p2a: Ogerpon
|-sidestart|p2: Daymo|move: Stealth Rock
|
|upkeep
|turn|13
|
|t:|1758254958
|-end|p1a: Great Tusk|Protosynthesis|[silent]
|switch|p1a: Scizor|Scizor, F|36/100
|move|p2a: Ogerpon|Horn Leech|p1a: Scizor
|-resisted|p1a: Scizor
|-damage|p1a: Scizor|24/100
|
|upkeep
|turn|14
|
|t:|1758254962
|switch|p1a: Ogerpon|Ogerpon-Wellspring, F|100/100
|move|p2a: Ogerpon|Ivy Cudgel|p1a: Ogerpon|[anim] Ivy Cudgel Water
|-immune|p1a: Ogerpon|[from] ability: Water Absorb
|
|upkeep
|turn|15
|
|t:|1758254965
|move|p2a: Ogerpon|U-turn|p1a: Ogerpon
|-supereffective|p1a: Ogerpon
|-damage|p1a: Ogerpon|25/100
|
|t:|1758254974
|switch|p2a: Cinderace|Cinderace, F|100/100|[from] U-turn
|move|p1a: Ogerpon|Swords Dance|p1a: Ogerpon
|-boost|p1a: Ogerpon|atk|2
|
|upkeep
|turn|16
|
|t:|1758254982
|switch|p1a: Great Tusk|Great Tusk|100/100
|move|p2a: Cinderace|U-turn|p1a: Great Tusk
|-start|p2a: Cinderace|typechange|Bug|[from] ability: Libero
|-resisted|p1a: Great Tusk
|-damage|p1a: Great Tusk|89/100
|
|t:|1758254992
|switch|p2a: Ogerpon|Ogerpon-Wellspring, F|100/100|[from] U-turn
|-damage|p2a: Ogerpon|88/100|[from] Stealth Rock
|
|upkeep
|turn|17
|
|t:|1758254998
|move|p2a: Ogerpon|Ivy Cudgel|p1a: Great Tusk|[anim] Ivy Cudgel Water
|-supereffective|p1a: Great Tusk
|-damage|p1a: Great Tusk|0 fnt
|faint|p1a: Great Tusk
|-end|p1a: Great Tusk|Protosynthesis|[silent]
|
|upkeep
|
|t:|1758255003
|switch|p1a: Maushold|Maushold|100/100
|turn|18
|
|t:|1758255010
|switch|p2a: Gholdengo|Gholdengo|100/100
|-damage|p2a: Gholdengo|94/100|[from] Stealth Rock
|-item|p2a: Gholdengo|Air Balloon
|move|p1a: Maushold|Tidy Up|p1a: Maushold
|-sideend|p2: Daymo|Stealth Rock
|-activate|p1a: Maushold|move: Tidy Up
|-boost|p1a: Maushold|atk|1
|-boost|p1a: Maushold|spe|1
|
|upkeep
|turn|19
|
|t:|1758255014
|move|p1a: Maushold|Bite|p2a: Gholdengo
|-supereffective|p2a: Gholdengo
|-crit|p2a: Gholdengo
|-damage|p2a: Gholdengo|25/100
|-enditem|p2a: Gholdengo|Air Balloon
|cant|p2a: Gholdengo|flinch
|
|upkeep
|turn|20
|
|t:|1758255021
|move|p1a: Maushold|Tidy Up|p1a: Maushold
|-boost|p1a: Maushold|atk|1
|-boost|p1a: Maushold|spe|1
|move|p2a: Gholdengo|Thunder Wave|p1a: Maushold|[miss]
|-miss|p2a: Gholdengo|p1a: Maushold
|
|upkeep
|turn|21
|
|t:|1758255030
|move|p1a: Maushold|Bite|p2a: Gholdengo
|-supereffective|p2a: Gholdengo
|-damage|p2a: Gholdengo|0 fnt
|faint|p2a: Gholdengo
|
|upkeep
|
|t:|1758255033
|switch|p2a: Landorus|Landorus-Therian, M|60/100
|-ability|p2a: Landorus|Intimidate|boost
|-unboost|p1a: Maushold|atk|1
|turn|22
|
|t:|1758255037
|switch|p2a: Slowking|Slowking-Galar, F|100/100
|move|p1a: Maushold|Population Bomb|p2a: Slowking
|-damage|p2a: Slowking|85/100
|-damage|p2a: Slowking|69/100
|-crit|p2a: Slowking
|-damage|p2a: Slowking|45/100
|-damage|p2a: Slowking|27/100
|-damage|p2a: Slowking|9/100
|-damage|p2a: Slowking|0 fnt
|faint|p2a: Slowking
|-hitcount|p2: Slowking|6
|
|upkeep
|
|t:|1758255039
|switch|p2a: Landorus|Landorus-Therian, M|60/100
|-ability|p2a: Landorus|Intimidate|boost
|-unboost|p1a: Maushold|atk|1
|turn|23
|
|t:|1758255046
|switch|p2a: Cinderace|Cinderace, F|100/100
|move|p1a: Maushold|Tidy Up|p1a: Maushold
|-boost|p1a: Maushold|atk|1
|-boost|p1a: Maushold|spe|1
|
|upkeep
|turn|24
|
|t:|1758255049
|move|p1a: Maushold|Population Bomb|p2a: Cinderace
|-damage|p2a: Cinderace|77/100
|-damage|p2a: Cinderace|52/100
|-damage|p2a: Cinderace|29/100
|-damage|p2a: Cinderace|4/100
|-damage|p2a: Cinderace|0 fnt
|faint|p2a: Cinderace
|-hitcount|p2: Cinderace|5
|
|upkeep
|
|t:|1758255050
|switch|p2a: Landorus|Landorus-Therian, M|60/100
|-ability|p2a: Landorus|Intimidate|boost
|-unboost|p1a: Maushold|atk|1
|turn|25
|
|t:|1758255055
|switch|p2a: Ogerpon|Ogerpon-Wellspring, F|88/100
|move|p1a: Maushold|Tidy Up|p1a: Maushold
|-boost|p1a: Maushold|atk|1
|-boost|p1a: Maushold|spe|1
|
|upkeep
|turn|26
|-message|Daymo forfeited.
|
|win|funmochibun
|raw|funmochibun's rating: 1442 &rarr; <strong>1466</strong><br />(+24 for winning)
|raw|Daymo's rating: 1512 &rarr; <strong>1488</strong><br />(-24 for losing)
|l|☆Daymo
|player|p2|
|l|☆funmochibun
|player|p1|
