|j|☆daai6bo1
|j|☆GFYSYDAR
|t:|1758314839
|gametype|singles
|player|p1|daai6bo1|2|1421
|player|p2|GFYSYDAR|scientist-gen4dp|1388
|gen|9
|tier|[Gen 9] OU
|rated|
|rule|HP Percentage Mod: HP is shown in percentages
|rule|Endless Battle Clause: Forcing endless battles is banned
|rule|Species Clause: Limit one of each Pokémon
|rule|OHKO Clause: OHKO moves are banned
|rule|Evasion Items Clause: Evasion items are banned
|rule|Evasion Moves Clause: Evasion moves are banned
|rule|Evasion Abilities Clause: Evasion abilities are banned
|rule|Sleep Moves Clause: Sleep-inducing moves are banned
|clearpoke
|poke|p1|Rotom-Wash|
|poke|p1|Iron Valiant|
|poke|p1|Raging Bolt|
|poke|p1|Iron Boulder|
|poke|p1|Iron Treads|
|poke|p1|Iron Moth|
|poke|p2|Electrode-Hisui|
|poke|p2|Gallade, M|
|poke|p2|Slowking-Galar, M|
|poke|p2|Alomomola, M|
|poke|p2|Great Tusk|
|poke|p2|Landorus-Therian, M|
|teampreview
|
|t:|1758314852
|teamsize|p1|6
|teamsize|p2|6
|start
|switch|p1a: Rotom|Rotom-Wash|100/100
|switch|p2a: Landorus|Landorus-Therian, M|100/100
|-ability|p2a: Landorus|Intimidate|boost
|-unboost|p1a: Rotom|atk|1
|turn|1
|
|t:|1758314863
|move|p2a: Landorus|Taunt|p1a: Rotom
|-start|p1a: Rotom|move: Taunt
|move|p1a: Rotom|Volt Switch|p2a: Landorus
|-immune|p2a: Landorus
|
|upkeep
|turn|2
|
|t:|1758314870
|move|p2a: Landorus|Stealth Rock|p1a: Rotom
|-sidestart|p1: daai6bo1|move: Stealth Rock
|move|p1a: Rotom|Hydro Pump|p2a: Landorus
|-supereffective|p2a: Landorus
|-damage|p2a: Landorus|15/100
|
|upkeep
|turn|3
|
|t:|1758314876
|switch|p2a: Slowking|Slowking-Galar, M|100/100
|move|p1a: Rotom|Hydro Pump|p2a: Slowking
|-damage|p2a: Slowking|77/100
|
|-end|p1a: Rotom|move: Taunt
|upkeep
|turn|4
|
|t:|1758314890
|move|p1a: Rotom|Will-O-Wisp|p2a: Slowking
|-status|p2a: Slowking|brn
|move|p2a: Slowking|Toxic|p1a: Rotom
|-status|p1a: Rotom|tox
|
|-damage|p1a: Rotom|95/100 tox|[from] psn
|-damage|p2a: Slowking|71/100 brn|[from] brn
|upkeep
|turn|5
|
|t:|1758314899
|move|p1a: Rotom|Volt Switch|p2a: Slowking
|-damage|p2a: Slowking|55/100 brn
|
|t:|1758314906
|switch|p1a: Iron Boulder|Iron Boulder|100/100|[from] Volt Switch
|-damage|p1a: Iron Boulder|88/100|[from] Stealth Rock
|-prepare|p2a: Slowking|Chilly Reception|[premajor]
|move|p2a: Slowking|Chilly Reception|p2a: Slowking
|-weather|Snowscape
|
|t:|1758314915
|switch|p2a: Electrode|Electrode-Hisui, shiny|100/100|[from] Chilly Reception
|
|-weather|Snowscape|[upkeep]
|upkeep
|turn|6
|inactive|Battle timer is ON: inactive players will automatically lose when time's up. (requested by daai6bo1)
|
|t:|1758314931
|-end|p1a: Iron Boulder|Quark Drive|[silent]
|switch|p1a: Iron Moth|Iron Moth|100/100
|-damage|p1a: Iron Moth|76/100|[from] Stealth Rock
|-item|p1a: Iron Moth|Air Balloon
|move|p2a: Electrode|Leaf Storm|p1a: Iron Moth|[miss]
|-miss|p2a: Electrode|p1a: Iron Moth
|
|-weather|Snowscape|[upkeep]
|upkeep
|turn|7
|
|t:|1758314951
|switch|p2a: Slowking|Slowking-Galar, M|88/100 brn
|move|p1a: Iron Moth|Toxic Spikes|p2a: Slowking
|-sidestart|p2: GFYSYDAR|move: Toxic Spikes
|
|-weather|Snowscape|[upkeep]
|-damage|p2a: Slowking|82/100 brn|[from] brn
|upkeep
|turn|8
|
|t:|1758314971
|-end|p1a: Iron Moth|Quark Drive|[silent]
|switch|p1a: Iron Treads|Iron Treads|100/100
|-damage|p1a: Iron Treads|97/100|[from] Stealth Rock
|-prepare|p2a: Slowking|Chilly Reception|[premajor]
|move|p2a: Slowking|Chilly Reception|p2a: Slowking
|
|t:|1758314980
|switch|p2a: Great Tusk|Great Tusk|100/100|[from] Chilly Reception
|
|-weather|Snowscape|[upkeep]
|upkeep
|turn|9
|
|t:|1758314992
|-end|p1a: Iron Treads|Quark Drive|[silent]
|switch|p1a: Rotom|Rotom-Wash|95/100 tox
|-damage|p1a: Rotom|82/100 tox|[from] Stealth Rock
|move|p2a: Great Tusk|Headlong Rush|p1a: Rotom
|-immune|p1a: Rotom|[from] ability: Levitate
|
|-weather|none
|-damage|p1a: Rotom|76/100 tox|[from] psn
|upkeep
|turn|10
|inactive|daai6bo1 has 120 seconds left.
|
|t:|1758315014
|-end|p2a: Great Tusk|Protosynthesis|[silent]
|switch|p2a: Slowking|Slowking-Galar, M|100/100 brn
|-sideend|p2: GFYSYDAR|move: Toxic Spikes|[of] p2a: Slowking
|move|p1a: Rotom|Volt Switch|p2a: Slowking
|-damage|p2a: Slowking|85/100 brn
|inactive|daai6bo1 has 120 seconds left.
|
|t:|1758315029
|switch|p1a: Iron Boulder|Iron Boulder|88/100|[from] Volt Switch
|-damage|p1a: Iron Boulder|76/100|[from] Stealth Rock
|
|-damage|p2a: Slowking|79/100 brn|[from] brn
|upkeep
|turn|11
|inactive|daai6bo1 has 120 seconds left.
|
|t:|1758315038
|switch|p2a: Alomomola|Alomomola, M, shiny|100/100
|move|p1a: Iron Boulder|Mighty Cleave|p2a: Alomomola
|-damage|p2a: Alomomola|65/100
|
|upkeep
|turn|12
|
|t:|1758315047
|move|p1a: Iron Boulder|Mighty Cleave|p2a: Alomomola
|-crit|p2a: Alomomola
|-damage|p2a: Alomomola|9/100
|move|p2a: Alomomola|Flip Turn|p1a: Iron Boulder
|-supereffective|p1a: Iron Boulder
|-damage|p1a: Iron Boulder|32/100
|
|t:|1758315054
|switch|p2a: Electrode|Electrode-Hisui, shiny|100/100|[from] Flip Turn
|
|upkeep
|turn|13
|
|t:|1758315061
|-end|p1a: Iron Boulder|Quark Drive|[silent]
|switch|p1a: Iron Moth|Iron Moth|76/100
|-damage|p1a: Iron Moth|51/100|[from] Stealth Rock
|-item|p1a: Iron Moth|Air Balloon
|move|p2a: Electrode|Leaf Storm|p1a: Iron Moth
|-resisted|p1a: Iron Moth
|-damage|p1a: Iron Moth|31/100
|-unboost|p2a: Electrode|spa|2
|-enditem|p1a: Iron Moth|Air Balloon
|
|upkeep
|turn|14
|
|t:|1758315082
|switch|p2a: Slowking|Slowking-Galar, M|100/100 brn
|-end|p1a: Iron Moth|Quark Drive|[silent]
|switch|p1a: Iron Boulder|Iron Boulder|32/100
|-damage|p1a: Iron Boulder|20/100|[from] Stealth Rock
|
|-damage|p2a: Slowking|94/100 brn|[from] brn
|upkeep
|turn|15
|
|t:|1758315092
|switch|p2a: Landorus|Landorus-Therian, M|15/100
|-ability|p2a: Landorus|Intimidate|boost
|-unboost|p1a: Iron Boulder|atk|1
|move|p1a: Iron Boulder|Mighty Cleave|p2a: Landorus
|-damage|p2a: Landorus|0 fnt
|-damage|p1a: Iron Boulder|3/100|[from] item: Rocky Helmet|[of] p2a: Landorus
|faint|p2a: Landorus
|
|upkeep
|
|t:|1758315102
|switch|p2a: Alomomola|Alomomola, M, shiny|42/100
|turn|16
|
|t:|1758315122
|-terastallize|p1a: Iron Boulder|Rock
|move|p1a: Iron Boulder|Mighty Cleave|p2a: Alomomola
|-damage|p2a: Alomomola|11/100
|move|p2a: Alomomola|Flip Turn|p1a: Iron Boulder
|-supereffective|p1a: Iron Boulder
|-damage|p1a: Iron Boulder|0 fnt
|faint|p1a: Iron Boulder
|-end|p1a: Iron Boulder|Quark Drive|[silent]
|
|t:|1758315131
|switch|p2a: Electrode|Electrode-Hisui, shiny|100/100|[from] Flip Turn
|
|upkeep
|inactive|daai6bo1 has 120 seconds left.
|
|t:|1758315155
|switch|p1a: Raging Bolt|Raging Bolt|100/100
|-damage|p1a: Raging Bolt|88/100|[from] Stealth Rock
|turn|17
|
|t:|1758315161
|move|p2a: Electrode|Volt Switch|p1a: Raging Bolt
|-resisted|p1a: Raging Bolt
|-damage|p1a: Raging Bolt|79/100
|
|t:|1758315164
|switch|p2a: Slowking|Slowking-Galar, M|100/100 brn|[from] Volt Switch
|move|p1a: Raging Bolt|Calm Mind|p1a: Raging Bolt
|-boost|p1a: Raging Bolt|spa|1
|-boost|p1a: Raging Bolt|spd|1
|
|-heal|p1a: Raging Bolt|85/100|[from] item: Leftovers
|-damage|p2a: Slowking|94/100 brn|[from] brn
|upkeep
|turn|18
|
|t:|1758315178
|-end|p1a: Raging Bolt|Protosynthesis|[silent]
|switch|p1a: Iron Treads|Iron Treads|97/100
|-damage|p1a: Iron Treads|94/100|[from] Stealth Rock
|move|p2a: Slowking|Toxic|p1a: Iron Treads
|-immune|p1a: Iron Treads
|
|-damage|p2a: Slowking|88/100 brn|[from] brn
|upkeep
|turn|19
|
|t:|1758315188
|switch|p2a: Alomomola|Alomomola, M, shiny|45/100
|move|p1a: Iron Treads|Earthquake|p2a: Alomomola
|-damage|p2a: Alomomola|18/100
|
|upkeep
|turn|20
|
|t:|1758315194
|switch|p2a: Great Tusk|Great Tusk|100/100
|move|p1a: Iron Treads|Earthquake|p2a: Great Tusk
|-damage|p2a: Great Tusk|59/100
|
|upkeep
|turn|21
|
|t:|1758315205
|move|p1a: Iron Treads|Ice Spinner|p2a: Great Tusk
|-supereffective|p2a: Great Tusk
|-damage|p2a: Great Tusk|16/100
|move|p2a: Great Tusk|Headlong Rush|p1a: Iron Treads
|-supereffective|p1a: Iron Treads
|-damage|p1a: Iron Treads|0 fnt
|-unboost|p2a: Great Tusk|def|1
|-unboost|p2a: Great Tusk|spd|1
|faint|p1a: Iron Treads
|-end|p1a: Iron Treads|Quark Drive|[silent]
|
|upkeep
|
|t:|1758315226
|switch|p1a: Iron Valiant|Iron Valiant|100/100
|-damage|p1a: Iron Valiant|94/100|[from] Stealth Rock
|turn|22
|
|t:|1758315243
|-end|p2a: Great Tusk|Protosynthesis|[silent]
|switch|p2a: Slowking|Slowking-Galar, M|100/100 brn
|move|p1a: Iron Valiant|Knock Off|p2a: Slowking
|-supereffective|p2a: Slowking
|-damage|p2a: Slowking|29/100 brn
|-enditem|p2a: Slowking|Heavy-Duty Boots|[from] move: Knock Off|[of] p1a: Iron Valiant
|-damage|p1a: Iron Valiant|85/100|[from] item: Life Orb
|
|-damage|p2a: Slowking|23/100 brn|[from] brn
|upkeep
|turn|23
|
|t:|1758315256
|move|p1a: Iron Valiant|Knock Off|p2a: Slowking
|-supereffective|p2a: Slowking
|-damage|p2a: Slowking|0 fnt
|faint|p2a: Slowking
|-damage|p1a: Iron Valiant|75/100|[from] item: Life Orb
|
|upkeep
|
|t:|1758315263
|switch|p2a: Electrode|Electrode-Hisui, shiny|100/100
|turn|24
|
|t:|1758315268
|-end|p1a: Iron Valiant|Quark Drive|[silent]
|switch|p1a: Iron Moth|Iron Moth|31/100
|-damage|p1a: Iron Moth|6/100|[from] Stealth Rock
|-terastallize|p2a: Electrode|Ice
|move|p2a: Electrode|Tera Blast|p1a: Iron Moth|[anim] Tera Blast Ice
|-resisted|p1a: Iron Moth
|-damage|p1a: Iron Moth|0 fnt
|faint|p1a: Iron Moth
|-end|p1a: Iron Moth|Quark Drive|[silent]
|
|upkeep
|
|t:|1758315285
|switch|p1a: Rotom|Rotom-Wash|76/100 tox
|-damage|p1a: Rotom|64/100 tox|[from] Stealth Rock
|turn|25
|
|t:|1758315292
|switch|p2a: Alomomola|Alomomola, M, shiny|51/100
|move|p1a: Rotom|Volt Switch|p2a: Alomomola
|-supereffective|p2a: Alomomola
|-damage|p2a: Alomomola|0 fnt
|faint|p2a: Alomomola
|
|t:|1758315309
|switch|p1a: Iron Valiant|Iron Valiant|75/100|[from] Volt Switch
|-damage|p1a: Iron Valiant|69/100|[from] Stealth Rock
|
|upkeep
|
|t:|1758315315
|switch|p2a: Electrode|Electrode-Hisui, shiny, tera:Ice|100/100
|turn|26
|
|t:|1758315332
|-end|p1a: Iron Valiant|Quark Drive|[silent]
|switch|p1a: Rotom|Rotom-Wash|64/100 tox
|-damage|p1a: Rotom|52/100 tox|[from] Stealth Rock
|move|p2a: Electrode|Volt Switch|p1a: Rotom
|-damage|p1a: Rotom|11/100 tox
|
|t:|1758315339
|switch|p2a: Great Tusk|Great Tusk|16/100|[from] Volt Switch
|
|-damage|p1a: Rotom|5/100 tox|[from] psn
|upkeep
|turn|27
|
|t:|1758315350
|move|p2a: Great Tusk|Rapid Spin|p1a: Rotom
|-damage|p1a: Rotom|0 fnt
|-boost|p2a: Great Tusk|spe|1
|faint|p1a: Rotom
|
|upkeep
|
|t:|1758315367
|switch|p1a: Iron Valiant|Iron Valiant|69/100
|-damage|p1a: Iron Valiant|62/100|[from] Stealth Rock
|turn|28
|
|t:|1758315372
|move|p2a: Great Tusk|Headlong Rush|p1a: Iron Valiant
|-damage|p1a: Iron Valiant|0 fnt
|-unboost|p2a: Great Tusk|def|1
|-unboost|p2a: Great Tusk|spd|1
|faint|p1a: Iron Valiant
|-end|p1a: Iron Valiant|Quark Drive|[silent]
|
|upkeep
|
|t:|1758315374
|switch|p1a: Raging Bolt|Raging Bolt|85/100
|-damage|p1a: Raging Bolt|72/100|[from] Stealth Rock
|turn|29
|c|☆daai6bo1|Gg
|
|t:|1758315382
|move|p2a: Great Tusk|Headlong Rush|p1a: Raging Bolt
|-supereffective|p1a: Raging Bolt
|-damage|p1a: Raging Bolt|0 fnt
|-unboost|p2a: Great Tusk|def|1
|-unboost|p2a: Great Tusk|spd|1
|faint|p1a: Raging Bolt
|-end|p1a: Raging Bolt|Protosynthesis|[silent]
|
|win|GFYSYDAR
|raw|daai6bo1's rating: 1421 &rarr; <strong>1399</strong><br />(-22 for losing)
|raw|GFYSYDAR's rating: 1388 &rarr; <strong>1410</strong><br />(+22 for winning)
|l|☆daai6bo1
|player|p1|
