|j|☆Trumpismessiah
|j|☆guerrero105
|t:|1758251614
|gametype|singles
|player|p1|Trumpismessiah|102|1452
|player|p2|guerrero105|170|1426
|gen|9
|tier|[Gen 9] OU
|rated|
|rule|HP Percentage Mod: HP is shown in percentages
|rule|Endless Battle Clause: Forcing endless battles is banned
|rule|Species Clause: Limit one of each Pokémon
|rule|OHKO Clause: OHKO moves are banned
|rule|Evasion Items Clause: Evasion items are banned
|rule|Evasion Moves Clause: Evasion moves are banned
|rule|Evasion Abilities Clause: Evasion abilities are banned
|rule|Sleep Moves Clause: Sleep-inducing moves are banned
|clearpoke
|poke|p1|Snorlax, F|
|poke|p1|Gengar, M|
|poke|p1|Moltres|
|poke|p1|Vileplume, M|
|poke|p1|Vaporeon, F|
|poke|p1|Sandslash-Alola, M|
|poke|p2|Clodsire, M|
|poke|p2|Mandibuzz, F|
|poke|p2|Sinistcha-Masterpiece|
|poke|p2|Cinderace, M|
|poke|p2|Tauros-Paldea-Aqua, M|
|poke|p2|Tinkaton, F|
|teampreview
|inactive|Battle timer is ON: inactive players will automatically lose when time's up. (requested by Trumpismessiah)
|inactive|guerrero105 has 120 seconds left.
|inactive|guerrero105 has 90 seconds left.
|
|t:|1758251683
|teamsize|p1|6
|teamsize|p2|6
|start
|switch|p1a: Sandslash|Sandslash-Alola, M|100/100
|switch|p2a: Tinkaton|Tinkaton, F|100/100
|-ability|p2a: Tinkaton|Mold Breaker
|-item|p2a: Tinkaton|Air Balloon
|turn|1
|
|t:|1758251700
|move|p2a: Tinkaton|Knock Off|p1a: Sandslash
|-damage|p1a: Sandslash|86/100
|-enditem|p1a: Sandslash|Focus Sash|[from] move: Knock Off|[of] p2a: Tinkaton
|move|p1a: Sandslash|Low Kick|p2a: Tinkaton
|-damage|p2a: Tinkaton|56/100
|-enditem|p2a: Tinkaton|Air Balloon
|
|upkeep
|turn|2
|
|t:|1758251710
|move|p2a: Tinkaton|Thunder Wave|p1a: Sandslash
|-status|p1a: Sandslash|par
|move|p1a: Sandslash|Earthquake|p2a: Tinkaton
|-supereffective|p2a: Tinkaton
|-damage|p2a: Tinkaton|0 fnt
|faint|p2a: Tinkaton
|
|upkeep
|
|t:|1758251724
|switch|p2a: Cinderace|Cinderace, M|100/100
|turn|3
|
|t:|1758251726
|switch|p1a: Moltres|Moltres|100/100
|move|p2a: Cinderace|Pyro Ball|p1a: Moltres
|-resisted|p1a: Moltres
|-damage|p1a: Moltres|81/100
|
|upkeep
|turn|4
|
|t:|1758251734
|switch|p2a: Clodsire|Clodsire, M|100/100
|move|p1a: Moltres|Will-O-Wisp|p2a: Clodsire
|-status|p2a: Clodsire|brn
|
|-damage|p2a: Clodsire|94/100 brn|[from] brn
|upkeep
|turn|5
|
|t:|1758251746
|move|p1a: Moltres|U-turn|p2a: Clodsire
|-resisted|p2a: Clodsire
|-damage|p2a: Clodsire|86/100 brn
|
|t:|1758251749
|switch|p1a: Sandslash|Sandslash-Alola, M|86/100 par|[from] U-turn
|move|p2a: Clodsire|Stealth Rock|p1a: Sandslash
|-sidestart|p1: Trumpismessiah|move: Stealth Rock
|
|-heal|p2a: Clodsire|92/100 brn|[from] item: Leftovers
|-damage|p2a: Clodsire|86/100 brn|[from] brn
|upkeep
|turn|6
|
|t:|1758251777
|move|p1a: Sandslash|Icicle Crash|p2a: Clodsire
|-supereffective|p2a: Clodsire
|-damage|p2a: Clodsire|0 fnt
|faint|p2a: Clodsire
|
|upkeep
|
|t:|1758251781
|switch|p2a: Cinderace|Cinderace, M|100/100
|turn|7
|
|t:|1758251786
|switch|p1a: Moltres|Moltres|81/100
|move|p2a: Cinderace|Pyro Ball|p1a: Moltres
|-resisted|p1a: Moltres
|-damage|p1a: Moltres|61/100
|
|upkeep
|turn|8
|
|t:|1758251794
|switch|p2a: Sinistcha|Sinistcha-Masterpiece|100/100
|move|p1a: Moltres|Will-O-Wisp|p2a: Sinistcha
|-status|p2a: Sinistcha|brn
|
|-damage|p2a: Sinistcha|98/100 brn|[from] brn
|upkeep
|turn|9
|
|t:|1758251800
|move|p2a: Sinistcha|Calm Mind|p2a: Sinistcha
|-boost|p2a: Sinistcha|spa|1
|-boost|p2a: Sinistcha|spd|1
|move|p1a: Moltres|U-turn|p2a: Sinistcha
|-damage|p2a: Sinistcha|79/100 brn
|
|t:|1758251805
|switch|p1a: Sandslash|Sandslash-Alola, M|86/100 par|[from] U-turn
|-damage|p1a: Sandslash|73/100 par|[from] Stealth Rock
|
|-heal|p2a: Sinistcha|85/100 brn|[from] item: Leftovers
|-damage|p2a: Sinistcha|82/100 brn|[from] brn
|upkeep
|turn|10
|
|t:|1758251816
|move|p2a: Sinistcha|Strength Sap|p1a: Sandslash
|-unboost|p1a: Sandslash|atk|1
|-heal|p2a: Sinistcha|100/100 brn
|move|p1a: Sandslash|Icicle Crash|p2a: Sinistcha
|-supereffective|p2a: Sinistcha
|-damage|p2a: Sinistcha|40/100 brn
|
|-heal|p2a: Sinistcha|46/100 brn|[from] item: Leftovers
|-damage|p2a: Sinistcha|44/100 brn|[from] brn
|upkeep
|turn|11
|
|t:|1758251829
|switch|p1a: Gengar|Gengar, M|100/100
|-damage|p1a: Gengar|88/100|[from] Stealth Rock
|move|p2a: Sinistcha|Strength Sap|p1a: Gengar
|-unboost|p1a: Gengar|atk|1
|-heal|p2a: Sinistcha|86/100 brn
|
|-heal|p2a: Sinistcha|92/100 brn|[from] item: Leftovers
|-damage|p2a: Sinistcha|90/100 brn|[from] brn
|upkeep
|turn|12
|
|t:|1758251835
|move|p1a: Gengar|Sludge Wave|p2a: Sinistcha
|-damage|p2a: Sinistcha|46/100 brn
|move|p2a: Sinistcha|Shadow Ball|p1a: Gengar
|-supereffective|p1a: Gengar
|-damage|p1a: Gengar|0 fnt
|faint|p1a: Gengar
|
|-heal|p2a: Sinistcha|52/100 brn|[from] item: Leftovers
|-damage|p2a: Sinistcha|49/100 brn|[from] brn
|upkeep
|
|t:|1758251844
|switch|p1a: Sandslash|Sandslash-Alola, M|73/100 par
|-damage|p1a: Sandslash|61/100 par|[from] Stealth Rock
|turn|13
|
|t:|1758251863
|-terastallize|p1a: Sandslash|Ice
|move|p1a: Sandslash|Ice Shard|p2a: Sinistcha
|-supereffective|p2a: Sinistcha
|-damage|p2a: Sinistcha|0 fnt
|faint|p2a: Sinistcha
|
|upkeep
|
|t:|1758251887
|switch|p2a: Tauros|Tauros-Paldea-Aqua, M|100/100
|-ability|p2a: Tauros|Intimidate|boost
|-unboost|p1a: Sandslash|atk|1
|turn|14
|
|t:|1758251890
|switch|p1a: Vileplume|Vileplume, M|100/100
|-damage|p1a: Vileplume|88/100|[from] Stealth Rock
|move|p2a: Tauros|Bulk Up|p2a: Tauros
|-boost|p2a: Tauros|atk|1
|-boost|p2a: Tauros|def|1
|
|upkeep
|turn|15
|
|t:|1758251897
|switch|p2a: Cinderace|Cinderace, M|100/100
|move|p1a: Vileplume|Strength Sap|p2a: Cinderace
|-unboost|p2a: Cinderace|atk|1
|-heal|p1a: Vileplume|100/100
|
|upkeep
|turn|16
|
|t:|1758251907
|move|p2a: Cinderace|Pyro Ball|p1a: Vileplume
|-supereffective|p1a: Vileplume
|-damage|p1a: Vileplume|45/100
|-status|p1a: Vileplume|brn
|move|p1a: Vileplume|Strength Sap|p2a: Cinderace
|-unboost|p2a: Cinderace|atk|1
|-heal|p1a: Vileplume|100/100 brn
|
|-damage|p1a: Vileplume|94/100 brn|[from] brn
|upkeep
|turn|17
|
|t:|1758251923
|switch|p1a: Moltres|Moltres|61/100
|move|p2a: Cinderace|U-turn|p1a: Moltres
|-start|p2a: Cinderace|typechange|Bug|[from] ability: Libero
|-resisted|p1a: Moltres
|-damage|p1a: Moltres|58/100
|-status|p2a: Cinderace|brn|[from] ability: Flame Body|[of] p1a: Moltres
|
|t:|1758251935
|switch|p2a: Tauros|Tauros-Paldea-Aqua, M|100/100|[from] U-turn
|-ability|p2a: Tauros|Intimidate|boost
|-unboost|p1a: Moltres|atk|1
|
|upkeep
|turn|18
|
|t:|1758251939
|move|p2a: Tauros|Wave Crash|p1a: Moltres
|-supereffective|p1a: Moltres
|-damage|p1a: Moltres|0 fnt
|faint|p1a: Moltres
|-damage|p2a: Tauros|78/100|[from] Recoil
|
|-heal|p2a: Tauros|84/100|[from] item: Leftovers
|upkeep
|
|t:|1758251945
|switch|p1a: Vaporeon|Vaporeon, F|100/100
|-damage|p1a: Vaporeon|88/100|[from] Stealth Rock
|turn|19
|
|t:|1758251962
|move|p2a: Tauros|Bulk Up|p2a: Tauros
|-boost|p2a: Tauros|atk|1
|-boost|p2a: Tauros|def|1
|move|p1a: Vaporeon|Scald|p2a: Tauros
|-resisted|p2a: Tauros
|-damage|p2a: Tauros|64/100
|
|-heal|p2a: Tauros|70/100|[from] item: Leftovers
|-heal|p1a: Vaporeon|94/100|[from] item: Leftovers
|upkeep
|turn|20
|
|t:|1758251969
|move|p2a: Tauros|Trailblaze|p1a: Vaporeon
|-supereffective|p1a: Vaporeon
|-damage|p1a: Vaporeon|48/100
|-boost|p2a: Tauros|spe|1
|move|p1a: Vaporeon|Scald|p2a: Tauros
|-resisted|p2a: Tauros
|-damage|p2a: Tauros|50/100
|-status|p2a: Tauros|brn
|
|-heal|p2a: Tauros|56/100 brn|[from] item: Leftovers
|-heal|p1a: Vaporeon|54/100|[from] item: Leftovers
|-damage|p2a: Tauros|50/100 brn|[from] brn
|upkeep
|turn|21
|
|t:|1758251980
|move|p1a: Vaporeon|Protect|p1a: Vaporeon
|-singleturn|p1a: Vaporeon|Protect
|move|p2a: Tauros|Bulk Up|p2a: Tauros
|-boost|p2a: Tauros|atk|1
|-boost|p2a: Tauros|def|1
|
|-heal|p2a: Tauros|56/100 brn|[from] item: Leftovers
|-heal|p1a: Vaporeon|60/100|[from] item: Leftovers
|-damage|p2a: Tauros|50/100 brn|[from] brn
|upkeep
|turn|22
|
|t:|1758251984
|move|p2a: Tauros|Trailblaze|p1a: Vaporeon
|-supereffective|p1a: Vaporeon
|-damage|p1a: Vaporeon|32/100
|-boost|p2a: Tauros|spe|1
|move|p1a: Vaporeon|Wish|p1a: Vaporeon
|
|-heal|p2a: Tauros|56/100 brn|[from] item: Leftovers
|-heal|p1a: Vaporeon|38/100|[from] item: Leftovers
|-damage|p2a: Tauros|50/100 brn|[from] brn
|upkeep
|turn|23
|-message|guerrero105 forfeited.
|
|win|Trumpismessiah
|raw|Trumpismessiah's rating: 1452 &rarr; <strong>1471</strong><br />(+19 for winning)
|raw|guerrero105's rating: 1426 &rarr; <strong>1407</strong><br />(-19 for losing)
|l|☆guerrero105
|player|p2|
|l|☆Trumpismessiah
|player|p1|
