|j|☆neroeto5
|j|☆Yz99999
|t:|1758322140
|gametype|singles
|player|p1|neroeto5|101|1523
|player|p2|Yz99999|2|1520
|gen|9
|tier|[Gen 9] OU
|rated|
|rule|HP Percentage Mod: HP is shown in percentages
|rule|Endless Battle Clause: Forcing endless battles is banned
|rule|Species Clause: Limit one of each Pokémon
|rule|OHKO Clause: OHKO moves are banned
|rule|Evasion Items Clause: Evasion items are banned
|rule|Evasion Moves Clause: Evasion moves are banned
|rule|Evasion Abilities Clause: Evasion abilities are banned
|rule|Sleep Moves Clause: Sleep-inducing moves are banned
|clearpoke
|poke|p1|Galvantula, M|
|poke|p1|Dragapult, F|
|poke|p1|Landorus-Therian, M|
|poke|p1|Zamazenta-*|
|poke|p1|Iron Moth|
|poke|p1|Greninja-*, M|
|poke|p2|Garganacl, F|
|poke|p2|Corviknight, F|
|poke|p2|Great Tusk|
|poke|p2|Scizor, F|
|poke|p2|Raging Bolt|
|poke|p2|Maushold-Four|
|teampreview
|inactive|Battle timer is ON: inactive players will automatically lose when time's up. (requested by Yz99999)
|
|t:|1758322156
|teamsize|p1|6
|teamsize|p2|6
|start
|switch|p1a: Dragapult|Dragapult, F|100/100
|switch|p2a: Scizor|Scizor, F|100/100
|turn|1
|
|t:|1758322161
|move|p1a: Dragapult|U-turn|p2a: Scizor
|-resisted|p2a: Scizor
|-damage|p2a: Scizor|82/100
|
|t:|1758322165
|switch|p1a: Landorus|Landorus-Therian, M|100/100|[from] U-turn
|-ability|p1a: Landorus|Intimidate|boost
|-unboost|p2a: Scizor|atk|1
|move|p2a: Scizor|Dual Wingbeat|p1a: Landorus|[miss]
|-miss|p2a: Scizor|p1a: Landorus
|
|upkeep
|turn|2
|
|t:|1758322170
|switch|p2a: Corviknight|Corviknight, F|100/100
|-ability|p2a: Corviknight|Pressure
|move|p1a: Landorus|U-turn|p2a: Corviknight
|-resisted|p2a: Corviknight
|-damage|p2a: Corviknight|92/100
|-damage|p1a: Landorus|84/100|[from] item: Rocky Helmet|[of] p2a: Corviknight
|
|t:|1758322174
|switch|p1a: Galvantula|Galvantula, M, shiny|100/100|[from] U-turn
|
|upkeep
|turn|3
|
|t:|1758322178
|move|p1a: Galvantula|Thunder|p2a: Corviknight
|-supereffective|p2a: Corviknight
|-damage|p2a: Corviknight|18/100
|move|p2a: Corviknight|Brave Bird|p1a: Galvantula
|-damage|p1a: Galvantula|35/100
|-damage|p2a: Corviknight|3/100|[from] Recoil
|
|upkeep
|turn|4
|
|t:|1758322184
|move|p1a: Galvantula|Tera Blast|p2a: Corviknight
|-resisted|p2a: Corviknight
|-damage|p2a: Corviknight|0 fnt
|faint|p2a: Corviknight
|
|upkeep
|
|t:|1758322195
|switch|p2a: Raging Bolt|Raging Bolt|100/100
|turn|5
|
|t:|1758322198
|move|p1a: Galvantula|Sticky Web|p2a: Raging Bolt
|-sidestart|p2: Yz99999|move: Sticky Web
|move|p2a: Raging Bolt|Draco Meteor|p1a: Galvantula
|-damage|p1a: Galvantula|0 fnt
|-unboost|p2a: Raging Bolt|spa|2
|faint|p1a: Galvantula
|
|upkeep
|
|t:|1758322203
|switch|p1a: Landorus|Landorus-Therian, M|84/100
|-ability|p1a: Landorus|Intimidate|boost
|-unboost|p2a: Raging Bolt|atk|1
|turn|6
|
|t:|1758322206
|move|p1a: Landorus|Earthquake|p2a: Raging Bolt
|-supereffective|p2a: Raging Bolt
|-crit|p2a: Raging Bolt
|-damage|p2a: Raging Bolt|0 fnt
|faint|p2a: Raging Bolt
|-end|p2a: Raging Bolt|Protosynthesis|[silent]
|
|upkeep
|
|t:|1758322208
|switch|p2a: Great Tusk|Great Tusk|100/100
|turn|7
|
|t:|1758322210
|move|p2a: Great Tusk|Knock Off|p1a: Landorus
|-damage|p1a: Landorus|47/100
|-enditem|p1a: Landorus|Choice Band|[from] move: Knock Off|[of] p2a: Great Tusk
|move|p1a: Landorus|Earthquake|p2a: Great Tusk
|-damage|p2a: Great Tusk|58/100
|
|upkeep
|turn|8
|j| Nikator98
|l| Nikator98
|
|t:|1758322219
|switch|p1a: Dragapult|Dragapult, F|100/100
|move|p2a: Great Tusk|Knock Off|p1a: Dragapult
|-supereffective|p1a: Dragapult
|-damage|p1a: Dragapult|3/100
|-enditem|p1a: Dragapult|Choice Band|[from] move: Knock Off|[of] p2a: Great Tusk
|
|upkeep
|turn|9
|
|t:|1758322224
|-end|p2a: Great Tusk|Protosynthesis|[silent]
|switch|p2a: Garganacl|Garganacl, F|100/100
|-activate|p2a: Garganacl|move: Sticky Web
|-unboost|p2a: Garganacl|spe|1
|move|p1a: Dragapult|Dragon Darts|p2a: Garganacl
|-damage|p2a: Garganacl|82/100
|-anim|p1a: Dragapult|Dragon Darts|p2a: Garganacl
|-damage|p2a: Garganacl|65/100
|
|-heal|p2a: Garganacl|72/100|[from] item: Leftovers
|upkeep
|turn|10
|
|t:|1758322230
|move|p1a: Dragapult|U-turn|p2a: Garganacl
|-damage|p2a: Garganacl|54/100
|
|t:|1758322233
|switch|p1a: Landorus|Landorus-Therian, M|47/100|[from] U-turn
|-ability|p1a: Landorus|Intimidate|boost
|-unboost|p2a: Garganacl|atk|1
|move|p2a: Garganacl|Salt Cure|p1a: Landorus
|-damage|p1a: Landorus|36/100
|-start|p1a: Landorus|Salt Cure
|
|-heal|p2a: Garganacl|60/100|[from] item: Leftovers
|-damage|p1a: Landorus|24/100|[from] Salt Cure
|upkeep
|turn|11
|
|t:|1758322235
|move|p2a: Garganacl|Protect|p2a: Garganacl
|-singleturn|p2a: Garganacl|Protect
|move|p1a: Landorus|Earthquake|p2a: Garganacl
|-activate|p2a: Garganacl|move: Protect
|
|-heal|p2a: Garganacl|67/100|[from] item: Leftovers
|-damage|p1a: Landorus|11/100|[from] Salt Cure
|upkeep
|turn|12
|
|t:|1758322239
|-terastallize|p2a: Garganacl|Fairy
|move|p1a: Landorus|U-turn|p2a: Garganacl
|-resisted|p2a: Garganacl
|-damage|p2a: Garganacl|57/100
|
|t:|1758322243
|switch|p1a: Iron Moth|Iron Moth|100/100|[from] U-turn
|-enditem|p1a: Iron Moth|Booster Energy
|-activate|p1a: Iron Moth|ability: Quark Drive|[fromitem]
|-start|p1a: Iron Moth|quarkdrivespa
|move|p2a: Garganacl|Recover|p2a: Garganacl
|-heal|p2a: Garganacl|100/100
|
|upkeep
|turn|13
|
|t:|1758322248
|move|p1a: Iron Moth|Fiery Dance|p2a: Garganacl
|-damage|p2a: Garganacl|61/100
|-boost|p1a: Iron Moth|spa|1
|move|p2a: Garganacl|Salt Cure|p1a: Iron Moth
|-supereffective|p1a: Iron Moth
|-damage|p1a: Iron Moth|70/100
|-start|p1a: Iron Moth|Salt Cure
|
|-heal|p2a: Garganacl|67/100|[from] item: Leftovers
|-damage|p1a: Iron Moth|58/100|[from] Salt Cure
|upkeep
|turn|14
|
|t:|1758322254
|move|p2a: Garganacl|Protect|p2a: Garganacl
|-singleturn|p2a: Garganacl|Protect
|move|p1a: Iron Moth|Fiery Dance|p2a: Garganacl
|-activate|p2a: Garganacl|move: Protect
|
|-heal|p2a: Garganacl|74/100|[from] item: Leftovers
|-damage|p1a: Iron Moth|45/100|[from] Salt Cure
|upkeep
|turn|15
|
|t:|1758322260
|switch|p2a: Scizor|Scizor, F|82/100
|-activate|p2a: Scizor|move: Sticky Web
|-unboost|p2a: Scizor|spe|1
|move|p1a: Iron Moth|Sludge Wave|p2a: Scizor
|-immune|p2a: Scizor
|
|-damage|p1a: Iron Moth|33/100|[from] Salt Cure
|upkeep
|turn|16
|
|t:|1758322264
|-end|p1a: Iron Moth|Quark Drive|[silent]
|switch|p1a: Dragapult|Dragapult, F|3/100
|move|p2a: Scizor|Bullet Punch|p1a: Dragapult
|-damage|p1a: Dragapult|0 fnt
|faint|p1a: Dragapult
|
|upkeep
|
|t:|1758322268
|switch|p1a: Landorus|Landorus-Therian, M|11/100
|-ability|p1a: Landorus|Intimidate|boost
|-unboost|p2a: Scizor|atk|1
|turn|17
|
|t:|1758322273
|move|p2a: Scizor|Bullet Punch|p1a: Landorus
|-damage|p1a: Landorus|0 fnt
|faint|p1a: Landorus
|
|upkeep
|
|t:|1758322275
|switch|p1a: Iron Moth|Iron Moth|33/100
|turn|18
|
|t:|1758322276
|move|p2a: Scizor|Bullet Punch|p1a: Iron Moth
|-resisted|p1a: Iron Moth
|-damage|p1a: Iron Moth|6/100
|move|p1a: Iron Moth|Fiery Dance|p2a: Scizor
|-supereffective|p2a: Scizor
|-damage|p2a: Scizor|0 fnt
|-boost|p1a: Iron Moth|spa|1
|faint|p2a: Scizor
|
|upkeep
|
|t:|1758322281
|switch|p2a: Great Tusk|Great Tusk|58/100
|turn|19
|
|t:|1758322284
|move|p1a: Iron Moth|Psychic|p2a: Great Tusk
|-supereffective|p2a: Great Tusk
|-damage|p2a: Great Tusk|0 fnt
|faint|p2a: Great Tusk
|-end|p2a: Great Tusk|Protosynthesis|[silent]
|
|upkeep
|
|t:|1758322286
|switch|p2a: Maushold|Maushold-Four|100/100
|-activate|p2a: Maushold|move: Sticky Web
|-unboost|p2a: Maushold|spe|1
|turn|20
|j| ivo-arg
|
|t:|1758322293
|move|p1a: Iron Moth|Sludge Wave|p2a: Maushold
|-damage|p2a: Maushold|0 fnt
|faint|p2a: Maushold
|
|upkeep
|-message|Yz99999 forfeited.
|
|win|neroeto5
|raw|neroeto5's rating: 1523 &rarr; <strong>1543</strong><br />(+20 for winning)
|raw|Yz99999's rating: 1520 &rarr; <strong>1500</strong><br />(-20 for losing)
|l|☆Yz99999
|player|p2|
|l|☆neroeto5
|player|p1|
