|badge|p2|bronze|gen9monotype|100-6
|badge|p2|bronze|gen9ru|100-6
|uhtml|medal-msg|<div class="broadcast-blue">Curious what those medals under the avatar are? PS now has Ladder Seasons! For more information, check out the <a href="https://www.smogon.com/forums/threads/3740067/">thread on Smogon.</a></div>
|j|☆STRONGPPMAIN6969
|j|☆domingo a noite
|t:|1758312117
|gametype|singles
|player|p1|STRONGPPMAIN6969|clown|1730
|player|p2|domingo a noite|miku-ice|1688
|gen|9
|tier|[Gen 9] OU
|rated|
|rule|HP Percentage Mod: HP is shown in percentages
|rule|Endless Battle Clause: Forcing endless battles is banned
|rule|Species Clause: Limit one of each Pokémon
|rule|OHKO Clause: OHKO moves are banned
|rule|Evasion Items Clause: Evasion items are banned
|rule|Evasion Moves Clause: Evasion moves are banned
|rule|Evasion Abilities Clause: Evasion abilities are banned
|rule|Sleep Moves Clause: Sleep-inducing moves are banned
|clearpoke
|poke|p1|Pecharunt|
|poke|p1|Great Tusk|
|poke|p1|Ogerpon-Wellspring, F|
|poke|p1|Iron Crown|
|poke|p1|Landorus-Therian, M|
|poke|p1|Samurott-Hisui, M|
|poke|p2|Araquanid, F|
|poke|p2|Iron Treads|
|poke|p2|Kingambit, F|
|poke|p2|Enamorus, F|
|poke|p2|Iron Valiant|
|poke|p2|Iron Moth|
|teampreview
|
|t:|1758312145
|teamsize|p1|6
|teamsize|p2|6
|start
|switch|p1a: Landorus|Landorus-Therian, M|100/100
|switch|p2a: Yoshimi|Enamorus, F|100/100
|-ability|p1a: Landorus|Intimidate|boost
|-boost|p2a: Yoshimi|atk|1
|turn|1
|
|t:|1758312150
|switch|p2a: 10:36|Iron Treads|100/100
|-enditem|p2a: 10:36|Booster Energy
|-activate|p2a: 10:36|ability: Quark Drive|[fromitem]
|-start|p2a: 10:36|quarkdrivespe
|move|p1a: Landorus|Stone Edge|p2a: 10:36
|-resisted|p2a: 10:36
|-damage|p2a: 10:36|92/100
|
|upkeep
|turn|2
|
|t:|1758312164
|switch|p1a: Samurott|Samurott-Hisui, M|100/100
|move|p2a: 10:36|Stealth Rock|p1a: Samurott
|-sidestart|p1: STRONGPPMAIN6969|move: Stealth Rock
|
|upkeep
|turn|3
|
|t:|1758312182
|move|p2a: 10:36|Earth Power|p1a: Samurott
|-damage|p1a: Samurott|73/100
|-unboost|p1a: Samurott|spd|1
|move|p1a: Samurott|Flip Turn|p2a: 10:36
|-supereffective|p2a: 10:36
|-damage|p2a: 10:36|39/100
|
|t:|1758312190
|switch|p1a: Landorus|Landorus-Therian, M|100/100|[from] Flip Turn
|-damage|p1a: Landorus|88/100|[from] Stealth Rock
|-ability|p1a: Landorus|Intimidate|boost
|-unboost|p2a: 10:36|atk|1
|
|upkeep
|turn|4
|
|t:|1758312200
|move|p2a: 10:36|Steel Beam|p1a: Landorus
|-damage|p1a: Landorus|21/100
|-damage|p2a: 10:36|0 fnt|[from] steelbeam
|faint|p2a: 10:36
|-end|p2a: 10:36|Quark Drive|[silent]
|move|p1a: Landorus|U-turn|p2: 10:36|[notarget]
|-fail|p1a: Landorus
|
|upkeep
|
|t:|1758312202
|switch|p2a: Beaches|Araquanid, F|100/100
|turn|5
|
|t:|1758312204
|move|p1a: Landorus|U-turn|p2a: Beaches
|-damage|p2a: Beaches|72/100
|
|t:|1758312210
|switch|p1a: Ogerpon|Ogerpon-Wellspring, F|100/100|[from] U-turn
|-damage|p1a: Ogerpon|88/100|[from] Stealth Rock
|move|p2a: Beaches|Sticky Web|p1a: Ogerpon
|-sidestart|p1: STRONGPPMAIN6969|move: Sticky Web
|
|upkeep
|turn|6
|
|t:|1758312217
|switch|p1a: Pecharunt|Pecharunt|100/100
|-damage|p1a: Pecharunt|88/100|[from] Stealth Rock
|-activate|p1a: Pecharunt|move: Sticky Web
|-unboost|p1a: Pecharunt|spe|1
|move|p2a: Beaches|Endeavor|p1a: Pecharunt
|-immune|p1a: Pecharunt
|
|upkeep
|turn|7
|j| parabola22
|
|t:|1758312228
|move|p1a: Pecharunt|Malignant Chain|p2a: Beaches
|-damage|p2a: Beaches|48/100
|-status|p2a: Beaches|tox
|-start|p2a: Beaches|confusion|[from] ability: Poison Puppeteer|[of] p1a: Pecharunt
|-activate|p2a: Beaches|confusion
|-damage|p2a: Beaches|43/100 tox|[from] confusion
|
|-damage|p2a: Beaches|37/100 tox|[from] psn
|upkeep
|turn|8
|
|t:|1758312241
|move|p1a: Pecharunt|Parting Shot|p2a: Beaches
|-unboost|p2a: Beaches|atk|1
|-unboost|p2a: Beaches|spa|1
|
|t:|1758312247
|switch|p1a: Great Tusk|Great Tusk|100/100|[from] Parting Shot
|-damage|p1a: Great Tusk|98/100|[from] Stealth Rock
|-activate|p1a: Great Tusk|move: Sticky Web
|-unboost|p1a: Great Tusk|spe|1
|-enditem|p1a: Great Tusk|Booster Energy
|-activate|p1a: Great Tusk|ability: Protosynthesis|[fromitem]
|-start|p1a: Great Tusk|protosynthesisatk
|-activate|p2a: Beaches|confusion
|-damage|p2a: Beaches|33/100 tox|[from] confusion
|
|-damage|p2a: Beaches|21/100 tox|[from] psn
|upkeep
|turn|9
|-enditem|p2a: Beaches|Custap Berry|[eat]
|-activate|p2a: Beaches|item: Custap Berry|[consumed]
|
|t:|1758312254
|-terastallize|p2a: Beaches|Ghost
|-activate|p2a: Beaches|confusion
|move|p2a: Beaches|Surf|p1a: Great Tusk
|-supereffective|p1a: Great Tusk
|-damage|p1a: Great Tusk|9/100
|move|p1a: Great Tusk|Rapid Spin|p2a: Beaches
|-immune|p2a: Beaches
|
|-damage|p2a: Beaches|3/100 tox|[from] psn
|upkeep
|turn|10
|
|t:|1758312277
|move|p1a: Great Tusk|Stealth Rock|p2a: Beaches
|-sidestart|p2: domingo a noite|move: Stealth Rock
|-end|p2a: Beaches|confusion
|move|p2a: Beaches|Surf|p1a: Great Tusk
|-supereffective|p1a: Great Tusk
|-damage|p1a: Great Tusk|0 fnt
|faint|p1a: Great Tusk
|-end|p1a: Great Tusk|Protosynthesis|[silent]
|
|-damage|p2a: Beaches|0 fnt|[from] psn
|faint|p2a: Beaches
|upkeep
|
|t:|1758312309
|switch|p1a: Samurott|Samurott-Hisui, M|73/100
|switch|p2a: Yoshimi|Enamorus, F|100/100
|-damage|p2a: Yoshimi|76/100|[from] Stealth Rock
|-damage|p1a: Samurott|61/100|[from] Stealth Rock
|-activate|p1a: Samurott|move: Sticky Web
|-unboost|p1a: Samurott|spe|1
|turn|11
|
|t:|1758312325
|move|p2a: Yoshimi|Moonblast|p1a: Samurott
|-supereffective|p1a: Samurott
|-damage|p1a: Samurott|0 fnt
|faint|p1a: Samurott
|
|upkeep
|
|t:|1758312326
|switch|p1a: Pecharunt|Pecharunt|88/100
|-damage|p1a: Pecharunt|76/100|[from] Stealth Rock
|-activate|p1a: Pecharunt|move: Sticky Web
|-unboost|p1a: Pecharunt|spe|1
|turn|12
|
|t:|1758312334
|switch|p2a: Everest|Kingambit, F|100/100
|-damage|p2a: Everest|94/100|[from] Stealth Rock
|-activate|p2a: Everest|ability: Supreme Overlord
|-start|p2a: Everest|fallen2|[silent]
|-item|p2a: Everest|Air Balloon
|move|p1a: Pecharunt|Parting Shot|p2a: Everest
|-unboost|p2a: Everest|atk|1
|-unboost|p2a: Everest|spa|1
|
|t:|1758312341
|switch|p1a: Ogerpon|Ogerpon-Wellspring, F|88/100|[from] Parting Shot
|-damage|p1a: Ogerpon|76/100|[from] Stealth Rock
|-activate|p1a: Ogerpon|move: Sticky Web
|-unboost|p1a: Ogerpon|spe|1
|
|upkeep
|turn|13
|
|t:|1758312345
|-end|p2a: Everest|fallen2|[silent]
|switch|p2a: Yoshimi|Enamorus, F|76/100
|-damage|p2a: Yoshimi|51/100|[from] Stealth Rock
|move|p1a: Ogerpon|Swords Dance|p1a: Ogerpon
|-boost|p1a: Ogerpon|atk|2
|
|upkeep
|turn|14
|
|t:|1758312349
|-terastallize|p1a: Ogerpon|Water
|detailschange|p1a: Ogerpon|Ogerpon-Wellspring-Tera, F, tera:Water
|-ability|p1a: Ogerpon|Embody Aspect (Wellspring)|boost
|-boost|p1a: Ogerpon|spd|1
|move|p2a: Yoshimi|Moonblast|p1a: Ogerpon
|-damage|p1a: Ogerpon|26/100
|move|p1a: Ogerpon|Synthesis|p1a: Ogerpon
|-heal|p1a: Ogerpon|76/100
|
|upkeep
|turn|15
|
|t:|1758312355
|move|p2a: Yoshimi|Moonblast|p1a: Ogerpon
|-damage|p1a: Ogerpon|19/100
|-unboost|p1a: Ogerpon|spa|1
|move|p1a: Ogerpon|Ivy Cudgel|p2a: Yoshimi|[anim] Ivy Cudgel Water
|-damage|p2a: Yoshimi|0 fnt
|faint|p2a: Yoshimi
|
|upkeep
|
|t:|1758312360
|switch|p2a: Magdalene|Iron Moth|100/100
|-damage|p2a: Magdalene|76/100|[from] Stealth Rock
|-enditem|p2a: Magdalene|Booster Energy
|-activate|p2a: Magdalene|ability: Quark Drive|[fromitem]
|-start|p2a: Magdalene|quarkdrivespa
|turn|16
|
|t:|1758312369
|move|p2a: Magdalene|Energy Ball|p1a: Ogerpon
|-supereffective|p1a: Ogerpon
|-damage|p1a: Ogerpon|0 fnt
|faint|p1a: Ogerpon
|detailschange|p1: Ogerpon|Ogerpon-Wellspring, F|[silent]
|
|upkeep
|
|t:|1758312371
|switch|p1a: Landorus|Landorus-Therian, M|21/100
|-damage|p1a: Landorus|8/100|[from] Stealth Rock
|-ability|p1a: Landorus|Intimidate|boost
|-unboost|p2a: Magdalene|atk|1
|turn|17
|
|t:|1758312374
|-end|p2a: Magdalene|Quark Drive|[silent]
|switch|p2a: Everest|Kingambit, F|94/100
|-damage|p2a: Everest|88/100|[from] Stealth Rock
|-activate|p2a: Everest|ability: Supreme Overlord
|-start|p2a: Everest|fallen3|[silent]
|-item|p2a: Everest|Air Balloon
|move|p1a: Landorus|Earthquake|p2a: Everest
|-immune|p2a: Everest
|
|upkeep
|turn|18
|
|t:|1758312381
|move|p1a: Landorus|Earthquake|p2a: Everest
|-immune|p2a: Everest
|move|p2a: Everest|Swords Dance|p2a: Everest
|-boost|p2a: Everest|atk|2
|
|upkeep
|turn|19
|
|t:|1758312382
|move|p1a: Landorus|Earthquake|p2a: Everest
|-immune|p2a: Everest
|move|p2a: Everest|Swords Dance|p2a: Everest
|-boost|p2a: Everest|atk|2
|
|upkeep
|turn|20
|
|t:|1758312386
|move|p1a: Landorus|Earthquake|p2a: Everest
|-immune|p2a: Everest
|move|p2a: Everest|Kowtow Cleave|p1a: Landorus
|-damage|p1a: Landorus|0 fnt
|faint|p1a: Landorus
|
|upkeep
|
|t:|1758312390
|switch|p1a: Pecharunt|Pecharunt|76/100
|-damage|p1a: Pecharunt|63/100|[from] Stealth Rock
|-activate|p1a: Pecharunt|move: Sticky Web
|-unboost|p1a: Pecharunt|spe|1
|turn|21
|
|t:|1758312393
|move|p2a: Everest|Kowtow Cleave|p1a: Pecharunt
|-supereffective|p1a: Pecharunt
|-damage|p1a: Pecharunt|0 fnt
|-damage|p2a: Everest|72/100|[from] item: Rocky Helmet|[of] p1a: Pecharunt
|faint|p1a: Pecharunt
|
|upkeep
|-message|STRONGPPMAIN6969 forfeited.
|
|win|domingo a noite
|raw|STRONGPPMAIN6969's rating: 1730 &rarr; <strong>1708</strong><br />(-22 for losing)
|raw|domingo a noite's rating: 1688 &rarr; <strong>1710</strong><br />(+22 for winning)
|l|☆STRONGPPMAIN6969
|player|p1|
|l|☆domingo a noite
|player|p2|
