|j|☆Charle_phate
|j|☆JaponaisAnglais
|t:|1758345163
|gametype|singles
|player|p1|Charle_phate|blue|1199
|player|p2|JaponaisAnglais|silver|1212
|gen|9
|tier|[Gen 9] OU
|rated|
|rule|HP Percentage Mod: HP is shown in percentages
|rule|Endless Battle Clause: Forcing endless battles is banned
|rule|Species Clause: Limit one of each Pokémon
|rule|OHKO Clause: OHKO moves are banned
|rule|Evasion Items Clause: Evasion items are banned
|rule|Evasion Moves Clause: Evasion moves are banned
|rule|Evasion Abilities Clause: Evasion abilities are banned
|rule|Sleep Moves Clause: Sleep-inducing moves are banned
|clearpoke
|poke|p1|Serperior, F|
|poke|p1|Rotom-Wash|
|poke|p1|Zapdos|
|poke|p1|Heatran, M|
|poke|p1|Clefable, M|
|poke|p1|Landorus-Therian, M|
|poke|p2|Dragonite, M|
|poke|p2|Kleavor, M|
|poke|p2|Moltres-Galar|
|poke|p2|Pecharunt|
|poke|p2|Hitmontop, M|
|poke|p2|Iron Crown|
|teampreview
|inactive|Battle timer is ON: inactive players will automatically lose when time's up. (requested by Charle_phate)
|
|t:|1758345169
|teamsize|p1|6
|teamsize|p2|6
|start
|switch|p1a: Rotom|Rotom-Wash|100/100
|switch|p2a: Kleavor|Kleavor, M|100/100
|turn|1
|
|t:|1758345176
|move|p2a: Kleavor|Stone Axe|p1a: Rotom
|-damage|p1a: Rotom|24/100
|-sidestart|p1: Charle_phate|move: Stealth Rock
|move|p1a: Rotom|Thunder Wave|p2a: Kleavor
|-status|p2a: Kleavor|par
|
|-heal|p1a: Rotom|30/100|[from] item: Leftovers
|upkeep
|turn|2
|
|t:|1758345185
|move|p1a: Rotom|Pain Split|p2a: Kleavor
|-sethp|p2a: Kleavor|64/100 par|[from] move: Pain Split|[silent]
|-sethp|p1a: Rotom|70/100|[from] move: Pain Split
|move|p2a: Kleavor|Stone Axe|p1a: Rotom
|-damage|p1a: Rotom|0 fnt
|faint|p1a: Rotom
|
|upkeep
|inactive|Charle_phate has 120 seconds left.
|
|t:|1758345232
|switch|p1a: Landorus|Landorus-Therian, M|100/100
|-damage|p1a: Landorus|88/100|[from] Stealth Rock
|-ability|p1a: Landorus|Intimidate|boost
|-unboost|p2a: Kleavor|atk|1
|turn|3
|
|t:|1758345238
|move|p1a: Landorus|Swords Dance|p1a: Landorus
|-boost|p1a: Landorus|atk|2
|move|p2a: Kleavor|Stone Axe|p1a: Landorus
|-damage|p1a: Landorus|32/100
|
|upkeep
|turn|4
|inactive|Charle_phate has 120 seconds left.
|
|t:|1758345249
|move|p1a: Landorus|Earthquake|p2a: Kleavor
|-damage|p2a: Kleavor|0 fnt
|faint|p2a: Kleavor
|-damage|p1a: Landorus|22/100|[from] item: Life Orb
|
|upkeep
|
|t:|1758345260
|switch|p2a: Hitmontop|Hitmontop, M|100/100
|turn|5
|inactive|Charle_phate has 120 seconds left.
|
|t:|1758345275
|move|p2a: Hitmontop|Fake Out|p1a: Landorus
|-damage|p1a: Landorus|0 fnt
|faint|p1a: Landorus
|
|upkeep
|
|t:|1758345279
|switch|p1a: Zapdos|Zapdos|100/100
|-damage|p1a: Zapdos|76/100|[from] Stealth Rock
|turn|6
|
|t:|1758345293
|switch|p2a: Pecharunt|Pecharunt|100/100
|move|p1a: Zapdos|Discharge|p2a: Pecharunt
|-damage|p2a: Pecharunt|66/100
|
|-heal|p1a: Zapdos|82/100|[from] item: Leftovers
|-heal|p2a: Pecharunt|72/100|[from] item: Leftovers
|upkeep
|turn|7
|inactive|Charle_phate has 120 seconds left.
|inactive|JaponaisAnglais has 120 seconds left.
|l|☆Charle_phate
|inactive|Charle_phate disconnected and has a minute to reconnect!
|player|p1|
|j|☆Charle_phate
|inactive|Charle_phate reconnected and has 85 seconds left.
|player|p1|Charle_phate|blue|
|
|t:|1758345358
|switch|p1a: Heatran|Heatran, M|100/100
|-damage|p1a: Heatran|88/100|[from] Stealth Rock
|move|p2a: Pecharunt|Shadow Ball|p1a: Heatran
|-damage|p1a: Heatran|71/100
|
|-heal|p2a: Pecharunt|78/100|[from] item: Leftovers
|-heal|p1a: Heatran|78/100|[from] item: Leftovers
|upkeep
|turn|8
|inactive|JaponaisAnglais has 120 seconds left.
|
|t:|1758345369
|move|p2a: Pecharunt|Parting Shot|p1a: Heatran
|-unboost|p1a: Heatran|atk|1
|-unboost|p1a: Heatran|spa|1
|
|t:|1758345372
|switch|p2a: Dragonite|Dragonite, M|100/100|[from] Parting Shot
|move|p1a: Heatran|Substitute|p1a: Heatran
|-start|p1a: Heatran|Substitute
|-damage|p1a: Heatran|53/100
|
|-heal|p1a: Heatran|59/100|[from] item: Leftovers
|upkeep
|turn|9
|inactive|Charle_phate has 90 seconds left.
|
|t:|1758345389
|move|p2a: Dragonite|Extreme Speed|p1a: Heatran
|-resisted|p1a: Heatran
|-activate|p1a: Heatran|move: Substitute|[damage]
|move|p1a: Heatran|Lava Plume|p2a: Dragonite
|-resisted|p2a: Dragonite
|-damage|p2a: Dragonite|96/100
|
|-heal|p1a: Heatran|65/100|[from] item: Leftovers
|upkeep
|turn|10
|inactive|Charle_phate has 60 seconds left.
|
|t:|1758345419
|move|p2a: Dragonite|Earthquake|p1a: Heatran
|-supereffective|p1a: Heatran
|-end|p1a: Heatran|Substitute
|move|p1a: Heatran|Lava Plume|p2a: Dragonite
|-resisted|p2a: Dragonite
|-damage|p2a: Dragonite|85/100
|
|-heal|p1a: Heatran|71/100|[from] item: Leftovers
|upkeep
|turn|11
|inactive|Charle_phate has 60 seconds left.
|
|t:|1758345435
|switch|p1a: Zapdos|Zapdos|82/100
|-damage|p1a: Zapdos|57/100|[from] Stealth Rock
|move|p2a: Dragonite|Earthquake|p1a: Zapdos
|-immune|p1a: Zapdos
|
|-heal|p1a: Zapdos|63/100|[from] item: Leftovers
|upkeep
|turn|12
|inactive|Charle_phate has 60 seconds left.
|
|t:|1758345447
|-terastallize|p2a: Dragonite|Normal
|move|p2a: Dragonite|Extreme Speed|p1a: Zapdos
|-damage|p1a: Zapdos|9/100
|move|p1a: Zapdos|Heat Wave|p2a: Dragonite
|-damage|p2a: Dragonite|57/100
|
|-heal|p1a: Zapdos|15/100|[from] item: Leftovers
|upkeep
|turn|13
|inactive|Charle_phate has 60 seconds left.
|
|t:|1758345461
|move|p2a: Dragonite|Extreme Speed|p1a: Zapdos
|-damage|p1a: Zapdos|0 fnt
|-status|p2a: Dragonite|par|[from] ability: Static|[of] p1a: Zapdos
|faint|p1a: Zapdos
|
|upkeep
|
|t:|1758345485
|switch|p1a: Serperior|Serperior, F|100/100
|-damage|p1a: Serperior|88/100|[from] Stealth Rock
|turn|14
|
|t:|1758345491
|move|p1a: Serperior|Substitute|p1a: Serperior
|-start|p1a: Serperior|Substitute
|-damage|p1a: Serperior|63/100
|cant|p2a: Dragonite|par
|
|-heal|p1a: Serperior|69/100|[from] item: Leftovers
|upkeep
|turn|15
|
|t:|1758345500
|move|p1a: Serperior|Leaf Storm|p2a: Dragonite|[miss]
|-miss|p1a: Serperior|p2a: Dragonite
|cant|p2a: Dragonite|par
|
|-heal|p1a: Serperior|75/100|[from] item: Leftovers
|upkeep
|turn|16
|
|t:|1758345510
|move|p1a: Serperior|Leaf Storm|p2a: Dragonite
|-damage|p2a: Dragonite|15/100 par
|-boost|p1a: Serperior|spa|2
|move|p2a: Dragonite|Ice Spinner|p1a: Serperior
|-supereffective|p1a: Serperior
|-end|p1a: Serperior|Substitute
|
|-heal|p1a: Serperior|82/100|[from] item: Leftovers
|upkeep
|turn|17
|inactive|Charle_phate has 60 seconds left.
|
|t:|1758345521
|move|p2a: Dragonite|Extreme Speed|p1a: Serperior
|-damage|p1a: Serperior|16/100
|move|p1a: Serperior|Substitute|p1a: Serperior
|-fail|p1a: Serperior|move: Substitute|[weak]
|
|-heal|p1a: Serperior|22/100|[from] item: Leftovers
|upkeep
|turn|18
|inactive|Charle_phate has 60 seconds left.
|
|t:|1758345534
|move|p2a: Dragonite|Extreme Speed|p1a: Serperior
|-damage|p1a: Serperior|0 fnt
|faint|p1a: Serperior
|
|upkeep
|
|t:|1758345540
|switch|p1a: Heatran|Heatran, M|71/100
|-damage|p1a: Heatran|59/100|[from] Stealth Rock
|turn|19
|inactive|Charle_phate has 60 seconds left.
|
|t:|1758345546
|move|p1a: Heatran|Ancient Power|p2a: Dragonite
|-damage|p2a: Dragonite|0 fnt
|faint|p2a: Dragonite
|
|-heal|p1a: Heatran|65/100|[from] item: Leftovers
|upkeep
|
|t:|1758345551
|switch|p2a: Iron Crown|Iron Crown|100/100
|turn|20
|
|t:|1758345556
|move|p2a: Iron Crown|Focus Blast|p1a: Heatran
|-supereffective|p1a: Heatran
|-damage|p1a: Heatran|0 fnt
|faint|p1a: Heatran
|
|upkeep
|
|t:|1758345561
|switch|p1a: Clefable|Clefable, M|100/100
|turn|21
|
|t:|1758345567
|-end|p2a: Iron Crown|Quark Drive|[silent]
|switch|p2a: Pecharunt|Pecharunt|78/100
|-terastallize|p1a: Clefable|Fire
|move|p1a: Clefable|Cosmic Power|p1a: Clefable
|-boost|p1a: Clefable|def|1
|-boost|p1a: Clefable|spd|1
|
|-heal|p2a: Pecharunt|84/100|[from] item: Leftovers
|upkeep
|turn|22
|
|t:|1758345578
|move|p2a: Pecharunt|Malignant Chain|p1a: Clefable
|-damage|p1a: Clefable|82/100
|-status|p1a: Clefable|tox
|-start|p1a: Clefable|confusion|[from] ability: Poison Puppeteer|[of] p2a: Pecharunt
|-activate|p1a: Clefable|confusion
|-damage|p1a: Clefable|78/100 tox|[from] confusion
|
|-heal|p2a: Pecharunt|90/100|[from] item: Leftovers
|-heal|p1a: Clefable|84/100 tox|[from] item: Leftovers
|upkeep
|turn|23
|inactive|JaponaisAnglais has 120 seconds left.
|
|t:|1758345611
|move|p2a: Pecharunt|Malignant Chain|p1a: Clefable
|-damage|p1a: Clefable|67/100 tox
|-activate|p1a: Clefable|confusion
|move|p1a: Clefable|Cosmic Power|p1a: Clefable
|-boost|p1a: Clefable|def|1
|-boost|p1a: Clefable|spd|1
|
|-heal|p2a: Pecharunt|97/100|[from] item: Leftovers
|-heal|p1a: Clefable|73/100 tox|[from] item: Leftovers
|upkeep
|turn|24
|inactive|JaponaisAnglais has 120 seconds left.
|
|t:|1758345629
|move|p2a: Pecharunt|Malignant Chain|p1a: Clefable
|-damage|p1a: Clefable|59/100 tox
|-activate|p1a: Clefable|confusion
|-damage|p1a: Clefable|56/100 tox|[from] confusion
|
|-heal|p2a: Pecharunt|100/100|[from] item: Leftovers
|-heal|p1a: Clefable|62/100 tox|[from] item: Leftovers
|upkeep
|turn|25
|inactive|JaponaisAnglais has 120 seconds left.
|
|t:|1758345651
|move|p2a: Pecharunt|Malignant Chain|p1a: Clefable
|-damage|p1a: Clefable|49/100 tox
|-end|p1a: Clefable|confusion
|move|p1a: Clefable|Cosmic Power|p1a: Clefable
|-boost|p1a: Clefable|def|1
|-boost|p1a: Clefable|spd|1
|
|-heal|p1a: Clefable|55/100 tox|[from] item: Leftovers
|upkeep
|turn|26
|inactive|Charle_phate has 90 seconds left.
|
|t:|1758345664
|switch|p2a: Moltres|Moltres-Galar|100/100
|move|p1a: Clefable|Cosmic Power|p1a: Clefable
|-boost|p1a: Clefable|def|1
|-boost|p1a: Clefable|spd|1
|
|-heal|p1a: Clefable|61/100 tox|[from] item: Leftovers
|upkeep
|turn|27
|inactive|Charle_phate has 90 seconds left.
|
|t:|1758345679
|move|p2a: Moltres|Fiery Wrath|p1a: Clefable
|-damage|p1a: Clefable|50/100 tox
|move|p1a: Clefable|Cosmic Power|p1a: Clefable
|-boost|p1a: Clefable|def|1
|-boost|p1a: Clefable|spd|1
|
|-heal|p1a: Clefable|56/100 tox|[from] item: Leftovers
|upkeep
|turn|28
|inactive|Charle_phate has 90 seconds left.
|
|t:|1758345692
|move|p2a: Moltres|Fiery Wrath|p1a: Clefable
|-damage|p1a: Clefable|47/100 tox
|move|p1a: Clefable|Cosmic Power|p1a: Clefable
|-boost|p1a: Clefable|def|1
|-boost|p1a: Clefable|spd|1
|
|-heal|p1a: Clefable|53/100 tox|[from] item: Leftovers
|upkeep
|turn|29
|inactive|Charle_phate has 90 seconds left.
|
|t:|1758345704
|move|p2a: Moltres|Fiery Wrath|p1a: Clefable
|-damage|p1a: Clefable|44/100 tox
|move|p1a: Clefable|Charge Beam|p2a: Moltres
|-supereffective|p2a: Moltres
|-damage|p2a: Moltres|87/100
|-boost|p1a: Clefable|spa|1
|
|-heal|p1a: Clefable|50/100 tox|[from] item: Leftovers
|upkeep
|turn|30
|inactive|Charle_phate has 90 seconds left.
|inactive|JaponaisAnglais has 120 seconds left.
|
|t:|1758345716
|move|p2a: Moltres|Fiery Wrath|p1a: Clefable
|-damage|p1a: Clefable|42/100 tox
|move|p1a: Clefable|Charge Beam|p2a: Moltres
|-supereffective|p2a: Moltres
|-crit|p2a: Moltres
|-damage|p2a: Moltres|58/100
|-boost|p1a: Clefable|spa|1
|
|-heal|p1a: Clefable|48/100 tox|[from] item: Leftovers
|upkeep
|turn|31
|inactive|Charle_phate has 90 seconds left.
|
|t:|1758345728
|move|p2a: Moltres|Hurricane|p1a: Clefable|[miss]
|-miss|p2a: Moltres|p1a: Clefable
|move|p1a: Clefable|Draining Kiss|p2a: Moltres
|-supereffective|p2a: Moltres
|-damage|p2a: Moltres|22/100
|-heal|p1a: Clefable|74/100 tox|[from] drain|[of] p2a: Moltres
|-ability|p2a: Moltres|Berserk|boost
|-boost|p2a: Moltres|spa|1
|
|-heal|p1a: Clefable|80/100 tox|[from] item: Leftovers
|upkeep
|turn|32
|inactive|Charle_phate has 90 seconds left.
|
|t:|1758345743
|move|p2a: Moltres|Hurricane|p1a: Clefable
|-damage|p1a: Clefable|66/100 tox
|move|p1a: Clefable|Draining Kiss|p2a: Moltres
|-supereffective|p2a: Moltres
|-damage|p2a: Moltres|0 fnt
|-heal|p1a: Clefable|81/100 tox|[from] drain|[of] p2a: Moltres
|faint|p2a: Moltres
|
|-heal|p1a: Clefable|87/100 tox|[from] item: Leftovers
|upkeep
|inactive|JaponaisAnglais has 120 seconds left.
|
|t:|1758345765
|switch|p2a: Pecharunt|Pecharunt|100/100
|turn|33
|inactive|JaponaisAnglais has 120 seconds left.
|
|t:|1758345770
|move|p2a: Pecharunt|Parting Shot|p1a: Clefable
|-unboost|p1a: Clefable|atk|1
|-unboost|p1a: Clefable|spa|1
|inactive|JaponaisAnglais has 120 seconds left.
|
|t:|1758345783
|switch|p2a: Hitmontop|Hitmontop, M|100/100|[from] Parting Shot
|move|p1a: Clefable|Stored Power|p2a: Hitmontop
|-supereffective|p2a: Hitmontop
|-crit|p2a: Hitmontop
|-damage|p2a: Hitmontop|0 fnt
|faint|p2a: Hitmontop
|
|-heal|p1a: Clefable|93/100 tox|[from] item: Leftovers
|upkeep
|-message|JaponaisAnglais forfeited.
|
|win|Charle_phate
|raw|Charle_phate's rating: 1179 &rarr; <strong>1206</strong><br />(+27 for winning)
|raw|JaponaisAnglais's rating: 1212 &rarr; <strong>1185</strong><br />(-27 for losing)
|l|☆JaponaisAnglais
|player|p2|
|l|☆Charle_phate
|player|p1|
|j|☆Charle_phate
|player|p1|Charle_phate|blue|
|l|☆Charle_phate
|player|p1|
