|j|☆Hidden-Chaos-7777
|j|☆bena13
|t:|1758323095
|gametype|singles
|player|p1|Hidden-Chaos-7777|265|1302
|player|p2|bena13|170|1303
|gen|9
|tier|[Gen 9] OU
|rated|
|rule|HP Percentage Mod: HP is shown in percentages
|rule|Endless Battle Clause: Forcing endless battles is banned
|rule|Species Clause: Limit one of each Pokémon
|rule|OHKO Clause: OHKO moves are banned
|rule|Evasion Items Clause: Evasion items are banned
|rule|Evasion Moves Clause: Evasion moves are banned
|rule|Evasion Abilities Clause: Evasion abilities are banned
|rule|Sleep Moves Clause: Sleep-inducing moves are banned
|clearpoke
|poke|p1|Iron Treads|
|poke|p1|Clodsire, F|
|poke|p1|Klefki, F|
|poke|p1|Gyarados, F|
|poke|p1|Hydreigon, F|
|poke|p1|Rotom-Heat|
|poke|p2|Spiritomb, F|
|poke|p2|Okidogi, M|
|poke|p2|Gastrodon, M|
|poke|p2|Vileplume, F|
|poke|p2|Salazzle, F|
|poke|p2|Regidrago|
|teampreview
|inactive|Battle timer is ON: inactive players will automatically lose when time's up. (requested by Hidden-Chaos-7777)
|
|t:|1758323126
|teamsize|p1|6
|teamsize|p2|6
|start
|switch|p1a: Hydreigon|Hydreigon, F|100/100
|switch|p2a: Okidogi|Okidogi, M|100/100
|turn|1
|inactive|Hidden-Chaos-7777 has 120 seconds left.
|
|t:|1758323156
|switch|p1a: Rotom|Rotom-Heat|100/100
|move|p2a: Okidogi|Drain Punch|p1a: Rotom
|-damage|p1a: Rotom|68/100
|
|-heal|p1a: Rotom|74/100|[from] item: Leftovers
|upkeep
|turn|2
|
|t:|1758323165
|switch|p2a: Salazzle|Salazzle, F|100/100
|move|p1a: Rotom|Will-O-Wisp|p2a: Salazzle
|-immune|p2a: Salazzle
|
|-heal|p1a: Rotom|80/100|[from] item: Leftovers
|upkeep
|turn|3
|
|t:|1758323177
|switch|p2a: Gastrodon|Gastrodon, M|100/100
|move|p1a: Rotom|Thunder Wave|p2a: Gastrodon
|-immune|p2a: Gastrodon
|
|-heal|p1a: Rotom|86/100|[from] item: Leftovers
|upkeep
|turn|4
|
|t:|1758323186
|switch|p1a: Klefki|Klefki, F|100/100
|move|p2a: Gastrodon|Surf|p1a: Klefki
|-damage|p1a: Klefki|66/100
|
|upkeep
|turn|5
|
|t:|1758323200
|move|p1a: Klefki|Light Screen|p1a: Klefki
|-sidestart|p1: Hidden-Chaos-7777|move: Light Screen
|move|p2a: Gastrodon|Earth Power|p1a: Klefki
|-supereffective|p1a: Klefki
|-damage|p1a: Klefki|31/100
|
|upkeep
|turn|6
|
|t:|1758323210
|move|p1a: Klefki|Spikes|p2a: Gastrodon
|-sidestart|p2: bena13|Spikes
|move|p2a: Gastrodon|Earth Power|p1a: Klefki
|-supereffective|p1a: Klefki
|-damage|p1a: Klefki|0 fnt
|faint|p1a: Klefki
|
|upkeep
|
|t:|1758323218
|switch|p1a: Gyarados|Gyarados, F|100/100
|turn|7
|
|t:|1758323222
|switch|p2a: Spiritomb|Spiritomb, F|100/100
|-damage|p2a: Spiritomb|88/100|[from] Spikes
|move|p1a: Gyarados|Dragon Dance|p1a: Gyarados
|-boost|p1a: Gyarados|atk|1
|-boost|p1a: Gyarados|spe|1
|
|-heal|p2a: Spiritomb|94/100|[from] item: Leftovers
|upkeep
|turn|8
|
|t:|1758323235
|move|p1a: Gyarados|Waterfall|p2a: Spiritomb
|-damage|p2a: Spiritomb|42/100
|move|p2a: Spiritomb|Will-O-Wisp|p1a: Gyarados
|-status|p1a: Gyarados|brn
|-enditem|p1a: Gyarados|Lum Berry|[eat]
|-curestatus|p1a: Gyarados|brn|[msg]
|
|-heal|p2a: Spiritomb|48/100|[from] item: Leftovers
|upkeep
|turn|9
|
|t:|1758323253
|switch|p2a: Gastrodon|Gastrodon, M|100/100
|-damage|p2a: Gastrodon|88/100|[from] Spikes
|-terastallize|p1a: Gyarados|Ground
|move|p1a: Gyarados|Earthquake|p2a: Gastrodon
|-damage|p2a: Gastrodon|0 fnt
|faint|p2a: Gastrodon
|-ability|p1a: Gyarados|Moxie|boost
|-boost|p1a: Gyarados|atk|1
|
|upkeep
|-message|bena13 forfeited.
|
|win|Hidden-Chaos-7777
|raw|Hidden-Chaos-7777's rating: 1302 &rarr; <strong>1322</strong><br />(+20 for winning)
|raw|bena13's rating: 1303 &rarr; <strong>1283</strong><br />(-20 for losing)
|l|☆bena13
|player|p2|
