|j|☆call me pk
|j|☆Pherusa
|inactive|Battle timer is ON: inactive players will automatically lose when time's up.
|j|*Lady Monita ☀
|t:|1758310796
|gametype|singles
|player|p1|call me pk|101|
|player|p2|Pherusa|mira|
|gen|9
|tier|[Gen 9] OU
|rated|Tournament battle
|rule|HP Percentage Mod: HP is shown in percentages
|rule|Endless Battle Clause: Forcing endless battles is banned
|rule|Species Clause: Limit one of each Pokémon
|rule|OHKO Clause: OHKO moves are banned
|rule|Evasion Items Clause: Evasion items are banned
|rule|Evasion Moves Clause: Evasion moves are banned
|rule|Evasion Abilities Clause: Evasion abilities are banned
|rule|Sleep Moves Clause: Sleep-inducing moves are banned
|clearpoke
|poke|p1|Mandibuzz, F|
|poke|p1|Iron Hands|
|poke|p1|Blissey, F|
|poke|p1|Amoonguss, F|
|poke|p1|Great Tusk|
|poke|p1|Alomomola, F|
|poke|p2|Ribombee, M|
|poke|p2|Great Tusk|
|poke|p2|Gholdengo|
|poke|p2|Manaphy|
|poke|p2|Kingambit, F|
|poke|p2|Iron Valiant|
|teampreview
|inactive|Pherusa also wants the timer to be on.
|c|☆Pherusa|hf
|j| Albrtix
|c|☆call me pk|hf
|inactive|call me pk has 120 seconds left.
|
|t:|1758310832
|teamsize|p1|6
|teamsize|p2|6
|start
|switch|p1a: Great Tusk|Great Tusk|100/100
|switch|p2a: Ribombee|Ribombee, M|100/100
|turn|1
|
|t:|1758310857
|move|p2a: Ribombee|Moonblast|p1a: Great Tusk
|-supereffective|p1a: Great Tusk
|-damage|p1a: Great Tusk|36/100
|move|p1a: Great Tusk|Rapid Spin|p2a: Ribombee
|-damage|p2a: Ribombee|73/100
|-boost|p1a: Great Tusk|spe|1
|
|upkeep
|turn|2
|
|t:|1758310885
|move|p1a: Great Tusk|Temper Flare|p2a: Ribombee
|-supereffective|p2a: Ribombee
|-damage|p2a: Ribombee|0 fnt
|faint|p2a: Ribombee
|
|upkeep
|
|t:|1758310893
|switch|p2a: Manaphy|Manaphy|100/100
|turn|3
|
|t:|1758310900
|-end|p1a: Great Tusk|Protosynthesis|[silent]
|switch|p1a: Blissey|Blissey, F|100/100
|move|p2a: Manaphy|Substitute|p2a: Manaphy
|-start|p2a: Manaphy|Substitute
|-damage|p2a: Manaphy|76/100
|
|-heal|p2a: Manaphy|82/100|[from] item: Leftovers
|upkeep
|turn|4
|
|t:|1758310914
|move|p2a: Manaphy|Tail Glow|p2a: Manaphy
|-boost|p2a: Manaphy|spa|3
|move|p1a: Blissey|Calm Mind|p1a: Blissey
|-boost|p1a: Blissey|spa|1
|-boost|p1a: Blissey|spd|1
|
|-heal|p2a: Manaphy|88/100|[from] item: Leftovers
|upkeep
|turn|5
|
|t:|1758310931
|move|p2a: Manaphy|Tail Glow|p2a: Manaphy
|-boost|p2a: Manaphy|spa|3
|move|p1a: Blissey|Calm Mind|p1a: Blissey
|-boost|p1a: Blissey|spa|1
|-boost|p1a: Blissey|spd|1
|
|-heal|p2a: Manaphy|94/100|[from] item: Leftovers
|upkeep
|turn|6
|
|t:|1758310935
|move|p2a: Manaphy|Alluring Voice|p1a: Blissey
|-damage|p1a: Blissey|87/100
|move|p1a: Blissey|Calm Mind|p1a: Blissey
|-boost|p1a: Blissey|spa|1
|-boost|p1a: Blissey|spd|1
|
|-heal|p2a: Manaphy|99/100|[from] item: Leftovers
|upkeep
|turn|7
|
|t:|1758310949
|switch|p2a: Great Tusk|Great Tusk|100/100
|-enditem|p2a: Great Tusk|Booster Energy
|-activate|p2a: Great Tusk|ability: Protosynthesis|[fromitem]
|-start|p2a: Great Tusk|protosynthesisatk
|move|p1a: Blissey|Calm Mind|p1a: Blissey
|-boost|p1a: Blissey|spa|1
|-boost|p1a: Blissey|spd|1
|
|upkeep
|turn|8
|
|t:|1758310966
|switch|p1a: Mandibuzz|Mandibuzz, F|100/100
|move|p2a: Great Tusk|Rapid Spin|p1a: Mandibuzz
|-damage|p1a: Mandibuzz|87/100
|-boost|p2a: Great Tusk|spe|1
|
|upkeep
|turn|9
|
|t:|1758310977
|move|p2a: Great Tusk|Head Smash|p1a: Mandibuzz
|-supereffective|p1a: Mandibuzz
|-damage|p1a: Mandibuzz|15/100
|-damage|p2a: Great Tusk|59/100|[from] Recoil
|move|p1a: Mandibuzz|Iron Defense|p1a: Mandibuzz
|-boost|p1a: Mandibuzz|def|2
|
|upkeep
|turn|10
|
|t:|1758310987
|move|p2a: Great Tusk|Close Combat|p1a: Mandibuzz
|-damage|p1a: Mandibuzz|0 fnt
|-unboost|p2a: Great Tusk|def|1
|-unboost|p2a: Great Tusk|spd|1
|faint|p1a: Mandibuzz
|
|upkeep
|
|t:|1758310997
|switch|p1a: Amoonguss|Amoonguss, F|100/100
|turn|11
|
|t:|1758311005
|move|p2a: Great Tusk|Headlong Rush|p1a: Amoonguss
|-damage|p1a: Amoonguss|42/100
|-unboost|p2a: Great Tusk|def|1
|-unboost|p2a: Great Tusk|spd|1
|move|p1a: Amoonguss|Giga Drain|p2a: Great Tusk
|-supereffective|p2a: Great Tusk
|-damage|p2a: Great Tusk|0 fnt
|-heal|p1a: Amoonguss|67/100|[from] drain|[of] p2a: Great Tusk
|faint|p2a: Great Tusk
|-end|p2a: Great Tusk|Protosynthesis|[silent]
|
|upkeep
|
|t:|1758311011
|switch|p2a: Gholdengo|Gholdengo|100/100
|-item|p2a: Gholdengo|Air Balloon
|turn|12
|
|t:|1758311017
|move|p2a: Gholdengo|Nasty Plot|p2a: Gholdengo
|-boost|p2a: Gholdengo|spa|2
|move|p1a: Amoonguss|Foul Play|p2a: Gholdengo
|-supereffective|p2a: Gholdengo
|-damage|p2a: Gholdengo|76/100
|-enditem|p2a: Gholdengo|Air Balloon
|
|upkeep
|turn|13
|
|t:|1758311024
|switch|p1a: Blissey|Blissey, F|87/100
|move|p2a: Gholdengo|Nasty Plot|p2a: Gholdengo
|-boost|p2a: Gholdengo|spa|2
|
|upkeep
|turn|14
|
|t:|1758311032
|move|p2a: Gholdengo|Make It Rain|p1a: Blissey
|-damage|p1a: Blissey|27/100
|-unboost|p2a: Gholdengo|spa|1
|move|p1a: Blissey|Calm Mind|p1a: Blissey
|-boost|p1a: Blissey|spa|1
|-boost|p1a: Blissey|spd|1
|
|upkeep
|turn|15
|
|t:|1758311041
|move|p2a: Gholdengo|Make It Rain|p1a: Blissey
|-damage|p1a: Blissey|0 fnt
|-unboost|p2a: Gholdengo|spa|1
|faint|p1a: Blissey
|
|upkeep
|
|t:|1758311045
|switch|p1a: Great Tusk|Great Tusk|36/100
|turn|16
|
|t:|1758311054
|switch|p2a: Manaphy|Manaphy|99/100
|move|p1a: Great Tusk|Headlong Rush|p2a: Manaphy
|-damage|p2a: Manaphy|35/100
|-unboost|p1a: Great Tusk|def|1
|-unboost|p1a: Great Tusk|spd|1
|
|-heal|p2a: Manaphy|41/100|[from] item: Leftovers
|upkeep
|turn|17
|
|t:|1758311064
|move|p2a: Manaphy|Surf|p1a: Great Tusk
|-supereffective|p1a: Great Tusk
|-damage|p1a: Great Tusk|0 fnt
|faint|p1a: Great Tusk
|-end|p1a: Great Tusk|Protosynthesis|[silent]
|
|-heal|p2a: Manaphy|47/100|[from] item: Leftovers
|upkeep
|
|t:|1758311068
|switch|p1a: Hands on Deck|Iron Hands, shiny|100/100
|turn|18
|
|t:|1758311080
|move|p2a: Manaphy|Substitute|p2a: Manaphy
|-start|p2a: Manaphy|Substitute
|-damage|p2a: Manaphy|22/100
|move|p1a: Hands on Deck|Swords Dance|p1a: Hands on Deck
|-boost|p1a: Hands on Deck|atk|2
|
|-heal|p2a: Manaphy|28/100|[from] item: Leftovers
|upkeep
|turn|19
|
|t:|1758311092
|move|p2a: Manaphy|Tail Glow|p2a: Manaphy
|-boost|p2a: Manaphy|spa|3
|move|p1a: Hands on Deck|Thunder Punch|p2a: Manaphy
|-supereffective|p2a: Manaphy
|-end|p2a: Manaphy|Substitute
|
|-heal|p2a: Manaphy|35/100|[from] item: Leftovers
|upkeep
|turn|20
|
|t:|1758311097
|-terastallize|p2a: Manaphy|Fairy
|-terastallize|p1a: Hands on Deck|Flying
|move|p2a: Manaphy|Alluring Voice|p1a: Hands on Deck
|-damage|p1a: Hands on Deck|24/100
|move|p1a: Hands on Deck|Thunder Punch|p2a: Manaphy
|-damage|p2a: Manaphy|0 fnt
|faint|p2a: Manaphy
|
|-heal|p1a: Hands on Deck|30/100|[from] item: Leftovers
|upkeep
|
|t:|1758311106
|switch|p2a: Gholdengo|Gholdengo|76/100
|turn|21
|
|t:|1758311111
|move|p2a: Gholdengo|Shadow Ball|p1a: Hands on Deck
|-damage|p1a: Hands on Deck|0 fnt
|faint|p1a: Hands on Deck
|-end|p1a: Hands on Deck|Quark Drive|[silent]
|
|upkeep
|
|t:|1758311120
|switch|p1a: Amoonguss|Amoonguss, F|100/100
|turn|22
|
|t:|1758311126
|move|p2a: Gholdengo|Nasty Plot|p2a: Gholdengo
|-boost|p2a: Gholdengo|spa|2
|move|p1a: Amoonguss|Stomping Tantrum|p2a: Gholdengo
|-supereffective|p2a: Gholdengo
|-damage|p2a: Gholdengo|44/100
|
|upkeep
|turn|23
|
|t:|1758311136
|move|p2a: Gholdengo|Nasty Plot|p2a: Gholdengo
|-boost|p2a: Gholdengo|spa|2
|move|p1a: Amoonguss|Stomping Tantrum|p2a: Gholdengo
|-supereffective|p2a: Gholdengo
|-damage|p2a: Gholdengo|8/100
|
|upkeep
|turn|24
|
|t:|1758311142
|move|p2a: Gholdengo|Make It Rain|p1a: Amoonguss
|-damage|p1a: Amoonguss|0 fnt
|-unboost|p2a: Gholdengo|spa|1
|faint|p1a: Amoonguss
|
|upkeep
|
|t:|1758311146
|switch|p1a: Alomomola|Alomomola, F|100/100
|turn|25
|
|t:|1758311150
|move|p2a: Gholdengo|Shadow Ball|p1a: Alomomola
|-damage|p1a: Alomomola|0 fnt
|faint|p1a: Alomomola
|
|win|Pherusa
|n|☆call me pk|callmepk
|n|☆Pherusa|pherusa
|n|*Lady Monita ☀|ladymonita
|n| Albrtix|albrtix
|l|*Lady Monita ☀
|c|☆Pherusa|gg
|l|☆call me pk
|player|p1|
|l|☆Pherusa
|player|p2|
