|j|☆sallieUwU
|j|☆Mikaza192yu
|t:|1758324918
|gametype|singles
|player|p1|sallieUwU|whitney|1000
|player|p2|Mikaza192yu|giovanni|1006
|gen|9
|tier|[Gen 9] OU
|rated|
|rule|HP Percentage Mod: HP is shown in percentages
|rule|Endless Battle Clause: Forcing endless battles is banned
|rule|Species Clause: Limit one of each Pokémon
|rule|OHKO Clause: OHKO moves are banned
|rule|Evasion Items Clause: Evasion items are banned
|rule|Evasion Moves Clause: Evasion moves are banned
|rule|Evasion Abilities Clause: Evasion abilities are banned
|rule|Sleep Moves Clause: Sleep-inducing moves are banned
|clearpoke
|poke|p1|Latias, F|
|poke|p1|Virizion|
|poke|p1|Primarina, F|
|poke|p1|Chandelure, M|
|poke|p1|Haxorus, M|
|poke|p1|Chansey, F|
|poke|p2|Spidops, M|
|poke|p2|Hatterene, F|
|poke|p2|Garganacl, M|
|poke|p2|Samurott-Hisui, M|
|poke|p2|Rotom-Wash|
|poke|p2|Gholdengo|
|teampreview
|
|t:|1758324935
|teamsize|p1|6
|teamsize|p2|6
|start
|switch|p1a: Virizion|Virizion|100/100
|switch|p2a: Alvin|Spidops, M|100/100
|turn|1
|
|t:|1758324953
|move|p1a: Virizion|Stone Edge|p2a: Alvin|[miss]
|-miss|p1a: Virizion|p2a: Alvin
|move|p2a: Alvin|Sticky Web|p1a: Virizion
|-sidestart|p1: sallieUwU|move: Sticky Web
|
|upkeep
|turn|2
|
|t:|1758324961
|move|p2a: Alvin|Protect|p2a: Alvin
|-singleturn|p2a: Alvin|Protect
|move|p1a: Virizion|Stone Edge|p2a: Alvin
|-activate|p2a: Alvin|move: Protect
|
|upkeep
|turn|3
|
|t:|1758324969
|move|p1a: Virizion|Stone Edge|p2a: Alvin
|-supereffective|p2a: Alvin
|-damage|p2a: Alvin|21/100
|-damage|p1a: Virizion|91/100|[from] item: Life Orb
|move|p2a: Alvin|Lunge|p1a: Virizion
|-damage|p1a: Virizion|42/100
|-unboost|p1a: Virizion|atk|1
|
|-heal|p2a: Alvin|27/100|[from] item: Leftovers
|upkeep
|turn|4
|
|t:|1758324979
|move|p2a: Alvin|Protect|p2a: Alvin
|-singleturn|p2a: Alvin|Protect
|move|p1a: Virizion|Stone Edge|p2a: Alvin
|-activate|p2a: Alvin|move: Protect
|
|-heal|p2a: Alvin|33/100|[from] item: Leftovers
|upkeep
|turn|5
|
|t:|1758324988
|move|p1a: Virizion|Stone Edge|p2a: Alvin
|-supereffective|p2a: Alvin
|-damage|p2a: Alvin|0 fnt
|faint|p2a: Alvin
|-damage|p1a: Virizion|32/100|[from] item: Life Orb
|
|upkeep
|
|t:|1758324996
|switch|p2a: Visión|Gholdengo|100/100
|turn|6
|
|t:|1758325015
|move|p1a: Virizion|Sacred Sword|p2a: Visión
|-immune|p2a: Visión
|move|p2a: Visión|Trick|p1a: Virizion
|-activate|p2a: Visión|move: Trick|[of] p1a: Virizion
|-item|p1a: Virizion|Flame Orb|[from] move: Trick
|-item|p2a: Visión|Life Orb|[from] move: Trick
|
|-status|p1a: Virizion|brn|[from] item: Flame Orb
|upkeep
|turn|7
|
|t:|1758325031
|switch|p1a: Latias|Latias, F|100/100
|move|p2a: Visión|Shadow Ball|p1a: Latias
|-supereffective|p1a: Latias
|-damage|p1a: Latias|15/100
|-damage|p2a: Visión|91/100|[from] item: Life Orb
|
|-heal|p1a: Latias|21/100|[from] item: Leftovers
|upkeep
|turn|8
|
|t:|1758325040
|move|p1a: Latias|Shadow Ball|p2a: Visión
|-supereffective|p2a: Visión
|-damage|p2a: Visión|47/100
|move|p2a: Visión|Trick|p1a: Latias
|-activate|p2a: Visión|move: Trick|[of] p1a: Latias
|-item|p1a: Latias|Life Orb|[from] move: Trick
|-item|p2a: Visión|Leftovers|[from] move: Trick
|
|-heal|p2a: Visión|54/100|[from] item: Leftovers
|upkeep
|turn|9
|
|t:|1758325053
|switch|p2a: Bremihab|Rotom-Wash|100/100
|move|p1a: Latias|Shadow Ball|p2a: Bremihab
|-damage|p2a: Bremihab|68/100
|-unboost|p2a: Bremihab|spd|1
|-damage|p1a: Latias|11/100|[from] item: Life Orb
|
|-heal|p2a: Bremihab|75/100|[from] item: Leftovers
|upkeep
|turn|10
|
|t:|1758325069
|switch|p2a: Julieta|Hatterene, F|100/100
|move|p1a: Latias|Draco Meteor|p2a: Julieta
|-immune|p2a: Julieta
|
|upkeep
|turn|11
|
|t:|1758325079
|move|p1a: Latias|Shadow Ball|p2a: Julieta
|-supereffective|p2a: Julieta
|-damage|p2a: Julieta|43/100
|-damage|p1a: Latias|1/100|[from] item: Life Orb
|move|p2a: Julieta|Draining Kiss|p1a: Latias
|-supereffective|p1a: Latias
|-damage|p1a: Latias|0 fnt
|-heal|p2a: Julieta|43/100|[from] drain|[of] p1a: Latias
|faint|p1a: Latias
|
|upkeep
|
|t:|1758325088
|switch|p1a: Chandelure|Chandelure, M|100/100
|-item|p1a: Chandelure|Air Balloon
|turn|12
|
|t:|1758325099
|switch|p2a: Bremihab|Rotom-Wash|75/100
|move|p1a: Chandelure|Shadow Ball|p2a: Bremihab
|-damage|p2a: Bremihab|17/100
|
|-heal|p2a: Bremihab|23/100|[from] item: Leftovers
|upkeep
|turn|13
|
|t:|1758325115
|switch|p1a: Haxorus|Haxorus, M, shiny|100/100
|move|p2a: Bremihab|Hydro Pump|p1a: Haxorus
|-resisted|p1a: Haxorus
|-damage|p1a: Haxorus|63/100
|
|-heal|p2a: Bremihab|30/100|[from] item: Leftovers
|upkeep
|turn|14
|
|t:|1758325129
|move|p1a: Haxorus|Outrage|p2a: Bremihab
|-damage|p2a: Bremihab|0 fnt
|faint|p2a: Bremihab
|
|upkeep
|
|t:|1758325135
|switch|p2a: Julieta|Hatterene, F|43/100
|turn|15
|
|t:|1758325147
|move|p1a: Haxorus|Outrage|p2a: Julieta|[from] lockedmove
|-immune|p2a: Julieta
|move|p2a: Julieta|Draining Kiss|p1a: Haxorus
|-supereffective|p1a: Haxorus
|-damage|p1a: Haxorus|0 fnt
|-heal|p2a: Julieta|88/100|[from] drain|[of] p1a: Haxorus
|faint|p1a: Haxorus
|
|upkeep
|
|t:|1758325155
|switch|p1a: Chandelure|Chandelure, M|100/100
|-item|p1a: Chandelure|Air Balloon
|turn|16
|
|t:|1758325159
|move|p1a: Chandelure|Shadow Ball|p2a: Julieta
|-supereffective|p2a: Julieta
|-damage|p2a: Julieta|0 fnt
|faint|p2a: Julieta
|
|upkeep
|
|t:|1758325164
|switch|p2a: Visión|Gholdengo|54/100
|turn|17
|
|t:|1758325168
|-terastallize|p2a: Visión|Normal
|move|p2a: Visión|Shadow Ball|p1a: Chandelure
|-supereffective|p1a: Chandelure
|-damage|p1a: Chandelure|0 fnt
|-enditem|p1a: Chandelure|Air Balloon
|faint|p1a: Chandelure
|
|-heal|p2a: Visión|60/100|[from] item: Leftovers
|upkeep
|inactive|Battle timer is ON: inactive players will automatically lose when time's up. (requested by Mikaza192yu)
|
|t:|1758325217
|switch|p1a: Primarina|Primarina, F|100/100
|-activate|p1a: Primarina|move: Sticky Web
|-unboost|p1a: Primarina|spe|1
|turn|18
|
|t:|1758325237
|-terastallize|p1a: Primarina|Water
|move|p2a: Visión|Flash Cannon|p1a: Primarina
|-resisted|p1a: Primarina
|-damage|p1a: Primarina|82/100
|move|p1a: Primarina|Hydro Pump|p2a: Visión
|-crit|p2a: Visión
|-damage|p2a: Visión|0 fnt
|faint|p2a: Visión
|
|upkeep
|
|t:|1758325242
|switch|p2a: Drax|Samurott-Hisui, M|100/100
|turn|19
|
|t:|1758325251
|move|p2a: Drax|Razor Shell|p1a: Primarina
|-resisted|p1a: Primarina
|-damage|p1a: Primarina|50/100
|move|p1a: Primarina|Hydro Pump|p2a: Drax
|-resisted|p2a: Drax
|-damage|p2a: Drax|8/100
|
|upkeep
|turn|20
|
|t:|1758325259
|move|p2a: Drax|Razor Shell|p1a: Primarina
|-resisted|p1a: Primarina
|-damage|p1a: Primarina|24/100
|-unboost|p1a: Primarina|def|1
|move|p1a: Primarina|Hydro Pump|p2a: Drax
|-resisted|p2a: Drax
|-damage|p2a: Drax|0 fnt
|faint|p2a: Drax
|
|upkeep
|
|t:|1758325262
|switch|p2a: Gargatian|Garganacl, M|100/100
|turn|21
|
|t:|1758325270
|move|p2a: Gargatian|Body Press|p1a: Primarina
|-damage|p1a: Primarina|0 fnt
|faint|p1a: Primarina
|
|upkeep
|
|t:|1758325277
|switch|p1a: Virizion|Virizion|32/100 brn
|-activate|p1a: Virizion|move: Sticky Web
|-unboost|p1a: Virizion|spe|1
|turn|22
|
|t:|1758325281
|move|p1a: Virizion|Leaf Blade|p2a: Gargatian
|-supereffective|p2a: Gargatian
|-damage|p2a: Gargatian|75/100
|move|p2a: Gargatian|Zen Headbutt|p1a: Virizion
|-supereffective|p1a: Virizion
|-damage|p1a: Virizion|0 fnt
|faint|p1a: Virizion
|
|-heal|p2a: Gargatian|81/100|[from] item: Leftovers
|upkeep
|
|t:|1758325290
|switch|p1a: Chansey|Chansey, F, shiny|100/100
|-activate|p1a: Chansey|move: Sticky Web
|-unboost|p1a: Chansey|spe|1
|turn|23
|
|t:|1758325295
|move|p2a: Gargatian|Salt Cure|p1a: Chansey
|-damage|p1a: Chansey|89/100
|-start|p1a: Chansey|Salt Cure
|move|p1a: Chansey|Calm Mind|p1a: Chansey
|-boost|p1a: Chansey|spa|1
|-boost|p1a: Chansey|spd|1
|
|-heal|p2a: Gargatian|87/100|[from] item: Leftovers
|-damage|p1a: Chansey|76/100|[from] Salt Cure
|upkeep
|turn|24
|
|t:|1758325303
|move|p2a: Gargatian|Body Press|p1a: Chansey
|-supereffective|p1a: Chansey
|-damage|p1a: Chansey|43/100
|move|p1a: Chansey|Calm Mind|p1a: Chansey
|-boost|p1a: Chansey|spa|1
|-boost|p1a: Chansey|spd|1
|
|-heal|p2a: Gargatian|94/100|[from] item: Leftovers
|-damage|p1a: Chansey|30/100|[from] Salt Cure
|upkeep
|turn|25
|
|t:|1758325320
|move|p2a: Gargatian|Body Press|p1a: Chansey
|-supereffective|p1a: Chansey
|-damage|p1a: Chansey|0 fnt
|faint|p1a: Chansey
|
|win|Mikaza192yu
|raw|sallieUwU's rating: 1000 &rarr; <strong>1000</strong><br />(+0 for losing)
|raw|Mikaza192yu's rating: 1006 &rarr; <strong>1044</strong><br />(+38 for winning)
