|j|☆Argentide
|j|☆bingus100
|t:|1758271632
|gametype|singles
|player|p1|Argentide|lady|1465
|player|p2|bingus100|clay|1462
|gen|9
|tier|[Gen 9] OU
|rated|
|rule|HP Percentage Mod: HP is shown in percentages
|rule|Endless Battle Clause: Forcing endless battles is banned
|rule|Species Clause: Limit one of each Pokémon
|rule|OHKO Clause: OHKO moves are banned
|rule|Evasion Items Clause: Evasion items are banned
|rule|Evasion Moves Clause: Evasion moves are banned
|rule|Evasion Abilities Clause: Evasion abilities are banned
|rule|Sleep Moves Clause: Sleep-inducing moves are banned
|clearpoke
|poke|p1|Gliscor, F|
|poke|p1|Blissey, F|
|poke|p1|Mandibuzz, F|
|poke|p1|Skarmory, M|
|poke|p1|Ditto|
|poke|p1|Salazzle, F|
|poke|p2|Heatran, M|
|poke|p2|Ogerpon-Wellspring, F|
|poke|p2|Rillaboom, M|
|poke|p2|Great Tusk|
|poke|p2|Dragapult, M|
|poke|p2|Bronzong|
|teampreview
|
|t:|1758271646
|teamsize|p1|6
|teamsize|p2|6
|start
|switch|p1a: Salazzle|Salazzle, F|100/100
|switch|p2a: Great Tusk|Great Tusk|100/100
|turn|1
|
|t:|1758271650
|-terastallize|p1a: Salazzle|Flying
|move|p1a: Salazzle|Toxic|p2a: Great Tusk
|-status|p2a: Great Tusk|tox
|move|p2a: Great Tusk|Headlong Rush|p1a: Salazzle
|-immune|p1a: Salazzle
|
|-damage|p2a: Great Tusk|94/100 tox|[from] psn
|upkeep
|turn|2
|
|t:|1758271659
|move|p1a: Salazzle|Protect|p1a: Salazzle
|-singleturn|p1a: Salazzle|Protect
|move|p2a: Great Tusk|Ice Spinner|p1a: Salazzle
|-activate|p1a: Salazzle|move: Protect
|
|-damage|p2a: Great Tusk|82/100 tox|[from] psn
|upkeep
|turn|3
|
|t:|1758271662
|move|p1a: Salazzle|Substitute|p1a: Salazzle
|-start|p1a: Salazzle|Substitute
|-damage|p1a: Salazzle|76/100
|move|p2a: Great Tusk|Ice Spinner|p1a: Salazzle
|-supereffective|p1a: Salazzle
|-end|p1a: Salazzle|Substitute
|
|-heal|p1a: Salazzle|82/100|[from] item: Leftovers
|-damage|p2a: Great Tusk|63/100 tox|[from] psn
|upkeep
|turn|4
|
|t:|1758271670
|-end|p2a: Great Tusk|Protosynthesis|[silent]
|switch|p2a: Heatran|Heatran, M|100/100
|move|p1a: Salazzle|Substitute|p1a: Salazzle
|-start|p1a: Salazzle|Substitute
|-damage|p1a: Salazzle|57/100
|
|-heal|p1a: Salazzle|63/100|[from] item: Leftovers
|upkeep
|turn|5
|
|t:|1758271675
|move|p1a: Salazzle|Toxic|p2a: Heatran|[miss]
|-miss|p1a: Salazzle|p2a: Heatran
|move|p2a: Heatran|Magma Storm|p1a: Salazzle
|-end|p1a: Salazzle|Substitute
|
|-heal|p1a: Salazzle|70/100|[from] item: Leftovers
|upkeep
|turn|6
|
|t:|1758271680
|move|p1a: Salazzle|Toxic|p2a: Heatran
|-status|p2a: Heatran|tox
|move|p2a: Heatran|Magma Storm|p1a: Salazzle
|-damage|p1a: Salazzle|0 fnt
|faint|p1a: Salazzle
|
|-damage|p2a: Heatran|94/100 tox|[from] psn
|upkeep
|
|t:|1758271685
|switch|p1a: Blissey|Blissey, F|100/100
|turn|7
|
|t:|1758271693
|switch|p2a: Bronzong|Bronzong, shiny|100/100
|move|p1a: Blissey|Stealth Rock|p2a: Bronzong
|-sidestart|p2: bingus100|move: Stealth Rock
|
|upkeep
|turn|8
|
|t:|1758271707
|switch|p1a: Skarmory|Skarmory, M|100/100
|move|p2a: Bronzong|Stealth Rock|p1a: Skarmory
|-sidestart|p1: Argentide|move: Stealth Rock
|
|upkeep
|turn|9
|
|t:|1758271717
|switch|p2a: Heatran|Heatran, M|94/100 tox
|-damage|p2a: Heatran|82/100 tox|[from] Stealth Rock
|move|p1a: Skarmory|Spikes|p2a: Heatran
|-sidestart|p2: bingus100|Spikes
|
|-heal|p2a: Heatran|88/100 tox|[from] item: Leftovers
|-damage|p2a: Heatran|82/100 tox|[from] psn
|upkeep
|turn|10
|
|t:|1758271721
|switch|p1a: Blissey|Blissey, F|100/100
|-damage|p1a: Blissey|88/100|[from] Stealth Rock
|move|p2a: Heatran|Magma Storm|p1a: Blissey
|-damage|p1a: Blissey|72/100
|-activate|p1a: Blissey|move: Magma Storm|[of] p2a: Heatran
|
|-heal|p2a: Heatran|88/100 tox|[from] item: Leftovers
|-heal|p1a: Blissey|78/100|[from] item: Leftovers
|-damage|p2a: Heatran|76/100 tox|[from] psn
|-damage|p1a: Blissey|65/100|[from] move: Magma Storm|[partiallytrapped]
|upkeep
|turn|11
|
|t:|1758271727
|move|p2a: Heatran|Heavy Slam|p1a: Blissey
|-damage|p1a: Blissey|36/100
|move|p1a: Blissey|Soft-Boiled|p1a: Blissey
|-heal|p1a: Blissey|86/100
|
|-heal|p2a: Heatran|82/100 tox|[from] item: Leftovers
|-heal|p1a: Blissey|92/100|[from] item: Leftovers
|-damage|p2a: Heatran|64/100 tox|[from] psn
|-damage|p1a: Blissey|80/100|[from] move: Magma Storm|[partiallytrapped]
|upkeep
|turn|12
|
|t:|1758271731
|move|p1a: Blissey|Protect|p1a: Blissey
|-singleturn|p1a: Blissey|Protect
|move|p2a: Heatran|Taunt|p1a: Blissey
|-activate|p1a: Blissey|move: Protect
|
|-heal|p2a: Heatran|70/100 tox|[from] item: Leftovers
|-heal|p1a: Blissey|86/100|[from] item: Leftovers
|-damage|p2a: Heatran|45/100 tox|[from] psn
|-damage|p1a: Blissey|74/100|[from] move: Magma Storm|[partiallytrapped]
|upkeep
|turn|13
|
|t:|1758271735
|move|p2a: Heatran|Taunt|p1a: Blissey
|-start|p1a: Blissey|move: Taunt
|move|p1a: Blissey|Seismic Toss|p2a: Heatran
|-damage|p2a: Heatran|18/100 tox
|
|-heal|p2a: Heatran|24/100 tox|[from] item: Leftovers
|-heal|p1a: Blissey|80/100|[from] item: Leftovers
|-damage|p2a: Heatran|0 fnt|[from] psn
|faint|p2a: Heatran
|-end|p1a: Blissey|Magma Storm|[partiallytrapped]|[silent]
|upkeep
|
|t:|1758271739
|switch|p2a: Ogerpon|Ogerpon-Wellspring, F|100/100
|-damage|p2a: Ogerpon|88/100|[from] Stealth Rock
|-damage|p2a: Ogerpon|76/100|[from] Spikes
|turn|14
|
|t:|1758271746
|switch|p1a: Skarmory|Skarmory, M|100/100
|-damage|p1a: Skarmory|88/100|[from] Stealth Rock
|move|p2a: Ogerpon|Swords Dance|p2a: Ogerpon
|-boost|p2a: Ogerpon|atk|2
|
|upkeep
|turn|15
|
|t:|1758271758
|-terastallize|p2a: Ogerpon|Water
|detailschange|p2a: Ogerpon|Ogerpon-Wellspring-Tera, F, tera:Water
|-ability|p2a: Ogerpon|Embody Aspect (Wellspring)|boost
|-boost|p2a: Ogerpon|spd|1
|move|p2a: Ogerpon|Swords Dance|p2a: Ogerpon
|-boost|p2a: Ogerpon|atk|2
|move|p1a: Skarmory|Whirlwind|p2a: Ogerpon
|drag|p2a: Rillaboom|Rillaboom, M|100/100
|-damage|p2a: Rillaboom|88/100|[from] Stealth Rock
|-damage|p2a: Rillaboom|75/100|[from] Spikes
|-fieldstart|move: Grassy Terrain|[from] ability: Grassy Surge|[of] p2a: Rillaboom
|
|-heal|p2a: Rillaboom|82/100|[from] Grassy Terrain
|upkeep
|turn|16
|
|t:|1758271768
|move|p2a: Rillaboom|Knock Off|p1a: Skarmory
|-crit|p1a: Skarmory
|-damage|p1a: Skarmory|57/100
|-damage|p2a: Rillaboom|65/100|[from] item: Rocky Helmet|[of] p1a: Skarmory
|-enditem|p1a: Skarmory|Rocky Helmet|[from] move: Knock Off|[of] p2a: Rillaboom
|move|p1a: Skarmory|Spikes|p2a: Rillaboom
|-sidestart|p2: bingus100|Spikes
|
|-heal|p2a: Rillaboom|71/100|[from] Grassy Terrain
|upkeep
|turn|17
|
|t:|1758271775
|move|p2a: Rillaboom|U-turn|p1a: Skarmory
|-resisted|p1a: Skarmory
|-damage|p1a: Skarmory|53/100
|
|t:|1758271778
|switch|p2a: Great Tusk|Great Tusk|63/100 tox|[from] U-turn
|move|p1a: Skarmory|Roost|p1a: Skarmory
|-heal|p1a: Skarmory|100/100
|-singleturn|p1a: Skarmory|move: Roost
|
|-heal|p2a: Great Tusk|70/100 tox|[from] Grassy Terrain
|-damage|p2a: Great Tusk|63/100 tox|[from] psn
|upkeep
|turn|18
|
|t:|1758271781
|move|p2a: Great Tusk|Rapid Spin|p1a: Skarmory
|-resisted|p1a: Skarmory
|-damage|p1a: Skarmory|95/100
|-boost|p2a: Great Tusk|spe|1
|-sideend|p2: bingus100|Spikes|[from] move: Rapid Spin|[of] p2a: Great Tusk
|-sideend|p2: bingus100|Stealth Rock|[from] move: Rapid Spin|[of] p2a: Great Tusk
|move|p1a: Skarmory|Brave Bird|p2a: Great Tusk
|-supereffective|p2a: Great Tusk
|-damage|p2a: Great Tusk|16/100 tox
|-damage|p1a: Skarmory|78/100|[from] Recoil
|
|-heal|p2a: Great Tusk|23/100 tox|[from] Grassy Terrain
|-damage|p2a: Great Tusk|10/100 tox|[from] psn
|upkeep
|turn|19
|
|t:|1758271786
|-end|p2a: Great Tusk|Protosynthesis|[silent]
|switch|p2a: Ogerpon|Ogerpon-Wellspring-Tera, F, tera:Water|76/100
|-ability|p2a: Ogerpon|Embody Aspect (Wellspring)|boost
|-boost|p2a: Ogerpon|spd|1
|move|p1a: Skarmory|Spikes|p2a: Ogerpon
|-sidestart|p2: bingus100|Spikes
|
|-heal|p2a: Ogerpon|82/100|[from] Grassy Terrain
|upkeep
|turn|20
|
|t:|1758271799
|move|p2a: Ogerpon|Ivy Cudgel|p1a: Skarmory|[anim] Ivy Cudgel Water
|-damage|p1a: Skarmory|21/100
|move|p1a: Skarmory|Spikes|p2a: Ogerpon
|-sidestart|p2: bingus100|Spikes
|
|-heal|p2a: Ogerpon|88/100|[from] Grassy Terrain
|upkeep
|turn|21
|inactive|Battle timer is ON: inactive players will automatically lose when time's up. (requested by bingus100)
|
|t:|1758271823
|move|p2a: Ogerpon|Ivy Cudgel|p1a: Skarmory|[anim] Ivy Cudgel Water
|-damage|p1a: Skarmory|0 fnt
|faint|p1a: Skarmory
|
|-heal|p2a: Ogerpon|94/100|[from] Grassy Terrain
|upkeep
|
|t:|1758271825
|switch|p1a: Mandibuzz|Mandibuzz, F|100/100
|turn|22
|
|t:|1758271839
|switch|p2a: Bronzong|Bronzong, shiny|100/100
|move|p1a: Mandibuzz|Toxic|p2a: Bronzong
|-immune|p2a: Bronzong
|
|-fieldend|move: Grassy Terrain
|upkeep
|turn|23
|
|t:|1758271849
|switch|p1a: Gliscor|Gliscor, F|100/100
|-damage|p1a: Gliscor|88/100|[from] Stealth Rock
|move|p2a: Bronzong|Body Press|p1a: Gliscor
|-resisted|p1a: Gliscor
|-damage|p1a: Gliscor|78/100
|
|-status|p1a: Gliscor|tox|[from] item: Toxic Orb
|upkeep
|turn|24
|
|t:|1758271858
|move|p1a: Gliscor|Earthquake|p2a: Bronzong
|-immune|p2a: Bronzong|[from] ability: Levitate
|move|p2a: Bronzong|Psychic Noise|p1a: Gliscor
|-damage|p1a: Gliscor|60/100 tox
|-start|p1a: Gliscor|move: Heal Block
|
|upkeep
|turn|25
|
|t:|1758271865
|switch|p1a: Mandibuzz|Mandibuzz, F|100/100
|move|p2a: Bronzong|Future Sight|p1a: Mandibuzz
|-start|p2a: Bronzong|move: Future Sight
|
|upkeep
|turn|26
|
|t:|1758271870
|move|p1a: Mandibuzz|Knock Off|p2a: Bronzong
|-supereffective|p2a: Bronzong
|-enditem|p2a: Bronzong|Colbur Berry|[eat]
|-enditem|p2a: Bronzong|Colbur Berry|[weaken]
|-damage|p2a: Bronzong|84/100
|move|p2a: Bronzong|Body Press|p1a: Mandibuzz
|-damage|p1a: Mandibuzz|84/100
|
|upkeep
|turn|27
|
|t:|1758271880
|switch|p2a: Rillaboom|Rillaboom, M|71/100
|-damage|p2a: Rillaboom|55/100|[from] Spikes
|-fieldstart|move: Grassy Terrain|[from] ability: Grassy Surge|[of] p2a: Rillaboom
|move|p1a: Mandibuzz|Knock Off|p2a: Rillaboom
|-damage|p2a: Rillaboom|31/100
|-enditem|p2a: Rillaboom|Terrain Extender|[from] move: Knock Off|[of] p1a: Mandibuzz
|
|-end|p1a: Mandibuzz|move: Future Sight
|-immune|p1a: Mandibuzz
|-heal|p2a: Rillaboom|37/100|[from] Grassy Terrain
|upkeep
|turn|28
|
|t:|1758271892
|move|p2a: Rillaboom|U-turn|p1a: Mandibuzz
|-damage|p1a: Mandibuzz|69/100
|
|t:|1758271910
|switch|p2a: Great Tusk|Great Tusk|10/100 tox|[from] U-turn
|move|p1a: Mandibuzz|Roost|p1a: Mandibuzz
|-heal|p1a: Mandibuzz|100/100
|-singleturn|p1a: Mandibuzz|move: Roost
|
|-heal|p2a: Great Tusk|16/100 tox|[from] Grassy Terrain
|-damage|p2a: Great Tusk|10/100 tox|[from] psn
|upkeep
|turn|29
|
|t:|1758271921
|switch|p1a: Blissey|Blissey, F|80/100
|-damage|p1a: Blissey|67/100|[from] Stealth Rock
|move|p2a: Great Tusk|Rapid Spin|p1a: Blissey
|-damage|p1a: Blissey|52/100
|-boost|p2a: Great Tusk|spe|1
|-sideend|p2: bingus100|Spikes|[from] move: Rapid Spin|[of] p2a: Great Tusk
|
|-heal|p2a: Great Tusk|16/100 tox|[from] Grassy Terrain
|-heal|p1a: Blissey|58/100|[from] Grassy Terrain
|-heal|p1a: Blissey|64/100|[from] item: Leftovers
|-damage|p2a: Great Tusk|4/100 tox|[from] psn
|upkeep
|turn|30
|
|t:|1758271927
|move|p1a: Blissey|Protect|p1a: Blissey
|-singleturn|p1a: Blissey|Protect
|move|p2a: Great Tusk|Close Combat|p1a: Blissey
|-activate|p1a: Blissey|move: Protect
|
|-heal|p2a: Great Tusk|10/100 tox|[from] Grassy Terrain
|-heal|p1a: Blissey|70/100|[from] Grassy Terrain
|-heal|p1a: Blissey|77/100|[from] item: Leftovers
|-damage|p2a: Great Tusk|0 fnt|[from] psn
|faint|p2a: Great Tusk
|-end|p2a: Great Tusk|Protosynthesis|[silent]
|upkeep
|
|t:|1758271930
|switch|p2a: Ogerpon|Ogerpon-Wellspring-Tera, F, tera:Water|94/100
|-ability|p2a: Ogerpon|Embody Aspect (Wellspring)|boost
|-boost|p2a: Ogerpon|spd|1
|turn|31
|
|t:|1758271941
|move|p2a: Ogerpon|Swords Dance|p2a: Ogerpon
|-boost|p2a: Ogerpon|atk|2
|move|p1a: Blissey|Stealth Rock|p2a: Ogerpon
|-sidestart|p2: bingus100|move: Stealth Rock
|
|-heal|p2a: Ogerpon|99/100|[from] Grassy Terrain
|-heal|p1a: Blissey|83/100|[from] Grassy Terrain
|-heal|p1a: Blissey|89/100|[from] item: Leftovers
|upkeep
|turn|32
|
|t:|1758271949
|move|p2a: Ogerpon|Ivy Cudgel|p1a: Blissey|[anim] Ivy Cudgel Water
|-damage|p1a: Blissey|0 fnt
|faint|p1a: Blissey
|
|-heal|p2a: Ogerpon|100/100|[from] Grassy Terrain
|upkeep
|
|t:|1758271953
|switch|p1a: Mandibuzz|Mandibuzz, F|100/100
|turn|33
|
|t:|1758271969
|move|p2a: Ogerpon|Ivy Cudgel|p1a: Mandibuzz|[anim] Ivy Cudgel Water
|-damage|p1a: Mandibuzz|0 fnt
|faint|p1a: Mandibuzz
|
|upkeep
|-message|Argentide forfeited.
|
|win|bingus100
|raw|Argentide's rating: 1465 &rarr; <strong>1445</strong><br />(-20 for losing)
|raw|bingus100's rating: 1462 &rarr; <strong>1482</strong><br />(+20 for winning)
|l|☆Argentide
|player|p1|
|l|☆bingus100
|player|p2|
