|j|☆taywimz
|j|☆St. Saturn
|t:|1758291421
|gametype|singles
|player|p1|taywimz|roxie|1500
|player|p2|St. Saturn|veteran|1520
|gen|9
|tier|[Gen 9] OU
|rated|
|rule|HP Percentage Mod: HP is shown in percentages
|rule|Endless Battle Clause: Forcing endless battles is banned
|rule|Species Clause: Limit one of each Pokémon
|rule|OHKO Clause: OHKO moves are banned
|rule|Evasion Items Clause: Evasion items are banned
|rule|Evasion Moves Clause: Evasion moves are banned
|rule|Evasion Abilities Clause: Evasion abilities are banned
|rule|Sleep Moves Clause: Sleep-inducing moves are banned
|clearpoke
|poke|p1|Dragonite, M|
|poke|p1|Gholdengo|
|poke|p1|Iron Treads|
|poke|p1|Quaquaval, F|
|poke|p1|Slowking-Galar, F|
|poke|p1|Ting-Lu|
|poke|p2|Dragapult, F|
|poke|p2|Dragonite, F|
|poke|p2|Slowking-Galar, M|
|poke|p2|Weezing-Galar, F|
|poke|p2|Iron Crown|
|poke|p2|Zapdos|
|teampreview
|inactive|Battle timer is ON: inactive players will automatically lose when time's up. (requested by St. Saturn)
|
|t:|1758291431
|teamsize|p1|6
|teamsize|p2|6
|start
|switch|p1a: Iron Treads|Iron Treads|100/100
|switch|p2a: Dragapult|Dragapult, F|100/100
|turn|1
|
|t:|1758291439
|move|p2a: Dragapult|Will-O-Wisp|p1a: Iron Treads
|-status|p1a: Iron Treads|brn
|move|p1a: Iron Treads|Stealth Rock|p2a: Dragapult
|-sidestart|p2: St. Saturn|move: Stealth Rock
|
|-damage|p1a: Iron Treads|94/100 brn|[from] brn
|upkeep
|turn|2
|
|t:|1758291448
|move|p2a: Dragapult|Hex|p1a: Iron Treads
|-damage|p1a: Iron Treads|20/100 brn
|move|p1a: Iron Treads|Knock Off|p2a: Dragapult
|-supereffective|p2a: Dragapult
|-damage|p2a: Dragapult|57/100
|-enditem|p2a: Dragapult|Heavy-Duty Boots|[from] move: Knock Off|[of] p1a: Iron Treads
|
|-heal|p1a: Iron Treads|26/100 brn|[from] item: Leftovers
|-damage|p1a: Iron Treads|20/100 brn|[from] brn
|upkeep
|turn|3
|inactive|taywimz has 120 seconds left.
|
|t:|1758291485
|move|p2a: Dragapult|Hex|p1a: Iron Treads
|-damage|p1a: Iron Treads|0 fnt
|faint|p1a: Iron Treads
|-end|p1a: Iron Treads|Quark Drive|[silent]
|
|upkeep
|
|t:|1758291504
|switch|p1a: Gholdengo|Gholdengo, shiny|100/100
|turn|4
|
|t:|1758291508
|move|p1a: Gholdengo|Shadow Ball|p2a: Dragapult
|-supereffective|p2a: Dragapult
|-damage|p2a: Dragapult|0 fnt
|-start|p1a: Gholdengo|Disable|Shadow Ball|[from] ability: Cursed Body|[of] p2a: Dragapult
|faint|p2a: Dragapult
|
|upkeep
|
|t:|1758291513
|switch|p2a: Dragonite|Dragonite, F|100/100
|turn|5
|inactive|taywimz has 120 seconds left.
|
|t:|1758291533
|switch|p1a: Slowking|Slowking-Galar, F, shiny|100/100
|move|p2a: Dragonite|Dragon Dance|p2a: Dragonite
|-boost|p2a: Dragonite|atk|1
|-boost|p2a: Dragonite|spe|1
|
|upkeep
|turn|6
|inactive|taywimz has 120 seconds left.
|
|t:|1758291544
|move|p2a: Dragonite|Earthquake|p1a: Slowking
|-supereffective|p1a: Slowking
|-enditem|p1a: Slowking|Shuca Berry|[eat]
|-enditem|p1a: Slowking|Shuca Berry|[weaken]
|-damage|p1a: Slowking|58/100
|move|p1a: Slowking|Future Sight|p2a: Dragonite
|-start|p1a: Slowking|move: Future Sight
|
|upkeep
|turn|7
|inactive|taywimz has 120 seconds left.
|
|t:|1758291551
|move|p2a: Dragonite|Earthquake|p1a: Slowking
|-supereffective|p1a: Slowking
|-damage|p1a: Slowking|0 fnt
|faint|p1a: Slowking
|
|upkeep
|inactive|taywimz has 120 seconds left.
|inactive|taywimz has 90 seconds left.
|
|t:|1758291601
|switch|p1a: Gholdengo|Gholdengo, shiny|100/100
|turn|8
|
|t:|1758291615
|-terastallize|p1a: Gholdengo|Fairy
|-terastallize|p2a: Dragonite|Normal
|move|p1a: Gholdengo|Trick|p2a: Dragonite
|-activate|p1a: Gholdengo|move: Trick|[of] p2a: Dragonite
|-item|p2a: Dragonite|Choice Scarf|[from] move: Trick
|-item|p1a: Gholdengo|Heavy-Duty Boots|[from] move: Trick
|move|p2a: Dragonite|Dragon Dance|p2a: Dragonite
|-boost|p2a: Dragonite|atk|1
|-boost|p2a: Dragonite|spe|1
|
|-end|p2a: Dragonite|move: Future Sight
|-damage|p2a: Dragonite|79/100
|upkeep
|turn|9
|
|t:|1758291634
|switch|p2a: Slowking|Slowking-Galar, M|100/100
|-damage|p2a: Slowking|88/100|[from] Stealth Rock
|move|p1a: Gholdengo|Make It Rain|p2a: Slowking
|-damage|p2a: Slowking|59/100
|-unboost|p1a: Gholdengo|spa|1
|
|upkeep
|turn|10
|
|t:|1758291647
|switch|p1a: Ting-Lu|Ting-Lu, shiny|100/100
|-ability|p1a: Ting-Lu|Vessel of Ruin
|move|p2a: Slowking|Sludge Bomb|p1a: Ting-Lu
|-resisted|p1a: Ting-Lu
|-damage|p1a: Ting-Lu|92/100
|
|-heal|p1a: Ting-Lu|98/100|[from] item: Leftovers
|upkeep
|turn|11
|
|t:|1758291672
|switch|p2a: Zapdos|Zapdos|100/100
|move|p1a: Ting-Lu|Spikes|p2a: Zapdos
|-sidestart|p2: St. Saturn|Spikes
|
|-heal|p1a: Ting-Lu|100/100|[from] item: Leftovers
|upkeep
|turn|12
|
|t:|1758291681
|move|p2a: Zapdos|Heat Wave|p1a: Ting-Lu
|-damage|p1a: Ting-Lu|87/100
|move|p1a: Ting-Lu|Ruination|p2a: Zapdos
|-damage|p2a: Zapdos|51/100
|
|-heal|p1a: Ting-Lu|94/100|[from] item: Leftovers
|upkeep
|turn|13
|
|t:|1758291690
|move|p2a: Zapdos|Heat Wave|p1a: Ting-Lu
|-damage|p1a: Ting-Lu|80/100
|move|p1a: Ting-Lu|Spikes|p2a: Zapdos
|-sidestart|p2: St. Saturn|Spikes
|
|-heal|p1a: Ting-Lu|86/100|[from] item: Leftovers
|upkeep
|turn|14
|inactive|taywimz has 90 seconds left.
|
|t:|1758291698
|move|p2a: Zapdos|Heat Wave|p1a: Ting-Lu
|-damage|p1a: Ting-Lu|73/100
|move|p1a: Ting-Lu|Spikes|p2a: Zapdos
|-sidestart|p2: St. Saturn|Spikes
|
|-heal|p1a: Ting-Lu|79/100|[from] item: Leftovers
|upkeep
|turn|15
|inactive|taywimz has 90 seconds left.
|
|t:|1758291709
|move|p2a: Zapdos|Hurricane|p1a: Ting-Lu
|-damage|p1a: Ting-Lu|55/100
|move|p1a: Ting-Lu|Ruination|p2a: Zapdos
|-damage|p2a: Zapdos|26/100
|
|-heal|p1a: Ting-Lu|62/100|[from] item: Leftovers
|upkeep
|turn|16
|inactive|taywimz has 90 seconds left.
|
|t:|1758291722
|move|p2a: Zapdos|Roost|p2a: Zapdos
|-heal|p2a: Zapdos|76/100
|-singleturn|p2a: Zapdos|move: Roost
|move|p1a: Ting-Lu|Whirlwind|p2a: Zapdos
|drag|p2a: Weezing|Weezing-Galar, F|100/100
|-ability|p2a: Weezing|Neutralizing Gas
|
|-heal|p1a: Ting-Lu|68/100|[from] item: Leftovers
|upkeep
|turn|17
|inactive|taywimz has 90 seconds left.
|
|t:|1758291735
|move|p2a: Weezing|Will-O-Wisp|p1a: Ting-Lu
|-status|p1a: Ting-Lu|brn
|move|p1a: Ting-Lu|Earthquake|p2a: Weezing
|-supereffective|p2a: Weezing
|-damage|p2a: Weezing|78/100
|
|-heal|p1a: Ting-Lu|74/100 brn|[from] item: Leftovers
|-damage|p1a: Ting-Lu|68/100 brn|[from] brn
|upkeep
|turn|18
|inactive|taywimz has 90 seconds left.
|
|t:|1758291748
|switch|p1a: Gholdengo|Gholdengo, shiny, tera:Fairy|100/100
|move|p2a: Weezing|Defog|p1a: Gholdengo
|-unboost|p1a: Gholdengo|evasion|1
|-sideend|p2: St. Saturn|Spikes|[from] move: Defog|[of] p2a: Weezing
|-sideend|p2: St. Saturn|Stealth Rock|[from] move: Defog|[of] p2a: Weezing
|
|upkeep
|turn|19
|inactive|taywimz has 90 seconds left.
|
|t:|1758291770
|-end|p2a: Weezing|ability: Neutralizing Gas
|switch|p2a: Slowking|Slowking-Galar, M|92/100
|move|p1a: Gholdengo|Shadow Ball|p2a: Slowking
|-supereffective|p2a: Slowking
|-damage|p2a: Slowking|51/100
|
|upkeep
|turn|20
|
|t:|1758291778
|move|p1a: Gholdengo|Shadow Ball|p2a: Slowking
|-supereffective|p2a: Slowking
|-damage|p2a: Slowking|11/100
|move|p2a: Slowking|Sludge Bomb|p1a: Gholdengo
|-supereffective|p1a: Gholdengo
|-damage|p1a: Gholdengo|0 fnt
|faint|p1a: Gholdengo
|
|upkeep
|
|t:|1758291792
|switch|p1a: Quaquaval|Quaquaval, F, shiny|100/100
|turn|21
|
|t:|1758291801
|switch|p2a: Zapdos|Zapdos|76/100
|move|p1a: Quaquaval|Wave Crash|p2a: Zapdos
|-damage|p2a: Zapdos|5/100
|-damage|p1a: Quaquaval|76/100|[from] Recoil
|
|upkeep
|turn|22
|inactive|taywimz has 90 seconds left.
|
|t:|1758291813
|move|p1a: Quaquaval|Wave Crash|p2a: Zapdos
|-damage|p2a: Zapdos|0 fnt
|faint|p2a: Zapdos
|-ability|p1a: Quaquaval|Moxie|boost
|-boost|p1a: Quaquaval|atk|1
|-damage|p1a: Quaquaval|74/100|[from] Recoil
|
|upkeep
|
|t:|1758291821
|switch|p2a: Weezing|Weezing-Galar, F|78/100
|-ability|p2a: Weezing|Neutralizing Gas
|turn|23
|
|t:|1758291829
|move|p1a: Quaquaval|Wave Crash|p2a: Weezing
|-damage|p2a: Weezing|19/100
|-damage|p1a: Quaquaval|54/100|[from] Recoil
|move|p2a: Weezing|Strange Steam|p1a: Quaquaval|[miss]
|-miss|p2a: Weezing|p1a: Quaquaval
|
|upkeep
|turn|24
|
|t:|1758291838
|move|p1a: Quaquaval|Wave Crash|p2a: Weezing
|-damage|p2a: Weezing|0 fnt
|faint|p2a: Weezing
|-end|p2a: Weezing|ability: Neutralizing Gas
|-ability|p1a: Quaquaval|Moxie|boost
|-boost|p1a: Quaquaval|atk|1
|-damage|p1a: Quaquaval|47/100|[from] Recoil
|
|upkeep
|
|t:|1758291844
|switch|p2a: Dragonite|Dragonite, F, tera:Normal|79/100
|turn|25
|
|t:|1758291848
|move|p2a: Dragonite|Extreme Speed|p1a: Quaquaval
|-damage|p1a: Quaquaval|0 fnt
|faint|p1a: Quaquaval
|
|upkeep
|inactive|taywimz has 120 seconds left.
|
|t:|1758291859
|switch|p1a: Dragonite|Dragonite, M, shiny|100/100
|turn|26
|inactive|taywimz has 120 seconds left.
|
|t:|1758291875
|switch|p2a: Slowking|Slowking-Galar, M|44/100
|move|p1a: Dragonite|Dragon Dance|p1a: Dragonite
|-boost|p1a: Dragonite|atk|1
|-boost|p1a: Dragonite|spe|1
|
|upkeep
|turn|27
|
|t:|1758291882
|switch|p2a: Dragonite|Dragonite, F, tera:Normal|79/100
|move|p1a: Dragonite|Earthquake|p2a: Dragonite
|-damage|p2a: Dragonite|19/100
|
|upkeep
|turn|28
|
|t:|1758291889
|move|p1a: Dragonite|Extreme Speed|p2a: Dragonite
|-damage|p2a: Dragonite|0 fnt
|faint|p2a: Dragonite
|
|upkeep
|
|t:|1758291893
|switch|p2a: Slowking|Slowking-Galar, M|78/100
|turn|29
|
|t:|1758291904
|move|p1a: Dragonite|Earthquake|p2a: Slowking
|-supereffective|p2a: Slowking
|-damage|p2a: Slowking|0 fnt
|faint|p2a: Slowking
|
|upkeep
|
|t:|1758291909
|switch|p2a: Iron Crown|Iron Crown|100/100
|turn|30
|
|t:|1758291913
|move|p1a: Dragonite|Earthquake|p2a: Iron Crown
|-supereffective|p2a: Iron Crown
|-damage|p2a: Iron Crown|0 fnt
|faint|p2a: Iron Crown
|-end|p2a: Iron Crown|Quark Drive|[silent]
|
|win|taywimz
|raw|taywimz's rating: 1500 &rarr; <strong>1521</strong><br />(+21 for winning)
|raw|St. Saturn's rating: 1520 &rarr; <strong>1499</strong><br />(-21 for losing)
|l|☆St. Saturn
|player|p2|
|c|☆taywimz|Gg
|l|☆taywimz
|player|p1|
