|j|☆karnegious
|j|☆Camazo
|t:|1758257215
|gametype|singles
|player|p1|karnegious|red|1337
|player|p2|Camazo|170|1308
|gen|9
|tier|[Gen 9] OU
|rated|
|rule|HP Percentage Mod: HP is shown in percentages
|rule|Endless Battle Clause: Forcing endless battles is banned
|rule|Species Clause: Limit one of each Pokémon
|rule|OHKO Clause: OHKO moves are banned
|rule|Evasion Items Clause: Evasion items are banned
|rule|Evasion Moves Clause: Evasion moves are banned
|rule|Evasion Abilities Clause: Evasion abilities are banned
|rule|Sleep Moves Clause: Sleep-inducing moves are banned
|clearpoke
|poke|p1|Ting-Lu|
|poke|p1|Raging Bolt|
|poke|p1|Corviknight, M|
|poke|p1|Ogerpon-Wellspring, F|
|poke|p1|Iron Valiant|
|poke|p1|Iron Moth|
|poke|p2|Kingambit, F|
|poke|p2|Jirachi|
|poke|p2|Incineroar, F|
|poke|p2|Samurott-Hisui, F|
|poke|p2|Serperior, F|
|poke|p2|Dragapult, M|
|teampreview
|inactive|Battle timer is ON: inactive players will automatically lose when time's up. (requested by Camazo)
|
|t:|1758257221
|teamsize|p1|6
|teamsize|p2|6
|start
|switch|p1a: Flying Raijin|Raging Bolt|100/100
|switch|p2a: Incineroar|Incineroar, F|100/100
|-ability|p2a: Incineroar|Intimidate|boost
|-unboost|p1a: Flying Raijin|atk|1
|-enditem|p1a: Flying Raijin|Booster Energy
|-activate|p1a: Flying Raijin|ability: Protosynthesis|[fromitem]
|-start|p1a: Flying Raijin|protosynthesisspa
|turn|1
|
|t:|1758257237
|move|p1a: Flying Raijin|Thunderbolt|p2a: Incineroar
|-damage|p2a: Incineroar|42/100
|move|p2a: Incineroar|Parting Shot|p1a: Flying Raijin
|-unboost|p1a: Flying Raijin|atk|1
|-unboost|p1a: Flying Raijin|spa|1
|
|t:|1758257249
|switch|p2a: Samurott|Samurott-Hisui, F|100/100|[from] Parting Shot
|
|upkeep
|turn|2
|
|t:|1758257254
|move|p2a: Samurott|Ceaseless Edge|p1a: Flying Raijin
|-damage|p1a: Flying Raijin|65/100
|-sidestart|p1: karnegious|Spikes
|move|p1a: Flying Raijin|Thunderbolt|p2a: Samurott
|-supereffective|p2a: Samurott
|-crit|p2a: Samurott
|-damage|p2a: Samurott|0 fnt
|faint|p2a: Samurott
|
|upkeep
|
|t:|1758257272
|switch|p2a: Serperior|Serperior, F|100/100
|turn|3
|
|t:|1758257276
|-end|p1a: Flying Raijin|Protosynthesis|[silent]
|switch|p1a: ASHURA|Corviknight, M|100/100
|-ability|p1a: ASHURA|Pressure
|move|p2a: Serperior|Substitute|p2a: Serperior
|-start|p2a: Serperior|Substitute
|-damage|p2a: Serperior|76/100
|
|-heal|p2a: Serperior|82/100|[from] item: Leftovers
|upkeep
|turn|4
|
|t:|1758257279
|move|p2a: Serperior|Glare|p1a: ASHURA
|-status|p1a: ASHURA|par
|move|p1a: ASHURA|U-turn|p2a: Serperior
|-supereffective|p2a: Serperior
|-end|p2a: Serperior|Substitute
|
|t:|1758257289
|switch|p1a: Ting-Lu|Ting-Lu|100/100|[from] U-turn
|-damage|p1a: Ting-Lu|88/100|[from] Spikes
|-ability|p1a: Ting-Lu|Vessel of Ruin
|
|-heal|p2a: Serperior|88/100|[from] item: Leftovers
|-heal|p1a: Ting-Lu|94/100|[from] item: Leftovers
|upkeep
|turn|5
|
|t:|1758257292
|move|p2a: Serperior|Glare|p1a: Ting-Lu
|-status|p1a: Ting-Lu|par
|cant|p1a: Ting-Lu|par
|
|-heal|p2a: Serperior|94/100|[from] item: Leftovers
|-heal|p1a: Ting-Lu|100/100 par|[from] item: Leftovers
|upkeep
|turn|6
|
|t:|1758257301
|move|p2a: Serperior|Substitute|p2a: Serperior
|-start|p2a: Serperior|Substitute
|-damage|p2a: Serperior|70/100
|move|p1a: Ting-Lu|Stealth Rock|p2a: Serperior
|-sidestart|p2: Camazo|move: Stealth Rock
|
|-heal|p2a: Serperior|76/100|[from] item: Leftovers
|upkeep
|turn|7
|
|t:|1758257306
|move|p2a: Serperior|Leaf Storm|p1a: Ting-Lu|[miss]
|-miss|p2a: Serperior|p1a: Ting-Lu
|move|p1a: Ting-Lu|Whirlwind|p2a: Serperior
|drag|p2a: Jirachi|Jirachi|100/100
|
|upkeep
|turn|8
|
|t:|1758257309
|move|p2a: Jirachi|Doom Desire|p1a: Ting-Lu
|-start|p2a: Jirachi|Doom Desire
|move|p1a: Ting-Lu|Ruination|p2a: Jirachi|[miss]
|-miss|p1a: Ting-Lu|p2a: Jirachi
|
|upkeep
|turn|9
|
|t:|1758257314
|move|p2a: Jirachi|Iron Head|p1a: Ting-Lu
|-damage|p1a: Ting-Lu|85/100 par
|cant|p1a: Ting-Lu|flinch
|
|-heal|p1a: Ting-Lu|92/100 par|[from] item: Leftovers
|upkeep
|turn|10
|
|t:|1758257324
|move|p2a: Jirachi|Iron Head|p1a: Ting-Lu
|-damage|p1a: Ting-Lu|77/100 par
|cant|p1a: Ting-Lu|flinch
|
|-end|p1a: Ting-Lu|move: Doom Desire
|-damage|p1a: Ting-Lu|50/100 par
|-heal|p1a: Ting-Lu|56/100 par|[from] item: Leftovers
|upkeep
|turn|11
|
|t:|1758257328
|move|p2a: Jirachi|Iron Head|p1a: Ting-Lu
|-damage|p1a: Ting-Lu|40/100 par
|cant|p1a: Ting-Lu|flinch
|
|-heal|p1a: Ting-Lu|46/100 par|[from] item: Leftovers
|upkeep
|turn|12
|
|t:|1758257337
|switch|p1a: Flying Raijin|Raging Bolt|65/100
|-damage|p1a: Flying Raijin|53/100|[from] Spikes
|move|p2a: Jirachi|Iron Head|p1a: Flying Raijin
|-resisted|p1a: Flying Raijin
|-damage|p1a: Flying Raijin|41/100
|
|upkeep
|turn|13
|
|t:|1758257341
|move|p2a: Jirachi|Doom Desire|p1a: Flying Raijin
|-start|p2a: Jirachi|Doom Desire
|move|p1a: Flying Raijin|Thunderbolt|p2a: Jirachi
|-damage|p2a: Jirachi|55/100
|
|upkeep
|turn|14
|
|t:|1758257347
|move|p2a: Jirachi|U-turn|p1a: Flying Raijin
|-damage|p1a: Flying Raijin|26/100
|
|t:|1758257350
|switch|p2a: Incineroar|Incineroar, F|42/100|[from] U-turn
|-ability|p2a: Incineroar|Intimidate|boost
|-unboost|p1a: Flying Raijin|atk|1
|move|p1a: Flying Raijin|Thunderbolt|p2a: Incineroar
|-damage|p2a: Incineroar|0 fnt
|faint|p2a: Incineroar
|
|upkeep
|
|t:|1758257354
|switch|p2a: Serperior|Serperior, F|76/100
|-damage|p2a: Serperior|63/100|[from] Stealth Rock
|turn|15
|
|t:|1758257361
|move|p2a: Serperior|Leaf Storm|p1a: Flying Raijin
|-resisted|p1a: Flying Raijin
|-damage|p1a: Flying Raijin|6/100
|-boost|p2a: Serperior|spa|2
|move|p1a: Flying Raijin|Dragon Pulse|p2a: Serperior
|-damage|p2a: Serperior|7/100
|
|-end|p1a: Flying Raijin|move: Doom Desire
|-resisted|p1a: Flying Raijin
|-damage|p1a: Flying Raijin|0 fnt
|faint|p1a: Flying Raijin
|-end|p1a: Flying Raijin|Protosynthesis|[silent]
|-heal|p2a: Serperior|13/100|[from] item: Leftovers
|upkeep
|
|t:|1758257365
|switch|p1a: ASHURA|Corviknight, M|100/100 par
|-ability|p1a: ASHURA|Pressure
|turn|16
|
|t:|1758257369
|move|p2a: Serperior|Leaf Storm|p1a: ASHURA
|-resisted|p1a: ASHURA
|-damage|p1a: ASHURA|81/100 par
|-boost|p2a: Serperior|spa|2
|move|p1a: ASHURA|U-turn|p2a: Serperior
|-supereffective|p2a: Serperior
|-damage|p2a: Serperior|0 fnt
|faint|p2a: Serperior
|
|t:|1758257379
|switch|p1a: Ting-Lu|Ting-Lu|46/100 par|[from] U-turn
|-damage|p1a: Ting-Lu|33/100 par|[from] Spikes
|-ability|p1a: Ting-Lu|Vessel of Ruin
|
|-heal|p1a: Ting-Lu|40/100 par|[from] item: Leftovers
|upkeep
|
|t:|1758257402
|switch|p2a: Jirachi|Jirachi|55/100
|turn|17
|
|t:|1758257406
|move|p2a: Jirachi|Iron Head|p1a: Ting-Lu
|-damage|p1a: Ting-Lu|25/100 par
|cant|p1a: Ting-Lu|flinch
|
|-heal|p1a: Ting-Lu|32/100 par|[from] item: Leftovers
|upkeep
|turn|18
|
|t:|1758257411
|move|p2a: Jirachi|Iron Head|p1a: Ting-Lu
|-damage|p1a: Ting-Lu|18/100 par
|cant|p1a: Ting-Lu|flinch
|
|-heal|p1a: Ting-Lu|24/100 par|[from] item: Leftovers
|upkeep
|turn|19
|
|t:|1758257415
|move|p2a: Jirachi|Iron Head|p1a: Ting-Lu
|-damage|p1a: Ting-Lu|10/100 par
|move|p1a: Ting-Lu|Earthquake|p2a: Jirachi
|-supereffective|p2a: Jirachi
|-damage|p2a: Jirachi|0 fnt
|faint|p2a: Jirachi
|
|-heal|p1a: Ting-Lu|16/100 par|[from] item: Leftovers
|upkeep
|
|t:|1758257420
|switch|p2a: Kingambit|Kingambit, F, shiny|100/100
|-damage|p2a: Kingambit|94/100|[from] Stealth Rock
|-activate|p2a: Kingambit|ability: Supreme Overlord
|-start|p2a: Kingambit|fallen4|[silent]
|-item|p2a: Kingambit|Air Balloon
|turn|20
|
|t:|1758257434
|move|p2a: Kingambit|Kowtow Cleave|p1a: Ting-Lu
|-resisted|p1a: Ting-Lu
|-damage|p1a: Ting-Lu|0 fnt
|faint|p1a: Ting-Lu
|
|upkeep
|
|t:|1758257450
|switch|p1a: Iron Valiant|Iron Valiant|100/100
|-damage|p1a: Iron Valiant|88/100|[from] Spikes
|-enditem|p1a: Iron Valiant|Booster Energy
|-activate|p1a: Iron Valiant|ability: Quark Drive|[fromitem]
|-start|p1a: Iron Valiant|quarkdrivespe
|turn|21
|
|t:|1758257455
|-terastallize|p1a: Iron Valiant|Dark
|-terastallize|p2a: Kingambit|Fairy
|move|p1a: Iron Valiant|Close Combat|p2a: Kingambit
|-resisted|p2a: Kingambit
|-damage|p2a: Kingambit|68/100
|-unboost|p1a: Iron Valiant|def|1
|-unboost|p1a: Iron Valiant|spd|1
|-enditem|p2a: Kingambit|Air Balloon
|move|p2a: Kingambit|Iron Head|p1a: Iron Valiant
|-damage|p1a: Iron Valiant|0 fnt
|faint|p1a: Iron Valiant
|-end|p1a: Iron Valiant|Quark Drive|[silent]
|
|upkeep
|
|t:|1758257459
|switch|p1a: Amaterasu|Iron Moth, shiny|100/100
|-damage|p1a: Amaterasu|88/100|[from] Spikes
|-enditem|p1a: Amaterasu|Booster Energy
|-activate|p1a: Amaterasu|ability: Quark Drive|[fromitem]
|-start|p1a: Amaterasu|quarkdrivespe
|turn|22
|
|t:|1758257469
|move|p2a: Kingambit|Sucker Punch||[still]
|-fail|p2a: Kingambit
|move|p1a: Amaterasu|Substitute|p1a: Amaterasu
|-start|p1a: Amaterasu|Substitute
|-damage|p1a: Amaterasu|63/100
|
|upkeep
|turn|23
|
|t:|1758257472
|move|p1a: Amaterasu|Sludge Wave|p2a: Kingambit
|-supereffective|p2a: Kingambit
|-damage|p2a: Kingambit|0 fnt
|faint|p2a: Kingambit
|-end|p2a: Kingambit|fallen4|[silent]
|
|upkeep
|
|t:|1758257474
|switch|p2a: Dragapult|Dragapult, M|100/100
|-damage|p2a: Dragapult|88/100|[from] Stealth Rock
|turn|24
|
|t:|1758257478
|move|p1a: Amaterasu|Dazzling Gleam|p2a: Dragapult
|-supereffective|p2a: Dragapult
|-damage|p2a: Dragapult|21/100
|move|p2a: Dragapult|Thunder Wave|p1a: Amaterasu
|-status|p1a: Amaterasu|par
|
|upkeep
|turn|25
|
|t:|1758257482
|move|p2a: Dragapult|Hex|p1a: Amaterasu
|-damage|p1a: Amaterasu|0 fnt
|faint|p1a: Amaterasu
|-end|p1a: Amaterasu|Quark Drive|[silent]
|
|upkeep
|
|t:|1758257487
|switch|p1a: ASHURA|Corviknight, M|81/100 par
|-ability|p1a: ASHURA|Pressure
|turn|26
|
|t:|1758257490
|move|p2a: Dragapult|Thunderbolt|p1a: ASHURA
|-supereffective|p1a: ASHURA
|-damage|p1a: ASHURA|34/100 par
|move|p1a: ASHURA|Brave Bird|p2a: Dragapult
|-crit|p2a: Dragapult
|-damage|p2a: Dragapult|0 fnt
|faint|p2a: Dragapult
|-damage|p1a: ASHURA|29/100 par|[from] Recoil
|
|win|karnegious
|raw|karnegious's rating: 1337 &rarr; <strong>1355</strong><br />(+18 for winning)
|raw|Camazo's rating: 1308 &rarr; <strong>1290</strong><br />(-18 for losing)
|l|☆Camazo
|player|p2|
|l|☆karnegious
|player|p1|
