|j|☆RiaSingh2121
|j|☆teubinrv
|t:|1758240213
|gametype|singles
|player|p1|RiaSingh2121|1|1263
|player|p2|teubinrv|benga|1193
|gen|9
|tier|[Gen 9] OU
|rated|
|rule|HP Percentage Mod: HP is shown in percentages
|rule|Endless Battle Clause: Forcing endless battles is banned
|rule|Species Clause: Limit one of each Pokémon
|rule|OHKO Clause: OHKO moves are banned
|rule|Evasion Items Clause: Evasion items are banned
|rule|Evasion Moves Clause: Evasion moves are banned
|rule|Evasion Abilities Clause: Evasion abilities are banned
|rule|Sleep Moves Clause: Sleep-inducing moves are banned
|clearpoke
|poke|p1|Hatterene, F|
|poke|p1|Torkoal, F|
|poke|p1|Corviknight, M|
|poke|p1|Ursaluna, M|
|poke|p1|Hattrem, F|
|poke|p1|Iron Hands|
|poke|p2|Iron Moth|
|poke|p2|Kingambit, F|
|poke|p2|Tinkaton, F|
|poke|p2|Samurott-Hisui, M|
|poke|p2|Zapdos|
|poke|p2|Great Tusk|
|teampreview
|inactive|Battle timer is ON: inactive players will automatically lose when time's up. (requested by teubinrv)
|
|t:|1758240218
|teamsize|p1|6
|teamsize|p2|6
|start
|switch|p1a: Hattrem|Hattrem, F|100/100
|switch|p2a: Tinkaton|Tinkaton, F|100/100
|-item|p2a: Tinkaton|Air Balloon
|turn|1
|
|t:|1758240225
|move|p2a: Tinkaton|Gigaton Hammer|p1a: Hattrem
|-damage|p1a: Hattrem|30/100
|move|p1a: Hattrem|Trick Room|p1a: Hattrem
|-fieldstart|move: Trick Room|[of] p1a: Hattrem
|
|upkeep
|turn|2
|
|t:|1758240232
|move|p1a: Hattrem|Healing Wish|p1a: Hattrem
|faint|p1a: Hattrem
|move|p2a: Tinkaton|Knock Off|p1: Hattrem|[notarget]
|-fail|p2a: Tinkaton
|
|upkeep
|
|t:|1758240243
|switch|p1a: Torkoal|Torkoal, F|100/100
|-weather|SunnyDay|[from] ability: Drought|[of] p1a: Torkoal
|turn|3
|
|t:|1758240264
|move|p1a: Torkoal|Eruption|p2a: Tinkaton
|-supereffective|p2a: Tinkaton
|-damage|p2a: Tinkaton|0 fnt
|-enditem|p2a: Tinkaton|Air Balloon
|faint|p2a: Tinkaton
|
|-weather|SunnyDay|[upkeep]
|upkeep
|
|t:|1758240277
|switch|p2a: Great Tusk|Great Tusk|100/100
|-activate|p2a: Great Tusk|ability: Protosynthesis
|-start|p2a: Great Tusk|protosynthesisspe
|turn|4
|
|t:|1758240282
|move|p1a: Torkoal|Eruption|p2a: Great Tusk
|-damage|p2a: Great Tusk|0 fnt
|faint|p2a: Great Tusk
|-end|p2a: Great Tusk|Protosynthesis|[silent]
|
|-weather|SunnyDay|[upkeep]
|upkeep
|
|t:|1758240289
|switch|p2a: Zapdos|Zapdos|100/100
|turn|5
|
|t:|1758240292
|move|p1a: Torkoal|Eruption|p2a: Zapdos
|-damage|p2a: Zapdos|0 fnt
|faint|p2a: Zapdos
|
|-weather|SunnyDay|[upkeep]
|-fieldend|move: Trick Room
|upkeep
|
|t:|1758240300
|switch|p2a: Samurott|Samurott-Hisui, M|100/100
|turn|6
|
|t:|1758240304
|switch|p1a: Iron Hands|Iron Hands|100/100
|move|p2a: Samurott|Aqua Cutter|p1a: Iron Hands
|-damage|p1a: Iron Hands|88/100
|
|-weather|SunnyDay|[upkeep]
|upkeep
|turn|7
|
|t:|1758240313
|switch|p2a: Iron Moth|Iron Moth|100/100
|-enditem|p2a: Iron Moth|Booster Energy
|-activate|p2a: Iron Moth|ability: Quark Drive|[fromitem]
|-start|p2a: Iron Moth|quarkdrivespa
|move|p1a: Iron Hands|Drain Punch|p2a: Iron Moth
|-resisted|p2a: Iron Moth
|-damage|p2a: Iron Moth|67/100
|-heal|p1a: Iron Hands|98/100|[from] drain|[of] p2a: Iron Moth
|
|-weather|none
|upkeep
|turn|8
|
|t:|1758240325
|move|p2a: Iron Moth|Fiery Dance|p1a: Iron Hands
|-damage|p1a: Iron Hands|66/100
|move|p1a: Iron Hands|Earthquake|p2a: Iron Moth
|-supereffective|p2a: Iron Moth
|-damage|p2a: Iron Moth|0 fnt
|faint|p2a: Iron Moth
|-end|p2a: Iron Moth|Quark Drive|[silent]
|
|upkeep
|
|t:|1758240333
|switch|p2a: Samurott|Samurott-Hisui, M|100/100
|turn|9
|
|t:|1758240345
|move|p2a: Samurott|Sacred Sword|p1a: Iron Hands
|-damage|p1a: Iron Hands|42/100
|move|p1a: Iron Hands|Drain Punch|p2a: Samurott
|-supereffective|p2a: Samurott
|-damage|p2a: Samurott|7/100
|-heal|p1a: Iron Hands|72/100|[from] drain|[of] p2a: Samurott
|
|upkeep
|turn|10
|
|t:|1758240354
|move|p2a: Samurott|Sacred Sword|p1a: Iron Hands
|-damage|p1a: Iron Hands|51/100
|move|p1a: Iron Hands|Drain Punch|p2a: Samurott
|-supereffective|p2a: Samurott
|-damage|p2a: Samurott|0 fnt
|-heal|p1a: Iron Hands|54/100|[from] drain|[of] p2a: Samurott
|faint|p2a: Samurott
|
|upkeep
|
|t:|1758240357
|switch|p2a: Kingambit|Kingambit, F|100/100
|-activate|p2a: Kingambit|ability: Supreme Overlord
|-start|p2a: Kingambit|fallen5|[silent]
|turn|11
|
|t:|1758240376
|-end|p1a: Iron Hands|Quark Drive|[silent]
|switch|p1a: Corviknight|Corviknight, M|100/100
|-terastallize|p2a: Kingambit|Fairy
|move|p2a: Kingambit|Kowtow Cleave|p1a: Corviknight
|-damage|p1a: Corviknight|54/100
|-damage|p2a: Kingambit|84/100|[from] item: Rocky Helmet|[of] p1a: Corviknight
|
|-heal|p2a: Kingambit|90/100|[from] item: Leftovers
|upkeep
|turn|12
|
|t:|1758240393
|move|p2a: Kingambit|Swords Dance|p2a: Kingambit
|-boost|p2a: Kingambit|atk|2
|move|p1a: Corviknight|Brave Bird|p2a: Kingambit
|-damage|p2a: Kingambit|60/100
|-damage|p1a: Corviknight|44/100|[from] Recoil
|
|-heal|p2a: Kingambit|66/100|[from] item: Leftovers
|upkeep
|turn|13
|
|t:|1758240402
|move|p2a: Kingambit|Kowtow Cleave|p1a: Corviknight
|-damage|p1a: Corviknight|0 fnt
|-damage|p2a: Kingambit|50/100|[from] item: Rocky Helmet|[of] p1a: Corviknight
|faint|p1a: Corviknight
|
|-heal|p2a: Kingambit|56/100|[from] item: Leftovers
|upkeep
|
|t:|1758240411
|switch|p1a: Hatterene|Hatterene, F|100/100
|turn|14
|
|t:|1758240426
|move|p2a: Kingambit|Kowtow Cleave|p1a: Hatterene
|-enditem|p1a: Hatterene|Focus Sash
|-damage|p1a: Hatterene|1/100
|move|p1a: Hatterene|Mystical Fire|p2a: Kingambit
|-damage|p2a: Kingambit|33/100
|-unboost|p2a: Kingambit|spa|1
|
|-heal|p2a: Kingambit|40/100|[from] item: Leftovers
|upkeep
|turn|15
|
|t:|1758240437
|move|p2a: Kingambit|Kowtow Cleave|p1a: Hatterene
|-damage|p1a: Hatterene|0 fnt
|faint|p1a: Hatterene
|
|-heal|p2a: Kingambit|46/100|[from] item: Leftovers
|upkeep
|
|t:|1758240443
|switch|p1a: Iron Hands|Iron Hands|54/100
|-heal|p1a: Iron Hands|100/100|[from] move: Healing Wish
|turn|16
|
|t:|1758240462
|-terastallize|p1a: Iron Hands|Bug
|move|p2a: Kingambit|Sucker Punch|p1a: Iron Hands
|-damage|p1a: Iron Hands|29/100
|move|p1a: Iron Hands|Earthquake|p2a: Kingambit
|-damage|p2a: Kingambit|20/100
|
|-heal|p2a: Kingambit|26/100|[from] item: Leftovers
|upkeep
|turn|17
|
|t:|1758240471
|move|p2a: Kingambit|Sucker Punch|p1a: Iron Hands
|-damage|p1a: Iron Hands|0 fnt
|faint|p1a: Iron Hands
|-end|p1a: Iron Hands|Quark Drive|[silent]
|
|-heal|p2a: Kingambit|33/100|[from] item: Leftovers
|upkeep
|
|t:|1758240472
|switch|p1a: Torkoal|Torkoal, F|100/100
|-weather|SunnyDay|[from] ability: Drought|[of] p1a: Torkoal
|turn|18
|
|t:|1758240477
|move|p2a: Kingambit|Kowtow Cleave|p1a: Torkoal
|-damage|p1a: Torkoal|0 fnt
|faint|p1a: Torkoal
|
|-weather|SunnyDay|[upkeep]
|-heal|p2a: Kingambit|39/100|[from] item: Leftovers
|upkeep
|
|t:|1758240479
|switch|p1a: Ursaluna|Ursaluna, M|100/100
|turn|19
|
|t:|1758240486
|move|p2a: Kingambit|Sucker Punch|p1a: Ursaluna
|-damage|p1a: Ursaluna|17/100
|move|p1a: Ursaluna|Earthquake|p2a: Kingambit
|-damage|p2a: Kingambit|0 fnt
|faint|p2a: Kingambit
|-end|p2a: Kingambit|fallen5|[silent]
|
|win|RiaSingh2121
|raw|RiaSingh2121's rating: 1263 &rarr; <strong>1283</strong><br />(+20 for winning)
|raw|teubinrv's rating: 1193 &rarr; <strong>1173</strong><br />(-20 for losing)
|c|☆RiaSingh2121|Gh
|c|☆teubinrv|gg
|c|☆RiaSingh2121|Gg
|l|☆RiaSingh2121
|player|p1|
|l|☆teubinrv
|player|p2|
