|j|☆4DEF+4SPD=GG
|j|☆shoebat
|t:|1758327983
|gametype|singles
|player|p1|4DEF+4SPD=GG|preschooler|1515
|player|p2|shoebat|sage|1517
|gen|9
|tier|[Gen 9] OU
|rated|
|rule|HP Percentage Mod: HP is shown in percentages
|rule|Endless Battle Clause: Forcing endless battles is banned
|rule|Species Clause: Limit one of each Pokémon
|rule|OHKO Clause: OHKO moves are banned
|rule|Evasion Items Clause: Evasion items are banned
|rule|Evasion Moves Clause: Evasion moves are banned
|rule|Evasion Abilities Clause: Evasion abilities are banned
|rule|Sleep Moves Clause: Sleep-inducing moves are banned
|clearpoke
|poke|p1|Tyranitar, M|
|poke|p1|Excadrill, M|
|poke|p1|Corviknight, M|
|poke|p1|Glimmora, M|
|poke|p1|Hippowdon, M|
|poke|p1|Scizor, M|
|poke|p2|Skarmory, F|
|poke|p2|Ting-Lu|
|poke|p2|Zamazenta-*|
|poke|p2|Pecharunt|
|poke|p2|Clefable, M|
|poke|p2|Walking Wake|
|teampreview
|inactive|Battle timer is ON: inactive players will automatically lose when time's up. (requested by 4DEF+4SPD=GG)
|inactive|shoebat also wants the timer to be on.
|inactive|shoebat has 120 seconds left.
|
|t:|1758328034
|teamsize|p1|6
|teamsize|p2|6
|start
|switch|p1a: Scizor|Scizor, M|100/100
|switch|p2a: Ting-Lu|Ting-Lu|100/100
|-ability|p2a: Ting-Lu|Vessel of Ruin
|turn|1
|
|t:|1758328044
|switch|p2a: Skarmory|Skarmory, F|100/100
|move|p1a: Scizor|U-turn|p2a: Skarmory
|-resisted|p2a: Skarmory
|-crit|p2a: Skarmory
|-damage|p2a: Skarmory|88/100
|-damage|p1a: Scizor|84/100|[from] item: Rocky Helmet|[of] p2a: Skarmory
|
|t:|1758328049
|switch|p1a: Glimmora|Glimmora, M|100/100|[from] U-turn
|
|upkeep
|turn|2
|
|t:|1758328054
|switch|p1a: Scizor|Scizor, M|84/100
|switch|p2a: Ting-Lu|Ting-Lu|100/100
|-ability|p2a: Ting-Lu|Vessel of Ruin
|
|upkeep
|turn|3
|
|t:|1758328061
|switch|p2a: Clefable|Clefable, M|100/100
|move|p1a: Scizor|Knock Off|p2a: Clefable
|-resisted|p2a: Clefable
|-damage|p2a: Clefable|81/100
|-enditem|p2a: Clefable|Leftovers|[from] move: Knock Off|[of] p1a: Scizor
|
|upkeep
|turn|4
|
|t:|1758328065
|switch|p1a: Corviknight|Corviknight, M|100/100
|switch|p2a: Skarmory|Skarmory, F|88/100
|
|upkeep
|turn|5
|
|t:|1758328071
|move|p2a: Skarmory|Spikes|p1a: Corviknight
|-sidestart|p1: 4DEF+4SPD=GG|Spikes
|move|p1a: Corviknight|U-turn|p2a: Skarmory
|-resisted|p2a: Skarmory
|-damage|p2a: Skarmory|86/100
|-damage|p1a: Corviknight|84/100|[from] item: Rocky Helmet|[of] p2a: Skarmory
|
|t:|1758328077
|switch|p1a: Scizor|Scizor, M|84/100|[from] U-turn
|-damage|p1a: Scizor|71/100|[from] Spikes
|
|upkeep
|turn|6
|
|t:|1758328082
|move|p2a: Skarmory|Brave Bird|p1a: Scizor
|-damage|p1a: Scizor|35/100
|-damage|p2a: Skarmory|74/100|[from] Recoil
|move|p1a: Scizor|Knock Off|p2a: Skarmory
|-damage|p2a: Skarmory|44/100
|-damage|p1a: Scizor|18/100|[from] item: Rocky Helmet|[of] p2a: Skarmory
|-enditem|p2a: Skarmory|Rocky Helmet|[from] move: Knock Off|[of] p1a: Scizor
|
|upkeep
|turn|7
|
|t:|1758328090
|switch|p1a: Corviknight|Corviknight, M|84/100
|move|p2a: Skarmory|Roost|p2a: Skarmory
|-heal|p2a: Skarmory|94/100
|-singleturn|p2a: Skarmory|move: Roost
|
|upkeep
|turn|8
|
|t:|1758328094
|switch|p1a: Glimmora|Glimmora, M|100/100
|-damage|p1a: Glimmora|88/100|[from] Spikes
|move|p2a: Skarmory|Spikes|p1a: Glimmora
|-sidestart|p1: 4DEF+4SPD=GG|Spikes
|
|upkeep
|turn|9
|
|t:|1758328101
|switch|p1a: Corviknight|Corviknight, M|84/100
|switch|p2a: Ting-Lu|Ting-Lu|100/100
|-ability|p2a: Ting-Lu|Vessel of Ruin
|
|upkeep
|turn|10
|
|t:|1758328105
|move|p2a: Ting-Lu|Ruination|p1a: Corviknight
|-damage|p1a: Corviknight|42/100
|move|p1a: Corviknight|Defog|p2a: Ting-Lu
|-unboost|p2a: Ting-Lu|evasion|1
|-sideend|p1: 4DEF+4SPD=GG|Spikes|[from] move: Defog|[of] p1a: Corviknight
|
|upkeep
|turn|11
|
|t:|1758328111
|switch|p1a: Scizor|Scizor, M|18/100
|move|p2a: Ting-Lu|Stealth Rock|p1a: Scizor
|-sidestart|p1: 4DEF+4SPD=GG|move: Stealth Rock
|
|upkeep
|turn|12
|
|t:|1758328115
|move|p1a: Scizor|U-turn|p2a: Ting-Lu
|-supereffective|p2a: Ting-Lu
|-damage|p2a: Ting-Lu|36/100
|
|t:|1758328117
|switch|p1a: Corviknight|Corviknight, M|42/100|[from] U-turn
|-damage|p1a: Corviknight|30/100|[from] Stealth Rock
|move|p2a: Ting-Lu|Earthquake|p1a: Corviknight
|-immune|p1a: Corviknight
|
|-heal|p2a: Ting-Lu|42/100|[from] item: Leftovers
|upkeep
|turn|13
|
|t:|1758328125
|move|p1a: Corviknight|Roost|p1a: Corviknight
|-heal|p1a: Corviknight|80/100
|-singleturn|p1a: Corviknight|move: Roost
|move|p2a: Ting-Lu|Whirlwind|p1a: Corviknight
|drag|p1a: Tyranitar|Tyranitar, M|100/100
|-damage|p1a: Tyranitar|88/100|[from] Stealth Rock
|-weather|Sandstorm|[from] ability: Sand Stream|[of] p1a: Tyranitar
|
|-weather|Sandstorm|[upkeep]
|-heal|p2a: Ting-Lu|48/100|[from] item: Leftovers
|upkeep
|turn|14
|
|t:|1758328129
|move|p1a: Tyranitar|Knock Off|p2a: Ting-Lu
|-resisted|p2a: Ting-Lu
|-damage|p2a: Ting-Lu|38/100
|-enditem|p2a: Ting-Lu|Leftovers|[from] move: Knock Off|[of] p1a: Tyranitar
|move|p2a: Ting-Lu|Ruination|p1a: Tyranitar
|-damage|p1a: Tyranitar|44/100
|
|-weather|Sandstorm|[upkeep]
|upkeep
|turn|15
|
|t:|1758328133
|switch|p1a: Corviknight|Corviknight, M|80/100
|-damage|p1a: Corviknight|67/100|[from] Stealth Rock
|move|p2a: Ting-Lu|Whirlwind|p1a: Corviknight
|drag|p1a: Hippowdon|Hippowdon, M|100/100
|-damage|p1a: Hippowdon|94/100|[from] Stealth Rock
|
|-weather|Sandstorm|[upkeep]
|upkeep
|turn|16
|
|t:|1758328143
|move|p2a: Ting-Lu|Ruination|p1a: Hippowdon
|-damage|p1a: Hippowdon|47/100
|move|p1a: Hippowdon|Stealth Rock|p2a: Ting-Lu
|-sidestart|p2: shoebat|move: Stealth Rock
|
|-weather|Sandstorm|[upkeep]
|upkeep
|turn|17
|
|t:|1758328155
|move|p1a: Hippowdon|Slack Off|p1a: Hippowdon
|-heal|p1a: Hippowdon|97/100
|move|p2a: Ting-Lu|Whirlwind|p1a: Hippowdon
|drag|p1a: Tyranitar|Tyranitar, M|44/100
|-damage|p1a: Tyranitar|32/100|[from] Stealth Rock
|
|-weather|Sandstorm|[upkeep]
|upkeep
|turn|18
|
|t:|1758328162
|move|p1a: Tyranitar|Ice Beam|p2a: Ting-Lu
|-supereffective|p2a: Ting-Lu
|-damage|p2a: Ting-Lu|20/100
|move|p2a: Ting-Lu|Earthquake|p1a: Tyranitar
|-supereffective|p1a: Tyranitar
|-damage|p1a: Tyranitar|0 fnt
|faint|p1a: Tyranitar
|
|-weather|Sandstorm|[upkeep]
|upkeep
|
|t:|1758328172
|switch|p1a: Scizor|Scizor, M|18/100
|-damage|p1a: Scizor|6/100|[from] Stealth Rock
|turn|19
|
|t:|1758328178
|switch|p2a: Skarmory|Skarmory, F|94/100
|-damage|p2a: Skarmory|82/100|[from] Stealth Rock
|move|p1a: Scizor|U-turn|p2a: Skarmory
|-resisted|p2a: Skarmory
|-damage|p2a: Skarmory|73/100
|
|t:|1758328180
|switch|p1a: Glimmora|Glimmora, M|88/100|[from] U-turn
|-damage|p1a: Glimmora|76/100|[from] Stealth Rock
|
|-weather|Sandstorm|[upkeep]
|upkeep
|turn|20
|
|t:|1758328192
|move|p1a: Glimmora|Rock Polish|p1a: Glimmora
|-boost|p1a: Glimmora|spe|2
|move|p2a: Skarmory|Brave Bird|p1a: Glimmora
|-resisted|p1a: Glimmora
|-damage|p1a: Glimmora|55/100
|-activate|p1a: Glimmora|ability: Toxic Debris
|-sidestart|p2: shoebat|move: Toxic Spikes
|-damage|p2a: Skarmory|67/100|[from] Recoil
|
|-weather|none
|upkeep
|turn|21
|
|t:|1758328202
|move|p1a: Glimmora|Meteor Beam||[still]
|-prepare|p1a: Glimmora|Meteor Beam
|-boost|p1a: Glimmora|spa|1
|-enditem|p1a: Glimmora|Power Herb
|-anim|p1a: Glimmora|Meteor Beam|p2a: Skarmory
|-damage|p2a: Skarmory|0 fnt
|faint|p2a: Skarmory
|
|upkeep
|
|t:|1758328217
|switch|p2a: Clefable|Clefable, M|81/100
|-status|p2a: Clefable|psn
|turn|22
|
|t:|1758328228
|-terastallize|p2a: Clefable|Steel
|move|p1a: Glimmora|Sludge Wave|p2a: Clefable
|-immune|p2a: Clefable
|move|p2a: Clefable|Calm Mind|p2a: Clefable
|-boost|p2a: Clefable|spa|1
|-boost|p2a: Clefable|spd|1
|
|upkeep
|turn|23
|
|t:|1758328234
|move|p1a: Glimmora|Earth Power|p2a: Clefable
|-supereffective|p2a: Clefable
|-damage|p2a: Clefable|12/100 psn
|move|p2a: Clefable|Moonblast|p1a: Glimmora
|-resisted|p1a: Glimmora
|-damage|p1a: Glimmora|25/100
|-unboost|p1a: Glimmora|spa|1
|
|upkeep
|turn|24
|
|t:|1758328246
|move|p1a: Glimmora|Earth Power|p2a: Clefable
|-supereffective|p2a: Clefable
|-damage|p2a: Clefable|0 fnt
|faint|p2a: Clefable
|
|upkeep
|
|t:|1758328265
|switch|p2a: Zamazenta|Zamazenta|100/100
|-ability|p2a: Zamazenta|Dauntless Shield|boost
|-boost|p2a: Zamazenta|def|1
|turn|25
|
|t:|1758328270
|move|p1a: Glimmora|Sludge Wave|p2a: Zamazenta
|-damage|p2a: Zamazenta|48/100
|move|p2a: Zamazenta|Crunch|p1a: Glimmora
|-damage|p1a: Glimmora|0 fnt
|-activate|p1a: Glimmora|ability: Toxic Debris
|-sidestart|p2: shoebat|move: Toxic Spikes
|faint|p1a: Glimmora
|
|upkeep
|
|t:|1758328292
|switch|p1a: Hippowdon|Hippowdon, M|97/100
|-damage|p1a: Hippowdon|91/100|[from] Stealth Rock
|-weather|Sandstorm|[from] ability: Sand Stream|[of] p1a: Hippowdon
|turn|26
|
|t:|1758328299
|switch|p2a: Pecharunt|Pecharunt|100/100
|-sideend|p2: shoebat|move: Toxic Spikes|[of] p2a: Pecharunt
|move|p1a: Hippowdon|Whirlwind|p2a: Pecharunt
|drag|p2a: Zamazenta|Zamazenta|48/100
|
|-weather|Sandstorm|[upkeep]
|-damage|p2a: Zamazenta|42/100|[from] Sandstorm
|upkeep
|turn|27
|
|t:|1758328311
|switch|p2a: Pecharunt|Pecharunt|100/100
|move|p1a: Hippowdon|Whirlwind|p2a: Pecharunt
|drag|p2a: Zamazenta|Zamazenta|42/100
|
|-weather|Sandstorm|[upkeep]
|-damage|p2a: Zamazenta|36/100|[from] Sandstorm
|upkeep
|turn|28
|
|t:|1758328318
|switch|p2a: Pecharunt|Pecharunt|100/100
|move|p1a: Hippowdon|Whirlwind|p2a: Pecharunt
|drag|p2a: Walking Wake|Walking Wake|100/100
|
|-weather|Sandstorm|[upkeep]
|-damage|p2a: Walking Wake|94/100|[from] Sandstorm
|upkeep
|turn|29
|
|t:|1758328327
|switch|p1a: Scizor|Scizor, M|6/100
|-damage|p1a: Scizor|0 fnt|[from] Stealth Rock
|faint|p1a: Scizor
|move|p2a: Walking Wake|Surf|p1: Scizor|[notarget]
|-fail|p2a: Walking Wake
|
|-weather|Sandstorm|[upkeep]
|-damage|p2a: Walking Wake|88/100|[from] Sandstorm
|upkeep
|
|t:|1758328328
|switch|p1a: Excadrill|Excadrill, M|100/100
|-damage|p1a: Excadrill|97/100|[from] Stealth Rock
|turn|30
|
|t:|1758328338
|-end|p2a: Walking Wake|Protosynthesis|[silent]
|switch|p2a: Ting-Lu|Ting-Lu|20/100
|-damage|p2a: Ting-Lu|13/100|[from] Stealth Rock
|-ability|p2a: Ting-Lu|Vessel of Ruin
|move|p1a: Excadrill|Earthquake|p2a: Ting-Lu
|-damage|p2a: Ting-Lu|0 fnt
|faint|p2a: Ting-Lu
|
|-weather|Sandstorm|[upkeep]
|upkeep
|
|t:|1758328349
|switch|p2a: Pecharunt|Pecharunt|100/100
|turn|31
|
|t:|1758328356
|move|p1a: Excadrill|Earthquake|p2a: Pecharunt
|-supereffective|p2a: Pecharunt
|-damage|p2a: Pecharunt|40/100
|move|p2a: Pecharunt|Foul Play|p1a: Excadrill
|-damage|p1a: Excadrill|45/100
|
|-weather|Sandstorm|[upkeep]
|-damage|p2a: Pecharunt|34/100|[from] Sandstorm
|upkeep
|turn|32
|
|t:|1758328366
|move|p1a: Excadrill|Earthquake|p2a: Pecharunt
|-supereffective|p2a: Pecharunt
|-damage|p2a: Pecharunt|0 fnt
|faint|p2a: Pecharunt
|
|-weather|Sandstorm|[upkeep]
|upkeep
|
|t:|1758328369
|switch|p2a: Zamazenta|Zamazenta|36/100
|turn|33
|
|t:|1758328372
|move|p1a: Excadrill|Earthquake|p2a: Zamazenta
|-damage|p2a: Zamazenta|0 fnt
|faint|p2a: Zamazenta
|
|-weather|none
|upkeep
|
|t:|1758328373
|switch|p2a: Walking Wake|Walking Wake|88/100
|turn|34
|
|t:|1758328380
|switch|p1a: Hippowdon|Hippowdon, M|91/100
|-damage|p1a: Hippowdon|85/100|[from] Stealth Rock
|-weather|Sandstorm|[from] ability: Sand Stream|[of] p1a: Hippowdon
|move|p2a: Walking Wake|Surf|p1a: Hippowdon
|-supereffective|p1a: Hippowdon
|-damage|p1a: Hippowdon|0 fnt
|faint|p1a: Hippowdon
|
|-weather|Sandstorm|[upkeep]
|-damage|p2a: Walking Wake|82/100|[from] Sandstorm
|upkeep
|
|t:|1758328383
|switch|p1a: Corviknight|Corviknight, M|67/100
|-damage|p1a: Corviknight|55/100|[from] Stealth Rock
|turn|35
|
|t:|1758328388
|-terastallize|p1a: Corviknight|Dragon
|move|p2a: Walking Wake|Surf|p1a: Corviknight
|-resisted|p1a: Corviknight
|-damage|p1a: Corviknight|33/100
|move|p1a: Corviknight|Brave Bird|p2a: Walking Wake
|-damage|p2a: Walking Wake|39/100
|-damage|p1a: Corviknight|21/100|[from] Recoil
|
|-weather|Sandstorm|[upkeep]
|-damage|p2a: Walking Wake|33/100|[from] Sandstorm
|-damage|p1a: Corviknight|15/100|[from] Sandstorm
|upkeep
|turn|36
|
|t:|1758328399
|move|p2a: Walking Wake|Surf|p1a: Corviknight
|-resisted|p1a: Corviknight
|-damage|p1a: Corviknight|0 fnt
|faint|p1a: Corviknight
|
|-weather|Sandstorm|[upkeep]
|-damage|p2a: Walking Wake|27/100|[from] Sandstorm
|upkeep
|
|t:|1758328401
|switch|p1a: Excadrill|Excadrill, M|45/100
|-damage|p1a: Excadrill|42/100|[from] Stealth Rock
|turn|37
|
|t:|1758328402
|move|p1a: Excadrill|Earthquake|p2a: Walking Wake
|-damage|p2a: Walking Wake|0 fnt
|faint|p2a: Walking Wake
|-end|p2a: Walking Wake|Protosynthesis|[silent]
|
|win|4DEF+4SPD=GG
|raw|4DEF+4SPD=GG's rating: 1515 &rarr; <strong>1535</strong><br />(+20 for winning)
|raw|shoebat's rating: 1517 &rarr; <strong>1497</strong><br />(-20 for losing)
|l|☆shoebat
|player|p2|
|l|☆4DEF+4SPD=GG
|player|p1|
