|j|☆kiarnjd
|j|☆NotClevey
|t:|1758244764
|gametype|singles
|player|p1|kiarnjd|red|1329
|player|p2|NotClevey|pryce|1380
|gen|9
|tier|[Gen 9] OU
|rated|
|rule|HP Percentage Mod: HP is shown in percentages
|rule|Endless Battle Clause: Forcing endless battles is banned
|rule|Species Clause: Limit one of each Pokémon
|rule|OHKO Clause: OHKO moves are banned
|rule|Evasion Items Clause: Evasion items are banned
|rule|Evasion Moves Clause: Evasion moves are banned
|rule|Evasion Abilities Clause: Evasion abilities are banned
|rule|Sleep Moves Clause: Sleep-inducing moves are banned
|clearpoke
|poke|p1|Thundurus-Therian, M|
|poke|p1|Cinderace, M|
|poke|p1|Quaquaval, M|
|poke|p1|Clefable, M|
|poke|p1|Pecharunt|
|poke|p1|Iron Boulder|
|poke|p2|Cinderace, F|
|poke|p2|Enamorus, F|
|poke|p2|Alomomola, F|
|poke|p2|Dragapult, M|
|poke|p2|Corviknight, F|
|poke|p2|Ogerpon, F|
|teampreview
|inactive|Battle timer is ON: inactive players will automatically lose when time's up. (requested by NotClevey)
|inactive|kiarnjd also wants the timer to be on.
|j| YUH Uub
|
|t:|1758244785
|teamsize|p1|6
|teamsize|p2|6
|start
|switch|p1a: Clefable|Clefable, M|100/100
|switch|p2a: 遇见球王了|Cinderace, F|100/100
|turn|1
|
|t:|1758244791
|move|p2a: 遇见球王了|Pyro Ball|p1a: Clefable
|-damage|p1a: Clefable|38/100
|-damage|p2a: 遇见球王了|91/100|[from] item: Life Orb
|move|p1a: Clefable|Thunder Wave|p2a: 遇见球王了
|-status|p2a: 遇见球王了|par
|
|-heal|p1a: Clefable|44/100|[from] item: Leftovers
|upkeep
|turn|2
|
|t:|1758244799
|switch|p1a: Quaquaval|Quaquaval, M|100/100
|move|p2a: 遇见球王了|Pyro Ball|p1a: Quaquaval
|-resisted|p1a: Quaquaval
|-damage|p1a: Quaquaval|55/100
|-damage|p2a: 遇见球王了|81/100 par|[from] item: Life Orb
|
|upkeep
|turn|3
|
|t:|1758244805
|move|p1a: Quaquaval|Aqua Step|p2a: 遇见球王了
|-supereffective|p2a: 遇见球王了
|-damage|p2a: 遇见球王了|0 fnt
|-boost|p1a: Quaquaval|spe|1
|faint|p2a: 遇见球王了
|-ability|p1a: Quaquaval|Moxie|boost
|-boost|p1a: Quaquaval|atk|1
|
|upkeep
|
|t:|1758244810
|switch|p2a: 钢骑士|Corviknight, F, shiny|100/100
|turn|4
|
|t:|1758244819
|-terastallize|p1a: Quaquaval|Steel
|move|p1a: Quaquaval|Close Combat|p2a: 钢骑士
|-damage|p2a: 钢骑士|16/100
|-unboost|p1a: Quaquaval|def|1
|-unboost|p1a: Quaquaval|spd|1
|move|p2a: 钢骑士|Brave Bird|p1a: Quaquaval
|-resisted|p1a: Quaquaval
|-damage|p1a: Quaquaval|17/100
|-damage|p2a: 钢骑士|6/100|[from] Recoil
|
|upkeep
|turn|5
|
|t:|1758244829
|move|p1a: Quaquaval|Aqua Step|p2a: 钢骑士
|-damage|p2a: 钢骑士|0 fnt
|-boost|p1a: Quaquaval|spe|1
|faint|p2a: 钢骑士
|-ability|p1a: Quaquaval|Moxie|boost
|-boost|p1a: Quaquaval|atk|1
|
|upkeep
|
|t:|1758244838
|switch|p2a: 一棒子敲亖你喵|Ogerpon, F|100/100
|turn|6
|
|t:|1758244843
|-terastallize|p2a: 一棒子敲亖你喵|Grass
|detailschange|p2a: 一棒子敲亖你喵|Ogerpon-Teal-Tera, F, tera:Grass
|-ability|p2a: 一棒子敲亖你喵|Embody Aspect (Teal)|boost
|-boost|p2a: 一棒子敲亖你喵|spe|1
|move|p1a: Quaquaval|Knock Off|p2a: 一棒子敲亖你喵
|-damage|p2a: 一棒子敲亖你喵|9/100
|-enditem|p2a: 一棒子敲亖你喵|Choice Band|[from] move: Knock Off|[of] p1a: Quaquaval
|move|p2a: 一棒子敲亖你喵|Ivy Cudgel|p1a: Quaquaval
|-resisted|p1a: Quaquaval
|-crit|p1a: Quaquaval
|-damage|p1a: Quaquaval|0 fnt
|faint|p1a: Quaquaval
|
|upkeep
|
|t:|1758244852
|switch|p1a: Iron Boulder|Iron Boulder|100/100
|-enditem|p1a: Iron Boulder|Booster Energy
|-activate|p1a: Iron Boulder|ability: Quark Drive|[fromitem]
|-start|p1a: Iron Boulder|quarkdrivespe
|turn|7
|
|t:|1758244863
|move|p1a: Iron Boulder|Mighty Cleave|p2a: 一棒子敲亖你喵
|-damage|p2a: 一棒子敲亖你喵|0 fnt
|faint|p2a: 一棒子敲亖你喵
|detailschange|p2: 一棒子敲亖你喵|Ogerpon, F|[silent]
|
|upkeep
|
|t:|1758244869
|switch|p2a: 鬼影|Dragapult, M|100/100
|turn|8
|
|t:|1758244877
|move|p1a: Iron Boulder|Mighty Cleave|p2a: 鬼影
|-damage|p2a: 鬼影|24/100
|move|p2a: 鬼影|Thunder Wave|p1a: Iron Boulder
|-status|p1a: Iron Boulder|par
|
|upkeep
|turn|9
|
|t:|1758244884
|move|p2a: 鬼影|Dragon Darts|p1a: Iron Boulder
|-damage|p1a: Iron Boulder|60/100 par
|-anim|p2a: 鬼影|Dragon Darts|p1a: Iron Boulder
|-damage|p1a: Iron Boulder|22/100 par
|cant|p1a: Iron Boulder|par
|
|upkeep
|turn|10
|c|☆kiarnjd|course lol
|
|t:|1758244896
|move|p2a: 鬼影|U-turn|p1a: Iron Boulder
|-supereffective|p1a: Iron Boulder
|-damage|p1a: Iron Boulder|0 fnt
|faint|p1a: Iron Boulder
|-end|p1a: Iron Boulder|Quark Drive|[silent]
|
|t:|1758244904
|switch|p2a: 星月纵酒对天叹|Enamorus, F|100/100|[from] U-turn
|
|upkeep
|
|t:|1758244910
|switch|p1a: Cinderace|Cinderace, M|100/100
|turn|11
|
|t:|1758244914
|move|p2a: 星月纵酒对天叹|Earth Power|p1a: Cinderace
|-supereffective|p1a: Cinderace
|-damage|p1a: Cinderace|2/100
|move|p1a: Cinderace|Pyro Ball|p2a: 星月纵酒对天叹
|-damage|p2a: 星月纵酒对天叹|13/100
|
|upkeep
|turn|12
|
|t:|1758244920
|move|p1a: Cinderace|Sucker Punch|p2a: 星月纵酒对天叹
|-start|p1a: Cinderace|typechange|Dark|[from] ability: Libero
|-resisted|p2a: 星月纵酒对天叹
|-damage|p2a: 星月纵酒对天叹|0 fnt
|faint|p2a: 星月纵酒对天叹
|
|upkeep
|
|t:|1758244924
|switch|p2a: 鬼影|Dragapult, M|24/100
|turn|13
|
|t:|1758244927
|move|p1a: Cinderace|Sucker Punch|p2a: 鬼影
|-supereffective|p2a: 鬼影
|-damage|p2a: 鬼影|0 fnt
|faint|p2a: 鬼影
|
|upkeep
|
|t:|1758244929
|switch|p2a: PinklePinkle|Alomomola, F|100/100
|turn|14
|
|t:|1758244932
|move|p1a: Cinderace|Pyro Ball|p2a: PinklePinkle
|-resisted|p2a: PinklePinkle
|-damage|p2a: PinklePinkle|89/100
|move|p2a: PinklePinkle|Chilling Water|p1a: Cinderace
|-damage|p1a: Cinderace|0 fnt
|faint|p1a: Cinderace
|
|upkeep
|
|t:|1758244935
|switch|p1a: Thundurus|Thundurus-Therian, M|100/100
|turn|15
|
|t:|1758244937
|move|p1a: Thundurus|Thunderbolt|p2a: PinklePinkle
|-supereffective|p2a: PinklePinkle
|-damage|p2a: PinklePinkle|0 fnt
|faint|p2a: PinklePinkle
|
|win|kiarnjd
|raw|kiarnjd's rating: 1329 &rarr; <strong>1352</strong><br />(+23 for winning)
|raw|NotClevey's rating: 1380 &rarr; <strong>1357</strong><br />(-23 for losing)
|c|☆kiarnjd|gg
|l|☆NotClevey
|player|p2|
