|j|☆oreoinabox
|j|☆Yz99999
|t:|1758320076
|gametype|singles
|player|p1|oreoinabox|169|1584
|player|p2|Yz99999|2|1562
|gen|9
|tier|[Gen 9] OU
|rated|
|rule|HP Percentage Mod: HP is shown in percentages
|rule|Endless Battle Clause: Forcing endless battles is banned
|rule|Species Clause: Limit one of each Pokémon
|rule|OHKO Clause: OHKO moves are banned
|rule|Evasion Items Clause: Evasion items are banned
|rule|Evasion Moves Clause: Evasion moves are banned
|rule|Evasion Abilities Clause: Evasion abilities are banned
|rule|Sleep Moves Clause: Sleep-inducing moves are banned
|clearpoke
|poke|p1|Iron Thorns|
|poke|p1|Araquanid, M|
|poke|p1|Blastoise, M|
|poke|p1|Corviknight, M|
|poke|p1|Meowscarada, M|
|poke|p1|Great Tusk|
|poke|p2|Garganacl, F|
|poke|p2|Corviknight, F|
|poke|p2|Great Tusk|
|poke|p2|Scizor, F|
|poke|p2|Raging Bolt|
|poke|p2|Maushold-Four|
|teampreview
|inactive|Battle timer is ON: inactive players will automatically lose when time's up. (requested by oreoinabox)
|
|t:|1758320080
|teamsize|p1|6
|teamsize|p2|6
|start
|switch|p1a: Araquanid|Araquanid, M|100/100
|switch|p2a: Scizor|Scizor, F|100/100
|turn|1
|
|t:|1758320083
|move|p2a: Scizor|Dual Wingbeat|p1a: Araquanid
|-supereffective|p1a: Araquanid
|-damage|p1a: Araquanid|30/100
|-supereffective|p1a: Araquanid
|-damage|p1a: Araquanid|0 fnt
|faint|p1a: Araquanid
|-hitcount|p1: Araquanid|2
|
|upkeep
|
|t:|1758320097
|switch|p1a: Blastoise|Blastoise, M|100/100
|turn|2
|
|t:|1758320100
|switch|p2a: Raging Bolt|Raging Bolt|100/100
|move|p1a: Blastoise|Shell Smash|p1a: Blastoise
|-unboost|p1a: Blastoise|def|1
|-unboost|p1a: Blastoise|spd|1
|-boost|p1a: Blastoise|atk|2
|-boost|p1a: Blastoise|spa|2
|-boost|p1a: Blastoise|spe|2
|-enditem|p1a: Blastoise|White Herb
|-clearnegativeboost|p1a: Blastoise|[silent]
|
|upkeep
|turn|3
|
|t:|1758320102
|-terastallize|p1a: Blastoise|Fighting
|move|p2a: Raging Bolt|Thunderclap|p1a: Blastoise
|-damage|p1a: Blastoise|36/100
|move|p1a: Blastoise|Ice Beam|p2a: Raging Bolt
|-supereffective|p2a: Raging Bolt
|-damage|p2a: Raging Bolt|9/100
|
|upkeep
|turn|4
|
|t:|1758320110
|switch|p1a: Iron Thorns|Iron Thorns|100/100
|-enditem|p1a: Iron Thorns|Booster Energy
|-activate|p1a: Iron Thorns|ability: Quark Drive|[fromitem]
|-start|p1a: Iron Thorns|quarkdriveatk
|move|p2a: Raging Bolt|Thunderclap||[still]
|-fail|p2a: Raging Bolt
|
|upkeep
|turn|5
|
|t:|1758320114
|-end|p2a: Raging Bolt|Protosynthesis|[silent]
|switch|p2a: Corviknight|Corviknight, F|100/100
|-ability|p2a: Corviknight|Pressure
|move|p1a: Iron Thorns|Dragon Dance|p1a: Iron Thorns
|-boost|p1a: Iron Thorns|atk|1
|-boost|p1a: Iron Thorns|spe|1
|
|upkeep
|turn|6
|
|t:|1758320116
|move|p1a: Iron Thorns|Supercell Slam|p2a: Corviknight
|-supereffective|p2a: Corviknight
|-damage|p2a: Corviknight|0 fnt
|-damage|p1a: Iron Thorns|84/100|[from] item: Rocky Helmet|[of] p2a: Corviknight
|faint|p2a: Corviknight
|
|upkeep
|
|t:|1758320120
|switch|p2a: Great Tusk|Great Tusk|100/100
|turn|7
|
|t:|1758320123
|move|p1a: Iron Thorns|Ice Punch|p2a: Great Tusk
|-supereffective|p2a: Great Tusk
|-damage|p2a: Great Tusk|22/100
|-status|p2a: Great Tusk|frz
|-curestatus|p2a: Great Tusk|frz|[msg]
|move|p2a: Great Tusk|Headlong Rush|p1a: Iron Thorns
|-supereffective|p1a: Iron Thorns
|-damage|p1a: Iron Thorns|0 fnt
|-unboost|p2a: Great Tusk|def|1
|-unboost|p2a: Great Tusk|spd|1
|faint|p1a: Iron Thorns
|-end|p1a: Iron Thorns|Quark Drive|[silent]
|
|upkeep
|
|t:|1758320134
|switch|p1a: Meowscarada|Meowscarada, M|100/100
|turn|8
|
|t:|1758320140
|-end|p2a: Great Tusk|Protosynthesis|[silent]
|switch|p2a: Raging Bolt|Raging Bolt|9/100
|move|p1a: Meowscarada|U-turn|p2a: Raging Bolt
|-start|p1a: Meowscarada|typechange|Bug|[from] ability: Protean
|-damage|p2a: Raging Bolt|0 fnt
|faint|p2a: Raging Bolt
|-end|p2a: Raging Bolt|Protosynthesis|[silent]
|
|t:|1758320143
|switch|p1a: Blastoise|Blastoise, M, tera:Fighting|36/100|[from] U-turn
|
|upkeep
|
|t:|1758320150
|switch|p2a: Scizor|Scizor, F|100/100
|turn|9
|
|t:|1758320153
|switch|p1a: Corviknight|Corviknight, M|100/100
|-ability|p1a: Corviknight|Pressure
|move|p2a: Scizor|U-turn|p1a: Corviknight
|-resisted|p1a: Corviknight
|-damage|p1a: Corviknight|90/100
|-damage|p2a: Scizor|84/100|[from] item: Rocky Helmet|[of] p1a: Corviknight
|
|t:|1758320155
|switch|p2a: Great Tusk|Great Tusk|22/100|[from] U-turn
|
|upkeep
|turn|10
|
|t:|1758320159
|move|p2a: Great Tusk|Knock Off|p1a: Corviknight
|-damage|p1a: Corviknight|67/100
|-damage|p2a: Great Tusk|6/100|[from] item: Rocky Helmet|[of] p1a: Corviknight
|-enditem|p1a: Corviknight|Rocky Helmet|[from] move: Knock Off|[of] p2a: Great Tusk
|move|p1a: Corviknight|Brave Bird|p2a: Great Tusk
|-supereffective|p2a: Great Tusk
|-damage|p2a: Great Tusk|0 fnt
|faint|p2a: Great Tusk
|-end|p2a: Great Tusk|Protosynthesis|[silent]
|-damage|p1a: Corviknight|66/100|[from] Recoil
|
|upkeep
|
|t:|1758320162
|switch|p2a: Garganacl|Garganacl, F|100/100
|turn|11
|
|t:|1758320165
|move|p1a: Corviknight|U-turn|p2a: Garganacl
|-damage|p2a: Garganacl|91/100
|
|t:|1758320170
|switch|p1a: Meowscarada|Meowscarada, M|100/100|[from] U-turn
|move|p2a: Garganacl|Salt Cure|p1a: Meowscarada
|-damage|p1a: Meowscarada|77/100
|-start|p1a: Meowscarada|Salt Cure
|
|-heal|p2a: Garganacl|98/100|[from] item: Leftovers
|-damage|p1a: Meowscarada|65/100|[from] Salt Cure
|upkeep
|turn|12
|
|t:|1758320173
|move|p2a: Garganacl|Protect|p2a: Garganacl
|-singleturn|p2a: Garganacl|Protect
|move|p1a: Meowscarada|Flower Trick|p2a: Garganacl
|-start|p1a: Meowscarada|typechange|Grass|[from] ability: Protean
|-activate|p2a: Garganacl|move: Protect
|
|-heal|p2a: Garganacl|100/100|[from] item: Leftovers
|-damage|p1a: Meowscarada|52/100|[from] Salt Cure
|upkeep
|turn|13
|
|t:|1758320176
|switch|p1a: Corviknight|Corviknight, M|66/100
|-ability|p1a: Corviknight|Pressure
|switch|p2a: Scizor|Scizor, F|84/100
|
|upkeep
|turn|14
|
|t:|1758320179
|move|p1a: Corviknight|Roost|p1a: Corviknight
|-heal|p1a: Corviknight|100/100
|-singleturn|p1a: Corviknight|move: Roost
|move|p2a: Scizor|Close Combat|p1a: Corviknight
|-supereffective|p1a: Corviknight
|-crit|p1a: Corviknight
|-damage|p1a: Corviknight|0 fnt
|-unboost|p2a: Scizor|def|1
|-unboost|p2a: Scizor|spd|1
|faint|p1a: Corviknight
|
|upkeep
|
|t:|1758320186
|switch|p1a: Blastoise|Blastoise, M, tera:Fighting|36/100
|turn|15
|
|t:|1758320187
|move|p1a: Blastoise|Surf|p2a: Scizor
|-damage|p2a: Scizor|14/100
|move|p2a: Scizor|Close Combat|p1a: Blastoise
|-damage|p1a: Blastoise|0 fnt
|-unboost|p2a: Scizor|def|1
|-unboost|p2a: Scizor|spd|1
|faint|p1a: Blastoise
|
|upkeep
|
|t:|1758320196
|switch|p1a: Great Tusk|Great Tusk|100/100
|turn|16
|
|t:|1758320199
|move|p1a: Great Tusk|Rapid Spin|p2a: Scizor
|-resisted|p2a: Scizor
|-damage|p2a: Scizor|0 fnt
|-boost|p1a: Great Tusk|spe|1
|faint|p2a: Scizor
|
|upkeep
|
|t:|1758320201
|switch|p2a: Garganacl|Garganacl, F|100/100
|turn|17
|
|t:|1758320205
|-terastallize|p2a: Garganacl|Fairy
|move|p1a: Great Tusk|Headlong Rush|p2a: Garganacl
|-damage|p2a: Garganacl|56/100
|-unboost|p1a: Great Tusk|def|1
|-unboost|p1a: Great Tusk|spd|1
|move|p2a: Garganacl|Salt Cure|p1a: Great Tusk
|-resisted|p1a: Great Tusk
|-damage|p1a: Great Tusk|97/100
|-start|p1a: Great Tusk|Salt Cure
|
|-heal|p2a: Garganacl|62/100|[from] item: Leftovers
|-damage|p1a: Great Tusk|84/100|[from] Salt Cure
|upkeep
|turn|18
|
|t:|1758320220
|-end|p1a: Great Tusk|Protosynthesis|[silent]
|switch|p1a: Meowscarada|Meowscarada, M|52/100
|move|p2a: Garganacl|Recover|p2a: Garganacl
|-heal|p2a: Garganacl|100/100
|
|upkeep
|turn|19
|
|t:|1758320225
|move|p2a: Garganacl|Protect|p2a: Garganacl
|-singleturn|p2a: Garganacl|Protect
|move|p1a: Meowscarada|Flower Trick|p2a: Garganacl
|-start|p1a: Meowscarada|typechange|Grass|[from] ability: Protean
|-activate|p2a: Garganacl|move: Protect
|
|upkeep
|turn|20
|
|t:|1758320228
|move|p1a: Meowscarada|Flower Trick|p2a: Garganacl
|-crit|p2a: Garganacl
|-damage|p2a: Garganacl|53/100
|move|p2a: Garganacl|Salt Cure|p1a: Meowscarada
|-damage|p1a: Meowscarada|31/100
|-start|p1a: Meowscarada|Salt Cure
|
|-heal|p2a: Garganacl|59/100|[from] item: Leftovers
|-damage|p1a: Meowscarada|19/100|[from] Salt Cure
|upkeep
|turn|21
|
|t:|1758320236
|switch|p1a: Great Tusk|Great Tusk|84/100
|move|p2a: Garganacl|Protect||[still]
|-fail|p2a: Garganacl
|
|-heal|p2a: Garganacl|65/100|[from] item: Leftovers
|upkeep
|turn|22
|
|t:|1758320241
|move|p1a: Great Tusk|Headlong Rush|p2a: Garganacl
|-crit|p2a: Garganacl
|-damage|p2a: Garganacl|0 fnt
|-unboost|p1a: Great Tusk|def|1
|-unboost|p1a: Great Tusk|spd|1
|faint|p2a: Garganacl
|
|upkeep
|
|t:|1758320245
|switch|p2a: Maushold|Maushold-Four|100/100
|turn|23
|
|t:|1758320250
|move|p2a: Maushold|Population Bomb|p1a: Great Tusk
|-damage|p1a: Great Tusk|71/100
|-damage|p1a: Great Tusk|59/100
|-damage|p1a: Great Tusk|46/100
|-damage|p1a: Great Tusk|34/100
|-damage|p1a: Great Tusk|23/100
|-damage|p1a: Great Tusk|11/100
|-damage|p1a: Great Tusk|0 fnt
|faint|p1a: Great Tusk
|-end|p1a: Great Tusk|Protosynthesis|[silent]
|-hitcount|p1: Great Tusk|7
|
|upkeep
|
|t:|1758320252
|switch|p1a: Meowscarada|Meowscarada, M|19/100
|turn|24
|
|t:|1758320256
|move|p1a: Meowscarada|Flower Trick|p2a: Maushold
|-start|p1a: Meowscarada|typechange|Grass|[from] ability: Protean
|-crit|p2a: Maushold
|-damage|p2a: Maushold|0 fnt
|faint|p2a: Maushold
|
|win|oreoinabox
|raw|oreoinabox's rating: 1584 &rarr; <strong>1603</strong><br />(+19 for winning)
|raw|Yz99999's rating: 1562 &rarr; <strong>1543</strong><br />(-19 for losing)
|l|☆Yz99999
|player|p2|
|l|☆oreoinabox
|player|p1|
