|j|☆aquagoboom
|j|☆EmmanuelR205506
|t:|1758260507
|gametype|singles
|player|p1|aquagoboom|265|1548
|player|p2|EmmanuelR205506|palmer|1617
|gen|9
|tier|[Gen 9] OU
|rated|
|rule|HP Percentage Mod: HP is shown in percentages
|rule|Endless Battle Clause: Forcing endless battles is banned
|rule|Species Clause: Limit one of each Pokémon
|rule|OHKO Clause: OHKO moves are banned
|rule|Evasion Items Clause: Evasion items are banned
|rule|Evasion Moves Clause: Evasion moves are banned
|rule|Evasion Abilities Clause: Evasion abilities are banned
|rule|Sleep Moves Clause: Sleep-inducing moves are banned
|clearpoke
|poke|p1|Great Tusk|
|poke|p1|Heatran, M|
|poke|p1|Weavile, M|
|poke|p1|Primarina, M|
|poke|p1|Ogerpon, F|
|poke|p1|Pecharunt|
|poke|p2|Cinderace, M|
|poke|p2|Gholdengo|
|poke|p2|Heatran, M|
|poke|p2|Great Tusk|
|poke|p2|Primarina, F|
|poke|p2|Iron Valiant|
|teampreview
|inactive|Battle timer is ON: inactive players will automatically lose when time's up. (requested by EmmanuelR205506)
|
|t:|1758260523
|teamsize|p1|6
|teamsize|p2|6
|start
|switch|p1a: Chaos|Heatran, M, shiny|100/100
|switch|p2a: Cinderace|Cinderace, M|100/100
|-item|p1a: Chaos|Air Balloon
|turn|1
|
|t:|1758260528
|move|p2a: Cinderace|High Jump Kick|p1a: Chaos
|-start|p2a: Cinderace|typechange|Fighting|[from] ability: Libero
|-supereffective|p1a: Chaos
|-damage|p1a: Chaos|0 fnt
|-enditem|p1a: Chaos|Air Balloon
|faint|p1a: Chaos
|
|upkeep
|
|t:|1758260534
|switch|p1a: Overseer|Pecharunt|100/100
|turn|2
|
|t:|1758260536
|switch|p2a: Gholdengo|Gholdengo|100/100
|move|p1a: Overseer|Shadow Ball|p2a: Gholdengo
|-supereffective|p2a: Gholdengo
|-damage|p2a: Gholdengo|50/100
|
|-heal|p2a: Gholdengo|56/100|[from] item: Leftovers
|upkeep
|turn|3
|
|t:|1758260545
|switch|p1a: Celestine|Primarina, M, shiny|100/100
|move|p2a: Gholdengo|Thunder Wave|p1a: Celestine
|-status|p1a: Celestine|par
|
|-heal|p2a: Gholdengo|62/100|[from] item: Leftovers
|upkeep
|turn|4
|
|t:|1758260550
|move|p2a: Gholdengo|Recover|p2a: Gholdengo
|-heal|p2a: Gholdengo|100/100
|move|p1a: Celestine|Flip Turn|p2a: Gholdengo
|-damage|p2a: Gholdengo|91/100
|
|t:|1758260555
|switch|p1a: Bandit|Weavile, M, shiny|100/100|[from] Flip Turn
|-ability|p1a: Bandit|Pressure
|
|-heal|p2a: Gholdengo|97/100|[from] item: Leftovers
|upkeep
|turn|5
|
|t:|1758260559
|switch|p2a: Great Tusk|Great Tusk|100/100
|move|p1a: Bandit|Knock Off|p2a: Great Tusk
|-resisted|p2a: Great Tusk
|-damage|p2a: Great Tusk|84/100
|-damage|p1a: Bandit|84/100|[from] item: Rocky Helmet|[of] p2a: Great Tusk
|-enditem|p2a: Great Tusk|Rocky Helmet|[from] move: Knock Off|[of] p1a: Bandit
|
|upkeep
|turn|6
|
|t:|1758260567
|switch|p1a: Overseer|Pecharunt|100/100
|move|p2a: Great Tusk|Knock Off|p1a: Overseer
|-supereffective|p1a: Overseer
|-damage|p1a: Overseer|75/100
|-damage|p2a: Great Tusk|67/100|[from] item: Rocky Helmet|[of] p1a: Overseer
|-enditem|p1a: Overseer|Rocky Helmet|[from] move: Knock Off|[of] p2a: Great Tusk
|
|upkeep
|turn|7
|
|t:|1758260572
|move|p1a: Overseer|Shadow Ball|p2a: Great Tusk
|-damage|p2a: Great Tusk|37/100
|move|p2a: Great Tusk|Earthquake|p1a: Overseer
|-supereffective|p1a: Overseer
|-damage|p1a: Overseer|35/100
|
|upkeep
|turn|8
|
|t:|1758260577
|-end|p2a: Great Tusk|Protosynthesis|[silent]
|switch|p2a: Gholdengo|Gholdengo|97/100
|move|p1a: Overseer|Recover|p1a: Overseer
|-heal|p1a: Overseer|85/100
|
|-heal|p2a: Gholdengo|100/100|[from] item: Leftovers
|upkeep
|turn|9
|
|t:|1758260583
|switch|p1a: Celestine|Primarina, M, shiny|100/100 par
|move|p2a: Gholdengo|Hex|p1a: Celestine
|-damage|p1a: Celestine|68/100 par
|
|upkeep
|turn|10
|
|t:|1758260587
|move|p2a: Gholdengo|Hex|p1a: Celestine
|-damage|p1a: Celestine|37/100 par
|move|p1a: Celestine|Flip Turn|p2a: Gholdengo
|-damage|p2a: Gholdengo|89/100
|
|t:|1758260597
|switch|p1a: Anonymous|Ogerpon, F|100/100|[from] Flip Turn
|
|-heal|p2a: Gholdengo|95/100|[from] item: Leftovers
|upkeep
|turn|11
|
|t:|1758260602
|move|p1a: Anonymous|Knock Off|p2a: Gholdengo
|-supereffective|p2a: Gholdengo
|-damage|p2a: Gholdengo|33/100
|-enditem|p2a: Gholdengo|Leftovers|[from] move: Knock Off|[of] p1a: Anonymous
|move|p2a: Gholdengo|Thunder Wave|p1a: Anonymous|[miss]
|-miss|p2a: Gholdengo|p1a: Anonymous
|
|upkeep
|turn|12
|
|t:|1758260610
|switch|p2a: Great Tusk|Great Tusk|37/100
|move|p1a: Anonymous|Knock Off|p2a: Great Tusk
|-resisted|p2a: Great Tusk
|-damage|p2a: Great Tusk|30/100
|
|upkeep
|turn|13
|
|t:|1758260617
|switch|p1a: Overseer|Pecharunt|85/100
|move|p2a: Great Tusk|Knock Off|p1a: Overseer
|-supereffective|p1a: Overseer
|-crit|p1a: Overseer
|-damage|p1a: Overseer|58/100
|
|upkeep
|turn|14
|
|t:|1758260626
|move|p1a: Overseer|Shadow Ball|p2a: Great Tusk
|-damage|p2a: Great Tusk|0 fnt
|faint|p2a: Great Tusk
|-end|p2a: Great Tusk|Protosynthesis|[silent]
|
|upkeep
|
|t:|1758260632
|switch|p2a: Heatran|Heatran, M|100/100
|turn|15
|
|t:|1758260634
|switch|p1a: Celestine|Primarina, M, shiny|37/100 par
|move|p2a: Heatran|Magma Storm|p1a: Celestine
|-resisted|p1a: Celestine
|-damage|p1a: Celestine|26/100 par
|-activate|p1a: Celestine|move: Magma Storm|[of] p2a: Heatran
|
|-damage|p1a: Celestine|14/100 par|[from] move: Magma Storm|[partiallytrapped]
|upkeep
|turn|16
|
|t:|1758260641
|move|p2a: Heatran|Stealth Rock|p1a: Celestine
|-sidestart|p1: aquagoboom|move: Stealth Rock
|move|p1a: Celestine|Psychic Noise|p2a: Heatran
|-supereffective|p2a: Heatran
|-damage|p2a: Heatran|49/100
|-start|p2a: Heatran|move: Heal Block
|
|-damage|p1a: Celestine|1/100 par|[from] move: Magma Storm|[partiallytrapped]
|upkeep
|turn|17
|
|t:|1758260647
|move|p2a: Heatran|Earth Power|p1a: Celestine
|-damage|p1a: Celestine|0 fnt
|faint|p1a: Celestine
|
|-end|p2a: Heatran|move: Heal Block
|upkeep
|
|t:|1758260651
|switch|p1a: Behemoth|Great Tusk, shiny|100/100
|turn|18
|
|t:|1758260655
|move|p1a: Behemoth|Rapid Spin|p2a: Heatran
|-resisted|p2a: Heatran
|-damage|p2a: Heatran|41/100
|-boost|p1a: Behemoth|spe|1
|-sideend|p1: aquagoboom|Stealth Rock|[from] move: Rapid Spin|[of] p1a: Behemoth
|move|p2a: Heatran|Will-O-Wisp|p1a: Behemoth
|-status|p1a: Behemoth|brn
|
|-heal|p2a: Heatran|47/100|[from] item: Leftovers
|-damage|p1a: Behemoth|94/100 brn|[from] brn
|upkeep
|turn|19
|
|t:|1758260661
|move|p1a: Behemoth|Headlong Rush|p2a: Heatran
|-supereffective|p2a: Heatran
|-damage|p2a: Heatran|0 fnt
|-unboost|p1a: Behemoth|def|1
|-unboost|p1a: Behemoth|spd|1
|faint|p2a: Heatran
|
|-damage|p1a: Behemoth|88/100 brn|[from] brn
|upkeep
|
|t:|1758260663
|switch|p2a: Cinderace|Cinderace, M|100/100
|turn|20
|
|t:|1758260666
|-terastallize|p2a: Cinderace|Fire
|move|p1a: Behemoth|Headlong Rush|p2a: Cinderace
|-supereffective|p2a: Cinderace
|-damage|p2a: Cinderace|11/100
|-unboost|p1a: Behemoth|def|1
|-unboost|p1a: Behemoth|spd|1
|move|p2a: Cinderace|Pyro Ball|p1a: Behemoth
|-damage|p1a: Behemoth|0 fnt
|faint|p1a: Behemoth
|-end|p1a: Behemoth|Protosynthesis|[silent]
|
|upkeep
|
|t:|1758260684
|switch|p1a: Anonymous|Ogerpon, F|100/100
|turn|21
|
|t:|1758260688
|-terastallize|p1a: Anonymous|Grass
|detailschange|p1a: Anonymous|Ogerpon-Teal-Tera, F, tera:Grass
|-ability|p1a: Anonymous|Embody Aspect (Teal)|boost
|-boost|p1a: Anonymous|spe|1
|move|p1a: Anonymous|Ivy Cudgel|p2a: Cinderace
|-resisted|p2a: Cinderace
|-damage|p2a: Cinderace|0 fnt
|faint|p2a: Cinderace
|
|upkeep
|
|t:|1758260692
|switch|p2a: Iron Valiant|Iron Valiant|100/100
|-enditem|p2a: Iron Valiant|Booster Energy
|-activate|p2a: Iron Valiant|ability: Quark Drive|[fromitem]
|-start|p2a: Iron Valiant|quarkdrivespe
|turn|22
|
|t:|1758260694
|move|p2a: Iron Valiant|Moonblast|p1a: Anonymous
|-damage|p1a: Anonymous|43/100
|move|p1a: Anonymous|Ivy Cudgel|p2a: Iron Valiant
|-damage|p2a: Iron Valiant|0 fnt
|faint|p2a: Iron Valiant
|-end|p2a: Iron Valiant|Quark Drive|[silent]
|
|upkeep
|-message|EmmanuelR205506 forfeited.
|
|win|aquagoboom
|raw|aquagoboom's rating: 1548 &rarr; <strong>1572</strong><br />(+24 for winning)
|raw|EmmanuelR205506's rating: 1617 &rarr; <strong>1593</strong><br />(-24 for losing)
|l|☆EmmanuelR205506
|player|p2|
|c|☆aquagoboom|Gg
|l|☆aquagoboom
|player|p1|
