|j|‽tasty sardine 408
|j|☆AI Builds
|t:|1758258684
|gametype|singles
|player|p1|tasty sardine 408|harlequin|1616
|player|p2|AI Builds|169|1561
|gen|9
|tier|[Gen 9] OU
|rated|
|rule|HP Percentage Mod: HP is shown in percentages
|rule|Endless Battle Clause: Forcing endless battles is banned
|rule|Species Clause: Limit one of each Pokémon
|rule|OHKO Clause: OHKO moves are banned
|rule|Evasion Items Clause: Evasion items are banned
|rule|Evasion Moves Clause: Evasion moves are banned
|rule|Evasion Abilities Clause: Evasion abilities are banned
|rule|Sleep Moves Clause: Sleep-inducing moves are banned
|clearpoke
|poke|p1|Umbreon, M|
|poke|p1|Serperior, F|
|poke|p1|Cresselia, F|
|poke|p1|Revavroom, F|
|poke|p1|Skeledirge, F|
|poke|p1|Manaphy|
|poke|p2|Weavile, M|
|poke|p2|Kingambit, F|
|poke|p2|Hatterene, F|
|poke|p2|Iron Treads|
|poke|p2|Zapdos|
|poke|p2|Glimmora, M|
|teampreview
|inactive|Battle timer is ON: inactive players will automatically lose when time's up. (requested by AI Builds)
|
|t:|1758258714
|teamsize|p1|6
|teamsize|p2|6
|start
|switch|p1a: Serperior|Serperior, F, shiny|100/100
|switch|p2a: Weavile|Weavile, M|100/100
|turn|1
|
|t:|1758258719
|-terastallize|p1a: Serperior|Electric
|move|p2a: Weavile|Triple Axel|p1a: Serperior|[miss]
|-miss|p2a: Weavile|p1a: Serperior
|move|p1a: Serperior|Glare|p2a: Weavile
|-status|p2a: Weavile|par
|
|upkeep
|turn|2
|
|t:|1758258725
|move|p1a: Serperior|Leaf Storm|p2a: Weavile
|-damage|p2a: Weavile|48/100 par
|-boost|p1a: Serperior|spa|2
|cant|p2a: Weavile|par
|
|upkeep
|turn|3
|
|t:|1758258732
|move|p1a: Serperior|Leaf Storm|p2a: Weavile|[miss]
|-miss|p1a: Serperior|p2a: Weavile
|move|p2a: Weavile|Triple Axel|p1a: Serperior|[miss]
|-miss|p2a: Weavile|p1a: Serperior
|
|upkeep
|turn|4
|
|t:|1758258736
|move|p1a: Serperior|Leaf Storm|p2a: Weavile
|-damage|p2a: Weavile|0 fnt
|-boost|p1a: Serperior|spa|2
|faint|p2a: Weavile
|
|upkeep
|
|t:|1758258741
|switch|p2a: Iron Treads|Iron Treads|100/100
|-enditem|p2a: Iron Treads|Booster Energy
|-activate|p2a: Iron Treads|ability: Quark Drive|[fromitem]
|-start|p2a: Iron Treads|quarkdrivespe
|turn|5
|
|t:|1758258744
|switch|p1a: Umbreon|Umbreon, M, shiny|100/100
|move|p2a: Iron Treads|Earthquake|p1a: Umbreon
|-damage|p1a: Umbreon|66/100
|
|-heal|p1a: Umbreon|72/100|[from] item: Leftovers
|upkeep
|turn|6
|
|t:|1758258749
|move|p2a: Iron Treads|Stealth Rock|p1a: Umbreon
|-sidestart|p1: tasty sardine 408|move: Stealth Rock
|move|p1a: Umbreon|Foul Play|p2a: Iron Treads
|-damage|p2a: Iron Treads|61/100
|
|-heal|p1a: Umbreon|78/100|[from] item: Leftovers
|upkeep
|turn|7
|
|t:|1758258753
|move|p2a: Iron Treads|Knock Off|p1a: Umbreon
|-resisted|p1a: Umbreon
|-damage|p1a: Umbreon|68/100
|-enditem|p1a: Umbreon|Leftovers|[from] move: Knock Off|[of] p2a: Iron Treads
|move|p1a: Umbreon|Wish|p1a: Umbreon
|
|upkeep
|turn|8
|
|t:|1758258761
|move|p2a: Iron Treads|Earthquake|p1a: Umbreon
|-damage|p1a: Umbreon|37/100
|move|p1a: Umbreon|Foul Play|p2a: Iron Treads
|-damage|p2a: Iron Treads|20/100
|
|-heal|p1a: Umbreon|87/100|[from] move: Wish|[wisher] Umbreon
|upkeep
|turn|9
|
|t:|1758258767
|-end|p2a: Iron Treads|Quark Drive|[silent]
|switch|p2a: Kingambit|Kingambit, F|100/100
|move|p1a: Umbreon|Wish|p1a: Umbreon
|
|upkeep
|turn|10
|
|t:|1758258770
|move|p2a: Kingambit|Swords Dance|p2a: Kingambit
|-boost|p2a: Kingambit|atk|2
|move|p1a: Umbreon|Foul Play|p2a: Kingambit
|-resisted|p2a: Kingambit
|-damage|p2a: Kingambit|58/100
|
|-heal|p1a: Umbreon|100/100|[from] move: Wish|[wisher] Umbreon
|-heal|p2a: Kingambit|64/100|[from] item: Leftovers
|upkeep
|turn|11
|
|t:|1758258774
|-terastallize|p2a: Kingambit|Fairy
|move|p2a: Kingambit|Tera Blast|p1a: Umbreon|[anim] Tera Blast Fairy
|-supereffective|p1a: Umbreon
|-damage|p1a: Umbreon|0 fnt
|faint|p1a: Umbreon
|
|-heal|p2a: Kingambit|70/100|[from] item: Leftovers
|upkeep
|
|t:|1758258777
|switch|p1a: Skeledirge|Skeledirge, F, shiny|100/100
|turn|12
|
|t:|1758258781
|switch|p2a: Hatterene|Hatterene, F|100/100
|move|p1a: Skeledirge|Will-O-Wisp|p2a: Hatterene
|move|p2a: Hatterene|Will-O-Wisp|p1a: Skeledirge|[from] ability: Magic Bounce
|-immune|p1a: Skeledirge
|
|upkeep
|turn|13
|
|t:|1758258786
|switch|p2a: Glimmora|Glimmora, M|100/100
|move|p1a: Skeledirge|Torch Song|p2a: Glimmora
|-resisted|p2a: Glimmora
|-damage|p2a: Glimmora|79/100
|-boost|p1a: Skeledirge|spa|1
|
|upkeep
|turn|14
|
|t:|1758258791
|move|p2a: Glimmora|Rock Polish|p2a: Glimmora
|-boost|p2a: Glimmora|spe|2
|move|p1a: Skeledirge|Torch Song|p2a: Glimmora
|-resisted|p2a: Glimmora
|-damage|p2a: Glimmora|52/100
|-boost|p1a: Skeledirge|spa|1
|
|upkeep
|turn|15
|
|t:|1758258798
|move|p2a: Glimmora|Meteor Beam||[still]
|-prepare|p2a: Glimmora|Meteor Beam
|-boost|p2a: Glimmora|spa|1
|-enditem|p2a: Glimmora|Power Herb
|-anim|p2a: Glimmora|Meteor Beam|p1a: Skeledirge
|-supereffective|p1a: Skeledirge
|-damage|p1a: Skeledirge|0 fnt
|faint|p1a: Skeledirge
|
|upkeep
|
|t:|1758258805
|switch|p1a: Revavroom|Revavroom, F, shiny|100/100
|-damage|p1a: Revavroom|94/100|[from] Stealth Rock
|-item|p1a: Revavroom|Air Balloon
|turn|16
|
|t:|1758258809
|switch|p2a: Zapdos|Zapdos|100/100
|move|p1a: Revavroom|Iron Head|p2a: Zapdos
|-resisted|p2a: Zapdos
|-damage|p2a: Zapdos|74/100
|
|upkeep
|turn|17
|
|t:|1758258812
|move|p2a: Zapdos|Heat Wave|p1a: Revavroom
|-supereffective|p1a: Revavroom
|-damage|p1a: Revavroom|17/100
|-enditem|p1a: Revavroom|Air Balloon
|-damage|p2a: Zapdos|64/100|[from] item: Life Orb
|move|p1a: Revavroom|Shift Gear|p1a: Revavroom
|-boost|p1a: Revavroom|spe|2
|-boost|p1a: Revavroom|atk|1
|
|upkeep
|turn|18
|
|t:|1758258816
|move|p1a: Revavroom|Gunk Shot|p2a: Zapdos
|-damage|p2a: Zapdos|0 fnt
|faint|p2a: Zapdos
|
|upkeep
|
|t:|1758258819
|switch|p2a: Kingambit|Kingambit, F, tera:Fairy|70/100
|turn|19
|
|t:|1758258823
|move|p2a: Kingambit|Sucker Punch|p1a: Revavroom
|-damage|p1a: Revavroom|0 fnt
|faint|p1a: Revavroom
|
|-heal|p2a: Kingambit|76/100|[from] item: Leftovers
|upkeep
|
|t:|1758258825
|switch|p1a: Manaphy|Manaphy, shiny|100/100
|-damage|p1a: Manaphy|88/100|[from] Stealth Rock
|turn|20
|
|t:|1758258828
|switch|p2a: Iron Treads|Iron Treads|20/100
|move|p1a: Manaphy|Acid Armor|p1a: Manaphy
|-boost|p1a: Manaphy|def|2
|
|-heal|p1a: Manaphy|94/100|[from] item: Leftovers
|upkeep
|turn|21
|
|t:|1758258835
|move|p2a: Iron Treads|Knock Off|p1a: Manaphy
|-damage|p1a: Manaphy|83/100
|-enditem|p1a: Manaphy|Leftovers|[from] move: Knock Off|[of] p2a: Iron Treads
|move|p1a: Manaphy|Take Heart|p1a: Manaphy
|-boost|p1a: Manaphy|spa|1
|-boost|p1a: Manaphy|spd|1
|
|upkeep
|turn|22
|
|t:|1758258841
|-end|p2a: Iron Treads|Quark Drive|[silent]
|switch|p2a: Hatterene|Hatterene, F|100/100
|move|p1a: Manaphy|Acid Armor|p1a: Manaphy
|-boost|p1a: Manaphy|def|2
|
|upkeep
|turn|23
|
|t:|1758258844
|move|p1a: Manaphy|Take Heart|p1a: Manaphy
|-boost|p1a: Manaphy|spa|1
|-boost|p1a: Manaphy|spd|1
|move|p2a: Hatterene|Calm Mind|p2a: Hatterene
|-boost|p2a: Hatterene|spa|1
|-boost|p2a: Hatterene|spd|1
|
|upkeep
|turn|24
|
|t:|1758258846
|move|p1a: Manaphy|Take Heart|p1a: Manaphy
|-boost|p1a: Manaphy|spa|1
|-boost|p1a: Manaphy|spd|1
|move|p2a: Hatterene|Calm Mind|p2a: Hatterene
|-boost|p2a: Hatterene|spa|1
|-boost|p2a: Hatterene|spd|1
|
|upkeep
|turn|25
|
|t:|1758258848
|move|p1a: Manaphy|Take Heart|p1a: Manaphy
|-boost|p1a: Manaphy|spa|1
|-boost|p1a: Manaphy|spd|1
|move|p2a: Hatterene|Calm Mind|p2a: Hatterene
|-boost|p2a: Hatterene|spa|1
|-boost|p2a: Hatterene|spd|1
|
|upkeep
|turn|26
|
|t:|1758258850
|move|p1a: Manaphy|Take Heart|p1a: Manaphy
|-boost|p1a: Manaphy|spa|1
|-boost|p1a: Manaphy|spd|1
|move|p2a: Hatterene|Calm Mind|p2a: Hatterene
|-boost|p2a: Hatterene|spa|1
|-boost|p2a: Hatterene|spd|1
|
|upkeep
|turn|27
|
|t:|1758258852
|move|p1a: Manaphy|Stored Power|p2a: Hatterene
|-resisted|p2a: Hatterene
|-damage|p2a: Hatterene|61/100
|move|p2a: Hatterene|Calm Mind|p2a: Hatterene
|-boost|p2a: Hatterene|spa|1
|-boost|p2a: Hatterene|spd|1
|
|upkeep
|turn|28
|
|t:|1758258855
|move|p1a: Manaphy|Stored Power|p2a: Hatterene
|-resisted|p2a: Hatterene
|-damage|p2a: Hatterene|25/100
|move|p2a: Hatterene|Pain Split|p1a: Manaphy
|-sethp|p1a: Manaphy|51/100|[from] move: Pain Split|[silent]
|-sethp|p2a: Hatterene|65/100|[from] move: Pain Split
|
|upkeep
|turn|29
|
|t:|1758258858
|move|p1a: Manaphy|Take Heart|p1a: Manaphy
|-boost|p1a: Manaphy|spa|1
|-boost|p1a: Manaphy|spd|1
|move|p2a: Hatterene|Pain Split|p1a: Manaphy
|-sethp|p1a: Manaphy|51/100|[from] move: Pain Split|[silent]
|-sethp|p2a: Hatterene|65/100|[from] move: Pain Split
|
|upkeep
|turn|30
|
|t:|1758258861
|move|p1a: Manaphy|Acid Armor|p1a: Manaphy
|-boost|p1a: Manaphy|def|2
|move|p2a: Hatterene|Calm Mind|p2a: Hatterene
|-boost|p2a: Hatterene|spa|1
|-boost|p2a: Hatterene|spd|1
|
|upkeep
|turn|31
|
|t:|1758258864
|move|p1a: Manaphy|Stored Power|p2a: Hatterene
|-resisted|p2a: Hatterene
|-damage|p2a: Hatterene|16/100
|move|p2a: Hatterene|Psychic Noise|p1a: Manaphy
|-damage|p1a: Manaphy|20/100
|-start|p1a: Manaphy|move: Heal Block
|
|upkeep
|turn|32
|
|t:|1758258872
|move|p1a: Manaphy|Stored Power|p2a: Hatterene
|-resisted|p2a: Hatterene
|-damage|p2a: Hatterene|0 fnt
|faint|p2a: Hatterene
|
|-end|p1a: Manaphy|move: Heal Block
|upkeep
|
|t:|1758258879
|switch|p2a: Iron Treads|Iron Treads|20/100
|turn|33
|
|t:|1758258882
|move|p2a: Iron Treads|Earthquake|p1a: Manaphy
|-damage|p1a: Manaphy|10/100
|move|p1a: Manaphy|Scald|p2a: Iron Treads
|-supereffective|p2a: Iron Treads
|-damage|p2a: Iron Treads|0 fnt
|faint|p2a: Iron Treads
|-end|p2a: Iron Treads|Quark Drive|[silent]
|
|upkeep
|
|t:|1758258887
|switch|p2a: Kingambit|Kingambit, F, tera:Fairy|76/100
|turn|34
|
|t:|1758258890
|move|p2a: Kingambit|Sucker Punch|p1a: Manaphy
|-damage|p1a: Manaphy|2/100
|move|p1a: Manaphy|Scald|p2a: Kingambit
|-damage|p2a: Kingambit|0 fnt
|faint|p2a: Kingambit
|
|upkeep
|
|t:|1758258893
|switch|p2a: Glimmora|Glimmora, M|52/100
|turn|35
|
|t:|1758258896
|move|p1a: Manaphy|Scald|p2a: Glimmora
|-supereffective|p2a: Glimmora
|-damage|p2a: Glimmora|0 fnt
|faint|p2a: Glimmora
|
|win|tasty sardine 408
|raw|tasty sardine 408's rating: 1616 &rarr; <strong>1633</strong><br />(+17 for winning)
|raw|AI Builds's rating: 1561 &rarr; <strong>1544</strong><br />(-17 for losing)
|l|☆AI Builds
|player|p2|
|l|‽tasty sardine 408
|player|p1|
