|j|☆Im THE trans girl
|j|☆versacis
|t:|1758374589
|gametype|singles
|player|p1|Im THE trans girl|miku-fairy|1310
|player|p2|versacis|bugcatcher-gen4dp|1269
|gen|9
|tier|[Gen 9] OU
|rated|
|rule|HP Percentage Mod: HP is shown in percentages
|rule|Endless Battle Clause: Forcing endless battles is banned
|rule|Species Clause: Limit one of each Pokémon
|rule|OHKO Clause: OHKO moves are banned
|rule|Evasion Items Clause: Evasion items are banned
|rule|Evasion Moves Clause: Evasion moves are banned
|rule|Evasion Abilities Clause: Evasion abilities are banned
|rule|Sleep Moves Clause: Sleep-inducing moves are banned
|clearpoke
|poke|p1|Gliscor, F|
|poke|p1|Walking Wake|
|poke|p1|Slowking-Galar, M|
|poke|p1|Zamazenta-*|
|poke|p1|Ting-Lu|
|poke|p1|Kingambit, F|
|poke|p2|Articuno|
|poke|p2|Goodra, F|
|poke|p2|Toxapex, F|
|poke|p2|Conkeldurr, F|
|poke|p2|Skeledirge, F|
|poke|p2|Espeon, F|
|teampreview
|
|t:|1758374612
|teamsize|p1|6
|teamsize|p2|6
|start
|switch|p1a: Ting-Lu|Ting-Lu|100/100
|switch|p2a: Goodra|Goodra, F|100/100
|-ability|p1a: Ting-Lu|Vessel of Ruin
|turn|1
|
|t:|1758374618
|switch|p2a: Espeon|Espeon, F|100/100
|move|p1a: Ting-Lu|Earthquake|p2a: Espeon
|-damage|p2a: Espeon|39/100
|
|upkeep
|turn|2
|
|t:|1758374625
|switch|p2a: Conkeldurr|Conkeldurr, F|100/100
|move|p1a: Ting-Lu|Earthquake|p2a: Conkeldurr
|-damage|p2a: Conkeldurr|72/100
|
|-status|p2a: Conkeldurr|brn|[from] item: Flame Orb
|upkeep
|turn|3
|
|t:|1758374632
|switch|p1a: Zamazenta|Zamazenta|100/100
|-ability|p1a: Zamazenta|Dauntless Shield|boost
|-boost|p1a: Zamazenta|def|1
|move|p2a: Conkeldurr|Knock Off|p1a: Zamazenta
|-resisted|p1a: Zamazenta
|-damage|p1a: Zamazenta|84/100
|-enditem|p1a: Zamazenta|Heavy-Duty Boots|[from] move: Knock Off|[of] p2a: Conkeldurr
|
|-damage|p2a: Conkeldurr|66/100 brn|[from] brn
|upkeep
|turn|4
|
|t:|1758374645
|switch|p2a: Toxapex|Toxapex, F|100/100
|move|p1a: Zamazenta|Heavy Slam|p2a: Toxapex
|-resisted|p2a: Toxapex
|-damage|p2a: Toxapex|88/100
|
|-heal|p2a: Toxapex|94/100|[from] item: Black Sludge
|upkeep
|turn|5
|
|t:|1758374659
|switch|p1a: Walking Wake|Walking Wake|100/100
|switch|p2a: Goodra|Goodra, F|100/100
|
|upkeep
|turn|6
|
|t:|1758374669
|-end|p1a: Walking Wake|Protosynthesis|[silent]
|switch|p1a: Gliscor|Gliscor, F|100/100
|-terastallize|p2a: Goodra|Fairy
|move|p2a: Goodra|Thunderbolt|p1a: Gliscor
|-immune|p1a: Gliscor
|
|-status|p1a: Gliscor|tox|[from] item: Toxic Orb
|upkeep
|turn|7
|
|t:|1758374677
|move|p1a: Gliscor|Protect|p1a: Gliscor
|-singleturn|p1a: Gliscor|Protect
|move|p2a: Goodra|Ice Beam|p1a: Gliscor
|-activate|p1a: Gliscor|move: Protect
|
|upkeep
|turn|8
|
|t:|1758374683
|switch|p1a: Slowking|Slowking-Galar, M|100/100
|move|p2a: Goodra|Flamethrower|p1a: Slowking
|-damage|p1a: Slowking|81/100
|
|upkeep
|turn|9
|
|t:|1758374690
|switch|p2a: Espeon|Espeon, F|39/100
|move|p1a: Slowking|Future Sight|p2a: Espeon
|-start|p1a: Slowking|move: Future Sight
|
|upkeep
|turn|10
|
|t:|1758374695
|move|p2a: Espeon|Trick|p1a: Slowking
|-activate|p2a: Espeon|move: Trick|[of] p1a: Slowking
|-item|p1a: Slowking|Choice Scarf|[from] move: Trick
|-item|p2a: Espeon|Heavy-Duty Boots|[from] move: Trick
|-prepare|p1a: Slowking|Chilly Reception|[premajor]
|move|p1a: Slowking|Chilly Reception|p1a: Slowking
|-weather|Snowscape
|
|t:|1758374702
|switch|p1a: Gliscor|Gliscor, F|100/100 tox|[from] Chilly Reception
|
|-weather|Snowscape|[upkeep]
|upkeep
|turn|11
|
|t:|1758374708
|move|p1a: Gliscor|Swords Dance|p1a: Gliscor
|-boost|p1a: Gliscor|atk|2
|move|p2a: Espeon|Future Sight|p1a: Gliscor
|-start|p2a: Espeon|move: Future Sight
|
|-weather|Snowscape|[upkeep]
|-end|p2a: Espeon|move: Future Sight
|-resisted|p2a: Espeon
|-damage|p2a: Espeon|19/100
|upkeep
|turn|12
|
|t:|1758374718
|switch|p2a: Skeledirge|Skeledirge, F|100/100
|move|p1a: Gliscor|Ice Fang|p2a: Skeledirge
|-resisted|p2a: Skeledirge
|-damage|p2a: Skeledirge|95/100
|
|-weather|Snowscape|[upkeep]
|-heal|p2a: Skeledirge|100/100|[from] item: Leftovers
|upkeep
|turn|13
|
|t:|1758374728
|move|p1a: Gliscor|Earthquake|p2a: Skeledirge
|-supereffective|p2a: Skeledirge
|-damage|p2a: Skeledirge|42/100
|move|p2a: Skeledirge|Torch Song|p1a: Gliscor
|-damage|p1a: Gliscor|59/100 tox
|-boost|p2a: Skeledirge|spa|1
|
|-weather|Snowscape|[upkeep]
|-end|p1a: Gliscor|move: Future Sight
|-damage|p1a: Gliscor|0 fnt
|faint|p1a: Gliscor
|-heal|p2a: Skeledirge|48/100|[from] item: Leftovers
|upkeep
|
|t:|1758374739
|switch|p1a: Ting-Lu|Ting-Lu|100/100
|-ability|p1a: Ting-Lu|Vessel of Ruin
|turn|14
|
|t:|1758374747
|move|p2a: Skeledirge|Alluring Voice|p1a: Ting-Lu
|-supereffective|p1a: Ting-Lu
|-damage|p1a: Ting-Lu|67/100
|move|p1a: Ting-Lu|Stealth Rock|p2a: Skeledirge
|-sidestart|p2: versacis|move: Stealth Rock
|
|-weather|none
|-heal|p2a: Skeledirge|54/100|[from] item: Leftovers
|-heal|p1a: Ting-Lu|73/100|[from] item: Leftovers
|upkeep
|turn|15
|
|t:|1758374754
|move|p2a: Skeledirge|Slack Off|p2a: Skeledirge
|-heal|p2a: Skeledirge|100/100
|move|p1a: Ting-Lu|Earthquake|p2a: Skeledirge
|-supereffective|p2a: Skeledirge
|-damage|p2a: Skeledirge|46/100
|
|-heal|p2a: Skeledirge|53/100|[from] item: Leftovers
|-heal|p1a: Ting-Lu|79/100|[from] item: Leftovers
|upkeep
|turn|16
|
|t:|1758374764
|switch|p2a: Articuno|Articuno|100/100
|-ability|p2a: Articuno|Pressure
|move|p1a: Ting-Lu|Earthquake|p2a: Articuno
|-immune|p2a: Articuno
|
|-heal|p1a: Ting-Lu|85/100|[from] item: Leftovers
|upkeep
|turn|17
|
|t:|1758374787
|switch|p2a: Conkeldurr|Conkeldurr, F|66/100 brn
|-damage|p2a: Conkeldurr|60/100 brn|[from] Stealth Rock
|switch|p1a: Walking Wake|Walking Wake|100/100
|
|-damage|p2a: Conkeldurr|54/100 brn|[from] brn
|upkeep
|turn|18
|
|t:|1758374795
|move|p1a: Walking Wake|Draco Meteor|p2a: Conkeldurr
|-damage|p2a: Conkeldurr|0 fnt
|-unboost|p1a: Walking Wake|spa|2
|faint|p2a: Conkeldurr
|
|upkeep
|
|t:|1758374801
|switch|p2a: Goodra|Goodra, F, tera:Fairy|100/100
|-damage|p2a: Goodra|88/100|[from] Stealth Rock
|turn|19
|
|t:|1758374809
|move|p1a: Walking Wake|Knock Off|p2a: Goodra
|-resisted|p2a: Goodra
|-damage|p2a: Goodra|78/100
|-enditem|p2a: Goodra|Leftovers|[from] move: Knock Off|[of] p1a: Walking Wake
|move|p2a: Goodra|Ice Beam|p1a: Walking Wake
|-damage|p1a: Walking Wake|67/100
|
|upkeep
|turn|20
|
|t:|1758374816
|-end|p1a: Walking Wake|Protosynthesis|[silent]
|switch|p1a: Slowking|Slowking-Galar, M|100/100
|move|p2a: Goodra|Thunderbolt|p1a: Slowking
|-damage|p1a: Slowking|84/100
|
|upkeep
|turn|21
|
|t:|1758374830
|move|p2a: Goodra|Surf|p1a: Slowking
|-damage|p1a: Slowking|65/100
|move|p1a: Slowking|Future Sight|p2a: Goodra
|-start|p1a: Slowking|move: Future Sight
|
|upkeep
|turn|22
|
|t:|1758374839
|switch|p1a: Ting-Lu|Ting-Lu|85/100
|-ability|p1a: Ting-Lu|Vessel of Ruin
|move|p2a: Goodra|Flamethrower|p1a: Ting-Lu
|-crit|p1a: Ting-Lu
|-damage|p1a: Ting-Lu|65/100
|
|-heal|p1a: Ting-Lu|72/100|[from] item: Leftovers
|upkeep
|turn|23
|
|t:|1758374851
|switch|p2a: Articuno|Articuno|100/100
|-ability|p2a: Articuno|Pressure
|move|p1a: Ting-Lu|Earthquake|p2a: Articuno
|-immune|p2a: Articuno
|
|-end|p2a: Articuno|move: Future Sight
|-damage|p2a: Articuno|79/100
|-heal|p1a: Ting-Lu|78/100|[from] item: Leftovers
|upkeep
|turn|24
|
|t:|1758374864
|move|p2a: Articuno|Freeze-Dry|p1a: Ting-Lu
|-supereffective|p1a: Ting-Lu
|-damage|p1a: Ting-Lu|49/100
|move|p1a: Ting-Lu|Spikes|p2a: Articuno
|-sidestart|p2: versacis|Spikes
|
|-heal|p1a: Ting-Lu|56/100|[from] item: Leftovers
|upkeep
|turn|25
|
|t:|1758374873
|switch|p2a: Espeon|Espeon, F|19/100
|switch|p1a: Slowking|Slowking-Galar, M|98/100
|
|upkeep
|turn|26
|
|t:|1758374881
|move|p2a: Espeon|Morning Sun|p2a: Espeon
|-heal|p2a: Espeon|69/100
|move|p1a: Slowking|Future Sight|p2a: Espeon
|-start|p1a: Slowking|move: Future Sight
|
|upkeep
|turn|27
|
|t:|1758374887
|switch|p1a: Kingambit|Kingambit, F|100/100
|-activate|p1a: Kingambit|ability: Supreme Overlord
|-start|p1a: Kingambit|fallen1|[silent]
|move|p2a: Espeon|Future Sight|p1a: Kingambit
|-start|p2a: Espeon|move: Future Sight
|
|upkeep
|turn|28
|-message|versacis forfeited.
|
|win|Im THE trans girl
|raw|Im THE trans girl's rating: 1310 &rarr; <strong>1328</strong><br />(+18 for winning)
|raw|versacis's rating: 1269 &rarr; <strong>1247</strong><br />(-22 for losing)
|l|☆versacis
|player|p2|
|l|☆Im THE trans girl
|player|p1|
