|j|☆clail
|j|☆sunny dancing
|t:|1758307269
|gametype|singles
|player|p1|clail|1|1788
|player|p2|sunny dancing|170|1890
|gen|9
|tier|[Gen 9] OU
|rated|
|rule|HP Percentage Mod: HP is shown in percentages
|rule|Endless Battle Clause: Forcing endless battles is banned
|rule|Species Clause: Limit one of each Pokémon
|rule|OHKO Clause: OHKO moves are banned
|rule|Evasion Items Clause: Evasion items are banned
|rule|Evasion Moves Clause: Evasion moves are banned
|rule|Evasion Abilities Clause: Evasion abilities are banned
|rule|Sleep Moves Clause: Sleep-inducing moves are banned
|clearpoke
|poke|p1|Ribombee, M|
|poke|p1|Ogerpon-Wellspring, F|
|poke|p1|Great Tusk|
|poke|p1|Gholdengo|
|poke|p1|Ceruledge, F|
|poke|p1|Glimmora, M|
|poke|p2|Ogerpon-Wellspring, F|
|poke|p2|Slowking-Galar, M|
|poke|p2|Great Tusk|
|poke|p2|Moltres|
|poke|p2|Dragapult, F|
|poke|p2|Kingambit, M|
|teampreview
|
|t:|1758307278
|teamsize|p1|6
|teamsize|p2|6
|start
|switch|p1a: Ribombee|Ribombee, M|100/100
|switch|p2a: Ogerpon|Ogerpon-Wellspring, F|100/100
|turn|1
|inactive|Battle timer is ON: inactive players will automatically lose when time's up. (requested by sunny dancing)
|inactive|clail has 120 seconds left.
|l|☆clail
|inactive|clail disconnected and has a minute to reconnect!
|player|p1|
|j|☆clail
|inactive|clail reconnected and has 105 seconds left.
|player|p1|clail|1|
|
|t:|1758307326
|move|p1a: Ribombee|Sticky Web|p2a: Ogerpon
|-sidestart|p2: sunny dancing|move: Sticky Web
|move|p2a: Ogerpon|Ivy Cudgel|p1a: Ribombee|[anim] Ivy Cudgel Water
|-enditem|p1a: Ribombee|Focus Sash
|-damage|p1a: Ribombee|1/100
|
|upkeep
|turn|2
|
|t:|1758307336
|switch|p2a: Slowking|Slowking-Galar, M|100/100
|-activate|p2a: Slowking|move: Sticky Web
|-unboost|p2a: Slowking|spe|1
|move|p1a: Ribombee|Moonblast|p2a: Slowking
|-resisted|p2a: Slowking
|-damage|p2a: Slowking|91/100
|
|upkeep
|turn|3
|
|t:|1758307344
|switch|p1a: Ceruledge|Ceruledge, F|100/100
|switch|p2a: Ogerpon|Ogerpon-Wellspring, F|100/100
|-activate|p2a: Ogerpon|move: Sticky Web
|-unboost|p2a: Ogerpon|spe|1
|
|upkeep
|turn|4
|
|t:|1758307349
|switch|p1a: Ogerpon|Ogerpon-Wellspring, F|100/100
|move|p2a: Ogerpon|Knock Off|p1a: Ogerpon
|-damage|p1a: Ogerpon|69/100
|
|upkeep
|turn|5
|j| petertheatre
|
|t:|1758307355
|move|p1a: Ogerpon|U-turn|p2a: Ogerpon
|-supereffective|p2a: Ogerpon
|-damage|p2a: Ogerpon|30/100
|
|t:|1758307357
|switch|p1a: Ribombee|Ribombee, M|1/100|[from] U-turn
|move|p2a: Ogerpon|U-turn|p1a: Ribombee
|-resisted|p1a: Ribombee
|-damage|p1a: Ribombee|0 fnt
|faint|p1a: Ribombee
|
|t:|1758307363
|switch|p2a: Great Tusk|Great Tusk|100/100|[from] U-turn
|-activate|p2a: Great Tusk|move: Sticky Web
|-unboost|p2a: Great Tusk|spe|1
|
|upkeep
|
|t:|1758307366
|switch|p1a: Gholdengo|Gholdengo|100/100
|-item|p1a: Gholdengo|Air Balloon
|turn|6
|
|t:|1758307371
|-end|p2a: Great Tusk|Protosynthesis|[silent]
|switch|p2a: Slowking|Slowking-Galar, M|100/100
|-activate|p2a: Slowking|move: Sticky Web
|-unboost|p2a: Slowking|spe|1
|move|p1a: Gholdengo|Nasty Plot|p1a: Gholdengo
|-boost|p1a: Gholdengo|spa|2
|
|upkeep
|turn|7
|
|t:|1758307375
|-terastallize|p2a: Slowking|Water
|move|p1a: Gholdengo|Shadow Ball|p2a: Slowking
|-damage|p2a: Slowking|55/100
|move|p2a: Slowking|Flamethrower|p1a: Gholdengo
|-supereffective|p1a: Gholdengo
|-crit|p1a: Gholdengo
|-damage|p1a: Gholdengo|0 fnt
|-enditem|p1a: Gholdengo|Air Balloon
|faint|p1a: Gholdengo
|
|upkeep
|
|t:|1758307385
|switch|p1a: Ogerpon|Ogerpon-Wellspring, F|69/100
|turn|8
|
|t:|1758307390
|switch|p2a: Ogerpon|Ogerpon-Wellspring, F|30/100
|-activate|p2a: Ogerpon|move: Sticky Web
|-unboost|p2a: Ogerpon|spe|1
|move|p1a: Ogerpon|Ivy Cudgel|p2a: Ogerpon|[anim] Ivy Cudgel Water
|-heal|p2a: Ogerpon|55/100|[from] ability: Water Absorb|[of] p1a: Ogerpon
|
|upkeep
|turn|9
|
|t:|1758307394
|switch|p2a: Moltres|Moltres|100/100
|move|p1a: Ogerpon|Power Whip|p2a: Moltres
|-resisted|p2a: Moltres
|-damage|p2a: Moltres|89/100
|
|upkeep
|turn|10
|
|t:|1758307399
|switch|p2a: Ogerpon|Ogerpon-Wellspring, F|55/100
|-activate|p2a: Ogerpon|move: Sticky Web
|-unboost|p2a: Ogerpon|spe|1
|move|p1a: Ogerpon|Ivy Cudgel|p2a: Ogerpon|[anim] Ivy Cudgel Water
|-heal|p2a: Ogerpon|80/100|[from] ability: Water Absorb|[of] p1a: Ogerpon
|
|upkeep
|turn|11
|
|t:|1758307404
|switch|p2a: Kingambit|Kingambit, M|100/100
|-activate|p2a: Kingambit|move: Sticky Web
|-unboost|p2a: Kingambit|spe|1
|move|p1a: Ogerpon|Power Whip|p2a: Kingambit
|-resisted|p2a: Kingambit
|-damage|p2a: Kingambit|74/100
|
|-heal|p2a: Kingambit|80/100|[from] item: Leftovers
|upkeep
|turn|12
|
|t:|1758307409
|move|p1a: Ogerpon|U-turn|p2a: Kingambit
|-damage|p2a: Kingambit|58/100
|
|t:|1758307410
|switch|p1a: Great Tusk|Great Tusk|100/100|[from] U-turn
|move|p2a: Kingambit|Iron Head|p1a: Great Tusk
|-damage|p1a: Great Tusk|69/100
|
|-heal|p2a: Kingambit|64/100|[from] item: Leftovers
|upkeep
|turn|13
|
|t:|1758307416
|-end|p1a: Great Tusk|Protosynthesis|[silent]
|switch|p1a: Glimmora|Glimmora, M|100/100
|-end|p2a: Kingambit|fallenundefined|[silent]
|switch|p2a: Great Tusk|Great Tusk|100/100
|-activate|p2a: Great Tusk|move: Sticky Web
|-unboost|p2a: Great Tusk|spe|1
|
|upkeep
|turn|14
|
|t:|1758307421
|-terastallize|p1a: Glimmora|Fairy
|move|p1a: Glimmora|Dazzling Gleam|p2a: Great Tusk
|-supereffective|p2a: Great Tusk
|-damage|p2a: Great Tusk|0 fnt
|faint|p2a: Great Tusk
|-end|p2a: Great Tusk|Protosynthesis|[silent]
|
|upkeep
|
|t:|1758307428
|switch|p2a: Slowking|Slowking-Galar, M, tera:Water|88/100
|-activate|p2a: Slowking|move: Sticky Web
|-unboost|p2a: Slowking|spe|1
|turn|15
|
|t:|1758307433
|switch|p1a: Ceruledge|Ceruledge, F|100/100
|move|p2a: Slowking|Psyshock|p1a: Ceruledge
|-damage|p1a: Ceruledge|46/100
|
|upkeep
|turn|16
|
|t:|1758307440
|move|p1a: Ceruledge|Poltergeist|p2a: Slowking
|-activate|p2a: Slowking|move: Poltergeist|Assault Vest
|-damage|p2a: Slowking|32/100
|move|p2a: Slowking|Psyshock|p1a: Ceruledge
|-damage|p1a: Ceruledge|0 fnt
|faint|p1a: Ceruledge
|
|upkeep
|
|t:|1758307443
|switch|p1a: Glimmora|Glimmora, M, tera:Fairy|100/100
|turn|17
|
|t:|1758307447
|switch|p2a: Ogerpon|Ogerpon-Wellspring, F|80/100
|-activate|p2a: Ogerpon|move: Sticky Web
|-unboost|p2a: Ogerpon|spe|1
|move|p1a: Glimmora|Meteor Beam||[still]
|-prepare|p1a: Glimmora|Meteor Beam
|-boost|p1a: Glimmora|spa|1
|-enditem|p1a: Glimmora|Power Herb
|-anim|p1a: Glimmora|Meteor Beam|p2a: Ogerpon
|-damage|p2a: Ogerpon|0 fnt
|faint|p2a: Ogerpon
|
|upkeep
|
|t:|1758307452
|switch|p2a: Slowking|Slowking-Galar, M, tera:Water|65/100
|-activate|p2a: Slowking|move: Sticky Web
|-unboost|p2a: Slowking|spe|1
|turn|18
|
|t:|1758307457
|move|p1a: Glimmora|Dazzling Gleam|p2a: Slowking
|-damage|p2a: Slowking|36/100
|move|p2a: Slowking|Sludge Bomb|p1a: Glimmora
|-supereffective|p1a: Glimmora
|-damage|p1a: Glimmora|0 fnt
|faint|p1a: Glimmora
|
|upkeep
|
|t:|1758307460
|switch|p1a: Ogerpon|Ogerpon-Wellspring, F|69/100
|turn|19
|
|t:|1758307465
|switch|p2a: Kingambit|Kingambit, M|64/100
|-activate|p2a: Kingambit|move: Sticky Web
|-unboost|p2a: Kingambit|spe|1
|-activate|p2a: Kingambit|ability: Supreme Overlord
|-start|p2a: Kingambit|fallen2|[silent]
|move|p1a: Ogerpon|Ivy Cudgel|p2a: Kingambit|[anim] Ivy Cudgel Water
|-damage|p2a: Kingambit|13/100
|
|-heal|p2a: Kingambit|20/100|[from] item: Leftovers
|upkeep
|turn|20
|j| NeneDaikon
|
|t:|1758307469
|move|p2a: Kingambit|Sucker Punch|p1a: Ogerpon
|-damage|p1a: Ogerpon|10/100
|move|p1a: Ogerpon|Ivy Cudgel|p2a: Kingambit|[anim] Ivy Cudgel Water
|-damage|p2a: Kingambit|0 fnt
|faint|p2a: Kingambit
|-end|p2a: Kingambit|fallen2|[silent]
|
|upkeep
|
|t:|1758307474
|switch|p2a: Dragapult|Dragapult, F|100/100
|turn|21
|
|t:|1758307478
|switch|p1a: Great Tusk|Great Tusk|69/100
|move|p2a: Dragapult|U-turn|p1a: Great Tusk
|-resisted|p1a: Great Tusk
|-damage|p1a: Great Tusk|61/100
|
|t:|1758307483
|switch|p2a: Slowking|Slowking-Galar, M, tera:Water|69/100|[from] U-turn
|-activate|p2a: Slowking|move: Sticky Web
|-unboost|p2a: Slowking|spe|1
|
|upkeep
|turn|22
|
|t:|1758307487
|move|p1a: Great Tusk|Headlong Rush|p2a: Slowking
|-damage|p2a: Slowking|10/100
|-unboost|p1a: Great Tusk|def|1
|-unboost|p1a: Great Tusk|spd|1
|move|p2a: Slowking|Ice Beam|p1a: Great Tusk
|-supereffective|p1a: Great Tusk
|-damage|p1a: Great Tusk|0 fnt
|faint|p1a: Great Tusk
|-end|p1a: Great Tusk|Protosynthesis|[silent]
|
|upkeep
|
|t:|1758307489
|switch|p1a: Ogerpon|Ogerpon-Wellspring, F|10/100
|turn|23
|-message|clail forfeited.
|
|win|sunny dancing
|raw|clail's rating: 1788 &rarr; <strong>1774</strong><br />(-14 for losing)
|raw|sunny dancing's rating: 1890 &rarr; <strong>1904</strong><br />(+14 for winning)
|l|☆clail
|player|p1|
|j| Nikator98
|l|☆sunny dancing
|player|p2|
|l| NeneDaikon
|l| Nikator98
|l| petertheatre
