|j|☆neyo papa
|j|☆doso749
|inactive|Battle timer is ON: inactive players will automatically lose when time's up.
|t:|1758310929
|gametype|singles
|player|p1|neyo papa|guitarist|
|player|p2|doso749|gardenia-masters|
|gen|9
|tier|[Gen 9] OU
|rated|Tournament battle
|rule|HP Percentage Mod: HP is shown in percentages
|rule|Endless Battle Clause: Forcing endless battles is banned
|rule|Species Clause: Limit one of each Pokémon
|rule|OHKO Clause: OHKO moves are banned
|rule|Evasion Items Clause: Evasion items are banned
|rule|Evasion Moves Clause: Evasion moves are banned
|rule|Evasion Abilities Clause: Evasion abilities are banned
|rule|Sleep Moves Clause: Sleep-inducing moves are banned
|clearpoke
|poke|p1|Hoopa-Unbound|
|poke|p1|Slowking-Galar, M|
|poke|p1|Weezing-Galar, M|
|poke|p1|Landorus-Therian, M|
|poke|p1|Kingambit, F|
|poke|p1|Iron Valiant|
|poke|p2|Great Tusk|
|poke|p2|Ogerpon-Wellspring, F|
|poke|p2|Iron Moth|
|poke|p2|Gholdengo|
|poke|p2|Deoxys-Speed|
|poke|p2|Dragonite, F|
|teampreview
|j|*Lady Monita ☀
|j| Albrtix
|c|☆neyo papa|gl
|c|☆doso749|hf
|inactive|neyo papa has 120 seconds left.
|
|t:|1758310962
|teamsize|p1|6
|teamsize|p2|6
|start
|switch|p1a: Whitebeard|Landorus-Therian, M|100/100
|switch|p2a: Deoxys|Deoxys-Speed|100/100
|-ability|p2a: Deoxys|Pressure
|-ability|p1a: Whitebeard|Intimidate|boost
|-unboost|p2a: Deoxys|atk|1
|turn|1
|j| yoyoyoyoyoyok
|
|t:|1758310972
|move|p2a: Deoxys|Stealth Rock|p1a: Whitebeard
|-sidestart|p1: neyo papa|move: Stealth Rock
|move|p1a: Whitebeard|U-turn|p2a: Deoxys
|-supereffective|p2a: Deoxys
|-damage|p2a: Deoxys|17/100
|
|t:|1758310987
|switch|p1a: Homer Simpson|Slowking-Galar, M|100/100|[from] U-turn
|
|upkeep
|turn|2
|
|t:|1758310992
|move|p2a: Deoxys|Psycho Boost|p1a: Homer Simpson
|-damage|p1a: Homer Simpson|36/100
|-unboost|p2a: Deoxys|spa|2
|-damage|p2a: Deoxys|7/100|[from] item: Life Orb
|move|p1a: Homer Simpson|Future Sight|p2a: Deoxys
|-start|p1a: Homer Simpson|move: Future Sight
|
|upkeep
|turn|3
|inactive|neyo papa has 120 seconds left.
|
|t:|1758311028
|switch|p1a: Revenge|Kingambit, F, shiny|100/100
|-damage|p1a: Revenge|94/100|[from] Stealth Rock
|move|p2a: Deoxys|Psycho Boost|p1a: Revenge
|-immune|p1a: Revenge
|
|upkeep
|turn|4
|inactive|neyo papa has 120 seconds left.
|j| Max Natsume
|
|t:|1758311042
|move|p2a: Deoxys|Taunt|p1a: Revenge
|-start|p1a: Revenge|move: Taunt
|move|p1a: Revenge|Kowtow Cleave|p2a: Deoxys
|-supereffective|p2a: Deoxys
|-damage|p2a: Deoxys|0 fnt
|faint|p2a: Deoxys
|-damage|p1a: Revenge|84/100|[from] item: Life Orb
|
|-hint|Future Sight did not hit because the target is fainted.
|upkeep
|
|t:|1758311048
|switch|p2a: Great Tusk|Great Tusk|100/100
|-enditem|p2a: Great Tusk|Booster Energy
|-activate|p2a: Great Tusk|ability: Protosynthesis|[fromitem]
|-start|p2a: Great Tusk|protosynthesisspe
|turn|5
|inactive|neyo papa has 120 seconds left.
|
|t:|1758311059
|-end|p1a: Revenge|fallenundefined|[silent]
|switch|p1a: Whitebeard|Landorus-Therian, M|100/100
|-damage|p1a: Whitebeard|88/100|[from] Stealth Rock
|-ability|p1a: Whitebeard|Intimidate|boost
|-unboost|p2a: Great Tusk|atk|1
|move|p2a: Great Tusk|Bulk Up|p2a: Great Tusk
|-boost|p2a: Great Tusk|atk|1
|-boost|p2a: Great Tusk|def|1
|
|upkeep
|turn|6
|inactive|neyo papa has 120 seconds left.
|
|t:|1758311071
|move|p1a: Whitebeard|Grass Knot|p2a: Great Tusk
|-supereffective|p2a: Great Tusk
|-damage|p2a: Great Tusk|29/100
|move|p2a: Great Tusk|Rapid Spin|p1a: Whitebeard
|-damage|p1a: Whitebeard|71/100
|-boost|p2a: Great Tusk|spe|1
|
|upkeep
|turn|7
|inactive|neyo papa has 120 seconds left.
|
|t:|1758311104
|-terastallize|p1a: Whitebeard|Water
|move|p2a: Great Tusk|Ice Spinner|p1a: Whitebeard
|-resisted|p1a: Whitebeard
|-damage|p1a: Whitebeard|56/100
|move|p1a: Whitebeard|Grass Knot|p2a: Great Tusk
|-supereffective|p2a: Great Tusk
|-crit|p2a: Great Tusk
|-damage|p2a: Great Tusk|0 fnt
|faint|p2a: Great Tusk
|-end|p2a: Great Tusk|Protosynthesis|[silent]
|
|upkeep
|
|t:|1758311111
|switch|p2a: Iron Moth|Iron Moth|100/100
|-enditem|p2a: Iron Moth|Booster Energy
|-activate|p2a: Iron Moth|ability: Quark Drive|[fromitem]
|-start|p2a: Iron Moth|quarkdrivespe
|turn|8
|
|t:|1758311130
|switch|p1a: Revenge|Kingambit, F, shiny|84/100
|-damage|p1a: Revenge|78/100|[from] Stealth Rock
|move|p2a: Iron Moth|Fiery Dance|p1a: Revenge
|-supereffective|p1a: Revenge
|-damage|p1a: Revenge|0 fnt
|faint|p1a: Revenge
|-end|p1a: Revenge|fallenundefined|[silent]
|
|upkeep
|
|t:|1758311139
|switch|p1a: DONT SWITCH|Hoopa-Unbound|100/100
|-damage|p1a: DONT SWITCH|88/100|[from] Stealth Rock
|turn|9
|
|t:|1758311148
|move|p2a: Iron Moth|Sludge Wave|p1a: DONT SWITCH
|-damage|p1a: DONT SWITCH|47/100
|move|p1a: DONT SWITCH|Hyperspace Fury|p2a: Iron Moth
|-damage|p2a: Iron Moth|0 fnt
|-unboost|p1a: DONT SWITCH|def|1
|faint|p2a: Iron Moth
|-end|p2a: Iron Moth|Quark Drive|[silent]
|
|upkeep
|
|t:|1758311156
|switch|p2a: Ogerpon|Ogerpon-Wellspring, F|100/100
|turn|10
|
|t:|1758311162
|move|p2a: Ogerpon|Trailblaze|p1a: DONT SWITCH
|-damage|p1a: DONT SWITCH|0 fnt
|-boost|p2a: Ogerpon|spe|1
|faint|p1a: DONT SWITCH
|
|upkeep
|
|t:|1758311168
|switch|p1a: Caki&Maki|Weezing-Galar, M|100/100
|-ability|p1a: Caki&Maki|Neutralizing Gas
|-damage|p1a: Caki&Maki|88/100|[from] Stealth Rock
|turn|11
|inactive|neyo papa has 120 seconds left.
|
|t:|1758311173
|switch|p2a: Gholdengo|Gholdengo|100/100
|move|p1a: Caki&Maki|Will-O-Wisp|p2a: Gholdengo
|-status|p2a: Gholdengo|brn
|
|-heal|p1a: Caki&Maki|94/100|[from] item: Leftovers
|-damage|p2a: Gholdengo|94/100 brn|[from] brn
|upkeep
|turn|12
|
|t:|1758311182
|-end|p1a: Caki&Maki|ability: Neutralizing Gas
|switch|p1a: Whitebeard|Landorus-Therian, M, tera:Water|56/100
|-damage|p1a: Whitebeard|44/100|[from] Stealth Rock
|-ability|p1a: Whitebeard|Intimidate|boost
|-unboost|p2a: Gholdengo|atk|1
|move|p2a: Gholdengo|Shadow Ball|p1a: Whitebeard
|-damage|p1a: Whitebeard|0 fnt
|faint|p1a: Whitebeard
|
|-damage|p2a: Gholdengo|88/100 brn|[from] brn
|upkeep
|inactive|neyo papa has 120 seconds left.
|
|t:|1758311216
|switch|p1a: Homer Simpson|Slowking-Galar, M|69/100
|turn|13
|
|t:|1758311224
|move|p2a: Gholdengo|Shadow Ball|p1a: Homer Simpson
|-supereffective|p1a: Homer Simpson
|-damage|p1a: Homer Simpson|3/100
|move|p1a: Homer Simpson|Future Sight|p2a: Gholdengo
|-start|p1a: Homer Simpson|move: Future Sight
|
|-damage|p2a: Gholdengo|82/100 brn|[from] brn
|upkeep
|turn|14
|
|t:|1758311233
|move|p2a: Gholdengo|Shadow Ball|p1a: Homer Simpson
|-supereffective|p1a: Homer Simpson
|-damage|p1a: Homer Simpson|0 fnt
|faint|p1a: Homer Simpson
|
|-damage|p2a: Gholdengo|76/100 brn|[from] brn
|upkeep
|inactive|neyo papa has 90 seconds left.
|
|t:|1758311273
|switch|p1a: Caki&Maki|Weezing-Galar, M|94/100
|-ability|p1a: Caki&Maki|Neutralizing Gas
|-damage|p1a: Caki&Maki|82/100|[from] Stealth Rock
|turn|15
|
|t:|1758311280
|move|p2a: Gholdengo|Shadow Ball|p1a: Caki&Maki
|-damage|p1a: Caki&Maki|21/100
|-unboost|p1a: Caki&Maki|spd|1
|move|p1a: Caki&Maki|Defog|p2a: Gholdengo
|-unboost|p2a: Gholdengo|evasion|1
|-sideend|p1: neyo papa|Stealth Rock|[from] move: Defog|[of] p1a: Caki&Maki
|
|-end|p2a: Gholdengo|move: Future Sight
|-resisted|p2a: Gholdengo
|-damage|p2a: Gholdengo|50/100 brn
|-heal|p1a: Caki&Maki|28/100|[from] item: Leftovers
|-damage|p2a: Gholdengo|44/100 brn|[from] brn
|upkeep
|turn|16
|
|t:|1758311294
|move|p2a: Gholdengo|Shadow Ball|p1a: Caki&Maki
|-damage|p1a: Caki&Maki|0 fnt
|faint|p1a: Caki&Maki
|-end|p1a: Caki&Maki|ability: Neutralizing Gas
|
|-damage|p2a: Gholdengo|38/100 brn|[from] brn
|upkeep
|
|t:|1758311299
|switch|p1a: Rosalina|Iron Valiant|100/100
|-enditem|p1a: Rosalina|Booster Energy
|-activate|p1a: Rosalina|ability: Quark Drive|[fromitem]
|-start|p1a: Rosalina|quarkdrivespe
|turn|17
|j| goddamnaw
|
|t:|1758311307
|move|p1a: Rosalina|Calm Mind|p1a: Rosalina
|-boost|p1a: Rosalina|spa|1
|-boost|p1a: Rosalina|spd|1
|move|p2a: Gholdengo|Shadow Ball|p1a: Rosalina
|-damage|p1a: Rosalina|50/100
|
|-damage|p2a: Gholdengo|32/100 brn|[from] brn
|upkeep
|turn|18
|l| goddamnaw
|inactive|neyo papa has 90 seconds left.
|
|t:|1758311317
|move|p1a: Rosalina|Moonblast|p2a: Gholdengo
|-resisted|p2a: Gholdengo
|-damage|p2a: Gholdengo|0 fnt
|faint|p2a: Gholdengo
|
|upkeep
|
|t:|1758311321
|switch|p2a: Ogerpon|Ogerpon-Wellspring, F|100/100
|turn|19
|
|t:|1758311324
|-terastallize|p2a: Ogerpon|Water
|detailschange|p2a: Ogerpon|Ogerpon-Wellspring-Tera, F, tera:Water
|-ability|p2a: Ogerpon|Embody Aspect (Wellspring)|boost
|-boost|p2a: Ogerpon|spd|1
|move|p1a: Rosalina|Moonblast|p2a: Ogerpon
|-damage|p2a: Ogerpon|49/100
|-unboost|p2a: Ogerpon|spa|1
|move|p2a: Ogerpon|Ivy Cudgel|p1a: Rosalina|[anim] Ivy Cudgel Water
|-damage|p1a: Rosalina|0 fnt
|faint|p1a: Rosalina
|-end|p1a: Rosalina|Quark Drive|[silent]
|
|win|doso749
|n|☆neyo papa|neyopapa
|n|☆doso749|doso749
|n|*Lady Monita ☀|ladymonita
|n| Albrtix|albrtix
|n| yoyoyoyoyoyok|yoyoyoyoyoyok
|n| Max Natsume|maxnatsume
|l|*Lady Monita ☀
|c|☆neyo papa|gg
|l|☆doso749
|player|p2|
