|j|☆reginam
|j|☆landaway
|t:|1758342330
|gametype|singles
|player|p1|reginam|266|1040
|player|p2|landaway|1|1040
|gen|9
|tier|[Gen 9] OU
|rated|
|rule|HP Percentage Mod: HP is shown in percentages
|rule|Endless Battle Clause: Forcing endless battles is banned
|rule|Species Clause: Limit one of each Pokémon
|rule|OHKO Clause: OHKO moves are banned
|rule|Evasion Items Clause: Evasion items are banned
|rule|Evasion Moves Clause: Evasion moves are banned
|rule|Evasion Abilities Clause: Evasion abilities are banned
|rule|Sleep Moves Clause: Sleep-inducing moves are banned
|clearpoke
|poke|p1|Torkoal, F|
|poke|p1|Hatterene, F|
|poke|p1|Venusaur, M|
|poke|p1|Walking Wake|
|poke|p1|Lilligant-Hisui, F|
|poke|p1|Arcanine-Hisui, M|
|poke|p2|Comfey, F|
|poke|p2|Whimsicott, F|
|poke|p2|Iron Moth|
|poke|p2|Walking Wake|
|poke|p2|Great Tusk|
|poke|p2|Ninetales, F|
|teampreview
|
|t:|1758342355
|teamsize|p1|6
|teamsize|p2|6
|start
|switch|p1a: Walking Wake|Walking Wake|100/100
|switch|p2a: Comfey|Comfey, F|100/100
|turn|1
|
|t:|1758342371
|-end|p1a: Walking Wake|Protosynthesis|[silent]
|switch|p1a: Arcanine|Arcanine-Hisui, M|100/100
|move|p2a: Comfey|Growth|p2a: Comfey
|-boost|p2a: Comfey|atk|1
|-boost|p2a: Comfey|spa|1
|
|upkeep
|turn|2
|
|t:|1758342388
|move|p1a: Arcanine|Head Smash|p2a: Comfey
|-damage|p2a: Comfey|0 fnt
|faint|p2a: Comfey
|
|upkeep
|
|t:|1758342397
|switch|p2a: Walking Wake|Walking Wake|100/100
|turn|3
|
|t:|1758342412
|switch|p1a: Venusaur|Venusaur, M|100/100
|move|p2a: Walking Wake|Flip Turn|p1a: Venusaur
|-resisted|p1a: Venusaur
|-damage|p1a: Venusaur|91/100
|
|t:|1758342418
|-end|p2a: Walking Wake|Protosynthesis|[silent]
|switch|p2a: Iron Moth|Iron Moth|100/100|[from] Flip Turn
|-enditem|p2a: Iron Moth|Booster Energy
|-activate|p2a: Iron Moth|ability: Quark Drive|[fromitem]
|-start|p2a: Iron Moth|quarkdrivespa
|
|upkeep
|turn|4
|
|t:|1758342430
|switch|p1a: Arcanine|Arcanine-Hisui, M|100/100
|move|p2a: Iron Moth|Fiery Dance|p1a: Arcanine
|-resisted|p1a: Arcanine
|-damage|p1a: Arcanine|82/100
|
|upkeep
|turn|5
|
|t:|1758342439
|move|p2a: Iron Moth|Sludge Wave|p1a: Arcanine
|-resisted|p1a: Arcanine
|-damage|p1a: Arcanine|39/100
|move|p1a: Arcanine|Head Smash|p2a: Iron Moth
|-supereffective|p2a: Iron Moth
|-damage|p2a: Iron Moth|0 fnt
|faint|p2a: Iron Moth
|-end|p2a: Iron Moth|Quark Drive|[silent]
|
|upkeep
|
|t:|1758342449
|switch|p2a: Walking Wake|Walking Wake|100/100
|turn|6
|
|t:|1758342465
|switch|p1a: Venusaur|Venusaur, M|91/100
|move|p2a: Walking Wake|Flip Turn|p1a: Venusaur
|-resisted|p1a: Venusaur
|-damage|p1a: Venusaur|81/100
|
|t:|1758342470
|-end|p2a: Walking Wake|Protosynthesis|[silent]
|switch|p2a: Ninetales|Ninetales, F|100/100|[from] Flip Turn
|-weather|SunnyDay|[from] ability: Drought|[of] p2a: Ninetales
|
|-weather|SunnyDay|[upkeep]
|upkeep
|turn|7
|
|t:|1758342481
|move|p1a: Venusaur|Earth Power|p2a: Ninetales
|-supereffective|p2a: Ninetales
|-crit|p2a: Ninetales
|-damage|p2a: Ninetales|9/100
|-damage|p1a: Venusaur|71/100|[from] item: Life Orb
|move|p2a: Ninetales|Weather Ball|p1a: Venusaur
|-supereffective|p1a: Venusaur
|-damage|p1a: Venusaur|0 fnt
|faint|p1a: Venusaur
|
|-weather|SunnyDay|[upkeep]
|upkeep
|
|t:|1758342493
|switch|p1a: Walking Wake|Walking Wake|100/100
|-activate|p1a: Walking Wake|ability: Protosynthesis
|-start|p1a: Walking Wake|protosynthesisspa
|turn|8
|
|t:|1758342516
|switch|p2a: Walking Wake|Walking Wake|100/100
|-activate|p2a: Walking Wake|ability: Protosynthesis
|-start|p2a: Walking Wake|protosynthesisspe
|move|p1a: Walking Wake|Substitute|p1a: Walking Wake
|-start|p1a: Walking Wake|Substitute
|-damage|p1a: Walking Wake|76/100
|
|-weather|SunnyDay|[upkeep]
|-heal|p1a: Walking Wake|82/100|[from] item: Leftovers
|upkeep
|turn|9
|
|t:|1758342525
|move|p2a: Walking Wake|Draco Meteor|p1a: Walking Wake
|-supereffective|p1a: Walking Wake
|-end|p1a: Walking Wake|Substitute
|-unboost|p2a: Walking Wake|spa|2
|move|p1a: Walking Wake|Dragon Pulse|p2a: Walking Wake
|-supereffective|p2a: Walking Wake
|-damage|p2a: Walking Wake|29/100
|
|-weather|SunnyDay|[upkeep]
|-heal|p1a: Walking Wake|88/100|[from] item: Leftovers
|upkeep
|turn|10
|
|t:|1758342540
|move|p2a: Walking Wake|Draco Meteor|p1a: Walking Wake
|-supereffective|p1a: Walking Wake
|-damage|p1a: Walking Wake|16/100
|-unboost|p2a: Walking Wake|spa|2
|move|p1a: Walking Wake|Substitute|p1a: Walking Wake
|-fail|p1a: Walking Wake|move: Substitute|[weak]
|
|-weather|SunnyDay|[upkeep]
|-heal|p1a: Walking Wake|22/100|[from] item: Leftovers
|upkeep
|turn|11
|
|t:|1758342568
|-end|p1a: Walking Wake|Protosynthesis|[silent]
|switch|p1a: Hatterene|Hatterene, F|100/100
|move|p2a: Walking Wake|Draco Meteor|p1a: Hatterene
|-immune|p1a: Hatterene
|
|-weather|SunnyDay|[upkeep]
|upkeep
|turn|12
|
|t:|1758342578
|move|p2a: Walking Wake|Knock Off|p1a: Hatterene
|-damage|p1a: Hatterene|88/100
|-enditem|p1a: Hatterene|Eject Button|[from] move: Knock Off|[of] p2a: Walking Wake
|move|p1a: Hatterene|Draining Kiss|p2a: Walking Wake
|-supereffective|p2a: Walking Wake
|-damage|p2a: Walking Wake|0 fnt
|-heal|p1a: Hatterene|100/100|[from] drain|[of] p2a: Walking Wake
|faint|p2a: Walking Wake
|-end|p2a: Walking Wake|Protosynthesis|[silent]
|
|-weather|SunnyDay|[upkeep]
|upkeep
|
|t:|1758342590
|switch|p2a: Great Tusk|Great Tusk|100/100
|-activate|p2a: Great Tusk|ability: Protosynthesis
|-start|p2a: Great Tusk|protosynthesisspe
|turn|13
|
|t:|1758342601
|move|p2a: Great Tusk|Ice Spinner|p1a: Hatterene
|-crit|p1a: Hatterene
|-damage|p1a: Hatterene|72/100
|move|p1a: Hatterene|Draining Kiss|p2a: Great Tusk
|-supereffective|p2a: Great Tusk
|-damage|p2a: Great Tusk|43/100
|-heal|p1a: Hatterene|100/100|[from] drain|[of] p2a: Great Tusk
|-damage|p1a: Hatterene|84/100|[from] item: Rocky Helmet|[of] p2a: Great Tusk
|
|-weather|none
|-end|p2a: Great Tusk|Protosynthesis
|upkeep
|turn|14
|
|t:|1758342610
|move|p2a: Great Tusk|Headlong Rush|p1a: Hatterene
|-damage|p1a: Hatterene|40/100
|-unboost|p2a: Great Tusk|def|1
|-unboost|p2a: Great Tusk|spd|1
|move|p1a: Hatterene|Draining Kiss|p2a: Great Tusk
|-supereffective|p2a: Great Tusk
|-damage|p2a: Great Tusk|0 fnt
|-heal|p1a: Hatterene|84/100|[from] drain|[of] p2a: Great Tusk
|-damage|p1a: Hatterene|67/100|[from] item: Rocky Helmet|[of] p2a: Great Tusk
|faint|p2a: Great Tusk
|-end|p2a: Great Tusk|Protosynthesis|[silent]
|
|upkeep
|
|t:|1758342634
|switch|p2a: Whimsicott|Whimsicott, F|100/100
|turn|15
|
|t:|1758342648
|move|p2a: Whimsicott|Giga Drain|p1a: Hatterene
|-damage|p1a: Hatterene|27/100
|-damage|p2a: Whimsicott|91/100|[from] item: Life Orb
|move|p1a: Hatterene|Draining Kiss|p2a: Whimsicott
|-damage|p2a: Whimsicott|61/100
|-heal|p1a: Hatterene|48/100|[from] drain|[of] p2a: Whimsicott
|
|upkeep
|turn|16
|
|t:|1758342662
|move|p2a: Whimsicott|Giga Drain|p1a: Hatterene
|-damage|p1a: Hatterene|8/100
|-heal|p2a: Whimsicott|82/100|[from] drain|[of] p1a: Hatterene
|-damage|p2a: Whimsicott|72/100|[from] item: Life Orb
|move|p1a: Hatterene|Healing Wish|p1a: Hatterene
|faint|p1a: Hatterene
|
|upkeep
|
|t:|1758342670
|switch|p1a: Walking Wake|Walking Wake|22/100
|-heal|p1a: Walking Wake|100/100|[from] move: Healing Wish
|turn|17
|
|t:|1758342682
|-terastallize|p1a: Walking Wake|Fire
|move|p1a: Walking Wake|Flamethrower|p2a: Whimsicott
|-supereffective|p2a: Whimsicott
|-damage|p2a: Whimsicott|0 fnt
|faint|p2a: Whimsicott
|
|upkeep
|
|t:|1758342687
|switch|p2a: Ninetales|Ninetales, F|9/100
|-weather|SunnyDay|[from] ability: Drought|[of] p2a: Ninetales
|-activate|p1a: Walking Wake|ability: Protosynthesis
|-start|p1a: Walking Wake|protosynthesisspa
|turn|18
|
|t:|1758342697
|move|p1a: Walking Wake|Hydro Steam|p2a: Ninetales
|-supereffective|p2a: Ninetales
|-damage|p2a: Ninetales|0 fnt
|faint|p2a: Ninetales
|
|win|reginam
|raw|reginam's rating: 1040 &rarr; <strong>1074</strong><br />(+34 for winning)
|raw|landaway's rating: 1040 &rarr; <strong>1024</strong><br />(-16 for losing)
|l|☆landaway
|player|p2|
