|j|☆matougris
|j|☆LosCocaineHermanos
|t:|1758289646
|gametype|singles
|player|p1|matougris|cameraman|1560
|player|p2|LosCocaineHermanos|1|1575
|gen|9
|tier|[Gen 9] OU
|rated|
|rule|HP Percentage Mod: HP is shown in percentages
|rule|Endless Battle Clause: Forcing endless battles is banned
|rule|Species Clause: Limit one of each Pokémon
|rule|OHKO Clause: OHKO moves are banned
|rule|Evasion Items Clause: Evasion items are banned
|rule|Evasion Moves Clause: Evasion moves are banned
|rule|Evasion Abilities Clause: Evasion abilities are banned
|rule|Sleep Moves Clause: Sleep-inducing moves are banned
|clearpoke
|poke|p1|Torkoal, M|
|poke|p1|Walking Wake|
|poke|p1|Iron Moth|
|poke|p1|Kingambit, F|
|poke|p1|Lilligant-Hisui, F|
|poke|p1|Great Tusk|
|poke|p2|Rillaboom, F|
|poke|p2|Cinderace, F|
|poke|p2|Great Tusk|
|poke|p2|Garchomp, F|
|poke|p2|Zapdos|
|poke|p2|Primarina, M|
|teampreview
|
|t:|1758289653
|teamsize|p1|6
|teamsize|p2|6
|start
|switch|p1a: tapfort 1|Great Tusk, shiny|100/100
|switch|p2a: Zapdos|Zapdos|100/100
|turn|1
|
|t:|1758289688
|-end|p1a: tapfort 1|Protosynthesis|[silent]
|switch|p1a: here comes the|Torkoal, M, shiny|100/100
|-weather|SunnyDay|[from] ability: Drought|[of] p1a: here comes the
|move|p2a: Zapdos|Hurricane|p1a: here comes the|[miss]
|-miss|p2a: Zapdos|p1a: here comes the
|
|-weather|SunnyDay|[upkeep]
|upkeep
|turn|2
|
|t:|1758289696
|move|p2a: Zapdos|Volt Switch|p1a: here comes the
|-damage|p1a: here comes the|70/100
|
|t:|1758289699
|switch|p2a: Garchomp|Garchomp, F|100/100|[from] Volt Switch
|move|p1a: here comes the|Stealth Rock|p2a: Garchomp
|-sidestart|p2: LosCocaineHermanos|move: Stealth Rock
|
|-weather|SunnyDay|[upkeep]
|upkeep
|turn|3
|
|t:|1758289704
|switch|p1a: tapfort 1|Great Tusk, shiny|100/100
|-activate|p1a: tapfort 1|ability: Protosynthesis
|-start|p1a: tapfort 1|protosynthesisatk
|move|p2a: Garchomp|Stealth Rock|p1a: tapfort 1
|-sidestart|p1: matougris|move: Stealth Rock
|
|-weather|SunnyDay|[upkeep]
|upkeep
|turn|4
|
|t:|1758289709
|move|p1a: tapfort 1|Ice Spinner|p2a: Garchomp
|-supereffective|p2a: Garchomp
|-damage|p2a: Garchomp|0 fnt
|-damage|p1a: tapfort 1|88/100|[from] ability: Rough Skin|[of] p2a: Garchomp
|-damage|p1a: tapfort 1|72/100|[from] item: Rocky Helmet|[of] p2a: Garchomp
|faint|p2a: Garchomp
|-damage|p1a: tapfort 1|62/100|[from] item: Life Orb
|
|-weather|SunnyDay|[upkeep]
|upkeep
|
|t:|1758289722
|switch|p2a: Great Tusk|Great Tusk|100/100
|-damage|p2a: Great Tusk|98/100|[from] Stealth Rock
|-activate|p2a: Great Tusk|ability: Protosynthesis
|-start|p2a: Great Tusk|protosynthesisatk
|turn|5
|
|t:|1758289735
|move|p2a: Great Tusk|Rapid Spin|p1a: tapfort 1
|-damage|p1a: tapfort 1|42/100
|-boost|p2a: Great Tusk|spe|1
|-sideend|p2: LosCocaineHermanos|Stealth Rock|[from] move: Rapid Spin|[of] p2a: Great Tusk
|move|p1a: tapfort 1|Rapid Spin|p2a: Great Tusk
|-damage|p2a: Great Tusk|72/100
|-boost|p1a: tapfort 1|spe|1
|-sideend|p1: matougris|Stealth Rock|[from] move: Rapid Spin|[of] p1a: tapfort 1
|-damage|p1a: tapfort 1|32/100|[from] item: Life Orb
|
|-weather|SunnyDay|[upkeep]
|upkeep
|turn|6
|
|t:|1758289751
|-end|p2a: Great Tusk|Protosynthesis|[silent]
|switch|p2a: Cinderace|Cinderace, F|100/100
|move|p1a: tapfort 1|Ice Spinner|p2a: Cinderace
|-resisted|p2a: Cinderace
|-crit|p2a: Cinderace
|-damage|p2a: Cinderace|48/100
|-damage|p1a: tapfort 1|22/100|[from] item: Life Orb
|
|-weather|SunnyDay|[upkeep]
|upkeep
|turn|7
|
|t:|1758289758
|move|p2a: Cinderace|Sucker Punch|p1a: tapfort 1
|-start|p2a: Cinderace|typechange|Dark|[from] ability: Libero
|-resisted|p1a: tapfort 1
|-damage|p1a: tapfort 1|3/100
|move|p1a: tapfort 1|Close Combat|p2a: Cinderace
|-supereffective|p2a: Cinderace
|-damage|p2a: Cinderace|0 fnt
|-unboost|p1a: tapfort 1|def|1
|-unboost|p1a: tapfort 1|spd|1
|faint|p2a: Cinderace
|-damage|p1a: tapfort 1|0 fnt|[from] item: Life Orb
|faint|p1a: tapfort 1
|-end|p1a: tapfort 1|Protosynthesis|[silent]
|
|-weather|SunnyDay|[upkeep]
|upkeep
|
|t:|1758289772
|switch|p2a: Primarina|Primarina, M|100/100
|switch|p1a: frapfort 2|Kingambit, F, shiny|100/100
|-activate|p1a: frapfort 2|ability: Supreme Overlord
|-start|p1a: frapfort 2|fallen1|[silent]
|turn|8
|
|t:|1758289777
|move|p2a: Primarina|Flip Turn|p1a: frapfort 2
|-damage|p1a: frapfort 2|95/100
|
|t:|1758289780
|switch|p2a: Zapdos|Zapdos|100/100|[from] Flip Turn
|move|p1a: frapfort 2|Iron Head|p2a: Zapdos
|-resisted|p2a: Zapdos
|-crit|p2a: Zapdos
|-damage|p2a: Zapdos|50/100
|
|-weather|none
|-heal|p1a: frapfort 2|100/100|[from] item: Leftovers
|upkeep
|turn|9
|
|t:|1758289787
|-terastallize|p1a: frapfort 2|Fairy
|move|p2a: Zapdos|Volt Switch|p1a: frapfort 2
|-damage|p1a: frapfort 2|69/100
|
|t:|1758289790
|switch|p2a: Great Tusk|Great Tusk|72/100|[from] Volt Switch
|-enditem|p2a: Great Tusk|Booster Energy
|-activate|p2a: Great Tusk|ability: Protosynthesis|[fromitem]
|-start|p2a: Great Tusk|protosynthesisatk
|move|p1a: frapfort 2|Tera Blast|p2a: Great Tusk|[anim] Tera Blast Fairy
|-supereffective|p2a: Great Tusk
|-damage|p2a: Great Tusk|0 fnt
|faint|p2a: Great Tusk
|-end|p2a: Great Tusk|Protosynthesis|[silent]
|
|-heal|p1a: frapfort 2|75/100|[from] item: Leftovers
|upkeep
|
|t:|1758289794
|switch|p2a: Zapdos|Zapdos|50/100
|turn|10
|
|t:|1758289798
|move|p2a: Zapdos|Hurricane|p1a: frapfort 2
|-damage|p1a: frapfort 2|24/100
|-start|p1a: frapfort 2|confusion
|-activate|p1a: frapfort 2|confusion
|move|p1a: frapfort 2|Tera Blast|p2a: Zapdos|[anim] Tera Blast Fairy
|-damage|p2a: Zapdos|0 fnt
|faint|p2a: Zapdos
|
|-heal|p1a: frapfort 2|30/100|[from] item: Leftovers
|upkeep
|
|t:|1758289801
|switch|p2a: Rillaboom|Rillaboom, F|100/100
|-fieldstart|move: Grassy Terrain|[from] ability: Grassy Surge|[of] p2a: Rillaboom
|turn|11
|
|t:|1758289805
|move|p2a: Rillaboom|Grassy Glide|p1a: frapfort 2
|-damage|p1a: frapfort 2|0 fnt
|faint|p1a: frapfort 2
|-end|p1a: frapfort 2|fallen1|[silent]
|-damage|p2a: Rillaboom|91/100|[from] item: Life Orb
|
|-heal|p2a: Rillaboom|97/100|[from] Grassy Terrain
|upkeep
|
|t:|1758289809
|switch|p1a: here comes the|Torkoal, M, shiny|70/100
|-weather|SunnyDay|[from] ability: Drought|[of] p1a: here comes the
|turn|12
|
|t:|1758289812
|switch|p2a: Primarina|Primarina, M|100/100
|move|p1a: here comes the|Lava Plume|p2a: Primarina
|-resisted|p2a: Primarina
|-damage|p2a: Primarina|88/100
|-status|p2a: Primarina|brn
|
|-weather|SunnyDay|[upkeep]
|-heal|p2a: Primarina|94/100 brn|[from] Grassy Terrain
|-heal|p1a: here comes the|76/100|[from] Grassy Terrain
|-damage|p2a: Primarina|88/100 brn|[from] brn
|upkeep
|turn|13
|
|t:|1758289821
|switch|p1a: streapteaseuse|Lilligant-Hisui, F, shiny|100/100
|move|p2a: Primarina|Flip Turn|p1a: streapteaseuse
|-resisted|p1a: streapteaseuse
|-damage|p1a: streapteaseuse|98/100
|
|t:|1758289824
|switch|p2a: Rillaboom|Rillaboom, F|97/100|[from] Flip Turn
|
|-weather|SunnyDay|[upkeep]
|-heal|p1a: streapteaseuse|100/100|[from] Grassy Terrain
|-heal|p2a: Rillaboom|100/100|[from] Grassy Terrain
|upkeep
|turn|14
|
|t:|1758289829
|move|p1a: streapteaseuse|Ice Spinner|p2a: Rillaboom
|-supereffective|p2a: Rillaboom
|-damage|p2a: Rillaboom|32/100
|-fieldend|move: Grassy Terrain
|-damage|p1a: streapteaseuse|91/100|[from] item: Life Orb
|move|p2a: Rillaboom|Swords Dance|p2a: Rillaboom
|-boost|p2a: Rillaboom|atk|2
|
|-weather|SunnyDay|[upkeep]
|upkeep
|turn|15
|-message|LosCocaineHermanos forfeited.
|
|win|matougris
|raw|matougris's rating: 1560 &rarr; <strong>1581</strong><br />(+21 for winning)
|raw|LosCocaineHermanos's rating: 1575 &rarr; <strong>1554</strong><br />(-21 for losing)
|l|☆LosCocaineHermanos
|player|p2|
|l|☆matougris
|player|p1|
