|j|☆uniandes5
|j|☆rookie22
|t:|1758378744
|gametype|singles
|player|p1|uniandes5|170|1629
|player|p2|rookie22|iris-gen5bw2|1580
|gen|9
|tier|[Gen 9] OU
|rated|
|rule|HP Percentage Mod: HP is shown in percentages
|rule|Endless Battle Clause: Forcing endless battles is banned
|rule|Species Clause: Limit one of each Pokémon
|rule|OHKO Clause: OHKO moves are banned
|rule|Evasion Items Clause: Evasion items are banned
|rule|Evasion Moves Clause: Evasion moves are banned
|rule|Evasion Abilities Clause: Evasion abilities are banned
|rule|Sleep Moves Clause: Sleep-inducing moves are banned
|clearpoke
|poke|p1|Ninetales-Alola, M|
|poke|p1|Dondozo, F|
|poke|p1|Iron Treads|
|poke|p1|Kyurem|
|poke|p1|Comfey, F|
|poke|p1|Polteageist|
|poke|p2|Dragonite, F|
|poke|p2|Meowscarada, F|
|poke|p2|Keldeo|
|poke|p2|Iron Crown|
|poke|p2|Raging Bolt|
|poke|p2|Great Tusk|
|teampreview
|inactive|Battle timer is ON: inactive players will automatically lose when time's up. (requested by rookie22)
|
|t:|1758378753
|teamsize|p1|6
|teamsize|p2|6
|start
|switch|p1a: Iron Treads|Iron Treads|100/100
|switch|p2a: Meowscarada|Meowscarada, F|100/100
|-enditem|p1a: Iron Treads|Booster Energy
|-activate|p1a: Iron Treads|ability: Quark Drive|[fromitem]
|-start|p1a: Iron Treads|quarkdrivespe
|turn|1
|
|t:|1758378756
|switch|p2a: Great Tusk|Great Tusk|100/100
|move|p1a: Iron Treads|Stealth Rock|p2a: Great Tusk
|-sidestart|p2: rookie22|move: Stealth Rock
|
|upkeep
|turn|2
|
|t:|1758378760
|move|p1a: Iron Treads|Earth Power|p2a: Great Tusk
|-damage|p2a: Great Tusk|57/100
|move|p2a: Great Tusk|Stealth Rock|p1a: Iron Treads
|-sidestart|p1: uniandes5|move: Stealth Rock
|
|-heal|p2a: Great Tusk|63/100|[from] item: Leftovers
|upkeep
|turn|3
|
|t:|1758378764
|-end|p2a: Great Tusk|Protosynthesis|[silent]
|switch|p2a: Lisan Al Gaib|Keldeo|100/100
|-damage|p2a: Lisan Al Gaib|94/100|[from] Stealth Rock
|move|p1a: Iron Treads|Steel Beam|p2a: Lisan Al Gaib
|-resisted|p2a: Lisan Al Gaib
|-crit|p2a: Lisan Al Gaib
|-damage|p2a: Lisan Al Gaib|50/100
|-damage|p1a: Iron Treads|50/100|[from] steelbeam
|
|upkeep
|turn|4
|
|t:|1758378768
|move|p2a: Lisan Al Gaib|Vacuum Wave|p1a: Iron Treads
|-supereffective|p1a: Iron Treads
|-damage|p1a: Iron Treads|0 fnt
|faint|p1a: Iron Treads
|-end|p1a: Iron Treads|Quark Drive|[silent]
|
|upkeep
|
|t:|1758378774
|switch|p1a: Ninetales|Ninetales-Alola, M|100/100
|-damage|p1a: Ninetales|76/100|[from] Stealth Rock
|-weather|Snowscape|[from] ability: Snow Warning|[of] p1a: Ninetales
|turn|5
|
|t:|1758378777
|switch|p2a: Bene Gesserit|Iron Crown|100/100
|-damage|p2a: Bene Gesserit|94/100|[from] Stealth Rock
|move|p1a: Ninetales|Aurora Veil|p1a: Ninetales
|-sidestart|p1: uniandes5|move: Aurora Veil
|
|-weather|Snowscape|[upkeep]
|upkeep
|turn|6
|
|t:|1758378780
|switch|p1a: Dondozo|Dondozo, F|100/100
|-damage|p1a: Dondozo|88/100|[from] Stealth Rock
|move|p2a: Bene Gesserit|Tachyon Cutter|p1a: Dondozo
|-resisted|p1a: Dondozo
|-damage|p1a: Dondozo|84/100
|-resisted|p1a: Dondozo
|-damage|p1a: Dondozo|80/100
|-hitcount|p1a: Dondozo|2
|
|-weather|Snowscape|[upkeep]
|-heal|p1a: Dondozo|86/100|[from] item: Leftovers
|upkeep
|turn|7
|
|t:|1758378784
|move|p2a: Bene Gesserit|Volt Switch|p1a: Dondozo
|-supereffective|p1a: Dondozo
|-damage|p1a: Dondozo|71/100
|
|t:|1758378787
|-end|p2a: Bene Gesserit|Quark Drive|[silent]
|switch|p2a: Raging Bolt|Raging Bolt|100/100|[from] Volt Switch
|-damage|p2a: Raging Bolt|88/100|[from] Stealth Rock
|move|p1a: Dondozo|Curse|p1a: Dondozo
|-unboost|p1a: Dondozo|spe|1
|-boost|p1a: Dondozo|atk|1
|-boost|p1a: Dondozo|def|1
|
|-weather|Snowscape|[upkeep]
|-heal|p2a: Raging Bolt|94/100|[from] item: Leftovers
|-heal|p1a: Dondozo|77/100|[from] item: Leftovers
|upkeep
|turn|8
|
|t:|1758378793
|move|p2a: Raging Bolt|Calm Mind|p2a: Raging Bolt
|-boost|p2a: Raging Bolt|spa|1
|-boost|p2a: Raging Bolt|spd|1
|move|p1a: Dondozo|Avalanche|p2a: Raging Bolt
|-supereffective|p2a: Raging Bolt
|-damage|p2a: Raging Bolt|56/100
|
|-weather|Snowscape|[upkeep]
|-heal|p2a: Raging Bolt|62/100|[from] item: Leftovers
|-heal|p1a: Dondozo|83/100|[from] item: Leftovers
|upkeep
|turn|9
|
|t:|1758378800
|-terastallize|p2a: Raging Bolt|Fairy
|move|p2a: Raging Bolt|Thunderbolt|p1a: Dondozo
|-supereffective|p1a: Dondozo
|-damage|p1a: Dondozo|51/100
|move|p1a: Dondozo|Avalanche|p2a: Raging Bolt
|-damage|p2a: Raging Bolt|24/100
|
|-weather|none
|-heal|p2a: Raging Bolt|30/100|[from] item: Leftovers
|-heal|p1a: Dondozo|57/100|[from] item: Leftovers
|upkeep
|turn|10
|
|t:|1758378810
|move|p2a: Raging Bolt|Thunderbolt|p1a: Dondozo
|-supereffective|p1a: Dondozo
|-damage|p1a: Dondozo|23/100
|move|p1a: Dondozo|Avalanche|p2a: Raging Bolt
|-damage|p2a: Raging Bolt|0 fnt
|faint|p2a: Raging Bolt
|-end|p2a: Raging Bolt|Protosynthesis|[silent]
|
|-heal|p1a: Dondozo|29/100|[from] item: Leftovers
|upkeep
|
|t:|1758378815
|switch|p2a: Meowscarada|Meowscarada, F|100/100
|turn|11
|
|t:|1758378818
|move|p2a: Meowscarada|Flower Trick|p1a: Dondozo
|-start|p2a: Meowscarada|typechange|Grass|[from] ability: Protean
|-supereffective|p1a: Dondozo
|-crit|p1a: Dondozo
|-damage|p1a: Dondozo|0 fnt
|faint|p1a: Dondozo
|
|upkeep
|
|t:|1758378822
|switch|p1a: Kyurem|Kyurem|100/100
|-damage|p1a: Kyurem|76/100|[from] Stealth Rock
|-ability|p1a: Kyurem|Pressure
|turn|12
|
|t:|1758378826
|switch|p2a: Bene Gesserit|Iron Crown|94/100
|-damage|p2a: Bene Gesserit|88/100|[from] Stealth Rock
|move|p1a: Kyurem|Dragon Dance|p1a: Kyurem
|-boost|p1a: Kyurem|atk|1
|-boost|p1a: Kyurem|spe|1
|
|-sideend|p1: uniandes5|move: Aurora Veil
|upkeep
|turn|13
|
|t:|1758378828
|move|p1a: Kyurem|Earth Power|p2a: Bene Gesserit
|-supereffective|p2a: Bene Gesserit
|-damage|p2a: Bene Gesserit|53/100
|-unboost|p2a: Bene Gesserit|spd|1
|move|p2a: Bene Gesserit|Tachyon Cutter|p1a: Kyurem
|-supereffective|p1a: Kyurem
|-damage|p1a: Kyurem|25/100
|-supereffective|p1a: Kyurem
|-damage|p1a: Kyurem|0 fnt
|faint|p1a: Kyurem
|-hitcount|p1: Kyurem|2
|
|upkeep
|
|t:|1758378834
|switch|p1a: Ninetales|Ninetales-Alola, M|76/100
|-damage|p1a: Ninetales|51/100|[from] Stealth Rock
|-weather|Snowscape|[from] ability: Snow Warning|[of] p1a: Ninetales
|turn|14
|
|t:|1758378837
|move|p1a: Ninetales|Aurora Veil|p1a: Ninetales
|-sidestart|p1: uniandes5|move: Aurora Veil
|move|p2a: Bene Gesserit|Tachyon Cutter|p1a: Ninetales
|-supereffective|p1a: Ninetales
|-damage|p1a: Ninetales|0 fnt
|faint|p1a: Ninetales
|-hitcount|p1: Ninetales|1
|
|-weather|Snowscape|[upkeep]
|upkeep
|
|t:|1758378840
|switch|p1a: Polteageist|Polteageist|100/100
|-damage|p1a: Polteageist|88/100|[from] Stealth Rock
|turn|15
|
|t:|1758378858
|move|p2a: Bene Gesserit|Volt Switch|p1a: Polteageist
|-damage|p1a: Polteageist|78/100
|inactive|rookie22 has 120 seconds left.
|
|t:|1758378879
|-end|p2a: Bene Gesserit|Quark Drive|[silent]
|switch|p2a: I'm the original.|Dragonite, F|100/100|[from] Volt Switch
|move|p1a: Polteageist|Shell Smash|p1a: Polteageist
|-unboost|p1a: Polteageist|def|1
|-unboost|p1a: Polteageist|spd|1
|-boost|p1a: Polteageist|atk|2
|-boost|p1a: Polteageist|spa|2
|-boost|p1a: Polteageist|spe|2
|-enditem|p1a: Polteageist|White Herb
|-clearnegativeboost|p1a: Polteageist|[silent]
|
|-weather|Snowscape|[upkeep]
|upkeep
|turn|16
|j| Qiiiii
|inactive|rookie22 has 120 seconds left.
|l| Qiiiii
|
|t:|1758378898
|move|p1a: Polteageist|Shadow Ball|p2a: I'm the original.
|-damage|p2a: I'm the original.|61/100
|move|p2a: I'm the original.|Earthquake|p1a: Polteageist
|-damage|p1a: Polteageist|56/100
|
|-weather|Snowscape|[upkeep]
|upkeep
|turn|17
|inactive|rookie22 has 120 seconds left.
|
|t:|1758378911
|move|p1a: Polteageist|Shadow Ball|p2a: I'm the original.
|-damage|p2a: I'm the original.|0 fnt
|faint|p2a: I'm the original.
|
|-weather|Snowscape|[upkeep]
|upkeep
|
|t:|1758378915
|switch|p2a: Meowscarada|Meowscarada, F|100/100
|turn|18
|
|t:|1758378924
|switch|p2a: Great Tusk|Great Tusk|63/100
|-damage|p2a: Great Tusk|60/100|[from] Stealth Rock
|-terastallize|p1a: Polteageist|Fighting
|move|p1a: Polteageist|Tera Blast|p2a: Great Tusk|[anim] Tera Blast Fighting
|-damage|p2a: Great Tusk|0 fnt
|faint|p2a: Great Tusk
|-end|p2a: Great Tusk|Protosynthesis|[silent]
|
|-weather|none
|upkeep
|inactive|rookie22 has 120 seconds left.
|
|t:|1758378949
|switch|p2a: Meowscarada|Meowscarada, F|100/100
|turn|19
|
|t:|1758378967
|move|p1a: Polteageist|Tera Blast|p2a: Meowscarada|[anim] Tera Blast Fighting
|-supereffective|p2a: Meowscarada
|-damage|p2a: Meowscarada|0 fnt
|faint|p2a: Meowscarada
|
|upkeep
|inactive|rookie22 has 90 seconds left.
|
|t:|1758378987
|switch|p2a: Lisan Al Gaib|Keldeo|50/100
|-damage|p2a: Lisan Al Gaib|44/100|[from] Stealth Rock
|turn|20
|
|t:|1758378992
|move|p2a: Lisan Al Gaib|Vacuum Wave|p1a: Polteageist
|-damage|p1a: Polteageist|40/100
|-start|p2a: Lisan Al Gaib|Disable|Vacuum Wave|[from] ability: Cursed Body|[of] p1a: Polteageist
|move|p1a: Polteageist|Shadow Ball|p2a: Lisan Al Gaib
|-damage|p2a: Lisan Al Gaib|0 fnt
|faint|p2a: Lisan Al Gaib
|
|upkeep
|
|t:|1758378994
|switch|p2a: Bene Gesserit|Iron Crown|53/100
|-damage|p2a: Bene Gesserit|47/100|[from] Stealth Rock
|turn|21
|
|t:|1758378996
|move|p1a: Polteageist|Shadow Ball|p2a: Bene Gesserit
|-supereffective|p2a: Bene Gesserit
|-damage|p2a: Bene Gesserit|0 fnt
|faint|p2a: Bene Gesserit
|-end|p2a: Bene Gesserit|Quark Drive|[silent]
|
|win|uniandes5
|raw|uniandes5's rating: 1629 &rarr; <strong>1646</strong><br />(+17 for winning)
|raw|rookie22's rating: 1580 &rarr; <strong>1563</strong><br />(-17 for losing)
|l|☆rookie22
|player|p2|
|l|☆uniandes5
|player|p1|
