|j|☆disco 2003
|j|☆life wont change
|t:|1758302824
|gametype|singles
|player|p1|disco 2003|policeman-gen4|1738
|player|p2|life wont change|psychicf-gen3rs|1707
|gen|9
|tier|[Gen 9] OU
|rated|
|rule|HP Percentage Mod: HP is shown in percentages
|rule|Endless Battle Clause: Forcing endless battles is banned
|rule|Species Clause: Limit one of each Pokémon
|rule|OHKO Clause: OHKO moves are banned
|rule|Evasion Items Clause: Evasion items are banned
|rule|Evasion Moves Clause: Evasion moves are banned
|rule|Evasion Abilities Clause: Evasion abilities are banned
|rule|Sleep Moves Clause: Sleep-inducing moves are banned
|clearpoke
|poke|p1|Ceruledge, F|
|poke|p1|Raging Bolt|
|poke|p1|Latias, F|
|poke|p1|Kyurem|
|poke|p1|Ninetales-Alola, F|
|poke|p1|Iron Moth|
|poke|p2|Zapdos|
|poke|p2|Great Tusk|
|poke|p2|Slowking-Galar, M|
|poke|p2|Kyurem|
|poke|p2|Kingambit, M|
|poke|p2|Dragapult, M|
|teampreview
|
|t:|1758302838
|teamsize|p1|6
|teamsize|p2|6
|start
|switch|p1a: snow bunny|Ninetales-Alola, F|100/100
|switch|p2a: Slowking|Slowking-Galar, M|100/100
|-weather|Snowscape|[from] ability: Snow Warning|[of] p1a: snow bunny
|turn|1
|
|t:|1758302847
|move|p1a: snow bunny|Aurora Veil|p1a: snow bunny
|-sidestart|p1: disco 2003|move: Aurora Veil
|move|p2a: Slowking|Future Sight|p1a: snow bunny
|-start|p2a: Slowking|move: Future Sight
|
|-weather|Snowscape|[upkeep]
|upkeep
|turn|2
|
|t:|1758302853
|switch|p1a: bury the light|Ceruledge, F|100/100
|switch|p2a: Great Tusk|Great Tusk|100/100
|
|-weather|Snowscape|[upkeep]
|upkeep
|turn|3
|
|t:|1758302861
|switch|p1a: realpsyspam|Latias, F|100/100
|move|p2a: Great Tusk|Knock Off|p1a: realpsyspam
|-supereffective|p1a: realpsyspam
|-damage|p1a: realpsyspam|60/100
|-enditem|p1a: realpsyspam|Leftovers|[from] move: Knock Off|[of] p2a: Great Tusk
|
|-weather|Snowscape|[upkeep]
|-end|p1a: realpsyspam|move: Future Sight
|-resisted|p1a: realpsyspam
|-damage|p1a: realpsyspam|50/100
|upkeep
|turn|4
|
|t:|1758302870
|-end|p2a: Great Tusk|Protosynthesis|[silent]
|switch|p2a: Dragapult|Dragapult, M|100/100
|move|p1a: realpsyspam|Agility|p1a: realpsyspam
|-boost|p1a: realpsyspam|spe|2
|
|-weather|Snowscape|[upkeep]
|upkeep
|turn|5
|
|t:|1758302877
|move|p1a: realpsyspam|Calm Mind|p1a: realpsyspam
|-boost|p1a: realpsyspam|spa|1
|-boost|p1a: realpsyspam|spd|1
|move|p2a: Dragapult|Dragon Darts|p1a: realpsyspam
|-supereffective|p1a: realpsyspam
|-damage|p1a: realpsyspam|0 fnt
|faint|p1a: realpsyspam
|
|-weather|none
|upkeep
|j| Nikator98
|l| Nikator98
|
|t:|1758302896
|switch|p1a: snow bunny|Ninetales-Alola, F|100/100
|-weather|Snowscape|[from] ability: Snow Warning|[of] p1a: snow bunny
|turn|6
|
|t:|1758302903
|switch|p1a: bury the light|Ceruledge, F|100/100
|move|p2a: Dragapult|U-turn|p1a: bury the light
|-resisted|p1a: bury the light
|-damage|p1a: bury the light|94/100
|-ability|p1a: bury the light|Weak Armor|boost
|-unboost|p1a: bury the light|def|1
|-boost|p1a: bury the light|spe|2
|
|t:|1758302912
|switch|p2a: Zapdos|Zapdos|100/100|[from] U-turn
|
|-weather|Snowscape|[upkeep]
|upkeep
|turn|7
|
|t:|1758302954
|move|p1a: bury the light|Swords Dance|p1a: bury the light
|-boost|p1a: bury the light|atk|2
|move|p2a: Zapdos|Thunder Wave|p1a: bury the light
|-status|p1a: bury the light|par
|
|-weather|Snowscape|[upkeep]
|upkeep
|turn|8
|
|t:|1758302959
|move|p1a: bury the light|Bitter Blade|p2a: Zapdos
|-damage|p2a: Zapdos|37/100
|-heal|p1a: bury the light|100/100 par|[from] drain|[of] p2a: Zapdos
|move|p2a: Zapdos|Hurricane|p1a: bury the light
|-damage|p1a: bury the light|76/100 par
|-start|p1a: bury the light|confusion
|
|-weather|Snowscape|[upkeep]
|-sideend|p1: disco 2003|move: Aurora Veil
|upkeep
|turn|9
|
|t:|1758302964
|-activate|p1a: bury the light|confusion
|-damage|p1a: bury the light|17/100 par|[from] confusion
|move|p2a: Zapdos|Volt Switch|p1a: bury the light
|-damage|p1a: bury the light|0 fnt
|faint|p1a: bury the light
|
|t:|1758302974
|switch|p2a: Slowking|Slowking-Galar, M|100/100|[from] Volt Switch
|
|-weather|Snowscape|[upkeep]
|upkeep
|
|t:|1758302979
|switch|p1a: rng my ahh|Kyurem|100/100
|-ability|p1a: rng my ahh|Pressure
|turn|10
|
|t:|1758302987
|switch|p2a: Kingambit|Kingambit, M|100/100
|move|p1a: rng my ahh|Icicle Spear|p2a: Kingambit
|-resisted|p2a: Kingambit
|-damage|p2a: Kingambit|94/100
|-resisted|p2a: Kingambit
|-crit|p2a: Kingambit
|-damage|p2a: Kingambit|86/100
|-resisted|p2a: Kingambit
|-damage|p2a: Kingambit|80/100
|-resisted|p2a: Kingambit
|-damage|p2a: Kingambit|74/100
|-resisted|p2a: Kingambit
|-damage|p2a: Kingambit|68/100
|-hitcount|p2a: Kingambit|5
|
|-weather|none
|-heal|p2a: Kingambit|74/100|[from] item: Leftovers
|upkeep
|turn|11
|
|t:|1758302998
|switch|p1a: 50/50|Raging Bolt|100/100
|-enditem|p1a: 50/50|Booster Energy
|-activate|p1a: 50/50|ability: Protosynthesis|[fromitem]
|-start|p1a: 50/50|protosynthesisspa
|move|p2a: Kingambit|Low Kick|p1a: 50/50
|-damage|p1a: 50/50|62/100
|
|-heal|p2a: Kingambit|80/100|[from] item: Leftovers
|upkeep
|turn|12
|
|t:|1758303009
|-end|p2a: Kingambit|fallenundefined|[silent]
|switch|p2a: Zapdos|Zapdos|37/100
|move|p1a: 50/50|Calm Mind|p1a: 50/50
|-boost|p1a: 50/50|spa|1
|-boost|p1a: 50/50|spd|1
|
|upkeep
|turn|13
|
|t:|1758303011
|move|p2a: Zapdos|Volt Switch|p1a: 50/50
|-resisted|p1a: 50/50
|-damage|p1a: 50/50|58/100
|
|t:|1758303013
|switch|p2a: Slowking|Slowking-Galar, M|100/100|[from] Volt Switch
|move|p1a: 50/50|Dragon Pulse|p2a: Slowking
|-damage|p2a: Slowking|47/100
|
|upkeep
|turn|14
|
|t:|1758303016
|switch|p2a: Zapdos|Zapdos|37/100
|move|p1a: 50/50|Dragon Pulse|p2a: Zapdos
|-damage|p2a: Zapdos|0 fnt
|faint|p2a: Zapdos
|
|upkeep
|
|t:|1758303019
|switch|p2a: Dragapult|Dragapult, M|100/100
|turn|15
|
|t:|1758303023
|move|p1a: 50/50|Thunderclap|p2a: Dragapult
|-resisted|p2a: Dragapult
|-damage|p2a: Dragapult|42/100
|move|p2a: Dragapult|Dragon Darts|p1a: 50/50
|-supereffective|p1a: 50/50
|-damage|p1a: 50/50|21/100
|-anim|p2a: Dragapult|Dragon Darts|p1a: 50/50
|-supereffective|p1a: 50/50
|-damage|p1a: 50/50|0 fnt
|faint|p1a: 50/50
|-end|p1a: 50/50|Protosynthesis|[silent]
|
|upkeep
|
|t:|1758303026
|switch|p1a: snow bunny|Ninetales-Alola, F|100/100
|-weather|Snowscape|[from] ability: Snow Warning|[of] p1a: snow bunny
|turn|16
|
|t:|1758303028
|move|p2a: Dragapult|U-turn|p1a: snow bunny
|-resisted|p1a: snow bunny
|-damage|p1a: snow bunny|91/100
|
|t:|1758303029
|switch|p2a: Slowking|Slowking-Galar, M|80/100|[from] U-turn
|move|p1a: snow bunny|Aurora Veil|p1a: snow bunny
|-sidestart|p1: disco 2003|move: Aurora Veil
|
|-weather|Snowscape|[upkeep]
|upkeep
|turn|17
|
|t:|1758303035
|switch|p1a: rng my ahh|Kyurem|100/100
|-ability|p1a: rng my ahh|Pressure
|-prepare|p2a: Slowking|Chilly Reception|[premajor]
|move|p2a: Slowking|Chilly Reception|p2a: Slowking
|
|t:|1758303036
|switch|p2a: Dragapult|Dragapult, M|42/100|[from] Chilly Reception
|
|-weather|Snowscape|[upkeep]
|upkeep
|turn|18
|
|t:|1758303041
|switch|p1a: snow bunny|Ninetales-Alola, F|91/100
|move|p2a: Dragapult|Will-O-Wisp|p1a: snow bunny
|-status|p1a: snow bunny|brn
|
|-weather|Snowscape|[upkeep]
|-damage|p1a: snow bunny|85/100 brn|[from] brn
|upkeep
|turn|19
|
|t:|1758303044
|move|p2a: Dragapult|U-turn|p1a: snow bunny
|-resisted|p1a: snow bunny
|-damage|p1a: snow bunny|75/100 brn
|
|t:|1758303045
|switch|p2a: Slowking|Slowking-Galar, M|100/100|[from] U-turn
|move|p1a: snow bunny|Freeze-Dry|p2a: Slowking
|-damage|p2a: Slowking|86/100
|
|-weather|Snowscape|[upkeep]
|-damage|p1a: snow bunny|69/100 brn|[from] brn
|upkeep
|turn|20
|
|t:|1758303048
|move|p1a: snow bunny|Freeze-Dry|p2a: Slowking
|-damage|p2a: Slowking|71/100
|-status|p2a: Slowking|frz
|-prepare|p2a: Slowking|Chilly Reception|[premajor]
|cant|p2a: Slowking|frz
|
|-weather|none
|-damage|p1a: snow bunny|64/100 brn|[from] brn
|upkeep
|turn|21
|
|t:|1758303055
|switch|p1a: rng my ahh|Kyurem|100/100
|-ability|p1a: rng my ahh|Pressure
|switch|p2a: Kingambit|Kingambit, M|80/100
|-activate|p2a: Kingambit|ability: Supreme Overlord
|-start|p2a: Kingambit|fallen1|[silent]
|
|-heal|p2a: Kingambit|86/100|[from] item: Leftovers
|upkeep
|turn|22
|
|t:|1758303061
|-terastallize|p1a: rng my ahh|Fire
|move|p1a: rng my ahh|Dragon Dance|p1a: rng my ahh
|-boost|p1a: rng my ahh|atk|1
|-boost|p1a: rng my ahh|spe|1
|move|p2a: Kingambit|Low Kick|p1a: rng my ahh
|-damage|p1a: rng my ahh|74/100
|
|-heal|p2a: Kingambit|93/100|[from] item: Leftovers
|upkeep
|turn|23
|
|t:|1758303069
|move|p1a: rng my ahh|Tera Blast|p2a: Kingambit|[anim] Tera Blast Fire
|-supereffective|p2a: Kingambit
|-damage|p2a: Kingambit|0 fnt
|faint|p2a: Kingambit
|-end|p2a: Kingambit|fallen1|[silent]
|
|-sideend|p1: disco 2003|move: Aurora Veil
|upkeep
|
|t:|1758303077
|switch|p2a: Kyurem|Kyurem|100/100
|-ability|p2a: Kyurem|Pressure
|turn|24
|
|t:|1758303084
|move|p1a: rng my ahh|Scale Shot|p2a: Kyurem
|-supereffective|p2a: Kyurem
|-damage|p2a: Kyurem|62/100
|-supereffective|p2a: Kyurem
|-damage|p2a: Kyurem|19/100
|-supereffective|p2a: Kyurem
|-damage|p2a: Kyurem|0 fnt
|faint|p2a: Kyurem
|-hitcount|p2: Kyurem|3
|-unboost|p1a: rng my ahh|def|1
|-boost|p1a: rng my ahh|spe|1
|
|upkeep
|
|t:|1758303088
|switch|p2a: Great Tusk|Great Tusk|100/100
|turn|25
|
|t:|1758303092
|-terastallize|p2a: Great Tusk|Steel
|move|p1a: rng my ahh|Tera Blast|p2a: Great Tusk|[anim] Tera Blast Fire
|-supereffective|p2a: Great Tusk
|-damage|p2a: Great Tusk|0 fnt
|faint|p2a: Great Tusk
|-end|p2a: Great Tusk|Protosynthesis|[silent]
|
|upkeep
|-message|life wont change forfeited.
|
|win|disco 2003
|raw|disco 2003's rating: 1738 &rarr; <strong>1756</strong><br />(+18 for winning)
|raw|life wont change's rating: 1707 &rarr; <strong>1689</strong><br />(-18 for losing)
|l|☆life wont change
|player|p2|
|l|☆disco 2003
|player|p1|
