|j|‽President Warfo
|j|☆YumeKasumi76
|t:|1758273465
|gametype|singles
|player|p1|President Warfo|giovanni-gen1rb|1405
|player|p2|YumeKasumi76|169|1417
|gen|9
|tier|[Gen 9] OU
|rated|
|rule|HP Percentage Mod: HP is shown in percentages
|rule|Endless Battle Clause: Forcing endless battles is banned
|rule|Species Clause: Limit one of each Pokémon
|rule|OHKO Clause: OHKO moves are banned
|rule|Evasion Items Clause: Evasion items are banned
|rule|Evasion Moves Clause: Evasion moves are banned
|rule|Evasion Abilities Clause: Evasion abilities are banned
|rule|Sleep Moves Clause: Sleep-inducing moves are banned
|clearpoke
|poke|p1|Torkoal, F|
|poke|p1|Scovillain, F|
|poke|p1|Walking Wake|
|poke|p1|Hatterene, F|
|poke|p1|Great Tusk|
|poke|p1|Ceruledge, M|
|poke|p2|Cobalion|
|poke|p2|Weezing-Galar, M|
|poke|p2|Lokix, F|
|poke|p2|Arboliva, M|
|poke|p2|Ceruledge, F|
|poke|p2|Latios, M|
|teampreview
|inactive|Battle timer is ON: inactive players will automatically lose when time's up. (requested by President Warfo)
|
|t:|1758273470
|teamsize|p1|6
|teamsize|p2|6
|start
|switch|p1a: Torkoal|Torkoal, F|100/100
|switch|p2a: Jalter|Ceruledge, F|100/100
|-weather|SunnyDay|[from] ability: Drought|[of] p1a: Torkoal
|turn|1
|
|t:|1758273480
|switch|p1a: Walking Wake|Walking Wake|100/100
|-activate|p1a: Walking Wake|ability: Protosynthesis
|-start|p1a: Walking Wake|protosynthesisspa
|move|p2a: Jalter|Poltergeist|p1a: Walking Wake
|-activate|p1a: Walking Wake|move: Poltergeist|Choice Specs
|-damage|p1a: Walking Wake|47/100
|
|-weather|SunnyDay|[upkeep]
|upkeep
|turn|2
|
|t:|1758273498
|switch|p2a: Pantheon|Arboliva, M|100/100
|move|p1a: Walking Wake|Hydro Steam|p2a: Pantheon
|-resisted|p2a: Pantheon
|-damage|p2a: Pantheon|65/100
|-fieldstart|move: Grassy Terrain|[from] ability: Seed Sower|[of] p2a: Pantheon
|
|-weather|SunnyDay|[upkeep]
|-heal|p1a: Walking Wake|53/100|[from] Grassy Terrain
|-heal|p2a: Pantheon|71/100|[from] Grassy Terrain
|upkeep
|turn|3
|
|t:|1758273510
|-end|p1a: Walking Wake|Protosynthesis|[silent]
|switch|p1a: Hatterene|Hatterene, F, shiny|100/100
|move|p2a: Pantheon|Earth Power|p1a: Hatterene
|-damage|p1a: Hatterene|74/100
|-enditem|p1a: Hatterene|Eject Button
|
|t:|1758273518
|switch|p1a: Scovillain|Scovillain, F|100/100
|
|-weather|SunnyDay|[upkeep]
|-heal|p2a: Pantheon|77/100|[from] Grassy Terrain
|upkeep
|turn|4
|
|t:|1758273537
|switch|p2a: Satsuki|Lokix, F, shiny|100/100
|move|p1a: Scovillain|Flamethrower|p2a: Satsuki
|-supereffective|p2a: Satsuki
|-damage|p2a: Satsuki|0 fnt
|faint|p2a: Satsuki
|-damage|p1a: Scovillain|91/100|[from] item: Life Orb
|
|-weather|SunnyDay|[upkeep]
|-heal|p1a: Scovillain|96/100|[from] Grassy Terrain
|upkeep
|
|t:|1758273542
|switch|p2a: Jalter|Ceruledge, F|100/100
|turn|5
|
|t:|1758273547
|-terastallize|p1a: Scovillain|Ground
|move|p1a: Scovillain|Tera Blast|p2a: Jalter|[anim] Tera Blast Ground
|-supereffective|p2a: Jalter
|-damage|p2a: Jalter|25/100
|-damage|p1a: Scovillain|86/100|[from] item: Life Orb
|move|p2a: Jalter|Bulk Up|p2a: Jalter
|-boost|p2a: Jalter|atk|1
|-boost|p2a: Jalter|def|1
|
|-weather|SunnyDay|[upkeep]
|-heal|p1a: Scovillain|92/100|[from] Grassy Terrain
|-heal|p2a: Jalter|31/100|[from] Grassy Terrain
|-heal|p2a: Jalter|37/100|[from] item: Leftovers
|upkeep
|turn|6
|
|t:|1758273556
|-terastallize|p2a: Jalter|Grass
|move|p1a: Scovillain|Tera Blast|p2a: Jalter|[anim] Tera Blast Ground
|-resisted|p2a: Jalter
|-crit|p2a: Jalter
|-damage|p2a: Jalter|10/100
|-damage|p1a: Scovillain|82/100|[from] item: Life Orb
|move|p2a: Jalter|Bitter Blade|p1a: Scovillain
|-damage|p1a: Scovillain|0 fnt
|-heal|p2a: Jalter|42/100|[from] drain|[of] p1a: Scovillain
|faint|p1a: Scovillain
|
|-weather|SunnyDay|[upkeep]
|-heal|p2a: Jalter|49/100|[from] Grassy Terrain
|-heal|p2a: Jalter|55/100|[from] item: Leftovers
|-fieldend|move: Grassy Terrain
|upkeep
|
|t:|1758273563
|switch|p1a: Ceruledge|Ceruledge, M|100/100
|turn|7
|
|t:|1758273566
|move|p1a: Ceruledge|Bitter Blade|p2a: Jalter
|-start|p2a: Jalter|ability: Flash Fire
|move|p2a: Jalter|Poltergeist|p1a: Ceruledge|[miss]
|-miss|p2a: Jalter|p1a: Ceruledge
|
|-weather|SunnyDay|[upkeep]
|-heal|p2a: Jalter|61/100|[from] item: Leftovers
|upkeep
|turn|8
|
|t:|1758273583
|switch|p1a: Great Tusk|Great Tusk, shiny|100/100
|-activate|p1a: Great Tusk|ability: Protosynthesis
|-start|p1a: Great Tusk|protosynthesisatk
|move|p2a: Jalter|Poltergeist|p1a: Great Tusk
|-activate|p1a: Great Tusk|move: Poltergeist|Rocky Helmet
|-damage|p1a: Great Tusk|53/100
|
|-weather|none
|-end|p1a: Great Tusk|Protosynthesis
|-heal|p2a: Jalter|67/100|[from] item: Leftovers
|upkeep
|turn|9
|
|t:|1758273589
|move|p1a: Great Tusk|Ice Spinner|p2a: Jalter
|-supereffective|p2a: Jalter
|-damage|p2a: Jalter|15/100
|move|p2a: Jalter|Bitter Blade|p1a: Great Tusk
|-damage|p1a: Great Tusk|0 fnt
|-heal|p2a: Jalter|44/100|[from] drain|[of] p1a: Great Tusk
|-damage|p2a: Jalter|27/100|[from] item: Rocky Helmet|[of] p1a: Great Tusk
|faint|p1a: Great Tusk
|-end|p1a: Great Tusk|Protosynthesis|[silent]
|
|-heal|p2a: Jalter|34/100|[from] item: Leftovers
|upkeep
|
|t:|1758273597
|switch|p1a: Walking Wake|Walking Wake|53/100
|turn|10
|
|t:|1758273607
|-end|p2a: Jalter|ability: Flash Fire|[silent]
|switch|p2a: Pantheon|Arboliva, M|77/100
|move|p1a: Walking Wake|Draco Meteor|p2a: Pantheon
|-damage|p2a: Pantheon|21/100
|-unboost|p1a: Walking Wake|spa|2
|-fieldstart|move: Grassy Terrain|[from] ability: Seed Sower|[of] p2a: Pantheon
|
|-heal|p1a: Walking Wake|59/100|[from] Grassy Terrain
|-heal|p2a: Pantheon|27/100|[from] Grassy Terrain
|upkeep
|turn|11
|
|t:|1758273610
|move|p1a: Walking Wake|Draco Meteor|p2a: Pantheon
|-damage|p2a: Pantheon|0 fnt
|-unboost|p1a: Walking Wake|spa|2
|faint|p2a: Pantheon
|
|-heal|p1a: Walking Wake|65/100|[from] Grassy Terrain
|upkeep
|-message|President Warfo forfeited.
|
|win|YumeKasumi76
|raw|President Warfo's rating: 1405 &rarr; <strong>1386</strong><br />(-19 for losing)
|raw|YumeKasumi76's rating: 1417 &rarr; <strong>1436</strong><br />(+19 for winning)
|l|‽President Warfo
|player|p1|
|l|☆YumeKasumi76
|player|p2|
