|j|☆Brock2424
|j|☆Gery09
|t:|1758351887
|gametype|singles
|player|p1|Brock2424|102|1170
|player|p2|Gery09|cynthia-gen4|1083
|gen|9
|tier|[Gen 9] OU
|rated|
|rule|HP Percentage Mod: HP is shown in percentages
|rule|Endless Battle Clause: Forcing endless battles is banned
|rule|Species Clause: Limit one of each Pokémon
|rule|OHKO Clause: OHKO moves are banned
|rule|Evasion Items Clause: Evasion items are banned
|rule|Evasion Moves Clause: Evasion moves are banned
|rule|Evasion Abilities Clause: Evasion abilities are banned
|rule|Sleep Moves Clause: Sleep-inducing moves are banned
|clearpoke
|poke|p1|Hariyama, F|
|poke|p1|Kleavor, M|
|poke|p1|Lokix, F|
|poke|p1|Azumarill, M|
|poke|p1|Porygon2|
|poke|p1|Heatran, F|
|poke|p2|Slowking-Galar, F|
|poke|p2|Iron Treads|
|poke|p2|Kingambit, F|
|poke|p2|Corviknight, M|
|poke|p2|Cinderace, M|
|poke|p2|Garganacl, F|
|teampreview
|inactive|Battle timer is ON: inactive players will automatically lose when time's up. (requested by Brock2424)
|
|t:|1758351901
|teamsize|p1|6
|teamsize|p2|6
|start
|switch|p1a: Heatran|Heatran, F|100/100
|switch|p2a: Garganacl|Garganacl, F, shiny|100/100
|turn|1
|
|t:|1758351917
|move|p1a: Heatran|Earth Power|p2a: Garganacl
|-supereffective|p2a: Garganacl
|-damage|p2a: Garganacl|36/100
|-enditem|p2a: Garganacl|Sitrus Berry|[eat]
|-heal|p2a: Garganacl|61/100|[from] item: Sitrus Berry
|move|p2a: Garganacl|Salt Cure|p1a: Heatran
|-damage|p1a: Heatran|83/100
|-start|p1a: Heatran|Salt Cure
|
|-damage|p1a: Heatran|59/100|[from] Salt Cure
|upkeep
|turn|2
|
|t:|1758351928
|move|p2a: Garganacl|Protect|p2a: Garganacl
|-singleturn|p2a: Garganacl|Protect
|move|p1a: Heatran|Earth Power|p2a: Garganacl
|-activate|p2a: Garganacl|move: Protect
|
|-damage|p1a: Heatran|34/100|[from] Salt Cure
|upkeep
|turn|3
|
|t:|1758351938
|switch|p1a: Kleavor|Kleavor, M|100/100
|switch|p2a: Corviknight|Corviknight, M, shiny|100/100
|-ability|p2a: Corviknight|Pressure
|
|upkeep
|turn|4
|
|t:|1758351956
|move|p1a: Kleavor|Stone Axe|p2a: Corviknight
|-damage|p2a: Corviknight|65/100
|-damage|p1a: Kleavor|84/100|[from] item: Rocky Helmet|[of] p2a: Corviknight
|-sidestart|p2: Gery09|move: Stealth Rock
|move|p2a: Corviknight|U-turn|p1a: Kleavor
|-damage|p1a: Kleavor|70/100
|
|t:|1758351962
|switch|p2a: Iron Treads|Iron Treads, shiny|100/100|[from] U-turn
|
|upkeep
|turn|5
|
|t:|1758351974
|move|p2a: Iron Treads|Rapid Spin|p1a: Kleavor
|-resisted|p1a: Kleavor
|-damage|p1a: Kleavor|62/100
|-boost|p2a: Iron Treads|spe|1
|-sideend|p2: Gery09|Stealth Rock|[from] move: Rapid Spin|[of] p2a: Iron Treads
|move|p1a: Kleavor|Brick Break|p2a: Iron Treads
|-supereffective|p2a: Iron Treads
|-damage|p2a: Iron Treads|48/100
|
|upkeep
|turn|6
|
|t:|1758351984
|move|p2a: Iron Treads|Heavy Slam|p1a: Kleavor
|-supereffective|p1a: Kleavor
|-damage|p1a: Kleavor|6/100
|move|p1a: Kleavor|Brick Break|p2a: Iron Treads
|-supereffective|p2a: Iron Treads
|-damage|p2a: Iron Treads|0 fnt
|faint|p2a: Iron Treads
|-end|p2a: Iron Treads|Quark Drive|[silent]
|
|upkeep
|
|t:|1758351992
|switch|p2a: Slowking|Slowking-Galar, F, shiny|100/100
|turn|7
|
|t:|1758352008
|move|p1a: Kleavor|X-Scissor|p2a: Slowking
|-damage|p2a: Slowking|20/100
|move|p2a: Slowking|Future Sight|p1a: Kleavor
|-start|p2a: Slowking|move: Future Sight
|
|-heal|p2a: Slowking|26/100|[from] item: Leftovers
|upkeep
|turn|8
|
|t:|1758352015
|switch|p2a: Corviknight|Corviknight, M, shiny|65/100
|-ability|p2a: Corviknight|Pressure
|move|p1a: Kleavor|X-Scissor|p2a: Corviknight
|-resisted|p2a: Corviknight
|-damage|p2a: Corviknight|53/100
|-damage|p1a: Kleavor|0 fnt|[from] item: Rocky Helmet|[of] p2a: Corviknight
|faint|p1a: Kleavor
|
|upkeep
|
|t:|1758352035
|switch|p1a: Heatran|Heatran, F|34/100
|turn|9
|
|t:|1758352040
|move|p1a: Heatran|Magma Storm|p2a: Corviknight
|-supereffective|p2a: Corviknight
|-damage|p2a: Corviknight|0 fnt
|faint|p2a: Corviknight
|
|-end|p1a: Heatran|move: Future Sight
|-resisted|p1a: Heatran
|-damage|p1a: Heatran|15/100
|upkeep
|
|t:|1758352043
|switch|p2a: Garganacl|Garganacl, F, shiny|61/100
|turn|10
|
|t:|1758352049
|move|p1a: Heatran|Earth Power|p2a: Garganacl
|-supereffective|p2a: Garganacl
|-damage|p2a: Garganacl|1/100
|-unboost|p2a: Garganacl|spd|1
|move|p2a: Garganacl|Iron Defense|p2a: Garganacl
|-boost|p2a: Garganacl|def|2
|
|upkeep
|turn|11
|
|t:|1758352060
|move|p2a: Garganacl|Protect|p2a: Garganacl
|-singleturn|p2a: Garganacl|Protect
|move|p1a: Heatran|Magma Storm|p2a: Garganacl
|-activate|p2a: Garganacl|move: Protect
|
|upkeep
|turn|12
|
|t:|1758352068
|move|p1a: Heatran|Earth Power|p2a: Garganacl
|-supereffective|p2a: Garganacl
|-damage|p2a: Garganacl|0 fnt
|faint|p2a: Garganacl
|
|upkeep
|
|t:|1758352070
|switch|p2a: Cinderace|Cinderace, M|100/100
|turn|13
|
|t:|1758352075
|move|p2a: Cinderace|High Jump Kick|p1a: Heatran
|-start|p2a: Cinderace|typechange|Fighting|[from] ability: Libero
|-supereffective|p1a: Heatran
|-damage|p1a: Heatran|0 fnt
|faint|p1a: Heatran
|
|upkeep
|
|t:|1758352082
|switch|p1a: Hariyama|Hariyama, F|100/100
|turn|14
|
|t:|1758352085
|switch|p2a: Slowking|Slowking-Galar, F, shiny|59/100
|move|p1a: Hariyama|Fake Out|p2a: Slowking
|-damage|p2a: Slowking|43/100
|
|-heal|p2a: Slowking|49/100|[from] item: Leftovers
|-status|p1a: Hariyama|brn|[from] item: Flame Orb
|upkeep
|turn|15
|
|t:|1758352100
|move|p1a: Hariyama|Earthquake|p2a: Slowking
|-supereffective|p2a: Slowking
|-damage|p2a: Slowking|0 fnt
|faint|p2a: Slowking
|
|-damage|p1a: Hariyama|94/100 brn|[from] brn
|upkeep
|
|t:|1758352104
|switch|p2a: Cinderace|Cinderace, M|100/100
|turn|16
|inactive|Brock2424 has 120 seconds left.
|inactive|Brock2424 has 90 seconds left.
|
|t:|1758352174
|move|p2a: Cinderace|Pyro Ball|p1a: Hariyama
|-damage|p1a: Hariyama|33/100 brn
|move|p1a: Hariyama|Earthquake|p2a: Cinderace
|-supereffective|p2a: Cinderace
|-damage|p2a: Cinderace|0 fnt
|faint|p2a: Cinderace
|
|-damage|p1a: Hariyama|27/100 brn|[from] brn
|upkeep
|
|t:|1758352181
|switch|p2a: Kingambit|Kingambit, F, shiny|100/100
|-activate|p2a: Kingambit|ability: Supreme Overlord
|-start|p2a: Kingambit|fallen5|[silent]
|turn|17
|
|t:|1758352199
|move|p2a: Kingambit|Sucker Punch|p1a: Hariyama
|-resisted|p1a: Hariyama
|-damage|p1a: Hariyama|0 fnt
|faint|p1a: Hariyama
|
|upkeep
|inactive|Brock2424 has 90 seconds left.
|
|t:|1758352234
|switch|p1a: Lokix|Lokix, F|100/100
|turn|18
|
|t:|1758352239
|-terastallize|p2a: Kingambit|Fairy
|move|p1a: Lokix|First Impression|p2a: Kingambit
|-resisted|p2a: Kingambit
|-damage|p2a: Kingambit|54/100
|move|p2a: Kingambit|Tera Blast|p1a: Lokix|[anim] Tera Blast Fairy
|-supereffective|p1a: Lokix
|-damage|p1a: Lokix|0 fnt
|faint|p1a: Lokix
|
|upkeep
|
|t:|1758352266
|switch|p1a: Azumarill|Azumarill, M|100/100
|turn|19
|
|t:|1758352284
|move|p1a: Azumarill|Aqua Jet|p2a: Kingambit
|-damage|p2a: Kingambit|34/100
|move|p2a: Kingambit|Iron Head|p1a: Azumarill
|-damage|p1a: Azumarill|28/100
|
|upkeep
|turn|20
|
|t:|1758352291
|move|p1a: Azumarill|Aqua Jet|p2a: Kingambit
|-damage|p2a: Kingambit|13/100
|move|p2a: Kingambit|Sucker Punch||[still]
|-fail|p2a: Kingambit
|
|upkeep
|turn|21
|
|t:|1758352298
|move|p1a: Azumarill|Aqua Jet|p2a: Kingambit
|-damage|p2a: Kingambit|0 fnt
|faint|p2a: Kingambit
|-end|p2a: Kingambit|fallen5|[silent]
|
|win|Brock2424
|raw|Brock2424's rating: 1170 &rarr; <strong>1189</strong><br />(+19 for winning)
|raw|Gery09's rating: 1083 &rarr; <strong>1066</strong><br />(-17 for losing)
|l|☆Gery09
|player|p2|
|l|☆Brock2424
|player|p1|
