|j|☆PrayForMyPp
|j|☆boredbattle
|t:|1758288707
|gametype|singles
|player|p1|PrayForMyPp|101|1137
|player|p2|boredbattle|266|1139
|gen|9
|tier|[Gen 9] OU
|rated|
|rule|HP Percentage Mod: HP is shown in percentages
|rule|Endless Battle Clause: Forcing endless battles is banned
|rule|Species Clause: Limit one of each Pokémon
|rule|OHKO Clause: OHKO moves are banned
|rule|Evasion Items Clause: Evasion items are banned
|rule|Evasion Moves Clause: Evasion moves are banned
|rule|Evasion Abilities Clause: Evasion abilities are banned
|rule|Sleep Moves Clause: Sleep-inducing moves are banned
|clearpoke
|poke|p1|Honchkrow, M|
|poke|p1|Araquanid, M|
|poke|p1|Clefable, F|
|poke|p1|Rhydon, F|
|poke|p1|Blaziken, F|
|poke|p1|Espeon, M|
|poke|p2|Weezing, F|
|poke|p2|Clodsire, M|
|poke|p2|Pecharunt|
|poke|p2|Salazzle, F|
|poke|p2|Toxapex, F|
|poke|p2|Swalot, M|
|teampreview
|inactive|Battle timer is ON: inactive players will automatically lose when time's up. (requested by PrayForMyPp)
|
|t:|1758288719
|teamsize|p1|6
|teamsize|p2|6
|start
|switch|p1a: Rhydon|Rhydon, F, shiny|100/100
|switch|p2a: Clodsire|Clodsire, M|100/100
|turn|1
|
|t:|1758288727
|switch|p1a: Espeon|Espeon, M|100/100
|move|p2a: Clodsire|Earthquake|p1a: Espeon
|-damage|p1a: Espeon|51/100
|
|upkeep
|turn|2
|
|t:|1758288739
|-terastallize|p2a: Clodsire|Grass
|move|p1a: Espeon|Psychic|p2a: Clodsire
|-damage|p2a: Clodsire|69/100
|move|p2a: Clodsire|Tera Blast|p1a: Espeon|[anim] Tera Blast Grass
|-damage|p1a: Espeon|8/100
|
|upkeep
|turn|3
|
|t:|1758288748
|move|p1a: Espeon|Psychic|p2a: Clodsire
|-damage|p2a: Clodsire|34/100
|move|p2a: Clodsire|Tera Blast|p1a: Espeon|[anim] Tera Blast Grass
|-damage|p1a: Espeon|0 fnt
|faint|p1a: Espeon
|
|upkeep
|
|t:|1758288751
|switch|p1a: Blaziken|Blaziken, F|100/100
|turn|4
|
|t:|1758288761
|switch|p2a: Toxapex|Toxapex, F|100/100
|move|p1a: Blaziken|Earthquake|p2a: Toxapex
|-supereffective|p2a: Toxapex
|-damage|p2a: Toxapex|40/100
|-damage|p1a: Blaziken|91/100|[from] item: Life Orb
|
|-heal|p2a: Toxapex|46/100|[from] item: Black Sludge
|-ability|p1a: Blaziken|Speed Boost|boost
|-boost|p1a: Blaziken|spe|1
|upkeep
|turn|5
|
|t:|1758288768
|move|p2a: Toxapex|Baneful Bunker|p2a: Toxapex
|-singleturn|p2a: Toxapex|move: Protect
|move|p1a: Blaziken|Swords Dance|p1a: Blaziken
|-boost|p1a: Blaziken|atk|2
|
|-heal|p2a: Toxapex|52/100|[from] item: Black Sludge
|-ability|p1a: Blaziken|Speed Boost|boost
|-boost|p1a: Blaziken|spe|1
|upkeep
|turn|6
|
|t:|1758288778
|move|p2a: Toxapex|Baneful Bunker||[still]
|-fail|p2a: Toxapex
|move|p1a: Blaziken|Earthquake|p2a: Toxapex
|-supereffective|p2a: Toxapex
|-damage|p2a: Toxapex|0 fnt
|faint|p2a: Toxapex
|-damage|p1a: Blaziken|81/100|[from] item: Life Orb
|
|-ability|p1a: Blaziken|Speed Boost|boost
|-boost|p1a: Blaziken|spe|1
|upkeep
|
|t:|1758288783
|switch|p2a: Weezing|Weezing, F|100/100
|turn|7
|
|t:|1758288788
|move|p1a: Blaziken|Stone Edge|p2a: Weezing|[miss]
|-miss|p1a: Blaziken|p2a: Weezing
|move|p2a: Weezing|Toxic|p1a: Blaziken
|-status|p1a: Blaziken|tox
|
|-damage|p1a: Blaziken|75/100 tox|[from] psn
|-ability|p1a: Blaziken|Speed Boost|boost
|-boost|p1a: Blaziken|spe|1
|upkeep
|turn|8
|
|t:|1758288798
|switch|p2a: Pecharunt|Pecharunt|100/100
|move|p1a: Blaziken|Close Combat|p2a: Pecharunt
|-immune|p2a: Pecharunt
|
|-damage|p1a: Blaziken|63/100 tox|[from] psn
|-ability|p1a: Blaziken|Speed Boost|boost
|-boost|p1a: Blaziken|spe|1
|upkeep
|turn|9
|
|t:|1758288806
|move|p1a: Blaziken|Earthquake|p2a: Pecharunt
|-supereffective|p2a: Pecharunt
|-damage|p2a: Pecharunt|0 fnt
|faint|p2a: Pecharunt
|-damage|p1a: Blaziken|53/100 tox|[from] item: Life Orb
|
|-damage|p1a: Blaziken|35/100 tox|[from] psn
|-ability|p1a: Blaziken|Speed Boost|boost
|-boost|p1a: Blaziken|spe|1
|upkeep
|
|t:|1758288809
|switch|p2a: Salazzle|Salazzle, F|100/100
|turn|10
|
|t:|1758288813
|move|p2a: Salazzle|Protect|p2a: Salazzle
|-singleturn|p2a: Salazzle|Protect
|move|p1a: Blaziken|Stone Edge|p2a: Salazzle
|-activate|p2a: Salazzle|move: Protect
|
|-damage|p1a: Blaziken|11/100 tox|[from] psn
|upkeep
|turn|11
|
|t:|1758288827
|switch|p2a: Weezing|Weezing, F|100/100
|move|p1a: Blaziken|Earthquake|p2a: Weezing
|-immune|p2a: Weezing|[from] ability: Levitate
|
|-damage|p1a: Blaziken|0 fnt|[from] psn
|faint|p1a: Blaziken
|upkeep
|
|t:|1758288836
|switch|p1a: Araquanid|Araquanid, M|100/100
|turn|12
|
|t:|1758288847
|move|p2a: Weezing|Toxic|p1a: Araquanid
|-status|p1a: Araquanid|tox
|move|p1a: Araquanid|Liquidation|p2a: Weezing
|-damage|p2a: Weezing|62/100
|
|-damage|p1a: Araquanid|94/100 tox|[from] psn
|upkeep
|turn|13
|
|t:|1758288857
|switch|p2a: Clodsire|Clodsire, M, tera:Grass|34/100
|move|p1a: Araquanid|Sticky Web|p2a: Clodsire
|-sidestart|p2: boredbattle|move: Sticky Web
|
|-heal|p1a: Araquanid|100/100 tox|[from] item: Leftovers
|-damage|p1a: Araquanid|88/100 tox|[from] psn
|upkeep
|turn|14
|
|t:|1758288862
|move|p1a: Araquanid|Lunge|p2a: Clodsire
|-supereffective|p2a: Clodsire
|-damage|p2a: Clodsire|2/100
|-unboost|p2a: Clodsire|atk|1
|-enditem|p2a: Clodsire|Kee Berry|[eat]
|-boost|p2a: Clodsire|def|1|[from] item: Kee Berry
|move|p2a: Clodsire|Toxic Spikes|p1a: Araquanid
|-sidestart|p1: PrayForMyPp|move: Toxic Spikes
|
|-heal|p1a: Araquanid|94/100 tox|[from] item: Leftovers
|-damage|p1a: Araquanid|76/100 tox|[from] psn
|upkeep
|turn|15
|
|t:|1758288870
|switch|p2a: Weezing|Weezing, F|62/100
|move|p1a: Araquanid|Lunge|p2a: Weezing
|-resisted|p2a: Weezing
|-damage|p2a: Weezing|52/100
|-unboost|p2a: Weezing|atk|1
|
|-heal|p1a: Araquanid|82/100 tox|[from] item: Leftovers
|-damage|p1a: Araquanid|58/100 tox|[from] psn
|upkeep
|turn|16
|
|t:|1758288875
|move|p2a: Weezing|Pain Split|p1a: Araquanid
|-sethp|p1a: Araquanid|57/100 tox|[from] move: Pain Split|[silent]
|-sethp|p2a: Weezing|52/100|[from] move: Pain Split
|move|p1a: Araquanid|Liquidation|p2a: Weezing
|-damage|p2a: Weezing|10/100
|
|-heal|p1a: Araquanid|63/100 tox|[from] item: Leftovers
|-damage|p1a: Araquanid|32/100 tox|[from] psn
|upkeep
|turn|17
|
|t:|1758288879
|move|p2a: Weezing|Pain Split|p1a: Araquanid
|-sethp|p1a: Araquanid|22/100 tox|[from] move: Pain Split|[silent]
|-sethp|p2a: Weezing|20/100|[from] move: Pain Split
|move|p1a: Araquanid|Liquidation|p2a: Weezing
|-damage|p2a: Weezing|0 fnt
|faint|p2a: Weezing
|
|-heal|p1a: Araquanid|28/100 tox|[from] item: Leftovers
|-damage|p1a: Araquanid|0 fnt|[from] psn
|faint|p1a: Araquanid
|upkeep
|
|t:|1758288885
|switch|p2a: Swalot|Swalot, M|100/100
|switch|p1a: Clefable|Clefable, F|100/100
|-status|p1a: Clefable|psn
|-activate|p2a: Swalot|move: Sticky Web
|-unboost|p2a: Swalot|spe|1
|turn|18
|
|t:|1758288890
|move|p1a: Clefable|Shadow Ball|p2a: Swalot
|-damage|p2a: Swalot|81/100
|move|p2a: Swalot|Amnesia|p2a: Swalot
|-boost|p2a: Swalot|spd|2
|
|-heal|p2a: Swalot|87/100|[from] item: Leftovers
|-damage|p1a: Clefable|88/100 psn|[from] psn
|upkeep
|turn|19
|
|t:|1758288896
|move|p1a: Clefable|Shadow Ball|p2a: Swalot
|-damage|p2a: Swalot|69/100
|move|p2a: Swalot|Acid Armor|p2a: Swalot
|-boost|p2a: Swalot|def|2
|
|-heal|p1a: Clefable|94/100 psn|[from] item: Leftovers
|-heal|p2a: Swalot|75/100|[from] item: Leftovers
|-damage|p1a: Clefable|82/100 psn|[from] psn
|upkeep
|turn|20
|
|t:|1758288901
|move|p1a: Clefable|Calm Mind|p1a: Clefable
|-boost|p1a: Clefable|spa|1
|-boost|p1a: Clefable|spd|1
|move|p2a: Swalot|Acid Armor|p2a: Swalot
|-boost|p2a: Swalot|def|2
|
|-heal|p1a: Clefable|88/100 psn|[from] item: Leftovers
|-heal|p2a: Swalot|81/100|[from] item: Leftovers
|-damage|p1a: Clefable|75/100 psn|[from] psn
|upkeep
|turn|21
|
|t:|1758288906
|move|p1a: Clefable|Shadow Ball|p2a: Swalot
|-damage|p2a: Swalot|55/100
|move|p2a: Swalot|Amnesia|p2a: Swalot
|-boost|p2a: Swalot|spd|2
|
|-heal|p1a: Clefable|82/100 psn|[from] item: Leftovers
|-heal|p2a: Swalot|62/100|[from] item: Leftovers
|-damage|p1a: Clefable|69/100 psn|[from] psn
|upkeep
|turn|22
|
|t:|1758288911
|-terastallize|p1a: Clefable|Fighting
|move|p1a: Clefable|Calm Mind|p1a: Clefable
|-boost|p1a: Clefable|spa|1
|-boost|p1a: Clefable|spd|1
|move|p2a: Swalot|Amnesia|p2a: Swalot
|-boost|p2a: Swalot|spd|2
|
|-heal|p1a: Clefable|75/100 psn|[from] item: Leftovers
|-heal|p2a: Swalot|68/100|[from] item: Leftovers
|-damage|p1a: Clefable|63/100 psn|[from] psn
|upkeep
|turn|23
|
|t:|1758288917
|move|p1a: Clefable|Wish|p1a: Clefable
|move|p2a: Swalot|Acid Armor|p2a: Swalot
|-boost|p2a: Swalot|def|2
|
|-heal|p1a: Clefable|69/100 psn|[from] item: Leftovers
|-heal|p2a: Swalot|74/100|[from] item: Leftovers
|-damage|p1a: Clefable|57/100 psn|[from] psn
|upkeep
|turn|24
|
|t:|1758288926
|move|p1a: Clefable|Calm Mind|p1a: Clefable
|-boost|p1a: Clefable|spa|1
|-boost|p1a: Clefable|spd|1
|move|p2a: Swalot|Body Press|p1a: Clefable
|-damage|p1a: Clefable|29/100 psn
|
|-heal|p1a: Clefable|79/100 psn|[from] move: Wish|[wisher] Clefable
|-heal|p1a: Clefable|85/100 psn|[from] item: Leftovers
|-heal|p2a: Swalot|80/100|[from] item: Leftovers
|-damage|p1a: Clefable|72/100 psn|[from] psn
|upkeep
|turn|25
|
|t:|1758288931
|move|p1a: Clefable|Shadow Ball|p2a: Swalot
|-damage|p2a: Swalot|36/100
|move|p2a: Swalot|Body Press|p1a: Clefable
|-damage|p1a: Clefable|47/100 psn
|
|-heal|p1a: Clefable|53/100 psn|[from] item: Leftovers
|-heal|p2a: Swalot|42/100|[from] item: Leftovers
|-damage|p1a: Clefable|40/100 psn|[from] psn
|upkeep
|turn|26
|
|t:|1758288936
|move|p1a: Clefable|Shadow Ball|p2a: Swalot
|-damage|p2a: Swalot|0 fnt
|faint|p2a: Swalot
|
|-heal|p1a: Clefable|46/100 psn|[from] item: Leftovers
|-damage|p1a: Clefable|34/100 psn|[from] psn
|upkeep
|
|t:|1758288939
|switch|p2a: Salazzle|Salazzle, F|100/100
|-activate|p2a: Salazzle|move: Sticky Web
|-unboost|p2a: Salazzle|spe|1
|turn|27
|
|t:|1758288941
|move|p2a: Salazzle|Flamethrower|p1a: Clefable
|-damage|p1a: Clefable|22/100 psn
|move|p1a: Clefable|Shadow Ball|p2a: Salazzle
|-damage|p2a: Salazzle|5/100
|
|-heal|p1a: Clefable|28/100 psn|[from] item: Leftovers
|-damage|p1a: Clefable|16/100 psn|[from] psn
|upkeep
|turn|28
|
|t:|1758288944
|move|p2a: Salazzle|Protect|p2a: Salazzle
|-singleturn|p2a: Salazzle|Protect
|move|p1a: Clefable|Moonblast|p2a: Salazzle
|-activate|p2a: Salazzle|move: Protect
|
|-heal|p1a: Clefable|22/100 psn|[from] item: Leftovers
|-damage|p1a: Clefable|10/100 psn|[from] psn
|upkeep
|turn|29
|
|t:|1758288947
|move|p2a: Salazzle|Venoshock|p1a: Clefable
|-damage|p1a: Clefable|0 fnt
|faint|p1a: Clefable
|
|upkeep
|
|t:|1758288951
|switch|p1a: Honchkrow|Honchkrow, M|100/100
|turn|30
|-message|boredbattle forfeited.
|
|win|PrayForMyPp
|raw|PrayForMyPp's rating: 1137 &rarr; <strong>1162</strong><br />(+25 for winning)
|raw|boredbattle's rating: 1139 &rarr; <strong>1114</strong><br />(-25 for losing)
|l|☆boredbattle
|player|p2|
|l|☆PrayForMyPp
|player|p1|
