|j|☆xcPurple
|j|☆NotUrGuyBuddy
|t:|1758375500
|gametype|singles
|player|p1|xcPurple|rosa|1333
|player|p2|NotUrGuyBuddy|266|1355
|gen|9
|tier|[Gen 9] OU
|rated|
|rule|HP Percentage Mod: HP is shown in percentages
|rule|Endless Battle Clause: Forcing endless battles is banned
|rule|Species Clause: Limit one of each Pokémon
|rule|OHKO Clause: OHKO moves are banned
|rule|Evasion Items Clause: Evasion items are banned
|rule|Evasion Moves Clause: Evasion moves are banned
|rule|Evasion Abilities Clause: Evasion abilities are banned
|rule|Sleep Moves Clause: Sleep-inducing moves are banned
|clearpoke
|poke|p1|Galvantula, F|
|poke|p1|Gholdengo|
|poke|p1|Scizor, M|
|poke|p1|Ting-Lu|
|poke|p1|Great Tusk|
|poke|p1|Dragapult, F|
|poke|p2|Heatran, M|
|poke|p2|Slaking, F|
|poke|p2|Primarina, F|
|poke|p2|Samurott-Hisui, M|
|poke|p2|Zapdos|
|poke|p2|Ogerpon-Cornerstone, F|
|teampreview
|inactive|Battle timer is ON: inactive players will automatically lose when time's up. (requested by NotUrGuyBuddy)
|inactive|xcPurple also wants the timer to be on.
|
|t:|1758375530
|teamsize|p1|6
|teamsize|p2|6
|start
|switch|p1a: Galvantula|Galvantula, F|100/100
|switch|p2a: Rott|Samurott-Hisui, M|100/100
|turn|1
|
|t:|1758375543
|move|p2a: Rott|Ceaseless Edge|p1a: Galvantula
|-damage|p1a: Galvantula|29/100
|-sidestart|p1: xcPurple|Spikes
|move|p1a: Galvantula|Thunder|p2a: Rott
|-supereffective|p2a: Rott
|-crit|p2a: Rott
|-damage|p2a: Rott|0 fnt
|faint|p2a: Rott
|
|upkeep
|
|t:|1758375552
|switch|p2a: Hotrans|Heatran, M|100/100
|turn|2
|
|t:|1758375557
|move|p1a: Galvantula|Sticky Web|p2a: Hotrans
|-sidestart|p2: NotUrGuyBuddy|move: Sticky Web
|move|p2a: Hotrans|Stealth Rock|p1a: Galvantula
|-sidestart|p1: xcPurple|move: Stealth Rock
|
|upkeep
|turn|3
|
|t:|1758375563
|switch|p1a: Great Tusk|Great Tusk, shiny|100/100
|-damage|p1a: Great Tusk|88/100|[from] Spikes
|-damage|p1a: Great Tusk|85/100|[from] Stealth Rock
|move|p2a: Hotrans|Lava Plume|p1a: Great Tusk
|-damage|p1a: Great Tusk|43/100
|-status|p1a: Great Tusk|brn
|
|-damage|p1a: Great Tusk|37/100 brn|[from] brn
|upkeep
|turn|4
|
|t:|1758375582
|switch|p2a: Quail Eggs|Zapdos|100/100
|move|p1a: Great Tusk|Headlong Rush|p2a: Quail Eggs
|-immune|p2a: Quail Eggs
|
|-damage|p1a: Great Tusk|30/100 brn|[from] brn
|upkeep
|turn|5
|
|t:|1758375593
|move|p1a: Great Tusk|Rapid Spin|p2a: Quail Eggs
|-damage|p2a: Quail Eggs|92/100
|-boost|p1a: Great Tusk|spe|1
|-sideend|p1: xcPurple|Spikes|[from] move: Rapid Spin|[of] p1a: Great Tusk
|-sideend|p1: xcPurple|Stealth Rock|[from] move: Rapid Spin|[of] p1a: Great Tusk
|move|p2a: Quail Eggs|Heat Wave|p1a: Great Tusk|[miss]
|-miss|p2a: Quail Eggs|p1a: Great Tusk
|
|-damage|p1a: Great Tusk|24/100 brn|[from] brn
|upkeep
|turn|6
|
|t:|1758375606
|move|p1a: Great Tusk|Knock Off|p2a: Quail Eggs
|-damage|p2a: Quail Eggs|75/100
|-enditem|p2a: Quail Eggs|Heavy-Duty Boots|[from] move: Knock Off|[of] p1a: Great Tusk
|move|p2a: Quail Eggs|Heat Wave|p1a: Great Tusk|[miss]
|-miss|p2a: Quail Eggs|p1a: Great Tusk
|
|-damage|p1a: Great Tusk|18/100 brn|[from] brn
|upkeep
|turn|7
|c|☆NotUrGuyBuddy|Wow
|
|t:|1758375621
|-end|p1a: Great Tusk|Protosynthesis|[silent]
|switch|p1a: Ting-Lu|Ting-Lu|100/100
|-ability|p1a: Ting-Lu|Vessel of Ruin
|move|p2a: Quail Eggs|Heat Wave|p1a: Ting-Lu
|-damage|p1a: Ting-Lu|82/100
|
|-heal|p1a: Ting-Lu|88/100|[from] item: Leftovers
|upkeep
|turn|8
|
|t:|1758375631
|move|p2a: Quail Eggs|U-turn|p1a: Ting-Lu
|-supereffective|p1a: Ting-Lu
|-damage|p1a: Ting-Lu|76/100
|
|t:|1758375634
|switch|p2a: Hotrans|Heatran, M|100/100|[from] U-turn
|-activate|p2a: Hotrans|move: Sticky Web
|-unboost|p2a: Hotrans|spe|1
|move|p1a: Ting-Lu|Stealth Rock|p2a: Hotrans
|-sidestart|p2: NotUrGuyBuddy|move: Stealth Rock
|
|-heal|p1a: Ting-Lu|82/100|[from] item: Leftovers
|upkeep
|turn|9
|
|t:|1758375657
|move|p2a: Hotrans|Stealth Rock|p1a: Ting-Lu
|-sidestart|p1: xcPurple|move: Stealth Rock
|move|p1a: Ting-Lu|Earthquake|p2a: Hotrans
|-supereffective|p2a: Hotrans
|-damage|p2a: Hotrans|0 fnt
|faint|p2a: Hotrans
|
|-heal|p1a: Ting-Lu|88/100|[from] item: Leftovers
|upkeep
|
|t:|1758375666
|switch|p2a: Marinara|Primarina, F|100/100
|-activate|p2a: Marinara|move: Sticky Web
|-unboost|p2a: Marinara|spe|1
|-damage|p2a: Marinara|88/100|[from] Stealth Rock
|turn|10
|
|t:|1758375673
|switch|p1a: Great Tusk|Great Tusk, shiny|18/100 brn
|-damage|p1a: Great Tusk|15/100 brn|[from] Stealth Rock
|move|p2a: Marinara|Hyper Voice|p1a: Great Tusk
|-supereffective|p1a: Great Tusk
|-damage|p1a: Great Tusk|0 fnt
|faint|p1a: Great Tusk
|-end|p1a: Great Tusk|Protosynthesis|[silent]
|
|upkeep
|
|t:|1758375682
|switch|p1a: Galvantula|Galvantula, F|29/100
|-damage|p1a: Galvantula|4/100|[from] Stealth Rock
|turn|11
|
|t:|1758375692
|switch|p2a: Quail Eggs|Zapdos|75/100
|-damage|p2a: Quail Eggs|50/100|[from] Stealth Rock
|move|p1a: Galvantula|Thunder|p2a: Quail Eggs
|-damage|p2a: Quail Eggs|0 fnt
|faint|p2a: Quail Eggs
|
|upkeep
|
|t:|1758375701
|switch|p2a: Marinara|Primarina, F|88/100
|-activate|p2a: Marinara|move: Sticky Web
|-unboost|p2a: Marinara|spe|1
|-damage|p2a: Marinara|76/100|[from] Stealth Rock
|turn|12
|
|t:|1758375708
|-terastallize|p2a: Marinara|Steel
|move|p1a: Galvantula|Thunder|p2a: Marinara
|-damage|p2a: Marinara|48/100
|move|p2a: Marinara|Hyper Voice|p1a: Galvantula
|-damage|p1a: Galvantula|0 fnt
|faint|p1a: Galvantula
|
|upkeep
|
|t:|1758375716
|switch|p1a: Dragapult|Dragapult, F, shiny|100/100
|-damage|p1a: Dragapult|88/100|[from] Stealth Rock
|turn|13
|
|t:|1758375728
|-terastallize|p1a: Dragapult|Normal
|move|p1a: Dragapult|Light Screen|p1a: Dragapult
|-sidestart|p1: xcPurple|move: Light Screen
|move|p2a: Marinara|Moonblast|p1a: Dragapult
|-damage|p1a: Dragapult|64/100
|
|upkeep
|turn|14
|
|t:|1758375738
|switch|p1a: Ting-Lu|Ting-Lu|88/100
|-damage|p1a: Ting-Lu|82/100|[from] Stealth Rock
|-ability|p1a: Ting-Lu|Vessel of Ruin
|switch|p2a: Poggy|Ogerpon-Cornerstone, F|100/100
|-activate|p2a: Poggy|move: Sticky Web
|-unboost|p2a: Poggy|spe|1
|-damage|p2a: Poggy|88/100|[from] Stealth Rock
|
|-heal|p1a: Ting-Lu|88/100|[from] item: Leftovers
|upkeep
|turn|15
|
|t:|1758375753
|move|p2a: Poggy|Wood Hammer|p1a: Ting-Lu
|-supereffective|p1a: Ting-Lu
|-damage|p1a: Ting-Lu|20/100
|-damage|p2a: Poggy|50/100|[from] Recoil
|move|p1a: Ting-Lu|Spikes|p2a: Poggy
|-sidestart|p2: NotUrGuyBuddy|Spikes
|
|-heal|p1a: Ting-Lu|26/100|[from] item: Leftovers
|upkeep
|turn|16
|
|t:|1758375763
|switch|p1a: Scizor|Scizor, M|100/100
|-damage|p1a: Scizor|88/100|[from] Stealth Rock
|move|p2a: Poggy|Wood Hammer|p1a: Scizor
|-resisted|p1a: Scizor
|-damage|p1a: Scizor|69/100
|-damage|p2a: Poggy|44/100|[from] Recoil
|
|upkeep
|turn|17
|
|t:|1758375773
|move|p2a: Poggy|Ivy Cudgel|p1a: Scizor|[anim] Ivy Cudgel Rock
|-damage|p1a: Scizor|5/100
|move|p1a: Scizor|Swords Dance|p1a: Scizor
|-boost|p1a: Scizor|atk|2
|
|upkeep
|turn|18
|
|t:|1758375780
|move|p1a: Scizor|Bullet Punch|p2a: Poggy
|-supereffective|p2a: Poggy
|-damage|p2a: Poggy|0 fnt
|faint|p2a: Poggy
|
|upkeep
|
|t:|1758375785
|switch|p2a: Marinara|Primarina, F, tera:Steel|48/100
|-activate|p2a: Marinara|move: Sticky Web
|-unboost|p2a: Marinara|spe|1
|-damage|p2a: Marinara|42/100|[from] Stealth Rock
|-damage|p2a: Marinara|30/100|[from] Spikes
|turn|19
|
|t:|1758375791
|move|p1a: Scizor|Bullet Punch|p2a: Marinara
|-resisted|p2a: Marinara
|-damage|p2a: Marinara|0 fnt
|faint|p2a: Marinara
|
|upkeep
|
|t:|1758375796
|switch|p2a: Slax|Slaking, F|100/100
|-activate|p2a: Slax|move: Sticky Web
|-unboost|p2a: Slax|spe|1
|-damage|p2a: Slax|88/100|[from] Stealth Rock
|-damage|p2a: Slax|75/100|[from] Spikes
|turn|20
|
|t:|1758375808
|move|p1a: Scizor|Bullet Punch|p2a: Slax
|-damage|p2a: Slax|22/100
|move|p2a: Slax|Earthquake|p1a: Scizor
|-damage|p1a: Scizor|0 fnt
|faint|p1a: Scizor
|
|-sideend|p1: xcPurple|move: Light Screen
|upkeep
|
|t:|1758375813
|switch|p1a: Dragapult|Dragapult, F, shiny, tera:Normal|64/100
|-damage|p1a: Dragapult|51/100|[from] Stealth Rock
|turn|21
|
|t:|1758375819
|move|p1a: Dragapult|Reflect|p1a: Dragapult
|-sidestart|p1: xcPurple|Reflect
|cant|p2a: Slax|ability: Truant
|
|upkeep
|turn|22
|-message|NotUrGuyBuddy forfeited.
|
|win|xcPurple
|raw|xcPurple's rating: 1355 &rarr; <strong>1375</strong><br />(+20 for winning)
|raw|NotUrGuyBuddy's rating: 1355 &rarr; <strong>1335</strong><br />(-20 for losing)
|l|☆xcPurple
|player|p1|
