|j|☆god's loving gift
|j|☆VLAAZTERx
|t:|1758255573
|gametype|singles
|player|p1|god's loving gift|unknownf|1181
|player|p2|VLAAZTERx|steven|1168
|gen|9
|tier|[Gen 9] OU
|rated|
|rule|HP Percentage Mod: HP is shown in percentages
|rule|Endless Battle Clause: Forcing endless battles is banned
|rule|Species Clause: Limit one of each Pokémon
|rule|OHKO Clause: OHKO moves are banned
|rule|Evasion Items Clause: Evasion items are banned
|rule|Evasion Moves Clause: Evasion moves are banned
|rule|Evasion Abilities Clause: Evasion abilities are banned
|rule|Sleep Moves Clause: Sleep-inducing moves are banned
|clearpoke
|poke|p1|Iron Valiant|
|poke|p1|Samurott-Hisui, F|
|poke|p1|Pecharunt|
|poke|p1|Ogerpon-Wellspring, F|
|poke|p1|Gholdengo|
|poke|p1|Glimmora, F|
|poke|p2|Iron Leaves|
|poke|p2|Staraptor, F|
|poke|p2|Gengar, M|
|poke|p2|Metagross|
|poke|p2|Salamence, F|
|poke|p2|Haxorus, M|
|teampreview
|inactive|Battle timer is ON: inactive players will automatically lose when time's up. (requested by god's loving gift)
|
|t:|1758255594
|teamsize|p1|6
|teamsize|p2|6
|start
|switch|p1a: Glimmora|Glimmora, F|100/100
|switch|p2a: Metagross|Metagross|100/100
|turn|1
|
|t:|1758255598
|move|p1a: Glimmora|Reflect|p1a: Glimmora
|-sidestart|p1: god's loving gift|Reflect
|move|p2a: Metagross|Agility|p2a: Metagross
|-boost|p2a: Metagross|spe|2
|
|upkeep
|turn|2
|
|t:|1758255605
|switch|p1a: Gholdengo|Gholdengo|100/100
|move|p2a: Metagross|Psychic Fangs|p1a: Gholdengo
|-sideend|p1: god's loving gift|Reflect
|-resisted|p1a: Gholdengo
|-damage|p1a: Gholdengo|81/100
|
|upkeep
|turn|3
|
|t:|1758255612
|move|p2a: Metagross|Earthquake|p1a: Gholdengo
|-supereffective|p1a: Gholdengo
|-damage|p1a: Gholdengo|10/100
|move|p1a: Gholdengo|Shadow Ball|p2a: Metagross
|-supereffective|p2a: Metagross
|-damage|p2a: Metagross|6/100
|-enditem|p2a: Metagross|Weakness Policy
|-boost|p2a: Metagross|atk|2|[from] item: Weakness Policy
|-boost|p2a: Metagross|spa|2|[from] item: Weakness Policy
|
|upkeep
|turn|4
|
|t:|1758255632
|switch|p1a: Ogerpon|Ogerpon-Wellspring, F|100/100
|move|p2a: Metagross|Earthquake|p1a: Ogerpon
|-resisted|p1a: Ogerpon
|-damage|p1a: Ogerpon|60/100
|
|upkeep
|turn|5
|inactive|VLAAZTERx has 120 seconds left.
|
|t:|1758255678
|switch|p1a: Glimmora|Glimmora, F|100/100
|move|p2a: Metagross|Meteor Mash|p1a: Glimmora
|-supereffective|p1a: Glimmora
|-enditem|p1a: Glimmora|Focus Sash
|-damage|p1a: Glimmora|1/100
|-activate|p1a: Glimmora|ability: Toxic Debris
|-sidestart|p2: VLAAZTERx|move: Toxic Spikes
|
|upkeep
|turn|6
|
|t:|1758255697
|move|p2a: Metagross|Earthquake|p1a: Glimmora
|-supereffective|p1a: Glimmora
|-damage|p1a: Glimmora|0 fnt
|-activate|p1a: Glimmora|ability: Toxic Debris
|-sidestart|p2: VLAAZTERx|move: Toxic Spikes
|faint|p1a: Glimmora
|
|upkeep
|
|t:|1758255701
|switch|p1a: Iron Valiant|Iron Valiant|100/100
|turn|7
|
|t:|1758255706
|move|p1a: Iron Valiant|Vacuum Wave|p2a: Metagross
|-damage|p2a: Metagross|0 fnt
|faint|p2a: Metagross
|
|upkeep
|
|t:|1758255710
|switch|p2a: Staraptor|Staraptor, F|100/100
|-ability|p2a: Staraptor|Intimidate|boost
|-unboost|p1a: Iron Valiant|atk|1
|turn|8
|inactive|VLAAZTERx has 120 seconds left.
|
|t:|1758255720
|-end|p1a: Iron Valiant|Quark Drive|[silent]
|switch|p1a: Pecharunt|Pecharunt|100/100
|move|p2a: Staraptor|Brave Bird|p1a: Pecharunt
|-damage|p1a: Pecharunt|56/100
|-damage|p2a: Staraptor|83/100|[from] Recoil
|-damage|p2a: Staraptor|73/100|[from] item: Life Orb
|
|upkeep
|turn|9
|inactive|VLAAZTERx has 120 seconds left.
|
|t:|1758255734
|move|p2a: Staraptor|Brave Bird|p1a: Pecharunt
|-damage|p1a: Pecharunt|11/100
|-damage|p2a: Staraptor|55/100|[from] Recoil
|-damage|p2a: Staraptor|45/100|[from] item: Life Orb
|move|p1a: Pecharunt|Recover|p1a: Pecharunt
|-heal|p1a: Pecharunt|61/100
|
|upkeep
|turn|10
|
|t:|1758255743
|move|p2a: Staraptor|Brave Bird|p1a: Pecharunt
|-damage|p1a: Pecharunt|12/100
|-damage|p2a: Staraptor|25/100|[from] Recoil
|-damage|p2a: Staraptor|15/100|[from] item: Life Orb
|move|p1a: Pecharunt|Recover|p1a: Pecharunt
|-heal|p1a: Pecharunt|62/100
|
|upkeep
|turn|11
|
|t:|1758255758
|move|p2a: Staraptor|Brave Bird|p1a: Pecharunt
|-damage|p1a: Pecharunt|19/100
|-damage|p2a: Staraptor|0 fnt|[from] Recoil
|faint|p2a: Staraptor
|move|p1a: Pecharunt|Recover|p1a: Pecharunt
|-heal|p1a: Pecharunt|69/100
|
|upkeep
|inactive|VLAAZTERx has 120 seconds left.
|
|t:|1758255777
|switch|p2a: Gengar|Gengar, M|100/100
|-sideend|p2: VLAAZTERx|move: Toxic Spikes|[of] p2a: Gengar
|turn|12
|
|t:|1758255786
|move|p2a: Gengar|Will-O-Wisp|p1a: Pecharunt
|-status|p1a: Pecharunt|brn
|move|p1a: Pecharunt|Parting Shot|p2a: Gengar
|-unboost|p2a: Gengar|atk|1
|-unboost|p2a: Gengar|spa|1
|
|t:|1758255801
|switch|p1a: Gholdengo|Gholdengo|10/100|[from] Parting Shot
|
|upkeep
|turn|13
|
|t:|1758255813
|move|p1a: Gholdengo|Shadow Ball|p2a: Gengar
|-supereffective|p2a: Gengar
|-damage|p2a: Gengar|0 fnt
|faint|p2a: Gengar
|
|upkeep
|inactive|VLAAZTERx has 120 seconds left.
|
|t:|1758255855
|switch|p2a: Haxorus|Haxorus, M|100/100
|-ability|p2a: Haxorus|Mold Breaker
|turn|14
|
|t:|1758255873
|switch|p1a: Ogerpon|Ogerpon-Wellspring, F|60/100
|move|p2a: Haxorus|Swords Dance|p2a: Haxorus
|-boost|p2a: Haxorus|atk|2
|
|upkeep
|turn|15
|inactive|VLAAZTERx has 120 seconds left.
|
|t:|1758255901
|move|p1a: Ogerpon|Taunt|p2a: Haxorus
|-start|p2a: Haxorus|move: Taunt
|move|p2a: Haxorus|Scale Shot|p1a: Ogerpon
|-damage|p1a: Ogerpon|23/100
|-damage|p1a: Ogerpon|0 fnt
|faint|p1a: Ogerpon
|-hitcount|p1: Ogerpon|2
|-unboost|p2a: Haxorus|def|1
|-boost|p2a: Haxorus|spe|1
|
|upkeep
|
|t:|1758255922
|switch|p1a: Samurott|Samurott-Hisui, F|100/100
|turn|16
|inactive|VLAAZTERx has 90 seconds left.
|
|t:|1758255958
|move|p2a: Haxorus|Scale Shot|p1a: Samurott
|-damage|p1a: Samurott|63/100
|-damage|p1a: Samurott|23/100
|-damage|p1a: Samurott|0 fnt
|faint|p1a: Samurott
|-hitcount|p1: Samurott|3
|-unboost|p2a: Haxorus|def|1
|-boost|p2a: Haxorus|spe|1
|
|upkeep
|inactive|god's loving gift has 120 seconds left.
|
|t:|1758255972
|switch|p1a: Pecharunt|Pecharunt|69/100 brn
|turn|17
|inactive|VLAAZTERx has 90 seconds left.
|
|t:|1758255987
|move|p2a: Haxorus|Scale Shot|p1a: Pecharunt
|-damage|p1a: Pecharunt|53/100 brn
|-damage|p1a: Pecharunt|34/100 brn
|-damage|p1a: Pecharunt|18/100 brn
|-damage|p1a: Pecharunt|1/100 brn
|-hitcount|p1a: Pecharunt|4
|-unboost|p2a: Haxorus|def|1
|-boost|p2a: Haxorus|spe|1
|move|p1a: Pecharunt|Malignant Chain|p2a: Haxorus
|-damage|p2a: Haxorus|49/100
|-status|p2a: Haxorus|tox
|-start|p2a: Haxorus|confusion|[from] ability: Poison Puppeteer|[of] p1a: Pecharunt
|
|-damage|p2a: Haxorus|43/100 tox|[from] psn
|-damage|p1a: Pecharunt|0 fnt|[from] brn
|faint|p1a: Pecharunt
|-end|p2a: Haxorus|move: Taunt
|upkeep
|inactive|god's loving gift has 120 seconds left.
|
|t:|1758256003
|switch|p1a: Iron Valiant|Iron Valiant|100/100
|turn|18
|inactive|VLAAZTERx has 90 seconds left.
|
|t:|1758256013
|move|p1a: Iron Valiant|Vacuum Wave|p2a: Haxorus
|-damage|p2a: Haxorus|0 fnt
|faint|p2a: Haxorus
|
|upkeep
|
|t:|1758256016
|switch|p2a: Salamence|Salamence, F|100/100
|turn|19
|
|t:|1758256021
|-end|p1a: Iron Valiant|Quark Drive|[silent]
|switch|p1a: Gholdengo|Gholdengo|10/100
|-terastallize|p2a: Salamence|Steel
|move|p2a: Salamence|Dragon Dance|p2a: Salamence
|-boost|p2a: Salamence|atk|1
|-boost|p2a: Salamence|spe|1
|
|upkeep
|turn|20
|
|t:|1758256034
|move|p2a: Salamence|Fire Fang|p1a: Gholdengo
|-supereffective|p1a: Gholdengo
|-damage|p1a: Gholdengo|0 fnt
|faint|p1a: Gholdengo
|-ability|p2a: Salamence|Moxie|boost
|-boost|p2a: Salamence|atk|1
|
|upkeep
|
|t:|1758256036
|switch|p1a: Iron Valiant|Iron Valiant|100/100
|turn|21
|
|t:|1758256046
|-terastallize|p1a: Iron Valiant|Ghost
|move|p2a: Salamence|Iron Head|p1a: Iron Valiant
|-damage|p1a: Iron Valiant|0 fnt
|faint|p1a: Iron Valiant
|-end|p1a: Iron Valiant|Quark Drive|[silent]
|
|win|VLAAZTERx
|raw|god&apos;s loving gift's rating: 1181 &rarr; <strong>1155</strong><br />(-26 for losing)
|raw|VLAAZTERx's rating: 1168 &rarr; <strong>1194</strong><br />(+26 for winning)
|l|☆god's loving gift
|player|p1|
