|j|☆OsamaVibez
|j|‽Khromatology
|t:|1758263519
|gametype|singles
|player|p1|OsamaVibez|101|1103
|player|p2|Khromatology|ninjaboy|1211
|gen|9
|tier|[Gen 9] OU
|rated|
|rule|HP Percentage Mod: HP is shown in percentages
|rule|Endless Battle Clause: Forcing endless battles is banned
|rule|Species Clause: Limit one of each Pokémon
|rule|OHKO Clause: OHKO moves are banned
|rule|Evasion Items Clause: Evasion items are banned
|rule|Evasion Moves Clause: Evasion moves are banned
|rule|Evasion Abilities Clause: Evasion abilities are banned
|rule|Sleep Moves Clause: Sleep-inducing moves are banned
|clearpoke
|poke|p1|Dragalge, F|
|poke|p1|Reuniclus, F|
|poke|p1|Zapdos-Galar|
|poke|p1|Iron Moth|
|poke|p1|Swampert, M|
|poke|p1|Brambleghast, M|
|poke|p2|Meowscarada, F|
|poke|p2|Heatran, M|
|poke|p2|Primarina, M|
|poke|p2|Zapdos|
|poke|p2|Great Tusk|
|poke|p2|Kingambit, M|
|teampreview
|inactive|Battle timer is ON: inactive players will automatically lose when time's up. (requested by Khromatology)
|
|t:|1758263547
|teamsize|p1|6
|teamsize|p2|6
|start
|switch|p1a: Dragalge|Dragalge, F|100/100
|switch|p2a: Zapdos|Zapdos|100/100
|turn|1
|
|t:|1758263554
|move|p2a: Zapdos|Thunder Wave|p1a: Dragalge
|-status|p1a: Dragalge|par
|cant|p1a: Dragalge|par
|
|upkeep
|turn|2
|
|t:|1758263564
|move|p2a: Zapdos|Volt Switch|p1a: Dragalge
|-resisted|p1a: Dragalge
|-damage|p1a: Dragalge|93/100 par
|
|t:|1758263566
|switch|p2a: Primarina|Primarina, M|100/100|[from] Volt Switch
|cant|p1a: Dragalge|par
|
|upkeep
|turn|3
|
|t:|1758263575
|move|p2a: Primarina|Psychic Noise|p1a: Dragalge
|-supereffective|p1a: Dragalge
|-damage|p1a: Dragalge|61/100 par
|-start|p1a: Dragalge|move: Heal Block
|move|p1a: Dragalge|Acid Spray|p2a: Primarina
|-supereffective|p2a: Primarina
|-damage|p2a: Primarina|68/100
|-unboost|p2a: Primarina|spd|2
|
|upkeep
|turn|4
|
|t:|1758263588
|switch|p2a: Heatran|Heatran, M|100/100
|move|p1a: Dragalge|Sludge Bomb|p2a: Heatran
|-immune|p2a: Heatran
|
|-end|p1a: Dragalge|move: Heal Block
|upkeep
|turn|5
|
|t:|1758263604
|switch|p1a: Reuniclus|Reuniclus, F|100/100
|move|p2a: Heatran|Stealth Rock|p1a: Reuniclus
|-sidestart|p1: OsamaVibez|move: Stealth Rock
|
|upkeep
|turn|6
|
|t:|1758263614
|move|p2a: Heatran|Taunt|p1a: Reuniclus
|-start|p1a: Reuniclus|move: Taunt
|cant|p1a: Reuniclus|move: Taunt|Thunder Wave
|
|upkeep
|turn|7
|
|t:|1758263619
|move|p2a: Heatran|Magma Storm|p1a: Reuniclus
|-damage|p1a: Reuniclus|65/100
|-activate|p1a: Reuniclus|move: Magma Storm|[of] p2a: Heatran
|move|p1a: Reuniclus|Night Shade|p2a: Heatran
|-damage|p2a: Heatran|70/100
|
|-heal|p2a: Heatran|76/100|[from] item: Leftovers
|-heal|p1a: Reuniclus|71/100|[from] item: Leftovers
|-damage|p1a: Reuniclus|59/100|[from] move: Magma Storm|[partiallytrapped]
|upkeep
|turn|8
|
|t:|1758263638
|switch|p2a: Meowscarada|Meowscarada, F|100/100
|move|p1a: Reuniclus|Night Shade|p2a: Meowscarada
|-damage|p2a: Meowscarada|66/100
|
|-heal|p1a: Reuniclus|65/100|[from] item: Leftovers
|-end|p1a: Reuniclus|Magma Storm|[partiallytrapped]|[silent]
|-end|p1a: Reuniclus|move: Taunt
|upkeep
|turn|9
|
|t:|1758263661
|switch|p1a: Zapdos|Zapdos-Galar, shiny|100/100
|-damage|p1a: Zapdos|88/100|[from] Stealth Rock
|move|p2a: Meowscarada|U-turn|p1a: Zapdos
|-start|p2a: Meowscarada|typechange|Bug|[from] ability: Protean
|-resisted|p1a: Zapdos
|-damage|p1a: Zapdos|79/100
|
|t:|1758263669
|switch|p2a: Zapdos|Zapdos|100/100|[from] U-turn
|
|upkeep
|turn|10
|
|t:|1758263681
|move|p1a: Zapdos|Knock Off|p2a: Zapdos
|-damage|p2a: Zapdos|62/100
|-enditem|p2a: Zapdos|Heavy-Duty Boots|[from] move: Knock Off|[of] p1a: Zapdos
|move|p2a: Zapdos|Thunder Wave|p1a: Zapdos|[miss]
|-miss|p2a: Zapdos|p1a: Zapdos
|
|upkeep
|turn|11
|
|t:|1758263693
|switch|p1a: Brambleghast|Brambleghast, M, shiny|100/100
|-damage|p1a: Brambleghast|88/100|[from] Stealth Rock
|move|p2a: Zapdos|Thunder Wave|p1a: Brambleghast
|-status|p1a: Brambleghast|par
|
|upkeep
|turn|12
|
|t:|1758263700
|move|p2a: Zapdos|Hurricane|p1a: Brambleghast
|-supereffective|p1a: Brambleghast
|-damage|p1a: Brambleghast|0 fnt
|faint|p1a: Brambleghast
|
|upkeep
|
|t:|1758263707
|switch|p1a: Swampert|Swampert, M|100/100
|-damage|p1a: Swampert|94/100|[from] Stealth Rock
|turn|13
|
|t:|1758263718
|switch|p2a: Meowscarada|Meowscarada, F|66/100
|move|p1a: Swampert|Bulk Up|p1a: Swampert
|-boost|p1a: Swampert|atk|1
|-boost|p1a: Swampert|def|1
|
|upkeep
|turn|14
|
|t:|1758263726
|-terastallize|p1a: Swampert|Ice
|move|p2a: Meowscarada|Flower Trick|p1a: Swampert
|-start|p2a: Meowscarada|typechange|Grass|[from] ability: Protean
|-crit|p1a: Swampert
|-damage|p1a: Swampert|50/100
|-enditem|p1a: Swampert|Sitrus Berry|[eat]
|-heal|p1a: Swampert|75/100|[from] item: Sitrus Berry
|move|p1a: Swampert|Ice Punch|p2a: Meowscarada
|-supereffective|p2a: Meowscarada
|-damage|p2a: Meowscarada|0 fnt
|faint|p2a: Meowscarada
|
|upkeep
|
|t:|1758263731
|switch|p2a: Heatran|Heatran, M|76/100
|turn|15
|
|t:|1758263741
|move|p2a: Heatran|Magma Storm|p1a: Swampert|[miss]
|-miss|p2a: Heatran|p1a: Swampert
|move|p1a: Swampert|Earthquake|p2a: Heatran
|-supereffective|p2a: Heatran
|-damage|p2a: Heatran|0 fnt
|faint|p2a: Heatran
|
|upkeep
|
|t:|1758263761
|switch|p2a: Zapdos|Zapdos|62/100
|turn|16
|
|t:|1758263767
|move|p2a: Zapdos|Volt Switch|p1a: Swampert
|-damage|p1a: Swampert|49/100
|
|t:|1758263774
|switch|p2a: Kingambit|Kingambit, M|100/100|[from] Volt Switch
|-activate|p2a: Kingambit|ability: Supreme Overlord
|-start|p2a: Kingambit|fallen2|[silent]
|move|p1a: Swampert|Ice Punch|p2a: Kingambit
|-resisted|p2a: Kingambit
|-damage|p2a: Kingambit|77/100
|-status|p2a: Kingambit|frz
|
|upkeep
|turn|17
|
|t:|1758263782
|cant|p2a: Kingambit|frz
|move|p1a: Swampert|Earthquake|p2a: Kingambit
|-supereffective|p2a: Kingambit
|-damage|p2a: Kingambit|0 fnt
|faint|p2a: Kingambit
|-end|p2a: Kingambit|fallen2|[silent]
|
|upkeep
|
|t:|1758263786
|switch|p2a: Zapdos|Zapdos|62/100
|turn|18
|
|t:|1758263795
|move|p2a: Zapdos|Volt Switch|p1a: Swampert
|-damage|p1a: Swampert|21/100
|
|t:|1758263800
|switch|p2a: Primarina|Primarina, M|68/100|[from] Volt Switch
|move|p1a: Swampert|Poison Jab|p2a: Primarina
|-supereffective|p2a: Primarina
|-damage|p2a: Primarina|0 fnt
|faint|p2a: Primarina
|
|upkeep
|
|t:|1758263805
|switch|p2a: Zapdos|Zapdos|62/100
|turn|19
|
|t:|1758263813
|move|p2a: Zapdos|Hurricane|p1a: Swampert
|-damage|p1a: Swampert|0 fnt
|faint|p1a: Swampert
|
|upkeep
|inactive|OsamaVibez has 120 seconds left.
|
|t:|1758263843
|switch|p1a: Iron Moth|Iron Moth|100/100
|-damage|p1a: Iron Moth|76/100|[from] Stealth Rock
|-enditem|p1a: Iron Moth|Booster Energy
|-activate|p1a: Iron Moth|ability: Quark Drive|[fromitem]
|-start|p1a: Iron Moth|quarkdrivespa
|turn|20
|
|t:|1758263852
|move|p1a: Iron Moth|Sludge Wave|p2a: Zapdos
|-damage|p2a: Zapdos|0 fnt
|faint|p2a: Zapdos
|
|upkeep
|
|t:|1758263854
|switch|p2a: Great Tusk|Great Tusk|100/100
|turn|21
|
|t:|1758263859
|move|p1a: Iron Moth|Dazzling Gleam|p2a: Great Tusk
|-supereffective|p2a: Great Tusk
|-damage|p2a: Great Tusk|0 fnt
|faint|p2a: Great Tusk
|-end|p2a: Great Tusk|Protosynthesis|[silent]
|
|win|OsamaVibez
|raw|OsamaVibez's rating: 1103 &rarr; <strong>1136</strong><br />(+33 for winning)
|raw|Khromatology's rating: 1211 &rarr; <strong>1178</strong><br />(-33 for losing)
|l|‽Khromatology
|player|p2|
|l|☆OsamaVibez
|player|p1|
