|j|☆OREO_532
|j|☆SirTacoTheJumper
|t:|1758323380
|gametype|singles
|player|p1|OREO_532|266|1077
|player|p2|SirTacoTheJumper|lucas|1103
|gen|9
|tier|[Gen 9] OU
|rated|
|rule|HP Percentage Mod: HP is shown in percentages
|rule|Endless Battle Clause: Forcing endless battles is banned
|rule|Species Clause: Limit one of each Pokémon
|rule|OHKO Clause: OHKO moves are banned
|rule|Evasion Items Clause: Evasion items are banned
|rule|Evasion Moves Clause: Evasion moves are banned
|rule|Evasion Abilities Clause: Evasion abilities are banned
|rule|Sleep Moves Clause: Sleep-inducing moves are banned
|clearpoke
|poke|p1|Hawlucha, M|
|poke|p1|Eiscue, M|
|poke|p1|Deoxys-Speed|
|poke|p1|Great Tusk|
|poke|p1|Iron Valiant|
|poke|p1|Torterra, M|
|poke|p2|Garchomp, F|
|poke|p2|Glimmora, F|
|poke|p2|Ogerpon-Wellspring, F|
|poke|p2|Blaziken, F|
|poke|p2|Corviknight, M|
|poke|p2|Lokix, M|
|teampreview
|
|t:|1758323392
|teamsize|p1|6
|teamsize|p2|6
|start
|switch|p1a: Deoxys|Deoxys-Speed|100/100
|switch|p2a: Garchomp|Garchomp, F|100/100
|-ability|p1a: Deoxys|Pressure
|turn|1
|
|t:|1758323402
|move|p1a: Deoxys|Stealth Rock|p2a: Garchomp
|-sidestart|p2: SirTacoTheJumper|move: Stealth Rock
|move|p2a: Garchomp|Iron Head|p1a: Deoxys
|-damage|p1a: Deoxys|70/100
|
|upkeep
|turn|2
|
|t:|1758323407
|move|p1a: Deoxys|Spikes|p2a: Garchomp
|-sidestart|p2: SirTacoTheJumper|Spikes
|move|p2a: Garchomp|Stealth Rock|p1a: Deoxys
|-sidestart|p1: OREO_532|move: Stealth Rock
|
|upkeep
|turn|3
|
|t:|1758323414
|move|p1a: Deoxys|Spikes|p2a: Garchomp
|-sidestart|p2: SirTacoTheJumper|Spikes
|move|p2a: Garchomp|Dragon Claw|p1a: Deoxys
|-damage|p1a: Deoxys|24/100
|
|upkeep
|turn|4
|
|t:|1758323425
|move|p1a: Deoxys|Future Sight|p2a: Garchomp
|-start|p1a: Deoxys|move: Future Sight
|move|p2a: Garchomp|Earthquake|p1a: Deoxys
|-damage|p1a: Deoxys|0 fnt
|faint|p1a: Deoxys
|
|upkeep
|
|t:|1758323442
|switch|p1a: Behemoth|Great Tusk|100/100
|turn|5
|
|t:|1758323456
|move|p1a: Behemoth|Rapid Spin|p2a: Garchomp
|-damage|p2a: Garchomp|88/100
|-boost|p1a: Behemoth|spe|1
|-damage|p1a: Behemoth|88/100|[from] ability: Rough Skin|[of] p2a: Garchomp
|-damage|p1a: Behemoth|72/100|[from] item: Rocky Helmet|[of] p2a: Garchomp
|-sideend|p1: OREO_532|Stealth Rock|[from] move: Rapid Spin|[of] p1a: Behemoth
|move|p2a: Garchomp|Dragon Claw|p1a: Behemoth
|-damage|p1a: Behemoth|44/100
|
|upkeep
|turn|6
|
|t:|1758323467
|move|p1a: Behemoth|Ice Spinner|p2a: Garchomp
|-supereffective|p2a: Garchomp
|-damage|p2a: Garchomp|5/100
|-damage|p1a: Behemoth|32/100|[from] ability: Rough Skin|[of] p2a: Garchomp
|-damage|p1a: Behemoth|15/100|[from] item: Rocky Helmet|[of] p2a: Garchomp
|move|p2a: Garchomp|Dragon Claw|p1a: Behemoth
|-damage|p1a: Behemoth|0 fnt
|faint|p1a: Behemoth
|-end|p1a: Behemoth|Protosynthesis|[silent]
|
|-end|p2a: Garchomp|move: Future Sight
|-damage|p2a: Garchomp|0 fnt
|faint|p2a: Garchomp
|upkeep
|
|t:|1758323514
|switch|p1a: Eiscue|Eiscue, M|100/100
|switch|p2a: Blaziken|Blaziken, F|100/100
|-damage|p2a: Blaziken|88/100|[from] Stealth Rock
|-damage|p2a: Blaziken|72/100|[from] Spikes
|turn|7
|inactive|Battle timer is ON: inactive players will automatically lose when time's up. (requested by OREO_532)
|
|t:|1758323522
|move|p2a: Blaziken|Protect|p2a: Blaziken
|-singleturn|p2a: Blaziken|Protect
|move|p1a: Eiscue|Zen Headbutt|p2a: Blaziken
|-activate|p2a: Blaziken|move: Protect
|
|-ability|p2a: Blaziken|Speed Boost|boost
|-boost|p2a: Blaziken|spe|1
|upkeep
|turn|8
|
|t:|1758323535
|move|p2a: Blaziken|Close Combat|p1a: Eiscue
|-activate|p1a: Eiscue|ability: Ice Face
|-damage|p1a: Eiscue|100/100
|-unboost|p2a: Blaziken|def|1
|-unboost|p2a: Blaziken|spd|1
|detailschange|p1a: Eiscue|Eiscue-Noice, M
|move|p1a: Eiscue|Zen Headbutt|p2a: Blaziken
|-supereffective|p2a: Blaziken
|-damage|p2a: Blaziken|0 fnt
|faint|p2a: Blaziken
|
|upkeep
|c|☆SirTacoTheJumper|ohh
|
|t:|1758323551
|switch|p2a: Corviknight|Corviknight, M|100/100
|-damage|p2a: Corviknight|88/100|[from] Stealth Rock
|turn|9
|
|t:|1758323560
|move|p1a: Eiscue|Substitute|p1a: Eiscue
|-start|p1a: Eiscue|Substitute
|-damage|p1a: Eiscue|75/100
|move|p2a: Corviknight|Body Press|p1a: Eiscue
|-supereffective|p1a: Eiscue
|-end|p1a: Eiscue|Substitute
|
|upkeep
|turn|10
|
|t:|1758323576
|switch|p1a: Iron Valiant|Iron Valiant|100/100
|-enditem|p1a: Iron Valiant|Booster Energy
|-activate|p1a: Iron Valiant|ability: Quark Drive|[fromitem]
|-start|p1a: Iron Valiant|quarkdrivespe
|move|p2a: Corviknight|Body Press|p1a: Iron Valiant
|-resisted|p1a: Iron Valiant
|-damage|p1a: Iron Valiant|85/100
|
|upkeep
|turn|11
|
|t:|1758323591
|move|p1a: Iron Valiant|Swords Dance|p1a: Iron Valiant
|-boost|p1a: Iron Valiant|atk|2
|move|p2a: Corviknight|U-turn|p1a: Iron Valiant
|-resisted|p1a: Iron Valiant
|-damage|p1a: Iron Valiant|80/100
|
|t:|1758323615
|switch|p2a: Ogerpon|Ogerpon-Wellspring, F|100/100|[from] U-turn
|-damage|p2a: Ogerpon|88/100|[from] Stealth Rock
|-damage|p2a: Ogerpon|72/100|[from] Spikes
|
|upkeep
|turn|12
|
|t:|1758323625
|move|p1a: Iron Valiant|Spirit Break|p2a: Ogerpon
|-damage|p2a: Ogerpon|0 fnt
|faint|p2a: Ogerpon
|
|upkeep
|
|t:|1758323630
|switch|p2a: Lokix|Lokix, M|100/100
|-damage|p2a: Lokix|75/100|[from] Stealth Rock
|-damage|p2a: Lokix|59/100|[from] Spikes
|turn|13
|
|t:|1758323636
|move|p2a: Lokix|First Impression|p1a: Iron Valiant
|-resisted|p1a: Iron Valiant
|-damage|p1a: Iron Valiant|47/100
|-damage|p2a: Lokix|49/100|[from] item: Life Orb
|move|p1a: Iron Valiant|Spirit Break|p2a: Lokix
|-supereffective|p2a: Lokix
|-damage|p2a: Lokix|0 fnt
|faint|p2a: Lokix
|
|upkeep
|
|t:|1758323644
|switch|p2a: Corviknight|Corviknight, M|88/100
|-damage|p2a: Corviknight|76/100|[from] Stealth Rock
|turn|14
|
|t:|1758323651
|move|p1a: Iron Valiant|Spirit Break|p2a: Corviknight
|-resisted|p2a: Corviknight
|-crit|p2a: Corviknight
|-damage|p2a: Corviknight|33/100
|-ability|p2a: Corviknight|Mirror Armor
|-unboost|p1a: Iron Valiant|spa|1
|move|p2a: Corviknight|Iron Head|p1a: Iron Valiant
|-supereffective|p1a: Iron Valiant
|-damage|p1a: Iron Valiant|0 fnt
|faint|p1a: Iron Valiant
|-end|p1a: Iron Valiant|Quark Drive|[silent]
|
|upkeep
|
|t:|1758323666
|switch|p1a: Hawlucha|Hawlucha, M, shiny|100/100
|turn|15
|
|t:|1758323677
|switch|p2a: Glimmora|Glimmora, F|100/100
|-damage|p2a: Glimmora|88/100|[from] Stealth Rock
|-damage|p2a: Glimmora|72/100|[from] Spikes
|move|p1a: Hawlucha|Close Combat|p2a: Glimmora
|-damage|p2a: Glimmora|17/100
|-unboost|p1a: Hawlucha|def|1
|-unboost|p1a: Hawlucha|spd|1
|-activate|p2a: Glimmora|ability: Toxic Debris
|-sidestart|p1: OREO_532|move: Toxic Spikes
|-enditem|p1a: Hawlucha|White Herb
|-clearnegativeboost|p1a: Hawlucha|[silent]
|
|-heal|p2a: Glimmora|23/100|[from] item: Leftovers
|upkeep
|turn|16
|
|t:|1758323693
|move|p1a: Hawlucha|Bulk Up|p1a: Hawlucha
|-boost|p1a: Hawlucha|atk|1
|-boost|p1a: Hawlucha|def|1
|move|p2a: Glimmora|Mortal Spin|p1a: Hawlucha
|-damage|p1a: Hawlucha|93/100
|-status|p1a: Hawlucha|psn
|-sideend|p2: SirTacoTheJumper|Spikes|[from] move: Mortal Spin|[of] p2a: Glimmora
|-sideend|p2: SirTacoTheJumper|Stealth Rock|[from] move: Mortal Spin|[of] p2a: Glimmora
|
|-heal|p2a: Glimmora|29/100|[from] item: Leftovers
|-damage|p1a: Hawlucha|81/100 psn|[from] psn
|upkeep
|turn|17
|
|t:|1758323709
|move|p1a: Hawlucha|Close Combat|p2a: Glimmora
|-damage|p2a: Glimmora|0 fnt
|-unboost|p1a: Hawlucha|def|1
|-unboost|p1a: Hawlucha|spd|1
|-activate|p2a: Glimmora|ability: Toxic Debris
|-sidestart|p1: OREO_532|move: Toxic Spikes
|faint|p2a: Glimmora
|
|-damage|p1a: Hawlucha|69/100 psn|[from] psn
|upkeep
|
|t:|1758323719
|switch|p2a: Corviknight|Corviknight, M|33/100
|turn|18
|
|t:|1758323723
|move|p1a: Hawlucha|Close Combat|p2a: Corviknight
|-damage|p2a: Corviknight|0 fnt
|-unboost|p1a: Hawlucha|def|1
|-unboost|p1a: Hawlucha|spd|1
|faint|p2a: Corviknight
|
|win|OREO_532
|raw|OREO_532's rating: 1077 &rarr; <strong>1108</strong><br />(+31 for winning)
|raw|SirTacoTheJumper's rating: 1103 &rarr; <strong>1076</strong><br />(-27 for losing)
|l|☆SirTacoTheJumper
|player|p2|
