|j|☆AllegianceIs2UrMom
|j|☆Pyramid of Bones
|t:|1758317866
|gametype|singles
|player|p1|AllegianceIs2UrMom|170|1520
|player|p2|Pyramid of Bones|lusamine-nihilego|1509
|gen|9
|tier|[Gen 9] OU
|rated|
|rule|HP Percentage Mod: HP is shown in percentages
|rule|Endless Battle Clause: Forcing endless battles is banned
|rule|Species Clause: Limit one of each Pokémon
|rule|OHKO Clause: OHKO moves are banned
|rule|Evasion Items Clause: Evasion items are banned
|rule|Evasion Moves Clause: Evasion moves are banned
|rule|Evasion Abilities Clause: Evasion abilities are banned
|rule|Sleep Moves Clause: Sleep-inducing moves are banned
|clearpoke
|poke|p1|Metagross|
|poke|p1|Hatterene, F|
|poke|p1|Iron Hands|
|poke|p1|Toedscruel, M|
|poke|p1|Pelipper, F|
|poke|p1|Ursaluna, M|
|poke|p2|Pelipper, F|
|poke|p2|Iron Treads|
|poke|p2|Hatterene, F|
|poke|p2|Toxicroak, F|
|poke|p2|Barraskewda, F|
|poke|p2|Zapdos|
|teampreview
|inactive|Battle timer is ON: inactive players will automatically lose when time's up. (requested by Pyramid of Bones)
|
|t:|1758317881
|teamsize|p1|6
|teamsize|p2|6
|start
|switch|p1a: Iron Hands|Iron Hands|100/100
|switch|p2a: Pelipper|Pelipper, F|100/100
|-weather|RainDance|[from] ability: Drizzle|[of] p2a: Pelipper
|turn|1
|
|t:|1758317889
|switch|p2a: Hatterene|Hatterene, F|100/100
|move|p1a: Iron Hands|Swords Dance|p1a: Iron Hands
|-boost|p1a: Iron Hands|atk|2
|
|-weather|RainDance|[upkeep]
|upkeep
|turn|2
|
|t:|1758317900
|move|p2a: Hatterene|Draining Kiss|p1a: Iron Hands
|-supereffective|p1a: Iron Hands
|-damage|p1a: Iron Hands|63/100
|move|p1a: Iron Hands|Supercell Slam|p2a: Hatterene
|-damage|p2a: Hatterene|12/100
|-enditem|p2a: Hatterene|Eject Button
|
|t:|1758317911
|switch|p2a: Barraskewda|Barraskewda, F|100/100
|
|-weather|RainDance|[upkeep]
|-heal|p1a: Iron Hands|69/100|[from] item: Leftovers
|upkeep
|turn|3
|
|t:|1758317915
|move|p2a: Barraskewda|Flip Turn|p1a: Iron Hands
|-damage|p1a: Iron Hands|24/100
|
|t:|1758317919
|switch|p2a: Hatterene|Hatterene, F|12/100|[from] Flip Turn
|move|p1a: Iron Hands|Drain Punch|p2a: Hatterene
|-resisted|p2a: Hatterene
|-damage|p2a: Hatterene|0 fnt
|-heal|p1a: Iron Hands|28/100|[from] drain|[of] p2a: Hatterene
|faint|p2a: Hatterene
|
|-weather|RainDance|[upkeep]
|-heal|p1a: Iron Hands|34/100|[from] item: Leftovers
|upkeep
|
|t:|1758317921
|switch|p2a: Barraskewda|Barraskewda, F|100/100
|turn|4
|
|t:|1758317937
|-end|p1a: Iron Hands|Quark Drive|[silent]
|switch|p1a: Metagross|Metagross|100/100
|move|p2a: Barraskewda|Flip Turn|p1a: Metagross
|-damage|p1a: Metagross|44/100
|
|t:|1758317949
|switch|p2a: Iron Treads|Iron Treads|100/100|[from] Flip Turn
|
|-weather|RainDance|[upkeep]
|upkeep
|turn|5
|
|t:|1758317954
|switch|p1a: Hatterene|Hatterene, F|100/100
|move|p2a: Iron Treads|Earthquake|p1a: Hatterene
|-crit|p1a: Hatterene
|-damage|p1a: Hatterene|56/100
|
|-weather|RainDance|[upkeep]
|-heal|p1a: Hatterene|62/100|[from] item: Leftovers
|upkeep
|turn|6
|
|t:|1758317960
|move|p2a: Iron Treads|Volt Switch|p1a: Hatterene
|-damage|p1a: Hatterene|50/100
|
|t:|1758317967
|-end|p2a: Iron Treads|Quark Drive|[silent]
|switch|p2a: Zapdos|Zapdos|100/100|[from] Volt Switch
|move|p1a: Hatterene|Trick Room|p1a: Hatterene
|-fieldstart|move: Trick Room|[of] p1a: Hatterene
|
|-weather|RainDance|[upkeep]
|-heal|p1a: Hatterene|56/100|[from] item: Leftovers
|upkeep
|turn|7
|
|t:|1758317981
|switch|p1a: Ursaluna|Ursaluna, M|100/100
|move|p2a: Zapdos|Weather Ball|p1a: Ursaluna
|-supereffective|p1a: Ursaluna
|-damage|p1a: Ursaluna|0 fnt
|faint|p1a: Ursaluna
|
|-weather|RainDance|[upkeep]
|upkeep
|
|t:|1758317989
|switch|p1a: Pelipper|Pelipper, F|100/100
|turn|8
|
|t:|1758317996
|switch|p2a: Toxicroak|Toxicroak, F|100/100
|move|p1a: Pelipper|Hurricane|p2a: Toxicroak
|-supereffective|p2a: Toxicroak
|-damage|p2a: Toxicroak|0 fnt
|faint|p2a: Toxicroak
|
|-weather|none
|upkeep
|
|t:|1758317999
|switch|p2a: Pelipper|Pelipper, F|100/100
|-weather|RainDance|[from] ability: Drizzle|[of] p2a: Pelipper
|turn|9
|
|t:|1758318005
|move|p1a: Pelipper|Hurricane|p2a: Pelipper
|-damage|p2a: Pelipper|44/100
|move|p2a: Pelipper|U-turn|p1a: Pelipper
|-resisted|p1a: Pelipper
|-damage|p1a: Pelipper|96/100
|
|t:|1758318026
|switch|p2a: Barraskewda|Barraskewda, F|100/100|[from] U-turn
|
|-weather|RainDance|[upkeep]
|upkeep
|turn|10
|
|t:|1758318030
|switch|p2a: Iron Treads|Iron Treads|100/100
|move|p1a: Pelipper|Hurricane|p2a: Iron Treads
|-resisted|p2a: Iron Treads
|-damage|p2a: Iron Treads|81/100
|
|-weather|RainDance|[upkeep]
|-heal|p2a: Iron Treads|87/100|[from] item: Leftovers
|-fieldend|move: Trick Room
|upkeep
|turn|11
|
|t:|1758318040
|switch|p1a: Toedscruel|Toedscruel, M|100/100
|move|p2a: Iron Treads|Volt Switch|p1a: Toedscruel
|-immune|p1a: Toedscruel
|
|-weather|RainDance|[upkeep]
|-heal|p2a: Iron Treads|93/100|[from] item: Leftovers
|upkeep
|turn|12
|
|t:|1758318046
|-end|p2a: Iron Treads|Quark Drive|[silent]
|switch|p2a: Pelipper|Pelipper, F|44/100
|move|p1a: Toedscruel|Trick Room|p1a: Toedscruel
|-fieldstart|move: Trick Room|[of] p1a: Toedscruel
|
|-weather|RainDance|[upkeep]
|upkeep
|turn|13
|
|t:|1758318052
|switch|p2a: Barraskewda|Barraskewda, F|100/100
|switch|p1a: Pelipper|Pelipper, F|96/100
|
|-weather|RainDance|[upkeep]
|upkeep
|turn|14
|
|t:|1758318060
|switch|p2a: Iron Treads|Iron Treads|93/100
|move|p1a: Pelipper|Hurricane|p2a: Iron Treads
|-resisted|p2a: Iron Treads
|-damage|p2a: Iron Treads|74/100
|
|-weather|RainDance|[upkeep]
|-heal|p2a: Iron Treads|80/100|[from] item: Leftovers
|upkeep
|turn|15
|
|t:|1758318068
|move|p1a: Pelipper|Weather Ball|p2a: Iron Treads
|-supereffective|p2a: Iron Treads
|-damage|p2a: Iron Treads|0 fnt
|faint|p2a: Iron Treads
|-end|p2a: Iron Treads|Quark Drive|[silent]
|
|-weather|RainDance|[upkeep]
|upkeep
|
|t:|1758318071
|switch|p2a: Zapdos|Zapdos|100/100
|turn|16
|
|t:|1758318076
|move|p1a: Pelipper|Weather Ball|p2a: Zapdos
|-damage|p2a: Zapdos|11/100
|move|p2a: Zapdos|Volt Switch|p1a: Pelipper
|-supereffective|p1a: Pelipper
|-damage|p1a: Pelipper|0 fnt
|faint|p1a: Pelipper
|
|t:|1758318083
|switch|p2a: Barraskewda|Barraskewda, F|100/100|[from] Volt Switch
|
|-weather|none
|-fieldend|move: Trick Room
|upkeep
|
|t:|1758318090
|switch|p1a: Hatterene|Hatterene, F|56/100
|turn|17
|
|t:|1758318096
|-terastallize|p2a: Barraskewda|Water
|-terastallize|p1a: Hatterene|Water
|move|p2a: Barraskewda|Liquidation|p1a: Hatterene
|-resisted|p1a: Hatterene
|-damage|p1a: Hatterene|19/100
|move|p1a: Hatterene|Trick Room|p1a: Hatterene
|-fieldstart|move: Trick Room|[of] p1a: Hatterene
|
|-heal|p1a: Hatterene|25/100|[from] item: Leftovers
|upkeep
|turn|18
|
|t:|1758318104
|switch|p2a: Pelipper|Pelipper, F|44/100
|-weather|RainDance|[from] ability: Drizzle|[of] p2a: Pelipper
|move|p1a: Hatterene|Healing Wish|p1a: Hatterene
|faint|p1a: Hatterene
|
|-weather|RainDance|[upkeep]
|upkeep
|
|t:|1758318106
|switch|p1a: Iron Hands|Iron Hands|34/100
|-heal|p1a: Iron Hands|100/100|[from] move: Healing Wish
|turn|19
|
|t:|1758318117
|move|p1a: Iron Hands|Supercell Slam|p2a: Pelipper
|-supereffective|p2a: Pelipper
|-damage|p2a: Pelipper|0 fnt
|faint|p2a: Pelipper
|
|-weather|RainDance|[upkeep]
|upkeep
|
|t:|1758318120
|switch|p2a: Barraskewda|Barraskewda, F, tera:Water|100/100
|turn|20
|
|t:|1758318123
|move|p2a: Barraskewda|Aqua Jet|p1a: Iron Hands
|-damage|p1a: Iron Hands|60/100
|move|p1a: Iron Hands|Supercell Slam|p2a: Barraskewda
|-supereffective|p2a: Barraskewda
|-damage|p2a: Barraskewda|0 fnt
|faint|p2a: Barraskewda
|
|-weather|RainDance|[upkeep]
|-heal|p1a: Iron Hands|67/100|[from] item: Leftovers
|upkeep
|l|☆Pyramid of Bones
|inactive|Pyramid of Bones disconnected and has a minute to reconnect!
|player|p2|
|inactive|Pyramid of Bones has 30 seconds to reconnect!
|inactive|Pyramid of Bones has 20 seconds to reconnect!
|inactive|Pyramid of Bones has 15 seconds to reconnect!
|inactive|Pyramid of Bones has 10 seconds to reconnect!
|inactive|Pyramid of Bones has 5 seconds to reconnect!
|-message|Pyramid of Bones lost due to inactivity.
|
|win|AllegianceIs2UrMom
|raw|AllegianceIs2UrMom's rating: 1520 &rarr; <strong>1539</strong><br />(+19 for winning)
|raw|Pyramid of Bones's rating: 1509 &rarr; <strong>1490</strong><br />(-19 for losing)
|l|☆AllegianceIs2UrMom
|player|p1|
