|j|☆V1C7ORYY
|j|☆sumi_random2
|t:|1758352123
|gametype|singles
|player|p1|V1C7ORYY|bugcatcher-gen4dp|1415
|player|p2|sumi_random2|lana-masters|1447
|gen|9
|tier|[Gen 9] OU
|rated|
|rule|HP Percentage Mod: HP is shown in percentages
|rule|Endless Battle Clause: Forcing endless battles is banned
|rule|Species Clause: Limit one of each Pokémon
|rule|OHKO Clause: OHKO moves are banned
|rule|Evasion Items Clause: Evasion items are banned
|rule|Evasion Moves Clause: Evasion moves are banned
|rule|Evasion Abilities Clause: Evasion abilities are banned
|rule|Sleep Moves Clause: Sleep-inducing moves are banned
|clearpoke
|poke|p1|Zamazenta-*|
|poke|p1|Gholdengo|
|poke|p1|Dragonite, M|
|poke|p1|Ting-Lu|
|poke|p1|Dragapult, M|
|poke|p1|Deoxys-Speed|
|poke|p2|Samurott-Hisui, F|
|poke|p2|Cinccino, F|
|poke|p2|Volcanion|
|poke|p2|Hydrapple, F|
|poke|p2|Gholdengo|
|poke|p2|Landorus-Therian, M|
|teampreview
|inactive|Battle timer is ON: inactive players will automatically lose when time's up. (requested by V1C7ORYY)
|
|t:|1758352138
|teamsize|p1|6
|teamsize|p2|6
|start
|switch|p1a: Ting-Lu|Ting-Lu|100/100
|switch|p2a: Samurott|Samurott-Hisui, F|100/100
|-ability|p1a: Ting-Lu|Vessel of Ruin
|turn|1
|
|t:|1758352164
|switch|p1a: Dragonite|Dragonite, M|100/100
|move|p2a: Samurott|Knock Off|p1a: Dragonite
|-damage|p1a: Dragonite|72/100
|-enditem|p1a: Dragonite|Heavy-Duty Boots|[from] move: Knock Off|[of] p2a: Samurott
|
|upkeep
|turn|2
|
|t:|1758352177
|move|p1a: Dragonite|Dragon Dance|p1a: Dragonite
|-boost|p1a: Dragonite|atk|1
|-boost|p1a: Dragonite|spe|1
|move|p2a: Samurott|Ceaseless Edge|p1a: Dragonite
|-damage|p1a: Dragonite|17/100
|-sidestart|p1: V1C7ORYY|Spikes
|
|upkeep
|turn|3
|
|t:|1758352189
|move|p1a: Dragonite|Outrage|p2a: Samurott
|-damage|p2a: Samurott|0 fnt
|faint|p2a: Samurott
|
|upkeep
|
|t:|1758352202
|switch|p2a: Gholdengo|Gholdengo|100/100
|-item|p2a: Gholdengo|Air Balloon
|turn|4
|
|t:|1758352212
|move|p1a: Dragonite|Outrage|p2a: Gholdengo|[from] lockedmove
|-resisted|p2a: Gholdengo
|-damage|p2a: Gholdengo|49/100
|-enditem|p2a: Gholdengo|Air Balloon
|-start|p1a: Dragonite|confusion|[fatigue]
|move|p2a: Gholdengo|Hex|p1a: Dragonite
|-damage|p1a: Dragonite|0 fnt
|faint|p1a: Dragonite
|
|upkeep
|
|t:|1758352226
|switch|p1a: Ting-Lu|Ting-Lu|100/100
|-damage|p1a: Ting-Lu|88/100|[from] Spikes
|-ability|p1a: Ting-Lu|Vessel of Ruin
|turn|5
|
|t:|1758352232
|move|p2a: Gholdengo|Recover|p2a: Gholdengo
|-heal|p2a: Gholdengo|99/100
|move|p1a: Ting-Lu|Stealth Rock|p2a: Gholdengo
|-sidestart|p2: sumi_random2|move: Stealth Rock
|
|-heal|p1a: Ting-Lu|94/100|[from] item: Leftovers
|upkeep
|turn|6
|
|t:|1758352248
|switch|p2a: Cinccino|Cinccino, F|100/100
|-damage|p2a: Cinccino|88/100|[from] Stealth Rock
|move|p1a: Ting-Lu|Throat Chop|p2a: Cinccino
|-damage|p2a: Cinccino|17/100
|-start|p2a: Cinccino|Throat Chop|[silent]
|
|-heal|p1a: Ting-Lu|100/100|[from] item: Leftovers
|upkeep
|turn|7
|
|t:|1758352263
|move|p2a: Cinccino|Triple Axel|p1a: Ting-Lu
|-supereffective|p1a: Ting-Lu
|-damage|p1a: Ting-Lu|92/100
|-supereffective|p1a: Ting-Lu
|-damage|p1a: Ting-Lu|73/100
|-supereffective|p1a: Ting-Lu
|-damage|p1a: Ting-Lu|44/100
|-hitcount|p1a: Ting-Lu|3
|move|p1a: Ting-Lu|Throat Chop|p2a: Cinccino
|-damage|p2a: Cinccino|0 fnt
|faint|p2a: Cinccino
|
|-heal|p1a: Ting-Lu|51/100|[from] item: Leftovers
|upkeep
|
|t:|1758352275
|switch|p2a: Volcanion|Volcanion|100/100
|turn|8
|
|t:|1758352282
|move|p2a: Volcanion|Will-O-Wisp|p1a: Ting-Lu
|-status|p1a: Ting-Lu|brn
|move|p1a: Ting-Lu|Earthquake|p2a: Volcanion
|-supereffective|p2a: Volcanion
|-damage|p2a: Volcanion|61/100
|
|-heal|p1a: Ting-Lu|57/100 brn|[from] item: Leftovers
|-damage|p1a: Ting-Lu|51/100 brn|[from] brn
|upkeep
|turn|9
|
|t:|1758352291
|move|p2a: Volcanion|Steam Eruption|p1a: Ting-Lu
|-supereffective|p1a: Ting-Lu
|-damage|p1a: Ting-Lu|0 fnt
|faint|p1a: Ting-Lu
|
|upkeep
|
|t:|1758352301
|switch|p1a: Deoxys|Deoxys-Speed|100/100
|-damage|p1a: Deoxys|88/100|[from] Spikes
|-ability|p1a: Deoxys|Pressure
|turn|10
|
|t:|1758352326
|move|p1a: Deoxys|Knock Off|p2a: Volcanion
|-damage|p2a: Volcanion|32/100
|-enditem|p2a: Volcanion|Heavy-Duty Boots|[from] move: Knock Off|[of] p1a: Deoxys
|-damage|p1a: Deoxys|78/100|[from] item: Life Orb
|move|p2a: Volcanion|Steam Eruption|p1a: Deoxys
|-damage|p1a: Deoxys|0 fnt
|faint|p1a: Deoxys
|
|upkeep
|inactive|V1C7ORYY has 120 seconds left.
|
|t:|1758352359
|switch|p1a: Dragapult|Dragapult, M|100/100
|-damage|p1a: Dragapult|88/100|[from] Spikes
|turn|11
|
|t:|1758352366
|move|p1a: Dragapult|Shadow Ball|p2a: Volcanion
|-damage|p2a: Volcanion|0 fnt
|faint|p2a: Volcanion
|
|upkeep
|inactive|sumi_random2 has 120 seconds left.
|inactive|sumi_random2 has 90 seconds left.
|
|t:|1758352417
|switch|p2a: Hydrapple|Hydrapple, F|100/100
|-damage|p2a: Hydrapple|88/100|[from] Stealth Rock
|turn|12
|inactive|sumi_random2 has 90 seconds left.
|
|t:|1758352428
|switch|p1a: Gholdengo|Gholdengo|100/100
|-damage|p1a: Gholdengo|88/100|[from] Spikes
|-terastallize|p2a: Hydrapple|Fairy
|move|p2a: Hydrapple|Fickle Beam|p1a: Gholdengo
|-resisted|p1a: Gholdengo
|-damage|p1a: Gholdengo|72/100
|
|-heal|p1a: Gholdengo|79/100|[from] item: Leftovers
|upkeep
|turn|13
|inactive|sumi_random2 has 90 seconds left.
|
|t:|1758352439
|switch|p2a: Landorus|Landorus-Therian, M|100/100
|-damage|p2a: Landorus|88/100|[from] Stealth Rock
|-ability|p2a: Landorus|Intimidate|boost
|-unboost|p1a: Gholdengo|atk|1
|move|p1a: Gholdengo|Thunder Wave|p2a: Landorus
|-immune|p2a: Landorus
|
|-heal|p1a: Gholdengo|85/100|[from] item: Leftovers
|upkeep
|turn|14
|inactive|sumi_random2 has 90 seconds left.
|
|t:|1758352457
|switch|p1a: Zamazenta|Zamazenta|100/100
|-damage|p1a: Zamazenta|88/100|[from] Spikes
|-ability|p1a: Zamazenta|Dauntless Shield|boost
|-boost|p1a: Zamazenta|def|1
|move|p2a: Landorus|U-turn|p1a: Zamazenta
|-resisted|p1a: Zamazenta
|-damage|p1a: Zamazenta|82/100
|
|t:|1758352466
|switch|p2a: Hydrapple|Hydrapple, F, tera:Fairy|100/100|[from] U-turn
|-damage|p2a: Hydrapple|88/100|[from] Stealth Rock
|
|upkeep
|turn|15
|inactive|sumi_random2 has 90 seconds left.
|
|t:|1758352494
|move|p1a: Zamazenta|Iron Head|p2a: Hydrapple
|-supereffective|p2a: Hydrapple
|-damage|p2a: Hydrapple|64/100
|-damage|p1a: Zamazenta|65/100|[from] item: Rocky Helmet|[of] p2a: Hydrapple
|move|p2a: Hydrapple|Nasty Plot|p2a: Hydrapple
|-boost|p2a: Hydrapple|spa|2
|
|upkeep
|turn|16
|
|t:|1758352506
|move|p1a: Zamazenta|Iron Head|p2a: Hydrapple
|-supereffective|p2a: Hydrapple
|-damage|p2a: Hydrapple|41/100
|-damage|p1a: Zamazenta|49/100|[from] item: Rocky Helmet|[of] p2a: Hydrapple
|move|p2a: Hydrapple|Giga Drain|p1a: Zamazenta
|-damage|p1a: Zamazenta|2/100
|-heal|p2a: Hydrapple|63/100|[from] drain|[of] p1a: Zamazenta
|
|upkeep
|turn|17
|
|t:|1758352520
|move|p1a: Zamazenta|Iron Head|p2a: Hydrapple
|-supereffective|p2a: Hydrapple
|-damage|p2a: Hydrapple|39/100
|-damage|p1a: Zamazenta|0 fnt|[from] item: Rocky Helmet|[of] p2a: Hydrapple
|faint|p1a: Zamazenta
|move|p2a: Hydrapple|Nasty Plot|p2a: Hydrapple
|-boost|p2a: Hydrapple|spa|2
|
|upkeep
|
|t:|1758352528
|switch|p1a: Gholdengo|Gholdengo|85/100
|-damage|p1a: Gholdengo|72/100|[from] Spikes
|turn|18
|inactive|sumi_random2 has 90 seconds left.
|
|t:|1758352553
|move|p1a: Gholdengo|Shadow Ball|p2a: Hydrapple
|-damage|p2a: Hydrapple|0 fnt
|faint|p2a: Hydrapple
|
|-heal|p1a: Gholdengo|78/100|[from] item: Leftovers
|upkeep
|
|t:|1758352557
|switch|p2a: Landorus|Landorus-Therian, M|88/100
|-damage|p2a: Landorus|76/100|[from] Stealth Rock
|-ability|p2a: Landorus|Intimidate|boost
|-unboost|p1a: Gholdengo|atk|1
|turn|19
|inactive|V1C7ORYY has 120 seconds left.
|
|t:|1758352579
|switch|p1a: Dragapult|Dragapult, M|88/100
|-damage|p1a: Dragapult|76/100|[from] Spikes
|move|p2a: Landorus|Earthquake|p1a: Dragapult
|-damage|p1a: Dragapult|0 fnt
|faint|p1a: Dragapult
|
|upkeep
|inactive|V1C7ORYY has 120 seconds left.
|
|t:|1758352587
|switch|p1a: Gholdengo|Gholdengo|78/100
|-damage|p1a: Gholdengo|66/100|[from] Spikes
|turn|20
|
|t:|1758352591
|-terastallize|p1a: Gholdengo|Dark
|move|p2a: Landorus|Earthquake|p1a: Gholdengo
|-damage|p1a: Gholdengo|13/100
|move|p1a: Gholdengo|Shadow Ball|p2a: Landorus
|-damage|p2a: Landorus|12/100
|
|-heal|p1a: Gholdengo|19/100|[from] item: Leftovers
|upkeep
|turn|21
|inactive|sumi_random2 has 120 seconds left.
|
|t:|1758352599
|move|p2a: Landorus|Earthquake|p1a: Gholdengo
|-damage|p1a: Gholdengo|0 fnt
|faint|p1a: Gholdengo
|
|win|sumi_random2
|raw|V1C7ORYY's rating: 1415 &rarr; <strong>1397</strong><br />(-18 for losing)
|raw|sumi_random2's rating: 1447 &rarr; <strong>1465</strong><br />(+18 for winning)
|l|☆V1C7ORYY
|player|p1|
|l|☆sumi_random2
|player|p2|
