|j|‽mysticryn
|j|☆bumblingbigfoot
|t:|1758344777
|gametype|singles
|player|p1|mysticryn|2|1592
|player|p2|bumblingbigfoot|roxie-masters|1629
|gen|9
|tier|[Gen 9] OU
|rated|
|rule|HP Percentage Mod: HP is shown in percentages
|rule|Endless Battle Clause: Forcing endless battles is banned
|rule|Species Clause: Limit one of each Pokémon
|rule|OHKO Clause: OHKO moves are banned
|rule|Evasion Items Clause: Evasion items are banned
|rule|Evasion Moves Clause: Evasion moves are banned
|rule|Evasion Abilities Clause: Evasion abilities are banned
|rule|Sleep Moves Clause: Sleep-inducing moves are banned
|clearpoke
|poke|p1|Enamorus, F|
|poke|p1|Great Tusk|
|poke|p1|Iron Crown|
|poke|p1|Lokix, M|
|poke|p1|Alomomola, M|
|poke|p1|Pecharunt|
|poke|p2|Cloyster, M|
|poke|p2|Raging Bolt|
|poke|p2|Primarina, F|
|poke|p2|Iron Treads|
|poke|p2|Ogerpon-Wellspring, F|
|poke|p2|Dragapult, M|
|teampreview
|inactive|Battle timer is ON: inactive players will automatically lose when time's up. (requested by bumblingbigfoot)
|
|t:|1758344824
|teamsize|p1|6
|teamsize|p2|6
|start
|switch|p1a: Lokix|Lokix, M, shiny|100/100
|switch|p2a: Ogerpon|Ogerpon-Wellspring, F|100/100
|turn|1
|
|t:|1758344836
|switch|p2a: Iron Treads|Iron Treads|100/100
|-enditem|p2a: Iron Treads|Booster Energy
|-activate|p2a: Iron Treads|ability: Quark Drive|[fromitem]
|-start|p2a: Iron Treads|quarkdrivespe
|move|p1a: Lokix|U-turn|p2a: Iron Treads
|-resisted|p2a: Iron Treads
|-damage|p2a: Iron Treads|53/100
|
|t:|1758344841
|switch|p1a: Great Tusk|Great Tusk, shiny|100/100|[from] U-turn
|
|upkeep
|turn|2
|
|t:|1758344845
|move|p2a: Iron Treads|Steel Beam|p1a: Great Tusk
|-damage|p1a: Great Tusk|19/100
|-damage|p2a: Iron Treads|3/100|[from] steelbeam
|move|p1a: Great Tusk|Headlong Rush|p2a: Iron Treads
|-supereffective|p2a: Iron Treads
|-damage|p2a: Iron Treads|0 fnt
|-unboost|p1a: Great Tusk|def|1
|-unboost|p1a: Great Tusk|spd|1
|faint|p2a: Iron Treads
|-end|p2a: Iron Treads|Quark Drive|[silent]
|
|upkeep
|
|t:|1758344853
|switch|p2a: Cloyster|Cloyster, M, shiny|100/100
|turn|3
|
|t:|1758344858
|-end|p1a: Great Tusk|Protosynthesis|[silent]
|switch|p1a: Iron Crown|Iron Crown|100/100
|move|p2a: Cloyster|Ice Shard|p1a: Iron Crown
|-resisted|p1a: Iron Crown
|-damage|p1a: Iron Crown|89/100
|
|upkeep
|turn|4
|
|t:|1758344861
|switch|p2a: Raging Bolt|Raging Bolt|100/100
|-enditem|p2a: Raging Bolt|Booster Energy
|-activate|p2a: Raging Bolt|ability: Protosynthesis|[fromitem]
|-start|p2a: Raging Bolt|protosynthesisspa
|move|p1a: Iron Crown|Tachyon Cutter|p2a: Raging Bolt
|-resisted|p2a: Raging Bolt
|-damage|p2a: Raging Bolt|83/100
|-resisted|p2a: Raging Bolt
|-damage|p2a: Raging Bolt|64/100
|-hitcount|p2a: Raging Bolt|2
|
|upkeep
|turn|5
|
|t:|1758344867
|-end|p1a: Iron Crown|Quark Drive|[silent]
|switch|p1a: Great Tusk|Great Tusk, shiny|19/100
|move|p2a: Raging Bolt|Dragon Pulse|p1a: Great Tusk
|-damage|p1a: Great Tusk|0 fnt
|faint|p1a: Great Tusk
|-end|p1a: Great Tusk|Protosynthesis|[silent]
|
|upkeep
|
|t:|1758344879
|switch|p1a: Lokix|Lokix, M, shiny|100/100
|turn|6
|
|t:|1758344886
|-terastallize|p1a: Lokix|Bug
|move|p1a: Lokix|First Impression|p2a: Raging Bolt
|-damage|p2a: Raging Bolt|0 fnt
|faint|p2a: Raging Bolt
|-end|p2a: Raging Bolt|Protosynthesis|[silent]
|
|upkeep
|
|t:|1758344893
|switch|p2a: Primarina|Primarina, F, shiny|100/100
|turn|7
|
|t:|1758344897
|switch|p1a: Iron Crown|Iron Crown|89/100
|move|p2a: Primarina|Substitute|p2a: Primarina
|-start|p2a: Primarina|Substitute
|-damage|p2a: Primarina|76/100
|
|-heal|p2a: Primarina|82/100|[from] item: Leftovers
|upkeep
|turn|8
|
|t:|1758344900
|move|p1a: Iron Crown|Psychic Noise|p2a: Primarina
|-damage|p2a: Primarina|32/100
|-start|p2a: Primarina|move: Heal Block
|move|p2a: Primarina|Surf|p1a: Iron Crown
|-damage|p1a: Iron Crown|9/100
|
|upkeep
|turn|9
|
|t:|1758344908
|switch|p2a: Dragapult|Dragapult, M|100/100
|move|p1a: Iron Crown|Psychic Noise|p2a: Dragapult
|-damage|p2a: Dragapult|25/100
|-start|p2a: Dragapult|move: Heal Block
|
|upkeep
|turn|10
|
|t:|1758344916
|-end|p1a: Iron Crown|Quark Drive|[silent]
|switch|p1a: Alomomola|Alomomola, M, shiny|100/100
|move|p2a: Dragapult|U-turn|p1a: Alomomola
|-damage|p1a: Alomomola|78/100
|
|t:|1758344920
|switch|p2a: Primarina|Primarina, F, shiny|32/100|[from] U-turn
|
|-heal|p2a: Primarina|38/100|[from] item: Leftovers
|upkeep
|turn|11
|
|t:|1758344923
|move|p2a: Primarina|Substitute|p2a: Primarina
|-start|p2a: Primarina|Substitute
|-damage|p2a: Primarina|13/100
|move|p1a: Alomomola|Flip Turn|p2a: Primarina
|-resisted|p2a: Primarina
|-activate|p2a: Primarina|move: Substitute|[damage]
|
|t:|1758344926
|switch|p1a: Iron Crown|Iron Crown|9/100|[from] Flip Turn
|
|-heal|p2a: Primarina|20/100|[from] item: Leftovers
|upkeep
|turn|12
|
|t:|1758344930
|move|p1a: Iron Crown|Psychic Noise|p2a: Primarina
|-damage|p2a: Primarina|0 fnt
|faint|p2a: Primarina
|
|upkeep
|
|t:|1758344932
|switch|p2a: Dragapult|Dragapult, M|25/100
|turn|13
|
|t:|1758344935
|-end|p1a: Iron Crown|Quark Drive|[silent]
|switch|p1a: Alomomola|Alomomola, M, shiny|100/100
|move|p2a: Dragapult|U-turn|p1a: Alomomola
|-damage|p1a: Alomomola|79/100
|
|t:|1758344937
|switch|p2a: Ogerpon|Ogerpon-Wellspring, F|100/100|[from] U-turn
|
|upkeep
|turn|14
|
|t:|1758344948
|switch|p1a: Pecharunt|Pecharunt|100/100
|move|p2a: Ogerpon|Ivy Cudgel|p1a: Pecharunt|[anim] Ivy Cudgel Water
|-damage|p1a: Pecharunt|73/100
|
|upkeep
|turn|15
|
|t:|1758344951
|move|p2a: Ogerpon|Knock Off|p1a: Pecharunt
|-supereffective|p1a: Pecharunt
|-damage|p1a: Pecharunt|36/100
|-enditem|p1a: Pecharunt|Heavy-Duty Boots|[from] move: Knock Off|[of] p2a: Ogerpon
|move|p1a: Pecharunt|Malignant Chain|p2a: Ogerpon
|-supereffective|p2a: Ogerpon
|-damage|p2a: Ogerpon|30/100
|
|upkeep
|turn|16
|
|t:|1758344956
|move|p2a: Ogerpon|Ivy Cudgel|p1a: Pecharunt|[anim] Ivy Cudgel Water
|-damage|p1a: Pecharunt|6/100
|move|p1a: Pecharunt|Recover|p1a: Pecharunt
|-heal|p1a: Pecharunt|56/100
|
|upkeep
|turn|17
|
|t:|1758344959
|move|p2a: Ogerpon|Ivy Cudgel|p1a: Pecharunt|[anim] Ivy Cudgel Water
|-damage|p1a: Pecharunt|31/100
|move|p1a: Pecharunt|Recover|p1a: Pecharunt
|-heal|p1a: Pecharunt|81/100
|
|upkeep
|turn|18
|
|t:|1758344961
|move|p2a: Ogerpon|Ivy Cudgel|p1a: Pecharunt|[anim] Ivy Cudgel Water
|-damage|p1a: Pecharunt|52/100
|move|p1a: Pecharunt|Malignant Chain|p2a: Ogerpon
|-supereffective|p2a: Ogerpon
|-damage|p2a: Ogerpon|0 fnt
|faint|p2a: Ogerpon
|
|upkeep
|
|t:|1758344965
|switch|p2a: Dragapult|Dragapult, M|25/100
|turn|19
|
|t:|1758344974
|move|p2a: Dragapult|Phantom Force||[still]
|-prepare|p2a: Dragapult|Phantom Force
|move|p1a: Pecharunt|Parting Shot|p2a: Dragapult|[miss]
|-miss|p1a: Pecharunt|p2a: Dragapult
|
|upkeep
|turn|20
|j| GraphLegion
|
|t:|1758344983
|switch|p1a: Alomomola|Alomomola, M, shiny|100/100
|move|p2a: Dragapult|Phantom Force|p1a: Alomomola|[from] lockedmove
|-damage|p1a: Alomomola|60/100
|
|upkeep
|turn|21
|
|t:|1758344986
|move|p2a: Dragapult|Phantom Force||[still]
|-prepare|p2a: Dragapult|Phantom Force
|move|p1a: Alomomola|Flip Turn|p2a: Dragapult|[miss]
|-miss|p1a: Alomomola|p2a: Dragapult
|
|upkeep
|turn|22
|
|t:|1758344991
|move|p2a: Dragapult|Phantom Force|p1a: Alomomola|[from] lockedmove
|-damage|p1a: Alomomola|13/100
|move|p1a: Alomomola|Flip Turn|p2a: Dragapult
|-resisted|p2a: Dragapult
|-damage|p2a: Dragapult|14/100
|
|t:|1758344997
|switch|p1a: Enamorus|Enamorus, F, shiny|100/100|[from] Flip Turn
|
|upkeep
|turn|23
|
|t:|1758345000
|move|p1a: Enamorus|Moonblast|p2a: Dragapult
|-supereffective|p2a: Dragapult
|-damage|p2a: Dragapult|0 fnt
|faint|p2a: Dragapult
|
|upkeep
|
|t:|1758345001
|switch|p2a: Cloyster|Cloyster, M, shiny|100/100
|turn|24
|
|t:|1758345003
|-terastallize|p2a: Cloyster|Ice
|move|p2a: Cloyster|Ice Shard|p1a: Enamorus
|-supereffective|p1a: Enamorus
|-damage|p1a: Enamorus|9/100
|move|p1a: Enamorus|Moonblast|p2a: Cloyster
|-damage|p2a: Cloyster|0 fnt
|faint|p2a: Cloyster
|
|win|mysticryn
|raw|mysticryn's rating: 1592 &rarr; <strong>1614</strong><br />(+22 for winning)
|raw|bumblingbigfoot's rating: 1629 &rarr; <strong>1607</strong><br />(-22 for losing)
|l|☆bumblingbigfoot
|player|p2|
|l|‽mysticryn
|player|p1|
