|j|☆neroeto5
|j|☆Beto1769
|t:|1758322621
|gametype|singles
|player|p1|neroeto5|101|1561
|player|p2|Beto1769|erika|1577
|gen|9
|tier|[Gen 9] OU
|rated|
|rule|HP Percentage Mod: HP is shown in percentages
|rule|Endless Battle Clause: Forcing endless battles is banned
|rule|Species Clause: Limit one of each Pokémon
|rule|OHKO Clause: OHKO moves are banned
|rule|Evasion Items Clause: Evasion items are banned
|rule|Evasion Moves Clause: Evasion moves are banned
|rule|Evasion Abilities Clause: Evasion abilities are banned
|rule|Sleep Moves Clause: Sleep-inducing moves are banned
|clearpoke
|poke|p1|Galvantula, M|
|poke|p1|Dragapult, F|
|poke|p1|Landorus-Therian, M|
|poke|p1|Zamazenta-*|
|poke|p1|Iron Moth|
|poke|p1|Greninja-*, M|
|poke|p2|Dragonite, F|
|poke|p2|Zamazenta-*|
|poke|p2|Landorus-Therian, M|
|poke|p2|Gholdengo|
|poke|p2|Darkrai|
|poke|p2|Hatterene, F|
|teampreview
|inactive|Battle timer is ON: inactive players will automatically lose when time's up. (requested by Beto1769)
|inactive|neroeto5 has 120 seconds left.
|
|t:|1758322676
|teamsize|p1|6
|teamsize|p2|6
|start
|switch|p1a: Galvantula|Galvantula, M, shiny|100/100
|switch|p2a: Darkrai|Darkrai|100/100
|turn|1
|
|t:|1758322687
|switch|p2a: Hatterene|Hatterene, F|100/100
|move|p1a: Galvantula|Thunder Wave|p2a: Hatterene
|move|p2a: Hatterene|Thunder Wave|p1a: Galvantula|[from] ability: Magic Bounce
|-immune|p1a: Galvantula
|
|upkeep
|turn|2
|
|t:|1758322698
|move|p1a: Galvantula|Thunder|p2a: Hatterene
|-damage|p2a: Hatterene|70/100
|move|p2a: Hatterene|Draining Kiss|p1a: Galvantula
|-damage|p1a: Galvantula|51/100
|-heal|p2a: Hatterene|100/100|[from] drain|[of] p1a: Galvantula
|
|upkeep
|turn|3
|
|t:|1758322706
|switch|p1a: Landorus|Landorus-Therian, M|100/100
|-ability|p1a: Landorus|Intimidate|boost
|-unboost|p2a: Hatterene|atk|1
|move|p2a: Hatterene|Psyshock|p1a: Landorus
|-damage|p1a: Landorus|48/100
|
|upkeep
|turn|4
|
|t:|1758322712
|switch|p2a: Landorus|Landorus-Therian, M|100/100
|-ability|p2a: Landorus|Intimidate|boost
|-unboost|p1a: Landorus|atk|1
|move|p1a: Landorus|U-turn|p2a: Landorus
|-resisted|p2a: Landorus
|-damage|p2a: Landorus|87/100
|-damage|p1a: Landorus|31/100|[from] item: Rocky Helmet|[of] p2a: Landorus
|
|t:|1758322723
|switch|p1a: Galvantula|Galvantula, M, shiny|51/100|[from] U-turn
|
|upkeep
|turn|5
|
|t:|1758322726
|switch|p1a: Landorus|Landorus-Therian, M|31/100
|-ability|p1a: Landorus|Intimidate|boost
|-unboost|p2a: Landorus|atk|1
|switch|p2a: Hatterene|Hatterene, F|100/100
|
|upkeep
|turn|6
|
|t:|1758322733
|switch|p2a: Landorus|Landorus-Therian, M|87/100
|-ability|p2a: Landorus|Intimidate|boost
|-unboost|p1a: Landorus|atk|1
|-terastallize|p1a: Landorus|Ice
|move|p1a: Landorus|Tera Blast|p2a: Landorus|[anim] Tera Blast Ice
|-supereffective|p2a: Landorus
|-damage|p2a: Landorus|0 fnt
|faint|p2a: Landorus
|
|upkeep
|
|t:|1758322744
|switch|p2a: Zamazenta|Zamazenta|100/100
|-ability|p2a: Zamazenta|Dauntless Shield|boost
|-boost|p2a: Zamazenta|def|1
|turn|7
|
|t:|1758322751
|switch|p1a: Dragapult|Dragapult, F|100/100
|move|p2a: Zamazenta|Iron Defense|p2a: Zamazenta
|-boost|p2a: Zamazenta|def|2
|
|upkeep
|turn|8
|
|t:|1758322757
|switch|p2a: Hatterene|Hatterene, F|100/100
|move|p1a: Dragapult|U-turn|p2a: Hatterene
|-damage|p2a: Hatterene|55/100
|
|t:|1758322762
|switch|p1a: Landorus|Landorus-Therian, M, tera:Ice|31/100|[from] U-turn
|-ability|p1a: Landorus|Intimidate|boost
|-unboost|p2a: Hatterene|atk|1
|
|upkeep
|turn|9
|
|t:|1758322769
|move|p1a: Landorus|Tera Blast|p2a: Hatterene|[anim] Tera Blast Ice
|-damage|p2a: Hatterene|0 fnt
|faint|p2a: Hatterene
|
|upkeep
|
|t:|1758322772
|switch|p2a: Zamazenta|Zamazenta|100/100
|turn|10
|
|t:|1758322787
|move|p2a: Zamazenta|Crunch|p1a: Landorus
|-damage|p1a: Landorus|4/100
|move|p1a: Landorus|Tera Blast|p2a: Zamazenta|[anim] Tera Blast Ice
|-crit|p2a: Zamazenta
|-damage|p2a: Zamazenta|23/100
|
|-heal|p2a: Zamazenta|29/100|[from] item: Leftovers
|upkeep
|turn|11
|
|t:|1758322794
|switch|p1a: Zamazenta|Zamazenta|100/100
|-ability|p1a: Zamazenta|Dauntless Shield|boost
|-boost|p1a: Zamazenta|def|1
|move|p2a: Zamazenta|Crunch|p1a: Zamazenta
|-resisted|p1a: Zamazenta
|-damage|p1a: Zamazenta|96/100
|-unboost|p1a: Zamazenta|def|1
|
|-heal|p2a: Zamazenta|35/100|[from] item: Leftovers
|-heal|p1a: Zamazenta|100/100|[from] item: Leftovers
|upkeep
|turn|12
|
|t:|1758322800
|move|p1a: Zamazenta|Body Press|p2a: Zamazenta
|-damage|p2a: Zamazenta|5/100
|move|p2a: Zamazenta|Roar|p1a: Zamazenta
|drag|p1a: Landorus|Landorus-Therian, M, tera:Ice|4/100
|-ability|p1a: Landorus|Intimidate|boost
|-unboost|p2a: Zamazenta|atk|1
|
|-heal|p2a: Zamazenta|11/100|[from] item: Leftovers
|upkeep
|turn|13
|
|t:|1758322807
|switch|p1a: Dragapult|Dragapult, F|100/100
|move|p2a: Zamazenta|Crunch|p1a: Dragapult
|-supereffective|p1a: Dragapult
|-damage|p1a: Dragapult|59/100
|
|-heal|p2a: Zamazenta|17/100|[from] item: Leftovers
|upkeep
|turn|14
|
|t:|1758322817
|move|p2a: Zamazenta|Crunch|p1a: Dragapult
|-supereffective|p1a: Dragapult
|-damage|p1a: Dragapult|16/100
|move|p1a: Dragapult|Dragon Darts|p2a: Zamazenta
|-damage|p2a: Zamazenta|0 fnt
|faint|p2a: Zamazenta
|
|upkeep
|
|t:|1758322825
|switch|p2a: Darkrai|Darkrai|100/100
|turn|15
|
|t:|1758322829
|switch|p1a: Galvantula|Galvantula, M, shiny|51/100
|move|p2a: Darkrai|Dark Pulse|p1a: Galvantula
|-damage|p1a: Galvantula|0 fnt
|faint|p1a: Galvantula
|
|upkeep
|
|t:|1758322834
|switch|p1a: Zamazenta|Zamazenta|100/100
|turn|16
|
|t:|1758322837
|move|p2a: Darkrai|Will-O-Wisp|p1a: Zamazenta|[miss]
|-miss|p2a: Darkrai|p1a: Zamazenta
|move|p1a: Zamazenta|Crunch|p2a: Darkrai
|-resisted|p2a: Darkrai
|-damage|p2a: Darkrai|88/100
|
|upkeep
|turn|17
|
|t:|1758322843
|switch|p1a: Greninja|Greninja, M|100/100
|move|p2a: Darkrai|Will-O-Wisp|p1a: Greninja
|-status|p1a: Greninja|brn
|
|-damage|p1a: Greninja|95/100 brn|[from] brn
|upkeep
|turn|18
|
|t:|1758322850
|move|p2a: Darkrai|Dark Pulse|p1a: Greninja
|-resisted|p1a: Greninja
|-damage|p1a: Greninja|66/100 brn
|cant|p1a: Greninja|flinch
|
|-damage|p1a: Greninja|60/100 brn|[from] brn
|upkeep
|turn|19
|
|t:|1758322858
|move|p2a: Darkrai|Dark Pulse|p1a: Greninja
|-resisted|p1a: Greninja
|-damage|p1a: Greninja|28/100 brn
|move|p1a: Greninja|Surf|p2a: Darkrai
|-damage|p2a: Darkrai|24/100
|-damage|p1a: Greninja|18/100 brn|[from] item: Life Orb
|
|-damage|p1a: Greninja|12/100 brn|[from] brn
|upkeep
|turn|20
|
|t:|1758322865
|move|p1a: Greninja|Water Shuriken|p2a: Darkrai
|-damage|p2a: Darkrai|12/100
|-damage|p2a: Darkrai|1/100
|-damage|p2a: Darkrai|0 fnt
|faint|p2a: Darkrai
|-ability|p1a: Greninja|Battle Bond|boost
|-boost|p1a: Greninja|atk|1
|-boost|p1a: Greninja|spa|1
|-boost|p1a: Greninja|spe|1
|-activate|p1a: Greninja|ability: Battle Bond
|-hitcount|p2: Darkrai|3
|-damage|p1a: Greninja|3/100 brn|[from] item: Life Orb
|
|-damage|p1a: Greninja|0 fnt|[from] brn
|faint|p1a: Greninja
|upkeep
|
|t:|1758322878
|switch|p2a: Dragonite|Dragonite, F|100/100
|switch|p1a: Dragapult|Dragapult, F|16/100
|turn|21
|
|t:|1758322883
|switch|p2a: Gholdengo|Gholdengo|100/100
|move|p1a: Dragapult|U-turn|p2a: Gholdengo
|-resisted|p2a: Gholdengo
|-damage|p2a: Gholdengo|90/100
|
|t:|1758322891
|switch|p1a: Iron Moth|Iron Moth|100/100|[from] U-turn
|-enditem|p1a: Iron Moth|Booster Energy
|-activate|p1a: Iron Moth|ability: Quark Drive|[fromitem]
|-start|p1a: Iron Moth|quarkdrivespa
|
|upkeep
|turn|22
|
|t:|1758322895
|move|p1a: Iron Moth|Fiery Dance|p2a: Gholdengo
|-supereffective|p2a: Gholdengo
|-damage|p2a: Gholdengo|0 fnt
|-boost|p1a: Iron Moth|spa|1
|faint|p2a: Gholdengo
|
|upkeep
|
|t:|1758322897
|switch|p2a: Dragonite|Dragonite, F|100/100
|turn|23
|
|t:|1758322900
|move|p1a: Iron Moth|Sludge Wave|p2a: Dragonite
|-damage|p2a: Dragonite|43/100
|move|p2a: Dragonite|Dragon Dance|p2a: Dragonite
|-boost|p2a: Dragonite|atk|1
|-boost|p2a: Dragonite|spe|1
|
|upkeep
|turn|24
|
|t:|1758322906
|-end|p1a: Iron Moth|Quark Drive|[silent]
|switch|p1a: Landorus|Landorus-Therian, M, tera:Ice|4/100
|-ability|p1a: Landorus|Intimidate|boost
|-unboost|p2a: Dragonite|atk|1
|-terastallize|p2a: Dragonite|Flying
|move|p2a: Dragonite|Tera Blast|p1a: Landorus|[anim] Tera Blast Flying
|-crit|p1a: Landorus
|-damage|p1a: Landorus|0 fnt
|faint|p1a: Landorus
|
|upkeep
|
|t:|1758322913
|switch|p1a: Dragapult|Dragapult, F|16/100
|turn|25
|
|t:|1758322917
|move|p1a: Dragapult|Sucker Punch|p2a: Dragonite
|-damage|p2a: Dragonite|4/100
|move|p2a: Dragonite|Tera Blast|p1a: Dragapult|[anim] Tera Blast Flying
|-damage|p1a: Dragapult|0 fnt
|faint|p1a: Dragapult
|
|upkeep
|
|t:|1758322922
|switch|p1a: Iron Moth|Iron Moth|100/100
|turn|26
|
|t:|1758322926
|move|p2a: Dragonite|Earthquake|p1a: Iron Moth
|-supereffective|p1a: Iron Moth
|-damage|p1a: Iron Moth|0 fnt
|faint|p1a: Iron Moth
|-end|p1a: Iron Moth|Quark Drive|[silent]
|
|upkeep
|
|t:|1758322929
|switch|p1a: Zamazenta|Zamazenta|100/100
|turn|27
|
|t:|1758322932
|move|p2a: Dragonite|Tera Blast|p1a: Zamazenta|[anim] Tera Blast Flying
|-supereffective|p1a: Zamazenta
|-damage|p1a: Zamazenta|20/100
|move|p1a: Zamazenta|Ice Fang|p2a: Dragonite|[miss]
|-miss|p1a: Zamazenta|p2a: Dragonite
|
|-heal|p1a: Zamazenta|26/100|[from] item: Leftovers
|upkeep
|turn|28
|
|t:|1758322940
|move|p2a: Dragonite|Tera Blast|p1a: Zamazenta|[anim] Tera Blast Flying
|-supereffective|p1a: Zamazenta
|-damage|p1a: Zamazenta|0 fnt
|faint|p1a: Zamazenta
|
|win|Beto1769
|raw|neroeto5's rating: 1561 &rarr; <strong>1542</strong><br />(-19 for losing)
|raw|Beto1769's rating: 1577 &rarr; <strong>1596</strong><br />(+19 for winning)
|l|☆Beto1769
|player|p2|
|c|☆neroeto5|jajaja
|c|☆neroeto5|gg
|l|☆neroeto5
|player|p1|
