|j|☆Bhuvan xxx
|j|☆tea chai
|t:|1758266278
|gametype|singles
|player|p1|Bhuvan xxx|gentleman-lgpe|1420
|player|p2|tea chai|iris|1408
|gen|9
|tier|[Gen 9] OU
|rated|
|rule|HP Percentage Mod: HP is shown in percentages
|rule|Endless Battle Clause: Forcing endless battles is banned
|rule|Species Clause: Limit one of each Pokémon
|rule|OHKO Clause: OHKO moves are banned
|rule|Evasion Items Clause: Evasion items are banned
|rule|Evasion Moves Clause: Evasion moves are banned
|rule|Evasion Abilities Clause: Evasion abilities are banned
|rule|Sleep Moves Clause: Sleep-inducing moves are banned
|clearpoke
|poke|p1|Weezing-Galar, F|
|poke|p1|Alomomola, F|
|poke|p1|Gholdengo|
|poke|p1|Latios, M|
|poke|p1|Great Tusk|
|poke|p1|Dragonite, M|
|poke|p2|Lycanroc, F|
|poke|p2|Excadrill, F|
|poke|p2|Tyranitar, M|
|poke|p2|Thundurus-Therian, M|
|poke|p2|Iron Boulder|
|poke|p2|Glimmora, F|
|teampreview
|
|t:|1758266289
|teamsize|p1|6
|teamsize|p2|6
|start
|switch|p1a: Gholdengo|Gholdengo|100/100
|switch|p2a: Glimmora|Glimmora, F|100/100
|turn|1
|
|t:|1758266304
|switch|p2a: Tyranitar|Tyranitar, M, shiny|100/100
|-weather|Sandstorm|[from] ability: Sand Stream|[of] p2a: Tyranitar
|move|p1a: Gholdengo|Make It Rain|p2a: Tyranitar
|-supereffective|p2a: Tyranitar
|-damage|p2a: Tyranitar|35/100
|-unboost|p1a: Gholdengo|spa|1
|-enditem|p2a: Tyranitar|Weakness Policy
|-boost|p2a: Tyranitar|atk|2|[from] item: Weakness Policy
|-boost|p2a: Tyranitar|spa|2|[from] item: Weakness Policy
|
|-weather|Sandstorm|[upkeep]
|upkeep
|turn|2
|
|t:|1758266313
|move|p1a: Gholdengo|Make It Rain|p2a: Tyranitar
|-supereffective|p2a: Tyranitar
|-damage|p2a: Tyranitar|0 fnt
|-unboost|p1a: Gholdengo|spa|1
|faint|p2a: Tyranitar
|
|-weather|Sandstorm|[upkeep]
|upkeep
|
|t:|1758266325
|switch|p2a: Excadrill|Excadrill, F|100/100
|-item|p2a: Excadrill|Air Balloon
|turn|3
|
|t:|1758266332
|switch|p1a: Great Tusk|Great Tusk|100/100
|move|p2a: Excadrill|Swords Dance|p2a: Excadrill
|-boost|p2a: Excadrill|atk|2
|
|-weather|Sandstorm|[upkeep]
|upkeep
|turn|4
|
|t:|1758266348
|-terastallize|p2a: Excadrill|Ground
|move|p2a: Excadrill|Earthquake|p1a: Great Tusk
|-damage|p1a: Great Tusk|0 fnt
|faint|p1a: Great Tusk
|-end|p1a: Great Tusk|Protosynthesis|[silent]
|
|-weather|Sandstorm|[upkeep]
|upkeep
|inactive|Battle timer is ON: inactive players will automatically lose when time's up. (requested by tea chai)
|
|t:|1758266375
|switch|p1a: Latios|Latios, M|100/100
|turn|5
|
|t:|1758266393
|-terastallize|p1a: Latios|Steel
|move|p2a: Excadrill|Rock Slide|p1a: Latios
|-resisted|p1a: Latios
|-damage|p1a: Latios|66/100
|move|p1a: Latios|Draco Meteor|p2a: Excadrill
|-damage|p2a: Excadrill|0 fnt
|-unboost|p1a: Latios|spa|2
|-enditem|p2a: Excadrill|Air Balloon
|faint|p2a: Excadrill
|
|-weather|none
|upkeep
|inactive|tea chai has 120 seconds left.
|
|t:|1758266419
|switch|p2a: Thundurus|Thundurus-Therian, M|100/100
|turn|6
|inactive|tea chai has 120 seconds left.
|
|t:|1758266427
|switch|p1a: Alomomola|Alomomola, F|100/100
|move|p2a: Thundurus|Nasty Plot|p2a: Thundurus
|-boost|p2a: Thundurus|spa|2
|
|upkeep
|turn|7
|
|t:|1758266431
|move|p2a: Thundurus|Wildbolt Storm|p1a: Alomomola
|-supereffective|p1a: Alomomola
|-damage|p1a: Alomomola|0 fnt
|faint|p1a: Alomomola
|
|upkeep
|
|t:|1758266436
|switch|p1a: Gholdengo|Gholdengo|100/100
|turn|8
|
|t:|1758266440
|move|p1a: Gholdengo|Shadow Ball|p2a: Thundurus
|-damage|p2a: Thundurus|44/100
|move|p2a: Thundurus|Wildbolt Storm|p1a: Gholdengo
|-damage|p1a: Gholdengo|0 fnt
|faint|p1a: Gholdengo
|
|upkeep
|
|t:|1758266445
|switch|p1a: Latios|Latios, M, tera:Steel|66/100
|turn|9
|
|t:|1758266449
|move|p1a: Latios|Psychic Noise|p2a: Thundurus
|-damage|p2a: Thundurus|0 fnt
|faint|p2a: Thundurus
|
|upkeep
|
|t:|1758266460
|switch|p2a: Lycanroc|Lycanroc, F, shiny|100/100
|turn|10
|
|t:|1758266466
|switch|p1a: Weezing|Weezing-Galar, F|100/100
|-ability|p1a: Weezing|Neutralizing Gas
|move|p2a: Lycanroc|Close Combat|p1a: Weezing
|-resisted|p1a: Weezing
|-damage|p1a: Weezing|94/100
|-unboost|p2a: Lycanroc|def|1
|-unboost|p2a: Lycanroc|spd|1
|
|upkeep
|turn|11
|
|t:|1758266473
|switch|p2a: Glimmora|Glimmora, F|100/100
|move|p1a: Weezing|Will-O-Wisp|p2a: Glimmora|[miss]
|-miss|p1a: Weezing|p2a: Glimmora
|
|upkeep
|turn|12
|
|t:|1758266478
|-end|p1a: Weezing|ability: Neutralizing Gas
|switch|p1a: Latios|Latios, M, tera:Steel|66/100
|move|p2a: Glimmora|Meteor Beam||[still]
|-prepare|p2a: Glimmora|Meteor Beam
|-boost|p2a: Glimmora|spa|1
|-enditem|p2a: Glimmora|Power Herb
|-anim|p2a: Glimmora|Meteor Beam|p1a: Latios
|-resisted|p1a: Latios
|-damage|p1a: Latios|18/100
|
|upkeep
|turn|13
|
|t:|1758266495
|switch|p2a: Lycanroc|Lycanroc, F, shiny|100/100
|move|p1a: Latios|Psychic Noise|p2a: Lycanroc
|-damage|p2a: Lycanroc|25/100
|-start|p2a: Lycanroc|move: Heal Block
|
|upkeep
|turn|14
|
|t:|1758266503
|switch|p1a: Weezing|Weezing-Galar, F|94/100
|-ability|p1a: Weezing|Neutralizing Gas
|move|p2a: Lycanroc|Close Combat|p1a: Weezing
|-resisted|p1a: Weezing
|-damage|p1a: Weezing|87/100
|-unboost|p2a: Lycanroc|def|1
|-unboost|p2a: Lycanroc|spd|1
|
|-end|p2a: Lycanroc|move: Heal Block
|upkeep
|turn|15
|
|t:|1758266514
|switch|p2a: Glimmora|Glimmora, F|100/100
|-end|p1a: Weezing|ability: Neutralizing Gas
|switch|p1a: Latios|Latios, M, tera:Steel|18/100
|
|upkeep
|turn|16
|
|t:|1758266526
|move|p1a: Latios|Recover|p1a: Latios
|-heal|p1a: Latios|68/100
|move|p2a: Glimmora|Stealth Rock|p1a: Latios
|-sidestart|p1: Bhuvan xxx|move: Stealth Rock
|
|upkeep
|turn|17
|
|t:|1758266552
|switch|p2a: Lycanroc|Lycanroc, F, shiny|25/100
|move|p1a: Latios|Recover|p1a: Latios
|-heal|p1a: Latios|100/100
|
|upkeep
|turn|18
|
|t:|1758266561
|switch|p1a: Weezing|Weezing-Galar, F|87/100
|-ability|p1a: Weezing|Neutralizing Gas
|move|p2a: Lycanroc|Endeavor|p1a: Weezing
|-damage|p1a: Weezing|22/100
|
|upkeep
|turn|19
|
|t:|1758266568
|move|p2a: Lycanroc|Accelerock|p1a: Weezing
|-damage|p1a: Weezing|9/100
|move|p1a: Weezing|Defog|p2a: Lycanroc
|-unboost|p2a: Lycanroc|evasion|1
|-sideend|p1: Bhuvan xxx|Stealth Rock|[from] move: Defog|[of] p1a: Weezing
|
|upkeep
|turn|20
|
|t:|1758266577
|move|p2a: Lycanroc|Accelerock|p1a: Weezing
|-damage|p1a: Weezing|0 fnt
|faint|p1a: Weezing
|-end|p1a: Weezing|ability: Neutralizing Gas
|
|upkeep
|
|t:|1758266579
|switch|p1a: Dragonite|Dragonite, M|100/100
|turn|21
|
|t:|1758266587
|move|p2a: Lycanroc|Accelerock|p1a: Dragonite
|-supereffective|p1a: Dragonite
|-damage|p1a: Dragonite|81/100
|move|p1a: Dragonite|Dragon Dance|p1a: Dragonite
|-boost|p1a: Dragonite|atk|1
|-boost|p1a: Dragonite|spe|1
|
|upkeep
|turn|22
|
|t:|1758266595
|move|p1a: Dragonite|Extreme Speed|p2a: Lycanroc
|-resisted|p2a: Lycanroc
|-damage|p2a: Lycanroc|0 fnt
|faint|p2a: Lycanroc
|
|upkeep
|
|t:|1758266600
|switch|p2a: Iron Boulder|Iron Boulder|100/100
|-item|p2a: Iron Boulder|Air Balloon
|turn|23
|
|t:|1758266613
|move|p1a: Dragonite|Extreme Speed|p2a: Iron Boulder
|-resisted|p2a: Iron Boulder
|-damage|p2a: Iron Boulder|73/100
|-enditem|p2a: Iron Boulder|Air Balloon
|move|p2a: Iron Boulder|Mighty Cleave|p1a: Dragonite
|-supereffective|p1a: Dragonite
|-damage|p1a: Dragonite|0 fnt
|faint|p1a: Dragonite
|
|upkeep
|
|t:|1758266615
|switch|p1a: Latios|Latios, M, tera:Steel|100/100
|turn|24
|
|t:|1758266619
|move|p2a: Iron Boulder|Close Combat|p1a: Latios
|-supereffective|p1a: Latios
|-damage|p1a: Latios|0 fnt
|-unboost|p2a: Iron Boulder|def|1
|-unboost|p2a: Iron Boulder|spd|1
|faint|p1a: Latios
|
|win|tea chai
|raw|Bhuvan xxx's rating: 1420 &rarr; <strong>1399</strong><br />(-21 for losing)
|raw|tea chai's rating: 1408 &rarr; <strong>1429</strong><br />(+21 for winning)
|l|☆Bhuvan xxx
|player|p1|
|j|☆Bhuvan xxx
|player|p1|Bhuvan xxx|gentleman-lgpe|
|l|☆tea chai
|player|p2|
