|j|☆imprisonpaulgeorge
|j|☆cloudout
|t:|1758291331
|gametype|singles
|player|p1|imprisonpaulgeorge|265|1316
|player|p2|cloudout|giovanni|1270
|gen|9
|tier|[Gen 9] OU
|rated|
|rule|HP Percentage Mod: HP is shown in percentages
|rule|Endless Battle Clause: Forcing endless battles is banned
|rule|Species Clause: Limit one of each Pokémon
|rule|OHKO Clause: OHKO moves are banned
|rule|Evasion Items Clause: Evasion items are banned
|rule|Evasion Moves Clause: Evasion moves are banned
|rule|Evasion Abilities Clause: Evasion abilities are banned
|rule|Sleep Moves Clause: Sleep-inducing moves are banned
|clearpoke
|poke|p1|Samurott-Hisui, F|
|poke|p1|Great Tusk|
|poke|p1|Volcanion|
|poke|p1|Hydrapple, M|
|poke|p1|Gholdengo|
|poke|p1|Landorus-Therian, M|
|poke|p2|Cinderace, M|
|poke|p2|Masquerain, M|
|poke|p2|Grimmsnarl, M|
|poke|p2|Gliscor, F|
|poke|p2|Darkrai|
|poke|p2|Heatran, F|
|teampreview
|inactive|Battle timer is ON: inactive players will automatically lose when time's up. (requested by cloudout)
|
|t:|1758291342
|teamsize|p1|6
|teamsize|p2|6
|start
|switch|p1a: Hydrapple|Hydrapple, M|100/100
|switch|p2a: Cinderace|Cinderace, M|100/100
|turn|1
|
|t:|1758291346
|move|p2a: Cinderace|U-turn|p1a: Hydrapple
|-start|p2a: Cinderace|typechange|Bug|[from] ability: Libero
|-supereffective|p1a: Hydrapple
|-damage|p1a: Hydrapple|47/100
|-damage|p2a: Cinderace|84/100|[from] item: Rocky Helmet|[of] p1a: Hydrapple
|
|t:|1758291357
|switch|p2a: Grimmsnarl|Grimmsnarl, M|100/100|[from] U-turn
|move|p1a: Hydrapple|Nasty Plot|p1a: Hydrapple
|-boost|p1a: Hydrapple|spa|2
|
|upkeep
|turn|2
|
|t:|1758291367
|move|p2a: Grimmsnarl|Spirit Break|p1a: Hydrapple
|-supereffective|p1a: Hydrapple
|-crit|p1a: Hydrapple
|-damage|p1a: Hydrapple|0 fnt
|-damage|p2a: Grimmsnarl|84/100|[from] item: Rocky Helmet|[of] p1a: Hydrapple
|faint|p1a: Hydrapple
|
|upkeep
|
|t:|1758291372
|switch|p1a: Volcanion|Volcanion|100/100
|turn|3
|
|t:|1758291382
|switch|p1a: Gholdengo|Gholdengo|100/100
|-item|p1a: Gholdengo|Air Balloon
|move|p2a: Grimmsnarl|Spirit Break|p1a: Gholdengo
|-resisted|p1a: Gholdengo
|-damage|p1a: Gholdengo|87/100
|-unboost|p1a: Gholdengo|spa|1
|-enditem|p1a: Gholdengo|Air Balloon
|
|upkeep
|turn|4
|
|t:|1758291391
|switch|p1a: Great Tusk|Great Tusk|100/100
|move|p2a: Grimmsnarl|Light Screen|p2a: Grimmsnarl
|-sidestart|p2: cloudout|move: Light Screen
|
|upkeep
|turn|5
|
|t:|1758291397
|move|p2a: Grimmsnarl|Parting Shot|p1a: Great Tusk
|-unboost|p1a: Great Tusk|atk|1
|-unboost|p1a: Great Tusk|spa|1
|
|t:|1758291403
|switch|p2a: Heatran|Heatran, F|100/100|[from] Parting Shot
|-item|p2a: Heatran|Air Balloon
|move|p1a: Great Tusk|Stealth Rock|p2a: Heatran
|-sidestart|p2: cloudout|move: Stealth Rock
|
|upkeep
|turn|6
|
|t:|1758291413
|-end|p1a: Great Tusk|Protosynthesis|[silent]
|switch|p1a: Samurott|Samurott-Hisui, F|100/100
|move|p2a: Heatran|Magma Storm|p1a: Samurott
|-resisted|p1a: Samurott
|-damage|p1a: Samurott|81/100
|-activate|p1a: Samurott|move: Magma Storm|[of] p2a: Heatran
|
|-damage|p1a: Samurott|69/100|[from] move: Magma Storm|[partiallytrapped]
|upkeep
|turn|7
|
|t:|1758291425
|switch|p2a: Malcolm X|Masquerain, M|100/100
|-ability|p2a: Malcolm X|Intimidate|boost
|-unboost|p1a: Samurott|atk|1
|move|p1a: Samurott|Razor Shell|p2a: Malcolm X
|-damage|p2a: Malcolm X|55/100
|-unboost|p2a: Malcolm X|def|1
|
|-end|p1a: Samurott|Magma Storm|[partiallytrapped]|[silent]
|upkeep
|turn|8
|inactive|cloudout has 120 seconds left.
|
|t:|1758291457
|switch|p1a: Volcanion|Volcanion|100/100
|switch|p2a: Darkrai|Darkrai|100/100
|-damage|p2a: Darkrai|88/100|[from] Stealth Rock
|
|-sideend|p2: cloudout|move: Light Screen
|upkeep
|turn|9
|
|t:|1758291466
|switch|p1a: Samurott|Samurott-Hisui, F|69/100
|move|p2a: Darkrai|Dark Pulse|p1a: Samurott
|-resisted|p1a: Samurott
|-damage|p1a: Samurott|47/100
|
|upkeep
|turn|10
|
|t:|1758291480
|switch|p2a: Malcolm X|Masquerain, M|55/100
|-ability|p2a: Malcolm X|Intimidate|boost
|-unboost|p1a: Samurott|atk|1
|move|p1a: Samurott|Knock Off|p2a: Malcolm X
|-damage|p2a: Malcolm X|15/100
|-enditem|p2a: Malcolm X|Heavy-Duty Boots|[from] move: Knock Off|[of] p1a: Samurott
|
|upkeep
|turn|11
|
|t:|1758291491
|switch|p1a: Volcanion|Volcanion|100/100
|move|p2a: Malcolm X|Quiver Dance|p2a: Malcolm X
|-boost|p2a: Malcolm X|spa|1
|-boost|p2a: Malcolm X|spd|1
|-boost|p2a: Malcolm X|spe|1
|
|upkeep
|turn|12
|inactive|cloudout has 120 seconds left.
|l|☆cloudout
|inactive|cloudout disconnected and has a minute to reconnect!
|player|p2|
|inactive|cloudout has 30 seconds to reconnect!
|j|☆cloudout
|inactive|cloudout reconnected and has 85 seconds left.
|player|p2|cloudout|giovanni|
|
|t:|1758291564
|move|p2a: Malcolm X|Surf|p1a: Volcanion
|-immune|p1a: Volcanion|[from] ability: Water Absorb
|move|p1a: Volcanion|Sludge Bomb|p2a: Malcolm X
|-damage|p2a: Malcolm X|0 fnt
|faint|p2a: Malcolm X
|
|upkeep
|
|t:|1758291576
|switch|p2a: Grimmsnarl|Grimmsnarl, M|84/100
|turn|13
|
|t:|1758291584
|move|p1a: Volcanion|Sludge Bomb|p2a: Grimmsnarl
|-supereffective|p2a: Grimmsnarl
|-damage|p2a: Grimmsnarl|13/100
|-status|p2a: Grimmsnarl|psn
|move|p2a: Grimmsnarl|Spirit Break|p1a: Volcanion
|-resisted|p1a: Volcanion
|-damage|p1a: Volcanion|88/100
|-unboost|p1a: Volcanion|spa|1
|
|-damage|p2a: Grimmsnarl|1/100 psn|[from] psn
|upkeep
|turn|14
|
|t:|1758291589
|move|p2a: Grimmsnarl|Parting Shot|p1a: Volcanion
|-unboost|p1a: Volcanion|atk|1
|-unboost|p1a: Volcanion|spa|1
|inactive|cloudout has 90 seconds left.
|
|t:|1758291605
|switch|p2a: Gliscor|Gliscor, F|100/100|[from] Parting Shot
|-damage|p2a: Gliscor|88/100|[from] Stealth Rock
|move|p1a: Volcanion|Sludge Bomb|p2a: Gliscor
|-resisted|p2a: Gliscor
|-damage|p2a: Gliscor|81/100
|
|-status|p2a: Gliscor|tox|[from] item: Toxic Orb
|upkeep
|turn|15
|
|t:|1758291619
|switch|p1a: Great Tusk|Great Tusk|100/100
|move|p2a: Gliscor|Protect||[still]
|-fail|p2a: Gliscor
|
|-heal|p2a: Gliscor|93/100 tox|[from] ability: Poison Heal
|upkeep
|turn|16
|
|t:|1758291630
|-terastallize|p2a: Gliscor|Fairy
|move|p1a: Great Tusk|Ice Spinner|p2a: Gliscor
|-damage|p2a: Gliscor|71/100 tox
|move|p2a: Gliscor|Substitute|p2a: Gliscor
|-start|p2a: Gliscor|Substitute
|-damage|p2a: Gliscor|47/100 tox
|
|-heal|p2a: Gliscor|59/100 tox|[from] ability: Poison Heal
|upkeep
|turn|17
|
|t:|1758291641
|-end|p1a: Great Tusk|Protosynthesis|[silent]
|switch|p1a: Gholdengo|Gholdengo|87/100
|move|p2a: Gliscor|Protect||[still]
|-fail|p2a: Gliscor
|
|-heal|p2a: Gliscor|71/100 tox|[from] ability: Poison Heal
|upkeep
|turn|18
|inactive|cloudout has 90 seconds left.
|
|t:|1758291647
|move|p1a: Gholdengo|Shadow Ball|p2a: Gliscor
|-end|p2a: Gliscor|Substitute
|move|p2a: Gliscor|Earthquake|p1a: Gholdengo
|-supereffective|p1a: Gholdengo
|-damage|p1a: Gholdengo|20/100
|
|-heal|p2a: Gliscor|84/100 tox|[from] ability: Poison Heal
|upkeep
|turn|19
|
|t:|1758291660
|move|p1a: Gholdengo|Make It Rain|p2a: Gliscor
|-supereffective|p2a: Gliscor
|-damage|p2a: Gliscor|0 fnt
|-unboost|p1a: Gholdengo|spa|1
|faint|p2a: Gliscor
|
|upkeep
|
|t:|1758291670
|switch|p2a: Cinderace|Cinderace, M|84/100
|-damage|p2a: Cinderace|59/100|[from] Stealth Rock
|turn|20
|
|t:|1758291677
|move|p2a: Cinderace|U-turn|p1a: Gholdengo
|-start|p2a: Cinderace|typechange|Bug|[from] ability: Libero
|-resisted|p1a: Gholdengo
|-damage|p1a: Gholdengo|7/100
|
|t:|1758291687
|switch|p2a: Heatran|Heatran, F|100/100|[from] U-turn
|-damage|p2a: Heatran|88/100|[from] Stealth Rock
|-item|p2a: Heatran|Air Balloon
|move|p1a: Gholdengo|Shadow Ball|p2a: Heatran
|-damage|p2a: Heatran|59/100
|-enditem|p2a: Heatran|Air Balloon
|
|upkeep
|turn|21
|
|t:|1758291705
|switch|p1a: Great Tusk|Great Tusk|100/100
|move|p2a: Heatran|Ancient Power|p1a: Great Tusk
|-resisted|p1a: Great Tusk
|-damage|p1a: Great Tusk|92/100
|
|upkeep
|turn|22
|
|t:|1758291726
|move|p1a: Great Tusk|Headlong Rush|p2a: Heatran
|-supereffective|p2a: Heatran
|-damage|p2a: Heatran|0 fnt
|-unboost|p1a: Great Tusk|def|1
|-unboost|p1a: Great Tusk|spd|1
|faint|p2a: Heatran
|
|upkeep
|
|t:|1758291730
|switch|p2a: Cinderace|Cinderace, M|59/100
|-damage|p2a: Cinderace|34/100|[from] Stealth Rock
|turn|23
|
|t:|1758291740
|move|p2a: Cinderace|High Jump Kick|p1a: Great Tusk
|-start|p2a: Cinderace|typechange|Fighting|[from] ability: Libero
|-damage|p1a: Great Tusk|0 fnt
|faint|p1a: Great Tusk
|-end|p1a: Great Tusk|Protosynthesis|[silent]
|
|upkeep
|
|t:|1758291749
|switch|p1a: Gholdengo|Gholdengo|7/100
|turn|24
|
|t:|1758291752
|switch|p2a: Grimmsnarl|Grimmsnarl, M|1/100 psn
|move|p1a: Gholdengo|Shadow Ball|p2a: Grimmsnarl
|-resisted|p2a: Grimmsnarl
|-damage|p2a: Grimmsnarl|0 fnt
|faint|p2a: Grimmsnarl
|
|upkeep
|
|t:|1758291759
|switch|p2a: Cinderace|Cinderace, M|34/100
|-damage|p2a: Cinderace|9/100|[from] Stealth Rock
|turn|25
|inactive|cloudout has 120 seconds left.
|
|t:|1758291776
|move|p2a: Cinderace|Gunk Shot|p1a: Gholdengo
|-start|p2a: Cinderace|typechange|Poison|[from] ability: Libero
|-immune|p1a: Gholdengo
|move|p1a: Gholdengo|Shadow Ball|p2a: Cinderace
|-damage|p2a: Cinderace|0 fnt
|faint|p2a: Cinderace
|
|upkeep
|
|t:|1758291779
|switch|p2a: Darkrai|Darkrai|88/100
|-damage|p2a: Darkrai|76/100|[from] Stealth Rock
|turn|26
|
|t:|1758291784
|move|p2a: Darkrai|Dark Pulse|p1a: Gholdengo
|-supereffective|p1a: Gholdengo
|-damage|p1a: Gholdengo|0 fnt
|faint|p1a: Gholdengo
|
|upkeep
|
|t:|1758291787
|switch|p1a: Samurott|Samurott-Hisui, F|47/100
|turn|27
|-message|cloudout forfeited.
|
|win|imprisonpaulgeorge
|raw|imprisonpaulgeorge's rating: 1316 &rarr; <strong>1333</strong><br />(+17 for winning)
|raw|cloudout's rating: 1270 &rarr; <strong>1248</strong><br />(-22 for losing)
|l|☆cloudout
|player|p2|
|l|☆imprisonpaulgeorge
|player|p1|
