|j|☆god of joe
|j|☆WithVadehors
|t:|1758339076
|gametype|singles
|player|p1|god of joe|fisherman|1629
|player|p2|WithVadehors|elesa-masters2|1554
|gen|9
|tier|[Gen 9] OU
|rated|
|rule|HP Percentage Mod: HP is shown in percentages
|rule|Endless Battle Clause: Forcing endless battles is banned
|rule|Species Clause: Limit one of each Pokémon
|rule|OHKO Clause: OHKO moves are banned
|rule|Evasion Items Clause: Evasion items are banned
|rule|Evasion Moves Clause: Evasion moves are banned
|rule|Evasion Abilities Clause: Evasion abilities are banned
|rule|Sleep Moves Clause: Sleep-inducing moves are banned
|clearpoke
|poke|p1|Kingambit, M|
|poke|p1|Sinistcha|
|poke|p1|Iron Treads|
|poke|p1|Araquanid, F|
|poke|p1|Enamorus, F|
|poke|p1|Kleavor, M|
|poke|p2|Pelipper, F|
|poke|p2|Hydrapple, F|
|poke|p2|Iron Treads|
|poke|p2|Dragapult, F|
|poke|p2|Alomomola, L99, M|
|poke|p2|Iron Valiant|
|teampreview
|
|t:|1758339093
|teamsize|p1|6
|teamsize|p2|6
|start
|switch|p1a: Kleavor|Kleavor, M|100/100
|switch|p2a: Pel y pleut|Pelipper, F|100/100
|-weather|RainDance|[from] ability: Drizzle|[of] p2a: Pel y pleut
|turn|1
|
|t:|1758339102
|switch|p2a: Iron Treads|Iron Treads|100/100
|move|p1a: Kleavor|Stone Axe|p2a: Iron Treads|[miss]
|-miss|p1a: Kleavor|p2a: Iron Treads
|
|-weather|RainDance|[upkeep]
|upkeep
|turn|2
|
|t:|1758339118
|switch|p1a: Araquanid|Araquanid, F|100/100
|move|p2a: Iron Treads|Iron Head|p1a: Araquanid
|-resisted|p1a: Araquanid
|-damage|p1a: Araquanid|89/100
|
|-weather|RainDance|[upkeep]
|upkeep
|turn|3
|
|t:|1758339124
|move|p2a: Iron Treads|Volt Switch|p1a: Araquanid
|-supereffective|p1a: Araquanid
|-crit|p1a: Araquanid
|-damage|p1a: Araquanid|64/100
|
|t:|1758339126
|-end|p2a: Iron Treads|Quark Drive|[silent]
|switch|p2a: Pel y pleut|Pelipper, F|100/100|[from] Volt Switch
|move|p1a: Araquanid|Sticky Web|p2a: Pel y pleut
|-sidestart|p2: WithVadehors|move: Sticky Web
|
|-weather|RainDance|[upkeep]
|upkeep
|turn|4
|
|t:|1758339133
|switch|p1a: Iron Treads|Iron Treads|100/100
|-enditem|p1a: Iron Treads|Booster Energy
|-activate|p1a: Iron Treads|ability: Quark Drive|[fromitem]
|-start|p1a: Iron Treads|quarkdrivespe
|move|p2a: Pel y pleut|Hurricane|p1a: Iron Treads
|-resisted|p1a: Iron Treads
|-damage|p1a: Iron Treads|47/100
|
|-weather|RainDance|[upkeep]
|upkeep
|turn|5
|
|t:|1758339143
|move|p1a: Iron Treads|Knock Off|p2a: Pel y pleut
|-damage|p2a: Pel y pleut|69/100
|-enditem|p2a: Pel y pleut|Choice Specs|[from] move: Knock Off|[of] p1a: Iron Treads
|move|p2a: Pel y pleut|Hurricane|p1a: Iron Treads
|-resisted|p1a: Iron Treads
|-damage|p1a: Iron Treads|10/100
|
|-weather|none
|upkeep
|turn|6
|
|t:|1758339160
|move|p1a: Iron Treads|Steel Beam|p2a: Pel y pleut
|-resisted|p2a: Pel y pleut
|-damage|p2a: Pel y pleut|25/100
|-damage|p1a: Iron Treads|0 fnt|[from] steelbeam
|faint|p1a: Iron Treads
|-end|p1a: Iron Treads|Quark Drive|[silent]
|move|p2a: Pel y pleut|Roost|p2a: Pel y pleut
|-heal|p2a: Pel y pleut|75/100
|-singleturn|p2a: Pel y pleut|move: Roost
|
|upkeep
|
|t:|1758339191
|switch|p1a: Kleavor|Kleavor, M|100/100
|turn|7
|
|t:|1758339197
|switch|p2a: Alomomola|Alomomola, L99, M, shiny|100/100
|-activate|p2a: Alomomola|move: Sticky Web
|-unboost|p2a: Alomomola|spe|1
|move|p1a: Kleavor|Swords Dance|p1a: Kleavor
|-boost|p1a: Kleavor|atk|2
|
|upkeep
|turn|8
|
|t:|1758339204
|move|p1a: Kleavor|Stone Axe|p2a: Alomomola|[miss]
|-miss|p1a: Kleavor|p2a: Alomomola
|move|p2a: Alomomola|Flip Turn|p1a: Kleavor
|-supereffective|p1a: Kleavor
|-damage|p1a: Kleavor|59/100
|
|t:|1758339253
|switch|p2a: Iron Treads|Iron Treads|100/100|[from] Flip Turn
|-activate|p2a: Iron Treads|move: Sticky Web
|-unboost|p2a: Iron Treads|spe|1
|
|upkeep
|turn|9
|
|t:|1758339261
|-terastallize|p1a: Kleavor|Ground
|-terastallize|p2a: Iron Treads|Fairy
|move|p1a: Kleavor|Tera Blast|p2a: Iron Treads|[anim] Tera Blast Ground
|-damage|p2a: Iron Treads|0 fnt
|faint|p2a: Iron Treads
|-end|p2a: Iron Treads|Quark Drive|[silent]
|-damage|p1a: Kleavor|49/100|[from] item: Life Orb
|
|upkeep
|
|t:|1758339275
|switch|p2a: Alomomola|Alomomola, L99, M, shiny|100/100
|-activate|p2a: Alomomola|move: Sticky Web
|-unboost|p2a: Alomomola|spe|1
|turn|10
|-message|WithVadehors forfeited.
|
|win|god of joe
|raw|god of joe's rating: 1629 &rarr; <strong>1645</strong><br />(+16 for winning)
|raw|WithVadehors's rating: 1554 &rarr; <strong>1538</strong><br />(-16 for losing)
|l|☆WithVadehors
|player|p2|
