|j|☆adoadieu
|j|☆gryan4
|t:|1758306922
|gametype|singles
|player|p1|adoadieu|swimmerf|1299
|player|p2|gryan4|doctor|1294
|gen|9
|tier|[Gen 9] OU
|rated|
|rule|HP Percentage Mod: HP is shown in percentages
|rule|Endless Battle Clause: Forcing endless battles is banned
|rule|Species Clause: Limit one of each Pokémon
|rule|OHKO Clause: OHKO moves are banned
|rule|Evasion Items Clause: Evasion items are banned
|rule|Evasion Moves Clause: Evasion moves are banned
|rule|Evasion Abilities Clause: Evasion abilities are banned
|rule|Sleep Moves Clause: Sleep-inducing moves are banned
|clearpoke
|poke|p1|Gliscor, M|
|poke|p1|Blissey, F|
|poke|p1|Weezing-Galar, F|
|poke|p1|Toxapex, M|
|poke|p1|Dondozo, M|
|poke|p1|Talonflame, F|
|poke|p2|Cinderace, F|
|poke|p2|Mimikyu, M|
|poke|p2|Froslass, F|
|poke|p2|Ceruledge, F|
|poke|p2|Pecharunt|
|poke|p2|Dragapult, F|
|teampreview
|inactive|Battle timer is ON: inactive players will automatically lose when time's up. (requested by gryan4)
|inactive|adoadieu also wants the timer to be on.
|
|t:|1758306933
|teamsize|p1|6
|teamsize|p2|6
|start
|switch|p1a: Gliscor|Gliscor, M, shiny|100/100
|switch|p2a: Froslass|Froslass, F|100/100
|turn|1
|
|t:|1758306936
|move|p1a: Gliscor|Protect|p1a: Gliscor
|-singleturn|p1a: Gliscor|Protect
|move|p2a: Froslass|Spikes|p1a: Gliscor
|-sidestart|p1: adoadieu|Spikes
|
|-status|p1a: Gliscor|tox|[from] item: Toxic Orb
|upkeep
|turn|2
|
|t:|1758306941
|switch|p1a: Toxapex|Toxapex, M|100/100
|-damage|p1a: Toxapex|88/100|[from] Spikes
|move|p2a: Froslass|Ice Beam|p1a: Toxapex
|-resisted|p1a: Toxapex
|-damage|p1a: Toxapex|76/100
|
|-heal|p1a: Toxapex|83/100|[from] item: Leftovers
|upkeep
|turn|3
|
|t:|1758306946
|move|p2a: Froslass|Taunt|p1a: Toxapex
|-start|p1a: Toxapex|move: Taunt
|cant|p1a: Toxapex|move: Taunt|Toxic
|
|-heal|p1a: Toxapex|89/100|[from] item: Leftovers
|upkeep
|turn|4
|
|t:|1758306949
|switch|p1a: Talonflame|Talonflame, F|100/100
|move|p2a: Froslass|Thunder Wave|p1a: Talonflame
|-status|p1a: Talonflame|par
|
|upkeep
|turn|5
|
|t:|1758306954
|switch|p2a: Pecharunt|Pecharunt|100/100
|switch|p1a: Toxapex|Toxapex, M|100/100
|-damage|p1a: Toxapex|88/100|[from] Spikes
|
|-heal|p1a: Toxapex|94/100|[from] item: Leftovers
|upkeep
|turn|6
|
|t:|1758306958
|switch|p1a: Gliscor|Gliscor, M, shiny|100/100 tox
|move|p2a: Pecharunt|Hex|p1a: Gliscor
|-damage|p1a: Gliscor|53/100 tox
|
|-heal|p1a: Gliscor|65/100 tox|[from] ability: Poison Heal
|upkeep
|turn|7
|
|t:|1758306964
|move|p1a: Gliscor|Toxic|p2a: Pecharunt
|-immune|p2a: Pecharunt
|move|p2a: Pecharunt|Hex|p1a: Gliscor
|-damage|p1a: Gliscor|21/100 tox
|
|-heal|p1a: Gliscor|33/100 tox|[from] ability: Poison Heal
|upkeep
|turn|8
|-message|adoadieu forfeited.
|
|win|gryan4
|raw|adoadieu's rating: 1299 &rarr; <strong>1274</strong><br />(-25 for losing)
|raw|gryan4's rating: 1294 &rarr; <strong>1319</strong><br />(+25 for winning)
|l|☆adoadieu
|player|p1|
|l|☆gryan4
|player|p2|
