|j|☆ml vmgol
|j|☆TheswordofTerarria
|t:|1758313388
|gametype|singles
|player|p1|ml vmgol|policeman-gen4|1140
|player|p2|TheswordofTerarria|veteran|1141
|gen|9
|tier|[Gen 9] OU
|rated|
|rule|HP Percentage Mod: HP is shown in percentages
|rule|Endless Battle Clause: Forcing endless battles is banned
|rule|Species Clause: Limit one of each Pokémon
|rule|OHKO Clause: OHKO moves are banned
|rule|Evasion Items Clause: Evasion items are banned
|rule|Evasion Moves Clause: Evasion moves are banned
|rule|Evasion Abilities Clause: Evasion abilities are banned
|rule|Sleep Moves Clause: Sleep-inducing moves are banned
|clearpoke
|poke|p1|Cramorant, F|
|poke|p1|Excadrill, F|
|poke|p1|Raging Bolt|
|poke|p1|Heatran, F|
|poke|p1|Hydreigon, M|
|poke|p1|Primarina, F|
|poke|p2|Dragapult, M|
|poke|p2|Moltres|
|poke|p2|Samurott-Hisui, F|
|poke|p2|Magnezone|
|poke|p2|Garchomp, F|
|poke|p2|Braviary-Hisui, M|
|teampreview
|inactive|Battle timer is ON: inactive players will automatically lose when time's up. (requested by ml vmgol)
|
|t:|1758313398
|teamsize|p1|6
|teamsize|p2|6
|start
|switch|p1a: Cramorant|Cramorant, F|100/100
|switch|p2a: XM-09 Ares|Magnezone, shiny|100/100
|turn|1
|c|☆TheswordofTerarria|Hi GLHF
|
|t:|1758313409
|move|p1a: Cramorant|Surf|p2a: XM-09 Ares
|-formechange|p1a: Cramorant|Cramorant-Gulping|
|-damage|p2a: XM-09 Ares|59/100
|move|p2a: XM-09 Ares|Thunder Wave|p1a: Cramorant
|-status|p1a: Cramorant|par
|
|upkeep
|turn|2
|
|t:|1758313419
|move|p2a: XM-09 Ares|Discharge|p1a: Cramorant
|-supereffective|p1a: Cramorant
|-damage|p1a: Cramorant|0 fnt
|-damage|p2a: XM-09 Ares|34/100|[from] ability: Gulp Missile|[of] p1a: Cramorant
|-unboost|p2a: XM-09 Ares|def|1
|-formechange|p1a: Cramorant|Cramorant|
|faint|p1a: Cramorant
|
|upkeep
|
|t:|1758313429
|switch|p1a: Hydreigon|Hydreigon, M|100/100
|turn|3
|
|t:|1758313433
|switch|p2a: Murica|Braviary-Hisui, M, shiny|100/100
|move|p1a: Hydreigon|Dragon Dance|p1a: Hydreigon
|-boost|p1a: Hydreigon|atk|1
|-boost|p1a: Hydreigon|spe|1
|
|upkeep
|turn|4
|
|t:|1758313440
|move|p1a: Hydreigon|Lash Out|p2a: Murica
|-supereffective|p2a: Murica
|-damage|p2a: Murica|7/100
|move|p2a: Murica|Esper Wing|p1a: Hydreigon
|-immune|p1a: Hydreigon
|
|upkeep
|turn|5
|
|t:|1758313450
|switch|p2a: F-22 Raptor|Garchomp, F, shiny|100/100
|move|p1a: Hydreigon|Dragon Dance|p1a: Hydreigon
|-boost|p1a: Hydreigon|atk|1
|-boost|p1a: Hydreigon|spe|1
|
|upkeep
|turn|6
|
|t:|1758313462
|move|p1a: Hydreigon|Lash Out|p2a: F-22 Raptor
|-damage|p2a: F-22 Raptor|44/100
|-damage|p1a: Hydreigon|88/100|[from] ability: Rough Skin|[of] p2a: F-22 Raptor
|-damage|p1a: Hydreigon|72/100|[from] item: Rocky Helmet|[of] p2a: F-22 Raptor
|move|p2a: F-22 Raptor|Dragon Claw|p1a: Hydreigon
|-supereffective|p1a: Hydreigon
|-damage|p1a: Hydreigon|0 fnt
|faint|p1a: Hydreigon
|
|upkeep
|c|☆ml vmgol|hi
|c|☆TheswordofTerarria|Wassup
|
|t:|1758313478
|switch|p1a: Excadrill|Excadrill, F|100/100
|-ability|p1a: Excadrill|Mold Breaker
|-item|p1a: Excadrill|Air Balloon
|turn|7
|
|t:|1758313485
|move|p1a: Excadrill|Rapid Spin|p2a: F-22 Raptor
|-crit|p2a: F-22 Raptor
|-damage|p2a: F-22 Raptor|20/100
|-boost|p1a: Excadrill|spe|1
|-damage|p1a: Excadrill|88/100|[from] ability: Rough Skin|[of] p2a: F-22 Raptor
|-damage|p1a: Excadrill|71/100|[from] item: Rocky Helmet|[of] p2a: F-22 Raptor
|move|p2a: F-22 Raptor|Crunch|p1a: Excadrill
|-damage|p1a: Excadrill|33/100
|-enditem|p1a: Excadrill|Air Balloon
|
|upkeep
|turn|8
|
|t:|1758313496
|move|p1a: Excadrill|Earthquake|p2a: F-22 Raptor
|-damage|p2a: F-22 Raptor|0 fnt
|faint|p2a: F-22 Raptor
|
|upkeep
|
|t:|1758313502
|switch|p2a: Yharon|Moltres|100/100
|turn|9
|
|t:|1758313507
|move|p1a: Excadrill|Iron Head|p2a: Yharon
|-resisted|p2a: Yharon
|-damage|p2a: Yharon|79/100
|-status|p1a: Excadrill|brn|[from] ability: Flame Body|[of] p2a: Yharon
|cant|p2a: Yharon|flinch
|
|-damage|p1a: Excadrill|27/100 brn|[from] brn
|upkeep
|turn|10
|
|t:|1758313517
|move|p1a: Excadrill|Iron Head|p2a: Yharon
|-resisted|p2a: Yharon
|-damage|p2a: Yharon|68/100
|move|p2a: Yharon|Ancient Power|p1a: Excadrill
|-resisted|p1a: Excadrill
|-damage|p1a: Excadrill|22/100 brn
|
|-damage|p1a: Excadrill|16/100 brn|[from] brn
|upkeep
|turn|11
|
|t:|1758313525
|move|p1a: Excadrill|Iron Head|p2a: Yharon
|-resisted|p2a: Yharon
|-damage|p2a: Yharon|59/100
|move|p2a: Yharon|Acrobatics|p1a: Excadrill
|-resisted|p1a: Excadrill
|-damage|p1a: Excadrill|0 fnt
|faint|p1a: Excadrill
|
|upkeep
|
|t:|1758313535
|switch|p1a: Raging Bolt|Raging Bolt|100/100
|-enditem|p1a: Raging Bolt|Booster Energy
|-activate|p1a: Raging Bolt|ability: Protosynthesis|[fromitem]
|-start|p1a: Raging Bolt|protosynthesisspa
|turn|12
|
|t:|1758313553
|move|p1a: Raging Bolt|Discharge|p2a: Yharon
|-supereffective|p2a: Yharon
|-damage|p2a: Yharon|0 fnt
|faint|p2a: Yharon
|
|upkeep
|
|t:|1758313558
|switch|p2a: B-2 Bomber|Dragapult, M, shiny|100/100
|turn|13
|
|t:|1758313563
|move|p2a: B-2 Bomber|Dragon Pulse|p1a: Raging Bolt
|-supereffective|p1a: Raging Bolt
|-damage|p1a: Raging Bolt|50/100
|move|p1a: Raging Bolt|Dragon Pulse|p2a: B-2 Bomber
|-supereffective|p2a: B-2 Bomber
|-damage|p2a: B-2 Bomber|0 fnt
|faint|p2a: B-2 Bomber
|
|upkeep
|
|t:|1758313570
|switch|p2a: Murasama|Samurott-Hisui, F|100/100
|turn|14
|
|t:|1758313575
|-terastallize|p2a: Murasama|Electric
|move|p1a: Raging Bolt|Thunderclap|p2a: Murasama
|-resisted|p2a: Murasama
|-damage|p2a: Murasama|77/100
|move|p2a: Murasama|Brick Break|p1a: Raging Bolt
|-damage|p1a: Raging Bolt|32/100
|
|upkeep
|turn|15
|
|t:|1758313582
|move|p2a: Murasama|Razor Shell|p1a: Raging Bolt
|-resisted|p1a: Raging Bolt
|-damage|p1a: Raging Bolt|11/100
|-unboost|p1a: Raging Bolt|def|1
|move|p1a: Raging Bolt|Dragon Pulse|p2a: Murasama
|-damage|p2a: Murasama|16/100
|
|upkeep
|turn|16
|
|t:|1758313592
|move|p1a: Raging Bolt|Thunderclap|p2a: Murasama
|-resisted|p2a: Murasama
|-crit|p2a: Murasama
|-damage|p2a: Murasama|0 fnt
|faint|p2a: Murasama
|
|upkeep
|
|t:|1758313597
|switch|p2a: Murica|Braviary-Hisui, M, shiny|7/100
|turn|17
|
|t:|1758313600
|move|p1a: Raging Bolt|Thunderclap|p2a: Murica
|-supereffective|p2a: Murica
|-damage|p2a: Murica|0 fnt
|faint|p2a: Murica
|
|upkeep
|
|t:|1758313604
|switch|p2a: XM-09 Ares|Magnezone, shiny|34/100
|turn|18
|
|t:|1758313608
|move|p1a: Raging Bolt|Discharge|p2a: XM-09 Ares
|-resisted|p2a: XM-09 Ares
|-damage|p2a: XM-09 Ares|1/100
|move|p2a: XM-09 Ares|Flash Cannon|p1a: Raging Bolt
|-resisted|p1a: Raging Bolt
|-damage|p1a: Raging Bolt|0 fnt
|faint|p1a: Raging Bolt
|-end|p1a: Raging Bolt|Protosynthesis|[silent]
|
|upkeep
|
|t:|1758313616
|switch|p1a: Heatran|Heatran, F|100/100
|-item|p1a: Heatran|Air Balloon
|turn|19
|
|t:|1758313621
|move|p1a: Heatran|Earth Power|p2a: XM-09 Ares
|-supereffective|p2a: XM-09 Ares
|-damage|p2a: XM-09 Ares|0 fnt
|faint|p2a: XM-09 Ares
|
|win|ml vmgol
|raw|ml vmgol's rating: 1140 &rarr; <strong>1165</strong><br />(+25 for winning)
|raw|TheswordofTerarria's rating: 1141 &rarr; <strong>1116</strong><br />(-25 for losing)
|c|☆TheswordofTerarria|GG
|c|☆ml vmgol|gg
|l|☆ml vmgol
|player|p1|
|l|☆TheswordofTerarria
|player|p2|
