|j|☆Dragondeeznauts
|j|☆chimchomper
|t:|1758247487
|gametype|singles
|player|p1|Dragondeeznauts|169|1309
|player|p2|chimchomper|dawn|1358
|gen|9
|tier|[Gen 9] OU
|rated|
|rule|HP Percentage Mod: HP is shown in percentages
|rule|Endless Battle Clause: Forcing endless battles is banned
|rule|Species Clause: Limit one of each Pokémon
|rule|OHKO Clause: OHKO moves are banned
|rule|Evasion Items Clause: Evasion items are banned
|rule|Evasion Moves Clause: Evasion moves are banned
|rule|Evasion Abilities Clause: Evasion abilities are banned
|rule|Sleep Moves Clause: Sleep-inducing moves are banned
|clearpoke
|poke|p1|Tyranitar, F|
|poke|p1|Primeape, F|
|poke|p1|Araquanid, F|
|poke|p1|Hatterene, F|
|poke|p1|Gholdengo|
|poke|p1|Great Tusk|
|poke|p2|Corviknight, M|
|poke|p2|Incineroar, F|
|poke|p2|Clodsire, F|
|poke|p2|Raging Bolt|
|poke|p2|Iron Valiant|
|poke|p2|Ogerpon-Wellspring, F|
|teampreview
|inactive|Battle timer is ON: inactive players will automatically lose when time's up. (requested by Dragondeeznauts)
|inactive|chimchomper has 120 seconds left.
|
|t:|1758247538
|teamsize|p1|6
|teamsize|p2|6
|start
|switch|p1a: Araquanid|Araquanid, F|100/100
|switch|p2a: Raging Bolt|Raging Bolt|100/100
|turn|1
|
|t:|1758247548
|move|p2a: Raging Bolt|Thunderbolt|p1a: Araquanid
|-supereffective|p1a: Araquanid
|-damage|p1a: Araquanid|26/100
|move|p1a: Araquanid|Sticky Web|p2a: Raging Bolt
|-sidestart|p2: chimchomper|move: Sticky Web
|
|upkeep
|turn|2
|
|t:|1758247556
|switch|p1a: Tyranitar|Tyranitar, F|100/100
|-weather|Sandstorm|[from] ability: Sand Stream|[of] p1a: Tyranitar
|move|p2a: Raging Bolt|Thunderclap||[still]
|-fail|p2a: Raging Bolt
|
|-weather|Sandstorm|[upkeep]
|-damage|p2a: Raging Bolt|94/100|[from] Sandstorm
|-heal|p2a: Raging Bolt|100/100|[from] item: Leftovers
|upkeep
|turn|3
|
|t:|1758247567
|-end|p2a: Raging Bolt|Protosynthesis|[silent]
|switch|p2a: Ogerpon|Ogerpon-Wellspring, F|100/100
|-activate|p2a: Ogerpon|move: Sticky Web
|-unboost|p2a: Ogerpon|spe|1
|move|p1a: Tyranitar|Fire Punch|p2a: Ogerpon
|-damage|p2a: Ogerpon|68/100
|
|-weather|Sandstorm|[upkeep]
|-damage|p2a: Ogerpon|62/100|[from] Sandstorm
|upkeep
|turn|4
|
|t:|1758247580
|switch|p1a: Araquanid|Araquanid, F|26/100
|-terastallize|p2a: Ogerpon|Water
|detailschange|p2a: Ogerpon|Ogerpon-Wellspring-Tera, F, tera:Water
|-ability|p2a: Ogerpon|Embody Aspect (Wellspring)|boost
|-boost|p2a: Ogerpon|spd|1
|move|p2a: Ogerpon|Trailblaze|p1a: Araquanid
|-damage|p1a: Araquanid|0 fnt
|-boost|p2a: Ogerpon|spe|1
|faint|p1a: Araquanid
|
|-weather|Sandstorm|[upkeep]
|-damage|p2a: Ogerpon|56/100|[from] Sandstorm
|upkeep
|
|t:|1758247591
|switch|p1a: Gholdengo|Gholdengo|100/100
|turn|5
|
|t:|1758247601
|move|p1a: Gholdengo|Shadow Ball|p2a: Ogerpon
|-damage|p2a: Ogerpon|23/100
|move|p2a: Ogerpon|Knock Off|p1a: Gholdengo
|-supereffective|p1a: Gholdengo
|-damage|p1a: Gholdengo|13/100
|-enditem|p1a: Gholdengo|Choice Scarf|[from] move: Knock Off|[of] p2a: Ogerpon
|
|-weather|Sandstorm|[upkeep]
|-damage|p2a: Ogerpon|17/100|[from] Sandstorm
|upkeep
|turn|6
|
|t:|1758247605
|switch|p2a: Clodsire|Clodsire, F, shiny|100/100
|-activate|p2a: Clodsire|move: Sticky Web
|-unboost|p2a: Clodsire|spe|1
|move|p1a: Gholdengo|Shadow Ball|p2a: Clodsire
|-damage|p2a: Clodsire|77/100
|
|-weather|none
|upkeep
|turn|7
|
|t:|1758247618
|move|p1a: Gholdengo|Recover|p1a: Gholdengo
|-heal|p1a: Gholdengo|63/100
|move|p2a: Clodsire|Earth Power|p1a: Gholdengo
|-supereffective|p1a: Gholdengo
|-damage|p1a: Gholdengo|24/100
|
|upkeep
|turn|8
|
|t:|1758247623
|move|p1a: Gholdengo|Recover|p1a: Gholdengo
|-heal|p1a: Gholdengo|74/100
|move|p2a: Clodsire|Stealth Rock|p1a: Gholdengo
|-sidestart|p1: Dragondeeznauts|move: Stealth Rock
|
|upkeep
|turn|9
|
|t:|1758247629
|move|p1a: Gholdengo|Shadow Ball|p2a: Clodsire
|-damage|p2a: Clodsire|53/100
|-unboost|p2a: Clodsire|spd|1
|move|p2a: Clodsire|Earth Power|p1a: Gholdengo
|-supereffective|p1a: Gholdengo
|-damage|p1a: Gholdengo|36/100
|
|upkeep
|turn|10
|
|t:|1758247632
|move|p1a: Gholdengo|Shadow Ball|p2a: Clodsire
|-damage|p2a: Clodsire|21/100
|-enditem|p2a: Clodsire|Sitrus Berry|[eat]
|-heal|p2a: Clodsire|46/100|[from] item: Sitrus Berry
|move|p2a: Clodsire|Earth Power|p1a: Gholdengo
|-supereffective|p1a: Gholdengo
|-damage|p1a: Gholdengo|0 fnt
|faint|p1a: Gholdengo
|
|upkeep
|
|t:|1758247641
|switch|p1a: Great Tusk|Great Tusk|100/100
|-damage|p1a: Great Tusk|98/100|[from] Stealth Rock
|turn|11
|
|t:|1758247652
|switch|p2a: Incineroar|Incineroar, F|100/100
|-ability|p2a: Incineroar|Intimidate|boost
|-unboost|p1a: Great Tusk|atk|1
|-item|p2a: Incineroar|Air Balloon
|move|p1a: Great Tusk|Earthquake|p2a: Incineroar
|-immune|p2a: Incineroar
|
|upkeep
|turn|12
|
|t:|1758247660
|move|p2a: Incineroar|Fake Out|p1a: Great Tusk
|-damage|p1a: Great Tusk|88/100
|-damage|p2a: Incineroar|84/100|[from] item: Rocky Helmet|[of] p1a: Great Tusk
|cant|p1a: Great Tusk|flinch
|
|upkeep
|turn|13
|
|t:|1758247662
|switch|p2a: Corviknight|Corviknight, M|100/100
|move|p1a: Great Tusk|Rapid Spin|p2a: Corviknight
|-resisted|p2a: Corviknight
|-damage|p2a: Corviknight|97/100
|-boost|p1a: Great Tusk|spe|1
|-damage|p1a: Great Tusk|72/100|[from] item: Rocky Helmet|[of] p2a: Corviknight
|-sideend|p1: Dragondeeznauts|Stealth Rock|[from] move: Rapid Spin|[of] p1a: Great Tusk
|
|upkeep
|turn|14
|
|t:|1758247666
|-end|p1a: Great Tusk|Protosynthesis|[silent]
|switch|p1a: Tyranitar|Tyranitar, F|100/100
|-weather|Sandstorm|[from] ability: Sand Stream|[of] p1a: Tyranitar
|move|p2a: Corviknight|Defog|p1a: Tyranitar
|-unboost|p1a: Tyranitar|evasion|1
|-sideend|p2: chimchomper|Sticky Web|[from] move: Defog|[of] p2a: Corviknight
|
|-weather|Sandstorm|[upkeep]
|upkeep
|turn|15
|
|t:|1758247670
|move|p2a: Corviknight|U-turn|p1a: Tyranitar
|-supereffective|p1a: Tyranitar
|-damage|p1a: Tyranitar|76/100
|
|t:|1758247672
|switch|p2a: Incineroar|Incineroar, F|84/100|[from] U-turn
|-ability|p2a: Incineroar|Intimidate|boost
|-unboost|p1a: Tyranitar|atk|1
|-item|p2a: Incineroar|Air Balloon
|move|p1a: Tyranitar|Fire Punch|p2a: Incineroar
|-resisted|p2a: Incineroar
|-damage|p2a: Incineroar|77/100
|-enditem|p2a: Incineroar|Air Balloon
|
|-weather|Sandstorm|[upkeep]
|-damage|p2a: Incineroar|71/100|[from] Sandstorm
|-heal|p1a: Tyranitar|82/100|[from] item: Leftovers
|upkeep
|turn|16
|
|t:|1758247682
|move|p2a: Incineroar|Fake Out|p1a: Tyranitar
|-resisted|p1a: Tyranitar
|-damage|p1a: Tyranitar|76/100
|cant|p1a: Tyranitar|flinch
|
|-weather|Sandstorm|[upkeep]
|-damage|p2a: Incineroar|65/100|[from] Sandstorm
|-heal|p1a: Tyranitar|82/100|[from] item: Leftovers
|upkeep
|turn|17
|
|t:|1758247686
|move|p1a: Tyranitar|Stone Edge|p2a: Incineroar
|-supereffective|p2a: Incineroar
|-crit|p2a: Incineroar
|-damage|p2a: Incineroar|0 fnt
|faint|p2a: Incineroar
|
|-weather|Sandstorm|[upkeep]
|-heal|p1a: Tyranitar|89/100|[from] item: Leftovers
|upkeep
|
|t:|1758247690
|switch|p2a: Ogerpon|Ogerpon-Wellspring-Tera, F, tera:Water|17/100
|-ability|p2a: Ogerpon|Embody Aspect (Wellspring)|boost
|-boost|p2a: Ogerpon|spd|1
|turn|18
|
|t:|1758247695
|-terastallize|p1a: Tyranitar|Steel
|move|p2a: Ogerpon|Ivy Cudgel|p1a: Tyranitar|[anim] Ivy Cudgel Water
|-damage|p1a: Tyranitar|22/100
|move|p1a: Tyranitar|Knock Off|p2a: Ogerpon
|-damage|p2a: Ogerpon|0 fnt
|faint|p2a: Ogerpon
|detailschange|p2: Ogerpon|Ogerpon-Wellspring, F|[silent]
|
|-weather|none
|-heal|p1a: Tyranitar|28/100|[from] item: Leftovers
|upkeep
|
|t:|1758247705
|switch|p2a: Raging Bolt|Raging Bolt|100/100
|turn|19
|
|t:|1758247711
|move|p2a: Raging Bolt|Dragon Pulse|p1a: Tyranitar
|-resisted|p1a: Tyranitar
|-damage|p1a: Tyranitar|10/100
|move|p1a: Tyranitar|Stealth Rock|p2a: Raging Bolt
|-sidestart|p2: chimchomper|move: Stealth Rock
|
|-heal|p1a: Tyranitar|16/100|[from] item: Leftovers
|upkeep
|turn|20
|
|t:|1758247720
|switch|p1a: Hatterene|Hatterene, F|100/100
|move|p2a: Raging Bolt|Thunderbolt|p1a: Hatterene
|-damage|p1a: Hatterene|59/100
|
|-heal|p1a: Hatterene|65/100|[from] item: Leftovers
|upkeep
|turn|21
|
|t:|1758247726
|move|p2a: Raging Bolt|Calm Mind|p2a: Raging Bolt
|-boost|p2a: Raging Bolt|spa|1
|-boost|p2a: Raging Bolt|spd|1
|move|p1a: Hatterene|Draining Kiss|p2a: Raging Bolt
|-supereffective|p2a: Raging Bolt
|-damage|p2a: Raging Bolt|74/100
|-heal|p1a: Hatterene|94/100|[from] drain|[of] p2a: Raging Bolt
|
|-heal|p2a: Raging Bolt|80/100|[from] item: Leftovers
|-heal|p1a: Hatterene|99/100|[from] item: Leftovers
|upkeep
|turn|22
|
|t:|1758247730
|move|p2a: Raging Bolt|Calm Mind|p2a: Raging Bolt
|-boost|p2a: Raging Bolt|spa|1
|-boost|p2a: Raging Bolt|spd|1
|move|p1a: Hatterene|Mystical Fire|p2a: Raging Bolt
|-resisted|p2a: Raging Bolt
|-damage|p2a: Raging Bolt|75/100
|-unboost|p2a: Raging Bolt|spa|1
|
|-heal|p2a: Raging Bolt|81/100|[from] item: Leftovers
|-heal|p1a: Hatterene|100/100|[from] item: Leftovers
|upkeep
|turn|23
|
|t:|1758247733
|move|p2a: Raging Bolt|Calm Mind|p2a: Raging Bolt
|-boost|p2a: Raging Bolt|spa|1
|-boost|p2a: Raging Bolt|spd|1
|move|p1a: Hatterene|Mystical Fire|p2a: Raging Bolt
|-resisted|p2a: Raging Bolt
|-damage|p2a: Raging Bolt|77/100
|-unboost|p2a: Raging Bolt|spa|1
|
|-heal|p2a: Raging Bolt|83/100|[from] item: Leftovers
|upkeep
|turn|24
|
|t:|1758247738
|switch|p1a: Great Tusk|Great Tusk|72/100
|move|p2a: Raging Bolt|Calm Mind|p2a: Raging Bolt
|-boost|p2a: Raging Bolt|spa|1
|-boost|p2a: Raging Bolt|spd|1
|
|-heal|p2a: Raging Bolt|89/100|[from] item: Leftovers
|upkeep
|turn|25
|
|t:|1758247741
|-end|p2a: Raging Bolt|Protosynthesis|[silent]
|switch|p2a: Corviknight|Corviknight, M|97/100
|-damage|p2a: Corviknight|84/100|[from] Stealth Rock
|move|p1a: Great Tusk|Earthquake|p2a: Corviknight
|-immune|p2a: Corviknight
|
|upkeep
|turn|26
|
|t:|1758247746
|-end|p1a: Great Tusk|Protosynthesis|[silent]
|switch|p1a: Primeape|Primeape, F|100/100
|move|p2a: Corviknight|Defog|p1a: Primeape
|-unboost|p1a: Primeape|evasion|1
|-ability|p1a: Primeape|Defiant|boost
|-boost|p1a: Primeape|atk|2
|-sideend|p2: chimchomper|Stealth Rock|[from] move: Defog|[of] p2a: Corviknight
|
|upkeep
|turn|27
|
|t:|1758247755
|move|p1a: Primeape|Bulk Up|p1a: Primeape
|-boost|p1a: Primeape|atk|1
|-boost|p1a: Primeape|def|1
|move|p2a: Corviknight|Brave Bird|p1a: Primeape
|-supereffective|p1a: Primeape
|-damage|p1a: Primeape|55/100
|-damage|p2a: Corviknight|73/100|[from] Recoil
|
|upkeep
|turn|28
|
|t:|1758247763
|move|p1a: Primeape|Drain Punch|p2a: Corviknight
|-damage|p2a: Corviknight|36/100
|-heal|p1a: Primeape|80/100|[from] drain|[of] p2a: Corviknight
|-damage|p1a: Primeape|64/100|[from] item: Rocky Helmet|[of] p2a: Corviknight
|move|p2a: Corviknight|Brave Bird|p1a: Primeape
|-supereffective|p1a: Primeape
|-damage|p1a: Primeape|21/100
|-damage|p2a: Corviknight|25/100|[from] Recoil
|
|upkeep
|turn|29
|
|t:|1758247767
|move|p1a: Primeape|Drain Punch|p2a: Corviknight
|-damage|p2a: Corviknight|0 fnt
|-heal|p1a: Primeape|38/100|[from] drain|[of] p2a: Corviknight
|-damage|p1a: Primeape|22/100|[from] item: Rocky Helmet|[of] p2a: Corviknight
|faint|p2a: Corviknight
|
|upkeep
|
|t:|1758247770
|switch|p2a: Iron Valiant|Iron Valiant|100/100
|-enditem|p2a: Iron Valiant|Booster Energy
|-activate|p2a: Iron Valiant|ability: Quark Drive|[fromitem]
|-start|p2a: Iron Valiant|quarkdrivespe
|turn|30
|
|t:|1758247774
|move|p2a: Iron Valiant|Moonblast|p1a: Primeape
|-supereffective|p1a: Primeape
|-damage|p1a: Primeape|0 fnt
|faint|p1a: Primeape
|
|upkeep
|
|t:|1758247780
|switch|p1a: Hatterene|Hatterene, F|100/100
|turn|31
|
|t:|1758247791
|move|p2a: Iron Valiant|Moonblast|p1a: Hatterene
|-damage|p1a: Hatterene|64/100
|move|p1a: Hatterene|Nuzzle|p2a: Iron Valiant
|-damage|p2a: Iron Valiant|95/100
|-status|p2a: Iron Valiant|par
|
|-heal|p1a: Hatterene|70/100|[from] item: Leftovers
|upkeep
|turn|32
|
|t:|1758247795
|move|p2a: Iron Valiant|Destiny Bond|p2a: Iron Valiant
|-singlemove|p2a: Iron Valiant|Destiny Bond
|move|p1a: Hatterene|Mystical Fire|p2a: Iron Valiant
|-damage|p2a: Iron Valiant|53/100 par
|-unboost|p2a: Iron Valiant|spa|1
|
|-heal|p1a: Hatterene|76/100|[from] item: Leftovers
|upkeep
|turn|33
|
|t:|1758247800
|-end|p2a: Iron Valiant|Quark Drive|[silent]
|switch|p2a: Clodsire|Clodsire, F, shiny|46/100
|move|p1a: Hatterene|Mystical Fire|p2a: Clodsire
|-damage|p2a: Clodsire|33/100
|-unboost|p2a: Clodsire|spa|1
|
|-heal|p1a: Hatterene|82/100|[from] item: Leftovers
|upkeep
|turn|34
|
|t:|1758247808
|switch|p1a: Tyranitar|Tyranitar, F, tera:Steel|16/100
|-weather|Sandstorm|[from] ability: Sand Stream|[of] p1a: Tyranitar
|move|p2a: Clodsire|Recover|p2a: Clodsire
|-heal|p2a: Clodsire|83/100
|
|-weather|Sandstorm|[upkeep]
|-heal|p1a: Tyranitar|23/100|[from] item: Leftovers
|upkeep
|turn|35
|
|t:|1758247820
|move|p1a: Tyranitar|Stone Edge|p2a: Clodsire
|-resisted|p2a: Clodsire
|-damage|p2a: Clodsire|56/100
|move|p2a: Clodsire|Earth Power|p1a: Tyranitar
|-supereffective|p1a: Tyranitar
|-crit|p1a: Tyranitar
|-damage|p1a: Tyranitar|0 fnt
|faint|p1a: Tyranitar
|
|-weather|Sandstorm|[upkeep]
|upkeep
|
|t:|1758247824
|switch|p1a: Great Tusk|Great Tusk|72/100
|turn|36
|
|t:|1758247828
|move|p1a: Great Tusk|Earthquake|p2a: Clodsire
|-supereffective|p2a: Clodsire
|-damage|p2a: Clodsire|0 fnt
|faint|p2a: Clodsire
|
|-weather|Sandstorm|[upkeep]
|upkeep
|
|t:|1758247830
|switch|p2a: Raging Bolt|Raging Bolt|89/100
|turn|37
|
|t:|1758247832
|move|p1a: Great Tusk|Earthquake|p2a: Raging Bolt
|-supereffective|p2a: Raging Bolt
|-damage|p2a: Raging Bolt|12/100
|move|p2a: Raging Bolt|Dragon Pulse|p1a: Great Tusk
|-damage|p1a: Great Tusk|0 fnt
|faint|p1a: Great Tusk
|-end|p1a: Great Tusk|Protosynthesis|[silent]
|
|-weather|Sandstorm|[upkeep]
|-damage|p2a: Raging Bolt|6/100|[from] Sandstorm
|-heal|p2a: Raging Bolt|12/100|[from] item: Leftovers
|upkeep
|
|t:|1758247835
|switch|p1a: Hatterene|Hatterene, F|82/100
|turn|38
|
|t:|1758247837
|move|p2a: Raging Bolt|Thunderbolt|p1a: Hatterene
|-damage|p1a: Hatterene|36/100
|move|p1a: Hatterene|Draining Kiss|p2a: Raging Bolt
|-supereffective|p2a: Raging Bolt
|-damage|p2a: Raging Bolt|0 fnt
|-heal|p1a: Hatterene|49/100|[from] drain|[of] p2a: Raging Bolt
|faint|p2a: Raging Bolt
|-end|p2a: Raging Bolt|Protosynthesis|[silent]
|
|-weather|none
|-heal|p1a: Hatterene|55/100|[from] item: Leftovers
|upkeep
|
|t:|1758247840
|switch|p2a: Iron Valiant|Iron Valiant|53/100 par
|turn|39
|
|t:|1758247844
|move|p2a: Iron Valiant|Destiny Bond|p2a: Iron Valiant
|-singlemove|p2a: Iron Valiant|Destiny Bond
|move|p1a: Hatterene|Mystical Fire|p2a: Iron Valiant
|-damage|p2a: Iron Valiant|5/100 par
|-unboost|p2a: Iron Valiant|spa|1
|
|-heal|p1a: Hatterene|61/100|[from] item: Leftovers
|upkeep
|turn|40
|
|t:|1758247852
|cant|p2a: Iron Valiant|par
|move|p1a: Hatterene|Draining Kiss|p2a: Iron Valiant
|-supereffective|p2a: Iron Valiant
|-damage|p2a: Iron Valiant|0 fnt
|-heal|p1a: Hatterene|64/100|[from] drain|[of] p2a: Iron Valiant
|faint|p2a: Iron Valiant
|-end|p2a: Iron Valiant|Quark Drive|[silent]
|
|win|Dragondeeznauts
|raw|Dragondeeznauts's rating: 1309 &rarr; <strong>1332</strong><br />(+23 for winning)
|raw|chimchomper's rating: 1358 &rarr; <strong>1335</strong><br />(-23 for losing)
|l|☆chimchomper
|player|p2|
|c|☆Dragondeeznauts|Ah
|l|☆Dragondeeznauts
|player|p1|
