|j|☆Desert Tail
|j|☆occean sick jasper
|t:|1758347395
|gametype|singles
|player|p1|Desert Tail|169|1090
|player|p2|occean sick jasper|parasollady|1094
|gen|9
|tier|[Gen 9] OU
|rated|
|rule|HP Percentage Mod: HP is shown in percentages
|rule|Endless Battle Clause: Forcing endless battles is banned
|rule|Species Clause: Limit one of each Pokémon
|rule|OHKO Clause: OHKO moves are banned
|rule|Evasion Items Clause: Evasion items are banned
|rule|Evasion Moves Clause: Evasion moves are banned
|rule|Evasion Abilities Clause: Evasion abilities are banned
|rule|Sleep Moves Clause: Sleep-inducing moves are banned
|clearpoke
|poke|p1|Raichu, F|
|poke|p1|Ninetales-Alola, M|
|poke|p1|Gallade, M|
|poke|p1|Crabominable, M|
|poke|p1|Sandaconda, M|
|poke|p1|Polteageist|
|poke|p2|Samurott-Hisui, M|
|poke|p2|Feraligatr, M|
|poke|p2|Swampert, M|
|poke|p2|Primarina, F|
|poke|p2|Inteleon, M|
|poke|p2|Quaquaval, M|
|teampreview
|c|☆Desert Tail|wowie
|
|t:|1758347410
|teamsize|p1|6
|teamsize|p2|6
|start
|switch|p1a: Goro|Raichu, F, shiny|100/100
|switch|p2a: Swampert|Swampert, M|100/100
|turn|1
|
|t:|1758347429
|switch|p1a: MaleQueen|Ninetales-Alola, M, shiny|100/100
|-weather|Snowscape|[from] ability: Snow Warning|[of] p1a: MaleQueen
|move|p2a: Swampert|Earthquake|p1a: MaleQueen
|-damage|p1a: MaleQueen|48/100
|
|-weather|Snowscape|[upkeep]
|upkeep
|turn|2
|
|t:|1758347439
|move|p1a: MaleQueen|Aurora Veil|p1a: MaleQueen
|-sidestart|p1: Desert Tail|move: Aurora Veil
|move|p2a: Swampert|Poison Jab|p1a: MaleQueen
|-supereffective|p1a: MaleQueen
|-damage|p1a: MaleQueen|21/100
|
|-weather|Snowscape|[upkeep]
|upkeep
|turn|3
|
|t:|1758347447
|move|p1a: MaleQueen|Freeze-Dry|p2a: Swampert
|-supereffective|p2a: Swampert
|-damage|p2a: Swampert|40/100
|move|p2a: Swampert|Poison Jab|p1a: MaleQueen
|-supereffective|p1a: MaleQueen
|-damage|p1a: MaleQueen|0 fnt
|faint|p1a: MaleQueen
|
|-weather|Snowscape|[upkeep]
|upkeep
|
|t:|1758347451
|switch|p1a: Abombom|Crabominable, M, shiny|100/100
|turn|4
|
|t:|1758347463
|switch|p2a: Primarina|Primarina, F|100/100
|move|p1a: Abombom|Bulk Up|p1a: Abombom
|-boost|p1a: Abombom|atk|1
|-boost|p1a: Abombom|def|1
|
|-weather|Snowscape|[upkeep]
|upkeep
|turn|5
|
|t:|1758347474
|-terastallize|p1a: Abombom|Ghost
|move|p2a: Primarina|Calm Mind|p2a: Primarina
|-boost|p2a: Primarina|spa|1
|-boost|p2a: Primarina|spd|1
|move|p1a: Abombom|Bulk Up|p1a: Abombom
|-boost|p1a: Abombom|atk|1
|-boost|p1a: Abombom|def|1
|
|-weather|none
|upkeep
|turn|6
|
|t:|1758347500
|move|p2a: Primarina|Psychic Noise|p1a: Abombom
|-damage|p1a: Abombom|83/100
|-start|p1a: Abombom|move: Heal Block
|move|p1a: Abombom|Thunder Punch|p2a: Primarina
|-supereffective|p2a: Primarina
|-damage|p2a: Primarina|0 fnt
|faint|p2a: Primarina
|
|upkeep
|
|t:|1758347509
|switch|p2a: Inteleon|Inteleon, M, shiny|100/100
|turn|7
|
|t:|1758347517
|move|p2a: Inteleon|Air Slash|p1a: Abombom|[miss]
|-miss|p2a: Inteleon|p1a: Abombom
|move|p1a: Abombom|Thunder Punch|p2a: Inteleon
|-supereffective|p2a: Inteleon
|-damage|p2a: Inteleon|0 fnt
|faint|p2a: Inteleon
|
|-end|p1a: Abombom|move: Heal Block
|upkeep
|
|t:|1758347525
|switch|p2a: Sir Seasick|Samurott-Hisui, M|100/100
|turn|8
|
|t:|1758347529
|move|p2a: Sir Seasick|Ceaseless Edge|p1a: Abombom
|-supereffective|p1a: Abombom
|-damage|p1a: Abombom|60/100
|-sidestart|p1: Desert Tail|Spikes
|move|p1a: Abombom|Drain Punch|p2a: Sir Seasick
|-supereffective|p2a: Sir Seasick
|-damage|p2a: Sir Seasick|0 fnt
|-heal|p1a: Abombom|100/100|[from] drain|[of] p2a: Sir Seasick
|faint|p2a: Sir Seasick
|
|upkeep
|c|☆Desert Tail|yeowch
|
|t:|1758347547
|switch|p2a: Feraligatr|Feraligatr, M|100/100
|turn|9
|
|t:|1758347555
|-terastallize|p2a: Feraligatr|Dragon
|move|p2a: Feraligatr|Dragon Dance|p2a: Feraligatr
|-boost|p2a: Feraligatr|atk|1
|-boost|p2a: Feraligatr|spe|1
|move|p1a: Abombom|Thunder Punch|p2a: Feraligatr
|-resisted|p2a: Feraligatr
|-damage|p2a: Feraligatr|70/100
|
|-sideend|p1: Desert Tail|move: Aurora Veil
|upkeep
|turn|10
|
|t:|1758347565
|move|p2a: Feraligatr|Dragon Dance|p2a: Feraligatr
|-boost|p2a: Feraligatr|atk|1
|-boost|p2a: Feraligatr|spe|1
|move|p1a: Abombom|Ice Punch|p2a: Feraligatr
|-supereffective|p2a: Feraligatr
|-damage|p2a: Feraligatr|0 fnt
|faint|p2a: Feraligatr
|
|upkeep
|
|t:|1758347574
|switch|p2a: Swampert|Swampert, M|40/100
|turn|11
|
|t:|1758347580
|move|p2a: Swampert|Waterfall|p1a: Abombom
|-damage|p1a: Abombom|78/100
|move|p1a: Abombom|Drain Punch|p2a: Swampert
|-damage|p2a: Swampert|0 fnt
|-heal|p1a: Abombom|98/100|[from] drain|[of] p2a: Swampert
|faint|p2a: Swampert
|
|-heal|p1a: Abombom|100/100|[from] item: Leftovers
|upkeep
|
|t:|1758347589
|switch|p2a: Quaquaval|Quaquaval, M|100/100
|turn|12
|c|☆Desert Tail|gg
|
|t:|1758347599
|move|p2a: Quaquaval|Aqua Step|p1a: Abombom
|-damage|p1a: Abombom|79/100
|-boost|p2a: Quaquaval|spe|1
|move|p1a: Abombom|Thunder Punch|p2a: Quaquaval
|-supereffective|p2a: Quaquaval
|-damage|p2a: Quaquaval|0 fnt
|faint|p2a: Quaquaval
|
|win|Desert Tail
|raw|Desert Tail's rating: 1090 &rarr; <strong>1117</strong><br />(+27 for winning)
|raw|occean sick jasper's rating: 1094 &rarr; <strong>1070</strong><br />(-24 for losing)
|c|☆occean sick jasper|gg
|l|☆occean sick jasper
|player|p2|
|l|☆Desert Tail
|player|p1|
|j|☆Desert Tail
|player|p1|Desert Tail|169|
|l|☆Desert Tail
|player|p1|
