|j|☆toumingmanga
|j|☆Red123167
|t:|1758344605
|gametype|singles
|player|p1|toumingmanga|rosa|1289
|player|p2|Red123167|2|1322
|gen|9
|tier|[Gen 9] OU
|rated|
|rule|HP Percentage Mod: HP is shown in percentages
|rule|Endless Battle Clause: Forcing endless battles is banned
|rule|Species Clause: Limit one of each Pokémon
|rule|OHKO Clause: OHKO moves are banned
|rule|Evasion Items Clause: Evasion items are banned
|rule|Evasion Moves Clause: Evasion moves are banned
|rule|Evasion Abilities Clause: Evasion abilities are banned
|rule|Sleep Moves Clause: Sleep-inducing moves are banned
|clearpoke
|poke|p1|Samurott-Hisui, M|
|poke|p1|Cinccino, M|
|poke|p1|Ninetales-Alola, F|
|poke|p1|Thwackey, M|
|poke|p1|Skeledirge, F|
|poke|p1|Clodsire, F|
|poke|p2|Great Tusk|
|poke|p2|Slowking-Galar, F|
|poke|p2|Zapdos|
|poke|p2|Walking Wake|
|poke|p2|Garganacl, F|
|poke|p2|Kingambit, M|
|teampreview
|j| SleepyzTimez
|
|t:|1758344623
|teamsize|p1|6
|teamsize|p2|6
|start
|switch|p1a: Ninetales|Ninetales-Alola, F|100/100
|switch|p2a: Zapdos|Zapdos|100/100
|-weather|Snowscape|[from] ability: Snow Warning|[of] p1a: Ninetales
|turn|1
|inactive|Battle timer is ON: inactive players will automatically lose when time's up. (requested by Red123167)
|
|t:|1758344640
|switch|p2a: Kingambit|Kingambit, M|100/100
|move|p1a: Ninetales|Aurora Veil|p1a: Ninetales
|-sidestart|p1: toumingmanga|move: Aurora Veil
|
|-weather|Snowscape|[upkeep]
|upkeep
|turn|2
|
|t:|1758344651
|switch|p1a: Samurott|Samurott-Hisui, M|100/100
|move|p2a: Kingambit|Kowtow Cleave|p1a: Samurott
|-resisted|p1a: Samurott
|-damage|p1a: Samurott|79/100
|-damage|p2a: Kingambit|91/100|[from] item: Life Orb
|
|-weather|Snowscape|[upkeep]
|upkeep
|turn|3
|
|t:|1758344660
|move|p1a: Samurott|Sacred Sword|p2a: Kingambit
|-supereffective|p2a: Kingambit
|-damage|p2a: Kingambit|0 fnt
|faint|p2a: Kingambit
|-end|p2a: Kingambit|fallenundefined|[silent]
|
|-weather|Snowscape|[upkeep]
|upkeep
|
|t:|1758344664
|switch|p2a: Slowking|Slowking-Galar, F|100/100
|turn|4
|
|t:|1758344670
|move|p1a: Samurott|Ceaseless Edge|p2a: Slowking
|-supereffective|p2a: Slowking
|-damage|p2a: Slowking|15/100
|-sidestart|p2: Red123167|Spikes
|move|p2a: Slowking|Future Sight|p1a: Samurott
|-start|p2a: Slowking|move: Future Sight
|
|-weather|Snowscape|[upkeep]
|upkeep
|turn|5
|c|☆Red123167|Ah
|
|t:|1758344677
|switch|p2a: Great Tusk|Great Tusk|100/100
|-damage|p2a: Great Tusk|88/100|[from] Spikes
|move|p1a: Samurott|Ceaseless Edge|p2a: Great Tusk
|-resisted|p2a: Great Tusk
|-damage|p2a: Great Tusk|71/100
|-sidestart|p2: Red123167|Spikes
|
|-weather|none
|-heal|p2a: Great Tusk|77/100|[from] item: Leftovers
|upkeep
|turn|6
|
|t:|1758344691
|-terastallize|p1a: Samurott|Water
|move|p2a: Great Tusk|Headlong Rush|p1a: Samurott
|-damage|p1a: Samurott|41/100
|-unboost|p2a: Great Tusk|def|1
|-unboost|p2a: Great Tusk|spd|1
|move|p1a: Samurott|Razor Shell|p2a: Great Tusk
|-supereffective|p2a: Great Tusk
|-crit|p2a: Great Tusk
|-damage|p2a: Great Tusk|0 fnt
|faint|p2a: Great Tusk
|-end|p2a: Great Tusk|Protosynthesis|[silent]
|
|-end|p1a: Samurott|move: Future Sight
|-damage|p1a: Samurott|17/100
|upkeep
|
|t:|1758344697
|switch|p2a: Zapdos|Zapdos|100/100
|turn|7
|
|t:|1758344709
|switch|p1a: Ninetales|Ninetales-Alola, F|100/100
|-weather|Snowscape|[from] ability: Snow Warning|[of] p1a: Ninetales
|move|p2a: Zapdos|Discharge|p1a: Ninetales
|-damage|p1a: Ninetales|80/100
|
|-weather|Snowscape|[upkeep]
|upkeep
|turn|8
|-message|Red123167 forfeited.
|
|win|toumingmanga
|raw|toumingmanga's rating: 1289 &rarr; <strong>1316</strong><br />(+27 for winning)
|raw|Red123167's rating: 1322 &rarr; <strong>1300</strong><br />(-22 for losing)
|l|☆Red123167
|player|p2|
|l| SleepyzTimez
|l|☆toumingmanga
|player|p1|
|j|☆toumingmanga
|player|p1|toumingmanga|rosa|
