|j|‽mickeyumbra
|j|☆leitordeps2
|t:|1758328897
|gametype|singles
|player|p1|mickeyumbra|bruno|1170
|player|p2|leitordeps2|bugcatcher-gen4dp|1180
|gen|9
|tier|[Gen 9] OU
|rated|
|rule|HP Percentage Mod: HP is shown in percentages
|rule|Endless Battle Clause: Forcing endless battles is banned
|rule|Species Clause: Limit one of each Pokémon
|rule|OHKO Clause: OHKO moves are banned
|rule|Evasion Items Clause: Evasion items are banned
|rule|Evasion Moves Clause: Evasion moves are banned
|rule|Evasion Abilities Clause: Evasion abilities are banned
|rule|Sleep Moves Clause: Sleep-inducing moves are banned
|clearpoke
|poke|p1|Inteleon, M|
|poke|p1|Pelipper, F|
|poke|p1|Barraskewda, M|
|poke|p1|Basculegion-F, F|
|poke|p1|Quagsire, F|
|poke|p1|Scizor, F|
|poke|p2|Great Tusk|
|poke|p2|Dragonite, M|
|poke|p2|Deoxys-Speed|
|poke|p2|Skeledirge, M|
|poke|p2|Quaquaval, M|
|poke|p2|Rotom-Mow|
|teampreview
|inactive|Battle timer is ON: inactive players will automatically lose when time's up. (requested by mickeyumbra)
|
|t:|1758328918
|teamsize|p1|6
|teamsize|p2|6
|start
|switch|p1a: Pelipper|Pelipper, F, shiny|100/100
|switch|p2a: Dragonite|Dragonite, M|100/100
|-weather|RainDance|[from] ability: Drizzle|[of] p1a: Pelipper
|turn|1
|
|t:|1758328926
|move|p2a: Dragonite|Dragon Dance|p2a: Dragonite
|-boost|p2a: Dragonite|atk|1
|-boost|p2a: Dragonite|spe|1
|move|p1a: Pelipper|U-turn|p2a: Dragonite
|-resisted|p2a: Dragonite
|-damage|p2a: Dragonite|98/100
|
|t:|1758328934
|switch|p1a: Basculegion|Basculegion-F, F|100/100|[from] U-turn
|
|-weather|RainDance|[upkeep]
|upkeep
|turn|2
|
|t:|1758328943
|move|p1a: Basculegion|Ice Beam|p2a: Dragonite
|-supereffective|p2a: Dragonite
|-damage|p2a: Dragonite|0 fnt
|faint|p2a: Dragonite
|
|-weather|RainDance|[upkeep]
|upkeep
|
|t:|1758328956
|switch|p2a: Rotom|Rotom-Mow|100/100
|turn|3
|
|t:|1758328962
|move|p1a: Basculegion|Ice Beam|p2a: Rotom
|-supereffective|p2a: Rotom
|-damage|p2a: Rotom|34/100
|-status|p2a: Rotom|frz
|cant|p2a: Rotom|frz
|
|-weather|RainDance|[upkeep]
|upkeep
|turn|4
|
|t:|1758328970
|move|p1a: Basculegion|Ice Beam|p2a: Rotom
|-supereffective|p2a: Rotom
|-damage|p2a: Rotom|0 fnt
|faint|p2a: Rotom
|
|-weather|RainDance|[upkeep]
|upkeep
|
|t:|1758328978
|switch|p2a: Quaquaval|Quaquaval, M|100/100
|turn|5
|
|t:|1758328985
|switch|p1a: Quagsire|Quagsire, F|100/100
|-terastallize|p2a: Quaquaval|Steel
|move|p2a: Quaquaval|Aqua Step|p1a: Quagsire
|-damage|p1a: Quagsire|58/100
|-boost|p2a: Quaquaval|spe|1
|
|-weather|RainDance|[upkeep]
|-heal|p1a: Quagsire|64/100|[from] item: Leftovers
|upkeep
|turn|6
|
|t:|1758328999
|move|p2a: Quaquaval|Close Combat|p1a: Quagsire
|-damage|p1a: Quagsire|20/100
|-unboost|p2a: Quaquaval|def|1
|-unboost|p2a: Quaquaval|spd|1
|move|p1a: Quagsire|Toxic|p2a: Quaquaval
|-immune|p2a: Quaquaval
|
|-weather|RainDance|[upkeep]
|-heal|p1a: Quagsire|26/100|[from] item: Leftovers
|upkeep
|turn|7
|
|t:|1758329009
|move|p2a: Quaquaval|Close Combat|p1a: Quagsire
|-damage|p1a: Quagsire|0 fnt
|-unboost|p2a: Quaquaval|def|1
|-unboost|p2a: Quaquaval|spd|1
|faint|p1a: Quagsire
|-ability|p2a: Quaquaval|Moxie|boost
|-boost|p2a: Quaquaval|atk|1
|
|-weather|RainDance|[upkeep]
|upkeep
|
|t:|1758329014
|switch|p1a: Barraskewda|Barraskewda, M, shiny|100/100
|turn|8
|
|t:|1758329034
|move|p1a: Barraskewda|Liquidation|p2a: Quaquaval
|-damage|p2a: Quaquaval|0 fnt
|faint|p2a: Quaquaval
|
|-weather|none
|upkeep
|
|t:|1758329048
|switch|p2a: Skeledirge|Skeledirge, M, shiny|100/100
|turn|9
|
|t:|1758329056
|switch|p1a: Pelipper|Pelipper, F, shiny|100/100
|-weather|RainDance|[from] ability: Drizzle|[of] p1a: Pelipper
|move|p2a: Skeledirge|Shadow Ball|p1a: Pelipper
|-damage|p1a: Pelipper|50/100
|-unboost|p1a: Pelipper|spd|1
|
|-weather|RainDance|[upkeep]
|upkeep
|turn|10
|
|t:|1758329066
|move|p2a: Skeledirge|Shadow Ball|p1a: Pelipper
|-damage|p1a: Pelipper|0 fnt
|faint|p1a: Pelipper
|
|-weather|RainDance|[upkeep]
|upkeep
|
|t:|1758329068
|switch|p1a: Barraskewda|Barraskewda, M, shiny|100/100
|turn|11
|
|t:|1758329078
|-terastallize|p1a: Barraskewda|Water
|move|p1a: Barraskewda|Liquidation|p2a: Skeledirge
|-supereffective|p2a: Skeledirge
|-damage|p2a: Skeledirge|0 fnt
|faint|p2a: Skeledirge
|
|-weather|RainDance|[upkeep]
|upkeep
|
|t:|1758329089
|switch|p2a: Deoxys|Deoxys-Speed|100/100
|-ability|p2a: Deoxys|Pressure
|turn|12
|
|t:|1758329098
|move|p1a: Barraskewda|Liquidation|p2a: Deoxys
|-damage|p2a: Deoxys|0 fnt
|faint|p2a: Deoxys
|
|-weather|RainDance|[upkeep]
|upkeep
|
|t:|1758329104
|switch|p2a: Great Tusk|Great Tusk|100/100
|turn|13
|
|t:|1758329108
|move|p1a: Barraskewda|Liquidation|p2a: Great Tusk
|-supereffective|p2a: Great Tusk
|-damage|p2a: Great Tusk|0 fnt
|faint|p2a: Great Tusk
|-end|p2a: Great Tusk|Protosynthesis|[silent]
|
|win|mickeyumbra
|raw|mickeyumbra's rating: 1170 &rarr; <strong>1196</strong><br />(+26 for winning)
|raw|leitordeps2's rating: 1180 &rarr; <strong>1154</strong><br />(-26 for losing)
|l|☆leitordeps2
|player|p2|
|l|‽mickeyumbra
|player|p1|
