|j|☆MrCooke510
|j|☆Douglas_Evora
|t:|1758256904
|gametype|singles
|player|p1|MrCooke510|1|1252
|player|p2|Douglas_Evora|benga|1273
|gen|9
|tier|[Gen 9] OU
|rated|
|rule|HP Percentage Mod: HP is shown in percentages
|rule|Endless Battle Clause: Forcing endless battles is banned
|rule|Species Clause: Limit one of each Pokémon
|rule|OHKO Clause: OHKO moves are banned
|rule|Evasion Items Clause: Evasion items are banned
|rule|Evasion Moves Clause: Evasion moves are banned
|rule|Evasion Abilities Clause: Evasion abilities are banned
|rule|Sleep Moves Clause: Sleep-inducing moves are banned
|clearpoke
|poke|p1|Quaquaval, M|
|poke|p1|Corviknight, F|
|poke|p1|Samurott-Hisui, F|
|poke|p1|Cinderace, M|
|poke|p1|Gliscor, F|
|poke|p1|Raikou|
|poke|p2|Jolteon, M|
|poke|p2|Slowking-Galar, M|
|poke|p2|Great Tusk|
|poke|p2|Moltres|
|poke|p2|Kingambit, F|
|poke|p2|Hydrapple, M|
|teampreview
|inactive|Battle timer is ON: inactive players will automatically lose when time's up. (requested by MrCooke510)
|
|t:|1758256916
|teamsize|p1|6
|teamsize|p2|6
|start
|switch|p1a: Gliscor|Gliscor, F|100/100
|switch|p2a: Hydrapple|Hydrapple, M|100/100
|turn|1
|
|t:|1758256928
|move|p1a: Gliscor|Swords Dance|p1a: Gliscor
|-boost|p1a: Gliscor|atk|2
|move|p2a: Hydrapple|Nasty Plot|p2a: Hydrapple
|-boost|p2a: Hydrapple|spa|2
|
|-status|p1a: Gliscor|tox|[from] item: Toxic Orb
|upkeep
|turn|2
|
|t:|1758256935
|move|p1a: Gliscor|Dual Wingbeat|p2a: Hydrapple
|-supereffective|p2a: Hydrapple
|-damage|p2a: Hydrapple|64/100
|-supereffective|p2a: Hydrapple
|-damage|p2a: Hydrapple|24/100
|-hitcount|p2a: Hydrapple|2
|move|p2a: Hydrapple|Fickle Beam|p1a: Gliscor
|-damage|p1a: Gliscor|39/100 tox
|
|-heal|p1a: Gliscor|51/100 tox|[from] ability: Poison Heal
|upkeep
|turn|3
|
|t:|1758256958
|switch|p2a: Great Tusk|Great Tusk|100/100
|move|p1a: Gliscor|Dual Wingbeat|p2a: Great Tusk|[miss]
|-miss|p1a: Gliscor|p2a: Great Tusk
|
|-heal|p1a: Gliscor|63/100 tox|[from] ability: Poison Heal
|upkeep
|turn|4
|
|t:|1758256967
|move|p1a: Gliscor|Dual Wingbeat|p2a: Great Tusk
|-supereffective|p2a: Great Tusk
|-damage|p2a: Great Tusk|66/100
|-damage|p1a: Gliscor|47/100 tox|[from] item: Rocky Helmet|[of] p2a: Great Tusk
|-supereffective|p2a: Great Tusk
|-damage|p2a: Great Tusk|36/100
|-damage|p1a: Gliscor|30/100 tox|[from] item: Rocky Helmet|[of] p2a: Great Tusk
|-hitcount|p2a: Great Tusk|2
|move|p2a: Great Tusk|Ice Spinner|p1a: Gliscor
|-supereffective|p1a: Gliscor
|-damage|p1a: Gliscor|0 fnt
|faint|p1a: Gliscor
|
|upkeep
|
|t:|1758256979
|switch|p1a: Quaquaval|Quaquaval, M|100/100
|turn|5
|
|t:|1758256992
|-end|p2a: Great Tusk|Protosynthesis|[silent]
|switch|p2a: Hydrapple|Hydrapple, M|57/100
|move|p1a: Quaquaval|Aqua Step|p2a: Hydrapple
|-resisted|p2a: Hydrapple
|-damage|p2a: Hydrapple|50/100
|-boost|p1a: Quaquaval|spe|1
|-damage|p1a: Quaquaval|91/100|[from] item: Life Orb
|
|upkeep
|turn|6
|
|t:|1758257001
|move|p1a: Quaquaval|Brave Bird|p2a: Hydrapple
|-supereffective|p2a: Hydrapple
|-crit|p2a: Hydrapple
|-damage|p2a: Hydrapple|0 fnt
|faint|p2a: Hydrapple
|-ability|p1a: Quaquaval|Moxie|boost
|-boost|p1a: Quaquaval|atk|1
|-damage|p1a: Quaquaval|69/100|[from] Recoil
|-damage|p1a: Quaquaval|59/100|[from] item: Life Orb
|
|upkeep
|
|t:|1758257012
|switch|p2a: Jolteon|Jolteon, M|100/100
|turn|7
|
|t:|1758257017
|move|p1a: Quaquaval|Close Combat|p2a: Jolteon
|-damage|p2a: Jolteon|0 fnt
|-unboost|p1a: Quaquaval|def|1
|-unboost|p1a: Quaquaval|spd|1
|faint|p2a: Jolteon
|-ability|p1a: Quaquaval|Moxie|boost
|-boost|p1a: Quaquaval|atk|1
|-damage|p1a: Quaquaval|49/100|[from] item: Life Orb
|
|upkeep
|-message|Douglas_Evora forfeited.
|
|win|MrCooke510
|raw|MrCooke510's rating: 1252 &rarr; <strong>1279</strong><br />(+27 for winning)
|raw|Douglas_Evora's rating: 1273 &rarr; <strong>1246</strong><br />(-27 for losing)
|l|☆Douglas_Evora
|player|p2|
|l|☆MrCooke510
|player|p1|
