|j|☆knock the pex
|j|☆SamiFawad
|t:|1758367016
|gametype|singles
|player|p1|knock the pex|swimmer|1664
|player|p2|SamiFawad|169|1635
|gen|9
|tier|[Gen 9] OU
|rated|
|rule|HP Percentage Mod: HP is shown in percentages
|rule|Endless Battle Clause: Forcing endless battles is banned
|rule|Species Clause: Limit one of each Pokémon
|rule|OHKO Clause: OHKO moves are banned
|rule|Evasion Items Clause: Evasion items are banned
|rule|Evasion Moves Clause: Evasion moves are banned
|rule|Evasion Abilities Clause: Evasion abilities are banned
|rule|Sleep Moves Clause: Sleep-inducing moves are banned
|clearpoke
|poke|p1|Gholdengo|
|poke|p1|Zamazenta-*|
|poke|p1|Ting-Lu|
|poke|p1|Clefable, F|
|poke|p1|Dragonite, M|
|poke|p1|Deoxys-Speed|
|poke|p2|Slowking-Galar, M|
|poke|p2|Samurott-Hisui, F|
|poke|p2|Magnezone|
|poke|p2|Pecharunt|
|poke|p2|Ogerpon-Cornerstone, F|
|poke|p2|Great Tusk|
|teampreview
|
|t:|1758367032
|teamsize|p1|6
|teamsize|p2|6
|start
|switch|p1a: Moonrock 350|Clefable, F|100/100
|switch|p2a: Samurott|Samurott-Hisui, F|100/100
|turn|1
|
|t:|1758367036
|switch|p2a: Pecharunt|Pecharunt|100/100
|move|p1a: Moonrock 350|Moonblast|p2a: Pecharunt
|-resisted|p2a: Pecharunt
|-damage|p2a: Pecharunt|84/100
|
|upkeep
|turn|2
|
|t:|1758367039
|switch|p1a: Djengo Unrained|Gholdengo|100/100
|move|p2a: Pecharunt|Malignant Chain|p1a: Djengo Unrained
|-immune|p1a: Djengo Unrained
|
|upkeep
|turn|3
|
|t:|1758367044
|switch|p2a: Samurott|Samurott-Hisui, F|100/100
|switch|p1a: Moonrock 350|Clefable, F|100/100
|
|upkeep
|turn|4
|
|t:|1758367049
|switch|p2a: Pecharunt|Pecharunt|84/100
|move|p1a: Moonrock 350|Stealth Rock|p2a: Pecharunt
|-sidestart|p2: SamiFawad|move: Stealth Rock
|
|upkeep
|turn|5
|
|t:|1758367052
|switch|p1a: Djengo Unrained|Gholdengo|100/100
|move|p2a: Pecharunt|Malignant Chain|p1a: Djengo Unrained
|-immune|p1a: Djengo Unrained
|
|upkeep
|turn|6
|
|t:|1758367057
|switch|p2a: Samurott|Samurott-Hisui, F|100/100
|-damage|p2a: Samurott|88/100|[from] Stealth Rock
|move|p1a: Djengo Unrained|Make It Rain|p2a: Samurott
|-resisted|p2a: Samurott
|-damage|p2a: Samurott|62/100
|-unboost|p1a: Djengo Unrained|spa|1
|
|upkeep
|turn|7
|
|t:|1758367061
|switch|p1a: Moonrock 350|Clefable, F|100/100
|move|p2a: Samurott|Ceaseless Edge|p1a: Moonrock 350
|-resisted|p1a: Moonrock 350
|-damage|p1a: Moonrock 350|82/100
|-damage|p2a: Samurott|46/100|[from] item: Rocky Helmet|[of] p1a: Moonrock 350
|-sidestart|p1: knock the pex|Spikes
|
|upkeep
|turn|8
|
|t:|1758367069
|switch|p2a: Pecharunt|Pecharunt|84/100
|-damage|p2a: Pecharunt|72/100|[from] Stealth Rock
|move|p1a: Moonrock 350|Knock Off|p2a: Pecharunt
|-supereffective|p2a: Pecharunt
|-damage|p2a: Pecharunt|55/100
|-enditem|p2a: Pecharunt|Rocky Helmet|[from] move: Knock Off|[of] p1a: Moonrock 350
|
|upkeep
|turn|9
|
|t:|1758367076
|switch|p1a: Up Bowl On Em|Ting-Lu|100/100
|-damage|p1a: Up Bowl On Em|88/100|[from] Spikes
|-ability|p1a: Up Bowl On Em|Vessel of Ruin
|move|p2a: Pecharunt|Recover|p2a: Pecharunt
|-heal|p2a: Pecharunt|100/100
|
|-heal|p1a: Up Bowl On Em|94/100|[from] item: Leftovers
|upkeep
|turn|10
|
|t:|1758367078
|move|p2a: Pecharunt|Malignant Chain|p1a: Up Bowl On Em
|-resisted|p1a: Up Bowl On Em
|-damage|p1a: Up Bowl On Em|85/100
|move|p1a: Up Bowl On Em|Spikes|p2a: Pecharunt
|-sidestart|p2: SamiFawad|Spikes
|
|-heal|p1a: Up Bowl On Em|91/100|[from] item: Leftovers
|upkeep
|turn|11
|
|t:|1758367084
|switch|p1a: Djengo Unrained|Gholdengo|100/100
|move|p2a: Pecharunt|Malignant Chain|p1a: Djengo Unrained
|-immune|p1a: Djengo Unrained
|
|upkeep
|turn|12
|
|t:|1758367092
|switch|p2a: Magnezone|Magnezone|100/100
|-damage|p2a: Magnezone|94/100|[from] Stealth Rock
|-damage|p2a: Magnezone|82/100|[from] Spikes
|move|p1a: Djengo Unrained|Make It Rain|p2a: Magnezone
|-resisted|p2a: Magnezone
|-damage|p2a: Magnezone|65/100
|-unboost|p1a: Djengo Unrained|spa|1
|
|upkeep
|turn|13
|
|t:|1758367104
|switch|p1a: Up Bowl On Em|Ting-Lu|91/100
|-damage|p1a: Up Bowl On Em|79/100|[from] Spikes
|-ability|p1a: Up Bowl On Em|Vessel of Ruin
|move|p2a: Magnezone|Volt Switch|p1a: Up Bowl On Em
|-immune|p1a: Up Bowl On Em
|
|-heal|p1a: Up Bowl On Em|85/100|[from] item: Leftovers
|upkeep
|turn|14
|
|t:|1758367111
|switch|p2a: Great Tusk|Great Tusk|100/100
|-damage|p2a: Great Tusk|98/100|[from] Stealth Rock
|-damage|p2a: Great Tusk|85/100|[from] Spikes
|move|p1a: Up Bowl On Em|Earthquake|p2a: Great Tusk
|-damage|p2a: Great Tusk|68/100
|
|-heal|p1a: Up Bowl On Em|91/100|[from] item: Leftovers
|upkeep
|turn|15
|
|t:|1758367115
|move|p2a: Great Tusk|Knock Off|p1a: Up Bowl On Em
|-resisted|p1a: Up Bowl On Em
|-damage|p1a: Up Bowl On Em|83/100
|-enditem|p1a: Up Bowl On Em|Leftovers|[from] move: Knock Off|[of] p2a: Great Tusk
|move|p1a: Up Bowl On Em|Ruination|p2a: Great Tusk
|-damage|p2a: Great Tusk|35/100
|
|upkeep
|turn|16
|
|t:|1758367122
|switch|p1a: Djengo Unrained|Gholdengo|100/100
|move|p2a: Great Tusk|Rapid Spin|p1a: Djengo Unrained
|-immune|p1a: Djengo Unrained
|
|upkeep
|turn|17
|
|t:|1758367129
|-end|p2a: Great Tusk|Protosynthesis|[silent]
|switch|p2a: Slowking|Slowking-Galar, M|100/100
|-damage|p2a: Slowking|88/100|[from] Stealth Rock
|-damage|p2a: Slowking|76/100|[from] Spikes
|move|p1a: Djengo Unrained|Shadow Ball|p2a: Slowking
|-supereffective|p2a: Slowking
|-damage|p2a: Slowking|38/100
|
|upkeep
|turn|18
|
|t:|1758367142
|move|p1a: Djengo Unrained|Shadow Ball|p2a: Slowking
|-supereffective|p2a: Slowking
|-damage|p2a: Slowking|3/100
|move|p2a: Slowking|Flamethrower|p1a: Djengo Unrained
|-supereffective|p1a: Djengo Unrained
|-damage|p1a: Djengo Unrained|44/100
|
|upkeep
|turn|19
|
|t:|1758367146
|move|p1a: Djengo Unrained|Shadow Ball|p2a: Slowking
|-supereffective|p2a: Slowking
|-damage|p2a: Slowking|0 fnt
|faint|p2a: Slowking
|
|upkeep
|
|t:|1758367153
|switch|p2a: Samurott|Samurott-Hisui, F|46/100
|-damage|p2a: Samurott|33/100|[from] Stealth Rock
|-damage|p2a: Samurott|21/100|[from] Spikes
|turn|20
|
|t:|1758367156
|switch|p1a: Moonrock 350|Clefable, F|82/100
|move|p2a: Samurott|Sucker Punch||[still]
|-fail|p2a: Samurott
|
|upkeep
|turn|21
|
|t:|1758367158
|move|p2a: Samurott|Ceaseless Edge|p1a: Moonrock 350
|-resisted|p1a: Moonrock 350
|-damage|p1a: Moonrock 350|62/100
|-damage|p2a: Samurott|4/100|[from] item: Rocky Helmet|[of] p1a: Moonrock 350
|-sidestart|p1: knock the pex|Spikes
|move|p1a: Moonrock 350|Moonblast|p2a: Samurott
|-supereffective|p2a: Samurott
|-damage|p2a: Samurott|0 fnt
|faint|p2a: Samurott
|
|upkeep
|
|t:|1758367167
|switch|p2a: Pecharunt|Pecharunt|100/100
|-damage|p2a: Pecharunt|88/100|[from] Stealth Rock
|-damage|p2a: Pecharunt|76/100|[from] Spikes
|turn|22
|
|t:|1758367174
|move|p2a: Pecharunt|Malignant Chain|p1a: Moonrock 350
|-supereffective|p1a: Moonrock 350
|-damage|p1a: Moonrock 350|0 fnt
|faint|p1a: Moonrock 350
|
|upkeep
|
|t:|1758367176
|switch|p1a: Djengo Unrained|Gholdengo|44/100
|turn|23
|
|t:|1758367184
|switch|p2a: Magnezone|Magnezone|65/100
|-damage|p2a: Magnezone|59/100|[from] Stealth Rock
|-damage|p2a: Magnezone|47/100|[from] Spikes
|move|p1a: Djengo Unrained|Shadow Ball|p2a: Magnezone
|-damage|p2a: Magnezone|4/100
|
|upkeep
|turn|24
|
|t:|1758367193
|switch|p1a: Up Bowl On Em|Ting-Lu|83/100
|-damage|p1a: Up Bowl On Em|67/100|[from] Spikes
|-ability|p1a: Up Bowl On Em|Vessel of Ruin
|move|p2a: Magnezone|Flash Cannon|p1a: Up Bowl On Em
|-damage|p1a: Up Bowl On Em|50/100
|
|upkeep
|turn|25
|
|t:|1758367197
|move|p2a: Magnezone|Flash Cannon|p1a: Up Bowl On Em
|-damage|p1a: Up Bowl On Em|31/100
|move|p1a: Up Bowl On Em|Spikes|p2a: Magnezone
|-sidestart|p2: SamiFawad|Spikes
|
|upkeep
|turn|26
|
|t:|1758367200
|move|p2a: Magnezone|Flash Cannon|p1a: Up Bowl On Em
|-damage|p1a: Up Bowl On Em|14/100
|-unboost|p1a: Up Bowl On Em|spd|1
|move|p1a: Up Bowl On Em|Spikes|p2a: Magnezone
|-sidestart|p2: SamiFawad|Spikes
|
|upkeep
|turn|27
|
|t:|1758367202
|move|p2a: Magnezone|Flash Cannon|p1a: Up Bowl On Em
|-damage|p1a: Up Bowl On Em|0 fnt
|faint|p1a: Up Bowl On Em
|
|upkeep
|
|t:|1758367204
|switch|p1a: Dude Nasty Asf|Deoxys-Speed|100/100
|-ability|p1a: Dude Nasty Asf|Pressure
|turn|28
|
|t:|1758367211
|move|p1a: Dude Nasty Asf|Thunderbolt|p2a: Magnezone
|-resisted|p2a: Magnezone
|-damage|p2a: Magnezone|0 fnt
|faint|p2a: Magnezone
|
|upkeep
|
|t:|1758367214
|switch|p2a: Pecharunt|Pecharunt|76/100
|-damage|p2a: Pecharunt|63/100|[from] Stealth Rock
|-damage|p2a: Pecharunt|38/100|[from] Spikes
|turn|29
|j| idjsyfudsjh
|
|t:|1758367227
|-terastallize|p1a: Dude Nasty Asf|Electric
|-terastallize|p2a: Pecharunt|Normal
|move|p1a: Dude Nasty Asf|Thunderbolt|p2a: Pecharunt
|-damage|p2a: Pecharunt|0 fnt
|faint|p2a: Pecharunt
|
|upkeep
|
|t:|1758367231
|switch|p2a: Great Tusk|Great Tusk|35/100
|-damage|p2a: Great Tusk|32/100|[from] Stealth Rock
|-damage|p2a: Great Tusk|7/100|[from] Spikes
|turn|30
|
|t:|1758367235
|move|p1a: Dude Nasty Asf|Ice Beam|p2a: Great Tusk
|-supereffective|p2a: Great Tusk
|-damage|p2a: Great Tusk|0 fnt
|faint|p2a: Great Tusk
|-end|p2a: Great Tusk|Protosynthesis|[silent]
|
|upkeep
|-message|SamiFawad forfeited.
|
|win|knock the pex
|raw|knock the pex's rating: 1664 &rarr; <strong>1682</strong><br />(+18 for winning)
|raw|SamiFawad's rating: 1635 &rarr; <strong>1617</strong><br />(-18 for losing)
|l|☆SamiFawad
|player|p2|
|l| idjsyfudsjh
|l|☆knock the pex
|player|p1|
