|j|☆xa2n
|j|☆hawker_mk5
|t:|1758367800
|gametype|singles
|player|p1|xa2n|will|1548
|player|p2|hawker_mk5|volkner|1554
|gen|9
|tier|[Gen 9] OU
|rated|
|rule|HP Percentage Mod: HP is shown in percentages
|rule|Endless Battle Clause: Forcing endless battles is banned
|rule|Species Clause: Limit one of each Pokémon
|rule|OHKO Clause: OHKO moves are banned
|rule|Evasion Items Clause: Evasion items are banned
|rule|Evasion Moves Clause: Evasion moves are banned
|rule|Evasion Abilities Clause: Evasion abilities are banned
|rule|Sleep Moves Clause: Sleep-inducing moves are banned
|clearpoke
|poke|p1|Samurott-Hisui, F|
|poke|p1|Kyurem|
|poke|p1|Gholdengo|
|poke|p1|Zamazenta-*|
|poke|p1|Kingambit, F|
|poke|p1|Ting-Lu|
|poke|p2|Scizor, M|
|poke|p2|Great Tusk|
|poke|p2|Primarina, M|
|poke|p2|Kyurem|
|poke|p2|Zapdos|
|poke|p2|Gengar, F|
|teampreview
|inactive|Battle timer is ON: inactive players will automatically lose when time's up. (requested by hawker_mk5)
|inactive|hawker_mk5 has 120 seconds left.
|
|t:|1758367838
|teamsize|p1|6
|teamsize|p2|6
|start
|switch|p1a: Gholdengo|Gholdengo|100/100
|switch|p2a: Scizor|Scizor, M|100/100
|turn|1
|
|t:|1758367844
|move|p1a: Gholdengo|Shadow Ball|p2a: Scizor
|-damage|p2a: Scizor|50/100
|-unboost|p2a: Scizor|spd|1
|move|p2a: Scizor|Knock Off|p1a: Gholdengo
|-supereffective|p1a: Gholdengo
|-damage|p1a: Gholdengo|0 fnt
|-enditem|p1a: Gholdengo|Choice Scarf|[from] move: Knock Off|[of] p2a: Scizor
|faint|p1a: Gholdengo
|
|upkeep
|
|t:|1758367856
|switch|p1a: Zamazenta|Zamazenta|100/100
|-ability|p1a: Zamazenta|Dauntless Shield|boost
|-boost|p1a: Zamazenta|def|1
|turn|2
|
|t:|1758367869
|switch|p2a: Zapdos|Zapdos|100/100
|move|p1a: Zamazenta|Crunch|p2a: Zapdos
|-damage|p2a: Zapdos|72/100
|-status|p1a: Zamazenta|par|[from] ability: Static|[of] p2a: Zapdos
|
|upkeep
|turn|3
|
|t:|1758367875
|move|p2a: Zapdos|Hurricane|p1a: Zamazenta
|-supereffective|p1a: Zamazenta
|-damage|p1a: Zamazenta|0 fnt
|faint|p1a: Zamazenta
|
|upkeep
|
|t:|1758367883
|switch|p1a: Kyurem|Kyurem|100/100
|-ability|p1a: Kyurem|Pressure
|turn|4
|
|t:|1758367888
|switch|p2a: Gengar|Gengar, F|100/100
|move|p1a: Kyurem|Freeze-Dry|p2a: Gengar
|-damage|p2a: Gengar|16/100
|-start|p1a: Kyurem|Disable|Freeze-Dry|[from] ability: Cursed Body|[of] p2a: Gengar
|
|upkeep
|turn|5
|
|t:|1758367896
|switch|p1a: Samurott|Samurott-Hisui, F, shiny|100/100
|move|p2a: Gengar|Trick|p1a: Samurott
|-activate|p2a: Gengar|move: Trick|[of] p1a: Samurott
|-item|p1a: Samurott|Choice Scarf|[from] move: Trick
|-item|p2a: Gengar|Assault Vest|[from] move: Trick
|
|upkeep
|turn|6
|
|t:|1758367905
|move|p2a: Gengar|Shadow Ball|p1a: Samurott
|-resisted|p1a: Samurott
|-damage|p1a: Samurott|81/100
|move|p1a: Samurott|Ceaseless Edge|p2a: Gengar
|-supereffective|p2a: Gengar
|-damage|p2a: Gengar|0 fnt
|-sidestart|p2: hawker_mk5|Spikes
|faint|p2a: Gengar
|
|upkeep
|
|t:|1758367911
|switch|p2a: Great Tusk|Great Tusk|100/100
|-damage|p2a: Great Tusk|88/100|[from] Spikes
|turn|7
|
|t:|1758367915
|switch|p1a: Ting-Lu|Ting-Lu|100/100
|-ability|p1a: Ting-Lu|Vessel of Ruin
|move|p2a: Great Tusk|Rapid Spin|p1a: Ting-Lu
|-damage|p1a: Ting-Lu|92/100
|-boost|p2a: Great Tusk|spe|1
|-damage|p2a: Great Tusk|72/100|[from] item: Rocky Helmet|[of] p1a: Ting-Lu
|-sideend|p2: hawker_mk5|Spikes|[from] move: Rapid Spin|[of] p2a: Great Tusk
|
|-heal|p2a: Great Tusk|78/100|[from] item: Leftovers
|upkeep
|turn|8
|
|t:|1758367919
|move|p2a: Great Tusk|Stealth Rock|p1a: Ting-Lu
|-sidestart|p1: xa2n|move: Stealth Rock
|move|p1a: Ting-Lu|Stealth Rock|p2a: Great Tusk
|-sidestart|p2: hawker_mk5|move: Stealth Rock
|
|-heal|p2a: Great Tusk|84/100|[from] item: Leftovers
|upkeep
|turn|9
|
|t:|1758367928
|move|p2a: Great Tusk|Rapid Spin|p1a: Ting-Lu
|-damage|p1a: Ting-Lu|83/100
|-boost|p2a: Great Tusk|spe|1
|-damage|p2a: Great Tusk|68/100|[from] item: Rocky Helmet|[of] p1a: Ting-Lu
|-sideend|p2: hawker_mk5|Stealth Rock|[from] move: Rapid Spin|[of] p2a: Great Tusk
|move|p1a: Ting-Lu|Ruination|p2a: Great Tusk
|-damage|p2a: Great Tusk|34/100
|
|-heal|p2a: Great Tusk|40/100|[from] item: Leftovers
|upkeep
|turn|10
|
|t:|1758367938
|-end|p2a: Great Tusk|Protosynthesis|[silent]
|switch|p2a: Primarina|Primarina, M|100/100
|move|p1a: Ting-Lu|Stealth Rock|p2a: Primarina
|-sidestart|p2: hawker_mk5|move: Stealth Rock
|
|upkeep
|turn|11
|
|t:|1758367951
|move|p2a: Primarina|Moonblast|p1a: Ting-Lu
|-supereffective|p1a: Ting-Lu
|-damage|p1a: Ting-Lu|31/100
|move|p1a: Ting-Lu|Ruination|p2a: Primarina
|-damage|p2a: Primarina|51/100
|
|upkeep
|turn|12
|
|t:|1758367963
|move|p2a: Primarina|Moonblast|p1a: Ting-Lu
|-supereffective|p1a: Ting-Lu
|-damage|p1a: Ting-Lu|0 fnt
|faint|p1a: Ting-Lu
|
|upkeep
|
|t:|1758367967
|switch|p1a: Kyurem|Kyurem|100/100
|-damage|p1a: Kyurem|76/100|[from] Stealth Rock
|-ability|p1a: Kyurem|Pressure
|turn|13
|
|t:|1758367976
|move|p1a: Kyurem|Freeze-Dry|p2a: Primarina
|-supereffective|p2a: Primarina
|-damage|p2a: Primarina|0 fnt
|faint|p2a: Primarina
|
|upkeep
|
|t:|1758367992
|switch|p2a: Scizor|Scizor, M|50/100
|-damage|p2a: Scizor|38/100|[from] Stealth Rock
|turn|14
|
|t:|1758368001
|move|p1a: Kyurem|Freeze-Dry|p2a: Scizor
|-resisted|p2a: Scizor
|-damage|p2a: Scizor|8/100
|move|p2a: Scizor|U-turn|p1a: Kyurem
|-damage|p1a: Kyurem|22/100
|
|t:|1758368009
|switch|p2a: Kyurem|Kyurem|100/100|[from] U-turn
|-damage|p2a: Kyurem|76/100|[from] Stealth Rock
|-ability|p2a: Kyurem|Pressure
|
|upkeep
|turn|15
|
|t:|1758368014
|switch|p1a: Kingambit|Kingambit, F|100/100
|-damage|p1a: Kingambit|94/100|[from] Stealth Rock
|-activate|p1a: Kingambit|ability: Supreme Overlord
|-start|p1a: Kingambit|fallen3|[silent]
|-terastallize|p2a: Kyurem|Fire
|move|p2a: Kyurem|Dragon Dance|p2a: Kyurem
|-boost|p2a: Kyurem|atk|1
|-boost|p2a: Kyurem|spe|1
|
|upkeep
|turn|16
|
|t:|1758368043
|-terastallize|p1a: Kingambit|Fairy
|move|p2a: Kyurem|Tera Blast|p1a: Kingambit|[anim] Tera Blast Fire
|-damage|p1a: Kingambit|45/100
|move|p1a: Kingambit|Swords Dance|p1a: Kingambit
|-boost|p1a: Kingambit|atk|2
|
|upkeep
|turn|17
|
|t:|1758368051
|move|p1a: Kingambit|Sucker Punch||[still]
|-fail|p1a: Kingambit
|move|p2a: Kyurem|Dragon Dance|p2a: Kyurem
|-boost|p2a: Kyurem|atk|1
|-boost|p2a: Kyurem|spe|1
|
|upkeep
|turn|18
|
|t:|1758368053
|move|p1a: Kingambit|Sucker Punch||[still]
|-fail|p1a: Kingambit
|move|p2a: Kyurem|Dragon Dance|p2a: Kyurem
|-boost|p2a: Kyurem|atk|1
|-boost|p2a: Kyurem|spe|1
|
|upkeep
|turn|19
|
|t:|1758368056
|move|p1a: Kingambit|Sucker Punch||[still]
|-fail|p1a: Kingambit
|move|p2a: Kyurem|Dragon Dance|p2a: Kyurem
|-boost|p2a: Kyurem|atk|1
|-boost|p2a: Kyurem|spe|1
|
|upkeep
|turn|20
|
|t:|1758368058
|move|p2a: Kyurem|Icicle Spear|p1a: Kingambit
|-damage|p1a: Kingambit|10/100
|-crit|p1a: Kingambit
|-damage|p1a: Kingambit|0 fnt
|faint|p1a: Kingambit
|-end|p1a: Kingambit|fallen3|[silent]
|-hitcount|p1: Kingambit|2
|
|upkeep
|-message|xa2n forfeited.
|
|win|hawker_mk5
|raw|xa2n's rating: 1548 &rarr; <strong>1528</strong><br />(-20 for losing)
|raw|hawker_mk5's rating: 1554 &rarr; <strong>1574</strong><br />(+20 for winning)
|l|☆xa2n
|player|p1|
|l|☆hawker_mk5
|player|p2|
