|j|☆PonyL
|j|☆ORAS_appreciater
|t:|1758344117
|gametype|singles
|player|p1|PonyL|red|1309
|player|p2|ORAS_appreciater|266|1282
|gen|9
|tier|[Gen 9] OU
|rated|
|rule|HP Percentage Mod: HP is shown in percentages
|rule|Endless Battle Clause: Forcing endless battles is banned
|rule|Species Clause: Limit one of each Pokémon
|rule|OHKO Clause: OHKO moves are banned
|rule|Evasion Items Clause: Evasion items are banned
|rule|Evasion Moves Clause: Evasion moves are banned
|rule|Evasion Abilities Clause: Evasion abilities are banned
|rule|Sleep Moves Clause: Sleep-inducing moves are banned
|clearpoke
|poke|p1|Ursaluna, F|
|poke|p1|Cresselia, F|
|poke|p1|Enamorus-Therian, F|
|poke|p1|Hoopa-Unbound|
|poke|p1|Hatterene, F|
|poke|p1|Ogerpon, F|
|poke|p2|Ninetales, M|
|poke|p2|Venusaur, M|
|poke|p2|Walking Wake|
|poke|p2|Ceruledge, F|
|poke|p2|Slither Wing|
|poke|p2|Great Tusk|
|teampreview
|inactive|Battle timer is ON: inactive players will automatically lose when time's up. (requested by PonyL)
|
|t:|1758344134
|teamsize|p1|6
|teamsize|p2|6
|start
|switch|p1a: Hatterene|Hatterene, F|100/100
|switch|p2a: Ninetales|Ninetales, M, shiny|100/100
|-weather|SunnyDay|[from] ability: Drought|[of] p2a: Ninetales
|turn|1
|
|t:|1758344151
|move|p2a: Ninetales|Weather Ball|p1a: Hatterene
|-damage|p1a: Hatterene|40/100
|move|p1a: Hatterene|Trick Room|p1a: Hatterene
|-fieldstart|move: Trick Room|[of] p1a: Hatterene
|
|-weather|SunnyDay|[upkeep]
|upkeep
|turn|2
|
|t:|1758344160
|move|p1a: Hatterene|Psychic|p2a: Ninetales
|-damage|p2a: Ninetales|52/100
|-unboost|p2a: Ninetales|spd|1
|move|p2a: Ninetales|Weather Ball|p1a: Hatterene
|-damage|p1a: Hatterene|0 fnt
|faint|p1a: Hatterene
|
|-weather|SunnyDay|[upkeep]
|upkeep
|
|t:|1758344173
|switch|p1a: Ursaluna|Ursaluna, F|100/100
|turn|3
|
|t:|1758344190
|switch|p2a: Slither Wing|Slither Wing|100/100
|-activate|p2a: Slither Wing|ability: Protosynthesis
|-start|p2a: Slither Wing|protosynthesisatk
|move|p1a: Ursaluna|Headlong Rush|p2a: Slither Wing
|-resisted|p2a: Slither Wing
|-damage|p2a: Slither Wing|71/100
|-unboost|p1a: Ursaluna|def|1
|-unboost|p1a: Ursaluna|spd|1
|
|-weather|SunnyDay|[upkeep]
|-status|p1a: Ursaluna|brn|[from] item: Flame Orb
|upkeep
|turn|4
|
|t:|1758344206
|move|p2a: Slither Wing|First Impression|p1a: Ursaluna
|-damage|p1a: Ursaluna|47/100 brn
|move|p1a: Ursaluna|Facade|p2a: Slither Wing
|-damage|p2a: Slither Wing|0 fnt
|faint|p2a: Slither Wing
|-end|p2a: Slither Wing|Protosynthesis|[silent]
|
|-weather|SunnyDay|[upkeep]
|-damage|p1a: Ursaluna|41/100 brn|[from] brn
|upkeep
|inactive|ORAS_appreciater has 120 seconds left.
|
|t:|1758344222
|switch|p2a: Great Tusk|Great Tusk, shiny|100/100
|-activate|p2a: Great Tusk|ability: Protosynthesis
|-start|p2a: Great Tusk|protosynthesisspe
|turn|5
|
|t:|1758344237
|switch|p1a: Cresselia|Cresselia, F|100/100
|move|p2a: Great Tusk|Ice Spinner|p1a: Cresselia
|-damage|p1a: Cresselia|87/100
|
|-weather|SunnyDay|[upkeep]
|-fieldend|move: Trick Room
|upkeep
|turn|6
|
|t:|1758344248
|move|p2a: Great Tusk|Stealth Rock|p1a: Cresselia
|-sidestart|p1: PonyL|move: Stealth Rock
|move|p1a: Cresselia|Trick Room|p1a: Cresselia
|-fieldstart|move: Trick Room|[of] p1a: Cresselia
|
|-weather|SunnyDay|[upkeep]
|upkeep
|turn|7
|inactive|ORAS_appreciater has 120 seconds left.
|
|t:|1758344263
|move|p1a: Cresselia|Ice Beam|p2a: Great Tusk
|-supereffective|p2a: Great Tusk
|-damage|p2a: Great Tusk|58/100
|move|p2a: Great Tusk|Ice Spinner|p1a: Cresselia
|-damage|p1a: Cresselia|74/100
|
|-weather|SunnyDay|[upkeep]
|upkeep
|turn|8
|
|t:|1758344272
|-end|p2a: Great Tusk|Protosynthesis|[silent]
|switch|p2a: Ceruledge|Ceruledge, F|100/100
|move|p1a: Cresselia|Ice Beam|p2a: Ceruledge
|-resisted|p2a: Ceruledge
|-damage|p2a: Ceruledge|92/100
|
|-weather|none
|upkeep
|turn|9
|inactive|ORAS_appreciater has 120 seconds left.
|
|t:|1758344292
|switch|p1a: Ursaluna|Ursaluna, F|41/100 brn
|-damage|p1a: Ursaluna|35/100 brn|[from] Stealth Rock
|move|p2a: Ceruledge|Bitter Blade|p1a: Ursaluna
|-damage|p1a: Ursaluna|6/100 brn
|-heal|p2a: Ceruledge|100/100|[from] drain|[of] p1a: Ursaluna
|
|-damage|p1a: Ursaluna|0 fnt|[from] brn
|faint|p1a: Ursaluna
|upkeep
|
|t:|1758344302
|switch|p1a: Hoopa|Hoopa-Unbound|100/100
|-damage|p1a: Hoopa|88/100|[from] Stealth Rock
|turn|10
|
|t:|1758344309
|switch|p2a: Ninetales|Ninetales, M, shiny|52/100
|-weather|SunnyDay|[from] ability: Drought|[of] p2a: Ninetales
|move|p1a: Hoopa|Hyperspace Fury|p2a: Ninetales
|-damage|p2a: Ninetales|0 fnt
|-unboost|p1a: Hoopa|def|1
|faint|p2a: Ninetales
|-enditem|p1a: Hoopa|Eject Pack
|
|t:|1758344318
|switch|p1a: Cresselia|Cresselia, F|74/100
|-damage|p1a: Cresselia|62/100|[from] Stealth Rock
|
|-weather|SunnyDay|[upkeep]
|-fieldend|move: Trick Room
|upkeep
|inactive|ORAS_appreciater has 120 seconds left.
|
|t:|1758344350
|switch|p2a: Walking Wake|Walking Wake|100/100
|-activate|p2a: Walking Wake|ability: Protosynthesis
|-start|p2a: Walking Wake|protosynthesisspe
|turn|11
|
|t:|1758344365
|move|p2a: Walking Wake|Hydro Steam|p1a: Cresselia
|-damage|p1a: Cresselia|7/100
|move|p1a: Cresselia|Trick Room|p1a: Cresselia
|-fieldstart|move: Trick Room|[of] p1a: Cresselia
|
|-weather|SunnyDay|[upkeep]
|upkeep
|turn|12
|
|t:|1758344377
|move|p1a: Cresselia|Ice Beam|p2a: Walking Wake
|-damage|p2a: Walking Wake|82/100
|move|p2a: Walking Wake|Hydro Steam|p1a: Cresselia
|-damage|p1a: Cresselia|0 fnt
|faint|p1a: Cresselia
|
|-weather|SunnyDay|[upkeep]
|upkeep
|inactive|PonyL has 120 seconds left.
|inactive|PonyL has 90 seconds left.
|
|t:|1758344440
|switch|p1a: Enamorus|Enamorus-Therian, F|100/100
|-damage|p1a: Enamorus|76/100|[from] Stealth Rock
|turn|13
|inactive|PonyL has 90 seconds left.
|inactive|ORAS_appreciater has 120 seconds left.
|
|t:|1758344450
|-terastallize|p1a: Enamorus|Fairy
|-terastallize|p2a: Walking Wake|Fairy
|move|p1a: Enamorus|Moonblast|p2a: Walking Wake
|-damage|p2a: Walking Wake|0 fnt
|faint|p2a: Walking Wake
|-end|p2a: Walking Wake|Protosynthesis|[silent]
|
|-weather|SunnyDay|[upkeep]
|upkeep
|inactive|ORAS_appreciater has 120 seconds left.
|
|t:|1758344472
|switch|p2a: Ceruledge|Ceruledge, F|100/100
|turn|14
|
|t:|1758344478
|move|p1a: Enamorus|Moonblast|p2a: Ceruledge
|-resisted|p2a: Ceruledge
|-damage|p2a: Ceruledge|37/100
|-unboost|p2a: Ceruledge|spa|1
|move|p2a: Ceruledge|Bitter Blade|p1a: Enamorus
|-damage|p1a: Enamorus|17/100
|-heal|p2a: Ceruledge|73/100|[from] drain|[of] p1a: Enamorus
|
|-weather|SunnyDay|[upkeep]
|upkeep
|turn|15
|
|t:|1758344491
|switch|p1a: Hoopa|Hoopa-Unbound|88/100
|-damage|p1a: Hoopa|76/100|[from] Stealth Rock
|move|p2a: Ceruledge|Shadow Sneak|p1a: Hoopa
|-damage|p1a: Hoopa|44/100
|
|-weather|SunnyDay|[upkeep]
|-fieldend|move: Trick Room
|upkeep
|turn|16
|
|t:|1758344507
|move|p2a: Ceruledge|Bitter Blade|p1a: Hoopa
|-damage|p1a: Hoopa|0 fnt
|-heal|p2a: Ceruledge|99/100|[from] drain|[of] p1a: Hoopa
|faint|p1a: Hoopa
|
|-weather|SunnyDay|[upkeep]
|upkeep
|
|t:|1758344511
|switch|p1a: Ogerpon|Ogerpon, F|100/100
|-damage|p1a: Ogerpon|88/100|[from] Stealth Rock
|turn|17
|
|t:|1758344519
|move|p1a: Ogerpon|Knock Off|p2a: Ceruledge
|-supereffective|p2a: Ceruledge
|-damage|p2a: Ceruledge|0 fnt
|-enditem|p2a: Ceruledge|Focus Sash|[from] move: Knock Off|[of] p1a: Ogerpon
|faint|p2a: Ceruledge
|
|-weather|none
|upkeep
|
|t:|1758344524
|switch|p2a: Venusaur|Venusaur, M, shiny|100/100
|turn|18
|inactive|PonyL has 120 seconds left.
|
|t:|1758344533
|move|p1a: Ogerpon|Knock Off|p2a: Venusaur
|-damage|p2a: Venusaur|37/100
|-enditem|p2a: Venusaur|Life Orb|[from] move: Knock Off|[of] p1a: Ogerpon
|move|p2a: Venusaur|Sludge Bomb|p1a: Ogerpon
|-supereffective|p1a: Ogerpon
|-damage|p1a: Ogerpon|0 fnt
|faint|p1a: Ogerpon
|
|upkeep
|inactive|PonyL has 120 seconds left.
|-message|PonyL forfeited.
|
|win|ORAS_appreciater
|raw|PonyL's rating: 1309 &rarr; <strong>1287</strong><br />(-22 for losing)
|raw|ORAS_appreciater's rating: 1282 &rarr; <strong>1309</strong><br />(+27 for winning)
|l|☆PonyL
|player|p1|
|l|☆ORAS_appreciater
|player|p2|
