|j|☆SpinAga1n
|j|☆Zaiax03
|t:|1758318000
|gametype|singles
|player|p1|SpinAga1n|dawn-gen4pt|1159
|player|p2|Zaiax03|red|1162
|gen|9
|tier|[Gen 9] OU
|rated|
|rule|HP Percentage Mod: HP is shown in percentages
|rule|Endless Battle Clause: Forcing endless battles is banned
|rule|Species Clause: Limit one of each Pokémon
|rule|OHKO Clause: OHKO moves are banned
|rule|Evasion Items Clause: Evasion items are banned
|rule|Evasion Moves Clause: Evasion moves are banned
|rule|Evasion Abilities Clause: Evasion abilities are banned
|rule|Sleep Moves Clause: Sleep-inducing moves are banned
|clearpoke
|poke|p1|Okidogi, M|
|poke|p1|Ogerpon-Wellspring, F|
|poke|p1|Darkrai|
|poke|p1|Great Tusk|
|poke|p1|Iron Leaves|
|poke|p1|Glastrier|
|poke|p2|Iron Valiant|
|poke|p2|Gholdengo|
|poke|p2|Great Tusk|
|poke|p2|Kingambit, M|
|poke|p2|Dragapult, M|
|poke|p2|Tornadus-Therian, M|
|teampreview
|inactive|Battle timer is ON: inactive players will automatically lose when time's up. (requested by SpinAga1n)
|
|t:|1758318007
|teamsize|p1|6
|teamsize|p2|6
|start
|switch|p1a: Darkrai|Darkrai|100/100
|switch|p2a: Tornadus|Tornadus-Therian, M, shiny|100/100
|turn|1
|
|t:|1758318012
|move|p1a: Darkrai|Ice Beam|p2a: Tornadus
|-supereffective|p2a: Tornadus
|-damage|p2a: Tornadus|38/100
|move|p2a: Tornadus|U-turn|p1a: Darkrai
|-supereffective|p1a: Darkrai
|-damage|p1a: Darkrai|64/100
|
|t:|1758318017
|switch|p2a: Great Tusk|Great Tusk|100/100|[from] U-turn
|
|upkeep
|turn|2
|
|t:|1758318023
|move|p1a: Darkrai|Ice Beam|p2a: Great Tusk
|-supereffective|p2a: Great Tusk
|-damage|p2a: Great Tusk|20/100
|move|p2a: Great Tusk|Stealth Rock|p1a: Darkrai
|-sidestart|p1: SpinAga1n|move: Stealth Rock
|
|upkeep
|turn|3
|
|t:|1758318027
|-end|p2a: Great Tusk|Protosynthesis|[silent]
|switch|p2a: Gholdengo|Gholdengo|100/100
|move|p1a: Darkrai|Dark Pulse|p2a: Gholdengo
|-supereffective|p2a: Gholdengo
|-damage|p2a: Gholdengo|40/100
|
|-heal|p2a: Gholdengo|46/100|[from] item: Leftovers
|upkeep
|turn|4
|
|t:|1758318038
|switch|p2a: Iron Valiant|Iron Valiant|100/100
|-enditem|p2a: Iron Valiant|Booster Energy
|-activate|p2a: Iron Valiant|ability: Quark Drive|[fromitem]
|-start|p2a: Iron Valiant|quarkdrivespe
|move|p1a: Darkrai|Dark Pulse|p2a: Iron Valiant
|-resisted|p2a: Iron Valiant
|-damage|p2a: Iron Valiant|82/100
|
|upkeep
|turn|5
|
|t:|1758318044
|move|p2a: Iron Valiant|Close Combat|p1a: Darkrai
|-supereffective|p1a: Darkrai
|-damage|p1a: Darkrai|0 fnt
|-unboost|p2a: Iron Valiant|def|1
|-unboost|p2a: Iron Valiant|spd|1
|faint|p1a: Darkrai
|
|upkeep
|
|t:|1758318046
|switch|p1a: Okidogi|Okidogi, M|100/100
|-damage|p1a: Okidogi|95/100|[from] Stealth Rock
|turn|6
|
|t:|1758318051
|move|p2a: Iron Valiant|Knock Off|p1a: Okidogi
|-resisted|p1a: Okidogi
|-damage|p1a: Okidogi|78/100
|-enditem|p1a: Okidogi|Life Orb|[from] move: Knock Off|[of] p2a: Iron Valiant
|move|p1a: Okidogi|High Horsepower|p2a: Iron Valiant
|-damage|p2a: Iron Valiant|20/100
|
|upkeep
|turn|7
|
|t:|1758318058
|move|p2a: Iron Valiant|Close Combat|p1a: Okidogi
|-resisted|p1a: Okidogi
|-damage|p1a: Okidogi|48/100
|-unboost|p2a: Iron Valiant|def|1
|-unboost|p2a: Iron Valiant|spd|1
|move|p1a: Okidogi|High Horsepower|p2a: Iron Valiant
|-damage|p2a: Iron Valiant|0 fnt
|faint|p2a: Iron Valiant
|-end|p2a: Iron Valiant|Quark Drive|[silent]
|
|upkeep
|
|t:|1758318066
|switch|p2a: Great Tusk|Great Tusk|20/100
|turn|8
|
|t:|1758318069
|move|p1a: Okidogi|Drain Punch|p2a: Great Tusk
|-damage|p2a: Great Tusk|2/100
|-heal|p1a: Okidogi|61/100|[from] drain|[of] p2a: Great Tusk
|move|p2a: Great Tusk|Earthquake|p1a: Okidogi
|-supereffective|p1a: Okidogi
|-damage|p1a: Okidogi|0 fnt
|faint|p1a: Okidogi
|
|upkeep
|
|t:|1758318076
|switch|p1a: Great Tusk|Great Tusk|100/100
|-damage|p1a: Great Tusk|98/100|[from] Stealth Rock
|-enditem|p1a: Great Tusk|Booster Energy
|-activate|p1a: Great Tusk|ability: Protosynthesis|[fromitem]
|-start|p1a: Great Tusk|protosynthesisatk
|turn|9
|
|t:|1758318080
|move|p1a: Great Tusk|Rapid Spin|p2a: Great Tusk
|-damage|p2a: Great Tusk|0 fnt
|-boost|p1a: Great Tusk|spe|1
|-sideend|p1: SpinAga1n|Stealth Rock|[from] move: Rapid Spin|[of] p1a: Great Tusk
|faint|p2a: Great Tusk
|-end|p2a: Great Tusk|Protosynthesis|[silent]
|
|upkeep
|
|t:|1758318088
|switch|p2a: Tornadus|Tornadus-Therian, M, shiny|71/100
|turn|10
|
|t:|1758318091
|move|p1a: Great Tusk|Knock Off|p2a: Tornadus
|-damage|p2a: Tornadus|20/100
|-damage|p1a: Great Tusk|81/100|[from] item: Rocky Helmet|[of] p2a: Tornadus
|-enditem|p2a: Tornadus|Rocky Helmet|[from] move: Knock Off|[of] p1a: Great Tusk
|move|p2a: Tornadus|Hurricane|p1a: Great Tusk
|-supereffective|p1a: Great Tusk
|-damage|p1a: Great Tusk|0 fnt
|faint|p1a: Great Tusk
|-end|p1a: Great Tusk|Protosynthesis|[silent]
|
|upkeep
|
|t:|1758318100
|switch|p1a: Glastrier|Glastrier|100/100
|turn|11
|
|t:|1758318104
|switch|p2a: Gholdengo|Gholdengo|46/100
|move|p1a: Glastrier|Throat Chop|p2a: Gholdengo
|-supereffective|p2a: Gholdengo
|-damage|p2a: Gholdengo|0 fnt
|faint|p2a: Gholdengo
|-ability|p1a: Glastrier|Chilling Neigh|boost
|-boost|p1a: Glastrier|atk|1
|
|upkeep
|
|t:|1758318110
|switch|p2a: Dragapult|Dragapult, M|100/100
|turn|12
|
|t:|1758318113
|-terastallize|p1a: Glastrier|Dark
|move|p2a: Dragapult|Flamethrower|p1a: Glastrier
|-damage|p1a: Glastrier|70/100
|move|p1a: Glastrier|Throat Chop|p2a: Dragapult
|-supereffective|p2a: Dragapult
|-damage|p2a: Dragapult|0 fnt
|faint|p2a: Dragapult
|-ability|p1a: Glastrier|Chilling Neigh|boost
|-boost|p1a: Glastrier|atk|1
|
|upkeep
|
|t:|1758318121
|switch|p2a: Kingambit|Kingambit, M|100/100
|-activate|p2a: Kingambit|ability: Supreme Overlord
|-start|p2a: Kingambit|fallen4|[silent]
|turn|13
|
|t:|1758318124
|move|p2a: Kingambit|Iron Head|p1a: Glastrier
|-damage|p1a: Glastrier|26/100
|move|p1a: Glastrier|High Horsepower|p2a: Kingambit
|-supereffective|p2a: Kingambit
|-damage|p2a: Kingambit|0 fnt
|faint|p2a: Kingambit
|-end|p2a: Kingambit|fallen4|[silent]
|-ability|p1a: Glastrier|Chilling Neigh|boost
|-boost|p1a: Glastrier|atk|1
|
|upkeep
|
|t:|1758318127
|switch|p2a: Tornadus|Tornadus-Therian, M, shiny|53/100
|turn|14
|
|t:|1758318129
|move|p2a: Tornadus|U-turn|p1a: Glastrier
|-supereffective|p1a: Glastrier
|-damage|p1a: Glastrier|7/100
|move|p1a: Glastrier|Avalanche|p2a: Tornadus
|-supereffective|p2a: Tornadus
|-damage|p2a: Tornadus|0 fnt
|faint|p2a: Tornadus
|
|win|SpinAga1n
|raw|SpinAga1n's rating: 1159 &rarr; <strong>1184</strong><br />(+25 for winning)
|raw|Zaiax03's rating: 1162 &rarr; <strong>1137</strong><br />(-25 for losing)
|l|☆Zaiax03
|player|p2|
