|j|☆H0N3R
|j|☆moope
|t:|1758305926
|gametype|singles
|player|p1|H0N3R|1|1325
|player|p2|moope|miku-fairy|1324
|gen|9
|tier|[Gen 9] OU
|rated|
|rule|HP Percentage Mod: HP is shown in percentages
|rule|Endless Battle Clause: Forcing endless battles is banned
|rule|Species Clause: Limit one of each Pokémon
|rule|OHKO Clause: OHKO moves are banned
|rule|Evasion Items Clause: Evasion items are banned
|rule|Evasion Moves Clause: Evasion moves are banned
|rule|Evasion Abilities Clause: Evasion abilities are banned
|rule|Sleep Moves Clause: Sleep-inducing moves are banned
|clearpoke
|poke|p1|Meowscarada, M|
|poke|p1|Deoxys-Speed|
|poke|p1|Cryogonal|
|poke|p1|Dragonite, F|
|poke|p1|Moltres|
|poke|p1|Sandy Shocks|
|poke|p2|Ursaluna, F|
|poke|p2|Iron Hands|
|poke|p2|Cinderace, F|
|poke|p2|Sinistcha|
|poke|p2|Hatterene, F|
|poke|p2|Slither Wing|
|teampreview
|
|t:|1758305933
|teamsize|p1|6
|teamsize|p2|6
|start
|switch|p1a: Deoxys|Deoxys-Speed|100/100
|switch|p2a: Slither Wing|Slither Wing|100/100
|-ability|p1a: Deoxys|Pressure
|turn|1
|inactive|Battle timer is ON: inactive players will automatically lose when time's up. (requested by H0N3R)
|
|t:|1758305942
|move|p2a: Slither Wing|First Impression|p1a: Deoxys
|-supereffective|p1a: Deoxys
|-enditem|p1a: Deoxys|Focus Sash
|-damage|p1a: Deoxys|1/100
|move|p1a: Deoxys|Shadow Ball|p2a: Slither Wing
|-damage|p2a: Slither Wing|81/100
|
|upkeep
|turn|2
|
|t:|1758305950
|-end|p2a: Slither Wing|Protosynthesis|[silent]
|switch|p2a: big ol fuck u bear|Ursaluna, F|100/100
|move|p1a: Deoxys|Stealth Rock|p2a: big ol fuck u bear
|-sidestart|p2: moope|move: Stealth Rock
|
|-status|p2a: big ol fuck u bear|brn|[from] item: Flame Orb
|upkeep
|turn|3
|
|t:|1758305957
|move|p1a: Deoxys|Superpower|p2a: big ol fuck u bear
|-supereffective|p2a: big ol fuck u bear
|-damage|p2a: big ol fuck u bear|61/100 brn
|-unboost|p1a: Deoxys|atk|1
|-unboost|p1a: Deoxys|def|1
|move|p2a: big ol fuck u bear|Facade|p1a: Deoxys
|-damage|p1a: Deoxys|0 fnt
|faint|p1a: Deoxys
|
|-damage|p2a: big ol fuck u bear|55/100 brn|[from] brn
|upkeep
|
|t:|1758305971
|switch|p1a: Meowscarada|Meowscarada, M|100/100
|turn|4
|
|t:|1758305991
|switch|p2a: Cinder|Cinderace, F|100/100
|move|p1a: Meowscarada|Triple Axel|p2a: Cinder
|-start|p1a: Meowscarada|typechange|Ice|[from] ability: Protean
|-resisted|p2a: Cinder
|-crit|p2a: Cinder
|-damage|p2a: Cinder|91/100
|-resisted|p2a: Cinder
|-damage|p2a: Cinder|79/100
|-resisted|p2a: Cinder
|-damage|p2a: Cinder|60/100
|-hitcount|p2a: Cinder|3
|
|upkeep
|turn|5
|
|t:|1758306007
|switch|p1a: Moltres|Moltres|100/100
|move|p2a: Cinder|Pyro Ball|p1a: Moltres
|-resisted|p1a: Moltres
|-damage|p1a: Moltres|79/100
|
|upkeep
|turn|6
|
|t:|1758306015
|switch|p1a: Meowscarada|Meowscarada, M|100/100
|move|p2a: Cinder|Court Change|p2a: Cinder
|-start|p2a: Cinder|typechange|Normal|[from] ability: Libero
|-swapsideconditions
|-activate|p2a: Cinder|move: Court Change
|
|upkeep
|turn|7
|
|t:|1758306038
|switch|p2a: Slither Wing|Slither Wing|81/100
|move|p1a: Meowscarada|Triple Axel|p2a: Slither Wing
|-start|p1a: Meowscarada|typechange|Ice|[from] ability: Protean
|-damage|p2a: Slither Wing|71/100
|-damage|p2a: Slither Wing|50/100
|-damage|p2a: Slither Wing|18/100
|-hitcount|p2a: Slither Wing|3
|
|upkeep
|turn|8
|
|t:|1758306049
|switch|p1a: Moltres|Moltres|79/100
|move|p2a: Slither Wing|First Impression|p1a: Moltres
|-resisted|p1a: Moltres
|-damage|p1a: Moltres|65/100
|
|upkeep
|turn|9
|
|t:|1758306063
|switch|p1a: Cryogonal|Cryogonal|100/100
|-damage|p1a: Cryogonal|75/100|[from] Stealth Rock
|-end|p2a: Slither Wing|Protosynthesis|[silent]
|switch|p2a: big ol fuck u bear|Ursaluna, F|55/100 brn
|
|-damage|p2a: big ol fuck u bear|48/100 brn|[from] brn
|upkeep
|turn|10
|
|t:|1758306073
|move|p1a: Cryogonal|Freeze-Dry|p2a: big ol fuck u bear
|-supereffective|p2a: big ol fuck u bear
|-damage|p2a: big ol fuck u bear|0 fnt
|faint|p2a: big ol fuck u bear
|
|upkeep
|
|t:|1758306080
|switch|p2a: Cinder|Cinderace, F|60/100
|turn|11
|
|t:|1758306090
|switch|p1a: Moltres|Moltres|65/100
|move|p2a: Cinder|Pyro Ball|p1a: Moltres
|-resisted|p1a: Moltres
|-damage|p1a: Moltres|44/100
|
|upkeep
|turn|12
|
|t:|1758306096
|move|p2a: Cinder|U-turn|p1a: Moltres
|-start|p2a: Cinder|typechange|Bug|[from] ability: Libero
|-resisted|p1a: Moltres
|-damage|p1a: Moltres|39/100
|-status|p2a: Cinder|brn|[from] ability: Flame Body|[of] p1a: Moltres
|
|t:|1758306101
|switch|p2a: IF NOBODY GOT ME|Sinistcha|100/100|[from] U-turn
|move|p1a: Moltres|Roost|p1a: Moltres
|-heal|p1a: Moltres|89/100
|-singleturn|p1a: Moltres|move: Roost
|
|upkeep
|turn|13
|
|t:|1758306111
|move|p1a: Moltres|Hurricane|p2a: IF NOBODY GOT ME|[miss]
|-miss|p1a: Moltres|p2a: IF NOBODY GOT ME
|move|p2a: IF NOBODY GOT ME|Trick Room|p2a: IF NOBODY GOT ME
|-fieldstart|move: Trick Room|[of] p2a: IF NOBODY GOT ME
|
|upkeep
|turn|14
|
|t:|1758306120
|move|p2a: IF NOBODY GOT ME|Calm Mind|p2a: IF NOBODY GOT ME
|-boost|p2a: IF NOBODY GOT ME|spa|1
|-boost|p2a: IF NOBODY GOT ME|spd|1
|move|p1a: Moltres|Hurricane|p2a: IF NOBODY GOT ME
|-supereffective|p2a: IF NOBODY GOT ME
|-damage|p2a: IF NOBODY GOT ME|31/100
|-enditem|p2a: IF NOBODY GOT ME|Weakness Policy
|-boost|p2a: IF NOBODY GOT ME|atk|2|[from] item: Weakness Policy
|-boost|p2a: IF NOBODY GOT ME|spa|2|[from] item: Weakness Policy
|
|upkeep
|turn|15
|
|t:|1758306130
|move|p2a: IF NOBODY GOT ME|Shadow Ball|p1a: Moltres
|-damage|p1a: Moltres|0 fnt
|faint|p1a: Moltres
|
|upkeep
|
|t:|1758306136
|switch|p1a: Cryogonal|Cryogonal|75/100
|-damage|p1a: Cryogonal|50/100|[from] Stealth Rock
|turn|16
|
|t:|1758306141
|move|p2a: IF NOBODY GOT ME|Matcha Gotcha|p1a: Cryogonal|[miss]
|-miss|p2a: IF NOBODY GOT ME|p1a: Cryogonal
|move|p1a: Cryogonal|Freeze-Dry|p2a: IF NOBODY GOT ME
|-supereffective|p2a: IF NOBODY GOT ME
|-damage|p2a: IF NOBODY GOT ME|0 fnt
|faint|p2a: IF NOBODY GOT ME
|
|upkeep
|
|t:|1758306145
|switch|p2a: death punch|Iron Hands|100/100
|-enditem|p2a: death punch|Booster Energy
|-activate|p2a: death punch|ability: Quark Drive|[fromitem]
|-start|p2a: death punch|quarkdriveatk
|turn|17
|
|t:|1758306155
|move|p2a: death punch|Drain Punch|p1a: Cryogonal
|-supereffective|p1a: Cryogonal
|-damage|p1a: Cryogonal|0 fnt
|faint|p1a: Cryogonal
|
|-fieldend|move: Trick Room
|upkeep
|
|t:|1758306163
|switch|p1a: Sandy Shocks|Sandy Shocks|100/100
|-damage|p1a: Sandy Shocks|94/100|[from] Stealth Rock
|turn|18
|
|t:|1758306174
|-terastallize|p2a: death punch|Flying
|move|p1a: Sandy Shocks|Earth Power|p2a: death punch
|-immune|p2a: death punch
|move|p2a: death punch|Ice Punch|p1a: Sandy Shocks
|-supereffective|p1a: Sandy Shocks
|-damage|p1a: Sandy Shocks|17/100
|
|upkeep
|turn|19
|
|t:|1758306183
|move|p1a: Sandy Shocks|Tri Attack|p2a: death punch
|-damage|p2a: death punch|83/100
|move|p2a: death punch|Drain Punch|p1a: Sandy Shocks
|-damage|p1a: Sandy Shocks|0 fnt
|-heal|p2a: death punch|89/100|[from] drain|[of] p1a: Sandy Shocks
|faint|p1a: Sandy Shocks
|-end|p1a: Sandy Shocks|Protosynthesis|[silent]
|
|upkeep
|
|t:|1758306198
|switch|p1a: Meowscarada|Meowscarada, M|100/100
|turn|20
|
|t:|1758306208
|-terastallize|p1a: Meowscarada|Ice
|move|p1a: Meowscarada|Triple Axel|p2a: death punch
|-supereffective|p2a: death punch
|-damage|p2a: death punch|76/100
|-supereffective|p2a: death punch
|-damage|p2a: death punch|47/100
|-supereffective|p2a: death punch
|-damage|p2a: death punch|11/100
|-hitcount|p2a: death punch|3
|move|p2a: death punch|Drain Punch|p1a: Meowscarada
|-supereffective|p1a: Meowscarada
|-damage|p1a: Meowscarada|0 fnt
|-heal|p2a: death punch|44/100|[from] drain|[of] p1a: Meowscarada
|faint|p1a: Meowscarada
|
|upkeep
|
|t:|1758306222
|switch|p1a: Dragonite|Dragonite, F|100/100
|turn|21
|
|t:|1758306227
|move|p1a: Dragonite|Dragon Dance|p1a: Dragonite
|-boost|p1a: Dragonite|atk|1
|-boost|p1a: Dragonite|spe|1
|move|p2a: death punch|Ice Punch|p1a: Dragonite
|-supereffective|p1a: Dragonite
|-damage|p1a: Dragonite|0 fnt
|faint|p1a: Dragonite
|
|win|moope
|raw|H0N3R's rating: 1325 &rarr; <strong>1305</strong><br />(-20 for losing)
|raw|moope's rating: 1324 &rarr; <strong>1344</strong><br />(+20 for winning)
|l|☆moope
|player|p2|
