|j|☆diegoluquechaves
|j|☆sly_skip
|t:|1758373230
|gametype|singles
|player|p1|diegoluquechaves|102|1409
|player|p2|sly_skip|169|1521
|gen|9
|tier|[Gen 9] OU
|rated|
|rule|HP Percentage Mod: HP is shown in percentages
|rule|Endless Battle Clause: Forcing endless battles is banned
|rule|Species Clause: Limit one of each Pokémon
|rule|OHKO Clause: OHKO moves are banned
|rule|Evasion Items Clause: Evasion items are banned
|rule|Evasion Moves Clause: Evasion moves are banned
|rule|Evasion Abilities Clause: Evasion abilities are banned
|rule|Sleep Moves Clause: Sleep-inducing moves are banned
|clearpoke
|poke|p1|Typhlosion-Hisui, F|
|poke|p1|Corviknight, F|
|poke|p1|Glimmora, M|
|poke|p1|Great Tusk|
|poke|p1|Araquanid, F|
|poke|p1|Ogerpon, F|
|poke|p2|Great Tusk|
|poke|p2|Darkrai|
|poke|p2|Garganacl, F|
|poke|p2|Kyurem|
|poke|p2|Zamazenta-*|
|poke|p2|Slowking-Galar, M|
|teampreview
|inactive|Battle timer is ON: inactive players will automatically lose when time's up. (requested by sly_skip)
|inactive|diegoluquechaves has 120 seconds left.
|
|t:|1758373265
|teamsize|p1|6
|teamsize|p2|6
|start
|switch|p1a: Araquanid|Araquanid, F|100/100
|switch|p2a: Slowking|Slowking-Galar, M|100/100
|turn|1
|
|t:|1758373280
|move|p1a: Araquanid|Sticky Web|p2a: Slowking
|-sidestart|p2: sly_skip|move: Sticky Web
|move|p2a: Slowking|Toxic|p1a: Araquanid
|-status|p1a: Araquanid|tox
|
|-damage|p1a: Araquanid|94/100 tox|[from] psn
|upkeep
|turn|2
|inactive|diegoluquechaves has 120 seconds left.
|
|t:|1758373319
|move|p1a: Araquanid|Liquidation|p2a: Slowking
|-damage|p2a: Slowking|58/100
|-unboost|p2a: Slowking|def|1
|move|p2a: Slowking|Psychic|p1a: Araquanid
|-damage|p1a: Araquanid|74/100 tox
|
|-heal|p1a: Araquanid|80/100 tox|[from] item: Leftovers
|-damage|p1a: Araquanid|68/100 tox|[from] psn
|upkeep
|turn|3
|
|t:|1758373344
|switch|p2a: Kyurem|Kyurem|100/100
|-ability|p2a: Kyurem|Pressure
|move|p1a: Araquanid|Liquidation|p2a: Kyurem
|-resisted|p2a: Kyurem
|-damage|p2a: Kyurem|76/100
|-unboost|p2a: Kyurem|def|1
|
|-heal|p1a: Araquanid|74/100 tox|[from] item: Leftovers
|-damage|p1a: Araquanid|55/100 tox|[from] psn
|upkeep
|turn|4
|inactive|sly_skip has 120 seconds left.
|
|t:|1758373366
|move|p2a: Kyurem|Freeze-Dry|p1a: Araquanid
|-supereffective|p1a: Araquanid
|-crit|p1a: Araquanid
|-damage|p1a: Araquanid|0 fnt
|faint|p1a: Araquanid
|
|upkeep
|inactive|diegoluquechaves has 90 seconds left.
|
|t:|1758373402
|switch|p1a: Glimmora|Glimmora, M|100/100
|turn|5
|inactive|sly_skip has 120 seconds left.
|
|t:|1758373421
|move|p2a: Kyurem|Earth Power|p1a: Glimmora
|-supereffective|p1a: Glimmora
|-damage|p1a: Glimmora|0 fnt
|faint|p1a: Glimmora
|
|upkeep
|j| Jinghan Yu
|l| Jinghan Yu
|j| Jinghan Yu
|
|t:|1758373440
|switch|p1a: Typhlosion|Typhlosion-Hisui, F|100/100
|-item|p2a: Kyurem|Heavy-Duty Boots|[from] ability: Frisk|[of] p1a: Typhlosion
|turn|6
|l| Jinghan Yu
|
|t:|1758373452
|move|p1a: Typhlosion|Eruption|p2a: Kyurem
|-damage|p2a: Kyurem|0 fnt
|faint|p2a: Kyurem
|
|upkeep
|inactive|sly_skip has 120 seconds left.
|
|t:|1758373475
|switch|p2a: Darkrai|Darkrai|100/100
|turn|7
|
|t:|1758373483
|move|p1a: Typhlosion|Eruption|p2a: Darkrai
|-damage|p2a: Darkrai|0 fnt
|faint|p2a: Darkrai
|
|upkeep
|inactive|sly_skip has 120 seconds left.
|inactive|sly_skip has 90 seconds left.
|
|t:|1758373529
|switch|p2a: Garganacl|Garganacl, F|100/100
|-activate|p2a: Garganacl|move: Sticky Web
|-unboost|p2a: Garganacl|spe|1
|turn|8
|
|t:|1758373550
|switch|p1a: Great Tusk|Great Tusk|100/100
|-enditem|p1a: Great Tusk|Booster Energy
|-activate|p1a: Great Tusk|ability: Protosynthesis|[fromitem]
|-start|p1a: Great Tusk|protosynthesisatk
|move|p2a: Garganacl|Salt Cure|p1a: Great Tusk
|-resisted|p1a: Great Tusk
|-damage|p1a: Great Tusk|98/100
|-start|p1a: Great Tusk|Salt Cure
|
|-damage|p1a: Great Tusk|86/100|[from] Salt Cure
|upkeep
|turn|9
|inactive|sly_skip has 90 seconds left.
|
|t:|1758373570
|-terastallize|p2a: Garganacl|Water
|move|p1a: Great Tusk|Headlong Rush|p2a: Garganacl
|-damage|p2a: Garganacl|50/100
|-unboost|p1a: Great Tusk|def|1
|-unboost|p1a: Great Tusk|spd|1
|move|p2a: Garganacl|Curse|p2a: Garganacl
|-unboost|p2a: Garganacl|spe|1
|-boost|p2a: Garganacl|atk|1
|-boost|p2a: Garganacl|def|1
|
|-heal|p2a: Garganacl|57/100|[from] item: Leftovers
|-damage|p1a: Great Tusk|74/100|[from] Salt Cure
|upkeep
|turn|10
|inactive|diegoluquechaves has 60 seconds left.
|
|t:|1758373588
|-end|p1a: Great Tusk|Protosynthesis|[silent]
|switch|p1a: Ogerpon|Ogerpon, F|100/100
|move|p2a: Garganacl|Recover|p2a: Garganacl
|-heal|p2a: Garganacl|100/100
|
|upkeep
|turn|11
|inactive|sly_skip has 90 seconds left.
|
|t:|1758373622
|move|p1a: Ogerpon|Swords Dance|p1a: Ogerpon
|-boost|p1a: Ogerpon|atk|2
|move|p2a: Garganacl|Salt Cure|p1a: Ogerpon
|-damage|p1a: Ogerpon|75/100
|-start|p1a: Ogerpon|Salt Cure
|
|-damage|p1a: Ogerpon|62/100|[from] Salt Cure
|upkeep
|turn|12
|
|t:|1758373635
|switch|p2a: Great Tusk|Great Tusk|100/100
|move|p1a: Ogerpon|Ivy Cudgel|p2a: Great Tusk
|-supereffective|p2a: Great Tusk
|-damage|p2a: Great Tusk|0 fnt
|faint|p2a: Great Tusk
|-end|p2a: Great Tusk|Protosynthesis|[silent]
|
|-damage|p1a: Ogerpon|50/100|[from] Salt Cure
|upkeep
|
|t:|1758373637
|switch|p2a: Slowking|Slowking-Galar, M|91/100
|turn|13
|inactive|sly_skip has 90 seconds left.
|
|t:|1758373651
|move|p1a: Ogerpon|Knock Off|p2a: Slowking
|-supereffective|p2a: Slowking
|-damage|p2a: Slowking|0 fnt
|-enditem|p2a: Slowking|Heavy-Duty Boots|[from] move: Knock Off|[of] p1a: Ogerpon
|faint|p2a: Slowking
|
|-damage|p1a: Ogerpon|38/100|[from] Salt Cure
|upkeep
|inactive|sly_skip has 90 seconds left.
|
|t:|1758373681
|switch|p2a: Zamazenta|Zamazenta|100/100
|-activate|p2a: Zamazenta|move: Sticky Web
|-unboost|p2a: Zamazenta|spe|1
|-ability|p2a: Zamazenta|Dauntless Shield|boost
|-boost|p2a: Zamazenta|def|1
|turn|14
|
|t:|1758373700
|move|p1a: Ogerpon|U-turn|p2a: Zamazenta
|-resisted|p2a: Zamazenta
|-damage|p2a: Zamazenta|90/100
|
|t:|1758373703
|switch|p1a: Typhlosion|Typhlosion-Hisui, F|100/100|[from] U-turn
|-item|p2a: Zamazenta|Leftovers|[from] ability: Frisk|[of] p1a: Typhlosion
|move|p2a: Zamazenta|Heavy Slam|p1a: Typhlosion
|-resisted|p1a: Typhlosion
|-damage|p1a: Typhlosion|84/100
|
|-heal|p2a: Zamazenta|96/100|[from] item: Leftovers
|upkeep
|turn|15
|inactive|sly_skip has 60 seconds left.
|
|t:|1758373736
|switch|p2a: Garganacl|Garganacl, F, tera:Water|100/100
|-activate|p2a: Garganacl|move: Sticky Web
|-unboost|p2a: Garganacl|spe|1
|move|p1a: Typhlosion|Infernal Parade|p2a: Garganacl
|-damage|p2a: Garganacl|88/100
|
|-heal|p2a: Garganacl|94/100|[from] item: Leftovers
|upkeep
|turn|16
|inactive|diegoluquechaves has 60 seconds left.
|
|t:|1758373761
|switch|p1a: Ogerpon|Ogerpon, F|38/100
|move|p2a: Garganacl|Salt Cure|p1a: Ogerpon
|-damage|p1a: Ogerpon|20/100
|-start|p1a: Ogerpon|Salt Cure
|
|-heal|p2a: Garganacl|99/100|[from] item: Leftovers
|-damage|p1a: Ogerpon|8/100|[from] Salt Cure
|upkeep
|turn|17
|inactive|diegoluquechaves has 60 seconds left.
|
|t:|1758373777
|move|p1a: Ogerpon|Ivy Cudgel|p2a: Garganacl
|-supereffective|p2a: Garganacl
|-damage|p2a: Garganacl|25/100
|move|p2a: Garganacl|Curse|p2a: Garganacl
|-unboost|p2a: Garganacl|spe|1
|-boost|p2a: Garganacl|atk|1
|-boost|p2a: Garganacl|def|1
|
|-heal|p2a: Garganacl|31/100|[from] item: Leftovers
|-damage|p1a: Ogerpon|0 fnt|[from] Salt Cure
|faint|p1a: Ogerpon
|upkeep
|inactive|diegoluquechaves has 30 seconds left.
|inactive|diegoluquechaves has 20 seconds left.
|inactive|diegoluquechaves has 15 seconds left.
|inactive|diegoluquechaves has 10 seconds left.
|
|t:|1758373826
|switch|p1a: Typhlosion|Typhlosion-Hisui, F|84/100
|-item|p2a: Garganacl|Leftovers|[from] ability: Frisk|[of] p1a: Typhlosion
|turn|18
|inactive|diegoluquechaves has 20 seconds left this turn.
|inactive|diegoluquechaves has 15 seconds left.
|
|t:|1758373832
|-terastallize|p1a: Typhlosion|Fire
|move|p1a: Typhlosion|Eruption|p2a: Garganacl
|-resisted|p2a: Garganacl
|-damage|p2a: Garganacl|0 fnt
|faint|p2a: Garganacl
|
|upkeep
|
|t:|1758373837
|switch|p2a: Zamazenta|Zamazenta|96/100
|-activate|p2a: Zamazenta|move: Sticky Web
|-unboost|p2a: Zamazenta|spe|1
|turn|19
|inactive|diegoluquechaves has 30 seconds left this turn.
|
|t:|1758373843
|move|p1a: Typhlosion|Eruption|p2a: Zamazenta
|-damage|p2a: Zamazenta|23/100
|move|p2a: Zamazenta|Body Press|p1a: Typhlosion
|-damage|p1a: Typhlosion|27/100
|
|-heal|p2a: Zamazenta|29/100|[from] item: Leftovers
|upkeep
|turn|20
|inactive|diegoluquechaves has 30 seconds left.
|inactive|sly_skip has 90 seconds left.
|j| oldman rizzo
|
|t:|1758373878
|switch|p1a: Corviknight|Corviknight, F|100/100
|move|p2a: Zamazenta|Body Press|p1a: Corviknight
|-crit|p1a: Corviknight
|-damage|p1a: Corviknight|62/100
|-damage|p2a: Zamazenta|13/100|[from] item: Rocky Helmet|[of] p1a: Corviknight
|
|-heal|p2a: Zamazenta|19/100|[from] item: Leftovers
|upkeep
|turn|21
|inactive|diegoluquechaves has 30 seconds left.
|inactive|diegoluquechaves has 20 seconds left.
|inactive|diegoluquechaves has 15 seconds left.
|
|t:|1758373900
|move|p2a: Zamazenta|Iron Defense|p2a: Zamazenta
|-boost|p2a: Zamazenta|def|2
|move|p1a: Corviknight|U-turn|p2a: Zamazenta
|-resisted|p2a: Zamazenta
|-damage|p2a: Zamazenta|16/100
|inactive|diegoluquechaves has 20 seconds left this turn.
|inactive|diegoluquechaves has 15 seconds left.
|
|t:|1758373906
|switch|p1a: Typhlosion|Typhlosion-Hisui, F, tera:Fire|27/100|[from] U-turn
|-item|p2a: Zamazenta|Leftovers|[from] ability: Frisk|[of] p1a: Typhlosion
|
|-heal|p2a: Zamazenta|22/100|[from] item: Leftovers
|upkeep
|turn|22
|inactive|diegoluquechaves has 25 seconds left this turn.
|inactive|diegoluquechaves has 20 seconds left.
|inactive|sly_skip has 90 seconds left.
|
|t:|1758373936
|move|p1a: Typhlosion|Lava Plume|p2a: Zamazenta
|-damage|p2a: Zamazenta|0 fnt
|faint|p2a: Zamazenta
|
|win|diegoluquechaves
|raw|diegoluquechaves's rating: 1409 &rarr; <strong>1433</strong><br />(+24 for winning)
|raw|sly_skip's rating: 1484 &rarr; <strong>1460</strong><br />(-24 for losing)
|l|☆sly_skip
|player|p2|
|l|☆diegoluquechaves
|player|p1|
|l| oldman rizzo
