|badge|p2|bronze|gen9ou|100-6
|uhtml|medal-msg|<div class="broadcast-blue">Curious what those medals under the avatar are? PS now has Ladder Seasons! For more information, check out the <a href="https://www.smogon.com/forums/threads/3740067/">thread on Smogon.</a></div>
|j|‽A1Randy
|j|☆aceman2798
|t:|1758348926
|gametype|singles
|player|p1|A1Randy|burglar|1624
|player|p2|aceman2798|sada-ai|1845
|gen|9
|tier|[Gen 9] OU
|rated|
|rule|HP Percentage Mod: HP is shown in percentages
|rule|Endless Battle Clause: Forcing endless battles is banned
|rule|Species Clause: Limit one of each Pokémon
|rule|OHKO Clause: OHKO moves are banned
|rule|Evasion Items Clause: Evasion items are banned
|rule|Evasion Moves Clause: Evasion moves are banned
|rule|Evasion Abilities Clause: Evasion abilities are banned
|rule|Sleep Moves Clause: Sleep-inducing moves are banned
|clearpoke
|poke|p1|Iron Crown|
|poke|p1|Kyurem|
|poke|p1|Dragonite, M|
|poke|p1|Kingambit, F|
|poke|p1|Iron Valiant|
|poke|p1|Darkrai|
|poke|p2|Keldeo-Resolute|
|poke|p2|Dragapult, F|
|poke|p2|Slowking-Galar, F|
|poke|p2|Kingambit, M|
|poke|p2|Zapdos|
|poke|p2|Great Tusk|
|teampreview
|inactive|Battle timer is ON: inactive players will automatically lose when time's up. (requested by A1Randy)
|inactive|aceman2798 has 120 seconds left.
|inactive|aceman2798 has 90 seconds left.
|inactive|aceman2798 has 60 seconds left.
|
|t:|1758349039
|teamsize|p1|6
|teamsize|p2|6
|start
|switch|p1a: Darkrai|Darkrai|100/100
|switch|p2a: Kingambit|Kingambit, M|100/100
|turn|1
|inactive|A1Randy has 120 seconds left.
|inactive|aceman2798 has 90 seconds left.
|inactive|aceman2798 has 60 seconds left.
|n|☆A1Randy|a1randy
|
|t:|1758349107
|switch|p1a: Kingambit|Kingambit, F|100/100
|-end|p2a: Kingambit|fallenundefined|[silent]
|switch|p2a: Keldeo|Keldeo-Resolute|100/100
|
|upkeep
|turn|2
|inactive|A1Randy has 120 seconds left.
|inactive|aceman2798 has 60 seconds left.
|
|t:|1758349116
|-end|p1a: Kingambit|fallenundefined|[silent]
|switch|p1a: Iron Crown|Iron Crown|100/100
|move|p2a: Keldeo|Surf|p1a: Iron Crown
|-crit|p1a: Iron Crown
|-damage|p1a: Iron Crown|36/100
|
|upkeep
|turn|3
|inactive|aceman2798 has 60 seconds left.
|c|☆A1Randy|bro
|
|t:|1758349144
|switch|p2a: Slowking|Slowking-Galar, F|100/100
|move|p1a: Iron Crown|Psychic|p2a: Slowking
|-damage|p2a: Slowking|73/100
|
|-heal|p2a: Slowking|79/100|[from] item: Black Sludge
|upkeep
|turn|4
|c|☆A1Randy|play
|
|t:|1758349154
|-end|p1a: Iron Crown|Quark Drive|[silent]
|switch|p1a: Kingambit|Kingambit, F|100/100
|-prepare|p2a: Slowking|Chilly Reception|[premajor]
|move|p2a: Slowking|Chilly Reception|p2a: Slowking
|-weather|Snowscape
|
|t:|1758349158
|switch|p2a: Keldeo|Keldeo-Resolute|100/100|[from] Chilly Reception
|
|-weather|Snowscape|[upkeep]
|upkeep
|turn|5
|inactive|aceman2798 has 60 seconds left.
|
|t:|1758349165
|switch|p2a: Dragapult|Dragapult, F|100/100
|-end|p1a: Kingambit|fallenundefined|[silent]
|switch|p1a: Dragonite|Dragonite, M|100/100
|
|-weather|Snowscape|[upkeep]
|upkeep
|turn|6
|
|t:|1758349174
|-terastallize|p1a: Dragonite|Normal
|move|p2a: Dragapult|U-turn|p1a: Dragonite
|-damage|p1a: Dragonite|80/100
|
|t:|1758349183
|switch|p2a: Great Tusk|Great Tusk|100/100|[from] U-turn
|-enditem|p2a: Great Tusk|Booster Energy
|-activate|p2a: Great Tusk|ability: Protosynthesis|[fromitem]
|-start|p2a: Great Tusk|protosynthesisatk
|move|p1a: Dragonite|Scale Shot|p2a: Great Tusk|[miss]
|-miss|p1a: Dragonite|p2a: Great Tusk
|
|-weather|Snowscape|[upkeep]
|upkeep
|turn|7
|
|t:|1758349191
|move|p2a: Great Tusk|Stealth Rock|p1a: Dragonite
|-sidestart|p1: A1Randy|move: Stealth Rock
|move|p1a: Dragonite|Scale Shot|p2a: Great Tusk
|-damage|p2a: Great Tusk|91/100
|-damage|p2a: Great Tusk|78/100
|-damage|p2a: Great Tusk|68/100
|-damage|p2a: Great Tusk|57/100
|-damage|p2a: Great Tusk|46/100
|-hitcount|p2a: Great Tusk|5
|-unboost|p1a: Dragonite|def|1
|-boost|p1a: Dragonite|spe|1
|
|-weather|Snowscape|[upkeep]
|upkeep
|turn|8
|
|t:|1758349202
|move|p1a: Dragonite|Scale Shot|p2a: Great Tusk
|-damage|p2a: Great Tusk|36/100
|-damage|p2a: Great Tusk|25/100
|-damage|p2a: Great Tusk|13/100
|-damage|p2a: Great Tusk|2/100
|-hitcount|p2a: Great Tusk|4
|-unboost|p1a: Dragonite|def|1
|-boost|p1a: Dragonite|spe|1
|move|p2a: Great Tusk|Headlong Rush|p1a: Dragonite
|-damage|p1a: Dragonite|0 fnt
|-unboost|p2a: Great Tusk|def|1
|-unboost|p2a: Great Tusk|spd|1
|faint|p1a: Dragonite
|
|-weather|none
|upkeep
|
|t:|1758349215
|switch|p1a: Iron Crown|Iron Crown|36/100
|-damage|p1a: Iron Crown|29/100|[from] Stealth Rock
|turn|9
|
|t:|1758349229
|move|p1a: Iron Crown|Psychic|p2a: Great Tusk
|-supereffective|p2a: Great Tusk
|-crit|p2a: Great Tusk
|-damage|p2a: Great Tusk|0 fnt
|faint|p2a: Great Tusk
|-end|p2a: Great Tusk|Protosynthesis|[silent]
|
|upkeep
|inactive|aceman2798 has 60 seconds left.
|inactive|aceman2798 has 30 seconds left.
|
|t:|1758349280
|switch|p2a: Dragapult|Dragapult, F|100/100
|turn|10
|j| pwjdjcnsjcjsc
|
|t:|1758349283
|move|p1a: Iron Crown|Psychic|p2a: Dragapult
|-damage|p2a: Dragapult|39/100
|move|p2a: Dragapult|U-turn|p1a: Iron Crown
|-damage|p1a: Iron Crown|0 fnt
|faint|p1a: Iron Crown
|-end|p1a: Iron Crown|Quark Drive|[silent]
|inactive|aceman2798 has 30 seconds left.
|
|t:|1758349301
|switch|p2a: Kingambit|Kingambit, M|100/100|[from] U-turn
|-activate|p2a: Kingambit|ability: Supreme Overlord
|-start|p2a: Kingambit|fallen1|[silent]
|
|upkeep
|
|t:|1758349307
|switch|p1a: Iron Valiant|Iron Valiant, shiny|100/100
|-damage|p1a: Iron Valiant|94/100|[from] Stealth Rock
|turn|11
|
|t:|1758349312
|-terastallize|p2a: Kingambit|Flying
|move|p1a: Iron Valiant|Vacuum Wave|p2a: Kingambit
|-resisted|p2a: Kingambit
|-damage|p2a: Kingambit|87/100
|-damage|p1a: Iron Valiant|85/100|[from] item: Life Orb
|move|p2a: Kingambit|Iron Head|p1a: Iron Valiant
|-supereffective|p1a: Iron Valiant
|-damage|p1a: Iron Valiant|0 fnt
|faint|p1a: Iron Valiant
|-end|p1a: Iron Valiant|Quark Drive|[silent]
|
|-heal|p2a: Kingambit|93/100|[from] item: Leftovers
|upkeep
|
|t:|1758349316
|switch|p1a: Kyurem|Kyurem|100/100
|-damage|p1a: Kyurem|75/100|[from] Stealth Rock
|-ability|p1a: Kyurem|Pressure
|turn|12
|l| pwjdjcnsjcjsc
|
|t:|1758349332
|move|p1a: Kyurem|Scale Shot|p2a: Kingambit
|-damage|p2a: Kingambit|82/100
|-damage|p2a: Kingambit|70/100
|-damage|p2a: Kingambit|59/100
|-damage|p2a: Kingambit|48/100
|-hitcount|p2a: Kingambit|4
|-unboost|p1a: Kyurem|def|1
|-boost|p1a: Kyurem|spe|1
|move|p2a: Kingambit|Low Kick|p1a: Kyurem
|-supereffective|p1a: Kyurem
|-damage|p1a: Kyurem|0 fnt
|faint|p1a: Kyurem
|
|-heal|p2a: Kingambit|54/100|[from] item: Leftovers
|upkeep
|
|t:|1758349341
|switch|p1a: Darkrai|Darkrai|100/100
|-damage|p1a: Darkrai|88/100|[from] Stealth Rock
|turn|13
|
|t:|1758349354
|-end|p2a: Kingambit|fallen1|[silent]
|switch|p2a: Slowking|Slowking-Galar, F|100/100
|move|p1a: Darkrai|Ice Beam|p2a: Slowking
|-damage|p2a: Slowking|83/100
|
|-heal|p2a: Slowking|89/100|[from] item: Black Sludge
|upkeep
|turn|14
|
|t:|1758349376
|move|p1a: Darkrai|Nasty Plot|p1a: Darkrai
|-boost|p1a: Darkrai|spa|2
|move|p2a: Slowking|Trick|p1a: Darkrai
|-activate|p2a: Slowking|move: Trick|[of] p1a: Darkrai
|-item|p1a: Darkrai|Black Sludge|[from] move: Trick
|-item|p2a: Slowking|Focus Sash|[from] move: Trick
|
|-damage|p1a: Darkrai|76/100|[from] item: Black Sludge
|upkeep
|turn|15
|
|t:|1758349380
|move|p1a: Darkrai|Dark Pulse|p2a: Slowking
|-supereffective|p2a: Slowking
|-damage|p2a: Slowking|0 fnt
|faint|p2a: Slowking
|
|-damage|p1a: Darkrai|63/100|[from] item: Black Sludge
|upkeep
|
|t:|1758349383
|switch|p2a: Dragapult|Dragapult, F|39/100
|turn|16
|
|t:|1758349386
|move|p2a: Dragapult|U-turn|p1a: Darkrai
|-supereffective|p1a: Darkrai
|-damage|p1a: Darkrai|0 fnt
|faint|p1a: Darkrai
|
|t:|1758349388
|switch|p2a: Keldeo|Keldeo-Resolute|100/100|[from] U-turn
|
|upkeep
|
|t:|1758349392
|switch|p1a: Kingambit|Kingambit, F|100/100
|-damage|p1a: Kingambit|94/100|[from] Stealth Rock
|-activate|p1a: Kingambit|ability: Supreme Overlord
|-start|p1a: Kingambit|fallen5|[silent]
|turn|17
|-message|A1Randy forfeited.
|
|win|aceman2798
|raw|A1Randy's rating: 1624 &rarr; <strong>1615</strong><br />(-9 for losing)
|raw|aceman2798's rating: 1845 &rarr; <strong>1854</strong><br />(+9 for winning)
|l|☆A1Randy
|player|p1|
