|j|☆Oosugsagnjkd
|j|☆k2kaytwo
|t:|1758291183
|gametype|singles
|player|p1|Oosugsagnjkd|pokemonrangerf|1124
|player|p2|k2kaytwo|101|1168
|gen|9
|tier|[Gen 9] OU
|rated|
|rule|HP Percentage Mod: HP is shown in percentages
|rule|Endless Battle Clause: Forcing endless battles is banned
|rule|Species Clause: Limit one of each Pokémon
|rule|OHKO Clause: OHKO moves are banned
|rule|Evasion Items Clause: Evasion items are banned
|rule|Evasion Moves Clause: Evasion moves are banned
|rule|Evasion Abilities Clause: Evasion abilities are banned
|rule|Sleep Moves Clause: Sleep-inducing moves are banned
|clearpoke
|poke|p1|Brambleghast, M|
|poke|p1|Kilowattrel, F|
|poke|p1|Dachsbun, F|
|poke|p1|Pelipper, M|
|poke|p1|Avalugg, M|
|poke|p1|Forretress, F|
|poke|p2|Araquanid, M|
|poke|p2|Great Tusk|
|poke|p2|Iron Moth|
|poke|p2|Gholdengo|
|poke|p2|Kyurem|
|poke|p2|Kingambit, F|
|teampreview
|inactive|Battle timer is ON: inactive players will automatically lose when time's up. (requested by k2kaytwo)
|
|t:|1758291189
|teamsize|p1|6
|teamsize|p2|6
|start
|switch|p1a: Forretress|Forretress, F|100/100
|switch|p2a: Araquanid|Araquanid, M|100/100
|turn|1
|
|t:|1758291194
|move|p2a: Araquanid|Sticky Web|p1a: Forretress
|-sidestart|p1: Oosugsagnjkd|move: Sticky Web
|move|p1a: Forretress|Lunge|p2a: Araquanid
|-damage|p2a: Araquanid|45/100
|-unboost|p2a: Araquanid|atk|1
|
|upkeep
|turn|2
|
|t:|1758291204
|move|p2a: Araquanid|Endure|p2a: Araquanid
|-singleturn|p2a: Araquanid|move: Endure
|move|p1a: Forretress|Lunge|p2a: Araquanid
|-activate|p2a: Araquanid|move: Endure
|-damage|p2a: Araquanid|1/100
|-unboost|p2a: Araquanid|atk|1
|
|upkeep
|turn|3
|-enditem|p2a: Araquanid|Custap Berry|[eat]
|-activate|p2a: Araquanid|item: Custap Berry|[consumed]
|
|t:|1758291210
|switch|p1a: Brambleghast|Brambleghast, M|100/100
|-activate|p1a: Brambleghast|move: Sticky Web
|-unboost|p1a: Brambleghast|spe|1
|move|p2a: Araquanid|Endeavor|p1a: Brambleghast
|-immune|p1a: Brambleghast
|
|upkeep
|turn|4
|
|t:|1758291225
|move|p1a: Brambleghast|Rapid Spin|p2a: Araquanid
|-damage|p2a: Araquanid|0 fnt
|-boost|p1a: Brambleghast|spe|1
|-sideend|p1: Oosugsagnjkd|Sticky Web|[from] move: Rapid Spin|[of] p1a: Brambleghast
|faint|p2a: Araquanid
|
|upkeep
|
|t:|1758291231
|switch|p2a: Great Tusk|Great Tusk|100/100
|-enditem|p2a: Great Tusk|Booster Energy
|-activate|p2a: Great Tusk|ability: Protosynthesis|[fromitem]
|-start|p2a: Great Tusk|protosynthesisatk
|turn|5
|
|t:|1758291241
|switch|p1a: Pelipper|Pelipper, M, shiny|100/100
|-weather|RainDance|[from] ability: Drizzle|[of] p1a: Pelipper
|move|p2a: Great Tusk|Bulk Up|p2a: Great Tusk
|-boost|p2a: Great Tusk|atk|1
|-boost|p2a: Great Tusk|def|1
|
|-weather|RainDance|[upkeep]
|upkeep
|turn|6
|
|t:|1758291248
|move|p2a: Great Tusk|Ice Spinner|p1a: Pelipper
|-damage|p1a: Pelipper|31/100
|move|p1a: Pelipper|Hurricane|p2a: Great Tusk
|-supereffective|p2a: Great Tusk
|-damage|p2a: Great Tusk|0 fnt
|faint|p2a: Great Tusk
|-end|p2a: Great Tusk|Protosynthesis|[silent]
|
|-weather|RainDance|[upkeep]
|upkeep
|
|t:|1758291255
|switch|p2a: Kyurem|Kyurem|100/100
|-ability|p2a: Kyurem|Pressure
|turn|7
|
|t:|1758291262
|-terastallize|p2a: Kyurem|Ice
|move|p2a: Kyurem|Dragon Dance|p2a: Kyurem
|-boost|p2a: Kyurem|atk|1
|-boost|p2a: Kyurem|spe|1
|move|p1a: Pelipper|Hurricane|p2a: Kyurem
|-damage|p2a: Kyurem|64/100
|
|-weather|RainDance|[upkeep]
|upkeep
|turn|8
|
|t:|1758291269
|move|p2a: Kyurem|Freeze-Dry|p1a: Pelipper
|-supereffective|p1a: Pelipper
|-damage|p1a: Pelipper|0 fnt
|faint|p1a: Pelipper
|
|-weather|RainDance|[upkeep]
|upkeep
|
|t:|1758291274
|switch|p1a: Avalugg|Avalugg, M, shiny|100/100
|turn|9
|
|t:|1758291291
|move|p2a: Kyurem|Earth Power|p1a: Avalugg
|-damage|p1a: Avalugg|57/100
|move|p1a: Avalugg|Body Press|p2a: Kyurem
|-supereffective|p2a: Kyurem
|-damage|p2a: Kyurem|0 fnt
|faint|p2a: Kyurem
|
|-weather|RainDance|[upkeep]
|-heal|p1a: Avalugg|63/100|[from] item: Leftovers
|upkeep
|
|t:|1758291298
|switch|p2a: Iron Moth|Iron Moth|100/100
|-enditem|p2a: Iron Moth|Booster Energy
|-activate|p2a: Iron Moth|ability: Quark Drive|[fromitem]
|-start|p2a: Iron Moth|quarkdrivespa
|turn|10
|
|t:|1758291303
|switch|p1a: Dachsbun|Dachsbun, F|100/100
|move|p2a: Iron Moth|Fiery Dance|p1a: Dachsbun
|-ability|p1a: Dachsbun|Well-Baked Body|boost
|-boost|p1a: Dachsbun|def|2
|
|-weather|RainDance|[upkeep]
|upkeep
|turn|11
|
|t:|1758291317
|-terastallize|p1a: Dachsbun|Steel
|move|p2a: Iron Moth|Substitute|p2a: Iron Moth
|-start|p2a: Iron Moth|Substitute
|-damage|p2a: Iron Moth|76/100
|move|p1a: Dachsbun|Body Press|p2a: Iron Moth
|-resisted|p2a: Iron Moth
|-end|p2a: Iron Moth|Substitute
|
|-weather|RainDance|[upkeep]
|upkeep
|turn|12
|
|t:|1758291326
|move|p2a: Iron Moth|Fiery Dance|p1a: Dachsbun
|-ability|p1a: Dachsbun|Well-Baked Body|boost
|-boost|p1a: Dachsbun|def|2
|move|p1a: Dachsbun|Body Press|p2a: Iron Moth
|-resisted|p2a: Iron Moth
|-damage|p2a: Iron Moth|18/100
|
|-weather|none
|upkeep
|turn|13
|c|☆Oosugsagnjkd|smartnt
|
|t:|1758291337
|move|p2a: Iron Moth|Energy Ball|p1a: Dachsbun
|-resisted|p1a: Dachsbun
|-damage|p1a: Dachsbun|63/100
|-unboost|p1a: Dachsbun|spd|1
|move|p1a: Dachsbun|Body Press|p2a: Iron Moth
|-resisted|p2a: Iron Moth
|-damage|p2a: Iron Moth|0 fnt
|faint|p2a: Iron Moth
|-end|p2a: Iron Moth|Quark Drive|[silent]
|
|-heal|p1a: Dachsbun|69/100|[from] item: Leftovers
|upkeep
|
|t:|1758291343
|switch|p2a: Gholdengo|Gholdengo|100/100
|-item|p2a: Gholdengo|Air Balloon
|turn|14
|
|t:|1758291354
|switch|p1a: Avalugg|Avalugg, M, shiny|63/100
|move|p2a: Gholdengo|Focus Blast|p1a: Avalugg|[miss]
|-miss|p2a: Gholdengo|p1a: Avalugg
|
|-heal|p1a: Avalugg|69/100|[from] item: Leftovers
|upkeep
|turn|15
|l|☆k2kaytwo
|inactive|k2kaytwo disconnected and has a minute to reconnect!
|player|p2|
|inactive|k2kaytwo has 30 seconds to reconnect!
|inactive|k2kaytwo has 20 seconds to reconnect!
|inactive|k2kaytwo has 15 seconds to reconnect!
|inactive|k2kaytwo has 10 seconds to reconnect!
|inactive|k2kaytwo has 5 seconds to reconnect!
|-message|k2kaytwo lost due to inactivity.
|
|win|Oosugsagnjkd
|raw|Oosugsagnjkd's rating: 1124 &rarr; <strong>1152</strong><br />(+28 for winning)
|raw|k2kaytwo's rating: 1168 &rarr; <strong>1140</strong><br />(-28 for losing)
|l|☆Oosugsagnjkd
|player|p1|
|j|☆k2kaytwo
|player|p2|k2kaytwo|101|
|l|☆k2kaytwo
|player|p2|
