|j|☆Uli17chavez
|j|☆Dillnchill
|t:|1758341181
|gametype|singles
|player|p1|Uli17chavez|102|1351
|player|p2|Dillnchill|roxie|1410
|gen|9
|tier|[Gen 9] OU
|rated|
|rule|HP Percentage Mod: HP is shown in percentages
|rule|Endless Battle Clause: Forcing endless battles is banned
|rule|Species Clause: Limit one of each Pokémon
|rule|OHKO Clause: OHKO moves are banned
|rule|Evasion Items Clause: Evasion items are banned
|rule|Evasion Moves Clause: Evasion moves are banned
|rule|Evasion Abilities Clause: Evasion abilities are banned
|rule|Sleep Moves Clause: Sleep-inducing moves are banned
|clearpoke
|poke|p1|Garchomp, M|
|poke|p1|Espeon, F|
|poke|p1|Cinderace, M|
|poke|p1|Zapdos|
|poke|p1|Ogerpon-Wellspring, F|
|poke|p1|Darkrai|
|poke|p2|Slowking-Galar, F|
|poke|p2|Great Tusk|
|poke|p2|Ogerpon, F|
|poke|p2|Kingambit, F|
|poke|p2|Enamorus, F|
|poke|p2|Raging Bolt|
|teampreview
|inactive|Battle timer is ON: inactive players will automatically lose when time's up. (requested by Dillnchill)
|
|t:|1758341197
|teamsize|p1|6
|teamsize|p2|6
|start
|switch|p1a: Cinderace|Cinderace, M|100/100
|switch|p2a: Ogerpon|Ogerpon, F|100/100
|turn|1
|
|t:|1758341205
|switch|p2a: Slowking|Slowking-Galar, F, shiny|100/100
|move|p1a: Cinderace|Pyro Ball|p2a: Slowking
|-damage|p2a: Slowking|43/100
|
|upkeep
|turn|2
|
|t:|1758341209
|switch|p2a: Great Tusk|Great Tusk, shiny|100/100
|move|p1a: Cinderace|Pyro Ball|p2a: Great Tusk
|-damage|p2a: Great Tusk|43/100
|
|upkeep
|turn|3
|
|t:|1758341216
|move|p1a: Cinderace|Pyro Ball|p2a: Great Tusk
|-crit|p2a: Great Tusk
|-damage|p2a: Great Tusk|0 fnt
|faint|p2a: Great Tusk
|-end|p2a: Great Tusk|Protosynthesis|[silent]
|
|upkeep
|
|t:|1758341232
|switch|p2a: Raging Bolt|Raging Bolt|100/100
|turn|4
|
|t:|1758341239
|switch|p1a: Zapdos|Zapdos|100/100
|-ability|p1a: Zapdos|Pressure
|move|p2a: Raging Bolt|Draco Meteor|p1a: Zapdos
|-damage|p1a: Zapdos|0 fnt
|-unboost|p2a: Raging Bolt|spa|2
|faint|p1a: Zapdos
|
|upkeep
|
|t:|1758341241
|switch|p1a: Espeon|Espeon, F|100/100
|turn|5
|
|t:|1758341250
|-end|p2a: Raging Bolt|Protosynthesis|[silent]
|switch|p2a: Ogerpon|Ogerpon, F|100/100
|move|p1a: Espeon|Future Sight|p2a: Ogerpon
|-start|p1a: Espeon|move: Future Sight
|
|upkeep
|turn|6
|inactive|Uli17chavez has 120 seconds left.
|inactive|Uli17chavez has 90 seconds left.
|
|t:|1758341329
|move|p2a: Ogerpon|Knock Off|p1a: Espeon
|-supereffective|p1a: Espeon
|-damage|p1a: Espeon|0 fnt
|-enditem|p1a: Espeon|Life Orb|[from] move: Knock Off|[of] p2a: Ogerpon
|faint|p1a: Espeon
|
|upkeep
|
|t:|1758341334
|switch|p1a: Ogerpon|Ogerpon-Wellspring, F|100/100
|turn|7
|
|t:|1758341343
|switch|p2a: Kingambit|Kingambit, F, shiny|100/100
|-activate|p2a: Kingambit|ability: Supreme Overlord
|-start|p2a: Kingambit|fallen1|[silent]
|move|p1a: Ogerpon|Swords Dance|p1a: Ogerpon
|-boost|p1a: Ogerpon|atk|2
|
|-end|p2a: Kingambit|move: Future Sight
|-immune|p2a: Kingambit
|upkeep
|turn|8
|
|t:|1758341351
|move|p1a: Ogerpon|Ivy Cudgel|p2a: Kingambit|[anim] Ivy Cudgel Water
|-damage|p2a: Kingambit|12/100
|move|p2a: Kingambit|Kowtow Cleave|p1a: Ogerpon
|-damage|p1a: Ogerpon|34/100
|
|-heal|p2a: Kingambit|19/100|[from] item: Leftovers
|upkeep
|turn|9
|
|t:|1758341357
|move|p1a: Ogerpon|Swords Dance|p1a: Ogerpon
|-boost|p1a: Ogerpon|atk|2
|move|p2a: Kingambit|Kowtow Cleave|p1a: Ogerpon
|-damage|p1a: Ogerpon|0 fnt
|faint|p1a: Ogerpon
|
|-heal|p2a: Kingambit|25/100|[from] item: Leftovers
|upkeep
|
|t:|1758341361
|switch|p1a: Cinderace|Cinderace, M|100/100
|turn|10
|
|t:|1758341368
|move|p2a: Kingambit|Sucker Punch|p1a: Cinderace
|-damage|p1a: Cinderace|39/100
|move|p1a: Cinderace|U-turn|p2a: Kingambit
|-start|p1a: Cinderace|typechange|Bug|[from] ability: Libero
|-damage|p2a: Kingambit|0 fnt
|faint|p2a: Kingambit
|-end|p2a: Kingambit|fallen1|[silent]
|inactive|Uli17chavez has 120 seconds left.
|
|t:|1758341381
|switch|p1a: Garchomp|Garchomp, M|100/100|[from] U-turn
|
|upkeep
|
|t:|1758341388
|switch|p2a: Enamorus|Enamorus, F|100/100
|turn|11
|inactive|Uli17chavez has 120 seconds left.
|
|t:|1758341398
|switch|p2a: Ogerpon|Ogerpon, F|100/100
|-terastallize|p1a: Garchomp|Steel
|move|p1a: Garchomp|Stone Edge|p2a: Ogerpon
|-crit|p2a: Ogerpon
|-damage|p2a: Ogerpon|32/100
|
|upkeep
|turn|12
|
|t:|1758341409
|move|p2a: Ogerpon|Knock Off|p1a: Garchomp
|-damage|p1a: Garchomp|49/100
|-damage|p2a: Ogerpon|19/100|[from] ability: Rough Skin|[of] p1a: Garchomp
|-enditem|p1a: Garchomp|Loaded Dice|[from] move: Knock Off|[of] p2a: Ogerpon
|move|p1a: Garchomp|Scale Shot|p2a: Ogerpon
|-damage|p2a: Ogerpon|2/100
|-damage|p2a: Ogerpon|0 fnt
|faint|p2a: Ogerpon
|-hitcount|p2: Ogerpon|2
|-unboost|p1a: Garchomp|def|1
|-boost|p1a: Garchomp|spe|1
|
|upkeep
|inactive|Dillnchill has 120 seconds left.
|
|t:|1758341438
|switch|p2a: Raging Bolt|Raging Bolt|100/100
|turn|13
|
|t:|1758341444
|-terastallize|p2a: Raging Bolt|Bug
|move|p1a: Garchomp|Earthquake|p2a: Raging Bolt
|-resisted|p2a: Raging Bolt
|-damage|p2a: Raging Bolt|77/100
|move|p2a: Raging Bolt|Thunderbolt|p1a: Garchomp
|-damage|p1a: Garchomp|0 fnt
|faint|p1a: Garchomp
|
|upkeep
|
|t:|1758341449
|switch|p1a: Darkrai|Darkrai|100/100
|turn|14
|
|t:|1758341454
|move|p1a: Darkrai|Nasty Plot|p1a: Darkrai
|-boost|p1a: Darkrai|spa|2
|move|p2a: Raging Bolt|Thunderbolt|p1a: Darkrai
|-damage|p1a: Darkrai|1/100
|-status|p1a: Darkrai|par
|
|-heal|p1a: Darkrai|7/100 par|[from] item: Leftovers
|upkeep
|turn|15
|
|t:|1758341459
|move|p2a: Raging Bolt|Thunderbolt|p1a: Darkrai
|-damage|p1a: Darkrai|0 fnt
|faint|p1a: Darkrai
|
|upkeep
|-message|Uli17chavez forfeited.
|
|win|Dillnchill
|raw|Uli17chavez's rating: 1351 &rarr; <strong>1334</strong><br />(-17 for losing)
|raw|Dillnchill's rating: 1410 &rarr; <strong>1427</strong><br />(+17 for winning)
|l|☆Uli17chavez
|player|p1|
|l|☆Dillnchill
|player|p2|
