|j|☆Swag_SerotoninYT
|j|☆WhyteSmoke
|t:|1758292404
|gametype|singles
|player|p1|Swag_SerotoninYT|harlequin|1159
|player|p2|WhyteSmoke|169|1154
|gen|9
|tier|[Gen 9] OU
|rated|
|rule|HP Percentage Mod: HP is shown in percentages
|rule|Endless Battle Clause: Forcing endless battles is banned
|rule|Species Clause: Limit one of each Pokémon
|rule|OHKO Clause: OHKO moves are banned
|rule|Evasion Items Clause: Evasion items are banned
|rule|Evasion Moves Clause: Evasion moves are banned
|rule|Evasion Abilities Clause: Evasion abilities are banned
|rule|Sleep Moves Clause: Sleep-inducing moves are banned
|clearpoke
|poke|p1|Gastrodon, F|
|poke|p1|Masquerain, F|
|poke|p1|Stantler, M|
|poke|p1|Chandelure, M|
|poke|p1|Grimmsnarl, M|
|poke|p1|Sandslash-Alola, F|
|poke|p2|Tyranitar, M|
|poke|p2|Excadrill, M|
|poke|p2|Landorus-Therian, M|
|poke|p2|Garganacl, M|
|poke|p2|Garchomp, M|
|poke|p2|Ursaluna, M|
|teampreview
|inactive|Battle timer is ON: inactive players will automatically lose when time's up. (requested by Swag_SerotoninYT)
|
|t:|1758292411
|teamsize|p1|6
|teamsize|p2|6
|start
|switch|p1a: Masquerain|Masquerain, F|100/100
|switch|p2a: Tyranitar|Tyranitar, M, shiny|100/100
|-ability|p1a: Masquerain|Intimidate|boost
|-unboost|p2a: Tyranitar|atk|1
|-weather|Sandstorm|[from] ability: Sand Stream|[of] p2a: Tyranitar
|turn|1
|
|t:|1758292419
|switch|p2a: Excadrill|Excadrill, M, shiny|100/100
|move|p1a: Masquerain|Sticky Web|p2a: Excadrill
|-sidestart|p2: WhyteSmoke|move: Sticky Web
|
|-weather|Sandstorm|[upkeep]
|-damage|p1a: Masquerain|94/100|[from] Sandstorm
|upkeep
|turn|2
|
|t:|1758292425
|move|p2a: Excadrill|Hone Claws|p2a: Excadrill
|-boost|p2a: Excadrill|atk|1
|-boost|p2a: Excadrill|accuracy|1
|move|p1a: Masquerain|Stun Spore|p2a: Excadrill|[miss]
|-miss|p1a: Masquerain|p2a: Excadrill
|
|-weather|Sandstorm|[upkeep]
|-damage|p1a: Masquerain|88/100|[from] Sandstorm
|upkeep
|turn|3
|
|t:|1758292436
|move|p2a: Excadrill|Shadow Claw|p1a: Masquerain
|-damage|p1a: Masquerain|8/100
|move|p1a: Masquerain|Stun Spore|p2a: Excadrill
|-status|p2a: Excadrill|par
|
|-weather|Sandstorm|[upkeep]
|-damage|p1a: Masquerain|2/100|[from] Sandstorm
|upkeep
|turn|4
|
|t:|1758292444
|move|p1a: Masquerain|Ice Beam|p2a: Excadrill
|-damage|p2a: Excadrill|67/100 par
|cant|p2a: Excadrill|par
|
|-weather|Sandstorm|[upkeep]
|-damage|p1a: Masquerain|0 fnt|[from] Sandstorm
|faint|p1a: Masquerain
|upkeep
|inactive|Swag_SerotoninYT has 120 seconds left.
|
|t:|1758292481
|switch|p1a: Stantler|Stantler, M|100/100
|turn|5
|
|t:|1758292489
|move|p2a: Excadrill|Earthquake|p1a: Stantler
|-damage|p1a: Stantler|14/100
|move|p1a: Stantler|Earthquake|p2a: Excadrill
|-supereffective|p2a: Excadrill
|-crit|p2a: Excadrill
|-damage|p2a: Excadrill|0 fnt
|faint|p2a: Excadrill
|
|-weather|Sandstorm|[upkeep]
|-damage|p1a: Stantler|8/100|[from] Sandstorm
|upkeep
|
|t:|1758292503
|switch|p2a: Ursaluna|Ursaluna, M|100/100
|-activate|p2a: Ursaluna|move: Sticky Web
|-unboost|p2a: Ursaluna|spe|1
|turn|6
|
|t:|1758292508
|move|p1a: Stantler|Rest|p1a: Stantler
|-status|p1a: Stantler|slp|[from] move: Rest
|-heal|p1a: Stantler|100/100 slp|[silent]
|move|p2a: Ursaluna|Swords Dance|p2a: Ursaluna
|-boost|p2a: Ursaluna|atk|2
|
|-weather|Sandstorm|[upkeep]
|-damage|p1a: Stantler|94/100 slp|[from] Sandstorm
|-status|p2a: Ursaluna|brn|[from] item: Flame Orb
|upkeep
|turn|7
|
|t:|1758292519
|cant|p1a: Stantler|slp
|move|p1a: Stantler|Sleep Talk|p1a: Stantler
|move|p1a: Stantler|Earthquake|p2a: Ursaluna|[from] move: Sleep Talk
|-damage|p2a: Ursaluna|79/100 brn
|move|p2a: Ursaluna|Facade|p1a: Stantler
|-damage|p1a: Stantler|0 fnt
|faint|p1a: Stantler
|
|-weather|Sandstorm|[upkeep]
|-damage|p2a: Ursaluna|73/100 brn|[from] brn
|upkeep
|
|t:|1758292530
|switch|p1a: Gastrodon|Gastrodon, F|100/100
|turn|8
|
|t:|1758292538
|move|p1a: Gastrodon|Hydro Pump|p2a: Ursaluna
|-supereffective|p2a: Ursaluna
|-damage|p2a: Ursaluna|13/100 brn
|move|p2a: Ursaluna|Close Combat|p1a: Gastrodon
|-damage|p1a: Gastrodon|0 fnt
|-unboost|p2a: Ursaluna|def|1
|-unboost|p2a: Ursaluna|spd|1
|faint|p1a: Gastrodon
|
|-weather|none
|-damage|p2a: Ursaluna|7/100 brn|[from] brn
|upkeep
|
|t:|1758292553
|switch|p1a: Sandslash|Sandslash-Alola, F|100/100
|turn|9
|
|t:|1758292556
|move|p1a: Sandslash|Rapid Spin|p2a: Ursaluna
|-damage|p2a: Ursaluna|0 fnt
|-boost|p1a: Sandslash|spe|1
|faint|p2a: Ursaluna
|
|upkeep
|
|t:|1758292563
|switch|p2a: Garchomp|Garchomp, M|100/100
|-activate|p2a: Garchomp|move: Sticky Web
|-unboost|p2a: Garchomp|spe|1
|turn|10
|
|t:|1758292572
|switch|p2a: Garganacl|Garganacl, M, shiny|100/100
|-activate|p2a: Garganacl|move: Sticky Web
|-unboost|p2a: Garganacl|spe|1
|move|p1a: Sandslash|Ice Spinner|p2a: Garganacl
|-damage|p2a: Garganacl|76/100
|
|upkeep
|turn|11
|
|t:|1758292580
|move|p1a: Sandslash|Iron Head|p2a: Garganacl
|-supereffective|p2a: Garganacl
|-damage|p2a: Garganacl|30/100
|move|p2a: Garganacl|Body Press|p1a: Sandslash
|-supereffective|p1a: Sandslash
|-damage|p1a: Sandslash|28/100
|
|upkeep
|turn|12
|
|t:|1758292593
|move|p1a: Sandslash|Iron Head|p2a: Garganacl
|-supereffective|p2a: Garganacl
|-damage|p2a: Garganacl|0 fnt
|faint|p2a: Garganacl
|
|upkeep
|
|t:|1758292598
|switch|p2a: Landorus|Landorus-Therian, M|100/100
|-ability|p2a: Landorus|Intimidate|boost
|-unboost|p1a: Sandslash|atk|1
|turn|13
|
|t:|1758292607
|move|p2a: Landorus|Earthquake|p1a: Sandslash
|-supereffective|p1a: Sandslash
|-damage|p1a: Sandslash|0 fnt
|faint|p1a: Sandslash
|-damage|p2a: Landorus|91/100|[from] item: Life Orb
|
|upkeep
|
|t:|1758292611
|switch|p1a: Grimmsnarl|Grimmsnarl, M|100/100
|turn|14
|
|t:|1758292615
|move|p1a: Grimmsnarl|Thunder Wave|p2a: Landorus
|-immune|p2a: Landorus
|move|p2a: Landorus|Swords Dance|p2a: Landorus
|-boost|p2a: Landorus|atk|2
|
|upkeep
|turn|15
|
|t:|1758292624
|move|p2a: Landorus|U-turn|p1a: Grimmsnarl
|-damage|p1a: Grimmsnarl|20/100
|-enditem|p1a: Grimmsnarl|Sitrus Berry|[eat]
|-heal|p1a: Grimmsnarl|45/100|[from] item: Sitrus Berry
|-damage|p2a: Landorus|81/100|[from] item: Life Orb
|
|t:|1758292633
|switch|p2a: Garchomp|Garchomp, M|100/100|[from] U-turn
|-activate|p2a: Garchomp|move: Sticky Web
|-unboost|p2a: Garchomp|spe|1
|move|p1a: Grimmsnarl|Spirit Break|p2a: Garchomp
|-supereffective|p2a: Garchomp
|-damage|p2a: Garchomp|16/100
|-unboost|p2a: Garchomp|spa|1
|-damage|p1a: Grimmsnarl|33/100|[from] ability: Rough Skin|[of] p2a: Garchomp
|
|upkeep
|turn|16
|
|t:|1758292645
|move|p2a: Garchomp|Earthquake|p1a: Grimmsnarl
|-damage|p1a: Grimmsnarl|0 fnt
|faint|p1a: Grimmsnarl
|
|upkeep
|
|t:|1758292656
|switch|p1a: Chandelure|Chandelure, M|100/100
|turn|17
|
|t:|1758292665
|move|p1a: Chandelure|Energy Ball|p2a: Garchomp
|-damage|p2a: Garchomp|0 fnt
|faint|p2a: Garchomp
|
|upkeep
|
|t:|1758292669
|switch|p2a: Landorus|Landorus-Therian, M|81/100
|-ability|p2a: Landorus|Intimidate|boost
|-unboost|p1a: Chandelure|atk|1
|turn|18
|
|t:|1758292675
|-terastallize|p1a: Chandelure|Grass
|move|p2a: Landorus|Earthquake|p1a: Chandelure
|-resisted|p1a: Chandelure
|-damage|p1a: Chandelure|63/100
|-damage|p2a: Landorus|71/100|[from] item: Life Orb
|move|p1a: Chandelure|Energy Ball|p2a: Landorus
|-damage|p2a: Landorus|9/100
|
|upkeep
|turn|19
|
|t:|1758292686
|move|p2a: Landorus|U-turn|p1a: Chandelure
|-supereffective|p1a: Chandelure
|-damage|p1a: Chandelure|0 fnt
|faint|p1a: Chandelure
|-damage|p2a: Landorus|0 fnt|[from] item: Life Orb
|faint|p2a: Landorus
|
|win|WhyteSmoke
|raw|Swag_SerotoninYT's rating: 1159 &rarr; <strong>1134</strong><br />(-25 for losing)
|raw|WhyteSmoke's rating: 1154 &rarr; <strong>1179</strong><br />(+25 for winning)
|c|☆WhyteSmoke|gg
|l|☆Swag_SerotoninYT
|player|p1|
|l|☆WhyteSmoke
|player|p2|
