|j|☆Johnny tots
|j|☆quitknockin
|t:|1758338765
|gametype|singles
|player|p1|Johnny tots|170|1614
|player|p2|quitknockin|unknownf|1602
|gen|9
|tier|[Gen 9] OU
|rated|
|rule|HP Percentage Mod: HP is shown in percentages
|rule|Endless Battle Clause: Forcing endless battles is banned
|rule|Species Clause: Limit one of each Pokémon
|rule|OHKO Clause: OHKO moves are banned
|rule|Evasion Items Clause: Evasion items are banned
|rule|Evasion Moves Clause: Evasion moves are banned
|rule|Evasion Abilities Clause: Evasion abilities are banned
|rule|Sleep Moves Clause: Sleep-inducing moves are banned
|clearpoke
|poke|p1|Clefable, M|
|poke|p1|Dragonite, M|
|poke|p1|Thundurus-Therian, M|
|poke|p1|Manaphy|
|poke|p1|Iron Valiant|
|poke|p1|Klefki, F|
|poke|p2|Indeedee, M|
|poke|p2|Hatterene, F|
|poke|p2|Ursaluna, F|
|poke|p2|Iron Hands|
|poke|p2|Hoopa-Unbound|
|poke|p2|Mimikyu, F|
|teampreview
|inactive|Battle timer is ON: inactive players will automatically lose when time's up. (requested by quitknockin)
|inactive|Johnny tots has 120 seconds left.
|
|t:|1758338816
|teamsize|p1|6
|teamsize|p2|6
|start
|switch|p1a: Klefki|Klefki, F|100/100
|switch|p2a: Iron Hands|Iron Hands, shiny|100/100
|-enditem|p2a: Iron Hands|Booster Energy
|-activate|p2a: Iron Hands|ability: Quark Drive|[fromitem]
|-start|p2a: Iron Hands|quarkdriveatk
|turn|1
|
|t:|1758338831
|-end|p2a: Iron Hands|Quark Drive|[silent]
|switch|p2a: Hatterene|Hatterene, F, shiny|100/100
|move|p1a: Klefki|Reflect|p1a: Klefki
|-sidestart|p1: Johnny tots|Reflect
|
|upkeep
|turn|2
|
|t:|1758338834
|move|p1a: Klefki|Light Screen|p1a: Klefki
|-sidestart|p1: Johnny tots|move: Light Screen
|move|p2a: Hatterene|Trick Room|p2a: Hatterene
|-fieldstart|move: Trick Room|[of] p2a: Hatterene
|
|upkeep
|turn|3
|
|t:|1758338837
|switch|p1a: Clefable|Clefable, M|100/100
|move|p2a: Hatterene|Mystical Fire|p1a: Clefable
|-damage|p1a: Clefable|81/100
|-unboost|p1a: Clefable|spa|1
|-damage|p2a: Hatterene|91/100|[from] item: Life Orb
|
|-heal|p1a: Clefable|87/100|[from] item: Leftovers
|upkeep
|turn|4
|
|t:|1758338847
|switch|p2a: Ursaluna|Ursaluna, F, shiny|100/100
|move|p1a: Clefable|Calm Mind|p1a: Clefable
|-boost|p1a: Clefable|spa|1
|-boost|p1a: Clefable|spd|1
|
|-heal|p1a: Clefable|93/100|[from] item: Leftovers
|-status|p2a: Ursaluna|brn|[from] item: Flame Orb
|upkeep
|turn|5
|
|t:|1758338853
|-terastallize|p2a: Ursaluna|Normal
|move|p2a: Ursaluna|Facade|p1a: Clefable
|-damage|p1a: Clefable|6/100
|move|p1a: Clefable|Moonblast|p2a: Ursaluna
|-damage|p2a: Ursaluna|63/100 brn
|
|-heal|p1a: Clefable|13/100|[from] item: Leftovers
|-damage|p2a: Ursaluna|57/100 brn|[from] brn
|upkeep
|turn|6
|j| heatraniac
|
|t:|1758338868
|move|p2a: Ursaluna|Facade|p1a: Clefable
|-damage|p1a: Clefable|0 fnt
|faint|p1a: Clefable
|
|-damage|p2a: Ursaluna|51/100 brn|[from] brn
|-fieldend|move: Trick Room
|upkeep
|
|t:|1758338870
|switch|p1a: Manaphy|Manaphy|100/100
|turn|7
|l| heatraniac
|
|t:|1758338878
|switch|p2a: Mimikyu|Mimikyu, F, shiny|100/100
|move|p1a: Manaphy|Scald|p2a: Mimikyu
|-activate|p2a: Mimikyu|ability: Disguise
|-damage|p2a: Mimikyu|100/100
|detailschange|p2a: Mimikyu|Mimikyu-Busted, F, shiny
|-damage|p2a: Mimikyu|88/100|[from] pokemon: Mimikyu-Busted
|-enditem|p2a: Mimikyu|Red Card|[of] p1a: Manaphy
|drag|p1a: Thundurus|Thundurus-Therian, M|100/100
|
|upkeep
|turn|8
|
|t:|1758338883
|move|p1a: Thundurus|Agility|p1a: Thundurus
|-boost|p1a: Thundurus|spe|2
|move|p2a: Mimikyu|Trick Room|p2a: Mimikyu
|-fieldstart|move: Trick Room|[of] p2a: Mimikyu
|
|-sideend|p1: Johnny tots|Reflect
|upkeep
|turn|9
|j| scarfwake
|
|t:|1758338887
|move|p2a: Mimikyu|Curse|p1a: Thundurus
|-start|p1a: Thundurus|Curse|[of] p2a: Mimikyu
|-damage|p2a: Mimikyu|38/100
|move|p1a: Thundurus|Thunderbolt|p2a: Mimikyu
|-damage|p2a: Mimikyu|0 fnt
|faint|p2a: Mimikyu
|
|-damage|p1a: Thundurus|76/100|[from] Curse
|-sideend|p1: Johnny tots|move: Light Screen
|upkeep
|
|t:|1758338889
|switch|p2a: Ursaluna|Ursaluna, F, shiny, tera:Normal|51/100 brn
|turn|10
|
|t:|1758338902
|move|p2a: Ursaluna|Facade|p1a: Thundurus
|-damage|p1a: Thundurus|0 fnt
|faint|p1a: Thundurus
|
|-damage|p2a: Ursaluna|45/100 brn|[from] brn
|upkeep
|
|t:|1758338903
|switch|p1a: Klefki|Klefki, F|100/100
|turn|11
|
|t:|1758338905
|move|p1a: Klefki|Reflect|p1a: Klefki
|-sidestart|p1: Johnny tots|Reflect
|move|p2a: Ursaluna|Headlong Rush|p1a: Klefki
|-supereffective|p1a: Klefki
|-damage|p1a: Klefki|17/100
|-unboost|p2a: Ursaluna|def|1
|-unboost|p2a: Ursaluna|spd|1
|
|-damage|p2a: Ursaluna|39/100 brn|[from] brn
|upkeep
|turn|12
|
|t:|1758338909
|move|p1a: Klefki|Light Screen|p1a: Klefki
|-sidestart|p1: Johnny tots|move: Light Screen
|move|p2a: Ursaluna|Facade|p1a: Klefki
|-resisted|p1a: Klefki
|-damage|p1a: Klefki|0 fnt
|faint|p1a: Klefki
|
|-damage|p2a: Ursaluna|33/100 brn|[from] brn
|-fieldend|move: Trick Room
|upkeep
|
|t:|1758338915
|switch|p1a: Manaphy|Manaphy|100/100
|turn|13
|
|t:|1758338929
|switch|p2a: Indeedee|Indeedee, M, shiny|100/100
|-fieldstart|move: Psychic Terrain|[from] ability: Psychic Surge|[of] p2a: Indeedee
|move|p1a: Manaphy|Scald|p2a: Indeedee
|-damage|p2a: Indeedee|58/100
|
|upkeep
|turn|14
|
|t:|1758338936
|move|p1a: Manaphy|Scald|p2a: Indeedee
|-damage|p2a: Indeedee|16/100
|move|p2a: Indeedee|Encore|p1a: Manaphy
|-start|p1a: Manaphy|Encore
|
|upkeep
|turn|15
|
|t:|1758338940
|move|p1a: Manaphy|Scald|p2a: Indeedee
|-damage|p2a: Indeedee|0 fnt
|faint|p2a: Indeedee
|
|upkeep
|
|t:|1758338946
|switch|p2a: Hoopa|Hoopa-Unbound|100/100
|-enditem|p2a: Hoopa|Psychic Seed
|-boost|p2a: Hoopa|spd|1|[from] item: Psychic Seed
|turn|16
|
|t:|1758338951
|switch|p1a: Iron Valiant|Iron Valiant|100/100
|-enditem|p1a: Iron Valiant|Booster Energy
|-activate|p1a: Iron Valiant|ability: Quark Drive|[fromitem]
|-start|p1a: Iron Valiant|quarkdrivespe
|move|p2a: Hoopa|Trick Room|p2a: Hoopa
|-fieldstart|move: Trick Room|[of] p2a: Hoopa
|
|upkeep
|turn|17
|
|t:|1758338954
|move|p2a: Hoopa|Expanding Force|p1a: Iron Valiant
|-supereffective|p1a: Iron Valiant
|-damage|p1a: Iron Valiant|0 fnt
|faint|p1a: Iron Valiant
|-end|p1a: Iron Valiant|Quark Drive|[silent]
|
|upkeep
|
|t:|1758338963
|switch|p1a: Manaphy|Manaphy|100/100
|turn|18
|
|t:|1758338966
|move|p2a: Hoopa|Expanding Force|p1a: Manaphy
|-damage|p1a: Manaphy|56/100
|-item|p2a: Hoopa|Leftovers|[from] ability: Magician|[of] p1a: Manaphy
|move|p1a: Manaphy|Take Heart|p1a: Manaphy
|-boost|p1a: Manaphy|spa|1
|-boost|p1a: Manaphy|spd|1
|
|-sideend|p1: Johnny tots|Reflect
|upkeep
|turn|19
|
|t:|1758338974
|move|p2a: Hoopa|Expanding Force|p1a: Manaphy
|-damage|p1a: Manaphy|27/100
|move|p1a: Manaphy|Take Heart|p1a: Manaphy
|-boost|p1a: Manaphy|spa|1
|-boost|p1a: Manaphy|spd|1
|
|-sideend|p1: Johnny tots|move: Light Screen
|upkeep
|turn|20
|
|t:|1758338978
|move|p2a: Hoopa|Hyperspace Fury|p1a: Manaphy
|-damage|p1a: Manaphy|0 fnt
|-unboost|p2a: Hoopa|def|1
|faint|p1a: Manaphy
|
|-fieldend|move: Trick Room
|-fieldend|move: Psychic Terrain
|upkeep
|
|t:|1758338981
|switch|p1a: Dragonite|Dragonite, M|100/100
|turn|21
|
|t:|1758338983
|move|p1a: Dragonite|Dragon Dance|p1a: Dragonite
|-boost|p1a: Dragonite|atk|1
|-boost|p1a: Dragonite|spe|1
|move|p2a: Hoopa|Trick Room|p2a: Hoopa
|-fieldstart|move: Trick Room|[of] p2a: Hoopa
|
|upkeep
|turn|22
|
|t:|1758338986
|move|p2a: Hoopa|Expanding Force|p1a: Dragonite
|-damage|p1a: Dragonite|74/100
|move|p1a: Dragonite|Dragon Dance|p1a: Dragonite
|-boost|p1a: Dragonite|atk|1
|-boost|p1a: Dragonite|spe|1
|
|upkeep
|turn|23
|
|t:|1758338990
|move|p2a: Hoopa|Expanding Force|p1a: Dragonite
|-damage|p1a: Dragonite|17/100
|move|p1a: Dragonite|Dragon Claw|p2a: Hoopa
|-damage|p2a: Hoopa|0 fnt
|faint|p2a: Hoopa
|
|upkeep
|
|t:|1758338993
|switch|p2a: Hatterene|Hatterene, F, shiny|91/100
|turn|24
|
|t:|1758338995
|move|p2a: Hatterene|Draining Kiss|p1a: Dragonite
|-supereffective|p1a: Dragonite
|-damage|p1a: Dragonite|0 fnt
|-heal|p2a: Hatterene|100/100|[from] drain|[of] p1a: Dragonite
|faint|p1a: Dragonite
|-damage|p2a: Hatterene|91/100|[from] item: Life Orb
|
|win|quitknockin
|raw|Johnny tots's rating: 1614 &rarr; <strong>1593</strong><br />(-21 for losing)
|raw|quitknockin's rating: 1602 &rarr; <strong>1623</strong><br />(+21 for winning)
|l|☆quitknockin
|player|p2|
|l|☆Johnny tots
|player|p1|
