|j|☆Team BBIO 38
|j|☆participationsux
|t:|1758343066
|gametype|singles
|player|p1|Team BBIO 38|dragontamer|1366
|player|p2|participationsux|winona|1309
|gen|9
|tier|[Gen 9] OU
|rated|
|rule|HP Percentage Mod: HP is shown in percentages
|rule|Endless Battle Clause: Forcing endless battles is banned
|rule|Species Clause: Limit one of each Pokémon
|rule|OHKO Clause: OHKO moves are banned
|rule|Evasion Items Clause: Evasion items are banned
|rule|Evasion Moves Clause: Evasion moves are banned
|rule|Evasion Abilities Clause: Evasion abilities are banned
|rule|Sleep Moves Clause: Sleep-inducing moves are banned
|clearpoke
|poke|p1|Dusclops, M|
|poke|p1|Blissey, F|
|poke|p1|Flamigo, M|
|poke|p1|Latias, F|
|poke|p1|Darkrai|
|poke|p1|Latios, M|
|poke|p2|Gholdengo|
|poke|p2|Darkrai|
|poke|p2|Iron Valiant|
|poke|p2|Glimmora, F|
|poke|p2|Kingambit, M|
|poke|p2|Dragonite, F|
|teampreview
|inactive|Battle timer is ON: inactive players will automatically lose when time's up. (requested by Team BBIO 38)
|
|t:|1758343072
|teamsize|p1|6
|teamsize|p2|6
|start
|switch|p1a: Darkrai|Darkrai|100/100
|switch|p2a: Glimmora|Glimmora, F|100/100
|turn|1
|
|t:|1758343080
|move|p1a: Darkrai|Psychic|p2a: Glimmora
|-supereffective|p2a: Glimmora
|-enditem|p2a: Glimmora|Focus Sash
|-damage|p2a: Glimmora|1/100
|move|p2a: Glimmora|Stealth Rock|p1a: Darkrai
|-sidestart|p1: Team BBIO 38|move: Stealth Rock
|
|upkeep
|turn|2
|
|t:|1758343086
|switch|p2a: Darkrai|Darkrai|100/100
|move|p1a: Darkrai|Psychic|p2a: Darkrai
|-immune|p2a: Darkrai
|
|upkeep
|turn|3
|
|t:|1758343093
|switch|p1a: Blissey|Blissey, F|100/100
|-damage|p1a: Blissey|88/100|[from] Stealth Rock
|move|p2a: Darkrai|Sludge Bomb|p1a: Blissey
|-damage|p1a: Blissey|76/100
|
|-heal|p1a: Blissey|82/100|[from] item: Leftovers
|upkeep
|turn|4
|
|t:|1758343101
|switch|p2a: Glimmora|Glimmora, F|1/100
|move|p1a: Blissey|Seismic Toss|p2a: Glimmora
|-damage|p2a: Glimmora|0 fnt
|-activate|p2a: Glimmora|ability: Toxic Debris
|-sidestart|p1: Team BBIO 38|move: Toxic Spikes
|faint|p2a: Glimmora
|
|-heal|p1a: Blissey|88/100|[from] item: Leftovers
|upkeep
|
|t:|1758343115
|switch|p2a: Gholdengo|Gholdengo|100/100
|-item|p2a: Gholdengo|Air Balloon
|turn|5
|
|t:|1758343119
|switch|p1a: Flamigo|Flamigo, M|100/100
|-damage|p1a: Flamigo|88/100|[from] Stealth Rock
|move|p2a: Gholdengo|Nasty Plot|p2a: Gholdengo
|-boost|p2a: Gholdengo|spa|2
|
|upkeep
|turn|6
|
|t:|1758343138
|move|p1a: Flamigo|Close Combat|p2a: Gholdengo
|-supereffective|p2a: Gholdengo
|-damage|p2a: Gholdengo|0 fnt
|-unboost|p1a: Flamigo|def|1
|-unboost|p1a: Flamigo|spd|1
|-enditem|p2a: Gholdengo|Air Balloon
|faint|p2a: Gholdengo
|
|upkeep
|
|t:|1758343141
|switch|p2a: Dragonite|Dragonite, F|100/100
|turn|7
|
|t:|1758343148
|switch|p1a: Dusclops|Dusclops, M|100/100
|-damage|p1a: Dusclops|88/100|[from] Stealth Rock
|-status|p1a: Dusclops|psn
|-item|p2a: Dragonite|Loaded Dice|[from] ability: Frisk|[of] p1a: Dusclops
|move|p2a: Dragonite|Dragon Dance|p2a: Dragonite
|-boost|p2a: Dragonite|atk|1
|-boost|p2a: Dragonite|spe|1
|
|-damage|p1a: Dusclops|76/100 psn|[from] psn
|upkeep
|turn|8
|
|t:|1758343163
|-terastallize|p2a: Dragonite|Fire
|move|p2a: Dragonite|Dragon Dance|p2a: Dragonite
|-boost|p2a: Dragonite|atk|1
|-boost|p2a: Dragonite|spe|1
|move|p1a: Dusclops|Will-O-Wisp|p2a: Dragonite
|-immune|p2a: Dragonite
|
|-damage|p1a: Dusclops|64/100 psn|[from] psn
|upkeep
|turn|9
|
|t:|1758343172
|move|p2a: Dragonite|Encore|p1a: Dusclops
|-start|p1a: Dusclops|Encore
|move|p1a: Dusclops|Will-O-Wisp|p2a: Dragonite
|-immune|p2a: Dragonite
|
|-damage|p1a: Dusclops|51/100 psn|[from] psn
|upkeep
|turn|10
|
|t:|1758343179
|switch|p1a: Blissey|Blissey, F|88/100
|-damage|p1a: Blissey|76/100|[from] Stealth Rock
|-status|p1a: Blissey|psn
|move|p2a: Dragonite|Dragon Dance|p2a: Dragonite
|-boost|p2a: Dragonite|atk|1
|-boost|p2a: Dragonite|spe|1
|
|-heal|p1a: Blissey|82/100 psn|[from] item: Leftovers
|-damage|p1a: Blissey|69/100 psn|[from] psn
|upkeep
|turn|11
|
|t:|1758343190
|-terastallize|p1a: Blissey|Fairy
|move|p2a: Dragonite|Scale Shot|p1a: Blissey
|-immune|p1a: Blissey
|move|p1a: Blissey|Thunder Wave|p2a: Dragonite
|-status|p2a: Dragonite|par
|
|-heal|p1a: Blissey|75/100 psn|[from] item: Leftovers
|-damage|p1a: Blissey|63/100 psn|[from] psn
|upkeep
|turn|12
|
|t:|1758343199
|cant|p2a: Dragonite|par
|move|p1a: Blissey|Seismic Toss|p2a: Dragonite
|-damage|p2a: Dragonite|70/100 par
|
|-heal|p1a: Blissey|69/100 psn|[from] item: Leftovers
|-damage|p1a: Blissey|57/100 psn|[from] psn
|upkeep
|turn|13
|
|t:|1758343206
|cant|p2a: Dragonite|par
|move|p1a: Blissey|Seismic Toss|p2a: Dragonite
|-damage|p2a: Dragonite|39/100 par
|
|-heal|p1a: Blissey|63/100 psn|[from] item: Leftovers
|-damage|p1a: Blissey|50/100 psn|[from] psn
|upkeep
|turn|14
|
|t:|1758343213
|move|p2a: Dragonite|Fire Punch|p1a: Blissey
|-damage|p1a: Blissey|0 fnt
|faint|p1a: Blissey
|
|upkeep
|
|t:|1758343218
|switch|p1a: Dusclops|Dusclops, M|51/100 psn
|-damage|p1a: Dusclops|39/100 psn|[from] Stealth Rock
|-item|p2a: Dragonite|Loaded Dice|[from] ability: Frisk|[of] p1a: Dusclops
|turn|15
|
|t:|1758343224
|move|p2a: Dragonite|Scale Shot|p1a: Dusclops|[miss]
|-miss|p2a: Dragonite|p1a: Dusclops
|move|p1a: Dusclops|Haze|p1a: Dusclops
|-clearallboost
|
|-damage|p1a: Dusclops|27/100 psn|[from] psn
|upkeep
|turn|16
|
|t:|1758343230
|move|p2a: Dragonite|Scale Shot|p1a: Dusclops
|-damage|p1a: Dusclops|18/100 psn
|-damage|p1a: Dusclops|10/100 psn
|-damage|p1a: Dusclops|2/100 psn
|-damage|p1a: Dusclops|0 fnt
|faint|p1a: Dusclops
|-hitcount|p1: Dusclops|4
|-unboost|p2a: Dragonite|def|1
|-boost|p2a: Dragonite|spe|1
|
|upkeep
|
|t:|1758343240
|switch|p1a: Latios|Latios, M|100/100
|-damage|p1a: Latios|88/100|[from] Stealth Rock
|turn|17
|
|t:|1758343253
|move|p1a: Latios|Aura Sphere|p2a: Dragonite
|-damage|p2a: Dragonite|0 fnt
|faint|p2a: Dragonite
|-damage|p1a: Latios|78/100|[from] item: Life Orb
|
|upkeep
|
|t:|1758343259
|switch|p2a: Iron Valiant|Iron Valiant|100/100
|-enditem|p2a: Iron Valiant|Booster Energy
|-activate|p2a: Iron Valiant|ability: Quark Drive|[fromitem]
|-start|p2a: Iron Valiant|quarkdrivespe
|turn|18
|
|t:|1758343269
|move|p2a: Iron Valiant|Swords Dance|p2a: Iron Valiant
|-boost|p2a: Iron Valiant|atk|2
|move|p1a: Latios|Thunderbolt|p2a: Iron Valiant
|-damage|p2a: Iron Valiant|33/100
|-damage|p1a: Latios|68/100|[from] item: Life Orb
|
|upkeep
|turn|19
|
|t:|1758343276
|move|p2a: Iron Valiant|Knock Off|p1a: Latios
|-supereffective|p1a: Latios
|-damage|p1a: Latios|0 fnt
|-enditem|p1a: Latios|Life Orb|[from] move: Knock Off|[of] p2a: Iron Valiant
|faint|p1a: Latios
|
|upkeep
|
|t:|1758343283
|switch|p1a: Flamigo|Flamigo, M|88/100
|-damage|p1a: Flamigo|76/100|[from] Stealth Rock
|turn|20
|
|t:|1758343288
|move|p2a: Iron Valiant|Close Combat|p1a: Flamigo
|-resisted|p1a: Flamigo
|-damage|p1a: Flamigo|0 fnt
|-unboost|p2a: Iron Valiant|def|1
|-unboost|p2a: Iron Valiant|spd|1
|faint|p1a: Flamigo
|
|upkeep
|
|t:|1758343297
|switch|p1a: Alaric|Latias, F|100/100
|-damage|p1a: Alaric|88/100|[from] Stealth Rock
|turn|21
|
|t:|1758343301
|move|p2a: Iron Valiant|Knock Off|p1a: Alaric
|-supereffective|p1a: Alaric
|-damage|p1a: Alaric|0 fnt
|-enditem|p1a: Alaric|Covert Cloak|[from] move: Knock Off|[of] p2a: Iron Valiant
|faint|p1a: Alaric
|
|upkeep
|
|t:|1758343306
|switch|p1a: Darkrai|Darkrai|100/100
|-damage|p1a: Darkrai|88/100|[from] Stealth Rock
|-status|p1a: Darkrai|psn
|turn|22
|
|t:|1758343316
|move|p2a: Iron Valiant|Close Combat|p1a: Darkrai
|-supereffective|p1a: Darkrai
|-damage|p1a: Darkrai|0 fnt
|-unboost|p2a: Iron Valiant|def|1
|-unboost|p2a: Iron Valiant|spd|1
|faint|p1a: Darkrai
|
|win|participationsux
|raw|Team BBIO 38's rating: 1366 &rarr; <strong>1344</strong><br />(-22 for losing)
|raw|participationsux's rating: 1329 &rarr; <strong>1351</strong><br />(+22 for winning)
|l|☆Team BBIO 38
|player|p1|
|l|☆participationsux
|player|p2|
