|j|☆elvergatron69
|j|☆Dear umbra
|t:|1758298813
|gametype|singles
|player|p1|elvergatron69|265|1091
|player|p2|Dear umbra|giovanni|1098
|gen|9
|tier|[Gen 9] OU
|rated|
|rule|HP Percentage Mod: HP is shown in percentages
|rule|Endless Battle Clause: Forcing endless battles is banned
|rule|Species Clause: Limit one of each Pokémon
|rule|OHKO Clause: OHKO moves are banned
|rule|Evasion Items Clause: Evasion items are banned
|rule|Evasion Moves Clause: Evasion moves are banned
|rule|Evasion Abilities Clause: Evasion abilities are banned
|rule|Sleep Moves Clause: Sleep-inducing moves are banned
|clearpoke
|poke|p1|Duraludon, F|
|poke|p1|Iron Hands|
|poke|p1|Mandibuzz, F|
|poke|p1|Dragapult, F|
|poke|p1|Hitmonlee, M|
|poke|p1|Blissey, F|
|poke|p2|Ariados, M|
|poke|p2|Houndoom, F|
|poke|p2|Venomoth, M|
|poke|p2|Sneasel, F|
|poke|p2|Tyranitar, M|
|poke|p2|Umbreon, M|
|teampreview
|
|t:|1758298820
|teamsize|p1|6
|teamsize|p2|6
|start
|switch|p1a: Iron Hands|Iron Hands|100/100
|switch|p2a: Ariados|Ariados, M|100/100
|turn|1
|
|t:|1758298825
|move|p1a: Iron Hands|Belly Drum|p1a: Iron Hands
|-damage|p1a: Iron Hands|50/100
|-setboost|p1a: Iron Hands|atk|6|[from] move: Belly Drum
|-enditem|p1a: Iron Hands|Sitrus Berry|[eat]
|-heal|p1a: Iron Hands|75/100|[from] item: Sitrus Berry
|move|p2a: Ariados|Sticky Web|p1a: Iron Hands
|-sidestart|p1: elvergatron69|move: Sticky Web
|
|upkeep
|turn|2
|
|t:|1758298836
|move|p1a: Iron Hands|Drain Punch|p2a: Ariados
|-resisted|p2a: Ariados
|-damage|p2a: Ariados|39/100
|-heal|p1a: Iron Hands|96/100|[from] drain|[of] p2a: Ariados
|move|p2a: Ariados|Megahorn|p1a: Iron Hands
|-resisted|p1a: Iron Hands
|-damage|p1a: Iron Hands|80/100
|
|upkeep
|turn|3
|
|t:|1758298844
|move|p2a: Ariados|Sucker Punch|p1a: Iron Hands
|-resisted|p1a: Iron Hands
|-damage|p1a: Iron Hands|73/100
|move|p1a: Iron Hands|Drain Punch|p2a: Ariados
|-resisted|p2a: Ariados
|-damage|p2a: Ariados|0 fnt
|-heal|p1a: Iron Hands|86/100|[from] drain|[of] p2a: Ariados
|faint|p2a: Ariados
|
|upkeep
|
|t:|1758298852
|switch|p2a: Houndoom|Houndoom, F|100/100
|turn|4
|
|t:|1758298855
|move|p2a: Houndoom|Fire Blast|p1a: Iron Hands
|-damage|p1a: Iron Hands|28/100
|-damage|p2a: Houndoom|91/100|[from] item: Life Orb
|move|p1a: Iron Hands|Drain Punch|p2a: Houndoom
|-supereffective|p2a: Houndoom
|-damage|p2a: Houndoom|0 fnt
|-heal|p1a: Iron Hands|53/100|[from] drain|[of] p2a: Houndoom
|faint|p2a: Houndoom
|
|upkeep
|
|t:|1758298862
|switch|p2a: Sneasel|Sneasel, F|100/100
|turn|5
|
|t:|1758298867
|-terastallize|p2a: Sneasel|Ghost
|move|p2a: Sneasel|Swords Dance|p2a: Sneasel
|-boost|p2a: Sneasel|atk|2
|move|p1a: Iron Hands|Drain Punch|p2a: Sneasel
|-immune|p2a: Sneasel
|
|upkeep
|turn|6
|
|t:|1758298877
|move|p2a: Sneasel|Triple Axel|p1a: Iron Hands
|-damage|p1a: Iron Hands|42/100
|-crit|p1a: Iron Hands
|-damage|p1a: Iron Hands|9/100
|-damage|p1a: Iron Hands|0 fnt
|faint|p1a: Iron Hands
|-end|p1a: Iron Hands|Quark Drive|[silent]
|-hitcount|p1: Iron Hands|3
|
|upkeep
|
|t:|1758298886
|switch|p1a: Mandibuzz|Mandibuzz, F|100/100
|turn|7
|
|t:|1758298889
|move|p2a: Sneasel|Triple Axel|p1a: Mandibuzz
|-supereffective|p1a: Mandibuzz
|-damage|p1a: Mandibuzz|82/100
|-hitcount|p1a: Mandibuzz|1
|move|p1a: Mandibuzz|Defog|p2a: Sneasel
|-unboost|p2a: Sneasel|evasion|1
|-sideend|p1: elvergatron69|Sticky Web|[from] move: Defog|[of] p1a: Mandibuzz
|
|upkeep
|turn|8
|
|t:|1758298899
|move|p2a: Sneasel|Triple Axel|p1a: Mandibuzz
|-supereffective|p1a: Mandibuzz
|-damage|p1a: Mandibuzz|63/100
|-supereffective|p1a: Mandibuzz
|-damage|p1a: Mandibuzz|26/100
|-supereffective|p1a: Mandibuzz
|-damage|p1a: Mandibuzz|0 fnt
|faint|p1a: Mandibuzz
|-hitcount|p1: Mandibuzz|3
|
|upkeep
|
|t:|1758298910
|switch|p1a: Dragapult|Dragapult, F|100/100
|turn|9
|
|t:|1758298913
|move|p1a: Dragapult|Sucker Punch|p2a: Sneasel
|-supereffective|p2a: Sneasel
|-damage|p2a: Sneasel|0 fnt
|faint|p2a: Sneasel
|
|upkeep
|
|t:|1758298917
|switch|p2a: Venomoth|Venomoth, M|100/100
|turn|10
|
|t:|1758298920
|move|p1a: Dragapult|Dragon Dance|p1a: Dragapult
|-boost|p1a: Dragapult|atk|1
|-boost|p1a: Dragapult|spe|1
|move|p2a: Venomoth|Quiver Dance|p2a: Venomoth
|-boost|p2a: Venomoth|spa|1
|-boost|p2a: Venomoth|spd|1
|-boost|p2a: Venomoth|spe|1
|
|upkeep
|turn|11
|
|t:|1758298927
|move|p1a: Dragapult|Dragon Dance|p1a: Dragapult
|-boost|p1a: Dragapult|atk|1
|-boost|p1a: Dragapult|spe|1
|move|p2a: Venomoth|Bug Buzz|p1a: Dragapult
|-resisted|p1a: Dragapult
|-damage|p1a: Dragapult|40/100
|
|upkeep
|turn|12
|
|t:|1758298935
|move|p1a: Dragapult|Dragon Darts|p2a: Venomoth
|-damage|p2a: Venomoth|21/100
|-anim|p1a: Dragapult|Dragon Darts|p2a: Venomoth
|-damage|p2a: Venomoth|0 fnt
|faint|p2a: Venomoth
|
|upkeep
|
|t:|1758298938
|switch|p2a: Umbreon|Umbreon, M|100/100
|turn|13
|
|t:|1758298943
|move|p1a: Dragapult|Dragon Darts|p2a: Umbreon
|-damage|p2a: Umbreon|56/100
|-anim|p1a: Dragapult|Dragon Darts|p2a: Umbreon
|-damage|p2a: Umbreon|12/100
|move|p2a: Umbreon|Curse|p2a: Umbreon
|-unboost|p2a: Umbreon|spe|1
|-boost|p2a: Umbreon|atk|1
|-boost|p2a: Umbreon|def|1
|
|-heal|p2a: Umbreon|18/100|[from] item: Leftovers
|upkeep
|turn|14
|
|t:|1758298953
|move|p1a: Dragapult|Dragon Darts|p2a: Umbreon
|-damage|p2a: Umbreon|0 fnt
|faint|p2a: Umbreon
|
|upkeep
|
|t:|1758298955
|switch|p2a: Tyranitar|Tyranitar, M|100/100
|-ability|p2a: Tyranitar|Unnerve
|turn|15
|
|t:|1758298961
|move|p1a: Dragapult|Dragon Darts|p2a: Tyranitar
|-damage|p2a: Tyranitar|57/100
|-anim|p1a: Dragapult|Dragon Darts|p2a: Tyranitar
|-damage|p2a: Tyranitar|18/100
|move|p2a: Tyranitar|Ice Punch|p1a: Dragapult
|-supereffective|p1a: Dragapult
|-damage|p1a: Dragapult|0 fnt
|-start|p2a: Tyranitar|Disable|Ice Punch|[from] ability: Cursed Body|[of] p1a: Dragapult
|faint|p1a: Dragapult
|
|upkeep
|
|t:|1758298970
|switch|p1a: Hitmonlee|Hitmonlee, M|100/100
|turn|16
|
|t:|1758298975
|move|p1a: Hitmonlee|Reversal|p2a: Tyranitar
|-supereffective|p2a: Tyranitar
|-damage|p2a: Tyranitar|0 fnt
|faint|p2a: Tyranitar
|
|win|elvergatron69
|raw|elvergatron69's rating: 1091 &rarr; <strong>1118</strong><br />(+27 for winning)
|raw|Dear umbra's rating: 1098 &rarr; <strong>1073</strong><br />(-25 for losing)
|l|☆Dear umbra
|player|p2|
|l|☆elvergatron69
|player|p1|
