|j|☆ovlop
|j|☆Swag_SerotoninYT
|t:|1758287406
|gametype|singles
|player|p1|ovlop|170|1099
|player|p2|Swag_SerotoninYT|harlequin|1093
|gen|9
|tier|[Gen 9] OU
|rated|
|rule|HP Percentage Mod: HP is shown in percentages
|rule|Endless Battle Clause: Forcing endless battles is banned
|rule|Species Clause: Limit one of each Pokémon
|rule|OHKO Clause: OHKO moves are banned
|rule|Evasion Items Clause: Evasion items are banned
|rule|Evasion Moves Clause: Evasion moves are banned
|rule|Evasion Abilities Clause: Evasion abilities are banned
|rule|Sleep Moves Clause: Sleep-inducing moves are banned
|clearpoke
|poke|p1|Garchomp, F|
|poke|p1|Corviknight, F|
|poke|p1|Dragapult, M|
|poke|p1|Greedent, M|
|poke|p1|Klawf, F|
|poke|p1|Greninja-*, M|
|poke|p2|Gastrodon, M|
|poke|p2|Masquerain, M|
|poke|p2|Stantler, M|
|poke|p2|Chandelure, M|
|poke|p2|Empoleon, F|
|poke|p2|Grimmsnarl, M|
|teampreview
|inactive|Battle timer is ON: inactive players will automatically lose when time's up. (requested by Swag_SerotoninYT)
|
|t:|1758287413
|teamsize|p1|6
|teamsize|p2|6
|start
|switch|p1a: Klawf|Klawf, F, shiny|100/100
|switch|p2a: Masquerain|Masquerain, M|100/100
|-ability|p2a: Masquerain|Intimidate|boost
|-unboost|p1a: Klawf|atk|1
|turn|1
|
|t:|1758287438
|move|p2a: Masquerain|Sticky Web|p1a: Klawf
|-sidestart|p1: ovlop|move: Sticky Web
|move|p1a: Klawf|Trailblaze|p2a: Masquerain
|-resisted|p2a: Masquerain
|-damage|p2a: Masquerain|96/100
|-boost|p1a: Klawf|spe|1
|
|upkeep
|turn|2
|
|t:|1758287446
|move|p2a: Masquerain|Stun Spore|p1a: Klawf
|-status|p1a: Klawf|par
|move|p1a: Klawf|Swords Dance|p1a: Klawf
|-boost|p1a: Klawf|atk|2
|
|upkeep
|turn|3
|
|t:|1758287452
|move|p2a: Masquerain|Bug Buzz|p1a: Klawf
|-damage|p1a: Klawf|19/100 par
|-ability|p1a: Klawf|Anger Shell|boost
|-boost|p1a: Klawf|atk|1
|-boost|p1a: Klawf|spa|1
|-boost|p1a: Klawf|spe|1
|-unboost|p1a: Klawf|def|1
|-unboost|p1a: Klawf|spd|1
|move|p1a: Klawf|Trailblaze|p2a: Masquerain
|-resisted|p2a: Masquerain
|-damage|p2a: Masquerain|82/100
|-boost|p1a: Klawf|spe|1
|
|upkeep
|turn|4
|
|t:|1758287461
|move|p2a: Masquerain|Bug Buzz|p1a: Klawf
|-damage|p1a: Klawf|0 fnt
|faint|p1a: Klawf
|
|upkeep
|
|t:|1758287468
|switch|p1a: Dragapult|Dragapult, M|100/100
|-activate|p1a: Dragapult|move: Sticky Web
|-unboost|p1a: Dragapult|spe|1
|turn|5
|
|t:|1758287476
|move|p2a: Masquerain|Ice Beam|p1a: Dragapult
|-supereffective|p1a: Dragapult
|-damage|p1a: Dragapult|23/100
|move|p1a: Dragapult|Dragon Darts|p2a: Masquerain
|-damage|p2a: Masquerain|21/100
|-anim|p1a: Dragapult|Dragon Darts|p2a: Masquerain
|-damage|p2a: Masquerain|0 fnt
|faint|p2a: Masquerain
|-damage|p1a: Dragapult|13/100|[from] item: Life Orb
|
|upkeep
|
|t:|1758287488
|switch|p2a: Grimmsnarl|Grimmsnarl, M|100/100
|turn|6
|
|t:|1758287494
|move|p1a: Dragapult|Flamethrower|p2a: Grimmsnarl
|-damage|p2a: Grimmsnarl|73/100
|-damage|p1a: Dragapult|3/100|[from] item: Life Orb
|move|p2a: Grimmsnarl|Spirit Break|p1a: Dragapult
|-supereffective|p1a: Dragapult
|-damage|p1a: Dragapult|0 fnt
|faint|p1a: Dragapult
|
|upkeep
|
|t:|1758287503
|switch|p1a: Corviknight|Corviknight, F|100/100
|turn|7
|
|t:|1758287506
|move|p2a: Grimmsnarl|Thunder Wave|p1a: Corviknight
|-status|p1a: Corviknight|par
|cant|p1a: Corviknight|par
|
|upkeep
|turn|8
|
|t:|1758287510
|move|p2a: Grimmsnarl|Parting Shot|p1a: Corviknight
|-ability|p1a: Corviknight|Mirror Armor
|-unboost|p2a: Grimmsnarl|atk|1
|-ability|p1a: Corviknight|Mirror Armor
|-unboost|p2a: Grimmsnarl|spa|1
|
|t:|1758287520
|switch|p2a: Chandelure|Chandelure, M|100/100|[from] Parting Shot
|cant|p1a: Corviknight|par
|
|upkeep
|turn|9
|
|t:|1758287524
|move|p2a: Chandelure|Heat Wave|p1a: Corviknight
|-supereffective|p1a: Corviknight
|-damage|p1a: Corviknight|28/100 par
|cant|p1a: Corviknight|par
|
|upkeep
|turn|10
|
|t:|1758287530
|move|p2a: Chandelure|Heat Wave|p1a: Corviknight
|-supereffective|p1a: Corviknight
|-damage|p1a: Corviknight|0 fnt
|faint|p1a: Corviknight
|
|upkeep
|
|t:|1758287532
|switch|p1a: Greninja|Greninja, M|100/100
|-activate|p1a: Greninja|move: Sticky Web
|-unboost|p1a: Greninja|spe|1
|turn|11
|
|t:|1758287537
|-terastallize|p2a: Chandelure|Grass
|move|p1a: Greninja|Water Shuriken|p2a: Chandelure
|-resisted|p2a: Chandelure
|-crit|p2a: Chandelure
|-damage|p2a: Chandelure|96/100
|-resisted|p2a: Chandelure
|-damage|p2a: Chandelure|93/100
|-resisted|p2a: Chandelure
|-damage|p2a: Chandelure|91/100
|-resisted|p2a: Chandelure
|-damage|p2a: Chandelure|88/100
|-resisted|p2a: Chandelure
|-damage|p2a: Chandelure|86/100
|-hitcount|p2a: Chandelure|5
|move|p2a: Chandelure|Energy Ball|p1a: Greninja
|-supereffective|p1a: Greninja
|-damage|p1a: Greninja|0 fnt
|faint|p1a: Greninja
|
|upkeep
|
|t:|1758287543
|switch|p1a: Garchomp|Garchomp, F|100/100
|-activate|p1a: Garchomp|move: Sticky Web
|-unboost|p1a: Garchomp|spe|1
|turn|12
|
|t:|1758287547
|move|p1a: Garchomp|Draco Meteor|p2a: Chandelure
|-damage|p2a: Chandelure|59/100
|-unboost|p1a: Garchomp|spa|2
|move|p2a: Chandelure|Energy Ball|p1a: Garchomp
|-damage|p1a: Garchomp|43/100
|
|upkeep
|turn|13
|-message|ovlop forfeited.
|
|win|Swag_SerotoninYT
|raw|ovlop's rating: 1099 &rarr; <strong>1074</strong><br />(-25 for losing)
|raw|Swag_SerotoninYT's rating: 1093 &rarr; <strong>1119</strong><br />(+26 for winning)
|l|☆ovlop
|player|p1|
|l|☆Swag_SerotoninYT
|player|p2|
