|j|☆KalebsShizz
|j|☆Jack atlact
|t:|1758308341
|gametype|singles
|player|p1|KalebsShizz|n|1080
|player|p2|Jack atlact|170|1078
|gen|9
|tier|[Gen 9] OU
|rated|
|rule|HP Percentage Mod: HP is shown in percentages
|rule|Endless Battle Clause: Forcing endless battles is banned
|rule|Species Clause: Limit one of each Pokémon
|rule|OHKO Clause: OHKO moves are banned
|rule|Evasion Items Clause: Evasion items are banned
|rule|Evasion Moves Clause: Evasion moves are banned
|rule|Evasion Abilities Clause: Evasion abilities are banned
|rule|Sleep Moves Clause: Sleep-inducing moves are banned
|clearpoke
|poke|p1|Primeape, M|
|poke|p1|Cinccino, M|
|poke|p1|Cramorant, M|
|poke|p1|Hoopa-Unbound|
|poke|p1|Masquerain, M|
|poke|p1|Jolteon, F|
|poke|p2|Garganacl, M|
|poke|p2|Ceruledge, M|
|poke|p2|Enamorus, F|
|poke|p2|Ogerpon-Wellspring, F|
|poke|p2|Darkrai|
|poke|p2|Raging Bolt|
|teampreview
|
|t:|1758308380
|teamsize|p1|6
|teamsize|p2|6
|start
|switch|p1a: Masquerain|Masquerain, M|100/100
|switch|p2a: Darkrai|Darkrai|100/100
|-ability|p1a: Masquerain|Intimidate|boost
|-unboost|p2a: Darkrai|atk|1
|turn|1
|
|t:|1758308390
|move|p2a: Darkrai|Will-O-Wisp|p1a: Masquerain|[miss]
|-miss|p2a: Darkrai|p1a: Masquerain
|move|p1a: Masquerain|Quiver Dance|p1a: Masquerain
|-boost|p1a: Masquerain|spa|1
|-boost|p1a: Masquerain|spd|1
|-boost|p1a: Masquerain|spe|1
|
|upkeep
|turn|2
|
|t:|1758308396
|move|p1a: Masquerain|Air Slash|p2a: Darkrai
|-damage|p2a: Darkrai|51/100
|move|p2a: Darkrai|Will-O-Wisp|p1a: Masquerain
|-status|p1a: Masquerain|brn
|
|-damage|p1a: Masquerain|94/100 brn|[from] brn
|upkeep
|turn|3
|
|t:|1758308404
|move|p1a: Masquerain|Sticky Web|p2a: Darkrai
|-sidestart|p2: Jack atlact|move: Sticky Web
|move|p2a: Darkrai|Knock Off|p1a: Masquerain
|-crit|p1a: Masquerain
|-damage|p1a: Masquerain|0 fnt
|-enditem|p1a: Masquerain|Focus Sash|[from] move: Knock Off|[of] p2a: Darkrai
|faint|p1a: Masquerain
|
|upkeep
|
|t:|1758308420
|switch|p1a: Jolteon|Jolteon, F|100/100
|turn|4
|
|t:|1758308424
|move|p1a: Jolteon|Volt Switch|p2a: Darkrai
|-damage|p2a: Darkrai|0 fnt
|faint|p2a: Darkrai
|
|t:|1758308430
|switch|p1a: Cramorant|Cramorant, M|100/100|[from] Volt Switch
|
|upkeep
|
|t:|1758308435
|switch|p2a: Raging Bolt|Raging Bolt|100/100
|-activate|p2a: Raging Bolt|move: Sticky Web
|-unboost|p2a: Raging Bolt|spe|1
|-enditem|p2a: Raging Bolt|Booster Energy
|-activate|p2a: Raging Bolt|ability: Protosynthesis|[fromitem]
|-start|p2a: Raging Bolt|protosynthesisspa
|turn|5
|
|t:|1758308444
|switch|p1a: Jolteon|Jolteon, F|100/100
|move|p2a: Raging Bolt|Thunder Wave|p1a: Jolteon
|-immune|p1a: Jolteon|[from] ability: Volt Absorb
|
|upkeep
|turn|6
|
|t:|1758308450
|move|p1a: Jolteon|Alluring Voice|p2a: Raging Bolt
|-supereffective|p2a: Raging Bolt
|-damage|p2a: Raging Bolt|41/100
|move|p2a: Raging Bolt|Roar|p1a: Jolteon
|drag|p1a: Hoopa|Hoopa-Unbound|100/100
|
|upkeep
|turn|7
|
|t:|1758308460
|move|p1a: Hoopa|Psychic Noise|p2a: Raging Bolt
|-damage|p2a: Raging Bolt|9/100
|-start|p2a: Raging Bolt|move: Heal Block
|move|p2a: Raging Bolt|Draco Meteor|p1a: Hoopa
|-damage|p1a: Hoopa|27/100
|-unboost|p2a: Raging Bolt|spa|2
|
|upkeep
|turn|8
|
|t:|1758308471
|move|p1a: Hoopa|Drain Punch|p2a: Raging Bolt
|-damage|p2a: Raging Bolt|0 fnt
|-heal|p1a: Hoopa|33/100|[from] drain|[of] p2a: Raging Bolt
|faint|p2a: Raging Bolt
|-end|p2a: Raging Bolt|Protosynthesis|[silent]
|
|upkeep
|
|t:|1758308479
|switch|p2a: weird pokemon|Enamorus, F|100/100
|-item|p2a: weird pokemon|Air Balloon
|turn|9
|
|t:|1758308487
|move|p1a: Hoopa|Hyperspace Fury|p2a: weird pokemon
|-resisted|p2a: weird pokemon
|-damage|p2a: weird pokemon|65/100
|-unboost|p1a: Hoopa|def|1
|-enditem|p2a: weird pokemon|Air Balloon
|-enditem|p1a: Hoopa|Eject Pack
|
|t:|1758308499
|switch|p1a: Cinccino|Cinccino, M|100/100
|move|p2a: weird pokemon|Agility|p2a: weird pokemon
|-unboost|p2a: weird pokemon|spe|2
|
|upkeep
|turn|10
|
|t:|1758308517
|move|p1a: Cinccino|Rock Blast|p2a: weird pokemon
|-supereffective|p2a: weird pokemon
|-damage|p2a: weird pokemon|38/100
|-supereffective|p2a: weird pokemon
|-damage|p2a: weird pokemon|11/100
|-supereffective|p2a: weird pokemon
|-damage|p2a: weird pokemon|0 fnt
|faint|p2a: weird pokemon
|-hitcount|p2: weird pokemon|3
|
|upkeep
|
|t:|1758308524
|switch|p2a: clown|Ogerpon-Wellspring, F|100/100
|-activate|p2a: clown|move: Sticky Web
|-unboost|p2a: clown|spe|1
|turn|11
|
|t:|1758308533
|move|p1a: Cinccino|Tail Slap|p2a: clown
|-damage|p2a: clown|83/100
|-damage|p2a: clown|63/100
|-damage|p2a: clown|45/100
|-damage|p2a: clown|25/100
|-hitcount|p2a: clown|4
|move|p2a: clown|Leech Seed|p1a: Cinccino
|-start|p1a: Cinccino|move: Leech Seed
|
|-damage|p1a: Cinccino|88/100|[from] Leech Seed|[of] p2a: clown
|-heal|p2a: clown|36/100|[silent]
|upkeep
|turn|12
|
|t:|1758308543
|move|p1a: Cinccino|Tail Slap|p2a: clown
|-damage|p2a: clown|18/100
|-damage|p2a: clown|0 fnt
|faint|p2a: clown
|-hitcount|p2: clown|2
|
|upkeep
|
|t:|1758308548
|switch|p2a: shadow knight|Ceruledge, M, shiny|100/100
|-activate|p2a: shadow knight|move: Sticky Web
|-unboost|p2a: shadow knight|spe|1
|turn|13
|
|t:|1758308556
|move|p1a: Cinccino|Rock Blast|p2a: shadow knight
|-supereffective|p2a: shadow knight
|-damage|p2a: shadow knight|76/100
|-supereffective|p2a: shadow knight
|-damage|p2a: shadow knight|52/100
|-supereffective|p2a: shadow knight
|-damage|p2a: shadow knight|28/100
|-supereffective|p2a: shadow knight
|-damage|p2a: shadow knight|4/100
|-hitcount|p2a: shadow knight|4
|move|p2a: shadow knight|Swords Dance|p2a: shadow knight
|-boost|p2a: shadow knight|atk|2
|
|-heal|p2a: shadow knight|10/100|[from] item: Leftovers
|-damage|p1a: Cinccino|76/100|[from] Leech Seed|[of] p2a: shadow knight
|-heal|p2a: shadow knight|20/100|[silent]
|upkeep
|turn|14
|
|t:|1758308571
|move|p1a: Cinccino|Rock Blast|p2a: shadow knight
|-supereffective|p2a: shadow knight
|-damage|p2a: shadow knight|0 fnt
|faint|p2a: shadow knight
|-hitcount|p2: shadow knight|1
|
|upkeep
|-message|Jack atlact forfeited.
|
|win|KalebsShizz
|raw|KalebsShizz's rating: 1080 &rarr; <strong>1108</strong><br />(+28 for winning)
|raw|Jack atlact's rating: 1078 &rarr; <strong>1056</strong><br />(-22 for losing)
|l|☆Jack atlact
|player|p2|
|l|☆KalebsShizz
|player|p1|
