|j|☆Aggrhy
|j|☆untold schemes
|t:|1758309267
|gametype|singles
|player|p1|Aggrhy|red-masters|1357
|player|p2|untold schemes|swimmerf-gen4|1403
|gen|9
|tier|[Gen 9] OU
|rated|
|rule|HP Percentage Mod: HP is shown in percentages
|rule|Endless Battle Clause: Forcing endless battles is banned
|rule|Species Clause: Limit one of each Pokémon
|rule|OHKO Clause: OHKO moves are banned
|rule|Evasion Items Clause: Evasion items are banned
|rule|Evasion Moves Clause: Evasion moves are banned
|rule|Evasion Abilities Clause: Evasion abilities are banned
|rule|Sleep Moves Clause: Sleep-inducing moves are banned
|clearpoke
|poke|p1|Pikachu, M|
|poke|p1|Lokix, F|
|poke|p1|Fezandipiti, M|
|poke|p1|Blastoise, M|
|poke|p1|Flygon, F|
|poke|p1|Vikavolt, F|
|poke|p2|Scizor, F|
|poke|p2|Enamorus, F|
|poke|p2|Great Tusk|
|poke|p2|Weavile, M|
|poke|p2|Alomomola, M|
|poke|p2|Kyurem|
|teampreview
|inactive|Battle timer is ON: inactive players will automatically lose when time's up. (requested by Aggrhy)
|
|t:|1758309281
|teamsize|p1|6
|teamsize|p2|6
|start
|switch|p1a: Vikavolt|Vikavolt, F|100/100
|switch|p2a: Enamorus|Enamorus, F|100/100
|turn|1
|
|t:|1758309298
|switch|p1a: Fezandipiti|Fezandipiti, M|100/100
|move|p2a: Enamorus|Substitute|p2a: Enamorus
|-start|p2a: Enamorus|Substitute
|-damage|p2a: Enamorus|76/100
|
|upkeep
|turn|2
|
|t:|1758309304
|move|p2a: Enamorus|Earth Power|p1a: Fezandipiti
|-supereffective|p1a: Fezandipiti
|-damage|p1a: Fezandipiti|56/100
|move|p1a: Fezandipiti|Moonblast|p2a: Enamorus
|-end|p2a: Enamorus|Substitute
|
|-heal|p1a: Fezandipiti|62/100|[from] item: Leftovers
|upkeep
|turn|3
|
|t:|1758309314
|move|p2a: Enamorus|Earth Power|p1a: Fezandipiti
|-supereffective|p1a: Fezandipiti
|-damage|p1a: Fezandipiti|13/100
|move|p1a: Fezandipiti|Moonblast|p2a: Enamorus
|-damage|p2a: Enamorus|40/100
|-status|p2a: Enamorus|tox|[from] ability: Toxic Chain|[of] p1a: Fezandipiti
|
|-heal|p1a: Fezandipiti|19/100|[from] item: Leftovers
|-damage|p2a: Enamorus|34/100 tox|[from] psn
|upkeep
|turn|4
|
|t:|1758309333
|switch|p1a: Vikavolt|Vikavolt, F|100/100
|move|p2a: Enamorus|Earth Power|p1a: Vikavolt
|-immune|p1a: Vikavolt|[from] ability: Levitate
|
|-damage|p2a: Enamorus|21/100 tox|[from] psn
|upkeep
|turn|5
|
|t:|1758309342
|switch|p1a: Fezandipiti|Fezandipiti, M|19/100
|move|p2a: Enamorus|Moonblast|p1a: Fezandipiti
|-resisted|p1a: Fezandipiti
|-damage|p1a: Fezandipiti|4/100
|
|-heal|p1a: Fezandipiti|10/100|[from] item: Leftovers
|-damage|p2a: Enamorus|3/100 tox|[from] psn
|upkeep
|turn|6
|
|t:|1758309352
|move|p2a: Enamorus|Moonblast|p1a: Fezandipiti
|-resisted|p1a: Fezandipiti
|-damage|p1a: Fezandipiti|0 fnt
|faint|p1a: Fezandipiti
|
|-damage|p2a: Enamorus|0 fnt|[from] psn
|faint|p2a: Enamorus
|upkeep
|
|t:|1758309361
|switch|p2a: Kyurem|Kyurem|100/100
|switch|p1a: Vikavolt|Vikavolt, F|100/100
|-ability|p2a: Kyurem|Pressure
|turn|7
|
|t:|1758309369
|move|p2a: Kyurem|Substitute|p2a: Kyurem
|-start|p2a: Kyurem|Substitute
|-damage|p2a: Kyurem|75/100
|move|p1a: Vikavolt|Bug Buzz|p2a: Kyurem
|-damage|p2a: Kyurem|29/100
|
|-heal|p2a: Kyurem|35/100|[from] item: Leftovers
|upkeep
|turn|8
|
|t:|1758309378
|move|p2a: Kyurem|Protect|p2a: Kyurem
|-singleturn|p2a: Kyurem|Protect
|move|p1a: Vikavolt|Bug Buzz|p2a: Kyurem
|-activate|p2a: Kyurem|move: Protect
|
|-heal|p2a: Kyurem|42/100|[from] item: Leftovers
|upkeep
|turn|9
|
|t:|1758309387
|switch|p2a: Scizor|Scizor, F|100/100
|move|p1a: Vikavolt|Bug Buzz|p2a: Scizor
|-resisted|p2a: Scizor
|-damage|p2a: Scizor|69/100
|
|upkeep
|turn|10
|
|t:|1758309395
|move|p2a: Scizor|U-turn|p1a: Vikavolt
|-damage|p1a: Vikavolt|47/100
|-damage|p2a: Scizor|52/100|[from] item: Rocky Helmet|[of] p1a: Vikavolt
|
|t:|1758309401
|switch|p2a: Great Tusk|Great Tusk|100/100|[from] U-turn
|move|p1a: Vikavolt|Sticky Web|p2a: Great Tusk
|-sidestart|p2: untold schemes|move: Sticky Web
|
|upkeep
|turn|11
|
|t:|1758309408
|move|p2a: Great Tusk|Rapid Spin|p1a: Vikavolt
|-crit|p1a: Vikavolt
|-damage|p1a: Vikavolt|30/100
|-boost|p2a: Great Tusk|spe|1
|-damage|p2a: Great Tusk|84/100|[from] item: Rocky Helmet|[of] p1a: Vikavolt
|-sideend|p2: untold schemes|Sticky Web|[from] move: Rapid Spin|[of] p2a: Great Tusk
|move|p1a: Vikavolt|Energy Ball|p2a: Great Tusk
|-supereffective|p2a: Great Tusk
|-damage|p2a: Great Tusk|1/100
|
|upkeep
|turn|12
|
|t:|1758309419
|move|p2a: Great Tusk|Stealth Rock|p1a: Vikavolt
|-sidestart|p1: Aggrhy|move: Stealth Rock
|move|p1a: Vikavolt|Sticky Web|p2a: Great Tusk
|-sidestart|p2: untold schemes|move: Sticky Web
|
|upkeep
|turn|13
|
|t:|1758309424
|move|p2a: Great Tusk|Rapid Spin|p1a: Vikavolt
|-damage|p1a: Vikavolt|17/100
|-boost|p2a: Great Tusk|spe|1
|-damage|p2a: Great Tusk|0 fnt|[from] item: Rocky Helmet|[of] p1a: Vikavolt
|faint|p2a: Great Tusk
|-end|p2a: Great Tusk|Protosynthesis|[silent]
|move|p1a: Vikavolt|Energy Ball|p2: Great Tusk|[notarget]
|-fail|p1a: Vikavolt
|
|upkeep
|
|t:|1758309431
|switch|p2a: Scizor|Scizor, F|52/100
|-activate|p2a: Scizor|move: Sticky Web
|-unboost|p2a: Scizor|spe|1
|turn|14
|
|t:|1758309438
|move|p2a: Scizor|Bullet Punch|p1a: Vikavolt
|-resisted|p1a: Vikavolt
|-damage|p1a: Vikavolt|0 fnt
|-damage|p2a: Scizor|36/100|[from] item: Rocky Helmet|[of] p1a: Vikavolt
|faint|p1a: Vikavolt
|
|upkeep
|
|t:|1758309445
|switch|p1a: Blastoise|Blastoise, M|100/100
|-damage|p1a: Blastoise|88/100|[from] Stealth Rock
|turn|15
|
|t:|1758309450
|switch|p2a: Alomomola|Alomomola, M|100/100
|-activate|p2a: Alomomola|move: Sticky Web
|-unboost|p2a: Alomomola|spe|1
|move|p1a: Blastoise|Rapid Spin|p2a: Alomomola
|-damage|p2a: Alomomola|94/100
|-boost|p1a: Blastoise|spe|1
|-sideend|p1: Aggrhy|Stealth Rock|[from] move: Rapid Spin|[of] p1a: Blastoise
|
|-heal|p1a: Blastoise|94/100|[from] item: Leftovers
|upkeep
|turn|16
|
|t:|1758309469
|move|p1a: Blastoise|Flip Turn|p2a: Alomomola
|-resisted|p2a: Alomomola
|-damage|p2a: Alomomola|89/100
|
|t:|1758309474
|switch|p1a: Pikachu|Pikachu, M|100/100|[from] Flip Turn
|move|p2a: Alomomola|Body Slam|p1a: Pikachu
|-damage|p1a: Pikachu|48/100
|
|upkeep
|turn|17
|
|t:|1758309482
|move|p1a: Pikachu|Thunderbolt|p2a: Alomomola
|-supereffective|p2a: Alomomola
|-damage|p2a: Alomomola|29/100
|move|p2a: Alomomola|Body Slam|p1a: Pikachu
|-damage|p1a: Pikachu|1/100
|
|upkeep
|turn|18
|
|t:|1758309491
|switch|p2a: Weavile|Weavile, M|100/100
|-ability|p2a: Weavile|Pressure
|move|p1a: Pikachu|Thunderbolt|p2a: Weavile
|-damage|p2a: Weavile|34/100
|
|upkeep
|turn|19
|
|t:|1758309503
|switch|p1a: Blastoise|Blastoise, M|94/100
|move|p2a: Weavile|Ice Shard|p1a: Blastoise
|-resisted|p1a: Blastoise
|-damage|p1a: Blastoise|87/100
|
|-heal|p1a: Blastoise|93/100|[from] item: Leftovers
|upkeep
|turn|20
|
|t:|1758309512
|switch|p2a: Kyurem|Kyurem|42/100
|-activate|p2a: Kyurem|move: Sticky Web
|-unboost|p2a: Kyurem|spe|1
|-ability|p2a: Kyurem|Pressure
|move|p1a: Blastoise|Body Press|p2a: Kyurem
|-supereffective|p2a: Kyurem
|-damage|p2a: Kyurem|1/100
|
|-heal|p2a: Kyurem|8/100|[from] item: Leftovers
|-heal|p1a: Blastoise|99/100|[from] item: Leftovers
|upkeep
|turn|21
|
|t:|1758309532
|move|p2a: Kyurem|Freeze-Dry|p1a: Blastoise
|-supereffective|p1a: Blastoise
|-damage|p1a: Blastoise|45/100
|move|p1a: Blastoise|Body Press|p2a: Kyurem
|-supereffective|p2a: Kyurem
|-damage|p2a: Kyurem|0 fnt
|faint|p2a: Kyurem
|
|-heal|p1a: Blastoise|51/100|[from] item: Leftovers
|upkeep
|
|t:|1758309540
|switch|p2a: Scizor|Scizor, F|36/100
|-activate|p2a: Scizor|move: Sticky Web
|-unboost|p2a: Scizor|spe|1
|turn|22
|
|t:|1758309549
|move|p1a: Blastoise|Body Press|p2a: Scizor
|-damage|p2a: Scizor|9/100
|move|p2a: Scizor|U-turn|p1a: Blastoise
|-damage|p1a: Blastoise|9/100
|
|t:|1758309553
|switch|p2a: Weavile|Weavile, M|34/100|[from] U-turn
|-ability|p2a: Weavile|Pressure
|
|-heal|p1a: Blastoise|15/100|[from] item: Leftovers
|upkeep
|turn|23
|
|t:|1758309561
|move|p2a: Weavile|Knock Off|p1a: Blastoise
|-damage|p1a: Blastoise|0 fnt
|-enditem|p1a: Blastoise|Leftovers|[from] move: Knock Off|[of] p2a: Weavile
|faint|p1a: Blastoise
|
|upkeep
|
|t:|1758309567
|switch|p1a: Lokix|Lokix, F|100/100
|turn|24
|
|t:|1758309573
|switch|p2a: Alomomola|Alomomola, M|62/100
|-activate|p2a: Alomomola|move: Sticky Web
|-unboost|p2a: Alomomola|spe|1
|move|p1a: Lokix|Swords Dance|p1a: Lokix
|-boost|p1a: Lokix|atk|2
|
|upkeep
|turn|25
|
|t:|1758309582
|move|p1a: Lokix|Leech Life|p2a: Alomomola
|-crit|p2a: Alomomola
|-damage|p2a: Alomomola|0 fnt
|faint|p2a: Alomomola
|
|upkeep
|
|t:|1758309585
|switch|p2a: Scizor|Scizor, F|9/100
|-activate|p2a: Scizor|move: Sticky Web
|-unboost|p2a: Scizor|spe|1
|turn|26
|
|t:|1758309592
|-terastallize|p2a: Scizor|Steel
|move|p1a: Lokix|Sucker Punch|p2a: Scizor
|-damage|p2a: Scizor|0 fnt
|faint|p2a: Scizor
|
|upkeep
|-message|untold schemes forfeited.
|
|win|Aggrhy
|raw|Aggrhy's rating: 1357 &rarr; <strong>1380</strong><br />(+23 for winning)
|raw|untold schemes's rating: 1403 &rarr; <strong>1380</strong><br />(-23 for losing)
|l|☆untold schemes
|player|p2|
|l|☆Aggrhy
|player|p1|
