|j|☆Pr0geny
|j|☆RicSalEz
|t:|1758254533
|gametype|singles
|player|p1|Pr0geny|cogita|1442
|player|p2|RicSalEz|backers|1472
|gen|9
|tier|[Gen 9] OU
|rated|
|rule|HP Percentage Mod: HP is shown in percentages
|rule|Endless Battle Clause: Forcing endless battles is banned
|rule|Species Clause: Limit one of each Pokémon
|rule|OHKO Clause: OHKO moves are banned
|rule|Evasion Items Clause: Evasion items are banned
|rule|Evasion Moves Clause: Evasion moves are banned
|rule|Evasion Abilities Clause: Evasion abilities are banned
|rule|Sleep Moves Clause: Sleep-inducing moves are banned
|clearpoke
|poke|p1|Samurott-Hisui, M|
|poke|p1|Sinistcha|
|poke|p1|Weezing-Galar, M|
|poke|p1|Zapdos|
|poke|p1|Iron Valiant|
|poke|p1|Iron Treads|
|poke|p2|Landorus-Therian, M|
|poke|p2|Pecharunt|
|poke|p2|Dondozo, F|
|poke|p2|Kyurem|
|poke|p2|Blaziken, F|
|poke|p2|Goodra-Hisui, M|
|teampreview
|inactive|Battle timer is ON: inactive players will automatically lose when time's up. (requested by Pr0geny)
|
|t:|1758254540
|teamsize|p1|6
|teamsize|p2|6
|start
|switch|p1a: Edging Ceaselessly|Samurott-Hisui, M|100/100
|switch|p2a: Kyurem|Kyurem|100/100
|-ability|p2a: Kyurem|Pressure
|turn|1
|
|t:|1758254544
|move|p2a: Kyurem|Freeze-Dry|p1a: Edging Ceaselessly
|-supereffective|p1a: Edging Ceaselessly
|-damage|p1a: Edging Ceaselessly|0 fnt
|faint|p1a: Edging Ceaselessly
|
|upkeep
|
|t:|1758254546
|switch|p1a: They/Them|Iron Valiant|100/100
|-enditem|p1a: They/Them|Booster Energy
|-activate|p1a: They/Them|ability: Quark Drive|[fromitem]
|-start|p1a: They/Them|quarkdrivespe
|turn|2
|
|t:|1758254550
|-end|p1a: They/Them|Quark Drive|[silent]
|switch|p1a: Iron Threat|Iron Treads|100/100
|switch|p2a: Goodra|Goodra-Hisui, M|100/100
|
|upkeep
|turn|3
|
|t:|1758254559
|switch|p2a: Landorus|Landorus-Therian, M, shiny|100/100
|-ability|p2a: Landorus|Intimidate|boost
|-unboost|p1a: Iron Threat|atk|1
|move|p1a: Iron Threat|Knock Off|p2a: Landorus
|-damage|p2a: Landorus|85/100
|-damage|p1a: Iron Threat|84/100|[from] item: Rocky Helmet|[of] p2a: Landorus
|-enditem|p2a: Landorus|Rocky Helmet|[from] move: Knock Off|[of] p1a: Iron Threat
|
|upkeep
|turn|4
|
|t:|1758254563
|move|p1a: Iron Threat|Ice Spinner|p2a: Landorus
|-supereffective|p2a: Landorus
|-crit|p2a: Landorus
|-damage|p2a: Landorus|0 fnt
|faint|p2a: Landorus
|
|upkeep
|inactive|RicSalEz has 120 seconds left.
|
|t:|1758254598
|switch|p2a: Dondozo|Dondozo, F|100/100
|turn|5
|
|t:|1758254602
|-end|p1a: Iron Threat|Quark Drive|[silent]
|switch|p1a: They/Them|Iron Valiant|100/100
|move|p2a: Dondozo|Liquidation|p1a: They/Them
|-damage|p1a: They/Them|52/100
|
|upkeep
|turn|6
|
|t:|1758254609
|-end|p1a: They/Them|Quark Drive|[silent]
|switch|p1a: SinistGYATT|Sinistcha|100/100
|move|p2a: Dondozo|Liquidation|p1a: SinistGYATT
|-resisted|p1a: SinistGYATT
|-damage|p1a: SinistGYATT|88/100
|
|upkeep
|turn|7
|
|t:|1758254614
|switch|p2a: Pecharunt|Pecharunt|100/100
|move|p1a: SinistGYATT|Calm Mind|p1a: SinistGYATT
|-boost|p1a: SinistGYATT|spa|1
|-boost|p1a: SinistGYATT|spd|1
|
|upkeep
|turn|8
|
|t:|1758254621
|-terastallize|p1a: SinistGYATT|Poison
|move|p2a: Pecharunt|Malignant Chain|p1a: SinistGYATT
|-resisted|p1a: SinistGYATT
|-damage|p1a: SinistGYATT|76/100
|move|p1a: SinistGYATT|Calm Mind|p1a: SinistGYATT
|-boost|p1a: SinistGYATT|spa|1
|-boost|p1a: SinistGYATT|spd|1
|
|upkeep
|turn|9
|
|t:|1758254626
|move|p2a: Pecharunt|Hex|p1a: SinistGYATT
|-damage|p1a: SinistGYATT|62/100
|move|p1a: SinistGYATT|Calm Mind|p1a: SinistGYATT
|-boost|p1a: SinistGYATT|spa|1
|-boost|p1a: SinistGYATT|spd|1
|
|upkeep
|turn|10
|
|t:|1758254629
|move|p2a: Pecharunt|Hex|p1a: SinistGYATT
|-damage|p1a: SinistGYATT|52/100
|move|p1a: SinistGYATT|Calm Mind|p1a: SinistGYATT
|-boost|p1a: SinistGYATT|spa|1
|-boost|p1a: SinistGYATT|spd|1
|
|upkeep
|turn|11
|
|t:|1758254631
|move|p2a: Pecharunt|Parting Shot|p1a: SinistGYATT
|-unboost|p1a: SinistGYATT|atk|1
|-unboost|p1a: SinistGYATT|spa|1
|
|t:|1758254633
|switch|p2a: Dondozo|Dondozo, F|100/100|[from] Parting Shot
|move|p1a: SinistGYATT|Calm Mind|p1a: SinistGYATT
|-boost|p1a: SinistGYATT|spa|1
|-boost|p1a: SinistGYATT|spd|1
|
|upkeep
|turn|12
|
|t:|1758254636
|move|p1a: SinistGYATT|Strength Sap|p2a: Dondozo
|-unboost|p2a: Dondozo|atk|1
|-heal|p1a: SinistGYATT|100/100
|move|p2a: Dondozo|Liquidation|p1a: SinistGYATT
|-crit|p1a: SinistGYATT
|-damage|p1a: SinistGYATT|62/100
|
|upkeep
|turn|13
|
|t:|1758254643
|move|p1a: SinistGYATT|Matcha Gotcha|p2a: Dondozo
|-supereffective|p2a: Dondozo
|-damage|p2a: Dondozo|41/100
|-heal|p1a: SinistGYATT|100/100|[from] drain|[of] p2a: Dondozo
|move|p2a: Dondozo|Curse|p2a: Dondozo
|-unboost|p2a: Dondozo|spe|1
|-boost|p2a: Dondozo|atk|1
|-boost|p2a: Dondozo|def|1
|
|-heal|p2a: Dondozo|47/100|[from] item: Leftovers
|upkeep
|turn|14
|
|t:|1758254662
|-terastallize|p2a: Dondozo|Fighting
|move|p1a: SinistGYATT|Matcha Gotcha|p2a: Dondozo
|-damage|p2a: Dondozo|15/100
|move|p2a: Dondozo|Curse|p2a: Dondozo
|-unboost|p2a: Dondozo|spe|1
|-boost|p2a: Dondozo|atk|1
|-boost|p2a: Dondozo|def|1
|
|-heal|p2a: Dondozo|21/100|[from] item: Leftovers
|upkeep
|turn|15
|
|t:|1758254665
|move|p1a: SinistGYATT|Shadow Ball|p2a: Dondozo
|-damage|p2a: Dondozo|0 fnt
|faint|p2a: Dondozo
|
|upkeep
|
|t:|1758254669
|switch|p2a: Kyurem|Kyurem|100/100
|-ability|p2a: Kyurem|Pressure
|turn|16
|
|t:|1758254673
|move|p2a: Kyurem|Earth Power|p1a: SinistGYATT
|-supereffective|p1a: SinistGYATT
|-damage|p1a: SinistGYATT|78/100
|move|p1a: SinistGYATT|Shadow Ball|p2a: Kyurem
|-damage|p2a: Kyurem|8/100
|
|upkeep
|turn|17
|c|☆Pr0geny|ur done girl
|c|☆Pr0geny|ggs
|
|t:|1758254694
|move|p2a: Kyurem|Earth Power|p1a: SinistGYATT
|-supereffective|p1a: SinistGYATT
|-damage|p1a: SinistGYATT|55/100
|move|p1a: SinistGYATT|Strength Sap|p2a: Kyurem
|-unboost|p2a: Kyurem|atk|1
|-heal|p1a: SinistGYATT|100/100
|
|upkeep
|turn|18
|
|t:|1758254696
|move|p2a: Kyurem|Earth Power|p1a: SinistGYATT
|-supereffective|p1a: SinistGYATT
|-damage|p1a: SinistGYATT|79/100
|move|p1a: SinistGYATT|Shadow Ball|p2a: Kyurem
|-damage|p2a: Kyurem|0 fnt
|faint|p2a: Kyurem
|
|upkeep
|
|t:|1758254699
|switch|p2a: Blaziken|Blaziken, F|100/100
|turn|19
|
|t:|1758254702
|move|p2a: Blaziken|Swords Dance|p2a: Blaziken
|-boost|p2a: Blaziken|atk|2
|move|p1a: SinistGYATT|Shadow Ball|p2a: Blaziken
|-damage|p2a: Blaziken|0 fnt
|faint|p2a: Blaziken
|
|upkeep
|
|t:|1758254705
|switch|p2a: Goodra|Goodra-Hisui, M|100/100
|turn|20
|
|t:|1758254707
|move|p1a: SinistGYATT|Calm Mind|p1a: SinistGYATT
|-boost|p1a: SinistGYATT|spa|1
|-boost|p1a: SinistGYATT|spd|1
|move|p2a: Goodra|Knock Off|p1a: SinistGYATT
|-damage|p1a: SinistGYATT|66/100
|-enditem|p1a: SinistGYATT|Heavy-Duty Boots|[from] move: Knock Off|[of] p2a: Goodra
|
|upkeep
|turn|21
|
|t:|1758254712
|move|p1a: SinistGYATT|Shadow Ball|p2a: Goodra
|-damage|p2a: Goodra|50/100
|-unboost|p2a: Goodra|spd|1
|move|p2a: Goodra|Ice Beam|p1a: SinistGYATT
|-damage|p1a: SinistGYATT|57/100
|
|upkeep
|turn|22
|
|t:|1758254714
|move|p1a: SinistGYATT|Shadow Ball|p2a: Goodra
|-damage|p2a: Goodra|0 fnt
|faint|p2a: Goodra
|
|upkeep
|inactive|RicSalEz has 120 seconds left.
|-message|RicSalEz forfeited.
|
|win|Pr0geny
|raw|Pr0geny's rating: 1442 &rarr; <strong>1464</strong><br />(+22 for winning)
|raw|RicSalEz's rating: 1472 &rarr; <strong>1450</strong><br />(-22 for losing)
|l|☆RicSalEz
|player|p2|
|l|☆Pr0geny
|player|p1|
