|j|☆DampRockstar
|j|☆shatterstar1998
|t:|1758246621
|gametype|singles
|player|p1|DampRockstar|hoopster|1143
|player|p2|shatterstar1998|2|1192
|gen|9
|tier|[Gen 9] OU
|rated|
|rule|HP Percentage Mod: HP is shown in percentages
|rule|Endless Battle Clause: Forcing endless battles is banned
|rule|Species Clause: Limit one of each Pokémon
|rule|OHKO Clause: OHKO moves are banned
|rule|Evasion Items Clause: Evasion items are banned
|rule|Evasion Moves Clause: Evasion moves are banned
|rule|Evasion Abilities Clause: Evasion abilities are banned
|rule|Sleep Moves Clause: Sleep-inducing moves are banned
|clearpoke
|poke|p1|Falinks|
|poke|p1|Polteageist|
|poke|p1|Cinderace, M|
|poke|p1|Regidrago|
|poke|p1|Skeledirge, M|
|poke|p1|Cinccino, M|
|poke|p2|Iron Crown|
|poke|p2|Samurott-Hisui, M|
|poke|p2|Landorus-Therian, M|
|poke|p2|Moltres|
|poke|p2|Clefable, M|
|poke|p2|Rillaboom, M|
|teampreview
|inactive|Battle timer is ON: inactive players will automatically lose when time's up. (requested by shatterstar1998)
|inactive|DampRockstar also wants the timer to be on.
|j| Cdsisj j
|
|t:|1758246646
|teamsize|p1|6
|teamsize|p2|6
|start
|switch|p1a: Cinderace|Cinderace, M|100/100
|switch|p2a: Landorus|Landorus-Therian, M|100/100
|-ability|p2a: Landorus|Intimidate|boost
|-unboost|p1a: Cinderace|atk|1
|turn|1
|
|t:|1758246664
|move|p1a: Cinderace|U-turn|p2a: Landorus
|-start|p1a: Cinderace|typechange|Bug|[from] ability: Libero
|-resisted|p2a: Landorus
|-damage|p2a: Landorus|89/100
|-damage|p1a: Cinderace|84/100|[from] item: Rocky Helmet|[of] p2a: Landorus
|inactive|DampRockstar has 120 seconds left.
|
|t:|1758246694
|switch|p1a: Falinks|Falinks|100/100|[from] U-turn
|move|p2a: Landorus|Stealth Rock|p1a: Falinks
|-sidestart|p1: DampRockstar|move: Stealth Rock
|
|upkeep
|turn|2
|
|t:|1758246704
|move|p2a: Landorus|Taunt|p1a: Falinks
|-start|p1a: Falinks|move: Taunt
|cant|p1a: Falinks|move: Taunt|No Retreat
|
|upkeep
|turn|3
|inactive|DampRockstar has 120 seconds left.
|
|t:|1758246715
|move|p2a: Landorus|U-turn|p1a: Falinks
|-resisted|p1a: Falinks
|-crit|p1a: Falinks
|-damage|p1a: Falinks|82/100
|
|t:|1758246719
|switch|p2a: Moltres|Moltres|100/100|[from] U-turn
|move|p1a: Falinks|Knock Off|p2a: Moltres
|-damage|p2a: Moltres|82/100
|-enditem|p2a: Moltres|Heavy-Duty Boots|[from] move: Knock Off|[of] p1a: Falinks
|
|upkeep
|turn|4
|inactive|DampRockstar has 120 seconds left.
|
|t:|1758246734
|switch|p1a: Cinderace|Cinderace, M|84/100
|move|p2a: Moltres|Flamethrower|p1a: Cinderace
|-resisted|p1a: Cinderace
|-damage|p1a: Cinderace|56/100
|
|upkeep
|turn|5
|inactive|DampRockstar has 120 seconds left.
|
|t:|1758246747
|move|p1a: Cinderace|Court Change|p1a: Cinderace
|-start|p1a: Cinderace|typechange|Normal|[from] ability: Libero
|-swapsideconditions
|-activate|p1a: Cinderace|move: Court Change
|move|p2a: Moltres|Flamethrower|p1a: Cinderace
|-damage|p1a: Cinderace|0 fnt
|faint|p1a: Cinderace
|
|upkeep
|inactive|DampRockstar has 120 seconds left.
|
|t:|1758246765
|switch|p1a: Skeledirge|Skeledirge, M|100/100
|turn|6
|
|t:|1758246774
|move|p1a: Skeledirge|Torch Song|p2a: Moltres
|-resisted|p2a: Moltres
|-damage|p2a: Moltres|67/100
|-boost|p1a: Skeledirge|spa|1
|move|p2a: Moltres|Roar|p1a: Skeledirge
|drag|p1a: Falinks|Falinks|82/100
|
|upkeep
|turn|7
|inactive|DampRockstar has 120 seconds left.
|
|t:|1758246784
|move|p1a: Falinks|No Retreat|p1a: Falinks
|-boost|p1a: Falinks|atk|1
|-boost|p1a: Falinks|def|1
|-boost|p1a: Falinks|spa|1
|-boost|p1a: Falinks|spd|1
|-boost|p1a: Falinks|spe|1
|-start|p1a: Falinks|move: No Retreat
|move|p2a: Moltres|Flamethrower|p1a: Falinks
|-damage|p1a: Falinks|37/100
|
|upkeep
|turn|8
|inactive|DampRockstar has 120 seconds left.
|
|t:|1758246793
|move|p1a: Falinks|Close Combat|p2a: Moltres
|-resisted|p2a: Moltres
|-damage|p2a: Moltres|41/100
|-unboost|p1a: Falinks|def|1
|-unboost|p1a: Falinks|spd|1
|move|p2a: Moltres|Flamethrower|p1a: Falinks
|-damage|p1a: Falinks|0 fnt
|faint|p1a: Falinks
|
|upkeep
|inactive|DampRockstar has 120 seconds left.
|
|t:|1758246804
|switch|p1a: Skeledirge|Skeledirge, M|100/100
|turn|9
|
|t:|1758246809
|move|p2a: Moltres|Roost|p2a: Moltres
|-heal|p2a: Moltres|91/100
|-singleturn|p2a: Moltres|move: Roost
|move|p1a: Skeledirge|Torch Song|p2a: Moltres
|-resisted|p2a: Moltres
|-damage|p2a: Moltres|75/100
|-boost|p1a: Skeledirge|spa|1
|
|upkeep
|turn|10
|
|t:|1758246819
|move|p2a: Moltres|Roar|p1a: Skeledirge
|drag|p1a: Regidrago|Regidrago|100/100
|
|upkeep
|turn|11
|
|t:|1758246825
|move|p1a: Regidrago|Ancient Power|p2a: Moltres
|-supereffective|p2a: Moltres
|-damage|p2a: Moltres|5/100
|move|p2a: Moltres|Flamethrower|p1a: Regidrago
|-resisted|p1a: Regidrago
|-damage|p1a: Regidrago|82/100
|
|upkeep
|turn|12
|
|t:|1758246834
|move|p1a: Regidrago|Ancient Power|p2a: Moltres
|-supereffective|p2a: Moltres
|-damage|p2a: Moltres|0 fnt
|faint|p2a: Moltres
|
|upkeep
|
|t:|1758246839
|switch|p2a: Clefable|Clefable, M|100/100
|turn|13
|
|t:|1758246845
|switch|p1a: Skeledirge|Skeledirge, M|100/100
|move|p2a: Clefable|Stealth Rock|p1a: Skeledirge
|-sidestart|p1: DampRockstar|move: Stealth Rock
|
|upkeep
|turn|14
|
|t:|1758246854
|move|p1a: Skeledirge|Torch Song|p2a: Clefable
|-damage|p2a: Clefable|71/100
|-boost|p1a: Skeledirge|spa|1
|move|p2a: Clefable|Knock Off|p1a: Skeledirge
|-supereffective|p1a: Skeledirge
|-damage|p1a: Skeledirge|89/100
|
|-heal|p2a: Clefable|77/100|[from] item: Leftovers
|upkeep
|turn|15
|l| Cdsisj j
|j| Cdsisj j
|inactive|DampRockstar has 120 seconds left.
|
|t:|1758246887
|switch|p2a: Samurott|Samurott-Hisui, M|100/100
|move|p1a: Skeledirge|Roar|p2a: Samurott
|drag|p2a: Clefable|Clefable, M|77/100
|
|-heal|p2a: Clefable|83/100|[from] item: Leftovers
|upkeep
|turn|16
|
|t:|1758246897
|switch|p2a: Samurott|Samurott-Hisui, M|100/100
|move|p1a: Skeledirge|Torch Song|p2a: Samurott
|-resisted|p2a: Samurott
|-damage|p2a: Samurott|67/100
|-boost|p1a: Skeledirge|spa|1
|
|upkeep
|turn|17
|inactive|DampRockstar has 120 seconds left.
|
|t:|1758246922
|-terastallize|p1a: Skeledirge|Grass
|move|p2a: Samurott|Ceaseless Edge|p1a: Skeledirge
|-damage|p1a: Skeledirge|63/100
|-sidestart|p1: DampRockstar|Spikes
|move|p1a: Skeledirge|Roar|p2a: Samurott
|drag|p2a: Rillaboom|Rillaboom, M|100/100
|-fieldstart|move: Grassy Terrain|[from] ability: Grassy Surge|[of] p2a: Rillaboom
|
|-heal|p1a: Skeledirge|69/100|[from] Grassy Terrain
|upkeep
|turn|18
|c| Cdsisj j|you are playing this team so horribly
|
|t:|1758246935
|move|p2a: Rillaboom|U-turn|p1a: Skeledirge
|-supereffective|p1a: Skeledirge
|-damage|p1a: Skeledirge|37/100
|
|t:|1758246940
|switch|p2a: Samurott|Samurott-Hisui, M|67/100|[from] U-turn
|move|p1a: Skeledirge|Torch Song|p2a: Samurott
|-resisted|p2a: Samurott
|-damage|p2a: Samurott|25/100
|-boost|p1a: Skeledirge|spa|1
|
|-heal|p2a: Samurott|31/100|[from] Grassy Terrain
|-heal|p1a: Skeledirge|43/100|[from] Grassy Terrain
|upkeep
|turn|19
|inactive|DampRockstar has 120 seconds left.
|
|t:|1758246965
|move|p2a: Samurott|Ceaseless Edge|p1a: Skeledirge
|-damage|p1a: Skeledirge|15/100
|-sidestart|p1: DampRockstar|Spikes
|move|p1a: Skeledirge|Slack Off|p1a: Skeledirge
|-heal|p1a: Skeledirge|65/100
|
|-heal|p2a: Samurott|37/100|[from] Grassy Terrain
|-heal|p1a: Skeledirge|71/100|[from] Grassy Terrain
|upkeep
|turn|20
|
|t:|1758246977
|move|p2a: Samurott|Ceaseless Edge|p1a: Skeledirge
|-damage|p1a: Skeledirge|46/100
|-sidestart|p1: DampRockstar|Spikes
|move|p1a: Skeledirge|Torch Song|p2a: Samurott
|-resisted|p2a: Samurott
|-damage|p2a: Samurott|0 fnt
|-boost|p1a: Skeledirge|spa|1
|faint|p2a: Samurott
|
|-heal|p1a: Skeledirge|52/100|[from] Grassy Terrain
|upkeep
|c| Cdsisj j|alright you playin better now
|
|t:|1758246994
|switch|p2a: Rillaboom|Rillaboom, M|100/100
|turn|21
|inactive|DampRockstar has 120 seconds left.
|
|t:|1758247019
|move|p2a: Rillaboom|U-turn|p1a: Skeledirge
|-supereffective|p1a: Skeledirge
|-damage|p1a: Skeledirge|23/100
|
|t:|1758247022
|switch|p2a: Landorus|Landorus-Therian, M|89/100|[from] U-turn
|-damage|p2a: Landorus|77/100|[from] Stealth Rock
|-ability|p2a: Landorus|Intimidate|boost
|-unboost|p1a: Skeledirge|atk|1
|move|p1a: Skeledirge|Slack Off|p1a: Skeledirge
|-heal|p1a: Skeledirge|73/100
|
|-heal|p1a: Skeledirge|79/100|[from] Grassy Terrain
|-fieldend|move: Grassy Terrain
|upkeep
|turn|22
|inactive|DampRockstar has 120 seconds left.
|-message|shatterstar1998 forfeited.
|
|win|DampRockstar
|raw|DampRockstar's rating: 1143 &rarr; <strong>1172</strong><br />(+29 for winning)
|raw|shatterstar1998's rating: 1192 &rarr; <strong>1163</strong><br />(-29 for losing)
|l|☆shatterstar1998
|player|p2|
