|j|☆jietouxiaoyu
|j|☆evilbryanjohnson
|t:|1758355021
|gametype|singles
|player|p1|jietouxiaoyu|169|1722
|player|p2|evilbryanjohnson|265|1708
|gen|9
|tier|[Gen 9] OU
|rated|
|rule|HP Percentage Mod: HP is shown in percentages
|rule|Endless Battle Clause: Forcing endless battles is banned
|rule|Species Clause: Limit one of each Pokémon
|rule|OHKO Clause: OHKO moves are banned
|rule|Evasion Items Clause: Evasion items are banned
|rule|Evasion Moves Clause: Evasion moves are banned
|rule|Evasion Abilities Clause: Evasion abilities are banned
|rule|Sleep Moves Clause: Sleep-inducing moves are banned
|clearpoke
|poke|p1|Dragapult, M|
|poke|p1|Primarina, M|
|poke|p1|Great Tusk|
|poke|p1|Moltres|
|poke|p1|Ting-Lu|
|poke|p1|Raging Bolt|
|poke|p2|Great Tusk|
|poke|p2|Dragapult, F|
|poke|p2|Cinderace, M|
|poke|p2|Alomomola, F|
|poke|p2|Kyurem|
|poke|p2|Hydrapple, F|
|teampreview
|inactive|Battle timer is ON: inactive players will automatically lose when time's up. (requested by jietouxiaoyu)
|inactive|evilbryanjohnson has 120 seconds left.
|
|t:|1758355075
|teamsize|p1|6
|teamsize|p2|6
|start
|switch|p1a: 多龙巴鲁托|Dragapult, M|100/100
|switch|p2a: Hydrapple|Hydrapple, F|100/100
|turn|1
|
|t:|1758355089
|move|p1a: 多龙巴鲁托|U-turn|p2a: Hydrapple
|-supereffective|p2a: Hydrapple
|-damage|p2a: Hydrapple|62/100
|
|t:|1758355094
|switch|p1a: Primarina|Primarina, M|100/100|[from] U-turn
|move|p2a: Hydrapple|Fickle Beam|p1a: Primarina
|-immune|p1a: Primarina
|
|upkeep
|turn|2
|
|t:|1758355105
|switch|p1a: Raging Bolt|Raging Bolt|100/100
|-enditem|p1a: Raging Bolt|Booster Energy
|-activate|p1a: Raging Bolt|ability: Protosynthesis|[fromitem]
|-start|p1a: Raging Bolt|protosynthesisspa
|switch|p2a: Cinderace|Cinderace, M|100/100
|
|upkeep
|turn|3
|
|t:|1758355117
|move|p2a: Cinderace|U-turn|p1a: Raging Bolt
|-damage|p1a: Raging Bolt|84/100
|
|t:|1758355119
|switch|p2a: Great Tusk|Great Tusk|100/100|[from] U-turn
|move|p1a: Raging Bolt|Dragon Pulse|p2a: Great Tusk
|-damage|p2a: Great Tusk|8/100
|
|upkeep
|turn|4
|
|t:|1758355125
|-end|p1a: Raging Bolt|Protosynthesis|[silent]
|switch|p1a: Great Tusk|Great Tusk|100/100
|move|p2a: Great Tusk|Headlong Rush|p1a: Great Tusk
|-damage|p1a: Great Tusk|53/100
|-unboost|p2a: Great Tusk|def|1
|-unboost|p2a: Great Tusk|spd|1
|-damage|p2a: Great Tusk|0 fnt|[from] item: Rocky Helmet|[of] p1a: Great Tusk
|faint|p2a: Great Tusk
|-end|p2a: Great Tusk|Protosynthesis|[silent]
|
|upkeep
|
|t:|1758355133
|switch|p2a: Hydrapple|Hydrapple, F|95/100
|turn|5
|
|t:|1758355139
|-end|p1a: Great Tusk|Protosynthesis|[silent]
|switch|p1a: Primarina|Primarina, M|100/100
|move|p2a: Hydrapple|Giga Drain|p1a: Primarina
|-supereffective|p1a: Primarina
|-damage|p1a: Primarina|69/100
|-heal|p2a: Hydrapple|100/100|[from] drain|[of] p1a: Primarina
|
|upkeep
|turn|6
|
|t:|1758355162
|-terastallize|p2a: Hydrapple|Fairy
|move|p1a: Primarina|Moonblast|p2a: Hydrapple
|-damage|p2a: Hydrapple|45/100
|move|p2a: Hydrapple|Giga Drain|p1a: Primarina
|-supereffective|p1a: Primarina
|-damage|p1a: Primarina|37/100
|-heal|p2a: Hydrapple|59/100|[from] drain|[of] p1a: Primarina
|
|upkeep
|turn|7
|inactive|evilbryanjohnson has 120 seconds left.
|
|t:|1758355185
|switch|p2a: Cinderace|Cinderace, M|100/100
|move|p1a: Primarina|Surf|p2a: Cinderace
|-supereffective|p2a: Cinderace
|-damage|p2a: Cinderace|0 fnt
|faint|p2a: Cinderace
|
|upkeep
|inactive|evilbryanjohnson has 120 seconds left.
|
|t:|1758355195
|switch|p2a: Kyurem|Kyurem|100/100
|-ability|p2a: Kyurem|Pressure
|turn|8
|
|t:|1758355204
|switch|p1a: Moltres|Moltres|100/100
|move|p2a: Kyurem|Freeze-Dry|p1a: Moltres
|-damage|p1a: Moltres|64/100
|
|upkeep
|turn|9
|
|t:|1758355211
|move|p2a: Kyurem|Freeze-Dry|p1a: Moltres
|-damage|p1a: Moltres|25/100
|move|p1a: Moltres|Roost|p1a: Moltres
|-heal|p1a: Moltres|75/100
|-singleturn|p1a: Moltres|move: Roost
|
|upkeep
|turn|10
|
|t:|1758355218
|move|p2a: Kyurem|Freeze-Dry|p1a: Moltres
|-damage|p1a: Moltres|39/100
|move|p1a: Moltres|Roost|p1a: Moltres
|-heal|p1a: Moltres|89/100
|-singleturn|p1a: Moltres|move: Roost
|
|upkeep
|turn|11
|
|t:|1758355224
|move|p2a: Kyurem|Freeze-Dry|p1a: Moltres
|-damage|p1a: Moltres|54/100
|move|p1a: Moltres|Roost|p1a: Moltres
|-heal|p1a: Moltres|100/100
|-singleturn|p1a: Moltres|move: Roost
|
|upkeep
|turn|12
|
|t:|1758355233
|move|p2a: Kyurem|Freeze-Dry|p1a: Moltres
|-damage|p1a: Moltres|63/100
|move|p1a: Moltres|U-turn|p2a: Kyurem
|-damage|p2a: Kyurem|86/100
|
|t:|1758355242
|switch|p1a: 多龙巴鲁托|Dragapult, M|100/100|[from] U-turn
|
|-heal|p2a: Kyurem|92/100|[from] item: Leftovers
|upkeep
|turn|13
|
|t:|1758355249
|move|p2a: Kyurem|Protect|p2a: Kyurem
|-singleturn|p2a: Kyurem|Protect
|move|p1a: 多龙巴鲁托|U-turn|p2a: Kyurem
|-activate|p2a: Kyurem|move: Protect
|
|-heal|p2a: Kyurem|98/100|[from] item: Leftovers
|upkeep
|turn|14
|j| Disscratch
|
|t:|1758355256
|move|p1a: 多龙巴鲁托|U-turn|p2a: Kyurem
|-crit|p2a: Kyurem
|-damage|p2a: Kyurem|46/100
|
|t:|1758355266
|switch|p1a: Great Tusk|Great Tusk|53/100|[from] U-turn
|move|p2a: Kyurem|Freeze-Dry|p1a: Great Tusk
|-supereffective|p1a: Great Tusk
|-damage|p1a: Great Tusk|0 fnt
|faint|p1a: Great Tusk
|-end|p1a: Great Tusk|Protosynthesis|[silent]
|
|-heal|p2a: Kyurem|52/100|[from] item: Leftovers
|upkeep
|
|t:|1758355274
|switch|p1a: 多龙巴鲁托|Dragapult, M|100/100
|turn|15
|
|t:|1758355277
|move|p2a: Kyurem|Protect|p2a: Kyurem
|-singleturn|p2a: Kyurem|Protect
|move|p1a: 多龙巴鲁托|Dragon Darts|p2a: Kyurem
|-activate|p2a: Kyurem|move: Protect
|
|-heal|p2a: Kyurem|59/100|[from] item: Leftovers
|upkeep
|turn|16
|
|t:|1758355285
|switch|p1a: Primarina|Primarina, M|37/100
|switch|p2a: Alomomola|Alomomola, F|100/100
|
|upkeep
|turn|17
|
|t:|1758355291
|move|p1a: Primarina|Moonblast|p2a: Alomomola
|-damage|p2a: Alomomola|35/100
|move|p2a: Alomomola|Flip Turn|p1a: Primarina
|-resisted|p1a: Primarina
|-crit|p1a: Primarina
|-damage|p1a: Primarina|22/100
|
|t:|1758355294
|switch|p2a: Kyurem|Kyurem|59/100|[from] Flip Turn
|-ability|p2a: Kyurem|Pressure
|
|-heal|p2a: Kyurem|65/100|[from] item: Leftovers
|upkeep
|turn|18
|
|t:|1758355305
|move|p2a: Kyurem|Freeze-Dry|p1a: Primarina
|-supereffective|p1a: Primarina
|-damage|p1a: Primarina|0 fnt
|faint|p1a: Primarina
|
|-heal|p2a: Kyurem|71/100|[from] item: Leftovers
|upkeep
|
|t:|1758355311
|switch|p1a: 多龙巴鲁托|Dragapult, M|100/100
|turn|19
|
|t:|1758355315
|-terastallize|p1a: 多龙巴鲁托|Ghost
|move|p2a: Kyurem|Protect|p2a: Kyurem
|-singleturn|p2a: Kyurem|Protect
|move|p1a: 多龙巴鲁托|Tera Blast|p2a: Kyurem|[anim] Tera Blast Ghost
|-activate|p2a: Kyurem|move: Protect
|
|-heal|p2a: Kyurem|77/100|[from] item: Leftovers
|upkeep
|turn|20
|
|t:|1758355336
|switch|p2a: Alomomola|Alomomola, F|68/100
|move|p1a: 多龙巴鲁托|Tera Blast|p2a: Alomomola|[anim] Tera Blast Ghost
|-damage|p2a: Alomomola|25/100
|
|upkeep
|turn|21
|
|t:|1758355342
|move|p2a: Alomomola|Protect|p2a: Alomomola
|-singleturn|p2a: Alomomola|Protect
|move|p1a: 多龙巴鲁托|Tera Blast|p2a: Alomomola|[anim] Tera Blast Ghost
|-activate|p2a: Alomomola|move: Protect
|
|upkeep
|turn|22
|
|t:|1758355357
|switch|p2a: Hydrapple|Hydrapple, F, tera:Fairy|92/100
|move|p1a: 多龙巴鲁托|Tera Blast|p2a: Hydrapple|[anim] Tera Blast Ghost
|-damage|p2a: Hydrapple|43/100
|
|upkeep
|turn|23
|
|t:|1758355363
|switch|p2a: Alomomola|Alomomola, F|58/100
|move|p1a: 多龙巴鲁托|Tera Blast|p2a: Alomomola|[anim] Tera Blast Ghost
|-damage|p2a: Alomomola|13/100
|
|upkeep
|turn|24
|
|t:|1758355369
|move|p2a: Alomomola|Protect|p2a: Alomomola
|-singleturn|p2a: Alomomola|Protect
|move|p1a: 多龙巴鲁托|Tera Blast|p2a: Alomomola|[anim] Tera Blast Ghost
|-activate|p2a: Alomomola|move: Protect
|
|upkeep
|turn|25
|
|t:|1758355375
|move|p2a: Alomomola|Protect||[still]
|-fail|p2a: Alomomola
|move|p1a: 多龙巴鲁托|Tera Blast|p2a: Alomomola|[anim] Tera Blast Ghost
|-crit|p2a: Alomomola
|-damage|p2a: Alomomola|0 fnt
|faint|p2a: Alomomola
|
|upkeep
|
|t:|1758355381
|switch|p2a: Dragapult|Dragapult, F|100/100
|turn|26
|
|t:|1758355393
|switch|p1a: Ting-Lu|Ting-Lu|100/100
|-ability|p1a: Ting-Lu|Vessel of Ruin
|move|p2a: Dragapult|Will-O-Wisp|p1a: Ting-Lu
|-status|p1a: Ting-Lu|brn
|
|-damage|p1a: Ting-Lu|94/100 brn|[from] brn
|upkeep
|turn|27
|
|t:|1758355409
|move|p2a: Dragapult|U-turn|p1a: Ting-Lu
|-supereffective|p1a: Ting-Lu
|-crit|p1a: Ting-Lu
|-damage|p1a: Ting-Lu|62/100 brn
|
|t:|1758355417
|switch|p2a: Hydrapple|Hydrapple, F, tera:Fairy|77/100|[from] U-turn
|move|p1a: Ting-Lu|Stealth Rock|p2a: Hydrapple
|-sidestart|p2: evilbryanjohnson|move: Stealth Rock
|
|-heal|p1a: Ting-Lu|69/100 brn|[from] item: Leftovers
|-damage|p1a: Ting-Lu|62/100 brn|[from] brn
|upkeep
|turn|28
|
|t:|1758355424
|move|p2a: Hydrapple|Giga Drain|p1a: Ting-Lu
|-supereffective|p1a: Ting-Lu
|-damage|p1a: Ting-Lu|37/100 brn
|-heal|p2a: Hydrapple|92/100|[from] drain|[of] p1a: Ting-Lu
|move|p1a: Ting-Lu|Whirlwind|p2a: Hydrapple
|drag|p2a: Dragapult|Dragapult, F|100/100
|
|-heal|p1a: Ting-Lu|44/100 brn|[from] item: Leftovers
|-damage|p1a: Ting-Lu|37/100 brn|[from] brn
|upkeep
|turn|29
|
|t:|1758355433
|move|p2a: Dragapult|Dragon Darts|p1a: Ting-Lu
|-damage|p1a: Ting-Lu|25/100 brn
|-anim|p2a: Dragapult|Dragon Darts|p1a: Ting-Lu
|-damage|p1a: Ting-Lu|13/100 brn
|move|p1a: Ting-Lu|Spikes|p2a: Dragapult
|-sidestart|p2: evilbryanjohnson|Spikes
|
|-heal|p1a: Ting-Lu|20/100 brn|[from] item: Leftovers
|-damage|p1a: Ting-Lu|13/100 brn|[from] brn
|upkeep
|turn|30
|
|t:|1758355442
|move|p2a: Dragapult|Dragon Darts|p1a: Ting-Lu
|-damage|p1a: Ting-Lu|2/100 brn
|-anim|p2a: Dragapult|Dragon Darts|p1a: Ting-Lu
|-damage|p1a: Ting-Lu|0 fnt
|faint|p1a: Ting-Lu
|
|upkeep
|
|t:|1758355448
|switch|p1a: 多龙巴鲁托|Dragapult, M, tera:Ghost|100/100
|turn|31
|
|t:|1758355459
|switch|p1a: Moltres|Moltres|63/100
|move|p2a: Dragapult|Will-O-Wisp|p1a: Moltres|[miss]
|-miss|p2a: Dragapult|p1a: Moltres
|
|upkeep
|turn|32
|
|t:|1758355465
|move|p2a: Dragapult|Dragon Darts|p1a: Moltres
|-damage|p1a: Moltres|48/100
|-anim|p2a: Dragapult|Dragon Darts|p1a: Moltres
|-crit|p1a: Moltres
|-damage|p1a: Moltres|28/100
|move|p1a: Moltres|Roost|p1a: Moltres
|-heal|p1a: Moltres|78/100
|-singleturn|p1a: Moltres|move: Roost
|
|upkeep
|turn|33
|
|t:|1758355474
|move|p2a: Dragapult|Dragon Darts|p1a: Moltres
|-damage|p1a: Moltres|62/100
|-anim|p2a: Dragapult|Dragon Darts|p1a: Moltres
|-damage|p1a: Moltres|48/100
|move|p1a: Moltres|Roar|p2a: Dragapult
|drag|p2a: Kyurem|Kyurem|77/100
|-damage|p2a: Kyurem|52/100|[from] Stealth Rock
|-damage|p2a: Kyurem|40/100|[from] Spikes
|-ability|p2a: Kyurem|Pressure
|
|-heal|p2a: Kyurem|46/100|[from] item: Leftovers
|upkeep
|turn|34
|
|t:|1758355486
|move|p2a: Kyurem|Freeze-Dry|p1a: Moltres
|-damage|p1a: Moltres|12/100
|-status|p1a: Moltres|frz
|-curestatus|p1a: Moltres|frz|[msg]
|move|p1a: Moltres|Roost|p1a: Moltres
|-heal|p1a: Moltres|62/100
|-singleturn|p1a: Moltres|move: Roost
|
|-heal|p2a: Kyurem|52/100|[from] item: Leftovers
|upkeep
|turn|35
|
|t:|1758355498
|move|p2a: Kyurem|Freeze-Dry|p1a: Moltres
|-crit|p1a: Moltres
|-damage|p1a: Moltres|5/100
|move|p1a: Moltres|U-turn|p2a: Kyurem
|-damage|p2a: Kyurem|40/100
|
|t:|1758355504
|switch|p1a: 多龙巴鲁托|Dragapult, M, tera:Ghost|100/100|[from] U-turn
|
|-heal|p2a: Kyurem|46/100|[from] item: Leftovers
|upkeep
|turn|36
|
|t:|1758355511
|move|p2a: Kyurem|Protect|p2a: Kyurem
|-singleturn|p2a: Kyurem|Protect
|move|p1a: 多龙巴鲁托|U-turn|p2a: Kyurem
|-activate|p2a: Kyurem|move: Protect
|
|-heal|p2a: Kyurem|52/100|[from] item: Leftovers
|upkeep
|turn|37
|
|t:|1758355539
|move|p1a: 多龙巴鲁托|U-turn|p2a: Kyurem
|-damage|p2a: Kyurem|20/100
|
|t:|1758355542
|switch|p1a: Moltres|Moltres|5/100|[from] U-turn
|move|p2a: Kyurem|Substitute|p2a: Kyurem
|-fail|p2a: Kyurem|move: Substitute|[weak]
|
|-heal|p2a: Kyurem|26/100|[from] item: Leftovers
|upkeep
|turn|38
|
|t:|1758355551
|move|p2a: Kyurem|Freeze-Dry|p1a: Moltres
|-crit|p1a: Moltres
|-damage|p1a: Moltres|0 fnt
|faint|p1a: Moltres
|
|-heal|p2a: Kyurem|32/100|[from] item: Leftovers
|upkeep
|
|t:|1758355557
|switch|p1a: Raging Bolt|Raging Bolt|84/100
|turn|39
|
|t:|1758355560
|move|p2a: Kyurem|Protect|p2a: Kyurem
|-singleturn|p2a: Kyurem|Protect
|move|p1a: Raging Bolt|Thunderclap||[still]
|-fail|p1a: Raging Bolt
|
|-heal|p2a: Kyurem|38/100|[from] item: Leftovers
|upkeep
|turn|40
|
|t:|1758355571
|move|p1a: Raging Bolt|Thunderclap|p2a: Kyurem
|-resisted|p2a: Kyurem
|-damage|p2a: Kyurem|19/100
|move|p2a: Kyurem|Freeze-Dry|p1a: Raging Bolt
|-supereffective|p1a: Raging Bolt
|-damage|p1a: Raging Bolt|26/100
|
|-heal|p2a: Kyurem|25/100|[from] item: Leftovers
|upkeep
|turn|41
|
|t:|1758355585
|move|p1a: Raging Bolt|Thunderclap|p2a: Kyurem
|-resisted|p2a: Kyurem
|-damage|p2a: Kyurem|6/100
|move|p2a: Kyurem|Freeze-Dry|p1a: Raging Bolt
|-supereffective|p1a: Raging Bolt
|-damage|p1a: Raging Bolt|0 fnt
|faint|p1a: Raging Bolt
|-end|p1a: Raging Bolt|Protosynthesis|[silent]
|
|-heal|p2a: Kyurem|12/100|[from] item: Leftovers
|upkeep
|
|t:|1758355594
|switch|p1a: 多龙巴鲁托|Dragapult, M, tera:Ghost|100/100
|turn|42
|
|t:|1758355596
|move|p2a: Kyurem|Protect|p2a: Kyurem
|-singleturn|p2a: Kyurem|Protect
|move|p1a: 多龙巴鲁托|Tera Blast|p2a: Kyurem|[anim] Tera Blast Ghost
|-activate|p2a: Kyurem|move: Protect
|
|-heal|p2a: Kyurem|18/100|[from] item: Leftovers
|upkeep
|turn|43
|
|t:|1758355604
|move|p2a: Kyurem|Protect||[still]
|-fail|p2a: Kyurem
|move|p1a: 多龙巴鲁托|Tera Blast|p2a: Kyurem|[anim] Tera Blast Ghost
|-damage|p2a: Kyurem|0 fnt
|faint|p2a: Kyurem
|
|upkeep
|
|t:|1758355607
|switch|p2a: Hydrapple|Hydrapple, F, tera:Fairy|100/100
|turn|44
|
|t:|1758355633
|move|p1a: 多龙巴鲁托|Tera Blast|p2a: Hydrapple|[anim] Tera Blast Ghost
|-damage|p2a: Hydrapple|52/100
|move|p2a: Hydrapple|Giga Drain|p1a: 多龙巴鲁托
|-damage|p1a: 多龙巴鲁托|60/100
|-heal|p2a: Hydrapple|67/100|[from] drain|[of] p1a: 多龙巴鲁托
|
|upkeep
|turn|45
|
|t:|1758355641
|move|p1a: 多龙巴鲁托|Tera Blast|p2a: Hydrapple|[anim] Tera Blast Ghost
|-damage|p2a: Hydrapple|16/100
|move|p2a: Hydrapple|Giga Drain|p1a: 多龙巴鲁托
|-damage|p1a: 多龙巴鲁托|20/100
|-heal|p2a: Hydrapple|32/100|[from] drain|[of] p1a: 多龙巴鲁托
|
|upkeep
|turn|46
|
|t:|1758355648
|switch|p2a: Dragapult|Dragapult, F|100/100
|move|p1a: 多龙巴鲁托|Tera Blast|p2a: Dragapult|[anim] Tera Blast Ghost
|-supereffective|p2a: Dragapult
|-damage|p2a: Dragapult|0 fnt
|faint|p2a: Dragapult
|
|upkeep
|
|t:|1758355650
|switch|p2a: Hydrapple|Hydrapple, F, tera:Fairy|65/100
|turn|47
|
|t:|1758355657
|move|p1a: 多龙巴鲁托|Tera Blast|p2a: Hydrapple|[anim] Tera Blast Ghost
|-damage|p2a: Hydrapple|15/100
|move|p2a: Hydrapple|Giga Drain|p1a: 多龙巴鲁托
|-damage|p1a: 多龙巴鲁托|0 fnt
|-heal|p2a: Hydrapple|23/100|[from] drain|[of] p1a: 多龙巴鲁托
|faint|p1a: 多龙巴鲁托
|
|win|evilbryanjohnson
|raw|jietouxiaoyu's rating: 1722 &rarr; <strong>1701</strong><br />(-21 for losing)
|raw|evilbryanjohnson's rating: 1708 &rarr; <strong>1729</strong><br />(+21 for winning)
|l|☆evilbryanjohnson
|player|p2|
|l|☆jietouxiaoyu
|player|p1|
|l| Disscratch
