|j|☆3h1r0
|j|☆slowbro named paul
|t:|1758291273
|gametype|singles
|player|p1|3h1r0|unknown|1180
|player|p2|slowbro named paul|skierf|1200
|gen|9
|tier|[Gen 9] OU
|rated|
|rule|HP Percentage Mod: HP is shown in percentages
|rule|Endless Battle Clause: Forcing endless battles is banned
|rule|Species Clause: Limit one of each Pokémon
|rule|OHKO Clause: OHKO moves are banned
|rule|Evasion Items Clause: Evasion items are banned
|rule|Evasion Moves Clause: Evasion moves are banned
|rule|Evasion Abilities Clause: Evasion abilities are banned
|rule|Sleep Moves Clause: Sleep-inducing moves are banned
|clearpoke
|poke|p1|Ting-Lu|
|poke|p1|Ogerpon-Wellspring, F|
|poke|p1|Iron Moth|
|poke|p1|Scizor, F|
|poke|p1|Hatterene, F|
|poke|p1|Corviknight, M|
|poke|p2|Manaphy|
|poke|p2|Okidogi, M|
|poke|p2|Cresselia, F|
|poke|p2|Corviknight, M|
|poke|p2|Raikou|
|poke|p2|Grimmsnarl, M|
|teampreview
|inactive|Battle timer is ON: inactive players will automatically lose when time's up. (requested by slowbro named paul)
|inactive|3h1r0 also wants the timer to be on.
|
|t:|1758291291
|teamsize|p1|6
|teamsize|p2|6
|start
|switch|p1a: Ting-Lu|Ting-Lu, shiny|100/100
|switch|p2a: Scooby Don't|Okidogi, M|100/100
|-ability|p1a: Ting-Lu|Vessel of Ruin
|turn|1
|
|t:|1758291308
|move|p2a: Scooby Don't|Poison Fang|p1a: Ting-Lu
|-resisted|p1a: Ting-Lu
|-damage|p1a: Ting-Lu|95/100
|-damage|p2a: Scooby Don't|84/100|[from] item: Rocky Helmet|[of] p1a: Ting-Lu
|-status|p1a: Ting-Lu|tox|[from] ability: Toxic Chain|[of] p2a: Scooby Don't
|move|p1a: Ting-Lu|Stealth Rock|p2a: Scooby Don't
|-sidestart|p2: slowbro named paul|move: Stealth Rock
|
|-heal|p2a: Scooby Don't|90/100|[from] item: Leftovers
|-damage|p1a: Ting-Lu|89/100 tox|[from] psn
|upkeep
|turn|2
|
|t:|1758291316
|move|p2a: Scooby Don't|Bulk Up|p2a: Scooby Don't
|-boost|p2a: Scooby Don't|atk|1
|-boost|p2a: Scooby Don't|def|1
|move|p1a: Ting-Lu|Whirlwind|p2a: Scooby Don't
|drag|p2a: Selene|Cresselia, F, shiny|100/100
|-damage|p2a: Selene|88/100|[from] Stealth Rock
|
|-damage|p1a: Ting-Lu|76/100 tox|[from] psn
|upkeep
|turn|3
|
|t:|1758291321
|move|p2a: Selene|Calm Mind|p2a: Selene
|-boost|p2a: Selene|spa|1
|-boost|p2a: Selene|spd|1
|move|p1a: Ting-Lu|Ruination|p2a: Selene
|-damage|p2a: Selene|44/100
|
|-damage|p1a: Ting-Lu|58/100 tox|[from] psn
|upkeep
|turn|4
|
|t:|1758291326
|move|p2a: Selene|Moonlight|p2a: Selene
|-heal|p2a: Selene|94/100
|move|p1a: Ting-Lu|Whirlwind|p2a: Selene
|drag|p2a: Ariel|Manaphy|100/100
|-damage|p2a: Ariel|88/100|[from] Stealth Rock
|
|-heal|p2a: Ariel|94/100|[from] item: Leftovers
|-damage|p1a: Ting-Lu|33/100 tox|[from] psn
|upkeep
|turn|5
|
|t:|1758291337
|switch|p2a: Scooby Don't|Okidogi, M|90/100
|-damage|p2a: Scooby Don't|84/100|[from] Stealth Rock
|switch|p1a: Ogerpon|Ogerpon-Wellspring, F|100/100
|
|-heal|p2a: Scooby Don't|90/100|[from] item: Leftovers
|upkeep
|turn|6
|
|t:|1758291350
|switch|p1a: Corviknight|Corviknight, M|100/100
|-ability|p1a: Corviknight|Pressure
|move|p2a: Scooby Don't|Poison Fang|p1a: Corviknight
|-immune|p1a: Corviknight
|
|-heal|p2a: Scooby Don't|96/100|[from] item: Leftovers
|upkeep
|turn|7
|
|t:|1758291360
|switch|p2a: Legendary Dog|Raikou|100/100
|-damage|p2a: Legendary Dog|88/100|[from] Stealth Rock
|-ability|p2a: Legendary Dog|Pressure
|move|p1a: Corviknight|U-turn|p2a: Legendary Dog
|-damage|p2a: Legendary Dog|71/100
|
|t:|1758291368
|switch|p1a: Hatterene|Hatterene, F|100/100|[from] U-turn
|
|-heal|p2a: Legendary Dog|77/100|[from] item: Leftovers
|upkeep
|turn|8
|
|t:|1758291371
|move|p2a: Legendary Dog|Substitute|p2a: Legendary Dog
|-start|p2a: Legendary Dog|Substitute
|-damage|p2a: Legendary Dog|52/100
|move|p1a: Hatterene|Calm Mind|p1a: Hatterene
|-boost|p1a: Hatterene|spa|1
|-boost|p1a: Hatterene|spd|1
|
|-heal|p2a: Legendary Dog|58/100|[from] item: Leftovers
|upkeep
|turn|9
|
|t:|1758291379
|move|p2a: Legendary Dog|Calm Mind|p2a: Legendary Dog
|-boost|p2a: Legendary Dog|spa|1
|-boost|p2a: Legendary Dog|spd|1
|move|p1a: Hatterene|Mystical Fire|p2a: Legendary Dog
|-activate|p2a: Legendary Dog|move: Substitute|[damage]
|
|-heal|p2a: Legendary Dog|65/100|[from] item: Leftovers
|upkeep
|turn|10
|
|t:|1758291383
|move|p2a: Legendary Dog|Calm Mind|p2a: Legendary Dog
|-boost|p2a: Legendary Dog|spa|1
|-boost|p2a: Legendary Dog|spd|1
|move|p1a: Hatterene|Psychic Noise|p2a: Legendary Dog
|-damage|p2a: Legendary Dog|49/100
|-start|p2a: Legendary Dog|move: Heal Block
|
|upkeep
|turn|11
|
|t:|1758291399
|-terastallize|p2a: Legendary Dog|Electric
|move|p2a: Legendary Dog|Discharge|p1a: Hatterene
|-damage|p1a: Hatterene|38/100
|-status|p1a: Hatterene|par
|move|p1a: Hatterene|Calm Mind|p1a: Hatterene
|-boost|p1a: Hatterene|spa|1
|-boost|p1a: Hatterene|spd|1
|
|-heal|p1a: Hatterene|44/100 par|[from] item: Leftovers
|-end|p2a: Legendary Dog|move: Heal Block
|upkeep
|turn|12
|
|t:|1758291405
|move|p2a: Legendary Dog|Discharge|p1a: Hatterene
|-damage|p1a: Hatterene|2/100 par
|move|p1a: Hatterene|Psychic Noise|p2a: Legendary Dog
|-damage|p2a: Legendary Dog|27/100
|-start|p2a: Legendary Dog|move: Heal Block
|
|-heal|p1a: Hatterene|8/100 par|[from] item: Leftovers
|upkeep
|turn|13
|
|t:|1758291409
|move|p2a: Legendary Dog|Discharge|p1a: Hatterene
|-damage|p1a: Hatterene|0 fnt
|faint|p1a: Hatterene
|
|-end|p2a: Legendary Dog|move: Heal Block
|upkeep
|
|t:|1758291414
|switch|p1a: Ting-Lu|Ting-Lu, shiny|33/100 tox
|-ability|p1a: Ting-Lu|Vessel of Ruin
|turn|14
|
|t:|1758291418
|move|p2a: Legendary Dog|Protect|p2a: Legendary Dog
|-singleturn|p2a: Legendary Dog|Protect
|move|p1a: Ting-Lu|Whirlwind|p2a: Legendary Dog
|drag|p2a: Ariel|Manaphy|94/100
|-damage|p2a: Ariel|82/100|[from] Stealth Rock
|
|-heal|p2a: Ariel|88/100|[from] item: Leftovers
|-damage|p1a: Ting-Lu|26/100 tox|[from] psn
|upkeep
|turn|15
|
|t:|1758291422
|move|p2a: Ariel|Take Heart|p2a: Ariel
|-boost|p2a: Ariel|spa|1
|-boost|p2a: Ariel|spd|1
|move|p1a: Ting-Lu|Ruination|p2a: Ariel|[miss]
|-miss|p1a: Ting-Lu|p2a: Ariel
|
|-heal|p2a: Ariel|94/100|[from] item: Leftovers
|-damage|p1a: Ting-Lu|14/100 tox|[from] psn
|upkeep
|turn|16
|
|t:|1758291445
|switch|p2a: Edgar|Corviknight, M|100/100
|-damage|p2a: Edgar|88/100|[from] Stealth Rock
|-ability|p2a: Edgar|Pressure
|move|p1a: Ting-Lu|Whirlwind|p2a: Edgar
|drag|p2a: Legendary Dog|Raikou, tera:Electric|27/100
|-damage|p2a: Legendary Dog|14/100|[from] Stealth Rock
|-ability|p2a: Legendary Dog|Pressure
|
|-heal|p2a: Legendary Dog|20/100|[from] item: Leftovers
|-damage|p1a: Ting-Lu|0 fnt|[from] psn
|faint|p1a: Ting-Lu
|upkeep
|
|t:|1758291453
|switch|p1a: Iron Moth|Iron Moth|100/100
|-enditem|p1a: Iron Moth|Booster Energy
|-activate|p1a: Iron Moth|ability: Quark Drive|[fromitem]
|-start|p1a: Iron Moth|quarkdrivespe
|turn|17
|
|t:|1758291459
|move|p2a: Legendary Dog|Protect|p2a: Legendary Dog
|-singleturn|p2a: Legendary Dog|Protect
|move|p1a: Iron Moth|Fiery Dance|p2a: Legendary Dog
|-activate|p2a: Legendary Dog|move: Protect
|
|-heal|p2a: Legendary Dog|27/100|[from] item: Leftovers
|upkeep
|turn|18
|
|t:|1758291468
|switch|p2a: Ariel|Manaphy|94/100
|-damage|p2a: Ariel|82/100|[from] Stealth Rock
|move|p1a: Iron Moth|Fiery Dance|p2a: Ariel
|-resisted|p2a: Ariel
|-damage|p2a: Ariel|66/100
|-boost|p1a: Iron Moth|spa|1
|
|-heal|p2a: Ariel|72/100|[from] item: Leftovers
|upkeep
|turn|19
|
|t:|1758291496
|move|p1a: Iron Moth|Sludge Wave|p2a: Ariel
|-damage|p2a: Ariel|11/100
|move|p2a: Ariel|Scald|p1a: Iron Moth
|-supereffective|p1a: Iron Moth
|-crit|p1a: Iron Moth
|-damage|p1a: Iron Moth|13/100
|
|-heal|p2a: Ariel|17/100|[from] item: Leftovers
|upkeep
|turn|20
|
|t:|1758291509
|move|p1a: Iron Moth|Fiery Dance|p2a: Ariel
|-resisted|p2a: Ariel
|-damage|p2a: Ariel|0 fnt
|-boost|p1a: Iron Moth|spa|1
|faint|p2a: Ariel
|
|upkeep
|
|t:|1758291511
|switch|p2a: Selene|Cresselia, F, shiny|94/100
|-damage|p2a: Selene|82/100|[from] Stealth Rock
|turn|21
|
|t:|1758291518
|move|p1a: Iron Moth|Fiery Dance|p2a: Selene
|-damage|p2a: Selene|19/100
|-boost|p1a: Iron Moth|spa|1
|move|p2a: Selene|Psyshock|p1a: Iron Moth
|-supereffective|p1a: Iron Moth
|-damage|p1a: Iron Moth|0 fnt
|faint|p1a: Iron Moth
|-end|p1a: Iron Moth|Quark Drive|[silent]
|-damage|p2a: Selene|9/100|[from] item: Life Orb
|
|upkeep
|
|t:|1758291526
|switch|p1a: Ogerpon|Ogerpon-Wellspring, F|100/100
|turn|22
|
|t:|1758291532
|-terastallize|p1a: Ogerpon|Water
|detailschange|p1a: Ogerpon|Ogerpon-Wellspring-Tera, F, tera:Water
|-ability|p1a: Ogerpon|Embody Aspect (Wellspring)|boost
|-boost|p1a: Ogerpon|spd|1
|move|p1a: Ogerpon|Swords Dance|p1a: Ogerpon
|-boost|p1a: Ogerpon|atk|2
|move|p2a: Selene|Psyshock|p1a: Ogerpon
|-damage|p1a: Ogerpon|46/100
|-damage|p2a: Selene|0 fnt|[from] item: Life Orb
|faint|p2a: Selene
|
|upkeep
|
|t:|1758291538
|switch|p2a: Scooby Don't|Okidogi, M|96/100
|-damage|p2a: Scooby Don't|90/100|[from] Stealth Rock
|turn|23
|
|t:|1758291548
|move|p1a: Ogerpon|Ivy Cudgel|p2a: Scooby Don't|[anim] Ivy Cudgel Water
|-damage|p2a: Scooby Don't|0 fnt
|faint|p2a: Scooby Don't
|
|upkeep
|
|t:|1758291554
|switch|p2a: Edgar|Corviknight, M|88/100
|-damage|p2a: Edgar|75/100|[from] Stealth Rock
|-ability|p2a: Edgar|Pressure
|turn|24
|
|t:|1758291561
|move|p1a: Ogerpon|Trailblaze|p2a: Edgar
|-resisted|p2a: Edgar
|-damage|p2a: Edgar|63/100
|-boost|p1a: Ogerpon|spe|1
|move|p2a: Edgar|Brave Bird|p1a: Ogerpon
|-damage|p1a: Ogerpon|0 fnt
|faint|p1a: Ogerpon
|detailschange|p1: Ogerpon|Ogerpon-Wellspring, F|[silent]
|-damage|p2a: Edgar|51/100|[from] Recoil
|
|-heal|p2a: Edgar|58/100|[from] item: Leftovers
|upkeep
|
|t:|1758291572
|switch|p1a: Corviknight|Corviknight, M|100/100
|-ability|p1a: Corviknight|Pressure
|turn|25
|
|t:|1758291576
|move|p2a: Edgar|Defog|p1a: Corviknight
|-unboost|p1a: Corviknight|evasion|1
|-sideend|p2: slowbro named paul|Stealth Rock|[from] move: Defog|[of] p2a: Edgar
|move|p1a: Corviknight|Brave Bird|p2a: Edgar
|-resisted|p2a: Edgar
|-damage|p2a: Edgar|43/100
|-damage|p1a: Corviknight|96/100|[from] Recoil
|
|-heal|p1a: Corviknight|100/100|[from] item: Leftovers
|-heal|p2a: Edgar|50/100|[from] item: Leftovers
|upkeep
|turn|26
|
|t:|1758291589
|move|p2a: Edgar|Roost|p2a: Edgar
|-heal|p2a: Edgar|99/100
|-singleturn|p2a: Edgar|move: Roost
|move|p1a: Corviknight|U-turn|p2a: Edgar
|-resisted|p2a: Edgar
|-damage|p2a: Edgar|94/100
|
|t:|1758291591
|switch|p1a: Scizor|Scizor, F|100/100|[from] U-turn
|
|-heal|p2a: Edgar|99/100|[from] item: Leftovers
|upkeep
|turn|27
|
|t:|1758291612
|move|p1a: Scizor|Close Combat|p2a: Edgar
|-damage|p2a: Edgar|48/100
|-unboost|p1a: Scizor|def|1
|-unboost|p1a: Scizor|spd|1
|move|p2a: Edgar|Brave Bird|p1a: Scizor
|-damage|p1a: Scizor|42/100
|-damage|p2a: Edgar|33/100|[from] Recoil
|
|-heal|p2a: Edgar|39/100|[from] item: Leftovers
|upkeep
|turn|28
|
|t:|1758291625
|switch|p2a: NEW META|Grimmsnarl, M, shiny|100/100
|move|p1a: Scizor|Close Combat|p2a: NEW META
|-damage|p2a: NEW META|43/100
|-unboost|p1a: Scizor|def|1
|-unboost|p1a: Scizor|spd|1
|
|-heal|p2a: NEW META|49/100|[from] item: Leftovers
|upkeep
|turn|29
|
|t:|1758291635
|switch|p1a: Corviknight|Corviknight, M|100/100
|-ability|p1a: Corviknight|Pressure
|move|p2a: NEW META|Bulk Up|p2a: NEW META
|-boost|p2a: NEW META|atk|1
|-boost|p2a: NEW META|def|1
|
|-heal|p2a: NEW META|55/100|[from] item: Leftovers
|upkeep
|turn|30
|
|t:|1758291646
|move|p2a: NEW META|Bulk Up|p2a: NEW META
|-boost|p2a: NEW META|atk|1
|-boost|p2a: NEW META|def|1
|move|p1a: Corviknight|Brave Bird|p2a: NEW META
|-damage|p2a: NEW META|39/100
|-damage|p1a: Corviknight|95/100|[from] Recoil
|
|-heal|p1a: Corviknight|100/100|[from] item: Leftovers
|-heal|p2a: NEW META|45/100|[from] item: Leftovers
|upkeep
|turn|31
|
|t:|1758291650
|move|p2a: NEW META|Bulk Up|p2a: NEW META
|-boost|p2a: NEW META|atk|1
|-boost|p2a: NEW META|def|1
|move|p1a: Corviknight|U-turn|p2a: NEW META
|-damage|p2a: NEW META|40/100
|
|t:|1758291652
|switch|p1a: Scizor|Scizor, F|42/100|[from] U-turn
|
|-heal|p2a: NEW META|46/100|[from] item: Leftovers
|upkeep
|turn|32
|
|t:|1758291655
|move|p1a: Scizor|Bullet Punch|p2a: NEW META
|-supereffective|p2a: NEW META
|-damage|p2a: NEW META|12/100
|move|p2a: NEW META|Spirit Break|p1a: Scizor
|-resisted|p1a: Scizor
|-damage|p1a: Scizor|0 fnt
|faint|p1a: Scizor
|
|-heal|p2a: NEW META|19/100|[from] item: Leftovers
|upkeep
|-message|3h1r0 forfeited.
|
|win|slowbro named paul
|raw|3h1r0's rating: 1180 &rarr; <strong>1156</strong><br />(-24 for losing)
|raw|slowbro named paul's rating: 1200 &rarr; <strong>1224</strong><br />(+24 for winning)
|l|☆3h1r0
|player|p1|
