|j|☆omnomapuss
|j|☆takeyouout
|t:|1758260197
|gametype|singles
|player|p1|omnomapuss|crasherwake|1554
|player|p2|takeyouout|richboy|1563
|gen|9
|tier|[Gen 9] OU
|rated|
|rule|HP Percentage Mod: HP is shown in percentages
|rule|Endless Battle Clause: Forcing endless battles is banned
|rule|Species Clause: Limit one of each Pokémon
|rule|OHKO Clause: OHKO moves are banned
|rule|Evasion Items Clause: Evasion items are banned
|rule|Evasion Moves Clause: Evasion moves are banned
|rule|Evasion Abilities Clause: Evasion abilities are banned
|rule|Sleep Moves Clause: Sleep-inducing moves are banned
|clearpoke
|poke|p1|Primarina, M|
|poke|p1|Dragapult, F|
|poke|p1|Scizor, M|
|poke|p1|Great Tusk|
|poke|p1|Zapdos|
|poke|p1|Slowking-Galar, F|
|poke|p2|Tyranitar, F|
|poke|p2|Garganacl, M|
|poke|p2|Deoxys-Speed|
|poke|p2|Alomomola, F|
|poke|p2|Excadrill, M|
|poke|p2|Tornadus-Therian, M|
|teampreview
|
|t:|1758260204
|teamsize|p1|6
|teamsize|p2|6
|start
|switch|p1a: Scizor|Scizor, M|100/100
|switch|p2a: Sri Lanka|Tornadus-Therian, M|100/100
|turn|1
|
|t:|1758260209
|switch|p1a: Slowking|Slowking-Galar, F|100/100
|move|p2a: Sri Lanka|Bleakwind Storm|p1a: Slowking
|-damage|p1a: Slowking|63/100
|-unboost|p1a: Slowking|spe|1
|-damage|p2a: Sri Lanka|90/100|[from] item: Life Orb
|
|upkeep
|turn|2
|
|t:|1758260218
|move|p2a: Sri Lanka|Dark Pulse|p1a: Slowking
|-supereffective|p1a: Slowking
|-damage|p1a: Slowking|27/100
|-damage|p2a: Sri Lanka|80/100|[from] item: Life Orb
|move|p1a: Slowking|Thunder Wave|p2a: Sri Lanka
|-status|p2a: Sri Lanka|par
|
|upkeep
|turn|3
|
|t:|1758260223
|switch|p1a: Primarina|Primarina, M|100/100
|move|p2a: Sri Lanka|Bleakwind Storm|p1a: Primarina
|-damage|p1a: Primarina|61/100
|-damage|p2a: Sri Lanka|70/100 par|[from] item: Life Orb
|
|upkeep
|turn|4
|
|t:|1758260227
|move|p1a: Primarina|Moonblast|p2a: Sri Lanka
|-damage|p2a: Sri Lanka|3/100 par
|move|p2a: Sri Lanka|Bleakwind Storm|p1a: Primarina
|-damage|p1a: Primarina|27/100
|-unboost|p1a: Primarina|spe|1
|-damage|p2a: Sri Lanka|0 fnt|[from] item: Life Orb
|faint|p2a: Sri Lanka
|
|upkeep
|
|t:|1758260231
|switch|p2a: Starscream|Excadrill, M|100/100
|turn|5
|
|t:|1758260248
|switch|p1a: Great Tusk|Great Tusk|100/100
|move|p2a: Starscream|Rock Slide|p1a: Great Tusk
|-resisted|p1a: Great Tusk
|-damage|p1a: Great Tusk|94/100
|
|upkeep
|turn|6
|
|t:|1758260251
|switch|p2a: Molllllyyyyy|Alomomola, F, shiny|100/100
|move|p1a: Great Tusk|Stealth Rock|p2a: Molllllyyyyy
|-sidestart|p2: takeyouout|move: Stealth Rock
|
|upkeep
|turn|7
|
|t:|1758260254
|-end|p1a: Great Tusk|Protosynthesis|[silent]
|switch|p1a: Slowking|Slowking-Galar, F|60/100
|move|p2a: Molllllyyyyy|Flip Turn|p1a: Slowking
|-damage|p1a: Slowking|43/100
|
|t:|1758260257
|switch|p2a: Starscream|Excadrill, M|100/100|[from] Flip Turn
|-damage|p2a: Starscream|97/100|[from] Stealth Rock
|
|upkeep
|turn|8
|
|t:|1758260266
|switch|p1a: Great Tusk|Great Tusk|94/100
|move|p2a: Starscream|Earthquake|p1a: Great Tusk
|-damage|p1a: Great Tusk|31/100
|
|upkeep
|turn|9
|
|t:|1758260269
|move|p2a: Starscream|Earthquake|p1a: Great Tusk
|-damage|p1a: Great Tusk|0 fnt
|faint|p1a: Great Tusk
|-end|p1a: Great Tusk|Protosynthesis|[silent]
|
|upkeep
|
|t:|1758260272
|switch|p1a: Dragapult|Dragapult, F|100/100
|turn|10
|
|t:|1758260275
|switch|p2a: Molllllyyyyy|Alomomola, F, shiny|100/100
|-damage|p2a: Molllllyyyyy|88/100|[from] Stealth Rock
|-terastallize|p1a: Dragapult|Ghost
|move|p1a: Dragapult|Tera Blast|p2a: Molllllyyyyy|[anim] Tera Blast Ghost
|-damage|p2a: Molllllyyyyy|33/100
|
|upkeep
|turn|11
|
|t:|1758260279
|move|p2a: Molllllyyyyy|Protect|p2a: Molllllyyyyy
|-singleturn|p2a: Molllllyyyyy|Protect
|move|p1a: Dragapult|Tera Blast|p2a: Molllllyyyyy|[anim] Tera Blast Ghost
|-activate|p2a: Molllllyyyyy|move: Protect
|
|upkeep
|turn|12
|
|t:|1758260283
|switch|p1a: Primarina|Primarina, M|27/100
|switch|p2a: Broomhilda|Tyranitar, F, shiny|100/100
|-weather|Sandstorm|[from] ability: Sand Stream|[of] p2a: Broomhilda
|
|-weather|Sandstorm|[upkeep]
|-damage|p1a: Primarina|21/100|[from] Sandstorm
|upkeep
|turn|13
|
|t:|1758260286
|move|p1a: Primarina|Surf|p2a: Broomhilda
|-supereffective|p2a: Broomhilda
|-damage|p2a: Broomhilda|32/100
|move|p2a: Broomhilda|Knock Off|p1a: Primarina
|-resisted|p1a: Primarina
|-damage|p1a: Primarina|0 fnt
|-enditem|p1a: Primarina|Assault Vest|[from] move: Knock Off|[of] p2a: Broomhilda
|faint|p1a: Primarina
|
|-weather|Sandstorm|[upkeep]
|upkeep
|
|t:|1758260288
|switch|p1a: Dragapult|Dragapult, F, tera:Ghost|100/100
|turn|14
|
|t:|1758260291
|switch|p2a: Molllllyyyyy|Alomomola, F, shiny|66/100
|-damage|p2a: Molllllyyyyy|54/100|[from] Stealth Rock
|move|p1a: Dragapult|U-turn|p2a: Molllllyyyyy
|-damage|p2a: Molllllyyyyy|29/100
|-damage|p1a: Dragapult|84/100|[from] item: Rocky Helmet|[of] p2a: Molllllyyyyy
|
|t:|1758260295
|switch|p1a: Scizor|Scizor, M|100/100|[from] U-turn
|
|-weather|Sandstorm|[upkeep]
|-damage|p2a: Molllllyyyyy|23/100|[from] Sandstorm
|upkeep
|turn|15
|
|t:|1758260297
|move|p1a: Scizor|U-turn|p2a: Molllllyyyyy
|-damage|p2a: Molllllyyyyy|0 fnt
|-damage|p1a: Scizor|84/100|[from] item: Rocky Helmet|[of] p2a: Molllllyyyyy
|faint|p2a: Molllllyyyyy
|
|t:|1758260300
|switch|p1a: Zapdos|Zapdos|100/100|[from] U-turn
|
|-weather|Sandstorm|[upkeep]
|-damage|p1a: Zapdos|94/100|[from] Sandstorm
|upkeep
|
|t:|1758260305
|switch|p2a: RockIce|Garganacl, M|100/100
|-damage|p2a: RockIce|88/100|[from] Stealth Rock
|turn|16
|
|t:|1758260318
|move|p1a: Zapdos|U-turn|p2a: RockIce
|-damage|p2a: RockIce|79/100
|
|t:|1758260319
|switch|p1a: Slowking|Slowking-Galar, F|76/100|[from] U-turn
|move|p2a: RockIce|Curse|p2a: RockIce
|-unboost|p2a: RockIce|spe|1
|-boost|p2a: RockIce|atk|1
|-boost|p2a: RockIce|def|1
|
|-weather|none
|-heal|p2a: RockIce|85/100|[from] item: Leftovers
|upkeep
|turn|17
|
|t:|1758260325
|move|p1a: Slowking|Future Sight|p2a: RockIce
|-start|p1a: Slowking|move: Future Sight
|move|p2a: RockIce|Curse|p2a: RockIce
|-unboost|p2a: RockIce|spe|1
|-boost|p2a: RockIce|atk|1
|-boost|p2a: RockIce|def|1
|
|-heal|p2a: RockIce|91/100|[from] item: Leftovers
|upkeep
|turn|18
|
|t:|1758260327
|-prepare|p1a: Slowking|Chilly Reception|[premajor]
|move|p1a: Slowking|Chilly Reception|p1a: Slowking
|-weather|Snowscape
|
|t:|1758260330
|switch|p1a: Scizor|Scizor, M|84/100|[from] Chilly Reception
|move|p2a: RockIce|Curse|p2a: RockIce
|-unboost|p2a: RockIce|spe|1
|-boost|p2a: RockIce|atk|1
|-boost|p2a: RockIce|def|1
|
|-weather|Snowscape|[upkeep]
|-heal|p2a: RockIce|97/100|[from] item: Leftovers
|upkeep
|turn|19
|
|t:|1758260343
|move|p1a: Scizor|Bullet Punch|p2a: RockIce
|-supereffective|p2a: RockIce
|-damage|p2a: RockIce|71/100
|move|p2a: RockIce|Salt Cure|p1a: Scizor
|-damage|p1a: Scizor|47/100
|-start|p1a: Scizor|Salt Cure
|
|-weather|Snowscape|[upkeep]
|-end|p2a: RockIce|move: Future Sight
|-damage|p2a: RockIce|40/100
|-heal|p2a: RockIce|46/100|[from] item: Leftovers
|-damage|p1a: Scizor|22/100|[from] Salt Cure
|upkeep
|turn|20
|
|t:|1758260347
|move|p1a: Scizor|Bullet Punch|p2a: RockIce
|-supereffective|p2a: RockIce
|-crit|p2a: RockIce
|-damage|p2a: RockIce|0 fnt
|faint|p2a: RockIce
|
|-weather|Snowscape|[upkeep]
|-damage|p1a: Scizor|0 fnt|[from] Salt Cure
|faint|p1a: Scizor
|upkeep
|
|t:|1758260355
|switch|p1a: Dragapult|Dragapult, F, tera:Ghost|84/100
|switch|p2a: 99|Deoxys-Speed|100/100
|-damage|p2a: 99|88/100|[from] Stealth Rock
|-ability|p2a: 99|Pressure
|turn|21
|
|t:|1758260361
|switch|p2a: Broomhilda|Tyranitar, F, shiny|32/100
|-weather|Sandstorm|[from] ability: Sand Stream|[of] p2a: Broomhilda
|move|p1a: Dragapult|Sucker Punch||[still]
|-fail|p1a: Dragapult
|
|-weather|Sandstorm|[upkeep]
|-damage|p1a: Dragapult|78/100|[from] Sandstorm
|upkeep
|turn|22
|
|t:|1758260363
|switch|p1a: Zapdos|Zapdos|94/100
|move|p2a: Broomhilda|Stealth Rock|p1a: Zapdos
|-sidestart|p1: omnomapuss|move: Stealth Rock
|
|-weather|Sandstorm|[upkeep]
|-damage|p1a: Zapdos|88/100|[from] Sandstorm
|upkeep
|turn|23
|
|t:|1758260365
|move|p1a: Zapdos|U-turn|p2a: Broomhilda
|-supereffective|p2a: Broomhilda
|-damage|p2a: Broomhilda|11/100
|
|t:|1758260367
|switch|p1a: Slowking|Slowking-Galar, F|100/100|[from] U-turn
|move|p2a: Broomhilda|Knock Off|p1a: Slowking
|-supereffective|p1a: Slowking
|-damage|p1a: Slowking|18/100
|-enditem|p1a: Slowking|Heavy-Duty Boots|[from] move: Knock Off|[of] p2a: Broomhilda
|
|-weather|Sandstorm|[upkeep]
|-damage|p1a: Slowking|12/100|[from] Sandstorm
|upkeep
|turn|24
|
|t:|1758260372
|switch|p1a: Zapdos|Zapdos|88/100
|move|p2a: Broomhilda|Knock Off|p1a: Zapdos
|-damage|p1a: Zapdos|57/100
|-enditem|p1a: Zapdos|Heavy-Duty Boots|[from] move: Knock Off|[of] p2a: Broomhilda
|
|-weather|Sandstorm|[upkeep]
|-damage|p1a: Zapdos|51/100|[from] Sandstorm
|upkeep
|turn|25
|
|t:|1758260375
|switch|p2a: Starscream|Excadrill, M|97/100
|-damage|p2a: Starscream|94/100|[from] Stealth Rock
|move|p1a: Zapdos|U-turn|p2a: Starscream
|-resisted|p2a: Starscream
|-damage|p2a: Starscream|86/100
|
|t:|1758260380
|switch|p1a: Slowking|Slowking-Galar, F|45/100|[from] U-turn
|-damage|p1a: Slowking|32/100|[from] Stealth Rock
|
|-weather|none
|upkeep
|turn|26
|
|t:|1758260388
|move|p2a: Starscream|Rock Slide|p1a: Slowking
|-damage|p1a: Slowking|0 fnt
|faint|p1a: Slowking
|
|upkeep
|
|t:|1758260389
|switch|p1a: Dragapult|Dragapult, F, tera:Ghost|78/100
|-damage|p1a: Dragapult|66/100|[from] Stealth Rock
|turn|27
|
|t:|1758260392
|switch|p2a: Broomhilda|Tyranitar, F, shiny|11/100
|-weather|Sandstorm|[from] ability: Sand Stream|[of] p2a: Broomhilda
|move|p1a: Dragapult|U-turn|p2a: Broomhilda
|-supereffective|p2a: Broomhilda
|-damage|p2a: Broomhilda|0 fnt
|faint|p2a: Broomhilda
|
|t:|1758260394
|switch|p1a: Zapdos|Zapdos|51/100|[from] U-turn
|-damage|p1a: Zapdos|26/100|[from] Stealth Rock
|
|-weather|Sandstorm|[upkeep]
|-damage|p1a: Zapdos|20/100|[from] Sandstorm
|upkeep
|
|t:|1758260396
|switch|p2a: 99|Deoxys-Speed|88/100
|-damage|p2a: 99|76/100|[from] Stealth Rock
|-ability|p2a: 99|Pressure
|turn|28
|inactive|Battle timer is ON: inactive players will automatically lose when time's up. (requested by takeyouout)
|
|t:|1758260431
|move|p2a: 99|Dark Pulse|p1a: Zapdos
|-damage|p1a: Zapdos|0 fnt
|faint|p1a: Zapdos
|-damage|p2a: 99|66/100|[from] item: Life Orb
|
|-weather|Sandstorm|[upkeep]
|-damage|p2a: 99|59/100|[from] Sandstorm
|upkeep
|
|t:|1758260433
|switch|p1a: Dragapult|Dragapult, F, tera:Ghost|66/100
|-damage|p1a: Dragapult|53/100|[from] Stealth Rock
|turn|29
|
|t:|1758260438
|switch|p2a: Starscream|Excadrill, M|86/100
|-damage|p2a: Starscream|83/100|[from] Stealth Rock
|move|p1a: Dragapult|Sucker Punch||[still]
|-fail|p1a: Dragapult
|
|-weather|Sandstorm|[upkeep]
|-damage|p1a: Dragapult|47/100|[from] Sandstorm
|upkeep
|turn|30
|-message|omnomapuss forfeited.
|
|win|takeyouout
|raw|omnomapuss's rating: 1536 &rarr; <strong>1518</strong><br />(-18 for losing)
|raw|takeyouout's rating: 1563 &rarr; <strong>1581</strong><br />(+18 for winning)
|l|☆omnomapuss
|player|p1|
