|j|☆s1t4
|j|☆Baalveer001
|t:|1758356159
|gametype|singles
|player|p1|s1t4|101|1204
|player|p2|Baalveer001|2|1204
|gen|9
|tier|[Gen 9] OU
|rated|
|rule|HP Percentage Mod: HP is shown in percentages
|rule|Endless Battle Clause: Forcing endless battles is banned
|rule|Species Clause: Limit one of each Pokémon
|rule|OHKO Clause: OHKO moves are banned
|rule|Evasion Items Clause: Evasion items are banned
|rule|Evasion Moves Clause: Evasion moves are banned
|rule|Evasion Abilities Clause: Evasion abilities are banned
|rule|Sleep Moves Clause: Sleep-inducing moves are banned
|clearpoke
|poke|p1|Kingdra, M|
|poke|p1|Pelipper, M|
|poke|p1|Dugtrio-Alola, F|
|poke|p1|Samurott-Hisui, F|
|poke|p1|Politoed, F|
|poke|p1|Weezing-Galar, M|
|poke|p2|Latios, M|
|poke|p2|Scizor, M|
|poke|p2|Okidogi, M|
|poke|p2|Kleavor, M|
|poke|p2|Blaziken, M|
|poke|p2|Moltres-Galar|
|teampreview
|
|t:|1758356170
|teamsize|p1|6
|teamsize|p2|6
|start
|switch|p1a: Politoed|Politoed, F|100/100
|switch|p2a: Kleavor|Kleavor, M|100/100
|-weather|RainDance|[from] ability: Drizzle|[of] p1a: Politoed
|turn|1
|
|t:|1758356188
|switch|p2a: Scizor|Scizor, M|100/100
|move|p1a: Politoed|Weather Ball|p2a: Scizor
|-damage|p2a: Scizor|32/100
|
|-weather|RainDance|[upkeep]
|-heal|p2a: Scizor|38/100|[from] item: Leftovers
|upkeep
|turn|2
|
|t:|1758356200
|move|p2a: Scizor|Dual Wingbeat|p1a: Politoed|[miss]
|-miss|p2a: Scizor|p1a: Politoed
|move|p1a: Politoed|Weather Ball|p2a: Scizor
|-damage|p2a: Scizor|0 fnt
|faint|p2a: Scizor
|
|-weather|RainDance|[upkeep]
|upkeep
|
|t:|1758356206
|switch|p2a: Latios|Latios, M|100/100
|turn|3
|
|t:|1758356220
|move|p2a: Latios|Calm Mind|p2a: Latios
|-boost|p2a: Latios|spa|1
|-boost|p2a: Latios|spd|1
|move|p1a: Politoed|Perish Song|p1a: Politoed
|-start|p1a: Politoed|perish3|[silent]
|-start|p2a: Latios|perish3|[silent]
|-fieldactivate|move: Perish Song
|
|-weather|RainDance|[upkeep]
|-start|p2a: Latios|perish3
|-start|p1a: Politoed|perish3
|upkeep
|turn|4
|
|t:|1758356226
|move|p2a: Latios|Luster Purge|p1a: Politoed
|-damage|p1a: Politoed|54/100
|move|p1a: Politoed|Encore|p2a: Latios
|-start|p2a: Latios|Encore
|
|-weather|RainDance|[upkeep]
|-start|p2a: Latios|perish2
|-start|p1a: Politoed|perish2
|upkeep
|turn|5
|
|t:|1758356231
|switch|p1a: Samurott|Samurott-Hisui, F|100/100
|move|p2a: Latios|Luster Purge|p1a: Samurott
|-immune|p1a: Samurott
|
|-weather|RainDance|[upkeep]
|-start|p2a: Latios|perish1
|upkeep
|turn|6
|
|t:|1758356236
|switch|p2a: Okidogi|Okidogi, M|100/100
|move|p1a: Samurott|Ceaseless Edge|p2a: Okidogi
|-resisted|p2a: Okidogi
|-damage|p2a: Okidogi|78/100
|-sidestart|p2: Baalveer001|Spikes
|
|-weather|RainDance|[upkeep]
|-heal|p2a: Okidogi|84/100|[from] item: Leftovers
|upkeep
|turn|7
|
|t:|1758356250
|switch|p1a: Weezing|Weezing-Galar, M|100/100
|-ability|p1a: Weezing|Neutralizing Gas
|move|p2a: Okidogi|Bulk Up|p2a: Okidogi
|-boost|p2a: Okidogi|atk|1
|-boost|p2a: Okidogi|def|1
|
|-weather|RainDance|[upkeep]
|-heal|p2a: Okidogi|90/100|[from] item: Leftovers
|upkeep
|turn|8
|
|t:|1758356257
|move|p2a: Okidogi|Gunk Shot|p1a: Weezing
|-damage|p1a: Weezing|40/100
|move|p1a: Weezing|Clear Smog|p2a: Okidogi
|-resisted|p2a: Okidogi
|-damage|p2a: Okidogi|80/100
|-clearboost|p2a: Okidogi
|
|-weather|none
|-heal|p2a: Okidogi|86/100|[from] item: Leftovers
|-heal|p1a: Weezing|46/100|[from] item: Leftovers
|upkeep
|turn|9
|
|t:|1758356265
|-end|p1a: Weezing|ability: Neutralizing Gas
|switch|p1a: Dugtrio|Dugtrio-Alola, F|100/100
|move|p2a: Okidogi|Gunk Shot|p1a: Dugtrio
|-immune|p1a: Dugtrio
|
|-heal|p2a: Okidogi|92/100|[from] item: Leftovers
|upkeep
|turn|10
|
|t:|1758356271
|move|p1a: Dugtrio|Earthquake|p2a: Okidogi
|-supereffective|p2a: Okidogi
|-damage|p2a: Okidogi|0 fnt
|faint|p2a: Okidogi
|
|upkeep
|
|t:|1758356285
|switch|p2a: Latios|Latios, M|100/100
|turn|11
|
|t:|1758356290
|switch|p1a: Politoed|Politoed, F|54/100
|-weather|RainDance|[from] ability: Drizzle|[of] p1a: Politoed
|move|p2a: Latios|Calm Mind|p2a: Latios
|-boost|p2a: Latios|spa|1
|-boost|p2a: Latios|spd|1
|
|-weather|RainDance|[upkeep]
|upkeep
|turn|12
|
|t:|1758356295
|move|p2a: Latios|Luster Purge|p1a: Politoed
|-damage|p1a: Politoed|8/100
|move|p1a: Politoed|Encore|p2a: Latios
|-start|p2a: Latios|Encore
|
|-weather|RainDance|[upkeep]
|upkeep
|turn|13
|
|t:|1758356302
|move|p2a: Latios|Luster Purge|p1a: Politoed
|-damage|p1a: Politoed|0 fnt
|faint|p1a: Politoed
|
|-weather|RainDance|[upkeep]
|upkeep
|
|t:|1758356304
|switch|p1a: Samurott|Samurott-Hisui, F|100/100
|turn|14
|
|t:|1758356310
|switch|p2a: Moltres|Moltres-Galar|100/100
|move|p1a: Samurott|Aqua Cutter|p2a: Moltres
|-damage|p2a: Moltres|17/100
|-ability|p2a: Moltres|Berserk|boost
|-boost|p2a: Moltres|spa|1
|-enditem|p2a: Moltres|Sitrus Berry|[eat]
|-heal|p2a: Moltres|42/100|[from] item: Sitrus Berry
|
|-weather|RainDance|[upkeep]
|upkeep
|turn|15
|
|t:|1758356317
|move|p1a: Samurott|Aqua Cutter|p2a: Moltres
|-crit|p2a: Moltres
|-damage|p2a: Moltres|0 fnt
|faint|p2a: Moltres
|
|-weather|RainDance|[upkeep]
|upkeep
|
|t:|1758356322
|switch|p2a: Latios|Latios, M|100/100
|turn|16
|
|t:|1758356340
|switch|p1a: Weezing|Weezing-Galar, M|46/100
|-ability|p1a: Weezing|Neutralizing Gas
|move|p2a: Latios|Draco Meteor|p1a: Weezing
|-immune|p1a: Weezing
|
|-weather|RainDance|[upkeep]
|-heal|p1a: Weezing|52/100|[from] item: Leftovers
|upkeep
|turn|17
|
|t:|1758356348
|-end|p1a: Weezing|ability: Neutralizing Gas
|switch|p1a: Samurott|Samurott-Hisui, F|100/100
|move|p2a: Latios|Luster Purge|p1a: Samurott
|-immune|p1a: Samurott
|
|-weather|RainDance|[upkeep]
|upkeep
|turn|18
|
|t:|1758356355
|move|p1a: Samurott|Ceaseless Edge|p2a: Latios
|-supereffective|p2a: Latios
|-damage|p2a: Latios|0 fnt
|-sidestart|p2: Baalveer001|Spikes
|faint|p2a: Latios
|
|-weather|none
|upkeep
|-message|Baalveer001 forfeited.
|
|win|s1t4
|raw|s1t4's rating: 1204 &rarr; <strong>1229</strong><br />(+25 for winning)
|raw|Baalveer001's rating: 1204 &rarr; <strong>1179</strong><br />(-25 for losing)
|l|☆Baalveer001
|player|p2|
|l|☆s1t4
|player|p1|
