|j|☆tigerspace02
|j|☆Khelben
|t:|1758291276
|gametype|singles
|player|p1|tigerspace02|lance-gen1rb|1413
|player|p2|Khelben|102|1360
|gen|9
|tier|[Gen 9] OU
|rated|
|rule|HP Percentage Mod: HP is shown in percentages
|rule|Endless Battle Clause: Forcing endless battles is banned
|rule|Species Clause: Limit one of each Pokémon
|rule|OHKO Clause: OHKO moves are banned
|rule|Evasion Items Clause: Evasion items are banned
|rule|Evasion Moves Clause: Evasion moves are banned
|rule|Evasion Abilities Clause: Evasion abilities are banned
|rule|Sleep Moves Clause: Sleep-inducing moves are banned
|clearpoke
|poke|p1|Kyurem|
|poke|p1|Darkrai|
|poke|p1|Gholdengo|
|poke|p1|Greninja-*, M|
|poke|p1|Iron Valiant|
|poke|p1|Cinderace, F|
|poke|p2|Landorus-Therian, M|
|poke|p2|Zapdos|
|poke|p2|Scizor, F|
|poke|p2|Iron Crown|
|poke|p2|Samurott-Hisui, F|
|poke|p2|Dragapult, M|
|teampreview
|inactive|Battle timer is ON: inactive players will automatically lose when time's up. (requested by Khelben)
|c|☆tigerspace02|glhd
|inactive|tigerspace02 has 120 seconds left.
|c|☆Khelben|glhf
|inactive|tigerspace02 has 90 seconds left.
|
|t:|1758291357
|teamsize|p1|6
|teamsize|p2|6
|start
|switch|p1a: Kyurem|Kyurem|100/100
|switch|p2a: Samurott|Samurott-Hisui, F|100/100
|-ability|p1a: Kyurem|Pressure
|turn|1
|inactive|tigerspace02 has 120 seconds left.
|
|t:|1758291380
|move|p2a: Samurott|Knock Off|p1a: Kyurem
|-damage|p1a: Kyurem|58/100
|-enditem|p1a: Kyurem|Never-Melt Ice|[from] move: Knock Off|[of] p2a: Samurott
|move|p1a: Kyurem|Dragon Dance|p1a: Kyurem
|-boost|p1a: Kyurem|atk|1
|-boost|p1a: Kyurem|spe|1
|
|upkeep
|turn|2
|
|t:|1758291390
|switch|p2a: Scizor|Scizor, F|100/100
|move|p1a: Kyurem|Freeze-Dry|p2a: Scizor
|-resisted|p2a: Scizor
|-damage|p2a: Scizor|74/100
|-status|p2a: Scizor|frz
|
|upkeep
|turn|3
|
|t:|1758291407
|-terastallize|p1a: Kyurem|Ground
|cant|p2a: Scizor|frz
|move|p1a: Kyurem|Earth Power|p2a: Scizor
|-damage|p2a: Scizor|10/100 frz
|
|upkeep
|turn|4
|
|t:|1758291416
|cant|p2a: Scizor|frz
|move|p1a: Kyurem|Freeze-Dry|p2a: Scizor
|-resisted|p2a: Scizor
|-damage|p2a: Scizor|0 fnt
|faint|p2a: Scizor
|
|upkeep
|
|t:|1758291423
|switch|p2a: Samurott|Samurott-Hisui, F|100/100
|turn|5
|
|t:|1758291428
|move|p2a: Samurott|Razor Shell|p1a: Kyurem
|-supereffective|p1a: Kyurem
|-damage|p1a: Kyurem|0 fnt
|faint|p1a: Kyurem
|
|upkeep
|inactive|tigerspace02 has 120 seconds left.
|
|t:|1758291479
|switch|p1a: Iron Valiant|Iron Valiant|100/100
|-enditem|p1a: Iron Valiant|Booster Energy
|-activate|p1a: Iron Valiant|ability: Quark Drive|[fromitem]
|-start|p1a: Iron Valiant|quarkdrivespe
|turn|6
|
|t:|1758291495
|move|p1a: Iron Valiant|Calm Mind|p1a: Iron Valiant
|-boost|p1a: Iron Valiant|spa|1
|-boost|p1a: Iron Valiant|spd|1
|move|p2a: Samurott|Razor Shell|p1a: Iron Valiant
|-damage|p1a: Iron Valiant|33/100
|-unboost|p1a: Iron Valiant|def|1
|
|upkeep
|turn|7
|
|t:|1758291502
|move|p1a: Iron Valiant|Moonblast|p2a: Samurott
|-supereffective|p2a: Samurott
|-damage|p2a: Samurott|0 fnt
|faint|p2a: Samurott
|
|upkeep
|
|t:|1758291505
|switch|p2a: Zapdos|Zapdos|100/100
|turn|8
|
|t:|1758291511
|move|p1a: Iron Valiant|Moonblast|p2a: Zapdos
|-damage|p2a: Zapdos|37/100
|move|p2a: Zapdos|Hurricane|p1a: Iron Valiant
|-supereffective|p1a: Iron Valiant
|-damage|p1a: Iron Valiant|0 fnt
|faint|p1a: Iron Valiant
|-end|p1a: Iron Valiant|Quark Drive|[silent]
|
|upkeep
|
|t:|1758291516
|switch|p1a: Greninja|Greninja, M|100/100
|turn|9
|
|t:|1758291519
|move|p1a: Greninja|Dark Pulse|p2a: Zapdos
|-damage|p2a: Zapdos|0 fnt
|faint|p2a: Zapdos
|-ability|p1a: Greninja|Battle Bond|boost
|-boost|p1a: Greninja|atk|1
|-boost|p1a: Greninja|spa|1
|-boost|p1a: Greninja|spe|1
|-activate|p1a: Greninja|ability: Battle Bond
|-damage|p1a: Greninja|91/100|[from] item: Life Orb
|
|upkeep
|
|t:|1758291524
|switch|p2a: Dragapult|Dragapult, M|100/100
|turn|10
|
|t:|1758291529
|move|p1a: Greninja|Dark Pulse|p2a: Dragapult
|-supereffective|p2a: Dragapult
|-damage|p2a: Dragapult|0 fnt
|faint|p2a: Dragapult
|-damage|p1a: Greninja|81/100|[from] item: Life Orb
|
|upkeep
|-message|Khelben forfeited.
|
|win|tigerspace02
|raw|tigerspace02's rating: 1413 &rarr; <strong>1430</strong><br />(+17 for winning)
|raw|Khelben's rating: 1360 &rarr; <strong>1343</strong><br />(-17 for losing)
|l|☆Khelben
|player|p2|
