|j|☆spidermathou
|j|☆roxty
|t:|1758265635
|gametype|singles
|player|p1|spidermathou|266|1512
|player|p2|roxty|102|1539
|gen|9
|tier|[Gen 9] OU
|rated|
|rule|HP Percentage Mod: HP is shown in percentages
|rule|Endless Battle Clause: Forcing endless battles is banned
|rule|Species Clause: Limit one of each Pokémon
|rule|OHKO Clause: OHKO moves are banned
|rule|Evasion Items Clause: Evasion items are banned
|rule|Evasion Moves Clause: Evasion moves are banned
|rule|Evasion Abilities Clause: Evasion abilities are banned
|rule|Sleep Moves Clause: Sleep-inducing moves are banned
|clearpoke
|poke|p1|Empoleon, M|
|poke|p1|Gliscor, F|
|poke|p1|Great Tusk|
|poke|p1|Pecharunt|
|poke|p1|Enamorus, F|
|poke|p1|Blissey, F|
|poke|p2|Gliscor, F|
|poke|p2|Blissey, F|
|poke|p2|Clefable, F|
|poke|p2|Toxapex, F|
|poke|p2|Dondozo, F|
|poke|p2|Corviknight, M|
|teampreview
|inactive|Battle timer is ON: inactive players will automatically lose when time's up. (requested by roxty)
|inactive|spidermathou also wants the timer to be on.
|
|t:|1758265646
|teamsize|p1|6
|teamsize|p2|6
|start
|switch|p1a: Gliscor|Gliscor, F|100/100
|switch|p2a: Gliscor|Gliscor, F, shiny|100/100
|turn|1
|
|t:|1758265650
|move|p1a: Gliscor|Protect|p1a: Gliscor
|-singleturn|p1a: Gliscor|Protect
|move|p2a: Gliscor|Knock Off|p1a: Gliscor
|-activate|p1a: Gliscor|move: Protect
|
|-status|p2a: Gliscor|tox|[from] item: Toxic Orb
|-status|p1a: Gliscor|tox|[from] item: Toxic Orb
|upkeep
|turn|2
|
|t:|1758265654
|move|p2a: Gliscor|Spikes|p1a: Gliscor
|-sidestart|p1: spidermathou|Spikes
|move|p1a: Gliscor|Spikes|p2a: Gliscor
|-sidestart|p2: roxty|Spikes
|
|upkeep
|turn|3
|
|t:|1758265677
|move|p2a: Gliscor|Spikes|p1a: Gliscor
|-sidestart|p1: spidermathou|Spikes
|move|p1a: Gliscor|Spikes|p2a: Gliscor
|-sidestart|p2: roxty|Spikes
|
|upkeep
|turn|4
|
|t:|1758265681
|move|p2a: Gliscor|Spikes|p1a: Gliscor
|-sidestart|p1: spidermathou|Spikes
|move|p1a: Gliscor|Spikes|p2a: Gliscor
|-sidestart|p2: roxty|Spikes
|
|upkeep
|turn|5
|
|t:|1758265688
|move|p2a: Gliscor|Protect|p2a: Gliscor
|-singleturn|p2a: Gliscor|Protect
|move|p1a: Gliscor|Toxic|p2a: Gliscor
|-activate|p2a: Gliscor|move: Protect
|
|upkeep
|turn|6
|
|t:|1758265692
|move|p1a: Gliscor|Protect|p1a: Gliscor
|-singleturn|p1a: Gliscor|Protect
|move|p2a: Gliscor|Toxic|p1a: Gliscor
|-activate|p1a: Gliscor|move: Protect
|
|upkeep
|turn|7
|
|t:|1758265699
|move|p2a: Gliscor|Knock Off|p1a: Gliscor
|-damage|p1a: Gliscor|89/100 tox
|-enditem|p1a: Gliscor|Toxic Orb|[from] move: Knock Off|[of] p2a: Gliscor
|move|p1a: Gliscor|Toxic|p2a: Gliscor
|-fail|p2a: Gliscor|tox
|
|-heal|p1a: Gliscor|100/100 tox|[from] ability: Poison Heal
|upkeep
|turn|8
|
|t:|1758265709
|switch|p2a: Clefable|Clefable, F|100/100
|move|p1a: Gliscor|Protect||[still]
|-fail|p1a: Gliscor
|
|upkeep
|turn|9
|
|t:|1758265713
|move|p1a: Gliscor|Toxic|p2a: Clefable
|-status|p2a: Clefable|tox
|move|p2a: Clefable|Stealth Rock|p1a: Gliscor
|-sidestart|p1: spidermathou|move: Stealth Rock
|
|upkeep
|turn|10
|
|t:|1758265722
|switch|p1a: Empoleon|Empoleon, M|100/100
|-damage|p1a: Empoleon|75/100|[from] Spikes
|-damage|p1a: Empoleon|69/100|[from] Stealth Rock
|move|p2a: Clefable|Moonblast|p1a: Empoleon
|-resisted|p1a: Empoleon
|-damage|p1a: Empoleon|59/100
|
|-heal|p1a: Empoleon|65/100|[from] item: Leftovers
|upkeep
|turn|11
|
|t:|1758265726
|switch|p2a: Toxapex|Toxapex, F, shiny|100/100
|move|p1a: Empoleon|Stealth Rock|p2a: Toxapex
|-sidestart|p2: roxty|move: Stealth Rock
|
|-heal|p1a: Empoleon|71/100|[from] item: Leftovers
|upkeep
|turn|12
|
|t:|1758265730
|move|p1a: Empoleon|Knock Off|p2a: Toxapex
|-damage|p2a: Toxapex|87/100
|-enditem|p2a: Toxapex|Heavy-Duty Boots|[from] move: Knock Off|[of] p1a: Empoleon
|move|p2a: Toxapex|Infestation|p1a: Empoleon
|-resisted|p1a: Empoleon
|-damage|p1a: Empoleon|70/100
|-activate|p1a: Empoleon|move: Infestation|[of] p2a: Toxapex
|
|-heal|p1a: Empoleon|76/100|[from] item: Leftovers
|-damage|p1a: Empoleon|64/100|[from] move: Infestation|[partiallytrapped]
|upkeep
|turn|13
|
|t:|1758265737
|move|p1a: Empoleon|Flash Cannon|p2a: Toxapex
|-resisted|p2a: Toxapex
|-damage|p2a: Toxapex|78/100
|move|p2a: Toxapex|Recover|p2a: Toxapex
|-heal|p2a: Toxapex|100/100
|
|-heal|p1a: Empoleon|70/100|[from] item: Leftovers
|-damage|p1a: Empoleon|57/100|[from] move: Infestation|[partiallytrapped]
|upkeep
|turn|14
|
|t:|1758265740
|move|p1a: Empoleon|Roost|p1a: Empoleon
|-heal|p1a: Empoleon|100/100
|-singleturn|p1a: Empoleon|move: Roost
|move|p2a: Toxapex|Haze|p2a: Toxapex
|-clearallboost
|
|-damage|p1a: Empoleon|88/100|[from] move: Infestation|[partiallytrapped]
|upkeep
|turn|15
|
|t:|1758265748
|move|p1a: Empoleon|Stealth Rock||[still]
|-fail|p1a: Empoleon
|move|p2a: Toxapex|Haze|p2a: Toxapex
|-clearallboost
|
|-heal|p1a: Empoleon|94/100|[from] item: Leftovers
|-damage|p1a: Empoleon|82/100|[from] move: Infestation|[partiallytrapped]
|upkeep
|turn|16
|
|t:|1758265755
|move|p1a: Empoleon|Flash Cannon|p2a: Toxapex
|-resisted|p2a: Toxapex
|-damage|p2a: Toxapex|91/100
|move|p2a: Toxapex|Haze|p2a: Toxapex
|-clearallboost
|
|-heal|p1a: Empoleon|88/100|[from] item: Leftovers
|-damage|p1a: Empoleon|76/100|[from] move: Infestation|[partiallytrapped]
|upkeep
|turn|17
|
|t:|1758265767
|switch|p2a: Gliscor|Gliscor, F, shiny|100/100 tox
|-damage|p2a: Gliscor|88/100 tox|[from] Stealth Rock
|move|p1a: Empoleon|Knock Off|p2a: Gliscor
|-damage|p2a: Gliscor|75/100 tox
|-enditem|p2a: Gliscor|Toxic Orb|[from] move: Knock Off|[of] p1a: Empoleon
|
|-heal|p1a: Empoleon|82/100|[from] item: Leftovers
|-heal|p2a: Gliscor|87/100 tox|[from] ability: Poison Heal
|-end|p1a: Empoleon|Infestation|[partiallytrapped]
|upkeep
|turn|18
|
|t:|1758265777
|move|p2a: Gliscor|Knock Off|p1a: Empoleon
|-damage|p1a: Empoleon|64/100
|-enditem|p1a: Empoleon|Leftovers|[from] move: Knock Off|[of] p2a: Gliscor
|move|p1a: Empoleon|Flash Cannon|p2a: Gliscor
|-damage|p2a: Gliscor|53/100 tox
|-unboost|p2a: Gliscor|spd|1
|
|-heal|p2a: Gliscor|66/100 tox|[from] ability: Poison Heal
|upkeep
|turn|19
|j| 54 insane rats
|
|t:|1758265794
|switch|p2a: Toxapex|Toxapex, F, shiny|100/100
|-damage|p2a: Toxapex|76/100|[from] Spikes
|-damage|p2a: Toxapex|64/100|[from] Stealth Rock
|move|p1a: Empoleon|Roost|p1a: Empoleon
|-heal|p1a: Empoleon|100/100
|-singleturn|p1a: Empoleon|move: Roost
|
|upkeep
|turn|20
|
|t:|1758265797
|switch|p1a: Great Tusk|Great Tusk|100/100
|-damage|p1a: Great Tusk|76/100|[from] Spikes
|-damage|p1a: Great Tusk|73/100|[from] Stealth Rock
|-enditem|p1a: Great Tusk|Booster Energy
|-activate|p1a: Great Tusk|ability: Protosynthesis|[fromitem]
|-start|p1a: Great Tusk|protosynthesisspe
|move|p2a: Toxapex|Infestation|p1a: Great Tusk
|-resisted|p1a: Great Tusk
|-damage|p1a: Great Tusk|71/100
|-activate|p1a: Great Tusk|move: Infestation|[of] p2a: Toxapex
|
|-damage|p1a: Great Tusk|58/100|[from] move: Infestation|[partiallytrapped]
|upkeep
|turn|21
|
|t:|1758265800
|switch|p2a: Clefable|Clefable, F|100/100 tox
|move|p1a: Great Tusk|Rapid Spin|p2a: Clefable
|-damage|p2a: Clefable|89/100 tox
|-boost|p1a: Great Tusk|spe|1
|-sideend|p1: spidermathou|Spikes|[from] move: Rapid Spin|[of] p1a: Great Tusk
|-sideend|p1: spidermathou|Stealth Rock|[from] move: Rapid Spin|[of] p1a: Great Tusk
|-end|p1a: Great Tusk|Infestation|[partiallytrapped]
|
|-damage|p1a: Great Tusk|46/100|[from] item: Sticky Barb
|upkeep
|turn|22
|
|t:|1758265804
|-end|p1a: Great Tusk|Protosynthesis|[silent]
|switch|p1a: Pecharunt|Pecharunt|100/100
|move|p2a: Clefable|Stealth Rock|p1a: Pecharunt
|-sidestart|p1: spidermathou|move: Stealth Rock
|
|upkeep
|turn|23
|
|t:|1758265809
|move|p1a: Pecharunt|Parting Shot|p2a: Clefable
|-unboost|p2a: Clefable|atk|1
|-unboost|p2a: Clefable|spa|1
|l| 54 insane rats
|
|t:|1758265812
|switch|p1a: Blissey|Blissey, F|100/100|[from] Parting Shot
|move|p2a: Clefable|Knock Off|p1a: Blissey
|-damage|p1a: Blissey|83/100
|-enditem|p1a: Blissey|Heavy-Duty Boots|[from] move: Knock Off|[of] p2a: Clefable
|
|upkeep
|turn|24
|
|t:|1758265820
|switch|p2a: Blissey|Blissey, F|100/100
|switch|p1a: Enamorus|Enamorus, F|100/100
|-damage|p1a: Enamorus|76/100|[from] Stealth Rock
|
|-heal|p1a: Enamorus|82/100|[from] item: Leftovers
|upkeep
|turn|25
|
|t:|1758265831
|switch|p1a: Empoleon|Empoleon, M|100/100
|-damage|p1a: Empoleon|94/100|[from] Stealth Rock
|move|p2a: Blissey|Seismic Toss|p1a: Empoleon
|-damage|p1a: Empoleon|67/100
|
|upkeep
|turn|26
|
|t:|1758265842
|switch|p2a: Toxapex|Toxapex, F, shiny|97/100
|-damage|p2a: Toxapex|72/100|[from] Spikes
|-damage|p2a: Toxapex|60/100|[from] Stealth Rock
|move|p1a: Empoleon|Knock Off|p2a: Toxapex
|-damage|p2a: Toxapex|50/100
|
|upkeep
|turn|27
|
|t:|1758265852
|switch|p1a: Gliscor|Gliscor, F|100/100 tox
|-damage|p1a: Gliscor|88/100 tox|[from] Stealth Rock
|move|p2a: Toxapex|Infestation|p1a: Gliscor
|-resisted|p1a: Gliscor
|-crit|p1a: Gliscor
|-damage|p1a: Gliscor|85/100 tox
|-activate|p1a: Gliscor|move: Infestation|[of] p2a: Toxapex
|
|-heal|p1a: Gliscor|98/100 tox|[from] ability: Poison Heal
|-damage|p1a: Gliscor|85/100 tox|[from] move: Infestation|[partiallytrapped]
|upkeep
|turn|28
|
|t:|1758265857
|switch|p2a: Gliscor|Gliscor, F, shiny|66/100 tox
|-damage|p2a: Gliscor|53/100 tox|[from] Stealth Rock
|move|p1a: Gliscor|Earthquake|p2a: Gliscor
|-immune|p2a: Gliscor
|
|-heal|p2a: Gliscor|66/100 tox|[from] ability: Poison Heal
|-heal|p1a: Gliscor|98/100 tox|[from] ability: Poison Heal
|-end|p1a: Gliscor|Infestation|[partiallytrapped]|[silent]
|upkeep
|turn|29
|
|t:|1758265861
|switch|p1a: Enamorus|Enamorus, F|82/100
|-damage|p1a: Enamorus|57/100|[from] Stealth Rock
|move|p2a: Gliscor|Spikes|p1a: Enamorus
|-sidestart|p1: spidermathou|Spikes
|
|-heal|p1a: Enamorus|63/100|[from] item: Leftovers
|-heal|p2a: Gliscor|78/100 tox|[from] ability: Poison Heal
|upkeep
|turn|30
|
|t:|1758265866
|move|p1a: Enamorus|Substitute|p1a: Enamorus
|-start|p1a: Enamorus|Substitute
|-damage|p1a: Enamorus|38/100
|move|p2a: Gliscor|Toxic||[still]
|-fail|p2a: Gliscor
|
|-heal|p1a: Enamorus|44/100|[from] item: Leftovers
|-heal|p2a: Gliscor|91/100 tox|[from] ability: Poison Heal
|upkeep
|turn|31
|
|t:|1758265869
|switch|p2a: Blissey|Blissey, F|100/100
|move|p1a: Enamorus|Calm Mind|p1a: Enamorus
|-boost|p1a: Enamorus|spa|1
|-boost|p1a: Enamorus|spd|1
|
|-heal|p1a: Enamorus|51/100|[from] item: Leftovers
|upkeep
|turn|32
|
|t:|1758265871
|move|p1a: Enamorus|Moonblast|p2a: Blissey
|-damage|p2a: Blissey|77/100
|-unboost|p2a: Blissey|spa|1
|move|p2a: Blissey|Calm Mind|p2a: Blissey
|-boost|p2a: Blissey|spa|1
|-boost|p2a: Blissey|spd|1
|
|-heal|p1a: Enamorus|57/100|[from] item: Leftovers
|upkeep
|turn|33
|
|t:|1758265879
|switch|p1a: Great Tusk|Great Tusk|46/100
|-damage|p1a: Great Tusk|43/100|[from] Stealth Rock
|-damage|p1a: Great Tusk|30/100|[from] Spikes
|move|p2a: Blissey|Calm Mind|p2a: Blissey
|-boost|p2a: Blissey|spa|1
|-boost|p2a: Blissey|spd|1
|
|-damage|p1a: Great Tusk|18/100|[from] item: Sticky Barb
|upkeep
|turn|34
|
|t:|1758265885
|switch|p2a: Clefable|Clefable, F|89/100 tox
|move|p1a: Great Tusk|Rapid Spin|p2a: Clefable
|-damage|p2a: Clefable|77/100 tox
|-boost|p1a: Great Tusk|spe|1
|-sideend|p1: spidermathou|Spikes|[from] move: Rapid Spin|[of] p1a: Great Tusk
|-sideend|p1: spidermathou|Stealth Rock|[from] move: Rapid Spin|[of] p1a: Great Tusk
|
|-damage|p1a: Great Tusk|6/100|[from] item: Sticky Barb
|upkeep
|turn|35
|
|t:|1758265889
|move|p1a: Great Tusk|Headlong Rush|p2a: Clefable
|-damage|p2a: Clefable|35/100 tox
|-unboost|p1a: Great Tusk|def|1
|-unboost|p1a: Great Tusk|spd|1
|move|p2a: Clefable|Stealth Rock|p1a: Great Tusk
|-sidestart|p1: spidermathou|move: Stealth Rock
|
|-damage|p1a: Great Tusk|0 fnt|[from] item: Sticky Barb
|faint|p1a: Great Tusk
|-end|p1a: Great Tusk|Protosynthesis|[silent]
|upkeep
|inactive|spidermathou has 120 seconds left.
|
|t:|1758265926
|switch|p1a: Pecharunt|Pecharunt|100/100
|turn|36
|
|t:|1758265929
|switch|p2a: Gliscor|Gliscor, F, shiny|91/100 tox
|-damage|p2a: Gliscor|78/100 tox|[from] Stealth Rock
|move|p1a: Pecharunt|Malignant Chain|p2a: Gliscor
|-resisted|p2a: Gliscor
|-damage|p2a: Gliscor|63/100 tox
|
|-heal|p2a: Gliscor|76/100 tox|[from] ability: Poison Heal
|upkeep
|turn|37
|
|t:|1758265933
|move|p2a: Gliscor|Spikes|p1a: Pecharunt
|-sidestart|p1: spidermathou|Spikes
|move|p1a: Pecharunt|Parting Shot|p2a: Gliscor
|-unboost|p2a: Gliscor|atk|1
|-unboost|p2a: Gliscor|spa|1
|j| 20020129zwh
|
|t:|1758265939
|switch|p1a: Empoleon|Empoleon, M|67/100|[from] Parting Shot
|-damage|p1a: Empoleon|61/100|[from] Stealth Rock
|-damage|p1a: Empoleon|49/100|[from] Spikes
|
|-heal|p2a: Gliscor|88/100 tox|[from] ability: Poison Heal
|upkeep
|turn|38
|
|t:|1758265945
|move|p2a: Gliscor|Spikes|p1a: Empoleon
|-sidestart|p1: spidermathou|Spikes
|move|p1a: Empoleon|Roost|p1a: Empoleon
|-heal|p1a: Empoleon|99/100
|-singleturn|p1a: Empoleon|move: Roost
|
|-heal|p2a: Gliscor|100/100 tox|[from] ability: Poison Heal
|upkeep
|turn|39
|
|t:|1758265948
|move|p2a: Gliscor|Spikes|p1a: Empoleon
|-sidestart|p1: spidermathou|Spikes
|move|p1a: Empoleon|Knock Off|p2a: Gliscor
|-damage|p2a: Gliscor|91/100 tox
|
|-heal|p2a: Gliscor|100/100 tox|[from] ability: Poison Heal
|upkeep
|turn|40
|
|t:|1758265951
|move|p2a: Gliscor|Knock Off|p1a: Empoleon
|-damage|p1a: Empoleon|91/100
|move|p1a: Empoleon|Flash Cannon|p2a: Gliscor
|-damage|p2a: Gliscor|69/100 tox
|
|-heal|p2a: Gliscor|81/100 tox|[from] ability: Poison Heal
|upkeep
|turn|41
|l| 20020129zwh
|
|t:|1758265955
|move|p2a: Gliscor|Knock Off|p1a: Empoleon
|-damage|p1a: Empoleon|82/100
|move|p1a: Empoleon|Flash Cannon|p2a: Gliscor
|-damage|p2a: Gliscor|51/100 tox
|
|-heal|p2a: Gliscor|63/100 tox|[from] ability: Poison Heal
|upkeep
|turn|42
|
|t:|1758265958
|move|p2a: Gliscor|Protect|p2a: Gliscor
|-singleturn|p2a: Gliscor|Protect
|move|p1a: Empoleon|Flash Cannon|p2a: Gliscor
|-activate|p2a: Gliscor|move: Protect
|
|-heal|p2a: Gliscor|76/100 tox|[from] ability: Poison Heal
|upkeep
|turn|43
|
|t:|1758265963
|switch|p2a: Toxapex|Toxapex, F, shiny|84/100
|-damage|p2a: Toxapex|59/100|[from] Spikes
|-damage|p2a: Toxapex|47/100|[from] Stealth Rock
|move|p1a: Empoleon|Flash Cannon|p2a: Toxapex
|-resisted|p2a: Toxapex
|-damage|p2a: Toxapex|37/100
|
|upkeep
|turn|44
|
|t:|1758265973
|switch|p1a: Enamorus|Enamorus, F|57/100
|-damage|p1a: Enamorus|32/100|[from] Stealth Rock
|move|p2a: Toxapex|Recover|p2a: Toxapex
|-heal|p2a: Toxapex|88/100
|
|-heal|p1a: Enamorus|38/100|[from] item: Leftovers
|upkeep
|turn|45
|
|t:|1758265977
|switch|p2a: Blissey|Blissey, F|77/100
|move|p1a: Enamorus|Calm Mind|p1a: Enamorus
|-boost|p1a: Enamorus|spa|1
|-boost|p1a: Enamorus|spd|1
|
|-heal|p1a: Enamorus|44/100|[from] item: Leftovers
|upkeep
|turn|46
|
|t:|1758265988
|move|p1a: Enamorus|Moonblast|p2a: Blissey
|-damage|p2a: Blissey|55/100
|move|p2a: Blissey|Seismic Toss|p1a: Enamorus
|-damage|p1a: Enamorus|10/100
|
|-heal|p1a: Enamorus|16/100|[from] item: Leftovers
|upkeep
|turn|47
|
|t:|1758265994
|move|p1a: Enamorus|Moonblast|p2a: Blissey
|-damage|p2a: Blissey|30/100
|move|p2a: Blissey|Soft-Boiled|p2a: Blissey
|-heal|p2a: Blissey|80/100
|
|-heal|p1a: Enamorus|22/100|[from] item: Leftovers
|upkeep
|turn|48
|
|t:|1758265999
|move|p1a: Enamorus|Moonblast|p2a: Blissey
|-damage|p2a: Blissey|58/100
|-unboost|p2a: Blissey|spa|1
|move|p2a: Blissey|Seismic Toss|p1a: Enamorus
|-damage|p1a: Enamorus|0 fnt
|faint|p1a: Enamorus
|
|upkeep
|l|☆spidermathou
|inactive|spidermathou disconnected and has a minute to reconnect!
|player|p1|
|inactive|spidermathou has 30 seconds to reconnect!
|inactive|spidermathou has 20 seconds to reconnect!
|inactive|spidermathou has 15 seconds to reconnect!
|inactive|spidermathou has 10 seconds to reconnect!
|inactive|spidermathou has 5 seconds to reconnect!
|-message|spidermathou lost due to inactivity.
|
|win|roxty
|raw|spidermathou's rating: 1512 &rarr; <strong>1494</strong><br />(-18 for losing)
|raw|roxty's rating: 1539 &rarr; <strong>1557</strong><br />(+18 for winning)
|l|☆roxty
|player|p2|
