|j|☆MrCooke510
|j|☆Juggperc1
|t:|1758257032
|gametype|singles
|player|p1|MrCooke510|1|1279
|player|p2|Juggperc1|camper|1331
|gen|9
|tier|[Gen 9] OU
|rated|
|rule|HP Percentage Mod: HP is shown in percentages
|rule|Endless Battle Clause: Forcing endless battles is banned
|rule|Species Clause: Limit one of each Pokémon
|rule|OHKO Clause: OHKO moves are banned
|rule|Evasion Items Clause: Evasion items are banned
|rule|Evasion Moves Clause: Evasion moves are banned
|rule|Evasion Abilities Clause: Evasion abilities are banned
|rule|Sleep Moves Clause: Sleep-inducing moves are banned
|clearpoke
|poke|p1|Quaquaval, M|
|poke|p1|Corviknight, M|
|poke|p1|Samurott-Hisui, F|
|poke|p1|Cinderace, M|
|poke|p1|Gliscor, M|
|poke|p1|Raikou|
|poke|p2|Gardevoir, F|
|poke|p2|Ogerpon-Wellspring, F|
|poke|p2|Glimmora, F|
|poke|p2|Gliscor, M|
|poke|p2|Zamazenta-*|
|poke|p2|Weezing-Galar, M|
|teampreview
|
|t:|1758257042
|teamsize|p1|6
|teamsize|p2|6
|start
|switch|p1a: Raikou|Raikou|100/100
|switch|p2a: Gardevoir|Gardevoir, F|100/100
|-ability|p2a: Gardevoir|Inner Focus|Trace|[from] ability: Trace|[of] p1a: Raikou
|turn|1
|
|t:|1758257051
|move|p2a: Gardevoir|Trick|p1a: Raikou
|-activate|p2a: Gardevoir|move: Trick|[of] p1a: Raikou
|-item|p1a: Raikou|Choice Scarf|[from] move: Trick
|-item|p2a: Gardevoir|Red Card|[from] move: Trick
|move|p1a: Raikou|Calm Mind|p1a: Raikou
|-boost|p1a: Raikou|spa|1
|-boost|p1a: Raikou|spd|1
|
|upkeep
|turn|2
|
|t:|1758257069
|switch|p1a: Corviknight|Corviknight, M|100/100
|move|p2a: Gardevoir|Mystical Fire|p1a: Corviknight
|-supereffective|p1a: Corviknight
|-damage|p1a: Corviknight|47/100
|-ability|p1a: Corviknight|Mirror Armor
|-unboost|p2a: Gardevoir|spa|1
|-enditem|p1a: Corviknight|Sitrus Berry|[eat]
|-heal|p1a: Corviknight|72/100|[from] item: Sitrus Berry
|
|upkeep
|turn|3
|inactive|Battle timer is ON: inactive players will automatically lose when time's up. (requested by Juggperc1)
|
|t:|1758257080
|switch|p2a: Glimmora|Glimmora, F|100/100
|move|p1a: Corviknight|Roost|p1a: Corviknight
|-heal|p1a: Corviknight|100/100
|-singleturn|p1a: Corviknight|move: Roost
|
|upkeep
|turn|4
|
|t:|1758257092
|switch|p1a: Raikou|Raikou|100/100
|move|p2a: Glimmora|Stealth Rock|p1a: Raikou
|-sidestart|p1: MrCooke510|move: Stealth Rock
|
|upkeep
|turn|5
|
|t:|1758257104
|switch|p2a: Gliscor|Gliscor, M|100/100
|move|p1a: Raikou|Scald|p2a: Gliscor
|-supereffective|p2a: Gliscor
|-crit|p2a: Gliscor
|-damage|p2a: Gliscor|36/100
|
|-status|p2a: Gliscor|tox|[from] item: Toxic Orb
|upkeep
|turn|6
|
|t:|1758257113
|move|p2a: Gliscor|Protect|p2a: Gliscor
|-singleturn|p2a: Gliscor|Protect
|move|p1a: Raikou|Scald|p2a: Gliscor
|-activate|p2a: Gliscor|move: Protect
|
|-heal|p2a: Gliscor|48/100 tox|[from] ability: Poison Heal
|upkeep
|turn|7
|
|t:|1758257122
|switch|p2a: Ogerpon|Ogerpon-Wellspring, F|100/100
|move|p1a: Raikou|Scald|p2a: Ogerpon
|-immune|p2a: Ogerpon|[from] ability: Water Absorb
|
|upkeep
|turn|8
|
|t:|1758257135
|switch|p1a: Corviknight|Corviknight, M|100/100
|-damage|p1a: Corviknight|88/100|[from] Stealth Rock
|move|p2a: Ogerpon|Ivy Cudgel|p1a: Corviknight|[anim] Ivy Cudgel Water
|-damage|p1a: Corviknight|47/100
|
|upkeep
|turn|9
|
|t:|1758257145
|move|p2a: Ogerpon|U-turn|p1a: Corviknight
|-resisted|p1a: Corviknight
|-damage|p1a: Corviknight|42/100
|
|t:|1758257148
|switch|p2a: Gliscor|Gliscor, M|48/100 tox|[from] U-turn
|move|p1a: Corviknight|Defog|p2a: Gliscor
|-unboost|p2a: Gliscor|evasion|1
|-sideend|p1: MrCooke510|Stealth Rock|[from] move: Defog|[of] p1a: Corviknight
|
|-heal|p2a: Gliscor|60/100 tox|[from] ability: Poison Heal
|upkeep
|turn|10
|
|t:|1758257158
|switch|p2a: Glimmora|Glimmora, F|100/100
|move|p1a: Corviknight|Roost|p1a: Corviknight
|-heal|p1a: Corviknight|92/100
|-singleturn|p1a: Corviknight|move: Roost
|
|upkeep
|turn|11
|
|t:|1758257166
|move|p2a: Glimmora|Mortal Spin|p1a: Corviknight
|-immune|p1a: Corviknight
|move|p1a: Corviknight|Bulk Up|p1a: Corviknight
|-boost|p1a: Corviknight|atk|1
|-boost|p1a: Corviknight|def|1
|
|upkeep
|turn|12
|
|t:|1758257171
|move|p2a: Glimmora|Meteor Beam||[still]
|-prepare|p2a: Glimmora|Meteor Beam
|-boost|p2a: Glimmora|spa|1
|-enditem|p2a: Glimmora|Power Herb
|-anim|p2a: Glimmora|Meteor Beam|p1a: Corviknight|[miss]
|-miss|p2a: Glimmora|p1a: Corviknight
|move|p1a: Corviknight|Bulk Up|p1a: Corviknight
|-boost|p1a: Corviknight|atk|1
|-boost|p1a: Corviknight|def|1
|
|upkeep
|turn|13
|
|t:|1758257181
|-terastallize|p2a: Glimmora|Ghost
|move|p2a: Glimmora|Meteor Beam||[still]
|-prepare|p2a: Glimmora|Meteor Beam
|-boost|p2a: Glimmora|spa|1
|move|p1a: Corviknight|Brave Bird|p2a: Glimmora
|-damage|p2a: Glimmora|0 fnt
|-activate|p2a: Glimmora|ability: Toxic Debris
|-sidestart|p1: MrCooke510|move: Toxic Spikes
|faint|p2a: Glimmora
|-damage|p1a: Corviknight|64/100|[from] Recoil
|
|upkeep
|
|t:|1758257193
|switch|p2a: Weezing|Weezing-Galar, M|100/100
|-ability|p2a: Weezing|Neutralizing Gas
|-item|p2a: Weezing|Air Balloon
|turn|14
|
|t:|1758257203
|move|p1a: Corviknight|Roost|p1a: Corviknight
|-heal|p1a: Corviknight|100/100
|-singleturn|p1a: Corviknight|move: Roost
|move|p2a: Weezing|Fire Blast|p1a: Corviknight|[miss]
|-miss|p2a: Weezing|p1a: Corviknight
|
|upkeep
|turn|15
|
|t:|1758257210
|move|p1a: Corviknight|Brave Bird|p2a: Weezing
|-damage|p2a: Weezing|20/100
|-enditem|p2a: Weezing|Air Balloon
|-damage|p1a: Corviknight|76/100|[from] Recoil
|move|p2a: Weezing|Fire Blast|p1a: Corviknight
|-supereffective|p1a: Corviknight
|-damage|p1a: Corviknight|11/100
|
|upkeep
|turn|16
|
|t:|1758257223
|move|p1a: Corviknight|Brave Bird|p2a: Weezing
|-damage|p2a: Weezing|0 fnt
|faint|p2a: Weezing
|-end|p2a: Weezing|ability: Neutralizing Gas
|-damage|p1a: Corviknight|5/100|[from] Recoil
|
|upkeep
|
|t:|1758257226
|switch|p2a: Gardevoir|Gardevoir, F|100/100
|-ability|p2a: Gardevoir|Mirror Armor|Trace|[from] ability: Trace|[of] p1a: Corviknight
|turn|17
|
|t:|1758257236
|move|p2a: Gardevoir|Moonblast|p1a: Corviknight
|-resisted|p1a: Corviknight
|-damage|p1a: Corviknight|0 fnt
|faint|p1a: Corviknight
|
|upkeep
|
|t:|1758257243
|switch|p1a: Gliscor|Gliscor, M|100/100
|turn|18
|
|t:|1758257247
|move|p2a: Gardevoir|Trick|p1a: Gliscor
|-activate|p2a: Gardevoir|move: Trick|[of] p1a: Gliscor
|-item|p1a: Gliscor|Red Card|[from] move: Trick
|-item|p2a: Gardevoir|Toxic Orb|[from] move: Trick
|move|p1a: Gliscor|Swords Dance|p1a: Gliscor
|-boost|p1a: Gliscor|atk|2
|
|-status|p2a: Gardevoir|tox|[from] item: Toxic Orb
|upkeep
|turn|19
|
|t:|1758257259
|move|p2a: Gardevoir|Moonblast|p1a: Gliscor
|-damage|p1a: Gliscor|53/100
|-unboost|p1a: Gliscor|spa|1
|-enditem|p1a: Gliscor|Red Card|[of] p2a: Gardevoir
|drag|p2a: Zamazenta|Zamazenta|100/100
|-ability|p2a: Zamazenta|Dauntless Shield|boost
|-boost|p2a: Zamazenta|def|1
|move|p1a: Gliscor|Dual Wingbeat|p2a: Zamazenta
|-supereffective|p2a: Zamazenta
|-crit|p2a: Zamazenta
|-damage|p2a: Zamazenta|13/100
|-supereffective|p2a: Zamazenta
|-damage|p2a: Zamazenta|0 fnt
|faint|p2a: Zamazenta
|-hitcount|p2: Zamazenta|2
|
|upkeep
|
|t:|1758257270
|switch|p2a: Ogerpon|Ogerpon-Wellspring, F|100/100
|turn|20
|
|t:|1758257274
|move|p2a: Ogerpon|Ivy Cudgel|p1a: Gliscor|[anim] Ivy Cudgel Water
|-supereffective|p1a: Gliscor
|-damage|p1a: Gliscor|0 fnt
|faint|p1a: Gliscor
|
|upkeep
|
|t:|1758257284
|switch|p1a: Quaquaval|Quaquaval, M|100/100
|-status|p1a: Quaquaval|psn
|turn|21
|
|t:|1758257288
|move|p2a: Ogerpon|U-turn|p1a: Quaquaval
|-resisted|p1a: Quaquaval
|-damage|p1a: Quaquaval|84/100 psn
|
|t:|1758257292
|switch|p2a: Gardevoir|Gardevoir, F|100/100 tox|[from] U-turn
|-ability|p2a: Gardevoir|Moxie|Trace|[from] ability: Trace|[of] p1a: Quaquaval
|move|p1a: Quaquaval|Brave Bird|p2a: Gardevoir
|-damage|p2a: Gardevoir|10/100 tox
|-damage|p1a: Quaquaval|57/100 psn|[from] Recoil
|-damage|p1a: Quaquaval|47/100 psn|[from] item: Life Orb
|
|-damage|p2a: Gardevoir|4/100 tox|[from] psn
|-damage|p1a: Quaquaval|34/100 psn|[from] psn
|upkeep
|turn|22
|
|t:|1758257308
|switch|p1a: Cinderace|Cinderace, M|100/100
|-status|p1a: Cinderace|psn
|move|p2a: Gardevoir|Moonblast|p1a: Cinderace
|-resisted|p1a: Cinderace
|-damage|p1a: Cinderace|69/100 psn
|
|-damage|p1a: Cinderace|56/100 psn|[from] psn
|-damage|p2a: Gardevoir|0 fnt|[from] psn
|faint|p2a: Gardevoir
|upkeep
|
|t:|1758257313
|switch|p2a: Gliscor|Gliscor, M|60/100 tox
|turn|23
|
|t:|1758257328
|move|p2a: Gliscor|Protect|p2a: Gliscor
|-singleturn|p2a: Gliscor|Protect
|move|p1a: Cinderace|Double-Edge|p2a: Gliscor
|-start|p1a: Cinderace|typechange|Normal|[from] ability: Libero
|-activate|p2a: Gliscor|move: Protect
|
|-damage|p1a: Cinderace|44/100 psn|[from] psn
|-heal|p2a: Gliscor|73/100 tox|[from] ability: Poison Heal
|upkeep
|turn|24
|
|t:|1758257337
|move|p1a: Cinderace|Double-Edge|p2a: Gliscor
|-damage|p2a: Gliscor|0 fnt
|faint|p2a: Gliscor
|-damage|p1a: Cinderace|16/100 psn|[from] Recoil
|
|-damage|p1a: Cinderace|4/100 psn|[from] psn
|upkeep
|
|t:|1758257340
|switch|p2a: Ogerpon|Ogerpon-Wellspring, F|100/100
|turn|25
|
|t:|1758257344
|move|p2a: Ogerpon|Swords Dance|p2a: Ogerpon
|-boost|p2a: Ogerpon|atk|2
|move|p1a: Cinderace|Double-Edge|p2a: Ogerpon
|-damage|p2a: Ogerpon|0 fnt
|faint|p2a: Ogerpon
|-damage|p1a: Cinderace|0 fnt|[from] Recoil
|faint|p1a: Cinderace
|
|win|MrCooke510
|raw|MrCooke510's rating: 1279 &rarr; <strong>1308</strong><br />(+29 for winning)
|raw|Juggperc1's rating: 1331 &rarr; <strong>1308</strong><br />(-23 for losing)
|l|☆Juggperc1
|player|p2|
|l|☆MrCooke510
|player|p1|
