|j|☆raxiahsta
|j|☆blaoh123
|t:|1758322934
|gametype|singles
|player|p1|raxiahsta|265|1113
|player|p2|blaoh123|akari|1109
|gen|9
|tier|[Gen 9] OU
|rated|
|rule|HP Percentage Mod: HP is shown in percentages
|rule|Endless Battle Clause: Forcing endless battles is banned
|rule|Species Clause: Limit one of each Pokémon
|rule|OHKO Clause: OHKO moves are banned
|rule|Evasion Items Clause: Evasion items are banned
|rule|Evasion Moves Clause: Evasion moves are banned
|rule|Evasion Abilities Clause: Evasion abilities are banned
|rule|Sleep Moves Clause: Sleep-inducing moves are banned
|clearpoke
|poke|p1|Gyarados, M|
|poke|p1|Meganium, F|
|poke|p1|Tyranitar, M|
|poke|p1|Donphan, M|
|poke|p1|Vaporeon, M|
|poke|p1|Hitmonchan, M|
|poke|p2|Lokix, M|
|poke|p2|Latios, M|
|poke|p2|Zapdos|
|poke|p2|Great Tusk|
|poke|p2|Barraskewda, M|
|poke|p2|Dragapult, M|
|teampreview
|inactive|Battle timer is ON: inactive players will automatically lose when time's up. (requested by raxiahsta)
|
|t:|1758322939
|teamsize|p1|6
|teamsize|p2|6
|start
|switch|p1a: Donphan|Donphan, M|100/100
|switch|p2a: Lokix|Lokix, M|100/100
|turn|1
|
|t:|1758322956
|move|p2a: Lokix|U-turn|p1a: Donphan
|-damage|p1a: Donphan|75/100
|
|t:|1758322958
|switch|p2a: Barraskewda|Barraskewda, M|100/100|[from] U-turn
|move|p1a: Donphan|Knock Off|p2a: Barraskewda
|-damage|p2a: Barraskewda|31/100
|-enditem|p2a: Barraskewda|Life Orb|[from] move: Knock Off|[of] p1a: Donphan
|
|-heal|p1a: Donphan|82/100|[from] item: Leftovers
|upkeep
|turn|2
|
|t:|1758322972
|move|p2a: Barraskewda|Liquidation|p1a: Donphan
|-supereffective|p1a: Donphan
|-damage|p1a: Donphan|16/100
|move|p1a: Donphan|Earthquake|p2a: Barraskewda
|-damage|p2a: Barraskewda|0 fnt
|faint|p2a: Barraskewda
|
|-heal|p1a: Donphan|22/100|[from] item: Leftovers
|upkeep
|
|t:|1758322980
|switch|p2a: Dragapult|Dragapult, M|100/100
|turn|3
|
|t:|1758322984
|move|p1a: Donphan|Ice Shard|p2a: Dragapult
|-supereffective|p2a: Dragapult
|-crit|p2a: Dragapult
|-damage|p2a: Dragapult|37/100
|move|p2a: Dragapult|U-turn|p1a: Donphan
|-damage|p1a: Donphan|0 fnt
|faint|p1a: Donphan
|
|t:|1758322987
|switch|p2a: Lokix|Lokix, M|100/100|[from] U-turn
|
|upkeep
|
|t:|1758322999
|switch|p1a: Gyarados|Gyarados, M, shiny|100/100
|-ability|p1a: Gyarados|Intimidate|boost
|-unboost|p2a: Lokix|atk|1
|turn|4
|
|t:|1758323003
|move|p2a: Lokix|U-turn|p1a: Gyarados
|-resisted|p1a: Gyarados
|-damage|p1a: Gyarados|72/100
|
|t:|1758323005
|switch|p2a: Zapdos|Zapdos|100/100|[from] U-turn
|move|p1a: Gyarados|Dragon Dance|p1a: Gyarados
|-boost|p1a: Gyarados|atk|1
|-boost|p1a: Gyarados|spe|1
|
|upkeep
|turn|5
|
|t:|1758323012
|move|p1a: Gyarados|Outrage|p2a: Zapdos
|-damage|p2a: Zapdos|51/100
|-status|p1a: Gyarados|par|[from] ability: Static|[of] p2a: Zapdos
|-enditem|p1a: Gyarados|Lum Berry|[eat]
|-curestatus|p1a: Gyarados|par|[msg]
|move|p2a: Zapdos|Hurricane|p1a: Gyarados|[miss]
|-miss|p2a: Zapdos|p1a: Gyarados
|
|upkeep
|turn|6
|
|t:|1758323021
|move|p1a: Gyarados|Outrage|p2a: Zapdos|[from] lockedmove
|-damage|p2a: Zapdos|0 fnt
|-status|p1a: Gyarados|par|[from] ability: Static|[of] p2a: Zapdos
|faint|p2a: Zapdos
|
|upkeep
|c|☆blaoh123|thought u'd tera
|
|t:|1758323036
|switch|p2a: Dragapult|Dragapult, M|37/100
|turn|7
|
|t:|1758323040
|move|p2a: Dragapult|Dragon Darts|p1a: Gyarados
|-damage|p1a: Gyarados|26/100 par
|-anim|p2a: Dragapult|Dragon Darts|p1a: Gyarados
|-damage|p1a: Gyarados|0 fnt
|faint|p1a: Gyarados
|
|upkeep
|
|t:|1758323048
|switch|p1a: Vaporeon|Vaporeon, M|100/100
|turn|8
|
|t:|1758323055
|move|p2a: Dragapult|Dragon Darts|p1a: Vaporeon
|-damage|p1a: Vaporeon|60/100
|-anim|p2a: Dragapult|Dragon Darts|p1a: Vaporeon
|-damage|p1a: Vaporeon|18/100
|move|p1a: Vaporeon|Ice Beam|p2a: Dragapult
|-supereffective|p2a: Dragapult
|-damage|p2a: Dragapult|0 fnt
|faint|p2a: Dragapult
|
|-heal|p1a: Vaporeon|24/100|[from] item: Leftovers
|upkeep
|
|t:|1758323060
|switch|p2a: Lokix|Lokix, M|100/100
|turn|9
|
|t:|1758323066
|move|p1a: Vaporeon|Protect|p1a: Vaporeon
|-singleturn|p1a: Vaporeon|Protect
|move|p2a: Lokix|First Impression|p1a: Vaporeon
|-activate|p1a: Vaporeon|move: Protect
|
|-heal|p1a: Vaporeon|31/100|[from] item: Leftovers
|upkeep
|turn|10
|
|t:|1758323074
|switch|p1a: Hitmonchan|Hitmonchan, M|100/100
|move|p2a: Lokix|Knock Off|p1a: Hitmonchan
|-resisted|p1a: Hitmonchan
|-damage|p1a: Hitmonchan|43/100
|-enditem|p1a: Hitmonchan|Expert Belt|[from] move: Knock Off|[of] p2a: Lokix
|
|upkeep
|turn|11
|
|t:|1758323082
|move|p2a: Lokix|U-turn|p1a: Hitmonchan
|-resisted|p1a: Hitmonchan
|-damage|p1a: Hitmonchan|0 fnt
|faint|p1a: Hitmonchan
|
|t:|1758323088
|switch|p2a: Latios|Latios, M|100/100|[from] U-turn
|
|upkeep
|
|t:|1758323094
|switch|p1a: Tyranitar|Tyranitar, M|100/100
|-weather|Sandstorm|[from] ability: Sand Stream|[of] p1a: Tyranitar
|turn|12
|
|t:|1758323102
|move|p2a: Latios|Aura Sphere|p1a: Tyranitar
|-supereffective|p1a: Tyranitar
|-damage|p1a: Tyranitar|31/100
|move|p1a: Tyranitar|Crunch|p2a: Latios
|-supereffective|p2a: Latios
|-damage|p2a: Latios|32/100
|
|-weather|Sandstorm|[upkeep]
|-damage|p2a: Latios|26/100|[from] Sandstorm
|-heal|p2a: Latios|32/100|[from] item: Leftovers
|upkeep
|turn|13
|
|t:|1758323111
|switch|p1a: Meganium|Meganium, F|100/100
|move|p2a: Latios|Aura Sphere|p1a: Meganium
|-damage|p1a: Meganium|84/100
|
|-weather|Sandstorm|[upkeep]
|-damage|p2a: Latios|26/100|[from] Sandstorm
|-damage|p1a: Meganium|78/100|[from] Sandstorm
|-heal|p2a: Latios|32/100|[from] item: Leftovers
|upkeep
|turn|14
|
|t:|1758323120
|move|p2a: Latios|Flip Turn|p1a: Meganium
|-resisted|p1a: Meganium
|-damage|p1a: Meganium|72/100
|
|t:|1758323123
|switch|p2a: Lokix|Lokix, M|100/100|[from] Flip Turn
|move|p1a: Meganium|Reflect|p1a: Meganium
|-sidestart|p1: raxiahsta|Reflect
|
|-weather|Sandstorm|[upkeep]
|-damage|p2a: Lokix|95/100|[from] Sandstorm
|-damage|p1a: Meganium|66/100|[from] Sandstorm
|upkeep
|turn|15
|
|t:|1758323129
|move|p2a: Lokix|First Impression|p1a: Meganium
|-supereffective|p1a: Meganium
|-damage|p1a: Meganium|28/100
|move|p1a: Meganium|Synthesis|p1a: Meganium
|-heal|p1a: Meganium|53/100
|
|-weather|Sandstorm|[upkeep]
|-damage|p2a: Lokix|89/100|[from] Sandstorm
|-damage|p1a: Meganium|47/100|[from] Sandstorm
|upkeep
|turn|16
|
|t:|1758323137
|move|p2a: Lokix|Knock Off|p1a: Meganium
|-damage|p1a: Meganium|25/100
|-enditem|p1a: Meganium|Light Clay|[from] move: Knock Off|[of] p2a: Lokix
|move|p1a: Meganium|Leech Seed|p2a: Lokix
|-start|p2a: Lokix|move: Leech Seed
|
|-weather|none
|-damage|p2a: Lokix|76/100|[from] Leech Seed|[of] p1a: Meganium
|-heal|p1a: Meganium|35/100|[silent]
|upkeep
|turn|17
|
|t:|1758323144
|move|p2a: Lokix|U-turn|p1a: Meganium
|-supereffective|p1a: Meganium
|-damage|p1a: Meganium|6/100
|
|t:|1758323147
|switch|p2a: Latios|Latios, M|32/100|[from] U-turn
|move|p1a: Meganium|Synthesis|p1a: Meganium
|-heal|p1a: Meganium|56/100
|
|-heal|p2a: Latios|38/100|[from] item: Leftovers
|upkeep
|turn|18
|
|t:|1758323154
|move|p2a: Latios|Psychic|p1a: Meganium
|-damage|p1a: Meganium|29/100
|move|p1a: Meganium|Light Screen|p1a: Meganium
|-sidestart|p1: raxiahsta|move: Light Screen
|
|-heal|p2a: Latios|44/100|[from] item: Leftovers
|upkeep
|turn|19
|
|t:|1758323159
|move|p2a: Latios|Psychic|p1a: Meganium
|-damage|p1a: Meganium|14/100
|-unboost|p1a: Meganium|spd|1
|move|p1a: Meganium|Synthesis|p1a: Meganium
|-heal|p1a: Meganium|64/100
|
|-heal|p2a: Latios|50/100|[from] item: Leftovers
|upkeep
|turn|20
|
|t:|1758323167
|move|p2a: Latios|Psychic|p1a: Meganium
|-damage|p1a: Meganium|41/100
|move|p1a: Meganium|Leech Seed|p2a: Latios
|-start|p2a: Latios|move: Leech Seed
|
|-heal|p2a: Latios|57/100|[from] item: Leftovers
|-damage|p2a: Latios|44/100|[from] Leech Seed|[of] p1a: Meganium
|-heal|p1a: Meganium|53/100|[silent]
|upkeep
|turn|21
|
|t:|1758323175
|move|p2a: Latios|Flip Turn|p1a: Meganium
|-resisted|p1a: Meganium
|-damage|p1a: Meganium|50/100
|
|t:|1758323178
|switch|p2a: Lokix|Lokix, M|76/100|[from] Flip Turn
|move|p1a: Meganium|Synthesis|p1a: Meganium
|-heal|p1a: Meganium|100/100
|
|-sideend|p1: raxiahsta|Reflect
|upkeep
|turn|22
|
|t:|1758323185
|move|p2a: Lokix|First Impression|p1a: Meganium
|-supereffective|p1a: Meganium
|-damage|p1a: Meganium|25/100
|move|p1a: Meganium|Reflect|p1a: Meganium
|-sidestart|p1: raxiahsta|Reflect
|
|-sideend|p1: raxiahsta|move: Light Screen
|upkeep
|turn|23
|
|t:|1758323190
|move|p2a: Lokix|U-turn|p1a: Meganium
|-supereffective|p1a: Meganium
|-damage|p1a: Meganium|0 fnt
|faint|p1a: Meganium
|
|t:|1758323193
|switch|p2a: Latios|Latios, M|44/100|[from] U-turn
|
|-heal|p2a: Latios|50/100|[from] item: Leftovers
|upkeep
|
|t:|1758323200
|switch|p1a: Vaporeon|Vaporeon, M|31/100
|turn|24
|
|t:|1758323220
|move|p2a: Latios|Psychic|p1a: Vaporeon
|-damage|p1a: Vaporeon|1/100
|move|p1a: Vaporeon|Wish|p1a: Vaporeon
|
|-heal|p2a: Latios|56/100|[from] item: Leftovers
|-heal|p1a: Vaporeon|7/100|[from] item: Leftovers
|upkeep
|turn|25
|
|t:|1758323226
|move|p1a: Vaporeon|Protect|p1a: Vaporeon
|-singleturn|p1a: Vaporeon|Protect
|move|p2a: Latios|Psychic|p1a: Vaporeon
|-activate|p1a: Vaporeon|move: Protect
|
|-heal|p1a: Vaporeon|57/100|[from] move: Wish|[wisher] Vaporeon
|-heal|p2a: Latios|62/100|[from] item: Leftovers
|-heal|p1a: Vaporeon|63/100|[from] item: Leftovers
|upkeep
|turn|26
|
|t:|1758323234
|move|p2a: Latios|Psychic|p1a: Vaporeon
|-damage|p1a: Vaporeon|31/100
|move|p1a: Vaporeon|Ice Beam|p2a: Latios
|-supereffective|p2a: Latios
|-damage|p2a: Latios|11/100
|-status|p2a: Latios|frz
|
|-heal|p2a: Latios|17/100 frz|[from] item: Leftovers
|-heal|p1a: Vaporeon|38/100|[from] item: Leftovers
|-sideend|p1: raxiahsta|Reflect
|upkeep
|turn|27
|
|t:|1758323244
|cant|p2a: Latios|frz
|move|p1a: Vaporeon|Wish|p1a: Vaporeon
|
|-heal|p2a: Latios|23/100 frz|[from] item: Leftovers
|-heal|p1a: Vaporeon|44/100|[from] item: Leftovers
|upkeep
|turn|28
|
|t:|1758323251
|cant|p2a: Latios|frz
|move|p1a: Vaporeon|Ice Beam|p2a: Latios
|-supereffective|p2a: Latios
|-damage|p2a: Latios|0 fnt
|faint|p2a: Latios
|
|-heal|p1a: Vaporeon|94/100|[from] move: Wish|[wisher] Vaporeon
|-heal|p1a: Vaporeon|99/100|[from] item: Leftovers
|upkeep
|
|t:|1758323255
|switch|p2a: Lokix|Lokix, M|76/100
|turn|29
|
|t:|1758323262
|move|p1a: Vaporeon|Protect|p1a: Vaporeon
|-singleturn|p1a: Vaporeon|Protect
|move|p2a: Lokix|First Impression|p1a: Vaporeon
|-activate|p1a: Vaporeon|move: Protect
|
|-heal|p1a: Vaporeon|100/100|[from] item: Leftovers
|upkeep
|turn|30
|
|t:|1758323269
|move|p2a: Lokix|Knock Off|p1a: Vaporeon
|-damage|p1a: Vaporeon|51/100
|-enditem|p1a: Vaporeon|Leftovers|[from] move: Knock Off|[of] p2a: Lokix
|move|p1a: Vaporeon|Surf|p2a: Lokix
|-damage|p2a: Lokix|0 fnt
|faint|p2a: Lokix
|
|upkeep
|
|t:|1758323275
|switch|p2a: Great Tusk|Great Tusk|100/100
|turn|31
|
|t:|1758323285
|-terastallize|p2a: Great Tusk|Ghost
|move|p1a: Vaporeon|Protect|p1a: Vaporeon
|-singleturn|p1a: Vaporeon|Protect
|move|p2a: Great Tusk|Close Combat|p1a: Vaporeon
|-activate|p1a: Vaporeon|move: Protect
|
|upkeep
|turn|32
|
|t:|1758323294
|move|p2a: Great Tusk|Close Combat|p1a: Vaporeon
|-damage|p1a: Vaporeon|0 fnt
|-unboost|p2a: Great Tusk|def|1
|-unboost|p2a: Great Tusk|spd|1
|faint|p1a: Vaporeon
|
|upkeep
|-message|raxiahsta forfeited.
|
|win|blaoh123
|raw|raxiahsta's rating: 1113 &rarr; <strong>1088</strong><br />(-25 for losing)
|raw|blaoh123's rating: 1109 &rarr; <strong>1134</strong><br />(+25 for winning)
|l|☆raxiahsta
|player|p1|
|l|☆blaoh123
|player|p2|
