|j|☆uwontwinprobably
|j|☆JohnLowLadder'
|t:|1758257705
|gametype|singles
|player|p1|uwontwinprobably|acetrainer-gen4dp|1569
|player|p2|JohnLowLadder'|youngster-gen6xy|1659
|gen|9
|tier|[Gen 9] OU
|rated|
|rule|HP Percentage Mod: HP is shown in percentages
|rule|Endless Battle Clause: Forcing endless battles is banned
|rule|Species Clause: Limit one of each Pokémon
|rule|OHKO Clause: OHKO moves are banned
|rule|Evasion Items Clause: Evasion items are banned
|rule|Evasion Moves Clause: Evasion moves are banned
|rule|Evasion Abilities Clause: Evasion abilities are banned
|rule|Sleep Moves Clause: Sleep-inducing moves are banned
|clearpoke
|poke|p1|Heatran, M|
|poke|p1|Zamazenta-*|
|poke|p1|Enamorus, F|
|poke|p1|Ursaluna, M|
|poke|p1|Ogerpon-Wellspring, F|
|poke|p1|Kyurem|
|poke|p2|Pelipper, F|
|poke|p2|Hatterene, F|
|poke|p2|Iron Treads|
|poke|p2|Toxicroak, F|
|poke|p2|Barraskewda, F|
|poke|p2|Zapdos|
|teampreview
|
|t:|1758257759
|teamsize|p1|6
|teamsize|p2|6
|start
|switch|p1a: Heatran|Heatran, M|100/100
|switch|p2a: Pelipper|Pelipper, F|100/100
|-weather|RainDance|[from] ability: Drizzle|[of] p2a: Pelipper
|turn|1
|
|t:|1758257768
|switch|p2a: Iron Treads|Iron Treads|100/100
|-terastallize|p1a: Heatran|Electric
|move|p1a: Heatran|Tera Blast|p2a: Iron Treads|[anim] Tera Blast Electric
|-immune|p2a: Iron Treads
|
|-weather|RainDance|[upkeep]
|upkeep
|turn|2
|
|t:|1758257776
|switch|p1a: Ursaluna|Ursaluna, M|100/100
|move|p2a: Iron Treads|Stealth Rock|p1a: Ursaluna
|-sidestart|p1: uwontwinprobably|move: Stealth Rock
|
|-weather|RainDance|[upkeep]
|-status|p1a: Ursaluna|brn|[from] item: Flame Orb
|upkeep
|turn|3
|inactive|Battle timer is ON: inactive players will automatically lose when time's up. (requested by uwontwinprobably)
|
|t:|1758257815
|-end|p2a: Iron Treads|Quark Drive|[silent]
|switch|p2a: Hatterene|Hatterene, F|100/100
|move|p1a: Ursaluna|Facade|p2a: Hatterene
|-damage|p2a: Hatterene|19/100
|-enditem|p2a: Hatterene|Eject Button
|
|t:|1758257824
|switch|p2a: Barraskewda|Barraskewda, F|100/100
|
|-weather|RainDance|[upkeep]
|-damage|p1a: Ursaluna|94/100 brn|[from] brn
|upkeep
|turn|4
|
|t:|1758257832
|switch|p1a: Enamorus|Enamorus, F|100/100
|-damage|p1a: Enamorus|76/100|[from] Stealth Rock
|move|p2a: Barraskewda|Close Combat|p1a: Enamorus
|-resisted|p1a: Enamorus
|-damage|p1a: Enamorus|49/100
|-unboost|p2a: Barraskewda|def|1
|-unboost|p2a: Barraskewda|spd|1
|
|-weather|RainDance|[upkeep]
|upkeep
|turn|5
|
|t:|1758257862
|switch|p2a: Iron Treads|Iron Treads|100/100
|move|p1a: Enamorus|Earth Power|p2a: Iron Treads
|-supereffective|p2a: Iron Treads
|-damage|p2a: Iron Treads|45/100
|
|-weather|RainDance|[upkeep]
|-heal|p2a: Iron Treads|51/100|[from] item: Leftovers
|upkeep
|turn|6
|
|t:|1758257877
|-end|p2a: Iron Treads|Quark Drive|[silent]
|switch|p2a: Zapdos|Zapdos|100/100
|move|p1a: Enamorus|Earth Power|p2a: Zapdos
|-immune|p2a: Zapdos
|
|-weather|RainDance|[upkeep]
|upkeep
|turn|7
|
|t:|1758257880
|switch|p1a: Heatran|Heatran, M, tera:Electric|100/100
|-damage|p1a: Heatran|88/100|[from] Stealth Rock
|move|p2a: Zapdos|Hurricane|p1a: Heatran
|-resisted|p1a: Heatran
|-damage|p1a: Heatran|44/100
|-start|p1a: Heatran|confusion
|
|-weather|RainDance|[upkeep]
|upkeep
|turn|8
|
|t:|1758257888
|-activate|p1a: Heatran|confusion
|-damage|p1a: Heatran|37/100|[from] confusion
|move|p2a: Zapdos|Hurricane|p1a: Heatran
|-resisted|p1a: Heatran
|-damage|p1a: Heatran|0 fnt
|faint|p1a: Heatran
|
|-weather|none
|upkeep
|
|t:|1758257896
|switch|p1a: Kyurem|Kyurem|100/100
|-damage|p1a: Kyurem|75/100|[from] Stealth Rock
|-ability|p1a: Kyurem|Pressure
|turn|9
|c|☆JohnLowLadder'|can i have the pokepaste for your team when we're done?
|inactive|JohnLowLadder' has 120 seconds left.
|c|☆uwontwinprobably|if you win
|inactive|JohnLowLadder' has 90 seconds left.
|
|t:|1758257965
|move|p1a: Kyurem|Freeze-Dry|p2a: Zapdos
|-supereffective|p2a: Zapdos
|-damage|p2a: Zapdos|1/100
|move|p2a: Zapdos|Hurricane|p1a: Kyurem|[miss]
|-miss|p2a: Zapdos|p1a: Kyurem
|
|upkeep
|turn|10
|inactive|JohnLowLadder' has 90 seconds left.
|
|t:|1758257972
|switch|p2a: Iron Treads|Iron Treads|51/100
|move|p1a: Kyurem|Freeze-Dry|p2a: Iron Treads
|-damage|p2a: Iron Treads|21/100
|
|-heal|p2a: Iron Treads|27/100|[from] item: Leftovers
|upkeep
|turn|11
|inactive|JohnLowLadder' has 90 seconds left.
|
|t:|1758257985
|move|p1a: Kyurem|Freeze-Dry|p2a: Iron Treads
|-damage|p2a: Iron Treads|0 fnt
|faint|p2a: Iron Treads
|-end|p2a: Iron Treads|Quark Drive|[silent]
|
|upkeep
|inactive|JohnLowLadder' has 90 seconds left.
|
|t:|1758258018
|switch|p2a: Pelipper|Pelipper, F|100/100
|-weather|RainDance|[from] ability: Drizzle|[of] p2a: Pelipper
|turn|12
|
|t:|1758258022
|switch|p2a: Hatterene|Hatterene, F|19/100
|move|p1a: Kyurem|Freeze-Dry|p2a: Hatterene
|-damage|p2a: Hatterene|0 fnt
|faint|p2a: Hatterene
|
|-weather|RainDance|[upkeep]
|upkeep
|
|t:|1758258028
|switch|p2a: Barraskewda|Barraskewda, F|100/100
|turn|13
|
|t:|1758258049
|switch|p1a: Enamorus|Enamorus, F|49/100
|-damage|p1a: Enamorus|25/100|[from] Stealth Rock
|move|p2a: Barraskewda|Close Combat|p1a: Enamorus
|-resisted|p1a: Enamorus
|-damage|p1a: Enamorus|0 fnt
|-unboost|p2a: Barraskewda|def|1
|-unboost|p2a: Barraskewda|spd|1
|faint|p1a: Enamorus
|
|-weather|RainDance|[upkeep]
|upkeep
|
|t:|1758258061
|switch|p1a: Zamazenta|Zamazenta|100/100
|-damage|p1a: Zamazenta|94/100|[from] Stealth Rock
|-ability|p1a: Zamazenta|Dauntless Shield|boost
|-boost|p1a: Zamazenta|def|1
|turn|14
|inactive|JohnLowLadder' has 90 seconds left.
|inactive|uwontwinprobably has 120 seconds left.
|
|t:|1758258082
|switch|p2a: Zapdos|Zapdos|1/100
|move|p1a: Zamazenta|Body Press|p2a: Zapdos
|-resisted|p2a: Zapdos
|-damage|p2a: Zapdos|0 fnt
|-status|p1a: Zamazenta|par|[from] ability: Static|[of] p2a: Zapdos
|faint|p2a: Zapdos
|-damage|p1a: Zamazenta|85/100 par|[from] item: Life Orb
|
|-weather|RainDance|[upkeep]
|upkeep
|j| wgw2333
|inactive|JohnLowLadder' has 60 seconds left.
|
|t:|1758258106
|switch|p2a: Pelipper|Pelipper, F|100/100
|turn|15
|inactive|uwontwinprobably has 120 seconds left.
|l| wgw2333
|inactive|JohnLowLadder' has 60 seconds left.
|
|t:|1758258131
|move|p1a: Zamazenta|Ice Fang|p2a: Pelipper
|-damage|p2a: Pelipper|71/100
|-damage|p1a: Zamazenta|75/100 par|[from] item: Life Orb
|move|p2a: Pelipper|U-turn|p1a: Zamazenta
|-resisted|p1a: Zamazenta
|-damage|p1a: Zamazenta|73/100 par
|
|t:|1758258134
|switch|p2a: Barraskewda|Barraskewda, F|100/100|[from] U-turn
|
|-weather|RainDance|[upkeep]
|upkeep
|turn|16
|
|t:|1758258144
|move|p2a: Barraskewda|Flip Turn|p1a: Zamazenta
|-damage|p1a: Zamazenta|40/100 par
|j| KappaHalo
|
|t:|1758258146
|switch|p2a: Pelipper|Pelipper, F|71/100|[from] Flip Turn
|move|p1a: Zamazenta|Body Press|p2a: Pelipper
|-resisted|p2a: Pelipper
|-damage|p2a: Pelipper|29/100
|-damage|p1a: Zamazenta|31/100 par|[from] item: Life Orb
|
|-weather|RainDance|[upkeep]
|upkeep
|turn|17
|
|t:|1758258154
|move|p1a: Zamazenta|Body Press|p2a: Pelipper
|-resisted|p2a: Pelipper
|-damage|p2a: Pelipper|0 fnt
|faint|p2a: Pelipper
|-damage|p1a: Zamazenta|21/100 par|[from] item: Life Orb
|
|-weather|RainDance|[upkeep]
|upkeep
|
|t:|1758258159
|switch|p2a: Barraskewda|Barraskewda, F|100/100
|turn|18
|
|t:|1758258164
|move|p2a: Barraskewda|Close Combat|p1a: Zamazenta
|-damage|p1a: Zamazenta|0 fnt
|-unboost|p2a: Barraskewda|def|1
|-unboost|p2a: Barraskewda|spd|1
|faint|p1a: Zamazenta
|
|-weather|RainDance|[upkeep]
|upkeep
|
|t:|1758258174
|switch|p1a: Ogerpon|Ogerpon-Wellspring, F|100/100
|-damage|p1a: Ogerpon|88/100|[from] Stealth Rock
|turn|19
|inactive|JohnLowLadder' has 90 seconds left.
|
|t:|1758258196
|switch|p2a: Toxicroak|Toxicroak, F|100/100
|move|p1a: Ogerpon|Horn Leech|p2a: Toxicroak
|-resisted|p2a: Toxicroak
|-damage|p2a: Toxicroak|79/100
|-heal|p1a: Ogerpon|100/100|[from] drain|[of] p2a: Toxicroak
|-damage|p1a: Ogerpon|84/100|[from] item: Rocky Helmet|[of] p2a: Toxicroak
|
|-weather|none
|upkeep
|turn|20
|c| KappaHalo|You can tell a Pinkacross video was uploaded
|c| KappaHalo|jfc
|c|☆uwontwinprobably|i have no idea who that is lol
|j| wgw2333
|inactive|uwontwinprobably has 120 seconds left.
|
|t:|1758258236
|move|p1a: Ogerpon|Play Rough|p2a: Toxicroak|[miss]
|-miss|p1a: Ogerpon|p2a: Toxicroak
|move|p2a: Toxicroak|Drain Punch|p1a: Ogerpon
|-damage|p1a: Ogerpon|46/100
|-heal|p2a: Toxicroak|95/100|[from] drain|[of] p1a: Ogerpon
|
|upkeep
|turn|21
|
|t:|1758258240
|move|p1a: Ogerpon|Play Rough|p2a: Toxicroak
|-damage|p2a: Toxicroak|61/100
|-damage|p1a: Ogerpon|29/100|[from] item: Rocky Helmet|[of] p2a: Toxicroak
|move|p2a: Toxicroak|Drain Punch|p1a: Ogerpon
|-damage|p1a: Ogerpon|0 fnt
|-heal|p2a: Toxicroak|73/100|[from] drain|[of] p1a: Ogerpon
|faint|p1a: Ogerpon
|
|upkeep
|j| isaac_gam3r
|c| KappaHalo|He's a high level player, you're playing against his rain team lol
|l| wgw2333
|
|t:|1758258248
|switch|p1a: Ursaluna|Ursaluna, M|94/100 brn
|-damage|p1a: Ursaluna|88/100 brn|[from] Stealth Rock
|turn|22
|l| isaac_gam3r
|j| isaac_gam3r
|c|☆uwontwinprobably|Ursa you big bish take me home
|
|t:|1758258278
|-terastallize|p2a: Toxicroak|Ghost
|move|p2a: Toxicroak|Drain Punch|p1a: Ursaluna
|-supereffective|p1a: Ursaluna
|-damage|p1a: Ursaluna|57/100 brn
|-heal|p2a: Toxicroak|90/100|[from] drain|[of] p1a: Ursaluna
|move|p1a: Ursaluna|Facade|p2a: Toxicroak
|-immune|p2a: Toxicroak
|
|-damage|p1a: Ursaluna|50/100 brn|[from] brn
|upkeep
|turn|23
|
|t:|1758258285
|move|p2a: Toxicroak|Encore|p1a: Ursaluna
|-start|p1a: Ursaluna|Encore
|move|p1a: Ursaluna|Facade|p2a: Toxicroak
|-immune|p2a: Toxicroak
|
|-damage|p1a: Ursaluna|44/100 brn|[from] brn
|upkeep
|turn|24
|
|t:|1758258290
|move|p2a: Toxicroak|Drain Punch|p1a: Ursaluna
|-supereffective|p1a: Ursaluna
|-damage|p1a: Ursaluna|14/100 brn
|-heal|p2a: Toxicroak|100/100|[from] drain|[of] p1a: Ursaluna
|move|p1a: Ursaluna|Facade|p2a: Toxicroak
|-immune|p2a: Toxicroak
|
|-damage|p1a: Ursaluna|7/100 brn|[from] brn
|upkeep
|turn|25
|
|t:|1758258293
|move|p2a: Toxicroak|Drain Punch|p1a: Ursaluna
|-supereffective|p1a: Ursaluna
|-damage|p1a: Ursaluna|0 fnt
|faint|p1a: Ursaluna
|
|upkeep
|
|t:|1758258295
|switch|p1a: Kyurem|Kyurem|75/100
|-damage|p1a: Kyurem|50/100|[from] Stealth Rock
|-ability|p1a: Kyurem|Pressure
|turn|26
|l| isaac_gam3r
|j| isaac_gam3r
|
|t:|1758258324
|move|p1a: Kyurem|Freeze-Dry|p2a: Toxicroak
|-damage|p2a: Toxicroak|49/100
|move|p2a: Toxicroak|Drain Punch|p1a: Kyurem
|-supereffective|p1a: Kyurem
|-damage|p1a: Kyurem|3/100
|-heal|p2a: Toxicroak|74/100|[from] drain|[of] p1a: Kyurem
|
|upkeep
|turn|27
|
|t:|1758258329
|move|p1a: Kyurem|Freeze-Dry|p2a: Toxicroak
|-crit|p2a: Toxicroak
|-damage|p2a: Toxicroak|0 fnt
|faint|p2a: Toxicroak
|
|upkeep
|l| KappaHalo
|
|t:|1758258332
|switch|p2a: Barraskewda|Barraskewda, F|100/100
|turn|28
|c|☆JohnLowLadder'|gg
|c|☆uwontwinprobably|aqua jet?
|c|☆JohnLowLadder'|find out next time on Dragon ball Z
|j| wgw2333
|c|☆uwontwinprobably|LOL
|c|☆uwontwinprobably|NOOOOOOOOOOOOO
|inactive|uwontwinprobably has 120 seconds left.
|l| wgw2333
|c|☆uwontwinprobably|dm me, its still a wip but would love to see what you do with it
|
|t:|1758258381
|move|p2a: Barraskewda|Aqua Jet|p1a: Kyurem
|-resisted|p1a: Kyurem
|-damage|p1a: Kyurem|0 fnt
|faint|p1a: Kyurem
|
|win|JohnLowLadder'
|raw|uwontwinprobably's rating: 1569 &rarr; <strong>1554</strong><br />(-15 for losing)
|raw|JohnLowLadder&apos;'s rating: 1659 &rarr; <strong>1674</strong><br />(+15 for winning)
|c|☆JohnLowLadder'|cool
|l| isaac_gam3r
|l|☆uwontwinprobably
|player|p1|
