|j|☆kqbuto
|j|☆slowbro named paul
|t:|1758283147
|gametype|singles
|player|p1|kqbuto|unknown|1234
|player|p2|slowbro named paul|skierf|1226
|gen|9
|tier|[Gen 9] OU
|rated|
|rule|HP Percentage Mod: HP is shown in percentages
|rule|Endless Battle Clause: Forcing endless battles is banned
|rule|Species Clause: Limit one of each Pokémon
|rule|OHKO Clause: OHKO moves are banned
|rule|Evasion Items Clause: Evasion items are banned
|rule|Evasion Moves Clause: Evasion moves are banned
|rule|Evasion Abilities Clause: Evasion abilities are banned
|rule|Sleep Moves Clause: Sleep-inducing moves are banned
|clearpoke
|poke|p1|Meowscarada, M|
|poke|p1|Skarmory, M|
|poke|p1|Sandy Shocks|
|poke|p1|Slowking-Galar, M|
|poke|p1|Kingambit, M|
|poke|p1|Dragapult, F|
|poke|p2|Cloyster, F|
|poke|p2|Gholdengo|
|poke|p2|Mandibuzz, F|
|poke|p2|Garchomp, M|
|poke|p2|Farigiraf, M|
|poke|p2|Fezandipiti, M|
|teampreview
|inactive|Battle timer is ON: inactive players will automatically lose when time's up. (requested by slowbro named paul)
|inactive|kqbuto also wants the timer to be on.
|inactive|kqbuto has 120 seconds left.
|inactive|kqbuto has 90 seconds left.
|inactive|kqbuto has 60 seconds left.
|
|t:|1758283262
|teamsize|p1|6
|teamsize|p2|6
|start
|switch|p1a: Sandy Shocks|Sandy Shocks|100/100
|switch|p2a: Garchomp|Garchomp, M|100/100
|turn|1
|
|t:|1758283280
|switch|p2a: Farigiraf|Farigiraf, M|100/100
|-terastallize|p1a: Sandy Shocks|Ice
|move|p1a: Sandy Shocks|Tera Blast|p2a: Farigiraf|[anim] Tera Blast Ice
|-damage|p2a: Farigiraf|80/100
|
|upkeep
|turn|2
|
|t:|1758283285
|move|p1a: Sandy Shocks|Stealth Rock|p2a: Farigiraf
|-sidestart|p2: slowbro named paul|move: Stealth Rock
|move|p2a: Farigiraf|Hyper Voice|p1a: Sandy Shocks
|-damage|p1a: Sandy Shocks|65/100
|
|upkeep
|turn|3
|
|t:|1758283289
|move|p1a: Sandy Shocks|Volt Switch|p2a: Farigiraf
|-damage|p2a: Farigiraf|62/100
|
|t:|1758283309
|-end|p1a: Sandy Shocks|Protosynthesis|[silent]
|switch|p1a: The Lorax|Meowscarada, M, shiny|100/100|[from] Volt Switch
|move|p2a: Farigiraf|Psychic Noise|p1a: The Lorax
|-immune|p1a: The Lorax
|
|upkeep
|turn|4
|
|t:|1758283316
|move|p1a: The Lorax|Knock Off|p2a: Farigiraf
|-start|p1a: The Lorax|typechange|Dark|[from] ability: Protean
|-supereffective|p2a: Farigiraf
|-damage|p2a: Farigiraf|0 fnt
|-enditem|p2a: Farigiraf|Assault Vest|[from] move: Knock Off|[of] p1a: The Lorax
|faint|p2a: Farigiraf
|
|upkeep
|
|t:|1758283319
|switch|p2a: Garchomp|Garchomp, M|100/100
|-damage|p2a: Garchomp|94/100|[from] Stealth Rock
|turn|5
|inactive|kqbuto has 120 seconds left.
|
|t:|1758283354
|switch|p1a: The Mighty Eagle|Skarmory, M|100/100
|move|p2a: Garchomp|Stealth Rock|p1a: The Mighty Eagle
|-sidestart|p1: kqbuto|move: Stealth Rock
|
|upkeep
|turn|6
|
|t:|1758283362
|move|p2a: Garchomp|Spikes|p1a: The Mighty Eagle
|-sidestart|p1: kqbuto|Spikes
|move|p1a: The Mighty Eagle|Spikes|p2a: Garchomp
|-sidestart|p2: slowbro named paul|Spikes
|
|upkeep
|turn|7
|
|t:|1758283364
|move|p2a: Garchomp|Spikes|p1a: The Mighty Eagle
|-sidestart|p1: kqbuto|Spikes
|move|p1a: The Mighty Eagle|Spikes|p2a: Garchomp
|-sidestart|p2: slowbro named paul|Spikes
|
|upkeep
|turn|8
|
|t:|1758283366
|move|p2a: Garchomp|Spikes|p1a: The Mighty Eagle
|-sidestart|p1: kqbuto|Spikes
|move|p1a: The Mighty Eagle|Spikes|p2a: Garchomp
|-sidestart|p2: slowbro named paul|Spikes
|
|upkeep
|turn|9
|inactive|kqbuto has 120 seconds left.
|inactive|kqbuto has 90 seconds left.
|
|t:|1758283437
|switch|p1a: The Lorax|Meowscarada, M, shiny|100/100
|move|p2a: Garchomp|Dragon Tail|p1a: The Lorax
|-damage|p1a: The Lorax|59/100
|drag|p1a: Dragapult|Dragapult, F|100/100
|
|upkeep
|turn|10
|inactive|kqbuto has 60 seconds left.
|
|t:|1758283480
|switch|p2a: Fezandipiti|Fezandipiti, M|100/100
|-damage|p2a: Fezandipiti|88/100|[from] Stealth Rock
|-damage|p2a: Fezandipiti|63/100|[from] Spikes
|move|p1a: Dragapult|U-turn|p2a: Fezandipiti
|-resisted|p2a: Fezandipiti
|-damage|p2a: Fezandipiti|58/100
|inactive|kqbuto has 30 seconds left.
|inactive|kqbuto has 20 seconds left.
|
|t:|1758283504
|switch|p1a: Tai-Lung|Slowking-Galar, M|100/100|[from] U-turn
|
|-heal|p2a: Fezandipiti|64/100|[from] item: Black Sludge
|upkeep
|turn|11
|inactive|kqbuto has 30 seconds left this turn.
|inactive|kqbuto has 20 seconds left.
|
|t:|1758283515
|switch|p2a: Gholdengo|Gholdengo|100/100
|-damage|p2a: Gholdengo|94/100|[from] Stealth Rock
|-damage|p2a: Gholdengo|70/100|[from] Spikes
|-prepare|p1a: Tai-Lung|Chilly Reception|[premajor]
|move|p1a: Tai-Lung|Chilly Reception|p1a: Tai-Lung
|-weather|Snowscape
|inactive|kqbuto has 25 seconds left this turn.
|inactive|kqbuto has 20 seconds left.
|inactive|kqbuto has 15 seconds left.
|
|t:|1758283527
|switch|p1a: The Lorax|Meowscarada, M, shiny|59/100|[from] Chilly Reception
|
|-weather|Snowscape|[upkeep]
|upkeep
|turn|12
|inactive|kqbuto has 25 seconds left this turn.
|
|t:|1758283529
|move|p1a: The Lorax|Knock Off|p2a: Gholdengo
|-start|p1a: The Lorax|typechange|Dark|[from] ability: Protean
|-supereffective|p2a: Gholdengo
|-damage|p2a: Gholdengo|0 fnt
|-enditem|p2a: Gholdengo|Choice Specs|[from] move: Knock Off|[of] p1a: The Lorax
|faint|p2a: Gholdengo
|
|-weather|Snowscape|[upkeep]
|upkeep
|
|t:|1758283532
|switch|p2a: Cloyster|Cloyster, F|100/100
|-damage|p2a: Cloyster|76/100|[from] Stealth Rock
|-damage|p2a: Cloyster|51/100|[from] Spikes
|turn|13
|
|t:|1758283541
|-terastallize|p2a: Cloyster|Ice
|move|p1a: The Lorax|Flower Trick|p2a: Cloyster
|-crit|p2a: Cloyster
|-damage|p2a: Cloyster|33/100
|move|p2a: Cloyster|Shell Smash|p2a: Cloyster
|-unboost|p2a: Cloyster|def|1
|-unboost|p2a: Cloyster|spd|1
|-boost|p2a: Cloyster|atk|2
|-boost|p2a: Cloyster|spa|2
|-boost|p2a: Cloyster|spe|2
|
|-weather|Snowscape|[upkeep]
|upkeep
|turn|14
|inactive|kqbuto has 30 seconds left.
|inactive|kqbuto has 20 seconds left.
|inactive|kqbuto has 15 seconds left.
|
|t:|1758283575
|switch|p1a: The Mighty Eagle|Skarmory, M|100/100
|-damage|p1a: The Mighty Eagle|88/100|[from] Stealth Rock
|move|p2a: Cloyster|Icicle Spear|p1a: The Mighty Eagle
|-damage|p1a: The Mighty Eagle|62/100
|-damage|p1a: The Mighty Eagle|39/100
|-damage|p1a: The Mighty Eagle|14/100
|-damage|p1a: The Mighty Eagle|0 fnt
|faint|p1a: The Mighty Eagle
|-hitcount|p1: The Mighty Eagle|4
|-damage|p2a: Cloyster|23/100|[from] item: Life Orb
|
|-weather|Snowscape|[upkeep]
|upkeep
|inactive|kqbuto has 20 seconds left this turn.
|inactive|kqbuto has 15 seconds left.
|
|t:|1758283581
|switch|p1a: Lebron James|Kingambit, M|100/100
|-activate|p1a: Lebron James|ability: Supreme Overlord
|-start|p1a: Lebron James|fallen1|[silent]
|turn|15
|inactive|kqbuto has 25 seconds left this turn.
|
|t:|1758283583
|move|p2a: Cloyster|Ice Shard|p1a: Lebron James
|-resisted|p1a: Lebron James
|-damage|p1a: Lebron James|78/100
|-damage|p2a: Cloyster|13/100|[from] item: Life Orb
|move|p1a: Lebron James|Sucker Punch||[still]
|-fail|p1a: Lebron James
|
|-weather|none
|upkeep
|turn|16
|inactive|kqbuto has 30 seconds left.
|
|t:|1758283591
|move|p2a: Cloyster|Icicle Spear|p1a: Lebron James
|-resisted|p1a: Lebron James
|-damage|p1a: Lebron James|63/100
|-resisted|p1a: Lebron James
|-damage|p1a: Lebron James|48/100
|-resisted|p1a: Lebron James
|-damage|p1a: Lebron James|34/100
|-resisted|p1a: Lebron James
|-damage|p1a: Lebron James|18/100
|-resisted|p1a: Lebron James
|-damage|p1a: Lebron James|4/100
|-hitcount|p1a: Lebron James|5
|-damage|p2a: Cloyster|3/100|[from] item: Life Orb
|move|p1a: Lebron James|Kowtow Cleave|p2a: Cloyster
|-damage|p2a: Cloyster|0 fnt
|faint|p2a: Cloyster
|
|upkeep
|
|t:|1758283596
|switch|p2a: Mandibuzz|Mandibuzz, F|100/100
|turn|17
|
|t:|1758283605
|move|p2a: Mandibuzz|Defog|p1a: Lebron James
|-unboost|p1a: Lebron James|evasion|1
|-sideend|p1: kqbuto|Spikes|[from] move: Defog|[of] p2a: Mandibuzz
|-sideend|p1: kqbuto|Stealth Rock|[from] move: Defog|[of] p2a: Mandibuzz
|-sideend|p2: slowbro named paul|Spikes|[from] move: Defog|[of] p2a: Mandibuzz
|-sideend|p2: slowbro named paul|Stealth Rock|[from] move: Defog|[of] p2a: Mandibuzz
|move|p1a: Lebron James|Iron Head|p2a: Mandibuzz
|-damage|p2a: Mandibuzz|69/100
|
|upkeep
|turn|18
|
|t:|1758283608
|move|p2a: Mandibuzz|Foul Play|p1a: Lebron James
|-resisted|p1a: Lebron James
|-damage|p1a: Lebron James|0 fnt
|faint|p1a: Lebron James
|-end|p1a: Lebron James|fallen1|[silent]
|
|upkeep
|inactive|kqbuto has 30 seconds left.
|inactive|kqbuto has 20 seconds left.
|inactive|kqbuto has 15 seconds left.
|
|t:|1758283649
|switch|p1a: The Lorax|Meowscarada, M, shiny|59/100
|turn|19
|inactive|kqbuto has 25 seconds left this turn.
|
|t:|1758283654
|move|p1a: The Lorax|Triple Axel|p2a: Mandibuzz
|-start|p1a: The Lorax|typechange|Ice|[from] ability: Protean
|-supereffective|p2a: Mandibuzz
|-damage|p2a: Mandibuzz|57/100
|-supereffective|p2a: Mandibuzz
|-damage|p2a: Mandibuzz|38/100
|-supereffective|p2a: Mandibuzz
|-damage|p2a: Mandibuzz|5/100
|-hitcount|p2a: Mandibuzz|3
|move|p2a: Mandibuzz|Roost|p2a: Mandibuzz
|-heal|p2a: Mandibuzz|55/100
|-singleturn|p2a: Mandibuzz|move: Roost
|
|upkeep
|turn|20
|inactive|kqbuto has 30 seconds left.
|
|t:|1758283669
|switch|p2a: Garchomp|Garchomp, M|94/100
|move|p1a: The Lorax|Triple Axel|p2a: Garchomp
|-supereffective|p2a: Garchomp
|-damage|p2a: Garchomp|73/100
|-damage|p1a: The Lorax|47/100|[from] ability: Rough Skin|[of] p2a: Garchomp
|-damage|p1a: The Lorax|31/100|[from] item: Rocky Helmet|[of] p2a: Garchomp
|-supereffective|p2a: Garchomp
|-damage|p2a: Garchomp|30/100
|-damage|p1a: The Lorax|18/100|[from] ability: Rough Skin|[of] p2a: Garchomp
|-damage|p1a: The Lorax|2/100|[from] item: Rocky Helmet|[of] p2a: Garchomp
|-supereffective|p2a: Garchomp
|-damage|p2a: Garchomp|0 fnt
|-damage|p1a: The Lorax|0 fnt|[from] ability: Rough Skin|[of] p2a: Garchomp
|faint|p2a: Garchomp
|faint|p1a: The Lorax
|-hitcount|p2: Garchomp|3
|
|upkeep
|inactive|kqbuto has 30 seconds left this turn.
|inactive|kqbuto has 20 seconds left.
|inactive|kqbuto has 15 seconds left.
|inactive|kqbuto has 10 seconds left.
|
|t:|1758283693
|switch|p1a: Dragapult|Dragapult, F|100/100
|switch|p2a: Fezandipiti|Fezandipiti, M|64/100
|turn|21
|inactive|kqbuto has 20 seconds left this turn.
|inactive|kqbuto has 15 seconds left.
|
|t:|1758283701
|move|p1a: Dragapult|U-turn|p2a: Fezandipiti
|-resisted|p2a: Fezandipiti
|-damage|p2a: Fezandipiti|59/100
|inactive|kqbuto has 20 seconds left this turn.
|
|t:|1758283703
|switch|p1a: Tai-Lung|Slowking-Galar, M|100/100|[from] U-turn
|move|p2a: Fezandipiti|Calm Mind|p2a: Fezandipiti
|-boost|p2a: Fezandipiti|spa|1
|-boost|p2a: Fezandipiti|spd|1
|
|-heal|p2a: Fezandipiti|65/100|[from] item: Black Sludge
|upkeep
|turn|22
|inactive|kqbuto has 30 seconds left this turn.
|
|t:|1758283705
|move|p2a: Fezandipiti|Calm Mind|p2a: Fezandipiti
|-boost|p2a: Fezandipiti|spa|1
|-boost|p2a: Fezandipiti|spd|1
|move|p1a: Tai-Lung|Sludge Bomb|p2a: Fezandipiti
|-damage|p2a: Fezandipiti|53/100
|
|-heal|p2a: Fezandipiti|59/100|[from] item: Black Sludge
|upkeep
|turn|23
|
|t:|1758283710
|move|p2a: Fezandipiti|Roost|p2a: Fezandipiti
|-heal|p2a: Fezandipiti|100/100
|-singleturn|p2a: Fezandipiti|move: Roost
|move|p1a: Tai-Lung|Future Sight|p2a: Fezandipiti
|-start|p1a: Tai-Lung|move: Future Sight
|
|upkeep
|turn|24
|
|t:|1758283714
|move|p2a: Fezandipiti|Calm Mind|p2a: Fezandipiti
|-boost|p2a: Fezandipiti|spa|1
|-boost|p2a: Fezandipiti|spd|1
|move|p1a: Tai-Lung|Ice Beam|p2a: Fezandipiti
|-damage|p2a: Fezandipiti|94/100
|
|-heal|p2a: Fezandipiti|99/100|[from] item: Black Sludge
|upkeep
|turn|25
|
|t:|1758283715
|move|p2a: Fezandipiti|Calm Mind|p2a: Fezandipiti
|-boost|p2a: Fezandipiti|spa|1
|-boost|p2a: Fezandipiti|spd|1
|move|p1a: Tai-Lung|Ice Beam|p2a: Fezandipiti
|-damage|p2a: Fezandipiti|95/100
|
|-end|p2a: Fezandipiti|move: Future Sight
|-supereffective|p2a: Fezandipiti
|-damage|p2a: Fezandipiti|72/100
|-heal|p2a: Fezandipiti|78/100|[from] item: Black Sludge
|upkeep
|turn|26
|
|t:|1758283720
|move|p2a: Fezandipiti|Acid Spray|p1a: Tai-Lung
|-resisted|p1a: Tai-Lung
|-damage|p1a: Tai-Lung|88/100
|-unboost|p1a: Tai-Lung|spd|2
|move|p1a: Tai-Lung|Future Sight|p2a: Fezandipiti
|-start|p1a: Tai-Lung|move: Future Sight
|
|-heal|p2a: Fezandipiti|84/100|[from] item: Black Sludge
|upkeep
|turn|27
|
|t:|1758283721
|move|p2a: Fezandipiti|Moonblast|p1a: Tai-Lung
|-resisted|p1a: Tai-Lung
|-damage|p1a: Tai-Lung|29/100
|move|p1a: Tai-Lung|Ice Beam|p2a: Fezandipiti
|-damage|p2a: Fezandipiti|79/100
|-status|p2a: Fezandipiti|frz
|
|-heal|p2a: Fezandipiti|85/100 frz|[from] item: Black Sludge
|upkeep
|turn|28
|
|t:|1758283727
|cant|p2a: Fezandipiti|frz
|-prepare|p1a: Tai-Lung|Chilly Reception|[premajor]
|move|p1a: Tai-Lung|Chilly Reception|p1a: Tai-Lung
|-weather|Snowscape
|
|t:|1758283739
|switch|p1a: Dragapult|Dragapult, F|100/100|[from] Chilly Reception
|
|-weather|Snowscape|[upkeep]
|-end|p2a: Fezandipiti|move: Future Sight
|-supereffective|p2a: Fezandipiti
|-damage|p2a: Fezandipiti|61/100 frz
|-heal|p2a: Fezandipiti|67/100 frz|[from] item: Black Sludge
|upkeep
|turn|29
|
|t:|1758283742
|move|p1a: Dragapult|Hex|p2a: Fezandipiti
|-damage|p2a: Fezandipiti|54/100 frz
|cant|p2a: Fezandipiti|frz
|
|-weather|Snowscape|[upkeep]
|-heal|p2a: Fezandipiti|60/100 frz|[from] item: Black Sludge
|upkeep
|turn|30
|
|t:|1758283744
|move|p1a: Dragapult|Hex|p2a: Fezandipiti
|-damage|p2a: Fezandipiti|46/100 frz
|-curestatus|p2a: Fezandipiti|frz|[msg]
|move|p2a: Fezandipiti|Roost|p2a: Fezandipiti
|-heal|p2a: Fezandipiti|96/100
|-singleturn|p2a: Fezandipiti|move: Roost
|
|-weather|Snowscape|[upkeep]
|-heal|p2a: Fezandipiti|100/100|[from] item: Black Sludge
|upkeep
|turn|31
|
|t:|1758283748
|move|p1a: Dragapult|Thunder Wave|p2a: Fezandipiti
|-status|p2a: Fezandipiti|par
|move|p2a: Fezandipiti|Moonblast|p1a: Dragapult
|-supereffective|p1a: Dragapult
|-damage|p1a: Dragapult|0 fnt
|faint|p1a: Dragapult
|
|-weather|Snowscape|[upkeep]
|upkeep
|-message|kqbuto forfeited.
|
|win|slowbro named paul
|raw|kqbuto's rating: 1234 &rarr; <strong>1208</strong><br />(-26 for losing)
|raw|slowbro named paul's rating: 1226 &rarr; <strong>1252</strong><br />(+26 for winning)
|l|☆kqbuto
|player|p1|
|l|☆slowbro named paul
|player|p2|
