|j|☆testingcharizandra
|j|☆Rigid123456
|t:|1758287642
|gametype|singles
|player|p1|testingcharizandra|cynthia-gen4|1166
|player|p2|Rigid123456|red|1169
|gen|9
|tier|[Gen 9] OU
|rated|
|rule|HP Percentage Mod: HP is shown in percentages
|rule|Endless Battle Clause: Forcing endless battles is banned
|rule|Species Clause: Limit one of each Pokémon
|rule|OHKO Clause: OHKO moves are banned
|rule|Evasion Items Clause: Evasion items are banned
|rule|Evasion Moves Clause: Evasion moves are banned
|rule|Evasion Abilities Clause: Evasion abilities are banned
|rule|Sleep Moves Clause: Sleep-inducing moves are banned
|clearpoke
|poke|p1|Glimmora, M|
|poke|p1|Toxapex, F|
|poke|p1|Muk-Alola, F|
|poke|p1|Weezing, F|
|poke|p1|Iron Moth|
|poke|p1|Vileplume, F|
|poke|p2|Blaziken, F|
|poke|p2|Weavile, F|
|poke|p2|Primarina, F|
|poke|p2|Corviknight, M|
|poke|p2|Alomomola, F|
|poke|p2|Latios, M|
|teampreview
|inactive|Battle timer is ON: inactive players will automatically lose when time's up. (requested by Rigid123456)
|
|t:|1758287662
|teamsize|p1|6
|teamsize|p2|6
|start
|switch|p1a: Glimmora|Glimmora, M|100/100
|switch|p2a: Corviknight|Corviknight, M|100/100
|turn|1
|
|t:|1758287664
|move|p1a: Glimmora|Stealth Rock|p2a: Corviknight
|-sidestart|p2: Rigid123456|move: Stealth Rock
|move|p2a: Corviknight|Body Press|p1a: Glimmora
|-damage|p1a: Glimmora|67/100
|
|upkeep
|turn|2
|
|t:|1758287671
|switch|p1a: Muk|Muk-Alola, F|100/100
|move|p2a: Corviknight|Body Press|p1a: Muk
|-damage|p1a: Muk|73/100
|
|upkeep
|turn|3
|
|t:|1758287676
|move|p2a: Corviknight|Defog|p1a: Muk
|-unboost|p1a: Muk|evasion|1
|-sideend|p2: Rigid123456|Stealth Rock|[from] move: Defog|[of] p2a: Corviknight
|move|p1a: Muk|Curse|p1a: Muk
|-unboost|p1a: Muk|spe|1
|-boost|p1a: Muk|atk|1
|-boost|p1a: Muk|def|1
|
|upkeep
|turn|4
|
|t:|1758287683
|switch|p2a: Latios|Latios, M|100/100
|move|p1a: Muk|Curse|p1a: Muk
|-unboost|p1a: Muk|spe|1
|-boost|p1a: Muk|atk|1
|-boost|p1a: Muk|def|1
|
|upkeep
|turn|5
|
|t:|1758287688
|move|p2a: Latios|Draco Meteor|p1a: Muk
|-damage|p1a: Muk|16/100
|-unboost|p2a: Latios|spa|2
|-enditem|p1a: Muk|Figy Berry|[eat]
|-heal|p1a: Muk|49/100|[from] item: Figy Berry
|move|p1a: Muk|Knock Off|p2a: Latios
|-supereffective|p2a: Latios
|-damage|p2a: Latios|0 fnt
|-enditem|p2a: Latios|Choice Specs|[from] move: Knock Off|[of] p1a: Muk
|faint|p2a: Latios
|
|upkeep
|
|t:|1758287704
|switch|p2a: Primarina|Primarina, F|100/100
|turn|6
|
|t:|1758287708
|move|p2a: Primarina|Hyper Voice|p1a: Muk
|-damage|p1a: Muk|22/100
|move|p1a: Muk|Recycle|p1a: Muk
|-item|p1a: Muk|Figy Berry|[from] move: Recycle
|-enditem|p1a: Muk|Figy Berry|[eat]
|-heal|p1a: Muk|55/100|[from] item: Figy Berry
|
|upkeep
|turn|7
|
|t:|1758287713
|move|p2a: Primarina|Moonblast|p1a: Muk
|-damage|p1a: Muk|24/100
|move|p1a: Muk|Recycle|p1a: Muk
|-item|p1a: Muk|Figy Berry|[from] move: Recycle
|-enditem|p1a: Muk|Figy Berry|[eat]
|-heal|p1a: Muk|57/100|[from] item: Figy Berry
|
|upkeep
|turn|8
|
|t:|1758287718
|switch|p1a: Vileplume|Vileplume, F|100/100
|move|p2a: Primarina|Moonblast|p1a: Vileplume
|-resisted|p1a: Vileplume
|-damage|p1a: Vileplume|81/100
|
|-heal|p1a: Vileplume|88/100|[from] item: Black Sludge
|upkeep
|turn|9
|
|t:|1758287724
|-terastallize|p2a: Primarina|Poison
|move|p2a: Primarina|Psychic|p1a: Vileplume
|-supereffective|p1a: Vileplume
|-damage|p1a: Vileplume|36/100
|move|p1a: Vileplume|Leech Seed|p2a: Primarina
|-start|p2a: Primarina|move: Leech Seed
|
|-heal|p1a: Vileplume|42/100|[from] item: Black Sludge
|-damage|p2a: Primarina|88/100|[from] Leech Seed|[of] p1a: Vileplume
|-heal|p1a: Vileplume|55/100|[silent]
|upkeep
|turn|10
|
|t:|1758287731
|switch|p1a: Muk|Muk-Alola, F|57/100
|move|p2a: Primarina|Psychic|p1a: Muk
|-immune|p1a: Muk
|
|-damage|p2a: Primarina|76/100|[from] Leech Seed|[of] p1a: Muk
|-heal|p1a: Muk|68/100|[silent]
|upkeep
|turn|11
|
|t:|1758287737
|switch|p2a: Blaziken|Blaziken, F|100/100
|move|p1a: Muk|Recycle|p1a: Muk
|-item|p1a: Muk|Figy Berry|[from] move: Recycle
|
|upkeep
|turn|12
|
|t:|1758287740
|switch|p1a: Toxapex|Toxapex, F|100/100
|move|p2a: Blaziken|Protect||[still]
|-fail|p2a: Blaziken
|
|-ability|p2a: Blaziken|Speed Boost|boost
|-boost|p2a: Blaziken|spe|1
|upkeep
|turn|13
|
|t:|1758287747
|move|p2a: Blaziken|Knock Off|p1a: Toxapex
|-damage|p1a: Toxapex|75/100
|-enditem|p1a: Toxapex|Black Sludge|[from] move: Knock Off|[of] p2a: Blaziken
|-damage|p2a: Blaziken|91/100|[from] item: Life Orb
|move|p1a: Toxapex|Chilling Water|p2a: Blaziken
|-supereffective|p2a: Blaziken
|-damage|p2a: Blaziken|61/100
|-unboost|p2a: Blaziken|atk|1
|
|-ability|p2a: Blaziken|Speed Boost|boost
|-boost|p2a: Blaziken|spe|1
|upkeep
|turn|14
|
|t:|1758287755
|switch|p2a: Corviknight|Corviknight, M|100/100
|move|p1a: Toxapex|Infestation|p2a: Corviknight
|-resisted|p2a: Corviknight
|-damage|p2a: Corviknight|99/100
|-activate|p2a: Corviknight|move: Infestation|[of] p1a: Toxapex
|-damage|p1a: Toxapex|58/100|[from] item: Rocky Helmet|[of] p2a: Corviknight
|
|-damage|p2a: Corviknight|87/100|[from] move: Infestation|[partiallytrapped]
|upkeep
|turn|15
|
|t:|1758287759
|move|p2a: Corviknight|Brave Bird|p1a: Toxapex
|-damage|p1a: Toxapex|35/100
|-damage|p2a: Corviknight|82/100|[from] Recoil
|move|p1a: Toxapex|Infestation|p2a: Corviknight
|-resisted|p2a: Corviknight
|-damage|p2a: Corviknight|81/100
|-damage|p1a: Toxapex|19/100|[from] item: Rocky Helmet|[of] p2a: Corviknight
|
|-damage|p2a: Corviknight|69/100|[from] move: Infestation|[partiallytrapped]
|upkeep
|turn|16
|
|t:|1758287764
|switch|p1a: Glimmora|Glimmora, M|67/100
|move|p2a: Corviknight|Brave Bird|p1a: Glimmora
|-resisted|p1a: Glimmora
|-damage|p1a: Glimmora|47/100
|-damage|p2a: Corviknight|64/100|[from] Recoil
|
|-end|p2a: Corviknight|Infestation|[partiallytrapped]|[silent]
|upkeep
|turn|17
|
|t:|1758287774
|switch|p1a: Toxapex|Toxapex, F|52/100
|move|p2a: Corviknight|Brave Bird|p1a: Toxapex
|-damage|p1a: Toxapex|28/100
|-damage|p2a: Corviknight|58/100|[from] Recoil
|
|upkeep
|turn|18
|
|t:|1758287778
|move|p2a: Corviknight|Brave Bird|p1a: Toxapex
|-damage|p1a: Toxapex|7/100
|-damage|p2a: Corviknight|52/100|[from] Recoil
|move|p1a: Toxapex|Recover|p1a: Toxapex
|-heal|p1a: Toxapex|57/100
|
|upkeep
|turn|19
|
|t:|1758287784
|move|p2a: Corviknight|Roost|p2a: Corviknight
|-heal|p2a: Corviknight|100/100
|-singleturn|p2a: Corviknight|move: Roost
|move|p1a: Toxapex|Recover|p1a: Toxapex
|-heal|p1a: Toxapex|100/100
|
|upkeep
|turn|20
|
|t:|1758287791
|switch|p2a: Alomomola|Alomomola, F|100/100
|move|p1a: Toxapex|Infestation|p2a: Alomomola
|-damage|p2a: Alomomola|97/100
|-activate|p2a: Alomomola|move: Infestation|[of] p1a: Toxapex
|
|-damage|p2a: Alomomola|85/100|[from] move: Infestation|[partiallytrapped]
|upkeep
|turn|21
|
|t:|1758287794
|move|p1a: Toxapex|Baneful Bunker|p1a: Toxapex
|-singleturn|p1a: Toxapex|move: Protect
|move|p2a: Alomomola|Flip Turn|p1a: Toxapex
|-activate|p1a: Toxapex|move: Protect
|-status|p2a: Alomomola|psn
|
|-damage|p2a: Alomomola|72/100 psn|[from] psn
|-damage|p2a: Alomomola|60/100 psn|[from] move: Infestation|[partiallytrapped]
|upkeep
|turn|22
|
|t:|1758287807
|switch|p1a: Vileplume|Vileplume, F|55/100
|move|p2a: Alomomola|Flip Turn|p1a: Vileplume
|-resisted|p1a: Vileplume
|-damage|p1a: Vileplume|47/100
|
|t:|1758287810
|switch|p2a: Weavile|Weavile, F|100/100|[from] Flip Turn
|-ability|p2a: Weavile|Pressure
|
|-heal|p1a: Vileplume|53/100|[from] item: Black Sludge
|upkeep
|turn|23
|
|t:|1758287816
|switch|p1a: Weezing|Weezing, F|100/100
|move|p2a: Weavile|Ice Spinner|p1a: Weezing
|-damage|p1a: Weezing|45/100
|
|-heal|p1a: Weezing|51/100|[from] item: Leftovers
|upkeep
|turn|24
|
|t:|1758287820
|move|p2a: Weavile|Ice Spinner|p1a: Weezing
|-damage|p1a: Weezing|0 fnt
|faint|p1a: Weezing
|
|upkeep
|
|t:|1758287823
|switch|p1a: Toxapex|Toxapex, F|100/100
|turn|25
|
|t:|1758287829
|switch|p2a: Corviknight|Corviknight, M|100/100
|move|p1a: Toxapex|Infestation|p2a: Corviknight
|-resisted|p2a: Corviknight
|-damage|p2a: Corviknight|99/100
|-activate|p2a: Corviknight|move: Infestation|[of] p1a: Toxapex
|-damage|p1a: Toxapex|84/100|[from] item: Rocky Helmet|[of] p2a: Corviknight
|
|-damage|p2a: Corviknight|88/100|[from] move: Infestation|[partiallytrapped]
|upkeep
|turn|26
|
|t:|1758287832
|move|p2a: Corviknight|Brave Bird|p1a: Toxapex
|-damage|p1a: Toxapex|59/100
|-damage|p2a: Corviknight|81/100|[from] Recoil
|move|p1a: Toxapex|Chilling Water|p2a: Corviknight
|-damage|p2a: Corviknight|70/100
|-ability|p2a: Corviknight|Mirror Armor
|-unboost|p1a: Toxapex|atk|1
|
|-damage|p2a: Corviknight|58/100|[from] move: Infestation|[partiallytrapped]
|upkeep
|turn|27
|
|t:|1758287844
|move|p2a: Corviknight|Brave Bird|p1a: Toxapex
|-damage|p1a: Toxapex|36/100
|-damage|p2a: Corviknight|52/100|[from] Recoil
|move|p1a: Toxapex|Recover|p1a: Toxapex
|-heal|p1a: Toxapex|86/100
|
|-damage|p2a: Corviknight|40/100|[from] move: Infestation|[partiallytrapped]
|upkeep
|turn|28
|
|t:|1758287851
|move|p2a: Corviknight|Roost|p2a: Corviknight
|-heal|p2a: Corviknight|90/100
|-singleturn|p2a: Corviknight|move: Roost
|move|p1a: Toxapex|Chilling Water|p2a: Corviknight
|-damage|p2a: Corviknight|80/100
|-ability|p2a: Corviknight|Mirror Armor
|-unboost|p1a: Toxapex|atk|1
|
|-damage|p2a: Corviknight|68/100|[from] move: Infestation|[partiallytrapped]
|upkeep
|turn|29
|
|t:|1758287858
|move|p2a: Corviknight|Brave Bird|p1a: Toxapex
|-damage|p1a: Toxapex|65/100
|-damage|p2a: Corviknight|62/100|[from] Recoil
|move|p1a: Toxapex|Chilling Water|p2a: Corviknight
|-crit|p2a: Corviknight
|-damage|p2a: Corviknight|47/100
|-ability|p2a: Corviknight|Mirror Armor
|-unboost|p1a: Toxapex|atk|1
|
|-damage|p2a: Corviknight|35/100|[from] move: Infestation|[partiallytrapped]
|upkeep
|turn|30
|
|t:|1758287862
|move|p2a: Corviknight|Brave Bird|p1a: Toxapex
|-damage|p1a: Toxapex|42/100
|-damage|p2a: Corviknight|29/100|[from] Recoil
|move|p1a: Toxapex|Recover|p1a: Toxapex
|-heal|p1a: Toxapex|92/100
|
|-end|p2a: Corviknight|Infestation|[partiallytrapped]
|upkeep
|turn|31
|
|t:|1758287867
|move|p2a: Corviknight|Roost|p2a: Corviknight
|-heal|p2a: Corviknight|79/100
|-singleturn|p2a: Corviknight|move: Roost
|move|p1a: Toxapex|Infestation|p2a: Corviknight
|-resisted|p2a: Corviknight
|-damage|p2a: Corviknight|77/100
|-activate|p2a: Corviknight|move: Infestation|[of] p1a: Toxapex
|-damage|p1a: Toxapex|75/100|[from] item: Rocky Helmet|[of] p2a: Corviknight
|
|-damage|p2a: Corviknight|65/100|[from] move: Infestation|[partiallytrapped]
|upkeep
|turn|32
|
|t:|1758287871
|move|p2a: Corviknight|Brave Bird|p1a: Toxapex
|-damage|p1a: Toxapex|54/100
|-damage|p2a: Corviknight|60/100|[from] Recoil
|move|p1a: Toxapex|Chilling Water|p2a: Corviknight
|-damage|p2a: Corviknight|49/100
|-ability|p2a: Corviknight|Mirror Armor
|-unboost|p1a: Toxapex|atk|1
|
|-damage|p2a: Corviknight|37/100|[from] move: Infestation|[partiallytrapped]
|upkeep
|turn|33
|
|t:|1758287875
|move|p2a: Corviknight|Brave Bird|p1a: Toxapex
|-damage|p1a: Toxapex|31/100
|-damage|p2a: Corviknight|31/100|[from] Recoil
|move|p1a: Toxapex|Recover|p1a: Toxapex
|-heal|p1a: Toxapex|81/100
|
|-damage|p2a: Corviknight|19/100|[from] move: Infestation|[partiallytrapped]
|upkeep
|turn|34
|
|t:|1758287879
|move|p2a: Corviknight|Roost|p2a: Corviknight
|-heal|p2a: Corviknight|69/100
|-singleturn|p2a: Corviknight|move: Roost
|move|p1a: Toxapex|Chilling Water|p2a: Corviknight
|-damage|p2a: Corviknight|58/100
|-ability|p2a: Corviknight|Mirror Armor
|-unboost|p1a: Toxapex|atk|1
|
|-damage|p2a: Corviknight|45/100|[from] move: Infestation|[partiallytrapped]
|upkeep
|turn|35
|
|t:|1758287885
|switch|p1a: Iron Moth|Iron Moth|100/100
|-enditem|p1a: Iron Moth|Booster Energy
|-activate|p1a: Iron Moth|ability: Quark Drive|[fromitem]
|-start|p1a: Iron Moth|quarkdrivespe
|move|p2a: Corviknight|Brave Bird|p1a: Iron Moth
|-damage|p1a: Iron Moth|42/100
|-damage|p2a: Corviknight|29/100|[from] Recoil
|
|-end|p2a: Corviknight|Infestation|[partiallytrapped]|[silent]
|upkeep
|turn|36
|
|t:|1758287895
|switch|p2a: Alomomola|Alomomola, F|93/100 psn
|move|p1a: Iron Moth|Fiery Dance|p2a: Alomomola
|-resisted|p2a: Alomomola
|-damage|p2a: Alomomola|69/100 psn
|
|-damage|p2a: Alomomola|56/100 psn|[from] psn
|upkeep
|turn|37
|
|t:|1758287899
|move|p1a: Iron Moth|Energy Ball|p2a: Alomomola
|-supereffective|p2a: Alomomola
|-damage|p2a: Alomomola|0 fnt
|faint|p2a: Alomomola
|
|upkeep
|
|t:|1758287905
|switch|p2a: Primarina|Primarina, F, tera:Poison|76/100
|turn|38
|
|t:|1758287911
|move|p1a: Iron Moth|Fiery Dance|p2a: Primarina
|-damage|p2a: Primarina|40/100
|-boost|p1a: Iron Moth|spa|1
|-enditem|p2a: Primarina|Sitrus Berry|[eat]
|-heal|p2a: Primarina|65/100|[from] item: Sitrus Berry
|move|p2a: Primarina|Hyper Voice|p1a: Iron Moth
|-supereffective|p1a: Iron Moth
|-damage|p1a: Iron Moth|0 fnt
|faint|p1a: Iron Moth
|-end|p1a: Iron Moth|Quark Drive|[silent]
|
|upkeep
|
|t:|1758287924
|switch|p1a: Vileplume|Vileplume, F|53/100
|turn|39
|
|t:|1758287926
|move|p2a: Primarina|Psychic|p1a: Vileplume
|-supereffective|p1a: Vileplume
|-damage|p1a: Vileplume|0 fnt
|faint|p1a: Vileplume
|
|upkeep
|-message|testingcharizandra forfeited.
|
|win|Rigid123456
|raw|testingcharizandra's rating: 1166 &rarr; <strong>1141</strong><br />(-25 for losing)
|raw|Rigid123456's rating: 1169 &rarr; <strong>1194</strong><br />(+25 for winning)
|l|☆testingcharizandra
|player|p1|
|l|☆Rigid123456
|player|p2|
