|j|☆undertalethemovie
|j|☆bena13
|t:|1758254327
|gametype|singles
|player|p1|undertalethemovie|n|1219
|player|p2|bena13|266|1237
|gen|9
|tier|[Gen 9] OU
|rated|
|rule|HP Percentage Mod: HP is shown in percentages
|rule|Endless Battle Clause: Forcing endless battles is banned
|rule|Species Clause: Limit one of each Pokémon
|rule|OHKO Clause: OHKO moves are banned
|rule|Evasion Items Clause: Evasion items are banned
|rule|Evasion Moves Clause: Evasion moves are banned
|rule|Evasion Abilities Clause: Evasion abilities are banned
|rule|Sleep Moves Clause: Sleep-inducing moves are banned
|clearpoke
|poke|p1|Clodsire, F|
|poke|p1|Ogerpon-Wellspring, F|
|poke|p1|Zoroark-Hisui, M|
|poke|p1|Zamazenta-*|
|poke|p1|Cinderace, M|
|poke|p1|Deoxys-Speed|
|poke|p2|Spiritomb, F|
|poke|p2|Okidogi, M|
|poke|p2|Gastrodon, F|
|poke|p2|Vileplume, F|
|poke|p2|Salazzle, F|
|poke|p2|Regidrago|
|teampreview
|inactive|Battle timer is ON: inactive players will automatically lose when time's up. (requested by bena13)
|
|t:|1758254339
|teamsize|p1|6
|teamsize|p2|6
|start
|switch|p1a: The Writer|Ogerpon-Wellspring, F|100/100
|switch|p2a: Spiritomb|Spiritomb, F|100/100
|turn|1
|
|t:|1758254345
|move|p1a: The Writer|U-turn|p2a: Spiritomb
|-damage|p2a: Spiritomb|79/100
|
|t:|1758254348
|switch|p1a: Mumbo|Clodsire, F|100/100|[from] U-turn
|-item|p1a: Mumbo|Air Balloon
|move|p2a: Spiritomb|Foul Play|p1a: Mumbo
|-crit|p1a: Mumbo
|-damage|p1a: Mumbo|54/100
|-enditem|p1a: Mumbo|Air Balloon
|
|-heal|p2a: Spiritomb|86/100|[from] item: Leftovers
|upkeep
|turn|2
|
|t:|1758254362
|switch|p2a: Vileplume|Vileplume, F|100/100
|move|p1a: Mumbo|Toxic|p2a: Vileplume
|-immune|p2a: Vileplume
|
|upkeep
|turn|3
|
|t:|1758254373
|move|p2a: Vileplume|Leech Seed|p1a: Mumbo
|-start|p1a: Mumbo|move: Leech Seed
|move|p1a: Mumbo|Recover|p1a: Mumbo
|-heal|p1a: Mumbo|100/100
|
|-damage|p1a: Mumbo|88/100|[from] Leech Seed|[of] p2a: Vileplume
|upkeep
|turn|4
|
|t:|1758254387
|move|p2a: Vileplume|Giga Drain|p1a: Mumbo
|-damage|p1a: Mumbo|72/100
|move|p1a: Mumbo|Earthquake|p2a: Vileplume
|-damage|p2a: Vileplume|79/100
|
|-damage|p1a: Mumbo|60/100|[from] Leech Seed|[of] p2a: Vileplume
|-heal|p2a: Vileplume|95/100|[silent]
|upkeep
|turn|5
|
|t:|1758254396
|move|p2a: Vileplume|Giga Drain|p1a: Mumbo
|-damage|p1a: Mumbo|44/100
|-heal|p2a: Vileplume|100/100|[from] drain|[of] p1a: Mumbo
|move|p1a: Mumbo|Earthquake|p2a: Vileplume
|-damage|p2a: Vileplume|79/100
|
|-damage|p1a: Mumbo|31/100|[from] Leech Seed|[of] p2a: Vileplume
|-heal|p2a: Vileplume|95/100|[silent]
|upkeep
|turn|6
|
|t:|1758254409
|switch|p2a: Regidrago|Regidrago|100/100
|move|p1a: Mumbo|Recover|p1a: Mumbo
|-heal|p1a: Mumbo|81/100
|
|-damage|p1a: Mumbo|69/100|[from] Leech Seed|[of] p2a: Regidrago
|upkeep
|turn|7
|
|t:|1758254417
|move|p2a: Regidrago|Dragon Energy|p1a: Mumbo
|-damage|p1a: Mumbo|2/100
|move|p1a: Mumbo|Toxic|p2a: Regidrago
|-status|p2a: Regidrago|tox
|
|-damage|p1a: Mumbo|0 fnt|[from] Leech Seed|[of] p2a: Regidrago
|faint|p1a: Mumbo
|-damage|p2a: Regidrago|94/100 tox|[from] psn
|upkeep
|
|t:|1758254420
|switch|p1a: The Writer|Ogerpon-Wellspring, F|100/100
|-item|p1a: The Writer|Air Balloon
|turn|8
|
|t:|1758254433
|move|p1a: The Writer|Detect|p1a: The Writer
|-singleturn|p1a: The Writer|Protect
|move|p2a: Regidrago|Draco Meteor|p1a: The Writer
|-activate|p1a: The Writer|move: Protect
|
|-damage|p2a: Regidrago|82/100 tox|[from] psn
|upkeep
|turn|9
|
|t:|1758254441
|move|p1a: The Writer|Hex|p2a: Regidrago
|-damage|p2a: Regidrago|12/100 tox
|move|p2a: Regidrago|Draco Meteor|p1a: The Writer
|-damage|p1a: The Writer|0 fnt
|-unboost|p2a: Regidrago|spa|2
|replace|p1a: Count St. Germain|Zoroark-Hisui, M, shiny
|-end|p1a: Count St. Germain|Illusion
|-enditem|p1a: Count St. Germain|Air Balloon
|faint|p1a: Count St. Germain
|
|-damage|p2a: Regidrago|0 fnt|[from] psn
|faint|p2a: Regidrago
|upkeep
|
|t:|1758254458
|switch|p1a: Minami Torishima|Deoxys-Speed|100/100
|switch|p2a: Salazzle|Salazzle, F|100/100
|-ability|p1a: Minami Torishima|Pressure
|turn|10
|
|t:|1758254471
|switch|p2a: Spiritomb|Spiritomb, F|86/100
|move|p1a: Minami Torishima|Psycho Boost|p2a: Spiritomb
|-immune|p2a: Spiritomb
|
|-heal|p2a: Spiritomb|92/100|[from] item: Leftovers
|upkeep
|turn|11
|
|t:|1758254480
|switch|p1a: Ingerland|Cinderace, M|100/100
|move|p2a: Spiritomb|Foul Play|p1a: Ingerland
|-damage|p1a: Ingerland|33/100
|
|-heal|p2a: Spiritomb|98/100|[from] item: Leftovers
|upkeep
|turn|12
|
|t:|1758254496
|switch|p2a: Okidogi|Okidogi, M|100/100
|move|p1a: Ingerland|Pyro Ball|p2a: Okidogi
|-damage|p2a: Okidogi|53/100
|
|-heal|p2a: Okidogi|60/100|[from] item: Leftovers
|upkeep
|turn|13
|
|t:|1758254504
|move|p1a: Ingerland|U-turn|p2a: Okidogi
|-start|p1a: Ingerland|typechange|Bug|[from] ability: Libero
|-resisted|p2a: Okidogi
|-damage|p2a: Okidogi|52/100
|
|t:|1758254509
|switch|p1a: Pokemon Shield|Zamazenta|100/100|[from] U-turn
|-ability|p1a: Pokemon Shield|Dauntless Shield|boost
|-boost|p1a: Pokemon Shield|def|1
|move|p2a: Okidogi|Knock Off|p1a: Pokemon Shield
|-resisted|p1a: Pokemon Shield
|-damage|p1a: Pokemon Shield|92/100
|-enditem|p1a: Pokemon Shield|Leftovers|[from] move: Knock Off|[of] p2a: Okidogi
|
|-heal|p2a: Okidogi|58/100|[from] item: Leftovers
|upkeep
|turn|14
|
|t:|1758254522
|switch|p2a: Spiritomb|Spiritomb, F|98/100
|-terastallize|p1a: Pokemon Shield|Steel
|move|p1a: Pokemon Shield|Iron Head|p2a: Spiritomb
|-damage|p2a: Spiritomb|64/100
|
|-heal|p2a: Spiritomb|71/100|[from] item: Leftovers
|upkeep
|turn|15
|
|t:|1758254531
|move|p1a: Pokemon Shield|Iron Head|p2a: Spiritomb
|-damage|p2a: Spiritomb|39/100
|move|p2a: Spiritomb|Will-O-Wisp|p1a: Pokemon Shield
|-status|p1a: Pokemon Shield|brn
|
|-heal|p2a: Spiritomb|45/100|[from] item: Leftovers
|-damage|p1a: Pokemon Shield|86/100 brn|[from] brn
|upkeep
|turn|16
|
|t:|1758254541
|move|p1a: Pokemon Shield|Iron Head|p2a: Spiritomb
|-damage|p2a: Spiritomb|28/100
|cant|p2a: Spiritomb|flinch
|
|-heal|p2a: Spiritomb|34/100|[from] item: Leftovers
|-damage|p1a: Pokemon Shield|80/100 brn|[from] brn
|upkeep
|turn|17
|
|t:|1758254550
|move|p1a: Pokemon Shield|Iron Head|p2a: Spiritomb
|-damage|p2a: Spiritomb|18/100
|move|p2a: Spiritomb|Pain Split|p1a: Pokemon Shield
|-sethp|p1a: Pokemon Shield|48/100 brn|[from] move: Pain Split|[silent]
|-sethp|p2a: Spiritomb|52/100|[from] move: Pain Split
|
|-heal|p2a: Spiritomb|59/100|[from] item: Leftovers
|-damage|p1a: Pokemon Shield|42/100 brn|[from] brn
|upkeep
|turn|18
|
|t:|1758254561
|switch|p2a: Okidogi|Okidogi, M|58/100
|move|p1a: Pokemon Shield|Iron Head|p2a: Okidogi
|-damage|p2a: Okidogi|41/100
|
|-heal|p2a: Okidogi|47/100|[from] item: Leftovers
|-damage|p1a: Pokemon Shield|36/100 brn|[from] brn
|upkeep
|turn|19
|
|t:|1758254570
|move|p1a: Pokemon Shield|Iron Head|p2a: Okidogi
|-damage|p2a: Okidogi|29/100
|cant|p2a: Okidogi|flinch
|
|-heal|p2a: Okidogi|35/100|[from] item: Leftovers
|-damage|p1a: Pokemon Shield|30/100 brn|[from] brn
|upkeep
|turn|20
|
|t:|1758254579
|move|p1a: Pokemon Shield|Iron Head|p2a: Okidogi
|-damage|p2a: Okidogi|16/100
|move|p2a: Okidogi|Drain Punch|p1a: Pokemon Shield
|-supereffective|p1a: Pokemon Shield
|-damage|p1a: Pokemon Shield|0 fnt
|-heal|p2a: Okidogi|29/100|[from] drain|[of] p1a: Pokemon Shield
|faint|p1a: Pokemon Shield
|
|-heal|p2a: Okidogi|36/100|[from] item: Leftovers
|upkeep
|
|t:|1758254582
|switch|p1a: Minami Torishima|Deoxys-Speed|100/100
|-ability|p1a: Minami Torishima|Pressure
|turn|21
|
|t:|1758254593
|move|p1a: Minami Torishima|Ice Beam|p2a: Okidogi
|-damage|p2a: Okidogi|10/100
|move|p2a: Okidogi|Knock Off|p1a: Minami Torishima
|-supereffective|p1a: Minami Torishima
|-damage|p1a: Minami Torishima|17/100
|-enditem|p1a: Minami Torishima|Choice Specs|[from] move: Knock Off|[of] p2a: Okidogi
|
|-heal|p2a: Okidogi|16/100|[from] item: Leftovers
|upkeep
|turn|22
|
|t:|1758254603
|move|p1a: Minami Torishima|Ice Beam|p2a: Okidogi
|-damage|p2a: Okidogi|0 fnt
|faint|p2a: Okidogi
|
|upkeep
|
|t:|1758254609
|switch|p2a: Spiritomb|Spiritomb, F|59/100
|turn|23
|
|t:|1758254613
|switch|p1a: Ingerland|Cinderace, M|33/100
|move|p2a: Spiritomb|Shadow Sneak|p1a: Ingerland
|-damage|p1a: Ingerland|14/100
|
|-heal|p2a: Spiritomb|65/100|[from] item: Leftovers
|upkeep
|turn|24
|
|t:|1758254621
|move|p2a: Spiritomb|Shadow Sneak|p1a: Ingerland
|-damage|p1a: Ingerland|0 fnt
|faint|p1a: Ingerland
|
|-heal|p2a: Spiritomb|71/100|[from] item: Leftovers
|upkeep
|
|t:|1758254623
|switch|p1a: The Writer|Ogerpon-Wellspring, F|100/100
|turn|25
|
|t:|1758254633
|move|p1a: The Writer|U-turn|p2a: Spiritomb
|-damage|p2a: Spiritomb|50/100
|
|t:|1758254635
|switch|p1a: Minami Torishima|Deoxys-Speed|17/100|[from] U-turn
|-ability|p1a: Minami Torishima|Pressure
|move|p2a: Spiritomb|Will-O-Wisp|p1a: Minami Torishima
|-status|p1a: Minami Torishima|brn
|
|-heal|p2a: Spiritomb|56/100|[from] item: Leftovers
|-damage|p1a: Minami Torishima|10/100 brn|[from] brn
|upkeep
|turn|26
|
|t:|1758254646
|move|p2a: Spiritomb|Shadow Sneak|p1a: Minami Torishima
|-supereffective|p1a: Minami Torishima
|-damage|p1a: Minami Torishima|0 fnt
|faint|p1a: Minami Torishima
|
|-heal|p2a: Spiritomb|62/100|[from] item: Leftovers
|upkeep
|
|t:|1758254648
|switch|p1a: The Writer|Ogerpon-Wellspring, F|100/100
|turn|27
|
|t:|1758254655
|move|p1a: The Writer|U-turn|p2a: Spiritomb
|-damage|p2a: Spiritomb|40/100
|move|p2a: Spiritomb|Will-O-Wisp|p1a: The Writer|[miss]
|-miss|p2a: Spiritomb|p1a: The Writer
|
|-heal|p2a: Spiritomb|47/100|[from] item: Leftovers
|upkeep
|turn|28
|
|t:|1758254663
|move|p1a: The Writer|Ivy Cudgel|p2a: Spiritomb|[anim] Ivy Cudgel Water
|-damage|p2a: Spiritomb|0 fnt
|faint|p2a: Spiritomb
|
|upkeep
|
|t:|1758254668
|switch|p2a: Salazzle|Salazzle, F|100/100
|turn|29
|
|t:|1758254671
|move|p2a: Salazzle|Sludge Bomb|p1a: The Writer
|-supereffective|p1a: The Writer
|-damage|p1a: The Writer|0 fnt
|faint|p1a: The Writer
|-damage|p2a: Salazzle|91/100|[from] item: Life Orb
|
|win|bena13
|raw|undertalethemovie's rating: 1219 &rarr; <strong>1195</strong><br />(-24 for losing)
|raw|bena13's rating: 1237 &rarr; <strong>1261</strong><br />(+24 for winning)
|l|☆undertalethemovie
|player|p1|
|l|☆bena13
|player|p2|
