|j|☆DontMissMantine
|j|☆carloss prates
|t:|1758283235
|gametype|singles
|player|p1|DontMissMantine|lucas|1654
|player|p2|carloss prates|bruno|1598
|gen|9
|tier|[Gen 9] OU
|rated|
|rule|HP Percentage Mod: HP is shown in percentages
|rule|Endless Battle Clause: Forcing endless battles is banned
|rule|Species Clause: Limit one of each Pokémon
|rule|OHKO Clause: OHKO moves are banned
|rule|Evasion Items Clause: Evasion items are banned
|rule|Evasion Moves Clause: Evasion moves are banned
|rule|Evasion Abilities Clause: Evasion abilities are banned
|rule|Sleep Moves Clause: Sleep-inducing moves are banned
|clearpoke
|poke|p1|Pelipper, M|
|poke|p1|Beartic, F|
|poke|p1|Barraskewda, M|
|poke|p1|Ogerpon-Wellspring, F|
|poke|p1|Zapdos|
|poke|p1|Hatterene, F|
|poke|p2|Ninetales-Alola, F|
|poke|p2|Dondozo, F|
|poke|p2|Iron Treads|
|poke|p2|Kyurem|
|poke|p2|Comfey, M|
|poke|p2|Polteageist|
|teampreview
|inactive|Battle timer is ON: inactive players will automatically lose when time's up. (requested by DontMissMantine)
|inactive|carloss prates has 120 seconds left.
|inactive|carloss prates has 90 seconds left.
|
|t:|1758283308
|teamsize|p1|6
|teamsize|p2|6
|start
|switch|p1a: Pelipper|Pelipper, M|100/100
|switch|p2a: Kyurem|Kyurem|100/100
|-ability|p2a: Kyurem|Pressure
|-weather|RainDance|[from] ability: Drizzle|[of] p1a: Pelipper
|turn|1
|
|t:|1758283324
|-terastallize|p1a: Pelipper|Steel
|move|p2a: Kyurem|Icicle Spear|p1a: Pelipper
|-resisted|p1a: Pelipper
|-damage|p1a: Pelipper|95/100
|-resisted|p1a: Pelipper
|-crit|p1a: Pelipper
|-damage|p1a: Pelipper|86/100
|-resisted|p1a: Pelipper
|-damage|p1a: Pelipper|81/100
|-hitcount|p1a: Pelipper|3
|move|p1a: Pelipper|U-turn|p2a: Kyurem
|-damage|p2a: Kyurem|90/100
|
|t:|1758283340
|switch|p1a: Barraskewda|Barraskewda, M|100/100|[from] U-turn
|
|-weather|RainDance|[upkeep]
|upkeep
|turn|2
|
|t:|1758283347
|switch|p2a: Dondozo|Dondozo, F|100/100
|move|p1a: Barraskewda|Flip Turn|p2a: Dondozo
|-resisted|p2a: Dondozo
|-damage|p2a: Dondozo|84/100
|
|t:|1758283353
|switch|p1a: Ogerpon|Ogerpon-Wellspring, F|100/100|[from] Flip Turn
|
|-weather|RainDance|[upkeep]
|-heal|p2a: Dondozo|90/100|[from] item: Leftovers
|upkeep
|turn|3
|
|t:|1758283360
|move|p1a: Ogerpon|Power Whip|p2a: Dondozo|[miss]
|-miss|p1a: Ogerpon|p2a: Dondozo
|move|p2a: Dondozo|Avalanche|p1a: Ogerpon
|-damage|p1a: Ogerpon|82/100
|
|-weather|RainDance|[upkeep]
|-heal|p2a: Dondozo|96/100|[from] item: Leftovers
|upkeep
|turn|4
|
|t:|1758283381
|switch|p2a: Polteageist|Polteageist|100/100
|move|p1a: Ogerpon|Power Whip|p2a: Polteageist
|-damage|p2a: Polteageist|14/100
|
|-weather|RainDance|[upkeep]
|upkeep
|turn|5
|
|t:|1758283389
|move|p1a: Ogerpon|Ivy Cudgel|p2a: Polteageist|[anim] Ivy Cudgel Water
|-damage|p2a: Polteageist|0 fnt
|-start|p1a: Ogerpon|Disable|Ivy Cudgel|[from] ability: Cursed Body|[of] p2a: Polteageist
|faint|p2a: Polteageist
|
|-weather|RainDance|[upkeep]
|upkeep
|
|t:|1758283390
|switch|p2a: Ninetales|Ninetales-Alola, F|100/100
|-weather|Snowscape|[from] ability: Snow Warning|[of] p2a: Ninetales
|turn|6
|
|t:|1758283400
|switch|p1a: Pelipper|Pelipper, M, tera:Steel|81/100
|-weather|RainDance|[from] ability: Drizzle|[of] p1a: Pelipper
|switch|p2a: Iron Treads|Iron Treads|100/100
|-enditem|p2a: Iron Treads|Booster Energy
|-activate|p2a: Iron Treads|ability: Quark Drive|[fromitem]
|-start|p2a: Iron Treads|quarkdrivespe
|
|-weather|RainDance|[upkeep]
|upkeep
|turn|7
|
|t:|1758283410
|switch|p1a: Hatterene|Hatterene, F|100/100
|move|p2a: Iron Treads|Stealth Rock|p1a: Hatterene
|move|p1a: Hatterene|Stealth Rock|p2a: Iron Treads|[from] ability: Magic Bounce
|-sidestart|p2: carloss prates|move: Stealth Rock
|
|-weather|RainDance|[upkeep]
|upkeep
|turn|8
|
|t:|1758283433
|switch|p1a: Zapdos|Zapdos|100/100
|move|p2a: Iron Treads|Rapid Spin|p1a: Zapdos
|-crit|p1a: Zapdos
|-damage|p1a: Zapdos|79/100
|-boost|p2a: Iron Treads|spe|1
|-sideend|p2: carloss prates|Stealth Rock|[from] move: Rapid Spin|[of] p2a: Iron Treads
|
|-weather|RainDance|[upkeep]
|upkeep
|turn|9
|
|t:|1758283456
|move|p2a: Iron Treads|Stealth Rock|p1a: Zapdos
|-sidestart|p1: DontMissMantine|move: Stealth Rock
|move|p1a: Zapdos|Weather Ball|p2a: Iron Treads
|-supereffective|p2a: Iron Treads
|-damage|p2a: Iron Treads|0 fnt
|faint|p2a: Iron Treads
|-end|p2a: Iron Treads|Quark Drive|[silent]
|
|-weather|RainDance|[upkeep]
|upkeep
|
|t:|1758283462
|switch|p2a: Ninetales|Ninetales-Alola, F|100/100
|-weather|Snowscape|[from] ability: Snow Warning|[of] p2a: Ninetales
|turn|10
|
|t:|1758283470
|switch|p2a: Kyurem|Kyurem|90/100
|-ability|p2a: Kyurem|Pressure
|switch|p1a: Pelipper|Pelipper, M, tera:Steel|81/100
|-damage|p1a: Pelipper|75/100|[from] Stealth Rock
|-weather|RainDance|[from] ability: Drizzle|[of] p1a: Pelipper
|
|-weather|RainDance|[upkeep]
|upkeep
|turn|11
|
|t:|1758283483
|switch|p1a: Hatterene|Hatterene, F|100/100
|-damage|p1a: Hatterene|88/100|[from] Stealth Rock
|move|p2a: Kyurem|Earth Power|p1a: Hatterene
|-damage|p1a: Hatterene|59/100
|-enditem|p1a: Hatterene|Eject Button
|
|t:|1758283500
|switch|p1a: Barraskewda|Barraskewda, M|100/100
|-damage|p1a: Barraskewda|88/100|[from] Stealth Rock
|
|-weather|RainDance|[upkeep]
|upkeep
|turn|12
|
|t:|1758283507
|switch|p2a: Dondozo|Dondozo, F|96/100
|move|p1a: Barraskewda|Flip Turn|p2a: Dondozo
|-resisted|p2a: Dondozo
|-damage|p2a: Dondozo|77/100
|
|t:|1758283513
|switch|p1a: Ogerpon|Ogerpon-Wellspring, F|82/100|[from] Flip Turn
|-damage|p1a: Ogerpon|69/100|[from] Stealth Rock
|
|-weather|RainDance|[upkeep]
|-heal|p2a: Dondozo|84/100|[from] item: Leftovers
|upkeep
|turn|13
|
|t:|1758283521
|switch|p2a: Kyurem|Kyurem|90/100
|-ability|p2a: Kyurem|Pressure
|move|p1a: Ogerpon|Power Whip|p2a: Kyurem
|-resisted|p2a: Kyurem
|-damage|p2a: Kyurem|54/100
|
|-weather|RainDance|[upkeep]
|upkeep
|turn|14
|
|t:|1758283537
|switch|p1a: Beartic|Beartic, F|100/100
|-damage|p1a: Beartic|76/100|[from] Stealth Rock
|switch|p2a: Ninetales|Ninetales-Alola, F|100/100
|-weather|Snowscape|[from] ability: Snow Warning|[of] p2a: Ninetales
|
|-weather|Snowscape|[upkeep]
|upkeep
|turn|15
|
|t:|1758283547
|switch|p2a: Kyurem|Kyurem|54/100
|-ability|p2a: Kyurem|Pressure
|switch|p1a: Pelipper|Pelipper, M, tera:Steel|75/100
|-damage|p1a: Pelipper|68/100|[from] Stealth Rock
|-weather|RainDance|[from] ability: Drizzle|[of] p1a: Pelipper
|
|-weather|RainDance|[upkeep]
|upkeep
|turn|16
|
|t:|1758283559
|switch|p1a: Hatterene|Hatterene, F|59/100
|-damage|p1a: Hatterene|47/100|[from] Stealth Rock
|move|p2a: Kyurem|Earth Power|p1a: Hatterene
|-damage|p1a: Hatterene|17/100
|-unboost|p1a: Hatterene|spd|1
|
|-weather|RainDance|[upkeep]
|upkeep
|turn|17
|
|t:|1758283570
|switch|p1a: Zapdos|Zapdos|79/100
|-damage|p1a: Zapdos|54/100|[from] Stealth Rock
|move|p2a: Kyurem|Earth Power|p1a: Zapdos
|-immune|p1a: Zapdos
|
|-weather|RainDance|[upkeep]
|upkeep
|turn|18
|
|t:|1758283579
|move|p1a: Zapdos|Hurricane|p2a: Kyurem
|-damage|p2a: Kyurem|4/100
|-start|p2a: Kyurem|confusion
|-activate|p2a: Kyurem|confusion
|move|p2a: Kyurem|Icicle Spear|p1a: Zapdos
|-supereffective|p1a: Zapdos
|-damage|p1a: Zapdos|16/100
|-supereffective|p1a: Zapdos
|-damage|p1a: Zapdos|0 fnt
|faint|p1a: Zapdos
|-hitcount|p1: Zapdos|2
|
|-weather|RainDance|[upkeep]
|upkeep
|
|t:|1758283591
|switch|p1a: Ogerpon|Ogerpon-Wellspring, F|69/100
|-damage|p1a: Ogerpon|57/100|[from] Stealth Rock
|turn|19
|
|t:|1758283595
|move|p1a: Ogerpon|Ivy Cudgel|p2a: Kyurem|[anim] Ivy Cudgel Water
|-resisted|p2a: Kyurem
|-damage|p2a: Kyurem|0 fnt
|faint|p2a: Kyurem
|
|-weather|RainDance|[upkeep]
|upkeep
|
|t:|1758283598
|switch|p2a: Ninetales|Ninetales-Alola, F|100/100
|-weather|Snowscape|[from] ability: Snow Warning|[of] p2a: Ninetales
|turn|20
|
|t:|1758283612
|switch|p1a: Pelipper|Pelipper, M, tera:Steel|68/100
|-damage|p1a: Pelipper|62/100|[from] Stealth Rock
|-weather|RainDance|[from] ability: Drizzle|[of] p1a: Pelipper
|move|p2a: Ninetales|Foul Play|p1a: Pelipper
|-damage|p1a: Pelipper|52/100
|
|-weather|RainDance|[upkeep]
|upkeep
|turn|21
|
|t:|1758283621
|move|p2a: Ninetales|Freeze-Dry|p1a: Pelipper
|-resisted|p1a: Pelipper
|-damage|p1a: Pelipper|37/100
|move|p1a: Pelipper|U-turn|p2a: Ninetales
|-resisted|p2a: Ninetales
|-damage|p2a: Ninetales|95/100
|
|t:|1758283627
|switch|p1a: Ogerpon|Ogerpon-Wellspring, F|57/100|[from] U-turn
|-damage|p1a: Ogerpon|45/100|[from] Stealth Rock
|
|-weather|RainDance|[upkeep]
|upkeep
|turn|22
|
|t:|1758283635
|-terastallize|p2a: Ninetales|Water
|move|p1a: Ogerpon|Ivy Cudgel|p2a: Ninetales|[anim] Ivy Cudgel Water
|-resisted|p2a: Ninetales
|-crit|p2a: Ninetales
|-damage|p2a: Ninetales|10/100
|move|p2a: Ninetales|Freeze-Dry|p1a: Ogerpon
|-supereffective|p1a: Ogerpon
|-damage|p1a: Ogerpon|0 fnt
|faint|p1a: Ogerpon
|
|-weather|RainDance|[upkeep]
|upkeep
|-message|DontMissMantine forfeited.
|
|win|carloss prates
|raw|DontMissMantine's rating: 1654 &rarr; <strong>1631</strong><br />(-23 for losing)
|raw|carloss prates's rating: 1598 &rarr; <strong>1621</strong><br />(+23 for winning)
|l|☆carloss prates
|player|p2|
|l|☆DontMissMantine
|player|p1|
