|j|☆Sleo2123
|j|☆jxrx
|t:|1758378839
|gametype|singles
|player|p1|Sleo2123|2|1307
|player|p2|jxrx|norman|1261
|gen|9
|tier|[Gen 9] OU
|rated|
|rule|HP Percentage Mod: HP is shown in percentages
|rule|Endless Battle Clause: Forcing endless battles is banned
|rule|Species Clause: Limit one of each Pokémon
|rule|OHKO Clause: OHKO moves are banned
|rule|Evasion Items Clause: Evasion items are banned
|rule|Evasion Moves Clause: Evasion moves are banned
|rule|Evasion Abilities Clause: Evasion abilities are banned
|rule|Sleep Moves Clause: Sleep-inducing moves are banned
|clearpoke
|poke|p1|Zapdos|
|poke|p1|Scizor, F|
|poke|p1|Ogerpon-Wellspring, F|
|poke|p1|Slowking-Galar, F|
|poke|p1|Great Tusk|
|poke|p1|Dragonite, M|
|poke|p2|Dragapult, M|
|poke|p2|Vileplume, M|
|poke|p2|Mamoswine, M|
|poke|p2|Ursaluna, M|
|poke|p2|Sylveon, F|
|poke|p2|Iron Jugulis|
|teampreview
|inactive|Battle timer is ON: inactive players will automatically lose when time's up. (requested by Sleo2123)
|
|t:|1758378894
|teamsize|p1|6
|teamsize|p2|6
|start
|switch|p1a: Scizor|Scizor, F|100/100
|switch|p2a: Sylveon|Sylveon, F|100/100
|turn|1
|
|t:|1758378911
|switch|p2a: Vileplume|Vileplume, M|100/100
|-terastallize|p1a: Scizor|Steel
|move|p1a: Scizor|Bullet Punch|p2a: Vileplume
|-damage|p2a: Vileplume|49/100
|-damage|p1a: Scizor|84/100|[from] item: Rocky Helmet|[of] p2a: Vileplume
|
|upkeep
|turn|2
|inactive|jxrx has 120 seconds left.
|
|t:|1758378957
|move|p1a: Scizor|Bullet Punch|p2a: Vileplume
|-damage|p2a: Vileplume|0 fnt
|-damage|p1a: Scizor|67/100|[from] item: Rocky Helmet|[of] p2a: Vileplume
|faint|p2a: Vileplume
|
|upkeep
|
|t:|1758378964
|switch|p2a: Iron Jugulis|Iron Jugulis|100/100
|-enditem|p2a: Iron Jugulis|Booster Energy
|-activate|p2a: Iron Jugulis|ability: Quark Drive|[fromitem]
|-start|p2a: Iron Jugulis|quarkdrivespe
|turn|3
|
|t:|1758378987
|move|p1a: Scizor|Bullet Punch|p2a: Iron Jugulis
|-damage|p2a: Iron Jugulis|14/100
|move|p2a: Iron Jugulis|Flamethrower|p1a: Scizor
|-supereffective|p1a: Scizor
|-damage|p1a: Scizor|0 fnt
|faint|p1a: Scizor
|
|upkeep
|
|t:|1758378991
|switch|p1a: Ogerpon|Ogerpon-Wellspring, F|100/100
|turn|4
|
|t:|1758378998
|move|p2a: Iron Jugulis|Air Slash|p1a: Ogerpon
|-supereffective|p1a: Ogerpon
|-damage|p1a: Ogerpon|5/100
|move|p1a: Ogerpon|Ivy Cudgel|p2a: Iron Jugulis|[anim] Ivy Cudgel Water
|-damage|p2a: Iron Jugulis|0 fnt
|faint|p2a: Iron Jugulis
|-end|p2a: Iron Jugulis|Quark Drive|[silent]
|
|upkeep
|inactive|jxrx has 120 seconds left.
|
|t:|1758379011
|switch|p2a: Mamoswine|Mamoswine, M|100/100
|turn|5
|
|t:|1758379024
|move|p2a: Mamoswine|Ice Shard|p1a: Ogerpon
|-damage|p1a: Ogerpon|0 fnt
|faint|p1a: Ogerpon
|
|upkeep
|
|t:|1758379028
|switch|p1a: Zapdos|Zapdos|100/100
|-ability|p1a: Zapdos|Pressure
|turn|6
|
|t:|1758379036
|switch|p2a: Sylveon|Sylveon, F|100/100
|move|p1a: Zapdos|Heat Wave|p2a: Sylveon|[miss]
|-miss|p1a: Zapdos|p2a: Sylveon
|
|upkeep
|turn|7
|
|t:|1758379047
|move|p1a: Zapdos|Volt Switch|p2a: Sylveon
|-damage|p2a: Sylveon|77/100
|
|t:|1758379050
|switch|p1a: Slowking|Slowking-Galar, F|100/100|[from] Volt Switch
|move|p2a: Sylveon|Wish|p2a: Sylveon
|
|-heal|p2a: Sylveon|83/100|[from] item: Leftovers
|upkeep
|turn|8
|
|t:|1758379054
|switch|p2a: Ursaluna|Ursaluna, M|100/100
|move|p1a: Slowking|Sludge Bomb|p2a: Ursaluna
|-resisted|p2a: Ursaluna
|-damage|p2a: Ursaluna|81/100
|
|-heal|p2a: Ursaluna|100/100|[from] move: Wish|[wisher] Sylveon
|-status|p2a: Ursaluna|brn|[from] item: Flame Orb
|upkeep
|turn|9
|
|t:|1758379082
|switch|p1a: Great Tusk|Great Tusk|100/100
|move|p2a: Ursaluna|Facade|p1a: Great Tusk
|-damage|p1a: Great Tusk|45/100
|-damage|p2a: Ursaluna|84/100 brn|[from] item: Rocky Helmet|[of] p1a: Great Tusk
|
|-damage|p2a: Ursaluna|78/100 brn|[from] brn
|upkeep
|turn|10
|
|t:|1758379112
|switch|p2a: Sylveon|Sylveon, F|83/100
|move|p1a: Great Tusk|Earthquake|p2a: Sylveon
|-damage|p2a: Sylveon|48/100
|
|-heal|p2a: Sylveon|55/100|[from] item: Leftovers
|upkeep
|turn|11
|
|t:|1758379120
|-end|p1a: Great Tusk|Protosynthesis|[silent]
|switch|p1a: Slowking|Slowking-Galar, F|100/100
|move|p2a: Sylveon|Hyper Voice|p1a: Slowking
|-resisted|p1a: Slowking
|-damage|p1a: Slowking|90/100
|
|-heal|p2a: Sylveon|61/100|[from] item: Leftovers
|upkeep
|turn|12
|
|t:|1758379126
|move|p2a: Sylveon|Mud-Slap|p1a: Slowking
|-supereffective|p1a: Slowking
|-damage|p1a: Slowking|84/100
|-unboost|p1a: Slowking|accuracy|1
|move|p1a: Slowking|Sludge Bomb|p2a: Sylveon
|-supereffective|p2a: Sylveon
|-damage|p2a: Sylveon|5/100
|
|-heal|p2a: Sylveon|11/100|[from] item: Leftovers
|upkeep
|turn|13
|
|t:|1758379130
|move|p2a: Sylveon|Wish|p2a: Sylveon
|move|p1a: Slowking|Sludge Bomb|p2a: Sylveon|[miss]
|-miss|p1a: Slowking|p2a: Sylveon
|
|-heal|p2a: Sylveon|18/100|[from] item: Leftovers
|upkeep
|turn|14
|
|t:|1758379137
|move|p2a: Sylveon|Mud-Slap|p1a: Slowking
|-supereffective|p1a: Slowking
|-damage|p1a: Slowking|78/100
|-unboost|p1a: Slowking|accuracy|1
|move|p1a: Slowking|Ice Beam|p2a: Sylveon|[miss]
|-miss|p1a: Slowking|p2a: Sylveon
|
|-heal|p2a: Sylveon|68/100|[from] move: Wish|[wisher] Sylveon
|-heal|p2a: Sylveon|74/100|[from] item: Leftovers
|upkeep
|turn|15
|
|t:|1758379144
|move|p2a: Sylveon|Wish|p2a: Sylveon
|move|p1a: Slowking|Psychic Noise|p2a: Sylveon|[miss]
|-miss|p1a: Slowking|p2a: Sylveon
|
|-heal|p2a: Sylveon|80/100|[from] item: Leftovers
|upkeep
|turn|16
|
|t:|1758379149
|switch|p2a: Ursaluna|Ursaluna, M|78/100 brn
|move|p1a: Slowking|Psychic Noise|p2a: Ursaluna|[miss]
|-miss|p1a: Slowking|p2a: Ursaluna
|
|-heal|p2a: Ursaluna|100/100 brn|[from] move: Wish|[wisher] Sylveon
|-damage|p2a: Ursaluna|94/100 brn|[from] brn
|upkeep
|turn|17
|
|t:|1758379162
|switch|p1a: Dragonite|Dragonite, M|100/100
|move|p2a: Ursaluna|Facade|p1a: Dragonite
|-damage|p1a: Dragonite|38/100
|
|-damage|p2a: Ursaluna|88/100 brn|[from] brn
|upkeep
|turn|18
|
|t:|1758379181
|move|p1a: Dragonite|Ice Beam|p2a: Ursaluna
|-supereffective|p2a: Ursaluna
|-damage|p2a: Ursaluna|44/100 brn
|move|p2a: Ursaluna|Facade|p1a: Dragonite
|-damage|p1a: Dragonite|0 fnt
|faint|p1a: Dragonite
|
|-damage|p2a: Ursaluna|38/100 brn|[from] brn
|upkeep
|
|t:|1758379187
|switch|p1a: Zapdos|Zapdos|100/100
|-ability|p1a: Zapdos|Pressure
|turn|19
|
|t:|1758379190
|move|p1a: Zapdos|Hurricane|p2a: Ursaluna
|-damage|p2a: Ursaluna|0 fnt
|faint|p2a: Ursaluna
|
|upkeep
|
|t:|1758379210
|switch|p2a: Mamoswine|Mamoswine, M|100/100
|turn|20
|
|t:|1758379238
|move|p2a: Mamoswine|Ice Shard|p1a: Zapdos
|-supereffective|p1a: Zapdos
|-damage|p1a: Zapdos|17/100
|move|p1a: Zapdos|Heat Wave|p2a: Mamoswine
|-supereffective|p2a: Mamoswine
|-damage|p2a: Mamoswine|56/100
|-status|p2a: Mamoswine|brn
|
|-damage|p2a: Mamoswine|50/100 brn|[from] brn
|upkeep
|turn|21
|inactive|jxrx has 120 seconds left.
|
|t:|1758379278
|move|p2a: Mamoswine|Ice Shard|p1a: Zapdos
|-supereffective|p1a: Zapdos
|-damage|p1a: Zapdos|0 fnt
|faint|p1a: Zapdos
|
|-damage|p2a: Mamoswine|44/100 brn|[from] brn
|upkeep
|
|t:|1758379284
|switch|p1a: Slowking|Slowking-Galar, F|100/100
|turn|22
|inactive|jxrx has 120 seconds left.
|
|t:|1758379295
|switch|p2a: Sylveon|Sylveon, F|80/100
|move|p1a: Slowking|Psychic Noise|p2a: Sylveon
|-damage|p2a: Sylveon|54/100
|-start|p2a: Sylveon|move: Heal Block
|
|upkeep
|turn|23
|
|t:|1758379299
|move|p2a: Sylveon|Mud-Slap|p1a: Slowking
|-supereffective|p1a: Slowking
|-damage|p1a: Slowking|94/100
|-unboost|p1a: Slowking|accuracy|1
|move|p1a: Slowking|Sludge Bomb|p2a: Sylveon
|-supereffective|p2a: Sylveon
|-damage|p2a: Sylveon|0 fnt
|faint|p2a: Sylveon
|
|upkeep
|
|t:|1758379303
|switch|p2a: Mamoswine|Mamoswine, M|44/100 brn
|turn|24
|
|t:|1758379308
|switch|p1a: Great Tusk|Great Tusk|45/100
|move|p2a: Mamoswine|Earthquake|p1a: Great Tusk
|-damage|p1a: Great Tusk|27/100
|
|-damage|p2a: Mamoswine|37/100 brn|[from] brn
|upkeep
|turn|25
|c|☆Sleo2123|band?
|c|☆jxrx|yes
|
|t:|1758379319
|move|p2a: Mamoswine|Earthquake|p1a: Great Tusk
|-damage|p1a: Great Tusk|8/100
|move|p1a: Great Tusk|Knock Off|p2a: Mamoswine
|-crit|p2a: Mamoswine
|-damage|p2a: Mamoswine|0 fnt
|-enditem|p2a: Mamoswine|Choice Band|[from] move: Knock Off|[of] p1a: Great Tusk
|faint|p2a: Mamoswine
|
|upkeep
|
|t:|1758379322
|switch|p2a: Dragapult|Dragapult, M|100/100
|turn|26
|
|t:|1758379326
|move|p2a: Dragapult|Dragon Darts|p1a: Great Tusk
|-damage|p1a: Great Tusk|0 fnt
|faint|p1a: Great Tusk
|-end|p1a: Great Tusk|Protosynthesis|[silent]
|
|upkeep
|c|☆Sleo2123|fuck its physical pult
|
|t:|1758379334
|switch|p1a: Slowking|Slowking-Galar, F|100/100
|turn|27
|c|☆Sleo2123|gg
|inactive|jxrx has 120 seconds left.
|
|t:|1758379379
|-terastallize|p2a: Dragapult|Dragon
|move|p2a: Dragapult|Phantom Force||[still]
|-prepare|p2a: Dragapult|Phantom Force
|move|p1a: Slowking|Ice Beam|p2a: Dragapult|[miss]
|-miss|p1a: Slowking|p2a: Dragapult
|
|upkeep
|turn|28
|
|t:|1758379387
|move|p2a: Dragapult|Phantom Force|p1a: Slowking|[from] lockedmove
|-supereffective|p1a: Slowking
|-damage|p1a: Slowking|15/100
|move|p1a: Slowking|Ice Beam|p2a: Dragapult
|-supereffective|p2a: Dragapult
|-damage|p2a: Dragapult|25/100
|
|-heal|p2a: Dragapult|31/100|[from] item: Leftovers
|upkeep
|turn|29
|
|t:|1758379391
|move|p2a: Dragapult|Dragon Darts|p1a: Slowking
|-damage|p1a: Slowking|0 fnt
|faint|p1a: Slowking
|
|win|jxrx
|raw|Sleo2123's rating: 1329 &rarr; <strong>1305</strong><br />(-24 for losing)
|raw|jxrx's rating: 1261 &rarr; <strong>1291</strong><br />(+30 for winning)
|l|☆jxrx
|player|p2|
|l|☆Sleo2123
|player|p1|
