|j|☆RNG Savage
|j|‽trak2
|t:|1758351968
|gametype|singles
|player|p1|RNG Savage|giovanni-gen3|1264
|player|p2|trak2|unknown|1227
|gen|9
|tier|[Gen 9] OU
|rated|
|rule|HP Percentage Mod: HP is shown in percentages
|rule|Endless Battle Clause: Forcing endless battles is banned
|rule|Species Clause: Limit one of each Pokémon
|rule|OHKO Clause: OHKO moves are banned
|rule|Evasion Items Clause: Evasion items are banned
|rule|Evasion Moves Clause: Evasion moves are banned
|rule|Evasion Abilities Clause: Evasion abilities are banned
|rule|Sleep Moves Clause: Sleep-inducing moves are banned
|clearpoke
|poke|p1|Skarmory, M|
|poke|p1|Gyarados, M|
|poke|p1|Weavile, M|
|poke|p1|Magnezone|
|poke|p1|Zoroark-Hisui, F|
|poke|p1|Electivire, M|
|poke|p2|Dragonite, M|
|poke|p2|Grimmsnarl, M|
|poke|p2|Enamorus, F|
|poke|p2|Great Tusk|
|poke|p2|Scizor, F|
|poke|p2|Raging Bolt|
|teampreview
|inactive|Battle timer is ON: inactive players will automatically lose when time's up. (requested by trak2)
|
|t:|1758351989
|teamsize|p1|6
|teamsize|p2|6
|start
|switch|p1a: Weavile|Weavile, M|100/100
|switch|p2a: Great Tusk|Great Tusk|100/100
|-enditem|p2a: Great Tusk|Booster Energy
|-activate|p2a: Great Tusk|ability: Protosynthesis|[fromitem]
|-start|p2a: Great Tusk|protosynthesisspe
|turn|1
|
|t:|1758351993
|move|p2a: Great Tusk|Stealth Rock|p1a: Weavile
|-sidestart|p1: RNG Savage|move: Stealth Rock
|move|p1a: Weavile|Triple Axel|p2a: Great Tusk|[miss]
|-miss|p1a: Weavile|p2a: Great Tusk
|
|upkeep
|turn|2
|
|t:|1758352003
|-terastallize|p1a: Weavile|Ghost
|move|p2a: Great Tusk|Headlong Rush|p1a: Weavile
|-damage|p1a: Weavile|13/100
|-unboost|p2a: Great Tusk|def|1
|-unboost|p2a: Great Tusk|spd|1
|move|p1a: Weavile|Triple Axel|p2a: Great Tusk
|-supereffective|p2a: Great Tusk
|-damage|p2a: Great Tusk|80/100
|-hitcount|p2a: Great Tusk|1
|
|upkeep
|turn|3
|
|t:|1758352013
|move|p2a: Great Tusk|Headlong Rush|p1a: Weavile
|-damage|p1a: Weavile|0 fnt
|-unboost|p2a: Great Tusk|def|1
|-unboost|p2a: Great Tusk|spd|1
|faint|p1a: Weavile
|
|upkeep
|
|t:|1758352020
|switch|p1a: Skarmory|Skarmory, M, shiny|100/100
|-damage|p1a: Skarmory|88/100|[from] Stealth Rock
|turn|4
|
|t:|1758352038
|move|p2a: Great Tusk|Headlong Rush|p1a: Skarmory
|-damage|p1a: Skarmory|0 fnt
|-unboost|p2a: Great Tusk|def|1
|-unboost|p2a: Great Tusk|spd|1
|replace|p1a: Zoroark|Zoroark-Hisui, F
|-end|p1a: Zoroark|Illusion
|faint|p1a: Zoroark
|
|upkeep
|l|‽trak2
|inactive|trak2 disconnected and has a minute to reconnect!
|player|p2|
|inactive|RNG Savage has 120 seconds left.
|
|t:|1758352072
|switch|p1a: Gyarados|Gyarados, M, shiny|100/100
|-damage|p1a: Gyarados|76/100|[from] Stealth Rock
|turn|5
|j|‽trak2
|inactive|trak2 reconnected and has 150 seconds left.
|player|p2|trak2|unknown|
|
|t:|1758352080
|move|p2a: Great Tusk|Ice Spinner|p1a: Gyarados
|-damage|p1a: Gyarados|51/100
|move|p1a: Gyarados|Earthquake|p2a: Great Tusk
|-damage|p2a: Great Tusk|35/100
|
|upkeep
|turn|6
|
|t:|1758352094
|move|p2a: Great Tusk|Rapid Spin|p1a: Gyarados
|-damage|p1a: Gyarados|36/100
|-boost|p2a: Great Tusk|spe|1
|move|p1a: Gyarados|Earthquake|p2a: Great Tusk
|-damage|p2a: Great Tusk|0 fnt
|faint|p2a: Great Tusk
|-end|p2a: Great Tusk|Protosynthesis|[silent]
|-ability|p1a: Gyarados|Moxie|boost
|-boost|p1a: Gyarados|atk|1
|
|upkeep
|
|t:|1758352113
|switch|p2a: Grimmsnarl|Grimmsnarl, M|100/100
|turn|7
|
|t:|1758352120
|move|p2a: Grimmsnarl|Reflect|p2a: Grimmsnarl
|-sidestart|p2: trak2|Reflect
|move|p1a: Gyarados|Thunder Wave|p2a: Grimmsnarl
|-status|p2a: Grimmsnarl|par
|
|upkeep
|turn|8
|
|t:|1758352127
|move|p2a: Grimmsnarl|Light Screen|p2a: Grimmsnarl
|-sidestart|p2: trak2|move: Light Screen
|move|p1a: Gyarados|Waterfall|p2a: Grimmsnarl
|-damage|p2a: Grimmsnarl|72/100 par
|
|upkeep
|turn|9
|
|t:|1758352138
|move|p2a: Grimmsnarl|Parting Shot|p1a: Gyarados
|-unboost|p1a: Gyarados|atk|1
|-unboost|p1a: Gyarados|spa|1
|
|t:|1758352150
|switch|p2a: Dragonite|Dragonite, M, shiny|100/100|[from] Parting Shot
|move|p1a: Gyarados|Taunt|p2a: Dragonite
|-start|p2a: Dragonite|move: Taunt
|
|upkeep
|turn|10
|
|t:|1758352155
|switch|p2a: Scizor|Scizor, F|100/100
|move|p1a: Gyarados|Thunder Wave|p2a: Scizor
|-status|p2a: Scizor|par
|
|upkeep
|turn|11
|
|t:|1758352177
|switch|p1a: Skarmory|Skarmory, M, shiny|100/100
|-damage|p1a: Skarmory|88/100|[from] Stealth Rock
|move|p2a: Scizor|Swords Dance|p2a: Scizor
|-boost|p2a: Scizor|atk|2
|
|upkeep
|turn|12
|
|t:|1758352181
|move|p1a: Skarmory|Stealth Rock|p2a: Scizor
|-sidestart|p2: trak2|move: Stealth Rock
|move|p2a: Scizor|Close Combat|p1a: Skarmory
|-damage|p1a: Skarmory|0 fnt
|-unboost|p2a: Scizor|def|1
|-unboost|p2a: Scizor|spd|1
|-damage|p2a: Scizor|84/100 par|[from] item: Rocky Helmet|[of] p1a: Skarmory
|faint|p1a: Skarmory
|
|upkeep
|
|t:|1758352191
|switch|p1a: Electivire|Electivire, M, shiny|100/100
|-damage|p1a: Electivire|88/100|[from] Stealth Rock
|turn|13
|
|t:|1758352197
|-terastallize|p2a: Scizor|Steel
|cant|p2a: Scizor|par
|move|p1a: Electivire|Bulk Up|p1a: Electivire
|-boost|p1a: Electivire|atk|1
|-boost|p1a: Electivire|def|1
|
|upkeep
|turn|14
|
|t:|1758352204
|move|p1a: Electivire|Bulk Up|p1a: Electivire
|-boost|p1a: Electivire|atk|1
|-boost|p1a: Electivire|def|1
|cant|p2a: Scizor|par
|
|-sideend|p2: trak2|Reflect
|upkeep
|turn|15
|
|t:|1758352219
|move|p1a: Electivire|Supercell Slam|p2a: Scizor
|-damage|p2a: Scizor|0 fnt
|faint|p2a: Scizor
|
|-sideend|p2: trak2|move: Light Screen
|upkeep
|
|t:|1758352223
|switch|p2a: Enamorus|Enamorus, F|100/100
|-damage|p2a: Enamorus|76/100|[from] Stealth Rock
|turn|16
|
|t:|1758352227
|move|p2a: Enamorus|Earth Power|p1a: Electivire
|-supereffective|p1a: Electivire
|-damage|p1a: Electivire|14/100
|-enditem|p1a: Electivire|Aguav Berry|[eat]
|-heal|p1a: Electivire|47/100|[from] item: Aguav Berry
|move|p1a: Electivire|Ice Punch|p2a: Enamorus
|-supereffective|p2a: Enamorus
|-damage|p2a: Enamorus|0 fnt
|faint|p2a: Enamorus
|
|upkeep
|
|t:|1758352231
|switch|p2a: Grimmsnarl|Grimmsnarl, M|72/100 par
|-damage|p2a: Grimmsnarl|59/100 par|[from] Stealth Rock
|turn|17
|
|t:|1758352236
|move|p2a: Grimmsnarl|Reflect|p2a: Grimmsnarl
|-sidestart|p2: trak2|Reflect
|move|p1a: Electivire|Supercell Slam|p2a: Grimmsnarl
|-damage|p2a: Grimmsnarl|9/100 par
|
|upkeep
|turn|18
|
|t:|1758352247
|move|p1a: Electivire|Taunt|p2a: Grimmsnarl
|-start|p2a: Grimmsnarl|move: Taunt
|move|p2a: Grimmsnarl|Spirit Break|p1a: Electivire
|-damage|p1a: Electivire|33/100
|-unboost|p1a: Electivire|spa|1
|
|upkeep
|turn|19
|l|‽trak2
|inactive|trak2 disconnected and has a minute to reconnect!
|player|p2|
|inactive|trak2 has 30 seconds to reconnect!
|inactive|trak2 has 20 seconds to reconnect!
|inactive|trak2 has 15 seconds to reconnect!
|inactive|trak2 has 10 seconds to reconnect!
|inactive|trak2 has 5 seconds to reconnect!
|-message|trak2 lost due to inactivity.
|
|win|RNG Savage
|raw|RNG Savage's rating: 1264 &rarr; <strong>1286</strong><br />(+22 for winning)
|raw|trak2's rating: 1229 &rarr; <strong>1207</strong><br />(-22 for losing)
|l|☆RNG Savage
|player|p1|
