|j|☆Ruby Xoxo
|j|☆genuine chef
|t:|1758327388
|gametype|singles
|player|p1|Ruby Xoxo|acetrainerf-gen4dp|1272
|player|p2|genuine chef|shadowtriad|1337
|gen|9
|tier|[Gen 9] OU
|rated|
|rule|HP Percentage Mod: HP is shown in percentages
|rule|Endless Battle Clause: Forcing endless battles is banned
|rule|Species Clause: Limit one of each Pokémon
|rule|OHKO Clause: OHKO moves are banned
|rule|Evasion Items Clause: Evasion items are banned
|rule|Evasion Moves Clause: Evasion moves are banned
|rule|Evasion Abilities Clause: Evasion abilities are banned
|rule|Sleep Moves Clause: Sleep-inducing moves are banned
|clearpoke
|poke|p1|Skarmory, M|
|poke|p1|Darkrai|
|poke|p1|Reuniclus, F|
|poke|p1|Tornadus-Therian, M|
|poke|p1|Moltres|
|poke|p1|Ting-Lu|
|poke|p2|Blaziken, F|
|poke|p2|Ninetales-Alola, M|
|poke|p2|Kyurem|
|poke|p2|Landorus-Therian, M|
|poke|p2|Iron Crown|
|poke|p2|Iron Treads|
|teampreview
|inactive|Battle timer is ON: inactive players will automatically lose when time's up. (requested by genuine chef)
|inactive|genuine chef has 120 seconds left.
|
|t:|1758327429
|teamsize|p1|6
|teamsize|p2|6
|start
|switch|p1a: Reuniclus|Reuniclus, F, shiny|100/100
|switch|p2a: Ninetales|Ninetales-Alola, M|100/100
|-weather|Snowscape|[from] ability: Snow Warning|[of] p2a: Ninetales
|turn|1
|
|t:|1758327436
|move|p2a: Ninetales|Aurora Veil|p2a: Ninetales
|-sidestart|p2: genuine chef|move: Aurora Veil
|move|p1a: Reuniclus|Knock Off|p2a: Ninetales
|-resisted|p2a: Ninetales
|-damage|p2a: Ninetales|97/100
|-enditem|p2a: Ninetales|Light Clay|[from] move: Knock Off|[of] p1a: Reuniclus
|
|-weather|Snowscape|[upkeep]
|upkeep
|turn|2
|
|t:|1758327455
|switch|p2a: Blaziken|Blaziken, F|100/100
|switch|p1a: Darkrai|Darkrai|100/100
|
|-weather|Snowscape|[upkeep]
|upkeep
|turn|3
|
|t:|1758327464
|move|p1a: Darkrai|Trick|p2a: Blaziken
|-activate|p1a: Darkrai|move: Trick|[of] p2a: Blaziken
|-item|p2a: Blaziken|Choice Scarf|[from] move: Trick
|-item|p1a: Darkrai|Razor Claw|[from] move: Trick
|move|p2a: Blaziken|Close Combat|p1a: Darkrai
|-supereffective|p1a: Darkrai
|-crit|p1a: Darkrai
|-damage|p1a: Darkrai|0 fnt
|-unboost|p2a: Blaziken|def|1
|-unboost|p2a: Blaziken|spd|1
|faint|p1a: Darkrai
|
|-weather|Snowscape|[upkeep]
|-ability|p2a: Blaziken|Speed Boost|boost
|-boost|p2a: Blaziken|spe|1
|upkeep
|
|t:|1758327471
|switch|p1a: Reuniclus|Reuniclus, F, shiny|100/100
|turn|4
|
|t:|1758327485
|switch|p2a: Iron Crown|Iron Crown|100/100
|switch|p1a: Ting-Lu|Ting-Lu|100/100
|-ability|p1a: Ting-Lu|Vessel of Ruin
|
|-weather|Snowscape|[upkeep]
|upkeep
|turn|5
|
|t:|1758327493
|-end|p2a: Iron Crown|Quark Drive|[silent]
|switch|p2a: Landorus|Landorus-Therian, M|100/100
|-ability|p2a: Landorus|Intimidate|boost
|-unboost|p1a: Ting-Lu|atk|1
|move|p1a: Ting-Lu|Stealth Rock|p2a: Landorus
|-sidestart|p2: genuine chef|move: Stealth Rock
|
|-weather|none
|upkeep
|turn|6
|
|t:|1758327502
|move|p2a: Landorus|Stealth Rock|p1a: Ting-Lu
|-sidestart|p1: Ruby Xoxo|move: Stealth Rock
|move|p1a: Ting-Lu|Ruination|p2a: Landorus|[miss]
|-miss|p1a: Ting-Lu|p2a: Landorus
|
|upkeep
|turn|7
|
|t:|1758327506
|switch|p1a: Tornadus|Tornadus-Therian, M|100/100
|-damage|p1a: Tornadus|76/100|[from] Stealth Rock
|move|p2a: Landorus|U-turn|p1a: Tornadus
|-resisted|p1a: Tornadus
|-damage|p1a: Tornadus|58/100
|
|t:|1758327518
|switch|p2a: Iron Treads|Iron Treads|100/100|[from] U-turn
|-damage|p2a: Iron Treads|97/100|[from] Stealth Rock
|-enditem|p2a: Iron Treads|Booster Energy
|-activate|p2a: Iron Treads|ability: Quark Drive|[fromitem]
|-start|p2a: Iron Treads|quarkdrivespe
|
|upkeep
|turn|8
|
|t:|1758327525
|switch|p1a: Skarmory|Skarmory, M|100/100
|-damage|p1a: Skarmory|88/100|[from] Stealth Rock
|move|p2a: Iron Treads|Rapid Spin|p1a: Skarmory
|-resisted|p1a: Skarmory
|-damage|p1a: Skarmory|83/100
|-boost|p2a: Iron Treads|spe|1
|-damage|p2a: Iron Treads|81/100|[from] item: Rocky Helmet|[of] p1a: Skarmory
|-sideend|p2: genuine chef|Stealth Rock|[from] move: Rapid Spin|[of] p2a: Iron Treads
|
|-sideend|p2: genuine chef|move: Aurora Veil
|upkeep
|turn|9
|
|t:|1758327538
|move|p2a: Iron Treads|Knock Off|p1a: Skarmory
|-damage|p1a: Skarmory|64/100
|-damage|p2a: Iron Treads|64/100|[from] item: Rocky Helmet|[of] p1a: Skarmory
|-enditem|p1a: Skarmory|Rocky Helmet|[from] move: Knock Off|[of] p2a: Iron Treads
|move|p1a: Skarmory|Roost|p1a: Skarmory
|-heal|p1a: Skarmory|100/100
|-singleturn|p1a: Skarmory|move: Roost
|
|upkeep
|turn|10
|
|t:|1758327554
|-end|p2a: Iron Treads|Quark Drive|[silent]
|switch|p2a: Ninetales|Ninetales-Alola, M|97/100
|-weather|Snowscape|[from] ability: Snow Warning|[of] p2a: Ninetales
|switch|p1a: Ting-Lu|Ting-Lu|100/100
|-damage|p1a: Ting-Lu|94/100|[from] Stealth Rock
|-ability|p1a: Ting-Lu|Vessel of Ruin
|
|-weather|Snowscape|[upkeep]
|upkeep
|turn|11
|
|t:|1758327559
|move|p2a: Ninetales|Aurora Veil|p2a: Ninetales
|-sidestart|p2: genuine chef|move: Aurora Veil
|move|p1a: Ting-Lu|Stealth Rock|p2a: Ninetales
|-sidestart|p2: genuine chef|move: Stealth Rock
|
|-weather|Snowscape|[upkeep]
|upkeep
|turn|12
|
|t:|1758327575
|switch|p2a: Landorus|Landorus-Therian, M|100/100
|-damage|p2a: Landorus|88/100|[from] Stealth Rock
|-ability|p2a: Landorus|Intimidate|boost
|-unboost|p1a: Ting-Lu|atk|1
|switch|p1a: Reuniclus|Reuniclus, F, shiny|100/100
|
|-weather|Snowscape|[upkeep]
|-heal|p2a: Landorus|94/100|[from] item: Leftovers
|upkeep
|turn|13
|
|t:|1758327593
|switch|p1a: Moltres|Moltres|100/100
|move|p2a: Landorus|Taunt|p1a: Moltres
|-start|p1a: Moltres|move: Taunt
|
|-weather|Snowscape|[upkeep]
|-heal|p2a: Landorus|99/100|[from] item: Leftovers
|upkeep
|turn|14
|
|t:|1758327615
|switch|p2a: Blaziken|Blaziken, F|100/100
|-damage|p2a: Blaziken|88/100|[from] Stealth Rock
|move|p1a: Moltres|Flamethrower|p2a: Blaziken
|-resisted|p2a: Blaziken
|-damage|p2a: Blaziken|68/100
|
|-weather|none
|upkeep
|turn|15
|inactive|genuine chef has 120 seconds left.
|
|t:|1758327639
|switch|p2a: Iron Crown|Iron Crown|100/100
|-damage|p2a: Iron Crown|94/100|[from] Stealth Rock
|switch|p1a: Reuniclus|Reuniclus, F, shiny|100/100
|
|-sideend|p2: genuine chef|move: Aurora Veil
|upkeep
|turn|16
|
|t:|1758327647
|switch|p1a: Ting-Lu|Ting-Lu|94/100
|-damage|p1a: Ting-Lu|88/100|[from] Stealth Rock
|-ability|p1a: Ting-Lu|Vessel of Ruin
|move|p2a: Iron Crown|Future Sight|p1a: Ting-Lu
|-start|p2a: Iron Crown|move: Future Sight
|
|upkeep
|turn|17
|inactive|genuine chef has 120 seconds left.
|
|t:|1758327676
|-end|p2a: Iron Crown|Quark Drive|[silent]
|switch|p2a: Landorus|Landorus-Therian, M|99/100
|-damage|p2a: Landorus|88/100|[from] Stealth Rock
|-ability|p2a: Landorus|Intimidate|boost
|-unboost|p1a: Ting-Lu|atk|1
|move|p1a: Ting-Lu|Earthquake|p2a: Landorus
|-immune|p2a: Landorus
|
|-heal|p2a: Landorus|94/100|[from] item: Leftovers
|upkeep
|turn|18
|inactive|genuine chef has 120 seconds left.
|
|t:|1758327695
|move|p2a: Landorus|U-turn|p1a: Ting-Lu
|-supereffective|p1a: Ting-Lu
|-damage|p1a: Ting-Lu|59/100
|-damage|p2a: Landorus|77/100|[from] item: Rocky Helmet|[of] p1a: Ting-Lu
|
|t:|1758327697
|switch|p2a: Iron Treads|Iron Treads|64/100|[from] U-turn
|-damage|p2a: Iron Treads|61/100|[from] Stealth Rock
|move|p1a: Ting-Lu|Ruination|p2a: Iron Treads
|-damage|p2a: Iron Treads|31/100
|
|-end|p1a: Ting-Lu|move: Future Sight
|-immune|p1a: Ting-Lu
|upkeep
|turn|19
|
|t:|1758327707
|move|p2a: Iron Treads|Rapid Spin|p1a: Ting-Lu
|-damage|p1a: Ting-Lu|50/100
|-boost|p2a: Iron Treads|spe|1
|-damage|p2a: Iron Treads|15/100|[from] item: Rocky Helmet|[of] p1a: Ting-Lu
|-sideend|p2: genuine chef|Stealth Rock|[from] move: Rapid Spin|[of] p2a: Iron Treads
|move|p1a: Ting-Lu|Earthquake|p2a: Iron Treads
|-supereffective|p2a: Iron Treads
|-damage|p2a: Iron Treads|0 fnt
|faint|p2a: Iron Treads
|-end|p2a: Iron Treads|Quark Drive|[silent]
|
|upkeep
|inactive|genuine chef has 120 seconds left.
|
|t:|1758327722
|switch|p2a: Kyurem|Kyurem|100/100
|-ability|p2a: Kyurem|Pressure
|turn|20
|inactive|Ruby Xoxo has 120 seconds left.
|
|t:|1758327757
|switch|p1a: Skarmory|Skarmory, M|100/100
|-damage|p1a: Skarmory|88/100|[from] Stealth Rock
|move|p2a: Kyurem|Dragon Dance|p2a: Kyurem
|-boost|p2a: Kyurem|atk|1
|-boost|p2a: Kyurem|spe|1
|
|upkeep
|turn|21
|
|t:|1758327763
|move|p2a: Kyurem|Icicle Spear|p1a: Skarmory
|-crit|p1a: Skarmory
|-damage|p1a: Skarmory|71/100
|-damage|p1a: Skarmory|58/100
|-damage|p1a: Skarmory|46/100
|-damage|p1a: Skarmory|33/100
|-hitcount|p1a: Skarmory|4
|move|p1a: Skarmory|Whirlwind|p2a: Kyurem
|drag|p2a: Iron Crown|Iron Crown|94/100
|
|upkeep
|turn|22
|
|t:|1758327772
|switch|p1a: Ting-Lu|Ting-Lu|50/100
|-damage|p1a: Ting-Lu|43/100|[from] Stealth Rock
|-ability|p1a: Ting-Lu|Vessel of Ruin
|move|p2a: Iron Crown|Volt Switch|p1a: Ting-Lu
|-immune|p1a: Ting-Lu
|
|upkeep
|turn|23
|
|t:|1758327778
|move|p2a: Iron Crown|Focus Blast|p1a: Ting-Lu
|-supereffective|p1a: Ting-Lu
|-damage|p1a: Ting-Lu|10/100
|move|p1a: Ting-Lu|Stealth Rock|p2a: Iron Crown
|-sidestart|p2: genuine chef|move: Stealth Rock
|
|upkeep
|turn|24
|
|t:|1758327788
|move|p2a: Iron Crown|Tachyon Cutter|p1a: Ting-Lu
|-damage|p1a: Ting-Lu|0 fnt
|faint|p1a: Ting-Lu
|-hitcount|p1: Ting-Lu|1
|
|upkeep
|
|t:|1758327792
|switch|p1a: Reuniclus|Reuniclus, F, shiny|100/100
|turn|25
|
|t:|1758327794
|move|p2a: Iron Crown|Future Sight|p1a: Reuniclus
|-start|p2a: Iron Crown|move: Future Sight
|move|p1a: Reuniclus|Knock Off|p2a: Iron Crown
|-supereffective|p2a: Iron Crown
|-damage|p2a: Iron Crown|52/100
|-enditem|p2a: Iron Crown|Assault Vest|[from] move: Knock Off|[of] p1a: Reuniclus
|
|upkeep
|turn|26
|
|t:|1758327800
|move|p2a: Iron Crown|Tachyon Cutter|p1a: Reuniclus
|-damage|p1a: Reuniclus|75/100
|-damage|p1a: Reuniclus|53/100
|-hitcount|p1a: Reuniclus|2
|move|p1a: Reuniclus|Focus Blast|p2a: Iron Crown
|-damage|p2a: Iron Crown|3/100
|
|upkeep
|turn|27
|
|t:|1758327810
|move|p2a: Iron Crown|Tachyon Cutter|p1a: Reuniclus
|-damage|p1a: Reuniclus|27/100
|-damage|p1a: Reuniclus|4/100
|-hitcount|p1a: Reuniclus|2
|move|p1a: Reuniclus|Recover|p1a: Reuniclus
|-heal|p1a: Reuniclus|54/100
|
|-end|p1a: Reuniclus|move: Future Sight
|-resisted|p1a: Reuniclus
|-damage|p1a: Reuniclus|26/100
|upkeep
|turn|28
|
|t:|1758327819
|move|p2a: Iron Crown|Tachyon Cutter|p1a: Reuniclus
|-damage|p1a: Reuniclus|4/100
|-damage|p1a: Reuniclus|0 fnt
|faint|p1a: Reuniclus
|-hitcount|p1: Reuniclus|2
|
|upkeep
|
|t:|1758327823
|switch|p1a: Tornadus|Tornadus-Therian, M|91/100
|-damage|p1a: Tornadus|66/100|[from] Stealth Rock
|turn|29
|
|t:|1758327828
|move|p1a: Tornadus|Knock Off|p2a: Iron Crown
|-supereffective|p2a: Iron Crown
|-damage|p2a: Iron Crown|0 fnt
|faint|p2a: Iron Crown
|-end|p2a: Iron Crown|Quark Drive|[silent]
|-damage|p1a: Tornadus|56/100|[from] item: Life Orb
|
|upkeep
|
|t:|1758327839
|switch|p2a: Landorus|Landorus-Therian, M|77/100
|-damage|p2a: Landorus|65/100|[from] Stealth Rock
|-ability|p2a: Landorus|Intimidate|boost
|-unboost|p1a: Tornadus|atk|1
|turn|30
|
|t:|1758327844
|move|p1a: Tornadus|Nasty Plot|p1a: Tornadus
|-boost|p1a: Tornadus|spa|2
|move|p2a: Landorus|U-turn|p1a: Tornadus
|-resisted|p1a: Tornadus
|-damage|p1a: Tornadus|38/100
|
|t:|1758327848
|switch|p2a: Blaziken|Blaziken, F|68/100|[from] U-turn
|-damage|p2a: Blaziken|56/100|[from] Stealth Rock
|
|upkeep
|turn|31
|
|t:|1758327852
|switch|p1a: Moltres|Moltres|100/100
|move|p2a: Blaziken|Overheat|p1a: Moltres
|-resisted|p1a: Moltres
|-damage|p1a: Moltres|63/100
|-unboost|p2a: Blaziken|spa|2
|
|-ability|p2a: Blaziken|Speed Boost|boost
|-boost|p2a: Blaziken|spe|1
|upkeep
|turn|32
|
|t:|1758327858
|move|p2a: Blaziken|Overheat|p1a: Moltres
|-resisted|p1a: Moltres
|-damage|p1a: Moltres|46/100
|-unboost|p2a: Blaziken|spa|2
|move|p1a: Moltres|Flamethrower|p2a: Blaziken
|-resisted|p2a: Blaziken
|-damage|p2a: Blaziken|14/100
|
|-ability|p2a: Blaziken|Speed Boost|boost
|-boost|p2a: Blaziken|spe|1
|upkeep
|turn|33
|
|t:|1758327862
|move|p2a: Blaziken|Overheat|p1a: Moltres
|-resisted|p1a: Moltres
|-damage|p1a: Moltres|34/100
|-unboost|p2a: Blaziken|spa|2
|move|p1a: Moltres|Roost|p1a: Moltres
|-heal|p1a: Moltres|84/100
|-singleturn|p1a: Moltres|move: Roost
|
|-ability|p2a: Blaziken|Speed Boost|boost
|-boost|p2a: Blaziken|spe|1
|upkeep
|turn|34
|
|t:|1758327869
|move|p2a: Blaziken|Overheat|p1a: Moltres
|-resisted|p1a: Moltres
|-damage|p1a: Moltres|75/100
|move|p1a: Moltres|Roost|p1a: Moltres
|-heal|p1a: Moltres|100/100
|-singleturn|p1a: Moltres|move: Roost
|
|-ability|p2a: Blaziken|Speed Boost|boost
|-boost|p2a: Blaziken|spe|1
|upkeep
|turn|35
|
|t:|1758327874
|move|p2a: Blaziken|Overheat|p1a: Moltres
|-resisted|p1a: Moltres
|-damage|p1a: Moltres|92/100
|move|p1a: Moltres|Roost|p1a: Moltres
|-heal|p1a: Moltres|100/100
|-singleturn|p1a: Moltres|move: Roost
|
|-ability|p2a: Blaziken|Speed Boost|boost
|-boost|p2a: Blaziken|spe|1
|upkeep
|turn|36
|
|t:|1758327882
|move|p2a: Blaziken|Overheat|p1a: Moltres
|-resisted|p1a: Moltres
|-damage|p1a: Moltres|91/100
|move|p1a: Moltres|Roost|p1a: Moltres
|-heal|p1a: Moltres|100/100
|-singleturn|p1a: Moltres|move: Roost
|
|-ability|p2a: Blaziken|Speed Boost|boost
|-boost|p2a: Blaziken|spe|1
|upkeep
|turn|37
|
|t:|1758327902
|move|p2a: Blaziken|Overheat|p1a: Moltres
|-resisted|p1a: Moltres
|-damage|p1a: Moltres|91/100
|move|p1a: Moltres|Roost|p1a: Moltres
|-heal|p1a: Moltres|100/100
|-singleturn|p1a: Moltres|move: Roost
|
|upkeep
|turn|38
|
|t:|1758327907
|move|p2a: Blaziken|Overheat|p1a: Moltres
|-resisted|p1a: Moltres
|-damage|p1a: Moltres|92/100
|move|p1a: Moltres|Roost|p1a: Moltres
|-heal|p1a: Moltres|100/100
|-singleturn|p1a: Moltres|move: Roost
|
|upkeep
|turn|39
|
|t:|1758327911
|switch|p1a: Skarmory|Skarmory, M|33/100
|-damage|p1a: Skarmory|21/100|[from] Stealth Rock
|-activate|p2a: Blaziken|move: Struggle
|move|p2a: Blaziken|Struggle|p1a: Skarmory
|-damage|p1a: Skarmory|13/100
|-damage|p2a: Blaziken|0 fnt|[from] recoil
|faint|p2a: Blaziken
|
|upkeep
|
|t:|1758327915
|switch|p2a: Ninetales|Ninetales-Alola, M|97/100
|-damage|p2a: Ninetales|72/100|[from] Stealth Rock
|-weather|Snowscape|[from] ability: Snow Warning|[of] p2a: Ninetales
|turn|40
|
|t:|1758327924
|move|p2a: Ninetales|Freeze-Dry|p1a: Skarmory
|-crit|p1a: Skarmory
|-damage|p1a: Skarmory|0 fnt
|faint|p1a: Skarmory
|
|-weather|Snowscape|[upkeep]
|upkeep
|
|t:|1758327930
|switch|p1a: Tornadus|Tornadus-Therian, M|71/100
|-damage|p1a: Tornadus|46/100|[from] Stealth Rock
|turn|41
|
|t:|1758327943
|-terastallize|p1a: Tornadus|Steel
|move|p1a: Tornadus|Heat Wave|p2a: Ninetales
|-supereffective|p2a: Ninetales
|-damage|p2a: Ninetales|4/100
|-damage|p1a: Tornadus|37/100|[from] item: Life Orb
|move|p2a: Ninetales|Aurora Veil|p2a: Ninetales
|-sidestart|p2: genuine chef|move: Aurora Veil
|
|-weather|Snowscape|[upkeep]
|upkeep
|turn|42
|
|t:|1758327954
|switch|p1a: Moltres|Moltres|100/100
|move|p2a: Ninetales|Moonblast|p1a: Moltres
|-resisted|p1a: Moltres
|-damage|p1a: Moltres|85/100
|
|-weather|Snowscape|[upkeep]
|upkeep
|turn|43
|
|t:|1758327958
|move|p2a: Ninetales|Freeze-Dry|p1a: Moltres
|-damage|p1a: Moltres|64/100
|move|p1a: Moltres|Roost|p1a: Moltres
|-heal|p1a: Moltres|100/100
|-singleturn|p1a: Moltres|move: Roost
|
|-weather|Snowscape|[upkeep]
|upkeep
|turn|44
|
|t:|1758327967
|switch|p2a: Kyurem|Kyurem|100/100
|-damage|p2a: Kyurem|76/100|[from] Stealth Rock
|-ability|p2a: Kyurem|Pressure
|move|p1a: Moltres|Roost||[still]
|-fail|p1a: Moltres|heal
|
|-weather|none
|upkeep
|turn|45
|
|t:|1758327978
|move|p2a: Kyurem|Dragon Dance|p2a: Kyurem
|-boost|p2a: Kyurem|atk|1
|-boost|p2a: Kyurem|spe|1
|move|p1a: Moltres|Flamethrower|p2a: Kyurem
|-crit|p2a: Kyurem
|-damage|p2a: Kyurem|9/100
|
|-sideend|p2: genuine chef|move: Aurora Veil
|upkeep
|turn|46
|
|t:|1758327990
|-terastallize|p2a: Kyurem|Ground
|move|p2a: Kyurem|Icicle Spear|p1a: Moltres
|-damage|p1a: Moltres|79/100
|-damage|p1a: Moltres|60/100
|-damage|p1a: Moltres|39/100
|-damage|p1a: Moltres|19/100
|-hitcount|p1a: Moltres|4
|move|p1a: Moltres|Flamethrower|p2a: Kyurem
|-damage|p2a: Kyurem|0 fnt
|faint|p2a: Kyurem
|
|upkeep
|
|t:|1758328002
|switch|p2a: Landorus|Landorus-Therian, M|65/100
|-damage|p2a: Landorus|53/100|[from] Stealth Rock
|-ability|p2a: Landorus|Intimidate|boost
|-unboost|p1a: Moltres|atk|1
|turn|47
|
|t:|1758328008
|move|p2a: Landorus|U-turn|p1a: Moltres
|-resisted|p1a: Moltres
|-damage|p1a: Moltres|12/100
|-status|p2a: Landorus|brn|[from] ability: Flame Body|[of] p1a: Moltres
|
|t:|1758328011
|switch|p2a: Ninetales|Ninetales-Alola, M|4/100|[from] U-turn
|-damage|p2a: Ninetales|0 fnt|[from] Stealth Rock
|faint|p2a: Ninetales
|move|p1a: Moltres|Flamethrower|p2: Ninetales|[notarget]
|-fail|p1a: Moltres
|
|upkeep
|
|t:|1758328012
|switch|p2a: Landorus|Landorus-Therian, M|53/100 brn
|-damage|p2a: Landorus|41/100 brn|[from] Stealth Rock
|-ability|p2a: Landorus|Intimidate|boost
|-unboost|p1a: Moltres|atk|1
|turn|48
|
|t:|1758328015
|move|p2a: Landorus|U-turn|p1a: Moltres
|-resisted|p1a: Moltres
|-damage|p1a: Moltres|9/100
|move|p1a: Moltres|Flamethrower|p2a: Landorus
|-damage|p2a: Landorus|0 fnt
|faint|p2a: Landorus
|
|win|Ruby Xoxo
|raw|Ruby Xoxo's rating: 1272 &rarr; <strong>1302</strong><br />(+30 for winning)
|raw|genuine chef's rating: 1337 &rarr; <strong>1313</strong><br />(-24 for losing)
|l|☆genuine chef
|player|p2|
|l|☆Ruby Xoxo
|player|p1|
