|j|☆Ausar48
|j|‽ayerbe
|t:|1758259074
|gametype|singles
|player|p1|Ausar48|ghetsis|1537
|player|p2|ayerbe|blackbelt-gen4dp|1552
|gen|9
|tier|[Gen 9] OU
|rated|
|rule|HP Percentage Mod: HP is shown in percentages
|rule|Endless Battle Clause: Forcing endless battles is banned
|rule|Species Clause: Limit one of each Pokémon
|rule|OHKO Clause: OHKO moves are banned
|rule|Evasion Items Clause: Evasion items are banned
|rule|Evasion Moves Clause: Evasion moves are banned
|rule|Evasion Abilities Clause: Evasion abilities are banned
|rule|Sleep Moves Clause: Sleep-inducing moves are banned
|clearpoke
|poke|p1|Gholdengo|
|poke|p1|Zamazenta-*|
|poke|p1|Ting-Lu|
|poke|p1|Clefable, F|
|poke|p1|Dragonite, M|
|poke|p1|Deoxys-Speed|
|poke|p2|Scizor, M|
|poke|p2|Garganacl, M|
|poke|p2|Great Tusk|
|poke|p2|Raging Bolt|
|poke|p2|Ting-Lu|
|poke|p2|Gholdengo|
|teampreview
|inactive|Battle timer is ON: inactive players will automatically lose when time's up. (requested by ayerbe)
|
|t:|1758259090
|teamsize|p1|6
|teamsize|p2|6
|start
|switch|p1a: Up Bowl On Em|Ting-Lu|100/100
|switch|p2a: Scizor|Scizor, M|100/100
|-ability|p1a: Up Bowl On Em|Vessel of Ruin
|turn|1
|
|t:|1758259095
|switch|p1a: Moonrock 350|Clefable, F|100/100
|move|p2a: Scizor|U-turn|p1a: Moonrock 350
|-resisted|p1a: Moonrock 350
|-damage|p1a: Moonrock 350|86/100
|-damage|p2a: Scizor|84/100|[from] item: Rocky Helmet|[of] p1a: Moonrock 350
|
|t:|1758259099
|switch|p2a: Ting-Lu|Ting-Lu|100/100|[from] U-turn
|-ability|p2a: Ting-Lu|Vessel of Ruin
|
|upkeep
|turn|2
|
|t:|1758259105
|move|p1a: Moonrock 350|Knock Off|p2a: Ting-Lu
|-resisted|p2a: Ting-Lu
|-damage|p2a: Ting-Lu|97/100
|-enditem|p2a: Ting-Lu|Leftovers|[from] move: Knock Off|[of] p1a: Moonrock 350
|move|p2a: Ting-Lu|Stealth Rock|p1a: Moonrock 350
|-sidestart|p1: Ausar48|move: Stealth Rock
|
|upkeep
|turn|3
|
|t:|1758259108
|move|p1a: Moonrock 350|Stealth Rock|p2a: Ting-Lu
|-sidestart|p2: ayerbe|move: Stealth Rock
|move|p2a: Ting-Lu|Spikes|p1a: Moonrock 350
|-sidestart|p1: Ausar48|Spikes
|
|upkeep
|turn|4
|
|t:|1758259112
|move|p1a: Moonrock 350|Moonblast|p2a: Ting-Lu
|-supereffective|p2a: Ting-Lu
|-damage|p2a: Ting-Lu|72/100
|move|p2a: Ting-Lu|Spikes|p1a: Moonrock 350
|-sidestart|p1: Ausar48|Spikes
|
|upkeep
|turn|5
|
|t:|1758259116
|switch|p1a: Up Bowl On Em|Ting-Lu|100/100
|-damage|p1a: Up Bowl On Em|94/100|[from] Stealth Rock
|-damage|p1a: Up Bowl On Em|78/100|[from] Spikes
|-ability|p1a: Up Bowl On Em|Vessel of Ruin
|move|p2a: Ting-Lu|Spikes|p1a: Up Bowl On Em
|-sidestart|p1: Ausar48|Spikes
|
|-heal|p1a: Up Bowl On Em|84/100|[from] item: Leftovers
|upkeep
|turn|6
|
|t:|1758259118
|move|p1a: Up Bowl On Em|Spikes|p2a: Ting-Lu
|-sidestart|p2: ayerbe|Spikes
|move|p2a: Ting-Lu|Whirlwind|p1a: Up Bowl On Em
|drag|p1a: Moonrock 350|Clefable, F|86/100
|
|upkeep
|turn|7
|
|t:|1758259124
|switch|p1a: Up Bowl On Em|Ting-Lu|84/100
|-damage|p1a: Up Bowl On Em|78/100|[from] Stealth Rock
|-damage|p1a: Up Bowl On Em|53/100|[from] Spikes
|-ability|p1a: Up Bowl On Em|Vessel of Ruin
|move|p2a: Ting-Lu|Heavy Slam|p1a: Up Bowl On Em
|-damage|p1a: Up Bowl On Em|47/100
|
|-heal|p1a: Up Bowl On Em|53/100|[from] item: Leftovers
|upkeep
|turn|8
|
|t:|1758259127
|move|p1a: Up Bowl On Em|Spikes|p2a: Ting-Lu
|-sidestart|p2: ayerbe|Spikes
|move|p2a: Ting-Lu|Whirlwind|p1a: Up Bowl On Em
|drag|p1a: Djengo Unrained|Gholdengo|100/100
|
|upkeep
|turn|9
|
|t:|1758259134
|switch|p1a: Up Bowl On Em|Ting-Lu|53/100
|-damage|p1a: Up Bowl On Em|47/100|[from] Stealth Rock
|-damage|p1a: Up Bowl On Em|22/100|[from] Spikes
|-ability|p1a: Up Bowl On Em|Vessel of Ruin
|move|p2a: Ting-Lu|Heavy Slam|p1a: Up Bowl On Em
|-damage|p1a: Up Bowl On Em|16/100
|
|-heal|p1a: Up Bowl On Em|22/100|[from] item: Leftovers
|upkeep
|turn|10
|
|t:|1758259139
|move|p1a: Up Bowl On Em|Spikes|p2a: Ting-Lu
|-sidestart|p2: ayerbe|Spikes
|move|p2a: Ting-Lu|Whirlwind|p1a: Up Bowl On Em
|drag|p1a: Djengo Unrained|Gholdengo|100/100
|
|upkeep
|turn|11
|
|t:|1758259146
|switch|p1a: Up Bowl On Em|Ting-Lu|22/100
|-damage|p1a: Up Bowl On Em|16/100|[from] Stealth Rock
|-damage|p1a: Up Bowl On Em|0 fnt|[from] Spikes
|faint|p1a: Up Bowl On Em
|move|p2a: Ting-Lu|Heavy Slam|p1: Up Bowl On Em|[notarget]
|-fail|p2a: Ting-Lu
|
|upkeep
|
|t:|1758259155
|switch|p1a: CClifford|Zamazenta|100/100
|-ability|p1a: CClifford|Dauntless Shield|boost
|-boost|p1a: CClifford|def|1
|turn|12
|
|t:|1758259160
|move|p1a: CClifford|Close Combat|p2a: Ting-Lu
|-supereffective|p2a: Ting-Lu
|-damage|p2a: Ting-Lu|6/100
|-unboost|p1a: CClifford|def|1
|-unboost|p1a: CClifford|spd|1
|move|p2a: Ting-Lu|Whirlwind|p1a: CClifford
|drag|p1a: Dude Nasty Asf|Deoxys-Speed|100/100
|-ability|p1a: Dude Nasty Asf|Pressure
|
|upkeep
|turn|13
|
|t:|1758259166
|move|p1a: Dude Nasty Asf|Ice Beam|p2a: Ting-Lu
|-supereffective|p2a: Ting-Lu
|-damage|p2a: Ting-Lu|0 fnt
|faint|p2a: Ting-Lu
|
|upkeep
|
|t:|1758259170
|switch|p2a: Gholdengo|Gholdengo|100/100
|-damage|p2a: Gholdengo|94/100|[from] Stealth Rock
|-damage|p2a: Gholdengo|70/100|[from] Spikes
|turn|14
|
|t:|1758259175
|switch|p1a: Secret Service|Dragonite, M|100/100
|move|p2a: Gholdengo|Shadow Ball|p1a: Secret Service
|-damage|p1a: Secret Service|82/100
|-unboost|p1a: Secret Service|spd|1
|
|upkeep
|turn|15
|
|t:|1758259179
|move|p2a: Gholdengo|Shadow Ball|p1a: Secret Service
|-damage|p1a: Secret Service|27/100
|move|p1a: Secret Service|Earthquake|p2a: Gholdengo
|-supereffective|p2a: Gholdengo
|-damage|p2a: Gholdengo|0 fnt
|faint|p2a: Gholdengo
|
|upkeep
|
|t:|1758259182
|switch|p2a: Great Tusk|Great Tusk|100/100
|turn|16
|
|t:|1758259185
|switch|p1a: Djengo Unrained|Gholdengo|100/100
|move|p2a: Great Tusk|Rapid Spin|p1a: Djengo Unrained
|-immune|p1a: Djengo Unrained
|
|upkeep
|turn|17
|
|t:|1758259190
|move|p2a: Great Tusk|Headlong Rush|p1a: Djengo Unrained
|-supereffective|p1a: Djengo Unrained
|-damage|p1a: Djengo Unrained|20/100
|-unboost|p2a: Great Tusk|def|1
|-unboost|p2a: Great Tusk|spd|1
|move|p1a: Djengo Unrained|Make It Rain|p2a: Great Tusk
|-damage|p2a: Great Tusk|0 fnt
|-unboost|p1a: Djengo Unrained|spa|1
|faint|p2a: Great Tusk
|-end|p2a: Great Tusk|Protosynthesis|[silent]
|
|upkeep
|
|t:|1758259197
|switch|p2a: Raging Bolt|Raging Bolt|100/100
|-damage|p2a: Raging Bolt|88/100|[from] Stealth Rock
|-damage|p2a: Raging Bolt|63/100|[from] Spikes
|turn|18
|inactive|Ausar48 has 120 seconds left.
|
|t:|1758259244
|switch|p1a: Dude Nasty Asf|Deoxys-Speed|100/100
|-ability|p1a: Dude Nasty Asf|Pressure
|move|p2a: Raging Bolt|Volt Switch|p1a: Dude Nasty Asf
|-damage|p1a: Dude Nasty Asf|40/100
|
|t:|1758259248
|-end|p2a: Raging Bolt|Protosynthesis|[silent]
|switch|p2a: Scizor|Scizor, M|84/100|[from] Volt Switch
|-damage|p2a: Scizor|72/100|[from] Stealth Rock
|-damage|p2a: Scizor|47/100|[from] Spikes
|
|upkeep
|turn|19
|
|t:|1758259259
|-terastallize|p1a: Dude Nasty Asf|Electric
|move|p2a: Scizor|Bullet Punch|p1a: Dude Nasty Asf
|-resisted|p1a: Dude Nasty Asf
|-damage|p1a: Dude Nasty Asf|14/100
|move|p1a: Dude Nasty Asf|Thunderbolt|p2a: Scizor
|-damage|p2a: Scizor|0 fnt
|faint|p2a: Scizor
|
|upkeep
|
|t:|1758259263
|switch|p2a: Raging Bolt|Raging Bolt|63/100
|-damage|p2a: Raging Bolt|51/100|[from] Stealth Rock
|-damage|p2a: Raging Bolt|26/100|[from] Spikes
|turn|20
|
|t:|1758259267
|move|p1a: Dude Nasty Asf|Nasty Plot|p1a: Dude Nasty Asf
|-boost|p1a: Dude Nasty Asf|spa|2
|move|p2a: Raging Bolt|Dragon Pulse|p1a: Dude Nasty Asf
|-damage|p1a: Dude Nasty Asf|0 fnt
|faint|p1a: Dude Nasty Asf
|
|upkeep
|
|t:|1758259271
|switch|p1a: Secret Service|Dragonite, M|27/100
|turn|21
|
|t:|1758259274
|move|p1a: Secret Service|Extreme Speed|p2a: Raging Bolt
|-damage|p2a: Raging Bolt|0 fnt
|faint|p2a: Raging Bolt
|-end|p2a: Raging Bolt|Protosynthesis|[silent]
|
|upkeep
|
|t:|1758259275
|switch|p2a: Garganacl|Garganacl, M|100/100
|-damage|p2a: Garganacl|88/100|[from] Stealth Rock
|-damage|p2a: Garganacl|63/100|[from] Spikes
|turn|22
|
|t:|1758259281
|move|p1a: Secret Service|Earthquake|p2a: Garganacl
|-supereffective|p2a: Garganacl
|-damage|p2a: Garganacl|22/100
|move|p2a: Garganacl|Curse|p2a: Garganacl
|-unboost|p2a: Garganacl|spe|1
|-boost|p2a: Garganacl|atk|1
|-boost|p2a: Garganacl|def|1
|
|-heal|p2a: Garganacl|28/100|[from] item: Leftovers
|upkeep
|turn|23
|
|t:|1758259286
|-terastallize|p2a: Garganacl|Ghost
|move|p1a: Secret Service|Earthquake|p2a: Garganacl
|-crit|p2a: Garganacl
|-damage|p2a: Garganacl|0 fnt
|faint|p2a: Garganacl
|
|win|Ausar48
|raw|Ausar48's rating: 1537 &rarr; <strong>1558</strong><br />(+21 for winning)
|raw|ayerbe's rating: 1552 &rarr; <strong>1531</strong><br />(-21 for losing)
|l|‽ayerbe
|player|p2|
|l|☆Ausar48
|player|p1|
