|j|☆256roy
|j|☆MyXoo
|t:|1758319230
|gametype|singles
|player|p1|256roy|dancer|1310
|player|p2|MyXoo|bea|1374
|gen|9
|tier|[Gen 9] OU
|rated|
|rule|HP Percentage Mod: HP is shown in percentages
|rule|Endless Battle Clause: Forcing endless battles is banned
|rule|Species Clause: Limit one of each Pokémon
|rule|OHKO Clause: OHKO moves are banned
|rule|Evasion Items Clause: Evasion items are banned
|rule|Evasion Moves Clause: Evasion moves are banned
|rule|Evasion Abilities Clause: Evasion abilities are banned
|rule|Sleep Moves Clause: Sleep-inducing moves are banned
|clearpoke
|poke|p1|Samurott-Hisui, M|
|poke|p1|Great Tusk|
|poke|p1|Volcanion|
|poke|p1|Hydrapple, M|
|poke|p1|Gholdengo|
|poke|p1|Landorus-Therian, M|
|poke|p2|Samurott-Hisui, M|
|poke|p2|Scizor, M|
|poke|p2|Dragapult, M|
|poke|p2|Kingambit, M|
|poke|p2|Landorus-Therian, M|
|poke|p2|Iron Valiant|
|teampreview
|
|t:|1758319247
|teamsize|p1|6
|teamsize|p2|6
|start
|switch|p1a: erfqwek|Landorus-Therian, M|100/100
|switch|p2a: Samurott|Samurott-Hisui, M|100/100
|-ability|p1a: erfqwek|Intimidate|boost
|-unboost|p2a: Samurott|atk|1
|turn|1
|
|t:|1758319253
|move|p1a: erfqwek|U-turn|p2a: Samurott
|-supereffective|p2a: Samurott
|-damage|p2a: Samurott|29/100
|
|t:|1758319263
|switch|p1a: King Tusk|Great Tusk|100/100|[from] U-turn
|move|p2a: Samurott|Razor Shell|p1a: King Tusk
|-supereffective|p1a: King Tusk
|-damage|p1a: King Tusk|49/100
|
|upkeep
|turn|2
|
|t:|1758319279
|move|p2a: Samurott|Sucker Punch||[still]
|-fail|p2a: Samurott
|move|p1a: King Tusk|Stealth Rock|p2a: Samurott
|-sidestart|p2: MyXoo|move: Stealth Rock
|
|upkeep
|turn|3
|
|t:|1758319293
|-end|p1a: King Tusk|Protosynthesis|[silent]
|switch|p1a: i cooka da pasta|Volcanion|100/100
|move|p2a: Samurott|Razor Shell|p1a: i cooka da pasta
|-immune|p1a: i cooka da pasta|[from] ability: Water Absorb
|
|upkeep
|turn|4
|
|t:|1758319303
|move|p2a: Samurott|Ceaseless Edge|p1a: i cooka da pasta
|-crit|p1a: i cooka da pasta
|-damage|p1a: i cooka da pasta|43/100
|-sidestart|p1: 256roy|Spikes
|move|p1a: i cooka da pasta|Will-O-Wisp|p2a: Samurott
|-status|p2a: Samurott|brn
|
|-damage|p2a: Samurott|23/100 brn|[from] brn
|upkeep
|turn|5
|
|t:|1758319313
|move|p2a: Samurott|Ceaseless Edge|p1a: i cooka da pasta
|-damage|p1a: i cooka da pasta|31/100
|-sidestart|p1: 256roy|Spikes
|move|p1a: i cooka da pasta|Flamethrower|p2a: Samurott
|-resisted|p2a: Samurott
|-damage|p2a: Samurott|0 fnt
|faint|p2a: Samurott
|
|upkeep
|
|t:|1758319331
|switch|p2a: Dragapult|Dragapult, M|100/100
|-damage|p2a: Dragapult|88/100|[from] Stealth Rock
|turn|6
|
|t:|1758319341
|switch|p1a: kabob|Samurott-Hisui, M|100/100
|-damage|p1a: kabob|84/100|[from] Spikes
|move|p2a: Dragapult|Draco Meteor|p1a: kabob
|-damage|p1a: kabob|13/100
|-unboost|p2a: Dragapult|spa|2
|
|upkeep
|turn|7
|
|t:|1758319357
|move|p1a: kabob|Sucker Punch|p2a: Dragapult
|-supereffective|p2a: Dragapult
|-damage|p2a: Dragapult|1/100
|move|p2a: Dragapult|Draco Meteor|p1a: kabob
|-damage|p1a: kabob|0 fnt
|-unboost|p2a: Dragapult|spa|2
|faint|p1a: kabob
|
|upkeep
|
|t:|1758319365
|switch|p1a: erfqwek|Landorus-Therian, M|100/100
|-ability|p1a: erfqwek|Intimidate|boost
|-unboost|p2a: Dragapult|atk|1
|turn|8
|
|t:|1758319370
|move|p1a: erfqwek|U-turn|p2a: Dragapult
|-resisted|p2a: Dragapult
|-damage|p2a: Dragapult|0 fnt
|faint|p2a: Dragapult
|
|t:|1758319373
|switch|p1a: King Tusk|Great Tusk|49/100|[from] U-turn
|
|upkeep
|
|t:|1758319383
|switch|p2a: Iron Valiant|Iron Valiant|100/100
|-damage|p2a: Iron Valiant|94/100|[from] Stealth Rock
|-enditem|p2a: Iron Valiant|Booster Energy
|-activate|p2a: Iron Valiant|ability: Quark Drive|[fromitem]
|-start|p2a: Iron Valiant|quarkdrivespe
|turn|9
|
|t:|1758319421
|-end|p1a: King Tusk|Protosynthesis|[silent]
|switch|p1a: yeehaw|Gholdengo|100/100
|-item|p1a: yeehaw|Air Balloon
|move|p2a: Iron Valiant|Moonblast|p1a: yeehaw
|-resisted|p1a: yeehaw
|-damage|p1a: yeehaw|78/100
|-enditem|p1a: yeehaw|Air Balloon
|
|upkeep
|turn|10
|
|t:|1758319437
|-end|p2a: Iron Valiant|Quark Drive|[silent]
|switch|p2a: Kingambit|Kingambit, M|100/100
|-damage|p2a: Kingambit|94/100|[from] Stealth Rock
|-activate|p2a: Kingambit|ability: Supreme Overlord
|-start|p2a: Kingambit|fallen2|[silent]
|move|p1a: yeehaw|Shadow Ball|p2a: Kingambit
|-resisted|p2a: Kingambit
|-damage|p2a: Kingambit|75/100
|
|-heal|p2a: Kingambit|81/100|[from] item: Leftovers
|upkeep
|turn|11
|
|t:|1758319449
|switch|p1a: King Tusk|Great Tusk|49/100
|move|p2a: Kingambit|Swords Dance|p2a: Kingambit
|-boost|p2a: Kingambit|atk|2
|
|-heal|p2a: Kingambit|87/100|[from] item: Leftovers
|upkeep
|turn|12
|
|t:|1758319473
|-end|p2a: Kingambit|fallen2|[silent]
|switch|p2a: Landorus|Landorus-Therian, M|100/100
|-damage|p2a: Landorus|88/100|[from] Stealth Rock
|-ability|p2a: Landorus|Intimidate|boost
|-unboost|p1a: King Tusk|atk|1
|-terastallize|p1a: King Tusk|Fairy
|move|p1a: King Tusk|Headlong Rush|p2a: Landorus
|-immune|p2a: Landorus
|
|upkeep
|turn|13
|
|t:|1758319491
|move|p2a: Landorus|Stone Edge|p1a: King Tusk
|-damage|p1a: King Tusk|21/100
|move|p1a: King Tusk|Ice Spinner|p2a: Landorus
|-supereffective|p2a: Landorus
|-damage|p2a: Landorus|6/100
|
|upkeep
|turn|14
|
|t:|1758319517
|-end|p1a: King Tusk|Protosynthesis|[silent]
|switch|p1a: Fickle my pickle|Hydrapple, M|100/100
|-damage|p1a: Fickle my pickle|84/100|[from] Spikes
|move|p2a: Landorus|Stone Edge|p1a: Fickle my pickle|[miss]
|-miss|p2a: Landorus|p1a: Fickle my pickle
|
|upkeep
|turn|15
|
|t:|1758319540
|switch|p2a: Iron Valiant|Iron Valiant|94/100
|-damage|p2a: Iron Valiant|88/100|[from] Stealth Rock
|switch|p1a: erfqwek|Landorus-Therian, M|100/100
|-ability|p1a: erfqwek|Intimidate|boost
|-unboost|p2a: Iron Valiant|atk|1
|
|upkeep
|turn|16
|
|t:|1758319557
|move|p1a: erfqwek|Earthquake|p2a: Iron Valiant
|-damage|p2a: Iron Valiant|21/100
|move|p2a: Iron Valiant|Moonblast|p1a: erfqwek
|-damage|p1a: erfqwek|45/100
|
|upkeep
|turn|17
|
|t:|1758319572
|-end|p2a: Iron Valiant|Quark Drive|[silent]
|switch|p2a: Landorus|Landorus-Therian, M|6/100
|-damage|p2a: Landorus|0 fnt|[from] Stealth Rock
|faint|p2a: Landorus
|move|p1a: erfqwek|Earthquake|p2: Landorus|[notarget]
|-fail|p1a: erfqwek
|
|upkeep
|
|t:|1758319579
|switch|p2a: Scizor|Scizor, M|100/100
|-damage|p2a: Scizor|88/100|[from] Stealth Rock
|turn|18
|
|t:|1758319598
|switch|p1a: i cooka da pasta|Volcanion|31/100
|move|p2a: Scizor|Bullet Punch|p1a: i cooka da pasta
|-resisted|p1a: i cooka da pasta
|-damage|p1a: i cooka da pasta|23/100
|-damage|p2a: Scizor|78/100|[from] item: Life Orb
|
|upkeep
|turn|19
|
|t:|1758319625
|move|p2a: Scizor|Bullet Punch|p1a: i cooka da pasta
|-resisted|p1a: i cooka da pasta
|-damage|p1a: i cooka da pasta|14/100
|-damage|p2a: Scizor|68/100|[from] item: Life Orb
|move|p1a: i cooka da pasta|Flamethrower|p2a: Scizor
|-supereffective|p2a: Scizor
|-crit|p2a: Scizor
|-damage|p2a: Scizor|0 fnt
|faint|p2a: Scizor
|
|upkeep
|
|t:|1758319643
|switch|p2a: Iron Valiant|Iron Valiant|21/100
|-damage|p2a: Iron Valiant|14/100|[from] Stealth Rock
|turn|20
|
|t:|1758319679
|switch|p1a: erfqwek|Landorus-Therian, M|45/100
|-ability|p1a: erfqwek|Intimidate|boost
|-unboost|p2a: Iron Valiant|atk|1
|move|p2a: Iron Valiant|Moonblast|p1a: erfqwek
|-damage|p1a: erfqwek|0 fnt
|faint|p1a: erfqwek
|
|upkeep
|
|t:|1758319686
|switch|p1a: yeehaw|Gholdengo|78/100
|-damage|p1a: yeehaw|62/100|[from] Spikes
|turn|21
|
|t:|1758319706
|-end|p2a: Iron Valiant|Quark Drive|[silent]
|switch|p2a: Kingambit|Kingambit, M|87/100
|-damage|p2a: Kingambit|81/100|[from] Stealth Rock
|-activate|p2a: Kingambit|ability: Supreme Overlord
|-start|p2a: Kingambit|fallen4|[silent]
|move|p1a: yeehaw|Shadow Ball|p2a: Kingambit
|-resisted|p2a: Kingambit
|-damage|p2a: Kingambit|62/100
|
|-heal|p2a: Kingambit|68/100|[from] item: Leftovers
|upkeep
|turn|22
|
|t:|1758319726
|switch|p1a: King Tusk|Great Tusk, tera:Fairy|21/100
|move|p2a: Kingambit|Kowtow Cleave|p1a: King Tusk
|-resisted|p1a: King Tusk
|-damage|p1a: King Tusk|0 fnt
|faint|p1a: King Tusk
|-end|p1a: King Tusk|Protosynthesis|[silent]
|
|-heal|p2a: Kingambit|74/100|[from] item: Leftovers
|upkeep
|
|t:|1758319733
|switch|p1a: i cooka da pasta|Volcanion|14/100
|turn|23
|
|t:|1758319739
|move|p2a: Kingambit|Sucker Punch|p1a: i cooka da pasta
|-damage|p1a: i cooka da pasta|0 fnt
|faint|p1a: i cooka da pasta
|
|-heal|p2a: Kingambit|80/100|[from] item: Leftovers
|upkeep
|
|t:|1758319746
|switch|p1a: Fickle my pickle|Hydrapple, M|100/100
|-damage|p1a: Fickle my pickle|84/100|[from] Spikes
|turn|24
|
|t:|1758319788
|move|p2a: Kingambit|Kowtow Cleave|p1a: Fickle my pickle
|-damage|p1a: Fickle my pickle|42/100
|-damage|p2a: Kingambit|64/100|[from] item: Rocky Helmet|[of] p1a: Fickle my pickle
|move|p1a: Fickle my pickle|Nasty Plot|p1a: Fickle my pickle
|-boost|p1a: Fickle my pickle|spa|2
|
|-heal|p2a: Kingambit|70/100|[from] item: Leftovers
|upkeep
|turn|25
|
|t:|1758319806
|switch|p1a: yeehaw|Gholdengo|62/100
|-damage|p1a: yeehaw|45/100|[from] Spikes
|move|p2a: Kingambit|Kowtow Cleave|p1a: yeehaw
|-supereffective|p1a: yeehaw
|-damage|p1a: yeehaw|0 fnt
|faint|p1a: yeehaw
|
|-heal|p2a: Kingambit|76/100|[from] item: Leftovers
|upkeep
|
|t:|1758319812
|switch|p1a: Fickle my pickle|Hydrapple, M|76/100
|-damage|p1a: Fickle my pickle|59/100|[from] Spikes
|turn|26
|
|t:|1758319825
|-terastallize|p2a: Kingambit|Fairy
|move|p2a: Kingambit|Tera Blast|p1a: Fickle my pickle|[anim] Tera Blast Fairy
|-supereffective|p1a: Fickle my pickle
|-damage|p1a: Fickle my pickle|0 fnt
|faint|p1a: Fickle my pickle
|
|win|MyXoo
|raw|256roy's rating: 1310 &rarr; <strong>1294</strong><br />(-16 for losing)
|raw|MyXoo's rating: 1374 &rarr; <strong>1390</strong><br />(+16 for winning)
