|j|☆eeabdall
|j|☆WaterTemples
|t:|1758239318
|gametype|singles
|player|p1|eeabdall|102|1044
|player|p2|WaterTemples|youngster-gen4dp|1079
|gen|9
|tier|[Gen 9] OU
|rated|
|rule|HP Percentage Mod: HP is shown in percentages
|rule|Endless Battle Clause: Forcing endless battles is banned
|rule|Species Clause: Limit one of each Pokémon
|rule|OHKO Clause: OHKO moves are banned
|rule|Evasion Items Clause: Evasion items are banned
|rule|Evasion Moves Clause: Evasion moves are banned
|rule|Evasion Abilities Clause: Evasion abilities are banned
|rule|Sleep Moves Clause: Sleep-inducing moves are banned
|clearpoke
|poke|p1|Delphox, F|
|poke|p1|Florges, F|
|poke|p1|Hatterene, F|
|poke|p1|Haxorus, M|
|poke|p1|Skarmory, F|
|poke|p1|Mightyena, M|
|poke|p2|Zapdos|
|poke|p2|Slowking-Galar, F|
|poke|p2|Jirachi|
|poke|p2|Landorus-Therian, M|
|poke|p2|Alomomola, F|
|poke|p2|Kingambit, F|
|teampreview
|inactive|Battle timer is ON: inactive players will automatically lose when time's up. (requested by eeabdall)
|
|t:|1758239332
|teamsize|p1|6
|teamsize|p2|6
|start
|switch|p1a: Hatterene|Hatterene, F|100/100
|switch|p2a: Landorus|Landorus-Therian, M|100/100
|-ability|p2a: Landorus|Intimidate|boost
|-unboost|p1a: Hatterene|atk|1
|turn|1
|
|t:|1758239341
|switch|p2a: Slowking|Slowking-Galar, F|100/100
|move|p1a: Hatterene|Dazzling Gleam|p2a: Slowking
|-resisted|p2a: Slowking
|-damage|p2a: Slowking|84/100
|-damage|p1a: Hatterene|91/100|[from] item: Life Orb
|
|upkeep
|turn|2
|
|t:|1758239348
|move|p1a: Hatterene|Shadow Ball|p2a: Slowking
|-supereffective|p2a: Slowking
|-crit|p2a: Slowking
|-damage|p2a: Slowking|15/100
|-damage|p1a: Hatterene|81/100|[from] item: Life Orb
|move|p2a: Slowking|Future Sight|p1a: Hatterene
|-start|p2a: Slowking|move: Future Sight
|
|upkeep
|turn|3
|
|t:|1758239354
|switch|p2a: Alomomola|Alomomola, F|100/100
|move|p1a: Hatterene|Shadow Ball|p2a: Alomomola
|-damage|p2a: Alomomola|55/100
|-damage|p1a: Hatterene|71/100|[from] item: Life Orb
|
|upkeep
|turn|4
|
|t:|1758239366
|switch|p2a: Jirachi|Jirachi|100/100
|switch|p1a: Florges|Florges, F|100/100
|
|-end|p1a: Florges|move: Future Sight
|-damage|p1a: Florges|69/100
|-heal|p1a: Florges|75/100|[from] item: Leftovers
|upkeep
|turn|5
|
|t:|1758239375
|move|p2a: Jirachi|Substitute|p2a: Jirachi
|-start|p2a: Jirachi|Substitute
|-damage|p2a: Jirachi|76/100
|move|p1a: Florges|Calm Mind|p1a: Florges
|-boost|p1a: Florges|spa|1
|-boost|p1a: Florges|spd|1
|
|-heal|p2a: Jirachi|82/100|[from] item: Leftovers
|-heal|p1a: Florges|81/100|[from] item: Leftovers
|upkeep
|turn|6
|
|t:|1758239382
|move|p2a: Jirachi|Iron Head|p1a: Florges
|-supereffective|p1a: Florges
|-damage|p1a: Florges|29/100
|move|p1a: Florges|Calm Mind|p1a: Florges
|-boost|p1a: Florges|spa|1
|-boost|p1a: Florges|spd|1
|
|-heal|p2a: Jirachi|88/100|[from] item: Leftovers
|-heal|p1a: Florges|35/100|[from] item: Leftovers
|upkeep
|turn|7
|
|t:|1758239392
|move|p2a: Jirachi|Iron Head|p1a: Florges
|-supereffective|p1a: Florges
|-damage|p1a: Florges|0 fnt
|faint|p1a: Florges
|
|-heal|p2a: Jirachi|94/100|[from] item: Leftovers
|upkeep
|
|t:|1758239398
|switch|p1a: Delphox|Delphox, F|100/100
|turn|8
|
|t:|1758239403
|move|p2a: Jirachi|Body Slam|p1a: Delphox
|-damage|p1a: Delphox|71/100
|-status|p1a: Delphox|par
|move|p1a: Delphox|Mystical Fire|p2a: Jirachi
|-supereffective|p2a: Jirachi
|-end|p2a: Jirachi|Substitute
|
|-heal|p2a: Jirachi|100/100|[from] item: Leftovers
|upkeep
|turn|9
|
|t:|1758239414
|move|p2a: Jirachi|Substitute|p2a: Jirachi
|-start|p2a: Jirachi|Substitute
|-damage|p2a: Jirachi|76/100
|move|p1a: Delphox|Shadow Ball|p2a: Jirachi
|-supereffective|p2a: Jirachi
|-end|p2a: Jirachi|Substitute
|
|-heal|p2a: Jirachi|82/100|[from] item: Leftovers
|upkeep
|turn|10
|
|t:|1758239422
|switch|p2a: Alomomola|Alomomola, F|89/100
|move|p1a: Delphox|Shadow Ball|p2a: Alomomola
|-damage|p2a: Alomomola|57/100
|
|upkeep
|turn|11
|
|t:|1758239428
|move|p1a: Delphox|Psychic|p2a: Alomomola
|-damage|p2a: Alomomola|10/100
|move|p2a: Alomomola|Flip Turn|p1a: Delphox
|-supereffective|p1a: Delphox
|-damage|p1a: Delphox|22/100 par
|
|t:|1758239433
|switch|p2a: Jirachi|Jirachi|82/100|[from] Flip Turn
|
|-heal|p2a: Jirachi|88/100|[from] item: Leftovers
|upkeep
|turn|12
|
|t:|1758239439
|move|p2a: Jirachi|Substitute|p2a: Jirachi
|-start|p2a: Jirachi|Substitute
|-damage|p2a: Jirachi|63/100
|cant|p1a: Delphox|par
|
|-heal|p2a: Jirachi|69/100|[from] item: Leftovers
|upkeep
|turn|13
|
|t:|1758239445
|move|p2a: Jirachi|Body Slam|p1a: Delphox
|-damage|p1a: Delphox|0 fnt
|faint|p1a: Delphox
|
|-heal|p2a: Jirachi|76/100|[from] item: Leftovers
|upkeep
|
|t:|1758239452
|switch|p1a: Mightyena|Mightyena, M|100/100
|-ability|p1a: Mightyena|Intimidate|boost
|-immune|p2a: Jirachi
|turn|14
|
|t:|1758239458
|-terastallize|p1a: Mightyena|Dark
|move|p2a: Jirachi|Body Slam|p1a: Mightyena
|-damage|p1a: Mightyena|67/100
|-status|p1a: Mightyena|par
|move|p1a: Mightyena|Crunch|p2a: Jirachi
|-supereffective|p2a: Jirachi
|-end|p2a: Jirachi|Substitute
|
|-heal|p2a: Jirachi|82/100|[from] item: Leftovers
|upkeep
|turn|15
|
|t:|1758239469
|move|p2a: Jirachi|Substitute|p2a: Jirachi
|-start|p2a: Jirachi|Substitute
|-damage|p2a: Jirachi|57/100
|move|p1a: Mightyena|Crunch|p2a: Jirachi
|-supereffective|p2a: Jirachi
|-end|p2a: Jirachi|Substitute
|
|-heal|p2a: Jirachi|63/100|[from] item: Leftovers
|upkeep
|turn|16
|
|t:|1758239476
|switch|p2a: Landorus|Landorus-Therian, M|100/100
|-ability|p2a: Landorus|Intimidate|boost
|-unboost|p1a: Mightyena|atk|1
|move|p1a: Mightyena|Crunch|p2a: Landorus
|-damage|p2a: Landorus|54/100
|
|upkeep
|turn|17
|
|t:|1758239483
|switch|p1a: Skarmory|Skarmory, F|100/100
|move|p2a: Landorus|U-turn|p1a: Skarmory
|-resisted|p1a: Skarmory
|-damage|p1a: Skarmory|96/100
|
|t:|1758239493
|switch|p2a: Zapdos|Zapdos|100/100|[from] U-turn
|
|-heal|p1a: Skarmory|100/100|[from] item: Leftovers
|upkeep
|turn|18
|
|t:|1758239501
|move|p2a: Zapdos|Substitute|p2a: Zapdos
|-start|p2a: Zapdos|Substitute
|-damage|p2a: Zapdos|76/100
|move|p1a: Skarmory|Brave Bird|p2a: Zapdos
|-resisted|p2a: Zapdos
|-activate|p2a: Zapdos|move: Substitute|[damage]
|-damage|p1a: Skarmory|92/100|[from] Recoil|[of] p2a: Zapdos
|
|-heal|p1a: Skarmory|99/100|[from] item: Leftovers
|upkeep
|turn|19
|
|t:|1758239513
|switch|p1a: Haxorus|Haxorus, M|100/100
|-ability|p1a: Haxorus|Mold Breaker
|move|p2a: Zapdos|Discharge|p1a: Haxorus
|-resisted|p1a: Haxorus
|-damage|p1a: Haxorus|78/100
|
|upkeep
|turn|20
|
|t:|1758239520
|move|p1a: Haxorus|Dragon Dance|p1a: Haxorus
|-boost|p1a: Haxorus|atk|1
|-boost|p1a: Haxorus|spe|1
|move|p2a: Zapdos|Hurricane|p1a: Haxorus|[miss]
|-miss|p2a: Zapdos|p1a: Haxorus
|
|upkeep
|turn|21
|
|t:|1758239528
|move|p1a: Haxorus|Dragon Dance|p1a: Haxorus
|-boost|p1a: Haxorus|atk|1
|-boost|p1a: Haxorus|spe|1
|move|p2a: Zapdos|Hurricane|p1a: Haxorus
|-damage|p1a: Haxorus|14/100
|
|upkeep
|turn|22
|
|t:|1758239535
|-terastallize|p2a: Zapdos|Steel
|move|p1a: Haxorus|Dragon Claw|p2a: Zapdos
|-resisted|p2a: Zapdos
|-crit|p2a: Zapdos
|-end|p2a: Zapdos|Substitute
|move|p2a: Zapdos|Discharge|p1a: Haxorus
|-resisted|p1a: Haxorus
|-damage|p1a: Haxorus|0 fnt
|faint|p1a: Haxorus
|
|upkeep
|
|t:|1758239545
|switch|p1a: Hatterene|Hatterene, F|71/100
|turn|23
|
|t:|1758239557
|switch|p2a: Landorus|Landorus-Therian, M|54/100
|-ability|p2a: Landorus|Intimidate|boost
|-unboost|p1a: Hatterene|atk|1
|move|p1a: Hatterene|Dark Pulse|p2a: Landorus
|-damage|p2a: Landorus|10/100
|-damage|p1a: Hatterene|62/100|[from] item: Life Orb
|
|upkeep
|turn|24
|
|t:|1758239565
|move|p2a: Landorus|Fling|p1a: Hatterene
|-damage|p1a: Hatterene|51/100
|-status|p1a: Hatterene|par
|-enditem|p2a: Landorus|Light Ball|[from] move: Fling
|cant|p1a: Hatterene|par
|
|upkeep
|turn|25
|
|t:|1758239571
|move|p2a: Landorus|Earth Power|p1a: Hatterene
|-damage|p1a: Hatterene|19/100 par
|cant|p1a: Hatterene|par
|
|upkeep
|turn|26
|
|t:|1758239576
|move|p2a: Landorus|Earth Power|p1a: Hatterene
|-damage|p1a: Hatterene|0 fnt
|faint|p1a: Hatterene
|
|upkeep
|
|t:|1758239580
|switch|p1a: Skarmory|Skarmory, F|99/100
|turn|27
|
|t:|1758239584
|move|p2a: Landorus|Stealth Rock|p1a: Skarmory
|-sidestart|p1: eeabdall|move: Stealth Rock
|move|p1a: Skarmory|Brave Bird|p2a: Landorus
|-damage|p2a: Landorus|0 fnt
|faint|p2a: Landorus
|-damage|p1a: Skarmory|94/100|[from] Recoil
|
|-heal|p1a: Skarmory|100/100|[from] item: Leftovers
|upkeep
|
|t:|1758239587
|switch|p2a: Zapdos|Zapdos, tera:Steel|76/100
|turn|28
|
|t:|1758239595
|move|p2a: Zapdos|Substitute|p2a: Zapdos
|-start|p2a: Zapdos|Substitute
|-damage|p2a: Zapdos|51/100
|move|p1a: Skarmory|Brave Bird|p2a: Zapdos
|-resisted|p2a: Zapdos
|-activate|p2a: Zapdos|move: Substitute|[damage]
|-damage|p1a: Skarmory|93/100|[from] Recoil|[of] p2a: Zapdos
|
|-heal|p1a: Skarmory|99/100|[from] item: Leftovers
|upkeep
|turn|29
|
|t:|1758239604
|move|p2a: Zapdos|Discharge|p1a: Skarmory
|-supereffective|p1a: Skarmory
|-damage|p1a: Skarmory|23/100
|-status|p1a: Skarmory|par
|move|p1a: Skarmory|Brave Bird|p2a: Zapdos
|-resisted|p2a: Zapdos
|-end|p2a: Zapdos|Substitute
|-damage|p1a: Skarmory|19/100 par|[from] Recoil|[of] p2a: Zapdos
|
|-heal|p1a: Skarmory|25/100 par|[from] item: Leftovers
|upkeep
|turn|30
|
|t:|1758239614
|move|p2a: Zapdos|Substitute|p2a: Zapdos
|-start|p2a: Zapdos|Substitute
|-damage|p2a: Zapdos|26/100
|move|p1a: Skarmory|Roost|p1a: Skarmory
|-heal|p1a: Skarmory|75/100 par
|-singleturn|p1a: Skarmory|move: Roost
|
|-heal|p1a: Skarmory|82/100 par|[from] item: Leftovers
|upkeep
|turn|31
|
|t:|1758239630
|move|p2a: Zapdos|Roost|p2a: Zapdos
|-heal|p2a: Zapdos|76/100
|move|p1a: Skarmory|Brave Bird|p2a: Zapdos
|-resisted|p2a: Zapdos
|-activate|p2a: Zapdos|move: Substitute|[damage]
|-damage|p1a: Skarmory|73/100 par|[from] Recoil|[of] p2a: Zapdos
|
|-heal|p1a: Skarmory|79/100 par|[from] item: Leftovers
|upkeep
|turn|32
|
|t:|1758239642
|move|p2a: Zapdos|Discharge|p1a: Skarmory
|-supereffective|p1a: Skarmory
|-damage|p1a: Skarmory|2/100 par
|move|p1a: Skarmory|Brave Bird|p2a: Zapdos
|-resisted|p2a: Zapdos
|-end|p2a: Zapdos|Substitute
|-damage|p1a: Skarmory|0 fnt|[from] Recoil|[of] p2a: Zapdos
|faint|p1a: Skarmory
|
|upkeep
|
|t:|1758239651
|switch|p1a: Mightyena|Mightyena, M, tera:Dark|67/100 par
|-damage|p1a: Mightyena|55/100 par|[from] Stealth Rock
|-ability|p1a: Mightyena|Intimidate|boost
|-unboost|p2a: Zapdos|atk|1
|turn|33
|
|t:|1758239656
|move|p2a: Zapdos|Substitute|p2a: Zapdos
|-start|p2a: Zapdos|Substitute
|-damage|p2a: Zapdos|51/100
|move|p1a: Mightyena|Fire Fang|p2a: Zapdos
|-supereffective|p2a: Zapdos
|-end|p2a: Zapdos|Substitute
|
|upkeep
|turn|34
|
|t:|1758239662
|move|p2a: Zapdos|Discharge|p1a: Mightyena
|-damage|p1a: Mightyena|0 fnt
|faint|p1a: Mightyena
|
|win|WaterTemples
|raw|eeabdall's rating: 1044 &rarr; <strong>1029</strong><br />(-15 for losing)
|raw|WaterTemples's rating: 1079 &rarr; <strong>1104</strong><br />(+25 for winning)
|l|☆eeabdall
|player|p1|
