|j|☆axunyu
|j|☆averystonefan
|t:|1758255634
|gametype|singles
|player|p1|axunyu|169|1374
|player|p2|averystonefan|caitlin|1319
|gen|9
|tier|[Gen 9] OU
|rated|
|rule|HP Percentage Mod: HP is shown in percentages
|rule|Endless Battle Clause: Forcing endless battles is banned
|rule|Species Clause: Limit one of each Pokémon
|rule|OHKO Clause: OHKO moves are banned
|rule|Evasion Items Clause: Evasion items are banned
|rule|Evasion Moves Clause: Evasion moves are banned
|rule|Evasion Abilities Clause: Evasion abilities are banned
|rule|Sleep Moves Clause: Sleep-inducing moves are banned
|clearpoke
|poke|p1|Gallade, M|
|poke|p1|Landorus-Therian, M|
|poke|p1|Zamazenta-*|
|poke|p1|Gholdengo|
|poke|p1|Raging Bolt|
|poke|p1|Weezing-Galar, F|
|poke|p2|Toxapex, M|
|poke|p2|Blissey, F|
|poke|p2|Tornadus-Therian, M|
|poke|p2|Corviknight, F|
|poke|p2|Ting-Lu|
|poke|p2|Skeledirge, M|
|teampreview
|inactive|Battle timer is ON: inactive players will automatically lose when time's up. (requested by axunyu)
|
|t:|1758255661
|teamsize|p1|6
|teamsize|p2|6
|start
|switch|p1a: 中转|Landorus-Therian, M|100/100
|switch|p2a: Tornadus|Tornadus-Therian, M, shiny|100/100
|-ability|p1a: 中转|Intimidate|boost
|-unboost|p2a: Tornadus|atk|1
|turn|1
|
|t:|1758255669
|move|p2a: Tornadus|Taunt|p1a: 中转
|-start|p1a: 中转|move: Taunt
|cant|p1a: 中转|move: Taunt|Stealth Rock
|
|upkeep
|turn|2
|
|t:|1758255676
|switch|p1a: 长颈鹿|Raging Bolt|100/100
|move|p2a: Tornadus|Hurricane|p1a: 长颈鹿|[miss]
|-miss|p2a: Tornadus|p1a: 长颈鹿
|
|upkeep
|turn|3
|
|t:|1758255684
|switch|p2a: Ting-Lu|Ting-Lu|100/100
|-ability|p2a: Ting-Lu|Vessel of Ruin
|-end|p1a: 长颈鹿|Protosynthesis|[silent]
|switch|p1a: 中转|Landorus-Therian, M|100/100
|-ability|p1a: 中转|Intimidate|boost
|-unboost|p2a: Ting-Lu|atk|1
|
|upkeep
|turn|4
|
|t:|1758255690
|switch|p2a: Corviknight|Corviknight, F|100/100
|-ability|p2a: Corviknight|Pressure
|move|p1a: 中转|Taunt|p2a: Corviknight
|-start|p2a: Corviknight|move: Taunt
|
|upkeep
|turn|5
|
|t:|1758255694
|switch|p2a: Tornadus|Tornadus-Therian, M, shiny|100/100
|move|p1a: 中转|Stealth Rock|p2a: Tornadus
|-sidestart|p2: averystonefan|move: Stealth Rock
|
|upkeep
|turn|6
|
|t:|1758255700
|switch|p1a: 暗雷|Gholdengo|100/100
|-item|p1a: 暗雷|Air Balloon
|move|p2a: Tornadus|Hurricane|p1a: 暗雷
|-resisted|p1a: 暗雷
|-damage|p1a: 暗雷|78/100
|-enditem|p1a: 暗雷|Air Balloon
|
|upkeep
|turn|7
|
|t:|1758255708
|move|p2a: Tornadus|Taunt|p1a: 暗雷
|-immune|p1a: 暗雷|[from] ability: Good as Gold
|move|p1a: 暗雷|Nasty Plot|p1a: 暗雷
|-boost|p1a: 暗雷|spa|2
|
|upkeep
|turn|8
|
|t:|1758255716
|move|p2a: Tornadus|Heat Wave|p1a: 暗雷|[miss]
|-miss|p2a: Tornadus|p1a: 暗雷
|move|p1a: 暗雷|Shadow Ball|p2a: Tornadus
|-damage|p2a: Tornadus|22/100
|
|upkeep
|turn|9
|
|t:|1758255724
|move|p2a: Tornadus|Heat Wave|p1a: 暗雷
|-supereffective|p1a: 暗雷
|-damage|p1a: 暗雷|21/100
|move|p1a: 暗雷|Shadow Ball|p2a: Tornadus
|-damage|p2a: Tornadus|0 fnt
|faint|p2a: Tornadus
|
|upkeep
|
|t:|1758255728
|switch|p2a: Ting-Lu|Ting-Lu|100/100
|-damage|p2a: Ting-Lu|94/100|[from] Stealth Rock
|-ability|p2a: Ting-Lu|Vessel of Ruin
|turn|10
|
|t:|1758255731
|move|p1a: 暗雷|Focus Blast|p2a: Ting-Lu
|-supereffective|p2a: Ting-Lu
|-damage|p2a: Ting-Lu|30/100
|move|p2a: Ting-Lu|Payback|p1a: 暗雷
|-supereffective|p1a: 暗雷
|-damage|p1a: 暗雷|0 fnt
|faint|p1a: 暗雷
|
|-heal|p2a: Ting-Lu|36/100|[from] item: Leftovers
|upkeep
|
|t:|1758255735
|switch|p1a: 突破|Gallade, M, shiny|100/100
|turn|11
|
|t:|1758255746
|switch|p2a: Corviknight|Corviknight, F|100/100
|-damage|p2a: Corviknight|88/100|[from] Stealth Rock
|-ability|p2a: Corviknight|Pressure
|move|p1a: 突破|Leaf Blade|p2a: Corviknight
|-resisted|p2a: Corviknight
|-damage|p2a: Corviknight|81/100
|-damage|p1a: 突破|84/100|[from] item: Rocky Helmet|[of] p2a: Corviknight
|
|upkeep
|turn|12
|
|t:|1758255754
|switch|p1a: 你不允许使用特性|Weezing-Galar, F|100/100
|-ability|p1a: 你不允许使用特性|Neutralizing Gas
|move|p2a: Corviknight|Body Press|p1a: 你不允许使用特性
|-resisted|p1a: 你不允许使用特性
|-damage|p1a: 你不允许使用特性|96/100
|
|upkeep
|turn|13
|
|t:|1758255761
|move|p2a: Corviknight|Defog|p1a: 你不允许使用特性
|-unboost|p1a: 你不允许使用特性|evasion|1
|-sideend|p2: averystonefan|Stealth Rock|[from] move: Defog|[of] p2a: Corviknight
|move|p1a: 你不允许使用特性|Will-O-Wisp|p2a: Corviknight
|-status|p2a: Corviknight|brn
|
|-damage|p2a: Corviknight|75/100 brn|[from] brn
|upkeep
|turn|14
|
|t:|1758255765
|switch|p2a: Blissey|Blissey, F|100/100
|move|p1a: 你不允许使用特性|Toxic Spikes|p2a: Blissey
|-sidestart|p2: averystonefan|move: Toxic Spikes
|
|upkeep
|turn|15
|
|t:|1758255774
|move|p1a: 你不允许使用特性|Toxic Spikes|p2a: Blissey
|-sidestart|p2: averystonefan|move: Toxic Spikes
|move|p2a: Blissey|Seismic Toss|p1a: 你不允许使用特性
|-damage|p1a: 你不允许使用特性|66/100
|
|upkeep
|turn|16
|
|t:|1758255778
|-end|p1a: 你不允许使用特性|ability: Neutralizing Gas
|switch|p1a: 突破|Gallade, M, shiny|84/100
|switch|p2a: Toxapex|Toxapex, M|100/100
|-sideend|p2: averystonefan|move: Toxic Spikes|[of] p2a: Toxapex
|
|upkeep
|turn|17
|
|t:|1758255787
|move|p1a: 突破|Psycho Cut|p2a: Toxapex
|-supereffective|p2a: Toxapex
|-damage|p2a: Toxapex|31/100
|move|p2a: Toxapex|Toxic|p1a: 突破
|-status|p1a: 突破|tox
|
|-damage|p1a: 突破|78/100 tox|[from] psn
|upkeep
|turn|18
|
|t:|1758255793
|switch|p1a: 你不允许使用特性|Weezing-Galar, F|66/100
|-ability|p1a: 你不允许使用特性|Neutralizing Gas
|switch|p2a: Corviknight|Corviknight, F|75/100 brn
|
|-damage|p2a: Corviknight|69/100 brn|[from] brn
|upkeep
|turn|19
|
|t:|1758255800
|switch|p2a: Ting-Lu|Ting-Lu|36/100
|move|p1a: 你不允许使用特性|Toxic Spikes|p2a: Ting-Lu
|-sidestart|p2: averystonefan|move: Toxic Spikes
|
|-heal|p2a: Ting-Lu|42/100|[from] item: Leftovers
|upkeep
|turn|20
|
|t:|1758255808
|-end|p1a: 你不允许使用特性|ability: Neutralizing Gas
|-ability|p2a: Ting-Lu|Vessel of Ruin
|switch|p1a: 中转|Landorus-Therian, M|100/100
|-ability|p1a: 中转|Intimidate|boost
|-unboost|p2a: Ting-Lu|atk|1
|move|p2a: Ting-Lu|Earthquake|p1a: 中转
|-immune|p1a: 中转
|
|-heal|p2a: Ting-Lu|48/100|[from] item: Leftovers
|upkeep
|turn|21
|
|t:|1758255818
|switch|p2a: Corviknight|Corviknight, F|69/100 brn
|-ability|p2a: Corviknight|Pressure
|move|p1a: 中转|U-turn|p2a: Corviknight
|-resisted|p2a: Corviknight
|-damage|p2a: Corviknight|66/100 brn
|-damage|p1a: 中转|84/100|[from] item: Rocky Helmet|[of] p2a: Corviknight
|
|t:|1758255824
|switch|p1a: 突破|Gallade, M, shiny|78/100 tox|[from] U-turn
|
|-damage|p1a: 突破|72/100 tox|[from] psn
|-damage|p2a: Corviknight|59/100 brn|[from] brn
|upkeep
|turn|22
|
|t:|1758255829
|move|p1a: 突破|Sacred Sword|p2a: Corviknight
|-damage|p2a: Corviknight|22/100 brn
|-damage|p1a: 突破|55/100 tox|[from] item: Rocky Helmet|[of] p2a: Corviknight
|move|p2a: Corviknight|Roost|p2a: Corviknight
|-heal|p2a: Corviknight|72/100 brn
|-singleturn|p2a: Corviknight|move: Roost
|
|-damage|p1a: 突破|43/100 tox|[from] psn
|-damage|p2a: Corviknight|65/100 brn|[from] brn
|upkeep
|turn|23
|
|t:|1758255837
|switch|p1a: 长颈鹿|Raging Bolt|100/100
|move|p2a: Corviknight|Roost|p2a: Corviknight
|-heal|p2a: Corviknight|100/100 brn
|-singleturn|p2a: Corviknight|move: Roost
|
|-damage|p2a: Corviknight|94/100 brn|[from] brn
|upkeep
|turn|24
|
|t:|1758255840
|switch|p2a: Blissey|Blissey, F|100/100
|move|p1a: 长颈鹿|Calm Mind|p1a: 长颈鹿
|-boost|p1a: 长颈鹿|spa|1
|-boost|p1a: 长颈鹿|spd|1
|
|upkeep
|turn|25
|
|t:|1758255845
|move|p1a: 长颈鹿|Calm Mind|p1a: 长颈鹿
|-boost|p1a: 长颈鹿|spa|1
|-boost|p1a: 长颈鹿|spd|1
|move|p2a: Blissey|Calm Mind|p2a: Blissey
|-boost|p2a: Blissey|spa|1
|-boost|p2a: Blissey|spd|1
|
|upkeep
|turn|26
|
|t:|1758255852
|move|p1a: 长颈鹿|Calm Mind|p1a: 长颈鹿
|-boost|p1a: 长颈鹿|spa|1
|-boost|p1a: 长颈鹿|spd|1
|move|p2a: Blissey|Calm Mind|p2a: Blissey
|-boost|p2a: Blissey|spa|1
|-boost|p2a: Blissey|spd|1
|
|upkeep
|turn|27
|
|t:|1758255854
|move|p1a: 长颈鹿|Calm Mind|p1a: 长颈鹿
|-boost|p1a: 长颈鹿|spa|1
|-boost|p1a: 长颈鹿|spd|1
|move|p2a: Blissey|Calm Mind|p2a: Blissey
|-boost|p2a: Blissey|spa|1
|-boost|p2a: Blissey|spd|1
|
|upkeep
|turn|28
|
|t:|1758255857
|move|p1a: 长颈鹿|Calm Mind|p1a: 长颈鹿
|-boost|p1a: 长颈鹿|spa|1
|-boost|p1a: 长颈鹿|spd|1
|move|p2a: Blissey|Calm Mind|p2a: Blissey
|-boost|p2a: Blissey|spa|1
|-boost|p2a: Blissey|spd|1
|
|upkeep
|turn|29
|
|t:|1758255859
|move|p1a: 长颈鹿|Calm Mind|p1a: 长颈鹿
|-boost|p1a: 长颈鹿|spa|1
|-boost|p1a: 长颈鹿|spd|1
|move|p2a: Blissey|Calm Mind|p2a: Blissey
|-boost|p2a: Blissey|spa|1
|-boost|p2a: Blissey|spd|1
|
|upkeep
|turn|30
|
|t:|1758255861
|move|p1a: 长颈鹿|Calm Mind|p1a: 长颈鹿
|-boost|p1a: 长颈鹿|spa|0
|-boost|p1a: 长颈鹿|spd|0
|move|p2a: Blissey|Calm Mind|p2a: Blissey
|-boost|p2a: Blissey|spa|1
|-boost|p2a: Blissey|spd|1
|
|upkeep
|turn|31
|
|t:|1758255864
|-terastallize|p1a: 长颈鹿|Fairy
|move|p1a: 长颈鹿|Dragon Pulse|p2a: Blissey
|-damage|p2a: Blissey|86/100
|move|p2a: Blissey|Seismic Toss|p1a: 长颈鹿
|-damage|p1a: 长颈鹿|75/100
|
|-heal|p1a: 长颈鹿|81/100|[from] item: Leftovers
|upkeep
|turn|32
|
|t:|1758255871
|move|p1a: 长颈鹿|Thunderbolt|p2a: Blissey
|-damage|p2a: Blissey|72/100
|move|p2a: Blissey|Seismic Toss|p1a: 长颈鹿
|-damage|p1a: 长颈鹿|55/100
|
|-heal|p1a: 长颈鹿|62/100|[from] item: Leftovers
|upkeep
|turn|33
|
|t:|1758255874
|move|p1a: 长颈鹿|Dragon Pulse|p2a: Blissey
|-damage|p2a: Blissey|57/100
|move|p2a: Blissey|Seismic Toss|p1a: 长颈鹿
|-damage|p1a: 长颈鹿|36/100
|
|-heal|p1a: 长颈鹿|42/100|[from] item: Leftovers
|upkeep
|turn|34
|
|t:|1758255876
|move|p1a: 长颈鹿|Thunderbolt|p2a: Blissey
|-damage|p2a: Blissey|42/100
|-status|p2a: Blissey|par
|cant|p2a: Blissey|par
|
|-heal|p1a: 长颈鹿|48/100|[from] item: Leftovers
|upkeep
|turn|35
|
|t:|1758255879
|move|p1a: 长颈鹿|Thunderbolt|p2a: Blissey
|-damage|p2a: Blissey|26/100 par
|move|p2a: Blissey|Soft-Boiled|p2a: Blissey
|-heal|p2a: Blissey|76/100 par
|
|-heal|p1a: 长颈鹿|54/100|[from] item: Leftovers
|upkeep
|turn|36
|
|t:|1758255881
|move|p1a: 长颈鹿|Thunderbolt|p2a: Blissey
|-damage|p2a: Blissey|61/100 par
|move|p2a: Blissey|Soft-Boiled|p2a: Blissey
|-heal|p2a: Blissey|100/100 par
|
|-heal|p1a: 长颈鹿|61/100|[from] item: Leftovers
|upkeep
|turn|37
|
|t:|1758255885
|move|p1a: 长颈鹿|Thunderbolt|p2a: Blissey
|-damage|p2a: Blissey|85/100 par
|move|p2a: Blissey|Seismic Toss|p1a: 长颈鹿
|-damage|p1a: 长颈鹿|35/100
|
|-heal|p1a: 长颈鹿|41/100|[from] item: Leftovers
|upkeep
|turn|38
|
|t:|1758255887
|move|p1a: 长颈鹿|Thunderbolt|p2a: Blissey
|-damage|p2a: Blissey|70/100 par
|move|p2a: Blissey|Seismic Toss|p1a: 长颈鹿
|-damage|p1a: 长颈鹿|16/100
|
|-heal|p1a: 长颈鹿|22/100|[from] item: Leftovers
|upkeep
|turn|39
|
|t:|1758255890
|move|p1a: 长颈鹿|Thunderbolt|p2a: Blissey
|-damage|p2a: Blissey|55/100 par
|move|p2a: Blissey|Seismic Toss|p1a: 长颈鹿
|-damage|p1a: 长颈鹿|0 fnt
|faint|p1a: 长颈鹿
|-end|p1a: 长颈鹿|Protosynthesis|[silent]
|
|upkeep
|
|t:|1758255893
|switch|p1a: 泥头车|Zamazenta|100/100
|-ability|p1a: 泥头车|Dauntless Shield|boost
|-boost|p1a: 泥头车|def|1
|turn|40
|
|t:|1758255897
|-curestatus|p2a: Blissey|par|[from] ability: Natural Cure
|switch|p2a: Corviknight|Corviknight, F|94/100 brn
|-ability|p2a: Corviknight|Pressure
|move|p1a: 泥头车|Heavy Slam|p2a: Corviknight
|-resisted|p2a: Corviknight
|-damage|p2a: Corviknight|86/100 brn
|-damage|p1a: 泥头车|84/100|[from] item: Rocky Helmet|[of] p2a: Corviknight
|
|-damage|p2a: Corviknight|80/100 brn|[from] brn
|upkeep
|turn|41
|
|t:|1758255902
|switch|p1a: 你不允许使用特性|Weezing-Galar, F|66/100
|-ability|p1a: 你不允许使用特性|Neutralizing Gas
|move|p2a: Corviknight|Iron Defense|p2a: Corviknight
|-boost|p2a: Corviknight|def|2
|
|-damage|p2a: Corviknight|73/100 brn|[from] brn
|upkeep
|turn|42
|-message|axunyu forfeited.
|
|win|averystonefan
|raw|axunyu's rating: 1374 &rarr; <strong>1351</strong><br />(-23 for losing)
|raw|averystonefan's rating: 1319 &rarr; <strong>1342</strong><br />(+23 for winning)
|l|☆axunyu
|player|p1|
|l|☆averystonefan
|player|p2|
