|j|☆Moreiny
|j|☆wotan888
|t:|1758301545
|gametype|singles
|player|p1|Moreiny|169|1162
|player|p2|wotan888|2|1148
|gen|9
|tier|[Gen 9] OU
|rated|
|rule|HP Percentage Mod: HP is shown in percentages
|rule|Endless Battle Clause: Forcing endless battles is banned
|rule|Species Clause: Limit one of each Pokémon
|rule|OHKO Clause: OHKO moves are banned
|rule|Evasion Items Clause: Evasion items are banned
|rule|Evasion Moves Clause: Evasion moves are banned
|rule|Evasion Abilities Clause: Evasion abilities are banned
|rule|Sleep Moves Clause: Sleep-inducing moves are banned
|clearpoke
|poke|p1|Indeedee, M|
|poke|p1|Great Tusk|
|poke|p1|Iron Crown|
|poke|p1|Polteageist|
|poke|p1|Hawlucha, M|
|poke|p1|Deoxys-Speed|
|poke|p2|Rotom-Mow|
|poke|p2|Diancie|
|poke|p2|Pecharunt|
|poke|p2|Quaquaval, M|
|poke|p2|Tornadus-Therian, M|
|poke|p2|Krookodile, F|
|teampreview
|l|☆wotan888
|player|p2|
|inactive|Battle timer is ON: inactive players will automatically lose when time's up. (requested by Moreiny)
|j|☆wotan888
|inactive|wotan888 reconnected and has 150 seconds left.
|player|p2|wotan888|2|
|
|t:|1758301564
|teamsize|p1|6
|teamsize|p2|6
|start
|switch|p1a: Deoxys|Deoxys-Speed|100/100
|switch|p2a: Rotom|Rotom-Mow|100/100
|-ability|p1a: Deoxys|Pressure
|turn|1
|
|t:|1758301571
|switch|p1a: Iron Crown|Iron Crown|100/100
|move|p2a: Rotom|Volt Switch|p1a: Iron Crown
|-damage|p1a: Iron Crown|74/100
|
|t:|1758301594
|switch|p2a: Krookodile|Krookodile, F|100/100|[from] Volt Switch
|
|upkeep
|turn|2
|
|t:|1758301597
|-end|p1a: Iron Crown|Quark Drive|[silent]
|switch|p1a: Great Tusk|Great Tusk|100/100
|move|p2a: Krookodile|Knock Off|p1a: Great Tusk
|-resisted|p1a: Great Tusk
|-damage|p1a: Great Tusk|89/100
|-damage|p2a: Krookodile|84/100|[from] item: Rocky Helmet|[of] p1a: Great Tusk
|-enditem|p1a: Great Tusk|Rocky Helmet|[from] move: Knock Off|[of] p2a: Krookodile
|
|upkeep
|turn|3
|
|t:|1758301616
|switch|p2a: Tornadus|Tornadus-Therian, M|100/100
|move|p1a: Great Tusk|Knock Off|p2a: Tornadus
|-damage|p2a: Tornadus|67/100
|-enditem|p2a: Tornadus|Heavy-Duty Boots|[from] move: Knock Off|[of] p1a: Great Tusk
|
|upkeep
|turn|4
|
|t:|1758301624
|-end|p1a: Great Tusk|Protosynthesis|[silent]
|switch|p1a: Iron Crown|Iron Crown|74/100
|move|p2a: Tornadus|Air Slash|p1a: Iron Crown
|-resisted|p1a: Iron Crown
|-damage|p1a: Iron Crown|59/100
|
|upkeep
|turn|5
|
|t:|1758301649
|move|p2a: Tornadus|U-turn|p1a: Iron Crown
|-damage|p1a: Iron Crown|45/100
|
|t:|1758301653
|switch|p2a: Krookodile|Krookodile, F|84/100|[from] U-turn
|move|p1a: Iron Crown|Tachyon Cutter|p2a: Krookodile
|-damage|p2a: Krookodile|32/100
|-damage|p2a: Krookodile|0 fnt
|faint|p2a: Krookodile
|-hitcount|p2: Krookodile|2
|
|upkeep
|inactive|wotan888 has 120 seconds left.
|
|t:|1758301669
|switch|p2a: Quaquaval|Quaquaval, M|100/100
|turn|6
|
|t:|1758301673
|-end|p1a: Iron Crown|Quark Drive|[silent]
|switch|p1a: Great Tusk|Great Tusk|89/100
|move|p2a: Quaquaval|Knock Off|p1a: Great Tusk
|-resisted|p1a: Great Tusk
|-damage|p1a: Great Tusk|84/100
|
|upkeep
|turn|7
|inactive|wotan888 has 120 seconds left.
|
|t:|1758301698
|move|p2a: Quaquaval|Flip Turn|p1a: Great Tusk
|-supereffective|p1a: Great Tusk
|-damage|p1a: Great Tusk|58/100
|
|t:|1758301701
|switch|p2a: Tornadus|Tornadus-Therian, M|100/100|[from] Flip Turn
|move|p1a: Great Tusk|Stealth Rock|p2a: Tornadus
|-sidestart|p2: wotan888|move: Stealth Rock
|
|upkeep
|turn|8
|
|t:|1758301711
|-end|p1a: Great Tusk|Protosynthesis|[silent]
|switch|p1a: Indeedee|Indeedee, M|100/100
|-fieldstart|move: Psychic Terrain|[from] ability: Psychic Surge|[of] p1a: Indeedee
|move|p2a: Tornadus|Air Slash|p1a: Indeedee
|-damage|p1a: Indeedee|57/100
|
|upkeep
|turn|9
|
|t:|1758301723
|switch|p1a: Great Tusk|Great Tusk|58/100
|move|p2a: Tornadus|Air Slash|p1a: Great Tusk
|-supereffective|p1a: Great Tusk
|-damage|p1a: Great Tusk|0 fnt
|faint|p1a: Great Tusk
|-end|p1a: Great Tusk|Protosynthesis|[silent]
|
|upkeep
|
|t:|1758301728
|switch|p1a: Deoxys|Deoxys-Speed|100/100
|-ability|p1a: Deoxys|Pressure
|turn|10
|
|t:|1758301737
|move|p1a: Deoxys|Meteor Beam||[still]
|-prepare|p1a: Deoxys|Meteor Beam
|-boost|p1a: Deoxys|spa|1
|-enditem|p1a: Deoxys|Power Herb
|-anim|p1a: Deoxys|Meteor Beam|p2a: Tornadus
|-supereffective|p2a: Tornadus
|-damage|p2a: Tornadus|0 fnt
|faint|p2a: Tornadus
|
|upkeep
|
|t:|1758301747
|switch|p2a: Diancie|Diancie|100/100
|-damage|p2a: Diancie|88/100|[from] Stealth Rock
|turn|11
|
|t:|1758301752
|move|p1a: Deoxys|Expanding Force|p2a: Diancie
|-damage|p2a: Diancie|2/100
|move|p2a: Diancie|Calm Mind|p2a: Diancie
|-boost|p2a: Diancie|spa|1
|-boost|p2a: Diancie|spd|1
|
|-heal|p2a: Diancie|8/100|[from] item: Leftovers
|upkeep
|turn|12
|-message|wotan888 forfeited.
|
|win|Moreiny
|raw|Moreiny's rating: 1162 &rarr; <strong>1186</strong><br />(+24 for winning)
|raw|wotan888's rating: 1148 &rarr; <strong>1124</strong><br />(-24 for losing)
|l|☆wotan888
|player|p2|
|l|☆Moreiny
|player|p1|
