|j|☆scrubtest98
|j|☆omnomapuss
|t:|1758256380
|gametype|singles
|player|p1|scrubtest98|102|1553
|player|p2|omnomapuss|crasherwake|1600
|gen|9
|tier|[Gen 9] OU
|rated|
|rule|HP Percentage Mod: HP is shown in percentages
|rule|Endless Battle Clause: Forcing endless battles is banned
|rule|Species Clause: Limit one of each Pokémon
|rule|OHKO Clause: OHKO moves are banned
|rule|Evasion Items Clause: Evasion items are banned
|rule|Evasion Moves Clause: Evasion moves are banned
|rule|Evasion Abilities Clause: Evasion abilities are banned
|rule|Sleep Moves Clause: Sleep-inducing moves are banned
|clearpoke
|poke|p1|Zamazenta-*|
|poke|p1|Rillaboom, F|
|poke|p1|Gholdengo|
|poke|p1|Ting-Lu|
|poke|p1|Tornadus-Therian, M|
|poke|p1|Hawlucha, F|
|poke|p2|Primarina, F|
|poke|p2|Dragapult, M|
|poke|p2|Scizor, M|
|poke|p2|Great Tusk|
|poke|p2|Zapdos|
|poke|p2|Slowking-Galar, M|
|teampreview
|inactive|Battle timer is ON: inactive players will automatically lose when time's up. (requested by omnomapuss)
|
|t:|1758256404
|teamsize|p1|6
|teamsize|p2|6
|start
|switch|p1a: Tornadus|Tornadus-Therian, M|100/100
|switch|p2a: Dragapult|Dragapult, M|100/100
|turn|1
|
|t:|1758256412
|switch|p1a: Ting-Lu|Ting-Lu|100/100
|-ability|p1a: Ting-Lu|Vessel of Ruin
|move|p2a: Dragapult|Dragon Darts|p1a: Ting-Lu
|-damage|p1a: Ting-Lu|78/100
|-anim|p2a: Dragapult|Dragon Darts|p1a: Ting-Lu
|-damage|p1a: Ting-Lu|55/100
|
|-heal|p1a: Ting-Lu|62/100|[from] item: Leftovers
|upkeep
|turn|2
|
|t:|1758256417
|move|p2a: Dragapult|Dragon Darts|p1a: Ting-Lu
|-damage|p1a: Ting-Lu|40/100
|-anim|p2a: Dragapult|Dragon Darts|p1a: Ting-Lu
|-crit|p1a: Ting-Lu
|-damage|p1a: Ting-Lu|8/100
|move|p1a: Ting-Lu|Stealth Rock|p2a: Dragapult
|-sidestart|p2: omnomapuss|move: Stealth Rock
|
|-heal|p1a: Ting-Lu|14/100|[from] item: Leftovers
|upkeep
|turn|3
|l|☆scrubtest98
|inactive|scrubtest98 disconnected and has a minute to reconnect!
|player|p1|
|j|☆scrubtest98
|inactive|scrubtest98 reconnected.
|player|p1|scrubtest98|102|
|inactive|omnomapuss has 120 seconds left.
|
|t:|1758256467
|switch|p1a: Gholdengo|Gholdengo|100/100
|move|p2a: Dragapult|Dragon Darts|p1a: Gholdengo
|-resisted|p1a: Gholdengo
|-damage|p1a: Gholdengo|86/100
|-anim|p2a: Dragapult|Dragon Darts|p1a: Gholdengo
|-resisted|p1a: Gholdengo
|-damage|p1a: Gholdengo|72/100
|
|upkeep
|turn|4
|
|t:|1758256480
|switch|p2a: Primarina|Primarina, F|100/100
|-damage|p2a: Primarina|88/100|[from] Stealth Rock
|move|p1a: Gholdengo|Nasty Plot|p1a: Gholdengo
|-boost|p1a: Gholdengo|spa|2
|
|upkeep
|turn|5
|inactive|omnomapuss has 90 seconds left.
|l|☆scrubtest98
|inactive|scrubtest98 disconnected and has a minute to reconnect!
|player|p1|
|j|☆scrubtest98
|inactive|scrubtest98 reconnected.
|player|p1|scrubtest98|102|
|
|t:|1758256534
|move|p1a: Gholdengo|Nasty Plot|p1a: Gholdengo
|-boost|p1a: Gholdengo|spa|2
|move|p2a: Primarina|Surf|p1a: Gholdengo
|-damage|p1a: Gholdengo|23/100
|
|upkeep
|turn|6
|inactive|scrubtest98 has 120 seconds left.
|c|☆omnomapuss|come on g
|inactive|scrubtest98 has 90 seconds left.
|c|☆omnomapuss|u get a free kill
|c|☆omnomapuss|just hit a button
|c|☆omnomapuss|no need to think
|inactive|scrubtest98 has 60 seconds left.
|
|t:|1758256626
|switch|p2a: Slowking|Slowking-Galar, M|100/100
|-terastallize|p1a: Gholdengo|Water
|move|p1a: Gholdengo|Recover|p1a: Gholdengo
|-heal|p1a: Gholdengo|73/100
|
|upkeep
|turn|7
|
|t:|1758256632
|move|p1a: Gholdengo|Shadow Ball|p2a: Slowking
|-supereffective|p2a: Slowking
|-damage|p2a: Slowking|0 fnt
|faint|p2a: Slowking
|
|upkeep
|
|t:|1758256634
|switch|p2a: Dragapult|Dragapult, M|100/100
|-damage|p2a: Dragapult|88/100|[from] Stealth Rock
|turn|8
|
|t:|1758256639
|switch|p1a: Ting-Lu|Ting-Lu|14/100
|-ability|p1a: Ting-Lu|Vessel of Ruin
|-terastallize|p2a: Dragapult|Ghost
|move|p2a: Dragapult|Tera Blast|p1a: Ting-Lu|[anim] Tera Blast Ghost
|-resisted|p1a: Ting-Lu
|-damage|p1a: Ting-Lu|0 fnt
|faint|p1a: Ting-Lu
|
|upkeep
|
|t:|1758256647
|switch|p1a: Rillaboom|Rillaboom, F|100/100
|-fieldstart|move: Grassy Terrain|[from] ability: Grassy Surge|[of] p1a: Rillaboom
|turn|9
|
|t:|1758256649
|switch|p2a: Zapdos|Zapdos|100/100
|move|p1a: Rillaboom|Grassy Glide|p2a: Zapdos
|-resisted|p2a: Zapdos
|-damage|p2a: Zapdos|78/100
|
|upkeep
|turn|10
|
|t:|1758256655
|switch|p1a: Gholdengo|Gholdengo, tera:Water|73/100
|-enditem|p1a: Gholdengo|Grassy Seed
|-boost|p1a: Gholdengo|def|1|[from] item: Grassy Seed
|move|p2a: Zapdos|Hurricane|p1a: Gholdengo
|-damage|p1a: Gholdengo|27/100
|-start|p1a: Gholdengo|confusion
|
|-heal|p1a: Gholdengo|34/100|[from] Grassy Terrain
|upkeep
|turn|11
|
|t:|1758256666
|switch|p1a: Rillaboom|Rillaboom, F|100/100
|move|p2a: Zapdos|Hurricane|p1a: Rillaboom
|-supereffective|p1a: Rillaboom
|-damage|p1a: Rillaboom|0 fnt
|faint|p1a: Rillaboom
|
|upkeep
|
|t:|1758256673
|switch|p1a: Hawlucha|Hawlucha, F|100/100
|-enditem|p1a: Hawlucha|Grassy Seed
|-boost|p1a: Hawlucha|def|1|[from] item: Grassy Seed
|turn|12
|
|t:|1758256679
|move|p1a: Hawlucha|Encore|p2a: Zapdos
|-start|p2a: Zapdos|Encore
|move|p2a: Zapdos|Hurricane|p1a: Hawlucha
|-supereffective|p1a: Hawlucha
|-damage|p1a: Hawlucha|0 fnt
|faint|p1a: Hawlucha
|
|upkeep
|
|t:|1758256682
|switch|p1a: Tornadus|Tornadus-Therian, M|100/100
|turn|13
|-message|scrubtest98 forfeited.
|
|win|omnomapuss
|raw|scrubtest98's rating: 1553 &rarr; <strong>1534</strong><br />(-19 for losing)
|raw|omnomapuss's rating: 1577 &rarr; <strong>1596</strong><br />(+19 for winning)
|l|☆scrubtest98
|player|p1|
|l|☆omnomapuss
|player|p2|
