|j|‽KetchupHinz
|j|☆Pickledpanda123
|t:|1758255563
|gametype|singles
|player|p1|KetchupHinz|wallace|1125
|player|p2|Pickledpanda123|harlequin|1157
|gen|9
|tier|[Gen 9] OU
|rated|
|rule|HP Percentage Mod: HP is shown in percentages
|rule|Endless Battle Clause: Forcing endless battles is banned
|rule|Species Clause: Limit one of each Pokémon
|rule|OHKO Clause: OHKO moves are banned
|rule|Evasion Items Clause: Evasion items are banned
|rule|Evasion Moves Clause: Evasion moves are banned
|rule|Evasion Abilities Clause: Evasion abilities are banned
|rule|Sleep Moves Clause: Sleep-inducing moves are banned
|clearpoke
|poke|p1|Ceruledge, M|
|poke|p1|Corviknight, F|
|poke|p1|Samurott-Hisui, F|
|poke|p1|Ogerpon-Wellspring, F|
|poke|p1|Latias, F|
|poke|p1|Gholdengo|
|poke|p2|Pelipper, F|
|poke|p2|Hatterene, F|
|poke|p2|Iron Treads|
|poke|p2|Kingdra, F|
|poke|p2|Barraskewda, F|
|poke|p2|Zapdos|
|teampreview
|inactive|Battle timer is ON: inactive players will automatically lose when time's up. (requested by Pickledpanda123)
|inactive|KetchupHinz has 120 seconds left.
|
|t:|1758255615
|teamsize|p1|6
|teamsize|p2|6
|start
|switch|p1a: Samurott|Samurott-Hisui, F|100/100
|switch|p2a: Iron Treads|Iron Treads|100/100
|turn|1
|inactive|Pickledpanda123 has 120 seconds left.
|
|t:|1758255647
|move|p1a: Samurott|Razor Shell|p2a: Iron Treads
|-supereffective|p2a: Iron Treads
|-damage|p2a: Iron Treads|26/100
|move|p2a: Iron Treads|Stealth Rock|p1a: Samurott
|-sidestart|p1: KetchupHinz|move: Stealth Rock
|
|-heal|p2a: Iron Treads|32/100|[from] item: Leftovers
|upkeep
|turn|2
|inactive|KetchupHinz has 120 seconds left.
|
|t:|1758255684
|-end|p2a: Iron Treads|Quark Drive|[silent]
|switch|p2a: Pelipper|Pelipper, F|100/100
|-weather|RainDance|[from] ability: Drizzle|[of] p2a: Pelipper
|move|p1a: Samurott|Razor Shell|p2a: Pelipper
|-resisted|p2a: Pelipper
|-damage|p2a: Pelipper|61/100
|-unboost|p2a: Pelipper|def|1
|
|-weather|RainDance|[upkeep]
|upkeep
|turn|3
|inactive|Pickledpanda123 has 120 seconds left.
|
|t:|1758255701
|move|p1a: Samurott|Razor Shell|p2a: Pelipper
|-resisted|p2a: Pelipper
|-damage|p2a: Pelipper|0 fnt
|faint|p2a: Pelipper
|
|-weather|RainDance|[upkeep]
|upkeep
|inactive|Pickledpanda123 has 120 seconds left.
|
|t:|1758255713
|switch|p2a: Zapdos|Zapdos|100/100
|turn|4
|inactive|Pickledpanda123 has 120 seconds left.
|
|t:|1758255729
|switch|p1a: Latias|Latias, F|100/100
|-damage|p1a: Latias|88/100|[from] Stealth Rock
|move|p2a: Zapdos|Thunder|p1a: Latias
|-resisted|p1a: Latias
|-damage|p1a: Latias|49/100
|
|-weather|RainDance|[upkeep]
|upkeep
|turn|5
|inactive|Pickledpanda123 has 120 seconds left.
|
|t:|1758255749
|switch|p2a: Iron Treads|Iron Treads|32/100
|move|p1a: Latias|Calm Mind|p1a: Latias
|-boost|p1a: Latias|spa|1
|-boost|p1a: Latias|spd|1
|
|-weather|RainDance|[upkeep]
|-heal|p2a: Iron Treads|38/100|[from] item: Leftovers
|upkeep
|turn|6
|inactive|Pickledpanda123 has 120 seconds left.
|
|t:|1758255757
|move|p1a: Latias|Recover|p1a: Latias
|-heal|p1a: Latias|99/100
|move|p2a: Iron Treads|Volt Switch|p1a: Latias
|-resisted|p1a: Latias
|-damage|p1a: Latias|96/100
|inactive|Pickledpanda123 has 120 seconds left.
|
|t:|1758255762
|-end|p2a: Iron Treads|Quark Drive|[silent]
|switch|p2a: Kingdra|Kingdra, F|100/100|[from] Volt Switch
|
|-weather|RainDance|[upkeep]
|upkeep
|turn|7
|inactive|Pickledpanda123 has 120 seconds left.
|
|t:|1758255774
|-terastallize|p1a: Latias|Steel
|move|p2a: Kingdra|Draco Meteor|p1a: Latias
|-resisted|p1a: Latias
|-damage|p1a: Latias|73/100
|-unboost|p2a: Kingdra|spa|2
|move|p1a: Latias|Mist Ball|p2a: Kingdra
|-damage|p2a: Kingdra|9/100
|
|-weather|RainDance|[upkeep]
|upkeep
|turn|8
|
|t:|1758255785
|move|p2a: Kingdra|Draco Meteor|p1a: Latias
|-resisted|p1a: Latias
|-damage|p1a: Latias|61/100
|-unboost|p2a: Kingdra|spa|2
|move|p1a: Latias|Calm Mind|p1a: Latias
|-boost|p1a: Latias|spa|1
|-boost|p1a: Latias|spd|1
|
|-weather|RainDance|[upkeep]
|upkeep
|turn|9
|
|t:|1758255793
|move|p2a: Kingdra|Draco Meteor|p1a: Latias
|-resisted|p1a: Latias
|-damage|p1a: Latias|55/100
|-unboost|p2a: Kingdra|spa|2
|move|p1a: Latias|Recover|p1a: Latias
|-heal|p1a: Latias|100/100
|
|-weather|none
|upkeep
|turn|10
|
|t:|1758255798
|move|p1a: Latias|Calm Mind|p1a: Latias
|-boost|p1a: Latias|spa|1
|-boost|p1a: Latias|spd|1
|move|p2a: Kingdra|Draco Meteor|p1a: Latias|[miss]
|-miss|p2a: Kingdra|p1a: Latias
|
|upkeep
|turn|11
|
|t:|1758255804
|move|p1a: Latias|Mist Ball|p2a: Kingdra
|-damage|p2a: Kingdra|0 fnt
|faint|p2a: Kingdra
|
|upkeep
|-message|Pickledpanda123 forfeited.
|
|win|KetchupHinz
|raw|KetchupHinz's rating: 1125 &rarr; <strong>1152</strong><br />(+27 for winning)
|raw|Pickledpanda123's rating: 1157 &rarr; <strong>1130</strong><br />(-27 for losing)
|l|☆Pickledpanda123
|player|p2|
|l|‽KetchupHinz
|player|p1|
