|j|☆iacidicowl
|j|☆Crogenius2
|t:|1758371210
|gametype|singles
|player|p1|iacidicowl|dahlia|1587
|player|p2|Crogenius2|wattson|1581
|gen|9
|tier|[Gen 9] OU
|rated|
|rule|HP Percentage Mod: HP is shown in percentages
|rule|Endless Battle Clause: Forcing endless battles is banned
|rule|Species Clause: Limit one of each Pokémon
|rule|OHKO Clause: OHKO moves are banned
|rule|Evasion Items Clause: Evasion items are banned
|rule|Evasion Moves Clause: Evasion moves are banned
|rule|Evasion Abilities Clause: Evasion abilities are banned
|rule|Sleep Moves Clause: Sleep-inducing moves are banned
|clearpoke
|poke|p1|Gliscor, F|
|poke|p1|Glimmora, F|
|poke|p1|Gholdengo|
|poke|p1|Zamazenta-*|
|poke|p1|Iron Valiant|
|poke|p1|Amoonguss, M|
|poke|p2|Vaporeon, F|
|poke|p2|Garchomp, F|
|poke|p2|Gholdengo|
|poke|p2|Darkrai|
|poke|p2|Scizor, M|
|poke|p2|Great Tusk|
|teampreview
|inactive|Battle timer is ON: inactive players will automatically lose when time's up. (requested by Crogenius2)
|j| IWasBornFaat
|
|t:|1758371230
|teamsize|p1|6
|teamsize|p2|6
|start
|switch|p1a: Amoonguss|Amoonguss, M|100/100
|switch|p2a: Darkrai|Darkrai|100/100
|turn|1
|
|t:|1758371235
|move|p2a: Darkrai|Ice Beam|p1a: Amoonguss
|-supereffective|p1a: Amoonguss
|-crit|p1a: Amoonguss
|-damage|p1a: Amoonguss|0 fnt
|faint|p1a: Amoonguss
|
|upkeep
|
|t:|1758371243
|switch|p1a: Glimmora|Glimmora, F|100/100
|turn|2
|
|t:|1758371248
|switch|p2a: Garchomp|Garchomp, F|100/100
|move|p1a: Glimmora|Stealth Rock|p2a: Garchomp
|-sidestart|p2: Crogenius2|move: Stealth Rock
|
|upkeep
|turn|3
|
|t:|1758371255
|switch|p1a: Gliscor|Gliscor, F|100/100
|move|p2a: Garchomp|Stealth Rock|p1a: Gliscor
|-sidestart|p1: iacidicowl|move: Stealth Rock
|
|-status|p1a: Gliscor|tox|[from] item: Toxic Orb
|upkeep
|turn|4
|
|t:|1758371268
|move|p2a: Garchomp|Spikes|p1a: Gliscor
|-sidestart|p1: iacidicowl|Spikes
|move|p1a: Gliscor|Swords Dance|p1a: Gliscor
|-boost|p1a: Gliscor|atk|2
|
|upkeep
|turn|5
|
|t:|1758371272
|move|p1a: Gliscor|Knock Off|p2a: Garchomp
|-damage|p2a: Garchomp|73/100
|-damage|p1a: Gliscor|88/100 tox|[from] ability: Rough Skin|[of] p2a: Garchomp
|-damage|p1a: Gliscor|72/100 tox|[from] item: Rocky Helmet|[of] p2a: Garchomp
|-enditem|p2a: Garchomp|Rocky Helmet|[from] move: Knock Off|[of] p1a: Gliscor
|move|p2a: Garchomp|Dragon Tail|p1a: Gliscor
|-damage|p1a: Gliscor|51/100 tox
|drag|p1a: Zamazenta|Zamazenta|100/100
|-damage|p1a: Zamazenta|94/100|[from] Stealth Rock
|-damage|p1a: Zamazenta|82/100|[from] Spikes
|-ability|p1a: Zamazenta|Dauntless Shield|boost
|-boost|p1a: Zamazenta|def|1
|
|upkeep
|turn|6
|
|t:|1758371286
|move|p1a: Zamazenta|Close Combat|p2a: Garchomp
|-damage|p2a: Garchomp|23/100
|-unboost|p1a: Zamazenta|def|1
|-unboost|p1a: Zamazenta|spd|1
|-damage|p1a: Zamazenta|70/100|[from] ability: Rough Skin|[of] p2a: Garchomp
|move|p2a: Garchomp|Dragon Tail|p1a: Zamazenta|[miss]
|-miss|p2a: Garchomp|p1a: Zamazenta
|
|upkeep
|turn|7
|j| frutillaroja
|
|t:|1758371299
|switch|p1a: Gliscor|Gliscor, F|51/100 tox
|-damage|p1a: Gliscor|38/100 tox|[from] Stealth Rock
|move|p2a: Garchomp|Dragon Tail|p1a: Gliscor
|-damage|p1a: Gliscor|18/100 tox
|drag|p1a: Glimmora|Glimmora, F|100/100
|-damage|p1a: Glimmora|88/100|[from] Stealth Rock
|-damage|p1a: Glimmora|76/100|[from] Spikes
|
|upkeep
|turn|8
|
|t:|1758371308
|switch|p2a: Gholdengo|Gholdengo|100/100
|-damage|p2a: Gholdengo|94/100|[from] Stealth Rock
|move|p1a: Glimmora|Mortal Spin|p2a: Gholdengo
|-immune|p2a: Gholdengo
|
|upkeep
|turn|9
|
|t:|1758371331
|move|p2a: Gholdengo|Make It Rain|p1a: Glimmora
|-supereffective|p1a: Glimmora
|-damage|p1a: Glimmora|0 fnt
|-unboost|p2a: Gholdengo|spa|1
|faint|p1a: Glimmora
|
|upkeep
|
|t:|1758371337
|switch|p1a: Gholdengo|Gholdengo|100/100
|-damage|p1a: Gholdengo|94/100|[from] Stealth Rock
|-damage|p1a: Gholdengo|82/100|[from] Spikes
|turn|10
|
|t:|1758371349
|switch|p2a: Vaporeon|Vaporeon, F|100/100
|-damage|p2a: Vaporeon|88/100|[from] Stealth Rock
|move|p1a: Gholdengo|Focus Blast|p2a: Vaporeon|[miss]
|-miss|p1a: Gholdengo|p2a: Vaporeon
|
|-heal|p2a: Vaporeon|94/100|[from] item: Leftovers
|upkeep
|turn|11
|
|t:|1758371355
|switch|p1a: Zamazenta|Zamazenta|70/100
|-damage|p1a: Zamazenta|64/100|[from] Stealth Rock
|-damage|p1a: Zamazenta|51/100|[from] Spikes
|move|p2a: Vaporeon|Scald|p1a: Zamazenta
|-damage|p1a: Zamazenta|21/100
|
|-heal|p2a: Vaporeon|100/100|[from] item: Leftovers
|upkeep
|turn|12
|
|t:|1758371358
|switch|p2a: Garchomp|Garchomp, F|23/100
|-damage|p2a: Garchomp|16/100|[from] Stealth Rock
|move|p1a: Zamazenta|Close Combat|p2a: Garchomp
|-damage|p2a: Garchomp|0 fnt
|-unboost|p1a: Zamazenta|def|1
|-unboost|p1a: Zamazenta|spd|1
|-damage|p1a: Zamazenta|9/100|[from] ability: Rough Skin|[of] p2a: Garchomp
|faint|p2a: Garchomp
|
|upkeep
|
|t:|1758371388
|switch|p2a: Gholdengo|Gholdengo|94/100
|-damage|p2a: Gholdengo|88/100|[from] Stealth Rock
|turn|13
|
|t:|1758371398
|move|p2a: Gholdengo|Shadow Ball|p1a: Zamazenta
|-damage|p1a: Zamazenta|0 fnt
|faint|p1a: Zamazenta
|
|upkeep
|
|t:|1758371402
|switch|p1a: Gliscor|Gliscor, F|18/100 tox
|-damage|p1a: Gliscor|5/100 tox|[from] Stealth Rock
|turn|14
|
|t:|1758371407
|move|p1a: Gliscor|Protect|p1a: Gliscor
|-singleturn|p1a: Gliscor|Protect
|move|p2a: Gholdengo|Shadow Ball|p1a: Gliscor
|-activate|p1a: Gliscor|move: Protect
|
|-heal|p1a: Gliscor|18/100 tox|[from] ability: Poison Heal
|upkeep
|turn|15
|
|t:|1758371413
|-terastallize|p1a: Gliscor|Normal
|move|p2a: Gholdengo|Shadow Ball|p1a: Gliscor
|-immune|p1a: Gliscor
|move|p1a: Gliscor|Swords Dance|p1a: Gliscor
|-boost|p1a: Gliscor|atk|2
|
|-heal|p1a: Gliscor|30/100 tox|[from] ability: Poison Heal
|upkeep
|turn|16
|l| frutillaroja
|
|t:|1758371424
|switch|p2a: Great Tusk|Great Tusk|100/100
|move|p1a: Gliscor|Facade|p2a: Great Tusk
|-crit|p2a: Great Tusk
|-damage|p2a: Great Tusk|0 fnt
|faint|p2a: Great Tusk
|-end|p2a: Great Tusk|Protosynthesis|[silent]
|
|-heal|p1a: Gliscor|43/100 tox|[from] ability: Poison Heal
|upkeep
|
|t:|1758371429
|switch|p2a: Darkrai|Darkrai|100/100
|-damage|p2a: Darkrai|88/100|[from] Stealth Rock
|turn|17
|
|t:|1758371437
|move|p1a: Gliscor|Protect|p1a: Gliscor
|-singleturn|p1a: Gliscor|Protect
|move|p2a: Darkrai|Dark Pulse|p1a: Gliscor
|-activate|p1a: Gliscor|move: Protect
|
|-heal|p1a: Gliscor|55/100 tox|[from] ability: Poison Heal
|upkeep
|turn|18
|j| frutillaroja
|
|t:|1758371445
|move|p2a: Darkrai|Dark Pulse|p1a: Gliscor
|-damage|p1a: Gliscor|4/100 tox
|move|p1a: Gliscor|Facade|p2a: Darkrai
|-damage|p2a: Darkrai|0 fnt
|faint|p2a: Darkrai
|
|-heal|p1a: Gliscor|16/100 tox|[from] ability: Poison Heal
|upkeep
|
|t:|1758371454
|switch|p2a: Scizor|Scizor, M|100/100
|-damage|p2a: Scizor|88/100|[from] Stealth Rock
|turn|19
|
|t:|1758371457
|move|p1a: Gliscor|Protect|p1a: Gliscor
|-singleturn|p1a: Gliscor|Protect
|move|p2a: Scizor|Bullet Punch|p1a: Gliscor
|-activate|p1a: Gliscor|move: Protect
|
|-heal|p1a: Gliscor|29/100 tox|[from] ability: Poison Heal
|upkeep
|turn|20
|
|t:|1758371462
|switch|p1a: Gholdengo|Gholdengo|82/100
|-damage|p1a: Gholdengo|76/100|[from] Stealth Rock
|-damage|p1a: Gholdengo|63/100|[from] Spikes
|-terastallize|p2a: Scizor|Steel
|move|p2a: Scizor|Bullet Punch|p1a: Gholdengo
|-resisted|p1a: Gholdengo
|-damage|p1a: Gholdengo|24/100
|
|upkeep
|turn|21
|l| frutillaroja
|
|t:|1758371475
|move|p2a: Scizor|Bullet Punch|p1a: Gholdengo
|-resisted|p1a: Gholdengo
|-damage|p1a: Gholdengo|0 fnt
|faint|p1a: Gholdengo
|
|upkeep
|
|t:|1758371477
|switch|p1a: Iron Valiant|Iron Valiant|100/100
|-damage|p1a: Iron Valiant|94/100|[from] Stealth Rock
|-damage|p1a: Iron Valiant|82/100|[from] Spikes
|-enditem|p1a: Iron Valiant|Booster Energy
|-activate|p1a: Iron Valiant|ability: Quark Drive|[fromitem]
|-start|p1a: Iron Valiant|quarkdrivespe
|turn|22
|
|t:|1758371481
|move|p2a: Scizor|Bullet Punch|p1a: Iron Valiant
|-supereffective|p1a: Iron Valiant
|-damage|p1a: Iron Valiant|0 fnt
|faint|p1a: Iron Valiant
|-end|p1a: Iron Valiant|Quark Drive|[silent]
|
|upkeep
|
|t:|1758371483
|switch|p1a: Gliscor|Gliscor, F, tera:Normal|29/100 tox
|-damage|p1a: Gliscor|16/100 tox|[from] Stealth Rock
|-damage|p1a: Gliscor|4/100 tox|[from] Spikes
|turn|23
|
|t:|1758371488
|move|p2a: Scizor|Bullet Punch|p1a: Gliscor
|-damage|p1a: Gliscor|0 fnt
|faint|p1a: Gliscor
|
|win|Crogenius2
|raw|iacidicowl's rating: 1587 &rarr; <strong>1567</strong><br />(-20 for losing)
|raw|Crogenius2's rating: 1581 &rarr; <strong>1601</strong><br />(+20 for winning)
|l|☆iacidicowl
|player|p1|
|l|☆Crogenius2
|player|p2|
|j| idonteatpets
