|j|☆dasraybzh
|j|☆Nikator98
|t:|1758375661
|gametype|singles
|player|p1|dasraybzh|volkner|1488
|player|p2|Nikator98|giovanni|1539
|gen|9
|tier|[Gen 9] OU
|rated|
|rule|HP Percentage Mod: HP is shown in percentages
|rule|Endless Battle Clause: Forcing endless battles is banned
|rule|Species Clause: Limit one of each Pokémon
|rule|OHKO Clause: OHKO moves are banned
|rule|Evasion Items Clause: Evasion items are banned
|rule|Evasion Moves Clause: Evasion moves are banned
|rule|Evasion Abilities Clause: Evasion abilities are banned
|rule|Sleep Moves Clause: Sleep-inducing moves are banned
|clearpoke
|poke|p1|Pelipper, F|
|poke|p1|Zapdos|
|poke|p1|Overqwil, M|
|poke|p1|Iron Treads|
|poke|p1|Basculegion-F, F|
|poke|p1|Goodra-Hisui, F|
|poke|p2|Metagross|
|poke|p2|Great Tusk|
|poke|p2|Haxorus, M|
|poke|p2|Iron Moth|
|poke|p2|Zoroark-Hisui, M|
|poke|p2|Ninetales-Alola, F|
|teampreview
|inactive|Battle timer is ON: inactive players will automatically lose when time's up. (requested by Nikator98)
|
|t:|1758375678
|teamsize|p1|6
|teamsize|p2|6
|start
|switch|p1a: Goodra|Goodra-Hisui, F|100/100
|switch|p2a: Arquillian Sentry|Metagross|100/100
|turn|1
|
|t:|1758375693
|move|p2a: Arquillian Sentry|Trick|p1a: Goodra
|-activate|p2a: Arquillian Sentry|move: Trick|[of] p1a: Goodra
|-item|p1a: Goodra|Choice Specs|[from] move: Trick
|-item|p2a: Arquillian Sentry|Assault Vest|[from] move: Trick
|move|p1a: Goodra|Knock Off|p2a: Arquillian Sentry
|-supereffective|p2a: Arquillian Sentry
|-damage|p2a: Arquillian Sentry|8/100
|replace|p2a: Van Helsing|Zoroark-Hisui, M, shiny
|-end|p2a: Van Helsing|Illusion
|-enditem|p2a: Van Helsing|Assault Vest|[from] move: Knock Off|[of] p1a: Goodra
|
|upkeep
|turn|2
|
|t:|1758375717
|switch|p2a: Kumaryia|Great Tusk, shiny|100/100
|move|p1a: Goodra|Knock Off|p2a: Kumaryia
|-resisted|p2a: Kumaryia
|-damage|p2a: Kumaryia|92/100
|-enditem|p2a: Kumaryia|Heavy-Duty Boots|[from] move: Knock Off|[of] p1a: Goodra
|
|upkeep
|turn|3
|
|t:|1758375727
|switch|p1a: Pelipper|Pelipper, F, shiny|100/100
|-weather|RainDance|[from] ability: Drizzle|[of] p1a: Pelipper
|move|p2a: Kumaryia|Knock Off|p1a: Pelipper
|-damage|p1a: Pelipper|77/100
|-enditem|p1a: Pelipper|Damp Rock|[from] move: Knock Off|[of] p2a: Kumaryia
|
|-weather|RainDance|[upkeep]
|upkeep
|turn|4
|
|t:|1758375744
|-end|p2a: Kumaryia|Protosynthesis|[silent]
|switch|p2a: Asfaloth|Ninetales-Alola, F, shiny|100/100
|-weather|Snowscape|[from] ability: Snow Warning|[of] p2a: Asfaloth
|move|p1a: Pelipper|U-turn|p2a: Asfaloth
|-resisted|p2a: Asfaloth
|-damage|p2a: Asfaloth|97/100
|inactive|dasraybzh has 120 seconds left.
|
|t:|1758375766
|switch|p1a: Iron Treads|Iron Treads, shiny|100/100|[from] U-turn
|-enditem|p1a: Iron Treads|Booster Energy
|-activate|p1a: Iron Treads|ability: Quark Drive|[fromitem]
|-start|p1a: Iron Treads|quarkdrivespe
|
|-weather|Snowscape|[upkeep]
|upkeep
|turn|5
|inactive|dasraybzh has 120 seconds left.
|
|t:|1758375780
|switch|p2a: Arquillian Sentry|Metagross|8/100
|move|p1a: Iron Treads|Stealth Rock|p2a: Arquillian Sentry
|-sidestart|p2: Nikator98|move: Stealth Rock
|
|-weather|Snowscape|[upkeep]
|upkeep
|turn|6
|inactive|dasraybzh has 120 seconds left.
|
|t:|1758375798
|move|p1a: Iron Treads|Earthquake|p2a: Arquillian Sentry
|-damage|p2a: Arquillian Sentry|0 fnt
|replace|p2a: Van Helsing|Zoroark-Hisui, M, shiny
|-end|p2a: Van Helsing|Illusion
|faint|p2a: Van Helsing
|
|-weather|Snowscape|[upkeep]
|upkeep
|
|t:|1758375805
|switch|p2a: Kumaryia|Great Tusk, shiny|92/100
|-damage|p2a: Kumaryia|89/100|[from] Stealth Rock
|turn|7
|inactive|dasraybzh has 120 seconds left.
|
|t:|1758375815
|-end|p1a: Iron Treads|Quark Drive|[silent]
|switch|p1a: Pelipper|Pelipper, F, shiny|77/100
|-weather|RainDance|[from] ability: Drizzle|[of] p1a: Pelipper
|move|p2a: Kumaryia|Rapid Spin|p1a: Pelipper
|-damage|p1a: Pelipper|64/100
|-boost|p2a: Kumaryia|spe|1
|-sideend|p2: Nikator98|Stealth Rock|[from] move: Rapid Spin|[of] p2a: Kumaryia
|
|-weather|RainDance|[upkeep]
|upkeep
|turn|8
|
|t:|1758375826
|-end|p2a: Kumaryia|Protosynthesis|[silent]
|switch|p2a: Asfaloth|Ninetales-Alola, F, shiny|97/100
|-weather|Snowscape|[from] ability: Snow Warning|[of] p2a: Asfaloth
|move|p1a: Pelipper|U-turn|p2a: Asfaloth
|-resisted|p2a: Asfaloth
|-damage|p2a: Asfaloth|93/100
|
|t:|1758375832
|switch|p1a: Goodra|Goodra-Hisui, F|100/100|[from] U-turn
|
|-weather|Snowscape|[upkeep]
|upkeep
|turn|9
|inactive|Nikator98 has 120 seconds left.
|inactive|Nikator98 has 90 seconds left.
|inactive|Nikator98 has 60 seconds left.
|
|t:|1758375927
|switch|p2a: Arquillian Sentry|Metagross|100/100
|move|p1a: Goodra|Sludge Bomb|p2a: Arquillian Sentry
|-immune|p2a: Arquillian Sentry
|
|-weather|Snowscape|[upkeep]
|upkeep
|turn|10
|
|t:|1758375941
|switch|p1a: Pelipper|Pelipper, F, shiny|64/100
|-weather|RainDance|[from] ability: Drizzle|[of] p1a: Pelipper
|move|p2a: Arquillian Sentry|Stealth Rock|p1a: Pelipper
|-sidestart|p1: dasraybzh|move: Stealth Rock
|
|-weather|RainDance|[upkeep]
|upkeep
|turn|11
|
|t:|1758375954
|switch|p2a: Asfaloth|Ninetales-Alola, F, shiny|93/100
|-weather|Snowscape|[from] ability: Snow Warning|[of] p2a: Asfaloth
|move|p1a: Pelipper|Roost|p1a: Pelipper
|-heal|p1a: Pelipper|100/100
|-singleturn|p1a: Pelipper|move: Roost
|
|-weather|Snowscape|[upkeep]
|upkeep
|turn|12
|
|t:|1758375963
|move|p2a: Asfaloth|Aurora Veil|p2a: Asfaloth
|-sidestart|p2: Nikator98|move: Aurora Veil
|move|p1a: Pelipper|U-turn|p2a: Asfaloth
|-resisted|p2a: Asfaloth
|-damage|p2a: Asfaloth|91/100
|
|t:|1758375969
|switch|p1a: Iron Treads|Iron Treads, shiny|100/100|[from] U-turn
|-damage|p1a: Iron Treads|97/100|[from] Stealth Rock
|
|-weather|Snowscape|[upkeep]
|upkeep
|turn|13
|
|t:|1758375979
|move|p2a: Asfaloth|Freeze-Dry|p1a: Iron Treads
|-damage|p1a: Iron Treads|66/100
|move|p1a: Iron Treads|Rapid Spin|p2a: Asfaloth
|-damage|p2a: Asfaloth|84/100
|-boost|p1a: Iron Treads|spe|1
|-sideend|p1: dasraybzh|Stealth Rock|[from] move: Rapid Spin|[of] p1a: Iron Treads
|
|-weather|Snowscape|[upkeep]
|upkeep
|turn|14
|
|t:|1758375987
|switch|p2a: Kumaryia|Great Tusk, shiny|89/100
|move|p1a: Iron Treads|Volt Switch|p2a: Kumaryia
|-immune|p2a: Kumaryia
|
|-weather|Snowscape|[upkeep]
|upkeep
|turn|15
|inactive|Nikator98 has 90 seconds left.
|
|t:|1758375996
|-end|p1a: Iron Treads|Quark Drive|[silent]
|switch|p1a: Pelipper|Pelipper, F, shiny|100/100
|-weather|RainDance|[from] ability: Drizzle|[of] p1a: Pelipper
|move|p2a: Kumaryia|Rapid Spin|p1a: Pelipper
|-damage|p1a: Pelipper|86/100
|-boost|p2a: Kumaryia|spe|1
|
|-weather|RainDance|[upkeep]
|upkeep
|turn|16
|
|t:|1758376004
|-end|p2a: Kumaryia|Protosynthesis|[silent]
|switch|p2a: Arquillian Sentry|Metagross|100/100
|move|p1a: Pelipper|Weather Ball|p2a: Arquillian Sentry
|-damage|p2a: Arquillian Sentry|75/100
|
|-weather|RainDance|[upkeep]
|upkeep
|turn|17
|
|t:|1758376012
|move|p2a: Arquillian Sentry|Psychic Fangs|p1a: Pelipper
|-damage|p1a: Pelipper|50/100
|move|p1a: Pelipper|U-turn|p2a: Arquillian Sentry
|-damage|p2a: Arquillian Sentry|71/100
|
|t:|1758376017
|switch|p1a: Basculegion|Basculegion-F, F|100/100|[from] U-turn
|
|-weather|RainDance|[upkeep]
|upkeep
|turn|18
|
|t:|1758376036
|-terastallize|p2a: Arquillian Sentry|Water
|move|p1a: Basculegion|Shadow Ball|p2a: Arquillian Sentry
|-damage|p2a: Arquillian Sentry|41/100
|move|p2a: Arquillian Sentry|Psychic Fangs|p1a: Basculegion
|-damage|p1a: Basculegion|41/100
|
|-weather|RainDance|[upkeep]
|upkeep
|turn|19
|
|t:|1758376045
|switch|p1a: Overqwil|Overqwil, M, shiny|100/100
|move|p2a: Arquillian Sentry|Psychic Fangs|p1a: Overqwil
|-immune|p1a: Overqwil
|
|-weather|none
|-sideend|p2: Nikator98|move: Aurora Veil
|upkeep
|turn|20
|
|t:|1758376062
|move|p1a: Overqwil|Gunk Shot|p2a: Arquillian Sentry|[miss]
|-miss|p1a: Overqwil|p2a: Arquillian Sentry
|move|p2a: Arquillian Sentry|Stealth Rock|p1a: Overqwil
|-sidestart|p1: dasraybzh|move: Stealth Rock
|
|upkeep
|turn|21
|
|t:|1758376069
|switch|p2a: Kumaryia|Great Tusk, shiny|89/100
|move|p1a: Overqwil|Gunk Shot|p2a: Kumaryia
|-resisted|p2a: Kumaryia
|-damage|p2a: Kumaryia|60/100
|-status|p2a: Kumaryia|psn
|-damage|p1a: Overqwil|91/100|[from] item: Life Orb
|
|-damage|p2a: Kumaryia|48/100 psn|[from] psn
|upkeep
|turn|22
|inactive|Nikator98 has 90 seconds left.
|
|t:|1758376096
|-end|p2a: Kumaryia|Protosynthesis|[silent]
|switch|p2a: Lacelle|Haxorus, M|100/100
|-ability|p2a: Lacelle|Mold Breaker
|switch|p1a: Basculegion|Basculegion-F, F|41/100
|-damage|p1a: Basculegion|28/100|[from] Stealth Rock
|
|upkeep
|turn|23
|inactive|Nikator98 has 90 seconds left.
|
|t:|1758376109
|move|p2a: Lacelle|Scale Shot|p1a: Basculegion
|-damage|p1a: Basculegion|12/100
|-damage|p1a: Basculegion|0 fnt
|faint|p1a: Basculegion
|-hitcount|p1: Basculegion|2
|-unboost|p2a: Lacelle|def|1
|-boost|p2a: Lacelle|spe|1
|
|upkeep
|
|t:|1758376119
|switch|p1a: Goodra|Goodra-Hisui, F|100/100
|-damage|p1a: Goodra|94/100|[from] Stealth Rock
|turn|24
|inactive|Nikator98 has 90 seconds left.
|
|t:|1758376150
|switch|p2a: Asfaloth|Ninetales-Alola, F, shiny|84/100
|-weather|Snowscape|[from] ability: Snow Warning|[of] p2a: Asfaloth
|-terastallize|p1a: Goodra|Fairy
|move|p1a: Goodra|Draco Meteor|p2a: Asfaloth
|-immune|p2a: Asfaloth
|
|-weather|Snowscape|[upkeep]
|upkeep
|turn|25
|
|t:|1758376161
|switch|p1a: Iron Treads|Iron Treads, shiny|66/100
|-damage|p1a: Iron Treads|63/100|[from] Stealth Rock
|move|p2a: Asfaloth|Freeze-Dry|p1a: Iron Treads
|-damage|p1a: Iron Treads|30/100
|
|-weather|Snowscape|[upkeep]
|upkeep
|turn|26
|
|t:|1758376168
|move|p2a: Asfaloth|Freeze-Dry|p1a: Iron Treads
|-damage|p1a: Iron Treads|0 fnt
|faint|p1a: Iron Treads
|-end|p1a: Iron Treads|Quark Drive|[silent]
|
|-weather|Snowscape|[upkeep]
|upkeep
|l|☆dasraybzh
|inactive|dasraybzh disconnected and has a minute to reconnect!
|player|p1|
|inactive|dasraybzh has 30 seconds to reconnect!
|inactive|dasraybzh has 20 seconds to reconnect!
|inactive|dasraybzh has 15 seconds to reconnect!
|inactive|dasraybzh has 10 seconds to reconnect!
|inactive|dasraybzh has 5 seconds to reconnect!
|-message|dasraybzh lost due to inactivity.
|
|win|Nikator98
|raw|dasraybzh's rating: 1488 &rarr; <strong>1471</strong><br />(-17 for losing)
|raw|Nikator98's rating: 1539 &rarr; <strong>1556</strong><br />(+17 for winning)
