|j|☆d00d guy
|j|☆squarecircle
|t:|1758336916
|gametype|singles
|player|p1|d00d guy|brock|1367
|player|p2|squarecircle|2|1425
|gen|9
|tier|[Gen 9] OU
|rated|
|rule|HP Percentage Mod: HP is shown in percentages
|rule|Endless Battle Clause: Forcing endless battles is banned
|rule|Species Clause: Limit one of each Pokémon
|rule|OHKO Clause: OHKO moves are banned
|rule|Evasion Items Clause: Evasion items are banned
|rule|Evasion Moves Clause: Evasion moves are banned
|rule|Evasion Abilities Clause: Evasion abilities are banned
|rule|Sleep Moves Clause: Sleep-inducing moves are banned
|clearpoke
|poke|p1|Hatterene, F|
|poke|p1|Ursaluna, M|
|poke|p1|Porygon2|
|poke|p1|Cresselia, F|
|poke|p1|Malamar, M|
|poke|p1|Torkoal, M|
|poke|p2|Kyurem|
|poke|p2|Corviknight, F|
|poke|p2|Ting-Lu|
|poke|p2|Dondozo, F|
|poke|p2|Slowking-Galar, F|
|poke|p2|Cinderace, F|
|teampreview
|
|t:|1758336943
|teamsize|p1|6
|teamsize|p2|6
|start
|switch|p1a: TARS|Porygon2, shiny|100/100
|switch|p2a: Cinderace|Cinderace, F|100/100
|-ability|p1a: TARS|Download|boost
|-boost|p1a: TARS|spa|1
|turn|1
|
|t:|1758336950
|move|p2a: Cinderace|U-turn|p1a: TARS
|-damage|p1a: TARS|88/100
|
|t:|1758336953
|switch|p2a: Ting-Lu|Ting-Lu|100/100|[from] U-turn
|-ability|p2a: Ting-Lu|Vessel of Ruin
|move|p1a: TARS|Trick Room|p1a: TARS
|-fieldstart|move: Trick Room|[of] p1a: TARS
|
|upkeep
|turn|2
|
|t:|1758336964
|switch|p1a: Brand|Hatterene, F, shiny|100/100
|move|p2a: Ting-Lu|Earthquake|p1a: Brand
|-damage|p1a: Brand|61/100
|
|upkeep
|turn|3
|
|t:|1758336974
|move|p1a: Brand|Dazzling Gleam|p2a: Ting-Lu
|-supereffective|p2a: Ting-Lu
|-damage|p2a: Ting-Lu|62/100
|move|p2a: Ting-Lu|Earthquake|p1a: Brand
|-damage|p1a: Brand|23/100
|
|-heal|p2a: Ting-Lu|68/100|[from] item: Leftovers
|upkeep
|turn|4
|
|t:|1758336982
|switch|p1a: Mann|Ursaluna, M|100/100
|move|p2a: Ting-Lu|Payback|p1a: Mann
|-damage|p1a: Mann|88/100
|
|-heal|p2a: Ting-Lu|74/100|[from] item: Leftovers
|-status|p1a: Mann|brn|[from] item: Flame Orb
|upkeep
|turn|5
|
|t:|1758336992
|switch|p2a: Corviknight|Corviknight, F|100/100
|-ability|p2a: Corviknight|Pressure
|move|p1a: Mann|Facade|p2a: Corviknight
|-resisted|p2a: Corviknight
|-damage|p2a: Corviknight|61/100
|-damage|p1a: Mann|71/100 brn|[from] item: Rocky Helmet|[of] p2a: Corviknight
|
|-damage|p1a: Mann|65/100 brn|[from] brn
|-fieldend|move: Trick Room
|upkeep
|turn|6
|
|t:|1758337006
|move|p2a: Corviknight|Brave Bird|p1a: Mann
|-crit|p1a: Mann
|-damage|p1a: Mann|26/100 brn
|-damage|p2a: Corviknight|46/100|[from] Recoil
|move|p1a: Mann|Fire Punch|p2a: Corviknight
|-supereffective|p2a: Corviknight
|-damage|p2a: Corviknight|0 fnt
|-damage|p1a: Mann|9/100 brn|[from] item: Rocky Helmet|[of] p2a: Corviknight
|faint|p2a: Corviknight
|
|-damage|p1a: Mann|3/100 brn|[from] brn
|upkeep
|
|t:|1758337018
|switch|p2a: Kyurem|Kyurem|100/100
|-ability|p2a: Kyurem|Pressure
|turn|7
|
|t:|1758337024
|switch|p1a: TARS|Porygon2, shiny|88/100
|-ability|p1a: TARS|Download|boost
|-boost|p1a: TARS|spa|1
|move|p2a: Kyurem|Freeze-Dry|p1a: TARS
|-damage|p1a: TARS|66/100
|
|upkeep
|turn|8
|
|t:|1758337029
|move|p2a: Kyurem|Substitute|p2a: Kyurem
|-start|p2a: Kyurem|Substitute
|-damage|p2a: Kyurem|75/100
|move|p1a: TARS|Trick Room|p1a: TARS
|-fieldstart|move: Trick Room|[of] p1a: TARS
|
|-heal|p2a: Kyurem|82/100|[from] item: Leftovers
|upkeep
|turn|9
|
|t:|1758337036
|move|p2a: Kyurem|Protect|p2a: Kyurem
|-singleturn|p2a: Kyurem|Protect
|move|p1a: TARS|Tera Blast|p2a: Kyurem
|-activate|p2a: Kyurem|move: Protect
|
|-heal|p2a: Kyurem|88/100|[from] item: Leftovers
|upkeep
|turn|10
|
|t:|1758337044
|move|p1a: TARS|Tera Blast|p2a: Kyurem
|-end|p2a: Kyurem|Substitute
|move|p2a: Kyurem|Freeze-Dry|p1a: TARS
|-damage|p1a: TARS|42/100
|
|-heal|p2a: Kyurem|94/100|[from] item: Leftovers
|upkeep
|turn|11
|
|t:|1758337052
|switch|p1a: Brand|Hatterene, F, shiny|23/100
|move|p2a: Kyurem|Protect||[still]
|-fail|p2a: Kyurem
|
|-heal|p2a: Kyurem|99/100|[from] item: Leftovers
|upkeep
|turn|12
|
|t:|1758337058
|move|p2a: Kyurem|Protect|p2a: Kyurem
|-singleturn|p2a: Kyurem|Protect
|move|p1a: Brand|Healing Wish|p1a: Brand
|faint|p1a: Brand
|
|-heal|p2a: Kyurem|100/100|[from] item: Leftovers
|-fieldend|move: Trick Room
|upkeep
|
|t:|1758337064
|switch|p1a: Miller|Cresselia, F, shiny|100/100
|turn|13
|c|☆squarecircle|uh
|c|☆squarecircle|was that a misclick
|c|☆d00d guy|no
|
|t:|1758337088
|switch|p2a: Slowking|Slowking-Galar, F|100/100
|move|p1a: Miller|Trick Room|p1a: Miller
|-fieldstart|move: Trick Room|[of] p1a: Miller
|
|upkeep
|turn|14
|c|☆d00d guy|the healing wish doesn't activate unless i use pp or waste so it stays in "stock" basically
|
|t:|1758337121
|move|p2a: Slowking|Toxic|p1a: Miller
|-status|p1a: Miller|tox
|move|p1a: Miller|Psychic|p2a: Slowking
|-damage|p2a: Slowking|85/100
|
|-damage|p1a: Miller|94/100 tox|[from] psn
|upkeep
|turn|15
|
|t:|1758337129
|switch|p1a: Mann|Ursaluna, M|3/100 brn
|-heal|p1a: Mann|100/100|[from] move: Healing Wish
|move|p2a: Slowking|Future Sight|p1a: Mann
|-start|p2a: Slowking|move: Future Sight
|
|-status|p1a: Mann|brn|[from] item: Flame Orb
|upkeep
|turn|16
|c|☆d00d guy|see
|c|☆squarecircle|weird
|
|t:|1758337152
|switch|p2a: Dondozo|Dondozo, F|100/100
|move|p1a: Mann|Facade|p2a: Dondozo
|-damage|p2a: Dondozo|46/100
|
|-heal|p2a: Dondozo|52/100|[from] item: Leftovers
|-damage|p1a: Mann|94/100 brn|[from] brn
|upkeep
|turn|17
|c|☆d00d guy|it can't healingwish a full hp pokemon even if i use one move itll waste
|c|☆d00d guy|so i gotta utilize it like a healing future sight I gotta know when tis coming
|
|t:|1758337181
|-terastallize|p1a: Mann|Normal
|move|p2a: Dondozo|Body Press|p1a: Mann
|-supereffective|p1a: Mann
|-damage|p1a: Mann|57/100 brn
|move|p1a: Mann|Facade|p2a: Dondozo
|-damage|p2a: Dondozo|0 fnt
|faint|p2a: Dondozo
|
|-end|p1a: Mann|move: Future Sight
|-damage|p1a: Mann|16/100 brn
|-damage|p1a: Mann|10/100 brn|[from] brn
|-fieldend|move: Trick Room
|upkeep
|
|t:|1758337190
|switch|p2a: Cinderace|Cinderace, F|100/100
|turn|18
|
|t:|1758337199
|move|p1a: Mann|Protect|p1a: Mann
|-singleturn|p1a: Mann|Protect
|move|p2a: Cinderace|U-turn|p1a: Mann
|-activate|p1a: Mann|move: Protect
|
|-damage|p1a: Mann|4/100 brn|[from] brn
|upkeep
|turn|19
|
|t:|1758337206
|switch|p1a: Miller|Cresselia, F, shiny|94/100 tox
|move|p2a: Cinderace|U-turn|p1a: Miller
|-supereffective|p1a: Miller
|-damage|p1a: Miller|74/100 tox
|
|t:|1758337233
|switch|p2a: Slowking|Slowking-Galar, F|100/100|[from] U-turn
|
|-damage|p1a: Miller|68/100 tox|[from] psn
|upkeep
|turn|20
|
|t:|1758337238
|move|p2a: Slowking|Future Sight|p1a: Miller
|-start|p2a: Slowking|move: Future Sight
|move|p1a: Miller|Trick Room|p1a: Miller
|-fieldstart|move: Trick Room|[of] p1a: Miller
|
|-damage|p1a: Miller|56/100 tox|[from] psn
|upkeep
|turn|21
|
|t:|1758337246
|-prepare|p2a: Slowking|Chilly Reception|[premajor]
|move|p2a: Slowking|Chilly Reception|p2a: Slowking
|-weather|Snowscape
|
|t:|1758337250
|switch|p2a: Kyurem|Kyurem|100/100|[from] Chilly Reception
|-ability|p2a: Kyurem|Pressure
|move|p1a: Miller|Lunar Dance|p1a: Miller
|faint|p1a: Miller
|
|-weather|Snowscape|[upkeep]
|upkeep
|
|t:|1758337258
|switch|p1a: Cooper|Torkoal, M|100/100
|-weather|SunnyDay|[from] ability: Drought|[of] p1a: Cooper
|turn|22
|
|t:|1758337269
|-terastallize|p2a: Kyurem|Ground
|move|p1a: Cooper|Eruption|p2a: Kyurem
|-damage|p2a: Kyurem|0 fnt
|faint|p2a: Kyurem
|
|-weather|SunnyDay|[upkeep]
|-end|p1a: Cooper|move: Future Sight
|-damage|p1a: Cooper|43/100
|upkeep
|
|t:|1758337283
|switch|p2a: Slowking|Slowking-Galar, F|100/100
|turn|23
|
|t:|1758337292
|switch|p1a: Mann|Ursaluna, M, tera:Normal|4/100 brn
|-heal|p1a: Mann|100/100|[from] move: Lunar Dance
|move|p2a: Slowking|Future Sight|p1a: Mann
|-start|p2a: Slowking|move: Future Sight
|
|-weather|SunnyDay|[upkeep]
|-status|p1a: Mann|brn|[from] item: Flame Orb
|upkeep
|turn|24
|
|t:|1758337311
|move|p2a: Slowking|Sludge Bomb|p1a: Mann
|-damage|p1a: Mann|73/100 brn
|move|p1a: Mann|Facade|p2a: Slowking
|-damage|p2a: Slowking|0 fnt
|faint|p2a: Slowking
|
|-weather|SunnyDay|[upkeep]
|-damage|p1a: Mann|67/100 brn|[from] brn
|-fieldend|move: Trick Room
|upkeep
|
|t:|1758337318
|switch|p2a: Cinderace|Cinderace, F|100/100
|turn|25
|
|t:|1758337328
|move|p2a: Cinderace|Pyro Ball|p1a: Mann
|-damage|p1a: Mann|19/100 brn
|move|p1a: Mann|Facade|p2a: Cinderace
|-damage|p2a: Cinderace|0 fnt
|faint|p2a: Cinderace
|
|-weather|SunnyDay|[upkeep]
|-end|p1a: Mann|move: Future Sight
|-damage|p1a: Mann|0 fnt
|faint|p1a: Mann
|upkeep
|
|t:|1758337334
|switch|p2a: Ting-Lu|Ting-Lu|74/100
|switch|p1a: Alien|Malamar, M|100/100
|-ability|p2a: Ting-Lu|Vessel of Ruin
|turn|26
|
|t:|1758337339
|move|p1a: Alien|Superpower|p2a: Ting-Lu
|-supereffective|p2a: Ting-Lu
|-damage|p2a: Ting-Lu|37/100
|-boost|p1a: Alien|atk|1
|-boost|p1a: Alien|def|1
|move|p2a: Ting-Lu|Payback|p1a: Alien
|-damage|p1a: Alien|70/100
|
|-weather|none
|-heal|p2a: Ting-Lu|44/100|[from] item: Leftovers
|upkeep
|turn|27
|
|t:|1758337348
|move|p1a: Alien|Superpower|p2a: Ting-Lu
|-supereffective|p2a: Ting-Lu
|-damage|p2a: Ting-Lu|0 fnt
|-boost|p1a: Alien|atk|1
|-boost|p1a: Alien|def|1
|faint|p2a: Ting-Lu
|
|win|d00d guy
|raw|d00d guy's rating: 1367 &rarr; <strong>1390</strong><br />(+23 for winning)
|raw|squarecircle's rating: 1425 &rarr; <strong>1402</strong><br />(-23 for losing)
|l|☆squarecircle
|player|p2|
|c|☆d00d guy|ggs
