|j|☆rockdrigox666
|j|☆uihjvb
|t:|1758350576
|gametype|singles
|player|p1|rockdrigox666|102|1140
|player|p2|uihjvb|266|1168
|gen|9
|tier|[Gen 9] OU
|rated|
|rule|HP Percentage Mod: HP is shown in percentages
|rule|Endless Battle Clause: Forcing endless battles is banned
|rule|Species Clause: Limit one of each Pokémon
|rule|OHKO Clause: OHKO moves are banned
|rule|Evasion Items Clause: Evasion items are banned
|rule|Evasion Moves Clause: Evasion moves are banned
|rule|Evasion Abilities Clause: Evasion abilities are banned
|rule|Sleep Moves Clause: Sleep-inducing moves are banned
|clearpoke
|poke|p1|Weavile, M|
|poke|p1|Garchomp, M|
|poke|p1|Typhlosion, F|
|poke|p1|Tyranitar, M|
|poke|p1|Raging Bolt|
|poke|p1|Orthworm, M|
|poke|p2|Ceruledge, F|
|poke|p2|Dondozo, F|
|poke|p2|Reuniclus, F|
|poke|p2|Conkeldurr, M|
|poke|p2|Hatterene, F|
|poke|p2|Gliscor, F|
|teampreview
|inactive|Battle timer is ON: inactive players will automatically lose when time's up. (requested by rockdrigox666)
|
|t:|1758350583
|teamsize|p1|6
|teamsize|p2|6
|start
|switch|p1a: Garchomp|Garchomp, M|100/100
|switch|p2a: Hatterene|Hatterene, F|100/100
|turn|1
|
|t:|1758350593
|switch|p1a: Orthworm|Orthworm, M|100/100
|move|p2a: Hatterene|Dazzling Gleam|p1a: Orthworm
|-resisted|p1a: Orthworm
|-damage|p1a: Orthworm|71/100
|
|-heal|p1a: Orthworm|77/100|[from] item: Leftovers
|upkeep
|turn|2
|
|t:|1758350607
|move|p1a: Orthworm|Iron Defense|p1a: Orthworm
|-boost|p1a: Orthworm|def|2
|move|p2a: Hatterene|Reflect|p2a: Hatterene
|-sidestart|p2: uihjvb|Reflect
|
|-heal|p1a: Orthworm|83/100|[from] item: Leftovers
|upkeep
|turn|3
|
|t:|1758350615
|move|p1a: Orthworm|Heavy Slam|p2a: Hatterene
|-supereffective|p2a: Hatterene
|-damage|p2a: Hatterene|59/100
|move|p2a: Hatterene|Light Screen|p2a: Hatterene
|-sidestart|p2: uihjvb|move: Light Screen
|
|-heal|p1a: Orthworm|89/100|[from] item: Leftovers
|-heal|p2a: Hatterene|65/100|[from] item: Leftovers
|upkeep
|turn|4
|
|t:|1758350625
|move|p1a: Orthworm|Iron Defense|p1a: Orthworm
|-boost|p1a: Orthworm|def|2
|move|p2a: Hatterene|Trick Room|p2a: Hatterene
|-fieldstart|move: Trick Room|[of] p2a: Hatterene
|
|-heal|p2a: Hatterene|71/100|[from] item: Leftovers
|-heal|p1a: Orthworm|96/100|[from] item: Leftovers
|upkeep
|turn|5
|
|t:|1758350633
|switch|p2a: Reuniclus|Reuniclus, F, shiny|100/100
|move|p1a: Orthworm|Heavy Slam|p2a: Reuniclus
|-damage|p2a: Reuniclus|83/100
|
|-heal|p2a: Reuniclus|89/100|[from] item: Leftovers
|-heal|p1a: Orthworm|100/100|[from] item: Leftovers
|upkeep
|turn|6
|
|t:|1758350642
|-terastallize|p1a: Orthworm|Electric
|move|p2a: Reuniclus|Acid Armor|p2a: Reuniclus
|-boost|p2a: Reuniclus|def|2
|move|p1a: Orthworm|Body Press|p2a: Reuniclus
|-resisted|p2a: Reuniclus
|-damage|p2a: Reuniclus|77/100
|
|-heal|p2a: Reuniclus|83/100|[from] item: Leftovers
|-sideend|p2: uihjvb|Reflect
|upkeep
|turn|7
|
|t:|1758350654
|move|p2a: Reuniclus|Calm Mind|p2a: Reuniclus
|-boost|p2a: Reuniclus|spa|1
|-boost|p2a: Reuniclus|spd|1
|move|p1a: Orthworm|Body Press|p2a: Reuniclus
|-resisted|p2a: Reuniclus
|-damage|p2a: Reuniclus|61/100
|
|-heal|p2a: Reuniclus|67/100|[from] item: Leftovers
|-sideend|p2: uihjvb|move: Light Screen
|upkeep
|turn|8
|
|t:|1758350666
|move|p2a: Reuniclus|Acid Armor|p2a: Reuniclus
|-boost|p2a: Reuniclus|def|2
|move|p1a: Orthworm|Body Press|p2a: Reuniclus
|-resisted|p2a: Reuniclus
|-damage|p2a: Reuniclus|51/100
|
|-heal|p2a: Reuniclus|57/100|[from] item: Leftovers
|-fieldend|move: Trick Room
|upkeep
|turn|9
|
|t:|1758350679
|switch|p1a: Tyranitar|Tyranitar, M|100/100
|-weather|Sandstorm|[from] ability: Sand Stream|[of] p1a: Tyranitar
|move|p2a: Reuniclus|Calm Mind|p2a: Reuniclus
|-boost|p2a: Reuniclus|spa|1
|-boost|p2a: Reuniclus|spd|1
|
|-weather|Sandstorm|[upkeep]
|-heal|p2a: Reuniclus|63/100|[from] item: Leftovers
|upkeep
|turn|10
|
|t:|1758350691
|-terastallize|p2a: Reuniclus|Steel
|move|p1a: Tyranitar|Sand Tomb|p2a: Reuniclus
|-supereffective|p2a: Reuniclus
|-damage|p2a: Reuniclus|53/100
|-activate|p2a: Reuniclus|move: Sand Tomb|[of] p1a: Tyranitar
|move|p2a: Reuniclus|Recover|p2a: Reuniclus
|-heal|p2a: Reuniclus|100/100
|
|-weather|Sandstorm|[upkeep]
|upkeep
|turn|11
|
|t:|1758350704
|move|p1a: Tyranitar|Earthquake|p2a: Reuniclus
|-supereffective|p2a: Reuniclus
|-damage|p2a: Reuniclus|72/100
|move|p2a: Reuniclus|Calm Mind|p2a: Reuniclus
|-boost|p2a: Reuniclus|spa|1
|-boost|p2a: Reuniclus|spd|1
|
|-weather|Sandstorm|[upkeep]
|-heal|p2a: Reuniclus|78/100|[from] item: Leftovers
|upkeep
|turn|12
|
|t:|1758350713
|move|p1a: Tyranitar|Earthquake|p2a: Reuniclus
|-supereffective|p2a: Reuniclus
|-damage|p2a: Reuniclus|50/100
|move|p2a: Reuniclus|Acid Armor|p2a: Reuniclus
|-boost|p2a: Reuniclus|def|2
|
|-weather|Sandstorm|[upkeep]
|-heal|p2a: Reuniclus|57/100|[from] item: Leftovers
|upkeep
|turn|13
|
|t:|1758350722
|move|p1a: Tyranitar|Earthquake|p2a: Reuniclus
|-supereffective|p2a: Reuniclus
|-damage|p2a: Reuniclus|38/100
|move|p2a: Reuniclus|Recover|p2a: Reuniclus
|-heal|p2a: Reuniclus|88/100
|
|-weather|none
|-heal|p2a: Reuniclus|94/100|[from] item: Leftovers
|upkeep
|turn|14
|
|t:|1758350731
|switch|p1a: Orthworm|Orthworm, M, tera:Electric|100/100
|move|p2a: Reuniclus|Calm Mind|p2a: Reuniclus
|-boost|p2a: Reuniclus|spa|1
|-boost|p2a: Reuniclus|spd|1
|
|-heal|p2a: Reuniclus|99/100|[from] item: Leftovers
|-end|p2a: Reuniclus|Sand Tomb|[partiallytrapped]|[silent]
|upkeep
|turn|15
|
|t:|1758350740
|move|p1a: Orthworm|Iron Defense|p1a: Orthworm
|-boost|p1a: Orthworm|def|2
|move|p2a: Reuniclus|Calm Mind|p2a: Reuniclus
|-boost|p2a: Reuniclus|spa|1
|-boost|p2a: Reuniclus|spd|1
|
|-heal|p2a: Reuniclus|100/100|[from] item: Leftovers
|upkeep
|turn|16
|
|t:|1758350748
|move|p1a: Orthworm|Iron Defense|p1a: Orthworm
|-boost|p1a: Orthworm|def|2
|move|p2a: Reuniclus|Calm Mind|p2a: Reuniclus
|-boost|p2a: Reuniclus|spa|1
|-boost|p2a: Reuniclus|spd|1
|
|upkeep
|turn|17
|
|t:|1758350755
|move|p1a: Orthworm|Iron Defense|p1a: Orthworm
|-boost|p1a: Orthworm|def|2
|move|p2a: Reuniclus|Flash Cannon|p1a: Orthworm
|-resisted|p1a: Orthworm
|-damage|p1a: Orthworm|0 fnt
|faint|p1a: Orthworm
|
|upkeep
|
|t:|1758350763
|switch|p1a: Typhlosion|Typhlosion, F|100/100
|turn|18
|
|t:|1758350766
|move|p1a: Typhlosion|Eruption|p2a: Reuniclus
|-supereffective|p2a: Reuniclus
|-damage|p2a: Reuniclus|75/100
|move|p2a: Reuniclus|Flash Cannon|p1a: Typhlosion
|-resisted|p1a: Typhlosion
|-damage|p1a: Typhlosion|15/100
|-unboost|p1a: Typhlosion|spd|1
|
|-heal|p2a: Reuniclus|81/100|[from] item: Leftovers
|upkeep
|turn|19
|
|t:|1758350776
|move|p1a: Typhlosion|Eruption|p2a: Reuniclus
|-supereffective|p2a: Reuniclus
|-damage|p2a: Reuniclus|76/100
|move|p2a: Reuniclus|Flash Cannon|p1a: Typhlosion
|-resisted|p1a: Typhlosion
|-damage|p1a: Typhlosion|0 fnt
|faint|p1a: Typhlosion
|
|-heal|p2a: Reuniclus|83/100|[from] item: Leftovers
|upkeep
|
|t:|1758350782
|switch|p1a: Weavile|Weavile, M|100/100
|turn|20
|
|t:|1758350789
|move|p1a: Weavile|Knock Off|p2a: Reuniclus
|-damage|p2a: Reuniclus|66/100
|-enditem|p2a: Reuniclus|Leftovers|[from] move: Knock Off|[of] p1a: Weavile
|-damage|p1a: Weavile|91/100|[from] item: Life Orb
|move|p2a: Reuniclus|Flash Cannon|p1a: Weavile
|-supereffective|p1a: Weavile
|-damage|p1a: Weavile|0 fnt
|faint|p1a: Weavile
|
|upkeep
|
|t:|1758350798
|switch|p1a: Garchomp|Garchomp, M|100/100
|turn|21
|
|t:|1758350801
|move|p1a: Garchomp|Flamethrower|p2a: Reuniclus
|-supereffective|p2a: Reuniclus
|-damage|p2a: Reuniclus|60/100
|move|p2a: Reuniclus|Flash Cannon|p1a: Garchomp
|-damage|p1a: Garchomp|0 fnt
|faint|p1a: Garchomp
|
|upkeep
|
|t:|1758350807
|switch|p1a: Tyranitar|Tyranitar, M|100/100
|-weather|Sandstorm|[from] ability: Sand Stream|[of] p1a: Tyranitar
|turn|22
|
|t:|1758350813
|move|p1a: Tyranitar|Earthquake|p2a: Reuniclus
|-supereffective|p2a: Reuniclus
|-damage|p2a: Reuniclus|42/100
|move|p2a: Reuniclus|Flash Cannon|p1a: Tyranitar
|-supereffective|p1a: Tyranitar
|-damage|p1a: Tyranitar|4/100
|
|-weather|Sandstorm|[upkeep]
|upkeep
|turn|23
|
|t:|1758350821
|move|p1a: Tyranitar|Earthquake|p2a: Reuniclus
|-supereffective|p2a: Reuniclus
|-damage|p2a: Reuniclus|21/100
|move|p2a: Reuniclus|Recover|p2a: Reuniclus
|-heal|p2a: Reuniclus|71/100
|
|-weather|Sandstorm|[upkeep]
|upkeep
|turn|24
|
|t:|1758350829
|move|p1a: Tyranitar|Earthquake|p2a: Reuniclus
|-supereffective|p2a: Reuniclus
|-damage|p2a: Reuniclus|51/100
|move|p2a: Reuniclus|Flash Cannon|p1a: Tyranitar
|-supereffective|p1a: Tyranitar
|-damage|p1a: Tyranitar|0 fnt
|faint|p1a: Tyranitar
|
|-weather|Sandstorm|[upkeep]
|upkeep
|
|t:|1758350833
|switch|p1a: Raging Bolt|Raging Bolt|100/100
|-enditem|p1a: Raging Bolt|Booster Energy
|-activate|p1a: Raging Bolt|ability: Protosynthesis|[fromitem]
|-start|p1a: Raging Bolt|protosynthesisspa
|turn|25
|
|t:|1758350843
|move|p1a: Raging Bolt|Calm Mind|p1a: Raging Bolt
|-boost|p1a: Raging Bolt|spa|1
|-boost|p1a: Raging Bolt|spd|1
|move|p2a: Reuniclus|Flash Cannon|p1a: Raging Bolt
|-resisted|p1a: Raging Bolt
|-damage|p1a: Raging Bolt|61/100
|-unboost|p1a: Raging Bolt|spd|1
|
|-weather|Sandstorm|[upkeep]
|-damage|p1a: Raging Bolt|55/100|[from] Sandstorm
|upkeep
|turn|26
|
|t:|1758350853
|move|p1a: Raging Bolt|Calm Mind|p1a: Raging Bolt
|-boost|p1a: Raging Bolt|spa|1
|-boost|p1a: Raging Bolt|spd|1
|move|p2a: Reuniclus|Flash Cannon|p1a: Raging Bolt
|-resisted|p1a: Raging Bolt
|-damage|p1a: Raging Bolt|18/100
|
|-weather|none
|upkeep
|turn|27
|
|t:|1758350861
|move|p1a: Raging Bolt|Thunderbolt|p2a: Reuniclus
|-damage|p2a: Reuniclus|30/100
|move|p2a: Reuniclus|Flash Cannon|p1a: Raging Bolt
|-resisted|p1a: Raging Bolt
|-damage|p1a: Raging Bolt|0 fnt
|faint|p1a: Raging Bolt
|-end|p1a: Raging Bolt|Protosynthesis|[silent]
|
|win|uihjvb
|raw|rockdrigox666's rating: 1140 &rarr; <strong>1117</strong><br />(-23 for losing)
|raw|uihjvb's rating: 1168 &rarr; <strong>1191</strong><br />(+23 for winning)
|l|☆rockdrigox666
|player|p1|
|l|☆uihjvb
|player|p2|
