|badge|p2|bronze|gen9ou|100-6
|uhtml|medal-msg|<div class="broadcast-blue">Curious what those medals under the avatar are? PS now has Ladder Seasons! For more information, check out the <a href="https://www.smogon.com/forums/threads/3740067/">thread on Smogon.</a></div>
|j|☆Barronmaster
|j|☆sunny dancing
|t:|1758309401
|gametype|singles
|player|p1|Barronmaster|101|1558
|player|p2|sunny dancing|170|1837
|gen|9
|tier|[Gen 9] OU
|rated|
|rule|HP Percentage Mod: HP is shown in percentages
|rule|Endless Battle Clause: Forcing endless battles is banned
|rule|Species Clause: Limit one of each Pokémon
|rule|OHKO Clause: OHKO moves are banned
|rule|Evasion Items Clause: Evasion items are banned
|rule|Evasion Moves Clause: Evasion moves are banned
|rule|Evasion Abilities Clause: Evasion abilities are banned
|rule|Sleep Moves Clause: Sleep-inducing moves are banned
|clearpoke
|poke|p1|Hoopa-Unbound|
|poke|p1|Ninetales-Alola, F|
|poke|p1|Slowking-Galar, F|
|poke|p1|Cloyster, F|
|poke|p1|Zoroark, M|
|poke|p1|Indeedee, M|
|poke|p2|Ogerpon-Wellspring, F|
|poke|p2|Slowking-Galar, M|
|poke|p2|Great Tusk|
|poke|p2|Moltres|
|poke|p2|Dragapult, M|
|poke|p2|Kingambit, F|
|teampreview
|inactive|Battle timer is ON: inactive players will automatically lose when time's up. (requested by sunny dancing)
|
|t:|1758309411
|teamsize|p1|6
|teamsize|p2|6
|start
|switch|p1a: Hoopa|Hoopa-Unbound|100/100
|switch|p2a: Kingambit|Kingambit, F|100/100
|turn|1
|
|t:|1758309417
|-terastallize|p1a: Hoopa|Fire
|move|p1a: Hoopa|Flamethrower|p2a: Kingambit
|-supereffective|p2a: Kingambit
|-damage|p2a: Kingambit|2/100
|-damage|p1a: Hoopa|91/100|[from] item: Life Orb
|move|p2a: Kingambit|Iron Head|p1a: Hoopa
|-resisted|p1a: Hoopa
|-damage|p1a: Hoopa|48/100
|replace|p1a: Zoroark|Zoroark, M
|-end|p1a: Zoroark|Illusion
|
|-heal|p2a: Kingambit|8/100|[from] item: Leftovers
|upkeep
|turn|2
|
|t:|1758309428
|-end|p2a: Kingambit|fallenundefined|[silent]
|switch|p2a: Slowking|Slowking-Galar, M|100/100
|move|p1a: Zoroark|Sucker Punch||[still]
|-fail|p1a: Zoroark
|
|upkeep
|turn|3
|
|t:|1758309432
|move|p1a: Zoroark|Knock Off|p2a: Slowking
|-supereffective|p2a: Slowking
|-damage|p2a: Slowking|0 fnt
|-enditem|p2a: Slowking|Assault Vest|[from] move: Knock Off|[of] p1a: Zoroark
|faint|p2a: Slowking
|-damage|p1a: Zoroark|38/100|[from] item: Life Orb
|
|upkeep
|
|t:|1758309438
|switch|p2a: Moltres|Moltres|100/100
|turn|4
|
|t:|1758309444
|move|p1a: Zoroark|U-turn|p2a: Moltres
|-resisted|p2a: Moltres
|-damage|p2a: Moltres|96/100
|-damage|p1a: Zoroark|28/100|[from] item: Life Orb
|j| IM AT MY LIMIT
|
|t:|1758309447
|switch|p1a: Slowking|Slowking-Galar, F|100/100|[from] U-turn
|move|p2a: Moltres|Flamethrower|p1a: Slowking
|-damage|p1a: Slowking|72/100
|-status|p1a: Slowking|brn
|
|-heal|p1a: Slowking|78/100 brn|[from] item: Leftovers
|-damage|p1a: Slowking|72/100 brn|[from] brn
|upkeep
|turn|5
|l| IM AT MY LIMIT
|
|t:|1758309463
|switch|p1a: Ninetales|Ninetales-Alola, F|100/100
|-weather|Snowscape|[from] ability: Snow Warning|[of] p1a: Ninetales
|move|p2a: Moltres|Flamethrower|p1a: Ninetales
|-supereffective|p1a: Ninetales
|-damage|p1a: Ninetales|14/100
|
|-weather|Snowscape|[upkeep]
|upkeep
|turn|6
|
|t:|1758309469
|move|p1a: Ninetales|Aurora Veil|p1a: Ninetales
|-sidestart|p1: Barronmaster|move: Aurora Veil
|move|p2a: Moltres|Flamethrower|p1a: Ninetales
|-supereffective|p1a: Ninetales
|-damage|p1a: Ninetales|0 fnt
|faint|p1a: Ninetales
|
|-weather|Snowscape|[upkeep]
|upkeep
|
|t:|1758309473
|switch|p1a: Indeedee|Indeedee, M|100/100
|-fieldstart|move: Psychic Terrain|[from] ability: Psychic Surge|[of] p1a: Indeedee
|turn|7
|
|t:|1758309478
|move|p2a: Moltres|Roost|p2a: Moltres
|-heal|p2a: Moltres|100/100
|-singleturn|p2a: Moltres|move: Roost
|move|p1a: Indeedee|Expanding Force|p2a: Moltres
|-damage|p2a: Moltres|7/100
|-damage|p1a: Indeedee|91/100|[from] item: Life Orb
|
|-weather|Snowscape|[upkeep]
|upkeep
|turn|8
|
|t:|1758309487
|move|p2a: Moltres|Flamethrower|p1a: Indeedee
|-damage|p1a: Indeedee|72/100
|move|p1a: Indeedee|Dazzling Gleam|p2a: Moltres
|-resisted|p2a: Moltres
|-damage|p2a: Moltres|0 fnt
|faint|p2a: Moltres
|-damage|p1a: Indeedee|62/100|[from] item: Life Orb
|
|-weather|Snowscape|[upkeep]
|upkeep
|
|t:|1758309492
|switch|p2a: Ogerpon|Ogerpon-Wellspring, F|100/100
|turn|9
|
|t:|1758309502
|switch|p1a: Cloyster|Cloyster, F|100/100
|-terastallize|p2a: Ogerpon|Water
|detailschange|p2a: Ogerpon|Ogerpon-Wellspring-Tera, F, tera:Water
|-ability|p2a: Ogerpon|Embody Aspect (Wellspring)|boost
|-boost|p2a: Ogerpon|spd|1
|move|p2a: Ogerpon|Ivy Cudgel|p1a: Cloyster|[anim] Ivy Cudgel Water
|-resisted|p1a: Cloyster
|-damage|p1a: Cloyster|90/100
|
|-weather|none
|upkeep
|turn|10
|
|t:|1758309510
|move|p2a: Ogerpon|Power Whip|p1a: Cloyster
|-supereffective|p1a: Cloyster
|-damage|p1a: Cloyster|33/100
|move|p1a: Cloyster|Shell Smash|p1a: Cloyster
|-unboost|p1a: Cloyster|def|1
|-unboost|p1a: Cloyster|spd|1
|-boost|p1a: Cloyster|atk|2
|-boost|p1a: Cloyster|spa|2
|-boost|p1a: Cloyster|spe|2
|
|upkeep
|turn|11
|
|t:|1758309518
|move|p1a: Cloyster|Rock Blast|p2a: Ogerpon
|-damage|p2a: Ogerpon|81/100
|-damage|p2a: Ogerpon|62/100
|-damage|p2a: Ogerpon|43/100
|-damage|p2a: Ogerpon|24/100
|-damage|p2a: Ogerpon|4/100
|-hitcount|p2a: Ogerpon|5
|move|p2a: Ogerpon|Power Whip|p1a: Cloyster
|-supereffective|p1a: Cloyster
|-damage|p1a: Cloyster|0 fnt
|faint|p1a: Cloyster
|
|-fieldend|move: Psychic Terrain
|upkeep
|
|t:|1758309539
|switch|p1a: Slowking|Slowking-Galar, F|100/100 brn
|turn|12
|j| LegitimatePotato
|
|t:|1758309548
|move|p2a: Ogerpon|Ivy Cudgel|p1a: Slowking|[anim] Ivy Cudgel Water
|-damage|p1a: Slowking|55/100 brn
|move|p1a: Slowking|Trick Room|p1a: Slowking
|-fieldstart|move: Trick Room|[of] p1a: Slowking
|
|-heal|p1a: Slowking|61/100 brn|[from] item: Leftovers
|-damage|p1a: Slowking|55/100 brn|[from] brn
|upkeep
|turn|13
|
|t:|1758309555
|move|p1a: Slowking|Psychic Noise|p2a: Ogerpon
|-damage|p2a: Ogerpon|0 fnt
|faint|p2a: Ogerpon
|detailschange|p2: Ogerpon|Ogerpon-Wellspring, F|[silent]
|
|-heal|p1a: Slowking|61/100 brn|[from] item: Leftovers
|-damage|p1a: Slowking|55/100 brn|[from] brn
|-sideend|p1: Barronmaster|move: Aurora Veil
|upkeep
|
|t:|1758309561
|switch|p2a: Kingambit|Kingambit, F|8/100
|-activate|p2a: Kingambit|ability: Supreme Overlord
|-start|p2a: Kingambit|fallen3|[silent]
|turn|14
|
|t:|1758309587
|switch|p1a: Indeedee|Indeedee, M|62/100
|-fieldstart|move: Psychic Terrain|[from] ability: Psychic Surge|[of] p1a: Indeedee
|move|p2a: Kingambit|Iron Head|p1a: Indeedee
|-damage|p1a: Indeedee|0 fnt
|faint|p1a: Indeedee
|
|-heal|p2a: Kingambit|14/100|[from] item: Leftovers
|upkeep
|
|t:|1758309590
|switch|p1a: Slowking|Slowking-Galar, F|88/100 brn
|turn|15
|
|t:|1758309595
|move|p1a: Slowking|Flamethrower|p2a: Kingambit
|-supereffective|p2a: Kingambit
|-damage|p2a: Kingambit|0 fnt
|faint|p2a: Kingambit
|-end|p2a: Kingambit|fallen3|[silent]
|
|-heal|p1a: Slowking|94/100 brn|[from] item: Leftovers
|-damage|p1a: Slowking|88/100 brn|[from] brn
|upkeep
|
|t:|1758309600
|switch|p2a: Dragapult|Dragapult, M|100/100
|turn|16
|
|t:|1758309611
|move|p1a: Slowking|Psychic Noise|p2a: Dragapult
|-damage|p2a: Dragapult|30/100
|-start|p2a: Dragapult|move: Heal Block
|move|p2a: Dragapult|U-turn|p1a: Slowking
|-damage|p1a: Slowking|65/100 brn
|
|t:|1758309617
|switch|p2a: Great Tusk|Great Tusk|100/100|[from] U-turn
|
|-heal|p1a: Slowking|71/100 brn|[from] item: Leftovers
|-damage|p1a: Slowking|65/100 brn|[from] brn
|-fieldend|move: Trick Room
|upkeep
|turn|17
|
|t:|1758309626
|switch|p1a: Hoopa|Hoopa-Unbound, tera:Fire|28/100
|move|p2a: Great Tusk|Headlong Rush|p1a: Hoopa
|-supereffective|p1a: Hoopa
|-damage|p1a: Hoopa|0 fnt
|-unboost|p2a: Great Tusk|def|1
|-unboost|p2a: Great Tusk|spd|1
|replace|p1a: Zoroark|Zoroark, M
|-end|p1a: Zoroark|Illusion
|faint|p1a: Zoroark
|
|upkeep
|
|t:|1758309629
|switch|p1a: Hoopa|Hoopa-Unbound|100/100
|turn|18
|
|t:|1758309633
|move|p2a: Great Tusk|Headlong Rush|p1a: Hoopa
|-damage|p1a: Hoopa|0 fnt
|-unboost|p2a: Great Tusk|def|1
|-unboost|p2a: Great Tusk|spd|1
|faint|p1a: Hoopa
|
|-fieldend|move: Psychic Terrain
|upkeep
|-message|Barronmaster forfeited.
|
|win|sunny dancing
|raw|Barronmaster's rating: 1558 &rarr; <strong>1551</strong><br />(-7 for losing)
|raw|sunny dancing's rating: 1837 &rarr; <strong>1844</strong><br />(+7 for winning)
|l|☆sunny dancing
|player|p2|
|l|☆Barronmaster
|player|p1|
|l| LegitimatePotato
