|j|☆AmbipomSuperFan
|j|☆Chef Allen
|t:|1758313983
|gametype|singles
|player|p1|AmbipomSuperFan|swimmer|1167
|player|p2|Chef Allen|baker|1187
|gen|9
|tier|[Gen 9] OU
|rated|
|rule|HP Percentage Mod: HP is shown in percentages
|rule|Endless Battle Clause: Forcing endless battles is banned
|rule|Species Clause: Limit one of each Pokémon
|rule|OHKO Clause: OHKO moves are banned
|rule|Evasion Items Clause: Evasion items are banned
|rule|Evasion Moves Clause: Evasion moves are banned
|rule|Evasion Abilities Clause: Evasion abilities are banned
|rule|Sleep Moves Clause: Sleep-inducing moves are banned
|clearpoke
|poke|p1|Rotom-Wash|
|poke|p1|Weavile, F|
|poke|p1|Porygon-Z|
|poke|p1|Heatran, M|
|poke|p1|Yanmega, F|
|poke|p1|Torterra, F|
|poke|p2|Rotom-Heat|
|poke|p2|Dachsbun, M|
|poke|p2|Alcremie, F|
|poke|p2|Garganacl, M|
|poke|p2|Tatsugiri, F|
|poke|p2|Sinistcha-Masterpiece|
|teampreview
|inactive|Battle timer is ON: inactive players will automatically lose when time's up. (requested by Chef Allen)
|c|☆Chef Allen|glhf
|
|t:|1758314005
|teamsize|p1|6
|teamsize|p2|6
|start
|switch|p1a: Heatran|Heatran, M|100/100
|switch|p2a: The oven|Rotom-Heat|100/100
|turn|1
|
|t:|1758314020
|move|p2a: The oven|Volt Switch|p1a: Heatran
|-damage|p1a: Heatran|65/100
|
|t:|1758314023
|switch|p2a: sushi|Tatsugiri, F|100/100|[from] Volt Switch
|move|p1a: Heatran|Power Gem|p2a: sushi
|-damage|p2a: sushi|62/100
|-damage|p1a: Heatran|55/100|[from] item: Life Orb
|
|upkeep
|turn|2
|
|t:|1758314038
|switch|p1a: Rotom|Rotom-Wash|100/100
|move|p2a: sushi|Rapid Spin|p1a: Rotom
|-damage|p1a: Rotom|93/100
|-boost|p2a: sushi|spe|1
|
|-heal|p1a: Rotom|99/100|[from] item: Leftovers
|upkeep
|turn|3
|
|t:|1758314045
|move|p2a: sushi|Dragon Pulse|p1a: Rotom
|-damage|p1a: Rotom|52/100
|move|p1a: Rotom|Light Screen|p1a: Rotom
|-sidestart|p1: AmbipomSuperFan|move: Light Screen
|
|-heal|p1a: Rotom|59/100|[from] item: Leftovers
|upkeep
|turn|4
|
|t:|1758314053
|move|p2a: sushi|Dragon Pulse|p1a: Rotom
|-damage|p1a: Rotom|37/100
|move|p1a: Rotom|Thunder Wave|p2a: sushi
|-status|p2a: sushi|par
|
|-heal|p1a: Rotom|44/100|[from] item: Leftovers
|upkeep
|turn|5
|
|t:|1758314059
|move|p1a: Rotom|Discharge|p2a: sushi
|-damage|p2a: sushi|27/100 par
|move|p2a: sushi|Nasty Plot|p2a: sushi
|-boost|p2a: sushi|spa|2
|
|-heal|p1a: Rotom|50/100|[from] item: Leftovers
|upkeep
|turn|6
|
|t:|1758314068
|move|p1a: Rotom|Discharge|p2a: sushi
|-damage|p2a: sushi|0 fnt
|faint|p2a: sushi
|
|-heal|p1a: Rotom|56/100|[from] item: Leftovers
|upkeep
|
|t:|1758314070
|switch|p2a: The oven|Rotom-Heat|100/100
|turn|7
|
|t:|1758314079
|switch|p1a: Torterra|Torterra, F|100/100
|-terastallize|p2a: The oven|Electric
|move|p2a: The oven|Thunderbolt|p1a: Torterra
|-immune|p1a: Torterra
|
|-sideend|p1: AmbipomSuperFan|move: Light Screen
|upkeep
|turn|8
|
|t:|1758314088
|switch|p2a: Sinistcha|Sinistcha-Masterpiece|100/100
|move|p1a: Torterra|Shell Smash|p1a: Torterra
|-unboost|p1a: Torterra|def|1
|-unboost|p1a: Torterra|spd|1
|-boost|p1a: Torterra|atk|2
|-boost|p1a: Torterra|spa|2
|-boost|p1a: Torterra|spe|2
|-enditem|p1a: Torterra|White Herb
|-clearnegativeboost|p1a: Torterra|[silent]
|
|upkeep
|turn|9
|
|t:|1758314095
|move|p1a: Torterra|Wood Hammer|p2a: Sinistcha
|-resisted|p2a: Sinistcha
|-damage|p2a: Sinistcha|43/100
|-damage|p1a: Torterra|81/100|[from] Recoil
|move|p2a: Sinistcha|Matcha Gotcha|p1a: Torterra|[miss]
|-miss|p2a: Sinistcha|p1a: Torterra
|
|-heal|p2a: Sinistcha|49/100|[from] item: Leftovers
|upkeep
|turn|10
|
|t:|1758314105
|move|p2a: Sinistcha|Protect|p2a: Sinistcha
|-singleturn|p2a: Sinistcha|Protect
|move|p1a: Torterra|Wood Hammer|p2a: Sinistcha
|-activate|p2a: Sinistcha|move: Protect
|
|-heal|p2a: Sinistcha|55/100|[from] item: Leftovers
|upkeep
|turn|11
|
|t:|1758314110
|move|p1a: Torterra|Wood Hammer|p2a: Sinistcha
|-resisted|p2a: Sinistcha
|-damage|p2a: Sinistcha|0 fnt
|faint|p2a: Sinistcha
|-damage|p1a: Torterra|62/100|[from] Recoil
|
|upkeep
|
|t:|1758314116
|switch|p2a: The oven|Rotom-Heat, tera:Electric|100/100
|turn|12
|
|t:|1758314119
|move|p1a: Torterra|Headlong Rush|p2a: The oven
|-immune|p2a: The oven|[from] ability: Levitate
|move|p2a: The oven|Overheat|p1a: Torterra
|-supereffective|p1a: Torterra
|-damage|p1a: Torterra|0 fnt
|-unboost|p2a: The oven|spa|2
|faint|p1a: Torterra
|
|upkeep
|
|t:|1758314126
|switch|p1a: Heatran|Heatran, M|55/100
|turn|13
|
|t:|1758314132
|switch|p2a: bread|Dachsbun, M|100/100
|move|p1a: Heatran|Steel Beam|p2a: bread
|-supereffective|p2a: bread
|-damage|p2a: bread|0 fnt
|-damage|p1a: Heatran|5/100|[from] steelbeam
|faint|p2a: bread
|-damage|p1a: Heatran|0 fnt|[from] item: Life Orb
|faint|p1a: Heatran
|
|upkeep
|
|t:|1758314143
|switch|p2a: The oven|Rotom-Heat, tera:Electric|100/100
|switch|p1a: Yanmega|Yanmega, F|100/100
|turn|14
|
|t:|1758314153
|switch|p1a: Rotom|Rotom-Wash|56/100
|move|p2a: The oven|Volt Switch|p1a: Rotom
|-damage|p1a: Rotom|3/100
|
|t:|1758314156
|switch|p2a: Whipped cream|Alcremie, F|100/100|[from] Volt Switch
|
|-heal|p1a: Rotom|9/100|[from] item: Leftovers
|upkeep
|turn|15
|
|t:|1758314164
|move|p1a: Rotom|Discharge|p2a: Whipped cream
|-damage|p2a: Whipped cream|77/100
|move|p2a: Whipped cream|Calm Mind|p2a: Whipped cream
|-boost|p2a: Whipped cream|spa|1
|-boost|p2a: Whipped cream|spd|1
|
|-heal|p1a: Rotom|15/100|[from] item: Leftovers
|-heal|p2a: Whipped cream|84/100|[from] item: Leftovers
|upkeep
|turn|16
|
|t:|1758314172
|move|p1a: Rotom|Thunder Wave|p2a: Whipped cream
|-status|p2a: Whipped cream|par
|move|p2a: Whipped cream|Acid Armor|p2a: Whipped cream
|-boost|p2a: Whipped cream|def|2
|
|-heal|p1a: Rotom|22/100|[from] item: Leftovers
|-heal|p2a: Whipped cream|90/100 par|[from] item: Leftovers
|upkeep
|turn|17
|
|t:|1758314179
|move|p1a: Rotom|Hydro Pump|p2a: Whipped cream
|-damage|p2a: Whipped cream|70/100 par
|move|p2a: Whipped cream|Dazzling Gleam|p1a: Rotom
|-damage|p1a: Rotom|0 fnt
|faint|p1a: Rotom
|
|-heal|p2a: Whipped cream|77/100 par|[from] item: Leftovers
|upkeep
|
|t:|1758314184
|switch|p1a: Weavile|Weavile, F|100/100
|-ability|p1a: Weavile|Pressure
|turn|18
|
|t:|1758314190
|move|p1a: Weavile|Triple Axel|p2a: Whipped cream
|-damage|p2a: Whipped cream|70/100 par
|-damage|p2a: Whipped cream|59/100 par
|-damage|p2a: Whipped cream|42/100 par
|-hitcount|p2a: Whipped cream|3
|move|p2a: Whipped cream|Dazzling Gleam|p1a: Weavile
|-supereffective|p1a: Weavile
|-enditem|p1a: Weavile|Focus Sash
|-damage|p1a: Weavile|1/100
|
|-heal|p2a: Whipped cream|48/100 par|[from] item: Leftovers
|upkeep
|turn|19
|
|t:|1758314199
|move|p1a: Weavile|Triple Axel|p2a: Whipped cream
|-damage|p2a: Whipped cream|41/100 par
|-damage|p2a: Whipped cream|30/100 par
|-damage|p2a: Whipped cream|12/100 par
|-hitcount|p2a: Whipped cream|3
|move|p2a: Whipped cream|Dazzling Gleam|p1a: Weavile
|-supereffective|p1a: Weavile
|-damage|p1a: Weavile|0 fnt
|faint|p1a: Weavile
|
|-heal|p2a: Whipped cream|18/100 par|[from] item: Leftovers
|upkeep
|
|t:|1758314208
|switch|p1a: Porygon-Z|Porygon-Z|100/100
|turn|20
|
|t:|1758314213
|move|p1a: Porygon-Z|Tri Attack|p2a: Whipped cream
|-damage|p2a: Whipped cream|0 fnt
|faint|p2a: Whipped cream
|
|upkeep
|
|t:|1758314216
|switch|p2a: Salt|Garganacl, M|100/100
|turn|21
|
|t:|1758314223
|switch|p1a: Yanmega|Yanmega, F|100/100
|move|p2a: Salt|Stealth Rock|p1a: Yanmega
|-sidestart|p1: AmbipomSuperFan|move: Stealth Rock
|
|upkeep
|turn|22
|
|t:|1758314232
|move|p1a: Yanmega|Bug Buzz|p2a: Salt
|-damage|p2a: Salt|46/100
|move|p2a: Salt|Salt Cure|p1a: Yanmega
|-supereffective|p1a: Yanmega
|-damage|p1a: Yanmega|30/100
|-start|p1a: Yanmega|Salt Cure
|
|-heal|p2a: Salt|52/100|[from] item: Leftovers
|-damage|p1a: Yanmega|18/100|[from] Salt Cure
|upkeep
|turn|23
|
|t:|1758314242
|move|p2a: Salt|Protect|p2a: Salt
|-singleturn|p2a: Salt|Protect
|move|p1a: Yanmega|Bug Buzz|p2a: Salt
|-activate|p2a: Salt|move: Protect
|
|-heal|p2a: Salt|58/100|[from] item: Leftovers
|-damage|p1a: Yanmega|5/100|[from] Salt Cure
|upkeep
|turn|24
|
|t:|1758314259
|move|p1a: Yanmega|Bug Buzz|p2a: Salt
|-damage|p2a: Salt|1/100
|move|p2a: Salt|Recover|p2a: Salt
|-heal|p2a: Salt|51/100
|
|-heal|p2a: Salt|58/100|[from] item: Leftovers
|-damage|p1a: Yanmega|0 fnt|[from] Salt Cure
|faint|p1a: Yanmega
|upkeep
|
|t:|1758314264
|switch|p1a: Porygon-Z|Porygon-Z|100/100
|-damage|p1a: Porygon-Z|88/100|[from] Stealth Rock
|turn|25
|
|t:|1758314271
|-terastallize|p1a: Porygon-Z|Normal
|move|p1a: Porygon-Z|Tri Attack|p2a: Salt
|-resisted|p2a: Salt
|-damage|p2a: Salt|27/100
|move|p2a: Salt|Salt Cure|p1a: Porygon-Z
|-damage|p1a: Porygon-Z|69/100
|-start|p1a: Porygon-Z|Salt Cure
|
|-heal|p2a: Salt|34/100|[from] item: Leftovers
|-damage|p1a: Porygon-Z|56/100|[from] Salt Cure
|upkeep
|turn|26
|
|t:|1758314278
|move|p2a: Salt|Protect|p2a: Salt
|-singleturn|p2a: Salt|Protect
|move|p1a: Porygon-Z|Tri Attack|p2a: Salt
|-activate|p2a: Salt|move: Protect
|
|-heal|p2a: Salt|40/100|[from] item: Leftovers
|-damage|p1a: Porygon-Z|44/100|[from] Salt Cure
|upkeep
|turn|27
|
|t:|1758314280
|move|p1a: Porygon-Z|Tri Attack|p2a: Salt
|-resisted|p2a: Salt
|-damage|p2a: Salt|11/100
|move|p2a: Salt|Recover|p2a: Salt
|-heal|p2a: Salt|61/100
|
|-heal|p2a: Salt|67/100|[from] item: Leftovers
|-damage|p1a: Porygon-Z|32/100|[from] Salt Cure
|upkeep
|turn|28
|
|t:|1758314283
|move|p2a: Salt|Protect|p2a: Salt
|-singleturn|p2a: Salt|Protect
|move|p1a: Porygon-Z|Tri Attack|p2a: Salt
|-activate|p2a: Salt|move: Protect
|
|-heal|p2a: Salt|73/100|[from] item: Leftovers
|-damage|p1a: Porygon-Z|20/100|[from] Salt Cure
|upkeep
|turn|29
|
|t:|1758314285
|move|p1a: Porygon-Z|Tri Attack|p2a: Salt
|-resisted|p2a: Salt
|-damage|p2a: Salt|41/100
|move|p2a: Salt|Recover|p2a: Salt
|-heal|p2a: Salt|91/100
|
|-heal|p2a: Salt|98/100|[from] item: Leftovers
|-damage|p1a: Porygon-Z|8/100|[from] Salt Cure
|upkeep
|turn|30
|-message|AmbipomSuperFan forfeited.
|
|win|Chef Allen
|raw|AmbipomSuperFan's rating: 1167 &rarr; <strong>1143</strong><br />(-24 for losing)
|raw|Chef Allen's rating: 1187 &rarr; <strong>1211</strong><br />(+24 for winning)
|l|☆AmbipomSuperFan
|player|p1|
|l|☆Chef Allen
|player|p2|
