|j|☆KingDangoz5
|j|☆notmeezo
|t:|1758296773
|gametype|singles
|player|p1|KingDangoz5|flint|1354
|player|p2|notmeezo|lucas|1401
|gen|9
|tier|[Gen 9] OU
|rated|
|rule|HP Percentage Mod: HP is shown in percentages
|rule|Endless Battle Clause: Forcing endless battles is banned
|rule|Species Clause: Limit one of each Pokémon
|rule|OHKO Clause: OHKO moves are banned
|rule|Evasion Items Clause: Evasion items are banned
|rule|Evasion Moves Clause: Evasion moves are banned
|rule|Evasion Abilities Clause: Evasion abilities are banned
|rule|Sleep Moves Clause: Sleep-inducing moves are banned
|clearpoke
|poke|p1|Moltres|
|poke|p1|Iron Treads|
|poke|p1|Gholdengo|
|poke|p1|Slowking-Galar, F|
|poke|p1|Darkrai|
|poke|p1|Dragonite, F|
|poke|p2|Zamazenta-*|
|poke|p2|Serperior, M|
|poke|p2|Rotom-Heat|
|poke|p2|Corviknight, M|
|poke|p2|Gliscor, M|
|poke|p2|Ogerpon-Wellspring, F|
|teampreview
|inactive|Battle timer is ON: inactive players will automatically lose when time's up. (requested by notmeezo)
|
|t:|1758296788
|teamsize|p1|6
|teamsize|p2|6
|start
|switch|p1a: Omega|Iron Treads, shiny|100/100
|switch|p2a: Telkom|Rotom-Heat|100/100
|-enditem|p1a: Omega|Booster Energy
|-activate|p1a: Omega|ability: Quark Drive|[fromitem]
|-start|p1a: Omega|quarkdrivespe
|turn|1
|
|t:|1758296796
|move|p1a: Omega|Stealth Rock|p2a: Telkom
|-sidestart|p2: notmeezo|move: Stealth Rock
|move|p2a: Telkom|Overheat|p1a: Omega|[miss]
|-miss|p2a: Telkom|p1a: Omega
|
|upkeep
|turn|2
|
|t:|1758296803
|switch|p2a: Mystic|Ogerpon-Wellspring, F|100/100
|-damage|p2a: Mystic|88/100|[from] Stealth Rock
|move|p1a: Omega|Knock Off|p2a: Mystic
|-damage|p2a: Mystic|62/100
|
|upkeep
|turn|3
|
|t:|1758296813
|move|p1a: Omega|Knock Off|p2a: Mystic
|-damage|p2a: Mystic|35/100
|move|p2a: Mystic|Ivy Cudgel|p1a: Omega|[anim] Ivy Cudgel Water
|-supereffective|p1a: Omega
|-damage|p1a: Omega|0 fnt
|faint|p1a: Omega
|-end|p1a: Omega|Quark Drive|[silent]
|
|upkeep
|
|t:|1758296818
|switch|p1a: Dismember|Darkrai|100/100
|turn|4
|inactive|notmeezo has 120 seconds left.
|
|t:|1758296851
|move|p1a: Dismember|Sludge Bomb|p2a: Mystic
|-supereffective|p2a: Mystic
|-damage|p2a: Mystic|0 fnt
|faint|p2a: Mystic
|-damage|p1a: Dismember|91/100|[from] item: Life Orb
|
|upkeep
|
|t:|1758296855
|switch|p2a: Shield|Zamazenta|100/100
|-damage|p2a: Shield|94/100|[from] Stealth Rock
|-ability|p2a: Shield|Dauntless Shield|boost
|-boost|p2a: Shield|def|1
|turn|5
|
|t:|1758296863
|switch|p1a: Jollibee|Moltres, shiny|100/100
|move|p2a: Shield|Body Press|p1a: Jollibee
|-resisted|p1a: Jollibee
|-damage|p1a: Jollibee|83/100
|-status|p2a: Shield|brn|[from] ability: Flame Body|[of] p1a: Jollibee
|
|-damage|p2a: Shield|88/100 brn|[from] brn
|upkeep
|turn|6
|
|t:|1758296871
|switch|p2a: Telkom|Rotom-Heat|100/100
|-damage|p2a: Telkom|76/100|[from] Stealth Rock
|move|p1a: Jollibee|U-turn|p2a: Telkom
|-resisted|p2a: Telkom
|-damage|p2a: Telkom|67/100
|
|t:|1758296878
|switch|p1a: Oscar|Slowking-Galar, F, shiny|100/100|[from] U-turn
|
|upkeep
|turn|7
|
|t:|1758296882
|move|p2a: Telkom|Volt Switch|p1a: Oscar
|-damage|p1a: Oscar|80/100
|
|t:|1758296886
|switch|p2a: Pinch|Gliscor, M|100/100|[from] Volt Switch
|-damage|p2a: Pinch|88/100|[from] Stealth Rock
|move|p1a: Oscar|Future Sight|p2a: Pinch
|-start|p1a: Oscar|move: Future Sight
|
|-heal|p1a: Oscar|87/100|[from] item: Leftovers
|-status|p2a: Pinch|tox|[from] item: Toxic Orb
|upkeep
|turn|8
|
|t:|1758296891
|move|p2a: Pinch|Stealth Rock|p1a: Oscar
|-sidestart|p1: KingDangoz5|move: Stealth Rock
|-prepare|p1a: Oscar|Chilly Reception|[premajor]
|move|p1a: Oscar|Chilly Reception|p1a: Oscar
|-weather|Snowscape
|
|t:|1758296896
|switch|p1a: Dismember|Darkrai|91/100|[from] Chilly Reception
|-damage|p1a: Dismember|78/100|[from] Stealth Rock
|
|-weather|Snowscape|[upkeep]
|-heal|p2a: Pinch|100/100 tox|[from] ability: Poison Heal
|upkeep
|turn|9
|
|t:|1758296915
|move|p1a: Dismember|Ice Beam|p2a: Pinch
|-supereffective|p2a: Pinch
|-damage|p2a: Pinch|0 fnt
|faint|p2a: Pinch
|-damage|p1a: Dismember|68/100|[from] item: Life Orb
|
|-weather|Snowscape|[upkeep]
|-hint|Future Sight did not hit because the target is fainted.
|upkeep
|
|t:|1758296920
|switch|p2a: Shield|Zamazenta|88/100 brn
|-damage|p2a: Shield|82/100 brn|[from] Stealth Rock
|turn|10
|inactive|KingDangoz5 has 120 seconds left.
|
|t:|1758296957
|switch|p2a: Fuzzy|Serperior, M|100/100
|-damage|p2a: Fuzzy|88/100|[from] Stealth Rock
|switch|p1a: Jollibee|Moltres, shiny|83/100
|
|-weather|Snowscape|[upkeep]
|-heal|p2a: Fuzzy|94/100|[from] item: Leftovers
|upkeep
|turn|11
|inactive|KingDangoz5 has 120 seconds left.
|inactive|notmeezo has 120 seconds left.
|
|t:|1758296994
|-terastallize|p2a: Fuzzy|Electric
|move|p2a: Fuzzy|Leaf Storm|p1a: Jollibee
|-resisted|p1a: Jollibee
|-damage|p1a: Jollibee|74/100
|-boost|p2a: Fuzzy|spa|2
|move|p1a: Jollibee|Flamethrower|p2a: Fuzzy
|-damage|p2a: Fuzzy|53/100
|
|-weather|Snowscape|[upkeep]
|-heal|p2a: Fuzzy|60/100|[from] item: Leftovers
|upkeep
|turn|12
|inactive|notmeezo has 120 seconds left.
|inactive|KingDangoz5 has 90 seconds left.
|
|t:|1758297027
|move|p2a: Fuzzy|Tera Blast|p1a: Jollibee|[anim] Tera Blast Electric
|-supereffective|p1a: Jollibee
|-crit|p1a: Jollibee
|-damage|p1a: Jollibee|0 fnt
|faint|p1a: Jollibee
|
|-weather|none
|-heal|p2a: Fuzzy|66/100|[from] item: Leftovers
|upkeep
|
|t:|1758297032
|switch|p1a: Arthur|Dragonite, F, shiny|100/100
|turn|13
|
|t:|1758297042
|move|p2a: Fuzzy|Glare|p1a: Arthur
|-status|p1a: Arthur|par
|move|p1a: Arthur|Earthquake|p2a: Fuzzy
|-supereffective|p2a: Fuzzy
|-damage|p2a: Fuzzy|0 fnt
|faint|p2a: Fuzzy
|
|upkeep
|
|t:|1758297049
|switch|p2a: Shield|Zamazenta|82/100 brn
|-damage|p2a: Shield|76/100 brn|[from] Stealth Rock
|turn|14
|
|t:|1758297055
|move|p2a: Shield|Iron Defense|p2a: Shield
|-boost|p2a: Shield|def|2
|move|p1a: Arthur|Dragon Dance|p1a: Arthur
|-boost|p1a: Arthur|atk|1
|-boost|p1a: Arthur|spe|1
|
|-damage|p2a: Shield|70/100 brn|[from] brn
|upkeep
|turn|15
|
|t:|1758297068
|-terastallize|p1a: Arthur|Flying
|move|p2a: Shield|Ice Fang|p1a: Arthur
|-supereffective|p1a: Arthur
|-damage|p1a: Arthur|88/100 par
|move|p1a: Arthur|Tera Blast|p2a: Shield|[anim] Tera Blast Flying
|-supereffective|p2a: Shield
|-damage|p2a: Shield|0 fnt
|faint|p2a: Shield
|
|upkeep
|
|t:|1758297075
|switch|p2a: Telkom|Rotom-Heat|67/100
|-damage|p2a: Telkom|42/100|[from] Stealth Rock
|turn|16
|
|t:|1758297080
|move|p2a: Telkom|Volt Switch|p1a: Arthur
|-supereffective|p1a: Arthur
|-damage|p1a: Arthur|10/100 par
|
|t:|1758297084
|switch|p2a: Corviknight|Corviknight, M|100/100|[from] Volt Switch
|-damage|p2a: Corviknight|88/100|[from] Stealth Rock
|move|p1a: Arthur|Tera Blast|p2a: Corviknight|[anim] Tera Blast Flying
|-resisted|p2a: Corviknight
|-damage|p2a: Corviknight|60/100
|
|upkeep
|turn|17
|inactive|KingDangoz5 has 120 seconds left.
|
|t:|1758297092
|move|p1a: Arthur|Dragon Dance|p1a: Arthur
|-boost|p1a: Arthur|atk|1
|-boost|p1a: Arthur|spe|1
|move|p2a: Corviknight|Defog|p1a: Arthur
|-unboost|p1a: Arthur|evasion|1
|-sideend|p1: KingDangoz5|Stealth Rock|[from] move: Defog|[of] p2a: Corviknight
|-sideend|p2: notmeezo|Stealth Rock|[from] move: Defog|[of] p2a: Corviknight
|
|upkeep
|turn|18
|
|t:|1758297097
|move|p1a: Arthur|Ice Spinner|p2a: Corviknight
|-damage|p2a: Corviknight|26/100
|-damage|p1a: Arthur|0 fnt|[from] item: Rocky Helmet|[of] p2a: Corviknight
|faint|p1a: Arthur
|move|p2a: Corviknight|Body Press|p1: Arthur|[notarget]
|-fail|p2a: Corviknight
|
|upkeep
|
|t:|1758297105
|switch|p1a: Dismember|Darkrai|68/100
|turn|19
|
|t:|1758297113
|move|p1a: Dismember|Dark Pulse|p2a: Corviknight
|-damage|p2a: Corviknight|0 fnt
|faint|p2a: Corviknight
|-damage|p1a: Dismember|58/100|[from] item: Life Orb
|
|upkeep
|
|t:|1758297115
|switch|p2a: Telkom|Rotom-Heat|42/100
|turn|20
|
|t:|1758297127
|move|p1a: Dismember|Dark Pulse|p2a: Telkom
|-damage|p2a: Telkom|0 fnt
|faint|p2a: Telkom
|-damage|p1a: Dismember|48/100|[from] item: Life Orb
|
|win|KingDangoz5
|raw|KingDangoz5's rating: 1354 &rarr; <strong>1377</strong><br />(+23 for winning)
|raw|notmeezo's rating: 1401 &rarr; <strong>1378</strong><br />(-23 for losing)
|l|☆notmeezo
|player|p2|
|j| Giragono
|l| Giragono
|l|☆KingDangoz5
|player|p1|
|j|☆KingDangoz5
|player|p1|KingDangoz5|flint|
