|j|☆Kexvin01
|j|☆365partyguy
|t:|1758312401
|gametype|singles
|player|p1|Kexvin01|102|1102
|player|p2|365partyguy|doctor|1108
|gen|9
|tier|[Gen 9] OU
|rated|
|rule|HP Percentage Mod: HP is shown in percentages
|rule|Endless Battle Clause: Forcing endless battles is banned
|rule|Species Clause: Limit one of each Pokémon
|rule|OHKO Clause: OHKO moves are banned
|rule|Evasion Items Clause: Evasion items are banned
|rule|Evasion Moves Clause: Evasion moves are banned
|rule|Evasion Abilities Clause: Evasion abilities are banned
|rule|Sleep Moves Clause: Sleep-inducing moves are banned
|clearpoke
|poke|p1|Ceruledge, F|
|poke|p1|Deoxys-Speed|
|poke|p1|Azumarill, M|
|poke|p1|Garchomp, F|
|poke|p1|Scizor, F|
|poke|p1|Mandibuzz, F|
|poke|p2|Slowbro, F|
|poke|p2|Misdreavus, F|
|poke|p2|Jirachi|
|poke|p2|Okidogi, M|
|poke|p2|Duraludon, F|
|poke|p2|Glimmora, M|
|teampreview
|inactive|Battle timer is ON: inactive players will automatically lose when time's up. (requested by 365partyguy)
|
|t:|1758312421
|teamsize|p1|6
|teamsize|p2|6
|start
|switch|p1a: Garchomp|Garchomp, F|100/100
|switch|p2a: Glimmora|Glimmora, M|100/100
|turn|1
|
|t:|1758312447
|switch|p1a: Deoxys|Deoxys-Speed|100/100
|-ability|p1a: Deoxys|Pressure
|move|p2a: Glimmora|Earth Power|p1a: Deoxys
|-damage|p1a: Deoxys|51/100
|
|upkeep
|turn|2
|
|t:|1758312461
|move|p1a: Deoxys|Psycho Boost|p2a: Glimmora
|-supereffective|p2a: Glimmora
|-damage|p2a: Glimmora|0 fnt
|-unboost|p1a: Deoxys|spa|2
|faint|p2a: Glimmora
|-damage|p1a: Deoxys|41/100|[from] item: Life Orb
|
|upkeep
|
|t:|1758312472
|switch|p2a: Slowbro|Slowbro, F|100/100
|turn|3
|
|t:|1758312492
|switch|p1a: Garchomp|Garchomp, F|100/100
|move|p2a: Slowbro|Flamethrower|p1a: Garchomp
|-resisted|p1a: Garchomp
|-damage|p1a: Garchomp|91/100
|
|upkeep
|turn|4
|
|t:|1758312502
|move|p1a: Garchomp|Stealth Rock|p2a: Slowbro
|-sidestart|p2: 365partyguy|move: Stealth Rock
|move|p2a: Slowbro|Scald|p1a: Garchomp
|-damage|p1a: Garchomp|67/100
|
|upkeep
|turn|5
|
|t:|1758312509
|move|p1a: Garchomp|Spikes|p2a: Slowbro
|-sidestart|p2: 365partyguy|Spikes
|move|p2a: Slowbro|Psychic Noise|p1a: Garchomp
|-damage|p1a: Garchomp|44/100
|-start|p1a: Garchomp|move: Heal Block
|
|upkeep
|turn|6
|
|t:|1758312517
|move|p1a: Garchomp|Spikes|p2a: Slowbro
|-sidestart|p2: 365partyguy|Spikes
|move|p2a: Slowbro|Scald|p1a: Garchomp
|-crit|p1a: Garchomp
|-damage|p1a: Garchomp|10/100
|-status|p1a: Garchomp|brn
|
|-damage|p1a: Garchomp|4/100 brn|[from] brn
|-end|p1a: Garchomp|move: Heal Block
|upkeep
|turn|7
|
|t:|1758312531
|switch|p2a: Misdreavus|Misdreavus, F|100/100
|-damage|p2a: Misdreavus|88/100|[from] Stealth Rock
|move|p1a: Garchomp|Spikes|p2a: Misdreavus
|-sidestart|p2: 365partyguy|Spikes
|
|-damage|p1a: Garchomp|0 fnt|[from] brn
|faint|p1a: Garchomp
|upkeep
|
|t:|1758312545
|switch|p1a: Scizor|Scizor, F|100/100
|turn|8
|
|t:|1758312552
|move|p2a: Misdreavus|Calm Mind|p2a: Misdreavus
|-boost|p2a: Misdreavus|spa|1
|-boost|p2a: Misdreavus|spd|1
|move|p1a: Scizor|Swords Dance|p1a: Scizor
|-boost|p1a: Scizor|atk|2
|
|upkeep
|turn|9
|
|t:|1758312559
|move|p2a: Misdreavus|Calm Mind|p2a: Misdreavus
|-boost|p2a: Misdreavus|spa|1
|-boost|p2a: Misdreavus|spd|1
|move|p1a: Scizor|Knock Off|p2a: Misdreavus
|-supereffective|p2a: Misdreavus
|-damage|p2a: Misdreavus|0 fnt
|-enditem|p2a: Misdreavus|Eviolite|[from] move: Knock Off|[of] p1a: Scizor
|faint|p2a: Misdreavus
|
|upkeep
|
|t:|1758312567
|switch|p2a: Slowbro|Slowbro, F|100/100
|-damage|p2a: Slowbro|88/100|[from] Stealth Rock
|-damage|p2a: Slowbro|63/100|[from] Spikes
|turn|10
|
|t:|1758312573
|move|p1a: Scizor|Knock Off|p2a: Slowbro
|-supereffective|p2a: Slowbro
|-damage|p2a: Slowbro|0 fnt
|-enditem|p2a: Slowbro|Leftovers|[from] move: Knock Off|[of] p1a: Scizor
|faint|p2a: Slowbro
|
|upkeep
|-message|365partyguy forfeited.
|
|win|Kexvin01
|raw|Kexvin01's rating: 1102 &rarr; <strong>1127</strong><br />(+25 for winning)
|raw|365partyguy's rating: 1108 &rarr; <strong>1083</strong><br />(-25 for losing)
|l|☆365partyguy
|player|p2|
|l|☆Kexvin01
|player|p1|
