|j|☆itkenreiza
|j|☆Crooksieee
|t:|1758243547
|gametype|singles
|player|p1|itkenreiza|1|1532
|player|p2|Crooksieee|102|1576
|gen|9
|tier|[Gen 9] OU
|rated|
|rule|HP Percentage Mod: HP is shown in percentages
|rule|Endless Battle Clause: Forcing endless battles is banned
|rule|Species Clause: Limit one of each Pokémon
|rule|OHKO Clause: OHKO moves are banned
|rule|Evasion Items Clause: Evasion items are banned
|rule|Evasion Moves Clause: Evasion moves are banned
|rule|Evasion Abilities Clause: Evasion abilities are banned
|rule|Sleep Moves Clause: Sleep-inducing moves are banned
|clearpoke
|poke|p1|Enamorus, F|
|poke|p1|Basculegion, M|
|poke|p1|Politoed, F|
|poke|p1|Iron Treads|
|poke|p1|Toxicroak, M|
|poke|p1|Tornadus-Therian, M|
|poke|p2|Ninetales-Alola, M|
|poke|p2|Scizor, M|
|poke|p2|Glimmora, M|
|poke|p2|Samurott-Hisui, M|
|poke|p2|Landorus-Therian, M|
|poke|p2|Dragapult, M|
|teampreview
|inactive|Battle timer is ON: inactive players will automatically lose when time's up. (requested by itkenreiza)
|j| TheGreatestBot
|
|t:|1758243577
|teamsize|p1|6
|teamsize|p2|6
|start
|switch|p1a: Politoed|Politoed, F|100/100
|switch|p2a: Samurott|Samurott-Hisui, M|100/100
|-weather|RainDance|[from] ability: Drizzle|[of] p1a: Politoed
|turn|1
|
|t:|1758243587
|switch|p1a: Toxicroak|Toxicroak, M|100/100
|move|p2a: Samurott|Ceaseless Edge|p1a: Toxicroak
|-resisted|p1a: Toxicroak
|-damage|p1a: Toxicroak|78/100
|-damage|p2a: Samurott|84/100|[from] item: Rocky Helmet|[of] p1a: Toxicroak
|-sidestart|p1: itkenreiza|Spikes
|
|-weather|RainDance|[upkeep]
|-heal|p1a: Toxicroak|91/100|[from] ability: Dry Skin
|upkeep
|turn|2
|
|t:|1758243603
|switch|p2a: Dragapult|Dragapult, M|100/100
|move|p1a: Toxicroak|Knock Off|p2a: Dragapult
|-supereffective|p2a: Dragapult
|-damage|p2a: Dragapult|39/100
|-enditem|p2a: Dragapult|Eject Pack|[from] move: Knock Off|[of] p1a: Toxicroak
|
|-weather|RainDance|[upkeep]
|-heal|p1a: Toxicroak|100/100|[from] ability: Dry Skin
|upkeep
|turn|3
|inactive|Crooksieee has 120 seconds left.
|
|t:|1758243646
|move|p2a: Dragapult|Will-O-Wisp|p1a: Toxicroak
|-status|p1a: Toxicroak|brn
|move|p1a: Toxicroak|Knock Off|p2a: Dragapult
|-supereffective|p2a: Dragapult
|-damage|p2a: Dragapult|16/100
|
|-weather|RainDance|[upkeep]
|-damage|p1a: Toxicroak|94/100 brn|[from] brn
|upkeep
|turn|4
|
|t:|1758243667
|move|p2a: Dragapult|Hex|p1a: Toxicroak
|-crit|p1a: Toxicroak
|-damage|p1a: Toxicroak|0 fnt
|faint|p1a: Toxicroak
|
|-weather|RainDance|[upkeep]
|upkeep
|
|t:|1758243672
|switch|p1a: Basculegion|Basculegion, M|100/100
|-damage|p1a: Basculegion|88/100|[from] Spikes
|turn|5
|
|t:|1758243688
|switch|p2a: Samurott|Samurott-Hisui, M|84/100
|move|p1a: Basculegion|Flip Turn|p2a: Samurott
|-resisted|p2a: Samurott
|-damage|p2a: Samurott|46/100
|
|t:|1758243702
|switch|p1a: Tornadus|Tornadus-Therian, M|100/100|[from] Flip Turn
|
|-weather|RainDance|[upkeep]
|upkeep
|turn|6
|
|t:|1758243713
|switch|p2a: Landorus|Landorus-Therian, M|100/100
|-ability|p2a: Landorus|Intimidate|boost
|-unboost|p1a: Tornadus|atk|1
|move|p1a: Tornadus|U-turn|p2a: Landorus
|-resisted|p2a: Landorus
|-damage|p2a: Landorus|95/100
|-damage|p1a: Tornadus|84/100|[from] item: Rocky Helmet|[of] p2a: Landorus
|
|t:|1758243719
|switch|p1a: Basculegion|Basculegion, M|88/100|[from] U-turn
|-damage|p1a: Basculegion|76/100|[from] Spikes
|
|-weather|RainDance|[upkeep]
|upkeep
|turn|7
|
|t:|1758243729
|switch|p2a: Ninetales|Ninetales-Alola, M|100/100
|-weather|Snowscape|[from] ability: Snow Warning|[of] p2a: Ninetales
|move|p1a: Basculegion|Flip Turn|p2a: Ninetales
|-damage|p2a: Ninetales|62/100
|
|t:|1758243733
|switch|p1a: Iron Treads|Iron Treads|100/100|[from] Flip Turn
|
|-weather|Snowscape|[upkeep]
|upkeep
|turn|8
|
|t:|1758243740
|move|p2a: Ninetales|Aurora Veil|p2a: Ninetales
|-sidestart|p2: Crooksieee|move: Aurora Veil
|move|p1a: Iron Treads|Stealth Rock|p2a: Ninetales
|-sidestart|p2: Crooksieee|move: Stealth Rock
|
|-weather|Snowscape|[upkeep]
|upkeep
|turn|9
|
|t:|1758243747
|switch|p2a: Landorus|Landorus-Therian, M|95/100
|-damage|p2a: Landorus|83/100|[from] Stealth Rock
|-ability|p2a: Landorus|Intimidate|boost
|-unboost|p1a: Iron Treads|atk|1
|move|p1a: Iron Treads|Earthquake|p2a: Landorus
|-immune|p2a: Landorus
|
|-weather|Snowscape|[upkeep]
|upkeep
|turn|10
|
|t:|1758243764
|move|p1a: Iron Treads|Rapid Spin|p2a: Landorus
|-damage|p2a: Landorus|79/100
|-boost|p1a: Iron Treads|spe|1
|-damage|p1a: Iron Treads|84/100|[from] item: Rocky Helmet|[of] p2a: Landorus
|-sideend|p1: itkenreiza|Spikes|[from] move: Rapid Spin|[of] p1a: Iron Treads
|move|p2a: Landorus|Stealth Rock|p1a: Iron Treads
|-sidestart|p1: itkenreiza|move: Stealth Rock
|
|-weather|Snowscape|[upkeep]
|upkeep
|turn|11
|
|t:|1758243774
|-end|p1a: Iron Treads|Quark Drive|[silent]
|switch|p1a: Tornadus|Tornadus-Therian, M|100/100
|-damage|p1a: Tornadus|76/100|[from] Stealth Rock
|move|p2a: Landorus|Earthquake|p1a: Tornadus
|-immune|p1a: Tornadus
|
|-weather|none
|upkeep
|turn|12
|
|t:|1758243782
|switch|p1a: Iron Treads|Iron Treads|84/100
|move|p2a: Landorus|Smack Down|p1a: Iron Treads
|-resisted|p1a: Iron Treads
|-damage|p1a: Iron Treads|81/100
|
|upkeep
|turn|13
|
|t:|1758243791
|move|p1a: Iron Treads|Rapid Spin|p2a: Landorus
|-crit|p2a: Landorus
|-damage|p2a: Landorus|59/100
|-boost|p1a: Iron Treads|spe|1
|-damage|p1a: Iron Treads|64/100|[from] item: Rocky Helmet|[of] p2a: Landorus
|-sideend|p1: itkenreiza|Stealth Rock|[from] move: Rapid Spin|[of] p1a: Iron Treads
|move|p2a: Landorus|Earthquake|p1a: Iron Treads
|-supereffective|p1a: Iron Treads
|-damage|p1a: Iron Treads|0 fnt
|faint|p1a: Iron Treads
|-end|p1a: Iron Treads|Quark Drive|[silent]
|
|upkeep
|inactive|itkenreiza has 120 seconds left.
|
|t:|1758243822
|switch|p1a: Basculegion|Basculegion, M|76/100
|turn|14
|inactive|Crooksieee has 120 seconds left.
|
|t:|1758243852
|move|p2a: Landorus|Earthquake|p1a: Basculegion
|-damage|p1a: Basculegion|3/100
|move|p1a: Basculegion|Wave Crash|p2a: Landorus
|-supereffective|p2a: Landorus
|-damage|p2a: Landorus|0 fnt
|-damage|p1a: Basculegion|0 fnt|[from] item: Rocky Helmet|[of] p2a: Landorus
|faint|p2a: Landorus
|faint|p1a: Basculegion
|
|upkeep
|inactive|Crooksieee has 120 seconds left.
|
|t:|1758243869
|switch|p2a: Samurott|Samurott-Hisui, M|46/100
|switch|p1a: Enamorus|Enamorus, F|100/100
|-damage|p2a: Samurott|33/100|[from] Stealth Rock
|turn|15
|
|t:|1758243876
|move|p1a: Enamorus|Superpower|p2a: Samurott
|-supereffective|p2a: Samurott
|-damage|p2a: Samurott|5/100
|-boost|p1a: Enamorus|atk|1
|-boost|p1a: Enamorus|def|1
|move|p2a: Samurott|Aqua Cutter|p1a: Enamorus
|-damage|p1a: Enamorus|41/100
|
|-sideend|p2: Crooksieee|move: Aurora Veil
|upkeep
|turn|16
|inactive|Crooksieee has 120 seconds left.
|-message|itkenreiza forfeited.
|
|win|Crooksieee
|raw|itkenreiza's rating: 1532 &rarr; <strong>1515</strong><br />(-17 for losing)
|raw|Crooksieee's rating: 1576 &rarr; <strong>1593</strong><br />(+17 for winning)
|l|☆itkenreiza
|player|p1|
|l|☆Crooksieee
|player|p2|
|l| TheGreatestBot
