|j|☆oujoc
|j|☆big amogus
|t:|1758309260
|gametype|singles
|player|p1|oujoc|1|1144
|player|p2|big amogus|unknown|1118
|gen|9
|tier|[Gen 9] OU
|rated|
|rule|HP Percentage Mod: HP is shown in percentages
|rule|Endless Battle Clause: Forcing endless battles is banned
|rule|Species Clause: Limit one of each Pokémon
|rule|OHKO Clause: OHKO moves are banned
|rule|Evasion Items Clause: Evasion items are banned
|rule|Evasion Moves Clause: Evasion moves are banned
|rule|Evasion Abilities Clause: Evasion abilities are banned
|rule|Sleep Moves Clause: Sleep-inducing moves are banned
|clearpoke
|poke|p1|Garganacl, F|
|poke|p1|Gholdengo|
|poke|p1|Meowscarada, F|
|poke|p1|Weavile, F|
|poke|p1|Clodsire, F|
|poke|p1|Mabosstiff, F|
|poke|p2|Qwilfish-Hisui, M|
|poke|p2|Typhlosion-Hisui, F|
|poke|p2|Braviary-Hisui, M|
|poke|p2|Avalugg-Hisui, F|
|poke|p2|Goodra-Hisui, F|
|poke|p2|Electrode-Hisui|
|teampreview
|
|t:|1758309266
|teamsize|p1|6
|teamsize|p2|6
|start
|switch|p1a: Garganacl|Garganacl, F|100/100
|switch|p2a: Qwilfish|Qwilfish-Hisui, M|100/100
|-ability|p2a: Qwilfish|Intimidate|boost
|-unboost|p1a: Garganacl|atk|1
|turn|1
|
|t:|1758309288
|move|p2a: Qwilfish|Spikes|p1a: Garganacl
|-sidestart|p1: oujoc|Spikes
|move|p1a: Garganacl|Salt Cure|p2a: Qwilfish
|-damage|p2a: Qwilfish|93/100
|-start|p2a: Qwilfish|Salt Cure
|
|-damage|p2a: Qwilfish|81/100|[from] Salt Cure
|upkeep
|turn|2
|
|t:|1758309293
|switch|p2a: Electrode|Electrode-Hisui|100/100
|move|p1a: Garganacl|Stealth Rock|p2a: Electrode
|-sidestart|p2: big amogus|move: Stealth Rock
|
|upkeep
|turn|3
|
|t:|1758309310
|move|p2a: Electrode|Substitute|p2a: Electrode
|-start|p2a: Electrode|Substitute
|-damage|p2a: Electrode|76/100
|move|p1a: Garganacl|Explosion|p2a: Electrode
|-end|p2a: Electrode|Substitute
|faint|p1a: Garganacl
|
|-heal|p2a: Electrode|82/100|[from] item: Leftovers
|upkeep
|
|t:|1758309317
|switch|p1a: Meowscarada|Meowscarada, F|100/100
|-damage|p1a: Meowscarada|88/100|[from] Spikes
|turn|4
|
|t:|1758309327
|switch|p2a: Avalugg|Avalugg-Hisui, F|100/100
|move|p1a: Meowscarada|Acrobatics|p2a: Avalugg
|-start|p1a: Meowscarada|typechange|Flying|[from] ability: Protean
|-resisted|p2a: Avalugg
|-damage|p2a: Avalugg|92/100
|
|upkeep
|turn|5
|
|t:|1758309341
|switch|p1a: Gholdengo|Gholdengo|100/100
|-item|p1a: Gholdengo|Air Balloon
|move|p2a: Avalugg|Rapid Spin|p1a: Gholdengo
|-immune|p1a: Gholdengo
|
|upkeep
|turn|6
|
|t:|1758309350
|switch|p2a: Goodra|Goodra-Hisui, F|100/100
|-damage|p2a: Goodra|94/100|[from] Stealth Rock
|move|p1a: Gholdengo|Nasty Plot|p1a: Gholdengo
|-boost|p1a: Gholdengo|spa|2
|
|upkeep
|turn|7
|
|t:|1758309359
|-terastallize|p1a: Gholdengo|Steel
|move|p1a: Gholdengo|Make It Rain|p2a: Goodra
|-resisted|p2a: Goodra
|-damage|p2a: Goodra|52/100
|-unboost|p1a: Gholdengo|spa|1
|move|p2a: Goodra|Knock Off|p1a: Gholdengo
|-damage|p1a: Gholdengo|76/100
|-enditem|p1a: Gholdengo|Air Balloon
|
|upkeep
|turn|8
|
|t:|1758309368
|move|p1a: Gholdengo|Dazzling Gleam|p2a: Goodra
|-damage|p2a: Goodra|30/100
|move|p2a: Goodra|Rest|p2a: Goodra
|-status|p2a: Goodra|slp|[from] move: Rest
|-heal|p2a: Goodra|100/100 slp|[silent]
|-enditem|p2a: Goodra|Chesto Berry|[eat]
|-curestatus|p2a: Goodra|slp|[msg]
|
|upkeep
|turn|9
|
|t:|1758309372
|move|p1a: Gholdengo|Nasty Plot|p1a: Gholdengo
|-boost|p1a: Gholdengo|spa|2
|move|p2a: Goodra|Curse|p2a: Goodra
|-unboost|p2a: Goodra|spe|1
|-boost|p2a: Goodra|atk|1
|-boost|p2a: Goodra|def|1
|
|upkeep
|turn|10
|
|t:|1758309382
|move|p1a: Gholdengo|Nasty Plot|p1a: Gholdengo
|-boost|p1a: Gholdengo|spa|2
|move|p2a: Goodra|Body Press|p1a: Gholdengo
|-supereffective|p1a: Gholdengo
|-damage|p1a: Gholdengo|13/100
|
|upkeep
|turn|11
|
|t:|1758309388
|move|p1a: Gholdengo|Make It Rain|p2a: Goodra
|-resisted|p2a: Goodra
|-damage|p2a: Goodra|32/100
|-unboost|p1a: Gholdengo|spa|1
|move|p2a: Goodra|Body Press|p1a: Gholdengo
|-supereffective|p1a: Gholdengo
|-damage|p1a: Gholdengo|0 fnt
|faint|p1a: Gholdengo
|
|upkeep
|
|t:|1758309396
|switch|p1a: Weavile|Weavile, F|100/100
|-damage|p1a: Weavile|88/100|[from] Spikes
|turn|12
|
|t:|1758309403
|move|p1a: Weavile|Fake Out|p2a: Goodra
|-resisted|p2a: Goodra
|-damage|p2a: Goodra|27/100
|-damage|p1a: Weavile|78/100|[from] item: Life Orb
|cant|p2a: Goodra|flinch
|
|upkeep
|turn|13
|
|t:|1758309410
|move|p1a: Weavile|Ice Shard|p2a: Goodra
|-damage|p2a: Goodra|11/100
|-damage|p1a: Weavile|68/100|[from] item: Life Orb
|move|p2a: Goodra|Body Press|p1a: Weavile
|-supereffective|p1a: Weavile
|-damage|p1a: Weavile|0 fnt
|faint|p1a: Weavile
|
|upkeep
|
|t:|1758309417
|switch|p1a: Mabosstiff|Mabosstiff, F|100/100
|-damage|p1a: Mabosstiff|88/100|[from] Spikes
|turn|14
|
|t:|1758309449
|move|p1a: Mabosstiff|Crunch|p2a: Goodra
|-damage|p2a: Goodra|0 fnt
|faint|p2a: Goodra
|
|upkeep
|
|t:|1758309453
|switch|p2a: Avalugg|Avalugg-Hisui, F|92/100
|turn|15
|
|t:|1758309462
|move|p1a: Mabosstiff|Crunch|p2a: Avalugg
|-damage|p2a: Avalugg|75/100
|-unboost|p2a: Avalugg|def|1
|move|p2a: Avalugg|Rapid Spin|p1a: Mabosstiff
|-damage|p1a: Mabosstiff|71/100
|-boost|p2a: Avalugg|spe|1
|-sideend|p2: big amogus|Stealth Rock|[from] move: Rapid Spin|[of] p2a: Avalugg
|
|upkeep
|turn|16
|
|t:|1758309474
|move|p1a: Mabosstiff|Destiny Bond|p1a: Mabosstiff
|-singlemove|p1a: Mabosstiff|Destiny Bond
|move|p2a: Avalugg|Recover|p2a: Avalugg
|-heal|p2a: Avalugg|100/100
|
|upkeep
|turn|17
|
|t:|1758309482
|move|p1a: Mabosstiff|Crunch|p2a: Avalugg
|-damage|p2a: Avalugg|74/100
|move|p2a: Avalugg|Body Press|p1a: Mabosstiff
|-supereffective|p1a: Mabosstiff
|-damage|p1a: Mabosstiff|5/100
|
|upkeep
|turn|18
|-enditem|p1a: Mabosstiff|Custap Berry|[eat]
|-activate|p1a: Mabosstiff|item: Custap Berry|[consumed]
|
|t:|1758309489
|move|p1a: Mabosstiff|Destiny Bond|p1a: Mabosstiff
|-singlemove|p1a: Mabosstiff|Destiny Bond
|move|p2a: Avalugg|Recover|p2a: Avalugg
|-heal|p2a: Avalugg|100/100
|
|upkeep
|turn|19
|
|t:|1758309499
|switch|p1a: Clodsire|Clodsire, F|100/100
|-damage|p1a: Clodsire|88/100|[from] Spikes
|move|p2a: Avalugg|Rapid Spin|p1a: Clodsire
|-damage|p1a: Clodsire|73/100
|-boost|p2a: Avalugg|spe|1
|
|-heal|p1a: Clodsire|80/100|[from] item: Black Sludge
|upkeep
|turn|20
|
|t:|1758309507
|move|p1a: Clodsire|Toxic|p2a: Avalugg
|-status|p2a: Avalugg|tox
|move|p2a: Avalugg|Avalanche|p1a: Clodsire
|-supereffective|p1a: Clodsire
|-damage|p1a: Clodsire|19/100
|
|-heal|p1a: Clodsire|25/100|[from] item: Black Sludge
|-damage|p2a: Avalugg|94/100 tox|[from] psn
|upkeep
|turn|21
|
|t:|1758309518
|move|p1a: Clodsire|Protect|p1a: Clodsire
|-singleturn|p1a: Clodsire|Protect
|move|p2a: Avalugg|Avalanche|p1a: Clodsire
|-activate|p1a: Clodsire|move: Protect
|
|-heal|p1a: Clodsire|31/100|[from] item: Black Sludge
|-damage|p2a: Avalugg|82/100 tox|[from] psn
|upkeep
|turn|22
|
|t:|1758309526
|move|p1a: Clodsire|Recover|p1a: Clodsire
|-heal|p1a: Clodsire|81/100
|move|p2a: Avalugg|Avalanche|p1a: Clodsire
|-supereffective|p1a: Clodsire
|-damage|p1a: Clodsire|21/100
|
|-heal|p1a: Clodsire|27/100|[from] item: Black Sludge
|-damage|p2a: Avalugg|64/100 tox|[from] psn
|upkeep
|turn|23
|
|t:|1758309537
|switch|p2a: Braviary|Braviary-Hisui, M|100/100
|move|p1a: Clodsire|Protect||[still]
|-fail|p1a: Clodsire
|
|-heal|p1a: Clodsire|33/100|[from] item: Black Sludge
|upkeep
|turn|24
|
|t:|1758309545
|move|p2a: Braviary|Tailwind|p2a: Braviary
|-sidestart|p2: big amogus|move: Tailwind
|move|p1a: Clodsire|Recover|p1a: Clodsire
|-heal|p1a: Clodsire|83/100
|
|-heal|p1a: Clodsire|89/100|[from] item: Black Sludge
|upkeep
|turn|25
|
|t:|1758309552
|switch|p1a: Meowscarada|Meowscarada, F|88/100
|-damage|p1a: Meowscarada|76/100|[from] Spikes
|move|p2a: Braviary|Psychic|p1a: Meowscarada
|-immune|p1a: Meowscarada
|
|upkeep
|turn|26
|
|t:|1758309560
|move|p1a: Meowscarada|Hone Claws|p1a: Meowscarada
|-start|p1a: Meowscarada|typechange|Dark|[from] ability: Protean
|-boost|p1a: Meowscarada|atk|1
|-boost|p1a: Meowscarada|accuracy|1
|move|p2a: Braviary|U-turn|p1a: Meowscarada
|-supereffective|p1a: Meowscarada
|-damage|p1a: Meowscarada|39/100
|
|t:|1758309568
|switch|p2a: Electrode|Electrode-Hisui|82/100|[from] U-turn
|
|-heal|p2a: Electrode|88/100|[from] item: Leftovers
|upkeep
|turn|27
|
|t:|1758309580
|move|p2a: Electrode|Thunderbolt|p1a: Meowscarada
|-damage|p1a: Meowscarada|0 fnt
|faint|p1a: Meowscarada
|
|-heal|p2a: Electrode|94/100|[from] item: Leftovers
|-sideend|p2: big amogus|move: Tailwind
|upkeep
|
|t:|1758309583
|switch|p1a: Mabosstiff|Mabosstiff, F|5/100
|-damage|p1a: Mabosstiff|0 fnt|[from] Spikes
|faint|p1a: Mabosstiff
|
|t:|1758309585
|switch|p1a: Clodsire|Clodsire, F|89/100
|-damage|p1a: Clodsire|77/100|[from] Spikes
|turn|28
|
|t:|1758309596
|move|p2a: Electrode|Leech Seed|p1a: Clodsire
|-start|p1a: Clodsire|move: Leech Seed
|move|p1a: Clodsire|Toxic|p2a: Electrode
|-status|p2a: Electrode|tox
|
|-heal|p2a: Electrode|100/100 tox|[from] item: Leftovers
|-heal|p1a: Clodsire|83/100|[from] item: Black Sludge
|-damage|p1a: Clodsire|71/100|[from] Leech Seed|[of] p2a: Electrode
|-damage|p2a: Electrode|94/100 tox|[from] psn
|upkeep
|turn|29
|-message|oujoc forfeited.
|
|win|big amogus
|raw|oujoc's rating: 1144 &rarr; <strong>1117</strong><br />(-27 for losing)
|raw|big amogus's rating: 1118 &rarr; <strong>1145</strong><br />(+27 for winning)
|l|☆oujoc
|player|p1|
|l|☆big amogus
|player|p2|
