|j|☆Schmilkus
|j|☆Hunter_of_Keys
|t:|1758343811
|gametype|singles
|player|p1|Schmilkus|170|1400
|player|p2|Hunter_of_Keys|veteran|1397
|gen|9
|tier|[Gen 9] OU
|rated|
|rule|HP Percentage Mod: HP is shown in percentages
|rule|Endless Battle Clause: Forcing endless battles is banned
|rule|Species Clause: Limit one of each Pokémon
|rule|OHKO Clause: OHKO moves are banned
|rule|Evasion Items Clause: Evasion items are banned
|rule|Evasion Moves Clause: Evasion moves are banned
|rule|Evasion Abilities Clause: Evasion abilities are banned
|rule|Sleep Moves Clause: Sleep-inducing moves are banned
|clearpoke
|poke|p1|Garganacl, F|
|poke|p1|Sableye, F|
|poke|p1|Weezing-Galar, M|
|poke|p1|Scizor, F|
|poke|p1|Moltres|
|poke|p1|Gholdengo|
|poke|p2|Espeon, M|
|poke|p2|Indeedee, M|
|poke|p2|Armarouge, M|
|poke|p2|Gallade, M|
|poke|p2|Cresselia, F|
|poke|p2|Rabsca, F|
|teampreview
|inactive|Battle timer is ON: inactive players will automatically lose when time's up. (requested by Hunter_of_Keys)
|
|t:|1758343818
|teamsize|p1|6
|teamsize|p2|6
|start
|switch|p1a: Garganacl|Garganacl, F|100/100
|switch|p2a: Indeedee|Indeedee, M|100/100
|-fieldstart|move: Psychic Terrain|[from] ability: Psychic Surge|[of] p2a: Indeedee
|turn|1
|
|t:|1758343820
|switch|p2a: Espeon|Espeon, M|100/100
|move|p1a: Garganacl|Salt Cure|p2a: Espeon
|-damage|p2a: Espeon|87/100
|-start|p2a: Espeon|Salt Cure
|
|-damage|p2a: Espeon|75/100|[from] Salt Cure
|upkeep
|turn|2
|
|t:|1758343829
|switch|p1a: Sableye|Sableye, F|100/100
|move|p2a: Espeon|Psychic Noise|p1a: Sableye
|-immune|p1a: Sableye
|
|-damage|p2a: Espeon|62/100|[from] Salt Cure
|upkeep
|turn|3
|
|t:|1758343842
|switch|p1a: Scizor|Scizor, F|100/100
|move|p2a: Espeon|Thunder Wave|p1a: Scizor
|-status|p1a: Scizor|par
|
|-damage|p2a: Espeon|50/100|[from] Salt Cure
|upkeep
|turn|4
|
|t:|1758343852
|move|p2a: Espeon|Psychic Noise|p1a: Scizor
|-resisted|p1a: Scizor
|-damage|p1a: Scizor|72/100 par
|-start|p1a: Scizor|move: Heal Block
|move|p1a: Scizor|U-turn|p2a: Espeon
|-supereffective|p2a: Espeon
|-damage|p2a: Espeon|0 fnt
|faint|p2a: Espeon
|
|t:|1758343865
|switch|p1a: Weezing|Weezing-Galar, M|100/100|[from] U-turn
|-ability|p1a: Weezing|Neutralizing Gas
|
|upkeep
|
|t:|1758343868
|switch|p2a: Armarouge|Armarouge, M|100/100
|turn|5
|
|t:|1758343874
|move|p2a: Armarouge|Expanding Force|p1a: Weezing
|-supereffective|p1a: Weezing
|-damage|p1a: Weezing|0 fnt
|faint|p1a: Weezing
|-end|p1a: Weezing|ability: Neutralizing Gas
|
|upkeep
|
|t:|1758343877
|switch|p1a: Gholdengo|Gholdengo|100/100
|turn|6
|
|t:|1758343887
|-terastallize|p2a: Armarouge|Fighting
|move|p1a: Gholdengo|Shadow Ball|p2a: Armarouge
|-damage|p2a: Armarouge|44/100
|move|p2a: Armarouge|Armor Cannon|p1a: Gholdengo
|-supereffective|p1a: Gholdengo
|-damage|p1a: Gholdengo|0 fnt
|-unboost|p2a: Armarouge|def|1
|-unboost|p2a: Armarouge|spd|1
|faint|p1a: Gholdengo
|
|upkeep
|
|t:|1758343900
|switch|p1a: Garganacl|Garganacl, F|100/100
|turn|7
|
|t:|1758343910
|switch|p2a: Cresselia|Cresselia, F|100/100
|-terastallize|p1a: Garganacl|Ghost
|move|p1a: Garganacl|Body Press|p2a: Cresselia
|-resisted|p2a: Cresselia
|-damage|p2a: Cresselia|94/100
|-damage|p1a: Garganacl|84/100|[from] item: Rocky Helmet|[of] p2a: Cresselia
|
|-heal|p1a: Garganacl|90/100|[from] item: Leftovers
|upkeep
|turn|8
|
|t:|1758343920
|move|p2a: Cresselia|Lunar Dance|p2a: Cresselia
|faint|p2a: Cresselia
|move|p1a: Garganacl|Salt Cure|p2: Cresselia|[notarget]
|-fail|p1a: Garganacl
|
|-heal|p1a: Garganacl|96/100|[from] item: Leftovers
|-fieldend|move: Psychic Terrain
|upkeep
|
|t:|1758343923
|switch|p2a: Indeedee|Indeedee, M|100/100
|-fieldstart|move: Psychic Terrain|[from] ability: Psychic Surge|[of] p2a: Indeedee
|turn|9
|
|t:|1758343928
|move|p2a: Indeedee|Shadow Ball|p1a: Garganacl
|-supereffective|p1a: Garganacl
|-damage|p1a: Garganacl|80/100
|move|p1a: Garganacl|Salt Cure|p2a: Indeedee
|-damage|p2a: Indeedee|70/100
|-start|p2a: Indeedee|Salt Cure
|
|-heal|p1a: Garganacl|87/100|[from] item: Leftovers
|-damage|p2a: Indeedee|58/100|[from] Salt Cure
|upkeep
|turn|10
|
|t:|1758343933
|move|p2a: Indeedee|Expanding Force|p1a: Garganacl
|-damage|p1a: Garganacl|40/100
|move|p1a: Garganacl|Iron Defense|p1a: Garganacl
|-boost|p1a: Garganacl|def|2
|
|-heal|p1a: Garganacl|46/100|[from] item: Leftovers
|-damage|p2a: Indeedee|46/100|[from] Salt Cure
|upkeep
|turn|11
|
|t:|1758343940
|switch|p1a: Sableye|Sableye, F|100/100
|move|p2a: Indeedee|Expanding Force|p1a: Sableye
|-immune|p1a: Sableye
|
|-damage|p2a: Indeedee|33/100|[from] Salt Cure
|upkeep
|turn|12
|
|t:|1758343946
|switch|p2a: Armarouge|Armarouge, M, tera:Fighting|44/100
|-heal|p2a: Armarouge|100/100|[from] move: Lunar Dance
|move|p1a: Sableye|Knock Off|p2a: Armarouge
|-resisted|p2a: Armarouge
|-damage|p2a: Armarouge|86/100
|-ability|p2a: Armarouge|Weak Armor|boost
|-unboost|p2a: Armarouge|def|1
|-boost|p2a: Armarouge|spe|2
|-enditem|p2a: Armarouge|Weakness Policy|[from] move: Knock Off|[of] p1a: Sableye
|
|upkeep
|turn|13
|
|t:|1758343958
|switch|p1a: Scizor|Scizor, F|72/100 par
|move|p2a: Armarouge|Armor Cannon|p1a: Scizor
|-supereffective|p1a: Scizor
|-damage|p1a: Scizor|0 fnt
|-unboost|p2a: Armarouge|def|1
|-unboost|p2a: Armarouge|spd|1
|faint|p1a: Scizor
|
|upkeep
|
|t:|1758343965
|switch|p1a: Moltres|Moltres|100/100
|turn|14
|
|t:|1758343967
|move|p2a: Armarouge|Expanding Force|p1a: Moltres
|-damage|p1a: Moltres|11/100
|move|p1a: Moltres|Air Slash|p2a: Armarouge
|-supereffective|p2a: Armarouge
|-damage|p2a: Armarouge|0 fnt
|faint|p2a: Armarouge
|
|upkeep
|
|t:|1758343978
|switch|p2a: Gallade|Gallade, M|100/100
|turn|15
|
|t:|1758343982
|move|p1a: Moltres|Air Slash|p2a: Gallade
|-supereffective|p2a: Gallade
|-damage|p2a: Gallade|34/100
|move|p2a: Gallade|Psycho Cut|p1a: Moltres
|-damage|p1a: Moltres|0 fnt
|faint|p1a: Moltres
|
|upkeep
|
|t:|1758343989
|switch|p1a: Sableye|Sableye, F|100/100
|turn|16
|
|t:|1758343994
|move|p2a: Gallade|Night Slash|p1a: Sableye
|-damage|p1a: Sableye|55/100
|move|p1a: Sableye|Knock Off|p2a: Gallade
|-damage|p2a: Gallade|0 fnt
|-enditem|p2a: Gallade|Focus Sash|[from] move: Knock Off|[of] p1a: Sableye
|faint|p2a: Gallade
|
|-heal|p1a: Sableye|61/100|[from] item: Leftovers
|-fieldend|move: Psychic Terrain
|upkeep
|
|t:|1758343999
|switch|p2a: Indeedee|Indeedee, M|33/100
|-fieldstart|move: Psychic Terrain|[from] ability: Psychic Surge|[of] p2a: Indeedee
|turn|17
|
|t:|1758344008
|move|p2a: Indeedee|Dazzling Gleam|p1a: Sableye
|-supereffective|p1a: Sableye
|-damage|p1a: Sableye|0 fnt
|faint|p1a: Sableye
|
|upkeep
|
|t:|1758344010
|switch|p1a: Garganacl|Garganacl, F, tera:Ghost|46/100
|turn|18
|
|t:|1758344013
|move|p2a: Indeedee|Expanding Force|p1a: Garganacl
|-damage|p1a: Garganacl|0 fnt
|faint|p1a: Garganacl
|
|win|Hunter_of_Keys
|raw|Schmilkus's rating: 1400 &rarr; <strong>1380</strong><br />(-20 for losing)
|raw|Hunter_of_Keys's rating: 1397 &rarr; <strong>1417</strong><br />(+20 for winning)
|l|☆Schmilkus
|player|p1|
|l|☆Hunter_of_Keys
|player|p2|
