|j|☆megamindddd
|j|☆lukasdbvl
|t:|1758232379
|gametype|singles
|player|p1|megamindddd|colress|1217
|player|p2|lukasdbvl|169|1189
|gen|9
|tier|[Gen 9] OU
|rated|
|rule|HP Percentage Mod: HP is shown in percentages
|rule|Endless Battle Clause: Forcing endless battles is banned
|rule|Species Clause: Limit one of each Pokémon
|rule|OHKO Clause: OHKO moves are banned
|rule|Evasion Items Clause: Evasion items are banned
|rule|Evasion Moves Clause: Evasion moves are banned
|rule|Evasion Abilities Clause: Evasion abilities are banned
|rule|Sleep Moves Clause: Sleep-inducing moves are banned
|clearpoke
|poke|p1|Dragapult, F|
|poke|p1|Zamazenta-*|
|poke|p1|Raging Bolt|
|poke|p1|Greninja-*, M|
|poke|p1|Gliscor, F|
|poke|p1|Cinderace, F|
|poke|p2|Gholdengo|
|poke|p2|Ceruledge, M|
|poke|p2|Enamorus, F|
|poke|p2|Ribombee, M|
|poke|p2|Quaquaval, M|
|poke|p2|Iron Treads|
|teampreview
|inactive|Battle timer is ON: inactive players will automatically lose when time's up. (requested by megamindddd)
|
|t:|1758232384
|teamsize|p1|6
|teamsize|p2|6
|start
|switch|p1a: Drago III|Dragapult, F|100/100
|switch|p2a: Ribombee|Ribombee, M|100/100
|turn|1
|
|t:|1758232413
|move|p1a: Drago III|Fire Blast|p2a: Ribombee|[miss]
|-miss|p1a: Drago III|p2a: Ribombee
|move|p2a: Ribombee|Stun Spore|p1a: Drago III|[miss]
|-miss|p2a: Ribombee|p1a: Drago III
|
|upkeep
|turn|2
|
|t:|1758232420
|move|p1a: Drago III|Fire Blast|p2a: Ribombee
|-supereffective|p2a: Ribombee
|-enditem|p2a: Ribombee|Focus Sash
|-damage|p2a: Ribombee|1/100
|-damage|p1a: Drago III|91/100|[from] item: Life Orb
|move|p2a: Ribombee|Stun Spore|p1a: Drago III
|-status|p1a: Drago III|par
|
|upkeep
|turn|3
|
|t:|1758232430
|move|p2a: Ribombee|Moonblast|p1a: Drago III
|-supereffective|p1a: Drago III
|-damage|p1a: Drago III|0 fnt
|faint|p1a: Drago III
|
|upkeep
|
|t:|1758232436
|switch|p1a: Alpha|Zamazenta|100/100
|-ability|p1a: Alpha|Dauntless Shield|boost
|-boost|p1a: Alpha|def|1
|turn|4
|
|t:|1758232441
|move|p2a: Ribombee|Sticky Web|p1a: Alpha
|-sidestart|p1: megamindddd|move: Sticky Web
|move|p1a: Alpha|Iron Head|p2a: Ribombee
|-supereffective|p2a: Ribombee
|-damage|p2a: Ribombee|0 fnt
|faint|p2a: Ribombee
|
|upkeep
|
|t:|1758232449
|switch|p2a: Gholdengo|Gholdengo|100/100
|-item|p2a: Gholdengo|Air Balloon
|turn|5
|
|t:|1758232458
|switch|p1a: Blitz|Cinderace, F|100/100
|move|p2a: Gholdengo|Shadow Ball|p1a: Blitz
|-damage|p1a: Blitz|35/100
|-unboost|p1a: Blitz|spd|1
|
|upkeep
|turn|6
|
|t:|1758232470
|switch|p2a: Ceruledge|Ceruledge, M|100/100
|move|p1a: Blitz|Pyro Ball|p2a: Ceruledge
|-resisted|p2a: Ceruledge
|-crit|p2a: Ceruledge
|-damage|p2a: Ceruledge|39/100
|-ability|p2a: Ceruledge|Weak Armor|boost
|-unboost|p2a: Ceruledge|def|1
|-boost|p2a: Ceruledge|spe|2
|
|upkeep
|turn|7
|
|t:|1758232484
|switch|p1a: Gargoyle|Gliscor, F|100/100
|move|p2a: Ceruledge|Poltergeist|p1a: Gargoyle
|-activate|p1a: Gargoyle|move: Poltergeist|Toxic Orb
|-damage|p1a: Gargoyle|55/100
|
|-status|p1a: Gargoyle|tox|[from] item: Toxic Orb
|upkeep
|turn|8
|
|t:|1758232495
|move|p2a: Ceruledge|Bitter Blade|p1a: Gargoyle
|-damage|p1a: Gargoyle|12/100 tox
|-heal|p2a: Ceruledge|65/100|[from] drain|[of] p1a: Gargoyle
|move|p1a: Gargoyle|Knock Off|p2a: Ceruledge
|-supereffective|p2a: Ceruledge
|-crit|p2a: Ceruledge
|-damage|p2a: Ceruledge|0 fnt
|-enditem|p2a: Ceruledge|Focus Sash|[from] move: Knock Off|[of] p1a: Gargoyle
|faint|p2a: Ceruledge
|
|-heal|p1a: Gargoyle|25/100 tox|[from] ability: Poison Heal
|upkeep
|
|t:|1758232513
|switch|p2a: Quaquaval|Quaquaval, M|100/100
|turn|9
|
|t:|1758232518
|move|p1a: Gargoyle|Protect|p1a: Gargoyle
|-singleturn|p1a: Gargoyle|Protect
|move|p2a: Quaquaval|Aqua Step|p1a: Gargoyle
|-activate|p1a: Gargoyle|move: Protect
|
|-heal|p1a: Gargoyle|37/100 tox|[from] ability: Poison Heal
|upkeep
|turn|10
|
|t:|1758232525
|move|p2a: Quaquaval|Aqua Step|p1a: Gargoyle
|-supereffective|p1a: Gargoyle
|-damage|p1a: Gargoyle|0 fnt
|-boost|p2a: Quaquaval|spe|1
|faint|p1a: Gargoyle
|-ability|p2a: Quaquaval|Moxie|boost
|-boost|p2a: Quaquaval|atk|1
|
|upkeep
|
|t:|1758232541
|switch|p1a: Giraffon|Raging Bolt|100/100
|-activate|p1a: Giraffon|move: Sticky Web
|-unboost|p1a: Giraffon|spe|1
|-enditem|p1a: Giraffon|Booster Energy
|-activate|p1a: Giraffon|ability: Protosynthesis|[fromitem]
|-start|p1a: Giraffon|protosynthesisspa
|turn|11
|
|t:|1758232556
|-terastallize|p2a: Quaquaval|Steel
|move|p1a: Giraffon|Thunderclap|p2a: Quaquaval
|-damage|p2a: Quaquaval|48/100
|move|p2a: Quaquaval|Knock Off|p1a: Giraffon
|-damage|p1a: Giraffon|74/100
|
|upkeep
|turn|12
|
|t:|1758232575
|move|p2a: Quaquaval|Close Combat|p1a: Giraffon
|-damage|p1a: Giraffon|5/100
|-unboost|p2a: Quaquaval|def|1
|-unboost|p2a: Quaquaval|spd|1
|move|p1a: Giraffon|Thunderbolt|p2a: Quaquaval
|-damage|p2a: Quaquaval|0 fnt
|faint|p2a: Quaquaval
|
|upkeep
|
|t:|1758232588
|switch|p2a: Iron Treads|Iron Treads, shiny|100/100
|-enditem|p2a: Iron Treads|Booster Energy
|-activate|p2a: Iron Treads|ability: Quark Drive|[fromitem]
|-start|p2a: Iron Treads|quarkdriveatk
|turn|13
|
|t:|1758232595
|move|p2a: Iron Treads|Rapid Spin|p1a: Giraffon
|-damage|p1a: Giraffon|0 fnt
|-boost|p2a: Iron Treads|spe|1
|faint|p1a: Giraffon
|-end|p1a: Giraffon|Protosynthesis|[silent]
|
|upkeep
|
|t:|1758232602
|switch|p1a: Gekkouga|Greninja, M, shiny|100/100
|-activate|p1a: Gekkouga|move: Sticky Web
|-unboost|p1a: Gekkouga|spe|1
|turn|14
|
|t:|1758232606
|move|p2a: Iron Treads|Supercell Slam|p1a: Gekkouga
|-supereffective|p1a: Gekkouga
|-damage|p1a: Gekkouga|0 fnt
|faint|p1a: Gekkouga
|
|upkeep
|
|t:|1758232617
|switch|p1a: Alpha|Zamazenta|100/100
|-activate|p1a: Alpha|move: Sticky Web
|-unboost|p1a: Alpha|spe|1
|turn|15
|
|t:|1758232623
|move|p2a: Iron Treads|Earthquake|p1a: Alpha
|-damage|p1a: Alpha|52/100
|move|p1a: Alpha|Iron Defense|p1a: Alpha
|-boost|p1a: Alpha|def|2
|
|-heal|p1a: Alpha|58/100|[from] item: Leftovers
|upkeep
|turn|16
|
|t:|1758232630
|move|p2a: Iron Treads|Earthquake|p1a: Alpha
|-damage|p1a: Alpha|33/100
|move|p1a: Alpha|Body Press|p2a: Iron Treads
|-supereffective|p2a: Iron Treads
|-damage|p2a: Iron Treads|5/100
|
|-heal|p1a: Alpha|39/100|[from] item: Leftovers
|upkeep
|turn|17
|
|t:|1758232638
|move|p2a: Iron Treads|Earthquake|p1a: Alpha
|-damage|p1a: Alpha|11/100
|move|p1a: Alpha|Body Press|p2a: Iron Treads
|-supereffective|p2a: Iron Treads
|-damage|p2a: Iron Treads|0 fnt
|faint|p2a: Iron Treads
|-end|p2a: Iron Treads|Quark Drive|[silent]
|
|-heal|p1a: Alpha|17/100|[from] item: Leftovers
|upkeep
|
|t:|1758232643
|switch|p2a: Enamorus|Enamorus, F|100/100
|turn|18
|
|t:|1758232646
|move|p2a: Enamorus|Superpower|p1a: Alpha
|-damage|p1a: Alpha|4/100
|-boost|p2a: Enamorus|atk|1
|-boost|p2a: Enamorus|def|1
|-damage|p2a: Enamorus|91/100|[from] item: Life Orb
|move|p1a: Alpha|Iron Head|p2a: Enamorus
|-supereffective|p2a: Enamorus
|-damage|p2a: Enamorus|31/100
|
|-heal|p1a: Alpha|10/100|[from] item: Leftovers
|upkeep
|turn|19
|
|t:|1758232650
|move|p2a: Enamorus|Moonblast|p1a: Alpha
|-supereffective|p1a: Alpha
|-damage|p1a: Alpha|0 fnt
|faint|p1a: Alpha
|-damage|p2a: Enamorus|21/100|[from] item: Life Orb
|
|upkeep
|
|t:|1758232652
|switch|p1a: Blitz|Cinderace, F|35/100
|turn|20
|
|t:|1758232661
|move|p1a: Blitz|Pyro Ball|p2a: Enamorus
|-damage|p2a: Enamorus|0 fnt
|faint|p2a: Enamorus
|
|upkeep
|
|t:|1758232663
|switch|p2a: Gholdengo|Gholdengo|100/100
|-item|p2a: Gholdengo|Air Balloon
|turn|21
|
|t:|1758232668
|move|p1a: Blitz|Pyro Ball|p2a: Gholdengo
|-supereffective|p2a: Gholdengo
|-damage|p2a: Gholdengo|0 fnt
|-enditem|p2a: Gholdengo|Air Balloon
|faint|p2a: Gholdengo
|
|win|megamindddd
|raw|megamindddd's rating: 1217 &rarr; <strong>1240</strong><br />(+23 for winning)
|raw|lukasdbvl's rating: 1189 &rarr; <strong>1166</strong><br />(-23 for losing)
|l|☆lukasdbvl
|player|p2|
