|j|☆kebab.ixx
|j|☆EmmanuelR205506
|t:|1758260153
|gametype|singles
|player|p1|kebab.ixx|266|1536
|player|p2|EmmanuelR205506|palmer|1563
|gen|9
|tier|[Gen 9] OU
|rated|
|rule|HP Percentage Mod: HP is shown in percentages
|rule|Endless Battle Clause: Forcing endless battles is banned
|rule|Species Clause: Limit one of each Pokémon
|rule|OHKO Clause: OHKO moves are banned
|rule|Evasion Items Clause: Evasion items are banned
|rule|Evasion Moves Clause: Evasion moves are banned
|rule|Evasion Abilities Clause: Evasion abilities are banned
|rule|Sleep Moves Clause: Sleep-inducing moves are banned
|clearpoke
|poke|p1|Hydrapple, F|
|poke|p1|Fezandipiti, M|
|poke|p1|Skarmory, F|
|poke|p1|Landorus-Therian, M|
|poke|p1|Samurott-Hisui, F|
|poke|p1|Skeledirge, F|
|poke|p2|Cinderace, M|
|poke|p2|Gholdengo|
|poke|p2|Heatran, M|
|poke|p2|Great Tusk|
|poke|p2|Primarina, F|
|poke|p2|Iron Valiant|
|teampreview
|inactive|Battle timer is ON: inactive players will automatically lose when time's up. (requested by EmmanuelR205506)
|
|t:|1758260167
|teamsize|p1|6
|teamsize|p2|6
|start
|switch|p1a: Landorus|Landorus-Therian, M, shiny|100/100
|switch|p2a: Cinderace|Cinderace, M|100/100
|-ability|p1a: Landorus|Intimidate|boost
|-unboost|p2a: Cinderace|atk|1
|turn|1
|
|t:|1758260170
|switch|p2a: Great Tusk|Great Tusk|100/100
|move|p1a: Landorus|Earthquake|p2a: Great Tusk
|-damage|p2a: Great Tusk|74/100
|
|upkeep
|turn|2
|
|t:|1758260175
|switch|p1a: Skarmory|Skarmory, F, shiny|100/100
|move|p2a: Great Tusk|Knock Off|p1a: Skarmory
|-damage|p1a: Skarmory|82/100
|-damage|p2a: Great Tusk|57/100|[from] item: Rocky Helmet|[of] p1a: Skarmory
|-enditem|p1a: Skarmory|Rocky Helmet|[from] move: Knock Off|[of] p2a: Great Tusk
|
|upkeep
|turn|3
|
|t:|1758260180
|-end|p2a: Great Tusk|Protosynthesis|[silent]
|switch|p2a: Heatran|Heatran, M|100/100
|move|p1a: Skarmory|Brave Bird|p2a: Heatran
|-resisted|p2a: Heatran
|-damage|p2a: Heatran|85/100
|-damage|p1a: Skarmory|76/100|[from] Recoil
|
|-heal|p2a: Heatran|91/100|[from] item: Leftovers
|upkeep
|turn|4
|
|t:|1758260186
|switch|p1a: Samurott|Samurott-Hisui, F, shiny|100/100
|move|p2a: Heatran|Stealth Rock|p1a: Samurott
|-sidestart|p1: kebab.ixx|move: Stealth Rock
|
|-heal|p2a: Heatran|97/100|[from] item: Leftovers
|upkeep
|turn|5
|
|t:|1758260189
|move|p1a: Samurott|Knock Off|p2a: Heatran
|-damage|p2a: Heatran|58/100
|-enditem|p2a: Heatran|Leftovers|[from] move: Knock Off|[of] p1a: Samurott
|move|p2a: Heatran|Will-O-Wisp|p1a: Samurott
|-status|p1a: Samurott|brn
|
|-damage|p1a: Samurott|94/100 brn|[from] brn
|upkeep
|turn|6
|
|t:|1758260194
|move|p1a: Samurott|Ceaseless Edge|p2a: Heatran|[miss]
|-miss|p1a: Samurott|p2a: Heatran
|move|p2a: Heatran|Magma Storm|p1a: Samurott
|-resisted|p1a: Samurott
|-damage|p1a: Samurott|64/100 brn
|-activate|p1a: Samurott|move: Magma Storm|[of] p2a: Heatran
|
|-damage|p1a: Samurott|58/100 brn|[from] brn
|-damage|p1a: Samurott|46/100 brn|[from] move: Magma Storm|[partiallytrapped]
|upkeep
|turn|7
|
|t:|1758260200
|move|p1a: Samurott|Ceaseless Edge|p2a: Heatran
|-damage|p2a: Heatran|36/100
|-sidestart|p2: EmmanuelR205506|Spikes
|move|p2a: Heatran|Earth Power|p1a: Samurott
|-damage|p1a: Samurott|5/100 brn
|
|-damage|p1a: Samurott|0 fnt|[from] brn
|faint|p1a: Samurott
|upkeep
|
|t:|1758260206
|switch|p1a: Landorus|Landorus-Therian, M, shiny|100/100
|-damage|p1a: Landorus|88/100|[from] Stealth Rock
|-ability|p1a: Landorus|Intimidate|boost
|-unboost|p2a: Heatran|atk|1
|turn|8
|
|t:|1758260221
|move|p1a: Landorus|Grass Knot|p2a: Heatran
|-resisted|p2a: Heatran
|-damage|p2a: Heatran|32/100
|move|p2a: Heatran|Will-O-Wisp|p1a: Landorus
|-status|p1a: Landorus|brn
|
|-damage|p1a: Landorus|82/100 brn|[from] brn
|upkeep
|turn|9
|-message|kebab.ixx forfeited.
|
|win|EmmanuelR205506
|raw|kebab.ixx's rating: 1536 &rarr; <strong>1518</strong><br />(-18 for losing)
|raw|EmmanuelR205506's rating: 1563 &rarr; <strong>1581</strong><br />(+18 for winning)
|l|☆kebab.ixx
|player|p1|
|l|☆EmmanuelR205506
|player|p2|
