|j|☆08XHX
|j|☆Goatsis
|t:|1758244919
|gametype|singles
|player|p1|08XHX|n|1173
|player|p2|Goatsis|ghetsis|1103
|gen|9
|tier|[Gen 9] OU
|rated|
|rule|HP Percentage Mod: HP is shown in percentages
|rule|Endless Battle Clause: Forcing endless battles is banned
|rule|Species Clause: Limit one of each Pokémon
|rule|OHKO Clause: OHKO moves are banned
|rule|Evasion Items Clause: Evasion items are banned
|rule|Evasion Moves Clause: Evasion moves are banned
|rule|Evasion Abilities Clause: Evasion abilities are banned
|rule|Sleep Moves Clause: Sleep-inducing moves are banned
|clearpoke
|poke|p1|Pelipper, F|
|poke|p1|Dragonite, M|
|poke|p1|Landorus-Therian, M|
|poke|p1|Tornadus-Therian, M|
|poke|p1|Thundurus-Therian, M|
|poke|p1|Enamorus, F|
|poke|p2|Tyranitar, M|
|poke|p2|Talonflame, F|
|poke|p2|Rotom-Wash|
|poke|p2|Dusknoir, M|
|poke|p2|Latios, M|
|poke|p2|Seviper, M|
|teampreview
|inactive|Battle timer is ON: inactive players will automatically lose when time's up. (requested by 08XHX)
|
|t:|1758244934
|teamsize|p1|6
|teamsize|p2|6
|start
|switch|p1a: 土猫|Landorus-Therian, M|100/100
|switch|p2a: Gojira|Tyranitar, M|100/100
|-ability|p1a: 土猫|Intimidate|boost
|-unboost|p2a: Gojira|atk|1
|-weather|Sandstorm|[from] ability: Sand Stream|[of] p2a: Gojira
|turn|1
|
|t:|1758244944
|switch|p2a: I am stuck|Rotom-Wash|100/100
|move|p1a: 土猫|Stealth Rock|p2a: I am stuck
|-sidestart|p2: Goatsis|move: Stealth Rock
|
|-weather|Sandstorm|[upkeep]
|-damage|p2a: I am stuck|94/100|[from] Sandstorm
|-heal|p2a: I am stuck|100/100|[from] item: Leftovers
|upkeep
|turn|2
|
|t:|1758244953
|move|p1a: 土猫|U-turn|p2a: I am stuck
|-damage|p2a: I am stuck|62/100
|
|t:|1758244957
|switch|p1a: 飞鸟|Tornadus-Therian, M|100/100|[from] U-turn
|move|p2a: I am stuck|Will-O-Wisp|p1a: 飞鸟
|-status|p1a: 飞鸟|brn
|
|-weather|Sandstorm|[upkeep]
|-damage|p1a: 飞鸟|94/100 brn|[from] Sandstorm
|-damage|p2a: I am stuck|56/100|[from] Sandstorm
|-heal|p2a: I am stuck|62/100|[from] item: Leftovers
|-damage|p1a: 飞鸟|88/100 brn|[from] brn
|upkeep
|turn|3
|
|t:|1758244972
|move|p1a: 飞鸟|Taunt|p2a: I am stuck
|-start|p2a: I am stuck|move: Taunt
|move|p2a: I am stuck|Discharge|p1a: 飞鸟
|-supereffective|p1a: 飞鸟
|-damage|p1a: 飞鸟|10/100 brn
|
|-weather|Sandstorm|[upkeep]
|-damage|p1a: 飞鸟|4/100 brn|[from] Sandstorm
|-damage|p2a: I am stuck|56/100|[from] Sandstorm
|-heal|p2a: I am stuck|62/100|[from] item: Leftovers
|-damage|p1a: 飞鸟|0 fnt|[from] brn
|faint|p1a: 飞鸟
|upkeep
|
|t:|1758244977
|switch|p1a: 萧敬腾|Pelipper, F|100/100
|-weather|RainDance|[from] ability: Drizzle|[of] p1a: 萧敬腾
|turn|4
|
|t:|1758244989
|switch|p1a: 电云|Thundurus-Therian, M|100/100
|move|p2a: I am stuck|Discharge|p1a: 电云
|-immune|p1a: 电云|[from] ability: Volt Absorb
|
|-weather|RainDance|[upkeep]
|-heal|p2a: I am stuck|68/100|[from] item: Leftovers
|upkeep
|turn|5
|
|t:|1758245001
|switch|p2a: Gojira|Tyranitar, M|100/100
|-damage|p2a: Gojira|88/100|[from] Stealth Rock
|-weather|Sandstorm|[from] ability: Sand Stream|[of] p2a: Gojira
|move|p1a: 电云|Wildbolt Storm|p2a: Gojira
|-damage|p2a: Gojira|59/100
|
|-weather|Sandstorm|[upkeep]
|-damage|p1a: 电云|94/100|[from] Sandstorm
|upkeep
|turn|6
|
|t:|1758245013
|switch|p1a: 萧敬腾|Pelipper, F|100/100
|-weather|RainDance|[from] ability: Drizzle|[of] p1a: 萧敬腾
|move|p2a: Gojira|Stone Edge|p1a: 萧敬腾|[miss]
|-miss|p2a: Gojira|p1a: 萧敬腾
|
|-weather|RainDance|[upkeep]
|upkeep
|turn|7
|
|t:|1758245023
|switch|p2a: Viper|Seviper, M|100/100
|-damage|p2a: Viper|88/100|[from] Stealth Rock
|move|p1a: 萧敬腾|Weather Ball|p2a: Viper
|-damage|p2a: Viper|0 fnt
|faint|p2a: Viper
|
|-weather|RainDance|[upkeep]
|upkeep
|
|t:|1758245036
|switch|p2a: I am stuck|Rotom-Wash|68/100
|-damage|p2a: I am stuck|56/100|[from] Stealth Rock
|turn|8
|
|t:|1758245042
|switch|p1a: 电云|Thundurus-Therian, M|94/100
|move|p2a: I am stuck|Will-O-Wisp|p1a: 电云
|-status|p1a: 电云|brn
|
|-weather|RainDance|[upkeep]
|-heal|p2a: I am stuck|62/100|[from] item: Leftovers
|-damage|p1a: 电云|88/100 brn|[from] brn
|upkeep
|turn|9
|
|t:|1758245057
|move|p1a: 电云|Flash Cannon|p2a: I am stuck
|-resisted|p2a: I am stuck
|-damage|p2a: I am stuck|51/100
|move|p2a: I am stuck|Pain Split|p1a: 电云
|-sethp|p1a: 电云|65/100 brn|[from] move: Pain Split|[silent]
|-sethp|p2a: I am stuck|80/100|[from] move: Pain Split
|
|-weather|RainDance|[upkeep]
|-heal|p2a: I am stuck|86/100|[from] item: Leftovers
|-damage|p1a: 电云|59/100 brn|[from] brn
|upkeep
|turn|10
|
|t:|1758245069
|switch|p1a: 武道熊师|Dragonite, M|100/100
|move|p2a: I am stuck|Hex|p1a: 武道熊师
|-damage|p1a: 武道熊师|91/100
|
|-weather|RainDance|[upkeep]
|-heal|p2a: I am stuck|93/100|[from] item: Leftovers
|upkeep
|turn|11
|
|t:|1758245078
|switch|p1a: 电云|Thundurus-Therian, M|59/100 brn
|move|p2a: I am stuck|Will-O-Wisp|p1a: 电云
|-fail|p1a: 电云|brn
|
|-weather|RainDance|[upkeep]
|-heal|p2a: I am stuck|99/100|[from] item: Leftovers
|-damage|p1a: 电云|53/100 brn|[from] brn
|upkeep
|turn|12
|
|t:|1758245089
|move|p1a: 电云|Wildbolt Storm|p2a: I am stuck
|-damage|p2a: I am stuck|10/100
|move|p2a: I am stuck|Hex|p1a: 电云
|-damage|p1a: 电云|4/100 brn
|
|-weather|RainDance|[upkeep]
|-heal|p2a: I am stuck|17/100|[from] item: Leftovers
|-damage|p1a: 电云|0 fnt|[from] brn
|faint|p1a: 电云
|upkeep
|
|t:|1758245096
|switch|p1a: 你瞅啥|Enamorus, F|100/100
|turn|13
|
|t:|1758245103
|-terastallize|p1a: 你瞅啥|Fighting
|move|p1a: 你瞅啥|Superpower|p2a: I am stuck
|-damage|p2a: I am stuck|0 fnt
|-boost|p1a: 你瞅啥|atk|1
|-boost|p1a: 你瞅啥|def|1
|faint|p2a: I am stuck
|
|-weather|none
|upkeep
|
|t:|1758245112
|switch|p2a: Nuke|Latios, M|100/100
|-damage|p2a: Nuke|88/100|[from] Stealth Rock
|turn|14
|
|t:|1758245117
|move|p2a: Nuke|Luster Purge|p1a: 你瞅啥
|-supereffective|p1a: 你瞅啥
|-damage|p1a: 你瞅啥|0 fnt
|faint|p1a: 你瞅啥
|
|upkeep
|
|t:|1758245122
|switch|p1a: 萧敬腾|Pelipper, F|100/100
|-weather|RainDance|[from] ability: Drizzle|[of] p1a: 萧敬腾
|turn|15
|
|t:|1758245128
|move|p2a: Nuke|Luster Purge|p1a: 萧敬腾
|-damage|p1a: 萧敬腾|24/100
|move|p1a: 萧敬腾|Ice Beam|p2a: Nuke
|-supereffective|p2a: Nuke
|-damage|p2a: Nuke|34/100
|
|-weather|RainDance|[upkeep]
|upkeep
|turn|16
|
|t:|1758245138
|move|p2a: Nuke|Dragon Pulse|p1a: 萧敬腾
|-damage|p1a: 萧敬腾|0 fnt
|faint|p1a: 萧敬腾
|
|-weather|RainDance|[upkeep]
|upkeep
|
|t:|1758245142
|switch|p1a: 土猫|Landorus-Therian, M|100/100
|-ability|p1a: 土猫|Intimidate|boost
|-unboost|p2a: Nuke|atk|1
|turn|17
|
|t:|1758245149
|switch|p2a: Monster|Dusknoir, M|100/100
|-damage|p2a: Monster|88/100|[from] Stealth Rock
|-ability|p2a: Monster|Pressure
|move|p1a: 土猫|Stone Edge|p2a: Monster
|-damage|p2a: Monster|57/100
|
|-weather|RainDance|[upkeep]
|upkeep
|turn|18
|
|t:|1758245160
|move|p1a: 土猫|U-turn|p2a: Monster
|-resisted|p2a: Monster
|-crit|p2a: Monster
|-damage|p2a: Monster|40/100
|
|t:|1758245164
|switch|p1a: 武道熊师|Dragonite, M|91/100|[from] U-turn
|move|p2a: Monster|Will-O-Wisp|p1a: 武道熊师
|-status|p1a: 武道熊师|brn
|
|-weather|RainDance|[upkeep]
|-damage|p1a: 武道熊师|85/100 brn|[from] brn
|upkeep
|turn|19
|
|t:|1758245176
|switch|p2a: Gojira|Tyranitar, M|59/100
|-damage|p2a: Gojira|47/100|[from] Stealth Rock
|-weather|Sandstorm|[from] ability: Sand Stream|[of] p2a: Gojira
|move|p1a: 武道熊师|Dragon Dance|p1a: 武道熊师
|-boost|p1a: 武道熊师|atk|1
|-boost|p1a: 武道熊师|spe|1
|
|-weather|Sandstorm|[upkeep]
|-damage|p1a: 武道熊师|79/100 brn|[from] Sandstorm
|-damage|p1a: 武道熊师|72/100 brn|[from] brn
|upkeep
|turn|20
|
|t:|1758245189
|move|p1a: 武道熊师|Low Kick|p2a: Gojira
|-supereffective|p2a: Gojira
|-damage|p2a: Gojira|0 fnt
|faint|p2a: Gojira
|
|-weather|Sandstorm|[upkeep]
|-damage|p1a: 武道熊师|66/100 brn|[from] Sandstorm
|-damage|p1a: 武道熊师|60/100 brn|[from] brn
|upkeep
|
|t:|1758245208
|switch|p2a: Nuke|Latios, M|34/100
|-damage|p2a: Nuke|22/100|[from] Stealth Rock
|turn|21
|
|t:|1758245216
|-terastallize|p2a: Nuke|Steel
|move|p1a: 武道熊师|Dragon Claw|p2a: Nuke
|-resisted|p2a: Nuke
|-damage|p2a: Nuke|0 fnt
|faint|p2a: Nuke
|
|-weather|Sandstorm|[upkeep]
|-damage|p1a: 武道熊师|54/100 brn|[from] Sandstorm
|-damage|p1a: 武道熊师|48/100 brn|[from] brn
|upkeep
|
|t:|1758245226
|switch|p2a: Angry bird|Talonflame, F|100/100
|-damage|p2a: Angry bird|50/100|[from] Stealth Rock
|turn|22
|
|t:|1758245231
|move|p1a: 武道熊师|Dragon Claw|p2a: Angry bird
|-damage|p2a: Angry bird|0 fnt
|faint|p2a: Angry bird
|
|-weather|Sandstorm|[upkeep]
|-damage|p1a: 武道熊师|41/100 brn|[from] Sandstorm
|-damage|p1a: 武道熊师|35/100 brn|[from] brn
|upkeep
|
|t:|1758245239
|switch|p2a: Monster|Dusknoir, M|40/100
|-damage|p2a: Monster|27/100|[from] Stealth Rock
|-ability|p2a: Monster|Pressure
|turn|23
|
|t:|1758245245
|move|p1a: 武道熊师|Dragon Claw|p2a: Monster
|-crit|p2a: Monster
|-damage|p2a: Monster|0 fnt
|faint|p2a: Monster
|
|win|08XHX
|raw|08XHX's rating: 1173 &rarr; <strong>1193</strong><br />(+20 for winning)
|raw|Goatsis's rating: 1103 &rarr; <strong>1083</strong><br />(-20 for losing)
|c|☆Goatsis|Gg
|l|☆Goatsis
|player|p2|
|l|☆08XHX
|player|p1|
