|j|☆Zelmi
|j|☆Franki Monstruo
|t:|1758236563
|gametype|singles
|player|p1|Zelmi|alder|1305
|player|p2|Franki Monstruo|giovanni|1329
|gen|9
|tier|[Gen 9] OU
|rated|
|rule|HP Percentage Mod: HP is shown in percentages
|rule|Endless Battle Clause: Forcing endless battles is banned
|rule|Species Clause: Limit one of each Pokémon
|rule|OHKO Clause: OHKO moves are banned
|rule|Evasion Items Clause: Evasion items are banned
|rule|Evasion Moves Clause: Evasion moves are banned
|rule|Evasion Abilities Clause: Evasion abilities are banned
|rule|Sleep Moves Clause: Sleep-inducing moves are banned
|clearpoke
|poke|p1|Dragonite, F|
|poke|p1|Gholdengo|
|poke|p1|Iron Treads|
|poke|p1|Quaquaval, F|
|poke|p1|Slowking-Galar, F|
|poke|p1|Ting-Lu|
|poke|p2|Chandelure, M|
|poke|p2|Gyarados, M|
|poke|p2|Tatsugiri, M|
|poke|p2|Skarmory, M|
|poke|p2|Scizor, M|
|poke|p2|Thundurus-Therian, M|
|teampreview
|inactive|Battle timer is ON: inactive players will automatically lose when time's up. (requested by Zelmi)
|
|t:|1758236581
|teamsize|p1|6
|teamsize|p2|6
|start
|switch|p1a: Iron Treads|Iron Treads|100/100
|switch|p2a: Nube Voladora|Thundurus-Therian, M|100/100
|turn|1
|
|t:|1758236591
|switch|p2a: Bocón|Gyarados, M, shiny|100/100
|-ability|p2a: Bocón|Intimidate|boost
|-unboost|p1a: Iron Treads|atk|1
|move|p1a: Iron Treads|Knock Off|p2a: Bocón
|-crit|p2a: Bocón
|-damage|p2a: Bocón|42/100
|-damage|p1a: Iron Treads|84/100|[from] item: Rocky Helmet|[of] p2a: Bocón
|-enditem|p2a: Bocón|Rocky Helmet|[from] move: Knock Off|[of] p1a: Iron Treads
|
|-heal|p1a: Iron Treads|90/100|[from] item: Leftovers
|upkeep
|turn|2
|
|t:|1758236603
|move|p1a: Iron Treads|Stealth Rock|p2a: Bocón
|-sidestart|p2: Franki Monstruo|move: Stealth Rock
|move|p2a: Bocón|Dragon Dance|p2a: Bocón
|-boost|p2a: Bocón|atk|1
|-boost|p2a: Bocón|spe|1
|
|-heal|p1a: Iron Treads|96/100|[from] item: Leftovers
|upkeep
|turn|3
|
|t:|1758236612
|move|p2a: Bocón|Waterfall|p1a: Iron Treads
|-supereffective|p1a: Iron Treads
|-damage|p1a: Iron Treads|0 fnt
|faint|p1a: Iron Treads
|-end|p1a: Iron Treads|Quark Drive|[silent]
|
|upkeep
|
|t:|1758236628
|switch|p1a: Gholdengo|Gholdengo|100/100
|turn|4
|
|t:|1758236634
|move|p1a: Gholdengo|Shadow Ball|p2a: Bocón
|-damage|p2a: Bocón|0 fnt
|faint|p2a: Bocón
|
|upkeep
|
|t:|1758236640
|switch|p2a: El Jeringas|Scizor, M|100/100
|-damage|p2a: El Jeringas|88/100|[from] Stealth Rock
|turn|5
|inactive|Zelmi has 120 seconds left.
|
|t:|1758236686
|switch|p1a: Slowking|Slowking-Galar, F|100/100
|move|p2a: El Jeringas|Knock Off|p1a: Slowking
|-supereffective|p1a: Slowking
|-damage|p1a: Slowking|38/100
|-enditem|p1a: Slowking|Shuca Berry|[from] move: Knock Off|[of] p2a: El Jeringas
|
|upkeep
|turn|6
|
|t:|1758236694
|move|p2a: El Jeringas|Defog|p1a: Slowking
|-unboost|p1a: Slowking|evasion|1
|-sideend|p2: Franki Monstruo|Stealth Rock|[from] move: Defog|[of] p2a: El Jeringas
|-prepare|p1a: Slowking|Chilly Reception|[premajor]
|move|p1a: Slowking|Chilly Reception|p1a: Slowking
|-weather|Snowscape
|
|t:|1758236709
|switch|p1a: Quaquaval|Quaquaval, F|100/100|[from] Chilly Reception
|
|-weather|Snowscape|[upkeep]
|upkeep
|turn|7
|
|t:|1758236717
|switch|p2a: Pececillo|Tatsugiri, M, shiny|100/100
|move|p1a: Quaquaval|Aqua Step|p2a: Pececillo
|-ability|p2a: Pececillo|Storm Drain|boost
|-boost|p2a: Pececillo|spa|1
|
|-weather|Snowscape|[upkeep]
|upkeep
|turn|8
|
|t:|1758236730
|switch|p1a: Slowking|Slowking-Galar, F|71/100
|move|p2a: Pececillo|Hydro Pump|p1a: Slowking|[miss]
|-miss|p2a: Pececillo|p1a: Slowking
|
|-weather|Snowscape|[upkeep]
|upkeep
|turn|9
|
|t:|1758236737
|move|p2a: Pececillo|Hydro Pump|p1a: Slowking
|-damage|p1a: Slowking|0 fnt
|faint|p1a: Slowking
|
|-weather|Snowscape|[upkeep]
|upkeep
|inactive|Zelmi has 120 seconds left.
|inactive|Zelmi has 90 seconds left.
|
|t:|1758236774
|switch|p1a: Gholdengo|Gholdengo|100/100
|turn|10
|
|t:|1758236780
|-terastallize|p1a: Gholdengo|Fairy
|move|p1a: Gholdengo|Dazzling Gleam|p2a: Pececillo
|-supereffective|p2a: Pececillo
|-crit|p2a: Pececillo
|-damage|p2a: Pececillo|0 fnt
|faint|p2a: Pececillo
|
|-weather|none
|upkeep
|
|t:|1758236789
|switch|p2a: El Jeringas|Scizor, M|88/100
|turn|11
|
|t:|1758236813
|switch|p1a: Dragonite|Dragonite, F|100/100
|move|p2a: El Jeringas|Swords Dance|p2a: El Jeringas
|-boost|p2a: El Jeringas|atk|2
|
|upkeep
|turn|12
|
|t:|1758236820
|move|p1a: Dragonite|Dragon Dance|p1a: Dragonite
|-boost|p1a: Dragonite|atk|1
|-boost|p1a: Dragonite|spe|1
|move|p2a: El Jeringas|Knock Off|p1a: Dragonite
|-damage|p1a: Dragonite|66/100
|-enditem|p1a: Dragonite|Heavy-Duty Boots|[from] move: Knock Off|[of] p2a: El Jeringas
|
|upkeep
|turn|13
|
|t:|1758236827
|move|p2a: El Jeringas|Bullet Punch|p1a: Dragonite
|-damage|p1a: Dragonite|1/100
|move|p1a: Dragonite|Earthquake|p2a: El Jeringas
|-damage|p2a: El Jeringas|27/100
|
|upkeep
|turn|14
|
|t:|1758236834
|move|p1a: Dragonite|Extreme Speed|p2a: El Jeringas
|-resisted|p2a: El Jeringas
|-damage|p2a: El Jeringas|3/100
|move|p2a: El Jeringas|Bullet Punch|p1a: Dragonite
|-damage|p1a: Dragonite|0 fnt
|faint|p1a: Dragonite
|
|upkeep
|inactive|Zelmi has 120 seconds left.
|
|t:|1758236841
|switch|p1a: Quaquaval|Quaquaval, F|100/100
|turn|15
|
|t:|1758236846
|switch|p2a: Fierro Viejo|Skarmory, M|100/100
|move|p1a: Quaquaval|Aqua Step|p2a: Fierro Viejo
|-damage|p2a: Fierro Viejo|65/100
|-boost|p1a: Quaquaval|spe|1
|-ability|p2a: Fierro Viejo|Weak Armor|boost
|-unboost|p2a: Fierro Viejo|def|1
|-boost|p2a: Fierro Viejo|spe|2
|
|-heal|p2a: Fierro Viejo|71/100|[from] item: Leftovers
|upkeep
|turn|16
|
|t:|1758236858
|move|p1a: Quaquaval|Aqua Step|p2a: Fierro Viejo
|-damage|p2a: Fierro Viejo|17/100
|-boost|p1a: Quaquaval|spe|1
|-ability|p2a: Fierro Viejo|Weak Armor|boost
|-unboost|p2a: Fierro Viejo|def|1
|-boost|p2a: Fierro Viejo|spe|2
|move|p2a: Fierro Viejo|Brave Bird|p1a: Quaquaval
|-supereffective|p1a: Quaquaval
|-damage|p1a: Quaquaval|12/100
|-damage|p2a: Fierro Viejo|0 fnt|[from] Recoil
|faint|p2a: Fierro Viejo
|
|upkeep
|
|t:|1758236872
|switch|p2a: El Jeringas|Scizor, M|3/100
|turn|17
|
|t:|1758236880
|switch|p1a: Ting-Lu|Ting-Lu|100/100
|-ability|p1a: Ting-Lu|Vessel of Ruin
|move|p2a: El Jeringas|Bullet Punch|p1a: Ting-Lu
|-damage|p1a: Ting-Lu|83/100
|
|-heal|p1a: Ting-Lu|89/100|[from] item: Leftovers
|upkeep
|turn|18
|
|t:|1758236890
|switch|p2a: Fuego Eterno|Chandelure, M, shiny|100/100
|move|p1a: Ting-Lu|Spikes|p2a: Fuego Eterno
|-sidestart|p2: Franki Monstruo|Spikes
|
|-heal|p1a: Ting-Lu|95/100|[from] item: Leftovers
|upkeep
|turn|19
|
|t:|1758236907
|move|p2a: Fuego Eterno|Energy Ball|p1a: Ting-Lu
|-supereffective|p1a: Ting-Lu
|-damage|p1a: Ting-Lu|64/100
|move|p1a: Ting-Lu|Earthquake|p2a: Fuego Eterno
|-supereffective|p2a: Fuego Eterno
|-crit|p2a: Fuego Eterno
|-damage|p2a: Fuego Eterno|0 fnt
|faint|p2a: Fuego Eterno
|
|-heal|p1a: Ting-Lu|71/100|[from] item: Leftovers
|upkeep
|
|t:|1758236918
|switch|p2a: Nube Voladora|Thundurus-Therian, M|100/100
|turn|20
|
|t:|1758236922
|move|p2a: Nube Voladora|Nasty Plot|p2a: Nube Voladora
|-boost|p2a: Nube Voladora|spa|2
|move|p1a: Ting-Lu|Ruination|p2a: Nube Voladora|[miss]
|-miss|p1a: Ting-Lu|p2a: Nube Voladora
|
|-heal|p1a: Ting-Lu|77/100|[from] item: Leftovers
|upkeep
|turn|21
|
|t:|1758236931
|move|p2a: Nube Voladora|Dark Pulse|p1a: Ting-Lu
|-resisted|p1a: Ting-Lu
|-damage|p1a: Ting-Lu|65/100
|move|p1a: Ting-Lu|Ruination|p2a: Nube Voladora
|-damage|p2a: Nube Voladora|50/100
|
|-heal|p1a: Ting-Lu|71/100|[from] item: Leftovers
|upkeep
|turn|22
|
|t:|1758236940
|move|p2a: Nube Voladora|Dark Pulse|p1a: Ting-Lu
|-resisted|p1a: Ting-Lu
|-damage|p1a: Ting-Lu|58/100
|move|p1a: Ting-Lu|Ruination|p2a: Nube Voladora|[miss]
|-miss|p1a: Ting-Lu|p2a: Nube Voladora
|
|-heal|p1a: Ting-Lu|64/100|[from] item: Leftovers
|upkeep
|turn|23
|
|t:|1758236954
|move|p2a: Nube Voladora|Dark Pulse|p1a: Ting-Lu
|-resisted|p1a: Ting-Lu
|-damage|p1a: Ting-Lu|51/100
|move|p1a: Ting-Lu|Ruination|p2a: Nube Voladora|[miss]
|-miss|p1a: Ting-Lu|p2a: Nube Voladora
|
|-heal|p1a: Ting-Lu|57/100|[from] item: Leftovers
|upkeep
|turn|24
|
|t:|1758236964
|move|p2a: Nube Voladora|Dark Pulse|p1a: Ting-Lu
|-resisted|p1a: Ting-Lu
|-damage|p1a: Ting-Lu|45/100
|move|p1a: Ting-Lu|Ruination|p2a: Nube Voladora
|-damage|p2a: Nube Voladora|25/100
|
|-heal|p1a: Ting-Lu|51/100|[from] item: Leftovers
|upkeep
|turn|25
|
|t:|1758236973
|move|p2a: Nube Voladora|Dark Pulse|p1a: Ting-Lu
|-resisted|p1a: Ting-Lu
|-damage|p1a: Ting-Lu|39/100
|move|p1a: Ting-Lu|Ruination|p2a: Nube Voladora
|-damage|p2a: Nube Voladora|13/100
|
|-heal|p1a: Ting-Lu|45/100|[from] item: Leftovers
|upkeep
|turn|26
|
|t:|1758236982
|move|p2a: Nube Voladora|Dark Pulse|p1a: Ting-Lu
|-resisted|p1a: Ting-Lu
|-damage|p1a: Ting-Lu|34/100
|cant|p1a: Ting-Lu|flinch
|
|-heal|p1a: Ting-Lu|40/100|[from] item: Leftovers
|upkeep
|turn|27
|
|t:|1758237005
|move|p2a: Nube Voladora|Dark Pulse|p1a: Ting-Lu
|-resisted|p1a: Ting-Lu
|-damage|p1a: Ting-Lu|28/100
|move|p1a: Ting-Lu|Spikes|p2a: Nube Voladora
|-sidestart|p2: Franki Monstruo|Spikes
|
|-heal|p1a: Ting-Lu|35/100|[from] item: Leftovers
|upkeep
|turn|28
|
|t:|1758237013
|move|p2a: Nube Voladora|Dark Pulse|p1a: Ting-Lu
|-resisted|p1a: Ting-Lu
|-damage|p1a: Ting-Lu|23/100
|move|p1a: Ting-Lu|Spikes|p2a: Nube Voladora
|-sidestart|p2: Franki Monstruo|Spikes
|
|-heal|p1a: Ting-Lu|29/100|[from] item: Leftovers
|upkeep
|turn|29
|inactive|Zelmi has 120 seconds left.
|
|t:|1758237044
|move|p2a: Nube Voladora|Dark Pulse|p1a: Ting-Lu
|-resisted|p1a: Ting-Lu
|-damage|p1a: Ting-Lu|16/100
|move|p1a: Ting-Lu|Ruination|p2a: Nube Voladora
|-damage|p2a: Nube Voladora|7/100
|
|-heal|p1a: Ting-Lu|23/100|[from] item: Leftovers
|upkeep
|turn|30
|
|t:|1758237060
|move|p2a: Nube Voladora|Dark Pulse|p1a: Ting-Lu
|-resisted|p1a: Ting-Lu
|-damage|p1a: Ting-Lu|11/100
|move|p1a: Ting-Lu|Whirlwind|p2a: Nube Voladora
|drag|p2a: El Jeringas|Scizor, M|3/100
|-damage|p2a: El Jeringas|0 fnt|[from] Spikes
|faint|p2a: El Jeringas
|
|-heal|p1a: Ting-Lu|17/100|[from] item: Leftovers
|upkeep
|
|t:|1758237071
|switch|p2a: Nube Voladora|Thundurus-Therian, M|7/100
|turn|31
|
|t:|1758237086
|move|p2a: Nube Voladora|Nasty Plot|p2a: Nube Voladora
|-boost|p2a: Nube Voladora|spa|2
|move|p1a: Ting-Lu|Whirlwind||[still]
|-fail|p1a: Ting-Lu
|
|-heal|p1a: Ting-Lu|23/100|[from] item: Leftovers
|upkeep
|turn|32
|
|t:|1758237096
|switch|p1a: Gholdengo|Gholdengo, tera:Fairy|100/100
|move|p2a: Nube Voladora|Nasty Plot|p2a: Nube Voladora
|-boost|p2a: Nube Voladora|spa|2
|
|upkeep
|turn|33
|
|t:|1758237104
|move|p1a: Gholdengo|Shadow Ball|p2a: Nube Voladora
|-damage|p2a: Nube Voladora|0 fnt
|faint|p2a: Nube Voladora
|
|win|Zelmi
|raw|Zelmi's rating: 1305 &rarr; <strong>1326</strong><br />(+21 for winning)
|raw|Franki Monstruo's rating: 1329 &rarr; <strong>1308</strong><br />(-21 for losing)
|c|☆Zelmi|gg
|c|☆Franki Monstruo|Gg
|l|☆Franki Monstruo
|player|p2|
