|j|☆Mewhyegg
|j|☆WaterTemples
|t:|1758240089
|gametype|singles
|player|p1|Mewhyegg|266|1063
|player|p2|WaterTemples|youngster-gen4dp|1104
|gen|9
|tier|[Gen 9] OU
|rated|
|rule|HP Percentage Mod: HP is shown in percentages
|rule|Endless Battle Clause: Forcing endless battles is banned
|rule|Species Clause: Limit one of each Pokémon
|rule|OHKO Clause: OHKO moves are banned
|rule|Evasion Items Clause: Evasion items are banned
|rule|Evasion Moves Clause: Evasion moves are banned
|rule|Evasion Abilities Clause: Evasion abilities are banned
|rule|Sleep Moves Clause: Sleep-inducing moves are banned
|clearpoke
|poke|p1|Corviknight, M|
|poke|p1|Weavile, F|
|poke|p1|Ursaluna, M|
|poke|p1|Greninja-*, M|
|poke|p1|Hydreigon, F|
|poke|p1|Mismagius, F|
|poke|p2|Zapdos|
|poke|p2|Slowking-Galar, M|
|poke|p2|Jirachi|
|poke|p2|Landorus-Therian, M|
|poke|p2|Alomomola, F|
|poke|p2|Kingambit, F|
|teampreview
|
|t:|1758240101
|teamsize|p1|6
|teamsize|p2|6
|start
|switch|p1a: Hero|Greninja, M|100/100
|switch|p2a: Landorus|Landorus-Therian, M|100/100
|-ability|p2a: Landorus|Intimidate|boost
|-unboost|p1a: Hero|atk|1
|turn|1
|
|t:|1758240114
|switch|p2a: Alomomola|Alomomola, F|100/100
|move|p1a: Hero|Toxic Spikes|p2a: Alomomola
|-sidestart|p2: WaterTemples|move: Toxic Spikes
|
|upkeep
|turn|2
|
|t:|1758240121
|move|p1a: Hero|Toxic Spikes|p2a: Alomomola
|-sidestart|p2: WaterTemples|move: Toxic Spikes
|move|p2a: Alomomola|Flip Turn|p1a: Hero
|-resisted|p1a: Hero
|-damage|p1a: Hero|87/100
|-damage|p2a: Alomomola|84/100|[from] item: Rocky Helmet|[of] p1a: Hero
|
|t:|1758240123
|switch|p2a: Slowking|Slowking-Galar, M|100/100|[from] Flip Turn
|-sideend|p2: WaterTemples|move: Toxic Spikes|[of] p2a: Slowking
|
|upkeep
|turn|3
|
|t:|1758240132
|move|p1a: Hero|Dark Pulse|p2a: Slowking
|-supereffective|p2a: Slowking
|-damage|p2a: Slowking|59/100
|move|p2a: Slowking|Thunder Wave|p1a: Hero
|-status|p1a: Hero|par
|
|upkeep
|turn|4
|
|t:|1758240143
|switch|p2a: Alomomola|Alomomola, F|100/100
|move|p1a: Hero|Dark Pulse|p2a: Alomomola
|-damage|p2a: Alomomola|59/100
|
|upkeep
|turn|5
|
|t:|1758240156
|switch|p2a: Kingambit|Kingambit, F|100/100
|cant|p1a: Hero|par
|
|upkeep
|turn|6
|
|t:|1758240168
|switch|p1a: Roses|Hydreigon, F|100/100
|move|p2a: Kingambit|Iron Head|p1a: Roses
|-crit|p1a: Roses
|-damage|p1a: Roses|31/100
|-damage|p2a: Kingambit|84/100|[from] item: Rocky Helmet|[of] p1a: Roses
|
|-heal|p2a: Kingambit|90/100|[from] item: Leftovers
|upkeep
|turn|7
|
|t:|1758240179
|move|p1a: Roses|Fire Blast|p2a: Kingambit
|-supereffective|p2a: Kingambit
|-damage|p2a: Kingambit|10/100
|move|p2a: Kingambit|Iron Head|p1a: Roses
|-damage|p1a: Roses|0 fnt
|-damage|p2a: Kingambit|0 fnt|[from] item: Rocky Helmet|[of] p1a: Roses
|faint|p1a: Roses
|faint|p2a: Kingambit
|-end|p2a: Kingambit|fallenundefined|[silent]
|
|upkeep
|
|t:|1758240190
|switch|p1a: Hero|Greninja, M|87/100 par
|switch|p2a: Landorus|Landorus-Therian, M|100/100
|-ability|p2a: Landorus|Intimidate|boost
|-unboost|p1a: Hero|atk|1
|turn|8
|
|t:|1758240200
|move|p2a: Landorus|U-turn|p1a: Hero
|-supereffective|p1a: Hero
|-damage|p1a: Hero|22/100 par
|-damage|p2a: Landorus|84/100|[from] item: Rocky Helmet|[of] p1a: Hero
|
|t:|1758240208
|switch|p2a: Zapdos|Zapdos|100/100|[from] U-turn
|move|p1a: Hero|Dark Pulse|p2a: Zapdos
|-damage|p2a: Zapdos|68/100
|
|upkeep
|turn|9
|
|t:|1758240228
|move|p2a: Zapdos|Substitute|p2a: Zapdos
|-start|p2a: Zapdos|Substitute
|-damage|p2a: Zapdos|43/100
|cant|p1a: Hero|par
|
|upkeep
|turn|10
|
|t:|1758240234
|move|p2a: Zapdos|Roost|p2a: Zapdos
|-heal|p2a: Zapdos|93/100
|-singleturn|p2a: Zapdos|move: Roost
|move|p1a: Hero|Ice Beam|p2a: Zapdos
|-activate|p2a: Zapdos|move: Substitute|[damage]
|
|upkeep
|turn|11
|
|t:|1758240244
|move|p2a: Zapdos|Discharge|p1a: Hero
|-supereffective|p1a: Hero
|-damage|p1a: Hero|0 fnt
|faint|p1a: Hero
|
|upkeep
|
|t:|1758240256
|switch|p1a: Cookie|Ursaluna, M|100/100
|turn|12
|
|t:|1758240263
|move|p2a: Zapdos|Hurricane|p1a: Cookie
|-damage|p1a: Cookie|62/100
|-start|p1a: Cookie|confusion
|-activate|p1a: Cookie|confusion
|move|p1a: Cookie|Facade|p2a: Zapdos
|-end|p2a: Zapdos|Substitute
|
|-status|p1a: Cookie|brn|[from] item: Flame Orb
|upkeep
|turn|13
|
|t:|1758240273
|move|p2a: Zapdos|Substitute|p2a: Zapdos
|-start|p2a: Zapdos|Substitute
|-damage|p2a: Zapdos|69/100
|-activate|p1a: Cookie|confusion
|-damage|p1a: Cookie|52/100 brn|[from] confusion
|
|-damage|p1a: Cookie|46/100 brn|[from] brn
|upkeep
|turn|14
|
|t:|1758240282
|move|p2a: Zapdos|Roost|p2a: Zapdos
|-heal|p2a: Zapdos|100/100
|-singleturn|p2a: Zapdos|move: Roost
|-end|p1a: Cookie|confusion
|move|p1a: Cookie|Facade|p2a: Zapdos
|-end|p2a: Zapdos|Substitute
|
|-damage|p1a: Cookie|40/100 brn|[from] brn
|upkeep
|turn|15
|
|t:|1758240293
|move|p2a: Zapdos|Hurricane|p1a: Cookie
|-damage|p1a: Cookie|0 fnt
|faint|p1a: Cookie
|
|upkeep
|-message|Mewhyegg forfeited.
|
|win|WaterTemples
|raw|Mewhyegg's rating: 1063 &rarr; <strong>1046</strong><br />(-17 for losing)
|raw|WaterTemples's rating: 1104 &rarr; <strong>1126</strong><br />(+22 for winning)
|l|☆Mewhyegg
|player|p1|
