|j|☆ivon_neeeeeee
|j|☆Bordercauley
|t:|1758333095
|gametype|singles
|player|p1|ivon_neeeeeee|n|1465
|player|p2|Bordercauley|bugsy|1473
|gen|9
|tier|[Gen 9] OU
|rated|
|rule|HP Percentage Mod: HP is shown in percentages
|rule|Endless Battle Clause: Forcing endless battles is banned
|rule|Species Clause: Limit one of each Pokémon
|rule|OHKO Clause: OHKO moves are banned
|rule|Evasion Items Clause: Evasion items are banned
|rule|Evasion Moves Clause: Evasion moves are banned
|rule|Evasion Abilities Clause: Evasion abilities are banned
|rule|Sleep Moves Clause: Sleep-inducing moves are banned
|clearpoke
|poke|p1|Latios, M|
|poke|p1|Ting-Lu|
|poke|p1|Gholdengo|
|poke|p1|Moltres|
|poke|p1|Weezing-Galar, F|
|poke|p1|Ogerpon-Wellspring, F|
|poke|p2|Meowscarada, F|
|poke|p2|Pelipper, M|
|poke|p2|Floatzel, M|
|poke|p2|Quaquaval, M|
|poke|p2|Sinistcha|
|poke|p2|Kilowattrel, F|
|teampreview
|
|t:|1758333102
|teamsize|p1|6
|teamsize|p2|6
|start
|switch|p1a: Latios|Latios, M|100/100
|switch|p2a: Cat|Meowscarada, F|100/100
|turn|1
|
|t:|1758333121
|switch|p1a: Weezing|Weezing-Galar, F|100/100
|-ability|p1a: Weezing|Neutralizing Gas
|move|p2a: Cat|Knock Off|p1a: Weezing
|-resisted|p1a: Weezing
|-damage|p1a: Weezing|90/100
|-enditem|p1a: Weezing|Heavy-Duty Boots|[from] move: Knock Off|[of] p2a: Cat
|
|upkeep
|turn|2
|
|t:|1758333129
|move|p2a: Cat|Taunt|p1a: Weezing
|-start|p1a: Weezing|move: Taunt
|move|p1a: Weezing|Sludge Bomb|p2a: Cat
|-supereffective|p2a: Cat
|-damage|p2a: Cat|2/100
|
|upkeep
|turn|3
|
|t:|1758333139
|move|p2a: Cat|Spikes|p1a: Weezing
|-sidestart|p1: ivon_neeeeeee|Spikes
|move|p1a: Weezing|Sludge Bomb|p2a: Cat
|-supereffective|p2a: Cat
|-damage|p2a: Cat|0 fnt
|faint|p2a: Cat
|
|upkeep
|
|t:|1758333142
|switch|p2a: Bird|Pelipper, M|100/100
|turn|4
|
|t:|1758333147
|move|p1a: Weezing|Sludge Bomb|p2a: Bird
|-damage|p2a: Bird|64/100
|-status|p2a: Bird|psn
|move|p2a: Bird|U-turn|p1a: Weezing
|-resisted|p1a: Weezing
|-damage|p1a: Weezing|88/100
|
|t:|1758333150
|switch|p2a: Bird2|Kilowattrel, F|100/100|[from] U-turn
|
|-end|p1a: Weezing|move: Taunt
|upkeep
|turn|5
|
|t:|1758333157
|-end|p1a: Weezing|ability: Neutralizing Gas
|switch|p1a: Ting-Lu|Ting-Lu|100/100
|-damage|p1a: Ting-Lu|88/100|[from] Spikes
|-ability|p1a: Ting-Lu|Vessel of Ruin
|move|p2a: Bird2|Hurricane|p1a: Ting-Lu
|-damage|p1a: Ting-Lu|59/100
|-start|p1a: Ting-Lu|confusion
|
|-heal|p1a: Ting-Lu|65/100|[from] item: Leftovers
|upkeep
|turn|6
|
|t:|1758333168
|switch|p2a: Bird|Pelipper, M|64/100 psn
|-weather|RainDance|[from] ability: Drizzle|[of] p2a: Bird
|-activate|p1a: Ting-Lu|confusion
|-damage|p1a: Ting-Lu|60/100|[from] confusion
|
|-weather|RainDance|[upkeep]
|-heal|p1a: Ting-Lu|66/100|[from] item: Leftovers
|-damage|p2a: Bird|52/100 psn|[from] psn
|upkeep
|turn|7
|
|t:|1758333179
|switch|p1a: Latios|Latios, M|100/100
|move|p2a: Bird|U-turn|p1a: Latios
|-supereffective|p1a: Latios
|-damage|p1a: Latios|76/100
|inactive|Battle timer is ON: inactive players will automatically lose when time's up. (requested by ivon_neeeeeee)
|
|t:|1758333193
|switch|p2a: Weasel|Floatzel, M|100/100|[from] U-turn
|
|-weather|RainDance|[upkeep]
|upkeep
|turn|8
|
|t:|1758333198
|switch|p1a: Weezing|Weezing-Galar, F|88/100
|-ability|p1a: Weezing|Neutralizing Gas
|-damage|p1a: Weezing|76/100|[from] Spikes
|move|p2a: Weasel|Ice Spinner|p1a: Weezing
|-damage|p1a: Weezing|48/100
|
|-weather|RainDance|[upkeep]
|upkeep
|turn|9
|
|t:|1758333209
|switch|p2a: Bird2|Kilowattrel, F|100/100
|move|p1a: Weezing|Pain Split|p2a: Bird2
|-sethp|p2a: Bird2|79/100|[from] move: Pain Split|[silent]
|-sethp|p1a: Weezing|66/100|[from] move: Pain Split
|
|-weather|RainDance|[upkeep]
|upkeep
|turn|10
|
|t:|1758333218
|move|p2a: Bird2|Hurricane|p1a: Weezing
|-damage|p1a: Weezing|0 fnt
|faint|p1a: Weezing
|-end|p1a: Weezing|ability: Neutralizing Gas
|
|-weather|RainDance|[upkeep]
|upkeep
|
|t:|1758333224
|switch|p1a: Gholdengo|Gholdengo|100/100
|-damage|p1a: Gholdengo|88/100|[from] Spikes
|turn|11
|
|t:|1758333229
|move|p1a: Gholdengo|Shadow Ball|p2a: Bird2
|-damage|p2a: Bird2|6/100
|move|p2a: Bird2|Hurricane|p1a: Gholdengo
|-resisted|p1a: Gholdengo
|-damage|p1a: Gholdengo|48/100
|-start|p1a: Gholdengo|confusion
|
|-weather|RainDance|[upkeep]
|upkeep
|turn|12
|
|t:|1758333247
|-activate|p1a: Gholdengo|confusion
|move|p1a: Gholdengo|Shadow Ball|p2a: Bird2
|-damage|p2a: Bird2|0 fnt
|faint|p2a: Bird2
|
|-weather|RainDance|[upkeep]
|upkeep
|
|t:|1758333254
|switch|p2a: Duck|Quaquaval, M|100/100
|turn|13
|
|t:|1758333257
|switch|p1a: Ogerpon|Ogerpon-Wellspring, F|100/100
|-damage|p1a: Ogerpon|88/100|[from] Spikes
|move|p2a: Duck|Aqua Step|p1a: Ogerpon
|-heal|p1a: Ogerpon|100/100|[from] ability: Water Absorb|[of] p2a: Duck
|
|-weather|none
|upkeep
|turn|14
|
|t:|1758333279
|switch|p2a: Bird|Pelipper, M|52/100 psn
|-weather|RainDance|[from] ability: Drizzle|[of] p2a: Bird
|move|p1a: Ogerpon|Swords Dance|p1a: Ogerpon
|-boost|p1a: Ogerpon|atk|2
|
|-weather|RainDance|[upkeep]
|-damage|p2a: Bird|40/100 psn|[from] psn
|upkeep
|turn|15
|
|t:|1758333306
|move|p1a: Ogerpon|Play Rough|p2a: Bird
|-damage|p2a: Bird|0 fnt
|faint|p2a: Bird
|
|-weather|RainDance|[upkeep]
|upkeep
|
|t:|1758333311
|switch|p2a: Tea|Sinistcha|100/100
|turn|16
|
|t:|1758333316
|move|p1a: Ogerpon|Ivy Cudgel|p2a: Tea|[anim] Ivy Cudgel Water
|-resisted|p2a: Tea
|-damage|p2a: Tea|30/100
|move|p2a: Tea|Strength Sap|p1a: Ogerpon
|-unboost|p1a: Ogerpon|atk|1
|-heal|p2a: Tea|100/100
|
|-weather|RainDance|[upkeep]
|upkeep
|turn|17
|
|t:|1758333328
|move|p1a: Ogerpon|Swords Dance|p1a: Ogerpon
|-boost|p1a: Ogerpon|atk|2
|move|p2a: Tea|Calm Mind|p2a: Tea
|-boost|p2a: Tea|spa|1
|-boost|p2a: Tea|spd|1
|
|-weather|RainDance|[upkeep]
|upkeep
|turn|18
|
|t:|1758333335
|-terastallize|p1a: Ogerpon|Water
|detailschange|p1a: Ogerpon|Ogerpon-Wellspring-Tera, F, tera:Water
|-ability|p1a: Ogerpon|Embody Aspect (Wellspring)|boost
|-boost|p1a: Ogerpon|spd|1
|move|p1a: Ogerpon|Ivy Cudgel|p2a: Tea|[anim] Ivy Cudgel Water
|-resisted|p2a: Tea
|-damage|p2a: Tea|0 fnt
|faint|p2a: Tea
|
|-weather|RainDance|[upkeep]
|upkeep
|
|t:|1758333338
|switch|p2a: Weasel|Floatzel, M|100/100
|turn|19
|
|t:|1758333347
|-terastallize|p2a: Weasel|Water
|move|p2a: Weasel|Wave Crash|p1a: Ogerpon
|-resisted|p1a: Ogerpon
|-damage|p1a: Ogerpon|0 fnt
|faint|p1a: Ogerpon
|detailschange|p1: Ogerpon|Ogerpon-Wellspring, F|[silent]
|-damage|p2a: Weasel|69/100|[from] Recoil
|
|-weather|RainDance|[upkeep]
|upkeep
|
|t:|1758333359
|switch|p1a: Moltres|Moltres|100/100
|turn|20
|
|t:|1758333370
|switch|p1a: Ting-Lu|Ting-Lu|66/100
|-damage|p1a: Ting-Lu|53/100|[from] Spikes
|-ability|p1a: Ting-Lu|Vessel of Ruin
|move|p2a: Weasel|Wave Crash|p1a: Ting-Lu
|-supereffective|p1a: Ting-Lu
|-damage|p1a: Ting-Lu|0 fnt
|faint|p1a: Ting-Lu
|-damage|p2a: Weasel|40/100|[from] Recoil
|
|-weather|RainDance|[upkeep]
|upkeep
|
|t:|1758333380
|switch|p1a: Moltres|Moltres|100/100
|turn|21
|
|t:|1758333383
|move|p2a: Weasel|Wave Crash|p1a: Moltres
|-supereffective|p1a: Moltres
|-damage|p1a: Moltres|0 fnt
|faint|p1a: Moltres
|-damage|p2a: Weasel|0 fnt|[from] Recoil
|faint|p2a: Weasel
|
|-weather|none
|upkeep
|
|t:|1758333391
|switch|p2a: Duck|Quaquaval, M|100/100
|switch|p1a: Latios|Latios, M|76/100
|turn|22
|
|t:|1758333395
|move|p1a: Latios|Psychic Noise|p2a: Duck
|-supereffective|p2a: Duck
|-damage|p2a: Duck|0 fnt
|faint|p2a: Duck
|
|win|ivon_neeeeeee
|raw|ivon_neeeeeee's rating: 1465 &rarr; <strong>1485</strong><br />(+20 for winning)
|raw|Bordercauley's rating: 1473 &rarr; <strong>1453</strong><br />(-20 for losing)
|c|☆Bordercauley|gg
|l|☆Bordercauley
|player|p2|
|c|☆ivon_neeeeeee|gg
|l|☆ivon_neeeeeee
|player|p1|
