|j|☆CherylBush
|j|☆tokiwakano
|t:|1758265996
|gametype|singles
|player|p1|CherylBush|mallow-masters|1562
|player|p2|tokiwakano|acetrainerf|1782
|gen|9
|tier|[Gen 9] OU
|rated|
|rule|HP Percentage Mod: HP is shown in percentages
|rule|Endless Battle Clause: Forcing endless battles is banned
|rule|Species Clause: Limit one of each Pokémon
|rule|OHKO Clause: OHKO moves are banned
|rule|Evasion Items Clause: Evasion items are banned
|rule|Evasion Moves Clause: Evasion moves are banned
|rule|Evasion Abilities Clause: Evasion abilities are banned
|rule|Sleep Moves Clause: Sleep-inducing moves are banned
|clearpoke
|poke|p1|Landorus-Therian, M|
|poke|p1|Skeledirge, M|
|poke|p1|Skarmory, M|
|poke|p1|Hydrapple, M|
|poke|p1|Samurott-Hisui, M|
|poke|p1|Fezandipiti, M|
|poke|p2|Great Tusk|
|poke|p2|Cinderace, M|
|poke|p2|Alomomola, M|
|poke|p2|Zapdos|
|poke|p2|Slowking-Galar, F|
|poke|p2|Iron Valiant|
|teampreview
|inactive|Battle timer is ON: inactive players will automatically lose when time's up. (requested by tokiwakano)
|
|t:|1758266006
|teamsize|p1|6
|teamsize|p2|6
|start
|switch|p1a: Fez Boi|Fezandipiti, M|100/100
|switch|p2a: Iron Valiant|Iron Valiant|100/100
|turn|1
|
|t:|1758266011
|-end|p2a: Iron Valiant|Quark Drive|[silent]
|switch|p2a: Slowking|Slowking-Galar, F|100/100
|move|p1a: Fez Boi|Moonblast|p2a: Slowking
|-resisted|p2a: Slowking
|-crit|p2a: Slowking
|-damage|p2a: Slowking|85/100
|
|upkeep
|turn|2
|
|t:|1758266021
|switch|p1a: Samurott|Samurott-Hisui, M, shiny|100/100
|-prepare|p2a: Slowking|Chilly Reception|[premajor]
|move|p2a: Slowking|Chilly Reception|p2a: Slowking
|-weather|Snowscape
|
|t:|1758266025
|switch|p2a: Iron Valiant|Iron Valiant|100/100|[from] Chilly Reception
|
|-weather|Snowscape|[upkeep]
|upkeep
|turn|3
|
|t:|1758266031
|switch|p1a: Fez Boi|Fezandipiti, M|100/100
|move|p2a: Iron Valiant|Close Combat|p1a: Fez Boi
|-resisted|p1a: Fez Boi
|-damage|p1a: Fez Boi|75/100
|-unboost|p2a: Iron Valiant|def|1
|-unboost|p2a: Iron Valiant|spd|1
|
|-weather|Snowscape|[upkeep]
|upkeep
|turn|4
|
|t:|1758266042
|-end|p2a: Iron Valiant|Quark Drive|[silent]
|switch|p2a: Slowking|Slowking-Galar, F|100/100
|switch|p1a: Skarmory|Skarmory, M, shiny|100/100
|
|-weather|Snowscape|[upkeep]
|upkeep
|turn|5
|
|t:|1758266047
|move|p1a: Skarmory|Stealth Rock|p2a: Slowking
|-sidestart|p2: tokiwakano|move: Stealth Rock
|move|p2a: Slowking|Future Sight|p1a: Skarmory
|-start|p2a: Slowking|move: Future Sight
|
|-weather|Snowscape|[upkeep]
|upkeep
|turn|6
|
|t:|1758266056
|switch|p1a: Fez Boi|Fezandipiti, M|75/100
|-prepare|p2a: Slowking|Chilly Reception|[premajor]
|move|p2a: Slowking|Chilly Reception|p2a: Slowking
|
|t:|1758266062
|switch|p2a: Great Tusk|Great Tusk|100/100|[from] Chilly Reception
|-damage|p2a: Great Tusk|98/100|[from] Stealth Rock
|
|-weather|none
|upkeep
|turn|7
|
|t:|1758266067
|switch|p1a: Skarmory|Skarmory, M, shiny|100/100
|move|p2a: Great Tusk|Rapid Spin|p1a: Skarmory
|-resisted|p1a: Skarmory
|-damage|p1a: Skarmory|95/100
|-boost|p2a: Great Tusk|spe|1
|-damage|p2a: Great Tusk|81/100|[from] item: Rocky Helmet|[of] p1a: Skarmory
|-sideend|p2: tokiwakano|Stealth Rock|[from] move: Rapid Spin|[of] p2a: Great Tusk
|
|-end|p1a: Skarmory|move: Future Sight
|-resisted|p1a: Skarmory
|-damage|p1a: Skarmory|63/100
|upkeep
|turn|8
|
|t:|1758266072
|-end|p2a: Great Tusk|Protosynthesis|[silent]
|switch|p2a: Zapdos|Zapdos|100/100
|move|p1a: Skarmory|Stealth Rock|p2a: Zapdos
|-sidestart|p2: tokiwakano|move: Stealth Rock
|
|upkeep
|turn|9
|
|t:|1758266076
|switch|p1a: Fez Boi|Fezandipiti, M|75/100
|move|p2a: Zapdos|Discharge|p1a: Fez Boi
|-damage|p1a: Fez Boi|56/100
|
|upkeep
|turn|10
|
|t:|1758266083
|move|p1a: Fez Boi|Roost|p1a: Fez Boi
|-heal|p1a: Fez Boi|100/100
|-singleturn|p1a: Fez Boi|move: Roost
|move|p2a: Zapdos|Discharge|p1a: Fez Boi
|-crit|p1a: Fez Boi
|-damage|p1a: Fez Boi|72/100
|-status|p1a: Fez Boi|par
|
|upkeep
|turn|11
|
|t:|1758266089
|move|p2a: Zapdos|Volt Switch|p1a: Fez Boi
|-damage|p1a: Fez Boi|55/100 par
|
|t:|1758266091
|switch|p2a: Slowking|Slowking-Galar, F|100/100|[from] Volt Switch
|-damage|p2a: Slowking|88/100|[from] Stealth Rock
|move|p1a: Fez Boi|Moonblast|p2a: Slowking
|-resisted|p2a: Slowking
|-damage|p2a: Slowking|78/100
|
|upkeep
|turn|12
|
|t:|1758266100
|move|p1a: Fez Boi|Roost|p1a: Fez Boi
|-heal|p1a: Fez Boi|100/100 par
|-singleturn|p1a: Fez Boi|move: Roost
|move|p2a: Slowking|Future Sight|p1a: Fez Boi
|-start|p2a: Slowking|move: Future Sight
|
|upkeep
|turn|13
|
|t:|1758266106
|move|p1a: Fez Boi|Moonblast|p2a: Slowking
|-resisted|p2a: Slowking
|-damage|p2a: Slowking|69/100
|-unboost|p2a: Slowking|spa|1
|-prepare|p2a: Slowking|Chilly Reception|[premajor]
|move|p2a: Slowking|Chilly Reception|p2a: Slowking
|-weather|Snowscape
|
|t:|1758266111
|switch|p2a: Great Tusk|Great Tusk|81/100|[from] Chilly Reception
|-damage|p2a: Great Tusk|78/100|[from] Stealth Rock
|
|-weather|Snowscape|[upkeep]
|upkeep
|turn|14
|
|t:|1758266115
|switch|p1a: Skarmory|Skarmory, M, shiny|63/100
|move|p2a: Great Tusk|Knock Off|p1a: Skarmory
|-damage|p1a: Skarmory|45/100
|-damage|p2a: Great Tusk|62/100|[from] item: Rocky Helmet|[of] p1a: Skarmory
|-enditem|p1a: Skarmory|Rocky Helmet|[from] move: Knock Off|[of] p2a: Great Tusk
|
|-weather|Snowscape|[upkeep]
|-end|p1a: Skarmory|move: Future Sight
|-resisted|p1a: Skarmory
|-damage|p1a: Skarmory|14/100
|upkeep
|turn|15
|
|t:|1758266121
|move|p2a: Great Tusk|Knock Off|p1a: Skarmory
|-damage|p1a: Skarmory|0 fnt
|faint|p1a: Skarmory
|
|-weather|Snowscape|[upkeep]
|upkeep
|
|t:|1758266132
|switch|p1a: Skeledirge|Skeledirge, M, shiny|100/100
|turn|16
|
|t:|1758266136
|-end|p2a: Great Tusk|Protosynthesis|[silent]
|switch|p2a: Alomomola|Alomomola, M|100/100
|-damage|p2a: Alomomola|88/100|[from] Stealth Rock
|move|p1a: Skeledirge|Torch Song|p2a: Alomomola
|-resisted|p2a: Alomomola
|-damage|p2a: Alomomola|81/100
|-boost|p1a: Skeledirge|spa|1
|
|-weather|Snowscape|[upkeep]
|upkeep
|turn|17
|
|t:|1758266143
|move|p1a: Skeledirge|Torch Song|p2a: Alomomola
|-resisted|p2a: Alomomola
|-damage|p2a: Alomomola|70/100
|-boost|p1a: Skeledirge|spa|1
|move|p2a: Alomomola|Mirror Coat|p1a: Skeledirge
|-damage|p1a: Skeledirge|71/100
|
|-weather|none
|upkeep
|turn|18
|
|t:|1758266150
|move|p1a: Skeledirge|Slack Off|p1a: Skeledirge
|-heal|p1a: Skeledirge|100/100
|move|p2a: Alomomola|Flip Turn|p1a: Skeledirge
|-supereffective|p1a: Skeledirge
|-damage|p1a: Skeledirge|75/100
|
|t:|1758266152
|switch|p2a: Great Tusk|Great Tusk|62/100|[from] Flip Turn
|-damage|p2a: Great Tusk|59/100|[from] Stealth Rock
|
|upkeep
|turn|19
|
|t:|1758266160
|-terastallize|p1a: Skeledirge|Ice
|move|p2a: Great Tusk|Headlong Rush|p1a: Skeledirge
|-damage|p1a: Skeledirge|32/100
|-unboost|p2a: Great Tusk|def|1
|-unboost|p2a: Great Tusk|spd|1
|move|p1a: Skeledirge|Tera Blast|p2a: Great Tusk|[anim] Tera Blast Ice
|-supereffective|p2a: Great Tusk
|-damage|p2a: Great Tusk|0 fnt
|faint|p2a: Great Tusk
|-end|p2a: Great Tusk|Protosynthesis|[silent]
|
|upkeep
|j| wgw2333
|
|t:|1758266167
|switch|p2a: Cinderace|Cinderace, M|100/100
|turn|20
|
|t:|1758266171
|switch|p1a: Leviathan|Hydrapple, M, shiny|100/100
|move|p2a: Cinderace|Pyro Ball|p1a: Leviathan
|-damage|p1a: Leviathan|71/100
|
|upkeep
|turn|21
|
|t:|1758266179
|move|p2a: Cinderace|Court Change|p2a: Cinderace
|-swapsideconditions
|-activate|p2a: Cinderace|move: Court Change
|move|p1a: Leviathan|Earth Power|p2a: Cinderace
|-supereffective|p2a: Cinderace
|-damage|p2a: Cinderace|33/100
|
|upkeep
|turn|22
|
|t:|1758266188
|move|p2a: Cinderace|U-turn|p1a: Leviathan
|-supereffective|p1a: Leviathan
|-damage|p1a: Leviathan|46/100
|
|t:|1758266191
|switch|p2a: Slowking|Slowking-Galar, F|100/100|[from] U-turn
|move|p1a: Leviathan|Earth Power|p2a: Slowking
|-supereffective|p2a: Slowking
|-enditem|p2a: Slowking|Shuca Berry|[eat]
|-enditem|p2a: Slowking|Shuca Berry|[weaken]
|-damage|p2a: Slowking|78/100
|
|upkeep
|turn|23
|
|t:|1758266199
|switch|p1a: Landorus|Landorus-Therian, M, shiny|100/100
|-damage|p1a: Landorus|88/100|[from] Stealth Rock
|-ability|p1a: Landorus|Intimidate|boost
|-unboost|p2a: Slowking|atk|1
|move|p2a: Slowking|Sludge Bomb|p1a: Landorus
|-resisted|p1a: Landorus
|-damage|p1a: Landorus|69/100
|
|upkeep
|turn|24
|
|t:|1758266205
|move|p1a: Landorus|U-turn|p2a: Slowking
|-damage|p2a: Slowking|60/100
|
|t:|1758266208
|switch|p1a: Skeledirge|Skeledirge, M, shiny, tera:Ice|32/100|[from] U-turn
|move|p2a: Slowking|Ice Beam|p1a: Skeledirge
|-resisted|p1a: Skeledirge
|-damage|p1a: Skeledirge|23/100
|
|upkeep
|turn|25
|
|t:|1758266212
|move|p1a: Skeledirge|Slack Off|p1a: Skeledirge
|-heal|p1a: Skeledirge|73/100
|move|p2a: Slowking|Sludge Bomb|p1a: Skeledirge
|-damage|p1a: Skeledirge|48/100
|
|upkeep
|turn|26
|
|t:|1758266215
|move|p1a: Skeledirge|Slack Off|p1a: Skeledirge
|-heal|p1a: Skeledirge|98/100
|move|p2a: Slowking|Sludge Bomb|p1a: Skeledirge
|-damage|p1a: Skeledirge|68/100
|
|upkeep
|turn|27
|
|t:|1758266218
|switch|p1a: Samurott|Samurott-Hisui, M, shiny|100/100
|-prepare|p2a: Slowking|Chilly Reception|[premajor]
|move|p2a: Slowking|Chilly Reception|p2a: Slowking
|-weather|Snowscape
|
|t:|1758266220
|switch|p2a: Iron Valiant|Iron Valiant|100/100|[from] Chilly Reception
|
|-weather|Snowscape|[upkeep]
|upkeep
|turn|28
|
|t:|1758266225
|switch|p1a: Fez Boi|Fezandipiti, M|100/100 par
|move|p2a: Iron Valiant|Close Combat|p1a: Fez Boi
|-resisted|p1a: Fez Boi
|-damage|p1a: Fez Boi|76/100 par
|-unboost|p2a: Iron Valiant|def|1
|-unboost|p2a: Iron Valiant|spd|1
|
|-weather|Snowscape|[upkeep]
|upkeep
|turn|29
|
|t:|1758266230
|-end|p2a: Iron Valiant|Quark Drive|[silent]
|switch|p2a: Slowking|Slowking-Galar, F|93/100
|switch|p1a: Samurott|Samurott-Hisui, M, shiny|100/100
|
|-weather|Snowscape|[upkeep]
|upkeep
|turn|30
|
|t:|1758266235
|switch|p2a: Iron Valiant|Iron Valiant|100/100
|move|p1a: Samurott|Ceaseless Edge|p2a: Iron Valiant|[miss]
|-miss|p1a: Samurott|p2a: Iron Valiant
|
|-weather|Snowscape|[upkeep]
|upkeep
|turn|31
|
|t:|1758266240
|switch|p1a: Fez Boi|Fezandipiti, M|76/100 par
|move|p2a: Iron Valiant|Knock Off|p1a: Fez Boi
|-resisted|p1a: Fez Boi
|-damage|p1a: Fez Boi|49/100 par
|-enditem|p1a: Fez Boi|Heavy-Duty Boots|[from] move: Knock Off|[of] p2a: Iron Valiant
|
|-weather|none
|upkeep
|turn|32
|
|t:|1758266245
|-end|p2a: Iron Valiant|Quark Drive|[silent]
|switch|p2a: Slowking|Slowking-Galar, F|100/100
|move|p1a: Fez Boi|Roost|p1a: Fez Boi
|-heal|p1a: Fez Boi|99/100 par
|-singleturn|p1a: Fez Boi|move: Roost
|
|upkeep
|turn|33
|
|t:|1758266251
|switch|p1a: Samurott|Samurott-Hisui, M, shiny|100/100
|move|p2a: Slowking|Future Sight|p1a: Samurott
|-start|p2a: Slowking|move: Future Sight
|
|upkeep
|turn|34
|
|t:|1758266256
|switch|p2a: Iron Valiant|Iron Valiant|100/100
|move|p1a: Samurott|Ceaseless Edge|p2a: Iron Valiant
|-resisted|p2a: Iron Valiant
|-damage|p2a: Iron Valiant|84/100
|-sidestart|p2: tokiwakano|Spikes
|
|upkeep
|turn|35
|
|t:|1758266263
|switch|p1a: Fez Boi|Fezandipiti, M|99/100 par
|-damage|p1a: Fez Boi|87/100 par|[from] Stealth Rock
|move|p2a: Iron Valiant|Close Combat|p1a: Fez Boi
|-resisted|p1a: Fez Boi
|-damage|p1a: Fez Boi|62/100 par
|-unboost|p2a: Iron Valiant|def|1
|-unboost|p2a: Iron Valiant|spd|1
|
|-end|p1a: Fez Boi|move: Future Sight
|-supereffective|p1a: Fez Boi
|-damage|p1a: Fez Boi|9/100 par
|upkeep
|turn|36
|
|t:|1758266268
|move|p2a: Iron Valiant|Close Combat|p1a: Fez Boi
|-resisted|p1a: Fez Boi
|-damage|p1a: Fez Boi|0 fnt
|-unboost|p2a: Iron Valiant|def|1
|-unboost|p2a: Iron Valiant|spd|1
|faint|p1a: Fez Boi
|
|upkeep
|
|t:|1758266273
|switch|p1a: Landorus|Landorus-Therian, M, shiny|69/100
|-damage|p1a: Landorus|56/100|[from] Stealth Rock
|-ability|p1a: Landorus|Intimidate|boost
|-unboost|p2a: Iron Valiant|atk|1
|turn|37
|
|t:|1758266277
|-end|p2a: Iron Valiant|Quark Drive|[silent]
|switch|p2a: Zapdos|Zapdos|100/100
|move|p1a: Landorus|U-turn|p2a: Zapdos
|-resisted|p2a: Zapdos
|-damage|p2a: Zapdos|91/100
|-damage|p1a: Landorus|40/100|[from] item: Rocky Helmet|[of] p2a: Zapdos
|
|t:|1758266282
|switch|p1a: Samurott|Samurott-Hisui, M, shiny|100/100|[from] U-turn
|
|upkeep
|turn|38
|
|t:|1758266285
|move|p1a: Samurott|Ceaseless Edge|p2a: Zapdos
|-damage|p2a: Zapdos|56/100
|-damage|p1a: Samurott|84/100|[from] item: Rocky Helmet|[of] p2a: Zapdos
|-sidestart|p2: tokiwakano|Spikes
|move|p2a: Zapdos|Discharge|p1a: Samurott
|-supereffective|p1a: Samurott
|-damage|p1a: Samurott|0 fnt
|faint|p1a: Samurott
|
|upkeep
|
|t:|1758266290
|switch|p1a: Landorus|Landorus-Therian, M, shiny|40/100
|-damage|p1a: Landorus|27/100|[from] Stealth Rock
|-ability|p1a: Landorus|Intimidate|boost
|-unboost|p2a: Zapdos|atk|1
|turn|39
|
|t:|1758266293
|move|p1a: Landorus|Stone Edge|p2a: Zapdos|[miss]
|-miss|p1a: Landorus|p2a: Zapdos
|move|p2a: Zapdos|Roost|p2a: Zapdos
|-heal|p2a: Zapdos|100/100
|-singleturn|p2a: Zapdos|move: Roost
|
|upkeep
|turn|40
|
|t:|1758266295
|move|p1a: Landorus|Stone Edge|p2a: Zapdos
|-supereffective|p2a: Zapdos
|-damage|p2a: Zapdos|42/100
|move|p2a: Zapdos|Hurricane|p1a: Landorus
|-damage|p1a: Landorus|0 fnt
|faint|p1a: Landorus
|
|upkeep
|
|t:|1758266298
|switch|p1a: Skeledirge|Skeledirge, M, shiny, tera:Ice|68/100
|turn|41
|
|t:|1758266304
|move|p2a: Zapdos|Discharge|p1a: Skeledirge
|-damage|p1a: Skeledirge|40/100
|-status|p1a: Skeledirge|par
|cant|p1a: Skeledirge|par
|
|upkeep
|turn|42
|inactive|CherylBush has 120 seconds left.
|inactive|CherylBush has 90 seconds left.
|inactive|CherylBush has 60 seconds left.
|inactive|CherylBush has 30 seconds left.
|inactive|CherylBush has 20 seconds left.
|inactive|CherylBush has 15 seconds left.
|-message|CherylBush forfeited.
|
|win|tokiwakano
|raw|CherylBush's rating: 1586 &rarr; <strong>1576</strong><br />(-10 for losing)
|raw|tokiwakano's rating: 1782 &rarr; <strong>1792</strong><br />(+10 for winning)
|l|☆CherylBush
|player|p1|
|l|☆tokiwakano
|player|p2|
