|j|☆maurice_oftime
|j|☆hina211
|t:|1758273030
|gametype|singles
|player|p1|maurice_oftime|allister|1157
|player|p2|hina211|lady-gen4|1124
|gen|9
|tier|[Gen 9] OU
|rated|
|rule|HP Percentage Mod: HP is shown in percentages
|rule|Endless Battle Clause: Forcing endless battles is banned
|rule|Species Clause: Limit one of each Pokémon
|rule|OHKO Clause: OHKO moves are banned
|rule|Evasion Items Clause: Evasion items are banned
|rule|Evasion Moves Clause: Evasion moves are banned
|rule|Evasion Abilities Clause: Evasion abilities are banned
|rule|Sleep Moves Clause: Sleep-inducing moves are banned
|clearpoke
|poke|p1|Gallade, M|
|poke|p1|Hatterene, F|
|poke|p1|Slowking-Galar, M|
|poke|p1|Ursaluna, M|
|poke|p1|Cresselia, F|
|poke|p1|Decidueye-Hisui, M|
|poke|p2|Glimmora, F|
|poke|p2|Iron Treads|
|poke|p2|Polteageist-Antique|
|poke|p2|Raging Bolt|
|poke|p2|Dragonite, M|
|poke|p2|Zamazenta-*|
|teampreview
|
|t:|1758273043
|teamsize|p1|6
|teamsize|p2|6
|start
|switch|p1a: Nico robin|Hatterene, F|100/100
|switch|p2a: Iron Treads|Iron Treads|100/100
|-enditem|p2a: Iron Treads|Booster Energy
|-activate|p2a: Iron Treads|ability: Quark Drive|[fromitem]
|-start|p2a: Iron Treads|quarkdrivespe
|turn|1
|
|t:|1758273049
|move|p2a: Iron Treads|Knock Off|p1a: Nico robin
|-damage|p1a: Nico robin|73/100
|-enditem|p1a: Nico robin|Focus Sash|[from] move: Knock Off|[of] p2a: Iron Treads
|move|p1a: Nico robin|Trick Room|p1a: Nico robin
|-fieldstart|move: Trick Room|[of] p1a: Nico robin
|
|upkeep
|turn|2
|
|t:|1758273060
|move|p1a: Nico robin|Mystical Fire|p2a: Iron Treads
|-supereffective|p2a: Iron Treads
|-damage|p2a: Iron Treads|34/100
|-unboost|p2a: Iron Treads|spa|1
|move|p2a: Iron Treads|Knock Off|p1a: Nico robin
|-damage|p1a: Nico robin|53/100
|
|upkeep
|turn|3
|
|t:|1758273068
|-end|p2a: Iron Treads|Quark Drive|[silent]
|switch|p2a: Raging Bolt|Raging Bolt|100/100
|-enditem|p2a: Raging Bolt|Booster Energy
|-activate|p2a: Raging Bolt|ability: Protosynthesis|[fromitem]
|-start|p2a: Raging Bolt|protosynthesisspa
|move|p1a: Nico robin|Mystical Fire|p2a: Raging Bolt
|-resisted|p2a: Raging Bolt
|-damage|p2a: Raging Bolt|86/100
|-unboost|p2a: Raging Bolt|spa|1
|
|upkeep
|turn|4
|
|t:|1758273078
|move|p2a: Raging Bolt|Thunderclap|p1a: Nico robin
|-damage|p1a: Nico robin|11/100
|move|p1a: Nico robin|Misty Explosion|p2a: Raging Bolt
|-supereffective|p2a: Raging Bolt
|-damage|p2a: Raging Bolt|0 fnt
|faint|p1a: Nico robin
|faint|p2a: Raging Bolt
|-end|p2a: Raging Bolt|Protosynthesis|[silent]
|
|upkeep
|
|t:|1758273087
|switch|p1a: Trafalgar Law|Gallade, M|100/100
|switch|p2a: Polteageist|Polteageist-Antique|100/100
|turn|5
|
|t:|1758273098
|move|p1a: Trafalgar Law|Night Slash|p2a: Polteageist
|-supereffective|p2a: Polteageist
|-enditem|p2a: Polteageist|Focus Sash
|-damage|p2a: Polteageist|1/100
|-ability|p2a: Polteageist|Weak Armor|boost
|-unboost|p2a: Polteageist|def|1
|-boost|p2a: Polteageist|spe|2
|-damage|p1a: Trafalgar Law|91/100|[from] item: Life Orb
|move|p2a: Polteageist|Shell Smash|p2a: Polteageist
|-unboost|p2a: Polteageist|def|1
|-unboost|p2a: Polteageist|spd|1
|-boost|p2a: Polteageist|atk|2
|-boost|p2a: Polteageist|spa|2
|-boost|p2a: Polteageist|spe|2
|
|-fieldend|move: Trick Room
|upkeep
|turn|6
|
|t:|1758273115
|move|p2a: Polteageist|Stored Power|p1a: Trafalgar Law
|-damage|p1a: Trafalgar Law|0 fnt
|faint|p1a: Trafalgar Law
|
|upkeep
|
|t:|1758273124
|switch|p1a: Usopp (Wano)|Decidueye-Hisui, M, shiny|100/100
|turn|7
|
|t:|1758273130
|move|p1a: Usopp (Wano)|Sucker Punch|p2a: Polteageist
|-supereffective|p2a: Polteageist
|-crit|p2a: Polteageist
|-damage|p2a: Polteageist|0 fnt
|faint|p2a: Polteageist
|-damage|p1a: Usopp (Wano)|91/100|[from] item: Life Orb
|
|upkeep
|
|t:|1758273137
|switch|p2a: Glimmora|Glimmora, F|100/100
|turn|8
|inactive|Battle timer is ON: inactive players will automatically lose when time's up. (requested by hina211)
|
|t:|1758273154
|move|p2a: Glimmora|Sludge Wave|p1a: Usopp (Wano)
|-supereffective|p1a: Usopp (Wano)
|-damage|p1a: Usopp (Wano)|0 fnt
|faint|p1a: Usopp (Wano)
|
|upkeep
|
|t:|1758273177
|switch|p1a: Vegapunk|Slowking-Galar, M|100/100
|turn|9
|
|t:|1758273180
|switch|p2a: Iron Treads|Iron Treads|34/100
|move|p1a: Vegapunk|Trick Room|p1a: Vegapunk
|-fieldstart|move: Trick Room|[of] p1a: Vegapunk
|
|upkeep
|turn|10
|
|t:|1758273186
|move|p1a: Vegapunk|Flamethrower|p2a: Iron Treads
|-supereffective|p2a: Iron Treads
|-damage|p2a: Iron Treads|0 fnt
|faint|p2a: Iron Treads
|-end|p2a: Iron Treads|Quark Drive|[silent]
|
|upkeep
|
|t:|1758273195
|switch|p2a: 快龙一定要快|Dragonite, M|100/100
|turn|11
|
|t:|1758273203
|move|p1a: Vegapunk|Eerie Spell|p2a: 快龙一定要快
|-damage|p2a: 快龙一定要快|87/100
|move|p2a: 快龙一定要快|Earthquake|p1a: Vegapunk
|-supereffective|p1a: Vegapunk
|-damage|p1a: Vegapunk|0 fnt
|faint|p1a: Vegapunk
|
|upkeep
|
|t:|1758273207
|switch|p1a: Vinsmoke Reiju|Cresselia, F|100/100
|turn|12
|
|t:|1758273210
|switch|p2a: Glimmora|Glimmora, F|100/100
|move|p1a: Vinsmoke Reiju|Moonblast|p2a: Glimmora
|-resisted|p2a: Glimmora
|-damage|p2a: Glimmora|89/100
|
|upkeep
|turn|13
|
|t:|1758273226
|switch|p1a: Bepo (Sulong)|Ursaluna, M|100/100
|move|p2a: Glimmora|Power Gem|p1a: Bepo (Sulong)
|-resisted|p1a: Bepo (Sulong)
|-crit|p1a: Bepo (Sulong)
|-damage|p1a: Bepo (Sulong)|75/100
|
|-fieldend|move: Trick Room
|-status|p1a: Bepo (Sulong)|brn|[from] item: Flame Orb
|upkeep
|turn|14
|
|t:|1758273230
|move|p2a: Glimmora|Power Gem|p1a: Bepo (Sulong)
|-resisted|p1a: Bepo (Sulong)
|-damage|p1a: Bepo (Sulong)|58/100 brn
|move|p1a: Bepo (Sulong)|Earthquake|p2a: Glimmora
|-supereffective|p2a: Glimmora
|-damage|p2a: Glimmora|0 fnt
|-activate|p2a: Glimmora|ability: Toxic Debris
|-sidestart|p1: maurice_oftime|move: Toxic Spikes
|faint|p2a: Glimmora
|
|-damage|p1a: Bepo (Sulong)|52/100 brn|[from] brn
|upkeep
|
|t:|1758273236
|switch|p2a: Zamazenta|Zamazenta|100/100
|-ability|p2a: Zamazenta|Dauntless Shield|boost
|-boost|p2a: Zamazenta|def|1
|turn|15
|
|t:|1758273245
|move|p2a: Zamazenta|Iron Defense|p2a: Zamazenta
|-boost|p2a: Zamazenta|def|2
|move|p1a: Bepo (Sulong)|Facade|p2a: Zamazenta
|-crit|p2a: Zamazenta
|-damage|p2a: Zamazenta|0 fnt
|faint|p2a: Zamazenta
|
|-damage|p1a: Bepo (Sulong)|46/100 brn|[from] brn
|upkeep
|
|t:|1758273251
|switch|p2a: 快龙一定要快|Dragonite, M|87/100
|turn|16
|
|t:|1758273255
|switch|p1a: Vinsmoke Reiju|Cresselia, F|100/100
|-terastallize|p2a: 快龙一定要快|Normal
|move|p2a: 快龙一定要快|Extreme Speed|p1a: Vinsmoke Reiju
|-damage|p1a: Vinsmoke Reiju|58/100
|
|-heal|p1a: Vinsmoke Reiju|64/100|[from] item: Leftovers
|upkeep
|turn|17
|
|t:|1758273261
|move|p2a: 快龙一定要快|Extreme Speed|p1a: Vinsmoke Reiju
|-damage|p1a: Vinsmoke Reiju|21/100
|move|p1a: Vinsmoke Reiju|Moonblast|p2a: 快龙一定要快
|-damage|p2a: 快龙一定要快|73/100
|-unboost|p2a: 快龙一定要快|spa|1
|
|-heal|p1a: Vinsmoke Reiju|27/100|[from] item: Leftovers
|upkeep
|turn|18
|
|t:|1758273266
|move|p2a: 快龙一定要快|Extreme Speed|p1a: Vinsmoke Reiju
|-damage|p1a: Vinsmoke Reiju|0 fnt
|faint|p1a: Vinsmoke Reiju
|
|upkeep
|
|t:|1758273268
|switch|p1a: Bepo (Sulong)|Ursaluna, M|46/100 brn
|turn|19
|
|t:|1758273272
|move|p2a: 快龙一定要快|Extreme Speed|p1a: Bepo (Sulong)
|-damage|p1a: Bepo (Sulong)|0 fnt
|faint|p1a: Bepo (Sulong)
|
|win|hina211
|raw|maurice_oftime's rating: 1157 &rarr; <strong>1130</strong><br />(-27 for losing)
|raw|hina211's rating: 1124 &rarr; <strong>1151</strong><br />(+27 for winning)
|l|☆hina211
|player|p2|
|l|☆maurice_oftime
|player|p1|
