|j|☆John Kritter
|j|☆SpectralStorm
|t:|1758376117
|gametype|singles
|player|p1|John Kritter|pokemaniac|1530
|player|p2|SpectralStorm|101|1485
|gen|9
|tier|[Gen 9] OU
|rated|
|rule|HP Percentage Mod: HP is shown in percentages
|rule|Endless Battle Clause: Forcing endless battles is banned
|rule|Species Clause: Limit one of each Pokémon
|rule|OHKO Clause: OHKO moves are banned
|rule|Evasion Items Clause: Evasion items are banned
|rule|Evasion Moves Clause: Evasion moves are banned
|rule|Evasion Abilities Clause: Evasion abilities are banned
|rule|Sleep Moves Clause: Sleep-inducing moves are banned
|clearpoke
|poke|p1|Torkoal, F|
|poke|p1|Walking Wake|
|poke|p1|Hatterene, F|
|poke|p1|Great Tusk|
|poke|p1|Ceruledge, M|
|poke|p1|Enamorus, F|
|poke|p2|Bellibolt, F|
|poke|p2|Basculegion, M|
|poke|p2|Dragonite, F|
|poke|p2|Iron Treads|
|poke|p2|Barraskewda, F|
|poke|p2|Pelipper, M|
|teampreview
|inactive|Battle timer is ON: inactive players will automatically lose when time's up. (requested by John Kritter)
|
|t:|1758376132
|teamsize|p1|6
|teamsize|p2|6
|start
|switch|p1a: Torkoal|Torkoal, F|100/100
|switch|p2a: Barraskewda|Barraskewda, F|100/100
|-weather|SunnyDay|[from] ability: Drought|[of] p1a: Torkoal
|turn|1
|
|t:|1758376139
|switch|p1a: Hatterene|Hatterene, F, shiny|100/100
|move|p2a: Barraskewda|Flip Turn|p1a: Hatterene
|-damage|p1a: Hatterene|79/100
|-enditem|p1a: Hatterene|Eject Button
|
|t:|1758376150
|switch|p1a: Walking Wake|Walking Wake|100/100
|-activate|p1a: Walking Wake|ability: Protosynthesis
|-start|p1a: Walking Wake|protosynthesisspa
|
|-weather|SunnyDay|[upkeep]
|upkeep
|turn|2
|
|t:|1758376157
|switch|p2a: Bellibolt|Bellibolt, F|100/100
|move|p1a: Walking Wake|Hydro Steam|p2a: Bellibolt
|-damage|p2a: Bellibolt|24/100
|-start|p2a: Bellibolt|Charge|Hydro Steam|[from] ability: Electromorphosis
|
|-weather|SunnyDay|[upkeep]
|upkeep
|turn|3
|
|t:|1758376166
|switch|p2a: Pelipper|Pelipper, M|100/100
|-weather|RainDance|[from] ability: Drizzle|[of] p2a: Pelipper
|-end|p1a: Walking Wake|Protosynthesis
|move|p1a: Walking Wake|Hydro Steam|p2a: Pelipper
|-resisted|p2a: Pelipper
|-damage|p2a: Pelipper|34/100
|
|-weather|RainDance|[upkeep]
|upkeep
|turn|4
|
|t:|1758376175
|switch|p2a: Bellibolt|Bellibolt, F|24/100
|move|p1a: Walking Wake|Hydro Steam|p2a: Bellibolt
|-damage|p2a: Bellibolt|0 fnt
|faint|p2a: Bellibolt
|
|-weather|RainDance|[upkeep]
|upkeep
|
|t:|1758376177
|switch|p2a: Dragonite|Dragonite, F|100/100
|turn|5
|
|t:|1758376187
|-end|p1a: Walking Wake|Protosynthesis|[silent]
|switch|p1a: Torkoal|Torkoal, F|100/100
|-weather|SunnyDay|[from] ability: Drought|[of] p1a: Torkoal
|move|p2a: Dragonite|Draco Meteor|p1a: Torkoal
|-damage|p1a: Torkoal|20/100
|-unboost|p2a: Dragonite|spa|2
|-enditem|p2a: Dragonite|Eject Pack
|
|t:|1758376190
|switch|p2a: Barraskewda|Barraskewda, F|100/100
|
|-weather|SunnyDay|[upkeep]
|upkeep
|turn|6
|
|t:|1758376204
|switch|p1a: Hatterene|Hatterene, F, shiny|79/100
|move|p2a: Barraskewda|Flip Turn|p1a: Hatterene
|-damage|p1a: Hatterene|59/100
|
|t:|1758376211
|switch|p2a: Pelipper|Pelipper, M|34/100|[from] Flip Turn
|-weather|RainDance|[from] ability: Drizzle|[of] p2a: Pelipper
|
|-weather|RainDance|[upkeep]
|upkeep
|turn|7
|
|t:|1758376214
|move|p2a: Pelipper|U-turn|p1a: Hatterene
|-damage|p1a: Hatterene|51/100
|
|t:|1758376215
|switch|p2a: Iron Treads|Iron Treads|100/100|[from] U-turn
|move|p1a: Hatterene|Healing Wish|p1a: Hatterene
|faint|p1a: Hatterene
|
|-weather|RainDance|[upkeep]
|upkeep
|
|t:|1758376226
|switch|p1a: Walking Wake|Walking Wake|100/100
|turn|8
|
|t:|1758376243
|move|p2a: Iron Treads|Stealth Rock|p1a: Walking Wake
|-sidestart|p1: John Kritter|move: Stealth Rock
|move|p1a: Walking Wake|Hydro Steam|p2a: Iron Treads
|-supereffective|p2a: Iron Treads
|-damage|p2a: Iron Treads|0 fnt
|faint|p2a: Iron Treads
|-end|p2a: Iron Treads|Quark Drive|[silent]
|
|-weather|RainDance|[upkeep]
|upkeep
|
|t:|1758376248
|switch|p2a: Dragonite|Dragonite, F|100/100
|turn|9
|
|t:|1758376260
|-end|p1a: Walking Wake|Protosynthesis|[silent]
|switch|p1a: Enamorus|Enamorus, F|100/100
|-damage|p1a: Enamorus|76/100|[from] Stealth Rock
|move|p2a: Dragonite|Hurricane|p1a: Enamorus
|-damage|p1a: Enamorus|0 fnt
|faint|p1a: Enamorus
|
|-weather|RainDance|[upkeep]
|upkeep
|
|t:|1758376270
|switch|p1a: Torkoal|Torkoal, F|20/100
|-heal|p1a: Torkoal|100/100|[from] move: Healing Wish
|-damage|p1a: Torkoal|76/100|[from] Stealth Rock
|-weather|SunnyDay|[from] ability: Drought|[of] p1a: Torkoal
|turn|10
|
|t:|1758376278
|move|p2a: Dragonite|Draco Meteor|p1a: Torkoal
|-damage|p1a: Torkoal|4/100
|-unboost|p2a: Dragonite|spa|2
|move|p1a: Torkoal|Stealth Rock|p2a: Dragonite
|-sidestart|p2: SpectralStorm|move: Stealth Rock
|
|-weather|SunnyDay|[upkeep]
|upkeep
|turn|11
|
|t:|1758376300
|move|p2a: Dragonite|Low Kick|p1a: Torkoal
|-damage|p1a: Torkoal|0 fnt
|faint|p1a: Torkoal
|
|-weather|SunnyDay|[upkeep]
|upkeep
|
|t:|1758376311
|switch|p1a: Walking Wake|Walking Wake|100/100
|-damage|p1a: Walking Wake|88/100|[from] Stealth Rock
|-activate|p1a: Walking Wake|ability: Protosynthesis
|-start|p1a: Walking Wake|protosynthesisspa
|turn|12
|
|t:|1758376330
|switch|p2a: Pelipper|Pelipper, M|34/100
|-damage|p2a: Pelipper|9/100|[from] Stealth Rock
|-weather|RainDance|[from] ability: Drizzle|[of] p2a: Pelipper
|-end|p1a: Walking Wake|Protosynthesis
|move|p1a: Walking Wake|Dragon Pulse|p2a: Pelipper
|-damage|p2a: Pelipper|0 fnt
|faint|p2a: Pelipper
|
|-weather|RainDance|[upkeep]
|upkeep
|
|t:|1758376338
|switch|p2a: Dragonite|Dragonite, F|100/100
|-damage|p2a: Dragonite|76/100|[from] Stealth Rock
|turn|13
|
|t:|1758376342
|-terastallize|p2a: Dragonite|Steel
|move|p1a: Walking Wake|Dragon Pulse|p2a: Dragonite
|-resisted|p2a: Dragonite
|-damage|p2a: Dragonite|34/100
|move|p2a: Dragonite|Draco Meteor|p1a: Walking Wake
|-supereffective|p1a: Walking Wake
|-damage|p1a: Walking Wake|0 fnt
|-unboost|p2a: Dragonite|spa|2
|faint|p1a: Walking Wake
|-end|p1a: Walking Wake|Protosynthesis|[silent]
|
|-weather|RainDance|[upkeep]
|upkeep
|
|t:|1758376352
|switch|p1a: Don|Great Tusk, shiny|100/100
|-damage|p1a: Don|98/100|[from] Stealth Rock
|turn|14
|
|t:|1758376365
|move|p1a: Don|Rapid Spin|p2a: Dragonite
|-resisted|p2a: Dragonite
|-damage|p2a: Dragonite|24/100
|-boost|p1a: Don|spe|1
|-sideend|p1: John Kritter|Stealth Rock|[from] move: Rapid Spin|[of] p1a: Don
|move|p2a: Dragonite|Hurricane|p1a: Don
|-supereffective|p1a: Don
|-damage|p1a: Don|20/100
|
|-weather|RainDance|[upkeep]
|upkeep
|turn|15
|
|t:|1758376375
|move|p1a: Don|Headlong Rush|p2a: Dragonite
|-supereffective|p2a: Dragonite
|-damage|p2a: Dragonite|0 fnt
|-unboost|p1a: Don|def|1
|-unboost|p1a: Don|spd|1
|faint|p2a: Dragonite
|
|-weather|RainDance|[upkeep]
|upkeep
|
|t:|1758376376
|switch|p2a: Barraskewda|Barraskewda, F|100/100
|-damage|p2a: Barraskewda|88/100|[from] Stealth Rock
|turn|16
|
|t:|1758376395
|move|p2a: Barraskewda|Liquidation|p1a: Don
|-supereffective|p1a: Don
|-damage|p1a: Don|0 fnt
|-damage|p2a: Barraskewda|72/100|[from] item: Rocky Helmet|[of] p1a: Don
|faint|p1a: Don
|-end|p1a: Don|Protosynthesis|[silent]
|
|-weather|RainDance|[upkeep]
|upkeep
|
|t:|1758376397
|switch|p1a: Ceruledge|Ceruledge, M|100/100
|turn|17
|
|t:|1758376400
|move|p2a: Barraskewda|Liquidation|p1a: Ceruledge
|-supereffective|p1a: Ceruledge
|-enditem|p1a: Ceruledge|Focus Sash
|-damage|p1a: Ceruledge|1/100
|-ability|p1a: Ceruledge|Weak Armor|boost
|-unboost|p1a: Ceruledge|def|1
|-boost|p1a: Ceruledge|spe|2
|move|p1a: Ceruledge|Swords Dance|p1a: Ceruledge
|-boost|p1a: Ceruledge|atk|2
|
|-weather|RainDance|[upkeep]
|upkeep
|turn|18
|
|t:|1758376410
|switch|p2a: Basculegion|Basculegion, M|100/100
|-damage|p2a: Basculegion|88/100|[from] Stealth Rock
|move|p1a: Ceruledge|Shadow Sneak|p2a: Basculegion
|-supereffective|p2a: Basculegion
|-damage|p2a: Basculegion|0 fnt
|faint|p2a: Basculegion
|
|-weather|RainDance|[upkeep]
|upkeep
|
|t:|1758376415
|switch|p2a: Barraskewda|Barraskewda, F|72/100
|-damage|p2a: Barraskewda|60/100|[from] Stealth Rock
|turn|19
|
|t:|1758376417
|move|p2a: Barraskewda|Aqua Jet|p1a: Ceruledge
|-supereffective|p1a: Ceruledge
|-damage|p1a: Ceruledge|0 fnt
|faint|p1a: Ceruledge
|
|win|SpectralStorm
|raw|John Kritter's rating: 1530 &rarr; <strong>1507</strong><br />(-23 for losing)
|raw|SpectralStorm's rating: 1485 &rarr; <strong>1508</strong><br />(+23 for winning)
|l|☆John Kritter
|player|p1|
|l|☆SpectralStorm
|player|p2|
