|inactive|Battle timer is ON: inactive players will automatically lose when time's up.
|t:|1758311758
|gametype|singles
|player|p1|clean|#capplixvenomicons|
|player|p2|longestbanana|#losjuegosdelazariv|
|gen|9
|tier|[Gen 9] OU
|rule|HP Percentage Mod: HP is shown in percentages
|rule|Endless Battle Clause: Forcing endless battles is banned
|rule|Species Clause: Limit one of each Pokémon
|rule|OHKO Clause: OHKO moves are banned
|rule|Evasion Items Clause: Evasion items are banned
|rule|Evasion Moves Clause: Evasion moves are banned
|rule|Evasion Abilities Clause: Evasion abilities are banned
|rule|Sleep Moves Clause: Sleep-inducing moves are banned
|clearpoke
|poke|p1|Primarina, F|
|poke|p1|Raging Bolt|
|poke|p1|Darkrai|
|poke|p1|Landorus-Therian, M|
|poke|p1|Gholdengo|
|poke|p1|Zamazenta-*|
|poke|p2|Darkrai|
|poke|p2|Dragonite, F|
|poke|p2|Gholdengo|
|poke|p2|Glimmora, F|
|poke|p2|Great Tusk|
|poke|p2|Samurott-Hisui, M|
|teampreview
|c|☆longestbanana|hf
|c|☆clean|u2
|inactive|clean has 270 seconds left.
|inactive|longestbanana has 270 seconds left.
|inactive|longestbanana has 240 seconds left.
|
|t:|1758311838
|teamsize|p1|6
|teamsize|p2|6
|start
|switch|p1a: Landorus|Landorus-Therian, M|100/100
|switch|p2a: Samurott|Samurott-Hisui, M|100/100
|-ability|p1a: Landorus|Intimidate|boost
|-unboost|p2a: Samurott|atk|1
|turn|1
|inactive|clean has 270 seconds left.
|
|t:|1758311898
|move|p1a: Landorus|U-turn|p2a: Samurott
|-supereffective|p2a: Samurott
|-damage|p2a: Samurott|43/100
|
|t:|1758311901
|switch|p1a: Raging Bolt|Raging Bolt|100/100|[from] U-turn
|move|p2a: Samurott|Ceaseless Edge|p1a: Raging Bolt
|-damage|p1a: Raging Bolt|70/100
|-sidestart|p1: clean|Spikes
|
|upkeep
|turn|2
|
|t:|1758311915
|move|p2a: Samurott|Ceaseless Edge|p1a: Raging Bolt
|-damage|p1a: Raging Bolt|38/100
|-sidestart|p1: clean|Spikes
|move|p1a: Raging Bolt|Draco Meteor|p2a: Samurott|[miss]
|-miss|p1a: Raging Bolt|p2a: Samurott
|
|upkeep
|turn|3
|
|t:|1758311923
|move|p2a: Samurott|Swords Dance|p2a: Samurott
|-boost|p2a: Samurott|atk|2
|move|p1a: Raging Bolt|Draco Meteor|p2a: Samurott|[miss]
|-miss|p1a: Raging Bolt|p2a: Samurott
|
|upkeep
|turn|4
|inactive|clean has 240 seconds left.
|
|t:|1758311950
|move|p1a: Raging Bolt|Thunderclap|p2a: Samurott
|-supereffective|p2a: Samurott
|-damage|p2a: Samurott|0 fnt
|faint|p2a: Samurott
|
|upkeep
|
|t:|1758311962
|switch|p2a: Great Tusk|Great Tusk|100/100
|-enditem|p2a: Great Tusk|Booster Energy
|-activate|p2a: Great Tusk|ability: Protosynthesis|[fromitem]
|-start|p2a: Great Tusk|protosynthesisatk
|turn|5
|inactive|clean has 240 seconds left.
|inactive|clean has 210 seconds left.
|
|t:|1758312008
|move|p2a: Great Tusk|Headlong Rush|p1a: Raging Bolt
|-supereffective|p1a: Raging Bolt
|-damage|p1a: Raging Bolt|0 fnt
|-unboost|p2a: Great Tusk|def|1
|-unboost|p2a: Great Tusk|spd|1
|faint|p1a: Raging Bolt
|-end|p1a: Raging Bolt|Protosynthesis|[silent]
|
|upkeep
|inactive|clean has 210 seconds left.
|
|t:|1758312018
|switch|p1a: Darkrai|Darkrai|100/100
|turn|6
|inactive|longestbanana has 270 seconds left.
|
|t:|1758312059
|-end|p2a: Great Tusk|Protosynthesis|[silent]
|switch|p2a: Glimmora|Glimmora, F|100/100
|move|p1a: Darkrai|Ice Beam|p2a: Glimmora
|-damage|p2a: Glimmora|65/100
|
|upkeep
|turn|7
|inactive|clean has 210 seconds left.
|
|t:|1758312096
|move|p2a: Glimmora|Mortal Spin|p1a: Darkrai
|-damage|p1a: Darkrai|93/100
|-status|p1a: Darkrai|psn
|move|p1a: Darkrai|Dark Pulse|p2a: Glimmora
|-damage|p2a: Glimmora|19/100
|
|-damage|p1a: Darkrai|81/100 psn|[from] psn
|upkeep
|turn|8
|inactive|longestbanana has 240 seconds left.
|
|t:|1758312137
|switch|p2a: Darkrai|Darkrai|100/100
|move|p1a: Darkrai|Dark Pulse|p2a: Darkrai
|-resisted|p2a: Darkrai
|-damage|p2a: Darkrai|72/100
|
|-damage|p1a: Darkrai|68/100 psn|[from] psn
|upkeep
|turn|9
|
|t:|1758312150
|switch|p1a: Primarina|Primarina, F|100/100
|-damage|p1a: Primarina|84/100|[from] Spikes
|switch|p2a: Glimmora|Glimmora, F|19/100
|
|upkeep
|turn|10
|inactive|clean has 180 seconds left.
|inactive|longestbanana has 210 seconds left.
|inactive|clean has 150 seconds left.
|
|t:|1758312197
|switch|p1a: Gholdengo|Gholdengo|100/100
|-damage|p1a: Gholdengo|84/100|[from] Spikes
|move|p2a: Glimmora|Stealth Rock|p1a: Gholdengo
|-sidestart|p1: clean|move: Stealth Rock
|
|upkeep
|turn|11
|inactive|clean has 150 seconds left.
|
|t:|1758312222
|move|p2a: Glimmora|Stealth Rock||[still]
|-fail|p2a: Glimmora
|move|p1a: Gholdengo|Shadow Ball|p2a: Glimmora
|-damage|p2a: Glimmora|0 fnt
|faint|p2a: Glimmora
|
|upkeep
|
|t:|1758312228
|switch|p2a: Darkrai|Darkrai|72/100
|turn|12
|
|t:|1758312235
|switch|p1a: Primarina|Primarina, F|84/100
|-damage|p1a: Primarina|67/100|[from] Spikes
|-damage|p1a: Primarina|55/100|[from] Stealth Rock
|move|p2a: Darkrai|Dark Pulse|p1a: Primarina
|-resisted|p1a: Primarina
|-damage|p1a: Primarina|39/100
|-damage|p2a: Darkrai|62/100|[from] item: Life Orb
|
|upkeep
|turn|13
|inactive|clean has 150 seconds left.
|
|t:|1758312245
|move|p2a: Darkrai|Sludge Bomb|p1a: Primarina
|-supereffective|p1a: Primarina
|-damage|p1a: Primarina|0 fnt
|faint|p1a: Primarina
|-damage|p2a: Darkrai|52/100|[from] item: Life Orb
|
|upkeep
|
|t:|1758312256
|switch|p1a: Zamazenta|Zamazenta|100/100
|-ability|p1a: Zamazenta|Dauntless Shield|boost
|-boost|p1a: Zamazenta|def|1
|turn|14
|inactive|longestbanana has 210 seconds left.
|inactive|clean has 120 seconds left.
|inactive|longestbanana has 180 seconds left.
|
|t:|1758312315
|move|p1a: Zamazenta|Close Combat|p2a: Darkrai
|-supereffective|p2a: Darkrai
|-damage|p2a: Darkrai|0 fnt
|-unboost|p1a: Zamazenta|def|1
|-unboost|p1a: Zamazenta|spd|1
|faint|p2a: Darkrai
|
|upkeep
|
|t:|1758312318
|switch|p2a: Dragonite|Dragonite, F|100/100
|turn|15
|
|t:|1758312344
|switch|p1a: Gholdengo|Gholdengo|84/100
|-damage|p1a: Gholdengo|67/100|[from] Spikes
|-damage|p1a: Gholdengo|61/100|[from] Stealth Rock
|-terastallize|p2a: Dragonite|Flying
|move|p2a: Dragonite|Tera Blast|p1a: Gholdengo|[anim] Tera Blast Flying
|-resisted|p1a: Gholdengo
|-damage|p1a: Gholdengo|27/100
|
|upkeep
|turn|16
|inactive|clean has 120 seconds left.
|
|t:|1758312383
|switch|p2a: Gholdengo|Gholdengo|100/100
|-item|p2a: Gholdengo|Air Balloon
|move|p1a: Gholdengo|Shadow Ball|p2a: Gholdengo
|-supereffective|p2a: Gholdengo
|-damage|p2a: Gholdengo|7/100
|-unboost|p2a: Gholdengo|spd|1
|-enditem|p2a: Gholdengo|Air Balloon
|
|upkeep
|turn|17
|inactive|longestbanana has 150 seconds left.
|
|t:|1758312412
|switch|p1a: Landorus|Landorus-Therian, M|100/100
|-damage|p1a: Landorus|88/100|[from] Stealth Rock
|-ability|p1a: Landorus|Intimidate|boost
|-unboost|p2a: Gholdengo|atk|1
|move|p2a: Gholdengo|Make It Rain|p1a: Landorus
|-damage|p1a: Landorus|20/100
|-unboost|p2a: Gholdengo|spa|1
|
|upkeep
|turn|18
|
|t:|1758312419
|switch|p2a: Dragonite|Dragonite, F, tera:Flying|100/100
|move|p1a: Landorus|Stealth Rock|p2a: Dragonite
|-sidestart|p2: longestbanana|move: Stealth Rock
|
|upkeep
|turn|19
|
|t:|1758312427
|move|p1a: Landorus|Taunt|p2a: Dragonite
|-start|p2a: Dragonite|move: Taunt
|move|p2a: Dragonite|Tera Blast|p1a: Landorus|[anim] Tera Blast Flying
|-damage|p1a: Landorus|0 fnt
|faint|p1a: Landorus
|
|upkeep
|
|t:|1758312433
|switch|p1a: Gholdengo|Gholdengo|27/100
|-damage|p1a: Gholdengo|10/100|[from] Spikes
|-damage|p1a: Gholdengo|4/100|[from] Stealth Rock
|turn|20
|inactive|clean has 120 seconds left.
|inactive|longestbanana has 150 seconds left.
|
|t:|1758312465
|move|p1a: Gholdengo|Shadow Ball|p2a: Dragonite
|-damage|p2a: Dragonite|79/100
|-unboost|p2a: Dragonite|spd|1
|move|p2a: Dragonite|Tera Blast|p1a: Gholdengo|[anim] Tera Blast Flying
|-resisted|p1a: Gholdengo
|-damage|p1a: Gholdengo|0 fnt
|faint|p1a: Gholdengo
|
|-heal|p2a: Dragonite|85/100|[from] item: Leftovers
|upkeep
|inactive|clean has 120 seconds left.
|
|t:|1758312475
|switch|p1a: Darkrai|Darkrai|68/100 psn
|turn|21
|
|t:|1758312485
|switch|p2a: Gholdengo|Gholdengo|7/100
|-damage|p2a: Gholdengo|0 fnt|[from] Stealth Rock
|faint|p2a: Gholdengo
|move|p1a: Darkrai|Ice Beam|p2: Gholdengo|[notarget]
|-fail|p1a: Darkrai
|
|-damage|p1a: Darkrai|56/100 psn|[from] psn
|upkeep
|
|t:|1758312489
|switch|p2a: Great Tusk|Great Tusk|100/100
|-damage|p2a: Great Tusk|98/100|[from] Stealth Rock
|turn|22
|
|t:|1758312498
|-terastallize|p1a: Darkrai|Ghost
|move|p1a: Darkrai|Ice Beam|p2a: Great Tusk
|-supereffective|p2a: Great Tusk
|-damage|p2a: Great Tusk|0 fnt
|faint|p2a: Great Tusk
|-end|p2a: Great Tusk|Protosynthesis|[silent]
|
|-damage|p1a: Darkrai|43/100 psn|[from] psn
|upkeep
|
|t:|1758312501
|switch|p2a: Dragonite|Dragonite, F, tera:Flying|85/100
|-damage|p2a: Dragonite|60/100|[from] Stealth Rock
|turn|23
|
|t:|1758312518
|move|p1a: Darkrai|Ice Beam|p2a: Dragonite
|-supereffective|p2a: Dragonite
|-damage|p2a: Dragonite|0 fnt
|faint|p2a: Dragonite
|
|win|clean
|c|☆clean|gg
|c|☆longestbanana|gg
