|j|☆xail44
|j|☆N4ts0s
|t:|1758357083
|gametype|singles
|player|p1|xail44|169|1219
|player|p2|N4ts0s|265|1194
|gen|9
|tier|[Gen 9] OU
|rated|
|rule|HP Percentage Mod: HP is shown in percentages
|rule|Endless Battle Clause: Forcing endless battles is banned
|rule|Species Clause: Limit one of each Pokémon
|rule|OHKO Clause: OHKO moves are banned
|rule|Evasion Items Clause: Evasion items are banned
|rule|Evasion Moves Clause: Evasion moves are banned
|rule|Evasion Abilities Clause: Evasion abilities are banned
|rule|Sleep Moves Clause: Sleep-inducing moves are banned
|clearpoke
|poke|p1|Meowstic, M|
|poke|p1|Ludicolo, F|
|poke|p1|Politoed, M|
|poke|p1|Deoxys-Speed|
|poke|p1|Corviknight, M|
|poke|p1|Pawmot, F|
|poke|p2|Hitmonlee, M|
|poke|p2|Mismagius, M|
|poke|p2|Kingambit, F|
|poke|p2|Ceruledge, F|
|poke|p2|Torkoal, M|
|poke|p2|Tentacruel, M|
|teampreview
|inactive|Battle timer is ON: inactive players will automatically lose when time's up. (requested by xail44)
|
|t:|1758357089
|teamsize|p1|6
|teamsize|p2|6
|start
|switch|p1a: Deoxys|Deoxys-Speed|100/100
|switch|p2a: Torkoal|Torkoal, M|100/100
|-ability|p1a: Deoxys|Pressure
|-weather|SunnyDay|[from] ability: Drought|[of] p2a: Torkoal
|turn|1
|
|t:|1758357098
|switch|p2a: Kingambit|Kingambit, F|100/100
|move|p1a: Deoxys|Taunt|p2a: Kingambit
|-start|p2a: Kingambit|move: Taunt
|
|-weather|SunnyDay|[upkeep]
|upkeep
|turn|2
|
|t:|1758357104
|move|p1a: Deoxys|Stealth Rock|p2a: Kingambit
|-sidestart|p2: N4ts0s|move: Stealth Rock
|move|p2a: Kingambit|Kowtow Cleave|p1a: Deoxys
|-supereffective|p1a: Deoxys
|-enditem|p1a: Deoxys|Focus Sash
|-damage|p1a: Deoxys|1/100
|
|-weather|SunnyDay|[upkeep]
|upkeep
|turn|3
|
|t:|1758357114
|-end|p2a: Kingambit|fallenundefined|[silent]
|switch|p2a: Tentacruel|Tentacruel, M|100/100
|-damage|p2a: Tentacruel|88/100|[from] Stealth Rock
|move|p1a: Deoxys|Spikes|p2a: Tentacruel
|-sidestart|p2: N4ts0s|Spikes
|
|-weather|SunnyDay|[upkeep]
|-heal|p2a: Tentacruel|94/100|[from] item: Leftovers
|upkeep
|turn|4
|
|t:|1758357121
|move|p1a: Deoxys|Psycho Boost|p2a: Tentacruel
|-supereffective|p2a: Tentacruel
|-damage|p2a: Tentacruel|0 fnt
|-unboost|p1a: Deoxys|spa|2
|faint|p2a: Tentacruel
|
|-weather|SunnyDay|[upkeep]
|upkeep
|
|t:|1758357138
|switch|p2a: Kingambit|Kingambit, F|100/100
|-damage|p2a: Kingambit|94/100|[from] Stealth Rock
|-damage|p2a: Kingambit|82/100|[from] Spikes
|-activate|p2a: Kingambit|ability: Supreme Overlord
|-start|p2a: Kingambit|fallen1|[silent]
|turn|5
|
|t:|1758357144
|move|p1a: Deoxys|Spikes|p2a: Kingambit
|-sidestart|p2: N4ts0s|Spikes
|move|p2a: Kingambit|Kowtow Cleave|p1a: Deoxys
|-supereffective|p1a: Deoxys
|-damage|p1a: Deoxys|0 fnt
|faint|p1a: Deoxys
|
|-weather|SunnyDay|[upkeep]
|upkeep
|
|t:|1758357151
|switch|p1a: Pawmot|Pawmot, F|100/100
|turn|6
|
|t:|1758357159
|-end|p2a: Kingambit|fallen1|[silent]
|switch|p2a: Mismagius|Mismagius, M|100/100
|-damage|p2a: Mismagius|88/100|[from] Stealth Rock
|move|p1a: Pawmot|Mach Punch|p2a: Mismagius
|-immune|p2a: Mismagius
|
|-weather|SunnyDay|[upkeep]
|upkeep
|turn|7
|
|t:|1758357171
|switch|p1a: Politoed|Politoed, M|100/100
|-weather|RainDance|[from] ability: Drizzle|[of] p1a: Politoed
|move|p2a: Mismagius|Dazzling Gleam|p1a: Politoed
|-damage|p1a: Politoed|63/100
|
|-weather|RainDance|[upkeep]
|upkeep
|turn|8
|
|t:|1758357176
|switch|p2a: Torkoal|Torkoal, M|100/100
|-damage|p2a: Torkoal|75/100|[from] Stealth Rock
|-damage|p2a: Torkoal|59/100|[from] Spikes
|-weather|SunnyDay|[from] ability: Drought|[of] p2a: Torkoal
|move|p1a: Politoed|Surf|p2a: Torkoal
|-supereffective|p2a: Torkoal
|-damage|p2a: Torkoal|14/100
|
|-weather|SunnyDay|[upkeep]
|upkeep
|turn|9
|
|t:|1758357180
|move|p1a: Politoed|Surf|p2a: Torkoal
|-supereffective|p2a: Torkoal
|-damage|p2a: Torkoal|0 fnt
|faint|p2a: Torkoal
|
|-weather|SunnyDay|[upkeep]
|upkeep
|
|t:|1758357184
|switch|p2a: Ceruledge|Ceruledge, F|100/100
|-damage|p2a: Ceruledge|76/100|[from] Stealth Rock
|-damage|p2a: Ceruledge|59/100|[from] Spikes
|turn|10
|
|t:|1758357201
|switch|p1a: Pawmot|Pawmot, F|100/100
|-terastallize|p2a: Ceruledge|Grass
|move|p2a: Ceruledge|Swords Dance|p2a: Ceruledge
|-boost|p2a: Ceruledge|atk|2
|
|-weather|SunnyDay|[upkeep]
|upkeep
|turn|11
|
|t:|1758357204
|switch|p1a: Politoed|Politoed, M|63/100
|-weather|RainDance|[from] ability: Drizzle|[of] p1a: Politoed
|move|p2a: Ceruledge|Bitter Blade|p1a: Politoed
|-resisted|p1a: Politoed
|-damage|p1a: Politoed|37/100
|-heal|p2a: Ceruledge|77/100|[from] drain|[of] p1a: Politoed
|
|-weather|RainDance|[upkeep]
|upkeep
|turn|12
|
|t:|1758357212
|move|p2a: Ceruledge|Shadow Sneak|p1a: Politoed
|-damage|p1a: Politoed|0 fnt
|faint|p1a: Politoed
|
|-weather|RainDance|[upkeep]
|upkeep
|
|t:|1758357227
|switch|p1a: Pawmot|Pawmot, F|100/100
|turn|13
|
|t:|1758357235
|move|p1a: Pawmot|Ice Punch|p2a: Ceruledge
|-supereffective|p2a: Ceruledge
|-damage|p2a: Ceruledge|0 fnt
|faint|p2a: Ceruledge
|-damage|p1a: Pawmot|91/100|[from] item: Life Orb
|
|-weather|RainDance|[upkeep]
|upkeep
|
|t:|1758357245
|switch|p2a: Mismagius|Mismagius, M|88/100
|-damage|p2a: Mismagius|76/100|[from] Stealth Rock
|turn|14
|
|t:|1758357263
|-terastallize|p1a: Pawmot|Electric
|move|p1a: Pawmot|Double Shock|p2a: Mismagius
|-damage|p2a: Mismagius|0 fnt
|-start|p1a: Pawmot|typechange|Electric|[from] move: Double Shock
|faint|p2a: Mismagius
|-damage|p1a: Pawmot|81/100|[from] item: Life Orb
|
|-weather|RainDance|[upkeep]
|upkeep
|
|t:|1758357281
|switch|p2a: Hitmonlee|Hitmonlee, M|100/100
|-damage|p2a: Hitmonlee|95/100|[from] Stealth Rock
|-damage|p2a: Hitmonlee|78/100|[from] Spikes
|turn|15
|
|t:|1758357284
|move|p2a: Hitmonlee|Endure|p2a: Hitmonlee
|-singleturn|p2a: Hitmonlee|move: Endure
|move|p1a: Pawmot|Double Shock|p2a: Hitmonlee
|-activate|p2a: Hitmonlee|move: Endure
|-damage|p2a: Hitmonlee|1/100
|-start|p1a: Pawmot|typechange|Electric|[from] move: Double Shock
|-enditem|p2a: Hitmonlee|Liechi Berry|[eat]
|-boost|p2a: Hitmonlee|atk|1|[from] item: Liechi Berry
|-damage|p1a: Pawmot|71/100|[from] item: Life Orb
|
|-weather|RainDance|[upkeep]
|upkeep
|turn|16
|
|t:|1758357288
|move|p1a: Pawmot|Mach Punch|p2a: Hitmonlee
|-damage|p2a: Hitmonlee|0 fnt
|faint|p2a: Hitmonlee
|-damage|p1a: Pawmot|61/100|[from] item: Life Orb
|
|-weather|RainDance|[upkeep]
|upkeep
|
|t:|1758357291
|switch|p2a: Kingambit|Kingambit, F|82/100
|-damage|p2a: Kingambit|76/100|[from] Stealth Rock
|-damage|p2a: Kingambit|59/100|[from] Spikes
|-activate|p2a: Kingambit|ability: Supreme Overlord
|-start|p2a: Kingambit|fallen5|[silent]
|turn|17
|
|t:|1758357307
|move|p1a: Pawmot|Mach Punch|p2a: Kingambit
|-supereffective|p2a: Kingambit
|-damage|p2a: Kingambit|0 fnt
|faint|p2a: Kingambit
|-end|p2a: Kingambit|fallen5|[silent]
|-damage|p1a: Pawmot|51/100|[from] item: Life Orb
|
|win|xail44
|raw|xail44's rating: 1219 &rarr; <strong>1242</strong><br />(+23 for winning)
|raw|N4ts0s's rating: 1194 &rarr; <strong>1171</strong><br />(-23 for losing)
|l|☆N4ts0s
|player|p2|
|l|☆xail44
|player|p1|
