|j|☆Fun Times Ahead
|j|☆syk1307
|t:|1758341266
|gametype|singles
|player|p1|Fun Times Ahead|pokefan|1341
|player|p2|syk1307|giovanni|1416
|gen|9
|tier|[Gen 9] OU
|rated|
|rule|HP Percentage Mod: HP is shown in percentages
|rule|Endless Battle Clause: Forcing endless battles is banned
|rule|Species Clause: Limit one of each Pokémon
|rule|OHKO Clause: OHKO moves are banned
|rule|Evasion Items Clause: Evasion items are banned
|rule|Evasion Moves Clause: Evasion moves are banned
|rule|Evasion Abilities Clause: Evasion abilities are banned
|rule|Sleep Moves Clause: Sleep-inducing moves are banned
|clearpoke
|poke|p1|Great Tusk|
|poke|p1|Sandy Shocks|
|poke|p1|Slither Wing|
|poke|p1|Brute Bonnet|
|poke|p1|Iron Moth|
|poke|p1|Iron Valiant|
|poke|p2|Jolteon, M|
|poke|p2|Quaquaval, M|
|poke|p2|Arcanine, M|
|poke|p2|Scizor, M|
|poke|p2|Corviknight, M|
|poke|p2|Mew|
|teampreview
|inactive|Battle timer is ON: inactive players will automatically lose when time's up. (requested by Fun Times Ahead)
|inactive|syk1307 has 120 seconds left.
|
|t:|1758341410
|teamsize|p1|6
|teamsize|p2|6
|start
|switch|p1a: Highway Star|Great Tusk|100/100
|switch|p2a: Jolteon|Jolteon, M|100/100
|turn|1
|
|t:|1758341421
|move|p2a: Jolteon|Alluring Voice|p1a: Highway Star
|-supereffective|p1a: Highway Star
|-damage|p1a: Highway Star|32/100
|move|p1a: Highway Star|Knock Off|p2a: Jolteon
|-damage|p2a: Jolteon|23/100
|-enditem|p2a: Jolteon|Choice Specs|[from] move: Knock Off|[of] p1a: Highway Star
|
|upkeep
|turn|2
|
|t:|1758341431
|move|p2a: Jolteon|Alluring Voice|p1a: Highway Star
|-supereffective|p1a: Highway Star
|-damage|p1a: Highway Star|0 fnt
|faint|p1a: Highway Star
|-end|p1a: Highway Star|Protosynthesis|[silent]
|
|upkeep
|
|t:|1758341453
|switch|p1a: Fungi Among I|Brute Bonnet|100/100
|turn|3
|
|t:|1758341457
|move|p1a: Fungi Among I|Sucker Punch|p2a: Jolteon
|-damage|p2a: Jolteon|0 fnt
|faint|p2a: Jolteon
|
|upkeep
|
|t:|1758341464
|switch|p2a: Scizor|Scizor, M|100/100
|turn|4
|
|t:|1758341473
|move|p2a: Scizor|U-turn|p1a: Fungi Among I
|-supereffective|p1a: Fungi Among I
|-damage|p1a: Fungi Among I|0 fnt
|faint|p1a: Fungi Among I
|-end|p1a: Fungi Among I|Protosynthesis|[silent]
|inactive|syk1307 has 120 seconds left.
|
|t:|1758341524
|switch|p2a: Mew|Mew, shiny|100/100|[from] U-turn
|
|upkeep
|
|t:|1758341533
|switch|p1a: Satellite of Love|Iron Moth|100/100
|turn|5
|
|t:|1758341539
|switch|p2a: Arcanine|Arcanine, M|100/100
|move|p1a: Satellite of Love|Fiery Dance|p2a: Arcanine
|-start|p2a: Arcanine|ability: Flash Fire
|
|upkeep
|turn|6
|inactive|syk1307 has 120 seconds left.
|
|t:|1758341545
|move|p1a: Satellite of Love|Acid Spray|p2a: Arcanine
|-damage|p2a: Arcanine|71/100
|-unboost|p2a: Arcanine|spd|2
|move|p2a: Arcanine|Flare Blitz|p1a: Satellite of Love
|-resisted|p1a: Satellite of Love
|-damage|p1a: Satellite of Love|0 fnt
|faint|p1a: Satellite of Love
|-end|p1a: Satellite of Love|Quark Drive|[silent]
|-damage|p2a: Arcanine|39/100|[from] Recoil
|
|upkeep
|
|t:|1758341559
|switch|p1a: Stilts McGee|Sandy Shocks|100/100
|turn|7
|inactive|syk1307 has 120 seconds left.
|
|t:|1758341577
|move|p1a: Stilts McGee|Thunderbolt|p2a: Arcanine
|-damage|p2a: Arcanine|0 fnt
|faint|p2a: Arcanine
|
|upkeep
|inactive|syk1307 has 120 seconds left.
|
|t:|1758341598
|switch|p2a: Scizor|Scizor, M|100/100
|turn|8
|
|t:|1758341604
|move|p2a: Scizor|Bullet Punch|p1a: Stilts McGee
|-resisted|p1a: Stilts McGee
|-damage|p1a: Stilts McGee|69/100
|move|p1a: Stilts McGee|Thunderbolt|p2a: Scizor
|-damage|p2a: Scizor|41/100
|
|upkeep
|turn|9
|
|t:|1758341611
|move|p2a: Scizor|Bullet Punch|p1a: Stilts McGee
|-resisted|p1a: Stilts McGee
|-damage|p1a: Stilts McGee|41/100
|move|p1a: Stilts McGee|Thunderbolt|p2a: Scizor
|-crit|p2a: Scizor
|-damage|p2a: Scizor|0 fnt
|faint|p2a: Scizor
|
|upkeep
|
|t:|1758341633
|switch|p2a: Mew|Mew, shiny|100/100
|turn|10
|
|t:|1758341644
|-end|p1a: Stilts McGee|Protosynthesis|[silent]
|switch|p1a: Punch Buggy|Slither Wing|100/100
|-enditem|p1a: Punch Buggy|Booster Energy
|-activate|p1a: Punch Buggy|ability: Protosynthesis|[fromitem]
|-start|p1a: Punch Buggy|protosynthesisatk
|move|p2a: Mew|Nasty Plot|p2a: Mew
|-boost|p2a: Mew|spa|2
|
|upkeep
|turn|11
|
|t:|1758341655
|-terastallize|p2a: Mew|Fairy
|move|p2a: Mew|Draining Kiss|p1a: Punch Buggy
|-supereffective|p1a: Punch Buggy
|-damage|p1a: Punch Buggy|0 fnt
|faint|p1a: Punch Buggy
|-end|p1a: Punch Buggy|Protosynthesis|[silent]
|
|upkeep
|
|t:|1758341661
|switch|p1a: Stilts McGee|Sandy Shocks|41/100
|turn|12
|
|t:|1758341678
|move|p1a: Stilts McGee|Flash Cannon|p2a: Mew
|-supereffective|p2a: Mew
|-crit|p2a: Mew
|-damage|p2a: Mew|8/100
|-enditem|p2a: Mew|Sitrus Berry|[eat]
|-heal|p2a: Mew|33/100|[from] item: Sitrus Berry
|move|p2a: Mew|Draining Kiss|p1a: Stilts McGee
|-damage|p1a: Stilts McGee|0 fnt
|-heal|p2a: Mew|61/100|[from] drain|[of] p1a: Stilts McGee
|faint|p1a: Stilts McGee
|-end|p1a: Stilts McGee|Protosynthesis|[silent]
|
|upkeep
|
|t:|1758341687
|switch|p1a: Teknopathetic|Iron Valiant|100/100
|-enditem|p1a: Teknopathetic|Booster Energy
|-activate|p1a: Teknopathetic|ability: Quark Drive|[fromitem]
|-start|p1a: Teknopathetic|quarkdrivespe
|turn|13
|inactive|Fun Times Ahead has 120 seconds left.
|
|t:|1758341717
|-terastallize|p1a: Teknopathetic|Electric
|move|p1a: Teknopathetic|Moonblast|p2a: Mew
|-damage|p2a: Mew|21/100
|-unboost|p2a: Mew|spa|1
|move|p2a: Mew|Draining Kiss|p1a: Teknopathetic
|-damage|p1a: Teknopathetic|20/100
|-heal|p2a: Mew|72/100|[from] drain|[of] p1a: Teknopathetic
|
|upkeep
|turn|14
|
|t:|1758341727
|move|p1a: Teknopathetic|Thunderbolt|p2a: Mew
|-damage|p2a: Mew|30/100
|-status|p2a: Mew|par
|-activate|p2a: Mew|ability: Synchronize
|-immune|p1a: Teknopathetic
|move|p2a: Mew|Draining Kiss|p1a: Teknopathetic
|-damage|p1a: Teknopathetic|0 fnt
|-heal|p2a: Mew|42/100 par|[from] drain|[of] p1a: Teknopathetic
|faint|p1a: Teknopathetic
|-end|p1a: Teknopathetic|Quark Drive|[silent]
|
|win|syk1307
|raw|Fun Times Ahead's rating: 1341 &rarr; <strong>1325</strong><br />(-16 for losing)
|raw|syk1307's rating: 1416 &rarr; <strong>1432</strong><br />(+16 for winning)
|c|☆Fun Times Ahead|gg
|l|☆syk1307
|player|p2|
|l|☆Fun Times Ahead
|player|p1|
