|j|☆Dylphin
|j|☆Milo Everspring
|t:|1758340664
|gametype|singles
|player|p1|Dylphin|sailor|1150
|player|p2|Milo Everspring|2|1133
|gen|9
|tier|[Gen 9] OU
|rated|
|rule|HP Percentage Mod: HP is shown in percentages
|rule|Endless Battle Clause: Forcing endless battles is banned
|rule|Species Clause: Limit one of each Pokémon
|rule|OHKO Clause: OHKO moves are banned
|rule|Evasion Items Clause: Evasion items are banned
|rule|Evasion Moves Clause: Evasion moves are banned
|rule|Evasion Abilities Clause: Evasion abilities are banned
|rule|Sleep Moves Clause: Sleep-inducing moves are banned
|clearpoke
|poke|p1|Azumarill, M|
|poke|p1|Dragonite, F|
|poke|p1|Raging Bolt|
|poke|p1|Cinderace, M|
|poke|p1|Iron Jugulis|
|poke|p1|Gholdengo|
|poke|p2|Ting-Lu|
|poke|p2|Gliscor, F|
|poke|p2|Slowking-Galar, M|
|poke|p2|Kyurem|
|poke|p2|Corviknight, M|
|poke|p2|Skeledirge, M|
|teampreview
|inactive|Battle timer is ON: inactive players will automatically lose when time's up. (requested by Dylphin)
|
|t:|1758340686
|teamsize|p1|6
|teamsize|p2|6
|start
|switch|p1a: iJugs|Iron Jugulis|100/100
|switch|p2a: ew gross!|Slowking-Galar, M|100/100
|turn|1
|
|t:|1758340701
|-end|p1a: iJugs|Quark Drive|[silent]
|switch|p1a: Bugs|Cinderace, M|100/100
|-prepare|p2a: ew gross!|Chilly Reception|[premajor]
|move|p2a: ew gross!|Chilly Reception|p2a: ew gross!
|-weather|Snowscape
|
|t:|1758340708
|switch|p2a: scored botter?|Gliscor, F|100/100|[from] Chilly Reception
|
|-weather|Snowscape|[upkeep]
|-status|p2a: scored botter?|tox|[from] item: Toxic Orb
|upkeep
|turn|2
|
|t:|1758340713
|move|p1a: Bugs|U-turn|p2a: scored botter?
|-start|p1a: Bugs|typechange|Bug|[from] ability: Libero
|-resisted|p2a: scored botter?
|-damage|p2a: scored botter?|84/100 tox
|
|t:|1758340716
|switch|p1a: iJugs|Iron Jugulis|100/100|[from] U-turn
|move|p2a: scored botter?|Swords Dance|p2a: scored botter?
|-boost|p2a: scored botter?|atk|2
|
|-weather|Snowscape|[upkeep]
|-heal|p2a: scored botter?|96/100 tox|[from] ability: Poison Heal
|upkeep
|turn|3
|
|t:|1758340726
|move|p2a: scored botter?|Protect|p2a: scored botter?
|-singleturn|p2a: scored botter?|Protect
|move|p1a: iJugs|Hurricane|p2a: scored botter?
|-activate|p2a: scored botter?|move: Protect
|
|-weather|Snowscape|[upkeep]
|-heal|p2a: scored botter?|100/100 tox|[from] ability: Poison Heal
|upkeep
|turn|4
|
|t:|1758340732
|move|p1a: iJugs|Hurricane|p2a: scored botter?
|-damage|p2a: scored botter?|19/100 tox
|-start|p2a: scored botter?|confusion
|-activate|p2a: scored botter?|confusion
|move|p2a: scored botter?|Dual Wingbeat|p1a: iJugs
|-damage|p1a: iJugs|59/100
|-damage|p1a: iJugs|19/100
|-hitcount|p1a: iJugs|2
|
|-weather|Snowscape|[upkeep]
|-heal|p2a: scored botter?|31/100 tox|[from] ability: Poison Heal
|upkeep
|turn|5
|
|t:|1758340743
|-end|p2a: scored botter?|confusion
|move|p2a: scored botter?|Protect|p2a: scored botter?
|-singleturn|p2a: scored botter?|Protect
|move|p1a: iJugs|Hurricane|p2a: scored botter?
|-activate|p2a: scored botter?|move: Protect
|
|-weather|none
|-heal|p2a: scored botter?|43/100 tox|[from] ability: Poison Heal
|upkeep
|turn|6
|
|t:|1758340756
|move|p1a: iJugs|Hurricane|p2a: scored botter?
|-damage|p2a: scored botter?|0 fnt
|faint|p2a: scored botter?
|
|upkeep
|
|t:|1758340759
|switch|p2a: ew gross!|Slowking-Galar, M|100/100
|turn|7
|
|t:|1758340779
|move|p1a: iJugs|Earth Power|p2a: ew gross!
|-supereffective|p2a: ew gross!
|-damage|p2a: ew gross!|56/100
|-prepare|p2a: ew gross!|Chilly Reception|[premajor]
|move|p2a: ew gross!|Chilly Reception|p2a: ew gross!
|-weather|Snowscape
|
|t:|1758340782
|switch|p2a: Kyupumuku|Kyurem|100/100|[from] Chilly Reception
|-ability|p2a: Kyupumuku|Pressure
|
|-weather|Snowscape|[upkeep]
|upkeep
|turn|8
|
|t:|1758340787
|move|p1a: iJugs|Focus Blast|p2a: Kyupumuku
|-supereffective|p2a: Kyupumuku
|-damage|p2a: Kyupumuku|15/100
|move|p2a: Kyupumuku|Blizzard|p1a: iJugs
|-supereffective|p1a: iJugs
|-damage|p1a: iJugs|0 fnt
|faint|p1a: iJugs
|-end|p1a: iJugs|Quark Drive|[silent]
|
|-weather|Snowscape|[upkeep]
|upkeep
|
|t:|1758340796
|switch|p1a: Bring da Boom|Azumarill, M, shiny|100/100
|turn|9
|
|t:|1758340799
|move|p2a: Kyupumuku|Blizzard|p1a: Bring da Boom
|-resisted|p1a: Bring da Boom
|-damage|p1a: Bring da Boom|57/100
|move|p1a: Bring da Boom|Belly Drum|p1a: Bring da Boom
|-damage|p1a: Bring da Boom|7/100
|-setboost|p1a: Bring da Boom|atk|6|[from] move: Belly Drum
|-enditem|p1a: Bring da Boom|Sitrus Berry|[eat]
|-heal|p1a: Bring da Boom|32/100|[from] item: Sitrus Berry
|
|-weather|Snowscape|[upkeep]
|upkeep
|turn|10
|inactive|Dylphin has 120 seconds left.
|l|☆Dylphin
|inactive|Dylphin disconnected and has a minute to reconnect!
|player|p1|
|j|☆Dylphin
|inactive|Dylphin reconnected and has 110 seconds left.
|player|p1|Dylphin|sailor|
|
|t:|1758340845
|move|p1a: Bring da Boom|Aqua Jet|p2a: Kyupumuku
|-resisted|p2a: Kyupumuku
|-damage|p2a: Kyupumuku|0 fnt
|faint|p2a: Kyupumuku
|
|-weather|Snowscape|[upkeep]
|upkeep
|
|t:|1758340854
|switch|p2a: Gramblebhast|Skeledirge, M|100/100
|turn|11
|
|t:|1758340869
|move|p1a: Bring da Boom|Aqua Jet|p2a: Gramblebhast
|-supereffective|p2a: Gramblebhast
|-damage|p2a: Gramblebhast|59/100
|move|p2a: Gramblebhast|Will-O-Wisp|p1a: Bring da Boom|[miss]
|-miss|p2a: Gramblebhast|p1a: Bring da Boom
|
|-weather|none
|-heal|p2a: Gramblebhast|65/100|[from] item: Leftovers
|upkeep
|turn|12
|
|t:|1758340880
|move|p1a: Bring da Boom|Aqua Jet|p2a: Gramblebhast
|-supereffective|p2a: Gramblebhast
|-damage|p2a: Gramblebhast|26/100
|move|p2a: Gramblebhast|Slack Off|p2a: Gramblebhast
|-heal|p2a: Gramblebhast|76/100
|
|-heal|p2a: Gramblebhast|82/100|[from] item: Leftovers
|upkeep
|turn|13
|
|t:|1758340887
|move|p1a: Bring da Boom|Aqua Jet|p2a: Gramblebhast
|-supereffective|p2a: Gramblebhast
|-damage|p2a: Gramblebhast|40/100
|move|p2a: Gramblebhast|Will-O-Wisp|p1a: Bring da Boom|[miss]
|-miss|p2a: Gramblebhast|p1a: Bring da Boom
|
|-heal|p2a: Gramblebhast|46/100|[from] item: Leftovers
|upkeep
|turn|14
|
|t:|1758340890
|move|p1a: Bring da Boom|Aqua Jet|p2a: Gramblebhast
|-supereffective|p2a: Gramblebhast
|-damage|p2a: Gramblebhast|9/100
|move|p2a: Gramblebhast|Slack Off|p2a: Gramblebhast
|-heal|p2a: Gramblebhast|59/100
|
|-heal|p2a: Gramblebhast|65/100|[from] item: Leftovers
|upkeep
|turn|15
|
|t:|1758340893
|move|p1a: Bring da Boom|Aqua Jet|p2a: Gramblebhast
|-supereffective|p2a: Gramblebhast
|-damage|p2a: Gramblebhast|27/100
|move|p2a: Gramblebhast|Slack Off|p2a: Gramblebhast
|-heal|p2a: Gramblebhast|77/100
|
|-heal|p2a: Gramblebhast|83/100|[from] item: Leftovers
|upkeep
|turn|16
|
|t:|1758340895
|move|p1a: Bring da Boom|Aqua Jet|p2a: Gramblebhast
|-supereffective|p2a: Gramblebhast
|-damage|p2a: Gramblebhast|42/100
|move|p2a: Gramblebhast|Will-O-Wisp|p1a: Bring da Boom
|-status|p1a: Bring da Boom|brn
|
|-heal|p2a: Gramblebhast|48/100|[from] item: Leftovers
|-damage|p1a: Bring da Boom|25/100 brn|[from] brn
|upkeep
|turn|17
|
|t:|1758340900
|move|p1a: Bring da Boom|Aqua Jet|p2a: Gramblebhast
|-supereffective|p2a: Gramblebhast
|-damage|p2a: Gramblebhast|29/100
|move|p2a: Gramblebhast|Slack Off|p2a: Gramblebhast
|-heal|p2a: Gramblebhast|79/100
|
|-heal|p2a: Gramblebhast|85/100|[from] item: Leftovers
|-damage|p1a: Bring da Boom|19/100 brn|[from] brn
|upkeep
|turn|18
|
|t:|1758340903
|move|p1a: Bring da Boom|Aqua Jet|p2a: Gramblebhast
|-supereffective|p2a: Gramblebhast
|-crit|p2a: Gramblebhast
|-damage|p2a: Gramblebhast|52/100
|move|p2a: Gramblebhast|Hex|p1a: Bring da Boom
|-damage|p1a: Bring da Boom|0 fnt
|faint|p1a: Bring da Boom
|
|-heal|p2a: Gramblebhast|58/100|[from] item: Leftovers
|upkeep
|
|t:|1758340916
|switch|p1a: Apple Jack|Gholdengo|100/100
|turn|19
|
|t:|1758340924
|move|p1a: Apple Jack|Shadow Ball|p2a: Gramblebhast
|-supereffective|p2a: Gramblebhast
|-damage|p2a: Gramblebhast|0 fnt
|faint|p2a: Gramblebhast
|
|upkeep
|
|t:|1758340929
|switch|p2a: Julia|Ting-Lu|100/100
|-ability|p2a: Julia|Vessel of Ruin
|turn|20
|
|t:|1758340938
|switch|p1a: Bugs|Cinderace, M|100/100
|move|p2a: Julia|Stealth Rock|p1a: Bugs
|-sidestart|p1: Dylphin|move: Stealth Rock
|
|upkeep
|turn|21
|
|t:|1758340950
|-terastallize|p2a: Julia|Poison
|move|p1a: Bugs|Court Change|p1a: Bugs
|-start|p1a: Bugs|typechange|Normal|[from] ability: Libero
|-swapsideconditions
|-activate|p1a: Bugs|move: Court Change
|move|p2a: Julia|Ruination|p1a: Bugs
|-damage|p1a: Bugs|51/100
|
|upkeep
|turn|22
|
|t:|1758340962
|move|p1a: Bugs|U-turn|p2a: Julia
|-resisted|p2a: Julia
|-damage|p2a: Julia|95/100
|
|t:|1758340964
|switch|p1a: Neverender|Raging Bolt|100/100|[from] U-turn
|-enditem|p1a: Neverender|Booster Energy
|-activate|p1a: Neverender|ability: Protosynthesis|[fromitem]
|-start|p1a: Neverender|protosynthesisspa
|move|p2a: Julia|Stealth Rock|p1a: Neverender
|-sidestart|p1: Dylphin|move: Stealth Rock
|
|-heal|p2a: Julia|100/100|[from] item: Leftovers
|upkeep
|turn|23
|
|t:|1758340968
|move|p1a: Neverender|Thunderbolt|p2a: Julia
|-damage|p2a: Julia|63/100
|move|p2a: Julia|Earthquake|p1a: Neverender
|-supereffective|p1a: Neverender
|-damage|p1a: Neverender|41/100
|
|-heal|p2a: Julia|69/100|[from] item: Leftovers
|upkeep
|turn|24
|
|t:|1758340973
|move|p1a: Neverender|Thunderbolt|p2a: Julia
|-damage|p2a: Julia|29/100
|-status|p2a: Julia|par
|move|p2a: Julia|Earthquake|p1a: Neverender
|-supereffective|p1a: Neverender
|-damage|p1a: Neverender|0 fnt
|faint|p1a: Neverender
|-end|p1a: Neverender|Protosynthesis|[silent]
|
|-heal|p2a: Julia|35/100 par|[from] item: Leftovers
|upkeep
|
|t:|1758340983
|switch|p1a: Bugs|Cinderace, M|51/100
|turn|25
|
|t:|1758340988
|move|p1a: Bugs|Pyro Ball|p2a: Julia
|-damage|p2a: Julia|10/100 par
|move|p2a: Julia|Earthquake|p1a: Bugs
|-supereffective|p1a: Bugs
|-damage|p1a: Bugs|0 fnt
|faint|p1a: Bugs
|
|-heal|p2a: Julia|16/100 par|[from] item: Leftovers
|upkeep
|
|t:|1758341000
|switch|p1a: Puff|Dragonite, F|100/100
|turn|26
|
|t:|1758341002
|move|p1a: Puff|Earthquake|p2a: Julia
|-supereffective|p2a: Julia
|-damage|p2a: Julia|0 fnt
|faint|p2a: Julia
|
|upkeep
|
|t:|1758341006
|switch|p2a: ew gross!|Slowking-Galar, M|89/100
|-damage|p2a: ew gross!|77/100|[from] Stealth Rock
|turn|27
|
|t:|1758341010
|move|p1a: Puff|Dragon Dance|p1a: Puff
|-boost|p1a: Puff|atk|1
|-boost|p1a: Puff|spe|1
|-prepare|p2a: ew gross!|Chilly Reception|[premajor]
|move|p2a: ew gross!|Chilly Reception|p2a: ew gross!
|-weather|Snowscape
|
|t:|1758341012
|switch|p2a: Ni|Corviknight, M|100/100|[from] Chilly Reception
|-damage|p2a: Ni|88/100|[from] Stealth Rock
|-ability|p2a: Ni|Pressure
|
|-weather|Snowscape|[upkeep]
|upkeep
|turn|28
|
|t:|1758341021
|move|p1a: Puff|Extreme Speed|p2a: Ni
|-resisted|p2a: Ni
|-damage|p2a: Ni|73/100
|-damage|p1a: Puff|84/100|[from] item: Rocky Helmet|[of] p2a: Ni
|move|p2a: Ni|U-turn|p1a: Puff
|-resisted|p1a: Puff
|-damage|p1a: Puff|77/100
|
|t:|1758341024
|switch|p2a: ew gross!|Slowking-Galar, M|100/100|[from] U-turn
|-damage|p2a: ew gross!|88/100|[from] Stealth Rock
|
|-weather|Snowscape|[upkeep]
|-heal|p2a: ew gross!|94/100|[from] item: Leftovers
|upkeep
|turn|29
|
|t:|1758341029
|switch|p2a: Ni|Corviknight, M|73/100
|-damage|p2a: Ni|61/100|[from] Stealth Rock
|-ability|p2a: Ni|Pressure
|move|p1a: Puff|Earthquake|p2a: Ni
|-immune|p2a: Ni
|
|-weather|Snowscape|[upkeep]
|upkeep
|turn|30
|
|t:|1758341031
|move|p1a: Puff|Extreme Speed|p2a: Ni
|-resisted|p2a: Ni
|-damage|p2a: Ni|47/100
|-damage|p1a: Puff|60/100|[from] item: Rocky Helmet|[of] p2a: Ni
|move|p2a: Ni|U-turn|p1a: Puff
|-resisted|p1a: Puff
|-damage|p1a: Puff|53/100
|
|t:|1758341034
|switch|p2a: ew gross!|Slowking-Galar, M|100/100|[from] U-turn
|-damage|p2a: ew gross!|88/100|[from] Stealth Rock
|
|-weather|Snowscape|[upkeep]
|-heal|p2a: ew gross!|94/100|[from] item: Leftovers
|upkeep
|turn|31
|
|t:|1758341040
|move|p1a: Puff|Extreme Speed|p2a: ew gross!
|-crit|p2a: ew gross!
|-damage|p2a: ew gross!|15/100
|move|p2a: ew gross!|Sludge Wave|p1a: Puff
|-damage|p1a: Puff|15/100
|
|-weather|none
|-heal|p2a: ew gross!|21/100|[from] item: Leftovers
|upkeep
|turn|32
|
|t:|1758341061
|switch|p2a: Ni|Corviknight, M|47/100
|-damage|p2a: Ni|35/100|[from] Stealth Rock
|-ability|p2a: Ni|Pressure
|move|p1a: Puff|Extreme Speed|p2a: Ni
|-resisted|p2a: Ni
|-damage|p2a: Ni|20/100
|-damage|p1a: Puff|0 fnt|[from] item: Rocky Helmet|[of] p2a: Ni
|faint|p1a: Puff
|
|upkeep
|
|t:|1758341064
|switch|p1a: Apple Jack|Gholdengo|100/100
|-damage|p1a: Apple Jack|94/100|[from] Stealth Rock
|turn|33
|
|t:|1758341066
|-terastallize|p1a: Apple Jack|Ghost
|move|p1a: Apple Jack|Shadow Ball|p2a: Ni
|-crit|p2a: Ni
|-damage|p2a: Ni|0 fnt
|faint|p2a: Ni
|
|upkeep
|
|t:|1758341069
|switch|p2a: ew gross!|Slowking-Galar, M|54/100
|-damage|p2a: ew gross!|42/100|[from] Stealth Rock
|turn|34
|
|t:|1758341071
|move|p1a: Apple Jack|Shadow Ball|p2a: ew gross!
|-supereffective|p2a: ew gross!
|-damage|p2a: ew gross!|0 fnt
|faint|p2a: ew gross!
|
|win|Dylphin
|raw|Dylphin's rating: 1150 &rarr; <strong>1174</strong><br />(+24 for winning)
|raw|Milo Everspring's rating: 1133 &rarr; <strong>1109</strong><br />(-24 for losing)
|l|☆Milo Everspring
|player|p2|
|l|☆Dylphin
|player|p1|
