|badge|p1|bronze|gen9ou|100-6
|uhtml|medal-msg|<div class="broadcast-blue">Curious what those medals under the avatar are? PS now has Ladder Seasons! For more information, check out the <a href="https://www.smogon.com/forums/threads/3740067/">thread on Smogon.</a></div>
|j|☆Ctannn
|j|☆sunny dancing
|t:|1758347029
|gametype|singles
|player|p1|Ctannn|2|1848
|player|p2|sunny dancing|101|1787
|gen|9
|tier|[Gen 9] OU
|rated|
|rule|HP Percentage Mod: HP is shown in percentages
|rule|Endless Battle Clause: Forcing endless battles is banned
|rule|Species Clause: Limit one of each Pokémon
|rule|OHKO Clause: OHKO moves are banned
|rule|Evasion Items Clause: Evasion items are banned
|rule|Evasion Moves Clause: Evasion moves are banned
|rule|Evasion Abilities Clause: Evasion abilities are banned
|rule|Sleep Moves Clause: Sleep-inducing moves are banned
|clearpoke
|poke|p1|Rillaboom, M|
|poke|p1|Garganacl, M|
|poke|p1|Cinderace, M|
|poke|p1|Raging Bolt|
|poke|p1|Slowking-Galar, F|
|poke|p1|Landorus-Therian, M|
|poke|p2|Ogerpon-Wellspring, F|
|poke|p2|Slowking-Galar, M|
|poke|p2|Great Tusk|
|poke|p2|Moltres|
|poke|p2|Dragapult, M|
|poke|p2|Kingambit, M|
|teampreview
|inactive|Battle timer is ON: inactive players will automatically lose when time's up. (requested by Ctannn)
|inactive|sunny dancing also wants the timer to be on.
|
|t:|1758347041
|teamsize|p1|6
|teamsize|p2|6
|start
|switch|p1a: Raging Bolt|Raging Bolt|100/100
|switch|p2a: Great Tusk|Great Tusk|100/100
|turn|1
|
|t:|1758347048
|move|p2a: Great Tusk|Headlong Rush|p1a: Raging Bolt
|-supereffective|p1a: Raging Bolt
|-damage|p1a: Raging Bolt|0 fnt
|-unboost|p2a: Great Tusk|def|1
|-unboost|p2a: Great Tusk|spd|1
|faint|p1a: Raging Bolt
|-end|p1a: Raging Bolt|Protosynthesis|[silent]
|
|upkeep
|
|t:|1758347055
|switch|p1a: Rillaboom|Rillaboom, M|100/100
|-fieldstart|move: Grassy Terrain|[from] ability: Grassy Surge|[of] p1a: Rillaboom
|turn|2
|j| fdfdddddddd
|
|t:|1758347061
|-end|p2a: Great Tusk|Protosynthesis|[silent]
|switch|p2a: Moltres|Moltres|100/100
|switch|p1a: Slowking|Slowking-Galar, F|100/100
|
|upkeep
|turn|3
|
|t:|1758347068
|move|p2a: Moltres|U-turn|p1a: Slowking
|-damage|p1a: Slowking|90/100
|-damage|p2a: Moltres|84/100|[from] item: Rocky Helmet|[of] p1a: Slowking
|l| fdfdddddddd
|
|t:|1758347078
|switch|p2a: Great Tusk|Great Tusk|100/100|[from] U-turn
|move|p1a: Slowking|Future Sight|p2a: Great Tusk
|-start|p1a: Slowking|move: Future Sight
|
|-heal|p1a: Slowking|96/100|[from] Grassy Terrain
|upkeep
|turn|4
|
|t:|1758347100
|move|p2a: Great Tusk|Stealth Rock|p1a: Slowking
|-sidestart|p1: Ctannn|move: Stealth Rock
|move|p1a: Slowking|Psychic|p2a: Great Tusk
|-supereffective|p2a: Great Tusk
|-damage|p2a: Great Tusk|0 fnt
|faint|p2a: Great Tusk
|-end|p2a: Great Tusk|Protosynthesis|[silent]
|
|-heal|p1a: Slowking|100/100|[from] Grassy Terrain
|upkeep
|
|t:|1758347107
|switch|p2a: Kingambit|Kingambit, M|100/100
|-activate|p2a: Kingambit|ability: Supreme Overlord
|-start|p2a: Kingambit|fallen1|[silent]
|turn|5
|
|t:|1758347114
|switch|p1a: Landorus|Landorus-Therian, M|100/100
|-damage|p1a: Landorus|88/100|[from] Stealth Rock
|-ability|p1a: Landorus|Intimidate|boost
|-unboost|p2a: Kingambit|atk|1
|move|p2a: Kingambit|Swords Dance|p2a: Kingambit
|-boost|p2a: Kingambit|atk|2
|
|-end|p2a: Kingambit|move: Future Sight
|-immune|p2a: Kingambit
|upkeep
|turn|6
|
|t:|1758347120
|-terastallize|p2a: Kingambit|Ghost
|move|p2a: Kingambit|Swords Dance|p2a: Kingambit
|-boost|p2a: Kingambit|atk|2
|move|p1a: Landorus|Earthquake|p2a: Kingambit
|-damage|p2a: Kingambit|81/100
|
|-heal|p2a: Kingambit|87/100|[from] Grassy Terrain
|-heal|p2a: Kingambit|93/100|[from] item: Leftovers
|-fieldend|move: Grassy Terrain
|upkeep
|turn|7
|
|t:|1758347128
|move|p2a: Kingambit|Iron Head|p1a: Landorus
|-damage|p1a: Landorus|2/100
|-damage|p2a: Kingambit|77/100|[from] item: Rocky Helmet|[of] p1a: Landorus
|move|p1a: Landorus|U-turn|p2a: Kingambit
|-resisted|p2a: Kingambit
|-damage|p2a: Kingambit|68/100
|
|t:|1758347137
|switch|p1a: Cinderace|Cinderace, M|100/100|[from] U-turn
|
|-heal|p2a: Kingambit|75/100|[from] item: Leftovers
|upkeep
|turn|8
|
|t:|1758347145
|move|p1a: Cinderace|U-turn|p2a: Kingambit
|-start|p1a: Cinderace|typechange|Bug|[from] ability: Libero
|-resisted|p2a: Kingambit
|-damage|p2a: Kingambit|62/100
|
|t:|1758347149
|switch|p1a: Slowking|Slowking-Galar, F|100/100|[from] U-turn
|-damage|p1a: Slowking|88/100|[from] Stealth Rock
|move|p2a: Kingambit|Iron Head|p1a: Slowking
|-damage|p1a: Slowking|6/100
|-damage|p2a: Kingambit|45/100|[from] item: Rocky Helmet|[of] p1a: Slowking
|
|-heal|p2a: Kingambit|51/100|[from] item: Leftovers
|upkeep
|turn|9
|
|t:|1758347157
|move|p2a: Kingambit|Low Kick|p1a: Slowking
|-resisted|p1a: Slowking
|-damage|p1a: Slowking|0 fnt
|-damage|p2a: Kingambit|35/100|[from] item: Rocky Helmet|[of] p1a: Slowking
|faint|p1a: Slowking
|
|-heal|p2a: Kingambit|41/100|[from] item: Leftovers
|upkeep
|
|t:|1758347160
|switch|p1a: Cinderace|Cinderace, M|100/100
|turn|10
|
|t:|1758347166
|move|p1a: Cinderace|Court Change|p1a: Cinderace
|-start|p1a: Cinderace|typechange|Normal|[from] ability: Libero
|-swapsideconditions
|-activate|p1a: Cinderace|move: Court Change
|move|p2a: Kingambit|Swords Dance|p2a: Kingambit
|-boost|p2a: Kingambit|atk|2
|
|-heal|p2a: Kingambit|47/100|[from] item: Leftovers
|upkeep
|turn|11
|
|t:|1758347173
|switch|p1a: Landorus|Landorus-Therian, M|2/100
|-ability|p1a: Landorus|Intimidate|boost
|-unboost|p2a: Kingambit|atk|1
|move|p2a: Kingambit|Sucker Punch||[still]
|-fail|p2a: Kingambit
|
|-heal|p2a: Kingambit|54/100|[from] item: Leftovers
|upkeep
|turn|12
|
|t:|1758347179
|move|p2a: Kingambit|Sucker Punch|p1a: Landorus
|-damage|p1a: Landorus|0 fnt
|-damage|p2a: Kingambit|37/100|[from] item: Rocky Helmet|[of] p1a: Landorus
|faint|p1a: Landorus
|
|-heal|p2a: Kingambit|43/100|[from] item: Leftovers
|upkeep
|
|t:|1758347182
|switch|p1a: Rillaboom|Rillaboom, M|100/100
|-fieldstart|move: Grassy Terrain|[from] ability: Grassy Surge|[of] p1a: Rillaboom
|turn|13
|
|t:|1758347188
|-end|p2a: Kingambit|fallen1|[silent]
|switch|p2a: Moltres|Moltres|84/100
|move|p1a: Rillaboom|Grassy Glide|p2a: Moltres
|-resisted|p2a: Moltres
|-damage|p2a: Moltres|76/100
|
|upkeep
|turn|14
|
|t:|1758347197
|switch|p1a: Cinderace|Cinderace, M|100/100
|move|p2a: Moltres|U-turn|p1a: Cinderace
|-resisted|p1a: Cinderace
|-damage|p1a: Cinderace|90/100
|
|t:|1758347206
|switch|p2a: Dragapult|Dragapult, M|100/100|[from] U-turn
|
|-heal|p1a: Cinderace|96/100|[from] Grassy Terrain
|upkeep
|turn|15
|
|t:|1758347212
|switch|p1a: Garganacl|Garganacl, M|100/100
|move|p2a: Dragapult|U-turn|p1a: Garganacl
|-damage|p1a: Garganacl|86/100
|
|t:|1758347223
|switch|p2a: Ogerpon|Ogerpon-Wellspring, F|100/100|[from] U-turn
|-damage|p2a: Ogerpon|88/100|[from] Stealth Rock
|
|-heal|p2a: Ogerpon|94/100|[from] Grassy Terrain
|-heal|p1a: Garganacl|92/100|[from] Grassy Terrain
|-heal|p1a: Garganacl|98/100|[from] item: Leftovers
|upkeep
|turn|16
|
|t:|1758347239
|switch|p1a: Rillaboom|Rillaboom, M|100/100
|move|p2a: Ogerpon|Power Whip|p1a: Rillaboom
|-resisted|p1a: Rillaboom
|-damage|p1a: Rillaboom|52/100
|
|-heal|p2a: Ogerpon|99/100|[from] Grassy Terrain
|-heal|p1a: Rillaboom|58/100|[from] Grassy Terrain
|upkeep
|turn|17
|
|t:|1758347247
|switch|p2a: Moltres|Moltres|76/100
|move|p1a: Rillaboom|Grassy Glide|p2a: Moltres
|-resisted|p2a: Moltres
|-damage|p2a: Moltres|68/100
|
|-heal|p1a: Rillaboom|64/100|[from] Grassy Terrain
|-fieldend|move: Grassy Terrain
|upkeep
|turn|18
|
|t:|1758347257
|move|p1a: Rillaboom|Knock Off|p2a: Moltres
|-damage|p2a: Moltres|43/100
|-status|p1a: Rillaboom|brn|[from] ability: Flame Body|[of] p2a: Moltres
|-enditem|p2a: Moltres|Heavy-Duty Boots|[from] move: Knock Off|[of] p1a: Rillaboom
|move|p2a: Moltres|U-turn|p1a: Rillaboom
|-supereffective|p1a: Rillaboom
|-damage|p1a: Rillaboom|32/100 brn
|
|t:|1758347267
|switch|p2a: Dragapult|Dragapult, M|100/100|[from] U-turn
|
|-damage|p1a: Rillaboom|25/100 brn|[from] brn
|upkeep
|turn|19
|
|t:|1758347274
|switch|p1a: Cinderace|Cinderace, M|96/100
|move|p2a: Dragapult|U-turn|p1a: Cinderace
|-resisted|p1a: Cinderace
|-damage|p1a: Cinderace|81/100
|
|t:|1758347282
|switch|p2a: Slowking|Slowking-Galar, M|100/100|[from] U-turn
|-damage|p2a: Slowking|88/100|[from] Stealth Rock
|
|upkeep
|turn|20
|
|t:|1758347289
|switch|p2a: Kingambit|Kingambit, M, tera:Ghost|43/100
|-damage|p2a: Kingambit|31/100|[from] Stealth Rock
|-activate|p2a: Kingambit|ability: Supreme Overlord
|-start|p2a: Kingambit|fallen1|[silent]
|move|p1a: Cinderace|U-turn|p2a: Kingambit
|-start|p1a: Cinderace|typechange|Bug|[from] ability: Libero
|-resisted|p2a: Kingambit
|-damage|p2a: Kingambit|18/100
|
|t:|1758347294
|switch|p1a: Garganacl|Garganacl, M|98/100|[from] U-turn
|
|-heal|p2a: Kingambit|24/100|[from] item: Leftovers
|-heal|p1a: Garganacl|100/100|[from] item: Leftovers
|upkeep
|turn|21
|
|t:|1758347300
|move|p2a: Kingambit|Iron Head|p1a: Garganacl
|-supereffective|p1a: Garganacl
|-damage|p1a: Garganacl|36/100
|move|p1a: Garganacl|Salt Cure|p2a: Kingambit
|-damage|p2a: Kingambit|13/100
|-start|p2a: Kingambit|Salt Cure
|
|-heal|p2a: Kingambit|19/100|[from] item: Leftovers
|-heal|p1a: Garganacl|42/100|[from] item: Leftovers
|-damage|p2a: Kingambit|7/100|[from] Salt Cure
|upkeep
|turn|22
|
|t:|1758347312
|move|p1a: Garganacl|Protect|p1a: Garganacl
|-singleturn|p1a: Garganacl|Protect
|move|p2a: Kingambit|Iron Head|p1a: Garganacl
|-activate|p1a: Garganacl|move: Protect
|
|-heal|p2a: Kingambit|13/100|[from] item: Leftovers
|-heal|p1a: Garganacl|49/100|[from] item: Leftovers
|-damage|p2a: Kingambit|1/100|[from] Salt Cure
|upkeep
|turn|23
|
|t:|1758347318
|-end|p2a: Kingambit|fallen1|[silent]
|switch|p2a: Ogerpon|Ogerpon-Wellspring, F|99/100
|-damage|p2a: Ogerpon|88/100|[from] Stealth Rock
|switch|p1a: Rillaboom|Rillaboom, M|25/100 brn
|-fieldstart|move: Grassy Terrain|[from] ability: Grassy Surge|[of] p1a: Rillaboom
|
|-heal|p2a: Ogerpon|94/100|[from] Grassy Terrain
|-heal|p1a: Rillaboom|32/100 brn|[from] Grassy Terrain
|-damage|p1a: Rillaboom|25/100 brn|[from] brn
|upkeep
|turn|24
|
|t:|1758347325
|switch|p2a: Dragapult|Dragapult, M|100/100
|move|p1a: Rillaboom|Grassy Glide|p2a: Dragapult
|-resisted|p2a: Dragapult
|-damage|p2a: Dragapult|83/100
|
|-heal|p2a: Dragapult|89/100|[from] Grassy Terrain
|-heal|p1a: Rillaboom|32/100 brn|[from] Grassy Terrain
|-damage|p1a: Rillaboom|25/100 brn|[from] brn
|upkeep
|turn|25
|
|t:|1758347333
|switch|p1a: Garganacl|Garganacl, M|49/100
|move|p2a: Dragapult|Dragon Darts|p1a: Garganacl
|-damage|p1a: Garganacl|34/100
|-anim|p2a: Dragapult|Dragon Darts|p1a: Garganacl
|-damage|p1a: Garganacl|20/100
|
|-heal|p2a: Dragapult|95/100|[from] Grassy Terrain
|-heal|p1a: Garganacl|26/100|[from] Grassy Terrain
|-heal|p1a: Garganacl|32/100|[from] item: Leftovers
|upkeep
|turn|26
|
|t:|1758347347
|-terastallize|p1a: Garganacl|Fairy
|move|p2a: Dragapult|U-turn|p1a: Garganacl
|-resisted|p1a: Garganacl
|-damage|p1a: Garganacl|25/100
|
|t:|1758347356
|switch|p2a: Slowking|Slowking-Galar, M|100/100|[from] U-turn
|-damage|p2a: Slowking|88/100|[from] Stealth Rock
|move|p1a: Garganacl|Recover|p1a: Garganacl
|-heal|p1a: Garganacl|75/100
|
|-heal|p1a: Garganacl|81/100|[from] Grassy Terrain
|-heal|p1a: Garganacl|88/100|[from] item: Leftovers
|-heal|p2a: Slowking|94/100|[from] Grassy Terrain
|upkeep
|turn|27
|j| wgw2333
|
|t:|1758347362
|move|p1a: Garganacl|Protect|p1a: Garganacl
|-singleturn|p1a: Garganacl|Protect
|move|p2a: Slowking|Sludge Bomb|p1a: Garganacl
|-activate|p1a: Garganacl|move: Protect
|
|-heal|p1a: Garganacl|94/100|[from] Grassy Terrain
|-heal|p1a: Garganacl|99/100|[from] item: Leftovers
|-heal|p2a: Slowking|99/100|[from] Grassy Terrain
|-fieldend|move: Grassy Terrain
|upkeep
|turn|28
|
|t:|1758347368
|move|p1a: Garganacl|Salt Cure|p2a: Slowking
|-damage|p2a: Slowking|87/100
|-start|p2a: Slowking|Salt Cure
|move|p2a: Slowking|Sludge Bomb|p1a: Garganacl
|-supereffective|p1a: Garganacl
|-damage|p1a: Garganacl|48/100
|
|-heal|p1a: Garganacl|54/100|[from] item: Leftovers
|-damage|p2a: Slowking|75/100|[from] Salt Cure
|upkeep
|turn|29
|
|t:|1758347379
|move|p1a: Garganacl|Protect|p1a: Garganacl
|-singleturn|p1a: Garganacl|Protect
|move|p2a: Slowking|Sludge Bomb|p1a: Garganacl
|-activate|p1a: Garganacl|move: Protect
|
|-heal|p1a: Garganacl|60/100|[from] item: Leftovers
|-damage|p2a: Slowking|62/100|[from] Salt Cure
|upkeep
|turn|30
|
|t:|1758347394
|switch|p2a: Dragapult|Dragapult, M|95/100
|move|p1a: Garganacl|Salt Cure|p2a: Dragapult
|-damage|p2a: Dragapult|75/100
|-start|p2a: Dragapult|Salt Cure
|
|-heal|p1a: Garganacl|67/100|[from] item: Leftovers
|-damage|p2a: Dragapult|62/100|[from] Salt Cure
|upkeep
|turn|31
|
|t:|1758347401
|move|p2a: Dragapult|U-turn|p1a: Garganacl
|-resisted|p1a: Garganacl
|-damage|p1a: Garganacl|60/100
|
|t:|1758347408
|switch|p2a: Slowking|Slowking-Galar, M|95/100|[from] U-turn
|-damage|p2a: Slowking|83/100|[from] Stealth Rock
|move|p1a: Garganacl|Curse|p1a: Garganacl
|-unboost|p1a: Garganacl|spe|1
|-boost|p1a: Garganacl|atk|1
|-boost|p1a: Garganacl|def|1
|
|-heal|p1a: Garganacl|66/100|[from] item: Leftovers
|upkeep
|turn|32
|
|t:|1758347414
|move|p1a: Garganacl|Protect|p1a: Garganacl
|-singleturn|p1a: Garganacl|Protect
|move|p2a: Slowking|Sludge Bomb|p1a: Garganacl
|-activate|p1a: Garganacl|move: Protect
|
|-heal|p1a: Garganacl|73/100|[from] item: Leftovers
|upkeep
|turn|33
|
|t:|1758347421
|move|p2a: Slowking|Sludge Bomb|p1a: Garganacl
|-supereffective|p1a: Garganacl
|-damage|p1a: Garganacl|14/100
|move|p1a: Garganacl|Recover|p1a: Garganacl
|-heal|p1a: Garganacl|64/100
|
|-heal|p1a: Garganacl|70/100|[from] item: Leftovers
|upkeep
|turn|34
|
|t:|1758347428
|move|p1a: Garganacl|Protect|p1a: Garganacl
|-singleturn|p1a: Garganacl|Protect
|move|p2a: Slowking|Sludge Bomb|p1a: Garganacl
|-activate|p1a: Garganacl|move: Protect
|
|-heal|p1a: Garganacl|76/100|[from] item: Leftovers
|upkeep
|turn|35
|
|t:|1758347434
|move|p2a: Slowking|Sludge Bomb|p1a: Garganacl
|-supereffective|p1a: Garganacl
|-damage|p1a: Garganacl|23/100
|move|p1a: Garganacl|Recover|p1a: Garganacl
|-heal|p1a: Garganacl|73/100
|
|-heal|p1a: Garganacl|79/100|[from] item: Leftovers
|upkeep
|turn|36
|
|t:|1758347441
|move|p2a: Slowking|Sludge Bomb|p1a: Garganacl
|-supereffective|p1a: Garganacl
|-damage|p1a: Garganacl|29/100
|move|p1a: Garganacl|Salt Cure|p2a: Slowking
|-damage|p2a: Slowking|62/100
|-start|p2a: Slowking|Salt Cure
|
|-heal|p1a: Garganacl|35/100|[from] item: Leftovers
|-damage|p2a: Slowking|50/100|[from] Salt Cure
|upkeep
|turn|37
|
|t:|1758347448
|switch|p2a: Kingambit|Kingambit, M, tera:Ghost|1/100
|-damage|p2a: Kingambit|0 fnt|[from] Stealth Rock
|faint|p2a: Kingambit
|-end|p2a: Kingambit|fallen1|[silent]
|move|p1a: Garganacl|Protect||[still]
|-fail|p1a: Garganacl
|
|-heal|p1a: Garganacl|41/100|[from] item: Leftovers
|upkeep
|j| okiio
|
|t:|1758347455
|switch|p2a: Slowking|Slowking-Galar, M|83/100
|-damage|p2a: Slowking|71/100|[from] Stealth Rock
|turn|38
|
|t:|1758347461
|move|p1a: Garganacl|Protect|p1a: Garganacl
|-singleturn|p1a: Garganacl|Protect
|move|p2a: Slowking|Ice Beam|p1a: Garganacl
|-activate|p1a: Garganacl|move: Protect
|
|-heal|p1a: Garganacl|47/100|[from] item: Leftovers
|upkeep
|turn|39
|l| okiio
|
|t:|1758347468
|switch|p1a: Cinderace|Cinderace, M|81/100
|move|p2a: Slowking|Sludge Bomb|p1a: Cinderace
|-damage|p1a: Cinderace|26/100
|
|upkeep
|turn|40
|
|t:|1758347476
|move|p1a: Cinderace|U-turn|p2a: Slowking
|-start|p1a: Cinderace|typechange|Bug|[from] ability: Libero
|-damage|p2a: Slowking|38/100
|
|t:|1758347480
|switch|p1a: Rillaboom|Rillaboom, M|25/100 brn|[from] U-turn
|-fieldstart|move: Grassy Terrain|[from] ability: Grassy Surge|[of] p1a: Rillaboom
|move|p2a: Slowking|Flamethrower|p1a: Rillaboom
|-supereffective|p1a: Rillaboom
|-damage|p1a: Rillaboom|0 fnt
|faint|p1a: Rillaboom
|
|-heal|p2a: Slowking|44/100|[from] Grassy Terrain
|upkeep
|
|t:|1758347482
|switch|p1a: Cinderace|Cinderace, M|26/100
|turn|41
|
|t:|1758347489
|switch|p2a: Dragapult|Dragapult, M|62/100
|move|p1a: Cinderace|U-turn|p2a: Dragapult
|-start|p1a: Cinderace|typechange|Bug|[from] ability: Libero
|-resisted|p2a: Dragapult
|-damage|p2a: Dragapult|37/100
|
|t:|1758347491
|switch|p1a: Garganacl|Garganacl, M, tera:Fairy|47/100|[from] U-turn
|
|-heal|p2a: Dragapult|43/100|[from] Grassy Terrain
|-heal|p1a: Garganacl|53/100|[from] Grassy Terrain
|-heal|p1a: Garganacl|60/100|[from] item: Leftovers
|upkeep
|turn|42
|
|t:|1758347498
|move|p2a: Dragapult|U-turn|p1a: Garganacl
|-resisted|p1a: Garganacl
|-damage|p1a: Garganacl|53/100
|
|t:|1758347505
|switch|p2a: Slowking|Slowking-Galar, M|77/100|[from] U-turn
|-damage|p2a: Slowking|65/100|[from] Stealth Rock
|move|p1a: Garganacl|Salt Cure|p2a: Slowking
|-damage|p2a: Slowking|51/100
|-start|p2a: Slowking|Salt Cure
|
|-heal|p1a: Garganacl|59/100|[from] Grassy Terrain
|-heal|p1a: Garganacl|65/100|[from] item: Leftovers
|-heal|p2a: Slowking|57/100|[from] Grassy Terrain
|-damage|p2a: Slowking|45/100|[from] Salt Cure
|upkeep
|turn|43
|
|t:|1758347511
|switch|p2a: Ogerpon|Ogerpon-Wellspring, F|94/100
|-damage|p2a: Ogerpon|82/100|[from] Stealth Rock
|move|p1a: Garganacl|Protect||[still]
|-fail|p1a: Garganacl
|
|-heal|p2a: Ogerpon|88/100|[from] Grassy Terrain
|-heal|p1a: Garganacl|72/100|[from] Grassy Terrain
|-heal|p1a: Garganacl|78/100|[from] item: Leftovers
|upkeep
|turn|44
|
|t:|1758347520
|move|p2a: Ogerpon|Power Whip|p1a: Garganacl
|-damage|p1a: Garganacl|14/100
|move|p1a: Garganacl|Curse|p1a: Garganacl
|-unboost|p1a: Garganacl|spe|1
|-boost|p1a: Garganacl|atk|1
|-boost|p1a: Garganacl|def|1
|
|-heal|p2a: Ogerpon|94/100|[from] Grassy Terrain
|-heal|p1a: Garganacl|20/100|[from] Grassy Terrain
|-heal|p1a: Garganacl|26/100|[from] item: Leftovers
|-fieldend|move: Grassy Terrain
|upkeep
|turn|45
|
|t:|1758347528
|move|p2a: Ogerpon|Power Whip|p1a: Garganacl
|-damage|p1a: Garganacl|0 fnt
|faint|p1a: Garganacl
|
|upkeep
|-message|Ctannn forfeited.
|
|win|sunny dancing
|raw|Ctannn's rating: 1848 &rarr; <strong>1825</strong><br />(-23 for losing)
|raw|sunny dancing's rating: 1787 &rarr; <strong>1810</strong><br />(+23 for winning)
|l|☆sunny dancing
|player|p2|
|l|☆Ctannn
|player|p1|
