|j|☆AP Precalculus
|j|☆The Burger
|t:|1758257143
|gametype|singles
|player|p1|AP Precalculus|gentleman|1401
|player|p2|The Burger|palmer|1416
|gen|9
|tier|[Gen 9] OU
|rated|
|rule|HP Percentage Mod: HP is shown in percentages
|rule|Endless Battle Clause: Forcing endless battles is banned
|rule|Species Clause: Limit one of each Pokémon
|rule|OHKO Clause: OHKO moves are banned
|rule|Evasion Items Clause: Evasion items are banned
|rule|Evasion Moves Clause: Evasion moves are banned
|rule|Evasion Abilities Clause: Evasion abilities are banned
|rule|Sleep Moves Clause: Sleep-inducing moves are banned
|clearpoke
|poke|p1|Grimmsnarl, M|
|poke|p1|Latios, M|
|poke|p1|Glimmora, M|
|poke|p1|Iron Moth|
|poke|p1|Kommo-o, M|
|poke|p1|Iron Hands|
|poke|p2|Dragonite, M|
|poke|p2|Gholdengo|
|poke|p2|Clefable, M|
|poke|p2|Zamazenta-*|
|poke|p2|Walking Wake|
|poke|p2|Ting-Lu|
|teampreview
|inactive|Battle timer is ON: inactive players will automatically lose when time's up. (requested by AP Precalculus)
|
|t:|1758257167
|teamsize|p1|6
|teamsize|p2|6
|start
|switch|p1a: Bing Bong|Glimmora, M|100/100
|switch|p2a: Walking Wake|Walking Wake|100/100
|turn|1
|
|t:|1758257172
|move|p2a: Walking Wake|Scald|p1a: Bing Bong
|-supereffective|p1a: Bing Bong
|-damage|p1a: Bing Bong|10/100
|move|p1a: Bing Bong|Stealth Rock|p2a: Walking Wake
|-sidestart|p2: The Burger|move: Stealth Rock
|
|upkeep
|turn|2
|
|t:|1758257177
|move|p2a: Walking Wake|Scald|p1a: Bing Bong
|-supereffective|p1a: Bing Bong
|-damage|p1a: Bing Bong|0 fnt
|faint|p1a: Bing Bong
|
|upkeep
|
|t:|1758257181
|switch|p1a: Mr Grimm|Grimmsnarl, M|100/100
|turn|3
|
|t:|1758257187
|move|p1a: Mr Grimm|Light Screen|p1a: Mr Grimm
|-sidestart|p1: AP Precalculus|move: Light Screen
|move|p2a: Walking Wake|Knock Off|p1a: Mr Grimm
|-resisted|p1a: Mr Grimm
|-damage|p1a: Mr Grimm|95/100
|-enditem|p1a: Mr Grimm|Light Clay|[from] move: Knock Off|[of] p2a: Walking Wake
|
|upkeep
|turn|4
|
|t:|1758257195
|move|p2a: Walking Wake|Scald|p1a: Mr Grimm
|-damage|p1a: Mr Grimm|82/100
|-status|p1a: Mr Grimm|brn
|move|p1a: Mr Grimm|Spirit Break|p2a: Walking Wake
|-supereffective|p2a: Walking Wake
|-damage|p2a: Walking Wake|73/100
|-unboost|p2a: Walking Wake|spa|1
|
|-damage|p1a: Mr Grimm|76/100 brn|[from] brn
|upkeep
|turn|5
|
|t:|1758257203
|switch|p1a: Which One|Latios, M, shiny|100/100
|move|p2a: Walking Wake|Flip Turn|p1a: Which One
|-resisted|p1a: Which One
|-damage|p1a: Which One|93/100
|
|t:|1758257214
|-end|p2a: Walking Wake|Protosynthesis|[silent]
|switch|p2a: Ting-Lu|Ting-Lu|100/100|[from] Flip Turn
|-damage|p2a: Ting-Lu|94/100|[from] Stealth Rock
|-ability|p2a: Ting-Lu|Vessel of Ruin
|
|-heal|p2a: Ting-Lu|100/100|[from] item: Leftovers
|upkeep
|turn|6
|
|t:|1758257226
|move|p1a: Which One|Calm Mind|p1a: Which One
|-boost|p1a: Which One|spa|1
|-boost|p1a: Which One|spd|1
|move|p2a: Ting-Lu|Ruination|p1a: Which One
|-damage|p1a: Which One|47/100
|
|upkeep
|turn|7
|
|t:|1758257230
|move|p1a: Which One|Aura Sphere|p2a: Ting-Lu
|-supereffective|p2a: Ting-Lu
|-damage|p2a: Ting-Lu|71/100
|move|p2a: Ting-Lu|Whirlwind|p1a: Which One
|drag|p1a: a bug?|Iron Moth|100/100
|-enditem|p1a: a bug?|Booster Energy
|-activate|p1a: a bug?|ability: Quark Drive|[fromitem]
|-start|p1a: a bug?|quarkdrivespa
|
|-heal|p2a: Ting-Lu|77/100|[from] item: Leftovers
|upkeep
|turn|8
|
|t:|1758257239
|move|p1a: a bug?|Energy Ball|p2a: Ting-Lu
|-supereffective|p2a: Ting-Lu
|-crit|p2a: Ting-Lu
|-damage|p2a: Ting-Lu|27/100
|-unboost|p2a: Ting-Lu|spd|1
|move|p2a: Ting-Lu|Spikes|p1a: a bug?
|-sidestart|p1: AP Precalculus|Spikes
|
|-heal|p2a: Ting-Lu|33/100|[from] item: Leftovers
|upkeep
|turn|9
|inactive|The Burger has 120 seconds left.
|
|t:|1758257292
|switch|p2a: Clefable|Clefable, M|100/100
|move|p1a: a bug?|Fiery Dance|p2a: Clefable
|-damage|p2a: Clefable|42/100
|-boost|p1a: a bug?|spa|1
|
|-heal|p2a: Clefable|48/100|[from] item: Leftovers
|upkeep
|turn|10
|
|t:|1758257300
|move|p1a: a bug?|Fiery Dance|p2a: Clefable
|-damage|p2a: Clefable|0 fnt
|faint|p2a: Clefable
|
|-sideend|p1: AP Precalculus|move: Light Screen
|upkeep
|
|t:|1758257311
|switch|p2a: Dragonite|Dragonite, M|100/100
|turn|11
|
|t:|1758257322
|-terastallize|p1a: a bug?|Grass
|-terastallize|p2a: Dragonite|Normal
|move|p2a: Dragonite|Extreme Speed|p1a: a bug?
|-crit|p1a: a bug?
|-damage|p1a: a bug?|0 fnt
|faint|p1a: a bug?
|-end|p1a: a bug?|Quark Drive|[silent]
|
|upkeep
|
|t:|1758257332
|switch|p1a: Mr Grimm|Grimmsnarl, M|76/100 brn
|-damage|p1a: Mr Grimm|64/100 brn|[from] Spikes
|turn|12
|
|t:|1758257335
|move|p2a: Dragonite|Extreme Speed|p1a: Mr Grimm
|-damage|p1a: Mr Grimm|5/100 brn
|move|p1a: Mr Grimm|Reflect|p1a: Mr Grimm
|-sidestart|p1: AP Precalculus|Reflect
|
|-damage|p1a: Mr Grimm|0 fnt|[from] brn
|faint|p1a: Mr Grimm
|upkeep
|
|t:|1758257344
|switch|p1a: THE HANDS|Iron Hands|100/100
|-damage|p1a: THE HANDS|88/100|[from] Spikes
|-enditem|p1a: THE HANDS|Booster Energy
|-activate|p1a: THE HANDS|ability: Quark Drive|[fromitem]
|-start|p1a: THE HANDS|quarkdriveatk
|turn|13
|
|t:|1758257359
|switch|p2a: Gholdengo|Gholdengo|100/100
|-damage|p2a: Gholdengo|94/100|[from] Stealth Rock
|-item|p2a: Gholdengo|Air Balloon
|move|p1a: THE HANDS|Swords Dance|p1a: THE HANDS
|-boost|p1a: THE HANDS|atk|2
|
|upkeep
|turn|14
|
|t:|1758257362
|move|p2a: Gholdengo|Shadow Ball|p1a: THE HANDS
|-damage|p1a: THE HANDS|60/100
|move|p1a: THE HANDS|Wild Charge|p2a: Gholdengo
|-damage|p2a: Gholdengo|0 fnt
|-enditem|p2a: Gholdengo|Air Balloon
|faint|p2a: Gholdengo
|-damage|p1a: THE HANDS|40/100|[from] Recoil
|
|upkeep
|
|t:|1758257368
|switch|p2a: Walking Wake|Walking Wake|73/100
|-damage|p2a: Walking Wake|60/100|[from] Stealth Rock
|turn|15
|
|t:|1758257379
|move|p2a: Walking Wake|Draco Meteor|p1a: THE HANDS
|-crit|p1a: THE HANDS
|-damage|p1a: THE HANDS|0 fnt
|-unboost|p2a: Walking Wake|spa|2
|faint|p1a: THE HANDS
|-end|p1a: THE HANDS|Quark Drive|[silent]
|
|upkeep
|
|t:|1758257383
|switch|p1a: Which One|Latios, M, shiny|47/100
|turn|16
|
|t:|1758257386
|move|p2a: Walking Wake|Draco Meteor|p1a: Which One
|-supereffective|p1a: Which One
|-damage|p1a: Which One|0 fnt
|-unboost|p2a: Walking Wake|spa|2
|faint|p1a: Which One
|
|-sideend|p1: AP Precalculus|Reflect
|upkeep
|
|t:|1758257389
|switch|p1a: Kommoko's Basilisk|Kommo-o, M|100/100
|-damage|p1a: Kommoko's Basilisk|88/100|[from] Spikes
|turn|17
|
|t:|1758257396
|move|p2a: Walking Wake|Draco Meteor|p1a: Kommoko's Basilisk|[miss]
|-miss|p2a: Walking Wake|p1a: Kommoko's Basilisk
|move|p1a: Kommoko's Basilisk|Belly Drum|p1a: Kommoko's Basilisk
|-damage|p1a: Kommoko's Basilisk|38/100
|-setboost|p1a: Kommoko's Basilisk|atk|6|[from] move: Belly Drum
|
|upkeep
|turn|18
|
|t:|1758257404
|move|p2a: Walking Wake|Flip Turn|p1a: Kommoko's Basilisk
|-resisted|p1a: Kommoko's Basilisk
|-damage|p1a: Kommoko's Basilisk|31/100
|
|t:|1758257406
|-end|p2a: Walking Wake|Protosynthesis|[silent]
|switch|p2a: Ting-Lu|Ting-Lu|33/100|[from] Flip Turn
|-damage|p2a: Ting-Lu|27/100|[from] Stealth Rock
|-ability|p2a: Ting-Lu|Vessel of Ruin
|move|p1a: Kommoko's Basilisk|Drain Punch|p2a: Ting-Lu
|-supereffective|p2a: Ting-Lu
|-damage|p2a: Ting-Lu|0 fnt
|-heal|p1a: Kommoko's Basilisk|54/100|[from] drain|[of] p2a: Ting-Lu
|faint|p2a: Ting-Lu
|
|upkeep
|
|t:|1758257408
|switch|p2a: Walking Wake|Walking Wake|60/100
|-damage|p2a: Walking Wake|48/100|[from] Stealth Rock
|turn|19
|
|t:|1758257412
|move|p2a: Walking Wake|Draco Meteor|p1a: Kommoko's Basilisk
|-supereffective|p1a: Kommoko's Basilisk
|-damage|p1a: Kommoko's Basilisk|0 fnt
|-unboost|p2a: Walking Wake|spa|2
|faint|p1a: Kommoko's Basilisk
|
|win|The Burger
|raw|AP Precalculus's rating: 1401 &rarr; <strong>1382</strong><br />(-19 for losing)
|raw|The Burger's rating: 1416 &rarr; <strong>1435</strong><br />(+19 for winning)
|l|☆AP Precalculus
|player|p1|
