|j|☆mantikarp2.0
|j|☆KnightKnaveSpy
|t:|1758310356
|gametype|singles
|player|p1|mantikarp2.0|medium|1543
|player|p2|KnightKnaveSpy|1|1506
|gen|9
|tier|[Gen 9] OU
|rated|
|rule|HP Percentage Mod: HP is shown in percentages
|rule|Endless Battle Clause: Forcing endless battles is banned
|rule|Species Clause: Limit one of each Pokémon
|rule|OHKO Clause: OHKO moves are banned
|rule|Evasion Items Clause: Evasion items are banned
|rule|Evasion Moves Clause: Evasion moves are banned
|rule|Evasion Abilities Clause: Evasion abilities are banned
|rule|Sleep Moves Clause: Sleep-inducing moves are banned
|clearpoke
|poke|p1|Ribombee, M|
|poke|p1|Gholdengo|
|poke|p1|Great Tusk|
|poke|p1|Raging Bolt|
|poke|p1|Ogerpon-Cornerstone, F|
|poke|p1|Ceruledge, M|
|poke|p2|Samurott-Hisui, F|
|poke|p2|Blaziken, M|
|poke|p2|Kingambit, M|
|poke|p2|Raging Bolt|
|poke|p2|Ogerpon-Wellspring, F|
|poke|p2|Greninja-*, M|
|teampreview
|inactive|Battle timer is ON: inactive players will automatically lose when time's up. (requested by KnightKnaveSpy)
|
|t:|1758310373
|teamsize|p1|6
|teamsize|p2|6
|start
|switch|p1a: NEW DROP|Ribombee, M, shiny|100/100
|switch|p2a: Samurott|Samurott-Hisui, F|100/100
|turn|1
|
|t:|1758310377
|move|p1a: NEW DROP|Sticky Web|p2a: Samurott
|-sidestart|p2: KnightKnaveSpy|move: Sticky Web
|move|p2a: Samurott|Ceaseless Edge|p1a: NEW DROP
|-resisted|p1a: NEW DROP
|-damage|p1a: NEW DROP|53/100
|-sidestart|p1: mantikarp2.0|Spikes
|
|upkeep
|turn|2
|
|t:|1758310383
|move|p1a: NEW DROP|Moonblast|p2a: Samurott
|-supereffective|p2a: Samurott
|-enditem|p2a: Samurott|Focus Sash
|-damage|p2a: Samurott|1/100
|move|p2a: Samurott|Ceaseless Edge|p1a: NEW DROP
|-resisted|p1a: NEW DROP
|-damage|p1a: NEW DROP|11/100
|-sidestart|p1: mantikarp2.0|Spikes
|
|upkeep
|turn|3
|
|t:|1758310396
|move|p1a: NEW DROP|Moonblast|p2a: Samurott
|-supereffective|p2a: Samurott
|-damage|p2a: Samurott|0 fnt
|faint|p2a: Samurott
|
|upkeep
|
|t:|1758310403
|switch|p2a: Blaziken|Blaziken, M|100/100
|-activate|p2a: Blaziken|move: Sticky Web
|-unboost|p2a: Blaziken|spe|1
|turn|4
|
|t:|1758310412
|move|p1a: NEW DROP|Skill Swap|p2a: Blaziken
|-activate|p1a: NEW DROP|move: Skill Swap|Speed Boost|Shield Dust|[of] p2a: Blaziken
|move|p2a: Blaziken|Swords Dance|p2a: Blaziken
|-boost|p2a: Blaziken|atk|2
|
|-ability|p1a: NEW DROP|Speed Boost|boost
|-boost|p1a: NEW DROP|spe|1
|upkeep
|turn|5
|
|t:|1758310420
|move|p2a: Blaziken|Detect|p2a: Blaziken
|-singleturn|p2a: Blaziken|Protect
|move|p1a: NEW DROP|Psychic Noise|p2a: Blaziken
|-activate|p2a: Blaziken|move: Protect
|
|-ability|p1a: NEW DROP|Speed Boost|boost
|-boost|p1a: NEW DROP|spe|1
|upkeep
|turn|6
|
|t:|1758310424
|move|p1a: NEW DROP|Psychic Noise|p2a: Blaziken
|-supereffective|p2a: Blaziken
|-damage|p2a: Blaziken|39/100
|move|p2a: Blaziken|Flare Blitz|p1a: NEW DROP
|-supereffective|p1a: NEW DROP
|-damage|p1a: NEW DROP|0 fnt
|faint|p1a: NEW DROP
|-damage|p2a: Blaziken|36/100|[from] Recoil
|
|-heal|p2a: Blaziken|42/100|[from] item: Leftovers
|upkeep
|
|t:|1758310430
|switch|p1a: BANDIT|Great Tusk, shiny|100/100
|-damage|p1a: BANDIT|84/100|[from] Spikes
|-enditem|p1a: BANDIT|Booster Energy
|-activate|p1a: BANDIT|ability: Protosynthesis|[fromitem]
|-start|p1a: BANDIT|protosynthesisatk
|turn|7
|
|t:|1758310436
|move|p1a: BANDIT|Headlong Rush|p2a: Blaziken
|-supereffective|p2a: Blaziken
|-damage|p2a: Blaziken|0 fnt
|-unboost|p1a: BANDIT|def|1
|-unboost|p1a: BANDIT|spd|1
|faint|p2a: Blaziken
|
|upkeep
|
|t:|1758310445
|switch|p2a: Kingambit|Kingambit, M|100/100
|-activate|p2a: Kingambit|move: Sticky Web
|-unboost|p2a: Kingambit|spe|1
|-activate|p2a: Kingambit|ability: Supreme Overlord
|-start|p2a: Kingambit|fallen2|[silent]
|turn|8
|
|t:|1758310448
|-terastallize|p2a: Kingambit|Ghost
|move|p1a: BANDIT|Rapid Spin|p2a: Kingambit
|-immune|p2a: Kingambit
|move|p2a: Kingambit|Iron Head|p1a: BANDIT
|-damage|p1a: BANDIT|21/100
|
|upkeep
|turn|9
|
|t:|1758310454
|move|p2a: Kingambit|Sucker Punch|p1a: BANDIT
|-resisted|p1a: BANDIT
|-damage|p1a: BANDIT|0 fnt
|faint|p1a: BANDIT
|-end|p1a: BANDIT|Protosynthesis|[silent]
|
|upkeep
|
|t:|1758310457
|switch|p1a: KRYPTONITE|Gholdengo, shiny|100/100
|-item|p1a: KRYPTONITE|Air Balloon
|turn|10
|
|t:|1758310463
|-terastallize|p1a: KRYPTONITE|Fighting
|move|p2a: Kingambit|Sucker Punch|p1a: KRYPTONITE
|-resisted|p1a: KRYPTONITE
|-damage|p1a: KRYPTONITE|73/100
|-enditem|p1a: KRYPTONITE|Air Balloon
|move|p1a: KRYPTONITE|Shadow Ball|p2a: Kingambit
|-supereffective|p2a: Kingambit
|-damage|p2a: Kingambit|14/100
|
|-heal|p2a: Kingambit|20/100|[from] item: Leftovers
|upkeep
|turn|11
|
|t:|1758310473
|move|p2a: Kingambit|Sucker Punch||[still]
|-fail|p2a: Kingambit
|move|p1a: KRYPTONITE|Nasty Plot|p1a: KRYPTONITE
|-boost|p1a: KRYPTONITE|spa|2
|
|-heal|p2a: Kingambit|26/100|[from] item: Leftovers
|upkeep
|turn|12
|
|t:|1758310475
|move|p2a: Kingambit|Sucker Punch|p1a: KRYPTONITE
|-resisted|p1a: KRYPTONITE
|-damage|p1a: KRYPTONITE|46/100
|move|p1a: KRYPTONITE|Shadow Ball|p2a: Kingambit
|-supereffective|p2a: Kingambit
|-damage|p2a: Kingambit|0 fnt
|faint|p2a: Kingambit
|-end|p2a: Kingambit|fallen2|[silent]
|
|upkeep
|
|t:|1758310478
|switch|p2a: Raging Bolt|Raging Bolt|100/100
|-activate|p2a: Raging Bolt|move: Sticky Web
|-unboost|p2a: Raging Bolt|spe|1
|turn|13
|
|t:|1758310482
|move|p1a: KRYPTONITE|Shadow Ball|p2a: Raging Bolt
|-damage|p2a: Raging Bolt|26/100
|move|p2a: Raging Bolt|Thunderbolt|p1a: KRYPTONITE
|-damage|p1a: KRYPTONITE|0 fnt
|faint|p1a: KRYPTONITE
|
|-heal|p2a: Raging Bolt|32/100|[from] item: Leftovers
|upkeep
|
|t:|1758310488
|switch|p1a: GREAT NECK|Raging Bolt|100/100
|-damage|p1a: GREAT NECK|84/100|[from] Spikes
|-enditem|p1a: GREAT NECK|Booster Energy
|-activate|p1a: GREAT NECK|ability: Protosynthesis|[fromitem]
|-start|p1a: GREAT NECK|protosynthesisspa
|turn|14
|
|t:|1758310492
|move|p1a: GREAT NECK|Dragon Pulse|p2a: Raging Bolt
|-supereffective|p2a: Raging Bolt
|-damage|p2a: Raging Bolt|0 fnt
|faint|p2a: Raging Bolt
|-end|p2a: Raging Bolt|Protosynthesis|[silent]
|
|upkeep
|-message|KnightKnaveSpy forfeited.
|
|win|mantikarp2.0
|raw|mantikarp2.0's rating: 1543 &rarr; <strong>1561</strong><br />(+18 for winning)
|raw|KnightKnaveSpy's rating: 1506 &rarr; <strong>1488</strong><br />(-18 for losing)
|l|☆KnightKnaveSpy
|player|p2|
|l|☆mantikarp2.0
|player|p1|
