|j|☆Obito 2001
|j|☆lerendezvous
|t:|1758349590
|gametype|singles
|player|p1|Obito 2001|blue-gen3two|1734
|player|p2|lerendezvous|101|1717
|gen|9
|tier|[Gen 9] OU
|rated|
|rule|HP Percentage Mod: HP is shown in percentages
|rule|Endless Battle Clause: Forcing endless battles is banned
|rule|Species Clause: Limit one of each Pokémon
|rule|OHKO Clause: OHKO moves are banned
|rule|Evasion Items Clause: Evasion items are banned
|rule|Evasion Moves Clause: Evasion moves are banned
|rule|Evasion Abilities Clause: Evasion abilities are banned
|rule|Sleep Moves Clause: Sleep-inducing moves are banned
|clearpoke
|poke|p1|Heatran, M|
|poke|p1|Primarina, F|
|poke|p1|Great Tusk|
|poke|p1|Rillaboom, F|
|poke|p1|Ogerpon-Wellspring, F|
|poke|p1|Pecharunt|
|poke|p2|Ogerpon-Wellspring, F|
|poke|p2|Slowking-Galar, M|
|poke|p2|Great Tusk|
|poke|p2|Moltres|
|poke|p2|Dragapult, M|
|poke|p2|Kingambit, M|
|teampreview
|inactive|Battle timer is ON: inactive players will automatically lose when time's up. (requested by Obito 2001)
|inactive|lerendezvous also wants the timer to be on.
|
|t:|1758349610
|teamsize|p1|6
|teamsize|p2|6
|start
|switch|p1a: Minari|Primarina, F, shiny|100/100
|switch|p2a: Ogerpon|Ogerpon-Wellspring, F|100/100
|turn|1
|
|t:|1758349615
|switch|p1a: Heatran|Heatran, M, shiny|100/100
|move|p2a: Ogerpon|Knock Off|p1a: Heatran
|-damage|p1a: Heatran|69/100
|-status|p2a: Ogerpon|brn|[from] ability: Flame Body|[of] p1a: Heatran
|-enditem|p1a: Heatran|Leftovers|[from] move: Knock Off|[of] p2a: Ogerpon
|
|-damage|p2a: Ogerpon|95/100 brn|[from] brn
|upkeep
|turn|2
|
|t:|1758349623
|switch|p1a: Ban me|Ogerpon-Wellspring, F|100/100
|move|p2a: Ogerpon|Knock Off|p1a: Ban me
|-damage|p1a: Ban me|84/100
|
|-damage|p2a: Ogerpon|89/100 brn|[from] brn
|upkeep
|turn|3
|
|t:|1758349630
|move|p2a: Ogerpon|U-turn|p1a: Ban me
|-supereffective|p1a: Ban me
|-damage|p1a: Ban me|46/100
|
|t:|1758349635
|switch|p2a: Kingambit|Kingambit, M|100/100|[from] U-turn
|move|p1a: Ban me|U-turn|p2a: Kingambit
|-damage|p2a: Kingambit|78/100
|
|t:|1758349644
|switch|p1a: Mega Donphan|Great Tusk|100/100|[from] U-turn
|
|-heal|p2a: Kingambit|85/100|[from] item: Leftovers
|upkeep
|turn|4
|
|t:|1758349650
|-end|p2a: Kingambit|fallenundefined|[silent]
|switch|p2a: Moltres|Moltres|100/100
|move|p1a: Mega Donphan|Headlong Rush|p2a: Moltres
|-immune|p2a: Moltres
|
|upkeep
|turn|5
|
|t:|1758349654
|move|p1a: Mega Donphan|Stone Edge|p2a: Moltres
|-supereffective|p2a: Moltres
|-damage|p2a: Moltres|3/100
|move|p2a: Moltres|Flamethrower|p1a: Mega Donphan
|-damage|p1a: Mega Donphan|42/100
|
|upkeep
|turn|6
|
|t:|1758349661
|switch|p2a: Ogerpon|Ogerpon-Wellspring, F|89/100 brn
|move|p1a: Mega Donphan|Rapid Spin|p2a: Ogerpon
|-damage|p2a: Ogerpon|67/100 brn
|-boost|p1a: Mega Donphan|spe|1
|
|-damage|p2a: Ogerpon|61/100 brn|[from] brn
|upkeep
|turn|7
|
|t:|1758349666
|-end|p1a: Mega Donphan|Protosynthesis|[silent]
|switch|p1a: Ban me|Ogerpon-Wellspring, F|46/100
|move|p2a: Ogerpon|Power Whip|p1a: Ban me
|-damage|p1a: Ban me|0 fnt
|faint|p1a: Ban me
|
|-damage|p2a: Ogerpon|55/100 brn|[from] brn
|upkeep
|
|t:|1758349673
|switch|p1a: Rillaboom|Rillaboom, F|100/100
|-fieldstart|move: Grassy Terrain|[from] ability: Grassy Surge|[of] p1a: Rillaboom
|turn|8
|
|t:|1758349678
|move|p1a: Rillaboom|Grassy Glide|p2a: Ogerpon
|-damage|p2a: Ogerpon|5/100 brn
|move|p2a: Ogerpon|Knock Off|p1a: Rillaboom
|-damage|p1a: Rillaboom|81/100
|-enditem|p1a: Rillaboom|Terrain Extender|[from] move: Knock Off|[of] p2a: Ogerpon
|
|-heal|p2a: Ogerpon|11/100 brn|[from] Grassy Terrain
|-heal|p1a: Rillaboom|87/100|[from] Grassy Terrain
|-damage|p2a: Ogerpon|5/100 brn|[from] brn
|upkeep
|turn|9
|
|t:|1758349687
|move|p2a: Ogerpon|U-turn|p1a: Rillaboom
|-supereffective|p1a: Rillaboom
|-damage|p1a: Rillaboom|62/100
|
|t:|1758349693
|switch|p2a: Moltres|Moltres|3/100|[from] U-turn
|move|p1a: Rillaboom|U-turn|p2a: Moltres
|-resisted|p2a: Moltres
|-damage|p2a: Moltres|0 fnt
|-status|p1a: Rillaboom|brn|[from] ability: Flame Body|[of] p2a: Moltres
|faint|p2a: Moltres
|
|t:|1758349703
|switch|p1a: Mega Donphan|Great Tusk|42/100|[from] U-turn
|
|-heal|p1a: Mega Donphan|48/100|[from] Grassy Terrain
|upkeep
|
|t:|1758349708
|switch|p2a: Great Tusk|Great Tusk|100/100
|turn|10
|
|t:|1758349727
|move|p1a: Mega Donphan|Headlong Rush|p2a: Great Tusk
|-damage|p2a: Great Tusk|54/100
|-unboost|p1a: Mega Donphan|def|1
|-unboost|p1a: Mega Donphan|spd|1
|-damage|p1a: Mega Donphan|32/100|[from] item: Rocky Helmet|[of] p2a: Great Tusk
|move|p2a: Great Tusk|Stealth Rock|p1a: Mega Donphan
|-sidestart|p1: Obito 2001|move: Stealth Rock
|
|-heal|p1a: Mega Donphan|38/100|[from] Grassy Terrain
|-heal|p2a: Great Tusk|61/100|[from] Grassy Terrain
|upkeep
|turn|11
|
|t:|1758349736
|move|p2a: Great Tusk|Ice Spinner|p1a: Mega Donphan
|-supereffective|p1a: Mega Donphan
|-damage|p1a: Mega Donphan|0 fnt
|-fieldend|move: Grassy Terrain
|faint|p1a: Mega Donphan
|-end|p1a: Mega Donphan|Protosynthesis|[silent]
|
|upkeep
|
|t:|1758349746
|switch|p1a: Pecharunt|Pecharunt|100/100
|turn|12
|
|t:|1758349750
|move|p2a: Great Tusk|Headlong Rush|p1a: Pecharunt
|-supereffective|p1a: Pecharunt
|-damage|p1a: Pecharunt|40/100
|-unboost|p2a: Great Tusk|def|1
|-unboost|p2a: Great Tusk|spd|1
|move|p1a: Pecharunt|Shadow Ball|p2a: Great Tusk
|-damage|p2a: Great Tusk|0 fnt
|faint|p2a: Great Tusk
|-end|p2a: Great Tusk|Protosynthesis|[silent]
|
|upkeep
|
|t:|1758349757
|switch|p2a: Kingambit|Kingambit, M|85/100
|-activate|p2a: Kingambit|ability: Supreme Overlord
|-start|p2a: Kingambit|fallen2|[silent]
|turn|13
|
|t:|1758349763
|move|p1a: Pecharunt|Parting Shot|p2a: Kingambit
|-unboost|p2a: Kingambit|atk|1
|-unboost|p2a: Kingambit|spa|1
|
|t:|1758349765
|switch|p1a: Heatran|Heatran, M, shiny|69/100|[from] Parting Shot
|-damage|p1a: Heatran|57/100|[from] Stealth Rock
|move|p2a: Kingambit|Swords Dance|p2a: Kingambit
|-boost|p2a: Kingambit|atk|2
|
|-heal|p2a: Kingambit|91/100|[from] item: Leftovers
|upkeep
|turn|14
|
|t:|1758349769
|move|p1a: Heatran|Stealth Rock|p2a: Kingambit
|-sidestart|p2: lerendezvous|move: Stealth Rock
|move|p2a: Kingambit|Low Kick|p1a: Heatran
|-supereffective|p1a: Heatran
|-damage|p1a: Heatran|0 fnt
|faint|p1a: Heatran
|
|-heal|p2a: Kingambit|97/100|[from] item: Leftovers
|upkeep
|
|t:|1758349782
|switch|p1a: Minari|Primarina, F, shiny|100/100
|-damage|p1a: Minari|88/100|[from] Stealth Rock
|turn|15
|
|t:|1758349787
|move|p1a: Minari|Moonblast|p2a: Kingambit
|-damage|p2a: Kingambit|42/100
|move|p2a: Kingambit|Iron Head|p1a: Minari
|-damage|p1a: Minari|0 fnt
|faint|p1a: Minari
|
|-heal|p2a: Kingambit|48/100|[from] item: Leftovers
|upkeep
|-message|Obito 2001 forfeited.
|
|win|lerendezvous
|raw|Obito 2001's rating: 1734 &rarr; <strong>1713</strong><br />(-21 for losing)
|raw|lerendezvous's rating: 1717 &rarr; <strong>1738</strong><br />(+21 for winning)
|l|☆lerendezvous
|player|p2|
|l|☆Obito 2001
|player|p1|
