|j|☆totofunn
|j|☆panzershock
|t:|1758359622
|gametype|singles
|player|p1|totofunn|schoolkid-gen4|1137
|player|p2|panzershock|2|1066
|gen|9
|tier|[Gen 9] OU
|rated|
|rule|HP Percentage Mod: HP is shown in percentages
|rule|Endless Battle Clause: Forcing endless battles is banned
|rule|Species Clause: Limit one of each Pokémon
|rule|OHKO Clause: OHKO moves are banned
|rule|Evasion Items Clause: Evasion items are banned
|rule|Evasion Moves Clause: Evasion moves are banned
|rule|Evasion Abilities Clause: Evasion abilities are banned
|rule|Sleep Moves Clause: Sleep-inducing moves are banned
|clearpoke
|poke|p1|Dragapult, F|
|poke|p1|Primarina, F|
|poke|p1|Scizor, M|
|poke|p1|Decidueye-Hisui, F|
|poke|p1|Moltres-Galar|
|poke|p1|Typhlosion-Hisui, F|
|poke|p2|Mienshao, M|
|poke|p2|Bellibolt, F|
|poke|p2|Cinderace, M|
|poke|p2|Tsareena, F|
|poke|p2|Indeedee, M|
|poke|p2|Hydreigon, M|
|teampreview
|
|t:|1758359632
|teamsize|p1|6
|teamsize|p2|6
|start
|switch|p1a: Scizor|Scizor, M|100/100
|switch|p2a: Bellibolt|Bellibolt, F|100/100
|turn|1
|
|t:|1758359640
|move|p1a: Scizor|Swords Dance|p1a: Scizor
|-boost|p1a: Scizor|atk|2
|move|p2a: Bellibolt|Parabolic Charge|p1a: Scizor
|-damage|p1a: Scizor|70/100
|
|upkeep
|turn|2
|
|t:|1758359651
|-terastallize|p2a: Bellibolt|Electric
|move|p1a: Scizor|Swords Dance|p1a: Scizor
|-boost|p1a: Scizor|atk|2
|move|p2a: Bellibolt|Parabolic Charge|p1a: Scizor
|-damage|p1a: Scizor|32/100
|
|upkeep
|turn|3
|
|t:|1758359675
|switch|p2a: Tsareena|Tsareena, F|100/100
|move|p1a: Scizor|Bug Bite|p2a: Tsareena
|-supereffective|p2a: Tsareena
|-damage|p2a: Tsareena|0 fnt
|faint|p2a: Tsareena
|-damage|p1a: Scizor|22/100|[from] item: Life Orb
|
|upkeep
|
|t:|1758359680
|switch|p2a: Indeedee|Indeedee, M|100/100
|-fieldstart|move: Psychic Terrain|[from] ability: Psychic Surge|[of] p2a: Indeedee
|turn|4
|
|t:|1758359687
|move|p2a: Indeedee|Hyper Voice|p1a: Scizor
|-resisted|p1a: Scizor
|-damage|p1a: Scizor|0 fnt
|faint|p1a: Scizor
|
|upkeep
|
|t:|1758359695
|switch|p1a: Moltres|Moltres-Galar|100/100
|turn|5
|
|t:|1758359704
|move|p2a: Indeedee|Calm Mind|p2a: Indeedee
|-boost|p2a: Indeedee|spa|1
|-boost|p2a: Indeedee|spd|1
|move|p1a: Moltres|Nasty Plot|p1a: Moltres
|-boost|p1a: Moltres|spa|2
|-enditem|p2a: Indeedee|Mirror Herb
|-boost|p2a: Indeedee|spa|2|[from] item: Mirror Herb
|
|upkeep
|turn|6
|
|t:|1758359721
|move|p2a: Indeedee|Hyper Voice|p1a: Moltres
|-damage|p1a: Moltres|6/100
|-ability|p1a: Moltres|Berserk|boost
|-boost|p1a: Moltres|spa|1
|move|p1a: Moltres|Fiery Wrath|p2a: Indeedee
|-supereffective|p2a: Indeedee
|-damage|p2a: Indeedee|0 fnt
|faint|p2a: Indeedee
|
|upkeep
|
|t:|1758359733
|switch|p2a: Mienshao|Mienshao, M|100/100
|turn|7
|
|t:|1758359740
|move|p2a: Mienshao|U-turn|p1a: Moltres
|-damage|p1a: Moltres|0 fnt
|faint|p1a: Moltres
|
|t:|1758359754
|switch|p2a: Cinderace|Cinderace, M|100/100|[from] U-turn
|
|upkeep
|
|t:|1758359759
|switch|p1a: Typhlosion|Typhlosion-Hisui, F|100/100
|-item|p2a: Cinderace|Heavy-Duty Boots|[from] ability: Frisk|[of] p1a: Typhlosion
|turn|8
|
|t:|1758359773
|-terastallize|p1a: Typhlosion|Fire
|move|p2a: Cinderace|Pyro Ball|p1a: Typhlosion
|-resisted|p1a: Typhlosion
|-damage|p1a: Typhlosion|57/100
|move|p1a: Typhlosion|Eruption|p2a: Cinderace
|-resisted|p2a: Cinderace
|-damage|p2a: Cinderace|38/100
|
|-fieldend|move: Psychic Terrain
|upkeep
|turn|9
|
|t:|1758359783
|move|p2a: Cinderace|Pyro Ball|p1a: Typhlosion
|-resisted|p1a: Typhlosion
|-damage|p1a: Typhlosion|13/100
|move|p1a: Typhlosion|Eruption|p2a: Cinderace
|-resisted|p2a: Cinderace
|-damage|p2a: Cinderace|24/100
|
|upkeep
|turn|10
|
|t:|1758359793
|move|p2a: Cinderace|Pyro Ball|p1a: Typhlosion
|-resisted|p1a: Typhlosion
|-damage|p1a: Typhlosion|0 fnt
|faint|p1a: Typhlosion
|
|upkeep
|
|t:|1758359799
|switch|p1a: Primarina|Primarina, F|100/100
|turn|11
|
|t:|1758359809
|move|p2a: Cinderace|Gunk Shot|p1a: Primarina
|-start|p2a: Cinderace|typechange|Poison|[from] ability: Libero
|-supereffective|p1a: Primarina
|-damage|p1a: Primarina|0 fnt
|faint|p1a: Primarina
|
|upkeep
|
|t:|1758359815
|switch|p1a: Dragapult|Dragapult, F|100/100
|turn|12
|
|t:|1758359822
|move|p1a: Dragapult|Dragon Darts|p2a: Cinderace
|-damage|p2a: Cinderace|0 fnt
|faint|p2a: Cinderace
|-damage|p1a: Dragapult|91/100|[from] item: Life Orb
|
|upkeep
|
|t:|1758359827
|switch|p2a: Bellibolt|Bellibolt, F, tera:Electric|100/100
|turn|13
|
|t:|1758359831
|move|p1a: Dragapult|Dragon Dance|p1a: Dragapult
|-boost|p1a: Dragapult|atk|1
|-boost|p1a: Dragapult|spe|1
|move|p2a: Bellibolt|Toxic|p1a: Dragapult
|-status|p1a: Dragapult|tox
|
|-damage|p1a: Dragapult|85/100 tox|[from] psn
|upkeep
|turn|14
|
|t:|1758359838
|move|p1a: Dragapult|Phantom Force||[still]
|-prepare|p1a: Dragapult|Phantom Force
|move|p2a: Bellibolt|Parabolic Charge|p1a: Dragapult|[miss]
|-miss|p2a: Bellibolt|p1a: Dragapult
|
|-damage|p1a: Dragapult|73/100 tox|[from] psn
|upkeep
|turn|15
|
|t:|1758359850
|switch|p2a: Hydreigon|Hydreigon, M|100/100
|move|p1a: Dragapult|Phantom Force|p2a: Hydreigon|[from] lockedmove
|-resisted|p2a: Hydreigon
|-damage|p2a: Hydreigon|42/100
|-enditem|p2a: Hydreigon|Kee Berry|[eat]
|-boost|p2a: Hydreigon|def|1|[from] item: Kee Berry
|-damage|p1a: Dragapult|63/100 tox|[from] item: Life Orb
|
|-damage|p1a: Dragapult|45/100 tox|[from] psn
|upkeep
|turn|16
|
|t:|1758359871
|switch|p2a: Mienshao|Mienshao, M|100/100
|move|p1a: Dragapult|Dragon Darts|p2a: Mienshao
|-damage|p2a: Mienshao|0 fnt
|faint|p2a: Mienshao
|-damage|p1a: Dragapult|35/100 tox|[from] item: Life Orb
|
|-damage|p1a: Dragapult|11/100 tox|[from] psn
|upkeep
|
|t:|1758359879
|switch|p2a: Bellibolt|Bellibolt, F, tera:Electric|100/100
|turn|17
|
|t:|1758359883
|move|p2a: Bellibolt|Protect|p2a: Bellibolt
|-singleturn|p2a: Bellibolt|Protect
|move|p1a: Dragapult|Dragon Darts|p2a: Bellibolt
|-activate|p2a: Bellibolt|move: Protect
|
|-damage|p1a: Dragapult|0 fnt|[from] psn
|faint|p1a: Dragapult
|upkeep
|
|t:|1758359890
|switch|p1a: Decidueye|Decidueye-Hisui, F|100/100
|turn|18
|
|t:|1758359896
|move|p1a: Decidueye|Swords Dance|p1a: Decidueye
|-boost|p1a: Decidueye|atk|2
|move|p2a: Bellibolt|Toxic|p1a: Decidueye
|-status|p1a: Decidueye|tox
|
|-damage|p1a: Decidueye|95/100 tox|[from] psn
|upkeep
|turn|19
|
|t:|1758359905
|move|p1a: Decidueye|Triple Arrows|p2a: Bellibolt
|-damage|p2a: Bellibolt|47/100
|-start|p2a: Bellibolt|Charge|Triple Arrows|[from] ability: Electromorphosis
|move|p2a: Bellibolt|Parabolic Charge|p1a: Decidueye
|-resisted|p1a: Decidueye
|-damage|p1a: Decidueye|63/100 tox
|-heal|p2a: Bellibolt|59/100|[from] drain|[of] p1a: Decidueye
|-end|p2a: Bellibolt|Charge|[silent]
|
|-heal|p1a: Decidueye|69/100 tox|[from] item: Leftovers
|-heal|p2a: Bellibolt|65/100|[from] item: Leftovers
|-damage|p1a: Decidueye|57/100 tox|[from] psn
|upkeep
|turn|20
|
|t:|1758359920
|move|p2a: Bellibolt|Protect|p2a: Bellibolt
|-singleturn|p2a: Bellibolt|Protect
|move|p1a: Decidueye|Triple Arrows|p2a: Bellibolt
|-activate|p2a: Bellibolt|move: Protect
|
|-heal|p1a: Decidueye|63/100 tox|[from] item: Leftovers
|-heal|p2a: Bellibolt|72/100|[from] item: Leftovers
|-damage|p1a: Decidueye|45/100 tox|[from] psn
|upkeep
|turn|21
|
|t:|1758359930
|move|p1a: Decidueye|Triple Arrows|p2a: Bellibolt
|-crit|p2a: Bellibolt
|-damage|p2a: Bellibolt|0 fnt
|faint|p2a: Bellibolt
|
|-heal|p1a: Decidueye|51/100 tox|[from] item: Leftovers
|-damage|p1a: Decidueye|27/100 tox|[from] psn
|upkeep
|
|t:|1758359937
|switch|p2a: Hydreigon|Hydreigon, M|42/100
|turn|22
|
|t:|1758359943
|move|p1a: Decidueye|Sucker Punch|p2a: Hydreigon
|-resisted|p2a: Hydreigon
|-damage|p2a: Hydreigon|17/100
|move|p2a: Hydreigon|Flamethrower|p1a: Decidueye
|-supereffective|p1a: Decidueye
|-damage|p1a: Decidueye|0 fnt
|faint|p1a: Decidueye
|
|win|panzershock
|raw|totofunn's rating: 1137 &rarr; <strong>1107</strong><br />(-30 for losing)
|raw|panzershock's rating: 1066 &rarr; <strong>1102</strong><br />(+36 for winning)
|l|☆totofunn
|player|p1|
|l|☆panzershock
|player|p2|
