|j|☆john webs
|j|☆Gallame142857
|t:|1758300130
|gametype|singles
|player|p1|john webs|parasollady|1206
|player|p2|Gallame142857|lady|1167
|gen|9
|tier|[Gen 9] OU
|rated|
|rule|HP Percentage Mod: HP is shown in percentages
|rule|Endless Battle Clause: Forcing endless battles is banned
|rule|Species Clause: Limit one of each Pokémon
|rule|OHKO Clause: OHKO moves are banned
|rule|Evasion Items Clause: Evasion items are banned
|rule|Evasion Moves Clause: Evasion moves are banned
|rule|Evasion Abilities Clause: Evasion abilities are banned
|rule|Sleep Moves Clause: Sleep-inducing moves are banned
|clearpoke
|poke|p1|Ribombee, M|
|poke|p1|Samurott-Hisui, F|
|poke|p1|Ogerpon-Wellspring, F|
|poke|p1|Raging Bolt|
|poke|p1|Scizor, F|
|poke|p1|Rotom|
|poke|p2|Toucannon, F|
|poke|p2|Gallade, M|
|poke|p2|Bellibolt, F|
|poke|p2|Pecharunt|
|poke|p2|Volcanion|
|poke|p2|Lokix, M|
|teampreview
|inactive|Battle timer is ON: inactive players will automatically lose when time's up. (requested by Gallame142857)
|
|t:|1758300165
|teamsize|p1|6
|teamsize|p2|6
|start
|switch|p1a: Ribombee|Ribombee, M|100/100
|switch|p2a: Toucannon|Toucannon, F|100/100
|turn|1
|
|t:|1758300175
|-singleturn|p2a: Toucannon|move: Beak Blast
|move|p1a: Ribombee|Sticky Web|p2a: Toucannon
|-sidestart|p2: Gallame142857|move: Sticky Web
|move|p2a: Toucannon|Beak Blast|p1a: Ribombee
|-supereffective|p1a: Ribombee
|-damage|p1a: Ribombee|0 fnt
|faint|p1a: Ribombee
|
|upkeep
|
|t:|1758300181
|switch|p1a: Rotom|Rotom|100/100
|turn|2
|
|t:|1758300184
|switch|p2a: Bellibolt|Bellibolt, F|100/100
|move|p1a: Rotom|Nasty Plot|p1a: Rotom
|-boost|p1a: Rotom|spa|2
|
|upkeep
|turn|3
|
|t:|1758300189
|move|p1a: Rotom|Nasty Plot|p1a: Rotom
|-boost|p1a: Rotom|spa|2
|move|p2a: Bellibolt|Toxic|p1a: Rotom
|-status|p1a: Rotom|tox
|
|-damage|p1a: Rotom|94/100 tox|[from] psn
|upkeep
|turn|4
|
|t:|1758300195
|move|p1a: Rotom|Shadow Ball|p2a: Bellibolt
|-damage|p2a: Bellibolt|11/100
|-start|p2a: Bellibolt|Charge|Shadow Ball|[from] ability: Electromorphosis
|move|p2a: Bellibolt|Volt Switch|p1a: Rotom
|-resisted|p1a: Rotom
|-damage|p1a: Rotom|49/100 tox
|-end|p2a: Bellibolt|Charge|[silent]
|
|t:|1758300202
|switch|p2a: Lokix|Lokix, M|100/100|[from] Volt Switch
|
|-heal|p1a: Rotom|55/100 tox|[from] item: Leftovers
|-damage|p1a: Rotom|42/100 tox|[from] psn
|upkeep
|turn|5
|
|t:|1758300208
|-terastallize|p2a: Lokix|Bug
|move|p2a: Lokix|First Impression|p1a: Rotom
|-resisted|p1a: Rotom
|-damage|p1a: Rotom|0 fnt
|faint|p1a: Rotom
|
|upkeep
|
|t:|1758300213
|switch|p1a: Scizor|Scizor, F|100/100
|turn|6
|
|t:|1758300217
|switch|p2a: Volcanion|Volcanion|100/100
|move|p1a: Scizor|Swords Dance|p1a: Scizor
|-boost|p1a: Scizor|atk|2
|
|upkeep
|turn|7
|
|t:|1758300222
|switch|p1a: Raging Bolt|Raging Bolt|100/100
|-enditem|p1a: Raging Bolt|Booster Energy
|-activate|p1a: Raging Bolt|ability: Protosynthesis|[fromitem]
|-start|p1a: Raging Bolt|protosynthesisspa
|move|p2a: Volcanion|Flamethrower|p1a: Raging Bolt
|-resisted|p1a: Raging Bolt
|-damage|p1a: Raging Bolt|84/100
|
|upkeep
|turn|8
|
|t:|1758300230
|switch|p2a: Pecharunt|Pecharunt|100/100
|move|p1a: Raging Bolt|Calm Mind|p1a: Raging Bolt
|-boost|p1a: Raging Bolt|spa|1
|-boost|p1a: Raging Bolt|spd|1
|
|upkeep
|turn|9
|
|t:|1758300235
|move|p1a: Raging Bolt|Thunderbolt|p2a: Pecharunt
|-damage|p2a: Pecharunt|28/100
|move|p2a: Pecharunt|Malignant Chain|p1a: Raging Bolt
|-damage|p1a: Raging Bolt|66/100
|-status|p1a: Raging Bolt|tox
|-start|p1a: Raging Bolt|confusion|[from] ability: Poison Puppeteer|[of] p2a: Pecharunt
|
|-damage|p1a: Raging Bolt|59/100 tox|[from] psn
|upkeep
|turn|10
|
|t:|1758300244
|-activate|p1a: Raging Bolt|confusion
|move|p1a: Raging Bolt|Thunderbolt|p2a: Pecharunt
|-damage|p2a: Pecharunt|0 fnt
|faint|p2a: Pecharunt
|
|-damage|p1a: Raging Bolt|47/100 tox|[from] psn
|upkeep
|
|t:|1758300249
|switch|p2a: Lokix|Lokix, M, tera:Bug|100/100
|turn|11
|
|t:|1758300253
|move|p2a: Lokix|First Impression|p1a: Raging Bolt
|-damage|p1a: Raging Bolt|0 fnt
|faint|p1a: Raging Bolt
|-end|p1a: Raging Bolt|Protosynthesis|[silent]
|
|upkeep
|
|t:|1758300257
|switch|p1a: Scizor|Scizor, F|100/100
|turn|12
|
|t:|1758300261
|move|p2a: Lokix|U-turn|p1a: Scizor
|-resisted|p1a: Scizor
|-damage|p1a: Scizor|50/100
|
|t:|1758300264
|switch|p2a: Toucannon|Toucannon, F|100/100|[from] U-turn
|move|p1a: Scizor|Knock Off|p2a: Toucannon
|-damage|p2a: Toucannon|61/100
|-enditem|p2a: Toucannon|Heavy-Duty Boots|[from] move: Knock Off|[of] p1a: Scizor
|-damage|p1a: Scizor|40/100|[from] item: Life Orb
|
|upkeep
|turn|13
|
|t:|1758300271
|-singleturn|p2a: Toucannon|move: Beak Blast
|move|p1a: Scizor|Close Combat|p2a: Toucannon
|-damage|p2a: Toucannon|13/100
|-status|p1a: Scizor|brn
|-unboost|p1a: Scizor|def|1
|-unboost|p1a: Scizor|spd|1
|-damage|p1a: Scizor|30/100 brn|[from] item: Life Orb
|move|p2a: Toucannon|Beak Blast|p1a: Scizor
|-damage|p1a: Scizor|0 fnt
|faint|p1a: Scizor
|
|upkeep
|-message|john webs forfeited.
|
|win|Gallame142857
|raw|john webs's rating: 1206 &rarr; <strong>1178</strong><br />(-28 for losing)
|raw|Gallame142857's rating: 1167 &rarr; <strong>1195</strong><br />(+28 for winning)
|l|☆john webs
|player|p1|
|l|☆Gallame142857
|player|p2|
