|j|☆venzapen
|j|☆C2203
|t:|1758302844
|gametype|singles
|player|p1|venzapen|265|1231
|player|p2|C2203|102|1203
|gen|9
|tier|[Gen 9] OU
|rated|
|rule|HP Percentage Mod: HP is shown in percentages
|rule|Endless Battle Clause: Forcing endless battles is banned
|rule|Species Clause: Limit one of each Pokémon
|rule|OHKO Clause: OHKO moves are banned
|rule|Evasion Items Clause: Evasion items are banned
|rule|Evasion Moves Clause: Evasion moves are banned
|rule|Evasion Abilities Clause: Evasion abilities are banned
|rule|Sleep Moves Clause: Sleep-inducing moves are banned
|clearpoke
|poke|p1|Clodsire, F|
|poke|p1|Dondozo, F|
|poke|p1|Alomomola, F|
|poke|p1|Talonflame, F|
|poke|p1|Toxapex, M|
|poke|p1|Blissey, F|
|poke|p2|Fezandipiti, M|
|poke|p2|Weezing, M|
|poke|p2|Toxapex, M|
|poke|p2|Muk-Alola, M|
|poke|p2|Dragalge, M|
|poke|p2|Vileplume, M|
|teampreview
|
|t:|1758302855
|teamsize|p1|6
|teamsize|p2|6
|start
|switch|p1a: Toxapex|Toxapex, M|100/100
|switch|p2a: Weezing|Weezing, M, shiny|100/100
|turn|1
|
|t:|1758302864
|switch|p2a: Vileplume|Vileplume, M|100/100
|move|p1a: Toxapex|Infestation|p2a: Vileplume
|-damage|p2a: Vileplume|98/100
|-activate|p2a: Vileplume|move: Infestation|[of] p1a: Toxapex
|
|-heal|p2a: Vileplume|100/100|[from] item: Leftovers
|-damage|p2a: Vileplume|88/100|[from] move: Infestation|[partiallytrapped]
|upkeep
|turn|2
|
|t:|1758302872
|move|p2a: Vileplume|Leech Seed|p1a: Toxapex
|-start|p1a: Toxapex|move: Leech Seed
|move|p1a: Toxapex|Haze|p1a: Toxapex
|-clearallboost
|
|-heal|p2a: Vileplume|94/100|[from] item: Leftovers
|-damage|p1a: Toxapex|88/100|[from] Leech Seed|[of] p2a: Vileplume
|-heal|p2a: Vileplume|100/100|[silent]
|-damage|p2a: Vileplume|88/100|[from] move: Infestation|[partiallytrapped]
|upkeep
|turn|3
|
|t:|1758302884
|switch|p1a: Blissey|Blissey, F|100/100
|move|p2a: Vileplume|Strength Sap|p1a: Blissey
|-unboost|p1a: Blissey|atk|1
|-heal|p2a: Vileplume|95/100
|
|-heal|p2a: Vileplume|100/100|[from] item: Leftovers
|-end|p2a: Vileplume|Infestation|[partiallytrapped]|[silent]
|upkeep
|turn|4
|
|t:|1758302895
|move|p1a: Blissey|Stealth Rock|p2a: Vileplume
|-sidestart|p2: C2203|move: Stealth Rock
|move|p2a: Vileplume|Leech Seed|p1a: Blissey
|-start|p1a: Blissey|move: Leech Seed
|
|-damage|p1a: Blissey|88/100|[from] Leech Seed|[of] p2a: Vileplume
|upkeep
|turn|5
|
|t:|1758302902
|switch|p1a: Toxapex|Toxapex, M|100/100
|switch|p2a: Muk|Muk-Alola, M, shiny|100/100
|-damage|p2a: Muk|88/100|[from] Stealth Rock
|
|upkeep
|turn|6
|inactive|Battle timer is ON: inactive players will automatically lose when time's up. (requested by C2203)
|
|t:|1758302908
|move|p2a: Muk|Knock Off|p1a: Toxapex
|-damage|p1a: Toxapex|75/100
|-enditem|p1a: Toxapex|Heavy-Duty Boots|[from] move: Knock Off|[of] p2a: Muk
|move|p1a: Toxapex|Infestation|p2a: Muk
|-damage|p2a: Muk|87/100
|-activate|p2a: Muk|move: Infestation|[of] p1a: Toxapex
|
|-damage|p2a: Muk|74/100|[from] move: Infestation|[partiallytrapped]
|upkeep
|turn|7
|
|t:|1758302925
|move|p2a: Muk|Knock Off|p1a: Toxapex
|-damage|p1a: Toxapex|56/100
|move|p1a: Toxapex|Recover|p1a: Toxapex
|-heal|p1a: Toxapex|100/100
|
|-damage|p2a: Muk|62/100|[from] move: Infestation|[partiallytrapped]
|upkeep
|turn|8
|
|t:|1758302936
|move|p2a: Muk|Gunk Shot|p1a: Toxapex
|-resisted|p1a: Toxapex
|-damage|p1a: Toxapex|84/100
|move|p1a: Toxapex|Haze|p1a: Toxapex
|-clearallboost
|
|-damage|p2a: Muk|49/100|[from] move: Infestation|[partiallytrapped]
|upkeep
|turn|9
|
|t:|1758302945
|move|p2a: Muk|Drain Punch|p1a: Toxapex
|-resisted|p1a: Toxapex
|-damage|p1a: Toxapex|76/100
|-heal|p2a: Muk|52/100|[from] drain|[of] p1a: Toxapex
|move|p1a: Toxapex|Haze|p1a: Toxapex
|-clearallboost
|
|-damage|p2a: Muk|40/100|[from] move: Infestation|[partiallytrapped]
|upkeep
|turn|10
|
|t:|1758302954
|move|p2a: Muk|Drain Punch|p1a: Toxapex
|-resisted|p1a: Toxapex
|-damage|p1a: Toxapex|70/100
|-heal|p2a: Muk|43/100|[from] drain|[of] p1a: Toxapex
|move|p1a: Toxapex|Infestation|p2a: Muk
|-damage|p2a: Muk|41/100
|
|-damage|p2a: Muk|29/100|[from] move: Infestation|[partiallytrapped]
|upkeep
|turn|11
|
|t:|1758302962
|move|p2a: Muk|Drain Punch|p1a: Toxapex
|-resisted|p1a: Toxapex
|-damage|p1a: Toxapex|64/100
|-heal|p2a: Muk|31/100|[from] drain|[of] p1a: Toxapex
|move|p1a: Toxapex|Infestation|p2a: Muk
|-damage|p2a: Muk|30/100
|
|-end|p2a: Muk|Infestation|[partiallytrapped]
|upkeep
|turn|12
|
|t:|1758302971
|switch|p2a: Vileplume|Vileplume, M|100/100
|-damage|p2a: Vileplume|88/100|[from] Stealth Rock
|move|p1a: Toxapex|Infestation|p2a: Vileplume
|-damage|p2a: Vileplume|86/100
|-activate|p2a: Vileplume|move: Infestation|[of] p1a: Toxapex
|
|-heal|p2a: Vileplume|92/100|[from] item: Leftovers
|-damage|p2a: Vileplume|80/100|[from] move: Infestation|[partiallytrapped]
|upkeep
|turn|13
|
|t:|1758302982
|switch|p1a: Blissey|Blissey, F|88/100
|move|p2a: Vileplume|Leech Seed|p1a: Blissey
|-start|p1a: Blissey|move: Leech Seed
|
|-heal|p2a: Vileplume|86/100|[from] item: Leftovers
|-damage|p1a: Blissey|76/100|[from] Leech Seed|[of] p2a: Vileplume
|-heal|p2a: Vileplume|100/100|[silent]
|-end|p2a: Vileplume|Infestation|[partiallytrapped]|[silent]
|upkeep
|turn|14
|inactive|venzapen has 120 seconds left.
|
|t:|1758303018
|move|p1a: Blissey|Seismic Toss|p2a: Vileplume
|-damage|p2a: Vileplume|70/100
|move|p2a: Vileplume|Giga Drain|p1a: Blissey
|-damage|p1a: Blissey|67/100
|-heal|p2a: Vileplume|79/100|[from] drain|[of] p1a: Blissey
|
|-heal|p2a: Vileplume|85/100|[from] item: Leftovers
|-damage|p1a: Blissey|55/100|[from] Leech Seed|[of] p2a: Vileplume
|-heal|p2a: Vileplume|100/100|[silent]
|upkeep
|turn|15
|inactive|venzapen has 120 seconds left.
|
|t:|1758303030
|move|p1a: Blissey|Soft-Boiled|p1a: Blissey
|-heal|p1a: Blissey|100/100
|move|p2a: Vileplume|Sludge Wave|p1a: Blissey
|-damage|p1a: Blissey|90/100
|
|-damage|p1a: Blissey|78/100|[from] Leech Seed|[of] p2a: Vileplume
|upkeep
|turn|16
|
|t:|1758303038
|switch|p2a: Muk|Muk-Alola, M, shiny|30/100
|-damage|p2a: Muk|18/100|[from] Stealth Rock
|move|p1a: Blissey|Seismic Toss|p2a: Muk
|-damage|p2a: Muk|0 fnt
|faint|p2a: Muk
|
|upkeep
|
|t:|1758303047
|switch|p2a: Fezandipiti|Fezandipiti, M|100/100
|-damage|p2a: Fezandipiti|88/100|[from] Stealth Rock
|turn|17
|
|t:|1758303056
|switch|p1a: Toxapex|Toxapex, M|97/100
|-terastallize|p2a: Fezandipiti|Flying
|move|p2a: Fezandipiti|Brave Bird|p1a: Toxapex
|-damage|p1a: Toxapex|54/100
|-damage|p2a: Fezandipiti|75/100|[from] Recoil
|
|upkeep
|turn|18
|
|t:|1758303074
|move|p2a: Fezandipiti|Brave Bird|p1a: Toxapex
|-damage|p1a: Toxapex|8/100
|-damage|p2a: Fezandipiti|60/100|[from] Recoil
|move|p1a: Toxapex|Toxic|p2a: Fezandipiti
|-status|p2a: Fezandipiti|tox
|
|-damage|p2a: Fezandipiti|54/100 tox|[from] psn
|upkeep
|turn|19
|
|t:|1758303082
|switch|p1a: Alomomola|Alomomola, F|100/100
|move|p2a: Fezandipiti|Brave Bird|p1a: Alomomola
|-damage|p1a: Alomomola|60/100
|-damage|p2a: Fezandipiti|32/100 tox|[from] Recoil
|
|-damage|p2a: Fezandipiti|20/100 tox|[from] psn
|upkeep
|turn|20
|
|t:|1758303090
|switch|p2a: Vileplume|Vileplume, M|100/100
|-damage|p2a: Vileplume|88/100|[from] Stealth Rock
|move|p1a: Alomomola|Wish|p1a: Alomomola
|
|-heal|p2a: Vileplume|94/100|[from] item: Leftovers
|upkeep
|turn|21
|
|t:|1758303098
|switch|p2a: Fezandipiti|Fezandipiti, M, tera:Flying|20/100 tox
|-damage|p2a: Fezandipiti|0 fnt|[from] Stealth Rock
|faint|p2a: Fezandipiti
|switch|p1a: Toxapex|Toxapex, M|41/100
|
|-heal|p1a: Toxapex|100/100|[from] move: Wish|[wisher] Alomomola
|upkeep
|-message|C2203 forfeited.
|
|win|venzapen
|raw|venzapen's rating: 1231 &rarr; <strong>1254</strong><br />(+23 for winning)
|raw|C2203's rating: 1203 &rarr; <strong>1180</strong><br />(-23 for losing)
|l|☆C2203
|player|p2|
|l|☆venzapen
|player|p1|
