|j|☆HotWalnuts
|j|‽six10lol
|t:|1758309546
|gametype|singles
|player|p1|HotWalnuts|266|1549
|player|p2|six10lol|pokekid|1568
|gen|9
|tier|[Gen 9] OU
|rated|
|rule|HP Percentage Mod: HP is shown in percentages
|rule|Endless Battle Clause: Forcing endless battles is banned
|rule|Species Clause: Limit one of each Pokémon
|rule|OHKO Clause: OHKO moves are banned
|rule|Evasion Items Clause: Evasion items are banned
|rule|Evasion Moves Clause: Evasion moves are banned
|rule|Evasion Abilities Clause: Evasion abilities are banned
|rule|Sleep Moves Clause: Sleep-inducing moves are banned
|clearpoke
|poke|p1|Gholdengo|
|poke|p1|Zamazenta-*|
|poke|p1|Ting-Lu|
|poke|p1|Clefable, F|
|poke|p1|Dragonite, M|
|poke|p1|Deoxys-Speed|
|poke|p2|Ursaluna, M|
|poke|p2|Cresselia, F|
|poke|p2|Kingambit, M|
|poke|p2|Volcanion|
|poke|p2|Hatterene, F|
|poke|p2|Porygon2|
|teampreview
|inactive|Battle timer is ON: inactive players will automatically lose when time's up. (requested by six10lol)
|inactive|HotWalnuts has 120 seconds left.
|inactive|six10lol has 120 seconds left.
|
|t:|1758309600
|teamsize|p1|6
|teamsize|p2|6
|start
|switch|p1a: Gholdengo|Gholdengo|100/100
|switch|p2a: Volcanion|Volcanion|100/100
|turn|1
|
|t:|1758309605
|switch|p1a: Dragonite|Dragonite, M|100/100
|move|p2a: Volcanion|Steam Eruption|p1a: Dragonite
|-resisted|p1a: Dragonite
|-damage|p1a: Dragonite|80/100
|
|upkeep
|turn|2
|
|t:|1758309611
|move|p1a: Dragonite|Earthquake|p2a: Volcanion
|-supereffective|p2a: Volcanion
|-damage|p2a: Volcanion|40/100
|move|p2a: Volcanion|Steam Eruption|p1a: Dragonite
|-resisted|p1a: Dragonite
|-damage|p1a: Dragonite|41/100
|-status|p1a: Dragonite|brn
|
|-damage|p1a: Dragonite|35/100 brn|[from] brn
|upkeep
|turn|3
|
|t:|1758309626
|switch|p2a: Porygon2|Porygon2|100/100
|-ability|p2a: Porygon2|Download|boost
|-boost|p2a: Porygon2|atk|1
|move|p1a: Dragonite|Roost|p1a: Dragonite
|-heal|p1a: Dragonite|85/100 brn
|-singleturn|p1a: Dragonite|move: Roost
|
|-damage|p1a: Dragonite|79/100 brn|[from] brn
|upkeep
|turn|4
|
|t:|1758309636
|switch|p1a: Ting-Lu|Ting-Lu|100/100
|-ability|p1a: Ting-Lu|Vessel of Ruin
|move|p2a: Porygon2|Trick Room|p2a: Porygon2
|-fieldstart|move: Trick Room|[of] p2a: Porygon2
|
|upkeep
|turn|5
|
|t:|1758309646
|switch|p2a: Ursaluna|Ursaluna, M|100/100
|move|p1a: Ting-Lu|Ruination|p2a: Ursaluna|[miss]
|-miss|p1a: Ting-Lu|p2a: Ursaluna
|
|-status|p2a: Ursaluna|brn|[from] item: Flame Orb
|upkeep
|turn|6
|
|t:|1758309655
|move|p2a: Ursaluna|Facade|p1a: Ting-Lu
|-damage|p1a: Ting-Lu|26/100
|move|p1a: Ting-Lu|Ruination|p2a: Ursaluna
|-damage|p2a: Ursaluna|50/100 brn
|
|-heal|p1a: Ting-Lu|32/100|[from] item: Leftovers
|-damage|p2a: Ursaluna|44/100 brn|[from] brn
|upkeep
|turn|7
|
|t:|1758309667
|move|p2a: Ursaluna|Headlong Rush|p1a: Ting-Lu
|-damage|p1a: Ting-Lu|0 fnt
|-unboost|p2a: Ursaluna|def|1
|-unboost|p2a: Ursaluna|spd|1
|faint|p1a: Ting-Lu
|
|-damage|p2a: Ursaluna|38/100 brn|[from] brn
|upkeep
|
|t:|1758309678
|switch|p1a: Dragonite|Dragonite, M|79/100 brn
|turn|8
|
|t:|1758309686
|move|p1a: Dragonite|Extreme Speed|p2a: Ursaluna
|-damage|p2a: Ursaluna|20/100 brn
|move|p2a: Ursaluna|Headlong Rush|p1a: Dragonite
|-immune|p1a: Dragonite
|
|-damage|p2a: Ursaluna|14/100 brn|[from] brn
|-damage|p1a: Dragonite|73/100 brn|[from] brn
|-fieldend|move: Trick Room
|upkeep
|turn|9
|
|t:|1758309697
|switch|p2a: Porygon2|Porygon2|100/100
|-ability|p2a: Porygon2|Download|boost
|-boost|p2a: Porygon2|atk|1
|move|p1a: Dragonite|Dragon Tail|p2a: Porygon2
|-damage|p2a: Porygon2|90/100
|drag|p2a: Cresselia|Cresselia, F, shiny|100/100
|
|-damage|p1a: Dragonite|67/100 brn|[from] brn
|upkeep
|turn|10
|
|t:|1758309709
|switch|p1a: Gholdengo|Gholdengo|100/100
|move|p2a: Cresselia|Moonblast|p1a: Gholdengo
|-resisted|p1a: Gholdengo
|-damage|p1a: Gholdengo|93/100
|
|upkeep
|turn|11
|
|t:|1758309715
|move|p1a: Gholdengo|Nasty Plot|p1a: Gholdengo
|-boost|p1a: Gholdengo|spa|2
|move|p2a: Cresselia|Trick Room|p2a: Cresselia
|-fieldstart|move: Trick Room|[of] p2a: Cresselia
|
|upkeep
|turn|12
|
|t:|1758309720
|move|p2a: Cresselia|Lunar Dance|p2a: Cresselia
|faint|p2a: Cresselia
|move|p1a: Gholdengo|Recover|p1a: Gholdengo
|-heal|p1a: Gholdengo|100/100
|
|upkeep
|
|t:|1758309740
|switch|p2a: Ursaluna|Ursaluna, M|14/100 brn
|-heal|p2a: Ursaluna|100/100|[from] move: Lunar Dance
|turn|13
|
|t:|1758309746
|switch|p1a: Dragonite|Dragonite, M|67/100 brn
|move|p2a: Ursaluna|Protect||[still]
|-fail|p2a: Ursaluna
|
|-damage|p1a: Dragonite|61/100 brn|[from] brn
|-status|p2a: Ursaluna|brn|[from] item: Flame Orb
|upkeep
|turn|14
|
|t:|1758309755
|move|p1a: Dragonite|Extreme Speed|p2a: Ursaluna
|-damage|p2a: Ursaluna|90/100 brn
|move|p2a: Ursaluna|Facade|p1a: Dragonite
|-damage|p1a: Dragonite|0 fnt
|faint|p1a: Dragonite
|
|-damage|p2a: Ursaluna|84/100 brn|[from] brn
|upkeep
|
|t:|1758309762
|switch|p1a: Zamazenta|Zamazenta|100/100
|-ability|p1a: Zamazenta|Dauntless Shield|boost
|-boost|p1a: Zamazenta|def|1
|turn|15
|
|t:|1758309776
|move|p2a: Ursaluna|Facade|p1a: Zamazenta
|-damage|p1a: Zamazenta|28/100
|move|p1a: Zamazenta|Close Combat|p2a: Ursaluna
|-supereffective|p2a: Ursaluna
|-damage|p2a: Ursaluna|7/100 brn
|-unboost|p1a: Zamazenta|def|1
|-unboost|p1a: Zamazenta|spd|1
|
|-damage|p2a: Ursaluna|0 fnt|[from] brn
|faint|p2a: Ursaluna
|-fieldend|move: Trick Room
|upkeep
|
|t:|1758309793
|switch|p2a: Hatterene|Hatterene, F|100/100
|turn|16
|
|t:|1758309801
|switch|p1a: Gholdengo|Gholdengo|100/100
|move|p2a: Hatterene|Trick Room|p2a: Hatterene
|-fieldstart|move: Trick Room|[of] p2a: Hatterene
|
|upkeep
|turn|17
|
|t:|1758309807
|switch|p2a: Kingambit|Kingambit, M|100/100
|-activate|p2a: Kingambit|ability: Supreme Overlord
|-start|p2a: Kingambit|fallen2|[silent]
|move|p1a: Gholdengo|Nasty Plot|p1a: Gholdengo
|-boost|p1a: Gholdengo|spa|2
|
|upkeep
|turn|18
|
|t:|1758309830
|switch|p1a: Clefable|Clefable, F|100/100
|move|p2a: Kingambit|Swords Dance|p2a: Kingambit
|-boost|p2a: Kingambit|atk|2
|
|upkeep
|turn|19
|
|t:|1758309859
|-terastallize|p2a: Kingambit|Fairy
|-terastallize|p1a: Clefable|Water
|move|p2a: Kingambit|Tera Blast|p1a: Clefable|[anim] Tera Blast Fairy
|-damage|p1a: Clefable|10/100
|move|p1a: Clefable|Moonblast|p2a: Kingambit
|-damage|p2a: Kingambit|69/100
|
|upkeep
|turn|20
|
|t:|1758309878
|move|p2a: Kingambit|Kowtow Cleave|p1a: Clefable
|-damage|p1a: Clefable|0 fnt
|-damage|p2a: Kingambit|52/100|[from] item: Rocky Helmet|[of] p1a: Clefable
|faint|p1a: Clefable
|
|-fieldend|move: Trick Room
|upkeep
|inactive|HotWalnuts has 120 seconds left.
|-message|HotWalnuts forfeited.
|
|win|six10lol
|raw|HotWalnuts's rating: 1549 &rarr; <strong>1530</strong><br />(-19 for losing)
|raw|six10lol's rating: 1568 &rarr; <strong>1587</strong><br />(+19 for winning)
|l|☆HotWalnuts
|player|p1|
|l|‽six10lol
|player|p2|
