|j|☆leasainm
|j|☆Seiryaku
|t:|1758348204
|gametype|singles
|player|p1|leasainm|1|1064
|player|p2|Seiryaku|101|1073
|gen|9
|tier|[Gen 9] OU
|rated|
|rule|HP Percentage Mod: HP is shown in percentages
|rule|Endless Battle Clause: Forcing endless battles is banned
|rule|Species Clause: Limit one of each Pokémon
|rule|OHKO Clause: OHKO moves are banned
|rule|Evasion Items Clause: Evasion items are banned
|rule|Evasion Moves Clause: Evasion moves are banned
|rule|Evasion Abilities Clause: Evasion abilities are banned
|rule|Sleep Moves Clause: Sleep-inducing moves are banned
|clearpoke
|poke|p1|Dragapult, F|
|poke|p1|Scizor, M|
|poke|p1|Moltres|
|poke|p1|Shiftry, F|
|poke|p1|Weezing-Galar, M|
|poke|p1|Suicune|
|poke|p2|Araquanid, F|
|poke|p2|Iron Moth|
|poke|p2|Garganacl, M|
|poke|p2|Ogerpon-Cornerstone, F|
|poke|p2|Chansey, F|
|poke|p2|Veluza, F|
|teampreview
|
|t:|1758348220
|teamsize|p1|6
|teamsize|p2|6
|start
|switch|p1a: Scizor|Scizor, M|100/100
|switch|p2a: Araquanid|Araquanid, F|100/100
|turn|1
|
|t:|1758348227
|move|p1a: Scizor|U-turn|p2a: Araquanid
|-damage|p2a: Araquanid|68/100
|
|t:|1758348230
|switch|p1a: Weezing|Weezing-Galar, M|100/100|[from] U-turn
|-ability|p1a: Weezing|Neutralizing Gas
|move|p2a: Araquanid|Sticky Web|p1a: Weezing
|-sidestart|p1: leasainm|move: Sticky Web
|
|upkeep
|turn|2
|
|t:|1758348238
|move|p1a: Weezing|Defog|p2a: Araquanid
|-unboost|p2a: Araquanid|evasion|1
|-sideend|p1: leasainm|Sticky Web|[from] move: Defog|[of] p1a: Weezing
|move|p2a: Araquanid|Liquidation|p1a: Weezing
|-damage|p1a: Weezing|86/100
|-damage|p2a: Araquanid|51/100|[from] item: Rocky Helmet|[of] p1a: Weezing
|
|upkeep
|turn|3
|
|t:|1758348247
|move|p1a: Weezing|Strange Steam|p2a: Araquanid
|-damage|p2a: Araquanid|33/100
|move|p2a: Araquanid|Liquidation|p1a: Weezing
|-damage|p1a: Weezing|72/100
|-damage|p2a: Araquanid|16/100|[from] item: Rocky Helmet|[of] p1a: Weezing
|
|upkeep
|turn|4
|-enditem|p2a: Araquanid|Custap Berry|[eat]
|-activate|p2a: Araquanid|item: Custap Berry|[consumed]
|
|t:|1758348255
|move|p2a: Araquanid|Endeavor|p1a: Weezing
|-damage|p1a: Weezing|16/100
|-damage|p2a: Araquanid|0 fnt|[from] item: Rocky Helmet|[of] p1a: Weezing
|faint|p2a: Araquanid
|move|p1a: Weezing|Strange Steam|p2: Araquanid|[notarget]
|-fail|p1a: Weezing
|
|upkeep
|
|t:|1758348259
|switch|p2a: Veluza|Veluza, F|100/100
|turn|5
|-message|Seiryaku forfeited.
|
|win|leasainm
|raw|leasainm's rating: 1064 &rarr; <strong>1095</strong><br />(+31 for winning)
|raw|Seiryaku's rating: 1073 &rarr; <strong>1052</strong><br />(-21 for losing)
|l|☆Seiryaku
|player|p2|
|l|☆leasainm
|player|p1|
