|j|☆bertoskyT
|j|☆goblinbastard
|t:|1758284500
|gametype|singles
|player|p1|bertoskyT|ethan|1417
|player|p2|goblinbastard|roxie|1455
|gen|9
|tier|[Gen 9] OU
|rated|
|rule|HP Percentage Mod: HP is shown in percentages
|rule|Endless Battle Clause: Forcing endless battles is banned
|rule|Species Clause: Limit one of each Pokémon
|rule|OHKO Clause: OHKO moves are banned
|rule|Evasion Items Clause: Evasion items are banned
|rule|Evasion Moves Clause: Evasion moves are banned
|rule|Evasion Abilities Clause: Evasion abilities are banned
|rule|Sleep Moves Clause: Sleep-inducing moves are banned
|clearpoke
|poke|p1|Dragapult, M|
|poke|p1|Glimmora, M|
|poke|p1|Ogerpon-Wellspring, F|
|poke|p1|Gholdengo|
|poke|p1|Slowking-Galar, M|
|poke|p1|Forretress, F|
|poke|p2|Pecharunt|
|poke|p2|Great Tusk|
|poke|p2|Ogerpon-Wellspring, F|
|poke|p2|Iron Crown|
|poke|p2|Landorus-Therian, M|
|poke|p2|Samurott-Hisui, M|
|teampreview
|
|t:|1758284507
|teamsize|p1|6
|teamsize|p2|6
|start
|switch|p1a: Glimmora|Glimmora, M|100/100
|switch|p2a: Samurott|Samurott-Hisui, M|100/100
|turn|1
|inactive|Battle timer is ON: inactive players will automatically lose when time's up. (requested by bertoskyT)
|
|t:|1758284516
|move|p1a: Glimmora|Stealth Rock|p2a: Samurott
|-sidestart|p2: goblinbastard|move: Stealth Rock
|move|p2a: Samurott|Ceaseless Edge|p1a: Glimmora
|-damage|p1a: Glimmora|40/100
|-activate|p1a: Glimmora|ability: Toxic Debris
|-sidestart|p2: goblinbastard|move: Toxic Spikes
|-sidestart|p1: bertoskyT|Spikes
|
|upkeep
|turn|2
|
|t:|1758284520
|move|p1a: Glimmora|Mortal Spin|p2a: Samurott
|-damage|p2a: Samurott|92/100
|-status|p2a: Samurott|psn
|-sideend|p1: bertoskyT|Spikes|[from] move: Mortal Spin|[of] p1a: Glimmora
|move|p2a: Samurott|Ceaseless Edge|p1a: Glimmora
|-damage|p1a: Glimmora|0 fnt
|-activate|p1a: Glimmora|ability: Toxic Debris
|-sidestart|p2: goblinbastard|move: Toxic Spikes
|-sidestart|p1: bertoskyT|Spikes
|faint|p1a: Glimmora
|
|-damage|p2a: Samurott|80/100 psn|[from] psn
|upkeep
|
|t:|1758284522
|switch|p1a: Forretress|Forretress, F|100/100
|turn|3
|
|t:|1758284530
|move|p2a: Samurott|Flip Turn|p1a: Forretress
|-damage|p1a: Forretress|84/100
|
|t:|1758284534
|switch|p2a: Pecharunt|Pecharunt|100/100|[from] Flip Turn
|-damage|p2a: Pecharunt|88/100|[from] Stealth Rock
|-sideend|p2: goblinbastard|move: Toxic Spikes|[of] p2a: Pecharunt
|move|p1a: Forretress|Rapid Spin|p2a: Pecharunt
|-immune|p2a: Pecharunt
|
|upkeep
|turn|4
|
|t:|1758284541
|move|p2a: Pecharunt|Shadow Ball|p1a: Forretress
|-damage|p1a: Forretress|45/100
|-unboost|p1a: Forretress|spd|1
|move|p1a: Forretress|Volt Switch|p2a: Pecharunt
|-damage|p2a: Pecharunt|78/100
|
|t:|1758284545
|switch|p1a: Dragapult|Dragapult, M|100/100|[from] Volt Switch
|-damage|p1a: Dragapult|88/100|[from] Spikes
|
|upkeep
|turn|5
|
|t:|1758284554
|-terastallize|p1a: Dragapult|Ghost
|move|p1a: Dragapult|Tera Blast|p2a: Pecharunt|[anim] Tera Blast Ghost
|-supereffective|p2a: Pecharunt
|-damage|p2a: Pecharunt|8/100
|move|p2a: Pecharunt|Parting Shot|p1a: Dragapult
|-unboost|p1a: Dragapult|atk|1
|-unboost|p1a: Dragapult|spa|1
|
|t:|1758284563
|switch|p2a: Great Tusk|Great Tusk|100/100|[from] Parting Shot
|-damage|p2a: Great Tusk|98/100|[from] Stealth Rock
|-enditem|p2a: Great Tusk|Booster Energy
|-activate|p2a: Great Tusk|ability: Protosynthesis|[fromitem]
|-start|p2a: Great Tusk|protosynthesisspe
|
|upkeep
|turn|6
|
|t:|1758284569
|switch|p1a: Gholdengo|Gholdengo|100/100
|-item|p1a: Gholdengo|Air Balloon
|move|p2a: Great Tusk|Knock Off|p1a: Gholdengo
|-supereffective|p1a: Gholdengo
|-damage|p1a: Gholdengo|47/100
|-enditem|p1a: Gholdengo|Air Balloon
|
|upkeep
|turn|7
|
|t:|1758284579
|move|p2a: Great Tusk|Earthquake|p1a: Gholdengo
|-supereffective|p1a: Gholdengo
|-damage|p1a: Gholdengo|0 fnt
|faint|p1a: Gholdengo
|
|upkeep
|
|t:|1758284584
|switch|p1a: Ogerpon|Ogerpon-Wellspring, F|100/100
|-damage|p1a: Ogerpon|88/100|[from] Spikes
|turn|8
|
|t:|1758284606
|-end|p2a: Great Tusk|Protosynthesis|[silent]
|switch|p2a: Pecharunt|Pecharunt|8/100
|-damage|p2a: Pecharunt|0 fnt|[from] Stealth Rock
|faint|p2a: Pecharunt
|move|p1a: Ogerpon|Swords Dance|p1a: Ogerpon
|-boost|p1a: Ogerpon|atk|2
|
|upkeep
|
|t:|1758284615
|switch|p2a: Landorus|Landorus-Therian, M|100/100
|-damage|p2a: Landorus|88/100|[from] Stealth Rock
|-ability|p2a: Landorus|Intimidate|boost
|-unboost|p1a: Ogerpon|atk|1
|turn|9
|
|t:|1758284617
|move|p2a: Landorus|U-turn|p1a: Ogerpon
|-supereffective|p1a: Ogerpon
|-damage|p1a: Ogerpon|15/100
|
|t:|1758284625
|switch|p2a: Ogerpon|Ogerpon-Wellspring, F|100/100|[from] U-turn
|-damage|p2a: Ogerpon|88/100|[from] Stealth Rock
|move|p1a: Ogerpon|Ivy Cudgel|p2a: Ogerpon|[anim] Ivy Cudgel Water
|-heal|p2a: Ogerpon|100/100|[from] ability: Water Absorb|[of] p1a: Ogerpon
|
|upkeep
|turn|10
|
|t:|1758284632
|move|p1a: Ogerpon|Horn Leech|p2a: Ogerpon
|-damage|p2a: Ogerpon|35/100
|-heal|p1a: Ogerpon|55/100|[from] drain|[of] p2a: Ogerpon
|move|p2a: Ogerpon|Trailblaze|p1a: Ogerpon
|-damage|p1a: Ogerpon|21/100
|-boost|p2a: Ogerpon|spe|1
|
|upkeep
|turn|11
|
|t:|1758284637
|switch|p2a: Landorus|Landorus-Therian, M|88/100
|-damage|p2a: Landorus|76/100|[from] Stealth Rock
|-ability|p2a: Landorus|Intimidate|boost
|-unboost|p1a: Ogerpon|atk|1
|move|p1a: Ogerpon|Horn Leech|p2a: Landorus
|-damage|p2a: Landorus|22/100
|-heal|p1a: Ogerpon|50/100|[from] drain|[of] p2a: Landorus
|
|upkeep
|turn|12
|l|☆bertoskyT
|inactive|bertoskyT disconnected and has a minute to reconnect!
|player|p1|
|j|☆bertoskyT
|inactive|bertoskyT reconnected and has 130 seconds left.
|player|p1|bertoskyT|ethan|
|inactive|bertoskyT has 120 seconds left.
|
|t:|1758284668
|switch|p1a: Forretress|Forretress, F|45/100
|move|p2a: Landorus|U-turn|p1a: Forretress
|-resisted|p1a: Forretress
|-damage|p1a: Forretress|38/100
|
|t:|1758284688
|switch|p2a: Iron Crown|Iron Crown|100/100|[from] U-turn
|-damage|p2a: Iron Crown|94/100|[from] Stealth Rock
|
|upkeep
|turn|13
|
|t:|1758284692
|move|p2a: Iron Crown|Psychic|p1a: Forretress
|-resisted|p1a: Forretress
|-damage|p1a: Forretress|0 fnt
|faint|p1a: Forretress
|
|upkeep
|
|t:|1758284695
|switch|p1a: Dragapult|Dragapult, M, tera:Ghost|88/100
|-damage|p1a: Dragapult|76/100|[from] Spikes
|turn|14
|
|t:|1758284719
|-terastallize|p2a: Iron Crown|Steel
|move|p1a: Dragapult|Tera Blast|p2a: Iron Crown|[anim] Tera Blast Ghost
|-damage|p2a: Iron Crown|9/100
|move|p2a: Iron Crown|Psychic|p1a: Dragapult
|-damage|p1a: Dragapult|0 fnt
|faint|p1a: Dragapult
|
|upkeep
|
|t:|1758284739
|switch|p1a: Ogerpon|Ogerpon-Wellspring, F|50/100
|-damage|p1a: Ogerpon|37/100|[from] Spikes
|turn|15
|
|t:|1758284741
|move|p1a: Ogerpon|Horn Leech|p2a: Iron Crown
|-resisted|p2a: Iron Crown
|-damage|p2a: Iron Crown|0 fnt
|-heal|p1a: Ogerpon|42/100|[from] drain|[of] p2a: Iron Crown
|faint|p2a: Iron Crown
|-end|p2a: Iron Crown|Quark Drive|[silent]
|
|upkeep
|
|t:|1758284744
|switch|p2a: Landorus|Landorus-Therian, M|22/100
|-damage|p2a: Landorus|10/100|[from] Stealth Rock
|-ability|p2a: Landorus|Intimidate|boost
|-unboost|p1a: Ogerpon|atk|1
|turn|16
|
|t:|1758284751
|switch|p1a: Slowking|Slowking-Galar, M|100/100
|move|p2a: Landorus|U-turn|p1a: Slowking
|-damage|p1a: Slowking|70/100
|
|t:|1758284762
|switch|p2a: Great Tusk|Great Tusk|98/100|[from] U-turn
|-damage|p2a: Great Tusk|95/100|[from] Stealth Rock
|
|upkeep
|turn|17
|
|t:|1758284766
|move|p2a: Great Tusk|Earthquake|p1a: Slowking
|-supereffective|p1a: Slowking
|-damage|p1a: Slowking|0 fnt
|faint|p1a: Slowking
|
|upkeep
|
|t:|1758284769
|switch|p1a: Ogerpon|Ogerpon-Wellspring, F|42/100
|-damage|p1a: Ogerpon|30/100|[from] Spikes
|turn|18
|
|t:|1758284775
|move|p1a: Ogerpon|Horn Leech|p2a: Great Tusk
|-supereffective|p2a: Great Tusk
|-damage|p2a: Great Tusk|35/100
|-heal|p1a: Ogerpon|72/100|[from] drain|[of] p2a: Great Tusk
|move|p2a: Great Tusk|Rapid Spin|p1a: Ogerpon
|-damage|p1a: Ogerpon|55/100
|-boost|p2a: Great Tusk|spe|1
|-sideend|p2: goblinbastard|Stealth Rock|[from] move: Rapid Spin|[of] p2a: Great Tusk
|
|upkeep
|turn|19
|
|t:|1758284780
|move|p2a: Great Tusk|Earthquake|p1a: Ogerpon
|-resisted|p1a: Ogerpon
|-damage|p1a: Ogerpon|27/100
|move|p1a: Ogerpon|Horn Leech|p2a: Great Tusk
|-supereffective|p2a: Great Tusk
|-damage|p2a: Great Tusk|0 fnt
|-heal|p1a: Ogerpon|52/100|[from] drain|[of] p2a: Great Tusk
|faint|p2a: Great Tusk
|-end|p2a: Great Tusk|Protosynthesis|[silent]
|
|upkeep
|
|t:|1758284785
|switch|p2a: Landorus|Landorus-Therian, M|10/100
|-ability|p2a: Landorus|Intimidate|boost
|-unboost|p1a: Ogerpon|atk|1
|turn|20
|
|t:|1758284787
|move|p2a: Landorus|U-turn|p1a: Ogerpon
|-supereffective|p1a: Ogerpon
|-damage|p1a: Ogerpon|0 fnt
|faint|p1a: Ogerpon
|
|win|goblinbastard
|raw|bertoskyT's rating: 1417 &rarr; <strong>1399</strong><br />(-18 for losing)
|raw|goblinbastard's rating: 1455 &rarr; <strong>1473</strong><br />(+18 for winning)
|l|☆bertoskyT
|player|p1|
|l|☆goblinbastard
|player|p2|
