|j|☆CertifiedDumbass1
|j|☆wiggilydiggily
|t:|1758324922
|gametype|singles
|player|p1|CertifiedDumbass1|hilbert-wonderlauncher|1369
|player|p2|wiggilydiggily|102|1465
|gen|9
|tier|[Gen 9] OU
|rated|
|rule|HP Percentage Mod: HP is shown in percentages
|rule|Endless Battle Clause: Forcing endless battles is banned
|rule|Species Clause: Limit one of each Pokémon
|rule|OHKO Clause: OHKO moves are banned
|rule|Evasion Items Clause: Evasion items are banned
|rule|Evasion Moves Clause: Evasion moves are banned
|rule|Evasion Abilities Clause: Evasion abilities are banned
|rule|Sleep Moves Clause: Sleep-inducing moves are banned
|clearpoke
|poke|p1|Ogerpon-Wellspring, F|
|poke|p1|Arcanine-Hisui, F|
|poke|p1|Ninetales-Alola, M|
|poke|p1|Okidogi, M|
|poke|p1|Necrozma|
|poke|p1|Hitmontop, M|
|poke|p2|Ribombee, F|
|poke|p2|Gholdengo|
|poke|p2|Kingambit, M|
|poke|p2|Great Tusk|
|poke|p2|Enamorus, F|
|poke|p2|Landorus-Therian, M|
|teampreview
|inactive|Battle timer is ON: inactive players will automatically lose when time's up. (requested by wiggilydiggily)
|
|t:|1758324940
|teamsize|p1|6
|teamsize|p2|6
|start
|switch|p1a: Hitmontop|Hitmontop, M|100/100
|switch|p2a: Mosquito|Ribombee, F|100/100
|turn|1
|c|☆wiggilydiggily|what did you do to get certified
|
|t:|1758324948
|move|p2a: Mosquito|Sticky Web|p1a: Hitmontop
|-sidestart|p1: CertifiedDumbass1|move: Sticky Web
|move|p1a: Hitmontop|Rapid Spin|p2a: Mosquito
|-damage|p2a: Mosquito|53/100
|-boost|p1a: Hitmontop|spe|1
|-sideend|p1: CertifiedDumbass1|Sticky Web|[from] move: Rapid Spin|[of] p1a: Hitmontop
|
|upkeep
|turn|2
|
|t:|1758324955
|switch|p2a: Gholdengo|Gholdengo|100/100
|-item|p2a: Gholdengo|Air Balloon
|move|p1a: Hitmontop|Bullet Punch|p2a: Gholdengo
|-resisted|p2a: Gholdengo
|-damage|p2a: Gholdengo|89/100
|-enditem|p2a: Gholdengo|Air Balloon
|
|upkeep
|turn|3
|
|t:|1758324965
|switch|p1a: Ogerpon|Ogerpon-Wellspring, F|100/100
|move|p2a: Gholdengo|Make It Rain|p1a: Ogerpon
|-resisted|p1a: Ogerpon
|-damage|p1a: Ogerpon|58/100
|-unboost|p2a: Gholdengo|spa|1
|
|upkeep
|turn|4
|
|t:|1758324978
|move|p1a: Ogerpon|Knock Off|p2a: Gholdengo
|-supereffective|p2a: Gholdengo
|-damage|p2a: Gholdengo|31/100
|move|p2a: Gholdengo|Shadow Ball|p1a: Ogerpon
|-damage|p1a: Ogerpon|19/100
|-unboost|p1a: Ogerpon|spd|1
|
|upkeep
|turn|5
|
|t:|1758324989
|move|p1a: Ogerpon|Ivy Cudgel|p2a: Gholdengo|[anim] Ivy Cudgel Water
|-crit|p2a: Gholdengo
|-damage|p2a: Gholdengo|0 fnt
|faint|p2a: Gholdengo
|
|upkeep
|
|t:|1758324991
|switch|p2a: Mosquito|Ribombee, F|53/100
|turn|6
|
|t:|1758324996
|move|p2a: Mosquito|Sticky Web|p1a: Ogerpon
|-sidestart|p1: CertifiedDumbass1|move: Sticky Web
|move|p1a: Ogerpon|Ivy Cudgel|p2a: Mosquito|[anim] Ivy Cudgel Water
|-damage|p2a: Mosquito|0 fnt
|faint|p2a: Mosquito
|
|upkeep
|
|t:|1758325003
|switch|p2a: Kingambit|Kingambit, M|100/100
|-activate|p2a: Kingambit|ability: Supreme Overlord
|-start|p2a: Kingambit|fallen2|[silent]
|turn|7
|
|t:|1758325010
|-terastallize|p2a: Kingambit|Ghost
|move|p1a: Ogerpon|Taunt|p2a: Kingambit
|-start|p2a: Kingambit|move: Taunt
|move|p2a: Kingambit|Kowtow Cleave|p1a: Ogerpon
|-damage|p1a: Ogerpon|0 fnt
|faint|p1a: Ogerpon
|
|upkeep
|
|t:|1758325022
|switch|p1a: Okidogi|Okidogi, M|100/100
|-activate|p1a: Okidogi|move: Sticky Web
|-unboost|p1a: Okidogi|spe|1
|turn|8
|
|t:|1758325034
|-end|p2a: Kingambit|fallen2|[silent]
|switch|p2a: Great Tusk|Great Tusk|100/100
|-enditem|p2a: Great Tusk|Booster Energy
|-activate|p2a: Great Tusk|ability: Protosynthesis|[fromitem]
|-start|p2a: Great Tusk|protosynthesisatk
|move|p1a: Okidogi|Knock Off|p2a: Great Tusk
|-resisted|p2a: Great Tusk
|-damage|p2a: Great Tusk|91/100
|
|upkeep
|turn|9
|
|t:|1758325042
|switch|p1a: Necrozma|Necrozma|100/100
|-activate|p1a: Necrozma|move: Sticky Web
|-unboost|p1a: Necrozma|spe|1
|move|p2a: Great Tusk|Headlong Rush|p1a: Necrozma
|-damage|p1a: Necrozma|14/100
|-unboost|p2a: Great Tusk|def|1
|-unboost|p2a: Great Tusk|spd|1
|
|upkeep
|turn|10
|
|t:|1758325045
|move|p2a: Great Tusk|Rapid Spin|p1a: Necrozma
|-damage|p1a: Necrozma|0 fnt
|-boost|p2a: Great Tusk|spe|1
|faint|p1a: Necrozma
|
|upkeep
|
|t:|1758325048
|switch|p1a: Hitmontop|Hitmontop, M|100/100
|-activate|p1a: Hitmontop|move: Sticky Web
|-unboost|p1a: Hitmontop|spe|1
|turn|11
|
|t:|1758325052
|-end|p2a: Great Tusk|Protosynthesis|[silent]
|switch|p2a: Kingambit|Kingambit, M, tera:Ghost|100/100
|-activate|p2a: Kingambit|ability: Supreme Overlord
|-start|p2a: Kingambit|fallen2|[silent]
|move|p1a: Hitmontop|Rapid Spin|p2a: Kingambit
|-immune|p2a: Kingambit
|
|upkeep
|turn|12
|
|t:|1758325061
|move|p2a: Kingambit|Kowtow Cleave|p1a: Hitmontop
|-resisted|p1a: Hitmontop
|-damage|p1a: Hitmontop|57/100
|move|p1a: Hitmontop|Triple Axel|p2a: Kingambit
|-damage|p2a: Kingambit|93/100
|-damage|p2a: Kingambit|76/100
|-damage|p2a: Kingambit|54/100
|-hitcount|p2a: Kingambit|3
|
|upkeep
|turn|13
|
|t:|1758325066
|move|p2a: Kingambit|Kowtow Cleave|p1a: Hitmontop
|-resisted|p1a: Hitmontop
|-damage|p1a: Hitmontop|15/100
|move|p1a: Hitmontop|Triple Axel|p2a: Kingambit
|-crit|p2a: Kingambit
|-damage|p2a: Kingambit|43/100
|-damage|p2a: Kingambit|26/100
|-damage|p2a: Kingambit|3/100
|-hitcount|p2a: Kingambit|3
|
|upkeep
|turn|14
|
|t:|1758325069
|move|p2a: Kingambit|Sucker Punch|p1a: Hitmontop
|-resisted|p1a: Hitmontop
|-crit|p1a: Hitmontop
|-damage|p1a: Hitmontop|0 fnt
|faint|p1a: Hitmontop
|
|upkeep
|
|t:|1758325075
|switch|p1a: Arcanine|Arcanine-Hisui, F|100/100
|-activate|p1a: Arcanine|move: Sticky Web
|-unboost|p1a: Arcanine|spe|1
|turn|15
|
|t:|1758325081
|move|p1a: Arcanine|Flare Blitz|p2a: Kingambit
|-damage|p2a: Kingambit|0 fnt
|faint|p2a: Kingambit
|-end|p2a: Kingambit|fallen2|[silent]
|
|upkeep
|
|t:|1758325084
|switch|p2a: Landorus|Landorus-Therian, M|100/100
|-ability|p2a: Landorus|Intimidate|boost
|-unboost|p1a: Arcanine|atk|1
|turn|16
|
|t:|1758325088
|switch|p1a: Okidogi|Okidogi, M|100/100
|-activate|p1a: Okidogi|move: Sticky Web
|-unboost|p1a: Okidogi|spe|1
|move|p2a: Landorus|Earthquake|p1a: Okidogi
|-supereffective|p1a: Okidogi
|-damage|p1a: Okidogi|0 fnt
|faint|p1a: Okidogi
|
|upkeep
|
|t:|1758325091
|switch|p1a: Ninetales|Ninetales-Alola, M|100/100
|-activate|p1a: Ninetales|move: Sticky Web
|-unboost|p1a: Ninetales|spe|1
|-weather|Snowscape|[from] ability: Snow Warning|[of] p1a: Ninetales
|turn|17
|
|t:|1758325107
|move|p2a: Landorus|Earthquake|p1a: Ninetales
|-damage|p1a: Ninetales|3/100
|move|p1a: Ninetales|Blizzard|p2a: Landorus
|-supereffective|p2a: Landorus
|-damage|p2a: Landorus|0 fnt
|faint|p2a: Landorus
|
|-weather|Snowscape|[upkeep]
|upkeep
|
|t:|1758325114
|switch|p2a: Great Tusk|Great Tusk|91/100
|turn|18
|
|t:|1758325118
|move|p2a: Great Tusk|Rapid Spin|p1a: Ninetales
|-damage|p1a: Ninetales|0 fnt
|-boost|p2a: Great Tusk|spe|1
|faint|p1a: Ninetales
|
|-weather|Snowscape|[upkeep]
|upkeep
|
|t:|1758325120
|switch|p1a: Arcanine|Arcanine-Hisui, F|100/100
|-activate|p1a: Arcanine|move: Sticky Web
|-unboost|p1a: Arcanine|spe|1
|turn|19
|-message|CertifiedDumbass1 forfeited.
|
|win|wiggilydiggily
|raw|CertifiedDumbass1's rating: 1369 &rarr; <strong>1354</strong><br />(-15 for losing)
|raw|wiggilydiggily's rating: 1465 &rarr; <strong>1480</strong><br />(+15 for winning)
|l|☆CertifiedDumbass1
|player|p1|
|l|☆wiggilydiggily
|player|p2|
