|j|☆supraxd
|j|☆HuevozRancheroz
|t:|1758350861
|gametype|singles
|player|p1|supraxd|steven|1267
|player|p2|HuevozRancheroz|rosa|1347
|gen|9
|tier|[Gen 9] OU
|rated|
|rule|HP Percentage Mod: HP is shown in percentages
|rule|Endless Battle Clause: Forcing endless battles is banned
|rule|Species Clause: Limit one of each Pokémon
|rule|OHKO Clause: OHKO moves are banned
|rule|Evasion Items Clause: Evasion items are banned
|rule|Evasion Moves Clause: Evasion moves are banned
|rule|Evasion Abilities Clause: Evasion abilities are banned
|rule|Sleep Moves Clause: Sleep-inducing moves are banned
|clearpoke
|poke|p1|Infernape, M|
|poke|p1|Morpeko, F|
|poke|p1|Iron Treads|
|poke|p1|Vaporeon, M|
|poke|p1|Conkeldurr, F|
|poke|p1|Sinistcha|
|poke|p2|Galvantula, M|
|poke|p2|Samurott-Hisui, F|
|poke|p2|Kleavor, F|
|poke|p2|Goodra-Hisui, F|
|poke|p2|Corviknight, M|
|poke|p2|Heatran, M|
|teampreview
|inactive|Battle timer is ON: inactive players will automatically lose when time's up. (requested by HuevozRancheroz)
|
|t:|1758350890
|teamsize|p1|6
|teamsize|p2|6
|start
|switch|p1a: Infernape|Infernape, M|100/100
|switch|p2a: Samurott|Samurott-Hisui, F|100/100
|turn|1
|
|t:|1758350898
|switch|p1a: Vaporeon|Vaporeon, M|100/100
|move|p2a: Samurott|Flip Turn|p1a: Vaporeon
|-immune|p1a: Vaporeon|[from] ability: Water Absorb
|
|upkeep
|turn|2
|
|t:|1758350905
|move|p2a: Samurott|Ceaseless Edge|p1a: Vaporeon
|-damage|p1a: Vaporeon|57/100
|-sidestart|p1: supraxd|Spikes
|move|p1a: Vaporeon|Flip Turn|p2a: Samurott
|-resisted|p2a: Samurott
|-damage|p2a: Samurott|92/100
|
|t:|1758350909
|switch|p1a: Morpeko|Morpeko, F|100/100|[from] Flip Turn
|-damage|p1a: Morpeko|88/100|[from] Spikes
|
|-formechange|p1a: Morpeko|Morpeko-Hangry||[from] ability: Hunger Switch
|upkeep
|turn|3
|inactive|HuevozRancheroz has 120 seconds left.
|
|t:|1758350941
|switch|p2a: Kleavor|Kleavor, F|100/100
|move|p1a: Morpeko|Wild Charge|p2a: Kleavor
|-damage|p2a: Kleavor|35/100
|-damage|p1a: Morpeko|70/100|[from] Recoil
|-damage|p1a: Morpeko|60/100|[from] item: Life Orb
|
|-formechange|p1a: Morpeko|Morpeko||[from] ability: Hunger Switch
|upkeep
|turn|4
|inactive|HuevozRancheroz has 120 seconds left.
|
|t:|1758350954
|move|p1a: Morpeko|Aura Wheel|p2a: Kleavor
|-damage|p2a: Kleavor|0 fnt
|-boost|p1a: Morpeko|spe|1
|faint|p2a: Kleavor
|-damage|p1a: Morpeko|51/100|[from] item: Life Orb
|
|-formechange|p1a: Morpeko|Morpeko-Hangry||[from] ability: Hunger Switch
|upkeep
|
|t:|1758350959
|switch|p2a: Galvantula|Galvantula, M|100/100
|turn|5
|
|t:|1758350963
|move|p1a: Morpeko|Aura Wheel|p2a: Galvantula
|-crit|p2a: Galvantula
|-enditem|p2a: Galvantula|Focus Sash
|-damage|p2a: Galvantula|1/100
|-boost|p1a: Morpeko|spe|1
|-damage|p1a: Morpeko|41/100|[from] item: Life Orb
|move|p2a: Galvantula|Sticky Web|p1a: Morpeko
|-sidestart|p1: supraxd|move: Sticky Web
|
|-formechange|p1a: Morpeko|Morpeko||[from] ability: Hunger Switch
|upkeep
|turn|6
|
|t:|1758350974
|move|p1a: Morpeko|Aura Wheel|p2a: Galvantula
|-resisted|p2a: Galvantula
|-damage|p2a: Galvantula|0 fnt
|-boost|p1a: Morpeko|spe|1
|faint|p2a: Galvantula
|-damage|p1a: Morpeko|31/100|[from] item: Life Orb
|
|-formechange|p1a: Morpeko|Morpeko-Hangry||[from] ability: Hunger Switch
|upkeep
|
|t:|1758350990
|switch|p2a: Goodra|Goodra-Hisui, F|100/100
|turn|7
|
|t:|1758351003
|move|p1a: Morpeko|Aura Wheel|p2a: Goodra
|-damage|p2a: Goodra|53/100
|-boost|p1a: Morpeko|spe|1
|-damage|p1a: Morpeko|22/100|[from] item: Life Orb
|move|p2a: Goodra|Body Press|p1a: Morpeko
|-supereffective|p1a: Morpeko
|-damage|p1a: Morpeko|0 fnt
|faint|p1a: Morpeko
|
|-heal|p2a: Goodra|59/100|[from] item: Leftovers
|upkeep
|
|t:|1758351010
|switch|p1a: Conkeldurr|Conkeldurr, F|100/100
|-damage|p1a: Conkeldurr|88/100|[from] Spikes
|-activate|p1a: Conkeldurr|move: Sticky Web
|-unboost|p1a: Conkeldurr|spe|1
|turn|8
|
|t:|1758351029
|move|p2a: Goodra|Acid Armor|p2a: Goodra
|-boost|p2a: Goodra|def|2
|move|p1a: Conkeldurr|Drain Punch|p2a: Goodra
|-supereffective|p2a: Goodra
|-damage|p2a: Goodra|16/100
|-heal|p1a: Conkeldurr|100/100|[from] drain|[of] p2a: Goodra
|
|-heal|p2a: Goodra|22/100|[from] item: Leftovers
|upkeep
|turn|9
|
|t:|1758351050
|move|p1a: Conkeldurr|Mach Punch|p2a: Goodra
|-supereffective|p2a: Goodra
|-damage|p2a: Goodra|0 fnt
|faint|p2a: Goodra
|
|upkeep
|
|t:|1758351059
|switch|p2a: Corviknight|Corviknight, M|100/100
|-ability|p2a: Corviknight|Unnerve
|turn|10
|inactive|supraxd has 120 seconds left.
|
|t:|1758351087
|switch|p1a: Vaporeon|Vaporeon, M|57/100
|-damage|p1a: Vaporeon|45/100|[from] Spikes
|-activate|p1a: Vaporeon|move: Sticky Web
|-unboost|p1a: Vaporeon|spe|1
|move|p2a: Corviknight|Brave Bird|p1a: Vaporeon
|-damage|p1a: Vaporeon|19/100
|-damage|p2a: Corviknight|90/100|[from] Recoil
|
|-heal|p1a: Vaporeon|25/100|[from] item: Leftovers
|upkeep
|turn|11
|inactive|HuevozRancheroz has 120 seconds left.
|
|t:|1758351126
|move|p2a: Corviknight|Body Press|p1a: Vaporeon
|-crit|p1a: Vaporeon
|-damage|p1a: Vaporeon|3/100
|move|p1a: Vaporeon|Wish|p1a: Vaporeon
|
|-heal|p1a: Vaporeon|9/100|[from] item: Leftovers
|upkeep
|turn|12
|inactive|HuevozRancheroz has 120 seconds left.
|
|t:|1758351138
|switch|p2a: Heatran|Heatran, M|100/100
|switch|p1a: Sinistcha|Sinistcha|100/100
|-damage|p1a: Sinistcha|88/100|[from] Spikes
|-activate|p1a: Sinistcha|move: Sticky Web
|-unboost|p1a: Sinistcha|spe|1
|
|-heal|p1a: Sinistcha|100/100|[from] move: Wish|[wisher] Vaporeon
|upkeep
|turn|13
|inactive|HuevozRancheroz has 120 seconds left.
|
|t:|1758351155
|switch|p1a: Vaporeon|Vaporeon, M|9/100
|-damage|p1a: Vaporeon|0 fnt|[from] Spikes
|faint|p1a: Vaporeon
|move|p2a: Heatran|Lava Plume|p1: Vaporeon|[notarget]
|-fail|p2a: Heatran
|
|upkeep
|
|t:|1758351156
|switch|p1a: Iron Treads|Iron Treads|100/100
|-damage|p1a: Iron Treads|88/100|[from] Spikes
|-activate|p1a: Iron Treads|move: Sticky Web
|-unboost|p1a: Iron Treads|spe|1
|-enditem|p1a: Iron Treads|Booster Energy
|-activate|p1a: Iron Treads|ability: Quark Drive|[fromitem]
|-start|p1a: Iron Treads|quarkdrivedef
|turn|14
|inactive|HuevozRancheroz has 120 seconds left.
|
|t:|1758351167
|move|p1a: Iron Treads|Rapid Spin|p2a: Heatran
|-resisted|p2a: Heatran
|-damage|p2a: Heatran|97/100
|-boost|p1a: Iron Treads|spe|1
|-sideend|p1: supraxd|Spikes|[from] move: Rapid Spin|[of] p1a: Iron Treads
|-sideend|p1: supraxd|Sticky Web|[from] move: Rapid Spin|[of] p1a: Iron Treads
|move|p2a: Heatran|Lava Plume|p1a: Iron Treads
|-supereffective|p1a: Iron Treads
|-damage|p1a: Iron Treads|0 fnt
|faint|p1a: Iron Treads
|-end|p1a: Iron Treads|Quark Drive|[silent]
|
|upkeep
|
|t:|1758351175
|switch|p1a: Conkeldurr|Conkeldurr, F|100/100
|turn|15
|
|t:|1758351184
|-terastallize|p2a: Heatran|Fire
|move|p2a: Heatran|Lava Plume|p1a: Conkeldurr
|-damage|p1a: Conkeldurr|61/100
|move|p1a: Conkeldurr|Drain Punch|p2a: Heatran
|-damage|p2a: Heatran|61/100
|-heal|p1a: Conkeldurr|78/100|[from] drain|[of] p2a: Heatran
|
|upkeep
|turn|16
|
|t:|1758351206
|move|p2a: Heatran|Lava Plume|p1a: Conkeldurr
|-damage|p1a: Conkeldurr|40/100
|move|p1a: Conkeldurr|Drain Punch|p2a: Heatran
|-damage|p2a: Heatran|24/100
|-heal|p1a: Conkeldurr|57/100|[from] drain|[of] p2a: Heatran
|
|upkeep
|turn|17
|
|t:|1758351211
|move|p2a: Heatran|Lava Plume|p1a: Conkeldurr
|-damage|p1a: Conkeldurr|18/100
|-status|p1a: Conkeldurr|brn
|move|p1a: Conkeldurr|Drain Punch|p2a: Heatran
|-damage|p2a: Heatran|7/100
|-heal|p1a: Conkeldurr|27/100 brn|[from] drain|[of] p2a: Heatran
|
|-damage|p1a: Conkeldurr|21/100 brn|[from] brn
|upkeep
|turn|18
|inactive|supraxd has 120 seconds left.
|inactive|supraxd has 90 seconds left.
|
|t:|1758351278
|switch|p2a: Corviknight|Corviknight, M|90/100
|-ability|p2a: Corviknight|Unnerve
|move|p1a: Conkeldurr|Mach Punch|p2a: Corviknight
|-damage|p2a: Corviknight|80/100
|-damage|p1a: Conkeldurr|4/100 brn|[from] item: Rocky Helmet|[of] p2a: Corviknight
|
|-damage|p1a: Conkeldurr|0 fnt|[from] brn
|faint|p1a: Conkeldurr
|upkeep
|
|t:|1758351280
|switch|p1a: Infernape|Infernape, M|100/100
|turn|19
|
|t:|1758351291
|switch|p2a: Heatran|Heatran, M, tera:Fire|7/100
|move|p1a: Infernape|Overheat|p2a: Heatran
|-start|p2a: Heatran|ability: Flash Fire
|
|upkeep
|turn|20
|
|t:|1758351300
|move|p1a: Infernape|Mach Punch|p2a: Heatran
|-damage|p2a: Heatran|0 fnt
|faint|p2a: Heatran
|
|upkeep
|
|t:|1758351307
|switch|p2a: Samurott|Samurott-Hisui, F|92/100
|turn|21
|
|t:|1758351312
|move|p1a: Infernape|Mach Punch|p2a: Samurott
|-supereffective|p2a: Samurott
|-damage|p2a: Samurott|54/100
|move|p2a: Samurott|Razor Shell|p1a: Infernape
|-supereffective|p1a: Infernape
|-enditem|p1a: Infernape|Focus Sash
|-damage|p1a: Infernape|1/100
|-unboost|p1a: Infernape|def|1
|
|upkeep
|turn|22
|
|t:|1758351319
|switch|p1a: Sinistcha|Sinistcha|100/100
|move|p2a: Samurott|Sucker Punch||[still]
|-fail|p2a: Samurott
|
|upkeep
|turn|23
|
|t:|1758351325
|-terastallize|p1a: Sinistcha|Fairy
|move|p2a: Samurott|Ceaseless Edge|p1a: Sinistcha
|-resisted|p1a: Sinistcha
|-damage|p1a: Sinistcha|79/100
|-sidestart|p1: supraxd|Spikes
|move|p1a: Sinistcha|Strength Sap|p2a: Samurott
|-unboost|p2a: Samurott|atk|1
|-heal|p1a: Sinistcha|100/100
|
|upkeep
|turn|24
|
|t:|1758351334
|move|p2a: Samurott|Razor Shell|p1a: Sinistcha
|-damage|p1a: Sinistcha|75/100
|-unboost|p1a: Sinistcha|def|1
|move|p1a: Sinistcha|Calm Mind|p1a: Sinistcha
|-boost|p1a: Sinistcha|spa|1
|-boost|p1a: Sinistcha|spd|1
|
|-heal|p1a: Sinistcha|81/100|[from] item: Leftovers
|upkeep
|turn|25
|
|t:|1758351354
|move|p2a: Samurott|Razor Shell|p1a: Sinistcha
|-crit|p1a: Sinistcha
|-damage|p1a: Sinistcha|0 fnt
|faint|p1a: Sinistcha
|
|upkeep
|
|t:|1758351357
|switch|p1a: Infernape|Infernape, M|1/100
|-damage|p1a: Infernape|0 fnt|[from] Spikes
|faint|p1a: Infernape
|
|win|HuevozRancheroz
|raw|supraxd's rating: 1267 &rarr; <strong>1248</strong><br />(-19 for losing)
|raw|HuevozRancheroz's rating: 1347 &rarr; <strong>1362</strong><br />(+15 for winning)
|l|☆HuevozRancheroz
|player|p2|
|l|☆supraxd
|player|p1|
