|j|☆A1Randy
|j|☆3idk
|t:|1758259278
|gametype|singles
|player|p1|A1Randy|burglar|1460
|player|p2|3idk|lusamine-masters|1459
|gen|9
|tier|[Gen 9] OU
|rated|
|rule|HP Percentage Mod: HP is shown in percentages
|rule|Endless Battle Clause: Forcing endless battles is banned
|rule|Species Clause: Limit one of each Pokémon
|rule|OHKO Clause: OHKO moves are banned
|rule|Evasion Items Clause: Evasion items are banned
|rule|Evasion Moves Clause: Evasion moves are banned
|rule|Evasion Abilities Clause: Evasion abilities are banned
|rule|Sleep Moves Clause: Sleep-inducing moves are banned
|clearpoke
|poke|p1|Iron Crown|
|poke|p1|Kyurem|
|poke|p1|Dragonite, M|
|poke|p1|Kingambit, F|
|poke|p1|Iron Valiant|
|poke|p1|Hoopa-Unbound|
|poke|p2|Pelipper, F|
|poke|p2|Hatterene, F|
|poke|p2|Iron Treads|
|poke|p2|Toxicroak, F|
|poke|p2|Barraskewda, F|
|poke|p2|Zapdos|
|teampreview
|inactive|Battle timer is ON: inactive players will automatically lose when time's up. (requested by 3idk)
|
|t:|1758259295
|teamsize|p1|6
|teamsize|p2|6
|start
|switch|p1a: Iron Valiant|Iron Valiant, shiny|100/100
|switch|p2a: Barraskewda|Barraskewda, F|100/100
|turn|1
|
|t:|1758259303
|move|p2a: Barraskewda|Flip Turn|p1a: Iron Valiant
|-damage|p1a: Iron Valiant|34/100
|
|t:|1758259306
|switch|p2a: Hatterene|Hatterene, F|100/100|[from] Flip Turn
|move|p1a: Iron Valiant|Thunderbolt|p2a: Hatterene
|-damage|p2a: Hatterene|58/100
|-enditem|p2a: Hatterene|Eject Button
|-damage|p1a: Iron Valiant|24/100|[from] item: Life Orb
|
|t:|1758259310
|switch|p2a: Barraskewda|Barraskewda, F|100/100
|
|upkeep
|turn|2
|
|t:|1758259315
|move|p1a: Iron Valiant|Vacuum Wave|p2a: Barraskewda
|-damage|p2a: Barraskewda|32/100
|-damage|p1a: Iron Valiant|14/100|[from] item: Life Orb
|move|p2a: Barraskewda|Flip Turn|p1a: Iron Valiant
|-damage|p1a: Iron Valiant|0 fnt
|faint|p1a: Iron Valiant
|-end|p1a: Iron Valiant|Quark Drive|[silent]
|
|t:|1758259321
|switch|p2a: Pelipper|Pelipper, F|100/100|[from] Flip Turn
|-weather|RainDance|[from] ability: Drizzle|[of] p2a: Pelipper
|
|-weather|RainDance|[upkeep]
|upkeep
|
|t:|1758259323
|switch|p1a: Hoopa|Hoopa-Unbound|100/100
|turn|3
|inactive|3idk has 120 seconds left.
|
|t:|1758259372
|move|p1a: Hoopa|Thunderbolt|p2a: Pelipper
|-supereffective|p2a: Pelipper
|-damage|p2a: Pelipper|0 fnt
|faint|p2a: Pelipper
|
|-weather|RainDance|[upkeep]
|upkeep
|
|t:|1758259379
|switch|p2a: Barraskewda|Barraskewda, F|32/100
|turn|4
|
|t:|1758259384
|switch|p1a: Dragonite|Dragonite, M|100/100
|move|p2a: Barraskewda|Flip Turn|p1a: Dragonite
|-resisted|p1a: Dragonite
|-damage|p1a: Dragonite|80/100
|
|t:|1758259392
|switch|p2a: Zapdos|Zapdos|100/100|[from] Flip Turn
|
|-weather|RainDance|[upkeep]
|upkeep
|turn|5
|
|t:|1758259397
|move|p2a: Zapdos|Hurricane|p1a: Dragonite
|-damage|p1a: Dragonite|0 fnt
|faint|p1a: Dragonite
|
|-weather|RainDance|[upkeep]
|upkeep
|
|t:|1758259403
|switch|p1a: Iron Crown|Iron Crown|100/100
|turn|6
|inactive|3idk has 120 seconds left.
|
|t:|1758259447
|-end|p1a: Iron Crown|Quark Drive|[silent]
|switch|p1a: Hoopa|Hoopa-Unbound|100/100
|switch|p2a: Iron Treads|Iron Treads|100/100
|
|-weather|RainDance|[upkeep]
|upkeep
|turn|7
|
|t:|1758259454
|-terastallize|p1a: Hoopa|Ground
|move|p1a: Hoopa|Tera Blast|p2a: Iron Treads|[anim] Tera Blast Ground
|-supereffective|p2a: Iron Treads
|-damage|p2a: Iron Treads|20/100
|move|p2a: Iron Treads|Stealth Rock|p1a: Hoopa
|-sidestart|p1: A1Randy|move: Stealth Rock
|
|-weather|RainDance|[upkeep]
|-heal|p2a: Iron Treads|26/100|[from] item: Leftovers
|upkeep
|turn|8
|
|t:|1758259462
|switch|p1a: Kyurem|Kyurem|100/100
|-damage|p1a: Kyurem|75/100|[from] Stealth Rock
|-ability|p1a: Kyurem|Pressure
|move|p2a: Iron Treads|Earthquake|p1a: Kyurem
|-damage|p1a: Kyurem|42/100
|
|-weather|RainDance|[upkeep]
|-heal|p2a: Iron Treads|32/100|[from] item: Leftovers
|upkeep
|turn|9
|
|t:|1758259466
|move|p1a: Kyurem|Scale Shot|p2a: Iron Treads
|-resisted|p2a: Iron Treads
|-damage|p2a: Iron Treads|27/100
|-resisted|p2a: Iron Treads
|-damage|p2a: Iron Treads|21/100
|-resisted|p2a: Iron Treads
|-damage|p2a: Iron Treads|16/100
|-resisted|p2a: Iron Treads
|-damage|p2a: Iron Treads|10/100
|-resisted|p2a: Iron Treads
|-damage|p2a: Iron Treads|4/100
|-hitcount|p2a: Iron Treads|5
|-unboost|p1a: Kyurem|def|1
|-boost|p1a: Kyurem|spe|1
|move|p2a: Iron Treads|Earthquake|p1a: Kyurem
|-damage|p1a: Kyurem|0 fnt
|faint|p1a: Kyurem
|
|-weather|none
|-heal|p2a: Iron Treads|10/100|[from] item: Leftovers
|upkeep
|
|t:|1758259472
|switch|p1a: Hoopa|Hoopa-Unbound, tera:Ground|100/100
|-damage|p1a: Hoopa|95/100|[from] Stealth Rock
|turn|10
|inactive|3idk has 120 seconds left.
|
|t:|1758259496
|move|p1a: Hoopa|Psychic|p2a: Iron Treads
|-resisted|p2a: Iron Treads
|-damage|p2a: Iron Treads|0 fnt
|faint|p2a: Iron Treads
|-end|p2a: Iron Treads|Quark Drive|[silent]
|
|upkeep
|
|t:|1758259499
|switch|p2a: Barraskewda|Barraskewda, F|32/100
|turn|11
|
|t:|1758259511
|move|p1a: Hoopa|Psychic|p2a: Barraskewda
|-damage|p2a: Barraskewda|0 fnt
|faint|p2a: Barraskewda
|
|upkeep
|inactive|3idk has 120 seconds left.
|
|t:|1758259548
|switch|p2a: Hatterene|Hatterene, F|58/100
|turn|12
|
|t:|1758259553
|switch|p1a: Kingambit|Kingambit, F|100/100
|-damage|p1a: Kingambit|94/100|[from] Stealth Rock
|-activate|p1a: Kingambit|ability: Supreme Overlord
|-start|p1a: Kingambit|fallen3|[silent]
|switch|p2a: Zapdos|Zapdos|100/100
|
|upkeep
|turn|13
|inactive|3idk has 120 seconds left.
|
|t:|1758259560
|move|p2a: Zapdos|Hurricane|p1a: Kingambit|[miss]
|-miss|p2a: Zapdos|p1a: Kingambit
|move|p1a: Kingambit|Kowtow Cleave|p2a: Zapdos
|-damage|p2a: Zapdos|11/100
|
|upkeep
|turn|14
|-message|3idk forfeited.
|
|win|A1Randy
|raw|A1Randy's rating: 1460 &rarr; <strong>1480</strong><br />(+20 for winning)
|raw|3idk's rating: 1459 &rarr; <strong>1439</strong><br />(-20 for losing)
|l|☆3idk
|player|p2|
|l|☆A1Randy
|player|p1|
