|j|☆Aggrhy
|j|☆jinu55
|t:|1758258397
|gametype|singles
|player|p1|Aggrhy|red-masters|1311
|player|p2|jinu55|byron|1262
|gen|9
|tier|[Gen 9] OU
|rated|
|rule|HP Percentage Mod: HP is shown in percentages
|rule|Endless Battle Clause: Forcing endless battles is banned
|rule|Species Clause: Limit one of each Pokémon
|rule|OHKO Clause: OHKO moves are banned
|rule|Evasion Items Clause: Evasion items are banned
|rule|Evasion Moves Clause: Evasion moves are banned
|rule|Evasion Abilities Clause: Evasion abilities are banned
|rule|Sleep Moves Clause: Sleep-inducing moves are banned
|clearpoke
|poke|p1|Pikachu, M|
|poke|p1|Lokix, M|
|poke|p1|Fezandipiti, M|
|poke|p1|Blastoise, M|
|poke|p1|Flygon, F|
|poke|p1|Vikavolt, M|
|poke|p2|Hitmonlee, M|
|poke|p2|Azumarill, F|
|poke|p2|Blaziken, F|
|poke|p2|Meowscarada, M|
|poke|p2|Donphan, M|
|poke|p2|Dragonite, M|
|teampreview
|inactive|Battle timer is ON: inactive players will automatically lose when time's up. (requested by jinu55)
|inactive|Aggrhy also wants the timer to be on.
|
|t:|1758258409
|teamsize|p1|6
|teamsize|p2|6
|start
|switch|p1a: Vikavolt|Vikavolt, M|100/100
|switch|p2a: Azumarill|Azumarill, F|100/100
|turn|1
|
|t:|1758258424
|switch|p2a: Donphan|Donphan, M|100/100
|move|p1a: Vikavolt|Discharge|p2a: Donphan
|-immune|p2a: Donphan
|
|upkeep
|turn|2
|
|t:|1758258431
|move|p2a: Donphan|Stealth Rock|p1a: Vikavolt
|-sidestart|p1: Aggrhy|move: Stealth Rock
|move|p1a: Vikavolt|Energy Ball|p2a: Donphan
|-supereffective|p2a: Donphan
|-ability|p2a: Donphan|Sturdy
|-damage|p2a: Donphan|1/100
|
|upkeep
|turn|3
|
|t:|1758258441
|move|p2a: Donphan|Ice Shard|p1a: Vikavolt
|-damage|p1a: Vikavolt|88/100
|move|p1a: Vikavolt|Sticky Web|p2a: Donphan
|-sidestart|p2: jinu55|move: Sticky Web
|
|upkeep
|turn|4
|
|t:|1758258446
|move|p2a: Donphan|Rapid Spin|p1a: Vikavolt
|-damage|p1a: Vikavolt|74/100
|-boost|p2a: Donphan|spe|1
|-damage|p2a: Donphan|0 fnt|[from] item: Rocky Helmet|[of] p1a: Vikavolt
|faint|p2a: Donphan
|move|p1a: Vikavolt|Energy Ball|p2: Donphan|[notarget]
|-fail|p1a: Vikavolt
|
|upkeep
|
|t:|1758258469
|switch|p2a: Azumarill|Azumarill, F|100/100
|-activate|p2a: Azumarill|move: Sticky Web
|-unboost|p2a: Azumarill|spe|1
|turn|5
|
|t:|1758258474
|-terastallize|p2a: Azumarill|Steel
|move|p1a: Vikavolt|Discharge|p2a: Azumarill
|-damage|p2a: Azumarill|61/100
|move|p2a: Azumarill|Belly Drum|p2a: Azumarill
|-damage|p2a: Azumarill|11/100
|-setboost|p2a: Azumarill|atk|6|[from] move: Belly Drum
|-enditem|p2a: Azumarill|Sitrus Berry|[eat]
|-heal|p2a: Azumarill|36/100|[from] item: Sitrus Berry
|
|upkeep
|turn|6
|
|t:|1758258485
|move|p2a: Azumarill|Aqua Jet|p1a: Vikavolt
|-damage|p1a: Vikavolt|0 fnt
|-damage|p2a: Azumarill|20/100|[from] item: Rocky Helmet|[of] p1a: Vikavolt
|faint|p1a: Vikavolt
|
|upkeep
|
|t:|1758258491
|switch|p1a: Blastoise|Blastoise, M|100/100
|-damage|p1a: Blastoise|88/100|[from] Stealth Rock
|turn|7
|
|t:|1758258496
|move|p2a: Azumarill|Aqua Jet|p1a: Blastoise
|-resisted|p1a: Blastoise
|-damage|p1a: Blastoise|52/100
|move|p1a: Blastoise|Body Press|p2a: Azumarill
|-supereffective|p2a: Azumarill
|-damage|p2a: Azumarill|0 fnt
|faint|p2a: Azumarill
|
|-heal|p1a: Blastoise|59/100|[from] item: Leftovers
|upkeep
|
|t:|1758258502
|switch|p2a: Dragonite|Dragonite, M|100/100
|turn|8
|
|t:|1758258509
|move|p2a: Dragonite|Dragon Dance|p2a: Dragonite
|-boost|p2a: Dragonite|atk|1
|-boost|p2a: Dragonite|spe|1
|move|p1a: Blastoise|Rapid Spin|p2a: Dragonite
|-damage|p2a: Dragonite|95/100
|-boost|p1a: Blastoise|spe|1
|-sideend|p1: Aggrhy|Stealth Rock|[from] move: Rapid Spin|[of] p1a: Blastoise
|
|-heal|p1a: Blastoise|65/100|[from] item: Leftovers
|upkeep
|turn|9
|
|t:|1758258521
|switch|p1a: Fezandipiti|Fezandipiti, M|100/100
|move|p2a: Dragonite|Roost|p2a: Dragonite
|-heal|p2a: Dragonite|100/100
|-singleturn|p2a: Dragonite|move: Roost
|
|upkeep
|turn|10
|
|t:|1758258529
|move|p2a: Dragonite|Dragon Dance|p2a: Dragonite
|-boost|p2a: Dragonite|atk|1
|-boost|p2a: Dragonite|spe|1
|move|p1a: Fezandipiti|Moonblast|p2a: Dragonite
|-supereffective|p2a: Dragonite
|-damage|p2a: Dragonite|76/100
|-enditem|p2a: Dragonite|Weakness Policy
|-boost|p2a: Dragonite|atk|2|[from] item: Weakness Policy
|-boost|p2a: Dragonite|spa|2|[from] item: Weakness Policy
|
|upkeep
|turn|11
|
|t:|1758258538
|move|p2a: Dragonite|Extreme Speed|p1a: Fezandipiti
|-damage|p1a: Fezandipiti|11/100
|move|p1a: Fezandipiti|Moonblast|p2a: Dragonite
|-supereffective|p2a: Dragonite
|-damage|p2a: Dragonite|20/100
|
|-heal|p1a: Fezandipiti|17/100|[from] item: Leftovers
|upkeep
|turn|12
|
|t:|1758258548
|move|p2a: Dragonite|Extreme Speed|p1a: Fezandipiti
|-damage|p1a: Fezandipiti|0 fnt
|faint|p1a: Fezandipiti
|
|upkeep
|
|t:|1758258559
|switch|p1a: Lokix|Lokix, M|100/100
|turn|13
|
|t:|1758258563
|move|p2a: Dragonite|Extreme Speed|p1a: Lokix
|-damage|p1a: Lokix|0 fnt
|faint|p1a: Lokix
|
|upkeep
|
|t:|1758258569
|switch|p1a: Blastoise|Blastoise, M|65/100
|turn|14
|
|t:|1758258572
|move|p2a: Dragonite|Extreme Speed|p1a: Blastoise
|-damage|p1a: Blastoise|7/100
|move|p1a: Blastoise|Body Press|p2a: Dragonite
|-resisted|p2a: Dragonite
|-damage|p2a: Dragonite|6/100
|
|-heal|p1a: Blastoise|13/100|[from] item: Leftovers
|upkeep
|turn|15
|
|t:|1758258582
|move|p2a: Dragonite|Extreme Speed|p1a: Blastoise
|-damage|p1a: Blastoise|0 fnt
|faint|p1a: Blastoise
|
|upkeep
|
|t:|1758258588
|switch|p1a: Flygon|Flygon, F|100/100
|turn|16
|
|t:|1758258592
|move|p2a: Dragonite|Extreme Speed|p1a: Flygon
|-damage|p1a: Flygon|0 fnt
|faint|p1a: Flygon
|
|upkeep
|-message|Aggrhy forfeited.
|
|win|jinu55
|raw|Aggrhy's rating: 1311 &rarr; <strong>1288</strong><br />(-23 for losing)
|raw|jinu55's rating: 1262 &rarr; <strong>1291</strong><br />(+29 for winning)
|l|☆Aggrhy
|player|p1|
|l|☆jinu55
|player|p2|
