|j|☆Oij
|j|☆uihjvb
|t:|1758347139
|gametype|singles
|player|p1|Oij|harlequin|1103
|player|p2|uihjvb|266|1136
|gen|9
|tier|[Gen 9] OU
|rated|
|rule|HP Percentage Mod: HP is shown in percentages
|rule|Endless Battle Clause: Forcing endless battles is banned
|rule|Species Clause: Limit one of each Pokémon
|rule|OHKO Clause: OHKO moves are banned
|rule|Evasion Items Clause: Evasion items are banned
|rule|Evasion Moves Clause: Evasion moves are banned
|rule|Evasion Abilities Clause: Evasion abilities are banned
|rule|Sleep Moves Clause: Sleep-inducing moves are banned
|clearpoke
|poke|p1|Iron Treads|
|poke|p1|Moltres|
|poke|p1|Tyranitar, M|
|poke|p1|Dondozo, M|
|poke|p1|Gliscor, F|
|poke|p1|Slowking-Galar, F|
|poke|p2|Ceruledge, M|
|poke|p2|Dondozo, F|
|poke|p2|Reuniclus, M|
|poke|p2|Toxapex, M|
|poke|p2|Dragonite, M|
|poke|p2|Gliscor, F|
|teampreview
|c|☆Oij|gl hf
|
|t:|1758347150
|teamsize|p1|6
|teamsize|p2|6
|start
|switch|p1a: magerntuh|Slowking-Galar, F|100/100
|switch|p2a: Toxapex|Toxapex, M|100/100
|turn|1
|inactive|Battle timer is ON: inactive players will automatically lose when time's up. (requested by uihjvb)
|
|t:|1758347180
|switch|p2a: Gliscor|Gliscor, F|100/100
|move|p1a: magerntuh|Future Sight|p2a: Gliscor
|-start|p1a: magerntuh|move: Future Sight
|
|-status|p2a: Gliscor|tox|[from] item: Toxic Orb
|upkeep
|turn|2
|
|t:|1758347190
|move|p2a: Gliscor|Earthquake|p1a: magerntuh
|-supereffective|p1a: magerntuh
|-damage|p1a: magerntuh|32/100
|move|p1a: magerntuh|Ice Beam|p2a: Gliscor
|-supereffective|p2a: Gliscor
|-damage|p2a: Gliscor|0 fnt
|faint|p2a: Gliscor
|-damage|p1a: magerntuh|22/100|[from] item: Life Orb
|
|upkeep
|
|t:|1758347210
|switch|p2a: Dondozo|Dondozo, F|100/100
|turn|3
|
|t:|1758347225
|switch|p1a: baby blue|Dondozo, M|100/100
|move|p2a: Dondozo|Liquidation|p1a: baby blue
|-resisted|p1a: baby blue
|-damage|p1a: baby blue|89/100
|
|-end|p2a: Dondozo|move: Future Sight
|-damage|p2a: Dondozo|45/100
|-heal|p1a: baby blue|95/100|[from] item: Leftovers
|upkeep
|turn|4
|
|t:|1758347243
|switch|p2a: Toxapex|Toxapex, M|100/100
|move|p1a: baby blue|Body Press|p2a: Toxapex
|-resisted|p2a: Toxapex
|-damage|p2a: Toxapex|95/100
|
|-heal|p1a: baby blue|100/100|[from] item: Leftovers
|-heal|p2a: Toxapex|100/100|[from] item: Leftovers
|upkeep
|turn|5
|
|t:|1758347266
|move|p2a: Toxapex|Baneful Bunker|p2a: Toxapex
|-singleturn|p2a: Toxapex|move: Protect
|move|p1a: baby blue|Heavy Slam|p2a: Toxapex
|-activate|p2a: Toxapex|move: Protect
|-status|p1a: baby blue|psn
|
|-damage|p1a: baby blue|88/100 psn|[from] psn
|upkeep
|turn|6
|
|t:|1758347291
|switch|p1a: magerntuh|Slowking-Galar, F|55/100
|move|p2a: Toxapex|Surf|p1a: magerntuh
|-damage|p1a: magerntuh|40/100
|
|upkeep
|turn|7
|inactive|uihjvb has 120 seconds left.
|inactive|Oij has 120 seconds left.
|
|t:|1758347321
|switch|p2a: Dragonite|Dragonite, M|100/100
|move|p1a: magerntuh|Future Sight|p2a: Dragonite
|-start|p1a: magerntuh|move: Future Sight
|
|upkeep
|turn|8
|inactive|Oij has 120 seconds left.
|
|t:|1758347343
|switch|p1a: baby blue|Dondozo, M|88/100 psn
|move|p2a: Dragonite|Earthquake|p1a: baby blue
|-damage|p1a: baby blue|65/100 psn
|
|-heal|p1a: baby blue|71/100 psn|[from] item: Leftovers
|-damage|p1a: baby blue|58/100 psn|[from] psn
|upkeep
|turn|9
|inactive|uihjvb has 120 seconds left.
|
|t:|1758347360
|move|p2a: Dragonite|Roost||[still]
|-fail|p2a: Dragonite|heal
|move|p1a: baby blue|Avalanche|p2a: Dragonite
|-supereffective|p2a: Dragonite
|-damage|p2a: Dragonite|61/100
|
|-end|p2a: Dragonite|move: Future Sight
|-damage|p2a: Dragonite|0 fnt
|faint|p2a: Dragonite
|-heal|p1a: baby blue|65/100 psn|[from] item: Leftovers
|-damage|p1a: baby blue|52/100 psn|[from] psn
|upkeep
|inactive|uihjvb has 120 seconds left.
|
|t:|1758347381
|switch|p2a: Reuniclus|Reuniclus, M|100/100
|turn|10
|inactive|Oij has 120 seconds left.
|
|t:|1758347395
|switch|p1a: gru|Tyranitar, M|100/100
|-weather|Sandstorm|[from] ability: Sand Stream|[of] p1a: gru
|move|p2a: Reuniclus|Acid Armor|p2a: Reuniclus
|-boost|p2a: Reuniclus|def|2
|
|-weather|Sandstorm|[upkeep]
|upkeep
|turn|11
|inactive|Oij has 120 seconds left.
|inactive|uihjvb has 120 seconds left.
|
|t:|1758347409
|switch|p2a: Toxapex|Toxapex, M|100/100
|move|p1a: gru|Dragon Tail|p2a: Toxapex
|-damage|p2a: Toxapex|89/100
|drag|p2a: Reuniclus|Reuniclus, M|100/100
|
|-weather|Sandstorm|[upkeep]
|upkeep
|turn|12
|inactive|Oij has 120 seconds left.
|inactive|uihjvb has 120 seconds left.
|
|t:|1758347422
|switch|p2a: Toxapex|Toxapex, M|89/100
|move|p1a: gru|Dragon Tail|p2a: Toxapex
|-damage|p2a: Toxapex|79/100
|drag|p2a: Reuniclus|Reuniclus, M|100/100
|
|-weather|Sandstorm|[upkeep]
|upkeep
|turn|13
|inactive|uihjvb has 120 seconds left.
|
|t:|1758347433
|switch|p2a: Toxapex|Toxapex, M|79/100
|move|p1a: gru|Earth Power|p2a: Toxapex
|-supereffective|p2a: Toxapex
|-damage|p2a: Toxapex|32/100
|
|-weather|Sandstorm|[upkeep]
|-damage|p2a: Toxapex|26/100|[from] Sandstorm
|-heal|p2a: Toxapex|32/100|[from] item: Leftovers
|upkeep
|turn|14
|inactive|uihjvb has 120 seconds left.
|
|t:|1758347445
|move|p1a: gru|Earth Power|p2a: Toxapex
|-supereffective|p2a: Toxapex
|-damage|p2a: Toxapex|0 fnt
|faint|p2a: Toxapex
|
|-weather|none
|upkeep
|
|t:|1758347454
|switch|p2a: Dondozo|Dondozo, F|45/100
|turn|15
|inactive|uihjvb has 120 seconds left.
|
|t:|1758347461
|switch|p1a: baby blue|Dondozo, M|52/100 psn
|move|p2a: Dondozo|Avalanche|p1a: baby blue
|-resisted|p1a: baby blue
|-damage|p1a: baby blue|46/100 psn
|
|-heal|p1a: baby blue|53/100 psn|[from] item: Leftovers
|-damage|p1a: baby blue|40/100 psn|[from] psn
|upkeep
|turn|16
|inactive|uihjvb has 120 seconds left.
|
|t:|1758347475
|move|p2a: Dondozo|Rest|p2a: Dondozo
|-status|p2a: Dondozo|slp|[from] move: Rest
|-heal|p2a: Dondozo|100/100 slp|[silent]
|move|p1a: baby blue|Body Press|p2a: Dondozo
|-damage|p2a: Dondozo|87/100 slp
|-damage|p1a: baby blue|24/100 psn|[from] item: Rocky Helmet|[of] p2a: Dondozo
|
|-heal|p1a: baby blue|30/100 psn|[from] item: Leftovers
|-damage|p1a: baby blue|18/100 psn|[from] psn
|upkeep
|turn|17
|inactive|uihjvb has 120 seconds left.
|
|t:|1758347501
|switch|p1a: magerntuh|Slowking-Galar, F|73/100
|cant|p2a: Dondozo|slp
|move|p2a: Dondozo|Sleep Talk|p2a: Dondozo
|move|p2a: Dondozo|Rest||[from] move: Sleep Talk|[still]
|-fail|p2a: Dondozo
|
|upkeep
|turn|18
|inactive|uihjvb has 120 seconds left.
|
|t:|1758347515
|switch|p2a: Ceruledge|Ceruledge, M|100/100
|move|p1a: magerntuh|Future Sight|p2a: Ceruledge
|-start|p1a: magerntuh|move: Future Sight
|
|upkeep
|turn|19
|inactive|uihjvb has 120 seconds left.
|
|t:|1758347532
|switch|p1a: baby blue|Dondozo, M|18/100 psn
|move|p2a: Ceruledge|Shadow Sneak|p1a: baby blue
|-crit|p1a: baby blue
|-damage|p1a: baby blue|0 fnt
|faint|p1a: baby blue
|
|upkeep
|
|t:|1758347542
|switch|p1a: grand daddy purp|Gliscor, F|100/100
|turn|20
|
|t:|1758347550
|switch|p2a: Reuniclus|Reuniclus, M|100/100
|move|p1a: grand daddy purp|Knock Off|p2a: Reuniclus
|-supereffective|p2a: Reuniclus
|-damage|p2a: Reuniclus|41/100
|-enditem|p2a: Reuniclus|Leftovers|[from] move: Knock Off|[of] p1a: grand daddy purp
|
|-end|p2a: Reuniclus|move: Future Sight
|-resisted|p2a: Reuniclus
|-damage|p2a: Reuniclus|20/100
|-status|p1a: grand daddy purp|tox|[from] item: Toxic Orb
|upkeep
|turn|21
|inactive|uihjvb has 120 seconds left.
|
|t:|1758347574
|switch|p2a: Dondozo|Dondozo, F|87/100 slp
|move|p1a: grand daddy purp|Earthquake|p2a: Dondozo
|-damage|p2a: Dondozo|60/100 slp
|
|upkeep
|turn|22
|inactive|uihjvb has 120 seconds left.
|
|t:|1758347589
|switch|p1a: magerntuh|Slowking-Galar, F|100/100
|cant|p2a: Dondozo|slp
|
|upkeep
|turn|23
|
|t:|1758347598
|-curestatus|p2a: Dondozo|slp|[msg]
|move|p2a: Dondozo|Sleep Talk||[still]
|-fail|p2a: Dondozo
|move|p1a: magerntuh|Future Sight|p2a: Dondozo
|-start|p1a: magerntuh|move: Future Sight
|
|upkeep
|turn|24
|
|t:|1758347606
|move|p1a: magerntuh|Sludge Wave|p2a: Dondozo
|-damage|p2a: Dondozo|3/100
|-damage|p1a: magerntuh|91/100|[from] item: Life Orb
|move|p2a: Dondozo|Avalanche|p1a: magerntuh
|-damage|p1a: magerntuh|54/100
|
|upkeep
|turn|25
|
|t:|1758347623
|move|p1a: magerntuh|Sludge Wave|p2a: Dondozo
|-damage|p2a: Dondozo|0 fnt
|faint|p2a: Dondozo
|-damage|p1a: magerntuh|44/100|[from] item: Life Orb
|
|-hint|Future Sight did not hit because the target is fainted.
|upkeep
|
|t:|1758347636
|switch|p2a: Reuniclus|Reuniclus, M|20/100
|turn|26
|
|t:|1758347651
|switch|p1a: orello|Moltres|100/100
|move|p2a: Reuniclus|Recover|p2a: Reuniclus
|-heal|p2a: Reuniclus|70/100
|
|upkeep
|turn|27
|
|t:|1758347659
|move|p1a: orello|U-turn|p2a: Reuniclus
|-supereffective|p2a: Reuniclus
|-damage|p2a: Reuniclus|40/100
|
|t:|1758347663
|switch|p1a: gru|Tyranitar, M|100/100|[from] U-turn
|-weather|Sandstorm|[from] ability: Sand Stream|[of] p1a: gru
|move|p2a: Reuniclus|Recover|p2a: Reuniclus
|-heal|p2a: Reuniclus|90/100
|
|-weather|Sandstorm|[upkeep]
|upkeep
|turn|28
|
|t:|1758347677
|switch|p2a: Ceruledge|Ceruledge, M|100/100
|move|p1a: gru|Dragon Tail|p2a: Ceruledge
|-damage|p2a: Ceruledge|75/100
|-ability|p2a: Ceruledge|Weak Armor|boost
|-unboost|p2a: Ceruledge|def|1
|-boost|p2a: Ceruledge|spe|2
|drag|p2a: Reuniclus|Reuniclus, M|90/100
|
|-weather|Sandstorm|[upkeep]
|upkeep
|turn|29
|
|t:|1758347691
|move|p2a: Reuniclus|Acid Armor|p2a: Reuniclus
|-boost|p2a: Reuniclus|def|2
|move|p1a: gru|Dragon Tail|p2a: Reuniclus
|-damage|p2a: Reuniclus|81/100
|drag|p2a: Ceruledge|Ceruledge, M|75/100
|
|-weather|Sandstorm|[upkeep]
|-damage|p2a: Ceruledge|69/100|[from] Sandstorm
|upkeep
|turn|30
|
|t:|1758347702
|move|p2a: Ceruledge|Close Combat|p1a: gru
|-supereffective|p1a: gru
|-damage|p1a: gru|0 fnt
|-unboost|p2a: Ceruledge|def|1
|-unboost|p2a: Ceruledge|spd|1
|faint|p1a: gru
|
|-weather|Sandstorm|[upkeep]
|-damage|p2a: Ceruledge|63/100|[from] Sandstorm
|upkeep
|inactive|Oij has 120 seconds left.
|
|t:|1758347734
|switch|p1a: grand daddy purp|Gliscor, F|100/100 tox
|turn|31
|inactive|Oij has 120 seconds left.
|
|t:|1758347740
|move|p2a: Ceruledge|Shadow Sneak|p1a: grand daddy purp
|-damage|p1a: grand daddy purp|77/100 tox
|move|p1a: grand daddy purp|Earthquake|p2a: Ceruledge
|-supereffective|p2a: Ceruledge
|-damage|p2a: Ceruledge|0 fnt
|faint|p2a: Ceruledge
|
|-weather|none
|-heal|p1a: grand daddy purp|90/100 tox|[from] ability: Poison Heal
|upkeep
|
|t:|1758347751
|switch|p2a: Reuniclus|Reuniclus, M|81/100
|turn|32
|
|t:|1758347761
|move|p1a: grand daddy purp|Earthquake|p2a: Reuniclus
|-damage|p2a: Reuniclus|41/100
|move|p2a: Reuniclus|Acid Armor|p2a: Reuniclus
|-boost|p2a: Reuniclus|def|2
|
|-heal|p1a: grand daddy purp|100/100 tox|[from] ability: Poison Heal
|upkeep
|turn|33
|
|t:|1758347770
|move|p1a: grand daddy purp|Earthquake|p2a: Reuniclus
|-damage|p2a: Reuniclus|17/100
|move|p2a: Reuniclus|Recover|p2a: Reuniclus
|-heal|p2a: Reuniclus|67/100
|
|upkeep
|turn|34
|
|t:|1758347789
|switch|p1a: orello|Moltres|100/100
|move|p2a: Reuniclus|Acid Armor|p2a: Reuniclus
|-boost|p2a: Reuniclus|def|2
|
|upkeep
|turn|35
|
|t:|1758347796
|move|p1a: orello|Flamethrower|p2a: Reuniclus
|-damage|p2a: Reuniclus|36/100
|move|p2a: Reuniclus|Calm Mind|p2a: Reuniclus
|-boost|p2a: Reuniclus|spa|1
|-boost|p2a: Reuniclus|spd|1
|
|upkeep
|turn|36
|
|t:|1758347805
|move|p1a: orello|Flamethrower|p2a: Reuniclus
|-damage|p2a: Reuniclus|15/100
|-status|p2a: Reuniclus|brn
|move|p2a: Reuniclus|Recover|p2a: Reuniclus
|-heal|p2a: Reuniclus|65/100 brn
|
|upkeep
|turn|37
|
|t:|1758347815
|move|p1a: orello|Flamethrower|p2a: Reuniclus
|-damage|p2a: Reuniclus|44/100 brn
|move|p2a: Reuniclus|Calm Mind|p2a: Reuniclus
|-boost|p2a: Reuniclus|spa|1
|-boost|p2a: Reuniclus|spd|1
|
|upkeep
|turn|38
|
|t:|1758347826
|move|p1a: orello|Flamethrower|p2a: Reuniclus
|-damage|p2a: Reuniclus|27/100 brn
|move|p2a: Reuniclus|Recover|p2a: Reuniclus
|-heal|p2a: Reuniclus|77/100 brn
|
|upkeep
|turn|39
|
|t:|1758347833
|move|p1a: orello|Air Slash|p2a: Reuniclus
|-damage|p2a: Reuniclus|63/100 brn
|move|p2a: Reuniclus|Calm Mind|p2a: Reuniclus
|-boost|p2a: Reuniclus|spa|1
|-boost|p2a: Reuniclus|spd|1
|
|upkeep
|turn|40
|c|☆Oij|well
|c|☆Oij|gg i guess lol
|-message|Oij forfeited.
|
|win|uihjvb
|raw|Oij's rating: 1103 &rarr; <strong>1080</strong><br />(-23 for losing)
|raw|uihjvb's rating: 1136 &rarr; <strong>1159</strong><br />(+23 for winning)
|l|☆Oij
|player|p1|
