|j|☆LOUSINETCOKI
|j|☆FuzRa_Sheikra
|t:|1758294632
|gametype|singles
|player|p1|LOUSINETCOKI|2|1524
|player|p2|FuzRa_Sheikra|acetrainersnow|1538
|gen|9
|tier|[Gen 9] OU
|rated|
|rule|HP Percentage Mod: HP is shown in percentages
|rule|Endless Battle Clause: Forcing endless battles is banned
|rule|Species Clause: Limit one of each Pokémon
|rule|OHKO Clause: OHKO moves are banned
|rule|Evasion Items Clause: Evasion items are banned
|rule|Evasion Moves Clause: Evasion moves are banned
|rule|Evasion Abilities Clause: Evasion abilities are banned
|rule|Sleep Moves Clause: Sleep-inducing moves are banned
|clearpoke
|poke|p1|Torkoal, F|
|poke|p1|Hatterene, F|
|poke|p1|Walking Wake|
|poke|p1|Iron Moth|
|poke|p1|Great Tusk|
|poke|p1|Lilligant-Hisui, F|
|poke|p2|Landorus-Therian, M|
|poke|p2|Sinistcha|
|poke|p2|Tinkaton, F|
|poke|p2|Moltres|
|poke|p2|Samurott-Hisui, M|
|poke|p2|Hydreigon, M|
|teampreview
|inactive|Battle timer is ON: inactive players will automatically lose when time's up. (requested by LOUSINETCOKI)
|
|t:|1758294646
|teamsize|p1|6
|teamsize|p2|6
|start
|switch|p1a: Torkoal|Torkoal, F|100/100
|switch|p2a: Hydreigon|Hydreigon, M, shiny|100/100
|-weather|SunnyDay|[from] ability: Drought|[of] p1a: Torkoal
|turn|1
|
|t:|1758294653
|switch|p1a: Hatterene|Hatterene, F|100/100
|move|p2a: Hydreigon|Draco Meteor|p1a: Hatterene
|-immune|p1a: Hatterene
|
|-weather|SunnyDay|[upkeep]
|upkeep
|turn|2
|
|t:|1758294662
|switch|p2a: Tinkaton|Tinkaton, F|100/100
|-item|p2a: Tinkaton|Air Balloon
|move|p1a: Hatterene|Mystical Fire|p2a: Tinkaton
|-supereffective|p2a: Tinkaton
|-damage|p2a: Tinkaton|33/100
|-unboost|p2a: Tinkaton|spa|1
|-enditem|p2a: Tinkaton|Air Balloon
|
|-weather|SunnyDay|[upkeep]
|upkeep
|turn|3
|
|t:|1758294676
|move|p2a: Tinkaton|Stealth Rock|p1a: Hatterene
|move|p1a: Hatterene|Stealth Rock|p2a: Tinkaton|[from] ability: Magic Bounce
|-sidestart|p2: FuzRa_Sheikra|move: Stealth Rock
|move|p1a: Hatterene|Nuzzle|p2a: Tinkaton
|-damage|p2a: Tinkaton|28/100
|-status|p2a: Tinkaton|par
|-enditem|p1a: Hatterene|Eject Button|[silent]|[from] ability: Pickpocket|[of] p1a: Hatterene
|-item|p2a: Tinkaton|Eject Button|[from] ability: Pickpocket|[of] p1a: Hatterene
|
|-weather|SunnyDay|[upkeep]
|upkeep
|turn|4
|
|t:|1758294690
|move|p2a: Tinkaton|Gigaton Hammer|p1a: Hatterene
|-supereffective|p1a: Hatterene
|-damage|p1a: Hatterene|0 fnt
|faint|p1a: Hatterene
|
|-weather|SunnyDay|[upkeep]
|upkeep
|
|t:|1758294709
|switch|p1a: Lilligant|Lilligant-Hisui, F|100/100
|turn|5
|
|t:|1758294716
|move|p1a: Lilligant|Solar Blade||[still]
|-prepare|p1a: Lilligant|Solar Blade
|-anim|p1a: Lilligant|Solar Blade|p2a: Tinkaton
|-resisted|p2a: Tinkaton
|-damage|p2a: Tinkaton|0 fnt
|faint|p2a: Tinkaton
|-damage|p1a: Lilligant|91/100|[from] item: Life Orb
|
|-weather|SunnyDay|[upkeep]
|upkeep
|
|t:|1758294726
|switch|p2a: Moltres|Moltres|100/100
|turn|6
|
|t:|1758294730
|switch|p1a: Walking Wake|Walking Wake|100/100
|-activate|p1a: Walking Wake|ability: Protosynthesis
|-start|p1a: Walking Wake|protosynthesisspe
|move|p2a: Moltres|U-turn|p1a: Walking Wake
|-damage|p1a: Walking Wake|84/100
|
|t:|1758294740
|switch|p2a: Samurott|Samurott-Hisui, M|100/100|[from] U-turn
|
|-weather|SunnyDay|[upkeep]
|upkeep
|turn|7
|
|t:|1758294745
|move|p1a: Walking Wake|Draco Meteor|p2a: Samurott
|-crit|p2a: Samurott
|-damage|p2a: Samurott|0 fnt
|-unboost|p1a: Walking Wake|spa|2
|faint|p2a: Samurott
|
|-weather|SunnyDay|[upkeep]
|upkeep
|
|t:|1758294762
|switch|p2a: Landorus|Landorus-Therian, M|100/100
|-damage|p2a: Landorus|88/100|[from] Stealth Rock
|-ability|p2a: Landorus|Intimidate|boost
|-unboost|p1a: Walking Wake|atk|1
|turn|8
|
|t:|1758294771
|-end|p1a: Walking Wake|Protosynthesis|[silent]
|switch|p1a: Great Tusk|Great Tusk|100/100
|-activate|p1a: Great Tusk|ability: Protosynthesis
|-start|p1a: Great Tusk|protosynthesisspe
|move|p2a: Landorus|Grass Knot|p1a: Great Tusk
|-supereffective|p1a: Great Tusk
|-damage|p1a: Great Tusk|21/100
|-damage|p2a: Landorus|72/100|[from] item: Rocky Helmet|[of] p1a: Great Tusk
|
|-weather|none
|-end|p1a: Great Tusk|Protosynthesis
|upkeep
|turn|9
|
|t:|1758294782
|switch|p2a: Hydreigon|Hydreigon, M, shiny|100/100
|-damage|p2a: Hydreigon|88/100|[from] Stealth Rock
|-end|p1a: Great Tusk|Protosynthesis|[silent]
|switch|p1a: Torkoal|Torkoal, F|100/100
|-weather|SunnyDay|[from] ability: Drought|[of] p1a: Torkoal
|
|-weather|SunnyDay|[upkeep]
|upkeep
|turn|10
|
|t:|1758294792
|move|p2a: Hydreigon|Draco Meteor|p1a: Torkoal
|-damage|p1a: Torkoal|0 fnt
|-unboost|p2a: Hydreigon|spa|2
|faint|p1a: Torkoal
|
|-weather|SunnyDay|[upkeep]
|upkeep
|
|t:|1758294813
|switch|p1a: Lilligant|Lilligant-Hisui, F|91/100
|turn|11
|inactive|LOUSINETCOKI has 120 seconds left.
|
|t:|1758294835
|switch|p2a: Moltres|Moltres|100/100
|move|p1a: Lilligant|Close Combat|p2a: Moltres
|-resisted|p2a: Moltres
|-damage|p2a: Moltres|70/100
|-unboost|p1a: Lilligant|def|1
|-unboost|p1a: Lilligant|spd|1
|-status|p1a: Lilligant|brn|[from] ability: Flame Body|[of] p2a: Moltres
|-damage|p1a: Lilligant|81/100 brn|[from] item: Life Orb
|
|-weather|SunnyDay|[upkeep]
|-damage|p1a: Lilligant|75/100 brn|[from] brn
|upkeep
|turn|12
|inactive|LOUSINETCOKI has 120 seconds left.
|
|t:|1758294851
|switch|p1a: Walking Wake|Walking Wake|84/100
|-activate|p1a: Walking Wake|ability: Protosynthesis
|-start|p1a: Walking Wake|protosynthesisspe
|move|p2a: Moltres|U-turn|p1a: Walking Wake
|-damage|p1a: Walking Wake|69/100
|
|t:|1758294858
|switch|p2a: Sinistcha|Sinistcha|100/100|[from] U-turn
|
|-weather|SunnyDay|[upkeep]
|upkeep
|turn|13
|
|t:|1758294867
|-terastallize|p2a: Sinistcha|Poison
|move|p1a: Walking Wake|Flamethrower|p2a: Sinistcha
|-damage|p2a: Sinistcha|57/100
|-status|p2a: Sinistcha|brn
|move|p2a: Sinistcha|Strength Sap|p1a: Walking Wake
|-unboost|p1a: Walking Wake|atk|1
|-heal|p2a: Sinistcha|100/100 brn
|
|-weather|SunnyDay|[upkeep]
|-damage|p2a: Sinistcha|98/100 brn|[from] brn
|upkeep
|turn|14
|inactive|LOUSINETCOKI has 120 seconds left.
|
|t:|1758294895
|-end|p1a: Walking Wake|Protosynthesis|[silent]
|switch|p1a: Iron Moth|Iron Moth|100/100
|-enditem|p1a: Iron Moth|Booster Energy
|-activate|p1a: Iron Moth|ability: Quark Drive|[fromitem]
|-start|p1a: Iron Moth|quarkdrivespe
|move|p2a: Sinistcha|Matcha Gotcha|p1a: Iron Moth
|-resisted|p1a: Iron Moth
|-damage|p1a: Iron Moth|93/100
|-heal|p2a: Sinistcha|100/100 brn|[from] drain|[of] p1a: Iron Moth
|
|-weather|SunnyDay|[upkeep]
|-damage|p2a: Sinistcha|98/100 brn|[from] brn
|upkeep
|turn|15
|inactive|LOUSINETCOKI has 120 seconds left.
|
|t:|1758294906
|move|p1a: Iron Moth|Fiery Dance|p2a: Sinistcha
|-damage|p2a: Sinistcha|59/100 brn
|move|p2a: Sinistcha|Strength Sap|p1a: Iron Moth
|-unboost|p1a: Iron Moth|atk|1
|-heal|p2a: Sinistcha|100/100 brn
|
|-weather|SunnyDay|[upkeep]
|-damage|p2a: Sinistcha|98/100 brn|[from] brn
|upkeep
|turn|16
|
|t:|1758294921
|switch|p2a: Moltres|Moltres|70/100
|move|p1a: Iron Moth|Fiery Dance|p2a: Moltres
|-resisted|p2a: Moltres
|-damage|p2a: Moltres|45/100
|
|-weather|none
|upkeep
|turn|17
|
|t:|1758294928
|move|p1a: Iron Moth|Sludge Wave|p2a: Moltres
|-damage|p2a: Moltres|8/100
|-status|p2a: Moltres|psn
|move|p2a: Moltres|Scorching Sands|p1a: Iron Moth
|-supereffective|p1a: Iron Moth
|-damage|p1a: Iron Moth|17/100
|
|-damage|p2a: Moltres|0 fnt|[from] psn
|faint|p2a: Moltres
|upkeep
|
|t:|1758294942
|switch|p2a: Sinistcha|Sinistcha, tera:Poison|98/100 brn
|turn|18
|
|t:|1758294945
|move|p1a: Iron Moth|Fiery Dance|p2a: Sinistcha
|-damage|p2a: Sinistcha|71/100 brn
|move|p2a: Sinistcha|Shadow Ball|p1a: Iron Moth
|-damage|p1a: Iron Moth|0 fnt
|faint|p1a: Iron Moth
|-end|p1a: Iron Moth|Quark Drive|[silent]
|
|-damage|p2a: Sinistcha|68/100 brn|[from] brn
|upkeep
|
|t:|1758294960
|switch|p1a: Great Tusk|Great Tusk|21/100
|turn|19
|
|t:|1758294965
|switch|p2a: Landorus|Landorus-Therian, M|72/100
|-damage|p2a: Landorus|59/100|[from] Stealth Rock
|-ability|p2a: Landorus|Intimidate|boost
|-unboost|p1a: Great Tusk|atk|1
|move|p1a: Great Tusk|Ice Spinner|p2a: Landorus
|-supereffective|p2a: Landorus
|-damage|p2a: Landorus|0 fnt
|faint|p2a: Landorus
|
|upkeep
|
|t:|1758294973
|switch|p2a: Hydreigon|Hydreigon, M, shiny|88/100
|-damage|p2a: Hydreigon|76/100|[from] Stealth Rock
|turn|20
|
|t:|1758294990
|-end|p1a: Great Tusk|Protosynthesis|[silent]
|switch|p1a: Lilligant|Lilligant-Hisui, F|75/100 brn
|move|p2a: Hydreigon|Dark Pulse|p1a: Lilligant
|-resisted|p1a: Lilligant
|-damage|p1a: Lilligant|25/100 brn
|
|-damage|p1a: Lilligant|19/100 brn|[from] brn
|upkeep
|turn|21
|
|t:|1758295003
|move|p2a: Hydreigon|Dark Pulse|p1a: Lilligant
|-resisted|p1a: Lilligant
|-damage|p1a: Lilligant|0 fnt
|faint|p1a: Lilligant
|
|upkeep
|inactive|LOUSINETCOKI has 120 seconds left.
|inactive|LOUSINETCOKI has 90 seconds left.
|
|t:|1758295062
|switch|p1a: Walking Wake|Walking Wake|69/100
|turn|22
|inactive|LOUSINETCOKI has 90 seconds left.
|
|t:|1758295073
|move|p1a: Walking Wake|Hydro Steam|p2a: Hydreigon
|-resisted|p2a: Hydreigon
|-damage|p2a: Hydreigon|42/100
|move|p2a: Hydreigon|Dark Pulse|p1a: Walking Wake
|-damage|p1a: Walking Wake|0 fnt
|faint|p1a: Walking Wake
|-end|p1a: Walking Wake|Protosynthesis|[silent]
|
|upkeep
|inactive|LOUSINETCOKI has 90 seconds left.
|
|t:|1758295081
|switch|p1a: Great Tusk|Great Tusk|21/100
|turn|23
|
|t:|1758295087
|move|p2a: Hydreigon|Dark Pulse|p1a: Great Tusk
|-resisted|p1a: Great Tusk
|-damage|p1a: Great Tusk|0 fnt
|faint|p1a: Great Tusk
|-end|p1a: Great Tusk|Protosynthesis|[silent]
|
|win|FuzRa_Sheikra
|raw|LOUSINETCOKI's rating: 1524 &rarr; <strong>1505</strong><br />(-19 for losing)
|raw|FuzRa_Sheikra's rating: 1538 &rarr; <strong>1557</strong><br />(+19 for winning)
|l|☆LOUSINETCOKI
|player|p1|
|l|☆FuzRa_Sheikra
|player|p2|
