|j|☆slowbro213
|j|☆moriatys
|t:|1758365867
|gametype|singles
|player|p1|slowbro213|2|1232
|player|p2|moriatys|101|1235
|gen|9
|tier|[Gen 9] OU
|rated|
|rule|HP Percentage Mod: HP is shown in percentages
|rule|Endless Battle Clause: Forcing endless battles is banned
|rule|Species Clause: Limit one of each Pokémon
|rule|OHKO Clause: OHKO moves are banned
|rule|Evasion Items Clause: Evasion items are banned
|rule|Evasion Moves Clause: Evasion moves are banned
|rule|Evasion Abilities Clause: Evasion abilities are banned
|rule|Sleep Moves Clause: Sleep-inducing moves are banned
|clearpoke
|poke|p1|Comfey, F|
|poke|p1|Scrafty, F|
|poke|p1|Hawlucha, F|
|poke|p1|Dondozo, M|
|poke|p1|Garganacl, F|
|poke|p1|Kingambit, F|
|poke|p2|Great Tusk|
|poke|p2|Heatran, M|
|poke|p2|Weavile, M|
|poke|p2|Primarina, M|
|poke|p2|Ogerpon, F|
|poke|p2|Pecharunt|
|teampreview
|inactive|Battle timer is ON: inactive players will automatically lose when time's up. (requested by slowbro213)
|
|t:|1758365881
|teamsize|p1|6
|teamsize|p2|6
|start
|switch|p1a: Garganacl|Garganacl, F|100/100
|switch|p2a: Chaos|Heatran, M, shiny|100/100
|-item|p2a: Chaos|Air Balloon
|turn|1
|
|t:|1758365885
|move|p2a: Chaos|Taunt|p1a: Garganacl
|-start|p1a: Garganacl|move: Taunt
|move|p1a: Garganacl|Salt Cure|p2a: Chaos
|-damage|p2a: Chaos|87/100
|-start|p2a: Chaos|Salt Cure
|-enditem|p2a: Chaos|Air Balloon
|
|-damage|p2a: Chaos|62/100|[from] Salt Cure
|upkeep
|turn|2
|
|t:|1758365891
|switch|p2a: Anonymous|Ogerpon, F|100/100
|move|p1a: Garganacl|Body Press|p2a: Anonymous
|-damage|p2a: Anonymous|62/100
|
|upkeep
|turn|3
|
|t:|1758365894
|move|p2a: Anonymous|Ivy Cudgel|p1a: Garganacl
|-supereffective|p1a: Garganacl
|-damage|p1a: Garganacl|20/100
|move|p1a: Garganacl|Salt Cure|p2a: Anonymous
|-damage|p2a: Anonymous|43/100
|-start|p2a: Anonymous|Salt Cure
|
|-heal|p1a: Garganacl|26/100|[from] item: Leftovers
|-damage|p2a: Anonymous|30/100|[from] Salt Cure
|-end|p1a: Garganacl|move: Taunt
|upkeep
|turn|4
|
|t:|1758365899
|move|p2a: Anonymous|Ivy Cudgel|p1a: Garganacl
|-supereffective|p1a: Garganacl
|-damage|p1a: Garganacl|0 fnt
|faint|p1a: Garganacl
|
|-damage|p2a: Anonymous|18/100|[from] Salt Cure
|upkeep
|
|t:|1758365905
|switch|p1a: Hawlucha|Hawlucha, F|100/100
|turn|5
|
|t:|1758365915
|switch|p2a: Celestine|Primarina, M, shiny|100/100
|move|p1a: Hawlucha|Sky Attack||[still]
|-prepare|p1a: Hawlucha|Sky Attack
|-enditem|p1a: Hawlucha|Power Herb
|-anim|p1a: Hawlucha|Sky Attack|p2a: Celestine
|-damage|p2a: Celestine|22/100
|
|upkeep
|turn|6
|
|t:|1758365917
|move|p1a: Hawlucha|Acrobatics|p2a: Celestine
|-damage|p2a: Celestine|0 fnt
|faint|p2a: Celestine
|
|upkeep
|
|t:|1758365924
|switch|p2a: Overseer|Pecharunt|100/100
|turn|7
|
|t:|1758365929
|move|p1a: Hawlucha|Swords Dance|p1a: Hawlucha
|-boost|p1a: Hawlucha|atk|2
|move|p2a: Overseer|Malignant Chain|p1a: Hawlucha
|-damage|p1a: Hawlucha|48/100
|
|upkeep
|turn|8
|
|t:|1758365935
|move|p1a: Hawlucha|Acrobatics|p2a: Overseer
|-damage|p2a: Overseer|57/100
|-damage|p1a: Hawlucha|31/100|[from] item: Rocky Helmet|[of] p2a: Overseer
|move|p2a: Overseer|Malignant Chain|p1a: Hawlucha
|-damage|p1a: Hawlucha|0 fnt
|faint|p1a: Hawlucha
|
|upkeep
|
|t:|1758365942
|switch|p1a: Kingambit|Kingambit, F|100/100
|-activate|p1a: Kingambit|ability: Supreme Overlord
|-start|p1a: Kingambit|fallen2|[silent]
|turn|9
|
|t:|1758365946
|move|p2a: Overseer|Parting Shot|p1a: Kingambit
|-unboost|p1a: Kingambit|atk|1
|-unboost|p1a: Kingambit|spa|1
|
|t:|1758365951
|switch|p2a: Anonymous|Ogerpon, F|18/100|[from] Parting Shot
|move|p1a: Kingambit|Swords Dance|p1a: Kingambit
|-boost|p1a: Kingambit|atk|2
|
|upkeep
|turn|10
|
|t:|1758365957
|move|p1a: Kingambit|Sucker Punch|p2a: Anonymous
|-damage|p2a: Anonymous|0 fnt
|faint|p2a: Anonymous
|
|upkeep
|
|t:|1758365960
|switch|p2a: Chaos|Heatran, M, shiny|62/100
|turn|11
|
|t:|1758365969
|-end|p1a: Kingambit|fallen2|[silent]
|switch|p1a: Dondozo|Dondozo, M|100/100
|-terastallize|p2a: Chaos|Fairy
|move|p2a: Chaos|Magma Storm|p1a: Dondozo
|-resisted|p1a: Dondozo
|-damage|p1a: Dondozo|77/100
|-activate|p1a: Dondozo|move: Magma Storm|[of] p2a: Chaos
|
|-damage|p1a: Dondozo|64/100|[from] move: Magma Storm|[partiallytrapped]
|upkeep
|turn|12
|
|t:|1758365978
|move|p2a: Chaos|Taunt|p1a: Dondozo
|-start|p1a: Dondozo|move: Taunt
|move|p1a: Dondozo|Avalanche|p2a: Chaos
|-damage|p2a: Chaos|44/100
|
|-damage|p1a: Dondozo|52/100|[from] move: Magma Storm|[partiallytrapped]
|upkeep
|turn|13
|
|t:|1758365990
|move|p2a: Chaos|Earth Power|p1a: Dondozo
|-damage|p1a: Dondozo|24/100
|move|p1a: Dondozo|Avalanche|p2a: Chaos
|-damage|p2a: Chaos|13/100
|
|-damage|p1a: Dondozo|11/100|[from] move: Magma Storm|[partiallytrapped]
|upkeep
|turn|14
|
|t:|1758365993
|move|p2a: Chaos|Earth Power|p1a: Dondozo
|-damage|p1a: Dondozo|0 fnt
|faint|p1a: Dondozo
|
|upkeep
|
|t:|1758366003
|switch|p1a: Scrafty|Scrafty, F|100/100
|turn|15
|
|t:|1758366009
|move|p2a: Chaos|Magma Storm|p1a: Scrafty|[miss]
|-miss|p2a: Chaos|p1a: Scrafty
|move|p1a: Scrafty|Dragon Dance|p1a: Scrafty
|-boost|p1a: Scrafty|atk|1
|-boost|p1a: Scrafty|spe|1
|
|upkeep
|turn|16
|
|t:|1758366032
|move|p1a: Scrafty|Ice Punch|p2a: Chaos
|-damage|p2a: Chaos|0 fnt
|faint|p2a: Chaos
|-ability|p1a: Scrafty|Moxie|boost
|-boost|p1a: Scrafty|atk|1
|
|upkeep
|
|t:|1758366039
|switch|p2a: Behemoth|Great Tusk, shiny|100/100
|turn|17
|
|t:|1758366044
|move|p1a: Scrafty|Ice Punch|p2a: Behemoth
|-supereffective|p2a: Behemoth
|-damage|p2a: Behemoth|33/100
|move|p2a: Behemoth|Close Combat|p1a: Scrafty
|-supereffective|p1a: Scrafty
|-damage|p1a: Scrafty|0 fnt
|-unboost|p2a: Behemoth|def|1
|-unboost|p2a: Behemoth|spd|1
|faint|p1a: Scrafty
|
|upkeep
|
|t:|1758366050
|switch|p1a: Comfey|Comfey, F|100/100
|turn|18
|
|t:|1758366055
|move|p2a: Behemoth|Headlong Rush|p1a: Comfey
|-damage|p1a: Comfey|0 fnt
|-unboost|p2a: Behemoth|def|1
|-unboost|p2a: Behemoth|spd|1
|faint|p1a: Comfey
|
|upkeep
|
|t:|1758366058
|switch|p1a: Kingambit|Kingambit, F|100/100
|-activate|p1a: Kingambit|ability: Supreme Overlord
|-start|p1a: Kingambit|fallen5|[silent]
|turn|19
|
|t:|1758366069
|move|p1a: Kingambit|Sucker Punch|p2a: Behemoth
|-resisted|p2a: Behemoth
|-damage|p2a: Behemoth|0 fnt
|faint|p2a: Behemoth
|-end|p2a: Behemoth|Protosynthesis|[silent]
|
|upkeep
|
|t:|1758366072
|switch|p2a: Bandit|Weavile, M, shiny|100/100
|-ability|p2a: Bandit|Pressure
|turn|20
|
|t:|1758366076
|-terastallize|p1a: Kingambit|Dark
|move|p2a: Bandit|Low Kick|p1a: Kingambit
|-supereffective|p1a: Kingambit
|-damage|p1a: Kingambit|25/100
|move|p1a: Kingambit|Iron Head|p2a: Bandit
|-supereffective|p2a: Bandit
|-damage|p2a: Bandit|0 fnt
|faint|p2a: Bandit
|
|upkeep
|
|t:|1758366082
|switch|p2a: Overseer|Pecharunt|57/100
|turn|21
|
|t:|1758366087
|move|p1a: Kingambit|Sucker Punch|p2a: Overseer
|-supereffective|p2a: Overseer
|-damage|p2a: Overseer|0 fnt
|-damage|p1a: Kingambit|9/100|[from] item: Rocky Helmet|[of] p2a: Overseer
|faint|p2a: Overseer
|
|win|slowbro213
|raw|slowbro213's rating: 1232 &rarr; <strong>1257</strong><br />(+25 for winning)
|raw|moriatys's rating: 1235 &rarr; <strong>1210</strong><br />(-25 for losing)
|l|☆moriatys
|player|p2|
|l|☆slowbro213
|player|p1|
