|j|☆LikeEmerald
|j|☆dang21
|t:|1758305126
|gametype|singles
|player|p1|LikeEmerald|265|1149
|player|p2|dang21|hilbert-wonderlauncher|1126
|gen|9
|tier|[Gen 9] OU
|rated|
|rule|HP Percentage Mod: HP is shown in percentages
|rule|Endless Battle Clause: Forcing endless battles is banned
|rule|Species Clause: Limit one of each Pokémon
|rule|OHKO Clause: OHKO moves are banned
|rule|Evasion Items Clause: Evasion items are banned
|rule|Evasion Moves Clause: Evasion moves are banned
|rule|Evasion Abilities Clause: Evasion abilities are banned
|rule|Sleep Moves Clause: Sleep-inducing moves are banned
|clearpoke
|poke|p1|Kricketune, F|
|poke|p1|Araquanid, M|
|poke|p1|Landorus-Therian, M|
|poke|p1|Magneton|
|poke|p1|Weezing, M|
|poke|p1|Blaziken, F|
|poke|p2|Hoopa|
|poke|p2|Iron Hands|
|poke|p2|Corviknight, F|
|poke|p2|Torterra, F|
|poke|p2|Dragonite, M|
|poke|p2|Blaziken, F|
|teampreview
|
|t:|1758305144
|teamsize|p1|6
|teamsize|p2|6
|start
|switch|p1a: Weezing|Weezing, M|100/100
|switch|p2a: Iron Hands|Iron Hands|100/100
|turn|1
|
|t:|1758305152
|-end|p2a: Iron Hands|Quark Drive|[silent]
|switch|p2a: Corviknight|Corviknight, F|100/100
|switch|p1a: Landorus|Landorus-Therian, M|100/100
|-ability|p1a: Landorus|Intimidate|boost
|-ability|p2a: Corviknight|Mirror Armor
|-unboost|p1a: Landorus|atk|1
|
|upkeep
|turn|2
|
|t:|1758305157
|move|p1a: Landorus|Stealth Rock|p2a: Corviknight
|-sidestart|p2: dang21|move: Stealth Rock
|move|p2a: Corviknight|U-turn|p1a: Landorus
|-resisted|p1a: Landorus
|-damage|p1a: Landorus|92/100
|-damage|p2a: Corviknight|84/100|[from] item: Rocky Helmet|[of] p1a: Landorus
|
|t:|1758305160
|switch|p2a: Iron Hands|Iron Hands|100/100|[from] U-turn
|-damage|p2a: Iron Hands|94/100|[from] Stealth Rock
|
|-heal|p2a: Iron Hands|100/100|[from] item: Leftovers
|upkeep
|turn|3
|
|t:|1758305178
|switch|p1a: Weezing|Weezing, M|100/100
|move|p2a: Iron Hands|Ice Punch|p1a: Weezing
|-damage|p1a: Weezing|77/100
|
|-heal|p1a: Weezing|83/100|[from] item: Leftovers
|upkeep
|turn|4
|
|t:|1758305186
|-end|p2a: Iron Hands|Quark Drive|[silent]
|switch|p2a: Corviknight|Corviknight, F|84/100
|-damage|p2a: Corviknight|72/100|[from] Stealth Rock
|move|p1a: Weezing|Flamethrower|p2a: Corviknight
|-supereffective|p2a: Corviknight
|-damage|p2a: Corviknight|27/100
|
|-heal|p1a: Weezing|89/100|[from] item: Leftovers
|upkeep
|turn|5
|
|t:|1758305192
|move|p2a: Corviknight|Defog|p1a: Weezing
|-unboost|p1a: Weezing|evasion|1
|-sideend|p2: dang21|Stealth Rock|[from] move: Defog|[of] p2a: Corviknight
|move|p1a: Weezing|Flamethrower|p2a: Corviknight
|-supereffective|p2a: Corviknight
|-damage|p2a: Corviknight|0 fnt
|faint|p2a: Corviknight
|
|-heal|p1a: Weezing|95/100|[from] item: Leftovers
|upkeep
|
|t:|1758305196
|switch|p2a: Torterra|Torterra, F|100/100
|turn|6
|
|t:|1758305218
|move|p1a: Weezing|Sludge Bomb|p2a: Torterra
|-damage|p2a: Torterra|60/100
|move|p2a: Torterra|Rock Blast|p1a: Weezing
|-crit|p1a: Weezing
|-damage|p1a: Weezing|84/100
|-damage|p1a: Weezing|77/100
|-damage|p1a: Weezing|70/100
|-damage|p1a: Weezing|62/100
|-hitcount|p1a: Weezing|4
|
|-heal|p1a: Weezing|68/100|[from] item: Leftovers
|upkeep
|turn|7
|
|t:|1758305244
|switch|p2a: Hoopa|Hoopa|100/100
|move|p1a: Weezing|Toxic Spikes|p2a: Hoopa
|-sidestart|p2: dang21|move: Toxic Spikes
|
|-heal|p1a: Weezing|74/100|[from] item: Leftovers
|upkeep
|turn|8
|
|t:|1758305252
|move|p1a: Weezing|Shadow Ball|p2a: Hoopa
|-supereffective|p2a: Hoopa
|-damage|p2a: Hoopa|33/100
|move|p2a: Hoopa|Trick Room|p2a: Hoopa
|-fieldstart|move: Trick Room|[of] p2a: Hoopa
|
|-heal|p1a: Weezing|80/100|[from] item: Leftovers
|upkeep
|turn|9
|
|t:|1758305261
|move|p1a: Weezing|Sludge Bomb|p2a: Hoopa
|-resisted|p2a: Hoopa
|-damage|p2a: Hoopa|20/100
|move|p2a: Hoopa|Hyperspace Hole|p1a: Weezing
|-supereffective|p1a: Weezing
|-damage|p1a: Weezing|0 fnt
|faint|p1a: Weezing
|
|upkeep
|
|t:|1758305277
|switch|p1a: Magneton|Magneton|100/100
|turn|10
|
|t:|1758305310
|move|p2a: Hoopa|Shadow Ball|p1a: Magneton
|-damage|p1a: Magneton|51/100
|move|p1a: Magneton|Flash Cannon|p2a: Hoopa
|-crit|p2a: Hoopa
|-damage|p2a: Hoopa|0 fnt
|faint|p2a: Hoopa
|
|upkeep
|
|t:|1758305316
|switch|p2a: Torterra|Torterra, F|60/100
|-status|p2a: Torterra|psn
|turn|11
|
|t:|1758305322
|switch|p1a: Landorus|Landorus-Therian, M|92/100
|-ability|p1a: Landorus|Intimidate|boost
|-unboost|p2a: Torterra|atk|1
|move|p2a: Torterra|Rock Blast|p1a: Landorus
|-damage|p1a: Landorus|85/100
|-damage|p1a: Landorus|77/100
|-damage|p1a: Landorus|71/100
|-damage|p1a: Landorus|64/100
|-damage|p1a: Landorus|57/100
|-hitcount|p1a: Landorus|5
|
|-damage|p2a: Torterra|47/100 psn|[from] psn
|upkeep
|turn|12
|
|t:|1758305327
|move|p2a: Torterra|Synthesis|p2a: Torterra
|-heal|p2a: Torterra|97/100 psn
|move|p1a: Landorus|U-turn|p2a: Torterra
|-supereffective|p2a: Torterra
|-damage|p2a: Torterra|66/100 psn
|
|t:|1758305335
|switch|p1a: Kricketune|Kricketune, F, shiny|100/100|[from] U-turn
|
|-damage|p2a: Torterra|54/100 psn|[from] psn
|-fieldend|move: Trick Room
|upkeep
|turn|13
|
|t:|1758305357
|switch|p1a: Blaziken|Blaziken, F|100/100
|move|p2a: Torterra|Rock Blast|p1a: Blaziken|[miss]
|-miss|p2a: Torterra|p1a: Blaziken
|
|-damage|p2a: Torterra|42/100 psn|[from] psn
|upkeep
|turn|14
|
|t:|1758305368
|-terastallize|p2a: Torterra|Fire
|move|p1a: Blaziken|Flare Blitz|p2a: Torterra
|-resisted|p2a: Torterra
|-damage|p2a: Torterra|2/100 psn
|-damage|p1a: Blaziken|83/100|[from] Recoil
|move|p2a: Torterra|Rock Blast|p1a: Blaziken
|-damage|p1a: Blaziken|75/100
|-damage|p1a: Blaziken|67/100
|-damage|p1a: Blaziken|59/100
|-damage|p1a: Blaziken|49/100
|-damage|p1a: Blaziken|40/100
|-hitcount|p1a: Blaziken|5
|
|-damage|p2a: Torterra|0 fnt|[from] psn
|faint|p2a: Torterra
|-ability|p1a: Blaziken|Speed Boost|boost
|-boost|p1a: Blaziken|spe|1
|upkeep
|
|t:|1758305376
|switch|p2a: Dragonite|Dragonite, M|100/100
|turn|15
|
|t:|1758305385
|switch|p1a: Landorus|Landorus-Therian, M|57/100
|-ability|p1a: Landorus|Intimidate|boost
|-unboost|p2a: Dragonite|atk|1
|move|p2a: Dragonite|Extreme Speed|p1a: Landorus
|-damage|p1a: Landorus|33/100
|-damage|p2a: Dragonite|84/100|[from] item: Rocky Helmet|[of] p1a: Landorus
|
|upkeep
|turn|16
|
|t:|1758305396
|move|p1a: Landorus|Stealth Rock|p2a: Dragonite
|-sidestart|p2: dang21|move: Stealth Rock
|move|p2a: Dragonite|Ice Spinner|p1a: Landorus
|-supereffective|p1a: Landorus
|-damage|p1a: Landorus|0 fnt
|-damage|p2a: Dragonite|68/100|[from] item: Rocky Helmet|[of] p1a: Landorus
|faint|p1a: Landorus
|
|upkeep
|
|t:|1758305412
|switch|p1a: Magneton|Magneton|51/100
|turn|17
|
|t:|1758305418
|-terastallize|p1a: Magneton|Ice
|move|p2a: Dragonite|Earthquake|p1a: Magneton
|-damage|p1a: Magneton|31/100
|move|p1a: Magneton|Tera Blast|p2a: Dragonite|[anim] Tera Blast Ice
|-supereffective|p2a: Dragonite
|-damage|p2a: Dragonite|0 fnt
|faint|p2a: Dragonite
|
|upkeep
|
|t:|1758305423
|switch|p2a: Iron Hands|Iron Hands|100/100
|-status|p2a: Iron Hands|psn
|-damage|p2a: Iron Hands|94/100 psn|[from] Stealth Rock
|turn|18
|
|t:|1758305439
|move|p1a: Magneton|Tera Blast|p2a: Iron Hands|[anim] Tera Blast Ice
|-damage|p2a: Iron Hands|63/100 psn
|move|p2a: Iron Hands|Thunder Punch|p1a: Magneton
|-damage|p1a: Magneton|0 fnt
|faint|p1a: Magneton
|
|-heal|p2a: Iron Hands|69/100 psn|[from] item: Leftovers
|-damage|p2a: Iron Hands|56/100 psn|[from] psn
|upkeep
|
|t:|1758305449
|switch|p1a: Kricketune|Kricketune, F, shiny|100/100
|turn|19
|-message|dang21 forfeited.
|
|win|LikeEmerald
|raw|LikeEmerald's rating: 1149 &rarr; <strong>1172</strong><br />(+23 for winning)
|raw|dang21's rating: 1126 &rarr; <strong>1103</strong><br />(-23 for losing)
|l|☆dang21
|player|p2|
|l|☆LikeEmerald
|player|p1|
