|j|☆Borean華金
|j|☆sinister omens
|t:|1758258127
|gametype|singles
|player|p1|Borean華金|265|1371
|player|p2|sinister omens|ingo|1334
|gen|9
|tier|[Gen 9] OU
|rated|
|rule|HP Percentage Mod: HP is shown in percentages
|rule|Endless Battle Clause: Forcing endless battles is banned
|rule|Species Clause: Limit one of each Pokémon
|rule|OHKO Clause: OHKO moves are banned
|rule|Evasion Items Clause: Evasion items are banned
|rule|Evasion Moves Clause: Evasion moves are banned
|rule|Evasion Abilities Clause: Evasion abilities are banned
|rule|Sleep Moves Clause: Sleep-inducing moves are banned
|clearpoke
|poke|p1|Araquanid, F|
|poke|p1|Gholdengo|
|poke|p1|Kingambit, M|
|poke|p1|Raging Bolt|
|poke|p1|Enamorus, F|
|poke|p1|Iron Moth|
|poke|p2|Forretress, M|
|poke|p2|Araquanid, F|
|poke|p2|Lokix, M|
|poke|p2|Vikavolt, F|
|poke|p2|Kleavor, M|
|poke|p2|Scizor, M|
|teampreview
|inactive|Battle timer is ON: inactive players will automatically lose when time's up. (requested by Borean華金)
|
|t:|1758258170
|teamsize|p1|6
|teamsize|p2|6
|start
|switch|p1a: Araquanid|Araquanid, F|100/100
|switch|p2a: Forretress|Forretress, M|100/100
|turn|1
|
|t:|1758258178
|move|p1a: Araquanid|Surf|p2a: Forretress
|-damage|p2a: Forretress|18/100
|move|p2a: Forretress|Iron Defense|p2a: Forretress
|-boost|p2a: Forretress|def|2
|
|-heal|p2a: Forretress|25/100|[from] item: Leftovers
|upkeep
|turn|2
|
|t:|1758258187
|switch|p2a: Araquanid|Araquanid, F|100/100
|move|p1a: Araquanid|Surf|p2a: Araquanid
|-resisted|p2a: Araquanid
|-damage|p2a: Araquanid|75/100
|
|upkeep
|turn|3
|
|t:|1758258194
|move|p1a: Araquanid|Sticky Web|p2a: Araquanid
|-sidestart|p2: sinister omens|move: Sticky Web
|move|p2a: Araquanid|Sticky Web|p1a: Araquanid
|-sidestart|p1: Borean華金|move: Sticky Web
|
|upkeep
|turn|4
|
|t:|1758258199
|move|p1a: Araquanid|Surf|p2a: Araquanid
|-resisted|p2a: Araquanid
|-damage|p2a: Araquanid|50/100
|move|p2a: Araquanid|Liquidation|p1a: Araquanid
|-resisted|p1a: Araquanid
|-damage|p1a: Araquanid|70/100
|
|upkeep
|turn|5
|
|t:|1758258223
|switch|p2a: Forretress|Forretress, M|25/100
|-activate|p2a: Forretress|move: Sticky Web
|-unboost|p2a: Forretress|spe|1
|move|p1a: Araquanid|Surf|p2a: Forretress
|-damage|p2a: Forretress|0 fnt
|faint|p2a: Forretress
|
|upkeep
|inactive|sinister omens has 120 seconds left.
|
|t:|1758258240
|switch|p2a: Vikavolt|Vikavolt, F|100/100
|turn|6
|inactive|sinister omens has 120 seconds left.
|
|t:|1758258250
|-terastallize|p2a: Vikavolt|Water
|move|p1a: Araquanid|Endure|p1a: Araquanid
|-singleturn|p1a: Araquanid|move: Endure
|move|p2a: Vikavolt|Thunderbolt|p1a: Araquanid
|-supereffective|p1a: Araquanid
|-activate|p1a: Araquanid|move: Endure
|-damage|p1a: Araquanid|1/100
|
|upkeep
|turn|7
|inactive|sinister omens has 120 seconds left.
|-enditem|p1a: Araquanid|Custap Berry|[eat]
|-activate|p1a: Araquanid|item: Custap Berry|[consumed]
|
|t:|1758258262
|switch|p2a: Araquanid|Araquanid, F|50/100
|move|p1a: Araquanid|Endeavor|p2a: Araquanid
|-damage|p2a: Araquanid|1/100
|
|upkeep
|turn|8
|
|t:|1758258271
|move|p2a: Araquanid|Liquidation|p1a: Araquanid
|-resisted|p1a: Araquanid
|-damage|p1a: Araquanid|0 fnt
|faint|p1a: Araquanid
|
|upkeep
|
|t:|1758258291
|switch|p1a: Raging Bolt|Raging Bolt|100/100
|-activate|p1a: Raging Bolt|move: Sticky Web
|-unboost|p1a: Raging Bolt|spe|1
|-enditem|p1a: Raging Bolt|Booster Energy
|-activate|p1a: Raging Bolt|ability: Protosynthesis|[fromitem]
|-start|p1a: Raging Bolt|protosynthesisspa
|turn|9
|inactive|sinister omens has 120 seconds left.
|
|t:|1758258315
|move|p1a: Raging Bolt|Thunderbolt|p2a: Araquanid
|-supereffective|p2a: Araquanid
|-crit|p2a: Araquanid
|-damage|p2a: Araquanid|0 fnt
|faint|p2a: Araquanid
|
|upkeep
|inactive|sinister omens has 120 seconds left.
|
|t:|1758258344
|switch|p2a: Scizor|Scizor, M|100/100
|-activate|p2a: Scizor|move: Sticky Web
|-unboost|p2a: Scizor|spe|1
|turn|10
|
|t:|1758258351
|move|p1a: Raging Bolt|Thunderbolt|p2a: Scizor
|-damage|p2a: Scizor|10/100
|-enditem|p2a: Scizor|Sitrus Berry|[eat]
|-heal|p2a: Scizor|35/100|[from] item: Sitrus Berry
|move|p2a: Scizor|Swords Dance|p2a: Scizor
|-boost|p2a: Scizor|atk|2
|
|upkeep
|turn|11
|
|t:|1758258359
|move|p2a: Scizor|Bullet Punch|p1a: Raging Bolt
|-resisted|p1a: Raging Bolt
|-damage|p1a: Raging Bolt|69/100
|move|p1a: Raging Bolt|Thunderbolt|p2a: Scizor
|-damage|p2a: Scizor|0 fnt
|faint|p2a: Scizor
|
|upkeep
|
|t:|1758258368
|switch|p2a: Lokix|Lokix, M|100/100
|-activate|p2a: Lokix|move: Sticky Web
|-unboost|p2a: Lokix|spe|1
|turn|12
|
|t:|1758258376
|move|p2a: Lokix|Knock Off|p1a: Raging Bolt
|-damage|p1a: Raging Bolt|28/100
|-damage|p2a: Lokix|91/100|[from] item: Life Orb
|move|p1a: Raging Bolt|Thunderbolt|p2a: Lokix
|-damage|p2a: Lokix|0 fnt
|faint|p2a: Lokix
|
|upkeep
|
|t:|1758258383
|switch|p2a: Kleavor|Kleavor, M|100/100
|-activate|p2a: Kleavor|move: Sticky Web
|-unboost|p2a: Kleavor|spe|1
|turn|13
|
|t:|1758258388
|move|p1a: Raging Bolt|Thunderclap|p2a: Kleavor
|-damage|p2a: Kleavor|25/100
|move|p2a: Kleavor|Stone Axe|p1a: Raging Bolt
|-damage|p1a: Raging Bolt|0 fnt
|-sidestart|p1: Borean華金|move: Stealth Rock
|faint|p1a: Raging Bolt
|-end|p1a: Raging Bolt|Protosynthesis|[silent]
|
|upkeep
|
|t:|1758258398
|switch|p1a: Gholdengo|Gholdengo|100/100
|-damage|p1a: Gholdengo|94/100|[from] Stealth Rock
|-item|p1a: Gholdengo|Air Balloon
|turn|14
|
|t:|1758258407
|switch|p2a: Vikavolt|Vikavolt, F, tera:Water|100/100
|move|p1a: Gholdengo|Shadow Ball|p2a: Vikavolt
|-damage|p2a: Vikavolt|61/100
|
|upkeep
|turn|15
|
|t:|1758258419
|move|p1a: Gholdengo|Shadow Ball|p2a: Vikavolt
|-damage|p2a: Vikavolt|22/100
|move|p2a: Vikavolt|Volt Switch|p1a: Gholdengo
|-damage|p1a: Gholdengo|44/100
|-enditem|p1a: Gholdengo|Air Balloon
|
|t:|1758258426
|switch|p2a: Kleavor|Kleavor, M|25/100|[from] Volt Switch
|-activate|p2a: Kleavor|move: Sticky Web
|-unboost|p2a: Kleavor|spe|1
|
|upkeep
|turn|16
|
|t:|1758258433
|move|p1a: Gholdengo|Shadow Ball|p2a: Kleavor
|-damage|p2a: Kleavor|0 fnt
|faint|p2a: Kleavor
|
|upkeep
|
|t:|1758258438
|switch|p2a: Vikavolt|Vikavolt, F, tera:Water|22/100
|turn|17
|
|t:|1758258444
|move|p1a: Gholdengo|Make It Rain|p2a: Vikavolt
|-resisted|p2a: Vikavolt
|-damage|p2a: Vikavolt|0 fnt
|-unboost|p1a: Gholdengo|spa|1
|faint|p2a: Vikavolt
|
|win|Borean華金
|raw|Borean華金's rating: 1371 &rarr; <strong>1389</strong><br />(+18 for winning)
|raw|sinister omens's rating: 1334 &rarr; <strong>1316</strong><br />(-18 for losing)
|l|☆sinister omens
|player|p2|
|l|☆Borean華金
|player|p1|
