|j|☆Gamer Hearts
|j|☆RNG Savage
|t:|1758289314
|gametype|singles
|player|p1|Gamer Hearts|1|1174
|player|p2|RNG Savage|giovanni-gen3|1189
|gen|9
|tier|[Gen 9] OU
|rated|
|rule|HP Percentage Mod: HP is shown in percentages
|rule|Endless Battle Clause: Forcing endless battles is banned
|rule|Species Clause: Limit one of each Pokémon
|rule|OHKO Clause: OHKO moves are banned
|rule|Evasion Items Clause: Evasion items are banned
|rule|Evasion Moves Clause: Evasion moves are banned
|rule|Evasion Abilities Clause: Evasion abilities are banned
|rule|Sleep Moves Clause: Sleep-inducing moves are banned
|clearpoke
|poke|p1|Scizor, M|
|poke|p1|Honchkrow, M|
|poke|p1|Blaziken, F|
|poke|p1|Ariados, M|
|poke|p1|Hydreigon, M|
|poke|p1|Kingdra, M|
|poke|p2|Weavile, M|
|poke|p2|Honchkrow, M|
|poke|p2|Gyarados, M|
|poke|p2|Feraligatr, M|
|poke|p2|Greninja-*, M|
|poke|p2|Magnezone|
|teampreview
|inactive|Battle timer is ON: inactive players will automatically lose when time's up. (requested by Gamer Hearts)
|
|t:|1758289325
|teamsize|p1|6
|teamsize|p2|6
|start
|switch|p1a: Ariados|Ariados, M|100/100
|switch|p2a: Weavile|Weavile, M|100/100
|turn|1
|
|t:|1758289333
|move|p2a: Weavile|Triple Axel|p1a: Ariados
|-damage|p1a: Ariados|86/100
|-damage|p1a: Ariados|58/100
|-damage|p1a: Ariados|19/100
|-hitcount|p1a: Ariados|3
|move|p1a: Ariados|Sticky Web|p2a: Weavile
|-sidestart|p2: RNG Savage|move: Sticky Web
|
|upkeep
|turn|2
|
|t:|1758289341
|move|p1a: Ariados|Sucker Punch|p2a: Weavile
|-resisted|p2a: Weavile
|-damage|p2a: Weavile|82/100
|move|p2a: Weavile|Knock Off|p1a: Ariados
|-damage|p1a: Ariados|0 fnt
|-enditem|p1a: Ariados|Razor Claw|[from] move: Knock Off|[of] p2a: Weavile
|faint|p1a: Ariados
|
|upkeep
|
|t:|1758289346
|switch|p1a: Scizor|Scizor, M|100/100
|turn|3
|
|t:|1758289361
|switch|p2a: Gyarados|Gyarados, M, shiny|100/100
|move|p1a: Scizor|Focus Energy|p1a: Scizor
|-start|p1a: Scizor|move: Focus Energy
|
|upkeep
|turn|4
|
|t:|1758289369
|move|p1a: Scizor|Knock Off|p2a: Gyarados
|-crit|p2a: Gyarados
|-damage|p2a: Gyarados|43/100
|-enditem|p2a: Gyarados|Covert Cloak|[from] move: Knock Off|[of] p1a: Scizor
|move|p2a: Gyarados|Dragon Tail|p1a: Scizor
|-resisted|p1a: Scizor
|-damage|p1a: Scizor|91/100
|drag|p1a: Blaziken|Blaziken, F|100/100
|
|upkeep
|turn|5
|
|t:|1758289384
|switch|p1a: Kingdra|Kingdra, M|100/100
|move|p2a: Gyarados|Thunder Wave|p1a: Kingdra
|-status|p1a: Kingdra|par
|
|upkeep
|turn|6
|
|t:|1758289394
|cant|p1a: Kingdra|par
|move|p2a: Gyarados|Dragon Tail|p1a: Kingdra
|-supereffective|p1a: Kingdra
|-damage|p1a: Kingdra|57/100 par
|drag|p1a: Blaziken|Blaziken, F|100/100
|
|upkeep
|turn|7
|
|t:|1758289402
|switch|p1a: Kingdra|Kingdra, M|57/100 par
|move|p2a: Gyarados|Thunder Wave|p1a: Kingdra
|-fail|p1a: Kingdra|par
|
|upkeep
|turn|8
|
|t:|1758289409
|move|p1a: Kingdra|Draco Meteor|p2a: Gyarados
|-damage|p2a: Gyarados|0 fnt
|-unboost|p1a: Kingdra|spa|2
|faint|p2a: Gyarados
|
|upkeep
|
|t:|1758289424
|switch|p2a: Honchkrow|Honchkrow, M|100/100
|turn|9
|
|t:|1758289436
|move|p2a: Honchkrow|Brave Bird|p1a: Kingdra
|-damage|p1a: Kingdra|0 fnt
|faint|p1a: Kingdra
|-ability|p2a: Honchkrow|Moxie|boost
|-boost|p2a: Honchkrow|atk|1
|-damage|p2a: Honchkrow|87/100|[from] Recoil
|
|upkeep
|
|t:|1758289453
|switch|p1a: Honchkrow|Honchkrow, M, shiny|100/100
|turn|10
|
|t:|1758289476
|move|p2a: Honchkrow|Brave Bird|p1a: Honchkrow
|-damage|p1a: Honchkrow|0 fnt
|faint|p1a: Honchkrow
|-ability|p2a: Honchkrow|Moxie|boost
|-boost|p2a: Honchkrow|atk|1
|-damage|p2a: Honchkrow|54/100|[from] Recoil
|
|upkeep
|
|t:|1758289484
|switch|p1a: Blaziken|Blaziken, F|100/100
|turn|11
|
|t:|1758289501
|move|p1a: Blaziken|Thunder Punch|p2a: Honchkrow
|-supereffective|p2a: Honchkrow
|-damage|p2a: Honchkrow|0 fnt
|faint|p2a: Honchkrow
|
|-ability|p1a: Blaziken|Speed Boost|boost
|-boost|p1a: Blaziken|spe|1
|upkeep
|
|t:|1758289509
|switch|p2a: Magnezone|Magnezone, shiny|100/100
|-activate|p2a: Magnezone|move: Sticky Web
|-unboost|p2a: Magnezone|spe|1
|turn|12
|
|t:|1758289515
|move|p1a: Blaziken|Focus Energy|p1a: Blaziken
|-start|p1a: Blaziken|move: Focus Energy
|move|p2a: Magnezone|Thunderbolt|p1a: Blaziken
|-damage|p1a: Blaziken|23/100
|
|-ability|p1a: Blaziken|Speed Boost|boost
|-boost|p1a: Blaziken|spe|1
|upkeep
|turn|13
|
|t:|1758289524
|move|p1a: Blaziken|Blaze Kick|p2a: Magnezone
|-supereffective|p2a: Magnezone
|-crit|p2a: Magnezone
|-ability|p2a: Magnezone|Sturdy
|-damage|p2a: Magnezone|1/100
|-damage|p1a: Blaziken|6/100|[from] item: Rocky Helmet|[of] p2a: Magnezone
|move|p2a: Magnezone|Thunderbolt|p1a: Blaziken
|-damage|p1a: Blaziken|0 fnt
|faint|p1a: Blaziken
|
|upkeep
|
|t:|1758289529
|switch|p1a: Hydreigon|Hydreigon, M|100/100
|turn|14
|
|t:|1758289532
|move|p1a: Hydreigon|Focus Energy|p1a: Hydreigon
|-start|p1a: Hydreigon|move: Focus Energy
|move|p2a: Magnezone|Thunder Wave|p1a: Hydreigon|[miss]
|-miss|p2a: Magnezone|p1a: Hydreigon
|
|upkeep
|turn|15
|
|t:|1758289542
|move|p1a: Hydreigon|Flamethrower|p2a: Magnezone
|-supereffective|p2a: Magnezone
|-crit|p2a: Magnezone
|-damage|p2a: Magnezone|0 fnt
|faint|p2a: Magnezone
|
|upkeep
|
|t:|1758289547
|switch|p2a: Greninja|Greninja, M, shiny|100/100
|-activate|p2a: Greninja|move: Sticky Web
|-unboost|p2a: Greninja|spe|1
|turn|16
|
|t:|1758289555
|-terastallize|p1a: Hydreigon|Electric
|move|p1a: Hydreigon|Draco Meteor|p2a: Greninja
|-crit|p2a: Greninja
|-damage|p2a: Greninja|0 fnt
|-unboost|p1a: Hydreigon|spa|2
|faint|p2a: Greninja
|
|upkeep
|
|t:|1758289558
|switch|p2a: Weavile|Weavile, M|82/100
|turn|17
|
|t:|1758289566
|move|p2a: Weavile|Knock Off|p1a: Hydreigon
|-damage|p1a: Hydreigon|50/100
|-enditem|p1a: Hydreigon|Scope Lens|[from] move: Knock Off|[of] p2a: Weavile
|move|p1a: Hydreigon|Flamethrower|p2a: Weavile
|-supereffective|p2a: Weavile
|-damage|p2a: Weavile|40/100
|
|upkeep
|turn|18
|
|t:|1758289575
|move|p2a: Weavile|Triple Axel|p1a: Hydreigon
|-damage|p1a: Hydreigon|39/100
|-damage|p1a: Hydreigon|15/100
|-damage|p1a: Hydreigon|0 fnt
|faint|p1a: Hydreigon
|-hitcount|p1: Hydreigon|3
|
|upkeep
|
|t:|1758289580
|switch|p1a: Scizor|Scizor, M|91/100
|turn|19
|
|t:|1758289593
|move|p1a: Scizor|Bullet Punch|p2a: Weavile
|-supereffective|p2a: Weavile
|-damage|p2a: Weavile|0 fnt
|faint|p2a: Weavile
|
|upkeep
|
|t:|1758289594
|switch|p2a: Feraligatr|Feraligatr, M|100/100
|-activate|p2a: Feraligatr|move: Sticky Web
|-unboost|p2a: Feraligatr|spe|1
|turn|20
|
|t:|1758289604
|-terastallize|p2a: Feraligatr|Water
|move|p2a: Feraligatr|Liquidation|p1a: Scizor
|-damage|p1a: Scizor|0 fnt
|faint|p1a: Scizor
|
|win|RNG Savage
|raw|Gamer Hearts's rating: 1174 &rarr; <strong>1150</strong><br />(-24 for losing)
|raw|RNG Savage's rating: 1189 &rarr; <strong>1213</strong><br />(+24 for winning)
|l|☆Gamer Hearts
|player|p1|
|l|☆RNG Savage
|player|p2|
