|j|☆happyxklo
|j|☆the.ramen.gang
|t:|1758234662
|gametype|singles
|player|p1|happyxklo|1|1143
|player|p2|the.ramen.gang|170|1147
|gen|9
|tier|[Gen 9] OU
|rated|
|rule|HP Percentage Mod: HP is shown in percentages
|rule|Endless Battle Clause: Forcing endless battles is banned
|rule|Species Clause: Limit one of each Pokémon
|rule|OHKO Clause: OHKO moves are banned
|rule|Evasion Items Clause: Evasion items are banned
|rule|Evasion Moves Clause: Evasion moves are banned
|rule|Evasion Abilities Clause: Evasion abilities are banned
|rule|Sleep Moves Clause: Sleep-inducing moves are banned
|clearpoke
|poke|p1|Tinkaton, F|
|poke|p1|Gliscor, M|
|poke|p1|Weavile, M|
|poke|p1|Dragonite, F|
|poke|p1|Goodra-Hisui, M|
|poke|p1|Slowking-Galar, M|
|poke|p2|Squawkabilly, F|
|poke|p2|Conkeldurr, M|
|poke|p2|Scizor, F|
|poke|p2|Golurk|
|poke|p2|Alcremie, F|
|poke|p2|Dudunsparce-*, F|
|teampreview
|inactive|Battle timer is ON: inactive players will automatically lose when time's up. (requested by the.ramen.gang)
|
|t:|1758234682
|teamsize|p1|6
|teamsize|p2|6
|start
|switch|p1a: Weavile|Weavile, M|100/100
|switch|p2a: Conkeldurr|Conkeldurr, M|100/100
|-ability|p1a: Weavile|Pressure
|turn|1
|
|t:|1758234693
|switch|p1a: Slowking|Slowking-Galar, M|100/100
|move|p2a: Conkeldurr|Drain Punch|p1a: Slowking
|-resisted|p1a: Slowking
|-damage|p1a: Slowking|86/100
|
|upkeep
|turn|2
|
|t:|1758234702
|move|p2a: Conkeldurr|Knock Off|p1a: Slowking
|-supereffective|p1a: Slowking
|-damage|p1a: Slowking|9/100
|-enditem|p1a: Slowking|Heavy-Duty Boots|[from] move: Knock Off|[of] p2a: Conkeldurr
|move|p1a: Slowking|Future Sight|p2a: Conkeldurr
|-start|p1a: Slowking|move: Future Sight
|
|upkeep
|turn|3
|
|t:|1758234713
|switch|p1a: Gliscor|Gliscor, M|100/100
|move|p2a: Conkeldurr|Knock Off|p1a: Gliscor
|-damage|p1a: Gliscor|78/100
|-enditem|p1a: Gliscor|Toxic Orb|[from] move: Knock Off|[of] p2a: Conkeldurr
|
|upkeep
|turn|4
|
|t:|1758234722
|switch|p2a: Scizor|Scizor, F|100/100
|move|p1a: Gliscor|Stealth Rock|p2a: Scizor
|-sidestart|p2: the.ramen.gang|move: Stealth Rock
|
|-end|p2a: Scizor|move: Future Sight
|-resisted|p2a: Scizor
|-damage|p2a: Scizor|70/100
|upkeep
|turn|5
|
|t:|1758234734
|move|p1a: Gliscor|Earthquake|p2a: Scizor
|-damage|p2a: Scizor|38/100
|move|p2a: Scizor|Defog|p1a: Gliscor
|-unboost|p1a: Gliscor|evasion|1
|-sideend|p2: the.ramen.gang|Stealth Rock|[from] move: Defog|[of] p2a: Scizor
|
|upkeep
|turn|6
|
|t:|1758234742
|move|p1a: Gliscor|Earthquake|p2a: Scizor
|-damage|p2a: Scizor|5/100
|move|p2a: Scizor|Swords Dance|p2a: Scizor
|-boost|p2a: Scizor|atk|2
|
|upkeep
|turn|7
|
|t:|1758234750
|move|p1a: Gliscor|Protect|p1a: Gliscor
|-singleturn|p1a: Gliscor|Protect
|move|p2a: Scizor|Bullet Punch|p1a: Gliscor
|-activate|p1a: Gliscor|move: Protect
|
|upkeep
|turn|8
|
|t:|1758234756
|move|p2a: Scizor|Bullet Punch|p1a: Gliscor
|-damage|p1a: Gliscor|38/100
|move|p1a: Gliscor|Earthquake|p2a: Scizor
|-damage|p2a: Scizor|0 fnt
|faint|p2a: Scizor
|
|upkeep
|
|t:|1758234759
|switch|p2a: Conkeldurr|Conkeldurr, M|100/100
|turn|9
|
|t:|1758234768
|move|p1a: Gliscor|Toxic|p2a: Conkeldurr
|-status|p2a: Conkeldurr|tox
|move|p2a: Conkeldurr|Knock Off|p1a: Gliscor
|-damage|p1a: Gliscor|22/100
|
|-damage|p2a: Conkeldurr|94/100 tox|[from] psn
|upkeep
|turn|10
|
|t:|1758234775
|move|p1a: Gliscor|Protect|p1a: Gliscor
|-singleturn|p1a: Gliscor|Protect
|move|p2a: Conkeldurr|Drain Punch|p1a: Gliscor
|-activate|p1a: Gliscor|move: Protect
|
|-damage|p2a: Conkeldurr|82/100 tox|[from] psn
|upkeep
|turn|11
|
|t:|1758234784
|move|p1a: Gliscor|Stealth Rock|p2a: Conkeldurr
|-sidestart|p2: the.ramen.gang|move: Stealth Rock
|move|p2a: Conkeldurr|Ice Punch|p1a: Gliscor
|-supereffective|p1a: Gliscor
|-damage|p1a: Gliscor|0 fnt
|faint|p1a: Gliscor
|
|-damage|p2a: Conkeldurr|63/100 tox|[from] psn
|upkeep
|
|t:|1758234800
|switch|p1a: Slowking|Slowking-Galar, M|42/100
|turn|12
|
|t:|1758234808
|switch|p1a: Tinkaton|Tinkaton, F|100/100
|-ability|p1a: Tinkaton|Mold Breaker
|move|p2a: Conkeldurr|Knock Off|p1a: Tinkaton
|-resisted|p1a: Tinkaton
|-crit|p1a: Tinkaton
|-damage|p1a: Tinkaton|58/100
|-enditem|p1a: Tinkaton|Choice Band|[from] move: Knock Off|[of] p2a: Conkeldurr
|
|-damage|p2a: Conkeldurr|38/100 tox|[from] psn
|upkeep
|turn|13
|
|t:|1758234818
|switch|p1a: Slowking|Slowking-Galar, M|75/100
|move|p2a: Conkeldurr|Drain Punch|p1a: Slowking
|-resisted|p1a: Slowking
|-damage|p1a: Slowking|62/100
|-heal|p2a: Conkeldurr|45/100 tox|[from] drain|[of] p1a: Slowking
|
|-damage|p2a: Conkeldurr|14/100 tox|[from] psn
|upkeep
|turn|14
|
|t:|1758234826
|switch|p1a: Tinkaton|Tinkaton, F|58/100
|-ability|p1a: Tinkaton|Mold Breaker
|move|p2a: Conkeldurr|Drain Punch|p1a: Tinkaton
|-damage|p1a: Tinkaton|0 fnt
|-heal|p2a: Conkeldurr|40/100 tox|[from] drain|[of] p1a: Tinkaton
|faint|p1a: Tinkaton
|
|-damage|p2a: Conkeldurr|2/100 tox|[from] psn
|upkeep
|
|t:|1758234852
|switch|p1a: Dragonite|Dragonite, F|100/100
|turn|15
|
|t:|1758234857
|move|p1a: Dragonite|Earthquake|p2a: Conkeldurr
|-damage|p2a: Conkeldurr|0 fnt
|faint|p2a: Conkeldurr
|
|upkeep
|
|t:|1758234866
|switch|p2a: Golurk|Golurk|100/100
|-damage|p2a: Golurk|94/100|[from] Stealth Rock
|turn|16
|
|t:|1758234882
|-terastallize|p1a: Dragonite|Dragon
|move|p1a: Dragonite|Dragon Dance|p1a: Dragonite
|-boost|p1a: Dragonite|atk|1
|-boost|p1a: Dragonite|spe|1
|move|p2a: Golurk|Ice Punch|p1a: Dragonite
|-supereffective|p1a: Dragonite
|-damage|p1a: Dragonite|68/100
|
|upkeep
|turn|17
|
|t:|1758234892
|move|p1a: Dragonite|Outrage|p2a: Golurk
|-damage|p2a: Golurk|0 fnt
|faint|p2a: Golurk
|
|upkeep
|
|t:|1758234895
|switch|p2a: Alcremie|Alcremie, F|100/100
|-damage|p2a: Alcremie|88/100|[from] Stealth Rock
|turn|18
|
|t:|1758234905
|move|p1a: Dragonite|Outrage|p2a: Alcremie|[from] lockedmove
|-immune|p2a: Alcremie
|-start|p1a: Dragonite|confusion|[fatigue]
|move|p2a: Alcremie|Alluring Voice|p1a: Dragonite
|-supereffective|p1a: Dragonite
|-damage|p1a: Dragonite|0 fnt
|faint|p1a: Dragonite
|
|-heal|p2a: Alcremie|94/100|[from] item: Leftovers
|upkeep
|
|t:|1758234929
|switch|p1a: Slowking|Slowking-Galar, M|95/100
|turn|19
|
|t:|1758234933
|-terastallize|p2a: Alcremie|Ground
|move|p2a: Alcremie|Calm Mind|p2a: Alcremie
|-boost|p2a: Alcremie|spa|1
|-boost|p2a: Alcremie|spd|1
|move|p1a: Slowking|Sludge Bomb|p2a: Alcremie
|-resisted|p2a: Alcremie
|-damage|p2a: Alcremie|87/100
|
|-heal|p2a: Alcremie|93/100|[from] item: Leftovers
|upkeep
|turn|20
|
|t:|1758234945
|switch|p1a: Weavile|Weavile, M|100/100
|-ability|p1a: Weavile|Pressure
|move|p2a: Alcremie|Alluring Voice|p1a: Weavile
|-supereffective|p1a: Weavile
|-damage|p1a: Weavile|0 fnt
|faint|p1a: Weavile
|
|-heal|p2a: Alcremie|99/100|[from] item: Leftovers
|upkeep
|
|t:|1758234959
|switch|p1a: Goodra|Goodra-Hisui, M|100/100
|turn|21
|
|t:|1758234964
|move|p2a: Alcremie|Tera Blast|p1a: Goodra|[anim] Tera Blast Ground
|-supereffective|p1a: Goodra
|-damage|p1a: Goodra|61/100
|move|p1a: Goodra|Hydro Pump|p2a: Alcremie
|-supereffective|p2a: Alcremie
|-damage|p2a: Alcremie|69/100
|
|-heal|p2a: Alcremie|75/100|[from] item: Leftovers
|upkeep
|turn|22
|-message|happyxklo forfeited.
|
|win|the.ramen.gang
|raw|happyxklo's rating: 1143 &rarr; <strong>1118</strong><br />(-25 for losing)
|raw|the.ramen.gang's rating: 1147 &rarr; <strong>1172</strong><br />(+25 for winning)
|l|☆happyxklo
|player|p1|
