|j|☆kyoujic
|j|☆romandlui
|t:|1758255058
|gametype|singles
|player|p1|kyoujic|102|1535
|player|p2|romandlui|2|1551
|gen|9
|tier|[Gen 9] OU
|rated|
|rule|HP Percentage Mod: HP is shown in percentages
|rule|Endless Battle Clause: Forcing endless battles is banned
|rule|Species Clause: Limit one of each Pokémon
|rule|OHKO Clause: OHKO moves are banned
|rule|Evasion Items Clause: Evasion items are banned
|rule|Evasion Moves Clause: Evasion moves are banned
|rule|Evasion Abilities Clause: Evasion abilities are banned
|rule|Sleep Moves Clause: Sleep-inducing moves are banned
|clearpoke
|poke|p1|Glimmora, F|
|poke|p1|Ogerpon-Wellspring, F|
|poke|p1|Hatterene, F|
|poke|p1|Iron Moth|
|poke|p1|Dragonite, F|
|poke|p1|Kingambit, F|
|poke|p2|Toucannon, F|
|poke|p2|Dragonite, M|
|poke|p2|Zamazenta-*|
|poke|p2|Iron Treads|
|poke|p2|Zapdos|
|poke|p2|Primarina, F|
|teampreview
|inactive|Battle timer is ON: inactive players will automatically lose when time's up. (requested by kyoujic)
|
|t:|1758255088
|teamsize|p1|6
|teamsize|p2|6
|start
|switch|p1a: Glimmora|Glimmora, F|100/100
|switch|p2a: Eustass Kid|Iron Treads|100/100
|-item|p2a: Eustass Kid|Air Balloon
|turn|1
|
|t:|1758255094
|move|p2a: Eustass Kid|Earthquake|p1a: Glimmora
|-supereffective|p1a: Glimmora
|-enditem|p1a: Glimmora|Focus Sash
|-damage|p1a: Glimmora|1/100
|-activate|p1a: Glimmora|ability: Toxic Debris
|-sidestart|p2: romandlui|move: Toxic Spikes
|move|p1a: Glimmora|Energy Ball|p2a: Eustass Kid
|-damage|p2a: Eustass Kid|53/100
|-enditem|p2a: Eustass Kid|Air Balloon
|
|upkeep
|turn|2
|
|t:|1758255103
|-terastallize|p1a: Glimmora|Ghost
|move|p2a: Eustass Kid|Knock Off|p1a: Glimmora
|-supereffective|p1a: Glimmora
|-damage|p1a: Glimmora|0 fnt
|-activate|p1a: Glimmora|ability: Toxic Debris
|-sidestart|p2: romandlui|move: Toxic Spikes
|faint|p1a: Glimmora
|
|upkeep
|
|t:|1758255106
|switch|p1a: Ogerpon|Ogerpon-Wellspring, F|100/100
|turn|3
|
|t:|1758255119
|-end|p2a: Eustass Kid|Quark Drive|[silent]
|switch|p2a: Shanks|Zamazenta|100/100
|-status|p2a: Shanks|tox
|-ability|p2a: Shanks|Dauntless Shield|boost
|-boost|p2a: Shanks|def|1
|move|p1a: Ogerpon|U-turn|p2a: Shanks
|-resisted|p2a: Shanks
|-damage|p2a: Shanks|93/100 tox
|
|t:|1758255124
|switch|p1a: Iron Moth|Iron Moth|100/100|[from] U-turn
|-enditem|p1a: Iron Moth|Booster Energy
|-activate|p1a: Iron Moth|ability: Quark Drive|[fromitem]
|-start|p1a: Iron Moth|quarkdrivespe
|
|-damage|p2a: Shanks|87/100 tox|[from] psn
|upkeep
|turn|4
|
|t:|1758255131
|move|p1a: Iron Moth|Fiery Dance|p2a: Shanks
|-damage|p2a: Shanks|52/100 tox
|-boost|p1a: Iron Moth|spa|1
|move|p2a: Shanks|Stone Edge|p1a: Iron Moth
|-supereffective|p1a: Iron Moth
|-crit|p1a: Iron Moth
|-damage|p1a: Iron Moth|0 fnt
|faint|p1a: Iron Moth
|-end|p1a: Iron Moth|Quark Drive|[silent]
|
|-damage|p2a: Shanks|40/100 tox|[from] psn
|upkeep
|
|t:|1758255140
|switch|p1a: The Witch|Hatterene, F|100/100
|turn|5
|
|t:|1758255144
|switch|p2a: Eustass Kid|Iron Treads|53/100
|move|p1a: The Witch|Calm Mind|p1a: The Witch
|-boost|p1a: The Witch|spa|1
|-boost|p1a: The Witch|spd|1
|
|upkeep
|turn|6
|
|t:|1758255149
|move|p2a: Eustass Kid|Rapid Spin|p1a: The Witch
|-crit|p1a: The Witch
|-damage|p1a: The Witch|82/100
|-boost|p2a: Eustass Kid|spe|1
|-sideend|p2: romandlui|Toxic Spikes|[from] move: Rapid Spin|[of] p2a: Eustass Kid
|move|p1a: The Witch|Calm Mind|p1a: The Witch
|-boost|p1a: The Witch|spa|1
|-boost|p1a: The Witch|spd|1
|
|-heal|p1a: The Witch|88/100|[from] item: Leftovers
|upkeep
|turn|7
|
|t:|1758255151
|move|p2a: Eustass Kid|Earthquake|p1a: The Witch
|-damage|p1a: The Witch|53/100
|move|p1a: The Witch|Mystical Fire|p2a: Eustass Kid
|-supereffective|p2a: Eustass Kid
|-damage|p2a: Eustass Kid|0 fnt
|faint|p2a: Eustass Kid
|-end|p2a: Eustass Kid|Quark Drive|[silent]
|
|-heal|p1a: The Witch|59/100|[from] item: Leftovers
|upkeep
|
|t:|1758255156
|switch|p2a: Franky|Toucannon, F|100/100
|turn|8
|
|t:|1758255159
|-singleturn|p2a: Franky|move: Beak Blast
|move|p1a: The Witch|Draining Kiss|p2a: Franky
|-damage|p2a: Franky|62/100
|-heal|p1a: The Witch|91/100|[from] drain|[of] p2a: Franky
|-status|p1a: The Witch|brn
|move|p2a: Franky|Beak Blast|p1a: The Witch
|-damage|p1a: The Witch|46/100 brn
|
|-heal|p1a: The Witch|52/100 brn|[from] item: Leftovers
|-damage|p1a: The Witch|46/100 brn|[from] brn
|upkeep
|turn|9
|
|t:|1758255166
|-singleturn|p2a: Franky|move: Beak Blast
|move|p1a: The Witch|Psychic Noise|p2a: Franky
|-crit|p2a: Franky
|-damage|p2a: Franky|0 fnt
|faint|p2a: Franky
|
|-heal|p1a: The Witch|52/100 brn|[from] item: Leftovers
|-damage|p1a: The Witch|46/100 brn|[from] brn
|upkeep
|
|t:|1758255177
|switch|p2a: Enel|Zapdos|100/100
|turn|10
|
|t:|1758255179
|move|p2a: Enel|Hurricane|p1a: The Witch
|-damage|p1a: The Witch|6/100 brn
|-start|p1a: The Witch|confusion
|-activate|p1a: The Witch|confusion
|move|p1a: The Witch|Draining Kiss|p2a: Enel
|-damage|p2a: Enel|46/100
|-heal|p1a: The Witch|47/100 brn|[from] drain|[of] p2a: Enel
|
|-heal|p1a: The Witch|53/100 brn|[from] item: Leftovers
|-damage|p1a: The Witch|47/100 brn|[from] brn
|upkeep
|turn|11
|
|t:|1758255183
|move|p2a: Enel|Hurricane|p1a: The Witch
|-damage|p1a: The Witch|2/100 brn
|-activate|p1a: The Witch|confusion
|move|p1a: The Witch|Draining Kiss|p2a: Enel
|-damage|p2a: Enel|0 fnt
|-heal|p1a: The Witch|36/100 brn|[from] drain|[of] p2a: Enel
|faint|p2a: Enel
|
|-heal|p1a: The Witch|42/100 brn|[from] item: Leftovers
|-damage|p1a: The Witch|36/100 brn|[from] brn
|upkeep
|
|t:|1758255196
|switch|p2a: Monkey D. nite|Dragonite, M|100/100
|turn|12
|
|t:|1758255206
|-terastallize|p2a: Monkey D. nite|Fire
|move|p2a: Monkey D. nite|Fire Punch|p1a: The Witch
|-damage|p1a: The Witch|1/100 brn
|-activate|p1a: The Witch|confusion
|move|p1a: The Witch|Draining Kiss|p2a: Monkey D. nite
|-resisted|p2a: Monkey D. nite
|-damage|p2a: Monkey D. nite|89/100
|-heal|p1a: The Witch|10/100 brn|[from] drain|[of] p2a: Monkey D. nite
|
|-heal|p1a: The Witch|16/100 brn|[from] item: Leftovers
|-damage|p1a: The Witch|10/100 brn|[from] brn
|upkeep
|turn|13
|
|t:|1758255214
|move|p2a: Monkey D. nite|Fire Punch|p1a: The Witch
|-damage|p1a: The Witch|0 fnt
|faint|p1a: The Witch
|
|upkeep
|
|t:|1758255216
|switch|p1a: Ogerpon|Ogerpon-Wellspring, F|100/100
|turn|14
|
|t:|1758255220
|move|p1a: Ogerpon|Ivy Cudgel|p2a: Monkey D. nite|[anim] Ivy Cudgel Water
|-supereffective|p2a: Monkey D. nite
|-damage|p2a: Monkey D. nite|0 fnt
|faint|p2a: Monkey D. nite
|
|upkeep
|
|t:|1758255221
|switch|p2a: Shanks|Zamazenta|40/100 tox
|turn|15
|
|t:|1758255223
|move|p2a: Shanks|Stone Edge|p1a: Ogerpon|[miss]
|-miss|p2a: Shanks|p1a: Ogerpon
|move|p1a: Ogerpon|Ivy Cudgel|p2a: Shanks|[anim] Ivy Cudgel Water
|-damage|p2a: Shanks|0 fnt
|faint|p2a: Shanks
|
|upkeep
|-message|romandlui forfeited.
|
|win|kyoujic
|raw|kyoujic's rating: 1535 &rarr; <strong>1556</strong><br />(+21 for winning)
|raw|romandlui's rating: 1551 &rarr; <strong>1530</strong><br />(-21 for losing)
|l|☆romandlui
|player|p2|
|l|☆kyoujic
|player|p1|
