|j|☆KrustyKrabby39
|j|☆bailuTV
|t:|1758378944
|gametype|singles
|player|p1|KrustyKrabby39|silver|1533
|player|p2|bailuTV|2|1522
|gen|9
|tier|[Gen 9] OU
|rated|
|rule|HP Percentage Mod: HP is shown in percentages
|rule|Endless Battle Clause: Forcing endless battles is banned
|rule|Species Clause: Limit one of each Pokémon
|rule|OHKO Clause: OHKO moves are banned
|rule|Evasion Items Clause: Evasion items are banned
|rule|Evasion Moves Clause: Evasion moves are banned
|rule|Evasion Abilities Clause: Evasion abilities are banned
|rule|Sleep Moves Clause: Sleep-inducing moves are banned
|clearpoke
|poke|p1|Ninetales-Alola, F|
|poke|p1|Iron Boulder|
|poke|p1|Gliscor, F|
|poke|p1|Cinderace, F|
|poke|p1|Goodra-Hisui, F|
|poke|p1|Weezing-Galar, M|
|poke|p2|Zamazenta-*|
|poke|p2|Walking Wake|
|poke|p2|Raging Bolt|
|poke|p2|Ninetales, M|
|poke|p2|Jirachi|
|poke|p2|Torkoal, M|
|teampreview
|
|t:|1758378955
|teamsize|p1|6
|teamsize|p2|6
|start
|switch|p1a: Weezing|Weezing-Galar, M|100/100
|switch|p2a: Torkoal|Torkoal, M|100/100
|-ability|p1a: Weezing|Neutralizing Gas
|turn|1
|
|t:|1758378963
|move|p1a: Weezing|Toxic|p2a: Torkoal
|-status|p2a: Torkoal|tox
|move|p2a: Torkoal|Earth Power|p1a: Weezing
|-supereffective|p1a: Weezing
|-damage|p1a: Weezing|32/100
|
|-heal|p1a: Weezing|38/100|[from] item: Leftovers
|-damage|p2a: Torkoal|94/100 tox|[from] psn
|upkeep
|turn|2
|
|t:|1758378971
|move|p1a: Weezing|Pain Split|p2a: Torkoal
|-sethp|p2a: Torkoal|62/100 tox|[from] move: Pain Split|[silent]
|-sethp|p1a: Weezing|78/100|[from] move: Pain Split
|move|p2a: Torkoal|Stealth Rock|p1a: Weezing
|-sidestart|p1: KrustyKrabby39|move: Stealth Rock
|
|-heal|p1a: Weezing|84/100|[from] item: Leftovers
|-damage|p2a: Torkoal|50/100 tox|[from] psn
|upkeep
|turn|3
|
|t:|1758378982
|-end|p1a: Weezing|ability: Neutralizing Gas
|-weather|SunnyDay|[from] ability: Drought|[of] p2a: Torkoal
|switch|p1a: Gliscor|Gliscor, F|100/100
|-damage|p1a: Gliscor|88/100|[from] Stealth Rock
|move|p2a: Torkoal|Earth Power|p1a: Gliscor
|-immune|p1a: Gliscor
|
|-weather|SunnyDay|[upkeep]
|-damage|p2a: Torkoal|31/100 tox|[from] psn
|-status|p1a: Gliscor|tox|[from] item: Toxic Orb
|upkeep
|turn|4
|
|t:|1758378991
|move|p1a: Gliscor|Facade|p2a: Torkoal
|-damage|p2a: Torkoal|0 fnt
|faint|p2a: Torkoal
|
|-weather|SunnyDay|[upkeep]
|-heal|p1a: Gliscor|100/100 tox|[from] ability: Poison Heal
|upkeep
|
|t:|1758378999
|switch|p2a: Walking Wake|Walking Wake|100/100
|-activate|p2a: Walking Wake|ability: Protosynthesis
|-start|p2a: Walking Wake|protosynthesisspe
|turn|5
|
|t:|1758379005
|move|p1a: Gliscor|Protect|p1a: Gliscor
|-singleturn|p1a: Gliscor|Protect
|move|p2a: Walking Wake|Flamethrower|p1a: Gliscor
|-activate|p1a: Gliscor|move: Protect
|
|-weather|SunnyDay|[upkeep]
|upkeep
|turn|6
|
|t:|1758379010
|switch|p1a: Cinderace|Cinderace, F|100/100
|move|p2a: Walking Wake|Flamethrower|p1a: Cinderace
|-resisted|p1a: Cinderace
|-damage|p1a: Cinderace|51/100
|
|-weather|SunnyDay|[upkeep]
|upkeep
|turn|7
|
|t:|1758379016
|move|p2a: Walking Wake|Flamethrower|p1a: Cinderace
|-resisted|p1a: Cinderace
|-damage|p1a: Cinderace|2/100
|move|p1a: Cinderace|Court Change|p1a: Cinderace
|-start|p1a: Cinderace|typechange|Normal|[from] ability: Libero
|-swapsideconditions
|-activate|p1a: Cinderace|move: Court Change
|
|-weather|none
|-end|p2a: Walking Wake|Protosynthesis
|upkeep
|turn|8
|
|t:|1758379024
|move|p1a: Cinderace|U-turn|p2a: Walking Wake
|-damage|p2a: Walking Wake|75/100
|
|t:|1758379029
|switch|p1a: Goodra|Goodra-Hisui, F|100/100|[from] U-turn
|move|p2a: Walking Wake|Flamethrower|p1a: Goodra
|-damage|p1a: Goodra|82/100
|
|upkeep
|turn|9
|
|t:|1758379044
|-end|p2a: Walking Wake|Protosynthesis|[silent]
|switch|p2a: Jirachi|Jirachi|100/100
|-damage|p2a: Jirachi|94/100|[from] Stealth Rock
|-item|p2a: Jirachi|Air Balloon
|move|p1a: Goodra|Dragon Tail|p2a: Jirachi
|-resisted|p2a: Jirachi
|-damage|p2a: Jirachi|85/100
|-enditem|p2a: Jirachi|Air Balloon
|drag|p2a: Ninetales|Ninetales, M|100/100
|-damage|p2a: Ninetales|76/100|[from] Stealth Rock
|-weather|SunnyDay|[from] ability: Drought|[of] p2a: Ninetales
|
|-weather|SunnyDay|[upkeep]
|upkeep
|turn|10
|
|t:|1758379051
|move|p2a: Ninetales|Will-O-Wisp|p1a: Goodra
|-status|p1a: Goodra|brn
|move|p1a: Goodra|Dragon Tail|p2a: Ninetales
|-damage|p2a: Ninetales|60/100
|drag|p2a: Zamazenta|Zamazenta|100/100
|-damage|p2a: Zamazenta|94/100|[from] Stealth Rock
|-ability|p2a: Zamazenta|Dauntless Shield|boost
|-boost|p2a: Zamazenta|def|1
|
|-weather|SunnyDay|[upkeep]
|-heal|p2a: Zamazenta|100/100|[from] item: Leftovers
|-damage|p1a: Goodra|76/100 brn|[from] brn
|upkeep
|turn|11
|
|t:|1758379061
|-terastallize|p1a: Goodra|Ghost
|move|p2a: Zamazenta|Body Press|p1a: Goodra
|-immune|p1a: Goodra
|move|p1a: Goodra|Dragon Tail|p2a: Zamazenta
|-damage|p2a: Zamazenta|95/100
|drag|p2a: Walking Wake|Walking Wake|75/100
|-damage|p2a: Walking Wake|63/100|[from] Stealth Rock
|-activate|p2a: Walking Wake|ability: Protosynthesis
|-start|p2a: Walking Wake|protosynthesisspe
|
|-weather|SunnyDay|[upkeep]
|-damage|p1a: Goodra|70/100 brn|[from] brn
|upkeep
|turn|12
|
|t:|1758379069
|move|p2a: Walking Wake|Hydro Steam|p1a: Goodra
|-damage|p1a: Goodra|30/100 brn
|move|p1a: Goodra|Dragon Tail|p2a: Walking Wake
|-supereffective|p2a: Walking Wake
|-damage|p2a: Walking Wake|40/100
|-end|p2a: Walking Wake|Protosynthesis|[silent]
|drag|p2a: Raging Bolt|Raging Bolt|100/100
|-damage|p2a: Raging Bolt|88/100|[from] Stealth Rock
|-activate|p2a: Raging Bolt|ability: Protosynthesis
|-start|p2a: Raging Bolt|protosynthesisspa
|
|-weather|SunnyDay|[upkeep]
|-damage|p1a: Goodra|24/100 brn|[from] brn
|upkeep
|turn|13
|
|t:|1758379079
|move|p2a: Raging Bolt|Weather Ball|p1a: Goodra
|-damage|p1a: Goodra|0 fnt
|faint|p1a: Goodra
|
|-weather|SunnyDay|[upkeep]
|upkeep
|
|t:|1758379082
|switch|p1a: Cinderace|Cinderace, F|2/100
|turn|14
|
|t:|1758379085
|move|p1a: Cinderace|Sucker Punch|p2a: Raging Bolt
|-start|p1a: Cinderace|typechange|Dark|[from] ability: Libero
|-damage|p2a: Raging Bolt|55/100
|move|p2a: Raging Bolt|Thunderclap||[still]
|-fail|p2a: Raging Bolt
|
|-weather|SunnyDay|[upkeep]
|upkeep
|turn|15
|
|t:|1758379091
|move|p2a: Raging Bolt|Thunderclap|p1a: Cinderace
|-damage|p1a: Cinderace|0 fnt
|faint|p1a: Cinderace
|
|-weather|SunnyDay|[upkeep]
|upkeep
|
|t:|1758379097
|switch|p1a: Ninetales|Ninetales-Alola, F|100/100
|-weather|Snowscape|[from] ability: Snow Warning|[of] p1a: Ninetales
|-end|p2a: Raging Bolt|Protosynthesis
|turn|16
|
|t:|1758379106
|move|p1a: Ninetales|Moonblast|p2a: Raging Bolt
|-supereffective|p2a: Raging Bolt
|-damage|p2a: Raging Bolt|9/100
|-unboost|p2a: Raging Bolt|spa|1
|move|p2a: Raging Bolt|Volt Switch|p1a: Ninetales
|-damage|p1a: Ninetales|67/100
|
|t:|1758379115
|-end|p2a: Raging Bolt|Protosynthesis|[silent]
|switch|p2a: Jirachi|Jirachi|85/100|[from] Volt Switch
|-damage|p2a: Jirachi|79/100|[from] Stealth Rock
|
|-weather|Snowscape|[upkeep]
|upkeep
|turn|17
|
|t:|1758379122
|switch|p1a: Gliscor|Gliscor, F|100/100 tox
|move|p2a: Jirachi|Encore||[still]
|-fail|p2a: Jirachi
|
|-weather|Snowscape|[upkeep]
|upkeep
|turn|18
|
|t:|1758379126
|move|p2a: Jirachi|Iron Head|p1a: Gliscor
|-damage|p1a: Gliscor|77/100 tox
|move|p1a: Gliscor|Earthquake|p2a: Jirachi
|-supereffective|p2a: Jirachi
|-damage|p2a: Jirachi|0 fnt
|faint|p2a: Jirachi
|
|-weather|Snowscape|[upkeep]
|-heal|p1a: Gliscor|89/100 tox|[from] ability: Poison Heal
|upkeep
|
|t:|1758379134
|switch|p2a: Ninetales|Ninetales, M|60/100
|-damage|p2a: Ninetales|35/100|[from] Stealth Rock
|-weather|SunnyDay|[from] ability: Drought|[of] p2a: Ninetales
|turn|19
|
|t:|1758379145
|move|p2a: Ninetales|Will-O-Wisp||[still]
|-fail|p2a: Ninetales
|move|p1a: Gliscor|Earthquake|p2a: Ninetales
|-supereffective|p2a: Ninetales
|-damage|p2a: Ninetales|0 fnt
|faint|p2a: Ninetales
|
|-weather|SunnyDay|[upkeep]
|-heal|p1a: Gliscor|100/100 tox|[from] ability: Poison Heal
|upkeep
|
|t:|1758379155
|switch|p2a: Walking Wake|Walking Wake|40/100
|-damage|p2a: Walking Wake|27/100|[from] Stealth Rock
|-activate|p2a: Walking Wake|ability: Protosynthesis
|-start|p2a: Walking Wake|protosynthesisspe
|turn|20
|
|t:|1758379165
|-terastallize|p2a: Walking Wake|Water
|move|p1a: Gliscor|Protect|p1a: Gliscor
|-singleturn|p1a: Gliscor|Protect
|move|p2a: Walking Wake|Hydro Steam|p1a: Gliscor
|-activate|p1a: Gliscor|move: Protect
|
|-weather|SunnyDay|[upkeep]
|upkeep
|turn|21
|
|t:|1758379179
|switch|p1a: Iron Boulder|Iron Boulder|100/100
|-enditem|p1a: Iron Boulder|Booster Energy
|-activate|p1a: Iron Boulder|ability: Quark Drive|[fromitem]
|-start|p1a: Iron Boulder|quarkdrivespe
|move|p2a: Walking Wake|Hydro Steam|p1a: Iron Boulder
|-supereffective|p1a: Iron Boulder
|-damage|p1a: Iron Boulder|0 fnt
|faint|p1a: Iron Boulder
|-end|p1a: Iron Boulder|Quark Drive|[silent]
|
|-weather|SunnyDay|[upkeep]
|upkeep
|
|t:|1758379180
|switch|p1a: Ninetales|Ninetales-Alola, F|67/100
|-weather|Snowscape|[from] ability: Snow Warning|[of] p1a: Ninetales
|-end|p2a: Walking Wake|Protosynthesis
|turn|22
|
|t:|1758379188
|move|p1a: Ninetales|Aurora Veil|p1a: Ninetales
|-sidestart|p1: KrustyKrabby39|move: Aurora Veil
|move|p2a: Walking Wake|Hydro Steam|p1a: Ninetales
|-damage|p1a: Ninetales|22/100
|
|-weather|Snowscape|[upkeep]
|upkeep
|turn|23
|
|t:|1758379193
|move|p2a: Walking Wake|Hydro Steam|p1a: Ninetales
|-damage|p1a: Ninetales|0 fnt
|faint|p1a: Ninetales
|
|-weather|Snowscape|[upkeep]
|upkeep
|
|t:|1758379196
|switch|p1a: Weezing|Weezing-Galar, M|84/100
|-ability|p1a: Weezing|Neutralizing Gas
|turn|24
|
|t:|1758379205
|-end|p2a: Walking Wake|Protosynthesis|[silent]
|switch|p2a: Raging Bolt|Raging Bolt|9/100
|-damage|p2a: Raging Bolt|0 fnt|[from] Stealth Rock
|faint|p2a: Raging Bolt
|-end|p2a: Raging Bolt|Protosynthesis|[silent]
|move|p1a: Weezing|Strange Steam|p2: Raging Bolt|[notarget]
|-fail|p1a: Weezing
|
|-weather|Snowscape|[upkeep]
|-heal|p1a: Weezing|90/100|[from] item: Leftovers
|upkeep
|
|t:|1758379213
|switch|p2a: Zamazenta|Zamazenta|95/100
|-damage|p2a: Zamazenta|89/100|[from] Stealth Rock
|turn|25
|
|t:|1758379220
|move|p2a: Zamazenta|Iron Defense|p2a: Zamazenta
|-boost|p2a: Zamazenta|def|2
|move|p1a: Weezing|Will-O-Wisp|p2a: Zamazenta
|-status|p2a: Zamazenta|brn
|
|-weather|Snowscape|[upkeep]
|-heal|p2a: Zamazenta|95/100 brn|[from] item: Leftovers
|-heal|p1a: Weezing|96/100|[from] item: Leftovers
|-damage|p2a: Zamazenta|89/100 brn|[from] brn
|upkeep
|turn|26
|
|t:|1758379226
|-end|p1a: Weezing|ability: Neutralizing Gas
|switch|p1a: Gliscor|Gliscor, F|100/100 tox
|move|p2a: Zamazenta|Substitute|p2a: Zamazenta
|-start|p2a: Zamazenta|Substitute
|-damage|p2a: Zamazenta|64/100 brn
|
|-weather|none
|-heal|p2a: Zamazenta|70/100 brn|[from] item: Leftovers
|-damage|p2a: Zamazenta|64/100 brn|[from] brn
|upkeep
|turn|27
|
|t:|1758379240
|move|p2a: Zamazenta|Body Press|p1a: Gliscor
|-resisted|p1a: Gliscor
|-damage|p1a: Gliscor|95/100 tox
|move|p1a: Gliscor|Facade|p2a: Zamazenta
|-activate|p2a: Zamazenta|move: Substitute|[damage]
|
|-heal|p2a: Zamazenta|70/100 brn|[from] item: Leftovers
|-heal|p1a: Gliscor|100/100 tox|[from] ability: Poison Heal
|-damage|p2a: Zamazenta|64/100 brn|[from] brn
|upkeep
|turn|28
|
|t:|1758379248
|move|p2a: Zamazenta|Iron Defense|p2a: Zamazenta
|-boost|p2a: Zamazenta|def|2
|move|p1a: Gliscor|Facade|p2a: Zamazenta
|-crit|p2a: Zamazenta
|-end|p2a: Zamazenta|Substitute
|
|-heal|p2a: Zamazenta|70/100 brn|[from] item: Leftovers
|-damage|p2a: Zamazenta|64/100 brn|[from] brn
|upkeep
|turn|29
|
|t:|1758379252
|move|p2a: Zamazenta|Substitute|p2a: Zamazenta
|-start|p2a: Zamazenta|Substitute
|-damage|p2a: Zamazenta|39/100 brn
|move|p1a: Gliscor|Earthquake|p2a: Zamazenta
|-activate|p2a: Zamazenta|move: Substitute|[damage]
|
|-heal|p2a: Zamazenta|45/100 brn|[from] item: Leftovers
|-damage|p2a: Zamazenta|39/100 brn|[from] brn
|-sideend|p1: KrustyKrabby39|move: Aurora Veil
|upkeep
|turn|30
|
|t:|1758379256
|move|p2a: Zamazenta|Iron Defense|p2a: Zamazenta
|-boost|p2a: Zamazenta|def|2
|move|p1a: Gliscor|Earthquake|p2a: Zamazenta
|-activate|p2a: Zamazenta|move: Substitute|[damage]
|
|-heal|p2a: Zamazenta|45/100 brn|[from] item: Leftovers
|-damage|p2a: Zamazenta|39/100 brn|[from] brn
|upkeep
|turn|31
|
|t:|1758379267
|move|p2a: Zamazenta|Body Press|p1a: Gliscor
|-resisted|p1a: Gliscor
|-damage|p1a: Gliscor|79/100 tox
|move|p1a: Gliscor|Earthquake|p2a: Zamazenta
|-end|p2a: Zamazenta|Substitute
|
|-heal|p2a: Zamazenta|45/100 brn|[from] item: Leftovers
|-heal|p1a: Gliscor|91/100 tox|[from] ability: Poison Heal
|-damage|p2a: Zamazenta|39/100 brn|[from] brn
|upkeep
|turn|32
|
|t:|1758379275
|move|p2a: Zamazenta|Substitute|p2a: Zamazenta
|-start|p2a: Zamazenta|Substitute
|-damage|p2a: Zamazenta|14/100 brn
|move|p1a: Gliscor|Earthquake|p2a: Zamazenta
|-activate|p2a: Zamazenta|move: Substitute|[damage]
|
|-heal|p2a: Zamazenta|20/100 brn|[from] item: Leftovers
|-heal|p1a: Gliscor|100/100 tox|[from] ability: Poison Heal
|-damage|p2a: Zamazenta|14/100 brn|[from] brn
|upkeep
|turn|33
|
|t:|1758379281
|move|p2a: Zamazenta|Body Press|p1a: Gliscor
|-resisted|p1a: Gliscor
|-damage|p1a: Gliscor|80/100 tox
|move|p1a: Gliscor|Earthquake|p2a: Zamazenta
|-activate|p2a: Zamazenta|move: Substitute|[damage]
|
|-heal|p2a: Zamazenta|20/100 brn|[from] item: Leftovers
|-heal|p1a: Gliscor|93/100 tox|[from] ability: Poison Heal
|-damage|p2a: Zamazenta|14/100 brn|[from] brn
|upkeep
|turn|34
|
|t:|1758379287
|move|p2a: Zamazenta|Body Press|p1a: Gliscor
|-resisted|p1a: Gliscor
|-damage|p1a: Gliscor|71/100 tox
|move|p1a: Gliscor|Earthquake|p2a: Zamazenta
|-end|p2a: Zamazenta|Substitute
|
|-heal|p2a: Zamazenta|20/100 brn|[from] item: Leftovers
|-heal|p1a: Gliscor|84/100 tox|[from] ability: Poison Heal
|-damage|p2a: Zamazenta|14/100 brn|[from] brn
|upkeep
|turn|35
|
|t:|1758379293
|move|p1a: Gliscor|Protect|p1a: Gliscor
|-singleturn|p1a: Gliscor|Protect
|move|p2a: Zamazenta|Body Press|p1a: Gliscor
|-activate|p1a: Gliscor|move: Protect
|
|-heal|p2a: Zamazenta|20/100 brn|[from] item: Leftovers
|-heal|p1a: Gliscor|96/100 tox|[from] ability: Poison Heal
|-damage|p2a: Zamazenta|14/100 brn|[from] brn
|upkeep
|turn|36
|
|t:|1758379298
|move|p2a: Zamazenta|Body Press|p1a: Gliscor
|-resisted|p1a: Gliscor
|-damage|p1a: Gliscor|75/100 tox
|move|p1a: Gliscor|Earthquake|p2a: Zamazenta
|-damage|p2a: Zamazenta|5/100 brn
|
|-heal|p2a: Zamazenta|11/100 brn|[from] item: Leftovers
|-heal|p1a: Gliscor|88/100 tox|[from] ability: Poison Heal
|-damage|p2a: Zamazenta|5/100 brn|[from] brn
|upkeep
|turn|37
|
|t:|1758379310
|move|p1a: Gliscor|Protect|p1a: Gliscor
|-singleturn|p1a: Gliscor|Protect
|move|p2a: Zamazenta|Body Press|p1a: Gliscor
|-activate|p1a: Gliscor|move: Protect
|
|-heal|p2a: Zamazenta|11/100 brn|[from] item: Leftovers
|-heal|p1a: Gliscor|99/100 tox|[from] ability: Poison Heal
|-damage|p2a: Zamazenta|5/100 brn|[from] brn
|upkeep
|turn|38
|
|t:|1758379317
|move|p2a: Zamazenta|Body Press|p1a: Gliscor
|-resisted|p1a: Gliscor
|-damage|p1a: Gliscor|78/100 tox
|move|p1a: Gliscor|Earthquake|p2a: Zamazenta
|-damage|p2a: Zamazenta|0 fnt
|faint|p2a: Zamazenta
|
|-heal|p1a: Gliscor|90/100 tox|[from] ability: Poison Heal
|upkeep
|
|t:|1758379321
|switch|p2a: Walking Wake|Walking Wake, tera:Water|27/100
|-damage|p2a: Walking Wake|15/100|[from] Stealth Rock
|turn|39
|
|t:|1758379330
|move|p1a: Gliscor|Protect|p1a: Gliscor
|-singleturn|p1a: Gliscor|Protect
|move|p2a: Walking Wake|Hydro Steam|p1a: Gliscor
|-activate|p1a: Gliscor|move: Protect
|
|-heal|p1a: Gliscor|100/100 tox|[from] ability: Poison Heal
|upkeep
|turn|40
|
|t:|1758379337
|move|p2a: Walking Wake|Hydro Steam|p1a: Gliscor
|-supereffective|p1a: Gliscor
|-damage|p1a: Gliscor|0 fnt
|faint|p1a: Gliscor
|
|upkeep
|
|t:|1758379340
|switch|p1a: Weezing|Weezing-Galar, M|96/100
|-ability|p1a: Weezing|Neutralizing Gas
|turn|41
|
|t:|1758379345
|move|p2a: Walking Wake|Hydro Steam|p1a: Weezing
|-damage|p1a: Weezing|0 fnt
|faint|p1a: Weezing
|-end|p1a: Weezing|ability: Neutralizing Gas
|
|win|bailuTV
|raw|KrustyKrabby39's rating: 1533 &rarr; <strong>1513</strong><br />(-20 for losing)
|raw|bailuTV's rating: 1539 &rarr; <strong>1559</strong><br />(+20 for winning)
|l|☆KrustyKrabby39
|player|p1|
|l|☆bailuTV
|player|p2|
