|j|☆ICElIED
|j|☆javierknox
|t:|1758372602
|gametype|singles
|player|p1|ICElIED|steven|1376
|player|p2|javierknox|linebacker|1362
|gen|9
|tier|[Gen 9] OU
|rated|
|rule|HP Percentage Mod: HP is shown in percentages
|rule|Endless Battle Clause: Forcing endless battles is banned
|rule|Species Clause: Limit one of each Pokémon
|rule|OHKO Clause: OHKO moves are banned
|rule|Evasion Items Clause: Evasion items are banned
|rule|Evasion Moves Clause: Evasion moves are banned
|rule|Evasion Abilities Clause: Evasion abilities are banned
|rule|Sleep Moves Clause: Sleep-inducing moves are banned
|clearpoke
|poke|p1|Samurott-Hisui, F|
|poke|p1|Jirachi|
|poke|p1|Raikou|
|poke|p1|Hydrapple, M|
|poke|p1|Iron Moth|
|poke|p1|Mamoswine, F|
|poke|p2|Garganacl, F|
|poke|p2|Dragapult, F|
|poke|p2|Ogerpon-Wellspring, F|
|poke|p2|Moltres|
|poke|p2|Zamazenta-*|
|poke|p2|Iron Treads|
|teampreview
|
|t:|1758372616
|teamsize|p1|6
|teamsize|p2|6
|start
|switch|p1a: Jirachi|Jirachi|100/100
|switch|p2a: Dragapult|Dragapult, F|100/100
|turn|1
|
|t:|1758372630
|move|p2a: Dragapult|Will-O-Wisp|p1a: Jirachi|[miss]
|-miss|p2a: Dragapult|p1a: Jirachi
|move|p1a: Jirachi|U-turn|p2a: Dragapult
|-resisted|p2a: Dragapult
|-damage|p2a: Dragapult|87/100
|
|t:|1758372642
|switch|p1a: Iron Moth|Iron Moth|100/100|[from] U-turn
|-enditem|p1a: Iron Moth|Booster Energy
|-activate|p1a: Iron Moth|ability: Quark Drive|[fromitem]
|-start|p1a: Iron Moth|quarkdrivespe
|
|upkeep
|turn|2
|
|t:|1758372651
|move|p1a: Iron Moth|Fiery Dance|p2a: Dragapult
|-resisted|p2a: Dragapult
|-damage|p2a: Dragapult|59/100
|move|p2a: Dragapult|Draco Meteor|p1a: Iron Moth
|-damage|p1a: Iron Moth|49/100
|-unboost|p2a: Dragapult|spa|2
|
|upkeep
|turn|3
|
|t:|1758372660
|move|p1a: Iron Moth|Dazzling Gleam|p2a: Dragapult
|-supereffective|p2a: Dragapult
|-damage|p2a: Dragapult|0 fnt
|faint|p2a: Dragapult
|
|upkeep
|
|t:|1758372665
|switch|p2a: Garganacl|Garganacl, F|100/100
|turn|4
|
|t:|1758372677
|-terastallize|p1a: Iron Moth|Ground
|move|p1a: Iron Moth|Tera Blast|p2a: Garganacl|[anim] Tera Blast Ground
|-supereffective|p2a: Garganacl
|-damage|p2a: Garganacl|47/100
|move|p2a: Garganacl|Salt Cure|p1a: Iron Moth
|-resisted|p1a: Iron Moth
|-damage|p1a: Iron Moth|38/100
|-start|p1a: Iron Moth|Salt Cure
|
|-heal|p2a: Garganacl|53/100|[from] item: Leftovers
|-damage|p1a: Iron Moth|25/100|[from] Salt Cure
|upkeep
|turn|5
|
|t:|1758372692
|switch|p2a: Moltres|Moltres|100/100
|move|p1a: Iron Moth|Tera Blast|p2a: Moltres|[anim] Tera Blast Ground
|-immune|p2a: Moltres
|
|-damage|p1a: Iron Moth|13/100|[from] Salt Cure
|upkeep
|turn|6
|
|t:|1758372705
|move|p1a: Iron Moth|Sludge Wave|p2a: Moltres
|-damage|p2a: Moltres|61/100
|move|p2a: Moltres|Flamethrower|p1a: Iron Moth
|-damage|p1a: Iron Moth|0 fnt
|faint|p1a: Iron Moth
|-end|p1a: Iron Moth|Quark Drive|[silent]
|
|upkeep
|
|t:|1758372709
|switch|p1a: Raikou|Raikou|100/100
|-ability|p1a: Raikou|Pressure
|turn|7
|
|t:|1758372715
|switch|p2a: Iron Treads|Iron Treads|100/100
|move|p1a: Raikou|Scald|p2a: Iron Treads
|-supereffective|p2a: Iron Treads
|-damage|p2a: Iron Treads|38/100
|-status|p2a: Iron Treads|brn
|
|-heal|p2a: Iron Treads|45/100 brn|[from] item: Leftovers
|-damage|p2a: Iron Treads|38/100 brn|[from] brn
|upkeep
|turn|8
|
|t:|1758372722
|switch|p1a: Hydrapple|Hydrapple, M|100/100
|move|p2a: Iron Treads|Earthquake|p1a: Hydrapple
|-resisted|p1a: Hydrapple
|-damage|p1a: Hydrapple|96/100
|
|-heal|p2a: Iron Treads|45/100 brn|[from] item: Leftovers
|-damage|p2a: Iron Treads|38/100 brn|[from] brn
|upkeep
|turn|9
|
|t:|1758372729
|move|p2a: Iron Treads|Stealth Rock|p1a: Hydrapple
|-sidestart|p1: ICElIED|move: Stealth Rock
|move|p1a: Hydrapple|Fickle Beam|p2a: Iron Treads|[anim] Fickle Beam All Out
|-activate|p1a: Hydrapple|move: Fickle Beam
|-resisted|p2a: Iron Treads
|-damage|p2a: Iron Treads|12/100 brn
|
|-heal|p2a: Iron Treads|18/100 brn|[from] item: Leftovers
|-damage|p2a: Iron Treads|12/100 brn|[from] brn
|upkeep
|turn|10
|
|t:|1758372735
|move|p2a: Iron Treads|Knock Off|p1a: Hydrapple
|-damage|p1a: Hydrapple|89/100
|-damage|p2a: Iron Treads|0 fnt|[from] item: Rocky Helmet|[of] p1a: Hydrapple
|faint|p2a: Iron Treads
|-end|p2a: Iron Treads|Quark Drive|[silent]
|move|p1a: Hydrapple|Fickle Beam|p2: Iron Treads|[notarget]
|-fail|p1a: Hydrapple
|
|upkeep
|
|t:|1758372747
|switch|p2a: Moltres|Moltres|61/100
|turn|11
|
|t:|1758372753
|switch|p1a: Jirachi|Jirachi|100/100
|-damage|p1a: Jirachi|94/100|[from] Stealth Rock
|move|p2a: Moltres|Flamethrower|p1a: Jirachi
|-supereffective|p1a: Jirachi
|-damage|p1a: Jirachi|22/100
|
|-heal|p1a: Jirachi|28/100|[from] item: Leftovers
|upkeep
|turn|12
|
|t:|1758372758
|move|p1a: Jirachi|Body Slam|p2a: Moltres
|-damage|p2a: Moltres|42/100
|-status|p2a: Moltres|par
|cant|p2a: Moltres|par
|
|-heal|p1a: Jirachi|34/100|[from] item: Leftovers
|upkeep
|turn|13
|
|t:|1758372765
|switch|p1a: Raikou|Raikou|100/100
|-damage|p1a: Raikou|88/100|[from] Stealth Rock
|-ability|p1a: Raikou|Pressure
|move|p2a: Moltres|Roost|p2a: Moltres
|-heal|p2a: Moltres|92/100 par
|-singleturn|p2a: Moltres|move: Roost
|
|upkeep
|turn|14
|
|t:|1758372775
|-terastallize|p2a: Moltres|Fairy
|move|p1a: Raikou|Thunderbolt|p2a: Moltres
|-damage|p2a: Moltres|32/100 par
|move|p2a: Moltres|Will-O-Wisp|p1a: Raikou
|-status|p1a: Raikou|brn
|
|-damage|p1a: Raikou|82/100 brn|[from] brn
|upkeep
|turn|15
|
|t:|1758372785
|switch|p2a: Ogerpon|Ogerpon-Wellspring, F|100/100
|move|p1a: Raikou|Thunderbolt|p2a: Ogerpon
|-damage|p2a: Ogerpon|32/100
|
|-damage|p1a: Raikou|76/100 brn|[from] brn
|upkeep
|turn|16
|
|t:|1758372796
|move|p1a: Raikou|Thunderbolt|p2a: Ogerpon
|-damage|p2a: Ogerpon|0 fnt
|faint|p2a: Ogerpon
|
|-damage|p1a: Raikou|69/100 brn|[from] brn
|upkeep
|
|t:|1758372803
|switch|p2a: Zamazenta|Zamazenta|100/100
|-ability|p2a: Zamazenta|Dauntless Shield|boost
|-boost|p2a: Zamazenta|def|1
|turn|17
|
|t:|1758372813
|switch|p1a: Jirachi|Jirachi|34/100
|-damage|p1a: Jirachi|28/100|[from] Stealth Rock
|move|p2a: Zamazenta|Close Combat|p1a: Jirachi
|-damage|p1a: Jirachi|0 fnt
|-unboost|p2a: Zamazenta|def|1
|-unboost|p2a: Zamazenta|spd|1
|faint|p1a: Jirachi
|
|upkeep
|
|t:|1758372821
|switch|p1a: Samurott|Samurott-Hisui, F|100/100
|turn|18
|
|t:|1758372829
|move|p2a: Zamazenta|Close Combat|p1a: Samurott
|-supereffective|p1a: Samurott
|-damage|p1a: Samurott|0 fnt
|-unboost|p2a: Zamazenta|def|1
|-unboost|p2a: Zamazenta|spd|1
|faint|p1a: Samurott
|
|upkeep
|
|t:|1758372840
|switch|p1a: Hydrapple|Hydrapple, M|100/100
|-damage|p1a: Hydrapple|88/100|[from] Stealth Rock
|turn|19
|
|t:|1758372847
|switch|p2a: Moltres|Moltres, tera:Fairy|32/100 par
|move|p1a: Hydrapple|Fickle Beam|p2a: Moltres
|-immune|p2a: Moltres
|
|upkeep
|turn|20
|
|t:|1758372854
|move|p1a: Hydrapple|Giga Drain|p2a: Moltres
|-damage|p2a: Moltres|4/100 par
|-heal|p1a: Hydrapple|100/100|[from] drain|[of] p2a: Moltres
|cant|p2a: Moltres|par
|
|upkeep
|turn|21
|
|t:|1758372860
|move|p1a: Hydrapple|Giga Drain|p2a: Moltres
|-damage|p2a: Moltres|0 fnt
|faint|p2a: Moltres
|
|upkeep
|
|t:|1758372864
|switch|p2a: Zamazenta|Zamazenta|100/100
|turn|22
|
|t:|1758372868
|move|p2a: Zamazenta|Ice Fang|p1a: Hydrapple
|-supereffective|p1a: Hydrapple
|-damage|p1a: Hydrapple|38/100
|-status|p1a: Hydrapple|frz
|-damage|p2a: Zamazenta|84/100|[from] item: Rocky Helmet|[of] p1a: Hydrapple
|cant|p1a: Hydrapple|frz
|
|upkeep
|turn|23
|
|t:|1758372877
|switch|p1a: Mamoswine|Mamoswine, F|100/100
|-damage|p1a: Mamoswine|88/100|[from] Stealth Rock
|move|p2a: Zamazenta|Ice Fang|p1a: Mamoswine
|-damage|p1a: Mamoswine|64/100
|
|upkeep
|turn|24
|
|t:|1758372886
|move|p2a: Zamazenta|Close Combat|p1a: Mamoswine
|-supereffective|p1a: Mamoswine
|-damage|p1a: Mamoswine|0 fnt
|-unboost|p2a: Zamazenta|def|1
|-unboost|p2a: Zamazenta|spd|1
|faint|p1a: Mamoswine
|
|upkeep
|
|t:|1758372890
|switch|p1a: Raikou|Raikou|69/100 brn
|-damage|p1a: Raikou|57/100 brn|[from] Stealth Rock
|-ability|p1a: Raikou|Pressure
|turn|25
|
|t:|1758372896
|switch|p2a: Garganacl|Garganacl, F|53/100
|move|p1a: Raikou|Thunderbolt|p2a: Garganacl
|-damage|p2a: Garganacl|11/100
|
|-heal|p2a: Garganacl|17/100|[from] item: Leftovers
|-damage|p1a: Raikou|51/100 brn|[from] brn
|upkeep
|turn|26
|
|t:|1758372906
|switch|p1a: Hydrapple|Hydrapple, M|72/100 frz
|-damage|p1a: Hydrapple|59/100 frz|[from] Stealth Rock
|move|p2a: Garganacl|Recover|p2a: Garganacl
|-heal|p2a: Garganacl|67/100
|
|-heal|p2a: Garganacl|74/100|[from] item: Leftovers
|upkeep
|turn|27
|
|t:|1758372911
|-curestatus|p1a: Hydrapple|frz|[msg]
|move|p1a: Hydrapple|Giga Drain|p2a: Garganacl
|-supereffective|p2a: Garganacl
|-damage|p2a: Garganacl|32/100
|-heal|p1a: Hydrapple|80/100|[from] drain|[of] p2a: Garganacl
|move|p2a: Garganacl|Salt Cure|p1a: Hydrapple
|-damage|p1a: Hydrapple|72/100
|-start|p1a: Hydrapple|Salt Cure
|
|-heal|p2a: Garganacl|38/100|[from] item: Leftovers
|-damage|p1a: Hydrapple|60/100|[from] Salt Cure
|upkeep
|turn|28
|
|t:|1758372918
|switch|p1a: Raikou|Raikou|51/100 brn
|-damage|p1a: Raikou|38/100 brn|[from] Stealth Rock
|-ability|p1a: Raikou|Pressure
|switch|p2a: Zamazenta|Zamazenta|84/100
|
|-damage|p1a: Raikou|32/100 brn|[from] brn
|upkeep
|turn|29
|
|t:|1758372925
|move|p2a: Zamazenta|Close Combat|p1a: Raikou
|-damage|p1a: Raikou|0 fnt
|-unboost|p2a: Zamazenta|def|1
|-unboost|p2a: Zamazenta|spd|1
|faint|p1a: Raikou
|
|upkeep
|
|t:|1758372927
|switch|p1a: Hydrapple|Hydrapple, M|93/100
|-damage|p1a: Hydrapple|81/100|[from] Stealth Rock
|turn|30
|
|t:|1758372932
|switch|p2a: Garganacl|Garganacl, F|38/100
|move|p1a: Hydrapple|Nasty Plot|p1a: Hydrapple
|-boost|p1a: Hydrapple|spa|2
|
|-heal|p2a: Garganacl|44/100|[from] item: Leftovers
|upkeep
|turn|31
|
|t:|1758372939
|move|p1a: Hydrapple|Giga Drain|p2a: Garganacl
|-supereffective|p2a: Garganacl
|-damage|p2a: Garganacl|0 fnt
|-heal|p1a: Hydrapple|100/100|[from] drain|[of] p2a: Garganacl
|faint|p2a: Garganacl
|
|upkeep
|
|t:|1758372944
|switch|p2a: Zamazenta|Zamazenta|84/100
|turn|32
|
|t:|1758372948
|move|p2a: Zamazenta|Ice Fang|p1a: Hydrapple
|-supereffective|p1a: Hydrapple
|-damage|p1a: Hydrapple|42/100
|-damage|p2a: Zamazenta|67/100|[from] item: Rocky Helmet|[of] p1a: Hydrapple
|move|p1a: Hydrapple|Fickle Beam|p2a: Zamazenta
|-damage|p2a: Zamazenta|6/100
|
|upkeep
|turn|33
|
|t:|1758372955
|move|p2a: Zamazenta|Ice Fang|p1a: Hydrapple
|-supereffective|p1a: Hydrapple
|-damage|p1a: Hydrapple|0 fnt
|-damage|p2a: Zamazenta|0 fnt|[from] item: Rocky Helmet|[of] p1a: Hydrapple
|faint|p1a: Hydrapple
|faint|p2a: Zamazenta
|
|win|javierknox
|raw|ICElIED's rating: 1376 &rarr; <strong>1355</strong><br />(-21 for losing)
|raw|javierknox's rating: 1362 &rarr; <strong>1383</strong><br />(+21 for winning)
|l|☆javierknox
|player|p2|
|l|☆ICElIED
|player|p1|
