|j|☆nbnbaaaaa
|j|☆IBBXEF
|t:|1758271278
|gametype|singles
|player|p1|nbnbaaaaa|2|1212
|player|p2|IBBXEF|scientist-gen4|1252
|gen|9
|tier|[Gen 9] OU
|rated|
|rule|HP Percentage Mod: HP is shown in percentages
|rule|Endless Battle Clause: Forcing endless battles is banned
|rule|Species Clause: Limit one of each Pokémon
|rule|OHKO Clause: OHKO moves are banned
|rule|Evasion Items Clause: Evasion items are banned
|rule|Evasion Moves Clause: Evasion moves are banned
|rule|Evasion Abilities Clause: Evasion abilities are banned
|rule|Sleep Moves Clause: Sleep-inducing moves are banned
|clearpoke
|poke|p1|Samurott-Hisui, F|
|poke|p1|Iron Treads|
|poke|p1|Gholdengo|
|poke|p1|Moltres|
|poke|p1|Raging Bolt|
|poke|p1|Ogerpon-Wellspring, F|
|poke|p2|Ditto|
|poke|p2|Lokix, F|
|poke|p2|Tinkaton, F|
|poke|p2|Heatran, F|
|poke|p2|Polteageist-Antique|
|poke|p2|Quaquaval, F|
|teampreview
|inactive|Battle timer is ON: inactive players will automatically lose when time's up. (requested by IBBXEF)
|
|t:|1758271303
|teamsize|p1|6
|teamsize|p2|6
|start
|switch|p1a: Gholdengo|Gholdengo|100/100
|switch|p2a: Tinkaton|Tinkaton, F|100/100
|-item|p2a: Tinkaton|Air Balloon
|-item|p1a: Gholdengo|Air Balloon
|turn|1
|
|t:|1758271313
|move|p2a: Tinkaton|Knock Off|p1a: Gholdengo
|-supereffective|p1a: Gholdengo
|-damage|p1a: Gholdengo|76/100
|-enditem|p1a: Gholdengo|Air Balloon
|move|p1a: Gholdengo|Thunder Wave|p2a: Tinkaton
|-status|p2a: Tinkaton|par
|
|upkeep
|turn|2
|
|t:|1758271324
|switch|p1a: Iron Treads|Iron Treads, shiny|100/100
|-item|p1a: Iron Treads|Air Balloon
|move|p2a: Tinkaton|Stealth Rock|p1a: Iron Treads
|-sidestart|p1: nbnbaaaaa|move: Stealth Rock
|
|upkeep
|turn|3
|
|t:|1758271335
|move|p1a: Iron Treads|Rapid Spin|p2a: Tinkaton
|-resisted|p2a: Tinkaton
|-damage|p2a: Tinkaton|92/100 par
|-boost|p1a: Iron Treads|spe|1
|-enditem|p2a: Tinkaton|Air Balloon
|-sideend|p1: nbnbaaaaa|Stealth Rock|[from] move: Rapid Spin|[of] p1a: Iron Treads
|-item|p2a: Tinkaton|Air Balloon
|-enditem|p1a: Iron Treads|Air Balloon|[silent]|[from] ability: Pickpocket|[of] p1a: Iron Treads
|-item|p2a: Tinkaton|Air Balloon|[from] ability: Pickpocket|[of] p1a: Iron Treads
|cant|p2a: Tinkaton|par
|
|upkeep
|turn|4
|inactive|IBBXEF has 120 seconds left.
|
|t:|1758271365
|switch|p2a: Ditto|Ditto|100/100
|-transform|p2a: Ditto|p1a: Iron Treads|[from] ability: Imposter
|move|p1a: Iron Treads|Stealth Rock|p2a: Ditto
|-sidestart|p2: IBBXEF|move: Stealth Rock
|
|upkeep
|turn|5
|
|t:|1758271375
|-end|p1a: Iron Treads|Quark Drive|[silent]
|switch|p1a: Moltres|Moltres, shiny|100/100
|move|p2a: Ditto|Ice Spinner|p1a: Moltres
|-crit|p1a: Moltres
|-damage|p1a: Moltres|69/100
|
|upkeep
|turn|6
|
|t:|1758271390
|-end|p2a: Ditto|Quark Drive|[silent]
|switch|p2a: Heatran|Heatran, F|100/100
|-damage|p2a: Heatran|88/100|[from] Stealth Rock
|switch|p1a: Iron Treads|Iron Treads, shiny|100/100
|
|-heal|p2a: Heatran|94/100|[from] item: Leftovers
|upkeep
|turn|7
|inactive|IBBXEF has 120 seconds left.
|
|t:|1758271410
|switch|p2a: Tinkaton|Tinkaton, F|92/100 par
|-damage|p2a: Tinkaton|86/100 par|[from] Stealth Rock
|-item|p2a: Tinkaton|Air Balloon
|move|p1a: Iron Treads|Earthquake|p2a: Tinkaton
|-immune|p2a: Tinkaton
|
|upkeep
|turn|8
|inactive|IBBXEF has 120 seconds left.
|
|t:|1758271422
|move|p1a: Iron Treads|Rapid Spin|p2a: Tinkaton
|-resisted|p2a: Tinkaton
|-damage|p2a: Tinkaton|76/100 par
|-boost|p1a: Iron Treads|spe|1
|-enditem|p2a: Tinkaton|Air Balloon
|move|p2a: Tinkaton|Encore|p1a: Iron Treads
|-start|p1a: Iron Treads|Encore
|
|upkeep
|turn|9
|inactive|IBBXEF has 120 seconds left.
|
|t:|1758271437
|-end|p1a: Iron Treads|Quark Drive|[silent]
|switch|p1a: Moltres|Moltres, shiny|69/100
|switch|p2a: Quaquaval|Quaquaval, F|100/100
|-damage|p2a: Quaquaval|94/100|[from] Stealth Rock
|
|upkeep
|turn|10
|inactive|IBBXEF has 120 seconds left.
|
|t:|1758271450
|-terastallize|p1a: Moltres|Grass
|move|p2a: Quaquaval|Rapid Spin|p1a: Moltres
|-damage|p1a: Moltres|56/100
|-boost|p2a: Quaquaval|spe|1
|-status|p2a: Quaquaval|brn|[from] ability: Flame Body|[of] p1a: Moltres
|-sideend|p2: IBBXEF|Stealth Rock|[from] move: Rapid Spin|[of] p2a: Quaquaval
|move|p1a: Moltres|Will-O-Wisp|p2a: Quaquaval|[miss]
|-miss|p1a: Moltres|p2a: Quaquaval
|
|-damage|p2a: Quaquaval|88/100 brn|[from] brn
|upkeep
|turn|11
|inactive|IBBXEF has 120 seconds left.
|
|t:|1758271461
|move|p2a: Quaquaval|Swords Dance|p2a: Quaquaval
|-boost|p2a: Quaquaval|atk|2
|move|p1a: Moltres|Roost|p1a: Moltres
|-heal|p1a: Moltres|100/100
|
|-damage|p2a: Quaquaval|82/100 brn|[from] brn
|upkeep
|turn|12
|
|t:|1758271466
|move|p2a: Quaquaval|Swords Dance|p2a: Quaquaval
|-boost|p2a: Quaquaval|atk|2
|move|p1a: Moltres|Hurricane|p2a: Quaquaval
|-supereffective|p2a: Quaquaval
|-damage|p2a: Quaquaval|0 fnt
|faint|p2a: Quaquaval
|
|upkeep
|
|t:|1758271474
|switch|p2a: Lokix|Lokix, F|100/100
|turn|13
|
|t:|1758271482
|switch|p1a: Iron Treads|Iron Treads, shiny|100/100
|move|p2a: Lokix|First Impression|p1a: Iron Treads
|-resisted|p1a: Iron Treads
|-damage|p1a: Iron Treads|47/100
|
|upkeep
|turn|14
|
|t:|1758271490
|switch|p2a: Tinkaton|Tinkaton, F|76/100 par
|move|p1a: Iron Treads|Stealth Rock|p2a: Tinkaton
|-sidestart|p2: IBBXEF|move: Stealth Rock
|
|upkeep
|turn|15
|
|t:|1758271496
|move|p1a: Iron Treads|Earthquake|p2a: Tinkaton
|-supereffective|p2a: Tinkaton
|-crit|p2a: Tinkaton
|-damage|p2a: Tinkaton|0 fnt
|faint|p2a: Tinkaton
|
|upkeep
|
|t:|1758271501
|switch|p2a: Lokix|Lokix, F|100/100
|-damage|p2a: Lokix|76/100|[from] Stealth Rock
|turn|16
|
|t:|1758271509
|-end|p1a: Iron Treads|Quark Drive|[silent]
|switch|p1a: Gholdengo|Gholdengo|76/100
|move|p2a: Lokix|First Impression|p1a: Gholdengo
|-resisted|p1a: Gholdengo
|-damage|p1a: Gholdengo|57/100
|
|upkeep
|turn|17
|
|t:|1758271517
|switch|p2a: Ditto|Ditto|100/100
|-damage|p2a: Ditto|88/100|[from] Stealth Rock
|-transform|p2a: Ditto|p1a: Gholdengo|[from] ability: Imposter
|move|p1a: Gholdengo|Thunder Wave|p2a: Ditto
|-immune|p2a: Ditto|[from] ability: Good as Gold
|
|upkeep
|turn|18
|
|t:|1758271529
|switch|p1a: Samurott|Samurott-Hisui, F, shiny|100/100
|move|p2a: Ditto|Hex|p1a: Samurott
|-resisted|p1a: Samurott
|-damage|p1a: Samurott|82/100
|
|upkeep
|turn|19
|
|t:|1758271536
|move|p2a: Ditto|Hex|p1a: Samurott
|-resisted|p1a: Samurott
|-damage|p1a: Samurott|64/100
|move|p1a: Samurott|Ceaseless Edge|p2a: Ditto
|-supereffective|p2a: Ditto
|-damage|p2a: Ditto|0 fnt
|-sidestart|p2: IBBXEF|Spikes
|faint|p2a: Ditto
|
|upkeep
|
|t:|1758271547
|switch|p2a: Lokix|Lokix, F|76/100
|-damage|p2a: Lokix|51/100|[from] Stealth Rock
|-damage|p2a: Lokix|39/100|[from] Spikes
|turn|20
|
|t:|1758271556
|move|p1a: Samurott|Aqua Jet|p2a: Lokix
|-damage|p2a: Lokix|10/100
|move|p2a: Lokix|Leech Life|p1a: Samurott
|-supereffective|p1a: Samurott
|-damage|p1a: Samurott|0 fnt
|-heal|p2a: Lokix|52/100|[from] drain|[of] p1a: Samurott
|faint|p1a: Samurott
|
|upkeep
|
|t:|1758271572
|switch|p1a: Gholdengo|Gholdengo|57/100
|turn|21
|
|t:|1758271581
|switch|p2a: Heatran|Heatran, F|94/100
|-damage|p2a: Heatran|82/100|[from] Stealth Rock
|-damage|p2a: Heatran|70/100|[from] Spikes
|move|p1a: Gholdengo|Thunder Wave|p2a: Heatran
|-status|p2a: Heatran|par
|
|-heal|p2a: Heatran|76/100 par|[from] item: Leftovers
|upkeep
|turn|22
|
|t:|1758271592
|switch|p1a: Raging Bolt|Raging Bolt|100/100
|move|p2a: Heatran|Magma Storm|p1a: Raging Bolt
|-resisted|p1a: Raging Bolt
|-damage|p1a: Raging Bolt|75/100
|-activate|p1a: Raging Bolt|move: Magma Storm|[of] p2a: Heatran
|
|-heal|p1a: Raging Bolt|82/100|[from] item: Leftovers
|-heal|p2a: Heatran|82/100 par|[from] item: Leftovers
|-damage|p1a: Raging Bolt|69/100|[from] move: Magma Storm|[partiallytrapped]
|upkeep
|turn|23
|
|t:|1758271601
|move|p1a: Raging Bolt|Thunderbolt|p2a: Heatran
|-damage|p2a: Heatran|29/100 par
|move|p2a: Heatran|Earth Power|p1a: Raging Bolt
|-supereffective|p1a: Raging Bolt
|-damage|p1a: Raging Bolt|13/100
|
|-heal|p1a: Raging Bolt|19/100|[from] item: Leftovers
|-heal|p2a: Heatran|35/100 par|[from] item: Leftovers
|-damage|p1a: Raging Bolt|7/100|[from] move: Magma Storm|[partiallytrapped]
|upkeep
|turn|24
|
|t:|1758271609
|move|p1a: Raging Bolt|Thunderbolt|p2a: Heatran
|-damage|p2a: Heatran|0 fnt
|faint|p2a: Heatran
|
|-heal|p1a: Raging Bolt|13/100|[from] item: Leftovers
|-end|p1a: Raging Bolt|Magma Storm|[partiallytrapped]|[silent]
|upkeep
|
|t:|1758271613
|switch|p2a: Lokix|Lokix, F|52/100
|-damage|p2a: Lokix|27/100|[from] Stealth Rock
|-damage|p2a: Lokix|15/100|[from] Spikes
|turn|25
|
|t:|1758271622
|move|p2a: Lokix|First Impression|p1a: Raging Bolt
|-damage|p1a: Raging Bolt|0 fnt
|faint|p1a: Raging Bolt
|-end|p1a: Raging Bolt|Protosynthesis|[silent]
|
|upkeep
|
|t:|1758271639
|switch|p1a: Gholdengo|Gholdengo|57/100
|turn|26
|
|t:|1758271644
|move|p2a: Lokix|First Impression||[still]
|-hint|First Impression only works on your first turn out.
|-fail|p2a: Lokix
|move|p1a: Gholdengo|Thunder Wave|p2a: Lokix
|-status|p2a: Lokix|par
|
|upkeep
|turn|27
|
|t:|1758271648
|move|p2a: Lokix|First Impression||[still]
|-hint|First Impression only works on your first turn out.
|-fail|p2a: Lokix
|move|p1a: Gholdengo|Recover|p1a: Gholdengo
|-heal|p1a: Gholdengo|100/100
|
|upkeep
|turn|28
|inactive|nbnbaaaaa has 120 seconds left.
|
|t:|1758271693
|move|p2a: Lokix|First Impression||[still]
|-hint|First Impression only works on your first turn out.
|-fail|p2a: Lokix
|move|p1a: Gholdengo|Hex|p2a: Lokix
|-resisted|p2a: Lokix
|-damage|p2a: Lokix|0 fnt
|faint|p2a: Lokix
|
|upkeep
|
|t:|1758271698
|switch|p2a: Polteageist|Polteageist-Antique|100/100
|-damage|p2a: Polteageist|88/100|[from] Stealth Rock
|-damage|p2a: Polteageist|76/100|[from] Spikes
|turn|29
|inactive|nbnbaaaaa has 120 seconds left.
|
|t:|1758271703
|-terastallize|p2a: Polteageist|Fighting
|move|p2a: Polteageist|Shell Smash|p2a: Polteageist
|-unboost|p2a: Polteageist|def|1
|-unboost|p2a: Polteageist|spd|1
|-boost|p2a: Polteageist|atk|2
|-boost|p2a: Polteageist|spa|2
|-boost|p2a: Polteageist|spe|2
|move|p1a: Gholdengo|Thunder Wave|p2a: Polteageist
|-status|p2a: Polteageist|par
|
|upkeep
|turn|30
|
|t:|1758271710
|move|p2a: Polteageist|Shell Smash|p2a: Polteageist
|-unboost|p2a: Polteageist|def|1
|-unboost|p2a: Polteageist|spd|1
|-boost|p2a: Polteageist|atk|2
|-boost|p2a: Polteageist|spa|2
|-boost|p2a: Polteageist|spe|2
|move|p1a: Gholdengo|Hex|p2a: Polteageist
|-damage|p2a: Polteageist|0 fnt
|faint|p2a: Polteageist
|
|win|nbnbaaaaa
|raw|nbnbaaaaa's rating: 1212 &rarr; <strong>1240</strong><br />(+28 for winning)
|raw|IBBXEF's rating: 1252 &rarr; <strong>1224</strong><br />(-28 for losing)
|l|☆nbnbaaaaa
|player|p1|
|l|☆IBBXEF
|player|p2|
