|j|☆suifenli
|j|☆AzureNoire
|t:|1758256396
|gametype|singles
|player|p1|suifenli|n|1470
|player|p2|AzureNoire|101|1430
|gen|9
|tier|[Gen 9] OU
|rated|
|rule|HP Percentage Mod: HP is shown in percentages
|rule|Endless Battle Clause: Forcing endless battles is banned
|rule|Species Clause: Limit one of each Pokémon
|rule|OHKO Clause: OHKO moves are banned
|rule|Evasion Items Clause: Evasion items are banned
|rule|Evasion Moves Clause: Evasion moves are banned
|rule|Evasion Abilities Clause: Evasion abilities are banned
|rule|Sleep Moves Clause: Sleep-inducing moves are banned
|clearpoke
|poke|p1|Zamazenta-*|
|poke|p1|Sableye, F|
|poke|p1|Bellossom, F|
|poke|p1|Enamorus, F|
|poke|p1|Garganacl, F|
|poke|p1|Latias, F|
|poke|p2|Mandibuzz, F|
|poke|p2|Armarouge, F|
|poke|p2|Blaziken, F|
|poke|p2|Lokix, M|
|poke|p2|Hatterene, F|
|poke|p2|Lapras, F|
|teampreview
|inactive|Battle timer is ON: inactive players will automatically lose when time's up. (requested by AzureNoire)
|inactive|suifenli also wants the timer to be on.
|
|t:|1758256403
|teamsize|p1|6
|teamsize|p2|6
|start
|switch|p1a: Latias|Latias, F|100/100
|switch|p2a: Lapras|Lapras, F|100/100
|turn|1
|
|t:|1758256405
|move|p1a: Latias|Agility|p1a: Latias
|-boost|p1a: Latias|spe|2
|move|p2a: Lapras|Dragon Dance|p2a: Lapras
|-boost|p2a: Lapras|atk|1
|-boost|p2a: Lapras|spe|1
|
|upkeep
|turn|2
|
|t:|1758256410
|move|p1a: Latias|Calm Mind|p1a: Latias
|-boost|p1a: Latias|spa|1
|-boost|p1a: Latias|spd|1
|move|p2a: Lapras|Freeze-Dry|p1a: Latias
|-supereffective|p1a: Latias
|-crit|p1a: Latias
|-damage|p1a: Latias|52/100
|-enditem|p1a: Latias|Weakness Policy
|-boost|p1a: Latias|atk|2|[from] item: Weakness Policy
|-boost|p1a: Latias|spa|2|[from] item: Weakness Policy
|
|upkeep
|turn|3
|
|t:|1758256418
|-terastallize|p1a: Latias|Fairy
|move|p1a: Latias|Calm Mind|p1a: Latias
|-boost|p1a: Latias|spa|1
|-boost|p1a: Latias|spd|1
|move|p2a: Lapras|Freeze-Dry|p1a: Latias
|-damage|p1a: Latias|44/100
|
|upkeep
|turn|4
|
|t:|1758256431
|move|p1a: Latias|Draining Kiss|p2a: Lapras
|-damage|p2a: Lapras|53/100
|-heal|p1a: Latias|86/100|[from] drain|[of] p2a: Lapras
|move|p2a: Lapras|Dragon Dance|p2a: Lapras
|-boost|p2a: Lapras|atk|1
|-boost|p2a: Lapras|spe|1
|
|-heal|p2a: Lapras|59/100|[from] item: Leftovers
|upkeep
|turn|5
|
|t:|1758256435
|move|p1a: Latias|Stored Power|p2a: Lapras
|-damage|p2a: Lapras|0 fnt
|faint|p2a: Lapras
|
|upkeep
|
|t:|1758256442
|switch|p2a: Mandibuzz|Mandibuzz, F|100/100
|turn|6
|
|t:|1758256444
|move|p1a: Latias|Draining Kiss|p2a: Mandibuzz
|-supereffective|p2a: Mandibuzz
|-damage|p2a: Mandibuzz|1/100
|-heal|p1a: Latias|100/100|[from] drain|[of] p2a: Mandibuzz
|move|p2a: Mandibuzz|Toxic|p1a: Latias
|-status|p1a: Latias|tox
|
|-heal|p2a: Mandibuzz|7/100|[from] item: Leftovers
|-damage|p1a: Latias|94/100 tox|[from] psn
|upkeep
|turn|7
|
|t:|1758256449
|move|p1a: Latias|Draining Kiss|p2a: Mandibuzz
|-supereffective|p2a: Mandibuzz
|-damage|p2a: Mandibuzz|0 fnt
|-heal|p1a: Latias|99/100 tox|[from] drain|[of] p2a: Mandibuzz
|faint|p2a: Mandibuzz
|
|-damage|p1a: Latias|88/100 tox|[from] psn
|upkeep
|
|t:|1758256461
|switch|p2a: Lokix|Lokix, M|100/100
|turn|8
|
|t:|1758256463
|move|p2a: Lokix|First Impression|p1a: Latias
|-resisted|p1a: Latias
|-damage|p1a: Latias|40/100 tox
|move|p1a: Latias|Draining Kiss|p2a: Lokix
|-supereffective|p2a: Lokix
|-damage|p2a: Lokix|0 fnt
|-heal|p1a: Latias|99/100 tox|[from] drain|[of] p2a: Lokix
|faint|p2a: Lokix
|
|-damage|p1a: Latias|80/100 tox|[from] psn
|upkeep
|
|t:|1758256468
|switch|p2a: Blaziken|Blaziken, F|100/100
|turn|9
|
|t:|1758256472
|move|p1a: Latias|Draining Kiss|p2a: Blaziken
|-damage|p2a: Blaziken|0 fnt
|-heal|p1a: Latias|100/100 tox|[from] drain|[of] p2a: Blaziken
|faint|p2a: Blaziken
|
|-damage|p1a: Latias|76/100 tox|[from] psn
|upkeep
|
|t:|1758256475
|switch|p2a: Hatterene|Hatterene, F|100/100
|turn|10
|
|t:|1758256480
|move|p1a: Latias|Stored Power|p2a: Hatterene
|-resisted|p2a: Hatterene
|-damage|p2a: Hatterene|0 fnt
|faint|p2a: Hatterene
|
|-damage|p1a: Latias|46/100 tox|[from] psn
|upkeep
|
|t:|1758256484
|switch|p2a: Armarouge|Armarouge, F|100/100
|turn|11
|
|t:|1758256486
|move|p1a: Latias|Stored Power|p2a: Armarouge
|-resisted|p2a: Armarouge
|-crit|p2a: Armarouge
|-damage|p2a: Armarouge|0 fnt
|faint|p2a: Armarouge
|
|win|suifenli
|raw|suifenli's rating: 1470 &rarr; <strong>1488</strong><br />(+18 for winning)
|raw|AzureNoire's rating: 1430 &rarr; <strong>1412</strong><br />(-18 for losing)
|l|☆AzureNoire
|player|p2|
|l|☆suifenli
|player|p1|
