|j|☆nestlillo
|j|☆Minoluck
|t:|1758377395
|gametype|singles
|player|p1|nestlillo|shadowtriad|1298
|player|p2|Minoluck|gentleman-gen4dp|1303
|gen|9
|tier|[Gen 9] OU
|rated|
|rule|HP Percentage Mod: HP is shown in percentages
|rule|Endless Battle Clause: Forcing endless battles is banned
|rule|Species Clause: Limit one of each Pokémon
|rule|OHKO Clause: OHKO moves are banned
|rule|Evasion Items Clause: Evasion items are banned
|rule|Evasion Moves Clause: Evasion moves are banned
|rule|Evasion Abilities Clause: Evasion abilities are banned
|rule|Sleep Moves Clause: Sleep-inducing moves are banned
|clearpoke
|poke|p1|Hatterene, F|
|poke|p1|Iron Moth|
|poke|p1|Grimmsnarl, M|
|poke|p1|Corviknight, M|
|poke|p1|Great Tusk|
|poke|p1|Ogerpon-Wellspring, F|
|poke|p2|Staraptor, M|
|poke|p2|Iron Valiant|
|poke|p2|Arcanine-Hisui, M|
|poke|p2|Raging Bolt|
|poke|p2|Pincurchin, M|
|poke|p2|Iron Treads|
|teampreview
|inactive|Battle timer is ON: inactive players will automatically lose when time's up. (requested by nestlillo)
|
|t:|1758377409
|teamsize|p1|6
|teamsize|p2|6
|start
|switch|p1a: Grimmsnarl|Grimmsnarl, M, shiny|100/100
|switch|p2a: Staraptor|Staraptor, M|100/100
|turn|1
|
|t:|1758377416
|move|p1a: Grimmsnarl|Reflect|p1a: Grimmsnarl
|-sidestart|p1: nestlillo|Reflect
|move|p2a: Staraptor|Brave Bird|p1a: Grimmsnarl
|-damage|p1a: Grimmsnarl|51/100
|-damage|p2a: Staraptor|83/100|[from] Recoil
|
|upkeep
|turn|2
|
|t:|1758377423
|move|p1a: Grimmsnarl|Light Screen|p1a: Grimmsnarl
|-sidestart|p1: nestlillo|move: Light Screen
|move|p2a: Staraptor|Brave Bird|p1a: Grimmsnarl
|-damage|p1a: Grimmsnarl|2/100
|-damage|p2a: Staraptor|66/100|[from] Recoil
|
|upkeep
|turn|3
|
|t:|1758377428
|move|p1a: Grimmsnarl|Parting Shot|p2a: Staraptor
|-unboost|p2a: Staraptor|atk|1
|-unboost|p2a: Staraptor|spa|1
|
|t:|1758377435
|switch|p1a: Corviknight|Corviknight, M, shiny|100/100|[from] Parting Shot
|move|p2a: Staraptor|Brave Bird|p1a: Corviknight
|-resisted|p1a: Corviknight
|-damage|p1a: Corviknight|90/100
|-damage|p2a: Staraptor|49/100|[from] item: Rocky Helmet|[of] p1a: Corviknight
|-damage|p2a: Staraptor|45/100|[from] Recoil
|
|upkeep
|turn|4
|
|t:|1758377450
|switch|p2a: Raging Bolt|Raging Bolt|100/100
|move|p1a: Corviknight|Brave Bird|p2a: Raging Bolt
|-resisted|p2a: Raging Bolt
|-damage|p2a: Raging Bolt|85/100
|-damage|p1a: Corviknight|85/100|[from] Recoil
|
|upkeep
|turn|5
|
|t:|1758377456
|switch|p1a: Great Tusk|Great Tusk|100/100
|-enditem|p1a: Great Tusk|Booster Energy
|-activate|p1a: Great Tusk|ability: Protosynthesis|[fromitem]
|-start|p1a: Great Tusk|protosynthesisatk
|move|p2a: Raging Bolt|Draco Meteor|p1a: Great Tusk
|-damage|p1a: Great Tusk|10/100
|-unboost|p2a: Raging Bolt|spa|2
|
|upkeep
|turn|6
|
|t:|1758377479
|-end|p2a: Raging Bolt|Protosynthesis|[silent]
|switch|p2a: Staraptor|Staraptor, M|45/100
|move|p1a: Great Tusk|Rapid Spin|p2a: Staraptor
|-damage|p2a: Staraptor|11/100
|-boost|p1a: Great Tusk|spe|1
|
|upkeep
|turn|7
|
|t:|1758377487
|move|p2a: Staraptor|Quick Attack|p1a: Great Tusk
|-damage|p1a: Great Tusk|0 fnt
|faint|p1a: Great Tusk
|-end|p1a: Great Tusk|Protosynthesis|[silent]
|
|upkeep
|
|t:|1758377496
|switch|p1a: Iron Moth|Iron Moth|100/100
|-enditem|p1a: Iron Moth|Booster Energy
|-activate|p1a: Iron Moth|ability: Quark Drive|[fromitem]
|-start|p1a: Iron Moth|quarkdrivespa
|turn|8
|
|t:|1758377499
|move|p2a: Staraptor|Quick Attack|p1a: Iron Moth
|-damage|p1a: Iron Moth|77/100
|move|p1a: Iron Moth|Fiery Dance|p2a: Staraptor
|-damage|p2a: Staraptor|0 fnt
|faint|p2a: Staraptor
|
|-sideend|p1: nestlillo|Reflect
|upkeep
|
|t:|1758377506
|switch|p2a: Arcanine|Arcanine-Hisui, M|100/100
|turn|9
|l|☆Minoluck
|inactive|Minoluck disconnected and has a minute to reconnect!
|player|p2|
|j|☆Minoluck
|inactive|Minoluck reconnected and has 145 seconds left.
|player|p2|Minoluck|gentleman-gen4dp|
|
|t:|1758377517
|-terastallize|p1a: Iron Moth|Ground
|move|p2a: Arcanine|Head Smash|p1a: Iron Moth
|-resisted|p1a: Iron Moth
|-damage|p1a: Iron Moth|11/100
|move|p1a: Iron Moth|Tera Blast|p2a: Arcanine|[anim] Tera Blast Ground
|-supereffective|p2a: Arcanine
|-damage|p2a: Arcanine|0 fnt
|faint|p2a: Arcanine
|
|-sideend|p1: nestlillo|move: Light Screen
|upkeep
|
|t:|1758377532
|switch|p2a: Iron Valiant|Iron Valiant|100/100
|turn|10
|
|t:|1758377537
|move|p2a: Iron Valiant|Moonblast|p1a: Iron Moth
|-damage|p1a: Iron Moth|0 fnt
|faint|p1a: Iron Moth
|-end|p1a: Iron Moth|Quark Drive|[silent]
|-damage|p2a: Iron Valiant|91/100|[from] item: Life Orb
|
|upkeep
|
|t:|1758377541
|switch|p1a: Corviknight|Corviknight, M, shiny|85/100
|turn|11
|
|t:|1758377544
|-end|p2a: Iron Valiant|Quark Drive|[silent]
|switch|p2a: Pincurchin|Pincurchin, M|100/100
|-fieldstart|move: Electric Terrain|[from] ability: Electric Surge|[of] p2a: Pincurchin
|move|p1a: Corviknight|Brave Bird|p2a: Pincurchin
|-resisted|p2a: Pincurchin
|-damage|p2a: Pincurchin|80/100
|-damage|p1a: Corviknight|80/100|[from] Recoil
|
|upkeep
|turn|12
|
|t:|1758377551
|switch|p1a: Hatterene|Hatterene, F|100/100
|move|p2a: Pincurchin|Discharge|p1a: Hatterene
|-damage|p1a: Hatterene|53/100
|
|-heal|p1a: Hatterene|59/100|[from] item: Leftovers
|upkeep
|turn|13
|
|t:|1758377562
|move|p1a: Hatterene|Draining Kiss|p2a: Pincurchin
|-damage|p2a: Pincurchin|42/100
|-heal|p1a: Hatterene|93/100|[from] drain|[of] p2a: Pincurchin
|move|p2a: Pincurchin|Discharge|p1a: Hatterene
|-damage|p1a: Hatterene|40/100
|
|-heal|p1a: Hatterene|46/100|[from] item: Leftovers
|upkeep
|turn|14
|
|t:|1758377572
|switch|p2a: Iron Treads|Iron Treads|100/100
|-activate|p2a: Iron Treads|ability: Quark Drive
|-start|p2a: Iron Treads|quarkdriveatk
|move|p1a: Hatterene|Draining Kiss|p2a: Iron Treads
|-resisted|p2a: Iron Treads
|-damage|p2a: Iron Treads|80/100
|-heal|p1a: Hatterene|66/100|[from] drain|[of] p2a: Iron Treads
|
|-heal|p1a: Hatterene|72/100|[from] item: Leftovers
|upkeep
|turn|15
|
|t:|1758377581
|switch|p1a: Corviknight|Corviknight, M, shiny|80/100
|move|p2a: Iron Treads|Iron Head|p1a: Corviknight
|-resisted|p1a: Corviknight
|-damage|p1a: Corviknight|65/100
|-damage|p2a: Iron Treads|63/100|[from] item: Rocky Helmet|[of] p1a: Corviknight
|
|upkeep
|turn|16
|
|t:|1758377588
|move|p2a: Iron Treads|Knock Off|p1a: Corviknight
|-damage|p1a: Corviknight|41/100
|-damage|p2a: Iron Treads|47/100|[from] item: Rocky Helmet|[of] p1a: Corviknight
|-enditem|p1a: Corviknight|Rocky Helmet|[from] move: Knock Off|[of] p2a: Iron Treads
|move|p1a: Corviknight|Roost|p1a: Corviknight
|-heal|p1a: Corviknight|91/100
|-singleturn|p1a: Corviknight|move: Roost
|
|upkeep
|turn|17
|
|t:|1758377596
|-end|p2a: Iron Treads|Quark Drive|[silent]
|switch|p2a: Raging Bolt|Raging Bolt|85/100
|move|p1a: Corviknight|Brave Bird|p2a: Raging Bolt
|-resisted|p2a: Raging Bolt
|-damage|p2a: Raging Bolt|71/100
|-damage|p1a: Corviknight|86/100|[from] Recoil
|
|upkeep
|turn|18
|
|t:|1758377614
|switch|p1a: Hatterene|Hatterene, F|72/100
|move|p2a: Raging Bolt|Volt Switch|p1a: Hatterene
|-damage|p1a: Hatterene|0 fnt
|faint|p1a: Hatterene
|
|t:|1758377621
|-end|p2a: Raging Bolt|Protosynthesis|[silent]
|switch|p2a: Iron Treads|Iron Treads|47/100|[from] Volt Switch
|-activate|p2a: Iron Treads|ability: Quark Drive
|-start|p2a: Iron Treads|quarkdriveatk
|
|-fieldend|move: Electric Terrain
|-end|p2a: Iron Treads|Quark Drive
|upkeep
|
|t:|1758377627
|switch|p1a: Grimmsnarl|Grimmsnarl, M, shiny|2/100
|turn|19
|
|t:|1758377635
|move|p1a: Grimmsnarl|Light Screen|p1a: Grimmsnarl
|-sidestart|p1: nestlillo|move: Light Screen
|move|p2a: Iron Treads|Rapid Spin|p1a: Grimmsnarl
|-damage|p1a: Grimmsnarl|0 fnt
|-boost|p2a: Iron Treads|spe|1
|faint|p1a: Grimmsnarl
|
|upkeep
|
|t:|1758377640
|switch|p1a: Ogerpon|Ogerpon-Wellspring, F|100/100
|turn|20
|
|t:|1758377645
|move|p2a: Iron Treads|Iron Head|p1a: Ogerpon
|-resisted|p1a: Ogerpon
|-damage|p1a: Ogerpon|77/100
|move|p1a: Ogerpon|Trailblaze|p2a: Iron Treads
|-damage|p2a: Iron Treads|22/100
|-boost|p1a: Ogerpon|spe|1
|
|upkeep
|turn|21
|
|t:|1758377650
|move|p1a: Ogerpon|Horn Leech|p2a: Iron Treads
|-damage|p2a: Iron Treads|0 fnt
|-heal|p1a: Ogerpon|88/100|[from] drain|[of] p2a: Iron Treads
|faint|p2a: Iron Treads
|-end|p2a: Iron Treads|Quark Drive|[silent]
|
|upkeep
|
|t:|1758377655
|switch|p2a: Raging Bolt|Raging Bolt|71/100
|turn|22
|
|t:|1758377668
|move|p1a: Ogerpon|Swords Dance|p1a: Ogerpon
|-boost|p1a: Ogerpon|atk|2
|move|p2a: Raging Bolt|Volt Switch|p1a: Ogerpon
|-damage|p1a: Ogerpon|52/100
|
|t:|1758377672
|-end|p2a: Raging Bolt|Protosynthesis|[silent]
|switch|p2a: Pincurchin|Pincurchin, M|42/100|[from] Volt Switch
|-fieldstart|move: Electric Terrain|[from] ability: Electric Surge|[of] p2a: Pincurchin
|
|upkeep
|turn|23
|
|t:|1758377675
|move|p1a: Ogerpon|Horn Leech|p2a: Pincurchin
|-damage|p2a: Pincurchin|0 fnt
|-heal|p1a: Ogerpon|73/100|[from] drain|[of] p2a: Pincurchin
|faint|p2a: Pincurchin
|
|upkeep
|
|t:|1758377677
|switch|p2a: Iron Valiant|Iron Valiant|91/100
|-activate|p2a: Iron Valiant|ability: Quark Drive
|-start|p2a: Iron Valiant|quarkdrivespe
|turn|24
|
|t:|1758377683
|-terastallize|p2a: Iron Valiant|Fairy
|move|p2a: Iron Valiant|Moonblast|p1a: Ogerpon
|-damage|p1a: Ogerpon|21/100
|-damage|p2a: Iron Valiant|81/100|[from] item: Life Orb
|move|p1a: Ogerpon|Ivy Cudgel|p2a: Iron Valiant|[anim] Ivy Cudgel Water
|-damage|p2a: Iron Valiant|0 fnt
|faint|p2a: Iron Valiant
|-end|p2a: Iron Valiant|Quark Drive|[silent]
|
|upkeep
|
|t:|1758377687
|switch|p2a: Raging Bolt|Raging Bolt|71/100
|turn|25
|
|t:|1758377694
|move|p2a: Raging Bolt|Thunderclap|p1a: Ogerpon
|-damage|p1a: Ogerpon|0 fnt
|faint|p1a: Ogerpon
|
|upkeep
|
|t:|1758377700
|switch|p1a: Corviknight|Corviknight, M, shiny|86/100
|turn|26
|
|t:|1758377703
|move|p2a: Raging Bolt|Thunderclap|p1a: Corviknight
|-supereffective|p1a: Corviknight
|-damage|p1a: Corviknight|11/100
|move|p1a: Corviknight|Brave Bird|p2a: Raging Bolt
|-resisted|p2a: Raging Bolt
|-damage|p2a: Raging Bolt|56/100
|-damage|p1a: Corviknight|5/100|[from] Recoil
|
|-sideend|p1: nestlillo|move: Light Screen
|upkeep
|turn|27
|
|t:|1758377707
|move|p2a: Raging Bolt|Thunderclap||[still]
|-fail|p2a: Raging Bolt
|move|p1a: Corviknight|Roost|p1a: Corviknight
|-heal|p1a: Corviknight|55/100
|-singleturn|p1a: Corviknight|move: Roost
|
|upkeep
|turn|28
|
|t:|1758377713
|move|p2a: Raging Bolt|Thunderclap||[still]
|-fail|p2a: Raging Bolt
|move|p1a: Corviknight|Roost|p1a: Corviknight
|-heal|p1a: Corviknight|100/100
|-singleturn|p1a: Corviknight|move: Roost
|
|upkeep
|turn|29
|
|t:|1758377723
|move|p2a: Raging Bolt|Thunderclap|p1a: Corviknight
|-supereffective|p1a: Corviknight
|-damage|p1a: Corviknight|0 fnt
|faint|p1a: Corviknight
|
|win|Minoluck
|raw|nestlillo's rating: 1298 &rarr; <strong>1273</strong><br />(-25 for losing)
|raw|Minoluck's rating: 1303 &rarr; <strong>1323</strong><br />(+20 for winning)
|l|☆nestlillo
|player|p1|
|l|☆Minoluck
|player|p2|
