|j|☆arhg955
|j|☆Kward17kw
|t:|1758264033
|gametype|singles
|player|p1|arhg955|cheren-gen5bw2|1100
|player|p2|Kward17kw|170|1092
|gen|9
|tier|[Gen 9] OU
|rated|
|rule|HP Percentage Mod: HP is shown in percentages
|rule|Endless Battle Clause: Forcing endless battles is banned
|rule|Species Clause: Limit one of each Pokémon
|rule|OHKO Clause: OHKO moves are banned
|rule|Evasion Items Clause: Evasion items are banned
|rule|Evasion Moves Clause: Evasion moves are banned
|rule|Evasion Abilities Clause: Evasion abilities are banned
|rule|Sleep Moves Clause: Sleep-inducing moves are banned
|clearpoke
|poke|p1|Landorus-Therian, M|
|poke|p1|Gyarados, F|
|poke|p1|Arcanine, M|
|poke|p1|Dondozo, F|
|poke|p1|Dragapult, M|
|poke|p1|Incineroar, M|
|poke|p2|Mudsdale, M|
|poke|p2|Sinistcha|
|poke|p2|Thundurus, M|
|poke|p2|Ninetales-Alola, F|
|poke|p2|Cloyster, F|
|poke|p2|Volbeat, M|
|teampreview
|inactive|Battle timer is ON: inactive players will automatically lose when time's up. (requested by arhg955)
|
|t:|1758264044
|teamsize|p1|6
|teamsize|p2|6
|start
|switch|p1a: Arcanine|Arcanine, M|100/100
|switch|p2a: Mudsdale|Mudsdale, M|100/100
|-ability|p1a: Arcanine|Intimidate|boost
|-unboost|p2a: Mudsdale|atk|1
|-item|p2a: Mudsdale|Air Balloon
|turn|1
|
|t:|1758264058
|move|p1a: Arcanine|Will-O-Wisp|p2a: Mudsdale
|-status|p2a: Mudsdale|brn
|move|p2a: Mudsdale|Stealth Rock|p1a: Arcanine
|-sidestart|p1: arhg955|move: Stealth Rock
|
|-damage|p2a: Mudsdale|94/100 brn|[from] brn
|upkeep
|turn|2
|
|t:|1758264069
|switch|p1a: Landorus|Landorus-Therian, M|100/100
|-damage|p1a: Landorus|88/100|[from] Stealth Rock
|-ability|p1a: Landorus|Intimidate|boost
|-unboost|p2a: Mudsdale|atk|1
|move|p2a: Mudsdale|Earthquake|p1a: Landorus
|-immune|p1a: Landorus
|
|-damage|p2a: Mudsdale|88/100 brn|[from] brn
|upkeep
|turn|3
|
|t:|1758264084
|switch|p2a: Volbeat|Volbeat, M|100/100
|move|p1a: Landorus|Stone Edge|p2a: Volbeat
|-supereffective|p2a: Volbeat
|-damage|p2a: Volbeat|33/100
|
|upkeep
|turn|4
|
|t:|1758264092
|move|p2a: Volbeat|Trick|p1a: Landorus
|-activate|p2a: Volbeat|move: Trick|[of] p1a: Landorus
|-item|p1a: Landorus|Choice Scarf|[from] move: Trick
|-item|p2a: Volbeat|Rocky Helmet|[from] move: Trick
|move|p1a: Landorus|Stone Edge|p2a: Volbeat
|-supereffective|p2a: Volbeat
|-damage|p2a: Volbeat|0 fnt
|faint|p2a: Volbeat
|
|upkeep
|
|t:|1758264101
|switch|p2a: Ninetales|Ninetales-Alola, F|100/100
|-weather|Snowscape|[from] ability: Snow Warning|[of] p2a: Ninetales
|turn|5
|
|t:|1758264106
|switch|p1a: Incineroar|Incineroar, M|100/100
|-damage|p1a: Incineroar|76/100|[from] Stealth Rock
|-ability|p1a: Incineroar|Intimidate|boost
|-unboost|p2a: Ninetales|atk|1
|move|p2a: Ninetales|Aurora Veil|p2a: Ninetales
|-sidestart|p2: Kward17kw|move: Aurora Veil
|
|-weather|Snowscape|[upkeep]
|upkeep
|turn|6
|
|t:|1758264118
|switch|p2a: Sinistcha|Sinistcha|100/100
|move|p1a: Incineroar|Close Combat|p2a: Sinistcha
|-immune|p2a: Sinistcha
|
|-weather|Snowscape|[upkeep]
|upkeep
|turn|7
|
|t:|1758264127
|move|p2a: Sinistcha|Scald|p1a: Incineroar
|-supereffective|p1a: Incineroar
|-damage|p1a: Incineroar|48/100
|move|p1a: Incineroar|Flare Blitz|p2a: Sinistcha
|-supereffective|p2a: Sinistcha
|-damage|p2a: Sinistcha|79/100
|-enditem|p2a: Sinistcha|Weakness Policy
|-boost|p2a: Sinistcha|atk|2|[from] item: Weakness Policy
|-boost|p2a: Sinistcha|spa|2|[from] item: Weakness Policy
|-damage|p1a: Incineroar|41/100|[from] Recoil
|
|-weather|Snowscape|[upkeep]
|upkeep
|turn|8
|
|t:|1758264142
|switch|p1a: Arcanine|Arcanine, M|100/100
|-ability|p1a: Arcanine|Intimidate|boost
|-unboost|p2a: Sinistcha|atk|1
|move|p2a: Sinistcha|Scald|p1a: Arcanine
|-supereffective|p1a: Arcanine
|-damage|p1a: Arcanine|0 fnt
|faint|p1a: Arcanine
|
|-weather|Snowscape|[upkeep]
|upkeep
|
|t:|1758264153
|switch|p1a: Gyarados|Gyarados, F|100/100
|-ability|p1a: Gyarados|Intimidate|boost
|-unboost|p2a: Sinistcha|atk|1
|turn|9
|
|t:|1758264167
|move|p1a: Gyarados|Waterfall|p2a: Sinistcha
|-resisted|p2a: Sinistcha
|-damage|p2a: Sinistcha|71/100
|move|p2a: Sinistcha|Matcha Gotcha|p1a: Gyarados|[miss]
|-miss|p2a: Sinistcha|p1a: Gyarados
|
|-weather|none
|upkeep
|turn|10
|inactive|arhg955 has 120 seconds left.
|
|t:|1758264205
|move|p1a: Gyarados|Earthquake|p2a: Sinistcha
|-resisted|p2a: Sinistcha
|-damage|p2a: Sinistcha|64/100
|move|p2a: Sinistcha|Strength Sap|p1a: Gyarados
|-unboost|p1a: Gyarados|atk|1
|-heal|p2a: Sinistcha|100/100
|
|upkeep
|turn|11
|
|t:|1758264218
|switch|p1a: Incineroar|Incineroar, M|41/100
|-damage|p1a: Incineroar|16/100|[from] Stealth Rock
|-ability|p1a: Incineroar|Intimidate|boost
|-unboost|p2a: Sinistcha|atk|1
|move|p2a: Sinistcha|Matcha Gotcha|p1a: Incineroar
|-resisted|p1a: Incineroar
|-crit|p1a: Incineroar
|-damage|p1a: Incineroar|0 fnt
|faint|p1a: Incineroar
|
|upkeep
|-message|arhg955 forfeited.
|
|win|Kward17kw
|raw|arhg955's rating: 1100 &rarr; <strong>1074</strong><br />(-26 for losing)
|raw|Kward17kw's rating: 1092 &rarr; <strong>1119</strong><br />(+27 for winning)
|l|☆arhg955
|player|p1|
|l|☆Kward17kw
|player|p2|
