|j|☆galiumn
|j|☆The Burger
|t:|1758261152
|gametype|singles
|player|p1|galiumn|eusine|1453
|player|p2|The Burger|palmer|1457
|gen|9
|tier|[Gen 9] OU
|rated|
|rule|HP Percentage Mod: HP is shown in percentages
|rule|Endless Battle Clause: Forcing endless battles is banned
|rule|Species Clause: Limit one of each Pokémon
|rule|OHKO Clause: OHKO moves are banned
|rule|Evasion Items Clause: Evasion items are banned
|rule|Evasion Moves Clause: Evasion moves are banned
|rule|Evasion Abilities Clause: Evasion abilities are banned
|rule|Sleep Moves Clause: Sleep-inducing moves are banned
|clearpoke
|poke|p1|Samurott-Hisui, M|
|poke|p1|Great Tusk|
|poke|p1|Volcanion|
|poke|p1|Hydrapple, F|
|poke|p1|Gholdengo|
|poke|p1|Landorus-Therian, M|
|poke|p2|Thundurus-Therian, M|
|poke|p2|Alomomola, F|
|poke|p2|Hydrapple, M|
|poke|p2|Iron Valiant|
|poke|p2|Garchomp, M|
|poke|p2|Corviknight, F|
|teampreview
|inactive|Battle timer is ON: inactive players will automatically lose when time's up. (requested by galiumn)
|
|t:|1758261173
|teamsize|p1|6
|teamsize|p2|6
|start
|switch|p1a: Samurott|Samurott-Hisui, M|100/100
|switch|p2a: Hydrapple|Hydrapple, M|100/100
|turn|1
|
|t:|1758261186
|move|p1a: Samurott|Ceaseless Edge|p2a: Hydrapple
|-damage|p2a: Hydrapple|68/100
|-sidestart|p2: The Burger|Spikes
|move|p2a: Hydrapple|Giga Drain|p1a: Samurott
|-supereffective|p1a: Samurott
|-damage|p1a: Samurott|44/100
|-heal|p2a: Hydrapple|94/100|[from] drain|[of] p1a: Samurott
|
|upkeep
|turn|2
|
|t:|1758261196
|switch|p1a: Hydrapple|Hydrapple, F|100/100
|move|p2a: Hydrapple|Fickle Beam|p1a: Hydrapple
|-supereffective|p1a: Hydrapple
|-damage|p1a: Hydrapple|20/100
|
|upkeep
|turn|3
|
|t:|1758261205
|switch|p1a: Gholdengo|Gholdengo|100/100
|-item|p1a: Gholdengo|Air Balloon
|move|p2a: Hydrapple|Sucker Punch||[still]
|-fail|p2a: Hydrapple
|
|upkeep
|turn|4
|
|t:|1758261212
|move|p1a: Gholdengo|Shadow Ball|p2a: Hydrapple
|-damage|p2a: Hydrapple|65/100
|move|p2a: Hydrapple|Giga Drain|p1a: Gholdengo
|-resisted|p1a: Gholdengo
|-damage|p1a: Gholdengo|82/100
|-heal|p2a: Hydrapple|73/100|[from] drain|[of] p1a: Gholdengo
|-enditem|p1a: Gholdengo|Air Balloon
|
|upkeep
|turn|5
|
|t:|1758261219
|switch|p1a: Landorus|Landorus-Therian, M|100/100
|-ability|p1a: Landorus|Intimidate|boost
|-unboost|p2a: Hydrapple|atk|1
|move|p2a: Hydrapple|Fickle Beam|p1a: Landorus
|-damage|p1a: Landorus|46/100
|
|upkeep
|turn|6
|
|t:|1758261226
|switch|p2a: Corviknight|Corviknight, F|100/100
|-ability|p2a: Corviknight|Pressure
|move|p1a: Landorus|U-turn|p2a: Corviknight
|-resisted|p2a: Corviknight
|-damage|p2a: Corviknight|96/100
|
|t:|1758261229
|switch|p1a: Volcanion|Volcanion|100/100|[from] U-turn
|
|-heal|p2a: Corviknight|100/100|[from] item: Leftovers
|upkeep
|turn|7
|
|t:|1758261243
|switch|p2a: Garchomp|Garchomp, M|100/100
|-damage|p2a: Garchomp|88/100|[from] Spikes
|move|p1a: Volcanion|Flamethrower|p2a: Garchomp
|-resisted|p2a: Garchomp
|-damage|p2a: Garchomp|69/100
|
|upkeep
|turn|8
|
|t:|1758261248
|move|p2a: Garchomp|Stealth Rock|p1a: Volcanion
|-sidestart|p1: galiumn|move: Stealth Rock
|move|p1a: Volcanion|Steam Eruption|p2a: Garchomp
|-damage|p2a: Garchomp|12/100
|
|upkeep
|turn|9
|
|t:|1758261251
|move|p2a: Garchomp|Earthquake|p1a: Volcanion
|-supereffective|p1a: Volcanion
|-damage|p1a: Volcanion|34/100
|move|p1a: Volcanion|Steam Eruption|p2a: Garchomp|[miss]
|-miss|p1a: Volcanion|p2a: Garchomp
|
|upkeep
|turn|10
|
|t:|1758261256
|switch|p1a: Landorus|Landorus-Therian, M|46/100
|-damage|p1a: Landorus|34/100|[from] Stealth Rock
|-ability|p1a: Landorus|Intimidate|boost
|-unboost|p2a: Garchomp|atk|1
|move|p2a: Garchomp|Earthquake|p1a: Landorus
|-immune|p1a: Landorus
|
|upkeep
|turn|11
|
|t:|1758261266
|move|p1a: Landorus|Stone Edge|p2a: Garchomp|[miss]
|-miss|p1a: Landorus|p2a: Garchomp
|move|p2a: Garchomp|Spikes|p1a: Landorus
|-sidestart|p1: galiumn|Spikes
|
|upkeep
|turn|12
|
|t:|1758261269
|move|p1a: Landorus|Stone Edge|p2a: Garchomp
|-resisted|p2a: Garchomp
|-damage|p2a: Garchomp|0 fnt
|faint|p2a: Garchomp
|
|upkeep
|
|t:|1758261279
|switch|p2a: Alomomola|Alomomola, F|100/100
|turn|13
|
|t:|1758261284
|switch|p1a: Hydrapple|Hydrapple, F|54/100
|-damage|p1a: Hydrapple|41/100|[from] Stealth Rock
|-damage|p1a: Hydrapple|29/100|[from] Spikes
|switch|p2a: Thundurus|Thundurus-Therian, M|100/100
|
|upkeep
|turn|14
|
|t:|1758261291
|move|p2a: Thundurus|U-turn|p1a: Hydrapple
|-supereffective|p1a: Hydrapple
|-damage|p1a: Hydrapple|12/100
|-damage|p2a: Thundurus|84/100|[from] item: Rocky Helmet|[of] p1a: Hydrapple
|
|t:|1758261300
|switch|p2a: Corviknight|Corviknight, F|100/100|[from] U-turn
|-ability|p2a: Corviknight|Pressure
|move|p1a: Hydrapple|Fickle Beam|p2a: Corviknight
|-resisted|p2a: Corviknight
|-damage|p2a: Corviknight|84/100
|
|-heal|p2a: Corviknight|90/100|[from] item: Leftovers
|upkeep
|turn|15
|
|t:|1758261308
|switch|p1a: Great Tusk|Great Tusk|100/100
|move|p2a: Corviknight|U-turn|p1a: Great Tusk
|-resisted|p1a: Great Tusk
|-damage|p1a: Great Tusk|95/100
|
|t:|1758261312
|switch|p2a: Hydrapple|Hydrapple, M|100/100|[from] U-turn
|-damage|p2a: Hydrapple|88/100|[from] Spikes
|
|upkeep
|turn|16
|
|t:|1758261325
|-terastallize|p1a: Great Tusk|Fairy
|-terastallize|p2a: Hydrapple|Fairy
|move|p1a: Great Tusk|Rapid Spin|p2a: Hydrapple
|-damage|p2a: Hydrapple|74/100
|-boost|p1a: Great Tusk|spe|1
|-sideend|p1: galiumn|Spikes|[from] move: Rapid Spin|[of] p1a: Great Tusk
|-sideend|p1: galiumn|Stealth Rock|[from] move: Rapid Spin|[of] p1a: Great Tusk
|move|p2a: Hydrapple|Giga Drain|p1a: Great Tusk
|-damage|p1a: Great Tusk|34/100
|-heal|p2a: Hydrapple|100/100|[from] drain|[of] p1a: Great Tusk
|
|upkeep
|turn|17
|
|t:|1758261330
|move|p1a: Great Tusk|Stealth Rock|p2a: Hydrapple
|-sidestart|p2: The Burger|move: Stealth Rock
|move|p2a: Hydrapple|Giga Drain|p1a: Great Tusk
|-damage|p1a: Great Tusk|0 fnt
|faint|p1a: Great Tusk
|-end|p1a: Great Tusk|Protosynthesis|[silent]
|
|upkeep
|
|t:|1758261338
|switch|p1a: Landorus|Landorus-Therian, M|34/100
|-ability|p1a: Landorus|Intimidate|boost
|-unboost|p2a: Hydrapple|atk|1
|turn|18
|
|t:|1758261343
|move|p1a: Landorus|Earthquake|p2a: Hydrapple
|-damage|p2a: Hydrapple|56/100
|move|p2a: Hydrapple|Giga Drain|p1a: Landorus
|-damage|p1a: Landorus|0 fnt
|-heal|p2a: Hydrapple|69/100|[from] drain|[of] p1a: Landorus
|faint|p1a: Landorus
|
|upkeep
|
|t:|1758261350
|switch|p1a: Volcanion|Volcanion|34/100
|turn|19
|
|t:|1758261361
|move|p1a: Volcanion|Sludge Bomb|p2a: Hydrapple
|-supereffective|p2a: Hydrapple
|-damage|p2a: Hydrapple|29/100
|move|p2a: Hydrapple|Giga Drain|p1a: Volcanion
|-damage|p1a: Volcanion|0 fnt
|-heal|p2a: Hydrapple|44/100|[from] drain|[of] p1a: Volcanion
|faint|p1a: Volcanion
|
|upkeep
|
|t:|1758261379
|switch|p1a: Samurott|Samurott-Hisui, M|44/100
|turn|20
|
|t:|1758261385
|switch|p2a: Alomomola|Alomomola, F|100/100
|move|p1a: Samurott|Razor Shell|p2a: Alomomola
|-resisted|p2a: Alomomola
|-damage|p2a: Alomomola|81/100
|
|upkeep
|turn|21
|
|t:|1758261393
|move|p1a: Samurott|Knock Off|p2a: Alomomola
|-damage|p2a: Alomomola|52/100
|-enditem|p2a: Alomomola|Heavy-Duty Boots|[from] move: Knock Off|[of] p1a: Samurott
|move|p2a: Alomomola|Flip Turn|p1a: Samurott
|-resisted|p1a: Samurott
|-damage|p1a: Samurott|35/100
|
|t:|1758261395
|switch|p2a: Corviknight|Corviknight, F|90/100|[from] Flip Turn
|-damage|p2a: Corviknight|77/100|[from] Stealth Rock
|-ability|p2a: Corviknight|Pressure
|
|-heal|p2a: Corviknight|84/100|[from] item: Leftovers
|upkeep
|turn|22
|
|t:|1758261399
|switch|p1a: Gholdengo|Gholdengo|82/100
|move|p2a: Corviknight|U-turn|p1a: Gholdengo
|-resisted|p1a: Gholdengo
|-damage|p1a: Gholdengo|78/100
|
|t:|1758261411
|switch|p2a: Hydrapple|Hydrapple, M, tera:Fairy|77/100|[from] U-turn
|-damage|p2a: Hydrapple|65/100|[from] Spikes
|-damage|p2a: Hydrapple|53/100|[from] Stealth Rock
|
|upkeep
|turn|23
|
|t:|1758261415
|switch|p2a: Thundurus|Thundurus-Therian, M|84/100
|move|p1a: Gholdengo|Make It Rain|p2a: Thundurus
|-resisted|p2a: Thundurus
|-damage|p2a: Thundurus|43/100
|-unboost|p1a: Gholdengo|spa|1
|
|upkeep
|turn|24
|
|t:|1758261424
|switch|p1a: Hydrapple|Hydrapple, F|45/100
|move|p2a: Thundurus|Dark Pulse|p1a: Hydrapple
|-crit|p1a: Hydrapple
|-damage|p1a: Hydrapple|1/100
|
|upkeep
|turn|25
|
|t:|1758261427
|move|p2a: Thundurus|Dark Pulse|p1a: Hydrapple
|-damage|p1a: Hydrapple|0 fnt
|faint|p1a: Hydrapple
|
|upkeep
|
|t:|1758261429
|switch|p1a: Samurott|Samurott-Hisui, M|35/100
|turn|26
|
|t:|1758261435
|switch|p2a: Hydrapple|Hydrapple, M, tera:Fairy|86/100
|-damage|p2a: Hydrapple|74/100|[from] Spikes
|-damage|p2a: Hydrapple|61/100|[from] Stealth Rock
|move|p1a: Samurott|Sucker Punch||[still]
|-fail|p1a: Samurott
|
|upkeep
|turn|27
|
|t:|1758261438
|move|p1a: Samurott|Ceaseless Edge|p2a: Hydrapple
|-resisted|p2a: Hydrapple
|-damage|p2a: Hydrapple|47/100
|-sidestart|p2: The Burger|Spikes
|move|p2a: Hydrapple|Giga Drain|p1a: Samurott
|-supereffective|p1a: Samurott
|-damage|p1a: Samurott|0 fnt
|-heal|p2a: Hydrapple|63/100|[from] drain|[of] p1a: Samurott
|faint|p1a: Samurott
|
|upkeep
|
|t:|1758261443
|switch|p1a: Gholdengo|Gholdengo|78/100
|turn|28
|
|t:|1758261445
|move|p2a: Hydrapple|Sucker Punch||[still]
|-fail|p2a: Hydrapple
|move|p1a: Gholdengo|Nasty Plot|p1a: Gholdengo
|-boost|p1a: Gholdengo|spa|2
|
|upkeep
|turn|29
|
|t:|1758261448
|move|p2a: Hydrapple|Sucker Punch||[still]
|-fail|p2a: Hydrapple
|move|p1a: Gholdengo|Recover|p1a: Gholdengo
|-heal|p1a: Gholdengo|100/100
|
|upkeep
|turn|30
|
|t:|1758261451
|move|p2a: Hydrapple|Sucker Punch||[still]
|-fail|p2a: Hydrapple
|move|p1a: Gholdengo|Nasty Plot|p1a: Gholdengo
|-boost|p1a: Gholdengo|spa|2
|
|upkeep
|turn|31
|
|t:|1758261452
|move|p2a: Hydrapple|Sucker Punch|p1a: Gholdengo
|-supereffective|p1a: Gholdengo
|-damage|p1a: Gholdengo|75/100
|move|p1a: Gholdengo|Make It Rain|p2a: Hydrapple
|-supereffective|p2a: Hydrapple
|-damage|p2a: Hydrapple|0 fnt
|-unboost|p1a: Gholdengo|spa|1
|faint|p2a: Hydrapple
|
|upkeep
|
|t:|1758261459
|switch|p2a: Thundurus|Thundurus-Therian, M|43/100
|turn|32
|
|t:|1758261464
|move|p2a: Thundurus|Dark Pulse|p1a: Gholdengo
|-supereffective|p1a: Gholdengo
|-damage|p1a: Gholdengo|13/100
|cant|p1a: Gholdengo|flinch
|
|upkeep
|turn|33
|
|t:|1758261468
|move|p2a: Thundurus|Dark Pulse|p1a: Gholdengo
|-supereffective|p1a: Gholdengo
|-damage|p1a: Gholdengo|0 fnt
|faint|p1a: Gholdengo
|
|win|The Burger
|raw|galiumn's rating: 1453 &rarr; <strong>1433</strong><br />(-20 for losing)
|raw|The Burger's rating: 1457 &rarr; <strong>1477</strong><br />(+20 for winning)
|l|☆galiumn
|player|p1|
