|j|☆notasphincter
|j|☆imjjjyyyhhh
|t:|1758346368
|gametype|singles
|player|p1|notasphincter|hugh|1373
|player|p2|imjjjyyyhhh|2|1404
|gen|9
|tier|[Gen 9] OU
|rated|
|rule|HP Percentage Mod: HP is shown in percentages
|rule|Endless Battle Clause: Forcing endless battles is banned
|rule|Species Clause: Limit one of each Pokémon
|rule|OHKO Clause: OHKO moves are banned
|rule|Evasion Items Clause: Evasion items are banned
|rule|Evasion Moves Clause: Evasion moves are banned
|rule|Evasion Abilities Clause: Evasion abilities are banned
|rule|Sleep Moves Clause: Sleep-inducing moves are banned
|clearpoke
|poke|p1|Enamorus, F|
|poke|p1|Kyurem|
|poke|p1|Landorus-Therian, M|
|poke|p1|Kingambit, F|
|poke|p1|Ogerpon-Wellspring, F|
|poke|p1|Glimmora, F|
|poke|p2|Dragapult, F|
|poke|p2|Zamazenta-*|
|poke|p2|Gholdengo|
|poke|p2|Mandibuzz, F|
|poke|p2|Clodsire, F|
|poke|p2|Rillaboom, M|
|teampreview
|inactive|Battle timer is ON: inactive players will automatically lose when time's up. (requested by imjjjyyyhhh)
|
|t:|1758346382
|teamsize|p1|6
|teamsize|p2|6
|start
|switch|p1a: Landorus|Landorus-Therian, M|100/100
|switch|p2a: Dragapult|Dragapult, F|100/100
|-ability|p1a: Landorus|Intimidate|boost
|-unboost|p2a: Dragapult|atk|1
|turn|1
|
|t:|1758346389
|move|p2a: Dragapult|Shadow Ball|p1a: Landorus
|-damage|p1a: Landorus|47/100
|move|p1a: Landorus|Stealth Rock|p2a: Dragapult
|-sidestart|p2: imjjjyyyhhh|move: Stealth Rock
|
|upkeep
|turn|2
|
|t:|1758346398
|switch|p1a: Kingambit|Kingambit, F|100/100
|-item|p1a: Kingambit|Air Balloon
|move|p2a: Dragapult|Shadow Ball|p1a: Kingambit
|-resisted|p1a: Kingambit
|-damage|p1a: Kingambit|69/100
|-enditem|p1a: Kingambit|Air Balloon
|
|upkeep
|turn|3
|
|t:|1758346410
|switch|p2a: Mandibuzz|Mandibuzz, F|100/100
|move|p1a: Kingambit|Swords Dance|p1a: Kingambit
|-boost|p1a: Kingambit|atk|2
|
|upkeep
|turn|4
|
|t:|1758346422
|move|p1a: Kingambit|Low Kick|p2a: Mandibuzz
|-damage|p2a: Mandibuzz|77/100
|move|p2a: Mandibuzz|Foul Play|p1a: Kingambit
|-resisted|p1a: Kingambit
|-damage|p1a: Kingambit|27/100
|
|upkeep
|turn|5
|
|t:|1758346435
|-end|p1a: Kingambit|fallenundefined|[silent]
|switch|p1a: Enamorus|Enamorus, F|100/100
|move|p2a: Mandibuzz|Defog|p1a: Enamorus
|-boost|p1a: Enamorus|evasion|1
|-sideend|p2: imjjjyyyhhh|Stealth Rock|[from] move: Defog|[of] p2a: Mandibuzz
|
|upkeep
|turn|6
|
|t:|1758346444
|switch|p2a: Clodsire|Clodsire, F|100/100
|move|p1a: Enamorus|Moonblast|p2a: Clodsire
|-resisted|p2a: Clodsire
|-damage|p2a: Clodsire|86/100
|-unboost|p2a: Clodsire|spa|1
|
|-heal|p2a: Clodsire|92/100|[from] item: Black Sludge
|upkeep
|turn|7
|
|t:|1758346471
|move|p1a: Enamorus|Earth Power|p2a: Clodsire
|-supereffective|p2a: Clodsire
|-damage|p2a: Clodsire|56/100
|move|p2a: Clodsire|Rock Slide|p1a: Enamorus|[miss]
|-miss|p2a: Clodsire|p1a: Enamorus
|
|-heal|p2a: Clodsire|62/100|[from] item: Black Sludge
|upkeep
|turn|8
|
|t:|1758346480
|-terastallize|p1a: Enamorus|Stellar
|move|p1a: Enamorus|Tera Blast|p2a: Clodsire|[anim] Tera Blast Stellar
|-damage|p2a: Clodsire|41/100
|-boost|p1a: Enamorus|atk|1
|-boost|p1a: Enamorus|spa|1
|move|p2a: Clodsire|Recover|p2a: Clodsire
|-heal|p2a: Clodsire|91/100
|
|-heal|p2a: Clodsire|97/100|[from] item: Black Sludge
|upkeep
|turn|9
|
|t:|1758346490
|move|p1a: Enamorus|Tera Blast|p2a: Clodsire|[anim] Tera Blast Stellar
|-damage|p2a: Clodsire|67/100
|-boost|p1a: Enamorus|atk|1
|-boost|p1a: Enamorus|spa|1
|move|p2a: Clodsire|Stealth Rock|p1a: Enamorus
|-sidestart|p1: notasphincter|move: Stealth Rock
|
|-heal|p2a: Clodsire|73/100|[from] item: Black Sludge
|upkeep
|turn|10
|
|t:|1758346507
|move|p1a: Enamorus|Tera Blast|p2a: Clodsire|[anim] Tera Blast Stellar
|-damage|p2a: Clodsire|36/100
|-boost|p1a: Enamorus|atk|1
|-boost|p1a: Enamorus|spa|1
|move|p2a: Clodsire|Recover|p2a: Clodsire
|-heal|p2a: Clodsire|86/100
|
|-heal|p2a: Clodsire|92/100|[from] item: Black Sludge
|upkeep
|turn|11
|
|t:|1758346516
|move|p1a: Enamorus|Tera Blast|p2a: Clodsire|[anim] Tera Blast Stellar
|-damage|p2a: Clodsire|42/100
|-boost|p1a: Enamorus|atk|1
|-boost|p1a: Enamorus|spa|1
|move|p2a: Clodsire|Earthquake|p1a: Enamorus
|-immune|p1a: Enamorus
|
|-heal|p2a: Clodsire|48/100|[from] item: Black Sludge
|upkeep
|turn|12
|
|t:|1758346531
|move|p1a: Enamorus|Tera Blast|p2a: Clodsire|[anim] Tera Blast Stellar
|-damage|p2a: Clodsire|0 fnt
|-boost|p1a: Enamorus|atk|1
|-boost|p1a: Enamorus|spa|1
|faint|p2a: Clodsire
|
|upkeep
|
|t:|1758346541
|switch|p2a: Gholdengo|Gholdengo|100/100
|turn|13
|
|t:|1758346552
|move|p1a: Enamorus|Tera Blast|p2a: Gholdengo|[anim] Tera Blast Stellar
|-damage|p2a: Gholdengo|0 fnt
|-boost|p1a: Enamorus|atk|1
|-boost|p1a: Enamorus|spa|1
|faint|p2a: Gholdengo
|
|upkeep
|-message|imjjjyyyhhh forfeited.
|
|win|notasphincter
|raw|notasphincter's rating: 1373 &rarr; <strong>1395</strong><br />(+22 for winning)
|raw|imjjjyyyhhh's rating: 1404 &rarr; <strong>1382</strong><br />(-22 for losing)
|l|☆imjjjyyyhhh
|player|p2|
|l|☆notasphincter
|player|p1|
