|j|☆kfry2896
|j|☆CPU195
|t:|1758254701
|gametype|singles
|player|p1|kfry2896|1|1201
|player|p2|CPU195|cynthia|1208
|gen|9
|tier|[Gen 9] OU
|rated|
|rule|HP Percentage Mod: HP is shown in percentages
|rule|Endless Battle Clause: Forcing endless battles is banned
|rule|Species Clause: Limit one of each Pokémon
|rule|OHKO Clause: OHKO moves are banned
|rule|Evasion Items Clause: Evasion items are banned
|rule|Evasion Moves Clause: Evasion moves are banned
|rule|Evasion Abilities Clause: Evasion abilities are banned
|rule|Sleep Moves Clause: Sleep-inducing moves are banned
|clearpoke
|poke|p1|Gliscor, M|
|poke|p1|Walking Wake|
|poke|p1|Slowking-Galar, F|
|poke|p1|Zamazenta-*|
|poke|p1|Ting-Lu|
|poke|p1|Kingambit, F|
|poke|p2|Scream Tail|
|poke|p2|Great Tusk|
|poke|p2|Alomomola, M|
|poke|p2|Weavile, F|
|poke|p2|Ceruledge, F|
|poke|p2|Raging Bolt|
|teampreview
|c|☆CPU195|gl hf
|inactive|Battle timer is ON: inactive players will automatically lose when time's up. (requested by kfry2896)
|
|t:|1758254714
|teamsize|p1|6
|teamsize|p2|6
|start
|switch|p1a: Slowking|Slowking-Galar, F|100/100
|switch|p2a: Great Tusk|Great Tusk|100/100
|turn|1
|
|t:|1758254734
|switch|p1a: Gliscor|Gliscor, M|100/100
|move|p2a: Great Tusk|Stealth Rock|p1a: Gliscor
|-sidestart|p1: kfry2896|move: Stealth Rock
|
|-status|p1a: Gliscor|tox|[from] item: Toxic Orb
|upkeep
|turn|2
|
|t:|1758254750
|-end|p2a: Great Tusk|Protosynthesis|[silent]
|switch|p2a: Alomomola|Alomomola, M|100/100
|move|p1a: Gliscor|Swords Dance|p1a: Gliscor
|-boost|p1a: Gliscor|atk|2
|
|upkeep
|turn|3
|
|t:|1758254760
|move|p1a: Gliscor|Earthquake|p2a: Alomomola
|-damage|p2a: Alomomola|53/100
|move|p2a: Alomomola|Liquidation|p1a: Gliscor
|-supereffective|p1a: Gliscor
|-damage|p1a: Gliscor|19/100 tox
|
|-heal|p1a: Gliscor|31/100 tox|[from] ability: Poison Heal
|upkeep
|turn|4
|
|t:|1758254768
|move|p1a: Gliscor|Protect|p1a: Gliscor
|-singleturn|p1a: Gliscor|Protect
|move|p2a: Alomomola|Liquidation|p1a: Gliscor
|-activate|p1a: Gliscor|move: Protect
|
|-heal|p1a: Gliscor|44/100 tox|[from] ability: Poison Heal
|upkeep
|turn|5
|
|t:|1758254775
|switch|p1a: Walking Wake|Walking Wake|100/100
|move|p2a: Alomomola|Liquidation|p1a: Walking Wake
|-resisted|p1a: Walking Wake
|-damage|p1a: Walking Wake|88/100
|
|upkeep
|turn|6
|
|t:|1758254787
|switch|p2a: Raging Bolt|Raging Bolt|100/100
|move|p1a: Walking Wake|Knock Off|p2a: Raging Bolt
|-damage|p2a: Raging Bolt|86/100
|-enditem|p2a: Raging Bolt|Assault Vest|[from] move: Knock Off|[of] p1a: Walking Wake
|
|upkeep
|turn|7
|
|t:|1758254797
|move|p1a: Walking Wake|Draco Meteor|p2a: Raging Bolt
|-supereffective|p2a: Raging Bolt
|-damage|p2a: Raging Bolt|0 fnt
|-unboost|p1a: Walking Wake|spa|2
|faint|p2a: Raging Bolt
|-end|p2a: Raging Bolt|Protosynthesis|[silent]
|
|upkeep
|
|t:|1758254807
|switch|p2a: Weavile|Weavile, F|100/100
|turn|8
|
|t:|1758254835
|-end|p1a: Walking Wake|Protosynthesis|[silent]
|switch|p1a: Zamazenta|Zamazenta|100/100
|-ability|p1a: Zamazenta|Dauntless Shield|boost
|-boost|p1a: Zamazenta|def|1
|move|p2a: Weavile|Swords Dance|p2a: Weavile
|-boost|p2a: Weavile|atk|2
|
|upkeep
|turn|9
|
|t:|1758254848
|switch|p2a: Great Tusk|Great Tusk|100/100
|move|p1a: Zamazenta|Heavy Slam|p2a: Great Tusk
|-damage|p2a: Great Tusk|92/100
|-damage|p1a: Zamazenta|84/100|[from] item: Rocky Helmet|[of] p2a: Great Tusk
|
|upkeep
|turn|10
|inactive|kfry2896 has 120 seconds left.
|
|t:|1758254876
|-end|p2a: Great Tusk|Protosynthesis|[silent]
|switch|p2a: Alomomola|Alomomola, M|86/100
|move|p1a: Zamazenta|Close Combat|p2a: Alomomola
|-damage|p2a: Alomomola|50/100
|-unboost|p1a: Zamazenta|def|1
|-unboost|p1a: Zamazenta|spd|1
|
|upkeep
|turn|11
|inactive|kfry2896 has 120 seconds left.
|
|t:|1758254887
|switch|p1a: Walking Wake|Walking Wake|88/100
|move|p2a: Alomomola|Flip Turn|p1a: Walking Wake
|-resisted|p1a: Walking Wake
|-damage|p1a: Walking Wake|79/100
|
|t:|1758254903
|switch|p2a: Scream Tail|Scream Tail|100/100|[from] Flip Turn
|
|upkeep
|turn|12
|inactive|kfry2896 has 120 seconds left.
|
|t:|1758254914
|-end|p1a: Walking Wake|Protosynthesis|[silent]
|switch|p1a: Slowking|Slowking-Galar, F|100/100
|move|p2a: Scream Tail|Calm Mind|p2a: Scream Tail
|-boost|p2a: Scream Tail|spa|1
|-boost|p2a: Scream Tail|spd|1
|
|upkeep
|turn|13
|
|t:|1758254922
|-terastallize|p2a: Scream Tail|Normal
|move|p2a: Scream Tail|Boomburst|p1a: Slowking
|-damage|p1a: Slowking|59/100
|-enditem|p2a: Scream Tail|Throat Spray
|-boost|p2a: Scream Tail|spa|1|[from] item: Throat Spray
|-prepare|p1a: Slowking|Chilly Reception|[premajor]
|move|p1a: Slowking|Chilly Reception|p1a: Slowking
|-weather|Snowscape
|inactive|kfry2896 has 120 seconds left.
|
|t:|1758254936
|switch|p1a: Zamazenta|Zamazenta|84/100|[from] Chilly Reception
|
|-weather|Snowscape|[upkeep]
|upkeep
|turn|14
|
|t:|1758254947
|-end|p2a: Scream Tail|Protosynthesis|[silent]
|switch|p2a: Great Tusk|Great Tusk|92/100
|move|p1a: Zamazenta|Close Combat|p2a: Great Tusk
|-crit|p2a: Great Tusk
|-damage|p2a: Great Tusk|36/100
|-unboost|p1a: Zamazenta|def|1
|-unboost|p1a: Zamazenta|spd|1
|-damage|p1a: Zamazenta|67/100|[from] item: Rocky Helmet|[of] p2a: Great Tusk
|
|-weather|Snowscape|[upkeep]
|upkeep
|turn|15
|inactive|kfry2896 has 120 seconds left.
|
|t:|1758254965
|switch|p1a: Walking Wake|Walking Wake|79/100
|move|p2a: Great Tusk|Close Combat|p1a: Walking Wake
|-damage|p1a: Walking Wake|4/100
|-unboost|p2a: Great Tusk|def|1
|-unboost|p2a: Great Tusk|spd|1
|
|-weather|Snowscape|[upkeep]
|upkeep
|turn|16
|
|t:|1758254978
|-end|p2a: Great Tusk|Protosynthesis|[silent]
|switch|p2a: Scream Tail|Scream Tail, tera:Normal|100/100
|move|p1a: Walking Wake|Scald|p2a: Scream Tail
|-damage|p2a: Scream Tail|68/100
|
|-weather|Snowscape|[upkeep]
|upkeep
|turn|17
|
|t:|1758254990
|move|p1a: Walking Wake|Scald|p2a: Scream Tail
|-crit|p2a: Scream Tail
|-damage|p2a: Scream Tail|16/100
|-status|p2a: Scream Tail|brn
|move|p2a: Scream Tail|Dazzling Gleam|p1a: Walking Wake
|-supereffective|p1a: Walking Wake
|-damage|p1a: Walking Wake|0 fnt
|faint|p1a: Walking Wake
|-end|p1a: Walking Wake|Protosynthesis|[silent]
|
|-weather|none
|-damage|p2a: Scream Tail|9/100 brn|[from] brn
|upkeep
|inactive|kfry2896 has 120 seconds left.
|
|t:|1758255004
|switch|p1a: Slowking|Slowking-Galar, F|93/100
|turn|18
|
|t:|1758255010
|move|p2a: Scream Tail|Boomburst|p1a: Slowking
|-damage|p1a: Slowking|63/100
|move|p1a: Slowking|Future Sight|p2a: Scream Tail
|-start|p1a: Slowking|move: Future Sight
|
|-damage|p2a: Scream Tail|3/100 brn|[from] brn
|upkeep
|turn|19
|
|t:|1758255021
|move|p2a: Scream Tail|Boomburst|p1a: Slowking
|-damage|p1a: Slowking|30/100
|-prepare|p1a: Slowking|Chilly Reception|[premajor]
|move|p1a: Slowking|Chilly Reception|p1a: Slowking
|-weather|Snowscape
|
|t:|1758255029
|switch|p1a: Gliscor|Gliscor, M|44/100 tox|[from] Chilly Reception
|-damage|p1a: Gliscor|31/100 tox|[from] Stealth Rock
|
|-weather|Snowscape|[upkeep]
|-heal|p1a: Gliscor|44/100 tox|[from] ability: Poison Heal
|-damage|p2a: Scream Tail|0 fnt|[from] brn
|faint|p2a: Scream Tail
|-end|p2a: Scream Tail|Protosynthesis|[silent]
|upkeep
|
|t:|1758255041
|switch|p2a: Weavile|Weavile, F|100/100
|turn|20
|
|t:|1758255052
|move|p1a: Gliscor|Protect|p1a: Gliscor
|-singleturn|p1a: Gliscor|Protect
|move|p2a: Weavile|Swords Dance|p2a: Weavile
|-boost|p2a: Weavile|atk|2
|
|-weather|Snowscape|[upkeep]
|-end|p2a: Weavile|move: Future Sight
|-immune|p2a: Weavile
|-heal|p1a: Gliscor|56/100 tox|[from] ability: Poison Heal
|upkeep
|turn|21
|inactive|kfry2896 has 120 seconds left.
|
|t:|1758255090
|switch|p1a: Zamazenta|Zamazenta|67/100
|move|p2a: Weavile|Triple Axel|p1a: Zamazenta
|-damage|p1a: Zamazenta|46/100
|-damage|p1a: Zamazenta|0 fnt
|faint|p1a: Zamazenta
|-hitcount|p1: Zamazenta|2
|-damage|p2a: Weavile|91/100|[from] item: Life Orb
|
|-weather|Snowscape|[upkeep]
|upkeep
|
|t:|1758255100
|switch|p1a: Kingambit|Kingambit, F|100/100
|-damage|p1a: Kingambit|94/100|[from] Stealth Rock
|-activate|p1a: Kingambit|ability: Supreme Overlord
|-start|p1a: Kingambit|fallen2|[silent]
|turn|22
|
|t:|1758255111
|switch|p2a: Great Tusk|Great Tusk|36/100
|move|p1a: Kingambit|Swords Dance|p1a: Kingambit
|-boost|p1a: Kingambit|atk|2
|
|-weather|Snowscape|[upkeep]
|upkeep
|turn|23
|inactive|kfry2896 has 120 seconds left.
|
|t:|1758255118
|move|p1a: Kingambit|Sucker Punch|p2a: Great Tusk
|-resisted|p2a: Great Tusk
|-damage|p2a: Great Tusk|0 fnt
|-damage|p1a: Kingambit|78/100|[from] item: Rocky Helmet|[of] p2a: Great Tusk
|faint|p2a: Great Tusk
|-end|p2a: Great Tusk|Protosynthesis|[silent]
|
|-weather|none
|upkeep
|
|t:|1758255133
|switch|p2a: Ceruledge|Ceruledge, F|100/100
|turn|24
|
|t:|1758255138
|move|p1a: Kingambit|Sucker Punch|p2a: Ceruledge
|-supereffective|p2a: Ceruledge
|-enditem|p2a: Ceruledge|Focus Sash
|-damage|p2a: Ceruledge|1/100
|-ability|p2a: Ceruledge|Weak Armor|boost
|-unboost|p2a: Ceruledge|def|1
|-boost|p2a: Ceruledge|spe|2
|move|p2a: Ceruledge|Bitter Blade|p1a: Kingambit
|-supereffective|p1a: Kingambit
|-damage|p1a: Kingambit|0 fnt
|-heal|p2a: Ceruledge|46/100|[from] drain|[of] p1a: Kingambit
|faint|p1a: Kingambit
|-end|p1a: Kingambit|fallen2|[silent]
|
|upkeep
|
|t:|1758255152
|switch|p1a: Gliscor|Gliscor, M|56/100 tox
|-damage|p1a: Gliscor|44/100 tox|[from] Stealth Rock
|turn|25
|
|t:|1758255164
|move|p1a: Gliscor|Protect|p1a: Gliscor
|-singleturn|p1a: Gliscor|Protect
|move|p2a: Ceruledge|Poltergeist|p1a: Gliscor
|-activate|p1a: Gliscor|move: Protect
|
|-heal|p1a: Gliscor|56/100 tox|[from] ability: Poison Heal
|upkeep
|turn|26
|
|t:|1758255175
|move|p2a: Ceruledge|Poltergeist|p1a: Gliscor
|-activate|p1a: Gliscor|move: Poltergeist|Toxic Orb
|-damage|p1a: Gliscor|14/100 tox
|move|p1a: Gliscor|Earthquake|p2a: Ceruledge
|-supereffective|p2a: Ceruledge
|-damage|p2a: Ceruledge|0 fnt
|faint|p2a: Ceruledge
|
|-heal|p1a: Gliscor|26/100 tox|[from] ability: Poison Heal
|upkeep
|
|t:|1758255180
|switch|p2a: Weavile|Weavile, F|91/100
|turn|27
|
|t:|1758255188
|move|p2a: Weavile|Ice Shard|p1a: Gliscor
|-supereffective|p1a: Gliscor
|-damage|p1a: Gliscor|0 fnt
|faint|p1a: Gliscor
|-damage|p2a: Weavile|81/100|[from] item: Life Orb
|
|upkeep
|
|t:|1758255200
|switch|p1a: Slowking|Slowking-Galar, F|64/100
|turn|28
|
|t:|1758255206
|-terastallize|p1a: Slowking|Water
|move|p2a: Weavile|Knock Off|p1a: Slowking
|-damage|p1a: Slowking|2/100
|-enditem|p1a: Slowking|Heavy-Duty Boots|[from] move: Knock Off|[of] p2a: Weavile
|-damage|p2a: Weavile|71/100|[from] item: Life Orb
|move|p1a: Slowking|Flamethrower|p2a: Weavile
|-supereffective|p2a: Weavile
|-damage|p2a: Weavile|9/100
|
|upkeep
|turn|29
|
|t:|1758255219
|move|p2a: Weavile|Ice Shard|p1a: Slowking
|-resisted|p1a: Slowking
|-damage|p1a: Slowking|0 fnt
|faint|p1a: Slowking
|-damage|p2a: Weavile|0 fnt|[from] item: Life Orb
|faint|p2a: Weavile
|
|upkeep
|
|t:|1758255224
|switch|p2a: Alomomola|Alomomola, M|83/100
|switch|p1a: Ting-Lu|Ting-Lu|100/100
|-damage|p1a: Ting-Lu|94/100|[from] Stealth Rock
|-ability|p1a: Ting-Lu|Vessel of Ruin
|turn|30
|
|t:|1758255232
|move|p2a: Alomomola|Liquidation|p1a: Ting-Lu
|-supereffective|p1a: Ting-Lu
|-damage|p1a: Ting-Lu|41/100
|move|p1a: Ting-Lu|Ruination|p2a: Alomomola
|-damage|p2a: Alomomola|42/100
|
|-heal|p1a: Ting-Lu|48/100|[from] item: Leftovers
|upkeep
|turn|31
|-message|kfry2896 forfeited.
|
|win|CPU195
|raw|kfry2896's rating: 1201 &rarr; <strong>1177</strong><br />(-24 for losing)
|raw|CPU195's rating: 1208 &rarr; <strong>1232</strong><br />(+24 for winning)
|l|☆kfry2896
|player|p1|
|c|☆CPU195|gg
|l|☆CPU195
|player|p2|
