|j|‽SyntheticRoses
|j|☆eviolitenumel
|t:|1758333164
|gametype|singles
|player|p1|SyntheticRoses|266|1416
|player|p2|eviolitenumel|pokefanf-gen2|1419
|gen|9
|tier|[Gen 9] OU
|rated|
|rule|HP Percentage Mod: HP is shown in percentages
|rule|Endless Battle Clause: Forcing endless battles is banned
|rule|Species Clause: Limit one of each Pokémon
|rule|OHKO Clause: OHKO moves are banned
|rule|Evasion Items Clause: Evasion items are banned
|rule|Evasion Moves Clause: Evasion moves are banned
|rule|Evasion Abilities Clause: Evasion abilities are banned
|rule|Sleep Moves Clause: Sleep-inducing moves are banned
|clearpoke
|poke|p1|Dragapult, F|
|poke|p1|Dragonite, F|
|poke|p1|Ting-Lu|
|poke|p1|Weezing-Galar, F|
|poke|p1|Iron Crown|
|poke|p1|Zapdos|
|poke|p2|Landorus-Therian, M|
|poke|p2|Weezing-Galar, F|
|poke|p2|Hoopa-Unbound|
|poke|p2|Muk-Alola, M|
|poke|p2|Garchomp, M|
|poke|p2|Quagsire, F|
|teampreview
|inactive|Battle timer is ON: inactive players will automatically lose when time's up. (requested by eviolitenumel)
|
|t:|1758333180
|teamsize|p1|6
|teamsize|p2|6
|start
|switch|p1a: Zapdos|Zapdos|100/100
|switch|p2a: Landorus|Landorus-Therian, M|100/100
|-ability|p2a: Landorus|Intimidate|boost
|-unboost|p1a: Zapdos|atk|1
|turn|1
|
|t:|1758333188
|move|p1a: Zapdos|Hurricane|p2a: Landorus
|-damage|p2a: Landorus|30/100
|move|p2a: Landorus|Nasty Plot|p2a: Landorus
|-boost|p2a: Landorus|spa|2
|
|upkeep
|turn|2
|
|t:|1758333196
|switch|p2a: Muk|Muk-Alola, M|100/100
|move|p1a: Zapdos|Heat Wave|p2a: Muk|[miss]
|-miss|p1a: Zapdos|p2a: Muk
|
|upkeep
|turn|3
|
|t:|1758333202
|move|p1a: Zapdos|Volt Switch|p2a: Muk
|-damage|p2a: Muk|85/100
|
|t:|1758333206
|switch|p1a: Iron Crown|Iron Crown|100/100|[from] Volt Switch
|move|p2a: Muk|Knock Off|p1a: Iron Crown
|-supereffective|p1a: Iron Crown
|-damage|p1a: Iron Crown|35/100
|-enditem|p1a: Iron Crown|Choice Specs|[from] move: Knock Off|[of] p2a: Muk
|
|upkeep
|turn|4
|
|t:|1758333214
|move|p1a: Iron Crown|Volt Switch|p2a: Muk
|-damage|p2a: Muk|77/100
|
|t:|1758333219
|-end|p1a: Iron Crown|Quark Drive|[silent]
|switch|p1a: Ting-Lu|Ting-Lu|100/100|[from] Volt Switch
|-ability|p1a: Ting-Lu|Vessel of Ruin
|move|p2a: Muk|Knock Off|p1a: Ting-Lu
|-resisted|p1a: Ting-Lu
|-damage|p1a: Ting-Lu|92/100
|-enditem|p1a: Ting-Lu|Leftovers|[from] move: Knock Off|[of] p2a: Muk
|
|upkeep
|turn|5
|
|t:|1758333229
|move|p2a: Muk|Drain Punch|p1a: Ting-Lu
|-supereffective|p1a: Ting-Lu
|-damage|p1a: Ting-Lu|76/100
|-heal|p2a: Muk|87/100|[from] drain|[of] p1a: Ting-Lu
|move|p1a: Ting-Lu|Earthquake|p2a: Muk
|-supereffective|p2a: Muk
|-damage|p2a: Muk|10/100
|
|upkeep
|turn|6
|
|t:|1758333240
|move|p2a: Muk|Drain Punch|p1a: Ting-Lu
|-supereffective|p1a: Ting-Lu
|-damage|p1a: Ting-Lu|59/100
|-heal|p2a: Muk|20/100|[from] drain|[of] p1a: Ting-Lu
|move|p1a: Ting-Lu|Earthquake|p2a: Muk
|-supereffective|p2a: Muk
|-damage|p2a: Muk|0 fnt
|faint|p2a: Muk
|
|upkeep
|
|t:|1758333249
|switch|p2a: Hoopa|Hoopa-Unbound|100/100
|turn|7
|
|t:|1758333257
|move|p2a: Hoopa|Drain Punch|p1a: Ting-Lu
|-supereffective|p1a: Ting-Lu
|-damage|p1a: Ting-Lu|28/100
|move|p1a: Ting-Lu|Ruination|p2a: Hoopa
|-damage|p2a: Hoopa|51/100
|
|upkeep
|turn|8
|
|t:|1758333264
|move|p2a: Hoopa|Drain Punch|p1a: Ting-Lu
|-supereffective|p1a: Ting-Lu
|-damage|p1a: Ting-Lu|0 fnt
|-heal|p2a: Hoopa|71/100|[from] drain|[of] p1a: Ting-Lu
|faint|p1a: Ting-Lu
|
|upkeep
|
|t:|1758333283
|switch|p1a: Dragapult|Dragapult, F|100/100
|turn|9
|
|t:|1758333290
|switch|p2a: Weezing|Weezing-Galar, F|100/100
|-ability|p2a: Weezing|Neutralizing Gas
|move|p1a: Dragapult|U-turn|p2a: Weezing
|-resisted|p2a: Weezing
|-damage|p2a: Weezing|98/100
|
|t:|1758333297
|switch|p1a: Iron Crown|Iron Crown|35/100|[from] U-turn
|
|-heal|p2a: Weezing|100/100|[from] item: Leftovers
|upkeep
|turn|10
|
|t:|1758333304
|-end|p2a: Weezing|ability: Neutralizing Gas
|switch|p2a: Garchomp|Garchomp, M|100/100
|move|p1a: Iron Crown|Tachyon Cutter|p2a: Garchomp
|-damage|p2a: Garchomp|77/100
|-damage|p2a: Garchomp|52/100
|-hitcount|p2a: Garchomp|2
|
|upkeep
|turn|11
|
|t:|1758333326
|-end|p1a: Iron Crown|Quark Drive|[silent]
|switch|p1a: Zapdos|Zapdos|100/100
|move|p2a: Garchomp|Stealth Rock|p1a: Zapdos
|-sidestart|p1: SyntheticRoses|move: Stealth Rock
|
|upkeep
|turn|12
|
|t:|1758333332
|move|p1a: Zapdos|Hurricane|p2a: Garchomp
|-damage|p2a: Garchomp|5/100
|move|p2a: Garchomp|Spikes|p1a: Zapdos
|-sidestart|p1: SyntheticRoses|Spikes
|
|upkeep
|turn|13
|
|t:|1758333339
|switch|p2a: Hoopa|Hoopa-Unbound|71/100
|move|p1a: Zapdos|Heat Wave|p2a: Hoopa
|-damage|p2a: Hoopa|57/100
|-status|p2a: Hoopa|brn
|
|-damage|p2a: Hoopa|51/100 brn|[from] brn
|upkeep
|turn|14
|
|t:|1758333351
|move|p1a: Zapdos|Hurricane|p2a: Hoopa
|-damage|p2a: Hoopa|31/100 brn
|move|p2a: Hoopa|Knock Off|p1a: Zapdos
|-damage|p1a: Zapdos|70/100
|-enditem|p1a: Zapdos|Heavy-Duty Boots|[from] move: Knock Off|[of] p2a: Hoopa
|
|-damage|p2a: Hoopa|25/100 brn|[from] brn
|upkeep
|turn|15
|
|t:|1758333360
|move|p1a: Zapdos|Hurricane|p2a: Hoopa|[miss]
|-miss|p1a: Zapdos|p2a: Hoopa
|move|p2a: Hoopa|Psychic Noise|p1a: Zapdos
|-crit|p1a: Zapdos
|-damage|p1a: Zapdos|1/100
|-start|p1a: Zapdos|move: Heal Block
|
|-damage|p2a: Hoopa|19/100 brn|[from] brn
|upkeep
|turn|16
|
|t:|1758333371
|move|p1a: Zapdos|Volt Switch|p2a: Hoopa
|-damage|p2a: Hoopa|5/100 brn
|
|t:|1758333377
|switch|p1a: Weezing|Weezing-Galar, F|100/100|[from] Volt Switch
|-ability|p1a: Weezing|Neutralizing Gas
|move|p2a: Hoopa|Psychic Noise|p1a: Weezing
|-supereffective|p1a: Weezing
|-damage|p1a: Weezing|0 fnt
|faint|p1a: Weezing
|-end|p1a: Weezing|ability: Neutralizing Gas
|
|-damage|p2a: Hoopa|0 fnt|[from] brn
|faint|p2a: Hoopa
|upkeep
|
|t:|1758333398
|switch|p2a: Quagsire|Quagsire, F|100/100
|switch|p1a: Iron Crown|Iron Crown|35/100
|-damage|p1a: Iron Crown|29/100|[from] Stealth Rock
|-damage|p1a: Iron Crown|16/100|[from] Spikes
|turn|17
|
|t:|1758333421
|move|p1a: Iron Crown|Psyshock|p2a: Quagsire
|-damage|p2a: Quagsire|72/100
|move|p2a: Quagsire|Earthquake|p1a: Iron Crown
|-supereffective|p1a: Iron Crown
|-damage|p1a: Iron Crown|0 fnt
|faint|p1a: Iron Crown
|-end|p1a: Iron Crown|Quark Drive|[silent]
|
|upkeep
|
|t:|1758333427
|switch|p1a: Zapdos|Zapdos|1/100
|-damage|p1a: Zapdos|0 fnt|[from] Stealth Rock
|faint|p1a: Zapdos
|
|t:|1758333435
|switch|p1a: Dragapult|Dragapult, F|100/100
|turn|18
|
|t:|1758333443
|switch|p2a: Garchomp|Garchomp, M|5/100
|move|p1a: Dragapult|Dragon Darts|p2a: Garchomp
|-supereffective|p2a: Garchomp
|-damage|p2a: Garchomp|0 fnt
|faint|p2a: Garchomp
|
|upkeep
|
|t:|1758333450
|switch|p2a: Weezing|Weezing-Galar, F|100/100
|-ability|p2a: Weezing|Neutralizing Gas
|turn|19
|
|t:|1758333455
|move|p1a: Dragapult|Will-O-Wisp|p2a: Weezing
|-status|p2a: Weezing|brn
|move|p2a: Weezing|Will-O-Wisp|p1a: Dragapult
|-status|p1a: Dragapult|brn
|
|-damage|p1a: Dragapult|95/100 brn|[from] brn
|-damage|p2a: Weezing|95/100 brn|[from] brn
|upkeep
|turn|20
|
|t:|1758333465
|move|p1a: Dragapult|Hex|p2a: Weezing
|-damage|p2a: Weezing|18/100 brn
|move|p2a: Weezing|Pain Split|p1a: Dragapult
|-sethp|p1a: Dragapult|57/100 brn|[from] move: Pain Split|[silent]
|-sethp|p2a: Weezing|54/100 brn|[from] move: Pain Split
|
|-heal|p2a: Weezing|60/100 brn|[from] item: Leftovers
|-damage|p1a: Dragapult|51/100 brn|[from] brn
|-damage|p2a: Weezing|54/100 brn|[from] brn
|upkeep
|turn|21
|
|t:|1758333479
|-end|p2a: Weezing|ability: Neutralizing Gas
|switch|p2a: Quagsire|Quagsire, F|72/100
|move|p1a: Dragapult|Hex|p2a: Quagsire
|-damage|p2a: Quagsire|41/100
|
|-damage|p1a: Dragapult|45/100 brn|[from] brn
|upkeep
|turn|22
|
|t:|1758333497
|move|p1a: Dragapult|Will-O-Wisp|p2a: Quagsire
|-status|p2a: Quagsire|brn
|move|p2a: Quagsire|Recover|p2a: Quagsire
|-heal|p2a: Quagsire|91/100 brn
|
|-damage|p1a: Dragapult|39/100 brn|[from] brn
|-damage|p2a: Quagsire|85/100 brn|[from] brn
|upkeep
|turn|23
|
|t:|1758333506
|move|p1a: Dragapult|Hex|p2a: Quagsire
|-damage|p2a: Quagsire|16/100 brn
|move|p2a: Quagsire|Earthquake|p1a: Dragapult
|-damage|p1a: Dragapult|18/100 brn
|
|-damage|p1a: Dragapult|12/100 brn|[from] brn
|-damage|p2a: Quagsire|10/100 brn|[from] brn
|upkeep
|turn|24
|
|t:|1758333516
|switch|p2a: Landorus|Landorus-Therian, M|30/100
|-ability|p2a: Landorus|Intimidate|boost
|-unboost|p1a: Dragapult|atk|1
|move|p1a: Dragapult|Hex|p2a: Landorus
|-damage|p2a: Landorus|0 fnt
|faint|p2a: Landorus
|
|-damage|p1a: Dragapult|6/100 brn|[from] brn
|upkeep
|
|t:|1758333526
|switch|p2a: Quagsire|Quagsire, F|10/100 brn
|turn|25
|
|t:|1758333529
|move|p1a: Dragapult|Hex|p2a: Quagsire
|-damage|p2a: Quagsire|0 fnt
|faint|p2a: Quagsire
|
|-damage|p1a: Dragapult|0 fnt|[from] brn
|faint|p1a: Dragapult
|upkeep
|
|t:|1758333538
|switch|p1a: Dragonite|Dragonite, F|100/100
|switch|p2a: Weezing|Weezing-Galar, F|54/100 brn
|-ability|p2a: Weezing|Neutralizing Gas
|turn|26
|
|t:|1758333547
|-terastallize|p1a: Dragonite|Normal
|-terastallize|p2a: Weezing|Flying
|move|p1a: Dragonite|Dragon Dance|p1a: Dragonite
|-boost|p1a: Dragonite|atk|1
|-boost|p1a: Dragonite|spe|1
|move|p2a: Weezing|Will-O-Wisp|p1a: Dragonite
|-status|p1a: Dragonite|brn
|
|-heal|p2a: Weezing|60/100 brn|[from] item: Leftovers
|-damage|p1a: Dragonite|94/100 brn|[from] brn
|-damage|p2a: Weezing|54/100 brn|[from] brn
|upkeep
|turn|27
|
|t:|1758333560
|move|p1a: Dragonite|Dragon Dance|p1a: Dragonite
|-boost|p1a: Dragonite|atk|1
|-boost|p1a: Dragonite|spe|1
|move|p2a: Weezing|Pain Split|p1a: Dragonite
|-sethp|p1a: Dragonite|73/100 brn|[from] move: Pain Split|[silent]
|-sethp|p2a: Weezing|76/100 brn|[from] move: Pain Split
|
|-heal|p2a: Weezing|82/100 brn|[from] item: Leftovers
|-damage|p1a: Dragonite|67/100 brn|[from] brn
|-damage|p2a: Weezing|76/100 brn|[from] brn
|upkeep
|turn|28
|
|t:|1758333571
|move|p1a: Dragonite|Dragon Dance|p1a: Dragonite
|-boost|p1a: Dragonite|atk|1
|-boost|p1a: Dragonite|spe|1
|move|p2a: Weezing|Sludge Bomb|p1a: Dragonite
|-damage|p1a: Dragonite|40/100 brn
|
|-heal|p2a: Weezing|82/100 brn|[from] item: Leftovers
|-damage|p1a: Dragonite|34/100 brn|[from] brn
|-damage|p2a: Weezing|76/100 brn|[from] brn
|upkeep
|turn|29
|
|t:|1758333580
|move|p1a: Dragonite|Roost|p1a: Dragonite
|-heal|p1a: Dragonite|84/100 brn
|move|p2a: Weezing|Sludge Bomb|p1a: Dragonite
|-damage|p1a: Dragonite|60/100 brn
|
|-heal|p2a: Weezing|82/100 brn|[from] item: Leftovers
|-damage|p1a: Dragonite|54/100 brn|[from] brn
|-damage|p2a: Weezing|76/100 brn|[from] brn
|upkeep
|turn|30
|
|t:|1758333590
|move|p1a: Dragonite|Roost|p1a: Dragonite
|-heal|p1a: Dragonite|100/100 brn
|move|p2a: Weezing|Sludge Bomb|p1a: Dragonite
|-damage|p1a: Dragonite|74/100 brn
|
|-heal|p2a: Weezing|82/100 brn|[from] item: Leftovers
|-damage|p1a: Dragonite|68/100 brn|[from] brn
|-damage|p2a: Weezing|76/100 brn|[from] brn
|upkeep
|turn|31
|c|☆eviolitenumel|I gotta go but I wanna say you win tbis
|-message|eviolitenumel forfeited.
|
|win|SyntheticRoses
|raw|SyntheticRoses's rating: 1416 &rarr; <strong>1436</strong><br />(+20 for winning)
|raw|eviolitenumel's rating: 1419 &rarr; <strong>1399</strong><br />(-20 for losing)
|c|☆eviolitenumel|gg! Fun tame
|c|☆eviolitenumel|*game
|l|☆eviolitenumel
|player|p2|
|l|‽SyntheticRoses
|player|p1|
