|j|☆kingpaper
|j|☆lerendezvous
|t:|1758353153
|gametype|singles
|player|p1|kingpaper|hoopster|1537
|player|p2|lerendezvous|101|1730
|gen|9
|tier|[Gen 9] OU
|rated|
|rule|HP Percentage Mod: HP is shown in percentages
|rule|Endless Battle Clause: Forcing endless battles is banned
|rule|Species Clause: Limit one of each Pokémon
|rule|OHKO Clause: OHKO moves are banned
|rule|Evasion Items Clause: Evasion items are banned
|rule|Evasion Moves Clause: Evasion moves are banned
|rule|Evasion Abilities Clause: Evasion abilities are banned
|rule|Sleep Moves Clause: Sleep-inducing moves are banned
|clearpoke
|poke|p1|Pawmot, F|
|poke|p1|Kingambit, M|
|poke|p1|Gliscor, F|
|poke|p1|Dragapult, M|
|poke|p1|Ogerpon-Wellspring, F|
|poke|p1|Corviknight, F|
|poke|p2|Ogerpon-Wellspring, F|
|poke|p2|Slowking-Galar, F|
|poke|p2|Great Tusk|
|poke|p2|Moltres|
|poke|p2|Dragapult, M|
|poke|p2|Kingambit, M|
|teampreview
|inactive|Battle timer is ON: inactive players will automatically lose when time's up. (requested by lerendezvous)
|c|☆kingpaper|yu up lat
|
|t:|1758353171
|teamsize|p1|6
|teamsize|p2|6
|start
|switch|p1a: Dragapult|Dragapult, M|100/100
|switch|p2a: Slowking|Slowking-Galar, F|100/100
|turn|1
|
|t:|1758353184
|move|p1a: Dragapult|U-turn|p2a: Slowking
|-damage|p2a: Slowking|83/100
|
|t:|1758353186
|switch|p1a: Gliscor|Gliscor, F|100/100|[from] U-turn
|move|p2a: Slowking|Ice Beam|p1a: Gliscor
|-supereffective|p1a: Gliscor
|-damage|p1a: Gliscor|0 fnt
|faint|p1a: Gliscor
|
|upkeep
|
|t:|1758353196
|switch|p1a: Ogerpon|Ogerpon-Wellspring, F|100/100
|turn|2
|
|t:|1758353201
|move|p1a: Ogerpon|Swords Dance|p1a: Ogerpon
|-boost|p1a: Ogerpon|atk|2
|move|p2a: Slowking|Sludge Bomb|p1a: Ogerpon
|-supereffective|p1a: Ogerpon
|-damage|p1a: Ogerpon|2/100
|
|upkeep
|turn|3
|
|t:|1758353206
|switch|p2a: Kingambit|Kingambit, M|100/100
|move|p1a: Ogerpon|Horn Leech|p2a: Kingambit
|-resisted|p2a: Kingambit
|-damage|p2a: Kingambit|67/100
|-heal|p1a: Ogerpon|23/100|[from] drain|[of] p2a: Kingambit
|
|-heal|p2a: Kingambit|73/100|[from] item: Leftovers
|upkeep
|turn|4
|
|t:|1758353211
|move|p2a: Kingambit|Sucker Punch||[still]
|-fail|p2a: Kingambit
|move|p1a: Ogerpon|Encore|p2a: Kingambit
|-start|p2a: Kingambit|Encore
|
|-heal|p2a: Kingambit|79/100|[from] item: Leftovers
|upkeep
|turn|5
|
|t:|1758353215
|move|p2a: Kingambit|Sucker Punch||[still]
|-fail|p2a: Kingambit
|move|p1a: Ogerpon|Swords Dance|p1a: Ogerpon
|-boost|p1a: Ogerpon|atk|2
|
|-heal|p2a: Kingambit|85/100|[from] item: Leftovers
|upkeep
|turn|6
|
|t:|1758353222
|move|p2a: Kingambit|Sucker Punch|p1a: Ogerpon
|-damage|p1a: Ogerpon|0 fnt
|faint|p1a: Ogerpon
|
|-heal|p2a: Kingambit|91/100|[from] item: Leftovers
|upkeep
|
|t:|1758353224
|switch|p1a: Pawmot|Pawmot, F|100/100
|turn|7
|
|t:|1758353229
|-end|p2a: Kingambit|fallenundefined|[silent]
|switch|p2a: Great Tusk|Great Tusk|100/100
|move|p1a: Pawmot|Revival Blessing|p1a: Pawmot
|-enditem|p1a: Pawmot|Leppa Berry|[eat]
|-activate|p1a: Pawmot|item: Leppa Berry|Revival Blessing|[consumed]
|
|t:|1758353233
|-heal|p1: Gliscor|50/100|[from] move: Revival Blessing
|
|upkeep
|turn|8
|
|t:|1758353238
|switch|p1a: Gliscor|Gliscor, F|50/100
|move|p2a: Great Tusk|Stealth Rock|p1a: Gliscor
|-sidestart|p1: kingpaper|move: Stealth Rock
|
|-status|p1a: Gliscor|tox|[from] item: Toxic Orb
|upkeep
|turn|9
|
|t:|1758353246
|move|p1a: Gliscor|Protect|p1a: Gliscor
|-singleturn|p1a: Gliscor|Protect
|move|p2a: Great Tusk|Ice Spinner|p1a: Gliscor
|-activate|p1a: Gliscor|move: Protect
|
|-heal|p1a: Gliscor|63/100 tox|[from] ability: Poison Heal
|upkeep
|turn|10
|
|t:|1758353252
|switch|p1a: Corviknight|Corviknight, F|100/100
|-damage|p1a: Corviknight|88/100|[from] Stealth Rock
|-ability|p1a: Corviknight|Pressure
|move|p2a: Great Tusk|Ice Spinner|p1a: Corviknight
|-damage|p1a: Corviknight|69/100
|-damage|p2a: Great Tusk|84/100|[from] item: Rocky Helmet|[of] p1a: Corviknight
|
|upkeep
|turn|11
|
|t:|1758353261
|-end|p2a: Great Tusk|Protosynthesis|[silent]
|switch|p2a: Kingambit|Kingambit, M|91/100
|move|p1a: Corviknight|Defog|p2a: Kingambit
|-unboost|p2a: Kingambit|evasion|1
|-sideend|p1: kingpaper|Stealth Rock|[from] move: Defog|[of] p1a: Corviknight
|
|-heal|p2a: Kingambit|98/100|[from] item: Leftovers
|upkeep
|turn|12
|
|t:|1758353266
|move|p2a: Kingambit|Swords Dance|p2a: Kingambit
|-boost|p2a: Kingambit|atk|2
|move|p1a: Corviknight|Body Press|p2a: Kingambit
|-supereffective|p2a: Kingambit
|-damage|p2a: Kingambit|18/100
|
|-heal|p2a: Kingambit|24/100|[from] item: Leftovers
|upkeep
|turn|13
|
|t:|1758353273
|-end|p2a: Kingambit|fallenundefined|[silent]
|switch|p2a: Slowking|Slowking-Galar, F|100/100
|move|p1a: Corviknight|Body Press|p2a: Slowking
|-resisted|p2a: Slowking
|-damage|p2a: Slowking|95/100
|
|upkeep
|turn|14
|
|t:|1758353281
|switch|p1a: Kingambit|Kingambit, M|100/100
|-activate|p1a: Kingambit|ability: Supreme Overlord
|-start|p1a: Kingambit|fallen2|[silent]
|move|p2a: Slowking|Flamethrower|p1a: Kingambit
|-supereffective|p1a: Kingambit
|-damage|p1a: Kingambit|48/100
|
|upkeep
|turn|15
|
|t:|1758353290
|switch|p2a: Great Tusk|Great Tusk|84/100
|move|p1a: Kingambit|Kowtow Cleave|p2a: Great Tusk
|-resisted|p2a: Great Tusk
|-damage|p2a: Great Tusk|57/100
|-damage|p1a: Kingambit|31/100|[from] item: Rocky Helmet|[of] p2a: Great Tusk
|
|upkeep
|turn|16
|
|t:|1758353297
|-end|p1a: Kingambit|fallen2|[silent]
|switch|p1a: Corviknight|Corviknight, F|69/100
|-ability|p1a: Corviknight|Pressure
|move|p2a: Great Tusk|Stealth Rock|p1a: Corviknight
|-sidestart|p1: kingpaper|move: Stealth Rock
|
|upkeep
|turn|17
|
|t:|1758353301
|-end|p2a: Great Tusk|Protosynthesis|[silent]
|switch|p2a: Slowking|Slowking-Galar, F|100/100
|move|p1a: Corviknight|Defog|p2a: Slowking
|-unboost|p2a: Slowking|evasion|1
|-sideend|p1: kingpaper|Stealth Rock|[from] move: Defog|[of] p1a: Corviknight
|
|upkeep
|turn|18
|
|t:|1758353317
|switch|p1a: Gliscor|Gliscor, F|63/100 tox
|move|p2a: Slowking|Flamethrower|p1a: Gliscor
|-damage|p1a: Gliscor|40/100 tox
|
|-heal|p1a: Gliscor|52/100 tox|[from] ability: Poison Heal
|upkeep
|turn|19
|
|t:|1758353325
|switch|p2a: Ogerpon|Ogerpon-Wellspring, F|100/100
|-terastallize|p1a: Gliscor|Water
|move|p1a: Gliscor|Spikes|p2a: Ogerpon
|-sidestart|p2: lerendezvous|Spikes
|
|-heal|p1a: Gliscor|65/100 tox|[from] ability: Poison Heal
|upkeep
|turn|20
|
|t:|1758353334
|switch|p1a: Dragapult|Dragapult, M|100/100
|move|p2a: Ogerpon|Ivy Cudgel|p1a: Dragapult|[anim] Ivy Cudgel Water
|-resisted|p1a: Dragapult
|-damage|p1a: Dragapult|69/100
|
|upkeep
|turn|21
|
|t:|1758353343
|switch|p2a: Moltres|Moltres|100/100
|move|p1a: Dragapult|Will-O-Wisp|p2a: Moltres
|-immune|p2a: Moltres
|
|upkeep
|turn|22
|
|t:|1758353352
|switch|p1a: Gliscor|Gliscor, F, tera:Water|65/100 tox
|move|p2a: Moltres|Roar|p1a: Gliscor
|drag|p1a: Corviknight|Corviknight, F|69/100
|-ability|p1a: Corviknight|Pressure
|
|upkeep
|turn|23
|
|t:|1758353358
|switch|p1a: Gliscor|Gliscor, F, tera:Water|65/100 tox
|move|p2a: Moltres|Roar|p1a: Gliscor
|drag|p1a: Kingambit|Kingambit, M|31/100
|-activate|p1a: Kingambit|ability: Supreme Overlord
|-start|p1a: Kingambit|fallen2|[silent]
|
|upkeep
|turn|24
|
|t:|1758353366
|-end|p1a: Kingambit|fallen2|[silent]
|switch|p1a: Gliscor|Gliscor, F, tera:Water|65/100 tox
|move|p2a: Moltres|U-turn|p1a: Gliscor
|-crit|p1a: Gliscor
|-damage|p1a: Gliscor|48/100 tox
|
|t:|1758353371
|switch|p2a: Ogerpon|Ogerpon-Wellspring, F|100/100|[from] U-turn
|-damage|p2a: Ogerpon|88/100|[from] Spikes
|
|-heal|p1a: Gliscor|60/100 tox|[from] ability: Poison Heal
|upkeep
|turn|25
|
|t:|1758353378
|switch|p1a: Corviknight|Corviknight, F|69/100
|-ability|p1a: Corviknight|Pressure
|move|p2a: Ogerpon|Ivy Cudgel|p1a: Corviknight|[anim] Ivy Cudgel Water
|-damage|p1a: Corviknight|31/100
|
|upkeep
|turn|26
|
|t:|1758353387
|switch|p1a: Gliscor|Gliscor, F, tera:Water|60/100 tox
|move|p2a: Ogerpon|Ivy Cudgel|p1a: Gliscor|[anim] Ivy Cudgel Water
|-resisted|p1a: Gliscor
|-damage|p1a: Gliscor|39/100 tox
|
|-heal|p1a: Gliscor|52/100 tox|[from] ability: Poison Heal
|upkeep
|turn|27
|
|t:|1758353396
|move|p1a: Gliscor|Protect|p1a: Gliscor
|-singleturn|p1a: Gliscor|Protect
|move|p2a: Ogerpon|Power Whip|p1a: Gliscor
|-activate|p1a: Gliscor|move: Protect
|
|-heal|p1a: Gliscor|64/100 tox|[from] ability: Poison Heal
|upkeep
|turn|28
|
|t:|1758353408
|switch|p1a: Dragapult|Dragapult, M|69/100
|move|p2a: Ogerpon|Power Whip|p1a: Dragapult
|-resisted|p1a: Dragapult
|-damage|p1a: Dragapult|25/100
|
|upkeep
|turn|29
|
|t:|1758353413
|switch|p2a: Moltres|Moltres|100/100
|move|p1a: Dragapult|U-turn|p2a: Moltres
|-resisted|p2a: Moltres
|-damage|p2a: Moltres|97/100
|
|t:|1758353419
|switch|p1a: Pawmot|Pawmot, F|100/100|[from] U-turn
|
|upkeep
|turn|30
|
|t:|1758353424
|switch|p2a: Great Tusk|Great Tusk|57/100
|-damage|p2a: Great Tusk|45/100|[from] Spikes
|move|p1a: Pawmot|Revival Blessing|p1a: Pawmot
|
|t:|1758353427
|-heal|p1: Ogerpon|50/100|[from] move: Revival Blessing
|
|upkeep
|turn|31
|
|t:|1758353431
|switch|p1a: Corviknight|Corviknight, F|31/100
|-ability|p1a: Corviknight|Pressure
|move|p2a: Great Tusk|Stealth Rock|p1a: Corviknight
|-sidestart|p1: kingpaper|move: Stealth Rock
|
|upkeep
|turn|32
|
|t:|1758353436
|-end|p2a: Great Tusk|Protosynthesis|[silent]
|switch|p2a: Moltres|Moltres|97/100
|move|p1a: Corviknight|Roost|p1a: Corviknight
|-heal|p1a: Corviknight|81/100
|-singleturn|p1a: Corviknight|move: Roost
|
|upkeep
|turn|33
|
|t:|1758353441
|switch|p1a: Gliscor|Gliscor, F, tera:Water|64/100 tox
|-damage|p1a: Gliscor|52/100 tox|[from] Stealth Rock
|move|p2a: Moltres|Roar|p1a: Gliscor
|drag|p1a: Dragapult|Dragapult, M|25/100
|
|upkeep
|turn|34
|
|t:|1758353446
|move|p1a: Dragapult|Dragon Darts|p2a: Moltres
|-damage|p2a: Moltres|86/100
|-anim|p1a: Dragapult|Dragon Darts|p2a: Moltres
|-damage|p2a: Moltres|74/100
|move|p2a: Moltres|Flamethrower|p1a: Dragapult
|-resisted|p1a: Dragapult
|-damage|p1a: Dragapult|5/100
|
|upkeep
|turn|35
|
|t:|1758353455
|move|p1a: Dragapult|Hex|p2a: Moltres
|-damage|p2a: Moltres|51/100
|move|p2a: Moltres|Roost|p2a: Moltres
|-heal|p2a: Moltres|100/100
|-singleturn|p2a: Moltres|move: Roost
|
|upkeep
|turn|36
|
|t:|1758353463
|switch|p1a: Gliscor|Gliscor, F, tera:Water|52/100 tox
|-damage|p1a: Gliscor|39/100 tox|[from] Stealth Rock
|move|p2a: Moltres|Roost||[still]
|-fail|p2a: Moltres|heal
|
|-heal|p1a: Gliscor|52/100 tox|[from] ability: Poison Heal
|upkeep
|turn|37
|
|t:|1758353470
|move|p1a: Gliscor|Knock Off|p2a: Moltres
|-damage|p2a: Moltres|85/100
|-enditem|p2a: Moltres|Heavy-Duty Boots|[from] move: Knock Off|[of] p1a: Gliscor
|move|p2a: Moltres|Roar|p1a: Gliscor
|drag|p1a: Dragapult|Dragapult, M|5/100
|
|upkeep
|turn|38
|
|t:|1758353484
|switch|p1a: Gliscor|Gliscor, F, tera:Water|52/100 tox
|-damage|p1a: Gliscor|39/100 tox|[from] Stealth Rock
|move|p2a: Moltres|Flamethrower|p1a: Gliscor
|-resisted|p1a: Gliscor
|-damage|p1a: Gliscor|23/100 tox
|
|-heal|p1a: Gliscor|36/100 tox|[from] ability: Poison Heal
|upkeep
|turn|39
|
|t:|1758353490
|move|p1a: Gliscor|Spikes|p2a: Moltres
|-sidestart|p2: lerendezvous|Spikes
|move|p2a: Moltres|Roar|p1a: Gliscor
|drag|p1a: Pawmot|Pawmot, F|100/100
|-damage|p1a: Pawmot|94/100|[from] Stealth Rock
|
|upkeep
|turn|40
|
|t:|1758353497
|switch|p1a: Gliscor|Gliscor, F, tera:Water|36/100 tox
|-damage|p1a: Gliscor|23/100 tox|[from] Stealth Rock
|move|p2a: Moltres|Roost|p2a: Moltres
|-heal|p2a: Moltres|100/100
|-singleturn|p2a: Moltres|move: Roost
|
|-heal|p1a: Gliscor|36/100 tox|[from] ability: Poison Heal
|upkeep
|turn|41
|
|t:|1758353504
|move|p1a: Gliscor|Spikes|p2a: Moltres
|-sidestart|p2: lerendezvous|Spikes
|move|p2a: Moltres|Roar|p1a: Gliscor
|drag|p1a: Kingambit|Kingambit, M|31/100
|-damage|p1a: Kingambit|25/100|[from] Stealth Rock
|-activate|p1a: Kingambit|ability: Supreme Overlord
|-start|p1a: Kingambit|fallen2|[silent]
|
|upkeep
|turn|42
|
|t:|1758353522
|-end|p1a: Kingambit|fallen2|[silent]
|switch|p1a: Gliscor|Gliscor, F, tera:Water|36/100 tox
|-damage|p1a: Gliscor|23/100 tox|[from] Stealth Rock
|move|p2a: Moltres|Flamethrower|p1a: Gliscor
|-resisted|p1a: Gliscor
|-damage|p1a: Gliscor|7/100 tox
|
|-heal|p1a: Gliscor|19/100 tox|[from] ability: Poison Heal
|upkeep
|turn|43
|
|t:|1758353530
|move|p1a: Gliscor|Protect|p1a: Gliscor
|-singleturn|p1a: Gliscor|Protect
|move|p2a: Moltres|Roar|p1a: Gliscor
|drag|p1a: Dragapult|Dragapult, M|5/100
|
|upkeep
|turn|44
|
|t:|1758353539
|switch|p1a: Ogerpon|Ogerpon-Wellspring, F|50/100
|-damage|p1a: Ogerpon|38/100|[from] Stealth Rock
|move|p2a: Moltres|Roost||[still]
|-fail|p2a: Moltres|heal
|
|upkeep
|turn|45
|
|t:|1758353553
|switch|p2a: Dragapult|Dragapult, M|100/100
|move|p1a: Ogerpon|Horn Leech|p2a: Dragapult
|-resisted|p2a: Dragapult
|-damage|p2a: Dragapult|69/100
|-heal|p1a: Ogerpon|55/100|[from] drain|[of] p2a: Dragapult
|
|upkeep
|turn|46
|
|t:|1758353566
|switch|p1a: Corviknight|Corviknight, F|81/100
|-damage|p1a: Corviknight|69/100|[from] Stealth Rock
|-ability|p1a: Corviknight|Pressure
|move|p2a: Dragapult|U-turn|p1a: Corviknight
|-resisted|p1a: Corviknight
|-damage|p1a: Corviknight|66/100
|-damage|p2a: Dragapult|53/100|[from] item: Rocky Helmet|[of] p1a: Corviknight
|
|t:|1758353573
|switch|p2a: Moltres|Moltres|100/100|[from] U-turn
|
|upkeep
|turn|47
|j| gengar's style
|
|t:|1758353593
|move|p2a: Moltres|Flamethrower|p1a: Corviknight
|-supereffective|p1a: Corviknight
|-damage|p1a: Corviknight|2/100
|move|p1a: Corviknight|Defog|p2a: Moltres
|-unboost|p2a: Moltres|evasion|1
|-sideend|p2: lerendezvous|Spikes|[from] move: Defog|[of] p1a: Corviknight
|-sideend|p1: kingpaper|Stealth Rock|[from] move: Defog|[of] p1a: Corviknight
|
|upkeep
|turn|48
|
|t:|1758353603
|switch|p1a: Pawmot|Pawmot, F|94/100
|move|p2a: Moltres|U-turn|p1a: Pawmot
|-resisted|p1a: Pawmot
|-damage|p1a: Pawmot|83/100
|
|t:|1758353611
|switch|p2a: Great Tusk|Great Tusk|45/100|[from] U-turn
|
|upkeep
|turn|49
|
|t:|1758353625
|switch|p1a: Corviknight|Corviknight, F|2/100
|-ability|p1a: Corviknight|Pressure
|move|p2a: Great Tusk|Stealth Rock|p1a: Corviknight
|-sidestart|p1: kingpaper|move: Stealth Rock
|
|upkeep
|turn|50
|
|t:|1758353633
|move|p2a: Great Tusk|Rapid Spin|p1a: Corviknight
|-resisted|p1a: Corviknight
|-damage|p1a: Corviknight|0 fnt
|-boost|p2a: Great Tusk|spe|1
|-damage|p2a: Great Tusk|29/100|[from] item: Rocky Helmet|[of] p1a: Corviknight
|faint|p1a: Corviknight
|
|upkeep
|
|t:|1758353650
|switch|p1a: Gliscor|Gliscor, F, tera:Water|19/100 tox
|-damage|p1a: Gliscor|7/100 tox|[from] Stealth Rock
|turn|51
|inactive|kingpaper has 120 seconds left.
|
|t:|1758353691
|move|p1a: Gliscor|Protect|p1a: Gliscor
|-singleturn|p1a: Gliscor|Protect
|move|p2a: Great Tusk|Rapid Spin|p1a: Gliscor
|-activate|p1a: Gliscor|move: Protect
|
|-heal|p1a: Gliscor|19/100 tox|[from] ability: Poison Heal
|upkeep
|turn|52
|l| gengar's style
|
|t:|1758353710
|switch|p1a: Dragapult|Dragapult, M|5/100
|move|p2a: Great Tusk|Headlong Rush|p1a: Dragapult
|-damage|p1a: Dragapult|0 fnt
|-unboost|p2a: Great Tusk|def|1
|-unboost|p2a: Great Tusk|spd|1
|faint|p1a: Dragapult
|
|upkeep
|
|t:|1758353716
|switch|p1a: Pawmot|Pawmot, F|83/100
|-damage|p1a: Pawmot|77/100|[from] Stealth Rock
|turn|53
|
|t:|1758353720
|move|p1a: Pawmot|Mach Punch|p2a: Great Tusk
|-damage|p2a: Great Tusk|6/100
|-damage|p1a: Pawmot|61/100|[from] item: Rocky Helmet|[of] p2a: Great Tusk
|move|p2a: Great Tusk|Headlong Rush|p1a: Pawmot
|-supereffective|p1a: Pawmot
|-damage|p1a: Pawmot|0 fnt
|-unboost|p2a: Great Tusk|def|1
|-unboost|p2a: Great Tusk|spd|1
|faint|p1a: Pawmot
|
|upkeep
|
|t:|1758353734
|switch|p1a: Kingambit|Kingambit, M|25/100
|-damage|p1a: Kingambit|19/100|[from] Stealth Rock
|-activate|p1a: Kingambit|ability: Supreme Overlord
|-start|p1a: Kingambit|fallen5|[silent]
|turn|54
|
|t:|1758353740
|move|p2a: Great Tusk|Headlong Rush|p1a: Kingambit
|-supereffective|p1a: Kingambit
|-damage|p1a: Kingambit|0 fnt
|-unboost|p2a: Great Tusk|def|1
|-unboost|p2a: Great Tusk|spd|1
|faint|p1a: Kingambit
|-end|p1a: Kingambit|fallen5|[silent]
|
|upkeep
|-message|kingpaper forfeited.
|
|win|lerendezvous
|raw|kingpaper's rating: 1537 &rarr; <strong>1527</strong><br />(-10 for losing)
|raw|lerendezvous's rating: 1730 &rarr; <strong>1740</strong><br />(+10 for winning)
|l|☆lerendezvous
|player|p2|
|l|☆kingpaper
|player|p1|
