|j|☆Glimmza
|j|‽Chahess03
|t:|1758348118
|gametype|singles
|player|p1|Glimmza|colress|1084
|player|p2|Chahess03|265|1110
|gen|9
|tier|[Gen 9] OU
|rated|
|rule|HP Percentage Mod: HP is shown in percentages
|rule|Endless Battle Clause: Forcing endless battles is banned
|rule|Species Clause: Limit one of each Pokémon
|rule|OHKO Clause: OHKO moves are banned
|rule|Evasion Items Clause: Evasion items are banned
|rule|Evasion Moves Clause: Evasion moves are banned
|rule|Evasion Abilities Clause: Evasion abilities are banned
|rule|Sleep Moves Clause: Sleep-inducing moves are banned
|clearpoke
|poke|p1|Sylveon, M|
|poke|p1|Umbreon, M|
|poke|p1|Crocalor, M|
|poke|p1|Gastrodon-East, F|
|poke|p1|Hatterene, F|
|poke|p1|Hydreigon, F|
|poke|p2|Exeggutor-Alola, M|
|poke|p2|Dodrio, M|
|poke|p2|Zapdos-Galar|
|poke|p2|Hitmonlee, M|
|poke|p2|Tsareena, F|
|poke|p2|Iron Valiant|
|teampreview
|
|t:|1758348128
|teamsize|p1|6
|teamsize|p2|6
|start
|switch|p1a: Umbreon|Umbreon, M, shiny|100/100
|switch|p2a: Dodrio|Dodrio, M|100/100
|turn|1
|
|t:|1758348133
|move|p2a: Dodrio|Thrash|p1a: Umbreon
|-damage|p1a: Umbreon|61/100
|move|p1a: Umbreon|Foul Play|p2a: Dodrio
|-damage|p2a: Dodrio|27/100
|
|upkeep
|turn|2
|
|t:|1758348140
|move|p2a: Dodrio|Thrash|p1a: Umbreon|[from] lockedmove
|-damage|p1a: Umbreon|19/100
|-start|p2a: Dodrio|confusion|[fatigue]
|move|p1a: Umbreon|Moonlight|p1a: Umbreon
|-heal|p1a: Umbreon|69/100
|
|upkeep
|turn|3
|
|t:|1758348153
|-activate|p2a: Dodrio|confusion
|-damage|p2a: Dodrio|5/100|[from] confusion
|move|p1a: Umbreon|Moonlight|p1a: Umbreon
|-heal|p1a: Umbreon|100/100
|
|upkeep
|turn|4
|
|t:|1758348164
|-activate|p2a: Dodrio|confusion
|move|p2a: Dodrio|Tailwind|p2a: Dodrio
|-sidestart|p2: Chahess03|move: Tailwind
|move|p1a: Umbreon|Foul Play|p2a: Dodrio
|-damage|p2a: Dodrio|0 fnt
|faint|p2a: Dodrio
|
|upkeep
|
|t:|1758348186
|switch|p2a: Iron Valiant|Iron Valiant|100/100
|-enditem|p2a: Iron Valiant|Booster Energy
|-activate|p2a: Iron Valiant|ability: Quark Drive|[fromitem]
|-start|p2a: Iron Valiant|quarkdrivespe
|turn|5
|inactive|Battle timer is ON: inactive players will automatically lose when time's up. (requested by Chahess03)
|
|t:|1758348202
|switch|p1a: Vaporeon?|Gastrodon-East, F, shiny|100/100
|move|p2a: Iron Valiant|Calm Mind|p2a: Iron Valiant
|-boost|p2a: Iron Valiant|spa|1
|-boost|p2a: Iron Valiant|spd|1
|
|upkeep
|turn|6
|
|t:|1758348209
|move|p2a: Iron Valiant|Moonblast|p1a: Vaporeon?
|-damage|p1a: Vaporeon?|58/100
|move|p1a: Vaporeon?|Clear Smog|p2a: Iron Valiant
|-supereffective|p2a: Iron Valiant
|-damage|p2a: Iron Valiant|68/100
|-clearboost|p2a: Iron Valiant
|
|upkeep
|turn|7
|
|t:|1758348228
|-end|p2a: Iron Valiant|Quark Drive|[silent]
|switch|p2a: Exeggutor|Exeggutor-Alola, M|100/100
|move|p1a: Vaporeon?|Clear Smog|p2a: Exeggutor
|-supereffective|p2a: Exeggutor
|-damage|p2a: Exeggutor|78/100
|-clearboost|p2a: Exeggutor
|
|-sideend|p2: Chahess03|move: Tailwind
|upkeep
|turn|8
|
|t:|1758348238
|switch|p1a: Flareon?|Crocalor, M|100/100
|move|p2a: Exeggutor|Sunny Day|p2a: Exeggutor
|-weather|SunnyDay
|
|-weather|SunnyDay|[upkeep]
|upkeep
|turn|9
|
|t:|1758348248
|move|p1a: Flareon?|Will-O-Wisp|p2a: Exeggutor
|-status|p2a: Exeggutor|brn
|move|p2a: Exeggutor|Leech Seed|p1a: Flareon?
|-start|p1a: Flareon?|move: Leech Seed
|
|-weather|SunnyDay|[upkeep]
|-damage|p1a: Flareon?|88/100|[from] Leech Seed|[of] p2a: Exeggutor
|-heal|p2a: Exeggutor|87/100 brn|[silent]
|-damage|p2a: Exeggutor|81/100 brn|[from] brn
|upkeep
|turn|10
|
|t:|1758348257
|switch|p1a: Umbreon|Umbreon, M, shiny|100/100
|move|p2a: Exeggutor|Psychic Noise|p1a: Umbreon
|-immune|p1a: Umbreon
|
|-weather|SunnyDay|[upkeep]
|-damage|p2a: Exeggutor|75/100 brn|[from] brn
|upkeep
|turn|11
|
|t:|1758348268
|move|p1a: Umbreon|Skill Swap|p2a: Exeggutor
|-activate|p1a: Umbreon|move: Skill Swap|Harvest|Synchronize|[of] p2a: Exeggutor
|move|p2a: Exeggutor|Leech Seed|p1a: Umbreon
|-start|p1a: Umbreon|move: Leech Seed
|
|-weather|SunnyDay|[upkeep]
|-damage|p1a: Umbreon|88/100|[from] Leech Seed|[of] p2a: Exeggutor
|-heal|p2a: Exeggutor|86/100 brn|[silent]
|-damage|p2a: Exeggutor|79/100 brn|[from] brn
|upkeep
|turn|12
|
|t:|1758348282
|switch|p1a: Espeon?|Hatterene, F|100/100
|switch|p2a: Zapdos|Zapdos-Galar|100/100
|
|-weather|none
|upkeep
|turn|13
|
|t:|1758348289
|move|p2a: Zapdos|U-turn|p1a: Espeon?
|-damage|p1a: Espeon?|67/100
|
|t:|1758348295
|switch|p2a: Tsareena|Tsareena, F|100/100|[from] U-turn
|move|p1a: Espeon?|Trick Room|p1a: Espeon?
|-fieldstart|move: Trick Room|[of] p1a: Espeon?
|
|upkeep
|turn|14
|
|t:|1758348302
|move|p1a: Espeon?|Draining Kiss|p2a: Tsareena
|-damage|p2a: Tsareena|70/100
|-heal|p1a: Espeon?|93/100|[from] drain|[of] p2a: Tsareena
|move|p2a: Tsareena|Knock Off|p1a: Espeon?
|-damage|p1a: Espeon?|40/100
|-enditem|p1a: Espeon?|Covert Cloak|[from] move: Knock Off|[of] p2a: Tsareena
|
|upkeep
|turn|15
|
|t:|1758348310
|move|p1a: Espeon?|Draining Kiss|p2a: Tsareena
|-damage|p2a: Tsareena|40/100
|-heal|p1a: Espeon?|66/100|[from] drain|[of] p2a: Tsareena
|move|p2a: Tsareena|Knock Off|p1a: Espeon?
|-damage|p1a: Espeon?|33/100
|
|upkeep
|turn|16
|
|t:|1758348315
|move|p1a: Espeon?|Draining Kiss|p2a: Tsareena
|-damage|p2a: Tsareena|6/100
|-heal|p1a: Espeon?|61/100|[from] drain|[of] p2a: Tsareena
|move|p2a: Tsareena|Trop Kick|p1a: Espeon?
|-damage|p1a: Espeon?|7/100
|-unboost|p1a: Espeon?|atk|1
|
|upkeep
|turn|17
|
|t:|1758348325
|move|p1a: Espeon?|Draining Kiss|p2a: Tsareena
|-damage|p2a: Tsareena|0 fnt
|-heal|p1a: Espeon?|11/100|[from] drain|[of] p2a: Tsareena
|faint|p2a: Tsareena
|
|-fieldend|move: Trick Room
|upkeep
|
|t:|1758348333
|switch|p2a: Zapdos|Zapdos-Galar|100/100
|turn|18
|
|t:|1758348340
|move|p2a: Zapdos|U-turn|p1a: Espeon?
|-damage|p1a: Espeon?|0 fnt
|faint|p1a: Espeon?
|
|t:|1758348346
|switch|p2a: Exeggutor|Exeggutor-Alola, M|79/100 brn|[from] U-turn
|
|-damage|p2a: Exeggutor|73/100 brn|[from] brn
|upkeep
|
|t:|1758348358
|switch|p1a: Jhon Sylveon|Sylveon, M, shiny|100/100
|turn|19
|inactive|Glimmza has 120 seconds left.
|l|☆Glimmza
|inactive|Glimmza disconnected and has a minute to reconnect!
|player|p1|
|inactive|Glimmza has 30 seconds to reconnect!
|inactive|Glimmza has 20 seconds to reconnect!
|inactive|Glimmza has 15 seconds to reconnect!
|inactive|Glimmza has 10 seconds to reconnect!
|inactive|Glimmza has 5 seconds to reconnect!
|-message|Glimmza lost due to inactivity.
|
|win|Chahess03
|raw|Glimmza's rating: 1084 &rarr; <strong>1063</strong><br />(-21 for losing)
|raw|Chahess03's rating: 1110 &rarr; <strong>1133</strong><br />(+23 for winning)
|l|‽Chahess03
|player|p2|
|j|☆Glimmza
|player|p1|Glimmza|colress|
|l|☆Glimmza
|player|p1|
