|j|☆Southside Mike
|j|☆inmajik
|t:|1758270556
|gametype|singles
|player|p1|Southside Mike|rocketgrunt|1564
|player|p2|inmajik|schoolkid-gen4dp|1505
|gen|9
|tier|[Gen 9] OU
|rated|
|rule|HP Percentage Mod: HP is shown in percentages
|rule|Endless Battle Clause: Forcing endless battles is banned
|rule|Species Clause: Limit one of each Pokémon
|rule|OHKO Clause: OHKO moves are banned
|rule|Evasion Items Clause: Evasion items are banned
|rule|Evasion Moves Clause: Evasion moves are banned
|rule|Evasion Abilities Clause: Evasion abilities are banned
|rule|Sleep Moves Clause: Sleep-inducing moves are banned
|clearpoke
|poke|p1|Deoxys-Speed|
|poke|p1|Hoopa-Unbound|
|poke|p1|Manaphy|
|poke|p1|Iron Valiant|
|poke|p1|Ursaluna, F|
|poke|p1|Cinderace, M|
|poke|p2|Cinderace, M|
|poke|p2|Alomomola, M|
|poke|p2|Lokix, M|
|poke|p2|Enamorus, F|
|poke|p2|Slowking-Galar, M|
|poke|p2|Great Tusk|
|teampreview
|inactive|Battle timer is ON: inactive players will automatically lose when time's up. (requested by inmajik)
|inactive|Southside Mike also wants the timer to be on.
|j| amefurikoneko
|
|t:|1758270583
|teamsize|p1|6
|teamsize|p2|6
|start
|switch|p1a: Cinderace|Cinderace, M|100/100
|switch|p2a: Cinderace|Cinderace, M|100/100
|turn|1
|
|t:|1758270590
|move|p2a: Cinderace|U-turn|p1a: Cinderace
|-resisted|p1a: Cinderace
|-damage|p1a: Cinderace|87/100
|
|t:|1758270593
|switch|p2a: Slowking|Slowking-Galar, M|100/100|[from] U-turn
|move|p1a: Cinderace|Pyro Ball|p2a: Slowking
|-damage|p2a: Slowking|59/100
|-status|p2a: Slowking|brn
|
|-damage|p2a: Slowking|53/100 brn|[from] brn
|upkeep
|turn|2
|
|t:|1758270600
|switch|p2a: Alomomola|Alomomola, M|100/100
|move|p1a: Cinderace|U-turn|p2a: Alomomola
|-start|p1a: Cinderace|typechange|Bug|[from] ability: Libero
|-crit|p2a: Alomomola
|-damage|p2a: Alomomola|59/100
|
|t:|1758270610
|switch|p1a: Deoxys|Deoxys-Speed|100/100|[from] U-turn
|-ability|p1a: Deoxys|Pressure
|
|upkeep
|turn|3
|
|t:|1758270615
|move|p1a: Deoxys|Reflect|p1a: Deoxys
|-sidestart|p1: Southside Mike|Reflect
|move|p2a: Alomomola|Flip Turn|p1a: Deoxys
|-damage|p1a: Deoxys|90/100
|
|t:|1758270622
|switch|p2a: Lokix|Lokix, M|100/100|[from] Flip Turn
|
|upkeep
|turn|4
|
|t:|1758270626
|switch|p1a: Ursaluna|Ursaluna, F|100/100
|move|p2a: Lokix|U-turn|p1a: Ursaluna
|-damage|p1a: Ursaluna|82/100
|
|t:|1758270632
|switch|p2a: Cinderace|Cinderace, M|100/100|[from] U-turn
|
|-status|p1a: Ursaluna|brn|[from] item: Flame Orb
|upkeep
|turn|5
|
|t:|1758270637
|move|p2a: Cinderace|U-turn|p1a: Ursaluna
|-damage|p1a: Ursaluna|75/100 brn
|
|t:|1758270639
|switch|p2a: Great Tusk|Great Tusk|100/100|[from] U-turn
|move|p1a: Ursaluna|Facade|p2a: Great Tusk
|-damage|p2a: Great Tusk|39/100
|
|-heal|p2a: Great Tusk|46/100|[from] item: Leftovers
|-damage|p1a: Ursaluna|69/100 brn|[from] brn
|upkeep
|turn|6
|
|t:|1758270650
|move|p2a: Great Tusk|Earthquake|p1a: Ursaluna
|-damage|p1a: Ursaluna|54/100 brn
|move|p1a: Ursaluna|Facade|p2a: Great Tusk
|-damage|p2a: Great Tusk|0 fnt
|faint|p2a: Great Tusk
|-end|p2a: Great Tusk|Protosynthesis|[silent]
|
|-damage|p1a: Ursaluna|48/100 brn|[from] brn
|upkeep
|
|t:|1758270657
|switch|p2a: Enamorus|Enamorus, F|100/100
|turn|7
|
|t:|1758270661
|move|p2a: Enamorus|Moonblast|p1a: Ursaluna
|-damage|p1a: Ursaluna|0 fnt
|faint|p1a: Ursaluna
|
|upkeep
|
|t:|1758270666
|switch|p1a: Deoxys|Deoxys-Speed|90/100
|-ability|p1a: Deoxys|Pressure
|turn|8
|
|t:|1758270670
|move|p1a: Deoxys|Light Screen|p1a: Deoxys
|-sidestart|p1: Southside Mike|move: Light Screen
|move|p2a: Enamorus|Moonblast|p1a: Deoxys
|-damage|p1a: Deoxys|59/100
|
|upkeep
|turn|9
|
|t:|1758270679
|switch|p1a: Cinderace|Cinderace, M|87/100
|move|p2a: Enamorus|Moonblast|p1a: Cinderace
|-resisted|p1a: Cinderace
|-damage|p1a: Cinderace|68/100
|
|upkeep
|turn|10
|
|t:|1758270685
|switch|p2a: Alomomola|Alomomola, M|93/100
|move|p1a: Cinderace|Pyro Ball|p2a: Alomomola
|-resisted|p2a: Alomomola
|-damage|p2a: Alomomola|71/100
|
|-sideend|p1: Southside Mike|Reflect
|upkeep
|turn|11
|
|t:|1758270691
|move|p1a: Cinderace|Pyro Ball|p2a: Alomomola
|-resisted|p2a: Alomomola
|-damage|p2a: Alomomola|50/100
|-status|p2a: Alomomola|brn
|move|p2a: Alomomola|Flip Turn|p1a: Cinderace
|-supereffective|p1a: Cinderace
|-crit|p1a: Cinderace
|-damage|p1a: Cinderace|33/100
|
|t:|1758270698
|switch|p2a: Lokix|Lokix, M|100/100|[from] Flip Turn
|
|upkeep
|turn|12
|
|t:|1758270703
|move|p2a: Lokix|First Impression|p1a: Cinderace
|-resisted|p1a: Cinderace
|-damage|p1a: Cinderace|0 fnt
|faint|p1a: Cinderace
|
|upkeep
|
|t:|1758270709
|switch|p1a: Deoxys|Deoxys-Speed|59/100
|-ability|p1a: Deoxys|Pressure
|turn|13
|
|t:|1758270717
|switch|p2a: Cinderace|Cinderace, M|100/100
|move|p1a: Deoxys|Reflect|p1a: Deoxys
|-sidestart|p1: Southside Mike|Reflect
|
|upkeep
|turn|14
|
|t:|1758270722
|move|p1a: Deoxys|Taunt|p2a: Cinderace
|-start|p2a: Cinderace|move: Taunt
|cant|p2a: Cinderace|move: Taunt|Will-O-Wisp
|
|upkeep
|turn|15
|
|t:|1758270726
|move|p1a: Deoxys|Psycho Boost|p2a: Cinderace
|-damage|p2a: Cinderace|49/100
|-unboost|p1a: Deoxys|spa|2
|move|p2a: Cinderace|U-turn|p1a: Deoxys
|-supereffective|p1a: Deoxys
|-damage|p1a: Deoxys|35/100
|
|t:|1758270733
|switch|p2a: Lokix|Lokix, M|100/100|[from] U-turn
|
|-sideend|p1: Southside Mike|move: Light Screen
|upkeep
|turn|16
|
|t:|1758270738
|switch|p1a: Iron Valiant|Iron Valiant|100/100
|-enditem|p1a: Iron Valiant|Booster Energy
|-activate|p1a: Iron Valiant|ability: Quark Drive|[fromitem]
|-start|p1a: Iron Valiant|quarkdrivespe
|move|p2a: Lokix|U-turn|p1a: Iron Valiant
|-resisted|p1a: Iron Valiant
|-damage|p1a: Iron Valiant|85/100
|
|t:|1758270749
|switch|p2a: Slowking|Slowking-Galar, M|86/100 brn|[from] U-turn
|
|-damage|p2a: Slowking|80/100 brn|[from] brn
|upkeep
|turn|17
|
|t:|1758270754
|move|p1a: Iron Valiant|Psyshock|p2a: Slowking
|-damage|p2a: Slowking|60/100 brn
|move|p2a: Slowking|Sludge Bomb|p1a: Iron Valiant
|-supereffective|p1a: Iron Valiant
|-damage|p1a: Iron Valiant|0 fnt
|faint|p1a: Iron Valiant
|-end|p1a: Iron Valiant|Quark Drive|[silent]
|
|-damage|p2a: Slowking|54/100 brn|[from] brn
|upkeep
|
|t:|1758270763
|switch|p1a: Deoxys|Deoxys-Speed|35/100
|-ability|p1a: Deoxys|Pressure
|turn|18
|
|t:|1758270767
|move|p1a: Deoxys|Light Screen|p1a: Deoxys
|-sidestart|p1: Southside Mike|move: Light Screen
|move|p2a: Slowking|Sludge Bomb|p1a: Deoxys
|-damage|p1a: Deoxys|14/100
|
|-damage|p2a: Slowking|48/100 brn|[from] brn
|upkeep
|turn|19
|
|t:|1758270773
|switch|p1a: Hoopa|Hoopa-Unbound|100/100
|move|p2a: Slowking|Sludge Bomb|p1a: Hoopa
|-damage|p1a: Hoopa|92/100
|-status|p1a: Hoopa|psn
|
|-damage|p1a: Hoopa|80/100 psn|[from] psn
|-damage|p2a: Slowking|42/100 brn|[from] brn
|upkeep
|turn|20
|
|t:|1758270782
|move|p1a: Hoopa|Knock Off|p2a: Slowking
|-supereffective|p2a: Slowking
|-damage|p2a: Slowking|0 fnt
|-enditem|p2a: Slowking|Shuca Berry|[from] move: Knock Off|[of] p1a: Hoopa
|faint|p2a: Slowking
|
|-damage|p1a: Hoopa|67/100 psn|[from] psn
|-sideend|p1: Southside Mike|Reflect
|upkeep
|
|t:|1758270784
|switch|p2a: Lokix|Lokix, M|100/100
|turn|21
|
|t:|1758270792
|move|p2a: Lokix|First Impression|p1a: Hoopa
|-supereffective|p1a: Hoopa
|-damage|p1a: Hoopa|0 fnt
|faint|p1a: Hoopa
|
|upkeep
|
|t:|1758270797
|switch|p1a: Deoxys|Deoxys-Speed|14/100
|-ability|p1a: Deoxys|Pressure
|turn|22
|
|t:|1758270801
|switch|p2a: Alomomola|Alomomola, M|83/100 brn
|move|p1a: Deoxys|Reflect|p1a: Deoxys
|-sidestart|p1: Southside Mike|Reflect
|
|-damage|p2a: Alomomola|77/100 brn|[from] brn
|upkeep
|turn|23
|
|t:|1758270807
|move|p1a: Deoxys|Psycho Boost|p2a: Alomomola
|-damage|p2a: Alomomola|56/100 brn
|-unboost|p1a: Deoxys|spa|2
|move|p2a: Alomomola|Flip Turn|p1a: Deoxys
|-damage|p1a: Deoxys|9/100
|j| iamfrhaan007
|
|t:|1758270826
|switch|p2a: Cinderace|Cinderace, M|49/100|[from] Flip Turn
|
|upkeep
|turn|24
|
|t:|1758270830
|switch|p2a: Alomomola|Alomomola, M|89/100 brn
|move|p1a: Deoxys|Taunt|p2a: Alomomola
|-start|p2a: Alomomola|move: Taunt
|
|-damage|p2a: Alomomola|83/100 brn|[from] brn
|upkeep
|turn|25
|
|t:|1758270840
|move|p1a: Deoxys|Psycho Boost|p2a: Alomomola
|-damage|p2a: Alomomola|71/100 brn
|-unboost|p1a: Deoxys|spa|2
|move|p2a: Alomomola|Flip Turn|p1a: Deoxys
|-crit|p1a: Deoxys
|-damage|p1a: Deoxys|0 fnt
|faint|p1a: Deoxys
|
|t:|1758270843
|switch|p2a: Enamorus|Enamorus, F|100/100|[from] Flip Turn
|
|-sideend|p1: Southside Mike|move: Light Screen
|upkeep
|
|t:|1758270851
|switch|p1a: Manaphy|Manaphy|100/100
|turn|26
|
|t:|1758270862
|move|p2a: Enamorus|Moonblast|p1a: Manaphy
|-damage|p1a: Manaphy|57/100
|-unboost|p1a: Manaphy|spa|1
|move|p1a: Manaphy|Take Heart|p1a: Manaphy
|-boost|p1a: Manaphy|spa|1
|-boost|p1a: Manaphy|spd|1
|
|-heal|p1a: Manaphy|63/100|[from] item: Leftovers
|upkeep
|turn|27
|l| iamfrhaan007
|j| Lario
|
|t:|1758270871
|move|p2a: Enamorus|Moonblast|p1a: Manaphy
|-damage|p1a: Manaphy|28/100
|move|p1a: Manaphy|Take Heart|p1a: Manaphy
|-boost|p1a: Manaphy|spa|1
|-boost|p1a: Manaphy|spd|1
|
|-heal|p1a: Manaphy|35/100|[from] item: Leftovers
|upkeep
|turn|28
|
|t:|1758270879
|-terastallize|p2a: Enamorus|Stellar
|move|p2a: Enamorus|Moonblast|p1a: Manaphy
|-damage|p1a: Manaphy|1/100
|move|p1a: Manaphy|Take Heart|p1a: Manaphy
|-boost|p1a: Manaphy|spa|1
|-boost|p1a: Manaphy|spd|1
|
|-heal|p1a: Manaphy|8/100|[from] item: Leftovers
|upkeep
|turn|29
|-message|Southside Mike forfeited.
|
|win|inmajik
|raw|Southside Mike's rating: 1564 &rarr; <strong>1541</strong><br />(-23 for losing)
|raw|inmajik's rating: 1505 &rarr; <strong>1528</strong><br />(+23 for winning)
|l|☆Southside Mike
|player|p1|
|l|☆inmajik
|player|p2|
|l| Lario
|l| amefurikoneko
|j| Lario
|l| Lario
