|j|☆Yajityyy
|j|☆smurtgurt
|t:|1758256686
|gametype|singles
|player|p1|Yajityyy|burglar|1346
|player|p2|smurtgurt|unknown|1372
|gen|9
|tier|[Gen 9] OU
|rated|
|rule|HP Percentage Mod: HP is shown in percentages
|rule|Endless Battle Clause: Forcing endless battles is banned
|rule|Species Clause: Limit one of each Pokémon
|rule|OHKO Clause: OHKO moves are banned
|rule|Evasion Items Clause: Evasion items are banned
|rule|Evasion Moves Clause: Evasion moves are banned
|rule|Evasion Abilities Clause: Evasion abilities are banned
|rule|Sleep Moves Clause: Sleep-inducing moves are banned
|clearpoke
|poke|p1|Araquanid, F|
|poke|p1|Manaphy|
|poke|p1|Gholdengo|
|poke|p1|Great Tusk|
|poke|p1|Weavile, M|
|poke|p1|Ogerpon-Wellspring, F|
|poke|p2|Tyranitar, M|
|poke|p2|Scyther, F|
|poke|p2|Diancie|
|poke|p2|Clodsire, M|
|poke|p2|Garganacl, M|
|poke|p2|Glimmora, F|
|teampreview
|inactive|Battle timer is ON: inactive players will automatically lose when time's up. (requested by Yajityyy)
|
|t:|1758256706
|teamsize|p1|6
|teamsize|p2|6
|start
|switch|p1a: Araquanid|Araquanid, F|100/100
|switch|p2a: Scyther|Scyther, F|100/100
|turn|1
|
|t:|1758256715
|move|p2a: Scyther|Swords Dance|p2a: Scyther
|-boost|p2a: Scyther|atk|2
|move|p1a: Araquanid|Sticky Web|p2a: Scyther
|-sidestart|p2: smurtgurt|move: Sticky Web
|
|upkeep
|turn|2
|
|t:|1758256722
|move|p1a: Araquanid|Endure|p1a: Araquanid
|-singleturn|p1a: Araquanid|move: Endure
|move|p2a: Scyther|Dual Wingbeat|p1a: Araquanid
|-supereffective|p1a: Araquanid
|-activate|p1a: Araquanid|move: Endure
|-damage|p1a: Araquanid|1/100
|-supereffective|p1a: Araquanid
|-activate|p1a: Araquanid|move: Endure
|-damage|p1a: Araquanid|1/100
|-hitcount|p1a: Araquanid|2
|
|upkeep
|turn|3
|-enditem|p1a: Araquanid|Custap Berry|[eat]
|-activate|p1a: Araquanid|item: Custap Berry|[consumed]
|
|t:|1758256732
|move|p1a: Araquanid|Endeavor|p2a: Scyther
|-damage|p2a: Scyther|1/100
|move|p2a: Scyther|Dual Wingbeat|p1a: Araquanid
|-supereffective|p1a: Araquanid
|-damage|p1a: Araquanid|0 fnt
|faint|p1a: Araquanid
|-hitcount|p1: Araquanid|1
|
|upkeep
|
|t:|1758256742
|switch|p1a: Weavile|Weavile, M|100/100
|turn|4
|
|t:|1758256752
|switch|p2a: Clodsire|Clodsire, M|100/100
|-activate|p2a: Clodsire|move: Sticky Web
|-unboost|p2a: Clodsire|spe|1
|move|p1a: Weavile|Ice Shard|p2a: Clodsire
|-supereffective|p2a: Clodsire
|-damage|p2a: Clodsire|59/100
|
|-heal|p2a: Clodsire|65/100|[from] item: Leftovers
|upkeep
|turn|5
|
|t:|1758256761
|switch|p1a: Gholdengo|Gholdengo|100/100
|-item|p1a: Gholdengo|Air Balloon
|-terastallize|p2a: Clodsire|Water
|move|p2a: Clodsire|Toxic|p1a: Gholdengo
|-immune|p1a: Gholdengo|[from] ability: Good as Gold
|
|-heal|p2a: Clodsire|71/100|[from] item: Leftovers
|upkeep
|turn|6
|
|t:|1758256770
|move|p1a: Gholdengo|Nasty Plot|p1a: Gholdengo
|-boost|p1a: Gholdengo|spa|2
|move|p2a: Clodsire|Recover|p2a: Clodsire
|-heal|p2a: Clodsire|100/100
|
|upkeep
|turn|7
|
|t:|1758256784
|switch|p2a: Scyther|Scyther, F|1/100
|move|p1a: Gholdengo|Nasty Plot|p1a: Gholdengo
|-boost|p1a: Gholdengo|spa|2
|
|upkeep
|turn|8
|
|t:|1758256791
|move|p1a: Gholdengo|Shadow Ball|p2a: Scyther
|-damage|p2a: Scyther|0 fnt
|faint|p2a: Scyther
|
|upkeep
|
|t:|1758256794
|switch|p2a: Tyranitar|Tyranitar, M|100/100
|-activate|p2a: Tyranitar|move: Sticky Web
|-unboost|p2a: Tyranitar|spe|1
|-weather|Sandstorm|[from] ability: Sand Stream|[of] p2a: Tyranitar
|turn|9
|
|t:|1758256802
|move|p1a: Gholdengo|Make It Rain|p2a: Tyranitar
|-supereffective|p2a: Tyranitar
|-damage|p2a: Tyranitar|0 fnt
|-unboost|p1a: Gholdengo|spa|1
|faint|p2a: Tyranitar
|
|-weather|Sandstorm|[upkeep]
|upkeep
|
|t:|1758256806
|switch|p2a: Garganacl|Garganacl, M|100/100
|-activate|p2a: Garganacl|move: Sticky Web
|-unboost|p2a: Garganacl|spe|1
|turn|10
|
|t:|1758256815
|move|p1a: Gholdengo|Make It Rain|p2a: Garganacl
|-supereffective|p2a: Garganacl
|-damage|p2a: Garganacl|0 fnt
|-unboost|p1a: Gholdengo|spa|1
|faint|p2a: Garganacl
|
|-weather|Sandstorm|[upkeep]
|upkeep
|-message|smurtgurt forfeited.
|
|win|Yajityyy
|raw|Yajityyy's rating: 1346 &rarr; <strong>1367</strong><br />(+21 for winning)
|raw|smurtgurt's rating: 1372 &rarr; <strong>1351</strong><br />(-21 for losing)
|l|☆smurtgurt
|player|p2|
|l|☆Yajityyy
|player|p1|
