|j|☆Gen10OUStinks
|j|☆SuperlarryKOG
|t:|1758338412
|gametype|singles
|player|p1|Gen10OUStinks|hugh|1125
|player|p2|SuperlarryKOG|265|1081
|gen|9
|tier|[Gen 9] OU
|rated|
|rule|HP Percentage Mod: HP is shown in percentages
|rule|Endless Battle Clause: Forcing endless battles is banned
|rule|Species Clause: Limit one of each Pokémon
|rule|OHKO Clause: OHKO moves are banned
|rule|Evasion Items Clause: Evasion items are banned
|rule|Evasion Moves Clause: Evasion moves are banned
|rule|Evasion Abilities Clause: Evasion abilities are banned
|rule|Sleep Moves Clause: Sleep-inducing moves are banned
|clearpoke
|poke|p1|Enamorus, F|
|poke|p1|Great Tusk|
|poke|p1|Iron Crown|
|poke|p1|Lokix, M|
|poke|p1|Alomomola, M|
|poke|p1|Pecharunt|
|poke|p2|Dragapult, M|
|poke|p2|Dragonite, F|
|poke|p2|Ting-Lu|
|poke|p2|Weezing-Galar, F|
|poke|p2|Iron Crown|
|poke|p2|Zapdos|
|teampreview
|
|t:|1758338424
|teamsize|p1|6
|teamsize|p2|6
|start
|switch|p1a: Lokix|Lokix, M, shiny|100/100
|switch|p2a: Weezing|Weezing-Galar, F|100/100
|-ability|p2a: Weezing|Neutralizing Gas
|turn|1
|
|t:|1758338431
|move|p1a: Lokix|U-turn|p2a: Weezing
|-resisted|p2a: Weezing
|-damage|p2a: Weezing|92/100
|
|t:|1758338441
|switch|p1a: Alomomola|Alomomola, M, shiny|100/100|[from] U-turn
|move|p2a: Weezing|Toxic Spikes|p1a: Alomomola
|-sidestart|p1: Gen10OUStinks|move: Toxic Spikes
|
|upkeep
|turn|2
|
|t:|1758338448
|move|p2a: Weezing|Will-O-Wisp|p1a: Alomomola|[miss]
|-miss|p2a: Weezing|p1a: Alomomola
|move|p1a: Alomomola|Scald|p2a: Weezing
|-damage|p2a: Weezing|74/100
|
|upkeep
|turn|3
|
|t:|1758338450
|move|p2a: Weezing|Will-O-Wisp|p1a: Alomomola
|-status|p1a: Alomomola|brn
|move|p1a: Alomomola|Scald|p2a: Weezing
|-damage|p2a: Weezing|54/100
|-status|p2a: Weezing|brn
|
|-damage|p2a: Weezing|48/100 brn|[from] brn
|-damage|p1a: Alomomola|94/100 brn|[from] brn
|upkeep
|turn|4
|
|t:|1758338456
|move|p2a: Weezing|Toxic Spikes|p1a: Alomomola
|-sidestart|p1: Gen10OUStinks|move: Toxic Spikes
|move|p1a: Alomomola|Scald|p2a: Weezing
|-damage|p2a: Weezing|28/100 brn
|
|-damage|p2a: Weezing|22/100 brn|[from] brn
|-damage|p1a: Alomomola|88/100 brn|[from] brn
|upkeep
|turn|5
|
|t:|1758338463
|move|p2a: Weezing|Pain Split|p1a: Alomomola
|-sethp|p1a: Alomomola|52/100 brn|[from] move: Pain Split|[silent]
|-sethp|p2a: Weezing|73/100 brn|[from] move: Pain Split
|move|p1a: Alomomola|Scald|p2a: Weezing
|-damage|p2a: Weezing|55/100 brn
|
|-damage|p2a: Weezing|49/100 brn|[from] brn
|-damage|p1a: Alomomola|46/100 brn|[from] brn
|upkeep
|turn|6
|
|t:|1758338476
|-end|p2a: Weezing|ability: Neutralizing Gas
|switch|p2a: Zapdos|Zapdos|100/100
|move|p1a: Alomomola|Scald|p2a: Zapdos
|-damage|p2a: Zapdos|86/100
|
|-damage|p1a: Alomomola|40/100 brn|[from] brn
|upkeep
|turn|7
|
|t:|1758338481
|move|p2a: Zapdos|Volt Switch|p1a: Alomomola
|-supereffective|p1a: Alomomola
|-damage|p1a: Alomomola|1/100 brn
|
|t:|1758338486
|switch|p2a: Dragonite|Dragonite, F|100/100|[from] Volt Switch
|move|p1a: Alomomola|Mirror Coat|p2a: Dragonite
|-damage|p2a: Dragonite|0 fnt
|faint|p2a: Dragonite
|
|-damage|p1a: Alomomola|0 fnt|[from] brn
|faint|p1a: Alomomola
|upkeep
|
|t:|1758338499
|switch|p2a: Zapdos|Zapdos|86/100
|switch|p1a: Pecharunt|Pecharunt|100/100
|-item|p1a: Pecharunt|Air Balloon
|turn|8
|
|t:|1758338519
|move|p2a: Zapdos|Hurricane|p1a: Pecharunt
|-damage|p1a: Pecharunt|47/100
|-start|p1a: Pecharunt|confusion
|-enditem|p1a: Pecharunt|Air Balloon
|-activate|p1a: Pecharunt|confusion
|move|p1a: Pecharunt|Malignant Chain|p2a: Zapdos
|-damage|p2a: Zapdos|50/100
|-status|p2a: Zapdos|tox
|-start|p2a: Zapdos|confusion|[from] ability: Poison Puppeteer|[of] p1a: Pecharunt
|
|-damage|p2a: Zapdos|44/100 tox|[from] psn
|upkeep
|turn|9
|
|t:|1758338535
|-activate|p2a: Zapdos|confusion
|-damage|p2a: Zapdos|36/100 tox|[from] confusion
|-activate|p1a: Pecharunt|confusion
|-damage|p1a: Pecharunt|44/100|[from] confusion
|
|-damage|p2a: Zapdos|24/100 tox|[from] psn
|upkeep
|turn|10
|
|t:|1758338544
|switch|p2a: Iron Crown|Iron Crown|100/100
|-activate|p1a: Pecharunt|confusion
|-damage|p1a: Pecharunt|41/100|[from] confusion
|
|upkeep
|turn|11
|
|t:|1758338547
|move|p2a: Iron Crown|Tachyon Cutter|p1a: Pecharunt
|-damage|p1a: Pecharunt|7/100
|-damage|p1a: Pecharunt|0 fnt
|faint|p1a: Pecharunt
|-hitcount|p1: Pecharunt|2
|
|upkeep
|
|t:|1758338554
|switch|p1a: Great Tusk|Great Tusk, shiny|100/100
|-status|p1a: Great Tusk|tox
|-enditem|p1a: Great Tusk|Booster Energy
|-activate|p1a: Great Tusk|ability: Protosynthesis|[fromitem]
|-start|p1a: Great Tusk|protosynthesisatk
|turn|12
|
|t:|1758338562
|-end|p2a: Iron Crown|Quark Drive|[silent]
|switch|p2a: Ting-Lu|Ting-Lu|100/100
|-ability|p2a: Ting-Lu|Vessel of Ruin
|move|p1a: Great Tusk|Rapid Spin|p2a: Ting-Lu
|-damage|p2a: Ting-Lu|88/100
|-boost|p1a: Great Tusk|spe|1
|-sideend|p1: Gen10OUStinks|Toxic Spikes|[from] move: Rapid Spin|[of] p1a: Great Tusk
|
|-heal|p2a: Ting-Lu|94/100|[from] item: Leftovers
|-damage|p1a: Great Tusk|94/100 tox|[from] psn
|upkeep
|turn|13
|
|t:|1758338570
|move|p1a: Great Tusk|Brick Break|p2a: Ting-Lu
|-supereffective|p2a: Ting-Lu
|-damage|p2a: Ting-Lu|40/100
|move|p2a: Ting-Lu|Whirlwind|p1a: Great Tusk
|-end|p1a: Great Tusk|Protosynthesis|[silent]
|drag|p1a: Enamorus|Enamorus, F, shiny|100/100
|
|-heal|p2a: Ting-Lu|46/100|[from] item: Leftovers
|upkeep
|turn|14
|
|t:|1758338582
|switch|p2a: Iron Crown|Iron Crown|100/100
|move|p1a: Enamorus|Moonblast|p2a: Iron Crown
|-resisted|p2a: Iron Crown
|-damage|p2a: Iron Crown|76/100
|-unboost|p2a: Iron Crown|spa|1
|
|upkeep
|turn|15
|j| lelrekt123
|
|t:|1758338643
|switch|p1a: Great Tusk|Great Tusk, shiny|94/100 tox
|move|p2a: Iron Crown|Tachyon Cutter|p1a: Great Tusk
|-damage|p1a: Great Tusk|53/100 tox
|-damage|p1a: Great Tusk|15/100 tox
|-hitcount|p1a: Great Tusk|2
|
|-damage|p1a: Great Tusk|9/100 tox|[from] psn
|upkeep
|turn|16
|
|t:|1758338652
|move|p2a: Iron Crown|Tachyon Cutter|p1a: Great Tusk
|-damage|p1a: Great Tusk|0 fnt
|faint|p1a: Great Tusk
|-end|p1a: Great Tusk|Protosynthesis|[silent]
|-hitcount|p1: Great Tusk|1
|
|upkeep
|c|☆SuperlarryKOG|me personally i would not take this beating
|
|t:|1758338674
|switch|p1a: Lokix|Lokix, M, shiny|100/100
|turn|17
|c|☆SuperlarryKOG|but then again you are indeed a loser so i do not ecpect that you will do anything
|c|☆Gen10OUStinks|chew glass loser
|c|☆SuperlarryKOG|lose weight fat boy
|c|☆SuperlarryKOG|i bet you run slow lol
|c|☆Gen10OUStinks|true
|inactive|Battle timer is ON: inactive players will automatically lose when time's up. (requested by Gen10OUStinks)
|
|t:|1758338810
|-end|p2a: Iron Crown|Quark Drive|[silent]
|switch|p2a: Dragapult|Dragapult, M|100/100
|-terastallize|p1a: Lokix|Bug
|move|p1a: Lokix|First Impression|p2a: Dragapult
|-resisted|p2a: Dragapult
|-damage|p2a: Dragapult|0 fnt
|faint|p2a: Dragapult
|
|upkeep
|c|☆SuperlarryKOG|damn
|c|☆SuperlarryKOG|chill zaddy
|inactive|SuperlarryKOG has 120 seconds left.
|
|t:|1758338847
|switch|p2a: Zapdos|Zapdos|24/100 tox
|turn|18
|
|t:|1758338871
|switch|p1a: Iron Crown|Iron Crown|100/100
|move|p2a: Zapdos|Heat Wave|p1a: Iron Crown
|-supereffective|p1a: Iron Crown
|-damage|p1a: Iron Crown|41/100
|
|-damage|p2a: Zapdos|18/100 tox|[from] psn
|upkeep
|turn|19
|
|t:|1758338882
|move|p1a: Iron Crown|Tachyon Cutter|p2a: Zapdos
|-resisted|p2a: Zapdos
|-damage|p2a: Zapdos|0 fnt
|faint|p2a: Zapdos
|-hitcount|p2: Zapdos|1
|
|upkeep
|
|t:|1758338887
|switch|p2a: Ting-Lu|Ting-Lu|46/100
|-ability|p2a: Ting-Lu|Vessel of Ruin
|turn|20
|inactive|Gen10OUStinks has 120 seconds left.
|
|t:|1758338920
|move|p1a: Iron Crown|Tachyon Cutter|p2a: Ting-Lu
|-damage|p2a: Ting-Lu|31/100
|-damage|p2a: Ting-Lu|14/100
|-hitcount|p2a: Ting-Lu|2
|move|p2a: Ting-Lu|Ruination|p1a: Iron Crown
|-damage|p1a: Iron Crown|21/100
|
|-heal|p2a: Ting-Lu|20/100|[from] item: Leftovers
|upkeep
|turn|21
|
|t:|1758338938
|move|p1a: Iron Crown|Tachyon Cutter|p2a: Ting-Lu
|-damage|p2a: Ting-Lu|6/100
|-damage|p2a: Ting-Lu|0 fnt
|faint|p2a: Ting-Lu
|-hitcount|p2: Ting-Lu|2
|
|upkeep
|
|t:|1758338943
|switch|p2a: Weezing|Weezing-Galar, F|49/100 brn
|-ability|p2a: Weezing|Neutralizing Gas
|turn|22
|
|t:|1758338955
|-terastallize|p2a: Weezing|Ghost
|move|p1a: Iron Crown|Tachyon Cutter|p2a: Weezing
|-damage|p2a: Weezing|0 fnt
|faint|p2a: Weezing
|-end|p2a: Weezing|ability: Neutralizing Gas
|-hitcount|p2: Weezing|1
|
|upkeep
|
|t:|1758338959
|switch|p2a: Iron Crown|Iron Crown|76/100
|turn|23
|c|☆Gen10OUStinks|ur a geed bro
|inactive|SuperlarryKOG has 120 seconds left.
|
|t:|1758338991
|move|p1a: Iron Crown|Tachyon Cutter|p2a: Iron Crown
|-resisted|p2a: Iron Crown
|-damage|p2a: Iron Crown|56/100
|-resisted|p2a: Iron Crown
|-damage|p2a: Iron Crown|35/100
|-hitcount|p2a: Iron Crown|2
|move|p2a: Iron Crown|Tachyon Cutter|p1a: Iron Crown
|-resisted|p1a: Iron Crown
|-damage|p1a: Iron Crown|1/100
|-resisted|p1a: Iron Crown
|-damage|p1a: Iron Crown|0 fnt
|faint|p1a: Iron Crown
|-end|p1a: Iron Crown|Quark Drive|[silent]
|-hitcount|p1: Iron Crown|2
|
|upkeep
|
|t:|1758339006
|switch|p1a: Lokix|Lokix, M, shiny, tera:Bug|100/100
|turn|24
|
|t:|1758339010
|move|p1a: Lokix|First Impression|p2a: Iron Crown
|-damage|p2a: Iron Crown|0 fnt
|faint|p2a: Iron Crown
|-end|p2a: Iron Crown|Quark Drive|[silent]
|
|win|Gen10OUStinks
|raw|Gen10OUStinks's rating: 1125 &rarr; <strong>1147</strong><br />(+22 for winning)
|raw|SuperlarryKOG's rating: 1081 &rarr; <strong>1062</strong><br />(-19 for losing)
|c|☆Gen10OUStinks|kick rocks loser
|c|☆Gen10OUStinks|'LMAO
|c|☆SuperlarryKOG|nah imma eat them
