|j|☆Skyluxneon
|j|☆zuzusenpai
|t:|1758273220
|gametype|singles
|player|p1|Skyluxneon|101|1255
|player|p2|zuzusenpai|101|1218
|gen|9
|tier|[Gen 9] OU
|rated|
|rule|HP Percentage Mod: HP is shown in percentages
|rule|Endless Battle Clause: Forcing endless battles is banned
|rule|Species Clause: Limit one of each Pokémon
|rule|OHKO Clause: OHKO moves are banned
|rule|Evasion Items Clause: Evasion items are banned
|rule|Evasion Moves Clause: Evasion moves are banned
|rule|Evasion Abilities Clause: Evasion abilities are banned
|rule|Sleep Moves Clause: Sleep-inducing moves are banned
|clearpoke
|poke|p1|Chesnaught, M|
|poke|p1|Porygon-Z|
|poke|p1|Slowbro, F|
|poke|p1|Lycanroc-Dusk, M|
|poke|p1|Sylveon, M|
|poke|p1|Mandibuzz, F|
|poke|p2|Clefable, M|
|poke|p2|Serperior, F|
|poke|p2|Jolteon, F|
|poke|p2|Salamence, M|
|poke|p2|Garganacl, M|
|poke|p2|Dragonite, F|
|teampreview
|
|t:|1758273229
|teamsize|p1|6
|teamsize|p2|6
|start
|switch|p1a: Porygon-Z|Porygon-Z|100/100
|switch|p2a: Garganacl|Garganacl, M|100/100
|turn|1
|
|t:|1758273236
|-terastallize|p1a: Porygon-Z|Normal
|-terastallize|p2a: Garganacl|Ghost
|move|p1a: Porygon-Z|Hyper Beam|p2a: Garganacl
|-immune|p2a: Garganacl
|move|p2a: Garganacl|Salt Cure|p1a: Porygon-Z
|-damage|p1a: Porygon-Z|79/100
|-start|p1a: Porygon-Z|Salt Cure
|
|-damage|p1a: Porygon-Z|67/100|[from] Salt Cure
|upkeep
|turn|2
|
|t:|1758273246
|switch|p1a: Mandibuzz|Mandibuzz, F|100/100
|move|p2a: Garganacl|Stealth Rock|p1a: Mandibuzz
|-sidestart|p1: Skyluxneon|move: Stealth Rock
|
|upkeep
|turn|3
|
|t:|1758273251
|move|p1a: Mandibuzz|Foul Play|p2a: Garganacl
|-supereffective|p2a: Garganacl
|-damage|p2a: Garganacl|69/100
|move|p2a: Garganacl|Salt Cure|p1a: Mandibuzz
|-supereffective|p1a: Mandibuzz
|-damage|p1a: Mandibuzz|82/100
|-start|p1a: Mandibuzz|Salt Cure
|
|-heal|p2a: Garganacl|75/100|[from] item: Leftovers
|-damage|p1a: Mandibuzz|70/100|[from] Salt Cure
|upkeep
|turn|4
|
|t:|1758273256
|move|p1a: Mandibuzz|Defog|p2a: Garganacl
|-unboost|p2a: Garganacl|evasion|1
|-sideend|p1: Skyluxneon|Stealth Rock|[from] move: Defog|[of] p1a: Mandibuzz
|move|p2a: Garganacl|Recover|p2a: Garganacl
|-heal|p2a: Garganacl|100/100
|
|-damage|p1a: Mandibuzz|57/100|[from] Salt Cure
|upkeep
|turn|5
|
|t:|1758273263
|switch|p1a: Sylveon|Sylveon, M|100/100
|move|p2a: Garganacl|Stealth Rock|p1a: Sylveon
|-sidestart|p1: Skyluxneon|move: Stealth Rock
|
|upkeep
|turn|6
|
|t:|1758273267
|move|p1a: Sylveon|Hyper Voice|p2a: Garganacl
|-damage|p2a: Garganacl|50/100
|move|p2a: Garganacl|Salt Cure|p1a: Sylveon
|-damage|p1a: Sylveon|81/100
|-start|p1a: Sylveon|Salt Cure
|
|-heal|p2a: Garganacl|56/100|[from] item: Leftovers
|-damage|p1a: Sylveon|69/100|[from] Salt Cure
|upkeep
|turn|7
|
|t:|1758273271
|move|p1a: Sylveon|Hyper Voice|p2a: Garganacl
|-damage|p2a: Garganacl|3/100
|move|p2a: Garganacl|Recover|p2a: Garganacl
|-heal|p2a: Garganacl|53/100
|
|-heal|p2a: Garganacl|60/100|[from] item: Leftovers
|-damage|p1a: Sylveon|57/100|[from] Salt Cure
|upkeep
|turn|8
|
|t:|1758273274
|move|p2a: Garganacl|Protect|p2a: Garganacl
|-singleturn|p2a: Garganacl|Protect
|move|p1a: Sylveon|Hyper Voice|p2a: Garganacl
|-activate|p2a: Garganacl|move: Protect
|
|-heal|p2a: Garganacl|66/100|[from] item: Leftovers
|-damage|p1a: Sylveon|44/100|[from] Salt Cure
|upkeep
|turn|9
|
|t:|1758273280
|switch|p1a: Slowbro|Slowbro, F|100/100
|-damage|p1a: Slowbro|88/100|[from] Stealth Rock
|move|p2a: Garganacl|Recover|p2a: Garganacl
|-heal|p2a: Garganacl|100/100
|
|upkeep
|turn|10
|
|t:|1758273283
|move|p2a: Garganacl|Salt Cure|p1a: Slowbro
|-damage|p1a: Slowbro|77/100
|-start|p1a: Slowbro|Salt Cure
|move|p1a: Slowbro|Future Sight|p2a: Garganacl
|-start|p1a: Slowbro|move: Future Sight
|
|-damage|p1a: Slowbro|52/100|[from] Salt Cure
|upkeep
|turn|11
|
|t:|1758273288
|switch|p1a: Sylveon|Sylveon, M|44/100
|-damage|p1a: Sylveon|32/100|[from] Stealth Rock
|move|p2a: Garganacl|Protect||[still]
|-fail|p2a: Garganacl
|
|upkeep
|turn|12
|
|t:|1758273291
|move|p1a: Sylveon|Hyper Voice|p2a: Garganacl
|-damage|p2a: Garganacl|53/100
|move|p2a: Garganacl|Stealth Rock||[still]
|-fail|p2a: Garganacl
|
|-end|p2a: Garganacl|move: Future Sight
|-damage|p2a: Garganacl|0 fnt
|faint|p2a: Garganacl
|upkeep
|
|t:|1758273296
|switch|p2a: Salamence|Salamence, M|100/100
|turn|13
|
|t:|1758273299
|move|p2a: Salamence|Iron Head|p1a: Sylveon
|-supereffective|p1a: Sylveon
|-damage|p1a: Sylveon|0 fnt
|faint|p1a: Sylveon
|-ability|p2a: Salamence|Moxie|boost
|-boost|p2a: Salamence|atk|1
|
|upkeep
|
|t:|1758273304
|switch|p1a: Chesnaught|Chesnaught, M, shiny|100/100
|-damage|p1a: Chesnaught|94/100|[from] Stealth Rock
|turn|14
|
|t:|1758273306
|move|p1a: Chesnaught|Spiky Shield|p1a: Chesnaught
|-singleturn|p1a: Chesnaught|move: Protect
|move|p2a: Salamence|Iron Head|p1a: Chesnaught
|-activate|p1a: Chesnaught|move: Protect
|-damage|p2a: Salamence|88/100|[from] Spiky Shield|[of] p1a: Chesnaught
|
|upkeep
|turn|15
|
|t:|1758273312
|move|p2a: Salamence|Iron Head|p1a: Chesnaught
|-damage|p1a: Chesnaught|67/100
|-damage|p2a: Salamence|72/100|[from] item: Rocky Helmet|[of] p1a: Chesnaught
|cant|p1a: Chesnaught|flinch
|
|upkeep
|turn|16
|
|t:|1758273321
|switch|p2a: Clefable|Clefable, M|100/100
|move|p1a: Chesnaught|Rock Slide|p2a: Clefable
|-damage|p2a: Clefable|81/100
|
|-heal|p2a: Clefable|87/100|[from] item: Leftovers
|upkeep
|turn|17
|
|t:|1758273338
|switch|p1a: Porygon-Z|Porygon-Z, tera:Normal|67/100
|-damage|p1a: Porygon-Z|54/100|[from] Stealth Rock
|move|p2a: Clefable|Draining Kiss|p1a: Porygon-Z
|-damage|p1a: Porygon-Z|32/100
|-heal|p2a: Clefable|100/100|[from] drain|[of] p1a: Porygon-Z
|
|upkeep
|turn|18
|
|t:|1758273346
|move|p1a: Porygon-Z|Tri Attack|p2a: Clefable
|-damage|p2a: Clefable|55/100
|move|p2a: Clefable|Draining Kiss|p1a: Porygon-Z
|-damage|p1a: Porygon-Z|7/100
|-heal|p2a: Clefable|70/100|[from] drain|[of] p1a: Porygon-Z
|
|-heal|p2a: Clefable|76/100|[from] item: Leftovers
|upkeep
|turn|19
|
|t:|1758273352
|move|p1a: Porygon-Z|Tri Attack|p2a: Clefable
|-damage|p2a: Clefable|31/100
|move|p2a: Clefable|Wish|p2a: Clefable
|
|-heal|p2a: Clefable|38/100|[from] item: Leftovers
|upkeep
|turn|20
|
|t:|1758273356
|move|p1a: Porygon-Z|Tri Attack|p2a: Clefable
|-damage|p2a: Clefable|0 fnt
|faint|p2a: Clefable
|
|upkeep
|
|t:|1758273360
|switch|p2a: Salamence|Salamence, M|72/100
|turn|21
|
|t:|1758273366
|move|p2a: Salamence|Outrage|p1a: Porygon-Z
|-damage|p1a: Porygon-Z|0 fnt
|faint|p1a: Porygon-Z
|-ability|p2a: Salamence|Moxie|boost
|-boost|p2a: Salamence|atk|1
|
|upkeep
|
|t:|1758273373
|switch|p1a: Chesnaught|Chesnaught, M, shiny|67/100
|-damage|p1a: Chesnaught|61/100|[from] Stealth Rock
|turn|22
|
|t:|1758273375
|move|p1a: Chesnaught|Spiky Shield|p1a: Chesnaught
|-singleturn|p1a: Chesnaught|move: Protect
|move|p2a: Salamence|Outrage|p1a: Chesnaught|[from] lockedmove
|-activate|p1a: Chesnaught|move: Protect
|-damage|p2a: Salamence|59/100|[from] Spiky Shield|[of] p1a: Chesnaught
|
|upkeep
|turn|23
|
|t:|1758273383
|move|p2a: Salamence|Outrage|p1a: Chesnaught
|-damage|p1a: Chesnaught|0 fnt
|-damage|p2a: Salamence|43/100|[from] item: Rocky Helmet|[of] p1a: Chesnaught
|faint|p1a: Chesnaught
|-ability|p2a: Salamence|Moxie|boost
|-boost|p2a: Salamence|atk|1
|
|upkeep
|
|t:|1758273387
|switch|p1a: Lycanroc|Lycanroc-Dusk, M|100/100
|-damage|p1a: Lycanroc|88/100|[from] Stealth Rock
|turn|24
|
|t:|1758273389
|move|p1a: Lycanroc|Accelerock|p2a: Salamence
|-supereffective|p2a: Salamence
|-damage|p2a: Salamence|0 fnt
|faint|p2a: Salamence
|
|upkeep
|
|t:|1758273393
|switch|p2a: Jolteon|Jolteon, F|100/100
|turn|25
|
|t:|1758273396
|move|p2a: Jolteon|Protect|p2a: Jolteon
|-singleturn|p2a: Jolteon|Protect
|move|p1a: Lycanroc|Accelerock|p2a: Jolteon
|-activate|p2a: Jolteon|move: Protect
|
|-status|p2a: Jolteon|brn|[from] item: Flame Orb
|upkeep
|turn|26
|
|t:|1758273399
|move|p1a: Lycanroc|Accelerock|p2a: Jolteon
|-damage|p2a: Jolteon|31/100 brn
|move|p2a: Jolteon|Shadow Ball|p1a: Lycanroc
|-damage|p1a: Lycanroc|40/100
|
|-damage|p2a: Jolteon|25/100 brn|[from] brn
|upkeep
|turn|27
|
|t:|1758273406
|move|p1a: Lycanroc|Accelerock|p2a: Jolteon
|-damage|p2a: Jolteon|0 fnt
|faint|p2a: Jolteon
|
|upkeep
|
|t:|1758273409
|switch|p2a: Dragonite|Dragonite, F|100/100
|turn|28
|
|t:|1758273412
|move|p2a: Dragonite|Extreme Speed|p1a: Lycanroc
|-resisted|p1a: Lycanroc
|-damage|p1a: Lycanroc|14/100
|move|p1a: Lycanroc|Accelerock|p2a: Dragonite
|-supereffective|p2a: Dragonite
|-damage|p2a: Dragonite|63/100
|
|-heal|p2a: Dragonite|69/100|[from] item: Leftovers
|upkeep
|turn|29
|
|t:|1758273418
|move|p2a: Dragonite|Extreme Speed|p1a: Lycanroc
|-resisted|p1a: Lycanroc
|-damage|p1a: Lycanroc|0 fnt
|faint|p1a: Lycanroc
|
|-heal|p2a: Dragonite|75/100|[from] item: Leftovers
|upkeep
|
|t:|1758273420
|switch|p1a: Slowbro|Slowbro, F|85/100
|-damage|p1a: Slowbro|73/100|[from] Stealth Rock
|turn|30
|
|t:|1758273428
|move|p2a: Dragonite|Roost|p2a: Dragonite
|-heal|p2a: Dragonite|100/100
|-singleturn|p2a: Dragonite|move: Roost
|move|p1a: Slowbro|Future Sight|p2a: Dragonite
|-start|p1a: Slowbro|move: Future Sight
|
|upkeep
|turn|31
|
|t:|1758273433
|move|p2a: Dragonite|Earthquake|p1a: Slowbro
|-damage|p1a: Slowbro|41/100
|move|p1a: Slowbro|Psyshock|p2a: Dragonite
|-damage|p2a: Dragonite|77/100
|-damage|p1a: Slowbro|31/100|[from] item: Life Orb
|
|-heal|p2a: Dragonite|83/100|[from] item: Leftovers
|upkeep
|turn|32
|
|t:|1758273446
|move|p2a: Dragonite|Dragon Dance|p2a: Dragonite
|-boost|p2a: Dragonite|atk|1
|-boost|p2a: Dragonite|spe|1
|move|p1a: Slowbro|Psyshock|p2a: Dragonite
|-damage|p2a: Dragonite|39/100
|-damage|p1a: Slowbro|21/100|[from] item: Life Orb
|
|-end|p2a: Dragonite|move: Future Sight
|-damage|p2a: Dragonite|0 fnt
|faint|p2a: Dragonite
|-damage|p1a: Slowbro|11/100|[from] item: Life Orb
|upkeep
|
|t:|1758273451
|switch|p2a: Serperior|Serperior, F|100/100
|turn|33
|
|t:|1758273463
|move|p2a: Serperior|Leaf Storm|p1a: Slowbro
|-supereffective|p1a: Slowbro
|-damage|p1a: Slowbro|0 fnt
|-boost|p2a: Serperior|spa|2
|faint|p1a: Slowbro
|
|upkeep
|
|t:|1758273464
|switch|p1a: Mandibuzz|Mandibuzz, F|57/100
|turn|34
|
|t:|1758273471
|move|p2a: Serperior|Leaf Storm|p1a: Mandibuzz
|-resisted|p1a: Mandibuzz
|-damage|p1a: Mandibuzz|32/100
|-boost|p2a: Serperior|spa|2
|move|p1a: Mandibuzz|Roost|p1a: Mandibuzz
|-heal|p1a: Mandibuzz|82/100
|-singleturn|p1a: Mandibuzz|move: Roost
|
|upkeep
|turn|35
|
|t:|1758273478
|move|p2a: Serperior|Leaf Storm|p1a: Mandibuzz
|-resisted|p1a: Mandibuzz
|-damage|p1a: Mandibuzz|46/100
|-boost|p2a: Serperior|spa|2
|move|p1a: Mandibuzz|Toxic|p2a: Serperior
|-status|p2a: Serperior|tox
|
|-damage|p2a: Serperior|94/100 tox|[from] psn
|upkeep
|turn|36
|
|t:|1758273485
|move|p2a: Serperior|Leaf Storm|p1a: Mandibuzz
|-resisted|p1a: Mandibuzz
|-damage|p1a: Mandibuzz|2/100
|move|p1a: Mandibuzz|Roost|p1a: Mandibuzz
|-heal|p1a: Mandibuzz|52/100
|-singleturn|p1a: Mandibuzz|move: Roost
|
|-heal|p2a: Serperior|100/100 tox|[from] item: Leftovers
|-damage|p2a: Serperior|88/100 tox|[from] psn
|upkeep
|turn|37
|
|t:|1758273497
|move|p2a: Serperior|Leech Seed|p1a: Mandibuzz
|-start|p1a: Mandibuzz|move: Leech Seed
|move|p1a: Mandibuzz|Roost|p1a: Mandibuzz
|-heal|p1a: Mandibuzz|100/100
|-singleturn|p1a: Mandibuzz|move: Roost
|
|-heal|p2a: Serperior|94/100 tox|[from] item: Leftovers
|-damage|p1a: Mandibuzz|88/100|[from] Leech Seed|[of] p2a: Serperior
|-heal|p2a: Serperior|100/100 tox|[silent]
|-damage|p2a: Serperior|82/100 tox|[from] psn
|upkeep
|turn|38
|
|t:|1758273504
|move|p2a: Serperior|Glare|p1a: Mandibuzz
|-status|p1a: Mandibuzz|par
|move|p1a: Mandibuzz|Roost|p1a: Mandibuzz
|-heal|p1a: Mandibuzz|100/100 par
|-singleturn|p1a: Mandibuzz|move: Roost
|
|-heal|p2a: Serperior|88/100 tox|[from] item: Leftovers
|-damage|p1a: Mandibuzz|88/100 par|[from] Leech Seed|[of] p2a: Serperior
|-heal|p2a: Serperior|100/100 tox|[silent]
|-damage|p2a: Serperior|76/100 tox|[from] psn
|upkeep
|turn|39
|
|t:|1758273509
|move|p2a: Serperior|Leaf Storm|p1a: Mandibuzz
|-resisted|p1a: Mandibuzz
|-damage|p1a: Mandibuzz|38/100 par
|cant|p1a: Mandibuzz|par
|
|-heal|p2a: Serperior|82/100 tox|[from] item: Leftovers
|-damage|p1a: Mandibuzz|25/100 par|[from] Leech Seed|[of] p2a: Serperior
|-heal|p2a: Serperior|97/100 tox|[silent]
|-damage|p2a: Serperior|66/100 tox|[from] psn
|upkeep
|turn|40
|
|t:|1758273514
|move|p2a: Serperior|Leaf Storm|p1a: Mandibuzz
|-resisted|p1a: Mandibuzz
|-damage|p1a: Mandibuzz|0 fnt
|faint|p1a: Mandibuzz
|
|win|zuzusenpai
|raw|Skyluxneon's rating: 1255 &rarr; <strong>1227</strong><br />(-28 for losing)
|raw|zuzusenpai's rating: 1218 &rarr; <strong>1246</strong><br />(+28 for winning)
|l|☆Skyluxneon
|player|p1|
|l|☆zuzusenpai
|player|p2|
