|j|☆A15694397177
|j|☆I am a chinese.
|t:|1758294496
|gametype|singles
|player|p1|A15694397177|elesa|1092
|player|p2|I am a chinese.|maid|1115
|gen|9
|tier|[Gen 9] OU
|rated|
|rule|HP Percentage Mod: HP is shown in percentages
|rule|Endless Battle Clause: Forcing endless battles is banned
|rule|Species Clause: Limit one of each Pokémon
|rule|OHKO Clause: OHKO moves are banned
|rule|Evasion Items Clause: Evasion items are banned
|rule|Evasion Moves Clause: Evasion moves are banned
|rule|Evasion Abilities Clause: Evasion abilities are banned
|rule|Sleep Moves Clause: Sleep-inducing moves are banned
|clearpoke
|poke|p1|Pelipper, F|
|poke|p1|Barraskewda, F|
|poke|p1|Zapdos|
|poke|p1|Corviknight, F|
|poke|p1|Clodsire, M|
|poke|p1|Incineroar, M|
|poke|p2|Porygon-Z|
|poke|p2|Araquanid, M|
|poke|p2|Lokix, F|
|poke|p2|Skeledirge, M|
|poke|p2|Ogerpon-Wellspring, F|
|poke|p2|Dragapult, M|
|teampreview
|inactive|Battle timer is ON: inactive players will automatically lose when time's up. (requested by A15694397177)
|
|t:|1758294523
|teamsize|p1|6
|teamsize|p2|6
|start
|switch|p1a: 昴日鸡|Zapdos, shiny|100/100
|switch|p2a: Lokix|Lokix, F|100/100
|turn|1
|
|t:|1758294545
|move|p1a: 昴日鸡|Volt Switch|p2a: Lokix
|-damage|p2a: Lokix|35/100
|
|t:|1758294548
|switch|p1a: 毕月乌|Corviknight, F, shiny|100/100|[from] Volt Switch
|move|p2a: Lokix|U-turn|p1a: 毕月乌
|-resisted|p1a: 毕月乌
|-damage|p1a: 毕月乌|91/100
|-damage|p2a: Lokix|18/100|[from] item: Rocky Helmet|[of] p1a: 毕月乌
|
|t:|1758294562
|switch|p2a: Skeledirge|Skeledirge, M|100/100|[from] U-turn
|
|upkeep
|turn|2
|
|t:|1758294567
|switch|p1a: 柳土獐|Clodsire, M|100/100
|move|p2a: Skeledirge|Will-O-Wisp|p1a: 柳土獐
|-status|p1a: 柳土獐|brn
|
|-damage|p1a: 柳土獐|94/100 brn|[from] brn
|upkeep
|turn|3
|
|t:|1758294589
|move|p2a: Skeledirge|Torch Song|p1a: 柳土獐
|-damage|p1a: 柳土獐|73/100 brn
|-boost|p2a: Skeledirge|spa|1
|move|p1a: 柳土獐|Stealth Rock|p2a: Skeledirge
|-sidestart|p2: I am a chinese.|move: Stealth Rock
|
|-heal|p1a: 柳土獐|80/100 brn|[from] item: Leftovers
|-damage|p1a: 柳土獐|73/100 brn|[from] brn
|upkeep
|turn|4
|
|t:|1758294607
|move|p2a: Skeledirge|Torch Song|p1a: 柳土獐
|-damage|p1a: 柳土獐|43/100 brn
|-boost|p2a: Skeledirge|spa|1
|move|p1a: 柳土獐|Stealth Rock||[still]
|-fail|p1a: 柳土獐
|
|-heal|p1a: 柳土獐|49/100 brn|[from] item: Leftovers
|-damage|p1a: 柳土獐|43/100 brn|[from] brn
|upkeep
|turn|5
|
|t:|1758294625
|switch|p1a: 参水猿|Pelipper, F|100/100
|-weather|RainDance|[from] ability: Drizzle|[of] p1a: 参水猿
|move|p2a: Skeledirge|Torch Song|p1a: 参水猿
|-resisted|p1a: 参水猿
|-damage|p1a: 参水猿|74/100
|-boost|p2a: Skeledirge|spa|1
|
|-weather|RainDance|[upkeep]
|upkeep
|turn|6
|
|t:|1758294637
|switch|p2a: Ogerpon|Ogerpon-Wellspring, F|100/100
|-damage|p2a: Ogerpon|88/100|[from] Stealth Rock
|move|p1a: 参水猿|U-turn|p2a: Ogerpon
|-supereffective|p2a: Ogerpon
|-damage|p2a: Ogerpon|64/100
|
|t:|1758294644
|switch|p1a: 壁水獝|Barraskewda, F|100/100|[from] U-turn
|
|-weather|RainDance|[upkeep]
|upkeep
|turn|7
|
|t:|1758294655
|switch|p2a: Skeledirge|Skeledirge, M|100/100
|move|p1a: 壁水獝|Close Combat|p2a: Skeledirge
|-immune|p2a: Skeledirge
|
|-weather|RainDance|[upkeep]
|upkeep
|turn|8
|
|t:|1758294667
|switch|p1a: 参水猿|Pelipper, F|74/100
|move|p2a: Skeledirge|Will-O-Wisp|p1a: 参水猿|[miss]
|-miss|p2a: Skeledirge|p1a: 参水猿
|
|-weather|RainDance|[upkeep]
|upkeep
|turn|9
|
|t:|1758294676
|move|p2a: Skeledirge|Will-O-Wisp|p1a: 参水猿
|-status|p1a: 参水猿|brn
|move|p1a: 参水猿|U-turn|p2a: Skeledirge
|-resisted|p2a: Skeledirge
|-damage|p2a: Skeledirge|99/100
|
|t:|1758294678
|switch|p1a: 壁水獝|Barraskewda, F|100/100|[from] U-turn
|
|-weather|RainDance|[upkeep]
|upkeep
|turn|10
|
|t:|1758294688
|move|p1a: 壁水獝|Close Combat|p2a: Skeledirge
|-immune|p2a: Skeledirge
|move|p2a: Skeledirge|Will-O-Wisp|p1a: 壁水獝|[miss]
|-miss|p2a: Skeledirge|p1a: 壁水獝
|
|-weather|RainDance|[upkeep]
|upkeep
|turn|11
|
|t:|1758294696
|switch|p1a: 尾火虎|Incineroar, M, shiny|100/100
|-ability|p1a: 尾火虎|Intimidate|boost
|-unboost|p2a: Skeledirge|atk|1
|switch|p2a: Lokix|Lokix, F|18/100
|
|-weather|RainDance|[upkeep]
|upkeep
|turn|12
|
|t:|1758294708
|switch|p1a: 毕月乌|Corviknight, F, shiny|91/100
|move|p2a: Lokix|U-turn|p1a: 毕月乌
|-resisted|p1a: 毕月乌
|-damage|p1a: 毕月乌|82/100
|-damage|p2a: Lokix|2/100|[from] item: Rocky Helmet|[of] p1a: 毕月乌
|
|t:|1758294723
|switch|p2a: Araquanid|Araquanid, M|100/100|[from] U-turn
|-damage|p2a: Araquanid|75/100|[from] Stealth Rock
|
|-weather|none
|upkeep
|turn|13
|
|t:|1758294729
|move|p1a: 毕月乌|U-turn|p2a: Araquanid
|-damage|p2a: Araquanid|59/100
|
|t:|1758294733
|switch|p1a: 昴日鸡|Zapdos, shiny|100/100|[from] U-turn
|move|p2a: Araquanid|Sticky Web|p1a: 昴日鸡
|-sidestart|p1: A15694397177|move: Sticky Web
|
|upkeep
|turn|14
|
|t:|1758294760
|move|p1a: 昴日鸡|Volt Switch|p2a: Araquanid
|-supereffective|p2a: Araquanid
|-damage|p2a: Araquanid|20/100
|
|t:|1758294768
|switch|p1a: 参水猿|Pelipper, F|74/100 brn|[from] Volt Switch
|-weather|RainDance|[from] ability: Drizzle|[of] p1a: 参水猿
|move|p2a: Araquanid|Liquidation|p1a: 参水猿
|-resisted|p1a: 参水猿
|-damage|p1a: 参水猿|47/100 brn
|-unboost|p1a: 参水猿|def|1
|
|-weather|RainDance|[upkeep]
|-damage|p1a: 参水猿|41/100 brn|[from] brn
|upkeep
|turn|15
|
|t:|1758294777
|move|p1a: 参水猿|U-turn|p2a: Araquanid
|-damage|p2a: Araquanid|14/100
|
|t:|1758294780
|switch|p1a: 毕月乌|Corviknight, F, shiny|82/100|[from] U-turn
|move|p2a: Araquanid|Leech Life|p1a: 毕月乌
|-resisted|p1a: 毕月乌
|-damage|p1a: 毕月乌|79/100
|-heal|p2a: Araquanid|16/100|[from] drain|[of] p1a: 毕月乌
|-damage|p2a: Araquanid|0 fnt|[from] item: Rocky Helmet|[of] p1a: 毕月乌
|faint|p2a: Araquanid
|
|-weather|RainDance|[upkeep]
|upkeep
|
|t:|1758294785
|switch|p2a: Ogerpon|Ogerpon-Wellspring, F|64/100
|-damage|p2a: Ogerpon|52/100|[from] Stealth Rock
|turn|16
|
|t:|1758294792
|move|p2a: Ogerpon|Ivy Cudgel|p1a: 毕月乌|[anim] Ivy Cudgel Water
|-crit|p1a: 毕月乌
|-damage|p1a: 毕月乌|5/100
|move|p1a: 毕月乌|U-turn|p2a: Ogerpon
|-supereffective|p2a: Ogerpon
|-damage|p2a: Ogerpon|13/100
|
|t:|1758294798
|switch|p1a: 壁水獝|Barraskewda, F|100/100|[from] U-turn
|-activate|p1a: 壁水獝|move: Sticky Web
|-unboost|p1a: 壁水獝|spe|1
|
|-weather|RainDance|[upkeep]
|upkeep
|turn|17
|
|t:|1758294807
|switch|p2a: Skeledirge|Skeledirge, M|99/100
|move|p1a: 壁水獝|Close Combat|p2a: Skeledirge
|-immune|p2a: Skeledirge
|
|-weather|RainDance|[upkeep]
|upkeep
|turn|18
|
|t:|1758294823
|switch|p1a: 尾火虎|Incineroar, M, shiny|100/100
|-ability|p1a: 尾火虎|Intimidate|boost
|-unboost|p2a: Skeledirge|atk|1
|move|p2a: Skeledirge|Torch Song|p1a: 尾火虎
|-resisted|p1a: 尾火虎
|-damage|p1a: 尾火虎|92/100
|-boost|p2a: Skeledirge|spa|1
|
|-weather|RainDance|[upkeep]
|upkeep
|turn|19
|
|t:|1758294835
|-terastallize|p2a: Skeledirge|Fairy
|move|p2a: Skeledirge|Torch Song|p1a: 尾火虎
|-resisted|p1a: 尾火虎
|-damage|p1a: 尾火虎|80/100
|-boost|p2a: Skeledirge|spa|1
|move|p1a: 尾火虎|Knock Off|p2a: Skeledirge
|-resisted|p2a: Skeledirge
|-damage|p2a: Skeledirge|85/100
|-enditem|p2a: Skeledirge|Heavy-Duty Boots|[from] move: Knock Off|[of] p1a: 尾火虎
|
|-weather|RainDance|[upkeep]
|upkeep
|turn|20
|
|t:|1758294844
|move|p2a: Skeledirge|Earth Power|p1a: 尾火虎
|-supereffective|p1a: 尾火虎
|-damage|p1a: 尾火虎|0 fnt
|faint|p1a: 尾火虎
|
|-weather|RainDance|[upkeep]
|upkeep
|
|t:|1758294848
|switch|p1a: 壁水獝|Barraskewda, F|100/100
|-activate|p1a: 壁水獝|move: Sticky Web
|-unboost|p1a: 壁水獝|spe|1
|turn|21
|
|t:|1758294854
|switch|p2a: Ogerpon|Ogerpon-Wellspring, F|13/100
|-damage|p2a: Ogerpon|1/100|[from] Stealth Rock
|-terastallize|p1a: 壁水獝|Water
|move|p1a: 壁水獝|Liquidation|p2a: Ogerpon
|-heal|p2a: Ogerpon|26/100|[from] ability: Water Absorb|[of] p1a: 壁水獝
|
|-weather|none
|upkeep
|turn|22
|
|t:|1758294866
|switch|p1a: 昴日鸡|Zapdos, shiny|100/100
|move|p2a: Ogerpon|Horn Leech|p1a: 昴日鸡
|-resisted|p1a: 昴日鸡
|-damage|p1a: 昴日鸡|72/100
|-heal|p2a: Ogerpon|41/100|[from] drain|[of] p1a: 昴日鸡
|-status|p2a: Ogerpon|par|[from] ability: Static|[of] p1a: 昴日鸡
|
|upkeep
|turn|23
|
|t:|1758294875
|move|p1a: 昴日鸡|Volt Switch|p2a: Ogerpon
|-damage|p2a: Ogerpon|0 fnt
|faint|p2a: Ogerpon
|
|t:|1758294883
|switch|p1a: 参水猿|Pelipper, F|41/100 brn|[from] Volt Switch
|-weather|RainDance|[from] ability: Drizzle|[of] p1a: 参水猿
|
|-weather|RainDance|[upkeep]
|-damage|p1a: 参水猿|35/100 brn|[from] brn
|upkeep
|
|t:|1758294885
|switch|p2a: Dragapult|Dragapult, M|100/100
|-damage|p2a: Dragapult|88/100|[from] Stealth Rock
|turn|24
|
|t:|1758294891
|move|p2a: Dragapult|Substitute|p2a: Dragapult
|-start|p2a: Dragapult|Substitute
|-damage|p2a: Dragapult|63/100
|move|p1a: 参水猿|U-turn|p2a: Dragapult
|-resisted|p2a: Dragapult
|-activate|p2a: Dragapult|move: Substitute|[damage]
|
|t:|1758294895
|switch|p1a: 壁水獝|Barraskewda, F, tera:Water|100/100|[from] U-turn
|-activate|p1a: 壁水獝|move: Sticky Web
|-unboost|p1a: 壁水獝|spe|1
|
|-weather|RainDance|[upkeep]
|-heal|p2a: Dragapult|69/100|[from] item: Leftovers
|upkeep
|turn|25
|
|t:|1758294911
|move|p1a: 壁水獝|Flip Turn|p2a: Dragapult
|-resisted|p2a: Dragapult
|-end|p2a: Dragapult|Substitute
|
|t:|1758294917
|switch|p1a: 毕月乌|Corviknight, F, shiny|5/100|[from] Flip Turn
|move|p2a: Dragapult|Dragon Dance|p2a: Dragapult
|-boost|p2a: Dragapult|atk|1
|-boost|p2a: Dragapult|spe|1
|
|-weather|RainDance|[upkeep]
|-heal|p2a: Dragapult|75/100|[from] item: Leftovers
|upkeep
|turn|26
|
|t:|1758294929
|move|p2a: Dragapult|Phantom Force||[still]
|-prepare|p2a: Dragapult|Phantom Force
|move|p1a: 毕月乌|U-turn|p2a: Dragapult|[miss]
|-miss|p1a: 毕月乌|p2a: Dragapult
|
|-weather|RainDance|[upkeep]
|-heal|p2a: Dragapult|81/100|[from] item: Leftovers
|upkeep
|turn|27
|
|t:|1758294934
|move|p2a: Dragapult|Phantom Force|p1a: 毕月乌|[from] lockedmove
|-damage|p1a: 毕月乌|0 fnt
|-damage|p2a: Dragapult|65/100|[from] item: Rocky Helmet|[of] p1a: 毕月乌
|faint|p1a: 毕月乌
|
|-weather|RainDance|[upkeep]
|-heal|p2a: Dragapult|71/100|[from] item: Leftovers
|upkeep
|
|t:|1758294938
|switch|p1a: 壁水獝|Barraskewda, F, tera:Water|100/100
|-activate|p1a: 壁水獝|move: Sticky Web
|-unboost|p1a: 壁水獝|spe|1
|turn|28
|
|t:|1758294942
|move|p2a: Dragapult|Substitute|p2a: Dragapult
|-start|p2a: Dragapult|Substitute
|-damage|p2a: Dragapult|46/100
|move|p1a: 壁水獝|Liquidation|p2a: Dragapult
|-resisted|p2a: Dragapult
|-end|p2a: Dragapult|Substitute
|
|-weather|RainDance|[upkeep]
|-heal|p2a: Dragapult|52/100|[from] item: Leftovers
|upkeep
|turn|29
|
|t:|1758294959
|move|p2a: Dragapult|Dragon Darts|p1a: 壁水獝
|-damage|p1a: 壁水獝|27/100
|-anim|p2a: Dragapult|Dragon Darts|p1a: 壁水獝
|-damage|p1a: 壁水獝|0 fnt
|faint|p1a: 壁水獝
|
|-weather|RainDance|[upkeep]
|-heal|p2a: Dragapult|58/100|[from] item: Leftovers
|upkeep
|
|t:|1758294965
|switch|p1a: 昴日鸡|Zapdos, shiny|72/100
|turn|30
|
|t:|1758294972
|move|p2a: Dragapult|Dragon Darts|p1a: 昴日鸡
|-damage|p1a: 昴日鸡|27/100
|-anim|p2a: Dragapult|Dragon Darts|p1a: 昴日鸡
|-damage|p1a: 昴日鸡|0 fnt
|faint|p1a: 昴日鸡
|
|-weather|none
|-heal|p2a: Dragapult|64/100|[from] item: Leftovers
|upkeep
|l|☆A15694397177
|inactive|A15694397177 disconnected and has a minute to reconnect!
|player|p1|
|inactive|A15694397177 has 30 seconds to reconnect!
|inactive|A15694397177 has 20 seconds to reconnect!
|inactive|A15694397177 has 15 seconds to reconnect!
|inactive|A15694397177 has 10 seconds to reconnect!
|inactive|A15694397177 has 5 seconds to reconnect!
|-message|A15694397177 lost due to inactivity.
|
|win|I am a chinese.
|raw|A15694397177's rating: 1092 &rarr; <strong>1070</strong><br />(-22 for losing)
|raw|I am a chinese.'s rating: 1115 &rarr; <strong>1138</strong><br />(+23 for winning)
