|j|☆WeR#4Hay!
|j|☆4arms67
|t:|1758304743
|gametype|singles
|player|p1|WeR#4Hay!|266|1561
|player|p2|4arms67|102|1512
|gen|9
|tier|[Gen 9] OU
|rated|
|rule|HP Percentage Mod: HP is shown in percentages
|rule|Endless Battle Clause: Forcing endless battles is banned
|rule|Species Clause: Limit one of each Pokémon
|rule|OHKO Clause: OHKO moves are banned
|rule|Evasion Items Clause: Evasion items are banned
|rule|Evasion Moves Clause: Evasion moves are banned
|rule|Evasion Abilities Clause: Evasion abilities are banned
|rule|Sleep Moves Clause: Sleep-inducing moves are banned
|clearpoke
|poke|p1|Hydrapple, M|
|poke|p1|Slowking, M|
|poke|p1|Iron Treads|
|poke|p1|Moltres|
|poke|p1|Zamazenta-*|
|poke|p1|Kingambit, F|
|poke|p2|Alomomola, M|
|poke|p2|Dragalge, M|
|poke|p2|Lokix, M|
|poke|p2|Great Tusk|
|poke|p2|Gholdengo|
|poke|p2|Moltres|
|teampreview
|
|t:|1758304751
|teamsize|p1|6
|teamsize|p2|6
|start
|switch|p1a: Hydrapple|Hydrapple, M|100/100
|switch|p2a: Lokix|Lokix, M|100/100
|turn|1
|
|t:|1758304764
|switch|p1a: Moltres|Moltres|100/100
|move|p2a: Lokix|U-turn|p1a: Moltres
|-resisted|p1a: Moltres
|-damage|p1a: Moltres|82/100
|
|t:|1758304767
|switch|p2a: Dragalge|Dragalge, M|100/100|[from] U-turn
|
|upkeep
|turn|2
|
|t:|1758304776
|switch|p1a: Slowking|Slowking, M|100/100
|move|p2a: Dragalge|Draco Meteor|p1a: Slowking
|-damage|p1a: Slowking|24/100
|-unboost|p2a: Dragalge|spa|2
|
|upkeep
|turn|3
|
|t:|1758304783
|switch|p1a: Iron Treads|Iron Treads|100/100
|move|p2a: Dragalge|Draco Meteor|p1a: Iron Treads
|-resisted|p1a: Iron Treads
|-damage|p1a: Iron Treads|77/100
|-unboost|p2a: Dragalge|spa|2
|
|-heal|p1a: Iron Treads|83/100|[from] item: Leftovers
|upkeep
|turn|4
|
|t:|1758304789
|-end|p1a: Iron Treads|Quark Drive|[silent]
|switch|p1a: Slowking|Slowking, M|58/100
|switch|p2a: Great Tusk|Great Tusk|100/100
|
|upkeep
|turn|5
|
|t:|1758304796
|-end|p2a: Great Tusk|Protosynthesis|[silent]
|switch|p2a: Lokix|Lokix, M|100/100
|switch|p1a: Moltres|Moltres|82/100
|
|upkeep
|turn|6
|
|t:|1758304802
|switch|p2a: Alomomola|Alomomola, M|100/100
|move|p1a: Moltres|Flamethrower|p2a: Alomomola
|-resisted|p2a: Alomomola
|-damage|p2a: Alomomola|90/100
|
|upkeep
|turn|7
|
|t:|1758304814
|move|p1a: Moltres|Flamethrower|p2a: Alomomola
|-resisted|p2a: Alomomola
|-damage|p2a: Alomomola|79/100
|-status|p2a: Alomomola|brn
|move|p2a: Alomomola|Flip Turn|p1a: Moltres
|-supereffective|p1a: Moltres
|-damage|p1a: Moltres|71/100
|
|t:|1758304821
|switch|p2a: Great Tusk|Great Tusk|100/100|[from] Flip Turn
|
|upkeep
|turn|8
|c|☆WeR#4Hay!|i was fishing for Flame Body activations
|c|☆WeR#4Hay!|but that works too
|
|t:|1758304835
|-end|p2a: Great Tusk|Protosynthesis|[silent]
|switch|p2a: Alomomola|Alomomola, M|100/100 brn
|move|p1a: Moltres|Roost|p1a: Moltres
|-heal|p1a: Moltres|100/100
|-singleturn|p1a: Moltres|move: Roost
|
|-damage|p2a: Alomomola|94/100 brn|[from] brn
|upkeep
|turn|9
|
|t:|1758304847
|move|p1a: Moltres|U-turn|p2a: Alomomola
|-damage|p2a: Alomomola|85/100 brn
|
|t:|1758304855
|switch|p1a: Slowking|Slowking, M|91/100|[from] U-turn
|move|p2a: Alomomola|Flip Turn|p1a: Slowking
|-resisted|p1a: Slowking
|-damage|p1a: Slowking|87/100
|
|t:|1758304858
|switch|p2a: Lokix|Lokix, M|100/100|[from] Flip Turn
|
|upkeep
|turn|10
|
|t:|1758304861
|switch|p1a: Moltres|Moltres|100/100
|move|p2a: Lokix|Knock Off|p1a: Moltres
|-damage|p1a: Moltres|50/100
|-enditem|p1a: Moltres|Heavy-Duty Boots|[from] move: Knock Off|[of] p2a: Lokix
|
|upkeep
|turn|11
|
|t:|1758304866
|switch|p2a: Dragalge|Dragalge, M|100/100
|move|p1a: Moltres|Roost|p1a: Moltres
|-heal|p1a: Moltres|99/100
|-singleturn|p1a: Moltres|move: Roost
|
|upkeep
|turn|12
|
|t:|1758304898
|move|p1a: Moltres|U-turn|p2a: Dragalge
|-resisted|p2a: Dragalge
|-damage|p2a: Dragalge|92/100
|
|t:|1758304903
|switch|p1a: Iron Treads|Iron Treads|83/100|[from] U-turn
|move|p2a: Dragalge|Toxic Spikes|p1a: Iron Treads
|-sidestart|p1: WeR#4Hay!|move: Toxic Spikes
|
|-heal|p1a: Iron Treads|89/100|[from] item: Leftovers
|upkeep
|turn|13
|
|t:|1758304910
|switch|p2a: Gholdengo|Gholdengo|100/100
|move|p1a: Iron Treads|Knock Off|p2a: Gholdengo
|-supereffective|p2a: Gholdengo
|-damage|p2a: Gholdengo|46/100
|-enditem|p2a: Gholdengo|Choice Scarf|[from] move: Knock Off|[of] p1a: Iron Treads
|
|-heal|p1a: Iron Treads|95/100|[from] item: Leftovers
|upkeep
|turn|14
|
|t:|1758304915
|move|p2a: Gholdengo|Shadow Ball|p1a: Iron Treads
|-damage|p1a: Iron Treads|62/100
|move|p1a: Iron Treads|Earthquake|p2a: Gholdengo
|-supereffective|p2a: Gholdengo
|-damage|p2a: Gholdengo|0 fnt
|faint|p2a: Gholdengo
|
|-heal|p1a: Iron Treads|68/100|[from] item: Leftovers
|upkeep
|
|t:|1758304927
|switch|p2a: Great Tusk|Great Tusk|100/100
|turn|15
|
|t:|1758304929
|-end|p1a: Iron Treads|Quark Drive|[silent]
|switch|p1a: Moltres|Moltres|99/100
|move|p2a: Great Tusk|Headlong Rush|p1a: Moltres
|-immune|p1a: Moltres
|
|upkeep
|turn|16
|
|t:|1758304935
|move|p2a: Great Tusk|Stealth Rock|p1a: Moltres
|-sidestart|p1: WeR#4Hay!|move: Stealth Rock
|move|p1a: Moltres|U-turn|p2a: Great Tusk
|-resisted|p2a: Great Tusk
|-damage|p2a: Great Tusk|95/100
|
|t:|1758304945
|switch|p1a: TheTransGambit|Kingambit, F|100/100|[from] U-turn
|-damage|p1a: TheTransGambit|94/100|[from] Stealth Rock
|
|-heal|p1a: TheTransGambit|100/100|[from] item: Leftovers
|upkeep
|turn|17
|
|t:|1758304977
|-end|p1a: TheTransGambit|fallenundefined|[silent]
|switch|p1a: Moltres|Moltres|99/100
|-damage|p1a: Moltres|50/100|[from] Stealth Rock
|move|p2a: Great Tusk|Headlong Rush|p1a: Moltres
|-immune|p1a: Moltres
|
|upkeep
|turn|18
|
|t:|1758304983
|-end|p2a: Great Tusk|Protosynthesis|[silent]
|switch|p2a: Alomomola|Alomomola, M|100/100 brn
|move|p1a: Moltres|Roost|p1a: Moltres
|-heal|p1a: Moltres|99/100
|-singleturn|p1a: Moltres|move: Roost
|
|-damage|p2a: Alomomola|94/100 brn|[from] brn
|upkeep
|turn|19
|
|t:|1758304991
|move|p1a: Moltres|Flamethrower|p2a: Alomomola
|-resisted|p2a: Alomomola
|-damage|p2a: Alomomola|84/100 brn
|move|p2a: Alomomola|Flip Turn|p1a: Moltres
|-supereffective|p1a: Moltres
|-damage|p1a: Moltres|89/100
|
|t:|1758305008
|switch|p2a: Dragalge|Dragalge, M|92/100|[from] Flip Turn
|
|upkeep
|turn|20
|
|t:|1758305014
|move|p1a: Moltres|U-turn|p2a: Dragalge
|-resisted|p2a: Dragalge
|-damage|p2a: Dragalge|83/100
|
|t:|1758305015
|switch|p1a: Slowking|Slowking, M|100/100|[from] U-turn
|move|p2a: Dragalge|Flip Turn|p1a: Slowking
|-resisted|p1a: Slowking
|-damage|p1a: Slowking|95/100
|
|t:|1758305045
|switch|p2a: Lokix|Lokix, M|100/100|[from] Flip Turn
|
|upkeep
|turn|21
|
|t:|1758305051
|switch|p1a: Moltres|Moltres|89/100
|-damage|p1a: Moltres|39/100|[from] Stealth Rock
|move|p2a: Lokix|Knock Off|p1a: Moltres
|-damage|p1a: Moltres|3/100
|
|upkeep
|turn|22
|
|t:|1758305068
|switch|p2a: Alomomola|Alomomola, M|100/100 brn
|move|p1a: Moltres|Roost|p1a: Moltres
|-heal|p1a: Moltres|54/100
|-singleturn|p1a: Moltres|move: Roost
|
|-damage|p2a: Alomomola|94/100 brn|[from] brn
|upkeep
|turn|23
|j| AntdonPokemon
|
|t:|1758305096
|move|p1a: Moltres|Roost|p1a: Moltres
|-heal|p1a: Moltres|100/100
|-singleturn|p1a: Moltres|move: Roost
|move|p2a: Alomomola|Flip Turn|p1a: Moltres
|-supereffective|p1a: Moltres
|-damage|p1a: Moltres|88/100
|
|t:|1758305099
|switch|p2a: Dragalge|Dragalge, M|83/100|[from] Flip Turn
|
|upkeep
|turn|24
|
|t:|1758305107
|-terastallize|p1a: Moltres|Fairy
|move|p1a: Moltres|Flamethrower|p2a: Dragalge
|-resisted|p2a: Dragalge
|-damage|p2a: Dragalge|67/100
|move|p2a: Dragalge|Draco Meteor|p1a: Moltres
|-immune|p1a: Moltres
|
|upkeep
|turn|25
|
|t:|1758305113
|switch|p2a: Alomomola|Alomomola, M|100/100 brn
|move|p1a: Moltres|U-turn|p2a: Alomomola
|-damage|p2a: Alomomola|91/100 brn
|
|t:|1758305116
|switch|p1a: Iron Treads|Iron Treads|68/100|[from] U-turn
|-damage|p1a: Iron Treads|65/100|[from] Stealth Rock
|
|-heal|p1a: Iron Treads|71/100|[from] item: Leftovers
|-damage|p2a: Alomomola|85/100 brn|[from] brn
|upkeep
|turn|26
|
|t:|1758305120
|move|p1a: Iron Treads|Rapid Spin|p2a: Alomomola
|-damage|p2a: Alomomola|77/100 brn
|-boost|p1a: Iron Treads|spe|1
|-sideend|p1: WeR#4Hay!|Toxic Spikes|[from] move: Rapid Spin|[of] p1a: Iron Treads
|-sideend|p1: WeR#4Hay!|Stealth Rock|[from] move: Rapid Spin|[of] p1a: Iron Treads
|move|p2a: Alomomola|Flip Turn|p1a: Iron Treads
|-supereffective|p1a: Iron Treads
|-damage|p1a: Iron Treads|59/100
|
|t:|1758305124
|switch|p2a: Great Tusk|Great Tusk|95/100|[from] Flip Turn
|
|-heal|p1a: Iron Treads|65/100|[from] item: Leftovers
|upkeep
|turn|27
|
|t:|1758305171
|-end|p1a: Iron Treads|Quark Drive|[silent]
|switch|p1a: Slowking|Slowking, M|100/100
|move|p2a: Great Tusk|Headlong Rush|p1a: Slowking
|-damage|p1a: Slowking|33/100
|-unboost|p2a: Great Tusk|def|1
|-unboost|p2a: Great Tusk|spd|1
|
|upkeep
|turn|28
|
|t:|1758305176
|switch|p1a: Moltres|Moltres, tera:Fairy|88/100
|move|p2a: Great Tusk|Headlong Rush|p1a: Moltres
|-damage|p1a: Moltres|42/100
|-unboost|p2a: Great Tusk|def|1
|-unboost|p2a: Great Tusk|spd|1
|
|upkeep
|turn|29
|
|t:|1758305183
|switch|p1a: Hydrapple|Hydrapple, M|100/100
|move|p2a: Great Tusk|Headlong Rush|p1a: Hydrapple
|-resisted|p1a: Hydrapple
|-damage|p1a: Hydrapple|72/100
|-unboost|p2a: Great Tusk|def|1
|-unboost|p2a: Great Tusk|spd|1
|
|upkeep
|turn|30
|
|t:|1758305187
|-end|p2a: Great Tusk|Protosynthesis|[silent]
|switch|p2a: Moltres|Moltres|100/100
|switch|p1a: Zamazenta|Zamazenta|100/100
|-ability|p1a: Zamazenta|Dauntless Shield|boost
|-boost|p1a: Zamazenta|def|1
|
|upkeep
|turn|31
|
|t:|1758305190
|move|p1a: Zamazenta|Stone Edge|p2a: Moltres
|-supereffective|p2a: Moltres
|-damage|p2a: Moltres|0 fnt
|faint|p2a: Moltres
|
|upkeep
|
|t:|1758305195
|switch|p2a: Dragalge|Dragalge, M|67/100
|turn|32
|
|t:|1758305205
|move|p1a: Zamazenta|Stone Edge|p2a: Dragalge
|-damage|p2a: Dragalge|13/100
|move|p2a: Dragalge|Draco Meteor|p1a: Zamazenta|[miss]
|-miss|p2a: Dragalge|p1a: Zamazenta
|
|upkeep
|turn|33
|
|t:|1758305209
|move|p1a: Zamazenta|Stone Edge|p2a: Dragalge
|-damage|p2a: Dragalge|0 fnt
|faint|p2a: Dragalge
|
|upkeep
|
|t:|1758305211
|switch|p2a: Great Tusk|Great Tusk|95/100
|turn|34
|
|t:|1758305218
|switch|p1a: Moltres|Moltres, tera:Fairy|42/100
|move|p2a: Great Tusk|Headlong Rush|p1a: Moltres
|-damage|p1a: Moltres|0 fnt
|-unboost|p2a: Great Tusk|def|1
|-unboost|p2a: Great Tusk|spd|1
|-status|p2a: Great Tusk|brn|[from] ability: Flame Body|[of] p1a: Moltres
|faint|p1a: Moltres
|
|-damage|p2a: Great Tusk|89/100 brn|[from] brn
|upkeep
|
|t:|1758305248
|switch|p1a: Slowking|Slowking, M|67/100
|turn|35
|l|☆4arms67
|player|p2|
|inactive|Battle timer is ON: inactive players will automatically lose when time's up. (requested by WeR#4Hay!)
|inactive|4arms67 has 30 seconds to reconnect!
|inactive|4arms67 has 20 seconds to reconnect!
|inactive|4arms67 has 15 seconds to reconnect!
|inactive|4arms67 has 10 seconds to reconnect!
|inactive|4arms67 has 5 seconds to reconnect!
|-message|4arms67 lost due to inactivity.
|
|win|WeR#4Hay!
|raw|WeR#4Hay!'s rating: 1561 &rarr; <strong>1578</strong><br />(+17 for winning)
|raw|4arms67's rating: 1512 &rarr; <strong>1495</strong><br />(-17 for losing)
|l| AntdonPokemon
