|j|☆Jonyko
|j|☆NeoArk17
|t:|1758333936
|gametype|singles
|player|p1|Jonyko|lucas-contest|
|player|p2|NeoArk17|2|
|gen|9
|tier|[Gen 9] OU
|rule|HP Percentage Mod: HP is shown in percentages
|rule|Endless Battle Clause: Forcing endless battles is banned
|rule|Species Clause: Limit one of each Pokémon
|rule|OHKO Clause: OHKO moves are banned
|rule|Evasion Items Clause: Evasion items are banned
|rule|Evasion Moves Clause: Evasion moves are banned
|rule|Evasion Abilities Clause: Evasion abilities are banned
|rule|Sleep Moves Clause: Sleep-inducing moves are banned
|clearpoke
|poke|p1|Ribombee, F|
|poke|p1|Rampardos, F|
|poke|p1|Rillaboom, M|
|poke|p1|Great Tusk|
|poke|p1|Gholdengo|
|poke|p1|Ceruledge, F|
|poke|p2|Brute Bonnet|
|poke|p2|Maushold-Four|
|poke|p2|Ursaluna, F|
|poke|p2|Zoroark-Hisui, F|
|poke|p2|Arcanine-Hisui, M|
|poke|p2|Vaporeon, M|
|teampreview
|
|t:|1758333952
|teamsize|p1|6
|teamsize|p2|6
|start
|switch|p1a: Ri|Ribombee, F|100/100
|switch|p2a: Vaporeon|Vaporeon, M|100/100
|turn|1
|
|t:|1758333962
|move|p1a: Ri|Stun Spore|p2a: Vaporeon
|-status|p2a: Vaporeon|par
|move|p2a: Vaporeon|Body Slam|p1a: Ri
|-damage|p1a: Ri|75/100
|
|upkeep
|turn|2
|
|t:|1758333972
|move|p1a: Ri|Sticky Web|p2a: Vaporeon
|-sidestart|p2: NeoArk17|move: Sticky Web
|move|p2a: Vaporeon|Curse|p2a: Vaporeon
|-unboost|p2a: Vaporeon|spe|1
|-boost|p2a: Vaporeon|atk|1
|-boost|p2a: Vaporeon|def|1
|
|upkeep
|turn|3
|
|t:|1758333985
|move|p1a: Ri|Psychic Noise|p2a: Vaporeon
|-damage|p2a: Vaporeon|89/100 par
|-start|p2a: Vaporeon|move: Heal Block
|move|p2a: Vaporeon|Body Slam|p1a: Ri
|-damage|p1a: Ri|37/100
|
|upkeep
|turn|4
|
|t:|1758333994
|switch|p1a: Gholdengo|Gholdengo|100/100
|move|p2a: Vaporeon|Body Slam|p1a: Gholdengo
|-immune|p1a: Gholdengo
|
|-end|p2a: Vaporeon|move: Heal Block
|upkeep
|turn|5
|
|t:|1758334003
|switch|p2a: Brute Bonnet|Brute Bonnet|100/100
|-activate|p2a: Brute Bonnet|move: Sticky Web
|-unboost|p2a: Brute Bonnet|spe|1
|-enditem|p2a: Brute Bonnet|Booster Energy
|-activate|p2a: Brute Bonnet|ability: Protosynthesis|[fromitem]
|-start|p2a: Brute Bonnet|protosynthesisspd
|move|p1a: Gholdengo|Nasty Plot|p1a: Gholdengo
|-boost|p1a: Gholdengo|spa|2
|
|upkeep
|turn|6
|
|t:|1758334023
|move|p1a: Gholdengo|Make It Rain|p2a: Brute Bonnet
|-crit|p2a: Brute Bonnet
|-damage|p2a: Brute Bonnet|0 fnt
|-unboost|p1a: Gholdengo|spa|1
|faint|p2a: Brute Bonnet
|-end|p2a: Brute Bonnet|Protosynthesis|[silent]
|
|upkeep
|c|☆Jonyko|💔
|l|☆NeoArk17
|player|p2|
|j|☆NeoArk17
|player|p2|NeoArk17|2|
|
|t:|1758334142
|switch|p2a: Arcanine|Arcanine-Hisui, M|100/100
|-ability|p2a: Arcanine|Intimidate|boost
|-unboost|p1a: Gholdengo|atk|1
|-item|p2a: Arcanine|Air Balloon
|turn|7
|
|t:|1758334223
|switch|p1a: Ri|Ribombee, F|37/100
|move|p2a: Arcanine|Flame Charge|p1a: Ri
|-supereffective|p1a: Ri
|-damage|p1a: Ri|0 fnt
|-boost|p2a: Arcanine|spe|1
|faint|p1a: Ri
|
|upkeep
|
|t:|1758334227
|switch|p1a: Great Tusk|Great Tusk|100/100
|turn|8
|
|t:|1758334239
|switch|p2a: Vaporeon|Vaporeon, M|89/100 par
|-activate|p2a: Vaporeon|move: Sticky Web
|-unboost|p2a: Vaporeon|spe|1
|move|p1a: Great Tusk|Body Press|p2a: Vaporeon
|-damage|p2a: Vaporeon|39/100 par
|
|-heal|p2a: Vaporeon|46/100 par|[from] item: Leftovers
|upkeep
|turn|9
|
|t:|1758334246
|move|p1a: Great Tusk|Body Press|p2a: Vaporeon
|-damage|p2a: Vaporeon|0 fnt
|faint|p2a: Vaporeon
|
|upkeep
|
|t:|1758334257
|switch|p2a: Arcanine|Arcanine-Hisui, M|100/100
|-activate|p2a: Arcanine|move: Sticky Web
|-unboost|p2a: Arcanine|spe|1
|turn|10
|
|t:|1758334270
|move|p2a: Arcanine|Knock Off|p1a: Great Tusk
|-resisted|p1a: Great Tusk
|-damage|p1a: Great Tusk|91/100
|-enditem|p1a: Great Tusk|Heavy-Duty Boots|[from] move: Knock Off|[of] p2a: Arcanine
|move|p1a: Great Tusk|Body Press|p2a: Arcanine
|-immune|p2a: Arcanine
|
|upkeep
|turn|11
|
|t:|1758334285
|switch|p2a: Ursaluna|Ursaluna, F|100/100
|-activate|p2a: Ursaluna|move: Sticky Web
|-unboost|p2a: Ursaluna|spe|1
|move|p1a: Great Tusk|Stealth Rock|p2a: Ursaluna
|-sidestart|p2: NeoArk17|move: Stealth Rock
|
|-status|p2a: Ursaluna|brn|[from] item: Flame Orb
|upkeep
|turn|12
|
|t:|1758334296
|move|p1a: Great Tusk|Body Press|p2a: Ursaluna
|-supereffective|p2a: Ursaluna
|-damage|p2a: Ursaluna|34/100 brn
|move|p2a: Ursaluna|Facade|p1a: Great Tusk
|-damage|p1a: Great Tusk|35/100
|
|-damage|p2a: Ursaluna|28/100 brn|[from] brn
|upkeep
|turn|13
|
|t:|1758334303
|move|p1a: Great Tusk|Body Press|p2a: Ursaluna
|-supereffective|p2a: Ursaluna
|-damage|p2a: Ursaluna|0 fnt
|faint|p2a: Ursaluna
|
|upkeep
|
|t:|1758334306
|switch|p2a: Arcanine|Arcanine-Hisui, M|100/100
|-activate|p2a: Arcanine|move: Sticky Web
|-unboost|p2a: Arcanine|spe|1
|-damage|p2a: Arcanine|88/100|[from] Stealth Rock
|turn|14
|
|t:|1758334312
|-end|p1a: Great Tusk|Protosynthesis|[silent]
|switch|p1a: R¡|Rillaboom, M|100/100
|-fieldstart|move: Grassy Terrain|[from] ability: Grassy Surge|[of] p1a: R¡
|move|p2a: Arcanine|Knock Off|p1a: R¡
|-damage|p1a: R¡|57/100
|-enditem|p1a: R¡|Assault Vest|[from] move: Knock Off|[of] p2a: Arcanine
|
|-heal|p2a: Arcanine|94/100|[from] Grassy Terrain
|-heal|p1a: R¡|63/100|[from] Grassy Terrain
|upkeep
|turn|15
|
|t:|1758334319
|switch|p2a: Arcanine|Arcanine-Hisui, M|100/100
|-damage|p2a: Arcanine|76/100|[from] Stealth Rock
|-ability|p2a: Arcanine|Intimidate|boost
|-unboost|p1a: R¡|atk|1
|-item|p2a: Arcanine|Air Balloon
|move|p1a: R¡|Knock Off|p2a: Arcanine
|-damage|p2a: Arcanine|46/100
|-enditem|p2a: Arcanine|Air Balloon
|
|-heal|p2a: Arcanine|52/100|[from] Grassy Terrain
|-heal|p1a: R¡|69/100|[from] Grassy Terrain
|upkeep
|turn|16
|
|t:|1758334339
|-terastallize|p1a: R¡|Grass
|move|p1a: R¡|Grassy Glide|p2a: Arcanine
|-crit|p2a: Arcanine
|-damage|p2a: Arcanine|0 fnt
|faint|p2a: Arcanine
|
|-heal|p1a: R¡|75/100|[from] Grassy Terrain
|upkeep
|
|t:|1758334344
|switch|p2a: Maushold|Maushold-Four|100/100
|-activate|p2a: Maushold|move: Sticky Web
|-unboost|p2a: Maushold|spe|1
|-damage|p2a: Maushold|88/100|[from] Stealth Rock
|turn|17
|c|☆Jonyko|💔
|
|t:|1758334354
|switch|p1a: Ceruledge|Ceruledge, F, shiny|100/100
|-terastallize|p2a: Maushold|Normal
|move|p2a: Maushold|Population Bomb|p1a: Ceruledge
|-immune|p1a: Ceruledge
|
|-heal|p2a: Maushold|94/100|[from] Grassy Terrain
|-status|p2a: Maushold|brn|[from] item: Flame Orb
|upkeep
|turn|18
|
|t:|1758334362
|move|p2a: Maushold|Thunder Wave|p1a: Ceruledge
|-status|p1a: Ceruledge|par
|cant|p1a: Ceruledge|par
|
|-heal|p2a: Maushold|100/100 brn|[from] Grassy Terrain
|-damage|p2a: Maushold|94/100 brn|[from] brn
|-fieldend|move: Grassy Terrain
|upkeep
|turn|19
|
|t:|1758334368
|move|p2a: Maushold|U-turn|p1a: Ceruledge
|-resisted|p1a: Ceruledge
|-damage|p1a: Ceruledge|98/100 par
|
|t:|1758334370
|switch|p2a: Maushold|Maushold-Four|94/100|[from] U-turn
|-activate|p2a: Maushold|move: Sticky Web
|-unboost|p2a: Maushold|spe|1
|-damage|p2a: Maushold|82/100|[from] Stealth Rock
|cant|p1a: Ceruledge|par
|
|upkeep
|turn|20
|
|t:|1758334377
|switch|p1a: Ra-wr|Rampardos, F, shiny|100/100
|-ability|p1a: Ra-wr|Mold Breaker
|move|p2a: Maushold|Knock Off|p1a: Ra-wr
|-damage|p1a: Ra-wr|40/100
|-enditem|p1a: Ra-wr|Wide Lens|[from] move: Knock Off|[of] p2a: Maushold
|
|upkeep
|turn|21
|
|t:|1758334384
|move|p2a: Maushold|Knock Off|p1a: Ra-wr
|-damage|p1a: Ra-wr|0 fnt
|faint|p1a: Ra-wr
|
|upkeep
|
|t:|1758334387
|switch|p1a: R¡|Rillaboom, M, tera:Grass|75/100
|-fieldstart|move: Grassy Terrain|[from] ability: Grassy Surge|[of] p1a: R¡
|turn|22
|
|t:|1758334392
|move|p1a: R¡|Grassy Glide|p2a: Maushold
|-damage|p2a: Maushold|0 fnt
|replace|p2a: Zoroark|Zoroark-Hisui, F
|-end|p2a: Zoroark|Illusion
|faint|p2a: Zoroark
|
|-heal|p1a: R¡|82/100|[from] Grassy Terrain
|upkeep
|
|t:|1758334395
|switch|p2a: Maushold|Maushold-Four, tera:Normal|94/100 brn
|-activate|p2a: Maushold|move: Sticky Web
|-unboost|p2a: Maushold|spe|1
|-damage|p2a: Maushold|82/100 brn|[from] Stealth Rock
|turn|23
|
|t:|1758334400
|move|p1a: R¡|Grassy Glide|p2a: Maushold
|-damage|p2a: Maushold|0 fnt
|faint|p2a: Maushold
|
|win|Jonyko
