|j|☆QWASXC
|j|☆Allheckers
|t:|1758356723
|gametype|singles
|player|p1|QWASXC|1|1106
|player|p2|Allheckers|266|1093
|gen|9
|tier|[Gen 9] OU
|rated|
|rule|HP Percentage Mod: HP is shown in percentages
|rule|Endless Battle Clause: Forcing endless battles is banned
|rule|Species Clause: Limit one of each Pokémon
|rule|OHKO Clause: OHKO moves are banned
|rule|Evasion Items Clause: Evasion items are banned
|rule|Evasion Moves Clause: Evasion moves are banned
|rule|Evasion Abilities Clause: Evasion abilities are banned
|rule|Sleep Moves Clause: Sleep-inducing moves are banned
|clearpoke
|poke|p1|Araquanid, F|
|poke|p1|Pelipper, M|
|poke|p1|Weavile, F|
|poke|p1|Barraskewda, F|
|poke|p1|Iron Treads|
|poke|p1|Ampharos, M|
|poke|p2|Krookodile, F|
|poke|p2|Cloyster, F|
|poke|p2|Ogerpon-Cornerstone, F|
|poke|p2|Iron Valiant|
|poke|p2|Glimmora, M|
|poke|p2|Quaquaval, F|
|teampreview
|
|t:|1758356753
|teamsize|p1|6
|teamsize|p2|6
|start
|switch|p1a: Pelipper|Pelipper, M|100/100
|switch|p2a: Cloyster|Cloyster, F, shiny|100/100
|-weather|RainDance|[from] ability: Drizzle|[of] p1a: Pelipper
|turn|1
|
|t:|1758356760
|move|p2a: Cloyster|Shell Smash|p2a: Cloyster
|-unboost|p2a: Cloyster|def|1
|-unboost|p2a: Cloyster|spd|1
|-boost|p2a: Cloyster|atk|2
|-boost|p2a: Cloyster|spa|2
|-boost|p2a: Cloyster|spe|2
|move|p1a: Pelipper|Tailwind|p1a: Pelipper
|-sidestart|p1: QWASXC|move: Tailwind
|
|-weather|RainDance|[upkeep]
|upkeep
|turn|2
|
|t:|1758356775
|move|p2a: Cloyster|Shell Smash|p2a: Cloyster
|-unboost|p2a: Cloyster|def|1
|-unboost|p2a: Cloyster|spd|1
|-boost|p2a: Cloyster|atk|2
|-boost|p2a: Cloyster|spa|2
|-boost|p2a: Cloyster|spe|2
|move|p1a: Pelipper|Hurricane|p2a: Cloyster
|-enditem|p2a: Cloyster|Focus Sash
|-damage|p2a: Cloyster|1/100
|-start|p2a: Cloyster|confusion
|
|-weather|RainDance|[upkeep]
|upkeep
|turn|3
|
|t:|1758356787
|-activate|p2a: Cloyster|confusion
|move|p2a: Cloyster|Rock Blast|p1a: Pelipper
|-supereffective|p1a: Pelipper
|-damage|p1a: Pelipper|53/100
|-supereffective|p1a: Pelipper
|-damage|p1a: Pelipper|1/100
|-supereffective|p1a: Pelipper
|-damage|p1a: Pelipper|0 fnt
|faint|p1a: Pelipper
|-hitcount|p1: Pelipper|3
|
|-weather|RainDance|[upkeep]
|upkeep
|
|t:|1758356801
|switch|p1a: Barraskewda|Barraskewda, F|100/100
|turn|4
|
|t:|1758356812
|move|p1a: Barraskewda|Flip Turn|p2a: Cloyster
|-resisted|p2a: Cloyster
|-damage|p2a: Cloyster|0 fnt
|faint|p2a: Cloyster
|
|t:|1758356817
|switch|p1a: Araquanid|Araquanid, F, shiny|100/100|[from] Flip Turn
|
|-weather|RainDance|[upkeep]
|-sideend|p1: QWASXC|move: Tailwind
|upkeep
|
|t:|1758356832
|switch|p2a: Quaquaval|Quaquaval, F|100/100
|turn|5
|
|t:|1758356838
|-terastallize|p1a: Araquanid|Water
|move|p2a: Quaquaval|Aqua Step|p1a: Araquanid
|-resisted|p1a: Araquanid
|-damage|p1a: Araquanid|56/100
|-boost|p2a: Quaquaval|spe|1
|move|p1a: Araquanid|Liquidation|p2a: Quaquaval
|-resisted|p2a: Quaquaval
|-damage|p2a: Quaquaval|0 fnt
|faint|p2a: Quaquaval
|
|-weather|RainDance|[upkeep]
|upkeep
|
|t:|1758356859
|switch|p2a: Ogerpon|Ogerpon-Cornerstone, F|100/100
|turn|6
|
|t:|1758356862
|move|p2a: Ogerpon|Ivy Cudgel|p1a: Araquanid|[anim] Ivy Cudgel Rock
|-damage|p1a: Araquanid|0 fnt
|faint|p1a: Araquanid
|
|-weather|RainDance|[upkeep]
|upkeep
|
|t:|1758356871
|switch|p1a: Barraskewda|Barraskewda, F|100/100
|turn|7
|
|t:|1758356880
|move|p1a: Barraskewda|Ice Fang|p2a: Ogerpon
|-supereffective|p2a: Ogerpon
|-damage|p2a: Ogerpon|38/100
|move|p2a: Ogerpon|Ivy Cudgel|p1a: Barraskewda|[anim] Ivy Cudgel Rock
|-damage|p1a: Barraskewda|0 fnt
|faint|p1a: Barraskewda
|
|-weather|RainDance|[upkeep]
|upkeep
|
|t:|1758356891
|switch|p1a: Weavile|Weavile, F|100/100
|-ability|p1a: Weavile|Pressure
|turn|8
|
|t:|1758356905
|-terastallize|p2a: Ogerpon|Rock
|detailschange|p2a: Ogerpon|Ogerpon-Cornerstone-Tera, F, tera:Rock
|-ability|p2a: Ogerpon|Embody Aspect (Cornerstone)|boost
|-boost|p2a: Ogerpon|def|1
|move|p2a: Ogerpon|Ivy Cudgel|p1a: Weavile|[anim] Ivy Cudgel Rock
|-supereffective|p1a: Weavile
|-damage|p1a: Weavile|0 fnt
|faint|p1a: Weavile
|
|-weather|none
|upkeep
|
|t:|1758356915
|switch|p1a: Iron Treads|Iron Treads|100/100
|-enditem|p1a: Iron Treads|Booster Energy
|-activate|p1a: Iron Treads|ability: Quark Drive|[fromitem]
|-start|p1a: Iron Treads|quarkdrivespe
|turn|9
|
|t:|1758356924
|move|p1a: Iron Treads|Iron Head|p2a: Ogerpon
|-supereffective|p2a: Ogerpon
|-damage|p2a: Ogerpon|0 fnt
|faint|p2a: Ogerpon
|detailschange|p2: Ogerpon|Ogerpon-Cornerstone, F|[silent]
|
|upkeep
|
|t:|1758356929
|switch|p2a: Krookodile|Krookodile, F|100/100
|turn|10
|
|t:|1758356938
|move|p1a: Iron Treads|Ice Spinner|p2a: Krookodile
|-supereffective|p2a: Krookodile
|-damage|p2a: Krookodile|44/100
|move|p2a: Krookodile|Earthquake|p1a: Iron Treads
|-supereffective|p1a: Iron Treads
|-damage|p1a: Iron Treads|15/100
|
|upkeep
|turn|11
|
|t:|1758356947
|move|p1a: Iron Treads|Ice Spinner|p2a: Krookodile
|-supereffective|p2a: Krookodile
|-damage|p2a: Krookodile|0 fnt
|faint|p2a: Krookodile
|
|upkeep
|
|t:|1758356950
|switch|p2a: Iron Valiant|Iron Valiant|100/100
|-enditem|p2a: Iron Valiant|Booster Energy
|-activate|p2a: Iron Valiant|ability: Quark Drive|[fromitem]
|-start|p2a: Iron Valiant|quarkdrivespe
|turn|12
|
|t:|1758356962
|move|p1a: Iron Treads|Iron Head|p2a: Iron Valiant
|-supereffective|p2a: Iron Valiant
|-damage|p2a: Iron Valiant|36/100
|move|p2a: Iron Valiant|Psychic|p1a: Iron Treads
|-resisted|p1a: Iron Treads
|-damage|p1a: Iron Treads|0 fnt
|faint|p1a: Iron Treads
|-end|p1a: Iron Treads|Quark Drive|[silent]
|
|upkeep
|
|t:|1758356969
|switch|p1a: Ampharos|Ampharos, M|100/100
|turn|13
|
|t:|1758356989
|move|p2a: Iron Valiant|Moonblast|p1a: Ampharos
|-damage|p1a: Ampharos|52/100
|-unboost|p1a: Ampharos|spa|1
|move|p1a: Ampharos|Thunder|p2a: Iron Valiant
|-damage|p2a: Iron Valiant|0 fnt
|faint|p2a: Iron Valiant
|-end|p2a: Iron Valiant|Quark Drive|[silent]
|
|upkeep
|
|t:|1758356992
|switch|p2a: Glimmora|Glimmora, M|100/100
|turn|14
|
|t:|1758356999
|move|p2a: Glimmora|Earth Power|p1a: Ampharos
|-supereffective|p1a: Ampharos
|-damage|p1a: Ampharos|0 fnt
|faint|p1a: Ampharos
|
|win|Allheckers
|raw|QWASXC's rating: 1106 &rarr; <strong>1080</strong><br />(-26 for losing)
|raw|Allheckers's rating: 1093 &rarr; <strong>1120</strong><br />(+27 for winning)
|l|☆QWASXC
|player|p1|
|l|☆Allheckers
|player|p2|
