|j|☆Celestial_dubkun
|j|☆Peep deez
|t:|1758257641
|gametype|singles
|player|p1|Celestial_dubkun|hiker-gen4|1608
|player|p2|Peep deez|unknown|1555
|gen|9
|tier|[Gen 9] OU
|rated|
|rule|HP Percentage Mod: HP is shown in percentages
|rule|Endless Battle Clause: Forcing endless battles is banned
|rule|Species Clause: Limit one of each Pokémon
|rule|OHKO Clause: OHKO moves are banned
|rule|Evasion Items Clause: Evasion items are banned
|rule|Evasion Moves Clause: Evasion moves are banned
|rule|Evasion Abilities Clause: Evasion abilities are banned
|rule|Sleep Moves Clause: Sleep-inducing moves are banned
|clearpoke
|poke|p1|Toxapex, M|
|poke|p1|Goodra-Hisui, M|
|poke|p1|Corviknight, F|
|poke|p1|Great Tusk|
|poke|p1|Enamorus, F|
|poke|p1|Darkrai|
|poke|p2|Meowscarada, F|
|poke|p2|Great Tusk|
|poke|p2|Dondozo, F|
|poke|p2|Corviknight, F|
|poke|p2|Slowking-Galar, F|
|poke|p2|Kyurem|
|teampreview
|inactive|Battle timer is ON: inactive players will automatically lose when time's up. (requested by Peep deez)
|
|t:|1758257656
|teamsize|p1|6
|teamsize|p2|6
|start
|switch|p1a: Corviknight|Corviknight, F|100/100
|switch|p2a: Meowscarada|Meowscarada, F, shiny|100/100
|-ability|p1a: Corviknight|Pressure
|turn|1
|
|t:|1758257674
|move|p2a: Meowscarada|Trick|p1a: Corviknight
|-start|p2a: Meowscarada|typechange|Psychic|[from] ability: Protean
|-activate|p2a: Meowscarada|move: Trick|[of] p1a: Corviknight
|-item|p1a: Corviknight|Choice Scarf|[from] move: Trick
|-item|p2a: Meowscarada|Rocky Helmet|[from] move: Trick
|move|p1a: Corviknight|Brave Bird|p2a: Meowscarada
|-damage|p2a: Meowscarada|43/100
|-damage|p1a: Corviknight|84/100|[from] item: Rocky Helmet|[of] p2a: Meowscarada
|-damage|p1a: Corviknight|70/100|[from] Recoil
|
|upkeep
|turn|2
|inactive|Celestial_dubkun has 120 seconds left.
|
|t:|1758257702
|switch|p2a: Corviknight|Corviknight, F, shiny|100/100
|-ability|p2a: Corviknight|Pressure
|switch|p1a: Enamorus|Enamorus, F|100/100
|
|upkeep
|turn|3
|inactive|Celestial_dubkun has 120 seconds left.
|
|t:|1758257715
|move|p1a: Enamorus|Mystical Fire|p2a: Corviknight
|-supereffective|p2a: Corviknight
|-damage|p2a: Corviknight|40/100
|-unboost|p2a: Corviknight|spa|1
|move|p2a: Corviknight|U-turn|p1a: Enamorus
|-resisted|p1a: Enamorus
|-damage|p1a: Enamorus|94/100
|
|t:|1758257721
|switch|p2a: Kyurem|Kyurem, shiny|100/100|[from] U-turn
|-ability|p2a: Kyurem|Pressure
|
|upkeep
|turn|4
|
|t:|1758257729
|switch|p1a: Goodra|Goodra-Hisui, M|100/100
|move|p2a: Kyurem|Substitute|p2a: Kyurem
|-start|p2a: Kyurem|Substitute
|-damage|p2a: Kyurem|76/100
|
|-heal|p2a: Kyurem|82/100|[from] item: Leftovers
|upkeep
|turn|5
|
|t:|1758257734
|move|p2a: Kyurem|Earth Power|p1a: Goodra
|-supereffective|p1a: Goodra
|-damage|p1a: Goodra|72/100
|move|p1a: Goodra|Heavy Slam|p2a: Kyurem
|-supereffective|p2a: Kyurem
|-end|p2a: Kyurem|Substitute
|
|-heal|p2a: Kyurem|88/100|[from] item: Leftovers
|upkeep
|turn|6
|
|t:|1758257740
|move|p2a: Kyurem|Protect|p2a: Kyurem
|-singleturn|p2a: Kyurem|Protect
|move|p1a: Goodra|Knock Off|p2a: Kyurem
|-activate|p2a: Kyurem|move: Protect
|
|-heal|p2a: Kyurem|94/100|[from] item: Leftovers
|upkeep
|turn|7
|
|t:|1758257748
|switch|p2a: Dondozo|Dondozo, F, shiny|100/100
|move|p1a: Goodra|Knock Off|p2a: Dondozo
|-damage|p2a: Dondozo|86/100
|-damage|p1a: Goodra|56/100|[from] item: Rocky Helmet|[of] p2a: Dondozo
|-enditem|p2a: Dondozo|Rocky Helmet|[from] move: Knock Off|[of] p1a: Goodra
|
|upkeep
|turn|8
|
|t:|1758257757
|switch|p1a: Enamorus|Enamorus, F|94/100
|move|p2a: Dondozo|Avalanche|p1a: Enamorus
|-supereffective|p1a: Enamorus
|-damage|p1a: Enamorus|49/100
|
|upkeep
|turn|9
|
|t:|1758257767
|switch|p2a: Slowking|Slowking-Galar, F, shiny|100/100
|-terastallize|p1a: Enamorus|Fairy
|move|p1a: Enamorus|Moonblast|p2a: Slowking
|-resisted|p2a: Slowking
|-damage|p2a: Slowking|70/100
|-unboost|p2a: Slowking|spa|1
|
|-heal|p2a: Slowking|76/100|[from] item: Black Sludge
|upkeep
|turn|10
|
|t:|1758257770
|switch|p1a: Goodra|Goodra-Hisui, M|56/100
|-prepare|p2a: Slowking|Chilly Reception|[premajor]
|move|p2a: Slowking|Chilly Reception|p2a: Slowking
|-weather|Snowscape
|
|t:|1758257780
|switch|p2a: Corviknight|Corviknight, F, shiny|40/100|[from] Chilly Reception
|-ability|p2a: Corviknight|Pressure
|
|-weather|Snowscape|[upkeep]
|-heal|p2a: Corviknight|46/100|[from] item: Leftovers
|upkeep
|turn|11
|
|t:|1758257787
|move|p2a: Corviknight|Roost|p2a: Corviknight
|-heal|p2a: Corviknight|96/100
|-singleturn|p2a: Corviknight|move: Roost
|move|p1a: Goodra|Knock Off|p2a: Corviknight
|-damage|p2a: Corviknight|70/100
|-enditem|p2a: Corviknight|Leftovers|[from] move: Knock Off|[of] p1a: Goodra
|
|-weather|Snowscape|[upkeep]
|upkeep
|turn|12
|
|t:|1758257793
|switch|p1a: Corviknight|Corviknight, F|70/100
|-ability|p1a: Corviknight|Pressure
|move|p2a: Corviknight|Roost|p2a: Corviknight
|-heal|p2a: Corviknight|100/100
|-singleturn|p2a: Corviknight|move: Roost
|
|-weather|Snowscape|[upkeep]
|upkeep
|turn|13
|
|t:|1758257795
|move|p1a: Corviknight|U-turn|p2a: Corviknight
|-resisted|p2a: Corviknight
|-damage|p2a: Corviknight|97/100
|
|t:|1758257803
|switch|p1a: Toxapex|Toxapex, M|100/100|[from] U-turn
|move|p2a: Corviknight|U-turn|p1a: Toxapex
|-resisted|p1a: Toxapex
|-damage|p1a: Toxapex|96/100
|
|t:|1758257810
|switch|p2a: Kyurem|Kyurem, shiny|94/100|[from] U-turn
|-ability|p2a: Kyurem|Pressure
|
|-weather|Snowscape|[upkeep]
|-heal|p2a: Kyurem|99/100|[from] item: Leftovers
|-heal|p1a: Toxapex|100/100|[from] item: Leftovers
|upkeep
|turn|14
|
|t:|1758257821
|switch|p1a: Goodra|Goodra-Hisui, M|56/100
|move|p2a: Kyurem|Substitute|p2a: Kyurem
|-start|p2a: Kyurem|Substitute
|-damage|p2a: Kyurem|75/100
|
|-weather|none
|-heal|p2a: Kyurem|81/100|[from] item: Leftovers
|upkeep
|turn|15
|
|t:|1758257845
|move|p2a: Kyurem|Protect|p2a: Kyurem
|-singleturn|p2a: Kyurem|Protect
|move|p1a: Goodra|Heavy Slam|p2a: Kyurem
|-activate|p2a: Kyurem|move: Protect
|
|-heal|p2a: Kyurem|88/100|[from] item: Leftovers
|upkeep
|turn|16
|
|t:|1758257857
|move|p2a: Kyurem|Earth Power|p1a: Goodra
|-supereffective|p1a: Goodra
|-damage|p1a: Goodra|31/100
|move|p1a: Goodra|Heavy Slam|p2a: Kyurem
|-supereffective|p2a: Kyurem
|-end|p2a: Kyurem|Substitute
|
|-heal|p2a: Kyurem|94/100|[from] item: Leftovers
|upkeep
|turn|17
|
|t:|1758257866
|move|p2a: Kyurem|Substitute|p2a: Kyurem
|-start|p2a: Kyurem|Substitute
|-damage|p2a: Kyurem|69/100
|move|p1a: Goodra|Dragon Tail|p2a: Kyurem
|-supereffective|p2a: Kyurem
|-end|p2a: Kyurem|Substitute
|
|-heal|p2a: Kyurem|75/100|[from] item: Leftovers
|upkeep
|turn|18
|
|t:|1758257880
|move|p2a: Kyurem|Protect|p2a: Kyurem
|-singleturn|p2a: Kyurem|Protect
|move|p1a: Goodra|Knock Off|p2a: Kyurem
|-activate|p2a: Kyurem|move: Protect
|
|-heal|p2a: Kyurem|81/100|[from] item: Leftovers
|upkeep
|turn|19
|
|t:|1758257886
|switch|p2a: Dondozo|Dondozo, F, shiny|86/100
|move|p1a: Goodra|Dragon Tail|p2a: Dondozo
|-damage|p2a: Dondozo|73/100
|drag|p2a: Kyurem|Kyurem, shiny|81/100
|-ability|p2a: Kyurem|Pressure
|
|-heal|p2a: Kyurem|87/100|[from] item: Leftovers
|upkeep
|turn|20
|
|t:|1758257894
|switch|p2a: Meowscarada|Meowscarada, F, shiny|43/100
|move|p1a: Goodra|Dragon Tail|p2a: Meowscarada
|-damage|p2a: Meowscarada|0 fnt
|-damage|p1a: Goodra|15/100|[from] item: Rocky Helmet|[of] p2a: Meowscarada
|faint|p2a: Meowscarada
|
|upkeep
|
|t:|1758257901
|switch|p2a: Kyurem|Kyurem, shiny|87/100
|-ability|p2a: Kyurem|Pressure
|turn|21
|
|t:|1758257904
|move|p2a: Kyurem|Earth Power|p1a: Goodra
|-supereffective|p1a: Goodra
|-damage|p1a: Goodra|0 fnt
|faint|p1a: Goodra
|
|-heal|p2a: Kyurem|94/100|[from] item: Leftovers
|upkeep
|
|t:|1758257906
|switch|p1a: Enamorus|Enamorus, F, tera:Fairy|49/100
|turn|22
|
|t:|1758257912
|move|p2a: Kyurem|Protect|p2a: Kyurem
|-singleturn|p2a: Kyurem|Protect
|move|p1a: Enamorus|Earth Power|p2a: Kyurem
|-activate|p2a: Kyurem|move: Protect
|
|-heal|p2a: Kyurem|99/100|[from] item: Leftovers
|upkeep
|turn|23
|-message|Celestial_dubkun forfeited.
|
|win|Peep deez
|raw|Celestial_dubkun's rating: 1608 &rarr; <strong>1585</strong><br />(-23 for losing)
|raw|Peep deez's rating: 1555 &rarr; <strong>1578</strong><br />(+23 for winning)
|l|☆Celestial_dubkun
|player|p1|
|c|☆Peep deez|gg
|l|☆Peep deez
|player|p2|
