|j|☆life is a paradox
|j|☆nbmzs
|t:|1758357451
|gametype|singles
|player|p1|life is a paradox|cowgirl|1206
|player|p2|nbmzs|rosa|1223
|gen|9
|tier|[Gen 9] OU
|rated|
|rule|HP Percentage Mod: HP is shown in percentages
|rule|Endless Battle Clause: Forcing endless battles is banned
|rule|Species Clause: Limit one of each Pokémon
|rule|OHKO Clause: OHKO moves are banned
|rule|Evasion Items Clause: Evasion items are banned
|rule|Evasion Moves Clause: Evasion moves are banned
|rule|Evasion Abilities Clause: Evasion abilities are banned
|rule|Sleep Moves Clause: Sleep-inducing moves are banned
|clearpoke
|poke|p1|Slowbro-Galar, F|
|poke|p1|Moltres-Galar|
|poke|p1|Glastrier|
|poke|p1|Araquanid, M|
|poke|p1|Dragapult, F|
|poke|p1|Coalossal, F|
|poke|p2|Ogerpon-Wellspring, F|
|poke|p2|Kingambit, F|
|poke|p2|Landorus-Therian, M|
|poke|p2|Glimmora, F|
|poke|p2|Dragapult, M|
|poke|p2|Iron Valiant|
|teampreview
|
|t:|1758357459
|teamsize|p1|6
|teamsize|p2|6
|start
|switch|p1a: Araquanid|Araquanid, M|100/100
|switch|p2a: Landorus|Landorus-Therian, M|100/100
|-ability|p2a: Landorus|Intimidate|boost
|-unboost|p1a: Araquanid|atk|1
|turn|1
|inactive|Battle timer is ON: inactive players will automatically lose when time's up. (requested by life is a paradox)
|
|t:|1758357478
|move|p2a: Landorus|Stealth Rock|p1a: Araquanid
|-sidestart|p1: life is a paradox|move: Stealth Rock
|move|p1a: Araquanid|Hydro Pump|p2a: Landorus
|-supereffective|p2a: Landorus
|-damage|p2a: Landorus|12/100
|
|upkeep
|turn|2
|
|t:|1758357486
|move|p2a: Landorus|U-turn|p1a: Araquanid
|-damage|p1a: Araquanid|76/100
|
|t:|1758357490
|switch|p2a: Ogerpon|Ogerpon-Wellspring, F|100/100|[from] U-turn
|move|p1a: Araquanid|Liquidation|p2a: Ogerpon
|-immune|p2a: Ogerpon|[from] ability: Water Absorb
|
|upkeep
|turn|3
|
|t:|1758357502
|switch|p1a: Dragapult|Dragapult, F|100/100
|-damage|p1a: Dragapult|88/100|[from] Stealth Rock
|move|p2a: Ogerpon|Horn Leech|p1a: Dragapult
|-resisted|p1a: Dragapult
|-damage|p1a: Dragapult|53/100
|
|upkeep
|turn|4
|
|t:|1758357512
|move|p1a: Dragapult|Dragon Darts|p2a: Ogerpon
|-damage|p2a: Ogerpon|48/100
|-anim|p1a: Dragapult|Dragon Darts|p2a: Ogerpon
|-damage|p2a: Ogerpon|0 fnt
|faint|p2a: Ogerpon
|
|upkeep
|
|t:|1758357533
|switch|p2a: Dragapult|Dragapult, M|100/100
|turn|5
|
|t:|1758357541
|switch|p1a: Glastrier|Glastrier|100/100
|-damage|p1a: Glastrier|75/100|[from] Stealth Rock
|move|p2a: Dragapult|Draco Meteor|p1a: Glastrier
|-damage|p1a: Glastrier|10/100
|-unboost|p2a: Dragapult|spa|2
|
|-heal|p1a: Glastrier|16/100|[from] item: Leftovers
|upkeep
|turn|6
|
|t:|1758357553
|move|p2a: Dragapult|Draco Meteor|p1a: Glastrier
|-damage|p1a: Glastrier|0 fnt
|-unboost|p2a: Dragapult|spa|2
|faint|p1a: Glastrier
|
|upkeep
|
|t:|1758357562
|switch|p1a: Dragapult|Dragapult, F|53/100
|-damage|p1a: Dragapult|41/100|[from] Stealth Rock
|turn|7
|
|t:|1758357581
|switch|p2a: Iron Valiant|Iron Valiant|100/100
|-enditem|p2a: Iron Valiant|Booster Energy
|-activate|p2a: Iron Valiant|ability: Quark Drive|[fromitem]
|-start|p2a: Iron Valiant|quarkdrivespe
|move|p1a: Dragapult|U-turn|p2a: Iron Valiant
|-resisted|p2a: Iron Valiant
|-crit|p2a: Iron Valiant
|-damage|p2a: Iron Valiant|84/100
|
|t:|1758357585
|switch|p1a: Coalossal|Coalossal, F|100/100|[from] U-turn
|-damage|p1a: Coalossal|76/100|[from] Stealth Rock
|
|upkeep
|turn|8
|
|t:|1758357598
|move|p2a: Iron Valiant|Knock Off|p1a: Coalossal
|-damage|p1a: Coalossal|53/100
|-status|p2a: Iron Valiant|brn|[from] ability: Flame Body|[of] p1a: Coalossal
|-enditem|p1a: Coalossal|Focus Sash|[from] move: Knock Off|[of] p2a: Iron Valiant
|move|p1a: Coalossal|Rapid Spin|p2a: Iron Valiant
|-damage|p2a: Iron Valiant|64/100 brn
|-boost|p1a: Coalossal|spe|1
|-sideend|p1: life is a paradox|Stealth Rock|[from] move: Rapid Spin|[of] p1a: Coalossal
|
|-damage|p2a: Iron Valiant|58/100 brn|[from] brn
|upkeep
|turn|9
|inactive|nbmzs has 120 seconds left.
|
|t:|1758357624
|move|p2a: Iron Valiant|Spirit Break|p1a: Coalossal
|-resisted|p1a: Coalossal
|-damage|p1a: Coalossal|46/100
|-unboost|p1a: Coalossal|spa|1
|move|p1a: Coalossal|Heat Crash|p2a: Iron Valiant
|-damage|p2a: Iron Valiant|0 fnt
|faint|p2a: Iron Valiant
|-end|p2a: Iron Valiant|Quark Drive|[silent]
|
|upkeep
|inactive|nbmzs has 120 seconds left.
|
|t:|1758357634
|switch|p2a: Landorus|Landorus-Therian, M|12/100
|-ability|p2a: Landorus|Intimidate|boost
|-unboost|p1a: Coalossal|atk|1
|turn|10
|inactive|nbmzs has 120 seconds left.
|
|t:|1758357642
|move|p2a: Landorus|Earthquake|p1a: Coalossal
|-supereffective|p1a: Coalossal
|-damage|p1a: Coalossal|0 fnt
|faint|p1a: Coalossal
|
|upkeep
|
|t:|1758357645
|switch|p1a: Dragapult|Dragapult, F|41/100
|turn|11
|
|t:|1758357655
|move|p1a: Dragapult|Dragon Darts|p2a: Landorus
|-damage|p2a: Landorus|0 fnt
|faint|p2a: Landorus
|
|upkeep
|
|t:|1758357665
|switch|p2a: Kingambit|Kingambit, F|100/100
|-activate|p2a: Kingambit|ability: Supreme Overlord
|-start|p2a: Kingambit|fallen3|[silent]
|turn|12
|
|t:|1758357672
|switch|p1a: Araquanid|Araquanid, M|76/100
|move|p2a: Kingambit|Sucker Punch||[still]
|-fail|p2a: Kingambit
|
|upkeep
|turn|13
|
|t:|1758357677
|move|p2a: Kingambit|Swords Dance|p2a: Kingambit
|-boost|p2a: Kingambit|atk|2
|move|p1a: Araquanid|Liquidation|p2a: Kingambit
|-damage|p2a: Kingambit|56/100
|
|-heal|p2a: Kingambit|62/100|[from] item: Leftovers
|upkeep
|turn|14
|
|t:|1758357687
|move|p2a: Kingambit|Kowtow Cleave|p1a: Araquanid
|-damage|p1a: Araquanid|0 fnt
|faint|p1a: Araquanid
|
|-heal|p2a: Kingambit|68/100|[from] item: Leftovers
|upkeep
|
|t:|1758357705
|switch|p1a: Slowbro|Slowbro-Galar, F|100/100
|turn|15
|
|t:|1758357714
|move|p2a: Kingambit|Sucker Punch|p1a: Slowbro
|-supereffective|p1a: Slowbro
|-damage|p1a: Slowbro|0 fnt
|faint|p1a: Slowbro
|
|-heal|p2a: Kingambit|74/100|[from] item: Leftovers
|upkeep
|
|t:|1758357717
|switch|p1a: Moltres|Moltres-Galar|100/100
|turn|16
|-message|life is a paradox forfeited.
|
|win|nbmzs
|raw|life is a paradox's rating: 1206 &rarr; <strong>1182</strong><br />(-24 for losing)
|raw|nbmzs's rating: 1223 &rarr; <strong>1247</strong><br />(+24 for winning)
|l|☆life is a paradox
|player|p1|
|l|☆nbmzs
|player|p2|
