|j|☆NokoNoah
|j|☆fat nerd 22
|t:|1758321770
|gametype|singles
|player|p1|NokoNoah|miku-water|1312
|player|p2|fat nerd 22|giovanni|1292
|gen|9
|tier|[Gen 9] OU
|rated|
|rule|HP Percentage Mod: HP is shown in percentages
|rule|Endless Battle Clause: Forcing endless battles is banned
|rule|Species Clause: Limit one of each Pokémon
|rule|OHKO Clause: OHKO moves are banned
|rule|Evasion Items Clause: Evasion items are banned
|rule|Evasion Moves Clause: Evasion moves are banned
|rule|Evasion Abilities Clause: Evasion abilities are banned
|rule|Sleep Moves Clause: Sleep-inducing moves are banned
|clearpoke
|poke|p1|Charizard, F|
|poke|p1|Ninetales, F|
|poke|p1|Walking Wake|
|poke|p1|Kingambit, M|
|poke|p1|Hatterene, F|
|poke|p1|Great Tusk|
|poke|p2|Heracross, M|
|poke|p2|Araquanid, M|
|poke|p2|Cyclizar, F|
|poke|p2|Gardevoir, F|
|poke|p2|Regidrago|
|poke|p2|Greninja-*, M|
|teampreview
|
|t:|1758321779
|teamsize|p1|6
|teamsize|p2|6
|start
|switch|p1a: Ninetales|Ninetales, F|100/100
|switch|p2a: Big D|Regidrago|100/100
|-weather|SunnyDay|[from] ability: Drought|[of] p1a: Ninetales
|turn|1
|
|t:|1758321790
|move|p2a: Big D|Dragon Energy|p1a: Ninetales
|-damage|p1a: Ninetales|0 fnt
|faint|p1a: Ninetales
|
|-weather|SunnyDay|[upkeep]
|upkeep
|
|t:|1758321792
|switch|p1a: Hatterene|Hatterene, F|100/100
|turn|2
|
|t:|1758321798
|switch|p2a: Heracross|Heracross, M|100/100
|move|p1a: Hatterene|Calm Mind|p1a: Hatterene
|-boost|p1a: Hatterene|spa|1
|-boost|p1a: Hatterene|spd|1
|
|-weather|SunnyDay|[upkeep]
|-status|p2a: Heracross|brn|[from] item: Flame Orb
|upkeep
|turn|3
|
|t:|1758321804
|move|p2a: Heracross|Facade|p1a: Hatterene
|-damage|p1a: Hatterene|43/100
|move|p1a: Hatterene|Draining Kiss|p2a: Heracross
|-supereffective|p2a: Heracross
|-damage|p2a: Heracross|37/100 brn
|-heal|p1a: Hatterene|97/100|[from] drain|[of] p2a: Heracross
|
|-weather|SunnyDay|[upkeep]
|-heal|p1a: Hatterene|100/100|[from] item: Leftovers
|-damage|p2a: Heracross|31/100 brn|[from] brn
|upkeep
|turn|4
|
|t:|1758321815
|switch|p1a: Great Tusk|Great Tusk|100/100
|-activate|p1a: Great Tusk|ability: Protosynthesis
|-start|p1a: Great Tusk|protosynthesisspe
|move|p2a: Heracross|Facade|p1a: Great Tusk
|-damage|p1a: Great Tusk|54/100
|
|-weather|SunnyDay|[upkeep]
|-heal|p1a: Great Tusk|60/100|[from] item: Leftovers
|-damage|p2a: Heracross|25/100 brn|[from] brn
|upkeep
|turn|5
|
|t:|1758321825
|move|p1a: Great Tusk|Ice Spinner|p2a: Heracross
|-damage|p2a: Heracross|0 fnt
|faint|p2a: Heracross
|
|-weather|SunnyDay|[upkeep]
|-heal|p1a: Great Tusk|66/100|[from] item: Leftovers
|upkeep
|
|t:|1758321837
|switch|p2a: Gardevoir|Gardevoir, F|100/100
|turn|6
|
|t:|1758321840
|-end|p1a: Great Tusk|Protosynthesis|[silent]
|switch|p1a: Hatterene|Hatterene, F|100/100
|-ability|p2a: Gardevoir|Magic Bounce|Trace|[from] ability: Trace|[of] p1a: Hatterene
|move|p2a: Gardevoir|Trick Room|p2a: Gardevoir
|-fieldstart|move: Trick Room|[of] p2a: Gardevoir
|
|-weather|SunnyDay|[upkeep]
|upkeep
|turn|7
|
|t:|1758321846
|move|p1a: Hatterene|Calm Mind|p1a: Hatterene
|-boost|p1a: Hatterene|spa|1
|-boost|p1a: Hatterene|spd|1
|move|p2a: Gardevoir|Mystical Fire|p1a: Hatterene
|-damage|p1a: Hatterene|70/100
|-unboost|p1a: Hatterene|spa|1
|
|-weather|SunnyDay|[upkeep]
|-heal|p1a: Hatterene|76/100|[from] item: Leftovers
|upkeep
|turn|8
|
|t:|1758321853
|move|p1a: Hatterene|Calm Mind|p1a: Hatterene
|-boost|p1a: Hatterene|spa|1
|-boost|p1a: Hatterene|spd|1
|move|p2a: Gardevoir|Mystical Fire|p1a: Hatterene
|-damage|p1a: Hatterene|54/100
|-unboost|p1a: Hatterene|spa|1
|
|-weather|none
|-heal|p1a: Hatterene|60/100|[from] item: Leftovers
|upkeep
|turn|9
|
|t:|1758321855
|move|p1a: Hatterene|Calm Mind|p1a: Hatterene
|-boost|p1a: Hatterene|spa|1
|-boost|p1a: Hatterene|spd|1
|move|p2a: Gardevoir|Mystical Fire|p1a: Hatterene
|-damage|p1a: Hatterene|48/100
|-unboost|p1a: Hatterene|spa|1
|
|-heal|p1a: Hatterene|54/100|[from] item: Leftovers
|upkeep
|turn|10
|
|t:|1758321858
|move|p1a: Hatterene|Calm Mind|p1a: Hatterene
|-boost|p1a: Hatterene|spa|1
|-boost|p1a: Hatterene|spd|1
|move|p2a: Gardevoir|Mystical Fire|p1a: Hatterene
|-damage|p1a: Hatterene|45/100
|-unboost|p1a: Hatterene|spa|1
|
|-heal|p1a: Hatterene|51/100|[from] item: Leftovers
|-fieldend|move: Trick Room
|upkeep
|turn|11
|
|t:|1758321864
|switch|p2a: Araquanid|Araquanid, M|100/100
|move|p1a: Hatterene|Calm Mind|p1a: Hatterene
|-boost|p1a: Hatterene|spa|1
|-boost|p1a: Hatterene|spd|1
|
|-heal|p1a: Hatterene|57/100|[from] item: Leftovers
|upkeep
|turn|12
|
|t:|1758321870
|move|p2a: Araquanid|Liquidation|p1a: Hatterene
|-damage|p1a: Hatterene|15/100
|move|p1a: Hatterene|Draining Kiss|p2a: Araquanid
|-damage|p2a: Araquanid|85/100
|-heal|p1a: Hatterene|26/100|[from] drain|[of] p2a: Araquanid
|
|-heal|p1a: Hatterene|32/100|[from] item: Leftovers
|upkeep
|turn|13
|
|t:|1758321876
|switch|p1a: Walking Wake|Walking Wake|100/100
|move|p2a: Araquanid|Liquidation|p1a: Walking Wake
|-resisted|p1a: Walking Wake
|-damage|p1a: Walking Wake|87/100
|
|upkeep
|turn|14
|
|t:|1758321886
|move|p1a: Walking Wake|Draco Meteor|p2a: Araquanid
|-damage|p2a: Araquanid|42/100
|-unboost|p1a: Walking Wake|spa|2
|move|p2a: Araquanid|Pounce|p1a: Walking Wake
|-damage|p1a: Walking Wake|71/100
|-unboost|p1a: Walking Wake|spe|1
|
|upkeep
|turn|15
|
|t:|1758321897
|-end|p1a: Walking Wake|Protosynthesis|[silent]
|switch|p1a: Charizard|Charizard, F|100/100
|move|p2a: Araquanid|Liquidation|p1a: Charizard
|-supereffective|p1a: Charizard
|-damage|p1a: Charizard|0 fnt
|faint|p1a: Charizard
|
|upkeep
|
|t:|1758321900
|switch|p1a: Walking Wake|Walking Wake|71/100
|turn|16
|
|t:|1758321903
|move|p1a: Walking Wake|Draco Meteor|p2a: Araquanid
|-damage|p2a: Araquanid|1/100
|-unboost|p1a: Walking Wake|spa|2
|move|p2a: Araquanid|Pounce|p1a: Walking Wake
|-damage|p1a: Walking Wake|54/100
|-unboost|p1a: Walking Wake|spe|1
|
|upkeep
|turn|17
|
|t:|1758321907
|move|p1a: Walking Wake|Draco Meteor|p2a: Araquanid
|-damage|p2a: Araquanid|0 fnt
|-unboost|p1a: Walking Wake|spa|2
|faint|p2a: Araquanid
|
|upkeep
|
|t:|1758321916
|switch|p2a: Greninja|Greninja, M|100/100
|turn|18
|
|t:|1758321927
|-end|p1a: Walking Wake|Protosynthesis|[silent]
|switch|p1a: Great Tusk|Great Tusk|66/100
|move|p2a: Greninja|Dark Pulse|p1a: Great Tusk
|-resisted|p1a: Great Tusk
|-damage|p1a: Great Tusk|40/100
|
|-heal|p1a: Great Tusk|46/100|[from] item: Leftovers
|upkeep
|turn|19
|
|t:|1758321934
|move|p2a: Greninja|Surf|p1a: Great Tusk
|-supereffective|p1a: Great Tusk
|-damage|p1a: Great Tusk|0 fnt
|faint|p1a: Great Tusk
|-end|p1a: Great Tusk|Protosynthesis|[silent]
|-ability|p2a: Greninja|Battle Bond|boost
|-boost|p2a: Greninja|atk|1
|-boost|p2a: Greninja|spa|1
|-boost|p2a: Greninja|spe|1
|-activate|p2a: Greninja|ability: Battle Bond
|
|upkeep
|
|t:|1758321947
|switch|p1a: Walking Wake|Walking Wake|54/100
|turn|20
|
|t:|1758321953
|move|p2a: Greninja|Dark Pulse|p1a: Walking Wake
|-damage|p1a: Walking Wake|0 fnt
|faint|p1a: Walking Wake
|-end|p1a: Walking Wake|Protosynthesis|[silent]
|
|upkeep
|
|t:|1758321954
|switch|p1a: Hatterene|Hatterene, F|32/100
|turn|21
|
|t:|1758321969
|move|p2a: Greninja|Dark Pulse|p1a: Hatterene
|-crit|p1a: Hatterene
|-damage|p1a: Hatterene|0 fnt
|faint|p1a: Hatterene
|
|upkeep
|
|t:|1758321970
|switch|p1a: Kingambit|Kingambit, M|100/100
|-activate|p1a: Kingambit|ability: Supreme Overlord
|-start|p1a: Kingambit|fallen5|[silent]
|turn|22
|
|t:|1758321980
|-terastallize|p1a: Kingambit|Dark
|move|p2a: Greninja|Water Shuriken|p1a: Kingambit
|-damage|p1a: Kingambit|85/100
|-damage|p1a: Kingambit|68/100
|-hitcount|p1a: Kingambit|2
|move|p1a: Kingambit|Sucker Punch||[still]
|-fail|p1a: Kingambit
|
|upkeep
|turn|23
|
|t:|1758321990
|move|p2a: Greninja|Surf|p1a: Kingambit
|-crit|p1a: Kingambit
|-damage|p1a: Kingambit|0 fnt
|faint|p1a: Kingambit
|-end|p1a: Kingambit|fallen5|[silent]
|
|win|fat nerd 22
|raw|NokoNoah's rating: 1312 &rarr; <strong>1291</strong><br />(-21 for losing)
|raw|fat nerd 22's rating: 1292 &rarr; <strong>1318</strong><br />(+26 for winning)
|l|☆NokoNoah
|player|p1|
|c|☆fat nerd 22|green fn
|l|☆fat nerd 22
|player|p2|
