|j|☆r1se 0f j1mothy
|j|☆serome17
|t:|1758358545
|gametype|singles
|player|p1|r1se 0f j1mothy|veteran|1190
|player|p2|serome17|hugh|1182
|gen|9
|tier|[Gen 9] OU
|rated|
|rule|HP Percentage Mod: HP is shown in percentages
|rule|Endless Battle Clause: Forcing endless battles is banned
|rule|Species Clause: Limit one of each Pokémon
|rule|OHKO Clause: OHKO moves are banned
|rule|Evasion Items Clause: Evasion items are banned
|rule|Evasion Moves Clause: Evasion moves are banned
|rule|Evasion Abilities Clause: Evasion abilities are banned
|rule|Sleep Moves Clause: Sleep-inducing moves are banned
|clearpoke
|poke|p1|Pelipper, F|
|poke|p1|Blastoise, F|
|poke|p1|Raging Bolt|
|poke|p1|Barraskewda, F|
|poke|p1|Ogerpon-Wellspring, F|
|poke|p1|Iron Treads|
|poke|p2|Walking Wake|
|poke|p2|Torkoal, M|
|poke|p2|Gliscor, M|
|poke|p2|Raging Bolt|
|poke|p2|Gholdengo|
|poke|p2|Hatterene, F|
|teampreview
|inactive|Battle timer is ON: inactive players will automatically lose when time's up. (requested by r1se 0f j1mothy)
|
|t:|1758358566
|teamsize|p1|6
|teamsize|p2|6
|start
|switch|p1a: Pelipper|Pelipper, F|100/100
|switch|p2a: Walking Wake|Walking Wake|100/100
|-weather|RainDance|[from] ability: Drizzle|[of] p1a: Pelipper
|turn|1
|
|t:|1758358575
|switch|p1a: Ogerpon|Ogerpon-Wellspring, F|100/100
|move|p2a: Walking Wake|Flip Turn|p1a: Ogerpon
|-immune|p1a: Ogerpon|[from] ability: Water Absorb
|
|-weather|RainDance|[upkeep]
|upkeep
|turn|2
|
|t:|1758358585
|-end|p2a: Walking Wake|Protosynthesis|[silent]
|switch|p2a: Torkoal|Torkoal, M, shiny|100/100
|-weather|SunnyDay|[from] ability: Drought|[of] p2a: Torkoal
|move|p1a: Ogerpon|Knock Off|p2a: Torkoal
|-damage|p2a: Torkoal|77/100
|-enditem|p2a: Torkoal|Heavy-Duty Boots|[from] move: Knock Off|[of] p1a: Ogerpon
|
|-weather|SunnyDay|[upkeep]
|upkeep
|turn|3
|
|t:|1758358596
|move|p1a: Ogerpon|Ivy Cudgel|p2a: Torkoal|[anim] Ivy Cudgel Water
|-supereffective|p2a: Torkoal
|-damage|p2a: Torkoal|42/100
|move|p2a: Torkoal|Weather Ball|p1a: Ogerpon
|-damage|p1a: Ogerpon|46/100
|
|-weather|SunnyDay|[upkeep]
|upkeep
|turn|4
|
|t:|1758358607
|switch|p2a: Walking Wake|Walking Wake|100/100
|-activate|p2a: Walking Wake|ability: Protosynthesis
|-start|p2a: Walking Wake|protosynthesisspa
|move|p1a: Ogerpon|U-turn|p2a: Walking Wake
|-damage|p2a: Walking Wake|73/100
|
|t:|1758358615
|switch|p1a: Pelipper|Pelipper, F|100/100|[from] U-turn
|-weather|RainDance|[from] ability: Drizzle|[of] p1a: Pelipper
|-end|p2a: Walking Wake|Protosynthesis
|
|-weather|RainDance|[upkeep]
|upkeep
|turn|5
|
|t:|1758358631
|-end|p2a: Walking Wake|Protosynthesis|[silent]
|switch|p2a: Gliscor|Gliscor, M, shiny|100/100
|move|p1a: Pelipper|Hurricane|p2a: Gliscor
|-damage|p2a: Gliscor|56/100
|-start|p2a: Gliscor|confusion
|
|-weather|RainDance|[upkeep]
|-status|p2a: Gliscor|tox|[from] item: Toxic Orb
|upkeep
|turn|6
|
|t:|1758358638
|switch|p2a: Hatterene|Hatterene, F|100/100
|move|p1a: Pelipper|U-turn|p2a: Hatterene
|-damage|p2a: Hatterene|91/100
|
|t:|1758358648
|switch|p1a: Blastoise|Blastoise, F|100/100|[from] U-turn
|
|-weather|RainDance|[upkeep]
|upkeep
|turn|7
|
|t:|1758358653
|move|p1a: Blastoise|Shell Smash|p1a: Blastoise
|-unboost|p1a: Blastoise|def|1
|-unboost|p1a: Blastoise|spd|1
|-boost|p1a: Blastoise|atk|2
|-boost|p1a: Blastoise|spa|2
|-boost|p1a: Blastoise|spe|2
|-enditem|p1a: Blastoise|White Herb
|-clearnegativeboost|p1a: Blastoise|[silent]
|move|p2a: Hatterene|Nuzzle|p1a: Blastoise
|-supereffective|p1a: Blastoise
|-damage|p1a: Blastoise|90/100
|-status|p1a: Blastoise|par
|
|-weather|RainDance|[upkeep]
|-heal|p1a: Blastoise|96/100 par|[from] ability: Rain Dish
|upkeep
|turn|8
|
|t:|1758358666
|move|p1a: Blastoise|Surf|p2a: Hatterene
|-damage|p2a: Hatterene|23/100
|move|p2a: Hatterene|Psychic Noise|p1a: Blastoise
|-damage|p1a: Blastoise|56/100 par
|-start|p1a: Blastoise|move: Heal Block
|
|-weather|RainDance|[upkeep]
|upkeep
|turn|9
|
|t:|1758358674
|switch|p2a: Walking Wake|Walking Wake|73/100
|move|p1a: Blastoise|Surf|p2a: Walking Wake
|-resisted|p2a: Walking Wake
|-damage|p2a: Walking Wake|39/100
|
|-weather|RainDance|[upkeep]
|-end|p1a: Blastoise|move: Heal Block
|upkeep
|turn|10
|
|t:|1758358683
|-terastallize|p1a: Blastoise|Electric
|move|p2a: Walking Wake|Draco Meteor|p1a: Blastoise
|-damage|p1a: Blastoise|0 fnt
|-unboost|p2a: Walking Wake|spa|2
|faint|p1a: Blastoise
|
|-weather|RainDance|[upkeep]
|upkeep
|
|t:|1758358699
|switch|p1a: Raging Bolt|Raging Bolt|100/100
|turn|11
|
|t:|1758358707
|-end|p2a: Walking Wake|Protosynthesis|[silent]
|switch|p2a: Hatterene|Hatterene, F|23/100
|move|p1a: Raging Bolt|Dragon Pulse|p2a: Hatterene
|-immune|p2a: Hatterene
|
|-weather|none
|upkeep
|turn|12
|
|t:|1758358715
|-end|p1a: Raging Bolt|Protosynthesis|[silent]
|switch|p1a: Pelipper|Pelipper, F|100/100
|-weather|RainDance|[from] ability: Drizzle|[of] p1a: Pelipper
|move|p2a: Hatterene|Draining Kiss|p1a: Pelipper
|-damage|p1a: Pelipper|71/100
|-heal|p2a: Hatterene|45/100|[from] drain|[of] p1a: Pelipper
|
|-weather|RainDance|[upkeep]
|upkeep
|turn|13
|
|t:|1758358724
|move|p1a: Pelipper|Knock Off|p2a: Hatterene
|-damage|p2a: Hatterene|33/100
|-enditem|p2a: Hatterene|Assault Vest|[from] move: Knock Off|[of] p1a: Pelipper
|move|p2a: Hatterene|Nuzzle|p1a: Pelipper
|-supereffective|p1a: Pelipper
|-damage|p1a: Pelipper|58/100
|-status|p1a: Pelipper|par
|
|-weather|RainDance|[upkeep]
|upkeep
|turn|14
|
|t:|1758358731
|move|p2a: Hatterene|Draining Kiss|p1a: Pelipper
|-damage|p1a: Pelipper|27/100 par
|-heal|p2a: Hatterene|56/100|[from] drain|[of] p1a: Pelipper
|cant|p1a: Pelipper|par
|
|-weather|RainDance|[upkeep]
|upkeep
|turn|15
|
|t:|1758358738
|move|p2a: Hatterene|Draining Kiss|p1a: Pelipper
|-damage|p1a: Pelipper|0 fnt
|-heal|p2a: Hatterene|76/100|[from] drain|[of] p1a: Pelipper
|faint|p1a: Pelipper
|
|-weather|RainDance|[upkeep]
|upkeep
|
|t:|1758358745
|switch|p1a: Ogerpon|Ogerpon-Wellspring, F|46/100
|turn|16
|inactive|serome17 has 120 seconds left.
|
|t:|1758358780
|switch|p2a: Torkoal|Torkoal, M, shiny|42/100
|-weather|SunnyDay|[from] ability: Drought|[of] p2a: Torkoal
|move|p1a: Ogerpon|Ivy Cudgel|p2a: Torkoal|[anim] Ivy Cudgel Water
|-supereffective|p2a: Torkoal
|-damage|p2a: Torkoal|6/100
|
|-weather|SunnyDay|[upkeep]
|upkeep
|turn|17
|inactive|serome17 has 120 seconds left.
|
|t:|1758358800
|switch|p2a: Raging Bolt|Raging Bolt|100/100
|-activate|p2a: Raging Bolt|ability: Protosynthesis
|-start|p2a: Raging Bolt|protosynthesisspa
|move|p1a: Ogerpon|U-turn|p2a: Raging Bolt
|-damage|p2a: Raging Bolt|79/100
|
|t:|1758358807
|switch|p1a: Imagine nicknaming|Iron Treads|100/100|[from] U-turn
|
|-weather|SunnyDay|[upkeep]
|upkeep
|turn|18
|inactive|serome17 has 120 seconds left.
|
|t:|1758358814
|-end|p2a: Raging Bolt|Protosynthesis|[silent]
|switch|p2a: Gliscor|Gliscor, M, shiny|56/100 tox
|move|p1a: Imagine nicknaming|Knock Off|p2a: Gliscor
|-damage|p2a: Gliscor|36/100 tox
|-enditem|p2a: Gliscor|Toxic Orb|[from] move: Knock Off|[of] p1a: Imagine nicknaming
|
|-weather|SunnyDay|[upkeep]
|-heal|p2a: Gliscor|49/100 tox|[from] ability: Poison Heal
|upkeep
|turn|19
|
|t:|1758358821
|move|p1a: Imagine nicknaming|Stealth Rock|p2a: Gliscor
|-sidestart|p2: serome17|move: Stealth Rock
|move|p2a: Gliscor|Spikes|p1a: Imagine nicknaming
|-sidestart|p1: r1se 0f j1mothy|Spikes
|
|-weather|SunnyDay|[upkeep]
|-heal|p2a: Gliscor|61/100 tox|[from] ability: Poison Heal
|upkeep
|turn|20
|
|t:|1758358829
|move|p1a: Imagine nicknaming|Knock Off|p2a: Gliscor
|-damage|p2a: Gliscor|48/100 tox
|move|p2a: Gliscor|Spikes|p1a: Imagine nicknaming
|-sidestart|p1: r1se 0f j1mothy|Spikes
|
|-weather|none
|-heal|p2a: Gliscor|60/100 tox|[from] ability: Poison Heal
|upkeep
|turn|21
|
|t:|1758358839
|move|p1a: Imagine nicknaming|Rapid Spin|p2a: Gliscor
|-damage|p2a: Gliscor|49/100 tox
|-boost|p1a: Imagine nicknaming|spe|1
|-sideend|p1: r1se 0f j1mothy|Spikes|[from] move: Rapid Spin|[of] p1a: Imagine nicknaming
|move|p2a: Gliscor|Earthquake|p1a: Imagine nicknaming
|-supereffective|p1a: Imagine nicknaming
|-damage|p1a: Imagine nicknaming|38/100
|
|-heal|p1a: Imagine nicknaming|44/100|[from] item: Leftovers
|-heal|p2a: Gliscor|61/100 tox|[from] ability: Poison Heal
|upkeep
|turn|22
|
|t:|1758358848
|-end|p1a: Imagine nicknaming|Quark Drive|[silent]
|switch|p1a: Ogerpon|Ogerpon-Wellspring, F|46/100
|move|p2a: Gliscor|Spikes|p1a: Ogerpon
|-sidestart|p1: r1se 0f j1mothy|Spikes
|
|-heal|p2a: Gliscor|74/100 tox|[from] ability: Poison Heal
|upkeep
|turn|23
|
|t:|1758358869
|move|p2a: Gliscor|Protect|p2a: Gliscor
|-singleturn|p2a: Gliscor|Protect
|move|p1a: Ogerpon|Ivy Cudgel|p2a: Gliscor|[anim] Ivy Cudgel Water
|-activate|p2a: Gliscor|move: Protect
|
|-heal|p2a: Gliscor|86/100 tox|[from] ability: Poison Heal
|upkeep
|turn|24
|l|☆r1se 0f j1mothy
|inactive|r1se 0f j1mothy disconnected and has a minute to reconnect!
|player|p1|
|j|☆r1se 0f j1mothy
|inactive|r1se 0f j1mothy reconnected and has 140 seconds left.
|player|p1|r1se 0f j1mothy|veteran|
|
|t:|1758358884
|-terastallize|p2a: Gliscor|Dragon
|move|p1a: Ogerpon|Ivy Cudgel|p2a: Gliscor|[anim] Ivy Cudgel Water
|-resisted|p2a: Gliscor
|-damage|p2a: Gliscor|67/100 tox
|move|p2a: Gliscor|U-turn|p1a: Ogerpon
|-supereffective|p1a: Ogerpon
|-damage|p1a: Ogerpon|4/100
|
|t:|1758358893
|switch|p2a: Gholdengo|Gholdengo, shiny|100/100|[from] U-turn
|-damage|p2a: Gholdengo|94/100|[from] Stealth Rock
|
|upkeep
|turn|25
|
|t:|1758358902
|move|p2a: Gholdengo|Shadow Ball|p1a: Ogerpon
|-damage|p1a: Ogerpon|0 fnt
|faint|p1a: Ogerpon
|
|upkeep
|
|t:|1758358915
|switch|p1a: Barraskewda|Barraskewda, F|100/100
|-damage|p1a: Barraskewda|88/100|[from] Spikes
|turn|26
|
|t:|1758358931
|switch|p2a: Torkoal|Torkoal, M, shiny|6/100
|-damage|p2a: Torkoal|0 fnt|[from] Stealth Rock
|faint|p2a: Torkoal
|move|p1a: Barraskewda|Waterfall|p2: Torkoal|[notarget]
|-fail|p1a: Barraskewda
|
|upkeep
|
|t:|1758358938
|switch|p2a: Gliscor|Gliscor, M, shiny, tera:Dragon|67/100 tox
|-damage|p2a: Gliscor|55/100 tox|[from] Stealth Rock
|turn|27
|
|t:|1758358943
|switch|p1a: Imagine nicknaming|Iron Treads|44/100
|-damage|p1a: Imagine nicknaming|32/100|[from] Spikes
|move|p2a: Gliscor|Protect||[still]
|-fail|p2a: Gliscor
|
|-heal|p1a: Imagine nicknaming|38/100|[from] item: Leftovers
|-heal|p2a: Gliscor|67/100 tox|[from] ability: Poison Heal
|upkeep
|turn|28
|
|t:|1758358950
|move|p2a: Gliscor|Protect|p2a: Gliscor
|-singleturn|p2a: Gliscor|Protect
|move|p1a: Imagine nicknaming|Rapid Spin|p2a: Gliscor
|-activate|p2a: Gliscor|move: Protect
|
|-heal|p1a: Imagine nicknaming|44/100|[from] item: Leftovers
|-heal|p2a: Gliscor|80/100 tox|[from] ability: Poison Heal
|upkeep
|turn|29
|
|t:|1758358956
|move|p1a: Imagine nicknaming|Earthquake|p2a: Gliscor
|-damage|p2a: Gliscor|50/100 tox
|move|p2a: Gliscor|Spikes|p1a: Imagine nicknaming
|-sidestart|p1: r1se 0f j1mothy|Spikes
|
|-heal|p1a: Imagine nicknaming|51/100|[from] item: Leftovers
|-heal|p2a: Gliscor|63/100 tox|[from] ability: Poison Heal
|upkeep
|turn|30
|
|t:|1758358967
|move|p2a: Gliscor|Protect|p2a: Gliscor
|-singleturn|p2a: Gliscor|Protect
|move|p1a: Imagine nicknaming|Earthquake|p2a: Gliscor
|-activate|p2a: Gliscor|move: Protect
|
|-heal|p1a: Imagine nicknaming|57/100|[from] item: Leftovers
|-heal|p2a: Gliscor|75/100 tox|[from] ability: Poison Heal
|upkeep
|turn|31
|
|t:|1758358989
|move|p1a: Imagine nicknaming|Rapid Spin|p2a: Gliscor
|-damage|p2a: Gliscor|65/100 tox
|-boost|p1a: Imagine nicknaming|spe|1
|-sideend|p1: r1se 0f j1mothy|Spikes|[from] move: Rapid Spin|[of] p1a: Imagine nicknaming
|move|p2a: Gliscor|Earthquake|p1a: Imagine nicknaming
|-supereffective|p1a: Imagine nicknaming
|-damage|p1a: Imagine nicknaming|0 fnt
|faint|p1a: Imagine nicknaming
|-end|p1a: Imagine nicknaming|Quark Drive|[silent]
|
|-heal|p2a: Gliscor|78/100 tox|[from] ability: Poison Heal
|upkeep
|
|t:|1758358993
|switch|p1a: Raging Bolt|Raging Bolt|100/100
|turn|32
|
|t:|1758358999
|switch|p2a: Hatterene|Hatterene, F|76/100
|-damage|p2a: Hatterene|64/100|[from] Stealth Rock
|move|p1a: Raging Bolt|Calm Mind|p1a: Raging Bolt
|-boost|p1a: Raging Bolt|spa|1
|-boost|p1a: Raging Bolt|spd|1
|
|upkeep
|turn|33
|
|t:|1758359007
|move|p1a: Raging Bolt|Thunder|p2a: Hatterene
|-damage|p2a: Hatterene|0 fnt
|faint|p2a: Hatterene
|
|upkeep
|
|t:|1758359016
|switch|p2a: Walking Wake|Walking Wake|39/100
|-damage|p2a: Walking Wake|27/100|[from] Stealth Rock
|turn|34
|
|t:|1758359021
|move|p1a: Raging Bolt|Thunderclap|p2a: Walking Wake
|-damage|p2a: Walking Wake|0 fnt
|faint|p2a: Walking Wake
|-end|p2a: Walking Wake|Protosynthesis|[silent]
|
|upkeep
|
|t:|1758359037
|switch|p2a: Raging Bolt|Raging Bolt|79/100
|-damage|p2a: Raging Bolt|66/100|[from] Stealth Rock
|-enditem|p2a: Raging Bolt|Booster Energy
|-activate|p2a: Raging Bolt|ability: Protosynthesis|[fromitem]
|-start|p2a: Raging Bolt|protosynthesisspa
|turn|35
|
|t:|1758359051
|move|p1a: Raging Bolt|Dragon Pulse|p2a: Raging Bolt
|-supereffective|p2a: Raging Bolt
|-damage|p2a: Raging Bolt|0 fnt
|faint|p2a: Raging Bolt
|-end|p2a: Raging Bolt|Protosynthesis|[silent]
|
|upkeep
|-message|serome17 forfeited.
|
|win|r1se 0f j1mothy
|raw|r1se 0f j1mothy's rating: 1190 &rarr; <strong>1214</strong><br />(+24 for winning)
|raw|serome17's rating: 1182 &rarr; <strong>1158</strong><br />(-24 for losing)
|l|☆serome17
|player|p2|
