|j|☆astolfo cesar
|j|☆fengbingyuan520
|t:|1758332296
|gametype|singles
|player|p1|astolfo cesar|hilda|1234
|player|p2|fengbingyuan520|170|1226
|gen|9
|tier|[Gen 9] OU
|rated|
|rule|HP Percentage Mod: HP is shown in percentages
|rule|Endless Battle Clause: Forcing endless battles is banned
|rule|Species Clause: Limit one of each Pokémon
|rule|OHKO Clause: OHKO moves are banned
|rule|Evasion Items Clause: Evasion items are banned
|rule|Evasion Moves Clause: Evasion moves are banned
|rule|Evasion Abilities Clause: Evasion abilities are banned
|rule|Sleep Moves Clause: Sleep-inducing moves are banned
|clearpoke
|poke|p1|Pelipper, F|
|poke|p1|Hatterene, F|
|poke|p1|Iron Treads|
|poke|p1|Toxicroak, F|
|poke|p1|Barraskewda, F|
|poke|p1|Zapdos|
|poke|p2|Pecharunt|
|poke|p2|Great Tusk|
|poke|p2|Ogerpon-Wellspring, F|
|poke|p2|Iron Crown|
|poke|p2|Landorus-Therian, M|
|poke|p2|Samurott-Hisui, M|
|teampreview
|inactive|Battle timer is ON: inactive players will automatically lose when time's up. (requested by fengbingyuan520)
|
|t:|1758332307
|teamsize|p1|6
|teamsize|p2|6
|start
|switch|p1a: Pelipper|Pelipper, F|100/100
|switch|p2a: Iron Crown|Iron Crown|100/100
|-weather|RainDance|[from] ability: Drizzle|[of] p1a: Pelipper
|turn|1
|
|t:|1758332318
|switch|p1a: Iron Treads|Iron Treads|100/100
|move|p2a: Iron Crown|Volt Switch|p1a: Iron Treads
|-immune|p1a: Iron Treads
|
|-weather|RainDance|[upkeep]
|upkeep
|turn|2
|
|t:|1758332323
|-end|p2a: Iron Crown|Quark Drive|[silent]
|switch|p2a: Landorus|Landorus-Therian, M|100/100
|-ability|p2a: Landorus|Intimidate|boost
|-unboost|p1a: Iron Treads|atk|1
|move|p1a: Iron Treads|Stealth Rock|p2a: Landorus
|-sidestart|p2: fengbingyuan520|move: Stealth Rock
|
|-weather|RainDance|[upkeep]
|upkeep
|turn|3
|
|t:|1758332334
|-end|p1a: Iron Treads|Quark Drive|[silent]
|switch|p1a: Zapdos|Zapdos|100/100
|move|p2a: Landorus|Stone Edge|p1a: Zapdos
|-supereffective|p1a: Zapdos
|-crit|p1a: Zapdos
|-damage|p1a: Zapdos|0 fnt
|faint|p1a: Zapdos
|
|-weather|RainDance|[upkeep]
|upkeep
|
|t:|1758332344
|switch|p1a: Barraskewda|Barraskewda, F|100/100
|turn|4
|
|t:|1758332353
|switch|p2a: Pecharunt|Pecharunt|100/100
|-damage|p2a: Pecharunt|88/100|[from] Stealth Rock
|move|p1a: Barraskewda|Liquidation|p2a: Pecharunt
|-damage|p2a: Pecharunt|41/100
|-damage|p1a: Barraskewda|84/100|[from] item: Rocky Helmet|[of] p2a: Pecharunt
|
|-weather|RainDance|[upkeep]
|upkeep
|turn|5
|
|t:|1758332369
|move|p1a: Barraskewda|Liquidation|p2a: Pecharunt
|-damage|p2a: Pecharunt|0 fnt
|-damage|p1a: Barraskewda|68/100|[from] item: Rocky Helmet|[of] p2a: Pecharunt
|faint|p2a: Pecharunt
|
|-weather|RainDance|[upkeep]
|upkeep
|
|t:|1758332374
|switch|p2a: Landorus|Landorus-Therian, M|100/100
|-damage|p2a: Landorus|88/100|[from] Stealth Rock
|-ability|p2a: Landorus|Intimidate|boost
|-unboost|p1a: Barraskewda|atk|1
|turn|6
|
|t:|1758332386
|switch|p2a: Ogerpon|Ogerpon-Wellspring, F|100/100
|-damage|p2a: Ogerpon|88/100|[from] Stealth Rock
|move|p1a: Barraskewda|Liquidation|p2a: Ogerpon
|-heal|p2a: Ogerpon|100/100|[from] ability: Water Absorb|[of] p1a: Barraskewda
|
|-weather|RainDance|[upkeep]
|upkeep
|turn|7
|
|t:|1758332401
|switch|p1a: Toxicroak|Toxicroak, F|100/100
|move|p2a: Ogerpon|Trailblaze|p1a: Toxicroak
|-resisted|p1a: Toxicroak
|-damage|p1a: Toxicroak|89/100
|-boost|p2a: Ogerpon|spe|1
|-damage|p2a: Ogerpon|84/100|[from] item: Rocky Helmet|[of] p1a: Toxicroak
|
|-weather|RainDance|[upkeep]
|-heal|p1a: Toxicroak|100/100|[from] ability: Dry Skin
|upkeep
|turn|8
|
|t:|1758332415
|switch|p2a: Great Tusk|Great Tusk|100/100
|-damage|p2a: Great Tusk|98/100|[from] Stealth Rock
|-enditem|p2a: Great Tusk|Booster Energy
|-activate|p2a: Great Tusk|ability: Protosynthesis|[fromitem]
|-start|p2a: Great Tusk|protosynthesisspe
|move|p1a: Toxicroak|Toxic|p2a: Great Tusk
|-status|p2a: Great Tusk|tox
|
|-weather|none
|-damage|p2a: Great Tusk|91/100 tox|[from] psn
|upkeep
|turn|9
|
|t:|1758332425
|-terastallize|p1a: Toxicroak|Ghost
|move|p2a: Great Tusk|Rapid Spin|p1a: Toxicroak
|-immune|p1a: Toxicroak
|move|p1a: Toxicroak|Knock Off|p2a: Great Tusk
|-resisted|p2a: Great Tusk
|-damage|p2a: Great Tusk|86/100 tox
|
|-damage|p2a: Great Tusk|74/100 tox|[from] psn
|upkeep
|turn|10
|
|t:|1758332432
|switch|p1a: Hatterene|Hatterene, F|100/100
|move|p2a: Great Tusk|Knock Off|p1a: Hatterene
|-damage|p1a: Hatterene|73/100
|-enditem|p1a: Hatterene|Eject Button|[from] move: Knock Off|[of] p2a: Great Tusk
|
|-damage|p2a: Great Tusk|55/100 tox|[from] psn
|upkeep
|turn|11
|
|t:|1758332435
|move|p2a: Great Tusk|Rapid Spin|p1a: Hatterene
|-damage|p1a: Hatterene|60/100
|-boost|p2a: Great Tusk|spe|1
|-sideend|p2: fengbingyuan520|Stealth Rock|[from] move: Rapid Spin|[of] p2a: Great Tusk
|move|p1a: Hatterene|Draining Kiss|p2a: Great Tusk
|-supereffective|p2a: Great Tusk
|-damage|p2a: Great Tusk|0 fnt
|-heal|p1a: Hatterene|100/100|[from] drain|[of] p2a: Great Tusk
|faint|p2a: Great Tusk
|-end|p2a: Great Tusk|Protosynthesis|[silent]
|
|upkeep
|
|t:|1758332440
|switch|p2a: Iron Crown|Iron Crown|100/100
|turn|12
|
|t:|1758332447
|switch|p1a: Iron Treads|Iron Treads|100/100
|move|p2a: Iron Crown|Tachyon Cutter|p1a: Iron Treads
|-resisted|p1a: Iron Treads
|-damage|p1a: Iron Treads|85/100
|-resisted|p1a: Iron Treads
|-damage|p1a: Iron Treads|70/100
|-hitcount|p1a: Iron Treads|2
|
|-heal|p1a: Iron Treads|76/100|[from] item: Leftovers
|upkeep
|turn|13
|
|t:|1758332454
|-end|p2a: Iron Crown|Quark Drive|[silent]
|switch|p2a: Landorus|Landorus-Therian, M|88/100
|-ability|p2a: Landorus|Intimidate|boost
|-unboost|p1a: Iron Treads|atk|1
|move|p1a: Iron Treads|Earthquake|p2a: Landorus
|-immune|p2a: Landorus
|
|-heal|p1a: Iron Treads|82/100|[from] item: Leftovers
|upkeep
|turn|14
|
|t:|1758332461
|-end|p1a: Iron Treads|Quark Drive|[silent]
|switch|p1a: Pelipper|Pelipper, F|100/100
|-weather|RainDance|[from] ability: Drizzle|[of] p1a: Pelipper
|move|p2a: Landorus|U-turn|p1a: Pelipper
|-resisted|p1a: Pelipper
|-damage|p1a: Pelipper|85/100
|
|t:|1758332466
|switch|p2a: Iron Crown|Iron Crown|100/100|[from] U-turn
|
|-weather|RainDance|[upkeep]
|upkeep
|turn|15
|
|t:|1758332475
|switch|p1a: Hatterene|Hatterene, F|100/100
|move|p2a: Iron Crown|Volt Switch|p1a: Hatterene
|-damage|p1a: Hatterene|61/100
|
|t:|1758332480
|-end|p2a: Iron Crown|Quark Drive|[silent]
|switch|p2a: Samurott|Samurott-Hisui, M|100/100|[from] Volt Switch
|
|-weather|RainDance|[upkeep]
|upkeep
|turn|16
|
|t:|1758332485
|-terastallize|p2a: Samurott|Water
|move|p2a: Samurott|Ceaseless Edge|p1a: Hatterene
|-damage|p1a: Hatterene|15/100
|-sidestart|p1: astolfo cesar|Spikes
|move|p1a: Hatterene|Draining Kiss|p2a: Samurott
|-damage|p2a: Samurott|79/100
|-heal|p1a: Hatterene|32/100|[from] drain|[of] p2a: Samurott
|
|-weather|RainDance|[upkeep]
|upkeep
|turn|17
|
|t:|1758332498
|move|p2a: Samurott|Ceaseless Edge|p1a: Hatterene
|-damage|p1a: Hatterene|0 fnt
|-sidestart|p1: astolfo cesar|Spikes
|faint|p1a: Hatterene
|
|-weather|RainDance|[upkeep]
|upkeep
|
|t:|1758332503
|switch|p1a: Barraskewda|Barraskewda, F|68/100
|-damage|p1a: Barraskewda|51/100|[from] Spikes
|turn|18
|
|t:|1758332513
|move|p2a: Samurott|Aqua Jet|p1a: Barraskewda
|-resisted|p1a: Barraskewda
|-damage|p1a: Barraskewda|13/100
|move|p1a: Barraskewda|Close Combat|p2a: Samurott
|-damage|p2a: Samurott|0 fnt
|-unboost|p1a: Barraskewda|def|1
|-unboost|p1a: Barraskewda|spd|1
|faint|p2a: Samurott
|
|-weather|RainDance|[upkeep]
|upkeep
|
|t:|1758332523
|switch|p2a: Ogerpon|Ogerpon-Wellspring, F|84/100
|turn|19
|
|t:|1758332525
|move|p1a: Barraskewda|Close Combat|p2a: Ogerpon
|-damage|p2a: Ogerpon|26/100
|-unboost|p1a: Barraskewda|def|1
|-unboost|p1a: Barraskewda|spd|1
|move|p2a: Ogerpon|Trailblaze|p1a: Barraskewda
|-supereffective|p1a: Barraskewda
|-damage|p1a: Barraskewda|0 fnt
|-boost|p2a: Ogerpon|spe|1
|faint|p1a: Barraskewda
|
|-weather|RainDance|[upkeep]
|upkeep
|
|t:|1758332533
|switch|p1a: Toxicroak|Toxicroak, F, tera:Ghost|100/100
|-damage|p1a: Toxicroak|84/100|[from] Spikes
|turn|20
|
|t:|1758332539
|switch|p2a: Landorus|Landorus-Therian, M|88/100
|-ability|p2a: Landorus|Intimidate|boost
|-unboost|p1a: Toxicroak|atk|1
|move|p1a: Toxicroak|Drain Punch|p2a: Landorus
|-resisted|p2a: Landorus
|-damage|p2a: Landorus|78/100
|-heal|p1a: Toxicroak|89/100|[from] drain|[of] p2a: Landorus
|
|-weather|RainDance|[upkeep]
|-heal|p1a: Toxicroak|100/100|[from] ability: Dry Skin
|upkeep
|turn|21
|
|t:|1758332551
|switch|p1a: Iron Treads|Iron Treads|82/100
|-damage|p1a: Iron Treads|66/100|[from] Spikes
|move|p2a: Landorus|Stone Edge|p1a: Iron Treads
|-resisted|p1a: Iron Treads
|-damage|p1a: Iron Treads|57/100
|
|-weather|none
|-heal|p1a: Iron Treads|63/100|[from] item: Leftovers
|upkeep
|turn|22
|
|t:|1758332557
|switch|p2a: Ogerpon|Ogerpon-Wellspring, F|26/100
|move|p1a: Iron Treads|Rapid Spin|p2a: Ogerpon
|-damage|p2a: Ogerpon|14/100
|-boost|p1a: Iron Treads|spe|1
|-sideend|p1: astolfo cesar|Spikes|[from] move: Rapid Spin|[of] p1a: Iron Treads
|
|-heal|p1a: Iron Treads|69/100|[from] item: Leftovers
|upkeep
|turn|23
|
|t:|1758332566
|move|p1a: Iron Treads|Volt Switch|p2a: Ogerpon
|-damage|p2a: Ogerpon|3/100
|
|t:|1758332570
|-end|p1a: Iron Treads|Quark Drive|[silent]
|switch|p1a: Toxicroak|Toxicroak, F, tera:Ghost|100/100|[from] Volt Switch
|move|p2a: Ogerpon|Synthesis|p2a: Ogerpon
|-heal|p2a: Ogerpon|53/100
|
|upkeep
|turn|24
|
|t:|1758332584
|move|p2a: Ogerpon|Synthesis|p2a: Ogerpon
|-heal|p2a: Ogerpon|100/100
|move|p1a: Toxicroak|Encore|p2a: Ogerpon
|-start|p2a: Ogerpon|Encore
|
|upkeep
|turn|25
|
|t:|1758332589
|switch|p2a: Landorus|Landorus-Therian, M|78/100
|-ability|p2a: Landorus|Intimidate|boost
|-unboost|p1a: Toxicroak|atk|1
|switch|p1a: Pelipper|Pelipper, F|85/100
|-weather|RainDance|[from] ability: Drizzle|[of] p1a: Pelipper
|
|-weather|RainDance|[upkeep]
|upkeep
|turn|26
|
|t:|1758332596
|switch|p2a: Iron Crown|Iron Crown|100/100
|move|p1a: Pelipper|Hurricane|p2a: Iron Crown
|-resisted|p2a: Iron Crown
|-damage|p2a: Iron Crown|82/100
|
|-weather|RainDance|[upkeep]
|upkeep
|turn|27
|
|t:|1758332608
|switch|p1a: Iron Treads|Iron Treads|69/100
|move|p2a: Iron Crown|Focus Blast|p1a: Iron Treads
|-supereffective|p1a: Iron Treads
|-damage|p1a: Iron Treads|0 fnt
|faint|p1a: Iron Treads
|-end|p1a: Iron Treads|Quark Drive|[silent]
|
|-weather|RainDance|[upkeep]
|upkeep
|
|t:|1758332610
|switch|p1a: Toxicroak|Toxicroak, F, tera:Ghost|100/100
|turn|28
|
|t:|1758332629
|-end|p2a: Iron Crown|Quark Drive|[silent]
|switch|p2a: Landorus|Landorus-Therian, M|78/100
|-ability|p2a: Landorus|Intimidate|boost
|-unboost|p1a: Toxicroak|atk|1
|move|p1a: Toxicroak|Knock Off|p2a: Landorus
|-damage|p2a: Landorus|59/100
|-enditem|p2a: Landorus|Choice Scarf|[from] move: Knock Off|[of] p1a: Toxicroak
|
|-weather|RainDance|[upkeep]
|upkeep
|turn|29
|
|t:|1758332639
|move|p2a: Landorus|Stone Edge|p1a: Toxicroak
|-damage|p1a: Toxicroak|64/100
|move|p1a: Toxicroak|Toxic|p2a: Landorus
|-status|p2a: Landorus|tox
|
|-weather|RainDance|[upkeep]
|-heal|p1a: Toxicroak|77/100|[from] ability: Dry Skin
|-damage|p2a: Landorus|53/100 tox|[from] psn
|upkeep
|turn|30
|
|t:|1758332654
|move|p2a: Landorus|U-turn|p1a: Toxicroak
|-resisted|p1a: Toxicroak
|-damage|p1a: Toxicroak|64/100
|-damage|p2a: Landorus|37/100 tox|[from] item: Rocky Helmet|[of] p1a: Toxicroak
|
|t:|1758332660
|switch|p2a: Iron Crown|Iron Crown|82/100|[from] U-turn
|move|p1a: Toxicroak|Encore||[still]
|-fail|p1a: Toxicroak
|
|-weather|RainDance|[upkeep]
|-heal|p1a: Toxicroak|76/100|[from] ability: Dry Skin
|upkeep
|turn|31
|
|t:|1758332671
|move|p2a: Iron Crown|Volt Switch|p1a: Toxicroak
|-damage|p1a: Toxicroak|27/100
|
|t:|1758332675
|-end|p2a: Iron Crown|Quark Drive|[silent]
|switch|p2a: Landorus|Landorus-Therian, M|37/100 tox|[from] Volt Switch
|-ability|p2a: Landorus|Intimidate|boost
|-unboost|p1a: Toxicroak|atk|1
|move|p1a: Toxicroak|Drain Punch|p2a: Landorus
|-resisted|p2a: Landorus
|-damage|p2a: Landorus|28/100 tox
|-heal|p1a: Toxicroak|31/100|[from] drain|[of] p2a: Landorus
|
|-weather|RainDance|[upkeep]
|-heal|p1a: Toxicroak|43/100|[from] ability: Dry Skin
|-damage|p2a: Landorus|22/100 tox|[from] psn
|upkeep
|turn|32
|
|t:|1758332681
|switch|p1a: Pelipper|Pelipper, F|85/100
|move|p2a: Landorus|Stone Edge|p1a: Pelipper
|-supereffective|p1a: Pelipper
|-damage|p1a: Pelipper|2/100
|
|-weather|none
|-damage|p2a: Landorus|10/100 tox|[from] psn
|upkeep
|turn|33
|
|t:|1758332689
|move|p2a: Landorus|U-turn|p1a: Pelipper
|-resisted|p1a: Pelipper
|-damage|p1a: Pelipper|0 fnt
|faint|p1a: Pelipper
|
|t:|1758332692
|switch|p2a: Iron Crown|Iron Crown|82/100|[from] U-turn
|
|upkeep
|
|t:|1758332695
|switch|p1a: Toxicroak|Toxicroak, F, tera:Ghost|43/100
|turn|34
|
|t:|1758332701
|move|p2a: Iron Crown|Tachyon Cutter|p1a: Toxicroak
|-damage|p1a: Toxicroak|0 fnt
|faint|p1a: Toxicroak
|-hitcount|p1: Toxicroak|1
|
|win|fengbingyuan520
|raw|astolfo cesar's rating: 1234 &rarr; <strong>1208</strong><br />(-26 for losing)
|raw|fengbingyuan520's rating: 1226 &rarr; <strong>1252</strong><br />(+26 for winning)
|l|☆astolfo cesar
|player|p1|
