|j|☆rookie22
|j|☆Auburn Hills
|t:|1758287067
|gametype|singles
|player|p1|rookie22|iris-gen5bw2|1701
|player|p2|Auburn Hills|alder|1714
|gen|9
|tier|[Gen 9] OU
|rated|
|rule|HP Percentage Mod: HP is shown in percentages
|rule|Endless Battle Clause: Forcing endless battles is banned
|rule|Species Clause: Limit one of each Pokémon
|rule|OHKO Clause: OHKO moves are banned
|rule|Evasion Items Clause: Evasion items are banned
|rule|Evasion Moves Clause: Evasion moves are banned
|rule|Evasion Abilities Clause: Evasion abilities are banned
|rule|Sleep Moves Clause: Sleep-inducing moves are banned
|clearpoke
|poke|p1|Dragonite, F|
|poke|p1|Meowscarada, M|
|poke|p1|Keldeo|
|poke|p1|Iron Crown|
|poke|p1|Raging Bolt|
|poke|p1|Great Tusk|
|poke|p2|Iron Moth|
|poke|p2|Umbreon, M|
|poke|p2|Garchomp, F|
|poke|p2|Glimmora, M|
|poke|p2|Gholdengo|
|poke|p2|Dragonite, M|
|teampreview
|inactive|Battle timer is ON: inactive players will automatically lose when time's up. (requested by rookie22)
|
|t:|1758287082
|teamsize|p1|6
|teamsize|p2|6
|start
|switch|p1a: Great Tusk|Great Tusk|100/100
|switch|p2a: Rat Tally|Garchomp, F|100/100
|turn|1
|
|t:|1758287087
|switch|p2a: Julia Jacklin|Glimmora, M|100/100
|move|p1a: Great Tusk|Stealth Rock|p2a: Julia Jacklin
|-sidestart|p2: Auburn Hills|move: Stealth Rock
|
|upkeep
|turn|2
|
|t:|1758287092
|-end|p1a: Great Tusk|Protosynthesis|[silent]
|switch|p1a: Bene Gesserit|Iron Crown|100/100
|move|p2a: Julia Jacklin|Mortal Spin|p1a: Bene Gesserit
|-immune|p1a: Bene Gesserit
|
|upkeep
|turn|3
|
|t:|1758287095
|switch|p2a: Alvvays|Umbreon, M|100/100
|-damage|p2a: Alvvays|88/100|[from] Stealth Rock
|move|p1a: Bene Gesserit|Tachyon Cutter|p2a: Alvvays
|-damage|p2a: Alvvays|74/100
|-damage|p2a: Alvvays|60/100
|-hitcount|p2a: Alvvays|2
|
|-heal|p2a: Alvvays|66/100|[from] item: Leftovers
|upkeep
|turn|4
|
|t:|1758287099
|move|p1a: Bene Gesserit|Volt Switch|p2a: Alvvays
|-damage|p2a: Alvvays|53/100
|j| panda1234
|
|t:|1758287104
|-end|p1a: Bene Gesserit|Quark Drive|[silent]
|switch|p1a: Great Tusk|Great Tusk|100/100|[from] Volt Switch
|move|p2a: Alvvays|Wish|p2a: Alvvays
|
|-heal|p2a: Alvvays|60/100|[from] item: Leftovers
|upkeep
|turn|5
|
|t:|1758287112
|-end|p1a: Great Tusk|Protosynthesis|[silent]
|switch|p1a: Lisan Al Gaib|Keldeo|100/100
|move|p2a: Alvvays|Protect||[still]
|-fail|p2a: Alvvays
|
|-heal|p2a: Alvvays|100/100|[from] move: Wish|[wisher] Alvvays
|upkeep
|turn|6
|
|t:|1758287120
|move|p1a: Lisan Al Gaib|Aura Sphere|p2a: Alvvays
|-supereffective|p2a: Alvvays
|-damage|p2a: Alvvays|30/100
|move|p2a: Alvvays|Thunder Wave|p1a: Lisan Al Gaib
|-status|p1a: Lisan Al Gaib|par
|
|-heal|p2a: Alvvays|36/100|[from] item: Leftovers
|upkeep
|turn|7
|inactive|rookie22 has 120 seconds left.
|
|t:|1758287156
|switch|p1a: Meowscarada|Meowscarada, M|100/100
|move|p2a: Alvvays|Protect||[still]
|-fail|p2a: Alvvays
|
|-heal|p2a: Alvvays|42/100|[from] item: Leftovers
|upkeep
|turn|8
|
|t:|1758287159
|move|p2a: Alvvays|Protect|p2a: Alvvays
|-singleturn|p2a: Alvvays|Protect
|move|p1a: Meowscarada|Taunt|p2a: Alvvays
|-start|p1a: Meowscarada|typechange|Dark|[from] ability: Protean
|-activate|p2a: Alvvays|move: Protect
|
|-heal|p2a: Alvvays|48/100|[from] item: Leftovers
|upkeep
|turn|9
|
|t:|1758287163
|switch|p2a: Julia Jacklin|Glimmora, M|100/100
|-damage|p2a: Julia Jacklin|88/100|[from] Stealth Rock
|move|p1a: Meowscarada|Taunt|p2a: Julia Jacklin
|-start|p2a: Julia Jacklin|move: Taunt
|
|upkeep
|turn|10
|
|t:|1758287167
|switch|p1a: Bene Gesserit|Iron Crown|100/100
|move|p2a: Julia Jacklin|Earth Power|p1a: Bene Gesserit
|-supereffective|p1a: Bene Gesserit
|-damage|p1a: Bene Gesserit|62/100
|
|upkeep
|turn|11
|
|t:|1758287172
|switch|p2a: Smino|Gholdengo|100/100
|-damage|p2a: Smino|94/100|[from] Stealth Rock
|move|p1a: Bene Gesserit|Tachyon Cutter|p2a: Smino
|-resisted|p2a: Smino
|-damage|p2a: Smino|81/100
|-resisted|p2a: Smino
|-damage|p2a: Smino|66/100
|-hitcount|p2a: Smino|2
|
|upkeep
|turn|12
|
|t:|1758287176
|-end|p1a: Bene Gesserit|Quark Drive|[silent]
|switch|p1a: Raging Bolt|Raging Bolt|100/100
|move|p2a: Smino|Shadow Ball|p1a: Raging Bolt
|-damage|p1a: Raging Bolt|59/100
|
|-heal|p1a: Raging Bolt|65/100|[from] item: Leftovers
|upkeep
|turn|13
|
|t:|1758287184
|move|p2a: Smino|Shadow Ball|p1a: Raging Bolt
|-damage|p1a: Raging Bolt|29/100
|move|p1a: Raging Bolt|Dragon Pulse|p2a: Smino
|-resisted|p2a: Smino
|-damage|p2a: Smino|37/100
|
|-heal|p1a: Raging Bolt|35/100|[from] item: Leftovers
|upkeep
|turn|14
|
|t:|1758287189
|switch|p2a: Rat Tally|Garchomp, F|100/100
|-damage|p2a: Rat Tally|94/100|[from] Stealth Rock
|move|p1a: Raging Bolt|Thunderclap||[still]
|-fail|p1a: Raging Bolt
|
|-heal|p1a: Raging Bolt|41/100|[from] item: Leftovers
|upkeep
|turn|15
|
|t:|1758287194
|-end|p1a: Raging Bolt|Protosynthesis|[silent]
|switch|p1a: Great Tusk|Great Tusk|100/100
|move|p2a: Rat Tally|Scale Shot|p1a: Great Tusk
|-damage|p1a: Great Tusk|92/100
|-damage|p1a: Great Tusk|83/100
|-damage|p1a: Great Tusk|74/100
|-damage|p1a: Great Tusk|65/100
|-hitcount|p1a: Great Tusk|4
|-unboost|p2a: Rat Tally|def|1
|-boost|p2a: Rat Tally|spe|1
|
|-heal|p1a: Great Tusk|71/100|[from] item: Leftovers
|upkeep
|turn|16
|
|t:|1758287201
|switch|p2a: Julia Jacklin|Glimmora, M|88/100
|-damage|p2a: Julia Jacklin|76/100|[from] Stealth Rock
|move|p1a: Great Tusk|Ice Spinner|p2a: Julia Jacklin
|-crit|p2a: Julia Jacklin
|-damage|p2a: Julia Jacklin|17/100
|-activate|p2a: Julia Jacklin|ability: Toxic Debris
|-sidestart|p1: rookie22|move: Toxic Spikes
|
|-heal|p1a: Great Tusk|77/100|[from] item: Leftovers
|upkeep
|turn|17
|
|t:|1758287205
|-terastallize|p2a: Julia Jacklin|Ghost
|move|p2a: Julia Jacklin|Mortal Spin|p1a: Great Tusk
|-resisted|p1a: Great Tusk
|-damage|p1a: Great Tusk|75/100
|-status|p1a: Great Tusk|psn
|-sideend|p2: Auburn Hills|Stealth Rock|[from] move: Mortal Spin|[of] p2a: Julia Jacklin
|move|p1a: Great Tusk|Rapid Spin|p2a: Julia Jacklin
|-immune|p2a: Julia Jacklin
|
|-heal|p1a: Great Tusk|81/100 psn|[from] item: Leftovers
|-damage|p1a: Great Tusk|69/100 psn|[from] psn
|upkeep
|turn|18
|
|t:|1758287212
|move|p2a: Julia Jacklin|Earth Power|p1a: Great Tusk
|-damage|p1a: Great Tusk|23/100 psn
|move|p1a: Great Tusk|Earthquake|p2a: Julia Jacklin
|-damage|p2a: Julia Jacklin|0 fnt
|-activate|p2a: Julia Jacklin|ability: Toxic Debris
|-sidestart|p1: rookie22|move: Toxic Spikes
|faint|p2a: Julia Jacklin
|
|-heal|p1a: Great Tusk|29/100 psn|[from] item: Leftovers
|-damage|p1a: Great Tusk|17/100 psn|[from] psn
|upkeep
|
|t:|1758287217
|switch|p2a: Rat Tally|Garchomp, F|94/100
|turn|19
|
|t:|1758287223
|move|p2a: Rat Tally|Scale Shot|p1a: Great Tusk
|-damage|p1a: Great Tusk|9/100 psn
|-damage|p1a: Great Tusk|1/100 psn
|-damage|p1a: Great Tusk|0 fnt
|faint|p1a: Great Tusk
|-end|p1a: Great Tusk|Protosynthesis|[silent]
|-hitcount|p1: Great Tusk|3
|-unboost|p2a: Rat Tally|def|1
|-boost|p2a: Rat Tally|spe|1
|
|upkeep
|
|t:|1758287233
|switch|p1a: MEGA DRAGONITE|Dragonite, F|100/100
|turn|20
|
|t:|1758287240
|-terastallize|p1a: MEGA DRAGONITE|Flying
|move|p2a: Rat Tally|Scale Shot|p1a: MEGA DRAGONITE
|-damage|p1a: MEGA DRAGONITE|94/100
|-damage|p1a: MEGA DRAGONITE|78/100
|-damage|p1a: MEGA DRAGONITE|64/100
|-damage|p1a: MEGA DRAGONITE|50/100
|-hitcount|p1a: MEGA DRAGONITE|4
|-unboost|p2a: Rat Tally|def|1
|-boost|p2a: Rat Tally|spe|1
|move|p1a: MEGA DRAGONITE|Ice Spinner|p2a: Rat Tally
|-supereffective|p2a: Rat Tally
|-damage|p2a: Rat Tally|0 fnt
|-damage|p1a: MEGA DRAGONITE|37/100|[from] ability: Rough Skin|[of] p2a: Rat Tally
|faint|p2a: Rat Tally
|
|upkeep
|
|t:|1758287250
|switch|p2a: Carly Rae|Iron Moth|100/100
|-enditem|p2a: Carly Rae|Booster Energy
|-activate|p2a: Carly Rae|ability: Quark Drive|[fromitem]
|-start|p2a: Carly Rae|quarkdrivespe
|turn|21
|
|t:|1758287254
|move|p2a: Carly Rae|Discharge|p1a: MEGA DRAGONITE
|-supereffective|p1a: MEGA DRAGONITE
|-damage|p1a: MEGA DRAGONITE|0 fnt
|faint|p1a: MEGA DRAGONITE
|
|upkeep
|
|t:|1758287262
|switch|p1a: Lisan Al Gaib|Keldeo|100/100 par
|turn|22
|
|t:|1758287269
|-end|p2a: Carly Rae|Quark Drive|[silent]
|switch|p2a: Elucid|Dragonite, M|100/100
|move|p1a: Lisan Al Gaib|Surf|p2a: Elucid
|-resisted|p2a: Elucid
|-damage|p2a: Elucid|80/100
|
|upkeep
|turn|23
|
|t:|1758287274
|switch|p1a: Meowscarada|Meowscarada, M|100/100
|move|p2a: Elucid|Dragon Dance|p2a: Elucid
|-boost|p2a: Elucid|atk|1
|-boost|p2a: Elucid|spe|1
|
|upkeep
|turn|24
|
|t:|1758287277
|move|p2a: Elucid|Ice Spinner|p1a: Meowscarada
|-supereffective|p1a: Meowscarada
|-damage|p1a: Meowscarada|0 fnt
|faint|p1a: Meowscarada
|
|upkeep
|inactive|rookie22 has 120 seconds left.
|inactive|rookie22 has 90 seconds left.
|inactive|rookie22 has 60 seconds left.
|inactive|rookie22 has 30 seconds left.
|l| panda1234
|inactive|rookie22 has 20 seconds left.
|j| panda1234
|l| panda1234
|inactive|rookie22 has 15 seconds left.
|inactive|rookie22 has 10 seconds left.
|inactive|rookie22 has 5 seconds left.
|-message|rookie22 lost due to inactivity.
|
|win|Auburn Hills
|raw|rookie22's rating: 1701 &rarr; <strong>1682</strong><br />(-19 for losing)
|raw|Auburn Hills's rating: 1714 &rarr; <strong>1733</strong><br />(+19 for winning)
