|j|☆DampRockstar
|j|☆lueyougonde
|t:|1758250293
|gametype|singles
|player|p1|DampRockstar|hoopster|1143
|player|p2|lueyougonde|lucas|1140
|gen|9
|tier|[Gen 9] OU
|rated|
|rule|HP Percentage Mod: HP is shown in percentages
|rule|Endless Battle Clause: Forcing endless battles is banned
|rule|Species Clause: Limit one of each Pokémon
|rule|OHKO Clause: OHKO moves are banned
|rule|Evasion Items Clause: Evasion items are banned
|rule|Evasion Moves Clause: Evasion moves are banned
|rule|Evasion Abilities Clause: Evasion abilities are banned
|rule|Sleep Moves Clause: Sleep-inducing moves are banned
|clearpoke
|poke|p1|Falinks|
|poke|p1|Polteageist|
|poke|p1|Cinderace, M|
|poke|p1|Regidrago|
|poke|p1|Skeledirge, F|
|poke|p1|Cinccino, F|
|poke|p2|Ribombee, F|
|poke|p2|Gholdengo|
|poke|p2|Great Tusk|
|poke|p2|Raging Bolt|
|poke|p2|Ogerpon-Cornerstone, F|
|poke|p2|Ceruledge, F|
|teampreview
|inactive|Battle timer is ON: inactive players will automatically lose when time's up. (requested by lueyougonde)
|inactive|DampRockstar also wants the timer to be on.
|
|t:|1758250308
|teamsize|p1|6
|teamsize|p2|6
|start
|switch|p1a: Falinks|Falinks|100/100
|switch|p2a: NEW DROP|Ribombee, F, shiny|100/100
|turn|1
|j| Cdsisj j
|
|t:|1758250322
|move|p2a: NEW DROP|Sticky Web|p1a: Falinks
|-sidestart|p1: DampRockstar|move: Sticky Web
|move|p1a: Falinks|No Retreat|p1a: Falinks
|-boost|p1a: Falinks|atk|1
|-boost|p1a: Falinks|def|1
|-boost|p1a: Falinks|spa|1
|-boost|p1a: Falinks|spd|1
|-boost|p1a: Falinks|spe|1
|-start|p1a: Falinks|move: No Retreat
|
|upkeep
|turn|2
|
|t:|1758250342
|move|p1a: Falinks|Iron Head|p2a: NEW DROP
|-supereffective|p2a: NEW DROP
|-enditem|p2a: NEW DROP|Focus Sash
|-damage|p2a: NEW DROP|1/100
|move|p2a: NEW DROP|Psychic Noise|p1a: Falinks
|-supereffective|p1a: Falinks
|-damage|p1a: Falinks|51/100
|-start|p1a: Falinks|move: Heal Block
|
|upkeep
|turn|3
|
|t:|1758250353
|move|p1a: Falinks|Iron Head|p2a: NEW DROP
|-supereffective|p2a: NEW DROP
|-crit|p2a: NEW DROP
|-damage|p2a: NEW DROP|0 fnt
|faint|p2a: NEW DROP
|
|-end|p1a: Falinks|move: Heal Block
|upkeep
|
|t:|1758250360
|switch|p2a: TORE UP|Ceruledge, F, shiny|100/100
|turn|4
|
|t:|1758250368
|move|p1a: Falinks|Knock Off|p2a: TORE UP
|-supereffective|p2a: TORE UP
|-enditem|p2a: TORE UP|Focus Sash
|-damage|p2a: TORE UP|1/100
|-ability|p2a: TORE UP|Weak Armor|boost
|-unboost|p2a: TORE UP|def|1
|-boost|p2a: TORE UP|spe|2
|move|p2a: TORE UP|Swords Dance|p2a: TORE UP
|-boost|p2a: TORE UP|atk|2
|
|upkeep
|turn|5
|
|t:|1758250385
|switch|p1a: Skeledirge|Skeledirge, F|100/100
|-activate|p1a: Skeledirge|move: Sticky Web
|-unboost|p1a: Skeledirge|spe|1
|move|p2a: TORE UP|Bitter Blade|p1a: Skeledirge
|-resisted|p1a: Skeledirge
|-damage|p1a: Skeledirge|86/100
|-heal|p2a: TORE UP|11/100|[from] drain|[of] p1a: Skeledirge
|
|-heal|p1a: Skeledirge|92/100|[from] item: Leftovers
|upkeep
|turn|6
|
|t:|1758250397
|move|p2a: TORE UP|Shadow Sneak|p1a: Skeledirge
|-supereffective|p1a: Skeledirge
|-damage|p1a: Skeledirge|63/100
|move|p1a: Skeledirge|Shadow Ball|p2a: TORE UP
|-supereffective|p2a: TORE UP
|-damage|p2a: TORE UP|0 fnt
|faint|p2a: TORE UP
|
|-heal|p1a: Skeledirge|69/100|[from] item: Leftovers
|upkeep
|
|t:|1758250412
|switch|p2a: BROTHER STONE|Ogerpon-Cornerstone, F|100/100
|turn|7
|
|t:|1758250427
|switch|p1a: Falinks|Falinks|51/100
|-activate|p1a: Falinks|move: Sticky Web
|-unboost|p1a: Falinks|spe|1
|-ability|p1a: Falinks|Defiant|boost
|-boost|p1a: Falinks|atk|2
|move|p2a: BROTHER STONE|Ivy Cudgel|p1a: Falinks|[anim] Ivy Cudgel Rock
|-resisted|p1a: Falinks
|-damage|p1a: Falinks|9/100
|
|upkeep
|turn|8
|
|t:|1758250452
|move|p2a: BROTHER STONE|Ivy Cudgel|p1a: Falinks|[anim] Ivy Cudgel Rock
|-resisted|p1a: Falinks
|-damage|p1a: Falinks|0 fnt
|faint|p1a: Falinks
|
|upkeep
|inactive|DampRockstar has 120 seconds left.
|
|t:|1758250464
|switch|p1a: Cinderace|Cinderace, M|100/100
|turn|9
|
|t:|1758250471
|move|p1a: Cinderace|Court Change|p1a: Cinderace
|-start|p1a: Cinderace|typechange|Normal|[from] ability: Libero
|-swapsideconditions
|-activate|p1a: Cinderace|move: Court Change
|move|p2a: BROTHER STONE|Ivy Cudgel|p1a: Cinderace|[anim] Ivy Cudgel Rock
|-damage|p1a: Cinderace|15/100
|
|upkeep
|turn|10
|
|t:|1758250481
|move|p1a: Cinderace|High Jump Kick|p2a: BROTHER STONE
|-supereffective|p2a: BROTHER STONE
|-ability|p2a: BROTHER STONE|Sturdy
|-damage|p2a: BROTHER STONE|1/100
|move|p2a: BROTHER STONE|Ivy Cudgel|p1a: Cinderace|[anim] Ivy Cudgel Rock
|-damage|p1a: Cinderace|0 fnt
|faint|p1a: Cinderace
|
|upkeep
|inactive|DampRockstar has 120 seconds left.
|
|t:|1758250494
|switch|p1a: Regidrago|Regidrago|100/100
|turn|11
|
|t:|1758250505
|move|p1a: Regidrago|Dragon Energy|p2a: BROTHER STONE
|-damage|p2a: BROTHER STONE|0 fnt
|faint|p2a: BROTHER STONE
|
|upkeep
|
|t:|1758250509
|switch|p2a: BANDIT|Great Tusk, shiny|100/100
|-activate|p2a: BANDIT|move: Sticky Web
|-unboost|p2a: BANDIT|spe|1
|-enditem|p2a: BANDIT|Booster Energy
|-activate|p2a: BANDIT|ability: Protosynthesis|[fromitem]
|-start|p2a: BANDIT|protosynthesisatk
|turn|12
|
|t:|1758250516
|move|p1a: Regidrago|Dragon Energy|p2a: BANDIT
|-damage|p2a: BANDIT|0 fnt
|faint|p2a: BANDIT
|-end|p2a: BANDIT|Protosynthesis|[silent]
|
|upkeep
|
|t:|1758250521
|switch|p2a: GREAT NECK|Raging Bolt|100/100
|-activate|p2a: GREAT NECK|move: Sticky Web
|-unboost|p2a: GREAT NECK|spe|1
|-enditem|p2a: GREAT NECK|Booster Energy
|-activate|p2a: GREAT NECK|ability: Protosynthesis|[fromitem]
|-start|p2a: GREAT NECK|protosynthesisspa
|turn|13
|
|t:|1758250538
|-terastallize|p2a: GREAT NECK|Bug
|move|p1a: Regidrago|Dragon Energy|p2a: GREAT NECK
|-damage|p2a: GREAT NECK|14/100
|move|p2a: GREAT NECK|Dragon Pulse|p1a: Regidrago
|-supereffective|p1a: Regidrago
|-damage|p1a: Regidrago|0 fnt
|faint|p1a: Regidrago
|
|upkeep
|inactive|DampRockstar has 120 seconds left.
|
|t:|1758250563
|switch|p1a: Cinccino|Cinccino, F|100/100
|turn|14
|inactive|DampRockstar has 120 seconds left.
|
|t:|1758250578
|move|p2a: GREAT NECK|Thunderclap|p1a: Cinccino
|-damage|p1a: Cinccino|2/100
|move|p1a: Cinccino|Bullet Seed|p2a: GREAT NECK
|-resisted|p2a: GREAT NECK
|-damage|p2a: GREAT NECK|9/100
|-resisted|p2a: GREAT NECK
|-damage|p2a: GREAT NECK|4/100
|-resisted|p2a: GREAT NECK
|-crit|p2a: GREAT NECK
|-damage|p2a: GREAT NECK|0 fnt
|faint|p2a: GREAT NECK
|-end|p2a: GREAT NECK|Protosynthesis|[silent]
|-hitcount|p2: GREAT NECK|3
|
|upkeep
|
|t:|1758250588
|switch|p2a: KRYPTONITE|Gholdengo, shiny|100/100
|-item|p2a: KRYPTONITE|Air Balloon
|turn|15
|
|t:|1758250598
|move|p1a: Cinccino|Bullet Seed|p2a: KRYPTONITE
|-resisted|p2a: KRYPTONITE
|-damage|p2a: KRYPTONITE|95/100
|-enditem|p2a: KRYPTONITE|Air Balloon
|-resisted|p2a: KRYPTONITE
|-damage|p2a: KRYPTONITE|90/100
|-resisted|p2a: KRYPTONITE
|-damage|p2a: KRYPTONITE|85/100
|-resisted|p2a: KRYPTONITE
|-crit|p2a: KRYPTONITE
|-damage|p2a: KRYPTONITE|76/100
|-resisted|p2a: KRYPTONITE
|-damage|p2a: KRYPTONITE|70/100
|-hitcount|p2a: KRYPTONITE|5
|move|p2a: KRYPTONITE|Nasty Plot|p2a: KRYPTONITE
|-boost|p2a: KRYPTONITE|spa|2
|
|upkeep
|turn|16
|inactive|DampRockstar has 120 seconds left.
|
|t:|1758250618
|move|p1a: Cinccino|Bullet Seed|p2a: KRYPTONITE
|-resisted|p2a: KRYPTONITE
|-damage|p2a: KRYPTONITE|65/100
|-resisted|p2a: KRYPTONITE
|-damage|p2a: KRYPTONITE|59/100
|-resisted|p2a: KRYPTONITE
|-damage|p2a: KRYPTONITE|54/100
|-resisted|p2a: KRYPTONITE
|-damage|p2a: KRYPTONITE|48/100
|-resisted|p2a: KRYPTONITE
|-damage|p2a: KRYPTONITE|43/100
|-hitcount|p2a: KRYPTONITE|5
|move|p2a: KRYPTONITE|Psyshock|p1a: Cinccino
|-damage|p1a: Cinccino|0 fnt
|faint|p1a: Cinccino
|
|upkeep
|
|t:|1758250632
|switch|p1a: Polteageist|Polteageist|100/100
|turn|17
|
|t:|1758250655
|-terastallize|p1a: Polteageist|Fairy
|move|p2a: KRYPTONITE|Shadow Ball|p1a: Polteageist
|-enditem|p1a: Polteageist|Focus Sash
|-damage|p1a: Polteageist|1/100
|-unboost|p1a: Polteageist|spd|1
|move|p1a: Polteageist|Shadow Ball|p2a: KRYPTONITE
|-supereffective|p2a: KRYPTONITE
|-damage|p2a: KRYPTONITE|0 fnt
|faint|p2a: KRYPTONITE
|
|win|DampRockstar
|raw|DampRockstar's rating: 1143 &rarr; <strong>1168</strong><br />(+25 for winning)
|raw|lueyougonde's rating: 1140 &rarr; <strong>1115</strong><br />(-25 for losing)
|l|☆lueyougonde
|player|p2|
|c|☆DampRockstar|gg
