|j|☆murder kingdom
|j|☆Terra the creator
|inactive|Battle timer is ON: inactive players will automatically lose when time's up.
|t:|1758358675
|gametype|singles
|player|p1|murder kingdom|169|
|player|p2|Terra the creator|bruno|
|gen|9
|tier|[Gen 9] OU
|rated|Tournament battle
|rule|HP Percentage Mod: HP is shown in percentages
|rule|Endless Battle Clause: Forcing endless battles is banned
|rule|Species Clause: Limit one of each Pokémon
|rule|OHKO Clause: OHKO moves are banned
|rule|Evasion Items Clause: Evasion items are banned
|rule|Evasion Moves Clause: Evasion moves are banned
|rule|Evasion Abilities Clause: Evasion abilities are banned
|rule|Sleep Moves Clause: Sleep-inducing moves are banned
|clearpoke
|poke|p1|Samurott-Hisui, F|
|poke|p1|Great Tusk|
|poke|p1|Volcanion|
|poke|p1|Hydrapple, F|
|poke|p1|Gholdengo|
|poke|p1|Landorus-Therian, M|
|poke|p2|Kyurem|
|poke|p2|Gholdengo|
|poke|p2|Clefable, M|
|poke|p2|Ting-Lu|
|poke|p2|Dragonite, M|
|poke|p2|Ogerpon-Wellspring, F|
|teampreview
|j|*Lady Monita ☀
|c|☆Terra the creator|Hf
|c|☆murder kingdom|hf
|l|☆murder kingdom
|inactive|murder kingdom disconnected and has a minute to reconnect!
|player|p1|
|inactive|Terra the creator has 120 seconds left.
|inactive|murder kingdom has 30 seconds to reconnect!
|inactive|murder kingdom has 20 seconds to reconnect!
|j|☆murder kingdom
|inactive|murder kingdom reconnected and has 100 seconds left.
|player|p1|murder kingdom|169|
|inactive|murder kingdom has 90 seconds left.
|inactive|murder kingdom has 60 seconds left.
|
|t:|1758358772
|teamsize|p1|6
|teamsize|p2|6
|start
|switch|p1a: Landorus|Landorus-Therian, M|100/100
|switch|p2a: Kyurem|Kyurem|100/100
|-ability|p1a: Landorus|Intimidate|boost
|-unboost|p2a: Kyurem|atk|1
|-ability|p2a: Kyurem|Pressure
|turn|1
|inactive|Terra the creator has 120 seconds left.
|
|t:|1758358808
|move|p1a: Landorus|U-turn|p2a: Kyurem
|-damage|p2a: Kyurem|77/100
|
|t:|1758358816
|switch|p1a: Samurott|Samurott-Hisui, F|100/100|[from] U-turn
|move|p2a: Kyurem|Freeze-Dry|p1a: Samurott
|-supereffective|p1a: Samurott
|-damage|p1a: Samurott|50/100
|
|upkeep
|turn|2
|inactive|Terra the creator has 120 seconds left.
|
|t:|1758358826
|move|p1a: Samurott|Sucker Punch|p2a: Kyurem
|-damage|p2a: Kyurem|49/100
|move|p2a: Kyurem|Freeze-Dry|p1a: Samurott
|-supereffective|p1a: Samurott
|-damage|p1a: Samurott|0 fnt
|faint|p1a: Samurott
|
|upkeep
|
|t:|1758358835
|switch|p1a: Landorus|Landorus-Therian, M|100/100
|-ability|p1a: Landorus|Intimidate|boost
|-unboost|p2a: Kyurem|atk|1
|turn|3
|inactive|Terra the creator has 120 seconds left.
|
|t:|1758358851
|switch|p2a: Dragonite|Dragonite, M|100/100
|move|p1a: Landorus|Earthquake|p2a: Dragonite
|-immune|p2a: Dragonite
|
|upkeep
|turn|4
|
|t:|1758358862
|switch|p1a: Hydrapple|Hydrapple, F|100/100
|move|p2a: Dragonite|Dragon Dance|p2a: Dragonite
|-boost|p2a: Dragonite|atk|1
|-boost|p2a: Dragonite|spe|1
|
|upkeep
|turn|5
|
|t:|1758358869
|-terastallize|p2a: Dragonite|Fairy
|move|p2a: Dragonite|Dragon Dance|p2a: Dragonite
|-boost|p2a: Dragonite|atk|1
|-boost|p2a: Dragonite|spe|1
|move|p1a: Hydrapple|Fickle Beam|p2a: Dragonite
|-immune|p2a: Dragonite
|
|upkeep
|turn|6
|
|t:|1758358873
|move|p2a: Dragonite|Tera Blast|p1a: Hydrapple|[anim] Tera Blast Fairy
|-supereffective|p1a: Hydrapple
|-damage|p1a: Hydrapple|0 fnt
|faint|p1a: Hydrapple
|
|upkeep
|
|t:|1758358888
|switch|p1a: Landorus|Landorus-Therian, M|100/100
|-ability|p1a: Landorus|Intimidate|boost
|-unboost|p2a: Dragonite|atk|1
|turn|7
|
|t:|1758358891
|move|p2a: Dragonite|Tera Blast|p1a: Landorus|[anim] Tera Blast Fairy
|-damage|p1a: Landorus|19/100
|move|p1a: Landorus|U-turn|p2a: Dragonite
|-resisted|p2a: Dragonite
|-damage|p2a: Dragonite|93/100
|
|t:|1758358893
|switch|p1a: Gholdengo|Gholdengo|100/100|[from] U-turn
|-item|p1a: Gholdengo|Air Balloon
|
|upkeep
|turn|8
|
|t:|1758358898
|move|p2a: Dragonite|Roost|p2a: Dragonite
|-heal|p2a: Dragonite|100/100
|move|p1a: Gholdengo|Make It Rain|p2a: Dragonite
|-supereffective|p2a: Dragonite
|-damage|p2a: Dragonite|31/100
|-unboost|p1a: Gholdengo|spa|1
|
|upkeep
|turn|9
|
|t:|1758358907
|move|p2a: Dragonite|Roost|p2a: Dragonite
|-heal|p2a: Dragonite|81/100
|move|p1a: Gholdengo|Nasty Plot|p1a: Gholdengo
|-boost|p1a: Gholdengo|spa|2
|
|upkeep
|turn|10
|
|t:|1758358909
|move|p2a: Dragonite|Tera Blast|p1a: Gholdengo|[anim] Tera Blast Fairy
|-resisted|p1a: Gholdengo
|-damage|p1a: Gholdengo|68/100
|-enditem|p1a: Gholdengo|Air Balloon
|move|p1a: Gholdengo|Make It Rain|p2a: Dragonite
|-supereffective|p2a: Dragonite
|-damage|p2a: Dragonite|0 fnt
|-unboost|p1a: Gholdengo|spa|1
|faint|p2a: Dragonite
|
|upkeep
|
|t:|1758358922
|switch|p2a: Ogerpon|Ogerpon-Wellspring, F|100/100
|turn|11
|
|t:|1758358928
|switch|p1a: Landorus|Landorus-Therian, M|19/100
|-ability|p1a: Landorus|Intimidate|boost
|-unboost|p2a: Ogerpon|atk|1
|move|p2a: Ogerpon|Knock Off|p1a: Landorus
|-damage|p1a: Landorus|0 fnt
|-enditem|p1a: Landorus|Choice Scarf|[from] move: Knock Off|[of] p2a: Ogerpon
|faint|p1a: Landorus
|
|upkeep
|
|t:|1758358934
|switch|p1a: Volcanion|Volcanion|100/100
|turn|12
|
|t:|1758358951
|switch|p2a: Ting-Lu|Ting-Lu|100/100
|-ability|p2a: Ting-Lu|Vessel of Ruin
|move|p1a: Volcanion|Will-O-Wisp|p2a: Ting-Lu
|-status|p2a: Ting-Lu|brn
|
|-damage|p2a: Ting-Lu|94/100 brn|[from] brn
|upkeep
|turn|13
|j| Albrtix
|
|t:|1758358968
|move|p1a: Volcanion|Steam Eruption|p2a: Ting-Lu
|-supereffective|p2a: Ting-Lu
|-crit|p2a: Ting-Lu
|-damage|p2a: Ting-Lu|27/100 brn
|move|p2a: Ting-Lu|Ruination|p1a: Volcanion
|-damage|p1a: Volcanion|51/100
|
|-damage|p2a: Ting-Lu|20/100 brn|[from] brn
|upkeep
|turn|14
|
|t:|1758358972
|move|p1a: Volcanion|Steam Eruption|p2a: Ting-Lu
|-supereffective|p2a: Ting-Lu
|-damage|p2a: Ting-Lu|0 fnt
|faint|p2a: Ting-Lu
|
|upkeep
|
|t:|1758358981
|switch|p2a: Kyurem|Kyurem|49/100
|-ability|p2a: Kyurem|Pressure
|turn|15
|
|t:|1758358989
|move|p2a: Kyurem|Earth Power|p1a: Volcanion
|-supereffective|p1a: Volcanion
|-damage|p1a: Volcanion|0 fnt
|faint|p1a: Volcanion
|
|upkeep
|
|t:|1758358998
|switch|p1a: Gholdengo|Gholdengo|68/100
|turn|16
|
|t:|1758359001
|switch|p2a: Ogerpon|Ogerpon-Wellspring, F|100/100
|-terastallize|p1a: Gholdengo|Water
|move|p1a: Gholdengo|Recover|p1a: Gholdengo
|-heal|p1a: Gholdengo|100/100
|
|upkeep
|turn|17
|
|t:|1758359010
|move|p2a: Ogerpon|Play Rough|p1a: Gholdengo
|-damage|p1a: Gholdengo|69/100
|-unboost|p1a: Gholdengo|atk|1
|move|p1a: Gholdengo|Nasty Plot|p1a: Gholdengo
|-boost|p1a: Gholdengo|spa|2
|
|upkeep
|turn|18
|
|t:|1758359016
|move|p2a: Ogerpon|Play Rough|p1a: Gholdengo
|-damage|p1a: Gholdengo|34/100
|move|p1a: Gholdengo|Recover|p1a: Gholdengo
|-heal|p1a: Gholdengo|84/100
|
|upkeep
|turn|19
|
|t:|1758359020
|move|p2a: Ogerpon|Spikes|p1a: Gholdengo
|-sidestart|p1: murder kingdom|Spikes
|move|p1a: Gholdengo|Shadow Ball|p2a: Ogerpon
|-damage|p2a: Ogerpon|11/100
|
|upkeep
|turn|20
|
|t:|1758359022
|move|p2a: Ogerpon|Play Rough|p1a: Gholdengo
|-damage|p1a: Gholdengo|52/100
|move|p1a: Gholdengo|Recover|p1a: Gholdengo
|-heal|p1a: Gholdengo|100/100
|
|upkeep
|turn|21
|
|t:|1758359025
|move|p2a: Ogerpon|Play Rough|p1a: Gholdengo|[miss]
|-miss|p2a: Ogerpon|p1a: Gholdengo
|move|p1a: Gholdengo|Shadow Ball|p2a: Ogerpon
|-damage|p2a: Ogerpon|0 fnt
|faint|p2a: Ogerpon
|
|upkeep
|
|t:|1758359033
|switch|p2a: Kyurem|Kyurem|49/100
|-ability|p2a: Kyurem|Pressure
|turn|22
|
|t:|1758359036
|move|p2a: Kyurem|Freeze-Dry|p1a: Gholdengo
|-supereffective|p1a: Gholdengo
|-damage|p1a: Gholdengo|27/100
|move|p1a: Gholdengo|Shadow Ball|p2a: Kyurem
|-damage|p2a: Kyurem|0 fnt
|faint|p2a: Kyurem
|
|upkeep
|l|☆murder kingdom
|inactive|murder kingdom disconnected and has a minute to reconnect!
|player|p1|
|
|t:|1758359041
|switch|p2a: Gholdengo|Gholdengo|100/100
|-item|p2a: Gholdengo|Air Balloon
|turn|23
|c|☆Terra the creator|Zzz
|inactive|murder kingdom has 30 seconds to reconnect!
|inactive|murder kingdom has 20 seconds to reconnect!
|inactive|murder kingdom has 15 seconds to reconnect!
|inactive|murder kingdom has 10 seconds to reconnect!
|inactive|murder kingdom has 5 seconds to reconnect!
|-message|murder kingdom lost due to inactivity.
|
|win|Terra the creator
|n|☆Terra the creator|terrathecreator
|n|*Lady Monita ☀|ladymonita
|n| Albrtix|albrtix
|l|*Lady Monita ☀
