|j|☆joe schmuck
|j|☆FriedAstronauts
|t:|1758235299
|gametype|singles
|player|p1|joe schmuck|silver-gen2|1303
|player|p2|FriedAstronauts|marlon|1277
|gen|9
|tier|[Gen 9] OU
|rated|
|rule|HP Percentage Mod: HP is shown in percentages
|rule|Endless Battle Clause: Forcing endless battles is banned
|rule|Species Clause: Limit one of each Pokémon
|rule|OHKO Clause: OHKO moves are banned
|rule|Evasion Items Clause: Evasion items are banned
|rule|Evasion Moves Clause: Evasion moves are banned
|rule|Evasion Abilities Clause: Evasion abilities are banned
|rule|Sleep Moves Clause: Sleep-inducing moves are banned
|clearpoke
|poke|p1|Heatran, F|
|poke|p1|Samurott-Hisui, M|
|poke|p1|Gholdengo|
|poke|p1|Rillaboom, F|
|poke|p1|Great Tusk|
|poke|p1|Hatterene, F|
|poke|p2|Zoroark-Hisui, F|
|poke|p2|Ursaluna, M|
|poke|p2|Blissey, F|
|poke|p2|Porygon2|
|poke|p2|Slaking, F|
|poke|p2|Staraptor, F|
|teampreview
|inactive|Battle timer is ON: inactive players will automatically lose when time's up. (requested by joe schmuck)
|
|t:|1758235310
|teamsize|p1|6
|teamsize|p2|6
|start
|switch|p1a: Samurott|Samurott-Hisui, M|100/100
|switch|p2a: Blissey|Blissey, F|100/100
|turn|1
|
|t:|1758235313
|switch|p2a: Staraptor|Staraptor, F|100/100
|-ability|p2a: Staraptor|Intimidate|boost
|-unboost|p1a: Samurott|atk|1
|move|p1a: Samurott|Knock Off|p2a: Staraptor
|-damage|p2a: Staraptor|58/100
|-enditem|p2a: Staraptor|Focus Sash|[from] move: Knock Off|[of] p1a: Samurott
|
|upkeep
|turn|2
|
|t:|1758235318
|switch|p1a: Heatran|Heatran, F|100/100
|-item|p1a: Heatran|Air Balloon
|move|p2a: Staraptor|U-turn|p1a: Heatran
|-resisted|p1a: Heatran
|-damage|p1a: Heatran|96/100
|-status|p2a: Staraptor|brn|[from] ability: Flame Body|[of] p1a: Heatran
|-enditem|p1a: Heatran|Air Balloon
|
|t:|1758235326
|switch|p2a: Slaking|Slaking, F|100/100|[from] U-turn
|
|upkeep
|turn|3
|
|t:|1758235334
|move|p2a: Slaking|Earthquake|p1a: Heatran
|-supereffective|p1a: Heatran
|-damage|p1a: Heatran|0 fnt
|faint|p1a: Heatran
|
|upkeep
|
|t:|1758235344
|switch|p1a: Great Tusk|Great Tusk|100/100
|-enditem|p1a: Great Tusk|Booster Energy
|-activate|p1a: Great Tusk|ability: Protosynthesis|[fromitem]
|-start|p1a: Great Tusk|protosynthesisspe
|turn|4
|
|t:|1758235347
|switch|p2a: Staraptor|Staraptor, F|58/100 brn
|-ability|p2a: Staraptor|Intimidate|boost
|-unboost|p1a: Great Tusk|atk|1
|move|p1a: Great Tusk|Bulk Up|p1a: Great Tusk
|-boost|p1a: Great Tusk|atk|1
|-boost|p1a: Great Tusk|def|1
|
|-damage|p2a: Staraptor|52/100 brn|[from] brn
|upkeep
|turn|5
|
|t:|1758235350
|move|p1a: Great Tusk|Bulk Up|p1a: Great Tusk
|-boost|p1a: Great Tusk|atk|1
|-boost|p1a: Great Tusk|def|1
|move|p2a: Staraptor|Brave Bird|p1a: Great Tusk
|-supereffective|p1a: Great Tusk
|-damage|p1a: Great Tusk|79/100
|-damage|p2a: Staraptor|42/100 brn|[from] Recoil
|
|-damage|p2a: Staraptor|36/100 brn|[from] brn
|upkeep
|turn|6
|
|t:|1758235355
|move|p1a: Great Tusk|Bulk Up|p1a: Great Tusk
|-boost|p1a: Great Tusk|atk|1
|-boost|p1a: Great Tusk|def|1
|move|p2a: Staraptor|Tailwind|p2a: Staraptor
|-sidestart|p2: FriedAstronauts|move: Tailwind
|
|-damage|p2a: Staraptor|29/100 brn|[from] brn
|upkeep
|turn|7
|
|t:|1758235361
|move|p2a: Staraptor|Brave Bird|p1a: Great Tusk
|-supereffective|p1a: Great Tusk
|-damage|p1a: Great Tusk|62/100
|-damage|p2a: Staraptor|22/100 brn|[from] Recoil
|move|p1a: Great Tusk|Rapid Spin|p2a: Staraptor
|-damage|p2a: Staraptor|0 fnt
|-boost|p1a: Great Tusk|spe|1
|faint|p2a: Staraptor
|
|upkeep
|
|t:|1758235364
|switch|p2a: Blissey|Blissey, F|100/100
|turn|8
|
|t:|1758235373
|move|p2a: Blissey|Psychic|p1a: Great Tusk
|-supereffective|p1a: Great Tusk
|-damage|p1a: Great Tusk|0 fnt
|faint|p1a: Great Tusk
|-end|p1a: Great Tusk|Protosynthesis|[silent]
|
|upkeep
|
|t:|1758235378
|switch|p1a: Samurott|Samurott-Hisui, M|100/100
|turn|9
|
|t:|1758235382
|switch|p2a: Porygon2|Porygon2|100/100
|move|p1a: Samurott|Ceaseless Edge|p2a: Porygon2
|-damage|p2a: Porygon2|81/100
|-sidestart|p2: FriedAstronauts|Spikes
|
|-sideend|p2: FriedAstronauts|move: Tailwind
|upkeep
|turn|10
|
|t:|1758235384
|move|p1a: Samurott|Knock Off|p2a: Porygon2
|-damage|p2a: Porygon2|60/100
|-enditem|p2a: Porygon2|Eviolite|[from] move: Knock Off|[of] p1a: Samurott
|move|p2a: Porygon2|Charge Beam|p1a: Samurott|[miss]
|-miss|p2a: Porygon2|p1a: Samurott
|
|upkeep
|turn|11
|
|t:|1758235389
|move|p1a: Samurott|Ceaseless Edge|p2a: Porygon2
|-damage|p2a: Porygon2|30/100
|-sidestart|p2: FriedAstronauts|Spikes
|move|p2a: Porygon2|Charge Beam|p1a: Samurott
|-supereffective|p1a: Samurott
|-crit|p1a: Samurott
|-damage|p1a: Samurott|69/100
|-boost|p2a: Porygon2|spa|1
|
|upkeep
|turn|12
|
|t:|1758235393
|move|p1a: Samurott|Ceaseless Edge|p2a: Porygon2
|-damage|p2a: Porygon2|0 fnt
|-sidestart|p2: FriedAstronauts|Spikes
|faint|p2a: Porygon2
|
|upkeep
|
|t:|1758235399
|switch|p2a: Slaking|Slaking, F|100/100
|-damage|p2a: Slaking|76/100|[from] Spikes
|turn|13
|
|t:|1758235404
|move|p1a: Samurott|Sucker Punch|p2a: Slaking
|-damage|p2a: Slaking|52/100
|move|p2a: Slaking|Giga Impact|p1a: Samurott
|-damage|p1a: Samurott|0 fnt
|-mustrecharge|p2a: Slaking
|faint|p1a: Samurott
|
|upkeep
|
|t:|1758235411
|switch|p1a: Rillaboom|Rillaboom, F|100/100
|-fieldstart|move: Grassy Terrain|[from] ability: Grassy Surge|[of] p1a: Rillaboom
|turn|14
|
|t:|1758235414
|switch|p1a: Gholdengo|Gholdengo|100/100
|-enditem|p1a: Gholdengo|Grassy Seed
|-boost|p1a: Gholdengo|def|1|[from] item: Grassy Seed
|cant|p2a: Slaking|recharge
|
|-heal|p2a: Slaking|58/100|[from] Grassy Terrain
|upkeep
|turn|15
|
|t:|1758235420
|switch|p2a: Ursaluna|Ursaluna, M|100/100
|-damage|p2a: Ursaluna|76/100|[from] Spikes
|move|p1a: Gholdengo|Nasty Plot|p1a: Gholdengo
|-boost|p1a: Gholdengo|spa|2
|
|-heal|p2a: Ursaluna|82/100|[from] Grassy Terrain
|-status|p2a: Ursaluna|brn|[from] item: Flame Orb
|upkeep
|turn|16
|
|t:|1758235436
|-terastallize|p1a: Gholdengo|Fairy
|move|p1a: Gholdengo|Make It Rain|p2a: Ursaluna
|-damage|p2a: Ursaluna|0 fnt
|-unboost|p1a: Gholdengo|spa|1
|faint|p2a: Ursaluna
|
|upkeep
|
|t:|1758235444
|switch|p2a: Blissey|Blissey, F|100/100
|-damage|p2a: Blissey|76/100|[from] Spikes
|turn|17
|
|t:|1758235448
|move|p1a: Gholdengo|Nasty Plot|p1a: Gholdengo
|-boost|p1a: Gholdengo|spa|2
|move|p2a: Blissey|Stealth Rock|p1a: Gholdengo
|-sidestart|p1: joe schmuck|move: Stealth Rock
|
|-heal|p2a: Blissey|82/100|[from] Grassy Terrain
|-heal|p2a: Blissey|88/100|[from] item: Leftovers
|upkeep
|turn|18
|
|t:|1758235453
|move|p1a: Gholdengo|Nasty Plot|p1a: Gholdengo
|-boost|p1a: Gholdengo|spa|2
|move|p2a: Blissey|Seismic Toss|p1a: Gholdengo
|-damage|p1a: Gholdengo|74/100
|
|-heal|p1a: Gholdengo|80/100|[from] Grassy Terrain
|-heal|p2a: Blissey|94/100|[from] Grassy Terrain
|-heal|p2a: Blissey|99/100|[from] item: Leftovers
|-fieldend|move: Grassy Terrain
|upkeep
|turn|19
|
|t:|1758235459
|move|p1a: Gholdengo|Nasty Plot|p1a: Gholdengo
|-boost|p1a: Gholdengo|spa|1
|move|p2a: Blissey|Seismic Toss|p1a: Gholdengo
|-damage|p1a: Gholdengo|54/100
|
|-heal|p2a: Blissey|100/100|[from] item: Leftovers
|upkeep
|turn|20
|
|t:|1758235463
|move|p1a: Gholdengo|Make It Rain|p2a: Blissey
|-damage|p2a: Blissey|19/100
|-unboost|p1a: Gholdengo|spa|1
|move|p2a: Blissey|Seismic Toss|p1a: Gholdengo
|-damage|p1a: Gholdengo|27/100
|
|-heal|p2a: Blissey|26/100|[from] item: Leftovers
|upkeep
|turn|21
|
|t:|1758235468
|move|p1a: Gholdengo|Make It Rain|p2a: Blissey
|-damage|p2a: Blissey|0 fnt
|-unboost|p1a: Gholdengo|spa|1
|faint|p2a: Blissey
|
|upkeep
|
|t:|1758235474
|switch|p2a: Slaking|Slaking, F|100/100
|-damage|p2a: Slaking|76/100|[from] Spikes
|turn|22
|
|t:|1758235476
|move|p2a: Slaking|Hyper Voice|p1a: Gholdengo
|-damage|p1a: Gholdengo|0 fnt
|faint|p1a: Gholdengo
|
|upkeep
|
|t:|1758235480
|switch|p1a: Rillaboom|Rillaboom, F|100/100
|-damage|p1a: Rillaboom|88/100|[from] Stealth Rock
|-fieldstart|move: Grassy Terrain|[from] ability: Grassy Surge|[of] p1a: Rillaboom
|turn|23
|
|t:|1758235482
|move|p1a: Rillaboom|Grassy Glide|p2a: Slaking
|-damage|p2a: Slaking|0 fnt
|replace|p2a: Zoroark|Zoroark-Hisui, F
|-end|p2a: Zoroark|Illusion
|faint|p2a: Zoroark
|
|-heal|p1a: Rillaboom|94/100|[from] Grassy Terrain
|upkeep
|
|t:|1758235484
|switch|p2a: Slaking|Slaking, F|58/100
|-damage|p2a: Slaking|33/100|[from] Spikes
|turn|24
|
|t:|1758235487
|move|p1a: Rillaboom|Grassy Glide|p2a: Slaking
|-damage|p2a: Slaking|0 fnt
|faint|p2a: Slaking
|
|win|joe schmuck
|raw|joe schmuck's rating: 1303 &rarr; <strong>1322</strong><br />(+19 for winning)
|raw|FriedAstronauts's rating: 1277 &rarr; <strong>1254</strong><br />(-23 for losing)
|l|☆FriedAstronauts
|player|p2|
|c|☆joe schmuck|gg
