|j|☆Prav33n
|j|☆miriasa
|t:|1758264641
|gametype|singles
|player|p1|Prav33n|koga|1742
|player|p2|miriasa|marley|1681
|gen|9
|tier|[Gen 9] OU
|rated|
|rule|HP Percentage Mod: HP is shown in percentages
|rule|Endless Battle Clause: Forcing endless battles is banned
|rule|Species Clause: Limit one of each Pokémon
|rule|OHKO Clause: OHKO moves are banned
|rule|Evasion Items Clause: Evasion items are banned
|rule|Evasion Moves Clause: Evasion moves are banned
|rule|Evasion Abilities Clause: Evasion abilities are banned
|rule|Sleep Moves Clause: Sleep-inducing moves are banned
|clearpoke
|poke|p1|Kyurem|
|poke|p1|Scizor, F|
|poke|p1|Zapdos|
|poke|p1|Zamazenta-*|
|poke|p1|Ting-Lu|
|poke|p1|Hatterene, F|
|poke|p2|Ogerpon-Wellspring, F|
|poke|p2|Cinderace, M|
|poke|p2|Great Tusk|
|poke|p2|Slowking-Galar, M|
|poke|p2|Clefable, M|
|poke|p2|Dragonite, M|
|teampreview
|inactive|Battle timer is ON: inactive players will automatically lose when time's up. (requested by Prav33n)
|inactive|miriasa has 120 seconds left.
|
|t:|1758264676
|teamsize|p1|6
|teamsize|p2|6
|start
|switch|p1a: Zapdos|Zapdos|100/100
|switch|p2a: Cinderace|Cinderace, M|100/100
|turn|1
|
|t:|1758264701
|move|p2a: Cinderace|Pyro Ball|p1a: Zapdos
|-damage|p1a: Zapdos|26/100
|move|p1a: Zapdos|Volt Switch|p2a: Cinderace
|-damage|p2a: Cinderace|54/100
|
|t:|1758264709
|switch|p1a: Zamazenta|Zamazenta|100/100|[from] Volt Switch
|-ability|p1a: Zamazenta|Dauntless Shield|boost
|-boost|p1a: Zamazenta|def|1
|
|upkeep
|turn|2
|
|t:|1758264723
|switch|p1a: Zapdos|Zapdos|26/100
|move|p2a: Cinderace|Pyro Ball|p1a: Zapdos
|-damage|p1a: Zapdos|0 fnt
|faint|p1a: Zapdos
|
|upkeep
|inactive|Prav33n has 120 seconds left.
|
|t:|1758264756
|switch|p1a: Hatterene|Hatterene, F|100/100
|turn|3
|
|t:|1758264760
|move|p2a: Cinderace|U-turn|p1a: Hatterene
|-start|p2a: Cinderace|typechange|Bug|[from] ability: Libero
|-damage|p1a: Hatterene|72/100
|-damage|p2a: Cinderace|37/100|[from] item: Rocky Helmet|[of] p1a: Hatterene
|
|t:|1758264761
|switch|p2a: Slowking|Slowking-Galar, M|100/100|[from] U-turn
|move|p1a: Hatterene|Nuzzle|p2a: Slowking
|-damage|p2a: Slowking|96/100
|-status|p2a: Slowking|par
|
|upkeep
|turn|4
|
|t:|1758264769
|switch|p1a: Ting-Lu|Ting-Lu|100/100
|-ability|p1a: Ting-Lu|Vessel of Ruin
|-prepare|p2a: Slowking|Chilly Reception|[premajor]
|cant|p2a: Slowking|par
|
|upkeep
|turn|5
|
|t:|1758264771
|move|p1a: Ting-Lu|Stealth Rock|p2a: Slowking
|-sidestart|p2: miriasa|move: Stealth Rock
|-prepare|p2a: Slowking|Chilly Reception|[premajor]
|move|p2a: Slowking|Chilly Reception|p2a: Slowking
|-weather|Snowscape
|
|t:|1758264786
|switch|p2a: Ogerpon|Ogerpon-Wellspring, F|100/100|[from] Chilly Reception
|-damage|p2a: Ogerpon|88/100|[from] Stealth Rock
|
|-weather|Snowscape|[upkeep]
|upkeep
|turn|6
|
|t:|1758264792
|switch|p1a: Kyurem|Kyurem|100/100
|-ability|p1a: Kyurem|Pressure
|move|p2a: Ogerpon|Play Rough|p1a: Kyurem
|-supereffective|p1a: Kyurem
|-damage|p1a: Kyurem|48/100
|
|-weather|Snowscape|[upkeep]
|upkeep
|turn|7
|
|t:|1758264819
|switch|p1a: Scizor|Scizor, F|100/100
|switch|p2a: Dragonite|Dragonite, M|100/100
|
|-weather|Snowscape|[upkeep]
|upkeep
|turn|8
|
|t:|1758264828
|move|p1a: Scizor|U-turn|p2a: Dragonite
|-resisted|p2a: Dragonite
|-damage|p2a: Dragonite|87/100
|
|t:|1758264830
|switch|p1a: Hatterene|Hatterene, F|72/100|[from] U-turn
|move|p2a: Dragonite|Earthquake|p1a: Hatterene
|-damage|p1a: Hatterene|41/100
|
|-weather|Snowscape|[upkeep]
|upkeep
|turn|9
|
|t:|1758264841
|switch|p2a: Slowking|Slowking-Galar, M|100/100 par
|move|p1a: Hatterene|Psychic Noise|p2a: Slowking
|-damage|p2a: Slowking|81/100 par
|-start|p2a: Slowking|move: Heal Block
|
|-weather|none
|upkeep
|turn|10
|
|t:|1758264844
|move|p1a: Hatterene|Pain Split|p2a: Slowking
|-sethp|p2a: Slowking|57/100 par|[from] move: Pain Split|[silent]
|-sethp|p1a: Hatterene|71/100|[from] move: Pain Split
|-prepare|p2a: Slowking|Chilly Reception|[premajor]
|cant|p2a: Slowking|par
|
|-end|p2a: Slowking|move: Heal Block
|upkeep
|turn|11
|
|t:|1758264849
|switch|p1a: Ting-Lu|Ting-Lu|100/100
|-ability|p1a: Ting-Lu|Vessel of Ruin
|-prepare|p2a: Slowking|Chilly Reception|[premajor]
|cant|p2a: Slowking|par
|
|upkeep
|turn|12
|
|t:|1758264867
|switch|p2a: Clefable|Clefable, M|100/100
|move|p1a: Ting-Lu|Ruination|p2a: Clefable
|-damage|p2a: Clefable|50/100
|
|upkeep
|turn|13
|j| Pigglesworth
|
|t:|1758264880
|switch|p1a: Hatterene|Hatterene, F|71/100
|move|p2a: Clefable|Moonlight|p2a: Clefable
|-heal|p2a: Clefable|100/100
|
|upkeep
|turn|14
|
|t:|1758264896
|switch|p2a: Slowking|Slowking-Galar, M|91/100 par
|move|p1a: Hatterene|Psychic Noise|p2a: Slowking
|-damage|p2a: Slowking|71/100 par
|-start|p2a: Slowking|move: Heal Block
|
|upkeep
|turn|15
|
|t:|1758264898
|move|p1a: Hatterene|Psychic Noise|p2a: Slowking
|-damage|p2a: Slowking|50/100 par
|-prepare|p2a: Slowking|Chilly Reception|[premajor]
|move|p2a: Slowking|Chilly Reception|p2a: Slowking
|-weather|Snowscape
|
|t:|1758264909
|switch|p2a: Cinderace|Cinderace, M|37/100|[from] Chilly Reception
|
|-weather|Snowscape|[upkeep]
|upkeep
|turn|16
|l| Pigglesworth
|
|t:|1758264912
|move|p2a: Cinderace|Pyro Ball|p1a: Hatterene
|-damage|p1a: Hatterene|21/100
|move|p1a: Hatterene|Psychic Noise|p2a: Cinderace
|-damage|p2a: Cinderace|0 fnt
|faint|p2a: Cinderace
|
|-weather|Snowscape|[upkeep]
|upkeep
|
|t:|1758264915
|switch|p2a: Ogerpon|Ogerpon-Wellspring, F|88/100
|-damage|p2a: Ogerpon|75/100|[from] Stealth Rock
|turn|17
|
|t:|1758264933
|move|p2a: Ogerpon|Play Rough|p1a: Hatterene
|-damage|p1a: Hatterene|0 fnt
|-damage|p2a: Ogerpon|59/100|[from] item: Rocky Helmet|[of] p1a: Hatterene
|faint|p1a: Hatterene
|
|-weather|Snowscape|[upkeep]
|upkeep
|
|t:|1758264936
|switch|p1a: Scizor|Scizor, F|100/100
|turn|18
|
|t:|1758264941
|switch|p2a: Clefable|Clefable, M|100/100
|move|p1a: Scizor|U-turn|p2a: Clefable
|-resisted|p2a: Clefable
|-damage|p2a: Clefable|79/100
|-damage|p1a: Scizor|84/100|[from] item: Rocky Helmet|[of] p2a: Clefable
|
|t:|1758264946
|switch|p1a: Zamazenta|Zamazenta|100/100|[from] U-turn
|
|-weather|Snowscape|[upkeep]
|upkeep
|turn|19
|inactive|miriasa has 120 seconds left.
|
|t:|1758264980
|switch|p1a: Scizor|Scizor, F|84/100
|-terastallize|p2a: Clefable|Water
|move|p2a: Clefable|Thunder Wave|p1a: Scizor
|-status|p1a: Scizor|par
|
|-weather|none
|upkeep
|turn|20
|
|t:|1758264991
|move|p2a: Clefable|Stealth Rock|p1a: Scizor
|-sidestart|p1: Prav33n|move: Stealth Rock
|move|p1a: Scizor|Knock Off|p2a: Clefable
|-damage|p2a: Clefable|36/100
|-damage|p1a: Scizor|68/100 par|[from] item: Rocky Helmet|[of] p2a: Clefable
|-enditem|p2a: Clefable|Rocky Helmet|[from] move: Knock Off|[of] p1a: Scizor
|
|upkeep
|turn|21
|
|t:|1758265004
|switch|p1a: Kyurem|Kyurem|48/100
|-damage|p1a: Kyurem|24/100|[from] Stealth Rock
|-ability|p1a: Kyurem|Pressure
|move|p2a: Clefable|Moonlight|p2a: Clefable
|-heal|p2a: Clefable|86/100
|
|upkeep
|turn|22
|
|t:|1758265017
|switch|p2a: Slowking|Slowking-Galar, M|84/100 par
|move|p1a: Kyurem|Freeze-Dry|p2a: Slowking
|-damage|p2a: Slowking|65/100 par
|
|upkeep
|turn|23
|
|t:|1758265025
|move|p1a: Kyurem|Icicle Spear|p2a: Slowking
|-damage|p2a: Slowking|53/100 par
|-damage|p2a: Slowking|41/100 par
|-damage|p2a: Slowking|27/100 par
|-damage|p2a: Slowking|15/100 par
|-hitcount|p2a: Slowking|4
|move|p2a: Slowking|Sludge Bomb|p1a: Kyurem
|-damage|p1a: Kyurem|0 fnt
|faint|p1a: Kyurem
|
|upkeep
|
|t:|1758265031
|switch|p1a: Scizor|Scizor, F|68/100 par
|-damage|p1a: Scizor|55/100 par|[from] Stealth Rock
|turn|24
|
|t:|1758265040
|switch|p2a: Great Tusk|Great Tusk|100/100
|-damage|p2a: Great Tusk|98/100|[from] Stealth Rock
|-enditem|p2a: Great Tusk|Booster Energy
|-activate|p2a: Great Tusk|ability: Protosynthesis|[fromitem]
|-start|p2a: Great Tusk|protosynthesisspe
|move|p1a: Scizor|U-turn|p2a: Great Tusk
|-resisted|p2a: Great Tusk
|-damage|p2a: Great Tusk|80/100
|
|t:|1758265044
|switch|p1a: Zamazenta|Zamazenta|100/100|[from] U-turn
|-damage|p1a: Zamazenta|94/100|[from] Stealth Rock
|
|-heal|p1a: Zamazenta|100/100|[from] item: Leftovers
|upkeep
|turn|25
|
|t:|1758265049
|move|p2a: Great Tusk|Bulk Up|p2a: Great Tusk
|-boost|p2a: Great Tusk|atk|1
|-boost|p2a: Great Tusk|def|1
|move|p1a: Zamazenta|Iron Defense|p1a: Zamazenta
|-boost|p1a: Zamazenta|def|2
|
|upkeep
|turn|26
|
|t:|1758265058
|move|p2a: Great Tusk|Bulk Up|p2a: Great Tusk
|-boost|p2a: Great Tusk|atk|1
|-boost|p2a: Great Tusk|def|1
|move|p1a: Zamazenta|Iron Defense|p1a: Zamazenta
|-boost|p1a: Zamazenta|def|2
|
|upkeep
|turn|27
|
|t:|1758265063
|move|p2a: Great Tusk|Bulk Up|p2a: Great Tusk
|-boost|p2a: Great Tusk|atk|1
|-boost|p2a: Great Tusk|def|1
|move|p1a: Zamazenta|Iron Defense|p1a: Zamazenta
|-boost|p1a: Zamazenta|def|2
|
|upkeep
|turn|28
|
|t:|1758265065
|move|p2a: Great Tusk|Bulk Up|p2a: Great Tusk
|-boost|p2a: Great Tusk|atk|1
|-boost|p2a: Great Tusk|def|1
|move|p1a: Zamazenta|Roar|p2a: Great Tusk
|-end|p2a: Great Tusk|Protosynthesis|[silent]
|drag|p2a: Clefable|Clefable, M, tera:Water|86/100
|
|upkeep
|turn|29
|
|t:|1758265070
|move|p1a: Zamazenta|Body Press|p2a: Clefable
|-damage|p2a: Clefable|0 fnt
|faint|p2a: Clefable
|
|upkeep
|
|t:|1758265073
|switch|p2a: Slowking|Slowking-Galar, M|48/100 par
|turn|30
|
|t:|1758265076
|switch|p2a: Great Tusk|Great Tusk|80/100
|-damage|p2a: Great Tusk|77/100|[from] Stealth Rock
|move|p1a: Zamazenta|Body Press|p2a: Great Tusk
|-damage|p2a: Great Tusk|0 fnt
|faint|p2a: Great Tusk
|-end|p2a: Great Tusk|Protosynthesis|[silent]
|
|upkeep
|
|t:|1758265082
|switch|p2a: Slowking|Slowking-Galar, M|82/100 par
|turn|31
|
|t:|1758265088
|move|p1a: Zamazenta|Crunch|p2a: Slowking
|-supereffective|p2a: Slowking
|-damage|p2a: Slowking|37/100 par
|move|p2a: Slowking|Toxic|p1a: Zamazenta
|-status|p1a: Zamazenta|tox
|
|-damage|p1a: Zamazenta|94/100 tox|[from] psn
|upkeep
|turn|32
|
|t:|1758265102
|move|p1a: Zamazenta|Body Press|p2a: Slowking
|-resisted|p2a: Slowking
|-damage|p2a: Slowking|0 fnt
|faint|p2a: Slowking
|
|-heal|p1a: Zamazenta|100/100 tox|[from] item: Leftovers
|-damage|p1a: Zamazenta|88/100 tox|[from] psn
|upkeep
|
|t:|1758265104
|switch|p2a: Dragonite|Dragonite, M|87/100
|turn|33
|
|t:|1758265112
|move|p1a: Zamazenta|Body Press|p2a: Dragonite
|-resisted|p2a: Dragonite
|-damage|p2a: Dragonite|23/100
|move|p2a: Dragonite|Dragon Tail|p1a: Zamazenta
|-damage|p1a: Zamazenta|82/100 tox
|drag|p1a: Scizor|Scizor, F|55/100 par
|-damage|p1a: Scizor|43/100 par|[from] Stealth Rock
|
|upkeep
|turn|34
|
|t:|1758265128
|-terastallize|p1a: Scizor|Steel
|move|p1a: Scizor|Bullet Punch|p2a: Dragonite
|-damage|p2a: Dragonite|0 fnt
|faint|p2a: Dragonite
|
|upkeep
|
|t:|1758265131
|switch|p2a: Ogerpon|Ogerpon-Wellspring, F|59/100
|-damage|p2a: Ogerpon|46/100|[from] Stealth Rock
|turn|35
|
|t:|1758265133
|move|p1a: Scizor|Bullet Punch|p2a: Ogerpon
|-resisted|p2a: Ogerpon
|-damage|p2a: Ogerpon|1/100
|move|p2a: Ogerpon|Ivy Cudgel|p1a: Scizor|[anim] Ivy Cudgel Water
|-crit|p1a: Scizor
|-damage|p1a: Scizor|0 fnt
|faint|p1a: Scizor
|
|upkeep
|
|t:|1758265135
|switch|p1a: Zamazenta|Zamazenta|82/100 tox
|-damage|p1a: Zamazenta|76/100 tox|[from] Stealth Rock
|turn|36
|
|t:|1758265137
|move|p1a: Zamazenta|Body Press|p2a: Ogerpon
|-damage|p2a: Ogerpon|0 fnt
|faint|p2a: Ogerpon
|
|win|Prav33n
|raw|Prav33n's rating: 1742 &rarr; <strong>1759</strong><br />(+17 for winning)
|raw|miriasa's rating: 1681 &rarr; <strong>1664</strong><br />(-17 for losing)
|c|☆miriasa|gg
|c|☆Prav33n|gg
