|j|☆Lezhaper
|j|☆yanxinguang
|t:|1758290301
|gametype|singles
|player|p1|Lezhaper|pokemonrangerf|1175
|player|p2|yanxinguang|cynthia|1168
|gen|9
|tier|[Gen 9] OU
|rated|
|rule|HP Percentage Mod: HP is shown in percentages
|rule|Endless Battle Clause: Forcing endless battles is banned
|rule|Species Clause: Limit one of each Pokémon
|rule|OHKO Clause: OHKO moves are banned
|rule|Evasion Items Clause: Evasion items are banned
|rule|Evasion Moves Clause: Evasion moves are banned
|rule|Evasion Abilities Clause: Evasion abilities are banned
|rule|Sleep Moves Clause: Sleep-inducing moves are banned
|clearpoke
|poke|p1|Falinks|
|poke|p1|Primarina, M|
|poke|p1|Great Tusk|
|poke|p1|Latias, F|
|poke|p1|Clodsire, F|
|poke|p1|Talonflame, M|
|poke|p2|Glimmora, M|
|poke|p2|Blissey, F|
|poke|p2|Garganacl, M|
|poke|p2|Kingambit, F|
|poke|p2|Great Tusk|
|poke|p2|Enamorus, F|
|teampreview
|
|t:|1758290307
|teamsize|p1|6
|teamsize|p2|6
|start
|switch|p1a: Latias|Latias, F|100/100
|switch|p2a: Glimmora|Glimmora, M, shiny|100/100
|turn|1
|inactive|Battle timer is ON: inactive players will automatically lose when time's up. (requested by yanxinguang)
|
|t:|1758290314
|move|p1a: Latias|Psychic|p2a: Glimmora
|-supereffective|p2a: Glimmora
|-enditem|p2a: Glimmora|Focus Sash
|-damage|p2a: Glimmora|1/100
|move|p2a: Glimmora|Stealth Rock|p1a: Latias
|-sidestart|p1: Lezhaper|move: Stealth Rock
|
|upkeep
|turn|2
|
|t:|1758290326
|switch|p2a: Blissey|Blissey, F, shiny|100/100
|move|p1a: Latias|Psychic|p2a: Blissey
|-damage|p2a: Blissey|86/100
|
|upkeep
|turn|3
|
|t:|1758290332
|switch|p1a: Great Tusk|Great Tusk|100/100
|-damage|p1a: Great Tusk|98/100|[from] Stealth Rock
|-enditem|p1a: Great Tusk|Booster Energy
|-activate|p1a: Great Tusk|ability: Protosynthesis|[fromitem]
|-start|p1a: Great Tusk|protosynthesisatk
|move|p2a: Blissey|Thunder Wave|p1a: Great Tusk
|-immune|p1a: Great Tusk
|
|upkeep
|turn|4
|
|t:|1758290342
|switch|p2a: Great Tusk|Great Tusk, shiny|100/100
|move|p1a: Great Tusk|Rapid Spin|p2a: Great Tusk
|-damage|p2a: Great Tusk|82/100
|-boost|p1a: Great Tusk|spe|1
|-damage|p1a: Great Tusk|81/100|[from] item: Rocky Helmet|[of] p2a: Great Tusk
|-sideend|p1: Lezhaper|Stealth Rock|[from] move: Rapid Spin|[of] p1a: Great Tusk
|
|upkeep
|turn|5
|
|t:|1758290364
|move|p1a: Great Tusk|Close Combat|p2a: Great Tusk
|-damage|p2a: Great Tusk|19/100
|-unboost|p1a: Great Tusk|def|1
|-unboost|p1a: Great Tusk|spd|1
|-damage|p1a: Great Tusk|65/100|[from] item: Rocky Helmet|[of] p2a: Great Tusk
|move|p2a: Great Tusk|Ice Spinner|p1a: Great Tusk
|-supereffective|p1a: Great Tusk
|-damage|p1a: Great Tusk|5/100
|
|upkeep
|turn|6
|
|t:|1758290379
|-end|p2a: Great Tusk|Protosynthesis|[silent]
|switch|p2a: Glimmora|Glimmora, M, shiny|1/100
|move|p1a: Great Tusk|Close Combat|p2a: Glimmora
|-damage|p2a: Glimmora|0 fnt
|-unboost|p1a: Great Tusk|def|1
|-unboost|p1a: Great Tusk|spd|1
|-activate|p2a: Glimmora|ability: Toxic Debris
|-sidestart|p1: Lezhaper|move: Toxic Spikes
|faint|p2a: Glimmora
|
|upkeep
|
|t:|1758290388
|switch|p2a: Enamorus|Enamorus, F|100/100
|turn|7
|
|t:|1758290394
|move|p2a: Enamorus|Moonblast|p1a: Great Tusk
|-supereffective|p1a: Great Tusk
|-damage|p1a: Great Tusk|0 fnt
|faint|p1a: Great Tusk
|-end|p1a: Great Tusk|Protosynthesis|[silent]
|
|upkeep
|
|t:|1758290399
|switch|p1a: Clodsire|Clodsire, F|100/100
|-sideend|p1: Lezhaper|move: Toxic Spikes|[of] p1a: Clodsire
|turn|8
|
|t:|1758290409
|switch|p2a: Garganacl|Garganacl, M|100/100
|move|p1a: Clodsire|Stealth Rock|p2a: Garganacl
|-sidestart|p2: yanxinguang|move: Stealth Rock
|
|upkeep
|turn|9
|
|t:|1758290416
|move|p2a: Garganacl|Salt Cure|p1a: Clodsire
|-resisted|p1a: Clodsire
|-damage|p1a: Clodsire|95/100
|-start|p1a: Clodsire|Salt Cure
|move|p1a: Clodsire|Toxic|p2a: Garganacl
|-immune|p2a: Garganacl|[from] ability: Purifying Salt
|
|-heal|p1a: Clodsire|100/100|[from] item: Leftovers
|-damage|p1a: Clodsire|88/100|[from] Salt Cure
|upkeep
|turn|10
|
|t:|1758290430
|switch|p1a: Primarina|Primarina, M|100/100
|move|p2a: Garganacl|Iron Defense|p2a: Garganacl
|-boost|p2a: Garganacl|def|2
|
|upkeep
|turn|11
|
|t:|1758290442
|switch|p2a: Blissey|Blissey, F, shiny|86/100
|move|p1a: Primarina|Energy Ball|p2a: Blissey
|-damage|p2a: Blissey|77/100
|
|upkeep
|turn|12
|
|t:|1758290451
|switch|p1a: Clodsire|Clodsire, F|88/100
|move|p2a: Blissey|Thunder Wave|p1a: Clodsire
|-immune|p1a: Clodsire
|
|-heal|p1a: Clodsire|94/100|[from] item: Leftovers
|upkeep
|turn|13
|
|t:|1758290462
|switch|p2a: Enamorus|Enamorus, F|100/100
|-damage|p2a: Enamorus|76/100|[from] Stealth Rock
|switch|p1a: Falinks|Falinks|100/100
|
|upkeep
|turn|14
|
|t:|1758290469
|move|p2a: Enamorus|Moonblast|p1a: Falinks
|-supereffective|p1a: Falinks
|-enditem|p1a: Falinks|Focus Sash
|-damage|p1a: Falinks|1/100
|move|p1a: Falinks|No Retreat|p1a: Falinks
|-boost|p1a: Falinks|atk|1
|-boost|p1a: Falinks|def|1
|-boost|p1a: Falinks|spa|1
|-boost|p1a: Falinks|spd|1
|-boost|p1a: Falinks|spe|1
|-start|p1a: Falinks|move: No Retreat
|
|upkeep
|turn|15
|
|t:|1758290478
|move|p2a: Enamorus|Moonblast|p1a: Falinks
|-supereffective|p1a: Falinks
|-damage|p1a: Falinks|0 fnt
|faint|p1a: Falinks
|
|upkeep
|
|t:|1758290490
|switch|p1a: Primarina|Primarina, M|100/100
|turn|16
|
|t:|1758290499
|switch|p2a: Garganacl|Garganacl, M|100/100
|-damage|p2a: Garganacl|88/100|[from] Stealth Rock
|move|p1a: Primarina|Ice Beam|p2a: Garganacl
|-damage|p2a: Garganacl|68/100
|
|-heal|p2a: Garganacl|74/100|[from] item: Leftovers
|upkeep
|turn|17
|
|t:|1758290512
|move|p1a: Primarina|Energy Ball|p2a: Garganacl
|-supereffective|p2a: Garganacl
|-damage|p2a: Garganacl|33/100
|move|p2a: Garganacl|Salt Cure|p1a: Primarina
|-damage|p1a: Primarina|79/100
|-start|p1a: Primarina|Salt Cure
|
|-heal|p1a: Primarina|85/100|[from] item: Leftovers
|-heal|p2a: Garganacl|39/100|[from] item: Leftovers
|-damage|p1a: Primarina|60/100|[from] Salt Cure
|upkeep
|turn|18
|
|t:|1758290522
|move|p1a: Primarina|Energy Ball|p2a: Garganacl
|-supereffective|p2a: Garganacl
|-damage|p2a: Garganacl|2/100
|move|p2a: Garganacl|Recover|p2a: Garganacl
|-heal|p2a: Garganacl|52/100
|
|-heal|p1a: Primarina|66/100|[from] item: Leftovers
|-heal|p2a: Garganacl|58/100|[from] item: Leftovers
|-damage|p1a: Primarina|41/100|[from] Salt Cure
|upkeep
|turn|19
|
|t:|1758290532
|move|p1a: Primarina|Draining Kiss|p2a: Garganacl
|-damage|p2a: Garganacl|41/100
|-heal|p1a: Primarina|59/100|[from] drain|[of] p2a: Garganacl
|move|p2a: Garganacl|Recover|p2a: Garganacl
|-heal|p2a: Garganacl|91/100
|
|-heal|p1a: Primarina|65/100|[from] item: Leftovers
|-heal|p2a: Garganacl|97/100|[from] item: Leftovers
|-damage|p1a: Primarina|40/100|[from] Salt Cure
|upkeep
|turn|20
|
|t:|1758290541
|move|p1a: Primarina|Energy Ball|p2a: Garganacl
|-supereffective|p2a: Garganacl
|-damage|p2a: Garganacl|58/100
|move|p2a: Garganacl|Salt Cure|p1a: Primarina
|-damage|p1a: Primarina|18/100
|
|-heal|p1a: Primarina|24/100|[from] item: Leftovers
|-heal|p2a: Garganacl|64/100|[from] item: Leftovers
|-damage|p1a: Primarina|0 fnt|[from] Salt Cure
|faint|p1a: Primarina
|upkeep
|
|t:|1758290548
|switch|p1a: Latias|Latias, F|100/100
|turn|21
|
|t:|1758290553
|switch|p2a: Blissey|Blissey, F, shiny|77/100
|move|p1a: Latias|Psychic|p2a: Blissey
|-damage|p2a: Blissey|61/100
|
|upkeep
|turn|22
|
|t:|1758290559
|move|p1a: Latias|Calm Mind|p1a: Latias
|-boost|p1a: Latias|spa|1
|-boost|p1a: Latias|spd|1
|move|p2a: Blissey|Shadow Ball|p1a: Latias
|-supereffective|p1a: Latias
|-damage|p1a: Latias|83/100
|
|upkeep
|turn|23
|
|t:|1758290566
|move|p1a: Latias|Calm Mind|p1a: Latias
|-boost|p1a: Latias|spa|1
|-boost|p1a: Latias|spd|1
|move|p2a: Blissey|Thunder Wave|p1a: Latias|[miss]
|-miss|p2a: Blissey|p1a: Latias
|
|upkeep
|turn|24
|
|t:|1758290575
|move|p1a: Latias|Psychic|p2a: Blissey
|-damage|p2a: Blissey|28/100
|move|p2a: Blissey|Thunder Wave|p1a: Latias
|-status|p1a: Latias|par
|
|upkeep
|turn|25
|
|t:|1758290582
|move|p1a: Latias|Psychic|p2a: Blissey
|-damage|p2a: Blissey|0 fnt
|faint|p2a: Blissey
|
|upkeep
|
|t:|1758290588
|switch|p2a: Kingambit|Kingambit, F, shiny|100/100
|-damage|p2a: Kingambit|94/100|[from] Stealth Rock
|-activate|p2a: Kingambit|ability: Supreme Overlord
|-start|p2a: Kingambit|fallen2|[silent]
|turn|26
|
|t:|1758290612
|-terastallize|p1a: Latias|Fairy
|move|p2a: Kingambit|Sucker Punch|p1a: Latias
|-resisted|p1a: Latias
|-damage|p1a: Latias|53/100 par
|cant|p1a: Latias|par
|
|-heal|p2a: Kingambit|100/100|[from] item: Leftovers
|upkeep
|turn|27
|
|t:|1758290626
|move|p2a: Kingambit|Iron Head|p1a: Latias
|-supereffective|p1a: Latias
|-damage|p1a: Latias|0 fnt
|faint|p1a: Latias
|
|upkeep
|
|t:|1758290635
|switch|p1a: Talonflame|Talonflame, M|100/100
|turn|28
|
|t:|1758290641
|-end|p2a: Kingambit|fallen2|[silent]
|switch|p2a: Enamorus|Enamorus, F|76/100
|-damage|p2a: Enamorus|51/100|[from] Stealth Rock
|move|p1a: Talonflame|Flare Blitz|p2a: Enamorus
|-damage|p2a: Enamorus|0 fnt
|faint|p2a: Enamorus
|-damage|p1a: Talonflame|84/100|[from] Recoil
|
|upkeep
|
|t:|1758290652
|switch|p2a: Garganacl|Garganacl, M|64/100
|-damage|p2a: Garganacl|52/100|[from] Stealth Rock
|turn|29
|
|t:|1758290675
|move|p1a: Talonflame|U-turn|p2a: Garganacl
|-damage|p2a: Garganacl|40/100
|
|t:|1758290677
|switch|p1a: Clodsire|Clodsire, F|94/100|[from] U-turn
|move|p2a: Garganacl|Recover|p2a: Garganacl
|-heal|p2a: Garganacl|90/100
|
|-heal|p2a: Garganacl|96/100|[from] item: Leftovers
|-heal|p1a: Clodsire|100/100|[from] item: Leftovers
|upkeep
|turn|30
|
|t:|1758290686
|move|p1a: Clodsire|Protect|p1a: Clodsire
|-singleturn|p1a: Clodsire|Protect
|move|p2a: Garganacl|Salt Cure|p1a: Clodsire
|-activate|p1a: Clodsire|move: Protect
|
|-heal|p2a: Garganacl|100/100|[from] item: Leftovers
|upkeep
|turn|31
|
|t:|1758290695
|move|p2a: Garganacl|Salt Cure|p1a: Clodsire
|-resisted|p1a: Clodsire
|-damage|p1a: Clodsire|94/100
|-start|p1a: Clodsire|Salt Cure
|move|p1a: Clodsire|Stealth Rock||[still]
|-fail|p1a: Clodsire
|
|-heal|p1a: Clodsire|99/100|[from] item: Leftovers
|-damage|p1a: Clodsire|88/100|[from] Salt Cure
|upkeep
|turn|32
|
|t:|1758290703
|move|p1a: Clodsire|Protect|p1a: Clodsire
|-singleturn|p1a: Clodsire|Protect
|move|p2a: Garganacl|Iron Defense|p2a: Garganacl
|-boost|p2a: Garganacl|def|2
|
|-heal|p1a: Clodsire|94/100|[from] item: Leftovers
|-damage|p1a: Clodsire|81/100|[from] Salt Cure
|upkeep
|turn|33
|
|t:|1758290711
|move|p2a: Garganacl|Iron Defense|p2a: Garganacl
|-boost|p2a: Garganacl|def|2
|move|p1a: Clodsire|Haze|p1a: Clodsire
|-clearallboost
|
|-heal|p1a: Clodsire|88/100|[from] item: Leftovers
|-damage|p1a: Clodsire|75/100|[from] Salt Cure
|upkeep
|turn|34
|
|t:|1758290719
|move|p1a: Clodsire|Protect|p1a: Clodsire
|-singleturn|p1a: Clodsire|Protect
|move|p2a: Garganacl|Iron Defense|p2a: Garganacl
|-boost|p2a: Garganacl|def|2
|
|-heal|p1a: Clodsire|81/100|[from] item: Leftovers
|-damage|p1a: Clodsire|69/100|[from] Salt Cure
|upkeep
|turn|35
|
|t:|1758290726
|move|p2a: Garganacl|Iron Defense|p2a: Garganacl
|-boost|p2a: Garganacl|def|2
|move|p1a: Clodsire|Haze|p1a: Clodsire
|-clearallboost
|
|-heal|p1a: Clodsire|75/100|[from] item: Leftovers
|-damage|p1a: Clodsire|63/100|[from] Salt Cure
|upkeep
|turn|36
|
|t:|1758290734
|move|p2a: Garganacl|Iron Defense|p2a: Garganacl
|-boost|p2a: Garganacl|def|2
|move|p1a: Clodsire|Haze|p1a: Clodsire
|-clearallboost
|
|-heal|p1a: Clodsire|69/100|[from] item: Leftovers
|-damage|p1a: Clodsire|56/100|[from] Salt Cure
|upkeep
|turn|37
|
|t:|1758290742
|move|p2a: Garganacl|Iron Defense|p2a: Garganacl
|-boost|p2a: Garganacl|def|2
|move|p1a: Clodsire|Haze|p1a: Clodsire
|-clearallboost
|
|-heal|p1a: Clodsire|63/100|[from] item: Leftovers
|-damage|p1a: Clodsire|50/100|[from] Salt Cure
|upkeep
|turn|38
|
|t:|1758290751
|move|p2a: Garganacl|Body Press|p1a: Clodsire
|-resisted|p1a: Clodsire
|-damage|p1a: Clodsire|40/100
|move|p1a: Clodsire|Haze|p1a: Clodsire
|-clearallboost
|
|-heal|p1a: Clodsire|46/100|[from] item: Leftovers
|-damage|p1a: Clodsire|34/100|[from] Salt Cure
|upkeep
|turn|39
|
|t:|1758290760
|move|p1a: Clodsire|Protect|p1a: Clodsire
|-singleturn|p1a: Clodsire|Protect
|move|p2a: Garganacl|Body Press|p1a: Clodsire
|-activate|p1a: Clodsire|move: Protect
|
|-heal|p1a: Clodsire|40/100|[from] item: Leftovers
|-damage|p1a: Clodsire|27/100|[from] Salt Cure
|upkeep
|turn|40
|
|t:|1758290771
|move|p1a: Clodsire|Protect|p1a: Clodsire
|-singleturn|p1a: Clodsire|Protect
|move|p2a: Garganacl|Iron Defense|p2a: Garganacl
|-boost|p2a: Garganacl|def|2
|
|-heal|p1a: Clodsire|34/100|[from] item: Leftovers
|-damage|p1a: Clodsire|21/100|[from] Salt Cure
|upkeep
|turn|41
|
|t:|1758290779
|move|p1a: Clodsire|Protect||[still]
|-fail|p1a: Clodsire
|move|p2a: Garganacl|Body Press|p1a: Clodsire
|-resisted|p1a: Clodsire
|-damage|p1a: Clodsire|2/100
|
|-heal|p1a: Clodsire|8/100|[from] item: Leftovers
|-damage|p1a: Clodsire|0 fnt|[from] Salt Cure
|faint|p1a: Clodsire
|upkeep
|
|t:|1758290781
|switch|p1a: Talonflame|Talonflame, M|84/100
|turn|42
|
|t:|1758290790
|move|p1a: Talonflame|Acrobatics|p2a: Garganacl
|-resisted|p2a: Garganacl
|-damage|p2a: Garganacl|94/100
|move|p2a: Garganacl|Salt Cure|p1a: Talonflame
|-supereffective|p1a: Talonflame
|-damage|p1a: Talonflame|0 fnt
|faint|p1a: Talonflame
|
|win|yanxinguang
|raw|Lezhaper's rating: 1175 &rarr; <strong>1149</strong><br />(-26 for losing)
|raw|yanxinguang's rating: 1168 &rarr; <strong>1194</strong><br />(+26 for winning)
|l|☆Lezhaper
|player|p1|
|l|☆yanxinguang
|player|p2|
