|j|☆Winter escape
|j|☆Juggperc1
|t:|1758358538
|gametype|singles
|player|p1|Winter escape|unknown|1322
|player|p2|Juggperc1|camper|1382
|gen|9
|tier|[Gen 9] OU
|rated|
|rule|HP Percentage Mod: HP is shown in percentages
|rule|Endless Battle Clause: Forcing endless battles is banned
|rule|Species Clause: Limit one of each Pokémon
|rule|OHKO Clause: OHKO moves are banned
|rule|Evasion Items Clause: Evasion items are banned
|rule|Evasion Moves Clause: Evasion moves are banned
|rule|Evasion Abilities Clause: Evasion abilities are banned
|rule|Sleep Moves Clause: Sleep-inducing moves are banned
|clearpoke
|poke|p1|Samurott-Hisui, F|
|poke|p1|Pelipper, F|
|poke|p1|Barraskewda, M|
|poke|p1|Gliscor, M|
|poke|p1|Raging Bolt|
|poke|p1|Scizor, M|
|poke|p2|Gardevoir, M|
|poke|p2|Ogerpon-Wellspring, F|
|poke|p2|Glimmora, M|
|poke|p2|Gliscor, M|
|poke|p2|Zamazenta-*|
|poke|p2|Weezing-Galar, M|
|teampreview
|inactive|Battle timer is ON: inactive players will automatically lose when time's up. (requested by Juggperc1)
|
|t:|1758358551
|teamsize|p1|6
|teamsize|p2|6
|start
|switch|p1a: Pelipper|Pelipper, F|100/100
|switch|p2a: Glimmora|Glimmora, M|100/100
|-weather|RainDance|[from] ability: Drizzle|[of] p1a: Pelipper
|turn|1
|
|t:|1758358557
|move|p1a: Pelipper|Surf|p2a: Glimmora
|-supereffective|p2a: Glimmora
|-enditem|p2a: Glimmora|Focus Sash
|-damage|p2a: Glimmora|1/100
|move|p2a: Glimmora|Stealth Rock|p1a: Pelipper
|-sidestart|p1: Winter escape|move: Stealth Rock
|
|-weather|RainDance|[upkeep]
|upkeep
|turn|2
|
|t:|1758358584
|switch|p1a: Raging Bolt|Raging Bolt|100/100
|-damage|p1a: Raging Bolt|88/100|[from] Stealth Rock
|-enditem|p1a: Raging Bolt|Booster Energy
|-activate|p1a: Raging Bolt|ability: Protosynthesis|[fromitem]
|-start|p1a: Raging Bolt|protosynthesisspa
|move|p2a: Glimmora|Power Gem|p1a: Raging Bolt
|-damage|p1a: Raging Bolt|51/100
|
|-weather|RainDance|[upkeep]
|upkeep
|turn|3
|
|t:|1758358596
|move|p1a: Raging Bolt|Thunderclap|p2a: Glimmora
|-damage|p2a: Glimmora|0 fnt
|faint|p2a: Glimmora
|
|-weather|RainDance|[upkeep]
|upkeep
|
|t:|1758358602
|switch|p2a: Gardevoir|Gardevoir, M|100/100
|turn|4
|
|t:|1758358614
|switch|p2a: Gliscor|Gliscor, M|100/100
|-terastallize|p1a: Raging Bolt|Electric
|move|p1a: Raging Bolt|Thunder|p2a: Gliscor
|-immune|p2a: Gliscor
|
|-weather|RainDance|[upkeep]
|-status|p2a: Gliscor|tox|[from] item: Toxic Orb
|upkeep
|turn|5
|
|t:|1758358630
|move|p2a: Gliscor|Earthquake|p1a: Raging Bolt
|-supereffective|p1a: Raging Bolt
|-damage|p1a: Raging Bolt|0 fnt
|faint|p1a: Raging Bolt
|-end|p1a: Raging Bolt|Protosynthesis|[silent]
|
|-weather|none
|upkeep
|
|t:|1758358640
|switch|p1a: Scizor|Scizor, M|100/100
|-damage|p1a: Scizor|88/100|[from] Stealth Rock
|turn|6
|
|t:|1758358645
|move|p2a: Gliscor|Knock Off|p1a: Scizor
|-damage|p1a: Scizor|59/100
|-enditem|p1a: Scizor|Life Orb|[from] move: Knock Off|[of] p2a: Gliscor
|move|p1a: Scizor|Defog|p2a: Gliscor
|-unboost|p2a: Gliscor|evasion|1
|-sideend|p1: Winter escape|Stealth Rock|[from] move: Defog|[of] p1a: Scizor
|
|upkeep
|turn|7
|
|t:|1758358664
|switch|p1a: Pelipper|Pelipper, F|100/100
|-weather|RainDance|[from] ability: Drizzle|[of] p1a: Pelipper
|move|p2a: Gliscor|Swords Dance|p2a: Gliscor
|-boost|p2a: Gliscor|atk|2
|
|-weather|RainDance|[upkeep]
|upkeep
|turn|8
|
|t:|1758358674
|-terastallize|p2a: Gliscor|Water
|move|p1a: Pelipper|Ice Beam|p2a: Gliscor
|-resisted|p2a: Gliscor
|-damage|p2a: Gliscor|82/100 tox
|move|p2a: Gliscor|Facade|p1a: Pelipper
|-crit|p1a: Pelipper
|-damage|p1a: Pelipper|0 fnt
|faint|p1a: Pelipper
|
|-weather|RainDance|[upkeep]
|-heal|p2a: Gliscor|94/100 tox|[from] ability: Poison Heal
|upkeep
|-message|Winter escape forfeited.
|
|win|Juggperc1
|raw|Winter escape's rating: 1322 &rarr; <strong>1305</strong><br />(-17 for losing)
|raw|Juggperc1's rating: 1382 &rarr; <strong>1399</strong><br />(+17 for winning)
|l|☆Winter escape
|player|p1|
|l|☆Juggperc1
|player|p2|
