|j|☆Dylphin
|j|☆Dareven
|t:|1758345285
|gametype|singles
|player|p1|Dylphin|sailor|1320
|player|p2|Dareven|n|1391
|gen|9
|tier|[Gen 9] OU
|rated|
|rule|HP Percentage Mod: HP is shown in percentages
|rule|Endless Battle Clause: Forcing endless battles is banned
|rule|Species Clause: Limit one of each Pokémon
|rule|OHKO Clause: OHKO moves are banned
|rule|Evasion Items Clause: Evasion items are banned
|rule|Evasion Moves Clause: Evasion moves are banned
|rule|Evasion Abilities Clause: Evasion abilities are banned
|rule|Sleep Moves Clause: Sleep-inducing moves are banned
|clearpoke
|poke|p1|Azumarill, F|
|poke|p1|Dragonite, M|
|poke|p1|Raging Bolt|
|poke|p1|Cinderace, M|
|poke|p1|Iron Jugulis|
|poke|p1|Gholdengo|
|poke|p2|Ceruledge, F|
|poke|p2|Ninetales, F|
|poke|p2|Leavanny, F|
|poke|p2|Great Tusk|
|poke|p2|Raging Bolt|
|poke|p2|Walking Wake|
|teampreview
|inactive|Battle timer is ON: inactive players will automatically lose when time's up. (requested by Dylphin)
|
|t:|1758345298
|teamsize|p1|6
|teamsize|p2|6
|start
|switch|p1a: iJugs|Iron Jugulis|100/100
|switch|p2a: Ninetales|Ninetales, F, shiny|100/100
|-weather|SunnyDay|[from] ability: Drought|[of] p2a: Ninetales
|turn|1
|
|t:|1758345311
|switch|p2a: Leavanny|Leavanny, F, shiny|100/100
|move|p1a: iJugs|Charge Beam|p2a: Leavanny
|-resisted|p2a: Leavanny
|-damage|p2a: Leavanny|88/100
|-boost|p1a: iJugs|spa|1
|
|-weather|SunnyDay|[upkeep]
|upkeep
|turn|2
|
|t:|1758345321
|move|p2a: Leavanny|Sticky Web|p1a: iJugs
|-sidestart|p1: Dylphin|move: Sticky Web
|move|p1a: iJugs|Hurricane|p2a: Leavanny|[miss]
|-miss|p1a: iJugs|p2a: Leavanny
|
|-weather|SunnyDay|[upkeep]
|upkeep
|turn|3
|
|t:|1758345327
|move|p2a: Leavanny|Low Kick|p1a: iJugs
|-damage|p1a: iJugs|69/100
|move|p1a: iJugs|Hurricane|p2a: Leavanny|[miss]
|-miss|p1a: iJugs|p2a: Leavanny
|
|-weather|SunnyDay|[upkeep]
|upkeep
|turn|4
|
|t:|1758345333
|move|p2a: Leavanny|Low Kick|p1a: iJugs
|-damage|p1a: iJugs|35/100
|move|p1a: iJugs|Hurricane|p2a: Leavanny|[miss]
|-miss|p1a: iJugs|p2a: Leavanny
|
|-weather|SunnyDay|[upkeep]
|upkeep
|turn|5
|
|t:|1758345340
|move|p2a: Leavanny|Low Kick|p1a: iJugs
|-damage|p1a: iJugs|2/100
|move|p1a: iJugs|Hurricane|p2a: Leavanny|[miss]
|-miss|p1a: iJugs|p2a: Leavanny
|
|-weather|SunnyDay|[upkeep]
|upkeep
|turn|6
|
|t:|1758345345
|move|p2a: Leavanny|Low Kick|p1a: iJugs
|-crit|p1a: iJugs
|-damage|p1a: iJugs|0 fnt
|faint|p1a: iJugs
|-end|p1a: iJugs|Quark Drive|[silent]
|
|-weather|SunnyDay|[upkeep]
|upkeep
|
|t:|1758345347
|switch|p1a: Bugs|Cinderace, M|100/100
|turn|7
|
|t:|1758345352
|move|p2a: Leavanny|Leaf Storm|p1a: Bugs
|-resisted|p1a: Bugs
|-damage|p1a: Bugs|69/100
|-unboost|p2a: Leavanny|spa|2
|-enditem|p2a: Leavanny|Eject Pack
|
|t:|1758345360
|switch|p2a: Walking Wake|Walking Wake|100/100
|-activate|p2a: Walking Wake|ability: Protosynthesis
|-start|p2a: Walking Wake|protosynthesisspa
|move|p1a: Bugs|Court Change|p1a: Bugs
|-start|p1a: Bugs|typechange|Normal|[from] ability: Libero
|-swapsideconditions
|-activate|p1a: Bugs|move: Court Change
|
|-weather|SunnyDay|[upkeep]
|upkeep
|turn|8
|
|t:|1758345369
|move|p1a: Bugs|U-turn|p2a: Walking Wake
|-damage|p2a: Walking Wake|78/100
|
|t:|1758345372
|switch|p1a: Bring da Boom|Azumarill, F, shiny|100/100|[from] U-turn
|move|p2a: Walking Wake|Hydro Steam|p1a: Bring da Boom
|-resisted|p1a: Bring da Boom
|-damage|p1a: Bring da Boom|37/100
|-enditem|p1a: Bring da Boom|Sitrus Berry|[eat]
|-heal|p1a: Bring da Boom|62/100|[from] item: Sitrus Berry
|
|-weather|none
|-end|p2a: Walking Wake|Protosynthesis
|upkeep
|turn|9
|
|t:|1758345382
|-end|p2a: Walking Wake|Protosynthesis|[silent]
|switch|p2a: Ninetales|Ninetales, F, shiny|100/100
|-activate|p2a: Ninetales|move: Sticky Web
|-unboost|p2a: Ninetales|spe|1
|-weather|SunnyDay|[from] ability: Drought|[of] p2a: Ninetales
|move|p1a: Bring da Boom|Belly Drum|p1a: Bring da Boom
|-damage|p1a: Bring da Boom|12/100
|-setboost|p1a: Bring da Boom|atk|6|[from] move: Belly Drum
|
|-weather|SunnyDay|[upkeep]
|upkeep
|turn|10
|
|t:|1758345394
|move|p1a: Bring da Boom|Aqua Jet|p2a: Ninetales
|-supereffective|p2a: Ninetales
|-damage|p2a: Ninetales|0 fnt
|faint|p2a: Ninetales
|
|-weather|SunnyDay|[upkeep]
|upkeep
|
|t:|1758345402
|switch|p2a: Raging Bolt|Raging Bolt|100/100
|-activate|p2a: Raging Bolt|move: Sticky Web
|-unboost|p2a: Raging Bolt|spe|1
|-activate|p2a: Raging Bolt|ability: Protosynthesis
|-start|p2a: Raging Bolt|protosynthesisspa
|turn|11
|
|t:|1758345406
|move|p2a: Raging Bolt|Thunderclap|p1a: Bring da Boom
|-supereffective|p1a: Bring da Boom
|-damage|p1a: Bring da Boom|0 fnt
|faint|p1a: Bring da Boom
|
|-weather|SunnyDay|[upkeep]
|upkeep
|
|t:|1758345414
|switch|p1a: Neverender|Raging Bolt|100/100
|-activate|p1a: Neverender|ability: Protosynthesis
|-start|p1a: Neverender|protosynthesisspa
|turn|12
|
|t:|1758345418
|-terastallize|p2a: Raging Bolt|Fairy
|move|p1a: Neverender|Dragon Pulse|p2a: Raging Bolt
|-immune|p2a: Raging Bolt
|move|p2a: Raging Bolt|Dragon Pulse|p1a: Neverender
|-supereffective|p1a: Neverender
|-damage|p1a: Neverender|0 fnt
|faint|p1a: Neverender
|-end|p1a: Neverender|Protosynthesis|[silent]
|
|-weather|SunnyDay|[upkeep]
|upkeep
|
|t:|1758345422
|switch|p1a: Bugs|Cinderace, M|69/100
|turn|13
|
|t:|1758345429
|move|p1a: Bugs|Pyro Ball|p2a: Raging Bolt
|-damage|p2a: Raging Bolt|20/100
|move|p2a: Raging Bolt|Thunderbolt|p1a: Bugs
|-damage|p1a: Bugs|0 fnt
|faint|p1a: Bugs
|
|-weather|SunnyDay|[upkeep]
|-heal|p2a: Raging Bolt|26/100|[from] item: Leftovers
|upkeep
|
|t:|1758345455
|switch|p1a: Apple Jack|Gholdengo|100/100
|turn|14
|
|t:|1758345458
|move|p1a: Apple Jack|Trick|p2a: Raging Bolt
|-activate|p1a: Apple Jack|move: Trick|[of] p2a: Raging Bolt
|-item|p2a: Raging Bolt|Choice Scarf|[from] move: Trick
|-item|p1a: Apple Jack|Leftovers|[from] move: Trick
|move|p2a: Raging Bolt|Thunderbolt|p1a: Apple Jack
|-damage|p1a: Apple Jack|16/100
|
|-weather|SunnyDay|[upkeep]
|-heal|p1a: Apple Jack|22/100|[from] item: Leftovers
|upkeep
|turn|15
|
|t:|1758345466
|move|p1a: Apple Jack|Shadow Ball|p2a: Raging Bolt
|-damage|p2a: Raging Bolt|0 fnt
|faint|p2a: Raging Bolt
|-end|p2a: Raging Bolt|Protosynthesis|[silent]
|
|-weather|SunnyDay|[upkeep]
|-heal|p1a: Apple Jack|28/100|[from] item: Leftovers
|upkeep
|
|t:|1758345473
|switch|p2a: Great Tusk|Great Tusk|100/100
|-activate|p2a: Great Tusk|ability: Protosynthesis
|-start|p2a: Great Tusk|protosynthesisatk
|turn|16
|
|t:|1758345492
|move|p2a: Great Tusk|Temper Flare|p1a: Apple Jack
|-supereffective|p1a: Apple Jack
|-damage|p1a: Apple Jack|0 fnt
|faint|p1a: Apple Jack
|
|-weather|none
|-end|p2a: Great Tusk|Protosynthesis
|upkeep
|
|t:|1758345494
|switch|p1a: Puff|Dragonite, M|100/100
|turn|17
|
|t:|1758345500
|move|p2a: Great Tusk|Rapid Spin|p1a: Puff
|-damage|p1a: Puff|92/100
|-boost|p2a: Great Tusk|spe|1
|-sideend|p2: Dareven|Sticky Web|[from] move: Rapid Spin|[of] p2a: Great Tusk
|move|p1a: Puff|Dragon Dance|p1a: Puff
|-boost|p1a: Puff|atk|1
|-boost|p1a: Puff|spe|1
|
|upkeep
|turn|18
|
|t:|1758345507
|-terastallize|p1a: Puff|Normal
|move|p2a: Great Tusk|Ice Spinner|p1a: Puff
|-damage|p1a: Puff|59/100
|move|p1a: Puff|Dragon Dance|p1a: Puff
|-boost|p1a: Puff|atk|1
|-boost|p1a: Puff|spe|1
|
|upkeep
|turn|19
|
|t:|1758345514
|move|p1a: Puff|Iron Head|p2a: Great Tusk
|-damage|p2a: Great Tusk|57/100
|cant|p2a: Great Tusk|flinch
|
|upkeep
|turn|20
|
|t:|1758345518
|move|p1a: Puff|Extreme Speed|p2a: Great Tusk
|-damage|p2a: Great Tusk|0 fnt
|faint|p2a: Great Tusk
|-end|p2a: Great Tusk|Protosynthesis|[silent]
|
|upkeep
|
|t:|1758345523
|switch|p2a: Ceruledge|Ceruledge, F|100/100
|turn|21
|
|t:|1758345533
|move|p1a: Puff|Earthquake|p2a: Ceruledge
|-supereffective|p2a: Ceruledge
|-enditem|p2a: Ceruledge|Focus Sash
|-damage|p2a: Ceruledge|1/100
|-ability|p2a: Ceruledge|Weak Armor|boost
|-unboost|p2a: Ceruledge|def|1
|-boost|p2a: Ceruledge|spe|2
|move|p2a: Ceruledge|Swords Dance|p2a: Ceruledge
|-boost|p2a: Ceruledge|atk|2
|
|upkeep
|turn|22
|
|t:|1758345537
|move|p2a: Ceruledge|Bitter Blade|p1a: Puff
|-damage|p1a: Puff|0 fnt
|-heal|p2a: Ceruledge|33/100|[from] drain|[of] p1a: Puff
|faint|p1a: Puff
|
|win|Dareven
|raw|Dylphin's rating: 1320 &rarr; <strong>1304</strong><br />(-16 for losing)
|raw|Dareven's rating: 1391 &rarr; <strong>1407</strong><br />(+16 for winning)
|l|☆Dylphin
|player|p1|
|l|☆Dareven
|player|p2|
