|j|☆jamel1
|j|‽solascriptura1521
|t:|1758247850
|gametype|singles
|player|p1|jamel1|cyrus|1731
|player|p2|solascriptura1521|266|1682
|gen|9
|tier|[Gen 9] OU
|rated|
|rule|HP Percentage Mod: HP is shown in percentages
|rule|Endless Battle Clause: Forcing endless battles is banned
|rule|Species Clause: Limit one of each Pokémon
|rule|OHKO Clause: OHKO moves are banned
|rule|Evasion Items Clause: Evasion items are banned
|rule|Evasion Moves Clause: Evasion moves are banned
|rule|Evasion Abilities Clause: Evasion abilities are banned
|rule|Sleep Moves Clause: Sleep-inducing moves are banned
|clearpoke
|poke|p1|Sandaconda, M|
|poke|p1|Deoxys-Defense|
|poke|p1|Gyarados, M|
|poke|p1|Maushold|
|poke|p1|Serperior, M|
|poke|p1|Kommo-o, F|
|poke|p2|Kyurem|
|poke|p2|Alomomola, F|
|poke|p2|Scizor, F|
|poke|p2|Hatterene, F|
|poke|p2|Kingambit, F|
|poke|p2|Garganacl, F|
|teampreview
|
|t:|1758247859
|teamsize|p1|6
|teamsize|p2|6
|start
|switch|p1a: Sandaconda|Sandaconda, M|100/100
|switch|p2a: Scizor|Scizor, F|100/100
|turn|1
|
|t:|1758247864
|move|p1a: Sandaconda|Glare|p2a: Scizor
|-status|p2a: Scizor|par
|cant|p2a: Scizor|par
|
|upkeep
|turn|2
|
|t:|1758247868
|move|p1a: Sandaconda|Earthquake|p2a: Scizor
|-damage|p2a: Scizor|56/100 par
|cant|p2a: Scizor|par
|
|upkeep
|turn|3
|
|t:|1758247871
|move|p1a: Sandaconda|Stealth Rock|p2a: Scizor
|-sidestart|p2: solascriptura1521|move: Stealth Rock
|move|p2a: Scizor|U-turn|p1a: Sandaconda
|-damage|p1a: Sandaconda|36/100
|
|t:|1758247877
|switch|p2a: Alomomola|Alomomola, F|100/100|[from] U-turn
|-damage|p2a: Alomomola|88/100|[from] Stealth Rock
|
|-heal|p2a: Alomomola|94/100|[from] item: Leftovers
|upkeep
|turn|4
|
|t:|1758247879
|move|p1a: Sandaconda|Glare|p2a: Alomomola
|-status|p2a: Alomomola|par
|move|p2a: Alomomola|Scald|p1a: Sandaconda
|-supereffective|p1a: Sandaconda
|-damage|p1a: Sandaconda|0 fnt
|faint|p1a: Sandaconda
|
|-heal|p2a: Alomomola|100/100 par|[from] item: Leftovers
|upkeep
|
|t:|1758247881
|switch|p1a: Serperior|Serperior, M, shiny|100/100
|turn|5
|
|t:|1758247888
|switch|p2a: Scizor|Scizor, F|56/100 par
|-damage|p2a: Scizor|44/100 par|[from] Stealth Rock
|move|p1a: Serperior|Light Screen|p1a: Serperior
|-sidestart|p1: jamel1|move: Light Screen
|
|upkeep
|turn|6
|
|t:|1758247892
|move|p1a: Serperior|Reflect|p1a: Serperior
|-sidestart|p1: jamel1|Reflect
|move|p2a: Scizor|U-turn|p1a: Serperior
|-supereffective|p1a: Serperior
|-damage|p1a: Serperior|27/100
|
|t:|1758247899
|switch|p2a: Hatterene|Hatterene, F|100/100|[from] U-turn
|-damage|p2a: Hatterene|88/100|[from] Stealth Rock
|
|-heal|p2a: Hatterene|94/100|[from] item: Leftovers
|upkeep
|turn|7
|
|t:|1758247902
|move|p1a: Serperior|Leaf Storm|p2a: Hatterene
|-damage|p2a: Hatterene|46/100
|-boost|p1a: Serperior|spa|2
|move|p2a: Hatterene|Mystical Fire|p1a: Serperior
|-supereffective|p1a: Serperior
|-damage|p1a: Serperior|0 fnt
|faint|p1a: Serperior
|
|-heal|p2a: Hatterene|52/100|[from] item: Leftovers
|upkeep
|
|t:|1758247910
|switch|p1a: Kommo-o|Kommo-o, F|100/100
|turn|8
|
|t:|1758247915
|-terastallize|p1a: Kommo-o|Steel
|move|p1a: Kommo-o|Belly Drum|p1a: Kommo-o
|-damage|p1a: Kommo-o|50/100
|-setboost|p1a: Kommo-o|atk|6|[from] move: Belly Drum
|move|p2a: Hatterene|Draining Kiss|p1a: Kommo-o
|-resisted|p1a: Kommo-o
|-damage|p1a: Kommo-o|45/100
|-heal|p2a: Hatterene|56/100|[from] drain|[of] p1a: Kommo-o
|
|-heal|p2a: Hatterene|62/100|[from] item: Leftovers
|upkeep
|turn|9
|
|t:|1758247926
|move|p1a: Kommo-o|Drain Punch|p2a: Hatterene
|-resisted|p2a: Hatterene
|-damage|p2a: Hatterene|28/100
|-heal|p1a: Kommo-o|62/100|[from] drain|[of] p2a: Hatterene
|move|p2a: Hatterene|Mystical Fire|p1a: Kommo-o
|-supereffective|p1a: Kommo-o
|-damage|p1a: Kommo-o|36/100
|-unboost|p1a: Kommo-o|spa|1
|
|-heal|p2a: Hatterene|34/100|[from] item: Leftovers
|upkeep
|turn|10
|
|t:|1758247955
|move|p1a: Kommo-o|Drain Punch|p2a: Hatterene
|-resisted|p2a: Hatterene
|-damage|p2a: Hatterene|4/100
|-heal|p1a: Kommo-o|52/100|[from] drain|[of] p2a: Hatterene
|move|p2a: Hatterene|Mystical Fire|p1a: Kommo-o
|-supereffective|p1a: Kommo-o
|-damage|p1a: Kommo-o|28/100
|-unboost|p1a: Kommo-o|spa|1
|
|-heal|p2a: Hatterene|10/100|[from] item: Leftovers
|upkeep
|turn|11
|
|t:|1758247960
|move|p1a: Kommo-o|Drain Punch|p2a: Hatterene
|-resisted|p2a: Hatterene
|-damage|p2a: Hatterene|0 fnt
|-heal|p1a: Kommo-o|34/100|[from] drain|[of] p2a: Hatterene
|faint|p2a: Hatterene
|
|upkeep
|
|t:|1758247964
|switch|p2a: Kyurem|Kyurem|100/100
|-damage|p2a: Kyurem|76/100|[from] Stealth Rock
|-ability|p2a: Kyurem|Pressure
|turn|12
|
|t:|1758247966
|move|p2a: Kyurem|Earth Power|p1a: Kommo-o
|-supereffective|p1a: Kommo-o
|-damage|p1a: Kommo-o|0 fnt
|faint|p1a: Kommo-o
|
|-sideend|p1: jamel1|move: Light Screen
|upkeep
|
|t:|1758247969
|switch|p1a: Gyarados|Gyarados, M, shiny|100/100
|turn|13
|
|t:|1758247977
|switch|p2a: Alomomola|Alomomola, F|100/100 par
|-damage|p2a: Alomomola|88/100 par|[from] Stealth Rock
|move|p1a: Gyarados|Dragon Dance|p1a: Gyarados
|-boost|p1a: Gyarados|atk|1
|-boost|p1a: Gyarados|spe|1
|
|-heal|p2a: Alomomola|94/100 par|[from] item: Leftovers
|-sideend|p1: jamel1|Reflect
|upkeep
|turn|14
|
|t:|1758247980
|move|p1a: Gyarados|Substitute|p1a: Gyarados
|-start|p1a: Gyarados|Substitute
|-damage|p1a: Gyarados|76/100
|move|p2a: Alomomola|Flip Turn|p1a: Gyarados
|-resisted|p1a: Gyarados
|-activate|p1a: Gyarados|move: Substitute|[damage]
|
|t:|1758247983
|switch|p2a: Scizor|Scizor, F|44/100 par|[from] Flip Turn
|-damage|p2a: Scizor|31/100 par|[from] Stealth Rock
|
|-heal|p1a: Gyarados|82/100|[from] item: Leftovers
|upkeep
|turn|15
|
|t:|1758247985
|move|p2a: Scizor|Bullet Punch|p1a: Gyarados
|-resisted|p1a: Gyarados
|-end|p1a: Gyarados|Substitute
|move|p1a: Gyarados|Dragon Dance|p1a: Gyarados
|-boost|p1a: Gyarados|atk|1
|-boost|p1a: Gyarados|spe|1
|
|-heal|p1a: Gyarados|88/100|[from] item: Leftovers
|upkeep
|turn|16
|
|t:|1758247988
|move|p2a: Scizor|Bullet Punch|p1a: Gyarados
|-resisted|p1a: Gyarados
|-damage|p1a: Gyarados|55/100
|move|p1a: Gyarados|Dragon Dance|p1a: Gyarados
|-boost|p1a: Gyarados|atk|1
|-boost|p1a: Gyarados|spe|1
|
|-heal|p1a: Gyarados|61/100|[from] item: Leftovers
|upkeep
|turn|17
|j| wgw2333
|
|t:|1758247992
|move|p2a: Scizor|Bullet Punch|p1a: Gyarados
|-resisted|p1a: Gyarados
|-damage|p1a: Gyarados|27/100
|move|p1a: Gyarados|Earthquake|p2a: Scizor
|-damage|p2a: Scizor|0 fnt
|faint|p2a: Scizor
|-ability|p1a: Gyarados|Moxie|boost
|-boost|p1a: Gyarados|atk|1
|
|-heal|p1a: Gyarados|33/100|[from] item: Leftovers
|upkeep
|
|t:|1758247998
|switch|p2a: Kingambit|Kingambit, F|100/100
|-damage|p2a: Kingambit|94/100|[from] Stealth Rock
|-activate|p2a: Kingambit|ability: Supreme Overlord
|-start|p2a: Kingambit|fallen2|[silent]
|turn|18
|
|t:|1758248002
|move|p1a: Gyarados|Earthquake|p2a: Kingambit
|-supereffective|p2a: Kingambit
|-damage|p2a: Kingambit|0 fnt
|faint|p2a: Kingambit
|-end|p2a: Kingambit|fallen2|[silent]
|-ability|p1a: Gyarados|Moxie|boost
|-boost|p1a: Gyarados|atk|1
|
|-heal|p1a: Gyarados|39/100|[from] item: Leftovers
|upkeep
|
|t:|1758248006
|switch|p2a: Garganacl|Garganacl, F|100/100
|-damage|p2a: Garganacl|88/100|[from] Stealth Rock
|turn|19
|
|t:|1758248009
|-terastallize|p2a: Garganacl|Fairy
|move|p1a: Gyarados|Substitute|p1a: Gyarados
|-start|p1a: Gyarados|Substitute
|-damage|p1a: Gyarados|14/100
|move|p2a: Garganacl|Salt Cure|p1a: Gyarados
|-supereffective|p1a: Gyarados
|-end|p1a: Gyarados|Substitute
|
|-heal|p1a: Gyarados|20/100|[from] item: Leftovers
|-heal|p2a: Garganacl|94/100|[from] item: Leftovers
|upkeep
|turn|20
|
|t:|1758248013
|move|p1a: Gyarados|Waterfall|p2a: Garganacl
|-damage|p2a: Garganacl|21/100
|cant|p2a: Garganacl|flinch
|
|-heal|p1a: Gyarados|26/100|[from] item: Leftovers
|-heal|p2a: Garganacl|27/100|[from] item: Leftovers
|upkeep
|turn|21
|
|t:|1758248018
|move|p1a: Gyarados|Waterfall|p2a: Garganacl
|-damage|p2a: Garganacl|0 fnt
|faint|p2a: Garganacl
|-ability|p1a: Gyarados|Moxie|boost
|-boost|p1a: Gyarados|atk|1
|
|-heal|p1a: Gyarados|32/100|[from] item: Leftovers
|upkeep
|-message|solascriptura1521 forfeited.
|
|win|jamel1
|raw|jamel1's rating: 1731 &rarr; <strong>1748</strong><br />(+17 for winning)
|raw|solascriptura1521's rating: 1682 &rarr; <strong>1665</strong><br />(-17 for losing)
|l|‽solascriptura1521
|player|p2|
|l|☆jamel1
|player|p1|
|l| wgw2333
|j| wgw2333
