|j|☆Andrewtre
|j|☆hjjug
|t:|1758333846
|gametype|singles
|player|p1|Andrewtre|unknown|1143
|player|p2|hjjug|ghetsis|1175
|gen|9
|tier|[Gen 9] OU
|rated|
|rule|HP Percentage Mod: HP is shown in percentages
|rule|Endless Battle Clause: Forcing endless battles is banned
|rule|Species Clause: Limit one of each Pokémon
|rule|OHKO Clause: OHKO moves are banned
|rule|Evasion Items Clause: Evasion items are banned
|rule|Evasion Moves Clause: Evasion moves are banned
|rule|Evasion Abilities Clause: Evasion abilities are banned
|rule|Sleep Moves Clause: Sleep-inducing moves are banned
|clearpoke
|poke|p1|Farigiraf, F|
|poke|p1|Hatterene, F|
|poke|p1|Gardevoir, F|
|poke|p1|Gengar, M|
|poke|p1|Golduck, F|
|poke|p1|Golurk|
|poke|p2|Arbok, M|
|poke|p2|Ariados, F|
|poke|p2|Thundurus-Therian, M|
|poke|p2|Basculegion-F, F|
|poke|p2|Kleavor, F|
|poke|p2|Hatterene, F|
|teampreview
|inactive|Battle timer is ON: inactive players will automatically lose when time's up. (requested by Andrewtre)
|
|t:|1758333855
|teamsize|p1|6
|teamsize|p2|6
|start
|switch|p1a: Golurk|Golurk|100/100
|switch|p2a: Basculegion|Basculegion-F, F|100/100
|turn|1
|
|t:|1758333863
|move|p2a: Basculegion|Flip Turn|p1a: Golurk
|-supereffective|p1a: Golurk
|-damage|p1a: Golurk|44/100
|inactive|hjjug has 120 seconds left.
|
|t:|1758333917
|switch|p2a: Kleavor|Kleavor, F|100/100|[from] Flip Turn
|move|p1a: Golurk|Poltergeist|p2a: Kleavor
|-activate|p2a: Kleavor|move: Poltergeist|Heavy-Duty Boots
|-damage|p2a: Kleavor|40/100
|-damage|p1a: Golurk|35/100|[from] item: Life Orb
|
|upkeep
|turn|2
|
|t:|1758333930
|move|p2a: Kleavor|Night Slash|p1a: Golurk
|-supereffective|p1a: Golurk
|-crit|p1a: Golurk
|-damage|p1a: Golurk|0 fnt
|faint|p1a: Golurk
|
|upkeep
|
|t:|1758333934
|switch|p1a: Golduck|Golduck, F|100/100
|turn|3
|j| Terry04
|
|t:|1758333946
|switch|p2a: Hatterene|Hatterene, F|100/100
|move|p1a: Golduck|Rain Dance|p1a: Golduck
|-weather|RainDance
|
|-weather|RainDance|[upkeep]
|upkeep
|turn|4
|
|t:|1758333953
|move|p1a: Golduck|Surf|p2a: Hatterene
|-damage|p2a: Hatterene|62/100
|move|p2a: Hatterene|Nuzzle|p1a: Golduck
|-supereffective|p1a: Golduck
|-damage|p1a: Golduck|89/100
|-status|p1a: Golduck|par
|
|-weather|RainDance|[upkeep]
|upkeep
|turn|5
|
|t:|1758333962
|move|p1a: Golduck|Surf|p2a: Hatterene
|-damage|p2a: Hatterene|26/100
|move|p2a: Hatterene|Draining Kiss|p1a: Golduck
|-damage|p1a: Golduck|55/100 par
|-heal|p2a: Hatterene|50/100|[from] drain|[of] p1a: Golduck
|
|-weather|RainDance|[upkeep]
|upkeep
|turn|6
|inactive|hjjug has 120 seconds left.
|
|t:|1758333992
|cant|p1a: Golduck|par
|move|p2a: Hatterene|Draining Kiss|p1a: Golduck
|-damage|p1a: Golduck|22/100 par
|-heal|p2a: Hatterene|74/100|[from] drain|[of] p1a: Golduck
|
|-weather|RainDance|[upkeep]
|upkeep
|turn|7
|l| Terry04
|
|t:|1758334000
|move|p1a: Golduck|Surf|p2a: Hatterene
|-crit|p2a: Hatterene
|-damage|p2a: Hatterene|16/100
|move|p2a: Hatterene|Draining Kiss|p1a: Golduck
|-damage|p1a: Golduck|0 fnt
|-heal|p2a: Hatterene|31/100|[from] drain|[of] p1a: Golduck
|faint|p1a: Golduck
|
|-weather|none
|upkeep
|
|t:|1758334004
|switch|p1a: Gengar|Gengar, M|100/100
|turn|8
|
|t:|1758334018
|move|p1a: Gengar|Sludge Wave|p2a: Hatterene
|-supereffective|p2a: Hatterene
|-damage|p2a: Hatterene|0 fnt
|faint|p2a: Hatterene
|
|upkeep
|
|t:|1758334030
|switch|p2a: Basculegion|Basculegion-F, F|100/100
|turn|9
|
|t:|1758334033
|move|p2a: Basculegion|Shadow Ball|p1a: Gengar
|-supereffective|p1a: Gengar
|-enditem|p1a: Gengar|Focus Sash
|-damage|p1a: Gengar|1/100
|move|p1a: Gengar|Shadow Ball|p2a: Basculegion
|-supereffective|p2a: Basculegion
|-damage|p2a: Basculegion|5/100
|-unboost|p2a: Basculegion|spd|1
|
|upkeep
|turn|10
|
|t:|1758334043
|switch|p1a: Farigiraf|Farigiraf, F|100/100
|move|p2a: Basculegion|Shadow Ball|p1a: Farigiraf
|-immune|p1a: Farigiraf
|
|upkeep
|turn|11
|
|t:|1758334052
|switch|p2a: Kleavor|Kleavor, F|40/100
|move|p1a: Farigiraf|Trick Room|p1a: Farigiraf
|-fieldstart|move: Trick Room|[of] p1a: Farigiraf
|
|upkeep
|turn|12
|
|t:|1758334058
|move|p1a: Farigiraf|Psychic Fangs|p2a: Kleavor
|-damage|p2a: Kleavor|13/100
|-damage|p1a: Farigiraf|91/100|[from] item: Life Orb
|move|p2a: Kleavor|Stone Axe|p1a: Farigiraf
|-damage|p1a: Farigiraf|43/100
|-sidestart|p1: Andrewtre|move: Stealth Rock
|
|upkeep
|turn|13
|
|t:|1758334067
|move|p1a: Farigiraf|Twin Beam|p2a: Kleavor
|-damage|p2a: Kleavor|0 fnt
|faint|p2a: Kleavor
|-hitcount|p2: Kleavor|1
|-damage|p1a: Farigiraf|33/100|[from] item: Life Orb
|
|upkeep
|
|t:|1758334075
|switch|p2a: Ariados|Ariados, F|100/100
|turn|14
|
|t:|1758334079
|move|p2a: Ariados|Sucker Punch||[still]
|cant|p1a: Farigiraf|ability: Armor Tail|Sucker Punch|[of] p2a: Ariados
|move|p1a: Farigiraf|Tera Blast|p2a: Ariados
|-damage|p2a: Ariados|11/100
|-damage|p1a: Farigiraf|23/100|[from] item: Life Orb
|
|upkeep
|turn|15
|
|t:|1758334088
|move|p1a: Farigiraf|Tera Blast|p2a: Ariados
|-damage|p2a: Ariados|0 fnt
|faint|p2a: Ariados
|-damage|p1a: Farigiraf|13/100|[from] item: Life Orb
|
|-fieldend|move: Trick Room
|upkeep
|
|t:|1758334097
|switch|p2a: Basculegion|Basculegion-F, F|5/100
|turn|16
|
|t:|1758334101
|move|p2a: Basculegion|Flip Turn|p1a: Farigiraf
|-damage|p1a: Farigiraf|0 fnt
|faint|p1a: Farigiraf
|
|t:|1758334113
|switch|p2a: Arbok|Arbok, M, shiny|100/100|[from] Flip Turn
|
|upkeep
|
|t:|1758334120
|switch|p1a: Gardevoir|Gardevoir, F|100/100
|-damage|p1a: Gardevoir|88/100|[from] Stealth Rock
|-ability|p1a: Gardevoir|Intimidate|Trace|[from] ability: Trace|[of] p2a: Arbok
|-ability|p1a: Gardevoir|Intimidate|boost
|-unboost|p2a: Arbok|atk|1
|turn|17
|
|t:|1758334130
|move|p1a: Gardevoir|Psychic|p2a: Arbok
|-supereffective|p2a: Arbok
|-damage|p2a: Arbok|0 fnt
|faint|p2a: Arbok
|
|upkeep
|
|t:|1758334138
|switch|p2a: Basculegion|Basculegion-F, F|5/100
|turn|18
|
|t:|1758334146
|-terastallize|p2a: Basculegion|Ghost
|move|p1a: Gardevoir|Psychic|p2a: Basculegion
|-damage|p2a: Basculegion|0 fnt
|faint|p2a: Basculegion
|
|upkeep
|
|t:|1758334153
|switch|p2a: Thundurus|Thundurus-Therian, M|100/100
|turn|19
|
|t:|1758334160
|move|p1a: Gardevoir|Psychic|p2a: Thundurus
|-damage|p2a: Thundurus|33/100
|move|p2a: Thundurus|Thunderbolt|p1a: Gardevoir
|-damage|p1a: Gardevoir|4/100
|
|upkeep
|turn|20
|
|t:|1758334166
|move|p1a: Gardevoir|Psychic|p2a: Thundurus
|-damage|p2a: Thundurus|0 fnt
|faint|p2a: Thundurus
|
|win|Andrewtre
|raw|Andrewtre's rating: 1171 &rarr; <strong>1196</strong><br />(+25 for winning)
|raw|hjjug's rating: 1175 &rarr; <strong>1150</strong><br />(-25 for losing)
|l|☆Andrewtre
|player|p1|
|l|☆hjjug
|player|p2|
