|j|☆467456746f
|j|☆pipotron
|t:|1758331590
|gametype|singles
|player|p1|467456746f|265|1472
|player|p2|pipotron|170|1565
|gen|9
|tier|[Gen 9] OU
|rated|
|rule|HP Percentage Mod: HP is shown in percentages
|rule|Endless Battle Clause: Forcing endless battles is banned
|rule|Species Clause: Limit one of each Pokémon
|rule|OHKO Clause: OHKO moves are banned
|rule|Evasion Items Clause: Evasion items are banned
|rule|Evasion Moves Clause: Evasion moves are banned
|rule|Evasion Abilities Clause: Evasion abilities are banned
|rule|Sleep Moves Clause: Sleep-inducing moves are banned
|clearpoke
|poke|p1|Ogerpon-Wellspring, F|
|poke|p1|Great Tusk|
|poke|p1|Deoxys-Speed|
|poke|p1|Dragonite, F|
|poke|p1|Iron Moth|
|poke|p1|Hatterene, F|
|poke|p2|Kyurem|
|poke|p2|Hitmontop, M|
|poke|p2|Araquanid, F|
|poke|p2|Landorus-Therian, M|
|poke|p2|Raging Bolt|
|poke|p2|Sinistcha|
|teampreview
|inactive|Battle timer is ON: inactive players will automatically lose when time's up. (requested by 467456746f)
|
|t:|1758331609
|teamsize|p1|6
|teamsize|p2|6
|start
|switch|p1a: Dragonite|Dragonite, F|100/100
|switch|p2a: Araquanid|Araquanid, F|100/100
|turn|1
|
|t:|1758331617
|switch|p2a: Hitmontop|Hitmontop, M|100/100
|-ability|p2a: Hitmontop|Intimidate|boost
|-unboost|p1a: Dragonite|atk|1
|move|p1a: Dragonite|Outrage|p2a: Hitmontop
|-damage|p2a: Hitmontop|20/100
|
|-heal|p2a: Hitmontop|26/100|[from] item: Leftovers
|upkeep
|turn|2
|
|t:|1758331636
|move|p1a: Dragonite|Outrage|p2a: Hitmontop|[from] lockedmove
|-damage|p2a: Hitmontop|0 fnt
|faint|p2a: Hitmontop
|
|upkeep
|
|t:|1758331639
|switch|p2a: Kyurem|Kyurem|100/100
|-ability|p2a: Kyurem|Pressure
|turn|3
|
|t:|1758331643
|move|p2a: Kyurem|Icicle Spear|p1a: Dragonite
|-supereffective|p1a: Dragonite
|-damage|p1a: Dragonite|70/100
|-supereffective|p1a: Dragonite
|-damage|p1a: Dragonite|2/100
|-supereffective|p1a: Dragonite
|-damage|p1a: Dragonite|0 fnt
|faint|p1a: Dragonite
|-hitcount|p1: Dragonite|3
|
|upkeep
|
|t:|1758331655
|switch|p1a: Deoxys|Deoxys-Speed|100/100
|-ability|p1a: Deoxys|Pressure
|turn|4
|
|t:|1758331666
|switch|p2a: Araquanid|Araquanid, F|100/100
|move|p1a: Deoxys|Focus Blast|p2a: Araquanid
|-resisted|p2a: Araquanid
|-damage|p2a: Araquanid|82/100
|-damage|p1a: Deoxys|91/100|[from] item: Life Orb
|
|upkeep
|turn|5
|
|t:|1758331673
|switch|p1a: Hatterene|Hatterene, F|100/100
|move|p2a: Araquanid|Surf|p1a: Hatterene
|-damage|p1a: Hatterene|54/100
|
|upkeep
|turn|6
|
|t:|1758331680
|move|p2a: Araquanid|Surf|p1a: Hatterene
|-damage|p1a: Hatterene|12/100
|move|p1a: Hatterene|Healing Wish|p1a: Hatterene
|faint|p1a: Hatterene
|
|upkeep
|
|t:|1758331683
|switch|p1a: Iron Moth|Iron Moth|100/100
|-enditem|p1a: Iron Moth|Booster Energy
|-activate|p1a: Iron Moth|ability: Quark Drive|[fromitem]
|-start|p1a: Iron Moth|quarkdrivespe
|turn|7
|
|t:|1758331707
|-terastallize|p1a: Iron Moth|Grass
|move|p1a: Iron Moth|Fiery Dance|p2a: Araquanid
|-damage|p2a: Araquanid|66/100
|-boost|p1a: Iron Moth|spa|1
|move|p2a: Araquanid|Surf|p1a: Iron Moth
|-resisted|p1a: Iron Moth
|-damage|p1a: Iron Moth|72/100
|
|upkeep
|turn|8
|
|t:|1758331716
|move|p1a: Iron Moth|Fiery Dance|p2a: Araquanid
|-damage|p2a: Araquanid|43/100
|move|p2a: Araquanid|Sticky Web|p1a: Iron Moth
|-sidestart|p1: 467456746f|move: Sticky Web
|
|upkeep
|turn|9
|
|t:|1758331723
|move|p1a: Iron Moth|Fiery Dance|p2a: Araquanid
|-damage|p2a: Araquanid|20/100
|move|p2a: Araquanid|Endeavor|p1a: Iron Moth
|-damage|p1a: Iron Moth|22/100
|
|upkeep
|turn|10
|-enditem|p2a: Araquanid|Custap Berry|[eat]
|-activate|p2a: Araquanid|item: Custap Berry|[consumed]
|
|t:|1758331728
|move|p2a: Araquanid|Surf|p1a: Iron Moth
|-resisted|p1a: Iron Moth
|-damage|p1a: Iron Moth|0 fnt
|faint|p1a: Iron Moth
|-end|p1a: Iron Moth|Quark Drive|[silent]
|
|upkeep
|-message|467456746f forfeited.
|
|win|pipotron
|raw|467456746f's rating: 1472 &rarr; <strong>1457</strong><br />(-15 for losing)
|raw|pipotron's rating: 1565 &rarr; <strong>1580</strong><br />(+15 for winning)
|l|☆467456746f
|player|p1|
|l|☆pipotron
|player|p2|
