|j|☆master ball rus
|j|☆Gulptubus
|t:|1758302488
|gametype|singles
|player|p1|master ball rus|swimmer-gen4|1619
|player|p2|Gulptubus|pokemonranger-gen4|1592
|gen|9
|tier|[Gen 9] OU
|rated|
|rule|HP Percentage Mod: HP is shown in percentages
|rule|Endless Battle Clause: Forcing endless battles is banned
|rule|Species Clause: Limit one of each Pokémon
|rule|OHKO Clause: OHKO moves are banned
|rule|Evasion Items Clause: Evasion items are banned
|rule|Evasion Moves Clause: Evasion moves are banned
|rule|Evasion Abilities Clause: Evasion abilities are banned
|rule|Sleep Moves Clause: Sleep-inducing moves are banned
|clearpoke
|poke|p1|Gholdengo|
|poke|p1|Zamazenta-*|
|poke|p1|Ting-Lu|
|poke|p1|Clefable, F|
|poke|p1|Dragonite, M|
|poke|p1|Deoxys-Speed|
|poke|p2|Dragapult, M|
|poke|p2|Rillaboom, M|
|poke|p2|Heatran, M|
|poke|p2|Bronzong|
|poke|p2|Great Tusk|
|poke|p2|Ogerpon-Wellspring, F|
|teampreview
|
|t:|1758302529
|teamsize|p1|6
|teamsize|p2|6
|start
|switch|p1a: Dragonite|Dragonite, M|100/100
|switch|p2a: Heatran|Heatran, M|100/100
|turn|1
|
|t:|1758302536
|switch|p2a: Rillaboom|Rillaboom, M|100/100
|-fieldstart|move: Grassy Terrain|[from] ability: Grassy Surge|[of] p2a: Rillaboom
|move|p1a: Dragonite|Earthquake|p2a: Rillaboom
|-resisted|p2a: Rillaboom
|-damage|p2a: Rillaboom|90/100
|
|-heal|p2a: Rillaboom|96/100|[from] Grassy Terrain
|upkeep
|turn|2
|
|t:|1758302538
|move|p2a: Rillaboom|U-turn|p1a: Dragonite
|-resisted|p1a: Dragonite
|-damage|p1a: Dragonite|95/100
|
|t:|1758302545
|switch|p2a: Bronzong|Bronzong, shiny|100/100|[from] U-turn
|move|p1a: Dragonite|Dragon Tail|p2a: Bronzong
|-resisted|p2a: Bronzong
|-damage|p2a: Bronzong|89/100
|drag|p2a: Rillaboom|Rillaboom, M|96/100
|
|-heal|p2a: Rillaboom|100/100|[from] Grassy Terrain
|upkeep
|turn|3
|
|t:|1758302556
|move|p2a: Rillaboom|Knock Off|p1a: Dragonite
|-damage|p1a: Dragonite|62/100
|-enditem|p1a: Dragonite|Heavy-Duty Boots|[from] move: Knock Off|[of] p2a: Rillaboom
|move|p1a: Dragonite|Roost|p1a: Dragonite
|-heal|p1a: Dragonite|100/100
|-singleturn|p1a: Dragonite|move: Roost
|
|upkeep
|turn|4
|
|t:|1758302561
|move|p2a: Rillaboom|U-turn|p1a: Dragonite
|-resisted|p1a: Dragonite
|-damage|p1a: Dragonite|94/100
|
|t:|1758302568
|switch|p2a: Bronzong|Bronzong, shiny|89/100|[from] U-turn
|move|p1a: Dragonite|Dragon Tail|p2a: Bronzong
|-resisted|p2a: Bronzong
|-damage|p2a: Bronzong|78/100
|drag|p2a: Ogerpon|Ogerpon-Wellspring, F|100/100
|
|upkeep
|turn|5
|
|t:|1758302573
|move|p2a: Ogerpon|Swords Dance|p2a: Ogerpon
|-boost|p2a: Ogerpon|atk|2
|move|p1a: Dragonite|Dragon Tail|p2a: Ogerpon
|-crit|p2a: Ogerpon
|-damage|p2a: Ogerpon|31/100
|drag|p2a: Heatran|Heatran, M|100/100
|
|upkeep
|turn|6
|
|t:|1758302579
|move|p2a: Heatran|Magma Storm|p1a: Dragonite
|-resisted|p1a: Dragonite
|-damage|p1a: Dragonite|73/100
|-activate|p1a: Dragonite|move: Magma Storm|[of] p2a: Heatran
|move|p1a: Dragonite|Earthquake|p2a: Heatran
|-supereffective|p2a: Heatran
|-damage|p2a: Heatran|28/100
|
|-heal|p2a: Heatran|34/100|[from] Grassy Terrain
|-heal|p2a: Heatran|40/100|[from] item: Leftovers
|-damage|p1a: Dragonite|61/100|[from] move: Magma Storm|[partiallytrapped]
|upkeep
|turn|7
|
|t:|1758302591
|switch|p2a: Bronzong|Bronzong, shiny|78/100
|move|p1a: Dragonite|Roost|p1a: Dragonite
|-heal|p1a: Dragonite|100/100
|-singleturn|p1a: Dragonite|move: Roost
|
|-end|p1a: Dragonite|Magma Storm|[partiallytrapped]|[silent]
|upkeep
|turn|8
|
|t:|1758302608
|switch|p1a: Clefable|Clefable, F|100/100
|move|p2a: Bronzong|Future Sight|p1a: Clefable
|-start|p2a: Bronzong|move: Future Sight
|
|-fieldend|move: Grassy Terrain
|upkeep
|turn|9
|
|t:|1758302621
|switch|p2a: Rillaboom|Rillaboom, M|100/100
|-fieldstart|move: Grassy Terrain|[from] ability: Grassy Surge|[of] p2a: Rillaboom
|move|p1a: Clefable|Knock Off|p2a: Rillaboom
|-damage|p2a: Rillaboom|86/100
|-enditem|p2a: Rillaboom|Terrain Extender|[from] move: Knock Off|[of] p1a: Clefable
|
|-heal|p2a: Rillaboom|92/100|[from] Grassy Terrain
|upkeep
|turn|10
|
|t:|1758302630
|move|p2a: Rillaboom|Knock Off|p1a: Clefable
|-resisted|p1a: Clefable
|-crit|p1a: Clefable
|-damage|p1a: Clefable|78/100
|-damage|p2a: Rillaboom|75/100|[from] item: Rocky Helmet|[of] p1a: Clefable
|-enditem|p1a: Clefable|Rocky Helmet|[from] move: Knock Off|[of] p2a: Rillaboom
|move|p1a: Clefable|Stealth Rock|p2a: Rillaboom
|-sidestart|p2: Gulptubus|move: Stealth Rock
|
|-end|p1a: Clefable|move: Future Sight
|-damage|p1a: Clefable|44/100
|-heal|p2a: Rillaboom|82/100|[from] Grassy Terrain
|-heal|p1a: Clefable|50/100|[from] Grassy Terrain
|upkeep
|turn|11
|
|t:|1758302637
|move|p2a: Rillaboom|U-turn|p1a: Clefable
|-resisted|p1a: Clefable
|-damage|p1a: Clefable|41/100
|
|t:|1758302642
|switch|p2a: Heatran|Heatran, M|40/100|[from] U-turn
|-damage|p2a: Heatran|28/100|[from] Stealth Rock
|move|p1a: Clefable|Moonlight|p1a: Clefable
|-heal|p1a: Clefable|91/100
|
|-heal|p2a: Heatran|34/100|[from] Grassy Terrain
|-heal|p2a: Heatran|40/100|[from] item: Leftovers
|-heal|p1a: Clefable|97/100|[from] Grassy Terrain
|upkeep
|turn|12
|
|t:|1758302650
|switch|p1a: Dragonite|Dragonite, M|100/100
|move|p2a: Heatran|Taunt|p1a: Dragonite
|-start|p1a: Dragonite|move: Taunt
|
|-heal|p2a: Heatran|46/100|[from] Grassy Terrain
|-heal|p2a: Heatran|52/100|[from] item: Leftovers
|upkeep
|turn|13
|
|t:|1758302658
|switch|p2a: Great Tusk|Great Tusk|100/100
|move|p1a: Dragonite|Dragon Tail|p2a: Great Tusk
|-damage|p2a: Great Tusk|75/100
|-end|p2a: Great Tusk|Protosynthesis|[silent]
|drag|p2a: Ogerpon|Ogerpon-Wellspring, F|31/100
|-damage|p2a: Ogerpon|18/100|[from] Stealth Rock
|
|-heal|p2a: Ogerpon|24/100|[from] Grassy Terrain
|upkeep
|turn|14
|
|t:|1758302665
|move|p1a: Dragonite|Extreme Speed|p2a: Ogerpon
|-damage|p2a: Ogerpon|0 fnt
|faint|p2a: Ogerpon
|
|-end|p1a: Dragonite|move: Taunt
|upkeep
|
|t:|1758302678
|switch|p2a: Rillaboom|Rillaboom, M|82/100
|-damage|p2a: Rillaboom|69/100|[from] Stealth Rock
|turn|15
|
|t:|1758302682
|move|p2a: Rillaboom|U-turn|p1a: Dragonite
|-resisted|p1a: Dragonite
|-damage|p1a: Dragonite|95/100
|
|t:|1758302687
|switch|p2a: Bronzong|Bronzong, shiny|78/100|[from] U-turn
|-damage|p2a: Bronzong|72/100|[from] Stealth Rock
|move|p1a: Dragonite|Dragon Tail|p2a: Bronzong
|-resisted|p2a: Bronzong
|-damage|p2a: Bronzong|61/100
|drag|p2a: Rillaboom|Rillaboom, M|69/100
|-damage|p2a: Rillaboom|57/100|[from] Stealth Rock
|
|-heal|p2a: Rillaboom|63/100|[from] Grassy Terrain
|upkeep
|turn|16
|
|t:|1758302696
|move|p2a: Rillaboom|U-turn|p1a: Dragonite
|-resisted|p1a: Dragonite
|-damage|p1a: Dragonite|83/100
|
|t:|1758302698
|switch|p2a: Bronzong|Bronzong, shiny|61/100|[from] U-turn
|-damage|p2a: Bronzong|55/100|[from] Stealth Rock
|move|p1a: Dragonite|Dragon Tail|p2a: Bronzong
|-resisted|p2a: Bronzong
|-crit|p2a: Bronzong
|-damage|p2a: Bronzong|37/100
|drag|p2a: Dragapult|Dragapult, M|100/100
|-damage|p2a: Dragapult|88/100|[from] Stealth Rock
|
|-heal|p2a: Dragapult|94/100|[from] Grassy Terrain
|-fieldend|move: Grassy Terrain
|upkeep
|turn|17
|
|t:|1758302706
|switch|p1a: Clefable|Clefable, F|97/100
|-terastallize|p2a: Dragapult|Fairy
|move|p2a: Dragapult|Tera Blast|p1a: Clefable|[anim] Tera Blast Fairy
|-damage|p1a: Clefable|46/100
|
|upkeep
|turn|18
|
|t:|1758302715
|switch|p1a: Gholdengo|Gholdengo|100/100
|-item|p1a: Gholdengo|Air Balloon
|move|p2a: Dragapult|Tera Blast|p1a: Gholdengo|[anim] Tera Blast Fairy
|-resisted|p1a: Gholdengo
|-damage|p1a: Gholdengo|76/100
|-enditem|p1a: Gholdengo|Air Balloon
|
|upkeep
|turn|19
|inactive|Battle timer is ON: inactive players will automatically lose when time's up. (requested by Gulptubus)
|
|t:|1758302768
|switch|p2a: Bronzong|Bronzong, shiny|37/100
|-damage|p2a: Bronzong|31/100|[from] Stealth Rock
|move|p1a: Gholdengo|Shadow Ball|p2a: Bronzong
|-supereffective|p2a: Bronzong
|-damage|p2a: Bronzong|0 fnt
|faint|p2a: Bronzong
|
|upkeep
|
|t:|1758302785
|switch|p2a: Heatran|Heatran, M|52/100
|-damage|p2a: Heatran|40/100|[from] Stealth Rock
|turn|20
|
|t:|1758302792
|switch|p1a: Ting-Lu|Ting-Lu|100/100
|-ability|p1a: Ting-Lu|Vessel of Ruin
|move|p2a: Heatran|Magma Storm|p1a: Ting-Lu
|-damage|p1a: Ting-Lu|82/100
|-activate|p1a: Ting-Lu|move: Magma Storm|[of] p2a: Heatran
|
|-heal|p2a: Heatran|46/100|[from] item: Leftovers
|-heal|p1a: Ting-Lu|88/100|[from] item: Leftovers
|-damage|p1a: Ting-Lu|75/100|[from] move: Magma Storm|[partiallytrapped]
|upkeep
|turn|21
|
|t:|1758302798
|move|p2a: Heatran|Taunt|p1a: Ting-Lu
|-start|p1a: Ting-Lu|move: Taunt
|cant|p1a: Ting-Lu|move: Taunt|Spikes
|
|-heal|p2a: Heatran|52/100|[from] item: Leftovers
|-heal|p1a: Ting-Lu|82/100|[from] item: Leftovers
|-damage|p1a: Ting-Lu|69/100|[from] move: Magma Storm|[partiallytrapped]
|upkeep
|turn|22
|
|t:|1758302805
|switch|p2a: Rillaboom|Rillaboom, M|63/100
|-damage|p2a: Rillaboom|50/100|[from] Stealth Rock
|-fieldstart|move: Grassy Terrain|[from] ability: Grassy Surge|[of] p2a: Rillaboom
|move|p1a: Ting-Lu|Ruination|p2a: Rillaboom
|-damage|p2a: Rillaboom|25/100
|
|-heal|p2a: Rillaboom|32/100|[from] Grassy Terrain
|-heal|p1a: Ting-Lu|75/100|[from] Grassy Terrain
|-heal|p1a: Ting-Lu|82/100|[from] item: Leftovers
|-end|p1a: Ting-Lu|Magma Storm|[partiallytrapped]|[silent]
|upkeep
|turn|23
|
|t:|1758302817
|switch|p1a: Dragonite|Dragonite, M|83/100
|move|p2a: Rillaboom|Grassy Glide|p1a: Dragonite
|-resisted|p1a: Dragonite
|-damage|p1a: Dragonite|73/100
|
|-heal|p2a: Rillaboom|38/100|[from] Grassy Terrain
|upkeep
|turn|24
|
|t:|1758302822
|move|p2a: Rillaboom|U-turn|p1a: Dragonite
|-resisted|p1a: Dragonite
|-crit|p1a: Dragonite
|-damage|p1a: Dragonite|56/100
|
|t:|1758302829
|switch|p2a: Great Tusk|Great Tusk|75/100|[from] U-turn
|move|p1a: Dragonite|Dragon Tail|p2a: Great Tusk
|-damage|p2a: Great Tusk|50/100
|-end|p2a: Great Tusk|Protosynthesis|[silent]
|drag|p2a: Dragapult|Dragapult, M, tera:Fairy|94/100
|-damage|p2a: Dragapult|82/100|[from] Stealth Rock
|
|-heal|p2a: Dragapult|88/100|[from] Grassy Terrain
|upkeep
|turn|25
|
|t:|1758302836
|move|p1a: Dragonite|Extreme Speed|p2a: Dragapult
|-crit|p2a: Dragapult
|-damage|p2a: Dragapult|21/100
|move|p2a: Dragapult|Shadow Ball|p1a: Dragonite
|-damage|p1a: Dragonite|13/100
|
|-heal|p2a: Dragapult|27/100|[from] Grassy Terrain
|upkeep
|turn|26
|-message|Gulptubus forfeited.
|
|win|master ball rus
|raw|master ball rus's rating: 1619 &rarr; <strong>1637</strong><br />(+18 for winning)
|raw|Gulptubus's rating: 1592 &rarr; <strong>1574</strong><br />(-18 for losing)
|l|☆Gulptubus
|player|p2|
|l|☆master ball rus
|player|p1|
