|j|☆LoamyLoamLoamloam
|j|☆Sandvich_eater
|t:|1758288511
|gametype|singles
|player|p1|LoamyLoamLoamloam|shadowtriad|1139
|player|p2|Sandvich_eater|hiker-gen4|1170
|gen|9
|tier|[Gen 9] OU
|rated|
|rule|HP Percentage Mod: HP is shown in percentages
|rule|Endless Battle Clause: Forcing endless battles is banned
|rule|Species Clause: Limit one of each Pokémon
|rule|OHKO Clause: OHKO moves are banned
|rule|Evasion Items Clause: Evasion items are banned
|rule|Evasion Moves Clause: Evasion moves are banned
|rule|Evasion Abilities Clause: Evasion abilities are banned
|rule|Sleep Moves Clause: Sleep-inducing moves are banned
|clearpoke
|poke|p1|Probopass, F|
|poke|p1|Iron Crown|
|poke|p1|Sinistcha|
|poke|p1|Grimmsnarl, M|
|poke|p1|Kyurem|
|poke|p1|Great Tusk|
|poke|p2|Incineroar, M|
|poke|p2|Cyclizar, M|
|poke|p2|Alomomola, M|
|poke|p2|Gholdengo|
|poke|p2|Ogerpon-Wellspring, F|
|poke|p2|Dragapult, F|
|teampreview
|
|t:|1758288549
|teamsize|p1|6
|teamsize|p2|6
|start
|switch|p1a: Kyurem|Kyurem|100/100
|switch|p2a: Heel|Incineroar, M|100/100
|-ability|p1a: Kyurem|Pressure
|-ability|p2a: Heel|Intimidate|boost
|-unboost|p1a: Kyurem|atk|1
|turn|1
|
|t:|1758288559
|move|p1a: Kyurem|Earth Power|p2a: Heel
|-supereffective|p2a: Heel
|-damage|p2a: Heel|62/100
|move|p2a: Heel|Parting Shot|p1a: Kyurem
|-unboost|p1a: Kyurem|atk|1
|-unboost|p1a: Kyurem|spa|1
|
|t:|1758288566
|switch|p2a: Dragapult|Dragapult, F|100/100|[from] Parting Shot
|
|upkeep
|turn|2
|
|t:|1758288575
|move|p2a: Dragapult|Draco Meteor|p1a: Kyurem
|-supereffective|p1a: Kyurem
|-damage|p1a: Kyurem|0 fnt
|-unboost|p2a: Dragapult|spa|2
|faint|p1a: Kyurem
|
|upkeep
|
|t:|1758288605
|switch|p1a: Probopass|Probopass, F|100/100
|turn|3
|
|t:|1758288611
|switch|p2a: Fat fish|Alomomola, M|100/100
|move|p1a: Probopass|Stealth Rock|p2a: Fat fish
|-sidestart|p2: Sandvich_eater|move: Stealth Rock
|
|upkeep
|turn|4
|
|t:|1758288640
|switch|p1a: Sinistcha|Sinistcha|100/100
|move|p2a: Fat fish|Flip Turn|p1a: Sinistcha
|-resisted|p1a: Sinistcha
|-damage|p1a: Sinistcha|94/100
|
|t:|1758288655
|switch|p2a: Dragapult|Dragapult, F|100/100|[from] Flip Turn
|-damage|p2a: Dragapult|88/100|[from] Stealth Rock
|
|upkeep
|turn|5
|
|t:|1758288671
|switch|p1a: Grimmsnarl|Grimmsnarl, M|100/100
|move|p2a: Dragapult|Shadow Ball|p1a: Grimmsnarl
|-resisted|p1a: Grimmsnarl
|-damage|p1a: Grimmsnarl|74/100
|-unboost|p1a: Grimmsnarl|spd|1
|
|upkeep
|turn|6
|
|t:|1758288683
|switch|p2a: Heel|Incineroar, M|62/100
|-ability|p2a: Heel|Intimidate|boost
|-unboost|p1a: Grimmsnarl|atk|1
|move|p1a: Grimmsnarl|Reflect|p1a: Grimmsnarl
|-sidestart|p1: LoamyLoamLoamloam|Reflect
|
|upkeep
|turn|7
|
|t:|1758288689
|move|p1a: Grimmsnarl|Light Screen|p1a: Grimmsnarl
|-sidestart|p1: LoamyLoamLoamloam|move: Light Screen
|move|p2a: Heel|Will-O-Wisp|p1a: Grimmsnarl
|-status|p1a: Grimmsnarl|brn
|
|-damage|p1a: Grimmsnarl|68/100 brn|[from] brn
|upkeep
|turn|8
|
|t:|1758288693
|move|p1a: Grimmsnarl|Spirit Break|p2a: Heel
|-damage|p2a: Heel|52/100
|-unboost|p2a: Heel|spa|1
|move|p2a: Heel|Knock Off|p1a: Grimmsnarl
|-resisted|p1a: Grimmsnarl
|-damage|p1a: Grimmsnarl|64/100 brn
|-enditem|p1a: Grimmsnarl|Light Clay|[from] move: Knock Off|[of] p2a: Heel
|
|-damage|p1a: Grimmsnarl|58/100 brn|[from] brn
|upkeep
|turn|9
|
|t:|1758288703
|switch|p1a: Great Tusk|Great Tusk|100/100
|move|p2a: Heel|Will-O-Wisp|p1a: Great Tusk
|-status|p1a: Great Tusk|brn
|
|-damage|p1a: Great Tusk|94/100 brn|[from] brn
|upkeep
|turn|10
|
|t:|1758288715
|switch|p2a: Fat fish|Alomomola, M|100/100
|move|p1a: Great Tusk|Headlong Rush|p2a: Fat fish
|-damage|p2a: Fat fish|83/100
|-unboost|p1a: Great Tusk|def|1
|-unboost|p1a: Great Tusk|spd|1
|
|-damage|p1a: Great Tusk|88/100 brn|[from] brn
|upkeep
|turn|11
|
|t:|1758288720
|-end|p1a: Great Tusk|Protosynthesis|[silent]
|switch|p1a: Sinistcha|Sinistcha|94/100
|move|p2a: Fat fish|Flip Turn|p1a: Sinistcha
|-resisted|p1a: Sinistcha
|-damage|p1a: Sinistcha|92/100
|
|t:|1758288728
|switch|p2a: Dragapult|Dragapult, F|88/100|[from] Flip Turn
|-damage|p2a: Dragapult|76/100|[from] Stealth Rock
|
|upkeep
|turn|12
|
|t:|1758288733
|move|p2a: Dragapult|Shadow Ball|p1a: Sinistcha
|-supereffective|p1a: Sinistcha
|-damage|p1a: Sinistcha|0 fnt
|faint|p1a: Sinistcha
|
|upkeep
|
|t:|1758288750
|switch|p1a: Iron Crown|Iron Crown|100/100
|turn|13
|
|t:|1758288754
|move|p2a: Dragapult|Shadow Ball|p1a: Iron Crown
|-supereffective|p1a: Iron Crown
|-damage|p1a: Iron Crown|0 fnt
|faint|p1a: Iron Crown
|-end|p1a: Iron Crown|Quark Drive|[silent]
|
|-sideend|p1: LoamyLoamLoamloam|Reflect
|upkeep
|-message|LoamyLoamLoamloam forfeited.
|
|win|Sandvich_eater
|raw|LoamyLoamLoamloam's rating: 1139 &rarr; <strong>1116</strong><br />(-23 for losing)
|raw|Sandvich_eater's rating: 1170 &rarr; <strong>1193</strong><br />(+23 for winning)
|l|☆LoamyLoamLoamloam
|player|p1|
|l|☆Sandvich_eater
|player|p2|
