|j|☆I will eat another
|j|☆FunTeamsAgain
|t:|1758357744
|gametype|singles
|player|p1|I will eat another|plasmagrunt|1265
|player|p2|FunTeamsAgain|brock|1360
|gen|9
|tier|[Gen 9] OU
|rated|
|rule|HP Percentage Mod: HP is shown in percentages
|rule|Endless Battle Clause: Forcing endless battles is banned
|rule|Species Clause: Limit one of each Pokémon
|rule|OHKO Clause: OHKO moves are banned
|rule|Evasion Items Clause: Evasion items are banned
|rule|Evasion Moves Clause: Evasion moves are banned
|rule|Evasion Abilities Clause: Evasion abilities are banned
|rule|Sleep Moves Clause: Sleep-inducing moves are banned
|clearpoke
|poke|p1|Breloom, M|
|poke|p1|Swinub, M|
|poke|p1|Iron Crown|
|poke|p1|Glimmora, F|
|poke|p1|Talonflame, F|
|poke|p1|Greninja-*, F|
|poke|p2|Ninetales-Alola, F|
|poke|p2|Samurott-Hisui, F|
|poke|p2|Gholdengo|
|poke|p2|Chandelure, F|
|poke|p2|Frosmoth, F|
|poke|p2|Quaquaval, F|
|teampreview
|inactive|Battle timer is ON: inactive players will automatically lose when time's up. (requested by I will eat another)
|
|t:|1758357763
|teamsize|p1|6
|teamsize|p2|6
|start
|switch|p1a: Kapilz|Breloom, M|100/100
|switch|p2a: Ninetales|Ninetales-Alola, F, shiny|100/100
|-weather|Snowscape|[from] ability: Snow Warning|[of] p2a: Ninetales
|turn|1
|
|t:|1758357776
|move|p2a: Ninetales|Aurora Veil|p2a: Ninetales
|-sidestart|p2: FunTeamsAgain|move: Aurora Veil
|move|p1a: Kapilz|Rock Tomb|p2a: Ninetales
|-supereffective|p2a: Ninetales
|-damage|p2a: Ninetales|61/100
|-unboost|p2a: Ninetales|spe|1
|-damage|p1a: Kapilz|91/100|[from] item: Life Orb
|
|-weather|Snowscape|[upkeep]
|upkeep
|turn|2
|
|t:|1758357793
|switch|p1a: Lumiflora|Glimmora, F|100/100
|switch|p2a: Gholdengo|Gholdengo|100/100
|
|-weather|Snowscape|[upkeep]
|upkeep
|turn|3
|
|t:|1758357814
|-terastallize|p1a: Lumiflora|Dark
|move|p1a: Lumiflora|Tera Blast|p2a: Gholdengo|[anim] Tera Blast Dark
|-supereffective|p2a: Gholdengo
|-damage|p2a: Gholdengo|49/100
|move|p2a: Gholdengo|Nasty Plot|p2a: Gholdengo
|-boost|p2a: Gholdengo|spa|2
|
|-weather|Snowscape|[upkeep]
|upkeep
|turn|4
|
|t:|1758357827
|-terastallize|p2a: Gholdengo|Steel
|move|p1a: Lumiflora|Meteor Beam||[still]
|-prepare|p1a: Lumiflora|Meteor Beam
|-boost|p1a: Lumiflora|spa|1
|-enditem|p1a: Lumiflora|Power Herb
|-anim|p1a: Lumiflora|Meteor Beam|p2a: Gholdengo|[miss]
|-miss|p1a: Lumiflora|p2a: Gholdengo
|move|p2a: Gholdengo|Make It Rain|p1a: Lumiflora
|-damage|p1a: Lumiflora|0 fnt
|-unboost|p2a: Gholdengo|spa|1
|faint|p1a: Lumiflora
|
|-weather|Snowscape|[upkeep]
|upkeep
|inactive|I will eat another has 120 seconds left.
|
|t:|1758357847
|switch|p1a: Quiekel|Swinub, M|100/100
|turn|5
|
|t:|1758357854
|move|p2a: Gholdengo|Recover|p2a: Gholdengo
|-heal|p2a: Gholdengo|99/100
|move|p1a: Quiekel|Earthquake|p2a: Gholdengo
|-supereffective|p2a: Gholdengo
|-damage|p2a: Gholdengo|61/100
|
|-weather|none
|upkeep
|turn|6
|
|t:|1758357863
|move|p2a: Gholdengo|Make It Rain|p1a: Quiekel
|-supereffective|p1a: Quiekel
|-enditem|p1a: Quiekel|Focus Sash
|-damage|p1a: Quiekel|1/100
|-unboost|p2a: Gholdengo|spa|1
|move|p1a: Quiekel|Endeavor|p2a: Gholdengo
|-damage|p2a: Gholdengo|1/100
|
|upkeep
|turn|7
|inactive|FunTeamsAgain has 120 seconds left.
|
|t:|1758357905
|move|p1a: Quiekel|Ice Shard|p2a: Gholdengo
|-resisted|p2a: Gholdengo
|-damage|p2a: Gholdengo|0 fnt
|faint|p2a: Gholdengo
|
|upkeep
|
|t:|1758357910
|switch|p2a: Samurott|Samurott-Hisui, F|100/100
|turn|8
|
|t:|1758357915
|move|p2a: Samurott|Ceaseless Edge|p1a: Quiekel
|-crit|p1a: Quiekel
|-damage|p1a: Quiekel|0 fnt
|-sidestart|p1: I will eat another|Spikes
|faint|p1a: Quiekel
|
|-sideend|p2: FunTeamsAgain|move: Aurora Veil
|upkeep
|
|t:|1758357922
|switch|p1a: Kapilz|Breloom, M|91/100
|-damage|p1a: Kapilz|78/100|[from] Spikes
|turn|9
|inactive|FunTeamsAgain has 120 seconds left.
|
|t:|1758357956
|switch|p2a: Ninetales|Ninetales-Alola, F, shiny|61/100
|-weather|Snowscape|[from] ability: Snow Warning|[of] p2a: Ninetales
|move|p1a: Kapilz|Bullet Seed|p2a: Ninetales
|-damage|p2a: Ninetales|35/100
|-damage|p2a: Ninetales|9/100
|-damage|p2a: Ninetales|0 fnt
|faint|p2a: Ninetales
|-hitcount|p2: Ninetales|3
|-damage|p1a: Kapilz|68/100|[from] item: Life Orb
|
|-weather|Snowscape|[upkeep]
|upkeep
|
|t:|1758357967
|switch|p2a: Frosmoth|Frosmoth, F|100/100
|turn|10
|
|t:|1758357982
|move|p1a: Kapilz|Rock Tomb|p2a: Frosmoth
|-supereffective|p2a: Frosmoth
|-damage|p2a: Frosmoth|0 fnt
|faint|p2a: Frosmoth
|-damage|p1a: Kapilz|58/100|[from] item: Life Orb
|
|-weather|Snowscape|[upkeep]
|upkeep
|inactive|FunTeamsAgain has 90 seconds left.
|
|t:|1758358000
|switch|p2a: Quaquaval|Quaquaval, F|100/100
|turn|11
|
|t:|1758358008
|move|p2a: Quaquaval|Close Combat|p1a: Kapilz
|-damage|p1a: Kapilz|0 fnt
|-unboost|p2a: Quaquaval|def|1
|-unboost|p2a: Quaquaval|spd|1
|faint|p1a: Kapilz
|-ability|p2a: Quaquaval|Moxie|boost
|-boost|p2a: Quaquaval|atk|1
|
|-weather|Snowscape|[upkeep]
|upkeep
|
|t:|1758358018
|switch|p1a: Eisenkrone|Iron Crown|100/100
|-damage|p1a: Eisenkrone|88/100|[from] Spikes
|-enditem|p1a: Eisenkrone|Booster Energy
|-activate|p1a: Eisenkrone|ability: Quark Drive|[fromitem]
|-start|p1a: Eisenkrone|quarkdrivespe
|turn|12
|inactive|FunTeamsAgain has 90 seconds left.
|
|t:|1758358044
|move|p1a: Eisenkrone|Psyshock|p2a: Quaquaval
|-supereffective|p2a: Quaquaval
|-damage|p2a: Quaquaval|0 fnt
|faint|p2a: Quaquaval
|
|-weather|Snowscape|[upkeep]
|upkeep
|
|t:|1758358050
|switch|p2a: Chandelure|Chandelure, F|100/100
|turn|13
|
|t:|1758358056
|move|p1a: Eisenkrone|Tachyon Cutter|p2a: Chandelure
|-resisted|p2a: Chandelure
|-damage|p2a: Chandelure|83/100
|-resisted|p2a: Chandelure
|-damage|p2a: Chandelure|65/100
|-hitcount|p2a: Chandelure|2
|move|p2a: Chandelure|Inferno|p1a: Eisenkrone
|-supereffective|p1a: Eisenkrone
|-damage|p1a: Eisenkrone|0 fnt
|faint|p1a: Eisenkrone
|-end|p1a: Eisenkrone|Quark Drive|[silent]
|
|-weather|none
|upkeep
|
|t:|1758358068
|switch|p1a: Quajutsu|Greninja, F|100/100
|-damage|p1a: Quajutsu|88/100|[from] Spikes
|turn|14
|
|t:|1758358075
|move|p1a: Quajutsu|Dark Pulse|p2a: Chandelure
|-start|p1a: Quajutsu|typechange|Dark|[from] ability: Protean
|-supereffective|p2a: Chandelure
|-damage|p2a: Chandelure|0 fnt
|faint|p2a: Chandelure
|
|upkeep
|
|t:|1758358080
|switch|p2a: Samurott|Samurott-Hisui, F|100/100
|turn|15
|
|t:|1758358098
|move|p2a: Samurott|Ceaseless Edge|p1a: Quajutsu
|-resisted|p1a: Quajutsu
|-damage|p1a: Quajutsu|53/100
|-sidestart|p1: I will eat another|Spikes
|move|p1a: Quajutsu|Dark Pulse|p2a: Samurott
|-resisted|p2a: Samurott
|-damage|p2a: Samurott|60/100
|
|upkeep
|turn|16
|
|t:|1758358105
|move|p2a: Samurott|Ceaseless Edge|p1a: Quajutsu
|-resisted|p1a: Quajutsu
|-damage|p1a: Quajutsu|16/100
|-sidestart|p1: I will eat another|Spikes
|move|p1a: Quajutsu|Dark Pulse|p2a: Samurott
|-resisted|p2a: Samurott
|-damage|p2a: Samurott|21/100
|
|upkeep
|turn|17
|inactive|FunTeamsAgain has 120 seconds left.
|
|t:|1758358114
|move|p2a: Samurott|Ceaseless Edge|p1a: Quajutsu
|-resisted|p1a: Quajutsu
|-damage|p1a: Quajutsu|0 fnt
|faint|p1a: Quajutsu
|
|upkeep
|
|t:|1758358119
|switch|p1a: Fiaro|Talonflame, F|100/100
|turn|18
|
|t:|1758358125
|move|p2a: Samurott|Ceaseless Edge|p1a: Fiaro
|-damage|p1a: Fiaro|60/100
|-status|p2a: Samurott|brn|[from] ability: Flame Body|[of] p1a: Fiaro
|move|p1a: Fiaro|Will-O-Wisp|p2a: Samurott
|-fail|p2a: Samurott|brn
|
|-damage|p2a: Samurott|15/100 brn|[from] brn
|upkeep
|turn|19
|
|t:|1758358134
|move|p2a: Samurott|Ceaseless Edge|p1a: Fiaro
|-damage|p1a: Fiaro|39/100
|move|p1a: Fiaro|Flamethrower|p2a: Samurott
|-resisted|p2a: Samurott
|-crit|p2a: Samurott
|-damage|p2a: Samurott|0 fnt
|faint|p2a: Samurott
|
|win|I will eat another
|raw|I will eat another's rating: 1265 &rarr; <strong>1297</strong><br />(+32 for winning)
|raw|FunTeamsAgain's rating: 1360 &rarr; <strong>1335</strong><br />(-25 for losing)
|l|☆FunTeamsAgain
|player|p2|
|l|☆I will eat another
|player|p1|
