|j|☆elpollococido
|j|☆ILikeMudkips16
|t:|1758351872
|gametype|singles
|player|p1|elpollococido|pokemonranger|1093
|player|p2|ILikeMudkips16|ninjaboy|1137
|gen|9
|tier|[Gen 9] OU
|rated|
|rule|HP Percentage Mod: HP is shown in percentages
|rule|Endless Battle Clause: Forcing endless battles is banned
|rule|Species Clause: Limit one of each Pokémon
|rule|OHKO Clause: OHKO moves are banned
|rule|Evasion Items Clause: Evasion items are banned
|rule|Evasion Moves Clause: Evasion moves are banned
|rule|Evasion Abilities Clause: Evasion abilities are banned
|rule|Sleep Moves Clause: Sleep-inducing moves are banned
|clearpoke
|poke|p1|Misdreavus, M|
|poke|p1|Primarina, M|
|poke|p1|Darkrai|
|poke|p1|Great Tusk|
|poke|p1|Dragonite, F|
|poke|p1|Heatran, M|
|poke|p2|Quaquaval, M|
|poke|p2|Raging Bolt|
|poke|p2|Araquanid, M|
|poke|p2|Oricorio-Sensu, M|
|poke|p2|Meloetta|
|poke|p2|Garganacl, M|
|teampreview
|
|t:|1758351878
|teamsize|p1|6
|teamsize|p2|6
|start
|switch|p1a: Flutter Mini|Misdreavus, M|100/100
|switch|p2a: ''buble''|Araquanid, M, shiny|100/100
|turn|1
|
|t:|1758351894
|move|p1a: Flutter Mini|Taunt|p2a: ''buble''
|-start|p2a: ''buble''|move: Taunt
|cant|p2a: ''buble''|move: Taunt|Sticky Web
|
|upkeep
|turn|2
|
|t:|1758351904
|move|p1a: Flutter Mini|Hex|p2a: ''buble''
|-damage|p2a: ''buble''|85/100
|move|p2a: ''buble''|Liquidation|p1a: Flutter Mini
|-damage|p1a: Flutter Mini|56/100
|
|upkeep
|turn|3
|
|t:|1758351910
|move|p1a: Flutter Mini|Will-O-Wisp|p2a: ''buble''
|-immune|p2a: ''buble''|[from] ability: Water Bubble
|move|p2a: ''buble''|Liquidation|p1a: Flutter Mini
|-damage|p1a: Flutter Mini|6/100
|
|-end|p2a: ''buble''|move: Taunt
|upkeep
|turn|4
|
|t:|1758351919
|move|p1a: Flutter Mini|Pain Split|p2a: ''buble''
|-sethp|p2a: ''buble''|45/100|[from] move: Pain Split|[silent]
|-sethp|p1a: Flutter Mini|47/100|[from] move: Pain Split
|move|p2a: ''buble''|Liquidation|p1a: Flutter Mini
|-damage|p1a: Flutter Mini|1/100
|
|upkeep
|turn|5
|
|t:|1758351925
|move|p1a: Flutter Mini|Pain Split|p2a: ''buble''
|-sethp|p2a: ''buble''|23/100|[from] move: Pain Split|[silent]
|-sethp|p1a: Flutter Mini|24/100|[from] move: Pain Split
|move|p2a: ''buble''|Sticky Web|p1a: Flutter Mini
|-sidestart|p1: elpollococido|move: Sticky Web
|
|upkeep
|turn|6
|
|t:|1758351938
|move|p1a: Flutter Mini|Hex|p2a: ''buble''
|-damage|p2a: ''buble''|8/100
|move|p2a: ''buble''|Liquidation|p1a: Flutter Mini
|-damage|p1a: Flutter Mini|0 fnt
|faint|p1a: Flutter Mini
|
|upkeep
|
|t:|1758351947
|switch|p1a: Greater Than Lando|Great Tusk|100/100
|-activate|p1a: Greater Than Lando|move: Sticky Web
|-unboost|p1a: Greater Than Lando|spe|1
|turn|7
|
|t:|1758351956
|switch|p2a: Bird Is The Word|Oricorio-Sensu, M|100/100
|move|p1a: Greater Than Lando|Rapid Spin|p2a: Bird Is The Word
|-immune|p2a: Bird Is The Word
|
|upkeep
|turn|8
|
|t:|1758351970
|move|p2a: Bird Is The Word|Air Slash|p1a: Greater Than Lando
|-supereffective|p1a: Greater Than Lando
|-damage|p1a: Greater Than Lando|11/100
|cant|p1a: Greater Than Lando|flinch
|
|-heal|p1a: Greater Than Lando|17/100|[from] item: Leftovers
|upkeep
|turn|9
|
|t:|1758351976
|move|p2a: Bird Is The Word|Revelation Dance|p1a: Greater Than Lando
|-damage|p1a: Greater Than Lando|0 fnt
|faint|p1a: Greater Than Lando
|-end|p1a: Greater Than Lando|Protosynthesis|[silent]
|
|upkeep
|
|t:|1758351987
|switch|p1a: Casimir|Dragonite, F|100/100
|turn|10
|
|t:|1758352000
|switch|p2a: zirk|Garganacl, M, shiny|100/100
|move|p1a: Casimir|Ice Spinner|p2a: zirk
|-damage|p2a: zirk|85/100
|
|-heal|p2a: zirk|91/100|[from] item: Leftovers
|upkeep
|turn|11
|
|t:|1758352015
|move|p1a: Casimir|Earthquake|p2a: zirk
|-supereffective|p2a: zirk
|-damage|p2a: zirk|50/100
|move|p2a: zirk|Salt Cure|p1a: Casimir
|-supereffective|p1a: Casimir
|-damage|p1a: Casimir|84/100
|-start|p1a: Casimir|Salt Cure
|
|-heal|p2a: zirk|57/100|[from] item: Leftovers
|-damage|p1a: Casimir|71/100|[from] Salt Cure
|upkeep
|turn|12
|-message|elpollococido forfeited.
|
|win|ILikeMudkips16
|raw|elpollococido's rating: 1093 &rarr; <strong>1072</strong><br />(-21 for losing)
|raw|ILikeMudkips16's rating: 1137 &rarr; <strong>1159</strong><br />(+22 for winning)
|l|☆elpollococido
|player|p1|
|l|☆ILikeMudkips16
|player|p2|
