|j|☆loweloenamorao
|j|☆Blockbuilder50
|t:|1758357477
|gametype|singles
|player|p1|loweloenamorao|169|1169
|player|p2|Blockbuilder50|101|1210
|gen|9
|tier|[Gen 9] OU
|rated|
|rule|HP Percentage Mod: HP is shown in percentages
|rule|Endless Battle Clause: Forcing endless battles is banned
|rule|Species Clause: Limit one of each Pokémon
|rule|OHKO Clause: OHKO moves are banned
|rule|Evasion Items Clause: Evasion items are banned
|rule|Evasion Moves Clause: Evasion moves are banned
|rule|Evasion Abilities Clause: Evasion abilities are banned
|rule|Sleep Moves Clause: Sleep-inducing moves are banned
|clearpoke
|poke|p1|Floatzel, M|
|poke|p1|Raging Bolt|
|poke|p1|Pelipper, M|
|poke|p1|Ogerpon-Wellspring, F|
|poke|p1|Kingambit, M|
|poke|p1|Weezing-Galar, F|
|poke|p2|Glimmora, F|
|poke|p2|Lokix, F|
|poke|p2|Garganacl, F|
|poke|p2|Gholdengo|
|poke|p2|Azelf|
|poke|p2|Indeedee, M|
|teampreview
|
|t:|1758357483
|teamsize|p1|6
|teamsize|p2|6
|start
|switch|p1a: Abascal|Ogerpon-Wellspring, F|100/100
|switch|p2a: Glimmora|Glimmora, F|100/100
|turn|1
|inactive|Battle timer is ON: inactive players will automatically lose when time's up. (requested by loweloenamorao)
|
|t:|1758357487
|move|p1a: Abascal|Ivy Cudgel|p2a: Glimmora|[anim] Ivy Cudgel Water
|-supereffective|p2a: Glimmora
|-enditem|p2a: Glimmora|Focus Sash
|-damage|p2a: Glimmora|1/100
|-activate|p2a: Glimmora|ability: Toxic Debris
|-sidestart|p1: loweloenamorao|move: Toxic Spikes
|move|p2a: Glimmora|Stealth Rock|p1a: Abascal
|-sidestart|p1: loweloenamorao|move: Stealth Rock
|
|upkeep
|turn|2
|
|t:|1758357494
|move|p1a: Abascal|U-turn|p2a: Glimmora
|-resisted|p2a: Glimmora
|-damage|p2a: Glimmora|0 fnt
|-activate|p2a: Glimmora|ability: Toxic Debris
|-sidestart|p1: loweloenamorao|move: Toxic Spikes
|faint|p2a: Glimmora
|
|t:|1758357495
|switch|p1a: Este es de podemos|Weezing-Galar, F|100/100|[from] U-turn
|-ability|p1a: Este es de podemos|Neutralizing Gas
|-sideend|p1: loweloenamorao|move: Toxic Spikes|[of] p1a: Este es de podemos
|-damage|p1a: Este es de podemos|88/100|[from] Stealth Rock
|
|-heal|p1a: Este es de podemos|94/100|[from] item: Leftovers
|upkeep
|
|t:|1758357499
|switch|p2a: Azelf|Azelf|100/100
|turn|3
|
|t:|1758357503
|-terastallize|p1a: Este es de podemos|Flying
|move|p2a: Azelf|Psychic|p1a: Este es de podemos
|-damage|p1a: Este es de podemos|36/100
|-unboost|p1a: Este es de podemos|spd|1
|move|p1a: Este es de podemos|Defog|p2a: Azelf
|-unboost|p2a: Azelf|evasion|1
|-sideend|p1: loweloenamorao|Stealth Rock|[from] move: Defog|[of] p1a: Este es de podemos
|
|-heal|p1a: Este es de podemos|42/100|[from] item: Leftovers
|upkeep
|turn|4
|
|t:|1758357509
|-end|p1a: Este es de podemos|ability: Neutralizing Gas
|switch|p1a: Franco|Kingambit, M|100/100
|move|p2a: Azelf|Psychic|p1a: Franco
|-immune|p1a: Franco
|
|upkeep
|turn|5
|
|t:|1758357512
|move|p2a: Azelf|Thunder Wave|p1a: Franco
|-status|p1a: Franco|par
|move|p1a: Franco|Kowtow Cleave|p2a: Azelf
|-supereffective|p2a: Azelf
|-damage|p2a: Azelf|0 fnt
|faint|p2a: Azelf
|
|upkeep
|
|t:|1758357518
|switch|p2a: Garganacl|Garganacl, F|100/100
|turn|6
|
|t:|1758357522
|-end|p1a: Franco|fallenundefined|[silent]
|switch|p1a: Bertrand Ndongo|Pelipper, M|100/100
|-weather|RainDance|[from] ability: Drizzle|[of] p1a: Bertrand Ndongo
|move|p2a: Garganacl|Curse|p2a: Garganacl
|-unboost|p2a: Garganacl|spe|1
|-boost|p2a: Garganacl|atk|1
|-boost|p2a: Garganacl|def|1
|
|-weather|RainDance|[upkeep]
|upkeep
|turn|7
|
|t:|1758357528
|-terastallize|p2a: Garganacl|Water
|move|p1a: Bertrand Ndongo|Weather Ball|p2a: Garganacl
|-resisted|p2a: Garganacl
|-damage|p2a: Garganacl|82/100
|move|p2a: Garganacl|Curse|p2a: Garganacl
|-unboost|p2a: Garganacl|spe|1
|-boost|p2a: Garganacl|atk|1
|-boost|p2a: Garganacl|def|1
|
|-weather|RainDance|[upkeep]
|-heal|p2a: Garganacl|88/100|[from] item: Leftovers
|upkeep
|turn|8
|
|t:|1758357530
|move|p1a: Bertrand Ndongo|U-turn|p2a: Garganacl
|-damage|p2a: Garganacl|86/100
|
|t:|1758357531
|switch|p1a: Rajoi|Raging Bolt|100/100|[from] U-turn
|move|p2a: Garganacl|Curse|p2a: Garganacl
|-unboost|p2a: Garganacl|spe|1
|-boost|p2a: Garganacl|atk|1
|-boost|p2a: Garganacl|def|1
|
|-weather|RainDance|[upkeep]
|-heal|p2a: Garganacl|92/100|[from] item: Leftovers
|upkeep
|turn|9
|
|t:|1758357535
|move|p1a: Rajoi|Thunder|p2a: Garganacl
|-supereffective|p2a: Garganacl
|-damage|p2a: Garganacl|9/100
|move|p2a: Garganacl|Earthquake|p1a: Rajoi
|-supereffective|p1a: Rajoi
|-damage|p1a: Rajoi|0 fnt
|faint|p1a: Rajoi
|-end|p1a: Rajoi|Protosynthesis|[silent]
|
|-weather|RainDance|[upkeep]
|-heal|p2a: Garganacl|15/100|[from] item: Leftovers
|upkeep
|
|t:|1758357542
|switch|p1a: Bertrand Ndongo|Pelipper, M|100/100
|turn|10
|
|t:|1758357544
|move|p1a: Bertrand Ndongo|Hurricane|p2a: Garganacl
|-damage|p2a: Garganacl|0 fnt
|faint|p2a: Garganacl
|
|-weather|RainDance|[upkeep]
|upkeep
|
|t:|1758357562
|switch|p2a: Indeedee|Indeedee, M|100/100
|-fieldstart|move: Psychic Terrain|[from] ability: Psychic Surge|[of] p2a: Indeedee
|turn|11
|
|t:|1758357577
|switch|p1a: Franco|Kingambit, M|100/100 par
|-activate|p1a: Franco|ability: Supreme Overlord
|-start|p1a: Franco|fallen1|[silent]
|move|p2a: Indeedee|Calm Mind|p2a: Indeedee
|-boost|p2a: Indeedee|spa|1
|-boost|p2a: Indeedee|spd|1
|
|-weather|RainDance|[upkeep]
|upkeep
|turn|12
|
|t:|1758357581
|move|p2a: Indeedee|Hyper Voice|p1a: Franco
|-resisted|p1a: Franco
|-damage|p1a: Franco|76/100 par
|cant|p1a: Franco|par
|
|-weather|RainDance|[upkeep]
|upkeep
|turn|13
|
|t:|1758357585
|move|p2a: Indeedee|Hyper Voice|p1a: Franco
|-resisted|p1a: Franco
|-damage|p1a: Franco|52/100 par
|move|p1a: Franco|Kowtow Cleave|p2a: Indeedee
|-supereffective|p2a: Indeedee
|-damage|p2a: Indeedee|0 fnt
|faint|p2a: Indeedee
|
|-weather|none
|upkeep
|
|t:|1758357595
|switch|p2a: Lokix|Lokix, F|100/100
|turn|14
|
|t:|1758357597
|move|p2a: Lokix|Leech Life|p1a: Franco
|-damage|p1a: Franco|24/100 par
|move|p1a: Franco|Kowtow Cleave|p2a: Lokix
|-resisted|p2a: Lokix
|-damage|p2a: Lokix|51/100
|
|upkeep
|turn|15
|
|t:|1758357600
|move|p1a: Franco|Sucker Punch|p2a: Lokix
|-activate|p2a: Lokix|move: Psychic Terrain
|move|p2a: Lokix|Leech Life|p1a: Franco
|-damage|p1a: Franco|0 fnt
|-heal|p2a: Lokix|67/100|[from] drain|[of] p1a: Franco
|faint|p1a: Franco
|-end|p1a: Franco|fallen1|[silent]
|
|-fieldend|move: Psychic Terrain
|upkeep
|
|t:|1758357602
|switch|p1a: Bertrand Ndongo|Pelipper, M|100/100
|-weather|RainDance|[from] ability: Drizzle|[of] p1a: Bertrand Ndongo
|turn|16
|
|t:|1758357607
|switch|p2a: Gholdengo|Gholdengo|100/100
|-item|p2a: Gholdengo|Air Balloon
|move|p1a: Bertrand Ndongo|Hurricane|p2a: Gholdengo
|-resisted|p2a: Gholdengo
|-damage|p2a: Gholdengo|81/100
|-enditem|p2a: Gholdengo|Air Balloon
|
|-weather|RainDance|[upkeep]
|upkeep
|turn|17
|
|t:|1758357610
|switch|p1a: Abascal|Ogerpon-Wellspring, F|100/100
|move|p2a: Gholdengo|Thunder Wave|p1a: Abascal
|-status|p1a: Abascal|par
|
|-weather|RainDance|[upkeep]
|upkeep
|turn|18
|
|t:|1758357615
|move|p2a: Gholdengo|Hex|p1a: Abascal
|-damage|p1a: Abascal|30/100 par
|move|p1a: Abascal|U-turn|p2a: Gholdengo
|-resisted|p2a: Gholdengo
|-damage|p2a: Gholdengo|76/100
|
|t:|1758357617
|switch|p1a: Dei v|Floatzel, M|100/100|[from] U-turn
|
|-weather|RainDance|[upkeep]
|upkeep
|turn|19
|
|t:|1758357621
|move|p1a: Dei v|Wave Crash|p2a: Gholdengo
|-damage|p2a: Gholdengo|0 fnt
|faint|p2a: Gholdengo
|-damage|p1a: Dei v|70/100|[from] Recoil
|
|-weather|RainDance|[upkeep]
|upkeep
|
|t:|1758357623
|switch|p2a: Lokix|Lokix, F|67/100
|turn|20
|
|t:|1758357626
|switch|p1a: Abascal|Ogerpon-Wellspring, F|30/100 par
|move|p2a: Lokix|First Impression|p1a: Abascal
|-supereffective|p1a: Abascal
|-damage|p1a: Abascal|0 fnt
|faint|p1a: Abascal
|
|-weather|RainDance|[upkeep]
|upkeep
|
|t:|1758357629
|switch|p1a: Dei v|Floatzel, M|70/100
|turn|21
|-message|Blockbuilder50 forfeited.
|
|win|loweloenamorao
|raw|loweloenamorao's rating: 1169 &rarr; <strong>1197</strong><br />(+28 for winning)
|raw|Blockbuilder50's rating: 1210 &rarr; <strong>1182</strong><br />(-28 for losing)
|l|☆Blockbuilder50
|player|p2|
|l|☆loweloenamorao
|player|p1|
