|j|☆MrCooke510
|j|☆zbddb
|t:|1758254610
|gametype|singles
|player|p1|MrCooke510|1|1225
|player|p2|zbddb|266|1184
|gen|9
|tier|[Gen 9] OU
|rated|
|rule|HP Percentage Mod: HP is shown in percentages
|rule|Endless Battle Clause: Forcing endless battles is banned
|rule|Species Clause: Limit one of each Pokémon
|rule|OHKO Clause: OHKO moves are banned
|rule|Evasion Items Clause: Evasion items are banned
|rule|Evasion Moves Clause: Evasion moves are banned
|rule|Evasion Abilities Clause: Evasion abilities are banned
|rule|Sleep Moves Clause: Sleep-inducing moves are banned
|clearpoke
|poke|p1|Quaquaval, M|
|poke|p1|Corviknight, F|
|poke|p1|Samurott-Hisui, F|
|poke|p1|Cinderace, M|
|poke|p1|Gliscor, M|
|poke|p1|Raikou|
|poke|p2|Serperior, M|
|poke|p2|Cinderace, F|
|poke|p2|Great Tusk|
|poke|p2|Cloyster, M|
|poke|p2|Dragonite, M|
|poke|p2|Rotom-Wash|
|teampreview
|inactive|Battle timer is ON: inactive players will automatically lose when time's up. (requested by zbddb)
|
|t:|1758254623
|teamsize|p1|6
|teamsize|p2|6
|start
|switch|p1a: Cinderace|Cinderace, M|100/100
|switch|p2a: Rotom|Rotom-Wash, shiny|100/100
|turn|1
|
|t:|1758254632
|move|p1a: Cinderace|Double-Edge|p2a: Rotom
|-start|p1a: Cinderace|typechange|Normal|[from] ability: Libero
|-damage|p2a: Rotom|6/100
|-damage|p1a: Cinderace|69/100|[from] Recoil
|move|p2a: Rotom|Thunder Wave|p1a: Cinderace
|-status|p1a: Cinderace|par
|
|-heal|p2a: Rotom|12/100|[from] item: Leftovers
|upkeep
|turn|2
|
|t:|1758254650
|move|p2a: Rotom|Volt Switch|p1a: Cinderace
|-damage|p1a: Cinderace|32/100 par
|
|t:|1758254658
|switch|p2a: Cloyster|Cloyster, M, shiny|100/100|[from] Volt Switch
|move|p1a: Cinderace|Double-Edge|p2a: Cloyster
|-damage|p2a: Cloyster|26/100
|-damage|p1a: Cinderace|13/100 par|[from] Recoil
|
|upkeep
|turn|3
|
|t:|1758254670
|move|p2a: Cloyster|Icicle Spear|p1a: Cinderace
|-damage|p1a: Cinderace|0 fnt
|faint|p1a: Cinderace
|-hitcount|p1: Cinderace|1
|
|upkeep
|
|t:|1758254674
|switch|p1a: Raikou|Raikou|100/100
|turn|4
|
|t:|1758254681
|switch|p2a: Great Tusk|Great Tusk|100/100
|move|p1a: Raikou|Scald|p2a: Great Tusk
|-supereffective|p2a: Great Tusk
|-damage|p2a: Great Tusk|24/100
|
|upkeep
|turn|5
|
|t:|1758254695
|-end|p2a: Great Tusk|Protosynthesis|[silent]
|switch|p2a: Serperior|Serperior, M, shiny|100/100
|switch|p1a: Gliscor|Gliscor, M|100/100
|
|-status|p1a: Gliscor|tox|[from] item: Toxic Orb
|upkeep
|turn|6
|
|t:|1758254705
|move|p2a: Serperior|Leech Seed|p1a: Gliscor
|-start|p1a: Gliscor|move: Leech Seed
|move|p1a: Gliscor|Dual Wingbeat|p2a: Serperior
|-supereffective|p2a: Serperior
|-damage|p2a: Serperior|68/100
|-supereffective|p2a: Serperior
|-damage|p2a: Serperior|34/100
|-hitcount|p2a: Serperior|2
|
|-heal|p2a: Serperior|41/100|[from] item: Leftovers
|-damage|p1a: Gliscor|88/100 tox|[from] Leech Seed|[of] p2a: Serperior
|-heal|p2a: Serperior|51/100|[silent]
|-heal|p1a: Gliscor|100/100 tox|[from] ability: Poison Heal
|upkeep
|turn|7
|
|t:|1758254718
|move|p2a: Serperior|Protect|p2a: Serperior
|-singleturn|p2a: Serperior|Protect
|move|p1a: Gliscor|Dual Wingbeat|p2a: Serperior
|-activate|p2a: Serperior|move: Protect
|
|-heal|p2a: Serperior|57/100|[from] item: Leftovers
|-damage|p1a: Gliscor|88/100 tox|[from] Leech Seed|[of] p2a: Serperior
|-heal|p2a: Serperior|67/100|[silent]
|-heal|p1a: Gliscor|100/100 tox|[from] ability: Poison Heal
|upkeep
|turn|8
|
|t:|1758254732
|move|p2a: Serperior|Substitute|p2a: Serperior
|-start|p2a: Serperior|Substitute
|-damage|p2a: Serperior|42/100
|move|p1a: Gliscor|Dual Wingbeat|p2a: Serperior
|-supereffective|p2a: Serperior
|-end|p2a: Serperior|Substitute
|-supereffective|p2a: Serperior
|-damage|p2a: Serperior|11/100
|-hitcount|p2a: Serperior|2
|
|-heal|p2a: Serperior|17/100|[from] item: Leftovers
|-damage|p1a: Gliscor|88/100 tox|[from] Leech Seed|[of] p2a: Serperior
|-heal|p2a: Serperior|28/100|[silent]
|-heal|p1a: Gliscor|100/100 tox|[from] ability: Poison Heal
|upkeep
|turn|9
|
|t:|1758254746
|move|p2a: Serperior|Protect|p2a: Serperior
|-singleturn|p2a: Serperior|Protect
|move|p1a: Gliscor|Dual Wingbeat|p2a: Serperior
|-activate|p2a: Serperior|move: Protect
|
|-heal|p2a: Serperior|34/100|[from] item: Leftovers
|-damage|p1a: Gliscor|88/100 tox|[from] Leech Seed|[of] p2a: Serperior
|-heal|p2a: Serperior|44/100|[silent]
|-heal|p1a: Gliscor|100/100 tox|[from] ability: Poison Heal
|upkeep
|turn|10
|
|t:|1758254770
|switch|p2a: Cinderace|Cinderace, F, shiny|100/100
|move|p1a: Gliscor|Dual Wingbeat|p2a: Cinderace
|-damage|p2a: Cinderace|77/100
|-crit|p2a: Cinderace
|-damage|p2a: Cinderace|40/100
|-hitcount|p2a: Cinderace|2
|
|-damage|p1a: Gliscor|88/100 tox|[from] Leech Seed|[of] p2a: Cinderace
|-heal|p2a: Cinderace|52/100|[silent]
|-heal|p1a: Gliscor|100/100 tox|[from] ability: Poison Heal
|upkeep
|turn|11
|l|☆zbddb
|inactive|zbddb disconnected and has a minute to reconnect!
|player|p2|
|j|☆zbddb
|inactive|zbddb reconnected and has 110 seconds left.
|player|p2|zbddb|266|
|inactive|zbddb has 90 seconds left.
|
|t:|1758254823
|switch|p1a: Samurott|Samurott-Hisui, F|100/100
|move|p2a: Cinderace|Pyro Ball|p1a: Samurott
|-resisted|p1a: Samurott
|-damage|p1a: Samurott|69/100
|
|upkeep
|turn|12
|inactive|zbddb has 90 seconds left.
|
|t:|1758254835
|switch|p2a: Serperior|Serperior, M, shiny|44/100
|move|p1a: Samurott|Aqua Jet|p2a: Serperior
|-resisted|p2a: Serperior
|-damage|p2a: Serperior|35/100
|
|-heal|p2a: Serperior|41/100|[from] item: Leftovers
|upkeep
|turn|13
|
|t:|1758254844
|move|p2a: Serperior|Leaf Storm|p1a: Samurott
|-supereffective|p1a: Samurott
|-damage|p1a: Samurott|0 fnt
|-boost|p2a: Serperior|spa|2
|faint|p1a: Samurott
|
|-heal|p2a: Serperior|47/100|[from] item: Leftovers
|upkeep
|
|t:|1758254851
|switch|p1a: Corviknight|Corviknight, F|100/100
|turn|14
|
|t:|1758254862
|move|p2a: Serperior|Protect|p2a: Serperior
|-singleturn|p2a: Serperior|Protect
|move|p1a: Corviknight|Brave Bird|p2a: Serperior
|-activate|p2a: Serperior|move: Protect
|
|-heal|p2a: Serperior|53/100|[from] item: Leftovers
|upkeep
|turn|15
|
|t:|1758254873
|-terastallize|p2a: Serperior|Steel
|move|p2a: Serperior|Leech Seed|p1a: Corviknight
|-start|p1a: Corviknight|move: Leech Seed
|move|p1a: Corviknight|Brave Bird|p2a: Serperior
|-resisted|p2a: Serperior
|-damage|p2a: Serperior|28/100
|-damage|p1a: Corviknight|93/100|[from] Recoil
|
|-heal|p2a: Serperior|34/100|[from] item: Leftovers
|-damage|p1a: Corviknight|80/100|[from] Leech Seed|[of] p2a: Serperior
|-heal|p2a: Serperior|47/100|[silent]
|upkeep
|turn|16
|
|t:|1758254889
|switch|p1a: Gliscor|Gliscor, M|100/100 tox
|move|p2a: Serperior|Protect||[still]
|-fail|p2a: Serperior
|
|-heal|p2a: Serperior|53/100|[from] item: Leftovers
|upkeep
|turn|17
|
|t:|1758254900
|move|p2a: Serperior|Substitute|p2a: Serperior
|-start|p2a: Serperior|Substitute
|-damage|p2a: Serperior|28/100
|move|p1a: Gliscor|Earthquake|p2a: Serperior
|-supereffective|p2a: Serperior
|-end|p2a: Serperior|Substitute
|
|-heal|p2a: Serperior|35/100|[from] item: Leftovers
|upkeep
|turn|18
|
|t:|1758254910
|move|p2a: Serperior|Protect|p2a: Serperior
|-singleturn|p2a: Serperior|Protect
|move|p1a: Gliscor|Earthquake|p2a: Serperior
|-activate|p2a: Serperior|move: Protect
|
|-heal|p2a: Serperior|41/100|[from] item: Leftovers
|upkeep
|turn|19
|
|t:|1758254919
|move|p2a: Serperior|Leaf Storm|p1a: Gliscor
|-damage|p1a: Gliscor|34/100 tox
|-boost|p2a: Serperior|spa|2
|move|p1a: Gliscor|Earthquake|p2a: Serperior
|-supereffective|p2a: Serperior
|-damage|p2a: Serperior|0 fnt
|faint|p2a: Serperior
|
|-heal|p1a: Gliscor|47/100 tox|[from] ability: Poison Heal
|upkeep
|
|t:|1758254931
|switch|p2a: Cinderace|Cinderace, F, shiny|52/100
|turn|20
|
|t:|1758254944
|move|p2a: Cinderace|Pyro Ball|p1a: Gliscor
|-damage|p1a: Gliscor|0 fnt
|faint|p1a: Gliscor
|
|upkeep
|
|t:|1758254948
|switch|p1a: Quaquaval|Quaquaval, M|100/100
|turn|21
|
|t:|1758254959
|switch|p2a: Rotom|Rotom-Wash, shiny|12/100
|move|p1a: Quaquaval|Aqua Step|p2a: Rotom
|-resisted|p2a: Rotom
|-damage|p2a: Rotom|0 fnt
|-boost|p1a: Quaquaval|spe|1
|faint|p2a: Rotom
|-ability|p1a: Quaquaval|Moxie|boost
|-boost|p1a: Quaquaval|atk|1
|-damage|p1a: Quaquaval|91/100|[from] item: Life Orb
|
|upkeep
|
|t:|1758254983
|switch|p2a: Cinderace|Cinderace, F, shiny|52/100
|turn|22
|
|t:|1758254989
|move|p2a: Cinderace|High Jump Kick|p1a: Quaquaval
|-start|p2a: Cinderace|typechange|Fighting|[from] ability: Libero
|-damage|p1a: Quaquaval|1/100
|move|p1a: Quaquaval|Aqua Step|p2a: Cinderace
|-damage|p2a: Cinderace|0 fnt
|-boost|p1a: Quaquaval|spe|1
|faint|p2a: Cinderace
|-ability|p1a: Quaquaval|Moxie|boost
|-boost|p1a: Quaquaval|atk|1
|-damage|p1a: Quaquaval|0 fnt|[from] item: Life Orb
|faint|p1a: Quaquaval
|
|upkeep
|inactive|zbddb has 90 seconds left.
|
|t:|1758255008
|switch|p2a: Dragonite|Dragonite, M|100/100
|switch|p1a: Raikou|Raikou|100/100
|turn|23
|
|t:|1758255016
|move|p1a: Raikou|Scald|p2a: Dragonite
|-resisted|p2a: Dragonite
|-damage|p2a: Dragonite|94/100
|move|p2a: Dragonite|Dragon Dance|p2a: Dragonite
|-boost|p2a: Dragonite|atk|1
|-boost|p2a: Dragonite|spe|1
|
|upkeep
|turn|24
|
|t:|1758255024
|move|p2a: Dragonite|Earthquake|p1a: Raikou
|-supereffective|p1a: Raikou
|-damage|p1a: Raikou|0 fnt
|faint|p1a: Raikou
|
|upkeep
|
|t:|1758255028
|switch|p1a: Corviknight|Corviknight, F|80/100
|turn|25
|
|t:|1758255036
|move|p2a: Dragonite|Dragon Dance|p2a: Dragonite
|-boost|p2a: Dragonite|atk|1
|-boost|p2a: Dragonite|spe|1
|move|p1a: Corviknight|Brave Bird|p2a: Dragonite
|-damage|p2a: Dragonite|44/100
|-damage|p1a: Corviknight|66/100|[from] Recoil
|
|upkeep
|turn|26
|
|t:|1758255045
|move|p2a: Dragonite|Extreme Speed|p1a: Corviknight
|-resisted|p1a: Corviknight
|-damage|p1a: Corviknight|45/100
|-enditem|p1a: Corviknight|Sitrus Berry|[eat]
|-heal|p1a: Corviknight|70/100|[from] item: Sitrus Berry
|move|p1a: Corviknight|Brave Bird|p2a: Dragonite
|-damage|p2a: Dragonite|0 fnt
|faint|p2a: Dragonite
|-damage|p1a: Corviknight|57/100|[from] Recoil
|
|upkeep
|
|t:|1758255056
|switch|p2a: Cloyster|Cloyster, M, shiny|26/100
|turn|27
|
|t:|1758255060
|move|p2a: Cloyster|Icicle Spear|p1a: Corviknight
|-damage|p1a: Corviknight|48/100
|-damage|p1a: Corviknight|39/100
|-damage|p1a: Corviknight|31/100
|-damage|p1a: Corviknight|22/100
|-damage|p1a: Corviknight|12/100
|-hitcount|p1a: Corviknight|5
|move|p1a: Corviknight|Brave Bird|p2a: Cloyster
|-damage|p2a: Cloyster|0 fnt
|faint|p2a: Cloyster
|-damage|p1a: Corviknight|7/100|[from] Recoil
|
|upkeep
|inactive|zbddb has 120 seconds left.
|
|t:|1758255074
|switch|p2a: Great Tusk|Great Tusk|24/100
|turn|28
|
|t:|1758255079
|move|p2a: Great Tusk|Stealth Rock|p1a: Corviknight
|-sidestart|p1: MrCooke510|move: Stealth Rock
|move|p1a: Corviknight|Roost|p1a: Corviknight
|-heal|p1a: Corviknight|57/100
|-singleturn|p1a: Corviknight|move: Roost
|
|upkeep
|turn|29
|
|t:|1758255086
|move|p2a: Great Tusk|Headlong Rush|p1a: Corviknight
|-immune|p1a: Corviknight
|move|p1a: Corviknight|Brave Bird|p2a: Great Tusk
|-supereffective|p2a: Great Tusk
|-damage|p2a: Great Tusk|0 fnt
|faint|p2a: Great Tusk
|-end|p2a: Great Tusk|Protosynthesis|[silent]
|-damage|p1a: Corviknight|49/100|[from] Recoil
|
|win|MrCooke510
|raw|MrCooke510's rating: 1225 &rarr; <strong>1247</strong><br />(+22 for winning)
|raw|zbddb's rating: 1184 &rarr; <strong>1162</strong><br />(-22 for losing)
|l|☆zbddb
|player|p2|
|l|☆MrCooke510
|player|p1|
