|j|☆Kevmex17
|j|☆frankjob
|t:|1758298290
|gametype|singles
|player|p1|Kevmex17|hilbert|1465
|player|p2|frankjob|cheren|1451
|gen|9
|tier|[Gen 9] OU
|rated|
|rule|HP Percentage Mod: HP is shown in percentages
|rule|Endless Battle Clause: Forcing endless battles is banned
|rule|Species Clause: Limit one of each Pokémon
|rule|OHKO Clause: OHKO moves are banned
|rule|Evasion Items Clause: Evasion items are banned
|rule|Evasion Moves Clause: Evasion moves are banned
|rule|Evasion Abilities Clause: Evasion abilities are banned
|rule|Sleep Moves Clause: Sleep-inducing moves are banned
|clearpoke
|poke|p1|Slowking-Galar, M|
|poke|p1|Corviknight, F|
|poke|p1|Kyurem|
|poke|p1|Hydrapple, F|
|poke|p1|Kingambit, M|
|poke|p1|Scizor, M|
|poke|p2|Ursaluna, M|
|poke|p2|Carbink|
|poke|p2|Cresselia, F|
|poke|p2|Kingambit, F|
|poke|p2|Hatterene, F|
|poke|p2|Raging Bolt|
|teampreview
|inactive|Battle timer is ON: inactive players will automatically lose when time's up. (requested by Kevmex17)
|
|t:|1758298300
|teamsize|p1|6
|teamsize|p2|6
|start
|switch|p1a: Scizor|Scizor, M|100/100
|switch|p2a: Carbink|Carbink|100/100
|turn|1
|
|t:|1758298309
|move|p1a: Scizor|Bullet Punch|p2a: Carbink
|-supereffective|p2a: Carbink
|-ability|p2a: Carbink|Sturdy
|-damage|p2a: Carbink|1/100
|-damage|p1a: Scizor|84/100|[from] item: Rocky Helmet|[of] p2a: Carbink
|move|p2a: Carbink|Trick Room|p2a: Carbink
|-fieldstart|move: Trick Room|[of] p2a: Carbink
|
|upkeep
|turn|2
|
|t:|1758298317
|move|p1a: Scizor|Bullet Punch|p2a: Carbink
|-supereffective|p2a: Carbink
|-damage|p2a: Carbink|0 fnt
|-damage|p1a: Scizor|67/100|[from] item: Rocky Helmet|[of] p2a: Carbink
|faint|p2a: Carbink
|
|upkeep
|
|t:|1758298328
|switch|p2a: Ursaluna|Ursaluna, M|100/100
|turn|3
|
|t:|1758298331
|switch|p1a: Corviknight|Corviknight, F|100/100
|-ability|p1a: Corviknight|Pressure
|move|p2a: Ursaluna|Fire Punch|p1a: Corviknight
|-supereffective|p1a: Corviknight
|-damage|p1a: Corviknight|67/100
|
|-heal|p1a: Corviknight|73/100|[from] item: Leftovers
|-status|p2a: Ursaluna|brn|[from] item: Flame Orb
|upkeep
|turn|4
|
|t:|1758298341
|move|p2a: Ursaluna|Fire Punch|p1a: Corviknight
|-supereffective|p1a: Corviknight
|-damage|p1a: Corviknight|24/100
|move|p1a: Corviknight|Iron Defense|p1a: Corviknight
|-boost|p1a: Corviknight|def|2
|
|-heal|p1a: Corviknight|30/100|[from] item: Leftovers
|-damage|p2a: Ursaluna|94/100 brn|[from] brn
|upkeep
|turn|5
|
|t:|1758298348
|move|p2a: Ursaluna|Fire Punch|p1a: Corviknight
|-supereffective|p1a: Corviknight
|-crit|p1a: Corviknight
|-damage|p1a: Corviknight|0 fnt
|faint|p1a: Corviknight
|
|-damage|p2a: Ursaluna|88/100 brn|[from] brn
|-fieldend|move: Trick Room
|upkeep
|
|t:|1758298355
|switch|p1a: Kyurem|Kyurem|100/100
|-ability|p1a: Kyurem|Pressure
|turn|6
|inactive|frankjob has 120 seconds left.
|
|t:|1758298406
|-terastallize|p2a: Ursaluna|Normal
|move|p1a: Kyurem|Icicle Spear|p2a: Ursaluna
|-damage|p2a: Ursaluna|78/100 brn
|-damage|p2a: Ursaluna|68/100 brn
|-damage|p2a: Ursaluna|58/100 brn
|-damage|p2a: Ursaluna|48/100 brn
|-damage|p2a: Ursaluna|38/100 brn
|-hitcount|p2a: Ursaluna|5
|move|p2a: Ursaluna|Facade|p1a: Kyurem
|-damage|p1a: Kyurem|0 fnt
|faint|p1a: Kyurem
|
|-damage|p2a: Ursaluna|32/100 brn|[from] brn
|upkeep
|
|t:|1758298426
|switch|p1a: Scizor|Scizor, M|67/100
|turn|7
|
|t:|1758298440
|switch|p2a: Raging Bolt|Raging Bolt|100/100
|-enditem|p2a: Raging Bolt|Booster Energy
|-activate|p2a: Raging Bolt|ability: Protosynthesis|[fromitem]
|-start|p2a: Raging Bolt|protosynthesisspa
|move|p1a: Scizor|U-turn|p2a: Raging Bolt
|-damage|p2a: Raging Bolt|55/100
|
|t:|1758298446
|switch|p1a: Kingambit|Kingambit, M|100/100|[from] U-turn
|-activate|p1a: Kingambit|ability: Supreme Overlord
|-start|p1a: Kingambit|fallen2|[silent]
|
|upkeep
|turn|8
|
|t:|1758298455
|move|p2a: Raging Bolt|Thunderclap|p1a: Kingambit
|-damage|p1a: Kingambit|44/100
|move|p1a: Kingambit|Kowtow Cleave|p2a: Raging Bolt
|-damage|p2a: Raging Bolt|0 fnt
|faint|p2a: Raging Bolt
|-end|p2a: Raging Bolt|Protosynthesis|[silent]
|
|upkeep
|
|t:|1758298477
|switch|p2a: Kingambit|Kingambit, F|100/100
|-activate|p2a: Kingambit|ability: Supreme Overlord
|-start|p2a: Kingambit|fallen2|[silent]
|turn|9
|
|t:|1758298482
|move|p1a: Kingambit|Kowtow Cleave|p2a: Kingambit
|-resisted|p2a: Kingambit
|-damage|p2a: Kingambit|75/100
|move|p2a: Kingambit|Low Kick|p1a: Kingambit
|-supereffective|p1a: Kingambit
|-damage|p1a: Kingambit|0 fnt
|faint|p1a: Kingambit
|-end|p1a: Kingambit|fallen2|[silent]
|
|upkeep
|
|t:|1758298489
|switch|p1a: Scizor|Scizor, M|67/100
|turn|10
|inactive|frankjob has 120 seconds left.
|
|t:|1758298498
|move|p2a: Kingambit|Sucker Punch|p1a: Scizor
|-damage|p1a: Scizor|7/100
|move|p1a: Scizor|Close Combat|p2a: Kingambit
|-supereffective|p2a: Kingambit
|-damage|p2a: Kingambit|0 fnt
|-unboost|p1a: Scizor|def|1
|-unboost|p1a: Scizor|spd|1
|faint|p2a: Kingambit
|-end|p2a: Kingambit|fallen2|[silent]
|
|upkeep
|inactive|frankjob has 120 seconds left.
|
|t:|1758298510
|switch|p2a: Cresselia|Cresselia, F|100/100
|turn|11
|
|t:|1758298513
|switch|p1a: Slowking|Slowking-Galar, M|100/100
|move|p2a: Cresselia|Trick Room|p2a: Cresselia
|-fieldstart|move: Trick Room|[of] p2a: Cresselia
|
|upkeep
|turn|12
|
|t:|1758298521
|-prepare|p1a: Slowking|Chilly Reception|[premajor]
|move|p1a: Slowking|Chilly Reception|p1a: Slowking
|-weather|Snowscape
|
|t:|1758298524
|switch|p1a: Hydrapple|Hydrapple, F|100/100|[from] Chilly Reception
|move|p2a: Cresselia|Lunar Dance|p2a: Cresselia
|faint|p2a: Cresselia
|
|-weather|Snowscape|[upkeep]
|upkeep
|
|t:|1758298530
|switch|p2a: Ursaluna|Ursaluna, M, tera:Normal|32/100 brn
|-heal|p2a: Ursaluna|100/100|[from] move: Lunar Dance
|turn|13
|
|t:|1758298538
|move|p2a: Ursaluna|Ice Punch|p1a: Hydrapple
|-supereffective|p1a: Hydrapple
|-damage|p1a: Hydrapple|33/100
|move|p1a: Hydrapple|Giga Drain|p2a: Ursaluna
|-damage|p2a: Ursaluna|74/100
|-heal|p1a: Hydrapple|48/100|[from] drain|[of] p2a: Ursaluna
|
|-weather|Snowscape|[upkeep]
|-heal|p1a: Hydrapple|54/100|[from] item: Leftovers
|-status|p2a: Ursaluna|brn|[from] item: Flame Orb
|upkeep
|turn|14
|
|t:|1758298550
|-terastallize|p1a: Hydrapple|Fairy
|move|p2a: Ursaluna|Facade|p1a: Hydrapple
|-damage|p1a: Hydrapple|0 fnt
|faint|p1a: Hydrapple
|
|-weather|Snowscape|[upkeep]
|-damage|p2a: Ursaluna|68/100 brn|[from] brn
|upkeep
|
|t:|1758298554
|switch|p1a: Slowking|Slowking-Galar, M|100/100
|turn|15
|
|t:|1758298574
|move|p2a: Ursaluna|Headlong Rush|p1a: Slowking
|-supereffective|p1a: Slowking
|-damage|p1a: Slowking|0 fnt
|-unboost|p2a: Ursaluna|def|1
|-unboost|p2a: Ursaluna|spd|1
|faint|p1a: Slowking
|
|-weather|Snowscape|[upkeep]
|-damage|p2a: Ursaluna|61/100 brn|[from] brn
|-fieldend|move: Trick Room
|upkeep
|
|t:|1758298584
|switch|p1a: Scizor|Scizor, M|7/100
|turn|16
|
|t:|1758298587
|move|p1a: Scizor|Bullet Punch|p2a: Ursaluna
|-damage|p2a: Ursaluna|11/100 brn
|move|p2a: Ursaluna|Fire Punch|p1a: Scizor
|-supereffective|p1a: Scizor
|-damage|p1a: Scizor|0 fnt
|faint|p1a: Scizor
|
|win|frankjob
|raw|Kevmex17's rating: 1465 &rarr; <strong>1444</strong><br />(-21 for losing)
|raw|frankjob's rating: 1451 &rarr; <strong>1472</strong><br />(+21 for winning)
|l|☆Kevmex17
|player|p1|
