|j|☆peanu1
|j|☆cynthiaxygarchomp
|t:|1758315985
|gametype|singles
|player|p1|peanu1|265|1380
|player|p2|cynthiaxygarchomp|170|1399
|gen|9
|tier|[Gen 9] OU
|rated|
|rule|HP Percentage Mod: HP is shown in percentages
|rule|Endless Battle Clause: Forcing endless battles is banned
|rule|Species Clause: Limit one of each Pokémon
|rule|OHKO Clause: OHKO moves are banned
|rule|Evasion Items Clause: Evasion items are banned
|rule|Evasion Moves Clause: Evasion moves are banned
|rule|Evasion Abilities Clause: Evasion abilities are banned
|rule|Sleep Moves Clause: Sleep-inducing moves are banned
|clearpoke
|poke|p1|Alomomola, F|
|poke|p1|Weezing-Galar, M|
|poke|p1|Gliscor, F|
|poke|p1|Scizor, F|
|poke|p1|Raging Bolt|
|poke|p1|Zamazenta-*|
|poke|p2|Landorus-Therian, M|
|poke|p2|Sinistcha|
|poke|p2|Tinkaton, F|
|poke|p2|Moltres|
|poke|p2|Samurott-Hisui, M|
|poke|p2|Hydreigon, M|
|teampreview
|
|t:|1758315992
|teamsize|p1|6
|teamsize|p2|6
|start
|switch|p1a: Weezing|Weezing-Galar, M|100/100
|switch|p2a: Phoenix|Moltres, shiny|100/100
|-ability|p1a: Weezing|Neutralizing Gas
|turn|1
|inactive|Battle timer is ON: inactive players will automatically lose when time's up. (requested by cynthiaxygarchomp)
|
|t:|1758315999
|-end|p1a: Weezing|ability: Neutralizing Gas
|switch|p1a: Alomomola|Alomomola, F|100/100
|move|p2a: Phoenix|Flamethrower|p1a: Alomomola
|-resisted|p1a: Alomomola
|-damage|p1a: Alomomola|91/100
|
|upkeep
|turn|2
|
|t:|1758316006
|switch|p2a: Jack Sparrow|Samurott-Hisui, M, shiny|100/100
|move|p1a: Alomomola|Flip Turn|p2a: Jack Sparrow
|-resisted|p2a: Jack Sparrow
|-damage|p2a: Jack Sparrow|90/100
|
|t:|1758316010
|switch|p1a: Weezing|Weezing-Galar, M|100/100|[from] Flip Turn
|-ability|p1a: Weezing|Neutralizing Gas
|
|upkeep
|turn|3
|
|t:|1758316015
|switch|p2a: Phoenix|Moltres, shiny|100/100
|move|p1a: Weezing|Will-O-Wisp|p2a: Phoenix
|-immune|p2a: Phoenix
|
|upkeep
|turn|4
|
|t:|1758316025
|-end|p1a: Weezing|ability: Neutralizing Gas
|switch|p1a: Alomomola|Alomomola, F|100/100
|move|p2a: Phoenix|Flamethrower|p1a: Alomomola
|-resisted|p1a: Alomomola
|-damage|p1a: Alomomola|92/100
|
|upkeep
|turn|5
|
|t:|1758316040
|switch|p2a: Jack Sparrow|Samurott-Hisui, M, shiny|90/100
|move|p1a: Alomomola|Flip Turn|p2a: Jack Sparrow
|-resisted|p2a: Jack Sparrow
|-damage|p2a: Jack Sparrow|80/100
|
|t:|1758316042
|switch|p1a: Weezing|Weezing-Galar, M|100/100|[from] Flip Turn
|-ability|p1a: Weezing|Neutralizing Gas
|
|upkeep
|turn|6
|inactive|cynthiaxygarchomp has 120 seconds left.
|inactive|cynthiaxygarchomp has 90 seconds left.
|
|t:|1758316124
|move|p2a: Jack Sparrow|Knock Off|p1a: Weezing
|-resisted|p1a: Weezing
|-damage|p1a: Weezing|83/100
|-enditem|p1a: Weezing|Heavy-Duty Boots|[from] move: Knock Off|[of] p2a: Jack Sparrow
|move|p1a: Weezing|Will-O-Wisp|p2a: Jack Sparrow
|-status|p2a: Jack Sparrow|brn
|
|-damage|p2a: Jack Sparrow|74/100 brn|[from] brn
|upkeep
|turn|7
|
|t:|1758316129
|move|p2a: Jack Sparrow|Flip Turn|p1a: Weezing
|-damage|p1a: Weezing|74/100
|
|t:|1758316134
|switch|p2a: Smile.exe|Tinkaton, F, shiny|100/100|[from] Flip Turn
|-item|p2a: Smile.exe|Air Balloon
|move|p1a: Weezing|Sludge Bomb|p2a: Smile.exe
|-immune|p2a: Smile.exe
|
|upkeep
|turn|8
|
|t:|1758316144
|-end|p1a: Weezing|ability: Neutralizing Gas
|switch|p1a: Gliscor|Gliscor, F|100/100
|move|p2a: Smile.exe|Gigaton Hammer|p1a: Gliscor
|-damage|p1a: Gliscor|64/100
|
|-status|p1a: Gliscor|tox|[from] item: Toxic Orb
|upkeep
|turn|9
|
|t:|1758316160
|move|p2a: Smile.exe|Ice Hammer|p1a: Gliscor
|-supereffective|p1a: Gliscor
|-damage|p1a: Gliscor|0 fnt
|-unboost|p2a: Smile.exe|spe|1
|faint|p1a: Gliscor
|
|upkeep
|
|t:|1758316165
|switch|p1a: Alomomola|Alomomola, F|100/100
|turn|10
|
|t:|1758316168
|move|p2a: Smile.exe|Stealth Rock|p1a: Alomomola
|-sidestart|p1: peanu1|move: Stealth Rock
|move|p1a: Alomomola|Flip Turn|p2a: Smile.exe
|-damage|p2a: Smile.exe|79/100
|-enditem|p2a: Smile.exe|Air Balloon
|-enditem|p1a: Alomomola|Assault Vest|[silent]|[from] ability: Pickpocket|[of] p1a: Alomomola
|-item|p2a: Smile.exe|Assault Vest|[from] ability: Pickpocket|[of] p1a: Alomomola
|inactive|peanu1 has 120 seconds left.
|
|t:|1758316203
|switch|p1a: Scizor|Scizor, F|100/100|[from] Flip Turn
|-damage|p1a: Scizor|88/100|[from] Stealth Rock
|
|upkeep
|turn|11
|inactive|cynthiaxygarchomp has 120 seconds left.
|
|t:|1758316210
|switch|p2a: Phoenix|Moltres, shiny|100/100
|move|p1a: Scizor|Knock Off|p2a: Phoenix
|-damage|p2a: Phoenix|51/100
|-enditem|p2a: Phoenix|Heavy-Duty Boots|[from] move: Knock Off|[of] p1a: Scizor
|
|upkeep
|turn|12
|
|t:|1758316217
|switch|p1a: Alomomola|Alomomola, F|100/100
|-damage|p1a: Alomomola|88/100|[from] Stealth Rock
|move|p2a: Phoenix|Roost|p2a: Phoenix
|-heal|p2a: Phoenix|100/100
|-singleturn|p2a: Phoenix|move: Roost
|
|upkeep
|turn|13
|
|t:|1758316223
|move|p2a: Phoenix|Scorching Sands|p1a: Alomomola
|-damage|p1a: Alomomola|74/100
|-status|p1a: Alomomola|brn
|move|p1a: Alomomola|Body Slam|p2a: Phoenix
|-damage|p2a: Phoenix|95/100
|
|-damage|p1a: Alomomola|68/100 brn|[from] brn
|upkeep
|turn|14
|
|t:|1758316230
|move|p2a: Phoenix|U-turn|p1a: Alomomola
|-damage|p1a: Alomomola|56/100 brn
|
|t:|1758316233
|switch|p2a: Jack Sparrow|Samurott-Hisui, M, shiny|74/100 brn|[from] U-turn
|move|p1a: Alomomola|Flip Turn|p2a: Jack Sparrow
|-resisted|p2a: Jack Sparrow
|-damage|p2a: Jack Sparrow|68/100 brn
|
|t:|1758316254
|switch|p1a: Zamazenta|Zamazenta|100/100|[from] Flip Turn
|-damage|p1a: Zamazenta|94/100|[from] Stealth Rock
|-ability|p1a: Zamazenta|Dauntless Shield|boost
|-boost|p1a: Zamazenta|def|1
|
|-heal|p1a: Zamazenta|100/100|[from] item: Leftovers
|-damage|p2a: Jack Sparrow|62/100 brn|[from] brn
|upkeep
|turn|15
|
|t:|1758316259
|move|p1a: Zamazenta|Substitute|p1a: Zamazenta
|-start|p1a: Zamazenta|Substitute
|-damage|p1a: Zamazenta|75/100
|move|p2a: Jack Sparrow|Flip Turn|p1a: Zamazenta
|-activate|p1a: Zamazenta|move: Substitute|[damage]
|
|t:|1758316267
|switch|p2a: Enten|Landorus-Therian, M, shiny|100/100|[from] Flip Turn
|-ability|p2a: Enten|Intimidate|boost
|-immune|p1a: Zamazenta
|
|-heal|p1a: Zamazenta|82/100|[from] item: Leftovers
|upkeep
|turn|16
|
|t:|1758316274
|move|p2a: Enten|U-turn|p1a: Zamazenta
|-resisted|p1a: Zamazenta
|-crit|p1a: Zamazenta
|-activate|p1a: Zamazenta|move: Substitute|[damage]
|
|t:|1758316278
|switch|p2a: Phoenix|Moltres, shiny|95/100|[from] U-turn
|move|p1a: Zamazenta|Iron Defense|p1a: Zamazenta
|-boost|p1a: Zamazenta|def|2
|
|-heal|p1a: Zamazenta|88/100|[from] item: Leftovers
|upkeep
|turn|17
|
|t:|1758316294
|switch|p1a: Alomomola|Alomomola, F|89/100 brn
|-damage|p1a: Alomomola|77/100 brn|[from] Stealth Rock
|move|p2a: Phoenix|Flamethrower|p1a: Alomomola
|-resisted|p1a: Alomomola
|-damage|p1a: Alomomola|62/100 brn
|
|-damage|p1a: Alomomola|56/100 brn|[from] brn
|upkeep
|turn|18
|
|t:|1758316301
|move|p2a: Phoenix|U-turn|p1a: Alomomola
|-damage|p1a: Alomomola|45/100 brn
|
|t:|1758316304
|switch|p2a: Jack Sparrow|Samurott-Hisui, M, shiny|62/100 brn|[from] U-turn
|move|p1a: Alomomola|Flip Turn|p2a: Jack Sparrow
|-resisted|p2a: Jack Sparrow
|-damage|p2a: Jack Sparrow|57/100 brn
|
|t:|1758316310
|switch|p1a: Raging Bolt|Raging Bolt|100/100|[from] Flip Turn
|-damage|p1a: Raging Bolt|88/100|[from] Stealth Rock
|
|-damage|p2a: Jack Sparrow|51/100 brn|[from] brn
|upkeep
|turn|19
|
|t:|1758316319
|move|p1a: Raging Bolt|Thunderclap|p2a: Jack Sparrow
|-supereffective|p2a: Jack Sparrow
|-damage|p2a: Jack Sparrow|0 fnt
|faint|p2a: Jack Sparrow
|
|upkeep
|
|t:|1758316325
|switch|p2a: Hybrid|Hydreigon, M, shiny|100/100
|turn|20
|
|t:|1758316333
|-end|p1a: Raging Bolt|Protosynthesis|[silent]
|switch|p1a: Alomomola|Alomomola, F|79/100 brn
|-damage|p1a: Alomomola|66/100 brn|[from] Stealth Rock
|move|p2a: Hybrid|Dark Pulse|p1a: Alomomola
|-damage|p1a: Alomomola|20/100 brn
|
|-damage|p1a: Alomomola|14/100 brn|[from] brn
|upkeep
|turn|21
|
|t:|1758316343
|switch|p1a: Weezing|Weezing-Galar, M|74/100
|-ability|p1a: Weezing|Neutralizing Gas
|-damage|p1a: Weezing|62/100|[from] Stealth Rock
|move|p2a: Hybrid|Dark Pulse|p1a: Weezing
|-resisted|p1a: Weezing
|-damage|p1a: Weezing|23/100
|
|upkeep
|turn|22
|
|t:|1758316353
|move|p2a: Hybrid|Dark Pulse|p1a: Weezing
|-resisted|p1a: Weezing
|-damage|p1a: Weezing|0 fnt
|faint|p1a: Weezing
|-end|p1a: Weezing|ability: Neutralizing Gas
|
|upkeep
|
|t:|1758316365
|switch|p1a: Scizor|Scizor, F|88/100
|-damage|p1a: Scizor|76/100|[from] Stealth Rock
|turn|23
|
|t:|1758316374
|switch|p2a: Phoenix|Moltres, shiny|95/100
|move|p1a: Scizor|U-turn|p2a: Phoenix
|-resisted|p2a: Phoenix
|-damage|p2a: Phoenix|82/100
|-status|p1a: Scizor|brn|[from] ability: Flame Body|[of] p2a: Phoenix
|l|☆peanu1
|inactive|peanu1 disconnected and has a minute to reconnect!
|player|p1|
|inactive|peanu1 has 30 seconds to reconnect!
|inactive|peanu1 has 20 seconds to reconnect!
|inactive|peanu1 has 15 seconds to reconnect!
|inactive|peanu1 has 10 seconds to reconnect!
|inactive|peanu1 has 5 seconds to reconnect!
|-message|peanu1 lost due to inactivity.
|
|win|cynthiaxygarchomp
|raw|peanu1's rating: 1380 &rarr; <strong>1361</strong><br />(-19 for losing)
|raw|cynthiaxygarchomp's rating: 1399 &rarr; <strong>1418</strong><br />(+19 for winning)
