|badge|p1|bronze|gen9ou|100-6
|uhtml|medal-msg|<div class="broadcast-blue">Curious what those medals under the avatar are? PS now has Ladder Seasons! For more information, check out the <a href="https://www.smogon.com/forums/threads/3740067/">thread on Smogon.</a></div>
|j|☆saeyouwontletgo
|j|☆omari p
|t:|1758257391
|gametype|singles
|player|p1|saeyouwontletgo|102|1763
|player|p2|omari p|pokemonrangerf|1807
|gen|9
|tier|[Gen 9] OU
|rated|
|rule|HP Percentage Mod: HP is shown in percentages
|rule|Endless Battle Clause: Forcing endless battles is banned
|rule|Species Clause: Limit one of each Pokémon
|rule|OHKO Clause: OHKO moves are banned
|rule|Evasion Items Clause: Evasion items are banned
|rule|Evasion Moves Clause: Evasion moves are banned
|rule|Evasion Abilities Clause: Evasion abilities are banned
|rule|Sleep Moves Clause: Sleep-inducing moves are banned
|clearpoke
|poke|p1|Pecharunt|
|poke|p1|Great Tusk|
|poke|p1|Ogerpon-Wellspring, F|
|poke|p1|Iron Crown|
|poke|p1|Landorus-Therian, M|
|poke|p1|Samurott-Hisui, F|
|poke|p2|Cinderace, M|
|poke|p2|Volcanion|
|poke|p2|Torkoal, M|
|poke|p2|Mandibuzz, F|
|poke|p2|Great Tusk|
|poke|p2|Fezandipiti, M|
|teampreview
|inactive|Battle timer is ON: inactive players will automatically lose when time's up. (requested by saeyouwontletgo)
|j| wgw2333
|inactive|omari p has 120 seconds left.
|inactive|omari p has 90 seconds left.
|j| IM AT MY LIMIT
|j| king of spycrabs
|inactive|omari p has 60 seconds left.
|j| KappaHalo
|l| wgw2333
|inactive|omari p has 30 seconds left.
|inactive|omari p has 20 seconds left.
|inactive|omari p has 15 seconds left.
|inactive|omari p has 10 seconds left.
|l| KappaHalo
|
|t:|1758257538
|teamsize|p1|6
|teamsize|p2|6
|start
|switch|p1a: Iron Crown|Iron Crown|100/100
|switch|p2a: Torkoal|Torkoal, M, shiny|100/100
|-weather|SunnyDay|[from] ability: Drought|[of] p2a: Torkoal
|turn|1
|
|t:|1758257542
|move|p1a: Iron Crown|Volt Switch|p2a: Torkoal
|-damage|p2a: Torkoal|50/100
|
|t:|1758257544
|-end|p1a: Iron Crown|Quark Drive|[silent]
|switch|p1a: Samurott|Samurott-Hisui, F|100/100|[from] Volt Switch
|move|p2a: Torkoal|Fire Blast|p1a: Samurott|[miss]
|-miss|p2a: Torkoal|p1a: Samurott
|
|-weather|SunnyDay|[upkeep]
|upkeep
|turn|2
|inactive|omari p has 90 seconds left.
|
|t:|1758257560
|move|p1a: Samurott|Flip Turn|p2a: Torkoal
|-supereffective|p2a: Torkoal
|-damage|p2a: Torkoal|31/100
|
|t:|1758257571
|switch|p1a: Ogerpon|Ogerpon-Wellspring, F|100/100|[from] Flip Turn
|move|p2a: Torkoal|Stealth Rock|p1a: Ogerpon
|-sidestart|p1: saeyouwontletgo|move: Stealth Rock
|
|-weather|SunnyDay|[upkeep]
|upkeep
|turn|3
|
|t:|1758257574
|switch|p2a: Omari P Bird|Mandibuzz, F, shiny|100/100
|move|p1a: Ogerpon|Ivy Cudgel|p2a: Omari P Bird|[anim] Ivy Cudgel Water
|-crit|p2a: Omari P Bird
|-damage|p2a: Omari P Bird|77/100
|
|-weather|SunnyDay|[upkeep]
|upkeep
|turn|4
|
|t:|1758257593
|switch|p1a: Great Tusk|Great Tusk|100/100
|-damage|p1a: Great Tusk|98/100|[from] Stealth Rock
|-activate|p1a: Great Tusk|ability: Protosynthesis
|-start|p1a: Great Tusk|protosynthesisspe
|switch|p2a: Volcanion|Volcanion|100/100
|
|-weather|SunnyDay|[upkeep]
|upkeep
|turn|5
|
|t:|1758257606
|move|p1a: Great Tusk|Headlong Rush|p2a: Volcanion
|-supereffective|p2a: Volcanion
|-damage|p2a: Volcanion|3/100
|-unboost|p1a: Great Tusk|def|1
|-unboost|p1a: Great Tusk|spd|1
|move|p2a: Volcanion|Fire Blast|p1a: Great Tusk
|-damage|p1a: Great Tusk|0 fnt
|faint|p1a: Great Tusk
|-end|p1a: Great Tusk|Protosynthesis|[silent]
|
|-weather|SunnyDay|[upkeep]
|upkeep
|
|t:|1758257614
|switch|p1a: Landorus|Landorus-Therian, M|100/100
|-damage|p1a: Landorus|88/100|[from] Stealth Rock
|-ability|p1a: Landorus|Intimidate|boost
|-unboost|p2a: Volcanion|atk|1
|turn|6
|
|t:|1758257616
|move|p1a: Landorus|U-turn|p2a: Volcanion
|-resisted|p2a: Volcanion
|-damage|p2a: Volcanion|0 fnt
|faint|p2a: Volcanion
|
|t:|1758257620
|switch|p1a: Iron Crown|Iron Crown|100/100|[from] U-turn
|-damage|p1a: Iron Crown|94/100|[from] Stealth Rock
|
|-weather|SunnyDay|[upkeep]
|upkeep
|
|t:|1758257623
|switch|p2a: Cinderace|Cinderace, M|100/100
|turn|7
|
|t:|1758257625
|-end|p1a: Iron Crown|Quark Drive|[silent]
|switch|p1a: Pecharunt|Pecharunt|100/100
|-damage|p1a: Pecharunt|88/100|[from] Stealth Rock
|move|p2a: Cinderace|Pyro Ball|p1a: Pecharunt
|-damage|p1a: Pecharunt|35/100
|-status|p1a: Pecharunt|brn
|
|-weather|SunnyDay|[upkeep]
|-damage|p1a: Pecharunt|29/100 brn|[from] brn
|upkeep
|turn|8
|
|t:|1758257634
|move|p2a: Cinderace|Pyro Ball|p1a: Pecharunt
|-damage|p1a: Pecharunt|0 fnt
|faint|p1a: Pecharunt
|
|-weather|none
|upkeep
|
|t:|1758257638
|switch|p1a: Ogerpon|Ogerpon-Wellspring, F|100/100
|-damage|p1a: Ogerpon|88/100|[from] Stealth Rock
|turn|9
|
|t:|1758257642
|switch|p2a: Torkoal|Torkoal, M, shiny|31/100
|-weather|SunnyDay|[from] ability: Drought|[of] p2a: Torkoal
|move|p1a: Ogerpon|Swords Dance|p1a: Ogerpon
|-boost|p1a: Ogerpon|atk|2
|
|-weather|SunnyDay|[upkeep]
|upkeep
|turn|10
|
|t:|1758257648
|move|p1a: Ogerpon|Trailblaze|p2a: Torkoal
|-resisted|p2a: Torkoal
|-damage|p2a: Torkoal|13/100
|-boost|p1a: Ogerpon|spe|1
|move|p2a: Torkoal|Fire Blast|p1a: Ogerpon
|-damage|p1a: Ogerpon|22/100
|
|-weather|SunnyDay|[upkeep]
|upkeep
|turn|11
|
|t:|1758257655
|move|p1a: Ogerpon|Synthesis|p1a: Ogerpon
|-heal|p1a: Ogerpon|89/100
|move|p2a: Torkoal|Fire Blast|p1a: Ogerpon
|-damage|p1a: Ogerpon|30/100
|
|-weather|SunnyDay|[upkeep]
|upkeep
|turn|12
|
|t:|1758257667
|switch|p2a: Omari P Bird|Mandibuzz, F, shiny|77/100
|move|p1a: Ogerpon|Trailblaze|p2a: Omari P Bird
|-resisted|p2a: Omari P Bird
|-damage|p2a: Omari P Bird|62/100
|-boost|p1a: Ogerpon|spe|1
|-damage|p1a: Ogerpon|14/100|[from] item: Rocky Helmet|[of] p2a: Omari P Bird
|
|-weather|SunnyDay|[upkeep]
|upkeep
|turn|13
|
|t:|1758257673
|-terastallize|p1a: Ogerpon|Water
|detailschange|p1a: Ogerpon|Ogerpon-Wellspring-Tera, F, tera:Water
|-ability|p1a: Ogerpon|Embody Aspect (Wellspring)|boost
|-boost|p1a: Ogerpon|spd|1
|move|p1a: Ogerpon|Ivy Cudgel|p2a: Omari P Bird|[anim] Ivy Cudgel Water
|-damage|p2a: Omari P Bird|24/100
|move|p2a: Omari P Bird|Foul Play|p1a: Ogerpon
|-damage|p1a: Ogerpon|0 fnt
|faint|p1a: Ogerpon
|detailschange|p1: Ogerpon|Ogerpon-Wellspring, F|[silent]
|
|-weather|SunnyDay|[upkeep]
|upkeep
|
|t:|1758257683
|switch|p1a: Iron Crown|Iron Crown|94/100
|-damage|p1a: Iron Crown|88/100|[from] Stealth Rock
|turn|14
|
|t:|1758257700
|switch|p2a: Torkoal|Torkoal, M, shiny|13/100
|move|p1a: Iron Crown|Tachyon Cutter|p2a: Torkoal
|-resisted|p2a: Torkoal
|-damage|p2a: Torkoal|0 fnt
|faint|p2a: Torkoal
|-hitcount|p2: Torkoal|1
|
|-weather|SunnyDay|[upkeep]
|upkeep
|
|t:|1758257702
|switch|p2a: Cinderace|Cinderace, M|100/100
|turn|15
|
|t:|1758257704
|-end|p1a: Iron Crown|Quark Drive|[silent]
|switch|p1a: Samurott|Samurott-Hisui, F|100/100
|-damage|p1a: Samurott|88/100|[from] Stealth Rock
|move|p2a: Cinderace|Pyro Ball|p1a: Samurott
|-resisted|p1a: Samurott
|-damage|p1a: Samurott|10/100
|
|-weather|SunnyDay|[upkeep]
|upkeep
|turn|16
|
|t:|1758257709
|move|p2a: Cinderace|Sucker Punch|p1a: Samurott
|-start|p2a: Cinderace|typechange|Dark|[from] ability: Libero
|-resisted|p1a: Samurott
|-damage|p1a: Samurott|0 fnt
|faint|p1a: Samurott
|
|-weather|none
|upkeep
|
|t:|1758257711
|switch|p1a: Landorus|Landorus-Therian, M|88/100
|-damage|p1a: Landorus|76/100|[from] Stealth Rock
|-ability|p1a: Landorus|Intimidate|boost
|-unboost|p2a: Cinderace|atk|1
|turn|17
|
|t:|1758257714
|switch|p2a: Omari P Bird|Mandibuzz, F, shiny|24/100
|move|p1a: Landorus|U-turn|p2a: Omari P Bird
|-damage|p2a: Omari P Bird|7/100
|-damage|p1a: Landorus|59/100|[from] item: Rocky Helmet|[of] p2a: Omari P Bird
|
|t:|1758257716
|switch|p1a: Iron Crown|Iron Crown|88/100|[from] U-turn
|-damage|p1a: Iron Crown|82/100|[from] Stealth Rock
|
|upkeep
|turn|18
|
|t:|1758257720
|switch|p2a: Chihiro|Fezandipiti, M|100/100
|move|p1a: Iron Crown|Tachyon Cutter|p2a: Chihiro
|-supereffective|p2a: Chihiro
|-damage|p2a: Chihiro|40/100
|-supereffective|p2a: Chihiro
|-damage|p2a: Chihiro|0 fnt
|faint|p2a: Chihiro
|-hitcount|p2: Chihiro|2
|
|upkeep
|
|t:|1758257722
|switch|p2a: Cinderace|Cinderace, M|100/100
|turn|19
|j| cal
|
|t:|1758257728
|-end|p1a: Iron Crown|Quark Drive|[silent]
|switch|p1a: Landorus|Landorus-Therian, M|59/100
|-damage|p1a: Landorus|47/100|[from] Stealth Rock
|-ability|p1a: Landorus|Intimidate|boost
|-unboost|p2a: Cinderace|atk|1
|move|p2a: Cinderace|Pyro Ball|p1a: Landorus
|-damage|p1a: Landorus|0 fnt
|faint|p1a: Landorus
|
|upkeep
|
|t:|1758257734
|switch|p1a: Iron Crown|Iron Crown|82/100
|-damage|p1a: Iron Crown|76/100|[from] Stealth Rock
|turn|20
|
|t:|1758257737
|switch|p2a: Omari P Bird|Mandibuzz, F, shiny|7/100
|move|p1a: Iron Crown|Tachyon Cutter|p2a: Omari P Bird
|-damage|p2a: Omari P Bird|0 fnt
|faint|p2a: Omari P Bird
|-hitcount|p2: Omari P Bird|1
|
|upkeep
|
|t:|1758257740
|switch|p2a: Cinderace|Cinderace, M|100/100
|turn|21
|
|t:|1758257742
|move|p2a: Cinderace|Pyro Ball|p1a: Iron Crown|[miss]
|-miss|p2a: Cinderace|p1a: Iron Crown
|move|p1a: Iron Crown|Tachyon Cutter|p2a: Cinderace
|-resisted|p2a: Cinderace
|-damage|p2a: Cinderace|69/100
|-resisted|p2a: Cinderace
|-damage|p2a: Cinderace|36/100
|-hitcount|p2a: Cinderace|2
|
|upkeep
|turn|22
|
|t:|1758257744
|move|p2a: Cinderace|Pyro Ball|p1a: Iron Crown|[miss]
|-miss|p2a: Cinderace|p1a: Iron Crown
|move|p1a: Iron Crown|Tachyon Cutter|p2a: Cinderace
|-resisted|p2a: Cinderace
|-damage|p2a: Cinderace|3/100
|-resisted|p2a: Cinderace
|-damage|p2a: Cinderace|0 fnt
|faint|p2a: Cinderace
|-hitcount|p2: Cinderace|2
|
|upkeep
|
|t:|1758257745
|switch|p2a: Haku|Great Tusk, shiny|100/100
|turn|23
|
|t:|1758257748
|-terastallize|p2a: Haku|Ground
|move|p2a: Haku|Headlong Rush|p1a: Iron Crown
|-supereffective|p1a: Iron Crown
|-damage|p1a: Iron Crown|0 fnt
|-unboost|p2a: Haku|def|1
|-unboost|p2a: Haku|spd|1
|faint|p1a: Iron Crown
|-end|p1a: Iron Crown|Quark Drive|[silent]
|
|win|omari p
|raw|saeyouwontletgo's rating: 1763 &rarr; <strong>1746</strong><br />(-17 for losing)
|raw|omari p's rating: 1807 &rarr; <strong>1824</strong><br />(+17 for winning)
|l|☆saeyouwontletgo
|player|p1|
|l| cal
|l| king of spycrabs
|j| wgw2333
|l| IM AT MY LIMIT
|l| wgw2333
|l|☆omari p
|player|p2|
