|badge|p2|bronze|gen9doublesou|100-6
|uhtml|medal-msg|<div class="broadcast-blue">Curious what those medals under the avatar are? PS now has Ladder Seasons! For more information, check out the <a href="https://www.smogon.com/forums/threads/3740067/">thread on Smogon.</a></div>
|j|☆Arizona Lardass
|j|☆tusk act 984
|t:|1758283813
|gametype|singles
|player|p1|Arizona Lardass|hiker-gen4|1460
|player|p2|tusk act 984|102|1371
|gen|9
|tier|[Gen 9] OU
|rated|
|rule|HP Percentage Mod: HP is shown in percentages
|rule|Endless Battle Clause: Forcing endless battles is banned
|rule|Species Clause: Limit one of each Pokémon
|rule|OHKO Clause: OHKO moves are banned
|rule|Evasion Items Clause: Evasion items are banned
|rule|Evasion Moves Clause: Evasion moves are banned
|rule|Evasion Abilities Clause: Evasion abilities are banned
|rule|Sleep Moves Clause: Sleep-inducing moves are banned
|clearpoke
|poke|p1|Pelipper, F|
|poke|p1|Hatterene, F|
|poke|p1|Iron Treads|
|poke|p1|Toxicroak, F|
|poke|p1|Barraskewda, F|
|poke|p1|Zapdos|
|poke|p2|Suicune|
|poke|p2|Heatran, M|
|poke|p2|Sinistcha-Masterpiece|
|poke|p2|Great Tusk|
|poke|p2|Zapdos|
|poke|p2|Garganacl, M|
|teampreview
|inactive|Battle timer is ON: inactive players will automatically lose when time's up. (requested by Arizona Lardass)
|
|t:|1758283824
|teamsize|p1|6
|teamsize|p2|6
|start
|switch|p1a: Cranjus Mc. BB|Pelipper, F|100/100
|switch|p2a: Zapdos|Zapdos|100/100
|-weather|RainDance|[from] ability: Drizzle|[of] p1a: Cranjus Mc. BB
|turn|1
|
|t:|1758283830
|switch|p1a: Yao Ming|Iron Treads|100/100
|move|p2a: Zapdos|U-turn|p1a: Yao Ming
|-resisted|p1a: Yao Ming
|-damage|p1a: Yao Ming|96/100
|c|☆tusk act 984|cranjis mcbasketball
|c|☆Arizona Lardass|yeah :D
|inactive|tusk act 984 has 120 seconds left.
|c|☆tusk act 984|couldve named one of them larry or something
|
|t:|1758283872
|switch|p2a: Suicune|Suicune|100/100|[from] U-turn
|
|-weather|RainDance|[upkeep]
|-heal|p1a: Yao Ming|100/100|[from] item: Leftovers
|upkeep
|turn|2
|inactive|tusk act 984 has 120 seconds left.
|
|t:|1758283877
|move|p1a: Yao Ming|Volt Switch|p2a: Suicune
|-supereffective|p2a: Suicune
|-damage|p2a: Suicune|90/100
|
|t:|1758283880
|-end|p1a: Yao Ming|Quark Drive|[silent]
|switch|p1a: Gunk Provider|Toxicroak, F|100/100|[from] Volt Switch
|move|p2a: Suicune|Ice Beam|p1a: Gunk Provider
|-damage|p1a: Gunk Provider|77/100
|
|-weather|RainDance|[upkeep]
|-heal|p1a: Gunk Provider|90/100|[from] ability: Dry Skin
|upkeep
|turn|3
|
|t:|1758283888
|switch|p2a: Zapdos|Zapdos|100/100
|move|p1a: Gunk Provider|Knock Off|p2a: Zapdos
|-damage|p2a: Zapdos|78/100
|-status|p1a: Gunk Provider|par|[from] ability: Static|[of] p2a: Zapdos
|-enditem|p2a: Zapdos|Heavy-Duty Boots|[from] move: Knock Off|[of] p1a: Gunk Provider
|
|-weather|RainDance|[upkeep]
|-heal|p1a: Gunk Provider|100/100 par|[from] ability: Dry Skin
|upkeep
|turn|4
|
|t:|1758283897
|switch|p1a: Yao Ming|Iron Treads|100/100
|move|p2a: Zapdos|Hurricane|p1a: Yao Ming
|-resisted|p1a: Yao Ming
|-damage|p1a: Yao Ming|82/100
|
|-weather|RainDance|[upkeep]
|-heal|p1a: Yao Ming|88/100|[from] item: Leftovers
|upkeep
|turn|5
|
|t:|1758283903
|move|p2a: Zapdos|U-turn|p1a: Yao Ming
|-resisted|p1a: Yao Ming
|-damage|p1a: Yao Ming|83/100
|
|t:|1758283907
|switch|p2a: Suicune|Suicune|90/100|[from] U-turn
|move|p1a: Yao Ming|Stealth Rock|p2a: Suicune
|-sidestart|p2: tusk act 984|move: Stealth Rock
|
|-weather|RainDance|[upkeep]
|-heal|p1a: Yao Ming|89/100|[from] item: Leftovers
|upkeep
|turn|6
|
|t:|1758283913
|move|p1a: Yao Ming|Volt Switch|p2a: Suicune
|-supereffective|p2a: Suicune
|-damage|p2a: Suicune|78/100
|
|t:|1758283915
|-end|p1a: Yao Ming|Quark Drive|[silent]
|switch|p1a: Gunk Provider|Toxicroak, F|100/100 par|[from] Volt Switch
|move|p2a: Suicune|Ice Beam|p1a: Gunk Provider
|-damage|p1a: Gunk Provider|76/100 par
|
|-weather|RainDance|[upkeep]
|-heal|p1a: Gunk Provider|88/100 par|[from] ability: Dry Skin
|upkeep
|turn|7
|
|t:|1758283925
|switch|p2a: Zapdos|Zapdos|78/100
|-damage|p2a: Zapdos|53/100|[from] Stealth Rock
|move|p1a: Gunk Provider|Toxic|p2a: Zapdos
|-status|p2a: Zapdos|tox
|
|-weather|RainDance|[upkeep]
|-heal|p1a: Gunk Provider|100/100 par|[from] ability: Dry Skin
|-damage|p2a: Zapdos|47/100 tox|[from] psn
|upkeep
|turn|8
|
|t:|1758283930
|switch|p1a: Yao Ming|Iron Treads|89/100
|move|p2a: Zapdos|Roost|p2a: Zapdos
|-heal|p2a: Zapdos|97/100 tox
|-singleturn|p2a: Zapdos|move: Roost
|
|-weather|none
|-heal|p1a: Yao Ming|95/100|[from] item: Leftovers
|-damage|p2a: Zapdos|84/100 tox|[from] psn
|upkeep
|turn|9
|
|t:|1758283941
|move|p2a: Zapdos|U-turn|p1a: Yao Ming
|-resisted|p1a: Yao Ming
|-damage|p1a: Yao Ming|90/100
|
|t:|1758283944
|switch|p2a: Great Tusk|Great Tusk|100/100|[from] U-turn
|move|p1a: Yao Ming|Volt Switch|p2a: Great Tusk
|-immune|p2a: Great Tusk
|
|-heal|p1a: Yao Ming|96/100|[from] item: Leftovers
|upkeep
|turn|10
|
|t:|1758283951
|-end|p1a: Yao Ming|Quark Drive|[silent]
|switch|p1a: Cranjus Mc. BB|Pelipper, F|100/100
|-weather|RainDance|[from] ability: Drizzle|[of] p1a: Cranjus Mc. BB
|move|p2a: Great Tusk|Rapid Spin|p1a: Cranjus Mc. BB
|-damage|p1a: Cranjus Mc. BB|83/100
|-boost|p2a: Great Tusk|spe|1
|-sideend|p2: tusk act 984|Stealth Rock|[from] move: Rapid Spin|[of] p2a: Great Tusk
|
|-weather|RainDance|[upkeep]
|upkeep
|turn|11
|
|t:|1758283954
|move|p2a: Great Tusk|Head Smash|p1a: Cranjus Mc. BB
|-supereffective|p1a: Cranjus Mc. BB
|-damage|p1a: Cranjus Mc. BB|0 fnt
|faint|p1a: Cranjus Mc. BB
|-damage|p2a: Great Tusk|65/100|[from] Recoil
|
|-weather|RainDance|[upkeep]
|upkeep
|
|t:|1758283957
|switch|p1a: Ms. Fish|Barraskewda, F|100/100
|turn|12
|
|t:|1758283962
|-end|p2a: Great Tusk|Protosynthesis|[silent]
|switch|p2a: Zapdos|Zapdos|84/100 tox
|move|p1a: Ms. Fish|Flip Turn|p2a: Zapdos
|-damage|p2a: Zapdos|10/100 tox
|
|t:|1758283967
|switch|p1a: Zapplardin|Zapdos|100/100|[from] Flip Turn
|
|-weather|RainDance|[upkeep]
|-damage|p2a: Zapdos|4/100 tox|[from] psn
|upkeep
|turn|13
|
|t:|1758283973
|switch|p2a: Heatran|Heatran, M|100/100
|move|p1a: Zapplardin|Hurricane|p2a: Heatran
|-resisted|p2a: Heatran
|-damage|p2a: Heatran|68/100
|
|-weather|RainDance|[upkeep]
|-heal|p2a: Heatran|74/100|[from] item: Leftovers
|upkeep
|turn|14
|
|t:|1758283980
|switch|p1a: Ms. Fish|Barraskewda, F|100/100
|move|p2a: Heatran|Stealth Rock|p1a: Ms. Fish
|-sidestart|p1: Arizona Lardass|move: Stealth Rock
|
|-weather|RainDance|[upkeep]
|-heal|p2a: Heatran|80/100|[from] item: Leftovers
|upkeep
|turn|15
|
|t:|1758283995
|switch|p1a: Yao Ming|Iron Treads|96/100
|-damage|p1a: Yao Ming|93/100|[from] Stealth Rock
|switch|p2a: Zapdos|Zapdos|4/100 tox
|
|-weather|RainDance|[upkeep]
|-heal|p1a: Yao Ming|99/100|[from] item: Leftovers
|-damage|p2a: Zapdos|0 fnt|[from] psn
|faint|p2a: Zapdos
|upkeep
|c|☆tusk act 984|also is your username somehow referencing arizona zervas?
|
|t:|1758284012
|switch|p2a: Sinistcha|Sinistcha-Masterpiece|100/100
|turn|16
|c|☆Arizona Lardass|no who is that?
|
|t:|1758284020
|move|p1a: Yao Ming|Volt Switch|p2a: Sinistcha
|-resisted|p2a: Sinistcha
|-damage|p2a: Sinistcha|94/100
|
|t:|1758284022
|-end|p1a: Yao Ming|Quark Drive|[silent]
|switch|p1a: Gunk Provider|Toxicroak, F|100/100 par|[from] Volt Switch
|-damage|p1a: Gunk Provider|94/100 par|[from] Stealth Rock
|move|p2a: Sinistcha|Matcha Gotcha|p1a: Gunk Provider
|-resisted|p1a: Gunk Provider
|-damage|p1a: Gunk Provider|65/100 par
|-heal|p2a: Sinistcha|100/100|[from] drain|[of] p1a: Gunk Provider
|
|-weather|RainDance|[upkeep]
|-heal|p1a: Gunk Provider|77/100 par|[from] ability: Dry Skin
|upkeep
|turn|17
|c|☆tusk act 984|rapper
|
|t:|1758284044
|move|p2a: Sinistcha|Shadow Ball|p1a: Gunk Provider
|-damage|p1a: Gunk Provider|16/100 par
|cant|p1a: Gunk Provider|par
|
|-weather|none
|upkeep
|turn|18
|
|t:|1758284052
|move|p2a: Sinistcha|Shadow Ball|p1a: Gunk Provider
|-damage|p1a: Gunk Provider|0 fnt
|faint|p1a: Gunk Provider
|
|upkeep
|
|t:|1758284053
|switch|p1a: Zapplardin|Zapdos|100/100
|-damage|p1a: Zapplardin|76/100|[from] Stealth Rock
|turn|19
|
|t:|1758284059
|switch|p2a: Heatran|Heatran, M|80/100
|move|p1a: Zapplardin|Hurricane|p2a: Heatran|[miss]
|-miss|p1a: Zapplardin|p2a: Heatran
|
|-heal|p2a: Heatran|86/100|[from] item: Leftovers
|upkeep
|turn|20
|
|t:|1758284067
|switch|p1a: Hattrick Steve|Hatterene, F|100/100
|-damage|p1a: Hattrick Steve|88/100|[from] Stealth Rock
|move|p2a: Heatran|Lava Plume|p1a: Hattrick Steve
|-damage|p1a: Hattrick Steve|39/100
|-enditem|p1a: Hattrick Steve|Eject Button
|
|t:|1758284069
|switch|p1a: Yao Ming|Iron Treads|99/100
|-damage|p1a: Yao Ming|96/100|[from] Stealth Rock
|
|-heal|p1a: Yao Ming|100/100|[from] item: Leftovers
|-heal|p2a: Heatran|92/100|[from] item: Leftovers
|upkeep
|turn|21
|
|t:|1758284078
|switch|p2a: Suicune|Suicune|78/100
|move|p1a: Yao Ming|Earthquake|p2a: Suicune
|-crit|p2a: Suicune
|-damage|p2a: Suicune|46/100
|
|upkeep
|turn|22
|
|t:|1758284084
|move|p1a: Yao Ming|Volt Switch|p2a: Suicune
|-supereffective|p2a: Suicune
|-damage|p2a: Suicune|34/100
|
|t:|1758284087
|-end|p1a: Yao Ming|Quark Drive|[silent]
|switch|p1a: Zapplardin|Zapdos|76/100|[from] Volt Switch
|-damage|p1a: Zapplardin|51/100|[from] Stealth Rock
|move|p2a: Suicune|Scald|p1a: Zapplardin
|-damage|p1a: Zapplardin|21/100
|
|upkeep
|turn|23
|
|t:|1758284095
|switch|p2a: Garganacl|Garganacl, M|100/100
|move|p1a: Zapplardin|Hurricane|p2a: Garganacl
|-resisted|p2a: Garganacl
|-damage|p2a: Garganacl|73/100
|-start|p2a: Garganacl|confusion
|
|-heal|p2a: Garganacl|79/100|[from] item: Leftovers
|upkeep
|turn|24
|
|t:|1758284118
|switch|p1a: Yao Ming|Iron Treads|100/100
|-damage|p1a: Yao Ming|98/100|[from] Stealth Rock
|-activate|p2a: Garganacl|confusion
|move|p2a: Garganacl|Salt Cure|p1a: Yao Ming
|-resisted|p1a: Yao Ming
|-damage|p1a: Yao Ming|95/100
|-start|p1a: Yao Ming|Salt Cure
|
|-heal|p1a: Yao Ming|100/100|[from] item: Leftovers
|-heal|p2a: Garganacl|86/100|[from] item: Leftovers
|-damage|p1a: Yao Ming|76/100|[from] Salt Cure
|upkeep
|turn|25
|
|t:|1758284126
|switch|p2a: Great Tusk|Great Tusk|65/100
|move|p1a: Yao Ming|Rapid Spin|p2a: Great Tusk
|-damage|p2a: Great Tusk|55/100
|-boost|p1a: Yao Ming|spe|1
|-sideend|p1: Arizona Lardass|Stealth Rock|[from] move: Rapid Spin|[of] p1a: Yao Ming
|
|-heal|p1a: Yao Ming|82/100|[from] item: Leftovers
|-damage|p1a: Yao Ming|57/100|[from] Salt Cure
|upkeep
|turn|26
|
|t:|1758284135
|move|p1a: Yao Ming|Earthquake|p2a: Great Tusk
|-damage|p2a: Great Tusk|24/100
|move|p2a: Great Tusk|Rapid Spin|p1a: Yao Ming
|-resisted|p1a: Yao Ming
|-damage|p1a: Yao Ming|50/100
|-boost|p2a: Great Tusk|spe|1
|
|-heal|p1a: Yao Ming|56/100|[from] item: Leftovers
|-damage|p1a: Yao Ming|31/100|[from] Salt Cure
|upkeep
|turn|27
|
|t:|1758284138
|move|p2a: Great Tusk|Ice Spinner|p1a: Yao Ming
|-damage|p1a: Yao Ming|11/100
|move|p1a: Yao Ming|Earthquake|p2a: Great Tusk
|-damage|p2a: Great Tusk|0 fnt
|faint|p2a: Great Tusk
|-end|p2a: Great Tusk|Protosynthesis|[silent]
|
|-heal|p1a: Yao Ming|17/100|[from] item: Leftovers
|-damage|p1a: Yao Ming|0 fnt|[from] Salt Cure
|faint|p1a: Yao Ming
|-end|p1a: Yao Ming|Quark Drive|[silent]
|upkeep
|
|t:|1758284159
|switch|p2a: Suicune|Suicune|34/100
|switch|p1a: Ms. Fish|Barraskewda, F|100/100
|turn|28
|
|t:|1758284166
|move|p1a: Ms. Fish|Flip Turn|p2a: Suicune
|-resisted|p2a: Suicune
|-damage|p2a: Suicune|20/100
|
|t:|1758284169
|switch|p1a: Hattrick Steve|Hatterene, F|39/100|[from] Flip Turn
|move|p2a: Suicune|Scald|p1a: Hattrick Steve
|-damage|p1a: Hattrick Steve|10/100
|-status|p1a: Hattrick Steve|brn
|
|-damage|p1a: Hattrick Steve|4/100 brn|[from] brn
|upkeep
|turn|29
|
|t:|1758284176
|move|p2a: Suicune|Scald|p1a: Hattrick Steve
|-crit|p1a: Hattrick Steve
|-damage|p1a: Hattrick Steve|0 fnt
|faint|p1a: Hattrick Steve
|
|upkeep
|
|t:|1758284184
|switch|p1a: Ms. Fish|Barraskewda, F|100/100
|turn|30
|
|t:|1758284189
|-terastallize|p1a: Ms. Fish|Water
|move|p1a: Ms. Fish|Flip Turn|p2a: Suicune
|-resisted|p2a: Suicune
|-damage|p2a: Suicune|1/100
|
|t:|1758284195
|switch|p1a: Zapplardin|Zapdos|21/100|[from] Flip Turn
|move|p2a: Suicune|Scald|p1a: Zapplardin
|-damage|p1a: Zapplardin|0 fnt
|faint|p1a: Zapplardin
|
|upkeep
|
|t:|1758284196
|switch|p1a: Ms. Fish|Barraskewda, F, tera:Water|100/100
|turn|31
|
|t:|1758284202
|move|p1a: Ms. Fish|Liquidation|p2a: Suicune
|-resisted|p2a: Suicune
|-damage|p2a: Suicune|0 fnt
|faint|p2a: Suicune
|
|upkeep
|
|t:|1758284204
|switch|p2a: Sinistcha|Sinistcha-Masterpiece|100/100
|turn|32
|
|t:|1758284207
|move|p1a: Ms. Fish|Liquidation|p2a: Sinistcha
|-resisted|p2a: Sinistcha
|-damage|p2a: Sinistcha|57/100
|-unboost|p2a: Sinistcha|def|1
|move|p2a: Sinistcha|Strength Sap|p1a: Ms. Fish
|-unboost|p1a: Ms. Fish|atk|1
|-heal|p2a: Sinistcha|100/100
|
|upkeep
|turn|33
|
|t:|1758284213
|move|p1a: Ms. Fish|Liquidation|p2a: Sinistcha
|-resisted|p2a: Sinistcha
|-damage|p2a: Sinistcha|54/100
|move|p2a: Sinistcha|Strength Sap|p1a: Ms. Fish
|-unboost|p1a: Ms. Fish|atk|1
|-heal|p2a: Sinistcha|100/100
|
|upkeep
|turn|34
|
|t:|1758284216
|move|p1a: Ms. Fish|Liquidation|p2a: Sinistcha
|-resisted|p2a: Sinistcha
|-damage|p2a: Sinistcha|68/100
|move|p2a: Sinistcha|Matcha Gotcha|p1a: Ms. Fish
|-supereffective|p1a: Ms. Fish
|-damage|p1a: Ms. Fish|0 fnt
|-heal|p2a: Sinistcha|100/100|[from] drain|[of] p1a: Ms. Fish
|faint|p1a: Ms. Fish
|
|win|tusk act 984
|raw|Arizona Lardass's rating: 1460 &rarr; <strong>1435</strong><br />(-25 for losing)
|raw|tusk act 984's rating: 1371 &rarr; <strong>1396</strong><br />(+25 for winning)
|c|☆Arizona Lardass|gg
|l|☆Arizona Lardass
|player|p1|
|c|☆tusk act 984|gg
|l|☆tusk act 984
|player|p2|
