|j|☆Migstaper
|j|☆chall torvikk
|t:|1758286676
|gametype|singles
|player|p1|Migstaper|ltsurge|1687
|player|p2|chall torvikk|gambler|1827
|gen|9
|tier|[Gen 9] OU
|rated|
|rule|HP Percentage Mod: HP is shown in percentages
|rule|Endless Battle Clause: Forcing endless battles is banned
|rule|Species Clause: Limit one of each Pokémon
|rule|OHKO Clause: OHKO moves are banned
|rule|Evasion Items Clause: Evasion items are banned
|rule|Evasion Moves Clause: Evasion moves are banned
|rule|Evasion Abilities Clause: Evasion abilities are banned
|rule|Sleep Moves Clause: Sleep-inducing moves are banned
|clearpoke
|poke|p1|Enamorus, F|
|poke|p1|Iron Valiant|
|poke|p1|Dragapult, M|
|poke|p1|Dragonite, M|
|poke|p1|Great Tusk|
|poke|p1|Kingambit, M|
|poke|p2|Darkrai|
|poke|p2|Ogerpon, F|
|poke|p2|Garchomp, F|
|poke|p2|Alomomola, F|
|poke|p2|Corviknight, F|
|poke|p2|Weezing-Galar, F|
|teampreview
|
|t:|1758286718
|teamsize|p1|6
|teamsize|p2|6
|start
|switch|p1a: Paul we know|Dragapult, M, shiny|100/100
|switch|p2a: Alomomola|Alomomola, F|100/100
|turn|1
|
|t:|1758286726
|move|p1a: Paul we know|Dragon Dance|p1a: Paul we know
|-boost|p1a: Paul we know|atk|1
|-boost|p1a: Paul we know|spe|1
|move|p2a: Alomomola|Flip Turn|p1a: Paul we know
|-resisted|p1a: Paul we know
|-damage|p1a: Paul we know|87/100
|
|t:|1758286741
|switch|p2a: Weezing|Weezing-Galar, F|100/100|[from] Flip Turn
|-ability|p2a: Weezing|Neutralizing Gas
|
|upkeep
|turn|2
|
|t:|1758286747
|move|p1a: Paul we know|Phantom Force||[still]
|-prepare|p1a: Paul we know|Phantom Force
|move|p2a: Weezing|Will-O-Wisp|p1a: Paul we know|[miss]
|-miss|p2a: Weezing|p1a: Paul we know
|
|upkeep
|turn|3
|
|t:|1758286754
|move|p1a: Paul we know|Phantom Force|p2a: Weezing|[from] lockedmove
|-damage|p2a: Weezing|42/100
|-damage|p1a: Paul we know|77/100|[from] item: Life Orb
|move|p2a: Weezing|Will-O-Wisp|p1a: Paul we know
|-status|p1a: Paul we know|brn
|
|-heal|p2a: Weezing|48/100|[from] item: Leftovers
|-damage|p1a: Paul we know|71/100 brn|[from] brn
|upkeep
|turn|4
|
|t:|1758286769
|move|p1a: Paul we know|Flamethrower|p2a: Weezing
|-damage|p2a: Weezing|9/100
|-damage|p1a: Paul we know|61/100 brn|[from] item: Life Orb
|move|p2a: Weezing|Pain Split|p1a: Paul we know
|-sethp|p1a: Paul we know|35/100 brn|[from] move: Pain Split|[silent]
|-sethp|p2a: Weezing|34/100|[from] move: Pain Split
|
|-heal|p2a: Weezing|40/100|[from] item: Leftovers
|-damage|p1a: Paul we know|29/100 brn|[from] brn
|upkeep
|turn|5
|
|t:|1758286780
|-end|p2a: Weezing|ability: Neutralizing Gas
|switch|p2a: Alomomola|Alomomola, F|100/100
|move|p1a: Paul we know|Flamethrower|p2a: Alomomola
|-resisted|p2a: Alomomola
|-damage|p2a: Alomomola|94/100
|-damage|p1a: Paul we know|19/100 brn|[from] item: Life Orb
|
|-damage|p1a: Paul we know|13/100 brn|[from] brn
|upkeep
|turn|6
|
|t:|1758286793
|move|p1a: Paul we know|Dragon Darts|p2a: Alomomola
|-damage|p2a: Alomomola|75/100
|-anim|p1a: Paul we know|Dragon Darts|p2a: Alomomola
|-damage|p2a: Alomomola|54/100
|-damage|p1a: Paul we know|4/100 brn|[from] item: Life Orb
|move|p2a: Alomomola|Flip Turn|p1a: Paul we know
|-resisted|p1a: Paul we know
|-damage|p1a: Paul we know|0 fnt
|faint|p1a: Paul we know
|inactive|Battle timer is ON: inactive players will automatically lose when time's up. (requested by Migstaper)
|
|t:|1758286822
|switch|p2a: Weezing|Weezing-Galar, F|40/100|[from] Flip Turn
|-ability|p2a: Weezing|Neutralizing Gas
|
|-heal|p2a: Weezing|46/100|[from] item: Leftovers
|upkeep
|j| 21stCenturyB0y
|
|t:|1758286834
|switch|p1a: Read the Bible|Enamorus, F, shiny|100/100
|turn|7
|
|t:|1758286840
|-end|p2a: Weezing|ability: Neutralizing Gas
|switch|p2a: Alomomola|Alomomola, F|87/100
|move|p1a: Read the Bible|Earth Power|p2a: Alomomola
|-damage|p2a: Alomomola|65/100
|-damage|p1a: Read the Bible|90/100|[from] item: Life Orb
|
|upkeep
|turn|8
|
|t:|1758286850
|move|p1a: Read the Bible|Superpower|p2a: Alomomola
|-damage|p2a: Alomomola|36/100
|-boost|p1a: Read the Bible|atk|1
|-boost|p1a: Read the Bible|def|1
|-damage|p1a: Read the Bible|80/100|[from] item: Life Orb
|move|p2a: Alomomola|Flip Turn|p1a: Read the Bible
|-damage|p1a: Read the Bible|63/100
|
|t:|1758286855
|switch|p2a: Darkrai|Darkrai|100/100|[from] Flip Turn
|
|upkeep
|turn|9
|
|t:|1758286867
|switch|p1a: No condemnation|Kingambit, M, shiny|100/100
|-activate|p1a: No condemnation|ability: Supreme Overlord
|-start|p1a: No condemnation|fallen1|[silent]
|move|p2a: Darkrai|Ice Beam|p1a: No condemnation
|-resisted|p1a: No condemnation
|-damage|p1a: No condemnation|86/100
|
|upkeep
|turn|10
|
|t:|1758286878
|switch|p2a: Garchomp|Garchomp, F|100/100
|move|p1a: No condemnation|Kowtow Cleave|p2a: Garchomp
|-damage|p2a: Garchomp|68/100
|-damage|p1a: No condemnation|74/100|[from] ability: Rough Skin|[of] p2a: Garchomp
|-damage|p1a: No condemnation|57/100|[from] item: Rocky Helmet|[of] p2a: Garchomp
|
|upkeep
|turn|11
|
|t:|1758286893
|-end|p1a: No condemnation|fallen1|[silent]
|switch|p1a: Read the Bible|Enamorus, F, shiny|63/100
|move|p2a: Garchomp|Stealth Rock|p1a: Read the Bible
|-sidestart|p1: Migstaper|move: Stealth Rock
|
|upkeep
|turn|12
|
|t:|1758286899
|switch|p2a: Alomomola|Alomomola, F|70/100
|move|p1a: Read the Bible|Moonblast|p2a: Alomomola
|-damage|p2a: Alomomola|38/100
|-damage|p1a: Read the Bible|53/100|[from] item: Life Orb
|
|upkeep
|turn|13
|
|t:|1758286906
|switch|p2a: Corviknight|Corviknight, F|100/100
|-ability|p2a: Corviknight|Pressure
|move|p1a: Read the Bible|Moonblast|p2a: Corviknight
|-resisted|p2a: Corviknight
|-damage|p2a: Corviknight|78/100
|-unboost|p2a: Corviknight|spa|1
|-damage|p1a: Read the Bible|43/100|[from] item: Life Orb
|
|-heal|p2a: Corviknight|84/100|[from] item: Leftovers
|upkeep
|turn|14
|
|t:|1758286918
|switch|p2a: Alomomola|Alomomola, F|71/100
|move|p1a: Read the Bible|Mystical Fire|p2a: Alomomola
|-resisted|p2a: Alomomola
|-damage|p2a: Alomomola|63/100
|-unboost|p2a: Alomomola|spa|1
|-damage|p1a: Read the Bible|33/100|[from] item: Life Orb
|
|upkeep
|turn|15
|
|t:|1758286927
|move|p1a: Read the Bible|Moonblast|p2a: Alomomola
|-damage|p2a: Alomomola|30/100
|-damage|p1a: Read the Bible|23/100|[from] item: Life Orb
|move|p2a: Alomomola|Flip Turn|p1a: Read the Bible
|-damage|p1a: Read the Bible|0 fnt
|faint|p1a: Read the Bible
|
|t:|1758286937
|switch|p2a: Corviknight|Corviknight, F|84/100|[from] Flip Turn
|-ability|p2a: Corviknight|Pressure
|
|-heal|p2a: Corviknight|90/100|[from] item: Leftovers
|upkeep
|j| king of spycrabs
|
|t:|1758286944
|switch|p1a: ROMANS 10:9|Great Tusk, shiny|100/100
|-damage|p1a: ROMANS 10:9|98/100|[from] Stealth Rock
|-enditem|p1a: ROMANS 10:9|Booster Energy
|-activate|p1a: ROMANS 10:9|ability: Protosynthesis|[fromitem]
|-start|p1a: ROMANS 10:9|protosynthesisatk
|turn|16
|
|t:|1758286952
|move|p1a: ROMANS 10:9|Close Combat|p2a: Corviknight
|-damage|p2a: Corviknight|27/100
|-unboost|p1a: ROMANS 10:9|def|1
|-unboost|p1a: ROMANS 10:9|spd|1
|move|p2a: Corviknight|Brave Bird|p1a: ROMANS 10:9
|-supereffective|p1a: ROMANS 10:9
|-damage|p1a: ROMANS 10:9|16/100
|-damage|p2a: Corviknight|2/100|[from] Recoil
|
|-heal|p2a: Corviknight|8/100|[from] item: Leftovers
|upkeep
|turn|17
|
|t:|1758286965
|switch|p2a: Alomomola|Alomomola, F|63/100
|move|p1a: ROMANS 10:9|Rapid Spin|p2a: Alomomola
|-damage|p2a: Alomomola|44/100
|-boost|p1a: ROMANS 10:9|spe|1
|-sideend|p1: Migstaper|Stealth Rock|[from] move: Rapid Spin|[of] p1a: ROMANS 10:9
|
|upkeep
|turn|18
|
|t:|1758286972
|move|p2a: Alomomola|Aqua Jet|p1a: ROMANS 10:9
|-supereffective|p1a: ROMANS 10:9
|-damage|p1a: ROMANS 10:9|0 fnt
|faint|p1a: ROMANS 10:9
|-end|p1a: ROMANS 10:9|Protosynthesis|[silent]
|
|upkeep
|
|t:|1758286980
|switch|p1a: Habakkuk|Dragonite, M, shiny|100/100
|turn|19
|
|t:|1758286991
|move|p1a: Habakkuk|Dragon Dance|p1a: Habakkuk
|-boost|p1a: Habakkuk|atk|1
|-boost|p1a: Habakkuk|spe|1
|move|p2a: Alomomola|Flip Turn|p1a: Habakkuk
|-resisted|p1a: Habakkuk
|-damage|p1a: Habakkuk|96/100
|j| wgw2333
|
|t:|1758287004
|switch|p2a: Darkrai|Darkrai|100/100|[from] Flip Turn
|
|upkeep
|turn|20
|
|t:|1758287014
|switch|p1a: No condemnation|Kingambit, M, shiny|57/100
|-activate|p1a: No condemnation|ability: Supreme Overlord
|-start|p1a: No condemnation|fallen3|[silent]
|move|p2a: Darkrai|Trick|p1a: No condemnation
|-activate|p2a: Darkrai|move: Trick|[of] p1a: No condemnation
|-item|p1a: No condemnation|Choice Specs|[from] move: Trick
|-item|p2a: Darkrai|Assault Vest|[from] move: Trick
|
|upkeep
|turn|21
|
|t:|1758287042
|switch|p2a: Alomomola|Alomomola, F|77/100
|move|p1a: No condemnation|Kowtow Cleave|p2a: Alomomola
|-damage|p2a: Alomomola|26/100
|
|upkeep
|turn|22
|
|t:|1758287050
|switch|p2a: Garchomp|Garchomp, F|68/100
|move|p1a: No condemnation|Kowtow Cleave|p2a: Garchomp
|-damage|p2a: Garchomp|29/100
|-damage|p1a: No condemnation|45/100|[from] ability: Rough Skin|[of] p2a: Garchomp
|-damage|p1a: No condemnation|28/100|[from] item: Rocky Helmet|[of] p2a: Garchomp
|
|upkeep
|turn|23
|l| 21stCenturyB0y
|
|t:|1758287062
|move|p2a: Garchomp|Earthquake|p1a: No condemnation
|-supereffective|p1a: No condemnation
|-damage|p1a: No condemnation|0 fnt
|faint|p1a: No condemnation
|-end|p1a: No condemnation|fallen3|[silent]
|
|upkeep
|
|t:|1758287077
|switch|p1a: Righteousness|Iron Valiant, shiny|100/100
|-enditem|p1a: Righteousness|Booster Energy
|-activate|p1a: Righteousness|ability: Quark Drive|[fromitem]
|-start|p1a: Righteousness|quarkdrivespe
|turn|24
|
|t:|1758287088
|move|p1a: Righteousness|Moonblast|p2a: Garchomp
|-supereffective|p2a: Garchomp
|-damage|p2a: Garchomp|0 fnt
|faint|p2a: Garchomp
|
|upkeep
|
|t:|1758287096
|switch|p2a: Weezing|Weezing-Galar, F|46/100
|-ability|p2a: Weezing|Neutralizing Gas
|turn|25
|
|t:|1758287106
|-terastallize|p1a: Righteousness|Ghost
|move|p1a: Righteousness|Shadow Ball|p2a: Weezing
|-damage|p2a: Weezing|0 fnt
|faint|p2a: Weezing
|-end|p2a: Weezing|ability: Neutralizing Gas
|
|upkeep
|inactive|chall torvikk has 120 seconds left.
|inactive|chall torvikk has 90 seconds left.
|
|t:|1758287178
|switch|p2a: Alomomola|Alomomola, F|59/100
|turn|26
|
|t:|1758287185
|move|p1a: Righteousness|Shadow Ball|p2a: Alomomola
|-damage|p2a: Alomomola|41/100
|move|p2a: Alomomola|Flip Turn|p1a: Righteousness
|-damage|p1a: Righteousness|80/100
|
|t:|1758287190
|switch|p2a: Ogerpon|Ogerpon, F|100/100|[from] Flip Turn
|
|upkeep
|turn|27
|
|t:|1758287205
|move|p1a: Righteousness|Shadow Ball|p2a: Ogerpon
|-damage|p2a: Ogerpon|54/100
|move|p2a: Ogerpon|Ivy Cudgel|p1a: Righteousness
|-damage|p1a: Righteousness|13/100
|
|upkeep
|turn|28
|
|t:|1758287214
|switch|p2a: Alomomola|Alomomola, F|74/100
|move|p1a: Righteousness|Shadow Ball|p2a: Alomomola
|-damage|p2a: Alomomola|56/100
|
|upkeep
|turn|29
|
|t:|1758287221
|move|p1a: Righteousness|Shadow Ball|p2a: Alomomola
|-damage|p2a: Alomomola|38/100
|move|p2a: Alomomola|Flip Turn|p1a: Righteousness
|-damage|p1a: Righteousness|0 fnt
|faint|p1a: Righteousness
|-end|p1a: Righteousness|Quark Drive|[silent]
|
|t:|1758287223
|switch|p2a: Darkrai|Darkrai|100/100|[from] Flip Turn
|
|upkeep
|c|☆chall torvikk|Gg
|
|t:|1758287231
|switch|p1a: Habakkuk|Dragonite, M, shiny|96/100
|turn|30
|
|t:|1758287239
|move|p2a: Darkrai|Ice Beam|p1a: Habakkuk
|-supereffective|p1a: Habakkuk
|-damage|p1a: Habakkuk|0 fnt
|faint|p1a: Habakkuk
|
|win|chall torvikk
|raw|Migstaper's rating: 1687 &rarr; <strong>1675</strong><br />(-12 for losing)
|raw|chall torvikk's rating: 1827 &rarr; <strong>1839</strong><br />(+12 for winning)
|l|☆chall torvikk
|player|p2|
|l|☆Migstaper
|player|p1|
