|j|☆qiuxuya
|j|☆mesnaj
|t:|1758316998
|gametype|singles
|player|p1|qiuxuya|169|1166
|player|p2|mesnaj|shadowtriad|1171
|gen|9
|tier|[Gen 9] OU
|rated|
|rule|HP Percentage Mod: HP is shown in percentages
|rule|Endless Battle Clause: Forcing endless battles is banned
|rule|Species Clause: Limit one of each Pokémon
|rule|OHKO Clause: OHKO moves are banned
|rule|Evasion Items Clause: Evasion items are banned
|rule|Evasion Moves Clause: Evasion moves are banned
|rule|Evasion Abilities Clause: Evasion abilities are banned
|rule|Sleep Moves Clause: Sleep-inducing moves are banned
|clearpoke
|poke|p1|Torkoal, M|
|poke|p1|Scovillain, F|
|poke|p1|Hatterene, F|
|poke|p1|Charizard, M|
|poke|p1|Brute Bonnet|
|poke|p1|Whimsicott, M|
|poke|p2|Bisharp, M|
|poke|p2|Zebstrika, M|
|poke|p2|Gholdengo|
|poke|p2|Swampert, M|
|poke|p2|Drifblim, M|
|poke|p2|Metagross|
|teampreview
|inactive|Battle timer is ON: inactive players will automatically lose when time's up. (requested by mesnaj)
|
|t:|1758317025
|teamsize|p1|6
|teamsize|p2|6
|start
|switch|p1a: Torkoal|Torkoal, M|100/100
|switch|p2a: Fourze-Eletrick|Zebstrika, M|100/100
|-weather|SunnyDay|[from] ability: Drought|[of] p1a: Torkoal
|turn|1
|
|t:|1758317038
|switch|p1a: Hatterene|Hatterene, F|100/100
|move|p2a: Fourze-Eletrick|Volt Switch|p1a: Hatterene
|-damage|p1a: Hatterene|77/100
|-enditem|p1a: Hatterene|Eject Button
|-damage|p2a: Fourze-Eletrick|91/100|[from] item: Life Orb
|
|t:|1758317045
|switch|p1a: Scovillain|Scovillain, F|100/100
|
|-weather|SunnyDay|[upkeep]
|upkeep
|turn|2
|
|t:|1758317072
|move|p1a: Scovillain|Fire Blast|p2a: Fourze-Eletrick
|-damage|p2a: Fourze-Eletrick|0 fnt
|faint|p2a: Fourze-Eletrick
|-damage|p1a: Scovillain|91/100|[from] item: Life Orb
|
|-weather|SunnyDay|[upkeep]
|upkeep
|
|t:|1758317078
|switch|p2a: Ghost|Drifblim, M|100/100
|turn|3
|
|t:|1758317084
|move|p1a: Scovillain|Fire Blast|p2a: Ghost
|-damage|p2a: Ghost|0 fnt
|faint|p2a: Ghost
|-damage|p1a: Scovillain|81/100|[from] item: Life Orb
|
|-weather|SunnyDay|[upkeep]
|upkeep
|
|t:|1758317097
|switch|p2a: Hyper-Muteki|Gholdengo|100/100
|turn|4
|
|t:|1758317101
|move|p1a: Scovillain|Flamethrower|p2a: Hyper-Muteki
|-supereffective|p2a: Hyper-Muteki
|-damage|p2a: Hyper-Muteki|0 fnt
|faint|p2a: Hyper-Muteki
|-damage|p1a: Scovillain|71/100|[from] item: Life Orb
|
|-weather|SunnyDay|[upkeep]
|upkeep
|inactive|mesnaj has 120 seconds left.
|
|t:|1758317147
|switch|p2a: Amazon-SigΣa|Swampert, M, shiny|100/100
|turn|5
|
|t:|1758317152
|move|p1a: Scovillain|Solar Beam||[still]
|-prepare|p1a: Scovillain|Solar Beam
|-anim|p1a: Scovillain|Solar Beam|p2a: Amazon-SigΣa
|-supereffective|p2a: Amazon-SigΣa
|-damage|p2a: Amazon-SigΣa|0 fnt
|faint|p2a: Amazon-SigΣa
|-damage|p1a: Scovillain|61/100|[from] item: Life Orb
|
|-weather|SunnyDay|[upkeep]
|upkeep
|
|t:|1758317157
|switch|p2a: Faiz-ø|Bisharp, M|100/100
|turn|6
|
|t:|1758317163
|move|p2a: Faiz-ø|Sucker Punch|p1a: Scovillain
|-damage|p1a: Scovillain|0 fnt
|faint|p1a: Scovillain
|
|-weather|SunnyDay|[upkeep]
|upkeep
|
|t:|1758317172
|switch|p1a: Brute Bonnet|Brute Bonnet|100/100
|-activate|p1a: Brute Bonnet|ability: Protosynthesis
|-start|p1a: Brute Bonnet|protosynthesisatk
|turn|7
|inactive|mesnaj has 120 seconds left.
|
|t:|1758317184
|-terastallize|p1a: Brute Bonnet|Fire
|move|p1a: Brute Bonnet|Close Combat|p2a: Faiz-ø
|-supereffective|p2a: Faiz-ø
|-damage|p2a: Faiz-ø|0 fnt
|-unboost|p1a: Brute Bonnet|def|1
|-unboost|p1a: Brute Bonnet|spd|1
|faint|p2a: Faiz-ø
|-damage|p1a: Brute Bonnet|91/100|[from] item: Life Orb
|
|-weather|SunnyDay|[upkeep]
|upkeep
|
|t:|1758317187
|switch|p2a: G3-X|Metagross|100/100
|turn|8
|
|t:|1758317199
|move|p1a: Brute Bonnet|Sucker Punch||[still]
|-fail|p1a: Brute Bonnet
|move|p2a: G3-X|Agility|p2a: G3-X
|-boost|p2a: G3-X|spe|2
|
|-weather|none
|-end|p1a: Brute Bonnet|Protosynthesis
|upkeep
|turn|9
|
|t:|1758317212
|move|p2a: G3-X|Earthquake|p1a: Brute Bonnet
|-supereffective|p1a: Brute Bonnet
|-damage|p1a: Brute Bonnet|0 fnt
|faint|p1a: Brute Bonnet
|-end|p1a: Brute Bonnet|Protosynthesis|[silent]
|
|upkeep
|
|t:|1758317218
|switch|p1a: Torkoal|Torkoal, M|100/100
|-weather|SunnyDay|[from] ability: Drought|[of] p1a: Torkoal
|turn|10
|inactive|mesnaj has 120 seconds left.
|
|t:|1758317272
|move|p2a: G3-X|Earthquake|p1a: Torkoal
|-supereffective|p1a: Torkoal
|-damage|p1a: Torkoal|58/100
|move|p1a: Torkoal|Overheat|p2a: G3-X
|-supereffective|p2a: G3-X
|-damage|p2a: G3-X|0 fnt
|-unboost|p1a: Torkoal|spa|2
|faint|p2a: G3-X
|
|win|qiuxuya
|raw|qiuxuya's rating: 1166 &rarr; <strong>1191</strong><br />(+25 for winning)
|raw|mesnaj's rating: 1171 &rarr; <strong>1146</strong><br />(-25 for losing)
|l|☆mesnaj
|player|p2|
|l|☆qiuxuya
|player|p1|
