|j|☆obezer
|j|☆chuu05
|t:|1758323238
|gametype|singles
|player|p1|obezer|marshal|1306
|player|p2|chuu05|102|1270
|gen|9
|tier|[Gen 9] OU
|rated|
|rule|HP Percentage Mod: HP is shown in percentages
|rule|Endless Battle Clause: Forcing endless battles is banned
|rule|Species Clause: Limit one of each Pokémon
|rule|OHKO Clause: OHKO moves are banned
|rule|Evasion Items Clause: Evasion items are banned
|rule|Evasion Moves Clause: Evasion moves are banned
|rule|Evasion Abilities Clause: Evasion abilities are banned
|rule|Sleep Moves Clause: Sleep-inducing moves are banned
|clearpoke
|poke|p1|Milotic, F|
|poke|p1|Kleavor, F|
|poke|p1|Cramorant, F|
|poke|p1|Slowking-Galar, M|
|poke|p1|Sinistcha|
|poke|p1|Dudunsparce-*, F|
|poke|p2|Ogerpon, F|
|poke|p2|Gliscor, M|
|poke|p2|Zamazenta-*|
|poke|p2|Iron Valiant|
|poke|p2|Kingambit, M|
|poke|p2|Primarina, F|
|teampreview
|inactive|Battle timer is ON: inactive players will automatically lose when time's up. (requested by obezer)
|
|t:|1758323259
|teamsize|p1|6
|teamsize|p2|6
|start
|switch|p1a: Kleavor|Kleavor, F|100/100
|switch|p2a: Gliscor|Gliscor, M|100/100
|turn|1
|
|t:|1758323272
|move|p2a: Gliscor|Protect|p2a: Gliscor
|-singleturn|p2a: Gliscor|Protect
|move|p1a: Kleavor|Stone Axe|p2a: Gliscor
|-activate|p2a: Gliscor|move: Protect
|
|-status|p2a: Gliscor|tox|[from] item: Toxic Orb
|upkeep
|turn|2
|
|t:|1758323278
|move|p1a: Kleavor|Stone Axe|p2a: Gliscor
|-damage|p2a: Gliscor|57/100 tox
|-sidestart|p2: chuu05|move: Stealth Rock
|move|p2a: Gliscor|Earthquake|p1a: Kleavor
|-damage|p1a: Kleavor|50/100
|
|-heal|p2a: Gliscor|69/100 tox|[from] ability: Poison Heal
|upkeep
|turn|3
|
|t:|1758323287
|switch|p1a: Cramorant|Cramorant, F|100/100
|move|p2a: Gliscor|U-turn|p1a: Cramorant
|-resisted|p1a: Cramorant
|-damage|p1a: Cramorant|90/100
|
|t:|1758323296
|switch|p2a: Ogerpon|Ogerpon, F|100/100|[from] U-turn
|-damage|p2a: Ogerpon|88/100|[from] Stealth Rock
|
|upkeep
|turn|4
|
|t:|1758323314
|move|p2a: Ogerpon|Ivy Cudgel|p1a: Cramorant
|-damage|p1a: Cramorant|16/100
|move|p1a: Cramorant|Surf|p2a: Ogerpon
|-formechange|p1a: Cramorant|Cramorant-Gorging|
|-resisted|p2a: Ogerpon
|-damage|p2a: Ogerpon|73/100
|
|upkeep
|turn|5
|
|t:|1758323323
|move|p2a: Ogerpon|Ivy Cudgel|p1a: Cramorant
|-damage|p1a: Cramorant|0 fnt
|-damage|p2a: Ogerpon|48/100|[from] ability: Gulp Missile|[of] p1a: Cramorant
|-status|p2a: Ogerpon|par
|-formechange|p1a: Cramorant|Cramorant|
|faint|p1a: Cramorant
|
|upkeep
|
|t:|1758323338
|switch|p1a: Kleavor|Kleavor, F|50/100
|turn|6
|
|t:|1758323351
|move|p1a: Kleavor|U-turn|p2a: Ogerpon
|-supereffective|p2a: Ogerpon
|-damage|p2a: Ogerpon|0 fnt
|faint|p2a: Ogerpon
|
|t:|1758323374
|switch|p1a: Milotic|Milotic, F|100/100|[from] U-turn
|
|upkeep
|
|t:|1758323379
|switch|p2a: Primarina|Primarina, F|100/100
|-damage|p2a: Primarina|88/100|[from] Stealth Rock
|turn|7
|
|t:|1758323389
|switch|p1a: Slowking|Slowking-Galar, M|100/100
|move|p2a: Primarina|Moonblast|p1a: Slowking
|-resisted|p1a: Slowking
|-damage|p1a: Slowking|90/100
|
|upkeep
|turn|8
|
|t:|1758323406
|move|p2a: Primarina|Flip Turn|p1a: Slowking
|-damage|p1a: Slowking|74/100
|
|t:|1758323410
|switch|p2a: Kingambit|Kingambit, M|100/100|[from] Flip Turn
|-damage|p2a: Kingambit|94/100|[from] Stealth Rock
|-activate|p2a: Kingambit|ability: Supreme Overlord
|-start|p2a: Kingambit|fallen1|[silent]
|move|p1a: Slowking|Future Sight|p2a: Kingambit
|-start|p1a: Slowking|move: Future Sight
|
|upkeep
|turn|9
|
|t:|1758323418
|switch|p1a: Milotic|Milotic, F|100/100
|move|p2a: Kingambit|Kowtow Cleave|p1a: Milotic
|-damage|p1a: Milotic|52/100
|-damage|p2a: Kingambit|78/100|[from] item: Rocky Helmet|[of] p1a: Milotic
|
|upkeep
|turn|10
|
|t:|1758323427
|move|p2a: Kingambit|Kowtow Cleave|p1a: Milotic
|-damage|p1a: Milotic|8/100
|-damage|p2a: Kingambit|61/100|[from] item: Rocky Helmet|[of] p1a: Milotic
|move|p1a: Milotic|Dragon Tail|p2a: Kingambit
|-resisted|p2a: Kingambit
|-damage|p2a: Kingambit|58/100
|-end|p2a: Kingambit|fallen1|[silent]
|drag|p2a: Zamazenta|Zamazenta|100/100
|-damage|p2a: Zamazenta|94/100|[from] Stealth Rock
|-ability|p2a: Zamazenta|Dauntless Shield|boost
|-boost|p2a: Zamazenta|def|1
|
|-end|p2a: Zamazenta|move: Future Sight
|-supereffective|p2a: Zamazenta
|-damage|p2a: Zamazenta|18/100
|-heal|p2a: Zamazenta|24/100|[from] item: Leftovers
|upkeep
|turn|11
|
|t:|1758323443
|switch|p1a: Sinistcha|Sinistcha|100/100
|move|p2a: Zamazenta|Crunch|p1a: Sinistcha
|-supereffective|p1a: Sinistcha
|-damage|p1a: Sinistcha|70/100
|
|-heal|p2a: Zamazenta|30/100|[from] item: Leftovers
|upkeep
|turn|12
|
|t:|1758323461
|move|p2a: Zamazenta|Crunch|p1a: Sinistcha
|-supereffective|p1a: Sinistcha
|-damage|p1a: Sinistcha|43/100
|move|p1a: Sinistcha|Strength Sap|p2a: Zamazenta
|-unboost|p2a: Zamazenta|atk|1
|-heal|p1a: Sinistcha|100/100
|
|-heal|p2a: Zamazenta|36/100|[from] item: Leftovers
|upkeep
|turn|13
|
|t:|1758323468
|move|p2a: Zamazenta|Crunch|p1a: Sinistcha
|-supereffective|p1a: Sinistcha
|-damage|p1a: Sinistcha|80/100
|move|p1a: Sinistcha|Matcha Gotcha|p2a: Zamazenta|[miss]
|-miss|p1a: Sinistcha|p2a: Zamazenta
|
|-heal|p2a: Zamazenta|43/100|[from] item: Leftovers
|upkeep
|turn|14
|
|t:|1758323482
|move|p2a: Zamazenta|Crunch|p1a: Sinistcha
|-supereffective|p1a: Sinistcha
|-damage|p1a: Sinistcha|59/100
|move|p1a: Sinistcha|Calm Mind|p1a: Sinistcha
|-boost|p1a: Sinistcha|spa|1
|-boost|p1a: Sinistcha|spd|1
|
|-heal|p2a: Zamazenta|49/100|[from] item: Leftovers
|upkeep
|turn|15
|
|t:|1758323486
|switch|p2a: Gliscor|Gliscor, M|69/100 tox
|-damage|p2a: Gliscor|57/100 tox|[from] Stealth Rock
|move|p1a: Sinistcha|Matcha Gotcha|p2a: Gliscor
|-damage|p2a: Gliscor|0 fnt
|-heal|p1a: Sinistcha|83/100|[from] drain|[of] p2a: Gliscor
|faint|p2a: Gliscor
|
|upkeep
|
|t:|1758323491
|switch|p2a: Kingambit|Kingambit, M|58/100
|-damage|p2a: Kingambit|52/100|[from] Stealth Rock
|-activate|p2a: Kingambit|ability: Supreme Overlord
|-start|p2a: Kingambit|fallen2|[silent]
|turn|16
|
|t:|1758323505
|-terastallize|p1a: Sinistcha|Poison
|move|p1a: Sinistcha|Strength Sap|p2a: Kingambit
|-unboost|p2a: Kingambit|atk|1
|-heal|p1a: Sinistcha|100/100
|move|p2a: Kingambit|Kowtow Cleave|p1a: Sinistcha
|-damage|p1a: Sinistcha|66/100
|
|upkeep
|turn|17
|
|t:|1758323514
|move|p1a: Sinistcha|Matcha Gotcha|p2a: Kingambit
|-resisted|p2a: Kingambit
|-damage|p2a: Kingambit|29/100
|-heal|p1a: Sinistcha|79/100|[from] drain|[of] p2a: Kingambit
|move|p2a: Kingambit|Swords Dance|p2a: Kingambit
|-boost|p2a: Kingambit|atk|2
|
|upkeep
|turn|18
|-message|chuu05 forfeited.
|
|win|obezer
|raw|obezer's rating: 1306 &rarr; <strong>1324</strong><br />(+18 for winning)
|raw|chuu05's rating: 1270 &rarr; <strong>1248</strong><br />(-22 for losing)
|l|☆chuu05
|player|p2|
|l|☆obezer
|player|p1|
