|j|☆frodriguez128
|j|☆AllegianceIs2UrMom
|t:|1758357876
|gametype|singles
|player|p1|frodriguez128|rosa|1480
|player|p2|AllegianceIs2UrMom|102|1550
|gen|9
|tier|[Gen 9] OU
|rated|
|rule|HP Percentage Mod: HP is shown in percentages
|rule|Endless Battle Clause: Forcing endless battles is banned
|rule|Species Clause: Limit one of each Pokémon
|rule|OHKO Clause: OHKO moves are banned
|rule|Evasion Items Clause: Evasion items are banned
|rule|Evasion Moves Clause: Evasion moves are banned
|rule|Evasion Abilities Clause: Evasion abilities are banned
|rule|Sleep Moves Clause: Sleep-inducing moves are banned
|clearpoke
|poke|p1|Pelipper, F|
|poke|p1|Kingdra, F|
|poke|p1|Barraskewda, F|
|poke|p1|Dragonite, M|
|poke|p1|Raging Bolt|
|poke|p1|Iron Treads|
|poke|p2|Metagross|
|poke|p2|Hatterene, F|
|poke|p2|Iron Hands|
|poke|p2|Toedscruel, M|
|poke|p2|Pelipper, M|
|poke|p2|Ursaluna, M|
|teampreview
|inactive|Battle timer is ON: inactive players will automatically lose when time's up. (requested by AllegianceIs2UrMom)
|
|t:|1758357893
|teamsize|p1|6
|teamsize|p2|6
|start
|switch|p1a: Pelipper|Pelipper, F|100/100
|switch|p2a: Iron Hands|Iron Hands|100/100
|-weather|RainDance|[from] ability: Drizzle|[of] p1a: Pelipper
|turn|1
|
|t:|1758357901
|switch|p1a: Iron Treads|Iron Treads|100/100
|-enditem|p1a: Iron Treads|Booster Energy
|-activate|p1a: Iron Treads|ability: Quark Drive|[fromitem]
|-start|p1a: Iron Treads|quarkdrivespe
|move|p2a: Iron Hands|Swords Dance|p2a: Iron Hands
|-boost|p2a: Iron Hands|atk|2
|
|-weather|RainDance|[upkeep]
|upkeep
|turn|2
|
|t:|1758357912
|move|p1a: Iron Treads|Earth Power|p2a: Iron Hands
|-supereffective|p2a: Iron Hands
|-damage|p2a: Iron Hands|44/100
|move|p2a: Iron Hands|Drain Punch|p1a: Iron Treads
|-supereffective|p1a: Iron Treads
|-damage|p1a: Iron Treads|0 fnt
|-heal|p2a: Iron Hands|75/100|[from] drain|[of] p1a: Iron Treads
|faint|p1a: Iron Treads
|-end|p1a: Iron Treads|Quark Drive|[silent]
|
|-weather|RainDance|[upkeep]
|-heal|p2a: Iron Hands|82/100|[from] item: Leftovers
|upkeep
|
|t:|1758357924
|switch|p1a: Kingdra|Kingdra, F|100/100
|turn|3
|
|t:|1758357929
|move|p1a: Kingdra|Weather Ball|p2a: Iron Hands
|-damage|p2a: Iron Hands|0 fnt
|faint|p2a: Iron Hands
|-end|p2a: Iron Hands|Quark Drive|[silent]
|
|-weather|RainDance|[upkeep]
|upkeep
|
|t:|1758357934
|switch|p2a: Toedscruel|Toedscruel, M|100/100
|turn|4
|
|t:|1758357938
|move|p1a: Kingdra|Weather Ball|p2a: Toedscruel
|-crit|p2a: Toedscruel
|-damage|p2a: Toedscruel|3/100
|move|p2a: Toedscruel|Trick Room|p2a: Toedscruel
|-fieldstart|move: Trick Room|[of] p2a: Toedscruel
|
|-weather|RainDance|[upkeep]
|-heal|p2a: Toedscruel|9/100|[from] item: Leftovers
|upkeep
|turn|5
|
|t:|1758357946
|move|p2a: Toedscruel|Giga Drain|p1a: Kingdra
|-damage|p1a: Kingdra|76/100
|-heal|p2a: Toedscruel|19/100|[from] drain|[of] p1a: Kingdra
|move|p1a: Kingdra|Weather Ball|p2a: Toedscruel
|-damage|p2a: Toedscruel|0 fnt
|faint|p2a: Toedscruel
|
|-weather|RainDance|[upkeep]
|upkeep
|
|t:|1758357950
|switch|p2a: Ursaluna|Ursaluna, M|100/100
|turn|6
|
|t:|1758357958
|move|p2a: Ursaluna|Swords Dance|p2a: Ursaluna
|-boost|p2a: Ursaluna|atk|2
|move|p1a: Kingdra|Weather Ball|p2a: Ursaluna
|-supereffective|p2a: Ursaluna
|-damage|p2a: Ursaluna|0 fnt
|faint|p2a: Ursaluna
|
|-weather|RainDance|[upkeep]
|upkeep
|-message|AllegianceIs2UrMom forfeited.
|
|win|frodriguez128
|raw|frodriguez128's rating: 1480 &rarr; <strong>1504</strong><br />(+24 for winning)
|raw|AllegianceIs2UrMom's rating: 1550 &rarr; <strong>1526</strong><br />(-24 for losing)
|l|☆AllegianceIs2UrMom
|player|p2|
|l|☆frodriguez128
|player|p1|
