|j|☆dxBasti
|j|☆bertoskyT
|t:|1758277898
|gametype|singles
|player|p1|dxBasti|n|1425
|player|p2|bertoskyT|ethan|1392
|gen|9
|tier|[Gen 9] OU
|rated|
|rule|HP Percentage Mod: HP is shown in percentages
|rule|Endless Battle Clause: Forcing endless battles is banned
|rule|Species Clause: Limit one of each Pokémon
|rule|OHKO Clause: OHKO moves are banned
|rule|Evasion Items Clause: Evasion items are banned
|rule|Evasion Moves Clause: Evasion moves are banned
|rule|Evasion Abilities Clause: Evasion abilities are banned
|rule|Sleep Moves Clause: Sleep-inducing moves are banned
|clearpoke
|poke|p1|Indeedee, M|
|poke|p1|Hatterene, F|
|poke|p1|Ursaluna, M|
|poke|p1|Iron Hands|
|poke|p1|Hoopa-Unbound|
|poke|p1|Mimikyu, M|
|poke|p2|Dragapult, M|
|poke|p2|Glimmora, M|
|poke|p2|Ogerpon-Wellspring, F|
|poke|p2|Kingambit, M|
|poke|p2|Slowking-Galar, M|
|poke|p2|Forretress, F|
|teampreview
|inactive|Battle timer is ON: inactive players will automatically lose when time's up. (requested by dxBasti)
|
|t:|1758277907
|teamsize|p1|6
|teamsize|p2|6
|start
|switch|p1a: Iron Hands|Iron Hands|100/100
|switch|p2a: Glimmora|Glimmora, M|100/100
|-enditem|p1a: Iron Hands|Booster Energy
|-activate|p1a: Iron Hands|ability: Quark Drive|[fromitem]
|-start|p1a: Iron Hands|quarkdriveatk
|turn|1
|
|t:|1758277911
|move|p2a: Glimmora|Stealth Rock|p1a: Iron Hands
|-sidestart|p1: dxBasti|move: Stealth Rock
|move|p1a: Iron Hands|Heavy Slam|p2a: Glimmora
|-supereffective|p2a: Glimmora
|-enditem|p2a: Glimmora|Focus Sash
|-damage|p2a: Glimmora|1/100
|-activate|p2a: Glimmora|ability: Toxic Debris
|-sidestart|p1: dxBasti|move: Toxic Spikes
|
|upkeep
|turn|2
|
|t:|1758277913
|move|p2a: Glimmora|Earth Power|p1a: Iron Hands
|-supereffective|p1a: Iron Hands
|-damage|p1a: Iron Hands|50/100
|move|p1a: Iron Hands|Ice Punch|p2a: Glimmora
|-damage|p2a: Glimmora|0 fnt
|-activate|p2a: Glimmora|ability: Toxic Debris
|-sidestart|p1: dxBasti|move: Toxic Spikes
|faint|p2a: Glimmora
|
|upkeep
|
|t:|1758277919
|switch|p2a: Dragapult|Dragapult, M|100/100
|turn|3
|
|t:|1758277929
|-terastallize|p2a: Dragapult|Ghost
|move|p2a: Dragapult|Tera Blast|p1a: Iron Hands|[anim] Tera Blast Ghost
|-damage|p1a: Iron Hands|0 fnt
|faint|p1a: Iron Hands
|-end|p1a: Iron Hands|Quark Drive|[silent]
|
|upkeep
|
|t:|1758277935
|switch|p1a: Indeedee|Indeedee, M|100/100
|-damage|p1a: Indeedee|88/100|[from] Stealth Rock
|-status|p1a: Indeedee|tox
|-fieldstart|move: Psychic Terrain|[from] ability: Psychic Surge|[of] p1a: Indeedee
|turn|4
|
|t:|1758277939
|switch|p2a: Kingambit|Kingambit, M|100/100
|-activate|p2a: Kingambit|ability: Supreme Overlord
|-start|p2a: Kingambit|fallen1|[silent]
|switch|p1a: Mimikyu|Mimikyu, M|100/100
|-damage|p1a: Mimikyu|88/100|[from] Stealth Rock
|-status|p1a: Mimikyu|tox
|
|-damage|p1a: Mimikyu|82/100 tox|[from] psn
|upkeep
|turn|5
|
|t:|1758277943
|move|p2a: Kingambit|Iron Head|p1a: Mimikyu
|-activate|p1a: Mimikyu|ability: Disguise
|-damage|p1a: Mimikyu|82/100 tox
|detailschange|p1a: Mimikyu|Mimikyu-Busted, M
|-damage|p1a: Mimikyu|70/100 tox|[from] pokemon: Mimikyu-Busted
|-enditem|p1a: Mimikyu|Red Card|[of] p2a: Kingambit
|-end|p2a: Kingambit|fallen1|[silent]
|drag|p2a: Forretress|Forretress, F|100/100
|cant|p1a: Mimikyu|flinch
|
|-damage|p1a: Mimikyu|58/100 tox|[from] psn
|upkeep
|turn|6
|
|t:|1758277950
|switch|p1a: Ursaluna|Ursaluna, M|100/100
|-damage|p1a: Ursaluna|94/100|[from] Stealth Rock
|-status|p1a: Ursaluna|tox
|move|p2a: Forretress|Gyro Ball|p1a: Ursaluna
|-damage|p1a: Ursaluna|85/100 tox
|
|-damage|p1a: Ursaluna|79/100 tox|[from] psn
|upkeep
|turn|7
|
|t:|1758277957
|move|p1a: Ursaluna|Facade|p2a: Forretress
|-resisted|p2a: Forretress
|-damage|p2a: Forretress|64/100
|move|p2a: Forretress|Body Press|p1a: Ursaluna
|-supereffective|p1a: Ursaluna
|-damage|p1a: Ursaluna|35/100 tox
|
|-damage|p1a: Ursaluna|23/100 tox|[from] psn
|upkeep
|turn|8
|
|t:|1758277960
|move|p1a: Ursaluna|Headlong Rush|p2a: Forretress
|-crit|p2a: Forretress
|-damage|p2a: Forretress|0 fnt
|-unboost|p1a: Ursaluna|def|1
|-unboost|p1a: Ursaluna|spd|1
|faint|p2a: Forretress
|
|-damage|p1a: Ursaluna|4/100 tox|[from] psn
|upkeep
|
|t:|1758277964
|switch|p2a: Dragapult|Dragapult, M, tera:Ghost|100/100
|turn|9
|
|t:|1758277967
|move|p2a: Dragapult|U-turn|p1a: Ursaluna
|-damage|p1a: Ursaluna|0 fnt
|faint|p1a: Ursaluna
|
|t:|1758277980
|switch|p2a: Ogerpon|Ogerpon-Wellspring, F|100/100|[from] U-turn
|
|upkeep
|
|t:|1758277986
|switch|p1a: Mimikyu|Mimikyu-Busted, M|58/100 tox
|-damage|p1a: Mimikyu|45/100 tox|[from] Stealth Rock
|turn|10
|
|t:|1758277992
|move|p2a: Ogerpon|Horn Leech|p1a: Mimikyu
|-damage|p1a: Mimikyu|7/100 tox
|move|p1a: Mimikyu|Destiny Bond|p1a: Mimikyu
|-singlemove|p1a: Mimikyu|Destiny Bond
|
|-damage|p1a: Mimikyu|1/100 tox|[from] psn
|upkeep
|turn|11
|
|t:|1758277998
|move|p2a: Ogerpon|Swords Dance|p2a: Ogerpon
|-boost|p2a: Ogerpon|atk|2
|move|p1a: Mimikyu|Trick Room|p1a: Mimikyu
|-fieldstart|move: Trick Room|[of] p1a: Mimikyu
|
|-damage|p1a: Mimikyu|0 fnt|[from] psn
|faint|p1a: Mimikyu
|-fieldend|move: Psychic Terrain
|upkeep
|
|t:|1758278002
|switch|p1a: Indeedee|Indeedee, M|88/100 tox
|-damage|p1a: Indeedee|76/100 tox|[from] Stealth Rock
|-fieldstart|move: Psychic Terrain|[from] ability: Psychic Surge|[of] p1a: Indeedee
|turn|12
|
|t:|1758278009
|move|p1a: Indeedee|Expanding Force|p2a: Ogerpon
|-damage|p2a: Ogerpon|33/100
|move|p2a: Ogerpon|Knock Off|p1a: Indeedee
|-supereffective|p1a: Indeedee
|-damage|p1a: Indeedee|0 fnt
|-enditem|p1a: Indeedee|Terrain Extender|[from] move: Knock Off|[of] p2a: Ogerpon
|faint|p1a: Indeedee
|
|upkeep
|
|t:|1758278014
|switch|p1a: Hoopa|Hoopa-Unbound|100/100
|-damage|p1a: Hoopa|88/100|[from] Stealth Rock
|-status|p1a: Hoopa|tox
|-enditem|p1a: Hoopa|Psychic Seed
|-boost|p1a: Hoopa|spd|1|[from] item: Psychic Seed
|turn|13
|
|t:|1758278026
|move|p1a: Hoopa|Hyperspace Fury|p2a: Ogerpon
|-damage|p2a: Ogerpon|0 fnt
|-unboost|p1a: Hoopa|def|1
|faint|p2a: Ogerpon
|
|-damage|p1a: Hoopa|82/100 tox|[from] psn
|upkeep
|
|t:|1758278032
|switch|p2a: Kingambit|Kingambit, M|100/100
|-activate|p2a: Kingambit|ability: Supreme Overlord
|-start|p2a: Kingambit|fallen3|[silent]
|turn|14
|
|t:|1758278039
|move|p2a: Kingambit|Kowtow Cleave|p1a: Hoopa
|-damage|p1a: Hoopa|0 fnt
|faint|p1a: Hoopa
|
|upkeep
|
|t:|1758278042
|switch|p1a: Hatterene|Hatterene, F|100/100
|-damage|p1a: Hatterene|88/100|[from] Stealth Rock
|-status|p1a: Hatterene|tox
|turn|15
|
|t:|1758278045
|move|p1a: Hatterene|Mystical Fire|p2a: Kingambit
|-supereffective|p2a: Kingambit
|-damage|p2a: Kingambit|19/100
|-unboost|p2a: Kingambit|spa|1
|-damage|p1a: Hatterene|78/100 tox|[from] item: Life Orb
|move|p2a: Kingambit|Kowtow Cleave|p1a: Hatterene
|-damage|p1a: Hatterene|3/100 tox
|
|-heal|p2a: Kingambit|25/100|[from] item: Leftovers
|-damage|p1a: Hatterene|0 fnt|[from] psn
|faint|p1a: Hatterene
|
|win|bertoskyT
|raw|dxBasti's rating: 1425 &rarr; <strong>1403</strong><br />(-22 for losing)
|raw|bertoskyT's rating: 1392 &rarr; <strong>1414</strong><br />(+22 for winning)
|l|☆dxBasti
|player|p1|
|l|☆bertoskyT
|player|p2|
