|j|☆eYeek
|j|☆Obito 2001
|t:|1758278560
|gametype|singles
|player|p1|eYeek|lillie-masters|1701
|player|p2|Obito 2001|blue-gen3two|1752
|gen|9
|tier|[Gen 9] OU
|rated|
|rule|HP Percentage Mod: HP is shown in percentages
|rule|Endless Battle Clause: Forcing endless battles is banned
|rule|Species Clause: Limit one of each Pokémon
|rule|OHKO Clause: OHKO moves are banned
|rule|Evasion Items Clause: Evasion items are banned
|rule|Evasion Moves Clause: Evasion moves are banned
|rule|Evasion Abilities Clause: Evasion abilities are banned
|rule|Sleep Moves Clause: Sleep-inducing moves are banned
|clearpoke
|poke|p1|Pelipper, F|
|poke|p1|Hatterene, F|
|poke|p1|Iron Treads|
|poke|p1|Toxicroak, F|
|poke|p1|Barraskewda, F|
|poke|p1|Zapdos|
|poke|p2|Ting-Lu|
|poke|p2|Weezing-Galar, F|
|poke|p2|Ogerpon-Wellspring, F|
|poke|p2|Corviknight, M|
|poke|p2|Kyurem|
|poke|p2|Skeledirge, F|
|teampreview
|inactive|Battle timer is ON: inactive players will automatically lose when time's up. (requested by Obito 2001)
|inactive|eYeek also wants the timer to be on.
|inactive|Obito 2001 has 120 seconds left.
|
|t:|1758278598
|teamsize|p1|6
|teamsize|p2|6
|start
|switch|p1a: Pelipper|Pelipper, F|100/100
|switch|p2a: Ban Gliscor ASAP|Kyurem, shiny|100/100
|-ability|p2a: Ban Gliscor ASAP|Pressure
|-weather|RainDance|[from] ability: Drizzle|[of] p1a: Pelipper
|turn|1
|
|t:|1758278609
|switch|p1a: Hatterene|Hatterene, F|100/100
|move|p2a: Ban Gliscor ASAP|Substitute|p2a: Ban Gliscor ASAP
|-start|p2a: Ban Gliscor ASAP|Substitute
|-damage|p2a: Ban Gliscor ASAP|76/100
|
|-weather|RainDance|[upkeep]
|-heal|p2a: Ban Gliscor ASAP|82/100|[from] item: Leftovers
|upkeep
|turn|2
|
|t:|1758278614
|move|p2a: Ban Gliscor ASAP|Freeze-Dry|p1a: Hatterene
|-damage|p1a: Hatterene|62/100
|-enditem|p1a: Hatterene|Eject Button
|
|t:|1758278617
|switch|p1a: Barraskewda|Barraskewda, F|100/100
|
|-weather|RainDance|[upkeep]
|-heal|p2a: Ban Gliscor ASAP|88/100|[from] item: Leftovers
|upkeep
|turn|3
|
|t:|1758278623
|move|p1a: Barraskewda|Flip Turn|p2a: Ban Gliscor ASAP
|-resisted|p2a: Ban Gliscor ASAP
|-end|p2a: Ban Gliscor ASAP|Substitute
|
|t:|1758278635
|switch|p1a: Iron Treads|Iron Treads|100/100|[from] Flip Turn
|move|p2a: Ban Gliscor ASAP|Freeze-Dry|p1a: Iron Treads
|-damage|p1a: Iron Treads|70/100
|
|-weather|RainDance|[upkeep]
|-heal|p2a: Ban Gliscor ASAP|94/100|[from] item: Leftovers
|-heal|p1a: Iron Treads|76/100|[from] item: Leftovers
|upkeep
|turn|4
|
|t:|1758278641
|move|p2a: Ban Gliscor ASAP|Earth Power|p1a: Iron Treads
|-supereffective|p1a: Iron Treads
|-damage|p1a: Iron Treads|25/100
|move|p1a: Iron Treads|Stealth Rock|p2a: Ban Gliscor ASAP
|-sidestart|p2: Obito 2001|move: Stealth Rock
|
|-weather|RainDance|[upkeep]
|-heal|p2a: Ban Gliscor ASAP|99/100|[from] item: Leftovers
|-heal|p1a: Iron Treads|31/100|[from] item: Leftovers
|upkeep
|turn|5
|
|t:|1758278647
|-end|p1a: Iron Treads|Quark Drive|[silent]
|switch|p1a: Hatterene|Hatterene, F|62/100
|move|p2a: Ban Gliscor ASAP|Earth Power|p1a: Hatterene
|-damage|p1a: Hatterene|27/100
|
|-weather|RainDance|[upkeep]
|-heal|p2a: Ban Gliscor ASAP|100/100|[from] item: Leftovers
|upkeep
|turn|6
|
|t:|1758278655
|move|p2a: Ban Gliscor ASAP|Freeze-Dry|p1a: Hatterene
|-damage|p1a: Hatterene|0 fnt
|faint|p1a: Hatterene
|
|-weather|RainDance|[upkeep]
|upkeep
|
|t:|1758278657
|switch|p1a: Barraskewda|Barraskewda, F|100/100
|turn|7
|
|t:|1758278660
|switch|p2a: Ban Dragonite|Corviknight, M|100/100
|-damage|p2a: Ban Dragonite|88/100|[from] Stealth Rock
|-ability|p2a: Ban Dragonite|Pressure
|move|p1a: Barraskewda|Close Combat|p2a: Ban Dragonite
|-damage|p2a: Ban Dragonite|50/100
|-unboost|p1a: Barraskewda|def|1
|-unboost|p1a: Barraskewda|spd|1
|-damage|p1a: Barraskewda|84/100|[from] item: Rocky Helmet|[of] p2a: Ban Dragonite
|
|-weather|RainDance|[upkeep]
|upkeep
|turn|8
|
|t:|1758278664
|switch|p1a: Zapdos|Zapdos|100/100
|move|p2a: Ban Dragonite|Roost|p2a: Ban Dragonite
|-heal|p2a: Ban Dragonite|100/100
|-singleturn|p2a: Ban Dragonite|move: Roost
|
|-weather|none
|upkeep
|turn|9
|
|t:|1758278666
|switch|p1a: Pelipper|Pelipper, F|100/100
|-weather|RainDance|[from] ability: Drizzle|[of] p1a: Pelipper
|switch|p2a: Ban Zamazenta|Ting-Lu|100/100
|-damage|p2a: Ban Zamazenta|94/100|[from] Stealth Rock
|-ability|p2a: Ban Zamazenta|Vessel of Ruin
|
|-weather|RainDance|[upkeep]
|-heal|p2a: Ban Zamazenta|100/100|[from] item: Leftovers
|upkeep
|turn|10
|
|t:|1758278674
|switch|p1a: Iron Treads|Iron Treads|31/100
|move|p2a: Ban Zamazenta|Payback|p1a: Iron Treads
|-damage|p1a: Iron Treads|16/100
|
|-weather|RainDance|[upkeep]
|-heal|p1a: Iron Treads|22/100|[from] item: Leftovers
|upkeep
|turn|11
|j| wgw2333
|
|t:|1758278682
|-end|p1a: Iron Treads|Quark Drive|[silent]
|switch|p1a: Zapdos|Zapdos|100/100
|move|p2a: Ban Zamazenta|Payback|p1a: Zapdos
|-damage|p1a: Zapdos|78/100
|
|-weather|RainDance|[upkeep]
|upkeep
|turn|12
|
|t:|1758278688
|move|p1a: Zapdos|Weather Ball|p2a: Ban Zamazenta
|-supereffective|p2a: Ban Zamazenta
|-damage|p2a: Ban Zamazenta|40/100
|move|p2a: Ban Zamazenta|Payback|p1a: Zapdos
|-damage|p1a: Zapdos|30/100
|
|-weather|RainDance|[upkeep]
|-heal|p2a: Ban Zamazenta|46/100|[from] item: Leftovers
|upkeep
|turn|13
|
|t:|1758278700
|switch|p1a: Toxicroak|Toxicroak, F|100/100
|move|p2a: Ban Zamazenta|Payback|p1a: Toxicroak
|-resisted|p1a: Toxicroak
|-damage|p1a: Toxicroak|92/100
|-damage|p2a: Ban Zamazenta|30/100|[from] item: Rocky Helmet|[of] p1a: Toxicroak
|
|-weather|RainDance|[upkeep]
|-heal|p1a: Toxicroak|100/100|[from] ability: Dry Skin
|-heal|p2a: Ban Zamazenta|36/100|[from] item: Leftovers
|upkeep
|turn|14
|
|t:|1758278708
|move|p1a: Toxicroak|Encore|p2a: Ban Zamazenta
|-start|p2a: Ban Zamazenta|Encore
|move|p2a: Ban Zamazenta|Payback|p1a: Toxicroak
|-resisted|p1a: Toxicroak
|-damage|p1a: Toxicroak|82/100
|-damage|p2a: Ban Zamazenta|20/100|[from] item: Rocky Helmet|[of] p1a: Toxicroak
|
|-weather|RainDance|[upkeep]
|-heal|p1a: Toxicroak|94/100|[from] ability: Dry Skin
|-heal|p2a: Ban Zamazenta|26/100|[from] item: Leftovers
|upkeep
|turn|15
|
|t:|1758278711
|move|p1a: Toxicroak|Knock Off|p2a: Ban Zamazenta
|-resisted|p2a: Ban Zamazenta
|-damage|p2a: Ban Zamazenta|19/100
|-enditem|p2a: Ban Zamazenta|Leftovers|[from] move: Knock Off|[of] p1a: Toxicroak
|move|p2a: Ban Zamazenta|Payback|p1a: Toxicroak
|-resisted|p1a: Toxicroak
|-damage|p1a: Toxicroak|78/100
|-damage|p2a: Ban Zamazenta|3/100|[from] item: Rocky Helmet|[of] p1a: Toxicroak
|
|-weather|RainDance|[upkeep]
|-heal|p1a: Toxicroak|90/100|[from] ability: Dry Skin
|upkeep
|turn|16
|
|t:|1758278714
|move|p1a: Toxicroak|Drain Punch|p2a: Ban Zamazenta
|-supereffective|p2a: Ban Zamazenta
|-damage|p2a: Ban Zamazenta|0 fnt
|-heal|p1a: Toxicroak|92/100|[from] drain|[of] p2a: Ban Zamazenta
|faint|p2a: Ban Zamazenta
|
|-weather|none
|upkeep
|
|t:|1758278718
|switch|p2a: Fk hazard noobs|Weezing-Galar, F|100/100
|-ability|p2a: Fk hazard noobs|Neutralizing Gas
|turn|17
|
|t:|1758278724
|switch|p1a: Pelipper|Pelipper, F|100/100
|move|p2a: Fk hazard noobs|Defog|p1a: Pelipper
|-unboost|p1a: Pelipper|evasion|1
|-sideend|p2: Obito 2001|Stealth Rock|[from] move: Defog|[of] p2a: Fk hazard noobs
|
|upkeep
|turn|18
|c|☆eYeek|oh
|
|t:|1758278732
|move|p2a: Fk hazard noobs|Will-O-Wisp|p1a: Pelipper
|-status|p1a: Pelipper|brn
|move|p1a: Pelipper|U-turn|p2a: Fk hazard noobs
|-resisted|p2a: Fk hazard noobs
|-damage|p2a: Fk hazard noobs|99/100
|
|t:|1758278734
|switch|p1a: Zapdos|Zapdos|30/100|[from] U-turn
|
|upkeep
|turn|19
|
|t:|1758278747
|-end|p2a: Fk hazard noobs|ability: Neutralizing Gas
|switch|p2a: Ban Wogerpon|Skeledirge, F|100/100
|move|p1a: Zapdos|Volt Switch|p2a: Ban Wogerpon
|-damage|p2a: Ban Wogerpon|44/100
|
|t:|1758278749
|switch|p1a: Pelipper|Pelipper, F|100/100 brn|[from] Volt Switch
|-weather|RainDance|[from] ability: Drizzle|[of] p1a: Pelipper
|
|-weather|RainDance|[upkeep]
|-damage|p1a: Pelipper|94/100 brn|[from] brn
|upkeep
|turn|20
|
|t:|1758278752
|move|p2a: Ban Wogerpon|Hex|p1a: Pelipper
|-damage|p1a: Pelipper|49/100 brn
|move|p1a: Pelipper|U-turn|p2a: Ban Wogerpon
|-resisted|p2a: Ban Wogerpon
|-damage|p2a: Ban Wogerpon|43/100
|
|t:|1758278758
|switch|p1a: Zapdos|Zapdos|30/100|[from] U-turn
|
|-weather|RainDance|[upkeep]
|upkeep
|turn|21
|
|t:|1758278763
|move|p1a: Zapdos|Hurricane|p2a: Ban Wogerpon
|-damage|p2a: Ban Wogerpon|0 fnt
|faint|p2a: Ban Wogerpon
|
|-weather|RainDance|[upkeep]
|upkeep
|
|t:|1758278766
|switch|p2a: Ban me|Ogerpon-Wellspring, F|100/100
|turn|22
|
|t:|1758278771
|switch|p2a: Ban Gliscor ASAP|Kyurem, shiny|100/100
|-ability|p2a: Ban Gliscor ASAP|Pressure
|switch|p1a: Toxicroak|Toxicroak, F|92/100
|
|-weather|RainDance|[upkeep]
|-heal|p1a: Toxicroak|100/100|[from] ability: Dry Skin
|upkeep
|turn|23
|
|t:|1758278782
|move|p2a: Ban Gliscor ASAP|Earth Power|p1a: Toxicroak
|-supereffective|p1a: Toxicroak
|-damage|p1a: Toxicroak|15/100
|move|p1a: Toxicroak|Drain Punch|p2a: Ban Gliscor ASAP
|-supereffective|p2a: Ban Gliscor ASAP
|-damage|p2a: Ban Gliscor ASAP|51/100
|-heal|p1a: Toxicroak|43/100|[from] drain|[of] p2a: Ban Gliscor ASAP
|
|-weather|RainDance|[upkeep]
|-heal|p1a: Toxicroak|56/100|[from] ability: Dry Skin
|-heal|p2a: Ban Gliscor ASAP|57/100|[from] item: Leftovers
|upkeep
|turn|24
|
|t:|1758278795
|move|p2a: Ban Gliscor ASAP|Earth Power|p1a: Toxicroak
|-supereffective|p1a: Toxicroak
|-damage|p1a: Toxicroak|0 fnt
|faint|p1a: Toxicroak
|
|-weather|RainDance|[upkeep]
|-heal|p2a: Ban Gliscor ASAP|63/100|[from] item: Leftovers
|upkeep
|
|t:|1758278797
|switch|p1a: Zapdos|Zapdos|30/100
|turn|25
|
|t:|1758278804
|switch|p2a: Fk hazard noobs|Weezing-Galar, F|99/100
|-ability|p2a: Fk hazard noobs|Neutralizing Gas
|move|p1a: Zapdos|Hurricane|p2a: Fk hazard noobs
|-damage|p2a: Fk hazard noobs|0 fnt
|faint|p2a: Fk hazard noobs
|-end|p2a: Fk hazard noobs|ability: Neutralizing Gas
|
|-weather|RainDance|[upkeep]
|upkeep
|
|t:|1758278806
|switch|p2a: Ban me|Ogerpon-Wellspring, F|100/100
|turn|26
|
|t:|1758278808
|switch|p1a: Iron Treads|Iron Treads|22/100
|move|p2a: Ban me|Ivy Cudgel|p1a: Iron Treads|[anim] Ivy Cudgel Water
|-supereffective|p1a: Iron Treads
|-damage|p1a: Iron Treads|0 fnt
|faint|p1a: Iron Treads
|-end|p1a: Iron Treads|Quark Drive|[silent]
|
|-weather|none
|upkeep
|
|t:|1758278810
|switch|p1a: Pelipper|Pelipper, F|49/100 brn
|-weather|RainDance|[from] ability: Drizzle|[of] p1a: Pelipper
|turn|27
|
|t:|1758278815
|move|p2a: Ban me|U-turn|p1a: Pelipper
|-resisted|p1a: Pelipper
|-damage|p1a: Pelipper|34/100 brn
|
|t:|1758278817
|switch|p2a: Ban Gliscor ASAP|Kyurem, shiny|63/100|[from] U-turn
|-ability|p2a: Ban Gliscor ASAP|Pressure
|move|p1a: Pelipper|U-turn|p2a: Ban Gliscor ASAP
|-damage|p2a: Ban Gliscor ASAP|59/100
|
|t:|1758278822
|switch|p1a: Zapdos|Zapdos|30/100|[from] U-turn
|
|-weather|RainDance|[upkeep]
|-heal|p2a: Ban Gliscor ASAP|65/100|[from] item: Leftovers
|upkeep
|turn|28
|
|t:|1758278829
|move|p1a: Zapdos|Hurricane|p2a: Ban Gliscor ASAP
|-damage|p2a: Ban Gliscor ASAP|0 fnt
|faint|p2a: Ban Gliscor ASAP
|
|-weather|RainDance|[upkeep]
|upkeep
|
|t:|1758278830
|switch|p2a: Ban me|Ogerpon-Wellspring, F|100/100
|turn|29
|
|t:|1758278835
|switch|p1a: Pelipper|Pelipper, F|34/100 brn
|move|p2a: Ban me|Ivy Cudgel|p1a: Pelipper|[anim] Ivy Cudgel Water
|-resisted|p1a: Pelipper
|-damage|p1a: Pelipper|0 fnt
|faint|p1a: Pelipper
|
|-weather|RainDance|[upkeep]
|upkeep
|
|t:|1758278836
|switch|p1a: Barraskewda|Barraskewda, F|84/100
|turn|30
|
|t:|1758278840
|switch|p2a: Ban Dragonite|Corviknight, M|100/100
|-ability|p2a: Ban Dragonite|Pressure
|move|p1a: Barraskewda|Close Combat|p2a: Ban Dragonite
|-damage|p2a: Ban Dragonite|59/100
|-unboost|p1a: Barraskewda|def|1
|-unboost|p1a: Barraskewda|spd|1
|-damage|p1a: Barraskewda|68/100|[from] item: Rocky Helmet|[of] p2a: Ban Dragonite
|
|-weather|RainDance|[upkeep]
|upkeep
|turn|31
|
|t:|1758278852
|switch|p1a: Zapdos|Zapdos|30/100
|move|p2a: Ban Dragonite|Roost|p2a: Ban Dragonite
|-heal|p2a: Ban Dragonite|100/100
|-singleturn|p2a: Ban Dragonite|move: Roost
|
|-weather|RainDance|[upkeep]
|upkeep
|turn|32
|
|t:|1758278865
|move|p1a: Zapdos|Thunder|p2a: Ban Dragonite
|-supereffective|p2a: Ban Dragonite
|-damage|p2a: Ban Dragonite|0 fnt
|faint|p2a: Ban Dragonite
|
|-weather|RainDance|[upkeep]
|upkeep
|
|t:|1758278866
|switch|p2a: Ban me|Ogerpon-Wellspring, F|100/100
|turn|33
|
|t:|1758278869
|move|p2a: Ban me|Ivy Cudgel|p1a: Zapdos|[anim] Ivy Cudgel Water
|-damage|p1a: Zapdos|0 fnt
|faint|p1a: Zapdos
|
|-weather|RainDance|[upkeep]
|upkeep
|
|t:|1758278871
|switch|p1a: Barraskewda|Barraskewda, F|68/100
|turn|34
|
|t:|1758278874
|-terastallize|p2a: Ban me|Water
|detailschange|p2a: Ban me|Ogerpon-Wellspring-Tera, F, tera:Water
|-ability|p2a: Ban me|Embody Aspect (Wellspring)|boost
|-boost|p2a: Ban me|spd|1
|move|p1a: Barraskewda|Close Combat|p2a: Ban me
|-damage|p2a: Ban me|17/100
|-unboost|p1a: Barraskewda|def|1
|-unboost|p1a: Barraskewda|spd|1
|move|p2a: Ban me|Ivy Cudgel|p1a: Barraskewda|[anim] Ivy Cudgel Water
|-resisted|p1a: Barraskewda
|-damage|p1a: Barraskewda|0 fnt
|faint|p1a: Barraskewda
|
|win|Obito 2001
|raw|eYeek's rating: 1701 &rarr; <strong>1684</strong><br />(-17 for losing)
|raw|Obito 2001's rating: 1752 &rarr; <strong>1769</strong><br />(+17 for winning)
|l|☆eYeek
|player|p1|
|l|☆Obito 2001
|player|p2|
|l| wgw2333
