|j|☆aj311007
|j|☆Mr.Jolt
|t:|1758288792
|gametype|singles
|player|p1|aj311007|170|1171
|player|p2|Mr.Jolt|veteran|1222
|gen|9
|tier|[Gen 9] OU
|rated|
|rule|HP Percentage Mod: HP is shown in percentages
|rule|Endless Battle Clause: Forcing endless battles is banned
|rule|Species Clause: Limit one of each Pokémon
|rule|OHKO Clause: OHKO moves are banned
|rule|Evasion Items Clause: Evasion items are banned
|rule|Evasion Moves Clause: Evasion moves are banned
|rule|Evasion Abilities Clause: Evasion abilities are banned
|rule|Sleep Moves Clause: Sleep-inducing moves are banned
|clearpoke
|poke|p1|Kingdra, F|
|poke|p1|Gholdengo|
|poke|p1|Great Tusk|
|poke|p1|Fezandipiti, M|
|poke|p1|Mandibuzz, F|
|poke|p1|Dragapult, F|
|poke|p2|Cinccino, F|
|poke|p2|Ninetales-Alola, F|
|poke|p2|Kommo-o, M|
|poke|p2|Gliscor, M|
|poke|p2|Weavile, M|
|poke|p2|Tsareena, F|
|teampreview
|
|t:|1758288813
|teamsize|p1|6
|teamsize|p2|6
|start
|switch|p1a: Gholdengo|Gholdengo|100/100
|switch|p2a: Sharon|Ninetales-Alola, F|100/100
|-weather|Snowscape|[from] ability: Snow Warning|[of] p2a: Sharon
|turn|1
|
|t:|1758288824
|move|p2a: Sharon|Aurora Veil|p2a: Sharon
|-sidestart|p2: Mr.Jolt|move: Aurora Veil
|move|p1a: Gholdengo|Nasty Plot|p1a: Gholdengo
|-boost|p1a: Gholdengo|spa|2
|
|-weather|Snowscape|[upkeep]
|upkeep
|turn|2
|
|t:|1758288838
|switch|p2a: Vampire|Gliscor, M|100/100
|move|p1a: Gholdengo|Make It Rain|p2a: Vampire
|-damage|p2a: Vampire|15/100
|-unboost|p1a: Gholdengo|spa|1
|
|-weather|Snowscape|[upkeep]
|-status|p2a: Vampire|tox|[from] item: Toxic Orb
|upkeep
|turn|3
|
|t:|1758288851
|-terastallize|p1a: Gholdengo|Fairy
|move|p2a: Vampire|Earthquake|p1a: Gholdengo
|-damage|p1a: Gholdengo|60/100
|move|p1a: Gholdengo|Shadow Ball|p2a: Vampire
|-damage|p2a: Vampire|0 fnt
|faint|p2a: Vampire
|
|-weather|Snowscape|[upkeep]
|-heal|p1a: Gholdengo|66/100|[from] item: Leftovers
|upkeep
|
|t:|1758288875
|switch|p2a: Roulade|Cinccino, F, shiny|100/100
|turn|4
|
|t:|1758288884
|move|p2a: Roulade|Tail Slap|p1a: Gholdengo
|-damage|p1a: Gholdengo|56/100
|-damage|p1a: Gholdengo|45/100
|-crit|p1a: Gholdengo
|-damage|p1a: Gholdengo|28/100
|-damage|p1a: Gholdengo|18/100
|-damage|p1a: Gholdengo|8/100
|-hitcount|p1a: Gholdengo|5
|move|p1a: Gholdengo|Make It Rain|p2a: Roulade
|-damage|p2a: Roulade|23/100
|-unboost|p1a: Gholdengo|spa|1
|
|-weather|Snowscape|[upkeep]
|-heal|p1a: Gholdengo|14/100|[from] item: Leftovers
|upkeep
|turn|5
|
|t:|1758288908
|move|p2a: Roulade|Tail Slap|p1a: Gholdengo
|-damage|p1a: Gholdengo|3/100
|-damage|p1a: Gholdengo|0 fnt
|faint|p1a: Gholdengo
|-hitcount|p1: Gholdengo|2
|
|-weather|none
|upkeep
|
|t:|1758288921
|switch|p1a: Mandibuzz|Mandibuzz, F|100/100
|turn|6
|
|t:|1758288934
|switch|p2a: Sharon|Ninetales-Alola, F|100/100
|-weather|Snowscape|[from] ability: Snow Warning|[of] p2a: Sharon
|move|p1a: Mandibuzz|Toxic|p2a: Sharon
|-status|p2a: Sharon|tox
|
|-weather|Snowscape|[upkeep]
|-damage|p2a: Sharon|95/100 tox|[from] psn
|upkeep
|turn|7
|
|t:|1758288945
|switch|p1a: Fezandipiti|Fezandipiti, M|100/100
|move|p2a: Sharon|Blizzard|p1a: Fezandipiti
|-damage|p1a: Fezandipiti|75/100
|
|-weather|Snowscape|[upkeep]
|-heal|p1a: Fezandipiti|81/100|[from] item: Leftovers
|-damage|p2a: Sharon|83/100 tox|[from] psn
|upkeep
|turn|8
|
|t:|1758288967
|move|p2a: Sharon|Blizzard|p1a: Fezandipiti
|-damage|p1a: Fezandipiti|56/100
|move|p1a: Fezandipiti|Poison Jab|p2a: Sharon
|-supereffective|p2a: Sharon
|-damage|p2a: Sharon|55/100 tox
|
|-weather|Snowscape|[upkeep]
|-heal|p1a: Fezandipiti|62/100|[from] item: Leftovers
|-damage|p2a: Sharon|37/100 tox|[from] psn
|-sideend|p2: Mr.Jolt|move: Aurora Veil
|upkeep
|turn|9
|
|t:|1758288980
|move|p2a: Sharon|Blizzard|p1a: Fezandipiti
|-damage|p1a: Fezandipiti|38/100
|-status|p1a: Fezandipiti|frz
|cant|p1a: Fezandipiti|frz
|
|-weather|Snowscape|[upkeep]
|-heal|p1a: Fezandipiti|44/100 frz|[from] item: Leftovers
|-damage|p2a: Sharon|14/100 tox|[from] psn
|upkeep
|turn|10
|
|t:|1758288996
|switch|p2a: Roulade|Cinccino, F, shiny|23/100
|cant|p1a: Fezandipiti|frz
|
|-weather|none
|-heal|p1a: Fezandipiti|50/100 frz|[from] item: Leftovers
|upkeep
|turn|11
|
|t:|1758289006
|move|p2a: Roulade|Rock Blast|p1a: Fezandipiti
|-damage|p1a: Fezandipiti|42/100 frz
|-damage|p1a: Fezandipiti|33/100 frz
|-damage|p1a: Fezandipiti|25/100 frz
|-damage|p1a: Fezandipiti|16/100 frz
|-damage|p1a: Fezandipiti|7/100 frz
|-hitcount|p1a: Fezandipiti|5
|cant|p1a: Fezandipiti|frz
|
|-heal|p1a: Fezandipiti|13/100 frz|[from] item: Leftovers
|upkeep
|turn|12
|
|t:|1758289016
|move|p2a: Roulade|Rock Blast|p1a: Fezandipiti
|-damage|p1a: Fezandipiti|4/100 frz
|-damage|p1a: Fezandipiti|0 fnt
|faint|p1a: Fezandipiti
|-hitcount|p1: Fezandipiti|2
|
|upkeep
|
|t:|1758289027
|switch|p1a: Boobee|Kingdra, F, shiny|100/100
|turn|13
|
|t:|1758289047
|move|p2a: Roulade|Rock Blast|p1a: Boobee|[miss]
|-miss|p2a: Roulade|p1a: Boobee
|move|p1a: Boobee|Scale Shot|p2a: Roulade
|-damage|p2a: Roulade|3/100
|-damage|p2a: Roulade|0 fnt
|faint|p2a: Roulade
|-hitcount|p2: Roulade|2
|-unboost|p1a: Boobee|def|1
|-boost|p1a: Boobee|spe|1
|
|upkeep
|
|t:|1758289064
|switch|p2a: Yekaterin|Tsareena, F, shiny|100/100
|turn|14
|inactive|Battle timer is ON: inactive players will automatically lose when time's up. (requested by Mr.Jolt)
|
|t:|1758289098
|move|p1a: Boobee|Focus Energy|p1a: Boobee
|-start|p1a: Boobee|move: Focus Energy
|move|p2a: Yekaterin|Power Whip|p1a: Boobee|[miss]
|-miss|p2a: Yekaterin|p1a: Boobee
|
|upkeep
|turn|15
|
|t:|1758289109
|move|p1a: Boobee|Scale Shot|p2a: Yekaterin
|-crit|p2a: Yekaterin
|-damage|p2a: Yekaterin|72/100
|-crit|p2a: Yekaterin
|-damage|p2a: Yekaterin|43/100
|-crit|p2a: Yekaterin
|-damage|p2a: Yekaterin|15/100
|-hitcount|p2a: Yekaterin|3
|-unboost|p1a: Boobee|def|1
|-boost|p1a: Boobee|spe|1
|move|p2a: Yekaterin|Power Whip|p1a: Boobee
|-damage|p1a: Boobee|0 fnt
|faint|p1a: Boobee
|
|upkeep
|
|t:|1758289125
|switch|p1a: Dragapult|Dragapult, F|100/100
|turn|16
|
|t:|1758289137
|move|p1a: Dragapult|U-turn|p2a: Yekaterin
|-supereffective|p2a: Yekaterin
|-damage|p2a: Yekaterin|0 fnt
|faint|p2a: Yekaterin
|inactive|aj311007 has 120 seconds left.
|
|t:|1758289179
|switch|p1a: Mandibuzz|Mandibuzz, F|100/100|[from] U-turn
|
|upkeep
|
|t:|1758289183
|switch|p2a: Sharon|Ninetales-Alola, F|14/100 tox
|-weather|Snowscape|[from] ability: Snow Warning|[of] p2a: Sharon
|turn|17
|inactive|aj311007 has 90 seconds left.
|
|t:|1758289216
|move|p2a: Sharon|Aurora Veil|p2a: Sharon
|-sidestart|p2: Mr.Jolt|move: Aurora Veil
|move|p1a: Mandibuzz|U-turn|p2a: Sharon
|-resisted|p2a: Sharon
|-damage|p2a: Sharon|11/100 tox
|inactive|aj311007 has 90 seconds left.
|
|t:|1758289243
|switch|p1a: Dragapult|Dragapult, F|100/100|[from] U-turn
|
|-weather|Snowscape|[upkeep]
|-damage|p2a: Sharon|5/100 tox|[from] psn
|upkeep
|turn|18
|
|t:|1758289252
|move|p1a: Dragapult|Hex|p2a: Sharon
|-damage|p2a: Sharon|0 fnt
|faint|p2a: Sharon
|
|-weather|Snowscape|[upkeep]
|upkeep
|
|t:|1758289258
|switch|p2a: Wily|Weavile, M|100/100
|-ability|p2a: Wily|Pressure
|turn|19
|
|t:|1758289282
|switch|p1a: Mandibuzz|Mandibuzz, F|100/100
|move|p2a: Wily|Icicle Crash|p1a: Mandibuzz
|-supereffective|p1a: Mandibuzz
|-damage|p1a: Mandibuzz|51/100
|
|-weather|Snowscape|[upkeep]
|upkeep
|turn|20
|
|t:|1758289290
|move|p2a: Wily|Icicle Crash|p1a: Mandibuzz
|-supereffective|p1a: Mandibuzz
|-damage|p1a: Mandibuzz|5/100
|move|p1a: Mandibuzz|Roost|p1a: Mandibuzz
|-heal|p1a: Mandibuzz|56/100
|-singleturn|p1a: Mandibuzz|move: Roost
|
|-weather|Snowscape|[upkeep]
|upkeep
|turn|21
|
|t:|1758289302
|move|p2a: Wily|Icicle Crash|p1a: Mandibuzz
|-supereffective|p1a: Mandibuzz
|-damage|p1a: Mandibuzz|12/100
|move|p1a: Mandibuzz|Roost|p1a: Mandibuzz
|-heal|p1a: Mandibuzz|62/100
|-singleturn|p1a: Mandibuzz|move: Roost
|
|-weather|none
|upkeep
|turn|22
|inactive|aj311007 has 90 seconds left.
|inactive|aj311007 has 60 seconds left.
|
|t:|1758289361
|move|p2a: Wily|Icicle Crash|p1a: Mandibuzz
|-supereffective|p1a: Mandibuzz
|-damage|p1a: Mandibuzz|14/100
|move|p1a: Mandibuzz|Roost|p1a: Mandibuzz
|-heal|p1a: Mandibuzz|65/100
|-singleturn|p1a: Mandibuzz|move: Roost
|
|upkeep
|turn|23
|
|t:|1758289368
|move|p2a: Wily|Icicle Crash|p1a: Mandibuzz
|-supereffective|p1a: Mandibuzz
|-damage|p1a: Mandibuzz|19/100
|move|p1a: Mandibuzz|Toxic|p2a: Wily
|-status|p2a: Wily|tox
|
|-damage|p2a: Wily|94/100 tox|[from] psn
|upkeep
|turn|24
|
|t:|1758289376
|move|p2a: Wily|Ice Shard|p1a: Mandibuzz
|-supereffective|p1a: Mandibuzz
|-damage|p1a: Mandibuzz|0 fnt
|faint|p1a: Mandibuzz
|
|-damage|p2a: Wily|82/100 tox|[from] psn
|-sideend|p2: Mr.Jolt|move: Aurora Veil
|upkeep
|
|t:|1758289382
|switch|p1a: Dragapult|Dragapult, F|100/100
|turn|25
|
|t:|1758289386
|move|p2a: Wily|Ice Shard|p1a: Dragapult
|-supereffective|p1a: Dragapult
|-damage|p1a: Dragapult|48/100
|move|p1a: Dragapult|Hex|p2a: Wily
|-resisted|p2a: Wily
|-damage|p2a: Wily|42/100 tox
|
|-damage|p2a: Wily|24/100 tox|[from] psn
|upkeep
|turn|26
|inactive|aj311007 has 60 seconds left.
|
|t:|1758289398
|move|p2a: Wily|Ice Shard|p1a: Dragapult
|-supereffective|p1a: Dragapult
|-damage|p1a: Dragapult|0 fnt
|faint|p1a: Dragapult
|
|-damage|p2a: Wily|0 fnt|[from] psn
|faint|p2a: Wily
|upkeep
|inactive|aj311007 has 60 seconds left.
|
|t:|1758289415
|switch|p1a: Pambady Rajan|Great Tusk|100/100
|switch|p2a: Faul|Kommo-o, M, shiny|100/100
|turn|27
|
|t:|1758289424
|move|p1a: Pambady Rajan|Ice Spinner|p2a: Faul
|-supereffective|p2a: Faul
|-damage|p2a: Faul|47/100
|move|p2a: Faul|Dragon Dance|p2a: Faul
|-boost|p2a: Faul|atk|1
|-boost|p2a: Faul|spe|1
|
|-heal|p2a: Faul|53/100|[from] item: Leftovers
|upkeep
|turn|28
|inactive|aj311007 has 60 seconds left.
|
|t:|1758289431
|move|p2a: Faul|Drain Punch|p1a: Pambady Rajan
|-damage|p1a: Pambady Rajan|65/100
|-heal|p2a: Faul|76/100|[from] drain|[of] p1a: Pambady Rajan
|move|p1a: Pambady Rajan|Ice Spinner|p2a: Faul
|-supereffective|p2a: Faul
|-damage|p2a: Faul|23/100
|
|-heal|p2a: Faul|29/100|[from] item: Leftovers
|upkeep
|turn|29
|
|t:|1758289444
|move|p2a: Faul|Drain Punch|p1a: Pambady Rajan
|-damage|p1a: Pambady Rajan|28/100
|-heal|p2a: Faul|53/100|[from] drain|[of] p1a: Pambady Rajan
|move|p1a: Pambady Rajan|Headlong Rush|p2a: Faul
|-damage|p2a: Faul|0 fnt
|-unboost|p1a: Pambady Rajan|def|1
|-unboost|p1a: Pambady Rajan|spd|1
|faint|p2a: Faul
|
|win|aj311007
|raw|aj311007's rating: 1171 &rarr; <strong>1200</strong><br />(+29 for winning)
|raw|Mr.Jolt's rating: 1222 &rarr; <strong>1193</strong><br />(-29 for losing)
|l|☆Mr.Jolt
|player|p2|
|l|☆aj311007
|player|p1|
