|j|☆Carpe Toadem
|j|‽zoysebas875
|t:|1758274186
|gametype|singles
|player|p1|Carpe Toadem|blue|1385
|player|p2|zoysebas875|169|1335
|gen|9
|tier|[Gen 9] OU
|rated|
|rule|HP Percentage Mod: HP is shown in percentages
|rule|Endless Battle Clause: Forcing endless battles is banned
|rule|Species Clause: Limit one of each Pokémon
|rule|OHKO Clause: OHKO moves are banned
|rule|Evasion Items Clause: Evasion items are banned
|rule|Evasion Moves Clause: Evasion moves are banned
|rule|Evasion Abilities Clause: Evasion abilities are banned
|rule|Sleep Moves Clause: Sleep-inducing moves are banned
|clearpoke
|poke|p1|Ninetales-Alola, M|
|poke|p1|Hippowdon, F|
|poke|p1|Excadrill, M|
|poke|p1|Iron Moth|
|poke|p1|Iron Crown|
|poke|p1|Enamorus, F|
|poke|p2|Pelipper, M|
|poke|p2|Barraskewda, F|
|poke|p2|Zapdos|
|poke|p2|Goodra-Hisui, F|
|poke|p2|Gholdengo|
|poke|p2|Walking Wake|
|teampreview
|inactive|Battle timer is ON: inactive players will automatically lose when time's up. (requested by Carpe Toadem)
|
|t:|1758274197
|teamsize|p1|6
|teamsize|p2|6
|start
|switch|p1a: Enamorus|Enamorus, F|100/100
|switch|p2a: Goodra|Goodra-Hisui, F|100/100
|turn|1
|
|t:|1758274209
|move|p1a: Enamorus|Moonblast|p2a: Goodra
|-damage|p2a: Goodra|70/100
|move|p2a: Goodra|Heavy Slam|p1a: Enamorus
|-supereffective|p1a: Enamorus
|-damage|p1a: Enamorus|0 fnt
|faint|p1a: Enamorus
|
|upkeep
|
|t:|1758274212
|switch|p1a: Hippowdon|Hippowdon, F|100/100
|-weather|Sandstorm|[from] ability: Sand Stream|[of] p1a: Hippowdon
|turn|2
|
|t:|1758274223
|switch|p2a: Pelipper|Pelipper, M|100/100
|-weather|RainDance|[from] ability: Drizzle|[of] p2a: Pelipper
|switch|p1a: Iron Moth|Iron Moth|100/100
|
|-weather|RainDance|[upkeep]
|upkeep
|turn|3
|
|t:|1758274231
|move|p1a: Iron Moth|Sludge Wave|p2a: Pelipper
|-damage|p2a: Pelipper|31/100
|move|p2a: Pelipper|U-turn|p1a: Iron Moth
|-resisted|p1a: Iron Moth
|-damage|p1a: Iron Moth|97/100
|
|t:|1758274236
|switch|p2a: Barraskewda|Barraskewda, F|100/100|[from] U-turn
|
|-weather|RainDance|[upkeep]
|upkeep
|turn|4
|
|t:|1758274240
|-end|p1a: Iron Moth|Quark Drive|[silent]
|switch|p1a: Ninetales|Ninetales-Alola, M|100/100
|-weather|Snowscape|[from] ability: Snow Warning|[of] p1a: Ninetales
|move|p2a: Barraskewda|Flip Turn|p1a: Ninetales
|-damage|p1a: Ninetales|57/100
|
|t:|1758274246
|switch|p2a: Pelipper|Pelipper, M|31/100|[from] Flip Turn
|-weather|RainDance|[from] ability: Drizzle|[of] p2a: Pelipper
|
|-weather|RainDance|[upkeep]
|upkeep
|turn|5
|
|t:|1758274250
|switch|p2a: Goodra|Goodra-Hisui, F|70/100
|move|p1a: Ninetales|Freeze-Dry|p2a: Goodra
|-damage|p2a: Goodra|61/100
|
|-weather|RainDance|[upkeep]
|upkeep
|turn|6
|
|t:|1758274258
|switch|p1a: Hippowdon|Hippowdon, F|100/100
|-weather|Sandstorm|[from] ability: Sand Stream|[of] p1a: Hippowdon
|move|p2a: Goodra|Knock Off|p1a: Hippowdon
|-damage|p1a: Hippowdon|86/100
|-enditem|p1a: Hippowdon|Smooth Rock|[from] move: Knock Off|[of] p2a: Goodra
|
|-weather|Sandstorm|[upkeep]
|upkeep
|turn|7
|inactive|zoysebas875 has 120 seconds left.
|
|t:|1758274311
|switch|p2a: Pelipper|Pelipper, M|31/100
|-weather|RainDance|[from] ability: Drizzle|[of] p2a: Pelipper
|switch|p1a: Iron Crown|Iron Crown|100/100
|
|-weather|RainDance|[upkeep]
|upkeep
|turn|8
|
|t:|1758274323
|-terastallize|p2a: Pelipper|Ground
|move|p1a: Iron Crown|Tachyon Cutter|p2a: Pelipper
|-damage|p2a: Pelipper|0 fnt
|faint|p2a: Pelipper
|-hitcount|p2: Pelipper|1
|
|-weather|RainDance|[upkeep]
|upkeep
|
|t:|1758274331
|switch|p2a: Barraskewda|Barraskewda, F|100/100
|turn|9
|
|t:|1758274337
|-end|p1a: Iron Crown|Quark Drive|[silent]
|switch|p1a: Ninetales|Ninetales-Alola, M|57/100
|-weather|Snowscape|[from] ability: Snow Warning|[of] p1a: Ninetales
|move|p2a: Barraskewda|Liquidation|p1a: Ninetales
|-damage|p1a: Ninetales|0 fnt
|faint|p1a: Ninetales
|
|-weather|Snowscape|[upkeep]
|upkeep
|
|t:|1758274342
|switch|p1a: Iron Crown|Iron Crown|100/100
|turn|10
|
|t:|1758274345
|switch|p2a: Goodra|Goodra-Hisui, F|61/100
|move|p1a: Iron Crown|Future Sight|p2a: Goodra
|-start|p1a: Iron Crown|move: Future Sight
|
|-weather|Snowscape|[upkeep]
|upkeep
|turn|11
|
|t:|1758274349
|move|p1a: Iron Crown|Focus Blast|p2a: Goodra
|-supereffective|p2a: Goodra
|-damage|p2a: Goodra|23/100
|-unboost|p2a: Goodra|spd|1
|move|p2a: Goodra|Knock Off|p1a: Iron Crown
|-supereffective|p1a: Iron Crown
|-damage|p1a: Iron Crown|44/100
|-enditem|p1a: Iron Crown|Assault Vest|[from] move: Knock Off|[of] p2a: Goodra
|
|-weather|Snowscape|[upkeep]
|upkeep
|turn|12
|
|t:|1758274358
|switch|p2a: Gholdengo|Gholdengo|100/100
|-item|p2a: Gholdengo|Air Balloon
|move|p1a: Iron Crown|Volt Switch|p2a: Gholdengo
|-damage|p2a: Gholdengo|75/100
|-enditem|p2a: Gholdengo|Air Balloon
|
|t:|1758274361
|-end|p1a: Iron Crown|Quark Drive|[silent]
|switch|p1a: Iron Moth|Iron Moth|97/100|[from] Volt Switch
|
|-weather|Snowscape|[upkeep]
|-end|p2a: Gholdengo|move: Future Sight
|-resisted|p2a: Gholdengo
|-damage|p2a: Gholdengo|43/100
|upkeep
|turn|13
|
|t:|1758274370
|move|p1a: Iron Moth|Fiery Dance|p2a: Gholdengo
|-supereffective|p2a: Gholdengo
|-damage|p2a: Gholdengo|0 fnt
|faint|p2a: Gholdengo
|
|-weather|none
|upkeep
|
|t:|1758274376
|switch|p2a: Walking Wake|Walking Wake|100/100
|-enditem|p2a: Walking Wake|Booster Energy
|-activate|p2a: Walking Wake|ability: Protosynthesis|[fromitem]
|-start|p2a: Walking Wake|protosynthesisspa
|turn|14
|
|t:|1758274380
|move|p1a: Iron Moth|Dazzling Gleam|p2a: Walking Wake
|-supereffective|p2a: Walking Wake
|-damage|p2a: Walking Wake|26/100
|move|p2a: Walking Wake|Surf|p1a: Iron Moth
|-supereffective|p1a: Iron Moth
|-damage|p1a: Iron Moth|0 fnt
|faint|p1a: Iron Moth
|-end|p1a: Iron Moth|Quark Drive|[silent]
|
|upkeep
|
|t:|1758274383
|switch|p1a: Iron Crown|Iron Crown|44/100
|turn|15
|
|t:|1758274388
|move|p2a: Walking Wake|Surf|p1a: Iron Crown
|-damage|p1a: Iron Crown|0 fnt
|faint|p1a: Iron Crown
|-end|p1a: Iron Crown|Quark Drive|[silent]
|
|upkeep
|
|t:|1758274391
|switch|p1a: Hippowdon|Hippowdon, F|86/100
|-weather|Sandstorm|[from] ability: Sand Stream|[of] p1a: Hippowdon
|turn|16
|
|t:|1758274394
|move|p2a: Walking Wake|Surf|p1a: Hippowdon
|-supereffective|p1a: Hippowdon
|-damage|p1a: Hippowdon|0 fnt
|faint|p1a: Hippowdon
|
|-weather|Sandstorm|[upkeep]
|-damage|p2a: Walking Wake|20/100|[from] Sandstorm
|upkeep
|
|t:|1758274396
|switch|p1a: Excadrill|Excadrill, M|100/100
|-item|p1a: Excadrill|Air Balloon
|turn|17
|
|t:|1758274399
|move|p1a: Excadrill|Earthquake|p2a: Walking Wake
|-damage|p2a: Walking Wake|0 fnt
|faint|p2a: Walking Wake
|-end|p2a: Walking Wake|Protosynthesis|[silent]
|
|-weather|Sandstorm|[upkeep]
|upkeep
|
|t:|1758274402
|switch|p2a: Barraskewda|Barraskewda, F|100/100
|turn|18
|inactive|zoysebas875 has 120 seconds left.
|
|t:|1758274447
|-terastallize|p1a: Excadrill|Ghost
|move|p2a: Barraskewda|Aqua Jet|p1a: Excadrill
|-damage|p1a: Excadrill|56/100
|-enditem|p1a: Excadrill|Air Balloon
|move|p1a: Excadrill|Swords Dance|p1a: Excadrill
|-boost|p1a: Excadrill|atk|2
|
|-weather|Sandstorm|[upkeep]
|-damage|p2a: Barraskewda|94/100|[from] Sandstorm
|upkeep
|turn|19
|
|t:|1758274453
|move|p2a: Barraskewda|Aqua Jet|p1a: Excadrill
|-damage|p1a: Excadrill|10/100
|move|p1a: Excadrill|Earthquake|p2a: Barraskewda
|-damage|p2a: Barraskewda|0 fnt
|faint|p2a: Barraskewda
|
|-weather|Sandstorm|[upkeep]
|upkeep
|
|t:|1758274458
|switch|p2a: Zapdos|Zapdos|100/100
|turn|20
|
|t:|1758274462
|move|p1a: Excadrill|Iron Head|p2a: Zapdos
|-resisted|p2a: Zapdos
|-damage|p2a: Zapdos|54/100
|-status|p1a: Excadrill|par|[from] ability: Static|[of] p2a: Zapdos
|move|p2a: Zapdos|Volt Switch|p1a: Excadrill
|-crit|p1a: Excadrill
|-damage|p1a: Excadrill|0 fnt
|faint|p1a: Excadrill
|
|win|zoysebas875
|raw|Carpe Toadem's rating: 1385 &rarr; <strong>1362</strong><br />(-23 for losing)
|raw|zoysebas875's rating: 1335 &rarr; <strong>1358</strong><br />(+23 for winning)
|c|☆Carpe Toadem|Gg
|l|☆Carpe Toadem
|player|p1|
|l|‽zoysebas875
|player|p2|
