|j|☆Segahay
|j|☆Glonxxu
|t:|1758280815
|gametype|singles
|player|p1|Segahay|102|1547
|player|p2|Glonxxu|dawn-masters2|1590
|gen|9
|tier|[Gen 9] OU
|rated|
|rule|HP Percentage Mod: HP is shown in percentages
|rule|Endless Battle Clause: Forcing endless battles is banned
|rule|Species Clause: Limit one of each Pokémon
|rule|OHKO Clause: OHKO moves are banned
|rule|Evasion Items Clause: Evasion items are banned
|rule|Evasion Moves Clause: Evasion moves are banned
|rule|Evasion Abilities Clause: Evasion abilities are banned
|rule|Sleep Moves Clause: Sleep-inducing moves are banned
|clearpoke
|poke|p1|Rillaboom, M|
|poke|p1|Hawlucha, F|
|poke|p1|Feraligatr, F|
|poke|p1|Slowbro-Galar, F|
|poke|p1|Glimmora, F|
|poke|p1|Mew|
|poke|p2|Ceruledge, M|
|poke|p2|Pecharunt|
|poke|p2|Tyranitar, F|
|poke|p2|Excadrill, M|
|poke|p2|Ting-Lu|
|poke|p2|Raging Bolt|
|teampreview
|inactive|Battle timer is ON: inactive players will automatically lose when time's up. (requested by Segahay)
|
|t:|1758280831
|teamsize|p1|6
|teamsize|p2|6
|start
|switch|p1a: Rillaboom|Rillaboom, M|100/100
|switch|p2a: Raging Bolt|Raging Bolt|100/100
|-fieldstart|move: Grassy Terrain|[from] ability: Grassy Surge|[of] p1a: Rillaboom
|turn|1
|
|t:|1758280851
|move|p1a: Rillaboom|Knock Off|p2a: Raging Bolt
|-damage|p2a: Raging Bolt|73/100
|-enditem|p2a: Raging Bolt|Choice Specs|[from] move: Knock Off|[of] p1a: Rillaboom
|move|p2a: Raging Bolt|Draco Meteor|p1a: Rillaboom
|-damage|p1a: Rillaboom|47/100
|-unboost|p2a: Raging Bolt|spa|2
|
|-heal|p1a: Rillaboom|53/100|[from] Grassy Terrain
|-heal|p2a: Raging Bolt|79/100|[from] Grassy Terrain
|upkeep
|turn|2
|
|t:|1758280867
|-end|p2a: Raging Bolt|Protosynthesis|[silent]
|switch|p2a: Pecharunt|Pecharunt|100/100
|move|p1a: Rillaboom|U-turn|p2a: Pecharunt
|-resisted|p2a: Pecharunt
|-damage|p2a: Pecharunt|98/100
|-damage|p1a: Rillaboom|36/100|[from] item: Rocky Helmet|[of] p2a: Pecharunt
|
|t:|1758280870
|switch|p1a: Slowbro|Slowbro-Galar, F, shiny|100/100|[from] U-turn
|
|-heal|p2a: Pecharunt|100/100|[from] Grassy Terrain
|upkeep
|turn|3
|
|t:|1758280877
|move|p2a: Pecharunt|Parting Shot|p1a: Slowbro
|-unboost|p1a: Slowbro|atk|1
|-unboost|p1a: Slowbro|spa|1
|
|t:|1758280880
|switch|p2a: Ting-Lu|Ting-Lu|100/100|[from] Parting Shot
|-ability|p2a: Ting-Lu|Vessel of Ruin
|move|p1a: Slowbro|Psychic|p2a: Ting-Lu
|-immune|p2a: Ting-Lu
|
|upkeep
|turn|4
|
|t:|1758280889
|switch|p1a: Hawlucha|Hawlucha, F|100/100
|-enditem|p1a: Hawlucha|Grassy Seed
|-boost|p1a: Hawlucha|def|1|[from] item: Grassy Seed
|move|p2a: Ting-Lu|Stealth Rock|p1a: Hawlucha
|-sidestart|p1: Segahay|move: Stealth Rock
|
|upkeep
|turn|5
|
|t:|1758280899
|switch|p2a: Pecharunt|Pecharunt|100/100
|move|p1a: Hawlucha|Swords Dance|p1a: Hawlucha
|-boost|p1a: Hawlucha|atk|2
|
|-fieldend|move: Grassy Terrain
|upkeep
|turn|6
|
|t:|1758280914
|move|p1a: Hawlucha|Acrobatics|p2a: Pecharunt
|-damage|p2a: Pecharunt|51/100
|-damage|p1a: Hawlucha|84/100|[from] item: Rocky Helmet|[of] p2a: Pecharunt
|move|p2a: Pecharunt|Malignant Chain|p1a: Hawlucha
|-damage|p1a: Hawlucha|30/100
|
|upkeep
|turn|7
|
|t:|1758280919
|move|p1a: Hawlucha|Acrobatics|p2a: Pecharunt
|-damage|p2a: Pecharunt|4/100
|-damage|p1a: Hawlucha|14/100|[from] item: Rocky Helmet|[of] p2a: Pecharunt
|move|p2a: Pecharunt|Recover|p2a: Pecharunt
|-heal|p2a: Pecharunt|54/100
|
|upkeep
|turn|8
|
|t:|1758280924
|move|p1a: Hawlucha|Acrobatics|p2a: Pecharunt
|-damage|p2a: Pecharunt|11/100
|-damage|p1a: Hawlucha|0 fnt|[from] item: Rocky Helmet|[of] p2a: Pecharunt
|faint|p1a: Hawlucha
|move|p2a: Pecharunt|Recover|p2a: Pecharunt
|-heal|p2a: Pecharunt|61/100
|
|upkeep
|
|t:|1758280928
|switch|p1a: Glimmora|Glimmora, F|100/100
|-damage|p1a: Glimmora|88/100|[from] Stealth Rock
|turn|9
|
|t:|1758280936
|switch|p2a: Tyranitar|Tyranitar, F|100/100
|-weather|Sandstorm|[from] ability: Sand Stream|[of] p2a: Tyranitar
|move|p1a: Glimmora|Meteor Beam||[still]
|-prepare|p1a: Glimmora|Meteor Beam
|-boost|p1a: Glimmora|spa|1
|-enditem|p1a: Glimmora|Power Herb
|-anim|p1a: Glimmora|Meteor Beam|p2a: Tyranitar
|-damage|p2a: Tyranitar|62/100
|
|-weather|Sandstorm|[upkeep]
|upkeep
|turn|10
|
|t:|1758280942
|move|p1a: Glimmora|Energy Ball|p2a: Tyranitar
|-supereffective|p2a: Tyranitar
|-damage|p2a: Tyranitar|20/100
|move|p2a: Tyranitar|Earth Power|p1a: Glimmora
|-supereffective|p1a: Glimmora
|-damage|p1a: Glimmora|0 fnt
|faint|p1a: Glimmora
|
|-weather|Sandstorm|[upkeep]
|upkeep
|
|t:|1758280947
|switch|p1a: Feraligatr|Feraligatr, F|100/100
|-damage|p1a: Feraligatr|88/100|[from] Stealth Rock
|turn|11
|
|t:|1758280954
|move|p1a: Feraligatr|Dragon Dance|p1a: Feraligatr
|-boost|p1a: Feraligatr|atk|1
|-boost|p1a: Feraligatr|spe|1
|move|p2a: Tyranitar|Dark Pulse|p1a: Feraligatr
|-damage|p1a: Feraligatr|43/100
|
|-weather|Sandstorm|[upkeep]
|-damage|p1a: Feraligatr|37/100|[from] Sandstorm
|upkeep
|turn|12
|
|t:|1758280956
|move|p1a: Feraligatr|Liquidation|p2a: Tyranitar
|-supereffective|p2a: Tyranitar
|-damage|p2a: Tyranitar|0 fnt
|faint|p2a: Tyranitar
|
|-weather|Sandstorm|[upkeep]
|-damage|p1a: Feraligatr|31/100|[from] Sandstorm
|upkeep
|
|t:|1758280959
|switch|p2a: Excadrill|Excadrill, M|100/100
|-item|p2a: Excadrill|Air Balloon
|turn|13
|
|t:|1758280964
|move|p2a: Excadrill|Earthquake|p1a: Feraligatr
|-damage|p1a: Feraligatr|0 fnt
|faint|p1a: Feraligatr
|
|-weather|none
|upkeep
|
|t:|1758280974
|switch|p1a: Mew|Mew|100/100
|-damage|p1a: Mew|88/100|[from] Stealth Rock
|turn|14
|
|t:|1758280979
|switch|p2a: Ting-Lu|Ting-Lu|100/100
|-ability|p2a: Ting-Lu|Vessel of Ruin
|move|p1a: Mew|Agility|p1a: Mew
|-boost|p1a: Mew|spe|2
|
|upkeep
|turn|15
|
|t:|1758280982
|move|p1a: Mew|Agility|p1a: Mew
|-boost|p1a: Mew|spe|2
|move|p2a: Ting-Lu|Whirlwind|p1a: Mew
|drag|p1a: Rillaboom|Rillaboom, M|36/100
|-damage|p1a: Rillaboom|24/100|[from] Stealth Rock
|-fieldstart|move: Grassy Terrain|[from] ability: Grassy Surge|[of] p1a: Rillaboom
|
|-heal|p1a: Rillaboom|30/100|[from] Grassy Terrain
|upkeep
|turn|16
|
|t:|1758280985
|switch|p2a: Pecharunt|Pecharunt|61/100
|move|p1a: Rillaboom|Knock Off|p2a: Pecharunt
|-supereffective|p2a: Pecharunt
|-damage|p2a: Pecharunt|29/100
|-damage|p1a: Rillaboom|13/100|[from] item: Rocky Helmet|[of] p2a: Pecharunt
|-enditem|p2a: Pecharunt|Rocky Helmet|[from] move: Knock Off|[of] p1a: Rillaboom
|
|-heal|p2a: Pecharunt|35/100|[from] Grassy Terrain
|-heal|p1a: Rillaboom|20/100|[from] Grassy Terrain
|upkeep
|turn|17
|
|t:|1758280991
|move|p2a: Pecharunt|Recover|p2a: Pecharunt
|-heal|p2a: Pecharunt|85/100
|move|p1a: Rillaboom|Knock Off|p2a: Pecharunt
|-supereffective|p2a: Pecharunt
|-damage|p2a: Pecharunt|64/100
|
|-heal|p2a: Pecharunt|70/100|[from] Grassy Terrain
|-heal|p1a: Rillaboom|26/100|[from] Grassy Terrain
|upkeep
|turn|18
|
|t:|1758280996
|move|p2a: Pecharunt|Shadow Ball|p1a: Rillaboom
|-damage|p1a: Rillaboom|10/100
|move|p1a: Rillaboom|U-turn|p2a: Pecharunt
|-resisted|p2a: Pecharunt
|-damage|p2a: Pecharunt|67/100
|
|t:|1758280999
|switch|p1a: Mew|Mew|88/100|[from] U-turn
|-damage|p1a: Mew|76/100|[from] Stealth Rock
|
|-heal|p1a: Mew|82/100|[from] Grassy Terrain
|-heal|p2a: Pecharunt|73/100|[from] Grassy Terrain
|upkeep
|turn|19
|
|t:|1758281003
|switch|p2a: Ting-Lu|Ting-Lu|100/100
|-ability|p2a: Ting-Lu|Vessel of Ruin
|move|p1a: Mew|Agility|p1a: Mew
|-boost|p1a: Mew|spe|2
|
|-heal|p1a: Mew|88/100|[from] Grassy Terrain
|-fieldend|move: Grassy Terrain
|upkeep
|turn|20
|
|t:|1758281006
|move|p1a: Mew|Draining Kiss|p2a: Ting-Lu
|-supereffective|p2a: Ting-Lu
|-damage|p2a: Ting-Lu|86/100
|-heal|p1a: Mew|100/100|[from] drain|[of] p2a: Ting-Lu
|move|p2a: Ting-Lu|Whirlwind|p1a: Mew
|drag|p1a: Slowbro|Slowbro-Galar, F, shiny|100/100
|-damage|p1a: Slowbro|88/100|[from] Stealth Rock
|
|-heal|p2a: Ting-Lu|93/100|[from] item: Leftovers
|upkeep
|turn|21
|-activate|p1a: Slowbro|ability: Quick Draw
|
|t:|1758281011
|move|p1a: Slowbro|Ice Beam|p2a: Ting-Lu
|-supereffective|p2a: Ting-Lu
|-damage|p2a: Ting-Lu|71/100
|move|p2a: Ting-Lu|Earthquake|p1a: Slowbro
|-supereffective|p1a: Slowbro
|-damage|p1a: Slowbro|4/100
|
|-heal|p2a: Ting-Lu|77/100|[from] item: Leftovers
|upkeep
|turn|22
|
|t:|1758281021
|move|p1a: Slowbro|Ice Beam|p2a: Ting-Lu
|-supereffective|p2a: Ting-Lu
|-damage|p2a: Ting-Lu|51/100
|-status|p2a: Ting-Lu|frz
|cant|p2a: Ting-Lu|frz
|
|-heal|p2a: Ting-Lu|57/100 frz|[from] item: Leftovers
|upkeep
|turn|23
|
|t:|1758281030
|move|p1a: Slowbro|Ice Beam|p2a: Ting-Lu
|-supereffective|p2a: Ting-Lu
|-damage|p2a: Ting-Lu|35/100 frz
|-curestatus|p2a: Ting-Lu|frz|[msg]
|move|p2a: Ting-Lu|Whirlwind|p1a: Slowbro
|drag|p1a: Mew|Mew|100/100
|-damage|p1a: Mew|88/100|[from] Stealth Rock
|
|-heal|p2a: Ting-Lu|41/100|[from] item: Leftovers
|upkeep
|turn|24
|
|t:|1758281035
|move|p1a: Mew|Draining Kiss|p2a: Ting-Lu
|-supereffective|p2a: Ting-Lu
|-damage|p2a: Ting-Lu|29/100
|-heal|p1a: Mew|100/100|[from] drain|[of] p2a: Ting-Lu
|move|p2a: Ting-Lu|Ruination|p1a: Mew
|-damage|p1a: Mew|50/100
|
|-heal|p2a: Ting-Lu|35/100|[from] item: Leftovers
|upkeep
|turn|25
|
|t:|1758281045
|switch|p2a: Ceruledge|Ceruledge, M|100/100
|-item|p2a: Ceruledge|Air Balloon
|move|p1a: Mew|Draining Kiss|p2a: Ceruledge
|-resisted|p2a: Ceruledge
|-damage|p2a: Ceruledge|92/100
|-heal|p1a: Mew|56/100|[from] drain|[of] p2a: Ceruledge
|-enditem|p2a: Ceruledge|Air Balloon
|
|upkeep
|turn|26
|
|t:|1758281052
|move|p1a: Mew|Agility|p1a: Mew
|-boost|p1a: Mew|spe|2
|move|p2a: Ceruledge|Bitter Blade|p1a: Mew
|-damage|p1a: Mew|19/100
|-heal|p2a: Ceruledge|100/100|[from] drain|[of] p1a: Mew
|
|upkeep
|turn|27
|
|t:|1758281057
|move|p2a: Ceruledge|Shadow Sneak|p1a: Mew
|-supereffective|p1a: Mew
|-damage|p1a: Mew|0 fnt
|faint|p1a: Mew
|
|upkeep
|
|t:|1758281059
|switch|p1a: Rillaboom|Rillaboom, M|10/100
|-damage|p1a: Rillaboom|0 fnt|[from] Stealth Rock
|faint|p1a: Rillaboom
|
|t:|1758281061
|switch|p1a: Slowbro|Slowbro-Galar, F, shiny|4/100
|-damage|p1a: Slowbro|0 fnt|[from] Stealth Rock
|faint|p1a: Slowbro
|
|win|Glonxxu
|raw|Segahay's rating: 1547 &rarr; <strong>1529</strong><br />(-18 for losing)
|raw|Glonxxu's rating: 1590 &rarr; <strong>1608</strong><br />(+18 for winning)
|l|☆Segahay
|player|p1|
