|j|☆TreyB44
|j|☆Blockbuilder50
|t:|1758348802
|gametype|singles
|player|p1|TreyB44|burglar|1227
|player|p2|Blockbuilder50|101|1206
|gen|9
|tier|[Gen 9] OU
|rated|
|rule|HP Percentage Mod: HP is shown in percentages
|rule|Endless Battle Clause: Forcing endless battles is banned
|rule|Species Clause: Limit one of each Pokémon
|rule|OHKO Clause: OHKO moves are banned
|rule|Evasion Items Clause: Evasion items are banned
|rule|Evasion Moves Clause: Evasion moves are banned
|rule|Evasion Abilities Clause: Evasion abilities are banned
|rule|Sleep Moves Clause: Sleep-inducing moves are banned
|clearpoke
|poke|p1|Kyurem|
|poke|p1|Glimmora, M|
|poke|p1|Great Tusk|
|poke|p1|Umbreon, F|
|poke|p1|Pecharunt|
|poke|p1|Slaking, F|
|poke|p2|Glimmora, M|
|poke|p2|Lokix, F|
|poke|p2|Garganacl, F|
|poke|p2|Gholdengo|
|poke|p2|Azelf|
|poke|p2|Slither Wing|
|teampreview
|inactive|Battle timer is ON: inactive players will automatically lose when time's up. (requested by Blockbuilder50)
|
|t:|1758348812
|teamsize|p1|6
|teamsize|p2|6
|start
|switch|p1a: Great Tusk|Great Tusk|100/100
|switch|p2a: Glimmora|Glimmora, M|100/100
|-enditem|p1a: Great Tusk|Booster Energy
|-activate|p1a: Great Tusk|ability: Protosynthesis|[fromitem]
|-start|p1a: Great Tusk|protosynthesisatk
|turn|1
|
|t:|1758348825
|-terastallize|p2a: Glimmora|Ghost
|move|p1a: Great Tusk|Bulk Up|p1a: Great Tusk
|-boost|p1a: Great Tusk|atk|1
|-boost|p1a: Great Tusk|def|1
|move|p2a: Glimmora|Stealth Rock|p1a: Great Tusk
|-sidestart|p1: TreyB44|move: Stealth Rock
|
|upkeep
|turn|2
|
|t:|1758348846
|move|p1a: Great Tusk|Ice Spinner|p2a: Glimmora
|-damage|p2a: Glimmora|35/100
|-activate|p2a: Glimmora|ability: Toxic Debris
|-sidestart|p1: TreyB44|move: Toxic Spikes
|move|p2a: Glimmora|Mortal Spin|p1a: Great Tusk
|-resisted|p1a: Great Tusk
|-damage|p1a: Great Tusk|99/100
|-status|p1a: Great Tusk|psn
|
|-damage|p1a: Great Tusk|86/100 psn|[from] psn
|upkeep
|turn|3
|
|t:|1758348859
|move|p1a: Great Tusk|Ice Spinner|p2a: Glimmora
|-damage|p2a: Glimmora|0 fnt
|-activate|p2a: Glimmora|ability: Toxic Debris
|-sidestart|p1: TreyB44|move: Toxic Spikes
|faint|p2a: Glimmora
|
|-damage|p1a: Great Tusk|74/100 psn|[from] psn
|upkeep
|
|t:|1758348887
|switch|p2a: Azelf|Azelf|100/100
|turn|4
|
|t:|1758348892
|move|p2a: Azelf|Psychic|p1a: Great Tusk
|-supereffective|p1a: Great Tusk
|-damage|p1a: Great Tusk|0 fnt
|faint|p1a: Great Tusk
|-end|p1a: Great Tusk|Protosynthesis|[silent]
|
|upkeep
|
|t:|1758348908
|switch|p1a: Umbreon|Umbreon, F|100/100
|turn|5
|
|t:|1758348922
|switch|p2a: Slither Wing|Slither Wing|100/100
|move|p1a: Umbreon|Toxic|p2a: Slither Wing
|-status|p2a: Slither Wing|tox
|
|-damage|p2a: Slither Wing|94/100 tox|[from] psn
|upkeep
|turn|6
|inactive|TreyB44 has 120 seconds left.
|
|t:|1758348943
|switch|p1a: Pecharunt|Pecharunt|100/100
|-damage|p1a: Pecharunt|88/100|[from] Stealth Rock
|-sideend|p1: TreyB44|move: Toxic Spikes|[of] p1a: Pecharunt
|move|p2a: Slither Wing|U-turn|p1a: Pecharunt
|-resisted|p1a: Pecharunt
|-damage|p1a: Pecharunt|83/100
|-damage|p2a: Slither Wing|78/100 tox|[from] item: Rocky Helmet|[of] p1a: Pecharunt
|
|t:|1758348962
|-end|p2a: Slither Wing|Protosynthesis|[silent]
|switch|p2a: Azelf|Azelf|100/100|[from] U-turn
|
|upkeep
|turn|7
|
|t:|1758348974
|switch|p1a: Umbreon|Umbreon, F|100/100
|move|p2a: Azelf|Psychic|p1a: Umbreon
|-immune|p1a: Umbreon
|
|upkeep
|turn|8
|
|t:|1758348986
|switch|p2a: Slither Wing|Slither Wing|78/100 tox
|move|p1a: Umbreon|Curse|p1a: Umbreon
|-unboost|p1a: Umbreon|spe|1
|-boost|p1a: Umbreon|atk|1
|-boost|p1a: Umbreon|def|1
|
|-damage|p2a: Slither Wing|72/100 tox|[from] psn
|upkeep
|turn|9
|inactive|TreyB44 has 120 seconds left.
|
|t:|1758349004
|switch|p1a: Pecharunt|Pecharunt|83/100
|-damage|p1a: Pecharunt|70/100|[from] Stealth Rock
|move|p2a: Slither Wing|U-turn|p1a: Pecharunt
|-resisted|p1a: Pecharunt
|-damage|p1a: Pecharunt|66/100
|-damage|p2a: Slither Wing|55/100 tox|[from] item: Rocky Helmet|[of] p1a: Pecharunt
|
|t:|1758349018
|-end|p2a: Slither Wing|Protosynthesis|[silent]
|switch|p2a: Azelf|Azelf|100/100|[from] U-turn
|
|upkeep
|turn|10
|
|t:|1758349029
|switch|p1a: Umbreon|Umbreon, F|100/100
|move|p2a: Azelf|Psychic|p1a: Umbreon
|-immune|p1a: Umbreon
|
|upkeep
|turn|11
|
|t:|1758349038
|switch|p2a: Slither Wing|Slither Wing|55/100 tox
|move|p1a: Umbreon|Throat Chop|p2a: Slither Wing
|-resisted|p2a: Slither Wing
|-damage|p2a: Slither Wing|45/100 tox
|-start|p2a: Slither Wing|Throat Chop|[silent]
|
|-damage|p2a: Slither Wing|39/100 tox|[from] psn
|upkeep
|turn|12
|
|t:|1758349055
|switch|p1a: Pecharunt|Pecharunt|66/100
|-damage|p1a: Pecharunt|53/100|[from] Stealth Rock
|move|p2a: Slither Wing|U-turn|p1a: Pecharunt
|-resisted|p1a: Pecharunt
|-crit|p1a: Pecharunt
|-damage|p1a: Pecharunt|46/100
|-damage|p2a: Slither Wing|22/100 tox|[from] item: Rocky Helmet|[of] p1a: Pecharunt
|
|t:|1758349059
|-end|p2a: Slither Wing|Protosynthesis|[silent]
|switch|p2a: Azelf|Azelf|100/100|[from] U-turn
|
|upkeep
|turn|13
|
|t:|1758349067
|move|p2a: Azelf|Psychic|p1a: Pecharunt
|-supereffective|p1a: Pecharunt
|-damage|p1a: Pecharunt|0 fnt
|faint|p1a: Pecharunt
|
|upkeep
|
|t:|1758349072
|switch|p1a: Slaking|Slaking, F, shiny|100/100
|-damage|p1a: Slaking|88/100|[from] Stealth Rock
|turn|14
|
|t:|1758349078
|move|p2a: Azelf|Psychic|p1a: Slaking
|-damage|p1a: Slaking|36/100
|-unboost|p1a: Slaking|spd|1
|move|p1a: Slaking|Knock Off|p2a: Azelf
|-supereffective|p2a: Azelf
|-damage|p2a: Azelf|0 fnt
|-enditem|p2a: Azelf|Expert Belt|[from] move: Knock Off|[of] p1a: Slaking
|faint|p2a: Azelf
|
|upkeep
|
|t:|1758349084
|switch|p2a: Slither Wing|Slither Wing|22/100 tox
|turn|15
|
|t:|1758349092
|switch|p1a: Glimmora|Glimmora, M|100/100
|-damage|p1a: Glimmora|88/100|[from] Stealth Rock
|move|p2a: Slither Wing|U-turn|p1a: Glimmora
|-resisted|p1a: Glimmora
|-damage|p1a: Glimmora|68/100
|
|t:|1758349103
|-end|p2a: Slither Wing|Protosynthesis|[silent]
|switch|p2a: Lokix|Lokix, F|100/100|[from] U-turn
|
|-heal|p1a: Glimmora|75/100|[from] item: Leftovers
|upkeep
|turn|16
|
|t:|1758349112
|move|p2a: Lokix|First Impression|p1a: Glimmora
|-resisted|p1a: Glimmora
|-damage|p1a: Glimmora|28/100
|move|p1a: Glimmora|Acid Armor|p1a: Glimmora
|-boost|p1a: Glimmora|def|2
|
|-heal|p1a: Glimmora|35/100|[from] item: Leftovers
|upkeep
|turn|17
|
|t:|1758349129
|switch|p2a: Slither Wing|Slither Wing|22/100 tox
|move|p1a: Glimmora|Spiky Shield||[still]
|-fail|p1a: Glimmora
|
|-heal|p1a: Glimmora|41/100|[from] item: Leftovers
|-damage|p2a: Slither Wing|16/100 tox|[from] psn
|upkeep
|turn|18
|
|t:|1758349138
|move|p1a: Glimmora|Spiky Shield|p1a: Glimmora
|-singleturn|p1a: Glimmora|move: Protect
|move|p2a: Slither Wing|Close Combat|p1a: Glimmora
|-activate|p1a: Glimmora|move: Protect
|-damage|p2a: Slither Wing|4/100 tox|[from] Spiky Shield|[of] p1a: Glimmora
|
|-heal|p1a: Glimmora|47/100|[from] item: Leftovers
|-damage|p2a: Slither Wing|0 fnt|[from] psn
|faint|p2a: Slither Wing
|-end|p2a: Slither Wing|Protosynthesis|[silent]
|upkeep
|
|t:|1758349142
|switch|p2a: Gholdengo|Gholdengo|100/100
|-item|p2a: Gholdengo|Air Balloon
|turn|19
|
|t:|1758349153
|move|p2a: Gholdengo|Make It Rain|p1a: Glimmora
|-supereffective|p1a: Glimmora
|-damage|p1a: Glimmora|0 fnt
|-unboost|p2a: Gholdengo|spa|1
|faint|p1a: Glimmora
|
|upkeep
|inactive|TreyB44 has 120 seconds left.
|
|t:|1758349182
|switch|p1a: Umbreon|Umbreon, F|100/100
|turn|20
|
|t:|1758349195
|move|p2a: Gholdengo|Thunder Wave|p1a: Umbreon
|-status|p1a: Umbreon|par
|-activate|p1a: Umbreon|ability: Synchronize
|-status|p2a: Gholdengo|par
|cant|p1a: Umbreon|par
|
|upkeep
|turn|21
|
|t:|1758349203
|switch|p2a: Lokix|Lokix, F|100/100
|cant|p1a: Umbreon|par
|
|upkeep
|turn|22
|
|t:|1758349214
|-terastallize|p1a: Umbreon|Poison
|move|p2a: Lokix|U-turn|p1a: Umbreon
|-resisted|p1a: Umbreon
|-damage|p1a: Umbreon|74/100 par
|
|t:|1758349222
|switch|p2a: Garganacl|Garganacl, F|100/100|[from] U-turn
|move|p1a: Umbreon|Curse|p1a: Umbreon
|-unboost|p1a: Umbreon|spe|1
|-boost|p1a: Umbreon|atk|1
|-boost|p1a: Umbreon|def|1
|
|upkeep
|turn|23
|
|t:|1758349238
|move|p2a: Garganacl|Curse|p2a: Garganacl
|-unboost|p2a: Garganacl|spe|1
|-boost|p2a: Garganacl|atk|1
|-boost|p2a: Garganacl|def|1
|move|p1a: Umbreon|Throat Chop|p2a: Garganacl
|-damage|p2a: Garganacl|89/100
|-start|p2a: Garganacl|Throat Chop|[silent]
|
|-heal|p2a: Garganacl|95/100|[from] item: Leftovers
|upkeep
|turn|24
|
|t:|1758349256
|switch|p1a: Kyurem|Kyurem|100/100
|-ability|p1a: Kyurem|Pressure
|move|p2a: Garganacl|Curse|p2a: Garganacl
|-unboost|p2a: Garganacl|spe|1
|-boost|p2a: Garganacl|atk|1
|-boost|p2a: Garganacl|def|1
|
|-heal|p2a: Garganacl|100/100|[from] item: Leftovers
|-end|p2a: Garganacl|Throat Chop|[silent]
|upkeep
|turn|25
|
|t:|1758349267
|move|p1a: Kyurem|Earth Power|p2a: Garganacl
|-supereffective|p2a: Garganacl
|-damage|p2a: Garganacl|66/100
|move|p2a: Garganacl|Salt Cure|p1a: Kyurem
|-supereffective|p1a: Kyurem
|-damage|p1a: Kyurem|45/100
|-start|p1a: Kyurem|Salt Cure
|
|-heal|p2a: Garganacl|73/100|[from] item: Leftovers
|-damage|p1a: Kyurem|33/100|[from] Salt Cure
|upkeep
|turn|26
|
|t:|1758349278
|move|p1a: Kyurem|Earth Power|p2a: Garganacl
|-supereffective|p2a: Garganacl
|-damage|p2a: Garganacl|39/100
|move|p2a: Garganacl|Recover|p2a: Garganacl
|-heal|p2a: Garganacl|89/100
|
|-heal|p2a: Garganacl|95/100|[from] item: Leftovers
|-damage|p1a: Kyurem|21/100|[from] Salt Cure
|upkeep
|turn|27
|inactive|TreyB44 has 120 seconds left.
|
|t:|1758349302
|move|p1a: Kyurem|Earth Power|p2a: Garganacl
|-supereffective|p2a: Garganacl
|-damage|p2a: Garganacl|56/100
|move|p2a: Garganacl|Salt Cure|p1a: Kyurem
|-supereffective|p1a: Kyurem
|-damage|p1a: Kyurem|0 fnt
|faint|p1a: Kyurem
|
|-heal|p2a: Garganacl|63/100|[from] item: Leftovers
|upkeep
|inactive|TreyB44 has 120 seconds left.
|
|t:|1758349313
|switch|p1a: Slaking|Slaking, F, shiny|36/100
|-damage|p1a: Slaking|23/100|[from] Stealth Rock
|turn|28
|inactive|TreyB44 has 120 seconds left.
|
|t:|1758349322
|move|p1a: Slaking|Earthquake|p2a: Garganacl
|-supereffective|p2a: Garganacl
|-damage|p2a: Garganacl|25/100
|move|p2a: Garganacl|Salt Cure|p1a: Slaking
|-damage|p1a: Slaking|1/100
|-start|p1a: Slaking|Salt Cure
|
|-heal|p2a: Garganacl|32/100|[from] item: Leftovers
|-damage|p1a: Slaking|0 fnt|[from] Salt Cure
|faint|p1a: Slaking
|upkeep
|-message|TreyB44 forfeited.
|
|win|Blockbuilder50
|raw|TreyB44's rating: 1227 &rarr; <strong>1200</strong><br />(-27 for losing)
|raw|Blockbuilder50's rating: 1206 &rarr; <strong>1233</strong><br />(+27 for winning)
|l|☆TreyB44
|player|p1|
|l|☆Blockbuilder50
|player|p2|
