|j|☆Fucuru
|j|☆Kanto's Finest
|t:|1758291961
|gametype|singles
|player|p1|Fucuru|2|1141
|player|p2|Kanto's Finest|archer|1170
|gen|9
|tier|[Gen 9] OU
|rated|
|rule|HP Percentage Mod: HP is shown in percentages
|rule|Endless Battle Clause: Forcing endless battles is banned
|rule|Species Clause: Limit one of each Pokémon
|rule|OHKO Clause: OHKO moves are banned
|rule|Evasion Items Clause: Evasion items are banned
|rule|Evasion Moves Clause: Evasion moves are banned
|rule|Evasion Abilities Clause: Evasion abilities are banned
|rule|Sleep Moves Clause: Sleep-inducing moves are banned
|clearpoke
|poke|p1|Milotic, F|
|poke|p1|Slowking-Galar, M|
|poke|p1|Haxorus, M|
|poke|p1|Cinderace, F|
|poke|p1|Bellibolt, M|
|poke|p1|Enamorus, F|
|poke|p2|Vileplume, F|
|poke|p2|Primeape, F|
|poke|p2|Electrode|
|poke|p2|Dragonite, M|
|poke|p2|Hitmonlee, M|
|poke|p2|Cloyster, F|
|teampreview
|
|t:|1758291968
|teamsize|p1|6
|teamsize|p2|6
|start
|switch|p1a: Milotic|Milotic, F|100/100
|switch|p2a: Cloyster|Cloyster, F|100/100
|turn|1
|
|t:|1758291974
|move|p2a: Cloyster|Shell Smash|p2a: Cloyster
|-unboost|p2a: Cloyster|def|1
|-unboost|p2a: Cloyster|spd|1
|-boost|p2a: Cloyster|atk|2
|-boost|p2a: Cloyster|spa|2
|-boost|p2a: Cloyster|spe|2
|move|p1a: Milotic|Scald|p2a: Cloyster
|-resisted|p2a: Cloyster
|-damage|p2a: Cloyster|45/100
|
|-status|p1a: Milotic|brn|[from] item: Flame Orb
|upkeep
|turn|2
|
|t:|1758291988
|move|p2a: Cloyster|Rock Blast|p1a: Milotic
|-damage|p1a: Milotic|94/100 brn
|-damage|p1a: Milotic|87/100 brn
|-damage|p1a: Milotic|79/100 brn
|-damage|p1a: Milotic|73/100 brn
|-damage|p1a: Milotic|66/100 brn
|-hitcount|p1a: Milotic|5
|move|p1a: Milotic|Scald|p2a: Cloyster
|-resisted|p2a: Cloyster
|-damage|p2a: Cloyster|0 fnt
|faint|p2a: Cloyster
|
|-damage|p1a: Milotic|60/100 brn|[from] brn
|upkeep
|l|☆Kanto's Finest
|player|p2|
|j|☆Kanto's Finest
|player|p2|Kanto's Finest|archer|
|
|t:|1758292027
|switch|p2a: Electrode|Electrode, shiny|100/100
|turn|3
|inactive|Battle timer is ON: inactive players will automatically lose when time's up. (requested by Fucuru)
|
|t:|1758292031
|move|p2a: Electrode|Charge Beam|p1a: Milotic
|-supereffective|p1a: Milotic
|-damage|p1a: Milotic|31/100 brn
|-boost|p2a: Electrode|spa|1
|move|p1a: Milotic|Recover|p1a: Milotic
|-heal|p1a: Milotic|81/100 brn
|
|-damage|p1a: Milotic|75/100 brn|[from] brn
|upkeep
|turn|4
|
|t:|1758292037
|move|p2a: Electrode|Charge Beam|p1a: Milotic
|-supereffective|p1a: Milotic
|-damage|p1a: Milotic|32/100 brn
|-boost|p2a: Electrode|spa|1
|move|p1a: Milotic|Scald|p2a: Electrode
|-damage|p2a: Electrode|54/100
|
|-damage|p1a: Milotic|26/100 brn|[from] brn
|upkeep
|turn|5
|
|t:|1758292046
|move|p2a: Electrode|Charge Beam|p1a: Milotic
|-supereffective|p1a: Milotic
|-damage|p1a: Milotic|0 fnt
|-boost|p2a: Electrode|spa|1
|faint|p1a: Milotic
|
|upkeep
|
|t:|1758292051
|switch|p1a: Enamorus|Enamorus, F|100/100
|turn|6
|
|t:|1758292056
|move|p1a: Enamorus|Earth Power|p2a: Electrode
|-supereffective|p2a: Electrode
|-damage|p2a: Electrode|0 fnt
|faint|p2a: Electrode
|
|upkeep
|
|t:|1758292060
|switch|p2a: Dragonite|Dragonite, M|100/100
|turn|7
|
|t:|1758292073
|switch|p1a: Bellibolt|Bellibolt, M, shiny|100/100
|move|p2a: Dragonite|Dragon Dance|p2a: Dragonite
|-boost|p2a: Dragonite|atk|1
|-boost|p2a: Dragonite|spe|1
|
|upkeep
|turn|8
|
|t:|1758292077
|move|p2a: Dragonite|Dragon Dance|p2a: Dragonite
|-boost|p2a: Dragonite|atk|1
|-boost|p2a: Dragonite|spe|1
|move|p1a: Bellibolt|Parabolic Charge|p2a: Dragonite
|-damage|p2a: Dragonite|84/100
|
|upkeep
|turn|9
|
|t:|1758292084
|move|p2a: Dragonite|Dragon Dance|p2a: Dragonite
|-boost|p2a: Dragonite|atk|1
|-boost|p2a: Dragonite|spe|1
|move|p1a: Bellibolt|Parabolic Charge|p2a: Dragonite
|-damage|p2a: Dragonite|52/100
|
|upkeep
|turn|10
|
|t:|1758292089
|move|p2a: Dragonite|Dragon Dance|p2a: Dragonite
|-boost|p2a: Dragonite|atk|1
|-boost|p2a: Dragonite|spe|1
|move|p1a: Bellibolt|Parabolic Charge|p2a: Dragonite
|-damage|p2a: Dragonite|19/100
|
|upkeep
|turn|11
|
|t:|1758292092
|move|p2a: Dragonite|Scale Shot|p1a: Bellibolt
|-damage|p1a: Bellibolt|63/100
|-start|p1a: Bellibolt|Charge|Scale Shot|[from] ability: Electromorphosis
|-damage|p1a: Bellibolt|25/100
|-start|p1a: Bellibolt|Charge|Scale Shot|[from] ability: Electromorphosis
|-damage|p1a: Bellibolt|0 fnt
|faint|p1a: Bellibolt
|-hitcount|p1: Bellibolt|3
|-unboost|p2a: Dragonite|def|1
|-boost|p2a: Dragonite|spe|1
|
|upkeep
|
|t:|1758292107
|switch|p1a: Enamorus|Enamorus, F|100/100
|turn|12
|
|t:|1758292110
|move|p2a: Dragonite|Fire Punch|p1a: Enamorus
|-damage|p1a: Enamorus|0 fnt
|faint|p1a: Enamorus
|
|upkeep
|
|t:|1758292113
|switch|p1a: Slowking|Slowking-Galar, M|100/100
|turn|13
|
|t:|1758292119
|move|p2a: Dragonite|Scale Shot|p1a: Slowking
|-damage|p1a: Slowking|52/100
|-damage|p1a: Slowking|7/100
|-damage|p1a: Slowking|0 fnt
|faint|p1a: Slowking
|-hitcount|p1: Slowking|3
|-unboost|p2a: Dragonite|def|1
|-boost|p2a: Dragonite|spe|1
|
|upkeep
|-message|Fucuru forfeited.
|
|win|Kanto's Finest
|raw|Fucuru's rating: 1141 &rarr; <strong>1118</strong><br />(-23 for losing)
|raw|Kanto&apos;s Finest's rating: 1170 &rarr; <strong>1193</strong><br />(+23 for winning)
|l|☆Fucuru
|player|p1|
|l|☆Kanto's Finest
|player|p2|
