|badge|p2|bronze|gen9monotype|100-6
|badge|p2|bronze|gen9ru|100-6
|uhtml|medal-msg|<div class="broadcast-blue">Curious what those medals under the avatar are? PS now has Ladder Seasons! For more information, check out the <a href="https://www.smogon.com/forums/threads/3740067/">thread on Smogon.</a></div>
|j|‽myree
|j|☆domingo a noite
|t:|1758313301
|gametype|singles
|player|p1|myree|benga|1549
|player|p2|domingo a noite|miku-ice|1719
|gen|9
|tier|[Gen 9] OU
|rated|
|rule|HP Percentage Mod: HP is shown in percentages
|rule|Endless Battle Clause: Forcing endless battles is banned
|rule|Species Clause: Limit one of each Pokémon
|rule|OHKO Clause: OHKO moves are banned
|rule|Evasion Items Clause: Evasion items are banned
|rule|Evasion Moves Clause: Evasion moves are banned
|rule|Evasion Abilities Clause: Evasion abilities are banned
|rule|Sleep Moves Clause: Sleep-inducing moves are banned
|clearpoke
|poke|p1|Fezandipiti, M|
|poke|p1|Iron Crown|
|poke|p1|Iron Boulder|
|poke|p1|Iron Hands|
|poke|p1|Samurott-Hisui, M|
|poke|p1|Enamorus-Therian, F|
|poke|p2|Araquanid, M|
|poke|p2|Iron Treads|
|poke|p2|Kingambit, F|
|poke|p2|Enamorus, F|
|poke|p2|Iron Valiant|
|poke|p2|Iron Moth|
|teampreview
|
|t:|1758313306
|teamsize|p1|6
|teamsize|p2|6
|start
|switch|p1a: Samurott|Samurott-Hisui, M|100/100
|switch|p2a: Yoshimi|Enamorus, F|100/100
|turn|1
|
|t:|1758313314
|switch|p1a: Fezandipiti|Fezandipiti, M|100/100
|-item|p1a: Fezandipiti|Air Balloon
|move|p2a: Yoshimi|Moonblast|p1a: Fezandipiti
|-resisted|p1a: Fezandipiti
|-damage|p1a: Fezandipiti|65/100
|-enditem|p1a: Fezandipiti|Air Balloon
|
|upkeep
|turn|2
|
|t:|1758313324
|switch|p2a: Beaches|Araquanid, M|100/100
|move|p1a: Fezandipiti|Heat Wave|p2a: Beaches
|-damage|p2a: Beaches|92/100
|-status|p2a: Beaches|tox|[from] ability: Toxic Chain|[of] p1a: Fezandipiti
|
|-damage|p2a: Beaches|86/100 tox|[from] psn
|upkeep
|turn|3
|
|t:|1758313335
|move|p1a: Fezandipiti|Moonblast|p2a: Beaches
|-damage|p2a: Beaches|59/100 tox
|-unboost|p2a: Beaches|spa|1
|move|p2a: Beaches|Sticky Web|p1a: Fezandipiti
|-sidestart|p1: myree|move: Sticky Web
|
|-damage|p2a: Beaches|46/100 tox|[from] psn
|upkeep
|turn|4
|
|t:|1758313344
|switch|p2a: 10:36|Iron Treads|100/100
|-enditem|p2a: 10:36|Booster Energy
|-activate|p2a: 10:36|ability: Quark Drive|[fromitem]
|-start|p2a: 10:36|quarkdrivespe
|move|p1a: Fezandipiti|Roost|p1a: Fezandipiti
|-heal|p1a: Fezandipiti|100/100
|-singleturn|p1a: Fezandipiti|move: Roost
|
|upkeep
|turn|5
|
|t:|1758313352
|switch|p1a: Enamorus|Enamorus-Therian, F|100/100
|move|p2a: 10:36|Steel Beam|p1a: Enamorus
|-supereffective|p1a: Enamorus
|-damage|p1a: Enamorus|12/100
|-damage|p2a: 10:36|50/100|[from] steelbeam
|
|upkeep
|turn|6
|
|t:|1758313365
|move|p2a: 10:36|Stealth Rock|p1a: Enamorus
|-sidestart|p1: myree|move: Stealth Rock
|move|p1a: Enamorus|Earth Power|p2a: 10:36
|-supereffective|p2a: 10:36
|-damage|p2a: 10:36|0 fnt
|faint|p2a: 10:36
|-end|p2a: 10:36|Quark Drive|[silent]
|
|upkeep
|
|t:|1758313367
|switch|p2a: Magdalene|Iron Moth|100/100
|-enditem|p2a: Magdalene|Booster Energy
|-activate|p2a: Magdalene|ability: Quark Drive|[fromitem]
|-start|p2a: Magdalene|quarkdrivespa
|turn|7
|
|t:|1758313372
|move|p2a: Magdalene|Fiery Dance|p1a: Enamorus
|-damage|p1a: Enamorus|0 fnt
|faint|p1a: Enamorus
|
|upkeep
|
|t:|1758313374
|switch|p1a: Samurott|Samurott-Hisui, M|100/100
|-activate|p1a: Samurott|move: Sticky Web
|-unboost|p1a: Samurott|spe|1
|-damage|p1a: Samurott|88/100|[from] Stealth Rock
|turn|8
|
|t:|1758313377
|move|p2a: Magdalene|Energy Ball|p1a: Samurott
|-supereffective|p1a: Samurott
|-damage|p1a: Samurott|17/100
|move|p1a: Samurott|Ceaseless Edge|p2a: Magdalene|[miss]
|-miss|p1a: Samurott|p2a: Magdalene
|
|upkeep
|turn|9
|
|t:|1758313398
|move|p1a: Samurott|Sucker Punch|p2a: Magdalene
|-damage|p2a: Magdalene|45/100
|move|p2a: Magdalene|Fiery Dance|p1a: Samurott
|-resisted|p1a: Samurott
|-damage|p1a: Samurott|0 fnt
|faint|p1a: Samurott
|
|upkeep
|
|t:|1758313401
|switch|p1a: Iron Boulder|Iron Boulder|100/100
|turn|10
|
|t:|1758313407
|move|p1a: Iron Boulder|Mighty Cleave|p2a: Magdalene
|-supereffective|p2a: Magdalene
|-damage|p2a: Magdalene|0 fnt
|faint|p2a: Magdalene
|-end|p2a: Magdalene|Quark Drive|[silent]
|
|upkeep
|
|t:|1758313418
|switch|p2a: Forest|Iron Valiant|100/100
|-enditem|p2a: Forest|Booster Energy
|-activate|p2a: Forest|ability: Quark Drive|[fromitem]
|-start|p2a: Forest|quarkdrivespa
|turn|11
|
|t:|1758313432
|-end|p1a: Iron Boulder|Quark Drive|[silent]
|switch|p1a: Fezandipiti|Fezandipiti, M|100/100
|-activate|p1a: Fezandipiti|move: Sticky Web
|-unboost|p1a: Fezandipiti|spe|1
|-damage|p1a: Fezandipiti|88/100|[from] Stealth Rock
|-terastallize|p2a: Forest|Ghost
|move|p2a: Forest|Shadow Ball|p1a: Fezandipiti
|-damage|p1a: Fezandipiti|40/100
|
|upkeep
|turn|12
|
|t:|1758313444
|move|p2a: Forest|Shadow Ball|p1a: Fezandipiti
|-damage|p1a: Fezandipiti|0 fnt
|faint|p1a: Fezandipiti
|
|upkeep
|
|t:|1758313446
|switch|p1a: Iron Boulder|Iron Boulder|100/100
|turn|13
|
|t:|1758313467
|-terastallize|p1a: Iron Boulder|Dark
|move|p1a: Iron Boulder|Zen Headbutt|p2a: Forest
|-damage|p2a: Forest|51/100
|move|p2a: Forest|Shadow Ball|p1a: Iron Boulder
|-resisted|p1a: Iron Boulder
|-damage|p1a: Iron Boulder|75/100
|-unboost|p1a: Iron Boulder|spd|1
|
|upkeep
|turn|14
|
|t:|1758313477
|move|p2a: Forest|Vacuum Wave|p1a: Iron Boulder
|-supereffective|p1a: Iron Boulder
|-damage|p1a: Iron Boulder|0 fnt
|faint|p1a: Iron Boulder
|-end|p1a: Iron Boulder|Quark Drive|[silent]
|
|upkeep
|
|t:|1758313479
|switch|p1a: Iron Crown|Iron Crown|100/100
|-activate|p1a: Iron Crown|move: Sticky Web
|-unboost|p1a: Iron Crown|spe|1
|-damage|p1a: Iron Crown|94/100|[from] Stealth Rock
|turn|15
|
|t:|1758313482
|move|p2a: Forest|Shadow Ball|p1a: Iron Crown
|-supereffective|p1a: Iron Crown
|-damage|p1a: Iron Crown|27/100
|move|p1a: Iron Crown|Tachyon Cutter|p2a: Forest
|-damage|p2a: Forest|0 fnt
|faint|p2a: Forest
|-end|p2a: Forest|Quark Drive|[silent]
|-hitcount|p2: Forest|1
|
|upkeep
|
|t:|1758313487
|switch|p2a: Everest|Kingambit, F|100/100
|-activate|p2a: Everest|ability: Supreme Overlord
|-start|p2a: Everest|fallen3|[silent]
|-item|p2a: Everest|Air Balloon
|turn|16
|
|t:|1758313491
|-end|p1a: Iron Crown|Quark Drive|[silent]
|switch|p1a: Iron Hands|Iron Hands|100/100
|move|p2a: Everest|Sucker Punch||[still]
|-fail|p2a: Everest
|
|upkeep
|turn|17
|
|t:|1758313493
|-end|p2a: Everest|fallen3|[silent]
|switch|p2a: Beaches|Araquanid, M|46/100 tox
|move|p1a: Iron Hands|Drain Punch|p2a: Beaches
|-resisted|p2a: Beaches
|-damage|p2a: Beaches|23/100 tox
|
|-damage|p2a: Beaches|17/100 tox|[from] psn
|upkeep
|turn|18
|-enditem|p2a: Beaches|Custap Berry|[eat]
|-activate|p2a: Beaches|item: Custap Berry|[consumed]
|
|t:|1758313500
|move|p2a: Beaches|Endeavor|p1a: Iron Hands
|-damage|p1a: Iron Hands|12/100
|move|p1a: Iron Hands|Drain Punch|p2a: Beaches
|-resisted|p2a: Beaches
|-damage|p2a: Beaches|0 fnt
|-heal|p1a: Iron Hands|17/100|[from] drain|[of] p2a: Beaches
|faint|p2a: Beaches
|
|upkeep
|
|t:|1758313501
|switch|p2a: Yoshimi|Enamorus, F|100/100
|turn|19
|-message|myree forfeited.
|
|win|domingo a noite
|raw|myree's rating: 1549 &rarr; <strong>1538</strong><br />(-11 for losing)
|raw|domingo a noite's rating: 1719 &rarr; <strong>1730</strong><br />(+11 for winning)
|l|‽myree
|player|p1|
|l|☆domingo a noite
|player|p2|
|j|☆domingo a noite
|player|p2|domingo a noite|miku-ice|
|l|☆domingo a noite
|player|p2|
