|j|☆ChaosCrisps
|j|☆serelika
|t:|1758261673
|gametype|singles
|player|p1|ChaosCrisps|clair|1129
|player|p2|serelika|leaf-masters2|1116
|gen|9
|tier|[Gen 9] OU
|rated|
|rule|HP Percentage Mod: HP is shown in percentages
|rule|Endless Battle Clause: Forcing endless battles is banned
|rule|Species Clause: Limit one of each Pokémon
|rule|OHKO Clause: OHKO moves are banned
|rule|Evasion Items Clause: Evasion items are banned
|rule|Evasion Moves Clause: Evasion moves are banned
|rule|Evasion Abilities Clause: Evasion abilities are banned
|rule|Sleep Moves Clause: Sleep-inducing moves are banned
|clearpoke
|poke|p1|Ninetales-Alola, M|
|poke|p1|Dondozo, M|
|poke|p1|Iron Treads|
|poke|p1|Kyurem|
|poke|p1|Comfey, F|
|poke|p1|Polteageist|
|poke|p2|Thundurus, M|
|poke|p2|Serperior, F|
|poke|p2|Pecharunt|
|poke|p2|Dragapult, M|
|poke|p2|Jirachi|
|poke|p2|Gliscor, F|
|teampreview
|inactive|Battle timer is ON: inactive players will automatically lose when time's up. (requested by serelika)
|
|t:|1758261680
|teamsize|p1|6
|teamsize|p2|6
|start
|switch|p1a: Iron Treads|Iron Treads, shiny|100/100
|switch|p2a: Jirachi|Jirachi|100/100
|-enditem|p1a: Iron Treads|Booster Energy
|-activate|p1a: Iron Treads|ability: Quark Drive|[fromitem]
|-start|p1a: Iron Treads|quarkdrivespe
|turn|1
|
|t:|1758261688
|move|p1a: Iron Treads|Stealth Rock|p2a: Jirachi
|-sidestart|p2: serelika|move: Stealth Rock
|move|p2a: Jirachi|Body Slam|p1a: Iron Treads
|-resisted|p1a: Iron Treads
|-damage|p1a: Iron Treads|91/100
|-status|p1a: Iron Treads|par
|
|upkeep
|turn|2
|
|t:|1758261703
|-end|p1a: Iron Treads|Quark Drive|[silent]
|switch|p1a: Ninetales|Ninetales-Alola, M, shiny|100/100
|-weather|Snowscape|[from] ability: Snow Warning|[of] p1a: Ninetales
|switch|p2a: Gliscor|Gliscor, F|100/100
|-damage|p2a: Gliscor|88/100|[from] Stealth Rock
|
|-weather|Snowscape|[upkeep]
|-status|p2a: Gliscor|tox|[from] item: Toxic Orb
|upkeep
|turn|3
|
|t:|1758261715
|switch|p2a: Jirachi|Jirachi|100/100
|-damage|p2a: Jirachi|94/100|[from] Stealth Rock
|move|p1a: Ninetales|Aurora Veil|p1a: Ninetales
|-sidestart|p1: ChaosCrisps|move: Aurora Veil
|
|-weather|Snowscape|[upkeep]
|-heal|p2a: Jirachi|100/100|[from] item: Leftovers
|upkeep
|turn|4
|
|t:|1758261726
|switch|p1a: Dondozo|Dondozo, M, shiny|100/100
|move|p2a: Jirachi|Thunder Wave|p1a: Dondozo
|-status|p1a: Dondozo|par
|
|-weather|Snowscape|[upkeep]
|upkeep
|turn|5
|
|t:|1758261734
|move|p2a: Jirachi|Substitute|p2a: Jirachi
|-start|p2a: Jirachi|Substitute
|-damage|p2a: Jirachi|75/100
|cant|p1a: Dondozo|par
|
|-weather|Snowscape|[upkeep]
|-heal|p2a: Jirachi|82/100|[from] item: Leftovers
|upkeep
|turn|6
|
|t:|1758261742
|move|p2a: Jirachi|Iron Head|p1a: Dondozo
|-resisted|p1a: Dondozo
|-damage|p1a: Dondozo|97/100 par
|cant|p1a: Dondozo|flinch
|
|-weather|none
|-heal|p2a: Jirachi|88/100|[from] item: Leftovers
|-heal|p1a: Dondozo|100/100 par|[from] item: Leftovers
|upkeep
|turn|7
|
|t:|1758261748
|move|p2a: Jirachi|Iron Head|p1a: Dondozo
|-resisted|p1a: Dondozo
|-damage|p1a: Dondozo|96/100 par
|cant|p1a: Dondozo|flinch
|
|-heal|p2a: Jirachi|94/100|[from] item: Leftovers
|-heal|p1a: Dondozo|100/100 par|[from] item: Leftovers
|upkeep
|turn|8
|
|t:|1758261757
|move|p2a: Jirachi|Iron Head|p1a: Dondozo
|-resisted|p1a: Dondozo
|-damage|p1a: Dondozo|97/100 par
|move|p1a: Dondozo|Curse|p1a: Dondozo
|-unboost|p1a: Dondozo|spe|1
|-boost|p1a: Dondozo|atk|1
|-boost|p1a: Dondozo|def|1
|
|-heal|p2a: Jirachi|99/100|[from] item: Leftovers
|-heal|p1a: Dondozo|100/100 par|[from] item: Leftovers
|upkeep
|turn|9
|
|t:|1758261763
|move|p2a: Jirachi|Iron Head|p1a: Dondozo
|-resisted|p1a: Dondozo
|-damage|p1a: Dondozo|98/100 par
|cant|p1a: Dondozo|flinch
|
|-heal|p2a: Jirachi|100/100|[from] item: Leftovers
|-heal|p1a: Dondozo|100/100 par|[from] item: Leftovers
|upkeep
|turn|10
|
|t:|1758261772
|switch|p2a: Serperior|Serperior, F|100/100
|-damage|p2a: Serperior|88/100|[from] Stealth Rock
|cant|p1a: Dondozo|par
|
|-heal|p2a: Serperior|94/100|[from] item: Leftovers
|-sideend|p1: ChaosCrisps|move: Aurora Veil
|upkeep
|turn|11
|
|t:|1758261786
|-terastallize|p1a: Dondozo|Fire
|move|p2a: Serperior|Leaf Storm|p1a: Dondozo
|-resisted|p1a: Dondozo
|-damage|p1a: Dondozo|85/100 par
|-boost|p2a: Serperior|spa|2
|cant|p1a: Dondozo|par
|
|-heal|p2a: Serperior|100/100|[from] item: Leftovers
|-heal|p1a: Dondozo|91/100 par|[from] item: Leftovers
|upkeep
|turn|12
|
|t:|1758261803
|move|p2a: Serperior|Substitute|p2a: Serperior
|-start|p2a: Serperior|Substitute
|-damage|p2a: Serperior|76/100
|move|p1a: Dondozo|Curse|p1a: Dondozo
|-unboost|p1a: Dondozo|spe|1
|-boost|p1a: Dondozo|atk|1
|-boost|p1a: Dondozo|def|1
|
|-heal|p2a: Serperior|82/100|[from] item: Leftovers
|-heal|p1a: Dondozo|98/100 par|[from] item: Leftovers
|upkeep
|turn|13
|
|t:|1758261810
|move|p2a: Serperior|Tera Blast|p1a: Dondozo
|-damage|p1a: Dondozo|86/100 par
|move|p1a: Dondozo|Curse|p1a: Dondozo
|-unboost|p1a: Dondozo|spe|1
|-boost|p1a: Dondozo|atk|1
|-boost|p1a: Dondozo|def|1
|
|-heal|p2a: Serperior|88/100|[from] item: Leftovers
|-heal|p1a: Dondozo|92/100 par|[from] item: Leftovers
|upkeep
|turn|14
|
|t:|1758261826
|switch|p2a: Pecharunt|Pecharunt|100/100
|move|p1a: Dondozo|Curse|p1a: Dondozo
|-unboost|p1a: Dondozo|spe|1
|-boost|p1a: Dondozo|atk|1
|-boost|p1a: Dondozo|def|1
|
|-heal|p1a: Dondozo|98/100 par|[from] item: Leftovers
|upkeep
|turn|15
|
|t:|1758261833
|move|p2a: Pecharunt|Parting Shot|p1a: Dondozo
|-unboost|p1a: Dondozo|atk|1
|-unboost|p1a: Dondozo|spa|1
|
|t:|1758261842
|switch|p2a: Gliscor|Gliscor, F|88/100 tox|[from] Parting Shot
|-damage|p2a: Gliscor|76/100 tox|[from] Stealth Rock
|move|p1a: Dondozo|Curse|p1a: Dondozo
|-unboost|p1a: Dondozo|spe|1
|-boost|p1a: Dondozo|atk|1
|-boost|p1a: Dondozo|def|1
|
|-heal|p1a: Dondozo|100/100 par|[from] item: Leftovers
|-heal|p2a: Gliscor|88/100 tox|[from] ability: Poison Heal
|upkeep
|turn|16
|
|t:|1758261855
|move|p2a: Gliscor|Substitute|p2a: Gliscor
|-start|p2a: Gliscor|Substitute
|-damage|p2a: Gliscor|63/100 tox
|move|p1a: Dondozo|Avalanche|p2a: Gliscor
|-supereffective|p2a: Gliscor
|-end|p2a: Gliscor|Substitute
|
|-heal|p2a: Gliscor|76/100 tox|[from] ability: Poison Heal
|upkeep
|turn|17
|
|t:|1758261862
|move|p2a: Gliscor|Protect|p2a: Gliscor
|-singleturn|p2a: Gliscor|Protect
|cant|p1a: Dondozo|par
|
|-heal|p2a: Gliscor|88/100 tox|[from] ability: Poison Heal
|upkeep
|turn|18
|
|t:|1758261866
|move|p2a: Gliscor|Substitute|p2a: Gliscor
|-start|p2a: Gliscor|Substitute
|-damage|p2a: Gliscor|63/100 tox
|move|p1a: Dondozo|Avalanche|p2a: Gliscor
|-supereffective|p2a: Gliscor
|-end|p2a: Gliscor|Substitute
|
|-heal|p2a: Gliscor|76/100 tox|[from] ability: Poison Heal
|upkeep
|turn|19
|
|t:|1758261874
|move|p2a: Gliscor|Protect|p2a: Gliscor
|-singleturn|p2a: Gliscor|Protect
|cant|p1a: Dondozo|par
|
|-heal|p2a: Gliscor|88/100 tox|[from] ability: Poison Heal
|upkeep
|turn|20
|
|t:|1758261881
|switch|p2a: Pecharunt|Pecharunt|100/100
|move|p1a: Dondozo|Curse|p1a: Dondozo
|-unboost|p1a: Dondozo|spe|1
|-boost|p1a: Dondozo|atk|1
|-boost|p1a: Dondozo|def|1
|
|upkeep
|turn|21
|
|t:|1758261889
|move|p2a: Pecharunt|Parting Shot|p1a: Dondozo
|-unboost|p1a: Dondozo|atk|1
|-unboost|p1a: Dondozo|spa|1
|
|t:|1758261893
|switch|p2a: Jirachi|Jirachi|100/100|[from] Parting Shot
|-damage|p2a: Jirachi|94/100|[from] Stealth Rock
|move|p1a: Dondozo|Curse|p1a: Dondozo
|-boost|p1a: Dondozo|atk|1
|
|-heal|p2a: Jirachi|100/100|[from] item: Leftovers
|upkeep
|turn|22
|
|t:|1758261899
|move|p2a: Jirachi|Substitute|p2a: Jirachi
|-start|p2a: Jirachi|Substitute
|-damage|p2a: Jirachi|75/100
|cant|p1a: Dondozo|par
|
|-heal|p2a: Jirachi|82/100|[from] item: Leftovers
|upkeep
|turn|23
|
|t:|1758261906
|move|p2a: Jirachi|Body Slam|p1a: Dondozo
|-damage|p1a: Dondozo|98/100 par
|move|p1a: Dondozo|Wave Crash|p2a: Jirachi
|-end|p2a: Jirachi|Substitute
|-damage|p1a: Dondozo|91/100 par|[from] Recoil|[of] p2a: Jirachi
|
|-heal|p2a: Jirachi|88/100|[from] item: Leftovers
|-heal|p1a: Dondozo|97/100 par|[from] item: Leftovers
|upkeep
|turn|24
|
|t:|1758261912
|move|p2a: Jirachi|Substitute|p2a: Jirachi
|-start|p2a: Jirachi|Substitute
|-damage|p2a: Jirachi|63/100
|cant|p1a: Dondozo|par
|
|-heal|p2a: Jirachi|69/100|[from] item: Leftovers
|-heal|p1a: Dondozo|100/100 par|[from] item: Leftovers
|upkeep
|turn|25
|
|t:|1758261925
|move|p2a: Jirachi|Body Slam|p1a: Dondozo
|-damage|p1a: Dondozo|98/100 par
|move|p1a: Dondozo|Wave Crash|p2a: Jirachi
|-end|p2a: Jirachi|Substitute
|-damage|p1a: Dondozo|91/100 par|[from] Recoil|[of] p2a: Jirachi
|
|-heal|p2a: Jirachi|75/100|[from] item: Leftovers
|-heal|p1a: Dondozo|97/100 par|[from] item: Leftovers
|upkeep
|turn|26
|
|t:|1758261932
|move|p2a: Jirachi|Substitute|p2a: Jirachi
|-start|p2a: Jirachi|Substitute
|-damage|p2a: Jirachi|50/100
|move|p1a: Dondozo|Wave Crash|p2a: Jirachi
|-end|p2a: Jirachi|Substitute
|-damage|p1a: Dondozo|91/100 par|[from] Recoil|[of] p2a: Jirachi
|
|-heal|p2a: Jirachi|56/100|[from] item: Leftovers
|-heal|p1a: Dondozo|97/100 par|[from] item: Leftovers
|upkeep
|turn|27
|
|t:|1758261939
|move|p2a: Jirachi|Substitute|p2a: Jirachi
|-start|p2a: Jirachi|Substitute
|-damage|p2a: Jirachi|31/100
|move|p1a: Dondozo|Wave Crash|p2a: Jirachi
|-end|p2a: Jirachi|Substitute
|-damage|p1a: Dondozo|90/100 par|[from] Recoil|[of] p2a: Jirachi
|
|-heal|p2a: Jirachi|38/100|[from] item: Leftovers
|-heal|p1a: Dondozo|96/100 par|[from] item: Leftovers
|upkeep
|turn|28
|
|t:|1758261945
|move|p2a: Jirachi|Substitute|p2a: Jirachi
|-start|p2a: Jirachi|Substitute
|-damage|p2a: Jirachi|13/100
|move|p1a: Dondozo|Wave Crash|p2a: Jirachi
|-crit|p2a: Jirachi
|-end|p2a: Jirachi|Substitute
|-damage|p1a: Dondozo|90/100 par|[from] Recoil|[of] p2a: Jirachi
|
|-heal|p2a: Jirachi|19/100|[from] item: Leftovers
|-heal|p1a: Dondozo|96/100 par|[from] item: Leftovers
|upkeep
|turn|29
|
|t:|1758261950
|move|p2a: Jirachi|Iron Head|p1a: Dondozo
|-resisted|p1a: Dondozo
|-damage|p1a: Dondozo|94/100 par
|move|p1a: Dondozo|Wave Crash|p2a: Jirachi
|-damage|p2a: Jirachi|0 fnt
|faint|p2a: Jirachi
|-damage|p1a: Dondozo|89/100 par|[from] Recoil
|
|-heal|p1a: Dondozo|96/100 par|[from] item: Leftovers
|upkeep
|
|t:|1758261967
|switch|p2a: Gliscor|Gliscor, F|88/100 tox
|-damage|p2a: Gliscor|76/100 tox|[from] Stealth Rock
|turn|30
|
|t:|1758261974
|move|p2a: Gliscor|Protect|p2a: Gliscor
|-singleturn|p2a: Gliscor|Protect
|cant|p1a: Dondozo|par
|
|-heal|p1a: Dondozo|100/100 par|[from] item: Leftovers
|-heal|p2a: Gliscor|88/100 tox|[from] ability: Poison Heal
|upkeep
|turn|31
|
|t:|1758261980
|move|p2a: Gliscor|Substitute|p2a: Gliscor
|-start|p2a: Gliscor|Substitute
|-damage|p2a: Gliscor|63/100 tox
|move|p1a: Dondozo|Avalanche|p2a: Gliscor
|-supereffective|p2a: Gliscor
|-end|p2a: Gliscor|Substitute
|
|-heal|p2a: Gliscor|76/100 tox|[from] ability: Poison Heal
|upkeep
|turn|32
|
|t:|1758261988
|move|p2a: Gliscor|Substitute|p2a: Gliscor
|-start|p2a: Gliscor|Substitute
|-damage|p2a: Gliscor|51/100 tox
|move|p1a: Dondozo|Avalanche|p2a: Gliscor
|-supereffective|p2a: Gliscor
|-end|p2a: Gliscor|Substitute
|
|-heal|p2a: Gliscor|63/100 tox|[from] ability: Poison Heal
|upkeep
|turn|33
|
|t:|1758261993
|move|p2a: Gliscor|Protect|p2a: Gliscor
|-singleturn|p2a: Gliscor|Protect
|move|p1a: Dondozo|Avalanche|p2a: Gliscor
|-activate|p2a: Gliscor|move: Protect
|
|-heal|p2a: Gliscor|76/100 tox|[from] ability: Poison Heal
|upkeep
|turn|34
|
|t:|1758262000
|move|p2a: Gliscor|Substitute|p2a: Gliscor
|-start|p2a: Gliscor|Substitute
|-damage|p2a: Gliscor|51/100 tox
|move|p1a: Dondozo|Wave Crash|p2a: Gliscor
|-supereffective|p2a: Gliscor
|-end|p2a: Gliscor|Substitute
|-damage|p1a: Dondozo|95/100 par|[from] Recoil|[of] p2a: Gliscor
|
|-heal|p1a: Dondozo|100/100 par|[from] item: Leftovers
|-heal|p2a: Gliscor|63/100 tox|[from] ability: Poison Heal
|upkeep
|turn|35
|
|t:|1758262007
|move|p2a: Gliscor|Protect|p2a: Gliscor
|-singleturn|p2a: Gliscor|Protect
|move|p1a: Dondozo|Wave Crash|p2a: Gliscor
|-activate|p2a: Gliscor|move: Protect
|
|-heal|p2a: Gliscor|76/100 tox|[from] ability: Poison Heal
|upkeep
|turn|36
|
|t:|1758262012
|move|p2a: Gliscor|Substitute|p2a: Gliscor
|-start|p2a: Gliscor|Substitute
|-damage|p2a: Gliscor|51/100 tox
|move|p1a: Dondozo|Wave Crash|p2a: Gliscor
|-supereffective|p2a: Gliscor
|-end|p2a: Gliscor|Substitute
|-damage|p1a: Dondozo|95/100 par|[from] Recoil|[of] p2a: Gliscor
|
|-heal|p1a: Dondozo|100/100 par|[from] item: Leftovers
|-heal|p2a: Gliscor|63/100 tox|[from] ability: Poison Heal
|upkeep
|turn|37
|
|t:|1758262024
|move|p2a: Gliscor|Protect|p2a: Gliscor
|-singleturn|p2a: Gliscor|Protect
|move|p1a: Dondozo|Rest|p1a: Dondozo
|-fail|p1a: Dondozo|heal
|
|-heal|p2a: Gliscor|76/100 tox|[from] ability: Poison Heal
|upkeep
|turn|38
|
|t:|1758262033
|move|p2a: Gliscor|Substitute|p2a: Gliscor
|-start|p2a: Gliscor|Substitute
|-damage|p2a: Gliscor|51/100 tox
|cant|p1a: Dondozo|par
|
|-heal|p2a: Gliscor|63/100 tox|[from] ability: Poison Heal
|upkeep
|turn|39
|
|t:|1758262039
|move|p2a: Gliscor|Swords Dance|p2a: Gliscor
|-boost|p2a: Gliscor|atk|2
|move|p1a: Dondozo|Curse|p1a: Dondozo
|-boost|p1a: Dondozo|atk|1
|
|-heal|p2a: Gliscor|76/100 tox|[from] ability: Poison Heal
|upkeep
|turn|40
|
|t:|1758262044
|move|p2a: Gliscor|Swords Dance|p2a: Gliscor
|-boost|p2a: Gliscor|atk|2
|move|p1a: Dondozo|Curse|p1a: Dondozo
|
|-heal|p2a: Gliscor|88/100 tox|[from] ability: Poison Heal
|upkeep
|turn|41
|
|t:|1758262049
|move|p2a: Gliscor|Swords Dance|p2a: Gliscor
|-boost|p2a: Gliscor|atk|2
|move|p1a: Dondozo|Wave Crash|p2a: Gliscor
|-supereffective|p2a: Gliscor
|-end|p2a: Gliscor|Substitute
|-damage|p1a: Dondozo|95/100 par|[from] Recoil|[of] p2a: Gliscor
|
|-heal|p1a: Dondozo|100/100 par|[from] item: Leftovers
|-heal|p2a: Gliscor|100/100 tox|[from] ability: Poison Heal
|upkeep
|turn|42
|
|t:|1758262063
|move|p2a: Gliscor|Protect|p2a: Gliscor
|-singleturn|p2a: Gliscor|Protect
|cant|p1a: Dondozo|par
|
|upkeep
|turn|43
|
|t:|1758262071
|move|p2a: Gliscor|Substitute|p2a: Gliscor
|-start|p2a: Gliscor|Substitute
|-damage|p2a: Gliscor|76/100 tox
|move|p1a: Dondozo|Avalanche|p2a: Gliscor
|-supereffective|p2a: Gliscor
|-end|p2a: Gliscor|Substitute
|
|-heal|p2a: Gliscor|88/100 tox|[from] ability: Poison Heal
|upkeep
|turn|44
|
|t:|1758262081
|move|p2a: Gliscor|Substitute|p2a: Gliscor
|-start|p2a: Gliscor|Substitute
|-damage|p2a: Gliscor|63/100 tox
|cant|p1a: Dondozo|par
|
|-heal|p2a: Gliscor|76/100 tox|[from] ability: Poison Heal
|upkeep
|turn|45
|c|☆ChaosCrisps|Bro
|c|☆ChaosCrisps|omd
|
|t:|1758262092
|move|p2a: Gliscor|Protect|p2a: Gliscor
|-singleturn|p2a: Gliscor|Protect
|move|p1a: Dondozo|Avalanche|p2a: Gliscor
|-activate|p2a: Gliscor|move: Protect
|
|-heal|p2a: Gliscor|88/100 tox|[from] ability: Poison Heal
|upkeep
|turn|46
|
|t:|1758262109
|move|p2a: Gliscor|Swords Dance|p2a: Gliscor
|-boost|p2a: Gliscor|atk|0
|move|p1a: Dondozo|Curse|p1a: Dondozo
|
|-heal|p2a: Gliscor|100/100 tox|[from] ability: Poison Heal
|upkeep
|turn|47
|
|t:|1758262115
|move|p2a: Gliscor|Swords Dance|p2a: Gliscor
|-boost|p2a: Gliscor|atk|0
|move|p1a: Dondozo|Curse|p1a: Dondozo
|
|upkeep
|turn|48
|
|t:|1758262120
|move|p2a: Gliscor|Protect|p2a: Gliscor
|-singleturn|p2a: Gliscor|Protect
|move|p1a: Dondozo|Curse|p1a: Dondozo
|
|upkeep
|turn|49
|
|t:|1758262128
|move|p2a: Gliscor|Swords Dance|p2a: Gliscor
|-boost|p2a: Gliscor|atk|0
|move|p1a: Dondozo|Curse|p1a: Dondozo
|
|upkeep
|turn|50
|
|t:|1758262148
|move|p2a: Gliscor|Swords Dance|p2a: Gliscor
|-boost|p2a: Gliscor|atk|0
|cant|p1a: Dondozo|par
|
|upkeep
|turn|51
|
|t:|1758262153
|move|p2a: Gliscor|Swords Dance|p2a: Gliscor
|-boost|p2a: Gliscor|atk|0
|move|p1a: Dondozo|Curse|p1a: Dondozo
|
|upkeep
|turn|52
|
|t:|1758262158
|move|p2a: Gliscor|Swords Dance|p2a: Gliscor
|-boost|p2a: Gliscor|atk|0
|move|p1a: Dondozo|Curse|p1a: Dondozo
|
|upkeep
|turn|53
|
|t:|1758262162
|move|p2a: Gliscor|Swords Dance|p2a: Gliscor
|-boost|p2a: Gliscor|atk|0
|move|p1a: Dondozo|Curse|p1a: Dondozo
|
|upkeep
|turn|54
|
|t:|1758262176
|move|p2a: Gliscor|Protect|p2a: Gliscor
|-singleturn|p2a: Gliscor|Protect
|move|p1a: Dondozo|Rest|p1a: Dondozo
|-fail|p1a: Dondozo|heal
|
|upkeep
|turn|55
|
|t:|1758262185
|move|p2a: Gliscor|Swords Dance|p2a: Gliscor
|-boost|p2a: Gliscor|atk|0
|move|p1a: Dondozo|Rest|p1a: Dondozo
|-fail|p1a: Dondozo|heal
|
|upkeep
|turn|56
|
|t:|1758262195
|move|p2a: Gliscor|Swords Dance|p2a: Gliscor
|-boost|p2a: Gliscor|atk|0
|move|p1a: Dondozo|Rest|p1a: Dondozo
|-fail|p1a: Dondozo|heal
|
|upkeep
|turn|57
|
|t:|1758262223
|move|p2a: Gliscor|Swords Dance|p2a: Gliscor
|-boost|p2a: Gliscor|atk|0
|move|p1a: Dondozo|Rest|p1a: Dondozo
|-fail|p1a: Dondozo|heal
|
|upkeep
|turn|58
|inactive|ChaosCrisps has 120 seconds left.
|
|t:|1758262247
|move|p2a: Gliscor|Swords Dance|p2a: Gliscor
|-boost|p2a: Gliscor|atk|0
|cant|p1a: Dondozo|par
|
|upkeep
|turn|59
|inactive|ChaosCrisps has 120 seconds left.
|
|t:|1758262254
|move|p2a: Gliscor|Swords Dance|p2a: Gliscor
|-boost|p2a: Gliscor|atk|0
|move|p1a: Dondozo|Rest|p1a: Dondozo
|-fail|p1a: Dondozo|heal
|
|upkeep
|turn|60
|
|t:|1758262260
|move|p2a: Gliscor|Swords Dance|p2a: Gliscor
|-boost|p2a: Gliscor|atk|0
|move|p1a: Dondozo|Avalanche|p2a: Gliscor
|-supereffective|p2a: Gliscor
|-end|p2a: Gliscor|Substitute
|
|upkeep
|turn|61
|
|t:|1758262269
|move|p2a: Gliscor|Substitute|p2a: Gliscor
|-start|p2a: Gliscor|Substitute
|-damage|p2a: Gliscor|76/100 tox
|move|p1a: Dondozo|Rest|p1a: Dondozo
|-fail|p1a: Dondozo|heal
|
|-heal|p2a: Gliscor|88/100 tox|[from] ability: Poison Heal
|upkeep
|turn|62
|
|t:|1758262274
|move|p2a: Gliscor|Swords Dance|p2a: Gliscor
|-boost|p2a: Gliscor|atk|0
|move|p1a: Dondozo|Rest|p1a: Dondozo
|-fail|p1a: Dondozo|heal
|
|-heal|p2a: Gliscor|100/100 tox|[from] ability: Poison Heal
|upkeep
|turn|63
|
|t:|1758262279
|move|p2a: Gliscor|Protect|p2a: Gliscor
|-singleturn|p2a: Gliscor|Protect
|move|p1a: Dondozo|Avalanche|p2a: Gliscor
|-activate|p2a: Gliscor|move: Protect
|
|upkeep
|turn|64
|c|☆ChaosCrisps|Holy shit
|
|t:|1758262290
|move|p2a: Gliscor|Dual Wingbeat|p1a: Dondozo
|-crit|p1a: Dondozo
|-damage|p1a: Dondozo|86/100 par
|-damage|p1a: Dondozo|84/100 par
|-hitcount|p1a: Dondozo|2
|move|p1a: Dondozo|Avalanche|p2a: Gliscor
|-supereffective|p2a: Gliscor
|-end|p2a: Gliscor|Substitute
|
|-heal|p1a: Dondozo|90/100 par|[from] item: Leftovers
|upkeep
|turn|65
|c|☆ChaosCrisps|Bro
|
|t:|1758262309
|move|p2a: Gliscor|Protect|p2a: Gliscor
|-singleturn|p2a: Gliscor|Protect
|move|p1a: Dondozo|Avalanche|p2a: Gliscor
|-activate|p2a: Gliscor|move: Protect
|
|-heal|p1a: Dondozo|96/100 par|[from] item: Leftovers
|upkeep
|turn|66
|
|t:|1758262313
|move|p2a: Gliscor|Substitute|p2a: Gliscor
|-start|p2a: Gliscor|Substitute
|-damage|p2a: Gliscor|76/100 tox
|move|p1a: Dondozo|Wave Crash|p2a: Gliscor
|-supereffective|p2a: Gliscor
|-end|p2a: Gliscor|Substitute
|-damage|p1a: Dondozo|90/100 par|[from] Recoil|[of] p2a: Gliscor
|
|-heal|p1a: Dondozo|97/100 par|[from] item: Leftovers
|-heal|p2a: Gliscor|88/100 tox|[from] ability: Poison Heal
|upkeep
|turn|67
|
|t:|1758262317
|move|p2a: Gliscor|Protect|p2a: Gliscor
|-singleturn|p2a: Gliscor|Protect
|move|p1a: Dondozo|Avalanche|p2a: Gliscor
|-activate|p2a: Gliscor|move: Protect
|
|-heal|p1a: Dondozo|100/100 par|[from] item: Leftovers
|-heal|p2a: Gliscor|100/100 tox|[from] ability: Poison Heal
|upkeep
|turn|68
|
|t:|1758262319
|move|p2a: Gliscor|Substitute|p2a: Gliscor
|-start|p2a: Gliscor|Substitute
|-damage|p2a: Gliscor|76/100 tox
|cant|p1a: Dondozo|par
|
|-heal|p2a: Gliscor|88/100 tox|[from] ability: Poison Heal
|upkeep
|turn|69
|
|t:|1758262327
|move|p2a: Gliscor|Protect|p2a: Gliscor
|-singleturn|p2a: Gliscor|Protect
|move|p1a: Dondozo|Avalanche|p2a: Gliscor
|-activate|p2a: Gliscor|move: Protect
|
|-heal|p2a: Gliscor|100/100 tox|[from] ability: Poison Heal
|upkeep
|turn|70
|
|t:|1758262332
|move|p2a: Gliscor|Swords Dance|p2a: Gliscor
|-boost|p2a: Gliscor|atk|0
|move|p1a: Dondozo|Avalanche|p2a: Gliscor
|-supereffective|p2a: Gliscor
|-end|p2a: Gliscor|Substitute
|
|upkeep
|turn|71
|
|t:|1758262344
|move|p2a: Gliscor|Substitute|p2a: Gliscor
|-start|p2a: Gliscor|Substitute
|-damage|p2a: Gliscor|76/100 tox
|move|p1a: Dondozo|Wave Crash|p2a: Gliscor
|-supereffective|p2a: Gliscor
|-end|p2a: Gliscor|Substitute
|-damage|p1a: Dondozo|95/100 par|[from] Recoil|[of] p2a: Gliscor
|
|-heal|p1a: Dondozo|100/100 par|[from] item: Leftovers
|-heal|p2a: Gliscor|88/100 tox|[from] ability: Poison Heal
|upkeep
|turn|72
|
|t:|1758262359
|move|p2a: Gliscor|Substitute|p2a: Gliscor
|-start|p2a: Gliscor|Substitute
|-damage|p2a: Gliscor|63/100 tox
|move|p1a: Dondozo|Wave Crash|p2a: Gliscor
|-supereffective|p2a: Gliscor
|-end|p2a: Gliscor|Substitute
|-damage|p1a: Dondozo|95/100 par|[from] Recoil|[of] p2a: Gliscor
|
|-heal|p1a: Dondozo|100/100 par|[from] item: Leftovers
|-heal|p2a: Gliscor|76/100 tox|[from] ability: Poison Heal
|upkeep
|turn|73
|
|t:|1758262371
|move|p2a: Gliscor|Protect|p2a: Gliscor
|-singleturn|p2a: Gliscor|Protect
|move|p1a: Dondozo|Avalanche|p2a: Gliscor
|-activate|p2a: Gliscor|move: Protect
|
|-heal|p2a: Gliscor|88/100 tox|[from] ability: Poison Heal
|upkeep
|turn|74
|
|t:|1758262379
|move|p2a: Gliscor|Substitute|p2a: Gliscor
|-start|p2a: Gliscor|Substitute
|-damage|p2a: Gliscor|63/100 tox
|move|p1a: Dondozo|Avalanche|p2a: Gliscor
|-supereffective|p2a: Gliscor
|-end|p2a: Gliscor|Substitute
|
|-heal|p2a: Gliscor|76/100 tox|[from] ability: Poison Heal
|upkeep
|turn|75
|
|t:|1758262384
|move|p2a: Gliscor|Protect|p2a: Gliscor
|-singleturn|p2a: Gliscor|Protect
|move|p1a: Dondozo|Wave Crash|p2a: Gliscor
|-activate|p2a: Gliscor|move: Protect
|
|-heal|p2a: Gliscor|88/100 tox|[from] ability: Poison Heal
|upkeep
|turn|76
|
|t:|1758262406
|switch|p1a: Kyurem|Kyurem, shiny|100/100
|-ability|p1a: Kyurem|Pressure
|move|p2a: Gliscor|Substitute|p2a: Gliscor
|-start|p2a: Gliscor|Substitute
|-damage|p2a: Gliscor|63/100 tox
|
|-heal|p2a: Gliscor|76/100 tox|[from] ability: Poison Heal
|upkeep
|turn|77
|
|t:|1758262414
|-terastallize|p2a: Gliscor|Ghost
|move|p1a: Kyurem|Icicle Spear|p2a: Gliscor
|-activate|p2a: Gliscor|move: Substitute|[damage]
|-activate|p2a: Gliscor|move: Substitute|[damage]
|-end|p2a: Gliscor|Substitute
|-damage|p2a: Gliscor|64/100 tox
|-hitcount|p2a: Gliscor|4
|move|p2a: Gliscor|Dual Wingbeat|p1a: Kyurem
|-damage|p1a: Kyurem|42/100
|-damage|p1a: Kyurem|0 fnt
|faint|p1a: Kyurem
|-hitcount|p1: Kyurem|2
|
|-heal|p2a: Gliscor|76/100 tox|[from] ability: Poison Heal
|upkeep
|
|t:|1758262430
|switch|p1a: Ninetales|Ninetales-Alola, M, shiny|100/100
|-weather|Snowscape|[from] ability: Snow Warning|[of] p1a: Ninetales
|turn|78
|
|t:|1758262434
|move|p1a: Ninetales|Foul Play|p2a: Gliscor
|-supereffective|p2a: Gliscor
|-damage|p2a: Gliscor|0 fnt
|faint|p2a: Gliscor
|
|-weather|Snowscape|[upkeep]
|upkeep
|
|t:|1758262451
|switch|p2a: Dragapult|Dragapult, M|100/100
|-damage|p2a: Dragapult|88/100|[from] Stealth Rock
|turn|79
|
|t:|1758262457
|move|p2a: Dragapult|Thunder Wave|p1a: Ninetales
|-status|p1a: Ninetales|par
|move|p1a: Ninetales|Aurora Veil|p1a: Ninetales
|-sidestart|p1: ChaosCrisps|move: Aurora Veil
|
|-weather|Snowscape|[upkeep]
|upkeep
|turn|80
|
|t:|1758262463
|move|p2a: Dragapult|Hex|p1a: Ninetales
|-damage|p1a: Ninetales|78/100 par
|move|p1a: Ninetales|Encore|p2a: Dragapult
|-start|p2a: Dragapult|Encore
|
|-weather|Snowscape|[upkeep]
|upkeep
|turn|81
|
|t:|1758262474
|switch|p2a: Pecharunt|Pecharunt|100/100
|move|p1a: Ninetales|Foul Play|p2a: Pecharunt
|-supereffective|p2a: Pecharunt
|-damage|p2a: Pecharunt|86/100
|
|-weather|Snowscape|[upkeep]
|upkeep
|turn|82
|
|t:|1758262491
|switch|p1a: Polteageist|Polteageist, shiny|100/100
|move|p2a: Pecharunt|Parting Shot|p1a: Polteageist
|-unboost|p1a: Polteageist|atk|1
|-unboost|p1a: Polteageist|spa|1
|-enditem|p1a: Polteageist|White Herb
|-clearnegativeboost|p1a: Polteageist|[silent]
|
|t:|1758262501
|switch|p2a: Thundurus|Thundurus, M|100/100|[from] Parting Shot
|
|-weather|none
|upkeep
|turn|83
|
|t:|1758262516
|move|p2a: Thundurus|Thunderbolt|p1a: Polteageist
|-damage|p1a: Polteageist|77/100
|-start|p2a: Thundurus|Disable|Thunderbolt|[from] ability: Cursed Body|[of] p1a: Polteageist
|move|p1a: Polteageist|Shadow Ball|p2a: Thundurus
|-damage|p2a: Thundurus|55/100
|
|upkeep
|turn|84
|
|t:|1758262524
|move|p2a: Thundurus|Thunder Wave|p1a: Polteageist
|-status|p1a: Polteageist|par
|move|p1a: Polteageist|Shadow Ball|p2a: Thundurus
|-damage|p2a: Thundurus|7/100
|
|upkeep
|turn|85
|
|t:|1758262539
|move|p2a: Thundurus|Psychic|p1a: Polteageist
|-damage|p1a: Polteageist|63/100 par
|-unboost|p1a: Polteageist|spd|1
|cant|p1a: Polteageist|par
|
|upkeep
|turn|86
|
|t:|1758262545
|move|p2a: Thundurus|Psychic|p1a: Polteageist
|-damage|p1a: Polteageist|39/100 par
|move|p1a: Polteageist|Shadow Ball|p2a: Thundurus
|-damage|p2a: Thundurus|0 fnt
|faint|p2a: Thundurus
|
|-sideend|p1: ChaosCrisps|move: Aurora Veil
|upkeep
|
|t:|1758262550
|switch|p2a: Serperior|Serperior, F|88/100
|-damage|p2a: Serperior|76/100|[from] Stealth Rock
|turn|87
|
|t:|1758262568
|switch|p1a: Dondozo|Dondozo, M, shiny, tera:Fire|100/100 par
|move|p2a: Serperior|Leaf Storm|p1a: Dondozo
|-resisted|p1a: Dondozo
|-damage|p1a: Dondozo|85/100 par
|-boost|p2a: Serperior|spa|2
|
|-heal|p2a: Serperior|82/100|[from] item: Leftovers
|-heal|p1a: Dondozo|91/100 par|[from] item: Leftovers
|upkeep
|turn|88
|
|t:|1758262575
|move|p2a: Serperior|Substitute|p2a: Serperior
|-start|p2a: Serperior|Substitute
|-damage|p2a: Serperior|57/100
|move|p1a: Dondozo|Wave Crash|p2a: Serperior
|-resisted|p2a: Serperior
|-end|p2a: Serperior|Substitute
|-damage|p1a: Dondozo|86/100 par|[from] Recoil|[of] p2a: Serperior
|
|-heal|p2a: Serperior|63/100|[from] item: Leftovers
|-heal|p1a: Dondozo|92/100 par|[from] item: Leftovers
|upkeep
|turn|89
|
|t:|1758262581
|move|p2a: Serperior|Substitute|p2a: Serperior
|-start|p2a: Serperior|Substitute
|-damage|p2a: Serperior|39/100
|move|p1a: Dondozo|Wave Crash|p2a: Serperior
|-resisted|p2a: Serperior
|-activate|p2a: Serperior|move: Substitute|[damage]
|-damage|p1a: Dondozo|88/100 par|[from] Recoil|[of] p2a: Serperior
|
|-heal|p2a: Serperior|45/100|[from] item: Leftovers
|-heal|p1a: Dondozo|94/100 par|[from] item: Leftovers
|upkeep
|turn|90
|
|t:|1758262599
|move|p2a: Serperior|Substitute|p2a: Serperior
|-fail|p2a: Serperior|move: Substitute
|cant|p1a: Dondozo|par
|
|-heal|p2a: Serperior|51/100|[from] item: Leftovers
|-heal|p1a: Dondozo|99/100 par|[from] item: Leftovers
|upkeep
|turn|91
|
|t:|1758262603
|move|p2a: Serperior|Tera Blast|p1a: Dondozo
|-damage|p1a: Dondozo|88/100 par
|-activate|p1a: Dondozo|move: Struggle
|move|p1a: Dondozo|Struggle|p2a: Serperior
|-end|p2a: Serperior|Substitute
|-damage|p1a: Dondozo|63/100 par|[from] recoil
|
|-heal|p2a: Serperior|57/100|[from] item: Leftovers
|-heal|p1a: Dondozo|69/100 par|[from] item: Leftovers
|upkeep
|turn|92
|
|t:|1758262612
|move|p2a: Serperior|Substitute|p2a: Serperior
|-start|p2a: Serperior|Substitute
|-damage|p2a: Serperior|32/100
|-activate|p1a: Dondozo|move: Struggle
|move|p1a: Dondozo|Struggle|p2a: Serperior
|-activate|p2a: Serperior|move: Substitute|[damage]
|-damage|p1a: Dondozo|44/100 par|[from] recoil
|
|-heal|p2a: Serperior|39/100|[from] item: Leftovers
|-heal|p1a: Dondozo|50/100 par|[from] item: Leftovers
|upkeep
|turn|93
|
|t:|1758262617
|move|p2a: Serperior|Leaf Storm|p1a: Dondozo
|-resisted|p1a: Dondozo
|-damage|p1a: Dondozo|35/100 par
|-boost|p2a: Serperior|spa|2
|cant|p1a: Dondozo|par
|
|-heal|p2a: Serperior|45/100|[from] item: Leftovers
|-heal|p1a: Dondozo|42/100 par|[from] item: Leftovers
|upkeep
|turn|94
|
|t:|1758262630
|move|p2a: Serperior|Tera Blast|p1a: Dondozo
|-damage|p1a: Dondozo|29/100 par
|-activate|p1a: Dondozo|move: Struggle
|move|p1a: Dondozo|Struggle|p2a: Serperior
|-end|p2a: Serperior|Substitute
|-damage|p1a: Dondozo|4/100 par|[from] recoil
|
|-heal|p2a: Serperior|51/100|[from] item: Leftovers
|-heal|p1a: Dondozo|10/100 par|[from] item: Leftovers
|upkeep
|turn|95
|
|t:|1758262640
|move|p2a: Serperior|Substitute|p2a: Serperior
|-start|p2a: Serperior|Substitute
|-damage|p2a: Serperior|26/100
|-activate|p1a: Dondozo|move: Struggle
|move|p1a: Dondozo|Struggle|p2a: Serperior
|-activate|p2a: Serperior|move: Substitute|[damage]
|-damage|p1a: Dondozo|0 fnt|[from] recoil
|faint|p1a: Dondozo
|
|-heal|p2a: Serperior|32/100|[from] item: Leftovers
|upkeep
|
|t:|1758262662
|switch|p1a: Comfey|Comfey, F, shiny|100/100
|turn|96
|
|t:|1758262667
|move|p1a: Comfey|Draining Kiss|p2a: Serperior
|-end|p2a: Serperior|Substitute
|move|p2a: Serperior|Leaf Storm|p1a: Comfey
|-damage|p1a: Comfey|0 fnt
|-boost|p2a: Serperior|spa|2
|faint|p1a: Comfey
|
|-heal|p2a: Serperior|39/100|[from] item: Leftovers
|upkeep
|
|t:|1758262673
|switch|p1a: Ninetales|Ninetales-Alola, M, shiny|78/100 par
|-weather|Snowscape|[from] ability: Snow Warning|[of] p1a: Ninetales
|turn|97
|
|t:|1758262679
|move|p2a: Serperior|Leaf Storm|p1a: Ninetales|[miss]
|-miss|p2a: Serperior|p1a: Ninetales
|move|p1a: Ninetales|Aurora Veil|p1a: Ninetales
|-sidestart|p1: ChaosCrisps|move: Aurora Veil
|
|-weather|Snowscape|[upkeep]
|-heal|p2a: Serperior|45/100|[from] item: Leftovers
|upkeep
|turn|98
|
|t:|1758262687
|move|p2a: Serperior|Leaf Storm|p1a: Ninetales|[miss]
|-miss|p2a: Serperior|p1a: Ninetales
|move|p1a: Ninetales|Freeze-Dry|p2a: Serperior
|-supereffective|p2a: Serperior
|-damage|p2a: Serperior|0 fnt
|faint|p2a: Serperior
|
|-weather|Snowscape|[upkeep]
|upkeep
|
|t:|1758262694
|switch|p2a: Pecharunt|Pecharunt|86/100
|turn|99
|
|t:|1758262703
|switch|p1a: Iron Treads|Iron Treads, shiny|91/100 par
|move|p2a: Pecharunt|Malignant Chain|p1a: Iron Treads
|-immune|p1a: Iron Treads
|
|-weather|Snowscape|[upkeep]
|upkeep
|turn|100
|
|t:|1758262709
|move|p2a: Pecharunt|Shadow Ball|p1a: Iron Treads
|-damage|p1a: Iron Treads|74/100 par
|move|p1a: Iron Treads|Earth Power|p2a: Pecharunt
|-supereffective|p2a: Pecharunt
|-damage|p2a: Pecharunt|23/100
|
|-weather|Snowscape|[upkeep]
|upkeep
|turn|101
|
|t:|1758262716
|move|p2a: Pecharunt|Parting Shot|p1a: Iron Treads
|-unboost|p1a: Iron Treads|atk|1
|-unboost|p1a: Iron Treads|spa|1
|
|t:|1758262718
|switch|p2a: Dragapult|Dragapult, M|88/100|[from] Parting Shot
|-damage|p2a: Dragapult|76/100|[from] Stealth Rock
|move|p1a: Iron Treads|Earth Power|p2a: Dragapult
|-damage|p2a: Dragapult|44/100
|
|-weather|none
|upkeep
|turn|102
|
|t:|1758262727
|move|p2a: Dragapult|Hex|p1a: Iron Treads
|-damage|p1a: Iron Treads|38/100 par
|move|p1a: Iron Treads|Steel Beam|p2a: Dragapult
|-damage|p2a: Dragapult|0 fnt
|-damage|p1a: Iron Treads|0 fnt|[from] steelbeam
|faint|p1a: Iron Treads
|-end|p1a: Iron Treads|Quark Drive|[silent]
|faint|p2a: Dragapult
|
|upkeep
|
|t:|1758262741
|switch|p2a: Pecharunt|Pecharunt|23/100
|switch|p1a: Polteageist|Polteageist, shiny|39/100 par
|turn|103
|
|t:|1758262750
|move|p2a: Pecharunt|Shadow Ball|p1a: Polteageist
|-supereffective|p1a: Polteageist
|-damage|p1a: Polteageist|15/100 par
|cant|p1a: Polteageist|par
|
|upkeep
|turn|104
|
|t:|1758262758
|move|p2a: Pecharunt|Shadow Ball|p1a: Polteageist
|-supereffective|p1a: Polteageist
|-damage|p1a: Polteageist|0 fnt
|faint|p1a: Polteageist
|
|-sideend|p1: ChaosCrisps|move: Aurora Veil
|upkeep
|
|t:|1758262761
|switch|p1a: Ninetales|Ninetales-Alola, M, shiny|78/100 par
|-weather|Snowscape|[from] ability: Snow Warning|[of] p1a: Ninetales
|turn|105
|
|t:|1758262769
|move|p2a: Pecharunt|Malignant Chain|p1a: Ninetales
|-supereffective|p1a: Ninetales
|-crit|p1a: Ninetales
|-damage|p1a: Ninetales|0 fnt
|faint|p1a: Ninetales
|
|win|serelika
|raw|ChaosCrisps's rating: 1158 &rarr; <strong>1130</strong><br />(-28 for losing)
|raw|serelika's rating: 1116 &rarr; <strong>1144</strong><br />(+28 for winning)
|l|☆serelika
|player|p2|
|l|☆ChaosCrisps
|player|p1|
