|j|☆SimonStork
|j|☆Nickthenickthenick
|t:|1758277745
|gametype|singles
|player|p1|SimonStork|1|1394
|player|p2|Nickthenickthenick|102|1362
|gen|9
|tier|[Gen 9] OU
|rated|
|rule|HP Percentage Mod: HP is shown in percentages
|rule|Endless Battle Clause: Forcing endless battles is banned
|rule|Species Clause: Limit one of each Pokémon
|rule|OHKO Clause: OHKO moves are banned
|rule|Evasion Items Clause: Evasion items are banned
|rule|Evasion Moves Clause: Evasion moves are banned
|rule|Evasion Abilities Clause: Evasion abilities are banned
|rule|Sleep Moves Clause: Sleep-inducing moves are banned
|clearpoke
|poke|p1|Amoonguss, F|
|poke|p1|Iron Valiant|
|poke|p1|Alomomola, M|
|poke|p1|Moltres|
|poke|p1|Zamazenta-*|
|poke|p1|Kommo-o, M|
|poke|p2|Torkoal, M|
|poke|p2|Typhlosion-Hisui, M|
|poke|p2|Venusaur, M|
|poke|p2|Alomomola, M|
|poke|p2|Zapdos|
|poke|p2|Great Tusk|
|teampreview
|
|t:|1758277767
|teamsize|p1|6
|teamsize|p2|6
|start
|switch|p1a: Zamazenta|Zamazenta|100/100
|switch|p2a: Torkoal|Torkoal, M|100/100
|-ability|p1a: Zamazenta|Dauntless Shield|boost
|-boost|p1a: Zamazenta|def|1
|-weather|SunnyDay|[from] ability: Drought|[of] p2a: Torkoal
|turn|1
|inactive|Battle timer is ON: inactive players will automatically lose when time's up. (requested by SimonStork)
|
|t:|1758277783
|move|p1a: Zamazenta|Iron Defense|p1a: Zamazenta
|-boost|p1a: Zamazenta|def|2
|move|p2a: Torkoal|Will-O-Wisp|p1a: Zamazenta|[miss]
|-miss|p2a: Torkoal|p1a: Zamazenta
|
|-weather|SunnyDay|[upkeep]
|upkeep
|turn|2
|
|t:|1758277789
|move|p1a: Zamazenta|Body Press|p2a: Torkoal
|-damage|p2a: Torkoal|42/100
|move|p2a: Torkoal|Will-O-Wisp|p1a: Zamazenta
|-status|p1a: Zamazenta|brn
|
|-weather|SunnyDay|[upkeep]
|-damage|p1a: Zamazenta|94/100 brn|[from] brn
|upkeep
|turn|3
|
|t:|1758277798
|move|p1a: Zamazenta|Iron Defense|p1a: Zamazenta
|-boost|p1a: Zamazenta|def|2
|move|p2a: Torkoal|Stealth Rock|p1a: Zamazenta
|-sidestart|p1: SimonStork|move: Stealth Rock
|
|-weather|SunnyDay|[upkeep]
|-heal|p1a: Zamazenta|100/100 brn|[from] item: Leftovers
|-damage|p1a: Zamazenta|94/100 brn|[from] brn
|upkeep
|turn|4
|
|t:|1758277806
|switch|p2a: Alomomola|Alomomola, M|100/100
|move|p1a: Zamazenta|Body Press|p2a: Alomomola
|-damage|p2a: Alomomola|63/100
|
|-weather|SunnyDay|[upkeep]
|-heal|p1a: Zamazenta|100/100 brn|[from] item: Leftovers
|-damage|p1a: Zamazenta|94/100 brn|[from] brn
|upkeep
|turn|5
|
|t:|1758277815
|move|p1a: Zamazenta|Body Press|p2a: Alomomola
|-damage|p2a: Alomomola|25/100
|move|p2a: Alomomola|Flip Turn|p1a: Zamazenta
|-damage|p1a: Zamazenta|93/100 brn
|
|t:|1758277820
|switch|p2a: Typhlosion|Typhlosion-Hisui, M|100/100|[from] Flip Turn
|
|-weather|SunnyDay|[upkeep]
|-heal|p1a: Zamazenta|99/100 brn|[from] item: Leftovers
|-damage|p1a: Zamazenta|93/100 brn|[from] brn
|upkeep
|turn|6
|
|t:|1758277826
|move|p2a: Typhlosion|Eruption|p1a: Zamazenta
|-damage|p1a: Zamazenta|11/100 brn
|move|p1a: Zamazenta|Crunch|p2a: Typhlosion
|-supereffective|p2a: Typhlosion
|-damage|p2a: Typhlosion|68/100
|
|-weather|SunnyDay|[upkeep]
|-heal|p1a: Zamazenta|17/100 brn|[from] item: Leftovers
|-damage|p1a: Zamazenta|11/100 brn|[from] brn
|upkeep
|turn|7
|
|t:|1758277836
|move|p2a: Typhlosion|Eruption|p1a: Zamazenta
|-damage|p1a: Zamazenta|0 fnt
|faint|p1a: Zamazenta
|
|-weather|SunnyDay|[upkeep]
|upkeep
|
|t:|1758277843
|switch|p1a: Kommo-o|Kommo-o, M|100/100
|-damage|p1a: Kommo-o|94/100|[from] Stealth Rock
|turn|8
|
|t:|1758277847
|move|p2a: Typhlosion|Eruption|p1a: Kommo-o
|-resisted|p1a: Kommo-o
|-damage|p1a: Kommo-o|55/100
|move|p1a: Kommo-o|Clangorous Soul|p1a: Kommo-o
|-boost|p1a: Kommo-o|atk|1
|-boost|p1a: Kommo-o|def|1
|-boost|p1a: Kommo-o|spa|1
|-boost|p1a: Kommo-o|spd|1
|-boost|p1a: Kommo-o|spe|1
|-damage|p1a: Kommo-o|22/100
|
|-weather|none
|upkeep
|turn|9
|
|t:|1758277859
|switch|p2a: Torkoal|Torkoal, M|42/100
|-weather|SunnyDay|[from] ability: Drought|[of] p2a: Torkoal
|move|p1a: Kommo-o|Rest|p1a: Kommo-o
|-status|p1a: Kommo-o|slp|[from] move: Rest
|-heal|p1a: Kommo-o|100/100 slp|[silent]
|-enditem|p1a: Kommo-o|Chesto Berry|[eat]
|-curestatus|p1a: Kommo-o|slp|[msg]
|
|-weather|SunnyDay|[upkeep]
|upkeep
|turn|10
|
|t:|1758277870
|move|p1a: Kommo-o|Boomburst|p2a: Torkoal
|-damage|p2a: Torkoal|0 fnt
|faint|p2a: Torkoal
|
|-weather|SunnyDay|[upkeep]
|upkeep
|
|t:|1758277875
|switch|p2a: Typhlosion|Typhlosion-Hisui, M|68/100
|turn|11
|
|t:|1758277885
|move|p2a: Typhlosion|Shadow Ball|p1a: Kommo-o
|-damage|p1a: Kommo-o|72/100
|move|p1a: Kommo-o|Flamethrower|p2a: Typhlosion
|-resisted|p2a: Typhlosion
|-damage|p2a: Typhlosion|25/100
|
|-weather|SunnyDay|[upkeep]
|upkeep
|turn|12
|
|t:|1758277897
|move|p2a: Typhlosion|Shadow Ball|p1a: Kommo-o
|-damage|p1a: Kommo-o|40/100
|move|p1a: Kommo-o|Flamethrower|p2a: Typhlosion
|-resisted|p2a: Typhlosion
|-damage|p2a: Typhlosion|0 fnt
|faint|p2a: Typhlosion
|
|-weather|SunnyDay|[upkeep]
|upkeep
|
|t:|1758277910
|switch|p2a: Zapdos|Zapdos|100/100
|turn|13
|
|t:|1758277915
|move|p1a: Kommo-o|Boomburst|p2a: Zapdos
|-damage|p2a: Zapdos|61/100
|move|p2a: Zapdos|Thunder Wave|p1a: Kommo-o
|-status|p1a: Kommo-o|par
|
|-weather|SunnyDay|[upkeep]
|upkeep
|turn|14
|
|t:|1758277923
|move|p2a: Zapdos|Thunderbolt|p1a: Kommo-o
|-resisted|p1a: Kommo-o
|-damage|p1a: Kommo-o|26/100 par
|move|p1a: Kommo-o|Boomburst|p2a: Zapdos
|-damage|p2a: Zapdos|21/100
|
|-weather|SunnyDay|[upkeep]
|upkeep
|turn|15
|
|t:|1758277929
|move|p2a: Zapdos|Volt Switch|p1a: Kommo-o
|-resisted|p1a: Kommo-o
|-damage|p1a: Kommo-o|14/100 par
|
|t:|1758277933
|switch|p2a: Venusaur|Venusaur, M|100/100|[from] Volt Switch
|cant|p1a: Kommo-o|par
|
|-weather|SunnyDay|[upkeep]
|upkeep
|turn|16
|
|t:|1758277939
|move|p2a: Venusaur|Growth|p2a: Venusaur
|-boost|p2a: Venusaur|atk|2
|-boost|p2a: Venusaur|spa|2
|move|p1a: Kommo-o|Rest|p1a: Kommo-o
|-status|p1a: Kommo-o|slp|[from] move: Rest
|-heal|p1a: Kommo-o|100/100 slp|[silent]
|
|-weather|none
|upkeep
|turn|17
|
|t:|1758277949
|switch|p1a: Moltres|Moltres|100/100
|move|p2a: Venusaur|Sludge Bomb|p1a: Moltres
|-damage|p1a: Moltres|0 fnt
|faint|p1a: Moltres
|-damage|p2a: Venusaur|91/100|[from] item: Life Orb
|
|upkeep
|
|t:|1758277960
|switch|p1a: Amoonguss|Amoonguss, F|100/100
|turn|18
|
|t:|1758277971
|move|p2a: Venusaur|Sludge Bomb|p1a: Amoonguss
|-damage|p1a: Amoonguss|1/100
|-damage|p2a: Venusaur|81/100|[from] item: Life Orb
|move|p1a: Amoonguss|Clear Smog|p2a: Venusaur
|-damage|p2a: Venusaur|64/100
|-clearboost|p2a: Venusaur
|
|upkeep
|turn|19
|
|t:|1758277983
|switch|p1a: Iron Valiant|Iron Valiant|100/100
|-damage|p1a: Iron Valiant|94/100|[from] Stealth Rock
|-enditem|p1a: Iron Valiant|Booster Energy
|-activate|p1a: Iron Valiant|ability: Quark Drive|[fromitem]
|-start|p1a: Iron Valiant|quarkdrivespe
|move|p2a: Venusaur|Giga Drain|p1a: Iron Valiant
|-damage|p1a: Iron Valiant|7/100
|-heal|p2a: Venusaur|100/100|[from] drain|[of] p1a: Iron Valiant
|-damage|p2a: Venusaur|91/100|[from] item: Life Orb
|
|upkeep
|turn|20
|
|t:|1758277995
|move|p1a: Iron Valiant|Moonblast|p2a: Venusaur
|-resisted|p2a: Venusaur
|-crit|p2a: Venusaur
|-damage|p2a: Venusaur|52/100
|move|p2a: Venusaur|Giga Drain|p1a: Iron Valiant
|-damage|p1a: Iron Valiant|0 fnt
|-heal|p2a: Venusaur|56/100|[from] drain|[of] p1a: Iron Valiant
|faint|p1a: Iron Valiant
|-end|p1a: Iron Valiant|Quark Drive|[silent]
|-damage|p2a: Venusaur|46/100|[from] item: Life Orb
|
|upkeep
|
|t:|1758278004
|switch|p1a: Kommo-o|Kommo-o, M|100/100 slp
|-damage|p1a: Kommo-o|94/100 slp|[from] Stealth Rock
|turn|21
|
|t:|1758278012
|cant|p1a: Kommo-o|slp
|move|p2a: Venusaur|Sludge Bomb|p1a: Kommo-o
|-damage|p1a: Kommo-o|31/100 slp
|-damage|p2a: Venusaur|36/100|[from] item: Life Orb
|
|upkeep
|turn|22
|
|t:|1758278017
|cant|p1a: Kommo-o|slp
|move|p2a: Venusaur|Sludge Bomb|p1a: Kommo-o
|-damage|p1a: Kommo-o|0 fnt
|faint|p1a: Kommo-o
|-damage|p2a: Venusaur|26/100|[from] item: Life Orb
|
|upkeep
|-message|SimonStork forfeited.
|
|win|Nickthenickthenick
|raw|SimonStork's rating: 1394 &rarr; <strong>1372</strong><br />(-22 for losing)
|raw|Nickthenickthenick's rating: 1362 &rarr; <strong>1384</strong><br />(+22 for winning)
|l|☆SimonStork
|player|p1|
|l|☆Nickthenickthenick
|player|p2|
