|j|☆SlowbroSlowbro
|j|☆Michael00000000
|t:|1758301565
|gametype|singles
|player|p1|SlowbroSlowbro|102|1514
|player|p2|Michael00000000|clair|1485
|gen|9
|tier|[Gen 9] OU
|rated|
|rule|HP Percentage Mod: HP is shown in percentages
|rule|Endless Battle Clause: Forcing endless battles is banned
|rule|Species Clause: Limit one of each Pokémon
|rule|OHKO Clause: OHKO moves are banned
|rule|Evasion Items Clause: Evasion items are banned
|rule|Evasion Moves Clause: Evasion moves are banned
|rule|Evasion Abilities Clause: Evasion abilities are banned
|rule|Sleep Moves Clause: Sleep-inducing moves are banned
|clearpoke
|poke|p1|Gholdengo|
|poke|p1|Cinderace, F|
|poke|p1|Kingambit, M|
|poke|p1|Gliscor, F|
|poke|p1|Iron Valiant|
|poke|p1|Maushold-Four|
|poke|p2|Gardevoir, F|
|poke|p2|Iron Valiant|
|poke|p2|Arcanine, M|
|poke|p2|Hatterene, F|
|poke|p2|Dragapult, F|
|poke|p2|Milotic, F|
|teampreview
|inactive|Battle timer is ON: inactive players will automatically lose when time's up. (requested by SlowbroSlowbro)
|
|t:|1758301578
|teamsize|p1|6
|teamsize|p2|6
|start
|switch|p1a: Cinderace|Cinderace, F|100/100
|switch|p2a: Noir|Hatterene, F, shiny|100/100
|turn|1
|
|t:|1758301581
|move|p1a: Cinderace|Gunk Shot|p2a: Noir|[miss]
|-start|p1a: Cinderace|typechange|Poison|[from] ability: Libero
|-miss|p1a: Cinderace|p2a: Noir
|move|p2a: Noir|Future Sight|p1a: Cinderace
|-start|p2a: Noir|move: Future Sight
|
|upkeep
|turn|2
|
|t:|1758301584
|switch|p2a: Nimbus|Arcanine, M|100/100
|-ability|p2a: Nimbus|Intimidate|boost
|-unboost|p1a: Cinderace|atk|1
|move|p1a: Cinderace|Gunk Shot|p2a: Nimbus
|-damage|p2a: Nimbus|30/100
|-status|p2a: Nimbus|psn
|
|-damage|p2a: Nimbus|18/100 psn|[from] psn
|upkeep
|turn|3
|
|t:|1758301591
|switch|p1a: Kingambit|Kingambit, M|100/100
|move|p2a: Nimbus|Extreme Speed|p1a: Kingambit
|-resisted|p1a: Kingambit
|-damage|p1a: Kingambit|85/100
|
|-end|p1a: Kingambit|move: Future Sight
|-immune|p1a: Kingambit
|-heal|p1a: Kingambit|91/100|[from] item: Leftovers
|-damage|p2a: Nimbus|5/100 psn|[from] psn
|upkeep
|turn|4
|
|t:|1758301597
|switch|p2a: Ceteres|Milotic, F, shiny|100/100
|move|p1a: Kingambit|Sucker Punch||[still]
|-fail|p1a: Kingambit
|
|-heal|p1a: Kingambit|98/100|[from] item: Leftovers
|upkeep
|turn|5
|
|t:|1758301601
|-end|p1a: Kingambit|fallenundefined|[silent]
|switch|p1a: Gholdengo|Gholdengo|100/100
|move|p2a: Ceteres|Scald|p1a: Gholdengo
|-damage|p1a: Gholdengo|74/100
|
|-heal|p1a: Gholdengo|80/100|[from] item: Leftovers
|upkeep
|turn|6
|
|t:|1758301612
|move|p1a: Gholdengo|Shadow Ball|p2a: Ceteres
|-damage|p2a: Ceteres|70/100
|-unboost|p2a: Ceteres|spd|1
|-ability|p2a: Ceteres|Competitive|boost
|-boost|p2a: Ceteres|spa|2
|move|p2a: Ceteres|Scald|p1a: Gholdengo
|-damage|p1a: Gholdengo|26/100
|
|-heal|p1a: Gholdengo|33/100|[from] item: Leftovers
|-heal|p2a: Ceteres|76/100|[from] item: Leftovers
|upkeep
|turn|7
|
|t:|1758301619
|move|p1a: Gholdengo|Thunder Wave|p2a: Ceteres
|-status|p2a: Ceteres|par
|move|p2a: Ceteres|Scald|p1a: Gholdengo
|-damage|p1a: Gholdengo|0 fnt
|faint|p1a: Gholdengo
|
|-heal|p2a: Ceteres|82/100 par|[from] item: Leftovers
|upkeep
|
|t:|1758301629
|switch|p1a: Cinderace|Cinderace, F|100/100
|turn|8
|
|t:|1758301630
|move|p1a: Cinderace|High Jump Kick|p2a: Ceteres
|-start|p1a: Cinderace|typechange|Fighting|[from] ability: Libero
|-damage|p2a: Ceteres|12/100 par
|move|p2a: Ceteres|Scald|p1a: Cinderace
|-damage|p1a: Cinderace|24/100
|
|-heal|p2a: Ceteres|18/100 par|[from] item: Leftovers
|upkeep
|turn|9
|
|t:|1758301638
|move|p1a: Cinderace|High Jump Kick|p2a: Ceteres
|-damage|p2a: Ceteres|0 fnt
|faint|p2a: Ceteres
|
|upkeep
|
|t:|1758301649
|switch|p2a: Mercé|Dragapult, F, shiny|100/100
|turn|10
|
|t:|1758301652
|switch|p1a: Kingambit|Kingambit, M|98/100
|-activate|p1a: Kingambit|ability: Supreme Overlord
|-start|p1a: Kingambit|fallen1|[silent]
|move|p2a: Mercé|Hex|p1a: Kingambit
|-resisted|p1a: Kingambit
|-damage|p1a: Kingambit|85/100
|
|-heal|p1a: Kingambit|91/100|[from] item: Leftovers
|upkeep
|turn|11
|
|t:|1758301659
|-end|p1a: Kingambit|fallen1|[silent]
|switch|p1a: Cinderace|Cinderace, F|24/100
|move|p2a: Mercé|Will-O-Wisp|p1a: Cinderace
|-immune|p1a: Cinderace
|
|upkeep
|turn|12
|
|t:|1758301665
|move|p2a: Mercé|Hex|p1a: Cinderace
|-damage|p1a: Cinderace|0 fnt
|faint|p1a: Cinderace
|
|upkeep
|
|t:|1758301668
|switch|p1a: Maushold|Maushold-Four|100/100
|turn|13
|
|t:|1758301676
|move|p2a: Mercé|Draco Meteor|p1a: Maushold
|-damage|p1a: Maushold|16/100
|-unboost|p2a: Mercé|spa|2
|move|p1a: Maushold|Thunder Wave|p2a: Mercé
|-status|p2a: Mercé|par
|
|upkeep
|turn|14
|
|t:|1758301680
|move|p1a: Maushold|Bite|p2a: Mercé
|-supereffective|p2a: Mercé
|-damage|p2a: Mercé|44/100 par
|move|p2a: Mercé|Draco Meteor|p1a: Maushold
|-damage|p1a: Maushold|0 fnt
|-unboost|p2a: Mercé|spa|2
|faint|p1a: Maushold
|
|upkeep
|
|t:|1758301691
|switch|p1a: Iron Valiant|Iron Valiant|100/100
|-enditem|p1a: Iron Valiant|Booster Energy
|-activate|p1a: Iron Valiant|ability: Quark Drive|[fromitem]
|-start|p1a: Iron Valiant|quarkdrivespe
|turn|15
|
|t:|1758301698
|switch|p2a: Nimbus|Arcanine, M|5/100 psn
|-ability|p2a: Nimbus|Intimidate|boost
|-unboost|p1a: Iron Valiant|atk|1
|move|p1a: Iron Valiant|Knock Off|p2a: Nimbus
|-damage|p2a: Nimbus|0 fnt
|-enditem|p2a: Nimbus|Choice Band|[from] move: Knock Off|[of] p1a: Iron Valiant
|faint|p2a: Nimbus
|
|upkeep
|
|t:|1758301704
|switch|p2a: Noir|Hatterene, F, shiny|100/100
|turn|16
|
|t:|1758301707
|-end|p1a: Iron Valiant|Quark Drive|[silent]
|switch|p1a: Kingambit|Kingambit, M|91/100
|-activate|p1a: Kingambit|ability: Supreme Overlord
|-start|p1a: Kingambit|fallen3|[silent]
|move|p2a: Noir|Mystical Fire|p1a: Kingambit
|-supereffective|p1a: Kingambit
|-damage|p1a: Kingambit|30/100
|-unboost|p1a: Kingambit|spa|1
|
|-heal|p1a: Kingambit|36/100|[from] item: Leftovers
|upkeep
|turn|17
|
|t:|1758301724
|switch|p2a: Mercé|Dragapult, F, shiny|44/100 par
|-terastallize|p1a: Kingambit|Flying
|move|p1a: Kingambit|Iron Head|p2a: Mercé
|-damage|p2a: Mercé|0 fnt
|faint|p2a: Mercé
|
|-heal|p1a: Kingambit|42/100|[from] item: Leftovers
|upkeep
|
|t:|1758301728
|switch|p2a: Hermé|Iron Valiant, shiny|100/100
|-enditem|p2a: Hermé|Booster Energy
|-activate|p2a: Hermé|ability: Quark Drive|[fromitem]
|-start|p2a: Hermé|quarkdrivespe
|turn|18
|
|t:|1758301740
|-terastallize|p2a: Hermé|Dark
|move|p2a: Hermé|Knock Off|p1a: Kingambit
|-damage|p1a: Kingambit|4/100
|-enditem|p1a: Kingambit|Leftovers|[from] move: Knock Off|[of] p2a: Hermé
|move|p1a: Kingambit|Iron Head|p2a: Hermé
|-damage|p2a: Hermé|23/100
|
|upkeep
|turn|19
|
|t:|1758301746
|move|p1a: Kingambit|Sucker Punch||[still]
|-fail|p1a: Kingambit
|move|p2a: Hermé|Destiny Bond|p2a: Hermé
|-singlemove|p2a: Hermé|Destiny Bond
|
|upkeep
|turn|20
|
|t:|1758301750
|move|p1a: Kingambit|Sucker Punch|p2a: Hermé
|-resisted|p2a: Hermé
|-damage|p2a: Hermé|0 fnt
|faint|p2a: Hermé
|-activate|p2a: Hermé|move: Destiny Bond
|-end|p2a: Hermé|Quark Drive|[silent]
|faint|p1a: Kingambit
|-end|p1a: Kingambit|fallen3|[silent]
|
|upkeep
|
|t:|1758301757
|switch|p2a: Noir|Hatterene, F, shiny|100/100
|switch|p1a: Gliscor|Gliscor, F|100/100
|turn|21
|
|t:|1758301764
|move|p1a: Gliscor|Knock Off|p2a: Noir
|-damage|p2a: Noir|79/100
|-enditem|p2a: Noir|Assault Vest|[from] move: Knock Off|[of] p1a: Gliscor
|move|p2a: Noir|Future Sight|p1a: Gliscor
|-start|p2a: Noir|move: Future Sight
|
|-status|p1a: Gliscor|tox|[from] item: Toxic Orb
|upkeep
|turn|22
|
|t:|1758301771
|move|p1a: Gliscor|Knock Off|p2a: Noir
|-damage|p2a: Noir|61/100
|move|p2a: Noir|Draining Kiss|p1a: Gliscor
|-damage|p1a: Gliscor|66/100 tox
|-heal|p2a: Noir|92/100|[from] drain|[of] p1a: Gliscor
|
|-heal|p1a: Gliscor|78/100 tox|[from] ability: Poison Heal
|upkeep
|turn|23
|
|t:|1758301774
|move|p1a: Gliscor|Knock Off|p2a: Noir
|-damage|p2a: Noir|75/100
|move|p2a: Noir|Draining Kiss|p1a: Gliscor
|-damage|p1a: Gliscor|44/100 tox
|-heal|p2a: Noir|100/100|[from] drain|[of] p1a: Gliscor
|
|-end|p1a: Gliscor|move: Future Sight
|-damage|p1a: Gliscor|0 fnt
|faint|p1a: Gliscor
|upkeep
|
|t:|1758301776
|switch|p1a: Iron Valiant|Iron Valiant|100/100
|turn|24
|
|t:|1758301780
|move|p1a: Iron Valiant|Moonblast|p2a: Noir
|-damage|p2a: Noir|61/100
|move|p2a: Noir|Draining Kiss|p1a: Iron Valiant
|-supereffective|p1a: Iron Valiant
|-damage|p1a: Iron Valiant|0 fnt
|-heal|p2a: Noir|100/100|[from] drain|[of] p1a: Iron Valiant
|faint|p1a: Iron Valiant
|-end|p1a: Iron Valiant|Quark Drive|[silent]
|
|win|Michael00000000
|raw|SlowbroSlowbro's rating: 1514 &rarr; <strong>1492</strong><br />(-22 for losing)
|raw|Michael00000000's rating: 1485 &rarr; <strong>1507</strong><br />(+22 for winning)
|c|☆Michael00000000|gg wp
|l|☆SlowbroSlowbro
|player|p1|
|l|☆Michael00000000
|player|p2|
