|j|☆chigiri22
|j|☆jslo32193
|t:|1758312509
|gametype|singles
|player|p1|chigiri22|1|1123
|player|p2|jslo32193|lance|1155
|gen|9
|tier|[Gen 9] OU
|rated|
|rule|HP Percentage Mod: HP is shown in percentages
|rule|Endless Battle Clause: Forcing endless battles is banned
|rule|Species Clause: Limit one of each Pokémon
|rule|OHKO Clause: OHKO moves are banned
|rule|Evasion Items Clause: Evasion items are banned
|rule|Evasion Moves Clause: Evasion moves are banned
|rule|Evasion Abilities Clause: Evasion abilities are banned
|rule|Sleep Moves Clause: Sleep-inducing moves are banned
|clearpoke
|poke|p1|Latias, F|
|poke|p1|Iron Crown|
|poke|p1|Metagross|
|poke|p1|Veluza, M|
|poke|p1|Bruxish, F|
|poke|p1|Indeedee, M|
|poke|p2|Dragonite, M|
|poke|p2|Articuno|
|poke|p2|Forretress, M|
|poke|p2|Greninja-*, M|
|poke|p2|Zapdos|
|poke|p2|Blaziken, M|
|teampreview
|
|t:|1758312514
|teamsize|p1|6
|teamsize|p2|6
|start
|switch|p1a: Indeedee|Indeedee, M|100/100
|switch|p2a: Zapdos|Zapdos, shiny|100/100
|-fieldstart|move: Psychic Terrain|[from] ability: Psychic Surge|[of] p1a: Indeedee
|turn|1
|
|t:|1758312521
|move|p2a: Zapdos|Volt Switch|p1a: Indeedee
|-damage|p1a: Indeedee|49/100
|
|t:|1758312530
|switch|p2a: Luke|Dragonite, M, shiny|100/100|[from] Volt Switch
|move|p1a: Indeedee|Expanding Force|p2a: Luke
|-damage|p2a: Luke|68/100
|
|-heal|p2a: Luke|74/100|[from] item: Leftovers
|upkeep
|turn|2
|
|t:|1758312539
|switch|p1a: Bruxish|Bruxish, F|100/100
|move|p2a: Luke|Dragon Dance|p2a: Luke
|-boost|p2a: Luke|atk|1
|-boost|p2a: Luke|spe|1
|
|-heal|p2a: Luke|80/100|[from] item: Leftovers
|upkeep
|turn|3
|
|t:|1758312556
|-terastallize|p2a: Luke|Normal
|move|p2a: Luke|Extreme Speed|p1a: Bruxish
|-activate|p1a: Bruxish|move: Psychic Terrain
|move|p1a: Bruxish|Psychic Fangs|p2a: Luke
|-damage|p2a: Luke|3/100
|
|-heal|p2a: Luke|9/100|[from] item: Leftovers
|upkeep
|turn|4
|
|t:|1758312570
|move|p2a: Luke|Extreme Speed|p1a: Bruxish
|-activate|p1a: Bruxish|move: Psychic Terrain
|move|p1a: Bruxish|Psychic Fangs|p2a: Luke
|-damage|p2a: Luke|0 fnt
|faint|p2a: Luke
|
|upkeep
|
|t:|1758312593
|switch|p2a: Forretress|Forretress, M|100/100
|turn|5
|
|t:|1758312610
|move|p1a: Bruxish|Psychic Fangs|p2a: Forretress
|-resisted|p2a: Forretress
|-damage|p2a: Forretress|79/100
|move|p2a: Forretress|Toxic Spikes|p1a: Bruxish
|-sidestart|p1: chigiri22|move: Toxic Spikes
|
|-heal|p2a: Forretress|85/100|[from] item: Leftovers
|upkeep
|turn|6
|
|t:|1758312617
|switch|p1a: Iron Crown|Iron Crown|100/100
|-enditem|p1a: Iron Crown|Booster Energy
|-activate|p1a: Iron Crown|ability: Quark Drive|[fromitem]
|-start|p1a: Iron Crown|quarkdrivespa
|move|p2a: Forretress|Toxic Spikes|p1a: Iron Crown
|-sidestart|p1: chigiri22|move: Toxic Spikes
|
|-heal|p2a: Forretress|91/100|[from] item: Leftovers
|upkeep
|turn|7
|
|t:|1758312625
|-terastallize|p1a: Iron Crown|Fire
|move|p1a: Iron Crown|Tera Blast|p2a: Forretress|[anim] Tera Blast Fire
|-supereffective|p2a: Forretress
|-damage|p2a: Forretress|0 fnt
|faint|p2a: Forretress
|
|upkeep
|
|t:|1758312635
|switch|p2a: Greninja|Greninja, M|100/100
|turn|8
|
|t:|1758312650
|move|p2a: Greninja|Dark Pulse|p1a: Iron Crown
|-damage|p1a: Iron Crown|52/100
|-damage|p2a: Greninja|91/100|[from] item: Life Orb
|move|p1a: Iron Crown|Volt Switch|p2a: Greninja
|-supereffective|p2a: Greninja
|-damage|p2a: Greninja|0 fnt
|faint|p2a: Greninja
|
|t:|1758312665
|-end|p1a: Iron Crown|Quark Drive|[silent]
|switch|p1a: Latias|Latias, F|100/100|[from] Volt Switch
|
|-fieldend|move: Psychic Terrain
|upkeep
|
|t:|1758312672
|switch|p2a: Articuno|Articuno|100/100
|-ability|p2a: Articuno|Pressure
|turn|9
|
|t:|1758312677
|move|p1a: Latias|Calm Mind|p1a: Latias
|-boost|p1a: Latias|spa|1
|-boost|p1a: Latias|spd|1
|move|p2a: Articuno|Ice Beam|p1a: Latias
|-supereffective|p1a: Latias
|-damage|p1a: Latias|65/100
|-status|p1a: Latias|frz
|
|upkeep
|turn|10
|
|t:|1758312689
|cant|p1a: Latias|frz
|move|p2a: Articuno|Freeze-Dry|p1a: Latias
|-supereffective|p1a: Latias
|-damage|p1a: Latias|37/100 frz
|
|upkeep
|turn|11
|
|t:|1758312694
|-curestatus|p1a: Latias|frz|[msg]
|move|p1a: Latias|Mist Ball|p2a: Articuno
|-damage|p2a: Articuno|60/100
|move|p2a: Articuno|Ice Beam|p1a: Latias
|-supereffective|p1a: Latias
|-damage|p1a: Latias|0 fnt
|faint|p1a: Latias
|
|-heal|p2a: Articuno|66/100|[from] item: Leftovers
|upkeep
|
|t:|1758312700
|switch|p1a: Indeedee|Indeedee, M|49/100
|-status|p1a: Indeedee|tox
|-fieldstart|move: Psychic Terrain|[from] ability: Psychic Surge|[of] p1a: Indeedee
|turn|12
|
|t:|1758312707
|move|p1a: Indeedee|Expanding Force|p2a: Articuno
|-damage|p2a: Articuno|27/100
|move|p2a: Articuno|Roost|p2a: Articuno
|-heal|p2a: Articuno|77/100
|-singleturn|p2a: Articuno|move: Roost
|
|-heal|p2a: Articuno|84/100|[from] item: Leftovers
|-damage|p1a: Indeedee|43/100 tox|[from] psn
|upkeep
|turn|13
|
|t:|1758312716
|switch|p1a: Veluza|Veluza, M|100/100
|-status|p1a: Veluza|tox
|move|p2a: Articuno|Roost|p2a: Articuno
|-heal|p2a: Articuno|100/100
|-singleturn|p2a: Articuno|move: Roost
|
|-damage|p1a: Veluza|94/100 tox|[from] psn
|upkeep
|turn|14
|
|t:|1758312725
|move|p1a: Veluza|Fillet Away|p1a: Veluza
|-boost|p1a: Veluza|atk|2
|-boost|p1a: Veluza|spa|2
|-boost|p1a: Veluza|spe|2
|-damage|p1a: Veluza|44/100 tox
|-enditem|p1a: Veluza|Sitrus Berry|[eat]
|-heal|p1a: Veluza|69/100 tox|[from] item: Sitrus Berry
|move|p2a: Articuno|Freeze-Dry|p1a: Veluza
|-supereffective|p1a: Veluza
|-damage|p1a: Veluza|0 fnt
|faint|p1a: Veluza
|
|upkeep
|
|t:|1758312732
|switch|p1a: Metagross|Metagross|100/100
|turn|15
|
|t:|1758312744
|move|p1a: Metagross|Agility|p1a: Metagross
|-boost|p1a: Metagross|spe|2
|move|p2a: Articuno|Roar|p1a: Metagross
|drag|p1a: Iron Crown|Iron Crown, tera:Fire|52/100
|-status|p1a: Iron Crown|tox
|
|-damage|p1a: Iron Crown|46/100 tox|[from] psn
|upkeep
|turn|16
|
|t:|1758312766
|move|p1a: Iron Crown|Expanding Force|p2a: Articuno
|-damage|p2a: Articuno|53/100
|move|p2a: Articuno|Roar|p1a: Iron Crown
|-end|p1a: Iron Crown|Quark Drive|[silent]
|drag|p1a: Bruxish|Bruxish, F|100/100
|-status|p1a: Bruxish|tox
|
|-heal|p2a: Articuno|59/100|[from] item: Leftovers
|-damage|p1a: Bruxish|94/100 tox|[from] psn
|upkeep
|turn|17
|
|t:|1758312775
|move|p1a: Bruxish|Psychic Fangs|p2a: Articuno
|-crit|p2a: Articuno
|-damage|p2a: Articuno|0 fnt
|faint|p2a: Articuno
|
|-damage|p1a: Bruxish|82/100 tox|[from] psn
|upkeep
|
|t:|1758312780
|switch|p2a: Zapdos|Zapdos, shiny|100/100
|turn|18
|
|t:|1758312786
|move|p2a: Zapdos|Thunderbolt|p1a: Bruxish
|-supereffective|p1a: Bruxish
|-damage|p1a: Bruxish|0 fnt
|faint|p1a: Bruxish
|
|upkeep
|
|t:|1758312789
|switch|p1a: Metagross|Metagross|100/100
|turn|19
|
|t:|1758312798
|move|p2a: Zapdos|Thunderbolt|p1a: Metagross
|-damage|p1a: Metagross|48/100
|move|p1a: Metagross|Agility|p1a: Metagross
|-boost|p1a: Metagross|spe|2
|
|-fieldend|move: Psychic Terrain
|upkeep
|turn|20
|
|t:|1758312809
|move|p2a: Zapdos|Thunderbolt|p1a: Metagross
|-damage|p1a: Metagross|0 fnt
|faint|p1a: Metagross
|
|upkeep
|-message|chigiri22 forfeited.
|
|win|jslo32193
|raw|chigiri22's rating: 1123 &rarr; <strong>1100</strong><br />(-23 for losing)
|raw|jslo32193's rating: 1155 &rarr; <strong>1178</strong><br />(+23 for winning)
|l|☆chigiri22
|player|p1|
|l|☆jslo32193
|player|p2|
