|j|☆newest player1
|j|☆AlolanskiMarowak
|t:|1758374945
|gametype|singles
|player|p1|newest player1|li|1101
|player|p2|AlolanskiMarowak|unknown|1065
|gen|9
|tier|[Gen 9] OU
|rated|
|rule|HP Percentage Mod: HP is shown in percentages
|rule|Endless Battle Clause: Forcing endless battles is banned
|rule|Species Clause: Limit one of each Pokémon
|rule|OHKO Clause: OHKO moves are banned
|rule|Evasion Items Clause: Evasion items are banned
|rule|Evasion Moves Clause: Evasion moves are banned
|rule|Evasion Abilities Clause: Evasion abilities are banned
|rule|Sleep Moves Clause: Sleep-inducing moves are banned
|clearpoke
|poke|p1|Iron Moth|
|poke|p1|Ting-Lu|
|poke|p1|Ogerpon-Wellspring, F|
|poke|p1|Gholdengo|
|poke|p1|Dragonite, F|
|poke|p1|Glimmora, M|
|poke|p2|Reuniclus, F|
|poke|p2|Incineroar, M|
|poke|p2|Haunter, F|
|poke|p2|Porygon-Z|
|poke|p2|Rampardos, F|
|poke|p2|Nosepass, F|
|teampreview
|inactive|Battle timer is ON: inactive players will automatically lose when time's up. (requested by AlolanskiMarowak)
|inactive|newest player1 has 120 seconds left.
|
|t:|1758374993
|teamsize|p1|6
|teamsize|p2|6
|start
|switch|p1a: Ogerpon|Ogerpon-Wellspring, F|100/100
|switch|p2a: Reuniclus|Reuniclus, F, shiny|100/100
|turn|1
|
|t:|1758374999
|move|p1a: Ogerpon|U-turn|p2a: Reuniclus
|-supereffective|p2a: Reuniclus
|-damage|p2a: Reuniclus|52/100
|
|t:|1758375002
|switch|p1a: Ting-Lu|Ting-Lu|100/100|[from] U-turn
|-ability|p1a: Ting-Lu|Vessel of Ruin
|move|p2a: Reuniclus|Acid Armor|p2a: Reuniclus
|-boost|p2a: Reuniclus|def|2
|
|-heal|p2a: Reuniclus|58/100|[from] item: Leftovers
|upkeep
|turn|2
|
|t:|1758375009
|-terastallize|p2a: Reuniclus|Fairy
|move|p2a: Reuniclus|Acid Armor|p2a: Reuniclus
|-boost|p2a: Reuniclus|def|2
|move|p1a: Ting-Lu|Whirlwind|p2a: Reuniclus
|drag|p2a: Porygon-Z|Porygon-Z|100/100
|
|upkeep
|turn|3
|
|t:|1758375021
|move|p2a: Porygon-Z|Ice Beam|p1a: Ting-Lu
|-supereffective|p1a: Ting-Lu
|-damage|p1a: Ting-Lu|76/100
|move|p1a: Ting-Lu|Stealth Rock|p2a: Porygon-Z
|-sidestart|p2: AlolanskiMarowak|move: Stealth Rock
|
|-heal|p1a: Ting-Lu|82/100|[from] item: Leftovers
|upkeep
|turn|4
|
|t:|1758375031
|switch|p2a: Haunter|Haunter, F|100/100
|-damage|p2a: Haunter|88/100|[from] Stealth Rock
|move|p1a: Ting-Lu|Ruination|p2a: Haunter
|-damage|p2a: Haunter|45/100
|
|-heal|p1a: Ting-Lu|88/100|[from] item: Leftovers
|upkeep
|turn|5
|
|t:|1758375042
|move|p2a: Haunter|Will-O-Wisp|p1a: Ting-Lu
|-status|p1a: Ting-Lu|brn
|move|p1a: Ting-Lu|Whirlwind|p2a: Haunter
|drag|p2a: Incineroar|Incineroar, M|100/100
|-damage|p2a: Incineroar|76/100|[from] Stealth Rock
|-ability|p2a: Incineroar|Intimidate|boost
|-unboost|p1a: Ting-Lu|atk|1
|
|-heal|p1a: Ting-Lu|94/100 brn|[from] item: Leftovers
|-damage|p1a: Ting-Lu|88/100 brn|[from] brn
|upkeep
|turn|6
|
|t:|1758375051
|move|p2a: Incineroar|Fake Out|p1a: Ting-Lu
|-damage|p1a: Ting-Lu|80/100 brn
|cant|p1a: Ting-Lu|flinch
|
|-heal|p1a: Ting-Lu|86/100 brn|[from] item: Leftovers
|-damage|p1a: Ting-Lu|80/100 brn|[from] brn
|upkeep
|turn|7
|
|t:|1758375054
|move|p2a: Incineroar|Parting Shot|p1a: Ting-Lu
|-unboost|p1a: Ting-Lu|atk|1
|-unboost|p1a: Ting-Lu|spa|1
|
|t:|1758375056
|switch|p2a: Haunter|Haunter, F|45/100|[from] Parting Shot
|-damage|p2a: Haunter|33/100|[from] Stealth Rock
|move|p1a: Ting-Lu|Ruination|p2a: Haunter
|-damage|p2a: Haunter|17/100
|
|-heal|p1a: Ting-Lu|86/100 brn|[from] item: Leftovers
|-damage|p1a: Ting-Lu|80/100 brn|[from] brn
|upkeep
|turn|8
|
|t:|1758375062
|move|p2a: Haunter|Curse|p1a: Ting-Lu
|-start|p1a: Ting-Lu|Curse|[of] p2a: Haunter
|-damage|p2a: Haunter|0 fnt
|faint|p2a: Haunter
|move|p1a: Ting-Lu|Whirlwind|p2: Haunter|[notarget]
|-fail|p1a: Ting-Lu
|
|-heal|p1a: Ting-Lu|86/100 brn|[from] item: Leftovers
|-damage|p1a: Ting-Lu|80/100 brn|[from] brn
|-damage|p1a: Ting-Lu|55/100 brn|[from] Curse
|upkeep
|
|t:|1758375074
|switch|p2a: Incineroar|Incineroar, M|76/100
|-damage|p2a: Incineroar|51/100|[from] Stealth Rock
|-ability|p2a: Incineroar|Intimidate|boost
|-unboost|p1a: Ting-Lu|atk|1
|turn|9
|l|☆AlolanskiMarowak
|inactive|AlolanskiMarowak disconnected and has a minute to reconnect!
|player|p2|
|
|t:|1758375098
|switch|p1a: Glimmora|Glimmora, M|100/100
|move|p2a: Incineroar|Fake Out|p1a: Glimmora
|-resisted|p1a: Glimmora
|-damage|p1a: Glimmora|95/100
|-activate|p1a: Glimmora|ability: Toxic Debris
|-sidestart|p2: AlolanskiMarowak|move: Toxic Spikes
|-enditem|p1a: Glimmora|Red Card|[of] p2a: Incineroar
|drag|p2a: Nosepass|Nosepass, F, shiny|100/100
|-damage|p2a: Nosepass|88/100|[from] Stealth Rock
|-status|p2a: Nosepass|psn
|
|-damage|p2a: Nosepass|76/100 psn|[from] psn
|upkeep
|turn|10
|j|☆AlolanskiMarowak
|inactive|AlolanskiMarowak reconnected and has 150 seconds left.
|player|p2|AlolanskiMarowak|unknown|
|
|t:|1758375106
|move|p1a: Glimmora|Spikes|p2a: Nosepass
|-sidestart|p2: AlolanskiMarowak|Spikes
|move|p2a: Nosepass|Body Press|p1a: Glimmora
|-damage|p1a: Glimmora|71/100
|-activate|p1a: Glimmora|ability: Toxic Debris
|-sidestart|p2: AlolanskiMarowak|move: Toxic Spikes
|
|-damage|p2a: Nosepass|64/100 psn|[from] psn
|upkeep
|turn|11
|
|t:|1758375112
|move|p1a: Glimmora|Spikes|p2a: Nosepass
|-sidestart|p2: AlolanskiMarowak|Spikes
|move|p2a: Nosepass|Stealth Rock|p1a: Glimmora
|-sidestart|p1: newest player1|move: Stealth Rock
|
|-damage|p2a: Nosepass|52/100 psn|[from] psn
|upkeep
|turn|12
|
|t:|1758375118
|move|p1a: Glimmora|Mortal Spin|p2a: Nosepass
|-resisted|p2a: Nosepass
|-damage|p2a: Nosepass|50/100 psn
|-sideend|p1: newest player1|Stealth Rock|[from] move: Mortal Spin|[of] p1a: Glimmora
|move|p2a: Nosepass|Volt Switch|p1a: Glimmora
|-damage|p1a: Glimmora|62/100
|
|t:|1758375121
|switch|p2a: Incineroar|Incineroar, M|51/100|[from] Volt Switch
|-damage|p2a: Incineroar|26/100|[from] Stealth Rock
|-status|p2a: Incineroar|tox
|-damage|p2a: Incineroar|9/100 tox|[from] Spikes
|-ability|p2a: Incineroar|Intimidate|boost
|-unboost|p1a: Glimmora|atk|1
|
|-damage|p2a: Incineroar|3/100 tox|[from] psn
|upkeep
|turn|13
|
|t:|1758375136
|move|p1a: Glimmora|Spikes|p2a: Incineroar
|-sidestart|p2: AlolanskiMarowak|Spikes
|move|p2a: Incineroar|Parting Shot|p1a: Glimmora
|-unboost|p1a: Glimmora|atk|1
|-unboost|p1a: Glimmora|spa|1
|
|t:|1758375144
|switch|p2a: Reuniclus|Reuniclus, F, shiny, tera:Fairy|58/100|[from] Parting Shot
|-status|p2a: Reuniclus|tox
|
|-heal|p2a: Reuniclus|64/100 tox|[from] item: Leftovers
|upkeep
|turn|14
|inactive|newest player1 has 120 seconds left.
|
|t:|1758375179
|switch|p1a: Ting-Lu|Ting-Lu|55/100 brn
|-ability|p1a: Ting-Lu|Vessel of Ruin
|move|p2a: Reuniclus|Acid Armor|p2a: Reuniclus
|-boost|p2a: Reuniclus|def|2
|
|-heal|p1a: Ting-Lu|61/100 brn|[from] item: Leftovers
|-heal|p2a: Reuniclus|70/100 tox|[from] item: Leftovers
|-damage|p1a: Ting-Lu|55/100 brn|[from] brn
|upkeep
|turn|15
|
|t:|1758375187
|move|p2a: Reuniclus|Tera Blast|p1a: Ting-Lu|[anim] Tera Blast Fairy
|-supereffective|p1a: Ting-Lu
|-damage|p1a: Ting-Lu|19/100 brn
|move|p1a: Ting-Lu|Whirlwind|p2a: Reuniclus
|drag|p2a: Incineroar|Incineroar, M|3/100 tox
|-damage|p2a: Incineroar|0 fnt|[from] Stealth Rock
|faint|p2a: Incineroar
|
|-heal|p1a: Ting-Lu|25/100 brn|[from] item: Leftovers
|-damage|p1a: Ting-Lu|19/100 brn|[from] brn
|upkeep
|
|t:|1758375195
|switch|p2a: Nosepass|Nosepass, F, shiny|50/100 psn
|-damage|p2a: Nosepass|38/100 psn|[from] Stealth Rock
|-damage|p2a: Nosepass|13/100 psn|[from] Spikes
|turn|16
|
|t:|1758375204
|switch|p1a: Glimmora|Glimmora, M|62/100
|move|p2a: Nosepass|Body Press|p1a: Glimmora
|-damage|p1a: Glimmora|36/100
|
|-damage|p2a: Nosepass|1/100 psn|[from] psn
|upkeep
|turn|17
|
|t:|1758375215
|move|p1a: Glimmora|Mortal Spin|p2a: Nosepass
|-resisted|p2a: Nosepass
|-damage|p2a: Nosepass|0 fnt
|faint|p2a: Nosepass
|
|upkeep
|
|t:|1758375219
|switch|p2a: Reuniclus|Reuniclus, F, shiny, tera:Fairy|70/100 tox
|turn|18
|
|t:|1758375226
|move|p1a: Glimmora|Power Gem|p2a: Reuniclus
|-damage|p2a: Reuniclus|40/100 tox
|move|p2a: Reuniclus|Acid Armor|p2a: Reuniclus
|-boost|p2a: Reuniclus|def|2
|
|-heal|p2a: Reuniclus|46/100 tox|[from] item: Leftovers
|upkeep
|turn|19
|
|t:|1758375231
|move|p1a: Glimmora|Power Gem|p2a: Reuniclus
|-damage|p2a: Reuniclus|13/100 tox
|move|p2a: Reuniclus|Calm Mind|p2a: Reuniclus
|-boost|p2a: Reuniclus|spa|1
|-boost|p2a: Reuniclus|spd|1
|
|-heal|p2a: Reuniclus|19/100 tox|[from] item: Leftovers
|upkeep
|turn|20
|
|t:|1758375237
|move|p1a: Glimmora|Power Gem|p2a: Reuniclus
|-damage|p2a: Reuniclus|0 fnt
|faint|p2a: Reuniclus
|
|upkeep
|
|t:|1758375241
|switch|p2a: Rampardos|Rampardos, F|100/100
|-damage|p2a: Rampardos|88/100|[from] Stealth Rock
|-status|p2a: Rampardos|tox
|-damage|p2a: Rampardos|63/100 tox|[from] Spikes
|-ability|p2a: Rampardos|Mold Breaker
|turn|21
|c|☆newest player1|xd
|
|t:|1758375247
|move|p1a: Glimmora|Earth Power|p2a: Rampardos
|-supereffective|p2a: Rampardos
|-damage|p2a: Rampardos|0 fnt
|faint|p2a: Rampardos
|
|upkeep
|
|t:|1758375250
|switch|p2a: Porygon-Z|Porygon-Z|100/100
|-damage|p2a: Porygon-Z|88/100|[from] Stealth Rock
|-status|p2a: Porygon-Z|tox
|-damage|p2a: Porygon-Z|64/100 tox|[from] Spikes
|turn|22
|
|t:|1758375254
|move|p2a: Porygon-Z|Psyshock|p1a: Glimmora
|-supereffective|p1a: Glimmora
|-damage|p1a: Glimmora|0 fnt
|faint|p1a: Glimmora
|
|-damage|p2a: Porygon-Z|57/100 tox|[from] psn
|upkeep
|
|t:|1758375262
|switch|p1a: Ting-Lu|Ting-Lu|19/100 brn
|-ability|p1a: Ting-Lu|Vessel of Ruin
|turn|23
|
|t:|1758375265
|move|p2a: Porygon-Z|Ice Beam|p1a: Ting-Lu
|-supereffective|p1a: Ting-Lu
|-damage|p1a: Ting-Lu|0 fnt
|faint|p1a: Ting-Lu
|
|-damage|p2a: Porygon-Z|45/100 tox|[from] psn
|upkeep
|
|t:|1758375279
|switch|p1a: Gholdengo|Gholdengo|100/100
|turn|24
|
|t:|1758375284
|move|p1a: Gholdengo|Make It Rain|p2a: Porygon-Z
|-damage|p2a: Porygon-Z|0 fnt
|-unboost|p1a: Gholdengo|spa|1
|faint|p2a: Porygon-Z
|
|win|newest player1
|raw|newest player1's rating: 1101 &rarr; <strong>1123</strong><br />(+22 for winning)
|raw|AlolanskiMarowak's rating: 1065 &rarr; <strong>1047</strong><br />(-18 for losing)
|l|☆AlolanskiMarowak
|player|p2|
|l|☆newest player1
|player|p1|
