|j|☆TBorgel
|j|☆Tanaco
|t:|1758243348
|gametype|singles
|player|p1|TBorgel|steven|1121
|player|p2|Tanaco|rocketgrunt|1074
|gen|9
|tier|[Gen 9] OU
|rated|
|rule|HP Percentage Mod: HP is shown in percentages
|rule|Endless Battle Clause: Forcing endless battles is banned
|rule|Species Clause: Limit one of each Pokémon
|rule|OHKO Clause: OHKO moves are banned
|rule|Evasion Items Clause: Evasion items are banned
|rule|Evasion Moves Clause: Evasion moves are banned
|rule|Evasion Abilities Clause: Evasion abilities are banned
|rule|Sleep Moves Clause: Sleep-inducing moves are banned
|clearpoke
|poke|p1|Clefable, F|
|poke|p1|Scizor, M|
|poke|p1|Samurott-Hisui, F|
|poke|p1|Iron Treads|
|poke|p1|Landorus-Therian, M|
|poke|p1|Zapdos|
|poke|p2|Haunter, M|
|poke|p2|Salazzle, F|
|poke|p2|Vaporeon, M|
|poke|p2|Torkoal, M|
|poke|p2|Meowscarada, F|
|poke|p2|Moltres|
|teampreview
|
|t:|1758243373
|teamsize|p1|6
|teamsize|p2|6
|start
|switch|p1a: Zapdos|Zapdos|100/100
|switch|p2a: Vaporeon|Vaporeon, M|100/100
|turn|1
|inactive|Battle timer is ON: inactive players will automatically lose when time's up. (requested by TBorgel)
|
|t:|1758243390
|move|p1a: Zapdos|Thunderbolt|p2a: Vaporeon
|-supereffective|p2a: Vaporeon
|-damage|p2a: Vaporeon|53/100
|-status|p2a: Vaporeon|par
|move|p2a: Vaporeon|Wish|p2a: Vaporeon
|
|upkeep
|turn|2
|
|t:|1758243403
|switch|p2a: Haunter|Haunter, M|100/100
|move|p1a: Zapdos|Tailwind|p1a: Zapdos
|-sidestart|p1: TBorgel|move: Tailwind
|
|upkeep
|turn|3
|
|t:|1758243413
|move|p1a: Zapdos|Volt Switch|p2a: Haunter
|-damage|p2a: Haunter|58/100
|
|t:|1758243417
|switch|p1a: Samurott|Samurott-Hisui, F|100/100|[from] Volt Switch
|move|p2a: Haunter|Toxic|p1a: Samurott
|-status|p1a: Samurott|tox
|
|-damage|p1a: Samurott|94/100 tox|[from] psn
|upkeep
|turn|4
|
|t:|1758243429
|switch|p2a: Vaporeon|Vaporeon, M|53/100 par
|move|p1a: Samurott|Ceaseless Edge|p2a: Vaporeon
|-damage|p2a: Vaporeon|4/100 par
|-sidestart|p2: Tanaco|Spikes
|
|-damage|p1a: Samurott|82/100 tox|[from] psn
|upkeep
|turn|5
|
|t:|1758243437
|move|p1a: Samurott|Ceaseless Edge|p2a: Vaporeon
|-damage|p2a: Vaporeon|0 fnt
|-sidestart|p2: Tanaco|Spikes
|faint|p2a: Vaporeon
|
|-damage|p1a: Samurott|63/100 tox|[from] psn
|-sideend|p1: TBorgel|move: Tailwind
|upkeep
|
|t:|1758243439
|switch|p2a: Torkoal|Torkoal, M|100/100
|-damage|p2a: Torkoal|84/100|[from] Spikes
|turn|6
|
|t:|1758243461
|switch|p1a: Zapdos|Zapdos|100/100
|move|p2a: Torkoal|Rapid Spin|p1a: Zapdos
|-damage|p1a: Zapdos|92/100
|-boost|p2a: Torkoal|spe|1
|-damage|p2a: Torkoal|67/100|[from] item: Rocky Helmet|[of] p1a: Zapdos
|-status|p2a: Torkoal|par|[from] ability: Static|[of] p1a: Zapdos
|-sideend|p2: Tanaco|Spikes|[from] move: Rapid Spin|[of] p2a: Torkoal
|
|upkeep
|turn|7
|
|t:|1758243477
|move|p1a: Zapdos|Thunderbolt|p2a: Torkoal
|-damage|p2a: Torkoal|19/100 par
|move|p2a: Torkoal|Shell Smash|p2a: Torkoal
|-unboost|p2a: Torkoal|def|1
|-unboost|p2a: Torkoal|spd|1
|-boost|p2a: Torkoal|atk|2
|-boost|p2a: Torkoal|spa|2
|-boost|p2a: Torkoal|spe|2
|-enditem|p2a: Torkoal|Eject Pack
|
|t:|1758243488
|switch|p2a: Meowscarada|Meowscarada, F|100/100
|
|upkeep
|turn|8
|
|t:|1758243494
|move|p2a: Meowscarada|Copycat|p2a: Meowscarada
|move|p2a: Meowscarada|Shell Smash|p2a: Meowscarada|[from] move: Copycat
|-start|p2a: Meowscarada|typechange|Normal|[from] ability: Protean
|-unboost|p2a: Meowscarada|def|1
|-unboost|p2a: Meowscarada|spd|1
|-boost|p2a: Meowscarada|atk|2
|-boost|p2a: Meowscarada|spa|2
|-boost|p2a: Meowscarada|spe|2
|move|p1a: Zapdos|Tailwind|p1a: Zapdos
|-sidestart|p1: TBorgel|move: Tailwind
|
|upkeep
|turn|9
|
|t:|1758243508
|move|p2a: Meowscarada|Knock Off|p1a: Zapdos
|-damage|p1a: Zapdos|43/100
|-damage|p2a: Meowscarada|84/100|[from] item: Rocky Helmet|[of] p1a: Zapdos
|-enditem|p1a: Zapdos|Rocky Helmet|[from] move: Knock Off|[of] p2a: Meowscarada
|move|p1a: Zapdos|Volt Switch|p2a: Meowscarada
|-damage|p2a: Meowscarada|11/100
|
|t:|1758243522
|switch|p1a: Samurott|Samurott-Hisui, F|63/100 tox|[from] Volt Switch
|
|-damage|p1a: Samurott|57/100 tox|[from] psn
|upkeep
|turn|10
|
|t:|1758243530
|move|p1a: Samurott|Ceaseless Edge|p2a: Meowscarada
|-damage|p2a: Meowscarada|0 fnt
|-sidestart|p2: Tanaco|Spikes
|faint|p2a: Meowscarada
|
|-damage|p1a: Samurott|44/100 tox|[from] psn
|upkeep
|-message|Tanaco forfeited.
|
|win|TBorgel
|raw|TBorgel's rating: 1121 &rarr; <strong>1143</strong><br />(+22 for winning)
|raw|Tanaco's rating: 1074 &rarr; <strong>1056</strong><br />(-18 for losing)
|l|☆Tanaco
|player|p2|
|l|☆TBorgel
|player|p1|
