|j|☆sly_skip
|j|☆catcat77
|t:|1758341973
|gametype|singles
|player|p1|sly_skip|265|1577
|player|p2|catcat77|caitlin|1535
|gen|9
|tier|[Gen 9] OU
|rated|
|rule|HP Percentage Mod: HP is shown in percentages
|rule|Endless Battle Clause: Forcing endless battles is banned
|rule|Species Clause: Limit one of each Pokémon
|rule|OHKO Clause: OHKO moves are banned
|rule|Evasion Items Clause: Evasion items are banned
|rule|Evasion Moves Clause: Evasion moves are banned
|rule|Evasion Abilities Clause: Evasion abilities are banned
|rule|Sleep Moves Clause: Sleep-inducing moves are banned
|clearpoke
|poke|p1|Great Tusk|
|poke|p1|Darkrai|
|poke|p1|Garganacl, M|
|poke|p1|Kyurem|
|poke|p1|Zamazenta-*|
|poke|p1|Slowking-Galar, M|
|poke|p2|Ogerpon-Wellspring, F|
|poke|p2|Kingambit, F|
|poke|p2|Great Tusk|
|poke|p2|Raging Bolt|
|poke|p2|Iron Crown|
|poke|p2|Zamazenta-*|
|teampreview
|inactive|Battle timer is ON: inactive players will automatically lose when time's up. (requested by sly_skip)
|
|t:|1758341984
|teamsize|p1|6
|teamsize|p2|6
|start
|switch|p1a: Slowking|Slowking-Galar, M|100/100
|switch|p2a: Iron Crown|Iron Crown|100/100
|turn|1
|
|t:|1758341987
|move|p2a: Iron Crown|Tachyon Cutter|p1a: Slowking
|-damage|p1a: Slowking|76/100
|-damage|p1a: Slowking|50/100
|-hitcount|p1a: Slowking|2
|move|p1a: Slowking|Thunder Wave|p2a: Iron Crown
|-status|p2a: Iron Crown|par
|
|upkeep
|turn|2
|inactive|sly_skip has 120 seconds left.
|
|t:|1758342018
|switch|p1a: Great Tusk|Great Tusk|100/100
|move|p2a: Iron Crown|Tachyon Cutter|p1a: Great Tusk
|-damage|p1a: Great Tusk|33/100
|-damage|p1a: Great Tusk|0 fnt
|faint|p1a: Great Tusk
|-end|p1a: Great Tusk|Protosynthesis|[silent]
|-hitcount|p1: Great Tusk|2
|
|upkeep
|
|t:|1758342021
|switch|p1a: Darkrai|Darkrai|100/100
|turn|3
|
|t:|1758342024
|move|p1a: Darkrai|Knock Off|p2a: Iron Crown
|-supereffective|p2a: Iron Crown
|-damage|p2a: Iron Crown|34/100 par
|-enditem|p2a: Iron Crown|Choice Specs|[from] move: Knock Off|[of] p1a: Darkrai
|move|p2a: Iron Crown|Tachyon Cutter|p1a: Darkrai
|-damage|p1a: Darkrai|56/100
|-damage|p1a: Darkrai|12/100
|-hitcount|p1a: Darkrai|2
|
|upkeep
|turn|4
|
|t:|1758342036
|move|p1a: Darkrai|Knock Off|p2a: Iron Crown
|-supereffective|p2a: Iron Crown
|-damage|p2a: Iron Crown|0 fnt
|faint|p2a: Iron Crown
|-end|p2a: Iron Crown|Quark Drive|[silent]
|
|upkeep
|
|t:|1758342041
|switch|p2a: Raging Bolt|Raging Bolt|100/100
|turn|5
|
|t:|1758342046
|switch|p1a: Slowking|Slowking-Galar, M|83/100
|move|p2a: Raging Bolt|Thunderclap||[still]
|-fail|p2a: Raging Bolt
|
|upkeep
|turn|6
|
|t:|1758342056
|move|p2a: Raging Bolt|Calm Mind|p2a: Raging Bolt
|-boost|p2a: Raging Bolt|spa|1
|-boost|p2a: Raging Bolt|spd|1
|move|p1a: Slowking|Toxic|p2a: Raging Bolt
|-status|p2a: Raging Bolt|tox
|
|-damage|p2a: Raging Bolt|94/100 tox|[from] psn
|upkeep
|turn|7
|
|t:|1758342065
|move|p2a: Raging Bolt|Thunderbolt|p1a: Slowking
|-damage|p1a: Slowking|35/100
|-prepare|p1a: Slowking|Chilly Reception|[premajor]
|move|p1a: Slowking|Chilly Reception|p1a: Slowking
|-weather|Snowscape
|
|t:|1758342072
|switch|p1a: Kyurem|Kyurem|100/100|[from] Chilly Reception
|-ability|p1a: Kyurem|Pressure
|
|-weather|Snowscape|[upkeep]
|-heal|p2a: Raging Bolt|100/100 tox|[from] item: Leftovers
|-damage|p2a: Raging Bolt|88/100 tox|[from] psn
|upkeep
|turn|8
|
|t:|1758342078
|move|p1a: Kyurem|Icicle Spear|p2a: Raging Bolt
|-supereffective|p2a: Raging Bolt
|-damage|p2a: Raging Bolt|66/100 tox
|-supereffective|p2a: Raging Bolt
|-damage|p2a: Raging Bolt|43/100 tox
|-supereffective|p2a: Raging Bolt
|-damage|p2a: Raging Bolt|23/100 tox
|-hitcount|p2a: Raging Bolt|3
|move|p2a: Raging Bolt|Draco Meteor|p1a: Kyurem
|-supereffective|p1a: Kyurem
|-damage|p1a: Kyurem|0 fnt
|-unboost|p2a: Raging Bolt|spa|2
|faint|p1a: Kyurem
|
|-weather|Snowscape|[upkeep]
|-heal|p2a: Raging Bolt|30/100 tox|[from] item: Leftovers
|-damage|p2a: Raging Bolt|11/100 tox|[from] psn
|upkeep
|
|t:|1758342091
|switch|p1a: Zamazenta|Zamazenta|100/100
|-ability|p1a: Zamazenta|Dauntless Shield|boost
|-boost|p1a: Zamazenta|def|1
|turn|9
|
|t:|1758342093
|move|p1a: Zamazenta|Substitute|p1a: Zamazenta
|-start|p1a: Zamazenta|Substitute
|-damage|p1a: Zamazenta|76/100
|move|p2a: Raging Bolt|Draco Meteor|p1a: Zamazenta
|-end|p1a: Zamazenta|Substitute
|-unboost|p2a: Raging Bolt|spa|2
|
|-weather|Snowscape|[upkeep]
|-heal|p1a: Zamazenta|82/100|[from] item: Leftovers
|-heal|p2a: Raging Bolt|17/100 tox|[from] item: Leftovers
|-damage|p2a: Raging Bolt|0 fnt|[from] psn
|faint|p2a: Raging Bolt
|-end|p2a: Raging Bolt|Protosynthesis|[silent]
|upkeep
|
|t:|1758342101
|switch|p2a: Zamazenta|Zamazenta|100/100
|-ability|p2a: Zamazenta|Dauntless Shield|boost
|-boost|p2a: Zamazenta|def|1
|turn|10
|
|t:|1758342107
|move|p1a: Zamazenta|Iron Defense|p1a: Zamazenta
|-boost|p1a: Zamazenta|def|2
|move|p2a: Zamazenta|Iron Defense|p2a: Zamazenta
|-boost|p2a: Zamazenta|def|2
|
|-weather|Snowscape|[upkeep]
|-heal|p1a: Zamazenta|88/100|[from] item: Leftovers
|upkeep
|turn|11
|
|t:|1758342113
|move|p1a: Zamazenta|Body Press|p2a: Zamazenta
|-damage|p2a: Zamazenta|80/100
|-damage|p1a: Zamazenta|71/100|[from] item: Rocky Helmet|[of] p2a: Zamazenta
|move|p2a: Zamazenta|Iron Defense|p2a: Zamazenta
|-boost|p2a: Zamazenta|def|2
|
|-weather|none
|-heal|p1a: Zamazenta|77/100|[from] item: Leftovers
|upkeep
|turn|12
|
|t:|1758342121
|move|p1a: Zamazenta|Iron Defense|p1a: Zamazenta
|-boost|p1a: Zamazenta|def|2
|move|p2a: Zamazenta|Body Press|p1a: Zamazenta
|-damage|p1a: Zamazenta|47/100
|
|-heal|p1a: Zamazenta|53/100|[from] item: Leftovers
|upkeep
|turn|13
|
|t:|1758342128
|switch|p1a: Slowking|Slowking-Galar, M|68/100
|move|p2a: Zamazenta|Body Press|p1a: Slowking
|-resisted|p1a: Slowking
|-damage|p1a: Slowking|31/100
|
|upkeep
|turn|14
|
|t:|1758342135
|switch|p1a: Darkrai|Darkrai|12/100
|move|p2a: Zamazenta|Body Press|p1a: Darkrai
|-supereffective|p1a: Darkrai
|-damage|p1a: Darkrai|0 fnt
|faint|p1a: Darkrai
|
|upkeep
|
|t:|1758342137
|switch|p1a: Slowking|Slowking-Galar, M|64/100
|turn|15
|
|t:|1758342142
|move|p2a: Zamazenta|Crunch|p1a: Slowking
|-supereffective|p1a: Slowking
|-damage|p1a: Slowking|21/100
|move|p1a: Slowking|Toxic|p2a: Zamazenta
|-status|p2a: Zamazenta|tox
|
|-damage|p2a: Zamazenta|74/100 tox|[from] psn
|upkeep
|turn|16
|
|t:|1758342151
|move|p2a: Zamazenta|Body Press|p1a: Slowking
|-resisted|p1a: Slowking
|-damage|p1a: Slowking|0 fnt
|faint|p1a: Slowking
|
|-damage|p2a: Zamazenta|62/100 tox|[from] psn
|upkeep
|
|t:|1758342155
|switch|p1a: Zamazenta|Zamazenta|53/100
|turn|17
|
|t:|1758342158
|move|p1a: Zamazenta|Iron Defense|p1a: Zamazenta
|-boost|p1a: Zamazenta|def|2
|move|p2a: Zamazenta|Body Press|p1a: Zamazenta
|-damage|p1a: Zamazenta|2/100
|
|-heal|p1a: Zamazenta|8/100|[from] item: Leftovers
|-damage|p2a: Zamazenta|43/100 tox|[from] psn
|upkeep
|turn|18
|
|t:|1758342162
|move|p1a: Zamazenta|Iron Defense|p1a: Zamazenta
|-boost|p1a: Zamazenta|def|2
|move|p2a: Zamazenta|Body Press|p1a: Zamazenta
|-damage|p1a: Zamazenta|0 fnt
|faint|p1a: Zamazenta
|
|-damage|p2a: Zamazenta|18/100 tox|[from] psn
|upkeep
|-message|sly_skip forfeited.
|
|win|catcat77
|raw|sly_skip's rating: 1577 &rarr; <strong>1555</strong><br />(-22 for losing)
|raw|catcat77's rating: 1535 &rarr; <strong>1557</strong><br />(+22 for winning)
|l|☆sly_skip
|player|p1|
|l|☆catcat77
|player|p2|
