|j|☆SamiFawad
|j|☆Obito 2001
|t:|1758292295
|gametype|singles
|player|p1|SamiFawad|101|1696
|player|p2|Obito 2001|blue-gen3two|1763
|gen|9
|tier|[Gen 9] OU
|rated|
|rule|HP Percentage Mod: HP is shown in percentages
|rule|Endless Battle Clause: Forcing endless battles is banned
|rule|Species Clause: Limit one of each Pokémon
|rule|OHKO Clause: OHKO moves are banned
|rule|Evasion Items Clause: Evasion items are banned
|rule|Evasion Moves Clause: Evasion moves are banned
|rule|Evasion Abilities Clause: Evasion abilities are banned
|rule|Sleep Moves Clause: Sleep-inducing moves are banned
|clearpoke
|poke|p1|Slowking-Galar, F|
|poke|p1|Samurott-Hisui, M|
|poke|p1|Meowscarada, F|
|poke|p1|Pecharunt|
|poke|p1|Ogerpon-Cornerstone, F|
|poke|p1|Great Tusk|
|poke|p2|Ting-Lu|
|poke|p2|Weezing-Galar, F|
|poke|p2|Ogerpon-Wellspring, F|
|poke|p2|Corviknight, M|
|poke|p2|Kyurem|
|poke|p2|Skeledirge, M|
|teampreview
|inactive|Battle timer is ON: inactive players will automatically lose when time's up. (requested by Obito 2001)
|
|t:|1758292307
|teamsize|p1|6
|teamsize|p2|6
|start
|switch|p1a: Samurott|Samurott-Hisui, M|100/100
|switch|p2a: Ban me|Ogerpon-Wellspring, F|100/100
|turn|1
|
|t:|1758292312
|switch|p1a: Pecharunt|Pecharunt|100/100
|move|p2a: Ban me|U-turn|p1a: Pecharunt
|-resisted|p1a: Pecharunt
|-damage|p1a: Pecharunt|96/100
|-damage|p2a: Ban me|84/100|[from] item: Rocky Helmet|[of] p1a: Pecharunt
|
|t:|1758292318
|switch|p2a: Ban Gliscor ASAP|Kyurem, shiny|100/100|[from] U-turn
|-ability|p2a: Ban Gliscor ASAP|Pressure
|
|upkeep
|turn|2
|
|t:|1758292322
|switch|p1a: Slowking|Slowking-Galar, F|100/100
|move|p2a: Ban Gliscor ASAP|Substitute|p2a: Ban Gliscor ASAP
|-start|p2a: Ban Gliscor ASAP|Substitute
|-damage|p2a: Ban Gliscor ASAP|76/100
|
|-heal|p2a: Ban Gliscor ASAP|82/100|[from] item: Leftovers
|upkeep
|turn|3
|
|t:|1758292326
|move|p2a: Ban Gliscor ASAP|Earth Power|p1a: Slowking
|-supereffective|p1a: Slowking
|-damage|p1a: Slowking|65/100
|move|p1a: Slowking|Future Sight|p2a: Ban Gliscor ASAP
|-start|p1a: Slowking|move: Future Sight
|
|-heal|p2a: Ban Gliscor ASAP|88/100|[from] item: Leftovers
|upkeep
|turn|4
|
|t:|1758292331
|move|p2a: Ban Gliscor ASAP|Earth Power|p1a: Slowking
|-supereffective|p1a: Slowking
|-crit|p1a: Slowking
|-damage|p1a: Slowking|7/100
|move|p1a: Slowking|Sludge Bomb|p2a: Ban Gliscor ASAP
|-end|p2a: Ban Gliscor ASAP|Substitute
|
|-heal|p2a: Ban Gliscor ASAP|94/100|[from] item: Leftovers
|upkeep
|turn|5
|
|t:|1758292338
|move|p2a: Ban Gliscor ASAP|Scale Shot|p1a: Slowking
|-damage|p1a: Slowking|0 fnt
|faint|p1a: Slowking
|-hitcount|p1: Slowking|1
|-unboost|p2a: Ban Gliscor ASAP|def|1
|-boost|p2a: Ban Gliscor ASAP|spe|1
|
|-end|p2a: Ban Gliscor ASAP|move: Future Sight
|-damage|p2a: Ban Gliscor ASAP|43/100
|-heal|p2a: Ban Gliscor ASAP|49/100|[from] item: Leftovers
|upkeep
|
|t:|1758292342
|switch|p1a: Meowscarada|Meowscarada, F|100/100
|turn|6
|
|t:|1758292348
|switch|p2a: Fk hazard noobs|Weezing-Galar, F|100/100
|-ability|p2a: Fk hazard noobs|Neutralizing Gas
|move|p1a: Meowscarada|Knock Off|p2a: Fk hazard noobs
|-resisted|p2a: Fk hazard noobs
|-damage|p2a: Fk hazard noobs|85/100
|-enditem|p2a: Fk hazard noobs|Heavy-Duty Boots|[from] move: Knock Off|[of] p1a: Meowscarada
|
|upkeep
|turn|7
|
|t:|1758292351
|switch|p1a: Pecharunt|Pecharunt|96/100
|-end|p2a: Fk hazard noobs|ability: Neutralizing Gas
|switch|p2a: Ban Gliscor ASAP|Kyurem, shiny|49/100
|-ability|p2a: Ban Gliscor ASAP|Pressure
|
|-heal|p2a: Ban Gliscor ASAP|55/100|[from] item: Leftovers
|upkeep
|turn|8
|
|t:|1758292356
|switch|p2a: Ban Dragonite|Corviknight, M|100/100
|-ability|p2a: Ban Dragonite|Pressure
|move|p1a: Pecharunt|Malignant Chain|p2a: Ban Dragonite
|-immune|p2a: Ban Dragonite
|
|upkeep
|turn|9
|
|t:|1758292363
|move|p1a: Pecharunt|Shadow Ball|p2a: Ban Dragonite
|-damage|p2a: Ban Dragonite|67/100
|move|p2a: Ban Dragonite|Iron Defense|p2a: Ban Dragonite
|-boost|p2a: Ban Dragonite|def|2
|
|upkeep
|turn|10
|
|t:|1758292367
|move|p1a: Pecharunt|Shadow Ball|p2a: Ban Dragonite
|-damage|p2a: Ban Dragonite|31/100
|move|p2a: Ban Dragonite|Roost|p2a: Ban Dragonite
|-heal|p2a: Ban Dragonite|81/100
|-singleturn|p2a: Ban Dragonite|move: Roost
|
|upkeep
|turn|11
|
|t:|1758292370
|switch|p2a: Ban Zamazenta|Ting-Lu|100/100
|-ability|p2a: Ban Zamazenta|Vessel of Ruin
|move|p1a: Pecharunt|Shadow Ball|p2a: Ban Zamazenta
|-resisted|p2a: Ban Zamazenta
|-damage|p2a: Ban Zamazenta|93/100
|
|-heal|p2a: Ban Zamazenta|99/100|[from] item: Leftovers
|upkeep
|turn|12
|
|t:|1758292373
|move|p1a: Pecharunt|Malignant Chain|p2a: Ban Zamazenta
|-resisted|p2a: Ban Zamazenta
|-damage|p2a: Ban Zamazenta|89/100
|move|p2a: Ban Zamazenta|Earthquake|p1a: Pecharunt
|-supereffective|p1a: Pecharunt
|-damage|p1a: Pecharunt|53/100
|
|-heal|p2a: Ban Zamazenta|96/100|[from] item: Leftovers
|upkeep
|turn|13
|
|t:|1758292375
|move|p1a: Pecharunt|Malignant Chain|p2a: Ban Zamazenta
|-resisted|p2a: Ban Zamazenta
|-crit|p2a: Ban Zamazenta
|-damage|p2a: Ban Zamazenta|82/100
|move|p2a: Ban Zamazenta|Earthquake|p1a: Pecharunt
|-supereffective|p1a: Pecharunt
|-damage|p1a: Pecharunt|7/100
|
|-heal|p2a: Ban Zamazenta|88/100|[from] item: Leftovers
|upkeep
|turn|14
|
|t:|1758292378
|move|p1a: Pecharunt|Recover|p1a: Pecharunt
|-heal|p1a: Pecharunt|57/100
|move|p2a: Ban Zamazenta|Earthquake|p1a: Pecharunt
|-supereffective|p1a: Pecharunt
|-damage|p1a: Pecharunt|14/100
|
|-heal|p2a: Ban Zamazenta|95/100|[from] item: Leftovers
|upkeep
|turn|15
|
|t:|1758292380
|move|p1a: Pecharunt|Recover|p1a: Pecharunt
|-heal|p1a: Pecharunt|64/100
|move|p2a: Ban Zamazenta|Earthquake|p1a: Pecharunt
|-supereffective|p1a: Pecharunt
|-damage|p1a: Pecharunt|16/100
|
|-heal|p2a: Ban Zamazenta|100/100|[from] item: Leftovers
|upkeep
|turn|16
|
|t:|1758292382
|move|p1a: Pecharunt|Recover|p1a: Pecharunt
|-heal|p1a: Pecharunt|66/100
|move|p2a: Ban Zamazenta|Earthquake|p1a: Pecharunt
|-supereffective|p1a: Pecharunt
|-damage|p1a: Pecharunt|20/100
|
|upkeep
|turn|17
|
|t:|1758292385
|switch|p1a: Great Tusk|Great Tusk|100/100
|move|p2a: Ban Zamazenta|Earthquake|p1a: Great Tusk
|-damage|p1a: Great Tusk|82/100
|
|upkeep
|turn|18
|
|t:|1758292391
|move|p1a: Great Tusk|Stealth Rock|p2a: Ban Zamazenta
|-sidestart|p2: Obito 2001|move: Stealth Rock
|move|p2a: Ban Zamazenta|Earthquake|p1a: Great Tusk
|-damage|p1a: Great Tusk|64/100
|
|upkeep
|turn|19
|
|t:|1758292394
|move|p1a: Great Tusk|Knock Off|p2a: Ban Zamazenta
|-resisted|p2a: Ban Zamazenta
|-damage|p2a: Ban Zamazenta|93/100
|-enditem|p2a: Ban Zamazenta|Leftovers|[from] move: Knock Off|[of] p1a: Great Tusk
|move|p2a: Ban Zamazenta|Earthquake|p1a: Great Tusk
|-damage|p1a: Great Tusk|46/100
|
|upkeep
|turn|20
|
|t:|1758292397
|-end|p1a: Great Tusk|Protosynthesis|[silent]
|switch|p1a: Meowscarada|Meowscarada, F|100/100
|move|p2a: Ban Zamazenta|Earthquake|p1a: Meowscarada
|-resisted|p1a: Meowscarada
|-damage|p1a: Meowscarada|69/100
|
|upkeep
|turn|21
|
|t:|1758292406
|move|p1a: Meowscarada|Flower Trick|p2a: Ban Zamazenta
|-start|p1a: Meowscarada|typechange|Grass|[from] ability: Protean
|-supereffective|p2a: Ban Zamazenta
|-crit|p2a: Ban Zamazenta
|-damage|p2a: Ban Zamazenta|30/100
|move|p2a: Ban Zamazenta|Earthquake|p1a: Meowscarada
|-resisted|p1a: Meowscarada
|-damage|p1a: Meowscarada|43/100
|
|upkeep
|turn|22
|
|t:|1758292411
|switch|p2a: Fk hazard noobs|Weezing-Galar, F|85/100
|-ability|p2a: Fk hazard noobs|Neutralizing Gas
|-damage|p2a: Fk hazard noobs|73/100|[from] Stealth Rock
|move|p1a: Meowscarada|Flower Trick|p2a: Fk hazard noobs
|-resisted|p2a: Fk hazard noobs
|-crit|p2a: Fk hazard noobs
|-damage|p2a: Fk hazard noobs|56/100
|
|upkeep
|turn|23
|
|t:|1758292415
|switch|p1a: Pecharunt|Pecharunt|20/100
|move|p2a: Fk hazard noobs|Will-O-Wisp|p1a: Pecharunt
|-status|p1a: Pecharunt|brn
|
|-damage|p1a: Pecharunt|14/100 brn|[from] brn
|upkeep
|turn|24
|
|t:|1758292418
|move|p1a: Pecharunt|Recover|p1a: Pecharunt
|-heal|p1a: Pecharunt|64/100 brn
|move|p2a: Fk hazard noobs|Defog|p1a: Pecharunt
|-unboost|p1a: Pecharunt|evasion|1
|-sideend|p2: Obito 2001|Stealth Rock|[from] move: Defog|[of] p2a: Fk hazard noobs
|
|-damage|p1a: Pecharunt|58/100 brn|[from] brn
|upkeep
|turn|25
|
|t:|1758292420
|-end|p2a: Fk hazard noobs|ability: Neutralizing Gas
|switch|p2a: Ban Zamazenta|Ting-Lu|30/100
|-ability|p2a: Ban Zamazenta|Vessel of Ruin
|move|p1a: Pecharunt|Recover|p1a: Pecharunt
|-heal|p1a: Pecharunt|100/100 brn
|
|-damage|p1a: Pecharunt|94/100 brn|[from] brn
|upkeep
|turn|26
|
|t:|1758292423
|move|p1a: Pecharunt|Malignant Chain|p2a: Ban Zamazenta
|-resisted|p2a: Ban Zamazenta
|-damage|p2a: Ban Zamazenta|21/100
|-status|p2a: Ban Zamazenta|tox
|-start|p2a: Ban Zamazenta|confusion|[from] ability: Poison Puppeteer|[of] p1a: Pecharunt
|-activate|p2a: Ban Zamazenta|confusion
|move|p2a: Ban Zamazenta|Rest|p2a: Ban Zamazenta
|-status|p2a: Ban Zamazenta|slp|[from] move: Rest
|-heal|p2a: Ban Zamazenta|100/100 slp|[silent]
|
|-damage|p1a: Pecharunt|88/100 brn|[from] brn
|upkeep
|turn|27
|
|t:|1758292428
|move|p1a: Pecharunt|Parting Shot|p2a: Ban Zamazenta
|-unboost|p2a: Ban Zamazenta|atk|1
|-unboost|p2a: Ban Zamazenta|spa|1
|
|t:|1758292433
|switch|p1a: Samurott|Samurott-Hisui, M|100/100|[from] Parting Shot
|cant|p2a: Ban Zamazenta|slp
|-end|p2a: Ban Zamazenta|confusion
|move|p2a: Ban Zamazenta|Sleep Talk|p2a: Ban Zamazenta
|move|p2a: Ban Zamazenta|Payback|p1a: Samurott|[from] move: Sleep Talk
|-resisted|p1a: Samurott
|-damage|p1a: Samurott|92/100
|
|upkeep
|turn|28
|
|t:|1758292438
|switch|p2a: Fk hazard noobs|Weezing-Galar, F|56/100
|-ability|p2a: Fk hazard noobs|Neutralizing Gas
|move|p1a: Samurott|Ceaseless Edge|p2a: Fk hazard noobs
|-resisted|p2a: Fk hazard noobs
|-damage|p2a: Fk hazard noobs|45/100
|-sidestart|p2: Obito 2001|Spikes
|
|upkeep
|turn|29
|
|t:|1758292449
|move|p1a: Samurott|Ceaseless Edge|p2a: Fk hazard noobs|[miss]
|-miss|p1a: Samurott|p2a: Fk hazard noobs
|move|p2a: Fk hazard noobs|Pain Split|p1a: Samurott
|-sethp|p1a: Samurott|70/100|[from] move: Pain Split|[silent]
|-sethp|p2a: Fk hazard noobs|67/100|[from] move: Pain Split
|
|upkeep
|turn|30
|
|t:|1758292453
|move|p1a: Samurott|Razor Shell|p2a: Fk hazard noobs
|-damage|p2a: Fk hazard noobs|41/100
|-unboost|p2a: Fk hazard noobs|def|1
|move|p2a: Fk hazard noobs|Will-O-Wisp|p1a: Samurott|[miss]
|-miss|p2a: Fk hazard noobs|p1a: Samurott
|
|upkeep
|turn|31
|j| arreat summit
|
|t:|1758292457
|-end|p2a: Fk hazard noobs|ability: Neutralizing Gas
|switch|p2a: Ban me|Ogerpon-Wellspring, F|84/100
|-damage|p2a: Ban me|72/100|[from] Spikes
|move|p1a: Samurott|Razor Shell|p2a: Ban me
|-heal|p2a: Ban me|97/100|[from] ability: Water Absorb|[of] p1a: Samurott
|
|upkeep
|turn|32
|
|t:|1758292464
|switch|p1a: Pecharunt|Pecharunt|88/100 brn
|move|p2a: Ban me|Knock Off|p1a: Pecharunt
|-supereffective|p1a: Pecharunt
|-damage|p1a: Pecharunt|44/100 brn
|-damage|p2a: Ban me|80/100|[from] item: Rocky Helmet|[of] p1a: Pecharunt
|-enditem|p1a: Pecharunt|Rocky Helmet|[from] move: Knock Off|[of] p2a: Ban me
|
|-damage|p1a: Pecharunt|38/100 brn|[from] brn
|upkeep
|turn|33
|
|t:|1758292475
|switch|p2a: Ban Dragonite|Corviknight, M|81/100
|-ability|p2a: Ban Dragonite|Pressure
|-terastallize|p1a: Pecharunt|Normal
|move|p1a: Pecharunt|Recover|p1a: Pecharunt
|-heal|p1a: Pecharunt|88/100 brn
|
|-damage|p1a: Pecharunt|82/100 brn|[from] brn
|upkeep
|turn|34
|
|t:|1758292478
|move|p1a: Pecharunt|Shadow Ball|p2a: Ban Dragonite
|-damage|p2a: Ban Dragonite|47/100
|move|p2a: Ban Dragonite|Defog|p1a: Pecharunt
|-unboost|p1a: Pecharunt|evasion|1
|-sideend|p2: Obito 2001|Spikes|[from] move: Defog|[of] p2a: Ban Dragonite
|
|-damage|p1a: Pecharunt|75/100 brn|[from] brn
|upkeep
|turn|35
|j| amimec
|
|t:|1758292481
|switch|p2a: Ban Zamazenta|Ting-Lu|100/100 slp
|-ability|p2a: Ban Zamazenta|Vessel of Ruin
|move|p1a: Pecharunt|Shadow Ball|p2a: Ban Zamazenta
|-resisted|p2a: Ban Zamazenta
|-damage|p2a: Ban Zamazenta|94/100 slp
|
|-damage|p1a: Pecharunt|69/100 brn|[from] brn
|upkeep
|turn|36
|
|t:|1758292484
|move|p1a: Pecharunt|Parting Shot|p2a: Ban Zamazenta
|-unboost|p2a: Ban Zamazenta|atk|1
|-unboost|p2a: Ban Zamazenta|spa|1
|
|t:|1758292486
|switch|p1a: Samurott|Samurott-Hisui, M|70/100|[from] Parting Shot
|cant|p2a: Ban Zamazenta|slp
|move|p2a: Ban Zamazenta|Sleep Talk|p2a: Ban Zamazenta
|move|p2a: Ban Zamazenta|Payback|p1a: Samurott|[from] move: Sleep Talk
|-resisted|p1a: Samurott
|-damage|p1a: Samurott|61/100
|
|upkeep
|turn|37
|
|t:|1758292496
|switch|p2a: Ban me|Ogerpon-Wellspring, F|80/100
|move|p1a: Samurott|Sacred Sword|p2a: Ban me
|-damage|p2a: Ban me|23/100
|
|upkeep
|turn|38
|
|t:|1758292498
|move|p1a: Samurott|Sucker Punch||[still]
|-fail|p1a: Samurott
|move|p2a: Ban me|Synthesis|p2a: Ban me
|-heal|p2a: Ban me|73/100
|
|upkeep
|turn|39
|
|t:|1758292502
|switch|p1a: Pecharunt|Pecharunt, tera:Normal|69/100 brn
|move|p2a: Ban me|U-turn|p1a: Pecharunt
|-damage|p1a: Pecharunt|53/100 brn
|
|t:|1758292507
|switch|p2a: Ban Gliscor ASAP|Kyurem, shiny|55/100|[from] U-turn
|-ability|p2a: Ban Gliscor ASAP|Pressure
|
|-heal|p2a: Ban Gliscor ASAP|61/100|[from] item: Leftovers
|-damage|p1a: Pecharunt|47/100 brn|[from] brn
|upkeep
|turn|40
|
|t:|1758292513
|switch|p2a: Ban Dragonite|Corviknight, M|47/100
|-ability|p2a: Ban Dragonite|Pressure
|move|p1a: Pecharunt|Malignant Chain|p2a: Ban Dragonite
|-immune|p2a: Ban Dragonite
|
|-damage|p1a: Pecharunt|41/100 brn|[from] brn
|upkeep
|turn|41
|
|t:|1758292515
|move|p1a: Pecharunt|Parting Shot|p2a: Ban Dragonite
|-unboost|p2a: Ban Dragonite|atk|1
|-unboost|p2a: Ban Dragonite|spa|1
|
|t:|1758292519
|switch|p1a: Great Tusk|Great Tusk|46/100|[from] Parting Shot
|move|p2a: Ban Dragonite|Roost|p2a: Ban Dragonite
|-heal|p2a: Ban Dragonite|97/100
|-singleturn|p2a: Ban Dragonite|move: Roost
|
|upkeep
|turn|42
|
|t:|1758292523
|move|p1a: Great Tusk|Stealth Rock|p2a: Ban Dragonite
|-sidestart|p2: Obito 2001|move: Stealth Rock
|move|p2a: Ban Dragonite|Iron Defense|p2a: Ban Dragonite
|-boost|p2a: Ban Dragonite|def|2
|
|upkeep
|turn|43
|
|t:|1758292525
|move|p1a: Great Tusk|Knock Off|p2a: Ban Dragonite
|-damage|p2a: Ban Dragonite|88/100
|-damage|p1a: Great Tusk|30/100|[from] item: Rocky Helmet|[of] p2a: Ban Dragonite
|-enditem|p2a: Ban Dragonite|Rocky Helmet|[from] move: Knock Off|[of] p1a: Great Tusk
|move|p2a: Ban Dragonite|Body Press|p1a: Great Tusk
|-damage|p1a: Great Tusk|6/100
|-damage|p2a: Ban Dragonite|72/100|[from] item: Rocky Helmet|[of] p1a: Great Tusk
|
|upkeep
|turn|44
|
|t:|1758292532
|move|p1a: Great Tusk|Knock Off|p2a: Ban Dragonite
|-damage|p2a: Ban Dragonite|66/100
|move|p2a: Ban Dragonite|Iron Defense|p2a: Ban Dragonite
|-boost|p2a: Ban Dragonite|def|2
|
|upkeep
|turn|45
|
|t:|1758292536
|-end|p1a: Great Tusk|Protosynthesis|[silent]
|switch|p1a: Pecharunt|Pecharunt, tera:Normal|41/100 brn
|move|p2a: Ban Dragonite|Roost|p2a: Ban Dragonite
|-heal|p2a: Ban Dragonite|100/100
|-singleturn|p2a: Ban Dragonite|move: Roost
|
|-damage|p1a: Pecharunt|35/100 brn|[from] brn
|upkeep
|turn|46
|l| arreat summit
|
|t:|1758292541
|move|p1a: Pecharunt|Shadow Ball|p2a: Ban Dragonite
|-damage|p2a: Ban Dragonite|64/100
|-unboost|p2a: Ban Dragonite|spd|1
|move|p2a: Ban Dragonite|Defog|p1a: Pecharunt
|-unboost|p1a: Pecharunt|evasion|1
|-sideend|p2: Obito 2001|Stealth Rock|[from] move: Defog|[of] p2a: Ban Dragonite
|
|-damage|p1a: Pecharunt|29/100 brn|[from] brn
|upkeep
|turn|47
|
|t:|1758292545
|switch|p2a: Ban Zamazenta|Ting-Lu|94/100 slp
|-ability|p2a: Ban Zamazenta|Vessel of Ruin
|move|p1a: Pecharunt|Shadow Ball|p2a: Ban Zamazenta
|-resisted|p2a: Ban Zamazenta
|-damage|p2a: Ban Zamazenta|87/100 slp
|
|-damage|p1a: Pecharunt|23/100 brn|[from] brn
|upkeep
|turn|48
|
|t:|1758292547
|switch|p2a: Ban Dragonite|Corviknight, M|64/100
|-ability|p2a: Ban Dragonite|Pressure
|move|p1a: Pecharunt|Recover|p1a: Pecharunt
|-heal|p1a: Pecharunt|73/100 brn
|
|-damage|p1a: Pecharunt|67/100 brn|[from] brn
|upkeep
|turn|49
|
|t:|1758292551
|move|p1a: Pecharunt|Parting Shot|p2a: Ban Dragonite
|-unboost|p2a: Ban Dragonite|atk|1
|-unboost|p2a: Ban Dragonite|spa|1
|
|t:|1758292553
|switch|p1a: Samurott|Samurott-Hisui, M|61/100|[from] Parting Shot
|move|p2a: Ban Dragonite|Roost|p2a: Ban Dragonite
|-heal|p2a: Ban Dragonite|100/100
|-singleturn|p2a: Ban Dragonite|move: Roost
|
|upkeep
|turn|50
|
|t:|1758292559
|move|p1a: Samurott|Razor Shell|p2a: Ban Dragonite
|-damage|p2a: Ban Dragonite|67/100
|-unboost|p2a: Ban Dragonite|def|1
|move|p2a: Ban Dragonite|Iron Defense|p2a: Ban Dragonite
|-boost|p2a: Ban Dragonite|def|2
|
|upkeep
|turn|51
|
|t:|1758292564
|move|p1a: Samurott|Sacred Sword|p2a: Ban Dragonite
|-damage|p2a: Ban Dragonite|42/100
|move|p2a: Ban Dragonite|Body Press|p1a: Samurott
|-supereffective|p1a: Samurott
|-damage|p1a: Samurott|0 fnt
|faint|p1a: Samurott
|
|upkeep
|
|t:|1758292568
|switch|p1a: Ogerpon|Ogerpon-Cornerstone, F|100/100
|turn|52
|
|t:|1758292575
|move|p1a: Ogerpon|Swords Dance|p1a: Ogerpon
|-boost|p1a: Ogerpon|atk|2
|move|p2a: Ban Dragonite|Roost|p2a: Ban Dragonite
|-heal|p2a: Ban Dragonite|92/100
|-singleturn|p2a: Ban Dragonite|move: Roost
|
|upkeep
|turn|53
|
|t:|1758292587
|switch|p2a: Fk hazard noobs|Weezing-Galar, F|41/100
|-ability|p2a: Fk hazard noobs|Neutralizing Gas
|move|p1a: Ogerpon|Ivy Cudgel|p2a: Fk hazard noobs|[anim] Ivy Cudgel Rock
|-damage|p2a: Fk hazard noobs|0 fnt
|faint|p2a: Fk hazard noobs
|-end|p2a: Fk hazard noobs|ability: Neutralizing Gas
|
|upkeep
|
|t:|1758292589
|switch|p2a: Ban Wogerpon|Skeledirge, M|100/100
|turn|54
|
|t:|1758292594
|-terastallize|p2a: Ban Wogerpon|Fairy
|move|p1a: Ogerpon|Knock Off|p2a: Ban Wogerpon
|-resisted|p2a: Ban Wogerpon
|-damage|p2a: Ban Wogerpon|87/100
|-enditem|p2a: Ban Wogerpon|Heavy-Duty Boots|[from] move: Knock Off|[of] p1a: Ogerpon
|move|p2a: Ban Wogerpon|Will-O-Wisp|p1a: Ogerpon
|-status|p1a: Ogerpon|brn
|
|-damage|p1a: Ogerpon|95/100 brn|[from] brn
|upkeep
|turn|55
|
|t:|1758292602
|move|p1a: Ogerpon|Ivy Cudgel|p2a: Ban Wogerpon|[anim] Ivy Cudgel Rock
|-damage|p2a: Ban Wogerpon|68/100
|move|p2a: Ban Wogerpon|Torch Song|p1a: Ogerpon
|-damage|p1a: Ogerpon|60/100 brn
|-boost|p2a: Ban Wogerpon|spa|1
|
|-damage|p1a: Ogerpon|54/100 brn|[from] brn
|upkeep
|turn|56
|
|t:|1758292606
|move|p1a: Ogerpon|Ivy Cudgel|p2a: Ban Wogerpon|[anim] Ivy Cudgel Rock
|-damage|p2a: Ban Wogerpon|48/100
|move|p2a: Ban Wogerpon|Slack Off|p2a: Ban Wogerpon
|-heal|p2a: Ban Wogerpon|98/100
|
|-damage|p1a: Ogerpon|48/100 brn|[from] brn
|upkeep
|turn|57
|
|t:|1758292609
|switch|p1a: Pecharunt|Pecharunt, tera:Normal|67/100 brn
|move|p2a: Ban Wogerpon|Hex|p1a: Pecharunt
|-immune|p1a: Pecharunt
|
|-damage|p1a: Pecharunt|60/100 brn|[from] brn
|upkeep
|turn|58
|
|t:|1758292613
|move|p1a: Pecharunt|Malignant Chain|p2a: Ban Wogerpon
|-supereffective|p2a: Ban Wogerpon
|-damage|p2a: Ban Wogerpon|1/100
|-status|p2a: Ban Wogerpon|tox
|-start|p2a: Ban Wogerpon|confusion|[from] ability: Poison Puppeteer|[of] p1a: Pecharunt
|-activate|p2a: Ban Wogerpon|confusion
|move|p2a: Ban Wogerpon|Torch Song|p1a: Pecharunt
|-damage|p1a: Pecharunt|19/100 brn
|-boost|p2a: Ban Wogerpon|spa|1
|
|-damage|p2a: Ban Wogerpon|0 fnt|[from] psn
|faint|p2a: Ban Wogerpon
|-damage|p1a: Pecharunt|13/100 brn|[from] brn
|upkeep
|
|t:|1758292622
|switch|p2a: Ban Dragonite|Corviknight, M|92/100
|-ability|p2a: Ban Dragonite|Pressure
|turn|59
|
|t:|1758292628
|move|p1a: Pecharunt|Shadow Ball|p2a: Ban Dragonite
|-damage|p2a: Ban Dragonite|57/100
|move|p2a: Ban Dragonite|Body Press|p1a: Pecharunt
|-supereffective|p1a: Pecharunt
|-damage|p1a: Pecharunt|0 fnt
|faint|p1a: Pecharunt
|
|upkeep
|
|t:|1758292635
|switch|p1a: Meowscarada|Meowscarada, F|43/100
|turn|60
|
|t:|1758292640
|switch|p2a: Ban Gliscor ASAP|Kyurem, shiny|61/100
|-ability|p2a: Ban Gliscor ASAP|Pressure
|move|p1a: Meowscarada|Triple Axel|p2a: Ban Gliscor ASAP
|-start|p1a: Meowscarada|typechange|Ice|[from] ability: Protean
|-damage|p2a: Ban Gliscor ASAP|51/100
|-damage|p2a: Ban Gliscor ASAP|31/100
|-damage|p2a: Ban Gliscor ASAP|3/100
|-hitcount|p2a: Ban Gliscor ASAP|3
|
|-heal|p2a: Ban Gliscor ASAP|9/100|[from] item: Leftovers
|upkeep
|turn|61
|
|t:|1758292651
|move|p1a: Meowscarada|Triple Axel|p2a: Ban Gliscor ASAP
|-damage|p2a: Ban Gliscor ASAP|0 fnt
|faint|p2a: Ban Gliscor ASAP
|-hitcount|p2: Ban Gliscor ASAP|1
|
|upkeep
|
|t:|1758292654
|switch|p2a: Ban Dragonite|Corviknight, M|57/100
|-ability|p2a: Ban Dragonite|Pressure
|turn|62
|
|t:|1758292656
|move|p1a: Meowscarada|Triple Axel|p2a: Ban Dragonite
|-damage|p2a: Ban Dragonite|51/100
|-damage|p2a: Ban Dragonite|37/100
|-damage|p2a: Ban Dragonite|19/100
|-hitcount|p2a: Ban Dragonite|3
|move|p2a: Ban Dragonite|Roost|p2a: Ban Dragonite
|-heal|p2a: Ban Dragonite|69/100
|-singleturn|p2a: Ban Dragonite|move: Roost
|
|upkeep
|turn|63
|
|t:|1758292662
|move|p1a: Meowscarada|Triple Axel|p2a: Ban Dragonite
|-damage|p2a: Ban Dragonite|62/100
|-damage|p2a: Ban Dragonite|50/100
|-damage|p2a: Ban Dragonite|31/100
|-hitcount|p2a: Ban Dragonite|3
|move|p2a: Ban Dragonite|Iron Defense|p2a: Ban Dragonite
|-boost|p2a: Ban Dragonite|def|2
|
|upkeep
|turn|64
|
|t:|1758292667
|switch|p1a: Great Tusk|Great Tusk|6/100
|move|p2a: Ban Dragonite|Roost|p2a: Ban Dragonite
|-heal|p2a: Ban Dragonite|81/100
|-singleturn|p2a: Ban Dragonite|move: Roost
|
|upkeep
|turn|65
|
|t:|1758292673
|move|p1a: Great Tusk|Stealth Rock|p2a: Ban Dragonite
|-sidestart|p2: Obito 2001|move: Stealth Rock
|move|p2a: Ban Dragonite|Iron Defense|p2a: Ban Dragonite
|-boost|p2a: Ban Dragonite|def|2
|
|upkeep
|turn|66
|
|t:|1758292675
|move|p1a: Great Tusk|Knock Off|p2a: Ban Dragonite
|-damage|p2a: Ban Dragonite|77/100
|move|p2a: Ban Dragonite|Iron Defense|p2a: Ban Dragonite
|-boost|p2a: Ban Dragonite|def|2
|
|upkeep
|turn|67
|
|t:|1758292680
|move|p1a: Great Tusk|Knock Off|p2a: Ban Dragonite
|-damage|p2a: Ban Dragonite|74/100
|move|p2a: Ban Dragonite|Roost|p2a: Ban Dragonite
|-heal|p2a: Ban Dragonite|100/100
|-singleturn|p2a: Ban Dragonite|move: Roost
|
|upkeep
|turn|68
|
|t:|1758292682
|move|p1a: Great Tusk|Knock Off|p2a: Ban Dragonite
|-damage|p2a: Ban Dragonite|97/100
|move|p2a: Ban Dragonite|Body Press|p1a: Great Tusk
|-damage|p1a: Great Tusk|0 fnt
|-damage|p2a: Ban Dragonite|81/100|[from] item: Rocky Helmet|[of] p1a: Great Tusk
|faint|p1a: Great Tusk
|-end|p1a: Great Tusk|Protosynthesis|[silent]
|
|upkeep
|
|t:|1758292684
|switch|p1a: Ogerpon|Ogerpon-Cornerstone, F|48/100 brn
|turn|69
|
|t:|1758292686
|move|p1a: Ogerpon|Ivy Cudgel|p2a: Ban Dragonite|[anim] Ivy Cudgel Rock
|-damage|p2a: Ban Dragonite|76/100
|move|p2a: Ban Dragonite|Body Press|p1a: Ogerpon
|-supereffective|p1a: Ogerpon
|-damage|p1a: Ogerpon|0 fnt
|faint|p1a: Ogerpon
|
|upkeep
|-message|SamiFawad forfeited.
|
|win|Obito 2001
|raw|SamiFawad's rating: 1696 &rarr; <strong>1680</strong><br />(-16 for losing)
|raw|Obito 2001's rating: 1763 &rarr; <strong>1779</strong><br />(+16 for winning)
|l|☆SamiFawad
|player|p1|
