|j|☆logiemerald
|j|☆moope
|t:|1758304080
|gametype|singles
|player|p1|logiemerald|acetrainerf-gen4|1347
|player|p2|moope|miku-fairy|1325
|gen|9
|tier|[Gen 9] OU
|rated|
|rule|HP Percentage Mod: HP is shown in percentages
|rule|Endless Battle Clause: Forcing endless battles is banned
|rule|Species Clause: Limit one of each Pokémon
|rule|OHKO Clause: OHKO moves are banned
|rule|Evasion Items Clause: Evasion items are banned
|rule|Evasion Moves Clause: Evasion moves are banned
|rule|Evasion Abilities Clause: Evasion abilities are banned
|rule|Sleep Moves Clause: Sleep-inducing moves are banned
|clearpoke
|poke|p1|Torterra, M|
|poke|p1|Grimmsnarl, M|
|poke|p1|Iron Moth|
|poke|p1|Maushold|
|poke|p1|Raging Bolt|
|poke|p1|Scizor, M|
|poke|p2|Ursaluna, F|
|poke|p2|Iron Hands|
|poke|p2|Cinderace, F|
|poke|p2|Sinistcha|
|poke|p2|Hatterene, F|
|poke|p2|Slither Wing|
|teampreview
|
|t:|1758304092
|teamsize|p1|6
|teamsize|p2|6
|start
|switch|p1a: Grimmsnarl|Grimmsnarl, M|100/100
|switch|p2a: Slither Wing|Slither Wing|100/100
|turn|1
|
|t:|1758304100
|move|p1a: Grimmsnarl|Reflect|p1a: Grimmsnarl
|-sidestart|p1: logiemerald|Reflect
|move|p2a: Slither Wing|Close Combat|p1a: Grimmsnarl
|-damage|p1a: Grimmsnarl|34/100
|-unboost|p2a: Slither Wing|def|1
|-unboost|p2a: Slither Wing|spd|1
|
|upkeep
|turn|2
|
|t:|1758304108
|move|p1a: Grimmsnarl|Parting Shot|p2a: Slither Wing
|-unboost|p2a: Slither Wing|atk|1
|-unboost|p2a: Slither Wing|spa|1
|
|t:|1758304150
|switch|p1a: Iron Moth|Iron Moth|100/100|[from] Parting Shot
|-enditem|p1a: Iron Moth|Booster Energy
|-activate|p1a: Iron Moth|ability: Quark Drive|[fromitem]
|-start|p1a: Iron Moth|quarkdrivespe
|move|p2a: Slither Wing|Close Combat|p1a: Iron Moth
|-resisted|p1a: Iron Moth
|-damage|p1a: Iron Moth|76/100
|-unboost|p2a: Slither Wing|def|1
|-unboost|p2a: Slither Wing|spd|1
|
|upkeep
|turn|3
|
|t:|1758304182
|-end|p2a: Slither Wing|Protosynthesis|[silent]
|switch|p2a: big ol fuck u bear|Ursaluna, F|100/100
|move|p1a: Iron Moth|Fiery Dance|p2a: big ol fuck u bear
|-damage|p2a: big ol fuck u bear|65/100
|-boost|p1a: Iron Moth|spa|1
|
|-status|p2a: big ol fuck u bear|brn|[from] item: Flame Orb
|upkeep
|turn|4
|
|t:|1758304218
|move|p1a: Iron Moth|Energy Ball|p2a: big ol fuck u bear
|-supereffective|p2a: big ol fuck u bear
|-damage|p2a: big ol fuck u bear|0 fnt
|faint|p2a: big ol fuck u bear
|
|upkeep
|inactive|Battle timer is ON: inactive players will automatically lose when time's up. (requested by logiemerald)
|
|t:|1758304296
|switch|p2a: IF NOBODY GOT ME|Sinistcha|100/100
|turn|5
|
|t:|1758304306
|move|p1a: Iron Moth|Fiery Dance|p2a: IF NOBODY GOT ME
|-supereffective|p2a: IF NOBODY GOT ME
|-damage|p2a: IF NOBODY GOT ME|39/100
|-enditem|p2a: IF NOBODY GOT ME|Weakness Policy
|-boost|p2a: IF NOBODY GOT ME|atk|2|[from] item: Weakness Policy
|-boost|p2a: IF NOBODY GOT ME|spa|2|[from] item: Weakness Policy
|move|p2a: IF NOBODY GOT ME|Trick Room|p2a: IF NOBODY GOT ME
|-fieldstart|move: Trick Room|[of] p2a: IF NOBODY GOT ME
|
|upkeep
|turn|6
|
|t:|1758304321
|move|p2a: IF NOBODY GOT ME|Shadow Ball|p1a: Iron Moth
|-damage|p1a: Iron Moth|0 fnt
|faint|p1a: Iron Moth
|-end|p1a: Iron Moth|Quark Drive|[silent]
|
|upkeep
|
|t:|1758304333
|switch|p1a: Grimmsnarl|Grimmsnarl, M|34/100
|turn|7
|
|t:|1758304335
|move|p1a: Grimmsnarl|Light Screen|p1a: Grimmsnarl
|-sidestart|p1: logiemerald|move: Light Screen
|move|p2a: IF NOBODY GOT ME|Matcha Gotcha|p1a: Grimmsnarl
|-damage|p1a: Grimmsnarl|1/100
|-heal|p2a: IF NOBODY GOT ME|58/100|[from] drain|[of] p1a: Grimmsnarl
|
|upkeep
|turn|8
|
|t:|1758304344
|move|p1a: Grimmsnarl|Parting Shot|p2a: IF NOBODY GOT ME
|-unboost|p2a: IF NOBODY GOT ME|atk|1
|-unboost|p2a: IF NOBODY GOT ME|spa|1
|
|t:|1758304372
|switch|p1a: Maushold|Maushold|100/100|[from] Parting Shot
|move|p2a: IF NOBODY GOT ME|Calm Mind|p2a: IF NOBODY GOT ME
|-boost|p2a: IF NOBODY GOT ME|spa|1
|-boost|p2a: IF NOBODY GOT ME|spd|1
|
|-sideend|p1: logiemerald|Reflect
|upkeep
|turn|9
|inactive|logiemerald has 120 seconds left.
|
|t:|1758304388
|move|p2a: IF NOBODY GOT ME|Matcha Gotcha|p1a: Maushold
|-damage|p1a: Maushold|40/100
|-heal|p2a: IF NOBODY GOT ME|83/100|[from] drain|[of] p1a: Maushold
|-status|p1a: Maushold|brn
|move|p1a: Maushold|Tidy Up|p1a: Maushold
|-boost|p1a: Maushold|atk|1
|-boost|p1a: Maushold|spe|1
|
|-damage|p1a: Maushold|34/100 brn|[from] brn
|-fieldend|move: Trick Room
|upkeep
|turn|10
|inactive|logiemerald has 120 seconds left.
|
|t:|1758304399
|move|p1a: Maushold|Encore|p2a: IF NOBODY GOT ME
|-start|p2a: IF NOBODY GOT ME|Encore
|move|p2a: IF NOBODY GOT ME|Matcha Gotcha|p1a: Maushold
|-crit|p1a: Maushold
|-damage|p1a: Maushold|0 fnt
|-heal|p2a: IF NOBODY GOT ME|97/100|[from] drain|[of] p1a: Maushold
|faint|p1a: Maushold
|
|upkeep
|inactive|logiemerald has 120 seconds left.
|inactive|logiemerald has 90 seconds left.
|
|t:|1758304456
|switch|p1a: Raging Bolt|Raging Bolt|100/100
|-enditem|p1a: Raging Bolt|Booster Energy
|-activate|p1a: Raging Bolt|ability: Protosynthesis|[fromitem]
|-start|p1a: Raging Bolt|protosynthesisspa
|turn|11
|
|t:|1758304465
|move|p1a: Raging Bolt|Dragon Pulse|p2a: IF NOBODY GOT ME
|-crit|p2a: IF NOBODY GOT ME
|-damage|p2a: IF NOBODY GOT ME|0 fnt
|faint|p2a: IF NOBODY GOT ME
|
|upkeep
|
|t:|1758304481
|switch|p2a: Hatterene|Hatterene, F|100/100
|turn|12
|
|t:|1758304491
|move|p1a: Raging Bolt|Calm Mind|p1a: Raging Bolt
|-boost|p1a: Raging Bolt|spa|1
|-boost|p1a: Raging Bolt|spd|1
|move|p2a: Hatterene|Trick Room|p2a: Hatterene
|-fieldstart|move: Trick Room|[of] p2a: Hatterene
|
|upkeep
|turn|13
|
|t:|1758304511
|switch|p2a: Slither Wing|Slither Wing|100/100
|move|p1a: Raging Bolt|Thunderclap||[still]
|-fail|p1a: Raging Bolt
|
|upkeep
|turn|14
|
|t:|1758304522
|move|p1a: Raging Bolt|Thunderclap|p2a: Slither Wing
|-damage|p2a: Slither Wing|28/100
|move|p2a: Slither Wing|Close Combat|p1a: Raging Bolt
|-damage|p1a: Raging Bolt|9/100
|-unboost|p2a: Slither Wing|def|1
|-unboost|p2a: Slither Wing|spd|1
|
|-sideend|p1: logiemerald|move: Light Screen
|upkeep
|turn|15
|inactive|logiemerald has 90 seconds left.
|
|t:|1758304532
|-end|p2a: Slither Wing|Protosynthesis|[silent]
|switch|p2a: Hatterene|Hatterene, F|100/100
|move|p1a: Raging Bolt|Thunderclap||[still]
|-fail|p1a: Raging Bolt
|
|upkeep
|turn|16
|
|t:|1758304537
|move|p2a: Hatterene|Psychic Noise|p1a: Raging Bolt
|-damage|p1a: Raging Bolt|0 fnt
|faint|p1a: Raging Bolt
|-end|p1a: Raging Bolt|Protosynthesis|[silent]
|
|-fieldend|move: Trick Room
|upkeep
|inactive|logiemerald has 90 seconds left.
|
|t:|1758304552
|switch|p1a: Scizor|Scizor, M|100/100
|turn|17
|
|t:|1758304558
|move|p1a: Scizor|Bullet Punch|p2a: Hatterene
|-supereffective|p2a: Hatterene
|-damage|p2a: Hatterene|4/100
|-damage|p1a: Scizor|91/100|[from] item: Life Orb
|move|p2a: Hatterene|Trick Room|p2a: Hatterene
|-fieldstart|move: Trick Room|[of] p2a: Hatterene
|
|upkeep
|turn|18
|
|t:|1758304578
|move|p2a: Hatterene|Healing Wish|p2a: Hatterene
|faint|p2a: Hatterene
|move|p1a: Scizor|Swords Dance|p1a: Scizor
|-boost|p1a: Scizor|atk|2
|
|upkeep
|
|t:|1758304587
|switch|p2a: death punch|Iron Hands|100/100
|-enditem|p2a: death punch|Booster Energy
|-activate|p2a: death punch|ability: Quark Drive|[fromitem]
|-start|p2a: death punch|quarkdriveatk
|turn|19
|inactive|logiemerald has 90 seconds left.
|
|t:|1758304635
|move|p1a: Scizor|Bullet Punch|p2a: death punch
|-resisted|p2a: death punch
|-damage|p2a: death punch|68/100
|-damage|p1a: Scizor|81/100|[from] item: Life Orb
|move|p2a: death punch|Drain Punch|p1a: Scizor
|-damage|p1a: Scizor|4/100
|-heal|p2a: death punch|92/100|[from] drain|[of] p1a: Scizor
|
|upkeep
|turn|20
|
|t:|1758304644
|move|p1a: Scizor|Bullet Punch|p2a: death punch
|-resisted|p2a: death punch
|-damage|p2a: death punch|62/100
|-damage|p1a: Scizor|0 fnt|[from] item: Life Orb
|faint|p1a: Scizor
|move|p2a: death punch|Drain Punch|p1: Scizor|[notarget]
|-fail|p2a: death punch
|
|upkeep
|
|t:|1758304651
|switch|p1a: Grimmsnarl|Grimmsnarl, M|1/100
|turn|21
|
|t:|1758304655
|move|p1a: Grimmsnarl|Reflect|p1a: Grimmsnarl
|-sidestart|p1: logiemerald|Reflect
|move|p2a: death punch|Drain Punch|p1a: Grimmsnarl
|-damage|p1a: Grimmsnarl|0 fnt
|-heal|p2a: death punch|63/100|[from] drain|[of] p1a: Grimmsnarl
|faint|p1a: Grimmsnarl
|
|-fieldend|move: Trick Room
|upkeep
|
|t:|1758304658
|switch|p1a: Torterra|Torterra, M|100/100
|turn|22
|inactive|logiemerald has 90 seconds left.
|
|t:|1758304667
|-terastallize|p1a: Torterra|Rock
|-terastallize|p2a: death punch|Flying
|move|p1a: Torterra|Shell Smash|p1a: Torterra
|-unboost|p1a: Torterra|def|1
|-unboost|p1a: Torterra|spd|1
|-boost|p1a: Torterra|atk|2
|-boost|p1a: Torterra|spa|2
|-boost|p1a: Torterra|spe|2
|move|p2a: death punch|Ice Punch|p1a: Torterra
|-damage|p1a: Torterra|74/100
|
|upkeep
|turn|23
|inactive|logiemerald has 90 seconds left.
|
|t:|1758304680
|move|p1a: Torterra|Rock Blast|p2a: death punch
|-supereffective|p2a: death punch
|-damage|p2a: death punch|29/100
|-supereffective|p2a: death punch
|-damage|p2a: death punch|0 fnt
|faint|p2a: death punch
|-end|p2a: death punch|Quark Drive|[silent]
|-hitcount|p2: death punch|2
|
|upkeep
|
|t:|1758304691
|switch|p2a: Slither Wing|Slither Wing|28/100
|-heal|p2a: Slither Wing|100/100|[from] move: Healing Wish
|turn|24
|
|t:|1758304700
|move|p2a: Slither Wing|First Impression|p1a: Torterra
|-damage|p1a: Torterra|17/100
|move|p1a: Torterra|Rock Blast|p2a: Slither Wing
|-damage|p2a: Slither Wing|75/100
|-damage|p2a: Slither Wing|50/100
|-damage|p2a: Slither Wing|27/100
|-damage|p2a: Slither Wing|0 fnt
|faint|p2a: Slither Wing
|-end|p2a: Slither Wing|Protosynthesis|[silent]
|-hitcount|p2: Slither Wing|4
|
|upkeep
|
|t:|1758304703
|switch|p2a: Cinder|Cinderace, F|100/100
|turn|25
|
|t:|1758304709
|move|p2a: Cinder|Sucker Punch|p1a: Torterra
|-start|p2a: Cinder|typechange|Dark|[from] ability: Libero
|-damage|p1a: Torterra|0 fnt
|faint|p1a: Torterra
|
|win|moope
|raw|logiemerald's rating: 1347 &rarr; <strong>1326</strong><br />(-21 for losing)
|raw|moope's rating: 1325 &rarr; <strong>1346</strong><br />(+21 for winning)
|l|☆logiemerald
|player|p1|
|l|☆moope
|player|p2|
