|j|☆monstermixmuffin
|j|☆vipmaycom
|t:|1758232351
|gametype|singles
|player|p1|monstermixmuffin|hanbei-conquest|1385
|player|p2|vipmaycom|2|1385
|gen|9
|tier|[Gen 9] OU
|rated|
|rule|HP Percentage Mod: HP is shown in percentages
|rule|Endless Battle Clause: Forcing endless battles is banned
|rule|Species Clause: Limit one of each Pokémon
|rule|OHKO Clause: OHKO moves are banned
|rule|Evasion Items Clause: Evasion items are banned
|rule|Evasion Moves Clause: Evasion moves are banned
|rule|Evasion Abilities Clause: Evasion abilities are banned
|rule|Sleep Moves Clause: Sleep-inducing moves are banned
|clearpoke
|poke|p1|Malamar, M|
|poke|p1|Ribombee, M|
|poke|p1|Cinderace, M|
|poke|p1|Serperior, F|
|poke|p1|Gholdengo|
|poke|p1|Garganacl, M|
|poke|p2|Araquanid, F|
|poke|p2|Kingambit, M|
|poke|p2|Ogerpon-Wellspring, F|
|poke|p2|Gholdengo|
|poke|p2|Iron Moth|
|poke|p2|Raging Bolt|
|teampreview
|
|t:|1758232359
|teamsize|p1|6
|teamsize|p2|6
|start
|switch|p1a: Ribombee|Ribombee, M|100/100
|switch|p2a: Araquanid|Araquanid, F|100/100
|turn|1
|
|t:|1758232364
|move|p1a: Ribombee|Sticky Web|p2a: Araquanid
|-sidestart|p2: vipmaycom|move: Sticky Web
|move|p2a: Araquanid|Sticky Web|p1a: Ribombee
|-sidestart|p1: monstermixmuffin|move: Sticky Web
|
|upkeep
|turn|2
|
|t:|1758232369
|move|p1a: Ribombee|Stun Spore|p2a: Araquanid
|-status|p2a: Araquanid|par
|cant|p2a: Araquanid|par
|
|upkeep
|turn|3
|
|t:|1758232373
|move|p1a: Ribombee|Moonblast|p2a: Araquanid
|-damage|p2a: Araquanid|68/100 par
|-enditem|p2a: Araquanid|Red Card|[of] p1a: Ribombee
|drag|p1a: Cinderace|Cinderace, M|100/100
|cant|p2a: Araquanid|par
|
|upkeep
|turn|4
|
|t:|1758232381
|move|p1a: Cinderace|Gunk Shot|p2a: Araquanid|[miss]
|-start|p1a: Cinderace|typechange|Poison|[from] ability: Libero
|-miss|p1a: Cinderace|p2a: Araquanid
|move|p2a: Araquanid|Surf|p1a: Cinderace
|-damage|p1a: Cinderace|23/100
|
|upkeep
|turn|5
|
|t:|1758232392
|move|p1a: Cinderace|Gunk Shot|p2a: Araquanid
|-damage|p2a: Araquanid|8/100 par
|cant|p2a: Araquanid|par
|
|upkeep
|turn|6
|
|t:|1758232397
|move|p1a: Cinderace|U-turn|p2a: Araquanid
|-damage|p2a: Araquanid|0 fnt
|faint|p2a: Araquanid
|
|t:|1758232409
|switch|p1a: Gyaa Ha ha!|Malamar, M, shiny|100/100|[from] U-turn
|-activate|p1a: Gyaa Ha ha!|move: Sticky Web
|-boost|p1a: Gyaa Ha ha!|spe|1
|
|upkeep
|
|t:|1758232437
|switch|p2a: Iron Moth|Iron Moth|100/100
|-activate|p2a: Iron Moth|move: Sticky Web
|-unboost|p2a: Iron Moth|spe|1
|-enditem|p2a: Iron Moth|Booster Energy
|-activate|p2a: Iron Moth|ability: Quark Drive|[fromitem]
|-start|p2a: Iron Moth|quarkdrivespa
|turn|7
|
|t:|1758232444
|switch|p1a: Cinderace|Cinderace, M|23/100
|move|p2a: Iron Moth|Agility|p2a: Iron Moth
|-boost|p2a: Iron Moth|spe|2
|
|upkeep
|turn|8
|
|t:|1758232450
|move|p2a: Iron Moth|Fiery Dance|p1a: Cinderace
|-resisted|p1a: Cinderace
|-damage|p1a: Cinderace|0 fnt
|faint|p1a: Cinderace
|
|upkeep
|
|t:|1758232454
|switch|p1a: Ribombee|Ribombee, M|100/100
|-activate|p1a: Ribombee|move: Sticky Web
|-unboost|p1a: Ribombee|spe|1
|turn|9
|
|t:|1758232457
|move|p2a: Iron Moth|Fiery Dance|p1a: Ribombee
|-supereffective|p1a: Ribombee
|-enditem|p1a: Ribombee|Focus Sash
|-damage|p1a: Ribombee|1/100
|move|p1a: Ribombee|Stun Spore|p2a: Iron Moth
|-status|p2a: Iron Moth|par
|
|upkeep
|turn|10
|
|t:|1758232463
|move|p1a: Ribombee|Bug Buzz|p2a: Iron Moth
|-resisted|p2a: Iron Moth
|-damage|p2a: Iron Moth|91/100 par
|cant|p2a: Iron Moth|par
|
|upkeep
|turn|11
|
|t:|1758232468
|move|p1a: Ribombee|Moonblast|p2a: Iron Moth
|-resisted|p2a: Iron Moth
|-crit|p2a: Iron Moth
|-damage|p2a: Iron Moth|76/100 par
|move|p2a: Iron Moth|Agility|p2a: Iron Moth
|-boost|p2a: Iron Moth|spe|2
|
|upkeep
|turn|12
|
|t:|1758232473
|cant|p2a: Iron Moth|par
|move|p1a: Ribombee|Moonblast|p2a: Iron Moth
|-resisted|p2a: Iron Moth
|-damage|p2a: Iron Moth|65/100 par
|-unboost|p2a: Iron Moth|spa|1
|
|upkeep
|turn|13
|
|t:|1758232497
|move|p2a: Iron Moth|Fiery Dance|p1a: Ribombee
|-supereffective|p1a: Ribombee
|-damage|p1a: Ribombee|0 fnt
|-boost|p2a: Iron Moth|spa|1
|faint|p1a: Ribombee
|
|upkeep
|
|t:|1758232517
|switch|p1a: Serperior|Serperior, F|100/100
|-activate|p1a: Serperior|move: Sticky Web
|-boost|p1a: Serperior|spe|1
|turn|14
|
|t:|1758232522
|-terastallize|p1a: Serperior|Fire
|move|p1a: Serperior|Dragon Pulse|p2a: Iron Moth
|-damage|p2a: Iron Moth|42/100 par
|cant|p2a: Iron Moth|par
|
|upkeep
|turn|15
|
|t:|1758232527
|move|p1a: Serperior|Leaf Storm|p2a: Iron Moth
|-resisted|p2a: Iron Moth
|-damage|p2a: Iron Moth|30/100 par
|-boost|p1a: Serperior|spa|2
|cant|p2a: Iron Moth|par
|
|upkeep
|turn|16
|
|t:|1758232531
|move|p1a: Serperior|Dragon Pulse|p2a: Iron Moth
|-damage|p2a: Iron Moth|0 fnt
|faint|p2a: Iron Moth
|-end|p2a: Iron Moth|Quark Drive|[silent]
|
|upkeep
|
|t:|1758232538
|switch|p2a: Ogerpon|Ogerpon-Wellspring, F|100/100
|-activate|p2a: Ogerpon|move: Sticky Web
|-unboost|p2a: Ogerpon|spe|1
|turn|17
|
|t:|1758232541
|move|p1a: Serperior|Leaf Storm|p2a: Ogerpon
|-damage|p2a: Ogerpon|0 fnt
|-boost|p1a: Serperior|spa|2
|faint|p2a: Ogerpon
|
|upkeep
|
|t:|1758232544
|switch|p2a: Gholdengo|Gholdengo|100/100
|-item|p2a: Gholdengo|Air Balloon
|turn|18
|
|t:|1758232550
|-terastallize|p2a: Gholdengo|Fairy
|move|p1a: Serperior|Tera Blast|p2a: Gholdengo|[anim] Tera Blast Fire
|-damage|p2a: Gholdengo|0 fnt
|-enditem|p2a: Gholdengo|Air Balloon
|faint|p2a: Gholdengo
|
|upkeep
|c|☆monstermixmuffin|gg
|
|t:|1758232557
|switch|p2a: Raging Bolt|Raging Bolt|100/100
|-activate|p2a: Raging Bolt|move: Sticky Web
|-unboost|p2a: Raging Bolt|spe|1
|-enditem|p2a: Raging Bolt|Booster Energy
|-activate|p2a: Raging Bolt|ability: Protosynthesis|[fromitem]
|-start|p2a: Raging Bolt|protosynthesisspa
|turn|19
|
|t:|1758232561
|move|p2a: Raging Bolt|Thunderclap|p1a: Serperior
|-damage|p1a: Serperior|35/100
|move|p1a: Serperior|Dragon Pulse|p2a: Raging Bolt
|-supereffective|p2a: Raging Bolt
|-damage|p2a: Raging Bolt|0 fnt
|faint|p2a: Raging Bolt
|-end|p2a: Raging Bolt|Protosynthesis|[silent]
|
|-heal|p1a: Serperior|41/100|[from] item: Leftovers
|upkeep
|
|t:|1758232565
|switch|p2a: Kingambit|Kingambit, M|100/100
|-activate|p2a: Kingambit|move: Sticky Web
|-unboost|p2a: Kingambit|spe|1
|-activate|p2a: Kingambit|ability: Supreme Overlord
|-start|p2a: Kingambit|fallen5|[silent]
|turn|20
|
|t:|1758232569
|move|p2a: Kingambit|Sucker Punch|p1a: Serperior
|-damage|p1a: Serperior|0 fnt
|faint|p1a: Serperior
|
|upkeep
|
|t:|1758232570
|switch|p1a: Gyaa Ha ha!|Malamar, M, shiny|100/100
|-activate|p1a: Gyaa Ha ha!|move: Sticky Web
|-boost|p1a: Gyaa Ha ha!|spe|1
|turn|21
|
|t:|1758232579
|move|p1a: Gyaa Ha ha!|Superpower|p2a: Kingambit
|-supereffective|p2a: Kingambit
|-damage|p2a: Kingambit|0 fnt
|-boost|p1a: Gyaa Ha ha!|atk|1
|-boost|p1a: Gyaa Ha ha!|def|1
|faint|p2a: Kingambit
|-end|p2a: Kingambit|fallen5|[silent]
|
|win|monstermixmuffin
|raw|monstermixmuffin's rating: 1385 &rarr; <strong>1405</strong><br />(+20 for winning)
|raw|vipmaycom's rating: 1385 &rarr; <strong>1365</strong><br />(-20 for losing)
|l|☆vipmaycom
|player|p2|
|l|☆monstermixmuffin
|player|p1|
