|j|☆Palm X
|j|☆bidofest
|t:|1758255032
|gametype|singles
|player|p1|Palm X|caitlin|1622
|player|p2|bidofest|1|1745
|gen|9
|tier|[Gen 9] OU
|rated|
|rule|HP Percentage Mod: HP is shown in percentages
|rule|Endless Battle Clause: Forcing endless battles is banned
|rule|Species Clause: Limit one of each Pokémon
|rule|OHKO Clause: OHKO moves are banned
|rule|Evasion Items Clause: Evasion items are banned
|rule|Evasion Moves Clause: Evasion moves are banned
|rule|Evasion Abilities Clause: Evasion abilities are banned
|rule|Sleep Moves Clause: Sleep-inducing moves are banned
|clearpoke
|poke|p1|Rillaboom, M|
|poke|p1|Ogerpon-Wellspring, F|
|poke|p1|Hatterene, F|
|poke|p1|Raging Bolt|
|poke|p1|Weezing-Galar, F|
|poke|p1|Darkrai|
|poke|p2|Gholdengo|
|poke|p2|Weavile, F|
|poke|p2|Moltres|
|poke|p2|Clefable, M|
|poke|p2|Great Tusk|
|poke|p2|Samurott-Hisui, F|
|teampreview
|inactive|Battle timer is ON: inactive players will automatically lose when time's up. (requested by Palm X)
|j| BigChiefQueef
|inactive|Palm X has 120 seconds left.
|
|t:|1758255070
|teamsize|p1|6
|teamsize|p2|6
|start
|switch|p1a: Weezing|Weezing-Galar, F|100/100
|switch|p2a: Moltres|Moltres|100/100
|-ability|p1a: Weezing|Neutralizing Gas
|turn|1
|
|t:|1758255088
|-end|p1a: Weezing|ability: Neutralizing Gas
|switch|p1a: Hatterene|Hatterene, F|100/100
|move|p2a: Moltres|Flamethrower|p1a: Hatterene
|-damage|p1a: Hatterene|66/100
|
|-heal|p1a: Hatterene|72/100|[from] item: Leftovers
|upkeep
|turn|2
|
|t:|1758255093
|move|p2a: Moltres|U-turn|p1a: Hatterene
|-damage|p1a: Hatterene|60/100
|
|t:|1758255096
|switch|p2a: Gholdengo|Gholdengo|100/100|[from] U-turn
|move|p1a: Hatterene|Nuzzle|p2a: Gholdengo
|-damage|p2a: Gholdengo|96/100
|-status|p2a: Gholdengo|par
|
|-heal|p1a: Hatterene|66/100|[from] item: Leftovers
|upkeep
|turn|3
|
|t:|1758255104
|switch|p1a: Rillaboom|Rillaboom, M|100/100
|-fieldstart|move: Grassy Terrain|[from] ability: Grassy Surge|[of] p1a: Rillaboom
|cant|p2a: Gholdengo|par
|
|-heal|p2a: Gholdengo|100/100 par|[from] Grassy Terrain
|upkeep
|turn|4
|
|t:|1758255110
|switch|p2a: Moltres|Moltres|100/100
|move|p1a: Rillaboom|U-turn|p2a: Moltres
|-resisted|p2a: Moltres
|-damage|p2a: Moltres|95/100
|-status|p1a: Rillaboom|brn|[from] ability: Flame Body|[of] p2a: Moltres
|
|t:|1758255113
|switch|p1a: Ogerpon|Ogerpon-Wellspring, F|100/100|[from] U-turn
|
|upkeep
|turn|5
|
|t:|1758255128
|switch|p1a: Hatterene|Hatterene, F|66/100
|switch|p2a: Samurott|Samurott-Hisui, F|100/100
|
|-heal|p1a: Hatterene|72/100|[from] Grassy Terrain
|-heal|p1a: Hatterene|78/100|[from] item: Leftovers
|upkeep
|turn|6
|
|t:|1758255136
|switch|p2a: Gholdengo|Gholdengo|100/100 par
|move|p1a: Hatterene|Draining Kiss|p2a: Gholdengo
|-resisted|p2a: Gholdengo
|-damage|p2a: Gholdengo|88/100 par
|-heal|p1a: Hatterene|88/100|[from] drain|[of] p2a: Gholdengo
|
|-heal|p2a: Gholdengo|94/100 par|[from] Grassy Terrain
|-heal|p1a: Hatterene|94/100|[from] Grassy Terrain
|-heal|p1a: Hatterene|99/100|[from] item: Leftovers
|upkeep
|turn|7
|
|t:|1758255146
|switch|p1a: Ogerpon|Ogerpon-Wellspring, F|100/100
|move|p2a: Gholdengo|Make It Rain|p1a: Ogerpon
|-resisted|p1a: Ogerpon
|-damage|p1a: Ogerpon|54/100
|-unboost|p2a: Gholdengo|spa|1
|
|-heal|p1a: Ogerpon|60/100|[from] Grassy Terrain
|-heal|p2a: Gholdengo|99/100 par|[from] Grassy Terrain
|upkeep
|turn|8
|
|t:|1758255154
|switch|p2a: Samurott|Samurott-Hisui, F|100/100
|move|p1a: Ogerpon|Ivy Cudgel|p2a: Samurott|[anim] Ivy Cudgel Water
|-resisted|p2a: Samurott
|-damage|p2a: Samurott|61/100
|
|-heal|p2a: Samurott|67/100|[from] Grassy Terrain
|-heal|p1a: Ogerpon|66/100|[from] Grassy Terrain
|upkeep
|turn|9
|
|t:|1758255162
|switch|p2a: Moltres|Moltres|95/100
|move|p1a: Ogerpon|Grassy Glide|p2a: Moltres
|-resisted|p2a: Moltres
|-damage|p2a: Moltres|85/100
|
|-heal|p1a: Ogerpon|72/100|[from] Grassy Terrain
|upkeep
|turn|10
|
|t:|1758255175
|switch|p2a: Samurott|Samurott-Hisui, F|67/100
|move|p1a: Ogerpon|Ivy Cudgel|p2a: Samurott|[anim] Ivy Cudgel Water
|-resisted|p2a: Samurott
|-damage|p2a: Samurott|28/100
|
|-heal|p2a: Samurott|34/100|[from] Grassy Terrain
|-heal|p1a: Ogerpon|78/100|[from] Grassy Terrain
|-fieldend|move: Grassy Terrain
|upkeep
|turn|11
|
|t:|1758255183
|move|p2a: Samurott|Ceaseless Edge|p1a: Ogerpon
|-damage|p1a: Ogerpon|18/100
|-sidestart|p1: Palm X|Spikes
|move|p1a: Ogerpon|Ivy Cudgel|p2a: Samurott|[anim] Ivy Cudgel Water
|-resisted|p2a: Samurott
|-damage|p2a: Samurott|0 fnt
|faint|p2a: Samurott
|
|upkeep
|
|t:|1758255190
|switch|p2a: Weavile|Weavile, F|100/100
|turn|12
|
|t:|1758255195
|switch|p1a: Weezing|Weezing-Galar, F|100/100
|-ability|p1a: Weezing|Neutralizing Gas
|move|p2a: Weavile|Knock Off|p1a: Weezing
|-resisted|p1a: Weezing
|-damage|p1a: Weezing|82/100
|-enditem|p1a: Weezing|Heavy-Duty Boots|[from] move: Knock Off|[of] p2a: Weavile
|
|upkeep
|turn|13
|
|t:|1758255206
|switch|p2a: Gholdengo|Gholdengo|99/100 par
|move|p1a: Weezing|Will-O-Wisp||[still]
|-fail|p1a: Weezing
|
|upkeep
|turn|14
|
|t:|1758255218
|-end|p1a: Weezing|ability: Neutralizing Gas
|switch|p1a: Rillaboom|Rillaboom, M|100/100 brn
|-damage|p1a: Rillaboom|88/100 brn|[from] Spikes
|-fieldstart|move: Grassy Terrain|[from] ability: Grassy Surge|[of] p1a: Rillaboom
|switch|p2a: Weavile|Weavile, F|100/100
|
|-heal|p1a: Rillaboom|94/100 brn|[from] Grassy Terrain
|-damage|p1a: Rillaboom|88/100 brn|[from] brn
|upkeep
|turn|15
|
|t:|1758255241
|switch|p1a: Weezing|Weezing-Galar, F|82/100
|-ability|p1a: Weezing|Neutralizing Gas
|-damage|p1a: Weezing|70/100|[from] Spikes
|move|p2a: Weavile|Triple Axel|p1a: Weezing
|-damage|p1a: Weezing|63/100
|-damage|p1a: Weezing|50/100
|-damage|p1a: Weezing|29/100
|-hitcount|p1a: Weezing|3
|
|-heal|p1a: Weezing|36/100|[from] Grassy Terrain
|upkeep
|turn|16
|
|t:|1758255254
|move|p2a: Weavile|Triple Axel|p1a: Weezing
|-damage|p1a: Weezing|28/100
|-hitcount|p1a: Weezing|1
|move|p1a: Weezing|Pain Split|p2a: Weavile
|-sethp|p2a: Weavile|66/100|[from] move: Pain Split|[silent]
|-sethp|p1a: Weezing|57/100|[from] move: Pain Split
|
|-heal|p2a: Weavile|72/100|[from] Grassy Terrain
|-heal|p1a: Weezing|64/100|[from] Grassy Terrain
|upkeep
|turn|17
|c|☆bidofest|lmao i hate this move
|
|t:|1758255265
|switch|p2a: Gholdengo|Gholdengo|99/100 par
|move|p1a: Weezing|Defog|p2a: Gholdengo
|-unboost|p2a: Gholdengo|evasion|1
|-sideend|p1: Palm X|Spikes|[from] move: Defog|[of] p1a: Weezing
|-fieldend|move: Grassy Terrain
|
|upkeep
|turn|18
|c|☆Palm X|it be like that i get it
|
|t:|1758255292
|move|p1a: Weezing|Strange Steam|p2a: Gholdengo
|-resisted|p2a: Gholdengo
|-damage|p2a: Gholdengo|84/100 par
|move|p2a: Gholdengo|Make It Rain|p1a: Weezing
|-supereffective|p1a: Weezing
|-damage|p1a: Weezing|0 fnt
|-unboost|p2a: Gholdengo|spa|1
|faint|p1a: Weezing
|-end|p1a: Weezing|ability: Neutralizing Gas
|
|upkeep
|
|t:|1758255295
|switch|p1a: Rillaboom|Rillaboom, M|88/100 brn
|-fieldstart|move: Grassy Terrain|[from] ability: Grassy Surge|[of] p1a: Rillaboom
|turn|19
|
|t:|1758255303
|switch|p2a: Moltres|Moltres|85/100
|move|p1a: Rillaboom|Knock Off|p2a: Moltres
|-damage|p2a: Moltres|68/100
|-enditem|p2a: Moltres|Heavy-Duty Boots|[from] move: Knock Off|[of] p1a: Rillaboom
|
|-heal|p1a: Rillaboom|94/100 brn|[from] Grassy Terrain
|-damage|p1a: Rillaboom|88/100 brn|[from] brn
|upkeep
|turn|20
|
|t:|1758255308
|move|p1a: Rillaboom|U-turn|p2a: Moltres
|-resisted|p2a: Moltres
|-damage|p2a: Moltres|65/100
|
|t:|1758255310
|switch|p1a: Hatterene|Hatterene, F|99/100|[from] U-turn
|move|p2a: Moltres|U-turn|p1a: Hatterene
|-damage|p1a: Hatterene|86/100
|
|t:|1758255320
|switch|p2a: Gholdengo|Gholdengo|84/100 par|[from] U-turn
|
|-heal|p2a: Gholdengo|90/100 par|[from] Grassy Terrain
|-heal|p1a: Hatterene|92/100|[from] Grassy Terrain
|-heal|p1a: Hatterene|98/100|[from] item: Leftovers
|upkeep
|turn|21
|
|t:|1758255326
|switch|p1a: Darkrai|Darkrai, shiny|100/100
|move|p2a: Gholdengo|Make It Rain|p1a: Darkrai
|-damage|p1a: Darkrai|0 fnt
|-unboost|p2a: Gholdengo|spa|1
|faint|p1a: Darkrai
|
|-heal|p2a: Gholdengo|96/100 par|[from] Grassy Terrain
|upkeep
|
|t:|1758255328
|switch|p1a: Ogerpon|Ogerpon-Wellspring, F|18/100
|turn|22
|
|t:|1758255340
|switch|p2a: Clefable|Clefable, M|100/100
|move|p1a: Ogerpon|Synthesis|p1a: Ogerpon
|-heal|p1a: Ogerpon|68/100
|
|-heal|p1a: Ogerpon|74/100|[from] Grassy Terrain
|upkeep
|turn|23
|
|t:|1758255348
|move|p1a: Ogerpon|Swords Dance|p1a: Ogerpon
|-boost|p1a: Ogerpon|atk|2
|move|p2a: Clefable|Moonblast|p1a: Ogerpon
|-damage|p1a: Ogerpon|37/100
|
|-heal|p1a: Ogerpon|43/100|[from] Grassy Terrain
|upkeep
|turn|24
|
|t:|1758255355
|move|p1a: Ogerpon|Synthesis|p1a: Ogerpon
|-heal|p1a: Ogerpon|93/100
|move|p2a: Clefable|Thunder Wave|p1a: Ogerpon
|-status|p1a: Ogerpon|par
|
|-heal|p1a: Ogerpon|99/100 par|[from] Grassy Terrain
|upkeep
|turn|25
|
|t:|1758255363
|move|p1a: Ogerpon|Ivy Cudgel|p2a: Clefable|[anim] Ivy Cudgel Water
|-damage|p2a: Clefable|56/100
|move|p2a: Clefable|Calm Mind|p2a: Clefable
|-boost|p2a: Clefable|spa|1
|-boost|p2a: Clefable|spd|1
|
|-heal|p1a: Ogerpon|100/100 par|[from] Grassy Terrain
|-heal|p2a: Clefable|62/100|[from] Grassy Terrain
|upkeep
|turn|26
|
|t:|1758255371
|cant|p1a: Ogerpon|par
|move|p2a: Clefable|Moonlight|p2a: Clefable
|-heal|p2a: Clefable|100/100
|
|-fieldend|move: Grassy Terrain
|upkeep
|turn|27
|j| KappaHalo
|
|t:|1758255374
|move|p1a: Ogerpon|Ivy Cudgel|p2a: Clefable|[anim] Ivy Cudgel Water
|-damage|p2a: Clefable|58/100
|move|p2a: Clefable|Moonblast|p1a: Ogerpon
|-damage|p1a: Ogerpon|41/100 par
|
|upkeep
|turn|28
|
|t:|1758255379
|move|p1a: Ogerpon|Synthesis|p1a: Ogerpon
|-heal|p1a: Ogerpon|91/100 par
|move|p2a: Clefable|Moonlight|p2a: Clefable
|-heal|p2a: Clefable|100/100
|
|upkeep
|turn|29
|
|t:|1758255381
|cant|p1a: Ogerpon|par
|move|p2a: Clefable|Moonblast|p1a: Ogerpon
|-damage|p1a: Ogerpon|32/100 par
|
|upkeep
|turn|30
|
|t:|1758255385
|move|p1a: Ogerpon|Ivy Cudgel|p2a: Clefable|[anim] Ivy Cudgel Water
|-damage|p2a: Clefable|54/100
|move|p2a: Clefable|Moonblast|p1a: Ogerpon
|-crit|p1a: Ogerpon
|-damage|p1a: Ogerpon|0 fnt
|faint|p1a: Ogerpon
|
|upkeep
|
|t:|1758255387
|switch|p1a: Hatterene|Hatterene, F|98/100
|turn|31
|l| KappaHalo
|
|t:|1758255409
|move|p2a: Clefable|Moonblast|p1a: Hatterene
|-damage|p1a: Hatterene|55/100
|-unboost|p1a: Hatterene|spa|1
|move|p1a: Hatterene|Calm Mind|p1a: Hatterene
|-boost|p1a: Hatterene|spa|1
|-boost|p1a: Hatterene|spd|1
|
|-heal|p1a: Hatterene|61/100|[from] item: Leftovers
|upkeep
|turn|32
|j| parabola22
|l| parabola22
|
|t:|1758255423
|move|p2a: Clefable|Moonlight|p2a: Clefable
|-heal|p2a: Clefable|100/100
|move|p1a: Hatterene|Draining Kiss|p2a: Clefable
|-damage|p2a: Clefable|87/100
|-heal|p1a: Hatterene|74/100|[from] drain|[of] p2a: Clefable
|
|-heal|p1a: Hatterene|80/100|[from] item: Leftovers
|upkeep
|turn|33
|
|t:|1758255426
|move|p2a: Clefable|Calm Mind|p2a: Clefable
|-boost|p2a: Clefable|spa|1
|-boost|p2a: Clefable|spd|1
|move|p1a: Hatterene|Psychic Noise|p2a: Clefable
|-damage|p2a: Clefable|71/100
|-start|p2a: Clefable|move: Heal Block
|
|-heal|p1a: Hatterene|86/100|[from] item: Leftovers
|upkeep
|turn|34
|
|t:|1758255428
|move|p2a: Clefable|Calm Mind|p2a: Clefable
|-boost|p2a: Clefable|spa|1
|-boost|p2a: Clefable|spd|1
|move|p1a: Hatterene|Nuzzle|p2a: Clefable
|-damage|p2a: Clefable|67/100
|-status|p2a: Clefable|par
|
|-heal|p1a: Hatterene|92/100|[from] item: Leftovers
|-end|p2a: Clefable|move: Heal Block
|upkeep
|turn|35
|
|t:|1758255432
|move|p1a: Hatterene|Calm Mind|p1a: Hatterene
|-boost|p1a: Hatterene|spa|1
|-boost|p1a: Hatterene|spd|1
|move|p2a: Clefable|Moonblast|p1a: Hatterene
|-damage|p1a: Hatterene|20/100
|
|-heal|p1a: Hatterene|26/100|[from] item: Leftovers
|upkeep
|turn|36
|
|t:|1758255438
|move|p1a: Hatterene|Draining Kiss|p2a: Clefable
|-damage|p2a: Clefable|59/100 par
|-heal|p1a: Hatterene|33/100|[from] drain|[of] p2a: Clefable
|cant|p2a: Clefable|par
|
|-heal|p1a: Hatterene|39/100|[from] item: Leftovers
|upkeep
|turn|37
|
|t:|1758255447
|-terastallize|p1a: Hatterene|Steel
|move|p1a: Hatterene|Draining Kiss|p2a: Clefable
|-damage|p2a: Clefable|51/100 par
|-heal|p1a: Hatterene|46/100|[from] drain|[of] p2a: Clefable
|move|p2a: Clefable|Moonlight|p2a: Clefable
|-heal|p2a: Clefable|100/100 par
|
|-heal|p1a: Hatterene|52/100|[from] item: Leftovers
|upkeep
|turn|38
|
|t:|1758255451
|move|p1a: Hatterene|Psychic Noise|p2a: Clefable
|-damage|p2a: Clefable|87/100 par
|-start|p2a: Clefable|move: Heal Block
|move|p2a: Clefable|Moonblast|p1a: Hatterene
|-resisted|p1a: Hatterene
|-damage|p1a: Hatterene|16/100
|
|-heal|p1a: Hatterene|22/100|[from] item: Leftovers
|upkeep
|turn|39
|
|t:|1758255456
|move|p1a: Hatterene|Draining Kiss|p2a: Clefable
|-damage|p2a: Clefable|79/100 par
|-heal|p1a: Hatterene|30/100|[from] drain|[of] p2a: Clefable
|move|p2a: Clefable|Moonblast|p1a: Hatterene
|-resisted|p1a: Hatterene
|-damage|p1a: Hatterene|0 fnt
|faint|p1a: Hatterene
|
|-end|p2a: Clefable|move: Heal Block
|upkeep
|c|☆Palm X|ggs
|c|☆bidofest|i am unaware brother
|c|☆bidofest|gg
|c|☆Palm X|ikik
|c|☆Palm X|rip me
|c|☆bidofest|aha
|-message|Palm X forfeited.
|
|win|bidofest
|raw|Palm X's rating: 1622 &rarr; <strong>1609</strong><br />(-13 for losing)
|raw|bidofest's rating: 1745 &rarr; <strong>1758</strong><br />(+13 for winning)
|l|☆Palm X
|player|p1|
|l| BigChiefQueef
|l|☆bidofest
|player|p2|
