|j|☆Snake_kid_95
|j|☆risky dicky
|t:|1758245693
|gametype|singles
|player|p1|Snake_kid_95|lucas|1046
|player|p2|risky dicky|169|1000
|gen|9
|tier|[Gen 9] OU
|rated|
|rule|HP Percentage Mod: HP is shown in percentages
|rule|Endless Battle Clause: Forcing endless battles is banned
|rule|Species Clause: Limit one of each Pokémon
|rule|OHKO Clause: OHKO moves are banned
|rule|Evasion Items Clause: Evasion items are banned
|rule|Evasion Moves Clause: Evasion moves are banned
|rule|Evasion Abilities Clause: Evasion abilities are banned
|rule|Sleep Moves Clause: Sleep-inducing moves are banned
|clearpoke
|poke|p1|Lokix, M|
|poke|p1|Alomomola, M|
|poke|p1|Overqwil, F|
|poke|p1|Oricorio-Pom-Pom, F|
|poke|p1|Kleavor, M|
|poke|p1|Latios, M|
|poke|p2|Charizard, M|
|poke|p2|Pikachu, M|
|poke|p2|Squirtle, M|
|poke|p2|Bulbasaur, F|
|poke|p2|Lapras, M|
|poke|p2|Snorlax, F|
|teampreview
|c|☆Snake_kid_95|glhf
|inactive|Battle timer is ON: inactive players will automatically lose when time's up. (requested by Snake_kid_95)
|
|t:|1758245707
|teamsize|p1|6
|teamsize|p2|6
|start
|switch|p1a: Oricorio|Oricorio-Pom-Pom, F|100/100
|switch|p2a: Squirtle|Squirtle, M|100/100
|turn|1
|
|t:|1758245713
|move|p1a: Oricorio|Quiver Dance|p1a: Oricorio
|-boost|p1a: Oricorio|spa|1
|-boost|p1a: Oricorio|spd|1
|-boost|p1a: Oricorio|spe|1
|move|p2a: Squirtle|Shell Smash|p2a: Squirtle
|-unboost|p2a: Squirtle|def|1
|-unboost|p2a: Squirtle|spd|1
|-boost|p2a: Squirtle|atk|2
|-boost|p2a: Squirtle|spa|2
|-boost|p2a: Squirtle|spe|2
|
|upkeep
|turn|2
|
|t:|1758245722
|move|p1a: Oricorio|Quiver Dance|p1a: Oricorio
|-boost|p1a: Oricorio|spa|1
|-boost|p1a: Oricorio|spd|1
|-boost|p1a: Oricorio|spe|1
|move|p2a: Squirtle|Shell Smash|p2a: Squirtle
|-unboost|p2a: Squirtle|def|1
|-unboost|p2a: Squirtle|spd|1
|-boost|p2a: Squirtle|atk|2
|-boost|p2a: Squirtle|spa|2
|-boost|p2a: Squirtle|spe|2
|
|upkeep
|turn|3
|
|t:|1758245736
|move|p2a: Squirtle|Liquidation|p1a: Oricorio
|-damage|p1a: Oricorio|0 fnt
|faint|p1a: Oricorio
|
|upkeep
|
|t:|1758245741
|switch|p1a: Lokix|Lokix, M|100/100
|turn|4
|
|t:|1758245745
|move|p1a: Lokix|First Impression|p2a: Squirtle
|-enditem|p2a: Squirtle|Focus Sash
|-damage|p2a: Squirtle|1/100
|move|p2a: Squirtle|Liquidation|p1a: Lokix
|-damage|p1a: Lokix|0 fnt
|faint|p1a: Lokix
|
|upkeep
|
|t:|1758245755
|switch|p1a: Overqwil|Overqwil, F|100/100
|-ability|p1a: Overqwil|Intimidate|boost
|-unboost|p2a: Squirtle|atk|1
|turn|5
|
|t:|1758245760
|move|p2a: Squirtle|Liquidation|p1a: Overqwil
|-damage|p1a: Overqwil|0 fnt
|faint|p1a: Overqwil
|
|upkeep
|
|t:|1758245764
|switch|p1a: Alomomola|Alomomola, M|100/100
|turn|6
|
|t:|1758245774
|switch|p2a: Lapras|Lapras, M|100/100
|move|p1a: Alomomola|Whirlpool|p2a: Lapras
|-immune|p2a: Lapras|[from] ability: Water Absorb
|
|upkeep
|turn|7
|
|t:|1758245784
|switch|p1a: Latios|Latios, M|100/100
|move|p2a: Lapras|Whirlpool|p1a: Latios
|-resisted|p1a: Latios
|-damage|p1a: Latios|93/100
|-activate|p1a: Latios|move: Whirlpool|[of] p2a: Lapras
|
|-damage|p1a: Latios|80/100|[from] move: Whirlpool|[partiallytrapped]
|upkeep
|turn|8
|
|t:|1758245793
|move|p1a: Latios|Aura Sphere|p2a: Lapras
|-supereffective|p2a: Lapras
|-damage|p2a: Lapras|61/100
|move|p2a: Lapras|Perish Song|p2a: Lapras
|-start|p1a: Latios|perish3|[silent]
|-start|p2a: Lapras|perish3|[silent]
|-fieldactivate|move: Perish Song
|
|-heal|p2a: Lapras|67/100|[from] item: Leftovers
|-damage|p1a: Latios|68/100|[from] move: Whirlpool|[partiallytrapped]
|-start|p1a: Latios|perish3
|-start|p2a: Lapras|perish3
|upkeep
|turn|9
|
|t:|1758245807
|move|p2a: Lapras|Protect|p2a: Lapras
|-singleturn|p2a: Lapras|Protect
|move|p1a: Latios|Psychic|p2a: Lapras
|-activate|p2a: Lapras|move: Protect
|
|-heal|p2a: Lapras|74/100|[from] item: Leftovers
|-damage|p1a: Latios|56/100|[from] move: Whirlpool|[partiallytrapped]
|-start|p1a: Latios|perish2
|-start|p2a: Lapras|perish2
|upkeep
|turn|10
|
|t:|1758245819
|move|p1a: Latios|Psychic|p2a: Lapras
|-damage|p2a: Lapras|32/100
|move|p2a: Lapras|Hydro Pump|p1a: Latios
|-resisted|p1a: Latios
|-damage|p1a: Latios|32/100
|
|-heal|p2a: Lapras|38/100|[from] item: Leftovers
|-damage|p1a: Latios|19/100|[from] move: Whirlpool|[partiallytrapped]
|-start|p1a: Latios|perish1
|-start|p2a: Lapras|perish1
|upkeep
|turn|11
|
|t:|1758245833
|switch|p2a: Squirtle|Squirtle, M|1/100
|move|p1a: Latios|Dragon Pulse|p2a: Squirtle
|-damage|p2a: Squirtle|0 fnt
|faint|p2a: Squirtle
|
|-end|p1a: Latios|Whirlpool|[partiallytrapped]
|-start|p1a: Latios|perish0
|upkeep
|faint|p1a: Latios
|
|t:|1758245845
|switch|p1a: Kleavor|Kleavor, M|100/100
|switch|p2a: Snorlax|Snorlax, F|100/100
|turn|12
|
|t:|1758245853
|move|p1a: Kleavor|Swords Dance|p1a: Kleavor
|-boost|p1a: Kleavor|atk|2
|move|p2a: Snorlax|Heavy Slam|p1a: Kleavor
|-supereffective|p1a: Kleavor
|-damage|p1a: Kleavor|0 fnt
|-damage|p2a: Snorlax|84/100|[from] item: Rocky Helmet|[of] p1a: Kleavor
|faint|p1a: Kleavor
|
|upkeep
|
|t:|1758245857
|switch|p1a: Alomomola|Alomomola, M|100/100
|turn|13
|-message|Snake_kid_95 forfeited.
|
|win|risky dicky
|raw|Snake_kid_95's rating: 1046 &rarr; <strong>1027</strong><br />(-19 for losing)
|raw|risky dicky's rating: 1000 &rarr; <strong>1045</strong><br />(+45 for winning)
|l|☆Snake_kid_95
|player|p1|
