|j|☆hifbi66
|j|☆xrayinformation
|t:|1758343707
|gametype|singles
|player|p1|hifbi66|cyclist|1436
|player|p2|xrayinformation|dragontamer|1386
|gen|9
|tier|[Gen 9] OU
|rated|
|rule|HP Percentage Mod: HP is shown in percentages
|rule|Endless Battle Clause: Forcing endless battles is banned
|rule|Species Clause: Limit one of each Pokémon
|rule|OHKO Clause: OHKO moves are banned
|rule|Evasion Items Clause: Evasion items are banned
|rule|Evasion Moves Clause: Evasion moves are banned
|rule|Evasion Abilities Clause: Evasion abilities are banned
|rule|Sleep Moves Clause: Sleep-inducing moves are banned
|clearpoke
|poke|p1|Arcanine-Hisui, F|
|poke|p1|Rillaboom, F|
|poke|p1|Kingambit, F|
|poke|p1|Great Tusk|
|poke|p1|Zapdos|
|poke|p1|Iron Boulder|
|poke|p2|Pelipper, F|
|poke|p2|Hatterene, F|
|poke|p2|Iron Treads|
|poke|p2|Toxicroak, F|
|poke|p2|Barraskewda, F|
|poke|p2|Zapdos|
|teampreview
|inactive|Battle timer is ON: inactive players will automatically lose when time's up. (requested by hifbi66)
|
|t:|1758343727
|teamsize|p1|6
|teamsize|p2|6
|start
|switch|p1a: Boom BOom POWW|Arcanine-Hisui, F|100/100
|switch|p2a: Pelipper|Pelipper, F|100/100
|-weather|RainDance|[from] ability: Drizzle|[of] p2a: Pelipper
|turn|1
|
|t:|1758343740
|switch|p2a: Hatterene|Hatterene, F|100/100
|move|p1a: Boom BOom POWW|Head Smash|p2a: Hatterene
|-damage|p2a: Hatterene|1/100
|-enditem|p2a: Hatterene|Eject Button
|
|t:|1758343746
|switch|p2a: Barraskewda|Barraskewda, F|100/100
|
|-weather|RainDance|[upkeep]
|upkeep
|turn|2
|inactive|hifbi66 has 120 seconds left.
|
|t:|1758343776
|switch|p1a: Justin Long|Great Tusk|100/100
|move|p2a: Barraskewda|Flip Turn|p1a: Justin Long
|-supereffective|p1a: Justin Long
|-damage|p1a: Justin Long|0 fnt
|faint|p1a: Justin Long
|-end|p1a: Justin Long|Protosynthesis|[silent]
|
|t:|1758343784
|switch|p2a: Zapdos|Zapdos|100/100|[from] Flip Turn
|
|-weather|RainDance|[upkeep]
|upkeep
|inactive|hifbi66 has 120 seconds left.
|inactive|hifbi66 has 90 seconds left.
|
|t:|1758343828
|switch|p1a: Iron Boulder|Iron Boulder|100/100
|-enditem|p1a: Iron Boulder|Booster Energy
|-activate|p1a: Iron Boulder|ability: Quark Drive|[fromitem]
|-start|p1a: Iron Boulder|quarkdrivespe
|turn|3
|
|t:|1758343843
|switch|p2a: Iron Treads|Iron Treads|100/100
|move|p1a: Iron Boulder|Mighty Cleave|p2a: Iron Treads
|-resisted|p2a: Iron Treads
|-damage|p2a: Iron Treads|92/100
|
|-weather|RainDance|[upkeep]
|-heal|p2a: Iron Treads|98/100|[from] item: Leftovers
|upkeep
|turn|4
|
|t:|1758343853
|move|p1a: Iron Boulder|Close Combat|p2a: Iron Treads
|-supereffective|p2a: Iron Treads
|-damage|p2a: Iron Treads|41/100
|-unboost|p1a: Iron Boulder|def|1
|-unboost|p1a: Iron Boulder|spd|1
|move|p2a: Iron Treads|Volt Switch|p1a: Iron Boulder
|-damage|p1a: Iron Boulder|85/100
|
|t:|1758343856
|-end|p2a: Iron Treads|Quark Drive|[silent]
|switch|p2a: Barraskewda|Barraskewda, F|100/100|[from] Volt Switch
|
|-weather|RainDance|[upkeep]
|upkeep
|turn|5
|inactive|hifbi66 has 90 seconds left.
|
|t:|1758343878
|-end|p1a: Iron Boulder|Quark Drive|[silent]
|switch|p1a: Rillaboom|Rillaboom, F|100/100
|-fieldstart|move: Grassy Terrain|[from] ability: Grassy Surge|[of] p1a: Rillaboom
|move|p2a: Barraskewda|Flip Turn|p1a: Rillaboom
|-resisted|p1a: Rillaboom
|-damage|p1a: Rillaboom|59/100
|
|t:|1758343881
|switch|p2a: Toxicroak|Toxicroak, F|100/100|[from] Flip Turn
|
|-weather|RainDance|[upkeep]
|-heal|p1a: Rillaboom|65/100|[from] Grassy Terrain
|upkeep
|turn|6
|
|t:|1758343890
|switch|p1a: Anti-Zama|Zapdos|100/100
|move|p2a: Toxicroak|Knock Off|p1a: Anti-Zama
|-damage|p1a: Anti-Zama|83/100
|-enditem|p1a: Anti-Zama|Heavy-Duty Boots|[from] move: Knock Off|[of] p2a: Toxicroak
|
|-weather|RainDance|[upkeep]
|upkeep
|turn|7
|
|t:|1758343899
|switch|p2a: Iron Treads|Iron Treads|41/100
|move|p1a: Anti-Zama|Hurricane|p2a: Iron Treads
|-resisted|p2a: Iron Treads
|-damage|p2a: Iron Treads|22/100
|
|-weather|RainDance|[upkeep]
|-heal|p2a: Iron Treads|28/100|[from] Grassy Terrain
|-heal|p2a: Iron Treads|34/100|[from] item: Leftovers
|upkeep
|turn|8
|
|t:|1758343924
|move|p2a: Iron Treads|Volt Switch|p1a: Anti-Zama
|-damage|p1a: Anti-Zama|72/100
|
|t:|1758343931
|-end|p2a: Iron Treads|Quark Drive|[silent]
|switch|p2a: Hatterene|Hatterene, F|1/100|[from] Volt Switch
|move|p1a: Anti-Zama|Volt Switch|p2a: Hatterene
|-damage|p2a: Hatterene|0 fnt
|faint|p2a: Hatterene
|
|t:|1758343950
|switch|p1a: Iron Boulder|Iron Boulder|85/100|[from] Volt Switch
|
|-weather|none
|-heal|p1a: Iron Boulder|91/100|[from] Grassy Terrain
|upkeep
|inactive|xrayinformation has 120 seconds left.
|
|t:|1758343966
|switch|p2a: Toxicroak|Toxicroak, F|100/100
|turn|9
|
|t:|1758343973
|move|p1a: Iron Boulder|Zen Headbutt|p2a: Toxicroak
|-supereffective|p2a: Toxicroak
|-crit|p2a: Toxicroak
|-damage|p2a: Toxicroak|0 fnt
|-damage|p1a: Iron Boulder|74/100|[from] item: Rocky Helmet|[of] p2a: Toxicroak
|faint|p2a: Toxicroak
|
|-heal|p1a: Iron Boulder|81/100|[from] Grassy Terrain
|-fieldend|move: Grassy Terrain
|upkeep
|
|t:|1758343979
|switch|p2a: Pelipper|Pelipper, F|100/100
|-weather|RainDance|[from] ability: Drizzle|[of] p2a: Pelipper
|turn|10
|inactive|xrayinformation has 120 seconds left.
|
|t:|1758344005
|-terastallize|p2a: Pelipper|Normal
|move|p1a: Iron Boulder|Mighty Cleave|p2a: Pelipper
|-damage|p2a: Pelipper|55/100
|move|p2a: Pelipper|Weather Ball|p1a: Iron Boulder
|-supereffective|p1a: Iron Boulder
|-damage|p1a: Iron Boulder|0 fnt
|faint|p1a: Iron Boulder
|-end|p1a: Iron Boulder|Quark Drive|[silent]
|
|-weather|RainDance|[upkeep]
|upkeep
|inactive|hifbi66 has 120 seconds left.
|
|t:|1758344025
|switch|p1a: Rillaboom|Rillaboom, F|65/100
|-fieldstart|move: Grassy Terrain|[from] ability: Grassy Surge|[of] p1a: Rillaboom
|turn|11
|inactive|hifbi66 has 120 seconds left.
|inactive|xrayinformation has 120 seconds left.
|
|t:|1758344032
|switch|p2a: Iron Treads|Iron Treads|34/100
|move|p1a: Rillaboom|Knock Off|p2a: Iron Treads
|-damage|p2a: Iron Treads|0 fnt
|-enditem|p2a: Iron Treads|Leftovers|[from] move: Knock Off|[of] p1a: Rillaboom
|faint|p2a: Iron Treads
|-end|p2a: Iron Treads|Quark Drive|[silent]
|
|-weather|RainDance|[upkeep]
|-heal|p1a: Rillaboom|71/100|[from] Grassy Terrain
|upkeep
|
|t:|1758344034
|switch|p2a: Zapdos|Zapdos|100/100
|turn|12
|
|t:|1758344044
|switch|p1a: Boom BOom POWW|Arcanine-Hisui, F|100/100
|move|p2a: Zapdos|Volt Switch|p1a: Boom BOom POWW
|-damage|p1a: Boom BOom POWW|40/100
|
|t:|1758344046
|switch|p2a: Barraskewda|Barraskewda, F|100/100|[from] Volt Switch
|
|-weather|RainDance|[upkeep]
|-heal|p1a: Boom BOom POWW|46/100|[from] Grassy Terrain
|upkeep
|turn|13
|
|t:|1758344057
|move|p1a: Boom BOom POWW|Extreme Speed|p2a: Barraskewda
|-damage|p2a: Barraskewda|23/100
|move|p2a: Barraskewda|Flip Turn|p1a: Boom BOom POWW
|-supereffective|p1a: Boom BOom POWW
|-damage|p1a: Boom BOom POWW|0 fnt
|faint|p1a: Boom BOom POWW
|
|t:|1758344060
|switch|p2a: Zapdos|Zapdos|100/100|[from] Flip Turn
|
|-weather|RainDance|[upkeep]
|upkeep
|
|t:|1758344070
|switch|p1a: Anti-Zama|Zapdos|72/100
|turn|14
|
|t:|1758344082
|move|p2a: Zapdos|Thunder|p1a: Anti-Zama
|-damage|p1a: Anti-Zama|0 fnt
|faint|p1a: Anti-Zama
|
|-weather|RainDance|[upkeep]
|upkeep
|
|t:|1758344087
|switch|p1a: Kingambit|Kingambit, F|100/100
|-activate|p1a: Kingambit|ability: Supreme Overlord
|-start|p1a: Kingambit|fallen4|[silent]
|turn|15
|inactive|hifbi66 has 120 seconds left.
|
|t:|1758344116
|move|p2a: Zapdos|Thunder|p1a: Kingambit
|-damage|p1a: Kingambit|14/100
|-status|p1a: Kingambit|par
|move|p1a: Kingambit|Kowtow Cleave|p2a: Zapdos
|-damage|p2a: Zapdos|15/100
|
|-weather|RainDance|[upkeep]
|-heal|p1a: Kingambit|20/100 par|[from] Grassy Terrain
|-heal|p1a: Kingambit|26/100 par|[from] item: Leftovers
|-fieldend|move: Grassy Terrain
|upkeep
|turn|16
|inactive|hifbi66 has 120 seconds left.
|inactive|xrayinformation has 120 seconds left.
|
|t:|1758344151
|move|p2a: Zapdos|Thunder|p1a: Kingambit
|-damage|p1a: Kingambit|0 fnt
|faint|p1a: Kingambit
|-end|p1a: Kingambit|fallen4|[silent]
|
|-weather|RainDance|[upkeep]
|upkeep
|inactive|hifbi66 has 120 seconds left.
|
|t:|1758344179
|switch|p1a: Rillaboom|Rillaboom, F|71/100
|-fieldstart|move: Grassy Terrain|[from] ability: Grassy Surge|[of] p1a: Rillaboom
|turn|17
|inactive|hifbi66 has 90 seconds left.
|
|t:|1758344204
|-terastallize|p1a: Rillaboom|Grass
|move|p1a: Rillaboom|Grassy Glide|p2a: Zapdos
|-resisted|p2a: Zapdos
|-damage|p2a: Zapdos|0 fnt
|faint|p2a: Zapdos
|
|-weather|none
|-heal|p1a: Rillaboom|77/100|[from] Grassy Terrain
|upkeep
|
|t:|1758344217
|switch|p2a: Barraskewda|Barraskewda, F|23/100
|turn|18
|
|t:|1758344220
|move|p2a: Barraskewda|Aqua Jet|p1a: Rillaboom
|-resisted|p1a: Rillaboom
|-damage|p1a: Rillaboom|58/100
|move|p1a: Rillaboom|Grassy Glide|p2a: Barraskewda
|-supereffective|p2a: Barraskewda
|-damage|p2a: Barraskewda|0 fnt
|faint|p2a: Barraskewda
|
|-heal|p1a: Rillaboom|64/100|[from] Grassy Terrain
|upkeep
|
|t:|1758344222
|switch|p2a: Pelipper|Pelipper, F, tera:Normal|55/100
|-weather|RainDance|[from] ability: Drizzle|[of] p2a: Pelipper
|turn|19
|
|t:|1758344226
|move|p1a: Rillaboom|Grassy Glide|p2a: Pelipper
|-damage|p2a: Pelipper|0 fnt
|faint|p2a: Pelipper
|
|win|hifbi66
|raw|hifbi66's rating: 1436 &rarr; <strong>1453</strong><br />(+17 for winning)
|raw|xrayinformation's rating: 1386 &rarr; <strong>1369</strong><br />(-17 for losing)
|l|☆hifbi66
|player|p1|
|l|☆xrayinformation
|player|p2|
