|j|☆Chicken don't
|j|☆ToLLi
|t:|1758339175
|gametype|singles
|player|p1|Chicken don't|winona|1582
|player|p2|ToLLi|blue|1561
|gen|9
|tier|[Gen 9] OU
|rated|
|rule|HP Percentage Mod: HP is shown in percentages
|rule|Endless Battle Clause: Forcing endless battles is banned
|rule|Species Clause: Limit one of each Pokémon
|rule|OHKO Clause: OHKO moves are banned
|rule|Evasion Items Clause: Evasion items are banned
|rule|Evasion Moves Clause: Evasion moves are banned
|rule|Evasion Abilities Clause: Evasion abilities are banned
|rule|Sleep Moves Clause: Sleep-inducing moves are banned
|clearpoke
|poke|p1|Dragapult, M|
|poke|p1|Iron Treads|
|poke|p1|Rillaboom, M|
|poke|p1|Zamazenta-*|
|poke|p1|Moltres|
|poke|p1|Garganacl, M|
|poke|p2|Raging Bolt|
|poke|p2|Weezing-Galar, M|
|poke|p2|Landorus-Therian, M|
|poke|p2|Ceruledge, M|
|poke|p2|Ogerpon-Wellspring, F|
|poke|p2|Moltres-Galar|
|teampreview
|inactive|Battle timer is ON: inactive players will automatically lose when time's up. (requested by Chicken don't)
|j| RagingBoltLover
|
|t:|1758339197
|teamsize|p1|6
|teamsize|p2|6
|start
|switch|p1a: Rillaboom|Rillaboom, M|100/100
|switch|p2a: Moltres|Moltres-Galar, shiny|100/100
|-fieldstart|move: Grassy Terrain|[from] ability: Grassy Surge|[of] p1a: Rillaboom
|turn|1
|
|t:|1758339205
|switch|p1a: Garganacl|Garganacl, M|100/100
|move|p2a: Moltres|Agility|p2a: Moltres
|-boost|p2a: Moltres|spe|2
|
|upkeep
|turn|2
|
|t:|1758339214
|move|p2a: Moltres|Nasty Plot|p2a: Moltres
|-boost|p2a: Moltres|spa|2
|move|p1a: Garganacl|Salt Cure|p2a: Moltres
|-supereffective|p2a: Moltres
|-damage|p2a: Moltres|71/100
|-start|p2a: Moltres|Salt Cure
|
|-damage|p2a: Moltres|58/100|[from] Salt Cure
|upkeep
|turn|3
|
|t:|1758339223
|move|p1a: Garganacl|Protect|p1a: Garganacl
|-singleturn|p1a: Garganacl|Protect
|move|p2a: Moltres|Fiery Wrath|p1a: Garganacl
|-activate|p1a: Garganacl|move: Protect
|
|-damage|p2a: Moltres|46/100|[from] Salt Cure
|upkeep
|-enditem|p2a: Moltres|Sitrus Berry|[eat]
|-heal|p2a: Moltres|71/100|[from] item: Sitrus Berry
|turn|4
|
|t:|1758339233
|move|p2a: Moltres|Fiery Wrath|p1a: Garganacl
|-damage|p1a: Garganacl|43/100
|move|p1a: Garganacl|Salt Cure|p2a: Moltres
|-supereffective|p2a: Moltres
|-damage|p2a: Moltres|40/100
|-ability|p2a: Moltres|Berserk|boost
|-boost|p2a: Moltres|spa|1
|
|-heal|p1a: Garganacl|49/100|[from] Grassy Terrain
|-heal|p1a: Garganacl|56/100|[from] item: Leftovers
|-damage|p2a: Moltres|28/100|[from] Salt Cure
|upkeep
|turn|5
|
|t:|1758339244
|move|p1a: Garganacl|Protect|p1a: Garganacl
|-singleturn|p1a: Garganacl|Protect
|move|p2a: Moltres|Fiery Wrath|p1a: Garganacl
|-activate|p1a: Garganacl|move: Protect
|
|-heal|p1a: Garganacl|62/100|[from] Grassy Terrain
|-heal|p1a: Garganacl|68/100|[from] item: Leftovers
|-damage|p2a: Moltres|15/100|[from] Salt Cure
|-fieldend|move: Grassy Terrain
|upkeep
|turn|6
|
|t:|1758339255
|move|p2a: Moltres|Fiery Wrath|p1a: Garganacl
|-damage|p1a: Garganacl|0 fnt
|faint|p1a: Garganacl
|
|-damage|p2a: Moltres|3/100|[from] Salt Cure
|upkeep
|
|t:|1758339260
|switch|p1a: Rillaboom|Rillaboom, M|100/100
|-fieldstart|move: Grassy Terrain|[from] ability: Grassy Surge|[of] p1a: Rillaboom
|turn|7
|
|t:|1758339265
|move|p1a: Rillaboom|Grassy Glide|p2a: Moltres
|-resisted|p2a: Moltres
|-damage|p2a: Moltres|0 fnt
|faint|p2a: Moltres
|
|upkeep
|
|t:|1758339274
|switch|p2a: Weezing|Weezing-Galar, M|100/100
|turn|8
|
|t:|1758339277
|switch|p1a: Moltres|Moltres|100/100
|move|p2a: Weezing|Will-O-Wisp|p1a: Moltres
|-immune|p1a: Moltres
|
|upkeep
|turn|9
|
|t:|1758339286
|switch|p2a: Raging Bolt|Raging Bolt|100/100
|-enditem|p2a: Raging Bolt|Booster Energy
|-activate|p2a: Raging Bolt|ability: Protosynthesis|[fromitem]
|-start|p2a: Raging Bolt|protosynthesisspa
|move|p1a: Moltres|Will-O-Wisp|p2a: Raging Bolt
|-status|p2a: Raging Bolt|brn
|
|-damage|p2a: Raging Bolt|94/100 brn|[from] brn
|upkeep
|turn|10
|
|t:|1758339307
|switch|p1a: Iron Treads|Iron Treads|100/100
|move|p2a: Raging Bolt|Dragon Pulse|p1a: Iron Treads
|-resisted|p1a: Iron Treads
|-damage|p1a: Iron Treads|54/100
|
|-heal|p1a: Iron Treads|60/100|[from] Grassy Terrain
|-heal|p2a: Raging Bolt|100/100 brn|[from] Grassy Terrain
|-damage|p2a: Raging Bolt|94/100 brn|[from] brn
|upkeep
|turn|11
|
|t:|1758339322
|-terastallize|p2a: Raging Bolt|Flying
|move|p1a: Iron Treads|Ice Spinner|p2a: Raging Bolt
|-supereffective|p2a: Raging Bolt
|-damage|p2a: Raging Bolt|44/100 brn
|-fieldend|move: Grassy Terrain
|move|p2a: Raging Bolt|Calm Mind|p2a: Raging Bolt
|-boost|p2a: Raging Bolt|spa|1
|-boost|p2a: Raging Bolt|spd|1
|
|-damage|p2a: Raging Bolt|38/100 brn|[from] brn
|upkeep
|turn|12
|
|t:|1758339334
|move|p1a: Iron Treads|Ice Spinner|p2a: Raging Bolt
|-supereffective|p2a: Raging Bolt
|-damage|p2a: Raging Bolt|0 fnt
|faint|p2a: Raging Bolt
|-end|p2a: Raging Bolt|Protosynthesis|[silent]
|
|upkeep
|
|t:|1758339338
|switch|p2a: Ogerpon|Ogerpon-Wellspring, F|100/100
|turn|13
|
|t:|1758339344
|-end|p1a: Iron Treads|Quark Drive|[silent]
|switch|p1a: Rillaboom|Rillaboom, M|100/100
|-fieldstart|move: Grassy Terrain|[from] ability: Grassy Surge|[of] p1a: Rillaboom
|move|p2a: Ogerpon|Swords Dance|p2a: Ogerpon
|-boost|p2a: Ogerpon|atk|2
|
|upkeep
|turn|14
|
|t:|1758339364
|switch|p2a: Ceruledge|Ceruledge, M, shiny|100/100
|-terastallize|p1a: Rillaboom|Grass
|move|p1a: Rillaboom|Grassy Glide|p2a: Ceruledge
|-resisted|p2a: Ceruledge
|-damage|p2a: Ceruledge|48/100
|-ability|p2a: Ceruledge|Weak Armor|boost
|-unboost|p2a: Ceruledge|def|1
|-boost|p2a: Ceruledge|spe|2
|
|-heal|p2a: Ceruledge|54/100|[from] Grassy Terrain
|upkeep
|turn|15
|
|t:|1758339379
|move|p1a: Rillaboom|Grassy Glide|p2a: Ceruledge
|-resisted|p2a: Ceruledge
|-damage|p2a: Ceruledge|0 fnt
|faint|p2a: Ceruledge
|
|upkeep
|-message|ToLLi forfeited.
|
|win|Chicken don't
|raw|Chicken don&apos;t's rating: 1582 &rarr; <strong>1601</strong><br />(+19 for winning)
|raw|ToLLi's rating: 1561 &rarr; <strong>1542</strong><br />(-19 for losing)
|l|☆ToLLi
|player|p2|
|l|☆Chicken don't
|player|p1|
