|j|☆annefrank67
|j|☆ImMikeyCzn
|t:|1758329021
|gametype|singles
|player|p1|annefrank67|elesa|
|player|p2|ImMikeyCzn|guitarist|
|gen|9
|tier|[Gen 9] OU
|rule|HP Percentage Mod: HP is shown in percentages
|rule|Endless Battle Clause: Forcing endless battles is banned
|rule|Species Clause: Limit one of each Pokémon
|rule|OHKO Clause: OHKO moves are banned
|rule|Evasion Items Clause: Evasion items are banned
|rule|Evasion Moves Clause: Evasion moves are banned
|rule|Evasion Abilities Clause: Evasion abilities are banned
|rule|Sleep Moves Clause: Sleep-inducing moves are banned
|clearpoke
|poke|p1|Weezing-Galar, F|
|poke|p1|Gholdengo|
|poke|p1|Gliscor, M|
|poke|p1|Araquanid, M|
|poke|p1|Zamazenta-*|
|poke|p1|Cinderace, F|
|poke|p2|Ceruledge, F|
|poke|p2|Azumarill, F|
|poke|p2|Lokix, M|
|poke|p2|Decidueye-Hisui, M|
|poke|p2|Corviknight, M|
|poke|p2|Weezing-Galar, M|
|teampreview
|
|t:|1758329060
|teamsize|p1|6
|teamsize|p2|6
|start
|switch|p1a: Gliscor|Gliscor, M, shiny|100/100
|switch|p2a: Average Wordle Fan|Corviknight, M|100/100
|turn|1
|
|t:|1758329078
|move|p1a: Gliscor|Taunt|p2a: Average Wordle Fan
|-start|p2a: Average Wordle Fan|move: Taunt
|cant|p2a: Average Wordle Fan|move: Taunt|Tailwind
|
|-status|p1a: Gliscor|tox|[from] item: Toxic Orb
|upkeep
|turn|2
|
|t:|1758329113
|switch|p2a: Azumarill|Azumarill, F|100/100
|move|p1a: Gliscor|Crabhammer|p2a: Azumarill
|-resisted|p2a: Azumarill
|-damage|p2a: Azumarill|92/100
|
|-heal|p2a: Azumarill|98/100|[from] item: Leftovers
|upkeep
|turn|3
|
|t:|1758329124
|switch|p1a: Araquanid|Araquanid, M, shiny|100/100
|move|p2a: Azumarill|Ice Spinner|p1a: Araquanid
|-resisted|p1a: Araquanid
|-damage|p1a: Araquanid|88/100
|
|-heal|p2a: Azumarill|100/100|[from] item: Leftovers
|-heal|p1a: Araquanid|95/100|[from] item: Leftovers
|upkeep
|turn|4
|
|t:|1758329148
|switch|p2a: Average Wordle Fan|Corviknight, M|100/100
|move|p1a: Araquanid|Poison Jab|p2a: Average Wordle Fan
|-immune|p2a: Average Wordle Fan
|
|-heal|p1a: Araquanid|100/100|[from] item: Leftovers
|upkeep
|turn|5
|
|t:|1758329164
|switch|p1a: Gliscor|Gliscor, M, shiny|100/100 tox
|move|p2a: Average Wordle Fan|Tailwind|p2a: Average Wordle Fan
|-sidestart|p2: ImMikeyCzn|move: Tailwind
|
|upkeep
|turn|6
|
|t:|1758329191
|switch|p2a: Azumarill|Azumarill, F|100/100
|move|p1a: Gliscor|Crabhammer|p2a: Azumarill|[miss]
|-miss|p1a: Gliscor|p2a: Azumarill
|
|upkeep
|turn|7
|
|t:|1758329254
|switch|p1a: Gholdengo|Gholdengo|100/100
|move|p2a: Azumarill|Ice Spinner|p1a: Gholdengo
|-resisted|p1a: Gholdengo
|-damage|p1a: Gholdengo|87/100
|
|-heal|p1a: Gholdengo|93/100|[from] item: Leftovers
|upkeep
|turn|8
|
|t:|1758329267
|switch|p2a: Decidueye|Decidueye-Hisui, M|100/100
|move|p1a: Gholdengo|Flash Cannon|p2a: Decidueye
|-crit|p2a: Decidueye
|-damage|p2a: Decidueye|44/100
|-unboost|p2a: Decidueye|spd|1
|
|-heal|p2a: Decidueye|50/100|[from] item: Leftovers
|-heal|p1a: Gholdengo|99/100|[from] item: Leftovers
|-sideend|p2: ImMikeyCzn|move: Tailwind
|upkeep
|turn|9
|
|t:|1758329286
|-terastallize|p2a: Decidueye|Fighting
|move|p1a: Gholdengo|Dazzling Gleam|p2a: Decidueye
|-supereffective|p2a: Decidueye
|-damage|p2a: Decidueye|0 fnt
|faint|p2a: Decidueye
|
|-heal|p1a: Gholdengo|100/100|[from] item: Leftovers
|upkeep
|
|t:|1758329294
|switch|p2a: Ceruledge|Ceruledge, F|100/100
|turn|10
|
|t:|1758329313
|-terastallize|p1a: Gholdengo|Steel
|move|p1a: Gholdengo|Shadow Ball|p2a: Ceruledge
|-supereffective|p2a: Ceruledge
|-damage|p2a: Ceruledge|21/100
|move|p2a: Ceruledge|Bitter Blade|p1a: Gholdengo
|-supereffective|p1a: Gholdengo
|-damage|p1a: Gholdengo|7/100
|-heal|p2a: Ceruledge|66/100|[from] drain|[of] p1a: Gholdengo
|
|-heal|p1a: Gholdengo|13/100|[from] item: Leftovers
|upkeep
|turn|11
|
|t:|1758329342
|switch|p2a: Lokix|Lokix, M|100/100
|move|p1a: Gholdengo|Shadow Ball|p2a: Lokix
|-resisted|p2a: Lokix
|-damage|p2a: Lokix|57/100
|
|-heal|p1a: Gholdengo|19/100|[from] item: Leftovers
|upkeep
|turn|12
|
|t:|1758329352
|move|p2a: Lokix|Leech Life|p1a: Gholdengo
|-resisted|p1a: Gholdengo
|-damage|p1a: Gholdengo|0 fnt
|-heal|p2a: Lokix|67/100|[from] drain|[of] p1a: Gholdengo
|faint|p1a: Gholdengo
|
|upkeep
|
|t:|1758329370
|switch|p1a: Zamazenta|Zamazenta, shiny|100/100
|-ability|p1a: Zamazenta|Dauntless Shield|boost
|-boost|p1a: Zamazenta|def|1
|turn|13
|
|t:|1758329384
|switch|p2a: Weezing|Weezing-Galar, M|100/100
|-ability|p2a: Weezing|Neutralizing Gas
|move|p1a: Zamazenta|Crunch|p2a: Weezing
|-resisted|p2a: Weezing
|-damage|p2a: Weezing|86/100
|
|upkeep
|turn|14
|
|t:|1758329397
|move|p1a: Zamazenta|Iron Head|p2a: Weezing
|-supereffective|p2a: Weezing
|-damage|p2a: Weezing|29/100
|move|p2a: Weezing|Strange Steam|p1a: Zamazenta
|-supereffective|p1a: Zamazenta
|-damage|p1a: Zamazenta|68/100
|
|upkeep
|turn|15
|
|t:|1758329412
|-end|p2a: Weezing|ability: Neutralizing Gas
|switch|p2a: Average Wordle Fan|Corviknight, M|100/100
|move|p1a: Zamazenta|Iron Head|p2a: Average Wordle Fan
|-resisted|p2a: Average Wordle Fan
|-damage|p2a: Average Wordle Fan|91/100
|-damage|p1a: Zamazenta|52/100|[from] item: Rocky Helmet|[of] p2a: Average Wordle Fan
|
|upkeep
|turn|16
|
|t:|1758329421
|move|p1a: Zamazenta|Body Press|p2a: Average Wordle Fan
|-damage|p2a: Average Wordle Fan|59/100
|-damage|p1a: Zamazenta|35/100|[from] item: Rocky Helmet|[of] p2a: Average Wordle Fan
|move|p2a: Average Wordle Fan|Tailwind|p2a: Average Wordle Fan
|-sidestart|p2: ImMikeyCzn|move: Tailwind
|
|upkeep
|turn|17
|
|t:|1758329429
|move|p2a: Average Wordle Fan|Brave Bird|p1a: Zamazenta
|-supereffective|p1a: Zamazenta
|-crit|p1a: Zamazenta
|-damage|p1a: Zamazenta|0 fnt
|faint|p1a: Zamazenta
|-damage|p2a: Average Wordle Fan|46/100|[from] Recoil
|
|upkeep
|
|t:|1758329458
|switch|p1a: Cinderace|Cinderace, F|100/100
|turn|18
|
|t:|1758329466
|move|p1a: Cinderace|Pyro Ball|p2a: Average Wordle Fan
|-supereffective|p2a: Average Wordle Fan
|-damage|p2a: Average Wordle Fan|0 fnt
|faint|p2a: Average Wordle Fan
|
|upkeep
|
|t:|1758329471
|switch|p2a: Azumarill|Azumarill, F|100/100
|turn|19
|
|t:|1758329484
|move|p1a: Cinderace|Gunk Shot|p2a: Azumarill
|-start|p1a: Cinderace|typechange|Poison|[from] ability: Libero
|-supereffective|p2a: Azumarill
|-damage|p2a: Azumarill|9/100
|move|p2a: Azumarill|Belly Drum||[still]
|-fail|p2a: Azumarill
|
|-heal|p2a: Azumarill|15/100|[from] item: Leftovers
|-sideend|p2: ImMikeyCzn|move: Tailwind
|upkeep
|turn|20
|
|t:|1758329495
|switch|p2a: Ceruledge|Ceruledge, F|66/100
|move|p1a: Cinderace|Trailblaze|p2a: Ceruledge
|-resisted|p2a: Ceruledge
|-damage|p2a: Ceruledge|59/100
|-boost|p1a: Cinderace|spe|1
|-damage|p1a: Cinderace|84/100|[from] item: Rocky Helmet|[of] p2a: Ceruledge
|-ability|p2a: Ceruledge|Weak Armor|boost
|-unboost|p2a: Ceruledge|def|1
|-boost|p2a: Ceruledge|spe|2
|
|upkeep
|turn|21
|
|t:|1758329509
|move|p1a: Cinderace|Gunk Shot|p2a: Ceruledge
|-resisted|p2a: Ceruledge
|-damage|p2a: Ceruledge|23/100
|-ability|p2a: Ceruledge|Weak Armor|boost
|-unboost|p2a: Ceruledge|def|1
|-boost|p2a: Ceruledge|spe|2
|move|p2a: Ceruledge|Bitter Blade|p1a: Cinderace
|-damage|p1a: Cinderace|27/100
|-heal|p2a: Ceruledge|49/100|[from] drain|[of] p1a: Cinderace
|
|upkeep
|turn|22
|
|t:|1758329522
|move|p2a: Ceruledge|Bitter Blade|p1a: Cinderace
|-damage|p1a: Cinderace|0 fnt
|-heal|p2a: Ceruledge|62/100|[from] drain|[of] p1a: Cinderace
|faint|p1a: Cinderace
|
|upkeep
|
|t:|1758329542
|switch|p1a: Gliscor|Gliscor, M, shiny|100/100 tox
|turn|23
|
|t:|1758329548
|move|p2a: Ceruledge|Will-O-Wisp||[still]
|-fail|p2a: Ceruledge
|move|p1a: Gliscor|Crabhammer|p2a: Ceruledge|[miss]
|-miss|p1a: Gliscor|p2a: Ceruledge
|
|upkeep
|turn|24
|
|t:|1758329573
|switch|p2a: Lokix|Lokix, M|67/100
|move|p1a: Gliscor|Crabhammer|p2a: Lokix
|-damage|p2a: Lokix|39/100
|
|upkeep
|turn|25
|
|t:|1758329599
|move|p2a: Lokix|First Impression|p1a: Gliscor
|-resisted|p1a: Gliscor
|-damage|p1a: Gliscor|65/100 tox
|move|p1a: Gliscor|Earthquake|p2a: Lokix
|-resisted|p2a: Lokix
|-damage|p2a: Lokix|18/100
|
|-heal|p1a: Gliscor|78/100 tox|[from] ability: Poison Heal
|upkeep
|turn|26
|
|t:|1758329616
|move|p1a: Gliscor|Earthquake|p2a: Lokix
|-resisted|p2a: Lokix
|-damage|p2a: Lokix|0 fnt
|faint|p2a: Lokix
|
|-heal|p1a: Gliscor|90/100 tox|[from] ability: Poison Heal
|upkeep
|
|t:|1758329627
|switch|p2a: Azumarill|Azumarill, F|15/100
|turn|27
|
|t:|1758329635
|move|p1a: Gliscor|Earthquake|p2a: Azumarill
|-damage|p2a: Azumarill|0 fnt
|faint|p2a: Azumarill
|
|-heal|p1a: Gliscor|100/100 tox|[from] ability: Poison Heal
|upkeep
|
|t:|1758329642
|switch|p2a: Ceruledge|Ceruledge, F|62/100
|turn|28
|
|t:|1758329648
|move|p1a: Gliscor|Crabhammer|p2a: Ceruledge
|-supereffective|p2a: Ceruledge
|-damage|p2a: Ceruledge|24/100
|-damage|p1a: Gliscor|84/100 tox|[from] item: Rocky Helmet|[of] p2a: Ceruledge
|-ability|p2a: Ceruledge|Weak Armor|boost
|-unboost|p2a: Ceruledge|def|1
|-boost|p2a: Ceruledge|spe|2
|move|p2a: Ceruledge|Shadow Claw|p1a: Gliscor
|-damage|p1a: Gliscor|54/100 tox
|
|-heal|p1a: Gliscor|66/100 tox|[from] ability: Poison Heal
|upkeep
|turn|29
|
|t:|1758329662
|move|p2a: Ceruledge|Bitter Blade|p1a: Gliscor
|-damage|p1a: Gliscor|27/100 tox
|-heal|p2a: Ceruledge|41/100|[from] drain|[of] p1a: Gliscor
|move|p1a: Gliscor|Earthquake|p2a: Ceruledge
|-supereffective|p2a: Ceruledge
|-damage|p2a: Ceruledge|0 fnt
|faint|p2a: Ceruledge
|
|-heal|p1a: Gliscor|39/100 tox|[from] ability: Poison Heal
|upkeep
|
|t:|1758329671
|switch|p2a: Weezing|Weezing-Galar, M|29/100
|-ability|p2a: Weezing|Neutralizing Gas
|turn|30
|
|t:|1758329678
|move|p1a: Gliscor|Earthquake|p2a: Weezing
|-supereffective|p2a: Weezing
|-damage|p2a: Weezing|0 fnt
|faint|p2a: Weezing
|-end|p2a: Weezing|ability: Neutralizing Gas
|
|win|annefrank67
