|j|☆inthestation
|j|☆kshuaib734
|t:|1758319842
|gametype|singles
|player|p1|inthestation|pokemonbreeder|1664
|player|p2|kshuaib734|steven|1610
|gen|9
|tier|[Gen 9] OU
|rated|
|rule|HP Percentage Mod: HP is shown in percentages
|rule|Endless Battle Clause: Forcing endless battles is banned
|rule|Species Clause: Limit one of each Pokémon
|rule|OHKO Clause: OHKO moves are banned
|rule|Evasion Items Clause: Evasion items are banned
|rule|Evasion Moves Clause: Evasion moves are banned
|rule|Evasion Abilities Clause: Evasion abilities are banned
|rule|Sleep Moves Clause: Sleep-inducing moves are banned
|clearpoke
|poke|p1|Ninetales-Alola, F|
|poke|p1|Kyurem|
|poke|p1|Hatterene, F|
|poke|p1|Weezing-Galar, F|
|poke|p1|Kingambit, F|
|poke|p1|Iron Moth|
|poke|p2|Tyranitar, F|
|poke|p2|Overqwil, F|
|poke|p2|Pelipper, F|
|poke|p2|Quaquaval, M|
|poke|p2|Kingdra, M|
|poke|p2|Excadrill, F|
|teampreview
|inactive|Battle timer is ON: inactive players will automatically lose when time's up. (requested by kshuaib734)
|c|☆inthestation|glhf
|c|☆kshuaib734|u2
|
|t:|1758319864
|teamsize|p1|6
|teamsize|p2|6
|start
|switch|p1a: Weezing|Weezing-Galar, F|100/100
|switch|p2a: King Tyrant|Tyranitar, F|100/100
|-ability|p1a: Weezing|Neutralizing Gas
|turn|1
|
|t:|1758319872
|move|p1a: Weezing|Will-O-Wisp|p2a: King Tyrant
|-status|p2a: King Tyrant|brn
|move|p2a: King Tyrant|Stealth Rock|p1a: Weezing
|-sidestart|p1: inthestation|move: Stealth Rock
|
|-damage|p2a: King Tyrant|94/100 brn|[from] brn
|upkeep
|turn|2
|
|t:|1758319879
|move|p1a: Weezing|Defog|p2a: King Tyrant
|-unboost|p2a: King Tyrant|evasion|1
|-sideend|p1: inthestation|Stealth Rock|[from] move: Defog|[of] p1a: Weezing
|move|p2a: King Tyrant|Knock Off|p1a: Weezing
|-resisted|p1a: Weezing
|-damage|p1a: Weezing|94/100
|-enditem|p1a: Weezing|Heavy-Duty Boots|[from] move: Knock Off|[of] p2a: King Tyrant
|
|-damage|p2a: King Tyrant|88/100 brn|[from] brn
|upkeep
|turn|3
|
|t:|1758319893
|switch|p2a: Tyrant's Downpour|Pelipper, F|100/100
|move|p1a: Weezing|Strange Steam|p2a: Tyrant's Downpour
|-damage|p2a: Tyrant's Downpour|59/100
|
|upkeep
|turn|4
|
|t:|1758319901
|move|p1a: Weezing|Strange Steam|p2a: Tyrant's Downpour
|-damage|p2a: Tyrant's Downpour|22/100
|move|p2a: Tyrant's Downpour|U-turn|p1a: Weezing
|-resisted|p1a: Weezing
|-damage|p1a: Weezing|92/100
|j| KappaHalo
|
|t:|1758319912
|switch|p2a: Tyrant's Legacy|Excadrill, F|100/100|[from] U-turn
|
|upkeep
|turn|5
|
|t:|1758319923
|-terastallize|p1a: Weezing|Flying
|move|p2a: Tyrant's Legacy|Iron Head|p1a: Weezing
|-damage|p1a: Weezing|53/100
|-damage|p2a: Tyrant's Legacy|91/100|[from] item: Life Orb
|move|p1a: Weezing|Will-O-Wisp|p2a: Tyrant's Legacy|[miss]
|-miss|p1a: Weezing|p2a: Tyrant's Legacy
|
|upkeep
|turn|6
|
|t:|1758319940
|move|p2a: Tyrant's Legacy|Iron Head|p1a: Weezing
|-damage|p1a: Weezing|13/100
|-damage|p2a: Tyrant's Legacy|81/100|[from] item: Life Orb
|move|p1a: Weezing|Pain Split|p2a: Tyrant's Legacy
|-sethp|p2a: Tyrant's Legacy|46/100|[from] move: Pain Split|[silent]
|-sethp|p1a: Weezing|50/100|[from] move: Pain Split
|
|upkeep
|turn|7
|j| jajajajsjsa
|
|t:|1758319950
|-end|p1a: Weezing|ability: Neutralizing Gas
|switch|p1a: Iron Moth|Iron Moth|100/100
|-enditem|p1a: Iron Moth|Booster Energy
|-activate|p1a: Iron Moth|ability: Quark Drive|[fromitem]
|-start|p1a: Iron Moth|quarkdrivespe
|move|p2a: Tyrant's Legacy|Iron Head|p1a: Iron Moth
|-resisted|p1a: Iron Moth
|-crit|p1a: Iron Moth
|-damage|p1a: Iron Moth|29/100
|-damage|p2a: Tyrant's Legacy|36/100|[from] item: Life Orb
|
|upkeep
|turn|8
|
|t:|1758319960
|switch|p2a: Tyrant's Downpour|Pelipper, F|22/100
|-weather|RainDance|[from] ability: Drizzle|[of] p2a: Tyrant's Downpour
|move|p1a: Iron Moth|Fiery Dance|p2a: Tyrant's Downpour
|-resisted|p2a: Tyrant's Downpour
|-damage|p2a: Tyrant's Downpour|9/100
|
|-weather|RainDance|[upkeep]
|upkeep
|turn|9
|
|t:|1758319969
|switch|p2a: Tyrant's Vengeance|Kingdra, M|100/100
|move|p1a: Iron Moth|Energy Ball|p2a: Tyrant's Vengeance
|-damage|p2a: Tyrant's Vengeance|65/100
|
|-weather|RainDance|[upkeep]
|upkeep
|turn|10
|
|t:|1758319975
|-end|p1a: Iron Moth|Quark Drive|[silent]
|switch|p1a: Ninetales|Ninetales-Alola, F|100/100
|-weather|Snowscape|[from] ability: Snow Warning|[of] p1a: Ninetales
|move|p2a: Tyrant's Vengeance|Flip Turn|p1a: Ninetales
|-damage|p1a: Ninetales|84/100
|
|t:|1758319984
|switch|p2a: Tyrant's Downpour|Pelipper, F|9/100|[from] Flip Turn
|-weather|RainDance|[from] ability: Drizzle|[of] p2a: Tyrant's Downpour
|
|-weather|RainDance|[upkeep]
|upkeep
|turn|11
|
|t:|1758319991
|switch|p2a: Tyrant's Enforcer|Overqwil, F|100/100
|move|p1a: Ninetales|Freeze-Dry|p2a: Tyrant's Enforcer
|-damage|p2a: Tyrant's Enforcer|69/100
|
|-weather|RainDance|[upkeep]
|upkeep
|turn|12
|
|t:|1758320000
|switch|p1a: Iron Moth|Iron Moth|29/100
|move|p2a: Tyrant's Enforcer|Spikes|p1a: Iron Moth
|-sidestart|p1: inthestation|Spikes
|
|-weather|RainDance|[upkeep]
|upkeep
|turn|13
|
|t:|1758320008
|move|p2a: Tyrant's Enforcer|Crunch|p1a: Iron Moth
|-damage|p1a: Iron Moth|0 fnt
|faint|p1a: Iron Moth
|-end|p1a: Iron Moth|Quark Drive|[silent]
|
|-weather|RainDance|[upkeep]
|upkeep
|
|t:|1758320014
|switch|p1a: Ninetales|Ninetales-Alola, F|84/100
|-damage|p1a: Ninetales|72/100|[from] Spikes
|-weather|Snowscape|[from] ability: Snow Warning|[of] p1a: Ninetales
|turn|14
|
|t:|1758320029
|switch|p2a: King Tyrant|Tyranitar, F|88/100 brn
|-weather|Sandstorm|[from] ability: Sand Stream|[of] p2a: King Tyrant
|move|p1a: Ninetales|Snowscape|p1a: Ninetales
|-weather|Snowscape
|
|-weather|Snowscape|[upkeep]
|-damage|p2a: King Tyrant|82/100 brn|[from] brn
|upkeep
|turn|15
|
|t:|1758320042
|switch|p1a: Hatterene|Hatterene, F|100/100
|-damage|p1a: Hatterene|88/100|[from] Spikes
|move|p2a: King Tyrant|Stealth Rock|p1a: Hatterene
|move|p1a: Hatterene|Stealth Rock|p2a: King Tyrant|[from] ability: Magic Bounce
|-sidestart|p2: kshuaib734|move: Stealth Rock
|
|-weather|Snowscape|[upkeep]
|-heal|p1a: Hatterene|94/100|[from] item: Leftovers
|-damage|p2a: King Tyrant|76/100 brn|[from] brn
|upkeep
|turn|16
|
|t:|1758320056
|move|p2a: King Tyrant|Knock Off|p1a: Hatterene
|-damage|p1a: Hatterene|77/100
|-enditem|p1a: Hatterene|Leftovers|[from] move: Knock Off|[of] p2a: King Tyrant
|move|p1a: Hatterene|Draining Kiss|p2a: King Tyrant
|-supereffective|p2a: King Tyrant
|-damage|p2a: King Tyrant|41/100 brn
|-heal|p1a: Hatterene|100/100|[from] drain|[of] p2a: King Tyrant
|-enditem|p2a: King Tyrant|Weakness Policy
|-boost|p2a: King Tyrant|atk|2|[from] item: Weakness Policy
|-boost|p2a: King Tyrant|spa|2|[from] item: Weakness Policy
|
|-weather|Snowscape|[upkeep]
|-damage|p2a: King Tyrant|35/100 brn|[from] brn
|upkeep
|turn|17
|
|t:|1758320068
|move|p2a: King Tyrant|Ice Beam|p1a: Hatterene
|-damage|p1a: Hatterene|46/100
|move|p1a: Hatterene|Draining Kiss|p2a: King Tyrant
|-supereffective|p2a: King Tyrant
|-damage|p2a: King Tyrant|0 fnt
|-heal|p1a: Hatterene|78/100|[from] drain|[of] p2a: King Tyrant
|faint|p2a: King Tyrant
|
|-weather|Snowscape|[upkeep]
|upkeep
|
|t:|1758320077
|switch|p2a: Tyrant's Legacy|Excadrill, F|36/100
|-damage|p2a: Tyrant's Legacy|33/100|[from] Stealth Rock
|turn|18
|
|t:|1758320085
|move|p2a: Tyrant's Legacy|Rapid Spin|p1a: Hatterene
|-damage|p1a: Hatterene|56/100
|-boost|p2a: Tyrant's Legacy|spe|1
|-sideend|p2: kshuaib734|Stealth Rock|[from] move: Rapid Spin|[of] p2a: Tyrant's Legacy
|-damage|p2a: Tyrant's Legacy|23/100|[from] item: Life Orb
|move|p1a: Hatterene|Mystical Fire|p2a: Tyrant's Legacy
|-supereffective|p2a: Tyrant's Legacy
|-damage|p2a: Tyrant's Legacy|0 fnt
|faint|p2a: Tyrant's Legacy
|
|-weather|none
|upkeep
|
|t:|1758320101
|switch|p2a: Tyrant's Enforcer|Overqwil, F|69/100
|turn|19
|
|t:|1758320109
|move|p2a: Tyrant's Enforcer|Crunch|p1a: Hatterene
|-damage|p1a: Hatterene|20/100
|move|p1a: Hatterene|Draining Kiss|p2a: Tyrant's Enforcer
|-damage|p2a: Tyrant's Enforcer|34/100
|-heal|p1a: Hatterene|46/100|[from] drain|[of] p2a: Tyrant's Enforcer
|-damage|p1a: Hatterene|29/100|[from] item: Rocky Helmet|[of] p2a: Tyrant's Enforcer
|
|upkeep
|turn|20
|
|t:|1758320131
|switch|p1a: Kingambit|Kingambit, F|100/100
|-damage|p1a: Kingambit|88/100|[from] Spikes
|-activate|p1a: Kingambit|ability: Supreme Overlord
|-start|p1a: Kingambit|fallen1|[silent]
|move|p2a: Tyrant's Enforcer|Crunch|p1a: Kingambit
|-resisted|p1a: Kingambit
|-crit|p1a: Kingambit
|-damage|p1a: Kingambit|63/100
|
|-heal|p1a: Kingambit|70/100|[from] item: Leftovers
|upkeep
|turn|21
|
|t:|1758320142
|move|p2a: Tyrant's Enforcer|Pain Split|p1a: Kingambit
|-sethp|p1a: Kingambit|48/100|[from] move: Pain Split|[silent]
|-sethp|p2a: Tyrant's Enforcer|61/100|[from] move: Pain Split
|move|p1a: Kingambit|Kowtow Cleave|p2a: Tyrant's Enforcer
|-resisted|p2a: Tyrant's Enforcer
|-damage|p2a: Tyrant's Enforcer|29/100
|-damage|p1a: Kingambit|32/100|[from] item: Rocky Helmet|[of] p2a: Tyrant's Enforcer
|
|-heal|p1a: Kingambit|38/100|[from] item: Leftovers
|upkeep
|turn|22
|
|t:|1758320152
|move|p2a: Tyrant's Enforcer|Crunch|p1a: Kingambit
|-resisted|p1a: Kingambit
|-damage|p1a: Kingambit|23/100
|-unboost|p1a: Kingambit|def|1
|move|p1a: Kingambit|Kowtow Cleave|p2a: Tyrant's Enforcer
|-resisted|p2a: Tyrant's Enforcer
|-damage|p2a: Tyrant's Enforcer|0 fnt
|-damage|p1a: Kingambit|7/100|[from] item: Rocky Helmet|[of] p2a: Tyrant's Enforcer
|faint|p2a: Tyrant's Enforcer
|
|-heal|p1a: Kingambit|13/100|[from] item: Leftovers
|upkeep
|
|t:|1758320163
|switch|p2a: Tyrant's Endgame|Quaquaval, M|100/100
|turn|23
|
|t:|1758320176
|move|p2a: Tyrant's Endgame|Aqua Step|p1a: Kingambit
|-damage|p1a: Kingambit|0 fnt
|-boost|p2a: Tyrant's Endgame|spe|1
|faint|p1a: Kingambit
|-end|p1a: Kingambit|fallen1|[silent]
|-ability|p2a: Tyrant's Endgame|Moxie|boost
|-boost|p2a: Tyrant's Endgame|atk|1
|-damage|p2a: Tyrant's Endgame|91/100|[from] item: Life Orb
|
|upkeep
|
|t:|1758320184
|switch|p1a: Ninetales|Ninetales-Alola, F|72/100
|-damage|p1a: Ninetales|60/100|[from] Spikes
|-weather|Snowscape|[from] ability: Snow Warning|[of] p1a: Ninetales
|turn|24
|
|t:|1758320190
|-terastallize|p2a: Tyrant's Endgame|Water
|move|p2a: Tyrant's Endgame|Aqua Step|p1a: Ninetales
|-damage|p1a: Ninetales|0 fnt
|-boost|p2a: Tyrant's Endgame|spe|1
|faint|p1a: Ninetales
|-ability|p2a: Tyrant's Endgame|Moxie|boost
|-boost|p2a: Tyrant's Endgame|atk|1
|-damage|p2a: Tyrant's Endgame|81/100|[from] item: Life Orb
|
|-weather|Snowscape|[upkeep]
|upkeep
|
|t:|1758320194
|switch|p1a: Kyurem|Kyurem|100/100
|-damage|p1a: Kyurem|88/100|[from] Spikes
|-ability|p1a: Kyurem|Pressure
|turn|25
|
|t:|1758320203
|move|p2a: Tyrant's Endgame|Close Combat|p1a: Kyurem
|-supereffective|p1a: Kyurem
|-damage|p1a: Kyurem|0 fnt
|-unboost|p2a: Tyrant's Endgame|def|1
|-unboost|p2a: Tyrant's Endgame|spd|1
|faint|p1a: Kyurem
|-ability|p2a: Tyrant's Endgame|Moxie|boost
|-boost|p2a: Tyrant's Endgame|atk|1
|-damage|p2a: Tyrant's Endgame|71/100|[from] item: Life Orb
|
|-weather|Snowscape|[upkeep]
|upkeep
|c|☆inthestation|gg
|-message|inthestation forfeited.
|
|win|kshuaib734
|raw|inthestation's rating: 1664 &rarr; <strong>1641</strong><br />(-23 for losing)
|raw|kshuaib734's rating: 1610 &rarr; <strong>1633</strong><br />(+23 for winning)
|c|☆kshuaib734|gg
|l|☆inthestation
|player|p1|
|l|☆kshuaib734
|player|p2|
|l| jajajajsjsa
|l| KappaHalo
