|j|☆AsierX
|j|☆boldenhauer
|t:|1758303711
|gametype|singles
|player|p1|AsierX|skierf|1337
|player|p2|boldenhauer|170|1326
|gen|9
|tier|[Gen 9] OU
|rated|
|rule|HP Percentage Mod: HP is shown in percentages
|rule|Endless Battle Clause: Forcing endless battles is banned
|rule|Species Clause: Limit one of each Pokémon
|rule|OHKO Clause: OHKO moves are banned
|rule|Evasion Items Clause: Evasion items are banned
|rule|Evasion Moves Clause: Evasion moves are banned
|rule|Evasion Abilities Clause: Evasion abilities are banned
|rule|Sleep Moves Clause: Sleep-inducing moves are banned
|clearpoke
|poke|p1|Greninja-*, F|
|poke|p1|Iron Valiant|
|poke|p1|Hatterene, F|
|poke|p1|Iron Hands|
|poke|p1|Garchomp, F|
|poke|p1|Iron Treads|
|poke|p2|Ogerpon-Wellspring, F|
|poke|p2|Moltres|
|poke|p2|Malamar, F|
|poke|p2|Dragapult, M|
|poke|p2|Spidops, M|
|poke|p2|Empoleon, M|
|teampreview
|
|t:|1758303718
|teamsize|p1|6
|teamsize|p2|6
|start
|switch|p1a: Mutant|Garchomp, F|100/100
|switch|p2a: Spidops|Spidops, M|100/100
|turn|1
|
|t:|1758303722
|move|p2a: Spidops|Sticky Web|p1a: Mutant
|-sidestart|p1: AsierX|move: Sticky Web
|move|p1a: Mutant|Dragon Tail|p2a: Spidops
|-damage|p2a: Spidops|75/100
|drag|p2a: Empoleon|Empoleon, M|100/100
|
|upkeep
|turn|2
|
|t:|1758303727
|switch|p2a: Moltres|Moltres|100/100
|move|p1a: Mutant|Swords Dance|p1a: Mutant
|-boost|p1a: Mutant|atk|2
|
|upkeep
|turn|3
|
|t:|1758303731
|move|p1a: Mutant|Liquidation|p2a: Moltres
|-supereffective|p2a: Moltres
|-damage|p2a: Moltres|13/100
|move|p2a: Moltres|Roar|p1a: Mutant
|drag|p1a: Orb|Iron Treads|100/100
|-item|p1a: Orb|Air Balloon
|
|upkeep
|turn|4
|
|t:|1758303737
|switch|p2a: Dragapult|Dragapult, M|100/100
|move|p1a: Orb|Knock Off|p2a: Dragapult
|-supereffective|p2a: Dragapult
|-damage|p2a: Dragapult|6/100
|-enditem|p2a: Dragapult|Heavy-Duty Boots|[from] move: Knock Off|[of] p1a: Orb
|
|upkeep
|turn|5
|
|t:|1758303740
|move|p2a: Dragapult|Hex|p1a: Orb
|-damage|p1a: Orb|60/100
|-enditem|p1a: Orb|Air Balloon
|move|p1a: Orb|Iron Head|p2a: Dragapult
|-damage|p2a: Dragapult|0 fnt
|faint|p2a: Dragapult
|
|upkeep
|
|t:|1758303746
|switch|p2a: Ogerpon|Ogerpon-Wellspring, F|100/100
|turn|6
|
|t:|1758303752
|-end|p1a: Orb|Quark Drive|[silent]
|switch|p1a: Mutant|Garchomp, F|100/100
|-activate|p1a: Mutant|move: Sticky Web
|-unboost|p1a: Mutant|spe|1
|-terastallize|p2a: Ogerpon|Water
|detailschange|p2a: Ogerpon|Ogerpon-Wellspring-Tera, F, tera:Water
|-ability|p2a: Ogerpon|Embody Aspect (Wellspring)|boost
|-boost|p2a: Ogerpon|spd|1
|move|p2a: Ogerpon|Ivy Cudgel|p1a: Mutant|[anim] Ivy Cudgel Water
|-damage|p1a: Mutant|17/100
|
|upkeep
|turn|7
|
|t:|1758303762
|switch|p2a: Moltres|Moltres|13/100
|move|p1a: Mutant|Dragon Tail|p2a: Moltres
|-damage|p2a: Moltres|0 fnt
|-status|p1a: Mutant|brn|[from] ability: Flame Body|[of] p2a: Moltres
|faint|p2a: Moltres
|
|-damage|p1a: Mutant|11/100 brn|[from] brn
|upkeep
|
|t:|1758303770
|switch|p2a: Malamar|Malamar, F|100/100
|turn|8
|
|t:|1758303773
|move|p2a: Malamar|Substitute|p2a: Malamar
|-start|p2a: Malamar|Substitute
|-damage|p2a: Malamar|75/100
|move|p1a: Mutant|Swords Dance|p1a: Mutant
|-boost|p1a: Mutant|atk|2
|
|-heal|p2a: Malamar|82/100|[from] item: Leftovers
|-damage|p1a: Mutant|5/100 brn|[from] brn
|upkeep
|turn|9
|
|t:|1758303777
|move|p2a: Malamar|Superpower|p1a: Mutant
|-damage|p1a: Mutant|0 fnt
|-boost|p2a: Malamar|atk|1
|-boost|p2a: Malamar|def|1
|-damage|p2a: Malamar|69/100|[from] ability: Rough Skin|[of] p1a: Mutant
|-damage|p2a: Malamar|53/100|[from] item: Rocky Helmet|[of] p1a: Mutant
|faint|p1a: Mutant
|
|-heal|p2a: Malamar|59/100|[from] item: Leftovers
|upkeep
|
|t:|1758303783
|switch|p1a: Wizard|Hatterene, F|100/100
|-activate|p1a: Wizard|move: Sticky Web
|-unboost|p1a: Wizard|spe|1
|turn|10
|
|t:|1758303789
|move|p2a: Malamar|Knock Off|p1a: Wizard
|-damage|p1a: Wizard|50/100
|-enditem|p1a: Wizard|Assault Vest|[from] move: Knock Off|[of] p2a: Malamar
|move|p1a: Wizard|Draining Kiss|p2a: Malamar
|-supereffective|p2a: Malamar
|-end|p2a: Malamar|Substitute
|-heal|p1a: Wizard|73/100|[from] drain|[of] p2a: Malamar
|
|-heal|p2a: Malamar|65/100|[from] item: Leftovers
|upkeep
|turn|11
|
|t:|1758303795
|switch|p2a: Empoleon|Empoleon, M|100/100
|move|p1a: Wizard|Nuzzle|p2a: Empoleon
|-supereffective|p2a: Empoleon
|-damage|p2a: Empoleon|92/100
|-status|p2a: Empoleon|par
|
|upkeep
|turn|12
|
|t:|1758303801
|switch|p1a: Orb|Iron Treads|60/100
|-activate|p1a: Orb|move: Sticky Web
|-unboost|p1a: Orb|spe|1
|move|p2a: Empoleon|Flash Cannon|p1a: Orb
|-resisted|p1a: Orb
|-damage|p1a: Orb|38/100
|
|upkeep
|turn|13
|
|t:|1758303812
|switch|p2a: Ogerpon|Ogerpon-Wellspring-Tera, F, tera:Water|100/100
|-ability|p2a: Ogerpon|Embody Aspect (Wellspring)|boost
|-boost|p2a: Ogerpon|spd|1
|move|p1a: Orb|Rapid Spin|p2a: Ogerpon
|-damage|p2a: Ogerpon|81/100
|-boost|p1a: Orb|spe|1
|-sideend|p1: AsierX|Sticky Web|[from] move: Rapid Spin|[of] p1a: Orb
|
|upkeep
|turn|14
|
|t:|1758303816
|move|p2a: Ogerpon|Ivy Cudgel|p1a: Orb|[anim] Ivy Cudgel Water
|-supereffective|p1a: Orb
|-damage|p1a: Orb|0 fnt
|faint|p1a: Orb
|-end|p1a: Orb|Quark Drive|[silent]
|
|upkeep
|
|t:|1758303817
|switch|p1a: Robot|Iron Hands|100/100
|turn|15
|
|t:|1758303823
|switch|p2a: Spidops|Spidops, M|75/100
|move|p1a: Robot|Thunder Punch|p2a: Spidops
|-damage|p2a: Spidops|29/100
|
|upkeep
|turn|16
|
|t:|1758303827
|move|p1a: Robot|Swords Dance|p1a: Robot
|-boost|p1a: Robot|atk|2
|move|p2a: Spidops|Sticky Web|p1a: Robot
|-sidestart|p1: AsierX|move: Sticky Web
|
|upkeep
|turn|17
|
|t:|1758303833
|move|p1a: Robot|Thunder Punch|p2a: Spidops
|-damage|p2a: Spidops|0 fnt
|faint|p2a: Spidops
|
|upkeep
|
|t:|1758303839
|switch|p2a: Malamar|Malamar, F|65/100
|turn|18
|
|t:|1758303842
|-terastallize|p1a: Robot|Flying
|move|p2a: Malamar|Disable|p1a: Robot
|-start|p1a: Robot|Disable|Thunder Punch
|move|p1a: Robot|Drain Punch|p2a: Malamar
|-damage|p2a: Malamar|0 fnt
|faint|p2a: Malamar
|
|upkeep
|
|t:|1758303849
|switch|p2a: Ogerpon|Ogerpon-Wellspring-Tera, F, tera:Water|81/100
|-ability|p2a: Ogerpon|Embody Aspect (Wellspring)|boost
|-boost|p2a: Ogerpon|spd|1
|turn|19
|
|t:|1758303853
|move|p2a: Ogerpon|Ivy Cudgel|p1a: Robot|[anim] Ivy Cudgel Water
|-damage|p1a: Robot|55/100
|move|p1a: Robot|Drain Punch|p2a: Ogerpon
|-damage|p2a: Ogerpon|0 fnt
|-heal|p1a: Robot|78/100|[from] drain|[of] p2a: Ogerpon
|faint|p2a: Ogerpon
|detailschange|p2: Ogerpon|Ogerpon-Wellspring, F|[silent]
|
|upkeep
|-message|boldenhauer forfeited.
|
|win|AsierX
|raw|AsierX's rating: 1337 &rarr; <strong>1356</strong><br />(+19 for winning)
|raw|boldenhauer's rating: 1326 &rarr; <strong>1307</strong><br />(-19 for losing)
|l|☆boldenhauer
|player|p2|
|l|☆AsierX
|player|p1|
