|j|☆Versalius
|j|☆Obito 2001
|t:|1758317165
|gametype|singles
|player|p1|Versalius|101|1646
|player|p2|Obito 2001|blue-gen3two|1724
|gen|9
|tier|[Gen 9] OU
|rated|
|rule|HP Percentage Mod: HP is shown in percentages
|rule|Endless Battle Clause: Forcing endless battles is banned
|rule|Species Clause: Limit one of each Pokémon
|rule|OHKO Clause: OHKO moves are banned
|rule|Evasion Items Clause: Evasion items are banned
|rule|Evasion Moves Clause: Evasion moves are banned
|rule|Evasion Abilities Clause: Evasion abilities are banned
|rule|Sleep Moves Clause: Sleep-inducing moves are banned
|clearpoke
|poke|p1|Ting-Lu|
|poke|p1|Dragapult, M|
|poke|p1|Cinderace, F|
|poke|p1|Corviknight, M|
|poke|p1|Raging Bolt|
|poke|p1|Dragonite, M|
|poke|p2|Masquerain, M|
|poke|p2|Arcanine-Hisui, M|
|poke|p2|Cinderace, M|
|poke|p2|Latios, M|
|poke|p2|Great Tusk|
|poke|p2|Gholdengo|
|teampreview
|inactive|Battle timer is ON: inactive players will automatically lose when time's up. (requested by Obito 2001)
|inactive|Versalius also wants the timer to be on.
|
|t:|1758317175
|teamsize|p1|6
|teamsize|p2|6
|start
|switch|p1a: Dragapult|Dragapult, M|100/100
|switch|p2a: Masquerain|Masquerain, M|100/100
|-ability|p2a: Masquerain|Intimidate|boost
|-unboost|p1a: Dragapult|atk|1
|turn|1
|
|t:|1758317183
|move|p1a: Dragapult|Thunder Wave|p2a: Masquerain
|-status|p2a: Masquerain|par
|move|p2a: Masquerain|Stun Spore|p1a: Dragapult
|-status|p1a: Dragapult|par
|
|upkeep
|turn|2
|
|t:|1758317202
|move|p1a: Dragapult|Hex|p2a: Masquerain
|-damage|p2a: Masquerain|25/100 par
|move|p2a: Masquerain|Ice Beam|p1a: Dragapult
|-supereffective|p1a: Dragapult
|-crit|p1a: Dragapult
|-damage|p1a: Dragapult|0 fnt
|faint|p1a: Dragapult
|
|upkeep
|
|t:|1758317212
|switch|p1a: Cinderace|Cinderace, F|100/100
|turn|3
|
|t:|1758317216
|move|p1a: Cinderace|Pyro Ball|p2a: Masquerain
|-supereffective|p2a: Masquerain
|-damage|p2a: Masquerain|0 fnt
|faint|p2a: Masquerain
|
|upkeep
|
|t:|1758317223
|switch|p2a: Arcanine|Arcanine-Hisui, M|100/100
|turn|4
|
|t:|1758317227
|move|p1a: Cinderace|High Jump Kick|p2a: Arcanine
|-start|p1a: Cinderace|typechange|Fighting|[from] ability: Libero
|-supereffective|p2a: Arcanine
|-damage|p2a: Arcanine|0 fnt
|faint|p2a: Arcanine
|
|upkeep
|
|t:|1758317233
|switch|p2a: BunnyGirlSenpai|Cinderace, M|100/100
|turn|5
|
|t:|1758317237
|move|p1a: Cinderace|High Jump Kick|p2a: BunnyGirlSenpai
|-damage|p2a: BunnyGirlSenpai|27/100
|move|p2a: BunnyGirlSenpai|Will-O-Wisp|p1a: Cinderace
|-status|p1a: Cinderace|brn
|
|-damage|p1a: Cinderace|95/100 brn|[from] brn
|upkeep
|turn|6
|
|t:|1758317246
|move|p2a: BunnyGirlSenpai|Pyro Ball|p1a: Cinderace
|-damage|p1a: Cinderace|0 fnt
|faint|p1a: Cinderace
|
|upkeep
|
|t:|1758317255
|switch|p1a: Dragonite|Dragonite, M|100/100
|turn|7
|
|t:|1758317261
|-terastallize|p2a: BunnyGirlSenpai|Ghost
|move|p1a: Dragonite|Extreme Speed|p2a: BunnyGirlSenpai
|-immune|p2a: BunnyGirlSenpai
|move|p2a: BunnyGirlSenpai|Will-O-Wisp|p1a: Dragonite|[miss]
|-miss|p2a: BunnyGirlSenpai|p1a: Dragonite
|
|upkeep
|turn|8
|c|☆Obito 2001|Ffs
|
|t:|1758317280
|switch|p1a: Ting-Lu|Ting-Lu|100/100
|-ability|p1a: Ting-Lu|Vessel of Ruin
|move|p2a: BunnyGirlSenpai|Will-O-Wisp|p1a: Ting-Lu
|-status|p1a: Ting-Lu|brn
|
|-damage|p1a: Ting-Lu|94/100 brn|[from] brn
|upkeep
|turn|9
|
|t:|1758317284
|move|p2a: BunnyGirlSenpai|U-turn|p1a: Ting-Lu
|-supereffective|p1a: Ting-Lu
|-damage|p1a: Ting-Lu|74/100 brn
|
|t:|1758317287
|switch|p2a: Mega Donphan|Great Tusk|100/100|[from] U-turn
|move|p1a: Ting-Lu|Earthquake|p2a: Mega Donphan
|-damage|p2a: Mega Donphan|88/100
|
|-heal|p1a: Ting-Lu|81/100 brn|[from] item: Leftovers
|-damage|p1a: Ting-Lu|74/100 brn|[from] brn
|upkeep
|turn|10
|
|t:|1758317292
|switch|p1a: Corviknight|Corviknight, M|100/100
|-ability|p1a: Corviknight|Pressure
|move|p2a: Mega Donphan|Stealth Rock|p1a: Corviknight
|-sidestart|p1: Versalius|move: Stealth Rock
|
|upkeep
|turn|11
|
|t:|1758317294
|-end|p2a: Mega Donphan|Protosynthesis|[silent]
|switch|p2a: Gholdengo|Gholdengo|100/100
|move|p1a: Corviknight|U-turn|p2a: Gholdengo
|-resisted|p2a: Gholdengo
|-crit|p2a: Gholdengo
|-damage|p2a: Gholdengo|94/100
|
|t:|1758317306
|switch|p1a: Dragonite|Dragonite, M|100/100|[from] U-turn
|
|upkeep
|turn|12
|
|t:|1758317312
|move|p2a: Gholdengo|Trick|p1a: Dragonite
|-activate|p2a: Gholdengo|move: Trick|[of] p1a: Dragonite
|-item|p1a: Dragonite|Choice Specs|[from] move: Trick
|-item|p2a: Gholdengo|Heavy-Duty Boots|[from] move: Trick
|move|p1a: Dragonite|Earthquake|p2a: Gholdengo
|-supereffective|p2a: Gholdengo
|-damage|p2a: Gholdengo|0 fnt
|faint|p2a: Gholdengo
|
|upkeep
|
|t:|1758317322
|switch|p2a: Latios|Latios, M|100/100
|turn|13
|
|t:|1758317327
|switch|p1a: Ting-Lu|Ting-Lu|74/100 brn
|-damage|p1a: Ting-Lu|68/100 brn|[from] Stealth Rock
|-ability|p1a: Ting-Lu|Vessel of Ruin
|move|p2a: Latios|Calm Mind|p2a: Latios
|-boost|p2a: Latios|spa|1
|-boost|p2a: Latios|spd|1
|
|-heal|p1a: Ting-Lu|74/100 brn|[from] item: Leftovers
|-damage|p1a: Ting-Lu|68/100 brn|[from] brn
|upkeep
|turn|14
|
|t:|1758317332
|move|p2a: Latios|Draco Meteor|p1a: Ting-Lu
|-damage|p1a: Ting-Lu|18/100 brn
|-unboost|p2a: Latios|spa|2
|move|p1a: Ting-Lu|Whirlwind|p2a: Latios
|drag|p2a: BunnyGirlSenpai|Cinderace, M, tera:Ghost|27/100
|
|-heal|p1a: Ting-Lu|24/100 brn|[from] item: Leftovers
|-damage|p1a: Ting-Lu|18/100 brn|[from] brn
|upkeep
|turn|15
|
|t:|1758317337
|move|p2a: BunnyGirlSenpai|U-turn|p1a: Ting-Lu
|-supereffective|p1a: Ting-Lu
|-damage|p1a: Ting-Lu|0 fnt
|faint|p1a: Ting-Lu
|
|t:|1758317342
|switch|p2a: Latios|Latios, M|100/100|[from] U-turn
|
|upkeep
|
|t:|1758317353
|switch|p1a: Raging Bolt|Raging Bolt|100/100
|-damage|p1a: Raging Bolt|88/100|[from] Stealth Rock
|-enditem|p1a: Raging Bolt|Booster Energy
|-activate|p1a: Raging Bolt|ability: Protosynthesis|[fromitem]
|-start|p1a: Raging Bolt|protosynthesisspa
|turn|16
|
|t:|1758317364
|-terastallize|p1a: Raging Bolt|Fairy
|move|p2a: Latios|Luster Purge|p1a: Raging Bolt
|-damage|p1a: Raging Bolt|36/100
|move|p1a: Raging Bolt|Calm Mind|p1a: Raging Bolt
|-boost|p1a: Raging Bolt|spa|1
|-boost|p1a: Raging Bolt|spd|1
|
|upkeep
|turn|17
|
|t:|1758317372
|move|p2a: Latios|Luster Purge|p1a: Raging Bolt
|-damage|p1a: Raging Bolt|0 fnt
|faint|p1a: Raging Bolt
|-end|p1a: Raging Bolt|Protosynthesis|[silent]
|
|upkeep
|-message|Versalius forfeited.
|
|win|Obito 2001
|raw|Versalius's rating: 1646 &rarr; <strong>1630</strong><br />(-16 for losing)
|raw|Obito 2001's rating: 1724 &rarr; <strong>1740</strong><br />(+16 for winning)
|l|☆Versalius
|player|p1|
|l|☆Obito 2001
|player|p2|
