|j|‽six10lol
|j|☆thisisjake
|t:|1758364942
|gametype|singles
|player|p1|six10lol|pokekid|1486
|player|p2|thisisjake|crasherwake|1574
|gen|9
|tier|[Gen 9] OU
|rated|
|rule|HP Percentage Mod: HP is shown in percentages
|rule|Endless Battle Clause: Forcing endless battles is banned
|rule|Species Clause: Limit one of each Pokémon
|rule|OHKO Clause: OHKO moves are banned
|rule|Evasion Items Clause: Evasion items are banned
|rule|Evasion Moves Clause: Evasion moves are banned
|rule|Evasion Abilities Clause: Evasion abilities are banned
|rule|Sleep Moves Clause: Sleep-inducing moves are banned
|clearpoke
|poke|p1|Ursaluna, M|
|poke|p1|Cresselia, F|
|poke|p1|Kingambit, M|
|poke|p1|Volcanion|
|poke|p1|Hatterene, F|
|poke|p1|Porygon2|
|poke|p2|Ogerpon-Wellspring, F|
|poke|p2|Cloyster, M|
|poke|p2|Ninetales-Alola, F|
|poke|p2|Polteageist|
|poke|p2|Iron Treads|
|poke|p2|Dragonite, M|
|teampreview
|inactive|Battle timer is ON: inactive players will automatically lose when time's up. (requested by six10lol)
|inactive|thisisjake has 120 seconds left.
|
|t:|1758364975
|teamsize|p1|6
|teamsize|p2|6
|start
|switch|p1a: Volcanion|Volcanion|100/100
|switch|p2a: Iron Treads|Iron Treads|100/100
|-enditem|p2a: Iron Treads|Booster Energy
|-activate|p2a: Iron Treads|ability: Quark Drive|[fromitem]
|-start|p2a: Iron Treads|quarkdrivespe
|turn|1
|
|t:|1758364986
|move|p2a: Iron Treads|Stealth Rock|p1a: Volcanion
|-sidestart|p1: six10lol|move: Stealth Rock
|move|p1a: Volcanion|Flamethrower|p2a: Iron Treads
|-supereffective|p2a: Iron Treads
|-damage|p2a: Iron Treads|0 fnt
|faint|p2a: Iron Treads
|-end|p2a: Iron Treads|Quark Drive|[silent]
|
|upkeep
|inactive|thisisjake has 120 seconds left.
|
|t:|1758365035
|switch|p2a: Ninetales|Ninetales-Alola, F|100/100
|-weather|Snowscape|[from] ability: Snow Warning|[of] p2a: Ninetales
|turn|2
|
|t:|1758365045
|move|p2a: Ninetales|Aurora Veil|p2a: Ninetales
|-sidestart|p2: thisisjake|move: Aurora Veil
|move|p1a: Volcanion|Flamethrower|p2a: Ninetales
|-supereffective|p2a: Ninetales
|-damage|p2a: Ninetales|3/100
|
|-weather|Snowscape|[upkeep]
|upkeep
|turn|3
|inactive|thisisjake has 120 seconds left.
|
|t:|1758365072
|switch|p2a: Ogerpon|Ogerpon-Wellspring, F|100/100
|move|p1a: Volcanion|Flamethrower|p2a: Ogerpon
|-damage|p2a: Ogerpon|52/100
|
|-weather|Snowscape|[upkeep]
|upkeep
|turn|4
|
|t:|1758365077
|move|p2a: Ogerpon|Power Whip|p1a: Volcanion
|-damage|p1a: Volcanion|40/100
|move|p1a: Volcanion|Flamethrower|p2a: Ogerpon
|-damage|p2a: Ogerpon|8/100
|
|-weather|Snowscape|[upkeep]
|upkeep
|turn|5
|
|t:|1758365086
|switch|p1a: Kingambit|Kingambit, M|100/100
|-damage|p1a: Kingambit|94/100|[from] Stealth Rock
|move|p2a: Ogerpon|Power Whip|p1a: Kingambit
|-resisted|p1a: Kingambit
|-damage|p1a: Kingambit|68/100
|
|-weather|Snowscape|[upkeep]
|upkeep
|turn|6
|
|t:|1758365094
|switch|p2a: Dragonite|Dragonite, M|100/100
|move|p1a: Kingambit|Swords Dance|p1a: Kingambit
|-boost|p1a: Kingambit|atk|2
|
|-weather|none
|upkeep
|turn|7
|
|t:|1758365108
|move|p2a: Dragonite|Dragon Dance|p2a: Dragonite
|-boost|p2a: Dragonite|atk|1
|-boost|p2a: Dragonite|spe|1
|move|p1a: Kingambit|Kowtow Cleave|p2a: Dragonite
|-damage|p2a: Dragonite|68/100
|
|upkeep
|turn|8
|
|t:|1758365120
|-terastallize|p1a: Kingambit|Fairy
|move|p2a: Dragonite|Earthquake|p1a: Kingambit
|-damage|p1a: Kingambit|29/100
|move|p1a: Kingambit|Tera Blast|p2a: Dragonite|[anim] Tera Blast Fairy
|-supereffective|p2a: Dragonite
|-damage|p2a: Dragonite|0 fnt
|faint|p2a: Dragonite
|
|upkeep
|
|t:|1758365131
|switch|p2a: Ogerpon|Ogerpon-Wellspring, F|8/100
|turn|9
|
|t:|1758365136
|move|p1a: Kingambit|Sucker Punch||[still]
|-fail|p1a: Kingambit
|move|p2a: Ogerpon|Swords Dance|p2a: Ogerpon
|-boost|p2a: Ogerpon|atk|2
|
|-sideend|p2: thisisjake|move: Aurora Veil
|upkeep
|turn|10
|
|t:|1758365141
|move|p1a: Kingambit|Sucker Punch||[still]
|-fail|p1a: Kingambit
|move|p2a: Ogerpon|Swords Dance|p2a: Ogerpon
|-boost|p2a: Ogerpon|atk|2
|
|upkeep
|turn|11
|
|t:|1758365147
|move|p1a: Kingambit|Sucker Punch||[still]
|-fail|p1a: Kingambit
|move|p2a: Ogerpon|Swords Dance|p2a: Ogerpon
|-boost|p2a: Ogerpon|atk|2
|
|upkeep
|turn|12
|
|t:|1758365154
|move|p1a: Kingambit|Sucker Punch||[still]
|-fail|p1a: Kingambit
|move|p2a: Ogerpon|Swords Dance|p2a: Ogerpon
|-boost|p2a: Ogerpon|atk|0
|
|upkeep
|turn|13
|
|t:|1758365159
|move|p1a: Kingambit|Sucker Punch|p2a: Ogerpon
|-damage|p2a: Ogerpon|0 fnt
|faint|p2a: Ogerpon
|
|upkeep
|
|t:|1758365160
|switch|p2a: Polteageist|Polteageist|100/100
|turn|14
|
|t:|1758365171
|switch|p2a: Ninetales|Ninetales-Alola, F|3/100
|-weather|Snowscape|[from] ability: Snow Warning|[of] p2a: Ninetales
|move|p1a: Kingambit|Sucker Punch||[still]
|-fail|p1a: Kingambit
|
|-weather|Snowscape|[upkeep]
|upkeep
|turn|15
|
|t:|1758365178
|-end|p1a: Kingambit|fallenundefined|[silent]
|switch|p1a: Cresselia|Cresselia, F, shiny|100/100
|-damage|p1a: Cresselia|88/100|[from] Stealth Rock
|move|p2a: Ninetales|Aurora Veil|p2a: Ninetales
|-sidestart|p2: thisisjake|move: Aurora Veil
|
|-weather|Snowscape|[upkeep]
|upkeep
|turn|16
|
|t:|1758365184
|switch|p2a: Cloyster|Cloyster, M|100/100
|move|p1a: Cresselia|Trick Room|p1a: Cresselia
|-fieldstart|move: Trick Room|[of] p1a: Cresselia
|
|-weather|Snowscape|[upkeep]
|upkeep
|turn|17
|
|t:|1758365190
|move|p1a: Cresselia|Lunar Dance|p1a: Cresselia
|faint|p1a: Cresselia
|move|p2a: Cloyster|Shell Smash|p2a: Cloyster
|-unboost|p2a: Cloyster|def|1
|-unboost|p2a: Cloyster|spd|1
|-boost|p2a: Cloyster|atk|2
|-boost|p2a: Cloyster|spa|2
|-boost|p2a: Cloyster|spe|2
|
|-weather|Snowscape|[upkeep]
|upkeep
|
|t:|1758365204
|switch|p1a: Volcanion|Volcanion|40/100
|-heal|p1a: Volcanion|100/100|[from] move: Lunar Dance
|-damage|p1a: Volcanion|75/100|[from] Stealth Rock
|turn|18
|
|t:|1758365224
|move|p1a: Volcanion|Flamethrower|p2a: Cloyster
|-damage|p2a: Cloyster|0 fnt
|faint|p2a: Cloyster
|
|-weather|none
|upkeep
|
|t:|1758365227
|switch|p2a: Polteageist|Polteageist|100/100
|turn|19
|
|t:|1758365231
|move|p1a: Volcanion|Flamethrower|p2a: Polteageist
|-damage|p2a: Polteageist|64/100
|move|p2a: Polteageist|Strength Sap|p1a: Volcanion
|-unboost|p1a: Volcanion|atk|1
|-heal|p2a: Polteageist|100/100
|
|upkeep
|turn|20
|
|t:|1758365244
|move|p1a: Volcanion|Flamethrower|p2a: Polteageist
|-damage|p2a: Polteageist|65/100
|-start|p1a: Volcanion|Disable|Flamethrower|[from] ability: Cursed Body|[of] p2a: Polteageist
|move|p2a: Polteageist|Shell Smash|p2a: Polteageist
|-unboost|p2a: Polteageist|def|1
|-unboost|p2a: Polteageist|spd|1
|-boost|p2a: Polteageist|atk|2
|-boost|p2a: Polteageist|spa|2
|-boost|p2a: Polteageist|spe|2
|-enditem|p2a: Polteageist|White Herb
|-clearnegativeboost|p2a: Polteageist|[silent]
|
|-fieldend|move: Trick Room
|upkeep
|turn|21
|
|t:|1758365265
|-terastallize|p2a: Polteageist|Fighting
|move|p2a: Polteageist|Tera Blast|p1a: Volcanion|[anim] Tera Blast Fighting
|-damage|p1a: Volcanion|0 fnt
|faint|p1a: Volcanion
|
|upkeep
|
|t:|1758365275
|switch|p1a: Hatterene|Hatterene, F|100/100
|-damage|p1a: Hatterene|88/100|[from] Stealth Rock
|turn|22
|
|t:|1758365279
|move|p2a: Polteageist|Shadow Ball|p1a: Hatterene
|-supereffective|p1a: Hatterene
|-damage|p1a: Hatterene|0 fnt
|faint|p1a: Hatterene
|
|-sideend|p2: thisisjake|move: Aurora Veil
|upkeep
|
|t:|1758365288
|switch|p1a: Porygon2|Porygon2|100/100
|-damage|p1a: Porygon2|88/100|[from] Stealth Rock
|-ability|p1a: Porygon2|Download|boost
|-boost|p1a: Porygon2|atk|1
|turn|23
|
|t:|1758365293
|move|p2a: Polteageist|Tera Blast|p1a: Porygon2|[anim] Tera Blast Fighting
|-supereffective|p1a: Porygon2
|-damage|p1a: Porygon2|0 fnt
|faint|p1a: Porygon2
|
|upkeep
|
|t:|1758365305
|switch|p1a: Ursaluna|Ursaluna, M|100/100
|-damage|p1a: Ursaluna|94/100|[from] Stealth Rock
|turn|24
|-message|six10lol forfeited.
|
|win|thisisjake
|raw|six10lol's rating: 1486 &rarr; <strong>1471</strong><br />(-15 for losing)
|raw|thisisjake's rating: 1574 &rarr; <strong>1589</strong><br />(+15 for winning)
|l|‽six10lol
|player|p1|
|l|☆thisisjake
|player|p2|
