|j|☆AI Builds
|j|☆randombananaYAY
|t:|1758260487
|gametype|singles
|player|p1|AI Builds|169|1521
|player|p2|randombananaYAY|102|1538
|gen|9
|tier|[Gen 9] OU
|rated|
|rule|HP Percentage Mod: HP is shown in percentages
|rule|Endless Battle Clause: Forcing endless battles is banned
|rule|Species Clause: Limit one of each Pokémon
|rule|OHKO Clause: OHKO moves are banned
|rule|Evasion Items Clause: Evasion items are banned
|rule|Evasion Moves Clause: Evasion moves are banned
|rule|Evasion Abilities Clause: Evasion abilities are banned
|rule|Sleep Moves Clause: Sleep-inducing moves are banned
|clearpoke
|poke|p1|Enamorus, F|
|poke|p1|Kyurem|
|poke|p1|Landorus-Therian, M|
|poke|p1|Kingambit, F|
|poke|p1|Ogerpon-Wellspring, F|
|poke|p1|Glimmora, F|
|poke|p2|Alomomola, M|
|poke|p2|Gliscor, M|
|poke|p2|Dondozo, M|
|poke|p2|Blissey, F|
|poke|p2|Toxapex, F|
|poke|p2|Clodsire, M|
|teampreview
|inactive|Battle timer is ON: inactive players will automatically lose when time's up. (requested by AI Builds)
|
|t:|1758260503
|teamsize|p1|6
|teamsize|p2|6
|start
|switch|p1a: Ogerpon|Ogerpon-Wellspring, F|100/100
|switch|p2a: Gliscor|Gliscor, M|100/100
|turn|1
|
|t:|1758260511
|move|p2a: Gliscor|Protect|p2a: Gliscor
|-singleturn|p2a: Gliscor|Protect
|move|p1a: Ogerpon|Knock Off|p2a: Gliscor
|-activate|p2a: Gliscor|move: Protect
|
|-status|p2a: Gliscor|tox|[from] item: Toxic Orb
|upkeep
|turn|2
|
|t:|1758260514
|switch|p2a: Toxapex|Toxapex, F|100/100
|move|p1a: Ogerpon|Taunt|p2a: Toxapex
|-start|p2a: Toxapex|move: Taunt
|
|upkeep
|turn|3
|inactive|randombananaYAY has 120 seconds left.
|
|t:|1758260557
|move|p1a: Ogerpon|Knock Off|p2a: Toxapex
|-damage|p2a: Toxapex|71/100
|-enditem|p2a: Toxapex|Heavy-Duty Boots|[from] move: Knock Off|[of] p1a: Ogerpon
|move|p2a: Toxapex|Infestation|p1a: Ogerpon
|-supereffective|p1a: Ogerpon
|-damage|p1a: Ogerpon|93/100
|-activate|p1a: Ogerpon|move: Infestation|[of] p2a: Toxapex
|
|-damage|p1a: Ogerpon|81/100|[from] move: Infestation|[partiallytrapped]
|upkeep
|turn|4
|
|t:|1758260564
|move|p1a: Ogerpon|Knock Off|p2a: Toxapex
|-damage|p2a: Toxapex|53/100
|move|p2a: Toxapex|Infestation|p1a: Ogerpon
|-supereffective|p1a: Ogerpon
|-damage|p1a: Ogerpon|74/100
|
|-damage|p1a: Ogerpon|62/100|[from] move: Infestation|[partiallytrapped]
|-end|p2a: Toxapex|move: Taunt
|upkeep
|turn|5
|inactive|randombananaYAY has 120 seconds left.
|
|t:|1758260570
|move|p2a: Toxapex|Baneful Bunker|p2a: Toxapex
|-singleturn|p2a: Toxapex|move: Protect
|move|p1a: Ogerpon|Taunt|p2a: Toxapex
|-activate|p2a: Toxapex|move: Protect
|
|-damage|p1a: Ogerpon|50/100|[from] move: Infestation|[partiallytrapped]
|upkeep
|turn|6
|
|t:|1758260576
|move|p1a: Ogerpon|U-turn|p2a: Toxapex
|-resisted|p2a: Toxapex
|-damage|p2a: Toxapex|42/100
|
|t:|1758260579
|switch|p1a: Landorus|Landorus-Therian, M|100/100|[from] U-turn
|-ability|p1a: Landorus|Intimidate|boost
|-unboost|p2a: Toxapex|atk|1
|move|p2a: Toxapex|Infestation|p1a: Landorus
|-resisted|p1a: Landorus
|-damage|p1a: Landorus|99/100
|-activate|p1a: Landorus|move: Infestation|[of] p2a: Toxapex
|-damage|p2a: Toxapex|25/100|[from] item: Rocky Helmet|[of] p1a: Landorus
|
|-damage|p1a: Landorus|87/100|[from] move: Infestation|[partiallytrapped]
|upkeep
|turn|7
|
|t:|1758260588
|switch|p2a: Gliscor|Gliscor, M|100/100 tox
|move|p1a: Landorus|Stealth Rock|p2a: Gliscor
|-sidestart|p2: randombananaYAY|move: Stealth Rock
|
|-end|p1a: Landorus|Infestation|[partiallytrapped]|[silent]
|upkeep
|turn|8
|
|t:|1758260595
|move|p1a: Landorus|Taunt|p2a: Gliscor
|-start|p2a: Gliscor|move: Taunt
|move|p2a: Gliscor|Knock Off|p1a: Landorus
|-damage|p1a: Landorus|64/100
|-damage|p2a: Gliscor|84/100 tox|[from] item: Rocky Helmet|[of] p1a: Landorus
|-enditem|p1a: Landorus|Rocky Helmet|[from] move: Knock Off|[of] p2a: Gliscor
|
|-heal|p2a: Gliscor|96/100 tox|[from] ability: Poison Heal
|upkeep
|turn|9
|
|t:|1758260604
|move|p1a: Landorus|U-turn|p2a: Gliscor
|-resisted|p2a: Gliscor
|-damage|p2a: Gliscor|88/100 tox
|
|t:|1758260606
|switch|p1a: Ogerpon|Ogerpon-Wellspring, F|50/100|[from] U-turn
|move|p2a: Gliscor|Knock Off|p1a: Ogerpon
|-damage|p1a: Ogerpon|29/100
|
|-heal|p2a: Gliscor|100/100 tox|[from] ability: Poison Heal
|upkeep
|turn|10
|
|t:|1758260615
|switch|p2a: Toxapex|Toxapex, F|59/100
|-damage|p2a: Toxapex|46/100|[from] Stealth Rock
|move|p1a: Ogerpon|Ivy Cudgel|p2a: Toxapex|[anim] Ivy Cudgel Water
|-resisted|p2a: Toxapex
|-damage|p2a: Toxapex|23/100
|
|upkeep
|turn|11
|
|t:|1758260633
|switch|p2a: Dondozo|Dondozo, M|100/100
|move|p1a: Ogerpon|Ivy Cudgel|p2a: Dondozo|[anim] Ivy Cudgel Water
|-resisted|p2a: Dondozo
|-damage|p2a: Dondozo|87/100
|
|upkeep
|turn|12
|
|t:|1758260638
|move|p1a: Ogerpon|Knock Off|p2a: Dondozo
|-damage|p2a: Dondozo|70/100
|-enditem|p2a: Dondozo|Heavy-Duty Boots|[from] move: Knock Off|[of] p1a: Ogerpon
|move|p2a: Dondozo|Avalanche|p1a: Ogerpon
|-damage|p1a: Ogerpon|0 fnt
|faint|p1a: Ogerpon
|
|upkeep
|
|t:|1758260645
|switch|p1a: Kyurem|Kyurem|100/100
|-ability|p1a: Kyurem|Pressure
|turn|13
|
|t:|1758260654
|switch|p2a: Blissey|Blissey, F|100/100
|move|p1a: Kyurem|Freeze-Dry|p2a: Blissey
|-damage|p2a: Blissey|89/100
|-status|p2a: Blissey|frz
|
|upkeep
|turn|14
|
|t:|1758260660
|move|p1a: Kyurem|Freeze-Dry|p2a: Blissey
|-damage|p2a: Blissey|77/100 frz
|cant|p2a: Blissey|frz
|
|upkeep
|turn|15
|
|t:|1758260665
|move|p1a: Kyurem|Freeze-Dry|p2a: Blissey
|-damage|p2a: Blissey|65/100 frz
|cant|p2a: Blissey|frz
|
|upkeep
|turn|16
|
|t:|1758260668
|move|p1a: Kyurem|Freeze-Dry|p2a: Blissey
|-damage|p2a: Blissey|52/100 frz
|-curestatus|p2a: Blissey|frz|[msg]
|move|p2a: Blissey|Stealth Rock|p1a: Kyurem
|-sidestart|p1: AI Builds|move: Stealth Rock
|
|upkeep
|turn|17
|
|t:|1758260675
|switch|p1a: Glimmora|Glimmora, F|100/100
|-damage|p1a: Glimmora|88/100|[from] Stealth Rock
|move|p2a: Blissey|Soft-Boiled|p2a: Blissey
|-heal|p2a: Blissey|100/100
|
|upkeep
|turn|18
|
|t:|1758260682
|switch|p2a: Gliscor|Gliscor, M|100/100 tox
|-damage|p2a: Gliscor|88/100 tox|[from] Stealth Rock
|move|p1a: Glimmora|Mortal Spin|p2a: Gliscor
|-resisted|p2a: Gliscor
|-damage|p2a: Gliscor|86/100 tox
|-sideend|p1: AI Builds|Stealth Rock|[from] move: Mortal Spin|[of] p1a: Glimmora
|
|-heal|p2a: Gliscor|98/100 tox|[from] ability: Poison Heal
|upkeep
|turn|19
|
|t:|1758260690
|move|p2a: Gliscor|Spikes|p1a: Glimmora
|-sidestart|p1: AI Builds|Spikes
|move|p1a: Glimmora|Spikes|p2a: Gliscor
|-sidestart|p2: randombananaYAY|Spikes
|
|-heal|p2a: Gliscor|100/100 tox|[from] ability: Poison Heal
|upkeep
|turn|20
|
|t:|1758260694
|move|p2a: Gliscor|Earthquake|p1a: Glimmora
|-supereffective|p1a: Glimmora
|-damage|p1a: Glimmora|0 fnt
|-activate|p1a: Glimmora|ability: Toxic Debris
|-sidestart|p2: randombananaYAY|move: Toxic Spikes
|faint|p1a: Glimmora
|
|upkeep
|
|t:|1758260698
|switch|p1a: Enamorus|Enamorus, F|100/100
|turn|21
|
|t:|1758260712
|switch|p2a: Clodsire|Clodsire, M|100/100
|-sideend|p2: randombananaYAY|move: Toxic Spikes|[of] p2a: Clodsire
|-terastallize|p1a: Enamorus|Stellar
|move|p1a: Enamorus|Tera Blast|p2a: Clodsire|[anim] Tera Blast Stellar
|-damage|p2a: Clodsire|75/100
|-boost|p1a: Enamorus|atk|1
|-boost|p1a: Enamorus|spa|1
|
|upkeep
|turn|22
|
|t:|1758260723
|move|p1a: Enamorus|Earth Power|p2a: Clodsire
|-supereffective|p2a: Clodsire
|-damage|p2a: Clodsire|27/100
|move|p2a: Clodsire|Amnesia|p2a: Clodsire
|-boost|p2a: Clodsire|spd|2
|
|upkeep
|turn|23
|
|t:|1758260737
|switch|p1a: Landorus|Landorus-Therian, M|64/100
|-ability|p1a: Landorus|Intimidate|boost
|-unboost|p2a: Clodsire|atk|1
|move|p2a: Clodsire|Recover|p2a: Clodsire
|-heal|p2a: Clodsire|77/100
|
|upkeep
|turn|24
|
|t:|1758260747
|switch|p2a: Alomomola|Alomomola, M|100/100
|move|p1a: Landorus|U-turn|p2a: Alomomola
|-damage|p2a: Alomomola|88/100
|
|t:|1758260750
|switch|p1a: Enamorus|Enamorus, F, tera:Stellar|100/100|[from] U-turn
|
|upkeep
|turn|25
|
|t:|1758260755
|move|p2a: Alomomola|Protect|p2a: Alomomola
|-singleturn|p2a: Alomomola|Protect
|move|p1a: Enamorus|Tera Blast|p2a: Alomomola|[anim] Tera Blast Stellar
|-activate|p2a: Alomomola|move: Protect
|
|upkeep
|turn|26
|
|t:|1758260763
|switch|p2a: Blissey|Blissey, F|100/100
|move|p1a: Enamorus|Tera Blast|p2a: Blissey|[anim] Tera Blast Stellar
|-damage|p2a: Blissey|89/100
|-boost|p1a: Enamorus|atk|1
|-boost|p1a: Enamorus|spa|1
|
|upkeep
|turn|27
|
|t:|1758260769
|move|p1a: Enamorus|Superpower|p2a: Blissey
|-supereffective|p2a: Blissey
|-damage|p2a: Blissey|0 fnt
|-boost|p1a: Enamorus|atk|1
|-boost|p1a: Enamorus|def|1
|faint|p2a: Blissey
|
|upkeep
|
|t:|1758260773
|switch|p2a: Clodsire|Clodsire, M|77/100
|turn|28
|
|t:|1758260780
|switch|p1a: Kyurem|Kyurem|100/100
|-damage|p1a: Kyurem|88/100|[from] Spikes
|-ability|p1a: Kyurem|Pressure
|move|p2a: Clodsire|Recover|p2a: Clodsire
|-heal|p2a: Clodsire|100/100
|
|upkeep
|turn|29
|
|t:|1758260784
|move|p1a: Kyurem|Freeze-Dry|p2a: Clodsire
|-supereffective|p2a: Clodsire
|-damage|p2a: Clodsire|54/100
|move|p2a: Clodsire|Bulldoze|p1a: Kyurem
|-damage|p1a: Kyurem|72/100
|-unboost|p1a: Kyurem|spe|1
|
|upkeep
|turn|30
|
|t:|1758260795
|move|p1a: Kyurem|Freeze-Dry|p2a: Clodsire
|-supereffective|p2a: Clodsire
|-damage|p2a: Clodsire|5/100
|move|p2a: Clodsire|Recover|p2a: Clodsire
|-heal|p2a: Clodsire|55/100
|
|upkeep
|turn|31
|
|t:|1758260802
|-terastallize|p2a: Clodsire|Steel
|move|p1a: Kyurem|Freeze-Dry|p2a: Clodsire
|-resisted|p2a: Clodsire
|-damage|p2a: Clodsire|44/100
|move|p2a: Clodsire|Recover|p2a: Clodsire
|-heal|p2a: Clodsire|94/100
|
|upkeep
|turn|32
|
|t:|1758260809
|switch|p1a: Landorus|Landorus-Therian, M|64/100
|-ability|p1a: Landorus|Intimidate|boost
|-unboost|p2a: Clodsire|atk|1
|move|p2a: Clodsire|Amnesia|p2a: Clodsire
|-boost|p2a: Clodsire|spd|2
|
|upkeep
|turn|33
|
|t:|1758260819
|switch|p2a: Alomomola|Alomomola, M|100/100
|move|p1a: Landorus|Taunt|p2a: Alomomola
|-start|p2a: Alomomola|move: Taunt
|
|upkeep
|turn|34
|
|t:|1758260826
|move|p1a: Landorus|U-turn|p2a: Alomomola
|-damage|p2a: Alomomola|88/100
|
|t:|1758260828
|switch|p1a: Kyurem|Kyurem|72/100|[from] U-turn
|-damage|p1a: Kyurem|60/100|[from] Spikes
|-ability|p1a: Kyurem|Pressure
|move|p2a: Alomomola|Flip Turn|p1a: Kyurem
|-resisted|p1a: Kyurem
|-damage|p1a: Kyurem|51/100
|
|t:|1758260839
|switch|p2a: Toxapex|Toxapex, F|56/100|[from] Flip Turn
|-damage|p2a: Toxapex|44/100|[from] Stealth Rock
|-damage|p2a: Toxapex|32/100|[from] Spikes
|
|upkeep
|turn|35
|
|t:|1758260847
|move|p2a: Toxapex|Baneful Bunker|p2a: Toxapex
|-singleturn|p2a: Toxapex|move: Protect
|move|p1a: Kyurem|Earth Power|p2a: Toxapex
|-activate|p2a: Toxapex|move: Protect
|
|upkeep
|turn|36
|
|t:|1758260851
|switch|p1a: Landorus|Landorus-Therian, M|64/100
|-ability|p1a: Landorus|Intimidate|boost
|-unboost|p2a: Toxapex|atk|1
|switch|p2a: Gliscor|Gliscor, M|100/100 tox
|-damage|p2a: Gliscor|88/100 tox|[from] Stealth Rock
|
|-heal|p2a: Gliscor|100/100 tox|[from] ability: Poison Heal
|upkeep
|turn|37
|
|t:|1758260862
|switch|p2a: Alomomola|Alomomola, M|100/100
|move|p1a: Landorus|Taunt|p2a: Alomomola
|-start|p2a: Alomomola|move: Taunt
|
|upkeep
|turn|38
|
|t:|1758260866
|move|p1a: Landorus|Earthquake|p2a: Alomomola
|-damage|p2a: Alomomola|74/100
|move|p2a: Alomomola|Flip Turn|p1a: Landorus
|-supereffective|p1a: Landorus
|-damage|p1a: Landorus|34/100
|
|t:|1758260871
|switch|p2a: Gliscor|Gliscor, M|100/100 tox|[from] Flip Turn
|-damage|p2a: Gliscor|88/100 tox|[from] Stealth Rock
|
|-heal|p2a: Gliscor|100/100 tox|[from] ability: Poison Heal
|upkeep
|turn|39
|
|t:|1758260879
|move|p1a: Landorus|Taunt|p2a: Gliscor
|-start|p2a: Gliscor|move: Taunt
|move|p2a: Gliscor|Knock Off|p1a: Landorus
|-damage|p1a: Landorus|20/100
|
|upkeep
|turn|40
|
|t:|1758260886
|switch|p2a: Alomomola|Alomomola, M|100/100
|move|p1a: Landorus|Earthquake|p2a: Alomomola
|-damage|p2a: Alomomola|73/100
|
|upkeep
|turn|41
|
|t:|1758260892
|move|p1a: Landorus|Taunt|p2a: Alomomola
|-start|p2a: Alomomola|move: Taunt
|move|p2a: Alomomola|Flip Turn|p1a: Landorus
|-supereffective|p1a: Landorus
|-damage|p1a: Landorus|0 fnt
|faint|p1a: Landorus
|
|t:|1758260899
|switch|p2a: Toxapex|Toxapex, F|65/100|[from] Flip Turn
|-damage|p2a: Toxapex|53/100|[from] Stealth Rock
|-damage|p2a: Toxapex|40/100|[from] Spikes
|
|upkeep
|
|t:|1758260903
|switch|p1a: Enamorus|Enamorus, F, tera:Stellar|100/100
|turn|42
|
|t:|1758260908
|move|p2a: Toxapex|Baneful Bunker|p2a: Toxapex
|-singleturn|p2a: Toxapex|move: Protect
|move|p1a: Enamorus|Earth Power|p2a: Toxapex
|-activate|p2a: Toxapex|move: Protect
|
|upkeep
|turn|43
|
|t:|1758260927
|move|p1a: Enamorus|Earth Power|p2a: Toxapex
|-supereffective|p2a: Toxapex
|-damage|p2a: Toxapex|0 fnt
|faint|p2a: Toxapex
|
|upkeep
|
|t:|1758260933
|switch|p2a: Clodsire|Clodsire, M, tera:Steel|94/100
|turn|44
|j| wgw2333
|
|t:|1758260941
|switch|p1a: Kingambit|Kingambit, F|100/100
|-activate|p1a: Kingambit|ability: Supreme Overlord
|-start|p1a: Kingambit|fallen3|[silent]
|-item|p1a: Kingambit|Air Balloon
|move|p2a: Clodsire|Amnesia|p2a: Clodsire
|-boost|p2a: Clodsire|spd|2
|
|upkeep
|turn|45
|
|t:|1758260948
|-end|p1a: Kingambit|fallen3|[silent]
|switch|p1a: Kyurem|Kyurem|51/100
|-damage|p1a: Kyurem|39/100|[from] Spikes
|-ability|p1a: Kyurem|Pressure
|switch|p2a: Alomomola|Alomomola, M|100/100
|
|upkeep
|turn|46
|
|t:|1758260951
|move|p2a: Alomomola|Protect|p2a: Alomomola
|-singleturn|p2a: Alomomola|Protect
|move|p1a: Kyurem|Freeze-Dry|p2a: Alomomola
|-activate|p2a: Alomomola|move: Protect
|
|upkeep
|turn|47
|
|t:|1758260956
|switch|p2a: Clodsire|Clodsire, M, tera:Steel|94/100
|move|p1a: Kyurem|Freeze-Dry|p2a: Clodsire
|-resisted|p2a: Clodsire
|-damage|p2a: Clodsire|82/100
|
|upkeep
|turn|48
|
|t:|1758260964
|switch|p1a: Kingambit|Kingambit, F|100/100
|-activate|p1a: Kingambit|ability: Supreme Overlord
|-start|p1a: Kingambit|fallen3|[silent]
|-item|p1a: Kingambit|Air Balloon
|move|p2a: Clodsire|Bulldoze|p1a: Kingambit
|-immune|p1a: Kingambit
|
|upkeep
|turn|49
|
|t:|1758260968
|-end|p1a: Kingambit|fallen3|[silent]
|switch|p1a: Enamorus|Enamorus, F, tera:Stellar|100/100
|switch|p2a: Alomomola|Alomomola, M|100/100
|
|upkeep
|turn|50
|
|t:|1758260980
|move|p2a: Alomomola|Protect|p2a: Alomomola
|-singleturn|p2a: Alomomola|Protect
|move|p1a: Enamorus|Tera Blast|p2a: Alomomola|[anim] Tera Blast Stellar
|-activate|p2a: Alomomola|move: Protect
|
|upkeep
|turn|51
|
|t:|1758260984
|switch|p2a: Gliscor|Gliscor, M|100/100 tox
|-damage|p2a: Gliscor|88/100 tox|[from] Stealth Rock
|move|p1a: Enamorus|Tera Blast|p2a: Gliscor|[anim] Tera Blast Stellar
|-damage|p2a: Gliscor|61/100 tox
|-boost|p1a: Enamorus|atk|1
|-boost|p1a: Enamorus|spa|1
|
|-heal|p2a: Gliscor|73/100 tox|[from] ability: Poison Heal
|upkeep
|turn|52
|
|t:|1758260989
|move|p2a: Gliscor|Protect|p2a: Gliscor
|-singleturn|p2a: Gliscor|Protect
|move|p1a: Enamorus|Moonblast|p2a: Gliscor
|-activate|p2a: Gliscor|move: Protect
|
|-heal|p2a: Gliscor|86/100 tox|[from] ability: Poison Heal
|upkeep
|turn|53
|
|t:|1758260996
|move|p1a: Enamorus|Tera Blast|p2a: Gliscor|[anim] Tera Blast Stellar
|-damage|p2a: Gliscor|39/100 tox
|-boost|p1a: Enamorus|atk|1
|-boost|p1a: Enamorus|spa|1
|move|p2a: Gliscor|Knock Off|p1a: Enamorus
|-resisted|p1a: Enamorus
|-damage|p1a: Enamorus|83/100
|-enditem|p1a: Enamorus|Heavy-Duty Boots|[from] move: Knock Off|[of] p2a: Gliscor
|
|-heal|p2a: Gliscor|51/100 tox|[from] ability: Poison Heal
|upkeep
|turn|54
|
|t:|1758261006
|move|p2a: Gliscor|Protect|p2a: Gliscor
|-singleturn|p2a: Gliscor|Protect
|move|p1a: Enamorus|Tera Blast|p2a: Gliscor|[anim] Tera Blast Stellar
|-activate|p2a: Gliscor|move: Protect
|
|-heal|p2a: Gliscor|63/100 tox|[from] ability: Poison Heal
|upkeep
|turn|55
|
|t:|1758261014
|move|p1a: Enamorus|Tera Blast|p2a: Gliscor|[anim] Tera Blast Stellar
|-damage|p2a: Gliscor|7/100 tox
|-boost|p1a: Enamorus|atk|1
|-boost|p1a: Enamorus|spa|1
|move|p2a: Gliscor|Earthquake|p1a: Enamorus
|-immune|p1a: Enamorus
|
|-heal|p2a: Gliscor|19/100 tox|[from] ability: Poison Heal
|upkeep
|turn|56
|
|t:|1758261023
|move|p2a: Gliscor|Protect|p2a: Gliscor
|-singleturn|p2a: Gliscor|Protect
|move|p1a: Enamorus|Tera Blast|p2a: Gliscor|[anim] Tera Blast Stellar
|-activate|p2a: Gliscor|move: Protect
|
|-heal|p2a: Gliscor|32/100 tox|[from] ability: Poison Heal
|upkeep
|turn|57
|
|t:|1758261033
|move|p1a: Enamorus|Tera Blast|p2a: Gliscor|[anim] Tera Blast Stellar
|-damage|p2a: Gliscor|0 fnt
|-boost|p1a: Enamorus|atk|1
|-boost|p1a: Enamorus|spa|1
|faint|p2a: Gliscor
|
|upkeep
|
|t:|1758261036
|switch|p2a: Clodsire|Clodsire, M, tera:Steel|82/100
|turn|58
|
|t:|1758261039
|move|p1a: Enamorus|Superpower|p2a: Clodsire
|-supereffective|p2a: Clodsire
|-damage|p2a: Clodsire|20/100
|-boost|p1a: Enamorus|atk|1
|-boost|p1a: Enamorus|def|1
|move|p2a: Clodsire|Amnesia|p2a: Clodsire
|-boost|p2a: Clodsire|spd|2
|
|upkeep
|turn|59
|-message|randombananaYAY forfeited.
|
|win|AI Builds
|raw|AI Builds's rating: 1521 &rarr; <strong>1542</strong><br />(+21 for winning)
|raw|randombananaYAY's rating: 1538 &rarr; <strong>1517</strong><br />(-21 for losing)
|l|☆randombananaYAY
|player|p2|
|c|☆AI Builds|stall = corny
|l|☆AI Builds
|player|p1|
