|j|☆Brainfly
|j|☆obezer
|t:|1758324206
|gametype|singles
|player|p1|Brainfly|wattson|1283
|player|p2|obezer|marshal|1329
|gen|9
|tier|[Gen 9] OU
|rated|
|rule|HP Percentage Mod: HP is shown in percentages
|rule|Endless Battle Clause: Forcing endless battles is banned
|rule|Species Clause: Limit one of each Pokémon
|rule|OHKO Clause: OHKO moves are banned
|rule|Evasion Items Clause: Evasion items are banned
|rule|Evasion Moves Clause: Evasion moves are banned
|rule|Evasion Abilities Clause: Evasion abilities are banned
|rule|Sleep Moves Clause: Sleep-inducing moves are banned
|clearpoke
|poke|p1|Rillaboom, M|
|poke|p1|Tauros-Paldea-Blaze, M|
|poke|p1|Alomomola, F|
|poke|p1|Great Tusk|
|poke|p1|Gholdengo|
|poke|p1|Tornadus-Therian, M|
|poke|p2|Milotic, F|
|poke|p2|Kleavor, F|
|poke|p2|Cramorant, M|
|poke|p2|Slowking-Galar, F|
|poke|p2|Sinistcha|
|poke|p2|Dudunsparce-*, F|
|teampreview
|inactive|Battle timer is ON: inactive players will automatically lose when time's up. (requested by obezer)
|
|t:|1758324234
|teamsize|p1|6
|teamsize|p2|6
|start
|switch|p1a: Tornadus|Tornadus-Therian, M|100/100
|switch|p2a: Kleavor|Kleavor, F|100/100
|turn|1
|
|t:|1758324248
|switch|p1a: Tauros|Tauros-Paldea-Blaze, M|100/100
|-ability|p1a: Tauros|Intimidate|boost
|-unboost|p2a: Kleavor|atk|1
|move|p2a: Kleavor|Stone Axe|p1a: Tauros
|-damage|p1a: Tauros|75/100
|-sidestart|p1: Brainfly|move: Stealth Rock
|
|-heal|p1a: Tauros|81/100|[from] item: Leftovers
|upkeep
|turn|2
|c|☆Brainfly|hf
|
|t:|1758324261
|switch|p2a: Cramorant|Cramorant, M|100/100
|move|p1a: Tauros|Will-O-Wisp|p2a: Cramorant
|-status|p2a: Cramorant|brn
|
|-heal|p1a: Tauros|87/100|[from] item: Leftovers
|-damage|p2a: Cramorant|94/100 brn|[from] brn
|upkeep
|turn|3
|
|t:|1758324270
|switch|p1a: Alomomola|Alomomola, F|100/100
|move|p2a: Cramorant|Surf|p1a: Alomomola
|-formechange|p2a: Cramorant|Cramorant-Gulping|
|-resisted|p1a: Alomomola
|-damage|p1a: Alomomola|90/100
|
|-damage|p2a: Cramorant|88/100 brn|[from] brn
|upkeep
|turn|4
|
|t:|1758324281
|move|p2a: Cramorant|Stockpile|p2a: Cramorant
|-start|p2a: Cramorant|stockpile1
|-boost|p2a: Cramorant|def|1
|-boost|p2a: Cramorant|spd|1
|move|p1a: Alomomola|Wish|p1a: Alomomola
|
|-damage|p2a: Cramorant|82/100 brn|[from] brn
|upkeep
|turn|5
|
|t:|1758324292
|move|p2a: Cramorant|Stockpile|p2a: Cramorant
|-start|p2a: Cramorant|stockpile2
|-boost|p2a: Cramorant|def|1
|-boost|p2a: Cramorant|spd|1
|move|p1a: Alomomola|Tickle|p2a: Cramorant
|-unboost|p2a: Cramorant|atk|1
|-unboost|p2a: Cramorant|def|1
|
|-heal|p1a: Alomomola|100/100|[from] move: Wish|[wisher] Alomomola
|-damage|p2a: Cramorant|76/100 brn|[from] brn
|upkeep
|turn|6
|
|t:|1758324315
|move|p2a: Cramorant|Hurricane|p1a: Alomomola
|-damage|p1a: Alomomola|75/100
|-start|p1a: Alomomola|confusion
|-activate|p1a: Alomomola|confusion
|move|p1a: Alomomola|Tickle|p2a: Cramorant
|-unboost|p2a: Cramorant|atk|1
|-unboost|p2a: Cramorant|def|1
|
|-damage|p2a: Cramorant|70/100 brn|[from] brn
|upkeep
|turn|7
|
|t:|1758324323
|move|p2a: Cramorant|Stockpile|p2a: Cramorant
|-start|p2a: Cramorant|stockpile3
|-boost|p2a: Cramorant|def|1
|-boost|p2a: Cramorant|spd|1
|-end|p1a: Alomomola|confusion
|move|p1a: Alomomola|Wish|p1a: Alomomola
|
|-damage|p2a: Cramorant|64/100 brn|[from] brn
|upkeep
|turn|8
|
|t:|1758324332
|move|p2a: Cramorant|Hurricane|p1a: Alomomola
|-damage|p1a: Alomomola|46/100
|move|p1a: Alomomola|Tickle|p2a: Cramorant
|-unboost|p2a: Cramorant|atk|1
|-unboost|p2a: Cramorant|def|1
|
|-heal|p1a: Alomomola|96/100|[from] move: Wish|[wisher] Alomomola
|-damage|p2a: Cramorant|58/100 brn|[from] brn
|upkeep
|turn|9
|
|t:|1758324341
|move|p2a: Cramorant|Hurricane|p1a: Alomomola|[miss]
|-miss|p2a: Cramorant|p1a: Alomomola
|move|p1a: Alomomola|Tickle|p2a: Cramorant
|-unboost|p2a: Cramorant|atk|1
|-unboost|p2a: Cramorant|def|1
|
|-damage|p2a: Cramorant|52/100 brn|[from] brn
|upkeep
|turn|10
|
|t:|1758324344
|move|p2a: Cramorant|Roost|p2a: Cramorant
|-heal|p2a: Cramorant|100/100 brn
|-singleturn|p2a: Cramorant|move: Roost
|move|p1a: Alomomola|Tickle|p2a: Cramorant
|-unboost|p2a: Cramorant|atk|1
|-unboost|p2a: Cramorant|def|1
|
|-damage|p2a: Cramorant|94/100 brn|[from] brn
|upkeep
|turn|11
|
|t:|1758324351
|switch|p2a: Sinistcha|Sinistcha|100/100
|move|p1a: Alomomola|Tickle|p2a: Sinistcha
|-unboost|p2a: Sinistcha|atk|1
|-unboost|p2a: Sinistcha|def|1
|
|upkeep
|turn|12
|
|t:|1758324358
|move|p2a: Sinistcha|Matcha Gotcha|p1a: Alomomola
|-supereffective|p1a: Alomomola
|-damage|p1a: Alomomola|38/100
|move|p1a: Alomomola|Flip Turn|p2a: Sinistcha
|-resisted|p2a: Sinistcha
|-damage|p2a: Sinistcha|92/100
|
|t:|1758324366
|switch|p1a: Tornadus|Tornadus-Therian, M|100/100|[from] Flip Turn
|-damage|p1a: Tornadus|76/100|[from] Stealth Rock
|
|upkeep
|turn|13
|
|t:|1758324375
|switch|p2a: Slowking|Slowking-Galar, F|100/100
|move|p1a: Tornadus|Bleakwind Storm|p2a: Slowking
|-damage|p2a: Slowking|86/100
|
|upkeep
|turn|14
|inactive|Brainfly has 120 seconds left.
|
|t:|1758324435
|move|p1a: Tornadus|Knock Off|p2a: Slowking
|-supereffective|p2a: Slowking
|-damage|p2a: Slowking|45/100
|-enditem|p2a: Slowking|Assault Vest|[from] move: Knock Off|[of] p1a: Tornadus
|move|p2a: Slowking|Future Sight|p1a: Tornadus
|-start|p2a: Slowking|move: Future Sight
|
|upkeep
|turn|15
|
|t:|1758324451
|move|p1a: Tornadus|U-turn|p2a: Slowking
|-damage|p2a: Slowking|29/100
|
|t:|1758324457
|switch|p1a: Alomomola|Alomomola, F|71/100|[from] U-turn
|move|p2a: Slowking|Flamethrower|p1a: Alomomola
|-resisted|p1a: Alomomola
|-damage|p1a: Alomomola|63/100
|
|upkeep
|turn|16
|
|t:|1758324471
|switch|p2a: Sinistcha|Sinistcha|92/100
|move|p1a: Alomomola|Protect||[still]
|-fail|p1a: Alomomola
|
|-end|p1a: Alomomola|move: Future Sight
|-damage|p1a: Alomomola|26/100
|upkeep
|turn|17
|
|t:|1758324491
|switch|p1a: Tornadus|Tornadus-Therian, M|100/100
|-damage|p1a: Tornadus|76/100|[from] Stealth Rock
|move|p2a: Sinistcha|Calm Mind|p2a: Sinistcha
|-boost|p2a: Sinistcha|spa|1
|-boost|p2a: Sinistcha|spd|1
|
|upkeep
|turn|18
|
|t:|1758324510
|-terastallize|p2a: Sinistcha|Poison
|move|p1a: Tornadus|Knock Off|p2a: Sinistcha
|-damage|p2a: Sinistcha|78/100
|-enditem|p2a: Sinistcha|Covert Cloak|[from] move: Knock Off|[of] p1a: Tornadus
|move|p2a: Sinistcha|Calm Mind|p2a: Sinistcha
|-boost|p2a: Sinistcha|spa|1
|-boost|p2a: Sinistcha|spd|1
|
|upkeep
|turn|19
|
|t:|1758324524
|move|p1a: Tornadus|U-turn|p2a: Sinistcha
|-resisted|p2a: Sinistcha
|-damage|p2a: Sinistcha|74/100
|
|t:|1758324539
|switch|p1a: Alomomola|Alomomola, F|60/100|[from] U-turn
|move|p2a: Sinistcha|Matcha Gotcha|p1a: Alomomola
|-supereffective|p1a: Alomomola
|-damage|p1a: Alomomola|0 fnt
|-heal|p2a: Sinistcha|100/100|[from] drain|[of] p1a: Alomomola
|faint|p1a: Alomomola
|
|upkeep
|inactive|Brainfly has 90 seconds left.
|inactive|Brainfly has 60 seconds left.
|
|t:|1758324590
|switch|p1a: Great Tusk|Great Tusk|100/100
|turn|20
|
|t:|1758324600
|-terastallize|p1a: Great Tusk|Ice
|move|p1a: Great Tusk|Headlong Rush|p2a: Sinistcha
|-supereffective|p2a: Sinistcha
|-damage|p2a: Sinistcha|29/100
|-unboost|p1a: Great Tusk|def|1
|-unboost|p1a: Great Tusk|spd|1
|move|p2a: Sinistcha|Strength Sap|p1a: Great Tusk
|-unboost|p1a: Great Tusk|atk|1
|-heal|p2a: Sinistcha|100/100
|
|upkeep
|turn|21
|inactive|Brainfly has 60 seconds left.
|-message|Brainfly forfeited.
|
|win|obezer
|raw|Brainfly's rating: 1283 &rarr; <strong>1261</strong><br />(-22 for losing)
|raw|obezer's rating: 1329 &rarr; <strong>1346</strong><br />(+17 for winning)
|l|☆Brainfly
|player|p1|
|l|☆obezer
|player|p2|
