|j|☆pseudosity
|j|☆catcat77
|t:|1758350364
|gametype|singles
|player|p1|pseudosity|lady-gen4|1451
|player|p2|catcat77|caitlin|1496
|gen|9
|tier|[Gen 9] OU
|rated|
|rule|HP Percentage Mod: HP is shown in percentages
|rule|Endless Battle Clause: Forcing endless battles is banned
|rule|Species Clause: Limit one of each Pokémon
|rule|OHKO Clause: OHKO moves are banned
|rule|Evasion Items Clause: Evasion items are banned
|rule|Evasion Moves Clause: Evasion moves are banned
|rule|Evasion Abilities Clause: Evasion abilities are banned
|rule|Sleep Moves Clause: Sleep-inducing moves are banned
|clearpoke
|poke|p1|Dragapult, M|
|poke|p1|Glimmora, M|
|poke|p1|Comfey, M|
|poke|p1|Kingambit, M|
|poke|p1|Ogerpon-Wellspring, F|
|poke|p1|Blaziken, M|
|poke|p2|Ogerpon-Wellspring, F|
|poke|p2|Kingambit, F|
|poke|p2|Great Tusk|
|poke|p2|Raging Bolt|
|poke|p2|Iron Crown|
|poke|p2|Zamazenta-*|
|teampreview
|inactive|Battle timer is ON: inactive players will automatically lose when time's up. (requested by pseudosity)
|inactive|pseudosity has 120 seconds left.
|
|t:|1758350419
|teamsize|p1|6
|teamsize|p2|6
|start
|switch|p1a: Blaziken|Blaziken, M, shiny|100/100
|switch|p2a: Iron Crown|Iron Crown|100/100
|turn|1
|
|t:|1758350439
|move|p1a: Blaziken|Protect|p1a: Blaziken
|-singleturn|p1a: Blaziken|Protect
|move|p2a: Iron Crown|Psychic|p1a: Blaziken
|-activate|p1a: Blaziken|move: Protect
|
|-ability|p1a: Blaziken|Speed Boost|boost
|-boost|p1a: Blaziken|spe|1
|upkeep
|turn|2
|inactive|pseudosity has 120 seconds left.
|
|t:|1758350473
|-end|p2a: Iron Crown|Quark Drive|[silent]
|switch|p2a: Zamazenta|Zamazenta|100/100
|-ability|p2a: Zamazenta|Dauntless Shield|boost
|-boost|p2a: Zamazenta|def|1
|move|p1a: Blaziken|Knock Off|p2a: Zamazenta
|-resisted|p2a: Zamazenta
|-damage|p2a: Zamazenta|92/100
|-damage|p1a: Blaziken|84/100|[from] item: Rocky Helmet|[of] p2a: Zamazenta
|-enditem|p2a: Zamazenta|Rocky Helmet|[from] move: Knock Off|[of] p1a: Blaziken
|-damage|p1a: Blaziken|74/100|[from] item: Life Orb
|
|-ability|p1a: Blaziken|Speed Boost|boost
|-boost|p1a: Blaziken|spe|1
|upkeep
|turn|3
|
|t:|1758350481
|move|p1a: Blaziken|Protect|p1a: Blaziken
|-singleturn|p1a: Blaziken|Protect
|move|p2a: Zamazenta|Body Press|p1a: Blaziken
|-activate|p1a: Blaziken|move: Protect
|
|-ability|p1a: Blaziken|Speed Boost|boost
|-boost|p1a: Blaziken|spe|1
|upkeep
|turn|4
|
|t:|1758350491
|move|p1a: Blaziken|Flare Blitz|p2a: Zamazenta
|-damage|p2a: Zamazenta|60/100
|-damage|p1a: Blaziken|61/100|[from] Recoil
|-damage|p1a: Blaziken|51/100|[from] item: Life Orb
|move|p2a: Zamazenta|Body Press|p1a: Blaziken
|-damage|p1a: Blaziken|0 fnt
|faint|p1a: Blaziken
|
|upkeep
|inactive|pseudosity has 120 seconds left.
|
|t:|1758350507
|switch|p1a: Comfey|Comfey, M, shiny|100/100
|turn|5
|inactive|pseudosity has 120 seconds left.
|
|t:|1758350516
|switch|p2a: Iron Crown|Iron Crown|100/100
|move|p1a: Comfey|Substitute|p1a: Comfey
|-start|p1a: Comfey|Substitute
|-damage|p1a: Comfey|76/100
|
|upkeep
|turn|6
|
|t:|1758350520
|move|p2a: Iron Crown|Tachyon Cutter|p1a: Comfey
|-supereffective|p1a: Comfey
|-end|p1a: Comfey|Substitute
|-supereffective|p1a: Comfey
|-damage|p1a: Comfey|0 fnt
|faint|p1a: Comfey
|-hitcount|p1: Comfey|2
|
|upkeep
|
|t:|1758350528
|switch|p1a: Ogerpon|Ogerpon-Wellspring, F|100/100
|turn|7
|
|t:|1758350538
|-end|p2a: Iron Crown|Quark Drive|[silent]
|switch|p2a: Zamazenta|Zamazenta|60/100
|move|p1a: Ogerpon|Ivy Cudgel|p2a: Zamazenta|[anim] Ivy Cudgel Water
|-damage|p2a: Zamazenta|27/100
|
|upkeep
|turn|8
|
|t:|1758350543
|move|p1a: Ogerpon|Ivy Cudgel|p2a: Zamazenta|[anim] Ivy Cudgel Water
|-damage|p2a: Zamazenta|0 fnt
|faint|p2a: Zamazenta
|
|upkeep
|
|t:|1758350548
|switch|p2a: Raging Bolt|Raging Bolt|100/100
|turn|9
|
|t:|1758350558
|move|p1a: Ogerpon|U-turn|p2a: Raging Bolt
|-damage|p2a: Raging Bolt|77/100
|
|t:|1758350561
|switch|p1a: Kingambit|Kingambit, M, shiny|100/100|[from] U-turn
|-activate|p1a: Kingambit|ability: Supreme Overlord
|-start|p1a: Kingambit|fallen2|[silent]
|move|p2a: Raging Bolt|Thunderbolt|p1a: Kingambit
|-damage|p1a: Kingambit|51/100
|
|-heal|p2a: Raging Bolt|84/100|[from] item: Leftovers
|-heal|p1a: Kingambit|58/100|[from] item: Leftovers
|upkeep
|turn|10
|
|t:|1758350571
|move|p2a: Raging Bolt|Thunderbolt|p1a: Kingambit
|-damage|p1a: Kingambit|9/100
|move|p1a: Kingambit|Kowtow Cleave|p2a: Raging Bolt
|-damage|p2a: Raging Bolt|38/100
|
|-heal|p2a: Raging Bolt|44/100|[from] item: Leftovers
|-heal|p1a: Kingambit|15/100|[from] item: Leftovers
|upkeep
|turn|11
|
|t:|1758350580
|move|p2a: Raging Bolt|Thunderclap|p1a: Kingambit
|-damage|p1a: Kingambit|0 fnt
|faint|p1a: Kingambit
|-end|p1a: Kingambit|fallen2|[silent]
|
|-heal|p2a: Raging Bolt|50/100|[from] item: Leftovers
|upkeep
|
|t:|1758350583
|switch|p1a: Glimmora|Glimmora, M, shiny|100/100
|turn|12
|
|t:|1758350590
|move|p1a: Glimmora|Earth Power|p2a: Raging Bolt
|-supereffective|p2a: Raging Bolt
|-damage|p2a: Raging Bolt|5/100
|move|p2a: Raging Bolt|Thunderbolt|p1a: Glimmora
|-damage|p1a: Glimmora|45/100
|-enditem|p1a: Glimmora|Red Card|[of] p2a: Raging Bolt
|-end|p2a: Raging Bolt|Protosynthesis|[silent]
|drag|p2a: Great Tusk|Great Tusk|100/100
|
|upkeep
|turn|13
|
|t:|1758350598
|switch|p1a: Ogerpon|Ogerpon-Wellspring, F|100/100
|move|p2a: Great Tusk|Headlong Rush|p1a: Ogerpon
|-resisted|p1a: Ogerpon
|-damage|p1a: Ogerpon|60/100
|-unboost|p2a: Great Tusk|def|1
|-unboost|p2a: Great Tusk|spd|1
|
|upkeep
|turn|14
|
|t:|1758350606
|-end|p2a: Great Tusk|Protosynthesis|[silent]
|switch|p2a: Raging Bolt|Raging Bolt|5/100
|move|p1a: Ogerpon|U-turn|p2a: Raging Bolt
|-damage|p2a: Raging Bolt|0 fnt
|faint|p2a: Raging Bolt
|-end|p2a: Raging Bolt|Protosynthesis|[silent]
|
|t:|1758350609
|switch|p1a: Glimmora|Glimmora, M, shiny|45/100|[from] U-turn
|
|upkeep
|
|t:|1758350613
|switch|p2a: Iron Crown|Iron Crown|100/100
|turn|15
|
|t:|1758350620
|move|p2a: Iron Crown|Tachyon Cutter|p1a: Glimmora
|-supereffective|p1a: Glimmora
|-damage|p1a: Glimmora|0 fnt
|faint|p1a: Glimmora
|-hitcount|p1: Glimmora|1
|
|upkeep
|
|t:|1758350625
|switch|p1a: Ogerpon|Ogerpon-Wellspring, F|60/100
|turn|16
|
|t:|1758350629
|move|p1a: Ogerpon|U-turn|p2a: Iron Crown
|-damage|p2a: Iron Crown|71/100
|
|t:|1758350632
|switch|p1a: Dragapult|Dragapult, M, shiny|100/100|[from] U-turn
|move|p2a: Iron Crown|Tachyon Cutter|p1a: Dragapult
|-damage|p1a: Dragapult|39/100
|-damage|p1a: Dragapult|0 fnt
|faint|p1a: Dragapult
|-hitcount|p1: Dragapult|2
|
|upkeep
|
|t:|1758350637
|switch|p1a: Ogerpon|Ogerpon-Wellspring, F|60/100
|turn|17
|
|t:|1758350645
|move|p1a: Ogerpon|Ivy Cudgel|p2a: Iron Crown|[anim] Ivy Cudgel Water
|-damage|p2a: Iron Crown|4/100
|move|p2a: Iron Crown|Tachyon Cutter|p1a: Ogerpon
|-resisted|p1a: Ogerpon
|-damage|p1a: Ogerpon|37/100
|-resisted|p1a: Ogerpon
|-damage|p1a: Ogerpon|14/100
|-hitcount|p1a: Ogerpon|2
|
|upkeep
|turn|18
|
|t:|1758350650
|move|p1a: Ogerpon|U-turn|p2a: Iron Crown
|-damage|p2a: Iron Crown|0 fnt
|faint|p2a: Iron Crown
|-end|p2a: Iron Crown|Quark Drive|[silent]
|
|upkeep
|
|t:|1758350654
|switch|p2a: Ogerpon|Ogerpon-Wellspring, F|100/100
|turn|19
|
|t:|1758350659
|-terastallize|p1a: Ogerpon|Water
|detailschange|p1a: Ogerpon|Ogerpon-Wellspring-Tera, F, tera:Water
|-ability|p1a: Ogerpon|Embody Aspect (Wellspring)|boost
|-boost|p1a: Ogerpon|spd|1
|move|p2a: Ogerpon|Horn Leech|p1a: Ogerpon
|-supereffective|p1a: Ogerpon
|-damage|p1a: Ogerpon|0 fnt
|faint|p1a: Ogerpon
|detailschange|p1: Ogerpon|Ogerpon-Wellspring, F|[silent]
|
|win|catcat77
|raw|pseudosity's rating: 1451 &rarr; <strong>1434</strong><br />(-17 for losing)
|raw|catcat77's rating: 1496 &rarr; <strong>1513</strong><br />(+17 for winning)
|l|☆catcat77
|player|p2|
|l|☆pseudosity
|player|p1|
