|j|☆irobutz
|j|☆BcorneliaW
|t:|1758307155
|gametype|singles
|player|p1|irobutz|102|1470
|player|p2|BcorneliaW|1|1461
|gen|9
|tier|[Gen 9] OU
|rated|
|rule|HP Percentage Mod: HP is shown in percentages
|rule|Endless Battle Clause: Forcing endless battles is banned
|rule|Species Clause: Limit one of each Pokémon
|rule|OHKO Clause: OHKO moves are banned
|rule|Evasion Items Clause: Evasion items are banned
|rule|Evasion Moves Clause: Evasion moves are banned
|rule|Evasion Abilities Clause: Evasion abilities are banned
|rule|Sleep Moves Clause: Sleep-inducing moves are banned
|clearpoke
|poke|p1|Thundurus-Therian, M|
|poke|p1|Samurott-Hisui, M|
|poke|p1|Great Tusk|
|poke|p1|Pecharunt|
|poke|p1|Heatran, F|
|poke|p1|Rillaboom, F|
|poke|p2|Eelektross, M|
|poke|p2|Klefki, M|
|poke|p2|Hatterene, F|
|poke|p2|Landorus-Therian, M|
|poke|p2|Pecharunt|
|poke|p2|Iron Moth|
|teampreview
|inactive|Battle timer is ON: inactive players will automatically lose when time's up. (requested by irobutz)
|
|t:|1758307185
|teamsize|p1|6
|teamsize|p2|6
|start
|switch|p1a: Heatran|Heatran, F, shiny|100/100
|switch|p2a: Klefki|Klefki, M|100/100
|turn|1
|
|t:|1758307190
|move|p2a: Klefki|Light Screen|p2a: Klefki
|-sidestart|p2: BcorneliaW|move: Light Screen
|move|p1a: Heatran|Stealth Rock|p2a: Klefki
|-sidestart|p2: BcorneliaW|move: Stealth Rock
|
|upkeep
|turn|2
|
|t:|1758307193
|move|p2a: Klefki|Spikes|p1a: Heatran
|-sidestart|p1: irobutz|Spikes
|move|p1a: Heatran|Lava Plume|p2a: Klefki
|-supereffective|p2a: Klefki
|-damage|p2a: Klefki|60/100
|
|upkeep
|turn|3
|
|t:|1758307198
|move|p2a: Klefki|Spikes|p1a: Heatran
|-sidestart|p1: irobutz|Spikes
|move|p1a: Heatran|Lava Plume|p2a: Klefki
|-supereffective|p2a: Klefki
|-damage|p2a: Klefki|16/100
|
|upkeep
|turn|4
|
|t:|1758307201
|move|p2a: Klefki|Spikes|p1a: Heatran
|-sidestart|p1: irobutz|Spikes
|move|p1a: Heatran|Lava Plume|p2a: Klefki
|-supereffective|p2a: Klefki
|-damage|p2a: Klefki|0 fnt
|faint|p2a: Klefki
|
|upkeep
|
|t:|1758307206
|switch|p2a: Eelektross|Eelektross, M|100/100
|-damage|p2a: Eelektross|88/100|[from] Stealth Rock
|turn|5
|
|t:|1758307229
|switch|p1a: Thundurus|Thundurus-Therian, M, shiny|100/100
|move|p2a: Eelektross|Coil|p2a: Eelektross
|-boost|p2a: Eelektross|atk|1
|-boost|p2a: Eelektross|def|1
|-boost|p2a: Eelektross|accuracy|1
|
|-heal|p2a: Eelektross|94/100|[from] item: Leftovers
|upkeep
|turn|6
|inactive|irobutz has 120 seconds left.
|
|t:|1758307256
|move|p1a: Thundurus|Volt Switch|p2a: Eelektross
|-resisted|p2a: Eelektross
|-damage|p2a: Eelektross|84/100
|
|t:|1758307261
|switch|p1a: Great Tusk|Great Tusk, shiny|100/100|[from] Volt Switch
|-damage|p1a: Great Tusk|76/100|[from] Spikes
|move|p2a: Eelektross|Coil|p2a: Eelektross
|-boost|p2a: Eelektross|atk|1
|-boost|p2a: Eelektross|def|1
|-boost|p2a: Eelektross|accuracy|1
|
|-heal|p1a: Great Tusk|82/100|[from] item: Leftovers
|-heal|p2a: Eelektross|90/100|[from] item: Leftovers
|upkeep
|turn|7
|
|t:|1758307270
|move|p1a: Great Tusk|Rapid Spin|p2a: Eelektross
|-damage|p2a: Eelektross|81/100
|-boost|p1a: Great Tusk|spe|1
|-sideend|p1: irobutz|Spikes|[from] move: Rapid Spin|[of] p1a: Great Tusk
|move|p2a: Eelektross|Drain Punch|p1a: Great Tusk
|-damage|p1a: Great Tusk|42/100
|-heal|p2a: Eelektross|100/100|[from] drain|[of] p1a: Great Tusk
|
|-heal|p1a: Great Tusk|48/100|[from] item: Leftovers
|upkeep
|turn|8
|
|t:|1758307278
|-end|p1a: Great Tusk|Protosynthesis|[silent]
|switch|p1a: Pecharunt|Pecharunt|100/100
|move|p2a: Eelektross|Coil|p2a: Eelektross
|-boost|p2a: Eelektross|atk|1
|-boost|p2a: Eelektross|def|1
|-boost|p2a: Eelektross|accuracy|1
|
|-sideend|p2: BcorneliaW|move: Light Screen
|upkeep
|turn|9
|
|t:|1758307288
|move|p1a: Pecharunt|Malignant Chain|p2a: Eelektross
|-damage|p2a: Eelektross|71/100
|-status|p2a: Eelektross|tox
|-start|p2a: Eelektross|confusion|[from] ability: Poison Puppeteer|[of] p1a: Pecharunt
|-activate|p2a: Eelektross|confusion
|move|p2a: Eelektross|Knock Off|p1a: Pecharunt
|-supereffective|p1a: Pecharunt
|-damage|p1a: Pecharunt|28/100
|-damage|p2a: Eelektross|54/100 tox|[from] item: Rocky Helmet|[of] p1a: Pecharunt
|-enditem|p1a: Pecharunt|Rocky Helmet|[from] move: Knock Off|[of] p2a: Eelektross
|
|-heal|p2a: Eelektross|60/100 tox|[from] item: Leftovers
|-damage|p2a: Eelektross|54/100 tox|[from] psn
|upkeep
|turn|10
|
|t:|1758307300
|move|p1a: Pecharunt|Recover|p1a: Pecharunt
|-heal|p1a: Pecharunt|78/100
|-activate|p2a: Eelektross|confusion
|-damage|p2a: Eelektross|40/100 tox|[from] confusion
|
|-heal|p2a: Eelektross|46/100 tox|[from] item: Leftovers
|-damage|p2a: Eelektross|34/100 tox|[from] psn
|upkeep
|turn|11
|
|t:|1758307305
|switch|p2a: Landorus|Landorus-Therian, M|100/100
|-damage|p2a: Landorus|88/100|[from] Stealth Rock
|-ability|p2a: Landorus|Intimidate|boost
|-unboost|p1a: Pecharunt|atk|1
|move|p1a: Pecharunt|Foul Play|p2a: Landorus
|-damage|p2a: Landorus|41/100
|
|-heal|p2a: Landorus|48/100|[from] item: Leftovers
|upkeep
|turn|12
|-message|BcorneliaW forfeited.
|
|win|irobutz
|raw|irobutz's rating: 1470 &rarr; <strong>1489</strong><br />(+19 for winning)
|raw|BcorneliaW's rating: 1461 &rarr; <strong>1442</strong><br />(-19 for losing)
|l|☆BcorneliaW
|player|p2|
|l|☆irobutz
|player|p1|
