|j|☆chigiri22
|j|☆dimontes
|t:|1758312270
|gametype|singles
|player|p1|chigiri22|1|1069
|player|p2|dimontes|169|1090
|gen|9
|tier|[Gen 9] OU
|rated|
|rule|HP Percentage Mod: HP is shown in percentages
|rule|Endless Battle Clause: Forcing endless battles is banned
|rule|Species Clause: Limit one of each Pokémon
|rule|OHKO Clause: OHKO moves are banned
|rule|Evasion Items Clause: Evasion items are banned
|rule|Evasion Moves Clause: Evasion moves are banned
|rule|Evasion Abilities Clause: Evasion abilities are banned
|rule|Sleep Moves Clause: Sleep-inducing moves are banned
|clearpoke
|poke|p1|Latias, F|
|poke|p1|Iron Crown|
|poke|p1|Metagross|
|poke|p1|Veluza, M|
|poke|p1|Bruxish, F|
|poke|p1|Indeedee, M|
|poke|p2|Vileplume, F|
|poke|p2|Infernape, M|
|poke|p2|Garchomp, M|
|poke|p2|Espeon, M|
|poke|p2|Spiritomb, M|
|poke|p2|Gliscor, M|
|teampreview
|
|t:|1758312285
|teamsize|p1|6
|teamsize|p2|6
|start
|switch|p1a: Indeedee|Indeedee, M|100/100
|switch|p2a: Gliscor|Gliscor, M, shiny|100/100
|-fieldstart|move: Psychic Terrain|[from] ability: Psychic Surge|[of] p1a: Indeedee
|turn|1
|
|t:|1758312306
|switch|p1a: Veluza|Veluza, M|100/100
|move|p2a: Gliscor|Knock Off|p1a: Veluza
|-supereffective|p1a: Veluza
|-damage|p1a: Veluza|41/100
|-enditem|p1a: Veluza|Sitrus Berry|[from] move: Knock Off|[of] p2a: Gliscor
|
|-status|p2a: Gliscor|tox|[from] item: Toxic Orb
|upkeep
|turn|2
|
|t:|1758312318
|switch|p2a: Vileplume|Vileplume, F, shiny|100/100
|move|p1a: Veluza|Psycho Cut|p2a: Vileplume
|-supereffective|p2a: Vileplume
|-damage|p2a: Vileplume|0 fnt
|faint|p2a: Vileplume
|
|upkeep
|
|t:|1758312326
|switch|p2a: Spiritomb|Spiritomb, M, shiny|100/100
|-ability|p2a: Spiritomb|Pressure
|turn|3
|
|t:|1758312333
|move|p2a: Spiritomb|Sucker Punch|p1a: Veluza
|-activate|p1a: Veluza|move: Psychic Terrain
|move|p1a: Veluza|Aqua Cutter|p2a: Spiritomb
|-damage|p2a: Spiritomb|47/100
|
|-heal|p2a: Spiritomb|53/100|[from] item: Leftovers
|upkeep
|turn|4
|
|t:|1758312342
|move|p1a: Veluza|Aqua Cutter|p2a: Spiritomb
|-damage|p2a: Spiritomb|0 fnt
|faint|p2a: Spiritomb
|
|upkeep
|
|t:|1758312358
|switch|p2a: Infernape|Infernape, M, shiny|100/100
|turn|5
|
|t:|1758312367
|move|p2a: Infernape|Thunder Punch|p1a: Veluza
|-supereffective|p1a: Veluza
|-damage|p1a: Veluza|0 fnt
|faint|p1a: Veluza
|
|upkeep
|
|t:|1758312386
|switch|p1a: Bruxish|Bruxish, F|100/100
|turn|6
|
|t:|1758312396
|-terastallize|p2a: Infernape|Psychic
|move|p1a: Bruxish|Psychic Fangs|p2a: Infernape
|-resisted|p2a: Infernape
|-damage|p2a: Infernape|38/100
|move|p2a: Infernape|Thunder Punch|p1a: Bruxish
|-supereffective|p1a: Bruxish
|-damage|p1a: Bruxish|7/100
|
|upkeep
|turn|7
|
|t:|1758312407
|switch|p2a: Gliscor|Gliscor, M, shiny|100/100 tox
|move|p1a: Bruxish|Psychic Fangs|p2a: Gliscor
|-damage|p2a: Gliscor|39/100 tox
|
|-heal|p2a: Gliscor|52/100 tox|[from] ability: Poison Heal
|upkeep
|turn|8
|
|t:|1758312416
|move|p1a: Bruxish|Psychic Fangs|p2a: Gliscor
|-damage|p2a: Gliscor|0 fnt
|faint|p2a: Gliscor
|
|-fieldend|move: Psychic Terrain
|upkeep
|
|t:|1758312424
|switch|p2a: Espeon|Espeon, M|100/100
|turn|9
|
|t:|1758312433
|switch|p1a: Indeedee|Indeedee, M|100/100
|-fieldstart|move: Psychic Terrain|[from] ability: Psychic Surge|[of] p1a: Indeedee
|move|p2a: Espeon|Shadow Ball|p1a: Indeedee
|-immune|p1a: Indeedee
|
|upkeep
|turn|10
|
|t:|1758312442
|switch|p2a: Garchomp|Garchomp, M, shiny|100/100
|move|p1a: Indeedee|Hyper Voice|p2a: Garchomp
|-damage|p2a: Garchomp|58/100
|
|upkeep
|turn|11
|
|t:|1758312456
|move|p1a: Indeedee|Expanding Force|p2a: Garchomp
|-damage|p2a: Garchomp|0 fnt
|faint|p2a: Garchomp
|
|upkeep
|
|t:|1758312462
|switch|p2a: Espeon|Espeon, M|100/100
|turn|12
|
|t:|1758312468
|move|p2a: Espeon|Power Gem|p1a: Indeedee
|-damage|p1a: Indeedee|36/100
|move|p1a: Indeedee|Hyper Voice|p2a: Espeon
|-damage|p2a: Espeon|46/100
|
|upkeep
|turn|13
|
|t:|1758312474
|move|p2a: Espeon|Power Gem|p1a: Indeedee
|-damage|p1a: Indeedee|0 fnt
|faint|p1a: Indeedee
|
|upkeep
|
|t:|1758312477
|switch|p1a: Bruxish|Bruxish, F|7/100
|turn|14
|
|t:|1758312482
|move|p1a: Bruxish|Crunch|p2a: Espeon
|-supereffective|p2a: Espeon
|-damage|p2a: Espeon|0 fnt
|faint|p2a: Espeon
|
|upkeep
|
|t:|1758312487
|switch|p2a: Infernape|Infernape, M, shiny, tera:Psychic|38/100
|turn|15
|
|t:|1758312491
|move|p1a: Bruxish|Crunch|p2a: Infernape
|-supereffective|p2a: Infernape
|-damage|p2a: Infernape|0 fnt
|faint|p2a: Infernape
|
|win|chigiri22
|raw|chigiri22's rating: 1069 &rarr; <strong>1100</strong><br />(+31 for winning)
|raw|dimontes's rating: 1090 &rarr; <strong>1065</strong><br />(-25 for losing)
|l|☆chigiri22
|player|p1|
