|j|☆Hi fren hf
|j|☆djamao
|t:|1758308421
|gametype|singles
|player|p1|Hi fren hf|169|1497
|player|p2|djamao|101|1506
|gen|9
|tier|[Gen 9] OU
|rated|
|rule|HP Percentage Mod: HP is shown in percentages
|rule|Endless Battle Clause: Forcing endless battles is banned
|rule|Species Clause: Limit one of each Pokémon
|rule|OHKO Clause: OHKO moves are banned
|rule|Evasion Items Clause: Evasion items are banned
|rule|Evasion Moves Clause: Evasion moves are banned
|rule|Evasion Abilities Clause: Evasion abilities are banned
|rule|Sleep Moves Clause: Sleep-inducing moves are banned
|clearpoke
|poke|p1|Venusaur, M|
|poke|p1|Greninja-*, M|
|poke|p1|Zamazenta-*|
|poke|p1|Gholdengo|
|poke|p1|Iron Treads|
|poke|p1|Ting-Lu|
|poke|p2|Garchomp, M|
|poke|p2|Alomomola, M|
|poke|p2|Slowking-Galar, M|
|poke|p2|Ogerpon-Wellspring, F|
|poke|p2|Corviknight, F|
|poke|p2|Ditto|
|teampreview
|inactive|Battle timer is ON: inactive players will automatically lose when time's up. (requested by djamao)
|
|t:|1758308430
|teamsize|p1|6
|teamsize|p2|6
|start
|switch|p1a: Gholdengo|Gholdengo|100/100
|switch|p2a: Garchomp|Garchomp, M|100/100
|turn|1
|
|t:|1758308445
|-terastallize|p2a: Garchomp|Ground
|move|p2a: Garchomp|Earthquake|p1a: Gholdengo
|-supereffective|p1a: Gholdengo
|-damage|p1a: Gholdengo|0 fnt
|faint|p1a: Gholdengo
|
|upkeep
|
|t:|1758308451
|switch|p1a: Ting-Lu|Ting-Lu|100/100
|-ability|p1a: Ting-Lu|Vessel of Ruin
|turn|2
|
|t:|1758308456
|move|p2a: Garchomp|Earthquake|p1a: Ting-Lu
|-damage|p1a: Ting-Lu|63/100
|move|p1a: Ting-Lu|Stealth Rock|p2a: Garchomp
|-sidestart|p2: djamao|move: Stealth Rock
|
|-heal|p1a: Ting-Lu|69/100|[from] item: Leftovers
|upkeep
|turn|3
|
|t:|1758308463
|move|p2a: Garchomp|Earthquake|p1a: Ting-Lu
|-crit|p1a: Ting-Lu
|-damage|p1a: Ting-Lu|9/100
|move|p1a: Ting-Lu|Ruination|p2a: Garchomp
|-damage|p2a: Garchomp|51/100
|
|-heal|p1a: Ting-Lu|15/100|[from] item: Leftovers
|upkeep
|turn|4
|
|t:|1758308472
|move|p2a: Garchomp|Earthquake|p1a: Ting-Lu
|-damage|p1a: Ting-Lu|0 fnt
|faint|p1a: Ting-Lu
|
|upkeep
|
|t:|1758308478
|switch|p1a: Zamazenta|Zamazenta|100/100
|-ability|p1a: Zamazenta|Dauntless Shield|boost
|-boost|p1a: Zamazenta|def|1
|turn|5
|
|t:|1758308484
|switch|p2a: Slowking|Slowking-Galar, M|100/100
|move|p1a: Zamazenta|Iron Defense|p1a: Zamazenta
|-boost|p1a: Zamazenta|def|2
|
|upkeep
|turn|6
|
|t:|1758308493
|switch|p1a: Greninja|Greninja, M|100/100
|move|p2a: Slowking|Future Sight|p1a: Greninja
|-start|p2a: Slowking|move: Future Sight
|
|upkeep
|turn|7
|
|t:|1758308510
|move|p1a: Greninja|Dark Pulse|p2a: Slowking
|-supereffective|p2a: Slowking
|-damage|p2a: Slowking|42/100
|-damage|p1a: Greninja|91/100|[from] item: Life Orb
|cant|p2a: Slowking|flinch
|
|upkeep
|turn|8
|inactive|djamao has 120 seconds left.
|
|t:|1758308564
|switch|p2a: Ditto|Ditto|100/100
|-damage|p2a: Ditto|88/100|[from] Stealth Rock
|-transform|p2a: Ditto|p1a: Greninja|[from] ability: Imposter
|move|p1a: Greninja|Dark Pulse|p2a: Ditto
|-resisted|p2a: Ditto
|-damage|p2a: Ditto|48/100
|-damage|p1a: Greninja|81/100|[from] item: Life Orb
|
|-end|p1a: Greninja|move: Future Sight
|-immune|p1a: Greninja
|upkeep
|turn|9
|inactive|djamao has 90 seconds left.
|
|t:|1758308588
|switch|p2a: Alomomola|Alomomola, M|100/100
|move|p1a: Greninja|Gunk Shot|p2a: Alomomola
|-damage|p2a: Alomomola|83/100
|-status|p2a: Alomomola|psn
|-damage|p1a: Greninja|71/100|[from] item: Life Orb
|
|-damage|p2a: Alomomola|70/100 psn|[from] psn
|upkeep
|turn|10
|inactive|djamao has 90 seconds left.
|
|t:|1758308607
|move|p1a: Greninja|Dark Pulse|p2a: Alomomola
|-damage|p2a: Alomomola|11/100 psn
|-damage|p1a: Greninja|61/100|[from] item: Life Orb
|move|p2a: Alomomola|Flip Turn|p1a: Greninja
|-resisted|p1a: Greninja
|-damage|p1a: Greninja|50/100
|
|t:|1758308618
|switch|p2a: Garchomp|Garchomp, M, tera:Ground|51/100|[from] Flip Turn
|-damage|p2a: Garchomp|44/100|[from] Stealth Rock
|
|upkeep
|turn|11
|
|t:|1758308623
|move|p1a: Greninja|Water Shuriken|p2a: Garchomp
|-supereffective|p2a: Garchomp
|-damage|p2a: Garchomp|23/100
|-supereffective|p2a: Garchomp
|-damage|p2a: Garchomp|3/100
|-supereffective|p2a: Garchomp
|-damage|p2a: Garchomp|0 fnt
|faint|p2a: Garchomp
|-ability|p1a: Greninja|Battle Bond|boost
|-boost|p1a: Greninja|atk|1
|-boost|p1a: Greninja|spa|1
|-boost|p1a: Greninja|spe|1
|-activate|p1a: Greninja|ability: Battle Bond
|-hitcount|p2: Garchomp|3
|-damage|p1a: Greninja|40/100|[from] item: Life Orb
|
|upkeep
|
|t:|1758308637
|switch|p2a: Ditto|Ditto|48/100
|-damage|p2a: Ditto|36/100|[from] Stealth Rock
|-transform|p2a: Ditto|p1a: Greninja|[from] ability: Imposter
|turn|12
|
|t:|1758308655
|move|p2a: Ditto|Water Shuriken|p1a: Greninja
|-resisted|p1a: Greninja
|-damage|p1a: Greninja|31/100
|-resisted|p1a: Greninja
|-damage|p1a: Greninja|22/100
|-hitcount|p1a: Greninja|2
|move|p1a: Greninja|Water Shuriken|p2a: Ditto
|-resisted|p2a: Ditto
|-damage|p2a: Ditto|24/100
|-resisted|p2a: Ditto
|-damage|p2a: Ditto|13/100
|-resisted|p2a: Ditto
|-damage|p2a: Ditto|3/100
|-resisted|p2a: Ditto
|-damage|p2a: Ditto|0 fnt
|faint|p2a: Ditto
|-hitcount|p2: Ditto|4
|-damage|p1a: Greninja|12/100|[from] item: Life Orb
|
|upkeep
|-message|djamao forfeited.
|
|win|Hi fren hf
|raw|Hi fren hf's rating: 1497 &rarr; <strong>1518</strong><br />(+21 for winning)
|raw|djamao's rating: 1506 &rarr; <strong>1485</strong><br />(-21 for losing)
|l|☆djamao
|player|p2|
|l|☆Hi fren hf
|player|p1|
