|j|☆sumixalot
|j|☆Allheckers
|t:|1758272832
|gametype|singles
|player|p1|sumixalot|colress|1124
|player|p2|Allheckers|102|1184
|gen|9
|tier|[Gen 9] OU
|rated|
|rule|HP Percentage Mod: HP is shown in percentages
|rule|Endless Battle Clause: Forcing endless battles is banned
|rule|Species Clause: Limit one of each Pokémon
|rule|OHKO Clause: OHKO moves are banned
|rule|Evasion Items Clause: Evasion items are banned
|rule|Evasion Moves Clause: Evasion moves are banned
|rule|Evasion Abilities Clause: Evasion abilities are banned
|rule|Sleep Moves Clause: Sleep-inducing moves are banned
|clearpoke
|poke|p1|Deoxys-Speed|
|poke|p1|Dragonite, M|
|poke|p1|Darkrai|
|poke|p1|Iron Moth|
|poke|p1|Scizor, F|
|poke|p1|Great Tusk|
|poke|p2|Entei|
|poke|p2|Dragapult, M|
|poke|p2|Scizor, F|
|poke|p2|Glimmora, M|
|poke|p2|Zapdos|
|poke|p2|Ogerpon-Cornerstone, F|
|teampreview
|
|t:|1758272843
|teamsize|p1|6
|teamsize|p2|6
|start
|switch|p1a: The HM05|Deoxys-Speed|100/100
|switch|p2a: Ogerpon|Ogerpon-Cornerstone, F|100/100
|-ability|p1a: The HM05|Pressure
|turn|1
|
|t:|1758272850
|move|p1a: The HM05|Taunt|p2a: Ogerpon
|-start|p2a: Ogerpon|move: Taunt
|move|p2a: Ogerpon|Knock Off|p1a: The HM05
|-supereffective|p1a: The HM05
|-damage|p1a: The HM05|3/100
|-damage|p2a: Ogerpon|84/100|[from] item: Rocky Helmet|[of] p1a: The HM05
|-enditem|p1a: The HM05|Rocky Helmet|[from] move: Knock Off|[of] p2a: Ogerpon
|
|upkeep
|turn|2
|
|t:|1758272865
|move|p1a: The HM05|Stealth Rock|p2a: Ogerpon
|-sidestart|p2: Allheckers|move: Stealth Rock
|move|p2a: Ogerpon|Knock Off|p1a: The HM05
|-supereffective|p1a: The HM05
|-damage|p1a: The HM05|0 fnt
|faint|p1a: The HM05
|
|upkeep
|
|t:|1758272879
|switch|p1a: EVILORD777jackpotX|Darkrai|100/100
|turn|3
|
|t:|1758272888
|move|p1a: EVILORD777jackpotX|Ice Beam|p2a: Ogerpon
|-supereffective|p2a: Ogerpon
|-damage|p2a: Ogerpon|0 fnt
|faint|p2a: Ogerpon
|-damage|p1a: EVILORD777jackpotX|91/100|[from] item: Life Orb
|
|upkeep
|
|t:|1758272896
|switch|p2a: Scizor|Scizor, F|100/100
|-damage|p2a: Scizor|88/100|[from] Stealth Rock
|turn|4
|
|t:|1758272921
|switch|p1a: Dyson Swarm|Iron Moth|100/100
|-enditem|p1a: Dyson Swarm|Booster Energy
|-activate|p1a: Dyson Swarm|ability: Quark Drive|[fromitem]
|-start|p1a: Dyson Swarm|quarkdrivespe
|move|p2a: Scizor|Bug Bite|p1a: Dyson Swarm
|-resisted|p1a: Dyson Swarm
|-damage|p1a: Dyson Swarm|71/100
|
|upkeep
|turn|5
|
|t:|1758272934
|switch|p2a: Entei|Entei|100/100
|-damage|p2a: Entei|75/100|[from] Stealth Rock
|move|p1a: Dyson Swarm|Toxic Spikes|p2a: Entei
|-sidestart|p2: Allheckers|move: Toxic Spikes
|
|upkeep
|turn|6
|
|t:|1758272950
|move|p1a: Dyson Swarm|Toxic Spikes|p2a: Entei
|-sidestart|p2: Allheckers|move: Toxic Spikes
|move|p2a: Entei|Stomping Tantrum|p1a: Dyson Swarm
|-supereffective|p1a: Dyson Swarm
|-damage|p1a: Dyson Swarm|0 fnt
|faint|p1a: Dyson Swarm
|-end|p1a: Dyson Swarm|Quark Drive|[silent]
|-damage|p2a: Entei|66/100|[from] item: Life Orb
|
|upkeep
|
|t:|1758272965
|switch|p1a: AlTuskxander III|Great Tusk|100/100
|-enditem|p1a: AlTuskxander III|Booster Energy
|-activate|p1a: AlTuskxander III|ability: Protosynthesis|[fromitem]
|-start|p1a: AlTuskxander III|protosynthesisspe
|turn|7
|
|t:|1758272974
|-terastallize|p2a: Entei|Grass
|move|p1a: AlTuskxander III|Bulk Up|p1a: AlTuskxander III
|-boost|p1a: AlTuskxander III|atk|1
|-boost|p1a: AlTuskxander III|def|1
|move|p2a: Entei|Trailblaze|p1a: AlTuskxander III
|-supereffective|p1a: AlTuskxander III
|-damage|p1a: AlTuskxander III|68/100
|-boost|p2a: Entei|spe|1
|-damage|p2a: Entei|56/100|[from] item: Life Orb
|
|upkeep
|turn|8
|
|t:|1758272987
|move|p1a: AlTuskxander III|Ice Spinner|p2a: Entei
|-supereffective|p2a: Entei
|-damage|p2a: Entei|0 fnt
|faint|p2a: Entei
|
|upkeep
|
|t:|1758272992
|switch|p2a: Dragapult|Dragapult, M|100/100
|-damage|p2a: Dragapult|88/100|[from] Stealth Rock
|-status|p2a: Dragapult|tox
|turn|9
|
|t:|1758273005
|move|p1a: AlTuskxander III|Headlong Rush|p2a: Dragapult
|-damage|p2a: Dragapult|0 fnt
|-unboost|p1a: AlTuskxander III|def|1
|-unboost|p1a: AlTuskxander III|spd|1
|faint|p2a: Dragapult
|
|upkeep
|inactive|Battle timer is ON: inactive players will automatically lose when time's up. (requested by sumixalot)
|inactive|Allheckers has 120 seconds left.
|inactive|Allheckers has 90 seconds left.
|c|☆sumixalot|cmon man
|n|!sumixalot|sumixalot
|inactive|Allheckers has 60 seconds left.
|inactive|Allheckers has 30 seconds left.
|inactive|Allheckers has 20 seconds left.
|inactive|Allheckers has 15 seconds left.
|inactive|Allheckers has 10 seconds left.
|inactive|Allheckers has 5 seconds left.
|-message|Allheckers lost due to inactivity.
|
|win|sumixalot
