|j|☆shadowVVyER
|j|☆CPU195
|t:|1758255284
|gametype|singles
|player|p1|shadowVVyER|dawn-gen4pt|1175
|player|p2|CPU195|cynthia|1232
|gen|9
|tier|[Gen 9] OU
|rated|
|rule|HP Percentage Mod: HP is shown in percentages
|rule|Endless Battle Clause: Forcing endless battles is banned
|rule|Species Clause: Limit one of each Pokémon
|rule|OHKO Clause: OHKO moves are banned
|rule|Evasion Items Clause: Evasion items are banned
|rule|Evasion Moves Clause: Evasion moves are banned
|rule|Evasion Abilities Clause: Evasion abilities are banned
|rule|Sleep Moves Clause: Sleep-inducing moves are banned
|clearpoke
|poke|p1|Ogerpon-Wellspring, F|
|poke|p1|Kingambit, M|
|poke|p1|Landorus-Therian, M|
|poke|p1|Glimmora, F|
|poke|p1|Dragapult, F|
|poke|p1|Iron Valiant|
|poke|p2|Scream Tail|
|poke|p2|Great Tusk|
|poke|p2|Alomomola, M|
|poke|p2|Weavile, M|
|poke|p2|Ceruledge, F|
|poke|p2|Raging Bolt|
|teampreview
|c|☆CPU195|gl hf
|
|t:|1758255300
|teamsize|p1|6
|teamsize|p2|6
|start
|switch|p1a: Ogerpon|Ogerpon-Wellspring, F|100/100
|switch|p2a: Great Tusk|Great Tusk|100/100
|turn|1
|
|t:|1758255314
|-end|p2a: Great Tusk|Protosynthesis|[silent]
|switch|p2a: Raging Bolt|Raging Bolt|100/100
|-terastallize|p1a: Ogerpon|Water
|detailschange|p1a: Ogerpon|Ogerpon-Wellspring-Tera, F, tera:Water
|-ability|p1a: Ogerpon|Embody Aspect (Wellspring)|boost
|-boost|p1a: Ogerpon|spd|1
|move|p1a: Ogerpon|Ivy Cudgel|p2a: Raging Bolt|[anim] Ivy Cudgel Water
|-resisted|p2a: Raging Bolt
|-damage|p2a: Raging Bolt|69/100
|
|upkeep
|turn|2
|
|t:|1758255330
|move|p1a: Ogerpon|Play Rough|p2a: Raging Bolt
|-supereffective|p2a: Raging Bolt
|-damage|p2a: Raging Bolt|8/100
|move|p2a: Raging Bolt|Thunderbolt|p1a: Ogerpon
|-supereffective|p1a: Ogerpon
|-damage|p1a: Ogerpon|23/100
|
|upkeep
|turn|3
|
|t:|1758255338
|move|p2a: Raging Bolt|Thunderclap||[still]
|-fail|p2a: Raging Bolt
|move|p1a: Ogerpon|Taunt|p2a: Raging Bolt
|-start|p2a: Raging Bolt|move: Taunt
|
|upkeep
|turn|4
|
|t:|1758255348
|switch|p1a: Landorus|Landorus-Therian, M|100/100
|-ability|p1a: Landorus|Intimidate|boost
|-unboost|p2a: Raging Bolt|atk|1
|move|p2a: Raging Bolt|Thunderclap||[still]
|-fail|p2a: Raging Bolt
|
|upkeep
|turn|5
|
|t:|1758255356
|-end|p2a: Raging Bolt|Protosynthesis|[silent]
|switch|p2a: Great Tusk|Great Tusk|100/100
|move|p1a: Landorus|Stealth Rock|p2a: Great Tusk
|-sidestart|p2: CPU195|move: Stealth Rock
|
|upkeep
|turn|6
|
|t:|1758255370
|move|p1a: Landorus|U-turn|p2a: Great Tusk
|-resisted|p2a: Great Tusk
|-damage|p2a: Great Tusk|94/100
|-damage|p1a: Landorus|84/100|[from] item: Rocky Helmet|[of] p2a: Great Tusk
|
|t:|1758255374
|switch|p1a: Ogerpon|Ogerpon-Wellspring-Tera, F, tera:Water|23/100|[from] U-turn
|-ability|p1a: Ogerpon|Embody Aspect (Wellspring)|boost
|-boost|p1a: Ogerpon|spd|1
|move|p2a: Great Tusk|Stealth Rock|p1a: Ogerpon
|-sidestart|p1: shadowVVyER|move: Stealth Rock
|
|upkeep
|turn|7
|
|t:|1758255401
|-end|p2a: Great Tusk|Protosynthesis|[silent]
|switch|p2a: Scream Tail|Scream Tail|100/100
|-damage|p2a: Scream Tail|88/100|[from] Stealth Rock
|move|p1a: Ogerpon|Horn Leech|p2a: Scream Tail
|-damage|p2a: Scream Tail|44/100
|-heal|p1a: Ogerpon|50/100|[from] drain|[of] p2a: Scream Tail
|
|upkeep
|turn|8
|
|t:|1758255409
|move|p1a: Ogerpon|Horn Leech|p2a: Scream Tail
|-crit|p2a: Scream Tail
|-damage|p2a: Scream Tail|0 fnt
|-heal|p1a: Ogerpon|77/100|[from] drain|[of] p2a: Scream Tail
|faint|p2a: Scream Tail
|-end|p2a: Scream Tail|Protosynthesis|[silent]
|
|upkeep
|
|t:|1758255423
|switch|p2a: Alomomola|Alomomola, M|100/100
|-damage|p2a: Alomomola|88/100|[from] Stealth Rock
|turn|9
|
|t:|1758255427
|-terastallize|p2a: Alomomola|Grass
|move|p1a: Ogerpon|Horn Leech|p2a: Alomomola
|-resisted|p2a: Alomomola
|-damage|p2a: Alomomola|73/100
|-heal|p1a: Ogerpon|89/100|[from] drain|[of] p2a: Alomomola
|move|p2a: Alomomola|Tera Blast|p1a: Ogerpon|[anim] Tera Blast Grass
|-supereffective|p1a: Ogerpon
|-damage|p1a: Ogerpon|0 fnt
|faint|p1a: Ogerpon
|detailschange|p1: Ogerpon|Ogerpon-Wellspring, F|[silent]
|
|upkeep
|
|t:|1758255437
|switch|p1a: Dragapult|Dragapult, F|100/100
|-damage|p1a: Dragapult|88/100|[from] Stealth Rock
|turn|10
|
|t:|1758255446
|switch|p2a: Raging Bolt|Raging Bolt|8/100
|-damage|p2a: Raging Bolt|0 fnt|[from] Stealth Rock
|faint|p2a: Raging Bolt
|-end|p2a: Raging Bolt|Protosynthesis|[silent]
|move|p1a: Dragapult|Flamethrower|p2: Raging Bolt|[notarget]
|-fail|p1a: Dragapult
|
|upkeep
|
|t:|1758255469
|switch|p2a: Great Tusk|Great Tusk|94/100
|-damage|p2a: Great Tusk|90/100|[from] Stealth Rock
|turn|11
|
|t:|1758255478
|switch|p1a: Landorus|Landorus-Therian, M|84/100
|-damage|p1a: Landorus|72/100|[from] Stealth Rock
|-ability|p1a: Landorus|Intimidate|boost
|-unboost|p2a: Great Tusk|atk|1
|move|p2a: Great Tusk|Headlong Rush|p1a: Landorus
|-immune|p1a: Landorus
|
|upkeep
|turn|12
|
|t:|1758255488
|move|p1a: Landorus|Earthquake|p2a: Great Tusk
|-damage|p2a: Great Tusk|60/100
|move|p2a: Great Tusk|Rapid Spin|p1a: Landorus
|-damage|p1a: Landorus|59/100
|-boost|p2a: Great Tusk|spe|1
|-damage|p2a: Great Tusk|44/100|[from] item: Rocky Helmet|[of] p1a: Landorus
|-sideend|p2: CPU195|Stealth Rock|[from] move: Rapid Spin|[of] p2a: Great Tusk
|
|upkeep
|turn|13
|
|t:|1758255503
|-end|p2a: Great Tusk|Protosynthesis|[silent]
|switch|p2a: Weavile|Weavile, M|100/100
|move|p1a: Landorus|Earthquake|p2a: Weavile
|-damage|p2a: Weavile|25/100
|
|upkeep
|turn|14
|
|t:|1758255510
|switch|p1a: Glimmora|Glimmora, F|100/100
|-damage|p1a: Glimmora|88/100|[from] Stealth Rock
|move|p2a: Weavile|Triple Axel|p1a: Glimmora
|-damage|p1a: Glimmora|73/100
|-activate|p1a: Glimmora|ability: Toxic Debris
|-sidestart|p2: CPU195|move: Toxic Spikes
|-damage|p1a: Glimmora|42/100
|-activate|p1a: Glimmora|ability: Toxic Debris
|-sidestart|p2: CPU195|move: Toxic Spikes
|-damage|p1a: Glimmora|0 fnt
|faint|p1a: Glimmora
|-hitcount|p1: Glimmora|3
|-damage|p2a: Weavile|15/100|[from] item: Life Orb
|
|upkeep
|
|t:|1758255524
|switch|p1a: Iron Valiant|Iron Valiant|100/100
|-damage|p1a: Iron Valiant|94/100|[from] Stealth Rock
|-enditem|p1a: Iron Valiant|Booster Energy
|-activate|p1a: Iron Valiant|ability: Quark Drive|[fromitem]
|-start|p1a: Iron Valiant|quarkdrivespe
|turn|15
|
|t:|1758255550
|switch|p2a: Great Tusk|Great Tusk|44/100
|-status|p2a: Great Tusk|tox
|move|p1a: Iron Valiant|Swords Dance|p1a: Iron Valiant
|-boost|p1a: Iron Valiant|atk|2
|
|-damage|p2a: Great Tusk|38/100 tox|[from] psn
|upkeep
|turn|16
|
|t:|1758255561
|move|p1a: Iron Valiant|Knock Off|p2a: Great Tusk
|-resisted|p2a: Great Tusk
|-damage|p2a: Great Tusk|15/100 tox
|-damage|p1a: Iron Valiant|78/100|[from] item: Rocky Helmet|[of] p2a: Great Tusk
|-enditem|p2a: Great Tusk|Rocky Helmet|[from] move: Knock Off|[of] p1a: Iron Valiant
|move|p2a: Great Tusk|Rapid Spin|p1a: Iron Valiant
|-damage|p1a: Iron Valiant|54/100
|-boost|p2a: Great Tusk|spe|1
|-sideend|p2: CPU195|Toxic Spikes|[from] move: Rapid Spin|[of] p2a: Great Tusk
|
|-damage|p2a: Great Tusk|3/100 tox|[from] psn
|upkeep
|turn|17
|
|t:|1758255572
|move|p1a: Iron Valiant|Knock Off|p2a: Great Tusk
|-resisted|p2a: Great Tusk
|-damage|p2a: Great Tusk|0 fnt
|faint|p2a: Great Tusk
|-end|p2a: Great Tusk|Protosynthesis|[silent]
|
|upkeep
|
|t:|1758255586
|switch|p2a: Ceruledge|Ceruledge, F|100/100
|turn|18
|
|t:|1758255589
|move|p1a: Iron Valiant|Knock Off|p2a: Ceruledge
|-supereffective|p2a: Ceruledge
|-enditem|p2a: Ceruledge|Focus Sash
|-damage|p2a: Ceruledge|1/100
|-ability|p2a: Ceruledge|Weak Armor|boost
|-unboost|p2a: Ceruledge|def|1
|-boost|p2a: Ceruledge|spe|2
|move|p2a: Ceruledge|Swords Dance|p2a: Ceruledge
|-boost|p2a: Ceruledge|atk|2
|
|upkeep
|turn|19
|
|t:|1758255598
|move|p2a: Ceruledge|Bitter Blade|p1a: Iron Valiant
|-damage|p1a: Iron Valiant|0 fnt
|-heal|p2a: Ceruledge|27/100|[from] drain|[of] p1a: Iron Valiant
|faint|p1a: Iron Valiant
|-end|p1a: Iron Valiant|Quark Drive|[silent]
|
|upkeep
|
|t:|1758255605
|switch|p1a: Kingambit|Kingambit, M|100/100
|-damage|p1a: Kingambit|94/100|[from] Stealth Rock
|-activate|p1a: Kingambit|ability: Supreme Overlord
|-start|p1a: Kingambit|fallen3|[silent]
|turn|20
|
|t:|1758255614
|move|p2a: Ceruledge|Shadow Sneak|p1a: Kingambit
|-resisted|p1a: Kingambit
|-damage|p1a: Kingambit|80/100
|move|p1a: Kingambit|Kowtow Cleave|p2a: Ceruledge
|-supereffective|p2a: Ceruledge
|-damage|p2a: Ceruledge|0 fnt
|faint|p2a: Ceruledge
|
|-heal|p1a: Kingambit|86/100|[from] item: Leftovers
|upkeep
|
|t:|1758255617
|switch|p2a: Alomomola|Alomomola, M, tera:Grass|100/100
|turn|21
|
|t:|1758255625
|move|p2a: Alomomola|Liquidation|p1a: Kingambit
|-damage|p1a: Kingambit|48/100
|move|p1a: Kingambit|Swords Dance|p1a: Kingambit
|-boost|p1a: Kingambit|atk|2
|
|-heal|p1a: Kingambit|54/100|[from] item: Leftovers
|upkeep
|turn|22
|
|t:|1758255633
|move|p2a: Alomomola|Liquidation|p1a: Kingambit
|-damage|p1a: Kingambit|18/100
|-unboost|p1a: Kingambit|def|1
|move|p1a: Kingambit|Kowtow Cleave|p2a: Alomomola
|-damage|p2a: Alomomola|15/100
|
|-heal|p1a: Kingambit|24/100|[from] item: Leftovers
|upkeep
|turn|23
|
|t:|1758255641
|move|p1a: Kingambit|Sucker Punch|p2a: Alomomola
|-damage|p2a: Alomomola|0 fnt
|faint|p2a: Alomomola
|
|-heal|p1a: Kingambit|31/100|[from] item: Leftovers
|upkeep
|
|t:|1758255643
|switch|p2a: Weavile|Weavile, M|15/100
|turn|24
|
|t:|1758255648
|move|p2a: Weavile|Ice Shard|p1a: Kingambit
|-resisted|p1a: Kingambit
|-damage|p1a: Kingambit|17/100
|-damage|p2a: Weavile|5/100|[from] item: Life Orb
|move|p1a: Kingambit|Sucker Punch||[still]
|-fail|p1a: Kingambit
|
|-heal|p1a: Kingambit|23/100|[from] item: Leftovers
|upkeep
|turn|25
|c|☆CPU195|gg
|
|t:|1758255655
|move|p1a: Kingambit|Sucker Punch|p2a: Weavile
|-resisted|p2a: Weavile
|-damage|p2a: Weavile|0 fnt
|faint|p2a: Weavile
|
|win|shadowVVyER
|raw|shadowVVyER's rating: 1175 &rarr; <strong>1204</strong><br />(+29 for winning)
|raw|CPU195's rating: 1232 &rarr; <strong>1203</strong><br />(-29 for losing)
|l|☆CPU195
|player|p2|
|l|☆shadowVVyER
|player|p1|
