|j|☆Kieys
|j|☆Firo丶Ennis
|t:|1758250968
|gametype|singles
|player|p1|Kieys|170|1000
|player|p2|Firo丶Ennis|266|1000
|gen|9
|tier|[Gen 9] OU
|rated|
|rule|HP Percentage Mod: HP is shown in percentages
|rule|Endless Battle Clause: Forcing endless battles is banned
|rule|Species Clause: Limit one of each Pokémon
|rule|OHKO Clause: OHKO moves are banned
|rule|Evasion Items Clause: Evasion items are banned
|rule|Evasion Moves Clause: Evasion moves are banned
|rule|Evasion Abilities Clause: Evasion abilities are banned
|rule|Sleep Moves Clause: Sleep-inducing moves are banned
|clearpoke
|poke|p1|Darkrai|
|poke|p1|Moltres|
|poke|p1|Zamazenta-*|
|poke|p1|Hydrapple, M|
|poke|p1|Ting-Lu|
|poke|p1|Tinkaton, F|
|poke|p2|Glimmora, M|
|poke|p2|Dragonite, M|
|poke|p2|Great Tusk|
|poke|p2|Araquanid, F|
|poke|p2|Scizor, F|
|poke|p2|Corviknight, M|
|teampreview
|
|t:|1758250983
|teamsize|p1|6
|teamsize|p2|6
|start
|switch|p1a: Tinkaton|Tinkaton, F|100/100
|switch|p2a: Araquanid|Araquanid, F|100/100
|-ability|p1a: Tinkaton|Mold Breaker
|-item|p1a: Tinkaton|Air Balloon
|turn|1
|inactive|Battle timer is ON: inactive players will automatically lose when time's up. (requested by Kieys)
|
|t:|1758251005
|move|p1a: Tinkaton|Stealth Rock|p2a: Araquanid
|-sidestart|p2: Firo丶Ennis|move: Stealth Rock
|move|p2a: Araquanid|Sticky Web|p1a: Tinkaton
|-sidestart|p1: Kieys|move: Sticky Web
|
|upkeep
|turn|2
|
|t:|1758251019
|move|p1a: Tinkaton|Encore|p2a: Araquanid
|-start|p2a: Araquanid|Encore
|move|p2a: Araquanid|Sticky Web||[still]
|-fail|p2a: Araquanid
|
|upkeep
|turn|3
|
|t:|1758251036
|switch|p2a: Corviknight|Corviknight, M|100/100
|-damage|p2a: Corviknight|88/100|[from] Stealth Rock
|-ability|p2a: Corviknight|Pressure
|move|p1a: Tinkaton|Gigaton Hammer|p2a: Corviknight
|-resisted|p2a: Corviknight
|-damage|p2a: Corviknight|70/100
|
|upkeep
|turn|4
|
|t:|1758251046
|switch|p1a: Moltres|Moltres|100/100
|move|p2a: Corviknight|Bulk Up|p2a: Corviknight
|-boost|p2a: Corviknight|atk|1
|-boost|p2a: Corviknight|def|1
|
|upkeep
|turn|5
|
|t:|1758251066
|move|p1a: Moltres|Flamethrower|p2a: Corviknight
|-supereffective|p2a: Corviknight
|-damage|p2a: Corviknight|0 fnt
|faint|p2a: Corviknight
|
|upkeep
|
|t:|1758251071
|switch|p2a: Glimmora|Glimmora, M|100/100
|-damage|p2a: Glimmora|88/100|[from] Stealth Rock
|turn|6
|
|t:|1758251083
|move|p2a: Glimmora|Stealth Rock|p1a: Moltres
|-sidestart|p1: Kieys|move: Stealth Rock
|move|p1a: Moltres|Roar|p2a: Glimmora
|drag|p2a: Great Tusk|Great Tusk|100/100
|-damage|p2a: Great Tusk|98/100|[from] Stealth Rock
|-enditem|p2a: Great Tusk|Booster Energy
|-activate|p2a: Great Tusk|ability: Protosynthesis|[fromitem]
|-start|p2a: Great Tusk|protosynthesisatk
|
|upkeep
|turn|7
|
|t:|1758251100
|move|p1a: Moltres|Flamethrower|p2a: Great Tusk
|-damage|p2a: Great Tusk|58/100
|move|p2a: Great Tusk|Bulk Up|p2a: Great Tusk
|-boost|p2a: Great Tusk|atk|1
|-boost|p2a: Great Tusk|def|1
|
|upkeep
|turn|8
|
|t:|1758251109
|move|p2a: Great Tusk|Body Press|p1a: Moltres
|-resisted|p1a: Moltres
|-damage|p1a: Moltres|77/100
|move|p1a: Moltres|Roar|p2a: Great Tusk
|-end|p2a: Great Tusk|Protosynthesis|[silent]
|drag|p2a: Glimmora|Glimmora, M|88/100
|-damage|p2a: Glimmora|76/100|[from] Stealth Rock
|
|-heal|p2a: Glimmora|82/100|[from] item: Leftovers
|upkeep
|turn|9
|
|t:|1758251120
|move|p1a: Moltres|Flamethrower|p2a: Glimmora
|-resisted|p2a: Glimmora
|-damage|p2a: Glimmora|63/100
|move|p2a: Glimmora|Power Gem|p1a: Moltres
|-supereffective|p1a: Moltres
|-damage|p1a: Moltres|0 fnt
|faint|p1a: Moltres
|
|-heal|p2a: Glimmora|69/100|[from] item: Leftovers
|upkeep
|
|t:|1758251138
|switch|p1a: Darkrai|Darkrai|100/100
|turn|10
|
|t:|1758251150
|move|p2a: Glimmora|Spiky Shield|p2a: Glimmora
|-singleturn|p2a: Glimmora|move: Protect
|move|p1a: Darkrai|Ice Beam|p2a: Glimmora
|-activate|p2a: Glimmora|move: Protect
|
|-heal|p2a: Glimmora|75/100|[from] item: Leftovers
|upkeep
|turn|11
|
|t:|1758251165
|move|p1a: Darkrai|Ice Beam|p2a: Glimmora
|-damage|p2a: Glimmora|41/100
|move|p2a: Glimmora|Mortal Spin|p1a: Darkrai
|-damage|p1a: Darkrai|93/100
|-status|p1a: Darkrai|psn
|-sideend|p2: Firo丶Ennis|Stealth Rock|[from] move: Mortal Spin|[of] p2a: Glimmora
|
|-heal|p2a: Glimmora|47/100|[from] item: Leftovers
|-damage|p1a: Darkrai|80/100 psn|[from] psn
|upkeep
|turn|12
|
|t:|1758251179
|move|p2a: Glimmora|Spiky Shield|p2a: Glimmora
|-singleturn|p2a: Glimmora|move: Protect
|move|p1a: Darkrai|Knock Off|p2a: Glimmora
|-activate|p2a: Glimmora|move: Protect
|-damage|p1a: Darkrai|68/100 psn|[from] Spiky Shield|[of] p2a: Glimmora
|
|-heal|p2a: Glimmora|53/100|[from] item: Leftovers
|-damage|p1a: Darkrai|55/100 psn|[from] psn
|upkeep
|turn|13
|
|t:|1758251190
|move|p1a: Darkrai|Knock Off|p2a: Glimmora
|-damage|p2a: Glimmora|34/100
|-activate|p2a: Glimmora|ability: Toxic Debris
|-sidestart|p1: Kieys|move: Toxic Spikes
|-enditem|p2a: Glimmora|Leftovers|[from] move: Knock Off|[of] p1a: Darkrai
|move|p2a: Glimmora|Power Gem|p1a: Darkrai
|-damage|p1a: Darkrai|12/100 psn
|
|-damage|p1a: Darkrai|0 fnt|[from] psn
|faint|p1a: Darkrai
|upkeep
|
|t:|1758251206
|switch|p1a: Hydrapple|Hydrapple, M|100/100
|turn|14
|
|t:|1758251218
|move|p2a: Glimmora|Spiky Shield|p2a: Glimmora
|-singleturn|p2a: Glimmora|move: Protect
|move|p1a: Hydrapple|Nasty Plot|p1a: Hydrapple
|-boost|p1a: Hydrapple|spa|2
|
|upkeep
|turn|15
|
|t:|1758251235
|move|p2a: Glimmora|Mortal Spin|p1a: Hydrapple
|-supereffective|p1a: Hydrapple
|-damage|p1a: Hydrapple|92/100
|-status|p1a: Hydrapple|psn
|move|p1a: Hydrapple|Fickle Beam|p2a: Glimmora
|-crit|p2a: Glimmora
|-damage|p2a: Glimmora|0 fnt
|faint|p2a: Glimmora
|
|-damage|p1a: Hydrapple|80/100 psn|[from] psn
|upkeep
|
|t:|1758251250
|switch|p2a: Araquanid|Araquanid, F|100/100
|turn|16
|
|t:|1758251258
|switch|p1a: Tinkaton|Tinkaton, F|100/100
|-damage|p1a: Tinkaton|94/100|[from] Stealth Rock
|-ability|p1a: Tinkaton|Mold Breaker
|-item|p1a: Tinkaton|Air Balloon
|move|p2a: Araquanid|Leech Life|p1a: Tinkaton
|-resisted|p1a: Tinkaton
|-damage|p1a: Tinkaton|83/100
|-enditem|p1a: Tinkaton|Air Balloon
|-damage|p2a: Araquanid|90/100|[from] item: Life Orb
|
|upkeep
|turn|17
|
|t:|1758251283
|move|p1a: Tinkaton|Stealth Rock|p2a: Araquanid
|-sidestart|p2: Firo丶Ennis|move: Stealth Rock
|move|p2a: Araquanid|Liquidation|p1a: Tinkaton
|-crit|p1a: Tinkaton
|-damage|p1a: Tinkaton|0 fnt
|faint|p1a: Tinkaton
|-damage|p2a: Araquanid|80/100|[from] item: Life Orb
|
|upkeep
|inactive|Kieys has 120 seconds left.
|
|t:|1758251296
|switch|p1a: Ting-Lu|Ting-Lu|100/100
|-activate|p1a: Ting-Lu|move: Sticky Web
|-unboost|p1a: Ting-Lu|spe|1
|-damage|p1a: Ting-Lu|94/100|[from] Stealth Rock
|-status|p1a: Ting-Lu|psn
|-ability|p1a: Ting-Lu|Vessel of Ruin
|turn|18
|inactive|Kieys has 120 seconds left.
|
|t:|1758251321
|move|p2a: Araquanid|Liquidation|p1a: Ting-Lu
|-supereffective|p1a: Ting-Lu
|-damage|p1a: Ting-Lu|21/100 psn
|-damage|p2a: Araquanid|70/100|[from] item: Life Orb
|move|p1a: Ting-Lu|Earthquake|p2a: Araquanid
|-resisted|p2a: Araquanid
|-damage|p2a: Araquanid|50/100
|
|-heal|p1a: Ting-Lu|27/100 psn|[from] item: Leftovers
|-damage|p1a: Ting-Lu|15/100 psn|[from] psn
|upkeep
|turn|19
|
|t:|1758251333
|move|p2a: Araquanid|Leech Life|p1a: Ting-Lu
|-supereffective|p1a: Ting-Lu
|-damage|p1a: Ting-Lu|0 fnt
|-heal|p2a: Araquanid|61/100|[from] drain|[of] p1a: Ting-Lu
|faint|p1a: Ting-Lu
|-damage|p2a: Araquanid|51/100|[from] item: Life Orb
|
|upkeep
|
|t:|1758251341
|switch|p1a: Zamazenta|Zamazenta|100/100
|-ability|p1a: Zamazenta|Dauntless Shield|boost
|-boost|p1a: Zamazenta|def|1
|turn|20
|
|t:|1758251350
|move|p1a: Zamazenta|Stone Edge|p2a: Araquanid
|-supereffective|p2a: Araquanid
|-damage|p2a: Araquanid|0 fnt
|faint|p2a: Araquanid
|
|upkeep
|
|t:|1758251359
|switch|p2a: Great Tusk|Great Tusk|58/100
|-damage|p2a: Great Tusk|55/100|[from] Stealth Rock
|turn|21
|inactive|Kieys has 120 seconds left.
|
|t:|1758251368
|move|p1a: Zamazenta|Close Combat|p2a: Great Tusk
|-damage|p2a: Great Tusk|12/100
|-unboost|p1a: Zamazenta|def|1
|-unboost|p1a: Zamazenta|spd|1
|move|p2a: Great Tusk|Rapid Spin|p1a: Zamazenta
|-damage|p1a: Zamazenta|83/100
|-boost|p2a: Great Tusk|spe|1
|-sideend|p2: Firo丶Ennis|Stealth Rock|[from] move: Rapid Spin|[of] p2a: Great Tusk
|
|upkeep
|turn|22
|
|t:|1758251385
|move|p1a: Zamazenta|Crunch|p2a: Great Tusk
|-resisted|p2a: Great Tusk
|-damage|p2a: Great Tusk|3/100
|move|p2a: Great Tusk|Earthquake|p1a: Zamazenta
|-damage|p1a: Zamazenta|32/100
|
|upkeep
|turn|23
|
|t:|1758251392
|move|p1a: Zamazenta|Crunch|p2a: Great Tusk
|-resisted|p2a: Great Tusk
|-damage|p2a: Great Tusk|0 fnt
|faint|p2a: Great Tusk
|-end|p2a: Great Tusk|Protosynthesis|[silent]
|
|upkeep
|
|t:|1758251397
|switch|p2a: Dragonite|Dragonite, M|100/100
|turn|24
|
|t:|1758251405
|switch|p1a: Hydrapple|Hydrapple, M|100/100 psn
|move|p2a: Dragonite|Dragon Dance|p2a: Dragonite
|-boost|p2a: Dragonite|atk|1
|-boost|p2a: Dragonite|spe|1
|
|-damage|p1a: Hydrapple|88/100 psn|[from] psn
|upkeep
|turn|25
|
|t:|1758251417
|-terastallize|p2a: Dragonite|Normal
|-terastallize|p1a: Hydrapple|Grass
|move|p2a: Dragonite|Extreme Speed|p1a: Hydrapple
|-damage|p1a: Hydrapple|35/100 psn
|move|p1a: Hydrapple|Fickle Beam|p2a: Dragonite
|-damage|p2a: Dragonite|82/100
|
|-damage|p1a: Hydrapple|23/100 psn|[from] psn
|upkeep
|turn|26
|
|t:|1758251428
|move|p2a: Dragonite|Extreme Speed|p1a: Hydrapple
|-damage|p1a: Hydrapple|0 fnt
|faint|p1a: Hydrapple
|
|upkeep
|
|t:|1758251434
|switch|p1a: Zamazenta|Zamazenta|32/100
|turn|27
|
|t:|1758251439
|move|p2a: Dragonite|Extreme Speed|p1a: Zamazenta
|-damage|p1a: Zamazenta|0 fnt
|faint|p1a: Zamazenta
|
|win|Firo丶Ennis
|raw|Kieys's rating: 1000 &rarr; <strong>1000</strong><br />(+0 for losing)
|raw|Firo丶Ennis's rating: 1000 &rarr; <strong>1040</strong><br />(+40 for winning)
