|j|☆go b3yond
|j|☆Quiero mucho a Mar
|t:|1758313861
|gametype|singles
|player|p1|go b3yond|bruno|1595
|player|p2|Quiero mucho a Mar|firebreather-gen2|1598
|gen|9
|tier|[Gen 9] OU
|rated|
|rule|HP Percentage Mod: HP is shown in percentages
|rule|Endless Battle Clause: Forcing endless battles is banned
|rule|Species Clause: Limit one of each Pokémon
|rule|OHKO Clause: OHKO moves are banned
|rule|Evasion Items Clause: Evasion items are banned
|rule|Evasion Moves Clause: Evasion moves are banned
|rule|Evasion Abilities Clause: Evasion abilities are banned
|rule|Sleep Moves Clause: Sleep-inducing moves are banned
|clearpoke
|poke|p1|Torkoal, M|
|poke|p1|Brute Bonnet|
|poke|p1|Hatterene, F|
|poke|p1|Walking Wake|
|poke|p1|Thundurus-Therian, M|
|poke|p1|Ceruledge, F|
|poke|p2|Slowking-Galar, F|
|poke|p2|Great Tusk|
|poke|p2|Arcanine-Hisui, M|
|poke|p2|Corviknight, M|
|poke|p2|Dragapult, M|
|poke|p2|Darkrai|
|teampreview
|inactive|Battle timer is ON: inactive players will automatically lose when time's up. (requested by go b3yond)
|
|t:|1758313877
|teamsize|p1|6
|teamsize|p2|6
|start
|switch|p1a: GREAT Bait|Torkoal, M, shiny|100/100
|switch|p2a: Dragapult|Dragapult, M|100/100
|-weather|SunnyDay|[from] ability: Drought|[of] p1a: GREAT Bait
|turn|1
|
|t:|1758313885
|move|p2a: Dragapult|U-turn|p1a: GREAT Bait
|-resisted|p1a: GREAT Bait
|-damage|p1a: GREAT Bait|87/100
|
|t:|1758313895
|switch|p2a: Slowking|Slowking-Galar, F|100/100|[from] U-turn
|move|p1a: GREAT Bait|Overheat|p2a: Slowking
|-damage|p2a: Slowking|54/100
|-unboost|p1a: GREAT Bait|spa|2
|
|-weather|SunnyDay|[upkeep]
|upkeep
|turn|2
|
|t:|1758313898
|switch|p1a: Hatterene|Hatterene, F|100/100
|-prepare|p2a: Slowking|Chilly Reception|[premajor]
|move|p2a: Slowking|Chilly Reception|p2a: Slowking
|-weather|Snowscape
|
|t:|1758313918
|switch|p2a: Dragapult|Dragapult, M|100/100|[from] Chilly Reception
|
|-weather|Snowscape|[upkeep]
|upkeep
|turn|3
|
|t:|1758313924
|move|p2a: Dragapult|U-turn|p1a: Hatterene
|-damage|p1a: Hatterene|70/100
|-enditem|p1a: Hatterene|Eject Button
|
|t:|1758313928
|switch|p1a: GREAT Bait|Torkoal, M, shiny|87/100
|-weather|SunnyDay|[from] ability: Drought|[of] p1a: GREAT Bait
|
|-weather|SunnyDay|[upkeep]
|upkeep
|turn|4
|
|t:|1758313932
|move|p2a: Dragapult|U-turn|p1a: GREAT Bait
|-resisted|p1a: GREAT Bait
|-damage|p1a: GREAT Bait|73/100
|
|t:|1758313936
|switch|p2a: Slowking|Slowking-Galar, F|87/100|[from] U-turn
|move|p1a: GREAT Bait|Eruption|p2a: Slowking
|-damage|p2a: Slowking|48/100
|
|-weather|SunnyDay|[upkeep]
|upkeep
|turn|5
|
|t:|1758313943
|-prepare|p2a: Slowking|Chilly Reception|[premajor]
|move|p2a: Slowking|Chilly Reception|p2a: Slowking
|-weather|Snowscape
|
|t:|1758313947
|switch|p2a: Arcanine|Arcanine-Hisui, M|100/100|[from] Chilly Reception
|move|p1a: GREAT Bait|Overheat|p2a: Arcanine
|-resisted|p2a: Arcanine
|-damage|p2a: Arcanine|85/100
|-unboost|p1a: GREAT Bait|spa|2
|
|-weather|Snowscape|[upkeep]
|upkeep
|turn|6
|
|t:|1758313955
|switch|p1a: Hatterene|Hatterene, F|70/100
|move|p2a: Arcanine|Head Smash|p1a: Hatterene
|-damage|p1a: Hatterene|0 fnt
|faint|p1a: Hatterene
|
|-weather|Snowscape|[upkeep]
|upkeep
|
|t:|1758313962
|switch|p1a: Ceruledge|Ceruledge, F|100/100
|turn|7
|
|t:|1758313973
|switch|p2a: Darkrai|Darkrai|100/100
|move|p1a: Ceruledge|Swords Dance|p1a: Ceruledge
|-boost|p1a: Ceruledge|atk|2
|
|-weather|Snowscape|[upkeep]
|upkeep
|turn|8
|
|t:|1758313985
|move|p2a: Darkrai|Dark Pulse|p1a: Ceruledge
|-supereffective|p1a: Ceruledge
|-damage|p1a: Ceruledge|6/100
|move|p1a: Ceruledge|Bitter Blade|p2a: Darkrai
|-damage|p2a: Darkrai|0 fnt
|-heal|p1a: Ceruledge|54/100|[from] drain|[of] p2a: Darkrai
|faint|p2a: Darkrai
|
|-weather|Snowscape|[upkeep]
|upkeep
|
|t:|1758313993
|switch|p2a: Great Tusk|Great Tusk|100/100
|turn|9
|
|t:|1758314000
|move|p2a: Great Tusk|Headlong Rush|p1a: Ceruledge
|-supereffective|p1a: Ceruledge
|-damage|p1a: Ceruledge|0 fnt
|-unboost|p2a: Great Tusk|def|1
|-unboost|p2a: Great Tusk|spd|1
|faint|p1a: Ceruledge
|
|-weather|none
|upkeep
|
|t:|1758314009
|switch|p1a: Walking Wake|Walking Wake|100/100
|turn|10
|
|t:|1758314036
|-end|p2a: Great Tusk|Protosynthesis|[silent]
|switch|p2a: Slowking|Slowking-Galar, F|82/100
|move|p1a: Walking Wake|Hydro Steam|p2a: Slowking
|-damage|p2a: Slowking|56/100
|
|upkeep
|turn|11
|
|t:|1758314039
|move|p1a: Walking Wake|Hydro Steam|p2a: Slowking
|-damage|p2a: Slowking|33/100
|-prepare|p2a: Slowking|Chilly Reception|[premajor]
|move|p2a: Slowking|Chilly Reception|p2a: Slowking
|-weather|Snowscape
|
|t:|1758314048
|switch|p2a: Dragapult|Dragapult, M|100/100|[from] Chilly Reception
|
|-weather|Snowscape|[upkeep]
|upkeep
|turn|12
|
|t:|1758314053
|-terastallize|p1a: Walking Wake|Water
|move|p2a: Dragapult|U-turn|p1a: Walking Wake
|-damage|p1a: Walking Wake|62/100
|l|☆go b3yond
|inactive|go b3yond disconnected and has a minute to reconnect!
|player|p1|
|
|t:|1758314082
|switch|p2a: Great Tusk|Great Tusk|100/100|[from] U-turn
|move|p1a: Walking Wake|Draco Meteor|p2a: Great Tusk
|-damage|p2a: Great Tusk|2/100
|-unboost|p1a: Walking Wake|spa|2
|
|-weather|Snowscape|[upkeep]
|upkeep
|turn|13
|j|☆go b3yond
|inactive|go b3yond reconnected and has 140 seconds left.
|player|p1|go b3yond|bruno|
|
|t:|1758314099
|-end|p2a: Great Tusk|Protosynthesis|[silent]
|switch|p2a: Slowking|Slowking-Galar, F|66/100
|move|p1a: Walking Wake|Flip Turn|p2a: Slowking
|-damage|p2a: Slowking|42/100
|
|t:|1758314107
|-end|p1a: Walking Wake|Protosynthesis|[silent]
|switch|p1a: Brute Bonnet|Brute Bonnet|100/100|[from] Flip Turn
|
|-weather|Snowscape|[upkeep]
|upkeep
|turn|14
|
|t:|1758314111
|switch|p2a: Corviknight|Corviknight, M|100/100
|-ability|p2a: Corviknight|Pressure
|move|p1a: Brute Bonnet|Bullet Seed|p2a: Corviknight
|-resisted|p2a: Corviknight
|-damage|p2a: Corviknight|98/100
|-resisted|p2a: Corviknight
|-damage|p2a: Corviknight|96/100
|-resisted|p2a: Corviknight
|-damage|p2a: Corviknight|94/100
|-resisted|p2a: Corviknight
|-damage|p2a: Corviknight|92/100
|-resisted|p2a: Corviknight
|-damage|p2a: Corviknight|90/100
|-hitcount|p2a: Corviknight|5
|
|-weather|Snowscape|[upkeep]
|upkeep
|turn|15
|
|t:|1758314117
|-end|p1a: Brute Bonnet|Protosynthesis|[silent]
|switch|p1a: GREAT Bait|Torkoal, M, shiny|73/100
|-weather|SunnyDay|[from] ability: Drought|[of] p1a: GREAT Bait
|move|p2a: Corviknight|U-turn|p1a: GREAT Bait
|-resisted|p1a: GREAT Bait
|-damage|p1a: GREAT Bait|67/100
|
|t:|1758314120
|switch|p2a: Slowking|Slowking-Galar, F|75/100|[from] U-turn
|
|-weather|SunnyDay|[upkeep]
|upkeep
|turn|16
|
|t:|1758314123
|-prepare|p2a: Slowking|Chilly Reception|[premajor]
|move|p2a: Slowking|Chilly Reception|p2a: Slowking
|-weather|Snowscape
|
|t:|1758314153
|switch|p2a: Arcanine|Arcanine-Hisui, M|85/100|[from] Chilly Reception
|move|p1a: GREAT Bait|Overheat|p2a: Arcanine
|-resisted|p2a: Arcanine
|-damage|p2a: Arcanine|68/100
|-unboost|p1a: GREAT Bait|spa|2
|
|-weather|Snowscape|[upkeep]
|upkeep
|turn|17
|
|t:|1758314164
|move|p2a: Arcanine|Head Smash|p1a: GREAT Bait
|-supereffective|p1a: GREAT Bait
|-damage|p1a: GREAT Bait|0 fnt
|faint|p1a: GREAT Bait
|
|-weather|Snowscape|[upkeep]
|upkeep
|-message|go b3yond forfeited.
|
|win|Quiero mucho a Mar
|raw|go b3yond's rating: 1595 &rarr; <strong>1575</strong><br />(-20 for losing)
|raw|Quiero mucho a Mar's rating: 1598 &rarr; <strong>1618</strong><br />(+20 for winning)
|l|☆go b3yond
|player|p1|
|l|☆Quiero mucho a Mar
|player|p2|
