|j|☆gabrielt2
|j|☆redthekiller22
|t:|1758340903
|gametype|singles
|player|p1|gabrielt2|101|1217
|player|p2|redthekiller22|red|1250
|gen|9
|tier|[Gen 9] OU
|rated|
|rule|HP Percentage Mod: HP is shown in percentages
|rule|Endless Battle Clause: Forcing endless battles is banned
|rule|Species Clause: Limit one of each Pokémon
|rule|OHKO Clause: OHKO moves are banned
|rule|Evasion Items Clause: Evasion items are banned
|rule|Evasion Moves Clause: Evasion moves are banned
|rule|Evasion Abilities Clause: Evasion abilities are banned
|rule|Sleep Moves Clause: Sleep-inducing moves are banned
|clearpoke
|poke|p1|Slowking-Galar, F|
|poke|p1|Kyurem|
|poke|p1|Ting-Lu|
|poke|p1|Ogerpon-Wellspring, F|
|poke|p1|Great Tusk|
|poke|p1|Dragapult, F|
|poke|p2|Hatterene, F|
|poke|p2|Ursaluna, F|
|poke|p2|Porygon2|
|poke|p2|Cresselia, F|
|poke|p2|Iron Hands|
|poke|p2|Volcanion|
|teampreview
|inactive|Battle timer is ON: inactive players will automatically lose when time's up. (requested by gabrielt2)
|inactive|gabrielt2 has 120 seconds left.
|
|t:|1758340937
|teamsize|p1|6
|teamsize|p2|6
|start
|switch|p1a: Dragapult|Dragapult, F|100/100
|switch|p2a: Cresselia|Cresselia, F|100/100
|turn|1
|
|t:|1758340951
|move|p1a: Dragapult|Substitute|p1a: Dragapult
|-start|p1a: Dragapult|Substitute
|-damage|p1a: Dragapult|75/100
|move|p2a: Cresselia|Trick Room|p2a: Cresselia
|-fieldstart|move: Trick Room|[of] p2a: Cresselia
|
|-heal|p1a: Dragapult|82/100|[from] item: Leftovers
|upkeep
|turn|2
|
|t:|1758340960
|move|p2a: Cresselia|Ice Beam|p1a: Dragapult
|-supereffective|p1a: Dragapult
|-end|p1a: Dragapult|Substitute
|move|p1a: Dragapult|Will-O-Wisp|p2a: Cresselia
|-status|p2a: Cresselia|brn
|
|-heal|p1a: Dragapult|88/100|[from] item: Leftovers
|-damage|p2a: Cresselia|94/100 brn|[from] brn
|upkeep
|turn|3
|
|t:|1758340970
|switch|p1a: Slowking|Slowking-Galar, F|100/100
|move|p2a: Cresselia|Ice Beam|p1a: Slowking
|-damage|p1a: Slowking|91/100
|-status|p1a: Slowking|frz
|
|-heal|p1a: Slowking|97/100 frz|[from] item: Black Sludge
|-damage|p2a: Cresselia|88/100 brn|[from] brn
|upkeep
|turn|4
|
|t:|1758340980
|switch|p2a: Iron Hands|Iron Hands|100/100
|-enditem|p2a: Iron Hands|Booster Energy
|-activate|p2a: Iron Hands|ability: Quark Drive|[fromitem]
|-start|p2a: Iron Hands|quarkdriveatk
|-prepare|p1a: Slowking|Chilly Reception|[premajor]
|cant|p1a: Slowking|frz
|
|-heal|p1a: Slowking|100/100 frz|[from] item: Black Sludge
|upkeep
|turn|5
|
|t:|1758340984
|-prepare|p1a: Slowking|Chilly Reception|[premajor]
|cant|p1a: Slowking|frz
|move|p2a: Iron Hands|Swords Dance|p2a: Iron Hands
|-boost|p2a: Iron Hands|atk|2
|
|-fieldend|move: Trick Room
|upkeep
|turn|6
|
|t:|1758340993
|switch|p1a: Great Tusk|Great Tusk|100/100
|move|p2a: Iron Hands|Thunder Punch|p1a: Great Tusk
|-immune|p1a: Great Tusk
|
|upkeep
|turn|7
|
|t:|1758341001
|-terastallize|p2a: Iron Hands|Flying
|move|p1a: Great Tusk|Earthquake|p2a: Iron Hands
|-immune|p2a: Iron Hands
|move|p2a: Iron Hands|Ice Punch|p1a: Great Tusk
|-supereffective|p1a: Great Tusk
|-damage|p1a: Great Tusk|4/100
|-damage|p2a: Iron Hands|84/100|[from] item: Rocky Helmet|[of] p1a: Great Tusk
|
|upkeep
|turn|8
|
|t:|1758341013
|move|p1a: Great Tusk|Ice Spinner|p2a: Iron Hands
|-supereffective|p2a: Iron Hands
|-damage|p2a: Iron Hands|44/100
|move|p2a: Iron Hands|Drain Punch|p1a: Great Tusk
|-damage|p1a: Great Tusk|0 fnt
|-heal|p2a: Iron Hands|46/100|[from] drain|[of] p1a: Great Tusk
|-damage|p2a: Iron Hands|29/100|[from] item: Rocky Helmet|[of] p1a: Great Tusk
|faint|p1a: Great Tusk
|-end|p1a: Great Tusk|Protosynthesis|[silent]
|
|upkeep
|
|t:|1758341028
|switch|p1a: Ogerpon|Ogerpon-Wellspring, F|100/100
|turn|9
|
|t:|1758341032
|move|p1a: Ogerpon|Ivy Cudgel|p2a: Iron Hands|[anim] Ivy Cudgel Water
|-damage|p2a: Iron Hands|0 fnt
|faint|p2a: Iron Hands
|-end|p2a: Iron Hands|Quark Drive|[silent]
|
|upkeep
|
|t:|1758341035
|switch|p2a: Cresselia|Cresselia, F|88/100 brn
|turn|10
|
|t:|1758341039
|move|p1a: Ogerpon|U-turn|p2a: Cresselia
|-supereffective|p2a: Cresselia
|-damage|p2a: Cresselia|57/100 brn
|
|t:|1758341045
|switch|p1a: Slowking|Slowking-Galar, F|100/100 frz|[from] U-turn
|move|p2a: Cresselia|Trick Room|p2a: Cresselia
|-fieldstart|move: Trick Room|[of] p2a: Cresselia
|
|-damage|p2a: Cresselia|51/100 brn|[from] brn
|upkeep
|turn|11
|
|t:|1758341052
|switch|p2a: Ursaluna|Ursaluna, F|100/100
|-prepare|p1a: Slowking|Chilly Reception|[premajor]
|cant|p1a: Slowking|frz
|
|-status|p2a: Ursaluna|brn|[from] item: Flame Orb
|upkeep
|turn|12
|
|t:|1758341060
|-prepare|p1a: Slowking|Chilly Reception|[premajor]
|cant|p1a: Slowking|frz
|move|p2a: Ursaluna|Swords Dance|p2a: Ursaluna
|-boost|p2a: Ursaluna|atk|2
|
|-damage|p2a: Ursaluna|94/100 brn|[from] brn
|upkeep
|turn|13
|
|t:|1758341077
|switch|p1a: Dragapult|Dragapult, F|88/100
|move|p2a: Ursaluna|Facade|p1a: Dragapult
|-immune|p1a: Dragapult
|
|-heal|p1a: Dragapult|94/100|[from] item: Leftovers
|-damage|p2a: Ursaluna|88/100 brn|[from] brn
|upkeep
|turn|14
|
|t:|1758341088
|switch|p1a: Slowking|Slowking-Galar, F|100/100 frz
|move|p2a: Ursaluna|Headlong Rush|p1a: Slowking
|-supereffective|p1a: Slowking
|-damage|p1a: Slowking|0 fnt
|-unboost|p2a: Ursaluna|def|1
|-unboost|p2a: Ursaluna|spd|1
|faint|p1a: Slowking
|
|-damage|p2a: Ursaluna|82/100 brn|[from] brn
|-fieldend|move: Trick Room
|upkeep
|
|t:|1758341101
|switch|p1a: Ogerpon|Ogerpon-Wellspring, F|100/100
|turn|15
|
|t:|1758341111
|switch|p2a: Porygon2|Porygon2|100/100
|-ability|p2a: Porygon2|Water Absorb|Trace|[from] ability: Trace|[of] p1a: Ogerpon
|move|p1a: Ogerpon|Ivy Cudgel|p2a: Porygon2|[anim] Ivy Cudgel Water
|-immune|p2a: Porygon2|[from] ability: Water Absorb
|
|upkeep
|turn|16
|
|t:|1758341119
|move|p1a: Ogerpon|Knock Off|p2a: Porygon2
|-damage|p2a: Porygon2|77/100
|-enditem|p2a: Porygon2|Eviolite|[from] move: Knock Off|[of] p1a: Ogerpon
|move|p2a: Porygon2|Thunder Wave|p1a: Ogerpon
|-status|p1a: Ogerpon|par
|
|upkeep
|turn|17
|
|t:|1758341126
|move|p1a: Ogerpon|U-turn|p2a: Porygon2
|-damage|p2a: Porygon2|47/100
|
|t:|1758341135
|switch|p1a: Ting-Lu|Ting-Lu|100/100|[from] U-turn
|-ability|p1a: Ting-Lu|Vessel of Ruin
|move|p2a: Porygon2|Tri Attack|p1a: Ting-Lu
|-damage|p1a: Ting-Lu|89/100
|
|upkeep
|turn|18
|l|☆redthekiller22
|inactive|redthekiller22 disconnected and has a minute to reconnect!
|player|p2|
|j|☆redthekiller22
|inactive|redthekiller22 reconnected and has 140 seconds left.
|player|p2|redthekiller22|red|
|
|t:|1758341156
|move|p2a: Porygon2|Recover|p2a: Porygon2
|-heal|p2a: Porygon2|97/100
|move|p1a: Ting-Lu|Ruination|p2a: Porygon2
|-damage|p2a: Porygon2|49/100
|
|upkeep
|turn|19
|
|t:|1758341162
|switch|p2a: Cresselia|Cresselia, F|51/100 brn
|move|p1a: Ting-Lu|Stealth Rock|p2a: Cresselia
|-sidestart|p2: redthekiller22|move: Stealth Rock
|
|-damage|p2a: Cresselia|45/100 brn|[from] brn
|upkeep
|turn|20
|
|t:|1758341168
|move|p2a: Cresselia|Lunar Dance|p2a: Cresselia
|faint|p2a: Cresselia
|move|p1a: Ting-Lu|Spikes|p2: Cresselia
|-sidestart|p2: redthekiller22|Spikes
|
|upkeep
|
|t:|1758341174
|switch|p2a: Volcanion|Volcanion|100/100
|turn|21
|
|t:|1758341184
|move|p2a: Volcanion|Steam Eruption|p1a: Ting-Lu
|-supereffective|p1a: Ting-Lu
|-damage|p1a: Ting-Lu|39/100
|-status|p1a: Ting-Lu|brn
|move|p1a: Ting-Lu|Earthquake|p2a: Volcanion
|-supereffective|p2a: Volcanion
|-damage|p2a: Volcanion|70/100
|
|-damage|p1a: Ting-Lu|33/100 brn|[from] brn
|upkeep
|turn|22
|
|t:|1758341192
|switch|p1a: Ogerpon|Ogerpon-Wellspring, F|100/100 par
|move|p2a: Volcanion|Flamethrower|p1a: Ogerpon
|-damage|p1a: Ogerpon|44/100 par
|
|upkeep
|turn|23
|
|t:|1758341199
|move|p2a: Volcanion|Flamethrower|p1a: Ogerpon
|-damage|p1a: Ogerpon|0 fnt
|faint|p1a: Ogerpon
|
|upkeep
|
|t:|1758341205
|switch|p1a: Dragapult|Dragapult, F|94/100
|turn|24
|
|t:|1758341212
|switch|p2a: Porygon2|Porygon2|49/100
|-heal|p2a: Porygon2|100/100|[from] move: Lunar Dance
|-damage|p2a: Porygon2|88/100|[from] Stealth Rock
|-damage|p2a: Porygon2|76/100|[from] Spikes
|-ability|p2a: Porygon2|Clear Body|Trace|[from] ability: Trace|[of] p1a: Dragapult
|move|p1a: Dragapult|Hex|p2a: Porygon2
|-immune|p2a: Porygon2
|
|-heal|p1a: Dragapult|100/100|[from] item: Leftovers
|upkeep
|turn|25
|
|t:|1758341220
|move|p1a: Dragapult|U-turn|p2a: Porygon2
|-damage|p2a: Porygon2|58/100
|
|t:|1758341223
|switch|p1a: Ting-Lu|Ting-Lu|33/100 brn|[from] U-turn
|-ability|p1a: Ting-Lu|Vessel of Ruin
|move|p2a: Porygon2|Thunder Wave|p1a: Ting-Lu
|-immune|p1a: Ting-Lu
|
|-damage|p1a: Ting-Lu|27/100 brn|[from] brn
|upkeep
|turn|26
|
|t:|1758341232
|move|p2a: Porygon2|Recover|p2a: Porygon2
|-heal|p2a: Porygon2|100/100
|move|p1a: Ting-Lu|Earthquake|p2a: Porygon2
|-damage|p2a: Porygon2|82/100
|
|-damage|p1a: Ting-Lu|20/100 brn|[from] brn
|upkeep
|turn|27
|
|t:|1758341237
|move|p2a: Porygon2|Tri Attack|p1a: Ting-Lu
|-damage|p1a: Ting-Lu|8/100 brn
|move|p1a: Ting-Lu|Ruination|p2a: Porygon2
|-damage|p2a: Porygon2|41/100
|
|-damage|p1a: Ting-Lu|1/100 brn|[from] brn
|upkeep
|turn|28
|
|t:|1758341245
|move|p2a: Porygon2|Recover|p2a: Porygon2
|-heal|p2a: Porygon2|91/100
|move|p1a: Ting-Lu|Ruination|p2a: Porygon2|[miss]
|-miss|p1a: Ting-Lu|p2a: Porygon2
|
|-damage|p1a: Ting-Lu|0 fnt|[from] brn
|faint|p1a: Ting-Lu
|upkeep
|
|t:|1758341251
|switch|p1a: Dragapult|Dragapult, F|100/100
|turn|29
|
|t:|1758341253
|move|p1a: Dragapult|Will-O-Wisp|p2a: Porygon2
|-status|p2a: Porygon2|brn
|move|p2a: Porygon2|Thunder Wave|p1a: Dragapult
|-status|p1a: Dragapult|par
|
|-damage|p2a: Porygon2|85/100 brn|[from] brn
|upkeep
|turn|30
|
|t:|1758341262
|move|p1a: Dragapult|U-turn|p2a: Porygon2
|-damage|p2a: Porygon2|69/100 brn
|
|t:|1758341265
|switch|p1a: Kyurem|Kyurem|100/100|[from] U-turn
|-ability|p1a: Kyurem|Pressure
|move|p2a: Porygon2|Shadow Ball|p1a: Kyurem
|-damage|p1a: Kyurem|83/100
|-unboost|p1a: Kyurem|spd|1
|
|-damage|p2a: Porygon2|63/100 brn|[from] brn
|upkeep
|turn|31
|
|t:|1758341269
|switch|p1a: Dragapult|Dragapult, F|100/100 par
|move|p2a: Porygon2|Thunder Wave|p1a: Dragapult
|-fail|p1a: Dragapult|par
|
|-damage|p2a: Porygon2|57/100 brn|[from] brn
|upkeep
|turn|32
|
|t:|1758341278
|cant|p1a: Dragapult|par
|move|p2a: Porygon2|Recover|p2a: Porygon2
|-heal|p2a: Porygon2|100/100 brn
|
|-damage|p2a: Porygon2|94/100 brn|[from] brn
|upkeep
|turn|33
|
|t:|1758341282
|move|p1a: Dragapult|Substitute|p1a: Dragapult
|-start|p1a: Dragapult|Substitute
|-damage|p1a: Dragapult|75/100 par
|move|p2a: Porygon2|Shadow Ball|p1a: Dragapult
|-supereffective|p1a: Dragapult
|-end|p1a: Dragapult|Substitute
|
|-heal|p1a: Dragapult|82/100 par|[from] item: Leftovers
|-damage|p2a: Porygon2|88/100 brn|[from] brn
|upkeep
|turn|34
|
|t:|1758341293
|move|p1a: Dragapult|U-turn|p2a: Porygon2
|-damage|p2a: Porygon2|70/100 brn
|
|t:|1758341296
|switch|p1a: Kyurem|Kyurem|83/100|[from] U-turn
|-ability|p1a: Kyurem|Pressure
|move|p2a: Porygon2|Shadow Ball|p1a: Kyurem
|-damage|p1a: Kyurem|64/100
|
|-damage|p2a: Porygon2|64/100 brn|[from] brn
|upkeep
|turn|35
|
|t:|1758341306
|move|p1a: Kyurem|Draco Meteor|p2a: Porygon2
|-damage|p2a: Porygon2|16/100 brn
|-unboost|p1a: Kyurem|spa|2
|move|p2a: Porygon2|Shadow Ball|p1a: Kyurem
|-crit|p1a: Kyurem
|-damage|p1a: Kyurem|36/100
|
|-damage|p2a: Porygon2|10/100 brn|[from] brn
|upkeep
|turn|36
|
|t:|1758341318
|switch|p1a: Dragapult|Dragapult, F|82/100 par
|move|p2a: Porygon2|Recover|p2a: Porygon2
|-heal|p2a: Porygon2|60/100 brn
|
|-heal|p1a: Dragapult|88/100 par|[from] item: Leftovers
|-damage|p2a: Porygon2|54/100 brn|[from] brn
|upkeep
|turn|37
|
|t:|1758341329
|move|p1a: Dragapult|Substitute|p1a: Dragapult
|-start|p1a: Dragapult|Substitute
|-damage|p1a: Dragapult|63/100 par
|move|p2a: Porygon2|Recover|p2a: Porygon2
|-heal|p2a: Porygon2|100/100 brn
|
|-heal|p1a: Dragapult|69/100 par|[from] item: Leftovers
|-damage|p2a: Porygon2|94/100 brn|[from] brn
|upkeep
|turn|38
|
|t:|1758341338
|move|p1a: Dragapult|Hex|p2a: Porygon2
|-immune|p2a: Porygon2
|move|p2a: Porygon2|Shadow Ball|p1a: Dragapult
|-supereffective|p1a: Dragapult
|-end|p1a: Dragapult|Substitute
|
|-heal|p1a: Dragapult|75/100 par|[from] item: Leftovers
|-damage|p2a: Porygon2|88/100 brn|[from] brn
|upkeep
|turn|39
|
|t:|1758341348
|cant|p1a: Dragapult|par
|move|p2a: Porygon2|Shadow Ball|p1a: Dragapult
|-supereffective|p1a: Dragapult
|-damage|p1a: Dragapult|28/100 par
|
|-heal|p1a: Dragapult|34/100 par|[from] item: Leftovers
|-damage|p2a: Porygon2|82/100 brn|[from] brn
|upkeep
|turn|40
|
|t:|1758341355
|move|p1a: Dragapult|U-turn|p2a: Porygon2
|-damage|p2a: Porygon2|64/100 brn
|
|t:|1758341358
|switch|p1a: Kyurem|Kyurem|36/100|[from] U-turn
|-ability|p1a: Kyurem|Pressure
|move|p2a: Porygon2|Shadow Ball|p1a: Kyurem
|-crit|p1a: Kyurem
|-damage|p1a: Kyurem|6/100
|
|-damage|p2a: Porygon2|58/100 brn|[from] brn
|upkeep
|turn|41
|
|t:|1758341363
|-terastallize|p1a: Kyurem|Ground
|move|p1a: Kyurem|Earth Power|p2a: Porygon2
|-damage|p2a: Porygon2|23/100 brn
|move|p2a: Porygon2|Tri Attack|p1a: Kyurem
|-damage|p1a: Kyurem|0 fnt
|faint|p1a: Kyurem
|
|-damage|p2a: Porygon2|17/100 brn|[from] brn
|upkeep
|
|t:|1758341371
|switch|p1a: Dragapult|Dragapult, F|34/100 par
|turn|42
|
|t:|1758341374
|move|p1a: Dragapult|U-turn|p2a: Porygon2
|-damage|p2a: Porygon2|0 fnt
|faint|p2a: Porygon2
|
|-heal|p1a: Dragapult|40/100 par|[from] item: Leftovers
|upkeep
|
|t:|1758341381
|switch|p2a: Hatterene|Hatterene, F|100/100
|-damage|p2a: Hatterene|88/100|[from] Stealth Rock
|-damage|p2a: Hatterene|76/100|[from] Spikes
|turn|43
|
|t:|1758341387
|cant|p1a: Dragapult|par
|move|p2a: Hatterene|Draining Kiss|p1a: Dragapult
|-supereffective|p1a: Dragapult
|-damage|p1a: Dragapult|0 fnt
|-heal|p2a: Hatterene|100/100|[from] drain|[of] p1a: Dragapult
|faint|p1a: Dragapult
|
|win|redthekiller22
|raw|gabrielt2's rating: 1217 &rarr; <strong>1194</strong><br />(-23 for losing)
|raw|redthekiller22's rating: 1250 &rarr; <strong>1273</strong><br />(+23 for winning)
|l|☆redthekiller22
|player|p2|
