|j|☆Pastor2x
|j|☆xxxzzzccc
|t:|1758350560
|gametype|singles
|player|p1|Pastor2x|tuber|1100
|player|p2|xxxzzzccc|169|1093
|gen|9
|tier|[Gen 9] OU
|rated|
|rule|HP Percentage Mod: HP is shown in percentages
|rule|Endless Battle Clause: Forcing endless battles is banned
|rule|Species Clause: Limit one of each Pokémon
|rule|OHKO Clause: OHKO moves are banned
|rule|Evasion Items Clause: Evasion items are banned
|rule|Evasion Moves Clause: Evasion moves are banned
|rule|Evasion Abilities Clause: Evasion abilities are banned
|rule|Sleep Moves Clause: Sleep-inducing moves are banned
|clearpoke
|poke|p1|Rillaboom, F|
|poke|p1|Vulpix, L1, M|
|poke|p1|Shiftry, M|
|poke|p1|Walking Wake|
|poke|p1|Great Tusk|
|poke|p1|Hawlucha, M|
|poke|p2|Deoxys-Speed|
|poke|p2|Hatterene, F|
|poke|p2|Heatran, F|
|poke|p2|Maushold|
|poke|p2|Ogerpon, F|
|poke|p2|Tyranitar, M|
|teampreview
|
|t:|1758350579
|teamsize|p1|6
|teamsize|p2|6
|start
|switch|p1a: Vulpix|Vulpix, L1, M|100/100
|switch|p2a: Heatran|Heatran, F|100/100
|-weather|SunnyDay|[from] ability: Drought|[of] p1a: Vulpix
|turn|1
|inactive|Battle timer is ON: inactive players will automatically lose when time's up. (requested by Pastor2x)
|
|t:|1758350607
|switch|p1a: Walking Wake|Walking Wake|100/100
|-activate|p1a: Walking Wake|ability: Protosynthesis
|-start|p1a: Walking Wake|protosynthesisspa
|move|p2a: Heatran|Flamethrower|p1a: Walking Wake
|-resisted|p1a: Walking Wake
|-damage|p1a: Walking Wake|79/100
|
|-weather|SunnyDay|[upkeep]
|upkeep
|turn|2
|
|t:|1758350623
|switch|p2a: Hatterene|Hatterene, F|100/100
|move|p1a: Walking Wake|Hydro Steam|p2a: Hatterene
|-damage|p2a: Hatterene|8/100
|-enditem|p2a: Hatterene|Aguav Berry|[eat]
|-heal|p2a: Hatterene|41/100|[from] item: Aguav Berry
|
|-weather|SunnyDay|[upkeep]
|upkeep
|turn|3
|
|t:|1758350633
|move|p1a: Walking Wake|Hydro Steam|p2a: Hatterene
|-damage|p2a: Hatterene|0 fnt
|faint|p2a: Hatterene
|
|-weather|SunnyDay|[upkeep]
|upkeep
|
|t:|1758350640
|switch|p2a: Deoxys|Deoxys-Speed|100/100
|-ability|p2a: Deoxys|Pressure
|turn|4
|
|t:|1758350646
|move|p1a: Walking Wake|Agility|p1a: Walking Wake
|-boost|p1a: Walking Wake|spe|2
|move|p2a: Deoxys|Mirror Coat||[still]
|-fail|p2a: Deoxys
|
|-weather|SunnyDay|[upkeep]
|upkeep
|turn|5
|
|t:|1758350653
|move|p1a: Walking Wake|Agility|p1a: Walking Wake
|-boost|p1a: Walking Wake|spe|2
|move|p2a: Deoxys|Mirror Coat||[still]
|-fail|p2a: Deoxys
|
|-weather|SunnyDay|[upkeep]
|upkeep
|turn|6
|
|t:|1758350661
|move|p1a: Walking Wake|Agility|p1a: Walking Wake
|-boost|p1a: Walking Wake|spe|2
|move|p2a: Deoxys|Mirror Coat||[still]
|-fail|p2a: Deoxys
|
|-weather|SunnyDay|[upkeep]
|upkeep
|turn|7
|
|t:|1758350669
|move|p1a: Walking Wake|Agility|p1a: Walking Wake
|-boost|p1a: Walking Wake|spe|0
|move|p2a: Deoxys|Mirror Coat||[still]
|-fail|p2a: Deoxys
|
|-weather|SunnyDay|[upkeep]
|upkeep
|turn|8
|
|t:|1758350677
|move|p1a: Walking Wake|Agility|p1a: Walking Wake
|-boost|p1a: Walking Wake|spe|0
|move|p2a: Deoxys|Mirror Coat||[still]
|-fail|p2a: Deoxys
|
|-weather|none
|-end|p1a: Walking Wake|Protosynthesis
|upkeep
|turn|9
|
|t:|1758350686
|move|p1a: Walking Wake|Agility|p1a: Walking Wake
|-boost|p1a: Walking Wake|spe|0
|move|p2a: Deoxys|Mirror Coat||[still]
|-fail|p2a: Deoxys
|
|upkeep
|turn|10
|
|t:|1758350693
|move|p2a: Deoxys|Extreme Speed|p1a: Walking Wake
|-damage|p1a: Walking Wake|57/100
|move|p1a: Walking Wake|Agility|p1a: Walking Wake
|-boost|p1a: Walking Wake|spe|0
|
|upkeep
|turn|11
|
|t:|1758350701
|move|p1a: Walking Wake|Agility|p1a: Walking Wake
|-boost|p1a: Walking Wake|spe|0
|move|p2a: Deoxys|Mirror Coat||[still]
|-fail|p2a: Deoxys
|
|upkeep
|turn|12
|
|t:|1758350708
|move|p1a: Walking Wake|Draco Meteor|p2a: Deoxys
|-enditem|p2a: Deoxys|Focus Sash
|-damage|p2a: Deoxys|1/100
|-unboost|p1a: Walking Wake|spa|2
|move|p2a: Deoxys|Mirror Coat|p1a: Walking Wake
|-damage|p1a: Walking Wake|0 fnt
|faint|p1a: Walking Wake
|-end|p1a: Walking Wake|Protosynthesis|[silent]
|
|upkeep
|
|t:|1758350719
|switch|p1a: Vulpix|Vulpix, L1, M|100/100
|-weather|SunnyDay|[from] ability: Drought|[of] p1a: Vulpix
|turn|13
|
|t:|1758350733
|move|p2a: Deoxys|Psycho Boost|p1a: Vulpix
|-damage|p1a: Vulpix|0 fnt
|-unboost|p2a: Deoxys|spa|2
|faint|p1a: Vulpix
|
|-weather|SunnyDay|[upkeep]
|upkeep
|
|t:|1758350740
|switch|p1a: Shiftry|Shiftry, M|100/100
|turn|14
|
|t:|1758350747
|move|p2a: Deoxys|Extreme Speed|p1a: Shiftry
|-damage|p1a: Shiftry|67/100
|move|p1a: Shiftry|Knock Off|p2a: Deoxys
|-supereffective|p2a: Deoxys
|-crit|p2a: Deoxys
|-damage|p2a: Deoxys|0 fnt
|faint|p2a: Deoxys
|
|-weather|SunnyDay|[upkeep]
|upkeep
|
|t:|1758350765
|switch|p2a: Tyranitar|Tyranitar, M|100/100
|-weather|Sandstorm|[from] ability: Sand Stream|[of] p2a: Tyranitar
|turn|15
|
|t:|1758350791
|switch|p1a: Rillaboom|Rillaboom, F|100/100
|-fieldstart|move: Grassy Terrain|[from] ability: Grassy Surge|[of] p1a: Rillaboom
|move|p2a: Tyranitar|Stealth Rock|p1a: Rillaboom
|-sidestart|p1: Pastor2x|move: Stealth Rock
|
|-weather|Sandstorm|[upkeep]
|-damage|p1a: Rillaboom|94/100|[from] Sandstorm
|-heal|p1a: Rillaboom|100/100|[from] Grassy Terrain
|upkeep
|turn|16
|
|t:|1758350805
|move|p1a: Rillaboom|Substitute|p1a: Rillaboom
|-start|p1a: Rillaboom|Substitute
|-damage|p1a: Rillaboom|76/100
|move|p2a: Tyranitar|Roar|p1a: Rillaboom
|drag|p1a: Hawlucha|Hawlucha, M|100/100
|-damage|p1a: Hawlucha|88/100|[from] Stealth Rock
|-enditem|p1a: Hawlucha|Grassy Seed
|-boost|p1a: Hawlucha|def|1|[from] item: Grassy Seed
|
|-weather|Sandstorm|[upkeep]
|-damage|p1a: Hawlucha|82/100|[from] Sandstorm
|upkeep
|turn|17
|
|t:|1758350820
|move|p1a: Hawlucha|Close Combat|p2a: Tyranitar
|-supereffective|p2a: Tyranitar
|-damage|p2a: Tyranitar|0 fnt
|-unboost|p1a: Hawlucha|def|1
|-unboost|p1a: Hawlucha|spd|1
|faint|p2a: Tyranitar
|
|-weather|Sandstorm|[upkeep]
|-damage|p1a: Hawlucha|76/100|[from] Sandstorm
|upkeep
|
|t:|1758350831
|switch|p2a: Maushold|Maushold|100/100
|turn|18
|
|t:|1758350837
|-terastallize|p2a: Maushold|Ghost
|move|p1a: Hawlucha|Close Combat|p2a: Maushold
|-immune|p2a: Maushold
|move|p2a: Maushold|Encore|p1a: Hawlucha
|-start|p1a: Hawlucha|Encore
|
|-weather|Sandstorm|[upkeep]
|-damage|p1a: Hawlucha|70/100|[from] Sandstorm
|-damage|p2a: Maushold|94/100|[from] Sandstorm
|-heal|p2a: Maushold|100/100|[from] Grassy Terrain
|upkeep
|turn|19
|
|t:|1758350850
|switch|p1a: Great Tusk|Great Tusk|100/100
|move|p2a: Maushold|Tidy Up|p2a: Maushold
|-sideend|p1: Pastor2x|Stealth Rock
|-activate|p2a: Maushold|move: Tidy Up
|-boost|p2a: Maushold|atk|1
|-boost|p2a: Maushold|spe|1
|
|-weather|none
|-fieldend|move: Grassy Terrain
|upkeep
|turn|20
|
|t:|1758350861
|-end|p1a: Great Tusk|Protosynthesis|[silent]
|switch|p1a: Rillaboom|Rillaboom, F|76/100
|-fieldstart|move: Grassy Terrain|[from] ability: Grassy Surge|[of] p1a: Rillaboom
|move|p2a: Maushold|Population Bomb|p1a: Rillaboom
|-damage|p1a: Rillaboom|56/100
|-damage|p1a: Rillaboom|38/100
|-damage|p1a: Rillaboom|20/100
|-damage|p1a: Rillaboom|1/100
|-damage|p1a: Rillaboom|0 fnt
|faint|p1a: Rillaboom
|-hitcount|p1: Rillaboom|5
|
|upkeep
|
|t:|1758350875
|switch|p1a: Shiftry|Shiftry, M|67/100
|turn|21
|
|t:|1758350887
|-terastallize|p1a: Shiftry|Stellar
|move|p1a: Shiftry|Sucker Punch|p2a: Maushold
|-supereffective|p2a: Maushold
|-damage|p2a: Maushold|0 fnt
|faint|p2a: Maushold
|
|-heal|p1a: Shiftry|73/100|[from] Grassy Terrain
|upkeep
|inactive|xxxzzzccc has 120 seconds left.
|
|t:|1758350921
|switch|p2a: Heatran|Heatran, F|100/100
|turn|22
|inactive|Pastor2x has 120 seconds left.
|
|t:|1758350952
|switch|p1a: Great Tusk|Great Tusk|100/100
|move|p2a: Heatran|Flamethrower|p1a: Great Tusk
|-damage|p1a: Great Tusk|39/100
|
|-heal|p1a: Great Tusk|45/100|[from] Grassy Terrain
|upkeep
|turn|23
|inactive|Pastor2x has 120 seconds left.
|
|t:|1758350963
|move|p2a: Heatran|Flamethrower|p1a: Great Tusk
|-damage|p1a: Great Tusk|0 fnt
|faint|p1a: Great Tusk
|-end|p1a: Great Tusk|Protosynthesis|[silent]
|
|upkeep
|inactive|Pastor2x has 120 seconds left.
|
|t:|1758350968
|switch|p1a: Hawlucha|Hawlucha, M|70/100
|turn|24
|
|t:|1758350982
|move|p2a: Heatran|Flamethrower|p1a: Hawlucha
|-damage|p1a: Hawlucha|0 fnt
|faint|p1a: Hawlucha
|
|-fieldend|move: Grassy Terrain
|upkeep
|-message|Pastor2x forfeited.
|
|win|xxxzzzccc
|raw|Pastor2x's rating: 1100 &rarr; <strong>1074</strong><br />(-26 for losing)
|raw|xxxzzzccc's rating: 1093 &rarr; <strong>1120</strong><br />(+27 for winning)
|l|☆Pastor2x
|player|p1|
|l|☆xxxzzzccc
|player|p2|
