|j|☆TheGamingPolitoed
|j|☆d2&t'rd2c
|t:|1758377124
|gametype|singles
|player|p1|TheGamingPolitoed|cress|1346
|player|p2|d2&t'rd2c|unknown|1287
|gen|9
|tier|[Gen 9] OU
|rated|
|rule|HP Percentage Mod: HP is shown in percentages
|rule|Endless Battle Clause: Forcing endless battles is banned
|rule|Species Clause: Limit one of each Pokémon
|rule|OHKO Clause: OHKO moves are banned
|rule|Evasion Items Clause: Evasion items are banned
|rule|Evasion Moves Clause: Evasion moves are banned
|rule|Evasion Abilities Clause: Evasion abilities are banned
|rule|Sleep Moves Clause: Sleep-inducing moves are banned
|clearpoke
|poke|p1|Primarina, F|
|poke|p1|Ludicolo, M|
|poke|p1|Samurott-Hisui, M|
|poke|p1|Toxapex, F|
|poke|p1|Politoed, M|
|poke|p1|Walking Wake|
|poke|p2|Dondozo, F|
|poke|p2|Blissey, F|
|poke|p2|Corviknight, M|
|poke|p2|Weezing-Galar, F|
|poke|p2|Gliscor, F|
|poke|p2|Toxapex, F|
|teampreview
|
|t:|1758377146
|teamsize|p1|6
|teamsize|p2|6
|start
|switch|p1a: Donny Ronny|Samurott-Hisui, M|100/100
|switch|p2a: Gliscor|Gliscor, F|100/100
|turn|1
|
|t:|1758377155
|move|p2a: Gliscor|Protect|p2a: Gliscor
|-singleturn|p2a: Gliscor|Protect
|move|p1a: Donny Ronny|Knock Off|p2a: Gliscor
|-activate|p2a: Gliscor|move: Protect
|
|-status|p2a: Gliscor|tox|[from] item: Toxic Orb
|upkeep
|turn|2
|
|t:|1758377164
|-terastallize|p2a: Gliscor|Water
|move|p1a: Donny Ronny|Razor Shell|p2a: Gliscor
|-resisted|p2a: Gliscor
|-damage|p2a: Gliscor|77/100 tox
|-unboost|p2a: Gliscor|def|1
|move|p2a: Gliscor|Spikes|p1a: Donny Ronny
|-sidestart|p1: TheGamingPolitoed|Spikes
|
|-heal|p2a: Gliscor|90/100 tox|[from] ability: Poison Heal
|upkeep
|turn|3
|
|t:|1758377174
|move|p1a: Donny Ronny|Ceaseless Edge|p2a: Gliscor|[miss]
|-miss|p1a: Donny Ronny|p2a: Gliscor
|move|p2a: Gliscor|Spikes|p1a: Donny Ronny
|-sidestart|p1: TheGamingPolitoed|Spikes
|
|-heal|p2a: Gliscor|100/100 tox|[from] ability: Poison Heal
|upkeep
|turn|4
|
|t:|1758377181
|move|p2a: Gliscor|Protect|p2a: Gliscor
|-singleturn|p2a: Gliscor|Protect
|move|p1a: Donny Ronny|Ceaseless Edge|p2a: Gliscor
|-activate|p2a: Gliscor|move: Protect
|
|upkeep
|turn|5
|
|t:|1758377204
|move|p1a: Donny Ronny|Ceaseless Edge|p2a: Gliscor
|-crit|p2a: Gliscor
|-damage|p2a: Gliscor|9/100 tox
|-sidestart|p2: d2&t'rd2c|Spikes
|move|p2a: Gliscor|Knock Off|p1a: Donny Ronny
|-resisted|p1a: Donny Ronny
|-damage|p1a: Donny Ronny|90/100
|-enditem|p1a: Donny Ronny|Assault Vest|[from] move: Knock Off|[of] p2a: Gliscor
|
|-heal|p2a: Gliscor|22/100 tox|[from] ability: Poison Heal
|upkeep
|turn|6
|
|t:|1758377213
|move|p2a: Gliscor|Protect|p2a: Gliscor
|-singleturn|p2a: Gliscor|Protect
|move|p1a: Donny Ronny|Ceaseless Edge|p2a: Gliscor
|-activate|p2a: Gliscor|move: Protect
|
|-heal|p2a: Gliscor|34/100 tox|[from] ability: Poison Heal
|upkeep
|turn|7
|
|t:|1758377222
|switch|p2a: Weezing|Weezing-Galar, F|100/100
|-ability|p2a: Weezing|Neutralizing Gas
|move|p1a: Donny Ronny|Ceaseless Edge|p2a: Weezing
|-resisted|p2a: Weezing
|-damage|p2a: Weezing|89/100
|-sidestart|p2: d2&t'rd2c|Spikes
|
|upkeep
|turn|8
|
|t:|1758377236
|move|p1a: Donny Ronny|Razor Shell|p2a: Weezing
|-damage|p2a: Weezing|66/100
|move|p2a: Weezing|Strange Steam|p1a: Donny Ronny
|-supereffective|p1a: Donny Ronny
|-damage|p1a: Donny Ronny|22/100
|
|upkeep
|turn|9
|
|t:|1758377246
|move|p1a: Donny Ronny|Razor Shell|p2a: Weezing
|-damage|p2a: Weezing|40/100
|-unboost|p2a: Weezing|def|1
|move|p2a: Weezing|Strange Steam|p1a: Donny Ronny
|-supereffective|p1a: Donny Ronny
|-damage|p1a: Donny Ronny|0 fnt
|faint|p1a: Donny Ronny
|
|upkeep
|
|t:|1758377254
|switch|p1a: Ecomare|Primarina, F|100/100
|-damage|p1a: Ecomare|84/100|[from] Spikes
|turn|10
|
|t:|1758377262
|-end|p2a: Weezing|ability: Neutralizing Gas
|switch|p2a: Toxapex|Toxapex, F|100/100
|-damage|p2a: Toxapex|84/100|[from] Spikes
|move|p1a: Ecomare|Hydro Pump|p2a: Toxapex
|-resisted|p2a: Toxapex
|-damage|p2a: Toxapex|66/100
|
|-heal|p1a: Ecomare|90/100|[from] item: Leftovers
|-heal|p2a: Toxapex|73/100|[from] item: Leftovers
|upkeep
|turn|11
|
|t:|1758377277
|move|p1a: Ecomare|Substitute|p1a: Ecomare
|-start|p1a: Ecomare|Substitute
|-damage|p1a: Ecomare|65/100
|move|p2a: Toxapex|Toxic||[still]
|-fail|p2a: Toxapex
|
|-heal|p1a: Ecomare|72/100|[from] item: Leftovers
|-heal|p2a: Toxapex|79/100|[from] item: Leftovers
|upkeep
|turn|12
|
|t:|1758377308
|switch|p2a: Blissey|Blissey, F|100/100
|-damage|p2a: Blissey|84/100|[from] Spikes
|move|p1a: Ecomare|Calm Mind|p1a: Ecomare
|-boost|p1a: Ecomare|spa|1
|-boost|p1a: Ecomare|spd|1
|
|-heal|p1a: Ecomare|78/100|[from] item: Leftovers
|-heal|p2a: Blissey|90/100|[from] item: Leftovers
|upkeep
|turn|13
|
|t:|1758377318
|move|p1a: Ecomare|Hydro Pump|p2a: Blissey
|-damage|p2a: Blissey|64/100
|move|p2a: Blissey|Seismic Toss|p1a: Ecomare
|-end|p1a: Ecomare|Substitute
|
|-heal|p1a: Ecomare|84/100|[from] item: Leftovers
|-heal|p2a: Blissey|70/100|[from] item: Leftovers
|upkeep
|turn|14
|
|t:|1758377330
|move|p1a: Ecomare|Calm Mind|p1a: Ecomare
|-boost|p1a: Ecomare|spa|1
|-boost|p1a: Ecomare|spd|1
|move|p2a: Blissey|Calm Mind|p2a: Blissey
|-boost|p2a: Blissey|spa|1
|-boost|p2a: Blissey|spd|1
|
|-heal|p1a: Ecomare|90/100|[from] item: Leftovers
|-heal|p2a: Blissey|77/100|[from] item: Leftovers
|upkeep
|turn|15
|
|t:|1758377339
|move|p1a: Ecomare|Moonblast|p2a: Blissey
|-damage|p2a: Blissey|55/100
|move|p2a: Blissey|Calm Mind|p2a: Blissey
|-boost|p2a: Blissey|spa|1
|-boost|p2a: Blissey|spd|1
|
|-heal|p1a: Ecomare|96/100|[from] item: Leftovers
|-heal|p2a: Blissey|61/100|[from] item: Leftovers
|upkeep
|turn|16
|
|t:|1758377346
|move|p1a: Ecomare|Moonblast|p2a: Blissey
|-damage|p2a: Blissey|46/100
|-unboost|p2a: Blissey|spa|1
|move|p2a: Blissey|Soft-Boiled|p2a: Blissey
|-heal|p2a: Blissey|96/100
|
|-heal|p1a: Ecomare|100/100|[from] item: Leftovers
|-heal|p2a: Blissey|100/100|[from] item: Leftovers
|upkeep
|turn|17
|
|t:|1758377363
|switch|p2a: Toxapex|Toxapex, F|100/100
|-damage|p2a: Toxapex|84/100|[from] Spikes
|move|p1a: Ecomare|Calm Mind|p1a: Ecomare
|-boost|p1a: Ecomare|spa|1
|-boost|p1a: Ecomare|spd|1
|
|-heal|p2a: Toxapex|90/100|[from] item: Leftovers
|upkeep
|turn|18
|
|t:|1758377371
|move|p1a: Ecomare|Substitute|p1a: Ecomare
|-start|p1a: Ecomare|Substitute
|-damage|p1a: Ecomare|76/100
|move|p2a: Toxapex|Toxic Spikes|p1a: Ecomare
|-sidestart|p1: TheGamingPolitoed|move: Toxic Spikes
|
|-heal|p1a: Ecomare|82/100|[from] item: Leftovers
|-heal|p2a: Toxapex|97/100|[from] item: Leftovers
|upkeep
|turn|19
|
|t:|1758377377
|move|p1a: Ecomare|Hydro Pump|p2a: Toxapex
|-resisted|p2a: Toxapex
|-damage|p2a: Toxapex|47/100
|move|p2a: Toxapex|Haze|p2a: Toxapex
|-clearallboost
|
|-heal|p1a: Ecomare|88/100|[from] item: Leftovers
|-heal|p2a: Toxapex|53/100|[from] item: Leftovers
|upkeep
|turn|20
|
|t:|1758377386
|switch|p2a: Blissey|Blissey, F|100/100
|-damage|p2a: Blissey|84/100|[from] Spikes
|move|p1a: Ecomare|Calm Mind|p1a: Ecomare
|-boost|p1a: Ecomare|spa|1
|-boost|p1a: Ecomare|spd|1
|
|-heal|p1a: Ecomare|94/100|[from] item: Leftovers
|-heal|p2a: Blissey|90/100|[from] item: Leftovers
|upkeep
|turn|21
|
|t:|1758377395
|move|p1a: Ecomare|Calm Mind|p1a: Ecomare
|-boost|p1a: Ecomare|spa|1
|-boost|p1a: Ecomare|spd|1
|move|p2a: Blissey|Seismic Toss|p1a: Ecomare
|-end|p1a: Ecomare|Substitute
|
|-heal|p1a: Ecomare|100/100|[from] item: Leftovers
|-heal|p2a: Blissey|96/100|[from] item: Leftovers
|upkeep
|turn|22
|
|t:|1758377403
|move|p1a: Ecomare|Hydro Pump|p2a: Blissey
|-damage|p2a: Blissey|59/100
|move|p2a: Blissey|Calm Mind|p2a: Blissey
|-boost|p2a: Blissey|spa|1
|-boost|p2a: Blissey|spd|1
|
|-heal|p2a: Blissey|65/100|[from] item: Leftovers
|upkeep
|turn|23
|
|t:|1758377412
|move|p1a: Ecomare|Moonblast|p2a: Blissey
|-damage|p2a: Blissey|44/100
|move|p2a: Blissey|Calm Mind|p2a: Blissey
|-boost|p2a: Blissey|spa|1
|-boost|p2a: Blissey|spd|1
|
|-heal|p2a: Blissey|50/100|[from] item: Leftovers
|upkeep
|turn|24
|
|t:|1758377423
|move|p1a: Ecomare|Calm Mind|p1a: Ecomare
|-boost|p1a: Ecomare|spa|1
|-boost|p1a: Ecomare|spd|1
|move|p2a: Blissey|Calm Mind|p2a: Blissey
|-boost|p2a: Blissey|spa|1
|-boost|p2a: Blissey|spd|1
|
|-heal|p2a: Blissey|56/100|[from] item: Leftovers
|upkeep
|turn|25
|
|t:|1758377430
|move|p1a: Ecomare|Calm Mind|p1a: Ecomare
|-boost|p1a: Ecomare|spa|1
|-boost|p1a: Ecomare|spd|1
|move|p2a: Blissey|Soft-Boiled|p2a: Blissey
|-heal|p2a: Blissey|100/100
|
|upkeep
|turn|26
|
|t:|1758377438
|move|p1a: Ecomare|Calm Mind|p1a: Ecomare
|-boost|p1a: Ecomare|spa|1
|-boost|p1a: Ecomare|spd|1
|move|p2a: Blissey|Seismic Toss|p1a: Ecomare
|-damage|p1a: Ecomare|69/100
|
|-heal|p1a: Ecomare|76/100|[from] item: Leftovers
|upkeep
|turn|27
|
|t:|1758377446
|move|p1a: Ecomare|Hydro Pump|p2a: Blissey
|-damage|p2a: Blissey|73/100
|move|p2a: Blissey|Seismic Toss|p1a: Ecomare
|-damage|p1a: Ecomare|44/100
|
|-heal|p1a: Ecomare|51/100|[from] item: Leftovers
|-heal|p2a: Blissey|80/100|[from] item: Leftovers
|upkeep
|turn|28
|
|t:|1758377453
|move|p1a: Ecomare|Moonblast|p2a: Blissey
|-damage|p2a: Blissey|55/100
|move|p2a: Blissey|Seismic Toss|p1a: Ecomare
|-damage|p1a: Ecomare|20/100
|
|-heal|p1a: Ecomare|26/100|[from] item: Leftovers
|-heal|p2a: Blissey|62/100|[from] item: Leftovers
|upkeep
|turn|29
|
|t:|1758377461
|move|p1a: Ecomare|Hydro Pump|p2a: Blissey
|-damage|p2a: Blissey|21/100
|move|p2a: Blissey|Seismic Toss|p1a: Ecomare
|-damage|p1a: Ecomare|0 fnt
|faint|p1a: Ecomare
|
|-heal|p2a: Blissey|28/100|[from] item: Leftovers
|upkeep
|
|t:|1758377470
|switch|p1a: The King|Politoed, M|100/100
|-damage|p1a: The King|84/100|[from] Spikes
|-status|p1a: The King|psn
|-weather|RainDance|[from] ability: Drizzle|[of] p1a: The King
|turn|30
|
|t:|1758377476
|move|p1a: The King|Encore|p2a: Blissey
|-start|p2a: Blissey|Encore
|move|p2a: Blissey|Seismic Toss|p1a: The King
|-damage|p1a: The King|58/100 psn
|
|-weather|RainDance|[upkeep]
|-heal|p2a: Blissey|34/100|[from] item: Leftovers
|-damage|p1a: The King|46/100 psn|[from] psn
|upkeep
|turn|31
|
|t:|1758377484
|switch|p1a: Toxatax|Toxapex, F|100/100
|-damage|p1a: Toxatax|84/100|[from] Spikes
|-sideend|p1: TheGamingPolitoed|move: Toxic Spikes|[of] p1a: Toxatax
|switch|p2a: Toxapex|Toxapex, F|87/100
|-damage|p2a: Toxapex|70/100|[from] Spikes
|
|-weather|RainDance|[upkeep]
|-heal|p2a: Toxapex|76/100|[from] item: Leftovers
|upkeep
|turn|32
|
|t:|1758377497
|switch|p2a: Gliscor|Gliscor, F, tera:Water|34/100 tox
|-damage|p2a: Gliscor|18/100 tox|[from] Spikes
|switch|p1a: Walk the Dinosaur|Walking Wake|100/100
|-damage|p1a: Walk the Dinosaur|84/100|[from] Spikes
|
|-weather|RainDance|[upkeep]
|-heal|p2a: Gliscor|30/100 tox|[from] ability: Poison Heal
|upkeep
|turn|33
|
|t:|1758377507
|move|p1a: Walk the Dinosaur|Hydro Steam|p2a: Gliscor
|-resisted|p2a: Gliscor
|-damage|p2a: Gliscor|0 fnt
|faint|p2a: Gliscor
|
|-weather|RainDance|[upkeep]
|upkeep
|
|t:|1758377518
|switch|p2a: Toxapex|Toxapex, F|100/100
|-damage|p2a: Toxapex|84/100|[from] Spikes
|turn|34
|
|t:|1758377539
|-end|p1a: Walk the Dinosaur|Protosynthesis|[silent]
|switch|p1a: Toxatax|Toxapex, F|100/100
|-damage|p1a: Toxatax|84/100|[from] Spikes
|move|p2a: Toxapex|Toxic|p1a: Toxatax
|-immune|p1a: Toxatax
|
|-weather|RainDance|[upkeep]
|-heal|p2a: Toxapex|90/100|[from] item: Leftovers
|upkeep
|turn|35
|
|t:|1758377547
|switch|p1a: Walk the Dinosaur|Walking Wake|84/100
|-damage|p1a: Walk the Dinosaur|67/100|[from] Spikes
|move|p2a: Toxapex|Toxic|p1a: Walk the Dinosaur
|-status|p1a: Walk the Dinosaur|tox
|
|-weather|RainDance|[upkeep]
|-heal|p2a: Toxapex|97/100|[from] item: Leftovers
|-damage|p1a: Walk the Dinosaur|61/100 tox|[from] psn
|upkeep
|turn|36
|
|t:|1758377557
|move|p1a: Walk the Dinosaur|Draco Meteor|p2a: Toxapex
|-damage|p2a: Toxapex|37/100
|-unboost|p1a: Walk the Dinosaur|spa|2
|move|p2a: Toxapex|Toxic Spikes|p1a: Walk the Dinosaur
|-sidestart|p1: TheGamingPolitoed|move: Toxic Spikes
|
|-weather|RainDance|[upkeep]
|-heal|p2a: Toxapex|43/100|[from] item: Leftovers
|-damage|p1a: Walk the Dinosaur|49/100 tox|[from] psn
|upkeep
|turn|37
|
|t:|1758377565
|switch|p2a: Weezing|Weezing-Galar, F|40/100
|-ability|p2a: Weezing|Neutralizing Gas
|move|p1a: Walk the Dinosaur|Draco Meteor|p2a: Weezing
|-immune|p2a: Weezing
|
|-weather|none
|-damage|p1a: Walk the Dinosaur|30/100 tox|[from] psn
|upkeep
|turn|38
|
|t:|1758377580
|-end|p1a: Walk the Dinosaur|Protosynthesis|[silent]
|switch|p1a: Toxatax|Toxapex, F|100/100
|-damage|p1a: Toxatax|84/100|[from] Spikes
|-sideend|p1: TheGamingPolitoed|move: Toxic Spikes|[of] p1a: Toxatax
|move|p2a: Weezing|Strange Steam|p1a: Toxatax|[miss]
|-miss|p2a: Weezing|p1a: Toxatax
|
|upkeep
|turn|39
|
|t:|1758377588
|move|p2a: Weezing|Pain Split|p1a: Toxatax
|-sethp|p1a: Toxatax|64/100|[from] move: Pain Split|[silent]
|-sethp|p2a: Weezing|58/100|[from] move: Pain Split
|move|p1a: Toxatax|Surf|p2a: Weezing
|-damage|p2a: Weezing|33/100
|
|upkeep
|turn|40
|
|t:|1758377594
|move|p2a: Weezing|Pain Split|p1a: Toxatax
|-sethp|p1a: Toxatax|50/100|[from] move: Pain Split|[silent]
|-sethp|p2a: Weezing|45/100|[from] move: Pain Split
|move|p1a: Toxatax|Surf|p2a: Weezing
|-damage|p2a: Weezing|21/100
|
|upkeep
|turn|41
|
|t:|1758377603
|move|p2a: Weezing|Pain Split|p1a: Toxatax
|-sethp|p1a: Toxatax|36/100|[from] move: Pain Split|[silent]
|-sethp|p2a: Weezing|33/100|[from] move: Pain Split
|move|p1a: Toxatax|Surf|p2a: Weezing
|-damage|p2a: Weezing|6/100
|
|upkeep
|turn|42
|
|t:|1758377616
|switch|p1a: The King|Politoed, M|46/100 psn
|-damage|p1a: The King|29/100 psn|[from] Spikes
|move|p2a: Weezing|Pain Split|p1a: The King
|-sethp|p1a: The King|17/100 psn|[from] move: Pain Split|[silent]
|-sethp|p2a: Weezing|20/100|[from] move: Pain Split
|
|-damage|p1a: The King|5/100 psn|[from] psn
|upkeep
|turn|43
|
|t:|1758377627
|move|p1a: The King|Rest|p1a: The King
|-status|p1a: The King|slp|[from] move: Rest
|-heal|p1a: The King|100/100 slp|[silent]
|move|p2a: Weezing|Strange Steam|p1a: The King
|-damage|p1a: The King|78/100 slp
|
|upkeep
|turn|44
|
|t:|1758377636
|switch|p1a: Walk the Dinosaur|Walking Wake|30/100 tox
|-damage|p1a: Walk the Dinosaur|14/100 tox|[from] Spikes
|move|p2a: Weezing|Pain Split|p1a: Walk the Dinosaur
|-sethp|p1a: Walk the Dinosaur|16/100 tox|[from] move: Pain Split|[silent]
|-sethp|p2a: Weezing|17/100|[from] move: Pain Split
|
|-damage|p1a: Walk the Dinosaur|10/100 tox|[from] psn
|upkeep
|turn|45
|
|t:|1758377646
|move|p1a: Walk the Dinosaur|Hydro Steam|p2a: Weezing
|-damage|p2a: Weezing|0 fnt
|faint|p2a: Weezing
|-end|p2a: Weezing|ability: Neutralizing Gas
|
|-damage|p1a: Walk the Dinosaur|0 fnt|[from] psn
|faint|p1a: Walk the Dinosaur
|-end|p1a: Walk the Dinosaur|Protosynthesis|[silent]
|upkeep
|
|t:|1758377660
|switch|p1a: The King|Politoed, M|78/100 slp
|switch|p2a: Corviknight|Corviknight, M|100/100
|-damage|p1a: The King|61/100 slp|[from] Spikes
|-weather|RainDance|[from] ability: Drizzle|[of] p1a: The King
|-ability|p2a: Corviknight|Pressure
|turn|46
|
|t:|1758377668
|cant|p1a: The King|slp
|move|p2a: Corviknight|Iron Defense|p2a: Corviknight
|-boost|p2a: Corviknight|def|2
|
|-weather|RainDance|[upkeep]
|upkeep
|turn|47
|
|t:|1758377673
|cant|p1a: The King|slp
|move|p2a: Corviknight|Body Press|p1a: The King
|-damage|p1a: The King|17/100 slp
|
|-weather|RainDance|[upkeep]
|upkeep
|turn|48
|
|t:|1758377682
|-curestatus|p1a: The King|slp|[msg]
|move|p1a: The King|Rest|p1a: The King
|-status|p1a: The King|slp|[from] move: Rest
|-heal|p1a: The King|100/100 slp|[silent]
|move|p2a: Corviknight|Body Press|p1a: The King
|-damage|p1a: The King|60/100 slp
|
|-weather|RainDance|[upkeep]
|upkeep
|turn|49
|
|t:|1758377691
|switch|p1a: Toxatax|Toxapex, F|36/100
|-damage|p1a: Toxatax|20/100|[from] Spikes
|move|p2a: Corviknight|Iron Defense|p2a: Corviknight
|-boost|p2a: Corviknight|def|2
|
|-weather|RainDance|[upkeep]
|upkeep
|turn|50
|
|t:|1758377698
|move|p2a: Corviknight|Body Press|p1a: Toxatax
|-resisted|p1a: Toxatax
|-damage|p1a: Toxatax|0 fnt
|-damage|p2a: Corviknight|84/100|[from] item: Rocky Helmet|[of] p1a: Toxatax
|faint|p1a: Toxatax
|
|-weather|RainDance|[upkeep]
|-heal|p2a: Corviknight|90/100|[from] item: Leftovers
|upkeep
|
|t:|1758377705
|switch|p1a: Juan|Ludicolo, M|100/100
|-damage|p1a: Juan|84/100|[from] Spikes
|turn|51
|
|t:|1758377713
|-terastallize|p1a: Juan|Water
|move|p1a: Juan|Hydro Pump|p2a: Corviknight
|-damage|p2a: Corviknight|0 fnt
|faint|p2a: Corviknight
|-damage|p1a: Juan|74/100|[from] item: Life Orb
|
|-weather|RainDance|[upkeep]
|upkeep
|
|t:|1758377727
|switch|p2a: Toxapex|Toxapex, F|76/100
|-damage|p2a: Toxapex|60/100|[from] Spikes
|turn|52
|
|t:|1758377731
|move|p1a: Juan|Hydro Pump|p2a: Toxapex|[miss]
|-miss|p1a: Juan|p2a: Toxapex
|move|p2a: Toxapex|Toxic|p1a: Juan
|-status|p1a: Juan|tox
|
|-weather|RainDance|[upkeep]
|-heal|p2a: Toxapex|66/100|[from] item: Leftovers
|-damage|p1a: Juan|68/100 tox|[from] psn
|upkeep
|turn|53
|
|t:|1758377739
|move|p1a: Juan|Hydro Pump|p2a: Toxapex
|-resisted|p2a: Toxapex
|-damage|p2a: Toxapex|30/100
|-damage|p1a: Juan|58/100 tox|[from] item: Life Orb
|move|p2a: Toxapex|Recover|p2a: Toxapex
|-heal|p2a: Toxapex|80/100
|
|-weather|none
|-heal|p2a: Toxapex|86/100|[from] item: Leftovers
|-damage|p1a: Juan|46/100 tox|[from] psn
|upkeep
|turn|54
|
|t:|1758377750
|switch|p1a: The King|Politoed, M|60/100 slp
|-damage|p1a: The King|44/100 slp|[from] Spikes
|-weather|RainDance|[from] ability: Drizzle|[of] p1a: The King
|move|p2a: Toxapex|Toxic Spikes|p1a: The King
|-sidestart|p1: TheGamingPolitoed|move: Toxic Spikes
|
|-weather|RainDance|[upkeep]
|-heal|p2a: Toxapex|93/100|[from] item: Leftovers
|upkeep
|turn|55
|
|t:|1758377760
|cant|p1a: The King|slp
|move|p2a: Toxapex|Toxic Spikes|p1a: The King
|-sidestart|p1: TheGamingPolitoed|move: Toxic Spikes
|
|-weather|RainDance|[upkeep]
|-heal|p2a: Toxapex|99/100|[from] item: Leftovers
|upkeep
|turn|56
|
|t:|1758377766
|cant|p1a: The King|slp
|move|p2a: Toxapex|Toxic||[still]
|-fail|p2a: Toxapex
|
|-weather|RainDance|[upkeep]
|-heal|p2a: Toxapex|100/100|[from] item: Leftovers
|upkeep
|turn|57
|
|t:|1758377775
|switch|p1a: Juan|Ludicolo, M, tera:Water|46/100 tox
|-damage|p1a: Juan|29/100 tox|[from] Spikes
|move|p2a: Toxapex|Toxic|p1a: Juan
|-fail|p1a: Juan|tox
|
|-weather|RainDance|[upkeep]
|-damage|p1a: Juan|23/100 tox|[from] psn
|upkeep
|turn|58
|
|t:|1758377785
|move|p1a: Juan|Hydro Pump|p2a: Toxapex
|-resisted|p2a: Toxapex
|-damage|p2a: Toxapex|62/100
|-damage|p1a: Juan|13/100 tox|[from] item: Life Orb
|move|p2a: Toxapex|Recover|p2a: Toxapex
|-heal|p2a: Toxapex|100/100
|
|-weather|RainDance|[upkeep]
|-damage|p1a: Juan|1/100 tox|[from] psn
|upkeep
|turn|59
|
|t:|1758377794
|move|p1a: Juan|Hydro Pump|p2a: Toxapex
|-resisted|p2a: Toxapex
|-damage|p2a: Toxapex|62/100
|-damage|p1a: Juan|0 fnt|[from] item: Life Orb
|faint|p1a: Juan
|move|p2a: Toxapex|Recover|p2a: Toxapex
|-heal|p2a: Toxapex|100/100
|
|-weather|RainDance|[upkeep]
|upkeep
|
|t:|1758377802
|switch|p1a: The King|Politoed, M|44/100 slp
|-damage|p1a: The King|27/100 slp|[from] Spikes
|turn|60
|
|t:|1758377807
|-curestatus|p1a: The King|slp|[msg]
|move|p1a: The King|Encore|p2a: Toxapex
|-start|p2a: Toxapex|Encore
|move|p2a: Toxapex|Recover||[still]
|-fail|p2a: Toxapex|heal
|
|-weather|RainDance|[upkeep]
|upkeep
|turn|61
|
|t:|1758377820
|switch|p2a: Blissey|Blissey, F|34/100
|-damage|p2a: Blissey|17/100|[from] Spikes
|move|p1a: The King|Surf|p2a: Blissey
|-damage|p2a: Blissey|4/100
|
|-weather|none
|-heal|p2a: Blissey|10/100|[from] item: Leftovers
|upkeep
|turn|62
|
|t:|1758377828
|move|p1a: The King|Surf|p2a: Blissey
|-damage|p2a: Blissey|0 fnt
|faint|p2a: Blissey
|
|upkeep
|
|t:|1758377832
|switch|p2a: Toxapex|Toxapex, F|100/100
|-damage|p2a: Toxapex|84/100|[from] Spikes
|turn|63
|
|t:|1758377838
|move|p1a: The King|Surf|p2a: Toxapex
|-resisted|p2a: Toxapex
|-damage|p2a: Toxapex|76/100
|move|p2a: Toxapex|Toxic|p1a: The King
|-status|p1a: The King|tox
|
|-heal|p2a: Toxapex|82/100|[from] item: Leftovers
|-damage|p1a: The King|21/100 tox|[from] psn
|upkeep
|turn|64
|
|t:|1758377846
|switch|p2a: Dondozo|Dondozo, F|100/100
|-damage|p2a: Dondozo|84/100|[from] Spikes
|move|p1a: The King|Encore||[still]
|-fail|p1a: The King
|
|-heal|p2a: Dondozo|90/100|[from] item: Leftovers
|-damage|p1a: The King|9/100 tox|[from] psn
|upkeep
|turn|65
|
|t:|1758377854
|move|p1a: The King|Rest|p1a: The King
|-status|p1a: The King|slp|[from] move: Rest
|-heal|p1a: The King|100/100 slp|[silent]
|move|p2a: Dondozo|Body Press|p1a: The King
|-damage|p1a: The King|80/100 slp
|
|-heal|p2a: Dondozo|96/100|[from] item: Leftovers
|upkeep
|turn|66
|c|☆d2&t'rd2c|i stalled the shi outta you
|
|t:|1758377866
|cant|p1a: The King|slp
|move|p2a: Dondozo|Body Press|p1a: The King
|-damage|p1a: The King|60/100 slp
|
|-heal|p2a: Dondozo|100/100|[from] item: Leftovers
|upkeep
|turn|67
|c|☆d2&t'rd2c|and gonna keep doing
|
|t:|1758377877
|cant|p1a: The King|slp
|move|p2a: Dondozo|Body Press|p1a: The King
|-damage|p1a: The King|38/100 slp
|
|upkeep
|turn|68
|
|t:|1758377884
|-curestatus|p1a: The King|slp|[msg]
|move|p1a: The King|Ice Beam|p2a: Dondozo
|-resisted|p2a: Dondozo
|-damage|p2a: Dondozo|91/100
|move|p2a: Dondozo|Body Press|p1a: The King
|-damage|p1a: The King|18/100
|
|-heal|p2a: Dondozo|97/100|[from] item: Leftovers
|upkeep
|turn|69
|
|t:|1758377893
|move|p1a: The King|Rest|p1a: The King
|-status|p1a: The King|slp|[from] move: Rest
|-heal|p1a: The King|100/100 slp|[silent]
|move|p2a: Dondozo|Body Press|p1a: The King
|-damage|p1a: The King|77/100 slp
|
|-heal|p2a: Dondozo|100/100|[from] item: Leftovers
|upkeep
|turn|70
|
|t:|1758377902
|cant|p1a: The King|slp
|move|p2a: Dondozo|Body Press|p1a: The King
|-damage|p1a: The King|55/100 slp
|
|upkeep
|turn|71
|
|t:|1758377908
|cant|p1a: The King|slp
|move|p2a: Dondozo|Body Press|p1a: The King
|-damage|p1a: The King|34/100 slp
|
|upkeep
|turn|72
|
|t:|1758377913
|-curestatus|p1a: The King|slp|[msg]
|move|p1a: The King|Ice Beam|p2a: Dondozo
|-resisted|p2a: Dondozo
|-damage|p2a: Dondozo|91/100
|move|p2a: Dondozo|Body Press|p1a: The King
|-damage|p1a: The King|14/100
|
|-heal|p2a: Dondozo|97/100|[from] item: Leftovers
|upkeep
|turn|73
|
|t:|1758377922
|move|p1a: The King|Rest|p1a: The King
|-status|p1a: The King|slp|[from] move: Rest
|-heal|p1a: The King|100/100 slp|[silent]
|move|p2a: Dondozo|Body Press|p1a: The King
|-damage|p1a: The King|81/100 slp
|
|-heal|p2a: Dondozo|100/100|[from] item: Leftovers
|upkeep
|turn|74
|c|☆d2&t'rd2c|pp stalling rest (dad is not proud of me)
|
|t:|1758377938
|cant|p1a: The King|slp
|move|p2a: Dondozo|Body Press|p1a: The King
|-damage|p1a: The King|59/100 slp
|
|upkeep
|turn|75
|
|t:|1758377944
|cant|p1a: The King|slp
|move|p2a: Dondozo|Body Press|p1a: The King
|-damage|p1a: The King|35/100 slp
|
|upkeep
|turn|76
|c|☆TheGamingPolitoed|Still uses blissey  (is disappointment to whole family)
|
|t:|1758377977
|-curestatus|p1a: The King|slp|[msg]
|move|p1a: The King|Ice Beam|p2a: Dondozo
|-resisted|p2a: Dondozo
|-damage|p2a: Dondozo|92/100
|move|p2a: Dondozo|Body Press|p1a: The King
|-damage|p1a: The King|14/100
|
|-heal|p2a: Dondozo|98/100|[from] item: Leftovers
|upkeep
|turn|77
|
|t:|1758377988
|move|p1a: The King|Rest|p1a: The King
|-status|p1a: The King|slp|[from] move: Rest
|-heal|p1a: The King|100/100 slp|[silent]
|move|p2a: Dondozo|Body Press|p1a: The King
|-damage|p1a: The King|78/100 slp
|
|-heal|p2a: Dondozo|100/100|[from] item: Leftovers
|upkeep
|turn|78
|c|☆d2&t'rd2c|i luv you bro
|
|t:|1758378001
|cant|p1a: The King|slp
|move|p2a: Dondozo|Body Press|p1a: The King
|-damage|p1a: The King|55/100 slp
|
|upkeep
|turn|79
|
|t:|1758378009
|cant|p1a: The King|slp
|move|p2a: Dondozo|Body Press|p1a: The King
|-damage|p1a: The King|33/100 slp
|
|upkeep
|turn|80
|c|☆TheGamingPolitoed|Awwww
|c|☆TheGamingPolitoed|Gross
|
|t:|1758378014
|-curestatus|p1a: The King|slp|[msg]
|move|p1a: The King|Ice Beam|p2a: Dondozo
|-resisted|p2a: Dondozo
|-damage|p2a: Dondozo|92/100
|move|p2a: Dondozo|Avalanche|p1a: The King
|-resisted|p1a: The King
|-damage|p1a: The King|23/100
|
|-heal|p2a: Dondozo|98/100|[from] item: Leftovers
|upkeep
|turn|81
|c|☆d2&t'rd2c|thx you
|
|t:|1758378024
|move|p1a: The King|Ice Beam|p2a: Dondozo
|-resisted|p2a: Dondozo
|-damage|p2a: Dondozo|88/100
|move|p2a: Dondozo|Avalanche|p1a: The King
|-resisted|p1a: The King
|-damage|p1a: The King|11/100
|
|-heal|p2a: Dondozo|95/100|[from] item: Leftovers
|upkeep
|turn|82
|
|t:|1758378032
|move|p1a: The King|Rest|p1a: The King
|-status|p1a: The King|slp|[from] move: Rest
|-heal|p1a: The King|100/100 slp|[silent]
|move|p2a: Dondozo|Avalanche|p1a: The King
|-resisted|p1a: The King
|-damage|p1a: The King|96/100 slp
|
|-heal|p2a: Dondozo|100/100|[from] item: Leftovers
|upkeep
|turn|83
|
|t:|1758378041
|switch|p2a: Toxapex|Toxapex, F|100/100
|-damage|p2a: Toxapex|84/100|[from] Spikes
|cant|p1a: The King|slp
|
|-heal|p2a: Toxapex|90/100|[from] item: Leftovers
|upkeep
|turn|84
|
|t:|1758378048
|cant|p1a: The King|slp
|move|p2a: Toxapex|Toxic Spikes||[still]
|-fail|p2a: Toxapex
|
|-heal|p2a: Toxapex|97/100|[from] item: Leftovers
|upkeep
|turn|85
|
|t:|1758378054
|-curestatus|p1a: The King|slp|[msg]
|move|p1a: The King|Ice Beam|p2a: Toxapex
|-resisted|p2a: Toxapex
|-damage|p2a: Toxapex|91/100
|move|p2a: Toxapex|Toxic Spikes||[still]
|-fail|p2a: Toxapex
|
|-heal|p2a: Toxapex|97/100|[from] item: Leftovers
|upkeep
|turn|86
|
|t:|1758378063
|move|p1a: The King|Encore|p2a: Toxapex
|-start|p2a: Toxapex|Encore
|move|p2a: Toxapex|Toxic Spikes||[still]
|-fail|p2a: Toxapex
|
|-heal|p2a: Toxapex|100/100|[from] item: Leftovers
|upkeep
|turn|87
|
|t:|1758378070
|switch|p2a: Dondozo|Dondozo, F|100/100
|-damage|p2a: Dondozo|84/100|[from] Spikes
|move|p1a: The King|Surf|p2a: Dondozo
|-resisted|p2a: Dondozo
|-damage|p2a: Dondozo|70/100
|
|-heal|p2a: Dondozo|76/100|[from] item: Leftovers
|upkeep
|turn|88
|
|t:|1758378079
|move|p1a: The King|Surf|p2a: Dondozo
|-resisted|p2a: Dondozo
|-damage|p2a: Dondozo|63/100
|move|p2a: Dondozo|Body Press|p1a: The King
|-damage|p1a: The King|74/100
|
|-heal|p2a: Dondozo|69/100|[from] item: Leftovers
|upkeep
|turn|89
|
|t:|1758378088
|move|p1a: The King|Surf|p2a: Dondozo
|-resisted|p2a: Dondozo
|-damage|p2a: Dondozo|55/100
|move|p2a: Dondozo|Avalanche|p1a: The King
|-resisted|p1a: The King
|-damage|p1a: The King|64/100
|
|-heal|p2a: Dondozo|61/100|[from] item: Leftovers
|upkeep
|turn|90
|
|t:|1758378096
|move|p1a: The King|Surf|p2a: Dondozo
|-resisted|p2a: Dondozo
|-damage|p2a: Dondozo|47/100
|move|p2a: Dondozo|Rest|p2a: Dondozo
|-status|p2a: Dondozo|slp|[from] move: Rest
|-heal|p2a: Dondozo|100/100 slp|[silent]
|
|upkeep
|turn|91
|
|t:|1758378103
|move|p1a: The King|Rest|p1a: The King
|-status|p1a: The King|slp|[from] move: Rest
|-heal|p1a: The King|100/100 slp|[silent]
|cant|p2a: Dondozo|slp
|move|p2a: Dondozo|Sleep Talk|p2a: Dondozo
|move|p2a: Dondozo|Body Press|p1a: The King|[from] move: Sleep Talk
|-damage|p1a: The King|79/100 slp
|
|upkeep
|turn|92
|
|t:|1758378114
|cant|p1a: The King|slp
|cant|p2a: Dondozo|slp
|move|p2a: Dondozo|Sleep Talk|p2a: Dondozo
|move|p2a: Dondozo|Rest||[from] move: Sleep Talk|[still]
|-fail|p2a: Dondozo
|
|upkeep
|turn|93
|c|☆d2&t'rd2c|wtf just happened
|
|t:|1758378123
|switch|p2a: Toxapex|Toxapex, F|100/100
|-damage|p2a: Toxapex|84/100|[from] Spikes
|cant|p1a: The King|slp
|
|-heal|p2a: Toxapex|90/100|[from] item: Leftovers
|upkeep
|turn|94
|
|t:|1758378131
|-curestatus|p1a: The King|slp|[msg]
|move|p1a: The King|Surf|p2a: Toxapex
|-resisted|p2a: Toxapex
|-damage|p2a: Toxapex|80/100
|move|p2a: Toxapex|Toxic|p1a: The King
|-status|p1a: The King|tox
|
|-heal|p2a: Toxapex|87/100|[from] item: Leftovers
|-damage|p1a: The King|73/100 tox|[from] psn
|upkeep
|turn|95
|c|☆d2&t'rd2c|i've got no pp in bp
|
|t:|1758378145
|move|p1a: The King|Encore|p2a: Toxapex
|-start|p2a: Toxapex|Encore
|move|p2a: Toxapex|Toxic|p1a: The King
|-fail|p1a: The King|tox
|
|-heal|p2a: Toxapex|93/100|[from] item: Leftovers
|-damage|p1a: The King|61/100 tox|[from] psn
|upkeep
|turn|96
|
|t:|1758378158
|move|p1a: The King|Surf|p2a: Toxapex
|-resisted|p2a: Toxapex
|-damage|p2a: Toxapex|84/100
|move|p2a: Toxapex|Toxic|p1a: The King
|-fail|p1a: The King|tox
|
|-heal|p2a: Toxapex|90/100|[from] item: Leftovers
|-damage|p1a: The King|43/100 tox|[from] psn
|upkeep
|turn|97
|
|t:|1758378167
|move|p1a: The King|Surf|p2a: Toxapex
|-resisted|p2a: Toxapex
|-damage|p2a: Toxapex|81/100
|move|p2a: Toxapex|Toxic|p1a: The King
|-fail|p1a: The King|tox
|
|-heal|p2a: Toxapex|88/100|[from] item: Leftovers
|-damage|p1a: The King|19/100 tox|[from] psn
|-end|p2a: Toxapex|Encore
|upkeep
|turn|98
|
|t:|1758378176
|move|p1a: The King|Surf|p2a: Toxapex
|-resisted|p2a: Toxapex
|-damage|p2a: Toxapex|78/100
|move|p2a: Toxapex|Toxic|p1a: The King
|-fail|p1a: The King|tox
|
|-heal|p2a: Toxapex|85/100|[from] item: Leftovers
|-damage|p1a: The King|0 fnt|[from] psn
|faint|p1a: The King
|
|win|d2&t'rd2c
|raw|TheGamingPolitoed's rating: 1346 &rarr; <strong>1323</strong><br />(-23 for losing)
|raw|d2&amp;t&apos;rd2c's rating: 1287 &rarr; <strong>1316</strong><br />(+29 for winning)
|c|☆d2&t'rd2c|gg good sir
|c|☆TheGamingPolitoed|Gg
|c|☆TheGamingPolitoed|Nah mg
|c|☆TheGamingPolitoed|Or ag
|l|☆TheGamingPolitoed
|player|p1|
|c|☆d2&t'rd2c|without abreviate (idk english very well)?
