|j|☆Admin Briar
|j|☆pillsplitter
|t:|1758265860
|gametype|singles
|player|p1|Admin Briar|colress|1456
|player|p2|pillsplitter|psychic-gen2|1464
|gen|9
|tier|[Gen 9] OU
|rated|
|rule|HP Percentage Mod: HP is shown in percentages
|rule|Endless Battle Clause: Forcing endless battles is banned
|rule|Species Clause: Limit one of each Pokémon
|rule|OHKO Clause: OHKO moves are banned
|rule|Evasion Items Clause: Evasion items are banned
|rule|Evasion Moves Clause: Evasion moves are banned
|rule|Evasion Abilities Clause: Evasion abilities are banned
|rule|Sleep Moves Clause: Sleep-inducing moves are banned
|clearpoke
|poke|p1|Ceruledge, F|
|poke|p1|Ninetales-Alola, F|
|poke|p1|Glimmora, F|
|poke|p1|Kommo-o, F|
|poke|p1|Excadrill, F|
|poke|p1|Greninja-*, M|
|poke|p2|Scizor, M|
|poke|p2|Cinderace, M|
|poke|p2|Ting-Lu|
|poke|p2|Primarina, M|
|poke|p2|Chesnaught, F|
|poke|p2|Dragapult, F|
|teampreview
|inactive|Battle timer is ON: inactive players will automatically lose when time's up. (requested by Admin Briar)
|
|t:|1758265879
|teamsize|p1|6
|teamsize|p2|6
|start
|switch|p1a: Glimmora|Glimmora, F|100/100
|switch|p2a: Jah Morant|Scizor, M|100/100
|turn|1
|
|t:|1758265883
|move|p2a: Jah Morant|Bullet Punch|p1a: Glimmora
|-supereffective|p1a: Glimmora
|-enditem|p1a: Glimmora|Focus Sash
|-damage|p1a: Glimmora|1/100
|-activate|p1a: Glimmora|ability: Toxic Debris
|-sidestart|p2: pillsplitter|move: Toxic Spikes
|move|p1a: Glimmora|Stealth Rock|p2a: Jah Morant
|-sidestart|p2: pillsplitter|move: Stealth Rock
|
|upkeep
|turn|2
|
|t:|1758265891
|move|p2a: Jah Morant|Bullet Punch|p1a: Glimmora
|-supereffective|p1a: Glimmora
|-damage|p1a: Glimmora|0 fnt
|-activate|p1a: Glimmora|ability: Toxic Debris
|-sidestart|p2: pillsplitter|move: Toxic Spikes
|faint|p1a: Glimmora
|
|upkeep
|
|t:|1758265897
|switch|p1a: Ninetales|Ninetales-Alola, F|100/100
|-weather|Snowscape|[from] ability: Snow Warning|[of] p1a: Ninetales
|turn|3
|
|t:|1758265903
|switch|p1a: Ceruledge|Ceruledge, F|100/100
|move|p2a: Jah Morant|Bullet Punch|p1a: Ceruledge
|-resisted|p1a: Ceruledge
|-damage|p1a: Ceruledge|64/100
|-ability|p1a: Ceruledge|Weak Armor|boost
|-unboost|p1a: Ceruledge|def|1
|-boost|p1a: Ceruledge|spe|2
|
|-weather|Snowscape|[upkeep]
|upkeep
|turn|4
|inactive|Admin Briar has 120 seconds left.
|
|t:|1758265959
|switch|p2a: Dennis Rodman|Primarina, M, shiny|100/100
|-status|p2a: Dennis Rodman|tox
|-damage|p2a: Dennis Rodman|88/100 tox|[from] Stealth Rock
|move|p1a: Ceruledge|Swords Dance|p1a: Ceruledge
|-boost|p1a: Ceruledge|atk|2
|
|-weather|Snowscape|[upkeep]
|-heal|p2a: Dennis Rodman|94/100 tox|[from] item: Leftovers
|-damage|p2a: Dennis Rodman|88/100 tox|[from] psn
|upkeep
|turn|5
|
|t:|1758265969
|move|p1a: Ceruledge|Poltergeist|p2a: Dennis Rodman
|-activate|p2a: Dennis Rodman|move: Poltergeist|Leftovers
|-damage|p2a: Dennis Rodman|0 fnt
|faint|p2a: Dennis Rodman
|
|-weather|Snowscape|[upkeep]
|upkeep
|
|t:|1758265981
|switch|p2a: Jabari Smith Jr.|Ting-Lu|100/100
|-status|p2a: Jabari Smith Jr.|tox
|-damage|p2a: Jabari Smith Jr.|94/100 tox|[from] Stealth Rock
|-ability|p2a: Jabari Smith Jr.|Vessel of Ruin
|turn|6
|
|t:|1758266007
|move|p1a: Ceruledge|Bitter Blade|p2a: Jabari Smith Jr.
|-damage|p2a: Jabari Smith Jr.|43/100 tox
|-heal|p1a: Ceruledge|100/100|[from] drain|[of] p2a: Jabari Smith Jr.
|move|p2a: Jabari Smith Jr.|Earthquake|p1a: Ceruledge
|-supereffective|p1a: Ceruledge
|-enditem|p1a: Ceruledge|Focus Sash
|-damage|p1a: Ceruledge|1/100
|-ability|p1a: Ceruledge|Weak Armor|boost
|-unboost|p1a: Ceruledge|def|1
|-boost|p1a: Ceruledge|spe|2
|
|-weather|Snowscape|[upkeep]
|-heal|p2a: Jabari Smith Jr.|49/100 tox|[from] item: Leftovers
|-damage|p2a: Jabari Smith Jr.|43/100 tox|[from] psn
|upkeep
|turn|7
|
|t:|1758266020
|move|p1a: Ceruledge|Bitter Blade|p2a: Jabari Smith Jr.
|-damage|p2a: Jabari Smith Jr.|0 fnt
|-heal|p1a: Ceruledge|38/100|[from] drain|[of] p2a: Jabari Smith Jr.
|faint|p2a: Jabari Smith Jr.
|
|-weather|none
|upkeep
|
|t:|1758266023
|switch|p2a: Jah Morant|Scizor, M|100/100
|-damage|p2a: Jah Morant|88/100|[from] Stealth Rock
|turn|8
|
|t:|1758266031
|move|p1a: Ceruledge|Shadow Sneak|p2a: Jah Morant
|-damage|p2a: Jah Morant|37/100
|move|p2a: Jah Morant|U-turn|p1a: Ceruledge
|-resisted|p1a: Ceruledge
|-damage|p1a: Ceruledge|0 fnt
|faint|p1a: Ceruledge
|
|t:|1758266035
|switch|p2a: Steve Nash|Cinderace, M|100/100|[from] U-turn
|
|upkeep
|
|t:|1758266041
|switch|p1a: Excadrill|Excadrill, F|100/100
|-ability|p1a: Excadrill|Mold Breaker
|turn|9
|
|t:|1758266047
|move|p2a: Steve Nash|Pyro Ball|p1a: Excadrill
|-supereffective|p1a: Excadrill
|-damage|p1a: Excadrill|0 fnt
|faint|p1a: Excadrill
|
|upkeep
|inactive|Admin Briar has 120 seconds left.
|
|t:|1758266053
|switch|p1a: Greninja|Greninja, M|100/100
|turn|10
|
|t:|1758266060
|switch|p2a: Charles Barkley|Chesnaught, F|100/100
|-status|p2a: Charles Barkley|tox
|-damage|p2a: Charles Barkley|94/100 tox|[from] Stealth Rock
|move|p1a: Greninja|Surf|p2a: Charles Barkley
|-resisted|p2a: Charles Barkley
|-damage|p2a: Charles Barkley|74/100 tox
|
|-damage|p2a: Charles Barkley|68/100 tox|[from] psn
|upkeep
|turn|11
|
|t:|1758266069
|move|p1a: Greninja|Ice Beam|p2a: Charles Barkley
|-supereffective|p2a: Charles Barkley
|-damage|p2a: Charles Barkley|1/100 tox
|move|p2a: Charles Barkley|Body Press|p1a: Greninja
|-supereffective|p1a: Greninja
|-damage|p1a: Greninja|0 fnt
|faint|p1a: Greninja
|
|-damage|p2a: Charles Barkley|0 fnt|[from] psn
|faint|p2a: Charles Barkley
|upkeep
|
|t:|1758266085
|switch|p1a: Ninetales|Ninetales-Alola, F|100/100
|switch|p2a: Jah Morant|Scizor, M|37/100
|-weather|Snowscape|[from] ability: Snow Warning|[of] p1a: Ninetales
|-damage|p2a: Jah Morant|25/100|[from] Stealth Rock
|turn|12
|
|t:|1758266092
|-terastallize|p1a: Ninetales|Water
|move|p2a: Jah Morant|Bullet Punch|p1a: Ninetales
|-resisted|p1a: Ninetales
|-damage|p1a: Ninetales|58/100
|move|p1a: Ninetales|Aurora Veil|p1a: Ninetales
|-sidestart|p1: Admin Briar|move: Aurora Veil
|
|-weather|Snowscape|[upkeep]
|upkeep
|turn|13
|
|t:|1758266099
|move|p2a: Jah Morant|Bullet Punch|p1a: Ninetales
|-resisted|p1a: Ninetales
|-damage|p1a: Ninetales|37/100
|move|p1a: Ninetales|Freeze-Dry|p2a: Jah Morant
|-resisted|p2a: Jah Morant
|-damage|p2a: Jah Morant|9/100
|
|-weather|Snowscape|[upkeep]
|upkeep
|turn|14
|
|t:|1758266112
|switch|p2a: Steve Nash|Cinderace, M|100/100
|move|p1a: Ninetales|Freeze-Dry|p2a: Steve Nash
|-resisted|p2a: Steve Nash
|-damage|p2a: Steve Nash|83/100
|
|-weather|Snowscape|[upkeep]
|upkeep
|turn|15
|
|t:|1758266119
|switch|p1a: Kommo-o|Kommo-o, F|100/100
|move|p2a: Steve Nash|Court Change|p2a: Steve Nash
|-start|p2a: Steve Nash|typechange|Normal|[from] ability: Libero
|-swapsideconditions
|-activate|p2a: Steve Nash|move: Court Change
|
|-weather|Snowscape|[upkeep]
|upkeep
|turn|16
|
|t:|1758266128
|switch|p2a: Russel Westbrook|Dragapult, F|100/100
|move|p1a: Kommo-o|Clangorous Soul|p1a: Kommo-o
|-boost|p1a: Kommo-o|atk|1
|-boost|p1a: Kommo-o|def|1
|-boost|p1a: Kommo-o|spa|1
|-boost|p1a: Kommo-o|spd|1
|-boost|p1a: Kommo-o|spe|1
|-damage|p1a: Kommo-o|68/100
|
|-weather|none
|upkeep
|turn|17
|
|t:|1758266140
|-terastallize|p2a: Russel Westbrook|Fairy
|move|p1a: Kommo-o|Earthquake|p2a: Russel Westbrook
|-damage|p2a: Russel Westbrook|67/100
|move|p2a: Russel Westbrook|Dragon Darts|p1a: Kommo-o
|-supereffective|p1a: Kommo-o
|-damage|p1a: Kommo-o|39/100
|-anim|p2a: Russel Westbrook|Dragon Darts|p1a: Kommo-o
|-supereffective|p1a: Kommo-o
|-damage|p1a: Kommo-o|12/100
|
|upkeep
|turn|18
|
|t:|1758266152
|move|p1a: Kommo-o|Thunder Punch|p2a: Russel Westbrook
|-damage|p2a: Russel Westbrook|39/100
|move|p2a: Russel Westbrook|Hex|p1a: Kommo-o
|-damage|p1a: Kommo-o|0 fnt
|faint|p1a: Kommo-o
|
|upkeep
|-message|Admin Briar forfeited.
|
|win|pillsplitter
|raw|Admin Briar's rating: 1456 &rarr; <strong>1436</strong><br />(-20 for losing)
|raw|pillsplitter's rating: 1464 &rarr; <strong>1484</strong><br />(+20 for winning)
|l|☆Admin Briar
|player|p1|
|l|☆pillsplitter
|player|p2|
