|j|☆bianyuanren
|j|‽P0CARI SWEAT
|t:|1758262402
|gametype|singles
|player|p1|bianyuanren|dawn|1177
|player|p2|P0CARI SWEAT|266|1115
|gen|9
|tier|[Gen 9] OU
|rated|
|rule|HP Percentage Mod: HP is shown in percentages
|rule|Endless Battle Clause: Forcing endless battles is banned
|rule|Species Clause: Limit one of each Pokémon
|rule|OHKO Clause: OHKO moves are banned
|rule|Evasion Items Clause: Evasion items are banned
|rule|Evasion Moves Clause: Evasion moves are banned
|rule|Evasion Abilities Clause: Evasion abilities are banned
|rule|Sleep Moves Clause: Sleep-inducing moves are banned
|clearpoke
|poke|p1|Ogerpon-Wellspring, F|
|poke|p1|Ribombee, M|
|poke|p1|Manaphy|
|poke|p1|Rillaboom, M|
|poke|p1|Dragonite, M|
|poke|p1|Pelipper, F|
|poke|p2|Swalot, M|
|poke|p2|Araquanid, F|
|poke|p2|Blaziken, F|
|poke|p2|Hypno, F|
|poke|p2|Landorus-Therian, M|
|poke|p2|Dragapult, F|
|teampreview
|
|t:|1758262445
|teamsize|p1|6
|teamsize|p2|6
|start
|switch|p1a: Ribombee|Ribombee, M, shiny|100/100
|switch|p2a: Araquanid|Araquanid, F|100/100
|turn|1
|
|t:|1758262455
|move|p1a: Ribombee|Sticky Web|p2a: Araquanid
|-sidestart|p2: P0CARI SWEAT|move: Sticky Web
|move|p2a: Araquanid|Sticky Web|p1a: Ribombee
|-sidestart|p1: bianyuanren|move: Sticky Web
|
|upkeep
|turn|2
|
|t:|1758262466
|switch|p1a: Ogerpon|Ogerpon-Wellspring, F|100/100
|-activate|p1a: Ogerpon|move: Sticky Web
|-unboost|p1a: Ogerpon|spe|1
|move|p2a: Araquanid|Surf|p1a: Ogerpon
|-immune|p1a: Ogerpon|[from] ability: Water Absorb
|
|upkeep
|turn|3
|
|t:|1758262482
|move|p1a: Ogerpon|Horn Leech|p2a: Araquanid
|-damage|p2a: Araquanid|58/100
|move|p2a: Araquanid|Surf|p1a: Ogerpon
|-immune|p1a: Ogerpon|[from] ability: Water Absorb
|
|upkeep
|turn|4
|
|t:|1758262490
|move|p1a: Ogerpon|Horn Leech|p2a: Araquanid
|-damage|p2a: Araquanid|9/100
|move|p2a: Araquanid|Surf|p1a: Ogerpon
|-immune|p1a: Ogerpon|[from] ability: Water Absorb
|
|upkeep
|turn|5
|-enditem|p2a: Araquanid|Custap Berry|[eat]
|-activate|p2a: Araquanid|item: Custap Berry|[consumed]
|
|t:|1758262499
|move|p2a: Araquanid|Endeavor|p1a: Ogerpon
|-damage|p1a: Ogerpon|10/100
|move|p1a: Ogerpon|Horn Leech|p2a: Araquanid
|-damage|p2a: Araquanid|0 fnt
|-heal|p1a: Ogerpon|15/100|[from] drain|[of] p2a: Araquanid
|faint|p2a: Araquanid
|
|upkeep
|
|t:|1758262509
|switch|p2a: Dragapult|Dragapult, F|100/100
|-activate|p2a: Dragapult|move: Sticky Web
|-unboost|p2a: Dragapult|spe|1
|turn|6
|
|t:|1758262519
|move|p1a: Ogerpon|Spiky Shield|p1a: Ogerpon
|-singleturn|p1a: Ogerpon|move: Protect
|move|p2a: Dragapult|Dragon Darts|p1a: Ogerpon
|-activate|p1a: Ogerpon|move: Protect
|
|upkeep
|turn|7
|
|t:|1758262531
|switch|p1a: Ribombee|Ribombee, M, shiny|100/100
|-activate|p1a: Ribombee|move: Sticky Web
|-unboost|p1a: Ribombee|spe|1
|move|p2a: Dragapult|Will-O-Wisp|p1a: Ribombee
|-status|p1a: Ribombee|brn
|
|-damage|p1a: Ribombee|94/100 brn|[from] brn
|upkeep
|turn|8
|
|t:|1758262542
|switch|p2a: Swalot|Swalot, M|100/100
|-activate|p2a: Swalot|move: Sticky Web
|-unboost|p2a: Swalot|spe|1
|move|p1a: Ribombee|Moonblast|p2a: Swalot
|-resisted|p2a: Swalot
|-damage|p2a: Swalot|81/100
|
|-damage|p1a: Ribombee|88/100 brn|[from] brn
|upkeep
|turn|9
|
|t:|1758262555
|switch|p1a: Pelipper|Pelipper, F, shiny|100/100
|-weather|RainDance|[from] ability: Drizzle|[of] p1a: Pelipper
|move|p2a: Swalot|Stuff Cheeks|p2a: Swalot
|-boost|p2a: Swalot|def|2
|-enditem|p2a: Swalot|Starf Berry|[eat]
|-boost|p2a: Swalot|spe|2|[from] item: Starf Berry
|
|-weather|RainDance|[upkeep]
|upkeep
|turn|10
|inactive|Battle timer is ON: inactive players will automatically lose when time's up. (requested by P0CARI SWEAT)
|
|t:|1758262571
|move|p2a: Swalot|Belch|p1a: Pelipper
|-damage|p1a: Pelipper|47/100
|move|p1a: Pelipper|U-turn|p2a: Swalot
|-resisted|p2a: Swalot
|-crit|p2a: Swalot
|-damage|p2a: Swalot|76/100
|
|t:|1758262580
|switch|p1a: Manaphy|Manaphy, shiny|100/100|[from] U-turn
|-activate|p1a: Manaphy|move: Sticky Web
|-unboost|p1a: Manaphy|spe|1
|
|-weather|RainDance|[upkeep]
|upkeep
|turn|11
|
|t:|1758262599
|move|p1a: Manaphy|Tail Glow|p1a: Manaphy
|-boost|p1a: Manaphy|spa|3
|move|p2a: Swalot|Belch|p1a: Manaphy
|-damage|p1a: Manaphy|69/100
|
|-weather|RainDance|[upkeep]
|upkeep
|turn|12
|
|t:|1758262607
|move|p1a: Manaphy|Surf|p2a: Swalot
|-crit|p2a: Swalot
|-damage|p2a: Swalot|0 fnt
|faint|p2a: Swalot
|
|-weather|RainDance|[upkeep]
|upkeep
|
|t:|1758262624
|switch|p2a: Dragapult|Dragapult, F|100/100
|-activate|p2a: Dragapult|move: Sticky Web
|-unboost|p2a: Dragapult|spe|1
|turn|13
|
|t:|1758262633
|move|p1a: Manaphy|Endure|p1a: Manaphy
|-singleturn|p1a: Manaphy|move: Endure
|move|p2a: Dragapult|Light Screen|p2a: Dragapult
|-sidestart|p2: P0CARI SWEAT|move: Light Screen
|
|-weather|RainDance|[upkeep]
|upkeep
|turn|14
|
|t:|1758262642
|move|p2a: Dragapult|Dragon Darts|p1a: Manaphy
|-crit|p1a: Manaphy
|-damage|p1a: Manaphy|39/100
|-anim|p2a: Dragapult|Dragon Darts|p1a: Manaphy
|-damage|p1a: Manaphy|17/100
|-enditem|p1a: Manaphy|Salac Berry|[eat]
|-boost|p1a: Manaphy|spe|1|[from] item: Salac Berry
|move|p1a: Manaphy|Ice Beam|p2a: Dragapult
|-supereffective|p2a: Dragapult
|-damage|p2a: Dragapult|21/100
|
|-weather|RainDance|[upkeep]
|upkeep
|turn|15
|
|t:|1758262655
|move|p1a: Manaphy|Ice Beam|p2a: Dragapult
|-supereffective|p2a: Dragapult
|-damage|p2a: Dragapult|0 fnt
|faint|p2a: Dragapult
|
|-weather|RainDance|[upkeep]
|upkeep
|
|t:|1758262667
|switch|p2a: Hypno|Hypno, F, shiny|100/100
|-activate|p2a: Hypno|move: Sticky Web
|-unboost|p2a: Hypno|spe|1
|turn|16
|
|t:|1758262675
|move|p1a: Manaphy|Surf|p2a: Hypno
|-damage|p2a: Hypno|27/100
|move|p2a: Hypno|Trailblaze|p1a: Manaphy
|-supereffective|p1a: Manaphy
|-damage|p1a: Manaphy|2/100
|-boost|p2a: Hypno|spe|1
|
|-weather|none
|-heal|p2a: Hypno|33/100|[from] item: Leftovers
|upkeep
|turn|17
|-message|P0CARI SWEAT forfeited.
|
|win|bianyuanren
|raw|bianyuanren's rating: 1177 &rarr; <strong>1198</strong><br />(+21 for winning)
|raw|P0CARI SWEAT's rating: 1115 &rarr; <strong>1094</strong><br />(-21 for losing)
|l|‽P0CARI SWEAT
|player|p2|
|l|☆bianyuanren
|player|p1|
