|j|☆ThatBrownBoy
|j|☆seethemalldie
|t:|1758293760
|gametype|singles
|player|p1|ThatBrownBoy|2|1317
|player|p2|seethemalldie|170|1288
|gen|9
|tier|[Gen 9] OU
|rated|
|rule|HP Percentage Mod: HP is shown in percentages
|rule|Endless Battle Clause: Forcing endless battles is banned
|rule|Species Clause: Limit one of each Pokémon
|rule|OHKO Clause: OHKO moves are banned
|rule|Evasion Items Clause: Evasion items are banned
|rule|Evasion Moves Clause: Evasion moves are banned
|rule|Evasion Abilities Clause: Evasion abilities are banned
|rule|Sleep Moves Clause: Sleep-inducing moves are banned
|clearpoke
|poke|p1|Ambipom, F|
|poke|p1|Grimmsnarl, M|
|poke|p1|Ursaluna, F|
|poke|p1|Dragonite, M|
|poke|p1|Zoroark-Hisui, M|
|poke|p1|Corviknight, F|
|poke|p2|Scizor, F|
|poke|p2|Toxtricity-Low-Key, F|
|poke|p2|Hydreigon, F|
|poke|p2|Iron Valiant|
|poke|p2|Ogerpon-Wellspring, F|
|poke|p2|Arcanine-Hisui, M|
|teampreview
|inactive|Battle timer is ON: inactive players will automatically lose when time's up. (requested by ThatBrownBoy)
|inactive|seethemalldie also wants the timer to be on.
|
|t:|1758293780
|teamsize|p1|6
|teamsize|p2|6
|start
|switch|p1a: Ursaluna|Ursaluna, F, shiny|100/100
|switch|p2a: Berry|Ogerpon-Wellspring, F|100/100
|turn|1
|
|t:|1758293789
|switch|p1a: Corviknight|Corviknight, F|100/100
|-ability|p1a: Corviknight|Pressure
|move|p2a: Berry|Swords Dance|p2a: Berry
|-boost|p2a: Berry|atk|2
|
|upkeep
|turn|2
|
|t:|1758293801
|move|p2a: Berry|Ivy Cudgel|p1a: Corviknight|[anim] Ivy Cudgel Water
|-crit|p1a: Corviknight
|-damage|p1a: Corviknight|1/100
|move|p1a: Corviknight|U-turn|p2a: Berry
|-supereffective|p2a: Berry
|-crit|p2a: Berry
|-damage|p2a: Berry|41/100
|
|t:|1758293807
|switch|p1a: Ambipom|Ambipom, F, shiny|100/100|[from] U-turn
|
|upkeep
|turn|3
|
|t:|1758293814
|switch|p2a: Solid|Scizor, F|100/100
|move|p1a: Ambipom|Fake Out|p2a: Solid
|-resisted|p2a: Solid
|-damage|p2a: Solid|86/100
|
|upkeep
|turn|4
|
|t:|1758293823
|switch|p1a: Corviknight|Corviknight, F|1/100
|-ability|p1a: Corviknight|Pressure
|move|p2a: Solid|Swords Dance|p2a: Solid
|-boost|p2a: Solid|atk|2
|
|upkeep
|turn|5
|
|t:|1758293831
|move|p2a: Solid|Bullet Punch|p1a: Corviknight
|-resisted|p1a: Corviknight
|-damage|p1a: Corviknight|0 fnt
|-damage|p2a: Solid|69/100|[from] item: Rocky Helmet|[of] p1a: Corviknight
|faint|p1a: Corviknight
|
|upkeep
|
|t:|1758293835
|switch|p1a: Ambipom|Ambipom, F, shiny|100/100
|turn|6
|
|t:|1758293840
|move|p1a: Ambipom|Flamethrower|p2a: Solid
|-supereffective|p2a: Solid
|-damage|p2a: Solid|0 fnt
|faint|p2a: Solid
|
|upkeep
|
|t:|1758293856
|switch|p2a: Nite|Iron Valiant, shiny|100/100
|turn|7
|
|t:|1758293864
|move|p2a: Nite|Moonblast|p1a: Ambipom
|-enditem|p1a: Ambipom|Focus Sash
|-damage|p1a: Ambipom|1/100
|-unboost|p1a: Ambipom|spa|1
|replace|p1a: Zoroark|Zoroark-Hisui, M, shiny
|-end|p1a: Zoroark|Illusion
|move|p1a: Zoroark|Nasty Plot|p1a: Zoroark
|-boost|p1a: Zoroark|spa|2
|
|upkeep
|turn|8
|
|t:|1758293878
|move|p2a: Nite|Moonblast|p1a: Zoroark
|-damage|p1a: Zoroark|0 fnt
|faint|p1a: Zoroark
|
|upkeep
|
|t:|1758293880
|switch|p1a: Ambipom|Ambipom, F, shiny|100/100
|turn|9
|
|t:|1758293893
|-end|p2a: Nite|Quark Drive|[silent]
|switch|p2a: Trip|Hydreigon, F, shiny|100/100
|move|p1a: Ambipom|Fake Out|p2a: Trip
|-damage|p2a: Trip|64/100
|
|upkeep
|turn|10
|
|t:|1758293901
|move|p1a: Ambipom|U-turn|p2a: Trip
|-supereffective|p2a: Trip
|-damage|p2a: Trip|21/100
|
|t:|1758293907
|switch|p1a: Grimmsnarl|Grimmsnarl, M, shiny|100/100|[from] U-turn
|move|p2a: Trip|Tailwind|p2a: Trip
|-sidestart|p2: seethemalldie|move: Tailwind
|
|upkeep
|turn|11
|
|t:|1758293914
|move|p1a: Grimmsnarl|Fake Out|p2a: Trip
|-damage|p2a: Trip|4/100
|cant|p2a: Trip|flinch
|
|upkeep
|turn|12
|
|t:|1758293921
|move|p2a: Trip|Taunt|p1a: Grimmsnarl
|-start|p1a: Grimmsnarl|move: Taunt
|move|p1a: Grimmsnarl|Drain Punch|p2a: Trip
|-supereffective|p2a: Trip
|-damage|p2a: Trip|0 fnt
|faint|p2a: Trip
|
|upkeep
|
|t:|1758293930
|switch|p2a: Chili|Toxtricity-Low-Key, F|100/100
|turn|13
|
|t:|1758293934
|switch|p1a: Ursaluna|Ursaluna, F, shiny|100/100
|-terastallize|p2a: Chili|Normal
|move|p2a: Chili|Boomburst|p1a: Ursaluna
|-damage|p1a: Ursaluna|0 fnt
|faint|p1a: Ursaluna
|
|-sideend|p2: seethemalldie|move: Tailwind
|upkeep
|
|t:|1758293941
|switch|p1a: Ambipom|Ambipom, F, shiny|100/100
|turn|14
|
|t:|1758293953
|switch|p2a: Berry|Ogerpon-Wellspring, F|41/100
|move|p1a: Ambipom|Fake Out|p2a: Berry
|-damage|p2a: Berry|0 fnt
|faint|p2a: Berry
|
|upkeep
|
|t:|1758293969
|switch|p2a: Archie|Arcanine-Hisui, M|100/100
|turn|15
|
|t:|1758293982
|move|p1a: Ambipom|Low Kick|p2a: Archie
|-supereffective|p2a: Archie
|-damage|p2a: Archie|27/100
|move|p2a: Archie|Head Smash|p1a: Ambipom
|-damage|p1a: Ambipom|0 fnt
|faint|p1a: Ambipom
|
|upkeep
|
|t:|1758293987
|switch|p1a: Dragonite|Dragonite, M, shiny|100/100
|turn|16
|
|t:|1758293992
|-terastallize|p1a: Dragonite|Normal
|move|p2a: Archie|Head Smash|p1a: Dragonite
|-damage|p1a: Dragonite|46/100
|move|p1a: Dragonite|Dragon Dance|p1a: Dragonite
|-boost|p1a: Dragonite|atk|1
|-boost|p1a: Dragonite|spe|1
|
|upkeep
|turn|17
|
|t:|1758294004
|move|p1a: Dragonite|Extreme Speed|p2a: Archie
|-resisted|p2a: Archie
|-damage|p2a: Archie|0 fnt
|faint|p2a: Archie
|
|upkeep
|
|t:|1758294011
|switch|p2a: Nite|Iron Valiant, shiny|100/100
|turn|18
|
|t:|1758294015
|move|p1a: Dragonite|Extreme Speed|p2a: Nite
|-damage|p2a: Nite|3/100
|move|p2a: Nite|Vacuum Wave|p1a: Dragonite
|-supereffective|p1a: Dragonite
|-damage|p1a: Dragonite|0 fnt
|faint|p1a: Dragonite
|
|upkeep
|
|t:|1758294020
|switch|p1a: Grimmsnarl|Grimmsnarl, M, shiny|100/100
|turn|19
|
|t:|1758294030
|move|p1a: Grimmsnarl|Fake Out|p2a: Nite
|-damage|p2a: Nite|0 fnt
|faint|p2a: Nite
|-end|p2a: Nite|Quark Drive|[silent]
|
|upkeep
|
|t:|1758294035
|switch|p2a: Chili|Toxtricity-Low-Key, F, tera:Normal|100/100
|turn|20
|
|t:|1758294038
|move|p1a: Grimmsnarl|Thunder Wave|p2a: Chili
|-status|p2a: Chili|par
|move|p2a: Chili|Boomburst|p1a: Grimmsnarl
|-damage|p1a: Grimmsnarl|0 fnt
|faint|p1a: Grimmsnarl
|
|win|seethemalldie
|raw|ThatBrownBoy's rating: 1317 &rarr; <strong>1295</strong><br />(-22 for losing)
|raw|seethemalldie's rating: 1288 &rarr; <strong>1315</strong><br />(+27 for winning)
|l|☆ThatBrownBoy
|player|p1|
|l|☆seethemalldie
|player|p2|
