|j|☆DuckyBoi1709
|j|☆nmauro23
|t:|1758375415
|gametype|singles
|player|p1|DuckyBoi1709|rood|1273
|player|p2|nmauro23|schoolkid-gen4|1341
|gen|9
|tier|[Gen 9] OU
|rated|
|rule|HP Percentage Mod: HP is shown in percentages
|rule|Endless Battle Clause: Forcing endless battles is banned
|rule|Species Clause: Limit one of each Pokémon
|rule|OHKO Clause: OHKO moves are banned
|rule|Evasion Items Clause: Evasion items are banned
|rule|Evasion Moves Clause: Evasion moves are banned
|rule|Evasion Abilities Clause: Evasion abilities are banned
|rule|Sleep Moves Clause: Sleep-inducing moves are banned
|clearpoke
|poke|p1|Dragonite, M|
|poke|p1|Gholdengo|
|poke|p1|Regidrago|
|poke|p1|Scizor, M|
|poke|p1|Ting-Lu|
|poke|p1|Weezing-Galar, M|
|poke|p2|Ogerpon-Cornerstone, F|
|poke|p2|Hatterene, F|
|poke|p2|Pecharunt|
|poke|p2|Landorus-Therian, M|
|poke|p2|Kingambit, M|
|poke|p2|Latios, M|
|teampreview
|inactive|Battle timer is ON: inactive players will automatically lose when time's up. (requested by DuckyBoi1709)
|
|t:|1758375429
|teamsize|p1|6
|teamsize|p2|6
|start
|switch|p1a: Ting-Lu|Ting-Lu|100/100
|switch|p2a: Landorus|Landorus-Therian, M|100/100
|-ability|p2a: Landorus|Intimidate|boost
|-unboost|p1a: Ting-Lu|atk|1
|-ability|p1a: Ting-Lu|Vessel of Ruin
|turn|1
|
|t:|1758375438
|move|p2a: Landorus|U-turn|p1a: Ting-Lu
|-supereffective|p1a: Ting-Lu
|-damage|p1a: Ting-Lu|76/100
|
|t:|1758375441
|switch|p2a: Hatterene|Hatterene, F|100/100|[from] U-turn
|move|p1a: Ting-Lu|Stealth Rock|p2a: Hatterene
|move|p2a: Hatterene|Stealth Rock|p1a: Ting-Lu|[from] ability: Magic Bounce
|-sidestart|p1: DuckyBoi1709|move: Stealth Rock
|
|-heal|p1a: Ting-Lu|82/100|[from] item: Leftovers
|upkeep
|turn|2
|
|t:|1758375463
|move|p1a: Ting-Lu|Ruination|p2a: Hatterene
|-damage|p2a: Hatterene|50/100
|move|p2a: Hatterene|Draining Kiss|p1a: Ting-Lu
|-supereffective|p1a: Ting-Lu
|-damage|p1a: Ting-Lu|61/100
|-heal|p2a: Hatterene|76/100|[from] drain|[of] p1a: Ting-Lu
|
|-heal|p1a: Ting-Lu|67/100|[from] item: Leftovers
|upkeep
|turn|3
|
|t:|1758375474
|move|p2a: Hatterene|Draining Kiss|p1a: Ting-Lu
|-supereffective|p1a: Ting-Lu
|-damage|p1a: Ting-Lu|46/100
|-heal|p2a: Hatterene|100/100|[from] drain|[of] p1a: Ting-Lu
|move|p1a: Ting-Lu|Whirlwind|p2a: Hatterene
|move|p2a: Hatterene|Whirlwind|p1a: Ting-Lu|[from] ability: Magic Bounce
|drag|p1a: Dragonite|Dragonite, M|100/100
|
|upkeep
|turn|4
|
|t:|1758375484
|move|p1a: Dragonite|Dragon Dance|p1a: Dragonite
|-boost|p1a: Dragonite|atk|1
|-boost|p1a: Dragonite|spe|1
|move|p2a: Hatterene|Nuzzle|p1a: Dragonite
|-damage|p1a: Dragonite|98/100
|-status|p1a: Dragonite|par
|
|upkeep
|turn|5
|
|t:|1758375493
|-terastallize|p1a: Dragonite|Normal
|move|p1a: Dragonite|Dragon Dance|p1a: Dragonite
|-boost|p1a: Dragonite|atk|1
|-boost|p1a: Dragonite|spe|1
|move|p2a: Hatterene|Draining Kiss|p1a: Dragonite
|-damage|p1a: Dragonite|74/100 par
|
|upkeep
|turn|6
|
|t:|1758375503
|move|p1a: Dragonite|Dragon Dance|p1a: Dragonite
|-boost|p1a: Dragonite|atk|1
|-boost|p1a: Dragonite|spe|1
|move|p2a: Hatterene|Psychic Noise|p1a: Dragonite
|-damage|p1a: Dragonite|36/100 par
|-start|p1a: Dragonite|move: Heal Block
|
|upkeep
|turn|7
|
|t:|1758375511
|switch|p2a: Landorus|Landorus-Therian, M|100/100
|-ability|p2a: Landorus|Intimidate|boost
|-unboost|p1a: Dragonite|atk|1
|move|p1a: Dragonite|Earthquake|p2a: Landorus
|-immune|p2a: Landorus
|
|-end|p1a: Dragonite|move: Heal Block
|upkeep
|turn|8
|
|t:|1758375521
|move|p1a: Dragonite|Roost|p1a: Dragonite
|-heal|p1a: Dragonite|86/100 par
|move|p2a: Landorus|Earthquake|p1a: Dragonite
|-damage|p1a: Dragonite|40/100 par
|
|upkeep
|turn|9
|
|t:|1758375535
|move|p1a: Dragonite|Roost|p1a: Dragonite
|-heal|p1a: Dragonite|90/100 par
|move|p2a: Landorus|U-turn|p1a: Dragonite
|-damage|p1a: Dragonite|66/100 par
|
|t:|1758375550
|switch|p2a: Ogerpon|Ogerpon-Cornerstone, F|100/100|[from] U-turn
|
|upkeep
|turn|10
|
|t:|1758375555
|move|p1a: Dragonite|Extreme Speed|p2a: Ogerpon
|-resisted|p2a: Ogerpon
|-damage|p2a: Ogerpon|42/100
|move|p2a: Ogerpon|Ivy Cudgel|p1a: Dragonite|[anim] Ivy Cudgel Rock
|-damage|p1a: Dragonite|6/100 par
|
|upkeep
|turn|11
|
|t:|1758375565
|switch|p2a: Landorus|Landorus-Therian, M|100/100
|-ability|p2a: Landorus|Intimidate|boost
|-unboost|p1a: Dragonite|atk|1
|move|p1a: Dragonite|Extreme Speed|p2a: Landorus
|-damage|p2a: Landorus|38/100
|-damage|p1a: Dragonite|0 fnt|[from] item: Rocky Helmet|[of] p2a: Landorus
|faint|p1a: Dragonite
|
|upkeep
|
|t:|1758375575
|switch|p1a: Weezing|Weezing-Galar, M|100/100
|-ability|p1a: Weezing|Neutralizing Gas
|turn|12
|
|t:|1758375581
|move|p2a: Landorus|Earthquake|p1a: Weezing
|-supereffective|p1a: Weezing
|-damage|p1a: Weezing|42/100
|move|p1a: Weezing|Defog|p2a: Landorus
|-unboost|p2a: Landorus|evasion|1
|-sideend|p1: DuckyBoi1709|Stealth Rock|[from] move: Defog|[of] p1a: Weezing
|
|upkeep
|turn|13
|
|t:|1758375595
|-end|p1a: Weezing|ability: Neutralizing Gas
|-ability|p2a: Landorus|Intimidate|boost
|-unboost|p1a: Weezing|atk|1
|switch|p1a: Ting-Lu|Ting-Lu|46/100
|-ability|p1a: Ting-Lu|Vessel of Ruin
|move|p2a: Landorus|Taunt|p1a: Ting-Lu
|-start|p1a: Ting-Lu|move: Taunt
|
|-heal|p1a: Ting-Lu|52/100|[from] item: Leftovers
|upkeep
|turn|14
|
|t:|1758375605
|move|p2a: Landorus|U-turn|p1a: Ting-Lu
|-supereffective|p1a: Ting-Lu
|-damage|p1a: Ting-Lu|28/100
|
|t:|1758375618
|switch|p2a: Hatterene|Hatterene, F|100/100|[from] U-turn
|move|p1a: Ting-Lu|Ruination|p2a: Hatterene
|-damage|p2a: Hatterene|50/100
|
|-heal|p1a: Ting-Lu|35/100|[from] item: Leftovers
|upkeep
|turn|15
|
|t:|1758375625
|move|p1a: Ting-Lu|Earthquake|p2a: Hatterene
|-damage|p2a: Hatterene|5/100
|move|p2a: Hatterene|Draining Kiss|p1a: Ting-Lu
|-supereffective|p1a: Ting-Lu
|-damage|p1a: Ting-Lu|13/100
|-heal|p2a: Hatterene|31/100|[from] drain|[of] p1a: Ting-Lu
|
|-heal|p1a: Ting-Lu|19/100|[from] item: Leftovers
|-end|p1a: Ting-Lu|move: Taunt
|upkeep
|turn|16
|
|t:|1758375642
|move|p1a: Ting-Lu|Ruination|p2a: Hatterene
|-damage|p2a: Hatterene|16/100
|move|p2a: Hatterene|Draining Kiss|p1a: Ting-Lu
|-supereffective|p1a: Ting-Lu
|-damage|p1a: Ting-Lu|0 fnt
|-heal|p2a: Hatterene|39/100|[from] drain|[of] p1a: Ting-Lu
|faint|p1a: Ting-Lu
|
|upkeep
|
|t:|1758375646
|switch|p1a: Gholdengo|Gholdengo|100/100
|turn|17
|
|t:|1758375652
|move|p1a: Gholdengo|Make It Rain|p2a: Hatterene
|-supereffective|p2a: Hatterene
|-damage|p2a: Hatterene|0 fnt
|-unboost|p1a: Gholdengo|spa|1
|faint|p2a: Hatterene
|
|upkeep
|
|t:|1758375666
|switch|p2a: Ogerpon|Ogerpon-Cornerstone, F|42/100
|turn|18
|
|t:|1758375670
|switch|p1a: Weezing|Weezing-Galar, M|42/100
|-ability|p1a: Weezing|Neutralizing Gas
|move|p2a: Ogerpon|Knock Off|p1a: Weezing
|-resisted|p1a: Weezing
|-damage|p1a: Weezing|28/100
|-enditem|p1a: Weezing|Heavy-Duty Boots|[from] move: Knock Off|[of] p2a: Ogerpon
|
|upkeep
|turn|19
|
|t:|1758375679
|move|p2a: Ogerpon|Ivy Cudgel|p1a: Weezing|[anim] Ivy Cudgel Rock
|-damage|p1a: Weezing|0 fnt
|faint|p1a: Weezing
|-end|p1a: Weezing|ability: Neutralizing Gas
|
|upkeep
|
|t:|1758375683
|switch|p1a: Regidrago|Regidrago|100/100
|turn|20
|
|t:|1758375690
|move|p1a: Regidrago|Dragon Energy|p2a: Ogerpon
|-damage|p2a: Ogerpon|0 fnt
|faint|p2a: Ogerpon
|
|upkeep
|
|t:|1758375705
|switch|p2a: Latios|Latios, M|100/100
|turn|21
|
|t:|1758375711
|switch|p1a: Gholdengo|Gholdengo|100/100
|move|p2a: Latios|Luster Purge|p1a: Gholdengo
|-resisted|p1a: Gholdengo
|-crit|p1a: Gholdengo
|-damage|p1a: Gholdengo|58/100
|
|upkeep
|turn|22
|
|t:|1758375723
|switch|p2a: Pecharunt|Pecharunt|100/100
|move|p1a: Gholdengo|Recover|p1a: Gholdengo
|-heal|p1a: Gholdengo|100/100
|
|upkeep
|turn|23
|
|t:|1758375739
|move|p1a: Gholdengo|Nasty Plot|p1a: Gholdengo
|-boost|p1a: Gholdengo|spa|2
|move|p2a: Pecharunt|Shadow Ball|p1a: Gholdengo
|-supereffective|p1a: Gholdengo
|-crit|p1a: Gholdengo
|-damage|p1a: Gholdengo|10/100
|
|upkeep
|turn|24
|
|t:|1758375754
|switch|p2a: Landorus|Landorus-Therian, M|38/100
|-ability|p2a: Landorus|Intimidate|boost
|-unboost|p1a: Gholdengo|atk|1
|move|p1a: Gholdengo|Make It Rain|p2a: Landorus
|-damage|p2a: Landorus|0 fnt
|-unboost|p1a: Gholdengo|spa|1
|faint|p2a: Landorus
|
|upkeep
|
|t:|1758375767
|switch|p2a: Latios|Latios, M|100/100
|turn|25
|
|t:|1758375771
|move|p2a: Latios|Luster Purge|p1a: Gholdengo
|-resisted|p1a: Gholdengo
|-damage|p1a: Gholdengo|0 fnt
|faint|p1a: Gholdengo
|
|upkeep
|
|t:|1758375775
|switch|p1a: Scizor|Scizor, M|100/100
|turn|26
|
|t:|1758375778
|switch|p2a: Pecharunt|Pecharunt|100/100
|move|p1a: Scizor|U-turn|p2a: Pecharunt
|-resisted|p2a: Pecharunt
|-damage|p2a: Pecharunt|93/100
|
|t:|1758375780
|switch|p1a: Regidrago|Regidrago|100/100|[from] U-turn
|
|upkeep
|turn|27
|
|t:|1758375788
|-terastallize|p2a: Pecharunt|Fairy
|move|p1a: Regidrago|Dragon Energy|p2a: Pecharunt
|-immune|p2a: Pecharunt
|move|p2a: Pecharunt|Malignant Chain|p1a: Regidrago
|-damage|p1a: Regidrago|69/100
|
|upkeep
|turn|28
|
|t:|1758375798
|switch|p1a: Scizor|Scizor, M|100/100
|move|p2a: Pecharunt|Parting Shot|p1a: Scizor
|-unboost|p1a: Scizor|atk|1
|-unboost|p1a: Scizor|spa|1
|
|t:|1758375804
|switch|p2a: Kingambit|Kingambit, M|100/100|[from] Parting Shot
|-activate|p2a: Kingambit|ability: Supreme Overlord
|-start|p2a: Kingambit|fallen3|[silent]
|
|upkeep
|turn|29
|
|t:|1758375813
|move|p1a: Scizor|Close Combat|p2a: Kingambit
|-supereffective|p2a: Kingambit
|-damage|p2a: Kingambit|0 fnt
|-unboost|p1a: Scizor|def|1
|-unboost|p1a: Scizor|spd|1
|faint|p2a: Kingambit
|-end|p2a: Kingambit|fallen3|[silent]
|
|upkeep
|
|t:|1758375820
|switch|p2a: Latios|Latios, M|100/100
|turn|30
|
|t:|1758375830
|switch|p1a: Regidrago|Regidrago|69/100
|move|p2a: Latios|Aura Sphere|p1a: Regidrago
|-damage|p1a: Regidrago|36/100
|
|upkeep
|turn|31
|
|t:|1758375839
|switch|p2a: Pecharunt|Pecharunt, tera:Fairy|93/100
|move|p1a: Regidrago|Earth Power|p2a: Pecharunt
|-damage|p2a: Pecharunt|69/100
|
|upkeep
|turn|32
|
|t:|1758375848
|move|p1a: Regidrago|Earth Power|p2a: Pecharunt
|-damage|p2a: Pecharunt|44/100
|move|p2a: Pecharunt|Recover|p2a: Pecharunt
|-heal|p2a: Pecharunt|94/100
|
|upkeep
|turn|33
|
|t:|1758375858
|switch|p1a: Scizor|Scizor, M|100/100
|move|p2a: Pecharunt|Recover|p2a: Pecharunt
|-heal|p2a: Pecharunt|100/100
|
|upkeep
|turn|34
|
|t:|1758375866
|move|p1a: Scizor|Bullet Punch|p2a: Pecharunt
|-supereffective|p2a: Pecharunt
|-damage|p2a: Pecharunt|54/100
|move|p2a: Pecharunt|Shadow Ball|p1a: Scizor
|-damage|p1a: Scizor|68/100
|-unboost|p1a: Scizor|spd|1
|
|upkeep
|turn|35
|
|t:|1758375882
|switch|p1a: Regidrago|Regidrago|36/100
|move|p2a: Pecharunt|Shadow Ball|p1a: Regidrago
|-damage|p1a: Regidrago|11/100
|
|upkeep
|turn|36
|
|t:|1758375895
|move|p1a: Regidrago|Tera Blast|p2a: Pecharunt
|-damage|p2a: Pecharunt|30/100
|move|p2a: Pecharunt|Recover|p2a: Pecharunt
|-heal|p2a: Pecharunt|80/100
|
|upkeep
|turn|37
|
|t:|1758375903
|move|p1a: Regidrago|Tera Blast|p2a: Pecharunt
|-damage|p2a: Pecharunt|58/100
|move|p2a: Pecharunt|Recover|p2a: Pecharunt
|-heal|p2a: Pecharunt|100/100
|
|upkeep
|turn|38
|
|t:|1758375909
|move|p1a: Regidrago|Tera Blast|p2a: Pecharunt
|-damage|p2a: Pecharunt|79/100
|move|p2a: Pecharunt|Shadow Ball|p1a: Regidrago
|-damage|p1a: Regidrago|0 fnt
|faint|p1a: Regidrago
|
|upkeep
|
|t:|1758375914
|switch|p1a: Scizor|Scizor, M|68/100
|turn|39
|
|t:|1758375918
|move|p1a: Scizor|Bullet Punch|p2a: Pecharunt
|-supereffective|p2a: Pecharunt
|-damage|p2a: Pecharunt|28/100
|move|p2a: Pecharunt|Parting Shot|p1a: Scizor
|-unboost|p1a: Scizor|atk|1
|-unboost|p1a: Scizor|spa|1
|
|t:|1758375924
|switch|p2a: Latios|Latios, M|100/100|[from] Parting Shot
|
|upkeep
|turn|40
|c|☆DuckyBoi1709|gg
|
|t:|1758375934
|move|p1a: Scizor|Bullet Punch|p2a: Latios
|-damage|p2a: Latios|49/100
|move|p2a: Latios|Aura Sphere|p1a: Scizor
|-damage|p1a: Scizor|32/100
|
|upkeep
|turn|41
|
|t:|1758375940
|move|p1a: Scizor|Bullet Punch|p2a: Latios
|-damage|p2a: Latios|0 fnt
|faint|p2a: Latios
|
|upkeep
|c|☆nmauro23|gg
|
|t:|1758375945
|switch|p2a: Pecharunt|Pecharunt, tera:Fairy|28/100
|turn|42
|
|t:|1758375948
|move|p1a: Scizor|Bullet Punch|p2a: Pecharunt
|-supereffective|p2a: Pecharunt
|-damage|p2a: Pecharunt|0 fnt
|faint|p2a: Pecharunt
|
|win|DuckyBoi1709
|raw|DuckyBoi1709's rating: 1273 &rarr; <strong>1303</strong><br />(+30 for winning)
|raw|nmauro23's rating: 1341 &rarr; <strong>1317</strong><br />(-24 for losing)
|l|☆nmauro23
|player|p2|
