|j|☆The Paldea Region
|j|☆Yellowgo
|t:|1758324253
|gametype|singles
|player|p1|The Paldea Region|emma|1429
|player|p2|Yellowgo|1|1389
|gen|9
|tier|[Gen 9] OU
|rated|
|rule|HP Percentage Mod: HP is shown in percentages
|rule|Endless Battle Clause: Forcing endless battles is banned
|rule|Species Clause: Limit one of each Pokémon
|rule|OHKO Clause: OHKO moves are banned
|rule|Evasion Items Clause: Evasion items are banned
|rule|Evasion Moves Clause: Evasion moves are banned
|rule|Evasion Abilities Clause: Evasion abilities are banned
|rule|Sleep Moves Clause: Sleep-inducing moves are banned
|clearpoke
|poke|p1|Veluza, F|
|poke|p1|Tornadus-Therian, M|
|poke|p1|Blissey, F|
|poke|p1|Gliscor, F|
|poke|p1|Iron Valiant|
|poke|p1|Scizor, F|
|poke|p2|Ogerpon-Wellspring, F|
|poke|p2|Iron Valiant|
|poke|p2|Scizor, M|
|poke|p2|Moltres|
|poke|p2|Landorus-Therian, M|
|poke|p2|Kyurem|
|teampreview
|
|t:|1758324258
|teamsize|p1|6
|teamsize|p2|6
|start
|switch|p1a: Veluza|Veluza, F|100/100
|switch|p2a: Landorus|Landorus-Therian, M|100/100
|-ability|p2a: Landorus|Intimidate|boost
|-unboost|p1a: Veluza|atk|1
|-ability|p1a: Veluza|Mold Breaker
|turn|1
|
|t:|1758324267
|move|p2a: Landorus|U-turn|p1a: Veluza
|-supereffective|p1a: Veluza
|-damage|p1a: Veluza|43/100
|
|t:|1758324271
|switch|p2a: Ogerpon|Ogerpon-Wellspring, F|100/100|[from] U-turn
|move|p1a: Veluza|Final Gambit|p2a: Ogerpon
|-damage|p2a: Ogerpon|46/100
|faint|p1a: Veluza
|
|upkeep
|inactive|Battle timer is ON: inactive players will automatically lose when time's up. (requested by Yellowgo)
|
|t:|1758324278
|switch|p1a: Tornadus|Tornadus-Therian, M|100/100
|turn|2
|
|t:|1758324284
|switch|p1a: Blissey|Blissey, F|100/100
|switch|p2a: Moltres|Moltres|100/100
|
|upkeep
|turn|3
|
|t:|1758324290
|move|p1a: Blissey|Copycat|p1a: Blissey
|move|p1a: Blissey|Final Gambit|p2a: Moltres|[from] move: Copycat
|-damage|p2a: Moltres|0 fnt
|faint|p1a: Blissey
|faint|p2a: Moltres
|
|upkeep
|
|t:|1758324303
|switch|p1a: Scizor|Scizor, F|100/100
|switch|p2a: Ogerpon|Ogerpon-Wellspring, F|46/100
|turn|4
|
|t:|1758324318
|switch|p2a: Landorus|Landorus-Therian, M|100/100
|-ability|p2a: Landorus|Intimidate|boost
|-unboost|p1a: Scizor|atk|1
|move|p1a: Scizor|Swords Dance|p1a: Scizor
|-boost|p1a: Scizor|atk|2
|
|upkeep
|turn|5
|
|t:|1758324326
|switch|p1a: Tornadus|Tornadus-Therian, M|100/100
|-terastallize|p2a: Landorus|Flying
|move|p2a: Landorus|Tera Blast|p1a: Tornadus|[anim] Tera Blast Flying
|-crit|p1a: Tornadus
|-damage|p1a: Tornadus|0 fnt
|faint|p1a: Tornadus
|
|upkeep
|
|t:|1758324335
|switch|p1a: Scizor|Scizor, F|100/100
|turn|6
|
|t:|1758324339
|-terastallize|p1a: Scizor|Steel
|move|p2a: Landorus|Tera Blast|p1a: Scizor|[anim] Tera Blast Flying
|-resisted|p1a: Scizor
|-damage|p1a: Scizor|67/100
|move|p1a: Scizor|Swords Dance|p1a: Scizor
|-boost|p1a: Scizor|atk|2
|
|upkeep
|turn|7
|
|t:|1758324348
|switch|p2a: Scizor|Scizor, M|100/100
|move|p1a: Scizor|Swords Dance|p1a: Scizor
|-boost|p1a: Scizor|atk|2
|
|upkeep
|turn|8
|
|t:|1758324358
|move|p2a: Scizor|Bullet Punch|p1a: Scizor
|-resisted|p1a: Scizor
|-damage|p1a: Scizor|47/100
|move|p1a: Scizor|Close Combat|p2a: Scizor
|-damage|p2a: Scizor|0 fnt
|-unboost|p1a: Scizor|def|1
|-unboost|p1a: Scizor|spd|1
|faint|p2a: Scizor
|-damage|p1a: Scizor|37/100|[from] item: Life Orb
|
|upkeep
|
|t:|1758324370
|switch|p2a: Landorus|Landorus-Therian, M, tera:Flying|100/100
|-ability|p2a: Landorus|Intimidate|boost
|-unboost|p1a: Scizor|atk|1
|turn|9
|
|t:|1758324375
|switch|p2a: Ogerpon|Ogerpon-Wellspring, F|46/100
|move|p1a: Scizor|Bullet Punch|p2a: Ogerpon
|-resisted|p2a: Ogerpon
|-damage|p2a: Ogerpon|0 fnt
|faint|p2a: Ogerpon
|-damage|p1a: Scizor|27/100|[from] item: Life Orb
|
|upkeep
|
|t:|1758324384
|switch|p2a: Landorus|Landorus-Therian, M, tera:Flying|100/100
|-ability|p2a: Landorus|Intimidate|boost
|-unboost|p1a: Scizor|atk|1
|turn|10
|
|t:|1758324389
|move|p1a: Scizor|Bullet Punch|p2a: Landorus
|-damage|p2a: Landorus|0 fnt
|faint|p2a: Landorus
|-damage|p1a: Scizor|17/100|[from] item: Life Orb
|
|upkeep
|
|t:|1758324395
|switch|p2a: Kyurem|Kyurem|100/100
|-ability|p2a: Kyurem|Pressure
|turn|11
|
|t:|1758324400
|switch|p2a: Iron Valiant|Iron Valiant|100/100
|-enditem|p2a: Iron Valiant|Booster Energy
|-activate|p2a: Iron Valiant|ability: Quark Drive|[fromitem]
|-start|p2a: Iron Valiant|quarkdrivespe
|move|p1a: Scizor|Bullet Punch|p2a: Iron Valiant
|-supereffective|p2a: Iron Valiant
|-damage|p2a: Iron Valiant|0 fnt
|faint|p2a: Iron Valiant
|-end|p2a: Iron Valiant|Quark Drive|[silent]
|-damage|p1a: Scizor|7/100|[from] item: Life Orb
|
|upkeep
|c|☆The Paldea Region|gg
|-message|Yellowgo forfeited.
|
|win|The Paldea Region
|raw|The Paldea Region's rating: 1429 &rarr; <strong>1447</strong><br />(+18 for winning)
|raw|Yellowgo's rating: 1389 &rarr; <strong>1371</strong><br />(-18 for losing)
|l|☆Yellowgo
|player|p2|
