|j|☆pantalonescondidos
|j|☆freakoffweeb
|t:|1758305437
|gametype|singles
|player|p1|pantalonescondidos|169|1512
|player|p2|freakoffweeb|101|1497
|gen|9
|tier|[Gen 9] OU
|rated|
|rule|HP Percentage Mod: HP is shown in percentages
|rule|Endless Battle Clause: Forcing endless battles is banned
|rule|Species Clause: Limit one of each Pokémon
|rule|OHKO Clause: OHKO moves are banned
|rule|Evasion Items Clause: Evasion items are banned
|rule|Evasion Moves Clause: Evasion moves are banned
|rule|Evasion Abilities Clause: Evasion abilities are banned
|rule|Sleep Moves Clause: Sleep-inducing moves are banned
|clearpoke
|poke|p1|Sylveon, F|
|poke|p1|Slowking-Galar, F|
|poke|p1|Toxapex, F|
|poke|p1|Great Tusk|
|poke|p1|Kingambit, M|
|poke|p1|Rotom-Heat|
|poke|p2|Ogerpon-Wellspring, F|
|poke|p2|Pecharunt|
|poke|p2|Weavile, M|
|poke|p2|Great Tusk|
|poke|p2|Zapdos|
|poke|p2|Ting-Lu|
|teampreview
|inactive|Battle timer is ON: inactive players will automatically lose when time's up. (requested by freakoffweeb)
|inactive|pantalonescondidos also wants the timer to be on.
|inactive|pantalonescondidos has 120 seconds left.
|
|t:|1758305491
|teamsize|p1|6
|teamsize|p2|6
|start
|switch|p1a: Rotom|Rotom-Heat, shiny|100/100
|switch|p2a: Zapdos|Zapdos|100/100
|turn|1
|l|☆freakoffweeb
|inactive|freakoffweeb disconnected and has a minute to reconnect!
|player|p2|
|j|☆freakoffweeb
|inactive|freakoffweeb reconnected and has 130 seconds left.
|player|p2|freakoffweeb|101|
|l|☆freakoffweeb
|inactive|freakoffweeb disconnected and has a minute to reconnect!
|player|p2|
|j|☆freakoffweeb
|inactive|freakoffweeb reconnected and has 120 seconds left.
|player|p2|freakoffweeb|101|
|
|t:|1758305535
|switch|p1a: Great Tusk|Great Tusk|100/100
|move|p2a: Zapdos|Volt Switch|p1a: Great Tusk
|-immune|p1a: Great Tusk
|
|upkeep
|turn|2
|
|t:|1758305540
|-end|p1a: Great Tusk|Protosynthesis|[silent]
|switch|p1a: Slowking|Slowking-Galar, F, shiny|100/100
|move|p2a: Zapdos|Hurricane|p1a: Slowking
|-damage|p1a: Slowking|77/100
|
|upkeep
|turn|3
|inactive|freakoffweeb has 120 seconds left.
|
|t:|1758305554
|move|p2a: Zapdos|Volt Switch|p1a: Slowking
|-damage|p1a: Slowking|62/100
|
|t:|1758305556
|switch|p2a: Ting-Lu|Ting-Lu|100/100|[from] Volt Switch
|-ability|p2a: Ting-Lu|Vessel of Ruin
|move|p1a: Slowking|Future Sight|p2a: Ting-Lu
|-start|p1a: Slowking|move: Future Sight
|
|upkeep
|turn|4
|
|t:|1758305573
|switch|p1a: Great Tusk|Great Tusk|100/100
|move|p2a: Ting-Lu|Stealth Rock|p1a: Great Tusk
|-sidestart|p1: pantalonescondidos|move: Stealth Rock
|
|upkeep
|turn|5
|
|t:|1758305578
|switch|p2a: Zapdos|Zapdos|100/100
|move|p1a: Great Tusk|Rapid Spin|p2a: Zapdos
|-damage|p2a: Zapdos|80/100
|-boost|p1a: Great Tusk|spe|1
|-sideend|p1: pantalonescondidos|Stealth Rock|[from] move: Rapid Spin|[of] p1a: Great Tusk
|
|-end|p2a: Zapdos|move: Future Sight
|-damage|p2a: Zapdos|32/100
|upkeep
|turn|6
|
|t:|1758305584
|switch|p2a: Pecharunt|Pecharunt|100/100
|move|p1a: Great Tusk|Knock Off|p2a: Pecharunt
|-supereffective|p2a: Pecharunt
|-damage|p2a: Pecharunt|67/100
|-damage|p1a: Great Tusk|84/100|[from] item: Rocky Helmet|[of] p2a: Pecharunt
|-enditem|p2a: Pecharunt|Rocky Helmet|[from] move: Knock Off|[of] p1a: Great Tusk
|
|upkeep
|turn|7
|
|t:|1758305610
|move|p1a: Great Tusk|Headlong Rush|p2a: Pecharunt
|-supereffective|p2a: Pecharunt
|-damage|p2a: Pecharunt|9/100
|-unboost|p1a: Great Tusk|def|1
|-unboost|p1a: Great Tusk|spd|1
|move|p2a: Pecharunt|Malignant Chain|p1a: Great Tusk
|-resisted|p1a: Great Tusk
|-damage|p1a: Great Tusk|48/100
|
|upkeep
|turn|8
|
|t:|1758305616
|switch|p2a: Ogerpon|Ogerpon-Wellspring, F|100/100
|move|p1a: Great Tusk|Knock Off|p2a: Ogerpon
|-damage|p2a: Ogerpon|72/100
|
|upkeep
|turn|9
|
|t:|1758305620
|-end|p1a: Great Tusk|Protosynthesis|[silent]
|switch|p1a: Toxapex|Toxapex, F|100/100
|move|p2a: Ogerpon|Ivy Cudgel|p1a: Toxapex|[anim] Ivy Cudgel Water
|-resisted|p1a: Toxapex
|-damage|p1a: Toxapex|84/100
|
|upkeep
|turn|10
|
|t:|1758305635
|move|p2a: Ogerpon|U-turn|p1a: Toxapex
|-resisted|p1a: Toxapex
|-damage|p1a: Toxapex|75/100
|-damage|p2a: Ogerpon|55/100|[from] item: Rocky Helmet|[of] p1a: Toxapex
|
|t:|1758305637
|switch|p2a: Pecharunt|Pecharunt|9/100|[from] U-turn
|move|p1a: Toxapex|Surf|p2a: Pecharunt
|-damage|p2a: Pecharunt|0 fnt
|faint|p2a: Pecharunt
|
|upkeep
|
|t:|1758305639
|switch|p2a: Zapdos|Zapdos|32/100
|turn|11
|
|t:|1758305641
|move|p1a: Toxapex|Baneful Bunker|p1a: Toxapex
|-singleturn|p1a: Toxapex|move: Protect
|move|p2a: Zapdos|Roost|p2a: Zapdos
|-heal|p2a: Zapdos|82/100
|-singleturn|p2a: Zapdos|move: Roost
|
|upkeep
|turn|12
|
|t:|1758305647
|switch|p1a: Rotom|Rotom-Heat, shiny|100/100
|move|p2a: Zapdos|Volt Switch|p1a: Rotom
|-resisted|p1a: Rotom
|-damage|p1a: Rotom|80/100
|
|t:|1758305650
|switch|p2a: Ogerpon|Ogerpon-Wellspring, F|55/100|[from] Volt Switch
|
|upkeep
|turn|13
|
|t:|1758305653
|move|p1a: Rotom|Volt Switch|p2a: Ogerpon
|-damage|p2a: Ogerpon|20/100
|
|t:|1758305659
|switch|p1a: Toxapex|Toxapex, F|100/100|[from] Volt Switch
|move|p2a: Ogerpon|Spikes|p1a: Toxapex
|-sidestart|p1: pantalonescondidos|Spikes
|
|upkeep
|turn|14
|
|t:|1758305669
|switch|p2a: Zapdos|Zapdos|82/100
|move|p1a: Toxapex|Toxic|p2a: Zapdos
|-status|p2a: Zapdos|tox
|
|-damage|p2a: Zapdos|76/100 tox|[from] psn
|upkeep
|turn|15
|-message|freakoffweeb forfeited.
|
|win|pantalonescondidos
|raw|pantalonescondidos's rating: 1512 &rarr; <strong>1530</strong><br />(+18 for winning)
|raw|freakoffweeb's rating: 1480 &rarr; <strong>1462</strong><br />(-18 for losing)
|l|☆freakoffweeb
|player|p2|
|l|☆pantalonescondidos
|player|p1|
