|j|☆DTTPokemon
|j|☆Passerby bye
|t:|1758266865
|gametype|singles
|player|p1|DTTPokemon|pokemonrangerf|1340
|player|p2|Passerby bye|cyclist|1345
|gen|9
|tier|[Gen 9] OU
|rated|
|rule|HP Percentage Mod: HP is shown in percentages
|rule|Endless Battle Clause: Forcing endless battles is banned
|rule|Species Clause: Limit one of each Pokémon
|rule|OHKO Clause: OHKO moves are banned
|rule|Evasion Items Clause: Evasion items are banned
|rule|Evasion Moves Clause: Evasion moves are banned
|rule|Evasion Abilities Clause: Evasion abilities are banned
|rule|Sleep Moves Clause: Sleep-inducing moves are banned
|clearpoke
|poke|p1|Golurk|
|poke|p1|Iron Crown|
|poke|p1|Araquanid, F|
|poke|p1|Zamazenta-*|
|poke|p1|Kyurem|
|poke|p1|Quaquaval, F|
|poke|p2|Magnezone|
|poke|p2|Vileplume, F|
|poke|p2|Gyarados, M|
|poke|p2|Houndoom, M|
|poke|p2|Mamoswine, M|
|poke|p2|Azumarill, M|
|teampreview
|inactive|Battle timer is ON: inactive players will automatically lose when time's up. (requested by DTTPokemon)
|
|t:|1758266873
|teamsize|p1|6
|teamsize|p2|6
|start
|switch|p1a: Araquanid|Araquanid, F|100/100
|switch|p2a: Legend Pkmn sucks|Magnezone|100/100
|turn|1
|
|t:|1758266884
|move|p2a: Legend Pkmn sucks|Volt Switch|p1a: Araquanid
|-supereffective|p1a: Araquanid
|-damage|p1a: Araquanid|13/100
|
|t:|1758266889
|switch|p2a: Sample Team sucks|Azumarill, M|100/100|[from] Volt Switch
|move|p1a: Araquanid|Sticky Web|p2a: Sample Team sucks
|-sidestart|p2: Passerby bye|move: Sticky Web
|
|-heal|p1a: Araquanid|19/100|[from] item: Leftovers
|upkeep
|turn|2
|
|t:|1758266895
|move|p2a: Sample Team sucks|Aqua Jet|p1a: Araquanid
|-heal|p1a: Araquanid|44/100|[from] ability: Water Absorb|[of] p2a: Sample Team sucks
|move|p1a: Araquanid|Leech Life|p2a: Sample Team sucks
|-resisted|p2a: Sample Team sucks
|-damage|p2a: Sample Team sucks|86/100
|-heal|p1a: Araquanid|53/100|[from] drain|[of] p2a: Sample Team sucks
|
|-heal|p1a: Araquanid|59/100|[from] item: Leftovers
|upkeep
|turn|3
|
|t:|1758266906
|move|p2a: Sample Team sucks|Play Rough|p1a: Araquanid
|-damage|p1a: Araquanid|0 fnt
|faint|p1a: Araquanid
|
|upkeep
|
|t:|1758266913
|switch|p1a: Iron Crown|Iron Crown|100/100
|turn|4
|
|t:|1758266926
|move|p1a: Iron Crown|Volt Switch|p2a: Sample Team sucks
|-supereffective|p2a: Sample Team sucks
|-damage|p2a: Sample Team sucks|36/100
|
|t:|1758266932
|-end|p1a: Iron Crown|Quark Drive|[silent]
|switch|p1a: Kyurem|Kyurem|100/100|[from] Volt Switch
|-ability|p1a: Kyurem|Pressure
|move|p2a: Sample Team sucks|Knock Off|p1a: Kyurem
|-damage|p1a: Kyurem|63/100
|-enditem|p1a: Kyurem|Loaded Dice|[from] move: Knock Off|[of] p2a: Sample Team sucks
|
|upkeep
|turn|5
|
|t:|1758266941
|move|p1a: Kyurem|Substitute|p1a: Kyurem
|-start|p1a: Kyurem|Substitute
|-damage|p1a: Kyurem|38/100
|move|p2a: Sample Team sucks|Play Rough|p1a: Kyurem|[miss]
|-miss|p2a: Sample Team sucks|p1a: Kyurem
|
|upkeep
|turn|6
|
|t:|1758266947
|move|p1a: Kyurem|Dragon Dance|p1a: Kyurem
|-boost|p1a: Kyurem|atk|1
|-boost|p1a: Kyurem|spe|1
|move|p2a: Sample Team sucks|Play Rough|p1a: Kyurem|[miss]
|-miss|p2a: Sample Team sucks|p1a: Kyurem
|
|upkeep
|turn|7
|
|t:|1758266955
|move|p1a: Kyurem|Dragon Dance|p1a: Kyurem
|-boost|p1a: Kyurem|atk|1
|-boost|p1a: Kyurem|spe|1
|move|p2a: Sample Team sucks|Play Rough|p1a: Kyurem
|-supereffective|p1a: Kyurem
|-end|p1a: Kyurem|Substitute
|
|upkeep
|turn|8
|
|t:|1758266962
|move|p1a: Kyurem|Icicle Spear|p2a: Sample Team sucks
|-resisted|p2a: Sample Team sucks
|-damage|p2a: Sample Team sucks|22/100
|-resisted|p2a: Sample Team sucks
|-damage|p2a: Sample Team sucks|8/100
|-hitcount|p2a: Sample Team sucks|2
|move|p2a: Sample Team sucks|Play Rough|p1a: Kyurem
|-supereffective|p1a: Kyurem
|-damage|p1a: Kyurem|0 fnt
|faint|p1a: Kyurem
|
|upkeep
|
|t:|1758266974
|switch|p1a: Iron Crown|Iron Crown|100/100
|turn|9
|
|t:|1758266985
|move|p2a: Sample Team sucks|Aqua Jet|p1a: Iron Crown
|-damage|p1a: Iron Crown|71/100
|move|p1a: Iron Crown|Volt Switch|p2a: Sample Team sucks
|-supereffective|p2a: Sample Team sucks
|-damage|p2a: Sample Team sucks|0 fnt
|faint|p2a: Sample Team sucks
|
|t:|1758267005
|-end|p1a: Iron Crown|Quark Drive|[silent]
|switch|p1a: Quaquaval|Quaquaval, F|100/100|[from] Volt Switch
|
|upkeep
|
|t:|1758267015
|switch|p2a: BST＞540 Pkmn sucks|Gyarados, M, shiny|100/100
|-ability|p2a: BST＞540 Pkmn sucks|Intimidate|boost
|-unboost|p1a: Quaquaval|atk|1
|turn|10
|
|t:|1758267020
|move|p1a: Quaquaval|Knock Off|p2a: BST＞540 Pkmn sucks
|-damage|p2a: BST＞540 Pkmn sucks|81/100
|-enditem|p2a: BST＞540 Pkmn sucks|Heavy-Duty Boots|[from] move: Knock Off|[of] p1a: Quaquaval
|move|p2a: BST＞540 Pkmn sucks|Thunder Wave|p1a: Quaquaval
|-status|p1a: Quaquaval|par
|
|upkeep
|turn|11
|
|t:|1758267036
|switch|p2a: Ordinary Pkmn only|Vileplume, F|100/100
|-activate|p2a: Ordinary Pkmn only|move: Sticky Web
|-unboost|p2a: Ordinary Pkmn only|spe|1
|switch|p1a: Iron Crown|Iron Crown|71/100
|
|upkeep
|turn|12
|
|t:|1758267052
|switch|p2a: Legend Pkmn sucks|Magnezone|100/100
|-activate|p2a: Legend Pkmn sucks|move: Sticky Web
|-unboost|p2a: Legend Pkmn sucks|spe|1
|move|p1a: Iron Crown|Psyshock|p2a: Legend Pkmn sucks
|-resisted|p2a: Legend Pkmn sucks
|-damage|p2a: Legend Pkmn sucks|76/100
|
|upkeep
|turn|13
|
|t:|1758267062
|move|p1a: Iron Crown|Psyshock|p2a: Legend Pkmn sucks
|-resisted|p2a: Legend Pkmn sucks
|-damage|p2a: Legend Pkmn sucks|50/100
|move|p2a: Legend Pkmn sucks|Flash Cannon|p1a: Iron Crown
|-resisted|p1a: Iron Crown
|-damage|p1a: Iron Crown|29/100
|
|upkeep
|turn|14
|
|t:|1758267071
|-end|p1a: Iron Crown|Quark Drive|[silent]
|switch|p1a: Zamazenta|Zamazenta|100/100
|-ability|p1a: Zamazenta|Dauntless Shield|boost
|-boost|p1a: Zamazenta|def|1
|move|p2a: Legend Pkmn sucks|Flash Cannon|p1a: Zamazenta
|-damage|p1a: Zamazenta|53/100
|
|upkeep
|turn|15
|
|t:|1758267081
|switch|p2a: Ordinary Pkmn only|Vileplume, F|100/100
|-activate|p2a: Ordinary Pkmn only|move: Sticky Web
|-unboost|p2a: Ordinary Pkmn only|spe|1
|move|p1a: Zamazenta|Body Press|p2a: Ordinary Pkmn only
|-resisted|p2a: Ordinary Pkmn only
|-damage|p2a: Ordinary Pkmn only|82/100
|-damage|p1a: Zamazenta|37/100|[from] item: Rocky Helmet|[of] p2a: Ordinary Pkmn only
|
|upkeep
|turn|16
|
|t:|1758267091
|switch|p1a: Quaquaval|Quaquaval, F|100/100 par
|move|p2a: Ordinary Pkmn only|Giga Drain|p1a: Quaquaval
|-supereffective|p1a: Quaquaval
|-damage|p1a: Quaquaval|19/100 par
|-heal|p2a: Ordinary Pkmn only|100/100|[from] drain|[of] p1a: Quaquaval
|
|upkeep
|turn|17
|
|t:|1758267100
|switch|p2a: BST＞540 Pkmn sucks|Gyarados, M, shiny|81/100
|-ability|p2a: BST＞540 Pkmn sucks|Intimidate|boost
|-unboost|p1a: Quaquaval|atk|1
|cant|p1a: Quaquaval|par
|
|upkeep
|turn|18
|
|t:|1758267107
|move|p2a: BST＞540 Pkmn sucks|Waterfall|p1a: Quaquaval
|-resisted|p1a: Quaquaval
|-damage|p1a: Quaquaval|0 fnt
|faint|p1a: Quaquaval
|
|upkeep
|
|t:|1758267112
|switch|p1a: Iron Crown|Iron Crown|29/100
|turn|19
|
|t:|1758267133
|switch|p2a: Weather Team sucks|Houndoom, M|100/100
|move|p1a: Iron Crown|Volt Switch|p2a: Weather Team sucks
|-damage|p2a: Weather Team sucks|50/100
|
|t:|1758267140
|-end|p1a: Iron Crown|Quark Drive|[silent]
|switch|p1a: Zamazenta|Zamazenta|37/100|[from] Volt Switch
|
|upkeep
|turn|20
|
|t:|1758267144
|switch|p2a: Ordinary Pkmn only|Vileplume, F|100/100
|-activate|p2a: Ordinary Pkmn only|move: Sticky Web
|-unboost|p2a: Ordinary Pkmn only|spe|1
|move|p1a: Zamazenta|Body Press|p2a: Ordinary Pkmn only
|-resisted|p2a: Ordinary Pkmn only
|-damage|p2a: Ordinary Pkmn only|88/100
|-damage|p1a: Zamazenta|20/100|[from] item: Rocky Helmet|[of] p2a: Ordinary Pkmn only
|-status|p1a: Zamazenta|slp|[from] ability: Effect Spore|[of] p2a: Ordinary Pkmn only
|
|upkeep
|turn|21
|
|t:|1758267157
|cant|p1a: Zamazenta|slp
|move|p2a: Ordinary Pkmn only|Giga Drain|p1a: Zamazenta
|-damage|p1a: Zamazenta|7/100 slp
|-heal|p2a: Ordinary Pkmn only|95/100|[from] drain|[of] p1a: Zamazenta
|
|upkeep
|turn|22
|
|t:|1758267162
|cant|p1a: Zamazenta|slp
|move|p2a: Ordinary Pkmn only|Sludge Wave|p1a: Zamazenta
|-damage|p1a: Zamazenta|0 fnt
|faint|p1a: Zamazenta
|
|upkeep
|
|t:|1758267170
|switch|p1a: Golurk|Golurk|100/100
|turn|23
|
|t:|1758267189
|move|p1a: Golurk|Dynamic Punch|p2a: Ordinary Pkmn only
|-resisted|p2a: Ordinary Pkmn only
|-damage|p2a: Ordinary Pkmn only|81/100
|-start|p2a: Ordinary Pkmn only|confusion
|-damage|p1a: Golurk|84/100|[from] item: Rocky Helmet|[of] p2a: Ordinary Pkmn only
|-activate|p2a: Ordinary Pkmn only|confusion
|move|p2a: Ordinary Pkmn only|Giga Drain|p1a: Golurk
|-supereffective|p1a: Golurk
|-damage|p1a: Golurk|46/100
|-heal|p2a: Ordinary Pkmn only|100/100|[from] drain|[of] p1a: Golurk
|
|upkeep
|turn|24
|
|t:|1758267199
|move|p1a: Golurk|Earthquake|p2a: Ordinary Pkmn only
|-damage|p2a: Ordinary Pkmn only|60/100
|-end|p2a: Ordinary Pkmn only|confusion
|move|p2a: Ordinary Pkmn only|Giga Drain|p1a: Golurk
|-supereffective|p1a: Golurk
|-damage|p1a: Golurk|8/100
|-heal|p2a: Ordinary Pkmn only|81/100|[from] drain|[of] p1a: Golurk
|
|upkeep
|turn|25
|-message|DTTPokemon forfeited.
|
|win|Passerby bye
|raw|DTTPokemon's rating: 1340 &rarr; <strong>1320</strong><br />(-20 for losing)
|raw|Passerby bye's rating: 1345 &rarr; <strong>1365</strong><br />(+20 for winning)
|l|☆DTTPokemon
|player|p1|
|l|☆Passerby bye
|player|p2|
