|j|☆whichjuanz
|j|☆jxrx
|t:|1758236468
|gametype|singles
|player|p1|whichjuanz|hiker-gen4|1345
|player|p2|jxrx|norman|1346
|gen|9
|tier|[Gen 9] OU
|rated|
|rule|HP Percentage Mod: HP is shown in percentages
|rule|Endless Battle Clause: Forcing endless battles is banned
|rule|Species Clause: Limit one of each Pokémon
|rule|OHKO Clause: OHKO moves are banned
|rule|Evasion Items Clause: Evasion items are banned
|rule|Evasion Moves Clause: Evasion moves are banned
|rule|Evasion Abilities Clause: Evasion abilities are banned
|rule|Sleep Moves Clause: Sleep-inducing moves are banned
|clearpoke
|poke|p1|Glimmora, M|
|poke|p1|Mimikyu, M|
|poke|p1|Samurott-Hisui, M|
|poke|p1|Kleavor, M|
|poke|p1|Decidueye-Hisui, F|
|poke|p1|Regidrago|
|poke|p2|Sableye, M|
|poke|p2|Salazzle, F|
|poke|p2|Empoleon, M|
|poke|p2|Rillaboom, M|
|poke|p2|Ting-Lu|
|poke|p2|Great Tusk|
|teampreview
|inactive|Battle timer is ON: inactive players will automatically lose when time's up. (requested by whichjuanz)
|
|t:|1758236495
|teamsize|p1|6
|teamsize|p2|6
|start
|switch|p1a: Gimli|Kleavor, M|100/100
|switch|p2a: Ting-Lu|Ting-Lu|100/100
|-ability|p2a: Ting-Lu|Vessel of Ruin
|turn|1
|
|t:|1758236499
|switch|p2a: Sableye|Sableye, M|100/100
|move|p1a: Gimli|Stone Axe|p2a: Sableye
|-crit|p2a: Sableye
|-damage|p2a: Sableye|21/100
|-damage|p1a: Gimli|84/100|[from] item: Rocky Helmet|[of] p2a: Sableye
|-sidestart|p2: jxrx|move: Stealth Rock
|
|upkeep
|turn|2
|
|t:|1758236506
|switch|p1a: Aragorn|Samurott-Hisui, M|100/100
|move|p2a: Sableye|Will-O-Wisp|p1a: Aragorn
|-hint|Since gen 7, Dark is immune to Prankster moves.
|-immune|p1a: Aragorn
|
|upkeep
|turn|3
|
|t:|1758236509
|move|p2a: Sableye|Recover|p2a: Sableye
|-heal|p2a: Sableye|71/100
|move|p1a: Aragorn|Ceaseless Edge|p2a: Sableye|[miss]
|-miss|p1a: Aragorn|p2a: Sableye
|
|upkeep
|turn|4
|
|t:|1758236515
|switch|p2a: Ting-Lu|Ting-Lu|100/100
|-damage|p2a: Ting-Lu|94/100|[from] Stealth Rock
|-ability|p2a: Ting-Lu|Vessel of Ruin
|move|p1a: Aragorn|Ceaseless Edge|p2a: Ting-Lu
|-resisted|p2a: Ting-Lu
|-damage|p2a: Ting-Lu|83/100
|-sidestart|p2: jxrx|Spikes
|
|-heal|p2a: Ting-Lu|89/100|[from] item: Leftovers
|upkeep
|turn|5
|
|t:|1758236523
|move|p1a: Aragorn|Ceaseless Edge|p2a: Ting-Lu
|-resisted|p2a: Ting-Lu
|-damage|p2a: Ting-Lu|76/100
|-sidestart|p2: jxrx|Spikes
|move|p2a: Ting-Lu|Stealth Rock|p1a: Aragorn
|-sidestart|p1: whichjuanz|move: Stealth Rock
|
|-heal|p2a: Ting-Lu|82/100|[from] item: Leftovers
|upkeep
|turn|6
|
|t:|1758236529
|move|p1a: Aragorn|Ceaseless Edge|p2a: Ting-Lu
|-resisted|p2a: Ting-Lu
|-damage|p2a: Ting-Lu|70/100
|-sidestart|p2: jxrx|Spikes
|move|p2a: Ting-Lu|Spikes|p1a: Aragorn
|-sidestart|p1: whichjuanz|Spikes
|
|-heal|p2a: Ting-Lu|76/100|[from] item: Leftovers
|upkeep
|turn|7
|
|t:|1758236532
|switch|p1a: Gimli|Kleavor, M|84/100
|-damage|p1a: Gimli|59/100|[from] Stealth Rock
|-damage|p1a: Gimli|47/100|[from] Spikes
|move|p2a: Ting-Lu|Spikes|p1a: Gimli
|-sidestart|p1: whichjuanz|Spikes
|
|-heal|p2a: Ting-Lu|82/100|[from] item: Leftovers
|upkeep
|turn|8
|
|t:|1758236541
|move|p1a: Gimli|Close Combat|p2a: Ting-Lu
|-supereffective|p2a: Ting-Lu
|-crit|p2a: Ting-Lu
|-damage|p2a: Ting-Lu|8/100
|-unboost|p1a: Gimli|def|1
|-unboost|p1a: Gimli|spd|1
|move|p2a: Ting-Lu|Whirlwind|p1a: Gimli
|drag|p1a: Smaug|Regidrago|100/100
|-damage|p1a: Smaug|88/100|[from] Stealth Rock
|-damage|p1a: Smaug|71/100|[from] Spikes
|
|-heal|p2a: Ting-Lu|15/100|[from] item: Leftovers
|upkeep
|turn|9
|
|t:|1758236547
|move|p1a: Smaug|Dragon Energy|p2a: Ting-Lu
|-damage|p2a: Ting-Lu|0 fnt
|faint|p2a: Ting-Lu
|
|upkeep
|
|t:|1758236554
|switch|p2a: Great Tusk|Great Tusk|100/100
|turn|10
|
|t:|1758236567
|switch|p1a: Frodo|Mimikyu, M|100/100
|-damage|p1a: Frodo|88/100|[from] Stealth Rock
|-damage|p1a: Frodo|72/100|[from] Spikes
|-terastallize|p2a: Great Tusk|Steel
|move|p2a: Great Tusk|Rapid Spin|p1a: Frodo
|-immune|p1a: Frodo
|
|upkeep
|turn|11
|
|t:|1758236573
|-end|p2a: Great Tusk|Protosynthesis|[silent]
|switch|p2a: Sableye|Sableye, M|71/100
|-damage|p2a: Sableye|59/100|[from] Stealth Rock
|-damage|p2a: Sableye|34/100|[from] Spikes
|move|p1a: Frodo|Will-O-Wisp|p2a: Sableye
|-status|p2a: Sableye|brn
|
|-damage|p2a: Sableye|27/100 brn|[from] brn
|upkeep
|turn|12
|
|t:|1758236582
|switch|p1a: Aragorn|Samurott-Hisui, M|100/100
|-damage|p1a: Aragorn|88/100|[from] Stealth Rock
|-damage|p1a: Aragorn|72/100|[from] Spikes
|move|p2a: Sableye|Encore|p1a: Aragorn
|-hint|Since gen 7, Dark is immune to Prankster moves.
|-immune|p1a: Aragorn
|
|-damage|p2a: Sableye|21/100 brn|[from] brn
|upkeep
|turn|13
|
|t:|1758236588
|move|p1a: Aragorn|Knock Off|p2a: Sableye
|-damage|p2a: Sableye|0 fnt
|-damage|p1a: Aragorn|55/100|[from] item: Rocky Helmet|[of] p2a: Sableye
|-enditem|p2a: Sableye|Rocky Helmet|[from] move: Knock Off|[of] p1a: Aragorn
|faint|p2a: Sableye
|
|upkeep
|
|t:|1758236593
|switch|p2a: Great Tusk|Great Tusk, tera:Steel|100/100
|turn|14
|
|t:|1758236598
|switch|p1a: Frodo|Mimikyu, M|72/100
|-damage|p1a: Frodo|59/100|[from] Stealth Rock
|-damage|p1a: Frodo|43/100|[from] Spikes
|move|p2a: Great Tusk|Bulk Up|p2a: Great Tusk
|-boost|p2a: Great Tusk|atk|1
|-boost|p2a: Great Tusk|def|1
|
|upkeep
|turn|15
|
|t:|1758236607
|move|p1a: Frodo|Will-O-Wisp|p2a: Great Tusk
|-status|p2a: Great Tusk|brn
|move|p2a: Great Tusk|Stone Edge|p1a: Frodo
|-activate|p1a: Frodo|ability: Disguise
|-damage|p1a: Frodo|43/100
|detailschange|p1a: Frodo|Mimikyu-Busted, M
|-damage|p1a: Frodo|31/100|[from] pokemon: Mimikyu-Busted
|-enditem|p1a: Frodo|Red Card|[of] p2a: Great Tusk
|-end|p2a: Great Tusk|Protosynthesis|[silent]
|drag|p2a: Salazzle|Salazzle, F|100/100
|-damage|p2a: Salazzle|76/100|[from] Stealth Rock
|-damage|p2a: Salazzle|51/100|[from] Spikes
|
|-heal|p2a: Salazzle|57/100|[from] item: Leftovers
|upkeep
|turn|16
|
|t:|1758236614
|move|p1a: Frodo|Shadow Sneak|p2a: Salazzle
|-damage|p2a: Salazzle|29/100
|move|p2a: Salazzle|Sludge Wave|p1a: Frodo
|-damage|p1a: Frodo|0 fnt
|faint|p1a: Frodo
|
|-heal|p2a: Salazzle|35/100|[from] item: Leftovers
|upkeep
|
|t:|1758236620
|switch|p1a: Gollum|Glimmora, M|100/100
|-damage|p1a: Gollum|88/100|[from] Stealth Rock
|-damage|p1a: Gollum|72/100|[from] Spikes
|turn|17
|
|t:|1758236626
|switch|p2a: Great Tusk|Great Tusk, tera:Steel|100/100 brn
|move|p1a: Gollum|Earth Power|p2a: Great Tusk
|-supereffective|p2a: Great Tusk
|-damage|p2a: Great Tusk|25/100 brn
|
|-damage|p2a: Great Tusk|19/100 brn|[from] brn
|upkeep
|turn|18
|
|t:|1758236634
|-terastallize|p1a: Gollum|Ghost
|move|p2a: Great Tusk|Rapid Spin|p1a: Gollum
|-immune|p1a: Gollum
|move|p1a: Gollum|Mortal Spin|p2a: Great Tusk
|-immune|p2a: Great Tusk
|
|-damage|p2a: Great Tusk|13/100 brn|[from] brn
|upkeep
|turn|19
|
|t:|1758236647
|move|p2a: Great Tusk|Headlong Rush|p1a: Gollum
|-damage|p1a: Gollum|50/100
|-unboost|p2a: Great Tusk|def|1
|-unboost|p2a: Great Tusk|spd|1
|-activate|p1a: Gollum|ability: Toxic Debris
|-sidestart|p2: jxrx|move: Toxic Spikes
|-enditem|p1a: Gollum|Red Card|[of] p2a: Great Tusk
|-end|p2a: Great Tusk|Protosynthesis|[silent]
|drag|p2a: Empoleon|Empoleon, M|100/100
|-damage|p2a: Empoleon|95/100|[from] Stealth Rock
|-damage|p2a: Empoleon|70/100|[from] Spikes
|move|p1a: Gollum|Mortal Spin|p2a: Empoleon
|-immune|p2a: Empoleon
|
|-heal|p2a: Empoleon|76/100|[from] item: Leftovers
|upkeep
|turn|20
|
|t:|1758236672
|move|p2a: Empoleon|Agility|p2a: Empoleon
|-boost|p2a: Empoleon|spe|2
|move|p1a: Gollum|Earth Power|p2a: Empoleon
|-supereffective|p2a: Empoleon
|-damage|p2a: Empoleon|18/100
|-unboost|p2a: Empoleon|spd|1
|-ability|p2a: Empoleon|Competitive|boost
|-boost|p2a: Empoleon|spa|2
|
|-heal|p2a: Empoleon|24/100|[from] item: Leftovers
|upkeep
|turn|21
|
|t:|1758236681
|move|p2a: Empoleon|Surf|p1a: Gollum
|-damage|p1a: Gollum|0 fnt
|faint|p1a: Gollum
|
|-heal|p2a: Empoleon|30/100|[from] item: Leftovers
|upkeep
|
|t:|1758236688
|switch|p1a: Legolas|Decidueye-Hisui, F|100/100
|-damage|p1a: Legolas|94/100|[from] Stealth Rock
|-damage|p1a: Legolas|78/100|[from] Spikes
|turn|22
|
|t:|1758236700
|move|p1a: Legolas|Sucker Punch|p2a: Empoleon
|-damage|p2a: Empoleon|0 fnt
|faint|p2a: Empoleon
|
|upkeep
|
|t:|1758236708
|switch|p2a: Salazzle|Salazzle, F|35/100
|-damage|p2a: Salazzle|10/100|[from] Stealth Rock
|-damage|p2a: Salazzle|0 fnt|[from] Spikes
|faint|p2a: Salazzle
|
|t:|1758236712
|switch|p2a: Rillaboom|Rillaboom, M|100/100
|-damage|p2a: Rillaboom|88/100|[from] Stealth Rock
|-damage|p2a: Rillaboom|63/100|[from] Spikes
|-status|p2a: Rillaboom|psn
|-fieldstart|move: Grassy Terrain|[from] ability: Grassy Surge|[of] p2a: Rillaboom
|turn|23
|
|t:|1758236717
|move|p2a: Rillaboom|U-turn|p1a: Legolas
|-damage|p1a: Legolas|32/100
|
|t:|1758236724
|switch|p2a: Great Tusk|Great Tusk, tera:Steel|13/100 brn|[from] U-turn
|move|p1a: Legolas|U-turn|p2a: Great Tusk
|-resisted|p2a: Great Tusk
|-damage|p2a: Great Tusk|4/100 brn
|
|t:|1758236735
|switch|p1a: Smaug|Regidrago|71/100|[from] U-turn
|-damage|p1a: Smaug|59/100|[from] Stealth Rock
|-damage|p1a: Smaug|42/100|[from] Spikes
|
|-heal|p1a: Smaug|49/100|[from] Grassy Terrain
|-heal|p2a: Great Tusk|10/100 brn|[from] Grassy Terrain
|-damage|p2a: Great Tusk|4/100 brn|[from] brn
|upkeep
|turn|24
|-message|jxrx forfeited.
|
|win|whichjuanz
|raw|whichjuanz's rating: 1345 &rarr; <strong>1365</strong><br />(+20 for winning)
|raw|jxrx's rating: 1346 &rarr; <strong>1326</strong><br />(-20 for losing)
|l|☆jxrx
|player|p2|
|l|☆whichjuanz
|player|p1|
