|j|☆polarhunter
|j|☆gyc111
|t:|1758269425
|gametype|singles
|player|p1|polarhunter|2|1228
|player|p2|gyc111|101|1215
|gen|9
|tier|[Gen 9] OU
|rated|
|rule|HP Percentage Mod: HP is shown in percentages
|rule|Endless Battle Clause: Forcing endless battles is banned
|rule|Species Clause: Limit one of each Pokémon
|rule|OHKO Clause: OHKO moves are banned
|rule|Evasion Items Clause: Evasion items are banned
|rule|Evasion Moves Clause: Evasion moves are banned
|rule|Evasion Abilities Clause: Evasion abilities are banned
|rule|Sleep Moves Clause: Sleep-inducing moves are banned
|clearpoke
|poke|p1|Salamence, M|
|poke|p1|Grimmsnarl, M|
|poke|p1|Bisharp, F|
|poke|p1|Hatterene, F|
|poke|p1|Torkoal, M|
|poke|p1|Indeedee-F, F|
|poke|p2|Gliscor, M|
|poke|p2|Walking Wake|
|poke|p2|Slowking-Galar, F|
|poke|p2|Zamazenta-*|
|poke|p2|Ting-Lu|
|poke|p2|Kingambit, M|
|teampreview
|inactive|Battle timer is ON: inactive players will automatically lose when time's up. (requested by gyc111)
|
|t:|1758269441
|teamsize|p1|6
|teamsize|p2|6
|start
|switch|p1a: Hatterene|Hatterene, F|100/100
|switch|p2a: Ting-Lu|Ting-Lu|100/100
|-ability|p2a: Ting-Lu|Vessel of Ruin
|turn|1
|
|t:|1758269450
|move|p2a: Ting-Lu|Ruination|p1a: Hatterene
|-damage|p1a: Hatterene|50/100
|move|p1a: Hatterene|Dazzling Gleam|p2a: Ting-Lu
|-supereffective|p2a: Ting-Lu
|-damage|p2a: Ting-Lu|67/100
|
|-heal|p2a: Ting-Lu|73/100|[from] item: Leftovers
|upkeep
|turn|2
|
|t:|1758269461
|move|p2a: Ting-Lu|Ruination|p1a: Hatterene|[miss]
|-miss|p2a: Ting-Lu|p1a: Hatterene
|move|p1a: Hatterene|Trick Room|p1a: Hatterene
|-fieldstart|move: Trick Room|[of] p1a: Hatterene
|
|-heal|p2a: Ting-Lu|79/100|[from] item: Leftovers
|upkeep
|turn|3
|
|t:|1758269471
|move|p1a: Hatterene|Dazzling Gleam|p2a: Ting-Lu
|-supereffective|p2a: Ting-Lu
|-damage|p2a: Ting-Lu|47/100
|move|p2a: Ting-Lu|Ruination|p1a: Hatterene
|-damage|p1a: Hatterene|26/100
|
|-heal|p2a: Ting-Lu|53/100|[from] item: Leftovers
|upkeep
|turn|4
|
|t:|1758269479
|move|p1a: Hatterene|Dazzling Gleam|p2a: Ting-Lu
|-supereffective|p2a: Ting-Lu
|-damage|p2a: Ting-Lu|23/100
|move|p2a: Ting-Lu|Ruination|p1a: Hatterene
|-damage|p1a: Hatterene|13/100
|
|-heal|p2a: Ting-Lu|29/100|[from] item: Leftovers
|upkeep
|turn|5
|
|t:|1758269488
|move|p1a: Hatterene|Dazzling Gleam|p2a: Ting-Lu
|-supereffective|p2a: Ting-Lu
|-damage|p2a: Ting-Lu|0 fnt
|faint|p2a: Ting-Lu
|
|upkeep
|
|t:|1758269499
|switch|p2a: Kingambit|Kingambit, M|100/100
|-activate|p2a: Kingambit|ability: Supreme Overlord
|-start|p2a: Kingambit|fallen1|[silent]
|turn|6
|
|t:|1758269523
|move|p1a: Hatterene|Healing Wish|p1a: Hatterene
|faint|p1a: Hatterene
|move|p2a: Kingambit|Iron Head|p1: Hatterene|[notarget]
|-fail|p2a: Kingambit
|
|-fieldend|move: Trick Room
|upkeep
|
|t:|1758269528
|switch|p1a: Grimmsnarl|Grimmsnarl, M|100/100
|turn|7
|
|t:|1758269556
|-end|p2a: Kingambit|fallen1|[silent]
|switch|p2a: Gliscor|Gliscor, M|100/100
|move|p1a: Grimmsnarl|Play Rough|p2a: Gliscor
|-damage|p2a: Gliscor|44/100
|-unboost|p2a: Gliscor|atk|1
|
|-status|p2a: Gliscor|tox|[from] item: Toxic Orb
|upkeep
|turn|8
|
|t:|1758269567
|switch|p1a: Salamence|Salamence, M|100/100
|-ability|p1a: Salamence|Intimidate|boost
|-unboost|p2a: Gliscor|atk|1
|move|p2a: Gliscor|Protect||[still]
|-fail|p2a: Gliscor
|
|-heal|p2a: Gliscor|57/100 tox|[from] ability: Poison Heal
|upkeep
|turn|9
|
|t:|1758269579
|switch|p2a: Slowking|Slowking-Galar, F|100/100
|move|p1a: Salamence|Hurricane|p2a: Slowking
|-damage|p2a: Slowking|68/100
|-start|p2a: Slowking|confusion
|
|upkeep
|turn|10
|
|t:|1758269593
|switch|p1a: Bisharp|Bisharp, F|100/100
|-activate|p2a: Slowking|confusion
|-damage|p2a: Slowking|62/100|[from] confusion
|
|upkeep
|turn|11
|
|t:|1758269601
|move|p1a: Bisharp|Swords Dance|p1a: Bisharp
|-boost|p1a: Bisharp|atk|2
|-activate|p2a: Slowking|confusion
|move|p2a: Slowking|Flamethrower|p1a: Bisharp
|-supereffective|p1a: Bisharp
|-damage|p1a: Bisharp|57/100
|-status|p1a: Bisharp|brn
|
|-damage|p1a: Bisharp|51/100 brn|[from] brn
|upkeep
|turn|12
|
|t:|1758269611
|move|p1a: Bisharp|Sucker Punch|p2a: Slowking
|-supereffective|p2a: Slowking
|-damage|p2a: Slowking|0 fnt
|faint|p2a: Slowking
|
|-damage|p1a: Bisharp|45/100 brn|[from] brn
|upkeep
|
|t:|1758269621
|switch|p2a: Gliscor|Gliscor, M|57/100 tox
|turn|13
|inactive|polarhunter has 120 seconds left.
|
|t:|1758269659
|move|p2a: Gliscor|Protect|p2a: Gliscor
|-singleturn|p2a: Gliscor|Protect
|move|p1a: Bisharp|Iron Head|p2a: Gliscor
|-activate|p2a: Gliscor|move: Protect
|
|-heal|p2a: Gliscor|69/100 tox|[from] ability: Poison Heal
|-damage|p1a: Bisharp|39/100 brn|[from] brn
|upkeep
|turn|14
|inactive|gyc111 has 120 seconds left.
|
|t:|1758269691
|switch|p1a: Grimmsnarl|Grimmsnarl, M|100/100
|move|p2a: Gliscor|Swords Dance|p2a: Gliscor
|-boost|p2a: Gliscor|atk|2
|
|-heal|p2a: Gliscor|82/100 tox|[from] ability: Poison Heal
|upkeep
|turn|15
|inactive|gyc111 has 120 seconds left.
|
|t:|1758269705
|move|p2a: Gliscor|Protect|p2a: Gliscor
|-singleturn|p2a: Gliscor|Protect
|move|p1a: Grimmsnarl|Trick|p2a: Gliscor
|-activate|p2a: Gliscor|move: Protect
|
|-heal|p2a: Gliscor|94/100 tox|[from] ability: Poison Heal
|upkeep
|turn|16
|inactive|gyc111 has 120 seconds left.
|inactive|polarhunter has 120 seconds left.
|
|t:|1758269750
|move|p1a: Grimmsnarl|Trick|p2a: Gliscor
|-activate|p1a: Grimmsnarl|move: Trick|[of] p2a: Gliscor
|-item|p2a: Gliscor|Choice Band|[from] move: Trick
|-item|p1a: Grimmsnarl|Toxic Orb|[from] move: Trick
|move|p2a: Gliscor|Earthquake|p1a: Grimmsnarl
|-damage|p1a: Grimmsnarl|0 fnt
|faint|p1a: Grimmsnarl
|
|-heal|p2a: Gliscor|100/100 tox|[from] ability: Poison Heal
|upkeep
|
|t:|1758269756
|switch|p1a: Salamence|Salamence, M|100/100
|-ability|p1a: Salamence|Intimidate|boost
|-unboost|p2a: Gliscor|atk|1
|turn|17
|inactive|gyc111 has 120 seconds left.
|
|t:|1758269790
|switch|p2a: Zamazenta|Zamazenta|100/100
|-ability|p2a: Zamazenta|Dauntless Shield|boost
|-boost|p2a: Zamazenta|def|1
|move|p1a: Salamence|Draco Meteor|p2a: Zamazenta
|-damage|p2a: Zamazenta|45/100
|-unboost|p1a: Salamence|spa|2
|
|upkeep
|turn|18
|inactive|gyc111 has 90 seconds left.
|
|t:|1758269812
|move|p2a: Zamazenta|Close Combat|p1a: Salamence
|-resisted|p1a: Salamence
|-damage|p1a: Salamence|65/100
|-unboost|p2a: Zamazenta|def|1
|-unboost|p2a: Zamazenta|spd|1
|move|p1a: Salamence|Hurricane|p2a: Zamazenta
|-supereffective|p2a: Zamazenta
|-damage|p2a: Zamazenta|0 fnt
|faint|p2a: Zamazenta
|
|upkeep
|inactive|gyc111 has 90 seconds left.
|
|t:|1758269821
|switch|p2a: Gliscor|Gliscor, M|100/100 tox
|turn|19
|inactive|polarhunter has 120 seconds left.
|inactive|polarhunter has 90 seconds left.
|
|t:|1758269880
|switch|p1a: Bisharp|Bisharp, F|39/100 brn
|-heal|p1a: Bisharp|100/100|[from] move: Healing Wish
|move|p2a: Gliscor|Ice Fang|p1a: Bisharp
|-resisted|p1a: Bisharp
|-damage|p1a: Bisharp|92/100
|-status|p1a: Bisharp|frz
|
|upkeep
|turn|20
|
|t:|1758269898
|switch|p2a: Walking Wake|Walking Wake|100/100
|switch|p1a: Indeedee|Indeedee-F, F|100/100
|-fieldstart|move: Psychic Terrain|[from] ability: Psychic Surge|[of] p1a: Indeedee
|
|upkeep
|turn|21
|inactive|polarhunter has 60 seconds left.
|
|t:|1758269941
|-end|p2a: Walking Wake|Protosynthesis|[silent]
|switch|p2a: Kingambit|Kingambit, M|100/100
|-activate|p2a: Kingambit|ability: Supreme Overlord
|-start|p2a: Kingambit|fallen3|[silent]
|move|p1a: Indeedee|Trick Room|p1a: Indeedee
|-fieldstart|move: Trick Room|[of] p1a: Indeedee
|
|upkeep
|turn|22
|
|t:|1758269952
|switch|p1a: Torkoal|Torkoal, M|100/100
|-weather|SunnyDay|[from] ability: Drought|[of] p1a: Torkoal
|move|p2a: Kingambit|Swords Dance|p2a: Kingambit
|-boost|p2a: Kingambit|atk|2
|
|-weather|SunnyDay|[upkeep]
|upkeep
|turn|23
|inactive|polarhunter has 30 seconds left.
|inactive|polarhunter has 20 seconds left.
|inactive|polarhunter has 15 seconds left.
|inactive|polarhunter has 10 seconds left.
|inactive|polarhunter has 5 seconds left.
|-message|polarhunter lost due to inactivity.
|
|win|gyc111
|raw|polarhunter's rating: 1228 &rarr; <strong>1202</strong><br />(-26 for losing)
|raw|gyc111's rating: 1215 &rarr; <strong>1241</strong><br />(+26 for winning)
|l|☆polarhunter
|player|p1|
|l|☆gyc111
|player|p2|
