|j|☆ubgg
|j|☆jzhuc1841
|t:|1758345949
|gametype|singles
|player|p1|ubgg|265|1458
|player|p2|jzhuc1841|hilbert-wonderlauncher|1496
|gen|9
|tier|[Gen 9] OU
|rated|
|rule|HP Percentage Mod: HP is shown in percentages
|rule|Endless Battle Clause: Forcing endless battles is banned
|rule|Species Clause: Limit one of each Pokémon
|rule|OHKO Clause: OHKO moves are banned
|rule|Evasion Items Clause: Evasion items are banned
|rule|Evasion Moves Clause: Evasion moves are banned
|rule|Evasion Abilities Clause: Evasion abilities are banned
|rule|Sleep Moves Clause: Sleep-inducing moves are banned
|clearpoke
|poke|p1|Slowking-Galar, F|
|poke|p1|Rhyperior, M|
|poke|p1|Alomomola, F|
|poke|p1|Primarina, M|
|poke|p1|Kommo-o, F|
|poke|p1|Cinderace, M|
|poke|p2|Iron Crown|
|poke|p2|Dragapult, F|
|poke|p2|Zamazenta-*|
|poke|p2|Moltres|
|poke|p2|Ogerpon-Wellspring, F|
|poke|p2|Glimmora, M|
|teampreview
|
|t:|1758345969
|teamsize|p1|6
|teamsize|p2|6
|start
|switch|p1a: Primarina|Primarina, M|100/100
|switch|p2a: Glimmora|Glimmora, M|100/100
|turn|1
|
|t:|1758345974
|move|p2a: Glimmora|Sludge Wave|p1a: Primarina
|-supereffective|p1a: Primarina
|-damage|p1a: Primarina|46/100
|move|p1a: Primarina|Surf|p2a: Glimmora
|-supereffective|p2a: Glimmora
|-damage|p2a: Glimmora|0 fnt
|faint|p2a: Glimmora
|
|upkeep
|inactive|Battle timer is ON: inactive players will automatically lose when time's up. (requested by ubgg)
|
|t:|1758345981
|switch|p2a: Ogerpon|Ogerpon-Wellspring, F|100/100
|turn|2
|
|t:|1758345985
|switch|p1a: Kommo-o|Kommo-o, F|100/100
|move|p2a: Ogerpon|Knock Off|p1a: Kommo-o
|-resisted|p1a: Kommo-o
|-damage|p1a: Kommo-o|90/100
|-enditem|p1a: Kommo-o|Leftovers|[from] move: Knock Off|[of] p2a: Ogerpon
|
|upkeep
|turn|3
|
|t:|1758345992
|move|p2a: Ogerpon|U-turn|p1a: Kommo-o
|-resisted|p1a: Kommo-o
|-damage|p1a: Kommo-o|82/100
|
|t:|1758345996
|switch|p2a: Iron Crown|Iron Crown|100/100|[from] U-turn
|move|p1a: Kommo-o|Stealth Rock|p2a: Iron Crown
|-sidestart|p2: jzhuc1841|move: Stealth Rock
|
|upkeep
|turn|4
|
|t:|1758346001
|switch|p1a: Slowking|Slowking-Galar, F|100/100
|move|p2a: Iron Crown|Future Sight|p1a: Slowking
|-start|p2a: Iron Crown|move: Future Sight
|
|upkeep
|turn|5
|
|t:|1758346010
|move|p2a: Iron Crown|Volt Switch|p1a: Slowking
|-damage|p1a: Slowking|87/100
|
|t:|1758346013
|-end|p2a: Iron Crown|Quark Drive|[silent]
|switch|p2a: Ogerpon|Ogerpon-Wellspring, F|100/100|[from] Volt Switch
|-damage|p2a: Ogerpon|88/100|[from] Stealth Rock
|move|p1a: Slowking|Future Sight|p2a: Ogerpon
|-start|p1a: Slowking|move: Future Sight
|
|upkeep
|turn|6
|
|t:|1758346023
|switch|p1a: Alomomola|Alomomola, F|100/100
|move|p2a: Ogerpon|Knock Off|p1a: Alomomola
|-damage|p1a: Alomomola|80/100
|-damage|p2a: Ogerpon|72/100|[from] item: Rocky Helmet|[of] p1a: Alomomola
|-enditem|p1a: Alomomola|Rocky Helmet|[from] move: Knock Off|[of] p2a: Ogerpon
|
|-end|p1a: Alomomola|move: Future Sight
|-damage|p1a: Alomomola|8/100
|upkeep
|turn|7
|
|t:|1758346029
|switch|p1a: Kommo-o|Kommo-o, F|82/100
|move|p2a: Ogerpon|Horn Leech|p1a: Kommo-o
|-resisted|p1a: Kommo-o
|-damage|p1a: Kommo-o|68/100
|-heal|p2a: Ogerpon|80/100|[from] drain|[of] p1a: Kommo-o
|
|-end|p2a: Ogerpon|move: Future Sight
|-damage|p2a: Ogerpon|30/100
|upkeep
|turn|8
|
|t:|1758346037
|move|p2a: Ogerpon|U-turn|p1a: Kommo-o
|-resisted|p1a: Kommo-o
|-damage|p1a: Kommo-o|60/100
|
|t:|1758346039
|switch|p2a: Iron Crown|Iron Crown|100/100|[from] U-turn
|-damage|p2a: Iron Crown|94/100|[from] Stealth Rock
|move|p1a: Kommo-o|Body Press|p2a: Iron Crown
|-damage|p2a: Iron Crown|45/100
|
|upkeep
|turn|9
|
|t:|1758346047
|move|p2a: Iron Crown|Future Sight|p1a: Kommo-o
|-start|p2a: Iron Crown|move: Future Sight
|move|p1a: Kommo-o|Body Press|p2a: Iron Crown
|-damage|p2a: Iron Crown|0 fnt
|faint|p2a: Iron Crown
|-end|p2a: Iron Crown|Quark Drive|[silent]
|
|upkeep
|
|t:|1758346056
|switch|p2a: Dragapult|Dragapult, F|100/100
|-damage|p2a: Dragapult|88/100|[from] Stealth Rock
|turn|10
|
|t:|1758346065
|switch|p1a: Slowking|Slowking-Galar, F|100/100
|move|p2a: Dragapult|Shadow Ball|p1a: Slowking
|-supereffective|p1a: Slowking
|-damage|p1a: Slowking|44/100
|
|upkeep
|turn|11
|
|t:|1758346075
|switch|p1a: Rhyperior|Rhyperior, M|100/100
|move|p2a: Dragapult|Shadow Ball|p1a: Rhyperior
|-damage|p1a: Rhyperior|63/100
|-unboost|p1a: Rhyperior|spd|1
|
|-end|p1a: Rhyperior|move: Future Sight
|-damage|p1a: Rhyperior|0 fnt
|faint|p1a: Rhyperior
|upkeep
|
|t:|1758346080
|switch|p1a: Kommo-o|Kommo-o, F|60/100
|turn|12
|
|t:|1758346084
|move|p2a: Dragapult|Shadow Ball|p1a: Kommo-o
|-damage|p1a: Kommo-o|14/100
|-unboost|p1a: Kommo-o|spd|1
|move|p1a: Kommo-o|Dragon Tail|p2a: Dragapult|[miss]
|-miss|p1a: Kommo-o|p2a: Dragapult
|
|upkeep
|turn|13
|
|t:|1758346090
|move|p2a: Dragapult|Shadow Ball|p1a: Kommo-o
|-damage|p1a: Kommo-o|0 fnt
|faint|p1a: Kommo-o
|
|upkeep
|
|t:|1758346105
|switch|p1a: Primarina|Primarina, M|46/100
|turn|14
|
|t:|1758346119
|move|p2a: Dragapult|Shadow Ball|p1a: Primarina
|-damage|p1a: Primarina|16/100
|-unboost|p1a: Primarina|spd|1
|move|p1a: Primarina|Moonblast|p2a: Dragapult
|-supereffective|p2a: Dragapult
|-damage|p2a: Dragapult|0 fnt
|faint|p2a: Dragapult
|
|upkeep
|
|t:|1758346125
|switch|p2a: Ogerpon|Ogerpon-Wellspring, F|30/100
|-damage|p2a: Ogerpon|17/100|[from] Stealth Rock
|turn|15
|
|t:|1758346147
|switch|p1a: Slowking|Slowking-Galar, F|77/100
|move|p2a: Ogerpon|Ivy Cudgel|p1a: Slowking|[anim] Ivy Cudgel Water
|-crit|p1a: Slowking
|-damage|p1a: Slowking|0 fnt
|faint|p1a: Slowking
|
|upkeep
|
|t:|1758346149
|switch|p1a: Cinderace|Cinderace, M|100/100
|turn|16
|
|t:|1758346155
|switch|p2a: Moltres|Moltres|100/100
|move|p1a: Cinderace|U-turn|p2a: Moltres
|-resisted|p2a: Moltres
|-damage|p2a: Moltres|97/100
|
|t:|1758346157
|switch|p1a: Alomomola|Alomomola, F|41/100|[from] U-turn
|
|upkeep
|turn|17
|
|t:|1758346163
|move|p2a: Moltres|Will-O-Wisp|p1a: Alomomola
|-status|p1a: Alomomola|brn
|move|p1a: Alomomola|Wish|p1a: Alomomola
|
|-damage|p1a: Alomomola|35/100 brn|[from] brn
|upkeep
|turn|18
|
|t:|1758346170
|move|p2a: Moltres|U-turn|p1a: Alomomola
|-damage|p1a: Alomomola|27/100 brn
|
|t:|1758346173
|switch|p2a: Ogerpon|Ogerpon-Wellspring, F|17/100|[from] U-turn
|-damage|p2a: Ogerpon|5/100|[from] Stealth Rock
|move|p1a: Alomomola|Flip Turn|p2a: Ogerpon
|-heal|p2a: Ogerpon|30/100|[from] ability: Water Absorb|[of] p1a: Alomomola
|
|-heal|p1a: Alomomola|77/100 brn|[from] move: Wish|[wisher] Alomomola
|-damage|p1a: Alomomola|71/100 brn|[from] brn
|upkeep
|turn|19
|
|t:|1758346180
|move|p2a: Ogerpon|Horn Leech|p1a: Alomomola
|-supereffective|p1a: Alomomola
|-damage|p1a: Alomomola|22/100 brn
|-heal|p2a: Ogerpon|74/100|[from] drain|[of] p1a: Alomomola
|move|p1a: Alomomola|Wish|p1a: Alomomola
|
|-damage|p1a: Alomomola|15/100 brn|[from] brn
|upkeep
|turn|20
|
|t:|1758346187
|switch|p1a: Cinderace|Cinderace, M|100/100
|move|p2a: Ogerpon|Horn Leech|p1a: Cinderace
|-resisted|p1a: Cinderace
|-damage|p1a: Cinderace|73/100
|-heal|p2a: Ogerpon|90/100|[from] drain|[of] p1a: Cinderace
|
|-heal|p1a: Cinderace|100/100|[from] move: Wish|[wisher] Alomomola
|upkeep
|turn|21
|
|t:|1758346194
|-terastallize|p2a: Ogerpon|Water
|detailschange|p2a: Ogerpon|Ogerpon-Wellspring-Tera, F, tera:Water
|-ability|p2a: Ogerpon|Embody Aspect (Wellspring)|boost
|-boost|p2a: Ogerpon|spd|1
|move|p1a: Cinderace|Gunk Shot|p2a: Ogerpon
|-damage|p2a: Ogerpon|42/100
|move|p2a: Ogerpon|Ivy Cudgel|p1a: Cinderace|[anim] Ivy Cudgel Water
|-supereffective|p1a: Cinderace
|-damage|p1a: Cinderace|0 fnt
|faint|p1a: Cinderace
|
|upkeep
|-message|ubgg forfeited.
|
|win|jzhuc1841
|raw|ubgg's rating: 1458 &rarr; <strong>1440</strong><br />(-18 for losing)
|raw|jzhuc1841's rating: 1496 &rarr; <strong>1514</strong><br />(+18 for winning)
|l|☆ubgg
|player|p1|
|j| quqeee
|l| quqeee
|j| vywxiwjxjwk
|j| TiffuKas
|l| TiffuKas
