|j|☆sack800
|j|☆two rat man
|t:|1758281944
|gametype|singles
|player|p1|sack800|burglar|1348
|player|p2|two rat man|2|1461
|gen|9
|tier|[Gen 9] OU
|rated|
|rule|HP Percentage Mod: HP is shown in percentages
|rule|Endless Battle Clause: Forcing endless battles is banned
|rule|Species Clause: Limit one of each Pokémon
|rule|OHKO Clause: OHKO moves are banned
|rule|Evasion Items Clause: Evasion items are banned
|rule|Evasion Moves Clause: Evasion moves are banned
|rule|Evasion Abilities Clause: Evasion abilities are banned
|rule|Sleep Moves Clause: Sleep-inducing moves are banned
|clearpoke
|poke|p1|Clefable, M|
|poke|p1|Dondozo, F|
|poke|p1|Blissey, F|
|poke|p1|Clodsire, F|
|poke|p1|Corviknight, F|
|poke|p1|Gliscor, M|
|poke|p2|Rillaboom, M|
|poke|p2|Ogerpon, F|
|poke|p2|Gholdengo|
|poke|p2|Great Tusk|
|poke|p2|Raging Bolt|
|poke|p2|Glimmora, M|
|teampreview
|inactive|Battle timer is ON: inactive players will automatically lose when time's up. (requested by two rat man)
|
|t:|1758281960
|teamsize|p1|6
|teamsize|p2|6
|start
|switch|p1a: Gliscor|Gliscor, M|100/100
|switch|p2a: Great Tusk|Great Tusk|100/100
|turn|1
|
|t:|1758281967
|-terastallize|p1a: Gliscor|Ghost
|move|p2a: Great Tusk|Knock Off|p1a: Gliscor
|-supereffective|p1a: Gliscor
|-damage|p1a: Gliscor|57/100
|-enditem|p1a: Gliscor|Toxic Orb|[from] move: Knock Off|[of] p2a: Great Tusk
|move|p1a: Gliscor|Toxic|p2a: Great Tusk
|-status|p2a: Great Tusk|tox
|
|-damage|p2a: Great Tusk|94/100 tox|[from] psn
|upkeep
|turn|2
|
|t:|1758281980
|-end|p2a: Great Tusk|Protosynthesis|[silent]
|switch|p2a: Rillaboom|Rillaboom, M|100/100
|-fieldstart|move: Grassy Terrain|[from] ability: Grassy Surge|[of] p2a: Rillaboom
|move|p1a: Gliscor|Toxic|p2a: Rillaboom
|-status|p2a: Rillaboom|tox
|
|-heal|p1a: Gliscor|64/100|[from] Grassy Terrain
|-damage|p2a: Rillaboom|94/100 tox|[from] psn
|upkeep
|turn|3
|
|t:|1758281986
|move|p1a: Gliscor|Spikes|p2a: Rillaboom
|-sidestart|p2: two rat man|Spikes
|move|p2a: Rillaboom|U-turn|p1a: Gliscor
|-resisted|p1a: Gliscor
|-damage|p1a: Gliscor|56/100
|
|t:|1758281991
|switch|p2a: Gholdengo|Gholdengo|100/100|[from] U-turn
|-damage|p2a: Gholdengo|88/100|[from] Spikes
|
|-heal|p2a: Gholdengo|94/100|[from] Grassy Terrain
|-heal|p1a: Gliscor|62/100|[from] Grassy Terrain
|upkeep
|turn|4
|
|t:|1758281998
|move|p2a: Gholdengo|Nasty Plot|p2a: Gholdengo
|-boost|p2a: Gholdengo|spa|2
|move|p1a: Gliscor|Earthquake|p2a: Gholdengo
|-supereffective|p2a: Gholdengo
|-damage|p2a: Gholdengo|55/100
|
|-heal|p2a: Gholdengo|61/100|[from] Grassy Terrain
|-heal|p1a: Gliscor|68/100|[from] Grassy Terrain
|upkeep
|turn|5
|
|t:|1758282011
|move|p2a: Gholdengo|Nasty Plot|p2a: Gholdengo
|-boost|p2a: Gholdengo|spa|2
|move|p1a: Gliscor|Spikes|p2a: Gholdengo
|-sidestart|p2: two rat man|Spikes
|
|-heal|p2a: Gholdengo|67/100|[from] Grassy Terrain
|-heal|p1a: Gliscor|75/100|[from] Grassy Terrain
|upkeep
|turn|6
|
|t:|1758282026
|switch|p1a: Blissey|Blissey, F|100/100
|move|p2a: Gholdengo|Shadow Ball|p1a: Blissey
|-immune|p1a: Blissey
|
|-heal|p2a: Gholdengo|74/100|[from] Grassy Terrain
|upkeep
|turn|7
|
|t:|1758282031
|move|p2a: Gholdengo|Make It Rain|p1a: Blissey
|-damage|p1a: Blissey|28/100
|-unboost|p2a: Gholdengo|spa|1
|move|p1a: Blissey|Calm Mind|p1a: Blissey
|-boost|p1a: Blissey|spa|1
|-boost|p1a: Blissey|spd|1
|
|-heal|p2a: Gholdengo|80/100|[from] Grassy Terrain
|-heal|p1a: Blissey|34/100|[from] Grassy Terrain
|upkeep
|turn|8
|
|t:|1758282047
|move|p2a: Gholdengo|Make It Rain|p1a: Blissey
|-damage|p1a: Blissey|0 fnt
|-unboost|p2a: Gholdengo|spa|1
|faint|p1a: Blissey
|
|-heal|p2a: Gholdengo|86/100|[from] Grassy Terrain
|upkeep
|
|t:|1758282050
|switch|p1a: Dondozo|Dondozo, F|100/100
|turn|9
|
|t:|1758282065
|switch|p2a: Glimmora|Glimmora, M|100/100
|-damage|p2a: Glimmora|84/100|[from] Spikes
|move|p1a: Dondozo|Curse|p1a: Dondozo
|-unboost|p1a: Dondozo|spe|1
|-boost|p1a: Dondozo|atk|1
|-boost|p1a: Dondozo|def|1
|
|-heal|p2a: Glimmora|90/100|[from] Grassy Terrain
|-fieldend|move: Grassy Terrain
|upkeep
|turn|10
|
|t:|1758282089
|switch|p1a: Gliscor|Gliscor, M, tera:Ghost|75/100
|move|p2a: Glimmora|Stealth Rock|p1a: Gliscor
|-sidestart|p1: sack800|move: Stealth Rock
|
|upkeep
|turn|11
|
|t:|1758282106
|switch|p2a: Rillaboom|Rillaboom, M|94/100 tox
|-damage|p2a: Rillaboom|78/100 tox|[from] Spikes
|-fieldstart|move: Grassy Terrain|[from] ability: Grassy Surge|[of] p2a: Rillaboom
|move|p1a: Gliscor|Earthquake|p2a: Rillaboom
|-resisted|p2a: Rillaboom
|-damage|p2a: Rillaboom|69/100 tox
|
|-heal|p1a: Gliscor|81/100|[from] Grassy Terrain
|-heal|p2a: Rillaboom|75/100 tox|[from] Grassy Terrain
|-damage|p2a: Rillaboom|69/100 tox|[from] psn
|upkeep
|turn|12
|inactive|two rat man has 120 seconds left.
|
|t:|1758282133
|move|p1a: Gliscor|Spikes|p2a: Rillaboom
|-sidestart|p2: two rat man|Spikes
|move|p2a: Rillaboom|U-turn|p1a: Gliscor
|-resisted|p1a: Gliscor
|-damage|p1a: Gliscor|74/100
|
|t:|1758282135
|switch|p2a: Gholdengo|Gholdengo|86/100|[from] U-turn
|-damage|p2a: Gholdengo|61/100|[from] Spikes
|
|-heal|p2a: Gholdengo|67/100|[from] Grassy Terrain
|-heal|p1a: Gliscor|80/100|[from] Grassy Terrain
|upkeep
|turn|13
|
|t:|1758282143
|move|p2a: Gholdengo|Recover|p2a: Gholdengo
|-heal|p2a: Gholdengo|100/100
|move|p1a: Gliscor|Earthquake|p2a: Gholdengo
|-supereffective|p2a: Gholdengo
|-damage|p2a: Gholdengo|64/100
|
|-heal|p2a: Gholdengo|70/100|[from] Grassy Terrain
|-heal|p1a: Gliscor|86/100|[from] Grassy Terrain
|upkeep
|turn|14
|
|t:|1758282146
|move|p2a: Gholdengo|Nasty Plot|p2a: Gholdengo
|-boost|p2a: Gholdengo|spa|2
|move|p1a: Gliscor|Earthquake|p2a: Gholdengo
|-supereffective|p2a: Gholdengo
|-damage|p2a: Gholdengo|30/100
|
|-heal|p2a: Gholdengo|36/100|[from] Grassy Terrain
|-heal|p1a: Gliscor|92/100|[from] Grassy Terrain
|upkeep
|turn|15
|
|t:|1758282150
|move|p2a: Gholdengo|Recover|p2a: Gholdengo
|-heal|p2a: Gholdengo|86/100
|move|p1a: Gliscor|Earthquake|p2a: Gholdengo
|-supereffective|p2a: Gholdengo
|-damage|p2a: Gholdengo|49/100
|
|-heal|p2a: Gholdengo|55/100|[from] Grassy Terrain
|-heal|p1a: Gliscor|99/100|[from] Grassy Terrain
|upkeep
|turn|16
|
|t:|1758282171
|move|p2a: Gholdengo|Shadow Ball|p1a: Gliscor
|-supereffective|p1a: Gliscor
|-damage|p1a: Gliscor|0 fnt
|faint|p1a: Gliscor
|
|-heal|p2a: Gholdengo|61/100|[from] Grassy Terrain
|upkeep
|
|t:|1758282174
|switch|p1a: Dondozo|Dondozo, F|100/100
|-damage|p1a: Dondozo|88/100|[from] Stealth Rock
|turn|17
|
|t:|1758282184
|switch|p2a: Glimmora|Glimmora, M|90/100
|-damage|p2a: Glimmora|65/100|[from] Spikes
|move|p1a: Dondozo|Waterfall|p2a: Glimmora
|-supereffective|p2a: Glimmora
|-damage|p2a: Glimmora|0 fnt
|-activate|p2a: Glimmora|ability: Toxic Debris
|-sidestart|p1: sack800|move: Toxic Spikes
|faint|p2a: Glimmora
|
|-heal|p1a: Dondozo|94/100|[from] Grassy Terrain
|-heal|p1a: Dondozo|99/100|[from] item: Leftovers
|upkeep
|
|t:|1758282204
|switch|p2a: Great Tusk|Great Tusk|94/100 tox
|turn|18
|
|t:|1758282217
|move|p2a: Great Tusk|Rapid Spin|p1a: Dondozo
|-damage|p1a: Dondozo|92/100
|-boost|p2a: Great Tusk|spe|1
|-sideend|p2: two rat man|Spikes|[from] move: Rapid Spin|[of] p2a: Great Tusk
|move|p1a: Dondozo|Waterfall|p2a: Great Tusk
|-supereffective|p2a: Great Tusk
|-damage|p2a: Great Tusk|57/100 tox
|
|-heal|p2a: Great Tusk|63/100 tox|[from] Grassy Terrain
|-heal|p1a: Dondozo|99/100|[from] Grassy Terrain
|-heal|p1a: Dondozo|100/100|[from] item: Leftovers
|-damage|p2a: Great Tusk|57/100 tox|[from] psn
|-fieldend|move: Grassy Terrain
|upkeep
|turn|19
|
|t:|1758282221
|-end|p2a: Great Tusk|Protosynthesis|[silent]
|switch|p2a: Rillaboom|Rillaboom, M|69/100 tox
|-fieldstart|move: Grassy Terrain|[from] ability: Grassy Surge|[of] p2a: Rillaboom
|move|p1a: Dondozo|Waterfall|p2a: Rillaboom
|-resisted|p2a: Rillaboom
|-damage|p2a: Rillaboom|57/100 tox
|
|-heal|p2a: Rillaboom|63/100 tox|[from] Grassy Terrain
|-damage|p2a: Rillaboom|57/100 tox|[from] psn
|upkeep
|turn|20
|
|t:|1758282229
|switch|p1a: Corviknight|Corviknight, F|100/100
|-damage|p1a: Corviknight|88/100|[from] Stealth Rock
|-ability|p1a: Corviknight|Pressure
|move|p2a: Rillaboom|Knock Off|p1a: Corviknight
|-damage|p1a: Corviknight|66/100
|-damage|p2a: Rillaboom|41/100 tox|[from] item: Rocky Helmet|[of] p1a: Corviknight
|-enditem|p1a: Corviknight|Rocky Helmet|[from] move: Knock Off|[of] p2a: Rillaboom
|
|-heal|p2a: Rillaboom|47/100 tox|[from] Grassy Terrain
|-damage|p2a: Rillaboom|34/100 tox|[from] psn
|upkeep
|turn|21
|
|t:|1758282244
|switch|p1a: Clefable|Clefable, M|100/100
|-status|p1a: Clefable|psn
|move|p2a: Rillaboom|U-turn|p1a: Clefable
|-resisted|p1a: Clefable
|-damage|p1a: Clefable|90/100 psn
|
|t:|1758282247
|switch|p2a: Gholdengo|Gholdengo|61/100|[from] U-turn
|
|-heal|p2a: Gholdengo|67/100|[from] Grassy Terrain
|-heal|p1a: Clefable|96/100 psn|[from] Grassy Terrain
|-heal|p1a: Clefable|100/100 psn|[from] item: Leftovers
|upkeep
|turn|22
|
|t:|1758282266
|move|p2a: Gholdengo|Make It Rain|p1a: Clefable
|-supereffective|p1a: Clefable
|-damage|p1a: Clefable|0 fnt
|-unboost|p2a: Gholdengo|spa|1
|faint|p1a: Clefable
|
|-heal|p2a: Gholdengo|73/100|[from] Grassy Terrain
|upkeep
|
|t:|1758282271
|switch|p1a: Clodsire|Clodsire, F|100/100
|-sideend|p1: sack800|move: Toxic Spikes|[of] p1a: Clodsire
|turn|23
|
|t:|1758282290
|switch|p2a: Great Tusk|Great Tusk|57/100 tox
|move|p1a: Clodsire|Amnesia|p1a: Clodsire
|-boost|p1a: Clodsire|spd|2
|
|-heal|p2a: Great Tusk|63/100 tox|[from] Grassy Terrain
|-damage|p2a: Great Tusk|57/100 tox|[from] psn
|upkeep
|turn|24
|
|t:|1758282299
|switch|p1a: Corviknight|Corviknight, F|66/100
|-damage|p1a: Corviknight|53/100|[from] Stealth Rock
|-ability|p1a: Corviknight|Pressure
|move|p2a: Great Tusk|Knock Off|p1a: Corviknight
|-damage|p1a: Corviknight|38/100
|
|-heal|p2a: Great Tusk|63/100 tox|[from] Grassy Terrain
|-damage|p2a: Great Tusk|50/100 tox|[from] psn
|upkeep
|turn|25
|
|t:|1758282304
|move|p2a: Great Tusk|Close Combat|p1a: Corviknight
|-damage|p1a: Corviknight|1/100
|-unboost|p2a: Great Tusk|def|1
|-unboost|p2a: Great Tusk|spd|1
|move|p1a: Corviknight|Roost|p1a: Corviknight
|-heal|p1a: Corviknight|51/100
|-singleturn|p1a: Corviknight|move: Roost
|
|-heal|p2a: Great Tusk|57/100 tox|[from] Grassy Terrain
|-heal|p1a: Corviknight|58/100|[from] Grassy Terrain
|-damage|p2a: Great Tusk|38/100 tox|[from] psn
|upkeep
|turn|26
|
|t:|1758282310
|-end|p2a: Great Tusk|Protosynthesis|[silent]
|switch|p2a: Gholdengo|Gholdengo|73/100
|move|p1a: Corviknight|Roost|p1a: Corviknight
|-heal|p1a: Corviknight|100/100
|-singleturn|p1a: Corviknight|move: Roost
|
|-heal|p2a: Gholdengo|79/100|[from] Grassy Terrain
|-fieldend|move: Grassy Terrain
|upkeep
|turn|27
|
|t:|1758282322
|switch|p1a: Clodsire|Clodsire, F|100/100
|move|p2a: Gholdengo|Make It Rain|p1a: Clodsire
|-damage|p1a: Clodsire|58/100
|-unboost|p2a: Gholdengo|spa|1
|
|upkeep
|turn|28
|
|t:|1758282340
|switch|p2a: Rillaboom|Rillaboom, M|34/100 tox
|-fieldstart|move: Grassy Terrain|[from] ability: Grassy Surge|[of] p2a: Rillaboom
|move|p1a: Clodsire|Poison Jab|p2a: Rillaboom
|-supereffective|p2a: Rillaboom
|-crit|p2a: Rillaboom
|-damage|p2a: Rillaboom|0 fnt
|faint|p2a: Rillaboom
|
|-heal|p1a: Clodsire|64/100|[from] Grassy Terrain
|upkeep
|
|t:|1758282349
|switch|p2a: Gholdengo|Gholdengo|79/100
|turn|29
|
|t:|1758282356
|move|p2a: Gholdengo|Nasty Plot|p2a: Gholdengo
|-boost|p2a: Gholdengo|spa|2
|move|p1a: Clodsire|Recover|p1a: Clodsire
|-heal|p1a: Clodsire|100/100
|
|-heal|p2a: Gholdengo|85/100|[from] Grassy Terrain
|upkeep
|turn|30
|inactive|two rat man has 120 seconds left.
|
|t:|1758282403
|move|p2a: Gholdengo|Shadow Ball|p1a: Clodsire
|-damage|p1a: Clodsire|54/100
|-unboost|p1a: Clodsire|spd|1
|move|p1a: Clodsire|Amnesia|p1a: Clodsire
|-boost|p1a: Clodsire|spd|2
|
|-heal|p2a: Gholdengo|91/100|[from] Grassy Terrain
|-heal|p1a: Clodsire|60/100|[from] Grassy Terrain
|upkeep
|turn|31
|
|t:|1758282414
|-terastallize|p2a: Gholdengo|Steel
|move|p2a: Gholdengo|Make It Rain|p1a: Clodsire
|-damage|p1a: Clodsire|0 fnt
|-unboost|p2a: Gholdengo|spa|1
|faint|p1a: Clodsire
|
|-heal|p2a: Gholdengo|97/100|[from] Grassy Terrain
|upkeep
|
|t:|1758282424
|switch|p1a: Dondozo|Dondozo, F|100/100
|-damage|p1a: Dondozo|88/100|[from] Stealth Rock
|turn|32
|
|t:|1758282435
|switch|p2a: Raging Bolt|Raging Bolt|100/100
|switch|p1a: Corviknight|Corviknight, F|100/100
|-damage|p1a: Corviknight|88/100|[from] Stealth Rock
|-ability|p1a: Corviknight|Pressure
|
|upkeep
|turn|33
|
|t:|1758282439
|move|p2a: Raging Bolt|Thunderbolt|p1a: Corviknight
|-supereffective|p1a: Corviknight
|-damage|p1a: Corviknight|0 fnt
|faint|p1a: Corviknight
|
|upkeep
|
|t:|1758282441
|switch|p1a: Dondozo|Dondozo, F|88/100
|-damage|p1a: Dondozo|75/100|[from] Stealth Rock
|turn|34
|
|t:|1758282443
|move|p2a: Raging Bolt|Thunderbolt|p1a: Dondozo
|-supereffective|p1a: Dondozo
|-damage|p1a: Dondozo|0 fnt
|faint|p1a: Dondozo
|
|win|two rat man
|raw|sack800's rating: 1348 &rarr; <strong>1334</strong><br />(-14 for losing)
|raw|two rat man's rating: 1461 &rarr; <strong>1475</strong><br />(+14 for winning)
|l|☆sack800
|player|p1|
|c|☆two rat man|why is it not unaware clod
|c|☆two rat man|??
