|j|☆goggiseug
|j|☆delest_02
|t:|1758366985
|gametype|singles
|player|p1|goggiseug|hilbert|1215
|player|p2|delest_02|lyra|1238
|gen|9
|tier|[Gen 9] OU
|rated|
|rule|HP Percentage Mod: HP is shown in percentages
|rule|Endless Battle Clause: Forcing endless battles is banned
|rule|Species Clause: Limit one of each Pokémon
|rule|OHKO Clause: OHKO moves are banned
|rule|Evasion Items Clause: Evasion items are banned
|rule|Evasion Moves Clause: Evasion moves are banned
|rule|Evasion Abilities Clause: Evasion abilities are banned
|rule|Sleep Moves Clause: Sleep-inducing moves are banned
|clearpoke
|poke|p1|Lucario, M|
|poke|p1|Galvantula, F|
|poke|p1|Palossand, M|
|poke|p1|Primarina, M|
|poke|p1|Cyclizar, F|
|poke|p1|Garchomp, M|
|poke|p2|Lokix, F|
|poke|p2|Slowking-Galar, F|
|poke|p2|Cinderace, F|
|poke|p2|Enamorus, F|
|poke|p2|Alomomola, F|
|poke|p2|Great Tusk|
|teampreview
|inactive|Battle timer is ON: inactive players will automatically lose when time's up. (requested by goggiseug)
|
|t:|1758367018
|teamsize|p1|6
|teamsize|p2|6
|start
|switch|p1a: 수컷|Primarina, M|100/100
|switch|p2a: Cinderace|Cinderace, F|100/100
|turn|1
|
|t:|1758367034
|move|p2a: Cinderace|U-turn|p1a: 수컷
|-resisted|p1a: 수컷
|-damage|p1a: 수컷|90/100
|
|t:|1758367038
|switch|p2a: Alomomola|Alomomola, F|100/100|[from] U-turn
|move|p1a: 수컷|Moonblast|p2a: Alomomola
|-damage|p2a: Alomomola|74/100
|-unboost|p2a: Alomomola|spa|1
|
|upkeep
|turn|2
|
|t:|1758367055
|switch|p1a: 신지|Cyclizar, F|100/100
|-item|p1a: 신지|Air Balloon
|move|p2a: Alomomola|Mirror Coat||[still]
|-fail|p2a: Alomomola
|
|upkeep
|turn|3
|
|t:|1758367073
|move|p1a: 신지|Taunt|p2a: Alomomola
|-start|p2a: Alomomola|move: Taunt
|move|p2a: Alomomola|Flip Turn|p1a: 신지
|-resisted|p1a: 신지
|-damage|p1a: 신지|90/100
|-enditem|p1a: 신지|Air Balloon
|
|t:|1758367086
|switch|p2a: Enamorus|Enamorus, F|100/100|[from] Flip Turn
|
|upkeep
|turn|4
|
|t:|1758367093
|move|p2a: Enamorus|Moonblast|p1a: 신지
|-supereffective|p1a: 신지
|-damage|p1a: 신지|0 fnt
|faint|p1a: 신지
|
|upkeep
|
|t:|1758367102
|switch|p1a: 조민건 친구|Galvantula, F, shiny|100/100
|turn|5
|
|t:|1758367115
|switch|p2a: Cinderace|Cinderace, F|100/100
|move|p1a: 조민건 친구|Thunder Wave|p2a: Cinderace
|-status|p2a: Cinderace|par
|
|upkeep
|turn|6
|
|t:|1758367125
|move|p1a: 조민건 친구|Sticky Web|p2a: Cinderace
|-sidestart|p2: delest_02|move: Sticky Web
|move|p2a: Cinderace|Pyro Ball|p1a: 조민건 친구
|-supereffective|p1a: 조민건 친구
|-enditem|p1a: 조민건 친구|Focus Sash
|-damage|p1a: 조민건 친구|1/100
|
|upkeep
|turn|7
|
|t:|1758367145
|move|p1a: 조민건 친구|Thunder|p2a: Cinderace|[miss]
|-miss|p1a: 조민건 친구|p2a: Cinderace
|cant|p2a: Cinderace|par
|
|upkeep
|turn|8
|
|t:|1758367152
|move|p1a: 조민건 친구|Thunder|p2a: Cinderace
|-damage|p2a: Cinderace|54/100 par
|cant|p2a: Cinderace|par
|
|upkeep
|turn|9
|
|t:|1758367162
|move|p1a: 조민건 친구|Thunder|p2a: Cinderace
|-damage|p2a: Cinderace|10/100 par
|move|p2a: Cinderace|Court Change|p2a: Cinderace
|-swapsideconditions
|-activate|p2a: Cinderace|move: Court Change
|
|upkeep
|turn|10
|
|t:|1758367175
|move|p1a: 조민건 친구|Sticky Web|p2a: Cinderace
|-sidestart|p2: delest_02|move: Sticky Web
|move|p2a: Cinderace|Will-O-Wisp|p1a: 조민건 친구
|-status|p1a: 조민건 친구|brn
|
|-damage|p1a: 조민건 친구|0 fnt|[from] brn
|faint|p1a: 조민건 친구
|upkeep
|
|t:|1758367192
|switch|p1a: 퇴물|Garchomp, M|100/100
|-activate|p1a: 퇴물|move: Sticky Web
|-unboost|p1a: 퇴물|spe|1
|turn|11
|
|t:|1758367211
|move|p1a: 퇴물|Scale Shot|p2a: Cinderace
|-damage|p2a: Cinderace|0 fnt
|faint|p2a: Cinderace
|-hitcount|p2: Cinderace|1
|-unboost|p1a: 퇴물|def|1
|-boost|p1a: 퇴물|spe|1
|
|upkeep
|
|t:|1758367219
|switch|p2a: Enamorus|Enamorus, F|100/100
|turn|12
|
|t:|1758367225
|-terastallize|p1a: 퇴물|Steel
|move|p2a: Enamorus|Moonblast|p1a: 퇴물
|-resisted|p1a: 퇴물
|-damage|p1a: 퇴물|70/100
|move|p1a: 퇴물|Iron Head|p2a: Enamorus
|-supereffective|p2a: Enamorus
|-damage|p2a: Enamorus|0 fnt
|faint|p2a: Enamorus
|
|upkeep
|inactive|delest_02 has 120 seconds left.
|
|t:|1758367267
|switch|p2a: Lokix|Lokix, F|100/100
|-activate|p2a: Lokix|move: Sticky Web
|-unboost|p2a: Lokix|spe|1
|turn|13
|
|t:|1758367285
|switch|p1a: 루카리오|Lucario, M|100/100
|-activate|p1a: 루카리오|move: Sticky Web
|-unboost|p1a: 루카리오|spe|1
|-terastallize|p2a: Lokix|Bug
|move|p2a: Lokix|First Impression|p1a: 루카리오
|-resisted|p1a: 루카리오
|-damage|p1a: 루카리오|26/100
|
|upkeep
|turn|14
|inactive|delest_02 has 120 seconds left.
|
|t:|1758367305
|switch|p2a: Slowking|Slowking-Galar, F|100/100
|-activate|p2a: Slowking|move: Sticky Web
|-unboost|p2a: Slowking|spe|1
|switch|p1a: 퇴물|Garchomp, M, tera:Steel|70/100
|-activate|p1a: 퇴물|move: Sticky Web
|-unboost|p1a: 퇴물|spe|1
|
|upkeep
|turn|15
|inactive|delest_02 has 120 seconds left.
|inactive|delest_02 has 90 seconds left.
|
|t:|1758367341
|switch|p2a: Great Tusk|Great Tusk|100/100
|-activate|p2a: Great Tusk|move: Sticky Web
|-unboost|p2a: Great Tusk|spe|1
|move|p1a: 퇴물|Swords Dance|p1a: 퇴물
|-boost|p1a: 퇴물|atk|2
|
|upkeep
|turn|16
|
|t:|1758367350
|move|p1a: 퇴물|Scale Shot|p2a: Great Tusk
|-damage|p2a: Great Tusk|84/100
|-crit|p2a: Great Tusk
|-damage|p2a: Great Tusk|61/100
|-damage|p2a: Great Tusk|46/100
|-damage|p2a: Great Tusk|30/100
|-hitcount|p2a: Great Tusk|4
|-unboost|p1a: 퇴물|def|1
|-boost|p1a: 퇴물|spe|1
|move|p2a: Great Tusk|Earthquake|p1a: 퇴물
|-supereffective|p1a: 퇴물
|-damage|p1a: 퇴물|0 fnt
|faint|p1a: 퇴물
|
|-heal|p2a: Great Tusk|36/100|[from] item: Leftovers
|upkeep
|
|t:|1758367366
|switch|p1a: 루카리오|Lucario, M|26/100
|-activate|p1a: 루카리오|move: Sticky Web
|-unboost|p1a: 루카리오|spe|1
|turn|17
|
|t:|1758367377
|move|p1a: 루카리오|Aura Sphere|p2a: Great Tusk
|-damage|p2a: Great Tusk|0 fnt
|faint|p2a: Great Tusk
|-end|p2a: Great Tusk|Protosynthesis|[silent]
|-damage|p1a: 루카리오|17/100|[from] item: Life Orb
|
|upkeep
|
|t:|1758367384
|switch|p2a: Lokix|Lokix, F, tera:Bug|100/100
|-activate|p2a: Lokix|move: Sticky Web
|-unboost|p2a: Lokix|spe|1
|turn|18
|
|t:|1758367394
|move|p2a: Lokix|First Impression|p1a: 루카리오
|-resisted|p1a: 루카리오
|-damage|p1a: 루카리오|0 fnt
|faint|p1a: 루카리오
|
|upkeep
|
|t:|1758367402
|switch|p1a: 수컷|Primarina, M|90/100
|-activate|p1a: 수컷|move: Sticky Web
|-unboost|p1a: 수컷|spe|1
|turn|19
|
|t:|1758367410
|switch|p2a: Alomomola|Alomomola, F|100/100
|-activate|p2a: Alomomola|move: Sticky Web
|-unboost|p2a: Alomomola|spe|1
|move|p1a: 수컷|Surf|p2a: Alomomola
|-resisted|p2a: Alomomola
|-damage|p2a: Alomomola|89/100
|
|upkeep
|turn|20
|
|t:|1758367416
|switch|p1a: 모래성이당ㅎㅎ|Palossand, M, shiny|100/100
|-activate|p1a: 모래성이당ㅎㅎ|move: Sticky Web
|-unboost|p1a: 모래성이당ㅎㅎ|spe|1
|move|p2a: Alomomola|Body Slam|p1a: 모래성이당ㅎㅎ
|-immune|p1a: 모래성이당ㅎㅎ
|
|upkeep
|turn|21
|
|t:|1758367428
|move|p1a: 모래성이당ㅎㅎ|Stealth Rock|p2a: Alomomola
|-sidestart|p2: delest_02|move: Stealth Rock
|move|p2a: Alomomola|Mirror Coat||[still]
|-fail|p2a: Alomomola
|
|upkeep
|turn|22
|
|t:|1758367436
|switch|p2a: Slowking|Slowking-Galar, F|100/100
|-activate|p2a: Slowking|move: Sticky Web
|-unboost|p2a: Slowking|spe|1
|-damage|p2a: Slowking|88/100|[from] Stealth Rock
|move|p1a: 모래성이당ㅎㅎ|Curse|p2a: Slowking
|-start|p2a: Slowking|Curse|[of] p1a: 모래성이당ㅎㅎ
|-damage|p1a: 모래성이당ㅎㅎ|50/100
|
|-damage|p2a: Slowking|63/100|[from] Curse
|upkeep
|turn|23
|
|t:|1758367445
|move|p1a: 모래성이당ㅎㅎ|Shore Up|p1a: 모래성이당ㅎㅎ
|-heal|p1a: 모래성이당ㅎㅎ|100/100
|move|p2a: Slowking|Ice Beam|p1a: 모래성이당ㅎㅎ
|-supereffective|p1a: 모래성이당ㅎㅎ
|-damage|p1a: 모래성이당ㅎㅎ|52/100
|
|-damage|p2a: Slowking|38/100|[from] Curse
|upkeep
|turn|24
|
|t:|1758367452
|switch|p2a: Alomomola|Alomomola, F|100/100
|-activate|p2a: Alomomola|move: Sticky Web
|-unboost|p2a: Alomomola|spe|1
|-damage|p2a: Alomomola|88/100|[from] Stealth Rock
|move|p1a: 모래성이당ㅎㅎ|Shore Up|p1a: 모래성이당ㅎㅎ
|-heal|p1a: 모래성이당ㅎㅎ|100/100
|
|upkeep
|turn|25
|
|t:|1758367470
|switch|p2a: Slowking|Slowking-Galar, F|71/100
|-activate|p2a: Slowking|move: Sticky Web
|-unboost|p2a: Slowking|spe|1
|-damage|p2a: Slowking|59/100|[from] Stealth Rock
|move|p1a: 모래성이당ㅎㅎ|Night Shade|p2a: Slowking
|-damage|p2a: Slowking|34/100
|
|upkeep
|turn|26
|
|t:|1758367480
|switch|p2a: Lokix|Lokix, F, tera:Bug|100/100
|-activate|p2a: Lokix|move: Sticky Web
|-unboost|p2a: Lokix|spe|1
|-damage|p2a: Lokix|76/100|[from] Stealth Rock
|move|p1a: 모래성이당ㅎㅎ|Curse|p2a: Lokix
|-start|p2a: Lokix|Curse|[of] p1a: 모래성이당ㅎㅎ
|-damage|p1a: 모래성이당ㅎㅎ|50/100
|
|-damage|p2a: Lokix|51/100|[from] Curse
|upkeep
|turn|27
|
|t:|1758367490
|switch|p1a: 수컷|Primarina, M|90/100
|-activate|p1a: 수컷|move: Sticky Web
|-unboost|p1a: 수컷|spe|1
|move|p2a: Lokix|Knock Off|p1a: 수컷
|-resisted|p1a: 수컷
|-damage|p1a: 수컷|7/100
|-enditem|p1a: 수컷|Assault Vest|[from] move: Knock Off|[of] p2a: Lokix
|
|-damage|p2a: Lokix|26/100|[from] Curse
|upkeep
|turn|28
|
|t:|1758367508
|switch|p2a: Alomomola|Alomomola, F|100/100
|-activate|p2a: Alomomola|move: Sticky Web
|-unboost|p2a: Alomomola|spe|1
|-damage|p2a: Alomomola|88/100|[from] Stealth Rock
|move|p1a: 수컷|Moonblast|p2a: Alomomola
|-damage|p2a: Alomomola|64/100
|-unboost|p2a: Alomomola|spa|1
|
|upkeep
|turn|29
|
|t:|1758367526
|switch|p1a: 모래성이당ㅎㅎ|Palossand, M, shiny|50/100
|-activate|p1a: 모래성이당ㅎㅎ|move: Sticky Web
|-unboost|p1a: 모래성이당ㅎㅎ|spe|1
|move|p2a: Alomomola|Body Slam|p1a: 모래성이당ㅎㅎ
|-immune|p1a: 모래성이당ㅎㅎ
|
|upkeep
|turn|30
|
|t:|1758367534
|switch|p2a: Slowking|Slowking-Galar, F|67/100
|-activate|p2a: Slowking|move: Sticky Web
|-unboost|p2a: Slowking|spe|1
|-damage|p2a: Slowking|54/100|[from] Stealth Rock
|move|p1a: 모래성이당ㅎㅎ|Shore Up|p1a: 모래성이당ㅎㅎ
|-heal|p1a: 모래성이당ㅎㅎ|100/100
|
|upkeep
|turn|31
|
|t:|1758367544
|move|p1a: 모래성이당ㅎㅎ|Curse|p2a: Slowking
|-start|p2a: Slowking|Curse|[of] p1a: 모래성이당ㅎㅎ
|-damage|p1a: 모래성이당ㅎㅎ|50/100
|move|p2a: Slowking|Future Sight|p1a: 모래성이당ㅎㅎ
|-start|p2a: Slowking|move: Future Sight
|
|-damage|p2a: Slowking|30/100|[from] Curse
|upkeep
|turn|32
|
|t:|1758367551
|switch|p2a: Alomomola|Alomomola, F|97/100
|-activate|p2a: Alomomola|move: Sticky Web
|-unboost|p2a: Alomomola|spe|1
|-damage|p2a: Alomomola|85/100|[from] Stealth Rock
|move|p1a: 모래성이당ㅎㅎ|Shore Up|p1a: 모래성이당ㅎㅎ
|-heal|p1a: 모래성이당ㅎㅎ|100/100
|
|upkeep
|turn|33
|
|t:|1758367561
|move|p2a: Alomomola|Flip Turn|p1a: 모래성이당ㅎㅎ
|-supereffective|p1a: 모래성이당ㅎㅎ
|-damage|p1a: 모래성이당ㅎㅎ|79/100
|-ability|p1a: 모래성이당ㅎㅎ|Water Compaction|boost
|-boost|p1a: 모래성이당ㅎㅎ|def|2
|
|t:|1758367564
|switch|p2a: Slowking|Slowking-Galar, F|63/100|[from] Flip Turn
|-activate|p2a: Slowking|move: Sticky Web
|-unboost|p2a: Slowking|spe|1
|-damage|p2a: Slowking|50/100|[from] Stealth Rock
|move|p1a: 모래성이당ㅎㅎ|Curse|p2a: Slowking
|-start|p2a: Slowking|Curse|[of] p1a: 모래성이당ㅎㅎ
|-damage|p1a: 모래성이당ㅎㅎ|29/100
|
|-end|p1a: 모래성이당ㅎㅎ|move: Future Sight
|-damage|p1a: 모래성이당ㅎㅎ|0 fnt
|faint|p1a: 모래성이당ㅎㅎ
|-damage|p2a: Slowking|25/100|[from] Curse
|upkeep
|
|t:|1758367572
|switch|p1a: 수컷|Primarina, M|7/100
|-activate|p1a: 수컷|move: Sticky Web
|-unboost|p1a: 수컷|spe|1
|turn|34
|
|t:|1758367576
|move|p1a: 수컷|Surf|p2a: Slowking
|-damage|p2a: Slowking|0 fnt
|faint|p2a: Slowking
|
|upkeep
|
|t:|1758367581
|switch|p2a: Lokix|Lokix, F, tera:Bug|26/100
|-activate|p2a: Lokix|move: Sticky Web
|-unboost|p2a: Lokix|spe|1
|-damage|p2a: Lokix|2/100|[from] Stealth Rock
|turn|35
|
|t:|1758367585
|move|p2a: Lokix|First Impression|p1a: 수컷
|-resisted|p1a: 수컷
|-damage|p1a: 수컷|0 fnt
|faint|p1a: 수컷
|
|win|delest_02
|raw|goggiseug's rating: 1215 &rarr; <strong>1192</strong><br />(-23 for losing)
|raw|delest_02's rating: 1238 &rarr; <strong>1261</strong><br />(+23 for winning)
|l|☆goggiseug
|player|p1|
