|j|☆Golden Chrisp
|j|☆elvergatron69
|t:|1758293345
|gametype|singles
|player|p1|Golden Chrisp|steven|1091
|player|p2|elvergatron69|265|1130
|gen|9
|tier|[Gen 9] OU
|rated|
|rule|HP Percentage Mod: HP is shown in percentages
|rule|Endless Battle Clause: Forcing endless battles is banned
|rule|Species Clause: Limit one of each Pokémon
|rule|OHKO Clause: OHKO moves are banned
|rule|Evasion Items Clause: Evasion items are banned
|rule|Evasion Moves Clause: Evasion moves are banned
|rule|Evasion Abilities Clause: Evasion abilities are banned
|rule|Sleep Moves Clause: Sleep-inducing moves are banned
|clearpoke
|poke|p1|Cinderace, M|
|poke|p1|Toxapex, F|
|poke|p1|Alomomola, F|
|poke|p1|Ursaring, M|
|poke|p1|Heracross, M|
|poke|p1|Luxray, M|
|poke|p2|Duraludon, F|
|poke|p2|Iron Hands|
|poke|p2|Mandibuzz, F|
|poke|p2|Dragapult, M|
|poke|p2|Hitmonlee, M|
|poke|p2|Blissey, F|
|teampreview
|
|t:|1758293350
|teamsize|p1|6
|teamsize|p2|6
|start
|switch|p1a: Toxapex|Toxapex, F|100/100
|switch|p2a: Iron Hands|Iron Hands|100/100
|-item|p1a: Toxapex|Air Balloon
|turn|1
|
|t:|1758293357
|move|p2a: Iron Hands|Belly Drum|p2a: Iron Hands
|-damage|p2a: Iron Hands|50/100
|-setboost|p2a: Iron Hands|atk|6|[from] move: Belly Drum
|-enditem|p2a: Iron Hands|Sitrus Berry|[eat]
|-heal|p2a: Iron Hands|75/100|[from] item: Sitrus Berry
|move|p1a: Toxapex|Toxic Spikes|p2a: Iron Hands
|-sidestart|p2: elvergatron69|move: Toxic Spikes
|
|upkeep
|turn|2
|
|t:|1758293369
|move|p1a: Toxapex|Baneful Bunker|p1a: Toxapex
|-singleturn|p1a: Toxapex|move: Protect
|move|p2a: Iron Hands|Drain Punch|p1a: Toxapex
|-activate|p1a: Toxapex|move: Protect
|-status|p2a: Iron Hands|psn
|
|-damage|p2a: Iron Hands|63/100 psn|[from] psn
|upkeep
|turn|3
|
|t:|1758293378
|move|p2a: Iron Hands|Supercell Slam|p1a: Toxapex
|-supereffective|p1a: Toxapex
|-damage|p1a: Toxapex|0 fnt
|-enditem|p1a: Toxapex|Air Balloon
|faint|p1a: Toxapex
|
|-damage|p2a: Iron Hands|50/100 psn|[from] psn
|upkeep
|
|t:|1758293387
|switch|p1a: Cinderace|Cinderace, M|100/100
|-item|p1a: Cinderace|Air Balloon
|turn|4
|
|t:|1758293392
|move|p1a: Cinderace|Court Change|p1a: Cinderace
|-start|p1a: Cinderace|typechange|Normal|[from] ability: Libero
|-swapsideconditions
|-activate|p1a: Cinderace|move: Court Change
|move|p2a: Iron Hands|Drain Punch|p1a: Cinderace
|-supereffective|p1a: Cinderace
|-damage|p1a: Cinderace|0 fnt
|-heal|p2a: Iron Hands|80/100 psn|[from] drain|[of] p1a: Cinderace
|-enditem|p1a: Cinderace|Air Balloon
|faint|p1a: Cinderace
|
|-damage|p2a: Iron Hands|67/100 psn|[from] psn
|upkeep
|
|t:|1758293410
|switch|p1a: Heracross|Heracross, M|100/100
|-status|p1a: Heracross|psn
|turn|5
|
|t:|1758293419
|move|p1a: Heracross|Earthquake|p2a: Iron Hands
|-supereffective|p2a: Iron Hands
|-damage|p2a: Iron Hands|23/100 psn
|move|p2a: Iron Hands|Supercell Slam|p1a: Heracross
|-damage|p1a: Heracross|0 fnt
|faint|p1a: Heracross
|
|-damage|p2a: Iron Hands|11/100 psn|[from] psn
|upkeep
|
|t:|1758293429
|switch|p1a: Ursaring|Ursaring, M|100/100
|-status|p1a: Ursaring|psn
|turn|6
|
|t:|1758293435
|move|p1a: Ursaring|Facade|p2a: Iron Hands
|-damage|p2a: Iron Hands|0 fnt
|faint|p2a: Iron Hands
|-end|p2a: Iron Hands|Quark Drive|[silent]
|
|-damage|p1a: Ursaring|88/100 psn|[from] psn
|upkeep
|
|t:|1758293442
|switch|p2a: Hitmonlee|Hitmonlee, M|100/100
|turn|7
|
|t:|1758293446
|move|p2a: Hitmonlee|Endure|p2a: Hitmonlee
|-singleturn|p2a: Hitmonlee|move: Endure
|move|p1a: Ursaring|Facade|p2a: Hitmonlee
|-activate|p2a: Hitmonlee|move: Endure
|-damage|p2a: Hitmonlee|1/100
|-enditem|p2a: Hitmonlee|Liechi Berry|[eat]
|-boost|p2a: Hitmonlee|atk|1|[from] item: Liechi Berry
|
|-damage|p1a: Ursaring|76/100 psn|[from] psn
|upkeep
|turn|8
|
|t:|1758293456
|-terastallize|p2a: Hitmonlee|Fighting
|move|p2a: Hitmonlee|Reversal|p1a: Ursaring
|-supereffective|p1a: Ursaring
|-damage|p1a: Ursaring|0 fnt
|faint|p1a: Ursaring
|
|upkeep
|-message|Golden Chrisp forfeited.
|
|win|elvergatron69
|raw|Golden Chrisp's rating: 1091 &rarr; <strong>1070</strong><br />(-21 for losing)
|raw|elvergatron69's rating: 1130 &rarr; <strong>1152</strong><br />(+22 for winning)
|l|☆Golden Chrisp
|player|p1|
|l|☆elvergatron69
|player|p2|
