|j|☆Worgios
|j|☆virtualreality19
|t:|1758340968
|gametype|singles
|player|p1|Worgios|swimmerf|1222
|player|p2|virtualreality19|266|1227
|gen|9
|tier|[Gen 9] OU
|rated|
|rule|HP Percentage Mod: HP is shown in percentages
|rule|Endless Battle Clause: Forcing endless battles is banned
|rule|Species Clause: Limit one of each Pokémon
|rule|OHKO Clause: OHKO moves are banned
|rule|Evasion Items Clause: Evasion items are banned
|rule|Evasion Moves Clause: Evasion moves are banned
|rule|Evasion Abilities Clause: Evasion abilities are banned
|rule|Sleep Moves Clause: Sleep-inducing moves are banned
|clearpoke
|poke|p1|Incineroar, F|
|poke|p1|Dragapult, F|
|poke|p1|Enamorus, F|
|poke|p1|Dragonite, F|
|poke|p1|Volcanion|
|poke|p1|Great Tusk|
|poke|p2|Cresselia, F|
|poke|p2|Ursaluna, F|
|poke|p2|Corviknight, M|
|poke|p2|Dragapult, M|
|poke|p2|Thundurus-Therian, M|
|poke|p2|Toxapex, M|
|teampreview
|inactive|Battle timer is ON: inactive players will automatically lose when time's up. (requested by virtualreality19)
|
|t:|1758340981
|teamsize|p1|6
|teamsize|p2|6
|start
|switch|p1a: Miauneroar|Incineroar, F, shiny|100/100
|switch|p2a: Toxapex|Toxapex, M|100/100
|-ability|p1a: Miauneroar|Intimidate|boost
|-unboost|p2a: Toxapex|atk|1
|turn|1
|
|t:|1758340987
|move|p1a: Miauneroar|Parting Shot|p2a: Toxapex
|-unboost|p2a: Toxapex|atk|1
|-unboost|p2a: Toxapex|spa|1
|
|t:|1758340991
|switch|p1a: Manni|Great Tusk, shiny|100/100|[from] Parting Shot
|move|p2a: Toxapex|Toxic Spikes|p1a: Manni
|-sidestart|p1: Worgios|move: Toxic Spikes
|
|upkeep
|turn|2
|
|t:|1758340999
|switch|p2a: Corviknight|Corviknight, M|100/100
|move|p1a: Manni|Stealth Rock|p2a: Corviknight
|-sidestart|p2: virtualreality19|move: Stealth Rock
|
|upkeep
|turn|3
|
|t:|1758341005
|move|p1a: Manni|Ice Spinner|p2a: Corviknight
|-damage|p2a: Corviknight|82/100
|move|p2a: Corviknight|Brave Bird|p1a: Manni
|-supereffective|p1a: Manni
|-damage|p1a: Manni|60/100
|-damage|p2a: Corviknight|66/100|[from] Recoil
|
|-heal|p2a: Corviknight|72/100|[from] item: Leftovers
|upkeep
|turn|4
|
|t:|1758341013
|move|p1a: Manni|Rapid Spin|p2a: Corviknight
|-resisted|p2a: Corviknight
|-damage|p2a: Corviknight|67/100
|-boost|p1a: Manni|spe|1
|-sideend|p1: Worgios|Toxic Spikes|[from] move: Rapid Spin|[of] p1a: Manni
|move|p2a: Corviknight|Brave Bird|p1a: Manni
|-supereffective|p1a: Manni
|-damage|p1a: Manni|16/100
|-damage|p2a: Corviknight|48/100|[from] Recoil
|
|-heal|p2a: Corviknight|54/100|[from] item: Leftovers
|upkeep
|turn|5
|
|t:|1758341023
|move|p1a: Manni|Ice Spinner|p2a: Corviknight
|-damage|p2a: Corviknight|39/100
|move|p2a: Corviknight|Roost|p2a: Corviknight
|-heal|p2a: Corviknight|89/100
|-singleturn|p2a: Corviknight|move: Roost
|
|-heal|p2a: Corviknight|95/100|[from] item: Leftovers
|upkeep
|turn|6
|
|t:|1758341030
|move|p1a: Manni|Ice Spinner|p2a: Corviknight
|-damage|p2a: Corviknight|79/100
|move|p2a: Corviknight|Defog|p1a: Manni
|-unboost|p1a: Manni|evasion|1
|-sideend|p2: virtualreality19|Stealth Rock|[from] move: Defog|[of] p2a: Corviknight
|
|-heal|p2a: Corviknight|86/100|[from] item: Leftovers
|upkeep
|turn|7
|
|t:|1758341038
|-end|p1a: Manni|Protosynthesis|[silent]
|switch|p1a: Miauneroar|Incineroar, F, shiny|100/100
|-ability|p1a: Miauneroar|Intimidate|boost
|-ability|p2a: Corviknight|Mirror Armor
|-unboost|p1a: Miauneroar|atk|1
|move|p2a: Corviknight|Brave Bird|p1a: Miauneroar
|-damage|p1a: Miauneroar|77/100
|-damage|p2a: Corviknight|69/100|[from] item: Rocky Helmet|[of] p1a: Miauneroar
|-damage|p2a: Corviknight|60/100|[from] Recoil
|
|-heal|p2a: Corviknight|66/100|[from] item: Leftovers
|upkeep
|turn|8
|
|t:|1758341050
|switch|p2a: Toxapex|Toxapex, M|100/100
|move|p1a: Miauneroar|Will-O-Wisp|p2a: Toxapex
|-status|p2a: Toxapex|brn
|
|-damage|p2a: Toxapex|94/100 brn|[from] brn
|upkeep
|turn|9
|
|t:|1758341057
|move|p1a: Miauneroar|Parting Shot|p2a: Toxapex
|-unboost|p2a: Toxapex|atk|1
|-unboost|p2a: Toxapex|spa|1
|
|t:|1758341062
|switch|p1a: Manni|Great Tusk, shiny|16/100|[from] Parting Shot
|move|p2a: Toxapex|Toxic Spikes|p1a: Manni
|-sidestart|p1: Worgios|move: Toxic Spikes
|
|-heal|p2a: Toxapex|100/100 brn|[from] item: Black Sludge
|-damage|p2a: Toxapex|94/100 brn|[from] brn
|upkeep
|turn|10
|
|t:|1758341072
|switch|p2a: Dragapult|Dragapult, M|100/100
|move|p1a: Manni|Earthquake|p2a: Dragapult
|-damage|p2a: Dragapult|45/100
|
|upkeep
|turn|11
|
|t:|1758341081
|move|p2a: Dragapult|Shadow Ball|p1a: Manni
|-damage|p1a: Manni|0 fnt
|faint|p1a: Manni
|-end|p1a: Manni|Protosynthesis|[silent]
|
|upkeep
|
|t:|1758341084
|switch|p1a: Tabaluga|Dragonite, F, shiny|100/100
|turn|12
|inactive|virtualreality19 has 120 seconds left.
|
|t:|1758341117
|switch|p2a: Toxapex|Toxapex, M|100/100 brn
|move|p1a: Tabaluga|Dragon Dance|p1a: Tabaluga
|-boost|p1a: Tabaluga|atk|1
|-boost|p1a: Tabaluga|spe|1
|
|-damage|p2a: Toxapex|94/100 brn|[from] brn
|upkeep
|turn|13
|
|t:|1758341124
|move|p1a: Tabaluga|Earthquake|p2a: Toxapex
|-supereffective|p2a: Toxapex
|-damage|p2a: Toxapex|7/100 brn
|move|p2a: Toxapex|Sludge Wave|p1a: Tabaluga
|-damage|p1a: Tabaluga|91/100
|
|-heal|p2a: Toxapex|13/100 brn|[from] item: Black Sludge
|-damage|p2a: Toxapex|7/100 brn|[from] brn
|upkeep
|turn|14
|
|t:|1758341133
|switch|p2a: Cresselia|Cresselia, F|100/100
|move|p1a: Tabaluga|Dragon Dance|p1a: Tabaluga
|-boost|p1a: Tabaluga|atk|1
|-boost|p1a: Tabaluga|spe|1
|
|upkeep
|turn|15
|
|t:|1758341139
|-terastallize|p1a: Tabaluga|Steel
|move|p1a: Tabaluga|Iron Head|p2a: Cresselia
|-damage|p2a: Cresselia|50/100
|move|p2a: Cresselia|Trick Room|p2a: Cresselia
|-fieldstart|move: Trick Room|[of] p2a: Cresselia
|
|-heal|p2a: Cresselia|56/100|[from] item: Leftovers
|upkeep
|turn|16
|
|t:|1758341146
|switch|p2a: Ursaluna|Ursaluna, F|100/100
|move|p1a: Tabaluga|Ice Spinner|p2a: Ursaluna
|-supereffective|p2a: Ursaluna
|-damage|p2a: Ursaluna|30/100
|
|-status|p2a: Ursaluna|brn|[from] item: Flame Orb
|upkeep
|turn|17
|
|t:|1758341153
|switch|p1a: Lilly Fee|Enamorus, F, shiny|100/100
|move|p2a: Ursaluna|Headlong Rush|p1a: Lilly Fee
|-immune|p1a: Lilly Fee
|
|-damage|p2a: Ursaluna|24/100 brn|[from] brn
|upkeep
|turn|18
|
|t:|1758341162
|move|p2a: Ursaluna|Crunch|p1a: Lilly Fee
|-resisted|p1a: Lilly Fee
|-damage|p1a: Lilly Fee|65/100
|move|p1a: Lilly Fee|Draining Kiss|p2a: Ursaluna
|-damage|p2a: Ursaluna|0 fnt
|-heal|p1a: Lilly Fee|90/100|[from] drain|[of] p2a: Ursaluna
|faint|p2a: Ursaluna
|
|upkeep
|
|t:|1758341171
|switch|p2a: Thundurus|Thundurus-Therian, M|100/100
|turn|19
|
|t:|1758341176
|move|p2a: Thundurus|Thunderbolt|p1a: Lilly Fee
|-supereffective|p1a: Lilly Fee
|-damage|p1a: Lilly Fee|0 fnt
|faint|p1a: Lilly Fee
|-damage|p2a: Thundurus|90/100|[from] item: Life Orb
|
|-fieldend|move: Trick Room
|upkeep
|
|t:|1758341184
|switch|p1a: Rex|Dragapult, F, shiny|100/100
|-status|p1a: Rex|psn
|turn|20
|
|t:|1758341195
|switch|p2a: Corviknight|Corviknight, M|66/100
|move|p1a: Rex|Will-O-Wisp|p2a: Corviknight
|-status|p2a: Corviknight|brn
|
|-heal|p2a: Corviknight|72/100 brn|[from] item: Leftovers
|-damage|p1a: Rex|88/100 psn|[from] psn
|-damage|p2a: Corviknight|66/100 brn|[from] brn
|upkeep
|turn|21
|
|t:|1758341205
|move|p1a: Rex|Hex|p2a: Corviknight
|-damage|p2a: Corviknight|0 fnt
|faint|p2a: Corviknight
|-damage|p1a: Rex|78/100 psn|[from] item: Life Orb
|
|-damage|p1a: Rex|66/100 psn|[from] psn
|upkeep
|
|t:|1758341223
|switch|p2a: Dragapult|Dragapult, M|45/100
|turn|22
|
|t:|1758341226
|move|p1a: Rex|Hex|p2a: Dragapult
|-supereffective|p2a: Dragapult
|-damage|p2a: Dragapult|0 fnt
|faint|p2a: Dragapult
|-damage|p1a: Rex|56/100 psn|[from] item: Life Orb
|
|-damage|p1a: Rex|44/100 psn|[from] psn
|upkeep
|
|t:|1758341236
|switch|p2a: Toxapex|Toxapex, M|40/100 brn
|turn|23
|
|t:|1758341239
|move|p2a: Toxapex|Baneful Bunker|p2a: Toxapex
|-singleturn|p2a: Toxapex|move: Protect
|move|p1a: Rex|Hex|p2a: Toxapex
|-activate|p2a: Toxapex|move: Protect
|
|-heal|p2a: Toxapex|46/100 brn|[from] item: Black Sludge
|-damage|p1a: Rex|32/100 psn|[from] psn
|-damage|p2a: Toxapex|40/100 brn|[from] brn
|upkeep
|turn|24
|
|t:|1758341251
|move|p1a: Rex|Hex|p2a: Toxapex
|-damage|p2a: Toxapex|0 fnt
|faint|p2a: Toxapex
|-damage|p1a: Rex|22/100 psn|[from] item: Life Orb
|
|-damage|p1a: Rex|10/100 psn|[from] psn
|upkeep
|
|t:|1758341257
|switch|p2a: Cresselia|Cresselia, F|56/100
|turn|25
|
|t:|1758341260
|move|p2a: Cresselia|Protect|p2a: Cresselia
|-singleturn|p2a: Cresselia|Protect
|move|p1a: Rex|Draco Meteor|p2a: Cresselia
|-activate|p2a: Cresselia|move: Protect
|
|-heal|p2a: Cresselia|62/100|[from] item: Leftovers
|-damage|p1a: Rex|0 fnt|[from] psn
|faint|p1a: Rex
|upkeep
|
|t:|1758341267
|switch|p1a: Miauneroar|Incineroar, F, shiny|77/100
|-status|p1a: Miauneroar|psn
|-ability|p1a: Miauneroar|Intimidate|boost
|-unboost|p2a: Cresselia|atk|1
|turn|26
|
|t:|1758341277
|move|p2a: Cresselia|Moonlight|p2a: Cresselia
|-heal|p2a: Cresselia|100/100
|move|p1a: Miauneroar|Knock Off|p2a: Cresselia
|-supereffective|p2a: Cresselia
|-damage|p2a: Cresselia|50/100
|-enditem|p2a: Cresselia|Leftovers|[from] move: Knock Off|[of] p1a: Miauneroar
|
|-damage|p1a: Miauneroar|64/100 psn|[from] psn
|upkeep
|turn|27
|
|t:|1758341286
|move|p2a: Cresselia|Protect|p2a: Cresselia
|-singleturn|p2a: Cresselia|Protect
|move|p1a: Miauneroar|Will-O-Wisp|p2a: Cresselia
|-activate|p2a: Cresselia|move: Protect
|
|-damage|p1a: Miauneroar|52/100 psn|[from] psn
|upkeep
|turn|28
|
|t:|1758341296
|move|p2a: Cresselia|Moonlight|p2a: Cresselia
|-heal|p2a: Cresselia|99/100
|move|p1a: Miauneroar|Will-O-Wisp|p2a: Cresselia
|-status|p2a: Cresselia|brn
|
|-damage|p1a: Miauneroar|40/100 psn|[from] psn
|-damage|p2a: Cresselia|94/100 brn|[from] brn
|upkeep
|turn|29
|
|t:|1758341304
|move|p2a: Cresselia|Protect|p2a: Cresselia
|-singleturn|p2a: Cresselia|Protect
|move|p1a: Miauneroar|Parting Shot|p2a: Cresselia
|-activate|p2a: Cresselia|move: Protect
|
|-damage|p1a: Miauneroar|27/100 psn|[from] psn
|-damage|p2a: Cresselia|88/100 brn|[from] brn
|upkeep
|turn|30
|
|t:|1758341312
|move|p2a: Cresselia|Protect|p2a: Cresselia
|-singleturn|p2a: Cresselia|Protect
|move|p1a: Miauneroar|Flare Blitz|p2a: Cresselia
|-activate|p2a: Cresselia|move: Protect
|
|-damage|p1a: Miauneroar|15/100 psn|[from] psn
|-damage|p2a: Cresselia|82/100 brn|[from] brn
|upkeep
|turn|31
|
|t:|1758341322
|move|p2a: Cresselia|Moonlight|p2a: Cresselia
|-heal|p2a: Cresselia|100/100 brn
|move|p1a: Miauneroar|Flare Blitz|p2a: Cresselia
|-damage|p2a: Cresselia|69/100 brn
|-damage|p1a: Miauneroar|5/100 psn|[from] Recoil
|
|-damage|p1a: Miauneroar|0 fnt|[from] psn
|faint|p1a: Miauneroar
|-damage|p2a: Cresselia|63/100 brn|[from] brn
|upkeep
|
|t:|1758341328
|switch|p1a: Tabaluga|Dragonite, F, shiny, tera:Steel|91/100
|turn|32
|
|t:|1758341344
|switch|p2a: Thundurus|Thundurus-Therian, M|90/100
|move|p1a: Tabaluga|Dragon Dance|p1a: Tabaluga
|-boost|p1a: Tabaluga|atk|1
|-boost|p1a: Tabaluga|spe|1
|
|upkeep
|turn|33
|
|t:|1758341354
|-terastallize|p2a: Thundurus|Electric
|move|p1a: Tabaluga|Ice Spinner|p2a: Thundurus
|-damage|p2a: Thundurus|33/100
|move|p2a: Thundurus|Thunderbolt|p1a: Tabaluga
|-damage|p1a: Tabaluga|6/100
|-status|p1a: Tabaluga|par
|-damage|p2a: Thundurus|23/100|[from] item: Life Orb
|
|upkeep
|turn|34
|c|☆Worgios|that luck is crazy
|
|t:|1758341372
|move|p2a: Thundurus|Dark Pulse|p1a: Tabaluga
|-damage|p1a: Tabaluga|0 fnt
|faint|p1a: Tabaluga
|-damage|p2a: Thundurus|13/100|[from] item: Life Orb
|
|upkeep
|
|t:|1758341374
|switch|p1a: Vulkan|Volcanion|100/100
|-status|p1a: Vulkan|psn
|turn|35
|
|t:|1758341381
|switch|p2a: Cresselia|Cresselia, F|63/100 brn
|move|p1a: Vulkan|Sludge Wave|p2a: Cresselia
|-damage|p2a: Cresselia|46/100 brn
|
|-damage|p1a: Vulkan|88/100 psn|[from] psn
|-damage|p2a: Cresselia|40/100 brn|[from] brn
|upkeep
|turn|36
|
|t:|1758341390
|move|p2a: Cresselia|Protect|p2a: Cresselia
|-singleturn|p2a: Cresselia|Protect
|move|p1a: Vulkan|Steam Eruption|p2a: Cresselia
|-activate|p2a: Cresselia|move: Protect
|
|-damage|p1a: Vulkan|76/100 psn|[from] psn
|-damage|p2a: Cresselia|34/100 brn|[from] brn
|upkeep
|turn|37
|
|t:|1758341399
|move|p2a: Cresselia|Moonlight|p2a: Cresselia
|-heal|p2a: Cresselia|84/100 brn
|move|p1a: Vulkan|Steam Eruption|p2a: Cresselia
|-damage|p2a: Cresselia|53/100 brn
|
|-damage|p1a: Vulkan|63/100 psn|[from] psn
|-damage|p2a: Cresselia|47/100 brn|[from] brn
|upkeep
|turn|38
|-message|Worgios forfeited.
|
|win|virtualreality19
|raw|Worgios's rating: 1222 &rarr; <strong>1197</strong><br />(-25 for losing)
|raw|virtualreality19's rating: 1227 &rarr; <strong>1252</strong><br />(+25 for winning)
|l|☆Worgios
|player|p1|
|l|☆virtualreality19
|player|p2|
