|j|☆lzc123456
|j|☆lolcano46
|t:|1758326588
|gametype|singles
|player|p1|lzc123456|cynthia-gen4|1550
|player|p2|lolcano46|fisherman-gen4|1520
|gen|9
|tier|[Gen 9] OU
|rated|
|rule|HP Percentage Mod: HP is shown in percentages
|rule|Endless Battle Clause: Forcing endless battles is banned
|rule|Species Clause: Limit one of each Pokémon
|rule|OHKO Clause: OHKO moves are banned
|rule|Evasion Items Clause: Evasion items are banned
|rule|Evasion Moves Clause: Evasion moves are banned
|rule|Evasion Abilities Clause: Evasion abilities are banned
|rule|Sleep Moves Clause: Sleep-inducing moves are banned
|clearpoke
|poke|p1|Alomomola, F|
|poke|p1|Serperior, F|
|poke|p1|Garchomp, M|
|poke|p1|Iron Treads|
|poke|p1|Pelipper, M|
|poke|p1|Zamazenta-*|
|poke|p2|Azelf|
|poke|p2|Ogerpon-Wellspring, F|
|poke|p2|Scizor, M|
|poke|p2|Gengar, M|
|poke|p2|Raging Bolt|
|poke|p2|Cinderace, F|
|teampreview
|inactive|Battle timer is ON: inactive players will automatically lose when time's up. (requested by lolcano46)
|
|t:|1758326605
|teamsize|p1|6
|teamsize|p2|6
|start
|switch|p1a: 盾盾小狗|Zamazenta|100/100
|switch|p2a: Azelf|Azelf|100/100
|-ability|p1a: 盾盾小狗|Dauntless Shield|boost
|-boost|p1a: 盾盾小狗|def|1
|turn|1
|
|t:|1758326614
|-terastallize|p2a: Azelf|Fairy
|move|p1a: 盾盾小狗|Crunch|p2a: Azelf
|-resisted|p2a: Azelf
|-damage|p2a: Azelf|69/100
|-unboost|p2a: Azelf|def|1
|move|p2a: Azelf|Dazzling Gleam|p1a: 盾盾小狗
|-supereffective|p1a: 盾盾小狗
|-damage|p1a: 盾盾小狗|7/100
|
|upkeep
|turn|2
|
|t:|1758326629
|switch|p1a: 脏活累活|Alomomola, F|100/100
|switch|p2a: Scizor|Scizor, M|100/100
|
|upkeep
|turn|3
|
|t:|1758326633
|switch|p1a: 蛇姐|Serperior, F, shiny|100/100
|move|p2a: Scizor|Knock Off|p1a: 蛇姐
|-damage|p1a: 蛇姐|56/100
|-enditem|p1a: 蛇姐|Leftovers|[from] move: Knock Off|[of] p2a: Scizor
|
|upkeep
|turn|4
|
|t:|1758326641
|switch|p1a: 减10大王|Garchomp, M, shiny|100/100
|move|p2a: Scizor|Bullet Punch|p1a: 减10大王
|-damage|p1a: 减10大王|78/100
|
|upkeep
|turn|5
|
|t:|1758326654
|switch|p2a: Azelf|Azelf, tera:Fairy|69/100
|move|p1a: 减10大王|Stealth Rock|p2a: Azelf
|-sidestart|p2: lolcano46|move: Stealth Rock
|
|upkeep
|turn|6
|
|t:|1758326658
|switch|p1a: 小铁|Iron Treads|100/100
|move|p2a: Azelf|Dazzling Gleam|p1a: 小铁
|-resisted|p1a: 小铁
|-damage|p1a: 小铁|90/100
|
|upkeep
|turn|7
|
|t:|1758326660
|move|p2a: Azelf|Flamethrower|p1a: 小铁
|-supereffective|p1a: 小铁
|-damage|p1a: 小铁|53/100
|move|p1a: 小铁|Knock Off|p2a: Azelf
|-resisted|p2a: Azelf
|-damage|p2a: Azelf|48/100
|-enditem|p2a: Azelf|Expert Belt|[from] move: Knock Off|[of] p1a: 小铁
|
|upkeep
|turn|8
|
|t:|1758326676
|-end|p1a: 小铁|Quark Drive|[silent]
|switch|p1a: 脏活累活|Alomomola, F|100/100
|move|p2a: Azelf|Flamethrower|p1a: 脏活累活
|-resisted|p1a: 脏活累活
|-damage|p1a: 脏活累活|93/100
|
|upkeep
|turn|9
|
|t:|1758326679
|move|p2a: Azelf|Thunderbolt|p1a: 脏活累活
|-supereffective|p1a: 脏活累活
|-damage|p1a: 脏活累活|59/100
|move|p1a: 脏活累活|Flip Turn|p2a: Azelf
|-damage|p2a: Azelf|21/100
|
|t:|1758326686
|switch|p1a: 盾盾小狗|Zamazenta|7/100|[from] Flip Turn
|
|upkeep
|turn|10
|
|t:|1758326689
|switch|p2a: Gengar|Gengar, M|100/100
|-damage|p2a: Gengar|88/100|[from] Stealth Rock
|move|p1a: 盾盾小狗|Crunch|p2a: Gengar
|-supereffective|p2a: Gengar
|-damage|p2a: Gengar|0 fnt
|faint|p2a: Gengar
|
|upkeep
|
|t:|1758326692
|switch|p2a: Cinderace|Cinderace, F|100/100
|turn|11
|
|t:|1758326712
|switch|p1a: 盖鸥卡|Pelipper, M, shiny|100/100
|-weather|RainDance|[from] ability: Drizzle|[of] p1a: 盖鸥卡
|move|p2a: Cinderace|Court Change|p2a: Cinderace
|-start|p2a: Cinderace|typechange|Normal|[from] ability: Libero
|-swapsideconditions
|-activate|p2a: Cinderace|move: Court Change
|
|-weather|RainDance|[upkeep]
|upkeep
|turn|12
|
|t:|1758326726
|move|p2a: Cinderace|Pyro Ball|p1a: 盖鸥卡
|-resisted|p1a: 盖鸥卡
|-damage|p1a: 盖鸥卡|88/100
|move|p1a: 盖鸥卡|Hurricane|p2a: Cinderace
|-damage|p2a: Cinderace|0 fnt
|faint|p2a: Cinderace
|
|-weather|RainDance|[upkeep]
|upkeep
|
|t:|1758326731
|switch|p2a: Raging Bolt|Raging Bolt|100/100
|-enditem|p2a: Raging Bolt|Booster Energy
|-activate|p2a: Raging Bolt|ability: Protosynthesis|[fromitem]
|-start|p2a: Raging Bolt|protosynthesisspa
|turn|13
|
|t:|1758326736
|switch|p1a: 小铁|Iron Treads|53/100
|-damage|p1a: 小铁|50/100|[from] Stealth Rock
|move|p2a: Raging Bolt|Thunderbolt|p1a: 小铁
|-immune|p1a: 小铁
|
|-weather|RainDance|[upkeep]
|upkeep
|turn|14
|
|t:|1758326738
|move|p1a: 小铁|Rapid Spin|p2a: Raging Bolt
|-damage|p2a: Raging Bolt|89/100
|-boost|p1a: 小铁|spe|1
|-sideend|p1: lzc123456|Stealth Rock|[from] move: Rapid Spin|[of] p1a: 小铁
|move|p2a: Raging Bolt|Dragon Pulse|p1a: 小铁
|-resisted|p1a: 小铁
|-damage|p1a: 小铁|31/100
|
|-weather|RainDance|[upkeep]
|upkeep
|turn|15
|
|t:|1758326746
|-end|p2a: Raging Bolt|Protosynthesis|[silent]
|switch|p2a: Azelf|Azelf, tera:Fairy|21/100
|move|p1a: 小铁|Earthquake|p2a: Azelf
|-immune|p2a: Azelf|[from] ability: Levitate
|
|-weather|none
|upkeep
|turn|16
|
|t:|1758326758
|move|p1a: 小铁|Volt Switch|p2a: Azelf
|-damage|p2a: Azelf|3/100
|
|t:|1758326761
|-end|p1a: 小铁|Quark Drive|[silent]
|switch|p1a: 脏活累活|Alomomola, F|92/100|[from] Volt Switch
|move|p2a: Azelf|Flamethrower|p1a: 脏活累活
|-resisted|p1a: 脏活累活
|-damage|p1a: 脏活累活|84/100
|
|upkeep
|turn|17
|
|t:|1758326764
|move|p2a: Azelf|Thunderbolt|p1a: 脏活累活
|-supereffective|p1a: 脏活累活
|-damage|p1a: 脏活累活|51/100
|move|p1a: 脏活累活|Flip Turn|p2a: Azelf
|-crit|p2a: Azelf
|-damage|p2a: Azelf|0 fnt
|faint|p2a: Azelf
|
|t:|1758326768
|switch|p1a: 减10大王|Garchomp, M, shiny|78/100|[from] Flip Turn
|
|upkeep
|
|t:|1758326772
|switch|p2a: Raging Bolt|Raging Bolt|89/100
|turn|18
|
|t:|1758326776
|move|p1a: 减10大王|Earthquake|p2a: Raging Bolt
|-supereffective|p2a: Raging Bolt
|-damage|p2a: Raging Bolt|5/100
|move|p2a: Raging Bolt|Dragon Pulse|p1a: 减10大王
|-supereffective|p1a: 减10大王
|-damage|p1a: 减10大王|0 fnt
|faint|p1a: 减10大王
|
|upkeep
|
|t:|1758326779
|switch|p1a: 蛇姐|Serperior, F, shiny|56/100
|turn|19
|
|t:|1758326786
|move|p2a: Raging Bolt|Thunderclap|p1a: 蛇姐
|-resisted|p1a: 蛇姐
|-damage|p1a: 蛇姐|35/100
|move|p1a: 蛇姐|Leaf Storm|p2a: Raging Bolt
|-resisted|p2a: Raging Bolt
|-damage|p2a: Raging Bolt|0 fnt
|-boost|p1a: 蛇姐|spa|2
|faint|p2a: Raging Bolt
|-end|p2a: Raging Bolt|Protosynthesis|[silent]
|
|upkeep
|
|t:|1758326788
|switch|p2a: Scizor|Scizor, M|100/100
|turn|20
|
|t:|1758326793
|move|p1a: 蛇姐|Glare|p2a: Scizor
|-status|p2a: Scizor|par
|move|p2a: Scizor|Swords Dance|p2a: Scizor
|-boost|p2a: Scizor|atk|2
|
|upkeep
|turn|21
|
|t:|1758326796
|cant|p2a: Scizor|par
|move|p1a: 蛇姐|Substitute|p1a: 蛇姐
|-start|p1a: 蛇姐|Substitute
|-damage|p1a: 蛇姐|10/100
|
|upkeep
|turn|22
|
|t:|1758326799
|move|p2a: Scizor|Bullet Punch|p1a: 蛇姐
|-crit|p1a: 蛇姐
|-end|p1a: 蛇姐|Substitute
|move|p1a: 蛇姐|Leech Seed|p2a: Scizor
|-start|p2a: Scizor|move: Leech Seed
|
|-damage|p2a: Scizor|88/100 par|[from] Leech Seed|[of] p1a: 蛇姐
|-heal|p1a: 蛇姐|22/100|[silent]
|upkeep
|turn|23
|
|t:|1758326813
|move|p2a: Scizor|Bullet Punch|p1a: 蛇姐
|-damage|p1a: 蛇姐|0 fnt
|faint|p1a: 蛇姐
|
|upkeep
|
|t:|1758326822
|switch|p1a: 盖鸥卡|Pelipper, M, shiny|88/100
|-weather|RainDance|[from] ability: Drizzle|[of] p1a: 盖鸥卡
|turn|24
|
|t:|1758326826
|move|p1a: 盖鸥卡|Hurricane|p2a: Scizor
|-damage|p2a: Scizor|0 fnt
|faint|p2a: Scizor
|
|-weather|RainDance|[upkeep]
|upkeep
|
|t:|1758326829
|switch|p2a: Ogerpon|Ogerpon-Wellspring, F|100/100
|turn|25
|
|t:|1758326831
|move|p2a: Ogerpon|Horn Leech|p1a: 盖鸥卡
|-damage|p1a: 盖鸥卡|30/100
|move|p1a: 盖鸥卡|Hurricane|p2a: Ogerpon
|-supereffective|p2a: Ogerpon
|-damage|p2a: Ogerpon|0 fnt
|faint|p2a: Ogerpon
|
|win|lzc123456
|raw|lzc123456's rating: 1550 &rarr; <strong>1568</strong><br />(+18 for winning)
|raw|lolcano46's rating: 1520 &rarr; <strong>1502</strong><br />(-18 for losing)
|l|☆lzc123456
|player|p1|
|l|☆lolcano46
|player|p2|
