|j|☆GreenSpot
|j|☆Titanos_Mosura
|t:|1758344818
|gametype|singles
|player|p1|GreenSpot|skyla|1109
|player|p2|Titanos_Mosura|riley|1134
|gen|9
|tier|[Gen 9] OU
|rated|
|rule|HP Percentage Mod: HP is shown in percentages
|rule|Endless Battle Clause: Forcing endless battles is banned
|rule|Species Clause: Limit one of each Pokémon
|rule|OHKO Clause: OHKO moves are banned
|rule|Evasion Items Clause: Evasion items are banned
|rule|Evasion Moves Clause: Evasion moves are banned
|rule|Evasion Abilities Clause: Evasion abilities are banned
|rule|Sleep Moves Clause: Sleep-inducing moves are banned
|clearpoke
|poke|p1|Meowscarada, F|
|poke|p1|Scizor, M|
|poke|p1|Garchomp, M|
|poke|p1|Raikou|
|poke|p1|Sylveon, M|
|poke|p1|Metagross|
|poke|p2|Toxapex, M|
|poke|p2|Hawlucha, F|
|poke|p2|Maushold-Four|
|poke|p2|Deoxys-Defense|
|poke|p2|Volcanion|
|poke|p2|Hoopa-Unbound|
|teampreview
|inactive|Battle timer is ON: inactive players will automatically lose when time's up. (requested by GreenSpot)
|inactive|Titanos_Mosura has 120 seconds left.
|
|t:|1758344849
|teamsize|p1|6
|teamsize|p2|6
|start
|switch|p1a: Meowscarada|Meowscarada, F|100/100
|switch|p2a: Volcanion|Volcanion|100/100
|turn|1
|
|t:|1758344861
|move|p1a: Meowscarada|U-turn|p2a: Volcanion
|-start|p1a: Meowscarada|typechange|Bug|[from] ability: Protean
|-resisted|p2a: Volcanion
|-damage|p2a: Volcanion|87/100
|
|t:|1758344867
|switch|p1a: Raikou|Raikou|100/100|[from] U-turn
|-ability|p1a: Raikou|Pressure
|move|p2a: Volcanion|Sunny Day|p2a: Volcanion
|-weather|SunnyDay
|
|-weather|SunnyDay|[upkeep]
|upkeep
|turn|2
|
|t:|1758344879
|move|p1a: Raikou|Volt Switch|p2a: Volcanion
|-supereffective|p2a: Volcanion
|-damage|p2a: Volcanion|30/100
|
|t:|1758344887
|switch|p1a: Metagross|Metagross|100/100|[from] Volt Switch
|move|p2a: Volcanion|Flare Blitz|p1a: Metagross
|-supereffective|p1a: Metagross
|-damage|p1a: Metagross|0 fnt
|faint|p1a: Metagross
|-damage|p2a: Volcanion|0 fnt|[from] Recoil
|faint|p2a: Volcanion
|
|-weather|SunnyDay|[upkeep]
|upkeep
|
|t:|1758344911
|switch|p2a: Hawlucha|Hawlucha, F|100/100
|switch|p1a: Meowscarada|Meowscarada, F|100/100
|turn|3
|
|t:|1758344922
|move|p1a: Meowscarada|Triple Axel|p2a: Hawlucha
|-start|p1a: Meowscarada|typechange|Ice|[from] ability: Protean
|-supereffective|p2a: Hawlucha
|-damage|p2a: Hawlucha|76/100
|-supereffective|p2a: Hawlucha
|-damage|p2a: Hawlucha|28/100
|-enditem|p2a: Hawlucha|Sitrus Berry|[eat]
|-heal|p2a: Hawlucha|53/100|[from] item: Sitrus Berry
|-supereffective|p2a: Hawlucha
|-damage|p2a: Hawlucha|0 fnt
|faint|p2a: Hawlucha
|-hitcount|p2: Hawlucha|3
|
|-weather|SunnyDay|[upkeep]
|upkeep
|inactive|Titanos_Mosura has 120 seconds left.
|
|t:|1758344940
|switch|p2a: Hoopa|Hoopa-Unbound|100/100
|turn|4
|
|t:|1758344947
|move|p1a: Meowscarada|U-turn|p2a: Hoopa
|-supereffective|p2a: Hoopa
|-damage|p2a: Hoopa|3/100
|
|t:|1758344950
|switch|p1a: Scizor|Scizor, M|100/100|[from] U-turn
|move|p2a: Hoopa|Fire Punch|p1a: Scizor
|-supereffective|p1a: Scizor
|-damage|p1a: Scizor|0 fnt
|faint|p1a: Scizor
|-item|p2a: Hoopa|Heavy-Duty Boots|[from] ability: Magician|[of] p1: Scizor
|
|-weather|SunnyDay|[upkeep]
|upkeep
|
|t:|1758344966
|switch|p1a: Meowscarada|Meowscarada, F|100/100
|turn|5
|
|t:|1758344975
|move|p1a: Meowscarada|U-turn|p2a: Hoopa
|-start|p1a: Meowscarada|typechange|Bug|[from] ability: Protean
|-supereffective|p2a: Hoopa
|-damage|p2a: Hoopa|0 fnt
|faint|p2a: Hoopa
|
|t:|1758344986
|switch|p1a: Garchomp|Garchomp, M|100/100|[from] U-turn
|
|-weather|none
|upkeep
|
|t:|1758344994
|switch|p2a: Deoxys|Deoxys-Defense|100/100
|-ability|p2a: Deoxys|Pressure
|turn|6
|
|t:|1758345000
|-terastallize|p2a: Deoxys|Stellar
|move|p1a: Garchomp|Stealth Rock|p2a: Deoxys
|-sidestart|p2: Titanos_Mosura|move: Stealth Rock
|move|p2a: Deoxys|Cosmic Power|p2a: Deoxys
|-boost|p2a: Deoxys|def|1
|-boost|p2a: Deoxys|spd|1
|
|upkeep
|turn|7
|
|t:|1758345009
|move|p1a: Garchomp|Earthquake|p2a: Deoxys
|-damage|p2a: Deoxys|76/100
|move|p2a: Deoxys|Cosmic Power|p2a: Deoxys
|-boost|p2a: Deoxys|def|1
|-boost|p2a: Deoxys|spd|1
|
|-heal|p2a: Deoxys|83/100|[from] item: Leftovers
|upkeep
|turn|8
|
|t:|1758345018
|move|p1a: Garchomp|Earthquake|p2a: Deoxys
|-damage|p2a: Deoxys|64/100
|move|p2a: Deoxys|Cosmic Power|p2a: Deoxys
|-boost|p2a: Deoxys|def|1
|-boost|p2a: Deoxys|spd|1
|
|-heal|p2a: Deoxys|70/100|[from] item: Leftovers
|upkeep
|turn|9
|
|t:|1758345028
|move|p1a: Garchomp|Earthquake|p2a: Deoxys
|-damage|p2a: Deoxys|53/100
|move|p2a: Deoxys|Cosmic Power|p2a: Deoxys
|-boost|p2a: Deoxys|def|1
|-boost|p2a: Deoxys|spd|1
|
|-heal|p2a: Deoxys|60/100|[from] item: Leftovers
|upkeep
|turn|10
|
|t:|1758345038
|move|p1a: Garchomp|Earthquake|p2a: Deoxys
|-damage|p2a: Deoxys|47/100
|move|p2a: Deoxys|Recover|p2a: Deoxys
|-heal|p2a: Deoxys|97/100
|
|-heal|p2a: Deoxys|100/100|[from] item: Leftovers
|upkeep
|turn|11
|
|t:|1758345047
|move|p1a: Garchomp|Earthquake|p2a: Deoxys
|-crit|p2a: Deoxys
|-damage|p2a: Deoxys|47/100
|move|p2a: Deoxys|Cosmic Power|p2a: Deoxys
|-boost|p2a: Deoxys|def|1
|-boost|p2a: Deoxys|spd|1
|
|-heal|p2a: Deoxys|53/100|[from] item: Leftovers
|upkeep
|turn|12
|
|t:|1758345057
|move|p1a: Garchomp|Earthquake|p2a: Deoxys
|-damage|p2a: Deoxys|42/100
|move|p2a: Deoxys|Recover|p2a: Deoxys
|-heal|p2a: Deoxys|92/100
|
|-heal|p2a: Deoxys|98/100|[from] item: Leftovers
|upkeep
|turn|13
|
|t:|1758345066
|move|p1a: Garchomp|Outrage|p2a: Deoxys
|-damage|p2a: Deoxys|85/100
|move|p2a: Deoxys|Cosmic Power|p2a: Deoxys
|-boost|p2a: Deoxys|def|1
|-boost|p2a: Deoxys|spd|1
|
|-heal|p2a: Deoxys|91/100|[from] item: Leftovers
|upkeep
|turn|14
|
|t:|1758345077
|move|p1a: Garchomp|Outrage|p2a: Deoxys|[from] lockedmove
|-damage|p2a: Deoxys|80/100
|-start|p1a: Garchomp|confusion|[fatigue]
|move|p2a: Deoxys|Recover|p2a: Deoxys
|-heal|p2a: Deoxys|100/100
|
|upkeep
|turn|15
|
|t:|1758345086
|-activate|p1a: Garchomp|confusion
|move|p1a: Garchomp|Outrage|p2a: Deoxys
|-damage|p2a: Deoxys|88/100
|move|p2a: Deoxys|Stored Power|p1a: Garchomp
|-damage|p1a: Garchomp|0 fnt
|faint|p1a: Garchomp
|
|-heal|p2a: Deoxys|94/100|[from] item: Leftovers
|upkeep
|
|t:|1758345095
|switch|p1a: Meowscarada|Meowscarada, F|100/100
|turn|16
|
|t:|1758345100
|move|p1a: Meowscarada|U-turn|p2a: Deoxys
|-start|p1a: Meowscarada|typechange|Bug|[from] ability: Protean
|-supereffective|p2a: Deoxys
|-damage|p2a: Deoxys|83/100
|
|t:|1758345108
|switch|p1a: Sylveon|Sylveon, M, shiny|100/100|[from] U-turn
|move|p2a: Deoxys|Focus Blast|p1a: Sylveon
|-resisted|p1a: Sylveon
|-damage|p1a: Sylveon|90/100
|
|-heal|p2a: Deoxys|89/100|[from] item: Leftovers
|upkeep
|turn|17
|
|t:|1758345119
|move|p1a: Sylveon|Shadow Ball|p2a: Deoxys
|-supereffective|p2a: Deoxys
|-damage|p2a: Deoxys|77/100
|move|p2a: Deoxys|Stored Power|p1a: Sylveon
|-damage|p1a: Sylveon|28/100
|
|-heal|p2a: Deoxys|83/100|[from] item: Leftovers
|upkeep
|turn|18
|
|t:|1758345129
|move|p1a: Sylveon|Shadow Ball|p2a: Deoxys
|-supereffective|p2a: Deoxys
|-damage|p2a: Deoxys|72/100
|move|p2a: Deoxys|Stored Power|p1a: Sylveon
|-damage|p1a: Sylveon|0 fnt
|faint|p1a: Sylveon
|
|-heal|p2a: Deoxys|79/100|[from] item: Leftovers
|upkeep
|
|t:|1758345149
|switch|p1a: Meowscarada|Meowscarada, F|100/100
|turn|19
|
|t:|1758345153
|move|p1a: Meowscarada|Knock Off|p2a: Deoxys
|-start|p1a: Meowscarada|typechange|Dark|[from] ability: Protean
|-supereffective|p2a: Deoxys
|-damage|p2a: Deoxys|61/100
|-enditem|p2a: Deoxys|Leftovers|[from] move: Knock Off|[of] p1a: Meowscarada
|move|p2a: Deoxys|Stored Power|p1a: Meowscarada
|-immune|p1a: Meowscarada
|
|upkeep
|turn|20
|-message|GreenSpot forfeited.
|
|win|Titanos_Mosura
|raw|GreenSpot's rating: 1109 &rarr; <strong>1086</strong><br />(-23 for losing)
|raw|Titanos_Mosura's rating: 1134 &rarr; <strong>1157</strong><br />(+23 for winning)
|l|☆GreenSpot
|player|p1|
