|j|☆thedogthatbites
|j|☆gryan4
|t:|1758304940
|gametype|singles
|player|p1|thedogthatbites|caitlin|1313
|player|p2|gryan4|doctor|1298
|gen|9
|tier|[Gen 9] OU
|rated|
|rule|HP Percentage Mod: HP is shown in percentages
|rule|Endless Battle Clause: Forcing endless battles is banned
|rule|Species Clause: Limit one of each Pokémon
|rule|OHKO Clause: OHKO moves are banned
|rule|Evasion Items Clause: Evasion items are banned
|rule|Evasion Moves Clause: Evasion moves are banned
|rule|Evasion Abilities Clause: Evasion abilities are banned
|rule|Sleep Moves Clause: Sleep-inducing moves are banned
|clearpoke
|poke|p1|Tyranitar, M|
|poke|p1|Excadrill, M|
|poke|p1|Tornadus-Therian, M|
|poke|p1|Tinkaton, F|
|poke|p1|Sinistcha|
|poke|p1|Toxapex, M|
|poke|p2|Cinderace, F|
|poke|p2|Mimikyu, M|
|poke|p2|Froslass, F|
|poke|p2|Ceruledge, M|
|poke|p2|Pecharunt|
|poke|p2|Dragapult, F|
|teampreview
|inactive|Battle timer is ON: inactive players will automatically lose when time's up. (requested by gryan4)
|
|t:|1758304948
|teamsize|p1|6
|teamsize|p2|6
|start
|switch|p1a: Tyranitar|Tyranitar, M, shiny|100/100
|switch|p2a: Froslass|Froslass, F|100/100
|-weather|Sandstorm|[from] ability: Sand Stream|[of] p1a: Tyranitar
|turn|1
|
|t:|1758304960
|switch|p1a: Toxapex|Toxapex, M, shiny|100/100
|move|p2a: Froslass|Spikes|p1a: Toxapex
|-sidestart|p1: thedogthatbites|Spikes
|
|-weather|Sandstorm|[upkeep]
|-damage|p2a: Froslass|94/100|[from] Sandstorm
|-damage|p1a: Toxapex|95/100|[from] Sandstorm
|upkeep
|turn|2
|
|t:|1758304964
|move|p2a: Froslass|Taunt|p1a: Toxapex
|-start|p1a: Toxapex|move: Taunt
|cant|p1a: Toxapex|move: Taunt|Toxic Spikes
|
|-weather|Sandstorm|[upkeep]
|-damage|p2a: Froslass|88/100|[from] Sandstorm
|-damage|p1a: Toxapex|89/100|[from] Sandstorm
|upkeep
|turn|3
|
|t:|1758304973
|switch|p1a: Tyranitar|Tyranitar, M, shiny|100/100
|-damage|p1a: Tyranitar|88/100|[from] Spikes
|move|p2a: Froslass|Spikes|p1a: Tyranitar
|-sidestart|p1: thedogthatbites|Spikes
|
|-weather|Sandstorm|[upkeep]
|-damage|p2a: Froslass|82/100|[from] Sandstorm
|upkeep
|turn|4
|
|t:|1758304977
|move|p2a: Froslass|Spikes|p1a: Tyranitar
|-sidestart|p1: thedogthatbites|Spikes
|move|p1a: Tyranitar|Knock Off|p2a: Froslass
|-supereffective|p2a: Froslass
|-damage|p2a: Froslass|0 fnt
|-enditem|p2a: Froslass|Focus Sash|[from] move: Knock Off|[of] p1a: Tyranitar
|faint|p2a: Froslass
|
|-weather|Sandstorm|[upkeep]
|upkeep
|
|t:|1758304983
|switch|p2a: Mimikyu|Mimikyu, M|100/100
|turn|5
|
|t:|1758304991
|switch|p1a: Tinkaton|Tinkaton, F, shiny|100/100
|-item|p1a: Tinkaton|Air Balloon
|move|p2a: Mimikyu|Swords Dance|p2a: Mimikyu
|-boost|p2a: Mimikyu|atk|2
|
|-weather|none
|upkeep
|turn|6
|
|t:|1758304999
|move|p1a: Tinkaton|Encore|p2a: Mimikyu
|-start|p2a: Mimikyu|Encore
|move|p2a: Mimikyu|Swords Dance|p2a: Mimikyu
|-boost|p2a: Mimikyu|atk|2
|
|upkeep
|turn|7
|
|t:|1758305002
|switch|p2a: Pecharunt|Pecharunt|100/100
|move|p1a: Tinkaton|Ice Hammer|p2a: Pecharunt|[miss]
|-miss|p1a: Tinkaton|p2a: Pecharunt
|
|upkeep
|turn|8
|
|t:|1758305011
|switch|p2a: Ceruledge|Ceruledge, M|100/100
|move|p1a: Tinkaton|Stealth Rock|p2a: Ceruledge
|-sidestart|p2: gryan4|move: Stealth Rock
|
|upkeep
|turn|9
|
|t:|1758305027
|switch|p1a: Tyranitar|Tyranitar, M, shiny|88/100
|-damage|p1a: Tyranitar|63/100|[from] Spikes
|-weather|Sandstorm|[from] ability: Sand Stream|[of] p1a: Tyranitar
|move|p2a: Ceruledge|Swords Dance|p2a: Ceruledge
|-boost|p2a: Ceruledge|atk|2
|
|-weather|Sandstorm|[upkeep]
|-damage|p2a: Ceruledge|94/100|[from] Sandstorm
|upkeep
|turn|10
|
|t:|1758305036
|move|p2a: Ceruledge|Close Combat|p1a: Tyranitar
|-supereffective|p1a: Tyranitar
|-damage|p1a: Tyranitar|0 fnt
|-unboost|p2a: Ceruledge|def|1
|-unboost|p2a: Ceruledge|spd|1
|faint|p1a: Tyranitar
|
|-weather|Sandstorm|[upkeep]
|-damage|p2a: Ceruledge|88/100|[from] Sandstorm
|upkeep
|
|t:|1758305047
|switch|p1a: Tornadus|Tornadus-Therian, M, shiny|100/100
|turn|11
|
|t:|1758305050
|move|p1a: Tornadus|Weather Ball|p2a: Ceruledge
|-supereffective|p2a: Ceruledge
|-damage|p2a: Ceruledge|0 fnt
|faint|p2a: Ceruledge
|
|-weather|Sandstorm|[upkeep]
|-damage|p1a: Tornadus|94/100|[from] Sandstorm
|upkeep
|
|t:|1758305056
|switch|p2a: Dragapult|Dragapult, F|100/100
|-damage|p2a: Dragapult|88/100|[from] Stealth Rock
|turn|12
|
|t:|1758305078
|switch|p1a: Tinkaton|Tinkaton, F, shiny|100/100
|-item|p1a: Tinkaton|Air Balloon
|move|p2a: Dragapult|Thunderbolt|p1a: Tinkaton
|-damage|p1a: Tinkaton|62/100
|-enditem|p1a: Tinkaton|Air Balloon
|
|-weather|Sandstorm|[upkeep]
|-damage|p2a: Dragapult|82/100|[from] Sandstorm
|upkeep
|turn|13
|
|t:|1758305101
|switch|p2a: Pecharunt|Pecharunt|100/100
|-damage|p2a: Pecharunt|88/100|[from] Stealth Rock
|move|p1a: Tinkaton|Gigaton Hammer|p2a: Pecharunt
|-damage|p2a: Pecharunt|52/100
|
|-weather|none
|-heal|p2a: Pecharunt|58/100|[from] item: Leftovers
|upkeep
|turn|14
|
|t:|1758305113
|switch|p1a: Excadrill|Excadrill, M, shiny|100/100
|-damage|p1a: Excadrill|76/100|[from] Spikes
|move|p2a: Pecharunt|Recover|p2a: Pecharunt
|-heal|p2a: Pecharunt|100/100
|
|-heal|p1a: Excadrill|82/100|[from] item: Leftovers
|upkeep
|turn|15
|
|t:|1758305121
|-terastallize|p2a: Pecharunt|Flying
|move|p1a: Excadrill|Substitute|p1a: Excadrill
|-start|p1a: Excadrill|Substitute
|-damage|p1a: Excadrill|57/100
|move|p2a: Pecharunt|Hex|p1a: Excadrill
|-end|p1a: Excadrill|Substitute
|
|-heal|p1a: Excadrill|63/100|[from] item: Leftovers
|upkeep
|turn|16
|
|t:|1758305126
|move|p1a: Excadrill|Rock Slide|p2a: Pecharunt
|-supereffective|p2a: Pecharunt
|-damage|p2a: Pecharunt|68/100
|cant|p2a: Pecharunt|flinch
|
|-heal|p1a: Excadrill|69/100|[from] item: Leftovers
|-heal|p2a: Pecharunt|74/100|[from] item: Leftovers
|upkeep
|turn|17
|
|t:|1758305137
|move|p1a: Excadrill|Rapid Spin|p2a: Pecharunt
|-damage|p2a: Pecharunt|62/100
|-boost|p1a: Excadrill|spe|1
|-sideend|p1: thedogthatbites|Spikes|[from] move: Rapid Spin|[of] p1a: Excadrill
|move|p2a: Pecharunt|Hex|p1a: Excadrill
|-damage|p1a: Excadrill|30/100
|
|-heal|p1a: Excadrill|37/100|[from] item: Leftovers
|-heal|p2a: Pecharunt|68/100|[from] item: Leftovers
|upkeep
|turn|18
|
|t:|1758305143
|move|p1a: Excadrill|Rock Slide|p2a: Pecharunt
|-supereffective|p2a: Pecharunt
|-damage|p2a: Pecharunt|31/100
|move|p2a: Pecharunt|Hex|p1a: Excadrill
|-crit|p1a: Excadrill
|-damage|p1a: Excadrill|0 fnt
|faint|p1a: Excadrill
|
|-heal|p2a: Pecharunt|37/100|[from] item: Leftovers
|upkeep
|
|t:|1758305154
|switch|p1a: Tornadus|Tornadus-Therian, M, shiny|100/100
|turn|19
|
|t:|1758305158
|move|p2a: Pecharunt|Protect|p2a: Pecharunt
|-singleturn|p2a: Pecharunt|Protect
|move|p1a: Tornadus|Bleakwind Storm|p2a: Pecharunt
|-activate|p2a: Pecharunt|move: Protect
|
|-heal|p2a: Pecharunt|43/100|[from] item: Leftovers
|upkeep
|turn|20
|
|t:|1758305161
|move|p1a: Tornadus|Bleakwind Storm|p2a: Pecharunt
|-damage|p2a: Pecharunt|0 fnt
|faint|p2a: Pecharunt
|
|upkeep
|
|t:|1758305166
|switch|p2a: Dragapult|Dragapult, F|82/100
|-damage|p2a: Dragapult|70/100|[from] Stealth Rock
|turn|21
|
|t:|1758305178
|switch|p1a: Tinkaton|Tinkaton, F, shiny|62/100
|move|p2a: Dragapult|Shadow Ball|p1a: Tinkaton
|-damage|p1a: Tinkaton|10/100
|
|upkeep
|turn|22
|
|t:|1758305185
|move|p2a: Dragapult|Shadow Ball|p1a: Tinkaton
|-damage|p1a: Tinkaton|0 fnt
|faint|p1a: Tinkaton
|
|upkeep
|
|t:|1758305192
|switch|p1a: Toxapex|Toxapex, M, shiny|100/100
|turn|23
|
|t:|1758305197
|move|p2a: Dragapult|Shadow Ball|p1a: Toxapex
|-damage|p1a: Toxapex|63/100
|-enditem|p1a: Toxapex|Eject Button
|
|t:|1758305204
|switch|p1a: Tornadus|Tornadus-Therian, M, shiny|100/100
|
|upkeep
|turn|24
|
|t:|1758305206
|move|p2a: Dragapult|Shadow Ball|p1a: Tornadus
|-damage|p1a: Tornadus|37/100
|move|p1a: Tornadus|Bleakwind Storm|p2a: Dragapult|[miss]
|-miss|p1a: Tornadus|p2a: Dragapult
|
|upkeep
|turn|25
|
|t:|1758305211
|move|p2a: Dragapult|Shadow Ball|p1a: Tornadus
|-damage|p1a: Tornadus|0 fnt
|faint|p1a: Tornadus
|
|upkeep
|
|t:|1758305213
|switch|p1a: Toxapex|Toxapex, M, shiny|96/100
|turn|26
|
|t:|1758305216
|move|p2a: Dragapult|Shadow Ball|p1a: Toxapex
|-damage|p1a: Toxapex|59/100
|move|p1a: Toxapex|Toxic|p2a: Dragapult
|-status|p2a: Dragapult|tox
|
|-damage|p2a: Dragapult|64/100 tox|[from] psn
|upkeep
|turn|27
|
|t:|1758305223
|switch|p2a: Mimikyu|Mimikyu, M|100/100
|-damage|p2a: Mimikyu|88/100|[from] Stealth Rock
|move|p1a: Toxapex|Recover|p1a: Toxapex
|-heal|p1a: Toxapex|100/100
|
|upkeep
|turn|28
|
|t:|1758305228
|move|p2a: Mimikyu|Swords Dance|p2a: Mimikyu
|-boost|p2a: Mimikyu|atk|2
|move|p1a: Toxapex|Toxic|p2a: Mimikyu
|-status|p2a: Mimikyu|tox
|
|-damage|p2a: Mimikyu|82/100 tox|[from] psn
|upkeep
|turn|29
|
|t:|1758305234
|move|p2a: Mimikyu|Swords Dance|p2a: Mimikyu
|-boost|p2a: Mimikyu|atk|2
|move|p1a: Toxapex|Toxic Spikes|p2a: Mimikyu
|-sidestart|p2: gryan4|move: Toxic Spikes
|
|-damage|p2a: Mimikyu|70/100 tox|[from] psn
|upkeep
|turn|30
|
|t:|1758305239
|move|p2a: Mimikyu|Swords Dance|p2a: Mimikyu
|-boost|p2a: Mimikyu|atk|2
|move|p1a: Toxapex|Toxic Spikes|p2a: Mimikyu
|-sidestart|p2: gryan4|move: Toxic Spikes
|
|-damage|p2a: Mimikyu|52/100 tox|[from] psn
|upkeep
|turn|31
|
|t:|1758305245
|move|p2a: Mimikyu|Shadow Sneak|p1a: Toxapex
|-damage|p1a: Toxapex|37/100
|-damage|p2a: Mimikyu|43/100 tox|[from] item: Life Orb
|move|p1a: Toxapex|Recover|p1a: Toxapex
|-heal|p1a: Toxapex|87/100
|
|-damage|p2a: Mimikyu|19/100 tox|[from] psn
|upkeep
|turn|32
|
|t:|1758305251
|move|p2a: Mimikyu|Shadow Sneak|p1a: Toxapex
|-damage|p1a: Toxapex|31/100
|-damage|p2a: Mimikyu|9/100 tox|[from] item: Life Orb
|move|p1a: Toxapex|Recover|p1a: Toxapex
|-heal|p1a: Toxapex|81/100
|
|-damage|p2a: Mimikyu|0 fnt|[from] psn
|faint|p2a: Mimikyu
|upkeep
|
|t:|1758305253
|switch|p2a: Cinderace|Cinderace, F|100/100
|turn|33
|
|t:|1758305257
|move|p2a: Cinderace|Court Change|p2a: Cinderace
|-start|p2a: Cinderace|typechange|Normal|[from] ability: Libero
|-swapsideconditions
|-activate|p2a: Cinderace|move: Court Change
|move|p1a: Toxapex|Toxic|p2a: Cinderace
|-status|p2a: Cinderace|tox
|
|-damage|p2a: Cinderace|95/100 tox|[from] psn
|upkeep
|turn|34
|
|t:|1758305268
|move|p2a: Cinderace|Pyro Ball|p1a: Toxapex
|-resisted|p1a: Toxapex
|-damage|p1a: Toxapex|66/100
|move|p1a: Toxapex|Recover|p1a: Toxapex
|-heal|p1a: Toxapex|100/100
|
|-damage|p2a: Cinderace|83/100 tox|[from] psn
|upkeep
|turn|35
|
|t:|1758305274
|switch|p2a: Dragapult|Dragapult, F|64/100 tox
|move|p1a: Toxapex|Toxic|p2a: Dragapult
|-fail|p2a: Dragapult|tox
|
|-damage|p2a: Dragapult|57/100 tox|[from] psn
|upkeep
|turn|36
|
|t:|1758305281
|move|p2a: Dragapult|Thunderbolt|p1a: Toxapex
|-supereffective|p1a: Toxapex
|-damage|p1a: Toxapex|48/100
|move|p1a: Toxapex|Recover|p1a: Toxapex
|-heal|p1a: Toxapex|98/100
|
|-damage|p2a: Dragapult|45/100 tox|[from] psn
|upkeep
|turn|37
|
|t:|1758305287
|move|p2a: Dragapult|Thunderbolt|p1a: Toxapex
|-supereffective|p1a: Toxapex
|-damage|p1a: Toxapex|39/100
|move|p1a: Toxapex|Recover|p1a: Toxapex
|-heal|p1a: Toxapex|89/100
|
|-damage|p2a: Dragapult|27/100 tox|[from] psn
|upkeep
|turn|38
|
|t:|1758305293
|switch|p2a: Cinderace|Cinderace, F|83/100 tox
|move|p1a: Toxapex|Haze|p1a: Toxapex
|-clearallboost
|
|-damage|p2a: Cinderace|77/100 tox|[from] psn
|upkeep
|turn|39
|
|t:|1758305299
|move|p2a: Cinderace|Pyro Ball|p1a: Toxapex
|-resisted|p1a: Toxapex
|-damage|p1a: Toxapex|67/100
|move|p1a: Toxapex|Toxic|p2a: Cinderace
|-fail|p2a: Cinderace|tox
|
|-damage|p2a: Cinderace|65/100 tox|[from] psn
|upkeep
|turn|40
|
|t:|1758305304
|move|p2a: Cinderace|Pyro Ball|p1a: Toxapex
|-resisted|p1a: Toxapex
|-damage|p1a: Toxapex|48/100
|move|p1a: Toxapex|Toxic|p2a: Cinderace
|-fail|p2a: Cinderace|tox
|
|-damage|p2a: Cinderace|47/100 tox|[from] psn
|upkeep
|turn|41
|
|t:|1758305310
|switch|p2a: Dragapult|Dragapult, F|27/100 tox
|move|p1a: Toxapex|Recover|p1a: Toxapex
|-heal|p1a: Toxapex|99/100
|
|-damage|p2a: Dragapult|20/100 tox|[from] psn
|upkeep
|turn|42
|
|t:|1758305315
|switch|p2a: Cinderace|Cinderace, F|47/100 tox
|move|p1a: Toxapex|Toxic Spikes|p2a: Cinderace
|-sidestart|p2: gryan4|move: Toxic Spikes
|
|-damage|p2a: Cinderace|41/100 tox|[from] psn
|upkeep
|turn|43
|
|t:|1758305322
|move|p2a: Cinderace|Pyro Ball|p1a: Toxapex
|-resisted|p1a: Toxapex
|-damage|p1a: Toxapex|78/100
|move|p1a: Toxapex|Toxic Spikes|p2a: Cinderace
|-sidestart|p2: gryan4|move: Toxic Spikes
|
|-damage|p2a: Cinderace|29/100 tox|[from] psn
|upkeep
|turn|44
|
|t:|1758305329
|move|p2a: Cinderace|Pyro Ball|p1a: Toxapex
|-resisted|p1a: Toxapex
|-damage|p1a: Toxapex|58/100
|move|p1a: Toxapex|Haze|p1a: Toxapex
|-clearallboost
|
|-damage|p2a: Cinderace|11/100 tox|[from] psn
|upkeep
|turn|45
|
|t:|1758305333
|switch|p2a: Dragapult|Dragapult, F|20/100 tox
|move|p1a: Toxapex|Toxic|p2a: Dragapult
|-fail|p2a: Dragapult|tox
|
|-damage|p2a: Dragapult|14/100 tox|[from] psn
|upkeep
|turn|46
|
|t:|1758305335
|move|p2a: Dragapult|Thunderbolt|p1a: Toxapex
|-supereffective|p1a: Toxapex
|-damage|p1a: Toxapex|7/100
|move|p1a: Toxapex|Recover|p1a: Toxapex
|-heal|p1a: Toxapex|57/100
|
|-damage|p2a: Dragapult|2/100 tox|[from] psn
|upkeep
|turn|47
|
|t:|1758305341
|switch|p1a: Sinistcha|Sinistcha, shiny|100/100
|-damage|p1a: Sinistcha|88/100|[from] Stealth Rock
|-status|p1a: Sinistcha|tox
|move|p2a: Dragapult|Thunderbolt|p1a: Sinistcha
|-resisted|p1a: Sinistcha
|-damage|p1a: Sinistcha|63/100 tox
|
|-heal|p1a: Sinistcha|69/100 tox|[from] item: Leftovers
|-damage|p2a: Dragapult|0 fnt|[from] psn
|faint|p2a: Dragapult
|-damage|p1a: Sinistcha|63/100 tox|[from] psn
|upkeep
|
|t:|1758305343
|switch|p2a: Cinderace|Cinderace, F|11/100 tox
|turn|48
|
|t:|1758305349
|move|p2a: Cinderace|Pyro Ball|p1a: Sinistcha
|-supereffective|p1a: Sinistcha
|-damage|p1a: Sinistcha|23/100 tox
|move|p1a: Sinistcha|Strength Sap|p2a: Cinderace
|-unboost|p2a: Cinderace|atk|1
|-heal|p1a: Sinistcha|100/100 tox
|
|-damage|p2a: Cinderace|5/100 tox|[from] psn
|-damage|p1a: Sinistcha|88/100 tox|[from] psn
|upkeep
|turn|49
|
|t:|1758305352
|move|p2a: Cinderace|Sucker Punch|p1a: Sinistcha
|-start|p2a: Cinderace|typechange|Dark|[from] ability: Libero
|-supereffective|p1a: Sinistcha
|-damage|p1a: Sinistcha|58/100 tox
|move|p1a: Sinistcha|Shadow Ball|p2a: Cinderace
|-resisted|p2a: Cinderace
|-damage|p2a: Cinderace|0 fnt
|faint|p2a: Cinderace
|
|win|thedogthatbites
|raw|thedogthatbites's rating: 1313 &rarr; <strong>1332</strong><br />(+19 for winning)
|raw|gryan4's rating: 1298 &rarr; <strong>1274</strong><br />(-24 for losing)
|l|☆gryan4
|player|p2|
|l|☆thedogthatbites
|player|p1|
