|j|☆gary lopez
|j|☆A9MG
|t:|1758327429
|gametype|singles
|player|p1|gary lopez|brock|1298
|player|p2|A9MG|nurseryaide|1360
|gen|9
|tier|[Gen 9] OU
|rated|
|rule|HP Percentage Mod: HP is shown in percentages
|rule|Endless Battle Clause: Forcing endless battles is banned
|rule|Species Clause: Limit one of each Pokémon
|rule|OHKO Clause: OHKO moves are banned
|rule|Evasion Items Clause: Evasion items are banned
|rule|Evasion Moves Clause: Evasion moves are banned
|rule|Evasion Abilities Clause: Evasion abilities are banned
|rule|Sleep Moves Clause: Sleep-inducing moves are banned
|clearpoke
|poke|p1|Scizor, M|
|poke|p1|Dragapult, M|
|poke|p1|Glimmora, F|
|poke|p1|Darkrai|
|poke|p1|Zapdos|
|poke|p1|Hatterene, F|
|poke|p2|Azumarill, M|
|poke|p2|Great Tusk|
|poke|p2|Iron Moth|
|poke|p2|Iron Valiant|
|poke|p2|Landorus-Therian, M|
|poke|p2|Zarude|
|teampreview
|inactive|Battle timer is ON: inactive players will automatically lose when time's up. (requested by A9MG)
|
|t:|1758327457
|teamsize|p1|6
|teamsize|p2|6
|start
|switch|p1a: Zapdos|Zapdos|100/100
|switch|p2a: Landorus|Landorus-Therian, M|100/100
|-ability|p2a: Landorus|Intimidate|boost
|-unboost|p1a: Zapdos|atk|1
|turn|1
|
|t:|1758327465
|move|p2a: Landorus|Stealth Rock|p1a: Zapdos
|-sidestart|p1: gary lopez|move: Stealth Rock
|move|p1a: Zapdos|Hurricane|p2a: Landorus
|-damage|p2a: Landorus|37/100
|
|upkeep
|turn|2
|
|t:|1758327477
|move|p2a: Landorus|U-turn|p1a: Zapdos
|-resisted|p1a: Zapdos
|-damage|p1a: Zapdos|89/100
|
|t:|1758327489
|switch|p2a: Great Tusk|Great Tusk|100/100|[from] U-turn
|-enditem|p2a: Great Tusk|Booster Energy
|-activate|p2a: Great Tusk|ability: Protosynthesis|[fromitem]
|-start|p2a: Great Tusk|protosynthesisspe
|move|p1a: Zapdos|U-turn|p2a: Great Tusk
|-resisted|p2a: Great Tusk
|-damage|p2a: Great Tusk|98/100
|
|t:|1758327507
|switch|p1a: Hatterene|Hatterene, F|100/100|[from] U-turn
|-damage|p1a: Hatterene|88/100|[from] Stealth Rock
|
|upkeep
|turn|3
|
|t:|1758327512
|move|p2a: Great Tusk|Knock Off|p1a: Hatterene
|-damage|p1a: Hatterene|58/100
|-damage|p2a: Great Tusk|81/100|[from] item: Rocky Helmet|[of] p1a: Hatterene
|-enditem|p1a: Hatterene|Rocky Helmet|[from] move: Knock Off|[of] p2a: Great Tusk
|move|p1a: Hatterene|Future Sight|p2a: Great Tusk
|-start|p1a: Hatterene|move: Future Sight
|
|upkeep
|turn|4
|
|t:|1758327524
|move|p2a: Great Tusk|Headlong Rush|p1a: Hatterene
|-damage|p1a: Hatterene|0 fnt
|-unboost|p2a: Great Tusk|def|1
|-unboost|p2a: Great Tusk|spd|1
|faint|p1a: Hatterene
|
|upkeep
|
|t:|1758327533
|switch|p1a: Zapdos|Zapdos|89/100
|turn|5
|
|t:|1758327540
|move|p2a: Great Tusk|Ice Spinner|p1a: Zapdos
|-supereffective|p1a: Zapdos
|-damage|p1a: Zapdos|34/100
|move|p1a: Zapdos|Hurricane|p2a: Great Tusk
|-supereffective|p2a: Great Tusk
|-damage|p2a: Great Tusk|0 fnt
|faint|p2a: Great Tusk
|-end|p2a: Great Tusk|Protosynthesis|[silent]
|
|-hint|Future Sight did not hit because the target is fainted.
|upkeep
|
|t:|1758327549
|switch|p2a: Iron Moth|Iron Moth|100/100
|-enditem|p2a: Iron Moth|Booster Energy
|-activate|p2a: Iron Moth|ability: Quark Drive|[fromitem]
|-start|p2a: Iron Moth|quarkdrivespe
|turn|6
|
|t:|1758327554
|switch|p1a: Glimmora|Glimmora, F|100/100
|-damage|p1a: Glimmora|88/100|[from] Stealth Rock
|move|p2a: Iron Moth|Fiery Dance|p1a: Glimmora
|-resisted|p1a: Glimmora
|-damage|p1a: Glimmora|60/100
|-enditem|p1a: Glimmora|Red Card|[of] p2a: Iron Moth
|-end|p2a: Iron Moth|Quark Drive|[silent]
|drag|p2a: Landorus|Landorus-Therian, M|37/100
|-ability|p2a: Landorus|Intimidate|boost
|-unboost|p1a: Glimmora|atk|1
|
|upkeep
|turn|7
|
|t:|1758327572
|switch|p1a: Zapdos|Zapdos|34/100
|move|p2a: Landorus|Earth Power|p1a: Zapdos
|-immune|p1a: Zapdos
|
|upkeep
|turn|8
|
|t:|1758327578
|move|p2a: Landorus|Taunt|p1a: Zapdos
|-start|p1a: Zapdos|move: Taunt
|cant|p1a: Zapdos|move: Taunt|Roost
|
|upkeep
|turn|9
|
|t:|1758327583
|move|p2a: Landorus|Earth Power|p1a: Zapdos
|-immune|p1a: Zapdos
|move|p1a: Zapdos|U-turn|p2a: Landorus
|-resisted|p2a: Landorus
|-damage|p2a: Landorus|30/100
|-damage|p1a: Zapdos|18/100|[from] item: Rocky Helmet|[of] p2a: Landorus
|
|t:|1758327587
|switch|p1a: Dragapult|Dragapult, M|100/100|[from] U-turn
|-damage|p1a: Dragapult|88/100|[from] Stealth Rock
|
|upkeep
|turn|10
|
|t:|1758327594
|switch|p2a: Zarude|Zarude|100/100
|move|p1a: Dragapult|Dragon Darts|p2a: Zarude
|-damage|p2a: Zarude|72/100
|-anim|p1a: Dragapult|Dragon Darts|p2a: Zarude
|-damage|p2a: Zarude|43/100
|
|upkeep
|turn|11
|
|t:|1758327603
|move|p1a: Dragapult|Dragon Darts|p2a: Zarude
|-damage|p2a: Zarude|16/100
|-anim|p1a: Dragapult|Dragon Darts|p2a: Zarude
|-damage|p2a: Zarude|0 fnt
|faint|p2a: Zarude
|
|upkeep
|
|t:|1758327609
|switch|p2a: Iron Valiant|Iron Valiant|100/100
|turn|12
|
|t:|1758327614
|switch|p1a: Glimmora|Glimmora, F|60/100
|-damage|p1a: Glimmora|47/100|[from] Stealth Rock
|-end|p2a: Iron Valiant|Quark Drive|[silent]
|switch|p2a: Iron Moth|Iron Moth|100/100
|
|upkeep
|turn|13
|
|t:|1758327635
|-end|p2a: Iron Moth|Quark Drive|[silent]
|switch|p2a: Landorus|Landorus-Therian, M|30/100
|-ability|p2a: Landorus|Intimidate|boost
|-unboost|p1a: Glimmora|atk|1
|move|p1a: Glimmora|Power Gem|p2a: Landorus
|-damage|p2a: Landorus|0 fnt
|faint|p2a: Landorus
|
|upkeep
|
|t:|1758327644
|switch|p2a: Iron Valiant|Iron Valiant|100/100
|turn|14
|
|t:|1758327657
|-terastallize|p2a: Iron Valiant|Fighting
|move|p2a: Iron Valiant|Vacuum Wave|p1a: Glimmora
|-damage|p1a: Glimmora|0 fnt
|faint|p1a: Glimmora
|
|upkeep
|
|t:|1758327671
|switch|p1a: Dragapult|Dragapult, M|88/100
|-damage|p1a: Dragapult|76/100|[from] Stealth Rock
|turn|15
|
|t:|1758327676
|-end|p2a: Iron Valiant|Quark Drive|[silent]
|switch|p2a: Azumarill|Azumarill, M|100/100
|-terastallize|p1a: Dragapult|Ghost
|move|p1a: Dragapult|Tera Blast|p2a: Azumarill|[anim] Tera Blast Ghost
|-damage|p2a: Azumarill|10/100
|
|upkeep
|turn|16
|
|t:|1758327684
|switch|p1a: Scizor|Scizor, M|100/100
|-damage|p1a: Scizor|88/100|[from] Stealth Rock
|move|p2a: Azumarill|Aqua Jet|p1a: Scizor
|-damage|p1a: Scizor|52/100
|
|upkeep
|turn|17
|
|t:|1758327692
|move|p2a: Azumarill|Aqua Jet|p1a: Scizor
|-damage|p1a: Scizor|13/100
|move|p1a: Scizor|Bullet Punch|p2a: Azumarill
|-damage|p2a: Azumarill|0 fnt
|faint|p2a: Azumarill
|-damage|p1a: Scizor|3/100|[from] item: Life Orb
|
|upkeep
|
|t:|1758327700
|switch|p2a: Iron Moth|Iron Moth|100/100
|turn|18
|
|t:|1758327705
|move|p1a: Scizor|Bullet Punch|p2a: Iron Moth
|-resisted|p2a: Iron Moth
|-damage|p2a: Iron Moth|71/100
|-damage|p1a: Scizor|0 fnt|[from] item: Life Orb
|faint|p1a: Scizor
|move|p2a: Iron Moth|Fiery Dance|p1: Scizor|[notarget]
|-fail|p2a: Iron Moth
|
|upkeep
|
|t:|1758327711
|switch|p1a: Dragapult|Dragapult, M, tera:Ghost|76/100
|-damage|p1a: Dragapult|64/100|[from] Stealth Rock
|turn|19
|
|t:|1758327717
|move|p1a: Dragapult|Tera Blast|p2a: Iron Moth|[anim] Tera Blast Ghost
|-damage|p2a: Iron Moth|0 fnt
|faint|p2a: Iron Moth
|-end|p2a: Iron Moth|Quark Drive|[silent]
|
|upkeep
|
|t:|1758327721
|switch|p2a: Iron Valiant|Iron Valiant, tera:Fighting|100/100
|turn|20
|
|t:|1758327724
|move|p1a: Dragapult|Tera Blast|p2a: Iron Valiant|[anim] Tera Blast Ghost
|-damage|p2a: Iron Valiant|5/100
|move|p2a: Iron Valiant|Moonblast|p1a: Dragapult
|-damage|p1a: Dragapult|0 fnt
|faint|p1a: Dragapult
|
|upkeep
|
|t:|1758327736
|switch|p1a: Darkrai|Darkrai|100/100
|-damage|p1a: Darkrai|88/100|[from] Stealth Rock
|turn|21
|
|t:|1758327744
|move|p1a: Darkrai|Psychic|p2a: Iron Valiant
|-supereffective|p2a: Iron Valiant
|-damage|p2a: Iron Valiant|0 fnt
|faint|p2a: Iron Valiant
|-end|p2a: Iron Valiant|Quark Drive|[silent]
|
|win|gary lopez
|raw|gary lopez's rating: 1271 &rarr; <strong>1302</strong><br />(+31 for winning)
|raw|A9MG's rating: 1360 &rarr; <strong>1335</strong><br />(-25 for losing)
