|j|☆rockdrigox666
|j|☆qxzwwzxq
|t:|1758351085
|gametype|singles
|player|p1|rockdrigox666|102|1166
|player|p2|qxzwwzxq|101|1175
|gen|9
|tier|[Gen 9] OU
|rated|
|rule|HP Percentage Mod: HP is shown in percentages
|rule|Endless Battle Clause: Forcing endless battles is banned
|rule|Species Clause: Limit one of each Pokémon
|rule|OHKO Clause: OHKO moves are banned
|rule|Evasion Items Clause: Evasion items are banned
|rule|Evasion Moves Clause: Evasion moves are banned
|rule|Evasion Abilities Clause: Evasion abilities are banned
|rule|Sleep Moves Clause: Sleep-inducing moves are banned
|clearpoke
|poke|p1|Weavile, F|
|poke|p1|Garchomp, M|
|poke|p1|Typhlosion, F|
|poke|p1|Tyranitar, F|
|poke|p1|Raging Bolt|
|poke|p1|Orthworm, M|
|poke|p2|Great Tusk|
|poke|p2|Raging Bolt|
|poke|p2|Walking Wake|
|poke|p2|Slither Wing|
|poke|p2|Torkoal, M|
|poke|p2|Sandy Shocks|
|teampreview
|inactive|Battle timer is ON: inactive players will automatically lose when time's up. (requested by rockdrigox666)
|
|t:|1758351092
|teamsize|p1|6
|teamsize|p2|6
|start
|switch|p1a: Garchomp|Garchomp, M|100/100
|switch|p2a: 不是怎么你和另一个晴天手都在zu|Torkoal, M|100/100
|-weather|SunnyDay|[from] ability: Drought|[of] p2a: 不是怎么你和另一个晴天手都在zu
|turn|1
|
|t:|1758351101
|switch|p2a: 老爷爷，我给您踩背来喽！|Great Tusk|100/100
|-activate|p2a: 老爷爷，我给您踩背来喽！|ability: Protosynthesis
|-start|p2a: 老爷爷，我给您踩背来喽！|protosynthesisatk
|move|p1a: Garchomp|Stealth Rock|p2a: 老爷爷，我给您踩背来喽！
|-sidestart|p2: qxzwwzxq|move: Stealth Rock
|
|-weather|SunnyDay|[upkeep]
|upkeep
|turn|2
|
|t:|1758351122
|-terastallize|p1a: Garchomp|Ghost
|move|p2a: 老爷爷，我给您踩背来喽！|Rapid Spin|p1a: Garchomp
|-immune|p1a: Garchomp
|move|p1a: Garchomp|Spikes|p2a: 老爷爷，我给您踩背来喽！
|-sidestart|p2: qxzwwzxq|Spikes
|
|-weather|SunnyDay|[upkeep]
|upkeep
|turn|3
|
|t:|1758351128
|move|p2a: 老爷爷，我给您踩背来喽！|Headlong Rush|p1a: Garchomp
|-crit|p1a: Garchomp
|-damage|p1a: Garchomp|30/100
|-unboost|p2a: 老爷爷，我给您踩背来喽！|def|1
|-unboost|p2a: 老爷爷，我给您踩背来喽！|spd|1
|-damage|p2a: 老爷爷，我给您踩背来喽！|88/100|[from] ability: Rough Skin|[of] p1a: Garchomp
|-damage|p2a: 老爷爷，我给您踩背来喽！|72/100|[from] item: Rocky Helmet|[of] p1a: Garchomp
|move|p1a: Garchomp|Spikes|p2a: 老爷爷，我给您踩背来喽！
|-sidestart|p2: qxzwwzxq|Spikes
|
|-weather|SunnyDay|[upkeep]
|upkeep
|turn|4
|
|t:|1758351138
|switch|p1a: Orthworm|Orthworm, M|100/100
|move|p2a: 老爷爷，我给您踩背来喽！|Headlong Rush|p1a: Orthworm
|-immune|p1a: Orthworm|[from] ability: Earth Eater
|
|-weather|SunnyDay|[upkeep]
|upkeep
|turn|5
|
|t:|1758351146
|move|p2a: 老爷爷，我给您踩背来喽！|Close Combat|p1a: Orthworm
|-supereffective|p1a: Orthworm
|-damage|p1a: Orthworm|10/100
|-unboost|p2a: 老爷爷，我给您踩背来喽！|def|1
|-unboost|p2a: 老爷爷，我给您踩背来喽！|spd|1
|move|p1a: Orthworm|Iron Defense|p1a: Orthworm
|-boost|p1a: Orthworm|def|2
|
|-weather|SunnyDay|[upkeep]
|-heal|p1a: Orthworm|16/100|[from] item: Leftovers
|upkeep
|turn|6
|
|t:|1758351153
|move|p2a: 老爷爷，我给您踩背来喽！|Rapid Spin|p1a: Orthworm
|-resisted|p1a: Orthworm
|-damage|p1a: Orthworm|12/100
|-boost|p2a: 老爷爷，我给您踩背来喽！|spe|1
|-sideend|p2: qxzwwzxq|Spikes|[from] move: Rapid Spin|[of] p2a: 老爷爷，我给您踩背来喽！
|-sideend|p2: qxzwwzxq|Stealth Rock|[from] move: Rapid Spin|[of] p2a: 老爷爷，我给您踩背来喽！
|move|p1a: Orthworm|Rest|p1a: Orthworm
|-status|p1a: Orthworm|slp|[from] move: Rest
|-heal|p1a: Orthworm|100/100 slp|[silent]
|
|-weather|SunnyDay|[upkeep]
|upkeep
|turn|7
|
|t:|1758351162
|move|p2a: 老爷爷，我给您踩背来喽！|Close Combat|p1a: Orthworm
|-supereffective|p1a: Orthworm
|-crit|p1a: Orthworm
|-damage|p1a: Orthworm|0 fnt
|-unboost|p2a: 老爷爷，我给您踩背来喽！|def|1
|-unboost|p2a: 老爷爷，我给您踩背来喽！|spd|1
|faint|p1a: Orthworm
|
|-weather|SunnyDay|[upkeep]
|upkeep
|
|t:|1758351169
|switch|p1a: Typhlosion|Typhlosion, F|100/100
|turn|8
|
|t:|1758351174
|move|p2a: 老爷爷，我给您踩背来喽！|Headlong Rush|p1a: Typhlosion
|-supereffective|p1a: Typhlosion
|-damage|p1a: Typhlosion|0 fnt
|-unboost|p2a: 老爷爷，我给您踩背来喽！|def|1
|-unboost|p2a: 老爷爷，我给您踩背来喽！|spd|1
|faint|p1a: Typhlosion
|
|-weather|none
|-end|p2a: 老爷爷，我给您踩背来喽！|Protosynthesis
|upkeep
|-message|rockdrigox666 forfeited.
|
|win|qxzwwzxq
|raw|rockdrigox666's rating: 1166 &rarr; <strong>1142</strong><br />(-24 for losing)
|raw|qxzwwzxq's rating: 1175 &rarr; <strong>1199</strong><br />(+24 for winning)
|l|☆rockdrigox666
|player|p1|
|l|☆qxzwwzxq
|player|p2|
