|j|☆amacklai
|j|☆TNT13
|t:|1758333509
|gametype|singles
|player|p1|amacklai|102|1136
|player|p2|TNT13|266|1192
|gen|9
|tier|[Gen 9] OU
|rated|
|rule|HP Percentage Mod: HP is shown in percentages
|rule|Endless Battle Clause: Forcing endless battles is banned
|rule|Species Clause: Limit one of each Pokémon
|rule|OHKO Clause: OHKO moves are banned
|rule|Evasion Items Clause: Evasion items are banned
|rule|Evasion Moves Clause: Evasion moves are banned
|rule|Evasion Abilities Clause: Evasion abilities are banned
|rule|Sleep Moves Clause: Sleep-inducing moves are banned
|clearpoke
|poke|p1|Kilowattrel, F|
|poke|p1|Sinistcha|
|poke|p1|Comfey, M|
|poke|p1|Oricorio-Sensu, M|
|poke|p1|Golem-Alola, M|
|poke|p1|Gyarados, M|
|poke|p2|Ceruledge, M|
|poke|p2|Floatzel, F|
|poke|p2|Garchomp, M|
|poke|p2|Vileplume, M|
|poke|p2|Muk, M|
|poke|p2|Cryogonal|
|teampreview
|
|t:|1758333522
|teamsize|p1|6
|teamsize|p2|6
|start
|switch|p1a: Golem|Golem-Alola, M|100/100
|switch|p2a: Vileplume|Vileplume, M|100/100
|turn|1
|inactive|Battle timer is ON: inactive players will automatically lose when time's up. (requested by TNT13)
|
|t:|1758333529
|move|p2a: Vileplume|Giga Drain|p1a: Golem
|-supereffective|p1a: Golem
|-damage|p1a: Golem|8/100
|move|p1a: Golem|Stealth Rock|p2a: Vileplume
|-sidestart|p2: TNT13|move: Stealth Rock
|
|upkeep
|turn|2
|-enditem|p1a: Golem|Custap Berry|[eat]
|-activate|p1a: Golem|item: Custap Berry|[consumed]
|
|t:|1758333541
|move|p1a: Golem|Explosion|p2a: Vileplume
|-resisted|p2a: Vileplume
|-damage|p2a: Vileplume|10/100
|faint|p1a: Golem
|move|p2a: Vileplume|Sludge Bomb|p1: Golem|[notarget]
|-fail|p2a: Vileplume
|
|-heal|p2a: Vileplume|16/100|[from] item: Leftovers
|upkeep
|
|t:|1758333563
|switch|p1a: Oricorio|Oricorio-Sensu, M|100/100
|turn|3
|
|t:|1758333567
|move|p1a: Oricorio|Quiver Dance|p1a: Oricorio
|-boost|p1a: Oricorio|spa|1
|-boost|p1a: Oricorio|spd|1
|-boost|p1a: Oricorio|spe|1
|move|p2a: Vileplume|Strength Sap|p1a: Oricorio
|-unboost|p1a: Oricorio|atk|1
|-heal|p2a: Vileplume|53/100
|
|-heal|p2a: Vileplume|59/100|[from] item: Leftovers
|upkeep
|turn|4
|
|t:|1758333582
|switch|p2a: Muk|Muk, M|100/100
|-damage|p2a: Muk|88/100|[from] Stealth Rock
|move|p1a: Oricorio|Quiver Dance|p1a: Oricorio
|-boost|p1a: Oricorio|spa|1
|-boost|p1a: Oricorio|spd|1
|-boost|p1a: Oricorio|spe|1
|
|upkeep
|turn|5
|
|t:|1758333594
|move|p1a: Oricorio|Revelation Dance|p2a: Muk
|-damage|p2a: Muk|43/100
|move|p2a: Muk|Knock Off|p1a: Oricorio
|-supereffective|p1a: Oricorio
|-damage|p1a: Oricorio|5/100
|-enditem|p1a: Oricorio|Leftovers|[from] move: Knock Off|[of] p2a: Muk
|
|upkeep
|turn|6
|
|t:|1758333605
|move|p1a: Oricorio|Revelation Dance|p2a: Muk
|-damage|p2a: Muk|0 fnt
|faint|p2a: Muk
|
|upkeep
|
|t:|1758333613
|switch|p2a: Ceruledge|Ceruledge, M|100/100
|-damage|p2a: Ceruledge|76/100|[from] Stealth Rock
|turn|7
|
|t:|1758333619
|move|p2a: Ceruledge|Shadow Sneak|p1a: Oricorio
|-supereffective|p1a: Oricorio
|-damage|p1a: Oricorio|0 fnt
|faint|p1a: Oricorio
|
|upkeep
|
|t:|1758333624
|switch|p1a: Sinistcha|Sinistcha|100/100
|turn|8
|
|t:|1758333630
|move|p2a: Ceruledge|Bitter Blade|p1a: Sinistcha
|-supereffective|p1a: Sinistcha
|-damage|p1a: Sinistcha|31/100
|-heal|p2a: Ceruledge|100/100|[from] drain|[of] p1a: Sinistcha
|-enditem|p1a: Sinistcha|Weakness Policy
|-boost|p1a: Sinistcha|atk|2|[from] item: Weakness Policy
|-boost|p1a: Sinistcha|spa|2|[from] item: Weakness Policy
|move|p1a: Sinistcha|Shadow Ball|p2a: Ceruledge
|-supereffective|p2a: Ceruledge
|-damage|p2a: Ceruledge|0 fnt
|faint|p2a: Ceruledge
|
|upkeep
|
|t:|1758333646
|switch|p2a: Cryogonal|Cryogonal|100/100
|turn|9
|
|t:|1758333650
|move|p2a: Cryogonal|Freeze-Dry|p1a: Sinistcha
|-supereffective|p1a: Sinistcha
|-damage|p1a: Sinistcha|0 fnt
|faint|p1a: Sinistcha
|
|upkeep
|
|t:|1758333661
|switch|p1a: Gyarados|Gyarados, M|100/100
|turn|10
|
|t:|1758333669
|switch|p2a: Vileplume|Vileplume, M|59/100
|-damage|p2a: Vileplume|47/100|[from] Stealth Rock
|move|p1a: Gyarados|Dragon Dance|p1a: Gyarados
|-boost|p1a: Gyarados|atk|1
|-boost|p1a: Gyarados|spe|1
|
|-heal|p2a: Vileplume|53/100|[from] item: Leftovers
|upkeep
|turn|11
|
|t:|1758333691
|-terastallize|p1a: Gyarados|Ground
|move|p1a: Gyarados|Earthquake|p2a: Vileplume
|-damage|p2a: Vileplume|0 fnt
|faint|p2a: Vileplume
|-ability|p1a: Gyarados|Moxie|boost
|-boost|p1a: Gyarados|atk|1
|
|upkeep
|
|t:|1758333701
|switch|p2a: Garchomp|Garchomp, M|100/100
|-damage|p2a: Garchomp|94/100|[from] Stealth Rock
|turn|12
|
|t:|1758333718
|-terastallize|p2a: Garchomp|Poison
|move|p1a: Gyarados|Earthquake|p2a: Garchomp
|-supereffective|p2a: Garchomp
|-damage|p2a: Garchomp|0 fnt
|faint|p2a: Garchomp
|-ability|p1a: Gyarados|Moxie|boost
|-boost|p1a: Gyarados|atk|1
|
|upkeep
|
|t:|1758333724
|switch|p2a: Cryogonal|Cryogonal|100/100
|turn|13
|
|t:|1758333732
|move|p1a: Gyarados|Waterfall|p2a: Cryogonal
|-crit|p2a: Cryogonal
|-damage|p2a: Cryogonal|0 fnt
|faint|p2a: Cryogonal
|-ability|p1a: Gyarados|Moxie|boost
|-boost|p1a: Gyarados|atk|1
|
|upkeep
|
|t:|1758333736
|switch|p2a: Floatzel|Floatzel, F|100/100
|-damage|p2a: Floatzel|88/100|[from] Stealth Rock
|turn|14
|
|t:|1758333749
|move|p1a: Gyarados|Earthquake|p2a: Floatzel
|-damage|p2a: Floatzel|0 fnt
|faint|p2a: Floatzel
|
|win|amacklai
|raw|amacklai's rating: 1136 &rarr; <strong>1165</strong><br />(+29 for winning)
|raw|TNT13's rating: 1192 &rarr; <strong>1163</strong><br />(-29 for losing)
|l|☆TNT13
|player|p2|
|l|☆amacklai
|player|p1|
