|j|☆murchy4
|j|‽socaselectah
|t:|1758284055
|gametype|singles
|player|p1|murchy4|265|1468
|player|p2|socaselectah|101|1530
|gen|9
|tier|[Gen 9] OU
|rated|
|rule|HP Percentage Mod: HP is shown in percentages
|rule|Endless Battle Clause: Forcing endless battles is banned
|rule|Species Clause: Limit one of each Pokémon
|rule|OHKO Clause: OHKO moves are banned
|rule|Evasion Items Clause: Evasion items are banned
|rule|Evasion Moves Clause: Evasion moves are banned
|rule|Evasion Abilities Clause: Evasion abilities are banned
|rule|Sleep Moves Clause: Sleep-inducing moves are banned
|clearpoke
|poke|p1|Ninetales-Alola, M|
|poke|p1|Oricorio, M|
|poke|p1|Hatterene, F|
|poke|p1|Kyurem|
|poke|p1|Zamazenta-*|
|poke|p1|Iron Treads|
|poke|p2|Torkoal, M|
|poke|p2|Clefable, F|
|poke|p2|Mandibuzz, F|
|poke|p2|Walking Wake|
|poke|p2|Iron Moth|
|poke|p2|Brute Bonnet|
|teampreview
|inactive|Battle timer is ON: inactive players will automatically lose when time's up. (requested by socaselectah)
|
|t:|1758284071
|teamsize|p1|6
|teamsize|p2|6
|start
|switch|p1a: Iron Treads|Iron Treads|100/100
|switch|p2a: Clefable|Clefable, F|100/100
|-enditem|p1a: Iron Treads|Booster Energy
|-activate|p1a: Iron Treads|ability: Quark Drive|[fromitem]
|-start|p1a: Iron Treads|quarkdrivespe
|turn|1
|
|t:|1758284079
|move|p1a: Iron Treads|Steel Beam|p2a: Clefable
|-supereffective|p2a: Clefable
|-damage|p2a: Clefable|30/100
|-damage|p1a: Iron Treads|50/100|[from] steelbeam
|move|p2a: Clefable|Flamethrower|p1a: Iron Treads
|-supereffective|p1a: Iron Treads
|-damage|p1a: Iron Treads|0 fnt
|faint|p1a: Iron Treads
|-end|p1a: Iron Treads|Quark Drive|[silent]
|
|upkeep
|
|t:|1758284095
|switch|p1a: Oricorio|Oricorio, M|100/100
|turn|2
|
|t:|1758284099
|switch|p2a: Mandibuzz|Mandibuzz, F|100/100
|move|p1a: Oricorio|Taunt|p2a: Mandibuzz
|-start|p2a: Mandibuzz|move: Taunt
|
|upkeep
|turn|3
|
|t:|1758284102
|move|p1a: Oricorio|Quiver Dance|p1a: Oricorio
|-boost|p1a: Oricorio|spa|1
|-boost|p1a: Oricorio|spd|1
|-boost|p1a: Oricorio|spe|1
|move|p2a: Mandibuzz|Knock Off|p1a: Oricorio
|-damage|p1a: Oricorio|67/100
|-enditem|p1a: Oricorio|Covert Cloak|[from] move: Knock Off|[of] p2a: Mandibuzz
|
|upkeep
|turn|4
|
|t:|1758284108
|move|p1a: Oricorio|Alluring Voice|p2a: Mandibuzz
|-supereffective|p2a: Mandibuzz
|-damage|p2a: Mandibuzz|34/100
|move|p2a: Mandibuzz|Knock Off|p1a: Oricorio
|-damage|p1a: Oricorio|43/100
|
|-heal|p2a: Mandibuzz|40/100|[from] item: Leftovers
|-end|p2a: Mandibuzz|move: Taunt
|upkeep
|turn|5
|
|t:|1758284118
|switch|p2a: Clefable|Clefable, F|30/100
|move|p1a: Oricorio|Quiver Dance|p1a: Oricorio
|-boost|p1a: Oricorio|spa|1
|-boost|p1a: Oricorio|spd|1
|-boost|p1a: Oricorio|spe|1
|
|upkeep
|turn|6
|
|t:|1758284125
|move|p1a: Oricorio|Revelation Dance|p2a: Clefable
|-damage|p2a: Clefable|0 fnt
|faint|p2a: Clefable
|
|upkeep
|
|t:|1758284136
|switch|p2a: Torkoal|Torkoal, M|100/100
|-weather|SunnyDay|[from] ability: Drought|[of] p2a: Torkoal
|turn|7
|
|t:|1758284143
|switch|p2a: Mandibuzz|Mandibuzz, F|40/100
|move|p1a: Oricorio|Quiver Dance|p1a: Oricorio
|-boost|p1a: Oricorio|spa|1
|-boost|p1a: Oricorio|spd|1
|-boost|p1a: Oricorio|spe|1
|
|-weather|SunnyDay|[upkeep]
|-heal|p2a: Mandibuzz|46/100|[from] item: Leftovers
|upkeep
|turn|8
|
|t:|1758284145
|move|p1a: Oricorio|Revelation Dance|p2a: Mandibuzz
|-damage|p2a: Mandibuzz|0 fnt
|faint|p2a: Mandibuzz
|
|-weather|SunnyDay|[upkeep]
|upkeep
|
|t:|1758284148
|switch|p2a: Brute Bonnet|Brute Bonnet|100/100
|-activate|p2a: Brute Bonnet|ability: Protosynthesis
|-start|p2a: Brute Bonnet|protosynthesisatk
|turn|9
|
|t:|1758284152
|switch|p1a: Ninetales|Ninetales-Alola, M|100/100
|-weather|Snowscape|[from] ability: Snow Warning|[of] p1a: Ninetales
|-end|p2a: Brute Bonnet|Protosynthesis
|move|p2a: Brute Bonnet|Sucker Punch||[still]
|-fail|p2a: Brute Bonnet
|
|-weather|Snowscape|[upkeep]
|upkeep
|turn|10
|
|t:|1758284158
|switch|p1a: Kyurem|Kyurem|100/100
|-ability|p1a: Kyurem|Pressure
|-end|p2a: Brute Bonnet|Protosynthesis|[silent]
|switch|p2a: Torkoal|Torkoal, M|100/100
|-weather|SunnyDay|[from] ability: Drought|[of] p2a: Torkoal
|
|-weather|SunnyDay|[upkeep]
|upkeep
|turn|11
|
|t:|1758284165
|switch|p2a: Walking Wake|Walking Wake|100/100
|-activate|p2a: Walking Wake|ability: Protosynthesis
|-start|p2a: Walking Wake|protosynthesisspe
|move|p1a: Kyurem|Dragon Dance|p1a: Kyurem
|-boost|p1a: Kyurem|atk|1
|-boost|p1a: Kyurem|spe|1
|
|-weather|SunnyDay|[upkeep]
|upkeep
|turn|12
|
|t:|1758284169
|switch|p1a: Ninetales|Ninetales-Alola, M|100/100
|-weather|Snowscape|[from] ability: Snow Warning|[of] p1a: Ninetales
|-end|p2a: Walking Wake|Protosynthesis
|-terastallize|p2a: Walking Wake|Fairy
|move|p2a: Walking Wake|Tera Blast|p1a: Ninetales|[anim] Tera Blast Fairy
|-damage|p1a: Ninetales|44/100
|
|-weather|Snowscape|[upkeep]
|upkeep
|turn|13
|
|t:|1758284182
|-end|p2a: Walking Wake|Protosynthesis|[silent]
|switch|p2a: Torkoal|Torkoal, M|100/100
|-weather|SunnyDay|[from] ability: Drought|[of] p2a: Torkoal
|move|p1a: Ninetales|Freeze-Dry|p2a: Torkoal
|-resisted|p2a: Torkoal
|-damage|p2a: Torkoal|87/100
|
|-weather|SunnyDay|[upkeep]
|upkeep
|turn|14
|
|t:|1758284186
|switch|p1a: Hatterene|Hatterene, F|100/100
|move|p2a: Torkoal|Stealth Rock|p1a: Hatterene
|move|p1a: Hatterene|Stealth Rock|p2a: Torkoal|[from] ability: Magic Bounce
|-sidestart|p2: socaselectah|move: Stealth Rock
|
|-weather|SunnyDay|[upkeep]
|upkeep
|turn|15
|
|t:|1758284190
|move|p1a: Hatterene|Calm Mind|p1a: Hatterene
|-boost|p1a: Hatterene|spa|1
|-boost|p1a: Hatterene|spd|1
|move|p2a: Torkoal|Rapid Spin|p1a: Hatterene
|-damage|p1a: Hatterene|93/100
|-boost|p2a: Torkoal|spe|1
|-sideend|p2: socaselectah|Stealth Rock|[from] move: Rapid Spin|[of] p2a: Torkoal
|
|-weather|SunnyDay|[upkeep]
|-heal|p1a: Hatterene|99/100|[from] item: Leftovers
|upkeep
|turn|16
|
|t:|1758284194
|switch|p2a: Brute Bonnet|Brute Bonnet|100/100
|-activate|p2a: Brute Bonnet|ability: Protosynthesis
|-start|p2a: Brute Bonnet|protosynthesisatk
|move|p1a: Hatterene|Stored Power|p2a: Brute Bonnet
|-immune|p2a: Brute Bonnet
|
|-weather|SunnyDay|[upkeep]
|-heal|p1a: Hatterene|100/100|[from] item: Leftovers
|upkeep
|turn|17
|
|t:|1758284198
|move|p2a: Brute Bonnet|Crunch|p1a: Hatterene
|-damage|p1a: Hatterene|48/100
|move|p1a: Hatterene|Mystical Fire|p2a: Brute Bonnet
|-supereffective|p2a: Brute Bonnet
|-damage|p2a: Brute Bonnet|7/100
|-unboost|p2a: Brute Bonnet|spa|1
|
|-weather|SunnyDay|[upkeep]
|-heal|p1a: Hatterene|54/100|[from] item: Leftovers
|upkeep
|turn|18
|
|t:|1758284204
|switch|p1a: Ninetales|Ninetales-Alola, M|44/100
|-weather|Snowscape|[from] ability: Snow Warning|[of] p1a: Ninetales
|-end|p2a: Brute Bonnet|Protosynthesis
|move|p2a: Brute Bonnet|Crunch|p1a: Ninetales
|-resisted|p1a: Ninetales
|-damage|p1a: Ninetales|23/100
|
|-weather|Snowscape|[upkeep]
|upkeep
|turn|19
|
|t:|1758284209
|switch|p1a: Hatterene|Hatterene, F|54/100
|-end|p2a: Brute Bonnet|Protosynthesis|[silent]
|switch|p2a: Torkoal|Torkoal, M|87/100
|-weather|SunnyDay|[from] ability: Drought|[of] p2a: Torkoal
|
|-weather|SunnyDay|[upkeep]
|-heal|p1a: Hatterene|60/100|[from] item: Leftovers
|upkeep
|turn|20
|
|t:|1758284213
|switch|p2a: Brute Bonnet|Brute Bonnet|7/100
|-activate|p2a: Brute Bonnet|ability: Protosynthesis
|-start|p2a: Brute Bonnet|protosynthesisatk
|move|p1a: Hatterene|Calm Mind|p1a: Hatterene
|-boost|p1a: Hatterene|spa|1
|-boost|p1a: Hatterene|spd|1
|
|-weather|SunnyDay|[upkeep]
|-heal|p1a: Hatterene|66/100|[from] item: Leftovers
|upkeep
|turn|21
|
|t:|1758284216
|move|p2a: Brute Bonnet|Crunch|p1a: Hatterene
|-damage|p1a: Hatterene|10/100
|-unboost|p1a: Hatterene|def|1
|move|p1a: Hatterene|Draining Kiss|p2a: Brute Bonnet
|-supereffective|p2a: Brute Bonnet
|-damage|p2a: Brute Bonnet|0 fnt
|-heal|p1a: Hatterene|16/100|[from] drain|[of] p2a: Brute Bonnet
|faint|p2a: Brute Bonnet
|-end|p2a: Brute Bonnet|Protosynthesis|[silent]
|
|-weather|SunnyDay|[upkeep]
|-heal|p1a: Hatterene|22/100|[from] item: Leftovers
|upkeep
|
|t:|1758284221
|switch|p2a: Iron Moth|Iron Moth|100/100
|-enditem|p2a: Iron Moth|Booster Energy
|-activate|p2a: Iron Moth|ability: Quark Drive|[fromitem]
|-start|p2a: Iron Moth|quarkdrivespe
|turn|22
|
|t:|1758284233
|switch|p1a: Oricorio|Oricorio, M|43/100
|move|p2a: Iron Moth|Fiery Dance|p1a: Oricorio
|-resisted|p1a: Oricorio
|-damage|p1a: Oricorio|0 fnt
|-boost|p2a: Iron Moth|spa|1
|faint|p1a: Oricorio
|
|-weather|SunnyDay|[upkeep]
|upkeep
|
|t:|1758284235
|switch|p1a: Ninetales|Ninetales-Alola, M|23/100
|-weather|Snowscape|[from] ability: Snow Warning|[of] p1a: Ninetales
|turn|23
|
|t:|1758284241
|switch|p1a: Hatterene|Hatterene, F|22/100
|move|p2a: Iron Moth|Fiery Dance|p1a: Hatterene
|-damage|p1a: Hatterene|0 fnt
|faint|p1a: Hatterene
|
|-weather|Snowscape|[upkeep]
|upkeep
|
|t:|1758284252
|switch|p1a: Kyurem|Kyurem|100/100
|-ability|p1a: Kyurem|Pressure
|turn|24
|
|t:|1758284256
|move|p2a: Iron Moth|Fiery Dance|p1a: Kyurem
|-damage|p1a: Kyurem|45/100
|-boost|p2a: Iron Moth|spa|1
|move|p1a: Kyurem|Scale Shot|p2a: Iron Moth
|-crit|p2a: Iron Moth
|-damage|p2a: Iron Moth|68/100
|-damage|p2a: Iron Moth|46/100
|-damage|p2a: Iron Moth|25/100
|-damage|p2a: Iron Moth|2/100
|-damage|p2a: Iron Moth|0 fnt
|faint|p2a: Iron Moth
|-end|p2a: Iron Moth|Quark Drive|[silent]
|-hitcount|p2: Iron Moth|5
|-unboost|p1a: Kyurem|def|1
|-boost|p1a: Kyurem|spe|1
|
|-weather|Snowscape|[upkeep]
|upkeep
|
|t:|1758284262
|switch|p2a: Torkoal|Torkoal, M|87/100
|-weather|SunnyDay|[from] ability: Drought|[of] p2a: Torkoal
|turn|25
|
|t:|1758284266
|move|p1a: Kyurem|Dragon Dance|p1a: Kyurem
|-boost|p1a: Kyurem|atk|1
|-boost|p1a: Kyurem|spe|1
|move|p2a: Torkoal|Body Press|p1a: Kyurem
|-supereffective|p1a: Kyurem
|-damage|p1a: Kyurem|0 fnt
|faint|p1a: Kyurem
|
|-weather|SunnyDay|[upkeep]
|upkeep
|
|t:|1758284272
|switch|p1a: Zamazenta|Zamazenta|100/100
|-ability|p1a: Zamazenta|Dauntless Shield|boost
|-boost|p1a: Zamazenta|def|1
|turn|26
|
|t:|1758284279
|move|p1a: Zamazenta|Iron Defense|p1a: Zamazenta
|-boost|p1a: Zamazenta|def|2
|move|p2a: Torkoal|Lava Plume|p1a: Zamazenta
|-damage|p1a: Zamazenta|71/100
|
|-weather|SunnyDay|[upkeep]
|-heal|p1a: Zamazenta|77/100|[from] item: Leftovers
|upkeep
|turn|27
|
|t:|1758284296
|-terastallize|p1a: Zamazenta|Fire
|move|p1a: Zamazenta|Body Press|p2a: Torkoal
|-damage|p2a: Torkoal|42/100
|move|p2a: Torkoal|Lava Plume|p1a: Zamazenta
|-resisted|p1a: Zamazenta
|-crit|p1a: Zamazenta
|-damage|p1a: Zamazenta|57/100
|
|-weather|SunnyDay|[upkeep]
|-heal|p1a: Zamazenta|63/100|[from] item: Leftovers
|upkeep
|turn|28
|
|t:|1758284306
|move|p1a: Zamazenta|Body Press|p2a: Torkoal
|-damage|p2a: Torkoal|0 fnt
|faint|p2a: Torkoal
|
|-weather|SunnyDay|[upkeep]
|-heal|p1a: Zamazenta|69/100|[from] item: Leftovers
|upkeep
|
|t:|1758284308
|switch|p2a: Walking Wake|Walking Wake, tera:Fairy|100/100
|-activate|p2a: Walking Wake|ability: Protosynthesis
|-start|p2a: Walking Wake|protosynthesisspe
|turn|29
|
|t:|1758284313
|switch|p1a: Ninetales|Ninetales-Alola, M|23/100
|-weather|Snowscape|[from] ability: Snow Warning|[of] p1a: Ninetales
|-end|p2a: Walking Wake|Protosynthesis
|move|p2a: Walking Wake|Hydro Steam|p1a: Ninetales
|-damage|p1a: Ninetales|0 fnt
|faint|p1a: Ninetales
|
|-weather|Snowscape|[upkeep]
|upkeep
|
|t:|1758284315
|switch|p1a: Zamazenta|Zamazenta, tera:Fire|69/100
|turn|30
|
|t:|1758284317
|move|p1a: Zamazenta|Body Press|p2a: Walking Wake
|-resisted|p2a: Walking Wake
|-damage|p2a: Walking Wake|83/100
|move|p2a: Walking Wake|Hydro Steam|p1a: Zamazenta
|-supereffective|p1a: Zamazenta
|-damage|p1a: Zamazenta|0 fnt
|faint|p1a: Zamazenta
|
|win|socaselectah
|raw|murchy4's rating: 1468 &rarr; <strong>1452</strong><br />(-16 for losing)
|raw|socaselectah's rating: 1530 &rarr; <strong>1546</strong><br />(+16 for winning)
|l|☆murchy4
|player|p1|
|l|‽socaselectah
|player|p2|
