|j|☆llr6236
|j|☆andy89
|t:|1758324785
|gametype|singles
|player|p1|llr6236|allister|1241
|player|p2|andy89|rood|1209
|gen|9
|tier|[Gen 9] OU
|rated|
|rule|HP Percentage Mod: HP is shown in percentages
|rule|Endless Battle Clause: Forcing endless battles is banned
|rule|Species Clause: Limit one of each Pokémon
|rule|OHKO Clause: OHKO moves are banned
|rule|Evasion Items Clause: Evasion items are banned
|rule|Evasion Moves Clause: Evasion moves are banned
|rule|Evasion Abilities Clause: Evasion abilities are banned
|rule|Sleep Moves Clause: Sleep-inducing moves are banned
|clearpoke
|poke|p1|Ceruledge, M|
|poke|p1|Goodra-Hisui, F|
|poke|p1|Electivire, M|
|poke|p1|Flapple, M|
|poke|p1|Suicune|
|poke|p1|Lilligant, F|
|poke|p2|Gholdengo|
|poke|p2|Regidrago|
|poke|p2|Scizor, M|
|poke|p2|Ting-Lu|
|poke|p2|Weezing-Galar, M|
|poke|p2|Rotom-Wash|
|teampreview
|inactive|Battle timer is ON: inactive players will automatically lose when time's up. (requested by llr6236)
|
|t:|1758324800
|teamsize|p1|6
|teamsize|p2|6
|start
|switch|p1a: Water horse🌊|Suicune|100/100
|switch|p2a: Rotom|Rotom-Wash|100/100
|-ability|p1a: Water horse🌊|Pressure
|turn|1
|
|t:|1758324810
|switch|p1a: Fuzzy cable⚡|Electivire, M|100/100
|move|p2a: Rotom|Will-O-Wisp|p1a: Fuzzy cable⚡
|-status|p1a: Fuzzy cable⚡|brn
|
|-damage|p1a: Fuzzy cable⚡|94/100 brn|[from] brn
|upkeep
|turn|2
|
|t:|1758324822
|switch|p2a: Ting-Lu|Ting-Lu|100/100
|-ability|p2a: Ting-Lu|Vessel of Ruin
|move|p1a: Fuzzy cable⚡|Supercell Slam|p2a: Ting-Lu
|-immune|p2a: Ting-Lu
|-damage|p1a: Fuzzy cable⚡|44/100 brn|[from] supercellslam
|
|-damage|p1a: Fuzzy cable⚡|38/100 brn|[from] brn
|upkeep
|turn|3
|
|t:|1758324836
|switch|p1a: Emo🕶️|Ceruledge, M, shiny|100/100
|move|p2a: Ting-Lu|Stealth Rock|p1a: Emo🕶️
|-sidestart|p1: llr6236|move: Stealth Rock
|
|upkeep
|turn|4
|
|t:|1758324845
|move|p1a: Emo🕶️|Swords Dance|p1a: Emo🕶️
|-boost|p1a: Emo🕶️|atk|2
|move|p2a: Ting-Lu|Whirlwind|p1a: Emo🕶️
|drag|p1a: Fuzzy cable⚡|Electivire, M|38/100 brn
|-damage|p1a: Fuzzy cable⚡|26/100 brn|[from] Stealth Rock
|
|-damage|p1a: Fuzzy cable⚡|20/100 brn|[from] brn
|upkeep
|turn|5
|
|t:|1758324860
|move|p1a: Fuzzy cable⚡|Ice Punch|p2a: Ting-Lu
|-supereffective|p2a: Ting-Lu
|-damage|p2a: Ting-Lu|80/100
|-status|p2a: Ting-Lu|frz
|cant|p2a: Ting-Lu|frz
|
|-heal|p2a: Ting-Lu|86/100 frz|[from] item: Leftovers
|-damage|p1a: Fuzzy cable⚡|14/100 brn|[from] brn
|upkeep
|turn|6
|
|t:|1758324875
|switch|p1a: Green apple🍏|Flapple, M, shiny|100/100
|-damage|p1a: Green apple🍏|88/100|[from] Stealth Rock
|switch|p2a: Weezing|Weezing-Galar, M|100/100
|-ability|p2a: Weezing|Neutralizing Gas
|
|upkeep
|turn|7
|
|t:|1758324894
|-terastallize|p1a: Green apple🍏|Ground
|move|p1a: Green apple🍏|Dragon Dance|p1a: Green apple🍏
|-boost|p1a: Green apple🍏|atk|1
|-boost|p1a: Green apple🍏|spe|1
|move|p2a: Weezing|Will-O-Wisp|p1a: Green apple🍏
|-status|p1a: Green apple🍏|brn
|
|-damage|p1a: Green apple🍏|82/100 brn|[from] brn
|upkeep
|turn|8
|-message|llr6236 forfeited.
|
|win|andy89
|raw|llr6236's rating: 1241 &rarr; <strong>1214</strong><br />(-27 for losing)
|raw|andy89's rating: 1209 &rarr; <strong>1236</strong><br />(+27 for winning)
|l|☆llr6236
|player|p1|
|l|☆andy89
|player|p2|
