|j|☆Baby Monster MAGA
|j|☆mantikarp2.0
|t:|1758270883
|gametype|singles
|player|p1|Baby Monster MAGA|101|1481
|player|p2|mantikarp2.0|266|1531
|gen|9
|tier|[Gen 9] OU
|rated|
|rule|HP Percentage Mod: HP is shown in percentages
|rule|Endless Battle Clause: Forcing endless battles is banned
|rule|Species Clause: Limit one of each Pokémon
|rule|OHKO Clause: OHKO moves are banned
|rule|Evasion Items Clause: Evasion items are banned
|rule|Evasion Moves Clause: Evasion moves are banned
|rule|Evasion Abilities Clause: Evasion abilities are banned
|rule|Sleep Moves Clause: Sleep-inducing moves are banned
|clearpoke
|poke|p1|Torkoal, M|
|poke|p1|Entei|
|poke|p1|Cinderace, F|
|poke|p1|Weavile, M|
|poke|p1|Walking Wake|
|poke|p1|Slither Wing|
|poke|p2|Ribombee, F|
|poke|p2|Gholdengo|
|poke|p2|Great Tusk|
|poke|p2|Raging Bolt|
|poke|p2|Ogerpon-Cornerstone, F|
|poke|p2|Ceruledge, M|
|teampreview
|inactive|Battle timer is ON: inactive players will automatically lose when time's up. (requested by mantikarp2.0)
|
|t:|1758270886
|teamsize|p1|6
|teamsize|p2|6
|start
|switch|p1a: Torkoal|Torkoal, M|100/100
|switch|p2a: NEW DROP|Ribombee, F, shiny|100/100
|-weather|SunnyDay|[from] ability: Drought|[of] p1a: Torkoal
|turn|1
|
|t:|1758270894
|move|p2a: NEW DROP|Sticky Web|p1a: Torkoal
|-sidestart|p1: Baby Monster MAGA|move: Sticky Web
|move|p1a: Torkoal|Lava Plume|p2a: NEW DROP
|-supereffective|p2a: NEW DROP
|-enditem|p2a: NEW DROP|Focus Sash
|-damage|p2a: NEW DROP|1/100
|
|-weather|SunnyDay|[upkeep]
|upkeep
|turn|2
|
|t:|1758270901
|switch|p2a: KRYPTONITE|Gholdengo, shiny|100/100
|-item|p2a: KRYPTONITE|Air Balloon
|move|p1a: Torkoal|Stealth Rock|p2a: KRYPTONITE
|-sidestart|p2: mantikarp2.0|move: Stealth Rock
|
|-weather|SunnyDay|[upkeep]
|upkeep
|turn|3
|
|t:|1758270908
|switch|p1a: Entei|Entei|100/100
|-activate|p1a: Entei|move: Sticky Web
|-unboost|p1a: Entei|spe|1
|move|p2a: KRYPTONITE|Shadow Ball|p1a: Entei
|-damage|p1a: Entei|61/100
|
|-weather|SunnyDay|[upkeep]
|upkeep
|turn|4
|
|t:|1758270919
|switch|p2a: NEW DROP|Ribombee, F, shiny|1/100
|-damage|p2a: NEW DROP|0 fnt|[from] Stealth Rock
|faint|p2a: NEW DROP
|move|p1a: Entei|Sacred Fire|p2: NEW DROP|[notarget]
|-fail|p1a: Entei
|
|-weather|SunnyDay|[upkeep]
|upkeep
|
|t:|1758270929
|switch|p2a: BANDIT|Great Tusk, shiny|100/100
|-damage|p2a: BANDIT|98/100|[from] Stealth Rock
|-activate|p2a: BANDIT|ability: Protosynthesis
|-start|p2a: BANDIT|protosynthesisatk
|turn|5
|inactive|Baby Monster MAGA has 120 seconds left.
|
|t:|1758270969
|switch|p1a: Slither Wing|Slither Wing|100/100
|-activate|p1a: Slither Wing|move: Sticky Web
|-unboost|p1a: Slither Wing|spe|1
|-activate|p1a: Slither Wing|ability: Protosynthesis
|-start|p1a: Slither Wing|protosynthesisatk
|move|p2a: BANDIT|Rapid Spin|p1a: Slither Wing
|-damage|p1a: Slither Wing|68/100
|-boost|p2a: BANDIT|spe|1
|-sideend|p2: mantikarp2.0|Stealth Rock|[from] move: Rapid Spin|[of] p2a: BANDIT
|
|-weather|SunnyDay|[upkeep]
|upkeep
|turn|6
|
|t:|1758270989
|move|p2a: BANDIT|Rapid Spin|p1a: Slither Wing
|-crit|p1a: Slither Wing
|-damage|p1a: Slither Wing|20/100
|-boost|p2a: BANDIT|spe|1
|move|p1a: Slither Wing|Close Combat|p2a: BANDIT
|-damage|p2a: BANDIT|9/100
|-unboost|p1a: Slither Wing|def|1
|-unboost|p1a: Slither Wing|spd|1
|
|-weather|SunnyDay|[upkeep]
|upkeep
|turn|7
|inactive|Baby Monster MAGA has 120 seconds left.
|inactive|Baby Monster MAGA has 90 seconds left.
|
|t:|1758271033
|move|p2a: BANDIT|Headlong Rush|p1a: Slither Wing
|-resisted|p1a: Slither Wing
|-damage|p1a: Slither Wing|0 fnt
|-unboost|p2a: BANDIT|def|1
|-unboost|p2a: BANDIT|spd|1
|faint|p1a: Slither Wing
|-end|p1a: Slither Wing|Protosynthesis|[silent]
|
|-weather|SunnyDay|[upkeep]
|upkeep
|inactive|Baby Monster MAGA has 90 seconds left.
|
|t:|1758271045
|switch|p1a: Entei|Entei|61/100
|-activate|p1a: Entei|move: Sticky Web
|-unboost|p1a: Entei|spe|1
|turn|8
|
|t:|1758271056
|-end|p2a: BANDIT|Protosynthesis|[silent]
|switch|p2a: KRYPTONITE|Gholdengo, shiny|100/100
|-item|p2a: KRYPTONITE|Air Balloon
|move|p1a: Entei|Extreme Speed|p2a: KRYPTONITE
|-immune|p2a: KRYPTONITE
|
|-weather|none
|upkeep
|turn|9
|
|t:|1758271063
|move|p2a: KRYPTONITE|Shadow Ball|p1a: Entei
|-damage|p1a: Entei|23/100
|-unboost|p1a: Entei|spd|1
|move|p1a: Entei|Sacred Fire|p2a: KRYPTONITE
|-supereffective|p2a: KRYPTONITE
|-damage|p2a: KRYPTONITE|1/100
|-status|p2a: KRYPTONITE|brn
|-enditem|p2a: KRYPTONITE|Air Balloon
|
|-damage|p2a: KRYPTONITE|0 fnt|[from] brn
|faint|p2a: KRYPTONITE
|upkeep
|
|t:|1758271086
|switch|p2a: TORE UP|Ceruledge, M, shiny|100/100
|turn|10
|
|t:|1758271098
|move|p2a: TORE UP|Swords Dance|p2a: TORE UP
|-boost|p2a: TORE UP|atk|2
|move|p1a: Entei|Stone Edge|p2a: TORE UP
|-supereffective|p2a: TORE UP
|-crit|p2a: TORE UP
|-enditem|p2a: TORE UP|Focus Sash
|-damage|p2a: TORE UP|1/100
|-ability|p2a: TORE UP|Weak Armor|boost
|-unboost|p2a: TORE UP|def|1
|-boost|p2a: TORE UP|spe|2
|
|upkeep
|turn|11
|
|t:|1758271104
|move|p2a: TORE UP|Bitter Blade|p1a: Entei
|-resisted|p1a: Entei
|-damage|p1a: Entei|0 fnt
|-heal|p2a: TORE UP|16/100|[from] drain|[of] p1a: Entei
|faint|p1a: Entei
|
|upkeep
|
|t:|1758271108
|switch|p1a: Weavile|Weavile, M|100/100
|-activate|p1a: Weavile|move: Sticky Web
|-unboost|p1a: Weavile|spe|1
|-ability|p1a: Weavile|Pressure
|turn|12
|
|t:|1758271120
|move|p2a: TORE UP|Shadow Sneak|p1a: Weavile
|-resisted|p1a: Weavile
|-damage|p1a: Weavile|59/100
|move|p1a: Weavile|Ice Shard|p2a: TORE UP
|-resisted|p2a: TORE UP
|-crit|p2a: TORE UP
|-damage|p2a: TORE UP|0 fnt
|faint|p2a: TORE UP
|
|upkeep
|
|t:|1758271128
|switch|p2a: GREAT NECK|Raging Bolt|100/100
|-enditem|p2a: GREAT NECK|Booster Energy
|-activate|p2a: GREAT NECK|ability: Protosynthesis|[fromitem]
|-start|p2a: GREAT NECK|protosynthesisspa
|turn|13
|inactive|Baby Monster MAGA has 120 seconds left.
|inactive|Baby Monster MAGA has 90 seconds left.
|
|t:|1758271214
|move|p1a: Weavile|Ice Shard|p2a: GREAT NECK
|-supereffective|p2a: GREAT NECK
|-damage|p2a: GREAT NECK|46/100
|move|p2a: GREAT NECK|Thunderbolt|p1a: Weavile
|-damage|p1a: Weavile|0 fnt
|faint|p1a: Weavile
|
|upkeep
|inactive|Baby Monster MAGA has 60 seconds left.
|
|t:|1758271226
|switch|p1a: Cinderace|Cinderace, F|100/100
|-activate|p1a: Cinderace|move: Sticky Web
|-unboost|p1a: Cinderace|spe|1
|turn|14
|
|t:|1758271237
|move|p2a: GREAT NECK|Thunderbolt|p1a: Cinderace
|-damage|p1a: Cinderace|0 fnt
|faint|p1a: Cinderace
|
|upkeep
|-message|Baby Monster MAGA forfeited.
|
|win|mantikarp2.0
|raw|Baby Monster MAGA's rating: 1481 &rarr; <strong>1464</strong><br />(-17 for losing)
|raw|mantikarp2.0's rating: 1531 &rarr; <strong>1548</strong><br />(+17 for winning)
|l|☆Baby Monster MAGA
|player|p1|
|l|☆mantikarp2.0
|player|p2|
