|j|☆napkin_56
|j|☆rjtugpu33636j33
|t:|1758340650
|gametype|singles
|player|p1|napkin_56|policeman-gen4|1299
|player|p2|rjtugpu33636j33|1|1231
|gen|9
|tier|[Gen 9] OU
|rated|
|rule|HP Percentage Mod: HP is shown in percentages
|rule|Endless Battle Clause: Forcing endless battles is banned
|rule|Species Clause: Limit one of each Pokémon
|rule|OHKO Clause: OHKO moves are banned
|rule|Evasion Items Clause: Evasion items are banned
|rule|Evasion Moves Clause: Evasion moves are banned
|rule|Evasion Abilities Clause: Evasion abilities are banned
|rule|Sleep Moves Clause: Sleep-inducing moves are banned
|clearpoke
|poke|p1|Dragapult, M|
|poke|p1|Ting-Lu|
|poke|p1|Scizor, F|
|poke|p1|Zapdos|
|poke|p1|Ogerpon-Wellspring, F|
|poke|p1|Tinkaton, F|
|poke|p2|Ceruledge, M|
|poke|p2|Walking Wake|
|poke|p2|Weezing-Galar, F|
|poke|p2|Kingambit, F|
|poke|p2|Rillaboom, M|
|poke|p2|Zapdos|
|teampreview
|inactive|Battle timer is ON: inactive players will automatically lose when time's up. (requested by napkin_56)
|
|t:|1758340675
|teamsize|p1|6
|teamsize|p2|6
|start
|switch|p1a: Zapdos|Zapdos|100/100
|switch|p2a: Zapdos|Zapdos|100/100
|turn|1
|
|t:|1758340696
|move|p2a: Zapdos|Volt Switch|p1a: Zapdos
|-damage|p1a: Zapdos|65/100
|
|t:|1758340707
|switch|p2a: Rillaboom|Rillaboom, M|100/100|[from] Volt Switch
|-fieldstart|move: Grassy Terrain|[from] ability: Grassy Surge|[of] p2a: Rillaboom
|move|p1a: Zapdos|Volt Switch|p2a: Rillaboom
|-resisted|p2a: Rillaboom
|-damage|p2a: Rillaboom|82/100
|
|t:|1758340717
|switch|p1a: Scizor|Scizor, F|100/100|[from] Volt Switch
|
|-heal|p2a: Rillaboom|88/100|[from] Grassy Terrain
|upkeep
|turn|2
|inactive|rjtugpu33636j33 has 120 seconds left.
|
|t:|1758340750
|move|p2a: Rillaboom|U-turn|p1a: Scizor
|-resisted|p1a: Scizor
|-damage|p1a: Scizor|89/100
|
|t:|1758340764
|switch|p2a: Walking Wake|Walking Wake|100/100|[from] U-turn
|move|p1a: Scizor|Knock Off|p2a: Walking Wake
|-damage|p2a: Walking Wake|62/100
|-enditem|p2a: Walking Wake|Heavy-Duty Boots|[from] move: Knock Off|[of] p1a: Scizor
|
|-heal|p2a: Walking Wake|68/100|[from] Grassy Terrain
|-heal|p1a: Scizor|95/100|[from] Grassy Terrain
|upkeep
|turn|3
|inactive|rjtugpu33636j33 has 90 seconds left.
|
|t:|1758340795
|switch|p1a: Ting-Lu|Ting-Lu|100/100
|-ability|p1a: Ting-Lu|Vessel of Ruin
|move|p2a: Walking Wake|Draco Meteor|p1a: Ting-Lu
|-damage|p1a: Ting-Lu|73/100
|-unboost|p2a: Walking Wake|spa|2
|
|-heal|p2a: Walking Wake|74/100|[from] Grassy Terrain
|-heal|p1a: Ting-Lu|79/100|[from] Grassy Terrain
|upkeep
|turn|4
|
|t:|1758340803
|-end|p2a: Walking Wake|Protosynthesis|[silent]
|switch|p2a: Weezing|Weezing-Galar, F|100/100
|-ability|p2a: Weezing|Neutralizing Gas
|move|p1a: Ting-Lu|Ruination|p2a: Weezing
|-damage|p2a: Weezing|50/100
|
|-heal|p2a: Weezing|56/100|[from] Grassy Terrain
|-heal|p1a: Ting-Lu|85/100|[from] Grassy Terrain
|upkeep
|turn|5
|inactive|napkin_56 has 120 seconds left.
|
|t:|1758340843
|switch|p1a: Zapdos|Zapdos|65/100
|move|p2a: Weezing|Will-O-Wisp|p1a: Zapdos
|-status|p1a: Zapdos|brn
|
|-heal|p2a: Weezing|62/100|[from] Grassy Terrain
|-damage|p1a: Zapdos|59/100 brn|[from] brn
|upkeep
|turn|6
|
|t:|1758340851
|move|p1a: Zapdos|Roost|p1a: Zapdos
|-heal|p1a: Zapdos|100/100 brn
|-singleturn|p1a: Zapdos|move: Roost
|move|p2a: Weezing|Pain Split|p1a: Zapdos
|-sethp|p1a: Zapdos|78/100 brn|[from] move: Pain Split|[silent]
|-sethp|p2a: Weezing|88/100|[from] move: Pain Split
|
|-heal|p1a: Zapdos|84/100 brn|[from] Grassy Terrain
|-heal|p2a: Weezing|94/100|[from] Grassy Terrain
|-damage|p1a: Zapdos|78/100 brn|[from] brn
|upkeep
|turn|7
|
|t:|1758340874
|-end|p2a: Weezing|ability: Neutralizing Gas
|switch|p2a: Zapdos|Zapdos|100/100
|move|p1a: Zapdos|Thunderbolt|p2a: Zapdos
|-damage|p2a: Zapdos|57/100
|
|-damage|p1a: Zapdos|72/100 brn|[from] brn
|upkeep
|turn|8
|
|t:|1758340887
|move|p2a: Zapdos|Roost|p2a: Zapdos
|-heal|p2a: Zapdos|100/100
|-singleturn|p2a: Zapdos|move: Roost
|move|p1a: Zapdos|Volt Switch|p2a: Zapdos
|-resisted|p2a: Zapdos
|-damage|p2a: Zapdos|83/100
|inactive|napkin_56 has 90 seconds left.
|
|t:|1758340920
|switch|p1a: Dragapult|Dragapult, M|100/100|[from] Volt Switch
|
|-heal|p2a: Zapdos|89/100|[from] Grassy Terrain
|-fieldend|move: Grassy Terrain
|upkeep
|turn|9
|inactive|napkin_56 has 90 seconds left.
|inactive|rjtugpu33636j33 has 90 seconds left.
|
|t:|1758340942
|move|p1a: Dragapult|Draco Meteor|p2a: Zapdos
|-damage|p2a: Zapdos|0 fnt
|-unboost|p1a: Dragapult|spa|2
|faint|p2a: Zapdos
|
|upkeep
|inactive|rjtugpu33636j33 has 90 seconds left.
|
|t:|1758340953
|switch|p2a: Ceruledge|Ceruledge, M|100/100
|turn|10
|inactive|rjtugpu33636j33 has 90 seconds left.
|
|t:|1758340961
|switch|p1a: Zapdos|Zapdos|72/100 brn
|move|p2a: Ceruledge|Swords Dance|p2a: Ceruledge
|-boost|p2a: Ceruledge|atk|2
|
|-damage|p1a: Zapdos|66/100 brn|[from] brn
|upkeep
|turn|11
|inactive|rjtugpu33636j33 has 90 seconds left.
|
|t:|1758340983
|move|p2a: Ceruledge|Bitter Blade|p1a: Zapdos
|-damage|p1a: Zapdos|0 fnt
|-status|p2a: Ceruledge|par|[from] ability: Static|[of] p1a: Zapdos
|faint|p1a: Zapdos
|
|upkeep
|inactive|napkin_56 has 90 seconds left.
|
|t:|1758341033
|switch|p1a: Ogerpon|Ogerpon-Wellspring, F|100/100
|turn|12
|inactive|rjtugpu33636j33 has 90 seconds left.
|inactive|napkin_56 has 60 seconds left.
|
|t:|1758341059
|move|p1a: Ogerpon|U-turn|p2a: Ceruledge
|-resisted|p2a: Ceruledge
|-damage|p2a: Ceruledge|91/100 par
|-ability|p2a: Ceruledge|Weak Armor|boost
|-unboost|p2a: Ceruledge|def|1
|-boost|p2a: Ceruledge|spe|2
|
|t:|1758341062
|switch|p1a: Ting-Lu|Ting-Lu|85/100|[from] U-turn
|-ability|p1a: Ting-Lu|Vessel of Ruin
|cant|p2a: Ceruledge|par
|
|upkeep
|turn|13
|
|t:|1758341071
|move|p2a: Ceruledge|Bitter Blade|p1a: Ting-Lu
|-damage|p1a: Ting-Lu|36/100
|-heal|p2a: Ceruledge|100/100 par|[from] drain|[of] p1a: Ting-Lu
|move|p1a: Ting-Lu|Earthquake|p2a: Ceruledge
|-supereffective|p2a: Ceruledge
|-crit|p2a: Ceruledge
|-enditem|p2a: Ceruledge|Focus Sash
|-damage|p2a: Ceruledge|1/100 par
|-ability|p2a: Ceruledge|Weak Armor|boost
|-unboost|p2a: Ceruledge|def|1
|-boost|p2a: Ceruledge|spe|2
|
|upkeep
|turn|14
|
|t:|1758341079
|move|p2a: Ceruledge|Bitter Blade|p1a: Ting-Lu
|-damage|p1a: Ting-Lu|0 fnt
|-heal|p2a: Ceruledge|32/100 par|[from] drain|[of] p1a: Ting-Lu
|faint|p1a: Ting-Lu
|
|upkeep
|
|t:|1758341082
|switch|p1a: Ogerpon|Ogerpon-Wellspring, F|100/100
|turn|15
|
|t:|1758341088
|-terastallize|p1a: Ogerpon|Water
|detailschange|p1a: Ogerpon|Ogerpon-Wellspring-Tera, F, tera:Water
|-ability|p1a: Ogerpon|Embody Aspect (Wellspring)|boost
|-boost|p1a: Ogerpon|spd|1
|move|p2a: Ceruledge|Bitter Blade|p1a: Ogerpon
|-resisted|p1a: Ogerpon
|-crit|p1a: Ogerpon
|-damage|p1a: Ogerpon|6/100
|-heal|p2a: Ceruledge|83/100 par|[from] drain|[of] p1a: Ogerpon
|move|p1a: Ogerpon|Ivy Cudgel|p2a: Ceruledge|[anim] Ivy Cudgel Water
|-supereffective|p2a: Ceruledge
|-damage|p2a: Ceruledge|0 fnt
|faint|p2a: Ceruledge
|
|upkeep
|inactive|rjtugpu33636j33 has 90 seconds left.
|
|t:|1758341107
|switch|p2a: Rillaboom|Rillaboom, M|88/100
|-fieldstart|move: Grassy Terrain|[from] ability: Grassy Surge|[of] p2a: Rillaboom
|turn|16
|inactive|napkin_56 has 90 seconds left.
|inactive|rjtugpu33636j33 has 90 seconds left.
|
|t:|1758341123
|move|p2a: Rillaboom|Grassy Glide|p1a: Ogerpon
|-supereffective|p1a: Ogerpon
|-damage|p1a: Ogerpon|0 fnt
|faint|p1a: Ogerpon
|detailschange|p1: Ogerpon|Ogerpon-Wellspring, F|[silent]
|
|-heal|p2a: Rillaboom|94/100|[from] Grassy Terrain
|upkeep
|
|t:|1758341131
|switch|p1a: Scizor|Scizor, F|95/100
|turn|17
|
|t:|1758341140
|switch|p2a: Weezing|Weezing-Galar, F|94/100
|-ability|p2a: Weezing|Neutralizing Gas
|move|p1a: Scizor|Swords Dance|p1a: Scizor
|-boost|p1a: Scizor|atk|2
|
|-heal|p1a: Scizor|100/100|[from] Grassy Terrain
|-heal|p2a: Weezing|99/100|[from] Grassy Terrain
|upkeep
|turn|18
|
|t:|1758341148
|move|p1a: Scizor|Bullet Punch|p2a: Weezing
|-supereffective|p2a: Weezing
|-damage|p2a: Weezing|39/100
|move|p2a: Weezing|Will-O-Wisp|p1a: Scizor
|-status|p1a: Scizor|brn
|
|-heal|p2a: Weezing|45/100|[from] Grassy Terrain
|-damage|p1a: Scizor|95/100 brn|[from] brn
|upkeep
|turn|19
|
|t:|1758341153
|move|p1a: Scizor|Swords Dance|p1a: Scizor
|-boost|p1a: Scizor|atk|2
|move|p2a: Weezing|Pain Split|p1a: Scizor
|-sethp|p1a: Scizor|71/100 brn|[from] move: Pain Split|[silent]
|-sethp|p2a: Weezing|67/100|[from] move: Pain Split
|
|-heal|p1a: Scizor|77/100 brn|[from] Grassy Terrain
|-heal|p2a: Weezing|73/100|[from] Grassy Terrain
|-damage|p1a: Scizor|71/100 brn|[from] brn
|upkeep
|turn|20
|
|t:|1758341161
|move|p1a: Scizor|Bullet Punch|p2a: Weezing
|-supereffective|p2a: Weezing
|-damage|p2a: Weezing|32/100
|move|p2a: Weezing|Pain Split|p1a: Scizor
|-sethp|p1a: Scizor|52/100 brn|[from] move: Pain Split|[silent]
|-sethp|p2a: Weezing|50/100|[from] move: Pain Split
|
|-heal|p1a: Scizor|58/100 brn|[from] Grassy Terrain
|-heal|p2a: Weezing|56/100|[from] Grassy Terrain
|-damage|p1a: Scizor|52/100 brn|[from] brn
|upkeep
|turn|21
|
|t:|1758341167
|move|p1a: Scizor|Swords Dance|p1a: Scizor
|-boost|p1a: Scizor|atk|2
|move|p2a: Weezing|Pain Split|p1a: Scizor
|-sethp|p1a: Scizor|55/100 brn|[from] move: Pain Split|[silent]
|-sethp|p2a: Weezing|53/100|[from] move: Pain Split
|
|-heal|p1a: Scizor|61/100 brn|[from] Grassy Terrain
|-heal|p2a: Weezing|59/100|[from] Grassy Terrain
|-damage|p1a: Scizor|55/100 brn|[from] brn
|upkeep
|turn|22
|inactive|rjtugpu33636j33 has 120 seconds left.
|
|t:|1758341178
|move|p1a: Scizor|Bullet Punch|p2a: Weezing
|-supereffective|p2a: Weezing
|-damage|p2a: Weezing|2/100
|move|p2a: Weezing|Pain Split|p1a: Scizor
|-sethp|p1a: Scizor|28/100 brn|[from] move: Pain Split|[silent]
|-sethp|p2a: Weezing|27/100|[from] move: Pain Split
|
|-heal|p1a: Scizor|34/100 brn|[from] Grassy Terrain
|-heal|p2a: Weezing|33/100|[from] Grassy Terrain
|-damage|p1a: Scizor|28/100 brn|[from] brn
|upkeep
|turn|23
|inactive|rjtugpu33636j33 has 120 seconds left.
|
|t:|1758341194
|move|p1a: Scizor|Bullet Punch|p2a: Weezing
|-supereffective|p2a: Weezing
|-damage|p2a: Weezing|0 fnt
|faint|p2a: Weezing
|-end|p2a: Weezing|ability: Neutralizing Gas
|
|-heal|p1a: Scizor|34/100 brn|[from] Grassy Terrain
|-damage|p1a: Scizor|28/100 brn|[from] brn
|-fieldend|move: Grassy Terrain
|upkeep
|
|t:|1758341204
|switch|p2a: Kingambit|Kingambit, F|100/100
|-activate|p2a: Kingambit|ability: Supreme Overlord
|-start|p2a: Kingambit|fallen3|[silent]
|turn|24
|
|t:|1758341222
|-terastallize|p2a: Kingambit|Ghost
|move|p2a: Kingambit|Kowtow Cleave|p1a: Scizor
|-damage|p1a: Scizor|0 fnt
|faint|p1a: Scizor
|
|upkeep
|
|t:|1758341229
|switch|p1a: Dragapult|Dragapult, M|100/100
|turn|25
|
|t:|1758341236
|switch|p1a: Tinkaton|Tinkaton, F|100/100
|-item|p1a: Tinkaton|Air Balloon
|-end|p2a: Kingambit|fallen3|[silent]
|switch|p2a: Rillaboom|Rillaboom, M|94/100
|-fieldstart|move: Grassy Terrain|[from] ability: Grassy Surge|[of] p2a: Rillaboom
|
|-heal|p2a: Rillaboom|100/100|[from] Grassy Terrain
|upkeep
|turn|26
|inactive|rjtugpu33636j33 has 120 seconds left.
|
|t:|1758341244
|move|p1a: Tinkaton|Thunder Wave|p2a: Rillaboom|[miss]
|-miss|p1a: Tinkaton|p2a: Rillaboom
|move|p2a: Rillaboom|Low Kick|p1a: Tinkaton
|-damage|p1a: Tinkaton|69/100
|-enditem|p1a: Tinkaton|Air Balloon
|-enditem|p2a: Rillaboom|Terrain Extender|[silent]|[from] ability: Pickpocket|[of] p2a: Rillaboom
|-item|p1a: Tinkaton|Terrain Extender|[from] ability: Pickpocket|[of] p2a: Rillaboom
|
|-heal|p1a: Tinkaton|75/100|[from] Grassy Terrain
|upkeep
|turn|27
|inactive|rjtugpu33636j33 has 120 seconds left.
|
|t:|1758341260
|move|p1a: Tinkaton|Thunder Wave|p2a: Rillaboom
|-status|p2a: Rillaboom|par
|cant|p2a: Rillaboom|par
|
|-heal|p1a: Tinkaton|81/100|[from] Grassy Terrain
|upkeep
|turn|28
|
|t:|1758341267
|move|p1a: Tinkaton|Gigaton Hammer|p2a: Rillaboom
|-damage|p2a: Rillaboom|60/100 par
|move|p2a: Rillaboom|Low Kick|p1a: Tinkaton
|-damage|p1a: Tinkaton|50/100
|
|-heal|p1a: Tinkaton|56/100|[from] Grassy Terrain
|-heal|p2a: Rillaboom|66/100 par|[from] Grassy Terrain
|upkeep
|turn|29
|
|t:|1758341279
|switch|p1a: Dragapult|Dragapult, M|100/100
|cant|p2a: Rillaboom|par
|
|-heal|p2a: Rillaboom|72/100 par|[from] Grassy Terrain
|upkeep
|turn|30
|
|t:|1758341289
|switch|p2a: Walking Wake|Walking Wake|74/100
|move|p1a: Dragapult|Draco Meteor|p2a: Walking Wake
|-supereffective|p2a: Walking Wake
|-damage|p2a: Walking Wake|0 fnt
|-unboost|p1a: Dragapult|spa|2
|faint|p2a: Walking Wake
|-end|p2a: Walking Wake|Protosynthesis|[silent]
|
|upkeep
|
|t:|1758341296
|switch|p2a: Kingambit|Kingambit, F, tera:Ghost|100/100
|-activate|p2a: Kingambit|ability: Supreme Overlord
|-start|p2a: Kingambit|fallen4|[silent]
|turn|31
|
|t:|1758341301
|move|p1a: Dragapult|Draco Meteor|p2a: Kingambit
|-damage|p2a: Kingambit|54/100
|-unboost|p1a: Dragapult|spa|2
|move|p2a: Kingambit|Iron Head|p1a: Dragapult
|-damage|p1a: Dragapult|17/100
|
|-heal|p1a: Dragapult|23/100|[from] Grassy Terrain
|-heal|p2a: Kingambit|60/100|[from] Grassy Terrain
|-heal|p2a: Kingambit|66/100|[from] item: Leftovers
|upkeep
|turn|32
|
|t:|1758341305
|move|p2a: Kingambit|Sucker Punch|p1a: Dragapult
|-supereffective|p1a: Dragapult
|-damage|p1a: Dragapult|0 fnt
|faint|p1a: Dragapult
|
|-heal|p2a: Kingambit|72/100|[from] Grassy Terrain
|-heal|p2a: Kingambit|79/100|[from] item: Leftovers
|-fieldend|move: Grassy Terrain
|upkeep
|
|t:|1758341307
|switch|p1a: Tinkaton|Tinkaton, F|56/100
|turn|33
|
|t:|1758341310
|move|p1a: Tinkaton|Knock Off|p2a: Kingambit
|-supereffective|p2a: Kingambit
|-damage|p2a: Kingambit|50/100
|-enditem|p2a: Kingambit|Leftovers|[from] move: Knock Off|[of] p1a: Tinkaton
|move|p2a: Kingambit|Iron Head|p1a: Tinkaton
|-damage|p1a: Tinkaton|0 fnt
|faint|p1a: Tinkaton
|
|win|rjtugpu33636j33
|raw|napkin_56's rating: 1299 &rarr; <strong>1269</strong><br />(-30 for losing)
|raw|rjtugpu33636j33's rating: 1231 &rarr; <strong>1261</strong><br />(+30 for winning)
|c|☆rjtugpu33636j33|gg
