|j|☆Bordercauley
|j|☆Shea6045
|t:|1758332918
|gametype|singles
|player|p1|Bordercauley|bugsy|1496
|player|p2|Shea6045|170|1451
|gen|9
|tier|[Gen 9] OU
|rated|
|rule|HP Percentage Mod: HP is shown in percentages
|rule|Endless Battle Clause: Forcing endless battles is banned
|rule|Species Clause: Limit one of each Pokémon
|rule|OHKO Clause: OHKO moves are banned
|rule|Evasion Items Clause: Evasion items are banned
|rule|Evasion Moves Clause: Evasion moves are banned
|rule|Evasion Abilities Clause: Evasion abilities are banned
|rule|Sleep Moves Clause: Sleep-inducing moves are banned
|clearpoke
|poke|p1|Meowscarada, F|
|poke|p1|Pelipper, M|
|poke|p1|Floatzel, M|
|poke|p1|Quaquaval, M|
|poke|p1|Sinistcha|
|poke|p1|Kilowattrel, F|
|poke|p2|Samurott-Hisui, M|
|poke|p2|Great Tusk|
|poke|p2|Volcanion|
|poke|p2|Hydrapple, M|
|poke|p2|Gholdengo|
|poke|p2|Landorus-Therian, M|
|teampreview
|inactive|Battle timer is ON: inactive players will automatically lose when time's up. (requested by Shea6045)
|
|t:|1758332934
|teamsize|p1|6
|teamsize|p2|6
|start
|switch|p1a: Cat|Meowscarada, F|100/100
|switch|p2a: Landorus|Landorus-Therian, M|100/100
|-ability|p2a: Landorus|Intimidate|boost
|-unboost|p1a: Cat|atk|1
|turn|1
|
|t:|1758332938
|move|p2a: Landorus|U-turn|p1a: Cat
|-supereffective|p1a: Cat
|-enditem|p1a: Cat|Focus Sash
|-damage|p1a: Cat|1/100
|
|t:|1758332941
|switch|p2a: Hydrapple|Hydrapple, M|100/100|[from] U-turn
|move|p1a: Cat|Spikes|p2a: Hydrapple
|-sidestart|p2: Shea6045|Spikes
|
|upkeep
|turn|2
|
|t:|1758332947
|move|p1a: Cat|Taunt|p2a: Hydrapple
|-start|p2a: Hydrapple|move: Taunt
|move|p2a: Hydrapple|Giga Drain|p1a: Cat
|-resisted|p1a: Cat
|-damage|p1a: Cat|0 fnt
|faint|p1a: Cat
|
|upkeep
|
|t:|1758332950
|switch|p1a: Bird|Pelipper, M|100/100
|-weather|RainDance|[from] ability: Drizzle|[of] p1a: Bird
|turn|3
|
|t:|1758332954
|switch|p2a: Samurott|Samurott-Hisui, M|100/100
|-damage|p2a: Samurott|88/100|[from] Spikes
|move|p1a: Bird|U-turn|p2a: Samurott
|-supereffective|p2a: Samurott
|-damage|p2a: Samurott|68/100
|
|t:|1758332960
|switch|p1a: Duck|Quaquaval, M|100/100|[from] U-turn
|
|-weather|RainDance|[upkeep]
|upkeep
|turn|4
|
|t:|1758332965
|switch|p2a: Volcanion|Volcanion|100/100
|move|p1a: Duck|Bulk Up|p1a: Duck
|-boost|p1a: Duck|atk|1
|-boost|p1a: Duck|def|1
|
|-weather|RainDance|[upkeep]
|upkeep
|turn|5
|
|t:|1758332972
|-terastallize|p2a: Volcanion|Bug
|move|p1a: Duck|Close Combat|p2a: Volcanion
|-resisted|p2a: Volcanion
|-damage|p2a: Volcanion|63/100
|-unboost|p1a: Duck|def|1
|-unboost|p1a: Duck|spd|1
|move|p2a: Volcanion|Will-O-Wisp|p1a: Duck
|-status|p1a: Duck|brn
|
|-weather|RainDance|[upkeep]
|-damage|p1a: Duck|94/100 brn|[from] brn
|upkeep
|turn|6
|
|t:|1758332980
|move|p1a: Duck|Bulk Up|p1a: Duck
|-boost|p1a: Duck|atk|1
|-boost|p1a: Duck|def|1
|move|p2a: Volcanion|Steam Eruption|p1a: Duck
|-resisted|p1a: Duck
|-damage|p1a: Duck|0 fnt
|faint|p1a: Duck
|
|-weather|RainDance|[upkeep]
|upkeep
|
|t:|1758332988
|switch|p1a: Bird2|Kilowattrel, F|100/100
|turn|7
|
|t:|1758332994
|switch|p2a: Samurott|Samurott-Hisui, M|68/100
|-damage|p2a: Samurott|56/100|[from] Spikes
|move|p1a: Bird2|Hurricane|p2a: Samurott
|-crit|p2a: Samurott
|-damage|p2a: Samurott|0 fnt
|faint|p2a: Samurott
|
|-weather|RainDance|[upkeep]
|upkeep
|
|t:|1758332997
|switch|p2a: Landorus|Landorus-Therian, M|100/100
|-ability|p2a: Landorus|Intimidate|boost
|-unboost|p1a: Bird2|atk|1
|turn|8
|
|t:|1758333005
|move|p2a: Landorus|Stone Edge|p1a: Bird2
|-supereffective|p1a: Bird2
|-damage|p1a: Bird2|0 fnt
|faint|p1a: Bird2
|
|-weather|RainDance|[upkeep]
|upkeep
|
|t:|1758333009
|switch|p1a: Tea|Sinistcha|100/100
|turn|9
|
|t:|1758333012
|switch|p2a: Volcanion|Volcanion, tera:Bug|63/100
|move|p1a: Tea|Calm Mind|p1a: Tea
|-boost|p1a: Tea|spa|1
|-boost|p1a: Tea|spd|1
|
|-weather|RainDance|[upkeep]
|upkeep
|turn|10
|
|t:|1758333016
|switch|p2a: Gholdengo|Gholdengo|100/100
|-item|p2a: Gholdengo|Air Balloon
|-terastallize|p1a: Tea|Poison
|move|p1a: Tea|Calm Mind|p1a: Tea
|-boost|p1a: Tea|spa|1
|-boost|p1a: Tea|spd|1
|
|-weather|none
|upkeep
|turn|11
|
|t:|1758333020
|move|p2a: Gholdengo|Make It Rain|p1a: Tea
|-damage|p1a: Tea|61/100
|-unboost|p2a: Gholdengo|spa|1
|move|p1a: Tea|Shadow Ball|p2a: Gholdengo
|-supereffective|p2a: Gholdengo
|-damage|p2a: Gholdengo|0 fnt
|-enditem|p2a: Gholdengo|Air Balloon
|faint|p2a: Gholdengo
|
|-heal|p1a: Tea|68/100|[from] item: Leftovers
|upkeep
|
|t:|1758333025
|switch|p2a: Great Tusk|Great Tusk|100/100
|turn|12
|
|t:|1758333028
|switch|p1a: Bird|Pelipper, M|100/100
|-weather|RainDance|[from] ability: Drizzle|[of] p1a: Bird
|move|p2a: Great Tusk|Headlong Rush|p1a: Bird
|-immune|p1a: Bird
|
|-weather|RainDance|[upkeep]
|upkeep
|turn|13
|
|t:|1758333035
|move|p2a: Great Tusk|Stealth Rock|p1a: Bird
|-sidestart|p1: Bordercauley|move: Stealth Rock
|move|p1a: Bird|Hurricane|p2a: Great Tusk
|-supereffective|p2a: Great Tusk
|-damage|p2a: Great Tusk|0 fnt
|faint|p2a: Great Tusk
|-end|p2a: Great Tusk|Protosynthesis|[silent]
|
|-weather|RainDance|[upkeep]
|upkeep
|
|t:|1758333039
|switch|p2a: Landorus|Landorus-Therian, M|100/100
|-ability|p2a: Landorus|Intimidate|boost
|-unboost|p1a: Bird|atk|1
|turn|14
|
|t:|1758333045
|move|p2a: Landorus|Stone Edge|p1a: Bird
|-supereffective|p1a: Bird
|-damage|p1a: Bird|47/100
|move|p1a: Bird|Hurricane|p2a: Landorus
|-damage|p2a: Landorus|56/100
|
|-weather|RainDance|[upkeep]
|upkeep
|turn|15
|
|t:|1758333048
|move|p2a: Landorus|Stone Edge|p1a: Bird
|-supereffective|p1a: Bird
|-damage|p1a: Bird|0 fnt
|faint|p1a: Bird
|
|-weather|RainDance|[upkeep]
|upkeep
|
|t:|1758333050
|switch|p1a: Tea|Sinistcha, tera:Poison|68/100
|-damage|p1a: Tea|55/100|[from] Stealth Rock
|turn|16
|
|t:|1758333057
|switch|p2a: Hydrapple|Hydrapple, M|100/100
|-damage|p2a: Hydrapple|88/100|[from] Spikes
|move|p1a: Tea|Calm Mind|p1a: Tea
|-boost|p1a: Tea|spa|1
|-boost|p1a: Tea|spd|1
|
|-weather|RainDance|[upkeep]
|-heal|p1a: Tea|61/100|[from] item: Leftovers
|upkeep
|turn|17
|
|t:|1758333061
|move|p1a: Tea|Shadow Ball|p2a: Hydrapple
|-damage|p2a: Hydrapple|40/100
|move|p2a: Hydrapple|Nasty Plot|p2a: Hydrapple
|-boost|p2a: Hydrapple|spa|2
|
|-weather|RainDance|[upkeep]
|-heal|p1a: Tea|67/100|[from] item: Leftovers
|upkeep
|turn|18
|
|t:|1758333065
|move|p1a: Tea|Shadow Ball|p2a: Hydrapple
|-damage|p2a: Hydrapple|0 fnt
|faint|p2a: Hydrapple
|
|-weather|RainDance|[upkeep]
|-heal|p1a: Tea|73/100|[from] item: Leftovers
|upkeep
|
|t:|1758333068
|switch|p2a: Landorus|Landorus-Therian, M|56/100
|-ability|p2a: Landorus|Intimidate|boost
|-unboost|p1a: Tea|atk|1
|turn|19
|
|t:|1758333071
|move|p2a: Landorus|Earthquake|p1a: Tea
|-supereffective|p1a: Tea
|-crit|p1a: Tea
|-damage|p1a: Tea|0 fnt
|faint|p1a: Tea
|
|-weather|none
|upkeep
|
|t:|1758333073
|switch|p1a: Weasel|Floatzel, M|100/100
|-damage|p1a: Weasel|88/100|[from] Stealth Rock
|turn|20
|
|t:|1758333079
|move|p2a: Landorus|Earthquake|p1a: Weasel
|-damage|p1a: Weasel|0 fnt
|faint|p1a: Weasel
|
|win|Shea6045
|raw|Bordercauley's rating: 1496 &rarr; <strong>1473</strong><br />(-23 for losing)
|raw|Shea6045's rating: 1451 &rarr; <strong>1474</strong><br />(+23 for winning)
|c|☆Bordercauley|gg
|l|☆Bordercauley
|player|p1|
|c|☆Shea6045|gg
|l|☆Shea6045
|player|p2|
