|j|☆3ndgam3
|j|☆CaptainFreeze1
|t:|1758378736
|gametype|singles
|player|p1|3ndgam3|red-gen1main|1386
|player|p2|CaptainFreeze1|scientist|1372
|gen|9
|tier|[Gen 9] OU
|rated|
|rule|HP Percentage Mod: HP is shown in percentages
|rule|Endless Battle Clause: Forcing endless battles is banned
|rule|Species Clause: Limit one of each Pokémon
|rule|OHKO Clause: OHKO moves are banned
|rule|Evasion Items Clause: Evasion items are banned
|rule|Evasion Moves Clause: Evasion moves are banned
|rule|Evasion Abilities Clause: Evasion abilities are banned
|rule|Sleep Moves Clause: Sleep-inducing moves are banned
|clearpoke
|poke|p1|Iron Valiant|
|poke|p1|Dragapult, M|
|poke|p1|Glimmora, M|
|poke|p1|Ogerpon-Wellspring, F|
|poke|p1|Landorus-Therian, M|
|poke|p1|Kingambit, M|
|poke|p2|Iron Crown|
|poke|p2|Meowscarada, M|
|poke|p2|Great Tusk|
|poke|p2|Pecharunt|
|poke|p2|Ting-Lu|
|poke|p2|Iron Valiant|
|teampreview
|inactive|Battle timer is ON: inactive players will automatically lose when time's up. (requested by CaptainFreeze1)
|
|t:|1758378750
|teamsize|p1|6
|teamsize|p2|6
|start
|switch|p1a: Landorus|Landorus-Therian, M, shiny|100/100
|switch|p2a: Iron Crown|Iron Crown|100/100
|-ability|p1a: Landorus|Intimidate|boost
|-unboost|p2a: Iron Crown|atk|1
|turn|1
|
|t:|1758378758
|-end|p2a: Iron Crown|Quark Drive|[silent]
|switch|p2a: Meowscarada|Meowscarada, M|100/100
|move|p1a: Landorus|Stealth Rock|p2a: Meowscarada
|-sidestart|p2: CaptainFreeze1|move: Stealth Rock
|
|upkeep
|turn|2
|
|t:|1758378765
|switch|p1a: Glimmora|Glimmora, M, shiny|100/100
|move|p2a: Meowscarada|U-turn|p1a: Glimmora
|-start|p2a: Meowscarada|typechange|Bug|[from] ability: Protean
|-resisted|p1a: Glimmora
|-damage|p1a: Glimmora|69/100
|-activate|p1a: Glimmora|ability: Toxic Debris
|-sidestart|p2: CaptainFreeze1|move: Toxic Spikes
|
|t:|1758378767
|switch|p2a: Iron Crown|Iron Crown|100/100|[from] U-turn
|-damage|p2a: Iron Crown|94/100|[from] Stealth Rock
|
|upkeep
|turn|3
|
|t:|1758378778
|switch|p1a: Kingambit|Kingambit, M, shiny|100/100
|move|p2a: Iron Crown|Tachyon Cutter|p1a: Kingambit
|-resisted|p1a: Kingambit
|-crit|p1a: Kingambit
|-damage|p1a: Kingambit|74/100
|-resisted|p1a: Kingambit
|-damage|p1a: Kingambit|58/100
|-hitcount|p1a: Kingambit|2
|
|-heal|p1a: Kingambit|64/100|[from] item: Leftovers
|upkeep
|turn|4
|
|t:|1758378785
|-end|p2a: Iron Crown|Quark Drive|[silent]
|switch|p2a: Ting-Lu|Ting-Lu|100/100
|-damage|p2a: Ting-Lu|94/100|[from] Stealth Rock
|-status|p2a: Ting-Lu|psn
|-ability|p2a: Ting-Lu|Vessel of Ruin
|-end|p1a: Kingambit|fallenundefined|[silent]
|switch|p1a: Ogerpon|Ogerpon-Wellspring, F|100/100
|
|-heal|p2a: Ting-Lu|100/100 psn|[from] item: Leftovers
|-damage|p2a: Ting-Lu|88/100 psn|[from] psn
|upkeep
|turn|5
|
|t:|1758378809
|-terastallize|p2a: Ting-Lu|Water
|move|p1a: Ogerpon|Ivy Cudgel|p2a: Ting-Lu|[anim] Ivy Cudgel Water
|-resisted|p2a: Ting-Lu
|-damage|p2a: Ting-Lu|71/100 psn
|move|p2a: Ting-Lu|Stealth Rock|p1a: Ogerpon
|-sidestart|p1: 3ndgam3|move: Stealth Rock
|
|-heal|p2a: Ting-Lu|77/100 psn|[from] item: Leftovers
|-damage|p2a: Ting-Lu|65/100 psn|[from] psn
|upkeep
|turn|6
|
|t:|1758378815
|move|p1a: Ogerpon|Horn Leech|p2a: Ting-Lu
|-supereffective|p2a: Ting-Lu
|-damage|p2a: Ting-Lu|15/100 psn
|move|p2a: Ting-Lu|Whirlwind|p1a: Ogerpon
|drag|p1a: Landorus|Landorus-Therian, M, shiny|100/100
|-damage|p1a: Landorus|88/100|[from] Stealth Rock
|-ability|p1a: Landorus|Intimidate|boost
|-unboost|p2a: Ting-Lu|atk|1
|
|-heal|p2a: Ting-Lu|22/100 psn|[from] item: Leftovers
|-damage|p2a: Ting-Lu|9/100 psn|[from] psn
|upkeep
|turn|7
|
|t:|1758378824
|move|p1a: Landorus|U-turn|p2a: Ting-Lu
|-damage|p2a: Ting-Lu|0 fnt
|faint|p2a: Ting-Lu
|
|t:|1758378830
|switch|p1a: Ogerpon|Ogerpon-Wellspring, F|100/100|[from] U-turn
|-damage|p1a: Ogerpon|88/100|[from] Stealth Rock
|
|upkeep
|
|t:|1758378837
|switch|p2a: Pecharunt|Pecharunt|100/100
|-sideend|p2: CaptainFreeze1|move: Toxic Spikes|[of] p2a: Pecharunt
|turn|8
|
|t:|1758378846
|switch|p1a: Glimmora|Glimmora, M, shiny|69/100
|-damage|p1a: Glimmora|57/100|[from] Stealth Rock
|move|p2a: Pecharunt|Parting Shot|p1a: Glimmora
|-unboost|p1a: Glimmora|atk|1
|-unboost|p1a: Glimmora|spa|1
|
|t:|1758378854
|switch|p2a: Iron Crown|Iron Crown|94/100|[from] Parting Shot
|-damage|p2a: Iron Crown|88/100|[from] Stealth Rock
|
|upkeep
|turn|9
|
|t:|1758378861
|move|p2a: Iron Crown|Focus Blast|p1a: Glimmora|[miss]
|-miss|p2a: Iron Crown|p1a: Glimmora
|move|p1a: Glimmora|Spikes|p2a: Iron Crown
|-sidestart|p2: CaptainFreeze1|Spikes
|
|upkeep
|turn|10
|
|t:|1758378868
|move|p2a: Iron Crown|Focus Blast|p1a: Glimmora
|-damage|p1a: Glimmora|0 fnt
|faint|p1a: Glimmora
|
|upkeep
|
|t:|1758378872
|switch|p1a: Dragapult|Dragapult, M, shiny|100/100
|-damage|p1a: Dragapult|88/100|[from] Stealth Rock
|turn|11
|
|t:|1758378881
|-end|p2a: Iron Crown|Quark Drive|[silent]
|switch|p2a: Great Tusk|Great Tusk|100/100
|-damage|p2a: Great Tusk|98/100|[from] Stealth Rock
|-damage|p2a: Great Tusk|85/100|[from] Spikes
|move|p1a: Dragapult|Shadow Ball|p2a: Great Tusk
|-damage|p2a: Great Tusk|13/100
|
|-heal|p2a: Great Tusk|19/100|[from] item: Leftovers
|upkeep
|turn|12
|
|t:|1758378888
|move|p1a: Dragapult|Shadow Ball|p2a: Great Tusk
|-damage|p2a: Great Tusk|0 fnt
|faint|p2a: Great Tusk
|-end|p2a: Great Tusk|Protosynthesis|[silent]
|
|upkeep
|
|t:|1758378894
|switch|p2a: Meowscarada|Meowscarada, M|100/100
|-damage|p2a: Meowscarada|88/100|[from] Stealth Rock
|-damage|p2a: Meowscarada|76/100|[from] Spikes
|turn|13
|
|t:|1758378900
|switch|p1a: Landorus|Landorus-Therian, M, shiny|88/100
|-damage|p1a: Landorus|76/100|[from] Stealth Rock
|-ability|p1a: Landorus|Intimidate|boost
|-unboost|p2a: Meowscarada|atk|1
|move|p2a: Meowscarada|Triple Axel|p1a: Landorus
|-start|p2a: Meowscarada|typechange|Ice|[from] ability: Protean
|-supereffective|p1a: Landorus
|-damage|p1a: Landorus|38/100
|-damage|p2a: Meowscarada|60/100|[from] item: Rocky Helmet|[of] p1a: Landorus
|-supereffective|p1a: Landorus
|-damage|p1a: Landorus|0 fnt
|-damage|p2a: Meowscarada|43/100|[from] item: Rocky Helmet|[of] p1a: Landorus
|faint|p1a: Landorus
|-hitcount|p1: Landorus|2
|
|upkeep
|
|t:|1758378907
|switch|p1a: Kingambit|Kingambit, M, shiny|64/100
|-damage|p1a: Kingambit|58/100|[from] Stealth Rock
|-activate|p1a: Kingambit|ability: Supreme Overlord
|-start|p1a: Kingambit|fallen2|[silent]
|turn|14
|
|t:|1758378918
|switch|p2a: Iron Valiant|Iron Valiant|100/100
|-damage|p2a: Iron Valiant|94/100|[from] Stealth Rock
|-damage|p2a: Iron Valiant|82/100|[from] Spikes
|-enditem|p2a: Iron Valiant|Booster Energy
|-activate|p2a: Iron Valiant|ability: Quark Drive|[fromitem]
|-start|p2a: Iron Valiant|quarkdrivespe
|move|p1a: Kingambit|Iron Head|p2a: Iron Valiant
|-supereffective|p2a: Iron Valiant
|-damage|p2a: Iron Valiant|0 fnt
|faint|p2a: Iron Valiant
|-end|p2a: Iron Valiant|Quark Drive|[silent]
|
|-heal|p1a: Kingambit|64/100|[from] item: Leftovers
|upkeep
|
|t:|1758378925
|switch|p2a: Iron Crown|Iron Crown|88/100
|-damage|p2a: Iron Crown|82/100|[from] Stealth Rock
|-damage|p2a: Iron Crown|69/100|[from] Spikes
|turn|15
|inactive|3ndgam3 has 120 seconds left.
|
|t:|1758378957
|move|p1a: Kingambit|Sucker Punch|p2a: Iron Crown
|-supereffective|p2a: Iron Crown
|-damage|p2a: Iron Crown|0 fnt
|faint|p2a: Iron Crown
|-end|p2a: Iron Crown|Quark Drive|[silent]
|
|-heal|p1a: Kingambit|70/100|[from] item: Leftovers
|upkeep
|-message|CaptainFreeze1 forfeited.
|
|win|3ndgam3
|raw|3ndgam3's rating: 1386 &rarr; <strong>1405</strong><br />(+19 for winning)
|raw|CaptainFreeze1's rating: 1372 &rarr; <strong>1353</strong><br />(-19 for losing)
