|j|☆Mr. Mekky▲
|j|☆Yajityyy
|t:|1758341797
|gametype|singles
|player|p1|Mr. Mekky▲|dancer|1357
|player|p2|Yajityyy|burglar|1379
|gen|9
|tier|[Gen 9] OU
|rated|
|rule|HP Percentage Mod: HP is shown in percentages
|rule|Endless Battle Clause: Forcing endless battles is banned
|rule|Species Clause: Limit one of each Pokémon
|rule|OHKO Clause: OHKO moves are banned
|rule|Evasion Items Clause: Evasion items are banned
|rule|Evasion Moves Clause: Evasion moves are banned
|rule|Evasion Abilities Clause: Evasion abilities are banned
|rule|Sleep Moves Clause: Sleep-inducing moves are banned
|clearpoke
|poke|p1|Glimmora, F|
|poke|p1|Ogerpon-Wellspring, F|
|poke|p1|Kingambit, F|
|poke|p1|Dragapult, M|
|poke|p1|Deoxys-Speed|
|poke|p1|Moltres|
|poke|p2|Araquanid, M|
|poke|p2|Manaphy|
|poke|p2|Gholdengo|
|poke|p2|Great Tusk|
|poke|p2|Weavile, M|
|poke|p2|Ogerpon-Wellspring, F|
|teampreview
|inactive|Battle timer is ON: inactive players will automatically lose when time's up. (requested by Yajityyy)
|
|t:|1758341827
|teamsize|p1|6
|teamsize|p2|6
|start
|switch|p1a: Glimmora|Glimmora, F|100/100
|switch|p2a: Araquanid|Araquanid, M|100/100
|turn|1
|
|t:|1758341844
|move|p1a: Glimmora|Power Gem|p2a: Araquanid
|-supereffective|p2a: Araquanid
|-damage|p2a: Araquanid|33/100
|move|p2a: Araquanid|Sticky Web|p1a: Glimmora
|-sidestart|p1: Mr. Mekky▲|move: Sticky Web
|
|upkeep
|turn|2
|
|t:|1758341852
|move|p1a: Glimmora|Mortal Spin|p2a: Araquanid
|-damage|p2a: Araquanid|27/100
|-status|p2a: Araquanid|psn
|-sideend|p1: Mr. Mekky▲|Sticky Web|[from] move: Mortal Spin|[of] p1a: Glimmora
|move|p2a: Araquanid|Surf|p1a: Glimmora
|-supereffective|p1a: Glimmora
|-enditem|p1a: Glimmora|Focus Sash
|-damage|p1a: Glimmora|1/100
|
|-damage|p2a: Araquanid|14/100 psn|[from] psn
|upkeep
|turn|3
|-enditem|p2a: Araquanid|Custap Berry|[eat]
|-activate|p2a: Araquanid|item: Custap Berry|[consumed]
|
|t:|1758341880
|move|p2a: Araquanid|Sticky Web|p1a: Glimmora
|-sidestart|p1: Mr. Mekky▲|move: Sticky Web
|move|p1a: Glimmora|Stealth Rock|p2a: Araquanid
|-sidestart|p2: Yajityyy|move: Stealth Rock
|
|-damage|p2a: Araquanid|2/100 psn|[from] psn
|upkeep
|turn|4
|
|t:|1758341888
|move|p1a: Glimmora|Mortal Spin|p2a: Araquanid
|-damage|p2a: Araquanid|0 fnt
|-sideend|p1: Mr. Mekky▲|Sticky Web|[from] move: Mortal Spin|[of] p1a: Glimmora
|faint|p2a: Araquanid
|
|upkeep
|
|t:|1758341898
|switch|p2a: Gholdengo|Gholdengo|100/100
|-damage|p2a: Gholdengo|94/100|[from] Stealth Rock
|-item|p2a: Gholdengo|Air Balloon
|turn|5
|
|t:|1758341903
|move|p1a: Glimmora|Power Gem|p2a: Gholdengo
|-resisted|p2a: Gholdengo
|-damage|p2a: Gholdengo|69/100
|-enditem|p2a: Gholdengo|Air Balloon
|move|p2a: Gholdengo|Nasty Plot|p2a: Gholdengo
|-boost|p2a: Gholdengo|spa|2
|
|upkeep
|turn|6
|
|t:|1758341912
|move|p1a: Glimmora|Earth Power|p2a: Gholdengo
|-supereffective|p2a: Gholdengo
|-damage|p2a: Gholdengo|0 fnt
|faint|p2a: Gholdengo
|
|upkeep
|
|t:|1758341925
|switch|p2a: Great Tusk|Great Tusk|100/100
|-damage|p2a: Great Tusk|98/100|[from] Stealth Rock
|-enditem|p2a: Great Tusk|Booster Energy
|-activate|p2a: Great Tusk|ability: Protosynthesis|[fromitem]
|-start|p2a: Great Tusk|protosynthesisspe
|turn|7
|
|t:|1758341953
|switch|p1a: Moltres|Moltres|100/100
|move|p2a: Great Tusk|Bulk Up|p2a: Great Tusk
|-boost|p2a: Great Tusk|atk|1
|-boost|p2a: Great Tusk|def|1
|
|upkeep
|turn|8
|
|t:|1758341963
|move|p2a: Great Tusk|Rapid Spin|p1a: Moltres
|-damage|p1a: Moltres|84/100
|-boost|p2a: Great Tusk|spe|1
|-status|p2a: Great Tusk|brn|[from] ability: Flame Body|[of] p1a: Moltres
|-sideend|p2: Yajityyy|Stealth Rock|[from] move: Rapid Spin|[of] p2a: Great Tusk
|move|p1a: Moltres|Flamethrower|p2a: Great Tusk
|-damage|p2a: Great Tusk|54/100 brn
|
|-damage|p2a: Great Tusk|48/100 brn|[from] brn
|upkeep
|turn|9
|
|t:|1758341986
|move|p2a: Great Tusk|Ice Spinner|p1a: Moltres
|-damage|p1a: Moltres|72/100
|move|p1a: Moltres|Flamethrower|p2a: Great Tusk
|-damage|p2a: Great Tusk|12/100 brn
|
|-damage|p2a: Great Tusk|6/100 brn|[from] brn
|upkeep
|turn|10
|
|t:|1758341994
|move|p2a: Great Tusk|Ice Spinner|p1a: Moltres
|-damage|p1a: Moltres|60/100
|move|p1a: Moltres|Roost|p1a: Moltres
|-heal|p1a: Moltres|100/100
|-singleturn|p1a: Moltres|move: Roost
|
|-damage|p2a: Great Tusk|0 fnt|[from] brn
|faint|p2a: Great Tusk
|-end|p2a: Great Tusk|Protosynthesis|[silent]
|upkeep
|
|t:|1758341995
|switch|p2a: Manaphy|Manaphy|100/100
|turn|11
|
|t:|1758342008
|move|p2a: Manaphy|Substitute|p2a: Manaphy
|-start|p2a: Manaphy|Substitute
|-damage|p2a: Manaphy|76/100
|move|p1a: Moltres|Roar|p2a: Manaphy
|drag|p2a: Ogerpon|Ogerpon-Wellspring, F|100/100
|
|upkeep
|turn|12
|
|t:|1758342021
|switch|p1a: Glimmora|Glimmora, F|1/100
|-terastallize|p2a: Ogerpon|Water
|detailschange|p2a: Ogerpon|Ogerpon-Wellspring-Tera, F, tera:Water
|-ability|p2a: Ogerpon|Embody Aspect (Wellspring)|boost
|-boost|p2a: Ogerpon|spd|1
|move|p2a: Ogerpon|Ivy Cudgel|p1a: Glimmora|[anim] Ivy Cudgel Water
|-supereffective|p1a: Glimmora
|-damage|p1a: Glimmora|0 fnt
|-activate|p1a: Glimmora|ability: Toxic Debris
|-sidestart|p2: Yajityyy|move: Toxic Spikes
|faint|p1a: Glimmora
|
|upkeep
|
|t:|1758342041
|switch|p1a: Ogerpon|Ogerpon-Wellspring, F|100/100
|turn|13
|
|t:|1758342047
|move|p1a: Ogerpon|Knock Off|p2a: Ogerpon
|-damage|p2a: Ogerpon|69/100
|move|p2a: Ogerpon|U-turn|p1a: Ogerpon
|-supereffective|p1a: Ogerpon
|-damage|p1a: Ogerpon|17/100
|
|t:|1758342064
|switch|p2a: Weavile|Weavile, M|100/100|[from] U-turn
|-status|p2a: Weavile|psn
|
|-damage|p2a: Weavile|88/100 psn|[from] psn
|upkeep
|turn|14
|
|t:|1758342080
|switch|p1a: Moltres|Moltres|100/100
|move|p2a: Weavile|Triple Axel|p1a: Moltres|[miss]
|-miss|p2a: Weavile|p1a: Moltres
|
|-damage|p2a: Weavile|76/100 psn|[from] psn
|upkeep
|turn|15
|
|t:|1758342089
|switch|p2a: Manaphy|Manaphy|76/100
|-status|p2a: Manaphy|psn
|move|p1a: Moltres|Flamethrower|p2a: Manaphy
|-resisted|p2a: Manaphy
|-damage|p2a: Manaphy|57/100 psn
|
|-heal|p2a: Manaphy|63/100 psn|[from] item: Leftovers
|-damage|p2a: Manaphy|51/100 psn|[from] psn
|upkeep
|turn|16
|
|t:|1758342110
|switch|p1a: Ogerpon|Ogerpon-Wellspring, F|17/100
|move|p2a: Manaphy|Surf|p1a: Ogerpon
|-heal|p1a: Ogerpon|42/100|[from] ability: Water Absorb|[of] p2a: Manaphy
|
|-heal|p2a: Manaphy|57/100 psn|[from] item: Leftovers
|-damage|p2a: Manaphy|45/100 psn|[from] psn
|upkeep
|turn|17
|
|t:|1758342140
|move|p1a: Ogerpon|Knock Off|p2a: Manaphy
|-damage|p2a: Manaphy|9/100 psn
|-enditem|p2a: Manaphy|Leftovers|[from] move: Knock Off|[of] p1a: Ogerpon
|move|p2a: Manaphy|Tail Glow|p2a: Manaphy
|-boost|p2a: Manaphy|spa|3
|
|-damage|p2a: Manaphy|0 fnt|[from] psn
|faint|p2a: Manaphy
|upkeep
|
|t:|1758342149
|switch|p2a: Weavile|Weavile, M|76/100 psn
|turn|18
|
|t:|1758342154
|switch|p1a: Moltres|Moltres|100/100
|move|p2a: Weavile|Knock Off|p1a: Moltres
|-damage|p1a: Moltres|52/100
|-enditem|p1a: Moltres|Heavy-Duty Boots|[from] move: Knock Off|[of] p2a: Weavile
|
|-damage|p2a: Weavile|63/100 psn|[from] psn
|upkeep
|turn|19
|
|t:|1758342167
|move|p2a: Weavile|Knock Off|p1a: Moltres
|-damage|p1a: Moltres|20/100
|move|p1a: Moltres|U-turn|p2a: Weavile
|-supereffective|p2a: Weavile
|-damage|p2a: Weavile|13/100 psn
|
|t:|1758342174
|switch|p1a: Kingambit|Kingambit, F|100/100|[from] U-turn
|-activate|p1a: Kingambit|ability: Supreme Overlord
|-start|p1a: Kingambit|fallen1|[silent]
|
|-damage|p2a: Weavile|1/100 psn|[from] psn
|upkeep
|turn|20
|
|t:|1758342179
|move|p1a: Kingambit|Sucker Punch|p2a: Weavile
|-resisted|p2a: Weavile
|-damage|p2a: Weavile|0 fnt
|faint|p2a: Weavile
|
|upkeep
|
|t:|1758342180
|switch|p2a: Ogerpon|Ogerpon-Wellspring-Tera, F, tera:Water|69/100
|-status|p2a: Ogerpon|psn
|-ability|p2a: Ogerpon|Embody Aspect (Wellspring)|boost
|-boost|p2a: Ogerpon|spd|1
|turn|21
|
|t:|1758342187
|move|p2a: Ogerpon|Swords Dance|p2a: Ogerpon
|-boost|p2a: Ogerpon|atk|2
|move|p1a: Kingambit|Kowtow Cleave|p2a: Ogerpon
|-damage|p2a: Ogerpon|1/100 psn
|
|-damage|p2a: Ogerpon|0 fnt|[from] psn
|faint|p2a: Ogerpon
|detailschange|p2: Ogerpon|Ogerpon-Wellspring, F|[silent]
|
|win|Mr. Mekky▲
|raw|Mr. Mekky▲'s rating: 1357 &rarr; <strong>1378</strong><br />(+21 for winning)
|raw|Yajityyy's rating: 1379 &rarr; <strong>1358</strong><br />(-21 for losing)
|l|☆Yajityyy
|player|p2|
|c|☆Mr. Mekky▲|gg
|l|☆Mr. Mekky▲
|player|p1|
