|j|☆henry151th
|j|☆y_de_yuki
|t:|1758238468
|gametype|singles
|player|p1|henry151th|wallace|1518
|player|p2|y_de_yuki|170|1424
|gen|9
|tier|[Gen 9] OU
|rated|
|rule|HP Percentage Mod: HP is shown in percentages
|rule|Endless Battle Clause: Forcing endless battles is banned
|rule|Species Clause: Limit one of each Pokémon
|rule|OHKO Clause: OHKO moves are banned
|rule|Evasion Items Clause: Evasion items are banned
|rule|Evasion Moves Clause: Evasion moves are banned
|rule|Evasion Abilities Clause: Evasion abilities are banned
|rule|Sleep Moves Clause: Sleep-inducing moves are banned
|clearpoke
|poke|p1|Ribombee, M|
|poke|p1|Great Tusk|
|poke|p1|Gholdengo|
|poke|p1|Manaphy|
|poke|p1|Kingambit, F|
|poke|p1|Iron Valiant|
|poke|p2|Mimikyu, F|
|poke|p2|Ogerpon-Wellspring, F|
|poke|p2|Meloetta|
|poke|p2|Raichu, M|
|poke|p2|Umbreon, M|
|poke|p2|Corviknight, M|
|teampreview
|inactive|Battle timer is ON: inactive players will automatically lose when time's up. (requested by y_de_yuki)
|
|t:|1758238478
|teamsize|p1|6
|teamsize|p2|6
|start
|switch|p1a: Ribombee|Ribombee, M|100/100
|switch|p2a: Zafiro|Meloetta|100/100
|turn|1
|
|t:|1758238481
|move|p2a: Zafiro|Psychic|p1a: Ribombee
|-damage|p1a: Ribombee|25/100
|move|p1a: Ribombee|Sticky Web|p2a: Zafiro
|-sidestart|p2: y_de_yuki|move: Sticky Web
|
|upkeep
|turn|2
|
|t:|1758238483
|move|p2a: Zafiro|Psychic|p1a: Ribombee
|-damage|p1a: Ribombee|0 fnt
|faint|p1a: Ribombee
|
|upkeep
|
|t:|1758238485
|switch|p1a: Kingambit|Kingambit, F|100/100
|-activate|p1a: Kingambit|ability: Supreme Overlord
|-start|p1a: Kingambit|fallen1|[silent]
|-item|p1a: Kingambit|Air Balloon
|turn|3
|
|t:|1758238489
|switch|p2a: Corvo|Corviknight, M|100/100
|-ability|p2a: Corvo|Pressure
|move|p1a: Kingambit|Swords Dance|p1a: Kingambit
|-boost|p1a: Kingambit|atk|2
|
|upkeep
|turn|4
|
|t:|1758238492
|move|p1a: Kingambit|Kowtow Cleave|p2a: Corvo
|-damage|p2a: Corvo|43/100
|-damage|p1a: Kingambit|84/100|[from] item: Rocky Helmet|[of] p2a: Corvo
|move|p2a: Corvo|Body Press|p1a: Kingambit
|-supereffective|p1a: Kingambit
|-damage|p1a: Kingambit|0 fnt
|-enditem|p1a: Kingambit|Air Balloon
|faint|p1a: Kingambit
|-end|p1a: Kingambit|fallen1|[silent]
|
|upkeep
|
|t:|1758238501
|switch|p1a: Manaphy|Manaphy|100/100
|turn|5
|
|t:|1758238506
|move|p1a: Manaphy|Tail Glow|p1a: Manaphy
|-boost|p1a: Manaphy|spa|3
|move|p2a: Corvo|Defog|p1a: Manaphy
|-unboost|p1a: Manaphy|evasion|1
|-sideend|p2: y_de_yuki|Sticky Web|[from] move: Defog|[of] p2a: Corvo
|
|upkeep
|turn|6
|
|t:|1758238513
|switch|p2a: Afrodita|Ogerpon-Wellspring, F|100/100
|move|p1a: Manaphy|Substitute|p1a: Manaphy
|-start|p1a: Manaphy|Substitute
|-damage|p1a: Manaphy|76/100
|
|-heal|p1a: Manaphy|82/100|[from] item: Leftovers
|upkeep
|turn|7
|
|t:|1758238518
|-terastallize|p1a: Manaphy|Fairy
|move|p2a: Afrodita|U-turn|p1a: Manaphy
|-resisted|p1a: Manaphy
|-activate|p1a: Manaphy|move: Substitute|[damage]
|
|t:|1758238521
|switch|p2a: Corvo|Corviknight, M|43/100|[from] U-turn
|-ability|p2a: Corvo|Pressure
|move|p1a: Manaphy|Alluring Voice|p2a: Corvo
|-resisted|p2a: Corvo
|-damage|p2a: Corvo|4/100
|
|-heal|p1a: Manaphy|88/100|[from] item: Leftovers
|upkeep
|turn|8
|
|t:|1758238525
|move|p1a: Manaphy|Surf|p2a: Corvo
|-damage|p2a: Corvo|0 fnt
|faint|p2a: Corvo
|
|-heal|p1a: Manaphy|94/100|[from] item: Leftovers
|upkeep
|
|t:|1758238529
|switch|p2a: Garfield|Raichu, M|100/100
|turn|9
|
|t:|1758238532
|move|p2a: Garfield|Volt Switch|p1a: Manaphy
|-end|p1a: Manaphy|Substitute
|
|t:|1758238535
|switch|p2a: Jinx|Umbreon, M|100/100|[from] Volt Switch
|move|p1a: Manaphy|Surf|p2a: Jinx
|-damage|p2a: Jinx|45/100
|
|-heal|p1a: Manaphy|99/100|[from] item: Leftovers
|-heal|p2a: Jinx|52/100|[from] item: Leftovers
|upkeep
|turn|10
|
|t:|1758238538
|move|p1a: Manaphy|Substitute|p1a: Manaphy
|-start|p1a: Manaphy|Substitute
|-damage|p1a: Manaphy|75/100
|move|p2a: Jinx|Toxic||[still]
|-fail|p2a: Jinx
|
|-heal|p1a: Manaphy|81/100|[from] item: Leftovers
|-heal|p2a: Jinx|58/100|[from] item: Leftovers
|upkeep
|turn|11
|
|t:|1758238543
|move|p1a: Manaphy|Alluring Voice|p2a: Jinx
|-supereffective|p2a: Jinx
|-damage|p2a: Jinx|0 fnt
|faint|p2a: Jinx
|
|-heal|p1a: Manaphy|88/100|[from] item: Leftovers
|upkeep
|
|t:|1758238547
|switch|p2a: Garfield|Raichu, M|100/100
|turn|12
|
|t:|1758238549
|move|p2a: Garfield|Thunderbolt|p1a: Manaphy
|-end|p1a: Manaphy|Substitute
|move|p1a: Manaphy|Alluring Voice|p2a: Garfield
|-damage|p2a: Garfield|0 fnt
|faint|p2a: Garfield
|
|-heal|p1a: Manaphy|94/100|[from] item: Leftovers
|upkeep
|
|t:|1758238551
|switch|p2a: Afrodita|Ogerpon-Wellspring, F|100/100
|turn|13
|
|t:|1758238554
|-terastallize|p2a: Afrodita|Water
|detailschange|p2a: Afrodita|Ogerpon-Wellspring-Tera, F, tera:Water
|-ability|p2a: Afrodita|Embody Aspect (Wellspring)|boost
|-boost|p2a: Afrodita|spd|1
|move|p2a: Afrodita|Ivy Cudgel|p1a: Manaphy|[anim] Ivy Cudgel Water
|-damage|p1a: Manaphy|9/100
|move|p1a: Manaphy|Alluring Voice|p2a: Afrodita
|-damage|p2a: Afrodita|27/100
|-start|p2a: Afrodita|confusion
|
|-heal|p1a: Manaphy|15/100|[from] item: Leftovers
|upkeep
|turn|14
|
|t:|1758238566
|-activate|p2a: Afrodita|confusion
|-damage|p2a: Afrodita|10/100|[from] confusion
|move|p1a: Manaphy|Alluring Voice|p2a: Afrodita
|-damage|p2a: Afrodita|0 fnt
|faint|p2a: Afrodita
|detailschange|p2: Afrodita|Ogerpon-Wellspring, F|[silent]
|
|-heal|p1a: Manaphy|22/100|[from] item: Leftovers
|upkeep
|
|t:|1758238569
|switch|p2a: Zafiro|Meloetta|100/100
|turn|15
|
|t:|1758238573
|move|p2a: Zafiro|Psychic|p1a: Manaphy
|-damage|p1a: Manaphy|0 fnt
|faint|p1a: Manaphy
|
|upkeep
|
|t:|1758238576
|switch|p1a: Gholdengo|Gholdengo|100/100
|-item|p1a: Gholdengo|Air Balloon
|turn|16
|
|t:|1758238583
|move|p2a: Zafiro|Psychic|p1a: Gholdengo
|-resisted|p1a: Gholdengo
|-damage|p1a: Gholdengo|75/100
|-unboost|p1a: Gholdengo|spd|1
|-enditem|p1a: Gholdengo|Air Balloon
|move|p1a: Gholdengo|Shadow Ball|p2a: Zafiro
|-immune|p2a: Zafiro
|
|upkeep
|turn|17
|
|t:|1758238588
|move|p2a: Zafiro|Psychic|p1a: Gholdengo
|-resisted|p1a: Gholdengo
|-damage|p1a: Gholdengo|36/100
|move|p1a: Gholdengo|Make It Rain|p2a: Zafiro
|-crit|p2a: Zafiro
|-damage|p2a: Zafiro|27/100
|-unboost|p1a: Gholdengo|spa|1
|
|upkeep
|turn|18
|
|t:|1758238594
|switch|p1a: Iron Valiant|Iron Valiant|100/100
|-enditem|p1a: Iron Valiant|Booster Energy
|-activate|p1a: Iron Valiant|ability: Quark Drive|[fromitem]
|-start|p1a: Iron Valiant|quarkdrivespe
|move|p2a: Zafiro|Psychic|p1a: Iron Valiant
|-supereffective|p1a: Iron Valiant
|-damage|p1a: Iron Valiant|0 fnt
|faint|p1a: Iron Valiant
|-end|p1a: Iron Valiant|Quark Drive|[silent]
|
|upkeep
|
|t:|1758238596
|switch|p1a: Gholdengo|Gholdengo|36/100
|turn|19
|
|t:|1758238598
|move|p2a: Zafiro|Psychic|p1a: Gholdengo
|-resisted|p1a: Gholdengo
|-damage|p1a: Gholdengo|10/100
|move|p1a: Gholdengo|Make It Rain|p2a: Zafiro
|-damage|p2a: Zafiro|0 fnt
|-unboost|p1a: Gholdengo|spa|1
|faint|p2a: Zafiro
|
|upkeep
|
|t:|1758238600
|switch|p2a: Coral|Mimikyu, F, shiny|100/100
|turn|20
|
|t:|1758238602
|move|p2a: Coral|Swords Dance|p2a: Coral
|-boost|p2a: Coral|atk|2
|move|p1a: Gholdengo|Shadow Ball|p2a: Coral
|-activate|p2a: Coral|ability: Disguise
|-damage|p2a: Coral|100/100
|detailschange|p2a: Coral|Mimikyu-Busted, F, shiny
|-damage|p2a: Coral|88/100|[from] pokemon: Mimikyu-Busted
|
|upkeep
|turn|21
|
|t:|1758238604
|move|p2a: Coral|Shadow Sneak|p1a: Gholdengo
|-supereffective|p1a: Gholdengo
|-crit|p1a: Gholdengo
|-damage|p1a: Gholdengo|0 fnt
|faint|p1a: Gholdengo
|-damage|p2a: Coral|78/100|[from] item: Life Orb
|
|upkeep
|
|t:|1758238605
|switch|p1a: Great Tusk|Great Tusk|100/100
|-enditem|p1a: Great Tusk|Booster Energy
|-activate|p1a: Great Tusk|ability: Protosynthesis|[fromitem]
|-start|p1a: Great Tusk|protosynthesisatk
|turn|22
|
|t:|1758238616
|move|p2a: Coral|Play Rough|p1a: Great Tusk
|-supereffective|p1a: Great Tusk
|-damage|p1a: Great Tusk|0 fnt
|faint|p1a: Great Tusk
|-end|p1a: Great Tusk|Protosynthesis|[silent]
|-damage|p2a: Coral|68/100|[from] item: Life Orb
|
|win|y_de_yuki
|raw|henry151th's rating: 1518 &rarr; <strong>1493</strong><br />(-25 for losing)
|raw|y_de_yuki's rating: 1424 &rarr; <strong>1449</strong><br />(+25 for winning)
|l|☆y_de_yuki
|player|p2|
