|j|☆SoulBlazeHaley
|j|☆Joeehaan
|t:|1758316364
|gametype|singles
|player|p1|SoulBlazeHaley|dawn-gen4pt|1151
|player|p2|Joeehaan|grimsley|1144
|gen|9
|tier|[Gen 9] OU
|rated|
|rule|HP Percentage Mod: HP is shown in percentages
|rule|Endless Battle Clause: Forcing endless battles is banned
|rule|Species Clause: Limit one of each Pokémon
|rule|OHKO Clause: OHKO moves are banned
|rule|Evasion Items Clause: Evasion items are banned
|rule|Evasion Moves Clause: Evasion moves are banned
|rule|Evasion Abilities Clause: Evasion abilities are banned
|rule|Sleep Moves Clause: Sleep-inducing moves are banned
|clearpoke
|poke|p1|Garchomp, F|
|poke|p1|Blaziken, F|
|poke|p1|Gliscor, M|
|poke|p1|Samurott-Hisui, M|
|poke|p1|Meowscarada, F|
|poke|p1|Ditto|
|poke|p2|Abomasnow, M|
|poke|p2|Mamoswine, F|
|poke|p2|Weavile, F|
|poke|p2|Ninetales-Alola, M|
|poke|p2|Sandslash-Alola, M|
|poke|p2|Kyurem|
|teampreview
|inactive|Battle timer is ON: inactive players will automatically lose when time's up. (requested by SoulBlazeHaley)
|
|t:|1758316386
|teamsize|p1|6
|teamsize|p2|6
|start
|switch|p1a: Lilith|Garchomp, F|100/100
|switch|p2a: Mamoswine|Mamoswine, F|100/100
|turn|1
|j| Jakub666
|l| Jakub666
|
|t:|1758316414
|move|p1a: Lilith|Fire Fang|p2a: Mamoswine
|-supereffective|p2a: Mamoswine
|-damage|p2a: Mamoswine|73/100
|move|p2a: Mamoswine|Stealth Rock|p1a: Lilith
|-sidestart|p1: SoulBlazeHaley|move: Stealth Rock
|
|upkeep
|turn|2
|
|t:|1758316426
|move|p1a: Lilith|Stealth Rock|p2a: Mamoswine
|-sidestart|p2: Joeehaan|move: Stealth Rock
|move|p2a: Mamoswine|Earthquake|p1a: Lilith
|-damage|p1a: Lilith|45/100
|
|upkeep
|turn|3
|
|t:|1758316434
|move|p1a: Lilith|Scale Shot|p2a: Mamoswine
|-damage|p2a: Mamoswine|57/100
|-damage|p2a: Mamoswine|42/100
|-damage|p2a: Mamoswine|28/100
|-damage|p2a: Mamoswine|12/100
|-damage|p2a: Mamoswine|0 fnt
|faint|p2a: Mamoswine
|-hitcount|p2: Mamoswine|5
|-unboost|p1a: Lilith|def|1
|-boost|p1a: Lilith|spe|1
|
|upkeep
|
|t:|1758316455
|switch|p2a: Abomasnow|Abomasnow, M|100/100
|-damage|p2a: Abomasnow|76/100|[from] Stealth Rock
|-weather|Snowscape|[from] ability: Snow Warning|[of] p2a: Abomasnow
|turn|4
|
|t:|1758316468
|-terastallize|p1a: Lilith|Fairy
|move|p2a: Abomasnow|Ice Shard|p1a: Lilith
|-damage|p1a: Lilith|17/100
|move|p1a: Lilith|Fire Fang|p2a: Abomasnow
|-supereffective|p2a: Abomasnow
|-damage|p2a: Abomasnow|6/100
|
|-weather|Snowscape|[upkeep]
|upkeep
|turn|5
|
|t:|1758316475
|move|p2a: Abomasnow|Ice Shard|p1a: Lilith
|-damage|p1a: Lilith|0 fnt
|faint|p1a: Lilith
|
|-weather|Snowscape|[upkeep]
|upkeep
|c|☆SoulBlazeHaley|Thought it was fire.
|
|t:|1758316495
|switch|p1a: Ronin|Samurott-Hisui, M|100/100
|-damage|p1a: Ronin|88/100|[from] Stealth Rock
|turn|6
|
|t:|1758316503
|move|p1a: Ronin|Sacred Sword|p2a: Abomasnow
|-supereffective|p2a: Abomasnow
|-damage|p2a: Abomasnow|0 fnt
|faint|p2a: Abomasnow
|
|-weather|Snowscape|[upkeep]
|upkeep
|inactive|Joeehaan has 120 seconds left.
|
|t:|1758316535
|switch|p2a: Sandslash|Sandslash-Alola, M|100/100
|-damage|p2a: Sandslash|88/100|[from] Stealth Rock
|turn|7
|
|t:|1758316544
|move|p2a: Sandslash|Rapid Spin|p1a: Ronin
|-damage|p1a: Ronin|69/100
|-boost|p2a: Sandslash|spe|1
|-sideend|p2: Joeehaan|Stealth Rock|[from] move: Rapid Spin|[of] p2a: Sandslash
|move|p1a: Ronin|Sacred Sword|p2a: Sandslash
|-supereffective|p2a: Sandslash
|-damage|p2a: Sandslash|0 fnt
|faint|p2a: Sandslash
|
|-weather|Snowscape|[upkeep]
|upkeep
|c|☆Joeehaan|oh
|c|☆Joeehaan|right
|inactive|Joeehaan has 120 seconds left.
|
|t:|1758316561
|switch|p2a: Kyurem|Kyurem|100/100
|-ability|p2a: Kyurem|Pressure
|turn|8
|
|t:|1758316571
|move|p2a: Kyurem|Freeze-Dry|p1a: Ronin
|-supereffective|p1a: Ronin
|-damage|p1a: Ronin|0 fnt
|faint|p1a: Ronin
|
|-weather|Snowscape|[upkeep]
|upkeep
|
|t:|1758316594
|switch|p1a: Haley|Blaziken, F|100/100
|-damage|p1a: Haley|88/100|[from] Stealth Rock
|turn|9
|
|t:|1758316599
|move|p2a: Kyurem|Earth Power|p1a: Haley
|-supereffective|p1a: Haley
|-damage|p1a: Haley|4/100
|move|p1a: Haley|Flare Blitz|p2a: Kyurem
|-damage|p2a: Kyurem|50/100
|-damage|p1a: Haley|0 fnt|[from] Recoil
|faint|p1a: Haley
|
|-weather|Snowscape|[upkeep]
|-heal|p2a: Kyurem|56/100|[from] item: Leftovers
|upkeep
|
|t:|1758316620
|switch|p1a: Blobby|Ditto, shiny|100/100
|-damage|p1a: Blobby|88/100|[from] Stealth Rock
|-transform|p1a: Blobby|p2a: Kyurem|[from] ability: Imposter
|-ability|p1a: Blobby|Pressure
|turn|10
|
|t:|1758316632
|switch|p2a: Ninetales|Ninetales-Alola, M|100/100
|move|p1a: Blobby|Blizzard|p2a: Ninetales
|-resisted|p2a: Ninetales
|-damage|p2a: Ninetales|72/100
|
|-weather|Snowscape|[upkeep]
|upkeep
|turn|11
|
|t:|1758316636
|switch|p1a: Vinny|Gliscor, M|100/100
|-damage|p1a: Vinny|88/100|[from] Stealth Rock
|move|p2a: Ninetales|Aurora Veil|p2a: Ninetales
|-sidestart|p2: Joeehaan|move: Aurora Veil
|
|-weather|none
|-status|p1a: Vinny|tox|[from] item: Toxic Orb
|upkeep
|turn|12
|
|t:|1758316641
|move|p2a: Ninetales|Freeze-Dry|p1a: Vinny
|-supereffective|p1a: Vinny
|-damage|p1a: Vinny|3/100 tox
|move|p1a: Vinny|Swords Dance|p1a: Vinny
|-boost|p1a: Vinny|atk|2
|
|-heal|p1a: Vinny|15/100 tox|[from] ability: Poison Heal
|upkeep
|turn|13
|
|t:|1758316662
|move|p2a: Ninetales|Freeze-Dry|p1a: Vinny
|-supereffective|p1a: Vinny
|-damage|p1a: Vinny|0 fnt
|faint|p1a: Vinny
|
|upkeep
|
|t:|1758316668
|switch|p1a: Ruby|Meowscarada, F|100/100
|-damage|p1a: Ruby|88/100|[from] Stealth Rock
|turn|14
|
|t:|1758316672
|move|p1a: Ruby|Flower Trick|p2a: Ninetales
|-start|p1a: Ruby|typechange|Grass|[from] ability: Protean
|-crit|p2a: Ninetales
|-damage|p2a: Ninetales|0 fnt
|faint|p2a: Ninetales
|
|upkeep
|
|t:|1758316676
|switch|p2a: Weavile|Weavile, F|100/100
|turn|15
|
|t:|1758316680
|move|p2a: Weavile|Fake Out|p1a: Ruby
|-damage|p1a: Ruby|68/100
|cant|p1a: Ruby|flinch
|
|upkeep
|turn|16
|
|t:|1758316683
|move|p2a: Weavile|Triple Axel|p1a: Ruby
|-supereffective|p1a: Ruby
|-crit|p1a: Ruby
|-damage|p1a: Ruby|22/100
|-supereffective|p1a: Ruby
|-damage|p1a: Ruby|0 fnt
|faint|p1a: Ruby
|-hitcount|p1: Ruby|2
|
|upkeep
|
|t:|1758316685
|switch|p1a: Blobby|Ditto, shiny|88/100
|-damage|p1a: Blobby|76/100|[from] Stealth Rock
|-transform|p1a: Blobby|p2a: Weavile|[from] ability: Imposter
|turn|17
|
|t:|1758316691
|move|p1a: Blobby|Triple Axel|p2a: Weavile
|-resisted|p2a: Weavile
|-crit|p2a: Weavile
|-damage|p2a: Weavile|88/100
|-resisted|p2a: Weavile
|-damage|p2a: Weavile|80/100
|-resisted|p2a: Weavile
|-damage|p2a: Weavile|66/100
|-hitcount|p2a: Weavile|3
|move|p2a: Weavile|Knock Off|p1a: Blobby
|-resisted|p1a: Blobby
|-damage|p1a: Blobby|39/100
|-enditem|p1a: Blobby|Choice Scarf|[from] move: Knock Off|[of] p2a: Weavile
|-enditem|p2a: Weavile|Heavy-Duty Boots|[silent]|[from] ability: Pickpocket|[of] p2a: Weavile
|-item|p1a: Blobby|Heavy-Duty Boots|[from] ability: Pickpocket|[of] p2a: Weavile
|
|upkeep
|turn|18
|
|t:|1758316694
|move|p2a: Weavile|Triple Axel|p1a: Blobby
|-resisted|p1a: Blobby
|-damage|p1a: Blobby|32/100
|-resisted|p1a: Blobby
|-damage|p1a: Blobby|17/100
|-resisted|p1a: Blobby
|-damage|p1a: Blobby|0 fnt
|faint|p1a: Blobby
|-hitcount|p1: Blobby|3
|
|win|Joeehaan
|raw|SoulBlazeHaley's rating: 1151 &rarr; <strong>1125</strong><br />(-26 for losing)
|raw|Joeehaan's rating: 1144 &rarr; <strong>1170</strong><br />(+26 for winning)
|l|☆Joeehaan
|player|p2|
|l|☆SoulBlazeHaley
|player|p1|
