|j|☆Eggs Six Ways
|j|☆Ikukik
|t:|1758350578
|gametype|singles
|player|p1|Eggs Six Ways|ltsurge|1357
|player|p2|Ikukik|101|1290
|gen|9
|tier|[Gen 9] OU
|rated|
|rule|HP Percentage Mod: HP is shown in percentages
|rule|Endless Battle Clause: Forcing endless battles is banned
|rule|Species Clause: Limit one of each Pokémon
|rule|OHKO Clause: OHKO moves are banned
|rule|Evasion Items Clause: Evasion items are banned
|rule|Evasion Moves Clause: Evasion moves are banned
|rule|Evasion Abilities Clause: Evasion abilities are banned
|rule|Sleep Moves Clause: Sleep-inducing moves are banned
|clearpoke
|poke|p1|Pelipper, F|
|poke|p1|Hatterene, F|
|poke|p1|Iron Treads|
|poke|p1|Toxicroak, F|
|poke|p1|Barraskewda, F|
|poke|p1|Zapdos|
|poke|p2|Heatran, M|
|poke|p2|Scream Tail|
|poke|p2|Corviknight, M|
|poke|p2|Zamazenta-*|
|poke|p2|Ting-Lu|
|poke|p2|Rillaboom, M|
|teampreview
|inactive|Battle timer is ON: inactive players will automatically lose when time's up. (requested by Ikukik)
|
|t:|1758350594
|teamsize|p1|6
|teamsize|p2|6
|start
|switch|p1a: Pelipper|Pelipper, F|100/100
|switch|p2a: Ting-Lu|Ting-Lu|100/100
|-ability|p2a: Ting-Lu|Vessel of Ruin
|-weather|RainDance|[from] ability: Drizzle|[of] p1a: Pelipper
|turn|1
|
|t:|1758350603
|switch|p1a: Hatterene|Hatterene, F|100/100
|move|p2a: Ting-Lu|Ruination|p1a: Hatterene|[miss]
|-miss|p2a: Ting-Lu|p1a: Hatterene
|
|-weather|RainDance|[upkeep]
|upkeep
|turn|2
|
|t:|1758350610
|switch|p2a: Heatran|Heatran, M|100/100
|move|p1a: Hatterene|Draining Kiss|p2a: Heatran
|-resisted|p2a: Heatran
|-damage|p2a: Heatran|96/100
|
|-weather|RainDance|[upkeep]
|-heal|p2a: Heatran|100/100|[from] item: Leftovers
|upkeep
|turn|3
|
|t:|1758350622
|switch|p1a: Barraskewda|Barraskewda, F|100/100
|move|p2a: Heatran|Magma Storm|p1a: Barraskewda
|-resisted|p1a: Barraskewda
|-damage|p1a: Barraskewda|72/100
|-activate|p1a: Barraskewda|move: Magma Storm|[of] p2a: Heatran
|
|-weather|RainDance|[upkeep]
|-damage|p1a: Barraskewda|59/100|[from] move: Magma Storm|[partiallytrapped]
|upkeep
|turn|4
|
|t:|1758350627
|switch|p2a: Corviknight|Corviknight, M|100/100
|-ability|p2a: Corviknight|Pressure
|move|p1a: Barraskewda|Flip Turn|p2a: Corviknight
|-damage|p2a: Corviknight|56/100
|-damage|p1a: Barraskewda|43/100|[from] item: Rocky Helmet|[of] p2a: Corviknight
|
|t:|1758350632
|switch|p1a: Zapdos|Zapdos|100/100|[from] Flip Turn
|
|-weather|RainDance|[upkeep]
|upkeep
|turn|5
|
|t:|1758350639
|switch|p2a: Ting-Lu|Ting-Lu|100/100
|-ability|p2a: Ting-Lu|Vessel of Ruin
|move|p1a: Zapdos|Weather Ball|p2a: Ting-Lu
|-supereffective|p2a: Ting-Lu
|-damage|p2a: Ting-Lu|37/100
|
|-weather|RainDance|[upkeep]
|-heal|p2a: Ting-Lu|44/100|[from] item: Leftovers
|upkeep
|turn|6
|
|t:|1758350650
|switch|p2a: Rillaboom|Rillaboom, M|100/100
|-fieldstart|move: Grassy Terrain|[from] ability: Grassy Surge|[of] p2a: Rillaboom
|move|p1a: Zapdos|Weather Ball|p2a: Rillaboom
|-resisted|p2a: Rillaboom
|-damage|p2a: Rillaboom|48/100
|
|-weather|RainDance|[upkeep]
|-heal|p2a: Rillaboom|54/100|[from] Grassy Terrain
|upkeep
|turn|7
|
|t:|1758350661
|switch|p1a: Toxicroak|Toxicroak, F|100/100
|move|p2a: Rillaboom|U-turn|p1a: Toxicroak
|-resisted|p1a: Toxicroak
|-damage|p1a: Toxicroak|92/100
|-damage|p2a: Rillaboom|37/100|[from] item: Rocky Helmet|[of] p1a: Toxicroak
|
|t:|1758350672
|switch|p2a: Scream Tail|Scream Tail|100/100|[from] U-turn
|
|-weather|RainDance|[upkeep]
|-heal|p1a: Toxicroak|100/100|[from] ability: Dry Skin
|upkeep
|turn|8
|
|t:|1758350680
|switch|p1a: Hatterene|Hatterene, F|100/100
|move|p2a: Scream Tail|Psychic Noise|p1a: Hatterene
|-resisted|p1a: Hatterene
|-damage|p1a: Hatterene|91/100
|-start|p1a: Hatterene|move: Heal Block
|-enditem|p1a: Hatterene|Eject Button
|
|t:|1758350685
|switch|p1a: Barraskewda|Barraskewda, F|43/100
|
|-weather|none
|-heal|p1a: Barraskewda|49/100|[from] Grassy Terrain
|upkeep
|turn|9
|
|t:|1758350697
|move|p1a: Barraskewda|Flip Turn|p2a: Scream Tail
|-crit|p2a: Scream Tail
|-damage|p2a: Scream Tail|38/100
|
|t:|1758350703
|switch|p1a: Iron Treads|Iron Treads|100/100|[from] Flip Turn
|move|p2a: Scream Tail|Wish|p2a: Scream Tail
|
|-heal|p2a: Scream Tail|44/100|[from] Grassy Terrain
|upkeep
|turn|10
|
|t:|1758350708
|-end|p2a: Scream Tail|Protosynthesis|[silent]
|switch|p2a: Ting-Lu|Ting-Lu|44/100
|-ability|p2a: Ting-Lu|Vessel of Ruin
|move|p1a: Iron Treads|Stealth Rock|p2a: Ting-Lu
|-sidestart|p2: Ikukik|move: Stealth Rock
|
|-heal|p2a: Ting-Lu|86/100|[from] move: Wish|[wisher] Scream Tail
|-heal|p2a: Ting-Lu|92/100|[from] Grassy Terrain
|-heal|p2a: Ting-Lu|98/100|[from] item: Leftovers
|-fieldend|move: Grassy Terrain
|upkeep
|turn|11
|
|t:|1758350721
|-end|p1a: Iron Treads|Quark Drive|[silent]
|switch|p1a: Pelipper|Pelipper, F|100/100
|-weather|RainDance|[from] ability: Drizzle|[of] p1a: Pelipper
|move|p2a: Ting-Lu|Stealth Rock|p1a: Pelipper
|-sidestart|p1: Eggs Six Ways|move: Stealth Rock
|
|-weather|RainDance|[upkeep]
|-heal|p2a: Ting-Lu|100/100|[from] item: Leftovers
|upkeep
|turn|12
|inactive|Eggs Six Ways has 120 seconds left.
|
|t:|1758350752
|move|p1a: Pelipper|Knock Off|p2a: Ting-Lu
|-resisted|p2a: Ting-Lu
|-damage|p2a: Ting-Lu|97/100
|-enditem|p2a: Ting-Lu|Leftovers|[from] move: Knock Off|[of] p1a: Pelipper
|move|p2a: Ting-Lu|Whirlwind|p1a: Pelipper
|drag|p1a: Hatterene|Hatterene, F|91/100
|-damage|p1a: Hatterene|79/100|[from] Stealth Rock
|
|-weather|RainDance|[upkeep]
|upkeep
|turn|13
|
|t:|1758350757
|move|p1a: Hatterene|Draining Kiss|p2a: Ting-Lu
|-supereffective|p2a: Ting-Lu
|-damage|p2a: Ting-Lu|78/100
|-heal|p1a: Hatterene|100/100|[from] drain|[of] p2a: Ting-Lu
|move|p2a: Ting-Lu|Earthquake|p1a: Hatterene
|-damage|p1a: Hatterene|69/100
|
|-weather|RainDance|[upkeep]
|upkeep
|turn|14
|
|t:|1758350771
|switch|p2a: Scream Tail|Scream Tail|44/100
|move|p1a: Hatterene|Draining Kiss|p2a: Scream Tail
|-damage|p2a: Scream Tail|32/100
|-heal|p1a: Hatterene|81/100|[from] drain|[of] p2a: Scream Tail
|
|-weather|RainDance|[upkeep]
|upkeep
|turn|15
|
|t:|1758350777
|move|p2a: Scream Tail|Wish|p2a: Scream Tail
|move|p1a: Hatterene|Psychic Noise|p2a: Scream Tail
|-resisted|p2a: Scream Tail
|-damage|p2a: Scream Tail|24/100
|-start|p2a: Scream Tail|move: Heal Block
|
|-weather|RainDance|[upkeep]
|upkeep
|turn|16
|
|t:|1758350787
|move|p2a: Scream Tail|Psychic Noise|p1a: Hatterene
|-resisted|p1a: Hatterene
|-crit|p1a: Hatterene
|-damage|p1a: Hatterene|67/100
|-start|p1a: Hatterene|move: Heal Block
|move|p1a: Hatterene|Nuzzle|p2a: Scream Tail
|-damage|p2a: Scream Tail|21/100
|-status|p2a: Scream Tail|par
|
|-weather|RainDance|[upkeep]
|-end|p2a: Scream Tail|move: Heal Block
|upkeep
|turn|17
|
|t:|1758350799
|move|p2a: Scream Tail|Psychic Noise|p1a: Hatterene
|-resisted|p1a: Hatterene
|-damage|p1a: Hatterene|57/100
|move|p1a: Hatterene|Psychic Noise|p2a: Scream Tail
|-resisted|p2a: Scream Tail
|-damage|p2a: Scream Tail|12/100 par
|-start|p2a: Scream Tail|move: Heal Block
|
|-weather|RainDance|[upkeep]
|-end|p1a: Hatterene|move: Heal Block
|upkeep
|turn|18
|
|t:|1758350815
|move|p1a: Hatterene|Draining Kiss|p2a: Scream Tail
|-damage|p2a: Scream Tail|1/100 par
|-heal|p1a: Hatterene|68/100|[from] drain|[of] p2a: Scream Tail
|move|p2a: Scream Tail|Psychic Noise|p1a: Hatterene
|-resisted|p1a: Hatterene
|-damage|p1a: Hatterene|58/100
|-start|p1a: Hatterene|move: Heal Block
|
|-weather|none
|-end|p2a: Scream Tail|move: Heal Block
|upkeep
|turn|19
|
|t:|1758350826
|move|p2a: Scream Tail|Psychic Noise|p1a: Hatterene
|-resisted|p1a: Hatterene
|-damage|p1a: Hatterene|49/100
|move|p1a: Hatterene|Nuzzle|p2a: Scream Tail
|-damage|p2a: Scream Tail|0 fnt
|faint|p2a: Scream Tail
|-end|p2a: Scream Tail|Protosynthesis|[silent]
|
|-end|p1a: Hatterene|move: Heal Block
|upkeep
|
|t:|1758350829
|switch|p2a: Rillaboom|Rillaboom, M|37/100
|-damage|p2a: Rillaboom|25/100|[from] Stealth Rock
|-fieldstart|move: Grassy Terrain|[from] ability: Grassy Surge|[of] p2a: Rillaboom
|turn|20
|
|t:|1758350838
|move|p2a: Rillaboom|Wood Hammer|p1a: Hatterene
|-damage|p1a: Hatterene|0 fnt
|faint|p1a: Hatterene
|-damage|p2a: Rillaboom|10/100|[from] Recoil
|
|-heal|p2a: Rillaboom|16/100|[from] Grassy Terrain
|upkeep
|
|t:|1758350843
|switch|p1a: Zapdos|Zapdos|100/100
|-damage|p1a: Zapdos|76/100|[from] Stealth Rock
|turn|21
|
|t:|1758350848
|move|p1a: Zapdos|Hurricane|p2a: Rillaboom
|-supereffective|p2a: Rillaboom
|-damage|p2a: Rillaboom|0 fnt
|faint|p2a: Rillaboom
|
|upkeep
|
|t:|1758350852
|switch|p2a: Heatran|Heatran, M|100/100
|-damage|p2a: Heatran|88/100|[from] Stealth Rock
|turn|22
|
|t:|1758350857
|switch|p1a: Pelipper|Pelipper, F|100/100
|-damage|p1a: Pelipper|76/100|[from] Stealth Rock
|-weather|RainDance|[from] ability: Drizzle|[of] p1a: Pelipper
|move|p2a: Heatran|Magma Storm|p1a: Pelipper
|-resisted|p1a: Pelipper
|-damage|p1a: Pelipper|62/100
|-activate|p1a: Pelipper|move: Magma Storm|[of] p2a: Heatran
|
|-weather|RainDance|[upkeep]
|-heal|p2a: Heatran|94/100|[from] Grassy Terrain
|-heal|p2a: Heatran|100/100|[from] item: Leftovers
|-damage|p1a: Pelipper|49/100|[from] move: Magma Storm|[partiallytrapped]
|upkeep
|turn|23
|
|t:|1758350865
|move|p2a: Heatran|Magma Storm|p1a: Pelipper
|-resisted|p1a: Pelipper
|-damage|p1a: Pelipper|35/100
|move|p1a: Pelipper|Roost|p1a: Pelipper
|-heal|p1a: Pelipper|86/100
|-singleturn|p1a: Pelipper|move: Roost
|
|-weather|RainDance|[upkeep]
|-heal|p1a: Pelipper|92/100|[from] Grassy Terrain
|-damage|p1a: Pelipper|79/100|[from] move: Magma Storm|[partiallytrapped]
|upkeep
|turn|24
|
|t:|1758350877
|move|p2a: Heatran|Taunt|p1a: Pelipper
|-start|p1a: Pelipper|move: Taunt
|move|p1a: Pelipper|Knock Off|p2a: Heatran
|-damage|p2a: Heatran|88/100
|-enditem|p2a: Heatran|Leftovers|[from] move: Knock Off|[of] p1a: Pelipper
|
|-weather|RainDance|[upkeep]
|-heal|p2a: Heatran|95/100|[from] Grassy Terrain
|-damage|p1a: Pelipper|67/100|[from] move: Magma Storm|[partiallytrapped]
|-fieldend|move: Grassy Terrain
|upkeep
|turn|25
|
|t:|1758350885
|move|p2a: Heatran|Will-O-Wisp|p1a: Pelipper
|-status|p1a: Pelipper|brn
|move|p1a: Pelipper|U-turn|p2a: Heatran
|-resisted|p2a: Heatran
|-damage|p2a: Heatran|94/100
|
|t:|1758350891
|switch|p1a: Barraskewda|Barraskewda, F|49/100|[from] U-turn
|-damage|p1a: Barraskewda|37/100|[from] Stealth Rock
|
|-weather|RainDance|[upkeep]
|upkeep
|turn|26
|
|t:|1758350894
|move|p1a: Barraskewda|Flip Turn|p2a: Heatran
|-supereffective|p2a: Heatran
|-damage|p2a: Heatran|0 fnt
|faint|p2a: Heatran
|
|t:|1758350903
|switch|p1a: Zapdos|Zapdos|76/100|[from] Flip Turn
|-damage|p1a: Zapdos|51/100|[from] Stealth Rock
|
|-weather|RainDance|[upkeep]
|upkeep
|
|t:|1758350907
|switch|p2a: Ting-Lu|Ting-Lu|78/100
|-damage|p2a: Ting-Lu|72/100|[from] Stealth Rock
|-ability|p2a: Ting-Lu|Vessel of Ruin
|turn|27
|
|t:|1758350912
|move|p1a: Zapdos|Weather Ball|p2a: Ting-Lu
|-supereffective|p2a: Ting-Lu
|-damage|p2a: Ting-Lu|10/100
|move|p2a: Ting-Lu|Ruination|p1a: Zapdos
|-damage|p1a: Zapdos|26/100
|
|-weather|RainDance|[upkeep]
|upkeep
|turn|28
|
|t:|1758350919
|move|p1a: Zapdos|Weather Ball|p2a: Ting-Lu
|-supereffective|p2a: Ting-Lu
|-damage|p2a: Ting-Lu|0 fnt
|faint|p2a: Ting-Lu
|
|-weather|RainDance|[upkeep]
|upkeep
|
|t:|1758350921
|switch|p2a: Zamazenta|Zamazenta|100/100
|-damage|p2a: Zamazenta|94/100|[from] Stealth Rock
|-ability|p2a: Zamazenta|Dauntless Shield|boost
|-boost|p2a: Zamazenta|def|1
|turn|29
|
|t:|1758350929
|move|p2a: Zamazenta|Crunch|p1a: Zapdos
|-damage|p1a: Zapdos|0 fnt
|faint|p1a: Zapdos
|
|-weather|none
|-heal|p2a: Zamazenta|100/100|[from] item: Leftovers
|upkeep
|
|t:|1758350933
|switch|p1a: Toxicroak|Toxicroak, F|100/100
|-damage|p1a: Toxicroak|94/100|[from] Stealth Rock
|turn|30
|
|t:|1758350939
|move|p2a: Zamazenta|Iron Defense|p2a: Zamazenta
|-boost|p2a: Zamazenta|def|2
|move|p1a: Toxicroak|Toxic|p2a: Zamazenta
|-status|p2a: Zamazenta|tox
|
|-damage|p2a: Zamazenta|94/100 tox|[from] psn
|upkeep
|turn|31
|
|t:|1758350947
|move|p2a: Zamazenta|Iron Defense|p2a: Zamazenta
|-boost|p2a: Zamazenta|def|2
|move|p1a: Toxicroak|Encore|p2a: Zamazenta
|-start|p2a: Zamazenta|Encore
|
|-heal|p2a: Zamazenta|100/100 tox|[from] item: Leftovers
|-damage|p2a: Zamazenta|88/100 tox|[from] psn
|upkeep
|turn|32
|-message|Ikukik forfeited.
|
|win|Eggs Six Ways
|raw|Eggs Six Ways's rating: 1357 &rarr; <strong>1373</strong><br />(+16 for winning)
|raw|Ikukik's rating: 1290 &rarr; <strong>1270</strong><br />(-20 for losing)
|l|☆Ikukik
|player|p2|
|l|☆Eggs Six Ways
|player|p1|
