|j|☆pantydraco
|j|☆KaiZX49
|t:|1758378136
|gametype|singles
|player|p1|pantydraco|1|1084
|player|p2|KaiZX49|youngster|1171
|gen|9
|tier|[Gen 9] OU
|rated|
|rule|HP Percentage Mod: HP is shown in percentages
|rule|Endless Battle Clause: Forcing endless battles is banned
|rule|Species Clause: Limit one of each Pokémon
|rule|OHKO Clause: OHKO moves are banned
|rule|Evasion Items Clause: Evasion items are banned
|rule|Evasion Moves Clause: Evasion moves are banned
|rule|Evasion Abilities Clause: Evasion abilities are banned
|rule|Sleep Moves Clause: Sleep-inducing moves are banned
|clearpoke
|poke|p1|Cinccino, M|
|poke|p1|Flamigo, M|
|poke|p1|Donphan, M|
|poke|p1|Farigiraf, M|
|poke|p1|Dondozo, M|
|poke|p1|Hydrapple, M|
|poke|p2|Forretress, M|
|poke|p2|Flygon, M|
|poke|p2|Clodsire, M|
|poke|p2|Jumpluff, F|
|poke|p2|Dragapult, F|
|poke|p2|Heatran, M|
|teampreview
|inactive|Battle timer is ON: inactive players will automatically lose when time's up. (requested by KaiZX49)
|
|t:|1758378147
|teamsize|p1|6
|teamsize|p2|6
|start
|switch|p1a: Farigiraf|Farigiraf, M|100/100
|switch|p2a: Jumpluff|Jumpluff, F|100/100
|turn|1
|
|t:|1758378154
|move|p2a: Jumpluff|Stun Spore|p1a: Farigiraf
|-status|p1a: Farigiraf|par
|cant|p1a: Farigiraf|par
|
|upkeep
|turn|2
|
|t:|1758378164
|move|p2a: Jumpluff|Leech Seed|p1a: Farigiraf
|-start|p1a: Farigiraf|move: Leech Seed
|move|p1a: Farigiraf|Thunder Wave|p2a: Jumpluff
|-status|p2a: Jumpluff|par
|
|-damage|p1a: Farigiraf|88/100 par|[from] Leech Seed|[of] p2a: Jumpluff
|upkeep
|turn|3
|
|t:|1758378171
|move|p2a: Jumpluff|Encore|p1a: Farigiraf
|-start|p1a: Farigiraf|Encore
|move|p1a: Farigiraf|Thunder Wave|p2a: Jumpluff
|-fail|p2a: Jumpluff|par
|
|-damage|p1a: Farigiraf|76/100 par|[from] Leech Seed|[of] p2a: Jumpluff
|upkeep
|turn|4
|
|t:|1758378183
|switch|p1a: Flamigo|Flamigo, M|100/100
|move|p2a: Jumpluff|Stun Spore|p1a: Flamigo
|-status|p1a: Flamigo|par
|
|upkeep
|turn|5
|
|t:|1758378191
|switch|p2a: Forretress|Forretress, M|100/100
|move|p1a: Flamigo|Brave Bird|p2a: Forretress
|-damage|p2a: Forretress|54/100
|-damage|p1a: Flamigo|83/100 par|[from] Recoil
|-damage|p1a: Flamigo|73/100 par|[from] item: Life Orb
|
|upkeep
|turn|6
|
|t:|1758378204
|move|p1a: Flamigo|Close Combat|p2a: Forretress
|-damage|p2a: Forretress|12/100
|-unboost|p1a: Flamigo|def|1
|-unboost|p1a: Flamigo|spd|1
|-damage|p1a: Flamigo|63/100 par|[from] item: Life Orb
|move|p2a: Forretress|Stealth Rock|p1a: Flamigo
|-sidestart|p1: pantydraco|move: Stealth Rock
|
|upkeep
|turn|7
|-enditem|p2a: Forretress|Custap Berry|[eat]
|-activate|p2a: Forretress|item: Custap Berry|[consumed]
|
|t:|1758378219
|move|p2a: Forretress|Explosion|p1a: Flamigo
|-crit|p1a: Flamigo
|-damage|p1a: Flamigo|0 fnt
|faint|p2a: Forretress
|faint|p1a: Flamigo
|
|upkeep
|
|t:|1758378230
|switch|p1a: Farigiraf|Farigiraf, M|76/100 par
|switch|p2a: Flygon|Flygon, M|100/100
|-damage|p1a: Farigiraf|63/100 par|[from] Stealth Rock
|turn|8
|
|t:|1758378240
|move|p2a: Flygon|Scale Shot|p1a: Farigiraf
|-damage|p1a: Farigiraf|50/100 par
|-crit|p1a: Farigiraf
|-damage|p1a: Farigiraf|31/100 par
|-damage|p1a: Farigiraf|18/100 par
|-damage|p1a: Farigiraf|5/100 par
|-damage|p1a: Farigiraf|0 fnt
|faint|p1a: Farigiraf
|-hitcount|p1: Farigiraf|5
|-unboost|p2a: Flygon|def|1
|-boost|p2a: Flygon|spe|1
|
|upkeep
|
|t:|1758378253
|switch|p1a: Dondozo|Dondozo, M|100/100
|-damage|p1a: Dondozo|88/100|[from] Stealth Rock
|turn|9
|
|t:|1758378258
|switch|p2a: Jumpluff|Jumpluff, F|100/100 par
|move|p1a: Dondozo|Wave Crash|p2a: Jumpluff
|-resisted|p2a: Jumpluff
|-damage|p2a: Jumpluff|47/100 par
|-damage|p1a: Dondozo|76/100|[from] Recoil
|
|upkeep
|turn|10
|
|t:|1758378267
|-terastallize|p1a: Dondozo|Water
|move|p2a: Jumpluff|Strength Sap|p1a: Dondozo
|-unboost|p1a: Dondozo|atk|1
|-heal|p2a: Jumpluff|100/100 par
|move|p1a: Dondozo|Wave Crash|p2a: Jumpluff
|-resisted|p2a: Jumpluff
|-damage|p2a: Jumpluff|55/100 par
|-damage|p1a: Dondozo|65/100|[from] Recoil
|
|upkeep
|turn|11
|
|t:|1758378278
|move|p2a: Jumpluff|Strength Sap|p1a: Dondozo
|-unboost|p1a: Dondozo|atk|1
|-heal|p2a: Jumpluff|100/100 par
|move|p1a: Dondozo|Wave Crash|p2a: Jumpluff
|-resisted|p2a: Jumpluff
|-damage|p2a: Jumpluff|64/100 par
|-damage|p1a: Dondozo|57/100|[from] Recoil
|
|upkeep
|turn|12
|
|t:|1758378287
|switch|p1a: Hydrapple|Hydrapple, M|100/100
|-damage|p1a: Hydrapple|88/100|[from] Stealth Rock
|move|p2a: Jumpluff|Encore||[still]
|-fail|p2a: Jumpluff
|
|upkeep
|turn|13
|
|t:|1758378297
|switch|p2a: Clodsire|Clodsire, M|100/100
|move|p1a: Hydrapple|Fickle Beam|p2a: Clodsire|[anim] Fickle Beam All Out
|-activate|p1a: Hydrapple|move: Fickle Beam
|-damage|p2a: Clodsire|43/100
|-damage|p1a: Hydrapple|78/100|[from] item: Life Orb
|
|-heal|p2a: Clodsire|49/100|[from] item: Leftovers
|upkeep
|turn|14
|
|t:|1758378308
|switch|p2a: Heatran|Heatran, M|100/100
|move|p1a: Hydrapple|Earth Power|p2a: Heatran
|-supereffective|p2a: Heatran
|-damage|p2a: Heatran|0 fnt
|faint|p2a: Heatran
|-damage|p1a: Hydrapple|68/100|[from] item: Life Orb
|
|upkeep
|
|t:|1758378315
|switch|p2a: Jumpluff|Jumpluff, F|64/100 par
|turn|15
|
|t:|1758378319
|move|p2a: Jumpluff|Encore|p1a: Hydrapple
|-start|p1a: Hydrapple|Encore
|move|p1a: Hydrapple|Earth Power|p2a: Jumpluff
|-immune|p2a: Jumpluff
|
|upkeep
|turn|16
|
|t:|1758378326
|switch|p2a: Flygon|Flygon, M|100/100
|switch|p1a: Dondozo|Dondozo, M, tera:Water|57/100
|-damage|p1a: Dondozo|44/100|[from] Stealth Rock
|
|upkeep
|turn|17
|
|t:|1758378335
|switch|p2a: Clodsire|Clodsire, M|49/100
|move|p1a: Dondozo|Wave Crash|p2a: Clodsire
|-heal|p2a: Clodsire|74/100|[from] ability: Water Absorb|[of] p1a: Dondozo
|
|-heal|p2a: Clodsire|80/100|[from] item: Leftovers
|upkeep
|turn|18
|
|t:|1758378345
|switch|p1a: Donphan|Donphan, M|100/100
|move|p2a: Clodsire|Toxic|p1a: Donphan
|-status|p1a: Donphan|tox
|
|-heal|p2a: Clodsire|86/100|[from] item: Leftovers
|-damage|p1a: Donphan|94/100 tox|[from] psn
|upkeep
|turn|19
|
|t:|1758378355
|switch|p2a: Jumpluff|Jumpluff, F|64/100 par
|move|p1a: Donphan|Earthquake|p2a: Jumpluff
|-immune|p2a: Jumpluff
|
|-damage|p1a: Donphan|82/100 tox|[from] psn
|upkeep
|turn|20
|
|t:|1758378362
|cant|p2a: Jumpluff|par
|move|p1a: Donphan|Rapid Spin|p2a: Jumpluff
|-damage|p2a: Jumpluff|41/100 par
|-boost|p1a: Donphan|spe|1
|-sideend|p1: pantydraco|Stealth Rock|[from] move: Rapid Spin|[of] p1a: Donphan
|
|-damage|p1a: Donphan|64/100 tox|[from] psn
|upkeep
|turn|21
|
|t:|1758378371
|move|p1a: Donphan|Gunk Shot|p2a: Jumpluff
|-supereffective|p2a: Jumpluff
|-damage|p2a: Jumpluff|0 fnt
|faint|p2a: Jumpluff
|
|-damage|p1a: Donphan|40/100 tox|[from] psn
|upkeep
|
|t:|1758378378
|switch|p2a: Flygon|Flygon, M|100/100
|turn|22
|
|t:|1758378389
|-terastallize|p2a: Flygon|Steel
|move|p2a: Flygon|Dragon Dance|p2a: Flygon
|-boost|p2a: Flygon|atk|1
|-boost|p2a: Flygon|spe|1
|move|p1a: Donphan|Gunk Shot|p2a: Flygon
|-immune|p2a: Flygon
|
|-damage|p1a: Donphan|10/100 tox|[from] psn
|upkeep
|turn|23
|
|t:|1758378401
|move|p2a: Flygon|Scale Shot|p1a: Donphan
|-crit|p1a: Donphan
|-damage|p1a: Donphan|0 fnt
|faint|p1a: Donphan
|-hitcount|p1: Donphan|1
|-unboost|p2a: Flygon|def|1
|-boost|p2a: Flygon|spe|1
|
|upkeep
|
|t:|1758378411
|switch|p1a: Hydrapple|Hydrapple, M|100/100
|turn|24
|
|t:|1758378415
|move|p2a: Flygon|Scale Shot|p1a: Hydrapple
|-supereffective|p1a: Hydrapple
|-damage|p1a: Hydrapple|74/100
|-supereffective|p1a: Hydrapple
|-damage|p1a: Hydrapple|48/100
|-supereffective|p1a: Hydrapple
|-damage|p1a: Hydrapple|22/100
|-supereffective|p1a: Hydrapple
|-damage|p1a: Hydrapple|0 fnt
|faint|p1a: Hydrapple
|-hitcount|p1: Hydrapple|4
|-unboost|p2a: Flygon|def|1
|-boost|p2a: Flygon|spe|1
|
|upkeep
|
|t:|1758378428
|switch|p1a: Cinccino|Cinccino, M|100/100
|turn|25
|
|t:|1758378439
|move|p2a: Flygon|Earthquake|p1a: Cinccino
|-damage|p1a: Cinccino|0 fnt
|faint|p1a: Cinccino
|
|upkeep
|
|t:|1758378444
|switch|p1a: Dondozo|Dondozo, M, tera:Water|44/100
|turn|26
|
|t:|1758378450
|move|p2a: Flygon|Earthquake|p1a: Dondozo
|-damage|p1a: Dondozo|17/100
|move|p1a: Dondozo|Earthquake|p2a: Flygon
|-immune|p2a: Flygon|[from] ability: Levitate
|
|upkeep
|turn|27
|
|t:|1758378463
|move|p2a: Flygon|Earthquake|p1a: Dondozo
|-damage|p1a: Dondozo|0 fnt
|faint|p1a: Dondozo
|
|win|KaiZX49
|raw|pantydraco's rating: 1084 &rarr; <strong>1067</strong><br />(-17 for losing)
|raw|KaiZX49's rating: 1171 &rarr; <strong>1190</strong><br />(+19 for winning)
|l|☆pantydraco
|player|p1|
|l|☆KaiZX49
|player|p2|
