|j|☆MymySchoppenboer
|j|☆magical leaves
|t:|1758233649
|gametype|singles
|player|p1|MymySchoppenboer|klara|1294
|player|p2|magical leaves|aromalady|1284
|gen|9
|tier|[Gen 9] OU
|rated|
|rule|HP Percentage Mod: HP is shown in percentages
|rule|Endless Battle Clause: Forcing endless battles is banned
|rule|Species Clause: Limit one of each Pokémon
|rule|OHKO Clause: OHKO moves are banned
|rule|Evasion Items Clause: Evasion items are banned
|rule|Evasion Moves Clause: Evasion moves are banned
|rule|Evasion Abilities Clause: Evasion abilities are banned
|rule|Sleep Moves Clause: Sleep-inducing moves are banned
|clearpoke
|poke|p1|Tyranitar, F|
|poke|p1|Iron Valiant|
|poke|p1|Scizor, M|
|poke|p1|Landorus-Therian, M|
|poke|p1|Vileplume, F|
|poke|p1|Raging Bolt|
|poke|p2|Lilligant-Hisui, F|
|poke|p2|Thundurus, M|
|poke|p2|Ting-Lu|
|poke|p2|Blaziken, F|
|poke|p2|Walking Wake|
|poke|p2|Scizor, M|
|teampreview
|inactive|Battle timer is ON: inactive players will automatically lose when time's up. (requested by MymySchoppenboer)
|
|t:|1758233652
|teamsize|p1|6
|teamsize|p2|6
|start
|switch|p1a: Scizor|Scizor, M|100/100
|switch|p2a: shnow|Ting-Lu|100/100
|-ability|p2a: shnow|Vessel of Ruin
|turn|1
|
|t:|1758233661
|move|p1a: Scizor|Knock Off|p2a: shnow
|-resisted|p2a: shnow
|-damage|p2a: shnow|93/100
|-enditem|p2a: shnow|Leftovers|[from] move: Knock Off|[of] p1a: Scizor
|move|p2a: shnow|Stealth Rock|p1a: Scizor
|-sidestart|p1: MymySchoppenboer|move: Stealth Rock
|
|upkeep
|turn|2
|
|t:|1758233668
|move|p1a: Scizor|Defog|p2a: shnow
|-unboost|p2a: shnow|evasion|1
|-sideend|p1: MymySchoppenboer|Stealth Rock|[from] move: Defog|[of] p1a: Scizor
|move|p2a: shnow|Spikes|p1a: Scizor
|-sidestart|p1: MymySchoppenboer|Spikes
|
|upkeep
|turn|3
|
|t:|1758233674
|move|p1a: Scizor|U-turn|p2a: shnow
|-supereffective|p2a: shnow
|-damage|p2a: shnow|59/100
|
|t:|1758233677
|switch|p1a: Landorus|Landorus-Therian, M|100/100|[from] U-turn
|-ability|p1a: Landorus|Intimidate|boost
|-unboost|p2a: shnow|atk|1
|move|p2a: shnow|Stealth Rock|p1a: Landorus
|-sidestart|p1: MymySchoppenboer|move: Stealth Rock
|
|upkeep
|turn|4
|
|t:|1758233685
|move|p1a: Landorus|U-turn|p2a: shnow
|-supereffective|p2a: shnow
|-damage|p2a: shnow|37/100
|
|t:|1758233687
|switch|p1a: Scizor|Scizor, M|100/100|[from] U-turn
|-damage|p1a: Scizor|88/100|[from] Spikes
|-damage|p1a: Scizor|76/100|[from] Stealth Rock
|move|p2a: shnow|Whirlwind|p1a: Scizor
|drag|p1a: Raging Bolt|Raging Bolt|100/100
|
|upkeep
|turn|5
|
|t:|1758233698
|move|p1a: Raging Bolt|Taunt|p2a: shnow
|-start|p2a: shnow|move: Taunt
|move|p2a: shnow|Earthquake|p1a: Raging Bolt
|-supereffective|p1a: Raging Bolt
|-crit|p1a: Raging Bolt
|-damage|p1a: Raging Bolt|15/100
|
|upkeep
|turn|6
|
|t:|1758233711
|-end|p1a: Raging Bolt|Protosynthesis|[silent]
|switch|p1a: Scizor|Scizor, M|76/100
|-damage|p1a: Scizor|64/100|[from] Spikes
|-damage|p1a: Scizor|52/100|[from] Stealth Rock
|switch|p2a: thundercat|Thundurus, M|100/100
|
|upkeep
|turn|7
|
|t:|1758233720
|move|p2a: thundercat|Sunny Day|p2a: thundercat
|-weather|SunnyDay
|move|p1a: Scizor|Defog|p2a: thundercat
|-unboost|p2a: thundercat|evasion|1
|-sideend|p1: MymySchoppenboer|Spikes|[from] move: Defog|[of] p1a: Scizor
|-sideend|p1: MymySchoppenboer|Stealth Rock|[from] move: Defog|[of] p1a: Scizor
|
|-weather|SunnyDay|[upkeep]
|upkeep
|turn|8
|
|t:|1758233727
|switch|p1a: Tyranitar|Tyranitar, F|100/100
|-weather|Sandstorm|[from] ability: Sand Stream|[of] p1a: Tyranitar
|move|p2a: thundercat|Weather Ball|p1a: Tyranitar
|-damage|p1a: Tyranitar|87/100
|
|-weather|Sandstorm|[upkeep]
|-damage|p2a: thundercat|94/100|[from] Sandstorm
|upkeep
|turn|9
|
|t:|1758233745
|move|p2a: thundercat|Volt Switch|p1a: Tyranitar
|-damage|p1a: Tyranitar|74/100
|
|t:|1758233748
|switch|p2a: raps|Scizor, M|100/100|[from] Volt Switch
|move|p1a: Tyranitar|Knock Off|p2a: raps
|-crit|p2a: raps
|-damage|p2a: raps|22/100
|-enditem|p2a: raps|Heavy-Duty Boots|[from] move: Knock Off|[of] p1a: Tyranitar
|
|-weather|Sandstorm|[upkeep]
|upkeep
|turn|10
|
|t:|1758233760
|switch|p1a: Landorus|Landorus-Therian, M|100/100
|-ability|p1a: Landorus|Intimidate|boost
|-unboost|p2a: raps|atk|1
|move|p2a: raps|Swords Dance|p2a: raps
|-boost|p2a: raps|atk|2
|
|-weather|Sandstorm|[upkeep]
|upkeep
|turn|11
|
|t:|1758233769
|move|p1a: Landorus|U-turn|p2a: raps
|-resisted|p2a: raps
|-damage|p2a: raps|10/100
|
|t:|1758233772
|switch|p1a: Scizor|Scizor, M|52/100|[from] U-turn
|move|p2a: raps|Knock Off|p1a: Scizor
|-damage|p1a: Scizor|0 fnt
|-enditem|p1a: Scizor|Sitrus Berry|[from] move: Knock Off|[of] p2a: raps
|faint|p1a: Scizor
|
|-weather|Sandstorm|[upkeep]
|upkeep
|
|t:|1758233774
|switch|p1a: Raging Bolt|Raging Bolt|15/100
|turn|12
|
|t:|1758233785
|move|p1a: Raging Bolt|Thunderclap|p2a: raps
|-damage|p2a: raps|0 fnt
|faint|p2a: raps
|
|-weather|none
|upkeep
|
|t:|1758233792
|switch|p2a: shnow|Ting-Lu|37/100
|-ability|p2a: shnow|Vessel of Ruin
|turn|13
|
|t:|1758233797
|-end|p1a: Raging Bolt|Protosynthesis|[silent]
|switch|p1a: Landorus|Landorus-Therian, M|100/100
|-ability|p1a: Landorus|Intimidate|boost
|-unboost|p2a: shnow|atk|1
|move|p2a: shnow|Stealth Rock|p1a: Landorus
|-sidestart|p1: MymySchoppenboer|move: Stealth Rock
|
|upkeep
|turn|14
|
|t:|1758233804
|move|p1a: Landorus|U-turn|p2a: shnow
|-supereffective|p2a: shnow
|-damage|p2a: shnow|14/100
|
|t:|1758233815
|switch|p1a: Iron Valiant|Iron Valiant|100/100|[from] U-turn
|-damage|p1a: Iron Valiant|94/100|[from] Stealth Rock
|-enditem|p1a: Iron Valiant|Booster Energy
|-activate|p1a: Iron Valiant|ability: Quark Drive|[fromitem]
|-start|p1a: Iron Valiant|quarkdrivespe
|move|p2a: shnow|Spikes|p1a: Iron Valiant
|-sidestart|p1: MymySchoppenboer|Spikes
|
|upkeep
|turn|15
|
|t:|1758233834
|move|p1a: Iron Valiant|Moonblast|p2a: shnow
|-supereffective|p2a: shnow
|-damage|p2a: shnow|0 fnt
|faint|p2a: shnow
|
|upkeep
|
|t:|1758233843
|switch|p2a: thundercat|Thundurus, M|94/100
|turn|16
|
|t:|1758233847
|move|p2a: thundercat|Thunder Wave|p1a: Iron Valiant
|-status|p1a: Iron Valiant|par
|move|p1a: Iron Valiant|Knock Off|p2a: thundercat
|-damage|p2a: thundercat|55/100
|-enditem|p2a: thundercat|Heat Rock|[from] move: Knock Off|[of] p1a: Iron Valiant
|
|upkeep
|turn|17
|
|t:|1758233855
|move|p2a: thundercat|Volt Switch|p1a: Iron Valiant
|-damage|p1a: Iron Valiant|23/100 par
|-message|MymySchoppenboer forfeited.
|
|win|magical leaves
|raw|MymySchoppenboer's rating: 1294 &rarr; <strong>1268</strong><br />(-26 for losing)
|raw|magical leaves's rating: 1284 &rarr; <strong>1310</strong><br />(+26 for winning)
|l|☆MymySchoppenboer
|player|p1|
