|j|☆uheiygehgejgehge
|j|☆tsurugi kinjo
|inactive|Battle timer is ON: inactive players will automatically lose when time's up.
|t:|1758288991
|gametype|singles
|player|p1|uheiygehgejgehge|riley|
|player|p2|tsurugi kinjo|cyclist|
|gen|9
|tier|[Gen 9] OU
|rated|Tournament battle
|rule|HP Percentage Mod: HP is shown in percentages
|rule|Endless Battle Clause: Forcing endless battles is banned
|rule|Species Clause: Limit one of each Pokémon
|rule|OHKO Clause: OHKO moves are banned
|rule|Evasion Items Clause: Evasion items are banned
|rule|Evasion Moves Clause: Evasion moves are banned
|rule|Evasion Abilities Clause: Evasion abilities are banned
|rule|Sleep Moves Clause: Sleep-inducing moves are banned
|clearpoke
|poke|p1|Meowscarada, M|
|poke|p1|Garganacl, M|
|poke|p1|Great Tusk|
|poke|p1|Dondozo, F|
|poke|p1|Ceruledge, F|
|poke|p1|Dragonite, F|
|poke|p2|Garganacl, M|
|poke|p2|Meowscarada, F|
|poke|p2|Moltres|
|poke|p2|Iron Crown|
|poke|p2|Great Tusk|
|poke|p2|Kyurem|
|teampreview
|j|*Lady Monita ☀
|inactive|tsurugi kinjo also wants the timer to be on.
|
|t:|1758289000
|teamsize|p1|6
|teamsize|p2|6
|start
|switch|p1a: Ceruledge|Ceruledge, F|100/100
|switch|p2a: Meowscarada|Meowscarada, F|100/100
|turn|1
|
|t:|1758289006
|switch|p2a: Garganacl|Garganacl, M|100/100
|move|p1a: Ceruledge|Swords Dance|p1a: Ceruledge
|-boost|p1a: Ceruledge|atk|2
|
|upkeep
|turn|2
|
|t:|1758289011
|move|p1a: Ceruledge|Dragon Claw|p2a: Garganacl
|-damage|p2a: Garganacl|64/100
|move|p2a: Garganacl|Salt Cure|p1a: Ceruledge
|-supereffective|p1a: Ceruledge
|-damage|p1a: Ceruledge|61/100
|-start|p1a: Ceruledge|Salt Cure
|-ability|p1a: Ceruledge|Weak Armor|boost
|-unboost|p1a: Ceruledge|def|1
|-boost|p1a: Ceruledge|spe|2
|
|-heal|p2a: Garganacl|71/100|[from] item: Leftovers
|-damage|p1a: Ceruledge|48/100|[from] Salt Cure
|upkeep
|turn|3
|
|t:|1758289018
|move|p1a: Ceruledge|Shadow Sneak|p2a: Garganacl
|-damage|p2a: Garganacl|58/100
|move|p2a: Garganacl|Recover|p2a: Garganacl
|-heal|p2a: Garganacl|100/100
|
|-damage|p1a: Ceruledge|36/100|[from] Salt Cure
|upkeep
|turn|4
|
|t:|1758289021
|move|p1a: Ceruledge|Dragon Claw|p2a: Garganacl
|-damage|p2a: Garganacl|63/100
|move|p2a: Garganacl|Stealth Rock|p1a: Ceruledge
|-sidestart|p1: uheiygehgejgehge|move: Stealth Rock
|
|-heal|p2a: Garganacl|69/100|[from] item: Leftovers
|-damage|p1a: Ceruledge|24/100|[from] Salt Cure
|upkeep
|turn|5
|
|t:|1758289023
|move|p2a: Garganacl|Protect|p2a: Garganacl
|-singleturn|p2a: Garganacl|Protect
|move|p1a: Ceruledge|Bitter Blade|p2a: Garganacl
|-activate|p2a: Garganacl|move: Protect
|
|-heal|p2a: Garganacl|75/100|[from] item: Leftovers
|-damage|p1a: Ceruledge|11/100|[from] Salt Cure
|upkeep
|turn|6
|
|t:|1758289026
|move|p1a: Ceruledge|Dragon Claw|p2a: Garganacl
|-damage|p2a: Garganacl|43/100
|move|p2a: Garganacl|Recover|p2a: Garganacl
|-heal|p2a: Garganacl|93/100
|
|-heal|p2a: Garganacl|99/100|[from] item: Leftovers
|-damage|p1a: Ceruledge|0 fnt|[from] Salt Cure
|faint|p1a: Ceruledge
|upkeep
|
|t:|1758289028
|switch|p1a: Great Tusk|Great Tusk|100/100
|-damage|p1a: Great Tusk|98/100|[from] Stealth Rock
|turn|7
|
|t:|1758289034
|move|p1a: Great Tusk|Rapid Spin|p2a: Garganacl
|-resisted|p2a: Garganacl
|-damage|p2a: Garganacl|91/100
|-boost|p1a: Great Tusk|spe|1
|-sideend|p1: uheiygehgejgehge|Stealth Rock|[from] move: Rapid Spin|[of] p1a: Great Tusk
|-damage|p1a: Great Tusk|88/100|[from] item: Life Orb
|move|p2a: Garganacl|Salt Cure|p1a: Great Tusk
|-resisted|p1a: Great Tusk
|-crit|p1a: Great Tusk
|-damage|p1a: Great Tusk|84/100
|-start|p1a: Great Tusk|Salt Cure
|
|-heal|p2a: Garganacl|97/100|[from] item: Leftovers
|-damage|p1a: Great Tusk|72/100|[from] Salt Cure
|upkeep
|turn|8
|
|t:|1758289037
|move|p2a: Garganacl|Protect|p2a: Garganacl
|-singleturn|p2a: Garganacl|Protect
|move|p1a: Great Tusk|Earthquake|p2a: Garganacl
|-activate|p2a: Garganacl|move: Protect
|
|-heal|p2a: Garganacl|100/100|[from] item: Leftovers
|-damage|p1a: Great Tusk|59/100|[from] Salt Cure
|upkeep
|turn|9
|
|t:|1758289046
|-end|p1a: Great Tusk|Protosynthesis|[silent]
|switch|p1a: Garganacl|Garganacl, M|100/100
|switch|p2a: Meowscarada|Meowscarada, F|100/100
|
|upkeep
|turn|10
|
|t:|1758289052
|-terastallize|p1a: Garganacl|Fairy
|move|p2a: Meowscarada|U-turn|p1a: Garganacl
|-start|p2a: Meowscarada|typechange|Bug|[from] ability: Protean
|-resisted|p1a: Garganacl
|-damage|p1a: Garganacl|93/100
|
|t:|1758289062
|switch|p2a: Garganacl|Garganacl, M|100/100|[from] U-turn
|move|p1a: Garganacl|Curse|p1a: Garganacl
|-unboost|p1a: Garganacl|spe|1
|-boost|p1a: Garganacl|atk|1
|-boost|p1a: Garganacl|def|1
|
|-heal|p1a: Garganacl|99/100|[from] item: Leftovers
|upkeep
|turn|11
|
|t:|1758289065
|move|p2a: Garganacl|Salt Cure|p1a: Garganacl
|-damage|p1a: Garganacl|94/100
|-start|p1a: Garganacl|Salt Cure
|move|p1a: Garganacl|Salt Cure|p2a: Garganacl
|-damage|p2a: Garganacl|87/100
|-start|p2a: Garganacl|Salt Cure
|
|-heal|p2a: Garganacl|93/100|[from] item: Leftovers
|-heal|p1a: Garganacl|99/100|[from] item: Leftovers
|-damage|p2a: Garganacl|81/100|[from] Salt Cure
|-damage|p1a: Garganacl|88/100|[from] Salt Cure
|upkeep
|turn|12
|
|t:|1758289068
|move|p2a: Garganacl|Stealth Rock|p1a: Garganacl
|-sidestart|p1: uheiygehgejgehge|move: Stealth Rock
|move|p1a: Garganacl|Body Press|p2a: Garganacl
|-supereffective|p2a: Garganacl
|-damage|p2a: Garganacl|22/100
|
|-heal|p2a: Garganacl|28/100|[from] item: Leftovers
|-heal|p1a: Garganacl|94/100|[from] item: Leftovers
|-damage|p2a: Garganacl|16/100|[from] Salt Cure
|-damage|p1a: Garganacl|82/100|[from] Salt Cure
|upkeep
|turn|13
|
|t:|1758289073
|switch|p2a: Iron Crown|Iron Crown|100/100
|move|p1a: Garganacl|Curse|p1a: Garganacl
|-unboost|p1a: Garganacl|spe|1
|-boost|p1a: Garganacl|atk|1
|-boost|p1a: Garganacl|def|1
|
|-heal|p1a: Garganacl|88/100|[from] item: Leftovers
|-damage|p1a: Garganacl|75/100|[from] Salt Cure
|upkeep
|turn|14
|
|t:|1758289077
|move|p2a: Iron Crown|Tachyon Cutter|p1a: Garganacl
|-supereffective|p1a: Garganacl
|-damage|p1a: Garganacl|27/100
|-supereffective|p1a: Garganacl
|-damage|p1a: Garganacl|0 fnt
|faint|p1a: Garganacl
|-hitcount|p1: Garganacl|2
|
|upkeep
|
|t:|1758289081
|switch|p1a: Great Tusk|Great Tusk|59/100
|-damage|p1a: Great Tusk|56/100|[from] Stealth Rock
|turn|15
|
|t:|1758289095
|move|p2a: Iron Crown|Tachyon Cutter|p1a: Great Tusk
|-damage|p1a: Great Tusk|15/100
|-damage|p1a: Great Tusk|0 fnt
|faint|p1a: Great Tusk
|-end|p1a: Great Tusk|Protosynthesis|[silent]
|-hitcount|p1: Great Tusk|2
|
|upkeep
|
|t:|1758289100
|switch|p1a: Meowscarada|Meowscarada, M|100/100
|-damage|p1a: Meowscarada|88/100|[from] Stealth Rock
|turn|16
|
|t:|1758289110
|-end|p2a: Iron Crown|Quark Drive|[silent]
|switch|p2a: Garganacl|Garganacl, M|16/100
|move|p1a: Meowscarada|Knock Off|p2a: Garganacl
|-start|p1a: Meowscarada|typechange|Dark|[from] ability: Protean
|-damage|p2a: Garganacl|0 fnt
|-enditem|p2a: Garganacl|Leftovers|[from] move: Knock Off|[of] p1a: Meowscarada
|faint|p2a: Garganacl
|
|upkeep
|
|t:|1758289113
|switch|p2a: Meowscarada|Meowscarada, F|100/100
|turn|17
|
|t:|1758289117
|switch|p1a: Dondozo|Dondozo, F|100/100
|-damage|p1a: Dondozo|88/100|[from] Stealth Rock
|move|p2a: Meowscarada|U-turn|p1a: Dondozo
|-start|p2a: Meowscarada|typechange|Bug|[from] ability: Protean
|-damage|p1a: Dondozo|74/100
|
|t:|1758289121
|switch|p2a: Kyurem|Kyurem|100/100|[from] U-turn
|-ability|p2a: Kyurem|Pressure
|
|-heal|p1a: Dondozo|80/100|[from] item: Leftovers
|upkeep
|turn|18
|
|t:|1758289126
|move|p2a: Kyurem|Freeze-Dry|p1a: Dondozo
|-supereffective|p1a: Dondozo
|-damage|p1a: Dondozo|0 fnt
|faint|p1a: Dondozo
|
|upkeep
|
|t:|1758289131
|switch|p1a: Meowscarada|Meowscarada, M|88/100
|-damage|p1a: Meowscarada|76/100|[from] Stealth Rock
|turn|19
|
|t:|1758289134
|switch|p2a: Moltres|Moltres|100/100
|move|p1a: Meowscarada|Knock Off|p2a: Moltres
|-start|p1a: Meowscarada|typechange|Dark|[from] ability: Protean
|-damage|p2a: Moltres|53/100
|-enditem|p2a: Moltres|Heavy-Duty Boots|[from] move: Knock Off|[of] p1a: Meowscarada
|
|upkeep
|turn|20
|
|t:|1758289153
|switch|p1a: Dragonite|Dragonite, F|100/100
|-damage|p1a: Dragonite|75/100|[from] Stealth Rock
|move|p2a: Moltres|Will-O-Wisp|p1a: Dragonite|[miss]
|-miss|p2a: Moltres|p1a: Dragonite
|
|-heal|p1a: Dragonite|82/100|[from] item: Leftovers
|upkeep
|turn|21
|
|t:|1758289161
|move|p1a: Dragonite|Dragon Claw|p2a: Moltres
|-damage|p2a: Moltres|23/100
|-status|p1a: Dragonite|brn|[from] ability: Flame Body|[of] p2a: Moltres
|move|p2a: Moltres|Will-O-Wisp|p1a: Dragonite
|-fail|p1a: Dragonite|brn
|
|-heal|p1a: Dragonite|88/100 brn|[from] item: Leftovers
|-damage|p1a: Dragonite|82/100 brn|[from] brn
|upkeep
|turn|22
|
|t:|1758289176
|move|p1a: Dragonite|Dragon Dance|p1a: Dragonite
|-boost|p1a: Dragonite|atk|1
|-boost|p1a: Dragonite|spe|1
|move|p2a: Moltres|Roost|p2a: Moltres
|-heal|p2a: Moltres|73/100
|-singleturn|p2a: Moltres|move: Roost
|
|-heal|p1a: Dragonite|88/100 brn|[from] item: Leftovers
|-damage|p1a: Dragonite|82/100 brn|[from] brn
|upkeep
|turn|23
|
|t:|1758289180
|move|p1a: Dragonite|Dragon Dance|p1a: Dragonite
|-boost|p1a: Dragonite|atk|1
|-boost|p1a: Dragonite|spe|1
|move|p2a: Moltres|Roar|p1a: Dragonite
|drag|p1a: Meowscarada|Meowscarada, M|76/100
|-damage|p1a: Meowscarada|64/100|[from] Stealth Rock
|
|upkeep
|turn|24
|
|t:|1758289191
|move|p1a: Meowscarada|Triple Axel|p2a: Moltres
|-start|p1a: Meowscarada|typechange|Ice|[from] ability: Protean
|-damage|p2a: Moltres|63/100
|-status|p1a: Meowscarada|brn|[from] ability: Flame Body|[of] p2a: Moltres
|-damage|p2a: Moltres|54/100
|-damage|p2a: Moltres|39/100
|-hitcount|p2a: Moltres|3
|move|p2a: Moltres|Flamethrower|p1a: Meowscarada
|-supereffective|p1a: Meowscarada
|-crit|p1a: Meowscarada
|-damage|p1a: Meowscarada|0 fnt
|faint|p1a: Meowscarada
|
|upkeep
|
|t:|1758289199
|switch|p1a: Dragonite|Dragonite, F|82/100 brn
|-damage|p1a: Dragonite|57/100 brn|[from] Stealth Rock
|turn|25
|c|☆uheiygehgejgehge|you suck
|-message|uheiygehgejgehge forfeited.
|
|win|tsurugi kinjo
|n|☆uheiygehgejgehge|uheiygehgejgehge
|n|☆tsurugi kinjo|tsurugikinjo
|n|*Lady Monita ☀|ladymonita
|l|*Lady Monita ☀
|l|☆uheiygehgejgehge
|player|p1|
