|badge|p2|bronze|gen9ou|100-6
|uhtml|medal-msg|<div class="broadcast-blue">Curious what those medals under the avatar are? PS now has Ladder Seasons! For more information, check out the <a href="https://www.smogon.com/forums/threads/3740067/">thread on Smogon.</a></div>
|j|☆knock the pex
|j|☆sunny dancing
|t:|1758360735
|gametype|singles
|player|p1|knock the pex|swimmer|1697
|player|p2|sunny dancing|101|1749
|gen|9
|tier|[Gen 9] OU
|rated|
|rule|HP Percentage Mod: HP is shown in percentages
|rule|Endless Battle Clause: Forcing endless battles is banned
|rule|Species Clause: Limit one of each Pokémon
|rule|OHKO Clause: OHKO moves are banned
|rule|Evasion Items Clause: Evasion items are banned
|rule|Evasion Moves Clause: Evasion moves are banned
|rule|Evasion Abilities Clause: Evasion abilities are banned
|rule|Sleep Moves Clause: Sleep-inducing moves are banned
|clearpoke
|poke|p1|Scizor, F|
|poke|p1|Great Tusk|
|poke|p1|Weavile, F|
|poke|p1|Ogerpon-Wellspring, F|
|poke|p1|Enamorus, F|
|poke|p1|Heatran, M|
|poke|p2|Ogerpon-Wellspring, F|
|poke|p2|Slowking-Galar, F|
|poke|p2|Great Tusk|
|poke|p2|Moltres|
|poke|p2|Dragapult, M|
|poke|p2|Kingambit, F|
|teampreview
|inactive|Battle timer is ON: inactive players will automatically lose when time's up. (requested by sunny dancing)
|
|t:|1758360752
|teamsize|p1|6
|teamsize|p2|6
|start
|switch|p1a: Skullclamp|Scizor, F|100/100
|switch|p2a: Ogerpon|Ogerpon-Wellspring, F|100/100
|turn|1
|
|t:|1758360759
|move|p2a: Ogerpon|U-turn|p1a: Skullclamp
|-resisted|p1a: Skullclamp
|-damage|p1a: Skullclamp|88/100
|
|t:|1758360769
|switch|p2a: Moltres|Moltres|100/100|[from] U-turn
|move|p1a: Skullclamp|Knock Off|p2a: Moltres
|-damage|p2a: Moltres|75/100
|-enditem|p2a: Moltres|Heavy-Duty Boots|[from] move: Knock Off|[of] p1a: Skullclamp
|
|upkeep
|turn|2
|j| cryyysneasel
|
|t:|1758360778
|switch|p2a: Ogerpon|Ogerpon-Wellspring, F|100/100
|switch|p1a: Gitrog|Heatran, M|100/100
|
|upkeep
|turn|3
|
|t:|1758360785
|switch|p1a: Tatyova|Ogerpon-Wellspring, F|100/100
|move|p2a: Ogerpon|Knock Off|p1a: Tatyova
|-damage|p1a: Tatyova|68/100
|
|upkeep
|turn|4
|
|t:|1758360798
|switch|p1a: Gitrog|Heatran, M|100/100
|move|p2a: Ogerpon|Power Whip|p1a: Gitrog|[miss]
|-miss|p2a: Ogerpon|p1a: Gitrog
|
|upkeep
|turn|5
|j| Nikator98
|
|t:|1758360813
|switch|p1a: Tatyova|Ogerpon-Wellspring, F|68/100
|move|p2a: Ogerpon|Knock Off|p1a: Tatyova
|-damage|p1a: Tatyova|32/100
|
|upkeep
|turn|6
|
|t:|1758360822
|switch|p1a: Skullclamp|Scizor, F|88/100
|move|p2a: Ogerpon|Knock Off|p1a: Skullclamp
|-damage|p1a: Skullclamp|48/100
|-enditem|p1a: Skullclamp|Sitrus Berry|[from] move: Knock Off|[of] p2a: Ogerpon
|
|upkeep
|turn|7
|l| cryyysneasel
|
|t:|1758360830
|move|p1a: Skullclamp|Bullet Punch|p2a: Ogerpon
|-resisted|p2a: Ogerpon
|-damage|p2a: Ogerpon|77/100
|move|p2a: Ogerpon|Ivy Cudgel|p1a: Skullclamp|[anim] Ivy Cudgel Water
|-damage|p1a: Skullclamp|0 fnt
|faint|p1a: Skullclamp
|
|upkeep
|
|t:|1758360833
|switch|p1a: Bojuka|Weavile, F|100/100
|-ability|p1a: Bojuka|Pressure
|turn|8
|
|t:|1758360841
|-terastallize|p2a: Ogerpon|Water
|detailschange|p2a: Ogerpon|Ogerpon-Wellspring-Tera, F, tera:Water
|-ability|p2a: Ogerpon|Embody Aspect (Wellspring)|boost
|-boost|p2a: Ogerpon|spd|1
|move|p1a: Bojuka|Swords Dance|p1a: Bojuka
|-boost|p1a: Bojuka|atk|2
|move|p2a: Ogerpon|Power Whip|p1a: Bojuka
|-damage|p1a: Bojuka|0 fnt
|faint|p1a: Bojuka
|
|upkeep
|
|t:|1758360847
|switch|p1a: Tatyova|Ogerpon-Wellspring, F|32/100
|turn|9
|
|t:|1758360853
|move|p2a: Ogerpon|Knock Off|p1a: Tatyova
|-damage|p1a: Tatyova|0 fnt
|faint|p1a: Tatyova
|
|upkeep
|
|t:|1758360860
|switch|p1a: Serra Angel|Enamorus, F|100/100
|turn|10
|
|t:|1758360866
|-terastallize|p1a: Serra Angel|Stellar
|move|p1a: Serra Angel|Tera Blast|p2a: Ogerpon|[anim] Tera Blast Stellar
|-supereffective|p2a: Ogerpon
|-damage|p2a: Ogerpon|2/100
|-boost|p1a: Serra Angel|atk|1
|-boost|p1a: Serra Angel|spa|1
|move|p2a: Ogerpon|Ivy Cudgel|p1a: Serra Angel|[anim] Ivy Cudgel Water
|-damage|p1a: Serra Angel|0 fnt
|faint|p1a: Serra Angel
|
|upkeep
|-message|knock the pex forfeited.
|
|win|sunny dancing
|raw|knock the pex's rating: 1697 &rarr; <strong>1680</strong><br />(-17 for losing)
|raw|sunny dancing's rating: 1749 &rarr; <strong>1766</strong><br />(+17 for winning)
|l|☆sunny dancing
|player|p2|
|l|☆knock the pex
|player|p1|
