|j|☆Itotio
|j|☆Quiero mucho a Mar
|t:|1758271908
|gametype|singles
|player|p1|Itotio|lucas|1704
|player|p2|Quiero mucho a Mar|firebreather-gen2|1709
|gen|9
|tier|[Gen 9] OU
|rated|
|rule|HP Percentage Mod: HP is shown in percentages
|rule|Endless Battle Clause: Forcing endless battles is banned
|rule|Species Clause: Limit one of each Pokémon
|rule|OHKO Clause: OHKO moves are banned
|rule|Evasion Items Clause: Evasion items are banned
|rule|Evasion Moves Clause: Evasion moves are banned
|rule|Evasion Abilities Clause: Evasion abilities are banned
|rule|Sleep Moves Clause: Sleep-inducing moves are banned
|clearpoke
|poke|p1|Cinderace, F|
|poke|p1|Sinistcha-Masterpiece|
|poke|p1|Kingambit, M|
|poke|p1|Ninetales-Alola, M|
|poke|p1|Dragonite, M|
|poke|p1|Ursaluna, M|
|poke|p2|Slowking-Galar, F|
|poke|p2|Great Tusk|
|poke|p2|Arcanine-Hisui, M|
|poke|p2|Corviknight, M|
|poke|p2|Dragapult, M|
|poke|p2|Darkrai|
|teampreview
|inactive|Battle timer is ON: inactive players will automatically lose when time's up. (requested by Itotio)
|
|t:|1758271920
|teamsize|p1|6
|teamsize|p2|6
|start
|switch|p1a: Cinderace|Cinderace, F|100/100
|switch|p2a: Dragapult|Dragapult, M|100/100
|turn|1
|
|t:|1758271929
|switch|p1a: Kingambit|Kingambit, M, shiny|100/100
|move|p2a: Dragapult|Dragon Darts|p1a: Kingambit
|-resisted|p1a: Kingambit
|-damage|p1a: Kingambit|87/100
|-anim|p2a: Dragapult|Dragon Darts|p1a: Kingambit
|-resisted|p1a: Kingambit
|-damage|p1a: Kingambit|73/100
|
|-heal|p1a: Kingambit|79/100|[from] item: Leftovers
|upkeep
|turn|2
|
|t:|1758271936
|switch|p2a: Corviknight|Corviknight, M|100/100
|-ability|p2a: Corviknight|Pressure
|move|p1a: Kingambit|Kowtow Cleave|p2a: Corviknight
|-damage|p2a: Corviknight|70/100
|-damage|p1a: Kingambit|63/100|[from] item: Rocky Helmet|[of] p2a: Corviknight
|
|-heal|p1a: Kingambit|69/100|[from] item: Leftovers
|upkeep
|turn|3
|
|t:|1758271940
|-end|p1a: Kingambit|fallenundefined|[silent]
|switch|p1a: Cinderace|Cinderace, F|100/100
|move|p2a: Corviknight|U-turn|p1a: Cinderace
|-resisted|p1a: Cinderace
|-damage|p1a: Cinderace|91/100
|
|t:|1758271943
|switch|p2a: Dragapult|Dragapult, M|100/100|[from] U-turn
|
|upkeep
|turn|4
|
|t:|1758271948
|move|p2a: Dragapult|Dragon Darts|p1a: Cinderace
|-damage|p1a: Cinderace|41/100
|-anim|p2a: Dragapult|Dragon Darts|p1a: Cinderace
|-damage|p1a: Cinderace|0 fnt
|faint|p1a: Cinderace
|
|upkeep
|
|t:|1758271950
|switch|p1a: Ninetales|Ninetales-Alola, M|100/100
|-weather|Snowscape|[from] ability: Snow Warning|[of] p1a: Ninetales
|turn|5
|
|t:|1758271953
|switch|p2a: Slowking|Slowking-Galar, F|100/100
|move|p1a: Ninetales|Aurora Veil|p1a: Ninetales
|-sidestart|p1: Itotio|move: Aurora Veil
|
|-weather|Snowscape|[upkeep]
|upkeep
|turn|6
|
|t:|1758271956
|switch|p1a: Ursaluna|Ursaluna, M|100/100
|-prepare|p2a: Slowking|Chilly Reception|[premajor]
|move|p2a: Slowking|Chilly Reception|p2a: Slowking
|
|t:|1758271962
|switch|p2a: Corviknight|Corviknight, M|70/100|[from] Chilly Reception
|-ability|p2a: Corviknight|Pressure
|
|-weather|Snowscape|[upkeep]
|-status|p1a: Ursaluna|brn|[from] item: Flame Orb
|upkeep
|turn|7
|j| wgw2333
|
|t:|1758271964
|move|p1a: Ursaluna|Fire Punch|p2a: Corviknight
|-supereffective|p2a: Corviknight
|-damage|p2a: Corviknight|18/100
|-damage|p1a: Ursaluna|84/100 brn|[from] item: Rocky Helmet|[of] p2a: Corviknight
|move|p2a: Corviknight|Roost|p2a: Corviknight
|-heal|p2a: Corviknight|68/100
|-singleturn|p2a: Corviknight|move: Roost
|
|-weather|Snowscape|[upkeep]
|-damage|p1a: Ursaluna|78/100 brn|[from] brn
|upkeep
|turn|8
|
|t:|1758271975
|move|p1a: Ursaluna|Swords Dance|p1a: Ursaluna
|-boost|p1a: Ursaluna|atk|2
|move|p2a: Corviknight|Roost|p2a: Corviknight
|-heal|p2a: Corviknight|100/100
|-singleturn|p2a: Corviknight|move: Roost
|
|-weather|Snowscape|[upkeep]
|-damage|p1a: Ursaluna|72/100 brn|[from] brn
|upkeep
|turn|9
|
|t:|1758271978
|switch|p2a: Great Tusk|Great Tusk|100/100
|move|p1a: Ursaluna|Fire Punch|p2a: Great Tusk
|-damage|p2a: Great Tusk|29/100
|-status|p2a: Great Tusk|brn
|
|-weather|none
|-damage|p2a: Great Tusk|23/100 brn|[from] brn
|-damage|p1a: Ursaluna|65/100 brn|[from] brn
|upkeep
|turn|10
|
|t:|1758271991
|move|p2a: Great Tusk|Stealth Rock|p1a: Ursaluna
|-sidestart|p1: Itotio|move: Stealth Rock
|move|p1a: Ursaluna|Fire Punch|p2a: Great Tusk
|-damage|p2a: Great Tusk|0 fnt
|faint|p2a: Great Tusk
|-end|p2a: Great Tusk|Protosynthesis|[silent]
|
|-damage|p1a: Ursaluna|59/100 brn|[from] brn
|upkeep
|
|t:|1758271993
|switch|p2a: Dragapult|Dragapult, M|100/100
|turn|11
|
|t:|1758271997
|move|p2a: Dragapult|U-turn|p1a: Ursaluna
|-damage|p1a: Ursaluna|44/100 brn
|
|t:|1758272000
|switch|p2a: Corviknight|Corviknight, M|100/100|[from] U-turn
|-ability|p2a: Corviknight|Pressure
|move|p1a: Ursaluna|Headlong Rush|p2a: Corviknight
|-immune|p2a: Corviknight
|
|-damage|p1a: Ursaluna|38/100 brn|[from] brn
|upkeep
|turn|12
|
|t:|1758272013
|switch|p2a: Arcanine|Arcanine-Hisui, M|100/100
|move|p1a: Ursaluna|Facade|p2a: Arcanine
|-resisted|p2a: Arcanine
|-damage|p2a: Arcanine|0 fnt
|faint|p2a: Arcanine
|
|-damage|p1a: Ursaluna|32/100 brn|[from] brn
|-sideend|p1: Itotio|move: Aurora Veil
|upkeep
|
|t:|1758272018
|switch|p2a: Dragapult|Dragapult, M|100/100
|turn|13
|
|t:|1758272023
|switch|p1a: Ninetales|Ninetales-Alola, M|100/100
|-damage|p1a: Ninetales|76/100|[from] Stealth Rock
|-weather|Snowscape|[from] ability: Snow Warning|[of] p1a: Ninetales
|move|p2a: Dragapult|Dragon Darts|p1a: Ninetales
|-immune|p1a: Ninetales
|
|-weather|Snowscape|[upkeep]
|upkeep
|turn|14
|
|t:|1758272026
|switch|p2a: Slowking|Slowking-Galar, F|100/100
|move|p1a: Ninetales|Aurora Veil|p1a: Ninetales
|-sidestart|p1: Itotio|move: Aurora Veil
|
|-weather|Snowscape|[upkeep]
|upkeep
|turn|15
|
|t:|1758272030
|switch|p1a: Kingambit|Kingambit, M, shiny|69/100
|-damage|p1a: Kingambit|63/100|[from] Stealth Rock
|-activate|p1a: Kingambit|ability: Supreme Overlord
|-start|p1a: Kingambit|fallen1|[silent]
|-prepare|p2a: Slowking|Chilly Reception|[premajor]
|move|p2a: Slowking|Chilly Reception|p2a: Slowking
|
|t:|1758272032
|switch|p2a: Darkrai|Darkrai|100/100|[from] Chilly Reception
|
|-weather|Snowscape|[upkeep]
|-heal|p1a: Kingambit|69/100|[from] item: Leftovers
|upkeep
|turn|16
|
|t:|1758272039
|move|p2a: Darkrai|Will-O-Wisp|p1a: Kingambit|[miss]
|-miss|p2a: Darkrai|p1a: Kingambit
|move|p1a: Kingambit|Iron Head|p2a: Darkrai
|-damage|p2a: Darkrai|29/100
|
|-weather|Snowscape|[upkeep]
|-heal|p2a: Darkrai|35/100|[from] item: Leftovers
|-heal|p1a: Kingambit|75/100|[from] item: Leftovers
|upkeep
|turn|17
|
|t:|1758272045
|switch|p2a: Corviknight|Corviknight, M|100/100
|-ability|p2a: Corviknight|Pressure
|-end|p1a: Kingambit|fallen1|[silent]
|switch|p1a: Ninetales|Ninetales-Alola, M|76/100
|-damage|p1a: Ninetales|51/100|[from] Stealth Rock
|
|-weather|none
|upkeep
|turn|18
|
|t:|1758272050
|switch|p1a: Sinistcha|Sinistcha-Masterpiece|100/100
|-damage|p1a: Sinistcha|88/100|[from] Stealth Rock
|move|p2a: Corviknight|U-turn|p1a: Sinistcha
|-damage|p1a: Sinistcha|82/100
|
|t:|1758272053
|switch|p2a: Dragapult|Dragapult, M|100/100|[from] U-turn
|
|-heal|p1a: Sinistcha|88/100|[from] item: Leftovers
|upkeep
|turn|19
|
|t:|1758272055
|-terastallize|p2a: Dragapult|Ghost
|move|p2a: Dragapult|Tera Blast|p1a: Sinistcha|[anim] Tera Blast Ghost
|-supereffective|p1a: Sinistcha
|-damage|p1a: Sinistcha|23/100
|move|p1a: Sinistcha|Shadow Ball|p2a: Dragapult
|-supereffective|p2a: Dragapult
|-damage|p2a: Dragapult|0 fnt
|faint|p2a: Dragapult
|
|-heal|p1a: Sinistcha|29/100|[from] item: Leftovers
|upkeep
|
|t:|1758272059
|switch|p2a: Darkrai|Darkrai|35/100
|turn|20
|
|t:|1758272062
|move|p2a: Darkrai|Dark Pulse|p1a: Sinistcha
|-supereffective|p1a: Sinistcha
|-damage|p1a: Sinistcha|0 fnt
|faint|p1a: Sinistcha
|
|-heal|p2a: Darkrai|41/100|[from] item: Leftovers
|upkeep
|
|t:|1758272066
|switch|p1a: Ninetales|Ninetales-Alola, M|51/100
|-damage|p1a: Ninetales|26/100|[from] Stealth Rock
|-weather|Snowscape|[from] ability: Snow Warning|[of] p1a: Ninetales
|turn|21
|
|t:|1758272068
|switch|p2a: Slowking|Slowking-Galar, F|100/100
|move|p1a: Ninetales|Blizzard|p2a: Slowking
|-damage|p2a: Slowking|78/100
|
|-weather|Snowscape|[upkeep]
|-sideend|p1: Itotio|move: Aurora Veil
|upkeep
|turn|22
|
|t:|1758272071
|move|p1a: Ninetales|Aurora Veil|p1a: Ninetales
|-sidestart|p1: Itotio|move: Aurora Veil
|move|p2a: Slowking|Future Sight|p1a: Ninetales
|-start|p2a: Slowking|move: Future Sight
|
|-weather|Snowscape|[upkeep]
|upkeep
|turn|23
|
|t:|1758272075
|switch|p1a: Kingambit|Kingambit, M, shiny|75/100
|-damage|p1a: Kingambit|69/100|[from] Stealth Rock
|-activate|p1a: Kingambit|ability: Supreme Overlord
|-start|p1a: Kingambit|fallen2|[silent]
|switch|p2a: Corviknight|Corviknight, M|100/100
|-ability|p2a: Corviknight|Pressure
|
|-weather|Snowscape|[upkeep]
|-heal|p1a: Kingambit|75/100|[from] item: Leftovers
|upkeep
|turn|24
|
|t:|1758272077
|move|p2a: Corviknight|Body Press|p1a: Kingambit
|-supereffective|p1a: Kingambit
|-crit|p1a: Kingambit
|-damage|p1a: Kingambit|0 fnt
|faint|p1a: Kingambit
|-end|p1a: Kingambit|fallen2|[silent]
|
|-weather|Snowscape|[upkeep]
|-hint|Future Sight did not hit because the target is fainted.
|upkeep
|
|t:|1758272082
|switch|p1a: Dragonite|Dragonite, M|100/100
|turn|25
|
|t:|1758272085
|move|p1a: Dragonite|Encore|p2a: Corviknight
|-start|p2a: Corviknight|Encore
|move|p2a: Corviknight|Body Press|p1a: Dragonite
|-resisted|p1a: Dragonite
|-damage|p1a: Dragonite|97/100
|
|-weather|none
|upkeep
|turn|26
|
|t:|1758272090
|switch|p2a: Slowking|Slowking-Galar, F|100/100
|move|p1a: Dragonite|Dragon Dance|p1a: Dragonite
|-boost|p1a: Dragonite|atk|1
|-boost|p1a: Dragonite|spe|1
|
|upkeep
|turn|27
|
|t:|1758272093
|move|p1a: Dragonite|Earthquake|p2a: Slowking
|-supereffective|p2a: Slowking
|-damage|p2a: Slowking|0 fnt
|faint|p2a: Slowking
|
|upkeep
|-message|Quiero mucho a Mar forfeited.
|
|win|Itotio
|raw|Itotio's rating: 1704 &rarr; <strong>1724</strong><br />(+20 for winning)
|raw|Quiero mucho a Mar's rating: 1709 &rarr; <strong>1689</strong><br />(-20 for losing)
|l|☆Quiero mucho a Mar
|player|p2|
|l|☆Itotio
|player|p1|
|l| wgw2333
