|j|☆jibreel69
|j|☆fulkttd
|t:|1758923785
|gametype|singles
|player|p1|jibreel69|266|1460
|player|p2|fulkttd|zinzolin|1467
|gen|9
|tier|[Gen 9] OU
|rated|
|rule|HP Percentage Mod: HP is shown in percentages
|rule|Endless Battle Clause: Forcing endless battles is banned
|rule|Species Clause: Limit one of each Pokémon
|rule|OHKO Clause: OHKO moves are banned
|rule|Evasion Items Clause: Evasion items are banned
|rule|Evasion Moves Clause: Evasion moves are banned
|rule|Evasion Abilities Clause: Evasion abilities are banned
|rule|Sleep Moves Clause: Sleep-inducing moves are banned
|clearpoke
|poke|p1|Kommo-o, M|
|poke|p1|Gholdengo|
|poke|p1|Ninetales-Alola, M|
|poke|p1|Hatterene, F|
|poke|p1|Zamazenta-*|
|poke|p1|Kingambit, M|
|poke|p2|Dragapult, M|
|poke|p2|Great Tusk|
|poke|p2|Hatterene, F|
|poke|p2|Slowking-Galar, F|
|poke|p2|Gholdengo|
|poke|p2|Ogerpon-Wellspring, F|
|teampreview
|inactive|Battle timer is ON: inactive players will automatically lose when time's up. (requested by fulkttd)
|
|t:|1758923797
|teamsize|p1|6
|teamsize|p2|6
|start
|switch|p1a: Ninetales|Ninetales-Alola, M|100/100
|switch|p2a: Hatterene|Hatterene, F|100/100
|-weather|Snowscape|[from] ability: Snow Warning|[of] p1a: Ninetales
|turn|1
|
|t:|1758923799
|move|p1a: Ninetales|Aurora Veil|p1a: Ninetales
|-sidestart|p1: jibreel69|move: Aurora Veil
|move|p2a: Hatterene|Nuzzle|p1a: Ninetales
|-damage|p1a: Ninetales|99/100
|-status|p1a: Ninetales|par
|
|-weather|Snowscape|[upkeep]
|upkeep
|turn|2
|
|t:|1758923806
|switch|p1a: Gholdengo|Gholdengo|100/100
|move|p2a: Hatterene|Calm Mind|p2a: Hatterene
|-boost|p2a: Hatterene|spa|1
|-boost|p2a: Hatterene|spd|1
|
|-weather|Snowscape|[upkeep]
|upkeep
|turn|3
|
|t:|1758923813
|-terastallize|p2a: Hatterene|Water
|move|p1a: Gholdengo|Nasty Plot|p1a: Gholdengo
|-boost|p1a: Gholdengo|spa|2
|move|p2a: Hatterene|Calm Mind|p2a: Hatterene
|-boost|p2a: Hatterene|spa|1
|-boost|p2a: Hatterene|spd|1
|
|-weather|Snowscape|[upkeep]
|upkeep
|turn|4
|
|t:|1758923821
|move|p1a: Gholdengo|Psyshock|p2a: Hatterene
|-damage|p2a: Hatterene|49/100
|move|p2a: Hatterene|Calm Mind|p2a: Hatterene
|-boost|p2a: Hatterene|spa|1
|-boost|p2a: Hatterene|spd|1
|
|-weather|Snowscape|[upkeep]
|-heal|p2a: Hatterene|55/100|[from] item: Leftovers
|upkeep
|turn|5
|
|t:|1758923826
|move|p1a: Gholdengo|Nasty Plot|p1a: Gholdengo
|-boost|p1a: Gholdengo|spa|2
|move|p2a: Hatterene|Nuzzle|p1a: Gholdengo
|-damage|p1a: Gholdengo|98/100
|-status|p1a: Gholdengo|par
|
|-weather|none
|-heal|p2a: Hatterene|61/100|[from] item: Leftovers
|upkeep
|turn|6
|
|t:|1758923828
|move|p1a: Gholdengo|Psyshock|p2a: Hatterene
|-crit|p2a: Hatterene
|-damage|p2a: Hatterene|0 fnt
|faint|p2a: Hatterene
|
|upkeep
|
|t:|1758923837
|switch|p2a: Gholdengo|Gholdengo|100/100
|turn|7
|
|t:|1758923845
|move|p2a: Gholdengo|Shadow Ball|p1a: Gholdengo
|-supereffective|p1a: Gholdengo
|-damage|p1a: Gholdengo|45/100 par
|move|p1a: Gholdengo|Shadow Ball|p2a: Gholdengo
|-supereffective|p2a: Gholdengo
|-damage|p2a: Gholdengo|0 fnt
|faint|p2a: Gholdengo
|
|upkeep
|
|t:|1758923852
|switch|p2a: Dragapult|Dragapult, M|100/100
|turn|8
|
|t:|1758923857
|move|p2a: Dragapult|U-turn|p1a: Gholdengo
|-resisted|p1a: Gholdengo
|-damage|p1a: Gholdengo|38/100 par
|
|t:|1758923862
|switch|p2a: Slowking|Slowking-Galar, F|100/100|[from] U-turn
|move|p1a: Gholdengo|Shadow Ball|p2a: Slowking
|-supereffective|p2a: Slowking
|-damage|p2a: Slowking|0 fnt
|faint|p2a: Slowking
|
|-sideend|p1: jibreel69|move: Aurora Veil
|upkeep
|
|t:|1758923865
|switch|p2a: Great Tusk|Great Tusk|100/100
|turn|9
|
|t:|1758923872
|move|p2a: Great Tusk|Headlong Rush|p1a: Gholdengo
|-supereffective|p1a: Gholdengo
|-damage|p1a: Gholdengo|0 fnt
|-unboost|p2a: Great Tusk|def|1
|-unboost|p2a: Great Tusk|spd|1
|faint|p1a: Gholdengo
|
|upkeep
|
|t:|1758923886
|switch|p1a: Ninetales|Ninetales-Alola, M|99/100 par
|-weather|Snowscape|[from] ability: Snow Warning|[of] p1a: Ninetales
|turn|10
|
|t:|1758923891
|-end|p2a: Great Tusk|Protosynthesis|[silent]
|switch|p2a: Ogerpon|Ogerpon-Wellspring, F|100/100
|move|p1a: Ninetales|Aurora Veil|p1a: Ninetales
|-sidestart|p1: jibreel69|move: Aurora Veil
|
|-weather|Snowscape|[upkeep]
|upkeep
|turn|11
|
|t:|1758923900
|switch|p1a: Zamazenta|Zamazenta|100/100
|-ability|p1a: Zamazenta|Dauntless Shield|boost
|-boost|p1a: Zamazenta|def|1
|move|p2a: Ogerpon|Encore||[still]
|-fail|p2a: Ogerpon
|
|-weather|Snowscape|[upkeep]
|upkeep
|turn|12
|
|t:|1758923910
|move|p1a: Zamazenta|Stone Edge|p2a: Ogerpon
|-crit|p2a: Ogerpon
|-damage|p2a: Ogerpon|19/100
|-damage|p1a: Zamazenta|91/100|[from] item: Life Orb
|move|p2a: Ogerpon|Ivy Cudgel|p1a: Zamazenta|[anim] Ivy Cudgel Water
|-damage|p1a: Zamazenta|73/100
|
|-weather|Snowscape|[upkeep]
|upkeep
|turn|13
|-message|fulkttd forfeited.
|
|win|jibreel69
|raw|jibreel69's rating: 1460 &rarr; <strong>1480</strong><br />(+20 for winning)
|raw|fulkttd's rating: 1467 &rarr; <strong>1447</strong><br />(-20 for losing)
|l|☆fulkttd
|player|p2|
