|j|☆brickforbrains
|j|☆pokemongen4444
|t:|1758990032
|gametype|singles
|player|p1|brickforbrains|ingo|1194
|player|p2|pokemongen4444|shadowtriad|1148
|gen|9
|tier|[Gen 9] OU
|rated|
|rule|HP Percentage Mod: HP is shown in percentages
|rule|Endless Battle Clause: Forcing endless battles is banned
|rule|Species Clause: Limit one of each Pokémon
|rule|OHKO Clause: OHKO moves are banned
|rule|Evasion Items Clause: Evasion items are banned
|rule|Evasion Moves Clause: Evasion moves are banned
|rule|Evasion Abilities Clause: Evasion abilities are banned
|rule|Sleep Moves Clause: Sleep-inducing moves are banned
|clearpoke
|poke|p1|Gyarados, M|
|poke|p1|Pelipper, M|
|poke|p1|Blaziken, M|
|poke|p1|Cloyster, F|
|poke|p1|Clawitzer, F|
|poke|p1|Sinistcha-Masterpiece|
|poke|p2|Malamar, F|
|poke|p2|Glimmora, M|
|poke|p2|Alomomola, M|
|poke|p2|Incineroar, F|
|poke|p2|Dragapult, M|
|poke|p2|Morpeko, M|
|teampreview
|inactive|Battle timer is ON: inactive players will automatically lose when time's up. (requested by pokemongen4444)
|
|t:|1758990052
|teamsize|p1|6
|teamsize|p2|6
|start
|switch|p1a: Gyarados|Gyarados, M|100/100
|switch|p2a: Malamar|Malamar, F, shiny|100/100
|-ability|p1a: Gyarados|Intimidate|boost
|-boost|p2a: Malamar|atk|1
|turn|1
|
|t:|1758990067
|move|p1a: Gyarados|Muddy Water|p2a: Malamar
|-damage|p2a: Malamar|83/100
|-damage|p1a: Gyarados|91/100|[from] item: Life Orb
|move|p2a: Malamar|Superpower|p1a: Gyarados
|-resisted|p1a: Gyarados
|-damage|p1a: Gyarados|54/100
|-boost|p2a: Malamar|atk|1
|-boost|p2a: Malamar|def|1
|
|upkeep
|turn|2
|
|t:|1758990078
|move|p1a: Gyarados|Earthquake|p2a: Malamar
|-damage|p2a: Malamar|52/100
|-damage|p1a: Gyarados|44/100|[from] item: Life Orb
|move|p2a: Malamar|Superpower|p1a: Gyarados
|-resisted|p1a: Gyarados
|-damage|p1a: Gyarados|3/100
|-boost|p2a: Malamar|atk|1
|-boost|p2a: Malamar|def|1
|
|upkeep
|turn|3
|
|t:|1758990091
|move|p1a: Gyarados|Earthquake|p2a: Malamar
|-damage|p2a: Malamar|26/100
|-damage|p1a: Gyarados|0 fnt|[from] item: Life Orb
|faint|p1a: Gyarados
|move|p2a: Malamar|Superpower|p1: Gyarados|[notarget]
|-fail|p2a: Malamar
|
|upkeep
|
|t:|1758990098
|switch|p1a: Sinistcha|Sinistcha-Masterpiece|100/100
|turn|4
|
|t:|1758990105
|move|p1a: Sinistcha|Matcha Gotcha|p2a: Malamar|[miss]
|-miss|p1a: Sinistcha|p2a: Malamar
|move|p2a: Malamar|Knock Off|p1a: Sinistcha
|-supereffective|p1a: Sinistcha
|-damage|p1a: Sinistcha|0 fnt
|-damage|p2a: Malamar|10/100|[from] item: Rocky Helmet|[of] p1a: Sinistcha
|-enditem|p1a: Sinistcha|Rocky Helmet|[from] move: Knock Off|[of] p2a: Malamar
|faint|p1a: Sinistcha
|
|upkeep
|
|t:|1758990116
|switch|p1a: Blaziken|Blaziken, M|100/100
|turn|5
|
|t:|1758990128
|move|p1a: Blaziken|U-turn|p2a: Malamar
|-supereffective|p2a: Malamar
|-damage|p2a: Malamar|0 fnt
|faint|p2a: Malamar
|
|t:|1758990133
|switch|p1a: Pelipper|Pelipper, M|100/100|[from] U-turn
|-weather|RainDance|[from] ability: Drizzle|[of] p1a: Pelipper
|
|-weather|RainDance|[upkeep]
|upkeep
|
|t:|1758990140
|switch|p2a: Morpeko|Morpeko, M|100/100
|turn|6
|
|t:|1758990152
|move|p1a: Pelipper|Protect|p1a: Pelipper
|-singleturn|p1a: Pelipper|Protect
|move|p2a: Morpeko|Aura Wheel|p1a: Pelipper
|-activate|p1a: Pelipper|move: Protect
|
|-weather|RainDance|[upkeep]
|-formechange|p2a: Morpeko|Morpeko-Hangry||[from] ability: Hunger Switch
|upkeep
|turn|7
|
|t:|1758990162
|move|p2a: Morpeko|Protect|p2a: Morpeko
|-singleturn|p2a: Morpeko|Protect
|move|p1a: Pelipper|Hydro Pump|p2a: Morpeko
|-activate|p2a: Morpeko|move: Protect
|
|-weather|RainDance|[upkeep]
|-formechange|p2a: Morpeko|Morpeko||[from] ability: Hunger Switch
|upkeep
|turn|8
|
|t:|1758990171
|move|p1a: Pelipper|Protect|p1a: Pelipper
|-singleturn|p1a: Pelipper|Protect
|move|p2a: Morpeko|Aura Wheel|p1a: Pelipper
|-activate|p1a: Pelipper|move: Protect
|
|-weather|RainDance|[upkeep]
|-formechange|p2a: Morpeko|Morpeko-Hangry||[from] ability: Hunger Switch
|upkeep
|turn|9
|
|t:|1758990183
|switch|p1a: Cloyster|Cloyster, F|100/100
|move|p2a: Morpeko|Protect||[still]
|-fail|p2a: Morpeko
|
|-weather|RainDance|[upkeep]
|-formechange|p2a: Morpeko|Morpeko||[from] ability: Hunger Switch
|upkeep
|turn|10
|
|t:|1758990191
|move|p2a: Morpeko|Aura Wheel|p1a: Cloyster
|-supereffective|p1a: Cloyster
|-damage|p1a: Cloyster|38/100
|-boost|p2a: Morpeko|spe|1
|move|p1a: Cloyster|Shell Smash|p1a: Cloyster
|-unboost|p1a: Cloyster|def|1
|-unboost|p1a: Cloyster|spd|1
|-boost|p1a: Cloyster|atk|2
|-boost|p1a: Cloyster|spa|2
|-boost|p1a: Cloyster|spe|2
|
|-weather|RainDance|[upkeep]
|-heal|p1a: Cloyster|44/100|[from] item: Leftovers
|-formechange|p2a: Morpeko|Morpeko-Hangry||[from] ability: Hunger Switch
|upkeep
|turn|11
|
|t:|1758990215
|move|p2a: Morpeko|Protect|p2a: Morpeko
|-singleturn|p2a: Morpeko|Protect
|move|p1a: Cloyster|Shell Smash|p1a: Cloyster
|-unboost|p1a: Cloyster|def|1
|-unboost|p1a: Cloyster|spd|1
|-boost|p1a: Cloyster|atk|2
|-boost|p1a: Cloyster|spa|2
|-boost|p1a: Cloyster|spe|2
|
|-weather|RainDance|[upkeep]
|-heal|p1a: Cloyster|50/100|[from] item: Leftovers
|-formechange|p2a: Morpeko|Morpeko||[from] ability: Hunger Switch
|upkeep
|turn|12
|
|t:|1758990226
|move|p1a: Cloyster|Icicle Spear|p2a: Morpeko
|-damage|p2a: Morpeko|48/100
|-damage|p2a: Morpeko|0 fnt
|faint|p2a: Morpeko
|-hitcount|p2: Morpeko|2
|
|-weather|none
|-heal|p1a: Cloyster|56/100|[from] item: Leftovers
|upkeep
|
|t:|1758990236
|switch|p2a: Alomomola|Alomomola, M|100/100
|turn|13
|
|t:|1758990246
|-terastallize|p2a: Alomomola|Steel
|move|p1a: Cloyster|Spikes|p2a: Alomomola
|-sidestart|p2: pokemongen4444|Spikes
|move|p2a: Alomomola|Liquidation|p1a: Cloyster
|-resisted|p1a: Cloyster
|-damage|p1a: Cloyster|35/100
|
|-heal|p1a: Cloyster|41/100|[from] item: Leftovers
|upkeep
|turn|14
|
|t:|1758990258
|move|p1a: Cloyster|Protect|p1a: Cloyster
|-singleturn|p1a: Cloyster|Protect
|move|p2a: Alomomola|Wish|p2a: Alomomola
|
|-heal|p1a: Cloyster|48/100|[from] item: Leftovers
|upkeep
|turn|15
|
|t:|1758990265
|move|p1a: Cloyster|Spikes|p2a: Alomomola
|-sidestart|p2: pokemongen4444|Spikes
|move|p2a: Alomomola|Liquidation|p1a: Cloyster
|-resisted|p1a: Cloyster
|-damage|p1a: Cloyster|29/100
|
|-heal|p1a: Cloyster|35/100|[from] item: Leftovers
|upkeep
|turn|16
|
|t:|1758990273
|move|p1a: Cloyster|Spikes|p2a: Alomomola
|-sidestart|p2: pokemongen4444|Spikes
|move|p2a: Alomomola|Liquidation|p1a: Cloyster
|-resisted|p1a: Cloyster
|-damage|p1a: Cloyster|16/100
|
|-heal|p1a: Cloyster|22/100|[from] item: Leftovers
|upkeep
|turn|17
|
|t:|1758990285
|move|p1a: Cloyster|Icicle Spear|p2a: Alomomola
|-resisted|p2a: Alomomola
|-damage|p2a: Alomomola|93/100
|-resisted|p2a: Alomomola
|-damage|p2a: Alomomola|85/100
|-resisted|p2a: Alomomola
|-damage|p2a: Alomomola|77/100
|-resisted|p2a: Alomomola
|-damage|p2a: Alomomola|68/100
|-resisted|p2a: Alomomola
|-damage|p2a: Alomomola|60/100
|-hitcount|p2a: Alomomola|5
|move|p2a: Alomomola|Wish|p2a: Alomomola
|
|-heal|p1a: Cloyster|29/100|[from] item: Leftovers
|-heal|p2a: Alomomola|67/100|[from] item: Leftovers
|upkeep
|turn|18
|
|t:|1758990299
|move|p1a: Cloyster|Icicle Spear|p2a: Alomomola
|-resisted|p2a: Alomomola
|-crit|p2a: Alomomola
|-damage|p2a: Alomomola|53/100
|-resisted|p2a: Alomomola
|-damage|p2a: Alomomola|45/100
|-resisted|p2a: Alomomola
|-damage|p2a: Alomomola|37/100
|-resisted|p2a: Alomomola
|-damage|p2a: Alomomola|28/100
|-resisted|p2a: Alomomola
|-damage|p2a: Alomomola|19/100
|-hitcount|p2a: Alomomola|5
|move|p2a: Alomomola|Liquidation|p1a: Cloyster
|-resisted|p1a: Cloyster
|-damage|p1a: Cloyster|8/100
|
|-heal|p2a: Alomomola|69/100|[from] move: Wish|[wisher] Alomomola
|-heal|p1a: Cloyster|14/100|[from] item: Leftovers
|-heal|p2a: Alomomola|75/100|[from] item: Leftovers
|upkeep
|turn|19
|
|t:|1758990316
|switch|p1a: Blaziken|Blaziken, M|100/100
|move|p2a: Alomomola|Protect||[still]
|-fail|p2a: Alomomola
|
|-heal|p2a: Alomomola|81/100|[from] item: Leftovers
|upkeep
|turn|20
|
|t:|1758990331
|move|p1a: Blaziken|Overheat|p2a: Alomomola
|-supereffective|p2a: Alomomola
|-damage|p2a: Alomomola|0 fnt
|-unboost|p1a: Blaziken|spa|2
|faint|p2a: Alomomola
|
|-ability|p1a: Blaziken|Speed Boost|boost
|-boost|p1a: Blaziken|spe|1
|upkeep
|
|t:|1758990342
|switch|p2a: Glimmora|Glimmora, M|100/100
|-damage|p2a: Glimmora|76/100|[from] Spikes
|turn|21
|
|t:|1758990349
|switch|p1a: Pelipper|Pelipper, M|100/100
|-weather|RainDance|[from] ability: Drizzle|[of] p1a: Pelipper
|move|p2a: Glimmora|Meteor Beam||[still]
|-prepare|p2a: Glimmora|Meteor Beam
|-boost|p2a: Glimmora|spa|1
|-enditem|p2a: Glimmora|Power Herb
|-anim|p2a: Glimmora|Meteor Beam|p1a: Pelipper|[miss]
|-miss|p2a: Glimmora|p1a: Pelipper
|
|-weather|RainDance|[upkeep]
|upkeep
|turn|22
|
|t:|1758990363
|move|p2a: Glimmora|Power Gem|p1a: Pelipper
|-supereffective|p1a: Pelipper
|-damage|p1a: Pelipper|0 fnt
|faint|p1a: Pelipper
|
|-weather|RainDance|[upkeep]
|upkeep
|
|t:|1758990371
|switch|p1a: Clawitzer|Clawitzer, F|100/100
|turn|23
|
|t:|1758990377
|move|p2a: Glimmora|Sludge Bomb|p1a: Clawitzer
|-damage|p1a: Clawitzer|33/100
|-status|p1a: Clawitzer|psn
|move|p1a: Clawitzer|Dragon Pulse|p2a: Glimmora
|-damage|p2a: Glimmora|33/100
|
|-weather|RainDance|[upkeep]
|-damage|p1a: Clawitzer|20/100 psn|[from] psn
|upkeep
|-enditem|p1a: Clawitzer|Wiki Berry|[eat]
|-heal|p1a: Clawitzer|54/100 psn|[from] item: Wiki Berry
|turn|24
|
|t:|1758990389
|move|p2a: Glimmora|Sludge Bomb|p1a: Clawitzer
|-crit|p1a: Clawitzer
|-damage|p1a: Clawitzer|0 fnt
|faint|p1a: Clawitzer
|
|-weather|RainDance|[upkeep]
|upkeep
|
|t:|1758990397
|switch|p1a: Blaziken|Blaziken, M|100/100
|turn|25
|
|t:|1758990406
|move|p2a: Glimmora|Power Gem|p1a: Blaziken
|-damage|p1a: Blaziken|1/100
|move|p1a: Blaziken|U-turn|p2a: Glimmora
|-resisted|p2a: Glimmora
|-damage|p2a: Glimmora|17/100
|-activate|p2a: Glimmora|ability: Toxic Debris
|-sidestart|p1: brickforbrains|move: Toxic Spikes
|
|t:|1758990409
|switch|p1a: Cloyster|Cloyster, F|14/100|[from] U-turn
|-status|p1a: Cloyster|psn
|
|-weather|RainDance|[upkeep]
|-heal|p1a: Cloyster|20/100 psn|[from] item: Leftovers
|-damage|p1a: Cloyster|8/100 psn|[from] psn
|upkeep
|turn|26
|
|t:|1758990422
|move|p2a: Glimmora|Power Gem|p1a: Cloyster
|-supereffective|p1a: Cloyster
|-damage|p1a: Cloyster|0 fnt
|faint|p1a: Cloyster
|
|-weather|RainDance|[upkeep]
|upkeep
|
|t:|1758990424
|switch|p1a: Blaziken|Blaziken, M|1/100
|-status|p1a: Blaziken|psn
|turn|27
|
|t:|1758990433
|move|p2a: Glimmora|Power Gem|p1a: Blaziken
|-damage|p1a: Blaziken|0 fnt
|faint|p1a: Blaziken
|
|win|pokemongen4444
|raw|brickforbrains's rating: 1194 &rarr; <strong>1166</strong><br />(-28 for losing)
|raw|pokemongen4444's rating: 1148 &rarr; <strong>1176</strong><br />(+28 for winning)
|c|☆pokemongen4444|Gg
|c|☆brickforbrains|gg
|c|☆brickforbrains|if the team seemed really bad its a doubles team i accidentally booted up
|l|☆brickforbrains
|player|p1|
