|j|☆gen 9 sab truther
|j|☆Shibuya Arc
|t:|1758926296
|gametype|singles
|player|p1|gen 9 sab truther|morty-masters|1608
|player|p2|Shibuya Arc|265|1553
|gen|9
|tier|[Gen 9] OU
|rated|
|rule|HP Percentage Mod: HP is shown in percentages
|rule|Endless Battle Clause: Forcing endless battles is banned
|rule|Species Clause: Limit one of each Pokémon
|rule|OHKO Clause: OHKO moves are banned
|rule|Evasion Items Clause: Evasion items are banned
|rule|Evasion Moves Clause: Evasion moves are banned
|rule|Evasion Abilities Clause: Evasion abilities are banned
|rule|Sleep Moves Clause: Sleep-inducing moves are banned
|clearpoke
|poke|p1|Garganacl, F|
|poke|p1|Great Tusk|
|poke|p1|Chesnaught, M|
|poke|p1|Dragapult, F|
|poke|p1|Moltres|
|poke|p1|Kingambit, F|
|poke|p2|Dragapult, F|
|poke|p2|Dragonite, F|
|poke|p2|Ting-Lu|
|poke|p2|Weezing-Galar, F|
|poke|p2|Iron Crown|
|poke|p2|Zapdos|
|teampreview
|inactive|Battle timer is ON: inactive players will automatically lose when time's up. (requested by gen 9 sab truther)
|inactive|Shibuya Arc also wants the timer to be on.
|
|t:|1758926317
|teamsize|p1|6
|teamsize|p2|6
|start
|switch|p1a: Great Tusk|Great Tusk|100/100
|switch|p2a: Ting-Lu|Ting-Lu|100/100
|-ability|p2a: Ting-Lu|Vessel of Ruin
|turn|1
|
|t:|1758926323
|move|p1a: Great Tusk|Knock Off|p2a: Ting-Lu
|-resisted|p2a: Ting-Lu
|-damage|p2a: Ting-Lu|92/100
|-enditem|p2a: Ting-Lu|Leftovers|[from] move: Knock Off|[of] p1a: Great Tusk
|move|p2a: Ting-Lu|Ruination|p1a: Great Tusk
|-damage|p1a: Great Tusk|51/100
|
|upkeep
|turn|2
|j| Nikator98
|
|t:|1758926332
|switch|p2a: Zapdos|Zapdos|100/100
|move|p1a: Great Tusk|Ice Spinner|p2a: Zapdos
|-supereffective|p2a: Zapdos
|-damage|p2a: Zapdos|33/100
|
|upkeep
|turn|3
|
|t:|1758926344
|move|p2a: Zapdos|Hurricane|p1a: Great Tusk
|-supereffective|p1a: Great Tusk
|-damage|p1a: Great Tusk|0 fnt
|faint|p1a: Great Tusk
|-end|p1a: Great Tusk|Protosynthesis|[silent]
|
|upkeep
|
|t:|1758926347
|switch|p1a: Dragapult|Dragapult, F|100/100
|turn|4
|
|t:|1758926352
|switch|p2a: Ting-Lu|Ting-Lu|92/100
|-ability|p2a: Ting-Lu|Vessel of Ruin
|move|p1a: Dragapult|Draco Meteor|p2a: Ting-Lu
|-damage|p2a: Ting-Lu|66/100
|-unboost|p1a: Dragapult|spa|2
|
|upkeep
|turn|5
|
|t:|1758926363
|move|p1a: Dragapult|U-turn|p2a: Ting-Lu
|-supereffective|p2a: Ting-Lu
|-damage|p2a: Ting-Lu|49/100
|
|t:|1758926366
|switch|p1a: Chesnaught|Chesnaught, M|100/100|[from] U-turn
|move|p2a: Ting-Lu|Ruination|p1a: Chesnaught
|-damage|p1a: Chesnaught|50/100
|
|upkeep
|turn|6
|
|t:|1758926375
|switch|p2a: Dragonite|Dragonite, F|100/100
|move|p1a: Chesnaught|Synthesis|p1a: Chesnaught
|-heal|p1a: Chesnaught|100/100
|
|upkeep
|turn|7
|
|t:|1758926381
|switch|p1a: Moltres|Moltres|100/100
|move|p2a: Dragonite|Dragon Dance|p2a: Dragonite
|-boost|p2a: Dragonite|atk|1
|-boost|p2a: Dragonite|spe|1
|
|upkeep
|turn|8
|
|t:|1758926387
|switch|p2a: Zapdos|Zapdos|33/100
|move|p1a: Moltres|Flamethrower|p2a: Zapdos
|-damage|p2a: Zapdos|0 fnt
|faint|p2a: Zapdos
|
|upkeep
|
|t:|1758926396
|switch|p2a: Iron Crown|Iron Crown|100/100
|turn|9
|
|t:|1758926402
|move|p2a: Iron Crown|Volt Switch|p1a: Moltres
|-supereffective|p1a: Moltres
|-damage|p1a: Moltres|53/100
|
|t:|1758926411
|-end|p2a: Iron Crown|Quark Drive|[silent]
|switch|p2a: Ting-Lu|Ting-Lu|49/100|[from] Volt Switch
|-ability|p2a: Ting-Lu|Vessel of Ruin
|move|p1a: Moltres|Roost|p1a: Moltres
|-heal|p1a: Moltres|100/100
|-singleturn|p1a: Moltres|move: Roost
|
|upkeep
|turn|10
|
|t:|1758926417
|move|p1a: Moltres|U-turn|p2a: Ting-Lu
|-supereffective|p2a: Ting-Lu
|-damage|p2a: Ting-Lu|34/100
|
|t:|1758926420
|switch|p1a: Chesnaught|Chesnaught, M|100/100|[from] U-turn
|move|p2a: Ting-Lu|Ruination|p1a: Chesnaught
|-damage|p1a: Chesnaught|50/100
|
|upkeep
|turn|11
|
|t:|1758926430
|switch|p2a: Iron Crown|Iron Crown|100/100
|move|p1a: Chesnaught|Spikes|p2a: Iron Crown
|-sidestart|p2: Shibuya Arc|Spikes
|
|upkeep
|turn|12
|
|t:|1758926446
|switch|p1a: Kingambit|Kingambit, F|100/100
|-activate|p1a: Kingambit|ability: Supreme Overlord
|-start|p1a: Kingambit|fallen1|[silent]
|move|p2a: Iron Crown|Tachyon Cutter|p1a: Kingambit
|-resisted|p1a: Kingambit
|-damage|p1a: Kingambit|82/100
|-resisted|p1a: Kingambit
|-damage|p1a: Kingambit|63/100
|-hitcount|p1a: Kingambit|2
|
|-heal|p1a: Kingambit|69/100|[from] item: Leftovers
|upkeep
|turn|13
|
|t:|1758926458
|-end|p2a: Iron Crown|Quark Drive|[silent]
|switch|p2a: Weezing|Weezing-Galar, F|100/100
|-ability|p2a: Weezing|Neutralizing Gas
|move|p1a: Kingambit|Swords Dance|p1a: Kingambit
|-boost|p1a: Kingambit|atk|2
|
|-heal|p1a: Kingambit|76/100|[from] item: Leftovers
|upkeep
|turn|14
|
|t:|1758926467
|move|p2a: Weezing|Will-O-Wisp|p1a: Kingambit
|-status|p1a: Kingambit|brn
|move|p1a: Kingambit|Iron Head|p2a: Weezing
|-supereffective|p2a: Weezing
|-damage|p2a: Weezing|42/100
|
|-heal|p1a: Kingambit|82/100 brn|[from] item: Leftovers
|-damage|p1a: Kingambit|76/100 brn|[from] brn
|upkeep
|turn|15
|
|t:|1758926477
|move|p2a: Weezing|Pain Split|p1a: Kingambit
|-sethp|p1a: Kingambit|55/100 brn|[from] move: Pain Split|[silent]
|-sethp|p2a: Weezing|66/100|[from] move: Pain Split
|move|p1a: Kingambit|Iron Head|p2a: Weezing
|-supereffective|p2a: Weezing
|-damage|p2a: Weezing|3/100
|
|-heal|p1a: Kingambit|61/100 brn|[from] item: Leftovers
|-damage|p1a: Kingambit|55/100 brn|[from] brn
|upkeep
|turn|16
|
|t:|1758926487
|move|p2a: Weezing|Pain Split|p1a: Kingambit
|-sethp|p1a: Kingambit|29/100 brn|[from] move: Pain Split|[silent]
|-sethp|p2a: Weezing|35/100|[from] move: Pain Split
|move|p1a: Kingambit|Iron Head|p2a: Weezing
|-supereffective|p2a: Weezing
|-damage|p2a: Weezing|0 fnt
|faint|p2a: Weezing
|-end|p2a: Weezing|ability: Neutralizing Gas
|-activate|p1a: Kingambit|ability: Supreme Overlord
|-start|p1a: Kingambit|fallen1|[silent]
|
|-heal|p1a: Kingambit|35/100 brn|[from] item: Leftovers
|-damage|p1a: Kingambit|29/100 brn|[from] brn
|upkeep
|
|t:|1758926497
|switch|p2a: Dragonite|Dragonite, F|100/100
|turn|17
|
|t:|1758926503
|-end|p1a: Kingambit|fallen1|[silent]
|switch|p1a: Moltres|Moltres|100/100
|move|p2a: Dragonite|Dragon Dance|p2a: Dragonite
|-boost|p2a: Dragonite|atk|1
|-boost|p2a: Dragonite|spe|1
|
|upkeep
|turn|18
|
|t:|1758926510
|move|p2a: Dragonite|Dragon Dance|p2a: Dragonite
|-boost|p2a: Dragonite|atk|1
|-boost|p2a: Dragonite|spe|1
|move|p1a: Moltres|Flamethrower|p2a: Dragonite
|-resisted|p2a: Dragonite
|-damage|p2a: Dragonite|92/100
|
|upkeep
|turn|19
|
|t:|1758926523
|move|p2a: Dragonite|Extreme Speed|p1a: Moltres
|-damage|p1a: Moltres|37/100
|-status|p2a: Dragonite|brn|[from] ability: Flame Body|[of] p1a: Moltres
|move|p1a: Moltres|Roar|p2a: Dragonite
|drag|p2a: Ting-Lu|Ting-Lu|34/100
|-damage|p2a: Ting-Lu|21/100|[from] Spikes
|-ability|p2a: Ting-Lu|Vessel of Ruin
|
|upkeep
|turn|20
|
|t:|1758926531
|move|p1a: Moltres|U-turn|p2a: Ting-Lu
|-supereffective|p2a: Ting-Lu
|-crit|p2a: Ting-Lu
|-damage|p2a: Ting-Lu|0 fnt
|faint|p2a: Ting-Lu
|
|t:|1758926537
|switch|p1a: Garganacl|Garganacl, F|100/100|[from] U-turn
|
|upkeep
|
|t:|1758926542
|switch|p2a: Iron Crown|Iron Crown|100/100
|-damage|p2a: Iron Crown|88/100|[from] Spikes
|turn|21
|
|t:|1758926548
|move|p1a: Garganacl|Protect|p1a: Garganacl
|-singleturn|p1a: Garganacl|Protect
|move|p2a: Iron Crown|Volt Switch|p1a: Garganacl
|-activate|p1a: Garganacl|move: Protect
|
|upkeep
|turn|22
|
|t:|1758926554
|move|p2a: Iron Crown|Volt Switch|p1a: Garganacl
|-crit|p1a: Garganacl
|-damage|p1a: Garganacl|69/100
|
|t:|1758926565
|-end|p2a: Iron Crown|Quark Drive|[silent]
|switch|p2a: Dragonite|Dragonite, F|92/100 brn|[from] Volt Switch
|move|p1a: Garganacl|Salt Cure|p2a: Dragonite
|-supereffective|p2a: Dragonite
|-damage|p2a: Dragonite|64/100 brn
|-start|p2a: Dragonite|Salt Cure
|
|-heal|p1a: Garganacl|75/100|[from] item: Leftovers
|-damage|p2a: Dragonite|58/100 brn|[from] brn
|-damage|p2a: Dragonite|45/100 brn|[from] Salt Cure
|upkeep
|turn|23
|
|t:|1758926573
|move|p2a: Dragonite|Roost|p2a: Dragonite
|-heal|p2a: Dragonite|96/100 brn
|-singleturn|p2a: Dragonite|move: Roost
|move|p1a: Garganacl|Recover|p1a: Garganacl
|-heal|p1a: Garganacl|100/100
|
|-damage|p2a: Dragonite|90/100 brn|[from] brn
|-damage|p2a: Dragonite|77/100 brn|[from] Salt Cure
|upkeep
|turn|24
|
|t:|1758926589
|move|p2a: Dragonite|Roost|p2a: Dragonite
|-heal|p2a: Dragonite|100/100 brn
|-singleturn|p2a: Dragonite|move: Roost
|move|p1a: Garganacl|Stealth Rock|p2a: Dragonite
|-sidestart|p2: Shibuya Arc|move: Stealth Rock
|
|-damage|p2a: Dragonite|94/100 brn|[from] brn
|-damage|p2a: Dragonite|82/100 brn|[from] Salt Cure
|upkeep
|turn|25
|
|t:|1758926604
|switch|p1a: Chesnaught|Chesnaught, M|50/100
|move|p2a: Dragonite|Roost|p2a: Dragonite
|-heal|p2a: Dragonite|100/100 brn
|-singleturn|p2a: Dragonite|move: Roost
|
|-damage|p2a: Dragonite|94/100 brn|[from] brn
|-damage|p2a: Dragonite|82/100 brn|[from] Salt Cure
|upkeep
|turn|26
|
|t:|1758926610
|move|p2a: Dragonite|Dragon Dance|p2a: Dragonite
|-boost|p2a: Dragonite|atk|1
|-boost|p2a: Dragonite|spe|1
|move|p1a: Chesnaught|Synthesis|p1a: Chesnaught
|-heal|p1a: Chesnaught|100/100
|
|-damage|p2a: Dragonite|76/100 brn|[from] brn
|-damage|p2a: Dragonite|64/100 brn|[from] Salt Cure
|upkeep
|turn|27
|
|t:|1758926615
|move|p2a: Dragonite|Roost|p2a: Dragonite
|-heal|p2a: Dragonite|100/100 brn
|-singleturn|p2a: Dragonite|move: Roost
|move|p1a: Chesnaught|Iron Defense|p1a: Chesnaught
|-boost|p1a: Chesnaught|def|2
|
|-damage|p2a: Dragonite|94/100 brn|[from] brn
|-damage|p2a: Dragonite|82/100 brn|[from] Salt Cure
|upkeep
|turn|28
|
|t:|1758926621
|switch|p2a: Dragapult|Dragapult, F|100/100
|move|p1a: Chesnaught|Body Press|p2a: Dragapult
|-immune|p2a: Dragapult
|
|upkeep
|turn|29
|
|t:|1758926627
|switch|p1a: Garganacl|Garganacl, F|100/100
|move|p2a: Dragapult|U-turn|p1a: Garganacl
|-crit|p1a: Garganacl
|-damage|p1a: Garganacl|79/100
|
|t:|1758926633
|switch|p2a: Iron Crown|Iron Crown|88/100|[from] U-turn
|-damage|p2a: Iron Crown|76/100|[from] Spikes
|-damage|p2a: Iron Crown|69/100|[from] Stealth Rock
|
|-heal|p1a: Garganacl|85/100|[from] item: Leftovers
|upkeep
|turn|30
|
|t:|1758926639
|move|p1a: Garganacl|Protect|p1a: Garganacl
|-singleturn|p1a: Garganacl|Protect
|move|p2a: Iron Crown|Volt Switch|p1a: Garganacl
|-activate|p1a: Garganacl|move: Protect
|
|-heal|p1a: Garganacl|91/100|[from] item: Leftovers
|upkeep
|turn|31
|
|t:|1758926645
|move|p2a: Iron Crown|Volt Switch|p1a: Garganacl
|-damage|p1a: Garganacl|70/100
|
|t:|1758926651
|-end|p2a: Iron Crown|Quark Drive|[silent]
|switch|p2a: Dragonite|Dragonite, F|82/100 brn|[from] Volt Switch
|move|p1a: Garganacl|Salt Cure|p2a: Dragonite
|-supereffective|p2a: Dragonite
|-damage|p2a: Dragonite|55/100 brn
|-start|p2a: Dragonite|Salt Cure
|
|-heal|p1a: Garganacl|76/100|[from] item: Leftovers
|-damage|p2a: Dragonite|49/100 brn|[from] brn
|-damage|p2a: Dragonite|36/100 brn|[from] Salt Cure
|upkeep
|turn|32
|
|t:|1758926658
|move|p2a: Dragonite|Roost|p2a: Dragonite
|-heal|p2a: Dragonite|86/100 brn
|-singleturn|p2a: Dragonite|move: Roost
|move|p1a: Garganacl|Salt Cure|p2a: Dragonite
|-damage|p2a: Dragonite|73/100 brn
|
|-heal|p1a: Garganacl|82/100|[from] item: Leftovers
|-damage|p2a: Dragonite|67/100 brn|[from] brn
|-damage|p2a: Dragonite|55/100 brn|[from] Salt Cure
|upkeep
|turn|33
|
|t:|1758926664
|move|p2a: Dragonite|Roost|p2a: Dragonite
|-heal|p2a: Dragonite|100/100 brn
|-singleturn|p2a: Dragonite|move: Roost
|move|p1a: Garganacl|Salt Cure|p2a: Dragonite
|-damage|p2a: Dragonite|93/100 brn
|
|-heal|p1a: Garganacl|88/100|[from] item: Leftovers
|-damage|p2a: Dragonite|87/100 brn|[from] brn
|-damage|p2a: Dragonite|75/100 brn|[from] Salt Cure
|upkeep
|turn|34
|
|t:|1758926671
|move|p2a: Dragonite|Dragon Dance|p2a: Dragonite
|-boost|p2a: Dragonite|atk|1
|-boost|p2a: Dragonite|spe|1
|move|p1a: Garganacl|Salt Cure|p2a: Dragonite
|-supereffective|p2a: Dragonite
|-damage|p2a: Dragonite|47/100 brn
|
|-heal|p1a: Garganacl|95/100|[from] item: Leftovers
|-damage|p2a: Dragonite|41/100 brn|[from] brn
|-damage|p2a: Dragonite|29/100 brn|[from] Salt Cure
|upkeep
|turn|35
|
|t:|1758926678
|switch|p1a: Chesnaught|Chesnaught, M|100/100
|move|p2a: Dragonite|Roost|p2a: Dragonite
|-heal|p2a: Dragonite|79/100 brn
|-singleturn|p2a: Dragonite|move: Roost
|
|-damage|p2a: Dragonite|73/100 brn|[from] brn
|-damage|p2a: Dragonite|60/100 brn|[from] Salt Cure
|upkeep
|turn|36
|
|t:|1758926685
|switch|p2a: Dragapult|Dragapult, F|100/100
|move|p1a: Chesnaught|Spikes|p2a: Dragapult
|-sidestart|p2: Shibuya Arc|Spikes
|
|upkeep
|turn|37
|
|t:|1758926690
|switch|p1a: Garganacl|Garganacl, F|95/100
|move|p2a: Dragapult|U-turn|p1a: Garganacl
|-damage|p1a: Garganacl|80/100
|
|t:|1758926697
|switch|p2a: Iron Crown|Iron Crown|69/100|[from] U-turn
|-damage|p2a: Iron Crown|53/100|[from] Spikes
|-damage|p2a: Iron Crown|47/100|[from] Stealth Rock
|
|-heal|p1a: Garganacl|87/100|[from] item: Leftovers
|upkeep
|turn|38
|
|t:|1758926703
|move|p1a: Garganacl|Protect|p1a: Garganacl
|-singleturn|p1a: Garganacl|Protect
|move|p2a: Iron Crown|Focus Blast|p1a: Garganacl
|-activate|p1a: Garganacl|move: Protect
|
|-heal|p1a: Garganacl|93/100|[from] item: Leftovers
|upkeep
|turn|39
|
|t:|1758926708
|-end|p2a: Iron Crown|Quark Drive|[silent]
|switch|p2a: Dragapult|Dragapult, F|100/100
|switch|p1a: Dragapult|Dragapult, F|100/100
|
|upkeep
|turn|40
|
|t:|1758926715
|switch|p1a: Garganacl|Garganacl, F|93/100
|move|p2a: Dragapult|Will-O-Wisp|p1a: Garganacl
|-immune|p1a: Garganacl|[from] ability: Purifying Salt
|
|-heal|p1a: Garganacl|99/100|[from] item: Leftovers
|upkeep
|turn|41
|
|t:|1758926721
|move|p2a: Dragapult|U-turn|p1a: Garganacl
|-damage|p1a: Garganacl|85/100
|
|t:|1758926727
|switch|p2a: Dragonite|Dragonite, F|60/100 brn|[from] U-turn
|move|p1a: Garganacl|Salt Cure|p2a: Dragonite
|-supereffective|p2a: Dragonite
|-damage|p2a: Dragonite|34/100 brn
|-start|p2a: Dragonite|Salt Cure
|
|-heal|p1a: Garganacl|92/100|[from] item: Leftovers
|-damage|p2a: Dragonite|28/100 brn|[from] brn
|-damage|p2a: Dragonite|16/100 brn|[from] Salt Cure
|upkeep
|turn|42
|
|t:|1758926733
|move|p2a: Dragonite|Roost|p2a: Dragonite
|-heal|p2a: Dragonite|66/100 brn
|-singleturn|p2a: Dragonite|move: Roost
|move|p1a: Garganacl|Salt Cure|p2a: Dragonite
|-damage|p2a: Dragonite|52/100 brn
|
|-heal|p1a: Garganacl|98/100|[from] item: Leftovers
|-damage|p2a: Dragonite|46/100 brn|[from] brn
|-damage|p2a: Dragonite|34/100 brn|[from] Salt Cure
|upkeep
|turn|43
|
|t:|1758926755
|switch|p1a: Chesnaught|Chesnaught, M|100/100
|move|p2a: Dragonite|Earthquake|p1a: Chesnaught
|-resisted|p1a: Chesnaught
|-damage|p1a: Chesnaught|95/100
|
|-damage|p2a: Dragonite|28/100 brn|[from] brn
|-damage|p2a: Dragonite|15/100 brn|[from] Salt Cure
|upkeep
|turn|44
|
|t:|1758926764
|switch|p2a: Dragapult|Dragapult, F|100/100
|move|p1a: Chesnaught|Spikes|p2a: Dragapult
|-sidestart|p2: Shibuya Arc|Spikes
|
|upkeep
|turn|45
|
|t:|1758926779
|switch|p1a: Garganacl|Garganacl, F|98/100
|move|p2a: Dragapult|U-turn|p1a: Garganacl
|-damage|p1a: Garganacl|85/100
|
|t:|1758926786
|switch|p2a: Iron Crown|Iron Crown|47/100|[from] U-turn
|-damage|p2a: Iron Crown|22/100|[from] Spikes
|-damage|p2a: Iron Crown|15/100|[from] Stealth Rock
|
|-heal|p1a: Garganacl|91/100|[from] item: Leftovers
|upkeep
|turn|46
|
|t:|1758926791
|move|p1a: Garganacl|Protect|p1a: Garganacl
|-singleturn|p1a: Garganacl|Protect
|move|p2a: Iron Crown|Focus Blast|p1a: Garganacl
|-activate|p1a: Garganacl|move: Protect
|
|-heal|p1a: Garganacl|97/100|[from] item: Leftovers
|upkeep
|turn|47
|
|t:|1758926797
|-end|p2a: Iron Crown|Quark Drive|[silent]
|switch|p2a: Dragapult|Dragapult, F|100/100
|switch|p1a: Dragapult|Dragapult, F|100/100
|
|upkeep
|turn|48
|
|t:|1758926803
|switch|p1a: Garganacl|Garganacl, F|97/100
|switch|p2a: Iron Crown|Iron Crown|15/100
|-damage|p2a: Iron Crown|0 fnt|[from] Spikes
|faint|p2a: Iron Crown
|-end|p2a: Iron Crown|Quark Drive|[silent]
|
|-heal|p1a: Garganacl|100/100|[from] item: Leftovers
|upkeep
|
|t:|1758926809
|switch|p2a: Dragapult|Dragapult, F|100/100
|turn|49
|
|t:|1758926814
|move|p2a: Dragapult|Dragon Darts|p1a: Garganacl
|-damage|p1a: Garganacl|87/100
|-anim|p2a: Dragapult|Dragon Darts|p1a: Garganacl
|-damage|p1a: Garganacl|72/100
|move|p1a: Garganacl|Salt Cure|p2a: Dragapult
|-damage|p2a: Dragapult|83/100
|-start|p2a: Dragapult|Salt Cure
|-start|p1a: Garganacl|Disable|Salt Cure|[from] ability: Cursed Body|[of] p2a: Dragapult
|
|-heal|p1a: Garganacl|78/100|[from] item: Leftovers
|-damage|p2a: Dragapult|70/100|[from] Salt Cure
|upkeep
|turn|50
|
|t:|1758926821
|move|p1a: Garganacl|Protect|p1a: Garganacl
|-singleturn|p1a: Garganacl|Protect
|move|p2a: Dragapult|Dragon Darts|p1a: Garganacl
|-activate|p1a: Garganacl|move: Protect
|
|-heal|p1a: Garganacl|84/100|[from] item: Leftovers
|-damage|p2a: Dragapult|58/100|[from] Salt Cure
|upkeep
|turn|51
|
|t:|1758926827
|move|p2a: Dragapult|Dragon Darts|p1a: Garganacl
|-damage|p1a: Garganacl|68/100
|-anim|p2a: Dragapult|Dragon Darts|p1a: Garganacl
|-damage|p1a: Garganacl|55/100
|move|p1a: Garganacl|Recover|p1a: Garganacl
|-heal|p1a: Garganacl|100/100
|
|-damage|p2a: Dragapult|46/100|[from] Salt Cure
|upkeep
|turn|52
|
|t:|1758926849
|move|p1a: Garganacl|Protect|p1a: Garganacl
|-singleturn|p1a: Garganacl|Protect
|move|p2a: Dragapult|Hex|p1a: Garganacl
|-activate|p1a: Garganacl|move: Protect
|
|-damage|p2a: Dragapult|33/100|[from] Salt Cure
|-end|p1a: Garganacl|Disable
|upkeep
|turn|53
|
|t:|1758926855
|move|p2a: Dragapult|Hex|p1a: Garganacl
|-damage|p1a: Garganacl|91/100
|move|p1a: Garganacl|Salt Cure|p2a: Dragapult
|-damage|p2a: Dragapult|14/100
|
|-heal|p1a: Garganacl|97/100|[from] item: Leftovers
|-damage|p2a: Dragapult|2/100|[from] Salt Cure
|upkeep
|turn|54
|
|t:|1758926873
|move|p1a: Garganacl|Protect|p1a: Garganacl
|-singleturn|p1a: Garganacl|Protect
|move|p2a: Dragapult|Dragon Darts|p1a: Garganacl
|-activate|p1a: Garganacl|move: Protect
|
|-heal|p1a: Garganacl|100/100|[from] item: Leftovers
|-damage|p2a: Dragapult|0 fnt|[from] Salt Cure
|faint|p2a: Dragapult
|upkeep
|
|t:|1758926878
|switch|p2a: Dragonite|Dragonite, F|15/100 brn
|turn|55
|
|t:|1758926883
|move|p2a: Dragonite|Earthquake|p1a: Garganacl
|-supereffective|p1a: Garganacl
|-damage|p1a: Garganacl|72/100
|move|p1a: Garganacl|Salt Cure|p2a: Dragonite
|-supereffective|p2a: Dragonite
|-damage|p2a: Dragonite|0 fnt
|faint|p2a: Dragonite
|
|win|gen 9 sab truther
|raw|gen 9 sab truther's rating: 1608 &rarr; <strong>1625</strong><br />(+17 for winning)
|raw|Shibuya Arc's rating: 1553 &rarr; <strong>1536</strong><br />(-17 for losing)
