|j|☆adjustinq
|j|☆skypiaisland
|t:|1758998960
|gametype|singles
|player|p1|adjustinq|unknownf|1580
|player|p2|skypiaisland|1|1584
|gen|9
|tier|[Gen 9] OU
|rated|
|rule|HP Percentage Mod: HP is shown in percentages
|rule|Endless Battle Clause: Forcing endless battles is banned
|rule|Species Clause: Limit one of each Pokémon
|rule|OHKO Clause: OHKO moves are banned
|rule|Evasion Items Clause: Evasion items are banned
|rule|Evasion Moves Clause: Evasion moves are banned
|rule|Evasion Abilities Clause: Evasion abilities are banned
|rule|Sleep Moves Clause: Sleep-inducing moves are banned
|clearpoke
|poke|p1|Deoxys-Speed|
|poke|p1|Iron Valiant|
|poke|p1|Kingambit, F|
|poke|p1|Landorus-Therian, M|
|poke|p1|Pecharunt|
|poke|p1|Volcanion|
|poke|p2|Barraskewda, F|
|poke|p2|Basculegion-F, F|
|poke|p2|Talonflame, M|
|poke|p2|Hatterene, F|
|poke|p2|Iron Treads|
|poke|p2|Pelipper, F|
|teampreview
|
|t:|1758998971
|teamsize|p1|6
|teamsize|p2|6
|start
|switch|p1a: Volcanion|Volcanion|100/100
|switch|p2a: Pelipper|Pelipper, F|100/100
|-weather|RainDance|[from] ability: Drizzle|[of] p2a: Pelipper
|turn|1
|
|t:|1758998979
|move|p1a: Volcanion|Steam Eruption|p2a: Pelipper
|-resisted|p2a: Pelipper
|-damage|p2a: Pelipper|47/100
|move|p2a: Pelipper|U-turn|p1a: Volcanion
|-resisted|p1a: Volcanion
|-damage|p1a: Volcanion|97/100
|
|t:|1758998984
|switch|p2a: Iron Treads|Iron Treads|100/100|[from] U-turn
|-enditem|p2a: Iron Treads|Booster Energy
|-activate|p2a: Iron Treads|ability: Quark Drive|[fromitem]
|-start|p2a: Iron Treads|quarkdrivespe
|
|-weather|RainDance|[upkeep]
|upkeep
|turn|2
|
|t:|1758998988
|move|p2a: Iron Treads|Stealth Rock|p1a: Volcanion
|-sidestart|p1: adjustinq|move: Stealth Rock
|move|p1a: Volcanion|Steam Eruption|p2a: Iron Treads
|-supereffective|p2a: Iron Treads
|-damage|p2a: Iron Treads|0 fnt
|faint|p2a: Iron Treads
|-end|p2a: Iron Treads|Quark Drive|[silent]
|
|-weather|RainDance|[upkeep]
|upkeep
|
|t:|1758999001
|switch|p2a: Talonflame|Talonflame, M|100/100
|turn|3
|
|t:|1758999037
|-terastallize|p2a: Talonflame|Flying
|move|p2a: Talonflame|Hurricane|p1a: Volcanion
|-damage|p1a: Volcanion|8/100
|move|p1a: Volcanion|Steam Eruption|p2a: Talonflame
|-damage|p2a: Talonflame|0 fnt
|faint|p2a: Talonflame
|
|-weather|RainDance|[upkeep]
|upkeep
|
|t:|1758999041
|switch|p2a: Basculegion|Basculegion-F, F|100/100
|turn|4
|
|t:|1758999077
|switch|p1a: Deoxys|Deoxys-Speed|100/100
|-damage|p1a: Deoxys|88/100|[from] Stealth Rock
|-ability|p1a: Deoxys|Pressure
|move|p2a: Basculegion|Shadow Ball|p1a: Deoxys
|-supereffective|p1a: Deoxys
|-damage|p1a: Deoxys|0 fnt
|faint|p1a: Deoxys
|
|-weather|RainDance|[upkeep]
|upkeep
|
|t:|1758999086
|switch|p1a: Kingambit|Kingambit, F|100/100
|-damage|p1a: Kingambit|94/100|[from] Stealth Rock
|-activate|p1a: Kingambit|ability: Supreme Overlord
|-start|p1a: Kingambit|fallen1|[silent]
|turn|5
|
|t:|1758999090
|switch|p2a: Hatterene|Hatterene, F|100/100
|move|p1a: Kingambit|Iron Head|p2a: Hatterene
|-supereffective|p2a: Hatterene
|-damage|p2a: Hatterene|17/100
|-enditem|p2a: Hatterene|Eject Button
|
|t:|1758999092
|switch|p2a: Barraskewda|Barraskewda, F|100/100
|
|-weather|RainDance|[upkeep]
|-heal|p1a: Kingambit|100/100|[from] item: Leftovers
|upkeep
|turn|6
|
|t:|1758999112
|-end|p1a: Kingambit|fallen1|[silent]
|switch|p1a: Pecharunt|Pecharunt|100/100
|move|p2a: Barraskewda|Flip Turn|p1a: Pecharunt
|-damage|p1a: Pecharunt|46/100
|
|t:|1758999116
|switch|p2a: Basculegion|Basculegion-F, F|100/100|[from] Flip Turn
|
|-weather|RainDance|[upkeep]
|upkeep
|turn|7
|
|t:|1758999131
|move|p2a: Basculegion|Shadow Ball|p1a: Pecharunt
|-supereffective|p1a: Pecharunt
|-damage|p1a: Pecharunt|0 fnt
|faint|p1a: Pecharunt
|
|-weather|RainDance|[upkeep]
|upkeep
|
|t:|1758999133
|switch|p1a: Kingambit|Kingambit, F|100/100
|-damage|p1a: Kingambit|94/100|[from] Stealth Rock
|-activate|p1a: Kingambit|ability: Supreme Overlord
|-start|p1a: Kingambit|fallen2|[silent]
|turn|8
|
|t:|1758999137
|switch|p2a: Hatterene|Hatterene, F|17/100
|move|p1a: Kingambit|Swords Dance|p1a: Kingambit
|-boost|p1a: Kingambit|atk|2
|
|-weather|none
|-heal|p1a: Kingambit|100/100|[from] item: Leftovers
|upkeep
|turn|9
|
|t:|1758999140
|move|p1a: Kingambit|Iron Head|p2a: Hatterene
|-supereffective|p2a: Hatterene
|-damage|p2a: Hatterene|0 fnt
|faint|p2a: Hatterene
|
|upkeep
|
|t:|1758999142
|switch|p2a: Pelipper|Pelipper, F|47/100
|-weather|RainDance|[from] ability: Drizzle|[of] p2a: Pelipper
|turn|10
|
|t:|1758999150
|move|p1a: Kingambit|Sucker Punch|p2a: Pelipper
|-crit|p2a: Pelipper
|-damage|p2a: Pelipper|0 fnt
|faint|p2a: Pelipper
|
|-weather|RainDance|[upkeep]
|upkeep
|
|t:|1758999153
|switch|p2a: Barraskewda|Barraskewda, F|100/100
|turn|11
|j| Nodragondanceinrb
|
|t:|1758999157
|move|p1a: Kingambit|Sucker Punch|p2a: Barraskewda
|-damage|p2a: Barraskewda|0 fnt
|faint|p2a: Barraskewda
|
|-weather|RainDance|[upkeep]
|upkeep
|-message|skypiaisland forfeited.
|
|win|adjustinq
|raw|adjustinq's rating: 1580 &rarr; <strong>1600</strong><br />(+20 for winning)
|raw|skypiaisland's rating: 1584 &rarr; <strong>1564</strong><br />(-20 for losing)
|l|☆skypiaisland
|player|p2|
|l|☆adjustinq
|player|p1|
|l| Nodragondanceinrb
