|j|☆BigBungusBong
|j|☆But I Won Tho
|t:|1759032139
|gametype|singles
|player|p1|BigBungusBong|blackbelt-gen4dp|1448
|player|p2|But I Won Tho|gentleman|1393
|gen|9
|tier|[Gen 9] OU
|rated|
|rule|HP Percentage Mod: HP is shown in percentages
|rule|Endless Battle Clause: Forcing endless battles is banned
|rule|Species Clause: Limit one of each Pokémon
|rule|OHKO Clause: OHKO moves are banned
|rule|Evasion Items Clause: Evasion items are banned
|rule|Evasion Moves Clause: Evasion moves are banned
|rule|Evasion Abilities Clause: Evasion abilities are banned
|rule|Sleep Moves Clause: Sleep-inducing moves are banned
|clearpoke
|poke|p1|Kingambit, F|
|poke|p1|Torkoal, M|
|poke|p1|Gholdengo|
|poke|p1|Great Tusk|
|poke|p1|Walking Wake|
|poke|p1|Rillaboom, F|
|poke|p2|Dondozo, M|
|poke|p2|Blissey, F|
|poke|p2|Corviknight, M|
|poke|p2|Weezing-Galar, F|
|poke|p2|Gliscor, M|
|poke|p2|Toxapex, M|
|teampreview
|inactive|Battle timer is ON: inactive players will automatically lose when time's up. (requested by But I Won Tho)
|
|t:|1759032149
|teamsize|p1|6
|teamsize|p2|6
|start
|switch|p1a: Walking Wake|Walking Wake|100/100
|switch|p2a: Blissey|Blissey, F|100/100
|turn|1
|
|t:|1759032156
|move|p1a: Walking Wake|Flip Turn|p2a: Blissey
|-damage|p2a: Blissey|85/100
|
|t:|1759032158
|-end|p1a: Walking Wake|Protosynthesis|[silent]
|switch|p1a: Gholdengo|Gholdengo|100/100|[from] Flip Turn
|-item|p1a: Gholdengo|Air Balloon
|move|p2a: Blissey|Stealth Rock|p1a: Gholdengo
|-sidestart|p1: BigBungusBong|move: Stealth Rock
|
|-heal|p2a: Blissey|91/100|[from] item: Leftovers
|upkeep
|turn|2
|
|t:|1759032183
|switch|p1a: Great Tusk|Great Tusk|100/100
|-damage|p1a: Great Tusk|98/100|[from] Stealth Rock
|switch|p2a: Toxapex|Toxapex, M|100/100
|
|-heal|p1a: Great Tusk|100/100|[from] item: Leftovers
|upkeep
|turn|3
|
|t:|1759032197
|move|p1a: Great Tusk|Rapid Spin|p2a: Toxapex
|-damage|p2a: Toxapex|87/100
|-boost|p1a: Great Tusk|spe|1
|-sideend|p1: BigBungusBong|Stealth Rock|[from] move: Rapid Spin|[of] p1a: Great Tusk
|move|p2a: Toxapex|Toxic|p1a: Great Tusk
|-status|p1a: Great Tusk|tox
|
|-heal|p2a: Toxapex|93/100|[from] item: Leftovers
|-damage|p1a: Great Tusk|94/100 tox|[from] psn
|upkeep
|turn|4
|
|t:|1759032203
|move|p1a: Great Tusk|Knock Off|p2a: Toxapex
|-damage|p2a: Toxapex|65/100
|-enditem|p2a: Toxapex|Leftovers|[from] move: Knock Off|[of] p1a: Great Tusk
|move|p2a: Toxapex|Haze|p2a: Toxapex
|-clearallboost
|
|-heal|p1a: Great Tusk|100/100 tox|[from] item: Leftovers
|-damage|p1a: Great Tusk|88/100 tox|[from] psn
|upkeep
|turn|5
|
|t:|1759032211
|move|p1a: Great Tusk|Stealth Rock|p2a: Toxapex
|-sidestart|p2: But I Won Tho|move: Stealth Rock
|move|p2a: Toxapex|Toxic Spikes|p1a: Great Tusk
|-sidestart|p1: BigBungusBong|move: Toxic Spikes
|
|-heal|p1a: Great Tusk|94/100 tox|[from] item: Leftovers
|-damage|p1a: Great Tusk|76/100 tox|[from] psn
|upkeep
|turn|6
|
|t:|1759032223
|switch|p2a: Corviknight|Corviknight, M|100/100
|-damage|p2a: Corviknight|88/100|[from] Stealth Rock
|-ability|p2a: Corviknight|Pressure
|move|p1a: Great Tusk|Headlong Rush|p2a: Corviknight
|-immune|p2a: Corviknight
|
|-heal|p1a: Great Tusk|82/100 tox|[from] item: Leftovers
|-heal|p2a: Corviknight|94/100|[from] item: Leftovers
|-damage|p1a: Great Tusk|57/100 tox|[from] psn
|upkeep
|turn|7
|
|t:|1759032235
|-end|p1a: Great Tusk|Protosynthesis|[silent]
|switch|p1a: Kingambit|Kingambit, F|100/100
|move|p2a: Corviknight|Iron Defense|p2a: Corviknight
|-boost|p2a: Corviknight|def|2
|
|-heal|p2a: Corviknight|100/100|[from] item: Leftovers
|upkeep
|turn|8
|
|t:|1759032245
|-end|p1a: Kingambit|fallenundefined|[silent]
|switch|p1a: Gholdengo|Gholdengo|100/100
|-item|p1a: Gholdengo|Air Balloon
|move|p2a: Corviknight|Body Press|p1a: Gholdengo
|-immune|p1a: Gholdengo
|
|upkeep
|turn|9
|
|t:|1759032268
|switch|p2a: Toxapex|Toxapex, M|98/100
|-damage|p2a: Toxapex|86/100|[from] Stealth Rock
|move|p1a: Gholdengo|Thunder Wave|p2a: Toxapex
|-status|p2a: Toxapex|par
|
|upkeep
|turn|10
|
|t:|1759032273
|move|p1a: Gholdengo|Hex|p2a: Toxapex
|-damage|p2a: Toxapex|51/100 par
|cant|p2a: Toxapex|par
|
|upkeep
|turn|11
|
|t:|1759032288
|switch|p1a: Great Tusk|Great Tusk|57/100 tox
|switch|p2a: Gliscor|Gliscor, M|100/100
|-damage|p2a: Gliscor|88/100|[from] Stealth Rock
|
|-heal|p1a: Great Tusk|63/100 tox|[from] item: Leftovers
|-damage|p1a: Great Tusk|57/100 tox|[from] psn
|-status|p2a: Gliscor|tox|[from] item: Toxic Orb
|upkeep
|turn|12
|
|t:|1759032303
|move|p1a: Great Tusk|Rapid Spin|p2a: Gliscor
|-damage|p2a: Gliscor|73/100 tox
|-boost|p1a: Great Tusk|spe|1
|-sideend|p1: BigBungusBong|Toxic Spikes|[from] move: Rapid Spin|[of] p1a: Great Tusk
|move|p2a: Gliscor|Knock Off|p1a: Great Tusk
|-resisted|p1a: Great Tusk
|-damage|p1a: Great Tusk|49/100 tox
|-enditem|p1a: Great Tusk|Leftovers|[from] move: Knock Off|[of] p2a: Gliscor
|
|-damage|p1a: Great Tusk|37/100 tox|[from] psn
|-heal|p2a: Gliscor|86/100 tox|[from] ability: Poison Heal
|upkeep
|turn|13
|
|t:|1759032324
|-end|p1a: Great Tusk|Protosynthesis|[silent]
|switch|p1a: Walking Wake|Walking Wake|100/100
|move|p2a: Gliscor|Spikes|p1a: Walking Wake
|-sidestart|p1: BigBungusBong|Spikes
|
|-heal|p2a: Gliscor|98/100 tox|[from] ability: Poison Heal
|upkeep
|turn|14
|
|t:|1759032339
|switch|p2a: Toxapex|Toxapex, M|84/100 par
|-damage|p2a: Toxapex|72/100 par|[from] Stealth Rock
|move|p1a: Walking Wake|Flip Turn|p2a: Toxapex
|-resisted|p2a: Toxapex
|-damage|p2a: Toxapex|66/100 par
|
|t:|1759032342
|-end|p1a: Walking Wake|Protosynthesis|[silent]
|switch|p1a: Rillaboom|Rillaboom, F|100/100|[from] Flip Turn
|-damage|p1a: Rillaboom|88/100|[from] Spikes
|-fieldstart|move: Grassy Terrain|[from] ability: Grassy Surge|[of] p1a: Rillaboom
|
|-heal|p1a: Rillaboom|94/100|[from] Grassy Terrain
|-heal|p2a: Toxapex|72/100 par|[from] Grassy Terrain
|upkeep
|turn|15
|
|t:|1759032366
|-terastallize|p1a: Rillaboom|Grass
|-terastallize|p2a: Toxapex|Steel
|move|p1a: Rillaboom|Wood Hammer|p2a: Toxapex
|-resisted|p2a: Toxapex
|-damage|p2a: Toxapex|6/100 par
|-damage|p1a: Rillaboom|75/100|[from] Recoil
|move|p2a: Toxapex|Toxic|p1a: Rillaboom
|-status|p1a: Rillaboom|tox
|
|-heal|p1a: Rillaboom|81/100 tox|[from] Grassy Terrain
|-heal|p2a: Toxapex|12/100 par|[from] Grassy Terrain
|-damage|p1a: Rillaboom|75/100 tox|[from] psn
|upkeep
|turn|16
|
|t:|1759032378
|switch|p2a: Corviknight|Corviknight, M|100/100
|-damage|p2a: Corviknight|88/100|[from] Stealth Rock
|-ability|p2a: Corviknight|Pressure
|move|p1a: Rillaboom|Wood Hammer|p2a: Corviknight
|-resisted|p2a: Corviknight
|-damage|p2a: Corviknight|61/100
|-damage|p1a: Rillaboom|64/100 tox|[from] Recoil
|
|-heal|p1a: Rillaboom|70/100 tox|[from] Grassy Terrain
|-heal|p2a: Corviknight|67/100|[from] item: Leftovers
|-damage|p1a: Rillaboom|58/100 tox|[from] psn
|upkeep
|turn|17
|
|t:|1759032385
|switch|p1a: Gholdengo|Gholdengo|100/100
|-item|p1a: Gholdengo|Air Balloon
|move|p2a: Corviknight|Defog|p1a: Gholdengo
|-immune|p1a: Gholdengo|[from] ability: Good as Gold
|
|-heal|p2a: Corviknight|73/100|[from] item: Leftovers
|upkeep
|turn|18
|
|t:|1759032400
|switch|p1a: Torkoal|Torkoal, M|100/100
|-damage|p1a: Torkoal|88/100|[from] Spikes
|-weather|SunnyDay|[from] ability: Drought|[of] p1a: Torkoal
|switch|p2a: Weezing|Weezing-Galar, F|100/100
|-ability|p2a: Weezing|Neutralizing Gas
|
|-weather|SunnyDay|[upkeep]
|-heal|p1a: Torkoal|94/100|[from] Grassy Terrain
|-fieldend|move: Grassy Terrain
|upkeep
|turn|19
|
|t:|1759032412
|move|p2a: Weezing|Strange Steam|p1a: Torkoal
|-resisted|p1a: Torkoal
|-damage|p1a: Torkoal|78/100
|-start|p1a: Torkoal|confusion
|-activate|p1a: Torkoal|confusion
|move|p1a: Torkoal|Rapid Spin|p2a: Weezing
|-damage|p2a: Weezing|94/100
|-boost|p1a: Torkoal|spe|1
|-sideend|p1: BigBungusBong|Spikes|[from] move: Rapid Spin|[of] p1a: Torkoal
|
|-weather|SunnyDay|[upkeep]
|upkeep
|turn|20
|
|t:|1759032420
|switch|p1a: Kingambit|Kingambit, F|100/100
|move|p2a: Weezing|Defog|p1a: Kingambit
|-unboost|p1a: Kingambit|evasion|1
|-sideend|p2: But I Won Tho|Stealth Rock|[from] move: Defog|[of] p2a: Weezing
|
|-weather|SunnyDay|[upkeep]
|upkeep
|turn|21
|
|t:|1759032430
|-end|p1a: Kingambit|fallenundefined|[silent]
|switch|p1a: Walking Wake|Walking Wake|100/100
|-end|p2a: Weezing|ability: Neutralizing Gas
|-activate|p1a: Walking Wake|ability: Protosynthesis
|-start|p1a: Walking Wake|protosynthesisspa
|switch|p2a: Corviknight|Corviknight, M|73/100
|-ability|p2a: Corviknight|Pressure
|
|-weather|SunnyDay|[upkeep]
|-heal|p2a: Corviknight|79/100|[from] item: Leftovers
|upkeep
|turn|22
|
|t:|1759032437
|switch|p2a: Blissey|Blissey, F|91/100
|move|p1a: Walking Wake|Hydro Steam|p2a: Blissey
|-damage|p2a: Blissey|69/100
|
|-weather|SunnyDay|[upkeep]
|-heal|p2a: Blissey|75/100|[from] item: Leftovers
|upkeep
|turn|23
|
|t:|1759032447
|-end|p1a: Walking Wake|Protosynthesis|[silent]
|switch|p1a: Great Tusk|Great Tusk|37/100 tox
|-activate|p1a: Great Tusk|ability: Protosynthesis
|-start|p1a: Great Tusk|protosynthesisatk
|move|p2a: Blissey|Stealth Rock|p1a: Great Tusk
|-sidestart|p1: BigBungusBong|move: Stealth Rock
|
|-weather|SunnyDay|[upkeep]
|-heal|p2a: Blissey|81/100|[from] item: Leftovers
|-damage|p1a: Great Tusk|31/100 tox|[from] psn
|upkeep
|turn|24
|
|t:|1759032465
|switch|p2a: Gliscor|Gliscor, M|98/100 tox
|move|p1a: Great Tusk|Knock Off|p2a: Gliscor
|-damage|p2a: Gliscor|65/100 tox
|-enditem|p2a: Gliscor|Toxic Orb|[from] move: Knock Off|[of] p1a: Great Tusk
|
|-weather|SunnyDay|[upkeep]
|-damage|p1a: Great Tusk|18/100 tox|[from] psn
|-heal|p2a: Gliscor|77/100 tox|[from] ability: Poison Heal
|upkeep
|turn|25
|
|t:|1759032478
|move|p1a: Great Tusk|Rapid Spin|p2a: Gliscor
|-damage|p2a: Gliscor|59/100 tox
|-boost|p1a: Great Tusk|spe|1
|-sideend|p1: BigBungusBong|Stealth Rock|[from] move: Rapid Spin|[of] p1a: Great Tusk
|move|p2a: Gliscor|Spikes|p1a: Great Tusk
|-sidestart|p1: BigBungusBong|Spikes
|
|-weather|none
|-end|p1a: Great Tusk|Protosynthesis
|-damage|p1a: Great Tusk|0 fnt|[from] psn
|faint|p1a: Great Tusk
|-end|p1a: Great Tusk|Protosynthesis|[silent]
|-heal|p2a: Gliscor|72/100 tox|[from] ability: Poison Heal
|upkeep
|
|t:|1759032487
|switch|p1a: Walking Wake|Walking Wake|100/100
|-damage|p1a: Walking Wake|88/100|[from] Spikes
|turn|26
|
|t:|1759032499
|switch|p2a: Blissey|Blissey, F|81/100
|move|p1a: Walking Wake|Flip Turn|p2a: Blissey
|-damage|p2a: Blissey|65/100
|
|t:|1759032500
|-end|p1a: Walking Wake|Protosynthesis|[silent]
|switch|p1a: Rillaboom|Rillaboom, F, tera:Grass|58/100 tox|[from] Flip Turn
|-damage|p1a: Rillaboom|46/100 tox|[from] Spikes
|-fieldstart|move: Grassy Terrain|[from] ability: Grassy Surge|[of] p1a: Rillaboom
|
|-heal|p1a: Rillaboom|52/100 tox|[from] Grassy Terrain
|-heal|p2a: Blissey|72/100|[from] Grassy Terrain
|-heal|p2a: Blissey|78/100|[from] item: Leftovers
|-damage|p1a: Rillaboom|46/100 tox|[from] psn
|upkeep
|turn|27
|
|t:|1759032514
|switch|p2a: Corviknight|Corviknight, M|79/100
|-ability|p2a: Corviknight|Pressure
|move|p1a: Rillaboom|Wood Hammer|p2a: Corviknight
|-resisted|p2a: Corviknight
|-damage|p2a: Corviknight|54/100
|-damage|p1a: Rillaboom|36/100 tox|[from] Recoil
|
|-heal|p1a: Rillaboom|42/100 tox|[from] Grassy Terrain
|-heal|p2a: Corviknight|61/100|[from] item: Leftovers
|-damage|p1a: Rillaboom|30/100 tox|[from] psn
|upkeep
|turn|28
|-message|BigBungusBong forfeited.
|
|win|But I Won Tho
|raw|BigBungusBong's rating: 1448 &rarr; <strong>1425</strong><br />(-23 for losing)
|raw|But I Won Tho's rating: 1393 &rarr; <strong>1416</strong><br />(+23 for winning)
|l|☆BigBungusBong
|player|p1|
|l|☆But I Won Tho
|player|p2|
