|j|☆xvosss1232
|j|☆bitter herbert
|t:|1758918667
|gametype|singles
|player|p1|xvosss1232|169|1394
|player|p2|bitter herbert|gentleman-gen4dp|1384
|gen|9
|tier|[Gen 9] OU
|rated|
|rule|HP Percentage Mod: HP is shown in percentages
|rule|Endless Battle Clause: Forcing endless battles is banned
|rule|Species Clause: Limit one of each Pokémon
|rule|OHKO Clause: OHKO moves are banned
|rule|Evasion Items Clause: Evasion items are banned
|rule|Evasion Moves Clause: Evasion moves are banned
|rule|Evasion Abilities Clause: Evasion abilities are banned
|rule|Sleep Moves Clause: Sleep-inducing moves are banned
|clearpoke
|poke|p1|Ribombee, M|
|poke|p1|Gholdengo|
|poke|p1|Great Tusk|
|poke|p1|Raging Bolt|
|poke|p1|Ogerpon-Cornerstone, F|
|poke|p1|Ceruledge, M|
|poke|p2|Ting-Lu|
|poke|p2|Dragonite, F|
|poke|p2|Zamazenta-*|
|poke|p2|Darkrai|
|poke|p2|Corviknight, M|
|poke|p2|Slowking-Galar, F|
|teampreview
|inactive|Battle timer is ON: inactive players will automatically lose when time's up. (requested by bitter herbert)
|
|t:|1758918684
|teamsize|p1|6
|teamsize|p2|6
|start
|switch|p1a: GREAT NECK|Raging Bolt|100/100
|switch|p2a: Slowking|Slowking-Galar, F|100/100
|-enditem|p1a: GREAT NECK|Booster Energy
|-activate|p1a: GREAT NECK|ability: Protosynthesis|[fromitem]
|-start|p1a: GREAT NECK|protosynthesisspa
|turn|1
|
|t:|1758918698
|move|p1a: GREAT NECK|Calm Mind|p1a: GREAT NECK
|-boost|p1a: GREAT NECK|spa|1
|-boost|p1a: GREAT NECK|spd|1
|move|p2a: Slowking|Sludge Bomb|p1a: GREAT NECK
|-damage|p1a: GREAT NECK|79/100
|-status|p1a: GREAT NECK|psn
|
|-damage|p1a: GREAT NECK|66/100 psn|[from] psn
|upkeep
|turn|2
|
|t:|1758918707
|move|p1a: GREAT NECK|Thunderbolt|p2a: Slowking
|-damage|p2a: Slowking|41/100
|move|p2a: Slowking|Future Sight|p1a: GREAT NECK
|-start|p2a: Slowking|move: Future Sight
|
|-damage|p1a: GREAT NECK|54/100 psn|[from] psn
|upkeep
|turn|3
|
|t:|1758918715
|switch|p2a: Ting-Lu|Ting-Lu|100/100
|-ability|p2a: Ting-Lu|Vessel of Ruin
|move|p1a: GREAT NECK|Dragon Pulse|p2a: Ting-Lu
|-damage|p2a: Ting-Lu|60/100
|-enditem|p2a: Ting-Lu|Red Card|[of] p1a: GREAT NECK
|-end|p1a: GREAT NECK|Protosynthesis|[silent]
|drag|p1a: TORE UP|Ceruledge, M, shiny|100/100
|
|upkeep
|turn|4
|
|t:|1758918733
|move|p1a: TORE UP|Swords Dance|p1a: TORE UP
|-boost|p1a: TORE UP|atk|2
|move|p2a: Ting-Lu|Ruination|p1a: TORE UP
|-damage|p1a: TORE UP|51/100
|
|-end|p1a: TORE UP|move: Future Sight
|-damage|p1a: TORE UP|8/100
|upkeep
|turn|5
|
|t:|1758918741
|move|p1a: TORE UP|Bitter Blade|p2a: Ting-Lu
|-damage|p2a: Ting-Lu|4/100
|-heal|p1a: TORE UP|58/100|[from] drain|[of] p2a: Ting-Lu
|move|p2a: Ting-Lu|Earthquake|p1a: TORE UP
|-supereffective|p1a: TORE UP
|-damage|p1a: TORE UP|0 fnt
|faint|p1a: TORE UP
|
|upkeep
|
|t:|1758918758
|switch|p1a: BROTHER STONE|Ogerpon-Cornerstone, F|100/100
|turn|6
|
|t:|1758918762
|move|p1a: BROTHER STONE|Ivy Cudgel|p2a: Ting-Lu|[anim] Ivy Cudgel Rock
|-resisted|p2a: Ting-Lu
|-damage|p2a: Ting-Lu|0 fnt
|faint|p2a: Ting-Lu
|
|upkeep
|inactive|bitter herbert has 120 seconds left.
|
|t:|1758918793
|switch|p2a: Corviknight|Corviknight, M|100/100
|-ability|p2a: Corviknight|Pressure
|turn|7
|
|t:|1758918803
|move|p1a: BROTHER STONE|Ivy Cudgel|p2a: Corviknight|[anim] Ivy Cudgel Rock
|-damage|p2a: Corviknight|63/100
|move|p2a: Corviknight|U-turn|p1a: BROTHER STONE
|-supereffective|p1a: BROTHER STONE
|-damage|p1a: BROTHER STONE|63/100
|
|t:|1758918817
|switch|p2a: Darkrai|Darkrai|100/100|[from] U-turn
|
|upkeep
|turn|8
|
|t:|1758918822
|move|p2a: Darkrai|Ice Beam|p1a: BROTHER STONE
|-supereffective|p1a: BROTHER STONE
|-damage|p1a: BROTHER STONE|0 fnt
|faint|p1a: BROTHER STONE
|-damage|p2a: Darkrai|91/100|[from] item: Life Orb
|
|upkeep
|
|t:|1758918828
|switch|p1a: NEW DROP|Ribombee, M, shiny|100/100
|turn|9
|
|t:|1758918834
|-terastallize|p2a: Darkrai|Poison
|move|p2a: Darkrai|Sludge Bomb|p1a: NEW DROP
|-supereffective|p1a: NEW DROP
|-enditem|p1a: NEW DROP|Focus Sash
|-damage|p1a: NEW DROP|1/100
|-damage|p2a: Darkrai|81/100|[from] item: Life Orb
|move|p1a: NEW DROP|Sticky Web|p2a: Darkrai
|-sidestart|p2: bitter herbert|move: Sticky Web
|
|upkeep
|turn|10
|
|t:|1758918850
|move|p2a: Darkrai|Dark Pulse|p1a: NEW DROP
|-resisted|p1a: NEW DROP
|-damage|p1a: NEW DROP|0 fnt
|faint|p1a: NEW DROP
|-damage|p2a: Darkrai|71/100|[from] item: Life Orb
|
|upkeep
|
|t:|1758918853
|switch|p1a: BANDIT|Great Tusk, shiny|100/100
|-enditem|p1a: BANDIT|Booster Energy
|-activate|p1a: BANDIT|ability: Protosynthesis|[fromitem]
|-start|p1a: BANDIT|protosynthesisatk
|turn|11
|
|t:|1758918860
|move|p2a: Darkrai|Ice Beam|p1a: BANDIT
|-supereffective|p1a: BANDIT
|-damage|p1a: BANDIT|0 fnt
|faint|p1a: BANDIT
|-end|p1a: BANDIT|Protosynthesis|[silent]
|-damage|p2a: Darkrai|61/100|[from] item: Life Orb
|
|upkeep
|
|t:|1758918868
|switch|p1a: GREAT NECK|Raging Bolt|54/100 psn
|turn|12
|
|t:|1758918878
|-terastallize|p1a: GREAT NECK|Bug
|move|p2a: Darkrai|Dark Pulse|p1a: GREAT NECK
|-damage|p1a: GREAT NECK|1/100 psn
|-damage|p2a: Darkrai|51/100|[from] item: Life Orb
|move|p1a: GREAT NECK|Calm Mind|p1a: GREAT NECK
|-boost|p1a: GREAT NECK|spa|1
|-boost|p1a: GREAT NECK|spd|1
|
|-damage|p1a: GREAT NECK|0 fnt|[from] psn
|faint|p1a: GREAT NECK
|-end|p1a: GREAT NECK|Protosynthesis|[silent]
|upkeep
|c|☆bitter herbert|gg
|
|t:|1758918896
|switch|p1a: KRYPTONITE|Gholdengo, shiny|100/100
|-item|p1a: KRYPTONITE|Air Balloon
|turn|13
|
|t:|1758918902
|move|p2a: Darkrai|Dark Pulse|p1a: KRYPTONITE
|-supereffective|p1a: KRYPTONITE
|-damage|p1a: KRYPTONITE|0 fnt
|-enditem|p1a: KRYPTONITE|Air Balloon
|faint|p1a: KRYPTONITE
|-damage|p2a: Darkrai|41/100|[from] item: Life Orb
|
|win|bitter herbert
|raw|xvosss1232's rating: 1394 &rarr; <strong>1373</strong><br />(-21 for losing)
|raw|bitter herbert's rating: 1384 &rarr; <strong>1405</strong><br />(+21 for winning)
|l|☆xvosss1232
|player|p1|
