|j|☆Froslass_Trainer
|j|☆pimp101
|t:|1758965558
|gametype|singles
|player|p1|Froslass_Trainer|2|1416
|player|p2|pimp101|169|1414
|gen|9
|tier|[Gen 9] OU
|rated|
|rule|HP Percentage Mod: HP is shown in percentages
|rule|Endless Battle Clause: Forcing endless battles is banned
|rule|Species Clause: Limit one of each Pokémon
|rule|OHKO Clause: OHKO moves are banned
|rule|Evasion Items Clause: Evasion items are banned
|rule|Evasion Moves Clause: Evasion moves are banned
|rule|Evasion Abilities Clause: Evasion abilities are banned
|rule|Sleep Moves Clause: Sleep-inducing moves are banned
|clearpoke
|poke|p1|Toxapex, F|
|poke|p1|Goodra-Hisui, F|
|poke|p1|Cinderace, F|
|poke|p1|Sandy Shocks|
|poke|p1|Chesnaught, M|
|poke|p1|Lokix, M|
|poke|p2|Latios, M|
|poke|p2|Blaziken, F|
|poke|p2|Garganacl, F|
|poke|p2|Iron Valiant|
|poke|p2|Ting-Lu|
|poke|p2|Gholdengo|
|teampreview
|inactive|Battle timer is ON: inactive players will automatically lose when time's up. (requested by Froslass_Trainer)
|
|t:|1758965571
|teamsize|p1|6
|teamsize|p2|6
|start
|switch|p1a: Lokix|Lokix, M|100/100
|switch|p2a: Gholdengo|Gholdengo, shiny|100/100
|turn|1
|
|t:|1758965576
|move|p2a: Gholdengo|Make It Rain|p1a: Lokix
|-damage|p1a: Lokix|0 fnt
|-unboost|p2a: Gholdengo|spa|1
|faint|p1a: Lokix
|
|upkeep
|
|t:|1758965582
|switch|p1a: Cinderace|Cinderace, F|100/100
|turn|2
|
|t:|1758965586
|switch|p2a: Ting-Lu|Ting-Lu|100/100
|-ability|p2a: Ting-Lu|Vessel of Ruin
|move|p1a: Cinderace|Pyro Ball|p2a: Ting-Lu
|-damage|p2a: Ting-Lu|67/100
|
|-heal|p2a: Ting-Lu|73/100|[from] item: Leftovers
|upkeep
|turn|3
|
|t:|1758965593
|move|p1a: Cinderace|High Jump Kick|p2a: Ting-Lu
|-start|p1a: Cinderace|typechange|Fighting|[from] ability: Libero
|-supereffective|p2a: Ting-Lu
|-crit|p2a: Ting-Lu
|-damage|p2a: Ting-Lu|0 fnt
|faint|p2a: Ting-Lu
|
|upkeep
|
|t:|1758965599
|switch|p2a: Iron Valiant|Iron Valiant|100/100
|-enditem|p2a: Iron Valiant|Booster Energy
|-activate|p2a: Iron Valiant|ability: Quark Drive|[fromitem]
|-start|p2a: Iron Valiant|quarkdrivespe
|turn|4
|
|t:|1758965603
|switch|p1a: Toxapex|Toxapex, F|100/100
|move|p2a: Iron Valiant|Knock Off|p1a: Toxapex
|-damage|p1a: Toxapex|79/100
|-enditem|p1a: Toxapex|Leftovers|[from] move: Knock Off|[of] p2a: Iron Valiant
|
|upkeep
|turn|5
|
|t:|1758965616
|-end|p2a: Iron Valiant|Quark Drive|[silent]
|switch|p2a: Latios|Latios, M|100/100
|move|p1a: Toxapex|Liquidation|p2a: Latios
|-resisted|p2a: Latios
|-damage|p2a: Latios|87/100
|
|upkeep
|turn|6
|
|t:|1758965621
|move|p1a: Toxapex|Baneful Bunker|p1a: Toxapex
|-singleturn|p1a: Toxapex|move: Protect
|move|p2a: Latios|Trick|p1a: Toxapex
|-activate|p1a: Toxapex|move: Protect
|
|upkeep
|turn|7
|
|t:|1758965629
|switch|p1a: Sandy Shocks|Sandy Shocks|100/100
|move|p2a: Latios|Trick|p1a: Sandy Shocks
|-activate|p2a: Latios|move: Trick|[of] p1a: Sandy Shocks
|-item|p1a: Sandy Shocks|Choice Scarf|[from] move: Trick
|-item|p2a: Latios|Choice Scarf|[from] move: Trick
|
|upkeep
|turn|8
|
|t:|1758965637
|move|p2a: Latios|Ice Beam|p1a: Sandy Shocks
|-supereffective|p1a: Sandy Shocks
|-damage|p1a: Sandy Shocks|25/100
|move|p1a: Sandy Shocks|Volt Switch|p2a: Latios
|-resisted|p2a: Latios
|-damage|p2a: Latios|68/100
|
|t:|1758965642
|-end|p1a: Sandy Shocks|Protosynthesis|[silent]
|switch|p1a: Cinderace|Cinderace, F|100/100|[from] Volt Switch
|
|upkeep
|turn|9
|
|t:|1758965650
|switch|p2a: Garganacl|Garganacl, F|100/100
|move|p1a: Cinderace|Pyro Ball|p2a: Garganacl
|-resisted|p2a: Garganacl
|-damage|p2a: Garganacl|81/100
|
|-heal|p2a: Garganacl|87/100|[from] item: Leftovers
|upkeep
|turn|10
|
|t:|1758965657
|-terastallize|p2a: Garganacl|Bug
|move|p1a: Cinderace|High Jump Kick|p2a: Garganacl
|-start|p1a: Cinderace|typechange|Fighting|[from] ability: Libero
|-resisted|p2a: Garganacl
|-damage|p2a: Garganacl|67/100
|move|p2a: Garganacl|Iron Defense|p2a: Garganacl
|-boost|p2a: Garganacl|def|2
|
|-heal|p2a: Garganacl|73/100|[from] item: Leftovers
|upkeep
|turn|11
|
|t:|1758965667
|switch|p1a: Toxapex|Toxapex, F|100/100
|move|p2a: Garganacl|Iron Defense|p2a: Garganacl
|-boost|p2a: Garganacl|def|2
|
|-heal|p2a: Garganacl|79/100|[from] item: Leftovers
|upkeep
|turn|12
|
|t:|1758965677
|move|p2a: Garganacl|Salt Cure|p1a: Toxapex
|-damage|p1a: Toxapex|91/100
|-start|p1a: Toxapex|Salt Cure
|move|p1a: Toxapex|Haze|p1a: Toxapex
|-clearallboost
|
|-heal|p2a: Garganacl|86/100|[from] item: Leftovers
|-damage|p1a: Toxapex|66/100|[from] Salt Cure
|upkeep
|turn|13
|
|t:|1758965684
|switch|p1a: Cinderace|Cinderace, F|100/100
|move|p2a: Garganacl|Iron Defense|p2a: Garganacl
|-boost|p2a: Garganacl|def|2
|
|-heal|p2a: Garganacl|92/100|[from] item: Leftovers
|upkeep
|turn|14
|
|t:|1758965691
|move|p1a: Cinderace|Pyro Ball|p2a: Garganacl
|-supereffective|p2a: Garganacl
|-damage|p2a: Garganacl|53/100
|move|p2a: Garganacl|Salt Cure|p1a: Cinderace
|-supereffective|p1a: Cinderace
|-crit|p1a: Cinderace
|-damage|p1a: Cinderace|37/100
|-start|p1a: Cinderace|Salt Cure
|
|-heal|p2a: Garganacl|59/100|[from] item: Leftovers
|-damage|p1a: Cinderace|24/100|[from] Salt Cure
|upkeep
|turn|15
|
|t:|1758965701
|switch|p1a: Chesnaught|Chesnaught, M|100/100
|move|p2a: Garganacl|Salt Cure|p1a: Chesnaught
|-resisted|p1a: Chesnaught
|-damage|p1a: Chesnaught|95/100
|-start|p1a: Chesnaught|Salt Cure
|
|-heal|p2a: Garganacl|65/100|[from] item: Leftovers
|-damage|p1a: Chesnaught|83/100|[from] Salt Cure
|upkeep
|turn|16
|
|t:|1758965712
|move|p1a: Chesnaught|Leech Seed|p2a: Garganacl
|-start|p2a: Garganacl|move: Leech Seed
|move|p2a: Garganacl|Iron Defense|p2a: Garganacl
|-boost|p2a: Garganacl|def|2
|
|-heal|p2a: Garganacl|71/100|[from] item: Leftovers
|-damage|p2a: Garganacl|59/100|[from] Leech Seed|[of] p1a: Chesnaught
|-heal|p1a: Chesnaught|97/100|[silent]
|-damage|p1a: Chesnaught|85/100|[from] Salt Cure
|upkeep
|turn|17
|
|t:|1758965724
|switch|p1a: Toxapex|Toxapex, F|99/100
|move|p2a: Garganacl|Body Press|p1a: Toxapex
|-resisted|p1a: Toxapex
|-damage|p1a: Toxapex|76/100
|
|-heal|p2a: Garganacl|65/100|[from] item: Leftovers
|-damage|p2a: Garganacl|53/100|[from] Leech Seed|[of] p1a: Toxapex
|-heal|p1a: Toxapex|94/100|[silent]
|upkeep
|turn|18
|l|☆Froslass_Trainer
|inactive|Froslass_Trainer disconnected and has a minute to reconnect!
|player|p1|
|j|☆Froslass_Trainer
|inactive|Froslass_Trainer reconnected and has 125 seconds left.
|player|p1|Froslass_Trainer|2|
|inactive|Froslass_Trainer has 120 seconds left.
|
|t:|1758965756
|switch|p2a: Latios|Latios, M|68/100
|move|p1a: Toxapex|Haze|p1a: Toxapex
|-clearallboost
|
|upkeep
|turn|19
|
|t:|1758965766
|move|p1a: Toxapex|Baneful Bunker|p1a: Toxapex
|-singleturn|p1a: Toxapex|move: Protect
|move|p2a: Latios|Ice Beam|p1a: Toxapex
|-activate|p1a: Toxapex|move: Protect
|
|upkeep
|turn|20
|inactive|Froslass_Trainer has 120 seconds left.
|
|t:|1758965815
|switch|p2a: Gholdengo|Gholdengo, shiny|100/100
|move|p1a: Toxapex|Liquidation|p2a: Gholdengo
|-damage|p2a: Gholdengo|79/100
|-unboost|p2a: Gholdengo|def|1
|
|upkeep
|turn|21
|
|t:|1758965825
|move|p1a: Toxapex|Baneful Bunker|p1a: Toxapex
|-singleturn|p1a: Toxapex|move: Protect
|move|p2a: Gholdengo|Shadow Ball|p1a: Toxapex
|-activate|p1a: Toxapex|move: Protect
|
|upkeep
|turn|22
|
|t:|1758965841
|switch|p2a: Iron Valiant|Iron Valiant|100/100
|move|p1a: Toxapex|Liquidation|p2a: Iron Valiant
|-damage|p2a: Iron Valiant|73/100
|-unboost|p2a: Iron Valiant|def|1
|
|upkeep
|turn|23
|
|t:|1758965857
|-end|p2a: Iron Valiant|Quark Drive|[silent]
|switch|p2a: Gholdengo|Gholdengo, shiny|79/100
|move|p1a: Toxapex|Baneful Bunker||[still]
|-fail|p1a: Toxapex
|
|upkeep
|turn|24
|
|t:|1758965863
|move|p2a: Gholdengo|Shadow Ball|p1a: Toxapex
|-damage|p1a: Toxapex|64/100
|move|p1a: Toxapex|Liquidation|p2a: Gholdengo
|-damage|p2a: Gholdengo|55/100
|
|upkeep
|turn|25
|
|t:|1758965868
|move|p2a: Gholdengo|Shadow Ball|p1a: Toxapex
|-damage|p1a: Toxapex|33/100
|move|p1a: Toxapex|Recover|p1a: Toxapex
|-heal|p1a: Toxapex|83/100
|
|upkeep
|turn|26
|
|t:|1758965879
|switch|p2a: Garganacl|Garganacl, F, tera:Bug|53/100
|move|p1a: Toxapex|Liquidation|p2a: Garganacl
|-damage|p2a: Garganacl|39/100
|
|-heal|p2a: Garganacl|45/100|[from] item: Leftovers
|upkeep
|turn|27
|
|t:|1758965891
|switch|p1a: Chesnaught|Chesnaught, M|85/100
|move|p2a: Garganacl|Salt Cure|p1a: Chesnaught
|-resisted|p1a: Chesnaught
|-damage|p1a: Chesnaught|80/100
|-start|p1a: Chesnaught|Salt Cure
|
|-heal|p2a: Garganacl|51/100|[from] item: Leftovers
|-damage|p1a: Chesnaught|68/100|[from] Salt Cure
|upkeep
|turn|28
|
|t:|1758965899
|move|p1a: Chesnaught|Leech Seed|p2a: Garganacl|[miss]
|-miss|p1a: Chesnaught|p2a: Garganacl
|move|p2a: Garganacl|Recover|p2a: Garganacl
|-heal|p2a: Garganacl|100/100
|
|-damage|p1a: Chesnaught|56/100|[from] Salt Cure
|upkeep
|turn|29
|
|t:|1758965913
|switch|p2a: Gholdengo|Gholdengo, shiny|55/100
|move|p1a: Chesnaught|Leech Seed|p2a: Gholdengo
|-immune|p2a: Gholdengo|[from] ability: Good as Gold
|
|-damage|p1a: Chesnaught|43/100|[from] Salt Cure
|upkeep
|turn|30
|
|t:|1758965920
|switch|p1a: Toxapex|Toxapex, F|100/100
|move|p2a: Gholdengo|Trick|p1a: Toxapex
|-activate|p2a: Gholdengo|move: Trick|[of] p1a: Toxapex
|-item|p1a: Toxapex|Choice Scarf|[from] move: Trick
|-enditem|p2a: Gholdengo|Choice Scarf|[silent]|[from] move: Trick
|
|upkeep
|turn|31
|
|t:|1758965931
|switch|p2a: Garganacl|Garganacl, F, tera:Bug|100/100
|move|p1a: Toxapex|Liquidation|p2a: Garganacl
|-damage|p2a: Garganacl|87/100
|
|-heal|p2a: Garganacl|93/100|[from] item: Leftovers
|upkeep
|turn|32
|l|☆Froslass_Trainer
|inactive|Froslass_Trainer disconnected and has a minute to reconnect!
|player|p1|
|j|☆Froslass_Trainer
|inactive|Froslass_Trainer reconnected and has 130 seconds left.
|player|p1|Froslass_Trainer|2|
|
|t:|1758965954
|switch|p1a: Chesnaught|Chesnaught, M|43/100
|move|p2a: Garganacl|Salt Cure|p1a: Chesnaught
|-resisted|p1a: Chesnaught
|-damage|p1a: Chesnaught|39/100
|-start|p1a: Chesnaught|Salt Cure
|
|-heal|p2a: Garganacl|99/100|[from] item: Leftovers
|-damage|p1a: Chesnaught|27/100|[from] Salt Cure
|upkeep
|turn|33
|
|t:|1758965963
|switch|p1a: Cinderace|Cinderace, F|24/100
|move|p2a: Garganacl|Iron Defense|p2a: Garganacl
|-boost|p2a: Garganacl|def|2
|
|-heal|p2a: Garganacl|100/100|[from] item: Leftovers
|upkeep
|turn|34
|
|t:|1758965970
|switch|p1a: Toxapex|Toxapex, F|100/100
|move|p2a: Garganacl|Salt Cure|p1a: Toxapex
|-damage|p1a: Toxapex|90/100
|-start|p1a: Toxapex|Salt Cure
|
|-damage|p1a: Toxapex|65/100|[from] Salt Cure
|upkeep
|turn|35
|
|t:|1758965977
|move|p1a: Toxapex|Haze|p1a: Toxapex
|-clearallboost
|move|p2a: Garganacl|Salt Cure|p1a: Toxapex
|-damage|p1a: Toxapex|55/100
|
|-damage|p1a: Toxapex|30/100|[from] Salt Cure
|upkeep
|turn|36
|
|t:|1758965988
|switch|p1a: Sandy Shocks|Sandy Shocks|25/100
|move|p2a: Garganacl|Iron Defense|p2a: Garganacl
|-boost|p2a: Garganacl|def|2
|
|upkeep
|turn|37
|
|t:|1758965993
|move|p1a: Sandy Shocks|Volt Switch|p2a: Garganacl
|-damage|p2a: Garganacl|77/100
|
|t:|1758966000
|-end|p1a: Sandy Shocks|Protosynthesis|[silent]
|switch|p1a: Toxapex|Toxapex, F|63/100|[from] Volt Switch
|move|p2a: Garganacl|Salt Cure|p1a: Toxapex
|-damage|p1a: Toxapex|53/100
|-start|p1a: Toxapex|Salt Cure
|
|-heal|p2a: Garganacl|84/100|[from] item: Leftovers
|-damage|p1a: Toxapex|28/100|[from] Salt Cure
|upkeep
|turn|38
|
|t:|1758966009
|switch|p1a: Sandy Shocks|Sandy Shocks|25/100
|move|p2a: Garganacl|Salt Cure|p1a: Sandy Shocks
|-resisted|p1a: Sandy Shocks
|-damage|p1a: Sandy Shocks|17/100
|-start|p1a: Sandy Shocks|Salt Cure
|
|-heal|p2a: Garganacl|90/100|[from] item: Leftovers
|-damage|p1a: Sandy Shocks|5/100|[from] Salt Cure
|upkeep
|turn|39
|
|t:|1758966020
|move|p1a: Sandy Shocks|Volt Switch|p2a: Garganacl
|-damage|p2a: Garganacl|65/100
|
|t:|1758966024
|-end|p1a: Sandy Shocks|Protosynthesis|[silent]
|switch|p1a: Chesnaught|Chesnaught, M|27/100|[from] Volt Switch
|move|p2a: Garganacl|Body Press|p1a: Chesnaught
|-damage|p1a: Chesnaught|0 fnt
|-damage|p2a: Garganacl|49/100|[from] item: Rocky Helmet|[of] p1a: Chesnaught
|faint|p1a: Chesnaught
|
|-heal|p2a: Garganacl|55/100|[from] item: Leftovers
|upkeep
|
|t:|1758966031
|switch|p1a: Cinderace|Cinderace, F|24/100
|turn|40
|
|t:|1758966034
|move|p1a: Cinderace|Pyro Ball|p2a: Garganacl
|-supereffective|p2a: Garganacl
|-damage|p2a: Garganacl|17/100
|move|p2a: Garganacl|Salt Cure|p1a: Cinderace
|-supereffective|p1a: Cinderace
|-damage|p1a: Cinderace|0 fnt
|faint|p1a: Cinderace
|
|-heal|p2a: Garganacl|23/100|[from] item: Leftovers
|upkeep
|
|t:|1758966038
|switch|p1a: Sandy Shocks|Sandy Shocks|5/100
|turn|41
|
|t:|1758966047
|move|p1a: Sandy Shocks|Volt Switch|p2a: Garganacl
|-damage|p2a: Garganacl|0 fnt
|faint|p2a: Garganacl
|
|t:|1758966052
|-end|p1a: Sandy Shocks|Protosynthesis|[silent]
|switch|p1a: Goodra|Goodra-Hisui, F|100/100|[from] Volt Switch
|
|upkeep
|
|t:|1758966059
|switch|p2a: Blaziken|Blaziken, F|100/100
|turn|42
|
|t:|1758966063
|switch|p1a: Toxapex|Toxapex, F|62/100
|move|p2a: Blaziken|Swords Dance|p2a: Blaziken
|-boost|p2a: Blaziken|atk|2
|
|-ability|p2a: Blaziken|Speed Boost|boost
|-boost|p2a: Blaziken|spe|1
|upkeep
|turn|43
|
|t:|1758966086
|switch|p2a: Latios|Latios, M|68/100
|move|p1a: Toxapex|Liquidation|p2a: Latios
|-resisted|p2a: Latios
|-damage|p2a: Latios|55/100
|
|upkeep
|turn|44
|
|t:|1758966095
|switch|p1a: Goodra|Goodra-Hisui, F|100/100
|move|p2a: Latios|Ice Beam|p1a: Goodra
|-damage|p1a: Goodra|80/100
|
|-heal|p1a: Goodra|86/100|[from] item: Leftovers
|upkeep
|turn|45
|
|t:|1758966103
|switch|p2a: Blaziken|Blaziken, F|100/100
|move|p1a: Goodra|Draco Meteor|p2a: Blaziken|[miss]
|-miss|p1a: Goodra|p2a: Blaziken
|
|-heal|p1a: Goodra|92/100|[from] item: Leftovers
|upkeep
|turn|46
|l|☆Froslass_Trainer
|inactive|Froslass_Trainer disconnected and has a minute to reconnect!
|player|p1|
|j|☆Froslass_Trainer
|inactive|Froslass_Trainer reconnected.
|player|p1|Froslass_Trainer|2|
|
|t:|1758966130
|switch|p2a: Gholdengo|Gholdengo, shiny|55/100
|move|p1a: Goodra|Draco Meteor|p2a: Gholdengo
|-resisted|p2a: Gholdengo
|-damage|p2a: Gholdengo|23/100
|-unboost|p1a: Goodra|spa|2
|
|-heal|p1a: Goodra|98/100|[from] item: Leftovers
|upkeep
|turn|47
|
|t:|1758966144
|switch|p2a: Latios|Latios, M|55/100
|move|p1a: Goodra|Earthquake|p2a: Latios
|-immune|p2a: Latios|[from] ability: Levitate
|
|-heal|p1a: Goodra|100/100|[from] item: Leftovers
|upkeep
|turn|48
|
|t:|1758966152
|switch|p1a: Toxapex|Toxapex, F|95/100
|move|p2a: Latios|Trick|p1a: Toxapex
|-activate|p2a: Latios|move: Trick|[of] p1a: Toxapex
|-item|p1a: Toxapex|Choice Scarf|[from] move: Trick
|-item|p2a: Latios|Choice Scarf|[from] move: Trick
|
|upkeep
|turn|49
|
|t:|1758966162
|move|p2a: Latios|Thunderbolt|p1a: Toxapex
|-supereffective|p1a: Toxapex
|-damage|p1a: Toxapex|42/100
|move|p1a: Toxapex|Liquidation|p2a: Latios
|-resisted|p2a: Latios
|-damage|p2a: Latios|40/100
|
|upkeep
|turn|50
|
|t:|1758966179
|switch|p2a: Gholdengo|Gholdengo, shiny|23/100
|switch|p1a: Sandy Shocks|Sandy Shocks|5/100
|
|upkeep
|turn|51
|
|t:|1758966184
|move|p1a: Sandy Shocks|Volt Switch|p2a: Gholdengo
|-damage|p2a: Gholdengo|0 fnt
|faint|p2a: Gholdengo
|
|t:|1758966188
|-end|p1a: Sandy Shocks|Protosynthesis|[silent]
|switch|p1a: Toxapex|Toxapex, F|76/100|[from] Volt Switch
|
|upkeep
|l|☆Froslass_Trainer
|inactive|Froslass_Trainer disconnected and has a minute to reconnect!
|player|p1|
|
|t:|1758966216
|switch|p2a: Blaziken|Blaziken, F|100/100
|turn|52
|j|☆Froslass_Trainer
|inactive|Froslass_Trainer reconnected and has 145 seconds left.
|player|p1|Froslass_Trainer|2|
|
|t:|1758966226
|move|p2a: Blaziken|Swords Dance|p2a: Blaziken
|-boost|p2a: Blaziken|atk|2
|move|p1a: Toxapex|Liquidation|p2a: Blaziken
|-supereffective|p2a: Blaziken
|-damage|p2a: Blaziken|36/100
|
|-ability|p2a: Blaziken|Speed Boost|boost
|-boost|p2a: Blaziken|spe|1
|upkeep
|turn|53
|
|t:|1758966238
|move|p2a: Blaziken|Flare Blitz|p1a: Toxapex
|-resisted|p1a: Toxapex
|-damage|p1a: Toxapex|28/100
|-damage|p2a: Blaziken|22/100|[from] Recoil
|move|p1a: Toxapex|Liquidation|p2a: Blaziken
|-supereffective|p2a: Blaziken
|-damage|p2a: Blaziken|0 fnt
|faint|p2a: Blaziken
|
|upkeep
|
|t:|1758966245
|switch|p2a: Iron Valiant|Iron Valiant|73/100
|turn|54
|l|☆Froslass_Trainer
|inactive|Froslass_Trainer disconnected and has a minute to reconnect!
|player|p1|
|inactive|Froslass_Trainer has 30 seconds to reconnect!
|inactive|Froslass_Trainer has 20 seconds to reconnect!
|inactive|Froslass_Trainer has 15 seconds to reconnect!
|j|☆Froslass_Trainer
|inactive|Froslass_Trainer reconnected and has 90 seconds left.
|player|p1|Froslass_Trainer|2|
|l|☆Froslass_Trainer
|inactive|Froslass_Trainer disconnected and has a minute to reconnect!
|player|p1|
|j|☆Froslass_Trainer
|inactive|Froslass_Trainer reconnected and has 50 seconds left.
|player|p1|Froslass_Trainer|2|
|
|t:|1758966350
|switch|p1a: Goodra|Goodra-Hisui, F|100/100
|move|p2a: Iron Valiant|Knock Off|p1a: Goodra
|-damage|p1a: Goodra|73/100
|-enditem|p1a: Goodra|Leftovers|[from] move: Knock Off|[of] p2a: Iron Valiant
|
|upkeep
|turn|55
|
|t:|1758966359
|move|p2a: Iron Valiant|Close Combat|p1a: Goodra
|-supereffective|p1a: Goodra
|-damage|p1a: Goodra|0 fnt
|-unboost|p2a: Iron Valiant|def|1
|-unboost|p2a: Iron Valiant|spd|1
|faint|p1a: Goodra
|
|upkeep
|
|t:|1758966361
|switch|p1a: Sandy Shocks|Sandy Shocks|5/100
|turn|56
|
|t:|1758966369
|move|p1a: Sandy Shocks|Flash Cannon|p2a: Iron Valiant
|-supereffective|p2a: Iron Valiant
|-damage|p2a: Iron Valiant|0 fnt
|faint|p2a: Iron Valiant
|-end|p2a: Iron Valiant|Quark Drive|[silent]
|
|upkeep
|
|t:|1758966373
|switch|p2a: Latios|Latios, M|40/100
|turn|57
|
|t:|1758966379
|move|p2a: Latios|Draco Meteor|p1a: Sandy Shocks
|-damage|p1a: Sandy Shocks|0 fnt
|-unboost|p2a: Latios|spa|2
|faint|p1a: Sandy Shocks
|-end|p1a: Sandy Shocks|Protosynthesis|[silent]
|
|upkeep
|
|t:|1758966381
|switch|p1a: Toxapex|Toxapex, F|62/100
|turn|58
|
|t:|1758966386
|move|p2a: Latios|Draco Meteor|p1a: Toxapex
|-damage|p1a: Toxapex|35/100
|-unboost|p2a: Latios|spa|2
|move|p1a: Toxapex|Liquidation|p2a: Latios
|-resisted|p2a: Latios
|-damage|p2a: Latios|25/100
|
|upkeep
|turn|59
|
|t:|1758966393
|move|p2a: Latios|Draco Meteor|p1a: Toxapex
|-damage|p1a: Toxapex|18/100
|-unboost|p2a: Latios|spa|2
|move|p1a: Toxapex|Liquidation|p2a: Latios
|-resisted|p2a: Latios
|-damage|p2a: Latios|10/100
|
|upkeep
|turn|60
|
|t:|1758966400
|move|p2a: Latios|Draco Meteor|p1a: Toxapex
|-crit|p1a: Toxapex
|-damage|p1a: Toxapex|0 fnt
|faint|p1a: Toxapex
|
|win|pimp101
|raw|Froslass_Trainer's rating: 1416 &rarr; <strong>1396</strong><br />(-20 for losing)
|raw|pimp101's rating: 1414 &rarr; <strong>1434</strong><br />(+20 for winning)
|l|☆Froslass_Trainer
|player|p1|
|l|☆pimp101
|player|p2|
