|j|☆President Warfo
|j|☆otaviiozx
|t:|1758976326
|gametype|singles
|player|p1|President Warfo|giovanni-gen1rb|1419
|player|p2|otaviiozx|unknown|1342
|gen|9
|tier|[Gen 9] OU
|rated|
|rule|HP Percentage Mod: HP is shown in percentages
|rule|Endless Battle Clause: Forcing endless battles is banned
|rule|Species Clause: Limit one of each Pokémon
|rule|OHKO Clause: OHKO moves are banned
|rule|Evasion Items Clause: Evasion items are banned
|rule|Evasion Moves Clause: Evasion moves are banned
|rule|Evasion Abilities Clause: Evasion abilities are banned
|rule|Sleep Moves Clause: Sleep-inducing moves are banned
|clearpoke
|poke|p1|Torkoal, F|
|poke|p1|Scovillain, F|
|poke|p1|Walking Wake|
|poke|p1|Hatterene, F|
|poke|p1|Great Tusk|
|poke|p1|Ceruledge, F|
|poke|p2|Tyranitar, F|
|poke|p2|Excadrill, M|
|poke|p2|Kingambit, F|
|poke|p2|Garchomp, F|
|poke|p2|Pecharunt|
|poke|p2|Rotom-Wash|
|teampreview
|inactive|Battle timer is ON: inactive players will automatically lose when time's up. (requested by President Warfo)
|inactive|otaviiozx has 120 seconds left.
|
|t:|1758976357
|teamsize|p1|6
|teamsize|p2|6
|start
|switch|p1a: Don|Great Tusk, shiny|100/100
|switch|p2a: Excadrill|Excadrill, M|100/100
|turn|1
|inactive|President Warfo has 120 seconds left.
|
|t:|1758976404
|switch|p2a: Rotom|Rotom-Wash|100/100
|move|p1a: Don|Rapid Spin|p2a: Rotom
|-damage|p2a: Rotom|85/100
|-boost|p1a: Don|spe|1
|
|-heal|p2a: Rotom|91/100|[from] item: Leftovers
|upkeep
|turn|2
|
|t:|1758976411
|-end|p1a: Don|Protosynthesis|[silent]
|switch|p1a: Torkoal|Torkoal, F|100/100
|-weather|SunnyDay|[from] ability: Drought|[of] p1a: Torkoal
|move|p2a: Rotom|Will-O-Wisp|p1a: Torkoal|[miss]
|-miss|p2a: Rotom|p1a: Torkoal
|
|-weather|SunnyDay|[upkeep]
|-heal|p2a: Rotom|98/100|[from] item: Leftovers
|upkeep
|turn|3
|
|t:|1758976418
|switch|p1a: Hatterene|Hatterene, F, shiny|100/100
|move|p2a: Rotom|Volt Switch|p1a: Hatterene
|-crit|p1a: Hatterene
|-damage|p1a: Hatterene|63/100
|-enditem|p1a: Hatterene|Eject Button
|
|t:|1758976427
|switch|p1a: Walking Wake|Walking Wake|100/100
|-activate|p1a: Walking Wake|ability: Protosynthesis
|-start|p1a: Walking Wake|protosynthesisspa
|
|-weather|SunnyDay|[upkeep]
|-heal|p2a: Rotom|100/100|[from] item: Leftovers
|upkeep
|turn|4
|inactive|President Warfo has 120 seconds left.
|
|t:|1758976437
|move|p1a: Walking Wake|Hydro Steam|p2a: Rotom
|-resisted|p2a: Rotom
|-damage|p2a: Rotom|36/100
|move|p2a: Rotom|Pain Split|p1a: Walking Wake
|-sethp|p1a: Walking Wake|67/100|[from] move: Pain Split|[silent]
|-sethp|p2a: Rotom|74/100|[from] move: Pain Split
|
|-weather|SunnyDay|[upkeep]
|-heal|p2a: Rotom|80/100|[from] item: Leftovers
|upkeep
|turn|5
|
|t:|1758976447
|-terastallize|p1a: Walking Wake|Water
|move|p1a: Walking Wake|Hydro Steam|p2a: Rotom
|-resisted|p2a: Rotom
|-damage|p2a: Rotom|0 fnt
|faint|p2a: Rotom
|
|-weather|SunnyDay|[upkeep]
|upkeep
|
|t:|1758976454
|switch|p2a: Tyranitar|Tyranitar, F|100/100
|-weather|Sandstorm|[from] ability: Sand Stream|[of] p2a: Tyranitar
|-end|p1a: Walking Wake|Protosynthesis
|turn|6
|
|t:|1758976457
|move|p1a: Walking Wake|Hydro Steam|p2a: Tyranitar
|-supereffective|p2a: Tyranitar
|-damage|p2a: Tyranitar|26/100
|move|p2a: Tyranitar|Thunder Wave|p1a: Walking Wake
|-status|p1a: Walking Wake|par
|
|-weather|Sandstorm|[upkeep]
|-damage|p1a: Walking Wake|60/100 par|[from] Sandstorm
|upkeep
|turn|7
|
|t:|1758976463
|move|p1a: Walking Wake|Hydro Steam|p2a: Tyranitar
|-supereffective|p2a: Tyranitar
|-damage|p2a: Tyranitar|0 fnt
|faint|p2a: Tyranitar
|
|-weather|Sandstorm|[upkeep]
|-damage|p1a: Walking Wake|54/100 par|[from] Sandstorm
|upkeep
|
|t:|1758976465
|switch|p2a: Excadrill|Excadrill, M|100/100
|turn|8
|
|t:|1758976471
|-end|p1a: Walking Wake|Protosynthesis|[silent]
|switch|p1a: Don|Great Tusk, shiny|100/100
|move|p2a: Excadrill|Swords Dance|p2a: Excadrill
|-boost|p2a: Excadrill|atk|2
|
|-weather|Sandstorm|[upkeep]
|upkeep
|turn|9
|
|t:|1758976477
|-terastallize|p2a: Excadrill|Ground
|move|p2a: Excadrill|Earthquake|p1a: Don
|-damage|p1a: Don|0 fnt
|faint|p1a: Don
|-end|p1a: Don|Protosynthesis|[silent]
|-damage|p2a: Excadrill|91/100|[from] item: Life Orb
|
|-weather|Sandstorm|[upkeep]
|upkeep
|
|t:|1758976483
|switch|p1a: Torkoal|Torkoal, F|100/100
|-weather|SunnyDay|[from] ability: Drought|[of] p1a: Torkoal
|turn|10
|
|t:|1758976490
|switch|p1a: Ceruledge|Ceruledge, F|100/100
|move|p2a: Excadrill|Rapid Spin|p1a: Ceruledge
|-immune|p1a: Ceruledge
|
|-weather|SunnyDay|[upkeep]
|upkeep
|turn|11
|
|t:|1758976497
|move|p2a: Excadrill|Earthquake|p1a: Ceruledge
|-supereffective|p1a: Ceruledge
|-enditem|p1a: Ceruledge|Focus Sash
|-damage|p1a: Ceruledge|1/100
|-ability|p1a: Ceruledge|Weak Armor|boost
|-unboost|p1a: Ceruledge|def|1
|-boost|p1a: Ceruledge|spe|2
|-damage|p2a: Excadrill|81/100|[from] item: Life Orb
|move|p1a: Ceruledge|Swords Dance|p1a: Ceruledge
|-boost|p1a: Ceruledge|atk|2
|
|-weather|SunnyDay|[upkeep]
|upkeep
|turn|12
|
|t:|1758976501
|switch|p2a: Pecharunt|Pecharunt|100/100
|-item|p2a: Pecharunt|Air Balloon
|move|p1a: Ceruledge|Bitter Blade|p2a: Pecharunt
|-damage|p2a: Pecharunt|31/100
|-heal|p1a: Ceruledge|46/100|[from] drain|[of] p2a: Pecharunt
|-enditem|p2a: Pecharunt|Air Balloon
|
|-weather|SunnyDay|[upkeep]
|upkeep
|turn|13
|
|t:|1758976508
|move|p1a: Ceruledge|Bitter Blade|p2a: Pecharunt
|-damage|p2a: Pecharunt|0 fnt
|-heal|p1a: Ceruledge|66/100|[from] drain|[of] p2a: Pecharunt
|faint|p2a: Pecharunt
|
|-weather|SunnyDay|[upkeep]
|upkeep
|
|t:|1758976510
|switch|p2a: Kingambit|Kingambit, F|100/100
|-activate|p2a: Kingambit|ability: Supreme Overlord
|-start|p2a: Kingambit|fallen3|[silent]
|turn|14
|
|t:|1758976512
|move|p1a: Ceruledge|Swords Dance|p1a: Ceruledge
|-boost|p1a: Ceruledge|atk|2
|move|p2a: Kingambit|Kowtow Cleave|p1a: Ceruledge
|-supereffective|p1a: Ceruledge
|-damage|p1a: Ceruledge|0 fnt
|faint|p1a: Ceruledge
|
|-weather|SunnyDay|[upkeep]
|upkeep
|
|t:|1758976516
|switch|p1a: Torkoal|Torkoal, F|100/100
|turn|15
|
|t:|1758976522
|-end|p2a: Kingambit|fallen3|[silent]
|switch|p2a: Excadrill|Excadrill, M, tera:Ground|81/100
|move|p1a: Torkoal|Overheat|p2a: Excadrill
|-damage|p2a: Excadrill|0 fnt
|-unboost|p1a: Torkoal|spa|2
|faint|p2a: Excadrill
|
|-weather|SunnyDay|[upkeep]
|upkeep
|
|t:|1758976527
|switch|p2a: Garchomp|Garchomp, F|100/100
|turn|16
|
|t:|1758976532
|switch|p1a: Hatterene|Hatterene, F, shiny|63/100
|move|p2a: Garchomp|Swords Dance|p2a: Garchomp
|-boost|p2a: Garchomp|atk|2
|
|-weather|SunnyDay|[upkeep]
|upkeep
|turn|17
|
|t:|1758976536
|move|p2a: Garchomp|Earthquake|p1a: Hatterene
|-damage|p1a: Hatterene|0 fnt
|faint|p1a: Hatterene
|
|-weather|none
|upkeep
|
|t:|1758976540
|switch|p1a: Torkoal|Torkoal, F|100/100
|-weather|SunnyDay|[from] ability: Drought|[of] p1a: Torkoal
|turn|18
|
|t:|1758976544
|switch|p1a: Walking Wake|Walking Wake, tera:Water|54/100 par
|-activate|p1a: Walking Wake|ability: Protosynthesis
|-start|p1a: Walking Wake|protosynthesisspa
|move|p2a: Garchomp|Scale Shot|p1a: Walking Wake
|-damage|p1a: Walking Wake|26/100 par
|-damage|p1a: Walking Wake|0 fnt
|faint|p1a: Walking Wake
|-end|p1a: Walking Wake|Protosynthesis|[silent]
|-hitcount|p1: Walking Wake|2
|-unboost|p2a: Garchomp|def|1
|-boost|p2a: Garchomp|spe|1
|
|-weather|SunnyDay|[upkeep]
|upkeep
|
|t:|1758976546
|switch|p1a: Scovillain|Scovillain, F|100/100
|turn|19
|
|t:|1758976552
|move|p1a: Scovillain|Giga Drain|p2a: Garchomp
|-damage|p2a: Garchomp|50/100
|-damage|p1a: Scovillain|91/100|[from] item: Life Orb
|move|p2a: Garchomp|Scale Shot|p1a: Scovillain
|-damage|p1a: Scovillain|44/100
|-damage|p1a: Scovillain|0 fnt
|faint|p1a: Scovillain
|-hitcount|p1: Scovillain|2
|-unboost|p2a: Garchomp|def|1
|-boost|p2a: Garchomp|spe|1
|
|-weather|SunnyDay|[upkeep]
|upkeep
|
|t:|1758976557
|switch|p1a: Torkoal|Torkoal, F|100/100
|turn|20
|
|t:|1758976559
|move|p2a: Garchomp|Earthquake|p1a: Torkoal
|-supereffective|p1a: Torkoal
|-damage|p1a: Torkoal|0 fnt
|faint|p1a: Torkoal
|
|win|otaviiozx
|raw|President Warfo's rating: 1419 &rarr; <strong>1395</strong><br />(-24 for losing)
|raw|otaviiozx's rating: 1342 &rarr; <strong>1366</strong><br />(+24 for winning)
|l|☆President Warfo
|player|p1|
|l|☆otaviiozx
|player|p2|
