|raw|<div class="broadcast-blue"><strong>This battle is required to be public due to a player having a name starting with 'lt2'.</div>
|j|☆LT2 lulu
|j|☆jonklerxd
|t:|1758993272
|gametype|singles
|player|p1|LT2 lulu|102|1625
|player|p2|jonklerxd|ninjaboy|1572
|gen|9
|tier|[Gen 9] OU
|rated|
|rule|HP Percentage Mod: HP is shown in percentages
|rule|Endless Battle Clause: Forcing endless battles is banned
|rule|Species Clause: Limit one of each Pokémon
|rule|OHKO Clause: OHKO moves are banned
|rule|Evasion Items Clause: Evasion items are banned
|rule|Evasion Moves Clause: Evasion moves are banned
|rule|Evasion Abilities Clause: Evasion abilities are banned
|rule|Sleep Moves Clause: Sleep-inducing moves are banned
|clearpoke
|poke|p1|Garganacl, M|
|poke|p1|Great Tusk|
|poke|p1|Corviknight, M|
|poke|p1|Hoopa-Unbound|
|poke|p1|Sinistcha|
|poke|p1|Weezing-Galar, M|
|poke|p2|Darkrai|
|poke|p2|Cinderace, F|
|poke|p2|Serperior, F|
|poke|p2|Excadrill, F|
|poke|p2|Primarina, F|
|poke|p2|Blaziken, F|
|teampreview
|
|t:|1758993316
|teamsize|p1|6
|teamsize|p2|6
|start
|switch|p1a: Great Tusk|Great Tusk, shiny|100/100
|switch|p2a: Excadrill|Excadrill, F|100/100
|-ability|p2a: Excadrill|Mold Breaker
|turn|1
|
|t:|1758993326
|move|p1a: Great Tusk|Headlong Rush|p2a: Excadrill
|-supereffective|p2a: Excadrill
|-enditem|p2a: Excadrill|Focus Sash
|-damage|p2a: Excadrill|1/100
|-unboost|p1a: Great Tusk|def|1
|-unboost|p1a: Great Tusk|spd|1
|move|p2a: Excadrill|Earthquake|p1a: Great Tusk
|-damage|p1a: Great Tusk|44/100
|
|upkeep
|turn|2
|
|t:|1758993345
|move|p1a: Great Tusk|Headlong Rush|p2a: Excadrill
|-supereffective|p2a: Excadrill
|-damage|p2a: Excadrill|0 fnt
|-unboost|p1a: Great Tusk|def|1
|-unboost|p1a: Great Tusk|spd|1
|faint|p2a: Excadrill
|
|upkeep
|
|t:|1758993350
|switch|p2a: Blaziken|Blaziken, F|100/100
|-item|p2a: Blaziken|Air Balloon
|turn|3
|
|t:|1758993357
|-end|p1a: Great Tusk|Protosynthesis|[silent]
|switch|p1a: Sinistcha|Sinistcha, shiny|100/100
|move|p2a: Blaziken|Swords Dance|p2a: Blaziken
|-boost|p2a: Blaziken|atk|2
|
|-ability|p2a: Blaziken|Speed Boost|boost
|-boost|p2a: Blaziken|spe|1
|upkeep
|turn|4
|
|t:|1758993364
|move|p2a: Blaziken|Swords Dance|p2a: Blaziken
|-boost|p2a: Blaziken|atk|2
|move|p1a: Sinistcha|Scald|p2a: Blaziken
|-supereffective|p2a: Blaziken
|-damage|p2a: Blaziken|30/100
|-enditem|p2a: Blaziken|Air Balloon
|
|-ability|p2a: Blaziken|Speed Boost|boost
|-boost|p2a: Blaziken|spe|1
|upkeep
|turn|5
|
|t:|1758993374
|-terastallize|p1a: Sinistcha|Water
|move|p2a: Blaziken|Knock Off|p1a: Sinistcha
|-damage|p1a: Sinistcha|36/100
|-enditem|p1a: Sinistcha|Heavy-Duty Boots|[from] move: Knock Off|[of] p2a: Blaziken
|move|p1a: Sinistcha|Scald|p2a: Blaziken
|-supereffective|p2a: Blaziken
|-damage|p2a: Blaziken|0 fnt
|faint|p2a: Blaziken
|
|upkeep
|
|t:|1758993385
|switch|p2a: Darkrai|Darkrai|100/100
|turn|6
|
|t:|1758993392
|move|p2a: Darkrai|Dark Pulse|p1a: Sinistcha
|-damage|p1a: Sinistcha|0 fnt
|faint|p1a: Sinistcha
|
|upkeep
|
|t:|1758993396
|switch|p1a: Hoopa|Hoopa-Unbound|100/100
|turn|7
|
|t:|1758993400
|move|p2a: Darkrai|Knock Off|p1a: Hoopa
|-damage|p1a: Hoopa|53/100
|-enditem|p1a: Hoopa|Assault Vest|[from] move: Knock Off|[of] p2a: Darkrai
|move|p1a: Hoopa|Knock Off|p2a: Darkrai
|-resisted|p2a: Darkrai
|-damage|p2a: Darkrai|66/100
|-enditem|p2a: Darkrai|Focus Sash|[from] move: Knock Off|[of] p1a: Hoopa
|
|upkeep
|turn|8
|
|t:|1758993409
|move|p2a: Darkrai|Will-O-Wisp|p1a: Hoopa|[miss]
|-miss|p2a: Darkrai|p1a: Hoopa
|move|p1a: Hoopa|Drain Punch|p2a: Darkrai
|-supereffective|p2a: Darkrai
|-damage|p2a: Darkrai|0 fnt
|-heal|p1a: Hoopa|82/100|[from] drain|[of] p2a: Darkrai
|faint|p2a: Darkrai
|
|upkeep
|
|t:|1758993418
|switch|p2a: Cinderace|Cinderace, F|100/100
|turn|9
|
|t:|1758993424
|switch|p1a: Garganacl|Garganacl, M, shiny|100/100
|move|p2a: Cinderace|U-turn|p1a: Garganacl
|-damage|p1a: Garganacl|89/100
|
|t:|1758993428
|switch|p2a: Serperior|Serperior, F|100/100|[from] U-turn
|
|-heal|p1a: Garganacl|95/100|[from] item: Leftovers
|upkeep
|turn|10
|
|t:|1758993433
|switch|p1a: Weezing|Weezing-Galar, M, shiny|100/100
|-ability|p1a: Weezing|Neutralizing Gas
|move|p2a: Serperior|Substitute|p2a: Serperior
|-start|p2a: Serperior|Substitute
|-damage|p2a: Serperior|76/100
|
|-heal|p2a: Serperior|82/100|[from] item: Leftovers
|upkeep
|turn|11
|
|t:|1758993442
|move|p2a: Serperior|Glare|p1a: Weezing
|-status|p1a: Weezing|par
|cant|p1a: Weezing|par
|
|-heal|p2a: Serperior|88/100|[from] item: Leftovers
|upkeep
|turn|12
|
|t:|1758993449
|move|p2a: Serperior|Leaf Storm|p1a: Weezing
|-resisted|p1a: Weezing
|-damage|p1a: Weezing|70/100 par
|-unboost|p2a: Serperior|spa|2
|move|p1a: Weezing|Sludge Bomb|p2a: Serperior
|-supereffective|p2a: Serperior
|-end|p2a: Serperior|Substitute
|
|-heal|p2a: Serperior|94/100|[from] item: Leftovers
|upkeep
|turn|13
|
|t:|1758993459
|switch|p2a: Primarina|Primarina, F|100/100
|cant|p1a: Weezing|par
|
|upkeep
|turn|14
|
|t:|1758993469
|-end|p1a: Weezing|ability: Neutralizing Gas
|switch|p1a: Corviknight|Corviknight, M, shiny|100/100
|-ability|p1a: Corviknight|Pressure
|move|p2a: Primarina|Flip Turn|p1a: Corviknight
|-damage|p1a: Corviknight|88/100
|
|t:|1758993475
|switch|p2a: Serperior|Serperior, F|94/100|[from] Flip Turn
|
|-heal|p2a: Serperior|99/100|[from] item: Leftovers
|upkeep
|turn|15
|
|t:|1758993482
|switch|p1a: Weezing|Weezing-Galar, M, shiny|70/100 par
|-ability|p1a: Weezing|Neutralizing Gas
|move|p2a: Serperior|Glare|p1a: Weezing
|-fail|p1a: Weezing|par
|
|-heal|p2a: Serperior|100/100|[from] item: Leftovers
|upkeep
|turn|16
|
|t:|1758993491
|switch|p2a: Primarina|Primarina, F|100/100
|move|p1a: Weezing|Sludge Bomb|p2a: Primarina
|-supereffective|p2a: Primarina
|-damage|p2a: Primarina|63/100
|
|upkeep
|turn|17
|
|t:|1758993499
|-end|p1a: Weezing|ability: Neutralizing Gas
|switch|p1a: Corviknight|Corviknight, M, shiny|88/100
|-ability|p1a: Corviknight|Pressure
|move|p2a: Primarina|Psychic Noise|p1a: Corviknight
|-damage|p1a: Corviknight|60/100
|
|upkeep
|turn|18
|
|t:|1758993512
|move|p2a: Primarina|Psychic Noise|p1a: Corviknight
|-damage|p1a: Corviknight|34/100
|move|p1a: Corviknight|Roost|p1a: Corviknight
|-heal|p1a: Corviknight|84/100
|-singleturn|p1a: Corviknight|move: Roost
|
|upkeep
|turn|19
|
|t:|1758993521
|move|p2a: Primarina|Psychic Noise|p1a: Corviknight
|-damage|p1a: Corviknight|56/100
|move|p1a: Corviknight|Brave Bird|p2a: Primarina
|-damage|p2a: Primarina|10/100
|-damage|p1a: Corviknight|43/100|[from] Recoil
|
|upkeep
|turn|20
|
|t:|1758993528
|switch|p2a: Cinderace|Cinderace, F|100/100
|move|p1a: Corviknight|Roost|p1a: Corviknight
|-heal|p1a: Corviknight|93/100
|-singleturn|p1a: Corviknight|move: Roost
|
|upkeep
|turn|21
|
|t:|1758993534
|switch|p1a: Garganacl|Garganacl, M, shiny|95/100
|move|p2a: Cinderace|U-turn|p1a: Garganacl
|-damage|p1a: Garganacl|83/100
|
|t:|1758993539
|switch|p2a: Serperior|Serperior, F|100/100|[from] U-turn
|
|-heal|p1a: Garganacl|89/100|[from] item: Leftovers
|upkeep
|turn|22
|
|t:|1758993544
|switch|p1a: Weezing|Weezing-Galar, M, shiny|70/100 par
|-ability|p1a: Weezing|Neutralizing Gas
|move|p2a: Serperior|Leaf Storm|p1a: Weezing
|-resisted|p1a: Weezing
|-damage|p1a: Weezing|41/100 par
|-unboost|p2a: Serperior|spa|2
|
|upkeep
|turn|23
|
|t:|1758993552
|switch|p2a: Primarina|Primarina, F|10/100
|cant|p1a: Weezing|par
|
|upkeep
|turn|24
|
|t:|1758993558
|switch|p2a: Cinderace|Cinderace, F|100/100
|-end|p1a: Weezing|ability: Neutralizing Gas
|switch|p1a: Corviknight|Corviknight, M, shiny|93/100
|-ability|p1a: Corviknight|Pressure
|
|upkeep
|turn|25
|
|t:|1758993565
|switch|p1a: Garganacl|Garganacl, M, shiny|89/100
|move|p2a: Cinderace|Pyro Ball|p1a: Garganacl
|-resisted|p1a: Garganacl
|-damage|p1a: Garganacl|76/100
|
|-heal|p1a: Garganacl|82/100|[from] item: Leftovers
|upkeep
|turn|26
|
|t:|1758993573
|switch|p2a: Primarina|Primarina, F|10/100
|move|p1a: Garganacl|Salt Cure|p2a: Primarina
|-damage|p2a: Primarina|0 fnt
|faint|p2a: Primarina
|
|-heal|p1a: Garganacl|88/100|[from] item: Leftovers
|upkeep
|
|t:|1758993580
|switch|p2a: Serperior|Serperior, F|100/100
|turn|27
|
|t:|1758993584
|move|p1a: Garganacl|Protect|p1a: Garganacl
|-singleturn|p1a: Garganacl|Protect
|move|p2a: Serperior|Tera Blast|p1a: Garganacl
|-activate|p1a: Garganacl|move: Protect
|
|-heal|p1a: Garganacl|95/100|[from] item: Leftovers
|upkeep
|turn|28
|
|t:|1758993594
|switch|p1a: Weezing|Weezing-Galar, M, shiny|41/100 par
|-ability|p1a: Weezing|Neutralizing Gas
|move|p2a: Serperior|Leaf Storm|p1a: Weezing|[miss]
|-miss|p2a: Serperior|p1a: Weezing
|
|upkeep
|turn|29
|
|t:|1758993603
|move|p2a: Serperior|Tera Blast|p1a: Weezing
|-damage|p1a: Weezing|17/100 par
|move|p1a: Weezing|Pain Split|p2a: Serperior
|-sethp|p2a: Serperior|60/100|[from] move: Pain Split|[silent]
|-sethp|p1a: Weezing|54/100 par|[from] move: Pain Split
|
|-heal|p2a: Serperior|66/100|[from] item: Leftovers
|upkeep
|turn|30
|
|t:|1758993611
|move|p2a: Serperior|Tera Blast|p1a: Weezing
|-damage|p1a: Weezing|28/100 par
|move|p1a: Weezing|Sludge Bomb|p2a: Serperior
|-supereffective|p2a: Serperior
|-damage|p2a: Serperior|2/100
|
|-heal|p2a: Serperior|8/100|[from] item: Leftovers
|upkeep
|turn|31
|
|t:|1758993620
|move|p2a: Serperior|Tera Blast|p1a: Weezing
|-damage|p1a: Weezing|4/100 par
|move|p1a: Weezing|Sludge Bomb|p2a: Serperior
|-supereffective|p2a: Serperior
|-damage|p2a: Serperior|0 fnt
|faint|p2a: Serperior
|
|upkeep
|-message|jonklerxd forfeited.
|
|win|LT2 lulu
|raw|LT2 lulu's rating: 1625 &rarr; <strong>1642</strong><br />(+17 for winning)
|raw|jonklerxd's rating: 1572 &rarr; <strong>1555</strong><br />(-17 for losing)
|l|☆jonklerxd
|player|p2|
|l|☆LT2 lulu
|player|p1|
