|j|☆Dragon126
|j|‽SirPops
|t:|1759029565
|gametype|singles
|player|p1|Dragon126|n|1081
|player|p2|SirPops|red|1113
|gen|9
|tier|[Gen 9] OU
|rated|
|rule|HP Percentage Mod: HP is shown in percentages
|rule|Endless Battle Clause: Forcing endless battles is banned
|rule|Species Clause: Limit one of each Pokémon
|rule|OHKO Clause: OHKO moves are banned
|rule|Evasion Items Clause: Evasion items are banned
|rule|Evasion Moves Clause: Evasion moves are banned
|rule|Evasion Abilities Clause: Evasion abilities are banned
|rule|Sleep Moves Clause: Sleep-inducing moves are banned
|clearpoke
|poke|p1|Porygon2|
|poke|p1|Torterra, M|
|poke|p1|Milotic, F|
|poke|p1|Dragonite, M|
|poke|p1|Charizard, M|
|poke|p1|Pelipper, F|
|poke|p2|Charizard, M|
|poke|p2|Pawmot, M|
|poke|p2|Sableye, M|
|poke|p2|Basculin-White-Striped, M|
|poke|p2|Weezing-Galar, F|
|poke|p2|Hypno, F|
|teampreview
|
|t:|1759029572
|teamsize|p1|6
|teamsize|p2|6
|start
|switch|p1a: Pelipper|Pelipper, F, shiny|100/100
|switch|p2a: Pawmot|Pawmot, M|100/100
|-weather|RainDance|[from] ability: Drizzle|[of] p1a: Pelipper
|turn|1
|
|t:|1759029586
|move|p2a: Pawmot|Thunder Punch|p1a: Pelipper
|-supereffective|p1a: Pelipper
|-damage|p1a: Pelipper|0 fnt
|faint|p1a: Pelipper
|
|-weather|RainDance|[upkeep]
|upkeep
|
|t:|1759029595
|switch|p1a: Torterra|Torterra, M, shiny|100/100
|turn|2
|
|t:|1759029608
|move|p2a: Pawmot|Ice Punch|p1a: Torterra
|-supereffective|p1a: Torterra
|-damage|p1a: Torterra|0 fnt
|faint|p1a: Torterra
|
|-weather|RainDance|[upkeep]
|upkeep
|
|t:|1759029623
|switch|p1a: Dragonite|Dragonite, M, shiny|100/100
|turn|3
|
|t:|1759029627
|-terastallize|p1a: Dragonite|Normal
|move|p2a: Pawmot|Ice Punch|p1a: Dragonite
|-damage|p1a: Dragonite|63/100
|move|p1a: Dragonite|Dragon Dance|p1a: Dragonite
|-boost|p1a: Dragonite|atk|1
|-boost|p1a: Dragonite|spe|1
|
|-weather|RainDance|[upkeep]
|upkeep
|turn|4
|
|t:|1759029637
|move|p2a: Pawmot|Mach Punch|p1a: Dragonite
|-supereffective|p1a: Dragonite
|-damage|p1a: Dragonite|4/100
|move|p1a: Dragonite|Earthquake|p2a: Pawmot
|-supereffective|p2a: Pawmot
|-damage|p2a: Pawmot|0 fnt
|faint|p2a: Pawmot
|
|-weather|RainDance|[upkeep]
|upkeep
|
|t:|1759029643
|switch|p2a: Basculin|Basculin-White-Striped, M|100/100
|turn|5
|
|t:|1759029651
|move|p1a: Dragonite|Extreme Speed|p2a: Basculin
|-enditem|p2a: Basculin|Focus Sash
|-damage|p2a: Basculin|1/100
|move|p2a: Basculin|Aqua Jet|p1a: Dragonite
|-damage|p1a: Dragonite|0 fnt
|faint|p1a: Dragonite
|
|-weather|RainDance|[upkeep]
|upkeep
|
|t:|1759029662
|switch|p1a: Charizard|Charizard, M, shiny|100/100
|turn|6
|inactive|Battle timer is ON: inactive players will automatically lose when time's up. (requested by Dragon126)
|inactive|SirPops has 120 seconds left.
|
|t:|1759029727
|move|p2a: Basculin|Aqua Jet|p1a: Charizard
|-supereffective|p1a: Charizard
|-damage|p1a: Charizard|0 fnt
|faint|p1a: Charizard
|
|-weather|RainDance|[upkeep]
|upkeep
|
|t:|1759029735
|switch|p1a: Milotic|Milotic, F, shiny|100/100
|turn|7
|inactive|SirPops has 120 seconds left.
|inactive|SirPops has 90 seconds left.
|
|t:|1759029800
|move|p1a: Milotic|Scald|p2a: Basculin
|-resisted|p2a: Basculin
|-damage|p2a: Basculin|0 fnt
|faint|p2a: Basculin
|
|-weather|RainDance|[upkeep]
|upkeep
|
|t:|1759029802
|switch|p2a: Weezing|Weezing-Galar, F|100/100
|turn|8
|
|t:|1759029818
|move|p1a: Milotic|Scald|p2a: Weezing
|-damage|p2a: Weezing|37/100
|-enditem|p2a: Weezing|Sitrus Berry|[eat]
|-heal|p2a: Weezing|62/100|[from] item: Sitrus Berry
|move|p2a: Weezing|Toxic|p1a: Milotic
|-status|p1a: Milotic|tox
|
|-weather|none
|-damage|p1a: Milotic|94/100 tox|[from] psn
|upkeep
|turn|9
|
|t:|1759029840
|move|p1a: Milotic|Scald|p2a: Weezing
|-damage|p2a: Weezing|18/100
|-status|p2a: Weezing|brn
|move|p2a: Weezing|Venoshock|p1a: Milotic
|-damage|p1a: Milotic|55/100 tox
|
|-damage|p1a: Milotic|42/100 tox|[from] psn
|-damage|p2a: Weezing|12/100 brn|[from] brn
|upkeep
|turn|10
|
|t:|1759029853
|move|p1a: Milotic|Scald|p2a: Weezing
|-damage|p2a: Weezing|0 fnt
|faint|p2a: Weezing
|
|-damage|p1a: Milotic|24/100 tox|[from] psn
|upkeep
|
|t:|1759029868
|switch|p2a: Hypno|Hypno, F|100/100
|-activate|p2a: Hypno|ability: Forewarn|Ice Beam|[of] p1a: Milotic
|turn|11
|
|t:|1759029874
|move|p1a: Milotic|Alluring Voice|p2a: Hypno
|-damage|p2a: Hypno|80/100
|move|p2a: Hypno|Psyshock|p1a: Milotic
|-damage|p1a: Milotic|0 fnt
|faint|p1a: Milotic
|
|-heal|p2a: Hypno|86/100|[from] item: Leftovers
|upkeep
|
|t:|1759029883
|switch|p1a: Porygon2|Porygon2, shiny|100/100
|-ability|p1a: Porygon2|Download|boost
|-boost|p1a: Porygon2|atk|1
|turn|12
|
|t:|1759029889
|move|p2a: Hypno|Thunder Wave|p1a: Porygon2|[miss]
|-miss|p2a: Hypno|p1a: Porygon2
|move|p1a: Porygon2|Trick Room|p1a: Porygon2
|-fieldstart|move: Trick Room|[of] p1a: Porygon2
|
|-heal|p2a: Hypno|93/100|[from] item: Leftovers
|upkeep
|turn|13
|
|t:|1759029898
|move|p1a: Porygon2|Ice Beam|p2a: Hypno
|-damage|p2a: Hypno|67/100
|move|p2a: Hypno|Thunder Wave|p1a: Porygon2
|-status|p1a: Porygon2|par
|
|-heal|p2a: Hypno|73/100|[from] item: Leftovers
|upkeep
|turn|14
|-message|Dragon126 forfeited.
|
|win|SirPops
|raw|Dragon126's rating: 1081 &rarr; <strong>1060</strong><br />(-21 for losing)
|raw|SirPops's rating: 1093 &rarr; <strong>1118</strong><br />(+25 for winning)
|l|☆Dragon126
|player|p1|
|l|‽SirPops
|player|p2|
