|j|☆biggiech33se246
|j|☆Marlon5555
|t:|1758931975
|gametype|singles
|player|p1|biggiech33se246|red|1403
|player|p2|Marlon5555|proton|1398
|gen|9
|tier|[Gen 9] OU
|rated|
|rule|HP Percentage Mod: HP is shown in percentages
|rule|Endless Battle Clause: Forcing endless battles is banned
|rule|Species Clause: Limit one of each Pokémon
|rule|OHKO Clause: OHKO moves are banned
|rule|Evasion Items Clause: Evasion items are banned
|rule|Evasion Moves Clause: Evasion moves are banned
|rule|Evasion Abilities Clause: Evasion abilities are banned
|rule|Sleep Moves Clause: Sleep-inducing moves are banned
|clearpoke
|poke|p1|Raikou|
|poke|p1|Slowking-Galar, F|
|poke|p1|Samurott-Hisui, F|
|poke|p1|Iron Treads|
|poke|p1|Hydrapple, F|
|poke|p1|Zamazenta-*|
|poke|p2|Ting-Lu|
|poke|p2|Walking Wake|
|poke|p2|Iron Valiant|
|poke|p2|Raging Bolt|
|poke|p2|Scizor, M|
|poke|p2|Tornadus-Therian, M|
|teampreview
|inactive|Battle timer is ON: inactive players will automatically lose when time's up. (requested by biggiech33se246)
|inactive|biggiech33se246 has 120 seconds left.
|
|t:|1758932050
|teamsize|p1|6
|teamsize|p2|6
|start
|switch|p1a: Raikou|Raikou|100/100
|switch|p2a: American|Scizor, M|100/100
|-ability|p1a: Raikou|Pressure
|turn|1
|
|t:|1758932058
|move|p1a: Raikou|Volt Switch|p2a: American
|-damage|p2a: American|62/100
|
|t:|1758932070
|switch|p1a: Zamazenta|Zamazenta|100/100|[from] Volt Switch
|-ability|p1a: Zamazenta|Dauntless Shield|boost
|-boost|p1a: Zamazenta|def|1
|move|p2a: American|Knock Off|p1a: Zamazenta
|-resisted|p1a: Zamazenta
|-damage|p1a: Zamazenta|92/100
|-enditem|p1a: Zamazenta|Leftovers|[from] move: Knock Off|[of] p2a: American
|
|upkeep
|turn|2
|
|t:|1758932093
|move|p1a: Zamazenta|Crunch|p2a: American
|-crit|p2a: American
|-damage|p2a: American|30/100
|-unboost|p2a: American|def|1
|move|p2a: American|U-turn|p1a: Zamazenta
|-resisted|p1a: Zamazenta
|-damage|p1a: Zamazenta|82/100
|
|t:|1758932102
|switch|p2a: Second tower|Tornadus-Therian, M, shiny|100/100|[from] U-turn
|
|upkeep
|turn|3
|
|t:|1758932112
|switch|p1a: Slowking|Slowking-Galar, F|100/100
|move|p2a: Second tower|Bleakwind Storm|p1a: Slowking
|-damage|p1a: Slowking|74/100
|
|upkeep
|turn|4
|
|t:|1758932119
|move|p2a: Second tower|Knock Off|p1a: Slowking
|-supereffective|p1a: Slowking
|-damage|p1a: Slowking|35/100
|-enditem|p1a: Slowking|Heavy-Duty Boots|[from] move: Knock Off|[of] p2a: Second tower
|-prepare|p1a: Slowking|Chilly Reception|[premajor]
|move|p1a: Slowking|Chilly Reception|p1a: Slowking
|-weather|Snowscape
|
|t:|1758932131
|switch|p1a: Raikou|Raikou|100/100|[from] Chilly Reception
|-ability|p1a: Raikou|Pressure
|
|-weather|Snowscape|[upkeep]
|upkeep
|turn|5
|
|t:|1758932139
|switch|p2a: Lulu|Ting-Lu|100/100
|-ability|p2a: Lulu|Vessel of Ruin
|move|p1a: Raikou|Volt Switch|p2a: Lulu
|-immune|p2a: Lulu
|
|-weather|Snowscape|[upkeep]
|upkeep
|turn|6
|
|t:|1758932155
|switch|p1a: Hydrapple|Hydrapple, F|100/100
|move|p2a: Lulu|Stealth Rock|p1a: Hydrapple
|-sidestart|p1: biggiech33se246|move: Stealth Rock
|
|-weather|Snowscape|[upkeep]
|upkeep
|turn|7
|
|t:|1758932181
|switch|p2a: Second tower|Tornadus-Therian, M, shiny|100/100
|move|p1a: Hydrapple|Nasty Plot|p1a: Hydrapple
|-boost|p1a: Hydrapple|spa|2
|
|-weather|Snowscape|[upkeep]
|upkeep
|turn|8
|
|t:|1758932193
|switch|p1a: Slowking|Slowking-Galar, F|69/100
|-damage|p1a: Slowking|56/100|[from] Stealth Rock
|move|p2a: Second tower|Bleakwind Storm|p1a: Slowking
|-damage|p1a: Slowking|32/100
|-unboost|p1a: Slowking|spe|1
|
|-weather|none
|upkeep
|turn|9
|
|t:|1758932204
|move|p2a: Second tower|Dark Pulse|p1a: Slowking
|-supereffective|p1a: Slowking
|-damage|p1a: Slowking|4/100
|-prepare|p1a: Slowking|Chilly Reception|[premajor]
|move|p1a: Slowking|Chilly Reception|p1a: Slowking
|-weather|Snowscape
|
|t:|1758932209
|switch|p1a: Raikou|Raikou|100/100|[from] Chilly Reception
|-ability|p1a: Raikou|Pressure
|
|-weather|Snowscape|[upkeep]
|upkeep
|turn|10
|
|t:|1758932221
|switch|p2a: Lulu|Ting-Lu|100/100
|-ability|p2a: Lulu|Vessel of Ruin
|move|p1a: Raikou|Scald|p2a: Lulu
|-supereffective|p2a: Lulu
|-damage|p2a: Lulu|71/100
|
|-weather|Snowscape|[upkeep]
|-heal|p2a: Lulu|77/100|[from] item: Leftovers
|upkeep
|turn|11
|
|t:|1758932233
|switch|p1a: Hydrapple|Hydrapple, F|100/100
|switch|p2a: Great crest|Walking Wake|100/100
|
|-weather|Snowscape|[upkeep]
|upkeep
|turn|12
|inactive|biggiech33se246 has 120 seconds left.
|
|t:|1758932276
|switch|p1a: Samurott|Samurott-Hisui, F|100/100
|move|p2a: Great crest|Knock Off|p1a: Samurott
|-resisted|p1a: Samurott
|-damage|p1a: Samurott|89/100
|-enditem|p1a: Samurott|Heavy-Duty Boots|[from] move: Knock Off|[of] p2a: Great crest
|
|-weather|Snowscape|[upkeep]
|upkeep
|turn|13
|
|t:|1758932286
|move|p2a: Great crest|Flip Turn|p1a: Samurott
|-resisted|p1a: Samurott
|-damage|p1a: Samurott|79/100
|
|t:|1758932297
|-end|p2a: Great crest|Protosynthesis|[silent]
|switch|p2a: Gap filler|Iron Valiant|100/100|[from] Flip Turn
|-enditem|p2a: Gap filler|Booster Energy
|-activate|p2a: Gap filler|ability: Quark Drive|[fromitem]
|-start|p2a: Gap filler|quarkdrivespe
|move|p1a: Samurott|Ceaseless Edge|p2a: Gap filler
|-resisted|p2a: Gap filler
|-damage|p2a: Gap filler|86/100
|-sidestart|p2: Marlon5555|Spikes
|
|-weather|none
|upkeep
|turn|14
|inactive|biggiech33se246 has 120 seconds left.
|
|t:|1758932324
|move|p2a: Gap filler|Swords Dance|p2a: Gap filler
|-boost|p2a: Gap filler|atk|2
|move|p1a: Samurott|Razor Shell|p2a: Gap filler
|-damage|p2a: Gap filler|18/100
|-unboost|p2a: Gap filler|def|1
|
|upkeep
|turn|15
|
|t:|1758932336
|move|p1a: Samurott|Sucker Punch|p2a: Gap filler
|-resisted|p2a: Gap filler
|-damage|p2a: Gap filler|4/100
|move|p2a: Gap filler|Spirit Break|p1a: Samurott
|-supereffective|p1a: Samurott
|-damage|p1a: Samurott|0 fnt
|faint|p1a: Samurott
|
|upkeep
|inactive|biggiech33se246 has 90 seconds left.
|-message|biggiech33se246 forfeited.
|
|win|Marlon5555
|raw|biggiech33se246's rating: 1403 &rarr; <strong>1383</strong><br />(-20 for losing)
|raw|Marlon5555's rating: 1398 &rarr; <strong>1418</strong><br />(+20 for winning)
|l|☆biggiech33se246
|player|p1|
|l|☆Marlon5555
|player|p2|
