|j|☆victory 4 u
|j|☆ZackOhuea
|t:|1759014887
|gametype|singles
|player|p1|victory 4 u|266|1147
|player|p2|ZackOhuea|drayden|1114
|gen|9
|tier|[Gen 9] OU
|rated|
|rule|HP Percentage Mod: HP is shown in percentages
|rule|Endless Battle Clause: Forcing endless battles is banned
|rule|Species Clause: Limit one of each Pokémon
|rule|OHKO Clause: OHKO moves are banned
|rule|Evasion Items Clause: Evasion items are banned
|rule|Evasion Moves Clause: Evasion moves are banned
|rule|Evasion Abilities Clause: Evasion abilities are banned
|rule|Sleep Moves Clause: Sleep-inducing moves are banned
|clearpoke
|poke|p1|Regidrago|
|poke|p1|Basculegion-F, F|
|poke|p1|Meowstic, M|
|poke|p1|Tentacruel, M|
|poke|p1|Ting-Lu|
|poke|p1|Ogerpon, F|
|poke|p2|Blaziken, M|
|poke|p2|Garganacl, M|
|poke|p2|Iron Valiant|
|poke|p2|Corviknight, M|
|poke|p2|Haxorus, M|
|poke|p2|Kingambit, M|
|teampreview
|
|t:|1759014897
|teamsize|p1|6
|teamsize|p2|6
|start
|switch|p1a: Help|Meowstic, M|100/100
|switch|p2a: Haxorus|Haxorus, M, shiny|100/100
|-ability|p2a: Haxorus|Mold Breaker
|turn|1
|
|t:|1759014903
|move|p1a: Help|Thunder Wave|p2a: Haxorus
|-status|p2a: Haxorus|par
|move|p2a: Haxorus|Dragon Dance|p2a: Haxorus
|-boost|p2a: Haxorus|atk|1
|-boost|p2a: Haxorus|spe|1
|
|upkeep
|turn|2
|
|t:|1759014910
|move|p1a: Help|Charm|p2a: Haxorus
|-unboost|p2a: Haxorus|atk|2
|cant|p2a: Haxorus|par
|
|upkeep
|turn|3
|
|t:|1759014914
|move|p1a: Help|Charm|p2a: Haxorus
|-unboost|p2a: Haxorus|atk|2
|move|p2a: Haxorus|Dragon Dance|p2a: Haxorus
|-boost|p2a: Haxorus|atk|1
|-boost|p2a: Haxorus|spe|1
|
|upkeep
|turn|4
|
|t:|1759014920
|cant|p2a: Haxorus|par
|move|p1a: Help|Psychic Noise|p2a: Haxorus
|-damage|p2a: Haxorus|50/100 par
|-start|p2a: Haxorus|move: Heal Block
|
|upkeep
|turn|5
|
|t:|1759014928
|move|p1a: Help|Charm|p2a: Haxorus
|-unboost|p2a: Haxorus|atk|2
|move|p2a: Haxorus|Poison Jab|p1a: Help
|-damage|p1a: Help|87/100
|-status|p1a: Help|psn
|
|-damage|p1a: Help|75/100 psn|[from] psn
|-end|p2a: Haxorus|move: Heal Block
|upkeep
|turn|6
|
|t:|1759014942
|move|p2a: Haxorus|Dragon Dance|p2a: Haxorus
|-boost|p2a: Haxorus|atk|1
|-boost|p2a: Haxorus|spe|1
|move|p1a: Help|Psychic Noise|p2a: Haxorus
|-damage|p2a: Haxorus|1/100 par
|-start|p2a: Haxorus|move: Heal Block
|
|-damage|p1a: Help|62/100 psn|[from] psn
|upkeep
|turn|7
|
|t:|1759014952
|switch|p1a: Pls|Ting-Lu|100/100
|-ability|p1a: Pls|Vessel of Ruin
|cant|p2a: Haxorus|par
|
|-end|p2a: Haxorus|move: Heal Block
|upkeep
|turn|8
|
|t:|1759014960
|move|p2a: Haxorus|Dragon Claw|p1a: Pls
|-damage|p1a: Pls|91/100
|move|p1a: Pls|Stealth Rock|p2a: Haxorus
|-sidestart|p2: ZackOhuea|move: Stealth Rock
|
|upkeep
|turn|9
|
|t:|1759014967
|switch|p1a: Lostelle|Ogerpon, F|100/100
|move|p2a: Haxorus|Dragon Claw|p1a: Lostelle
|-crit|p1a: Lostelle
|-damage|p1a: Lostelle|21/100
|
|upkeep
|turn|10
|
|t:|1759014974
|move|p2a: Haxorus|Poison Jab|p1a: Lostelle
|-supereffective|p1a: Lostelle
|-damage|p1a: Lostelle|0 fnt
|faint|p1a: Lostelle
|
|upkeep
|
|t:|1759014979
|switch|p1a: Help|Meowstic, M|62/100 psn
|turn|11
|
|t:|1759014983
|move|p2a: Haxorus|Earthquake|p1a: Help
|-damage|p1a: Help|43/100 psn
|move|p1a: Help|Psychic Noise|p2a: Haxorus
|-damage|p2a: Haxorus|0 fnt
|faint|p2a: Haxorus
|
|-damage|p1a: Help|31/100 psn|[from] psn
|upkeep
|
|t:|1759014991
|switch|p2a: Corviknight|Corviknight, M|100/100
|-damage|p2a: Corviknight|88/100|[from] Stealth Rock
|turn|12
|
|t:|1759014995
|move|p1a: Help|Thunder Wave|p2a: Corviknight
|-status|p2a: Corviknight|par
|move|p2a: Corviknight|Defog|p1a: Help
|-unboost|p1a: Help|evasion|1
|-sideend|p2: ZackOhuea|Stealth Rock|[from] move: Defog|[of] p2a: Corviknight
|
|-heal|p2a: Corviknight|94/100 par|[from] item: Leftovers
|-damage|p1a: Help|18/100 psn|[from] psn
|upkeep
|turn|13
|
|t:|1759015010
|move|p1a: Help|Rain Dance|p1a: Help
|-weather|RainDance
|move|p2a: Corviknight|Bulk Up|p2a: Corviknight
|-boost|p2a: Corviknight|atk|1
|-boost|p2a: Corviknight|def|1
|
|-weather|RainDance|[upkeep]
|-heal|p2a: Corviknight|100/100 par|[from] item: Leftovers
|-damage|p1a: Help|6/100 psn|[from] psn
|upkeep
|turn|14
|
|t:|1759015018
|switch|p1a: Hero|Tentacruel, M|100/100
|move|p2a: Corviknight|Bulk Up|p2a: Corviknight
|-boost|p2a: Corviknight|atk|1
|-boost|p2a: Corviknight|def|1
|
|-weather|RainDance|[upkeep]
|upkeep
|turn|15
|
|t:|1759015025
|move|p1a: Hero|Toxic Spikes|p2a: Corviknight
|-sidestart|p2: ZackOhuea|move: Toxic Spikes
|cant|p2a: Corviknight|par
|
|-weather|RainDance|[upkeep]
|upkeep
|turn|16
|
|t:|1759015030
|move|p1a: Hero|Surf|p2a: Corviknight
|-damage|p2a: Corviknight|71/100 par
|move|p2a: Corviknight|Defog|p1a: Hero
|-fail|p1a: Hero|unboost|[from] ability: Clear Body|[of] p1a: Hero
|-sideend|p2: ZackOhuea|Toxic Spikes|[from] move: Defog|[of] p2a: Corviknight
|
|-weather|RainDance|[upkeep]
|-heal|p2a: Corviknight|77/100 par|[from] item: Leftovers
|upkeep
|turn|17
|
|t:|1759015038
|move|p1a: Hero|Surf|p2a: Corviknight
|-damage|p2a: Corviknight|48/100 par
|cant|p2a: Corviknight|par
|
|-weather|RainDance|[upkeep]
|-heal|p2a: Corviknight|54/100 par|[from] item: Leftovers
|upkeep
|turn|18
|
|t:|1759015045
|move|p1a: Hero|Surf|p2a: Corviknight
|-damage|p2a: Corviknight|21/100 par
|move|p2a: Corviknight|Body Press|p1a: Hero
|-resisted|p1a: Hero
|-damage|p1a: Hero|73/100
|
|-weather|RainDance|[upkeep]
|-heal|p1a: Hero|79/100|[from] item: Leftovers
|-heal|p2a: Corviknight|27/100 par|[from] item: Leftovers
|upkeep
|turn|19
|
|t:|1759015056
|move|p1a: Hero|Surf|p2a: Corviknight
|-damage|p2a: Corviknight|0 fnt
|faint|p2a: Corviknight
|
|-weather|RainDance|[upkeep]
|-heal|p1a: Hero|85/100|[from] item: Leftovers
|upkeep
|
|t:|1759015062
|switch|p2a: Iron Valiant|Iron Valiant|100/100
|-enditem|p2a: Iron Valiant|Booster Energy
|-activate|p2a: Iron Valiant|ability: Quark Drive|[fromitem]
|-start|p2a: Iron Valiant|quarkdrivespe
|turn|20
|
|t:|1759015067
|move|p2a: Iron Valiant|Thunderbolt|p1a: Hero
|-supereffective|p1a: Hero
|-damage|p1a: Hero|50/100
|move|p1a: Hero|Surf|p2a: Iron Valiant
|-damage|p2a: Iron Valiant|31/100
|
|-weather|none
|-heal|p1a: Hero|56/100|[from] item: Leftovers
|upkeep
|turn|21
|
|t:|1759015082
|move|p2a: Iron Valiant|Thunderbolt|p1a: Hero
|-supereffective|p1a: Hero
|-damage|p1a: Hero|20/100
|move|p1a: Hero|Surf|p2a: Iron Valiant
|-damage|p2a: Iron Valiant|0 fnt
|faint|p2a: Iron Valiant
|-end|p2a: Iron Valiant|Quark Drive|[silent]
|
|-heal|p1a: Hero|26/100|[from] item: Leftovers
|upkeep
|
|t:|1759015091
|switch|p2a: Tyson|Blaziken, M, shiny|100/100
|turn|22
|
|t:|1759015095
|move|p2a: Tyson|Swords Dance|p2a: Tyson
|-boost|p2a: Tyson|atk|2
|move|p1a: Hero|Surf|p2a: Tyson
|-supereffective|p2a: Tyson
|-damage|p2a: Tyson|23/100
|
|-heal|p1a: Hero|32/100|[from] item: Leftovers
|-ability|p2a: Tyson|Speed Boost|boost
|-boost|p2a: Tyson|spe|1
|upkeep
|turn|23
|
|t:|1759015105
|move|p2a: Tyson|Close Combat|p1a: Hero
|-resisted|p1a: Hero
|-damage|p1a: Hero|0 fnt
|-unboost|p2a: Tyson|def|1
|-unboost|p2a: Tyson|spd|1
|faint|p1a: Hero
|
|-ability|p2a: Tyson|Speed Boost|boost
|-boost|p2a: Tyson|spe|1
|upkeep
|
|t:|1759015133
|switch|p1a: Basculegion|Basculegion-F, F|100/100
|turn|24
|
|t:|1759015138
|move|p2a: Tyson|Protect|p2a: Tyson
|-singleturn|p2a: Tyson|Protect
|move|p1a: Basculegion|Wave Crash|p2a: Tyson
|-activate|p2a: Tyson|move: Protect
|
|-ability|p2a: Tyson|Speed Boost|boost
|-boost|p2a: Tyson|spe|1
|upkeep
|turn|25
|
|t:|1759015146
|move|p2a: Tyson|Blaze Kick|p1a: Basculegion
|-resisted|p1a: Basculegion
|-damage|p1a: Basculegion|47/100
|move|p1a: Basculegion|Wave Crash|p2a: Tyson
|-supereffective|p2a: Tyson
|-damage|p2a: Tyson|0 fnt
|faint|p2a: Tyson
|-damage|p1a: Basculegion|42/100|[from] Recoil
|
|upkeep
|
|t:|1759015156
|switch|p2a: Kingambit|Kingambit, M|100/100
|-activate|p2a: Kingambit|ability: Supreme Overlord
|-start|p2a: Kingambit|fallen4|[silent]
|turn|26
|
|t:|1759015160
|move|p2a: Kingambit|Sucker Punch|p1a: Basculegion
|-supereffective|p1a: Basculegion
|-damage|p1a: Basculegion|0 fnt
|faint|p1a: Basculegion
|
|upkeep
|
|t:|1759015177
|switch|p1a: Pls|Ting-Lu|91/100
|-ability|p1a: Pls|Vessel of Ruin
|turn|27
|
|t:|1759015192
|move|p2a: Kingambit|Brick Break|p1a: Pls
|-supereffective|p1a: Pls
|-damage|p1a: Pls|55/100
|move|p1a: Pls|Earthquake|p2a: Kingambit
|-supereffective|p2a: Kingambit
|-damage|p2a: Kingambit|20/100
|
|-heal|p2a: Kingambit|26/100|[from] item: Leftovers
|upkeep
|turn|28
|
|t:|1759015200
|move|p2a: Kingambit|Sucker Punch|p1a: Pls
|-resisted|p1a: Pls
|-damage|p1a: Pls|42/100
|move|p1a: Pls|Earthquake|p2a: Kingambit
|-supereffective|p2a: Kingambit
|-damage|p2a: Kingambit|0 fnt
|faint|p2a: Kingambit
|-end|p2a: Kingambit|fallen4|[silent]
|
|upkeep
|
|t:|1759015208
|switch|p2a: Garganacl|Garganacl, M|100/100
|turn|29
|-message|ZackOhuea forfeited.
|
|win|victory 4 u
|raw|victory 4 u's rating: 1147 &rarr; <strong>1170</strong><br />(+23 for winning)
|raw|ZackOhuea's rating: 1114 &rarr; <strong>1091</strong><br />(-23 for losing)
|l|☆ZackOhuea
|player|p2|
|c|☆victory 4 u|gg
|l|☆victory 4 u
|player|p1|
