|j|☆zeubiii
|j|☆kargreyy
|t:|1758955610
|gametype|singles
|player|p1|zeubiii|170|1240
|player|p2|kargreyy|1|1268
|gen|9
|tier|[Gen 9] OU
|rated|
|rule|HP Percentage Mod: HP is shown in percentages
|rule|Endless Battle Clause: Forcing endless battles is banned
|rule|Species Clause: Limit one of each Pokémon
|rule|OHKO Clause: OHKO moves are banned
|rule|Evasion Items Clause: Evasion items are banned
|rule|Evasion Moves Clause: Evasion moves are banned
|rule|Evasion Abilities Clause: Evasion abilities are banned
|rule|Sleep Moves Clause: Sleep-inducing moves are banned
|clearpoke
|poke|p1|Arcanine, F|
|poke|p1|Gliscor, F|
|poke|p1|Corviknight, M|
|poke|p1|Kyurem|
|poke|p1|Dondozo, F|
|poke|p1|Scizor, M|
|poke|p2|Weavile, M|
|poke|p2|Ogerpon, F|
|poke|p2|Alomomola, F|
|poke|p2|Slowking-Galar, F|
|poke|p2|Maushold-Four|
|poke|p2|Ting-Lu|
|teampreview
|inactive|Battle timer is ON: inactive players will automatically lose when time's up. (requested by zeubiii)
|
|t:|1758955624
|teamsize|p1|6
|teamsize|p2|6
|start
|switch|p1a: Gliscor|Gliscor, F|100/100
|switch|p2a: Bandit|Weavile, M, shiny|100/100
|-ability|p2a: Bandit|Pressure
|turn|1
|
|t:|1758955630
|move|p1a: Gliscor|Protect|p1a: Gliscor
|-singleturn|p1a: Gliscor|Protect
|move|p2a: Bandit|Knock Off|p1a: Gliscor
|-activate|p1a: Gliscor|move: Protect
|
|-status|p1a: Gliscor|tox|[from] item: Toxic Orb
|upkeep
|turn|2
|
|t:|1758955640
|switch|p1a: Dondozo|Dondozo, F|100/100
|move|p2a: Bandit|Knock Off|p1a: Dondozo
|-damage|p1a: Dondozo|59/100
|-enditem|p1a: Dondozo|Leftovers|[from] move: Knock Off|[of] p2a: Bandit
|
|upkeep
|turn|3
|
|t:|1758955650
|switch|p2a: Anonymous|Ogerpon, F|100/100
|move|p1a: Dondozo|Curse|p1a: Dondozo
|-unboost|p1a: Dondozo|spe|1
|-boost|p1a: Dondozo|atk|1
|-boost|p1a: Dondozo|def|1
|
|upkeep
|turn|4
|
|t:|1758955658
|move|p2a: Anonymous|Ivy Cudgel|p1a: Dondozo
|-supereffective|p1a: Dondozo
|-damage|p1a: Dondozo|5/100
|move|p1a: Dondozo|Rest|p1a: Dondozo
|-status|p1a: Dondozo|slp|[from] move: Rest
|-heal|p1a: Dondozo|100/100 slp|[silent]
|
|upkeep
|turn|5
|
|t:|1758955662
|switch|p1a: Corviknight|Corviknight, M|100/100
|-ability|p1a: Corviknight|Pressure
|move|p2a: Anonymous|Ivy Cudgel|p1a: Corviknight
|-resisted|p1a: Corviknight
|-damage|p1a: Corviknight|87/100
|
|upkeep
|turn|6
|
|t:|1758955671
|switch|p2a: Alomomola|Alomomola, F, shiny|100/100
|move|p1a: Corviknight|Sunny Day|p1a: Corviknight
|-weather|SunnyDay
|
|-weather|SunnyDay|[upkeep]
|upkeep
|turn|7
|
|t:|1758955683
|move|p1a: Corviknight|U-turn|p2a: Alomomola
|-damage|p2a: Alomomola|93/100
|-damage|p1a: Corviknight|70/100|[from] item: Rocky Helmet|[of] p2a: Alomomola
|
|t:|1758955691
|switch|p1a: Arcanine|Arcanine, F|100/100|[from] U-turn
|move|p2a: Alomomola|Soak|p1a: Arcanine
|-start|p1a: Arcanine|typechange|Water
|
|-weather|SunnyDay|[upkeep]
|upkeep
|turn|8
|
|t:|1758955705
|move|p1a: Arcanine|Solar Beam||[still]
|-prepare|p1a: Arcanine|Solar Beam
|-anim|p1a: Arcanine|Solar Beam|p2a: Alomomola
|-supereffective|p2a: Alomomola
|-damage|p2a: Alomomola|0 fnt
|faint|p2a: Alomomola
|
|-weather|SunnyDay|[upkeep]
|upkeep
|
|t:|1758955715
|switch|p2a: Anonymous|Ogerpon, F|100/100
|turn|9
|l|☆kargreyy
|inactive|kargreyy disconnected and has a minute to reconnect!
|player|p2|
|inactive|kargreyy has 30 seconds to reconnect!
|inactive|kargreyy has 20 seconds to reconnect!
|inactive|kargreyy has 15 seconds to reconnect!
|inactive|kargreyy has 10 seconds to reconnect!
|inactive|kargreyy has 5 seconds to reconnect!
|-message|kargreyy lost due to inactivity.
|
|win|zeubiii
|raw|zeubiii's rating: 1240 &rarr; <strong>1267</strong><br />(+27 for winning)
|raw|kargreyy's rating: 1268 &rarr; <strong>1241</strong><br />(-27 for losing)
|l|☆zeubiii
|player|p1|
|j|☆kargreyy
|player|p2|kargreyy|1|
|l|☆kargreyy
|player|p2|
