|j|☆OO_PEGASUS1
|j|‽Beetleinthebox7412
|t:|1759052826
|gametype|singles
|player|p1|OO_PEGASUS1|steven|1101
|player|p2|Beetleinthebox7412|170|1110
|gen|9
|tier|[Gen 9] OU
|rated|
|rule|HP Percentage Mod: HP is shown in percentages
|rule|Endless Battle Clause: Forcing endless battles is banned
|rule|Species Clause: Limit one of each Pokémon
|rule|OHKO Clause: OHKO moves are banned
|rule|Evasion Items Clause: Evasion items are banned
|rule|Evasion Moves Clause: Evasion moves are banned
|rule|Evasion Abilities Clause: Evasion abilities are banned
|rule|Sleep Moves Clause: Sleep-inducing moves are banned
|clearpoke
|poke|p1|Glimmora, M|
|poke|p1|Dragapult, M|
|poke|p1|Kyurem|
|poke|p1|Alomomola, F|
|poke|p1|Rillaboom, F|
|poke|p1|Gliscor, F|
|poke|p2|Ninetales, F|
|poke|p2|Walking Wake|
|poke|p2|Raging Bolt|
|poke|p2|Iron Moth|
|poke|p2|Hatterene, F|
|poke|p2|Landorus-Therian, M|
|teampreview
|inactive|Battle timer is ON: inactive players will automatically lose when time's up. (requested by OO_PEGASUS1)
|
|t:|1759052835
|teamsize|p1|6
|teamsize|p2|6
|start
|switch|p1a: Rillaboom|Rillaboom, F, shiny|100/100
|switch|p2a: Landorus|Landorus-Therian, M|100/100
|-ability|p2a: Landorus|Intimidate|boost
|-unboost|p1a: Rillaboom|atk|1
|-fieldstart|move: Grassy Terrain|[from] ability: Grassy Surge|[of] p1a: Rillaboom
|turn|1
|
|t:|1759052844
|move|p2a: Landorus|U-turn|p1a: Rillaboom
|-supereffective|p1a: Rillaboom
|-damage|p1a: Rillaboom|66/100
|
|t:|1759052850
|switch|p2a: Hatterene|Hatterene, F|100/100|[from] U-turn
|move|p1a: Rillaboom|Bulk Up|p1a: Rillaboom
|-boost|p1a: Rillaboom|atk|1
|-boost|p1a: Rillaboom|def|1
|
|-heal|p1a: Rillaboom|72/100|[from] Grassy Terrain
|-heal|p1a: Rillaboom|78/100|[from] item: Leftovers
|upkeep
|turn|2
|inactive|OO_PEGASUS1 has 120 seconds left.
|
|t:|1759052887
|move|p1a: Rillaboom|Drum Beating|p2a: Hatterene
|-damage|p2a: Hatterene|50/100
|-unboost|p2a: Hatterene|spe|1
|-enditem|p2a: Hatterene|Eject Button
|
|t:|1759052893
|switch|p2a: Ninetales|Ninetales, F, shiny|100/100
|-weather|SunnyDay|[from] ability: Drought|[of] p2a: Ninetales
|
|-weather|SunnyDay|[upkeep]
|-heal|p1a: Rillaboom|84/100|[from] Grassy Terrain
|-heal|p1a: Rillaboom|91/100|[from] item: Leftovers
|upkeep
|turn|3
|inactive|OO_PEGASUS1 has 120 seconds left.
|
|t:|1759052907
|switch|p1a: Alomomola|Alomomola, F, shiny|100/100
|move|p2a: Ninetales|Weather Ball|p1a: Alomomola
|-resisted|p1a: Alomomola
|-damage|p1a: Alomomola|79/100
|
|-weather|SunnyDay|[upkeep]
|-heal|p1a: Alomomola|85/100|[from] Grassy Terrain
|-heal|p1a: Alomomola|91/100|[from] item: Leftovers
|upkeep
|turn|4
|inactive|OO_PEGASUS1 has 120 seconds left.
|
|t:|1759052923
|switch|p2a: Raging Bolt|Raging Bolt|100/100
|-activate|p2a: Raging Bolt|ability: Protosynthesis
|-start|p2a: Raging Bolt|protosynthesisspa
|move|p1a: Alomomola|Flip Turn|p2a: Raging Bolt
|-resisted|p2a: Raging Bolt
|-damage|p2a: Raging Bolt|98/100
|
|t:|1759052945
|switch|p1a: Glimmora|Glimmora, M, shiny|100/100|[from] Flip Turn
|
|-weather|SunnyDay|[upkeep]
|-heal|p2a: Raging Bolt|100/100|[from] Grassy Terrain
|upkeep
|turn|5
|
|t:|1759052957
|move|p2a: Raging Bolt|Thunderbolt|p1a: Glimmora
|-damage|p1a: Glimmora|0 fnt
|faint|p1a: Glimmora
|-damage|p2a: Raging Bolt|91/100|[from] item: Life Orb
|
|-weather|SunnyDay|[upkeep]
|-heal|p2a: Raging Bolt|97/100|[from] Grassy Terrain
|-fieldend|move: Grassy Terrain
|upkeep
|
|t:|1759052972
|switch|p1a: Kyurem|Kyurem, shiny|100/100
|-ability|p1a: Kyurem|Pressure
|turn|6
|inactive|Beetleinthebox7412 has 120 seconds left.
|
|t:|1759053013
|move|p1a: Kyurem|Icicle Spear|p2a: Raging Bolt
|-supereffective|p2a: Raging Bolt
|-damage|p2a: Raging Bolt|73/100
|-supereffective|p2a: Raging Bolt
|-damage|p2a: Raging Bolt|49/100
|-supereffective|p2a: Raging Bolt
|-damage|p2a: Raging Bolt|23/100
|-hitcount|p2a: Raging Bolt|3
|move|p2a: Raging Bolt|Weather Ball|p1a: Kyurem
|-damage|p1a: Kyurem|5/100
|-damage|p2a: Raging Bolt|13/100|[from] item: Life Orb
|
|-weather|SunnyDay|[upkeep]
|-heal|p1a: Kyurem|11/100|[from] item: Leftovers
|upkeep
|turn|7
|
|t:|1759053026
|move|p2a: Raging Bolt|Thunderclap|p1a: Kyurem
|-resisted|p1a: Kyurem
|-damage|p1a: Kyurem|0 fnt
|faint|p1a: Kyurem
|-damage|p2a: Raging Bolt|3/100|[from] item: Life Orb
|
|-weather|SunnyDay|[upkeep]
|upkeep
|
|t:|1759053034
|switch|p1a: Gliscor|Gliscor, F, shiny|100/100
|turn|8
|inactive|Beetleinthebox7412 has 120 seconds left.
|
|t:|1759053047
|-end|p2a: Raging Bolt|Protosynthesis|[silent]
|switch|p2a: Hatterene|Hatterene, F|50/100
|move|p1a: Gliscor|Swords Dance|p1a: Gliscor
|-boost|p1a: Gliscor|atk|2
|
|-weather|SunnyDay|[upkeep]
|-status|p1a: Gliscor|tox|[from] item: Toxic Orb
|upkeep
|turn|9
|inactive|Beetleinthebox7412 has 120 seconds left.
|
|t:|1759053061
|move|p1a: Gliscor|Swords Dance|p1a: Gliscor
|-boost|p1a: Gliscor|atk|2
|move|p2a: Hatterene|Healing Wish|p2a: Hatterene
|faint|p2a: Hatterene
|
|-weather|none
|upkeep
|
|t:|1759053063
|switch|p2a: Raging Bolt|Raging Bolt|3/100
|-heal|p2a: Raging Bolt|100/100|[from] move: Healing Wish
|turn|10
|inactive|OO_PEGASUS1 has 120 seconds left.
|
|t:|1759053074
|-end|p2a: Raging Bolt|Protosynthesis|[silent]
|switch|p2a: Landorus|Landorus-Therian, M|100/100
|-ability|p2a: Landorus|Intimidate|boost
|-unboost|p1a: Gliscor|atk|1
|move|p1a: Gliscor|Earthquake|p2a: Landorus
|-immune|p2a: Landorus
|
|upkeep
|turn|11
|
|t:|1759053083
|move|p1a: Gliscor|Crabhammer|p2a: Landorus|[miss]
|-miss|p1a: Gliscor|p2a: Landorus
|move|p2a: Landorus|Taunt|p1a: Gliscor
|-start|p1a: Gliscor|move: Taunt
|
|upkeep
|turn|12
|inactive|Beetleinthebox7412 has 120 seconds left.
|
|t:|1759053117
|switch|p2a: Ninetales|Ninetales, F, shiny|100/100
|-weather|SunnyDay|[from] ability: Drought|[of] p2a: Ninetales
|move|p1a: Gliscor|Crabhammer|p2a: Ninetales
|-supereffective|p2a: Ninetales
|-damage|p2a: Ninetales|16/100
|
|-weather|SunnyDay|[upkeep]
|upkeep
|turn|13
|
|t:|1759053130
|move|p2a: Ninetales|Encore|p1a: Gliscor
|-start|p1a: Gliscor|Encore
|move|p1a: Gliscor|Crabhammer|p2a: Ninetales
|-supereffective|p2a: Ninetales
|-damage|p2a: Ninetales|0 fnt
|faint|p2a: Ninetales
|
|-weather|SunnyDay|[upkeep]
|upkeep
|
|t:|1759053133
|switch|p2a: Walking Wake|Walking Wake|100/100
|-activate|p2a: Walking Wake|ability: Protosynthesis
|-start|p2a: Walking Wake|protosynthesisspe
|turn|14
|inactive|Beetleinthebox7412 has 120 seconds left.
|
|t:|1759053144
|move|p2a: Walking Wake|Hydro Steam|p1a: Gliscor
|-supereffective|p1a: Gliscor
|-damage|p1a: Gliscor|0 fnt
|faint|p1a: Gliscor
|
|-weather|SunnyDay|[upkeep]
|upkeep
|
|t:|1759053160
|switch|p1a: Dragapult|Dragapult, M, shiny|100/100
|turn|15
|
|t:|1759053167
|-terastallize|p2a: Walking Wake|Water
|move|p2a: Walking Wake|Hydro Steam|p1a: Dragapult
|-resisted|p1a: Dragapult
|-damage|p1a: Dragapult|22/100
|move|p1a: Dragapult|Draco Meteor|p2a: Walking Wake
|-damage|p2a: Walking Wake|0 fnt
|-unboost|p1a: Dragapult|spa|2
|faint|p2a: Walking Wake
|-end|p2a: Walking Wake|Protosynthesis|[silent]
|
|-weather|SunnyDay|[upkeep]
|upkeep
|inactive|Beetleinthebox7412 has 120 seconds left.
|
|t:|1759053191
|switch|p2a: Iron Moth|Iron Moth|100/100
|-enditem|p2a: Iron Moth|Booster Energy
|-activate|p2a: Iron Moth|ability: Quark Drive|[fromitem]
|-start|p2a: Iron Moth|quarkdrivespe
|turn|16
|
|t:|1759053198
|switch|p1a: Alomomola|Alomomola, F, shiny|100/100
|move|p2a: Iron Moth|Fiery Dance|p1a: Alomomola
|-resisted|p1a: Alomomola
|-damage|p1a: Alomomola|72/100
|
|-weather|SunnyDay|[upkeep]
|-heal|p1a: Alomomola|78/100|[from] item: Leftovers
|upkeep
|turn|17
|inactive|Beetleinthebox7412 has 120 seconds left.
|
|t:|1759053210
|move|p2a: Iron Moth|Fiery Dance|p1a: Alomomola
|-resisted|p1a: Alomomola
|-damage|p1a: Alomomola|50/100
|move|p1a: Alomomola|Wish|p1a: Alomomola
|
|-weather|SunnyDay|[upkeep]
|-heal|p1a: Alomomola|56/100|[from] item: Leftovers
|upkeep
|turn|18
|
|t:|1759053218
|move|p2a: Iron Moth|Fiery Dance|p1a: Alomomola
|-resisted|p1a: Alomomola
|-damage|p1a: Alomomola|28/100
|-boost|p2a: Iron Moth|spa|1
|move|p1a: Alomomola|Flip Turn|p2a: Iron Moth
|-supereffective|p2a: Iron Moth
|-damage|p2a: Iron Moth|81/100
|
|t:|1759053226
|switch|p1a: Dragapult|Dragapult, M, shiny|22/100|[from] Flip Turn
|
|-weather|SunnyDay|[upkeep]
|-heal|p1a: Dragapult|100/100|[from] move: Wish|[wisher] Alomomola
|upkeep
|turn|19
|
|t:|1759053235
|move|p2a: Iron Moth|Dazzling Gleam|p1a: Dragapult
|-supereffective|p1a: Dragapult
|-damage|p1a: Dragapult|0 fnt
|faint|p1a: Dragapult
|
|-weather|none
|upkeep
|
|t:|1759053244
|switch|p1a: Alomomola|Alomomola, F, shiny|61/100
|turn|20
|
|t:|1759053249
|move|p2a: Iron Moth|Sludge Wave|p1a: Alomomola
|-damage|p1a: Alomomola|0 fnt
|faint|p1a: Alomomola
|
|upkeep
|
|t:|1759053254
|switch|p1a: Rillaboom|Rillaboom, F, shiny|91/100
|-fieldstart|move: Grassy Terrain|[from] ability: Grassy Surge|[of] p1a: Rillaboom
|turn|21
|
|t:|1759053268
|move|p2a: Iron Moth|Sludge Wave|p1a: Rillaboom
|-supereffective|p1a: Rillaboom
|-damage|p1a: Rillaboom|0 fnt
|faint|p1a: Rillaboom
|
|win|Beetleinthebox7412
|raw|OO_PEGASUS1's rating: 1101 &rarr; <strong>1077</strong><br />(-24 for losing)
|raw|Beetleinthebox7412's rating: 1110 &rarr; <strong>1134</strong><br />(+24 for winning)
