|j|☆ayayaphone
|j|☆vishmonger
|t:|1758941047
|gametype|singles
|player|p1|ayayaphone|1|1398
|player|p2|vishmonger|wallace-gen6|1428
|gen|9
|tier|[Gen 9] OU
|rated|
|rule|HP Percentage Mod: HP is shown in percentages
|rule|Endless Battle Clause: Forcing endless battles is banned
|rule|Species Clause: Limit one of each Pokémon
|rule|OHKO Clause: OHKO moves are banned
|rule|Evasion Items Clause: Evasion items are banned
|rule|Evasion Moves Clause: Evasion moves are banned
|rule|Evasion Abilities Clause: Evasion abilities are banned
|rule|Sleep Moves Clause: Sleep-inducing moves are banned
|clearpoke
|poke|p1|Chandelure, F|
|poke|p1|Rillaboom, M|
|poke|p1|Hatterene, F|
|poke|p1|Muk-Alola, M|
|poke|p1|Maushold|
|poke|p1|Slither Wing|
|poke|p2|Pelipper, F|
|poke|p2|Hatterene, F|
|poke|p2|Iron Treads|
|poke|p2|Toxicroak, F|
|poke|p2|Barraskewda, F|
|poke|p2|Zapdos|
|teampreview
|inactive|Battle timer is ON: inactive players will automatically lose when time's up. (requested by ayayaphone)
|
|t:|1758941059
|teamsize|p1|6
|teamsize|p2|6
|start
|switch|p1a: Muk|Muk-Alola, M|100/100
|switch|p2a: Pelipper|Pelipper, F|100/100
|-weather|RainDance|[from] ability: Drizzle|[of] p2a: Pelipper
|turn|1
|
|t:|1758941062
|move|p1a: Muk|Knock Off|p2a: Pelipper
|-damage|p2a: Pelipper|51/100
|-status|p2a: Pelipper|psn|[from] ability: Poison Touch|[of] p1a: Muk
|-enditem|p2a: Pelipper|Damp Rock|[from] move: Knock Off|[of] p1a: Muk
|move|p2a: Pelipper|U-turn|p1a: Muk
|-damage|p1a: Muk|90/100
|
|t:|1758941064
|switch|p2a: Barraskewda|Barraskewda, F|100/100|[from] U-turn
|
|-weather|RainDance|[upkeep]
|-heal|p1a: Muk|96/100|[from] item: Black Sludge
|upkeep
|turn|2
|
|t:|1758941074
|-terastallize|p2a: Barraskewda|Water
|move|p1a: Muk|Protect|p1a: Muk
|-singleturn|p1a: Muk|Protect
|move|p2a: Barraskewda|Flip Turn|p1a: Muk
|-activate|p1a: Muk|move: Protect
|
|-weather|RainDance|[upkeep]
|-heal|p1a: Muk|100/100|[from] item: Black Sludge
|upkeep
|turn|3
|
|t:|1758941087
|switch|p1a: Slither Wing|Slither Wing|100/100
|move|p2a: Barraskewda|Flip Turn|p1a: Slither Wing
|-damage|p1a: Slither Wing|26/100
|-damage|p2a: Barraskewda|84/100|[from] item: Rocky Helmet|[of] p1a: Slither Wing
|
|t:|1758941092
|switch|p2a: Zapdos|Zapdos|100/100|[from] Flip Turn
|
|-weather|RainDance|[upkeep]
|upkeep
|turn|4
|
|t:|1758941104
|-end|p1a: Slither Wing|Protosynthesis|[silent]
|switch|p1a: Muk|Muk-Alola, M|100/100
|move|p2a: Zapdos|Hurricane|p1a: Muk
|-damage|p1a: Muk|37/100
|-start|p1a: Muk|confusion
|
|-weather|RainDance|[upkeep]
|-heal|p1a: Muk|43/100|[from] item: Black Sludge
|upkeep
|turn|5
|
|t:|1758941108
|-activate|p1a: Muk|confusion
|move|p1a: Muk|Protect|p1a: Muk
|-singleturn|p1a: Muk|Protect
|move|p2a: Zapdos|Hurricane|p1a: Muk
|-activate|p1a: Muk|move: Protect
|
|-weather|RainDance|[upkeep]
|-heal|p1a: Muk|49/100|[from] item: Black Sludge
|upkeep
|turn|6
|inactive|ayayaphone has 120 seconds left.
|
|t:|1758941143
|switch|p1a: Chandelure|Chandelure, F|100/100
|move|p2a: Zapdos|Hurricane|p1a: Chandelure
|-damage|p1a: Chandelure|0 fnt
|faint|p1a: Chandelure
|
|-weather|RainDance|[upkeep]
|upkeep
|inactive|ayayaphone has 120 seconds left.
|
|t:|1758941149
|switch|p1a: Muk|Muk-Alola, M|49/100
|turn|7
|
|t:|1758941152
|move|p1a: Muk|Protect|p1a: Muk
|-singleturn|p1a: Muk|Protect
|move|p2a: Zapdos|Hurricane|p1a: Muk
|-activate|p1a: Muk|move: Protect
|
|-weather|RainDance|[upkeep]
|-heal|p1a: Muk|55/100|[from] item: Black Sludge
|upkeep
|turn|8
|
|t:|1758941162
|move|p2a: Zapdos|Hurricane|p1a: Muk
|-damage|p1a: Muk|0 fnt
|faint|p1a: Muk
|
|-weather|none
|upkeep
|
|t:|1758941166
|switch|p1a: Maushold|Maushold|100/100
|turn|9
|
|t:|1758941175
|switch|p2a: Toxicroak|Toxicroak, F|100/100
|move|p1a: Maushold|Tidy Up|p1a: Maushold
|-boost|p1a: Maushold|atk|1
|-boost|p1a: Maushold|spe|1
|
|upkeep
|turn|10
|
|t:|1758941180
|move|p1a: Maushold|Population Bomb|p2a: Toxicroak
|-damage|p2a: Toxicroak|85/100
|-damage|p1a: Maushold|84/100|[from] item: Rocky Helmet|[of] p2a: Toxicroak
|-damage|p2a: Toxicroak|68/100
|-damage|p1a: Maushold|68/100|[from] item: Rocky Helmet|[of] p2a: Toxicroak
|-damage|p2a: Toxicroak|53/100
|-damage|p1a: Maushold|51/100|[from] item: Rocky Helmet|[of] p2a: Toxicroak
|-damage|p2a: Toxicroak|37/100
|-damage|p1a: Maushold|35/100|[from] item: Rocky Helmet|[of] p2a: Toxicroak
|-damage|p2a: Toxicroak|21/100
|-damage|p1a: Maushold|18/100|[from] item: Rocky Helmet|[of] p2a: Toxicroak
|-damage|p2a: Toxicroak|4/100
|-damage|p1a: Maushold|2/100|[from] item: Rocky Helmet|[of] p2a: Toxicroak
|-damage|p2a: Toxicroak|0 fnt
|-damage|p1a: Maushold|0 fnt|[from] item: Rocky Helmet|[of] p2a: Toxicroak
|faint|p2a: Toxicroak
|faint|p1a: Maushold
|-hitcount|p2: Toxicroak|7
|
|upkeep
|
|t:|1758941188
|switch|p1a: Rillaboom|Rillaboom, M|100/100
|switch|p2a: Pelipper|Pelipper, F|51/100 psn
|-fieldstart|move: Grassy Terrain|[from] ability: Grassy Surge|[of] p1a: Rillaboom
|-weather|RainDance|[from] ability: Drizzle|[of] p2a: Pelipper
|turn|11
|
|t:|1758941192
|switch|p2a: Hatterene|Hatterene, F|100/100
|move|p1a: Rillaboom|U-turn|p2a: Hatterene
|-damage|p2a: Hatterene|76/100
|-enditem|p2a: Hatterene|Eject Button
|
|t:|1758941195
|switch|p2a: Zapdos|Zapdos|100/100
|
|-weather|RainDance|[upkeep]
|upkeep
|turn|12
|-message|ayayaphone forfeited.
|
|win|vishmonger
|raw|ayayaphone's rating: 1398 &rarr; <strong>1380</strong><br />(-18 for losing)
|raw|vishmonger's rating: 1428 &rarr; <strong>1446</strong><br />(+18 for winning)
|l|☆ayayaphone
|player|p1|
