|j|☆Zenadark
|j|☆Capidaxter
|t:|1758917853
|gametype|singles
|player|p1|Zenadark|#stt5noadkokoroyal|
|player|p2|Capidaxter|hilbert-wonderlauncher|
|gen|9
|tier|[Gen 9] OU
|rule|HP Percentage Mod: HP is shown in percentages
|rule|Endless Battle Clause: Forcing endless battles is banned
|rule|Species Clause: Limit one of each Pokémon
|rule|OHKO Clause: OHKO moves are banned
|rule|Evasion Items Clause: Evasion items are banned
|rule|Evasion Moves Clause: Evasion moves are banned
|rule|Evasion Abilities Clause: Evasion abilities are banned
|rule|Sleep Moves Clause: Sleep-inducing moves are banned
|clearpoke
|poke|p1|Dragapult, M|
|poke|p1|Tinkaton, F|
|poke|p1|Darkrai|
|poke|p1|Great Tusk|
|poke|p1|Moltres|
|poke|p1|Ogerpon-Wellspring, F|
|poke|p2|Skarmory, M|
|poke|p2|Gliscor, M|
|poke|p2|Amoonguss, F|
|poke|p2|Blissey, F|
|poke|p2|Dondozo, M|
|poke|p2|Clodsire, F|
|teampreview
|c|☆Capidaxter|hf
|c|☆Zenadark|ok
|
|t:|1758917874
|teamsize|p1|6
|teamsize|p2|6
|start
|switch|p1a: Tinkaton|Tinkaton, F, shiny|100/100
|switch|p2a: Gliscor|Gliscor, M|100/100
|-ability|p1a: Tinkaton|Mold Breaker
|-item|p1a: Tinkaton|Air Balloon
|turn|1
|c|☆Zenadark|pas fun
|c|☆Capidaxter|en vrai, ton mu est franchement pas dégueulasse
|
|t:|1758917896
|move|p2a: Gliscor|Protect|p2a: Gliscor
|-singleturn|p2a: Gliscor|Protect
|move|p1a: Tinkaton|Stealth Rock|p2a: Gliscor
|-sidestart|p2: Capidaxter|move: Stealth Rock
|
|-status|p2a: Gliscor|tox|[from] item: Toxic Orb
|upkeep
|turn|2
|
|t:|1758917907
|switch|p2a: Skarmory|Skarmory, M|100/100
|-damage|p2a: Skarmory|88/100|[from] Stealth Rock
|move|p1a: Tinkaton|Encore||[still]
|-fail|p1a: Tinkaton
|
|upkeep
|turn|3
|
|t:|1758917916
|move|p1a: Tinkaton|Thunder Wave|p2a: Skarmory
|-status|p2a: Skarmory|par
|move|p2a: Skarmory|Spikes|p1a: Tinkaton
|-sidestart|p1: Zenadark|Spikes
|
|upkeep
|turn|4
|
|t:|1758917923
|switch|p2a: Gliscor|Gliscor, M|100/100 tox
|-damage|p2a: Gliscor|88/100 tox|[from] Stealth Rock
|move|p1a: Tinkaton|Encore||[still]
|-fail|p1a: Tinkaton
|
|-heal|p2a: Gliscor|100/100 tox|[from] ability: Poison Heal
|upkeep
|turn|5
|
|t:|1758917934
|move|p1a: Tinkaton|Gigaton Hammer|p2a: Gliscor
|-damage|p2a: Gliscor|69/100 tox
|move|p2a: Gliscor|Knock Off|p1a: Tinkaton
|-resisted|p1a: Tinkaton
|-damage|p1a: Tinkaton|89/100
|-enditem|p1a: Tinkaton|Air Balloon
|
|-heal|p2a: Gliscor|81/100 tox|[from] ability: Poison Heal
|upkeep
|turn|6
|
|t:|1758917946
|switch|p1a: Great Tusk|Great Tusk|100/100
|move|p2a: Gliscor|Earthquake|p1a: Great Tusk
|-damage|p1a: Great Tusk|78/100
|
|-heal|p2a: Gliscor|94/100 tox|[from] ability: Poison Heal
|upkeep
|turn|7
|
|t:|1758917961
|move|p2a: Gliscor|Protect|p2a: Gliscor
|-singleturn|p2a: Gliscor|Protect
|move|p1a: Great Tusk|Rapid Spin|p2a: Gliscor
|-activate|p2a: Gliscor|move: Protect
|
|-heal|p2a: Gliscor|100/100 tox|[from] ability: Poison Heal
|upkeep
|turn|8
|
|t:|1758917967
|move|p1a: Great Tusk|Rapid Spin|p2a: Gliscor
|-damage|p2a: Gliscor|87/100 tox
|-boost|p1a: Great Tusk|spe|1
|-sideend|p1: Zenadark|Spikes|[from] move: Rapid Spin|[of] p1a: Great Tusk
|move|p2a: Gliscor|Knock Off|p1a: Great Tusk
|-resisted|p1a: Great Tusk
|-damage|p1a: Great Tusk|70/100
|-enditem|p1a: Great Tusk|Heavy-Duty Boots|[from] move: Knock Off|[of] p2a: Gliscor
|
|-heal|p2a: Gliscor|99/100 tox|[from] ability: Poison Heal
|upkeep
|turn|9
|
|t:|1758917979
|switch|p2a: Skarmory|Skarmory, M|88/100 par
|-damage|p2a: Skarmory|76/100 par|[from] Stealth Rock
|move|p1a: Great Tusk|Knock Off|p2a: Skarmory
|-damage|p2a: Skarmory|57/100 par
|-damage|p1a: Great Tusk|54/100|[from] item: Rocky Helmet|[of] p2a: Skarmory
|-enditem|p2a: Skarmory|Rocky Helmet|[from] move: Knock Off|[of] p1a: Great Tusk
|
|upkeep
|turn|10
|
|t:|1758917993
|-end|p1a: Great Tusk|Protosynthesis|[silent]
|switch|p1a: Dragapult|Dragapult, M, shiny|100/100
|move|p2a: Skarmory|Spikes|p1a: Dragapult
|-sidestart|p1: Zenadark|Spikes
|
|upkeep
|turn|11
|
|t:|1758917999
|switch|p2a: Blissey|Blissey, F|100/100
|move|p1a: Dragapult|Hex|p2a: Blissey
|-immune|p2a: Blissey
|
|upkeep
|turn|12
|
|t:|1758918004
|move|p1a: Dragapult|U-turn|p2a: Blissey
|-damage|p2a: Blissey|82/100
|
|t:|1758918007
|switch|p1a: Great Tusk|Great Tusk|54/100|[from] U-turn
|-damage|p1a: Great Tusk|41/100|[from] Spikes
|move|p2a: Blissey|Stealth Rock|p1a: Great Tusk
|-sidestart|p1: Zenadark|move: Stealth Rock
|
|upkeep
|turn|13
|
|t:|1758918017
|switch|p2a: Skarmory|Skarmory, M|57/100 par
|-damage|p2a: Skarmory|44/100 par|[from] Stealth Rock
|move|p1a: Great Tusk|Rapid Spin|p2a: Skarmory
|-resisted|p2a: Skarmory
|-damage|p2a: Skarmory|39/100 par
|-boost|p1a: Great Tusk|spe|1
|-sideend|p1: Zenadark|Spikes|[from] move: Rapid Spin|[of] p1a: Great Tusk
|-sideend|p1: Zenadark|Stealth Rock|[from] move: Rapid Spin|[of] p1a: Great Tusk
|
|upkeep
|turn|14
|c|☆Capidaxter|mais quel con
|
|t:|1758918036
|-end|p1a: Great Tusk|Protosynthesis|[silent]
|switch|p1a: Moltres|Moltres, shiny|100/100
|move|p2a: Skarmory|Roost|p2a: Skarmory
|-heal|p2a: Skarmory|89/100 par
|-singleturn|p2a: Skarmory|move: Roost
|
|upkeep
|turn|15
|
|t:|1758918053
|switch|p2a: Gliscor|Gliscor, M|99/100 tox
|-damage|p2a: Gliscor|87/100 tox|[from] Stealth Rock
|move|p1a: Moltres|U-turn|p2a: Gliscor
|-resisted|p2a: Gliscor
|-damage|p2a: Gliscor|81/100 tox
|
|t:|1758918059
|switch|p1a: Dragapult|Dragapult, M, shiny|100/100|[from] U-turn
|
|-heal|p2a: Gliscor|94/100 tox|[from] ability: Poison Heal
|upkeep
|turn|16
|
|t:|1758918074
|move|p1a: Dragapult|Dragon Darts|p2a: Gliscor
|-damage|p2a: Gliscor|76/100 tox
|-anim|p1a: Dragapult|Dragon Darts|p2a: Gliscor
|-damage|p2a: Gliscor|58/100 tox
|move|p2a: Gliscor|Knock Off|p1a: Dragapult
|-supereffective|p1a: Dragapult
|-damage|p1a: Dragapult|39/100
|-enditem|p1a: Dragapult|Heavy-Duty Boots|[from] move: Knock Off|[of] p2a: Gliscor
|
|-heal|p2a: Gliscor|70/100 tox|[from] ability: Poison Heal
|upkeep
|turn|17
|
|t:|1758918092
|move|p1a: Dragapult|Dragon Darts|p2a: Gliscor
|-damage|p2a: Gliscor|52/100 tox
|-anim|p1a: Dragapult|Dragon Darts|p2a: Gliscor
|-damage|p2a: Gliscor|35/100 tox
|move|p2a: Gliscor|Earthquake|p1a: Dragapult
|-damage|p1a: Dragapult|0 fnt
|faint|p1a: Dragapult
|
|-heal|p2a: Gliscor|48/100 tox|[from] ability: Poison Heal
|upkeep
|
|t:|1758918099
|switch|p1a: Darkrai|Darkrai, shiny|100/100
|turn|18
|
|t:|1758918102
|move|p2a: Gliscor|Protect|p2a: Gliscor
|-singleturn|p2a: Gliscor|Protect
|move|p1a: Darkrai|Nasty Plot|p1a: Darkrai
|-boost|p1a: Darkrai|spa|2
|
|-heal|p2a: Gliscor|60/100 tox|[from] ability: Poison Heal
|upkeep
|turn|19
|
|t:|1758918108
|switch|p2a: Blissey|Blissey, F|82/100
|move|p1a: Darkrai|Nasty Plot|p1a: Darkrai
|-boost|p1a: Darkrai|spa|2
|
|upkeep
|turn|20
|
|t:|1758918129
|switch|p2a: Clodsire|Clodsire, F|100/100
|move|p1a: Darkrai|Dark Pulse|p2a: Clodsire
|-damage|p2a: Clodsire|77/100
|
|upkeep
|turn|21
|
|t:|1758918140
|switch|p1a: Tinkaton|Tinkaton, F, shiny|89/100
|-ability|p1a: Tinkaton|Mold Breaker
|move|p2a: Clodsire|Poison Jab|p1a: Tinkaton
|-immune|p1a: Tinkaton
|
|upkeep
|turn|22
|
|t:|1758918147
|switch|p2a: Skarmory|Skarmory, M|89/100 par
|-damage|p2a: Skarmory|77/100 par|[from] Stealth Rock
|move|p1a: Tinkaton|Encore||[still]
|-fail|p1a: Tinkaton
|
|upkeep
|turn|23
|
|t:|1758918153
|switch|p1a: Great Tusk|Great Tusk|41/100
|cant|p2a: Skarmory|par
|
|upkeep
|turn|24
|
|t:|1758918167
|move|p1a: Great Tusk|Ice Spinner|p2a: Skarmory
|-damage|p2a: Skarmory|60/100 par
|move|p2a: Skarmory|Spikes|p1a: Great Tusk
|-sidestart|p1: Zenadark|Spikes
|
|upkeep
|turn|25
|
|t:|1758918174
|move|p1a: Great Tusk|Rapid Spin|p2a: Skarmory
|-resisted|p2a: Skarmory
|-damage|p2a: Skarmory|55/100 par
|-boost|p1a: Great Tusk|spe|1
|-sideend|p1: Zenadark|Spikes|[from] move: Rapid Spin|[of] p1a: Great Tusk
|move|p2a: Skarmory|Body Press|p1a: Great Tusk
|-damage|p1a: Great Tusk|20/100
|
|upkeep
|turn|26
|
|t:|1758918179
|-end|p1a: Great Tusk|Protosynthesis|[silent]
|switch|p1a: Ogerpon|Ogerpon-Wellspring, F|100/100
|cant|p2a: Skarmory|par
|
|upkeep
|turn|27
|
|t:|1758918186
|switch|p2a: Amoonguss|Amoonguss, F|100/100
|move|p1a: Ogerpon|Swords Dance|p1a: Ogerpon
|-boost|p1a: Ogerpon|atk|2
|
|upkeep
|turn|28
|
|t:|1758918204
|move|p1a: Ogerpon|Ivy Cudgel|p2a: Amoonguss|[anim] Ivy Cudgel Water
|-resisted|p2a: Amoonguss
|-crit|p2a: Amoonguss
|-damage|p2a: Amoonguss|32/100
|move|p2a: Amoonguss|Foul Play|p1a: Ogerpon
|-damage|p1a: Ogerpon|16/100
|
|upkeep
|turn|29
|
|t:|1758918235
|switch|p2a: Skarmory|Skarmory, M|55/100 par
|-damage|p2a: Skarmory|42/100 par|[from] Stealth Rock
|move|p1a: Ogerpon|Ivy Cudgel|p2a: Skarmory|[anim] Ivy Cudgel Water
|-damage|p2a: Skarmory|0 fnt
|faint|p2a: Skarmory
|
|upkeep
|
|t:|1758918242
|switch|p2a: Amoonguss|Amoonguss, F|66/100
|turn|30
|
|t:|1758918249
|switch|p1a: Tinkaton|Tinkaton, F, shiny|89/100
|-ability|p1a: Tinkaton|Mold Breaker
|move|p2a: Amoonguss|Foul Play|p1a: Tinkaton
|-resisted|p1a: Tinkaton
|-damage|p1a: Tinkaton|80/100
|
|upkeep
|turn|31
|
|t:|1758918268
|switch|p2a: Gliscor|Gliscor, M|60/100 tox
|-damage|p2a: Gliscor|48/100 tox|[from] Stealth Rock
|move|p1a: Tinkaton|Encore||[still]
|-fail|p1a: Tinkaton
|
|-heal|p2a: Gliscor|60/100 tox|[from] ability: Poison Heal
|upkeep
|turn|32
|
|t:|1758918275
|move|p1a: Tinkaton|Gigaton Hammer|p2a: Gliscor
|-damage|p2a: Gliscor|25/100 tox
|move|p2a: Gliscor|Earthquake|p1a: Tinkaton
|-supereffective|p1a: Tinkaton
|-damage|p1a: Tinkaton|12/100
|
|-heal|p2a: Gliscor|38/100 tox|[from] ability: Poison Heal
|upkeep
|turn|33
|
|t:|1758918289
|move|p1a: Tinkaton|Encore|p2a: Gliscor
|-start|p2a: Gliscor|Encore
|move|p2a: Gliscor|Earthquake|p1a: Tinkaton
|-supereffective|p1a: Tinkaton
|-damage|p1a: Tinkaton|0 fnt
|faint|p1a: Tinkaton
|
|-heal|p2a: Gliscor|50/100 tox|[from] ability: Poison Heal
|upkeep
|
|t:|1758918295
|switch|p1a: Ogerpon|Ogerpon-Wellspring, F|16/100
|turn|34
|
|t:|1758918299
|switch|p2a: Amoonguss|Amoonguss, F|99/100
|move|p1a: Ogerpon|Ivy Cudgel|p2a: Amoonguss|[anim] Ivy Cudgel Water
|-resisted|p2a: Amoonguss
|-damage|p2a: Amoonguss|76/100
|
|upkeep
|turn|35
|
|t:|1758918305
|switch|p1a: Great Tusk|Great Tusk|20/100
|move|p2a: Amoonguss|Toxic|p1a: Great Tusk
|-status|p1a: Great Tusk|tox
|
|-damage|p1a: Great Tusk|13/100 tox|[from] psn
|upkeep
|turn|36
|
|t:|1758918310
|switch|p2a: Dondozo|Dondozo, M|100/100
|move|p1a: Great Tusk|Ice Spinner|p2a: Dondozo
|-resisted|p2a: Dondozo
|-damage|p2a: Dondozo|94/100
|
|-damage|p1a: Great Tusk|1/100 tox|[from] psn
|upkeep
|turn|37
|
|t:|1758918322
|switch|p2a: Gliscor|Gliscor, M|50/100 tox
|-damage|p2a: Gliscor|38/100 tox|[from] Stealth Rock
|move|p1a: Great Tusk|Knock Off|p2a: Gliscor
|-damage|p2a: Gliscor|9/100 tox
|-enditem|p2a: Gliscor|Toxic Orb|[from] move: Knock Off|[of] p1a: Great Tusk
|
|-damage|p1a: Great Tusk|0 fnt|[from] psn
|faint|p1a: Great Tusk
|-end|p1a: Great Tusk|Protosynthesis|[silent]
|-heal|p2a: Gliscor|22/100 tox|[from] ability: Poison Heal
|upkeep
|
|t:|1758918327
|switch|p1a: Darkrai|Darkrai, shiny|100/100
|turn|38
|
|t:|1758918335
|switch|p2a: Clodsire|Clodsire, F|77/100
|move|p1a: Darkrai|Dark Pulse|p2a: Clodsire
|-damage|p2a: Clodsire|52/100
|
|upkeep
|turn|39
|
|t:|1758918342
|switch|p1a: Moltres|Moltres, shiny|100/100
|move|p2a: Clodsire|Recover|p2a: Clodsire
|-heal|p2a: Clodsire|100/100
|
|upkeep
|turn|40
|
|t:|1758918346
|switch|p2a: Blissey|Blissey, F|82/100
|move|p1a: Moltres|Flamethrower|p2a: Blissey
|-damage|p2a: Blissey|70/100
|
|upkeep
|turn|41
|
|t:|1758918353
|switch|p1a: Ogerpon|Ogerpon-Wellspring, F|16/100
|move|p2a: Blissey|Seismic Toss|p1a: Ogerpon
|-damage|p1a: Ogerpon|0 fnt
|faint|p1a: Ogerpon
|
|upkeep
|
|t:|1758918360
|switch|p1a: Darkrai|Darkrai, shiny|100/100
|turn|42
|
|t:|1758918381
|switch|p2a: Clodsire|Clodsire, F|100/100
|move|p1a: Darkrai|Nasty Plot|p1a: Darkrai
|-boost|p1a: Darkrai|spa|2
|
|upkeep
|turn|43
|
|t:|1758918393
|move|p1a: Darkrai|Dark Pulse|p2a: Clodsire
|-damage|p2a: Clodsire|78/100
|move|p2a: Clodsire|Amnesia|p2a: Clodsire
|-boost|p2a: Clodsire|spd|2
|
|upkeep
|turn|44
|
|t:|1758918398
|switch|p1a: Moltres|Moltres, shiny|100/100
|move|p2a: Clodsire|Poison Jab|p1a: Moltres
|-damage|p1a: Moltres|85/100
|
|upkeep
|turn|45
|
|t:|1758918404
|switch|p2a: Blissey|Blissey, F|70/100
|move|p1a: Moltres|Roar|p2a: Blissey
|drag|p2a: Amoonguss|Amoonguss, F|100/100
|
|upkeep
|turn|46
|
|t:|1758918411
|move|p1a: Moltres|Flamethrower|p2a: Amoonguss
|-supereffective|p2a: Amoonguss
|-damage|p2a: Amoonguss|28/100
|-status|p2a: Amoonguss|brn
|move|p2a: Amoonguss|Toxic|p1a: Moltres
|-status|p1a: Moltres|tox
|
|-damage|p1a: Moltres|79/100 tox|[from] psn
|-damage|p2a: Amoonguss|22/100 brn|[from] brn
|upkeep
|turn|47
|
|t:|1758918418
|switch|p2a: Gliscor|Gliscor, M|22/100 tox
|-damage|p2a: Gliscor|9/100 tox|[from] Stealth Rock
|move|p1a: Moltres|U-turn|p2a: Gliscor
|-resisted|p2a: Gliscor
|-damage|p2a: Gliscor|3/100 tox
|
|t:|1758918421
|switch|p1a: Darkrai|Darkrai, shiny|100/100|[from] U-turn
|
|-heal|p2a: Gliscor|15/100 tox|[from] ability: Poison Heal
|upkeep
|turn|48
|
|t:|1758918425
|move|p1a: Darkrai|Dark Pulse|p2a: Gliscor
|-damage|p2a: Gliscor|0 fnt
|faint|p2a: Gliscor
|
|upkeep
|
|t:|1758918431
|switch|p2a: Blissey|Blissey, F|70/100
|turn|49
|
|t:|1758918438
|move|p1a: Darkrai|Nasty Plot|p1a: Darkrai
|-boost|p1a: Darkrai|spa|2
|move|p2a: Blissey|Seismic Toss|p1a: Darkrai
|-damage|p1a: Darkrai|65/100
|
|upkeep
|turn|50
|
|t:|1758918448
|move|p1a: Darkrai|Nasty Plot|p1a: Darkrai
|-boost|p1a: Darkrai|spa|2
|move|p2a: Blissey|Soft-Boiled|p2a: Blissey
|-heal|p2a: Blissey|100/100
|
|upkeep
|turn|51
|
|t:|1758918462
|move|p1a: Darkrai|Dark Pulse|p2a: Blissey
|-damage|p2a: Blissey|64/100
|move|p2a: Blissey|Seismic Toss|p1a: Darkrai
|-damage|p1a: Darkrai|29/100
|
|upkeep
|turn|52
|
|t:|1758918471
|switch|p2a: Amoonguss|Amoonguss, F|55/100 brn
|move|p1a: Darkrai|Dark Pulse|p2a: Amoonguss
|-damage|p2a: Amoonguss|0 fnt
|faint|p2a: Amoonguss
|
|upkeep
|
|t:|1758918481
|switch|p2a: Blissey|Blissey, F|64/100
|turn|53
|
|t:|1758918486
|-terastallize|p1a: Darkrai|Fairy
|move|p1a: Darkrai|Tera Blast|p2a: Blissey|[anim] Tera Blast Fairy
|-damage|p2a: Blissey|23/100
|move|p2a: Blissey|Seismic Toss|p1a: Darkrai
|-damage|p1a: Darkrai|0 fnt
|faint|p1a: Darkrai
|
|upkeep
|c|☆Zenadark|gg
|c|☆Capidaxter|gg
|-message|Zenadark forfeited.
|
|win|Capidaxter
|l|☆Zenadark
|player|p1|
