|badge|p2|bronze|gen9ou|100-6
|html|<div class="broadcast-red"><strong>This battle is required to be public due to one or more player having a season medal.</strong><br />During the public phase, you can discuss the state of the ladder <a href="/seasondiscussion">in a special chatroom.</a></div>
|uhtml|medal-msg|<div class="broadcast-blue">Curious what those medals under the avatar are? PS now has Ladder Seasons! For more information, check out the <a href="https://www.smogon.com/forums/threads/3740067/">thread on Smogon.</a></div>
|j|☆luxgia
|j|☆Obito 2001
|t:|1759015042
|gametype|singles
|player|p1|luxgia|byron|1609
|player|p2|Obito 2001|blue-gen3two|1844
|gen|9
|tier|[Gen 9] OU
|rated|
|rule|HP Percentage Mod: HP is shown in percentages
|rule|Endless Battle Clause: Forcing endless battles is banned
|rule|Species Clause: Limit one of each Pokémon
|rule|OHKO Clause: OHKO moves are banned
|rule|Evasion Items Clause: Evasion items are banned
|rule|Evasion Moves Clause: Evasion moves are banned
|rule|Evasion Abilities Clause: Evasion abilities are banned
|rule|Sleep Moves Clause: Sleep-inducing moves are banned
|clearpoke
|poke|p1|Iron Crown|
|poke|p1|Samurott-Hisui, F|
|poke|p1|Zapdos|
|poke|p1|Dragapult, M|
|poke|p1|Great Tusk|
|poke|p1|Iron Boulder|
|poke|p2|Great Tusk|
|poke|p2|Iron Crown|
|poke|p2|Dragonite, F|
|poke|p2|Ursaluna, M|
|poke|p2|Amoonguss, F|
|poke|p2|Dragapult, M|
|teampreview
|inactive|Battle timer is ON: inactive players will automatically lose when time's up. (requested by Obito 2001)
|j| amefurikoneko
|
|t:|1759015056
|teamsize|p1|6
|teamsize|p2|6
|start
|switch|p1a: Everytime We Touch|Samurott-Hisui, F|100/100
|switch|p2a: Zanpakuto|Iron Crown|100/100
|turn|1
|
|t:|1759015063
|-end|p2a: Zanpakuto|Quark Drive|[silent]
|switch|p2a: Toxica|Amoonguss, F, shiny|100/100
|move|p1a: Everytime We Touch|Ceaseless Edge|p2a: Toxica
|-damage|p2a: Toxica|71/100
|-sidestart|p2: Obito 2001|Spikes
|
|upkeep
|turn|2
|
|t:|1759015067
|switch|p1a: Hurikan|Zapdos|100/100
|move|p2a: Toxica|Giga Drain|p1a: Hurikan
|-resisted|p1a: Hurikan
|-damage|p1a: Hurikan|89/100
|-heal|p2a: Toxica|76/100|[from] drain|[of] p1a: Hurikan
|
|upkeep
|turn|3
|
|t:|1759015071
|move|p1a: Hurikan|U-turn|p2a: Toxica
|-damage|p2a: Toxica|66/100
|
|t:|1759015074
|switch|p1a: Mindreader|Iron Crown|100/100|[from] U-turn
|move|p2a: Toxica|Toxic|p1a: Mindreader
|-immune|p1a: Mindreader
|
|upkeep
|turn|4
|
|t:|1759015078
|switch|p2a: Zanpakuto|Iron Crown|100/100
|-damage|p2a: Zanpakuto|88/100|[from] Spikes
|move|p1a: Mindreader|Volt Switch|p2a: Zanpakuto
|-damage|p2a: Zanpakuto|65/100
|
|t:|1759015081
|-end|p1a: Mindreader|Quark Drive|[silent]
|switch|p1a: Everytime We Touch|Samurott-Hisui, F|100/100|[from] Volt Switch
|
|upkeep
|turn|5
|
|t:|1759015084
|move|p1a: Everytime We Touch|Flip Turn|p2a: Zanpakuto
|-damage|p2a: Zanpakuto|37/100
|
|t:|1759015088
|switch|p1a: Mindreader|Iron Crown|100/100|[from] Flip Turn
|move|p2a: Zanpakuto|Focus Blast|p1a: Mindreader
|-damage|p1a: Mindreader|63/100
|
|upkeep
|turn|6
|
|t:|1759015093
|-end|p1a: Mindreader|Quark Drive|[silent]
|switch|p1a: Hurikan|Zapdos|89/100
|move|p2a: Zanpakuto|Volt Switch|p1a: Hurikan
|-damage|p1a: Hurikan|68/100
|
|t:|1759015097
|-end|p2a: Zanpakuto|Quark Drive|[silent]
|switch|p2a: Brock Lesnar|Ursaluna, M|100/100|[from] Volt Switch
|-damage|p2a: Brock Lesnar|88/100|[from] Spikes
|
|-status|p2a: Brock Lesnar|brn|[from] item: Flame Orb
|upkeep
|turn|7
|
|t:|1759015101
|move|p1a: Hurikan|Hurricane|p2a: Brock Lesnar
|-damage|p2a: Brock Lesnar|43/100 brn
|move|p2a: Brock Lesnar|Earthquake|p1a: Hurikan
|-immune|p1a: Hurikan
|
|-damage|p2a: Brock Lesnar|37/100 brn|[from] brn
|upkeep
|turn|8
|
|t:|1759015106
|move|p1a: Hurikan|Hurricane|p2a: Brock Lesnar|[miss]
|-miss|p1a: Hurikan|p2a: Brock Lesnar
|move|p2a: Brock Lesnar|Facade|p1a: Hurikan
|-damage|p1a: Hurikan|0 fnt
|faint|p1a: Hurikan
|
|-damage|p2a: Brock Lesnar|31/100 brn|[from] brn
|upkeep
|
|t:|1759015110
|switch|p1a: Everytime We Touch|Samurott-Hisui, F|100/100
|turn|9
|
|t:|1759015114
|switch|p2a: Toxica|Amoonguss, F, shiny|99/100
|move|p1a: Everytime We Touch|Flip Turn|p2a: Toxica
|-resisted|p2a: Toxica
|-damage|p2a: Toxica|89/100
|
|t:|1759015117
|switch|p1a: Mindreader|Iron Crown|63/100|[from] Flip Turn
|
|upkeep
|turn|10
|
|t:|1759015123
|move|p1a: Mindreader|Psyshock|p2a: Toxica
|-supereffective|p2a: Toxica
|-damage|p2a: Toxica|9/100
|move|p2a: Toxica|Toxic|p1a: Mindreader
|-immune|p1a: Mindreader
|
|upkeep
|turn|11
|
|t:|1759015126
|-end|p1a: Mindreader|Quark Drive|[silent]
|switch|p1a: Everytime We Touch|Samurott-Hisui, F|100/100
|switch|p2a: Brock Lesnar|Ursaluna, M|31/100 brn
|-damage|p2a: Brock Lesnar|18/100 brn|[from] Spikes
|
|-damage|p2a: Brock Lesnar|12/100 brn|[from] brn
|upkeep
|turn|12
|
|t:|1759015129
|move|p1a: Everytime We Touch|Flip Turn|p2a: Brock Lesnar
|-supereffective|p2a: Brock Lesnar
|-damage|p2a: Brock Lesnar|0 fnt
|faint|p2a: Brock Lesnar
|
|t:|1759015131
|switch|p1a: Parasite|Dragapult, M|100/100|[from] Flip Turn
|
|upkeep
|
|t:|1759015139
|switch|p2a: Toxica|Amoonguss, F, shiny|42/100
|turn|13
|
|t:|1759015143
|move|p1a: Parasite|U-turn|p2a: Toxica
|-damage|p2a: Toxica|18/100
|
|t:|1759015146
|switch|p1a: Mindreader|Iron Crown|63/100|[from] U-turn
|move|p2a: Toxica|Foul Play|p1a: Mindreader
|-supereffective|p1a: Mindreader
|-damage|p1a: Mindreader|34/100
|
|upkeep
|turn|14
|
|t:|1759015149
|move|p1a: Mindreader|Psyshock|p2a: Toxica
|-supereffective|p2a: Toxica
|-damage|p2a: Toxica|0 fnt
|faint|p2a: Toxica
|
|upkeep
|
|t:|1759015157
|switch|p2a: DraGhost|Dragapult, M|100/100
|-damage|p2a: DraGhost|88/100|[from] Spikes
|turn|15
|
|t:|1759015161
|-end|p1a: Mindreader|Quark Drive|[silent]
|switch|p1a: Everytime We Touch|Samurott-Hisui, F|100/100
|move|p2a: DraGhost|Reflect|p2a: DraGhost
|-sidestart|p2: Obito 2001|Reflect
|
|upkeep
|turn|16
|
|t:|1759015164
|move|p1a: Everytime We Touch|Ceaseless Edge|p2a: DraGhost
|-supereffective|p2a: DraGhost
|-damage|p2a: DraGhost|40/100
|-start|p1a: Everytime We Touch|Disable|Ceaseless Edge|[from] ability: Cursed Body|[of] p2a: DraGhost
|-sidestart|p2: Obito 2001|Spikes
|move|p2a: DraGhost|Light Screen|p2a: DraGhost
|-sidestart|p2: Obito 2001|move: Light Screen
|
|upkeep
|turn|17
|
|t:|1759015176
|switch|p1a: Parasite|Dragapult, M|100/100
|move|p2a: DraGhost|Dragon Darts|p1a: Parasite
|-supereffective|p1a: Parasite
|-damage|p1a: Parasite|47/100
|-anim|p2a: DraGhost|Dragon Darts|p1a: Parasite
|-supereffective|p1a: Parasite
|-damage|p1a: Parasite|0 fnt
|faint|p1a: Parasite
|
|upkeep
|
|t:|1759015182
|switch|p1a: Everytime We Touch|Samurott-Hisui, F|100/100
|turn|18
|
|t:|1759015186
|switch|p2a: Mega Donphan|Great Tusk|100/100
|move|p1a: Everytime We Touch|Ceaseless Edge|p2a: Mega Donphan
|-resisted|p2a: Mega Donphan
|-damage|p2a: Mega Donphan|93/100
|-sidestart|p2: Obito 2001|Spikes
|
|upkeep
|turn|19
|
|t:|1759015195
|switch|p1a: Mindreader|Iron Crown|34/100
|move|p2a: Mega Donphan|Rapid Spin|p1a: Mindreader
|-resisted|p1a: Mindreader
|-damage|p1a: Mindreader|25/100
|-boost|p2a: Mega Donphan|spe|1
|-sideend|p2: Obito 2001|Spikes|[from] move: Rapid Spin|[of] p2a: Mega Donphan
|
|upkeep
|turn|20
|
|t:|1759015200
|move|p2a: Mega Donphan|Headlong Rush|p1a: Mindreader
|-supereffective|p1a: Mindreader
|-damage|p1a: Mindreader|0 fnt
|-unboost|p2a: Mega Donphan|def|1
|-unboost|p2a: Mega Donphan|spd|1
|faint|p1a: Mindreader
|-end|p1a: Mindreader|Quark Drive|[silent]
|
|upkeep
|
|t:|1759015207
|switch|p1a: Everytime We Touch|Samurott-Hisui, F|100/100
|turn|21
|
|t:|1759015213
|move|p2a: Mega Donphan|Headlong Rush|p1a: Everytime We Touch
|-damage|p1a: Everytime We Touch|15/100
|-unboost|p2a: Mega Donphan|def|1
|-unboost|p2a: Mega Donphan|spd|1
|move|p1a: Everytime We Touch|Razor Shell|p2a: Mega Donphan
|-supereffective|p2a: Mega Donphan
|-damage|p2a: Mega Donphan|13/100
|-unboost|p2a: Mega Donphan|def|1
|
|upkeep
|turn|22
|
|t:|1759015220
|move|p2a: Mega Donphan|Headlong Rush|p1a: Everytime We Touch
|-damage|p1a: Everytime We Touch|0 fnt
|-unboost|p2a: Mega Donphan|def|1
|-unboost|p2a: Mega Donphan|spd|1
|faint|p1a: Everytime We Touch
|
|-sideend|p2: Obito 2001|Reflect
|upkeep
|
|t:|1759015223
|switch|p1a: Revery|Iron Boulder|100/100
|-enditem|p1a: Revery|Booster Energy
|-activate|p1a: Revery|ability: Quark Drive|[fromitem]
|-start|p1a: Revery|quarkdrivespe
|turn|23
|
|t:|1759015231
|move|p1a: Revery|Mighty Cleave|p2a: Mega Donphan
|-resisted|p2a: Mega Donphan
|-damage|p2a: Mega Donphan|0 fnt
|faint|p2a: Mega Donphan
|-end|p2a: Mega Donphan|Protosynthesis|[silent]
|
|-sideend|p2: Obito 2001|move: Light Screen
|upkeep
|
|t:|1759015235
|switch|p2a: Zanpakuto|Iron Crown|37/100
|turn|24
|
|t:|1759015239
|move|p1a: Revery|Close Combat|p2a: Zanpakuto
|-damage|p2a: Zanpakuto|0 fnt
|-unboost|p1a: Revery|def|1
|-unboost|p1a: Revery|spd|1
|faint|p2a: Zanpakuto
|-end|p2a: Zanpakuto|Quark Drive|[silent]
|
|upkeep
|
|t:|1759015246
|switch|p2a: OG👑|Dragonite, F|100/100
|turn|25
|
|t:|1759015270
|switch|p2a: DraGhost|Dragapult, M|40/100
|move|p1a: Revery|Zen Headbutt|p2a: DraGhost
|-damage|p2a: DraGhost|0 fnt
|faint|p2a: DraGhost
|
|upkeep
|
|t:|1759015276
|switch|p2a: OG👑|Dragonite, F|100/100
|turn|26
|
|t:|1759015280
|move|p1a: Revery|Mighty Cleave|p2a: OG👑
|-supereffective|p2a: OG👑
|-damage|p2a: OG👑|52/100
|move|p2a: OG👑|Earthquake|p1a: Revery
|-supereffective|p1a: Revery
|-damage|p1a: Revery|0 fnt
|faint|p1a: Revery
|-end|p1a: Revery|Quark Drive|[silent]
|
|-heal|p2a: OG👑|58/100|[from] item: Leftovers
|upkeep
|
|t:|1759015283
|switch|p1a: Pump It|Great Tusk|100/100
|turn|27
|
|t:|1759015287
|-terastallize|p2a: OG👑|Flying
|move|p1a: Pump It|Rapid Spin|p2a: OG👑
|-damage|p2a: OG👑|40/100
|-boost|p1a: Pump It|spe|1
|move|p2a: OG👑|Tera Blast|p1a: Pump It|[anim] Tera Blast Flying
|-supereffective|p1a: Pump It
|-damage|p1a: Pump It|3/100
|
|-heal|p2a: OG👑|46/100|[from] item: Leftovers
|upkeep
|turn|28
|
|t:|1759015292
|move|p1a: Pump It|Ice Spinner|p2a: OG👑
|-supereffective|p2a: OG👑
|-damage|p2a: OG👑|0 fnt
|faint|p2a: OG👑
|
|win|luxgia
|raw|luxgia's rating: 1609 &rarr; <strong>1641</strong><br />(+32 for winning)
|raw|Obito 2001's rating: 1844 &rarr; <strong>1812</strong><br />(-32 for losing)
|l|☆Obito 2001
|player|p2|
|j| larp legion
|l| larp legion
|l| amefurikoneko
