|j|☆jmaze21
|j|☆vonia
|t:|1758947533
|gametype|singles
|player|p1|jmaze21|265|1269
|player|p2|vonia|101|1322
|gen|9
|tier|[Gen 9] OU
|rated|
|rule|HP Percentage Mod: HP is shown in percentages
|rule|Endless Battle Clause: Forcing endless battles is banned
|rule|Species Clause: Limit one of each Pokémon
|rule|OHKO Clause: OHKO moves are banned
|rule|Evasion Items Clause: Evasion items are banned
|rule|Evasion Moves Clause: Evasion moves are banned
|rule|Evasion Abilities Clause: Evasion abilities are banned
|rule|Sleep Moves Clause: Sleep-inducing moves are banned
|clearpoke
|poke|p1|Weezing-Galar, M|
|poke|p1|Latios, M|
|poke|p1|Iron Crown|
|poke|p1|Great Tusk|
|poke|p1|Samurott-Hisui, M|
|poke|p1|Scizor, F|
|poke|p2|Gyarados, M|
|poke|p2|Incineroar, M|
|poke|p2|Corviknight, M|
|poke|p2|Umbreon, M|
|poke|p2|Clodsire, M|
|poke|p2|Hatterene, F|
|teampreview
|inactive|Battle timer is ON: inactive players will automatically lose when time's up. (requested by vonia)
|
|t:|1758947558
|teamsize|p1|6
|teamsize|p2|6
|start
|switch|p1a: Iron Crown|Iron Crown|100/100
|switch|p2a: Incineroar|Incineroar, M|100/100
|-ability|p2a: Incineroar|Intimidate|boost
|-unboost|p1a: Iron Crown|atk|1
|turn|1
|
|t:|1758947566
|move|p1a: Iron Crown|Volt Switch|p2a: Incineroar
|-damage|p2a: Incineroar|78/100
|
|t:|1758947575
|-end|p1a: Iron Crown|Quark Drive|[silent]
|switch|p1a: Great Tusk|Great Tusk|100/100|[from] Volt Switch
|-enditem|p1a: Great Tusk|Booster Energy
|-activate|p1a: Great Tusk|ability: Protosynthesis|[fromitem]
|-start|p1a: Great Tusk|protosynthesisatk
|move|p2a: Incineroar|Will-O-Wisp|p1a: Great Tusk
|-status|p1a: Great Tusk|brn
|
|-damage|p1a: Great Tusk|94/100 brn|[from] brn
|upkeep
|turn|2
|
|t:|1758947586
|switch|p2a: Hatterene|Hatterene, F, shiny|100/100
|move|p1a: Great Tusk|Knock Off|p2a: Hatterene
|-damage|p2a: Hatterene|76/100
|-enditem|p2a: Hatterene|Leftovers|[from] move: Knock Off|[of] p1a: Great Tusk
|
|-damage|p1a: Great Tusk|88/100 brn|[from] brn
|upkeep
|turn|3
|
|t:|1758947600
|-end|p1a: Great Tusk|Protosynthesis|[silent]
|switch|p1a: Iron Crown|Iron Crown|100/100
|move|p2a: Hatterene|Draining Kiss|p1a: Iron Crown
|-resisted|p1a: Iron Crown
|-damage|p1a: Iron Crown|94/100
|-heal|p2a: Hatterene|82/100|[from] drain|[of] p1a: Iron Crown
|
|upkeep
|turn|4
|
|t:|1758947612
|switch|p2a: Clodsire|Clodsire, M, shiny|100/100
|move|p1a: Iron Crown|Tachyon Cutter|p2a: Clodsire
|-damage|p2a: Clodsire|88/100
|-damage|p2a: Clodsire|75/100
|-hitcount|p2a: Clodsire|2
|
|-heal|p2a: Clodsire|81/100|[from] item: Leftovers
|upkeep
|turn|5
|
|t:|1758947629
|-end|p1a: Iron Crown|Quark Drive|[silent]
|switch|p1a: Weezing|Weezing-Galar, M|100/100
|-ability|p1a: Weezing|Neutralizing Gas
|move|p2a: Clodsire|Earthquake|p1a: Weezing
|-supereffective|p1a: Weezing
|-damage|p1a: Weezing|62/100
|
|-heal|p1a: Weezing|68/100|[from] item: Leftovers
|-heal|p2a: Clodsire|87/100|[from] item: Leftovers
|upkeep
|turn|6
|
|t:|1758947639
|switch|p2a: Incineroar|Incineroar, M|78/100
|move|p1a: Weezing|Will-O-Wisp|p2a: Incineroar
|-immune|p2a: Incineroar
|
|-heal|p1a: Weezing|74/100|[from] item: Leftovers
|upkeep
|turn|7
|
|t:|1758947648
|move|p2a: Incineroar|Knock Off|p1a: Weezing
|-resisted|p1a: Weezing
|-damage|p1a: Weezing|61/100
|-enditem|p1a: Weezing|Leftovers|[from] move: Knock Off|[of] p2a: Incineroar
|move|p1a: Weezing|Strange Steam|p2a: Incineroar
|-damage|p2a: Incineroar|51/100
|
|upkeep
|turn|8
|
|t:|1758947659
|switch|p2a: Clodsire|Clodsire, M, shiny|87/100
|-end|p1a: Weezing|ability: Neutralizing Gas
|switch|p1a: Great Tusk|Great Tusk|88/100 brn
|
|-heal|p2a: Clodsire|93/100|[from] item: Leftovers
|-damage|p1a: Great Tusk|82/100 brn|[from] brn
|upkeep
|turn|9
|
|t:|1758947669
|switch|p2a: Hatterene|Hatterene, F, shiny|82/100
|move|p1a: Great Tusk|Headlong Rush|p2a: Hatterene
|-damage|p2a: Hatterene|45/100
|-unboost|p1a: Great Tusk|def|1
|-unboost|p1a: Great Tusk|spd|1
|
|-damage|p1a: Great Tusk|76/100 brn|[from] brn
|upkeep
|turn|10
|
|t:|1758947680
|-end|p1a: Great Tusk|Protosynthesis|[silent]
|switch|p1a: Weezing|Weezing-Galar, M|61/100
|-ability|p1a: Weezing|Neutralizing Gas
|move|p2a: Hatterene|Draining Kiss|p1a: Weezing
|-resisted|p1a: Weezing
|-damage|p1a: Weezing|47/100
|-heal|p2a: Hatterene|56/100|[from] drain|[of] p1a: Weezing
|
|upkeep
|turn|11
|
|t:|1758947701
|-end|p1a: Weezing|ability: Neutralizing Gas
|switch|p1a: Iron Crown|Iron Crown|94/100
|switch|p2a: Umbreon|Umbreon, M, shiny|100/100
|
|upkeep
|turn|12
|
|t:|1758947710
|move|p1a: Iron Crown|Volt Switch|p2a: Umbreon
|-damage|p2a: Umbreon|84/100
|
|t:|1758947718
|-end|p1a: Iron Crown|Quark Drive|[silent]
|switch|p1a: Samurott|Samurott-Hisui, M|100/100|[from] Volt Switch
|move|p2a: Umbreon|Wish|p2a: Umbreon
|
|-heal|p2a: Umbreon|90/100|[from] item: Leftovers
|upkeep
|turn|13
|
|t:|1758947726
|move|p1a: Samurott|Encore|p2a: Umbreon
|-start|p2a: Umbreon|Encore
|move|p2a: Umbreon|Wish||[still]
|-fail|p2a: Umbreon
|
|-heal|p2a: Umbreon|100/100|[from] move: Wish|[wisher] Umbreon
|upkeep
|turn|14
|
|t:|1758947733
|switch|p1a: Scizor|Scizor, F|100/100
|move|p2a: Umbreon|Wish|p2a: Umbreon
|
|upkeep
|turn|15
|
|t:|1758947739
|switch|p2a: Incineroar|Incineroar, M|51/100
|-ability|p2a: Incineroar|Intimidate|boost
|-unboost|p1a: Scizor|atk|1
|move|p1a: Scizor|Close Combat|p2a: Incineroar
|-supereffective|p2a: Incineroar
|-damage|p2a: Incineroar|0 fnt
|-unboost|p1a: Scizor|def|1
|-unboost|p1a: Scizor|spd|1
|faint|p2a: Incineroar
|
|upkeep
|l|☆vonia
|inactive|vonia disconnected and has a minute to reconnect!
|player|p2|
|inactive|vonia has 30 seconds to reconnect!
|inactive|vonia has 20 seconds to reconnect!
|inactive|vonia has 15 seconds to reconnect!
|inactive|vonia has 10 seconds to reconnect!
|inactive|vonia has 5 seconds to reconnect!
|-message|vonia lost due to inactivity.
|
|win|jmaze21
|raw|jmaze21's rating: 1269 &rarr; <strong>1298</strong><br />(+29 for winning)
|raw|vonia's rating: 1322 &rarr; <strong>1299</strong><br />(-23 for losing)
|l|☆jmaze21
|player|p1|
