|j|☆RenTez
|j|☆n0lda
|t:|1758958344
|gametype|singles
|player|p1|RenTez|iris-gen5bw2|1046
|player|p2|n0lda|169|1056
|gen|9
|tier|[Gen 9] OU
|rated|
|rule|HP Percentage Mod: HP is shown in percentages
|rule|Endless Battle Clause: Forcing endless battles is banned
|rule|Species Clause: Limit one of each Pokémon
|rule|OHKO Clause: OHKO moves are banned
|rule|Evasion Items Clause: Evasion items are banned
|rule|Evasion Moves Clause: Evasion moves are banned
|rule|Evasion Abilities Clause: Evasion abilities are banned
|rule|Sleep Moves Clause: Sleep-inducing moves are banned
|clearpoke
|poke|p1|Pikachu-World, M|
|poke|p1|Cinderace, M|
|poke|p1|Mew|
|poke|p1|Dragonite, F|
|poke|p1|Ogerpon-Wellspring, F|
|poke|p1|Emboar, F|
|poke|p2|Muk-Alola, M|
|poke|p2|Zoroark-Hisui, F|
|poke|p2|Zapdos-Galar|
|poke|p2|Iron Treads|
|poke|p2|Ribombee, M|
|poke|p2|Vaporeon, M|
|teampreview
|
|t:|1758958370
|teamsize|p1|6
|teamsize|p2|6
|start
|switch|p1a: Mew|Mew|100/100
|switch|p2a: Ribombee|Ribombee, M|100/100
|turn|1
|
|t:|1758958383
|move|p2a: Ribombee|Bitter Malice|p1a: Mew
|-supereffective|p1a: Mew
|-damage|p1a: Mew|11/100
|-unboost|p1a: Mew|atk|1
|move|p1a: Mew|Thunder|p2a: Ribombee
|-damage|p2a: Ribombee|48/100
|replace|p2a: Zoroark|Zoroark-Hisui, F, shiny
|-end|p2a: Zoroark|Illusion
|
|-heal|p1a: Mew|17/100|[from] item: Leftovers
|upkeep
|turn|2
|
|t:|1758958399
|move|p2a: Zoroark|Bitter Malice|p1a: Mew
|-supereffective|p1a: Mew
|-damage|p1a: Mew|0 fnt
|faint|p1a: Mew
|
|upkeep
|
|t:|1758958406
|switch|p1a: Dragonite|Dragonite, F|100/100
|turn|3
|
|t:|1758958413
|switch|p2a: Vaporeon|Vaporeon, M|100/100
|-terastallize|p1a: Dragonite|Dragon
|move|p1a: Dragonite|Draco Meteor|p2a: Vaporeon
|-damage|p2a: Vaporeon|30/100
|-unboost|p1a: Dragonite|spa|2
|
|-heal|p2a: Vaporeon|36/100|[from] item: Leftovers
|upkeep
|turn|4
|
|t:|1758958430
|switch|p2a: Muk|Muk-Alola, M|100/100
|move|p1a: Dragonite|Draco Meteor|p2a: Muk
|-damage|p2a: Muk|72/100
|-unboost|p1a: Dragonite|spa|2
|
|upkeep
|turn|5
|
|t:|1758958439
|move|p1a: Dragonite|Draco Meteor|p2a: Muk
|-damage|p2a: Muk|54/100
|-unboost|p1a: Dragonite|spa|2
|move|p2a: Muk|Curse|p2a: Muk
|-unboost|p2a: Muk|spe|1
|-boost|p2a: Muk|atk|1
|-boost|p2a: Muk|def|1
|
|upkeep
|turn|6
|
|t:|1758958454
|move|p1a: Dragonite|Draco Meteor|p2a: Muk
|-damage|p2a: Muk|39/100
|-enditem|p2a: Muk|Aguav Berry|[eat]
|-heal|p2a: Muk|72/100|[from] item: Aguav Berry
|move|p2a: Muk|Poison Jab|p1a: Dragonite
|-damage|p1a: Dragonite|62/100
|-status|p1a: Dragonite|psn
|
|-damage|p1a: Dragonite|50/100 psn|[from] psn
|upkeep
|turn|7
|
|t:|1758958468
|switch|p1a: Pikachu|Pikachu-World, M|100/100
|move|p2a: Muk|Knock Off|p1a: Pikachu
|-damage|p1a: Pikachu|0 fnt
|-enditem|p1a: Pikachu|Light Ball|[from] move: Knock Off|[of] p2a: Muk
|faint|p1a: Pikachu
|
|upkeep
|
|t:|1758958478
|switch|p1a: Ogerpon|Ogerpon-Wellspring, F|100/100
|turn|8
|
|t:|1758958495
|move|p1a: Ogerpon|Ivy Cudgel|p2a: Muk|[anim] Ivy Cudgel Water
|-damage|p2a: Muk|35/100
|move|p2a: Muk|Poison Jab|p1a: Ogerpon
|-supereffective|p1a: Ogerpon
|-damage|p1a: Ogerpon|15/100
|-status|p1a: Ogerpon|psn
|
|-damage|p1a: Ogerpon|2/100 psn|[from] psn
|upkeep
|turn|9
|inactive|Battle timer is ON: inactive players will automatically lose when time's up. (requested by RenTez)
|
|t:|1758958515
|switch|p2a: Zapdos|Zapdos-Galar|100/100
|move|p1a: Ogerpon|Ivy Cudgel|p2a: Zapdos|[anim] Ivy Cudgel Water
|-damage|p2a: Zapdos|37/100
|
|-damage|p1a: Ogerpon|0 fnt|[from] psn
|faint|p1a: Ogerpon
|upkeep
|
|t:|1758958524
|switch|p1a: Cinderace|Cinderace, M|100/100
|turn|10
|
|t:|1758958549
|switch|p2a: Ribombee|Ribombee, M|48/100
|move|p1a: Cinderace|Pyro Ball|p2a: Ribombee
|-damage|p2a: Ribombee|0 fnt
|replace|p2a: Zoroark|Zoroark-Hisui, F, shiny
|-end|p2a: Zoroark|Illusion
|faint|p2a: Zoroark
|
|upkeep
|
|t:|1758958561
|switch|p2a: Vaporeon|Vaporeon, M|36/100
|turn|11
|
|t:|1758958568
|switch|p1a: Dragonite|Dragonite, F, tera:Dragon|50/100 psn
|move|p2a: Vaporeon|Scald|p1a: Dragonite
|-resisted|p1a: Dragonite
|-damage|p1a: Dragonite|38/100 psn
|
|-heal|p2a: Vaporeon|42/100|[from] item: Leftovers
|-damage|p1a: Dragonite|26/100 psn|[from] psn
|upkeep
|turn|12
|
|t:|1758958579
|switch|p2a: Ribombee|Ribombee, M|100/100
|move|p1a: Dragonite|Thunder|p2a: Ribombee|[miss]
|-miss|p1a: Dragonite|p2a: Ribombee
|
|-damage|p1a: Dragonite|13/100 psn|[from] psn
|upkeep
|turn|13
|
|t:|1758958593
|move|p2a: Ribombee|Sticky Web|p1a: Dragonite
|-sidestart|p1: RenTez|move: Sticky Web
|move|p1a: Dragonite|Thunder|p2a: Ribombee|[miss]
|-miss|p1a: Dragonite|p2a: Ribombee
|
|-damage|p1a: Dragonite|1/100 psn|[from] psn
|upkeep
|turn|14
|-message|RenTez forfeited.
|
|win|n0lda
|raw|RenTez's rating: 1046 &rarr; <strong>1030</strong><br />(-16 for losing)
|raw|n0lda's rating: 1056 &rarr; <strong>1087</strong><br />(+31 for winning)
|l|☆RenTez
|player|p1|
