|j|☆Cadne1208
|j|‽zaywillaa
|t:|1758991569
|gametype|singles
|player|p1|Cadne1208|riley|1066
|player|p2|zaywillaa|102|1067
|gen|9
|tier|[Gen 9] OU
|rated|
|rule|HP Percentage Mod: HP is shown in percentages
|rule|Endless Battle Clause: Forcing endless battles is banned
|rule|Species Clause: Limit one of each Pokémon
|rule|OHKO Clause: OHKO moves are banned
|rule|Evasion Items Clause: Evasion items are banned
|rule|Evasion Moves Clause: Evasion moves are banned
|rule|Evasion Abilities Clause: Evasion abilities are banned
|rule|Sleep Moves Clause: Sleep-inducing moves are banned
|clearpoke
|poke|p1|Ursaluna, F|
|poke|p1|Deoxys-Defense|
|poke|p1|Lycanroc-Dusk, F|
|poke|p1|Moltres-Galar|
|poke|p1|Dondozo, F|
|poke|p1|Mamoswine, F|
|poke|p2|Enamorus, F|
|poke|p2|Metagross|
|poke|p2|Volcanion|
|poke|p2|Primarina, M|
|poke|p2|Garganacl, F|
|poke|p2|Deoxys-Speed|
|teampreview
|inactive|Battle timer is ON: inactive players will automatically lose when time's up. (requested by zaywillaa)
|
|t:|1758991574
|teamsize|p1|6
|teamsize|p2|6
|start
|switch|p1a: Deoxys|Deoxys-Defense|100/100
|switch|p2a: Metagross|Metagross|100/100
|-ability|p1a: Deoxys|Pressure
|turn|1
|
|t:|1758991584
|-terastallize|p2a: Metagross|Normal
|move|p2a: Metagross|Explosion|p1a: Deoxys
|-damage|p1a: Deoxys|0 fnt
|faint|p2a: Metagross
|faint|p1a: Deoxys
|
|upkeep
|
|t:|1758991600
|switch|p1a: Mamoswine|Mamoswine, F|100/100
|switch|p2a: Deoxys|Deoxys-Speed|100/100
|-ability|p2a: Deoxys|Pressure
|turn|2
|
|t:|1758991610
|move|p2a: Deoxys|Stealth Rock|p1a: Mamoswine
|-sidestart|p1: Cadne1208|move: Stealth Rock
|move|p1a: Mamoswine|Rock Blast|p2a: Deoxys
|-damage|p2a: Deoxys|84/100
|-damage|p2a: Deoxys|67/100
|-damage|p2a: Deoxys|51/100
|-hitcount|p2a: Deoxys|3
|
|upkeep
|turn|3
|
|t:|1758991620
|switch|p1a: Ursaluna|Ursaluna, F|100/100
|-damage|p1a: Ursaluna|94/100|[from] Stealth Rock
|move|p2a: Deoxys|Spikes|p1a: Ursaluna
|-sidestart|p1: Cadne1208|Spikes
|
|-status|p1a: Ursaluna|brn|[from] item: Flame Orb
|upkeep
|turn|4
|
|t:|1758991630
|move|p2a: Deoxys|Spikes|p1a: Ursaluna
|-sidestart|p1: Cadne1208|Spikes
|move|p1a: Ursaluna|Substitute|p1a: Ursaluna
|-start|p1a: Ursaluna|Substitute
|-damage|p1a: Ursaluna|70/100 brn
|
|-damage|p1a: Ursaluna|64/100 brn|[from] brn
|upkeep
|turn|5
|
|t:|1758991638
|-singleturn|p1a: Ursaluna|move: Focus Punch
|move|p2a: Deoxys|Spikes|p1a: Ursaluna
|-sidestart|p1: Cadne1208|Spikes
|move|p1a: Ursaluna|Focus Punch|p2a: Deoxys
|-resisted|p2a: Deoxys
|-damage|p2a: Deoxys|0 fnt
|faint|p2a: Deoxys
|
|-damage|p1a: Ursaluna|58/100 brn|[from] brn
|upkeep
|
|t:|1758991648
|switch|p2a: Garganacl|Garganacl, F|100/100
|turn|6
|
|t:|1758991652
|-singleturn|p1a: Ursaluna|move: Focus Punch
|move|p2a: Garganacl|Salt Cure|p1a: Ursaluna
|-resisted|p1a: Ursaluna
|-activate|p1a: Ursaluna|move: Substitute|[damage]
|move|p1a: Ursaluna|Focus Punch|p2a: Garganacl
|-supereffective|p2a: Garganacl
|-damage|p2a: Garganacl|2/100
|
|-heal|p2a: Garganacl|9/100|[from] item: Leftovers
|-damage|p1a: Ursaluna|51/100 brn|[from] brn
|upkeep
|turn|7
|
|t:|1758991665
|move|p1a: Ursaluna|Earthquake|p2a: Garganacl
|-supereffective|p2a: Garganacl
|-damage|p2a: Garganacl|0 fnt
|faint|p2a: Garganacl
|
|-damage|p1a: Ursaluna|45/100 brn|[from] brn
|upkeep
|
|t:|1758991668
|switch|p2a: Primarina|Primarina, M|100/100
|turn|8
|
|t:|1758991675
|move|p2a: Primarina|Misty Explosion|p1a: Ursaluna
|-end|p1a: Ursaluna|Substitute
|faint|p2a: Primarina
|move|p1a: Ursaluna|Supercell Slam|p2: Primarina|[notarget]
|-fail|p1a: Ursaluna
|
|-damage|p1a: Ursaluna|39/100 brn|[from] brn
|upkeep
|
|t:|1758991678
|switch|p2a: Volcanion|Volcanion|100/100
|turn|9
|
|t:|1758991687
|move|p2a: Volcanion|Explosion|p1a: Ursaluna
|-crit|p1a: Ursaluna
|-damage|p1a: Ursaluna|0 fnt
|faint|p2a: Volcanion
|faint|p1a: Ursaluna
|
|upkeep
|
|t:|1758991694
|switch|p2a: Enamorus|Enamorus, F|100/100
|switch|p1a: Lycanroc|Lycanroc-Dusk, F|100/100
|-damage|p1a: Lycanroc|88/100|[from] Stealth Rock
|-damage|p1a: Lycanroc|63/100|[from] Spikes
|turn|10
|
|t:|1758991702
|-terastallize|p1a: Lycanroc|Rock
|move|p1a: Lycanroc|Accelerock|p2a: Enamorus
|-supereffective|p2a: Enamorus
|-damage|p2a: Enamorus|0 fnt
|faint|p2a: Enamorus
|-damage|p1a: Lycanroc|53/100|[from] item: Life Orb
|
|win|Cadne1208
|raw|Cadne1208's rating: 1066 &rarr; <strong>1096</strong><br />(+30 for winning)
|raw|zaywillaa's rating: 1067 &rarr; <strong>1047</strong><br />(-20 for losing)
|l|‽zaywillaa
|player|p2|
