|j|☆bbbnnnbbb
|j|☆Mridhu
|t:|1759043667
|gametype|singles
|player|p1|bbbnnnbbb|170|1050
|player|p2|Mridhu|102|1001
|gen|9
|tier|[Gen 9] OU
|rated|
|rule|HP Percentage Mod: HP is shown in percentages
|rule|Endless Battle Clause: Forcing endless battles is banned
|rule|Species Clause: Limit one of each Pokémon
|rule|OHKO Clause: OHKO moves are banned
|rule|Evasion Items Clause: Evasion items are banned
|rule|Evasion Moves Clause: Evasion moves are banned
|rule|Evasion Abilities Clause: Evasion abilities are banned
|rule|Sleep Moves Clause: Sleep-inducing moves are banned
|clearpoke
|poke|p1|Incineroar, F|
|poke|p1|Slowbro, F|
|poke|p1|Fezandipiti, M|
|poke|p1|Talonflame, F|
|poke|p1|Gallade, M|
|poke|p1|Sandy Shocks|
|poke|p2|Slowking-Galar, F|
|poke|p2|Iron Moth|
|poke|p2|Dondozo, F|
|poke|p2|Kingambit, F|
|poke|p2|Corviknight, F|
|poke|p2|Smeargle, F|
|teampreview
|
|t:|1759043684
|teamsize|p1|6
|teamsize|p2|6
|start
|switch|p1a: Sandy Shocks|Sandy Shocks|100/100
|switch|p2a: Smeargle|Smeargle, F|100/100
|-item|p1a: Sandy Shocks|Air Balloon
|turn|1
|
|t:|1759043688
|move|p1a: Sandy Shocks|Volt Switch|p2a: Smeargle
|-damage|p2a: Smeargle|12/100
|
|t:|1759043696
|-end|p1a: Sandy Shocks|Protosynthesis|[silent]
|switch|p1a: Slowbro|Slowbro, F|100/100|[from] Volt Switch
|move|p2a: Smeargle|Trick Room|p2a: Smeargle
|-fieldstart|move: Trick Room|[of] p2a: Smeargle
|
|upkeep
|turn|2
|
|t:|1759043744
|move|p1a: Slowbro|Scald|p2a: Smeargle
|-damage|p2a: Smeargle|0 fnt
|faint|p2a: Smeargle
|
|upkeep
|
|t:|1759043750
|switch|p2a: Kingambit|Kingambit, F|100/100
|turn|3
|
|t:|1759043754
|-terastallize|p1a: Slowbro|Fighting
|move|p1a: Slowbro|Body Press|p2a: Kingambit
|-supereffective|p2a: Kingambit
|-damage|p2a: Kingambit|0 fnt
|faint|p2a: Kingambit
|
|upkeep
|
|t:|1759043759
|switch|p2a: Corviknight|Corviknight, F|100/100
|-ability|p2a: Corviknight|Pressure
|turn|4
|
|t:|1759043763
|move|p1a: Slowbro|Body Press|p2a: Corviknight
|-damage|p2a: Corviknight|68/100
|move|p2a: Corviknight|Brave Bird|p1a: Slowbro
|-supereffective|p1a: Slowbro
|-damage|p1a: Slowbro|45/100
|-damage|p2a: Corviknight|48/100|[from] Recoil
|
|upkeep
|turn|5
|
|t:|1759043770
|move|p1a: Slowbro|Protect|p1a: Slowbro
|-singleturn|p1a: Slowbro|Protect
|move|p2a: Corviknight|Brave Bird|p1a: Slowbro
|-activate|p1a: Slowbro|move: Protect
|
|-fieldend|move: Trick Room
|upkeep
|turn|6
|
|t:|1759043774
|switch|p1a: Sandy Shocks|Sandy Shocks|100/100
|-item|p1a: Sandy Shocks|Air Balloon
|move|p2a: Corviknight|Flash Cannon|p1a: Sandy Shocks
|-resisted|p1a: Sandy Shocks
|-damage|p1a: Sandy Shocks|89/100
|-enditem|p1a: Sandy Shocks|Air Balloon
|
|upkeep
|turn|7
|
|t:|1759043779
|switch|p2a: Slowking|Slowking-Galar, F|100/100
|move|p1a: Sandy Shocks|Volt Switch|p2a: Slowking
|-damage|p2a: Slowking|75/100
|
|t:|1759043784
|-end|p1a: Sandy Shocks|Protosynthesis|[silent]
|switch|p1a: Incineroar|Incineroar, F|100/100|[from] Volt Switch
|-ability|p1a: Incineroar|Intimidate|boost
|-unboost|p2a: Slowking|atk|1
|
|upkeep
|turn|8
|
|t:|1759043791
|move|p1a: Incineroar|Earthquake|p2a: Slowking
|-supereffective|p2a: Slowking
|-damage|p2a: Slowking|0 fnt
|faint|p2a: Slowking
|
|upkeep
|
|t:|1759043794
|switch|p2a: Iron Moth|Iron Moth|100/100
|turn|9
|
|t:|1759043798
|move|p2a: Iron Moth|Toxic Spikes|p1a: Incineroar
|-sidestart|p1: bbbnnnbbb|move: Toxic Spikes
|move|p1a: Incineroar|Earthquake|p2a: Iron Moth
|-supereffective|p2a: Iron Moth
|-damage|p2a: Iron Moth|0 fnt
|faint|p2a: Iron Moth
|-end|p2a: Iron Moth|Quark Drive|[silent]
|
|upkeep
|
|t:|1759043800
|switch|p2a: Dondozo|Dondozo, F|100/100
|turn|10
|
|t:|1759043810
|-terastallize|p2a: Dondozo|Water
|move|p1a: Incineroar|Earthquake|p2a: Dondozo
|-damage|p2a: Dondozo|72/100
|move|p2a: Dondozo|Hydro Pump|p1a: Incineroar
|-supereffective|p1a: Incineroar
|-damage|p1a: Incineroar|22/100
|
|-heal|p2a: Dondozo|78/100|[from] item: Leftovers
|upkeep
|turn|11
|
|t:|1759043817
|switch|p1a: Fezandipiti|Fezandipiti, M|100/100
|-sideend|p1: bbbnnnbbb|move: Toxic Spikes|[of] p1a: Fezandipiti
|move|p2a: Dondozo|Earthquake|p1a: Fezandipiti
|-supereffective|p1a: Fezandipiti
|-damage|p1a: Fezandipiti|42/100
|
|-heal|p1a: Fezandipiti|48/100|[from] item: Leftovers
|-heal|p2a: Dondozo|84/100|[from] item: Leftovers
|upkeep
|turn|12
|
|t:|1759043823
|move|p1a: Fezandipiti|Roost|p1a: Fezandipiti
|-heal|p1a: Fezandipiti|98/100
|-singleturn|p1a: Fezandipiti|move: Roost
|move|p2a: Dondozo|Heavy Slam|p1a: Fezandipiti
|-supereffective|p1a: Fezandipiti
|-damage|p1a: Fezandipiti|27/100
|
|-heal|p1a: Fezandipiti|33/100|[from] item: Leftovers
|-heal|p2a: Dondozo|90/100|[from] item: Leftovers
|upkeep
|turn|13
|
|t:|1759043830
|move|p1a: Fezandipiti|Beat Up|p2a: Dondozo
|-damage|p2a: Dondozo|88/100
|-status|p2a: Dondozo|tox|[from] ability: Toxic Chain|[of] p1a: Fezandipiti
|-damage|p2a: Dondozo|87/100 tox
|-damage|p2a: Dondozo|85/100 tox
|-damage|p2a: Dondozo|83/100 tox
|-damage|p2a: Dondozo|80/100 tox
|-damage|p2a: Dondozo|79/100 tox
|-hitcount|p2a: Dondozo|6
|move|p2a: Dondozo|Heavy Slam|p1a: Fezandipiti
|-supereffective|p1a: Fezandipiti
|-damage|p1a: Fezandipiti|0 fnt
|faint|p1a: Fezandipiti
|
|-heal|p2a: Dondozo|85/100 tox|[from] item: Leftovers
|-damage|p2a: Dondozo|79/100 tox|[from] psn
|upkeep
|
|t:|1759043844
|switch|p1a: Sandy Shocks|Sandy Shocks|89/100
|turn|14
|
|t:|1759043849
|move|p1a: Sandy Shocks|Volt Switch|p2a: Dondozo
|-supereffective|p2a: Dondozo
|-damage|p2a: Dondozo|17/100 tox
|
|t:|1759043853
|-end|p1a: Sandy Shocks|Protosynthesis|[silent]
|switch|p1a: Talonflame|Talonflame, F|100/100|[from] Volt Switch
|move|p2a: Dondozo|Earthquake|p1a: Talonflame
|-immune|p1a: Talonflame
|
|-heal|p2a: Dondozo|23/100 tox|[from] item: Leftovers
|-damage|p2a: Dondozo|11/100 tox|[from] psn
|upkeep
|turn|15
|
|t:|1759043857
|switch|p2a: Corviknight|Corviknight, F|48/100
|-ability|p2a: Corviknight|Pressure
|move|p1a: Talonflame|Hurricane|p2a: Corviknight
|-resisted|p2a: Corviknight
|-damage|p2a: Corviknight|35/100
|
|upkeep
|turn|16
|-message|Mridhu forfeited.
|
|win|bbbnnnbbb
|raw|bbbnnnbbb's rating: 1050 &rarr; <strong>1078</strong><br />(+28 for winning)
|raw|Mridhu's rating: 1001 &rarr; <strong>1000</strong><br />(-1 for losing)
|l|☆Mridhu
|player|p2|
