|j|☆pp_parkerr
|j|☆Psycho16
|t:|1759034182
|gametype|singles
|player|p1|pp_parkerr|ghetsis|1184
|player|p2|Psycho16|petrel|1134
|gen|9
|tier|[Gen 9] OU
|rated|
|rule|HP Percentage Mod: HP is shown in percentages
|rule|Endless Battle Clause: Forcing endless battles is banned
|rule|Species Clause: Limit one of each Pokémon
|rule|OHKO Clause: OHKO moves are banned
|rule|Evasion Items Clause: Evasion items are banned
|rule|Evasion Moves Clause: Evasion moves are banned
|rule|Evasion Abilities Clause: Evasion abilities are banned
|rule|Sleep Moves Clause: Sleep-inducing moves are banned
|clearpoke
|poke|p1|Ogerpon-Wellspring, F|
|poke|p1|Zapdos|
|poke|p1|Tinkaton, F|
|poke|p1|Garganacl, F|
|poke|p1|Great Tusk|
|poke|p1|Darkrai|
|poke|p2|Toxapex, F|
|poke|p2|Incineroar, M|
|poke|p2|Dragonite, F|
|poke|p2|Kilowattrel, M|
|poke|p2|Ditto|
|poke|p2|Cinderace, M|
|teampreview
|inactive|Battle timer is ON: inactive players will automatically lose when time's up. (requested by Psycho16)
|
|t:|1759034189
|teamsize|p1|6
|teamsize|p2|6
|start
|switch|p1a: Ogerpon|Ogerpon-Wellspring, F|100/100
|switch|p2a: Kilowattrel|Kilowattrel, M|100/100
|turn|1
|
|t:|1759034202
|move|p2a: Kilowattrel|Air Slash|p1a: Ogerpon
|-supereffective|p1a: Ogerpon
|-damage|p1a: Ogerpon|0 fnt
|faint|p1a: Ogerpon
|
|upkeep
|
|t:|1759034213
|switch|p1a: Garganacl|Garganacl, F|100/100
|turn|2
|
|t:|1759034216
|switch|p2a: Ditto|Ditto|100/100
|-transform|p2a: Ditto|p1a: Garganacl|[from] ability: Imposter
|move|p1a: Garganacl|Salt Cure|p2a: Ditto
|-crit|p2a: Ditto
|-damage|p2a: Ditto|82/100
|-start|p2a: Ditto|Salt Cure
|
|-damage|p2a: Ditto|70/100|[from] Salt Cure
|upkeep
|turn|3
|
|t:|1759034228
|switch|p1a: Great Tusk|Great Tusk|100/100
|move|p2a: Ditto|Salt Cure|p1a: Great Tusk
|-resisted|p1a: Great Tusk
|-damage|p1a: Great Tusk|98/100
|-start|p1a: Great Tusk|Salt Cure
|
|-damage|p1a: Great Tusk|85/100|[from] Salt Cure
|-damage|p2a: Ditto|58/100|[from] Salt Cure
|upkeep
|turn|4
|
|t:|1759034238
|switch|p2a: Kilowattrel|Kilowattrel, M|100/100
|move|p1a: Great Tusk|Headlong Rush|p2a: Kilowattrel
|-immune|p2a: Kilowattrel
|
|-damage|p1a: Great Tusk|73/100|[from] Salt Cure
|upkeep
|turn|5
|
|t:|1759034250
|move|p2a: Kilowattrel|Volt Switch|p1a: Great Tusk
|-immune|p1a: Great Tusk
|move|p1a: Great Tusk|Ice Spinner|p2a: Kilowattrel
|-supereffective|p2a: Kilowattrel
|-damage|p2a: Kilowattrel|2/100
|
|-damage|p1a: Great Tusk|61/100|[from] Salt Cure
|upkeep
|turn|6
|
|t:|1759034261
|switch|p2a: Toxapex|Toxapex, F|100/100
|move|p1a: Great Tusk|Ice Spinner|p2a: Toxapex
|-resisted|p2a: Toxapex
|-damage|p2a: Toxapex|89/100
|
|-heal|p2a: Toxapex|95/100|[from] item: Black Sludge
|-damage|p1a: Great Tusk|48/100|[from] Salt Cure
|upkeep
|turn|7
|
|t:|1759034277
|-end|p1a: Great Tusk|Protosynthesis|[silent]
|switch|p1a: Tinkaton|Tinkaton, F|100/100
|-ability|p1a: Tinkaton|Mold Breaker
|-item|p1a: Tinkaton|Air Balloon
|switch|p2a: Kilowattrel|Kilowattrel, M|2/100
|
|upkeep
|turn|8
|
|t:|1759034288
|move|p2a: Kilowattrel|Volt Switch|p1a: Tinkaton
|-damage|p1a: Tinkaton|48/100
|-enditem|p1a: Tinkaton|Air Balloon
|
|t:|1759034294
|switch|p2a: Cinderace|Cinderace, M|100/100|[from] Volt Switch
|move|p1a: Tinkaton|Gigaton Hammer|p2a: Cinderace
|-resisted|p2a: Cinderace
|-damage|p2a: Cinderace|58/100
|
|upkeep
|turn|9
|
|t:|1759034302
|move|p2a: Cinderace|Pyro Ball|p1a: Tinkaton
|-supereffective|p1a: Tinkaton
|-damage|p1a: Tinkaton|0 fnt
|faint|p1a: Tinkaton
|
|upkeep
|
|t:|1759034319
|switch|p1a: Garganacl|Garganacl, F|100/100
|turn|10
|
|t:|1759034324
|move|p2a: Cinderace|U-turn|p1a: Garganacl
|-start|p2a: Cinderace|typechange|Bug|[from] ability: Libero
|-damage|p1a: Garganacl|76/100
|
|t:|1759034328
|switch|p2a: Ditto|Ditto|58/100|[from] U-turn
|-transform|p2a: Ditto|p1a: Garganacl|[from] ability: Imposter
|move|p1a: Garganacl|Salt Cure|p2a: Ditto
|-damage|p2a: Ditto|45/100
|-start|p2a: Ditto|Salt Cure
|
|-heal|p1a: Garganacl|82/100|[from] item: Leftovers
|-damage|p2a: Ditto|32/100|[from] Salt Cure
|upkeep
|turn|11
|
|t:|1759034343
|switch|p1a: Great Tusk|Great Tusk|48/100
|move|p2a: Ditto|Recover|p2a: Ditto
|-heal|p2a: Ditto|82/100
|
|-damage|p2a: Ditto|70/100|[from] Salt Cure
|upkeep
|turn|12
|
|t:|1759034354
|switch|p2a: Kilowattrel|Kilowattrel, M|2/100
|move|p1a: Great Tusk|Close Combat|p2a: Kilowattrel
|-resisted|p2a: Kilowattrel
|-damage|p2a: Kilowattrel|0 fnt
|-unboost|p1a: Great Tusk|def|1
|-unboost|p1a: Great Tusk|spd|1
|faint|p2a: Kilowattrel
|
|upkeep
|
|t:|1759034360
|switch|p2a: Dragonite|Dragonite, F|100/100
|turn|13
|
|t:|1759034368
|move|p2a: Dragonite|Extreme Speed|p1a: Great Tusk
|-damage|p1a: Great Tusk|12/100
|-damage|p2a: Dragonite|84/100|[from] item: Rocky Helmet|[of] p1a: Great Tusk
|move|p1a: Great Tusk|Ice Spinner|p2a: Dragonite
|-supereffective|p2a: Dragonite
|-damage|p2a: Dragonite|0 fnt
|faint|p2a: Dragonite
|
|upkeep
|
|t:|1759034379
|switch|p2a: Cinderace|Cinderace, M|58/100
|turn|14
|
|t:|1759034384
|move|p2a: Cinderace|Pyro Ball|p1a: Great Tusk
|-damage|p1a: Great Tusk|0 fnt
|faint|p1a: Great Tusk
|-end|p1a: Great Tusk|Protosynthesis|[silent]
|
|upkeep
|
|t:|1759034391
|switch|p1a: Garganacl|Garganacl, F|82/100
|turn|15
|
|t:|1759034395
|move|p2a: Cinderace|U-turn|p1a: Garganacl
|-start|p2a: Cinderace|typechange|Bug|[from] ability: Libero
|-damage|p1a: Garganacl|61/100
|
|t:|1759034399
|switch|p2a: Ditto|Ditto|70/100|[from] U-turn
|-transform|p2a: Ditto|p1a: Garganacl|[from] ability: Imposter
|move|p1a: Garganacl|Salt Cure|p2a: Ditto
|-damage|p2a: Ditto|57/100
|-start|p2a: Ditto|Salt Cure
|
|-heal|p1a: Garganacl|67/100|[from] item: Leftovers
|-damage|p2a: Ditto|45/100|[from] Salt Cure
|upkeep
|turn|16
|
|t:|1759034413
|switch|p1a: Darkrai|Darkrai|100/100
|move|p2a: Ditto|Salt Cure|p1a: Darkrai
|-damage|p1a: Darkrai|82/100
|-start|p1a: Darkrai|Salt Cure
|
|-damage|p1a: Darkrai|70/100|[from] Salt Cure
|-damage|p2a: Ditto|32/100|[from] Salt Cure
|upkeep
|turn|17
|
|t:|1759034427
|switch|p2a: Incineroar|Incineroar, M, shiny|100/100
|-ability|p2a: Incineroar|Intimidate|boost
|-unboost|p1a: Darkrai|atk|1
|move|p1a: Darkrai|Dark Pulse|p2a: Incineroar
|-resisted|p2a: Incineroar
|-damage|p2a: Incineroar|79/100
|-damage|p1a: Darkrai|60/100|[from] item: Life Orb
|
|-damage|p1a: Darkrai|47/100|[from] Salt Cure
|upkeep
|turn|18
|
|t:|1759034438
|move|p1a: Darkrai|Will-O-Wisp|p2a: Incineroar
|-immune|p2a: Incineroar
|move|p2a: Incineroar|Knock Off|p1a: Darkrai
|-resisted|p1a: Darkrai
|-damage|p1a: Darkrai|18/100
|-enditem|p1a: Darkrai|Life Orb|[from] move: Knock Off|[of] p2a: Incineroar
|
|-damage|p1a: Darkrai|5/100|[from] Salt Cure
|upkeep
|turn|19
|
|t:|1759034450
|switch|p1a: Garganacl|Garganacl, F|67/100
|move|p2a: Incineroar|Knock Off|p1a: Garganacl
|-damage|p1a: Garganacl|35/100
|-enditem|p1a: Garganacl|Leftovers|[from] move: Knock Off|[of] p2a: Incineroar
|
|upkeep
|turn|20
|
|t:|1759034459
|move|p2a: Incineroar|Earthquake|p1a: Garganacl
|-supereffective|p1a: Garganacl
|-damage|p1a: Garganacl|0 fnt
|faint|p1a: Garganacl
|
|upkeep
|
|t:|1759034463
|switch|p1a: Zapdos|Zapdos|100/100
|-ability|p1a: Zapdos|Pressure
|turn|21
|
|t:|1759034474
|move|p1a: Zapdos|Thunder|p2a: Incineroar|[miss]
|-miss|p1a: Zapdos|p2a: Incineroar
|move|p2a: Incineroar|Flare Blitz|p1a: Zapdos
|-damage|p1a: Zapdos|50/100
|-damage|p2a: Incineroar|62/100|[from] Recoil
|
|upkeep
|turn|22
|
|t:|1759034487
|move|p1a: Zapdos|Hurricane|p2a: Incineroar|[miss]
|-miss|p1a: Zapdos|p2a: Incineroar
|move|p2a: Incineroar|Flare Blitz|p1a: Zapdos
|-damage|p1a: Zapdos|6/100
|-damage|p2a: Incineroar|47/100|[from] Recoil
|-enditem|p2a: Incineroar|Sitrus Berry|[eat]
|-heal|p2a: Incineroar|72/100|[from] item: Sitrus Berry
|
|upkeep
|turn|23
|
|t:|1759034498
|move|p1a: Zapdos|Hurricane|p2a: Incineroar
|-damage|p2a: Incineroar|35/100
|move|p2a: Incineroar|Parting Shot|p1a: Zapdos
|-unboost|p1a: Zapdos|atk|1
|-unboost|p1a: Zapdos|spa|1
|
|t:|1759034501
|switch|p2a: Cinderace|Cinderace, M|58/100|[from] Parting Shot
|
|upkeep
|turn|24
|
|t:|1759034506
|move|p2a: Cinderace|U-turn|p1a: Zapdos
|-start|p2a: Cinderace|typechange|Bug|[from] ability: Libero
|-resisted|p1a: Zapdos
|-damage|p1a: Zapdos|0 fnt
|faint|p1a: Zapdos
|
|t:|1759034512
|switch|p2a: Toxapex|Toxapex, F|100/100|[from] U-turn
|
|upkeep
|
|t:|1759034516
|switch|p1a: Darkrai|Darkrai|5/100
|turn|25
|
|t:|1759034520
|move|p1a: Darkrai|Will-O-Wisp|p2a: Toxapex
|-status|p2a: Toxapex|brn
|move|p2a: Toxapex|Surf|p1a: Darkrai
|-damage|p1a: Darkrai|0 fnt
|faint|p1a: Darkrai
|
|win|Psycho16
|raw|pp_parkerr's rating: 1184 &rarr; <strong>1155</strong><br />(-29 for losing)
|raw|Psycho16's rating: 1134 &rarr; <strong>1163</strong><br />(+29 for winning)
|l|☆pp_parkerr
|player|p1|
|l|☆Psycho16
|player|p2|
