|j|☆Barthozze
|j|☆matt80742
|t:|1758916893
|gametype|singles
|player|p1|Barthozze|alder|1153
|player|p2|matt80742|blackbelt-gen4dp|1140
|gen|9
|tier|[Gen 9] OU
|rated|
|rule|HP Percentage Mod: HP is shown in percentages
|rule|Endless Battle Clause: Forcing endless battles is banned
|rule|Species Clause: Limit one of each Pokémon
|rule|OHKO Clause: OHKO moves are banned
|rule|Evasion Items Clause: Evasion items are banned
|rule|Evasion Moves Clause: Evasion moves are banned
|rule|Evasion Abilities Clause: Evasion abilities are banned
|rule|Sleep Moves Clause: Sleep-inducing moves are banned
|clearpoke
|poke|p1|Gardevoir, M|
|poke|p1|Ceruledge, M|
|poke|p1|Gogoat, M|
|poke|p1|Weezing-Galar, F|
|poke|p1|Iron Crown|
|poke|p1|Kingambit, M|
|poke|p2|Torkoal, F|
|poke|p2|Charizard, M|
|poke|p2|Lilligant-Hisui, F|
|poke|p2|Leafeon, F|
|poke|p2|Ninetales, F|
|poke|p2|Venusaur, M|
|teampreview
|
|t:|1758916915
|teamsize|p1|6
|teamsize|p2|6
|start
|switch|p1a: Iron Crown|Iron Crown|100/100
|switch|p2a: Torkoal|Torkoal, F|100/100
|-weather|SunnyDay|[from] ability: Drought|[of] p2a: Torkoal
|-enditem|p1a: Iron Crown|Booster Energy
|-activate|p1a: Iron Crown|ability: Quark Drive|[fromitem]
|-start|p1a: Iron Crown|quarkdrivespa
|turn|1
|
|t:|1758916984
|-terastallize|p1a: Iron Crown|Ground
|move|p1a: Iron Crown|Calm Mind|p1a: Iron Crown
|-boost|p1a: Iron Crown|spa|1
|-boost|p1a: Iron Crown|spd|1
|move|p2a: Torkoal|Eruption|p1a: Iron Crown
|-damage|p1a: Iron Crown|67/100
|
|-weather|SunnyDay|[upkeep]
|upkeep
|turn|2
|
|t:|1758916997
|switch|p2a: Leafeon|Leafeon, F|100/100
|move|p1a: Iron Crown|Tera Blast|p2a: Leafeon|[anim] Tera Blast Ground
|-resisted|p2a: Leafeon
|-damage|p2a: Leafeon|29/100
|
|-weather|SunnyDay|[upkeep]
|upkeep
|turn|3
|inactive|Battle timer is ON: inactive players will automatically lose when time's up. (requested by Barthozze)
|
|t:|1758917043
|move|p2a: Leafeon|Solar Blade||[still]
|-prepare|p2a: Leafeon|Solar Blade
|-anim|p2a: Leafeon|Solar Blade|p1a: Iron Crown
|-supereffective|p1a: Iron Crown
|-damage|p1a: Iron Crown|0 fnt
|faint|p1a: Iron Crown
|-end|p1a: Iron Crown|Quark Drive|[silent]
|-damage|p2a: Leafeon|19/100|[from] item: Life Orb
|
|-weather|SunnyDay|[upkeep]
|upkeep
|
|t:|1758917061
|switch|p1a: Ceruledge|Ceruledge, M, shiny|100/100
|turn|4
|
|t:|1758917076
|move|p2a: Leafeon|Knock Off|p1a: Ceruledge
|-supereffective|p1a: Ceruledge
|-damage|p1a: Ceruledge|0 fnt
|-enditem|p1a: Ceruledge|Covert Cloak|[from] move: Knock Off|[of] p2a: Leafeon
|faint|p1a: Ceruledge
|-damage|p2a: Leafeon|9/100|[from] item: Life Orb
|
|-weather|SunnyDay|[upkeep]
|upkeep
|
|t:|1758917086
|switch|p1a: Weezing|Weezing-Galar, F|100/100
|turn|5
|
|t:|1758917113
|move|p2a: Leafeon|Double-Edge|p1a: Weezing
|-damage|p1a: Weezing|66/100
|-damage|p2a: Leafeon|0 fnt|[from] item: Rocky Helmet|[of] p1a: Weezing
|faint|p2a: Leafeon
|move|p1a: Weezing|Sludge Bomb|p2: Leafeon|[notarget]
|-fail|p1a: Weezing
|
|-weather|SunnyDay|[upkeep]
|upkeep
|inactive|matt80742 has 120 seconds left.
|
|t:|1758917134
|switch|p2a: Charizard|Charizard, M|100/100
|turn|6
|
|t:|1758917141
|-terastallize|p2a: Charizard|Fire
|move|p2a: Charizard|Weather Ball|p1a: Weezing
|-damage|p1a: Weezing|0 fnt
|faint|p1a: Weezing
|
|-weather|SunnyDay|[upkeep]
|-damage|p2a: Charizard|88/100|[from] ability: Solar Power|[of] p2a: Charizard
|upkeep
|
|t:|1758917157
|switch|p1a: Gardevoir|Gardevoir, M|100/100
|-ability|p1a: Gardevoir|Solar Power|Trace|[from] ability: Trace|[of] p2a: Charizard
|turn|7
|
|t:|1758917169
|move|p1a: Gardevoir|Psychic|p2a: Charizard
|-damage|p2a: Charizard|0 fnt
|faint|p2a: Charizard
|
|-weather|SunnyDay|[upkeep]
|-damage|p1a: Gardevoir|88/100|[from] ability: Solar Power|[of] p1a: Gardevoir
|upkeep
|inactive|matt80742 has 120 seconds left.
|
|t:|1758917210
|switch|p2a: Lilligant|Lilligant-Hisui, F|100/100
|turn|8
|l|☆Barthozze
|inactive|Barthozze disconnected and has a minute to reconnect!
|player|p1|
|inactive|matt80742 has 90 seconds left.
|
|t:|1758917236
|move|p2a: Lilligant|Solar Blade||[still]
|-prepare|p2a: Lilligant|Solar Blade
|-anim|p2a: Lilligant|Solar Blade|p1a: Gardevoir
|-damage|p1a: Gardevoir|0 fnt
|faint|p1a: Gardevoir
|-damage|p2a: Lilligant|91/100|[from] item: Life Orb
|
|-weather|none
|upkeep
|j|☆Barthozze
|inactive|Barthozze reconnected and has 150 seconds left.
|player|p1|Barthozze|alder|
|
|t:|1758917255
|switch|p1a: Gogoat|Gogoat, M|100/100
|turn|9
|inactive|matt80742 has 90 seconds left.
|
|t:|1758917265
|move|p2a: Lilligant|Triple Axel|p1a: Gogoat
|-supereffective|p1a: Gogoat
|-damage|p1a: Gogoat|82/100
|-supereffective|p1a: Gogoat
|-damage|p1a: Gogoat|47/100
|-supereffective|p1a: Gogoat
|-damage|p1a: Gogoat|0 fnt
|faint|p1a: Gogoat
|-hitcount|p1: Gogoat|3
|-damage|p2a: Lilligant|81/100|[from] item: Life Orb
|
|upkeep
|
|t:|1758917275
|switch|p1a: Kingambit|Kingambit, M|100/100
|-activate|p1a: Kingambit|ability: Supreme Overlord
|-start|p1a: Kingambit|fallen5|[silent]
|turn|10
|inactive|matt80742 has 90 seconds left.
|
|t:|1758917295
|move|p1a: Kingambit|Sucker Punch|p2a: Lilligant
|-resisted|p2a: Lilligant
|-damage|p2a: Lilligant|30/100
|move|p2a: Lilligant|Close Combat|p1a: Kingambit
|-supereffective|p1a: Kingambit
|-damage|p1a: Kingambit|0 fnt
|-unboost|p2a: Lilligant|def|1
|-unboost|p2a: Lilligant|spd|1
|faint|p1a: Kingambit
|-end|p1a: Kingambit|fallen5|[silent]
|-damage|p2a: Lilligant|20/100|[from] item: Life Orb
|
|win|matt80742
|raw|Barthozze's rating: 1153 &rarr; <strong>1127</strong><br />(-26 for losing)
|raw|matt80742's rating: 1140 &rarr; <strong>1166</strong><br />(+26 for winning)
|l|☆Barthozze
|player|p1|
|l|☆matt80742
|player|p2|
