|j|☆Juanp0093
|j|☆DDanMurp
|t:|1759033190
|gametype|singles
|player|p1|Juanp0093|plasmagrunt|1313
|player|p2|DDanMurp|266|1351
|gen|9
|tier|[Gen 9] OU
|rated|
|rule|HP Percentage Mod: HP is shown in percentages
|rule|Endless Battle Clause: Forcing endless battles is banned
|rule|Species Clause: Limit one of each Pokémon
|rule|OHKO Clause: OHKO moves are banned
|rule|Evasion Items Clause: Evasion items are banned
|rule|Evasion Moves Clause: Evasion moves are banned
|rule|Evasion Abilities Clause: Evasion abilities are banned
|rule|Sleep Moves Clause: Sleep-inducing moves are banned
|clearpoke
|poke|p1|Garganacl, F|
|poke|p1|Weezing-Galar, F|
|poke|p1|Corviknight, M|
|poke|p1|Dragapult, F|
|poke|p1|Slowking-Galar, M|
|poke|p1|Samurott-Hisui, F|
|poke|p2|Thundurus, M|
|poke|p2|Iron Valiant|
|poke|p2|Iron Treads|
|poke|p2|Raging Bolt|
|poke|p2|Iron Hands|
|poke|p2|Iron Leaves|
|teampreview
|inactive|Battle timer is ON: inactive players will automatically lose when time's up. (requested by Juanp0093)
|
|t:|1759033205
|teamsize|p1|6
|teamsize|p2|6
|start
|switch|p1a: Samurott|Samurott-Hisui, F|100/100
|switch|p2a: Raging Bolt|Raging Bolt|100/100
|turn|1
|
|t:|1759033215
|switch|p1a: Slowking|Slowking-Galar, M|100/100
|move|p2a: Raging Bolt|Volt Switch|p1a: Slowking
|-damage|p1a: Slowking|84/100
|
|t:|1759033224
|-end|p2a: Raging Bolt|Protosynthesis|[silent]
|switch|p2a: Iron Treads|Iron Treads|100/100|[from] Volt Switch
|
|upkeep
|turn|2
|
|t:|1759033233
|switch|p1a: Weezing|Weezing-Galar, F|100/100
|-ability|p1a: Weezing|Neutralizing Gas
|move|p2a: Iron Treads|Stealth Rock|p1a: Weezing
|-sidestart|p1: Juanp0093|move: Stealth Rock
|
|upkeep
|turn|3
|
|t:|1759033241
|-end|p2a: Iron Treads|Quark Drive|[silent]
|switch|p2a: HeHeHeHa!|Thundurus, M|100/100
|move|p1a: Weezing|Defog|p2a: HeHeHeHa!
|-unboost|p2a: HeHeHeHa!|evasion|1
|-sideend|p1: Juanp0093|Stealth Rock|[from] move: Defog|[of] p1a: Weezing
|
|upkeep
|turn|4
|
|t:|1759033250
|-end|p1a: Weezing|ability: Neutralizing Gas
|switch|p1a: Slowking|Slowking-Galar, M|100/100
|move|p2a: HeHeHeHa!|Supercell Slam|p1a: Slowking
|-damage|p1a: Slowking|52/100
|
|upkeep
|turn|5
|
|t:|1759033259
|move|p2a: HeHeHeHa!|Knock Off|p1a: Slowking
|-supereffective|p1a: Slowking
|-damage|p1a: Slowking|0 fnt
|-enditem|p1a: Slowking|Assault Vest|[from] move: Knock Off|[of] p2a: HeHeHeHa!
|faint|p1a: Slowking
|
|upkeep
|
|t:|1759033265
|switch|p1a: Garganacl|Garganacl, F|100/100
|turn|6
|
|t:|1759033268
|move|p2a: HeHeHeHa!|Electric Terrain|p2a: HeHeHeHa!
|-fieldstart|move: Electric Terrain
|move|p1a: Garganacl|Salt Cure|p2a: HeHeHeHa!
|-supereffective|p2a: HeHeHeHa!
|-damage|p2a: HeHeHeHa!|54/100
|-start|p2a: HeHeHeHa!|Salt Cure
|
|-damage|p2a: HeHeHeHa!|42/100|[from] Salt Cure
|upkeep
|turn|7
|
|t:|1759033275
|move|p2a: HeHeHeHa!|U-turn|p1a: Garganacl
|-damage|p1a: Garganacl|87/100
|
|t:|1759033287
|switch|p2a: Iron Leaves|Iron Leaves|100/100|[from] U-turn
|-activate|p2a: Iron Leaves|ability: Quark Drive
|-start|p2a: Iron Leaves|quarkdrivespe
|move|p1a: Garganacl|Stealth Rock|p2a: Iron Leaves
|-sidestart|p2: DDanMurp|move: Stealth Rock
|
|-heal|p1a: Garganacl|93/100|[from] item: Leftovers
|upkeep
|turn|8
|
|t:|1759033295
|move|p2a: Iron Leaves|Swords Dance|p2a: Iron Leaves
|-boost|p2a: Iron Leaves|atk|2
|move|p1a: Garganacl|Salt Cure|p2a: Iron Leaves
|-damage|p2a: Iron Leaves|85/100
|-start|p2a: Iron Leaves|Salt Cure
|
|-heal|p1a: Garganacl|99/100|[from] item: Leftovers
|-damage|p2a: Iron Leaves|72/100|[from] Salt Cure
|upkeep
|turn|9
|
|t:|1759033298
|switch|p1a: Weezing|Weezing-Galar, F|100/100
|-ability|p1a: Weezing|Neutralizing Gas
|move|p2a: Iron Leaves|Leaf Blade|p1a: Weezing
|-resisted|p1a: Weezing
|-damage|p1a: Weezing|72/100
|
|-heal|p1a: Weezing|78/100|[from] item: Black Sludge
|-damage|p2a: Iron Leaves|60/100|[from] Salt Cure
|upkeep
|turn|10
|
|t:|1759033307
|move|p2a: Iron Leaves|Psyblade|p1a: Weezing
|-supereffective|p1a: Weezing
|-damage|p1a: Weezing|0 fnt
|faint|p1a: Weezing
|-end|p1a: Weezing|ability: Neutralizing Gas
|
|-damage|p2a: Iron Leaves|47/100|[from] Salt Cure
|upkeep
|
|t:|1759033310
|switch|p1a: Samurott|Samurott-Hisui, F|100/100
|turn|11
|
|t:|1759033316
|move|p2a: Iron Leaves|Leaf Blade|p1a: Samurott
|-supereffective|p1a: Samurott
|-damage|p1a: Samurott|0 fnt
|faint|p1a: Samurott
|
|-damage|p2a: Iron Leaves|35/100|[from] Salt Cure
|upkeep
|-message|Juanp0093 forfeited.
|
|win|DDanMurp
|raw|Juanp0093's rating: 1313 &rarr; <strong>1295</strong><br />(-18 for losing)
|raw|DDanMurp's rating: 1351 &rarr; <strong>1369</strong><br />(+18 for winning)
|l|☆Juanp0093
|player|p1|
|l|☆DDanMurp
|player|p2|
