|j|☆redner bo
|j|☆alovana0
|t:|1759032751
|gametype|singles
|player|p1|redner bo|266|1414
|player|p2|alovana0|pilot|1372
|gen|9
|tier|[Gen 9] OU
|rated|
|rule|HP Percentage Mod: HP is shown in percentages
|rule|Endless Battle Clause: Forcing endless battles is banned
|rule|Species Clause: Limit one of each Pokémon
|rule|OHKO Clause: OHKO moves are banned
|rule|Evasion Items Clause: Evasion items are banned
|rule|Evasion Moves Clause: Evasion moves are banned
|rule|Evasion Abilities Clause: Evasion abilities are banned
|rule|Sleep Moves Clause: Sleep-inducing moves are banned
|clearpoke
|poke|p1|Primarina, M|
|poke|p1|Latios, M|
|poke|p1|Weavile, M|
|poke|p1|Ceruledge, F|
|poke|p1|Corviknight, F|
|poke|p1|Garganacl, F|
|poke|p2|Staraptor, M|
|poke|p2|Slowking-Galar, M|
|poke|p2|Ogerpon-Wellspring, F|
|poke|p2|Iron Valiant|
|poke|p2|Dragapult, M|
|poke|p2|Iron Treads|
|teampreview
|inactive|Battle timer is ON: inactive players will automatically lose when time's up. (requested by alovana0)
|
|t:|1759032766
|teamsize|p1|6
|teamsize|p2|6
|start
|switch|p1a: Garganacl|Garganacl, F, shiny|100/100
|switch|p2a: Staraptor|Staraptor, M, shiny|100/100
|turn|1
|
|t:|1759032770
|move|p2a: Staraptor|U-turn|p1a: Garganacl
|-damage|p1a: Garganacl|76/100
|
|t:|1759032779
|switch|p2a: Iron Valiant|Iron Valiant|100/100|[from] U-turn
|move|p1a: Garganacl|Stealth Rock|p2a: Iron Valiant
|-sidestart|p2: alovana0|move: Stealth Rock
|
|-heal|p1a: Garganacl|82/100|[from] item: Leftovers
|upkeep
|turn|2
|
|t:|1759032788
|switch|p1a: Ceruledge|Ceruledge, F|100/100
|move|p2a: Iron Valiant|Aura Sphere|p1a: Ceruledge
|-immune|p1a: Ceruledge
|
|upkeep
|turn|3
|
|t:|1759032811
|-end|p2a: Iron Valiant|Quark Drive|[silent]
|switch|p2a: Ogerpon|Ogerpon-Wellspring, F|100/100
|-damage|p2a: Ogerpon|88/100|[from] Stealth Rock
|move|p1a: Ceruledge|Bitter Blade|p2a: Ogerpon
|-damage|p2a: Ogerpon|28/100
|
|upkeep
|turn|4
|
|t:|1759032830
|switch|p2a: Iron Treads|Iron Treads|100/100
|-damage|p2a: Iron Treads|97/100|[from] Stealth Rock
|-enditem|p2a: Iron Treads|Booster Energy
|-activate|p2a: Iron Treads|ability: Quark Drive|[fromitem]
|-start|p2a: Iron Treads|quarkdrivespe
|switch|p1a: Weavile|Weavile, M|100/100
|-ability|p1a: Weavile|Pressure
|
|upkeep
|turn|5
|
|t:|1759032841
|move|p2a: Iron Treads|Rapid Spin|p1a: Weavile
|-damage|p1a: Weavile|76/100
|-boost|p2a: Iron Treads|spe|1
|-sideend|p2: alovana0|Stealth Rock|[from] move: Rapid Spin|[of] p2a: Iron Treads
|move|p1a: Weavile|Low Kick|p2a: Iron Treads
|-supereffective|p2a: Iron Treads
|-damage|p2a: Iron Treads|21/100
|
|upkeep
|turn|6
|inactive|alovana0 has 120 seconds left.
|
|t:|1759032864
|move|p2a: Iron Treads|Stealth Rock|p1a: Weavile
|-sidestart|p1: redner bo|move: Stealth Rock
|move|p1a: Weavile|Low Kick|p2a: Iron Treads
|-supereffective|p2a: Iron Treads
|-damage|p2a: Iron Treads|0 fnt
|faint|p2a: Iron Treads
|-end|p2a: Iron Treads|Quark Drive|[silent]
|
|upkeep
|inactive|alovana0 has 120 seconds left.
|
|t:|1759032875
|switch|p2a: Dragapult|Dragapult, M|100/100
|turn|7
|inactive|alovana0 has 120 seconds left.
|
|t:|1759032883
|switch|p1a: Garganacl|Garganacl, F, shiny|82/100
|-damage|p1a: Garganacl|70/100|[from] Stealth Rock
|move|p2a: Dragapult|Shadow Ball|p1a: Garganacl
|-damage|p1a: Garganacl|52/100
|
|-heal|p1a: Garganacl|58/100|[from] item: Leftovers
|upkeep
|turn|8
|inactive|alovana0 has 120 seconds left.
|
|t:|1759032896
|switch|p2a: Slowking|Slowking-Galar, M|100/100
|move|p1a: Garganacl|Stealth Rock|p2a: Slowking
|-sidestart|p2: alovana0|move: Stealth Rock
|
|-heal|p1a: Garganacl|64/100|[from] item: Leftovers
|upkeep
|turn|9
|
|t:|1759032903
|move|p1a: Garganacl|Earthquake|p2a: Slowking
|-supereffective|p2a: Slowking
|-damage|p2a: Slowking|49/100
|move|p2a: Slowking|Future Sight|p1a: Garganacl
|-start|p2a: Slowking|move: Future Sight
|
|-heal|p1a: Garganacl|70/100|[from] item: Leftovers
|upkeep
|turn|10
|
|t:|1759032915
|switch|p2a: Dragapult|Dragapult, M|100/100
|-damage|p2a: Dragapult|88/100|[from] Stealth Rock
|move|p1a: Garganacl|Earthquake|p2a: Dragapult
|-crit|p2a: Dragapult
|-damage|p2a: Dragapult|37/100
|
|-heal|p1a: Garganacl|76/100|[from] item: Leftovers
|upkeep
|turn|11
|
|t:|1759032927
|move|p2a: Dragapult|Draco Meteor|p1a: Garganacl|[miss]
|-miss|p2a: Dragapult|p1a: Garganacl
|move|p1a: Garganacl|Salt Cure|p2a: Dragapult
|-damage|p2a: Dragapult|18/100
|-start|p2a: Dragapult|Salt Cure
|
|-end|p1a: Garganacl|move: Future Sight
|-damage|p1a: Garganacl|47/100
|-heal|p1a: Garganacl|53/100|[from] item: Leftovers
|-damage|p2a: Dragapult|6/100|[from] Salt Cure
|upkeep
|turn|12
|
|t:|1759032935
|move|p2a: Dragapult|Draco Meteor|p1a: Garganacl
|-damage|p1a: Garganacl|0 fnt
|-unboost|p2a: Dragapult|spa|2
|faint|p1a: Garganacl
|
|-damage|p2a: Dragapult|0 fnt|[from] Salt Cure
|faint|p2a: Dragapult
|upkeep
|
|t:|1759032942
|switch|p2a: Iron Valiant|Iron Valiant|100/100
|switch|p1a: Weavile|Weavile, M|76/100
|-ability|p1a: Weavile|Pressure
|-damage|p2a: Iron Valiant|94/100|[from] Stealth Rock
|turn|13
|
|t:|1759032947
|move|p2a: Iron Valiant|Vacuum Wave|p1a: Weavile
|-supereffective|p1a: Weavile
|-crit|p1a: Weavile
|-damage|p1a: Weavile|0 fnt
|faint|p1a: Weavile
|-damage|p2a: Iron Valiant|85/100|[from] item: Life Orb
|
|upkeep
|
|t:|1759032952
|switch|p1a: Ceruledge|Ceruledge, F|100/100
|turn|14
|
|t:|1759032978
|-end|p2a: Iron Valiant|Quark Drive|[silent]
|switch|p2a: Ogerpon|Ogerpon-Wellspring, F|28/100
|-damage|p2a: Ogerpon|16/100|[from] Stealth Rock
|move|p1a: Ceruledge|Bitter Blade|p2a: Ogerpon
|-damage|p2a: Ogerpon|0 fnt
|faint|p2a: Ogerpon
|
|upkeep
|
|t:|1759032979
|switch|p2a: Staraptor|Staraptor, M, shiny|100/100
|-damage|p2a: Staraptor|76/100|[from] Stealth Rock
|turn|15
|
|t:|1759032985
|move|p2a: Staraptor|Brave Bird|p1a: Ceruledge
|-damage|p1a: Ceruledge|0 fnt
|faint|p1a: Ceruledge
|-damage|p2a: Staraptor|45/100|[from] Recoil
|
|upkeep
|
|t:|1759032993
|switch|p1a: Corviknight|Corviknight, F, shiny|100/100
|-damage|p1a: Corviknight|88/100|[from] Stealth Rock
|-ability|p1a: Corviknight|Pressure
|turn|16
|
|t:|1759033000
|switch|p2a: Slowking|Slowking-Galar, M|82/100
|move|p1a: Corviknight|Brave Bird|p2a: Slowking
|-damage|p2a: Slowking|45/100
|-damage|p1a: Corviknight|76/100|[from] Recoil
|
|-heal|p1a: Corviknight|82/100|[from] item: Leftovers
|upkeep
|turn|17
|
|t:|1759033011
|move|p1a: Corviknight|Brave Bird|p2a: Slowking
|-damage|p2a: Slowking|4/100
|-damage|p1a: Corviknight|69/100|[from] Recoil
|-prepare|p2a: Slowking|Chilly Reception|[premajor]
|move|p2a: Slowking|Chilly Reception|p2a: Slowking
|-weather|Snowscape
|
|t:|1759033013
|switch|p2a: Iron Valiant|Iron Valiant|85/100|[from] Chilly Reception
|-damage|p2a: Iron Valiant|78/100|[from] Stealth Rock
|
|-weather|Snowscape|[upkeep]
|-heal|p1a: Corviknight|75/100|[from] item: Leftovers
|upkeep
|turn|18
|
|t:|1759033016
|move|p2a: Iron Valiant|Thunderbolt|p1a: Corviknight
|-supereffective|p1a: Corviknight
|-damage|p1a: Corviknight|1/100
|-damage|p2a: Iron Valiant|69/100|[from] item: Life Orb
|move|p1a: Corviknight|Brave Bird|p2a: Iron Valiant
|-supereffective|p2a: Iron Valiant
|-damage|p2a: Iron Valiant|0 fnt
|faint|p2a: Iron Valiant
|-end|p2a: Iron Valiant|Quark Drive|[silent]
|-damage|p1a: Corviknight|0 fnt|[from] Recoil
|faint|p1a: Corviknight
|
|-weather|Snowscape|[upkeep]
|upkeep
|
|t:|1759033030
|switch|p2a: Slowking|Slowking-Galar, M|37/100
|switch|p1a: Primarina|Primarina, M|100/100
|-damage|p1a: Primarina|88/100|[from] Stealth Rock
|turn|19
|
|t:|1759033034
|move|p1a: Primarina|Surf|p2a: Slowking
|-damage|p2a: Slowking|0 fnt
|faint|p2a: Slowking
|
|-weather|Snowscape|[upkeep]
|upkeep
|
|t:|1759033036
|switch|p2a: Staraptor|Staraptor, M, shiny|45/100
|-damage|p2a: Staraptor|20/100|[from] Stealth Rock
|turn|20
|
|t:|1759033041
|move|p2a: Staraptor|Brave Bird|p1a: Primarina
|-damage|p1a: Primarina|0 fnt
|faint|p1a: Primarina
|-damage|p2a: Staraptor|0 fnt|[from] Recoil
|faint|p2a: Staraptor
|
|win|redner bo
|raw|redner bo's rating: 1414 &rarr; <strong>1432</strong><br />(+18 for winning)
|raw|alovana0's rating: 1372 &rarr; <strong>1354</strong><br />(-18 for losing)
|l|☆redner bo
|player|p1|
|l|☆alovana0
|player|p2|
