|badge|p1|bronze|gen9ou|100-6
|html|<div class="broadcast-red"><strong>This battle is required to be public due to one or more player having a season medal.</strong><br />During the public phase, you can discuss the state of the ladder <a href="/seasondiscussion">in a special chatroom.</a></div>
|uhtml|medal-msg|<div class="broadcast-blue">Curious what those medals under the avatar are? PS now has Ladder Seasons! For more information, check out the <a href="https://www.smogon.com/forums/threads/3740067/">thread on Smogon.</a></div>
|badge|p2|bronze|gen9ou|100-6
|uhtml|medal-msg|<div class="broadcast-blue">Curious what those medals under the avatar are? PS now has Ladder Seasons! For more information, check out the <a href="https://www.smogon.com/forums/threads/3740067/">thread on Smogon.</a></div>
|j|☆WogerHater
|j|☆DivineGabriel
|t:|1758932769
|gametype|singles
|player|p1|WogerHater|dawn-gen4pt|1865
|player|p2|DivineGabriel|rye|1866
|gen|9
|tier|[Gen 9] OU
|rated|
|rule|HP Percentage Mod: HP is shown in percentages
|rule|Endless Battle Clause: Forcing endless battles is banned
|rule|Species Clause: Limit one of each Pokémon
|rule|OHKO Clause: OHKO moves are banned
|rule|Evasion Items Clause: Evasion items are banned
|rule|Evasion Moves Clause: Evasion moves are banned
|rule|Evasion Abilities Clause: Evasion abilities are banned
|rule|Sleep Moves Clause: Sleep-inducing moves are banned
|clearpoke
|poke|p1|Weezing-Galar, F|
|poke|p1|Ting-Lu|
|poke|p1|Corviknight, F|
|poke|p1|Skeledirge, M|
|poke|p1|Dragapult, F|
|poke|p1|Ogerpon-Wellspring, F|
|poke|p2|Typhlosion-Hisui, M|
|poke|p2|Great Tusk|
|poke|p2|Torkoal, M|
|poke|p2|Walking Wake|
|poke|p2|Hatterene, F|
|poke|p2|Meowscarada, M|
|teampreview
|inactive|Battle timer is ON: inactive players will automatically lose when time's up. (requested by WogerHater)
|j| kanailccolo
|
|t:|1758932778
|teamsize|p1|6
|teamsize|p2|6
|start
|switch|p1a: Dragapult|Dragapult, F|100/100
|switch|p2a: Vulcan|Torkoal, M|100/100
|-weather|SunnyDay|[from] ability: Drought|[of] p2a: Vulcan
|turn|1
|
|t:|1758932781
|switch|p2a: Obi|Great Tusk|100/100
|-activate|p2a: Obi|ability: Protosynthesis
|-start|p2a: Obi|protosynthesisspe
|move|p1a: Dragapult|Shadow Ball|p2a: Obi
|-damage|p2a: Obi|27/100
|-unboost|p2a: Obi|spd|1
|
|-weather|SunnyDay|[upkeep]
|-heal|p2a: Obi|33/100|[from] item: Leftovers
|upkeep
|turn|2
|
|t:|1758932785
|-end|p2a: Obi|Protosynthesis|[silent]
|switch|p2a: Tamaki|Meowscarada, M|100/100
|move|p1a: Dragapult|Shadow Ball|p2a: Tamaki
|-resisted|p2a: Tamaki
|-damage|p2a: Tamaki|61/100
|
|-weather|SunnyDay|[upkeep]
|upkeep
|turn|3
|
|t:|1758932791
|switch|p1a: Ting-Lu|Ting-Lu, shiny|100/100
|-ability|p1a: Ting-Lu|Vessel of Ruin
|move|p2a: Tamaki|U-turn|p1a: Ting-Lu
|-start|p2a: Tamaki|typechange|Bug|[from] ability: Protean
|-supereffective|p1a: Ting-Lu
|-damage|p1a: Ting-Lu|63/100
|
|t:|1758932796
|switch|p2a: Benimaru|Typhlosion-Hisui, M|100/100|[from] U-turn
|
|-weather|SunnyDay|[upkeep]
|-heal|p1a: Ting-Lu|69/100|[from] item: Leftovers
|upkeep
|turn|4
|
|t:|1758932801
|move|p2a: Benimaru|Eruption|p1a: Ting-Lu
|-damage|p1a: Ting-Lu|1/100
|move|p1a: Ting-Lu|Earthquake|p2a: Benimaru
|-supereffective|p2a: Benimaru
|-damage|p2a: Benimaru|0 fnt
|faint|p2a: Benimaru
|
|-weather|SunnyDay|[upkeep]
|-heal|p1a: Ting-Lu|7/100|[from] item: Leftovers
|upkeep
|
|t:|1758932805
|switch|p2a: Leonardo|Walking Wake|100/100
|-activate|p2a: Leonardo|ability: Protosynthesis
|-start|p2a: Leonardo|protosynthesisspe
|turn|5
|
|t:|1758932810
|-terastallize|p1a: Ting-Lu|Fairy
|move|p2a: Leonardo|Flamethrower|p1a: Ting-Lu
|-damage|p1a: Ting-Lu|0 fnt
|faint|p1a: Ting-Lu
|
|-weather|SunnyDay|[upkeep]
|upkeep
|
|t:|1758932816
|switch|p1a: Ogerpon|Ogerpon-Wellspring, F|100/100
|turn|6
|
|t:|1758932820
|move|p2a: Leonardo|Flamethrower|p1a: Ogerpon
|-damage|p1a: Ogerpon|34/100
|move|p1a: Ogerpon|Knock Off|p2a: Leonardo
|-crit|p2a: Leonardo
|-damage|p2a: Leonardo|39/100
|-enditem|p2a: Leonardo|Choice Specs|[from] move: Knock Off|[of] p1a: Ogerpon
|
|-weather|SunnyDay|[upkeep]
|upkeep
|turn|7
|
|t:|1758932832
|switch|p1a: Skeledirge|Skeledirge, M|100/100
|move|p2a: Leonardo|Flamethrower|p1a: Skeledirge
|-resisted|p1a: Skeledirge
|-damage|p1a: Skeledirge|83/100
|
|-weather|SunnyDay|[upkeep]
|upkeep
|turn|8
|
|t:|1758932835
|switch|p1a: Ogerpon|Ogerpon-Wellspring, F|34/100
|-terastallize|p2a: Leonardo|Water
|move|p2a: Leonardo|Hydro Steam|p1a: Ogerpon
|-heal|p1a: Ogerpon|59/100|[from] ability: Water Absorb|[of] p2a: Leonardo
|
|-weather|none
|-end|p2a: Leonardo|Protosynthesis
|upkeep
|turn|9
|
|t:|1758932843
|-end|p2a: Leonardo|Protosynthesis|[silent]
|switch|p2a: Vulcan|Torkoal, M|100/100
|-weather|SunnyDay|[from] ability: Drought|[of] p2a: Vulcan
|switch|p1a: Corviknight|Corviknight, F|100/100
|-ability|p1a: Corviknight|Pressure
|
|-weather|SunnyDay|[upkeep]
|upkeep
|turn|10
|
|t:|1758932851
|switch|p2a: Obi|Great Tusk|33/100
|-activate|p2a: Obi|ability: Protosynthesis
|-start|p2a: Obi|protosynthesisspe
|move|p1a: Corviknight|U-turn|p2a: Obi
|-resisted|p2a: Obi
|-damage|p2a: Obi|28/100
|
|t:|1758932855
|switch|p1a: Ogerpon|Ogerpon-Wellspring, F|59/100|[from] U-turn
|
|-weather|SunnyDay|[upkeep]
|-heal|p2a: Obi|35/100|[from] item: Leftovers
|upkeep
|turn|11
|
|t:|1758932859
|move|p2a: Obi|Stealth Rock|p1a: Ogerpon
|-sidestart|p1: WogerHater|move: Stealth Rock
|move|p1a: Ogerpon|Synthesis|p1a: Ogerpon
|-heal|p1a: Ogerpon|100/100
|
|-weather|SunnyDay|[upkeep]
|-heal|p2a: Obi|41/100|[from] item: Leftovers
|upkeep
|turn|12
|
|t:|1758932863
|-end|p2a: Obi|Protosynthesis|[silent]
|switch|p2a: Hibana|Hatterene, F|100/100
|move|p1a: Ogerpon|Spikes|p2a: Hibana
|move|p2a: Hibana|Spikes|p1a: Ogerpon|[from] ability: Magic Bounce
|-sidestart|p1: WogerHater|Spikes
|
|-weather|SunnyDay|[upkeep]
|upkeep
|turn|13
|
|t:|1758932870
|move|p1a: Ogerpon|Ivy Cudgel|p2a: Hibana|[anim] Ivy Cudgel Water
|-damage|p2a: Hibana|78/100
|-enditem|p2a: Hibana|Eject Button
|
|t:|1758932872
|switch|p2a: Tamaki|Meowscarada, M|61/100
|
|-weather|SunnyDay|[upkeep]
|upkeep
|turn|14
|
|t:|1758932875
|move|p2a: Tamaki|U-turn|p1a: Ogerpon
|-start|p2a: Tamaki|typechange|Bug|[from] ability: Protean
|-supereffective|p1a: Ogerpon
|-damage|p1a: Ogerpon|27/100
|
|t:|1758932879
|switch|p2a: Hibana|Hatterene, F|78/100|[from] U-turn
|move|p1a: Ogerpon|Synthesis|p1a: Ogerpon
|-heal|p1a: Ogerpon|94/100
|
|-weather|SunnyDay|[upkeep]
|upkeep
|turn|15
|
|t:|1758932883
|switch|p1a: GAS.|Weezing-Galar, F|100/100
|-ability|p1a: GAS.|Neutralizing Gas
|move|p2a: Hibana|Nuzzle|p1a: GAS.
|-damage|p1a: GAS.|98/100
|-status|p1a: GAS.|par
|
|-weather|SunnyDay|[upkeep]
|upkeep
|turn|16
|
|t:|1758932886
|move|p2a: Hibana|Psychic Noise|p1a: GAS.
|-supereffective|p1a: GAS.
|-damage|p1a: GAS.|0 fnt
|faint|p1a: GAS.
|-end|p1a: GAS.|ability: Neutralizing Gas
|
|-weather|none
|upkeep
|
|t:|1758932889
|switch|p1a: Dragapult|Dragapult, F|100/100
|-damage|p1a: Dragapult|88/100|[from] Stealth Rock
|-damage|p1a: Dragapult|76/100|[from] Spikes
|turn|17
|
|t:|1758932893
|switch|p2a: Obi|Great Tusk|41/100
|move|p1a: Dragapult|Shadow Ball|p2a: Obi
|-damage|p2a: Obi|0 fnt
|faint|p2a: Obi
|-end|p2a: Obi|Protosynthesis|[silent]
|
|upkeep
|
|t:|1758932895
|switch|p2a: Tamaki|Meowscarada, M|61/100
|turn|18
|
|t:|1758932898
|move|p2a: Tamaki|U-turn|p1a: Dragapult
|-start|p2a: Tamaki|typechange|Bug|[from] ability: Protean
|-resisted|p1a: Dragapult
|-damage|p1a: Dragapult|54/100
|
|t:|1758932905
|switch|p2a: Vulcan|Torkoal, M|100/100|[from] U-turn
|-weather|SunnyDay|[from] ability: Drought|[of] p2a: Vulcan
|move|p1a: Dragapult|Shadow Ball|p2a: Vulcan
|-damage|p2a: Vulcan|35/100
|
|-weather|SunnyDay|[upkeep]
|upkeep
|turn|19
|
|t:|1758932908
|switch|p2a: Tamaki|Meowscarada, M|61/100
|move|p1a: Dragapult|Shadow Ball|p2a: Tamaki
|-resisted|p2a: Tamaki
|-damage|p2a: Tamaki|20/100
|
|-weather|SunnyDay|[upkeep]
|upkeep
|turn|20
|
|t:|1758932914
|switch|p1a: Corviknight|Corviknight, F|100/100
|-damage|p1a: Corviknight|88/100|[from] Stealth Rock
|-ability|p1a: Corviknight|Pressure
|move|p2a: Tamaki|U-turn|p1a: Corviknight
|-start|p2a: Tamaki|typechange|Bug|[from] ability: Protean
|-resisted|p1a: Corviknight
|-damage|p1a: Corviknight|82/100
|-damage|p2a: Tamaki|3/100|[from] item: Rocky Helmet|[of] p1a: Corviknight
|
|t:|1758932916
|switch|p2a: Leonardo|Walking Wake, tera:Water|39/100|[from] U-turn
|-activate|p2a: Leonardo|ability: Protosynthesis
|-start|p2a: Leonardo|protosynthesisspe
|
|-weather|SunnyDay|[upkeep]
|upkeep
|turn|21
|
|t:|1758932919
|move|p2a: Leonardo|Flamethrower|p1a: Corviknight
|-supereffective|p1a: Corviknight
|-damage|p1a: Corviknight|0 fnt
|faint|p1a: Corviknight
|
|-weather|SunnyDay|[upkeep]
|upkeep
|
|t:|1758932921
|switch|p1a: Ogerpon|Ogerpon-Wellspring, F|94/100
|-damage|p1a: Ogerpon|82/100|[from] Stealth Rock
|-damage|p1a: Ogerpon|69/100|[from] Spikes
|turn|22
|
|t:|1758932932
|-end|p2a: Leonardo|Protosynthesis|[silent]
|switch|p2a: Hibana|Hatterene, F|78/100
|move|p1a: Ogerpon|Synthesis|p1a: Ogerpon
|-heal|p1a: Ogerpon|100/100
|
|-weather|SunnyDay|[upkeep]
|upkeep
|turn|23
|
|t:|1758932936
|switch|p1a: Skeledirge|Skeledirge, M|83/100
|move|p2a: Hibana|Nuzzle|p1a: Skeledirge
|-damage|p1a: Skeledirge|80/100
|-status|p1a: Skeledirge|par
|
|-weather|SunnyDay|[upkeep]
|upkeep
|turn|24
|
|t:|1758932941
|move|p2a: Hibana|Psychic Noise|p1a: Skeledirge
|-damage|p1a: Skeledirge|54/100 par
|-start|p1a: Skeledirge|move: Heal Block
|move|p1a: Skeledirge|Torch Song|p2a: Hibana
|-crit|p2a: Hibana
|-damage|p2a: Hibana|6/100
|-boost|p1a: Skeledirge|spa|1
|
|-weather|SunnyDay|[upkeep]
|upkeep
|turn|25
|
|t:|1758932944
|move|p2a: Hibana|Healing Wish|p2a: Hibana
|faint|p2a: Hibana
|cant|p1a: Skeledirge|par
|
|-weather|none
|-end|p1a: Skeledirge|move: Heal Block
|upkeep
|
|t:|1758932948
|switch|p2a: Leonardo|Walking Wake, tera:Water|39/100
|-heal|p2a: Leonardo|100/100|[from] move: Healing Wish
|turn|26
|
|t:|1758932954
|move|p2a: Leonardo|Draco Meteor|p1a: Skeledirge
|-damage|p1a: Skeledirge|6/100 par
|-unboost|p2a: Leonardo|spa|2
|cant|p1a: Skeledirge|par
|
|upkeep
|turn|27
|
|t:|1758932960
|move|p2a: Leonardo|Dragon Pulse|p1a: Skeledirge
|-damage|p1a: Skeledirge|0 fnt
|faint|p1a: Skeledirge
|
|upkeep
|
|t:|1758932962
|switch|p1a: Ogerpon|Ogerpon-Wellspring, F|100/100
|-damage|p1a: Ogerpon|88/100|[from] Stealth Rock
|-damage|p1a: Ogerpon|76/100|[from] Spikes
|turn|28
|
|t:|1758932967
|-end|p2a: Leonardo|Protosynthesis|[silent]
|switch|p2a: Vulcan|Torkoal, M|35/100
|-weather|SunnyDay|[from] ability: Drought|[of] p2a: Vulcan
|move|p1a: Ogerpon|Spikes|p2a: Vulcan
|-sidestart|p2: DivineGabriel|Spikes
|
|-weather|SunnyDay|[upkeep]
|upkeep
|turn|29
|
|t:|1758932973
|move|p1a: Ogerpon|Ivy Cudgel|p2a: Vulcan|[anim] Ivy Cudgel Water
|-supereffective|p2a: Vulcan
|-damage|p2a: Vulcan|5/100
|move|p2a: Vulcan|Rapid Spin|p1a: Ogerpon
|-damage|p1a: Ogerpon|65/100
|-boost|p2a: Vulcan|spe|1
|-sideend|p2: DivineGabriel|Spikes|[from] move: Rapid Spin|[of] p2a: Vulcan
|
|-weather|SunnyDay|[upkeep]
|upkeep
|turn|30
|
|t:|1758932977
|switch|p2a: Tamaki|Meowscarada, M|3/100
|move|p1a: Ogerpon|Synthesis|p1a: Ogerpon
|-heal|p1a: Ogerpon|100/100
|
|-weather|SunnyDay|[upkeep]
|upkeep
|turn|31
|
|t:|1758932985
|move|p2a: Tamaki|Flower Trick|p1a: Ogerpon
|-start|p2a: Tamaki|typechange|Grass|[from] ability: Protean
|-crit|p1a: Ogerpon
|-damage|p1a: Ogerpon|49/100
|move|p1a: Ogerpon|Synthesis|p1a: Ogerpon
|-heal|p1a: Ogerpon|100/100
|
|-weather|SunnyDay|[upkeep]
|upkeep
|turn|32
|
|t:|1758932993
|move|p2a: Tamaki|Flower Trick|p1a: Ogerpon
|-crit|p1a: Ogerpon
|-damage|p1a: Ogerpon|44/100
|move|p1a: Ogerpon|Spikes|p2a: Tamaki
|-sidestart|p2: DivineGabriel|Spikes
|
|-weather|SunnyDay|[upkeep]
|upkeep
|turn|33
|-message|WogerHater forfeited.
|
|win|DivineGabriel
|raw|WogerHater's rating: 1865 &rarr; <strong>1845</strong><br />(-20 for losing)
|raw|DivineGabriel's rating: 1866 &rarr; <strong>1886</strong><br />(+20 for winning)
|l|☆WogerHater
|player|p1|
|l|☆DivineGabriel
|player|p2|
|l| kanailccolo
