|badge|p1|bronze|gen9ou|100-6
|html|<div class="broadcast-red"><strong>This battle is required to be public due to one or more player having a season medal.</strong><br />During the public phase, you can discuss the state of the ladder <a href="/seasondiscussion">in a special chatroom.</a></div>
|uhtml|medal-msg|<div class="broadcast-blue">Curious what those medals under the avatar are? PS now has Ladder Seasons! For more information, check out the <a href="https://www.smogon.com/forums/threads/3740067/">thread on Smogon.</a></div>
|raw|<div class="broadcast-blue"><strong>This battle is required to be public due to a player having a name starting with 'medal'.</div>
|j|‽JackRG1
|j|‽hyperpizza100
|t:|1759006467
|gametype|singles
|player|p1|JackRG1|dawn-gen4pt|1898
|player|p2|hyperpizza100|pokemonranger-gen4|1739
|gen|9
|tier|[Gen 9] OU
|rated|
|rule|HP Percentage Mod: HP is shown in percentages
|rule|Endless Battle Clause: Forcing endless battles is banned
|rule|Species Clause: Limit one of each Pokémon
|rule|OHKO Clause: OHKO moves are banned
|rule|Evasion Items Clause: Evasion items are banned
|rule|Evasion Moves Clause: Evasion moves are banned
|rule|Evasion Abilities Clause: Evasion abilities are banned
|rule|Sleep Moves Clause: Sleep-inducing moves are banned
|clearpoke
|poke|p1|Weezing-Galar, F|
|poke|p1|Ting-Lu|
|poke|p1|Corviknight, M|
|poke|p1|Skeledirge, M|
|poke|p1|Dragapult, F|
|poke|p1|Ogerpon-Wellspring, F|
|poke|p2|Pecharunt|
|poke|p2|Ting-Lu|
|poke|p2|Slowking-Galar, M|
|poke|p2|Zamazenta-*|
|poke|p2|Landorus-Therian, M|
|poke|p2|Meowscarada, F|
|teampreview
|inactive|Battle timer is ON: inactive players will automatically lose when time's up. (requested by JackRG1)
|inactive|hyperpizza100 has 120 seconds left.
|
|t:|1759006499
|teamsize|p1|6
|teamsize|p2|6
|start
|switch|p1a: Ting-Lu|Ting-Lu, shiny|100/100
|switch|p2a: Meowscarada|Meowscarada, F|100/100
|-ability|p1a: Ting-Lu|Vessel of Ruin
|turn|1
|j| PG Spectating
|
|t:|1759006508
|move|p2a: Meowscarada|U-turn|p1a: Ting-Lu
|-start|p2a: Meowscarada|typechange|Bug|[from] ability: Protean
|-supereffective|p1a: Ting-Lu
|-damage|p1a: Ting-Lu|64/100
|
|t:|1759006512
|switch|p2a: Landorus|Landorus-Therian, M|100/100|[from] U-turn
|-ability|p2a: Landorus|Intimidate|boost
|-unboost|p1a: Ting-Lu|atk|1
|move|p1a: Ting-Lu|Stealth Rock|p2a: Landorus
|-sidestart|p2: hyperpizza100|move: Stealth Rock
|
|-heal|p1a: Ting-Lu|70/100|[from] item: Leftovers
|upkeep
|turn|2
|
|t:|1759006522
|switch|p1a: Ogerpon|Ogerpon-Wellspring, F|100/100
|move|p2a: Landorus|Stealth Rock|p1a: Ogerpon
|-sidestart|p1: JackRG1|move: Stealth Rock
|
|upkeep
|turn|3
|j| lpgm10
|
|t:|1759006529
|switch|p2a: Pecharunt|Pecharunt|100/100
|move|p1a: Ogerpon|Knock Off|p2a: Pecharunt
|-supereffective|p2a: Pecharunt
|-damage|p2a: Pecharunt|66/100
|-enditem|p2a: Pecharunt|Heavy-Duty Boots|[from] move: Knock Off|[of] p1a: Ogerpon
|
|upkeep
|turn|4
|
|t:|1759006534
|move|p1a: Ogerpon|Spikes|p2a: Pecharunt
|-sidestart|p2: hyperpizza100|Spikes
|move|p2a: Pecharunt|Malignant Chain|p1a: Ogerpon
|-supereffective|p1a: Ogerpon
|-damage|p1a: Ogerpon|40/100
|-status|p1a: Ogerpon|tox
|-start|p1a: Ogerpon|confusion|[from] ability: Poison Puppeteer|[of] p2a: Pecharunt
|
|-damage|p1a: Ogerpon|33/100 tox|[from] psn
|upkeep
|turn|5
|
|t:|1759006539
|switch|p1a: Dragapult|Dragapult, F|100/100
|-damage|p1a: Dragapult|88/100|[from] Stealth Rock
|move|p2a: Pecharunt|Recover|p2a: Pecharunt
|-heal|p2a: Pecharunt|100/100
|
|upkeep
|turn|6
|
|t:|1759006543
|switch|p2a: Ting-Lu|Ting-Lu|100/100
|-damage|p2a: Ting-Lu|94/100|[from] Stealth Rock
|-damage|p2a: Ting-Lu|82/100|[from] Spikes
|-ability|p2a: Ting-Lu|Vessel of Ruin
|move|p1a: Dragapult|U-turn|p2a: Ting-Lu
|-supereffective|p2a: Ting-Lu
|-damage|p2a: Ting-Lu|63/100
|j| charizardnu33
|n| dsvdv|lpgm10
|l| dsvdv
|
|t:|1759006547
|switch|p1a: Ogerpon|Ogerpon-Wellspring, F|33/100 tox|[from] U-turn
|-damage|p1a: Ogerpon|21/100 tox|[from] Stealth Rock
|
|-heal|p2a: Ting-Lu|69/100|[from] item: Leftovers
|-damage|p1a: Ogerpon|15/100 tox|[from] psn
|upkeep
|turn|7
|
|t:|1759006555
|switch|p2a: Pecharunt|Pecharunt|100/100
|-damage|p2a: Pecharunt|88/100|[from] Stealth Rock
|-damage|p2a: Pecharunt|76/100|[from] Spikes
|move|p1a: Ogerpon|Synthesis|p1a: Ogerpon
|-heal|p1a: Ogerpon|65/100 tox
|
|-damage|p1a: Ogerpon|53/100 tox|[from] psn
|upkeep
|turn|8
|
|t:|1759006559
|switch|p1a: Corviknight|Corviknight, M|100/100
|-damage|p1a: Corviknight|88/100|[from] Stealth Rock
|-ability|p1a: Corviknight|Pressure
|move|p2a: Pecharunt|Malignant Chain|p1a: Corviknight
|-immune|p1a: Corviknight
|
|upkeep
|turn|9
|
|t:|1759006564
|move|p1a: Corviknight|U-turn|p2a: Pecharunt
|-resisted|p2a: Pecharunt
|-damage|p2a: Pecharunt|74/100
|
|t:|1759006567
|switch|p1a: Dragapult|Dragapult, F|88/100|[from] U-turn
|-damage|p1a: Dragapult|76/100|[from] Stealth Rock
|move|p2a: Pecharunt|Hex|p1a: Dragapult
|-supereffective|p1a: Dragapult
|-damage|p1a: Dragapult|18/100
|
|upkeep
|turn|10
|
|t:|1759006577
|switch|p2a: Ting-Lu|Ting-Lu|69/100
|-damage|p2a: Ting-Lu|63/100|[from] Stealth Rock
|-damage|p2a: Ting-Lu|50/100|[from] Spikes
|-ability|p2a: Ting-Lu|Vessel of Ruin
|move|p1a: Dragapult|Draco Meteor|p2a: Ting-Lu
|-damage|p2a: Ting-Lu|13/100
|-unboost|p1a: Dragapult|spa|2
|
|-heal|p2a: Ting-Lu|19/100|[from] item: Leftovers
|upkeep
|turn|11
|
|t:|1759006583
|switch|p2a: Slowking|Slowking-Galar, M|100/100
|move|p1a: Dragapult|Draco Meteor|p2a: Slowking
|-damage|p2a: Slowking|75/100
|-unboost|p1a: Dragapult|spa|2
|
|upkeep
|turn|12
|
|t:|1759006591
|switch|p1a: Ting-Lu|Ting-Lu, shiny|70/100
|-damage|p1a: Ting-Lu|64/100|[from] Stealth Rock
|-ability|p1a: Ting-Lu|Vessel of Ruin
|move|p2a: Slowking|Future Sight|p1a: Ting-Lu
|-start|p2a: Slowking|move: Future Sight
|
|-heal|p1a: Ting-Lu|70/100|[from] item: Leftovers
|upkeep
|turn|13
|
|t:|1759006596
|switch|p2a: Zamazenta|Zamazenta|100/100
|-ability|p2a: Zamazenta|Dauntless Shield|boost
|-boost|p2a: Zamazenta|def|1
|move|p1a: Ting-Lu|Earthquake|p2a: Zamazenta
|-damage|p2a: Zamazenta|76/100
|
|-heal|p1a: Ting-Lu|77/100|[from] item: Leftovers
|upkeep
|turn|14
|
|t:|1759006602
|switch|p1a: Skeledirge|Skeledirge, M|100/100
|move|p2a: Zamazenta|Close Combat|p1a: Skeledirge
|-immune|p1a: Skeledirge
|
|-end|p1a: Skeledirge|move: Future Sight
|-damage|p1a: Skeledirge|71/100
|upkeep
|turn|15
|
|t:|1759006610
|switch|p1a: Weezing|Weezing-Galar, F|100/100
|-ability|p1a: Weezing|Neutralizing Gas
|move|p2a: Zamazenta|Crunch|p1a: Weezing
|-resisted|p1a: Weezing
|-damage|p1a: Weezing|92/100
|-unboost|p1a: Weezing|def|1
|
|upkeep
|turn|16
|
|t:|1759006616
|-end|p1a: Weezing|ability: Neutralizing Gas
|switch|p1a: Corviknight|Corviknight, M|88/100
|-damage|p1a: Corviknight|75/100|[from] Stealth Rock
|-ability|p1a: Corviknight|Pressure
|move|p2a: Zamazenta|Heavy Slam|p1a: Corviknight
|-resisted|p1a: Corviknight
|-damage|p1a: Corviknight|69/100
|-damage|p2a: Zamazenta|60/100|[from] item: Rocky Helmet|[of] p1a: Corviknight
|
|upkeep
|turn|17
|
|t:|1759006623
|switch|p2a: Slowking|Slowking-Galar, M|100/100
|move|p1a: Corviknight|Roost|p1a: Corviknight
|-heal|p1a: Corviknight|100/100
|-singleturn|p1a: Corviknight|move: Roost
|
|upkeep
|turn|18
|
|t:|1759006628
|move|p1a: Corviknight|U-turn|p2a: Slowking
|-damage|p2a: Slowking|85/100
|
|t:|1759006630
|switch|p1a: Ting-Lu|Ting-Lu, shiny|77/100|[from] U-turn
|-damage|p1a: Ting-Lu|70/100|[from] Stealth Rock
|-ability|p1a: Ting-Lu|Vessel of Ruin
|move|p2a: Slowking|Future Sight|p1a: Ting-Lu
|-start|p2a: Slowking|move: Future Sight
|
|-heal|p1a: Ting-Lu|77/100|[from] item: Leftovers
|upkeep
|turn|19
|
|t:|1759006636
|move|p1a: Ting-Lu|Earthquake|p2a: Slowking
|-supereffective|p2a: Slowking
|-damage|p2a: Slowking|10/100
|-prepare|p2a: Slowking|Chilly Reception|[premajor]
|move|p2a: Slowking|Chilly Reception|p2a: Slowking
|-weather|Snowscape
|
|t:|1759006644
|switch|p2a: Zamazenta|Zamazenta|60/100|[from] Chilly Reception
|
|-weather|Snowscape|[upkeep]
|-heal|p1a: Ting-Lu|83/100|[from] item: Leftovers
|upkeep
|turn|20
|
|t:|1759006646
|move|p2a: Zamazenta|Close Combat|p1a: Ting-Lu
|-supereffective|p1a: Ting-Lu
|-damage|p1a: Ting-Lu|20/100
|-unboost|p2a: Zamazenta|def|1
|-unboost|p2a: Zamazenta|spd|1
|move|p1a: Ting-Lu|Earthquake|p2a: Zamazenta
|-damage|p2a: Zamazenta|8/100
|
|-weather|Snowscape|[upkeep]
|-end|p1a: Ting-Lu|move: Future Sight
|-immune|p1a: Ting-Lu
|-heal|p1a: Ting-Lu|26/100|[from] item: Leftovers
|upkeep
|turn|21
|
|t:|1759006656
|switch|p1a: Corviknight|Corviknight, M|100/100
|-damage|p1a: Corviknight|88/100|[from] Stealth Rock
|-ability|p1a: Corviknight|Pressure
|move|p2a: Zamazenta|Close Combat|p1a: Corviknight
|-damage|p1a: Corviknight|51/100
|-unboost|p2a: Zamazenta|def|1
|-unboost|p2a: Zamazenta|spd|1
|-damage|p2a: Zamazenta|0 fnt|[from] item: Rocky Helmet|[of] p1a: Corviknight
|faint|p2a: Zamazenta
|
|-weather|Snowscape|[upkeep]
|upkeep
|
|t:|1759006663
|switch|p2a: Landorus|Landorus-Therian, M|100/100
|-damage|p2a: Landorus|88/100|[from] Stealth Rock
|-ability|p2a: Landorus|Intimidate|boost
|-unboost|p1a: Corviknight|atk|1
|turn|22
|
|t:|1759006665
|switch|p1a: Ogerpon|Ogerpon-Wellspring, F|53/100 tox
|-damage|p1a: Ogerpon|41/100 tox|[from] Stealth Rock
|move|p2a: Landorus|U-turn|p1a: Ogerpon
|-supereffective|p1a: Ogerpon
|-damage|p1a: Ogerpon|0 fnt
|faint|p1a: Ogerpon
|
|t:|1759006670
|switch|p2a: Slowking|Slowking-Galar, M|43/100|[from] U-turn
|
|-weather|Snowscape|[upkeep]
|upkeep
|
|t:|1759006674
|switch|p1a: Dragapult|Dragapult, F|18/100
|-damage|p1a: Dragapult|6/100|[from] Stealth Rock
|turn|23
|
|t:|1759006677
|switch|p2a: Ting-Lu|Ting-Lu|19/100
|-damage|p2a: Ting-Lu|13/100|[from] Stealth Rock
|-damage|p2a: Ting-Lu|0 fnt|[from] Spikes
|faint|p2a: Ting-Lu
|move|p1a: Dragapult|Shadow Ball|p2: Ting-Lu|[notarget]
|-fail|p1a: Dragapult
|
|-weather|none
|upkeep
|
|t:|1759006680
|switch|p2a: Meowscarada|Meowscarada, F|100/100
|-damage|p2a: Meowscarada|88/100|[from] Stealth Rock
|-damage|p2a: Meowscarada|76/100|[from] Spikes
|turn|24
|
|t:|1759006684
|move|p2a: Meowscarada|U-turn|p1a: Dragapult
|-start|p2a: Meowscarada|typechange|Bug|[from] ability: Protean
|-resisted|p1a: Dragapult
|-damage|p1a: Dragapult|0 fnt
|faint|p1a: Dragapult
|
|t:|1759006687
|switch|p2a: Landorus|Landorus-Therian, M|88/100|[from] U-turn
|-damage|p2a: Landorus|76/100|[from] Stealth Rock
|
|upkeep
|
|t:|1759006694
|switch|p1a: Weezing|Weezing-Galar, F|92/100
|-ability|p1a: Weezing|Neutralizing Gas
|turn|25
|
|t:|1759006698
|move|p2a: Landorus|Taunt|p1a: Weezing
|-start|p1a: Weezing|move: Taunt
|move|p1a: Weezing|Sludge Bomb|p2a: Landorus
|-resisted|p2a: Landorus
|-damage|p2a: Landorus|61/100
|
|upkeep
|turn|26
|
|t:|1759006701
|move|p2a: Landorus|Earth Power|p1a: Weezing
|-supereffective|p1a: Weezing
|-damage|p1a: Weezing|0 fnt
|faint|p1a: Weezing
|-end|p1a: Weezing|ability: Neutralizing Gas
|
|upkeep
|
|t:|1759006707
|switch|p1a: Skeledirge|Skeledirge, M|71/100
|turn|27
|
|t:|1759006710
|-terastallize|p1a: Skeledirge|Dark
|move|p2a: Landorus|Taunt|p1a: Skeledirge
|-start|p1a: Skeledirge|move: Taunt
|move|p1a: Skeledirge|Torch Song|p2a: Landorus
|-damage|p2a: Landorus|30/100
|-boost|p1a: Skeledirge|spa|1
|
|upkeep
|turn|28
|
|t:|1759006714
|move|p2a: Landorus|U-turn|p1a: Skeledirge
|-supereffective|p1a: Skeledirge
|-damage|p1a: Skeledirge|38/100
|j| Disscratch
|
|t:|1759006722
|switch|p2a: Slowking|Slowking-Galar, M|77/100|[from] U-turn
|move|p1a: Skeledirge|Torch Song|p2a: Slowking
|-crit|p2a: Slowking
|-damage|p2a: Slowking|35/100
|-boost|p1a: Skeledirge|spa|1
|
|upkeep
|turn|29
|
|t:|1759006728
|move|p1a: Skeledirge|Torch Song|p2a: Slowking
|-damage|p2a: Slowking|0 fnt
|-boost|p1a: Skeledirge|spa|1
|faint|p2a: Slowking
|
|-end|p1a: Skeledirge|move: Taunt
|upkeep
|
|t:|1759006732
|switch|p2a: Meowscarada|Meowscarada, F|76/100
|-damage|p2a: Meowscarada|64/100|[from] Stealth Rock
|-damage|p2a: Meowscarada|51/100|[from] Spikes
|turn|30
|
|t:|1759006739
|switch|p1a: Corviknight|Corviknight, M|51/100
|-damage|p1a: Corviknight|39/100|[from] Stealth Rock
|-ability|p1a: Corviknight|Pressure
|move|p2a: Meowscarada|U-turn|p1a: Corviknight
|-start|p2a: Meowscarada|typechange|Bug|[from] ability: Protean
|-resisted|p1a: Corviknight
|-damage|p1a: Corviknight|33/100
|-damage|p2a: Meowscarada|35/100|[from] item: Rocky Helmet|[of] p1a: Corviknight
|
|t:|1759006744
|switch|p2a: Landorus|Landorus-Therian, M|30/100|[from] U-turn
|-damage|p2a: Landorus|18/100|[from] Stealth Rock
|-ability|p2a: Landorus|Intimidate|boost
|-unboost|p1a: Corviknight|atk|1
|
|upkeep
|turn|31
|
|t:|1759006750
|switch|p1a: Ting-Lu|Ting-Lu, shiny|26/100
|-damage|p1a: Ting-Lu|20/100|[from] Stealth Rock
|-ability|p1a: Ting-Lu|Vessel of Ruin
|move|p2a: Landorus|Taunt|p1a: Ting-Lu
|-start|p1a: Ting-Lu|move: Taunt
|
|-heal|p1a: Ting-Lu|26/100|[from] item: Leftovers
|upkeep
|turn|32
|
|t:|1759006756
|move|p2a: Landorus|Earth Power|p1a: Ting-Lu
|-damage|p1a: Ting-Lu|13/100
|move|p1a: Ting-Lu|Heavy Slam|p2a: Landorus
|-crit|p2a: Landorus
|-damage|p2a: Landorus|0 fnt
|-damage|p1a: Ting-Lu|0 fnt|[from] item: Rocky Helmet|[of] p2a: Landorus
|faint|p2a: Landorus
|faint|p1a: Ting-Lu
|
|upkeep
|
|t:|1759006769
|switch|p2a: Pecharunt|Pecharunt|74/100
|switch|p1a: Skeledirge|Skeledirge, M, tera:Dark|38/100
|-damage|p2a: Pecharunt|62/100|[from] Stealth Rock
|-damage|p2a: Pecharunt|49/100|[from] Spikes
|turn|33
|
|t:|1759006773
|-terastallize|p2a: Pecharunt|Water
|move|p2a: Pecharunt|Malignant Chain|p1a: Skeledirge
|-damage|p1a: Skeledirge|17/100
|move|p1a: Skeledirge|Slack Off|p1a: Skeledirge
|-heal|p1a: Skeledirge|67/100
|
|upkeep
|turn|34
|
|t:|1759006776
|move|p2a: Pecharunt|Malignant Chain|p1a: Skeledirge
|-damage|p1a: Skeledirge|46/100
|-status|p1a: Skeledirge|tox
|-start|p1a: Skeledirge|confusion|[from] ability: Poison Puppeteer|[of] p2a: Pecharunt
|-activate|p1a: Skeledirge|confusion
|-damage|p1a: Skeledirge|41/100 tox|[from] confusion
|
|-damage|p1a: Skeledirge|35/100 tox|[from] psn
|upkeep
|turn|35
|
|t:|1759006779
|move|p2a: Pecharunt|Recover|p2a: Pecharunt
|-heal|p2a: Pecharunt|99/100
|-activate|p1a: Skeledirge|confusion
|-damage|p1a: Skeledirge|30/100 tox|[from] confusion
|
|-damage|p1a: Skeledirge|18/100 tox|[from] psn
|upkeep
|turn|36
|
|t:|1759006783
|move|p2a: Pecharunt|Malignant Chain|p1a: Skeledirge
|-damage|p1a: Skeledirge|0 fnt
|faint|p1a: Skeledirge
|
|upkeep
|
|t:|1759006784
|switch|p1a: Corviknight|Corviknight, M|33/100
|-damage|p1a: Corviknight|21/100|[from] Stealth Rock
|-ability|p1a: Corviknight|Pressure
|turn|37
|
|t:|1759006787
|move|p1a: Corviknight|Roost|p1a: Corviknight
|-heal|p1a: Corviknight|71/100
|-singleturn|p1a: Corviknight|move: Roost
|move|p2a: Pecharunt|Nasty Plot|p2a: Pecharunt
|-boost|p2a: Pecharunt|spa|2
|
|upkeep
|turn|38
|-message|JackRG1 forfeited.
|
|win|hyperpizza100
|raw|JackRG1's rating: 1898 &rarr; <strong>1869</strong><br />(-29 for losing)
|raw|hyperpizza100's rating: 1739 &rarr; <strong>1768</strong><br />(+29 for winning)
|l|‽JackRG1
|player|p1|
|l| Disscratch
|l|‽hyperpizza100
|player|p2|
