|j|☆Naz-sama
|j|☆nicolandria12
|t:|1759035900
|gametype|singles
|player|p1|Naz-sama|lady|1562
|player|p2|nicolandria12|266|1535
|gen|9
|tier|[Gen 9] OU
|rated|
|rule|HP Percentage Mod: HP is shown in percentages
|rule|Endless Battle Clause: Forcing endless battles is banned
|rule|Species Clause: Limit one of each Pokémon
|rule|OHKO Clause: OHKO moves are banned
|rule|Evasion Items Clause: Evasion items are banned
|rule|Evasion Moves Clause: Evasion moves are banned
|rule|Evasion Abilities Clause: Evasion abilities are banned
|rule|Sleep Moves Clause: Sleep-inducing moves are banned
|clearpoke
|poke|p1|Pelipper, M|
|poke|p1|Iron Treads|
|poke|p1|Hatterene, F|
|poke|p1|Toxicroak, M|
|poke|p1|Barraskewda, M|
|poke|p1|Talonflame, M|
|poke|p2|Moltres|
|poke|p2|Ogerpon-Wellspring, F|
|poke|p2|Iron Treads|
|poke|p2|Slowking-Galar, M|
|poke|p2|Zamazenta-*|
|poke|p2|Clefable, M|
|teampreview
|inactive|Battle timer is ON: inactive players will automatically lose when time's up. (requested by nicolandria12)
|inactive|Naz-sama also wants the timer to be on.
|
|t:|1759035912
|teamsize|p1|6
|teamsize|p2|6
|start
|switch|p1a: Pelipper|Pelipper, M|100/100
|switch|p2a: Clefable|Clefable, M|100/100
|-weather|RainDance|[from] ability: Drizzle|[of] p1a: Pelipper
|turn|1
|
|t:|1759035934
|switch|p1a: Hatterene|Hatterene, F|100/100
|move|p2a: Clefable|Thunderbolt|p1a: Hatterene
|-damage|p1a: Hatterene|70/100
|-status|p1a: Hatterene|par
|-enditem|p1a: Hatterene|Eject Button
|inactive|Naz-sama has 120 seconds left.
|
|t:|1759035961
|switch|p1a: Barraskewda|Barraskewda, M|100/100
|
|-weather|RainDance|[upkeep]
|upkeep
|turn|2
|
|t:|1759035969
|move|p1a: Barraskewda|Flip Turn|p2a: Clefable
|-damage|p2a: Clefable|17/100
|
|t:|1759035974
|switch|p1a: Iron Treads|Iron Treads|100/100|[from] Flip Turn
|move|p2a: Clefable|Thunder Wave|p1a: Iron Treads
|-immune|p1a: Iron Treads
|
|-weather|RainDance|[upkeep]
|upkeep
|turn|3
|
|t:|1759035989
|switch|p2a: Ogerpon|Ogerpon-Wellspring, F|100/100
|move|p1a: Iron Treads|Rapid Spin|p2a: Ogerpon
|-damage|p2a: Ogerpon|82/100
|-boost|p1a: Iron Treads|spe|1
|
|-weather|RainDance|[upkeep]
|upkeep
|turn|4
|
|t:|1759035997
|move|p1a: Iron Treads|Volt Switch|p2a: Ogerpon
|-damage|p2a: Ogerpon|68/100
|
|t:|1759036001
|-end|p1a: Iron Treads|Quark Drive|[silent]
|switch|p1a: Toxicroak|Toxicroak, M|100/100|[from] Volt Switch
|move|p2a: Ogerpon|Ivy Cudgel|p1a: Toxicroak|[anim] Ivy Cudgel Water
|-immune|p1a: Toxicroak|[from] ability: Dry Skin
|
|-weather|RainDance|[upkeep]
|upkeep
|turn|5
|
|t:|1759036011
|switch|p2a: Slowking|Slowking-Galar, M|100/100
|move|p1a: Toxicroak|Knock Off|p2a: Slowking
|-supereffective|p2a: Slowking
|-damage|p2a: Slowking|51/100
|-enditem|p2a: Slowking|Leftovers|[from] move: Knock Off|[of] p1a: Toxicroak
|
|-weather|RainDance|[upkeep]
|upkeep
|turn|6
|
|t:|1759036020
|move|p1a: Toxicroak|Knock Off|p2a: Slowking
|-supereffective|p2a: Slowking
|-crit|p2a: Slowking
|-damage|p2a: Slowking|0 fnt
|faint|p2a: Slowking
|
|-weather|RainDance|[upkeep]
|upkeep
|
|t:|1759036028
|switch|p2a: Moltres|Moltres|100/100
|turn|7
|
|t:|1759036034
|switch|p1a: Hatterene|Hatterene, F|70/100 par
|move|p2a: Moltres|Will-O-Wisp|p1a: Hatterene
|move|p1a: Hatterene|Will-O-Wisp|p2a: Moltres|[from] ability: Magic Bounce
|-immune|p2a: Moltres
|
|-weather|RainDance|[upkeep]
|upkeep
|turn|8
|
|t:|1759036050
|switch|p2a: Iron Treads|Iron Treads|100/100
|move|p1a: Hatterene|Nuzzle|p2a: Iron Treads
|-immune|p2a: Iron Treads
|
|-weather|none
|upkeep
|turn|9
|
|t:|1759036064
|switch|p1a: Pelipper|Pelipper, M|100/100
|-weather|RainDance|[from] ability: Drizzle|[of] p1a: Pelipper
|move|p2a: Iron Treads|Earthquake|p1a: Pelipper
|-immune|p1a: Pelipper
|
|-weather|RainDance|[upkeep]
|upkeep
|turn|10
|
|t:|1759036073
|-end|p2a: Iron Treads|Quark Drive|[silent]
|switch|p2a: Ogerpon|Ogerpon-Wellspring, F|68/100
|move|p1a: Pelipper|U-turn|p2a: Ogerpon
|-supereffective|p2a: Ogerpon
|-damage|p2a: Ogerpon|45/100
|
|t:|1759036080
|switch|p1a: Talonflame|Talonflame, M|100/100|[from] U-turn
|
|-weather|RainDance|[upkeep]
|upkeep
|turn|11
|
|t:|1759036093
|switch|p2a: Iron Treads|Iron Treads|100/100
|move|p1a: Talonflame|Hurricane|p2a: Iron Treads
|-resisted|p2a: Iron Treads
|-damage|p2a: Iron Treads|69/100
|
|-weather|RainDance|[upkeep]
|upkeep
|turn|12
|inactive|Naz-sama has 120 seconds left.
|inactive|nicolandria12 has 120 seconds left.
|
|t:|1759036144
|switch|p1a: Hatterene|Hatterene, F|70/100 par
|move|p2a: Iron Treads|Heavy Slam|p1a: Hatterene
|-supereffective|p1a: Hatterene
|-damage|p1a: Hatterene|0 fnt
|faint|p1a: Hatterene
|
|-weather|RainDance|[upkeep]
|upkeep
|inactive|Naz-sama has 90 seconds left.
|
|t:|1759036176
|switch|p1a: Barraskewda|Barraskewda, M|100/100
|turn|13
|
|t:|1759036190
|-end|p2a: Iron Treads|Quark Drive|[silent]
|switch|p2a: Ogerpon|Ogerpon-Wellspring, F|45/100
|move|p1a: Barraskewda|Close Combat|p2a: Ogerpon
|-damage|p2a: Ogerpon|0 fnt
|-unboost|p1a: Barraskewda|def|1
|-unboost|p1a: Barraskewda|spd|1
|faint|p2a: Ogerpon
|
|-weather|RainDance|[upkeep]
|upkeep
|
|t:|1759036207
|switch|p2a: Zamazenta|Zamazenta|100/100
|-ability|p2a: Zamazenta|Dauntless Shield|boost
|-boost|p2a: Zamazenta|def|1
|turn|14
|inactive|nicolandria12 has 90 seconds left.
|
|t:|1759036229
|switch|p1a: Toxicroak|Toxicroak, M|100/100
|move|p2a: Zamazenta|Stone Edge|p1a: Toxicroak
|-resisted|p1a: Toxicroak
|-crit|p1a: Toxicroak
|-damage|p1a: Toxicroak|82/100
|
|-weather|RainDance|[upkeep]
|-heal|p1a: Toxicroak|95/100|[from] ability: Dry Skin
|upkeep
|turn|15
|inactive|nicolandria12 has 90 seconds left.
|
|t:|1759036243
|switch|p2a: Moltres|Moltres|100/100
|move|p1a: Toxicroak|Knock Off|p2a: Moltres
|-damage|p2a: Moltres|84/100
|-enditem|p2a: Moltres|Heavy-Duty Boots|[from] move: Knock Off|[of] p1a: Toxicroak
|
|-weather|RainDance|[upkeep]
|-heal|p1a: Toxicroak|100/100|[from] ability: Dry Skin
|upkeep
|turn|16
|inactive|nicolandria12 has 90 seconds left.
|
|t:|1759036258
|move|p2a: Moltres|Will-O-Wisp|p1a: Toxicroak
|-status|p1a: Toxicroak|brn
|move|p1a: Toxicroak|Toxic|p2a: Moltres
|-status|p2a: Moltres|tox
|
|-weather|none
|-damage|p2a: Moltres|78/100 tox|[from] psn
|-damage|p1a: Toxicroak|94/100 brn|[from] brn
|upkeep
|turn|17
|inactive|nicolandria12 has 90 seconds left.
|
|t:|1759036277
|switch|p1a: Pelipper|Pelipper, M|100/100
|-weather|RainDance|[from] ability: Drizzle|[of] p1a: Pelipper
|move|p2a: Moltres|Flamethrower|p1a: Pelipper
|-resisted|p1a: Pelipper
|-damage|p1a: Pelipper|91/100
|
|-weather|RainDance|[upkeep]
|-damage|p2a: Moltres|66/100 tox|[from] psn
|upkeep
|turn|18
|
|t:|1759036295
|switch|p2a: Zamazenta|Zamazenta|100/100
|move|p1a: Pelipper|U-turn|p2a: Zamazenta
|-resisted|p2a: Zamazenta
|-damage|p2a: Zamazenta|97/100
|
|t:|1759036309
|switch|p1a: Talonflame|Talonflame, M|100/100|[from] U-turn
|
|-weather|RainDance|[upkeep]
|-heal|p2a: Zamazenta|100/100|[from] item: Leftovers
|upkeep
|turn|19
|
|t:|1759036319
|move|p1a: Talonflame|Hurricane|p2a: Zamazenta
|-supereffective|p2a: Zamazenta
|-damage|p2a: Zamazenta|0 fnt
|faint|p2a: Zamazenta
|
|-weather|RainDance|[upkeep]
|upkeep
|
|t:|1759036328
|switch|p2a: Iron Treads|Iron Treads|69/100
|turn|20
|inactive|Naz-sama has 120 seconds left.
|
|t:|1759036338
|-terastallize|p1a: Talonflame|Flying
|move|p1a: Talonflame|Hurricane|p2a: Iron Treads
|-resisted|p2a: Iron Treads
|-damage|p2a: Iron Treads|20/100
|move|p2a: Iron Treads|Heavy Slam|p1a: Talonflame
|-damage|p1a: Talonflame|20/100
|
|-weather|RainDance|[upkeep]
|upkeep
|turn|21
|inactive|Naz-sama has 120 seconds left.
|inactive|nicolandria12 has 90 seconds left.
|
|t:|1759036362
|move|p1a: Talonflame|Hurricane|p2a: Iron Treads
|-resisted|p2a: Iron Treads
|-damage|p2a: Iron Treads|0 fnt
|faint|p2a: Iron Treads
|-end|p2a: Iron Treads|Quark Drive|[silent]
|
|-weather|RainDance|[upkeep]
|upkeep
|
|t:|1759036369
|switch|p2a: Moltres|Moltres|66/100 tox
|turn|22
|inactive|nicolandria12 has 60 seconds left.
|inactive|nicolandria12 has 30 seconds left.
|inactive|nicolandria12 has 20 seconds left.
|inactive|nicolandria12 has 15 seconds left.
|inactive|nicolandria12 has 10 seconds left.
|inactive|nicolandria12 has 5 seconds left.
|-message|nicolandria12 lost due to inactivity.
|
|win|Naz-sama
|raw|Naz-sama's rating: 1562 &rarr; <strong>1579</strong><br />(+17 for winning)
|raw|nicolandria12's rating: 1517 &rarr; <strong>1500</strong><br />(-17 for losing)
|l|☆Naz-sama
|player|p1|
