|j|☆MMQZA18
|j|‽kanenokami
|t:|1759035971
|gametype|singles
|player|p1|MMQZA18|fisherman-gen4|1475
|player|p2|kanenokami|ghetsis|1467
|gen|9
|tier|[Gen 9] OU
|rated|
|rule|HP Percentage Mod: HP is shown in percentages
|rule|Endless Battle Clause: Forcing endless battles is banned
|rule|Species Clause: Limit one of each Pokémon
|rule|OHKO Clause: OHKO moves are banned
|rule|Evasion Items Clause: Evasion items are banned
|rule|Evasion Moves Clause: Evasion moves are banned
|rule|Evasion Abilities Clause: Evasion abilities are banned
|rule|Sleep Moves Clause: Sleep-inducing moves are banned
|clearpoke
|poke|p1|Charizard, M|
|poke|p1|Torkoal, F|
|poke|p1|Hatterene, F|
|poke|p1|Great Tusk|
|poke|p1|Lilligant-Hisui, F|
|poke|p1|Walking Wake|
|poke|p2|Excadrill, M|
|poke|p2|Tyranitar, F|
|poke|p2|Ogerpon-Wellspring, F|
|poke|p2|Weezing-Galar, F|
|poke|p2|Moltres|
|poke|p2|Gholdengo|
|teampreview
|inactive|Battle timer is ON: inactive players will automatically lose when time's up. (requested by kanenokami)
|
|t:|1759035985
|teamsize|p1|6
|teamsize|p2|6
|start
|switch|p1a: 河内恭介|Torkoal, F|100/100
|switch|p2a: Gholdengo|Gholdengo|100/100
|-weather|SunnyDay|[from] ability: Drought|[of] p1a: 河内恭介
|turn|1
|
|t:|1759035995
|switch|p1a: 梓川月乃|Hatterene, F|100/100
|move|p2a: Gholdengo|Trick|p1a: 梓川月乃
|-activate|p2a: Gholdengo|move: Trick|[of] p1a: 梓川月乃
|-item|p1a: 梓川月乃|Choice Scarf|[from] move: Trick
|-item|p2a: Gholdengo|Eject Button|[from] move: Trick
|
|-weather|SunnyDay|[upkeep]
|upkeep
|turn|2
|
|t:|1759036005
|move|p2a: Gholdengo|Make It Rain|p1a: 梓川月乃
|-supereffective|p1a: 梓川月乃
|-damage|p1a: 梓川月乃|0 fnt
|-unboost|p2a: Gholdengo|spa|1
|faint|p1a: 梓川月乃
|
|-weather|SunnyDay|[upkeep]
|upkeep
|inactive|MMQZA18 has 120 seconds left.
|
|t:|1759036038
|switch|p1a: 东和马|Charizard, M|100/100
|turn|3
|inactive|MMQZA18 has 120 seconds left.
|inactive|kanenokami has 120 seconds left.
|
|t:|1759036082
|switch|p2a: Tyranitar|Tyranitar, F|100/100
|-weather|Sandstorm|[from] ability: Sand Stream|[of] p2a: Tyranitar
|move|p1a: 东和马|Focus Blast|p2a: Tyranitar
|-supereffective|p2a: Tyranitar
|-damage|p2a: Tyranitar|6/100
|
|-weather|Sandstorm|[upkeep]
|-damage|p1a: 东和马|94/100|[from] Sandstorm
|upkeep
|turn|4
|inactive|MMQZA18 has 120 seconds left.
|
|t:|1759036111
|switch|p1a: 河内恭介|Torkoal, F|100/100
|-weather|SunnyDay|[from] ability: Drought|[of] p1a: 河内恭介
|switch|p2a: Moltres|Moltres|100/100
|
|-weather|SunnyDay|[upkeep]
|upkeep
|turn|5
|
|t:|1759036120
|move|p2a: Moltres|Flamethrower|p1a: 河内恭介
|-resisted|p1a: 河内恭介
|-damage|p1a: 河内恭介|56/100
|move|p1a: 河内恭介|Stealth Rock|p2a: Moltres
|-sidestart|p2: kanenokami|move: Stealth Rock
|
|-weather|SunnyDay|[upkeep]
|upkeep
|turn|6
|inactive|MMQZA18 has 120 seconds left.
|
|t:|1759036146
|switch|p1a: 东和马|Charizard, M|94/100
|move|p2a: Moltres|Flamethrower|p1a: 东和马
|-resisted|p1a: 东和马
|-damage|p1a: 东和马|48/100
|
|-weather|SunnyDay|[upkeep]
|-damage|p1a: 东和马|36/100|[from] ability: Solar Power|[of] p1a: 东和马
|upkeep
|turn|7
|inactive|kanenokami has 90 seconds left.
|
|t:|1759036200
|-terastallize|p2a: Moltres|Water
|move|p1a: 东和马|Overheat|p2a: Moltres
|-resisted|p2a: Moltres
|-damage|p2a: Moltres|0 fnt
|-unboost|p1a: 东和马|spa|2
|faint|p2a: Moltres
|
|-weather|SunnyDay|[upkeep]
|-damage|p1a: 东和马|23/100|[from] ability: Solar Power|[of] p1a: 东和马
|upkeep
|
|t:|1759036210
|switch|p2a: Ogerpon|Ogerpon-Wellspring, F|100/100
|-damage|p2a: Ogerpon|88/100|[from] Stealth Rock
|turn|8
|
|t:|1759036219
|switch|p1a: 诹访原戒|Lilligant-Hisui, F|100/100
|move|p2a: Ogerpon|U-turn|p1a: 诹访原戒
|-damage|p1a: 诹访原戒|55/100
|
|t:|1759036224
|switch|p2a: Weezing|Weezing-Galar, F|100/100|[from] U-turn
|
|-weather|SunnyDay|[upkeep]
|upkeep
|turn|9
|inactive|MMQZA18 has 90 seconds left.
|inactive|MMQZA18 has 60 seconds left.
|
|t:|1759036287
|switch|p1a: 冠茂|Walking Wake|100/100
|-activate|p1a: 冠茂|ability: Protosynthesis
|-start|p1a: 冠茂|protosynthesisspe
|move|p2a: Weezing|Defog|p1a: 冠茂
|-unboost|p1a: 冠茂|evasion|1
|-sideend|p2: kanenokami|Stealth Rock|[from] move: Defog|[of] p2a: Weezing
|
|-weather|SunnyDay|[upkeep]
|upkeep
|turn|10
|inactive|kanenokami has 90 seconds left.
|
|t:|1759036300
|switch|p2a: Ogerpon|Ogerpon-Wellspring, F|88/100
|move|p1a: 冠茂|Flamethrower|p2a: Ogerpon
|-damage|p2a: Ogerpon|13/100
|
|-weather|SunnyDay|[upkeep]
|upkeep
|turn|11
|inactive|kanenokami has 90 seconds left.
|
|t:|1759036312
|move|p1a: 冠茂|Flamethrower|p2a: Ogerpon
|-crit|p2a: Ogerpon
|-damage|p2a: Ogerpon|0 fnt
|faint|p2a: Ogerpon
|
|-weather|none
|-end|p1a: 冠茂|Protosynthesis
|upkeep
|
|t:|1759036315
|switch|p2a: Tyranitar|Tyranitar, F|6/100
|-weather|Sandstorm|[from] ability: Sand Stream|[of] p2a: Tyranitar
|turn|12
|
|t:|1759036322
|switch|p2a: Gholdengo|Gholdengo|100/100
|move|p1a: 冠茂|Flamethrower|p2a: Gholdengo
|-supereffective|p2a: Gholdengo
|-damage|p2a: Gholdengo|0 fnt
|faint|p2a: Gholdengo
|
|-weather|Sandstorm|[upkeep]
|-damage|p1a: 冠茂|94/100|[from] Sandstorm
|upkeep
|
|t:|1759036324
|switch|p2a: Excadrill|Excadrill, M|100/100
|-item|p2a: Excadrill|Air Balloon
|turn|13
|-message|kanenokami forfeited.
|
|win|MMQZA18
|raw|MMQZA18's rating: 1475 &rarr; <strong>1495</strong><br />(+20 for winning)
|raw|kanenokami's rating: 1467 &rarr; <strong>1447</strong><br />(-20 for losing)
|l|‽kanenokami
|player|p2|
