|badge|p1|bronze|gen9randombattle|100-6
|uhtml|medal-msg|<div class="broadcast-blue">Curious what those medals under the avatar are? PS now has Ladder Seasons! For more information, check out the <a href="https://www.smogon.com/forums/threads/3740067/">thread on Smogon.</a></div>
|j|☆Playing Foul
|j|☆suhui_
|t:|1759035540
|gametype|singles
|player|p1|Playing Foul|ethan-gen2|1754
|player|p2|suhui_|170|1657
|gen|9
|tier|[Gen 9] OU
|rated|
|rule|HP Percentage Mod: HP is shown in percentages
|rule|Endless Battle Clause: Forcing endless battles is banned
|rule|Species Clause: Limit one of each Pokémon
|rule|OHKO Clause: OHKO moves are banned
|rule|Evasion Items Clause: Evasion items are banned
|rule|Evasion Moves Clause: Evasion moves are banned
|rule|Evasion Abilities Clause: Evasion abilities are banned
|rule|Sleep Moves Clause: Sleep-inducing moves are banned
|clearpoke
|poke|p1|Iron Treads|
|poke|p1|Zamazenta-*|
|poke|p1|Landorus-Therian, M|
|poke|p1|Slowking-Galar, F|
|poke|p1|Alomomola, M|
|poke|p1|Dragapult, F|
|poke|p2|Glimmora, M|
|poke|p2|Darkrai|
|poke|p2|Raging Bolt|
|poke|p2|Kingambit, F|
|poke|p2|Primarina, F|
|poke|p2|Iron Valiant|
|teampreview
|
|t:|1759035548
|teamsize|p1|6
|teamsize|p2|6
|start
|switch|p1a: Zamazenta|Zamazenta|100/100
|switch|p2a: Primarina|Primarina, F|100/100
|-ability|p1a: Zamazenta|Dauntless Shield|boost
|-boost|p1a: Zamazenta|def|1
|turn|1
|inactive|Battle timer is ON: inactive players will automatically lose when time's up. (requested by Playing Foul)
|
|t:|1759035556
|-terastallize|p1a: Zamazenta|Steel
|move|p1a: Zamazenta|Heavy Slam|p2a: Primarina
|-damage|p2a: Primarina|55/100
|move|p2a: Primarina|Calm Mind|p2a: Primarina
|-boost|p2a: Primarina|spa|1
|-boost|p2a: Primarina|spd|1
|
|upkeep
|turn|2
|
|t:|1759035564
|move|p1a: Zamazenta|Body Press|p2a: Primarina
|-resisted|p2a: Primarina
|-damage|p2a: Primarina|26/100
|move|p2a: Primarina|Surf|p1a: Zamazenta
|-damage|p1a: Zamazenta|12/100
|
|-heal|p1a: Zamazenta|19/100|[from] item: Leftovers
|upkeep
|turn|3
|
|t:|1759035572
|switch|p2a: Glimmora|Glimmora, M|100/100
|move|p1a: Zamazenta|Body Press|p2a: Glimmora
|-crit|p2a: Glimmora
|-damage|p2a: Glimmora|15/100
|-activate|p2a: Glimmora|ability: Toxic Debris
|-sidestart|p1: Playing Foul|move: Toxic Spikes
|-enditem|p2a: Glimmora|Red Card|[of] p1a: Zamazenta
|drag|p1a: Dragapult|Dragapult, F, shiny|100/100
|-status|p1a: Dragapult|psn
|
|-damage|p1a: Dragapult|88/100 psn|[from] psn
|upkeep
|turn|4
|
|t:|1759035579
|move|p1a: Dragapult|U-turn|p2a: Glimmora
|-resisted|p2a: Glimmora
|-damage|p2a: Glimmora|5/100
|-activate|p2a: Glimmora|ability: Toxic Debris
|-sidestart|p1: Playing Foul|move: Toxic Spikes
|
|t:|1759035587
|switch|p1a: Zamazenta|Zamazenta, tera:Steel|19/100|[from] U-turn
|move|p2a: Glimmora|Stealth Rock|p1a: Zamazenta
|-sidestart|p1: Playing Foul|move: Stealth Rock
|
|-heal|p1a: Zamazenta|25/100|[from] item: Leftovers
|upkeep
|turn|5
|
|t:|1759035595
|move|p1a: Zamazenta|Body Press|p2a: Glimmora
|-damage|p2a: Glimmora|0 fnt
|faint|p2a: Glimmora
|
|-heal|p1a: Zamazenta|31/100|[from] item: Leftovers
|upkeep
|
|t:|1759035607
|switch|p2a: Raging Bolt|Raging Bolt|100/100
|-enditem|p2a: Raging Bolt|Booster Energy
|-activate|p2a: Raging Bolt|ability: Protosynthesis|[fromitem]
|-start|p2a: Raging Bolt|protosynthesisspa
|turn|6
|
|t:|1759035622
|-end|p2a: Raging Bolt|Protosynthesis|[silent]
|switch|p2a: Primarina|Primarina, F|26/100
|move|p1a: Zamazenta|Body Press|p2a: Primarina
|-resisted|p2a: Primarina
|-damage|p2a: Primarina|8/100
|
|-heal|p1a: Zamazenta|37/100|[from] item: Leftovers
|upkeep
|turn|7
|-enditem|p2a: Primarina|Custap Berry|[eat]
|-activate|p2a: Primarina|item: Custap Berry|[consumed]
|
|t:|1759035629
|move|p2a: Primarina|Surf|p1a: Zamazenta
|-damage|p1a: Zamazenta|0 fnt
|faint|p1a: Zamazenta
|
|upkeep
|
|t:|1759035636
|switch|p1a: Iron Treads|Iron Treads, shiny|100/100
|-damage|p1a: Iron Treads|97/100|[from] Stealth Rock
|-enditem|p1a: Iron Treads|Booster Energy
|-activate|p1a: Iron Treads|ability: Quark Drive|[fromitem]
|-start|p1a: Iron Treads|quarkdrivespe
|turn|8
|
|t:|1759035644
|move|p1a: Iron Treads|Earthquake|p2a: Primarina
|-damage|p2a: Primarina|0 fnt
|faint|p2a: Primarina
|
|upkeep
|
|t:|1759035654
|switch|p2a: Darkrai|Darkrai|100/100
|turn|9
|
|t:|1759035662
|move|p1a: Iron Treads|Earthquake|p2a: Darkrai
|-damage|p2a: Darkrai|47/100
|move|p2a: Darkrai|Focus Blast|p1a: Iron Treads
|-supereffective|p1a: Iron Treads
|-damage|p1a: Iron Treads|0 fnt
|faint|p1a: Iron Treads
|-end|p1a: Iron Treads|Quark Drive|[silent]
|-damage|p2a: Darkrai|37/100|[from] item: Life Orb
|
|upkeep
|
|t:|1759035670
|switch|p1a: Dragapult|Dragapult, F, shiny|88/100 psn
|-damage|p1a: Dragapult|76/100 psn|[from] Stealth Rock
|turn|10
|
|t:|1759035677
|move|p1a: Dragapult|U-turn|p2a: Darkrai
|-supereffective|p2a: Darkrai
|-damage|p2a: Darkrai|0 fnt
|faint|p2a: Darkrai
|
|t:|1759035684
|switch|p1a: Slowking|Slowking-Galar, F, shiny|100/100|[from] U-turn
|-sideend|p1: Playing Foul|move: Toxic Spikes|[of] p1a: Slowking
|
|upkeep
|
|t:|1759035687
|switch|p2a: Kingambit|Kingambit, F|100/100
|-activate|p2a: Kingambit|ability: Supreme Overlord
|-start|p2a: Kingambit|fallen3|[silent]
|turn|11
|
|t:|1759035694
|move|p2a: Kingambit|Swords Dance|p2a: Kingambit
|-boost|p2a: Kingambit|atk|2
|move|p1a: Slowking|Thunder Wave|p2a: Kingambit|[miss]
|-miss|p1a: Slowking|p2a: Kingambit
|
|upkeep
|turn|12
|
|t:|1759035702
|switch|p1a: Dragapult|Dragapult, F, shiny|76/100 psn
|-damage|p1a: Dragapult|64/100 psn|[from] Stealth Rock
|move|p2a: Kingambit|Kowtow Cleave|p1a: Dragapult
|-supereffective|p1a: Dragapult
|-damage|p1a: Dragapult|0 fnt
|faint|p1a: Dragapult
|
|upkeep
|
|t:|1759035710
|switch|p1a: Landorus|Landorus-Therian, M|100/100
|-damage|p1a: Landorus|88/100|[from] Stealth Rock
|-ability|p1a: Landorus|Intimidate|boost
|-unboost|p2a: Kingambit|atk|1
|turn|13
|
|t:|1759035717
|-terastallize|p2a: Kingambit|Dark
|move|p1a: Landorus|Taunt|p2a: Kingambit
|-start|p2a: Kingambit|move: Taunt
|move|p2a: Kingambit|Kowtow Cleave|p1a: Landorus
|-damage|p1a: Landorus|0 fnt
|-damage|p2a: Kingambit|84/100|[from] item: Rocky Helmet|[of] p1a: Landorus
|faint|p1a: Landorus
|
|upkeep
|
|t:|1759035725
|switch|p1a: Alomomola|Alomomola, M|100/100
|turn|14
|
|t:|1759035732
|move|p1a: Alomomola|Protect|p1a: Alomomola
|-singleturn|p1a: Alomomola|Protect
|move|p2a: Kingambit|Kowtow Cleave|p1a: Alomomola
|-activate|p1a: Alomomola|move: Protect
|
|upkeep
|turn|15
|
|t:|1759035739
|move|p1a: Alomomola|Protect||[still]
|-fail|p1a: Alomomola
|move|p2a: Kingambit|Kowtow Cleave|p1a: Alomomola
|-damage|p1a: Alomomola|21/100
|
|-end|p2a: Kingambit|move: Taunt
|upkeep
|turn|16
|
|t:|1759035745
|move|p1a: Alomomola|Protect|p1a: Alomomola
|-singleturn|p1a: Alomomola|Protect
|move|p2a: Kingambit|Kowtow Cleave|p1a: Alomomola
|-activate|p1a: Alomomola|move: Protect
|
|upkeep
|turn|17
|
|t:|1759035752
|move|p1a: Alomomola|Protect|p1a: Alomomola
|-singleturn|p1a: Alomomola|Protect
|move|p2a: Kingambit|Kowtow Cleave|p1a: Alomomola
|-activate|p1a: Alomomola|move: Protect
|
|upkeep
|turn|18
|
|t:|1759035758
|move|p1a: Alomomola|Protect||[still]
|-fail|p1a: Alomomola
|move|p2a: Kingambit|Kowtow Cleave|p1a: Alomomola
|-damage|p1a: Alomomola|0 fnt
|faint|p1a: Alomomola
|
|upkeep
|
|t:|1759035762
|switch|p1a: Slowking|Slowking-Galar, F, shiny|100/100
|turn|19
|
|t:|1759035765
|move|p2a: Kingambit|Kowtow Cleave|p1a: Slowking
|-supereffective|p1a: Slowking
|-damage|p1a: Slowking|0 fnt
|faint|p1a: Slowking
|
|win|suhui_
|raw|Playing Foul's rating: 1754 &rarr; <strong>1729</strong><br />(-25 for losing)
|raw|suhui_'s rating: 1657 &rarr; <strong>1682</strong><br />(+25 for winning)
|l|☆Playing Foul
|player|p1|
|l|☆suhui_
|player|p2|
