|j|☆Dryosaurus
|j|☆bellaisokay
|t:|1759034896
|gametype|singles
|player|p1|Dryosaurus|koga|1620
|player|p2|bellaisokay|sabrina|1563
|gen|9
|tier|[Gen 9] OU
|rated|
|rule|HP Percentage Mod: HP is shown in percentages
|rule|Endless Battle Clause: Forcing endless battles is banned
|rule|Species Clause: Limit one of each Pokémon
|rule|OHKO Clause: OHKO moves are banned
|rule|Evasion Items Clause: Evasion items are banned
|rule|Evasion Moves Clause: Evasion moves are banned
|rule|Evasion Abilities Clause: Evasion abilities are banned
|rule|Sleep Moves Clause: Sleep-inducing moves are banned
|clearpoke
|poke|p1|Ninetales, F|
|poke|p1|Venusaur, F|
|poke|p1|Great Tusk|
|poke|p1|Walking Wake|
|poke|p1|Hatterene, F|
|poke|p1|Muk, F|
|poke|p2|Landorus-Therian, M|
|poke|p2|Serperior, F|
|poke|p2|Greninja-*, M|
|poke|p2|Hatterene, F|
|poke|p2|Kingambit, M|
|poke|p2|Zamazenta-*|
|teampreview
|
|t:|1759034914
|teamsize|p1|6
|teamsize|p2|6
|start
|switch|p1a: Ninetales|Ninetales, F, shiny|100/100
|switch|p2a: Landorus|Landorus-Therian, M|100/100
|-weather|SunnyDay|[from] ability: Drought|[of] p1a: Ninetales
|-ability|p2a: Landorus|Intimidate|boost
|-unboost|p1a: Ninetales|atk|1
|turn|1
|
|t:|1759034922
|switch|p1a: Walking Wake|Walking Wake|100/100
|-activate|p1a: Walking Wake|ability: Protosynthesis
|-start|p1a: Walking Wake|protosynthesisspe
|move|p2a: Landorus|Fling|p1a: Walking Wake
|-damage|p1a: Walking Wake|90/100
|-status|p1a: Walking Wake|par
|-enditem|p2a: Landorus|Light Ball|[from] move: Fling
|
|-weather|SunnyDay|[upkeep]
|upkeep
|turn|2
|
|t:|1759034934
|move|p2a: Landorus|Stealth Rock|p1a: Walking Wake
|-sidestart|p1: Dryosaurus|move: Stealth Rock
|cant|p1a: Walking Wake|par
|
|-weather|SunnyDay|[upkeep]
|upkeep
|turn|3
|
|t:|1759034940
|move|p2a: Landorus|U-turn|p1a: Walking Wake
|-damage|p1a: Walking Wake|65/100 par
|
|t:|1759034942
|switch|p2a: Serperior|Serperior, F|100/100|[from] U-turn
|move|p1a: Walking Wake|Hydro Steam|p2a: Serperior
|-resisted|p2a: Serperior
|-damage|p2a: Serperior|56/100
|
|-weather|SunnyDay|[upkeep]
|upkeep
|turn|4
|
|t:|1759034951
|-end|p1a: Walking Wake|Protosynthesis|[silent]
|switch|p1a: The Sludge|Muk, F|100/100
|-damage|p1a: The Sludge|88/100|[from] Stealth Rock
|move|p2a: Serperior|Light Screen|p2a: Serperior
|-sidestart|p2: bellaisokay|move: Light Screen
|
|-weather|SunnyDay|[upkeep]
|upkeep
|turn|5
|
|t:|1759034958
|move|p2a: Serperior|Glare|p1a: The Sludge
|-status|p1a: The Sludge|par
|cant|p1a: The Sludge|par
|
|-weather|SunnyDay|[upkeep]
|upkeep
|turn|6
|
|t:|1759034967
|switch|p2a: Landorus|Landorus-Therian, M|100/100
|-ability|p2a: Landorus|Intimidate|boost
|-unboost|p1a: The Sludge|atk|1
|move|p1a: The Sludge|Poison Jab|p2a: Landorus
|-resisted|p2a: Landorus
|-crit|p2a: Landorus
|-damage|p2a: Landorus|79/100
|-status|p2a: Landorus|psn
|
|-weather|SunnyDay|[upkeep]
|-damage|p2a: Landorus|67/100 psn|[from] psn
|upkeep
|turn|7
|
|t:|1759034978
|switch|p1a: Great Tusk|Great Tusk|100/100
|-damage|p1a: Great Tusk|98/100|[from] Stealth Rock
|-activate|p1a: Great Tusk|ability: Protosynthesis
|-start|p1a: Great Tusk|protosynthesisspe
|move|p2a: Landorus|U-turn|p1a: Great Tusk
|-resisted|p1a: Great Tusk
|-damage|p1a: Great Tusk|90/100
|
|t:|1759034996
|switch|p2a: Hatterene|Hatterene, F|100/100|[from] U-turn
|
|-weather|SunnyDay|[upkeep]
|-heal|p1a: Great Tusk|96/100|[from] item: Leftovers
|upkeep
|turn|8
|
|t:|1759035007
|-end|p1a: Great Tusk|Protosynthesis|[silent]
|switch|p1a: The Sludge|Muk, F|88/100 par
|-damage|p1a: The Sludge|76/100 par|[from] Stealth Rock
|move|p2a: Hatterene|Psychic Noise|p1a: The Sludge
|-supereffective|p1a: The Sludge
|-damage|p1a: The Sludge|45/100 par
|-start|p1a: The Sludge|move: Heal Block
|
|-weather|none
|upkeep
|turn|9
|
|t:|1759035026
|switch|p2a: Landorus|Landorus-Therian, M|67/100 psn
|-ability|p2a: Landorus|Intimidate|boost
|-unboost|p1a: The Sludge|atk|1
|move|p1a: The Sludge|Poison Jab|p2a: Landorus
|-resisted|p2a: Landorus
|-damage|p2a: Landorus|57/100 psn
|
|-damage|p2a: Landorus|44/100 psn|[from] psn
|-end|p1a: The Sludge|move: Heal Block
|upkeep
|turn|10
|inactive|Battle timer is ON: inactive players will automatically lose when time's up. (requested by bellaisokay)
|
|t:|1759035036
|move|p2a: Landorus|U-turn|p1a: The Sludge
|-resisted|p1a: The Sludge
|-damage|p1a: The Sludge|33/100 par
|
|t:|1759035039
|switch|p2a: Kingambit|Kingambit, M|100/100|[from] U-turn
|cant|p1a: The Sludge|par
|
|upkeep
|turn|11
|
|t:|1759035044
|-end|p2a: Kingambit|fallenundefined|[silent]
|switch|p2a: Hatterene|Hatterene, F|100/100
|move|p1a: The Sludge|Drain Punch|p2a: Hatterene
|-resisted|p2a: Hatterene
|-damage|p2a: Hatterene|98/100
|-heal|p1a: The Sludge|34/100 par|[from] drain|[of] p2a: Hatterene
|
|-heal|p2a: Hatterene|100/100|[from] item: Leftovers
|-sideend|p2: bellaisokay|move: Light Screen
|upkeep
|turn|12
|c|☆Dryosaurus|I went for drain punch that turn
|
|t:|1759035056
|move|p2a: Hatterene|Psychic Noise|p1a: The Sludge
|-supereffective|p1a: The Sludge
|-damage|p1a: The Sludge|3/100 par
|-start|p1a: The Sludge|move: Heal Block
|move|p1a: The Sludge|Ice Punch|p2a: Hatterene
|-damage|p2a: Hatterene|89/100
|-status|p2a: Hatterene|frz
|
|-heal|p2a: Hatterene|95/100 frz|[from] item: Leftovers
|upkeep
|turn|13
|
|t:|1759035069
|-curestatus|p2a: Hatterene|frz|[msg]
|move|p2a: Hatterene|Draining Kiss|p1a: The Sludge
|-resisted|p1a: The Sludge
|-damage|p1a: The Sludge|0 fnt
|-heal|p2a: Hatterene|98/100|[from] drain|[of] p1a: The Sludge
|faint|p1a: The Sludge
|
|-heal|p2a: Hatterene|100/100|[from] item: Leftovers
|upkeep
|c|☆bellaisokay|im sorry
|c|☆Dryosaurus|it's ok
|c|☆Dryosaurus|fling light ball is maniacal
|inactive|Dryosaurus has 120 seconds left.
|c|☆bellaisokay|i went into the builder and loaded up "serp gren evil"
|
|t:|1759035102
|switch|p1a: Ninetales|Ninetales, F, shiny|100/100
|-damage|p1a: Ninetales|76/100|[from] Stealth Rock
|-weather|SunnyDay|[from] ability: Drought|[of] p1a: Ninetales
|turn|14
|inactive|Dryosaurus has 120 seconds left.
|
|t:|1759035115
|switch|p1a: Walking Wake|Walking Wake|65/100 par
|-damage|p1a: Walking Wake|53/100 par|[from] Stealth Rock
|-activate|p1a: Walking Wake|ability: Protosynthesis
|-start|p1a: Walking Wake|protosynthesisspe
|move|p2a: Hatterene|Nuzzle|p1a: Walking Wake
|-damage|p1a: Walking Wake|49/100 par
|
|-weather|SunnyDay|[upkeep]
|upkeep
|turn|15
|
|t:|1759035124
|switch|p2a: Serperior|Serperior, F|56/100
|move|p1a: Walking Wake|Flamethrower|p2a: Serperior
|-supereffective|p2a: Serperior
|-damage|p2a: Serperior|0 fnt
|faint|p2a: Serperior
|
|-weather|SunnyDay|[upkeep]
|upkeep
|
|t:|1759035126
|switch|p2a: Greninja|Greninja, M|100/100
|turn|16
|
|t:|1759035132
|move|p2a: Greninja|Dark Pulse|p1a: Walking Wake
|-damage|p1a: Walking Wake|0 fnt
|faint|p1a: Walking Wake
|-end|p1a: Walking Wake|Protosynthesis|[silent]
|-ability|p2a: Greninja|Battle Bond|boost
|-boost|p2a: Greninja|atk|1
|-boost|p2a: Greninja|spa|1
|-boost|p2a: Greninja|spe|1
|-activate|p2a: Greninja|ability: Battle Bond
|-damage|p2a: Greninja|91/100|[from] item: Life Orb
|
|-weather|SunnyDay|[upkeep]
|upkeep
|
|t:|1759035146
|switch|p1a: Venusaur|Venusaur, F, shiny|100/100
|-damage|p1a: Venusaur|88/100|[from] Stealth Rock
|turn|17
|
|t:|1759035157
|-terastallize|p1a: Venusaur|Fire
|move|p1a: Venusaur|Weather Ball|p2a: Greninja
|-resisted|p2a: Greninja
|-damage|p2a: Greninja|26/100
|-damage|p1a: Venusaur|78/100|[from] item: Life Orb
|move|p2a: Greninja|Ice Beam|p1a: Venusaur
|-resisted|p1a: Venusaur
|-damage|p1a: Venusaur|45/100
|-damage|p2a: Greninja|17/100|[from] item: Life Orb
|
|-weather|SunnyDay|[upkeep]
|upkeep
|turn|18
|
|t:|1759035168
|move|p2a: Greninja|Water Shuriken|p1a: Venusaur
|-supereffective|p1a: Venusaur
|-damage|p1a: Venusaur|28/100
|-supereffective|p1a: Venusaur
|-damage|p1a: Venusaur|13/100
|-hitcount|p1a: Venusaur|2
|-damage|p2a: Greninja|7/100|[from] item: Life Orb
|move|p1a: Venusaur|Giga Drain|p2a: Greninja
|-supereffective|p2a: Greninja
|-damage|p2a: Greninja|0 fnt
|-heal|p1a: Venusaur|16/100|[from] drain|[of] p2a: Greninja
|faint|p2a: Greninja
|-damage|p1a: Venusaur|6/100|[from] item: Life Orb
|
|-weather|SunnyDay|[upkeep]
|upkeep
|
|t:|1759035193
|switch|p2a: Kingambit|Kingambit, M|100/100
|-activate|p2a: Kingambit|ability: Supreme Overlord
|-start|p2a: Kingambit|fallen2|[silent]
|turn|19
|
|t:|1759035196
|move|p2a: Kingambit|Sucker Punch||[still]
|-fail|p2a: Kingambit
|move|p1a: Venusaur|Growth|p1a: Venusaur
|-boost|p1a: Venusaur|atk|2
|-boost|p1a: Venusaur|spa|2
|
|-weather|SunnyDay|[upkeep]
|upkeep
|turn|20
|
|t:|1759035202
|move|p2a: Kingambit|Sucker Punch||[still]
|-fail|p2a: Kingambit
|move|p1a: Venusaur|Growth|p1a: Venusaur
|-boost|p1a: Venusaur|atk|2
|-boost|p1a: Venusaur|spa|2
|
|-weather|SunnyDay|[upkeep]
|upkeep
|turn|21
|
|t:|1759035207
|move|p2a: Kingambit|Sucker Punch||[still]
|-fail|p2a: Kingambit
|move|p1a: Venusaur|Growth|p1a: Venusaur
|-boost|p1a: Venusaur|atk|2
|-boost|p1a: Venusaur|spa|2
|
|-weather|none
|upkeep
|turn|22
|
|t:|1759035213
|move|p2a: Kingambit|Sucker Punch||[still]
|-fail|p2a: Kingambit
|move|p1a: Venusaur|Growth|p1a: Venusaur
|-boost|p1a: Venusaur|atk|0
|-boost|p1a: Venusaur|spa|0
|
|upkeep
|turn|23
|
|t:|1759035217
|move|p2a: Kingambit|Sucker Punch||[still]
|-fail|p2a: Kingambit
|move|p1a: Venusaur|Growth|p1a: Venusaur
|-boost|p1a: Venusaur|atk|0
|-boost|p1a: Venusaur|spa|0
|
|upkeep
|turn|24
|
|t:|1759035222
|move|p2a: Kingambit|Sucker Punch|p1a: Venusaur
|-damage|p1a: Venusaur|0 fnt
|faint|p1a: Venusaur
|
|upkeep
|
|t:|1759035227
|switch|p1a: Great Tusk|Great Tusk|96/100
|-damage|p1a: Great Tusk|93/100|[from] Stealth Rock
|turn|25
|
|t:|1759035233
|-end|p2a: Kingambit|fallen2|[silent]
|switch|p2a: Zamazenta|Zamazenta|100/100
|-ability|p2a: Zamazenta|Dauntless Shield|boost
|-boost|p2a: Zamazenta|def|1
|move|p1a: Great Tusk|Headlong Rush|p2a: Zamazenta
|-damage|p2a: Zamazenta|77/100
|-unboost|p1a: Great Tusk|def|1
|-unboost|p1a: Great Tusk|spd|1
|
|-heal|p2a: Zamazenta|83/100|[from] item: Leftovers
|-heal|p1a: Great Tusk|99/100|[from] item: Leftovers
|upkeep
|turn|26
|
|t:|1759035243
|-end|p1a: Great Tusk|Protosynthesis|[silent]
|switch|p1a: Hatterene|Hatterene, F|100/100
|-damage|p1a: Hatterene|88/100|[from] Stealth Rock
|move|p2a: Zamazenta|Body Press|p1a: Hatterene
|-resisted|p1a: Hatterene
|-damage|p1a: Hatterene|78/100
|-enditem|p1a: Hatterene|Eject Button
|
|t:|1759035250
|switch|p1a: Ninetales|Ninetales, F, shiny|76/100
|-damage|p1a: Ninetales|51/100|[from] Stealth Rock
|-weather|SunnyDay|[from] ability: Drought|[of] p1a: Ninetales
|
|-weather|SunnyDay|[upkeep]
|-heal|p2a: Zamazenta|89/100|[from] item: Leftovers
|upkeep
|turn|27
|
|t:|1759035258
|switch|p1a: Hatterene|Hatterene, F|78/100
|-damage|p1a: Hatterene|66/100|[from] Stealth Rock
|move|p2a: Zamazenta|Body Press|p1a: Hatterene
|-resisted|p1a: Hatterene
|-damage|p1a: Hatterene|54/100
|
|-weather|SunnyDay|[upkeep]
|-heal|p2a: Zamazenta|95/100|[from] item: Leftovers
|upkeep
|turn|28
|
|t:|1759035271
|switch|p2a: Landorus|Landorus-Therian, M|44/100 psn
|-ability|p2a: Landorus|Intimidate|boost
|-unboost|p1a: Hatterene|atk|1
|move|p1a: Hatterene|Dazzling Gleam|p2a: Landorus
|-damage|p2a: Landorus|3/100 psn
|
|-weather|SunnyDay|[upkeep]
|-damage|p2a: Landorus|0 fnt|[from] psn
|faint|p2a: Landorus
|upkeep
|
|t:|1759035283
|switch|p2a: Hatterene|Hatterene, F|100/100
|turn|29
|
|t:|1759035286
|move|p2a: Hatterene|Nuzzle|p1a: Hatterene
|-damage|p1a: Hatterene|51/100
|-status|p1a: Hatterene|par
|move|p1a: Hatterene|Nuzzle|p2a: Hatterene
|-damage|p2a: Hatterene|98/100
|-status|p2a: Hatterene|par
|
|-weather|SunnyDay|[upkeep]
|-heal|p2a: Hatterene|100/100 par|[from] item: Leftovers
|upkeep
|turn|30
|
|t:|1759035307
|switch|p1a: Ninetales|Ninetales, F, shiny|51/100
|-damage|p1a: Ninetales|26/100|[from] Stealth Rock
|move|p2a: Hatterene|Calm Mind|p2a: Hatterene
|-boost|p2a: Hatterene|spa|1
|-boost|p2a: Hatterene|spd|1
|
|-weather|SunnyDay|[upkeep]
|upkeep
|turn|31
|
|t:|1759035314
|move|p1a: Ninetales|Weather Ball|p2a: Hatterene
|-damage|p2a: Hatterene|68/100 par
|move|p2a: Hatterene|Draining Kiss|p1a: Ninetales
|-resisted|p1a: Ninetales
|-damage|p1a: Ninetales|9/100
|-heal|p2a: Hatterene|82/100 par|[from] drain|[of] p1a: Ninetales
|
|-weather|SunnyDay|[upkeep]
|-heal|p2a: Hatterene|88/100 par|[from] item: Leftovers
|upkeep
|turn|32
|
|t:|1759035338
|move|p1a: Ninetales|Healing Wish|p1a: Ninetales
|faint|p1a: Ninetales
|move|p2a: Hatterene|Draining Kiss|p1: Ninetales|[notarget]
|-fail|p2a: Hatterene
|
|-weather|SunnyDay|[upkeep]
|-heal|p2a: Hatterene|94/100 par|[from] item: Leftovers
|upkeep
|
|t:|1759035344
|switch|p1a: Hatterene|Hatterene, F|51/100 par
|-heal|p1a: Hatterene|100/100|[from] move: Healing Wish
|-damage|p1a: Hatterene|88/100|[from] Stealth Rock
|turn|33
|
|t:|1759035348
|move|p1a: Hatterene|Psychic Noise|p2a: Hatterene
|-resisted|p2a: Hatterene
|-damage|p2a: Hatterene|82/100 par
|-start|p2a: Hatterene|move: Heal Block
|move|p2a: Hatterene|Nuzzle|p1a: Hatterene
|-damage|p1a: Hatterene|85/100
|-status|p1a: Hatterene|par
|
|-weather|none
|upkeep
|turn|34
|
|t:|1759035357
|move|p1a: Hatterene|Dazzling Gleam|p2a: Hatterene
|-damage|p2a: Hatterene|55/100 par
|move|p2a: Hatterene|Calm Mind|p2a: Hatterene
|-boost|p2a: Hatterene|spa|1
|-boost|p2a: Hatterene|spd|1
|
|-end|p2a: Hatterene|move: Heal Block
|upkeep
|turn|35
|
|t:|1759035364
|cant|p1a: Hatterene|par
|move|p2a: Hatterene|Psychic Noise|p1a: Hatterene
|-resisted|p1a: Hatterene
|-damage|p1a: Hatterene|52/100 par
|-start|p1a: Hatterene|move: Heal Block
|
|-heal|p2a: Hatterene|61/100 par|[from] item: Leftovers
|upkeep
|turn|36
|
|t:|1759035372
|move|p1a: Hatterene|Psychic Noise|p2a: Hatterene
|-resisted|p2a: Hatterene
|-damage|p2a: Hatterene|52/100 par
|-start|p2a: Hatterene|move: Heal Block
|move|p2a: Hatterene|Psychic Noise|p1a: Hatterene
|-resisted|p1a: Hatterene
|-damage|p1a: Hatterene|16/100 par
|
|-end|p1a: Hatterene|move: Heal Block
|upkeep
|turn|37
|
|t:|1759035382
|cant|p1a: Hatterene|par
|move|p2a: Hatterene|Psychic Noise|p1a: Hatterene
|-resisted|p1a: Hatterene
|-damage|p1a: Hatterene|0 fnt
|faint|p1a: Hatterene
|
|-end|p2a: Hatterene|move: Heal Block
|upkeep
|
|t:|1759035390
|switch|p1a: Great Tusk|Great Tusk|99/100
|-damage|p1a: Great Tusk|97/100|[from] Stealth Rock
|turn|38
|
|t:|1759035394
|move|p1a: Great Tusk|Bulk Up|p1a: Great Tusk
|-boost|p1a: Great Tusk|atk|1
|-boost|p1a: Great Tusk|def|1
|move|p2a: Hatterene|Draining Kiss|p1a: Great Tusk
|-supereffective|p1a: Great Tusk
|-damage|p1a: Great Tusk|0 fnt
|-heal|p2a: Hatterene|100/100 par|[from] drain|[of] p1a: Great Tusk
|faint|p1a: Great Tusk
|-end|p1a: Great Tusk|Protosynthesis|[silent]
|
|win|bellaisokay
|raw|Dryosaurus's rating: 1620 &rarr; <strong>1597</strong><br />(-23 for losing)
|raw|bellaisokay's rating: 1563 &rarr; <strong>1586</strong><br />(+23 for winning)
|c|☆Dryosaurus|gg
|c|☆bellaisokay|ggs
|l|☆bellaisokay
|player|p2|
|l|☆Dryosaurus
|player|p1|
