|j|☆hhhfct ugh
|j|☆Melgeta 07
|t:|1759019153
|gametype|singles
|player|p1|hhhfct ugh|169|1040
|player|p2|Melgeta 07|buck|1073
|gen|9
|tier|[Gen 9] OU
|rated|
|rule|HP Percentage Mod: HP is shown in percentages
|rule|Endless Battle Clause: Forcing endless battles is banned
|rule|Species Clause: Limit one of each Pokémon
|rule|OHKO Clause: OHKO moves are banned
|rule|Evasion Items Clause: Evasion items are banned
|rule|Evasion Moves Clause: Evasion moves are banned
|rule|Evasion Abilities Clause: Evasion abilities are banned
|rule|Sleep Moves Clause: Sleep-inducing moves are banned
|clearpoke
|poke|p1|Iron Treads|
|poke|p1|Gholdengo|
|poke|p1|Samurott-Hisui, F|
|poke|p1|Moltres|
|poke|p1|Zamazenta-*|
|poke|p1|Hydrapple, F|
|poke|p2|Clefable, M|
|poke|p2|Dondozo, M|
|poke|p2|Gliscor, F|
|poke|p2|Toxapex, F|
|poke|p2|Skarmory, M|
|poke|p2|Corviknight, F|
|teampreview
|
|t:|1759019162
|teamsize|p1|6
|teamsize|p2|6
|start
|switch|p1a: Gholdengo|Gholdengo|100/100
|switch|p2a: Dondozo|Dondozo, M, shiny|100/100
|turn|1
|inactive|Battle timer is ON: inactive players will automatically lose when time's up. (requested by hhhfct ugh)
|
|t:|1759019174
|switch|p2a: Corviknight|Corviknight, F, shiny|100/100
|move|p1a: Gholdengo|Shadow Ball|p2a: Corviknight
|-damage|p2a: Corviknight|63/100
|
|-heal|p2a: Corviknight|69/100|[from] item: Leftovers
|upkeep
|turn|2
|
|t:|1759019180
|move|p1a: Gholdengo|Nasty Plot|p1a: Gholdengo
|-boost|p1a: Gholdengo|spa|2
|move|p2a: Corviknight|Body Press|p1a: Gholdengo
|-immune|p1a: Gholdengo
|
|-heal|p2a: Corviknight|75/100|[from] item: Leftovers
|upkeep
|turn|3
|
|t:|1759019185
|switch|p2a: Clefable|Clefable, M|100/100
|move|p1a: Gholdengo|Shadow Ball|p2a: Clefable
|-damage|p2a: Clefable|20/100
|
|upkeep
|turn|4
|
|t:|1759019189
|move|p2a: Clefable|Flamethrower|p1a: Gholdengo
|-supereffective|p1a: Gholdengo
|-damage|p1a: Gholdengo|29/100
|move|p1a: Gholdengo|Shadow Ball|p2a: Clefable
|-damage|p2a: Clefable|0 fnt
|faint|p2a: Clefable
|
|upkeep
|
|t:|1759019194
|switch|p2a: Gliscor|Gliscor, F|100/100
|turn|5
|inactive|hhhfct ugh has 120 seconds left.
|
|t:|1759019226
|switch|p1a: Hydrapple|Hydrapple, F, shiny|100/100
|move|p2a: Gliscor|Earthquake|p1a: Hydrapple
|-resisted|p1a: Hydrapple
|-damage|p1a: Hydrapple|92/100
|
|-status|p2a: Gliscor|tox|[from] item: Toxic Orb
|upkeep
|turn|6
|inactive|hhhfct ugh has 120 seconds left.
|
|t:|1759019250
|switch|p2a: Dondozo|Dondozo, M, shiny|100/100
|move|p1a: Hydrapple|Fickle Beam|p2a: Dondozo
|-damage|p2a: Dondozo|71/100
|
|upkeep
|turn|7
|inactive|hhhfct ugh has 120 seconds left.
|
|t:|1759019258
|switch|p1a: Gholdengo|Gholdengo|29/100
|move|p2a: Dondozo|Avalanche|p1a: Gholdengo
|-resisted|p1a: Gholdengo
|-damage|p1a: Gholdengo|19/100
|
|upkeep
|turn|8
|
|t:|1759019276
|switch|p2a: Toxapex|Toxapex, F, shiny|100/100
|move|p1a: Gholdengo|Recover|p1a: Gholdengo
|-heal|p1a: Gholdengo|69/100
|
|upkeep
|turn|9
|
|t:|1759019285
|move|p1a: Gholdengo|Nasty Plot|p1a: Gholdengo
|-boost|p1a: Gholdengo|spa|2
|move|p2a: Toxapex|Ice Beam|p1a: Gholdengo
|-resisted|p1a: Gholdengo
|-damage|p1a: Gholdengo|55/100
|
|upkeep
|turn|10
|
|t:|1759019290
|switch|p2a: The GOAT|Skarmory, M, shiny|100/100
|move|p1a: Gholdengo|Recover|p1a: Gholdengo
|-heal|p1a: Gholdengo|100/100
|
|upkeep
|turn|11
|
|t:|1759019303
|move|p2a: The GOAT|Swords Dance|p2a: The GOAT
|-boost|p2a: The GOAT|atk|2
|move|p1a: Gholdengo|Shadow Ball|p2a: The GOAT
|-damage|p2a: The GOAT|0 fnt
|faint|p2a: The GOAT
|
|upkeep
|
|t:|1759019314
|switch|p2a: Toxapex|Toxapex, F, shiny|100/100
|turn|12
|
|t:|1759019318
|move|p1a: Gholdengo|Shadow Ball|p2a: Toxapex
|-damage|p2a: Toxapex|38/100
|move|p2a: Toxapex|Hydro Pump|p1a: Gholdengo|[miss]
|-miss|p2a: Toxapex|p1a: Gholdengo
|
|upkeep
|turn|13
|
|t:|1759019328
|move|p1a: Gholdengo|Shadow Ball|p2a: Toxapex
|-damage|p2a: Toxapex|0 fnt
|faint|p2a: Toxapex
|
|upkeep
|
|t:|1759019332
|switch|p2a: Dondozo|Dondozo, M, shiny|71/100
|turn|14
|
|t:|1759019341
|move|p1a: Gholdengo|Shadow Ball|p2a: Dondozo
|-damage|p2a: Dondozo|38/100
|move|p2a: Dondozo|Earthquake|p1a: Gholdengo
|-supereffective|p1a: Gholdengo
|-damage|p1a: Gholdengo|35/100
|
|upkeep
|turn|15
|
|t:|1759019348
|-terastallize|p1a: Gholdengo|Water
|-terastallize|p2a: Dondozo|Ground
|move|p1a: Gholdengo|Recover|p1a: Gholdengo
|-heal|p1a: Gholdengo|85/100
|move|p2a: Dondozo|Earthquake|p1a: Gholdengo
|-damage|p1a: Gholdengo|30/100
|
|upkeep
|turn|16
|
|t:|1759019358
|switch|p1a: Hydrapple|Hydrapple, F, shiny|100/100
|move|p2a: Dondozo|Earthquake|p1a: Hydrapple
|-resisted|p1a: Hydrapple
|-damage|p1a: Hydrapple|81/100
|
|upkeep
|turn|17
|
|t:|1759019365
|switch|p2a: Gliscor|Gliscor, F|100/100 tox
|move|p1a: Hydrapple|Giga Drain|p2a: Gliscor
|-damage|p2a: Gliscor|73/100 tox
|-heal|p1a: Hydrapple|93/100|[from] drain|[of] p2a: Gliscor
|
|-heal|p2a: Gliscor|86/100 tox|[from] ability: Poison Heal
|upkeep
|turn|18
|
|t:|1759019373
|move|p2a: Gliscor|Swords Dance|p2a: Gliscor
|-boost|p2a: Gliscor|atk|2
|move|p1a: Hydrapple|Fickle Beam|p2a: Gliscor|[anim] Fickle Beam All Out
|-activate|p1a: Hydrapple|move: Fickle Beam
|-damage|p2a: Gliscor|28/100 tox
|
|-heal|p2a: Gliscor|41/100 tox|[from] ability: Poison Heal
|upkeep
|turn|19
|
|t:|1759019376
|move|p2a: Gliscor|Earthquake|p1a: Hydrapple
|-resisted|p1a: Hydrapple
|-damage|p1a: Hydrapple|73/100
|move|p1a: Hydrapple|Fickle Beam|p2a: Gliscor|[anim] Fickle Beam All Out
|-activate|p1a: Hydrapple|move: Fickle Beam
|-damage|p2a: Gliscor|0 fnt
|faint|p2a: Gliscor
|
|upkeep
|
|t:|1759019381
|switch|p2a: Corviknight|Corviknight, F, shiny|75/100
|turn|20
|
|t:|1759019391
|switch|p1a: Moltres|Moltres|100/100
|move|p2a: Corviknight|Iron Defense|p2a: Corviknight
|-boost|p2a: Corviknight|def|2
|
|-heal|p2a: Corviknight|82/100|[from] item: Leftovers
|upkeep
|turn|21
|
|t:|1759019401
|move|p1a: Moltres|Flamethrower|p2a: Corviknight
|-supereffective|p2a: Corviknight
|-damage|p2a: Corviknight|10/100
|-status|p2a: Corviknight|brn
|move|p2a: Corviknight|Iron Defense|p2a: Corviknight
|-boost|p2a: Corviknight|def|2
|
|-heal|p2a: Corviknight|16/100 brn|[from] item: Leftovers
|-damage|p2a: Corviknight|10/100 brn|[from] brn
|upkeep
|turn|22
|
|t:|1759019405
|move|p1a: Moltres|Flamethrower|p2a: Corviknight
|-supereffective|p2a: Corviknight
|-damage|p2a: Corviknight|0 fnt
|faint|p2a: Corviknight
|
|upkeep
|
|t:|1759019407
|switch|p2a: Dondozo|Dondozo, M, shiny, tera:Ground|38/100
|turn|23
|
|t:|1759019413
|move|p1a: Moltres|Flamethrower|p2a: Dondozo
|-crit|p2a: Dondozo
|-damage|p2a: Dondozo|0 fnt
|faint|p2a: Dondozo
|
|win|hhhfct ugh
|raw|hhhfct ugh's rating: 1040 &rarr; <strong>1077</strong><br />(+37 for winning)
|raw|Melgeta 07's rating: 1073 &rarr; <strong>1050</strong><br />(-23 for losing)
|l|☆Melgeta 07
|player|p2|
