|j|☆cheater serise
|j|☆KinglerCookie
|t:|1758998996
|gametype|singles
|player|p1|cheater serise|1|
|player|p2|KinglerCookie|miku-ground|
|gen|9
|tier|[Gen 9] OU
|rule|HP Percentage Mod: HP is shown in percentages
|rule|Endless Battle Clause: Forcing endless battles is banned
|rule|Species Clause: Limit one of each Pokémon
|rule|OHKO Clause: OHKO moves are banned
|rule|Evasion Items Clause: Evasion items are banned
|rule|Evasion Moves Clause: Evasion moves are banned
|rule|Evasion Abilities Clause: Evasion abilities are banned
|rule|Sleep Moves Clause: Sleep-inducing moves are banned
|clearpoke
|poke|p1|Ogerpon-Cornerstone, F|
|poke|p1|Darkrai|
|poke|p1|Araquanid, M|
|poke|p1|Great Tusk|
|poke|p1|Pecharunt|
|poke|p1|Raging Bolt|
|poke|p2|Torkoal, M|
|poke|p2|Ceruledge, F|
|poke|p2|Ogerpon-Cornerstone, F|
|poke|p2|Raging Bolt|
|poke|p2|Incineroar, M|
|poke|p2|Iron Moth|
|teampreview
|c|☆cheater serise|i forgot nicknames
|c|☆cheater serise|instant infinite aura loss
|
|t:|1758999022
|teamsize|p1|6
|teamsize|p2|6
|start
|switch|p1a: Great Tusk|Great Tusk|100/100
|switch|p2a: Ogerpon|Ogerpon-Cornerstone, F|100/100
|-enditem|p1a: Great Tusk|Booster Energy
|-activate|p1a: Great Tusk|ability: Protosynthesis|[fromitem]
|-start|p1a: Great Tusk|protosynthesisatk
|turn|1
|j| FakeCultist
|
|t:|1758999033
|move|p2a: Ogerpon|U-turn|p1a: Great Tusk
|-resisted|p1a: Great Tusk
|-damage|p1a: Great Tusk|90/100
|
|t:|1758999037
|switch|p2a: Torkoal|Torkoal, M|100/100|[from] U-turn
|-weather|SunnyDay|[from] ability: Drought|[of] p2a: Torkoal
|move|p1a: Great Tusk|Rapid Spin|p2a: Torkoal
|-damage|p2a: Torkoal|83/100
|-boost|p1a: Great Tusk|spe|1
|
|-weather|SunnyDay|[upkeep]
|upkeep
|turn|2
|l| FakeCultist
|
|t:|1758999040
|move|p1a: Great Tusk|Headlong Rush|p2a: Torkoal
|-supereffective|p2a: Torkoal
|-damage|p2a: Torkoal|0 fnt
|-unboost|p1a: Great Tusk|def|1
|-unboost|p1a: Great Tusk|spd|1
|faint|p2a: Torkoal
|
|-weather|SunnyDay|[upkeep]
|upkeep
|
|t:|1758999048
|switch|p2a: Iron Moth|Iron Moth|100/100
|-enditem|p2a: Iron Moth|Booster Energy
|-activate|p2a: Iron Moth|ability: Quark Drive|[fromitem]
|-start|p2a: Iron Moth|quarkdrivespa
|turn|3
|c|☆KinglerCookie|oh
|c|☆KinglerCookie|i gave it that
|c|☆KinglerCookie|oop
|c|☆cheater serise|whoopsies
|
|t:|1758999061
|-end|p2a: Iron Moth|Quark Drive|[silent]
|switch|p2a: Incineroar|Incineroar, M|100/100
|-ability|p2a: Incineroar|Intimidate|boost
|-unboost|p1a: Great Tusk|atk|1
|move|p1a: Great Tusk|Headlong Rush|p2a: Incineroar
|-supereffective|p2a: Incineroar
|-damage|p2a: Incineroar|1/100
|-unboost|p1a: Great Tusk|def|1
|-unboost|p1a: Great Tusk|spd|1
|-enditem|p2a: Incineroar|Eject Button
|
|t:|1758999065
|switch|p2a: Ogerpon|Ogerpon-Cornerstone, F|100/100
|
|-weather|SunnyDay|[upkeep]
|upkeep
|turn|4
|c|☆cheater serise|lived on one :goat:
|
|t:|1758999075
|move|p1a: Great Tusk|Headlong Rush|p2a: Ogerpon
|-damage|p2a: Ogerpon|28/100
|-unboost|p1a: Great Tusk|def|1
|-unboost|p1a: Great Tusk|spd|1
|move|p2a: Ogerpon|Horn Leech|p1a: Great Tusk
|-supereffective|p1a: Great Tusk
|-damage|p1a: Great Tusk|0 fnt
|-heal|p2a: Ogerpon|84/100|[from] drain|[of] p1a: Great Tusk
|faint|p1a: Great Tusk
|-end|p1a: Great Tusk|Protosynthesis|[silent]
|
|-weather|SunnyDay|[upkeep]
|upkeep
|
|t:|1758999080
|switch|p1a: Darkrai|Darkrai|100/100
|turn|5
|
|t:|1758999085
|switch|p2a: Incineroar|Incineroar, M|1/100
|-ability|p2a: Incineroar|Intimidate|boost
|-unboost|p1a: Darkrai|atk|1
|move|p1a: Darkrai|Ice Beam|p2a: Incineroar
|-resisted|p2a: Incineroar
|-damage|p2a: Incineroar|0 fnt
|faint|p2a: Incineroar
|
|-weather|SunnyDay|[upkeep]
|upkeep
|
|t:|1758999090
|switch|p2a: Iron Moth|Iron Moth|100/100
|turn|6
|
|t:|1758999095
|move|p1a: Darkrai|Dark Pulse|p2a: Iron Moth
|-damage|p2a: Iron Moth|51/100
|move|p2a: Iron Moth|Overheat|p1a: Darkrai
|-damage|p1a: Darkrai|0 fnt
|-unboost|p2a: Iron Moth|spa|2
|faint|p1a: Darkrai
|
|-weather|SunnyDay|[upkeep]
|upkeep
|
|t:|1758999102
|switch|p1a: Araquanid|Araquanid, M|100/100
|turn|7
|
|t:|1758999105
|-end|p2a: Iron Moth|Quark Drive|[silent]
|switch|p2a: Ogerpon|Ogerpon-Cornerstone, F|84/100
|move|p1a: Araquanid|Sticky Web|p2a: Ogerpon
|-sidestart|p2: KinglerCookie|move: Sticky Web
|
|-weather|SunnyDay|[upkeep]
|upkeep
|turn|8
|
|t:|1758999108
|move|p2a: Ogerpon|Encore|p1a: Araquanid
|-start|p1a: Araquanid|Encore
|move|p1a: Araquanid|Sticky Web||[still]
|-fail|p1a: Araquanid
|
|-weather|none
|upkeep
|turn|9
|
|t:|1758999116
|switch|p1a: Pecharunt|Pecharunt|100/100
|move|p2a: Ogerpon|Ivy Cudgel|p1a: Pecharunt|[anim] Ivy Cudgel Rock
|-damage|p1a: Pecharunt|55/100
|
|upkeep
|turn|10
|
|t:|1758999121
|move|p2a: Ogerpon|Ivy Cudgel|p1a: Pecharunt|[anim] Ivy Cudgel Rock
|-damage|p1a: Pecharunt|15/100
|move|p1a: Pecharunt|Malignant Chain|p2a: Ogerpon
|-damage|p2a: Ogerpon|39/100
|-status|p2a: Ogerpon|tox
|-start|p2a: Ogerpon|confusion|[from] ability: Poison Puppeteer|[of] p1a: Pecharunt
|
|-damage|p2a: Ogerpon|33/100 tox|[from] psn
|upkeep
|turn|11
|
|t:|1758999125
|-activate|p2a: Ogerpon|confusion
|-damage|p2a: Ogerpon|16/100 tox|[from] confusion
|move|p1a: Pecharunt|Malignant Chain|p2a: Ogerpon
|-damage|p2a: Ogerpon|0 fnt
|faint|p2a: Ogerpon
|
|upkeep
|
|t:|1758999130
|switch|p2a: Raging Bolt|Raging Bolt|100/100
|-activate|p2a: Raging Bolt|move: Sticky Web
|-unboost|p2a: Raging Bolt|spe|1
|turn|12
|c|☆cheater serise|malignant hax goes brr it seems
|
|t:|1758999141
|-terastallize|p1a: Pecharunt|Ground
|move|p1a: Pecharunt|Nasty Plot|p1a: Pecharunt
|-boost|p1a: Pecharunt|spa|2
|move|p2a: Raging Bolt|Volt Switch|p1a: Pecharunt
|-immune|p1a: Pecharunt
|
|upkeep
|turn|13
|
|t:|1758999154
|move|p1a: Pecharunt|Tera Blast|p2a: Raging Bolt|[anim] Tera Blast Ground
|-supereffective|p2a: Raging Bolt
|-damage|p2a: Raging Bolt|26/100
|move|p2a: Raging Bolt|Tera Blast|p1a: Pecharunt
|-damage|p1a: Pecharunt|0 fnt
|faint|p1a: Pecharunt
|
|upkeep
|
|t:|1758999165
|switch|p1a: Raging Bolt|Raging Bolt|100/100
|-enditem|p1a: Raging Bolt|Booster Energy
|-activate|p1a: Raging Bolt|ability: Protosynthesis|[fromitem]
|-start|p1a: Raging Bolt|protosynthesisspa
|turn|14
|
|t:|1758999169
|move|p1a: Raging Bolt|Dragon Pulse|p2a: Raging Bolt
|-supereffective|p2a: Raging Bolt
|-damage|p2a: Raging Bolt|0 fnt
|faint|p2a: Raging Bolt
|-end|p2a: Raging Bolt|Protosynthesis|[silent]
|
|upkeep
|
|t:|1758999172
|switch|p2a: Ceruledge|Ceruledge, F|100/100
|-activate|p2a: Ceruledge|move: Sticky Web
|-unboost|p2a: Ceruledge|spe|1
|turn|15
|
|t:|1758999179
|-terastallize|p2a: Ceruledge|Fighting
|move|p1a: Raging Bolt|Thunderbolt|p2a: Ceruledge
|-damage|p2a: Ceruledge|25/100
|move|p2a: Ceruledge|Close Combat|p1a: Raging Bolt
|-damage|p1a: Raging Bolt|40/100
|-unboost|p2a: Ceruledge|def|1
|-unboost|p2a: Ceruledge|spd|1
|
|upkeep
|turn|16
|
|t:|1758999186
|move|p1a: Raging Bolt|Thunderclap|p2a: Ceruledge
|-damage|p2a: Ceruledge|0 fnt
|faint|p2a: Ceruledge
|
|upkeep
|
|t:|1758999188
|switch|p2a: Iron Moth|Iron Moth|51/100
|-activate|p2a: Iron Moth|move: Sticky Web
|-unboost|p2a: Iron Moth|spe|1
|turn|17
|
|t:|1758999191
|move|p1a: Raging Bolt|Thunderbolt|p2a: Iron Moth
|-damage|p2a: Iron Moth|0 fnt
|faint|p2a: Iron Moth
|-end|p2a: Iron Moth|Quark Drive|[silent]
|
|win|cheater serise
|c|☆cheater serise|ggwp
|c|☆KinglerCookie|gg
