|j|☆xxnb
|j|☆Yourragez
|t:|1758952524
|gametype|singles
|player|p1|xxnb|caitlin|1376
|player|p2|Yourragez|266|1386
|gen|9
|tier|[Gen 9] OU
|rated|
|rule|HP Percentage Mod: HP is shown in percentages
|rule|Endless Battle Clause: Forcing endless battles is banned
|rule|Species Clause: Limit one of each Pokémon
|rule|OHKO Clause: OHKO moves are banned
|rule|Evasion Items Clause: Evasion items are banned
|rule|Evasion Moves Clause: Evasion moves are banned
|rule|Evasion Abilities Clause: Evasion abilities are banned
|rule|Sleep Moves Clause: Sleep-inducing moves are banned
|clearpoke
|poke|p1|Espeon, M|
|poke|p1|Ting-Lu|
|poke|p1|Glimmora, M|
|poke|p1|Dragonite, F|
|poke|p1|Dondozo, M|
|poke|p1|Gholdengo|
|poke|p2|Toxapex, F|
|poke|p2|Blissey, F|
|poke|p2|Tornadus-Therian, M|
|poke|p2|Corviknight, M|
|poke|p2|Ting-Lu|
|poke|p2|Skeledirge, M|
|teampreview
|inactive|Battle timer is ON: inactive players will automatically lose when time's up. (requested by xxnb)
|
|t:|1758952559
|teamsize|p1|6
|teamsize|p2|6
|start
|switch|p1a: Glimmora|Glimmora, M, shiny|100/100
|switch|p2a: Ting-Lu|Ting-Lu|100/100
|-ability|p2a: Ting-Lu|Vessel of Ruin
|turn|1
|
|t:|1758952567
|switch|p1a: Dragonite|Dragonite, F, shiny|100/100
|move|p2a: Ting-Lu|Earthquake|p1a: Dragonite
|-immune|p1a: Dragonite
|
|upkeep
|turn|2
|
|t:|1758952574
|move|p1a: Dragonite|Low Kick|p2a: Ting-Lu
|-supereffective|p2a: Ting-Lu
|-damage|p2a: Ting-Lu|19/100
|move|p2a: Ting-Lu|Payback|p1a: Dragonite
|-damage|p1a: Dragonite|81/100
|
|-heal|p2a: Ting-Lu|25/100|[from] item: Leftovers
|upkeep
|turn|3
|j| Mighdas
|
|t:|1758952591
|switch|p1a: Ting-Lu|Ting-Lu|100/100
|-ability|p1a: Ting-Lu|Vessel of Ruin
|switch|p2a: Corviknight|Corviknight, M|100/100
|-ability|p2a: Corviknight|Pressure
|
|upkeep
|turn|4
|
|t:|1758952602
|move|p2a: Corviknight|Iron Defense|p2a: Corviknight
|-boost|p2a: Corviknight|def|2
|move|p1a: Ting-Lu|Ruination|p2a: Corviknight
|-damage|p2a: Corviknight|50/100
|
|upkeep
|turn|5
|
|t:|1758952630
|switch|p1a: Dondozo|Dondozo, M, shiny|100/100
|move|p2a: Corviknight|Body Press|p1a: Dondozo
|-damage|p1a: Dondozo|88/100
|-damage|p2a: Corviknight|34/100|[from] item: Rocky Helmet|[of] p1a: Dondozo
|
|upkeep
|turn|6
|
|t:|1758952639
|move|p2a: Corviknight|Roost|p2a: Corviknight
|-heal|p2a: Corviknight|84/100
|-singleturn|p2a: Corviknight|move: Roost
|move|p1a: Dondozo|Avalanche|p2a: Corviknight
|-resisted|p2a: Corviknight
|-damage|p2a: Corviknight|80/100
|-damage|p1a: Dondozo|71/100|[from] item: Rocky Helmet|[of] p2a: Corviknight
|
|upkeep
|turn|7
|inactive|xxnb has 120 seconds left.
|
|t:|1758952665
|move|p2a: Corviknight|Body Press|p1a: Dondozo
|-damage|p1a: Dondozo|60/100
|-damage|p2a: Corviknight|63/100|[from] item: Rocky Helmet|[of] p1a: Dondozo
|move|p1a: Dondozo|Avalanche|p2a: Corviknight
|-damage|p2a: Corviknight|46/100
|-damage|p1a: Dondozo|43/100|[from] item: Rocky Helmet|[of] p2a: Corviknight
|
|upkeep
|turn|8
|inactive|xxnb has 120 seconds left.
|
|t:|1758952679
|move|p2a: Corviknight|Roost|p2a: Corviknight
|-heal|p2a: Corviknight|96/100
|-singleturn|p2a: Corviknight|move: Roost
|move|p1a: Dondozo|Rest|p1a: Dondozo
|-status|p1a: Dondozo|slp|[from] move: Rest
|-heal|p1a: Dondozo|100/100 slp|[silent]
|
|upkeep
|turn|9
|inactive|xxnb has 120 seconds left.
|
|t:|1758952690
|switch|p2a: Skeledirge|Skeledirge, M|100/100
|cant|p1a: Dondozo|slp
|move|p1a: Dondozo|Sleep Talk|p1a: Dondozo
|move|p1a: Dondozo|Rest||[from] move: Sleep Talk|[still]
|-fail|p1a: Dondozo
|
|upkeep
|turn|10
|inactive|xxnb has 120 seconds left.
|
|t:|1758952700
|switch|p1a: Ting-Lu|Ting-Lu|100/100
|-ability|p1a: Ting-Lu|Vessel of Ruin
|move|p2a: Skeledirge|Hex|p1a: Ting-Lu
|-resisted|p1a: Ting-Lu
|-damage|p1a: Ting-Lu|96/100
|
|upkeep
|turn|11
|inactive|xxnb has 120 seconds left.
|
|t:|1758952715
|move|p2a: Skeledirge|Will-O-Wisp|p1a: Ting-Lu
|-status|p1a: Ting-Lu|brn
|move|p1a: Ting-Lu|Ruination|p2a: Skeledirge|[miss]
|-miss|p1a: Ting-Lu|p2a: Skeledirge
|
|-damage|p1a: Ting-Lu|90/100 brn|[from] brn
|upkeep
|turn|12
|inactive|xxnb has 120 seconds left.
|
|t:|1758952732
|move|p2a: Skeledirge|Torch Song|p1a: Ting-Lu
|-damage|p1a: Ting-Lu|79/100 brn
|-boost|p2a: Skeledirge|spa|1
|move|p1a: Ting-Lu|Ruination|p2a: Skeledirge
|-damage|p2a: Skeledirge|50/100
|
|-damage|p1a: Ting-Lu|73/100 brn|[from] brn
|upkeep
|turn|13
|inactive|xxnb has 120 seconds left.
|
|t:|1758952742
|move|p2a: Skeledirge|Torch Song|p1a: Ting-Lu
|-damage|p1a: Ting-Lu|57/100 brn
|-boost|p2a: Skeledirge|spa|1
|move|p1a: Ting-Lu|Payback|p2a: Skeledirge
|-supereffective|p2a: Skeledirge
|-damage|p2a: Skeledirge|16/100
|
|-damage|p1a: Ting-Lu|51/100 brn|[from] brn
|upkeep
|turn|14
|inactive|xxnb has 120 seconds left.
|
|t:|1758952752
|move|p2a: Skeledirge|Slack Off|p2a: Skeledirge
|-heal|p2a: Skeledirge|66/100
|move|p1a: Ting-Lu|Payback|p2a: Skeledirge
|-supereffective|p2a: Skeledirge
|-damage|p2a: Skeledirge|31/100
|
|-damage|p1a: Ting-Lu|45/100 brn|[from] brn
|upkeep
|turn|15
|inactive|xxnb has 120 seconds left.
|
|t:|1758952778
|move|p2a: Skeledirge|Slack Off|p2a: Skeledirge
|-heal|p2a: Skeledirge|81/100
|move|p1a: Ting-Lu|Earthquake|p2a: Skeledirge
|-supereffective|p2a: Skeledirge
|-damage|p2a: Skeledirge|46/100
|
|-damage|p1a: Ting-Lu|39/100 brn|[from] brn
|upkeep
|turn|16
|
|t:|1758952787
|move|p2a: Skeledirge|Slack Off|p2a: Skeledirge
|-heal|p2a: Skeledirge|96/100
|move|p1a: Ting-Lu|Earthquake|p2a: Skeledirge
|-supereffective|p2a: Skeledirge
|-damage|p2a: Skeledirge|59/100
|
|-damage|p1a: Ting-Lu|32/100 brn|[from] brn
|upkeep
|turn|17
|
|t:|1758952808
|switch|p1a: Glimmora|Glimmora, M, shiny|100/100
|move|p2a: Skeledirge|Torch Song|p1a: Glimmora
|-resisted|p1a: Glimmora
|-damage|p1a: Glimmora|59/100
|-boost|p2a: Skeledirge|spa|1
|
|upkeep
|turn|18
|
|t:|1758952820
|switch|p2a: Blissey|Blissey, F|100/100
|move|p1a: Glimmora|Power Gem|p2a: Blissey
|-damage|p2a: Blissey|88/100
|
|upkeep
|turn|19
|
|t:|1758952828
|switch|p1a: Espeon|Espeon, M, shiny|100/100
|move|p2a: Blissey|Calm Mind|p2a: Blissey
|-boost|p2a: Blissey|spa|1
|-boost|p2a: Blissey|spd|1
|
|upkeep
|turn|20
|inactive|xxnb has 120 seconds left.
|
|t:|1758952838
|switch|p1a: Gholdengo|Gholdengo|100/100
|move|p2a: Blissey|Shadow Ball|p1a: Gholdengo
|-supereffective|p1a: Gholdengo
|-damage|p1a: Gholdengo|49/100
|
|upkeep
|turn|21
|inactive|xxnb has 120 seconds left.
|
|t:|1758952849
|move|p1a: Gholdengo|Focus Blast|p2a: Blissey
|-supereffective|p2a: Blissey
|-damage|p2a: Blissey|71/100
|move|p2a: Blissey|Shadow Ball|p1a: Gholdengo
|-supereffective|p1a: Gholdengo
|-damage|p1a: Gholdengo|0 fnt
|faint|p1a: Gholdengo
|
|upkeep
|-message|xxnb forfeited.
|
|win|Yourragez
|raw|xxnb's rating: 1376 &rarr; <strong>1357</strong><br />(-19 for losing)
|raw|Yourragez's rating: 1386 &rarr; <strong>1405</strong><br />(+19 for winning)
|l|☆xxnb
|player|p1|
