|j|☆TRIPLE RILABOOM
|j|☆AnOriginalName3
|t:|1758926888
|gametype|singles
|player|p1|TRIPLE RILABOOM|lucas|1556
|player|p2|AnOriginalName3|1|1518
|gen|9
|tier|[Gen 9] OU
|rated|
|rule|HP Percentage Mod: HP is shown in percentages
|rule|Endless Battle Clause: Forcing endless battles is banned
|rule|Species Clause: Limit one of each Pokémon
|rule|OHKO Clause: OHKO moves are banned
|rule|Evasion Items Clause: Evasion items are banned
|rule|Evasion Moves Clause: Evasion moves are banned
|rule|Evasion Abilities Clause: Evasion abilities are banned
|rule|Sleep Moves Clause: Sleep-inducing moves are banned
|clearpoke
|poke|p1|Rillaboom, M|
|poke|p1|Ursaluna, M|
|poke|p1|Raging Bolt|
|poke|p1|Kyurem|
|poke|p1|Iron Treads|
|poke|p1|Keldeo-Resolute|
|poke|p2|Glimmora, M|
|poke|p2|Gholdengo|
|poke|p2|Ceruledge, M|
|poke|p2|Great Tusk|
|poke|p2|Scizor, F|
|poke|p2|Bellossom, M|
|teampreview
|inactive|Battle timer is ON: inactive players will automatically lose when time's up. (requested by TRIPLE RILABOOM)
|j| Tempered Gogmazios
|
|t:|1758926902
|teamsize|p1|6
|teamsize|p2|6
|start
|switch|p1a: Raging Bolt|Raging Bolt|100/100
|switch|p2a: Glimmora|Glimmora, M|100/100
|turn|1
|
|t:|1758926905
|move|p2a: Glimmora|Stealth Rock|p1a: Raging Bolt
|-sidestart|p1: TRIPLE RILABOOM|move: Stealth Rock
|move|p1a: Raging Bolt|Volt Switch|p2a: Glimmora
|-damage|p2a: Glimmora|16/100
|
|t:|1758926909
|-end|p1a: Raging Bolt|Protosynthesis|[silent]
|switch|p1a: Iron Treads|Iron Treads, shiny|100/100|[from] Volt Switch
|-damage|p1a: Iron Treads|97/100|[from] Stealth Rock
|-enditem|p1a: Iron Treads|Booster Energy
|-activate|p1a: Iron Treads|ability: Quark Drive|[fromitem]
|-start|p1a: Iron Treads|quarkdrivespe
|
|upkeep
|turn|2
|
|t:|1758926918
|move|p1a: Iron Treads|Iron Head|p2a: Glimmora
|-supereffective|p2a: Glimmora
|-damage|p2a: Glimmora|0 fnt
|-activate|p2a: Glimmora|ability: Toxic Debris
|-sidestart|p1: TRIPLE RILABOOM|move: Toxic Spikes
|faint|p2a: Glimmora
|
|upkeep
|
|t:|1758926924
|switch|p2a: Bellossom|Bellossom, M|100/100
|turn|3
|
|t:|1758926927
|move|p1a: Iron Treads|Rapid Spin|p2a: Bellossom
|-damage|p2a: Bellossom|86/100
|-boost|p1a: Iron Treads|spe|1
|-sideend|p1: TRIPLE RILABOOM|Toxic Spikes|[from] move: Rapid Spin|[of] p1a: Iron Treads
|-sideend|p1: TRIPLE RILABOOM|Stealth Rock|[from] move: Rapid Spin|[of] p1a: Iron Treads
|move|p2a: Bellossom|Quiver Dance|p2a: Bellossom
|-boost|p2a: Bellossom|spa|1
|-boost|p2a: Bellossom|spd|1
|-boost|p2a: Bellossom|spe|1
|
|-heal|p2a: Bellossom|92/100|[from] item: Leftovers
|upkeep
|turn|4
|
|t:|1758926939
|move|p1a: Iron Treads|Iron Head|p2a: Bellossom
|-damage|p2a: Bellossom|58/100
|move|p2a: Bellossom|Quiver Dance|p2a: Bellossom
|-boost|p2a: Bellossom|spa|1
|-boost|p2a: Bellossom|spd|1
|-boost|p2a: Bellossom|spe|1
|
|-heal|p2a: Bellossom|64/100|[from] item: Leftovers
|upkeep
|turn|5
|
|t:|1758926942
|move|p1a: Iron Treads|Iron Head|p2a: Bellossom
|-damage|p2a: Bellossom|25/100
|move|p2a: Bellossom|Strength Sap|p1a: Iron Treads
|-unboost|p1a: Iron Treads|atk|1
|-heal|p2a: Bellossom|100/100
|
|upkeep
|turn|6
|
|t:|1758926946
|move|p1a: Iron Treads|Volt Switch|p2a: Bellossom
|-resisted|p2a: Bellossom
|-damage|p2a: Bellossom|97/100
|
|t:|1758926954
|-end|p1a: Iron Treads|Quark Drive|[silent]
|switch|p1a: Keldeo|Keldeo-Resolute|100/100|[from] Volt Switch
|move|p2a: Bellossom|Quiver Dance|p2a: Bellossom
|-boost|p2a: Bellossom|spa|1
|-boost|p2a: Bellossom|spd|1
|-boost|p2a: Bellossom|spe|1
|
|-heal|p2a: Bellossom|100/100|[from] item: Leftovers
|upkeep
|turn|7
|
|t:|1758926965
|-terastallize|p2a: Bellossom|Fairy
|move|p2a: Bellossom|Quiver Dance|p2a: Bellossom
|-boost|p2a: Bellossom|spa|1
|-boost|p2a: Bellossom|spd|1
|-boost|p2a: Bellossom|spe|1
|move|p1a: Keldeo|Secret Sword|p2a: Bellossom
|-resisted|p2a: Bellossom
|-damage|p2a: Bellossom|76/100
|
|-heal|p2a: Bellossom|82/100|[from] item: Leftovers
|upkeep
|turn|8
|
|t:|1758926972
|move|p2a: Bellossom|Quiver Dance|p2a: Bellossom
|-boost|p2a: Bellossom|spa|1
|-boost|p2a: Bellossom|spd|1
|-boost|p2a: Bellossom|spe|1
|move|p1a: Keldeo|Secret Sword|p2a: Bellossom
|-resisted|p2a: Bellossom
|-damage|p2a: Bellossom|60/100
|
|-heal|p2a: Bellossom|66/100|[from] item: Leftovers
|upkeep
|turn|9
|
|t:|1758926976
|move|p2a: Bellossom|Quiver Dance|p2a: Bellossom
|-boost|p2a: Bellossom|spa|1
|-boost|p2a: Bellossom|spd|1
|-boost|p2a: Bellossom|spe|1
|move|p1a: Keldeo|Secret Sword|p2a: Bellossom
|-resisted|p2a: Bellossom
|-damage|p2a: Bellossom|42/100
|
|-heal|p2a: Bellossom|48/100|[from] item: Leftovers
|upkeep
|turn|10
|
|t:|1758926978
|move|p2a: Bellossom|Giga Drain|p1a: Keldeo
|-supereffective|p1a: Keldeo
|-damage|p1a: Keldeo|0 fnt
|-heal|p2a: Bellossom|100/100|[from] drain|[of] p1a: Keldeo
|faint|p1a: Keldeo
|
|upkeep
|
|t:|1758926987
|switch|p1a: Rillaboom|Rillaboom, M|100/100
|-fieldstart|move: Grassy Terrain|[from] ability: Grassy Surge|[of] p1a: Rillaboom
|turn|11
|
|t:|1758926992
|-terastallize|p1a: Rillaboom|Grass
|move|p1a: Rillaboom|Grassy Glide|p2a: Bellossom
|-damage|p2a: Bellossom|32/100
|-damage|p1a: Rillaboom|91/100|[from] item: Life Orb
|move|p2a: Bellossom|Dazzling Gleam|p1a: Rillaboom
|-damage|p1a: Rillaboom|0 fnt
|faint|p1a: Rillaboom
|
|-heal|p2a: Bellossom|39/100|[from] Grassy Terrain
|-heal|p2a: Bellossom|45/100|[from] item: Leftovers
|upkeep
|
|t:|1758927004
|switch|p1a: Iron Treads|Iron Treads, shiny|97/100
|turn|12
|
|t:|1758927009
|move|p2a: Bellossom|Giga Drain|p1a: Iron Treads
|-damage|p1a: Iron Treads|0 fnt
|-heal|p2a: Bellossom|98/100|[from] drain|[of] p1a: Iron Treads
|faint|p1a: Iron Treads
|-end|p1a: Iron Treads|Quark Drive|[silent]
|
|-heal|p2a: Bellossom|100/100|[from] Grassy Terrain
|upkeep
|
|t:|1758927015
|switch|p1a: Raging Bolt|Raging Bolt|100/100
|turn|13
|
|t:|1758927019
|move|p1a: Raging Bolt|Thunderclap|p2a: Bellossom
|-damage|p2a: Bellossom|81/100
|move|p2a: Bellossom|Dazzling Gleam|p1a: Raging Bolt
|-supereffective|p1a: Raging Bolt
|-damage|p1a: Raging Bolt|0 fnt
|faint|p1a: Raging Bolt
|-end|p1a: Raging Bolt|Protosynthesis|[silent]
|
|-heal|p2a: Bellossom|87/100|[from] Grassy Terrain
|-heal|p2a: Bellossom|93/100|[from] item: Leftovers
|upkeep
|
|t:|1758927024
|switch|p1a: Ursaluna|Ursaluna, M|100/100
|turn|14
|
|t:|1758927027
|move|p2a: Bellossom|Giga Drain|p1a: Ursaluna
|-supereffective|p1a: Ursaluna
|-damage|p1a: Ursaluna|0 fnt
|-heal|p2a: Bellossom|100/100|[from] drain|[of] p1a: Ursaluna
|faint|p1a: Ursaluna
|
|upkeep
|
|t:|1758927029
|switch|p1a: Kyurem|Kyurem, shiny|100/100
|-ability|p1a: Kyurem|Pressure
|turn|15
|
|t:|1758927034
|move|p2a: Bellossom|Dazzling Gleam|p1a: Kyurem
|-supereffective|p1a: Kyurem
|-damage|p1a: Kyurem|0 fnt
|faint|p1a: Kyurem
|
|win|AnOriginalName3
|raw|TRIPLE RILABOOM's rating: 1556 &rarr; <strong>1534</strong><br />(-22 for losing)
|raw|AnOriginalName3's rating: 1518 &rarr; <strong>1540</strong><br />(+22 for winning)
|l|☆AnOriginalName3
|player|p2|
|l|☆TRIPLE RILABOOM
|player|p1|
|l| Tempered Gogmazios
