|j|☆Trivago77
|j|☆Charle_phate
|t:|1758946070
|gametype|singles
|player|p1|Trivago77|169|1391
|player|p2|Charle_phate|blue|1459
|gen|9
|tier|[Gen 9] OU
|rated|
|rule|HP Percentage Mod: HP is shown in percentages
|rule|Endless Battle Clause: Forcing endless battles is banned
|rule|Species Clause: Limit one of each Pokémon
|rule|OHKO Clause: OHKO moves are banned
|rule|Evasion Items Clause: Evasion items are banned
|rule|Evasion Moves Clause: Evasion moves are banned
|rule|Evasion Abilities Clause: Evasion abilities are banned
|rule|Sleep Moves Clause: Sleep-inducing moves are banned
|clearpoke
|poke|p1|Darkrai|
|poke|p1|Scizor, M|
|poke|p1|Iron Moth|
|poke|p1|Gliscor, M|
|poke|p1|Empoleon, M|
|poke|p1|Ninetales-Alola, F|
|poke|p2|Serperior, F|
|poke|p2|Rotom-Wash|
|poke|p2|Zapdos|
|poke|p2|Heatran, M|
|poke|p2|Clefable, F|
|poke|p2|Landorus-Therian, M|
|teampreview
|inactive|Battle timer is ON: inactive players will automatically lose when time's up. (requested by Trivago77)
|
|t:|1758946073
|teamsize|p1|6
|teamsize|p2|6
|start
|switch|p1a: Darkrai|Darkrai, shiny|100/100
|switch|p2a: Rotom|Rotom-Wash|100/100
|turn|1
|
|t:|1758946080
|move|p1a: Darkrai|Dark Pulse|p2a: Rotom
|-damage|p2a: Rotom|62/100
|cant|p2a: Rotom|flinch
|
|-heal|p2a: Rotom|68/100|[from] item: Leftovers
|upkeep
|turn|2
|
|t:|1758946088
|move|p1a: Darkrai|Dark Pulse|p2a: Rotom
|-damage|p2a: Rotom|30/100
|move|p2a: Rotom|Thunder Wave|p1a: Darkrai
|-status|p1a: Darkrai|par
|
|-heal|p2a: Rotom|36/100|[from] item: Leftovers
|upkeep
|turn|3
|
|t:|1758946098
|move|p2a: Rotom|Pain Split|p1a: Darkrai
|-sethp|p1a: Darkrai|67/100 par|[from] move: Pain Split|[silent]
|-sethp|p2a: Rotom|70/100|[from] move: Pain Split
|cant|p1a: Darkrai|par
|
|-heal|p2a: Rotom|76/100|[from] item: Leftovers
|upkeep
|turn|4
|
|t:|1758946107
|move|p2a: Rotom|Charge Beam|p1a: Darkrai
|-damage|p1a: Darkrai|42/100 par
|-boost|p2a: Rotom|spa|1
|move|p1a: Darkrai|Dark Pulse|p2a: Rotom
|-damage|p2a: Rotom|38/100
|
|-heal|p2a: Rotom|44/100|[from] item: Leftovers
|upkeep
|turn|5
|
|t:|1758946122
|move|p2a: Rotom|Hydro Pump|p1a: Darkrai
|-damage|p1a: Darkrai|0 fnt
|faint|p1a: Darkrai
|
|-heal|p2a: Rotom|50/100|[from] item: Leftovers
|upkeep
|
|t:|1758946125
|switch|p1a: Ninetales|Ninetales-Alola, F, shiny|100/100
|-weather|Snowscape|[from] ability: Snow Warning|[of] p1a: Ninetales
|turn|6
|
|t:|1758946133
|move|p1a: Ninetales|Freeze-Dry|p2a: Rotom
|-supereffective|p2a: Rotom
|-damage|p2a: Rotom|0 fnt
|faint|p2a: Rotom
|
|-weather|Snowscape|[upkeep]
|upkeep
|
|t:|1758946145
|switch|p2a: Heatran|Heatran, M|100/100
|turn|7
|
|t:|1758946149
|move|p1a: Ninetales|Aurora Veil|p1a: Ninetales
|-sidestart|p1: Trivago77|move: Aurora Veil
|move|p2a: Heatran|Lava Plume|p1a: Ninetales
|-supereffective|p1a: Ninetales
|-crit|p1a: Ninetales
|-damage|p1a: Ninetales|0 fnt
|faint|p1a: Ninetales
|
|-weather|Snowscape|[upkeep]
|upkeep
|
|t:|1758946152
|switch|p1a: Gliscor|Gliscor, M, shiny|100/100
|turn|8
|
|t:|1758946161
|move|p1a: Gliscor|Swords Dance|p1a: Gliscor
|-boost|p1a: Gliscor|atk|2
|move|p2a: Heatran|Substitute|p2a: Heatran
|-start|p2a: Heatran|Substitute
|-damage|p2a: Heatran|76/100
|
|-weather|Snowscape|[upkeep]
|-heal|p2a: Heatran|82/100|[from] item: Leftovers
|-status|p1a: Gliscor|tox|[from] item: Toxic Orb
|upkeep
|turn|9
|
|t:|1758946172
|move|p1a: Gliscor|Earthquake|p2a: Heatran
|-supereffective|p2a: Heatran
|-end|p2a: Heatran|Substitute
|move|p2a: Heatran|Ancient Power|p1a: Gliscor
|-damage|p1a: Gliscor|90/100 tox
|
|-weather|Snowscape|[upkeep]
|-heal|p2a: Heatran|88/100|[from] item: Leftovers
|-heal|p1a: Gliscor|100/100 tox|[from] ability: Poison Heal
|upkeep
|turn|10
|
|t:|1758946193
|switch|p2a: Landorus|Landorus-Therian, M|100/100
|-ability|p2a: Landorus|Intimidate|boost
|-unboost|p1a: Gliscor|atk|1
|move|p1a: Gliscor|Earthquake|p2a: Landorus
|-immune|p2a: Landorus
|
|-weather|none
|upkeep
|turn|11
|
|t:|1758946203
|move|p2a: Landorus|Swords Dance|p2a: Landorus
|-boost|p2a: Landorus|atk|2
|move|p1a: Gliscor|Dual Wingbeat|p2a: Landorus
|-damage|p2a: Landorus|66/100
|-damage|p2a: Landorus|35/100
|-hitcount|p2a: Landorus|2
|
|-heal|p2a: Landorus|42/100|[from] item: Leftovers
|upkeep
|turn|12
|
|t:|1758946214
|move|p2a: Landorus|Rock Slide|p1a: Gliscor
|-damage|p1a: Gliscor|78/100 tox
|move|p1a: Gliscor|Dual Wingbeat|p2a: Landorus
|-damage|p2a: Landorus|7/100
|-damage|p2a: Landorus|0 fnt
|faint|p2a: Landorus
|-hitcount|p2: Landorus|2
|
|-heal|p1a: Gliscor|91/100 tox|[from] ability: Poison Heal
|upkeep
|
|t:|1758946233
|switch|p2a: Serperior|Serperior, F|100/100
|turn|13
|
|t:|1758946238
|move|p2a: Serperior|Leech Seed|p1a: Gliscor
|-start|p1a: Gliscor|move: Leech Seed
|move|p1a: Gliscor|Dual Wingbeat|p2a: Serperior|[miss]
|-miss|p1a: Gliscor|p2a: Serperior
|
|-damage|p1a: Gliscor|78/100 tox|[from] Leech Seed|[of] p2a: Serperior
|-heal|p1a: Gliscor|91/100 tox|[from] ability: Poison Heal
|upkeep
|turn|14
|
|t:|1758946251
|switch|p2a: Zapdos|Zapdos|100/100
|move|p1a: Gliscor|Dual Wingbeat|p2a: Zapdos
|-resisted|p2a: Zapdos
|-damage|p2a: Zapdos|87/100
|-resisted|p2a: Zapdos
|-damage|p2a: Zapdos|74/100
|-hitcount|p2a: Zapdos|2
|
|-heal|p2a: Zapdos|81/100|[from] item: Leftovers
|-damage|p1a: Gliscor|78/100 tox|[from] Leech Seed|[of] p2a: Zapdos
|-heal|p2a: Zapdos|94/100|[silent]
|-heal|p1a: Gliscor|91/100 tox|[from] ability: Poison Heal
|-sideend|p1: Trivago77|move: Aurora Veil
|upkeep
|turn|15
|
|t:|1758946266
|move|p2a: Zapdos|Ancient Power|p1a: Gliscor
|-damage|p1a: Gliscor|70/100 tox
|-boost|p2a: Zapdos|atk|1
|-boost|p2a: Zapdos|def|1
|-boost|p2a: Zapdos|spa|1
|-boost|p2a: Zapdos|spd|1
|-boost|p2a: Zapdos|spe|1
|move|p1a: Gliscor|Swords Dance|p1a: Gliscor
|-boost|p1a: Gliscor|atk|2
|
|-heal|p2a: Zapdos|100/100|[from] item: Leftovers
|-damage|p1a: Gliscor|58/100 tox|[from] Leech Seed|[of] p2a: Zapdos
|-heal|p1a: Gliscor|70/100 tox|[from] ability: Poison Heal
|upkeep
|turn|16
|
|t:|1758946280
|move|p2a: Zapdos|Ancient Power|p1a: Gliscor
|-damage|p1a: Gliscor|39/100 tox
|move|p1a: Gliscor|Fire Fang|p2a: Zapdos
|-damage|p2a: Zapdos|71/100
|
|-heal|p2a: Zapdos|77/100|[from] item: Leftovers
|-damage|p1a: Gliscor|27/100 tox|[from] Leech Seed|[of] p2a: Zapdos
|-heal|p2a: Zapdos|91/100|[silent]
|-heal|p1a: Gliscor|39/100 tox|[from] ability: Poison Heal
|upkeep
|turn|17
|
|t:|1758946292
|move|p2a: Zapdos|Ancient Power|p1a: Gliscor
|-damage|p1a: Gliscor|5/100 tox
|move|p1a: Gliscor|Fire Fang|p2a: Zapdos|[miss]
|-miss|p1a: Gliscor|p2a: Zapdos
|
|-heal|p2a: Zapdos|97/100|[from] item: Leftovers
|-damage|p1a: Gliscor|0 fnt|[from] Leech Seed|[of] p2a: Zapdos
|-heal|p2a: Zapdos|100/100|[silent]
|faint|p1a: Gliscor
|upkeep
|
|t:|1758946298
|switch|p1a: Iron Moth|Iron Moth, shiny|100/100
|-enditem|p1a: Iron Moth|Booster Energy
|-activate|p1a: Iron Moth|ability: Quark Drive|[fromitem]
|-start|p1a: Iron Moth|quarkdrivespa
|turn|18
|
|t:|1758946308
|move|p2a: Zapdos|Ancient Power|p1a: Iron Moth
|-supereffective|p1a: Iron Moth
|-damage|p1a: Iron Moth|49/100
|move|p1a: Iron Moth|Fiery Dance|p2a: Zapdos
|-damage|p2a: Zapdos|65/100
|-boost|p1a: Iron Moth|spa|1
|
|-heal|p2a: Zapdos|71/100|[from] item: Leftovers
|upkeep
|turn|19
|
|t:|1758946319
|move|p2a: Zapdos|Ancient Power|p1a: Iron Moth
|-supereffective|p1a: Iron Moth
|-damage|p1a: Iron Moth|0 fnt
|faint|p1a: Iron Moth
|-end|p1a: Iron Moth|Quark Drive|[silent]
|
|-heal|p2a: Zapdos|77/100|[from] item: Leftovers
|upkeep
|
|t:|1758946322
|switch|p1a: Scizor|Scizor, M, shiny|100/100
|turn|20
|-message|Trivago77 forfeited.
|
|win|Charle_phate
|raw|Trivago77's rating: 1391 &rarr; <strong>1375</strong><br />(-16 for losing)
|raw|Charle_phate's rating: 1459 &rarr; <strong>1475</strong><br />(+16 for winning)
|l|☆Trivago77
|player|p1|
|l|☆Charle_phate
|player|p2|
