|badge|p2|bronze|gen9ou|100-6
|html|<div class="broadcast-red"><strong>This battle is required to be public due to one or more player having a season medal.</strong><br />During the public phase, you can discuss the state of the ladder <a href="/seasondiscussion">in a special chatroom.</a></div>
|uhtml|medal-msg|<div class="broadcast-blue">Curious what those medals under the avatar are? PS now has Ladder Seasons! For more information, check out the <a href="https://www.smogon.com/forums/threads/3740067/">thread on Smogon.</a></div>
|raw|<div class="broadcast-blue"><strong>This battle is required to be public due to a player having a name starting with 'medal'.</div>
|j|☆lay u down
|j|☆Dr Greg H
|t:|1759046226
|gametype|singles
|player|p1|lay u down|doctor|1757
|player|p2|Dr Greg H|pokemonbreeder-gen4|1837
|gen|9
|tier|[Gen 9] OU
|rated|
|rule|HP Percentage Mod: HP is shown in percentages
|rule|Endless Battle Clause: Forcing endless battles is banned
|rule|Species Clause: Limit one of each Pokémon
|rule|OHKO Clause: OHKO moves are banned
|rule|Evasion Items Clause: Evasion items are banned
|rule|Evasion Moves Clause: Evasion moves are banned
|rule|Evasion Abilities Clause: Evasion abilities are banned
|rule|Sleep Moves Clause: Sleep-inducing moves are banned
|clearpoke
|poke|p1|Ogerpon-Cornerstone, F|
|poke|p1|Iron Treads|
|poke|p1|Samurott-Hisui, F|
|poke|p1|Pecharunt|
|poke|p1|Zamazenta-*|
|poke|p1|Tornadus-Therian, M|
|poke|p2|Weezing-Galar, M|
|poke|p2|Darkrai|
|poke|p2|Alomomola, M|
|poke|p2|Corviknight, F|
|poke|p2|Lokix, F|
|poke|p2|Landorus-Therian, M|
|teampreview
|inactive|Battle timer is ON: inactive players will automatically lose when time's up. (requested by lay u down)
|inactive|Dr Greg H also wants the timer to be on.
|j| heatraniac
|
|t:|1759046245
|teamsize|p1|6
|teamsize|p2|6
|start
|switch|p1a: Ogerpon|Ogerpon-Cornerstone, F|100/100
|switch|p2a: Weezing|Weezing-Galar, M|100/100
|-ability|p2a: Weezing|Neutralizing Gas
|turn|1
|j| tapu moxo
|
|t:|1759046248
|move|p1a: Ogerpon|Taunt|p2a: Weezing
|-start|p2a: Weezing|move: Taunt
|cant|p2a: Weezing|move: Taunt|Will-O-Wisp
|
|upkeep
|turn|2
|
|t:|1759046249
|move|p1a: Ogerpon|Swords Dance|p1a: Ogerpon
|-boost|p1a: Ogerpon|atk|2
|move|p2a: Weezing|Strange Steam|p1a: Ogerpon
|-damage|p1a: Ogerpon|67/100
|
|upkeep
|turn|3
|
|t:|1759046254
|move|p1a: Ogerpon|Ivy Cudgel|p2a: Weezing|[anim] Ivy Cudgel Rock
|-crit|p2a: Weezing
|-damage|p2a: Weezing|0 fnt
|faint|p2a: Weezing
|-end|p2a: Weezing|ability: Neutralizing Gas
|
|upkeep
|j| amimec
|
|t:|1759046262
|switch|p2a: Darkrai|Darkrai|100/100
|turn|4
|
|t:|1759046267
|switch|p1a: Samurott|Samurott-Hisui, F|100/100
|move|p2a: Darkrai|Sludge Bomb|p1a: Samurott
|-damage|p1a: Samurott|66/100
|
|upkeep
|turn|5
|j| Sirpeanutcronch
|
|t:|1759046280
|move|p2a: Darkrai|Sludge Bomb|p1a: Samurott
|-crit|p1a: Samurott
|-damage|p1a: Samurott|13/100
|move|p1a: Samurott|Razor Shell|p2a: Darkrai
|-damage|p2a: Darkrai|33/100
|-unboost|p2a: Darkrai|def|1
|
|upkeep
|turn|6
|
|t:|1759046287
|switch|p2a: Corviknight|Corviknight, F|100/100
|-ability|p2a: Corviknight|Pressure
|move|p1a: Samurott|Ceaseless Edge|p2a: Corviknight
|-damage|p2a: Corviknight|74/100
|-damage|p1a: Samurott|0 fnt|[from] item: Rocky Helmet|[of] p2a: Corviknight
|faint|p1a: Samurott
|
|upkeep
|
|t:|1759046297
|switch|p1a: Tornadus|Tornadus-Therian, M|100/100
|turn|7
|
|t:|1759046299
|switch|p2a: Alomomola|Alomomola, M|100/100
|move|p1a: Tornadus|Heat Wave|p2a: Alomomola
|-resisted|p2a: Alomomola
|-damage|p2a: Alomomola|89/100
|-damage|p1a: Tornadus|91/100|[from] item: Life Orb
|
|upkeep
|turn|8
|
|t:|1759046313
|switch|p1a: Iron Treads|Iron Treads|100/100
|move|p2a: Alomomola|Flip Turn|p1a: Iron Treads
|-supereffective|p1a: Iron Treads
|-damage|p1a: Iron Treads|70/100
|
|t:|1759046320
|switch|p2a: Landorus|Landorus-Therian, M|100/100|[from] Flip Turn
|-ability|p2a: Landorus|Intimidate|boost
|-unboost|p1a: Iron Treads|atk|1
|
|-heal|p1a: Iron Treads|76/100|[from] item: Leftovers
|upkeep
|turn|9
|l| heatraniac
|
|t:|1759046327
|move|p2a: Landorus|Earthquake|p1a: Iron Treads
|-supereffective|p1a: Iron Treads
|-damage|p1a: Iron Treads|0 fnt
|faint|p1a: Iron Treads
|-end|p1a: Iron Treads|Quark Drive|[silent]
|
|upkeep
|
|t:|1759046330
|switch|p1a: Tornadus|Tornadus-Therian, M|100/100
|turn|10
|
|t:|1759046334
|switch|p2a: Alomomola|Alomomola, M|100/100
|move|p1a: Tornadus|Nasty Plot|p1a: Tornadus
|-boost|p1a: Tornadus|spa|2
|
|upkeep
|turn|11
|
|t:|1759046338
|move|p1a: Tornadus|Nasty Plot|p1a: Tornadus
|-boost|p1a: Tornadus|spa|2
|move|p2a: Alomomola|Flip Turn|p1a: Tornadus
|-damage|p1a: Tornadus|76/100
|
|t:|1759046342
|switch|p2a: Lokix|Lokix, F|100/100|[from] Flip Turn
|
|upkeep
|turn|12
|
|t:|1759046346
|switch|p1a: Pecharunt|Pecharunt|100/100
|move|p2a: Lokix|First Impression|p1a: Pecharunt
|-resisted|p1a: Pecharunt
|-damage|p1a: Pecharunt|86/100
|-damage|p2a: Lokix|84/100|[from] item: Rocky Helmet|[of] p1a: Pecharunt
|
|upkeep
|turn|13
|
|t:|1759046352
|switch|p2a: Alomomola|Alomomola, M|100/100
|move|p1a: Pecharunt|Parting Shot|p2a: Alomomola
|-unboost|p2a: Alomomola|atk|1
|-unboost|p2a: Alomomola|spa|1
|
|t:|1759046354
|switch|p1a: Ogerpon|Ogerpon-Cornerstone, F|67/100|[from] Parting Shot
|
|upkeep
|turn|14
|
|t:|1759046359
|switch|p2a: Corviknight|Corviknight, F|74/100
|-ability|p2a: Corviknight|Pressure
|move|p1a: Ogerpon|Horn Leech|p2a: Corviknight
|-resisted|p2a: Corviknight
|-damage|p2a: Corviknight|68/100
|-heal|p1a: Ogerpon|71/100|[from] drain|[of] p2a: Corviknight
|-damage|p1a: Ogerpon|54/100|[from] item: Rocky Helmet|[of] p2a: Corviknight
|
|upkeep
|turn|15
|
|t:|1759046365
|switch|p2a: Landorus|Landorus-Therian, M|100/100
|-ability|p2a: Landorus|Intimidate|boost
|-unboost|p1a: Ogerpon|atk|1
|move|p1a: Ogerpon|Ivy Cudgel|p2a: Landorus|[anim] Ivy Cudgel Rock
|-damage|p2a: Landorus|53/100
|
|upkeep
|turn|16
|
|t:|1759046369
|switch|p1a: Tornadus|Tornadus-Therian, M|100/100
|move|p2a: Landorus|U-turn|p1a: Tornadus
|-resisted|p1a: Tornadus
|-damage|p1a: Tornadus|84/100
|
|t:|1759046372
|switch|p2a: Lokix|Lokix, F|84/100|[from] U-turn
|
|upkeep
|turn|17
|
|t:|1759046376
|switch|p1a: Pecharunt|Pecharunt|86/100
|move|p2a: Lokix|First Impression|p1a: Pecharunt
|-resisted|p1a: Pecharunt
|-damage|p1a: Pecharunt|74/100
|-damage|p2a: Lokix|67/100|[from] item: Rocky Helmet|[of] p1a: Pecharunt
|
|upkeep
|turn|18
|
|t:|1759046382
|switch|p2a: Alomomola|Alomomola, M|100/100
|move|p1a: Pecharunt|Parting Shot|p2a: Alomomola
|-unboost|p2a: Alomomola|atk|1
|-unboost|p2a: Alomomola|spa|1
|
|t:|1759046385
|switch|p1a: Ogerpon|Ogerpon-Cornerstone, F|54/100|[from] Parting Shot
|
|upkeep
|turn|19
|
|t:|1759046389
|switch|p2a: Corviknight|Corviknight, F|68/100
|-ability|p2a: Corviknight|Pressure
|move|p1a: Ogerpon|Horn Leech|p2a: Corviknight
|-resisted|p2a: Corviknight
|-damage|p2a: Corviknight|61/100
|-heal|p1a: Ogerpon|59/100|[from] drain|[of] p2a: Corviknight
|-damage|p1a: Ogerpon|42/100|[from] item: Rocky Helmet|[of] p2a: Corviknight
|
|upkeep
|turn|20
|
|t:|1759046393
|move|p1a: Ogerpon|Ivy Cudgel|p2a: Corviknight|[anim] Ivy Cudgel Rock
|-damage|p2a: Corviknight|28/100
|move|p2a: Corviknight|Body Press|p1a: Ogerpon
|-supereffective|p1a: Ogerpon
|-damage|p1a: Ogerpon|0 fnt
|faint|p1a: Ogerpon
|
|upkeep
|
|t:|1759046400
|switch|p1a: Tornadus|Tornadus-Therian, M|100/100
|turn|21
|
|t:|1759046412
|move|p1a: Tornadus|Nasty Plot|p1a: Tornadus
|-boost|p1a: Tornadus|spa|2
|move|p2a: Corviknight|Roost|p2a: Corviknight
|-heal|p2a: Corviknight|78/100
|-singleturn|p2a: Corviknight|move: Roost
|
|upkeep
|turn|22
|
|t:|1759046417
|switch|p2a: Alomomola|Alomomola, M|100/100
|move|p1a: Tornadus|Bleakwind Storm|p2a: Alomomola|[miss]
|-miss|p1a: Tornadus|p2a: Alomomola
|
|upkeep
|turn|23
|
|t:|1759046421
|move|p1a: Tornadus|Bleakwind Storm|p2a: Alomomola
|-damage|p2a: Alomomola|34/100
|-unboost|p2a: Alomomola|spe|1
|-damage|p1a: Tornadus|91/100|[from] item: Life Orb
|move|p2a: Alomomola|Flip Turn|p1a: Tornadus
|-damage|p1a: Tornadus|66/100
|
|t:|1759046428
|switch|p2a: Darkrai|Darkrai|33/100|[from] Flip Turn
|
|upkeep
|turn|24
|l| tapu moxo
|
|t:|1759046443
|move|p2a: Darkrai|Dark Pulse|p1a: Tornadus
|-damage|p1a: Tornadus|0 fnt
|faint|p1a: Tornadus
|
|upkeep
|
|t:|1759046446
|switch|p1a: Zamazenta|Zamazenta|100/100
|-ability|p1a: Zamazenta|Dauntless Shield|boost
|-boost|p1a: Zamazenta|def|1
|turn|25
|
|t:|1759046454
|switch|p2a: Landorus|Landorus-Therian, M|53/100
|-ability|p2a: Landorus|Intimidate|boost
|-unboost|p1a: Zamazenta|atk|1
|move|p1a: Zamazenta|Iron Defense|p1a: Zamazenta
|-boost|p1a: Zamazenta|def|2
|
|upkeep
|turn|26
|
|t:|1759046458
|move|p2a: Landorus|Earthquake|p1a: Zamazenta
|-damage|p1a: Zamazenta|84/100
|move|p1a: Zamazenta|Iron Defense|p1a: Zamazenta
|-boost|p1a: Zamazenta|def|2
|
|-heal|p1a: Zamazenta|90/100|[from] item: Leftovers
|upkeep
|turn|27
|
|t:|1759046464
|move|p2a: Landorus|Earthquake|p1a: Zamazenta
|-damage|p1a: Zamazenta|78/100
|move|p1a: Zamazenta|Body Press|p2a: Landorus
|-resisted|p2a: Landorus
|-damage|p2a: Landorus|0 fnt
|faint|p2a: Landorus
|
|-heal|p1a: Zamazenta|84/100|[from] item: Leftovers
|upkeep
|
|t:|1759046467
|switch|p2a: Corviknight|Corviknight, F|78/100
|-ability|p2a: Corviknight|Pressure
|turn|28
|
|t:|1759046470
|-terastallize|p2a: Corviknight|Ghost
|move|p1a: Zamazenta|Body Press|p2a: Corviknight
|-immune|p2a: Corviknight
|move|p2a: Corviknight|Iron Defense|p2a: Corviknight
|-boost|p2a: Corviknight|def|2
|
|-heal|p1a: Zamazenta|90/100|[from] item: Leftovers
|upkeep
|turn|29
|
|t:|1759046474
|move|p2a: Corviknight|Iron Defense|p2a: Corviknight
|-boost|p2a: Corviknight|def|2
|move|p1a: Zamazenta|Roar|p2a: Corviknight
|drag|p2a: Darkrai|Darkrai|33/100
|
|-heal|p1a: Zamazenta|97/100|[from] item: Leftovers
|upkeep
|turn|30
|
|t:|1759046480
|switch|p2a: Corviknight|Corviknight, F, tera:Ghost|78/100
|-ability|p2a: Corviknight|Pressure
|move|p1a: Zamazenta|Body Press|p2a: Corviknight
|-immune|p2a: Corviknight
|
|-heal|p1a: Zamazenta|100/100|[from] item: Leftovers
|upkeep
|turn|31
|
|t:|1759046483
|move|p2a: Corviknight|Iron Defense|p2a: Corviknight
|-boost|p2a: Corviknight|def|2
|move|p1a: Zamazenta|Roar|p2a: Corviknight
|drag|p2a: Lokix|Lokix, F|67/100
|
|upkeep
|turn|32
|
|t:|1759046486
|switch|p2a: Corviknight|Corviknight, F, tera:Ghost|78/100
|-ability|p2a: Corviknight|Pressure
|move|p1a: Zamazenta|Crunch|p2a: Corviknight
|-supereffective|p2a: Corviknight
|-damage|p2a: Corviknight|61/100
|-damage|p1a: Zamazenta|84/100|[from] item: Rocky Helmet|[of] p2a: Corviknight
|
|-heal|p1a: Zamazenta|90/100|[from] item: Leftovers
|upkeep
|turn|33
|
|t:|1759046492
|switch|p1a: Pecharunt|Pecharunt|74/100
|move|p2a: Corviknight|Roost|p2a: Corviknight
|-heal|p2a: Corviknight|100/100
|
|upkeep
|turn|34
|
|t:|1759046499
|switch|p2a: Alomomola|Alomomola, M|67/100
|move|p1a: Pecharunt|Malignant Chain|p2a: Alomomola
|-damage|p2a: Alomomola|49/100
|-status|p2a: Alomomola|tox
|-start|p2a: Alomomola|confusion|[from] ability: Poison Puppeteer|[of] p1a: Pecharunt
|
|-damage|p2a: Alomomola|43/100 tox|[from] psn
|upkeep
|turn|35
|
|t:|1759046506
|move|p1a: Pecharunt|Recover|p1a: Pecharunt
|-heal|p1a: Pecharunt|100/100
|-activate|p2a: Alomomola|confusion
|-damage|p2a: Alomomola|38/100 tox|[from] confusion
|
|-damage|p2a: Alomomola|26/100 tox|[from] psn
|upkeep
|turn|36
|
|t:|1759046514
|switch|p2a: Lokix|Lokix, F|67/100
|move|p1a: Pecharunt|Malignant Chain|p2a: Lokix
|-crit|p2a: Lokix
|-damage|p2a: Lokix|0 fnt
|faint|p2a: Lokix
|
|upkeep
|
|t:|1759046516
|switch|p2a: Darkrai|Darkrai|33/100
|turn|37
|
|t:|1759046537
|-terastallize|p1a: Pecharunt|Dark
|move|p2a: Darkrai|Dark Pulse|p1a: Pecharunt
|-resisted|p1a: Pecharunt
|-damage|p1a: Pecharunt|67/100
|cant|p1a: Pecharunt|flinch
|
|upkeep
|turn|38
|
|t:|1759046544
|switch|p2a: Alomomola|Alomomola, M|59/100 tox
|move|p1a: Pecharunt|Malignant Chain|p2a: Alomomola
|-damage|p2a: Alomomola|41/100 tox
|
|-damage|p2a: Alomomola|35/100 tox|[from] psn
|upkeep
|turn|39
|
|t:|1759046550
|move|p1a: Pecharunt|Recover|p1a: Pecharunt
|-heal|p1a: Pecharunt|100/100
|move|p2a: Alomomola|Flip Turn|p1a: Pecharunt
|-damage|p1a: Pecharunt|93/100
|-damage|p2a: Alomomola|18/100 tox|[from] item: Rocky Helmet|[of] p1a: Pecharunt
|
|t:|1759046553
|switch|p2a: Darkrai|Darkrai|33/100|[from] Flip Turn
|
|upkeep
|turn|40
|
|t:|1759046558
|move|p2a: Darkrai|Trick|p1a: Pecharunt
|-activate|p2a: Darkrai|move: Trick|[of] p1a: Pecharunt
|-item|p1a: Pecharunt|Choice Specs|[from] move: Trick
|-item|p2a: Darkrai|Rocky Helmet|[from] move: Trick
|move|p1a: Pecharunt|Malignant Chain|p2a: Darkrai
|-damage|p2a: Darkrai|0 fnt
|faint|p2a: Darkrai
|
|upkeep
|
|t:|1759046563
|switch|p2a: Alomomola|Alomomola, M|51/100 tox
|turn|41
|
|t:|1759046567
|move|p1a: Pecharunt|Malignant Chain|p2a: Alomomola
|-damage|p2a: Alomomola|27/100 tox
|move|p2a: Alomomola|Flip Turn|p1a: Pecharunt
|-damage|p1a: Pecharunt|85/100
|
|t:|1759046570
|switch|p2a: Corviknight|Corviknight, F, tera:Ghost|100/100|[from] Flip Turn
|-ability|p2a: Corviknight|Pressure
|
|upkeep
|turn|42
|
|t:|1759046575
|switch|p2a: Alomomola|Alomomola, M|60/100 tox
|move|p1a: Pecharunt|Malignant Chain|p2a: Alomomola
|-damage|p2a: Alomomola|35/100 tox
|
|-damage|p2a: Alomomola|29/100 tox|[from] psn
|upkeep
|turn|43
|j| tapu moxo
|
|t:|1759046583
|move|p1a: Pecharunt|Malignant Chain|p2a: Alomomola
|-damage|p2a: Alomomola|2/100 tox
|move|p2a: Alomomola|Mirror Coat|p1a: Pecharunt
|-immune|p1a: Pecharunt
|
|-damage|p2a: Alomomola|0 fnt|[from] psn
|faint|p2a: Alomomola
|upkeep
|
|t:|1759046588
|switch|p2a: Corviknight|Corviknight, F, tera:Ghost|100/100
|-ability|p2a: Corviknight|Pressure
|turn|44
|
|t:|1759046592
|move|p1a: Pecharunt|Malignant Chain|p2a: Corviknight
|-resisted|p2a: Corviknight
|-damage|p2a: Corviknight|79/100
|move|p2a: Corviknight|Roost|p2a: Corviknight
|-heal|p2a: Corviknight|100/100
|
|upkeep
|turn|45
|
|t:|1759046599
|switch|p1a: Zamazenta|Zamazenta|90/100
|move|p2a: Corviknight|Iron Defense|p2a: Corviknight
|-boost|p2a: Corviknight|def|2
|
|-heal|p1a: Zamazenta|96/100|[from] item: Leftovers
|upkeep
|turn|46
|
|t:|1759046603
|move|p1a: Zamazenta|Iron Defense|p1a: Zamazenta
|-boost|p1a: Zamazenta|def|2
|move|p2a: Corviknight|Iron Defense|p2a: Corviknight
|-boost|p2a: Corviknight|def|2
|
|-heal|p1a: Zamazenta|100/100|[from] item: Leftovers
|upkeep
|turn|47
|
|t:|1759046605
|move|p1a: Zamazenta|Iron Defense|p1a: Zamazenta
|-boost|p1a: Zamazenta|def|2
|move|p2a: Corviknight|Iron Defense|p2a: Corviknight
|-boost|p2a: Corviknight|def|2
|
|upkeep
|turn|48
|
|t:|1759046609
|move|p1a: Zamazenta|Iron Defense|p1a: Zamazenta
|-boost|p1a: Zamazenta|def|2
|move|p2a: Corviknight|Body Press|p1a: Zamazenta
|-damage|p1a: Zamazenta|79/100
|
|-heal|p1a: Zamazenta|85/100|[from] item: Leftovers
|upkeep
|turn|49
|
|t:|1759046629
|move|p1a: Zamazenta|Iron Defense|p1a: Zamazenta
|-boost|p1a: Zamazenta|def|0
|move|p2a: Corviknight|Iron Defense|p2a: Corviknight
|-boost|p2a: Corviknight|def|0
|
|-heal|p1a: Zamazenta|91/100|[from] item: Leftovers
|upkeep
|turn|50
|
|t:|1759046632
|move|p1a: Zamazenta|Iron Defense|p1a: Zamazenta
|-boost|p1a: Zamazenta|def|0
|move|p2a: Corviknight|Iron Defense|p2a: Corviknight
|-boost|p2a: Corviknight|def|0
|
|-heal|p1a: Zamazenta|97/100|[from] item: Leftovers
|upkeep
|turn|51
|
|t:|1759046646
|move|p1a: Zamazenta|Iron Defense|p1a: Zamazenta
|-boost|p1a: Zamazenta|def|0
|move|p2a: Corviknight|Iron Defense|p2a: Corviknight
|-boost|p2a: Corviknight|def|0
|
|-heal|p1a: Zamazenta|100/100|[from] item: Leftovers
|upkeep
|turn|52
|
|t:|1759046649
|move|p2a: Corviknight|Iron Defense|p2a: Corviknight
|-boost|p2a: Corviknight|def|0
|move|p1a: Zamazenta|Roar||[still]
|-fail|p1a: Zamazenta
|
|upkeep
|turn|53
|
|t:|1759046652
|move|p2a: Corviknight|Iron Defense|p2a: Corviknight
|-boost|p2a: Corviknight|def|0
|move|p1a: Zamazenta|Roar||[still]
|-fail|p1a: Zamazenta
|
|upkeep
|turn|54
|
|t:|1759046657
|move|p2a: Corviknight|Iron Defense|p2a: Corviknight
|-boost|p2a: Corviknight|def|0
|move|p1a: Zamazenta|Roar||[still]
|-fail|p1a: Zamazenta
|
|upkeep
|turn|55
|
|t:|1759046659
|move|p2a: Corviknight|Iron Defense|p2a: Corviknight
|-boost|p2a: Corviknight|def|0
|move|p1a: Zamazenta|Roar||[still]
|-fail|p1a: Zamazenta
|
|upkeep
|turn|56
|
|t:|1759046661
|move|p2a: Corviknight|Iron Defense|p2a: Corviknight
|-boost|p2a: Corviknight|def|0
|move|p1a: Zamazenta|Roar||[still]
|-fail|p1a: Zamazenta
|
|upkeep
|turn|57
|
|t:|1759046663
|move|p2a: Corviknight|Iron Defense|p2a: Corviknight
|-boost|p2a: Corviknight|def|0
|move|p1a: Zamazenta|Roar||[still]
|-fail|p1a: Zamazenta
|
|upkeep
|turn|58
|
|t:|1759046667
|move|p2a: Corviknight|Iron Defense|p2a: Corviknight
|-boost|p2a: Corviknight|def|0
|move|p1a: Zamazenta|Roar||[still]
|-fail|p1a: Zamazenta
|
|upkeep
|turn|59
|
|t:|1759046670
|move|p2a: Corviknight|Iron Defense|p2a: Corviknight
|-boost|p2a: Corviknight|def|0
|move|p1a: Zamazenta|Roar||[still]
|-fail|p1a: Zamazenta
|
|upkeep
|turn|60
|
|t:|1759046673
|move|p2a: Corviknight|Iron Defense|p2a: Corviknight
|-boost|p2a: Corviknight|def|0
|move|p1a: Zamazenta|Roar||[still]
|-fail|p1a: Zamazenta
|
|upkeep
|turn|61
|
|t:|1759046675
|move|p1a: Zamazenta|Iron Defense|p1a: Zamazenta
|-boost|p1a: Zamazenta|def|0
|move|p2a: Corviknight|Iron Defense|p2a: Corviknight
|-boost|p2a: Corviknight|def|0
|
|upkeep
|turn|62
|j| astolfo cesar
|
|t:|1759046678
|move|p2a: Corviknight|Iron Defense|p2a: Corviknight
|-boost|p2a: Corviknight|def|0
|move|p1a: Zamazenta|Roar||[still]
|-fail|p1a: Zamazenta
|
|upkeep
|turn|63
|
|t:|1759046680
|move|p1a: Zamazenta|Iron Defense|p1a: Zamazenta
|-boost|p1a: Zamazenta|def|0
|move|p2a: Corviknight|Iron Defense|p2a: Corviknight
|-boost|p2a: Corviknight|def|0
|
|upkeep
|turn|64
|
|t:|1759046682
|move|p2a: Corviknight|Iron Defense|p2a: Corviknight
|-boost|p2a: Corviknight|def|0
|move|p1a: Zamazenta|Roar||[still]
|-fail|p1a: Zamazenta
|
|upkeep
|turn|65
|
|t:|1759046684
|move|p1a: Zamazenta|Iron Defense|p1a: Zamazenta
|-boost|p1a: Zamazenta|def|0
|move|p2a: Corviknight|Iron Defense|p2a: Corviknight
|-boost|p2a: Corviknight|def|0
|
|upkeep
|turn|66
|
|t:|1759046689
|move|p2a: Corviknight|Iron Defense|p2a: Corviknight
|-boost|p2a: Corviknight|def|0
|move|p1a: Zamazenta|Roar||[still]
|-fail|p1a: Zamazenta
|
|upkeep
|turn|67
|
|t:|1759046691
|move|p1a: Zamazenta|Iron Defense|p1a: Zamazenta
|-boost|p1a: Zamazenta|def|0
|move|p2a: Corviknight|Defog|p1a: Zamazenta
|-unboost|p1a: Zamazenta|evasion|1
|
|upkeep
|turn|68
|
|t:|1759046699
|move|p1a: Zamazenta|Iron Defense|p1a: Zamazenta
|-boost|p1a: Zamazenta|def|0
|move|p2a: Corviknight|Defog|p1a: Zamazenta
|-unboost|p1a: Zamazenta|evasion|1
|
|upkeep
|turn|69
|
|t:|1759046708
|move|p1a: Zamazenta|Iron Defense|p1a: Zamazenta
|-boost|p1a: Zamazenta|def|0
|move|p2a: Corviknight|Defog|p1a: Zamazenta
|-unboost|p1a: Zamazenta|evasion|1
|
|upkeep
|turn|70
|
|t:|1759046711
|move|p1a: Zamazenta|Iron Defense|p1a: Zamazenta
|-boost|p1a: Zamazenta|def|0
|move|p2a: Corviknight|Defog|p1a: Zamazenta
|-unboost|p1a: Zamazenta|evasion|1
|
|upkeep
|turn|71
|
|t:|1759046713
|move|p1a: Zamazenta|Iron Defense|p1a: Zamazenta
|-boost|p1a: Zamazenta|def|0
|move|p2a: Corviknight|Defog|p1a: Zamazenta
|-unboost|p1a: Zamazenta|evasion|1
|
|upkeep
|turn|72
|
|t:|1759046718
|move|p1a: Zamazenta|Body Press|p2a: Corviknight
|-immune|p2a: Corviknight
|move|p2a: Corviknight|Defog|p1a: Zamazenta
|-unboost|p1a: Zamazenta|evasion|1
|
|upkeep
|turn|73
|
|t:|1759046722
|move|p1a: Zamazenta|Iron Defense|p1a: Zamazenta
|-boost|p1a: Zamazenta|def|0
|move|p2a: Corviknight|Defog||[still]
|-unboost|p1a: Zamazenta|evasion|0
|-fail|p2a: Corviknight
|
|upkeep
|turn|74
|
|t:|1759046727
|move|p1a: Zamazenta|Iron Defense|p1a: Zamazenta
|-boost|p1a: Zamazenta|def|0
|move|p2a: Corviknight|Defog||[still]
|-unboost|p1a: Zamazenta|evasion|0
|-fail|p2a: Corviknight
|
|upkeep
|turn|75
|
|t:|1759046730
|move|p1a: Zamazenta|Iron Defense|p1a: Zamazenta
|-boost|p1a: Zamazenta|def|0
|move|p2a: Corviknight|Defog||[still]
|-unboost|p1a: Zamazenta|evasion|0
|-fail|p2a: Corviknight
|
|upkeep
|turn|76
|
|t:|1759046731
|move|p1a: Zamazenta|Body Press|p2a: Corviknight
|-immune|p2a: Corviknight
|move|p2a: Corviknight|Defog||[still]
|-unboost|p1a: Zamazenta|evasion|0
|-fail|p2a: Corviknight
|
|upkeep
|turn|77
|
|t:|1759046733
|move|p1a: Zamazenta|Iron Defense|p1a: Zamazenta
|-boost|p1a: Zamazenta|def|0
|move|p2a: Corviknight|Defog||[still]
|-unboost|p1a: Zamazenta|evasion|0
|-fail|p2a: Corviknight
|
|upkeep
|turn|78
|
|t:|1759046735
|move|p1a: Zamazenta|Body Press|p2a: Corviknight
|-immune|p2a: Corviknight
|move|p2a: Corviknight|Defog||[still]
|-unboost|p1a: Zamazenta|evasion|0
|-fail|p2a: Corviknight
|
|upkeep
|turn|79
|
|t:|1759046738
|move|p1a: Zamazenta|Body Press|p2a: Corviknight
|-immune|p2a: Corviknight
|move|p2a: Corviknight|Defog||[still]
|-unboost|p1a: Zamazenta|evasion|0
|-fail|p2a: Corviknight
|
|upkeep
|turn|80
|c| astolfo cesar|Epic
|
|t:|1759046745
|move|p1a: Zamazenta|Body Press|p2a: Corviknight
|-immune|p2a: Corviknight
|move|p2a: Corviknight|Defog||[still]
|-unboost|p1a: Zamazenta|evasion|0
|-fail|p2a: Corviknight
|
|upkeep
|turn|81
|
|t:|1759046747
|move|p1a: Zamazenta|Iron Defense|p1a: Zamazenta
|-boost|p1a: Zamazenta|def|0
|move|p2a: Corviknight|Defog||[still]
|-unboost|p1a: Zamazenta|evasion|0
|-fail|p2a: Corviknight
|
|upkeep
|turn|82
|
|t:|1759046749
|move|p1a: Zamazenta|Body Press|p2a: Corviknight
|-immune|p2a: Corviknight
|move|p2a: Corviknight|Defog||[still]
|-unboost|p1a: Zamazenta|evasion|0
|-fail|p2a: Corviknight
|
|upkeep
|turn|83
|
|t:|1759046754
|move|p1a: Zamazenta|Iron Defense|p1a: Zamazenta
|-boost|p1a: Zamazenta|def|0
|move|p2a: Corviknight|Defog||[still]
|-unboost|p1a: Zamazenta|evasion|0
|-fail|p2a: Corviknight
|
|upkeep
|turn|84
|
|t:|1759046756
|move|p1a: Zamazenta|Iron Defense|p1a: Zamazenta
|-boost|p1a: Zamazenta|def|0
|move|p2a: Corviknight|Defog||[still]
|-unboost|p1a: Zamazenta|evasion|0
|-fail|p2a: Corviknight
|
|upkeep
|turn|85
|
|t:|1759046758
|move|p1a: Zamazenta|Iron Defense|p1a: Zamazenta
|-boost|p1a: Zamazenta|def|0
|move|p2a: Corviknight|Defog||[still]
|-unboost|p1a: Zamazenta|evasion|0
|-fail|p2a: Corviknight
|
|upkeep
|turn|86
|
|t:|1759046761
|move|p2a: Corviknight|Defog||[still]
|-unboost|p1a: Zamazenta|evasion|0
|-fail|p2a: Corviknight
|move|p1a: Zamazenta|Roar||[still]
|-fail|p1a: Zamazenta
|
|upkeep
|turn|87
|
|t:|1759046770
|move|p2a: Corviknight|Defog||[still]
|-unboost|p1a: Zamazenta|evasion|0
|-fail|p2a: Corviknight
|move|p1a: Zamazenta|Roar||[still]
|-fail|p1a: Zamazenta
|
|upkeep
|turn|88
|
|t:|1759046778
|move|p1a: Zamazenta|Crunch|p2a: Corviknight
|-supereffective|p2a: Corviknight
|-damage|p2a: Corviknight|93/100
|-damage|p1a: Zamazenta|84/100|[from] item: Rocky Helmet|[of] p2a: Corviknight
|move|p2a: Corviknight|Body Press|p1a: Zamazenta
|-damage|p1a: Zamazenta|65/100
|
|-heal|p1a: Zamazenta|71/100|[from] item: Leftovers
|upkeep
|turn|89
|
|t:|1759046785
|move|p1a: Zamazenta|Crunch|p2a: Corviknight
|-supereffective|p2a: Corviknight
|-damage|p2a: Corviknight|87/100
|-damage|p1a: Zamazenta|55/100|[from] item: Rocky Helmet|[of] p2a: Corviknight
|move|p2a: Corviknight|Body Press|p1a: Zamazenta
|-damage|p1a: Zamazenta|35/100
|
|-heal|p1a: Zamazenta|42/100|[from] item: Leftovers
|upkeep
|turn|90
|
|t:|1759046788
|move|p1a: Zamazenta|Crunch|p2a: Corviknight
|-supereffective|p2a: Corviknight
|-damage|p2a: Corviknight|80/100
|-unboost|p2a: Corviknight|def|1
|-damage|p1a: Zamazenta|25/100|[from] item: Rocky Helmet|[of] p2a: Corviknight
|move|p2a: Corviknight|Body Press|p1a: Zamazenta
|-damage|p1a: Zamazenta|9/100
|
|-heal|p1a: Zamazenta|15/100|[from] item: Leftovers
|upkeep
|turn|91
|
|t:|1759046791
|move|p1a: Zamazenta|Crunch|p2a: Corviknight
|-supereffective|p2a: Corviknight
|-damage|p2a: Corviknight|72/100
|-damage|p1a: Zamazenta|0 fnt|[from] item: Rocky Helmet|[of] p2a: Corviknight
|faint|p1a: Zamazenta
|move|p2a: Corviknight|Body Press|p1: Zamazenta|[notarget]
|-fail|p2a: Corviknight
|
|upkeep
|
|t:|1759046796
|switch|p1a: Pecharunt|Pecharunt, tera:Dark|85/100
|turn|92
|
|t:|1759046799
|move|p1a: Pecharunt|Foul Play|p2a: Corviknight
|-supereffective|p2a: Corviknight
|-damage|p2a: Corviknight|63/100
|-damage|p1a: Pecharunt|69/100|[from] item: Rocky Helmet|[of] p2a: Corviknight
|move|p2a: Corviknight|Body Press|p1a: Pecharunt
|-supereffective|p1a: Pecharunt
|-damage|p1a: Pecharunt|0 fnt
|faint|p1a: Pecharunt
|
|win|Dr Greg H
|raw|lay u down's rating: 1757 &rarr; <strong>1742</strong><br />(-15 for losing)
|raw|Dr Greg H's rating: 1837 &rarr; <strong>1852</strong><br />(+15 for winning)
|l|☆Dr Greg H
|player|p2|
|l|☆lay u down
|player|p1|
|j| Samurajen
|l| astolfo cesar
|l| amimec
