|j|☆Zu 2 The T0p
|j|☆jarm2532
|t:|1758945585
|gametype|singles
|player|p1|Zu 2 The T0p|dancer|1578
|player|p2|jarm2532|ethan|1517
|gen|9
|tier|[Gen 9] OU
|rated|
|rule|HP Percentage Mod: HP is shown in percentages
|rule|Endless Battle Clause: Forcing endless battles is banned
|rule|Species Clause: Limit one of each Pokémon
|rule|OHKO Clause: OHKO moves are banned
|rule|Evasion Items Clause: Evasion items are banned
|rule|Evasion Moves Clause: Evasion moves are banned
|rule|Evasion Abilities Clause: Evasion abilities are banned
|rule|Sleep Moves Clause: Sleep-inducing moves are banned
|clearpoke
|poke|p1|Iron Jugulis|
|poke|p1|Avalugg, M|
|poke|p1|Pincurchin, M|
|poke|p1|Clodsire, M|
|poke|p1|Raichu-Alola, M|
|poke|p1|Iron Boulder|
|poke|p2|Tyranitar, M|
|poke|p2|Excadrill, M|
|poke|p2|Enamorus, F|
|poke|p2|Dragapult, M|
|poke|p2|Heatran, M|
|poke|p2|Hydrapple, M|
|teampreview
|inactive|Battle timer is ON: inactive players will automatically lose when time's up. (requested by Zu 2 The T0p)
|
|t:|1758945594
|teamsize|p1|6
|teamsize|p2|6
|start
|switch|p1a: Pincurchin|Pincurchin, M, shiny|100/100
|switch|p2a: Heatran|Heatran, M, shiny|100/100
|-fieldstart|move: Electric Terrain|[from] ability: Electric Surge|[of] p1a: Pincurchin
|turn|1
|
|t:|1758945605
|switch|p1a: Iron Boulder|Iron Boulder|100/100
|-activate|p1a: Iron Boulder|ability: Quark Drive
|-start|p1a: Iron Boulder|quarkdrivespe
|move|p2a: Heatran|Magma Storm|p1a: Iron Boulder|[miss]
|-miss|p2a: Heatran|p1a: Iron Boulder
|
|upkeep
|turn|2
|
|t:|1758945619
|switch|p2a: Hydrapple|Hydrapple, M, shiny|100/100
|move|p1a: Iron Boulder|Earthquake|p2a: Hydrapple
|-resisted|p2a: Hydrapple
|-damage|p2a: Hydrapple|87/100
|
|upkeep
|turn|3
|
|t:|1758945632
|-end|p1a: Iron Boulder|Quark Drive|[silent]
|switch|p1a: Clodsire|Clodsire, M, shiny|100/100
|move|p2a: Hydrapple|Giga Drain|p1a: Clodsire
|-damage|p1a: Clodsire|85/100
|-heal|p2a: Hydrapple|95/100|[from] drain|[of] p1a: Clodsire
|
|-heal|p1a: Clodsire|92/100|[from] item: Leftovers
|upkeep
|turn|4
|
|t:|1758945641
|switch|p2a: Heatran|Heatran, M, shiny|100/100
|move|p1a: Clodsire|Stealth Rock|p2a: Heatran
|-sidestart|p2: jarm2532|move: Stealth Rock
|
|-heal|p1a: Clodsire|98/100|[from] item: Leftovers
|upkeep
|turn|5
|
|t:|1758945648
|move|p2a: Heatran|Stealth Rock|p1a: Clodsire
|-sidestart|p1: Zu 2 The T0p|move: Stealth Rock
|move|p1a: Clodsire|Earthquake|p2a: Heatran
|-supereffective|p2a: Heatran
|-damage|p2a: Heatran|16/100
|
|-heal|p2a: Heatran|22/100|[from] item: Leftovers
|-heal|p1a: Clodsire|100/100|[from] item: Leftovers
|upkeep
|turn|6
|
|t:|1758945662
|switch|p2a: Hydrapple|Hydrapple, M, shiny|100/100
|-damage|p2a: Hydrapple|88/100|[from] Stealth Rock
|move|p1a: Clodsire|Earthquake|p2a: Hydrapple
|-resisted|p2a: Hydrapple
|-damage|p2a: Hydrapple|81/100
|
|upkeep
|turn|7
|
|t:|1758945671
|switch|p2a: Excadrill|Excadrill, M, shiny|100/100
|-damage|p2a: Excadrill|97/100|[from] Stealth Rock
|move|p1a: Clodsire|Poison Jab|p2a: Excadrill
|-immune|p2a: Excadrill
|
|upkeep
|turn|8
|
|t:|1758945679
|switch|p1a: Avalugg|Avalugg, M, shiny|100/100
|move|p2a: Excadrill|Earthquake|p1a: Avalugg
|-damage|p1a: Avalugg|68/100
|-damage|p2a: Excadrill|87/100|[from] item: Life Orb
|
|-fieldend|move: Electric Terrain
|upkeep
|turn|9
|
|t:|1758945689
|-terastallize|p1a: Avalugg|Dragon
|move|p2a: Excadrill|Iron Head|p1a: Avalugg
|-damage|p1a: Avalugg|44/100
|-damage|p2a: Excadrill|78/100|[from] item: Life Orb
|cant|p1a: Avalugg|flinch
|
|upkeep
|turn|10
|
|t:|1758945697
|switch|p2a: Dragapult|Dragapult, M, shiny|100/100
|move|p1a: Avalugg|Recover|p1a: Avalugg
|-heal|p1a: Avalugg|94/100
|
|upkeep
|turn|11
|
|t:|1758945704
|switch|p1a: Pincurchin|Pincurchin, M, shiny|100/100
|-damage|p1a: Pincurchin|88/100|[from] Stealth Rock
|-fieldstart|move: Electric Terrain|[from] ability: Electric Surge|[of] p1a: Pincurchin
|move|p2a: Dragapult|Will-O-Wisp|p1a: Pincurchin
|-status|p1a: Pincurchin|brn
|
|-damage|p1a: Pincurchin|82/100 brn|[from] brn
|upkeep
|turn|12
|
|t:|1758945717
|switch|p1a: Iron Jugulis|Iron Jugulis, shiny|100/100
|-damage|p1a: Iron Jugulis|76/100|[from] Stealth Rock
|-activate|p1a: Iron Jugulis|ability: Quark Drive
|-start|p1a: Iron Jugulis|quarkdrivespe
|move|p2a: Dragapult|U-turn|p1a: Iron Jugulis
|-damage|p1a: Iron Jugulis|55/100
|
|t:|1758945729
|switch|p2a: Tyranitar|Tyranitar, M, shiny|100/100|[from] U-turn
|-damage|p2a: Tyranitar|88/100|[from] Stealth Rock
|-weather|Sandstorm|[from] ability: Sand Stream|[of] p2a: Tyranitar
|
|-weather|Sandstorm|[upkeep]
|-damage|p1a: Iron Jugulis|49/100|[from] Sandstorm
|upkeep
|turn|13
|
|t:|1758945737
|move|p1a: Iron Jugulis|Focus Blast|p2a: Tyranitar|[miss]
|-miss|p1a: Iron Jugulis|p2a: Tyranitar
|move|p2a: Tyranitar|Knock Off|p1a: Iron Jugulis
|-resisted|p1a: Iron Jugulis
|-damage|p1a: Iron Jugulis|0 fnt
|-enditem|p1a: Iron Jugulis|Power Herb|[from] move: Knock Off|[of] p2a: Tyranitar
|faint|p1a: Iron Jugulis
|-end|p1a: Iron Jugulis|Quark Drive|[silent]
|
|-weather|Sandstorm|[upkeep]
|upkeep
|c|☆Zu 2 The T0p|Flinch into miss
|
|t:|1758945756
|switch|p1a: Iron Boulder|Iron Boulder|100/100
|-damage|p1a: Iron Boulder|88/100|[from] Stealth Rock
|-activate|p1a: Iron Boulder|ability: Quark Drive
|-start|p1a: Iron Boulder|quarkdrivespe
|turn|14
|
|t:|1758945763
|switch|p2a: Hydrapple|Hydrapple, M, shiny|100/100
|-damage|p2a: Hydrapple|88/100|[from] Stealth Rock
|move|p1a: Iron Boulder|Close Combat|p2a: Hydrapple
|-damage|p2a: Hydrapple|56/100
|-unboost|p1a: Iron Boulder|def|1
|-unboost|p1a: Iron Boulder|spd|1
|-damage|p1a: Iron Boulder|72/100|[from] item: Rocky Helmet|[of] p2a: Hydrapple
|
|-weather|Sandstorm|[upkeep]
|-damage|p2a: Hydrapple|50/100|[from] Sandstorm
|upkeep
|turn|15
|
|t:|1758945777
|-end|p1a: Iron Boulder|Quark Drive|[silent]
|switch|p1a: Clodsire|Clodsire, M, shiny|100/100
|-damage|p1a: Clodsire|94/100|[from] Stealth Rock
|switch|p2a: Dragapult|Dragapult, M, shiny|100/100
|
|-weather|Sandstorm|[upkeep]
|-damage|p2a: Dragapult|95/100|[from] Sandstorm
|-heal|p1a: Clodsire|100/100|[from] item: Leftovers
|upkeep
|turn|16
|
|t:|1758945802
|move|p2a: Dragapult|Will-O-Wisp|p1a: Clodsire
|-status|p1a: Clodsire|brn
|move|p1a: Clodsire|Poison Jab|p2a: Dragapult
|-resisted|p2a: Dragapult
|-damage|p2a: Dragapult|87/100
|
|-weather|none
|-damage|p1a: Clodsire|94/100 brn|[from] brn
|upkeep
|turn|17
|
|t:|1758945814
|switch|p2a: Excadrill|Excadrill, M, shiny|78/100
|-damage|p2a: Excadrill|74/100|[from] Stealth Rock
|move|p1a: Clodsire|Poison Jab|p2a: Excadrill
|-immune|p2a: Excadrill
|
|-heal|p1a: Clodsire|100/100 brn|[from] item: Leftovers
|-damage|p1a: Clodsire|94/100 brn|[from] brn
|upkeep
|turn|18
|
|t:|1758945823
|switch|p1a: Avalugg|Avalugg, M, shiny, tera:Dragon|94/100
|move|p2a: Excadrill|Earthquake|p1a: Avalugg
|-damage|p1a: Avalugg|62/100
|-damage|p2a: Excadrill|64/100|[from] item: Life Orb
|
|-fieldend|move: Electric Terrain
|upkeep
|turn|19
|
|t:|1758945830
|switch|p2a: Dragapult|Dragapult, M, shiny|87/100
|move|p1a: Avalugg|Recover|p1a: Avalugg
|-heal|p1a: Avalugg|100/100
|
|upkeep
|turn|20
|
|t:|1758945839
|switch|p1a: Clodsire|Clodsire, M, shiny|94/100 brn
|-damage|p1a: Clodsire|88/100 brn|[from] Stealth Rock
|move|p2a: Dragapult|U-turn|p1a: Clodsire
|-resisted|p1a: Clodsire
|-damage|p1a: Clodsire|79/100 brn
|
|t:|1758945856
|switch|p2a: Excadrill|Excadrill, M, shiny|64/100|[from] U-turn
|-damage|p2a: Excadrill|61/100|[from] Stealth Rock
|
|-heal|p1a: Clodsire|86/100 brn|[from] item: Leftovers
|-damage|p1a: Clodsire|79/100 brn|[from] brn
|upkeep
|turn|21
|
|t:|1758945864
|switch|p1a: Avalugg|Avalugg, M, shiny, tera:Dragon|100/100
|move|p2a: Excadrill|Earthquake|p1a: Avalugg
|-damage|p1a: Avalugg|73/100
|-damage|p2a: Excadrill|51/100|[from] item: Life Orb
|
|upkeep
|turn|22
|
|t:|1758945871
|switch|p2a: Enamorus|Enamorus, F|100/100
|-damage|p2a: Enamorus|76/100|[from] Stealth Rock
|move|p1a: Avalugg|Avalanche|p2a: Enamorus
|-supereffective|p2a: Enamorus
|-damage|p2a: Enamorus|0 fnt
|faint|p2a: Enamorus
|
|upkeep
|
|t:|1758945881
|switch|p2a: Dragapult|Dragapult, M, shiny|87/100
|turn|23
|
|t:|1758945885
|switch|p1a: Clodsire|Clodsire, M, shiny|79/100 brn
|-damage|p1a: Clodsire|73/100 brn|[from] Stealth Rock
|move|p2a: Dragapult|Hex|p1a: Clodsire
|-damage|p1a: Clodsire|41/100 brn
|
|-heal|p1a: Clodsire|47/100 brn|[from] item: Leftovers
|-damage|p1a: Clodsire|41/100 brn|[from] brn
|upkeep
|turn|24
|
|t:|1758945897
|move|p2a: Dragapult|Hex|p1a: Clodsire
|-damage|p1a: Clodsire|12/100 brn
|move|p1a: Clodsire|Recover|p1a: Clodsire
|-heal|p1a: Clodsire|62/100 brn
|
|-heal|p1a: Clodsire|68/100 brn|[from] item: Leftovers
|-damage|p1a: Clodsire|62/100 brn|[from] brn
|upkeep
|turn|25
|
|t:|1758945910
|move|p2a: Dragapult|U-turn|p1a: Clodsire
|-resisted|p1a: Clodsire
|-damage|p1a: Clodsire|54/100 brn
|
|t:|1758945913
|switch|p2a: Tyranitar|Tyranitar, M, shiny|88/100|[from] U-turn
|-damage|p2a: Tyranitar|76/100|[from] Stealth Rock
|-weather|Sandstorm|[from] ability: Sand Stream|[of] p2a: Tyranitar
|move|p1a: Clodsire|Recover|p1a: Clodsire
|-heal|p1a: Clodsire|100/100 brn
|
|-weather|Sandstorm|[upkeep]
|-damage|p1a: Clodsire|94/100 brn|[from] brn
|upkeep
|turn|26
|
|t:|1758945923
|switch|p1a: Avalugg|Avalugg, M, shiny, tera:Dragon|73/100
|move|p2a: Tyranitar|Knock Off|p1a: Avalugg
|-damage|p1a: Avalugg|39/100
|-enditem|p1a: Avalugg|Heavy-Duty Boots|[from] move: Knock Off|[of] p2a: Tyranitar
|
|-weather|Sandstorm|[upkeep]
|-damage|p1a: Avalugg|33/100|[from] Sandstorm
|upkeep
|turn|27
|
|t:|1758945935
|switch|p2a: Heatran|Heatran, M, shiny|22/100
|-damage|p2a: Heatran|9/100|[from] Stealth Rock
|move|p1a: Avalugg|Recover|p1a: Avalugg
|-heal|p1a: Avalugg|83/100
|
|-weather|Sandstorm|[upkeep]
|-damage|p1a: Avalugg|77/100|[from] Sandstorm
|-heal|p2a: Heatran|16/100|[from] item: Leftovers
|upkeep
|turn|28
|
|t:|1758945946
|move|p2a: Heatran|Magma Storm|p1a: Avalugg|[miss]
|-miss|p2a: Heatran|p1a: Avalugg
|move|p1a: Avalugg|Body Press|p2a: Heatran
|-supereffective|p2a: Heatran
|-damage|p2a: Heatran|0 fnt
|faint|p2a: Heatran
|
|-weather|Sandstorm|[upkeep]
|-damage|p1a: Avalugg|71/100|[from] Sandstorm
|upkeep
|
|t:|1758945958
|switch|p2a: Dragapult|Dragapult, M, shiny|87/100
|turn|29
|
|t:|1758945985
|move|p2a: Dragapult|U-turn|p1a: Avalugg
|-damage|p1a: Avalugg|63/100
|
|t:|1758945990
|switch|p2a: Excadrill|Excadrill, M, shiny|51/100|[from] U-turn
|-damage|p2a: Excadrill|48/100|[from] Stealth Rock
|move|p1a: Avalugg|Avalanche|p2a: Excadrill
|-damage|p2a: Excadrill|14/100
|
|-weather|none
|upkeep
|turn|30
|
|t:|1758946005
|switch|p2a: Tyranitar|Tyranitar, M, shiny|76/100
|-damage|p2a: Tyranitar|64/100|[from] Stealth Rock
|-weather|Sandstorm|[from] ability: Sand Stream|[of] p2a: Tyranitar
|move|p1a: Avalugg|Recover|p1a: Avalugg
|-heal|p1a: Avalugg|100/100
|
|-weather|Sandstorm|[upkeep]
|-damage|p1a: Avalugg|94/100|[from] Sandstorm
|upkeep
|turn|31
|
|t:|1758946014
|move|p2a: Tyranitar|Low Kick|p1a: Avalugg
|-crit|p1a: Avalugg
|-damage|p1a: Avalugg|53/100
|move|p1a: Avalugg|Avalanche|p2a: Tyranitar
|-damage|p2a: Tyranitar|19/100
|
|-weather|Sandstorm|[upkeep]
|-damage|p1a: Avalugg|47/100|[from] Sandstorm
|upkeep
|turn|32
|
|t:|1758946022
|move|p2a: Tyranitar|Low Kick|p1a: Avalugg
|-damage|p1a: Avalugg|21/100
|move|p1a: Avalugg|Recover|p1a: Avalugg
|-heal|p1a: Avalugg|71/100
|
|-weather|Sandstorm|[upkeep]
|-damage|p1a: Avalugg|64/100|[from] Sandstorm
|upkeep
|turn|33
|
|t:|1758946029
|move|p2a: Tyranitar|Low Kick|p1a: Avalugg
|-crit|p1a: Avalugg
|-damage|p1a: Avalugg|20/100
|move|p1a: Avalugg|Recover|p1a: Avalugg
|-heal|p1a: Avalugg|70/100
|
|-weather|Sandstorm|[upkeep]
|-damage|p1a: Avalugg|64/100|[from] Sandstorm
|upkeep
|turn|34
|c|☆Zu 2 The T0p|Dude wtf is this shit
|
|t:|1758946039
|move|p2a: Tyranitar|Low Kick|p1a: Avalugg
|-damage|p1a: Avalugg|36/100
|move|p1a: Avalugg|Recover|p1a: Avalugg
|-heal|p1a: Avalugg|86/100
|
|-weather|none
|upkeep
|turn|35
|
|t:|1758946056
|switch|p2a: Dragapult|Dragapult, M, shiny|87/100
|move|p1a: Avalugg|Rapid Spin|p2a: Dragapult
|-immune|p2a: Dragapult
|
|upkeep
|turn|36
|
|t:|1758946067
|move|p2a: Dragapult|Will-O-Wisp|p1a: Avalugg
|-status|p1a: Avalugg|brn
|move|p1a: Avalugg|Avalanche|p2a: Dragapult
|-supereffective|p2a: Dragapult
|-damage|p2a: Dragapult|56/100
|
|-damage|p1a: Avalugg|80/100 brn|[from] brn
|upkeep
|turn|37
|
|t:|1758946076
|switch|p1a: Clodsire|Clodsire, M, shiny|94/100 brn
|-damage|p1a: Clodsire|88/100 brn|[from] Stealth Rock
|move|p2a: Dragapult|Hex|p1a: Clodsire
|-damage|p1a: Clodsire|59/100 brn
|
|-heal|p1a: Clodsire|65/100 brn|[from] item: Leftovers
|-damage|p1a: Clodsire|59/100 brn|[from] brn
|upkeep
|turn|38
|
|t:|1758946089
|move|p2a: Dragapult|U-turn|p1a: Clodsire
|-resisted|p1a: Clodsire
|-damage|p1a: Clodsire|50/100 brn
|
|t:|1758946092
|switch|p2a: Tyranitar|Tyranitar, M, shiny|19/100|[from] U-turn
|-damage|p2a: Tyranitar|6/100|[from] Stealth Rock
|-weather|Sandstorm|[from] ability: Sand Stream|[of] p2a: Tyranitar
|move|p1a: Clodsire|Earthquake|p2a: Tyranitar
|-supereffective|p2a: Tyranitar
|-damage|p2a: Tyranitar|0 fnt
|faint|p2a: Tyranitar
|
|-weather|Sandstorm|[upkeep]
|-heal|p1a: Clodsire|56/100 brn|[from] item: Leftovers
|-damage|p1a: Clodsire|50/100 brn|[from] brn
|upkeep
|
|t:|1758946105
|switch|p2a: Excadrill|Excadrill, M, shiny|14/100
|-damage|p2a: Excadrill|10/100|[from] Stealth Rock
|turn|39
|
|t:|1758946113
|switch|p1a: Pincurchin|Pincurchin, M, shiny|82/100 brn
|-damage|p1a: Pincurchin|70/100 brn|[from] Stealth Rock
|-fieldstart|move: Electric Terrain|[from] ability: Electric Surge|[of] p1a: Pincurchin
|move|p2a: Excadrill|Earthquake|p1a: Pincurchin
|-supereffective|p1a: Pincurchin
|-damage|p1a: Pincurchin|0 fnt
|faint|p1a: Pincurchin
|-damage|p2a: Excadrill|0 fnt|[from] item: Life Orb
|faint|p2a: Excadrill
|
|-weather|Sandstorm|[upkeep]
|upkeep
|
|t:|1758946125
|switch|p2a: Hydrapple|Hydrapple, M, shiny|83/100
|switch|p1a: Iron Boulder|Iron Boulder|72/100
|-damage|p1a: Iron Boulder|59/100|[from] Stealth Rock
|-damage|p2a: Hydrapple|70/100|[from] Stealth Rock
|-activate|p1a: Iron Boulder|ability: Quark Drive
|-start|p1a: Iron Boulder|quarkdrivespe
|turn|40
|
|t:|1758946136
|move|p1a: Iron Boulder|Mighty Cleave|p2a: Hydrapple
|-damage|p2a: Hydrapple|30/100
|-damage|p1a: Iron Boulder|43/100|[from] item: Rocky Helmet|[of] p2a: Hydrapple
|move|p2a: Hydrapple|Giga Drain|p1a: Iron Boulder
|-supereffective|p1a: Iron Boulder
|-damage|p1a: Iron Boulder|5/100
|-heal|p2a: Hydrapple|44/100|[from] drain|[of] p1a: Iron Boulder
|
|-weather|Sandstorm|[upkeep]
|-damage|p2a: Hydrapple|38/100|[from] Sandstorm
|upkeep
|turn|41
|
|t:|1758946153
|move|p1a: Iron Boulder|Mighty Cleave|p2a: Hydrapple
|-damage|p2a: Hydrapple|0 fnt
|-damage|p1a: Iron Boulder|0 fnt|[from] item: Rocky Helmet|[of] p2a: Hydrapple
|faint|p2a: Hydrapple
|faint|p1a: Iron Boulder
|-end|p1a: Iron Boulder|Quark Drive|[silent]
|
|-weather|Sandstorm|[upkeep]
|upkeep
|
|t:|1758946159
|switch|p1a: Raichu|Raichu-Alola, M, shiny|100/100
|switch|p2a: Dragapult|Dragapult, M, shiny|56/100
|-damage|p1a: Raichu|88/100|[from] Stealth Rock
|turn|42
|
|t:|1758946167
|move|p1a: Raichu|Psychic|p2a: Dragapult
|-damage|p2a: Dragapult|0 fnt
|faint|p2a: Dragapult
|-damage|p1a: Raichu|78/100|[from] item: Life Orb
|
|win|Zu 2 The T0p
|raw|Zu 2 The T0p's rating: 1578 &rarr; <strong>1595</strong><br />(+17 for winning)
|raw|jarm2532's rating: 1517 &rarr; <strong>1500</strong><br />(-17 for losing)
|l|☆jarm2532
|player|p2|
