|j|☆dvwg4dvwrwg4gs
|j|☆XinFeng
|t:|1758948142
|gametype|singles
|player|p1|dvwg4dvwrwg4gs|169|1531
|player|p2|XinFeng|bellelba|1478
|gen|9
|tier|[Gen 9] OU
|rated|
|rule|HP Percentage Mod: HP is shown in percentages
|rule|Endless Battle Clause: Forcing endless battles is banned
|rule|Species Clause: Limit one of each Pokémon
|rule|OHKO Clause: OHKO moves are banned
|rule|Evasion Items Clause: Evasion items are banned
|rule|Evasion Moves Clause: Evasion moves are banned
|rule|Evasion Abilities Clause: Evasion abilities are banned
|rule|Sleep Moves Clause: Sleep-inducing moves are banned
|clearpoke
|poke|p1|Dragapult, M|
|poke|p1|Dragonite, F|
|poke|p1|Ting-Lu|
|poke|p1|Weezing-Galar, F|
|poke|p1|Iron Crown|
|poke|p1|Zapdos|
|poke|p2|Charizard, M|
|poke|p2|Torkoal, F|
|poke|p2|Walking Wake|
|poke|p2|Lilligant-Hisui, F|
|poke|p2|Hatterene, F|
|poke|p2|Great Tusk|
|teampreview
|inactive|Battle timer is ON: inactive players will automatically lose when time's up. (requested by XinFeng)
|
|t:|1758948163
|teamsize|p1|6
|teamsize|p2|6
|start
|switch|p1a: Ting-Lu|Ting-Lu|100/100
|switch|p2a: Torkoal|Torkoal, F, shiny|100/100
|-ability|p1a: Ting-Lu|Vessel of Ruin
|-weather|SunnyDay|[from] ability: Drought|[of] p2a: Torkoal
|turn|1
|
|t:|1758948182
|move|p1a: Ting-Lu|Stealth Rock|p2a: Torkoal
|-sidestart|p2: XinFeng|move: Stealth Rock
|move|p2a: Torkoal|Stealth Rock|p1a: Ting-Lu
|-sidestart|p1: dvwg4dvwrwg4gs|move: Stealth Rock
|
|-weather|SunnyDay|[upkeep]
|upkeep
|turn|2
|
|t:|1758948189
|move|p1a: Ting-Lu|Earthquake|p2a: Torkoal
|-supereffective|p2a: Torkoal
|-damage|p2a: Torkoal|48/100
|move|p2a: Torkoal|Rapid Spin|p1a: Ting-Lu
|-damage|p1a: Ting-Lu|96/100
|-boost|p2a: Torkoal|spe|1
|-sideend|p2: XinFeng|Stealth Rock|[from] move: Rapid Spin|[of] p2a: Torkoal
|
|-weather|SunnyDay|[upkeep]
|-heal|p1a: Ting-Lu|100/100|[from] item: Leftovers
|upkeep
|turn|3
|
|t:|1758948198
|switch|p2a: Lilligant|Lilligant-Hisui, F, shiny|100/100
|move|p1a: Ting-Lu|Earthquake|p2a: Lilligant
|-resisted|p2a: Lilligant
|-damage|p2a: Lilligant|71/100
|
|-weather|SunnyDay|[upkeep]
|upkeep
|turn|4
|
|t:|1758948209
|move|p2a: Lilligant|Triple Axel|p1a: Ting-Lu
|-supereffective|p1a: Ting-Lu
|-damage|p1a: Ting-Lu|91/100
|-supereffective|p1a: Ting-Lu
|-damage|p1a: Ting-Lu|73/100
|-supereffective|p1a: Ting-Lu
|-damage|p1a: Ting-Lu|44/100
|-hitcount|p1a: Ting-Lu|3
|-damage|p2a: Lilligant|61/100|[from] item: Life Orb
|move|p1a: Ting-Lu|Whirlwind|p2a: Lilligant
|drag|p2a: Charizard|Charizard, M|100/100
|
|-weather|SunnyDay|[upkeep]
|-damage|p2a: Charizard|88/100|[from] ability: Solar Power|[of] p2a: Charizard
|-heal|p1a: Ting-Lu|50/100|[from] item: Leftovers
|upkeep
|turn|5
|inactive|dvwg4dvwrwg4gs has 120 seconds left.
|
|t:|1758948242
|move|p2a: Charizard|Flamethrower|p1a: Ting-Lu
|-damage|p1a: Ting-Lu|0 fnt
|faint|p1a: Ting-Lu
|
|-weather|SunnyDay|[upkeep]
|-damage|p2a: Charizard|76/100|[from] ability: Solar Power|[of] p2a: Charizard
|upkeep
|inactive|dvwg4dvwrwg4gs has 120 seconds left.
|
|t:|1758948263
|switch|p1a: Dragapult|Dragapult, M|100/100
|turn|6
|
|t:|1758948269
|switch|p2a: Hatterene|Hatterene, F|100/100
|move|p1a: Dragapult|Dragon Darts|p2a: Hatterene
|-immune|p2a: Hatterene
|
|-weather|SunnyDay|[upkeep]
|upkeep
|turn|7
|
|t:|1758948290
|move|p1a: Dragapult|U-turn|p2a: Hatterene
|-damage|p2a: Hatterene|84/100
|-enditem|p2a: Hatterene|Eject Button
|
|t:|1758948298
|switch|p2a: Walking Wake|Walking Wake|100/100
|-activate|p2a: Walking Wake|ability: Protosynthesis
|-start|p2a: Walking Wake|protosynthesisspe
|
|-weather|SunnyDay|[upkeep]
|upkeep
|turn|8
|inactive|dvwg4dvwrwg4gs has 90 seconds left.
|
|t:|1758948338
|switch|p1a: Dragonite|Dragonite, F|100/100
|-terastallize|p2a: Walking Wake|Water
|move|p2a: Walking Wake|Hydro Steam|p1a: Dragonite
|-resisted|p1a: Dragonite
|-damage|p1a: Dragonite|72/100
|
|-weather|none
|-end|p2a: Walking Wake|Protosynthesis
|upkeep
|turn|9
|inactive|dvwg4dvwrwg4gs has 60 seconds left.
|
|t:|1758948364
|-end|p2a: Walking Wake|Protosynthesis|[silent]
|switch|p2a: Torkoal|Torkoal, F, shiny|48/100
|-weather|SunnyDay|[from] ability: Drought|[of] p2a: Torkoal
|move|p1a: Dragonite|Roost|p1a: Dragonite
|-heal|p1a: Dragonite|100/100
|-singleturn|p1a: Dragonite|move: Roost
|
|-weather|SunnyDay|[upkeep]
|upkeep
|turn|10
|inactive|dvwg4dvwrwg4gs has 60 seconds left.
|
|t:|1758948384
|switch|p1a: Weezing|Weezing-Galar, F|100/100
|-ability|p1a: Weezing|Neutralizing Gas
|switch|p2a: Lilligant|Lilligant-Hisui, F, shiny|61/100
|
|-weather|SunnyDay|[upkeep]
|upkeep
|turn|11
|inactive|dvwg4dvwrwg4gs has 60 seconds left.
|
|t:|1758948402
|switch|p2a: Great Tusk|Great Tusk, shiny|100/100
|move|p1a: Weezing|Defog|p2a: Great Tusk
|-unboost|p2a: Great Tusk|evasion|1
|-sideend|p1: dvwg4dvwrwg4gs|Stealth Rock|[from] move: Defog|[of] p1a: Weezing
|-enditem|p2a: Great Tusk|Eject Pack
|
|t:|1758948411
|-end|p2a: Great Tusk|Protosynthesis|[silent]
|switch|p2a: Charizard|Charizard, M|76/100
|
|-weather|SunnyDay|[upkeep]
|upkeep
|turn|12
|inactive|dvwg4dvwrwg4gs has 60 seconds left.
|
|t:|1758948434
|-end|p1a: Weezing|ability: Neutralizing Gas
|switch|p1a: Dragonite|Dragonite, F|100/100
|move|p2a: Charizard|Overheat|p1a: Dragonite
|-resisted|p1a: Dragonite
|-damage|p1a: Dragonite|55/100
|-unboost|p2a: Charizard|spa|2
|
|-weather|SunnyDay|[upkeep]
|-damage|p2a: Charizard|63/100|[from] ability: Solar Power|[of] p2a: Charizard
|upkeep
|turn|13
|
|t:|1758948448
|switch|p2a: Lilligant|Lilligant-Hisui, F, shiny|61/100
|move|p1a: Dragonite|Roost|p1a: Dragonite
|-heal|p1a: Dragonite|100/100
|-singleturn|p1a: Dragonite|move: Roost
|
|-weather|SunnyDay|[upkeep]
|upkeep
|turn|14
|inactive|dvwg4dvwrwg4gs has 30 seconds left.
|
|t:|1758948474
|switch|p1a: Iron Crown|Iron Crown|100/100
|move|p2a: Lilligant|Triple Axel|p1a: Iron Crown
|-resisted|p1a: Iron Crown
|-damage|p1a: Iron Crown|96/100
|-resisted|p1a: Iron Crown
|-damage|p1a: Iron Crown|86/100
|-hitcount|p1a: Iron Crown|2
|-damage|p2a: Lilligant|51/100|[from] item: Life Orb
|
|-weather|SunnyDay|[upkeep]
|upkeep
|turn|15
|inactive|dvwg4dvwrwg4gs has 30 seconds left.
|
|t:|1758948494
|move|p2a: Lilligant|Close Combat|p1a: Iron Crown
|-damage|p1a: Iron Crown|5/100
|-unboost|p2a: Lilligant|def|1
|-unboost|p2a: Lilligant|spd|1
|-damage|p2a: Lilligant|41/100|[from] item: Life Orb
|move|p1a: Iron Crown|Psyshock|p2a: Lilligant
|-supereffective|p2a: Lilligant
|-damage|p2a: Lilligant|0 fnt
|faint|p2a: Lilligant
|
|-weather|SunnyDay|[upkeep]
|upkeep
|
|t:|1758948507
|switch|p2a: Walking Wake|Walking Wake, tera:Water|100/100
|-activate|p2a: Walking Wake|ability: Protosynthesis
|-start|p2a: Walking Wake|protosynthesisspe
|turn|16
|
|t:|1758948519
|move|p2a: Walking Wake|Draco Meteor|p1a: Iron Crown
|-resisted|p1a: Iron Crown
|-damage|p1a: Iron Crown|0 fnt
|-unboost|p2a: Walking Wake|spa|2
|faint|p1a: Iron Crown
|-end|p1a: Iron Crown|Quark Drive|[silent]
|
|-weather|none
|-end|p2a: Walking Wake|Protosynthesis
|upkeep
|inactive|dvwg4dvwrwg4gs has 30 seconds left.
|
|t:|1758948538
|switch|p1a: Weezing|Weezing-Galar, F|100/100
|-ability|p1a: Weezing|Neutralizing Gas
|turn|17
|
|t:|1758948544
|-end|p2a: Walking Wake|Protosynthesis|[silent]
|switch|p2a: Great Tusk|Great Tusk, shiny|100/100
|move|p1a: Weezing|Toxic Spikes|p2a: Great Tusk
|-sidestart|p2: XinFeng|move: Toxic Spikes
|
|upkeep
|turn|18
|
|t:|1758948553
|move|p2a: Great Tusk|Rapid Spin|p1a: Weezing
|-damage|p1a: Weezing|90/100
|-boost|p2a: Great Tusk|spe|1
|-sideend|p2: XinFeng|Toxic Spikes|[from] move: Rapid Spin|[of] p2a: Great Tusk
|move|p1a: Weezing|Strange Steam|p2a: Great Tusk
|-supereffective|p2a: Great Tusk
|-damage|p2a: Great Tusk|23/100
|
|upkeep
|turn|19
|inactive|dvwg4dvwrwg4gs has 30 seconds left.
|
|t:|1758948577
|move|p2a: Great Tusk|Headlong Rush|p1a: Weezing
|-supereffective|p1a: Weezing
|-damage|p1a: Weezing|11/100
|-unboost|p2a: Great Tusk|def|1
|-unboost|p2a: Great Tusk|spd|1
|move|p1a: Weezing|Toxic Spikes|p2a: Great Tusk
|-sidestart|p2: XinFeng|move: Toxic Spikes
|
|upkeep
|turn|20
|
|t:|1758948585
|move|p2a: Great Tusk|Rapid Spin|p1a: Weezing
|-damage|p1a: Weezing|0 fnt
|-boost|p2a: Great Tusk|spe|1
|-sideend|p2: XinFeng|Toxic Spikes|[from] move: Rapid Spin|[of] p2a: Great Tusk
|faint|p1a: Weezing
|-end|p1a: Weezing|ability: Neutralizing Gas
|
|upkeep
|inactive|dvwg4dvwrwg4gs has 30 seconds left.
|
|t:|1758948599
|switch|p1a: Zapdos|Zapdos|100/100
|turn|21
|
|t:|1758948605
|move|p2a: Great Tusk|Knock Off|p1a: Zapdos
|-damage|p1a: Zapdos|60/100
|-enditem|p1a: Zapdos|Heavy-Duty Boots|[from] move: Knock Off|[of] p2a: Great Tusk
|move|p1a: Zapdos|Heat Wave|p2a: Great Tusk
|-damage|p2a: Great Tusk|0 fnt
|faint|p2a: Great Tusk
|-end|p2a: Great Tusk|Protosynthesis|[silent]
|
|upkeep
|
|t:|1758948610
|switch|p2a: Torkoal|Torkoal, F, shiny|48/100
|-weather|SunnyDay|[from] ability: Drought|[of] p2a: Torkoal
|turn|22
|
|t:|1758948621
|move|p1a: Zapdos|Volt Switch|p2a: Torkoal
|-crit|p2a: Torkoal
|-damage|p2a: Torkoal|1/100
|
|t:|1758948626
|switch|p1a: Dragapult|Dragapult, M|100/100|[from] Volt Switch
|move|p2a: Torkoal|Lava Plume|p1a: Dragapult
|-resisted|p1a: Dragapult
|-damage|p1a: Dragapult|73/100
|
|-weather|SunnyDay|[upkeep]
|upkeep
|turn|23
|
|t:|1758948638
|switch|p2a: Hatterene|Hatterene, F|84/100
|move|p1a: Dragapult|Dragon Darts|p2a: Hatterene
|-immune|p2a: Hatterene
|
|-weather|SunnyDay|[upkeep]
|upkeep
|turn|24
|
|t:|1758948649
|move|p1a: Dragapult|Hex|p2a: Hatterene
|-supereffective|p2a: Hatterene
|-damage|p2a: Hatterene|33/100
|move|p2a: Hatterene|Nuzzle|p1a: Dragapult
|-resisted|p1a: Dragapult
|-damage|p1a: Dragapult|70/100
|-status|p1a: Dragapult|par
|
|-weather|SunnyDay|[upkeep]
|upkeep
|turn|25
|
|t:|1758948659
|move|p1a: Dragapult|Hex|p2a: Hatterene
|-supereffective|p2a: Hatterene
|-damage|p2a: Hatterene|0 fnt
|faint|p2a: Hatterene
|
|-weather|SunnyDay|[upkeep]
|upkeep
|
|t:|1758948661
|switch|p2a: Walking Wake|Walking Wake, tera:Water|100/100
|-activate|p2a: Walking Wake|ability: Protosynthesis
|-start|p2a: Walking Wake|protosynthesisspe
|turn|26
|
|t:|1758948668
|move|p2a: Walking Wake|Dragon Pulse|p1a: Dragapult
|-supereffective|p1a: Dragapult
|-damage|p1a: Dragapult|0 fnt
|faint|p1a: Dragapult
|
|-weather|SunnyDay|[upkeep]
|upkeep
|
|t:|1758948676
|switch|p1a: Zapdos|Zapdos|60/100
|turn|27
|inactive|dvwg4dvwrwg4gs has 60 seconds left.
|
|t:|1758948698
|-end|p2a: Walking Wake|Protosynthesis|[silent]
|switch|p2a: Charizard|Charizard, M|63/100
|move|p1a: Zapdos|Roost|p1a: Zapdos
|-heal|p1a: Zapdos|100/100
|-singleturn|p1a: Zapdos|move: Roost
|
|-weather|SunnyDay|[upkeep]
|-damage|p2a: Charizard|51/100|[from] ability: Solar Power|[of] p2a: Charizard
|upkeep
|turn|28
|inactive|dvwg4dvwrwg4gs has 60 seconds left.
|
|t:|1758948709
|move|p2a: Charizard|Overheat|p1a: Zapdos
|-damage|p1a: Zapdos|0 fnt
|-unboost|p2a: Charizard|spa|2
|faint|p1a: Zapdos
|
|-weather|SunnyDay|[upkeep]
|-damage|p2a: Charizard|38/100|[from] ability: Solar Power|[of] p2a: Charizard
|upkeep
|
|t:|1758948716
|switch|p1a: Dragonite|Dragonite, F|100/100
|turn|29
|
|t:|1758948720
|move|p2a: Charizard|Overheat|p1a: Dragonite
|-resisted|p1a: Dragonite
|-damage|p1a: Dragonite|78/100
|-unboost|p2a: Charizard|spa|2
|move|p1a: Dragonite|Dragon Dance|p1a: Dragonite
|-boost|p1a: Dragonite|atk|1
|-boost|p1a: Dragonite|spe|1
|
|-weather|none
|upkeep
|turn|30
|
|t:|1758948729
|switch|p2a: Torkoal|Torkoal, F, shiny|1/100
|-weather|SunnyDay|[from] ability: Drought|[of] p2a: Torkoal
|move|p1a: Dragonite|Dragon Dance|p1a: Dragonite
|-boost|p1a: Dragonite|atk|1
|-boost|p1a: Dragonite|spe|1
|
|-weather|SunnyDay|[upkeep]
|upkeep
|turn|31
|
|t:|1758948748
|move|p1a: Dragonite|Dragon Dance|p1a: Dragonite
|-boost|p1a: Dragonite|atk|1
|-boost|p1a: Dragonite|spe|1
|move|p2a: Torkoal|Clear Smog|p1a: Dragonite
|-damage|p1a: Dragonite|68/100
|-clearboost|p1a: Dragonite
|
|-weather|SunnyDay|[upkeep]
|upkeep
|turn|32
|
|t:|1758948758
|move|p1a: Dragonite|Roost|p1a: Dragonite
|-heal|p1a: Dragonite|100/100
|-singleturn|p1a: Dragonite|move: Roost
|move|p2a: Torkoal|Clear Smog|p1a: Dragonite
|-damage|p1a: Dragonite|96/100
|-clearboost|p1a: Dragonite
|
|-weather|SunnyDay|[upkeep]
|upkeep
|turn|33
|
|t:|1758948771
|move|p1a: Dragonite|Dragon Dance|p1a: Dragonite
|-boost|p1a: Dragonite|atk|1
|-boost|p1a: Dragonite|spe|1
|move|p2a: Torkoal|Lava Plume|p1a: Dragonite
|-resisted|p1a: Dragonite
|-damage|p1a: Dragonite|79/100
|
|-weather|SunnyDay|[upkeep]
|upkeep
|turn|34
|inactive|dvwg4dvwrwg4gs has 60 seconds left.
|
|t:|1758948801
|move|p1a: Dragonite|Dragon Dance|p1a: Dragonite
|-boost|p1a: Dragonite|atk|1
|-boost|p1a: Dragonite|spe|1
|move|p2a: Torkoal|Clear Smog|p1a: Dragonite
|-damage|p1a: Dragonite|70/100
|-clearboost|p1a: Dragonite
|
|-weather|SunnyDay|[upkeep]
|upkeep
|turn|35
|
|t:|1758948811
|move|p1a: Dragonite|Dragon Dance|p1a: Dragonite
|-boost|p1a: Dragonite|atk|1
|-boost|p1a: Dragonite|spe|1
|move|p2a: Torkoal|Clear Smog|p1a: Dragonite
|-damage|p1a: Dragonite|59/100
|-clearboost|p1a: Dragonite
|
|-weather|SunnyDay|[upkeep]
|upkeep
|turn|36
|inactive|dvwg4dvwrwg4gs has 60 seconds left.
|
|t:|1758948823
|move|p1a: Dragonite|Dragon Dance|p1a: Dragonite
|-boost|p1a: Dragonite|atk|1
|-boost|p1a: Dragonite|spe|1
|move|p2a: Torkoal|Clear Smog|p1a: Dragonite
|-damage|p1a: Dragonite|49/100
|-clearboost|p1a: Dragonite
|
|-weather|SunnyDay|[upkeep]
|upkeep
|turn|37
|inactive|dvwg4dvwrwg4gs has 60 seconds left.
|
|t:|1758948831
|move|p1a: Dragonite|Roost|p1a: Dragonite
|-heal|p1a: Dragonite|99/100
|-singleturn|p1a: Dragonite|move: Roost
|move|p2a: Torkoal|Clear Smog|p1a: Dragonite
|-damage|p1a: Dragonite|90/100
|-clearboost|p1a: Dragonite
|
|-weather|none
|upkeep
|turn|38
|inactive|dvwg4dvwrwg4gs has 60 seconds left.
|
|t:|1758948851
|move|p1a: Dragonite|Dragon Dance|p1a: Dragonite
|-boost|p1a: Dragonite|atk|1
|-boost|p1a: Dragonite|spe|1
|move|p2a: Torkoal|Clear Smog|p1a: Dragonite
|-damage|p1a: Dragonite|79/100
|-clearboost|p1a: Dragonite
|
|upkeep
|turn|39
|inactive|dvwg4dvwrwg4gs has 60 seconds left.
|
|t:|1758948865
|move|p1a: Dragonite|Dragon Dance|p1a: Dragonite
|-boost|p1a: Dragonite|atk|1
|-boost|p1a: Dragonite|spe|1
|move|p2a: Torkoal|Clear Smog|p1a: Dragonite
|-damage|p1a: Dragonite|69/100
|-clearboost|p1a: Dragonite
|
|upkeep
|turn|40
|inactive|dvwg4dvwrwg4gs has 60 seconds left.
|
|t:|1758948874
|move|p1a: Dragonite|Dragon Dance|p1a: Dragonite
|-boost|p1a: Dragonite|atk|1
|-boost|p1a: Dragonite|spe|1
|move|p2a: Torkoal|Lava Plume|p1a: Dragonite
|-resisted|p1a: Dragonite
|-damage|p1a: Dragonite|58/100
|-status|p1a: Dragonite|brn
|
|-damage|p1a: Dragonite|52/100 brn|[from] brn
|upkeep
|turn|41
|inactive|dvwg4dvwrwg4gs has 60 seconds left.
|
|t:|1758948891
|move|p1a: Dragonite|Roost|p1a: Dragonite
|-heal|p1a: Dragonite|100/100 brn
|-singleturn|p1a: Dragonite|move: Roost
|move|p2a: Torkoal|Clear Smog|p1a: Dragonite
|-damage|p1a: Dragonite|96/100 brn
|-clearboost|p1a: Dragonite
|
|-damage|p1a: Dragonite|90/100 brn|[from] brn
|upkeep
|turn|42
|inactive|dvwg4dvwrwg4gs has 60 seconds left.
|
|t:|1758948920
|switch|p2a: Walking Wake|Walking Wake, tera:Water|100/100
|move|p1a: Dragonite|Dragon Dance|p1a: Dragonite
|-boost|p1a: Dragonite|atk|1
|-boost|p1a: Dragonite|spe|1
|
|-damage|p1a: Dragonite|84/100 brn|[from] brn
|upkeep
|turn|43
|inactive|dvwg4dvwrwg4gs has 30 seconds left.
|
|t:|1758948941
|-terastallize|p1a: Dragonite|Normal
|move|p1a: Dragonite|Extreme Speed|p2a: Walking Wake
|-damage|p2a: Walking Wake|64/100
|move|p2a: Walking Wake|Draco Meteor|p1a: Dragonite
|-damage|p1a: Dragonite|0 fnt
|-unboost|p2a: Walking Wake|spa|2
|faint|p1a: Dragonite
|
|win|XinFeng
|raw|dvwg4dvwrwg4gs's rating: 1531 &rarr; <strong>1508</strong><br />(-23 for losing)
|raw|XinFeng's rating: 1478 &rarr; <strong>1501</strong><br />(+23 for winning)
|l|☆dvwg4dvwrwg4gs
|player|p1|
|l|☆XinFeng
|player|p2|
