|badge|p2|bronze|gen9ou|100-6
|html|<div class="broadcast-red"><strong>This battle is required to be public due to one or more player having a season medal.</strong><br />During the public phase, you can discuss the state of the ladder <a href="/seasondiscussion">in a special chatroom.</a></div>
|uhtml|medal-msg|<div class="broadcast-blue">Curious what those medals under the avatar are? PS now has Ladder Seasons! For more information, check out the <a href="https://www.smogon.com/forums/threads/3740067/">thread on Smogon.</a></div>
|raw|<div class="broadcast-blue"><strong>This battle is required to be public due to a player having a name starting with 'medal'.</div>
|j|☆wqx1 zmx
|j|☆healorant
|t:|1758990955
|gametype|singles
|player|p1|wqx1 zmx|pokemonbreederf-gen4|1834
|player|p2|healorant|alder|1793
|gen|9
|tier|[Gen 9] OU
|rated|
|rule|HP Percentage Mod: HP is shown in percentages
|rule|Endless Battle Clause: Forcing endless battles is banned
|rule|Species Clause: Limit one of each Pokémon
|rule|OHKO Clause: OHKO moves are banned
|rule|Evasion Items Clause: Evasion items are banned
|rule|Evasion Moves Clause: Evasion moves are banned
|rule|Evasion Abilities Clause: Evasion abilities are banned
|rule|Sleep Moves Clause: Sleep-inducing moves are banned
|clearpoke
|poke|p1|Serperior, F|
|poke|p1|Gholdengo|
|poke|p1|Gliscor, M|
|poke|p1|Hatterene, F|
|poke|p1|Moltres|
|poke|p1|Great Tusk|
|poke|p2|Latios, M|
|poke|p2|Kingambit, M|
|poke|p2|Slowking-Galar, F|
|poke|p2|Landorus-Therian, M|
|poke|p2|Zamazenta-*|
|poke|p2|Ogerpon-Wellspring, F|
|teampreview
|inactive|Battle timer is ON: inactive players will automatically lose when time's up. (requested by wqx1 zmx)
|
|t:|1758990970
|teamsize|p1|6
|teamsize|p2|6
|start
|switch|p1a: Gholdengo|Gholdengo|100/100
|switch|p2a: Slowking|Slowking-Galar, F|100/100
|turn|1
|
|t:|1758990977
|move|p1a: Gholdengo|Shadow Ball|p2a: Slowking
|-supereffective|p2a: Slowking
|-damage|p2a: Slowking|45/100
|-prepare|p2a: Slowking|Chilly Reception|[premajor]
|move|p2a: Slowking|Chilly Reception|p2a: Slowking
|-weather|Snowscape
|
|t:|1758990981
|switch|p2a: Landorus|Landorus-Therian, M|100/100|[from] Chilly Reception
|-ability|p2a: Landorus|Intimidate|boost
|-unboost|p1a: Gholdengo|atk|1
|
|-weather|Snowscape|[upkeep]
|upkeep
|turn|2
|
|t:|1758990986
|switch|p1a: Gliscor|Gliscor, M|100/100
|move|p2a: Landorus|U-turn|p1a: Gliscor
|-resisted|p1a: Gliscor
|-damage|p1a: Gliscor|93/100
|
|t:|1758990989
|switch|p2a: Ogerpon|Ogerpon-Wellspring, F|100/100|[from] U-turn
|
|-weather|Snowscape|[upkeep]
|-status|p1a: Gliscor|tox|[from] item: Toxic Orb
|upkeep
|turn|3
|
|t:|1758990992
|switch|p1a: Serperior|Serperior, F|100/100
|move|p2a: Ogerpon|Ivy Cudgel|p1a: Serperior|[anim] Ivy Cudgel Water
|-resisted|p1a: Serperior
|-damage|p1a: Serperior|72/100
|
|-weather|Snowscape|[upkeep]
|-heal|p1a: Serperior|78/100|[from] item: Leftovers
|upkeep
|turn|4
|
|t:|1758990997
|switch|p2a: Slowking|Slowking-Galar, F|78/100
|move|p1a: Serperior|Glare|p2a: Slowking
|-status|p2a: Slowking|par
|
|-weather|Snowscape|[upkeep]
|-heal|p1a: Serperior|85/100|[from] item: Leftovers
|upkeep
|turn|5
|
|t:|1758991003
|switch|p1a: Gholdengo|Gholdengo|100/100
|cant|p2a: Slowking|par
|
|-weather|none
|upkeep
|turn|6
|
|t:|1758991009
|move|p1a: Gholdengo|Shadow Ball|p2a: Slowking
|-supereffective|p2a: Slowking
|-damage|p2a: Slowking|23/100 par
|-unboost|p2a: Slowking|spd|1
|-prepare|p2a: Slowking|Chilly Reception|[premajor]
|move|p2a: Slowking|Chilly Reception|p2a: Slowking
|-weather|Snowscape
|
|t:|1758991013
|switch|p2a: Ogerpon|Ogerpon-Wellspring, F|100/100|[from] Chilly Reception
|
|-weather|Snowscape|[upkeep]
|upkeep
|turn|7
|
|t:|1758991016
|switch|p1a: Serperior|Serperior, F|85/100
|move|p2a: Ogerpon|Knock Off|p1a: Serperior
|-damage|p1a: Serperior|46/100
|-enditem|p1a: Serperior|Leftovers|[from] move: Knock Off|[of] p2a: Ogerpon
|
|-weather|Snowscape|[upkeep]
|upkeep
|turn|8
|
|t:|1758991022
|switch|p2a: Slowking|Slowking-Galar, F|56/100 par
|move|p1a: Serperior|Synthesis|p1a: Serperior
|-heal|p1a: Serperior|71/100
|
|-weather|Snowscape|[upkeep]
|upkeep
|turn|9
|
|t:|1758991026
|switch|p1a: Gholdengo|Gholdengo|100/100
|-prepare|p2a: Slowking|Chilly Reception|[premajor]
|cant|p2a: Slowking|par
|
|-weather|Snowscape|[upkeep]
|upkeep
|turn|10
|
|t:|1758991031
|switch|p2a: Kingambit|Kingambit, M|100/100
|move|p1a: Gholdengo|Shadow Ball|p2a: Kingambit
|-resisted|p2a: Kingambit
|-damage|p2a: Kingambit|73/100
|
|-weather|none
|-heal|p2a: Kingambit|79/100|[from] item: Leftovers
|upkeep
|turn|11
|
|t:|1758991042
|switch|p1a: Great Tusk|Great Tusk|100/100
|-end|p2a: Kingambit|fallenundefined|[silent]
|switch|p2a: Ogerpon|Ogerpon-Wellspring, F|100/100
|
|upkeep
|turn|12
|
|t:|1758991047
|-end|p1a: Great Tusk|Protosynthesis|[silent]
|switch|p1a: Serperior|Serperior, F|71/100
|move|p2a: Ogerpon|Ivy Cudgel|p1a: Serperior|[anim] Ivy Cudgel Water
|-resisted|p1a: Serperior
|-damage|p1a: Serperior|41/100
|
|upkeep
|turn|13
|
|t:|1758991054
|switch|p2a: Slowking|Slowking-Galar, F|90/100 par
|move|p1a: Serperior|Synthesis|p1a: Serperior
|-heal|p1a: Serperior|91/100
|
|upkeep
|turn|14
|
|t:|1758991057
|switch|p1a: Gholdengo|Gholdengo|100/100
|-prepare|p2a: Slowking|Chilly Reception|[premajor]
|move|p2a: Slowking|Chilly Reception|p2a: Slowking
|-weather|Snowscape
|
|t:|1758991061
|switch|p2a: Landorus|Landorus-Therian, M|100/100|[from] Chilly Reception
|-ability|p2a: Landorus|Intimidate|boost
|-unboost|p1a: Gholdengo|atk|1
|
|-weather|Snowscape|[upkeep]
|upkeep
|turn|15
|j| wgw2333
|
|t:|1758991065
|switch|p1a: Great Tusk|Great Tusk|100/100
|move|p2a: Landorus|U-turn|p1a: Great Tusk
|-resisted|p1a: Great Tusk
|-damage|p1a: Great Tusk|96/100
|-damage|p2a: Landorus|84/100|[from] item: Rocky Helmet|[of] p1a: Great Tusk
|
|t:|1758991068
|switch|p2a: Latios|Latios, M|100/100|[from] U-turn
|
|-weather|Snowscape|[upkeep]
|upkeep
|turn|16
|
|t:|1758991072
|-end|p1a: Great Tusk|Protosynthesis|[silent]
|switch|p1a: Hatterene|Hatterene, F|100/100
|move|p2a: Latios|Trick|p1a: Hatterene
|-activate|p2a: Latios|move: Trick|[of] p1a: Hatterene
|-item|p1a: Hatterene|Choice Scarf|[from] move: Trick
|-item|p2a: Latios|Assault Vest|[from] move: Trick
|
|-weather|Snowscape|[upkeep]
|upkeep
|turn|17
|
|t:|1758991082
|switch|p2a: Slowking|Slowking-Galar, F|100/100 par
|switch|p1a: Gholdengo|Gholdengo|100/100
|
|-weather|Snowscape|[upkeep]
|upkeep
|turn|18
|
|t:|1758991085
|move|p1a: Gholdengo|Shadow Ball|p2a: Slowking
|-supereffective|p2a: Slowking
|-damage|p2a: Slowking|42/100 par
|-prepare|p2a: Slowking|Chilly Reception|[premajor]
|move|p2a: Slowking|Chilly Reception|p2a: Slowking
|
|t:|1758991088
|switch|p2a: Kingambit|Kingambit, M|79/100|[from] Chilly Reception
|
|-weather|none
|-heal|p2a: Kingambit|85/100|[from] item: Leftovers
|upkeep
|turn|19
|
|t:|1758991092
|switch|p1a: Great Tusk|Great Tusk|96/100
|move|p2a: Kingambit|Swords Dance|p2a: Kingambit
|-boost|p2a: Kingambit|atk|2
|
|-heal|p2a: Kingambit|91/100|[from] item: Leftovers
|upkeep
|turn|20
|
|t:|1758991097
|-terastallize|p2a: Kingambit|Fairy
|move|p2a: Kingambit|Tera Blast|p1a: Great Tusk|[anim] Tera Blast Fairy
|-supereffective|p1a: Great Tusk
|-damage|p1a: Great Tusk|9/100
|move|p1a: Great Tusk|Stealth Rock|p2a: Kingambit
|-sidestart|p2: healorant|move: Stealth Rock
|
|-heal|p2a: Kingambit|98/100|[from] item: Leftovers
|upkeep
|turn|21
|
|t:|1758991104
|move|p2a: Kingambit|Kowtow Cleave|p1a: Great Tusk
|-resisted|p1a: Great Tusk
|-damage|p1a: Great Tusk|0 fnt
|-damage|p2a: Kingambit|81/100|[from] item: Rocky Helmet|[of] p1a: Great Tusk
|faint|p1a: Great Tusk
|-end|p1a: Great Tusk|Protosynthesis|[silent]
|
|-heal|p2a: Kingambit|87/100|[from] item: Leftovers
|upkeep
|
|t:|1758991117
|switch|p1a: Gholdengo|Gholdengo|100/100
|turn|22
|
|t:|1758991126
|-end|p2a: Kingambit|fallenundefined|[silent]
|switch|p2a: Slowking|Slowking-Galar, F|75/100 par
|-terastallize|p1a: Gholdengo|Steel
|move|p1a: Gholdengo|Make It Rain|p2a: Slowking
|-damage|p2a: Slowking|13/100 par
|-unboost|p1a: Gholdengo|spa|1
|
|upkeep
|turn|23
|
|t:|1758991134
|move|p1a: Gholdengo|Make It Rain|p2a: Slowking
|-damage|p2a: Slowking|0 fnt
|-unboost|p1a: Gholdengo|spa|1
|faint|p2a: Slowking
|
|upkeep
|
|t:|1758991143
|switch|p2a: Ogerpon|Ogerpon-Wellspring, F|100/100
|-damage|p2a: Ogerpon|88/100|[from] Stealth Rock
|turn|24
|
|t:|1758991146
|switch|p1a: Serperior|Serperior, F|91/100
|move|p2a: Ogerpon|Swords Dance|p2a: Ogerpon
|-boost|p2a: Ogerpon|atk|2
|
|upkeep
|turn|25
|
|t:|1758991148
|move|p1a: Serperior|Glare|p2a: Ogerpon
|-status|p2a: Ogerpon|par
|move|p2a: Ogerpon|Ivy Cudgel|p1a: Serperior|[anim] Ivy Cudgel Water
|-resisted|p1a: Serperior
|-damage|p1a: Serperior|29/100
|
|upkeep
|turn|26
|
|t:|1758991153
|move|p1a: Serperior|Synthesis|p1a: Serperior
|-heal|p1a: Serperior|78/100
|cant|p2a: Ogerpon|par
|
|upkeep
|turn|27
|
|t:|1758991156
|move|p1a: Serperior|Leaf Storm|p2a: Ogerpon|[miss]
|-miss|p1a: Serperior|p2a: Ogerpon
|move|p2a: Ogerpon|Ivy Cudgel|p1a: Serperior|[anim] Ivy Cudgel Water
|-resisted|p1a: Serperior
|-damage|p1a: Serperior|20/100
|
|upkeep
|turn|28
|
|t:|1758991159
|move|p1a: Serperior|Synthesis|p1a: Serperior
|-heal|p1a: Serperior|70/100
|cant|p2a: Ogerpon|par
|
|upkeep
|turn|29
|
|t:|1758991163
|move|p1a: Serperior|Leaf Storm|p2a: Ogerpon
|-damage|p2a: Ogerpon|44/100 par
|-boost|p1a: Serperior|spa|2
|move|p2a: Ogerpon|Horn Leech|p1a: Serperior
|-resisted|p1a: Serperior
|-damage|p1a: Serperior|26/100
|-heal|p2a: Ogerpon|70/100 par|[from] drain|[of] p1a: Serperior
|
|upkeep
|turn|30
|
|t:|1758991169
|move|p1a: Serperior|Leaf Storm|p2a: Ogerpon
|-damage|p2a: Ogerpon|0 fnt
|-boost|p1a: Serperior|spa|2
|faint|p2a: Ogerpon
|
|upkeep
|
|t:|1758991172
|switch|p2a: Zamazenta|Zamazenta|100/100
|-ability|p2a: Zamazenta|Dauntless Shield|boost
|-boost|p2a: Zamazenta|def|1
|turn|31
|
|t:|1758991177
|switch|p1a: Hatterene|Hatterene, F|100/100
|move|p2a: Zamazenta|Stone Edge|p1a: Hatterene
|-damage|p1a: Hatterene|62/100
|
|upkeep
|turn|32
|
|t:|1758991184
|switch|p1a: Gliscor|Gliscor, M|93/100 tox
|move|p2a: Zamazenta|Heavy Slam|p1a: Gliscor
|-damage|p1a: Gliscor|69/100 tox
|
|-heal|p1a: Gliscor|81/100 tox|[from] ability: Poison Heal
|upkeep
|turn|33
|
|t:|1758991193
|switch|p2a: Latios|Latios, M|100/100
|-damage|p2a: Latios|88/100|[from] Stealth Rock
|move|p1a: Gliscor|Swords Dance|p1a: Gliscor
|-boost|p1a: Gliscor|atk|2
|
|-heal|p1a: Gliscor|94/100 tox|[from] ability: Poison Heal
|upkeep
|turn|34
|
|t:|1758991198
|move|p2a: Latios|Luster Purge|p1a: Gliscor
|-damage|p1a: Gliscor|47/100 tox
|-unboost|p1a: Gliscor|spd|1
|move|p1a: Gliscor|Knock Off|p2a: Latios
|-supereffective|p2a: Latios
|-damage|p2a: Latios|0 fnt
|-enditem|p2a: Latios|Assault Vest|[from] move: Knock Off|[of] p1a: Gliscor
|faint|p2a: Latios
|
|-heal|p1a: Gliscor|59/100 tox|[from] ability: Poison Heal
|upkeep
|
|t:|1758991201
|switch|p2a: Kingambit|Kingambit, M, tera:Fairy|87/100
|-damage|p2a: Kingambit|75/100|[from] Stealth Rock
|-activate|p2a: Kingambit|ability: Supreme Overlord
|-start|p2a: Kingambit|fallen3|[silent]
|turn|35
|
|t:|1758991205
|move|p1a: Gliscor|Facade|p2a: Kingambit
|-damage|p2a: Kingambit|27/100
|move|p2a: Kingambit|Swords Dance|p2a: Kingambit
|-boost|p2a: Kingambit|atk|2
|
|-heal|p2a: Kingambit|33/100|[from] item: Leftovers
|-heal|p1a: Gliscor|72/100 tox|[from] ability: Poison Heal
|upkeep
|turn|36
|
|t:|1758991210
|move|p1a: Gliscor|Protect|p1a: Gliscor
|-singleturn|p1a: Gliscor|Protect
|move|p2a: Kingambit|Sucker Punch||[still]
|-fail|p2a: Kingambit
|
|-heal|p2a: Kingambit|39/100|[from] item: Leftovers
|-heal|p1a: Gliscor|84/100 tox|[from] ability: Poison Heal
|upkeep
|turn|37
|
|t:|1758991212
|move|p2a: Kingambit|Sucker Punch|p1a: Gliscor
|-crit|p1a: Gliscor
|-damage|p1a: Gliscor|0 fnt
|faint|p1a: Gliscor
|
|-heal|p2a: Kingambit|45/100|[from] item: Leftovers
|upkeep
|
|t:|1758991218
|switch|p1a: Gholdengo|Gholdengo, tera:Steel|100/100
|turn|38
|
|t:|1758991223
|move|p2a: Kingambit|Sucker Punch|p1a: Gholdengo
|-damage|p1a: Gholdengo|0 fnt
|faint|p1a: Gholdengo
|
|-heal|p2a: Kingambit|52/100|[from] item: Leftovers
|upkeep
|
|t:|1758991226
|switch|p1a: Moltres|Moltres|100/100
|turn|39
|
|t:|1758991233
|move|p2a: Kingambit|Kowtow Cleave|p1a: Moltres
|-damage|p1a: Moltres|0 fnt
|-status|p2a: Kingambit|brn|[from] ability: Flame Body|[of] p1a: Moltres
|faint|p1a: Moltres
|
|-heal|p2a: Kingambit|58/100 brn|[from] item: Leftovers
|-damage|p2a: Kingambit|52/100 brn|[from] brn
|upkeep
|
|t:|1758991241
|switch|p1a: Serperior|Serperior, F|26/100
|turn|40
|
|t:|1758991245
|move|p1a: Serperior|Synthesis|p1a: Serperior
|-heal|p1a: Serperior|76/100
|move|p2a: Kingambit|Kowtow Cleave|p1a: Serperior
|-damage|p1a: Serperior|14/100
|
|-heal|p2a: Kingambit|58/100 brn|[from] item: Leftovers
|-damage|p2a: Kingambit|52/100 brn|[from] brn
|upkeep
|turn|41
|
|t:|1758991250
|move|p1a: Serperior|Synthesis|p1a: Serperior
|-heal|p1a: Serperior|64/100
|move|p2a: Kingambit|Kowtow Cleave|p1a: Serperior
|-damage|p1a: Serperior|8/100
|
|-heal|p2a: Kingambit|58/100 brn|[from] item: Leftovers
|-damage|p2a: Kingambit|52/100 brn|[from] brn
|upkeep
|turn|42
|
|t:|1758991252
|move|p1a: Serperior|Synthesis|p1a: Serperior
|-heal|p1a: Serperior|58/100
|move|p2a: Kingambit|Kowtow Cleave|p1a: Serperior
|-damage|p1a: Serperior|1/100
|
|-heal|p2a: Kingambit|58/100 brn|[from] item: Leftovers
|-damage|p2a: Kingambit|52/100 brn|[from] brn
|upkeep
|turn|43
|
|t:|1758991254
|move|p1a: Serperior|Leaf Storm|p2a: Kingambit
|-damage|p2a: Kingambit|11/100 brn
|-boost|p1a: Serperior|spa|2
|move|p2a: Kingambit|Kowtow Cleave|p1a: Serperior
|-damage|p1a: Serperior|0 fnt
|faint|p1a: Serperior
|
|-heal|p2a: Kingambit|17/100 brn|[from] item: Leftovers
|-damage|p2a: Kingambit|11/100 brn|[from] brn
|upkeep
|
|t:|1758991257
|switch|p1a: Hatterene|Hatterene, F|62/100
|turn|44
|-message|wqx1 zmx forfeited.
|
|win|healorant
|raw|wqx1 zmx's rating: 1834 &rarr; <strong>1812</strong><br />(-22 for losing)
|raw|healorant's rating: 1793 &rarr; <strong>1815</strong><br />(+22 for winning)
|l|☆wqx1 zmx
|player|p1|
|l|☆healorant
|player|p2|
|l| wgw2333
