|j|☆Shibuya Arc
|j|☆Rabzzz
|t:|1758956825
|gametype|singles
|player|p1|Shibuya Arc|265|1619
|player|p2|Rabzzz|#mwpvimurkrows|1696
|gen|9
|tier|[Gen 9] OU
|rated|
|rule|HP Percentage Mod: HP is shown in percentages
|rule|Endless Battle Clause: Forcing endless battles is banned
|rule|Species Clause: Limit one of each Pokémon
|rule|OHKO Clause: OHKO moves are banned
|rule|Evasion Items Clause: Evasion items are banned
|rule|Evasion Moves Clause: Evasion moves are banned
|rule|Evasion Abilities Clause: Evasion abilities are banned
|rule|Sleep Moves Clause: Sleep-inducing moves are banned
|clearpoke
|poke|p1|Dragapult, M|
|poke|p1|Dragonite, F|
|poke|p1|Ting-Lu|
|poke|p1|Weezing-Galar, F|
|poke|p1|Iron Crown|
|poke|p1|Zapdos|
|poke|p2|Alomomola, F|
|poke|p2|Hoopa-Unbound|
|poke|p2|Pecharunt|
|poke|p2|Iron Treads|
|poke|p2|Zapdos|
|poke|p2|Ogerpon, F|
|teampreview
|inactive|Battle timer is ON: inactive players will automatically lose when time's up. (requested by Shibuya Arc)
|
|t:|1758956862
|teamsize|p1|6
|teamsize|p2|6
|start
|switch|p1a: Dragonite|Dragonite, F|100/100
|switch|p2a: Iron Treads|Iron Treads|100/100
|turn|1
|
|t:|1758956869
|-end|p2a: Iron Treads|Quark Drive|[silent]
|switch|p2a: Zapdos|Zapdos|100/100
|move|p1a: Dragonite|Dragon Dance|p1a: Dragonite
|-boost|p1a: Dragonite|atk|1
|-boost|p1a: Dragonite|spe|1
|
|upkeep
|turn|2
|
|t:|1758956875
|move|p1a: Dragonite|Dragon Dance|p1a: Dragonite
|-boost|p1a: Dragonite|atk|1
|-boost|p1a: Dragonite|spe|1
|move|p2a: Zapdos|Volt Switch|p1a: Dragonite
|-damage|p1a: Dragonite|84/100
|
|t:|1758956894
|switch|p2a: Pecharunt|Pecharunt|100/100|[from] Volt Switch
|
|upkeep
|turn|3
|
|t:|1758956900
|switch|p1a: Iron Crown|Iron Crown|100/100
|move|p2a: Pecharunt|Malignant Chain|p1a: Iron Crown
|-immune|p1a: Iron Crown
|
|upkeep
|turn|4
|
|t:|1758956910
|switch|p2a: Hoopa|Hoopa-Unbound|100/100
|-terastallize|p1a: Iron Crown|Steel
|move|p1a: Iron Crown|Tachyon Cutter|p2a: Hoopa
|-damage|p2a: Hoopa|75/100
|-damage|p2a: Hoopa|49/100
|-hitcount|p2a: Hoopa|2
|
|upkeep
|turn|5
|
|t:|1758956918
|switch|p2a: Iron Treads|Iron Treads|100/100
|move|p1a: Iron Crown|Tachyon Cutter|p2a: Iron Treads
|-resisted|p2a: Iron Treads
|-damage|p2a: Iron Treads|71/100
|-resisted|p2a: Iron Treads
|-damage|p2a: Iron Treads|35/100
|-hitcount|p2a: Iron Treads|2
|
|-heal|p2a: Iron Treads|41/100|[from] item: Leftovers
|upkeep
|turn|6
|
|t:|1758956927
|-end|p1a: Iron Crown|Quark Drive|[silent]
|switch|p1a: Ting-Lu|Ting-Lu|100/100
|-ability|p1a: Ting-Lu|Vessel of Ruin
|move|p2a: Iron Treads|Stealth Rock|p1a: Ting-Lu
|-sidestart|p1: Shibuya Arc|move: Stealth Rock
|
|-heal|p2a: Iron Treads|48/100|[from] item: Leftovers
|upkeep
|turn|7
|
|t:|1758956933
|-end|p2a: Iron Treads|Quark Drive|[silent]
|switch|p2a: Alomomola|Alomomola, F|100/100
|move|p1a: Ting-Lu|Ruination|p2a: Alomomola
|-damage|p2a: Alomomola|50/100
|
|upkeep
|turn|8
|
|t:|1758956944
|move|p1a: Ting-Lu|Ruination|p2a: Alomomola
|-damage|p2a: Alomomola|26/100
|move|p2a: Alomomola|Wish|p2a: Alomomola
|
|upkeep
|turn|9
|
|t:|1758956955
|move|p1a: Ting-Lu|Stealth Rock|p2a: Alomomola
|-sidestart|p2: Rabzzz|move: Stealth Rock
|move|p2a: Alomomola|Flip Turn|p1a: Ting-Lu
|-supereffective|p1a: Ting-Lu
|-damage|p1a: Ting-Lu|83/100
|
|t:|1758956963
|switch|p2a: Hoopa|Hoopa-Unbound|49/100|[from] Flip Turn
|-damage|p2a: Hoopa|37/100|[from] Stealth Rock
|
|-heal|p2a: Hoopa|100/100|[from] move: Wish|[wisher] Alomomola
|-heal|p1a: Ting-Lu|89/100|[from] item: Leftovers
|upkeep
|turn|10
|
|t:|1758956969
|switch|p2a: Alomomola|Alomomola, F|59/100
|move|p1a: Ting-Lu|Ruination|p2a: Alomomola
|-damage|p2a: Alomomola|30/100
|
|-heal|p1a: Ting-Lu|95/100|[from] item: Leftovers
|upkeep
|turn|11
|
|t:|1758956980
|move|p1a: Ting-Lu|Ruination|p2a: Alomomola|[miss]
|-miss|p1a: Ting-Lu|p2a: Alomomola
|move|p2a: Alomomola|Wish|p2a: Alomomola
|
|-heal|p1a: Ting-Lu|100/100|[from] item: Leftovers
|upkeep
|turn|12
|
|t:|1758956988
|move|p1a: Ting-Lu|Earthquake|p2a: Alomomola
|-damage|p2a: Alomomola|8/100
|move|p2a: Alomomola|Scald|p1a: Ting-Lu
|-supereffective|p1a: Ting-Lu
|-damage|p1a: Ting-Lu|89/100
|
|-heal|p2a: Alomomola|58/100|[from] move: Wish|[wisher] Alomomola
|-heal|p1a: Ting-Lu|95/100|[from] item: Leftovers
|upkeep
|turn|13
|
|t:|1758957002
|move|p1a: Ting-Lu|Ruination|p2a: Alomomola
|-damage|p2a: Alomomola|29/100
|move|p2a: Alomomola|Wish|p2a: Alomomola
|
|-heal|p1a: Ting-Lu|100/100|[from] item: Leftovers
|upkeep
|turn|14
|
|t:|1758957012
|move|p1a: Ting-Lu|Earthquake|p2a: Alomomola
|-damage|p2a: Alomomola|11/100
|move|p2a: Alomomola|Scald|p1a: Ting-Lu
|-supereffective|p1a: Ting-Lu
|-damage|p1a: Ting-Lu|88/100
|
|-heal|p2a: Alomomola|61/100|[from] move: Wish|[wisher] Alomomola
|-heal|p1a: Ting-Lu|95/100|[from] item: Leftovers
|upkeep
|turn|15
|
|t:|1758957023
|move|p1a: Ting-Lu|Ruination|p2a: Alomomola
|-damage|p2a: Alomomola|31/100
|move|p2a: Alomomola|Wish|p2a: Alomomola
|
|-heal|p1a: Ting-Lu|100/100|[from] item: Leftovers
|upkeep
|turn|16
|
|t:|1758957031
|move|p1a: Ting-Lu|Earthquake|p2a: Alomomola
|-damage|p2a: Alomomola|10/100
|move|p2a: Alomomola|Flip Turn|p1a: Ting-Lu
|-supereffective|p1a: Ting-Lu
|-damage|p1a: Ting-Lu|83/100
|
|t:|1758957058
|switch|p2a: Iron Treads|Iron Treads|48/100|[from] Flip Turn
|-damage|p2a: Iron Treads|44/100|[from] Stealth Rock
|
|-heal|p2a: Iron Treads|100/100|[from] move: Wish|[wisher] Alomomola
|-heal|p1a: Ting-Lu|89/100|[from] item: Leftovers
|upkeep
|turn|17
|j| ADM02
|
|t:|1758957068
|-end|p2a: Iron Treads|Quark Drive|[silent]
|switch|p2a: Pecharunt|Pecharunt|100/100
|move|p1a: Ting-Lu|Earthquake|p2a: Pecharunt
|-supereffective|p2a: Pecharunt
|-damage|p2a: Pecharunt|64/100
|
|-heal|p1a: Ting-Lu|95/100|[from] item: Leftovers
|upkeep
|turn|18
|
|t:|1758957083
|switch|p2a: Alomomola|Alomomola, F|43/100
|move|p1a: Ting-Lu|Ruination|p2a: Alomomola
|-damage|p2a: Alomomola|22/100
|
|-heal|p1a: Ting-Lu|100/100|[from] item: Leftovers
|upkeep
|turn|19
|l| ADM02
|j| wgw2333
|
|t:|1758957093
|switch|p2a: Zapdos|Zapdos|100/100
|move|p1a: Ting-Lu|Ruination|p2a: Zapdos|[miss]
|-miss|p1a: Ting-Lu|p2a: Zapdos
|
|upkeep
|turn|20
|
|t:|1758957099
|switch|p2a: Pecharunt|Pecharunt|64/100
|move|p1a: Ting-Lu|Ruination|p2a: Pecharunt
|-damage|p2a: Pecharunt|32/100
|
|upkeep
|turn|21
|l| wgw2333
|
|t:|1758957107
|move|p2a: Pecharunt|Recover|p2a: Pecharunt
|-heal|p2a: Pecharunt|82/100
|move|p1a: Ting-Lu|Ruination|p2a: Pecharunt
|-damage|p2a: Pecharunt|41/100
|
|upkeep
|turn|22
|
|t:|1758957114
|move|p2a: Pecharunt|Recover|p2a: Pecharunt
|-heal|p2a: Pecharunt|91/100
|move|p1a: Ting-Lu|Ruination|p2a: Pecharunt
|-damage|p2a: Pecharunt|46/100
|
|upkeep
|turn|23
|
|t:|1758957122
|move|p2a: Pecharunt|Recover|p2a: Pecharunt
|-heal|p2a: Pecharunt|96/100
|move|p1a: Ting-Lu|Ruination|p2a: Pecharunt
|-damage|p2a: Pecharunt|48/100
|
|upkeep
|turn|24
|
|t:|1758957129
|move|p2a: Pecharunt|Malignant Chain|p1a: Ting-Lu
|-resisted|p1a: Ting-Lu
|-damage|p1a: Ting-Lu|94/100
|-status|p1a: Ting-Lu|tox
|-start|p1a: Ting-Lu|confusion|[from] ability: Poison Puppeteer|[of] p2a: Pecharunt
|-activate|p1a: Ting-Lu|confusion
|move|p1a: Ting-Lu|Ruination|p2a: Pecharunt
|-damage|p2a: Pecharunt|24/100
|
|-heal|p1a: Ting-Lu|100/100 tox|[from] item: Leftovers
|-damage|p1a: Ting-Lu|94/100 tox|[from] psn
|upkeep
|turn|25
|
|t:|1758957138
|switch|p1a: Iron Crown|Iron Crown, tera:Steel|100/100
|-damage|p1a: Iron Crown|94/100|[from] Stealth Rock
|move|p2a: Pecharunt|Recover|p2a: Pecharunt
|-heal|p2a: Pecharunt|74/100
|
|upkeep
|turn|26
|
|t:|1758957147
|switch|p2a: Iron Treads|Iron Treads|100/100
|-damage|p2a: Iron Treads|97/100|[from] Stealth Rock
|move|p1a: Iron Crown|Focus Blast|p2a: Iron Treads
|-supereffective|p2a: Iron Treads
|-damage|p2a: Iron Treads|0 fnt
|faint|p2a: Iron Treads
|-end|p2a: Iron Treads|Quark Drive|[silent]
|
|upkeep
|
|t:|1758957164
|switch|p2a: Zapdos|Zapdos|100/100
|turn|27
|
|t:|1758957171
|-end|p1a: Iron Crown|Quark Drive|[silent]
|switch|p1a: Ting-Lu|Ting-Lu|94/100 tox
|-damage|p1a: Ting-Lu|88/100 tox|[from] Stealth Rock
|-ability|p1a: Ting-Lu|Vessel of Ruin
|move|p2a: Zapdos|Volt Switch|p1a: Ting-Lu
|-immune|p1a: Ting-Lu
|
|-heal|p1a: Ting-Lu|94/100 tox|[from] item: Leftovers
|-damage|p1a: Ting-Lu|88/100 tox|[from] psn
|upkeep
|turn|28
|
|t:|1758957183
|switch|p2a: Pecharunt|Pecharunt|74/100
|move|p1a: Ting-Lu|Ruination|p2a: Pecharunt
|-damage|p2a: Pecharunt|38/100
|
|-heal|p1a: Ting-Lu|94/100 tox|[from] item: Leftovers
|-damage|p1a: Ting-Lu|82/100 tox|[from] psn
|upkeep
|turn|29
|
|t:|1758957191
|switch|p1a: Iron Crown|Iron Crown, tera:Steel|94/100
|-damage|p1a: Iron Crown|88/100|[from] Stealth Rock
|move|p2a: Pecharunt|Recover|p2a: Pecharunt
|-heal|p2a: Pecharunt|88/100
|
|upkeep
|turn|30
|
|t:|1758957198
|switch|p2a: Alomomola|Alomomola, F|55/100
|move|p1a: Iron Crown|Tachyon Cutter|p2a: Alomomola
|-resisted|p2a: Alomomola
|-damage|p2a: Alomomola|26/100
|-resisted|p2a: Alomomola
|-damage|p2a: Alomomola|0 fnt
|faint|p2a: Alomomola
|-hitcount|p2: Alomomola|2
|
|upkeep
|
|t:|1758957210
|switch|p2a: Zapdos|Zapdos|100/100
|turn|31
|
|t:|1758957217
|move|p1a: Iron Crown|Tachyon Cutter|p2a: Zapdos
|-resisted|p2a: Zapdos
|-damage|p2a: Zapdos|75/100
|-resisted|p2a: Zapdos
|-damage|p2a: Zapdos|52/100
|-hitcount|p2a: Zapdos|2
|move|p2a: Zapdos|Heat Wave|p1a: Iron Crown
|-supereffective|p1a: Iron Crown
|-damage|p1a: Iron Crown|26/100
|
|upkeep
|turn|32
|
|t:|1758957228
|move|p1a: Iron Crown|Tachyon Cutter|p2a: Zapdos
|-resisted|p2a: Zapdos
|-damage|p2a: Zapdos|29/100
|-resisted|p2a: Zapdos
|-damage|p2a: Zapdos|7/100
|-hitcount|p2a: Zapdos|2
|move|p2a: Zapdos|Volt Switch|p1a: Iron Crown
|-damage|p1a: Iron Crown|0 fnt
|faint|p1a: Iron Crown
|-end|p1a: Iron Crown|Quark Drive|[silent]
|
|t:|1758957251
|switch|p2a: Pecharunt|Pecharunt|88/100|[from] Volt Switch
|
|upkeep
|
|t:|1758957257
|switch|p1a: Zapdos|Zapdos|100/100
|turn|33
|
|t:|1758957264
|move|p1a: Zapdos|Hurricane|p2a: Pecharunt
|-damage|p2a: Pecharunt|32/100
|-start|p2a: Pecharunt|confusion
|-activate|p2a: Pecharunt|confusion
|-damage|p2a: Pecharunt|29/100|[from] confusion
|
|upkeep
|turn|34
|
|t:|1758957271
|move|p1a: Zapdos|Volt Switch|p2a: Pecharunt
|-damage|p2a: Pecharunt|0 fnt
|faint|p2a: Pecharunt
|
|t:|1758957279
|switch|p1a: Dragonite|Dragonite, F|84/100|[from] Volt Switch
|
|upkeep
|
|t:|1758957287
|switch|p2a: Ogerpon|Ogerpon, F|100/100
|turn|35
|
|t:|1758957293
|move|p2a: Ogerpon|Swords Dance|p2a: Ogerpon
|-boost|p2a: Ogerpon|atk|2
|move|p1a: Dragonite|Roost|p1a: Dragonite
|-heal|p1a: Dragonite|100/100
|-singleturn|p1a: Dragonite|move: Roost
|
|upkeep
|turn|36
|
|t:|1758957301
|move|p1a: Dragonite|Extreme Speed|p2a: Ogerpon
|-damage|p2a: Ogerpon|61/100
|move|p2a: Ogerpon|Encore|p1a: Dragonite
|-start|p1a: Dragonite|Encore
|
|upkeep
|turn|37
|
|t:|1758957308
|switch|p2a: Zapdos|Zapdos|7/100
|move|p1a: Dragonite|Extreme Speed|p2a: Zapdos
|-damage|p2a: Zapdos|0 fnt
|faint|p2a: Zapdos
|
|upkeep
|
|t:|1758957311
|switch|p2a: Hoopa|Hoopa-Unbound|100/100
|-damage|p2a: Hoopa|88/100|[from] Stealth Rock
|turn|38
|
|t:|1758957317
|move|p1a: Dragonite|Extreme Speed|p2a: Hoopa
|-damage|p2a: Hoopa|54/100
|move|p2a: Hoopa|Knock Off|p1a: Dragonite
|-damage|p1a: Dragonite|75/100
|-enditem|p1a: Dragonite|Heavy-Duty Boots|[from] move: Knock Off|[of] p2a: Hoopa
|
|upkeep
|turn|39
|
|t:|1758957324
|move|p1a: Dragonite|Extreme Speed|p2a: Hoopa
|-damage|p2a: Hoopa|19/100
|move|p2a: Hoopa|Psychic Noise|p1a: Dragonite
|-damage|p1a: Dragonite|27/100
|-start|p1a: Dragonite|move: Heal Block
|
|-end|p1a: Dragonite|Encore
|upkeep
|turn|40
|j| Ctannn
|
|t:|1758957330
|move|p1a: Dragonite|Extreme Speed|p2a: Hoopa
|-damage|p2a: Hoopa|0 fnt
|faint|p2a: Hoopa
|
|-end|p1a: Dragonite|move: Heal Block
|upkeep
|
|t:|1758957333
|switch|p2a: Ogerpon|Ogerpon, F|61/100
|turn|41
|
|t:|1758957347
|move|p1a: Dragonite|Extreme Speed|p2a: Ogerpon
|-damage|p2a: Ogerpon|19/100
|move|p2a: Ogerpon|Swords Dance|p2a: Ogerpon
|-boost|p2a: Ogerpon|atk|2
|
|upkeep
|turn|42
|-message|Rabzzz forfeited.
|
|win|Shibuya Arc
|raw|Shibuya Arc's rating: 1619 &rarr; <strong>1643</strong><br />(+24 for winning)
|raw|Rabzzz's rating: 1696 &rarr; <strong>1672</strong><br />(-24 for losing)
|l|☆Rabzzz
|player|p2|
|l|☆Shibuya Arc
|player|p1|
