|j|☆douadyrabbit
|j|☆PalworldDX
|t:|1758957571
|gametype|singles
|player|p1|douadyrabbit|pokefanf-gen2|1137
|player|p2|PalworldDX|palmer|1084
|gen|9
|tier|[Gen 9] OU
|rated|
|rule|HP Percentage Mod: HP is shown in percentages
|rule|Endless Battle Clause: Forcing endless battles is banned
|rule|Species Clause: Limit one of each Pokémon
|rule|OHKO Clause: OHKO moves are banned
|rule|Evasion Items Clause: Evasion items are banned
|rule|Evasion Moves Clause: Evasion moves are banned
|rule|Evasion Abilities Clause: Evasion abilities are banned
|rule|Sleep Moves Clause: Sleep-inducing moves are banned
|clearpoke
|poke|p1|Kyurem|
|poke|p1|Corviknight, F|
|poke|p1|Ting-Lu|
|poke|p1|Dondozo, M|
|poke|p1|Slowking-Galar, M|
|poke|p1|Cinderace, M|
|poke|p2|Hippowdon, F|
|poke|p2|Slowking-Galar, M|
|poke|p2|Gastrodon-East, M|
|poke|p2|Primarina, F|
|poke|p2|Sylveon, F|
|poke|p2|Deoxys-Defense|
|teampreview
|
|t:|1758957585
|teamsize|p1|6
|teamsize|p2|6
|start
|switch|p1a: Cinderace|Cinderace, M|100/100
|switch|p2a: Deoxys|Deoxys-Defense|100/100
|-ability|p2a: Deoxys|Pressure
|turn|1
|inactive|Battle timer is ON: inactive players will automatically lose when time's up. (requested by PalworldDX)
|
|t:|1758957595
|switch|p2a: Gastrodon|Gastrodon-East, M|100/100
|move|p1a: Cinderace|U-turn|p2a: Gastrodon
|-crit|p2a: Gastrodon
|-damage|p2a: Gastrodon|78/100
|-damage|p1a: Cinderace|84/100|[from] item: Rocky Helmet|[of] p2a: Gastrodon
|
|t:|1758957602
|switch|p1a: Slowking|Slowking-Galar, M|100/100|[from] U-turn
|
|upkeep
|turn|2
|
|t:|1758957609
|switch|p2a: Deoxys|Deoxys-Defense|100/100
|-ability|p2a: Deoxys|Pressure
|move|p1a: Slowking|Toxic|p2a: Deoxys
|-status|p2a: Deoxys|tox
|
|-damage|p2a: Deoxys|94/100 tox|[from] psn
|upkeep
|turn|3
|
|t:|1758957620
|move|p2a: Deoxys|Thunder Wave|p1a: Slowking
|-status|p1a: Slowking|par
|move|p1a: Slowking|Future Sight|p2a: Deoxys
|-start|p1a: Slowking|move: Future Sight
|
|-heal|p2a: Deoxys|100/100 tox|[from] item: Leftovers
|-damage|p2a: Deoxys|88/100 tox|[from] psn
|upkeep
|turn|4
|
|t:|1758957630
|move|p2a: Deoxys|Taunt|p1a: Slowking
|-start|p1a: Slowking|move: Taunt
|-prepare|p1a: Slowking|Chilly Reception|[premajor]
|cant|p1a: Slowking|move: Taunt|Chilly Reception
|
|-heal|p2a: Deoxys|94/100 tox|[from] item: Leftovers
|-damage|p2a: Deoxys|75/100 tox|[from] psn
|upkeep
|turn|5
|
|t:|1758957645
|switch|p1a: Ting-Lu|Ting-Lu|100/100
|-ability|p1a: Ting-Lu|Vessel of Ruin
|move|p2a: Deoxys|Teleport|p2a: Deoxys
|
|t:|1758957668
|switch|p2a: Gastrodon|Gastrodon-East, M|78/100|[from] Teleport
|
|-end|p2a: Gastrodon|move: Future Sight
|-damage|p2a: Gastrodon|43/100
|upkeep
|turn|6
|
|t:|1758957679
|switch|p1a: Slowking|Slowking-Galar, M|100/100 par
|move|p2a: Gastrodon|Recover|p2a: Gastrodon
|-heal|p2a: Gastrodon|93/100
|
|upkeep
|turn|7
|
|t:|1758957687
|switch|p2a: Slowking|Slowking-Galar, M|100/100
|move|p1a: Slowking|Toxic|p2a: Slowking
|-immune|p2a: Slowking
|
|upkeep
|turn|8
|
|t:|1758957694
|-prepare|p2a: Slowking|Chilly Reception|[premajor]
|move|p2a: Slowking|Chilly Reception|p2a: Slowking
|-weather|Snowscape
|
|t:|1758957702
|switch|p2a: Hippowdon|Hippowdon, F|100/100|[from] Chilly Reception
|-weather|Sandstorm|[from] ability: Sand Stream|[of] p2a: Hippowdon
|cant|p1a: Slowking|par
|
|-weather|Sandstorm|[upkeep]
|-damage|p1a: Slowking|94/100 par|[from] Sandstorm
|upkeep
|turn|9
|
|t:|1758957714
|switch|p1a: Dondozo|Dondozo, M|100/100
|move|p2a: Hippowdon|Stealth Rock|p1a: Dondozo
|-sidestart|p1: douadyrabbit|move: Stealth Rock
|
|-weather|Sandstorm|[upkeep]
|-damage|p1a: Dondozo|94/100|[from] Sandstorm
|-heal|p1a: Dondozo|100/100|[from] item: Leftovers
|upkeep
|turn|10
|
|t:|1758957725
|switch|p2a: Sylveon|Sylveon, F|100/100
|move|p1a: Dondozo|Waterfall|p2a: Sylveon
|-damage|p2a: Sylveon|60/100
|
|-weather|Sandstorm|[upkeep]
|-damage|p2a: Sylveon|54/100|[from] Sandstorm
|-damage|p1a: Dondozo|94/100|[from] Sandstorm
|-heal|p2a: Sylveon|60/100|[from] item: Leftovers
|-heal|p1a: Dondozo|100/100|[from] item: Leftovers
|upkeep
|turn|11
|
|t:|1758957737
|move|p2a: Sylveon|Wish|p2a: Sylveon
|move|p1a: Dondozo|Waterfall|p2a: Sylveon
|-damage|p2a: Sylveon|22/100
|
|-weather|Sandstorm|[upkeep]
|-damage|p2a: Sylveon|16/100|[from] Sandstorm
|-damage|p1a: Dondozo|94/100|[from] Sandstorm
|-heal|p2a: Sylveon|22/100|[from] item: Leftovers
|-heal|p1a: Dondozo|100/100|[from] item: Leftovers
|upkeep
|turn|12
|
|t:|1758957745
|move|p2a: Sylveon|Protect|p2a: Sylveon
|-singleturn|p2a: Sylveon|Protect
|move|p1a: Dondozo|Curse|p1a: Dondozo
|-unboost|p1a: Dondozo|spe|1
|-boost|p1a: Dondozo|atk|1
|-boost|p1a: Dondozo|def|1
|
|-weather|none
|-heal|p2a: Sylveon|72/100|[from] move: Wish|[wisher] Sylveon
|-heal|p2a: Sylveon|79/100|[from] item: Leftovers
|upkeep
|turn|13
|
|t:|1758957754
|move|p2a: Sylveon|Mud-Slap|p1a: Dondozo
|-damage|p1a: Dondozo|94/100
|-unboost|p1a: Dondozo|accuracy|1
|move|p1a: Dondozo|Curse|p1a: Dondozo
|-unboost|p1a: Dondozo|spe|1
|-boost|p1a: Dondozo|atk|1
|-boost|p1a: Dondozo|def|1
|
|-heal|p2a: Sylveon|85/100|[from] item: Leftovers
|-heal|p1a: Dondozo|99/100|[from] item: Leftovers
|upkeep
|turn|14
|
|t:|1758957764
|move|p2a: Sylveon|Mud-Slap|p1a: Dondozo
|-damage|p1a: Dondozo|93/100
|-unboost|p1a: Dondozo|accuracy|1
|move|p1a: Dondozo|Waterfall|p2a: Sylveon
|-damage|p2a: Sylveon|0 fnt
|faint|p2a: Sylveon
|
|-heal|p1a: Dondozo|99/100|[from] item: Leftovers
|upkeep
|
|t:|1758957775
|switch|p2a: Slowking|Slowking-Galar, M|100/100
|turn|15
|
|t:|1758957781
|switch|p1a: Slowking|Slowking-Galar, M|100/100 par
|move|p2a: Slowking|Thunder Wave|p1a: Slowking
|-fail|p1a: Slowking|par
|
|upkeep
|turn|16
|
|t:|1758957787
|-prepare|p2a: Slowking|Chilly Reception|[premajor]
|move|p2a: Slowking|Chilly Reception|p2a: Slowking
|-weather|Snowscape
|
|t:|1758957791
|switch|p2a: Primarina|Primarina, F, shiny|100/100|[from] Chilly Reception
|cant|p1a: Slowking|par
|
|-weather|Snowscape|[upkeep]
|upkeep
|turn|17
|
|t:|1758957798
|move|p2a: Primarina|Moonblast|p1a: Slowking
|-resisted|p1a: Slowking
|-damage|p1a: Slowking|78/100 par
|move|p1a: Slowking|Toxic|p2a: Primarina
|-status|p2a: Primarina|tox
|
|-weather|Snowscape|[upkeep]
|-damage|p2a: Primarina|95/100 tox|[from] psn
|upkeep
|turn|18
|-message|PalworldDX forfeited.
|
|win|douadyrabbit
|raw|douadyrabbit's rating: 1137 &rarr; <strong>1158</strong><br />(+21 for winning)
|raw|PalworldDX's rating: 1084 &rarr; <strong>1065</strong><br />(-19 for losing)
|l|☆PalworldDX
|player|p2|
|l|☆douadyrabbit
|player|p1|
