|badge|p2|silver|gen9uu|30-6
|uhtml|medal-msg|<div class="broadcast-blue">Curious what those medals under the avatar are? PS now has Ladder Seasons! For more information, check out the <a href="https://www.smogon.com/forums/threads/3740067/">thread on Smogon.</a></div>
|j|☆kebab.ixx
|j|☆ulky
|t:|1759002068
|gametype|singles
|player|p1|kebab.ixx|1|1590
|player|p2|ulky|rosa|1630
|gen|9
|tier|[Gen 9] OU
|rated|
|rule|HP Percentage Mod: HP is shown in percentages
|rule|Endless Battle Clause: Forcing endless battles is banned
|rule|Species Clause: Limit one of each Pokémon
|rule|OHKO Clause: OHKO moves are banned
|rule|Evasion Items Clause: Evasion items are banned
|rule|Evasion Moves Clause: Evasion moves are banned
|rule|Evasion Abilities Clause: Evasion abilities are banned
|rule|Sleep Moves Clause: Sleep-inducing moves are banned
|clearpoke
|poke|p1|Kleavor, M|
|poke|p1|Iron Crown|
|poke|p1|Cinderace, F|
|poke|p1|Pecharunt|
|poke|p1|Dragonite, F|
|poke|p1|Garchomp, F|
|poke|p2|Torkoal, M|
|poke|p2|Hatterene, F|
|poke|p2|Raging Bolt|
|poke|p2|Slither Wing|
|poke|p2|Venusaur, M|
|poke|p2|Walking Wake|
|teampreview
|
|t:|1759002085
|teamsize|p1|6
|teamsize|p2|6
|start
|switch|p1a: Kleavor|Kleavor, M|100/100
|switch|p2a: Walking Wake|Walking Wake|100/100
|turn|1
|
|t:|1759002088
|move|p2a: Walking Wake|Hydro Steam|p1a: Kleavor
|-supereffective|p1a: Kleavor
|-enditem|p1a: Kleavor|Focus Sash
|-damage|p1a: Kleavor|1/100
|move|p1a: Kleavor|Stone Axe|p2a: Walking Wake
|-damage|p2a: Walking Wake|41/100
|-sidestart|p2: ulky|move: Stealth Rock
|
|upkeep
|turn|2
|
|t:|1759002097
|move|p2a: Walking Wake|Hydro Steam|p1a: Kleavor
|-supereffective|p1a: Kleavor
|-damage|p1a: Kleavor|0 fnt
|faint|p1a: Kleavor
|
|upkeep
|
|t:|1759002121
|switch|p1a: Iron Crown|Iron Crown|100/100
|turn|3
|
|t:|1759002130
|move|p1a: Iron Crown|Volt Switch|p2a: Walking Wake
|-damage|p2a: Walking Wake|15/100
|
|t:|1759002134
|-end|p1a: Iron Crown|Quark Drive|[silent]
|switch|p1a: Garchomp|Garchomp, F|100/100|[from] Volt Switch
|move|p2a: Walking Wake|Flip Turn|p1a: Garchomp
|-damage|p1a: Garchomp|85/100
|-damage|p2a: Walking Wake|2/100|[from] ability: Rough Skin|[of] p1a: Garchomp
|
|t:|1759002144
|-end|p2a: Walking Wake|Protosynthesis|[silent]
|switch|p2a: Hatterene|Hatterene, F|100/100|[from] Flip Turn
|-damage|p2a: Hatterene|88/100|[from] Stealth Rock
|-item|p2a: Hatterene|Air Balloon
|
|upkeep
|turn|4
|
|t:|1759002148
|switch|p1a: Iron Crown|Iron Crown|100/100
|move|p2a: Hatterene|Dazzling Gleam|p1a: Iron Crown
|-resisted|p1a: Iron Crown
|-damage|p1a: Iron Crown|84/100
|
|upkeep
|turn|5
|
|t:|1759002152
|switch|p2a: Torkoal|Torkoal, M|100/100
|-damage|p2a: Torkoal|76/100|[from] Stealth Rock
|-weather|SunnyDay|[from] ability: Drought|[of] p2a: Torkoal
|move|p1a: Iron Crown|Tachyon Cutter|p2a: Torkoal
|-resisted|p2a: Torkoal
|-damage|p2a: Torkoal|60/100
|-resisted|p2a: Torkoal
|-damage|p2a: Torkoal|44/100
|-hitcount|p2a: Torkoal|2
|
|-weather|SunnyDay|[upkeep]
|upkeep
|turn|6
|
|t:|1759002156
|-end|p1a: Iron Crown|Quark Drive|[silent]
|switch|p1a: Pecharunt|Pecharunt|100/100
|-item|p1a: Pecharunt|Air Balloon
|move|p2a: Torkoal|Stealth Rock|p1a: Pecharunt
|-sidestart|p1: kebab.ixx|move: Stealth Rock
|
|-weather|SunnyDay|[upkeep]
|upkeep
|turn|7
|
|t:|1759002161
|move|p1a: Pecharunt|Malignant Chain|p2a: Torkoal
|-damage|p2a: Torkoal|0 fnt
|faint|p2a: Torkoal
|
|-weather|SunnyDay|[upkeep]
|upkeep
|
|t:|1759002173
|switch|p2a: Venusaur|Venusaur, M|100/100
|-damage|p2a: Venusaur|88/100|[from] Stealth Rock
|turn|8
|
|t:|1759002185
|move|p2a: Venusaur|Growth|p2a: Venusaur
|-boost|p2a: Venusaur|atk|2
|-boost|p2a: Venusaur|spa|2
|move|p1a: Pecharunt|Malignant Chain|p2a: Venusaur
|-damage|p2a: Venusaur|35/100
|
|-weather|SunnyDay|[upkeep]
|upkeep
|turn|9
|
|t:|1759002192
|move|p2a: Venusaur|Weather Ball|p1a: Pecharunt
|-damage|p1a: Pecharunt|0 fnt
|-enditem|p1a: Pecharunt|Air Balloon
|faint|p1a: Pecharunt
|-damage|p2a: Venusaur|25/100|[from] item: Life Orb
|
|-weather|SunnyDay|[upkeep]
|upkeep
|l|☆kebab.ixx
|player|p1|
|j|☆kebab.ixx
|player|p1|kebab.ixx|1|
|
|t:|1759002210
|switch|p1a: Dragonite|Dragonite, F|100/100
|turn|10
|
|t:|1759002227
|move|p1a: Dragonite|Extreme Speed|p2a: Venusaur
|-damage|p2a: Venusaur|0 fnt
|faint|p2a: Venusaur
|
|-weather|SunnyDay|[upkeep]
|upkeep
|
|t:|1759002235
|switch|p2a: Slither Wing|Slither Wing|100/100
|-damage|p2a: Slither Wing|88/100|[from] Stealth Rock
|-activate|p2a: Slither Wing|ability: Protosynthesis
|-start|p2a: Slither Wing|protosynthesisatk
|turn|11
|
|t:|1759002256
|move|p1a: Dragonite|Dragon Dance|p1a: Dragonite
|-boost|p1a: Dragonite|atk|1
|-boost|p1a: Dragonite|spe|1
|move|p2a: Slither Wing|U-turn|p1a: Dragonite
|-resisted|p1a: Dragonite
|-damage|p1a: Dragonite|86/100
|l|☆kebab.ixx
|player|p1|
|
|t:|1759002293
|-end|p2a: Slither Wing|Protosynthesis|[silent]
|switch|p2a: Raging Bolt|Raging Bolt|100/100|[from] U-turn
|-damage|p2a: Raging Bolt|88/100|[from] Stealth Rock
|-activate|p2a: Raging Bolt|ability: Protosynthesis
|-start|p2a: Raging Bolt|protosynthesisspa
|
|-weather|SunnyDay|[upkeep]
|upkeep
|turn|12
|j|☆kebab.ixx
|player|p1|kebab.ixx|1|
|
|t:|1759002297
|-terastallize|p2a: Raging Bolt|Ghost
|move|p1a: Dragonite|Earthquake|p2a: Raging Bolt
|-damage|p2a: Raging Bolt|34/100
|move|p2a: Raging Bolt|Dragon Pulse|p1a: Dragonite
|-supereffective|p1a: Dragonite
|-damage|p1a: Dragonite|0 fnt
|faint|p1a: Dragonite
|-damage|p2a: Raging Bolt|24/100|[from] item: Life Orb
|
|-weather|none
|-end|p2a: Raging Bolt|Protosynthesis
|upkeep
|
|t:|1759002301
|switch|p1a: Garchomp|Garchomp, F|85/100
|-damage|p1a: Garchomp|79/100|[from] Stealth Rock
|turn|13
|
|t:|1759002311
|-end|p2a: Raging Bolt|Protosynthesis|[silent]
|switch|p2a: Hatterene|Hatterene, F|88/100
|-damage|p2a: Hatterene|76/100|[from] Stealth Rock
|-item|p2a: Hatterene|Air Balloon
|move|p1a: Garchomp|Fire Fang|p2a: Hatterene
|-damage|p2a: Hatterene|57/100
|-enditem|p2a: Hatterene|Air Balloon
|
|upkeep
|turn|14
|
|t:|1759002322
|switch|p1a: Iron Crown|Iron Crown|84/100
|-damage|p1a: Iron Crown|78/100|[from] Stealth Rock
|move|p2a: Hatterene|Trick Room|p2a: Hatterene
|-fieldstart|move: Trick Room|[of] p2a: Hatterene
|
|upkeep
|turn|15
|
|t:|1759002360
|move|p2a: Hatterene|Healing Wish|p2a: Hatterene
|faint|p2a: Hatterene
|move|p1a: Iron Crown|Psychic Noise|p2: Hatterene|[notarget]
|-fail|p1a: Iron Crown
|
|upkeep
|
|t:|1759002369
|switch|p2a: Walking Wake|Walking Wake|2/100
|-heal|p2a: Walking Wake|100/100|[from] move: Healing Wish
|-damage|p2a: Walking Wake|88/100|[from] Stealth Rock
|turn|16
|
|t:|1759002373
|move|p2a: Walking Wake|Hydro Steam|p1a: Iron Crown
|-damage|p1a: Iron Crown|35/100
|move|p1a: Iron Crown|Psychic Noise|p2a: Walking Wake
|-damage|p2a: Walking Wake|45/100
|-start|p2a: Walking Wake|move: Heal Block
|
|upkeep
|turn|17
|
|t:|1759002385
|move|p2a: Walking Wake|Hydro Steam|p1a: Iron Crown
|-damage|p1a: Iron Crown|0 fnt
|faint|p1a: Iron Crown
|-end|p1a: Iron Crown|Quark Drive|[silent]
|
|-end|p2a: Walking Wake|move: Heal Block
|upkeep
|
|t:|1759002394
|switch|p1a: Cinderace|Cinderace, F|100/100
|turn|18
|
|t:|1759002397
|move|p1a: Cinderace|Sucker Punch|p2a: Walking Wake
|-damage|p2a: Walking Wake|20/100
|move|p2a: Walking Wake|Hydro Steam|p1a: Cinderace
|-supereffective|p1a: Cinderace
|-damage|p1a: Cinderace|0 fnt
|faint|p1a: Cinderace
|
|-fieldend|move: Trick Room
|upkeep
|
|t:|1759002400
|switch|p1a: Garchomp|Garchomp, F|79/100
|-damage|p1a: Garchomp|73/100|[from] Stealth Rock
|turn|19
|
|t:|1759002403
|move|p2a: Walking Wake|Draco Meteor|p1a: Garchomp
|-supereffective|p1a: Garchomp
|-damage|p1a: Garchomp|0 fnt
|-unboost|p2a: Walking Wake|spa|2
|faint|p1a: Garchomp
|
|win|ulky
|raw|kebab.ixx's rating: 1590 &rarr; <strong>1569</strong><br />(-21 for losing)
|raw|ulky's rating: 1581 &rarr; <strong>1602</strong><br />(+21 for winning)
