|j|☆victory 4 u
|j|☆Lingo63
|t:|1759057084
|gametype|singles
|player|p1|victory 4 u|102|1116
|player|p2|Lingo63|lucas|1083
|gen|9
|tier|[Gen 9] OU
|rated|
|rule|HP Percentage Mod: HP is shown in percentages
|rule|Endless Battle Clause: Forcing endless battles is banned
|rule|Species Clause: Limit one of each Pokémon
|rule|OHKO Clause: OHKO moves are banned
|rule|Evasion Items Clause: Evasion items are banned
|rule|Evasion Moves Clause: Evasion moves are banned
|rule|Evasion Abilities Clause: Evasion abilities are banned
|rule|Sleep Moves Clause: Sleep-inducing moves are banned
|clearpoke
|poke|p1|Plusle, F|
|poke|p1|Flapple, F|
|poke|p1|Moltres|
|poke|p1|Great Tusk|
|poke|p1|Conkeldurr, F|
|poke|p1|Thundurus-Therian, M|
|poke|p2|Lilligant-Hisui, F|
|poke|p2|Clodsire, M|
|poke|p2|Skeledirge, M|
|poke|p2|Zoroark-Hisui, F|
|poke|p2|Kingambit, M|
|poke|p2|Maushold|
|teampreview
|inactive|Battle timer is ON: inactive players will automatically lose when time's up. (requested by Lingo63)
|
|t:|1759057110
|teamsize|p1|6
|teamsize|p2|6
|start
|switch|p1a: schindler|Plusle, F|100/100
|switch|p2a: Lilligant|Lilligant-Hisui, F, shiny|100/100
|turn|1
|
|t:|1759057122
|move|p2a: Lilligant|Victory Dance|p2a: Lilligant
|-boost|p2a: Lilligant|atk|1
|-boost|p2a: Lilligant|def|1
|-boost|p2a: Lilligant|spe|1
|move|p1a: schindler|Switcheroo|p2a: Lilligant
|-activate|p1a: schindler|move: Trick|[of] p2a: Lilligant
|-item|p2a: Lilligant|Choice Specs|[from] move: Switcheroo
|-item|p1a: schindler|Wide Lens|[from] move: Switcheroo
|
|upkeep
|turn|2
|
|t:|1759057137
|switch|p1a: andrew|Moltres|100/100
|move|p2a: Lilligant|Close Combat|p1a: andrew
|-resisted|p1a: andrew
|-damage|p1a: andrew|34/100
|-unboost|p2a: Lilligant|def|1
|-unboost|p2a: Lilligant|spd|1
|
|upkeep
|turn|3
|
|t:|1759057151
|move|p2a: Lilligant|Close Combat|p1a: andrew|[miss]
|-miss|p2a: Lilligant|p1a: andrew
|move|p1a: andrew|Flamethrower|p2a: Lilligant
|-supereffective|p2a: Lilligant
|-damage|p2a: Lilligant|0 fnt
|faint|p2a: Lilligant
|
|upkeep
|
|t:|1759057162
|switch|p2a: Skeledirge|Skeledirge, M, shiny|100/100
|turn|4
|
|t:|1759057174
|switch|p1a: schindler|Plusle, F|100/100
|move|p2a: Skeledirge|Torch Song|p1a: schindler
|-damage|p1a: schindler|50/100
|-boost|p2a: Skeledirge|spa|1
|-enditem|p2a: Skeledirge|Throat Spray
|-boost|p2a: Skeledirge|spa|1|[from] item: Throat Spray
|
|upkeep
|turn|5
|
|t:|1759057191
|move|p1a: schindler|Switcheroo|p2a: Skeledirge
|-activate|p1a: schindler|move: Trick|[of] p2a: Skeledirge
|-item|p2a: Skeledirge|Wide Lens|[from] move: Switcheroo
|-enditem|p1a: schindler|Wide Lens|[silent]|[from] move: Switcheroo
|move|p2a: Skeledirge|Torch Song|p1a: schindler
|-damage|p1a: schindler|0 fnt
|-boost|p2a: Skeledirge|spa|1
|faint|p1a: schindler
|
|upkeep
|
|t:|1759057203
|switch|p1a: useless|Flapple, F|100/100
|turn|6
|
|t:|1759057208
|move|p1a: useless|Outrage|p2a: Skeledirge
|-damage|p2a: Skeledirge|19/100
|move|p2a: Skeledirge|Torch Song|p1a: useless
|-damage|p1a: useless|0 fnt
|-boost|p2a: Skeledirge|spa|1
|faint|p1a: useless
|
|upkeep
|
|t:|1759057218
|switch|p1a: andrew|Moltres|34/100
|turn|7
|
|t:|1759057221
|move|p1a: andrew|Flamethrower|p2a: Skeledirge
|-resisted|p2a: Skeledirge
|-damage|p2a: Skeledirge|0 fnt
|faint|p2a: Skeledirge
|
|upkeep
|
|t:|1759057227
|switch|p2a: Clodsire|Clodsire, M, shiny|100/100
|turn|8
|inactive|Lingo63 has 120 seconds left.
|inactive|Lingo63 has 90 seconds left.
|inactive|Lingo63 has 60 seconds left.
|inactive|Lingo63 has 30 seconds left.
|inactive|Lingo63 has 20 seconds left.
|inactive|Lingo63 has 15 seconds left.
|inactive|Lingo63 has 10 seconds left.
|inactive|Lingo63 has 5 seconds left.
|-message|Lingo63 lost due to inactivity.
|
|win|victory 4 u
|raw|victory 4 u's rating: 1116 &rarr; <strong>1139</strong><br />(+23 for winning)
|raw|Lingo63's rating: 1083 &rarr; <strong>1063</strong><br />(-20 for losing)
|l|☆victory 4 u
|player|p1|
|l|☆Lingo63
|player|p2|
