|j|☆PanaRabbit
|j|☆saint246
|t:|1759011331
|gametype|singles
|player|p1|PanaRabbit|ltsurge|1068
|player|p2|saint246|102|1109
|gen|9
|tier|[Gen 9] OU
|rated|
|rule|HP Percentage Mod: HP is shown in percentages
|rule|Endless Battle Clause: Forcing endless battles is banned
|rule|Species Clause: Limit one of each Pokémon
|rule|OHKO Clause: OHKO moves are banned
|rule|Evasion Items Clause: Evasion items are banned
|rule|Evasion Moves Clause: Evasion moves are banned
|rule|Evasion Abilities Clause: Evasion abilities are banned
|rule|Sleep Moves Clause: Sleep-inducing moves are banned
|clearpoke
|poke|p1|Suicune|
|poke|p1|Gengar, F|
|poke|p1|Venusaur, F|
|poke|p1|Moltres|
|poke|p1|Coalossal, F|
|poke|p1|Deerling-Winter, F|
|poke|p2|Grimmsnarl, M|
|poke|p2|Zoroark-Hisui, F|
|poke|p2|Iron Treads|
|poke|p2|Greninja-*, M|
|poke|p2|Whimsicott, M|
|poke|p2|Lycanroc, F|
|teampreview
|
|t:|1759011363
|teamsize|p1|6
|teamsize|p2|6
|start
|switch|p1a: Gengar|Gengar, F|100/100
|switch|p2a: Lycanroc|Lycanroc, F|100/100
|turn|1
|
|t:|1759011373
|move|p2a: Lycanroc|Taunt|p1a: Gengar
|-start|p1a: Gengar|move: Taunt
|cant|p1a: Gengar|move: Taunt|Will-O-Wisp
|
|upkeep
|turn|2
|
|t:|1759011383
|switch|p1a: Venusaur|Venusaur, F|100/100
|move|p2a: Lycanroc|Sucker Punch||[still]
|-fail|p2a: Lycanroc
|
|upkeep
|turn|3
|
|t:|1759011390
|move|p2a: Lycanroc|Stealth Rock|p1a: Venusaur
|-sidestart|p1: PanaRabbit|move: Stealth Rock
|move|p1a: Venusaur|Growth|p1a: Venusaur
|-boost|p1a: Venusaur|atk|1
|-boost|p1a: Venusaur|spa|1
|
|upkeep
|turn|4
|
|t:|1759011399
|move|p2a: Lycanroc|Taunt|p1a: Venusaur
|-start|p1a: Venusaur|move: Taunt
|move|p1a: Venusaur|Earth Power|p2a: Lycanroc
|-supereffective|p2a: Lycanroc
|-enditem|p2a: Lycanroc|Focus Sash
|-damage|p2a: Lycanroc|1/100
|
|upkeep
|turn|5
|
|t:|1759011407
|move|p2a: Lycanroc|Endeavor|p1a: Venusaur
|-damage|p1a: Venusaur|1/100
|move|p1a: Venusaur|Earth Power|p2a: Lycanroc
|-supereffective|p2a: Lycanroc
|-damage|p2a: Lycanroc|0 fnt
|faint|p2a: Lycanroc
|
|upkeep
|
|t:|1759011414
|switch|p2a: Greninja|Greninja, M|100/100
|turn|6
|
|t:|1759011418
|move|p2a: Greninja|Dark Pulse|p1a: Venusaur
|-damage|p1a: Venusaur|0 fnt
|faint|p1a: Venusaur
|-ability|p2a: Greninja|Battle Bond|boost
|-boost|p2a: Greninja|atk|1
|-boost|p2a: Greninja|spa|1
|-boost|p2a: Greninja|spe|1
|-activate|p2a: Greninja|ability: Battle Bond
|-damage|p2a: Greninja|91/100|[from] item: Life Orb
|
|upkeep
|
|t:|1759011424
|switch|p1a: Coalossal|Coalossal, F|100/100
|-damage|p1a: Coalossal|75/100|[from] Stealth Rock
|turn|7
|
|t:|1759011436
|move|p2a: Greninja|Surf|p1a: Coalossal
|-supereffective|p1a: Coalossal
|-damage|p1a: Coalossal|0 fnt
|faint|p1a: Coalossal
|-damage|p2a: Greninja|81/100|[from] item: Life Orb
|
|upkeep
|
|t:|1759011439
|switch|p1a: Suicune|Suicune|100/100
|-damage|p1a: Suicune|88/100|[from] Stealth Rock
|-ability|p1a: Suicune|Pressure
|turn|8
|
|t:|1759011448
|-terastallize|p2a: Greninja|Poison
|move|p2a: Greninja|Gunk Shot|p1a: Suicune
|-damage|p1a: Suicune|48/100
|-status|p1a: Suicune|psn
|-damage|p2a: Greninja|71/100|[from] item: Life Orb
|move|p1a: Suicune|Calm Mind|p1a: Suicune
|-boost|p1a: Suicune|spa|1
|-boost|p1a: Suicune|spd|1
|
|-heal|p1a: Suicune|54/100 psn|[from] item: Leftovers
|-damage|p1a: Suicune|41/100 psn|[from] psn
|upkeep
|turn|9
|
|t:|1759011459
|-terastallize|p1a: Suicune|Poison
|move|p2a: Greninja|Gunk Shot|p1a: Suicune
|-resisted|p1a: Suicune
|-damage|p1a: Suicune|21/100 psn
|-damage|p2a: Greninja|61/100|[from] item: Life Orb
|move|p1a: Suicune|Scald|p2a: Greninja
|-damage|p2a: Greninja|0 fnt
|faint|p2a: Greninja
|
|-heal|p1a: Suicune|27/100 psn|[from] item: Leftovers
|-damage|p1a: Suicune|15/100 psn|[from] psn
|upkeep
|
|t:|1759011479
|switch|p2a: Whimsicott|Whimsicott, M|100/100
|turn|10
|
|t:|1759011493
|move|p2a: Whimsicott|Encore|p1a: Suicune
|-start|p1a: Suicune|Encore
|move|p1a: Suicune|Scald|p2a: Whimsicott
|-resisted|p2a: Whimsicott
|-damage|p2a: Whimsicott|72/100
|
|-heal|p1a: Suicune|21/100 psn|[from] item: Leftovers
|-damage|p1a: Suicune|9/100 psn|[from] psn
|upkeep
|turn|11
|
|t:|1759011502
|move|p2a: Whimsicott|Moonblast|p1a: Suicune
|-resisted|p1a: Suicune
|-crit|p1a: Suicune
|-damage|p1a: Suicune|0 fnt
|faint|p1a: Suicune
|
|upkeep
|
|t:|1759011508
|switch|p1a: Moltres|Moltres|100/100
|turn|12
|
|t:|1759011511
|move|p2a: Whimsicott|Stun Spore|p1a: Moltres
|-status|p1a: Moltres|par
|move|p1a: Moltres|Fire Blast|p2a: Whimsicott
|-supereffective|p2a: Whimsicott
|-damage|p2a: Whimsicott|0 fnt
|faint|p2a: Whimsicott
|
|upkeep
|
|t:|1759011518
|switch|p2a: Iron Treads|Iron Treads|100/100
|turn|13
|
|t:|1759011521
|move|p2a: Iron Treads|Bitter Malice|p1a: Moltres
|-damage|p1a: Moltres|40/100 par
|-unboost|p1a: Moltres|atk|1
|-damage|p2a: Iron Treads|91/100|[from] item: Life Orb
|move|p1a: Moltres|Fire Blast|p2a: Iron Treads
|-damage|p2a: Iron Treads|0 fnt
|replace|p2a: Zoroark|Zoroark-Hisui, F
|-end|p2a: Zoroark|Illusion
|faint|p2a: Zoroark
|
|upkeep
|
|t:|1759011533
|switch|p2a: Iron Treads|Iron Treads|100/100
|-enditem|p2a: Iron Treads|Booster Energy
|-activate|p2a: Iron Treads|ability: Quark Drive|[fromitem]
|-start|p2a: Iron Treads|quarkdrivespe
|turn|14
|
|t:|1759011538
|move|p2a: Iron Treads|Supercell Slam|p1a: Moltres
|-supereffective|p1a: Moltres
|-damage|p1a: Moltres|0 fnt
|-status|p2a: Iron Treads|brn|[from] ability: Flame Body|[of] p1a: Moltres
|faint|p1a: Moltres
|
|-damage|p2a: Iron Treads|94/100 brn|[from] brn
|upkeep
|
|t:|1759011544
|switch|p1a: Deerling|Deerling-Winter, F|100/100
|-damage|p1a: Deerling|88/100|[from] Stealth Rock
|turn|15
|
|t:|1759011549
|move|p2a: Iron Treads|Ice Spinner|p1a: Deerling
|-supereffective|p1a: Deerling
|-damage|p1a: Deerling|51/100
|move|p1a: Deerling|Leech Seed|p2a: Iron Treads
|-start|p2a: Iron Treads|move: Leech Seed
|
|-damage|p2a: Iron Treads|82/100 brn|[from] Leech Seed|[of] p1a: Deerling
|-heal|p1a: Deerling|67/100|[silent]
|-damage|p2a: Iron Treads|76/100 brn|[from] brn
|upkeep
|turn|16
|
|t:|1759011558
|-end|p2a: Iron Treads|Quark Drive|[silent]
|switch|p2a: Grimmsnarl|Grimmsnarl, M|100/100
|move|p1a: Deerling|Seed Bomb|p2a: Grimmsnarl
|-damage|p2a: Grimmsnarl|67/100
|
|-heal|p2a: Grimmsnarl|73/100|[from] item: Leftovers
|upkeep
|turn|17
|
|t:|1759011566
|move|p2a: Grimmsnarl|Substitute|p2a: Grimmsnarl
|-start|p2a: Grimmsnarl|Substitute
|-damage|p2a: Grimmsnarl|48/100
|move|p1a: Deerling|Leech Seed||[still]
|-fail|p1a: Deerling
|
|-heal|p2a: Grimmsnarl|54/100|[from] item: Leftovers
|upkeep
|turn|18
|
|t:|1759011573
|move|p2a: Grimmsnarl|Bulk Up|p2a: Grimmsnarl
|-boost|p2a: Grimmsnarl|atk|1
|-boost|p2a: Grimmsnarl|def|1
|move|p1a: Deerling|Play Rough|p2a: Grimmsnarl
|-supereffective|p2a: Grimmsnarl
|-end|p2a: Grimmsnarl|Substitute
|
|-heal|p2a: Grimmsnarl|60/100|[from] item: Leftovers
|upkeep
|turn|19
|
|t:|1759011582
|move|p2a: Grimmsnarl|Sucker Punch|p1a: Deerling
|-damage|p1a: Deerling|0 fnt
|faint|p1a: Deerling
|
|-heal|p2a: Grimmsnarl|66/100|[from] item: Leftovers
|upkeep
|
|t:|1759011586
|switch|p1a: Gengar|Gengar, F|100/100
|-damage|p1a: Gengar|88/100|[from] Stealth Rock
|turn|20
|
|t:|1759011591
|move|p2a: Grimmsnarl|Substitute|p2a: Grimmsnarl
|-start|p2a: Grimmsnarl|Substitute
|-damage|p2a: Grimmsnarl|41/100
|move|p1a: Gengar|Taunt|p2a: Grimmsnarl
|-start|p2a: Grimmsnarl|move: Taunt
|
|-heal|p2a: Grimmsnarl|48/100|[from] item: Leftovers
|upkeep
|turn|21
|
|t:|1759011600
|move|p2a: Grimmsnarl|Sucker Punch|p1a: Gengar
|-supereffective|p1a: Gengar
|-damage|p1a: Gengar|0 fnt
|faint|p1a: Gengar
|
|win|saint246
|raw|PanaRabbit's rating: 1068 &rarr; <strong>1050</strong><br />(-18 for losing)
|raw|saint246's rating: 1109 &rarr; <strong>1131</strong><br />(+22 for winning)
|c|☆PanaRabbit|gg
|l|☆PanaRabbit
|player|p1|
|l|☆saint246
|player|p2|
