|j|☆Neo_Yuji
|j|☆ibraahiim
|t:|1758919831
|gametype|singles
|player|p1|Neo_Yuji|102|1271
|player|p2|ibraahiim|paxton|1217
|gen|9
|tier|[Gen 9] OU
|rated|
|rule|HP Percentage Mod: HP is shown in percentages
|rule|Endless Battle Clause: Forcing endless battles is banned
|rule|Species Clause: Limit one of each Pokémon
|rule|OHKO Clause: OHKO moves are banned
|rule|Evasion Items Clause: Evasion items are banned
|rule|Evasion Moves Clause: Evasion moves are banned
|rule|Evasion Abilities Clause: Evasion abilities are banned
|rule|Sleep Moves Clause: Sleep-inducing moves are banned
|clearpoke
|poke|p1|Glimmora, F|
|poke|p1|Masquerain, F|
|poke|p1|Weavile, F|
|poke|p1|Metagross|
|poke|p1|Electrode|
|poke|p1|Porygon-Z|
|poke|p2|Walking Wake|
|poke|p2|Ceruledge, M|
|poke|p2|Raging Bolt|
|poke|p2|Cinderace, M|
|poke|p2|Torkoal, M|
|poke|p2|Ninetales, M|
|teampreview
|
|t:|1758919847
|teamsize|p1|6
|teamsize|p2|6
|start
|switch|p1a: Glimmora|Glimmora, F, shiny|100/100
|switch|p2a: Ninetales|Ninetales, M|100/100
|-weather|SunnyDay|[from] ability: Drought|[of] p2a: Ninetales
|turn|1
|
|t:|1758919864
|move|p2a: Ninetales|Overheat|p1a: Glimmora
|-resisted|p1a: Glimmora
|-damage|p1a: Glimmora|66/100
|-unboost|p2a: Ninetales|spa|2
|-enditem|p2a: Ninetales|Eject Pack
|
|t:|1758919869
|switch|p2a: Walking Wake|Walking Wake|100/100
|-activate|p2a: Walking Wake|ability: Protosynthesis
|-start|p2a: Walking Wake|protosynthesisspa
|move|p1a: Glimmora|Power Gem|p2a: Walking Wake
|-damage|p2a: Walking Wake|51/100
|
|-weather|SunnyDay|[upkeep]
|upkeep
|turn|2
|
|t:|1758919876
|move|p2a: Walking Wake|Hydro Steam|p1a: Glimmora
|-supereffective|p1a: Glimmora
|-damage|p1a: Glimmora|0 fnt
|faint|p1a: Glimmora
|-damage|p2a: Walking Wake|41/100|[from] item: Life Orb
|
|-weather|SunnyDay|[upkeep]
|upkeep
|
|t:|1758919889
|switch|p1a: Masquerain|Masquerain, F, shiny|100/100
|-ability|p1a: Masquerain|Intimidate|boost
|-unboost|p2a: Walking Wake|atk|1
|turn|3
|inactive|Battle timer is ON: inactive players will automatically lose when time's up. (requested by ibraahiim)
|
|t:|1758919897
|move|p2a: Walking Wake|Hydro Steam|p1a: Masquerain
|-enditem|p1a: Masquerain|Focus Sash
|-damage|p1a: Masquerain|1/100
|-damage|p2a: Walking Wake|31/100|[from] item: Life Orb
|move|p1a: Masquerain|Quiver Dance|p1a: Masquerain
|-boost|p1a: Masquerain|spa|1
|-boost|p1a: Masquerain|spd|1
|-boost|p1a: Masquerain|spe|1
|
|-weather|SunnyDay|[upkeep]
|upkeep
|turn|4
|
|t:|1758919903
|move|p1a: Masquerain|Air Slash|p2a: Walking Wake
|-damage|p2a: Walking Wake|0 fnt
|faint|p2a: Walking Wake
|-end|p2a: Walking Wake|Protosynthesis|[silent]
|
|-weather|SunnyDay|[upkeep]
|upkeep
|
|t:|1758919908
|switch|p2a: Ceruledge|Ceruledge, M, shiny|100/100
|turn|5
|
|t:|1758919910
|switch|p1a: Weavile|Weavile, F, shiny|100/100
|move|p2a: Ceruledge|Bitter Blade|p1a: Weavile
|-supereffective|p1a: Weavile
|-damage|p1a: Weavile|0 fnt
|faint|p1a: Weavile
|
|-weather|none
|upkeep
|
|t:|1758919922
|switch|p1a: Electrode|Electrode|100/100
|turn|6
|
|t:|1758919927
|switch|p2a: Ninetales|Ninetales, M|100/100
|-weather|SunnyDay|[from] ability: Drought|[of] p2a: Ninetales
|move|p1a: Electrode|Volt Switch|p2a: Ninetales
|-damage|p2a: Ninetales|57/100
|
|t:|1758919938
|switch|p1a: Porygon-Z|Porygon-Z|100/100|[from] Volt Switch
|
|-weather|SunnyDay|[upkeep]
|upkeep
|turn|7
|
|t:|1758919945
|move|p2a: Ninetales|Memento|p1a: Porygon-Z
|-unboost|p1a: Porygon-Z|atk|2
|-unboost|p1a: Porygon-Z|spa|2
|faint|p2a: Ninetales
|move|p1a: Porygon-Z|Tri Attack|p2: Ninetales|[notarget]
|-fail|p1a: Porygon-Z
|
|-weather|SunnyDay|[upkeep]
|upkeep
|
|t:|1758919961
|switch|p2a: Ceruledge|Ceruledge, M, shiny|100/100
|turn|8
|
|t:|1758919964
|switch|p1a: Masquerain|Masquerain, F, shiny|1/100
|-ability|p1a: Masquerain|Intimidate|boost
|-unboost|p2a: Ceruledge|atk|1
|move|p2a: Ceruledge|Swords Dance|p2a: Ceruledge
|-boost|p2a: Ceruledge|atk|2
|
|-weather|SunnyDay|[upkeep]
|upkeep
|turn|9
|
|t:|1758919969
|move|p2a: Ceruledge|Bitter Blade|p1a: Masquerain
|-supereffective|p1a: Masquerain
|-damage|p1a: Masquerain|0 fnt
|faint|p1a: Masquerain
|
|-weather|SunnyDay|[upkeep]
|upkeep
|
|t:|1758919984
|switch|p1a: Metagross|Metagross|100/100
|turn|10
|
|t:|1758919987
|move|p2a: Ceruledge|Bitter Blade|p1a: Metagross
|-supereffective|p1a: Metagross
|-damage|p1a: Metagross|0 fnt
|faint|p1a: Metagross
|
|-weather|none
|upkeep
|
|t:|1758919995
|switch|p1a: Electrode|Electrode|100/100
|turn|11
|
|t:|1758920003
|move|p1a: Electrode|Thunderbolt|p2a: Ceruledge
|-damage|p2a: Ceruledge|35/100
|move|p2a: Ceruledge|Poltergeist|p1a: Electrode
|-activate|p1a: Electrode|move: Poltergeist|Choice Specs
|-damage|p1a: Electrode|0 fnt
|faint|p1a: Electrode
|
|upkeep
|
|t:|1758920007
|switch|p1a: Porygon-Z|Porygon-Z|100/100
|turn|12
|
|t:|1758920015
|move|p1a: Porygon-Z|Psyshock|p2a: Ceruledge
|-damage|p2a: Ceruledge|0 fnt
|faint|p2a: Ceruledge
|
|upkeep
|
|t:|1758920024
|switch|p2a: Cinderace|Cinderace, M, shiny|100/100
|turn|13
|
|t:|1758920027
|move|p2a: Cinderace|Pyro Ball|p1a: Porygon-Z
|-damage|p1a: Porygon-Z|0 fnt
|faint|p1a: Porygon-Z
|-damage|p2a: Cinderace|91/100|[from] item: Life Orb
|
|win|ibraahiim
|raw|Neo_Yuji's rating: 1271 &rarr; <strong>1242</strong><br />(-29 for losing)
|raw|ibraahiim's rating: 1217 &rarr; <strong>1246</strong><br />(+29 for winning)
|l|☆Neo_Yuji
|player|p1|
|c|☆ibraahiim|gg
