|j|☆sherdil2001
|j|☆jordanbakkker
|t:|1758997716
|gametype|singles
|player|p1|sherdil2001|steven|1100
|player|p2|jordanbakkker|pokemonbreeder-gen4|1153
|gen|9
|tier|[Gen 9] OU
|rated|
|rule|HP Percentage Mod: HP is shown in percentages
|rule|Endless Battle Clause: Forcing endless battles is banned
|rule|Species Clause: Limit one of each Pokémon
|rule|OHKO Clause: OHKO moves are banned
|rule|Evasion Items Clause: Evasion items are banned
|rule|Evasion Moves Clause: Evasion moves are banned
|rule|Evasion Abilities Clause: Evasion abilities are banned
|rule|Sleep Moves Clause: Sleep-inducing moves are banned
|clearpoke
|poke|p1|Alcremie-Caramel-Swirl, F|
|poke|p1|Comfey, M|
|poke|p2|Cinderace, M|
|poke|p2|Kingambit, M|
|poke|p2|Dragonite, M|
|poke|p2|Gholdengo|
|poke|p2|Iron Valiant|
|poke|p2|Samurott-Hisui, M|
|teampreview
|inactive|Battle timer is ON: inactive players will automatically lose when time's up. (requested by sherdil2001)
|
|t:|1758997728
|teamsize|p1|2
|teamsize|p2|6
|start
|switch|p1a: Alcremie|Alcremie-Caramel-Swirl, F|100/100
|switch|p2a: Gholdengo|Gholdengo|100/100
|-item|p2a: Gholdengo|Air Balloon
|turn|1
|
|t:|1758997734
|-terastallize|p1a: Alcremie|Steel
|move|p2a: Gholdengo|Nasty Plot|p2a: Gholdengo
|-boost|p2a: Gholdengo|spa|2
|move|p1a: Alcremie|Acid Armor|p1a: Alcremie
|-boost|p1a: Alcremie|def|2
|
|upkeep
|turn|2
|
|t:|1758997740
|move|p2a: Gholdengo|Shadow Ball|p1a: Alcremie
|-damage|p1a: Alcremie|42/100
|move|p1a: Alcremie|Calm Mind|p1a: Alcremie
|-boost|p1a: Alcremie|spa|1
|-boost|p1a: Alcremie|spd|1
|
|-heal|p1a: Alcremie|48/100|[from] item: Leftovers
|upkeep
|turn|3
|
|t:|1758997751
|move|p2a: Gholdengo|Nasty Plot|p2a: Gholdengo
|-boost|p2a: Gholdengo|spa|2
|move|p1a: Alcremie|Draining Kiss|p2a: Gholdengo
|-resisted|p2a: Gholdengo
|-damage|p2a: Gholdengo|83/100
|-heal|p1a: Alcremie|63/100|[from] drain|[of] p2a: Gholdengo
|-enditem|p2a: Gholdengo|Air Balloon
|
|-heal|p1a: Alcremie|69/100|[from] item: Leftovers
|upkeep
|turn|4
|
|t:|1758997759
|move|p2a: Gholdengo|Shadow Ball|p1a: Alcremie
|-damage|p1a: Alcremie|3/100
|move|p1a: Alcremie|Stored Power|p2a: Gholdengo
|-resisted|p2a: Gholdengo
|-damage|p2a: Gholdengo|59/100
|
|-heal|p1a: Alcremie|9/100|[from] item: Leftovers
|upkeep
|turn|5
|
|t:|1758997769
|move|p2a: Gholdengo|Shadow Ball|p1a: Alcremie
|-damage|p1a: Alcremie|0 fnt
|faint|p1a: Alcremie
|
|upkeep
|
|t:|1758997772
|switch|p1a: Comfey|Comfey, M|100/100
|turn|6
|
|t:|1758997776
|move|p1a: Comfey|Calm Mind|p1a: Comfey
|-boost|p1a: Comfey|spa|1
|-boost|p1a: Comfey|spd|1
|move|p2a: Gholdengo|Make It Rain|p1a: Comfey
|-supereffective|p1a: Comfey
|-damage|p1a: Comfey|0 fnt
|-unboost|p2a: Gholdengo|spa|1
|faint|p1a: Comfey
|
|win|jordanbakkker
|raw|sherdil2001's rating: 1100 &rarr; <strong>1079</strong><br />(-21 for losing)
|raw|jordanbakkker's rating: 1153 &rarr; <strong>1174</strong><br />(+21 for winning)
|l|☆jordanbakkker
|player|p2|
|l|☆sherdil2001
|player|p1|
