|j|☆pokex265
|j|☆jorgeviera
|t:|1758924907
|gametype|singles
|player|p1|pokex265|2|1299
|player|p2|jorgeviera|169|1322
|gen|9
|tier|[Gen 9] OU
|rated|
|rule|HP Percentage Mod: HP is shown in percentages
|rule|Endless Battle Clause: Forcing endless battles is banned
|rule|Species Clause: Limit one of each Pokémon
|rule|OHKO Clause: OHKO moves are banned
|rule|Evasion Items Clause: Evasion items are banned
|rule|Evasion Moves Clause: Evasion moves are banned
|rule|Evasion Abilities Clause: Evasion abilities are banned
|rule|Sleep Moves Clause: Sleep-inducing moves are banned
|clearpoke
|poke|p1|Great Tusk|
|poke|p1|Corviknight, M|
|poke|p1|Feraligatr, M|
|poke|p1|Hatterene, F|
|poke|p1|Blissey, F|
|poke|p1|Dragapult, M|
|poke|p2|Zapdos|
|poke|p2|Incineroar, F|
|poke|p2|Greninja-*, F|
|poke|p2|Raging Bolt|
|poke|p2|Scizor, M|
|poke|p2|Weezing-Galar, F|
|teampreview
|inactive|Battle timer is ON: inactive players will automatically lose when time's up. (requested by pokex265)
|inactive|jorgeviera has 120 seconds left.
|inactive|jorgeviera has 90 seconds left.
|
|t:|1758924981
|teamsize|p1|6
|teamsize|p2|6
|start
|switch|p1a: Dragapult|Dragapult, M|100/100
|switch|p2a: Weezing|Weezing-Galar, F|100/100
|turn|1
|
|t:|1758924992
|move|p1a: Dragapult|U-turn|p2a: Weezing
|-resisted|p2a: Weezing
|-damage|p2a: Weezing|97/100
|
|t:|1758925001
|switch|p1a: Corviknight|Corviknight, M|100/100|[from] U-turn
|move|p2a: Weezing|Strange Steam|p1a: Corviknight
|-resisted|p1a: Corviknight
|-damage|p1a: Corviknight|84/100
|
|-heal|p2a: Weezing|100/100|[from] item: Black Sludge
|upkeep
|turn|2
|
|t:|1758925011
|switch|p1a: Blissey|Blissey, F|100/100
|move|p2a: Weezing|Will-O-Wisp|p1a: Blissey
|-status|p1a: Blissey|brn
|
|-damage|p1a: Blissey|94/100 brn|[from] brn
|upkeep
|turn|3
|
|t:|1758925018
|switch|p2a: Zapdos|Zapdos|100/100
|move|p1a: Blissey|Stealth Rock|p2a: Zapdos
|-sidestart|p2: jorgeviera|move: Stealth Rock
|
|-heal|p1a: Blissey|100/100 brn|[from] item: Leftovers
|-damage|p1a: Blissey|94/100 brn|[from] brn
|upkeep
|turn|4
|
|t:|1758925023
|move|p2a: Zapdos|Substitute|p2a: Zapdos
|-start|p2a: Zapdos|Substitute
|-damage|p2a: Zapdos|75/100
|move|p1a: Blissey|Calm Mind|p1a: Blissey
|-boost|p1a: Blissey|spa|1
|-boost|p1a: Blissey|spd|1
|
|-heal|p2a: Zapdos|82/100|[from] item: Leftovers
|-heal|p1a: Blissey|100/100 brn|[from] item: Leftovers
|-damage|p1a: Blissey|94/100 brn|[from] brn
|upkeep
|turn|5
|
|t:|1758925039
|move|p2a: Zapdos|Thunderbolt|p1a: Blissey
|-damage|p1a: Blissey|84/100 brn
|move|p1a: Blissey|Calm Mind|p1a: Blissey
|-boost|p1a: Blissey|spa|1
|-boost|p1a: Blissey|spd|1
|
|-heal|p2a: Zapdos|88/100|[from] item: Leftovers
|-heal|p1a: Blissey|91/100 brn|[from] item: Leftovers
|-damage|p1a: Blissey|84/100 brn|[from] brn
|upkeep
|turn|6
|
|t:|1758925046
|move|p2a: Zapdos|Thunderbolt|p1a: Blissey
|-damage|p1a: Blissey|76/100 brn
|move|p1a: Blissey|Shadow Ball|p2a: Zapdos
|-end|p2a: Zapdos|Substitute
|
|-heal|p2a: Zapdos|94/100|[from] item: Leftovers
|-heal|p1a: Blissey|82/100 brn|[from] item: Leftovers
|-damage|p1a: Blissey|76/100 brn|[from] brn
|upkeep
|turn|7
|
|t:|1758925053
|switch|p2a: Incineroar|Incineroar, F|100/100
|-damage|p2a: Incineroar|76/100|[from] Stealth Rock
|-ability|p2a: Incineroar|Intimidate|boost
|-unboost|p1a: Blissey|atk|1
|move|p1a: Blissey|Shadow Ball|p2a: Incineroar
|-resisted|p2a: Incineroar
|-damage|p2a: Incineroar|65/100
|-unboost|p2a: Incineroar|spd|1
|
|-heal|p1a: Blissey|82/100 brn|[from] item: Leftovers
|-damage|p1a: Blissey|76/100 brn|[from] brn
|upkeep
|turn|8
|
|t:|1758925062
|-curestatus|p1a: Blissey|brn|[from] ability: Natural Cure
|switch|p1a: Hatterene|Hatterene, F|100/100
|move|p2a: Incineroar|Knock Off|p1a: Hatterene
|-damage|p1a: Hatterene|73/100
|-enditem|p1a: Hatterene|Leftovers|[from] move: Knock Off|[of] p2a: Incineroar
|
|upkeep
|turn|9
|
|t:|1758925068
|move|p2a: Incineroar|Snarl|p1a: Hatterene
|-damage|p1a: Hatterene|49/100
|-unboost|p1a: Hatterene|spa|1
|move|p1a: Hatterene|Calm Mind|p1a: Hatterene
|-boost|p1a: Hatterene|spa|1
|-boost|p1a: Hatterene|spd|1
|
|upkeep
|turn|10
|
|t:|1758925074
|move|p2a: Incineroar|Snarl|p1a: Hatterene
|-crit|p1a: Hatterene
|-damage|p1a: Hatterene|17/100
|-unboost|p1a: Hatterene|spa|1
|move|p1a: Hatterene|Draining Kiss|p2a: Incineroar
|-damage|p2a: Incineroar|49/100
|-heal|p1a: Hatterene|31/100|[from] drain|[of] p2a: Incineroar
|
|upkeep
|turn|11
|
|t:|1758925080
|switch|p1a: Great Tusk|Great Tusk|100/100
|move|p2a: Incineroar|Knock Off|p1a: Great Tusk
|-resisted|p1a: Great Tusk
|-damage|p1a: Great Tusk|88/100
|-enditem|p1a: Great Tusk|Assault Vest|[from] move: Knock Off|[of] p2a: Incineroar
|
|upkeep
|turn|12
|
|t:|1758925104
|switch|p2a: Weezing|Weezing-Galar, F|100/100
|-damage|p2a: Weezing|88/100|[from] Stealth Rock
|move|p1a: Great Tusk|Knock Off|p2a: Weezing
|-resisted|p2a: Weezing
|-damage|p2a: Weezing|75/100
|-enditem|p2a: Weezing|Black Sludge|[from] move: Knock Off|[of] p1a: Great Tusk
|
|upkeep
|turn|13
|
|t:|1758925119
|-end|p1a: Great Tusk|Protosynthesis|[silent]
|switch|p1a: Blissey|Blissey, F|76/100
|move|p2a: Weezing|Strange Steam|p1a: Blissey
|-damage|p1a: Blissey|66/100
|
|-heal|p1a: Blissey|72/100|[from] item: Leftovers
|upkeep
|turn|14
|
|t:|1758925125
|move|p2a: Weezing|Toxic|p1a: Blissey
|-status|p1a: Blissey|tox
|move|p1a: Blissey|Shadow Ball|p2a: Weezing
|-damage|p2a: Weezing|52/100
|
|-heal|p1a: Blissey|78/100 tox|[from] item: Leftovers
|-damage|p1a: Blissey|72/100 tox|[from] psn
|upkeep
|turn|15
|
|t:|1758925138
|switch|p2a: Scizor|Scizor, M|100/100
|-damage|p2a: Scizor|88/100|[from] Stealth Rock
|-curestatus|p1a: Blissey|tox|[from] ability: Natural Cure
|switch|p1a: Dragapult|Dragapult, M|100/100
|
|upkeep
|turn|16
|
|t:|1758925142
|move|p1a: Dragapult|U-turn|p2a: Scizor
|-resisted|p2a: Scizor
|-damage|p2a: Scizor|80/100
|
|t:|1758925145
|switch|p1a: Corviknight|Corviknight, M|84/100|[from] U-turn
|move|p2a: Scizor|Defog|p1a: Corviknight
|-ability|p1a: Corviknight|Mirror Armor
|-unboost|p2a: Scizor|evasion|1
|-sideend|p2: jorgeviera|Stealth Rock|[from] move: Defog|[of] p2a: Scizor
|
|upkeep
|turn|17
|
|t:|1758925150
|switch|p2a: Incineroar|Incineroar, F|49/100
|-ability|p2a: Incineroar|Intimidate|boost
|-ability|p1a: Corviknight|Mirror Armor
|-unboost|p2a: Incineroar|atk|1
|move|p1a: Corviknight|Body Press|p2a: Incineroar
|-supereffective|p2a: Incineroar
|-damage|p2a: Incineroar|2/100
|
|upkeep
|turn|18
|
|t:|1758925155
|move|p1a: Corviknight|Roost|p1a: Corviknight
|-heal|p1a: Corviknight|100/100
|-singleturn|p1a: Corviknight|move: Roost
|move|p2a: Incineroar|Flamethrower|p1a: Corviknight
|-supereffective|p1a: Corviknight
|-damage|p1a: Corviknight|30/100
|-status|p1a: Corviknight|brn
|
|-damage|p1a: Corviknight|24/100 brn|[from] brn
|upkeep
|turn|19
|
|t:|1758925163
|switch|p1a: Dragapult|Dragapult, M|100/100
|switch|p2a: Zapdos|Zapdos|94/100
|
|-heal|p2a: Zapdos|100/100|[from] item: Leftovers
|upkeep
|turn|20
|
|t:|1758925172
|-terastallize|p1a: Dragapult|Ghost
|move|p1a: Dragapult|Shadow Ball|p2a: Zapdos
|-damage|p2a: Zapdos|37/100
|move|p2a: Zapdos|Thunderbolt|p1a: Dragapult
|-damage|p1a: Dragapult|30/100
|
|-heal|p2a: Zapdos|44/100|[from] item: Leftovers
|upkeep
|turn|21
|
|t:|1758925179
|move|p1a: Dragapult|Shadow Ball|p2a: Zapdos
|-damage|p2a: Zapdos|0 fnt
|faint|p2a: Zapdos
|
|upkeep
|
|t:|1758925188
|switch|p2a: Greninja|Greninja, F|100/100
|turn|22
|
|t:|1758925191
|switch|p1a: Blissey|Blissey, F|72/100
|move|p2a: Greninja|Surf|p1a: Blissey
|-start|p2a: Greninja|typechange|Water|[from] ability: Protean
|-damage|p1a: Blissey|57/100
|-damage|p2a: Greninja|91/100|[from] item: Life Orb
|
|-heal|p1a: Blissey|63/100|[from] item: Leftovers
|upkeep
|turn|23
|
|t:|1758925198
|switch|p2a: Scizor|Scizor, M|80/100
|move|p1a: Blissey|Stealth Rock|p2a: Scizor
|-sidestart|p2: jorgeviera|move: Stealth Rock
|
|-heal|p1a: Blissey|70/100|[from] item: Leftovers
|upkeep
|turn|24
|
|t:|1758925203
|switch|p1a: Corviknight|Corviknight, M|24/100 brn
|move|p2a: Scizor|Defog|p1a: Corviknight
|-ability|p1a: Corviknight|Mirror Armor
|-unboost|p2a: Scizor|evasion|1
|-sideend|p2: jorgeviera|Stealth Rock|[from] move: Defog|[of] p2a: Scizor
|
|-damage|p1a: Corviknight|18/100 brn|[from] brn
|upkeep
|turn|25
|
|t:|1758925214
|switch|p2a: Incineroar|Incineroar, F|2/100
|-ability|p2a: Incineroar|Intimidate|boost
|-ability|p1a: Corviknight|Mirror Armor
|-unboost|p2a: Incineroar|atk|1
|move|p1a: Corviknight|Roost|p1a: Corviknight
|-heal|p1a: Corviknight|68/100 brn
|-singleturn|p1a: Corviknight|move: Roost
|
|-damage|p1a: Corviknight|61/100 brn|[from] brn
|upkeep
|turn|26
|
|t:|1758925217
|switch|p1a: Feraligatr|Feraligatr, M|100/100
|move|p2a: Incineroar|Knock Off|p1a: Feraligatr
|-damage|p1a: Feraligatr|77/100
|-enditem|p1a: Feraligatr|Life Orb|[from] move: Knock Off|[of] p2a: Incineroar
|
|upkeep
|turn|27
|
|t:|1758925228
|switch|p2a: Weezing|Weezing-Galar, F|52/100
|move|p1a: Feraligatr|Aqua Jet|p2a: Weezing
|-damage|p2a: Weezing|36/100
|
|upkeep
|turn|28
|
|t:|1758925237
|move|p1a: Feraligatr|Liquidation|p2a: Weezing
|-damage|p2a: Weezing|0 fnt
|faint|p2a: Weezing
|
|upkeep
|
|t:|1758925246
|switch|p2a: Raging Bolt|Raging Bolt|100/100
|-enditem|p2a: Raging Bolt|Booster Energy
|-activate|p2a: Raging Bolt|ability: Protosynthesis|[fromitem]
|-start|p2a: Raging Bolt|protosynthesisspa
|turn|29
|
|t:|1758925253
|move|p1a: Feraligatr|Ice Punch|p2a: Raging Bolt
|-supereffective|p2a: Raging Bolt
|-damage|p2a: Raging Bolt|56/100
|move|p2a: Raging Bolt|Calm Mind|p2a: Raging Bolt
|-boost|p2a: Raging Bolt|spa|1
|-boost|p2a: Raging Bolt|spd|1
|
|upkeep
|turn|30
|
|t:|1758925261
|switch|p1a: Great Tusk|Great Tusk|88/100
|move|p2a: Raging Bolt|Thunderclap||[still]
|-fail|p2a: Raging Bolt
|
|upkeep
|turn|31
|
|t:|1758925265
|-end|p2a: Raging Bolt|Protosynthesis|[silent]
|switch|p2a: Incineroar|Incineroar, F|2/100
|-ability|p2a: Incineroar|Intimidate|boost
|-unboost|p1a: Great Tusk|atk|1
|move|p1a: Great Tusk|Headlong Rush|p2a: Incineroar
|-supereffective|p2a: Incineroar
|-damage|p2a: Incineroar|0 fnt
|-unboost|p1a: Great Tusk|def|1
|-unboost|p1a: Great Tusk|spd|1
|faint|p2a: Incineroar
|
|upkeep
|
|t:|1758925270
|switch|p2a: Scizor|Scizor, M|80/100
|turn|32
|
|t:|1758925272
|-end|p1a: Great Tusk|Protosynthesis|[silent]
|switch|p1a: Corviknight|Corviknight, M|61/100 brn
|move|p2a: Scizor|Swords Dance|p2a: Scizor
|-boost|p2a: Scizor|atk|2
|
|-damage|p1a: Corviknight|55/100 brn|[from] brn
|upkeep
|turn|33
|
|t:|1758925279
|move|p1a: Corviknight|Roost|p1a: Corviknight
|-heal|p1a: Corviknight|100/100 brn
|-singleturn|p1a: Corviknight|move: Roost
|move|p2a: Scizor|Swords Dance|p2a: Scizor
|-boost|p2a: Scizor|atk|2
|
|-damage|p1a: Corviknight|94/100 brn|[from] brn
|upkeep
|turn|34
|
|t:|1758925284
|move|p1a: Corviknight|Bulk Up|p1a: Corviknight
|-boost|p1a: Corviknight|atk|1
|-boost|p1a: Corviknight|def|1
|move|p2a: Scizor|Bug Bite|p1a: Corviknight
|-resisted|p1a: Corviknight
|-damage|p1a: Corviknight|79/100 brn
|-damage|p2a: Scizor|63/100|[from] item: Rocky Helmet|[of] p1a: Corviknight
|
|-damage|p1a: Corviknight|73/100 brn|[from] brn
|upkeep
|turn|35
|
|t:|1758925289
|switch|p2a: Raging Bolt|Raging Bolt|56/100
|move|p1a: Corviknight|Bulk Up|p1a: Corviknight
|-boost|p1a: Corviknight|atk|1
|-boost|p1a: Corviknight|def|1
|
|-damage|p1a: Corviknight|67/100 brn|[from] brn
|upkeep
|turn|36
|
|t:|1758925294
|switch|p1a: Feraligatr|Feraligatr, M|77/100
|move|p2a: Raging Bolt|Dragon Pulse|p1a: Feraligatr
|-damage|p1a: Feraligatr|14/100
|
|upkeep
|turn|37
|
|t:|1758925298
|move|p1a: Feraligatr|Ice Punch|p2a: Raging Bolt
|-supereffective|p2a: Raging Bolt
|-damage|p2a: Raging Bolt|11/100
|move|p2a: Raging Bolt|Dragon Pulse|p1a: Feraligatr
|-damage|p1a: Feraligatr|0 fnt
|faint|p1a: Feraligatr
|
|upkeep
|
|t:|1758925302
|switch|p1a: Great Tusk|Great Tusk|88/100
|turn|38
|
|t:|1758925304
|move|p1a: Great Tusk|Headlong Rush|p2a: Raging Bolt
|-supereffective|p2a: Raging Bolt
|-damage|p2a: Raging Bolt|0 fnt
|-unboost|p1a: Great Tusk|def|1
|-unboost|p1a: Great Tusk|spd|1
|faint|p2a: Raging Bolt
|-end|p2a: Raging Bolt|Protosynthesis|[silent]
|
|upkeep
|
|t:|1758925312
|switch|p2a: Greninja|Greninja, F|91/100
|turn|39
|
|t:|1758925316
|-end|p1a: Great Tusk|Protosynthesis|[silent]
|switch|p1a: Blissey|Blissey, F|70/100
|move|p2a: Greninja|Surf|p1a: Blissey
|-start|p2a: Greninja|typechange|Water|[from] ability: Protean
|-damage|p1a: Blissey|54/100
|-damage|p2a: Greninja|81/100|[from] item: Life Orb
|
|-heal|p1a: Blissey|60/100|[from] item: Leftovers
|upkeep
|turn|40
|
|t:|1758925318
|switch|p2a: Scizor|Scizor, M|63/100
|move|p1a: Blissey|Stealth Rock|p2a: Scizor
|-sidestart|p2: jorgeviera|move: Stealth Rock
|
|-heal|p1a: Blissey|66/100|[from] item: Leftovers
|upkeep
|turn|41
|
|t:|1758925321
|switch|p1a: Corviknight|Corviknight, M|67/100 brn
|move|p2a: Scizor|Defog|p1a: Corviknight
|-ability|p1a: Corviknight|Mirror Armor
|-unboost|p2a: Scizor|evasion|1
|-sideend|p2: jorgeviera|Stealth Rock|[from] move: Defog|[of] p2a: Scizor
|
|-damage|p1a: Corviknight|61/100 brn|[from] brn
|upkeep
|turn|42
|
|t:|1758925324
|switch|p2a: Greninja|Greninja, F|81/100
|move|p1a: Corviknight|Body Press|p2a: Greninja
|-supereffective|p2a: Greninja
|-damage|p2a: Greninja|41/100
|
|-damage|p1a: Corviknight|54/100 brn|[from] brn
|upkeep
|turn|43
|
|t:|1758925335
|switch|p1a: Blissey|Blissey, F|66/100
|move|p2a: Greninja|Surf|p1a: Blissey
|-start|p2a: Greninja|typechange|Water|[from] ability: Protean
|-damage|p1a: Blissey|52/100
|-damage|p2a: Greninja|31/100|[from] item: Life Orb
|
|-heal|p1a: Blissey|58/100|[from] item: Leftovers
|upkeep
|turn|44
|
|t:|1758925347
|switch|p2a: Scizor|Scizor, M|63/100
|move|p1a: Blissey|Shadow Ball|p2a: Scizor
|-damage|p2a: Scizor|41/100
|
|-heal|p1a: Blissey|64/100|[from] item: Leftovers
|upkeep
|turn|45
|
|t:|1758925349
|switch|p1a: Corviknight|Corviknight, M|54/100 brn
|move|p2a: Scizor|Bullet Punch|p1a: Corviknight
|-resisted|p1a: Corviknight
|-damage|p1a: Corviknight|44/100 brn
|-damage|p2a: Scizor|25/100|[from] item: Rocky Helmet|[of] p1a: Corviknight
|
|-damage|p1a: Corviknight|37/100 brn|[from] brn
|upkeep
|turn|46
|
|t:|1758925351
|move|p2a: Scizor|Bullet Punch|p1a: Corviknight
|-resisted|p1a: Corviknight
|-damage|p1a: Corviknight|27/100 brn
|-damage|p2a: Scizor|8/100|[from] item: Rocky Helmet|[of] p1a: Corviknight
|move|p1a: Corviknight|Roost|p1a: Corviknight
|-heal|p1a: Corviknight|77/100 brn
|-singleturn|p1a: Corviknight|move: Roost
|
|-damage|p1a: Corviknight|71/100 brn|[from] brn
|upkeep
|turn|47
|
|t:|1758925356
|move|p2a: Scizor|Bullet Punch|p1a: Corviknight
|-resisted|p1a: Corviknight
|-damage|p1a: Corviknight|60/100 brn
|-damage|p2a: Scizor|0 fnt|[from] item: Rocky Helmet|[of] p1a: Corviknight
|faint|p2a: Scizor
|move|p1a: Corviknight|Body Press|p2: Scizor|[notarget]
|-fail|p1a: Corviknight
|
|-damage|p1a: Corviknight|53/100 brn|[from] brn
|upkeep
|-message|jorgeviera forfeited.
|
|win|pokex265
|raw|pokex265's rating: 1299 &rarr; <strong>1326</strong><br />(+27 for winning)
|raw|jorgeviera's rating: 1322 &rarr; <strong>1301</strong><br />(-21 for losing)
|l|☆jorgeviera
|player|p2|
