|j|☆SML Shrek
|j|☆ii el bunneh ii
|t:|1759059213
|gametype|singles
|player|p1|SML Shrek|hiker-gen4|1429
|player|p2|ii el bunneh ii|170|1345
|gen|9
|tier|[Gen 9] OU
|rated|
|rule|HP Percentage Mod: HP is shown in percentages
|rule|Endless Battle Clause: Forcing endless battles is banned
|rule|Species Clause: Limit one of each Pokémon
|rule|OHKO Clause: OHKO moves are banned
|rule|Evasion Items Clause: Evasion items are banned
|rule|Evasion Moves Clause: Evasion moves are banned
|rule|Evasion Abilities Clause: Evasion abilities are banned
|rule|Sleep Moves Clause: Sleep-inducing moves are banned
|clearpoke
|poke|p1|Ribombee, F|
|poke|p1|Cinderace, F|
|poke|p1|Great Tusk|
|poke|p1|Ting-Lu|
|poke|p1|Gholdengo|
|poke|p1|Sinistcha-Masterpiece|
|poke|p2|Kyurem|
|poke|p2|Mew|
|poke|p2|Dragapult, F|
|poke|p2|Polteageist|
|poke|p2|Magcargo, M|
|poke|p2|Latias, F|
|teampreview
|inactive|Battle timer is ON: inactive players will automatically lose when time's up. (requested by SML Shrek)
|
|t:|1759059224
|teamsize|p1|6
|teamsize|p2|6
|start
|switch|p1a: Ribombee|Ribombee, F, shiny|100/100
|switch|p2a: Mew|Mew, shiny|100/100
|turn|1
|
|t:|1759059229
|move|p1a: Ribombee|Sticky Web|p2a: Mew
|-sidestart|p2: ii el bunneh ii|move: Sticky Web
|move|p2a: Mew|Dragon Dance|p2a: Mew
|-boost|p2a: Mew|atk|1
|-boost|p2a: Mew|spe|1
|
|upkeep
|turn|2
|
|t:|1759059236
|move|p2a: Mew|Icicle Spear|p1a: Ribombee
|-damage|p1a: Ribombee|83/100
|-damage|p1a: Ribombee|63/100
|-damage|p1a: Ribombee|45/100
|-crit|p1a: Ribombee
|-damage|p1a: Ribombee|17/100
|-hitcount|p1a: Ribombee|4
|move|p1a: Ribombee|Stun Spore|p2a: Mew
|-status|p2a: Mew|par
|-activate|p2a: Mew|ability: Synchronize
|-status|p1a: Ribombee|par
|
|upkeep
|turn|3
|
|t:|1759059247
|move|p2a: Mew|Icicle Spear|p1a: Ribombee
|-damage|p1a: Ribombee|0 fnt
|faint|p1a: Ribombee
|-hitcount|p1: Ribombee|1
|
|upkeep
|
|t:|1759059252
|switch|p1a: Ting-Lu|Ting-Lu|100/100
|-ability|p1a: Ting-Lu|Vessel of Ruin
|turn|4
|
|t:|1759059258
|-terastallize|p1a: Ting-Lu|Ghost
|move|p2a: Mew|Icicle Spear|p1a: Ting-Lu
|-damage|p1a: Ting-Lu|93/100
|-damage|p1a: Ting-Lu|87/100
|-damage|p1a: Ting-Lu|80/100
|-damage|p1a: Ting-Lu|74/100
|-damage|p1a: Ting-Lu|68/100
|-hitcount|p1a: Ting-Lu|5
|move|p1a: Ting-Lu|Whirlwind|p2a: Mew
|drag|p2a: Polteageist|Polteageist, shiny|100/100
|-activate|p2a: Polteageist|move: Sticky Web
|-unboost|p2a: Polteageist|spe|1
|
|-heal|p1a: Ting-Lu|74/100|[from] item: Leftovers
|upkeep
|turn|5
|
|t:|1759059271
|move|p2a: Polteageist|Shell Smash|p2a: Polteageist
|-unboost|p2a: Polteageist|def|1
|-unboost|p2a: Polteageist|spd|1
|-boost|p2a: Polteageist|atk|2
|-boost|p2a: Polteageist|spa|2
|-boost|p2a: Polteageist|spe|2
|move|p1a: Ting-Lu|Stealth Rock|p2a: Polteageist
|-sidestart|p2: ii el bunneh ii|move: Stealth Rock
|
|-heal|p1a: Ting-Lu|80/100|[from] item: Leftovers
|upkeep
|turn|6
|
|t:|1759059280
|move|p2a: Polteageist|Shadow Ball|p1a: Ting-Lu
|-supereffective|p1a: Ting-Lu
|-damage|p1a: Ting-Lu|8/100
|move|p1a: Ting-Lu|Whirlwind|p2a: Polteageist
|drag|p2a: Latias|Latias, F, shiny|100/100
|-damage|p2a: Latias|88/100|[from] Stealth Rock
|
|-heal|p1a: Ting-Lu|14/100|[from] item: Leftovers
|upkeep
|turn|7
|inactive|SML Shrek has 120 seconds left.
|
|t:|1759059315
|move|p2a: Latias|Draining Kiss|p1a: Ting-Lu
|-damage|p1a: Ting-Lu|9/100
|-heal|p2a: Latias|93/100|[from] drain|[of] p1a: Ting-Lu
|move|p1a: Ting-Lu|Spikes|p2a: Latias
|-sidestart|p2: ii el bunneh ii|Spikes
|
|-heal|p1a: Ting-Lu|15/100|[from] item: Leftovers
|upkeep
|turn|8
|
|t:|1759059321
|move|p2a: Latias|Calm Mind|p2a: Latias
|-boost|p2a: Latias|spa|1
|-boost|p2a: Latias|spd|1
|move|p1a: Ting-Lu|Spikes|p2a: Latias
|-sidestart|p2: ii el bunneh ii|Spikes
|
|-heal|p1a: Ting-Lu|21/100|[from] item: Leftovers
|upkeep
|turn|9
|
|t:|1759059343
|move|p2a: Latias|Stored Power|p1a: Ting-Lu
|-damage|p1a: Ting-Lu|7/100
|move|p1a: Ting-Lu|Spikes|p2a: Latias
|-sidestart|p2: ii el bunneh ii|Spikes
|
|-heal|p1a: Ting-Lu|13/100|[from] item: Leftovers
|upkeep
|turn|10
|
|t:|1759059349
|move|p2a: Latias|Stored Power|p1a: Ting-Lu
|-damage|p1a: Ting-Lu|0 fnt
|faint|p1a: Ting-Lu
|
|upkeep
|
|t:|1759059358
|switch|p1a: Gholdengo|Gholdengo|100/100
|-item|p1a: Gholdengo|Air Balloon
|turn|11
|
|t:|1759059364
|move|p1a: Gholdengo|Thunder Wave|p2a: Latias
|-status|p2a: Latias|par
|move|p2a: Latias|Calm Mind|p2a: Latias
|-boost|p2a: Latias|spa|1
|-boost|p2a: Latias|spd|1
|
|upkeep
|turn|12
|
|t:|1759059370
|move|p1a: Gholdengo|Nasty Plot|p1a: Gholdengo
|-boost|p1a: Gholdengo|spa|2
|cant|p2a: Latias|par
|
|upkeep
|turn|13
|
|t:|1759059375
|move|p1a: Gholdengo|Shadow Ball|p2a: Latias
|-supereffective|p2a: Latias
|-damage|p2a: Latias|25/100 par
|-unboost|p2a: Latias|spd|1
|-enditem|p2a: Latias|Weakness Policy
|-boost|p2a: Latias|atk|2|[from] item: Weakness Policy
|-boost|p2a: Latias|spa|2|[from] item: Weakness Policy
|cant|p2a: Latias|par
|
|upkeep
|turn|14
|
|t:|1759059383
|move|p1a: Gholdengo|Shadow Ball|p2a: Latias
|-supereffective|p2a: Latias
|-damage|p2a: Latias|0 fnt
|faint|p2a: Latias
|
|upkeep
|
|t:|1759059395
|switch|p2a: Dragapult|Dragapult, F, shiny|100/100
|turn|15
|
|t:|1759059399
|-terastallize|p2a: Dragapult|Ghost
|move|p2a: Dragapult|Tera Blast|p1a: Gholdengo|[anim] Tera Blast Ghost
|-supereffective|p1a: Gholdengo
|-damage|p1a: Gholdengo|0 fnt
|-enditem|p1a: Gholdengo|Air Balloon
|faint|p1a: Gholdengo
|
|upkeep
|
|t:|1759059407
|switch|p1a: Great Tusk|Great Tusk|100/100
|turn|16
|
|t:|1759059412
|switch|p2a: Mew|Mew, shiny|100/100 par
|-activate|p2a: Mew|move: Sticky Web
|-unboost|p2a: Mew|spe|1
|-damage|p2a: Mew|88/100 par|[from] Stealth Rock
|-damage|p2a: Mew|63/100 par|[from] Spikes
|move|p1a: Great Tusk|Knock Off|p2a: Mew
|-supereffective|p2a: Mew
|-damage|p2a: Mew|0 fnt
|-enditem|p2a: Mew|Loaded Dice|[from] move: Knock Off|[of] p1a: Great Tusk
|faint|p2a: Mew
|
|upkeep
|
|t:|1759059420
|switch|p2a: Kyurem|Kyurem|100/100
|-activate|p2a: Kyurem|move: Sticky Web
|-unboost|p2a: Kyurem|spe|1
|-damage|p2a: Kyurem|76/100|[from] Stealth Rock
|-damage|p2a: Kyurem|51/100|[from] Spikes
|-ability|p2a: Kyurem|Pressure
|turn|17
|
|t:|1759059428
|move|p1a: Great Tusk|Headlong Rush|p2a: Kyurem
|-damage|p2a: Kyurem|0 fnt
|-unboost|p1a: Great Tusk|def|1
|-unboost|p1a: Great Tusk|spd|1
|faint|p2a: Kyurem
|
|upkeep
|
|t:|1759059438
|switch|p2a: Magcargo|Magcargo, M, shiny|100/100
|-activate|p2a: Magcargo|move: Sticky Web
|-unboost|p2a: Magcargo|spe|1
|-damage|p2a: Magcargo|76/100|[from] Stealth Rock
|-damage|p2a: Magcargo|51/100|[from] Spikes
|turn|18
|
|t:|1759059445
|move|p1a: Great Tusk|Headlong Rush|p2a: Magcargo
|-supereffective|p2a: Magcargo
|-damage|p2a: Magcargo|0 fnt
|-unboost|p1a: Great Tusk|def|1
|-unboost|p1a: Great Tusk|spd|1
|faint|p2a: Magcargo
|
|upkeep
|
|t:|1759059446
|switch|p2a: Dragapult|Dragapult, F, shiny, tera:Ghost|100/100
|turn|19
|
|t:|1759059454
|-end|p1a: Great Tusk|Protosynthesis|[silent]
|switch|p1a: Sinistcha|Sinistcha-Masterpiece|100/100
|move|p2a: Dragapult|Dragon Dance|p2a: Dragapult
|-boost|p2a: Dragapult|atk|1
|-boost|p2a: Dragapult|spe|1
|
|upkeep
|turn|20
|
|t:|1759059462
|move|p2a: Dragapult|Tera Blast|p1a: Sinistcha|[anim] Tera Blast Ghost
|-supereffective|p1a: Sinistcha
|-damage|p1a: Sinistcha|0 fnt
|faint|p1a: Sinistcha
|
|upkeep
|
|t:|1759059467
|switch|p1a: Cinderace|Cinderace, F|100/100
|turn|21
|
|t:|1759059474
|move|p1a: Cinderace|Sucker Punch|p2a: Dragapult
|-start|p1a: Cinderace|typechange|Dark|[from] ability: Libero
|-supereffective|p2a: Dragapult
|-damage|p2a: Dragapult|0 fnt
|faint|p2a: Dragapult
|
|upkeep
|
|t:|1759059477
|switch|p2a: Polteageist|Polteageist, shiny|100/100
|-activate|p2a: Polteageist|move: Sticky Web
|-unboost|p2a: Polteageist|spe|1
|-damage|p2a: Polteageist|88/100|[from] Stealth Rock
|-damage|p2a: Polteageist|63/100|[from] Spikes
|turn|22
|
|t:|1759059486
|move|p1a: Cinderace|Pyro Ball|p2a: Polteageist
|-damage|p2a: Polteageist|0 fnt
|faint|p2a: Polteageist
|
|win|SML Shrek
|raw|SML Shrek's rating: 1429 &rarr; <strong>1444</strong><br />(+15 for winning)
|raw|ii el bunneh ii's rating: 1345 &rarr; <strong>1330</strong><br />(-15 for losing)
|l|☆ii el bunneh ii
|player|p2|
|l|☆SML Shrek
|player|p1|
