|j|☆Fairytale22244!
|j|☆O YAGO
|t:|1758996964
|gametype|singles
|player|p1|Fairytale22244!|265|1053
|player|p2|O YAGO|blackbelt-gen4dp|1113
|gen|9
|tier|[Gen 9] OU
|rated|
|rule|HP Percentage Mod: HP is shown in percentages
|rule|Endless Battle Clause: Forcing endless battles is banned
|rule|Species Clause: Limit one of each Pokémon
|rule|OHKO Clause: OHKO moves are banned
|rule|Evasion Items Clause: Evasion items are banned
|rule|Evasion Moves Clause: Evasion moves are banned
|rule|Evasion Abilities Clause: Evasion abilities are banned
|rule|Sleep Moves Clause: Sleep-inducing moves are banned
|clearpoke
|poke|p1|Golduck, M|
|poke|p1|Gardevoir, F|
|poke|p1|Weezing-Galar, F|
|poke|p1|Swalot, M|
|poke|p1|Vivillon-Icy Snow, F|
|poke|p1|Vikavolt, F|
|poke|p2|Raichu, M|
|poke|p2|Zapdos-Galar|
|poke|p2|Garchomp, M|
|poke|p2|Decidueye, M|
|poke|p2|Florges, F|
|poke|p2|Scrafty, M|
|teampreview
|
|t:|1758996981
|teamsize|p1|6
|teamsize|p2|6
|start
|switch|p1a: Vikavolt|Vikavolt, F|100/100
|switch|p2a: Garchomp|Garchomp, M|100/100
|turn|1
|
|t:|1758996992
|-terastallize|p2a: Garchomp|Rock
|move|p2a: Garchomp|Stone Edge|p1a: Vikavolt
|-supereffective|p1a: Vikavolt
|-enditem|p1a: Vikavolt|Focus Sash
|-damage|p1a: Vikavolt|1/100
|-damage|p2a: Garchomp|91/100|[from] item: Life Orb
|move|p1a: Vikavolt|Sticky Web|p2a: Garchomp
|-sidestart|p2: O YAGO|move: Sticky Web
|
|upkeep
|turn|2
|
|t:|1758997005
|move|p2a: Garchomp|Stealth Rock|p1a: Vikavolt
|-sidestart|p1: Fairytale22244!|move: Stealth Rock
|move|p1a: Vikavolt|Discharge|p2a: Garchomp
|-damage|p2a: Garchomp|37/100
|
|upkeep
|turn|3
|
|t:|1758997011
|move|p2a: Garchomp|Dragon Claw|p1a: Vikavolt
|-damage|p1a: Vikavolt|0 fnt
|faint|p1a: Vikavolt
|-damage|p2a: Garchomp|27/100|[from] item: Life Orb
|
|upkeep
|
|t:|1758997017
|switch|p1a: Golduck|Golduck, M|100/100
|-damage|p1a: Golduck|88/100|[from] Stealth Rock
|-ability|p1a: Golduck|Cloud Nine
|turn|4
|
|t:|1758997028
|switch|p2a: Raichu|Raichu, M|100/100
|-activate|p2a: Raichu|move: Sticky Web
|-unboost|p2a: Raichu|spe|1
|move|p1a: Golduck|Simple Beam|p2a: Raichu
|-ability|p2a: Raichu|Simple|Lightning Rod|[from] move: Simple Beam
|
|upkeep
|turn|5
|
|t:|1758997040
|move|p2a: Raichu|Fake Out|p1a: Golduck
|-damage|p1a: Golduck|77/100
|-enditem|p1a: Golduck|Red Card|[of] p2a: Raichu
|drag|p2a: Decidueye|Decidueye, M|100/100
|-activate|p2a: Decidueye|move: Sticky Web
|-unboost|p2a: Decidueye|spe|1
|cant|p1a: Golduck|flinch
|
|upkeep
|turn|6
|
|t:|1758997048
|move|p1a: Golduck|Simple Beam|p2a: Decidueye
|-ability|p2a: Decidueye|Simple|Overgrow|[from] move: Simple Beam
|move|p2a: Decidueye|Leaf Blade|p1a: Golduck
|-supereffective|p1a: Golduck
|-damage|p1a: Golduck|0 fnt
|faint|p1a: Golduck
|
|upkeep
|
|t:|1758997054
|switch|p1a: Gardevoir|Gardevoir, F|100/100
|-damage|p1a: Gardevoir|88/100|[from] Stealth Rock
|-ability|p1a: Gardevoir|Simple|Trace|[from] ability: Trace|[of] p2a: Decidueye
|turn|7
|inactive|Battle timer is ON: inactive players will automatically lose when time's up. (requested by Fairytale22244!)
|
|t:|1758997074
|-terastallize|p1a: Gardevoir|Fairy
|move|p1a: Gardevoir|Calm Mind|p1a: Gardevoir
|-boost|p1a: Gardevoir|spa|2
|-boost|p1a: Gardevoir|spd|2
|move|p2a: Decidueye|Curse|p1a: Gardevoir
|-start|p1a: Gardevoir|Curse|[of] p2a: Decidueye
|-damage|p2a: Decidueye|50/100
|
|-heal|p2a: Decidueye|57/100|[from] item: Leftovers
|-damage|p1a: Gardevoir|63/100|[from] Curse
|upkeep
|turn|8
|
|t:|1758997085
|move|p2a: Decidueye|Shadow Sneak|p1a: Gardevoir
|-damage|p1a: Gardevoir|40/100
|move|p1a: Gardevoir|Draining Kiss|p2a: Decidueye
|-crit|p2a: Decidueye
|-damage|p2a: Decidueye|0 fnt
|-heal|p1a: Gardevoir|95/100|[from] drain|[of] p2a: Decidueye
|faint|p2a: Decidueye
|
|-damage|p1a: Gardevoir|70/100|[from] Curse
|upkeep
|
|t:|1758997094
|switch|p2a: Raichu|Raichu, M|100/100
|-activate|p2a: Raichu|move: Sticky Web
|-unboost|p2a: Raichu|spe|1
|turn|9
|
|t:|1758997099
|move|p2a: Raichu|Fake Out|p1a: Gardevoir
|-damage|p1a: Gardevoir|58/100
|cant|p1a: Gardevoir|flinch
|
|-damage|p1a: Gardevoir|33/100|[from] Curse
|upkeep
|turn|10
|
|t:|1758997105
|move|p2a: Raichu|Protect|p2a: Raichu
|-singleturn|p2a: Raichu|Protect
|move|p1a: Gardevoir|Draining Kiss|p2a: Raichu
|-activate|p2a: Raichu|move: Protect
|
|-damage|p1a: Gardevoir|8/100|[from] Curse
|upkeep
|-enditem|p1a: Gardevoir|Starf Berry|[eat]
|-boost|p1a: Gardevoir|atk|4|[from] item: Starf Berry
|turn|11
|
|t:|1758997121
|switch|p2a: Florges|Florges, F|100/100
|-activate|p2a: Florges|move: Sticky Web
|-unboost|p2a: Florges|spe|1
|move|p1a: Gardevoir|Draining Kiss|p2a: Florges
|-damage|p2a: Florges|50/100
|-heal|p1a: Gardevoir|58/100|[from] drain|[of] p2a: Florges
|
|-heal|p2a: Florges|56/100|[from] item: Leftovers
|-damage|p1a: Gardevoir|33/100|[from] Curse
|upkeep
|turn|12
|
|t:|1758997136
|move|p1a: Gardevoir|Draining Kiss|p2a: Florges
|-damage|p2a: Florges|0 fnt
|-heal|p1a: Gardevoir|87/100|[from] drain|[of] p2a: Florges
|faint|p2a: Florges
|
|-damage|p1a: Gardevoir|62/100|[from] Curse
|upkeep
|
|t:|1758997143
|switch|p2a: Zapdos|Zapdos-Galar|100/100
|turn|13
|
|t:|1758997153
|move|p2a: Zapdos|Knock Off|p1a: Gardevoir
|-resisted|p1a: Gardevoir
|-damage|p1a: Gardevoir|40/100
|-damage|p2a: Zapdos|91/100|[from] item: Life Orb
|move|p1a: Gardevoir|Draining Kiss|p2a: Zapdos
|-supereffective|p2a: Zapdos
|-damage|p2a: Zapdos|0 fnt
|-heal|p1a: Gardevoir|100/100|[from] drain|[of] p2a: Zapdos
|faint|p2a: Zapdos
|
|-damage|p1a: Gardevoir|76/100|[from] Curse
|upkeep
|
|t:|1758997164
|switch|p2a: Raichu|Raichu, M|100/100
|-activate|p2a: Raichu|move: Sticky Web
|-unboost|p2a: Raichu|spe|1
|turn|14
|
|t:|1758997168
|move|p2a: Raichu|Fake Out|p1a: Gardevoir
|-damage|p1a: Gardevoir|64/100
|cant|p1a: Gardevoir|flinch
|
|-damage|p1a: Gardevoir|39/100|[from] Curse
|upkeep
|turn|15
|
|t:|1758997175
|move|p2a: Raichu|Protect|p2a: Raichu
|-singleturn|p2a: Raichu|Protect
|move|p1a: Gardevoir|Calm Mind|p1a: Gardevoir
|-boost|p1a: Gardevoir|spa|2
|-boost|p1a: Gardevoir|spd|2
|
|-damage|p1a: Gardevoir|15/100|[from] Curse
|upkeep
|turn|16
|
|t:|1758997182
|move|p1a: Gardevoir|Draining Kiss|p2a: Raichu
|-damage|p2a: Raichu|0 fnt
|-heal|p1a: Gardevoir|100/100|[from] drain|[of] p2a: Raichu
|faint|p2a: Raichu
|
|-damage|p1a: Gardevoir|76/100|[from] Curse
|upkeep
|
|t:|1758997188
|switch|p2a: Scrafty|Scrafty, M|100/100
|-activate|p2a: Scrafty|move: Sticky Web
|-unboost|p2a: Scrafty|spe|1
|turn|17
|
|t:|1758997193
|move|p1a: Gardevoir|Draining Kiss|p2a: Scrafty
|-supereffective|p2a: Scrafty
|-damage|p2a: Scrafty|0 fnt
|-heal|p1a: Gardevoir|100/100|[from] drain|[of] p2a: Scrafty
|faint|p2a: Scrafty
|
|-damage|p1a: Gardevoir|76/100|[from] Curse
|upkeep
|
|t:|1758997200
|switch|p2a: Garchomp|Garchomp, M, tera:Rock|27/100
|-activate|p2a: Garchomp|move: Sticky Web
|-unboost|p2a: Garchomp|spe|1
|turn|18
|
|t:|1758997204
|move|p1a: Gardevoir|Stored Power|p2a: Garchomp
|-damage|p2a: Garchomp|0 fnt
|faint|p2a: Garchomp
|
|win|Fairytale22244!
|raw|Fairytale22244!'s rating: 1053 &rarr; <strong>1091</strong><br />(+38 for winning)
|raw|O YAGO's rating: 1113 &rarr; <strong>1084</strong><br />(-29 for losing)
|l|☆O YAGO
|player|p2|
|l|☆Fairytale22244!
|player|p1|
