|j|☆Moringa_Powder922
|j|☆victory 4 u
|t:|1759058946
|gametype|singles
|player|p1|Moringa_Powder922|backpacker|1091
|player|p2|victory 4 u|102|1133
|gen|9
|tier|[Gen 9] OU
|rated|
|rule|HP Percentage Mod: HP is shown in percentages
|rule|Endless Battle Clause: Forcing endless battles is banned
|rule|Species Clause: Limit one of each Pokémon
|rule|OHKO Clause: OHKO moves are banned
|rule|Evasion Items Clause: Evasion items are banned
|rule|Evasion Moves Clause: Evasion moves are banned
|rule|Evasion Abilities Clause: Evasion abilities are banned
|rule|Sleep Moves Clause: Sleep-inducing moves are banned
|clearpoke
|poke|p1|Alomomola, M|
|poke|p1|Great Tusk|
|poke|p1|Gholdengo|
|poke|p1|Moltres|
|poke|p1|Lokix, M|
|poke|p1|Dragalge, F|
|poke|p2|Plusle, M|
|poke|p2|Flapple, M|
|poke|p2|Moltres|
|poke|p2|Great Tusk|
|poke|p2|Conkeldurr, F|
|poke|p2|Thundurus-Therian, M|
|teampreview
|
|t:|1759058958
|teamsize|p1|6
|teamsize|p2|6
|start
|switch|p1a: Great Tusk|Great Tusk|100/100
|switch|p2a: schindler|Plusle, M|100/100
|turn|1
|
|t:|1759058965
|move|p2a: schindler|Grass Knot|p1a: Great Tusk
|-supereffective|p1a: Great Tusk
|-damage|p1a: Great Tusk|0 fnt
|faint|p1a: Great Tusk
|-end|p1a: Great Tusk|Protosynthesis|[silent]
|
|upkeep
|
|t:|1759058977
|switch|p1a: Dragalge|Dragalge, F|100/100
|turn|2
|
|t:|1759058990
|move|p2a: schindler|Grass Knot|p1a: Dragalge
|-resisted|p1a: Dragalge
|-damage|p1a: Dragalge|94/100
|move|p1a: Dragalge|Sludge Wave|p2a: schindler
|-crit|p2a: schindler
|-damage|p2a: schindler|0 fnt
|faint|p2a: schindler
|
|upkeep
|
|t:|1759059000
|switch|p2a: useless|Flapple, M|100/100
|turn|3
|
|t:|1759059004
|move|p2a: useless|Outrage|p1a: Dragalge|[miss]
|-miss|p2a: useless|p1a: Dragalge
|move|p1a: Dragalge|Sludge Wave|p2a: useless
|-supereffective|p2a: useless
|-damage|p2a: useless|0 fnt
|faint|p2a: useless
|
|upkeep
|
|t:|1759059011
|switch|p2a: dirty|Great Tusk|100/100
|turn|4
|
|t:|1759059018
|move|p2a: dirty|Bulk Up|p2a: dirty
|-boost|p2a: dirty|atk|1
|-boost|p2a: dirty|def|1
|move|p1a: Dragalge|Sludge Wave|p2a: dirty
|-resisted|p2a: dirty
|-damage|p2a: dirty|47/100
|
|upkeep
|turn|5
|
|t:|1759059026
|switch|p1a: Moltres|Moltres|100/100
|move|p2a: dirty|Earthquake|p1a: Moltres
|-immune|p1a: Moltres
|
|upkeep
|turn|6
|
|t:|1759059035
|move|p2a: dirty|Stone Edge|p1a: Moltres|[miss]
|-miss|p2a: dirty|p1a: Moltres
|move|p1a: Moltres|Flamethrower|p2a: dirty
|-damage|p2a: dirty|2/100
|
|upkeep
|turn|7
|
|t:|1759059044
|switch|p1a: Gholdengo|Gholdengo|100/100
|move|p2a: dirty|Stone Edge|p1a: Gholdengo
|-resisted|p1a: Gholdengo
|-damage|p1a: Gholdengo|70/100
|
|upkeep
|turn|8
|
|t:|1759059058
|move|p1a: Gholdengo|Trick|p2a: dirty
|-activate|p1a: Gholdengo|move: Trick|[of] p2a: dirty
|-item|p2a: dirty|Choice Scarf|[from] move: Trick
|-item|p1a: Gholdengo|Weakness Policy|[from] move: Trick
|move|p2a: dirty|Earthquake|p1a: Gholdengo
|-supereffective|p1a: Gholdengo
|-damage|p1a: Gholdengo|0 fnt
|faint|p1a: Gholdengo
|
|upkeep
|
|t:|1759059072
|switch|p1a: Moltres|Moltres|100/100
|turn|9
|
|t:|1759059077
|move|p2a: dirty|Earthquake|p1a: Moltres
|-immune|p1a: Moltres
|move|p1a: Moltres|U-turn|p2a: dirty
|-resisted|p2a: dirty
|-damage|p2a: dirty|0 fnt
|faint|p2a: dirty
|-end|p2a: dirty|Protosynthesis|[silent]
|
|t:|1759059085
|switch|p1a: Lokix|Lokix, M|100/100|[from] U-turn
|
|upkeep
|
|t:|1759059092
|switch|p2a: andrew|Moltres|100/100
|turn|10
|
|t:|1759059096
|move|p2a: andrew|Hurricane|p1a: Lokix
|-supereffective|p1a: Lokix
|-damage|p1a: Lokix|0 fnt
|faint|p1a: Lokix
|
|upkeep
|
|t:|1759059102
|switch|p1a: Alomomola|Alomomola, M|100/100
|turn|11
|
|t:|1759059107
|move|p2a: andrew|Hurricane|p1a: Alomomola|[miss]
|-miss|p2a: andrew|p1a: Alomomola
|move|p1a: Alomomola|Scald|p2a: andrew
|-supereffective|p2a: andrew
|-damage|p2a: andrew|68/100
|
|upkeep
|turn|12
|
|t:|1759059115
|move|p2a: andrew|Hurricane|p1a: Alomomola
|-damage|p1a: Alomomola|56/100
|move|p1a: Alomomola|Mirror Coat|p2a: andrew
|-damage|p2a: andrew|0 fnt
|faint|p2a: andrew
|
|upkeep
|
|t:|1759059124
|switch|p2a: pls|Thundurus-Therian, M|100/100
|turn|13
|
|t:|1759059129
|move|p2a: pls|Nasty Plot|p2a: pls
|-boost|p2a: pls|spa|2
|move|p1a: Alomomola|Scald|p2a: pls
|-damage|p2a: pls|85/100
|
|-heal|p2a: pls|91/100|[from] item: Leftovers
|upkeep
|turn|14
|
|t:|1759059159
|switch|p1a: Dragalge|Dragalge, F|94/100
|move|p2a: pls|Nasty Plot|p2a: pls
|-boost|p2a: pls|spa|2
|
|-heal|p2a: pls|97/100|[from] item: Leftovers
|upkeep
|turn|15
|
|t:|1759059168
|-terastallize|p2a: pls|Fairy
|move|p2a: pls|Tera Blast|p1a: Dragalge|[anim] Tera Blast Fairy
|-damage|p1a: Dragalge|0 fnt
|faint|p1a: Dragalge
|
|-heal|p2a: pls|100/100|[from] item: Leftovers
|upkeep
|
|t:|1759059177
|switch|p1a: Moltres|Moltres|100/100
|turn|16
|
|t:|1759059183
|move|p2a: pls|Thunderbolt|p1a: Moltres
|-supereffective|p1a: Moltres
|-damage|p1a: Moltres|0 fnt
|faint|p1a: Moltres
|
|upkeep
|c|☆victory 4 u|gg
|
|t:|1759059188
|switch|p1a: Alomomola|Alomomola, M|89/100
|turn|17
|
|t:|1759059191
|move|p2a: pls|Tera Blast|p1a: Alomomola|[anim] Tera Blast Fairy
|-damage|p1a: Alomomola|17/100
|move|p1a: Alomomola|Mirror Coat|p2a: pls
|-damage|p2a: pls|0 fnt
|faint|p2a: pls
|
|upkeep
|
|t:|1759059198
|switch|p2a: potato|Conkeldurr, F|100/100
|turn|18
|
|t:|1759059204
|move|p1a: Alomomola|Body Slam|p2a: potato
|-damage|p2a: potato|92/100
|move|p2a: potato|Bulk Up|p2a: potato
|-boost|p2a: potato|atk|1
|-boost|p2a: potato|def|1
|
|-heal|p2a: potato|98/100|[from] item: Leftovers
|upkeep
|turn|19
|
|t:|1759059214
|move|p1a: Alomomola|Flip Turn|p2a: potato
|-damage|p2a: potato|90/100
|move|p2a: potato|Drain Punch|p1a: Alomomola
|-damage|p1a: Alomomola|0 fnt
|-heal|p2a: potato|99/100|[from] drain|[of] p1a: Alomomola
|faint|p1a: Alomomola
|
|win|victory 4 u
|raw|Moringa_Powder922's rating: 1091 &rarr; <strong>1070</strong><br />(-21 for losing)
|raw|victory 4 u's rating: 1133 &rarr; <strong>1155</strong><br />(+22 for winning)
