|j|☆getyafunnyup
|j|☆dumbfuggq
|t:|1759039337
|gametype|singles
|player|p1|getyafunnyup|iris-gen5bw2|1353
|player|p2|dumbfuggq|ghetsis|1339
|gen|9
|tier|[Gen 9] OU
|rated|
|rule|HP Percentage Mod: HP is shown in percentages
|rule|Endless Battle Clause: Forcing endless battles is banned
|rule|Species Clause: Limit one of each Pokémon
|rule|OHKO Clause: OHKO moves are banned
|rule|Evasion Items Clause: Evasion items are banned
|rule|Evasion Moves Clause: Evasion moves are banned
|rule|Evasion Abilities Clause: Evasion abilities are banned
|rule|Sleep Moves Clause: Sleep-inducing moves are banned
|clearpoke
|poke|p1|Keldeo-Resolute|
|poke|p1|Dragapult, F|
|poke|p1|Slowking-Galar, M|
|poke|p1|Kingambit, F|
|poke|p1|Zapdos|
|poke|p1|Great Tusk|
|poke|p2|Crawdaunt, F|
|poke|p2|Slowking-Galar, M|
|poke|p2|Zapdos|
|poke|p2|Great Tusk|
|poke|p2|Zamazenta-*|
|poke|p2|Rillaboom, F|
|teampreview
|inactive|Battle timer is ON: inactive players will automatically lose when time's up. (requested by dumbfuggq)
|
|t:|1759039366
|teamsize|p1|6
|teamsize|p2|6
|start
|switch|p1a: Ascended Phantom|Dragapult, F|100/100
|switch|p2a: Crawdaunt|Crawdaunt, F, shiny|100/100
|turn|1
|
|t:|1759039373
|switch|p2a: Slowking|Slowking-Galar, M|100/100
|move|p1a: Ascended Phantom|Dragon Darts|p2a: Slowking
|-damage|p2a: Slowking|61/100
|-anim|p1a: Ascended Phantom|Dragon Darts|p2a: Slowking
|-damage|p2a: Slowking|25/100
|
|upkeep
|turn|2
|
|t:|1759039387
|switch|p2a: Zamazenta|Zamazenta, shiny|100/100
|-ability|p2a: Zamazenta|Dauntless Shield|boost
|-boost|p2a: Zamazenta|def|1
|move|p1a: Ascended Phantom|Dragon Darts|p2a: Zamazenta
|-damage|p2a: Zamazenta|78/100
|-anim|p1a: Ascended Phantom|Dragon Darts|p2a: Zamazenta
|-damage|p2a: Zamazenta|54/100
|
|upkeep
|turn|3
|
|t:|1759039394
|switch|p1a: Raijin Kaiōken|Zapdos|100/100
|move|p2a: Zamazenta|Crunch|p1a: Raijin Kaiōken
|-crit|p1a: Raijin Kaiōken
|-damage|p1a: Raijin Kaiōken|70/100
|-status|p2a: Zamazenta|par|[from] ability: Static|[of] p1a: Raijin Kaiōken
|
|upkeep
|turn|4
|
|t:|1759039406
|switch|p2a: Slowking|Slowking-Galar, M|58/100
|move|p1a: Raijin Kaiōken|Hurricane|p2a: Slowking
|-damage|p2a: Slowking|29/100
|
|upkeep
|turn|5
|
|t:|1759039415
|move|p1a: Raijin Kaiōken|Hurricane|p2a: Slowking|[miss]
|-miss|p1a: Raijin Kaiōken|p2a: Slowking
|-prepare|p2a: Slowking|Chilly Reception|[premajor]
|move|p2a: Slowking|Chilly Reception|p2a: Slowking
|-weather|Snowscape
|
|t:|1759039426
|switch|p2a: Zapdos|Zapdos|100/100|[from] Chilly Reception
|
|-weather|Snowscape|[upkeep]
|upkeep
|turn|6
|
|t:|1759039433
|switch|p1a: Kami’s Vision|Slowking-Galar, M|100/100
|move|p2a: Zapdos|Volt Switch|p1a: Kami’s Vision
|-damage|p1a: Kami’s Vision|81/100
|
|t:|1759039436
|switch|p2a: Crawdaunt|Crawdaunt, F, shiny|100/100|[from] Volt Switch
|
|-weather|Snowscape|[upkeep]
|-heal|p1a: Kami’s Vision|87/100|[from] item: Black Sludge
|upkeep
|turn|7
|
|t:|1759039445
|switch|p1a: Trunks’ Resolve|Keldeo-Resolute|100/100
|move|p2a: Crawdaunt|Knock Off|p1a: Trunks’ Resolve
|-resisted|p1a: Trunks’ Resolve
|-damage|p1a: Trunks’ Resolve|57/100
|-ability|p1a: Trunks’ Resolve|Justified|boost
|-boost|p1a: Trunks’ Resolve|atk|1
|-enditem|p1a: Trunks’ Resolve|Leftovers|[from] move: Knock Off|[of] p2a: Crawdaunt
|-damage|p2a: Crawdaunt|91/100|[from] item: Life Orb
|
|-weather|Snowscape|[upkeep]
|upkeep
|turn|8
|
|t:|1759039467
|-terastallize|p2a: Crawdaunt|Poison
|move|p1a: Trunks’ Resolve|Substitute|p1a: Trunks’ Resolve
|-start|p1a: Trunks’ Resolve|Substitute
|-damage|p1a: Trunks’ Resolve|32/100
|move|p2a: Crawdaunt|Tera Blast|p1a: Trunks’ Resolve|[anim] Tera Blast Poison
|-end|p1a: Trunks’ Resolve|Substitute
|-damage|p2a: Crawdaunt|81/100|[from] item: Life Orb
|
|-weather|Snowscape|[upkeep]
|upkeep
|turn|9
|inactive|getyafunnyup has 120 seconds left.
|
|t:|1759039489
|move|p1a: Trunks’ Resolve|Surf|p2a: Crawdaunt
|-damage|p2a: Crawdaunt|0 fnt
|faint|p2a: Crawdaunt
|
|-weather|none
|upkeep
|
|t:|1759039492
|switch|p2a: Rillaboom|Rillaboom, F|100/100
|-fieldstart|move: Grassy Terrain|[from] ability: Grassy Surge|[of] p2a: Rillaboom
|turn|10
|
|t:|1759039500
|switch|p1a: Raijin Kaiōken|Zapdos|70/100
|move|p2a: Rillaboom|U-turn|p1a: Raijin Kaiōken
|-resisted|p1a: Raijin Kaiōken
|-damage|p1a: Raijin Kaiōken|55/100
|
|t:|1759039506
|switch|p2a: Slowking|Slowking-Galar, M|62/100|[from] U-turn
|
|-heal|p2a: Slowking|68/100|[from] Grassy Terrain
|upkeep
|turn|11
|
|t:|1759039511
|move|p1a: Raijin Kaiōken|Roost|p1a: Raijin Kaiōken
|-heal|p1a: Raijin Kaiōken|100/100
|-singleturn|p1a: Raijin Kaiōken|move: Roost
|move|p2a: Slowking|Ice Beam|p1a: Raijin Kaiōken
|-damage|p1a: Raijin Kaiōken|80/100
|
|-heal|p1a: Raijin Kaiōken|86/100|[from] Grassy Terrain
|-heal|p2a: Slowking|75/100|[from] Grassy Terrain
|upkeep
|turn|12
|
|t:|1759039526
|move|p1a: Raijin Kaiōken|U-turn|p2a: Slowking
|-damage|p2a: Slowking|60/100
|
|t:|1759039530
|switch|p1a: Kami’s Vision|Slowking-Galar, M|100/100|[from] U-turn
|-prepare|p2a: Slowking|Chilly Reception|[premajor]
|move|p2a: Slowking|Chilly Reception|p2a: Slowking
|-weather|Snowscape
|
|t:|1759039536
|switch|p2a: Great Tusk|Great Tusk, shiny|100/100|[from] Chilly Reception
|
|-weather|Snowscape|[upkeep]
|upkeep
|turn|13
|inactive|getyafunnyup has 120 seconds left.
|
|t:|1759039573
|switch|p1a: Raijin Kaiōken|Zapdos|86/100
|move|p2a: Great Tusk|Stealth Rock|p1a: Raijin Kaiōken
|-sidestart|p1: getyafunnyup|move: Stealth Rock
|
|-weather|Snowscape|[upkeep]
|upkeep
|turn|14
|inactive|getyafunnyup has 120 seconds left.
|
|t:|1759039585
|-end|p2a: Great Tusk|Protosynthesis|[silent]
|switch|p2a: Slowking|Slowking-Galar, M|94/100
|move|p1a: Raijin Kaiōken|U-turn|p2a: Slowking
|-damage|p2a: Slowking|80/100
|
|t:|1759039588
|switch|p1a: Wrath of Broly|Great Tusk|100/100|[from] U-turn
|-damage|p1a: Wrath of Broly|98/100|[from] Stealth Rock
|-enditem|p1a: Wrath of Broly|Booster Energy
|-activate|p1a: Wrath of Broly|ability: Protosynthesis|[fromitem]
|-start|p1a: Wrath of Broly|protosynthesisatk
|
|-weather|Snowscape|[upkeep]
|-heal|p1a: Wrath of Broly|100/100|[from] Grassy Terrain
|-heal|p2a: Slowking|86/100|[from] Grassy Terrain
|-fieldend|move: Grassy Terrain
|upkeep
|turn|15
|
|t:|1759039595
|move|p1a: Wrath of Broly|Rapid Spin|p2a: Slowking
|-damage|p2a: Slowking|61/100
|-boost|p1a: Wrath of Broly|spe|1
|-sideend|p1: getyafunnyup|Stealth Rock|[from] move: Rapid Spin|[of] p1a: Wrath of Broly
|-prepare|p2a: Slowking|Chilly Reception|[premajor]
|move|p2a: Slowking|Chilly Reception|p2a: Slowking
|
|t:|1759039599
|switch|p2a: Rillaboom|Rillaboom, F|100/100|[from] Chilly Reception
|-fieldstart|move: Grassy Terrain|[from] ability: Grassy Surge|[of] p2a: Rillaboom
|
|-weather|Snowscape|[upkeep]
|upkeep
|turn|16
|
|t:|1759039623
|-end|p1a: Wrath of Broly|Protosynthesis|[silent]
|switch|p1a: Raijin Kaiōken|Zapdos|86/100
|move|p2a: Rillaboom|Wood Hammer|p1a: Raijin Kaiōken
|-resisted|p1a: Raijin Kaiōken
|-damage|p1a: Raijin Kaiōken|38/100
|-status|p2a: Rillaboom|par|[from] ability: Static|[of] p1a: Raijin Kaiōken
|-damage|p2a: Rillaboom|83/100 par|[from] Recoil
|
|-weather|none
|-heal|p2a: Rillaboom|89/100 par|[from] Grassy Terrain
|upkeep
|turn|17
|
|t:|1759039630
|switch|p2a: Slowking|Slowking-Galar, M|94/100
|move|p1a: Raijin Kaiōken|Roost|p1a: Raijin Kaiōken
|-heal|p1a: Raijin Kaiōken|88/100
|-singleturn|p1a: Raijin Kaiōken|move: Roost
|
|-heal|p1a: Raijin Kaiōken|94/100|[from] Grassy Terrain
|-heal|p2a: Slowking|99/100|[from] Grassy Terrain
|upkeep
|turn|18
|
|t:|1759039637
|move|p1a: Raijin Kaiōken|U-turn|p2a: Slowking
|-damage|p2a: Slowking|85/100
|
|t:|1759039640
|switch|p1a: Kami’s Vision|Slowking-Galar, M|100/100|[from] U-turn
|-prepare|p2a: Slowking|Chilly Reception|[premajor]
|move|p2a: Slowking|Chilly Reception|p2a: Slowking
|-weather|Snowscape
|
|t:|1759039651
|switch|p2a: Great Tusk|Great Tusk, shiny|100/100|[from] Chilly Reception
|
|-weather|Snowscape|[upkeep]
|upkeep
|turn|19
|
|t:|1759039667
|switch|p1a: Raijin Kaiōken|Zapdos|94/100
|move|p2a: Great Tusk|Ice Spinner|p1a: Raijin Kaiōken
|-supereffective|p1a: Raijin Kaiōken
|-damage|p1a: Raijin Kaiōken|58/100
|-fieldend|move: Grassy Terrain
|
|-weather|Snowscape|[upkeep]
|upkeep
|turn|20
|
|t:|1759039674
|move|p2a: Great Tusk|Ice Spinner|p1a: Raijin Kaiōken
|-supereffective|p1a: Raijin Kaiōken
|-damage|p1a: Raijin Kaiōken|24/100
|move|p1a: Raijin Kaiōken|Roost|p1a: Raijin Kaiōken
|-heal|p1a: Raijin Kaiōken|74/100
|-singleturn|p1a: Raijin Kaiōken|move: Roost
|
|-weather|Snowscape|[upkeep]
|upkeep
|turn|21
|
|t:|1759039685
|-end|p2a: Great Tusk|Protosynthesis|[silent]
|switch|p2a: Zapdos|Zapdos|100/100
|switch|p1a: Trunks’ Resolve|Keldeo-Resolute|32/100
|
|-weather|Snowscape|[upkeep]
|upkeep
|turn|22
|
|t:|1759039696
|move|p2a: Zapdos|Volt Switch|p1a: Trunks’ Resolve
|-supereffective|p1a: Trunks’ Resolve
|-damage|p1a: Trunks’ Resolve|0 fnt
|faint|p1a: Trunks’ Resolve
|
|t:|1759039703
|switch|p2a: Great Tusk|Great Tusk, shiny|100/100|[from] Volt Switch
|
|-weather|none
|upkeep
|
|t:|1759039712
|switch|p1a: Raijin Kaiōken|Zapdos|74/100
|turn|23
|
|t:|1759039717
|-end|p2a: Great Tusk|Protosynthesis|[silent]
|switch|p2a: Slowking|Slowking-Galar, M|100/100
|move|p1a: Raijin Kaiōken|Hurricane|p2a: Slowking|[miss]
|-miss|p1a: Raijin Kaiōken|p2a: Slowking
|
|upkeep
|turn|24
|
|t:|1759039726
|move|p1a: Raijin Kaiōken|U-turn|p2a: Slowking
|-damage|p2a: Slowking|87/100
|
|t:|1759039730
|switch|p1a: Kami’s Vision|Slowking-Galar, M|100/100|[from] U-turn
|-prepare|p2a: Slowking|Chilly Reception|[premajor]
|move|p2a: Slowking|Chilly Reception|p2a: Slowking
|-weather|Snowscape
|
|t:|1759039733
|switch|p2a: Great Tusk|Great Tusk, shiny|100/100|[from] Chilly Reception
|
|-weather|Snowscape|[upkeep]
|upkeep
|turn|25
|
|t:|1759039739
|-terastallize|p1a: Kami’s Vision|Water
|move|p2a: Great Tusk|Stealth Rock|p1a: Kami’s Vision
|-sidestart|p1: getyafunnyup|move: Stealth Rock
|move|p1a: Kami’s Vision|Psyshock|p2a: Great Tusk
|-supereffective|p2a: Great Tusk
|-damage|p2a: Great Tusk|64/100
|
|-weather|Snowscape|[upkeep]
|-damage|p1a: Kami’s Vision|88/100|[from] item: Black Sludge
|upkeep
|turn|26
|
|t:|1759039747
|-end|p2a: Great Tusk|Protosynthesis|[silent]
|switch|p2a: Slowking|Slowking-Galar, M|100/100
|move|p1a: Kami’s Vision|Trick|p2a: Slowking
|-activate|p1a: Kami’s Vision|move: Trick|[of] p2a: Slowking
|-item|p2a: Slowking|Black Sludge|[from] move: Trick
|-item|p1a: Kami’s Vision|Heavy-Duty Boots|[from] move: Trick
|
|-weather|Snowscape|[upkeep]
|upkeep
|turn|27
|
|t:|1759039764
|switch|p1a: Crutch Gambit|Kingambit, F|100/100
|-damage|p1a: Crutch Gambit|94/100|[from] Stealth Rock
|-activate|p1a: Crutch Gambit|ability: Supreme Overlord
|-start|p1a: Crutch Gambit|fallen1|[silent]
|-prepare|p2a: Slowking|Chilly Reception|[premajor]
|move|p2a: Slowking|Chilly Reception|p2a: Slowking
|
|t:|1759039779
|switch|p2a: Great Tusk|Great Tusk, shiny|64/100|[from] Chilly Reception
|
|-weather|Snowscape|[upkeep]
|-heal|p1a: Crutch Gambit|100/100|[from] item: Leftovers
|upkeep
|turn|28
|
|t:|1759039786
|-end|p1a: Crutch Gambit|fallen1|[silent]
|switch|p1a: Raijin Kaiōken|Zapdos|74/100
|move|p2a: Great Tusk|Headlong Rush|p1a: Raijin Kaiōken
|-immune|p1a: Raijin Kaiōken
|
|-weather|none
|upkeep
|turn|29
|
|t:|1759039790
|-end|p2a: Great Tusk|Protosynthesis|[silent]
|switch|p2a: Slowking|Slowking-Galar, M|100/100
|move|p1a: Raijin Kaiōken|U-turn|p2a: Slowking
|-damage|p2a: Slowking|88/100
|
|t:|1759039800
|switch|p1a: Wrath of Broly|Great Tusk|100/100|[from] U-turn
|-damage|p1a: Wrath of Broly|98/100|[from] Stealth Rock
|
|-heal|p2a: Slowking|94/100|[from] item: Black Sludge
|upkeep
|turn|30
|
|t:|1759039806
|move|p1a: Wrath of Broly|Ice Spinner|p2a: Slowking
|-damage|p2a: Slowking|65/100
|-prepare|p2a: Slowking|Chilly Reception|[premajor]
|move|p2a: Slowking|Chilly Reception|p2a: Slowking
|-weather|Snowscape
|
|t:|1759039811
|switch|p2a: Rillaboom|Rillaboom, F|89/100 par|[from] Chilly Reception
|-fieldstart|move: Grassy Terrain|[from] ability: Grassy Surge|[of] p2a: Rillaboom
|
|-weather|Snowscape|[upkeep]
|-heal|p1a: Wrath of Broly|100/100|[from] Grassy Terrain
|-heal|p2a: Rillaboom|95/100 par|[from] Grassy Terrain
|upkeep
|turn|31
|
|t:|1759039833
|move|p1a: Wrath of Broly|Ice Spinner|p2a: Rillaboom
|-supereffective|p2a: Rillaboom
|-damage|p2a: Rillaboom|39/100 par
|-fieldend|move: Grassy Terrain
|move|p2a: Rillaboom|Knock Off|p1a: Wrath of Broly
|-resisted|p1a: Wrath of Broly
|-damage|p1a: Wrath of Broly|88/100
|
|-weather|Snowscape|[upkeep]
|upkeep
|turn|32
|
|t:|1759039845
|switch|p2a: Zamazenta|Zamazenta, shiny|54/100 par
|move|p1a: Wrath of Broly|Ice Spinner|p2a: Zamazenta
|-damage|p2a: Zamazenta|25/100 par
|
|-weather|Snowscape|[upkeep]
|upkeep
|turn|33
|
|t:|1759039851
|move|p1a: Wrath of Broly|Ice Spinner|p2a: Zamazenta
|-damage|p2a: Zamazenta|0 fnt
|faint|p2a: Zamazenta
|
|-weather|Snowscape|[upkeep]
|upkeep
|
|t:|1759039854
|switch|p2a: Rillaboom|Rillaboom, F|39/100 par
|-fieldstart|move: Grassy Terrain|[from] ability: Grassy Surge|[of] p2a: Rillaboom
|turn|34
|
|t:|1759039863
|-end|p1a: Wrath of Broly|Protosynthesis|[silent]
|switch|p1a: Raijin Kaiōken|Zapdos|74/100
|move|p2a: Rillaboom|Grassy Glide|p1a: Raijin Kaiōken
|-resisted|p1a: Raijin Kaiōken
|-damage|p1a: Raijin Kaiōken|55/100
|
|-weather|none
|-heal|p2a: Rillaboom|45/100 par|[from] Grassy Terrain
|upkeep
|turn|35
|
|t:|1759039867
|switch|p2a: Slowking|Slowking-Galar, M|98/100
|move|p1a: Raijin Kaiōken|Roost|p1a: Raijin Kaiōken
|-heal|p1a: Raijin Kaiōken|100/100
|-singleturn|p1a: Raijin Kaiōken|move: Roost
|
|-heal|p2a: Slowking|100/100|[from] Grassy Terrain
|upkeep
|turn|36
|
|t:|1759039872
|move|p1a: Raijin Kaiōken|Discharge|p2a: Slowking
|-damage|p2a: Slowking|81/100
|-prepare|p2a: Slowking|Chilly Reception|[premajor]
|move|p2a: Slowking|Chilly Reception|p2a: Slowking
|-weather|Snowscape
|
|t:|1759039878
|switch|p2a: Zapdos|Zapdos|100/100|[from] Chilly Reception
|
|-weather|Snowscape|[upkeep]
|upkeep
|turn|37
|
|t:|1759039885
|switch|p1a: Kami’s Vision|Slowking-Galar, M, tera:Water|100/100
|move|p2a: Zapdos|Volt Switch|p1a: Kami’s Vision
|-supereffective|p1a: Kami’s Vision
|-damage|p1a: Kami’s Vision|62/100
|
|t:|1759039888
|switch|p2a: Rillaboom|Rillaboom, F|45/100 par|[from] Volt Switch
|
|-weather|Snowscape|[upkeep]
|-heal|p2a: Rillaboom|51/100 par|[from] Grassy Terrain
|-heal|p1a: Kami’s Vision|68/100|[from] Grassy Terrain
|upkeep
|turn|38
|
|t:|1759039899
|move|p2a: Rillaboom|Knock Off|p1a: Kami’s Vision
|-damage|p1a: Kami’s Vision|11/100
|-enditem|p1a: Kami’s Vision|Heavy-Duty Boots|[from] move: Knock Off|[of] p2a: Rillaboom
|move|p1a: Kami’s Vision|Sludge Bomb|p2a: Rillaboom
|-supereffective|p2a: Rillaboom
|-damage|p2a: Rillaboom|0 fnt
|faint|p2a: Rillaboom
|
|-weather|Snowscape|[upkeep]
|-heal|p1a: Kami’s Vision|17/100|[from] Grassy Terrain
|-fieldend|move: Grassy Terrain
|upkeep
|
|t:|1759039903
|switch|p2a: Zapdos|Zapdos|100/100
|turn|39
|
|t:|1759039908
|switch|p1a: Wrath of Broly|Great Tusk|88/100
|-damage|p1a: Wrath of Broly|85/100|[from] Stealth Rock
|move|p2a: Zapdos|Hurricane|p1a: Wrath of Broly
|-supereffective|p1a: Wrath of Broly
|-damage|p1a: Wrath of Broly|0 fnt
|faint|p1a: Wrath of Broly
|-end|p1a: Wrath of Broly|Protosynthesis|[silent]
|
|-weather|Snowscape|[upkeep]
|upkeep
|
|t:|1759039917
|switch|p1a: Ascended Phantom|Dragapult, F|100/100
|-damage|p1a: Ascended Phantom|88/100|[from] Stealth Rock
|turn|40
|
|t:|1759039926
|move|p1a: Ascended Phantom|Dragon Darts|p2a: Zapdos
|-damage|p2a: Zapdos|55/100
|-anim|p1a: Ascended Phantom|Dragon Darts|p2a: Zapdos
|-damage|p2a: Zapdos|13/100
|move|p2a: Zapdos|Hurricane|p1a: Ascended Phantom
|-damage|p1a: Ascended Phantom|12/100
|-start|p1a: Ascended Phantom|confusion
|
|-weather|none
|upkeep
|turn|41
|
|t:|1759039937
|switch|p1a: Raijin Kaiōken|Zapdos|100/100
|move|p2a: Zapdos|Volt Switch|p1a: Raijin Kaiōken
|-damage|p1a: Raijin Kaiōken|64/100
|
|t:|1759039940
|switch|p2a: Slowking|Slowking-Galar, M|100/100|[from] Volt Switch
|
|upkeep
|turn|42
|
|t:|1759039952
|move|p1a: Raijin Kaiōken|Discharge|p2a: Slowking
|-damage|p2a: Slowking|79/100
|move|p2a: Slowking|Thunder Wave|p1a: Raijin Kaiōken
|-immune|p1a: Raijin Kaiōken
|
|-heal|p2a: Slowking|85/100|[from] item: Black Sludge
|upkeep
|turn|43
|
|t:|1759039956
|move|p1a: Raijin Kaiōken|Roost|p1a: Raijin Kaiōken
|-heal|p1a: Raijin Kaiōken|100/100
|-singleturn|p1a: Raijin Kaiōken|move: Roost
|move|p2a: Slowking|Ice Beam|p1a: Raijin Kaiōken
|-damage|p1a: Raijin Kaiōken|78/100
|
|-heal|p2a: Slowking|91/100|[from] item: Black Sludge
|upkeep
|turn|44
|
|t:|1759039958
|move|p1a: Raijin Kaiōken|Discharge|p2a: Slowking
|-damage|p2a: Slowking|73/100
|move|p2a: Slowking|Ice Beam|p1a: Raijin Kaiōken
|-supereffective|p1a: Raijin Kaiōken
|-damage|p1a: Raijin Kaiōken|38/100
|
|-heal|p2a: Slowking|79/100|[from] item: Black Sludge
|upkeep
|turn|45
|
|t:|1759039964
|move|p1a: Raijin Kaiōken|Roost|p1a: Raijin Kaiōken
|-heal|p1a: Raijin Kaiōken|88/100
|-singleturn|p1a: Raijin Kaiōken|move: Roost
|move|p2a: Slowking|Thunder Wave|p1a: Raijin Kaiōken|[miss]
|-miss|p2a: Slowking|p1a: Raijin Kaiōken
|
|-heal|p2a: Slowking|85/100|[from] item: Black Sludge
|upkeep
|turn|46
|
|t:|1759039972
|move|p1a: Raijin Kaiōken|Discharge|p2a: Slowking
|-damage|p2a: Slowking|66/100
|move|p2a: Slowking|Ice Beam|p1a: Raijin Kaiōken
|-supereffective|p1a: Raijin Kaiōken
|-crit|p1a: Raijin Kaiōken
|-damage|p1a: Raijin Kaiōken|19/100
|
|-heal|p2a: Slowking|72/100|[from] item: Black Sludge
|upkeep
|turn|47
|
|t:|1759039977
|move|p1a: Raijin Kaiōken|Roost|p1a: Raijin Kaiōken
|-heal|p1a: Raijin Kaiōken|69/100
|-singleturn|p1a: Raijin Kaiōken|move: Roost
|move|p2a: Slowking|Ice Beam|p1a: Raijin Kaiōken
|-damage|p1a: Raijin Kaiōken|48/100
|
|-heal|p2a: Slowking|78/100|[from] item: Black Sludge
|upkeep
|turn|48
|
|t:|1759039982
|move|p1a: Raijin Kaiōken|Roost|p1a: Raijin Kaiōken
|-heal|p1a: Raijin Kaiōken|98/100
|-singleturn|p1a: Raijin Kaiōken|move: Roost
|move|p2a: Slowking|Ice Beam|p1a: Raijin Kaiōken
|-damage|p1a: Raijin Kaiōken|75/100
|
|-heal|p2a: Slowking|84/100|[from] item: Black Sludge
|upkeep
|turn|49
|
|t:|1759039991
|switch|p1a: Kami’s Vision|Slowking-Galar, M, tera:Water|50/100
|-damage|p1a: Kami’s Vision|38/100|[from] Stealth Rock
|move|p2a: Slowking|Ice Beam|p1a: Kami’s Vision
|-resisted|p1a: Kami’s Vision
|-damage|p1a: Kami’s Vision|31/100
|
|-heal|p2a: Slowking|91/100|[from] item: Black Sludge
|upkeep
|turn|50
|
|t:|1759040008
|move|p2a: Slowking|Thunder Wave|p1a: Kami’s Vision
|-status|p1a: Kami’s Vision|par
|move|p1a: Kami’s Vision|Sludge Bomb|p2a: Slowking
|-resisted|p2a: Slowking
|-damage|p2a: Slowking|81/100
|
|-heal|p2a: Slowking|87/100|[from] item: Black Sludge
|upkeep
|turn|51
|
|t:|1759040015
|move|p2a: Slowking|Sludge Bomb|p1a: Kami’s Vision
|-damage|p1a: Kami’s Vision|9/100 par
|move|p1a: Kami’s Vision|Sludge Bomb|p2a: Slowking
|-resisted|p2a: Slowking
|-damage|p2a: Slowking|77/100
|
|-heal|p2a: Slowking|83/100|[from] item: Black Sludge
|upkeep
|turn|52
|
|t:|1759040021
|move|p2a: Slowking|Sludge Bomb|p1a: Kami’s Vision
|-damage|p1a: Kami’s Vision|0 fnt
|faint|p1a: Kami’s Vision
|
|-heal|p2a: Slowking|90/100|[from] item: Black Sludge
|upkeep
|
|t:|1759040024
|switch|p1a: Crutch Gambit|Kingambit, F|100/100
|-damage|p1a: Crutch Gambit|94/100|[from] Stealth Rock
|-activate|p1a: Crutch Gambit|ability: Supreme Overlord
|-start|p1a: Crutch Gambit|fallen3|[silent]
|turn|53
|
|t:|1759040029
|move|p1a: Crutch Gambit|Kowtow Cleave|p2a: Slowking
|-supereffective|p2a: Slowking
|-damage|p2a: Slowking|0 fnt
|faint|p2a: Slowking
|
|-heal|p1a: Crutch Gambit|100/100|[from] item: Leftovers
|upkeep
|
|t:|1759040032
|switch|p2a: Great Tusk|Great Tusk, shiny|64/100
|turn|54
|
|t:|1759040040
|-end|p1a: Crutch Gambit|fallen3|[silent]
|switch|p1a: Ascended Phantom|Dragapult, F|12/100
|-damage|p1a: Ascended Phantom|0 fnt|[from] Stealth Rock
|faint|p1a: Ascended Phantom
|move|p2a: Great Tusk|Ice Spinner|p1: Ascended Phantom|[notarget]
|-fail|p2a: Great Tusk
|
|upkeep
|
|t:|1759040045
|switch|p1a: Raijin Kaiōken|Zapdos|75/100
|turn|55
|
|t:|1759040049
|move|p2a: Great Tusk|Ice Spinner|p1a: Raijin Kaiōken
|-supereffective|p1a: Raijin Kaiōken
|-damage|p1a: Raijin Kaiōken|39/100
|-status|p2a: Great Tusk|par|[from] ability: Static|[of] p1a: Raijin Kaiōken
|move|p1a: Raijin Kaiōken|Hurricane|p2a: Great Tusk|[miss]
|-miss|p1a: Raijin Kaiōken|p2a: Great Tusk
|
|upkeep
|turn|56
|
|t:|1759040055
|move|p1a: Raijin Kaiōken|Hurricane|p2a: Great Tusk|[miss]
|-miss|p1a: Raijin Kaiōken|p2a: Great Tusk
|move|p2a: Great Tusk|Ice Spinner|p1a: Raijin Kaiōken
|-supereffective|p1a: Raijin Kaiōken
|-damage|p1a: Raijin Kaiōken|6/100
|
|upkeep
|turn|57
|
|t:|1759040058
|move|p1a: Raijin Kaiōken|Hurricane|p2a: Great Tusk
|-supereffective|p2a: Great Tusk
|-damage|p2a: Great Tusk|0 fnt
|faint|p2a: Great Tusk
|-end|p2a: Great Tusk|Protosynthesis|[silent]
|
|upkeep
|
|t:|1759040059
|switch|p2a: Zapdos|Zapdos|13/100
|turn|58
|
|t:|1759040067
|move|p2a: Zapdos|Roost|p2a: Zapdos
|-heal|p2a: Zapdos|63/100
|-singleturn|p2a: Zapdos|move: Roost
|move|p1a: Raijin Kaiōken|Discharge|p2a: Zapdos
|-resisted|p2a: Zapdos
|-damage|p2a: Zapdos|44/100
|
|upkeep
|turn|59
|
|t:|1759040072
|move|p2a: Zapdos|Roost|p2a: Zapdos
|-heal|p2a: Zapdos|95/100
|-singleturn|p2a: Zapdos|move: Roost
|move|p1a: Raijin Kaiōken|Discharge|p2a: Zapdos
|-resisted|p2a: Zapdos
|-damage|p2a: Zapdos|77/100
|
|upkeep
|turn|60
|
|t:|1759040075
|move|p2a: Zapdos|Volt Switch|p1a: Raijin Kaiōken
|-damage|p1a: Raijin Kaiōken|0 fnt
|faint|p1a: Raijin Kaiōken
|
|upkeep
|
|t:|1759040078
|switch|p1a: Crutch Gambit|Kingambit, F|100/100
|-damage|p1a: Crutch Gambit|94/100|[from] Stealth Rock
|-activate|p1a: Crutch Gambit|ability: Supreme Overlord
|-start|p1a: Crutch Gambit|fallen5|[silent]
|turn|61
|
|t:|1759040080
|move|p1a: Crutch Gambit|Sucker Punch|p2a: Zapdos
|-damage|p2a: Zapdos|3/100
|move|p2a: Zapdos|Heat Wave|p1a: Crutch Gambit
|-supereffective|p1a: Crutch Gambit
|-damage|p1a: Crutch Gambit|33/100
|
|-heal|p1a: Crutch Gambit|39/100|[from] item: Leftovers
|upkeep
|turn|62
|inactive|getyafunnyup has 120 seconds left.
|inactive|getyafunnyup has 90 seconds left.
|
|t:|1759040143
|move|p1a: Crutch Gambit|Sucker Punch|p2a: Zapdos
|-damage|p2a: Zapdos|0 fnt
|-status|p1a: Crutch Gambit|par|[from] ability: Static|[of] p2a: Zapdos
|faint|p2a: Zapdos
|
|win|getyafunnyup
|raw|getyafunnyup's rating: 1353 &rarr; <strong>1372</strong><br />(+19 for winning)
|raw|dumbfuggq's rating: 1339 &rarr; <strong>1320</strong><br />(-19 for losing)
|l|☆dumbfuggq
|player|p2|
|l|☆getyafunnyup
|player|p1|
