|j|☆Froslass_Trainer
|j|☆SamiFawad
|t:|1758971603
|gametype|singles
|player|p1|Froslass_Trainer|2|1437
|player|p2|SamiFawad|2|1465
|gen|9
|tier|[Gen 9] OU
|rated|
|rule|HP Percentage Mod: HP is shown in percentages
|rule|Endless Battle Clause: Forcing endless battles is banned
|rule|Species Clause: Limit one of each Pokémon
|rule|OHKO Clause: OHKO moves are banned
|rule|Evasion Items Clause: Evasion items are banned
|rule|Evasion Moves Clause: Evasion moves are banned
|rule|Evasion Abilities Clause: Evasion abilities are banned
|rule|Sleep Moves Clause: Sleep-inducing moves are banned
|clearpoke
|poke|p1|Toxapex, F|
|poke|p1|Goodra-Hisui, F|
|poke|p1|Cinderace, F|
|poke|p1|Sandy Shocks|
|poke|p1|Chesnaught, M|
|poke|p1|Lokix, M|
|poke|p2|Landorus-Therian, M|
|poke|p2|Samurott-Hisui, M|
|poke|p2|Great Tusk|
|poke|p2|Basculegion-F, F|
|poke|p2|Slowking-Galar, M|
|poke|p2|Zamazenta-*|
|teampreview
|
|t:|1758971611
|teamsize|p1|6
|teamsize|p2|6
|start
|switch|p1a: Sandy Shocks|Sandy Shocks|100/100
|switch|p2a: Samurott|Samurott-Hisui, M|100/100
|turn|1
|
|t:|1758971626
|move|p1a: Sandy Shocks|Volt Switch|p2a: Samurott
|-supereffective|p2a: Samurott
|-enditem|p2a: Samurott|Focus Sash
|-damage|p2a: Samurott|1/100
|
|t:|1758971629
|-end|p1a: Sandy Shocks|Protosynthesis|[silent]
|switch|p1a: Chesnaught|Chesnaught, M|100/100|[from] Volt Switch
|move|p2a: Samurott|Razor Shell|p1a: Chesnaught
|-resisted|p1a: Chesnaught
|-damage|p1a: Chesnaught|82/100
|-damage|p2a: Samurott|0 fnt|[from] item: Rocky Helmet|[of] p1a: Chesnaught
|faint|p2a: Samurott
|
|upkeep
|
|t:|1758971636
|switch|p2a: Slowking|Slowking-Galar, M|100/100
|turn|2
|
|t:|1758971643
|move|p1a: Chesnaught|Leech Seed|p2a: Slowking|[miss]
|-miss|p1a: Chesnaught|p2a: Slowking
|move|p2a: Slowking|Acid Spray|p1a: Chesnaught
|-immune|p1a: Chesnaught|[from] ability: Bulletproof
|
|upkeep
|turn|3
|
|t:|1758971656
|switch|p1a: Lokix|Lokix, M|100/100
|move|p2a: Slowking|Future Sight|p1a: Lokix
|-start|p2a: Slowking|move: Future Sight
|
|upkeep
|turn|4
|
|t:|1758971661
|switch|p2a: Great Tusk|Great Tusk|100/100
|move|p1a: Lokix|Knock Off|p2a: Great Tusk
|-resisted|p2a: Great Tusk
|-damage|p2a: Great Tusk|66/100
|-damage|p1a: Lokix|84/100|[from] item: Rocky Helmet|[of] p2a: Great Tusk
|-enditem|p2a: Great Tusk|Rocky Helmet|[from] move: Knock Off|[of] p1a: Lokix
|
|upkeep
|turn|5
|
|t:|1758971668
|switch|p1a: Chesnaught|Chesnaught, M|82/100
|move|p2a: Great Tusk|Knock Off|p1a: Chesnaught
|-resisted|p1a: Chesnaught
|-damage|p1a: Chesnaught|73/100
|-damage|p2a: Great Tusk|49/100|[from] item: Rocky Helmet|[of] p1a: Chesnaught
|-enditem|p1a: Chesnaught|Rocky Helmet|[from] move: Knock Off|[of] p2a: Great Tusk
|
|-end|p1a: Chesnaught|move: Future Sight
|-supereffective|p1a: Chesnaught
|-damage|p1a: Chesnaught|0 fnt
|faint|p1a: Chesnaught
|upkeep
|
|t:|1758971684
|switch|p1a: Sandy Shocks|Sandy Shocks|100/100
|turn|6
|
|t:|1758971692
|-terastallize|p1a: Sandy Shocks|Ice
|move|p1a: Sandy Shocks|Tera Blast|p2a: Great Tusk|[anim] Tera Blast Ice
|-supereffective|p2a: Great Tusk
|-damage|p2a: Great Tusk|0 fnt
|faint|p2a: Great Tusk
|-end|p2a: Great Tusk|Protosynthesis|[silent]
|
|upkeep
|
|t:|1758971695
|switch|p2a: Slowking|Slowking-Galar, M|100/100
|turn|7
|
|t:|1758971699
|-end|p1a: Sandy Shocks|Protosynthesis|[silent]
|switch|p1a: Lokix|Lokix, M|84/100
|move|p2a: Slowking|Future Sight|p1a: Lokix
|-start|p2a: Slowking|move: Future Sight
|
|upkeep
|turn|8
|
|t:|1758971705
|switch|p2a: Zamazenta|Zamazenta|100/100
|-ability|p2a: Zamazenta|Dauntless Shield|boost
|-boost|p2a: Zamazenta|def|1
|move|p1a: Lokix|Knock Off|p2a: Zamazenta
|-resisted|p2a: Zamazenta
|-damage|p2a: Zamazenta|62/100
|-enditem|p2a: Zamazenta|Assault Vest|[from] move: Knock Off|[of] p1a: Lokix
|
|upkeep
|turn|9
|
|t:|1758971711
|move|p2a: Zamazenta|Close Combat|p1a: Lokix
|-damage|p1a: Lokix|0 fnt
|-unboost|p2a: Zamazenta|def|1
|-unboost|p2a: Zamazenta|spd|1
|faint|p1a: Lokix
|
|-hint|Future Sight did not hit because the target is fainted.
|upkeep
|
|t:|1758971714
|switch|p1a: Sandy Shocks|Sandy Shocks, tera:Ice|100/100
|turn|10
|
|t:|1758971723
|switch|p2a: Slowking|Slowking-Galar, M|100/100
|move|p1a: Sandy Shocks|Volt Switch|p2a: Slowking
|-damage|p2a: Slowking|81/100
|
|t:|1758971726
|-end|p1a: Sandy Shocks|Protosynthesis|[silent]
|switch|p1a: Cinderace|Cinderace, F|100/100|[from] Volt Switch
|
|upkeep
|turn|11
|
|t:|1758971730
|switch|p2a: Basculegion|Basculegion-F, F|100/100
|move|p1a: Cinderace|Pyro Ball|p2a: Basculegion
|-resisted|p2a: Basculegion
|-damage|p2a: Basculegion|72/100
|-status|p2a: Basculegion|brn
|
|-damage|p2a: Basculegion|66/100 brn|[from] brn
|upkeep
|turn|12
|
|t:|1758971740
|switch|p1a: Toxapex|Toxapex, F|100/100
|move|p2a: Basculegion|Shadow Ball|p1a: Toxapex
|-damage|p1a: Toxapex|41/100
|
|-heal|p1a: Toxapex|47/100|[from] item: Leftovers
|-damage|p2a: Basculegion|60/100 brn|[from] brn
|upkeep
|turn|13
|
|t:|1758971746
|move|p1a: Toxapex|Baneful Bunker|p1a: Toxapex
|-singleturn|p1a: Toxapex|move: Protect
|move|p2a: Basculegion|Shadow Ball|p1a: Toxapex
|-activate|p1a: Toxapex|move: Protect
|
|-heal|p1a: Toxapex|54/100|[from] item: Leftovers
|-damage|p2a: Basculegion|53/100 brn|[from] brn
|upkeep
|turn|14
|
|t:|1758971755
|switch|p1a: Goodra|Goodra-Hisui, F|100/100
|move|p2a: Basculegion|Shadow Ball|p1a: Goodra
|-damage|p1a: Goodra|49/100
|
|-heal|p1a: Goodra|55/100|[from] item: Leftovers
|-damage|p2a: Basculegion|47/100 brn|[from] brn
|upkeep
|turn|15
|
|t:|1758971767
|move|p2a: Basculegion|Shadow Ball|p1a: Goodra
|-damage|p1a: Goodra|1/100
|move|p1a: Goodra|Draco Meteor|p2a: Basculegion
|-damage|p2a: Basculegion|0 fnt
|-unboost|p1a: Goodra|spa|2
|faint|p2a: Basculegion
|
|-heal|p1a: Goodra|7/100|[from] item: Leftovers
|upkeep
|
|t:|1758971777
|switch|p2a: Landorus|Landorus-Therian, M|100/100
|-ability|p2a: Landorus|Intimidate|boost
|-unboost|p1a: Goodra|atk|1
|turn|16
|
|t:|1758971781
|move|p2a: Landorus|Earthquake|p1a: Goodra
|-supereffective|p1a: Goodra
|-damage|p1a: Goodra|0 fnt
|faint|p1a: Goodra
|
|upkeep
|
|t:|1758971784
|switch|p1a: Sandy Shocks|Sandy Shocks, tera:Ice|100/100
|turn|17
|
|t:|1758971787
|switch|p2a: Slowking|Slowking-Galar, M|100/100
|move|p1a: Sandy Shocks|Tera Blast|p2a: Slowking|[anim] Tera Blast Ice
|-damage|p2a: Slowking|78/100
|
|upkeep
|turn|18
|
|t:|1758971793
|-end|p1a: Sandy Shocks|Protosynthesis|[silent]
|switch|p1a: Cinderace|Cinderace, F|100/100
|move|p2a: Slowking|Sludge Bomb|p1a: Cinderace
|-damage|p1a: Cinderace|33/100
|
|upkeep
|turn|19
|
|t:|1758971799
|switch|p2a: Landorus|Landorus-Therian, M|100/100
|-ability|p2a: Landorus|Intimidate|boost
|-unboost|p1a: Cinderace|atk|1
|move|p1a: Cinderace|Sucker Punch||[still]
|-fail|p1a: Cinderace
|
|upkeep
|turn|20
|
|t:|1758971807
|switch|p1a: Sandy Shocks|Sandy Shocks, tera:Ice|100/100
|move|p2a: Landorus|Earthquake|p1a: Sandy Shocks
|-damage|p1a: Sandy Shocks|30/100
|
|upkeep
|turn|21
|
|t:|1758971811
|switch|p2a: Slowking|Slowking-Galar, M|100/100
|move|p1a: Sandy Shocks|Volt Switch|p2a: Slowking
|-damage|p2a: Slowking|83/100
|
|t:|1758971814
|-end|p1a: Sandy Shocks|Protosynthesis|[silent]
|switch|p1a: Cinderace|Cinderace, F|33/100|[from] Volt Switch
|
|upkeep
|turn|22
|
|t:|1758971816
|switch|p2a: Zamazenta|Zamazenta|62/100
|move|p1a: Cinderace|Pyro Ball|p2a: Zamazenta
|-damage|p2a: Zamazenta|20/100
|
|upkeep
|turn|23
|
|t:|1758971827
|switch|p1a: Toxapex|Toxapex, F|87/100
|move|p2a: Zamazenta|Heavy Slam|p1a: Toxapex
|-resisted|p1a: Toxapex
|-crit|p1a: Toxapex
|-damage|p1a: Toxapex|61/100
|
|-heal|p1a: Toxapex|67/100|[from] item: Leftovers
|upkeep
|turn|24
|
|t:|1758971832
|switch|p1a: Sandy Shocks|Sandy Shocks, tera:Ice|30/100
|move|p2a: Zamazenta|Crunch|p1a: Sandy Shocks
|-damage|p1a: Sandy Shocks|0 fnt
|faint|p1a: Sandy Shocks
|-end|p1a: Sandy Shocks|Protosynthesis|[silent]
|
|upkeep
|
|t:|1758971837
|switch|p1a: Toxapex|Toxapex, F|100/100
|turn|25
|
|t:|1758971840
|move|p2a: Zamazenta|Crunch|p1a: Toxapex
|-damage|p1a: Toxapex|80/100
|move|p1a: Toxapex|Liquidation|p2a: Zamazenta
|-damage|p2a: Zamazenta|3/100
|
|-heal|p1a: Toxapex|86/100|[from] item: Leftovers
|upkeep
|turn|26
|
|t:|1758971843
|move|p1a: Toxapex|Baneful Bunker|p1a: Toxapex
|-singleturn|p1a: Toxapex|move: Protect
|move|p2a: Zamazenta|Crunch|p1a: Toxapex
|-activate|p1a: Toxapex|move: Protect
|-status|p2a: Zamazenta|psn
|
|-heal|p1a: Toxapex|92/100|[from] item: Leftovers
|-damage|p2a: Zamazenta|0 fnt|[from] psn
|faint|p2a: Zamazenta
|upkeep
|
|t:|1758971845
|switch|p2a: Landorus|Landorus-Therian, M|100/100
|-ability|p2a: Landorus|Intimidate|boost
|-unboost|p1a: Toxapex|atk|1
|turn|27
|
|t:|1758971848
|move|p2a: Landorus|Earthquake|p1a: Toxapex
|-supereffective|p1a: Toxapex
|-damage|p1a: Toxapex|0 fnt
|faint|p1a: Toxapex
|
|upkeep
|
|t:|1758971850
|switch|p1a: Cinderace|Cinderace, F|33/100
|turn|28
|
|t:|1758971852
|move|p2a: Landorus|Earthquake|p1a: Cinderace
|-supereffective|p1a: Cinderace
|-damage|p1a: Cinderace|0 fnt
|faint|p1a: Cinderace
|
|win|SamiFawad
|raw|Froslass_Trainer's rating: 1437 &rarr; <strong>1419</strong><br />(-18 for losing)
|raw|SamiFawad's rating: 1465 &rarr; <strong>1483</strong><br />(+18 for winning)
|l|☆SamiFawad
|player|p2|
|l|☆Froslass_Trainer
|player|p1|
