|j|☆Whom Idunno
|j|‽PokeBlaze17
|t:|1759021596
|gametype|singles
|player|p1|Whom Idunno|harlequin|1328
|player|p2|PokeBlaze17|cheren-gen5bw2|1345
|gen|9
|tier|[Gen 9] OU
|rated|
|rule|HP Percentage Mod: HP is shown in percentages
|rule|Endless Battle Clause: Forcing endless battles is banned
|rule|Species Clause: Limit one of each Pokémon
|rule|OHKO Clause: OHKO moves are banned
|rule|Evasion Items Clause: Evasion items are banned
|rule|Evasion Moves Clause: Evasion moves are banned
|rule|Evasion Abilities Clause: Evasion abilities are banned
|rule|Sleep Moves Clause: Sleep-inducing moves are banned
|clearpoke
|poke|p1|Arcanine-Hisui, F|
|poke|p1|Raging Bolt|
|poke|p1|Zoroark-Hisui, M|
|poke|p1|Quaquaval, F|
|poke|p1|Weavile, M|
|poke|p1|Maushold-Four|
|poke|p2|Clefable, F|
|poke|p2|Sableye, M|
|poke|p2|Haxorus, F|
|poke|p2|Glimmora, F|
|poke|p2|Kilowattrel, F|
|poke|p2|Komala, F|
|teampreview
|inactive|Battle timer is ON: inactive players will automatically lose when time's up. (requested by PokeBlaze17)
|
|t:|1759021610
|teamsize|p1|6
|teamsize|p2|6
|start
|switch|p1a: Maushold|Maushold-Four|100/100
|switch|p2a: Glimmora|Glimmora, F, shiny|100/100
|turn|1
|
|t:|1759021624
|move|p1a: Maushold|Shadow Ball|p2a: Glimmora
|-damage|p2a: Glimmora|54/100
|move|p2a: Glimmora|Mortal Spin|p1a: Maushold
|-resisted|p1a: Maushold
|-damage|p1a: Maushold|95/100
|-status|p1a: Maushold|psn
|replace|p1a: Zoroark|Zoroark-Hisui, M
|-end|p1a: Zoroark|Illusion
|
|-damage|p1a: Zoroark|82/100 psn|[from] psn
|upkeep
|turn|2
|
|t:|1759021637
|move|p1a: Zoroark|Shadow Ball|p2a: Glimmora
|-damage|p2a: Glimmora|13/100
|move|p2a: Glimmora|Stealth Rock|p1a: Zoroark
|-sidestart|p1: Whom Idunno|move: Stealth Rock
|
|-damage|p1a: Zoroark|70/100 psn|[from] psn
|upkeep
|turn|3
|
|t:|1759021651
|switch|p1a: Maushold|Maushold-Four|100/100
|-damage|p1a: Maushold|88/100|[from] Stealth Rock
|move|p2a: Glimmora|Meteor Beam||[still]
|-prepare|p2a: Glimmora|Meteor Beam
|-boost|p2a: Glimmora|spa|1
|-enditem|p2a: Glimmora|Power Herb
|-anim|p2a: Glimmora|Meteor Beam|p1a: Maushold
|-damage|p1a: Maushold|0 fnt
|faint|p1a: Maushold
|
|upkeep
|
|t:|1759021665
|switch|p1a: Weavile|Weavile, M|70/100 psn
|-damage|p1a: Weavile|57/100 psn|[from] Stealth Rock
|turn|4
|
|t:|1759021682
|move|p1a: Weavile|Shadow Ball|p2a: Glimmora
|-damage|p2a: Glimmora|0 fnt
|faint|p2a: Glimmora
|
|-damage|p1a: Weavile|45/100 psn|[from] psn
|upkeep
|
|t:|1759021691
|switch|p2a: Komala|Komala, F, shiny|100/100
|-ability|p2a: Komala|Comatose
|turn|5
|
|t:|1759021700
|switch|p1a: Quaquaval|Quaquaval, F|100/100
|-damage|p1a: Quaquaval|94/100|[from] Stealth Rock
|move|p2a: Komala|Bulk Up|p2a: Komala
|-boost|p2a: Komala|atk|1
|-boost|p2a: Komala|def|1
|
|upkeep
|turn|6
|
|t:|1759021709
|switch|p2a: Sableye|Sableye, M|100/100
|move|p1a: Quaquaval|Aqua Step|p2a: Sableye
|-damage|p2a: Sableye|62/100
|-boost|p1a: Quaquaval|spe|1
|
|upkeep
|turn|7
|
|t:|1759021717
|move|p2a: Sableye|Reflect|p2a: Sableye
|-sidestart|p2: PokeBlaze17|Reflect
|move|p1a: Quaquaval|Aqua Step|p2a: Sableye
|-crit|p2a: Sableye
|-damage|p2a: Sableye|9/100
|-boost|p1a: Quaquaval|spe|1
|
|upkeep
|turn|8
|
|t:|1759021735
|move|p2a: Sableye|Light Screen|p2a: Sableye
|-sidestart|p2: PokeBlaze17|move: Light Screen
|move|p1a: Quaquaval|Aqua Step|p2a: Sableye
|-damage|p2a: Sableye|0 fnt
|-boost|p1a: Quaquaval|spe|1
|faint|p2a: Sableye
|-ability|p1a: Quaquaval|Moxie|boost
|-boost|p1a: Quaquaval|atk|1
|
|upkeep
|
|t:|1759021744
|switch|p2a: Kilowattrel|Kilowattrel, F, shiny|100/100
|turn|9
|
|t:|1759021750
|-terastallize|p1a: Quaquaval|Steel
|move|p1a: Quaquaval|Triple Axel|p2a: Kilowattrel|[miss]
|-miss|p1a: Quaquaval|p2a: Kilowattrel
|move|p2a: Kilowattrel|Discharge|p1a: Quaquaval
|-damage|p1a: Quaquaval|58/100
|
|upkeep
|turn|10
|
|t:|1759021765
|move|p1a: Quaquaval|Triple Axel|p2a: Kilowattrel|[miss]
|-miss|p1a: Quaquaval|p2a: Kilowattrel
|move|p2a: Kilowattrel|Discharge|p1a: Quaquaval
|-damage|p1a: Quaquaval|20/100
|
|upkeep
|turn|11
|
|t:|1759021774
|move|p1a: Quaquaval|Triple Axel|p2a: Kilowattrel
|-supereffective|p2a: Kilowattrel
|-damage|p2a: Kilowattrel|81/100
|-supereffective|p2a: Kilowattrel
|-damage|p2a: Kilowattrel|47/100
|-supereffective|p2a: Kilowattrel
|-damage|p2a: Kilowattrel|0 fnt
|faint|p2a: Kilowattrel
|-ability|p1a: Quaquaval|Moxie|boost
|-boost|p1a: Quaquaval|atk|1
|-hitcount|p2: Kilowattrel|3
|
|upkeep
|
|t:|1759021787
|switch|p2a: Komala|Komala, F, shiny|100/100
|-ability|p2a: Komala|Comatose
|turn|12
|
|t:|1759021792
|-terastallize|p2a: Komala|Dark
|move|p2a: Komala|Sucker Punch|p1a: Quaquaval
|-damage|p1a: Quaquaval|0 fnt
|faint|p1a: Quaquaval
|
|upkeep
|
|t:|1759021800
|switch|p1a: Weavile|Weavile, M|45/100 psn
|-damage|p1a: Weavile|33/100 psn|[from] Stealth Rock
|turn|13
|
|t:|1759021806
|move|p1a: Weavile|Focus Blast|p2a: Komala
|-supereffective|p2a: Komala
|-damage|p2a: Komala|70/100
|move|p2a: Komala|Wish|p2a: Komala
|
|-damage|p1a: Weavile|20/100 psn|[from] psn
|upkeep
|turn|14
|
|t:|1759021814
|move|p1a: Weavile|Focus Blast|p2a: Komala
|-supereffective|p2a: Komala
|-damage|p2a: Komala|40/100
|move|p2a: Komala|Bulk Up|p2a: Komala
|-boost|p2a: Komala|atk|1
|-boost|p2a: Komala|def|1
|
|-heal|p2a: Komala|90/100|[from] move: Wish|[wisher] Komala
|-damage|p1a: Weavile|8/100 psn|[from] psn
|-sideend|p2: PokeBlaze17|Reflect
|upkeep
|turn|15
|
|t:|1759021825
|move|p2a: Komala|Sucker Punch|p1a: Weavile
|-supereffective|p1a: Weavile
|-damage|p1a: Weavile|0 fnt
|replace|p1a: Zoroark|Zoroark-Hisui, M
|-end|p1a: Zoroark|Illusion
|faint|p1a: Zoroark
|
|-sideend|p2: PokeBlaze17|move: Light Screen
|upkeep
|
|t:|1759021831
|switch|p1a: Raging Bolt|Raging Bolt|100/100
|-damage|p1a: Raging Bolt|88/100|[from] Stealth Rock
|-enditem|p1a: Raging Bolt|Booster Energy
|-activate|p1a: Raging Bolt|ability: Protosynthesis|[fromitem]
|-start|p1a: Raging Bolt|protosynthesisspa
|turn|16
|
|t:|1759021839
|move|p1a: Raging Bolt|Thunderbolt|p2a: Komala
|-damage|p2a: Komala|37/100
|move|p2a: Komala|Wish|p2a: Komala
|
|upkeep
|turn|17
|
|t:|1759021844
|move|p2a: Komala|Sucker Punch|p1a: Raging Bolt
|-damage|p1a: Raging Bolt|49/100
|move|p1a: Raging Bolt|Thunderbolt|p2a: Komala
|-damage|p2a: Komala|0 fnt
|faint|p2a: Komala
|
|upkeep
|
|t:|1759021856
|switch|p2a: Haxorus|Haxorus, F, shiny|100/100
|-ability|p2a: Haxorus|Mold Breaker
|turn|18
|
|t:|1759021862
|move|p1a: Raging Bolt|Thunderclap|p2a: Haxorus
|-resisted|p2a: Haxorus
|-damage|p2a: Haxorus|55/100
|move|p2a: Haxorus|Earthquake|p1a: Raging Bolt
|-supereffective|p1a: Raging Bolt
|-damage|p1a: Raging Bolt|0 fnt
|faint|p1a: Raging Bolt
|-end|p1a: Raging Bolt|Protosynthesis|[silent]
|
|upkeep
|
|t:|1759021871
|switch|p1a: Weavile|Weavile, M|100/100
|-damage|p1a: Weavile|76/100|[from] Stealth Rock
|-ability|p1a: Weavile|Pressure
|turn|19
|
|t:|1759021877
|move|p1a: Weavile|Triple Axel|p2a: Haxorus
|-supereffective|p2a: Haxorus
|-damage|p2a: Haxorus|24/100
|-supereffective|p2a: Haxorus
|-damage|p2a: Haxorus|0 fnt
|faint|p2a: Haxorus
|-hitcount|p2: Haxorus|2
|
|upkeep
|
|t:|1759021885
|switch|p2a: Clefable|Clefable, F, shiny|100/100
|turn|20
|
|t:|1759021890
|move|p1a: Weavile|Triple Axel|p2a: Clefable
|-damage|p2a: Clefable|91/100
|-damage|p2a: Clefable|72/100
|-damage|p2a: Clefable|43/100
|-hitcount|p2a: Clefable|3
|move|p2a: Clefable|Draining Kiss|p1a: Weavile
|-supereffective|p1a: Weavile
|-damage|p1a: Weavile|28/100
|-heal|p2a: Clefable|68/100|[from] drain|[of] p1a: Weavile
|
|-heal|p2a: Clefable|74/100|[from] item: Leftovers
|upkeep
|turn|21
|
|t:|1759021903
|move|p1a: Weavile|Triple Axel|p2a: Clefable
|-damage|p2a: Clefable|64/100
|-damage|p2a: Clefable|47/100
|-damage|p2a: Clefable|20/100
|-hitcount|p2a: Clefable|3
|move|p2a: Clefable|Draining Kiss|p1a: Weavile
|-supereffective|p1a: Weavile
|-damage|p1a: Weavile|0 fnt
|-heal|p2a: Clefable|35/100|[from] drain|[of] p1a: Weavile
|faint|p1a: Weavile
|
|-heal|p2a: Clefable|41/100|[from] item: Leftovers
|upkeep
|
|t:|1759021914
|switch|p1a: Arcanine|Arcanine-Hisui, F|100/100
|-damage|p1a: Arcanine|76/100|[from] Stealth Rock
|turn|22
|
|t:|1759021930
|move|p1a: Arcanine|Head Smash|p2a: Clefable
|-damage|p2a: Clefable|0 fnt
|faint|p2a: Clefable
|
|win|Whom Idunno
|raw|Whom Idunno's rating: 1328 &rarr; <strong>1349</strong><br />(+21 for winning)
|raw|PokeBlaze17's rating: 1345 &rarr; <strong>1324</strong><br />(-21 for losing)
|l|‽PokeBlaze17
|player|p2|
|l|☆Whom Idunno
|player|p1|
