|j|☆suprya
|j|☆deepfriedmagikarp
|t:|1758927655
|gametype|singles
|player|p1|suprya|preschooler|1712
|player|p2|deepfriedmagikarp|pokemonranger-gen4|1798
|gen|9
|tier|[Gen 9] OU
|rated|
|rule|HP Percentage Mod: HP is shown in percentages
|rule|Endless Battle Clause: Forcing endless battles is banned
|rule|Species Clause: Limit one of each Pokémon
|rule|OHKO Clause: OHKO moves are banned
|rule|Evasion Items Clause: Evasion items are banned
|rule|Evasion Moves Clause: Evasion moves are banned
|rule|Evasion Abilities Clause: Evasion abilities are banned
|rule|Sleep Moves Clause: Sleep-inducing moves are banned
|clearpoke
|poke|p1|Jolteon, M|
|poke|p1|Dragapult, M|
|poke|p1|Alomomola, F|
|poke|p1|Incineroar, F|
|poke|p1|Corviknight, M|
|poke|p1|Garchomp, F|
|poke|p2|Ogerpon-Wellspring, F|
|poke|p2|Kingambit, F|
|poke|p2|Landorus-Therian, M|
|poke|p2|Glimmora, M|
|poke|p2|Dragapult, M|
|poke|p2|Iron Valiant|
|teampreview
|inactive|Battle timer is ON: inactive players will automatically lose when time's up. (requested by deepfriedmagikarp)
|inactive|suprya also wants the timer to be on.
|
|t:|1758927671
|teamsize|p1|6
|teamsize|p2|6
|start
|switch|p1a: Garchomp|Garchomp, F|100/100
|switch|p2a: Dragapult|Dragapult, M|100/100
|turn|1
|
|t:|1758927680
|switch|p1a: Incineroar|Incineroar, F|100/100
|-ability|p1a: Incineroar|Intimidate|boost
|-fail|p2a: Dragapult|unboost|[from] ability: Clear Body|[of] p2a: Dragapult
|move|p2a: Dragapult|Draco Meteor|p1a: Incineroar
|-damage|p1a: Incineroar|42/100
|-unboost|p2a: Dragapult|spa|2
|
|upkeep
|turn|2
|j| Just Icicle
|
|t:|1758927694
|switch|p2a: Landorus|Landorus-Therian, M|100/100
|-ability|p2a: Landorus|Intimidate|boost
|-unboost|p1a: Incineroar|atk|1
|move|p1a: Incineroar|Will-O-Wisp|p2a: Landorus
|-status|p2a: Landorus|brn
|
|-damage|p2a: Landorus|94/100 brn|[from] brn
|upkeep
|turn|3
|
|t:|1758927702
|switch|p1a: Garchomp|Garchomp, F|100/100
|move|p2a: Landorus|Stealth Rock|p1a: Garchomp
|-sidestart|p1: suprya|move: Stealth Rock
|
|-damage|p2a: Landorus|88/100 brn|[from] brn
|upkeep
|turn|4
|
|t:|1758927705
|move|p2a: Landorus|Taunt|p1a: Garchomp
|-start|p1a: Garchomp|move: Taunt
|cant|p1a: Garchomp|move: Taunt|Stealth Rock
|
|-damage|p2a: Landorus|82/100 brn|[from] brn
|upkeep
|turn|5
|
|t:|1758927714
|switch|p2a: Glimmora|Glimmora, M|100/100
|switch|p1a: Alomomola|Alomomola, F|100/100
|
|upkeep
|turn|6
|
|t:|1758927724
|move|p2a: Glimmora|Meteor Beam||[still]
|-prepare|p2a: Glimmora|Meteor Beam
|-boost|p2a: Glimmora|spa|1
|-enditem|p2a: Glimmora|Power Herb
|-anim|p2a: Glimmora|Meteor Beam|p1a: Alomomola
|-damage|p1a: Alomomola|10/100
|move|p1a: Alomomola|Wish|p1a: Alomomola
|
|upkeep
|turn|7
|j| Vhudzeyhvf
|
|t:|1758927740
|switch|p1a: Garchomp|Garchomp, F|100/100
|-damage|p1a: Garchomp|94/100|[from] Stealth Rock
|move|p2a: Glimmora|Spikes|p1a: Garchomp
|-sidestart|p1: suprya|Spikes
|
|-heal|p1a: Garchomp|100/100|[from] move: Wish|[wisher] Alomomola
|upkeep
|turn|8
|l| Vhudzeyhvf
|
|t:|1758927749
|move|p2a: Glimmora|Mortal Spin|p1a: Garchomp
|-resisted|p1a: Garchomp
|-damage|p1a: Garchomp|99/100
|-status|p1a: Garchomp|psn
|-damage|p2a: Glimmora|88/100|[from] ability: Rough Skin|[of] p1a: Garchomp
|-damage|p2a: Glimmora|72/100|[from] item: Rocky Helmet|[of] p1a: Garchomp
|move|p1a: Garchomp|Earthquake|p2a: Glimmora
|-supereffective|p2a: Glimmora
|-damage|p2a: Glimmora|0 fnt
|-activate|p2a: Glimmora|ability: Toxic Debris
|-sidestart|p1: suprya|move: Toxic Spikes
|faint|p2a: Glimmora
|
|-damage|p1a: Garchomp|86/100 psn|[from] psn
|upkeep
|
|t:|1758927757
|switch|p2a: Dragapult|Dragapult, M|100/100
|turn|9
|
|t:|1758927770
|switch|p1a: Incineroar|Incineroar, F|42/100
|-ability|p1a: Incineroar|Intimidate|boost
|-fail|p2a: Dragapult|unboost|[from] ability: Clear Body|[of] p2a: Dragapult
|move|p2a: Dragapult|Shadow Ball|p1a: Incineroar
|-resisted|p1a: Incineroar
|-damage|p1a: Incineroar|25/100
|
|upkeep
|turn|10
|
|t:|1758927778
|switch|p2a: Landorus|Landorus-Therian, M|82/100 brn
|-ability|p2a: Landorus|Intimidate|boost
|-unboost|p1a: Incineroar|atk|1
|move|p1a: Incineroar|Will-O-Wisp|p2a: Landorus
|-fail|p2a: Landorus|brn
|
|-damage|p2a: Landorus|76/100 brn|[from] brn
|upkeep
|turn|11
|
|t:|1758927784
|switch|p1a: Corviknight|Corviknight, M|100/100
|-damage|p1a: Corviknight|88/100|[from] Stealth Rock
|-ability|p1a: Corviknight|Pressure
|move|p2a: Landorus|U-turn|p1a: Corviknight
|-resisted|p1a: Corviknight
|-damage|p1a: Corviknight|87/100
|-damage|p2a: Landorus|60/100 brn|[from] item: Rocky Helmet|[of] p1a: Corviknight
|
|t:|1758927787
|switch|p2a: Dragapult|Dragapult, M|100/100|[from] U-turn
|
|upkeep
|turn|12
|inactive|suprya has 120 seconds left.
|
|t:|1758927820
|move|p2a: Dragapult|Flamethrower|p1a: Corviknight
|-supereffective|p1a: Corviknight
|-damage|p1a: Corviknight|6/100
|-status|p1a: Corviknight|brn
|move|p1a: Corviknight|U-turn|p2a: Dragapult
|-resisted|p2a: Dragapult
|-crit|p2a: Dragapult
|-damage|p2a: Dragapult|94/100
|
|t:|1758927823
|switch|p1a: Jolteon|Jolteon, M|100/100|[from] U-turn
|
|upkeep
|turn|13
|
|t:|1758927843
|switch|p2a: Kingambit|Kingambit, F|100/100
|-activate|p2a: Kingambit|ability: Supreme Overlord
|-start|p2a: Kingambit|fallen1|[silent]
|move|p1a: Jolteon|Calm Mind|p1a: Jolteon
|-boost|p1a: Jolteon|spa|1
|-boost|p1a: Jolteon|spd|1
|
|upkeep
|turn|14
|
|t:|1758927864
|move|p1a: Jolteon|Volt Switch|p2a: Kingambit
|-damage|p2a: Kingambit|49/100
|
|t:|1758927869
|switch|p1a: Corviknight|Corviknight, M|6/100 brn|[from] Volt Switch
|-damage|p1a: Corviknight|0 fnt|[from] Stealth Rock
|faint|p1a: Corviknight
|move|p2a: Kingambit|Kowtow Cleave|p1: Corviknight|[notarget]
|-fail|p2a: Kingambit
|
|-heal|p2a: Kingambit|55/100|[from] item: Leftovers
|upkeep
|
|t:|1758927873
|switch|p1a: Incineroar|Incineroar, F|25/100
|-ability|p1a: Incineroar|Intimidate|boost
|-unboost|p2a: Kingambit|atk|1
|turn|15
|
|t:|1758927878
|-end|p2a: Kingambit|fallen1|[silent]
|switch|p2a: Landorus|Landorus-Therian, M|60/100 brn
|-ability|p2a: Landorus|Intimidate|boost
|-unboost|p1a: Incineroar|atk|1
|move|p1a: Incineroar|Flare Blitz|p2a: Landorus
|-damage|p2a: Landorus|28/100 brn
|-damage|p1a: Incineroar|9/100|[from] item: Rocky Helmet|[of] p2a: Landorus
|-damage|p1a: Incineroar|0 fnt|[from] Recoil
|faint|p1a: Incineroar
|
|-damage|p2a: Landorus|22/100 brn|[from] brn
|upkeep
|
|t:|1758927885
|switch|p1a: Alomomola|Alomomola, F|43/100
|turn|16
|
|t:|1758927889
|move|p2a: Landorus|Taunt|p1a: Alomomola
|-start|p1a: Alomomola|move: Taunt
|cant|p1a: Alomomola|move: Taunt|Wish
|
|-damage|p2a: Landorus|16/100 brn|[from] brn
|upkeep
|turn|17
|j| I buy gun skill
|inactive|suprya has 120 seconds left.
|
|t:|1758927929
|switch|p2a: Ogerpon|Ogerpon-Wellspring, F|100/100
|switch|p1a: Garchomp|Garchomp, F|86/100 psn
|-damage|p1a: Garchomp|80/100 psn|[from] Stealth Rock
|-damage|p1a: Garchomp|68/100 psn|[from] Spikes
|
|-damage|p1a: Garchomp|55/100 psn|[from] psn
|upkeep
|turn|18
|
|t:|1758927934
|move|p2a: Ogerpon|Play Rough|p1a: Garchomp
|-supereffective|p1a: Garchomp
|-damage|p1a: Garchomp|13/100 psn
|-damage|p2a: Ogerpon|88/100|[from] ability: Rough Skin|[of] p1a: Garchomp
|-damage|p2a: Ogerpon|72/100|[from] item: Rocky Helmet|[of] p1a: Garchomp
|move|p1a: Garchomp|Stealth Rock|p2a: Ogerpon
|-sidestart|p2: deepfriedmagikarp|move: Stealth Rock
|
|-damage|p1a: Garchomp|0 fnt|[from] psn
|faint|p1a: Garchomp
|upkeep
|inactive|suprya has 120 seconds left.
|
|t:|1758927943
|switch|p1a: Dragapult|Dragapult, M|100/100
|turn|19
|
|t:|1758927948
|move|p1a: Dragapult|Will-O-Wisp|p2a: Ogerpon
|-status|p2a: Ogerpon|brn
|move|p2a: Ogerpon|Play Rough|p1a: Dragapult
|-supereffective|p1a: Dragapult
|-damage|p1a: Dragapult|48/100
|
|-damage|p2a: Ogerpon|66/100 brn|[from] brn
|upkeep
|turn|20
|
|t:|1758927953
|move|p1a: Dragapult|Hex|p2a: Ogerpon
|-crit|p2a: Ogerpon
|-damage|p2a: Ogerpon|0 fnt
|faint|p2a: Ogerpon
|
|upkeep
|
|t:|1758927957
|switch|p2a: Iron Valiant|Iron Valiant|100/100
|-damage|p2a: Iron Valiant|94/100|[from] Stealth Rock
|-enditem|p2a: Iron Valiant|Booster Energy
|-activate|p2a: Iron Valiant|ability: Quark Drive|[fromitem]
|-start|p2a: Iron Valiant|quarkdrivespe
|turn|21
|inactive|suprya has 120 seconds left.
|
|t:|1758927996
|move|p2a: Iron Valiant|Knock Off|p1a: Dragapult
|-supereffective|p1a: Dragapult
|-damage|p1a: Dragapult|0 fnt
|-enditem|p1a: Dragapult|Heavy-Duty Boots|[from] move: Knock Off|[of] p2a: Iron Valiant
|faint|p1a: Dragapult
|
|upkeep
|
|t:|1758927999
|switch|p1a: Jolteon|Jolteon, M|100/100
|turn|22
|
|t:|1758928007
|-terastallize|p1a: Jolteon|Fairy
|move|p2a: Iron Valiant|Spirit Break|p1a: Jolteon
|-damage|p1a: Jolteon|22/100
|-unboost|p1a: Jolteon|spa|1
|move|p1a: Jolteon|Alluring Voice|p2a: Iron Valiant
|-supereffective|p2a: Iron Valiant
|-damage|p2a: Iron Valiant|1/100
|
|upkeep
|turn|23
|
|t:|1758928012
|move|p2a: Iron Valiant|Spirit Break|p1a: Jolteon
|-damage|p1a: Jolteon|0 fnt
|faint|p1a: Jolteon
|
|upkeep
|-message|suprya forfeited.
|
|win|deepfriedmagikarp
|raw|suprya's rating: 1712 &rarr; <strong>1697</strong><br />(-15 for losing)
|raw|deepfriedmagikarp's rating: 1798 &rarr; <strong>1813</strong><br />(+15 for winning)
|l|☆suprya
|player|p1|
|l|☆deepfriedmagikarp
|player|p2|
|l| I buy gun skill
|l| Just Icicle
