|j|☆bertoskyT
|j|☆ouku bakuza
|t:|1758961912
|gametype|singles
|player|p1|bertoskyT|ethan|1567
|player|p2|ouku bakuza|102|1580
|gen|9
|tier|[Gen 9] OU
|rated|
|rule|HP Percentage Mod: HP is shown in percentages
|rule|Endless Battle Clause: Forcing endless battles is banned
|rule|Species Clause: Limit one of each Pokémon
|rule|OHKO Clause: OHKO moves are banned
|rule|Evasion Items Clause: Evasion items are banned
|rule|Evasion Moves Clause: Evasion moves are banned
|rule|Evasion Abilities Clause: Evasion abilities are banned
|rule|Sleep Moves Clause: Sleep-inducing moves are banned
|clearpoke
|poke|p1|Dragapult, F|
|poke|p1|Landorus-Therian, M|
|poke|p1|Ogerpon-Wellspring, F|
|poke|p1|Greninja-*, M|
|poke|p1|Slowking-Galar, M|
|poke|p1|Forretress, M|
|poke|p2|Great Tusk|
|poke|p2|Dragonite, F|
|poke|p2|Gholdengo|
|poke|p2|Iron Treads|
|poke|p2|Rotom-Wash|
|poke|p2|Iron Valiant|
|teampreview
|inactive|Battle timer is ON: inactive players will automatically lose when time's up. (requested by bertoskyT)
|
|t:|1758961934
|teamsize|p1|6
|teamsize|p2|6
|start
|switch|p1a: Landorus|Landorus-Therian, M|100/100
|switch|p2a: Rotom|Rotom-Wash|100/100
|-ability|p1a: Landorus|Intimidate|boost
|-unboost|p2a: Rotom|atk|1
|turn|1
|
|t:|1758961944
|switch|p1a: Slowking|Slowking-Galar, M|100/100
|move|p2a: Rotom|Will-O-Wisp|p1a: Slowking
|-status|p1a: Slowking|brn
|
|-damage|p1a: Slowking|94/100 brn|[from] brn
|upkeep
|turn|2
|
|t:|1758961957
|switch|p2a: Iron Treads|Iron Treads|100/100
|-enditem|p2a: Iron Treads|Booster Energy
|-activate|p2a: Iron Treads|ability: Quark Drive|[fromitem]
|-start|p2a: Iron Treads|quarkdrivespe
|-prepare|p1a: Slowking|Chilly Reception|[premajor]
|move|p1a: Slowking|Chilly Reception|p1a: Slowking
|-weather|Snowscape
|
|t:|1758961964
|switch|p1a: Landorus|Landorus-Therian, M|100/100|[from] Chilly Reception
|-ability|p1a: Landorus|Intimidate|boost
|-unboost|p2a: Iron Treads|atk|1
|
|-weather|Snowscape|[upkeep]
|upkeep
|turn|3
|
|t:|1758961973
|move|p2a: Iron Treads|Stealth Rock|p1a: Landorus
|-sidestart|p1: bertoskyT|move: Stealth Rock
|move|p1a: Landorus|Earth Power|p2a: Iron Treads
|-supereffective|p2a: Iron Treads
|-damage|p2a: Iron Treads|12/100
|
|-weather|Snowscape|[upkeep]
|upkeep
|turn|4
|
|t:|1758961979
|move|p2a: Iron Treads|Iron Head|p1a: Landorus
|-damage|p1a: Landorus|84/100
|-damage|p2a: Iron Treads|0 fnt|[from] item: Rocky Helmet|[of] p1a: Landorus
|faint|p2a: Iron Treads
|-end|p2a: Iron Treads|Quark Drive|[silent]
|move|p1a: Landorus|Stealth Rock|p2: Iron Treads
|-sidestart|p2: ouku bakuza|move: Stealth Rock
|
|-weather|Snowscape|[upkeep]
|upkeep
|
|t:|1758961983
|switch|p2a: good horns|Great Tusk|100/100
|-damage|p2a: good horns|98/100|[from] Stealth Rock
|-enditem|p2a: good horns|Booster Energy
|-activate|p2a: good horns|ability: Protosynthesis|[fromitem]
|-start|p2a: good horns|protosynthesisatk
|turn|5
|
|t:|1758961986
|move|p2a: good horns|Rapid Spin|p1a: Landorus
|-damage|p1a: Landorus|65/100
|-boost|p2a: good horns|spe|1
|-damage|p2a: good horns|81/100|[from] item: Rocky Helmet|[of] p1a: Landorus
|-sideend|p2: ouku bakuza|Stealth Rock|[from] move: Rapid Spin|[of] p2a: good horns
|move|p1a: Landorus|Earth Power|p2a: good horns
|-damage|p2a: good horns|31/100
|
|-weather|Snowscape|[upkeep]
|upkeep
|turn|6
|
|t:|1758961999
|switch|p1a: Ogerpon|Ogerpon-Wellspring, F|100/100
|-damage|p1a: Ogerpon|88/100|[from] Stealth Rock
|move|p2a: good horns|Ice Spinner|p1a: Ogerpon
|-damage|p1a: Ogerpon|32/100
|
|-weather|none
|upkeep
|turn|7
|
|t:|1758962010
|move|p2a: good horns|Rapid Spin|p1a: Ogerpon
|-damage|p1a: Ogerpon|1/100
|-boost|p2a: good horns|spe|1
|move|p1a: Ogerpon|Horn Leech|p2a: good horns
|-supereffective|p2a: good horns
|-damage|p2a: good horns|0 fnt
|-heal|p1a: Ogerpon|20/100|[from] drain|[of] p2a: good horns
|faint|p2a: good horns
|-end|p2a: good horns|Protosynthesis|[silent]
|
|upkeep
|
|t:|1758962024
|switch|p2a: Iron Valiant|Iron Valiant|100/100
|-enditem|p2a: Iron Valiant|Booster Energy
|-activate|p2a: Iron Valiant|ability: Quark Drive|[fromitem]
|-start|p2a: Iron Valiant|quarkdrivespe
|turn|8
|
|t:|1758962029
|move|p2a: Iron Valiant|Spirit Break|p1a: Ogerpon
|-damage|p1a: Ogerpon|0 fnt
|faint|p1a: Ogerpon
|
|upkeep
|
|t:|1758962041
|switch|p1a: Slowking|Slowking-Galar, M|100/100 brn
|turn|9
|
|t:|1758962050
|-end|p2a: Iron Valiant|Quark Drive|[silent]
|switch|p2a: van gho|Gholdengo|100/100
|move|p1a: Slowking|Thunder Wave|p2a: van gho
|-immune|p2a: van gho|[from] ability: Good as Gold
|
|-damage|p1a: Slowking|94/100 brn|[from] brn
|upkeep
|turn|10
|
|t:|1758962062
|move|p2a: van gho|Nasty Plot|p2a: van gho
|-boost|p2a: van gho|spa|2
|move|p1a: Slowking|Flamethrower|p2a: van gho
|-supereffective|p2a: van gho
|-damage|p2a: van gho|56/100
|
|-heal|p2a: van gho|62/100|[from] item: Leftovers
|-damage|p1a: Slowking|88/100 brn|[from] brn
|upkeep
|turn|11
|
|t:|1758962070
|switch|p1a: Forretress|Forretress, M|100/100
|-damage|p1a: Forretress|88/100|[from] Stealth Rock
|move|p2a: van gho|Shadow Ball|p1a: Forretress
|-damage|p1a: Forretress|0 fnt
|faint|p1a: Forretress
|
|-heal|p2a: van gho|68/100|[from] item: Leftovers
|upkeep
|
|t:|1758962072
|switch|p1a: Dragapult|Dragapult, F|100/100
|-damage|p1a: Dragapult|88/100|[from] Stealth Rock
|turn|12
|j| wgw2333
|l| wgw2333
|
|t:|1758962087
|-terastallize|p1a: Dragapult|Ghost
|move|p1a: Dragapult|Tera Blast|p2a: van gho|[anim] Tera Blast Ghost
|-supereffective|p2a: van gho
|-damage|p2a: van gho|0 fnt
|faint|p2a: van gho
|
|upkeep
|
|t:|1758962097
|switch|p2a: Iron Valiant|Iron Valiant|100/100
|turn|13
|
|t:|1758962101
|move|p1a: Dragapult|Tera Blast|p2a: Iron Valiant|[anim] Tera Blast Ghost
|-damage|p2a: Iron Valiant|0 fnt
|faint|p2a: Iron Valiant
|-end|p2a: Iron Valiant|Quark Drive|[silent]
|
|upkeep
|
|t:|1758962107
|switch|p2a: Rotom|Rotom-Wash|100/100
|turn|14
|
|t:|1758962116
|switch|p1a: Slowking|Slowking-Galar, M|100/100 brn
|move|p2a: Rotom|Dark Pulse|p1a: Slowking
|-supereffective|p1a: Slowking
|-damage|p1a: Slowking|72/100 brn
|
|-damage|p1a: Slowking|66/100 brn|[from] brn
|upkeep
|turn|15
|
|t:|1758962121
|move|p2a: Rotom|Dark Pulse|p1a: Slowking
|-supereffective|p1a: Slowking
|-damage|p1a: Slowking|38/100 brn
|cant|p1a: Slowking|flinch
|
|-damage|p1a: Slowking|32/100 brn|[from] brn
|upkeep
|turn|16
|
|t:|1758962123
|move|p2a: Rotom|Dark Pulse|p1a: Slowking
|-supereffective|p1a: Slowking
|-damage|p1a: Slowking|4/100 brn
|move|p1a: Slowking|Sludge Bomb|p2a: Rotom
|-damage|p2a: Rotom|65/100
|-status|p2a: Rotom|psn
|
|-damage|p2a: Rotom|52/100 psn|[from] psn
|-damage|p1a: Slowking|0 fnt|[from] brn
|faint|p1a: Slowking
|upkeep
|
|t:|1758962134
|switch|p1a: Greninja|Greninja, M|100/100
|-damage|p1a: Greninja|88/100|[from] Stealth Rock
|turn|17
|
|t:|1758962143
|move|p2a: Rotom|Dark Pulse|p1a: Greninja
|-resisted|p1a: Greninja
|-damage|p1a: Greninja|70/100
|move|p1a: Greninja|Dark Pulse|p2a: Rotom
|-damage|p2a: Rotom|2/100 psn
|-damage|p1a: Greninja|60/100|[from] item: Life Orb
|
|-damage|p2a: Rotom|0 fnt|[from] psn
|faint|p2a: Rotom
|upkeep
|
|t:|1758962146
|switch|p2a: Dragonite|Dragonite, F|100/100
|turn|18
|
|t:|1758962150
|-terastallize|p2a: Dragonite|Fire
|move|p1a: Greninja|Ice Beam|p2a: Dragonite
|-resisted|p2a: Dragonite
|-damage|p2a: Dragonite|92/100
|-damage|p1a: Greninja|51/100|[from] item: Life Orb
|move|p2a: Dragonite|Dragon Dance|p2a: Dragonite
|-boost|p2a: Dragonite|atk|1
|-boost|p2a: Dragonite|spe|1
|
|-heal|p2a: Dragonite|98/100|[from] item: Leftovers
|upkeep
|turn|19
|
|t:|1758962163
|switch|p1a: Landorus|Landorus-Therian, M|65/100
|-damage|p1a: Landorus|53/100|[from] Stealth Rock
|-ability|p1a: Landorus|Intimidate|boost
|-unboost|p2a: Dragonite|atk|1
|move|p2a: Dragonite|Dragon Dance|p2a: Dragonite
|-boost|p2a: Dragonite|atk|1
|-boost|p2a: Dragonite|spe|1
|
|-heal|p2a: Dragonite|100/100|[from] item: Leftovers
|upkeep
|turn|20
|
|t:|1758962172
|move|p2a: Dragonite|Dragon Claw|p1a: Landorus
|-crit|p1a: Landorus
|-damage|p1a: Landorus|0 fnt
|-damage|p2a: Dragonite|84/100|[from] item: Rocky Helmet|[of] p1a: Landorus
|faint|p1a: Landorus
|
|-heal|p2a: Dragonite|90/100|[from] item: Leftovers
|upkeep
|
|t:|1758962180
|switch|p1a: Dragapult|Dragapult, F, tera:Ghost|88/100
|-damage|p1a: Dragapult|76/100|[from] Stealth Rock
|turn|21
|
|t:|1758962186
|move|p1a: Dragapult|Sucker Punch|p2a: Dragonite
|-damage|p2a: Dragonite|55/100
|move|p2a: Dragonite|Dragon Claw|p1a: Dragapult
|-damage|p1a: Dragapult|0 fnt
|faint|p1a: Dragapult
|
|-heal|p2a: Dragonite|61/100|[from] item: Leftovers
|upkeep
|
|t:|1758962189
|switch|p1a: Greninja|Greninja, M|51/100
|-damage|p1a: Greninja|38/100|[from] Stealth Rock
|turn|22
|
|t:|1758962193
|move|p2a: Dragonite|Extreme Speed|p1a: Greninja
|-damage|p1a: Greninja|0 fnt
|faint|p1a: Greninja
|
|win|ouku bakuza
|raw|bertoskyT's rating: 1567 &rarr; <strong>1548</strong><br />(-19 for losing)
|raw|ouku bakuza's rating: 1580 &rarr; <strong>1599</strong><br />(+19 for winning)
|l|☆bertoskyT
|player|p1|
|l|☆ouku bakuza
|player|p2|
