|j|☆KuroNoTamashi
|j|☆Daymo
|t:|1758920720
|gametype|singles
|player|p1|KuroNoTamashi|102|1595
|player|p2|Daymo|101|1610
|gen|9
|tier|[Gen 9] OU
|rated|
|rule|HP Percentage Mod: HP is shown in percentages
|rule|Endless Battle Clause: Forcing endless battles is banned
|rule|Species Clause: Limit one of each Pokémon
|rule|OHKO Clause: OHKO moves are banned
|rule|Evasion Items Clause: Evasion items are banned
|rule|Evasion Moves Clause: Evasion moves are banned
|rule|Evasion Abilities Clause: Evasion abilities are banned
|rule|Sleep Moves Clause: Sleep-inducing moves are banned
|clearpoke
|poke|p1|Pecharunt|
|poke|p1|Meowscarada, M|
|poke|p1|Alomomola, F|
|poke|p1|Great Tusk|
|poke|p1|Kyurem|
|poke|p1|Ceruledge, F|
|poke|p2|Kingambit, F|
|poke|p2|Latios, M|
|poke|p2|Gholdengo|
|poke|p2|Gliscor, M|
|poke|p2|Iron Valiant|
|poke|p2|Sinistcha-Masterpiece|
|teampreview
|
|t:|1758920730
|teamsize|p1|6
|teamsize|p2|6
|start
|switch|p1a: Kyurem|Kyurem, shiny|100/100
|switch|p2a: Kingambit|Kingambit, F|100/100
|-ability|p1a: Kyurem|Pressure
|turn|1
|
|t:|1758920742
|move|p1a: Kyurem|Earth Power|p2a: Kingambit
|-supereffective|p2a: Kingambit
|-damage|p2a: Kingambit|0 fnt
|faint|p2a: Kingambit
|-end|p2a: Kingambit|fallenundefined|[silent]
|
|upkeep
|
|t:|1758920750
|switch|p2a: Latios|Latios, M|100/100
|turn|2
|
|t:|1758920757
|switch|p1a: Alomomola|Alomomola, F, shiny|100/100
|move|p2a: Latios|Draco Meteor|p1a: Alomomola
|-damage|p1a: Alomomola|59/100
|-unboost|p2a: Latios|spa|2
|
|upkeep
|turn|3
|
|t:|1758920777
|switch|p2a: Sinistcha|Sinistcha-Masterpiece|100/100
|move|p1a: Alomomola|Flip Turn|p2a: Sinistcha
|-resisted|p2a: Sinistcha
|-damage|p2a: Sinistcha|94/100
|
|t:|1758920780
|switch|p1a: Kyurem|Kyurem, shiny|100/100|[from] Flip Turn
|-ability|p1a: Kyurem|Pressure
|
|-heal|p2a: Sinistcha|100/100|[from] item: Leftovers
|upkeep
|turn|4
|
|t:|1758920785
|switch|p2a: Gholdengo|Gholdengo|100/100
|move|p1a: Kyurem|Ice Beam|p2a: Gholdengo
|-resisted|p2a: Gholdengo
|-damage|p2a: Gholdengo|60/100
|
|upkeep
|turn|5
|
|t:|1758920790
|switch|p1a: Alomomola|Alomomola, F, shiny|92/100
|move|p2a: Gholdengo|Make It Rain|p1a: Alomomola
|-resisted|p1a: Alomomola
|-damage|p1a: Alomomola|76/100
|-unboost|p2a: Gholdengo|spa|1
|
|upkeep
|turn|6
|
|t:|1758920794
|switch|p2a: Sinistcha|Sinistcha-Masterpiece|100/100
|move|p1a: Alomomola|Flip Turn|p2a: Sinistcha
|-resisted|p2a: Sinistcha
|-damage|p2a: Sinistcha|94/100
|
|t:|1758920797
|switch|p1a: Kyurem|Kyurem, shiny|100/100|[from] Flip Turn
|-ability|p1a: Kyurem|Pressure
|
|-heal|p2a: Sinistcha|100/100|[from] item: Leftovers
|upkeep
|turn|7
|
|t:|1758920800
|switch|p2a: Gholdengo|Gholdengo|60/100
|move|p1a: Kyurem|Ice Beam|p2a: Gholdengo
|-resisted|p2a: Gholdengo
|-damage|p2a: Gholdengo|15/100
|
|upkeep
|turn|8
|
|t:|1758920806
|switch|p1a: Alomomola|Alomomola, F, shiny|100/100
|move|p2a: Gholdengo|Make It Rain|p1a: Alomomola
|-resisted|p1a: Alomomola
|-damage|p1a: Alomomola|84/100
|-unboost|p2a: Gholdengo|spa|1
|
|upkeep
|turn|9
|
|t:|1758920810
|switch|p2a: Latios|Latios, M|100/100
|move|p1a: Alomomola|Flip Turn|p2a: Latios
|-resisted|p2a: Latios
|-damage|p2a: Latios|90/100
|
|t:|1758920815
|switch|p1a: Meowscarada|Meowscarada, M, shiny|100/100|[from] Flip Turn
|
|upkeep
|turn|10
|
|t:|1758920819
|move|p1a: Meowscarada|U-turn|p2a: Latios
|-start|p1a: Meowscarada|typechange|Bug|[from] ability: Protean
|-supereffective|p2a: Latios
|-damage|p2a: Latios|0 fnt
|faint|p2a: Latios
|
|t:|1758920826
|switch|p1a: Ceruledge|Ceruledge, F|100/100|[from] U-turn
|
|upkeep
|-message|Daymo forfeited.
|
|win|KuroNoTamashi
|raw|KuroNoTamashi's rating: 1595 &rarr; <strong>1616</strong><br />(+21 for winning)
|raw|Daymo's rating: 1610 &rarr; <strong>1589</strong><br />(-21 for losing)
|l|☆Daymo
|player|p2|
|l|☆KuroNoTamashi
|player|p1|
