|j|☆victory 4 u
|j|☆isabel44a
|t:|1759019968
|gametype|singles
|player|p1|victory 4 u|266|1166
|player|p2|isabel44a|roxie|1139
|gen|9
|tier|[Gen 9] OU
|rated|
|rule|HP Percentage Mod: HP is shown in percentages
|rule|Endless Battle Clause: Forcing endless battles is banned
|rule|Species Clause: Limit one of each Pokémon
|rule|OHKO Clause: OHKO moves are banned
|rule|Evasion Items Clause: Evasion items are banned
|rule|Evasion Moves Clause: Evasion moves are banned
|rule|Evasion Abilities Clause: Evasion abilities are banned
|rule|Sleep Moves Clause: Sleep-inducing moves are banned
|clearpoke
|poke|p1|Gengar, F|
|poke|p1|Sudowoodo, M|
|poke|p1|Articuno-Galar|
|poke|p1|Hitmontop, M|
|poke|p1|Incineroar, F|
|poke|p1|Iron Valiant|
|poke|p2|Deoxys-Defense|
|poke|p2|Gliscor, F|
|poke|p2|Umbreon, F|
|poke|p2|Jolteon, M|
|poke|p2|Volcanion|
|poke|p2|Dragapult, F|
|teampreview
|
|t:|1759020019
|teamsize|p1|6
|teamsize|p2|6
|start
|switch|p1a: Gengar|Gengar, F|100/100
|switch|p2a: Volcanion|Volcanion|100/100
|-item|p2a: Volcanion|Air Balloon
|turn|1
|
|t:|1759020026
|-terastallize|p1a: Gengar|Ghost
|move|p1a: Gengar|Shadow Ball|p2a: Volcanion
|-damage|p2a: Volcanion|0 fnt
|-enditem|p2a: Volcanion|Air Balloon
|faint|p2a: Volcanion
|
|upkeep
|
|t:|1759020042
|switch|p2a: Umbreon|Umbreon, F|100/100
|turn|2
|
|t:|1759020056
|switch|p1a: Incineroar|Incineroar, F|100/100
|-ability|p1a: Incineroar|Intimidate|boost
|-unboost|p2a: Umbreon|atk|1
|move|p2a: Umbreon|Foul Play|p1a: Incineroar
|-resisted|p1a: Incineroar
|-damage|p1a: Incineroar|85/100
|
|upkeep
|turn|3
|
|t:|1759020098
|switch|p2a: Jolteon|Jolteon, M|100/100
|-item|p2a: Jolteon|Air Balloon
|move|p1a: Incineroar|Knock Off|p2a: Jolteon
|-damage|p2a: Jolteon|27/100
|-enditem|p2a: Jolteon|Air Balloon
|
|upkeep
|turn|4
|
|t:|1759020127
|move|p2a: Jolteon|Thunder Wave|p1a: Incineroar
|-status|p1a: Incineroar|par
|move|p1a: Incineroar|Knock Off|p2a: Jolteon
|-damage|p2a: Jolteon|0 fnt
|faint|p2a: Jolteon
|
|upkeep
|
|t:|1759020140
|switch|p2a: Dragapult|Dragapult, F|100/100
|turn|5
|
|t:|1759020144
|move|p2a: Dragapult|U-turn|p1a: Incineroar
|-damage|p1a: Incineroar|66/100 par
|
|t:|1759020152
|switch|p2a: Umbreon|Umbreon, F|100/100|[from] U-turn
|move|p1a: Incineroar|Knock Off|p2a: Umbreon
|-resisted|p2a: Umbreon
|-damage|p2a: Umbreon|85/100
|-enditem|p2a: Umbreon|Leftovers|[from] move: Knock Off|[of] p1a: Incineroar
|
|upkeep
|turn|6
|
|t:|1759020159
|move|p2a: Umbreon|Foul Play|p1a: Incineroar
|-resisted|p1a: Incineroar
|-damage|p1a: Incineroar|51/100 par
|move|p1a: Incineroar|Parting Shot|p2a: Umbreon
|-unboost|p2a: Umbreon|atk|1
|-unboost|p2a: Umbreon|spa|1
|
|t:|1759020170
|switch|p1a: Sudowoodo|Sudowoodo, M|100/100|[from] Parting Shot
|
|upkeep
|turn|7
|
|t:|1759020185
|move|p2a: Umbreon|Wish|p2a: Umbreon
|move|p1a: Sudowoodo|Head Smash|p2a: Umbreon|[miss]
|-miss|p1a: Sudowoodo|p2a: Umbreon
|
|upkeep
|turn|8
|
|t:|1759020189
|move|p2a: Umbreon|Foul Play|p1a: Sudowoodo
|-damage|p1a: Sudowoodo|59/100
|move|p1a: Sudowoodo|Head Smash|p2a: Umbreon|[miss]
|-miss|p1a: Sudowoodo|p2a: Umbreon
|
|-heal|p2a: Umbreon|100/100|[from] move: Wish|[wisher] Umbreon
|upkeep
|turn|9
|
|t:|1759020202
|move|p2a: Umbreon|Toxic|p1a: Sudowoodo|[miss]
|-miss|p2a: Umbreon|p1a: Sudowoodo
|move|p1a: Sudowoodo|Head Smash|p2a: Umbreon
|-damage|p2a: Umbreon|16/100
|-damage|p1a: Sudowoodo|17/100|[from] Recoil
|
|upkeep
|turn|10
|
|t:|1759020216
|move|p2a: Umbreon|Foul Play|p1a: Sudowoodo
|-damage|p1a: Sudowoodo|0 fnt
|faint|p1a: Sudowoodo
|
|upkeep
|
|t:|1759020223
|switch|p1a: Iron Valiant|Iron Valiant|100/100
|turn|11
|
|t:|1759020225
|move|p1a: Iron Valiant|Swords Dance|p1a: Iron Valiant
|-boost|p1a: Iron Valiant|atk|2
|move|p2a: Umbreon|Toxic|p1a: Iron Valiant
|-status|p1a: Iron Valiant|tox
|
|-damage|p1a: Iron Valiant|95/100 tox|[from] psn
|upkeep
|turn|12
|
|t:|1759020232
|move|p1a: Iron Valiant|Drain Punch|p2a: Umbreon
|-supereffective|p2a: Umbreon
|-crit|p2a: Umbreon
|-damage|p2a: Umbreon|0 fnt
|-heal|p1a: Iron Valiant|100/100 tox|[from] drain|[of] p2a: Umbreon
|faint|p2a: Umbreon
|-damage|p1a: Iron Valiant|91/100 tox|[from] item: Life Orb
|
|-damage|p1a: Iron Valiant|79/100 tox|[from] psn
|upkeep
|
|t:|1759020254
|switch|p2a: osamabingliscor|Gliscor, F|100/100
|turn|13
|
|t:|1759020257
|move|p2a: osamabingliscor|Protect|p2a: osamabingliscor
|-singleturn|p2a: osamabingliscor|Protect
|move|p1a: Iron Valiant|Ice Punch|p2a: osamabingliscor
|-activate|p2a: osamabingliscor|move: Protect
|
|-damage|p1a: Iron Valiant|61/100 tox|[from] psn
|-status|p2a: osamabingliscor|tox|[from] item: Toxic Orb
|upkeep
|turn|14
|
|t:|1759020287
|-end|p1a: Iron Valiant|Quark Drive|[silent]
|switch|p1a: Hitmontop|Hitmontop, M|100/100
|-ability|p1a: Hitmontop|Intimidate|boost
|-unboost|p2a: osamabingliscor|atk|1
|switch|p2a: Deoxys|Deoxys-Defense|100/100
|-ability|p2a: Deoxys|Pressure
|
|upkeep
|turn|15
|
|t:|1759020301
|switch|p1a: Incineroar|Incineroar, F|51/100 par
|-ability|p1a: Incineroar|Intimidate|boost
|-unboost|p2a: Deoxys|atk|1
|move|p2a: Deoxys|Cosmic Power|p2a: Deoxys
|-boost|p2a: Deoxys|def|1
|-boost|p2a: Deoxys|spd|1
|
|upkeep
|turn|16
|
|t:|1759020308
|switch|p1a: Gengar|Gengar, F, tera:Ghost|100/100
|move|p2a: Deoxys|Cosmic Power|p2a: Deoxys
|-boost|p2a: Deoxys|def|1
|-boost|p2a: Deoxys|spd|1
|
|upkeep
|turn|17
|
|t:|1759020339
|move|p1a: Gengar|Trick|p2a: Deoxys
|-activate|p1a: Gengar|move: Trick|[of] p2a: Deoxys
|-item|p2a: Deoxys|Choice Specs|[from] move: Trick
|-item|p1a: Gengar|Leftovers|[from] move: Trick
|move|p2a: Deoxys|Cosmic Power|p2a: Deoxys
|-boost|p2a: Deoxys|def|1
|-boost|p2a: Deoxys|spd|1
|
|upkeep
|turn|18
|-message|isabel44a forfeited.
|
|win|victory 4 u
|raw|victory 4 u's rating: 1166 &rarr; <strong>1189</strong><br />(+23 for winning)
|raw|isabel44a's rating: 1139 &rarr; <strong>1116</strong><br />(-23 for losing)
|l|☆isabel44a
|player|p2|
|c|☆victory 4 u|gg
