|badge|p1|silver|gen9doublesou|30-6
|uhtml|medal-msg|<div class="broadcast-blue">Curious what those medals under the avatar are? PS now has Ladder Seasons! For more information, check out the <a href="https://www.smogon.com/forums/threads/3740067/">thread on Smogon.</a></div>
|j|☆3idk
|j|☆Yelo_Galaxy
|t:|1758946166
|gametype|singles
|player|p1|3idk|cynthia-masters|1665
|player|p2|Yelo_Galaxy|1|1634
|gen|9
|tier|[Gen 9] OU
|rated|
|rule|HP Percentage Mod: HP is shown in percentages
|rule|Endless Battle Clause: Forcing endless battles is banned
|rule|Species Clause: Limit one of each Pokémon
|rule|OHKO Clause: OHKO moves are banned
|rule|Evasion Items Clause: Evasion items are banned
|rule|Evasion Moves Clause: Evasion moves are banned
|rule|Evasion Abilities Clause: Evasion abilities are banned
|rule|Sleep Moves Clause: Sleep-inducing moves are banned
|clearpoke
|poke|p1|Pelipper, F|
|poke|p1|Hatterene, F|
|poke|p1|Iron Treads|
|poke|p1|Toxicroak, F|
|poke|p1|Barraskewda, F|
|poke|p1|Zapdos|
|poke|p2|Torkoal, M|
|poke|p2|Hatterene, F|
|poke|p2|Raging Bolt|
|poke|p2|Slither Wing|
|poke|p2|Venusaur, M|
|poke|p2|Walking Wake|
|teampreview
|inactive|Battle timer is ON: inactive players will automatically lose when time's up. (requested by 3idk)
|
|t:|1758946181
|teamsize|p1|6
|teamsize|p2|6
|start
|switch|p1a: Pelipper|Pelipper, F|100/100
|switch|p2a: Slither Wing|Slither Wing|100/100
|-weather|RainDance|[from] ability: Drizzle|[of] p1a: Pelipper
|turn|1
|
|t:|1758946186
|-end|p2a: Slither Wing|Protosynthesis|[silent]
|switch|p2a: Torkoal|Torkoal, M|100/100
|-weather|SunnyDay|[from] ability: Drought|[of] p2a: Torkoal
|move|p1a: Pelipper|U-turn|p2a: Torkoal
|-resisted|p2a: Torkoal
|-damage|p2a: Torkoal|97/100
|
|t:|1758946193
|switch|p1a: Zapdos|Zapdos|100/100|[from] U-turn
|
|-weather|SunnyDay|[upkeep]
|upkeep
|turn|2
|
|t:|1758946197
|switch|p1a: Pelipper|Pelipper, F|100/100
|-weather|RainDance|[from] ability: Drizzle|[of] p1a: Pelipper
|move|p2a: Torkoal|Stealth Rock|p1a: Pelipper
|-sidestart|p1: 3idk|move: Stealth Rock
|
|-weather|RainDance|[upkeep]
|upkeep
|turn|3
|
|t:|1758946203
|switch|p2a: Walking Wake|Walking Wake|100/100
|move|p1a: Pelipper|U-turn|p2a: Walking Wake
|-damage|p2a: Walking Wake|91/100
|
|t:|1758946208
|switch|p1a: Barraskewda|Barraskewda, F|100/100|[from] U-turn
|-damage|p1a: Barraskewda|88/100|[from] Stealth Rock
|
|-weather|RainDance|[upkeep]
|upkeep
|turn|4
|
|t:|1758946212
|-end|p2a: Walking Wake|Protosynthesis|[silent]
|switch|p2a: Torkoal|Torkoal, M|97/100
|-weather|SunnyDay|[from] ability: Drought|[of] p2a: Torkoal
|-terastallize|p1a: Barraskewda|Water
|move|p1a: Barraskewda|Flip Turn|p2a: Torkoal
|-supereffective|p2a: Torkoal
|-damage|p2a: Torkoal|43/100
|
|t:|1758946217
|switch|p1a: Iron Treads|Iron Treads|100/100|[from] Flip Turn
|-damage|p1a: Iron Treads|98/100|[from] Stealth Rock
|
|-weather|SunnyDay|[upkeep]
|-heal|p1a: Iron Treads|100/100|[from] item: Leftovers
|upkeep
|turn|5
|
|t:|1758946221
|switch|p2a: Walking Wake|Walking Wake|91/100
|-activate|p2a: Walking Wake|ability: Protosynthesis
|-start|p2a: Walking Wake|protosynthesisspe
|move|p1a: Iron Treads|Rapid Spin|p2a: Walking Wake
|-damage|p2a: Walking Wake|77/100
|-boost|p1a: Iron Treads|spe|1
|-sideend|p1: 3idk|Stealth Rock|[from] move: Rapid Spin|[of] p1a: Iron Treads
|
|-weather|SunnyDay|[upkeep]
|upkeep
|turn|6
|
|t:|1758946233
|-end|p1a: Iron Treads|Quark Drive|[silent]
|switch|p1a: Toxicroak|Toxicroak, F|100/100
|move|p2a: Walking Wake|Hydro Steam|p1a: Toxicroak
|-immune|p1a: Toxicroak|[from] ability: Dry Skin
|
|-weather|SunnyDay|[upkeep]
|-damage|p1a: Toxicroak|88/100|[from] ability: Dry Skin|[of] p1a: Toxicroak
|upkeep
|turn|7
|
|t:|1758946238
|switch|p1a: Hatterene|Hatterene, F|100/100
|move|p2a: Walking Wake|Weather Ball|p1a: Hatterene
|-damage|p1a: Hatterene|37/100
|-enditem|p1a: Hatterene|Eject Button
|
|t:|1758946246
|switch|p1a: Pelipper|Pelipper, F|100/100
|-weather|RainDance|[from] ability: Drizzle|[of] p1a: Pelipper
|-end|p2a: Walking Wake|Protosynthesis
|
|-weather|RainDance|[upkeep]
|upkeep
|turn|8
|
|t:|1758946249
|move|p2a: Walking Wake|Flip Turn|p1a: Pelipper
|-resisted|p1a: Pelipper
|-damage|p1a: Pelipper|88/100
|
|t:|1758946251
|-end|p2a: Walking Wake|Protosynthesis|[silent]
|switch|p2a: Torkoal|Torkoal, M|43/100|[from] Flip Turn
|-weather|SunnyDay|[from] ability: Drought|[of] p2a: Torkoal
|move|p1a: Pelipper|U-turn|p2a: Torkoal
|-resisted|p2a: Torkoal
|-damage|p2a: Torkoal|39/100
|
|t:|1758946256
|switch|p1a: Barraskewda|Barraskewda, F, tera:Water|88/100|[from] U-turn
|
|-weather|SunnyDay|[upkeep]
|upkeep
|turn|9
|
|t:|1758946265
|switch|p2a: Walking Wake|Walking Wake|77/100
|-activate|p2a: Walking Wake|ability: Protosynthesis
|-start|p2a: Walking Wake|protosynthesisspe
|move|p1a: Barraskewda|Flip Turn|p2a: Walking Wake
|-resisted|p2a: Walking Wake
|-damage|p2a: Walking Wake|68/100
|
|t:|1758946270
|switch|p1a: Pelipper|Pelipper, F|88/100|[from] Flip Turn
|-weather|RainDance|[from] ability: Drizzle|[of] p1a: Pelipper
|-end|p2a: Walking Wake|Protosynthesis
|
|-weather|RainDance|[upkeep]
|upkeep
|turn|10
|
|t:|1758946277
|switch|p1a: Iron Treads|Iron Treads|100/100
|move|p2a: Walking Wake|Draco Meteor|p1a: Iron Treads
|-resisted|p1a: Iron Treads
|-damage|p1a: Iron Treads|73/100
|-unboost|p2a: Walking Wake|spa|2
|
|-weather|RainDance|[upkeep]
|-heal|p1a: Iron Treads|79/100|[from] item: Leftovers
|upkeep
|turn|11
|
|t:|1758946287
|-end|p2a: Walking Wake|Protosynthesis|[silent]
|switch|p2a: Torkoal|Torkoal, M|39/100
|-weather|SunnyDay|[from] ability: Drought|[of] p2a: Torkoal
|-end|p1a: Iron Treads|Quark Drive|[silent]
|switch|p1a: Hatterene|Hatterene, F|37/100
|
|-weather|SunnyDay|[upkeep]
|upkeep
|turn|12
|
|t:|1758946296
|switch|p2a: Walking Wake|Walking Wake|68/100
|-activate|p2a: Walking Wake|ability: Protosynthesis
|-start|p2a: Walking Wake|protosynthesisspe
|move|p1a: Hatterene|Psychic Noise|p2a: Walking Wake
|-damage|p2a: Walking Wake|25/100
|-start|p2a: Walking Wake|move: Heal Block
|
|-weather|SunnyDay|[upkeep]
|upkeep
|turn|13
|
|t:|1758946306
|move|p2a: Walking Wake|Weather Ball|p1a: Hatterene
|-damage|p1a: Hatterene|0 fnt
|faint|p1a: Hatterene
|
|-weather|SunnyDay|[upkeep]
|-end|p2a: Walking Wake|move: Heal Block
|upkeep
|
|t:|1758946310
|switch|p1a: Pelipper|Pelipper, F|88/100
|-weather|RainDance|[from] ability: Drizzle|[of] p1a: Pelipper
|-end|p2a: Walking Wake|Protosynthesis
|turn|14
|
|t:|1758946314
|switch|p1a: Iron Treads|Iron Treads|79/100
|move|p2a: Walking Wake|Flip Turn|p1a: Iron Treads
|-supereffective|p1a: Iron Treads
|-damage|p1a: Iron Treads|44/100
|
|t:|1758946320
|-end|p2a: Walking Wake|Protosynthesis|[silent]
|switch|p2a: Slither Wing|Slither Wing|100/100|[from] Flip Turn
|
|-weather|RainDance|[upkeep]
|-heal|p1a: Iron Treads|50/100|[from] item: Leftovers
|upkeep
|turn|15
|
|t:|1758946325
|-end|p1a: Iron Treads|Quark Drive|[silent]
|switch|p1a: Toxicroak|Toxicroak, F|88/100
|move|p2a: Slither Wing|U-turn|p1a: Toxicroak
|-resisted|p1a: Toxicroak
|-damage|p1a: Toxicroak|78/100
|-damage|p2a: Slither Wing|84/100|[from] item: Rocky Helmet|[of] p1a: Toxicroak
|
|t:|1758946329
|-end|p2a: Slither Wing|Protosynthesis|[silent]
|switch|p2a: Raging Bolt|Raging Bolt|100/100|[from] U-turn
|
|-weather|RainDance|[upkeep]
|-heal|p1a: Toxicroak|91/100|[from] ability: Dry Skin
|upkeep
|turn|16
|
|t:|1758946334
|move|p2a: Raging Bolt|Dragon Pulse|p1a: Toxicroak
|-damage|p1a: Toxicroak|0 fnt
|faint|p1a: Toxicroak
|-damage|p2a: Raging Bolt|91/100|[from] item: Life Orb
|
|-weather|RainDance|[upkeep]
|upkeep
|
|t:|1758946340
|switch|p1a: Iron Treads|Iron Treads|50/100
|turn|17
|
|t:|1758946343
|-end|p2a: Raging Bolt|Protosynthesis|[silent]
|switch|p2a: Hatterene|Hatterene, F|100/100
|-item|p2a: Hatterene|Air Balloon
|move|p1a: Iron Treads|Earthquake|p2a: Hatterene
|-immune|p2a: Hatterene
|
|-weather|RainDance|[upkeep]
|-heal|p1a: Iron Treads|56/100|[from] item: Leftovers
|upkeep
|turn|18
|
|t:|1758946352
|switch|p2a: Slither Wing|Slither Wing|84/100
|move|p1a: Iron Treads|Volt Switch|p2a: Slither Wing
|-damage|p2a: Slither Wing|77/100
|
|t:|1758946357
|-end|p1a: Iron Treads|Quark Drive|[silent]
|switch|p1a: Zapdos|Zapdos|100/100|[from] Volt Switch
|
|-weather|RainDance|[upkeep]
|upkeep
|turn|19
|
|t:|1758946369
|move|p1a: Zapdos|Hurricane|p2a: Slither Wing
|-supereffective|p2a: Slither Wing
|-damage|p2a: Slither Wing|0 fnt
|faint|p2a: Slither Wing
|-end|p2a: Slither Wing|Protosynthesis|[silent]
|
|-weather|RainDance|[upkeep]
|upkeep
|
|t:|1758946375
|switch|p2a: Raging Bolt|Raging Bolt|91/100
|turn|20
|
|t:|1758946379
|move|p1a: Zapdos|Hurricane|p2a: Raging Bolt
|-resisted|p2a: Raging Bolt
|-damage|p2a: Raging Bolt|54/100
|move|p2a: Raging Bolt|Weather Ball|p1a: Zapdos
|-damage|p1a: Zapdos|7/100
|-damage|p2a: Raging Bolt|44/100|[from] item: Life Orb
|
|-weather|RainDance|[upkeep]
|upkeep
|turn|21
|j| IM AT MY LIMIT
|
|t:|1758946386
|switch|p1a: Iron Treads|Iron Treads|56/100
|move|p2a: Raging Bolt|Weather Ball|p1a: Iron Treads
|-supereffective|p1a: Iron Treads
|-damage|p1a: Iron Treads|0 fnt
|faint|p1a: Iron Treads
|-end|p1a: Iron Treads|Quark Drive|[silent]
|-damage|p2a: Raging Bolt|34/100|[from] item: Life Orb
|
|-weather|none
|upkeep
|l| IM AT MY LIMIT
|-message|3idk forfeited.
|
|win|Yelo_Galaxy
|raw|3idk's rating: 1665 &rarr; <strong>1643</strong><br />(-22 for losing)
|raw|Yelo_Galaxy's rating: 1634 &rarr; <strong>1656</strong><br />(+22 for winning)
|l|☆3idk
|player|p1|
|l|☆Yelo_Galaxy
|player|p2|
