|j|☆veterant02
|j|☆Dew123
|t:|1759054078
|gametype|singles
|player|p1|veterant02|2|1170
|player|p2|Dew123|biker-gen4|1189
|gen|9
|tier|[Gen 9] OU
|rated|
|rule|HP Percentage Mod: HP is shown in percentages
|rule|Endless Battle Clause: Forcing endless battles is banned
|rule|Species Clause: Limit one of each Pokémon
|rule|OHKO Clause: OHKO moves are banned
|rule|Evasion Items Clause: Evasion items are banned
|rule|Evasion Moves Clause: Evasion moves are banned
|rule|Evasion Abilities Clause: Evasion abilities are banned
|rule|Sleep Moves Clause: Sleep-inducing moves are banned
|clearpoke
|poke|p1|Maushold-Four|
|poke|p1|Comfey, F|
|poke|p1|Skarmory, F|
|poke|p1|Zamazenta-*|
|poke|p1|Ting-Lu|
|poke|p1|Ogerpon-Wellspring, F|
|poke|p2|Maushold|
|poke|p2|Orthworm, M|
|poke|p2|Toedscruel, M|
|poke|p2|Bellibolt, M|
|poke|p2|Arboliva, M|
|poke|p2|Brambleghast, M|
|teampreview
|inactive|Battle timer is ON: inactive players will automatically lose when time's up. (requested by Dew123)
|l|☆Dew123
|inactive|Dew123 disconnected and has a minute to reconnect!
|player|p2|
|inactive|veterant02 has 120 seconds left.
|
|t:|1759054112
|teamsize|p1|6
|teamsize|p2|6
|start
|switch|p1a: Skarmory|Skarmory, F|100/100
|switch|p2a: Ver Gonflé|Orthworm, M|100/100
|turn|1
|j|☆Dew123
|inactive|Dew123 reconnected and has 145 seconds left.
|player|p2|Dew123|biker-gen4|
|
|t:|1759054124
|move|p1a: Skarmory|Iron Defense|p1a: Skarmory
|-boost|p1a: Skarmory|def|2
|move|p2a: Ver Gonflé|Stealth Rock|p1a: Skarmory
|-sidestart|p1: veterant02|move: Stealth Rock
|
|upkeep
|turn|2
|
|t:|1759054129
|switch|p2a: CrazyFrog|Bellibolt, M|100/100
|move|p1a: Skarmory|Body Press|p2a: CrazyFrog
|-damage|p2a: CrazyFrog|45/100
|-start|p2a: CrazyFrog|Charge|Body Press|[from] ability: Electromorphosis
|
|upkeep
|turn|3
|
|t:|1759054141
|move|p1a: Skarmory|Body Press|p2a: CrazyFrog
|-damage|p2a: CrazyFrog|0 fnt
|faint|p2a: CrazyFrog
|
|upkeep
|
|t:|1759054146
|switch|p2a: Champi Ninja|Toedscruel, M|100/100
|turn|4
|
|t:|1759054151
|move|p1a: Skarmory|Body Press|p2a: Champi Ninja
|-enditem|p2a: Champi Ninja|Focus Sash
|-damage|p2a: Champi Ninja|1/100
|move|p2a: Champi Ninja|Stun Spore|p1a: Skarmory
|-status|p1a: Skarmory|par
|
|upkeep
|turn|5
|
|t:|1759054157
|move|p2a: Champi Ninja|Knock Off|p1a: Skarmory
|-damage|p1a: Skarmory|95/100 par
|-damage|p2a: Champi Ninja|0 fnt|[from] item: Rocky Helmet|[of] p1a: Skarmory
|faint|p2a: Champi Ninja
|move|p1a: Skarmory|Body Press|p2: Champi Ninja|[notarget]
|-fail|p1a: Skarmory
|
|upkeep
|
|t:|1759054168
|switch|p2a: Olive Furieuse|Arboliva, M|100/100
|turn|6
|
|t:|1759054179
|-terastallize|p2a: Olive Furieuse|Grass
|move|p2a: Olive Furieuse|Giga Drain|p1a: Skarmory
|-resisted|p1a: Skarmory
|-damage|p1a: Skarmory|69/100 par
|-damage|p2a: Olive Furieuse|90/100|[from] item: Life Orb
|move|p1a: Skarmory|Body Press|p2a: Olive Furieuse
|-damage|p2a: Olive Furieuse|29/100
|-fieldstart|move: Grassy Terrain|[from] ability: Seed Sower|[of] p2a: Olive Furieuse
|
|-heal|p2a: Olive Furieuse|35/100|[from] Grassy Terrain
|upkeep
|turn|7
|
|t:|1759054190
|move|p2a: Olive Furieuse|Strength Sap|p1a: Skarmory
|-unboost|p1a: Skarmory|atk|1
|-heal|p2a: Olive Furieuse|76/100
|move|p1a: Skarmory|Body Press|p2a: Olive Furieuse
|-damage|p2a: Olive Furieuse|14/100
|
|-heal|p2a: Olive Furieuse|20/100|[from] Grassy Terrain
|upkeep
|turn|8
|
|t:|1759054199
|move|p2a: Olive Furieuse|Giga Drain|p1a: Skarmory
|-resisted|p1a: Skarmory
|-damage|p1a: Skarmory|37/100 par
|-heal|p2a: Olive Furieuse|35/100|[from] drain|[of] p1a: Skarmory
|-damage|p2a: Olive Furieuse|25/100|[from] item: Life Orb
|move|p1a: Skarmory|Body Press|p2a: Olive Furieuse
|-damage|p2a: Olive Furieuse|0 fnt
|faint|p2a: Olive Furieuse
|
|upkeep
|
|t:|1759054203
|switch|p2a: Famille Bordel|Maushold|100/100
|turn|9
|
|t:|1759054209
|move|p2a: Famille Bordel|Tidy Up|p2a: Famille Bordel
|-sideend|p1: veterant02|Stealth Rock
|-activate|p2a: Famille Bordel|move: Tidy Up
|-boost|p2a: Famille Bordel|atk|1
|-boost|p2a: Famille Bordel|spe|1
|move|p1a: Skarmory|Body Press|p2a: Famille Bordel
|-supereffective|p2a: Famille Bordel
|-damage|p2a: Famille Bordel|0 fnt
|faint|p2a: Famille Bordel
|
|upkeep
|
|t:|1759054212
|switch|p2a: Ver Gonflé|Orthworm, M|100/100
|turn|10
|-message|Dew123 forfeited.
|
|win|veterant02
|raw|veterant02's rating: 1170 &rarr; <strong>1196</strong><br />(+26 for winning)
|raw|Dew123's rating: 1189 &rarr; <strong>1163</strong><br />(-26 for losing)
|l|☆Dew123
|player|p2|
|l|☆veterant02
|player|p1|
