|j|☆adriicarrascoo
|j|☆ACJ0675
|t:|1758995734
|gametype|singles
|player|p1|adriicarrascoo|drayden|1170
|player|p2|ACJ0675|skyla|1171
|gen|9
|tier|[Gen 9] OU
|rated|
|rule|HP Percentage Mod: HP is shown in percentages
|rule|Endless Battle Clause: Forcing endless battles is banned
|rule|Species Clause: Limit one of each Pokémon
|rule|OHKO Clause: OHKO moves are banned
|rule|Evasion Items Clause: Evasion items are banned
|rule|Evasion Moves Clause: Evasion moves are banned
|rule|Evasion Abilities Clause: Evasion abilities are banned
|rule|Sleep Moves Clause: Sleep-inducing moves are banned
|clearpoke
|poke|p1|Dragapult, M|
|poke|p1|Jolteon, M|
|poke|p1|Blaziken, M|
|poke|p1|Komala, M|
|poke|p1|Gliscor, F|
|poke|p1|Rillaboom, M|
|poke|p2|Chesnaught, F|
|poke|p2|Quagsire, F|
|poke|p2|Goodra-Hisui, F|
|poke|p2|Talonflame, M|
|poke|p2|Pecharunt|
|poke|p2|Florges-Blue, F|
|teampreview
|
|t:|1758995754
|teamsize|p1|6
|teamsize|p2|6
|start
|switch|p1a: Gliscor|Gliscor, F|100/100
|switch|p2a: Culona|Goodra-Hisui, F|100/100
|turn|1
|
|t:|1758995758
|move|p1a: Gliscor|Stealth Rock|p2a: Culona
|-sidestart|p2: ACJ0675|move: Stealth Rock
|move|p2a: Culona|Knock Off|p1a: Gliscor
|-damage|p1a: Gliscor|80/100
|-enditem|p1a: Gliscor|Toxic Orb|[from] move: Knock Off|[of] p2a: Culona
|
|upkeep
|turn|2
|
|t:|1758995770
|move|p1a: Gliscor|Protect|p1a: Gliscor
|-singleturn|p1a: Gliscor|Protect
|move|p2a: Culona|Flash Cannon|p1a: Gliscor
|-activate|p1a: Gliscor|move: Protect
|
|upkeep
|turn|3
|
|t:|1758995776
|switch|p1a: Blaziken|Blaziken, M|100/100
|move|p2a: Culona|Flash Cannon|p1a: Blaziken
|-resisted|p1a: Blaziken
|-damage|p1a: Blaziken|71/100
|
|-heal|p1a: Blaziken|77/100|[from] item: Leftovers
|upkeep
|turn|4
|
|t:|1758995783
|move|p1a: Blaziken|Swords Dance|p1a: Blaziken
|-boost|p1a: Blaziken|atk|2
|move|p2a: Culona|Knock Off|p1a: Blaziken
|-resisted|p1a: Blaziken
|-damage|p1a: Blaziken|61/100
|-enditem|p1a: Blaziken|Leftovers|[from] move: Knock Off|[of] p2a: Culona
|
|-ability|p1a: Blaziken|Speed Boost|boost
|-boost|p1a: Blaziken|spe|1
|upkeep
|turn|5
|
|t:|1758995795
|move|p1a: Blaziken|Swords Dance|p1a: Blaziken
|-boost|p1a: Blaziken|atk|2
|move|p2a: Culona|Draco Meteor|p1a: Blaziken|[miss]
|-miss|p2a: Culona|p1a: Blaziken
|
|-ability|p1a: Blaziken|Speed Boost|boost
|-boost|p1a: Blaziken|spe|1
|upkeep
|turn|6
|c|☆ACJ0675|shit
|
|t:|1758995811
|switch|p2a: W00per|Quagsire, F|100/100
|move|p1a: Blaziken|Earthquake|p2a: W00per
|-damage|p2a: W00per|76/100
|
|-ability|p1a: Blaziken|Speed Boost|boost
|-boost|p1a: Blaziken|spe|1
|upkeep
|turn|7
|
|t:|1758995816
|move|p1a: Blaziken|Close Combat|p2a: W00per
|-damage|p2a: W00per|28/100
|-unboost|p1a: Blaziken|def|1
|-unboost|p1a: Blaziken|spd|1
|move|p2a: W00per|Aqua Tail|p1a: Blaziken
|-supereffective|p1a: Blaziken
|-damage|p1a: Blaziken|0 fnt
|faint|p1a: Blaziken
|
|upkeep
|
|t:|1758995823
|switch|p1a: Dragapult|Dragapult, M|100/100
|turn|8
|
|t:|1758995828
|move|p1a: Dragapult|Dragon Darts|p2a: W00per
|-damage|p2a: W00per|10/100
|-anim|p1a: Dragapult|Dragon Darts|p2a: W00per
|-damage|p2a: W00per|0 fnt
|faint|p2a: W00per
|
|upkeep
|
|t:|1758995834
|switch|p2a: Maria|Florges-Blue, F, shiny|100/100
|-damage|p2a: Maria|88/100|[from] Stealth Rock
|turn|9
|-message|adriicarrascoo forfeited.
|
|win|ACJ0675
|raw|adriicarrascoo's rating: 1170 &rarr; <strong>1145</strong><br />(-25 for losing)
|raw|ACJ0675's rating: 1171 &rarr; <strong>1196</strong><br />(+25 for winning)
|l|☆adriicarrascoo
|player|p1|
|l|☆ACJ0675
|player|p2|
