|j|☆jpkeeks
|j|☆niko7777777
|t:|1759033482
|gametype|singles
|player|p1|jpkeeks|2|1468
|player|p2|niko7777777|170|1547
|gen|9
|tier|[Gen 9] OU
|rated|
|rule|HP Percentage Mod: HP is shown in percentages
|rule|Endless Battle Clause: Forcing endless battles is banned
|rule|Species Clause: Limit one of each Pokémon
|rule|OHKO Clause: OHKO moves are banned
|rule|Evasion Items Clause: Evasion items are banned
|rule|Evasion Moves Clause: Evasion moves are banned
|rule|Evasion Abilities Clause: Evasion abilities are banned
|rule|Sleep Moves Clause: Sleep-inducing moves are banned
|clearpoke
|poke|p1|Meowscarada, M|
|poke|p1|Cinderace, M|
|poke|p1|Great Tusk|
|poke|p1|Ting-Lu|
|poke|p1|Latios, M|
|poke|p1|Pecharunt|
|poke|p2|Landorus-Therian, M|
|poke|p2|Samurott-Hisui, F|
|poke|p2|Scizor, M|
|poke|p2|Latios, M|
|poke|p2|Zamazenta-*|
|poke|p2|Gholdengo|
|teampreview
|inactive|Battle timer is ON: inactive players will automatically lose when time's up. (requested by jpkeeks)
|
|t:|1759033500
|teamsize|p1|6
|teamsize|p2|6
|start
|switch|p1a: Meowscarada|Meowscarada, M|100/100
|switch|p2a: Scizor|Scizor, M|100/100
|turn|1
|
|t:|1759033506
|move|p1a: Meowscarada|U-turn|p2a: Scizor
|-start|p1a: Meowscarada|typechange|Bug|[from] ability: Protean
|-resisted|p2a: Scizor
|-damage|p2a: Scizor|80/100
|
|t:|1759033509
|switch|p1a: Great Tusk|Great Tusk|100/100|[from] U-turn
|move|p2a: Scizor|Knock Off|p1a: Great Tusk
|-resisted|p1a: Great Tusk
|-damage|p1a: Great Tusk|87/100
|-damage|p2a: Scizor|63/100|[from] item: Rocky Helmet|[of] p1a: Great Tusk
|-enditem|p1a: Great Tusk|Rocky Helmet|[from] move: Knock Off|[of] p2a: Scizor
|
|upkeep
|turn|2
|inactive|niko7777777 has 120 seconds left.
|
|t:|1759033546
|switch|p2a: Landorus|Landorus-Therian, M|100/100
|-ability|p2a: Landorus|Intimidate|boost
|-unboost|p1a: Great Tusk|atk|1
|move|p1a: Great Tusk|Ice Spinner|p2a: Landorus
|-supereffective|p2a: Landorus
|-damage|p2a: Landorus|31/100
|-damage|p1a: Great Tusk|71/100|[from] item: Rocky Helmet|[of] p2a: Landorus
|
|upkeep
|turn|3
|inactive|niko7777777 has 120 seconds left.
|
|t:|1759033559
|move|p2a: Landorus|Stealth Rock|p1a: Great Tusk
|-sidestart|p1: jpkeeks|move: Stealth Rock
|move|p1a: Great Tusk|Ice Spinner|p2a: Landorus
|-supereffective|p2a: Landorus
|-damage|p2a: Landorus|0 fnt
|-damage|p1a: Great Tusk|54/100|[from] item: Rocky Helmet|[of] p2a: Landorus
|faint|p2a: Landorus
|
|upkeep
|
|t:|1759033578
|switch|p2a: Latios|Latios, M|100/100
|turn|4
|inactive|niko7777777 has 90 seconds left.
|
|t:|1759033603
|-end|p1a: Great Tusk|Protosynthesis|[silent]
|switch|p1a: Ting-Lu|Ting-Lu|100/100
|-damage|p1a: Ting-Lu|94/100|[from] Stealth Rock
|-ability|p1a: Ting-Lu|Vessel of Ruin
|move|p2a: Latios|Draco Meteor|p1a: Ting-Lu
|-damage|p1a: Ting-Lu|63/100
|-unboost|p2a: Latios|spa|2
|
|-heal|p1a: Ting-Lu|69/100|[from] item: Leftovers
|upkeep
|turn|5
|inactive|niko7777777 has 90 seconds left.
|
|t:|1759033614
|switch|p2a: Samurott|Samurott-Hisui, F|100/100
|move|p1a: Ting-Lu|Stealth Rock|p2a: Samurott
|-sidestart|p2: niko7777777|move: Stealth Rock
|
|-heal|p1a: Ting-Lu|75/100|[from] item: Leftovers
|upkeep
|turn|6
|
|t:|1759033624
|move|p2a: Samurott|Razor Shell|p1a: Ting-Lu
|-supereffective|p1a: Ting-Lu
|-damage|p1a: Ting-Lu|12/100
|move|p1a: Ting-Lu|Spikes|p2a: Samurott
|-sidestart|p2: niko7777777|Spikes
|
|-heal|p1a: Ting-Lu|18/100|[from] item: Leftovers
|upkeep
|turn|7
|
|t:|1759033629
|move|p2a: Samurott|Ceaseless Edge|p1a: Ting-Lu
|-resisted|p1a: Ting-Lu
|-damage|p1a: Ting-Lu|5/100
|-sidestart|p1: jpkeeks|Spikes
|move|p1a: Ting-Lu|Spikes|p2a: Samurott
|-sidestart|p2: niko7777777|Spikes
|
|-heal|p1a: Ting-Lu|11/100|[from] item: Leftovers
|upkeep
|turn|8
|
|t:|1759033633
|move|p2a: Samurott|Razor Shell|p1a: Ting-Lu
|-supereffective|p1a: Ting-Lu
|-damage|p1a: Ting-Lu|0 fnt
|faint|p1a: Ting-Lu
|
|upkeep
|
|t:|1759033636
|switch|p1a: Great Tusk|Great Tusk|54/100
|-damage|p1a: Great Tusk|51/100|[from] Stealth Rock
|-damage|p1a: Great Tusk|39/100|[from] Spikes
|turn|9
|inactive|niko7777777 has 120 seconds left.
|
|t:|1759033642
|switch|p2a: Gholdengo|Gholdengo|100/100
|-damage|p2a: Gholdengo|94/100|[from] Stealth Rock
|-item|p2a: Gholdengo|Air Balloon
|move|p1a: Great Tusk|Ice Spinner|p2a: Gholdengo
|-resisted|p2a: Gholdengo
|-damage|p2a: Gholdengo|82/100
|-enditem|p2a: Gholdengo|Air Balloon
|
|upkeep
|turn|10
|inactive|niko7777777 has 120 seconds left.
|
|t:|1759033656
|switch|p2a: Latios|Latios, M|100/100
|-damage|p2a: Latios|88/100|[from] Stealth Rock
|move|p1a: Great Tusk|Headlong Rush|p2a: Latios
|-immune|p2a: Latios|[from] ability: Levitate
|
|upkeep
|turn|11
|
|t:|1759033664
|move|p2a: Latios|Draco Meteor|p1a: Great Tusk
|-damage|p1a: Great Tusk|0 fnt
|-unboost|p2a: Latios|spa|2
|faint|p1a: Great Tusk
|-end|p1a: Great Tusk|Protosynthesis|[silent]
|
|upkeep
|
|t:|1759033669
|switch|p1a: Meowscarada|Meowscarada, M|100/100
|-damage|p1a: Meowscarada|88/100|[from] Stealth Rock
|-damage|p1a: Meowscarada|76/100|[from] Spikes
|turn|12
|inactive|niko7777777 has 120 seconds left.
|
|t:|1759033702
|switch|p2a: Scizor|Scizor, M|63/100
|move|p1a: Meowscarada|U-turn|p2a: Scizor
|-start|p1a: Meowscarada|typechange|Bug|[from] ability: Protean
|-resisted|p2a: Scizor
|-damage|p2a: Scizor|44/100
|
|t:|1759033709
|switch|p1a: Cinderace|Cinderace, M|100/100|[from] U-turn
|-damage|p1a: Cinderace|76/100|[from] Stealth Rock
|-damage|p1a: Cinderace|63/100|[from] Spikes
|
|upkeep
|turn|13
|inactive|niko7777777 has 120 seconds left.
|
|t:|1759033727
|switch|p2a: Zamazenta|Zamazenta|100/100
|-damage|p2a: Zamazenta|94/100|[from] Stealth Rock
|-damage|p2a: Zamazenta|78/100|[from] Spikes
|-ability|p2a: Zamazenta|Dauntless Shield|boost
|-boost|p2a: Zamazenta|def|1
|move|p1a: Cinderace|Pyro Ball|p2a: Zamazenta
|-damage|p2a: Zamazenta|38/100
|
|-heal|p2a: Zamazenta|44/100|[from] item: Leftovers
|upkeep
|turn|14
|
|t:|1759033741
|move|p2a: Zamazenta|Crunch|p1a: Cinderace
|-damage|p1a: Cinderace|34/100
|move|p1a: Cinderace|Pyro Ball|p2a: Zamazenta
|-damage|p2a: Zamazenta|0 fnt
|faint|p2a: Zamazenta
|
|upkeep
|
|t:|1759033755
|switch|p2a: Samurott|Samurott-Hisui, F|100/100
|-damage|p2a: Samurott|88/100|[from] Stealth Rock
|-damage|p2a: Samurott|72/100|[from] Spikes
|turn|15
|
|t:|1759033759
|move|p2a: Samurott|Sucker Punch|p1a: Cinderace
|-damage|p1a: Cinderace|0 fnt
|faint|p1a: Cinderace
|
|upkeep
|
|t:|1759033760
|switch|p1a: Meowscarada|Meowscarada, M|76/100
|-damage|p1a: Meowscarada|64/100|[from] Stealth Rock
|-damage|p1a: Meowscarada|51/100|[from] Spikes
|turn|16
|inactive|niko7777777 has 120 seconds left.
|
|t:|1759033779
|move|p1a: Meowscarada|U-turn|p2a: Samurott
|-start|p1a: Meowscarada|typechange|Bug|[from] ability: Protean
|-supereffective|p2a: Samurott
|-damage|p2a: Samurott|0 fnt
|faint|p2a: Samurott
|
|t:|1759033782
|switch|p1a: Latios|Latios, M|100/100|[from] U-turn
|-damage|p1a: Latios|88/100|[from] Stealth Rock
|
|upkeep
|inactive|niko7777777 has 120 seconds left.
|inactive|niko7777777 has 90 seconds left.
|
|t:|1759033817
|switch|p2a: Gholdengo|Gholdengo|82/100
|-damage|p2a: Gholdengo|76/100|[from] Stealth Rock
|-damage|p2a: Gholdengo|59/100|[from] Spikes
|turn|17
|
|t:|1759033824
|move|p1a: Latios|Draco Meteor|p2a: Gholdengo
|-resisted|p2a: Gholdengo
|-damage|p2a: Gholdengo|12/100
|-unboost|p1a: Latios|spa|2
|move|p2a: Gholdengo|Shadow Ball|p1a: Latios
|-supereffective|p1a: Latios
|-crit|p1a: Latios
|-damage|p1a: Latios|0 fnt
|faint|p1a: Latios
|
|upkeep
|
|t:|1759033840
|switch|p1a: Pecharunt|Pecharunt|100/100
|-damage|p1a: Pecharunt|88/100|[from] Stealth Rock
|-item|p1a: Pecharunt|Air Balloon
|turn|18
|
|t:|1759033855
|move|p1a: Pecharunt|Shadow Ball|p2a: Gholdengo
|-supereffective|p2a: Gholdengo
|-damage|p2a: Gholdengo|0 fnt
|faint|p2a: Gholdengo
|
|upkeep
|inactive|niko7777777 has 90 seconds left.
|
|t:|1759033879
|switch|p2a: Latios|Latios, M|88/100
|-damage|p2a: Latios|76/100|[from] Stealth Rock
|turn|19
|inactive|niko7777777 has 60 seconds left.
|
|t:|1759033912
|-terastallize|p2a: Latios|Steel
|-terastallize|p1a: Pecharunt|Ghost
|move|p2a: Latios|Draco Meteor|p1a: Pecharunt
|-damage|p1a: Pecharunt|9/100
|-unboost|p2a: Latios|spa|2
|-enditem|p1a: Pecharunt|Air Balloon
|move|p1a: Pecharunt|Recover|p1a: Pecharunt
|-heal|p1a: Pecharunt|59/100
|
|upkeep
|turn|20
|inactive|niko7777777 has 60 seconds left.
|
|t:|1759033925
|move|p2a: Latios|Calm Mind|p2a: Latios
|-boost|p2a: Latios|spa|1
|-boost|p2a: Latios|spd|1
|move|p1a: Pecharunt|Recover|p1a: Pecharunt
|-heal|p1a: Pecharunt|100/100
|
|upkeep
|turn|21
|inactive|niko7777777 has 60 seconds left.
|
|t:|1759033937
|move|p2a: Latios|Calm Mind|p2a: Latios
|-boost|p2a: Latios|spa|1
|-boost|p2a: Latios|spd|1
|move|p1a: Pecharunt|Shadow Ball|p2a: Latios
|-damage|p2a: Latios|60/100
|-unboost|p2a: Latios|spd|1
|
|upkeep
|turn|22
|
|t:|1759033942
|move|p2a: Latios|Recover|p2a: Latios
|-heal|p2a: Latios|100/100
|move|p1a: Pecharunt|Shadow Ball|p2a: Latios
|-damage|p2a: Latios|77/100
|
|upkeep
|turn|23
|
|t:|1759033945
|move|p2a: Latios|Calm Mind|p2a: Latios
|-boost|p2a: Latios|spa|1
|-boost|p2a: Latios|spd|1
|move|p1a: Pecharunt|Parting Shot|p2a: Latios
|-unboost|p2a: Latios|atk|1
|-unboost|p2a: Latios|spa|1
|
|t:|1759033946
|switch|p1a: Meowscarada|Meowscarada, M|51/100|[from] Parting Shot
|-damage|p1a: Meowscarada|39/100|[from] Stealth Rock
|-damage|p1a: Meowscarada|27/100|[from] Spikes
|
|upkeep
|turn|24
|c|☆jpkeeks|oh wow
|c|☆jpkeeks|i thought u were choice the whoel time
|c|☆jpkeeks|im bad
|inactive|niko7777777 has 60 seconds left.
|c|☆niko7777777|idk if i live knock
|c|☆niko7777777|ur banded right
|c|☆jpkeeks|uhhh
|inactive|niko7777777 has 30 seconds left.
|c|☆jpkeeks|yea for sure im banded
|
|t:|1759034009
|move|p1a: Meowscarada|Trick|p2a: Latios
|-start|p1a: Meowscarada|typechange|Psychic|[from] ability: Protean
|-activate|p1a: Meowscarada|move: Trick|[of] p2a: Latios
|-item|p2a: Latios|Choice Scarf|[from] move: Trick
|-item|p1a: Meowscarada|Soul Dew|[from] move: Trick
|move|p2a: Latios|Draco Meteor|p1a: Meowscarada
|-damage|p1a: Meowscarada|0 fnt
|-unboost|p2a: Latios|spa|2
|faint|p1a: Meowscarada
|
|upkeep
|
|t:|1759034012
|switch|p1a: Pecharunt|Pecharunt, tera:Ghost|100/100
|-damage|p1a: Pecharunt|88/100|[from] Stealth Rock
|-damage|p1a: Pecharunt|76/100|[from] Spikes
|turn|25
|c|☆niko7777777|huh
|inactive|niko7777777 has 30 seconds left.
|inactive|niko7777777 has 20 seconds left.
|c|☆jpkeeks|well
|c|☆jpkeeks|50 50 turn here
|
|t:|1759034042
|move|p2a: Latios|Draco Meteor|p1a: Pecharunt
|-damage|p1a: Pecharunt|39/100
|-unboost|p2a: Latios|spa|2
|move|p1a: Pecharunt|Shadow Ball|p2a: Latios
|-damage|p2a: Latios|61/100
|
|upkeep
|turn|26
|inactive|niko7777777 has 30 seconds left this turn.
|
|t:|1759034046
|switch|p2a: Scizor|Scizor, M|44/100
|move|p1a: Pecharunt|Recover|p1a: Pecharunt
|-heal|p1a: Pecharunt|89/100
|
|upkeep
|turn|27
|inactive|niko7777777 has 30 seconds left.
|
|t:|1759034063
|move|p2a: Scizor|Bullet Punch|p1a: Pecharunt
|-damage|p1a: Pecharunt|67/100
|move|p1a: Pecharunt|Shadow Ball|p2a: Scizor
|-damage|p2a: Scizor|0 fnt
|faint|p2a: Scizor
|
|upkeep
|inactive|niko7777777 has 30 seconds left this turn.
|c|☆jpkeeks|ok gg
|
|t:|1759034069
|switch|p2a: Latios|Latios, M, tera:Steel|61/100
|-damage|p2a: Latios|55/100|[from] Stealth Rock
|turn|28
|
|t:|1759034073
|move|p2a: Latios|Draco Meteor|p1a: Pecharunt
|-damage|p1a: Pecharunt|0 fnt
|-unboost|p2a: Latios|spa|2
|faint|p1a: Pecharunt
|
|win|niko7777777
|raw|jpkeeks's rating: 1468 &rarr; <strong>1452</strong><br />(-16 for losing)
|raw|niko7777777's rating: 1547 &rarr; <strong>1563</strong><br />(+16 for winning)
|c|☆niko7777777|zamn
|c|☆niko7777777|gg
|c|☆jpkeeks|gg
|l|☆jpkeeks
|player|p1|
