|j|☆razer534
|j|☆nasbdvo
|t:|1759014007
|gametype|singles
|player|p1|razer534|169|1093
|player|p2|nasbdvo|101|1106
|gen|9
|tier|[Gen 9] OU
|rated|
|rule|HP Percentage Mod: HP is shown in percentages
|rule|Endless Battle Clause: Forcing endless battles is banned
|rule|Species Clause: Limit one of each Pokémon
|rule|OHKO Clause: OHKO moves are banned
|rule|Evasion Items Clause: Evasion items are banned
|rule|Evasion Moves Clause: Evasion moves are banned
|rule|Evasion Abilities Clause: Evasion abilities are banned
|rule|Sleep Moves Clause: Sleep-inducing moves are banned
|clearpoke
|poke|p1|Delphox, F|
|poke|p1|Oricorio-Pom-Pom, F|
|poke|p1|Scrafty, F|
|poke|p1|Alcremie-Salted-Cream, F|
|poke|p1|Avalugg-Hisui, F|
|poke|p1|Sinistcha|
|poke|p2|Iron Valiant|
|poke|p2|Blastoise, M|
|poke|p2|Goodra-Hisui, F|
|poke|p2|Entei|
|poke|p2|Gliscor, F|
|poke|p2|Fezandipiti, M|
|teampreview
|
|t:|1759014019
|teamsize|p1|6
|teamsize|p2|6
|start
|switch|p1a: Delphox|Delphox, F|100/100
|switch|p2a: Fezandipiti|Fezandipiti, M|100/100
|turn|1
|
|t:|1759014030
|move|p1a: Delphox|Psychic Noise|p2a: Fezandipiti
|-supereffective|p2a: Fezandipiti
|-damage|p2a: Fezandipiti|53/100
|-start|p2a: Fezandipiti|move: Heal Block
|-item|p1a: Delphox|Heavy-Duty Boots|[from] ability: Magician|[of] p2a: Fezandipiti
|move|p2a: Fezandipiti|Play Rough|p1a: Delphox
|-resisted|p1a: Delphox
|-damage|p1a: Delphox|75/100
|
|upkeep
|turn|2
|
|t:|1759014043
|move|p1a: Delphox|Calm Mind|p1a: Delphox
|-boost|p1a: Delphox|spa|1
|-boost|p1a: Delphox|spd|1
|move|p2a: Fezandipiti|U-turn|p1a: Delphox
|-damage|p1a: Delphox|46/100
|
|t:|1759014051
|switch|p2a: Blastoise|Blastoise, M|100/100|[from] U-turn
|
|upkeep
|turn|3
|
|t:|1759014056
|move|p1a: Delphox|Psychic Noise|p2a: Blastoise
|-damage|p2a: Blastoise|40/100
|-start|p2a: Blastoise|move: Heal Block
|move|p2a: Blastoise|Shell Smash|p2a: Blastoise
|-unboost|p2a: Blastoise|def|1
|-unboost|p2a: Blastoise|spd|1
|-boost|p2a: Blastoise|atk|2
|-boost|p2a: Blastoise|spa|2
|-boost|p2a: Blastoise|spe|2
|-enditem|p2a: Blastoise|White Herb
|-clearnegativeboost|p2a: Blastoise|[silent]
|
|upkeep
|turn|4
|
|t:|1759014070
|move|p2a: Blastoise|Surf|p1a: Delphox
|-supereffective|p1a: Delphox
|-damage|p1a: Delphox|0 fnt
|faint|p1a: Delphox
|
|-end|p2a: Blastoise|move: Heal Block
|upkeep
|
|t:|1759014086
|switch|p1a: Alcremie|Alcremie-Salted-Cream, F|100/100
|turn|5
|
|t:|1759014092
|move|p2a: Blastoise|Surf|p1a: Alcremie
|-damage|p1a: Alcremie|47/100
|move|p1a: Alcremie|Calm Mind|p1a: Alcremie
|-boost|p1a: Alcremie|spa|1
|-boost|p1a: Alcremie|spd|1
|
|-heal|p1a: Alcremie|53/100|[from] item: Leftovers
|upkeep
|turn|6
|
|t:|1759014100
|move|p2a: Blastoise|Surf|p1a: Alcremie
|-damage|p1a: Alcremie|20/100
|move|p1a: Alcremie|Giga Drain|p2a: Blastoise
|-supereffective|p2a: Blastoise
|-damage|p2a: Blastoise|0 fnt
|-heal|p1a: Alcremie|40/100|[from] drain|[of] p2a: Blastoise
|faint|p2a: Blastoise
|
|-heal|p1a: Alcremie|46/100|[from] item: Leftovers
|upkeep
|
|t:|1759014113
|switch|p2a: Goodra|Goodra-Hisui, F|100/100
|turn|7
|
|t:|1759014121
|-terastallize|p1a: Alcremie|Ground
|move|p2a: Goodra|Flash Cannon|p1a: Alcremie
|-damage|p1a: Alcremie|28/100
|move|p1a: Alcremie|Fake Tears|p2a: Goodra
|-unboost|p2a: Goodra|spd|2
|
|-heal|p1a: Alcremie|34/100|[from] item: Leftovers
|upkeep
|turn|8
|
|t:|1759014133
|move|p2a: Goodra|Surf|p1a: Alcremie
|-supereffective|p1a: Alcremie
|-damage|p1a: Alcremie|3/100
|move|p1a: Alcremie|Draining Kiss|p2a: Goodra
|-damage|p2a: Goodra|70/100
|-heal|p1a: Alcremie|25/100|[from] drain|[of] p2a: Goodra
|
|-heal|p1a: Alcremie|31/100|[from] item: Leftovers
|upkeep
|turn|9
|
|t:|1759014143
|move|p2a: Goodra|Surf|p1a: Alcremie
|-supereffective|p1a: Alcremie
|-damage|p1a: Alcremie|0 fnt
|faint|p1a: Alcremie
|
|upkeep
|
|t:|1759014150
|switch|p1a: Scrafty|Scrafty, F|100/100
|turn|10
|
|t:|1759014157
|move|p2a: Goodra|Surf|p1a: Scrafty
|-damage|p1a: Scrafty|77/100
|move|p1a: Scrafty|Drain Punch|p2a: Goodra
|-supereffective|p2a: Goodra
|-damage|p2a: Goodra|4/100
|-heal|p1a: Scrafty|100/100|[from] drain|[of] p2a: Goodra
|
|upkeep
|turn|11
|
|t:|1759014168
|move|p2a: Goodra|Thunderbolt|p1a: Scrafty
|-damage|p1a: Scrafty|77/100
|move|p1a: Scrafty|Dragon Claw|p2a: Goodra
|-damage|p2a: Goodra|0 fnt
|faint|p2a: Goodra
|
|upkeep
|
|t:|1759014181
|switch|p2a: Fezandipiti|Fezandipiti, M|53/100
|turn|12
|
|t:|1759014190
|move|p2a: Fezandipiti|Play Rough|p1a: Scrafty
|-supereffective|p1a: Scrafty
|-damage|p1a: Scrafty|0 fnt
|faint|p1a: Scrafty
|
|upkeep
|
|t:|1759014195
|switch|p1a: Oricorio|Oricorio-Pom-Pom, F|100/100
|turn|13
|
|t:|1759014201
|move|p1a: Oricorio|Quiver Dance|p1a: Oricorio
|-boost|p1a: Oricorio|spa|1
|-boost|p1a: Oricorio|spd|1
|-boost|p1a: Oricorio|spe|1
|move|p2a: Fezandipiti|U-turn|p1a: Oricorio
|-resisted|p1a: Oricorio
|-crit|p1a: Oricorio
|-damage|p1a: Oricorio|80/100
|-status|p1a: Oricorio|tox|[from] ability: Toxic Chain|[of] p2a: Fezandipiti
|
|t:|1759014222
|switch|p2a: Iron Valiant|Iron Valiant|100/100|[from] U-turn
|-enditem|p2a: Iron Valiant|Booster Energy
|-activate|p2a: Iron Valiant|ability: Quark Drive|[fromitem]
|-start|p2a: Iron Valiant|quarkdrivespe
|
|-damage|p1a: Oricorio|74/100 tox|[from] psn
|upkeep
|turn|14
|
|t:|1759014236
|-terastallize|p2a: Iron Valiant|Dark
|move|p2a: Iron Valiant|Moonblast|p1a: Oricorio
|-damage|p1a: Oricorio|25/100 tox
|move|p1a: Oricorio|Air Slash|p2a: Iron Valiant
|-damage|p2a: Iron Valiant|0 fnt
|faint|p2a: Iron Valiant
|-end|p2a: Iron Valiant|Quark Drive|[silent]
|
|-damage|p1a: Oricorio|13/100 tox|[from] psn
|upkeep
|
|t:|1759014249
|switch|p2a: Entei|Entei|100/100
|turn|15
|
|t:|1759014254
|move|p2a: Entei|Extreme Speed|p1a: Oricorio
|-damage|p1a: Oricorio|0 fnt
|faint|p1a: Oricorio
|
|upkeep
|
|t:|1759014259
|switch|p1a: Sinistcha|Sinistcha|100/100
|turn|16
|
|t:|1759014267
|move|p2a: Entei|Sacred Fire|p1a: Sinistcha
|-supereffective|p1a: Sinistcha
|-damage|p1a: Sinistcha|54/100
|move|p1a: Sinistcha|Strength Sap|p2a: Entei
|-unboost|p2a: Entei|atk|1
|-heal|p1a: Sinistcha|100/100
|
|upkeep
|turn|17
|
|t:|1759014279
|move|p2a: Entei|Sacred Fire|p1a: Sinistcha
|-supereffective|p1a: Sinistcha
|-damage|p1a: Sinistcha|67/100
|-status|p1a: Sinistcha|brn
|move|p1a: Sinistcha|Nasty Plot|p1a: Sinistcha
|-boost|p1a: Sinistcha|spa|2
|
|-damage|p1a: Sinistcha|64/100 brn|[from] brn
|upkeep
|turn|18
|
|t:|1759014292
|move|p2a: Entei|Sacred Fire|p1a: Sinistcha
|-supereffective|p1a: Sinistcha
|-damage|p1a: Sinistcha|33/100 brn
|move|p1a: Sinistcha|Matcha Gotcha|p2a: Entei
|-resisted|p2a: Entei
|-damage|p2a: Entei|40/100
|-heal|p1a: Sinistcha|69/100 brn|[from] drain|[of] p2a: Entei
|-damage|p1a: Sinistcha|59/100 brn|[from] item: Life Orb
|
|-damage|p1a: Sinistcha|56/100 brn|[from] brn
|upkeep
|turn|19
|
|t:|1759014311
|move|p2a: Entei|Sacred Fire|p1a: Sinistcha
|-supereffective|p1a: Sinistcha
|-damage|p1a: Sinistcha|23/100 brn
|move|p1a: Sinistcha|Matcha Gotcha|p2a: Entei
|-resisted|p2a: Entei
|-damage|p2a: Entei|0 fnt
|-heal|p1a: Sinistcha|47/100 brn|[from] drain|[of] p2a: Entei
|faint|p2a: Entei
|-damage|p1a: Sinistcha|37/100 brn|[from] item: Life Orb
|
|-damage|p1a: Sinistcha|34/100 brn|[from] brn
|upkeep
|
|t:|1759014330
|switch|p2a: Fezandipiti|Fezandipiti, M|53/100
|turn|20
|
|t:|1759014336
|move|p2a: Fezandipiti|U-turn|p1a: Sinistcha
|-damage|p1a: Sinistcha|17/100 brn
|
|t:|1759014339
|switch|p2a: Gliscor|Gliscor, F|100/100|[from] U-turn
|move|p1a: Sinistcha|Strength Sap|p2a: Gliscor
|-unboost|p2a: Gliscor|atk|1
|-heal|p1a: Sinistcha|90/100 brn
|
|-damage|p1a: Sinistcha|88/100 brn|[from] brn
|-status|p2a: Gliscor|tox|[from] item: Toxic Orb
|upkeep
|turn|21
|
|t:|1759014362
|move|p2a: Gliscor|Swords Dance|p2a: Gliscor
|-boost|p2a: Gliscor|atk|2
|move|p1a: Sinistcha|Hex|p2a: Gliscor
|-damage|p2a: Gliscor|0 fnt
|faint|p2a: Gliscor
|-damage|p1a: Sinistcha|78/100 brn|[from] item: Life Orb
|
|-damage|p1a: Sinistcha|75/100 brn|[from] brn
|upkeep
|
|t:|1759014375
|switch|p2a: Fezandipiti|Fezandipiti, M|53/100
|turn|22
|
|t:|1759014382
|move|p2a: Fezandipiti|Brave Bird|p1a: Sinistcha
|-supereffective|p1a: Sinistcha
|-damage|p1a: Sinistcha|18/100 brn
|-damage|p2a: Fezandipiti|38/100|[from] Recoil
|move|p1a: Sinistcha|Matcha Gotcha|p2a: Fezandipiti
|-resisted|p2a: Fezandipiti
|-damage|p2a: Fezandipiti|0 fnt
|-heal|p1a: Sinistcha|41/100 brn|[from] drain|[of] p2a: Fezandipiti
|faint|p2a: Fezandipiti
|-damage|p1a: Sinistcha|32/100 brn|[from] item: Life Orb
|
|win|razer534
|raw|razer534's rating: 1093 &rarr; <strong>1120</strong><br />(+27 for winning)
|raw|nasbdvo's rating: 1106 &rarr; <strong>1080</strong><br />(-26 for losing)
|l|☆razer534
|player|p1|
|l|☆nasbdvo
|player|p2|
