|j|☆xiehaoang
|j|☆gigapoophater
|t:|1758980435
|gametype|singles
|player|p1|xiehaoang|skier|1088
|player|p2|gigapoophater|swimmer|1091
|gen|9
|tier|[Gen 9] OU
|rated|
|rule|HP Percentage Mod: HP is shown in percentages
|rule|Endless Battle Clause: Forcing endless battles is banned
|rule|Species Clause: Limit one of each Pokémon
|rule|OHKO Clause: OHKO moves are banned
|rule|Evasion Items Clause: Evasion items are banned
|rule|Evasion Moves Clause: Evasion moves are banned
|rule|Evasion Abilities Clause: Evasion abilities are banned
|rule|Sleep Moves Clause: Sleep-inducing moves are banned
|clearpoke
|poke|p1|Tyranitar, F|
|poke|p1|Excadrill, F|
|poke|p1|Zapdos|
|poke|p1|Gholdengo|
|poke|p1|Ogerpon-Wellspring, F|
|poke|p1|Kingambit, M|
|poke|p2|Iron Boulder|
|poke|p2|Skeledirge, M|
|poke|p2|Orthworm, M|
|poke|p2|Breloom, F|
|poke|p2|Milotic, F|
|poke|p2|Zebstrika, M|
|teampreview
|
|t:|1758980447
|teamsize|p1|6
|teamsize|p2|6
|start
|switch|p1a: Tyranitar|Tyranitar, F|100/100
|switch|p2a: Skeledirge|Skeledirge, M|100/100
|-weather|Sandstorm|[from] ability: Sand Stream|[of] p1a: Tyranitar
|turn|1
|inactive|Battle timer is ON: inactive players will automatically lose when time's up. (requested by gigapoophater)
|
|t:|1758980458
|move|p2a: Skeledirge|Earth Power|p1a: Tyranitar
|-supereffective|p1a: Tyranitar
|-damage|p1a: Tyranitar|64/100
|move|p1a: Tyranitar|Knock Off|p2a: Skeledirge
|-supereffective|p2a: Skeledirge
|-damage|p2a: Skeledirge|0 fnt
|-enditem|p2a: Skeledirge|Choice Scarf|[from] move: Knock Off|[of] p1a: Tyranitar
|faint|p2a: Skeledirge
|
|-weather|Sandstorm|[upkeep]
|upkeep
|
|t:|1758980467
|switch|p2a: Breloom|Breloom, F|100/100
|turn|2
|
|t:|1758980478
|switch|p1a: Gholdengo|Gholdengo|100/100
|move|p2a: Breloom|Bullet Seed|p1a: Gholdengo
|-resisted|p1a: Gholdengo
|-damage|p1a: Gholdengo|80/100
|-resisted|p1a: Gholdengo
|-damage|p1a: Gholdengo|60/100
|-resisted|p1a: Gholdengo
|-crit|p1a: Gholdengo
|-damage|p1a: Gholdengo|32/100
|-hitcount|p1a: Gholdengo|3
|
|-weather|Sandstorm|[upkeep]
|-damage|p2a: Breloom|94/100|[from] Sandstorm
|upkeep
|turn|3
|
|t:|1758980496
|switch|p2a: Milotic|Milotic, F|100/100
|move|p1a: Gholdengo|Make It Rain|p2a: Milotic
|-resisted|p2a: Milotic
|-damage|p2a: Milotic|62/100
|-unboost|p1a: Gholdengo|spa|1
|
|-weather|Sandstorm|[upkeep]
|-damage|p2a: Milotic|56/100|[from] Sandstorm
|upkeep
|turn|4
|
|t:|1758980505
|switch|p1a: Ogerpon|Ogerpon-Wellspring, F|100/100
|move|p2a: Milotic|Scald|p1a: Ogerpon
|-immune|p1a: Ogerpon|[from] ability: Water Absorb
|
|-weather|Sandstorm|[upkeep]
|-damage|p1a: Ogerpon|95/100|[from] Sandstorm
|-damage|p2a: Milotic|50/100|[from] Sandstorm
|upkeep
|turn|5
|
|t:|1758980512
|switch|p2a: Orthworm|Orthworm, M|100/100
|move|p1a: Ogerpon|Trailblaze|p2a: Orthworm
|-resisted|p2a: Orthworm
|-damage|p2a: Orthworm|92/100
|-boost|p1a: Ogerpon|spe|1
|-damage|p1a: Ogerpon|78/100|[from] item: Rocky Helmet|[of] p2a: Orthworm
|
|-weather|none
|upkeep
|turn|6
|
|t:|1758980520
|switch|p1a: Zapdos|Zapdos|100/100
|move|p2a: Orthworm|Body Press|p1a: Zapdos
|-resisted|p1a: Zapdos
|-damage|p1a: Zapdos|79/100
|-status|p2a: Orthworm|par|[from] ability: Static|[of] p1a: Zapdos
|
|upkeep
|turn|7
|
|t:|1758980525
|move|p1a: Zapdos|Hurricane|p2a: Orthworm
|-resisted|p2a: Orthworm
|-damage|p2a: Orthworm|45/100 par
|cant|p2a: Orthworm|par
|
|upkeep
|turn|8
|
|t:|1758980536
|switch|p2a: Zebstrika|Zebstrika, M|100/100
|move|p1a: Zapdos|Hurricane|p2a: Zebstrika
|-resisted|p2a: Zebstrika
|-damage|p2a: Zebstrika|51/100
|-start|p2a: Zebstrika|confusion
|
|upkeep
|turn|9
|
|t:|1758980543
|move|p1a: Zapdos|Hurricane|p2a: Zebstrika
|-resisted|p2a: Zebstrika
|-damage|p2a: Zebstrika|3/100
|-activate|p2a: Zebstrika|confusion
|move|p2a: Zebstrika|Supercell Slam|p1a: Zapdos
|-damage|p1a: Zapdos|4/100
|-damage|p2a: Zebstrika|0 fnt|[from] item: Life Orb
|faint|p2a: Zebstrika
|
|upkeep
|
|t:|1758980562
|switch|p2a: Breloom|Breloom, F|94/100
|turn|10
|
|t:|1758980568
|move|p2a: Breloom|Mach Punch|p1a: Zapdos
|-resisted|p1a: Zapdos
|-damage|p1a: Zapdos|0 fnt
|faint|p1a: Zapdos
|
|upkeep
|
|t:|1758980571
|switch|p1a: Ogerpon|Ogerpon-Wellspring, F|78/100
|turn|11
|
|t:|1758980585
|move|p2a: Breloom|Mach Punch|p1a: Ogerpon
|-damage|p1a: Ogerpon|15/100
|move|p1a: Ogerpon|Swords Dance|p1a: Ogerpon
|-boost|p1a: Ogerpon|atk|2
|
|upkeep
|turn|12
|
|t:|1758980591
|move|p2a: Breloom|Mach Punch|p1a: Ogerpon
|-damage|p1a: Ogerpon|0 fnt
|faint|p1a: Ogerpon
|
|upkeep
|
|t:|1758980595
|switch|p1a: Kingambit|Kingambit, M|100/100
|-activate|p1a: Kingambit|ability: Supreme Overlord
|-start|p1a: Kingambit|fallen2|[silent]
|turn|13
|
|t:|1758980598
|-terastallize|p1a: Kingambit|Dark
|move|p2a: Breloom|Mach Punch|p1a: Kingambit
|-supereffective|p1a: Kingambit
|-damage|p1a: Kingambit|14/100
|move|p1a: Kingambit|Sucker Punch||[still]
|-fail|p1a: Kingambit
|
|upkeep
|turn|14
|
|t:|1758980605
|move|p2a: Breloom|Mach Punch|p1a: Kingambit
|-supereffective|p1a: Kingambit
|-damage|p1a: Kingambit|0 fnt
|faint|p1a: Kingambit
|-end|p1a: Kingambit|fallen2|[silent]
|
|upkeep
|
|t:|1758980608
|switch|p1a: Tyranitar|Tyranitar, F|64/100
|-weather|Sandstorm|[from] ability: Sand Stream|[of] p1a: Tyranitar
|turn|15
|
|t:|1758980610
|move|p2a: Breloom|Mach Punch|p1a: Tyranitar
|-supereffective|p1a: Tyranitar
|-damage|p1a: Tyranitar|0 fnt
|faint|p1a: Tyranitar
|
|-weather|Sandstorm|[upkeep]
|-damage|p2a: Breloom|88/100|[from] Sandstorm
|upkeep
|
|t:|1758980612
|switch|p1a: Excadrill|Excadrill, F, shiny|100/100
|-item|p1a: Excadrill|Air Balloon
|turn|16
|
|t:|1758980616
|move|p2a: Breloom|Mach Punch|p1a: Excadrill
|-supereffective|p1a: Excadrill
|-damage|p1a: Excadrill|0 fnt
|-enditem|p1a: Excadrill|Air Balloon
|faint|p1a: Excadrill
|
|-weather|Sandstorm|[upkeep]
|-damage|p2a: Breloom|82/100|[from] Sandstorm
|upkeep
|
|t:|1758980620
|switch|p1a: Gholdengo|Gholdengo|32/100
|turn|17
|
|t:|1758980625
|switch|p2a: Milotic|Milotic, F|50/100
|move|p1a: Gholdengo|Make It Rain|p2a: Milotic
|-resisted|p2a: Milotic
|-damage|p2a: Milotic|11/100
|-unboost|p1a: Gholdengo|spa|1
|
|-weather|Sandstorm|[upkeep]
|-damage|p2a: Milotic|5/100|[from] Sandstorm
|upkeep
|turn|18
|
|t:|1758980652
|move|p1a: Gholdengo|Make It Rain|p2a: Milotic
|-resisted|p2a: Milotic
|-damage|p2a: Milotic|0 fnt
|-unboost|p1a: Gholdengo|spa|1
|faint|p2a: Milotic
|
|-weather|Sandstorm|[upkeep]
|upkeep
|
|t:|1758980657
|switch|p2a: Iron Boulder|Iron Boulder|100/100
|-enditem|p2a: Iron Boulder|Booster Energy
|-activate|p2a: Iron Boulder|ability: Quark Drive|[fromitem]
|-start|p2a: Iron Boulder|quarkdrivespe
|turn|19
|
|t:|1758980661
|move|p2a: Iron Boulder|Mighty Cleave|p1a: Gholdengo
|-resisted|p1a: Gholdengo
|-damage|p1a: Gholdengo|0 fnt
|faint|p1a: Gholdengo
|
|win|gigapoophater
|raw|xiehaoang's rating: 1088 &rarr; <strong>1065</strong><br />(-23 for losing)
|raw|gigapoophater's rating: 1091 &rarr; <strong>1117</strong><br />(+26 for winning)
|l|☆xiehaoang
|player|p1|
|l|☆gigapoophater
|player|p2|
