|j|☆munty12
|j|☆xklootzakx
|t:|1759041641
|gametype|singles
|player|p1|munty12|1|1399
|player|p2|xklootzakx|roxie|1414
|gen|9
|tier|[Gen 9] OU
|rated|
|rule|HP Percentage Mod: HP is shown in percentages
|rule|Endless Battle Clause: Forcing endless battles is banned
|rule|Species Clause: Limit one of each Pokémon
|rule|OHKO Clause: OHKO moves are banned
|rule|Evasion Items Clause: Evasion items are banned
|rule|Evasion Moves Clause: Evasion moves are banned
|rule|Evasion Abilities Clause: Evasion abilities are banned
|rule|Sleep Moves Clause: Sleep-inducing moves are banned
|clearpoke
|poke|p1|Gallade, M|
|poke|p1|Rotom-Wash|
|poke|p1|Empoleon, F|
|poke|p1|Breloom, M|
|poke|p1|Palossand, M|
|poke|p1|Scizor, M|
|poke|p2|Fezandipiti, M|
|poke|p2|Ninetales-Alola, M|
|poke|p2|Corviknight, F|
|poke|p2|Torterra, M|
|poke|p2|Chandelure, F|
|poke|p2|Crawdaunt, F|
|teampreview
|inactive|Battle timer is ON: inactive players will automatically lose when time's up. (requested by xklootzakx)
|
|t:|1759041652
|teamsize|p1|6
|teamsize|p2|6
|start
|switch|p1a: Scizor|Scizor, M|100/100
|switch|p2a: Corviknight|Corviknight, F|100/100
|turn|1
|
|t:|1759041660
|move|p2a: Corviknight|U-turn|p1a: Scizor
|-resisted|p1a: Scizor
|-damage|p1a: Scizor|93/100
|
|t:|1759041666
|switch|p2a: Ninetales|Ninetales-Alola, M|100/100|[from] U-turn
|-weather|Snowscape|[from] ability: Snow Warning|[of] p2a: Ninetales
|move|p1a: Scizor|Knock Off|p2a: Ninetales
|-resisted|p2a: Ninetales
|-damage|p2a: Ninetales|83/100
|-enditem|p2a: Ninetales|Light Clay|[from] move: Knock Off|[of] p1a: Scizor
|
|-weather|Snowscape|[upkeep]
|-heal|p1a: Scizor|99/100|[from] item: Leftovers
|upkeep
|turn|2
|
|t:|1759041678
|move|p1a: Scizor|Bullet Punch|p2a: Ninetales
|-supereffective|p2a: Ninetales
|-damage|p2a: Ninetales|0 fnt
|faint|p2a: Ninetales
|
|-weather|Snowscape|[upkeep]
|-heal|p1a: Scizor|100/100|[from] item: Leftovers
|upkeep
|
|t:|1759041681
|switch|p2a: Chandelure|Chandelure, F, shiny|100/100
|turn|3
|
|t:|1759041694
|-terastallize|p1a: Scizor|Fire
|move|p2a: Chandelure|Fire Blast|p1a: Scizor
|-resisted|p1a: Scizor
|-crit|p1a: Scizor
|-damage|p1a: Scizor|28/100
|move|p1a: Scizor|Knock Off|p2a: Chandelure
|-supereffective|p2a: Chandelure
|-damage|p2a: Chandelure|0 fnt
|-enditem|p2a: Chandelure|Choice Scarf|[from] move: Knock Off|[of] p1a: Scizor
|faint|p2a: Chandelure
|
|-weather|Snowscape|[upkeep]
|-heal|p1a: Scizor|34/100|[from] item: Leftovers
|upkeep
|
|t:|1759041703
|switch|p2a: Crawdaunt|Crawdaunt, F|100/100
|turn|4
|
|t:|1759041717
|move|p1a: Scizor|Bullet Punch|p2a: Crawdaunt
|-resisted|p2a: Crawdaunt
|-damage|p2a: Crawdaunt|81/100
|move|p2a: Crawdaunt|Swords Dance|p2a: Crawdaunt
|-boost|p2a: Crawdaunt|atk|2
|
|-weather|Snowscape|[upkeep]
|-heal|p1a: Scizor|40/100|[from] item: Leftovers
|upkeep
|turn|5
|
|t:|1759041722
|move|p2a: Crawdaunt|Aqua Jet|p1a: Scizor
|-supereffective|p1a: Scizor
|-damage|p1a: Scizor|0 fnt
|faint|p1a: Scizor
|
|-weather|none
|upkeep
|
|t:|1759041726
|switch|p1a: Rotom|Rotom-Wash|100/100
|turn|6
|
|t:|1759041730
|move|p1a: Rotom|Thunderbolt|p2a: Crawdaunt
|-supereffective|p2a: Crawdaunt
|-damage|p2a: Crawdaunt|0 fnt
|faint|p2a: Crawdaunt
|
|upkeep
|
|t:|1759041732
|switch|p2a: Torterra|Torterra, M|100/100
|turn|7
|
|t:|1759041742
|switch|p1a: Breloom|Breloom, M|100/100
|move|p2a: Torterra|Shell Smash|p2a: Torterra
|-unboost|p2a: Torterra|def|1
|-unboost|p2a: Torterra|spd|1
|-boost|p2a: Torterra|atk|2
|-boost|p2a: Torterra|spa|2
|-boost|p2a: Torterra|spe|2
|-enditem|p2a: Torterra|White Herb
|-clearnegativeboost|p2a: Torterra|[silent]
|
|upkeep
|turn|8
|
|t:|1759041756
|-terastallize|p2a: Torterra|Fire
|move|p2a: Torterra|Tera Blast|p1a: Breloom|[anim] Tera Blast Fire
|-supereffective|p1a: Breloom
|-damage|p1a: Breloom|0 fnt
|faint|p1a: Breloom
|
|upkeep
|
|t:|1759041770
|switch|p1a: Gallade|Gallade, M, shiny|100/100
|turn|9
|
|t:|1759041773
|move|p2a: Torterra|Tera Blast|p1a: Gallade|[anim] Tera Blast Fire
|-damage|p1a: Gallade|0 fnt
|faint|p1a: Gallade
|
|upkeep
|
|t:|1759041777
|switch|p1a: Palossand|Palossand, M|100/100
|turn|10
|
|t:|1759041780
|move|p2a: Torterra|Tera Blast|p1a: Palossand|[anim] Tera Blast Fire
|-crit|p1a: Palossand
|-damage|p1a: Palossand|20/100
|move|p1a: Palossand|Earth Power|p2a: Torterra
|-supereffective|p2a: Torterra
|-damage|p2a: Torterra|3/100
|-unboost|p2a: Torterra|spd|1
|
|-heal|p1a: Palossand|26/100|[from] item: Leftovers
|upkeep
|turn|11
|
|t:|1759041789
|move|p2a: Torterra|Tera Blast|p1a: Palossand|[anim] Tera Blast Fire
|-damage|p1a: Palossand|0 fnt
|faint|p1a: Palossand
|
|upkeep
|
|t:|1759041791
|switch|p1a: Rotom|Rotom-Wash|100/100
|turn|12
|
|t:|1759041802
|move|p2a: Torterra|Rock Slide|p1a: Rotom
|-damage|p1a: Rotom|36/100
|cant|p1a: Rotom|flinch
|
|upkeep
|turn|13
|
|t:|1759041807
|move|p2a: Torterra|Rock Slide|p1a: Rotom
|-damage|p1a: Rotom|0 fnt
|faint|p1a: Rotom
|
|upkeep
|
|t:|1759041810
|switch|p1a: Empoleon|Empoleon, F|100/100
|turn|14
|
|t:|1759041811
|move|p2a: Torterra|Earthquake|p1a: Empoleon
|-supereffective|p1a: Empoleon
|-damage|p1a: Empoleon|0 fnt
|faint|p1a: Empoleon
|
|win|xklootzakx
|raw|munty12's rating: 1399 &rarr; <strong>1380</strong><br />(-19 for losing)
|raw|xklootzakx's rating: 1414 &rarr; <strong>1433</strong><br />(+19 for winning)
|l|☆munty12
|player|p1|
|l|☆xklootzakx
|player|p2|
