|j|☆magical leaves
|j|☆zDangon
|t:|1758992071
|gametype|singles
|player|p1|magical leaves|aromalady|1250
|player|p2|zDangon|170|1270
|gen|9
|tier|[Gen 9] OU
|rated|
|rule|HP Percentage Mod: HP is shown in percentages
|rule|Endless Battle Clause: Forcing endless battles is banned
|rule|Species Clause: Limit one of each Pokémon
|rule|OHKO Clause: OHKO moves are banned
|rule|Evasion Items Clause: Evasion items are banned
|rule|Evasion Moves Clause: Evasion moves are banned
|rule|Evasion Abilities Clause: Evasion abilities are banned
|rule|Sleep Moves Clause: Sleep-inducing moves are banned
|clearpoke
|poke|p1|Indeedee, M|
|poke|p1|Minior|
|poke|p1|Hawlucha, M|
|poke|p1|Hoopa-Unbound|
|poke|p1|Clefable, F|
|poke|p1|Araquanid, M|
|poke|p2|Gliscor, M|
|poke|p2|Rotom-Wash|
|poke|p2|Corviknight, M|
|poke|p2|Amoonguss, F|
|poke|p2|Dragapult, M|
|poke|p2|Cinderace, M|
|teampreview
|
|t:|1758992083
|teamsize|p1|6
|teamsize|p2|6
|start
|switch|p1a: stro|Clefable, F|100/100
|switch|p2a: Cinderace|Cinderace, M|100/100
|turn|1
|
|t:|1758992089
|move|p2a: Cinderace|U-turn|p1a: stro
|-start|p2a: Cinderace|typechange|Bug|[from] ability: Libero
|-resisted|p1a: stro
|-damage|p1a: stro|87/100
|
|t:|1758992093
|switch|p2a: Gliscor|Gliscor, M|100/100|[from] U-turn
|move|p1a: stro|Thunder Wave|p2a: Gliscor
|-immune|p2a: Gliscor
|
|-heal|p1a: stro|93/100|[from] item: Leftovers
|-status|p2a: Gliscor|tox|[from] item: Toxic Orb
|upkeep
|turn|2
|
|t:|1758992107
|switch|p1a: life aquatic|Araquanid, M|100/100
|move|p2a: Gliscor|Knock Off|p1a: life aquatic
|-damage|p1a: life aquatic|77/100
|-enditem|p1a: life aquatic|Heavy-Duty Boots|[from] move: Knock Off|[of] p2a: Gliscor
|
|upkeep
|turn|3
|
|t:|1758992118
|move|p2a: Gliscor|Toxic|p1a: life aquatic
|-status|p1a: life aquatic|tox
|move|p1a: life aquatic|Liquidation|p2a: Gliscor
|-supereffective|p2a: Gliscor
|-damage|p2a: Gliscor|0 fnt
|faint|p2a: Gliscor
|
|-damage|p1a: life aquatic|70/100 tox|[from] psn
|upkeep
|
|t:|1758992127
|switch|p2a: Rotom|Rotom-Wash|100/100
|turn|4
|
|t:|1758992133
|switch|p1a: stro|Clefable, F|93/100
|move|p2a: Rotom|Volt Switch|p1a: stro
|-damage|p1a: stro|71/100
|
|t:|1758992154
|switch|p2a: Corviknight|Corviknight, M|100/100|[from] Volt Switch
|-ability|p2a: Corviknight|Pressure
|
|-heal|p1a: stro|77/100|[from] item: Leftovers
|upkeep
|turn|5
|
|t:|1758992180
|switch|p1a: life aquatic|Araquanid, M|70/100 tox
|move|p2a: Corviknight|U-turn|p1a: life aquatic
|-damage|p1a: life aquatic|54/100 tox
|
|t:|1758992197
|switch|p2a: Rotom|Rotom-Wash|100/100|[from] U-turn
|
|-damage|p1a: life aquatic|48/100 tox|[from] psn
|upkeep
|turn|6
|
|t:|1758992206
|switch|p1a: jig|Indeedee, M|100/100
|-fieldstart|move: Psychic Terrain|[from] ability: Psychic Surge|[of] p1a: jig
|move|p2a: Rotom|Volt Switch|p1a: jig
|-damage|p1a: jig|71/100
|
|t:|1758992209
|switch|p2a: Cinderace|Cinderace, M|100/100|[from] Volt Switch
|
|upkeep
|turn|7
|
|t:|1758992218
|move|p2a: Cinderace|U-turn|p1a: jig
|-start|p2a: Cinderace|typechange|Bug|[from] ability: Libero
|-supereffective|p1a: jig
|-damage|p1a: jig|0 fnt
|faint|p1a: jig
|
|t:|1758992223
|switch|p2a: Dragapult|Dragapult, M|100/100|[from] U-turn
|
|upkeep
|
|t:|1758992235
|switch|p1a: drone|Minior, shiny|100/100
|-formechange|p1a: drone|Minior-Meteor||[from] ability: Shields Down
|turn|8
|
|t:|1758992242
|move|p2a: Dragapult|U-turn|p1a: drone
|-resisted|p1a: drone
|-damage|p1a: drone|91/100
|
|t:|1758992244
|switch|p2a: Rotom|Rotom-Wash|100/100|[from] U-turn
|move|p1a: drone|Shell Smash|p1a: drone
|-unboost|p1a: drone|def|1
|-unboost|p1a: drone|spd|1
|-boost|p1a: drone|atk|2
|-boost|p1a: drone|spa|2
|-boost|p1a: drone|spe|2
|-enditem|p1a: drone|White Herb
|-clearnegativeboost|p1a: drone|[silent]
|
|upkeep
|turn|9
|
|t:|1758992261
|move|p1a: drone|Acrobatics|p2a: Rotom
|-resisted|p2a: Rotom
|-damage|p2a: Rotom|70/100
|move|p2a: Rotom|Volt Switch|p1a: drone
|-supereffective|p1a: drone
|-damage|p1a: drone|23/100
|
|t:|1758992278
|switch|p2a: Corviknight|Corviknight, M|100/100|[from] Volt Switch
|-ability|p2a: Corviknight|Pressure
|
|-formechange|p1a: drone|Minior||[from] ability: Shields Down
|upkeep
|turn|10
|
|t:|1758992287
|move|p1a: drone|Stone Edge|p2a: Corviknight
|-damage|p2a: Corviknight|40/100
|move|p2a: Corviknight|Brave Bird|p1a: drone
|-resisted|p1a: drone
|-damage|p1a: drone|0 fnt
|faint|p1a: drone
|-damage|p2a: Corviknight|36/100|[from] Recoil
|
|upkeep
|
|t:|1758992297
|switch|p1a: anomaly|Hoopa-Unbound|100/100
|turn|11
|
|t:|1758992301
|move|p1a: anomaly|Expanding Force|p2a: Corviknight
|-resisted|p2a: Corviknight
|-damage|p2a: Corviknight|0 fnt
|faint|p2a: Corviknight
|
|upkeep
|
|t:|1758992304
|switch|p2a: Cinderace|Cinderace, M|100/100
|turn|12
|
|t:|1758992308
|move|p1a: anomaly|Expanding Force|p2a: Cinderace
|-damage|p2a: Cinderace|0 fnt
|faint|p2a: Cinderace
|
|upkeep
|
|t:|1758992312
|switch|p2a: Rotom|Rotom-Wash|70/100
|turn|13
|
|t:|1758992315
|move|p1a: anomaly|Expanding Force|p2a: Rotom
|-damage|p2a: Rotom|0 fnt
|faint|p2a: Rotom
|
|-fieldend|move: Psychic Terrain
|upkeep
|
|t:|1758992323
|switch|p2a: Dragapult|Dragapult, M|100/100
|turn|14
|
|t:|1758992345
|switch|p1a: life aquatic|Araquanid, M|48/100 tox
|move|p2a: Dragapult|Shadow Ball|p1a: life aquatic
|-damage|p1a: life aquatic|5/100 tox
|-unboost|p1a: life aquatic|spd|1
|
|-damage|p1a: life aquatic|0 fnt|[from] psn
|faint|p1a: life aquatic
|upkeep
|
|t:|1758992360
|switch|p1a: anomaly|Hoopa-Unbound|100/100
|turn|15
|
|t:|1758992365
|switch|p2a: Amoonguss|Amoonguss, F|100/100
|move|p1a: anomaly|Dark Pulse|p2a: Amoonguss
|-damage|p2a: Amoonguss|59/100
|
|-heal|p2a: Amoonguss|65/100|[from] item: Black Sludge
|upkeep
|turn|16
|
|t:|1758992374
|switch|p1a: norman powell|Hawlucha, M|100/100
|move|p2a: Amoonguss|Stun Spore|p1a: norman powell
|-status|p1a: norman powell|par
|
|-heal|p2a: Amoonguss|71/100|[from] item: Black Sludge
|upkeep
|turn|17
|
|t:|1758992385
|switch|p2a: Dragapult|Dragapult, M|100/100
|cant|p1a: norman powell|par
|
|upkeep
|turn|18
|
|t:|1758992391
|switch|p1a: stro|Clefable, F|77/100
|move|p2a: Dragapult|Shadow Ball|p1a: stro
|-damage|p1a: stro|24/100
|
|-heal|p1a: stro|30/100|[from] item: Leftovers
|upkeep
|turn|19
|
|t:|1758992400
|move|p2a: Dragapult|Shadow Ball|p1a: stro
|-damage|p1a: stro|0 fnt
|faint|p1a: stro
|
|upkeep
|
|t:|1758992406
|switch|p1a: anomaly|Hoopa-Unbound|100/100
|turn|20
|
|t:|1758992409
|switch|p2a: Amoonguss|Amoonguss, F|100/100
|move|p1a: anomaly|Dark Pulse|p2a: Amoonguss
|-damage|p2a: Amoonguss|62/100
|
|-heal|p2a: Amoonguss|68/100|[from] item: Black Sludge
|upkeep
|turn|21
|
|t:|1758992418
|switch|p1a: norman powell|Hawlucha, M|100/100 par
|move|p2a: Amoonguss|Sludge Bomb|p1a: norman powell
|-damage|p1a: norman powell|58/100 par
|
|-heal|p2a: Amoonguss|74/100|[from] item: Black Sludge
|upkeep
|turn|22
|
|t:|1758992426
|switch|p2a: Dragapult|Dragapult, M|100/100
|move|p1a: norman powell|Acrobatics|p2a: Dragapult
|-damage|p2a: Dragapult|65/100
|
|upkeep
|turn|23
|
|t:|1758992432
|move|p2a: Dragapult|Shadow Ball|p1a: norman powell
|-damage|p1a: norman powell|0 fnt
|faint|p1a: norman powell
|
|upkeep
|
|t:|1758992437
|switch|p1a: anomaly|Hoopa-Unbound|100/100
|turn|24
|
|t:|1758992440
|switch|p2a: Amoonguss|Amoonguss, F|100/100
|move|p1a: anomaly|Expanding Force|p2a: Amoonguss
|-supereffective|p2a: Amoonguss
|-damage|p2a: Amoonguss|19/100
|
|-heal|p2a: Amoonguss|26/100|[from] item: Black Sludge
|upkeep
|turn|25
|
|t:|1758992449
|move|p1a: anomaly|Expanding Force|p2a: Amoonguss
|-supereffective|p2a: Amoonguss
|-damage|p2a: Amoonguss|0 fnt
|faint|p2a: Amoonguss
|
|upkeep
|
|t:|1758992452
|switch|p2a: Dragapult|Dragapult, M|65/100
|turn|26
|
|t:|1758992455
|move|p2a: Dragapult|Draco Meteor|p1a: anomaly
|-damage|p1a: anomaly|23/100
|-unboost|p2a: Dragapult|spa|2
|move|p1a: anomaly|Expanding Force|p2a: Dragapult
|-damage|p2a: Dragapult|0 fnt
|faint|p2a: Dragapult
|
|win|magical leaves
|raw|magical leaves's rating: 1250 &rarr; <strong>1276</strong><br />(+26 for winning)
|raw|zDangon's rating: 1270 &rarr; <strong>1244</strong><br />(-26 for losing)
|l|☆zDangon
|player|p2|
|c|☆magical leaves|Gg
|l|☆magical leaves
|player|p1|
