|j|☆GummyDeino
|j|☆abrr6
|t:|1758994680
|gametype|singles
|player|p1|GummyDeino|2|1678
|player|p2|abrr6|unknownf|1552
|gen|9
|tier|[Gen 9] OU
|rated|
|rule|HP Percentage Mod: HP is shown in percentages
|rule|Endless Battle Clause: Forcing endless battles is banned
|rule|Species Clause: Limit one of each Pokémon
|rule|OHKO Clause: OHKO moves are banned
|rule|Evasion Items Clause: Evasion items are banned
|rule|Evasion Moves Clause: Evasion moves are banned
|rule|Evasion Abilities Clause: Evasion abilities are banned
|rule|Sleep Moves Clause: Sleep-inducing moves are banned
|clearpoke
|poke|p1|Indeedee, M|
|poke|p1|Hatterene, F|
|poke|p1|Ursaluna, F|
|poke|p1|Iron Hands|
|poke|p1|Hoopa-Unbound|
|poke|p1|Mimikyu, F|
|poke|p2|Iron Moth|
|poke|p2|Dragonite, M|
|poke|p2|Ogerpon-Wellspring, F|
|poke|p2|Iron Treads|
|poke|p2|Hatterene, F|
|poke|p2|Zamazenta-*|
|teampreview
|inactive|Battle timer is ON: inactive players will automatically lose when time's up. (requested by GummyDeino)
|inactive|abrr6 has 120 seconds left.
|
|t:|1758994713
|teamsize|p1|6
|teamsize|p2|6
|start
|switch|p1a: Catch These Hands|Iron Hands, shiny|100/100
|switch|p2a: Iron Moth|Iron Moth|100/100
|-enditem|p1a: Catch These Hands|Booster Energy
|-activate|p1a: Catch These Hands|ability: Quark Drive|[fromitem]
|-start|p1a: Catch These Hands|quarkdriveatk
|turn|1
|inactive|abrr6 has 120 seconds left.
|inactive|abrr6 has 90 seconds left.
|
|t:|1758994783
|-end|p2a: Iron Moth|Quark Drive|[silent]
|switch|p2a: Iron Treads|Iron Treads|100/100
|move|p1a: Catch These Hands|Close Combat|p2a: Iron Treads
|-supereffective|p2a: Iron Treads
|-damage|p2a: Iron Treads|0 fnt
|-unboost|p1a: Catch These Hands|def|1
|-unboost|p1a: Catch These Hands|spd|1
|faint|p2a: Iron Treads
|-end|p2a: Iron Treads|Quark Drive|[silent]
|
|upkeep
|
|t:|1758994788
|switch|p2a: Iron Moth|Iron Moth|100/100
|turn|2
|
|t:|1758994799
|-end|p1a: Catch These Hands|Quark Drive|[silent]
|switch|p1a: Ayo Doc Heal Me|Indeedee, M, shiny|100/100
|-fieldstart|move: Psychic Terrain|[from] ability: Psychic Surge|[of] p1a: Ayo Doc Heal Me
|move|p2a: Iron Moth|Overheat|p1a: Ayo Doc Heal Me
|-damage|p1a: Ayo Doc Heal Me|3/100
|-unboost|p2a: Iron Moth|spa|2
|
|upkeep
|turn|3
|
|t:|1758994812
|-end|p2a: Iron Moth|Quark Drive|[silent]
|switch|p2a: Ogerpon|Ogerpon-Wellspring, F|100/100
|switch|p1a: Sukuna|Hoopa-Unbound|100/100
|-enditem|p1a: Sukuna|Psychic Seed
|-boost|p1a: Sukuna|spd|1|[from] item: Psychic Seed
|
|upkeep
|turn|4
|
|t:|1758994822
|switch|p1a: Mimi :3|Mimikyu, F, shiny|100/100
|move|p2a: Ogerpon|U-turn|p1a: Mimi :3
|-activate|p1a: Mimi :3|ability: Disguise
|-damage|p1a: Mimi :3|100/100
|detailschange|p1a: Mimi :3|Mimikyu-Busted, F, shiny
|-damage|p1a: Mimi :3|88/100|[from] pokemon: Mimikyu-Busted
|-enditem|p1a: Mimi :3|Red Card|[of] p2a: Ogerpon
|drag|p2a: Hatterene|Hatterene, F|100/100
|
|upkeep
|turn|5
|
|t:|1758994838
|switch|p1a: 5 Nights In TR|Ursaluna, F, shiny|100/100
|move|p2a: Hatterene|Psychic Noise|p1a: 5 Nights In TR
|-crit|p1a: 5 Nights In TR
|-damage|p1a: 5 Nights In TR|47/100
|-start|p1a: 5 Nights In TR|move: Heal Block
|
|-status|p1a: 5 Nights In TR|brn|[from] item: Flame Orb
|upkeep
|turn|6
|
|t:|1758994852
|switch|p2a: Zamazenta|Zamazenta|100/100
|-ability|p2a: Zamazenta|Dauntless Shield|boost
|-boost|p2a: Zamazenta|def|1
|move|p1a: 5 Nights In TR|Facade|p2a: Zamazenta
|-damage|p2a: Zamazenta|41/100
|
|-heal|p2a: Zamazenta|47/100|[from] item: Leftovers
|-damage|p1a: 5 Nights In TR|41/100 brn|[from] brn
|-end|p1a: 5 Nights In TR|move: Heal Block
|upkeep
|turn|7
|
|t:|1758994863
|switch|p2a: Iron Moth|Iron Moth|100/100
|switch|p1a: Mimi :3|Mimikyu-Busted, F, shiny|88/100
|
|upkeep
|turn|8
|
|t:|1758994869
|move|p2a: Iron Moth|Fire Blast|p1a: Mimi :3
|-damage|p1a: Mimi :3|5/100
|move|p1a: Mimi :3|Trick Room|p1a: Mimi :3
|-fieldstart|move: Trick Room|[of] p1a: Mimi :3
|
|upkeep
|turn|9
|
|t:|1758994885
|move|p1a: Mimi :3|Curse|p2a: Iron Moth
|-start|p2a: Iron Moth|Curse|[of] p1a: Mimi :3
|-damage|p1a: Mimi :3|0 fnt
|faint|p1a: Mimi :3
|move|p2a: Iron Moth|Morning Sun|p2a: Iron Moth
|-fail|p2a: Iron Moth|heal
|
|-damage|p2a: Iron Moth|76/100|[from] Curse
|-fieldend|move: Psychic Terrain
|upkeep
|
|t:|1758994893
|switch|p1a: 5 Nights In TR|Ursaluna, F, shiny|41/100 brn
|turn|10
|
|t:|1758994902
|-end|p2a: Iron Moth|Quark Drive|[silent]
|switch|p2a: Zamazenta|Zamazenta|47/100
|move|p1a: 5 Nights In TR|Facade|p2a: Zamazenta
|-damage|p2a: Zamazenta|0 fnt
|faint|p2a: Zamazenta
|
|-damage|p1a: 5 Nights In TR|35/100 brn|[from] brn
|upkeep
|
|t:|1758994913
|switch|p2a: Dragonite|Dragonite, M|100/100
|turn|11
|
|t:|1758994920
|switch|p2a: Hatterene|Hatterene, F|100/100
|move|p1a: 5 Nights In TR|Ice Punch|p2a: Hatterene
|-damage|p2a: Hatterene|62/100
|-damage|p1a: 5 Nights In TR|18/100 brn|[from] item: Rocky Helmet|[of] p2a: Hatterene
|
|-damage|p1a: 5 Nights In TR|12/100 brn|[from] brn
|upkeep
|turn|12
|inactive|abrr6 has 120 seconds left.
|
|t:|1758994937
|switch|p1a: Satella|Hatterene, F, shiny|100/100
|move|p2a: Hatterene|Draining Kiss|p1a: Satella
|-damage|p1a: Satella|76/100
|-heal|p2a: Hatterene|80/100|[from] drain|[of] p1a: Satella
|
|-fieldend|move: Trick Room
|upkeep
|turn|13
|inactive|abrr6 has 90 seconds left.
|
|t:|1758994968
|move|p2a: Hatterene|Nuzzle|p1a: Satella
|-damage|p1a: Satella|71/100
|-status|p1a: Satella|par
|move|p1a: Satella|Mystical Fire|p2a: Hatterene
|-damage|p2a: Hatterene|43/100
|-unboost|p2a: Hatterene|spa|1
|-damage|p1a: Satella|62/100 par|[from] item: Life Orb
|
|upkeep
|turn|14
|inactive|abrr6 has 90 seconds left.
|
|t:|1758994981
|move|p2a: Hatterene|Draining Kiss|p1a: Satella
|-damage|p1a: Satella|44/100 par
|-heal|p2a: Hatterene|56/100|[from] drain|[of] p1a: Satella
|cant|p1a: Satella|par
|
|upkeep
|turn|15
|inactive|abrr6 has 90 seconds left.
|
|t:|1758994993
|switch|p2a: Ogerpon|Ogerpon-Wellspring, F|100/100
|move|p1a: Satella|Trick Room|p1a: Satella
|-fieldstart|move: Trick Room|[of] p1a: Satella
|
|upkeep
|turn|16
|
|t:|1758995002
|move|p1a: Satella|Expanding Force|p2a: Ogerpon
|-damage|p2a: Ogerpon|28/100
|-damage|p1a: Satella|35/100 par|[from] item: Life Orb
|move|p2a: Ogerpon|Synthesis|p2a: Ogerpon
|-heal|p2a: Ogerpon|78/100
|
|upkeep
|turn|17
|
|t:|1758995010
|-terastallize|p1a: Satella|Stellar
|-terastallize|p2a: Ogerpon|Water
|detailschange|p2a: Ogerpon|Ogerpon-Wellspring-Tera, F, tera:Water
|-ability|p2a: Ogerpon|Embody Aspect (Wellspring)|boost
|-boost|p2a: Ogerpon|spd|1
|move|p1a: Satella|Expanding Force|p2a: Ogerpon
|-damage|p2a: Ogerpon|16/100
|-damage|p1a: Satella|25/100 par|[from] item: Life Orb
|move|p2a: Ogerpon|Synthesis|p2a: Ogerpon
|-heal|p2a: Ogerpon|66/100
|
|upkeep
|turn|18
|
|t:|1758995021
|move|p1a: Satella|Expanding Force|p2a: Ogerpon
|-damage|p2a: Ogerpon|19/100
|-damage|p1a: Satella|15/100 par|[from] item: Life Orb
|move|p2a: Ogerpon|Synthesis|p2a: Ogerpon
|-heal|p2a: Ogerpon|69/100
|
|upkeep
|turn|19
|
|t:|1758995026
|move|p1a: Satella|Expanding Force|p2a: Ogerpon
|-damage|p2a: Ogerpon|19/100
|-damage|p1a: Satella|5/100 par|[from] item: Life Orb
|move|p2a: Ogerpon|Synthesis|p2a: Ogerpon
|-heal|p2a: Ogerpon|69/100
|
|-fieldend|move: Trick Room
|upkeep
|turn|20
|
|t:|1758995033
|move|p2a: Ogerpon|Ivy Cudgel|p1a: Satella|[anim] Ivy Cudgel Water
|-damage|p1a: Satella|0 fnt
|faint|p1a: Satella
|
|upkeep
|
|t:|1758995037
|switch|p1a: Catch These Hands|Iron Hands, shiny|100/100
|turn|21
|
|t:|1758995049
|move|p2a: Ogerpon|U-turn|p1a: Catch These Hands
|-resisted|p1a: Catch These Hands
|-damage|p1a: Catch These Hands|90/100
|
|t:|1758995054
|switch|p2a: Hatterene|Hatterene, F|56/100|[from] U-turn
|move|p1a: Catch These Hands|Supercell Slam|p2a: Hatterene|[miss]
|-miss|p1a: Catch These Hands|p2a: Hatterene
|-damage|p1a: Catch These Hands|40/100|[from] supercellslam
|
|upkeep
|turn|22
|inactive|abrr6 has 120 seconds left.
|
|t:|1758995086
|switch|p2a: Iron Moth|Iron Moth|76/100
|move|p1a: Catch These Hands|Supercell Slam|p2a: Iron Moth
|-damage|p2a: Iron Moth|0 fnt
|faint|p2a: Iron Moth
|-end|p2a: Iron Moth|Quark Drive|[silent]
|
|upkeep
|
|t:|1758995090
|switch|p2a: Ogerpon|Ogerpon-Wellspring-Tera, F, tera:Water|69/100
|-ability|p2a: Ogerpon|Embody Aspect (Wellspring)|boost
|-boost|p2a: Ogerpon|spd|1
|turn|23
|
|t:|1758995096
|move|p2a: Ogerpon|Ivy Cudgel|p1a: Catch These Hands|[anim] Ivy Cudgel Water
|-damage|p1a: Catch These Hands|0 fnt
|faint|p1a: Catch These Hands
|-end|p1a: Catch These Hands|Quark Drive|[silent]
|
|upkeep
|
|t:|1758995100
|switch|p1a: Sukuna|Hoopa-Unbound|100/100
|turn|24
|
|t:|1758995104
|move|p2a: Ogerpon|U-turn|p1a: Sukuna
|-supereffective|p1a: Sukuna
|-damage|p1a: Sukuna|0 fnt
|faint|p1a: Sukuna
|-message|GummyDeino forfeited.
|
|win|abrr6
|raw|GummyDeino's rating: 1678 &rarr; <strong>1651</strong><br />(-27 for losing)
|raw|abrr6's rating: 1552 &rarr; <strong>1579</strong><br />(+27 for winning)
|l|☆GummyDeino
|player|p1|
