|j|☆sudout2
|j|☆Earthless
|t:|1759071708
|gametype|singles
|player|p1|sudout2|giovanni|1396
|player|p2|Earthless|adaman|1385
|gen|9
|tier|[Gen 9] OU
|rated|
|rule|HP Percentage Mod: HP is shown in percentages
|rule|Endless Battle Clause: Forcing endless battles is banned
|rule|Species Clause: Limit one of each Pokémon
|rule|OHKO Clause: OHKO moves are banned
|rule|Evasion Items Clause: Evasion items are banned
|rule|Evasion Moves Clause: Evasion moves are banned
|rule|Evasion Abilities Clause: Evasion abilities are banned
|rule|Sleep Moves Clause: Sleep-inducing moves are banned
|clearpoke
|poke|p1|Garganacl, F|
|poke|p1|Iron Valiant|
|poke|p1|Toxapex, M|
|poke|p1|Ceruledge, M|
|poke|p1|Slowking-Galar, M|
|poke|p1|Great Tusk|
|poke|p2|Ninetales-Alola, M|
|poke|p2|Beartic, M|
|poke|p2|Slowking-Galar, F|
|poke|p2|Darkrai|
|poke|p2|Zapdos|
|poke|p2|Iron Treads|
|teampreview
|
|t:|1759071722
|teamsize|p1|6
|teamsize|p2|6
|start
|switch|p1a: Ceruledge|Ceruledge, M|100/100
|switch|p2a: Iron Treads|Iron Treads|100/100
|turn|1
|
|t:|1759071739
|move|p2a: Iron Treads|Volt Switch|p1a: Ceruledge
|-damage|p1a: Ceruledge|86/100
|
|t:|1759071743
|-end|p2a: Iron Treads|Quark Drive|[silent]
|switch|p2a: Zapdos|Zapdos|100/100|[from] Volt Switch
|move|p1a: Ceruledge|Swords Dance|p1a: Ceruledge
|-boost|p1a: Ceruledge|atk|2
|
|upkeep
|turn|2
|
|t:|1759071750
|switch|p1a: Great Tusk|Great Tusk|100/100
|-enditem|p1a: Great Tusk|Booster Energy
|-activate|p1a: Great Tusk|ability: Protosynthesis|[fromitem]
|-start|p1a: Great Tusk|protosynthesisdef
|move|p2a: Zapdos|Volt Switch|p1a: Great Tusk
|-immune|p1a: Great Tusk
|
|upkeep
|turn|3
|
|t:|1759071762
|-end|p1a: Great Tusk|Protosynthesis|[silent]
|switch|p1a: Garganacl|Garganacl, F, shiny|100/100
|move|p2a: Zapdos|Hurricane|p1a: Garganacl|[miss]
|-miss|p2a: Zapdos|p1a: Garganacl
|
|upkeep
|turn|4
|
|t:|1759071768
|move|p2a: Zapdos|Volt Switch|p1a: Garganacl
|-damage|p1a: Garganacl|79/100
|
|t:|1759071771
|switch|p2a: Slowking|Slowking-Galar, F|100/100|[from] Volt Switch
|move|p1a: Garganacl|Salt Cure|p2a: Slowking
|-crit|p2a: Slowking
|-damage|p2a: Slowking|80/100
|-start|p2a: Slowking|Salt Cure
|
|-heal|p1a: Garganacl|85/100|[from] item: Leftovers
|-damage|p2a: Slowking|68/100|[from] Salt Cure
|upkeep
|turn|5
|
|t:|1759071780
|move|p1a: Garganacl|Earthquake|p2a: Slowking
|-supereffective|p2a: Slowking
|-damage|p2a: Slowking|23/100
|move|p2a: Slowking|Future Sight|p1a: Garganacl
|-start|p2a: Slowking|move: Future Sight
|
|-heal|p1a: Garganacl|91/100|[from] item: Leftovers
|-damage|p2a: Slowking|11/100|[from] Salt Cure
|upkeep
|turn|6
|
|t:|1759071789
|switch|p2a: Zapdos|Zapdos|100/100
|move|p1a: Garganacl|Earthquake|p2a: Zapdos
|-immune|p2a: Zapdos
|
|-heal|p1a: Garganacl|98/100|[from] item: Leftovers
|upkeep
|turn|7
|
|t:|1759071796
|move|p2a: Zapdos|Volt Switch|p1a: Garganacl
|-damage|p1a: Garganacl|75/100
|
|t:|1759071802
|switch|p2a: Slowking|Slowking-Galar, F|44/100|[from] Volt Switch
|move|p1a: Garganacl|Salt Cure|p2a: Slowking
|-damage|p2a: Slowking|31/100
|-start|p2a: Slowking|Salt Cure
|
|-end|p1a: Garganacl|move: Future Sight
|-damage|p1a: Garganacl|43/100
|-heal|p1a: Garganacl|49/100|[from] item: Leftovers
|-damage|p2a: Slowking|19/100|[from] Salt Cure
|upkeep
|turn|8
|
|t:|1759071813
|switch|p2a: Zapdos|Zapdos|100/100
|move|p1a: Garganacl|Earthquake|p2a: Zapdos
|-immune|p2a: Zapdos
|
|-heal|p1a: Garganacl|55/100|[from] item: Leftovers
|upkeep
|turn|9
|
|t:|1759071820
|move|p2a: Zapdos|Volt Switch|p1a: Garganacl
|-damage|p1a: Garganacl|35/100
|
|t:|1759071824
|switch|p2a: Iron Treads|Iron Treads|100/100|[from] Volt Switch
|move|p1a: Garganacl|Recover|p1a: Garganacl
|-heal|p1a: Garganacl|85/100
|
|-heal|p1a: Garganacl|92/100|[from] item: Leftovers
|upkeep
|turn|10
|
|t:|1759071837
|switch|p1a: Great Tusk|Great Tusk|100/100
|move|p2a: Iron Treads|Earthquake|p1a: Great Tusk
|-damage|p1a: Great Tusk|81/100
|
|upkeep
|turn|11
|
|t:|1759071844
|-end|p2a: Iron Treads|Quark Drive|[silent]
|switch|p2a: Ninetales|Ninetales-Alola, M|100/100
|-weather|Snowscape|[from] ability: Snow Warning|[of] p2a: Ninetales
|move|p1a: Great Tusk|Bulk Up|p1a: Great Tusk
|-boost|p1a: Great Tusk|atk|1
|-boost|p1a: Great Tusk|def|1
|
|-weather|Snowscape|[upkeep]
|upkeep
|turn|12
|
|t:|1759071852
|move|p2a: Ninetales|Moonblast|p1a: Great Tusk
|-supereffective|p1a: Great Tusk
|-damage|p1a: Great Tusk|0 fnt
|faint|p1a: Great Tusk
|-end|p1a: Great Tusk|Protosynthesis|[silent]
|
|-weather|Snowscape|[upkeep]
|upkeep
|
|t:|1759071857
|switch|p1a: Ceruledge|Ceruledge, M|86/100
|turn|13
|
|t:|1759071861
|move|p2a: Ninetales|Aurora Veil|p2a: Ninetales
|-sidestart|p2: Earthless|move: Aurora Veil
|move|p1a: Ceruledge|Bitter Blade|p2a: Ninetales
|-supereffective|p2a: Ninetales
|-damage|p2a: Ninetales|61/100
|-heal|p1a: Ceruledge|100/100|[from] drain|[of] p2a: Ninetales
|
|-weather|Snowscape|[upkeep]
|upkeep
|turn|14
|
|t:|1759071869
|switch|p2a: Darkrai|Darkrai|100/100
|move|p1a: Ceruledge|Swords Dance|p1a: Ceruledge
|-boost|p1a: Ceruledge|atk|2
|
|-weather|Snowscape|[upkeep]
|upkeep
|turn|15
|
|t:|1759071875
|move|p2a: Darkrai|Dark Pulse|p1a: Ceruledge
|-supereffective|p1a: Ceruledge
|-enditem|p1a: Ceruledge|Focus Sash
|-damage|p1a: Ceruledge|1/100
|-damage|p2a: Darkrai|91/100|[from] item: Life Orb
|move|p1a: Ceruledge|Bitter Blade|p2a: Darkrai
|-damage|p2a: Darkrai|31/100
|-heal|p1a: Ceruledge|30/100|[from] drain|[of] p2a: Darkrai
|
|-weather|Snowscape|[upkeep]
|upkeep
|turn|16
|
|t:|1759071885
|move|p1a: Ceruledge|Shadow Sneak|p2a: Darkrai
|-resisted|p2a: Darkrai
|-damage|p2a: Darkrai|18/100
|move|p2a: Darkrai|Dark Pulse|p1a: Ceruledge
|-supereffective|p1a: Ceruledge
|-damage|p1a: Ceruledge|0 fnt
|faint|p1a: Ceruledge
|-damage|p2a: Darkrai|8/100|[from] item: Life Orb
|
|-weather|Snowscape|[upkeep]
|upkeep
|
|t:|1759071899
|switch|p1a: Iron Valiant|Iron Valiant, shiny|100/100
|-enditem|p1a: Iron Valiant|Booster Energy
|-activate|p1a: Iron Valiant|ability: Quark Drive|[fromitem]
|-start|p1a: Iron Valiant|quarkdrivespe
|turn|17
|
|t:|1759071906
|switch|p2a: Iron Treads|Iron Treads|100/100
|move|p1a: Iron Valiant|Moonblast|p2a: Iron Treads
|-resisted|p2a: Iron Treads
|-damage|p2a: Iron Treads|87/100
|
|-weather|Snowscape|[upkeep]
|-heal|p2a: Iron Treads|93/100|[from] item: Leftovers
|-sideend|p2: Earthless|move: Aurora Veil
|upkeep
|turn|18
|
|t:|1759071917
|move|p1a: Iron Valiant|Close Combat|p2a: Iron Treads
|-supereffective|p2a: Iron Treads
|-damage|p2a: Iron Treads|8/100
|-unboost|p1a: Iron Valiant|def|1
|-unboost|p1a: Iron Valiant|spd|1
|move|p2a: Iron Treads|Volt Switch|p1a: Iron Valiant
|-damage|p1a: Iron Valiant|67/100
|
|t:|1759071926
|-end|p2a: Iron Treads|Quark Drive|[silent]
|switch|p2a: Slowking|Slowking-Galar, F|52/100|[from] Volt Switch
|
|-weather|none
|upkeep
|turn|19
|
|t:|1759071934
|move|p1a: Iron Valiant|Knock Off|p2a: Slowking
|-supereffective|p2a: Slowking
|-damage|p2a: Slowking|0 fnt
|-enditem|p2a: Slowking|Heavy-Duty Boots|[from] move: Knock Off|[of] p1a: Iron Valiant
|faint|p2a: Slowking
|
|upkeep
|
|t:|1759071939
|switch|p2a: Ninetales|Ninetales-Alola, M|61/100
|-weather|Snowscape|[from] ability: Snow Warning|[of] p2a: Ninetales
|turn|20
|
|t:|1759071945
|move|p1a: Iron Valiant|Close Combat|p2a: Ninetales
|-damage|p2a: Ninetales|19/100
|-unboost|p1a: Iron Valiant|def|1
|-unboost|p1a: Iron Valiant|spd|1
|move|p2a: Ninetales|Freeze-Dry|p1a: Iron Valiant
|-damage|p1a: Iron Valiant|0 fnt
|faint|p1a: Iron Valiant
|-end|p1a: Iron Valiant|Quark Drive|[silent]
|
|-weather|Snowscape|[upkeep]
|upkeep
|
|t:|1759071956
|switch|p1a: Garganacl|Garganacl, F, shiny|92/100
|turn|21
|
|t:|1759071960
|switch|p2a: Iron Treads|Iron Treads|8/100
|move|p1a: Garganacl|Salt Cure|p2a: Iron Treads
|-resisted|p2a: Iron Treads
|-damage|p2a: Iron Treads|5/100
|-start|p2a: Iron Treads|Salt Cure
|
|-weather|Snowscape|[upkeep]
|-heal|p2a: Iron Treads|11/100|[from] item: Leftovers
|-heal|p1a: Garganacl|98/100|[from] item: Leftovers
|-damage|p2a: Iron Treads|0 fnt|[from] Salt Cure
|faint|p2a: Iron Treads
|-end|p2a: Iron Treads|Quark Drive|[silent]
|upkeep
|
|t:|1759071973
|switch|p2a: Darkrai|Darkrai|8/100
|turn|22
|
|t:|1759071977
|switch|p1a: Toxapex|Toxapex, M, shiny|100/100
|move|p2a: Darkrai|Focus Blast|p1a: Toxapex|[miss]
|-miss|p2a: Darkrai|p1a: Toxapex
|
|-weather|Snowscape|[upkeep]
|upkeep
|turn|23
|
|t:|1759071984
|switch|p2a: Zapdos|Zapdos|100/100
|move|p1a: Toxapex|Infestation|p2a: Zapdos
|-resisted|p2a: Zapdos
|-damage|p2a: Zapdos|99/100
|-activate|p2a: Zapdos|move: Infestation|[of] p1a: Toxapex
|
|-weather|Snowscape|[upkeep]
|-damage|p2a: Zapdos|86/100|[from] move: Infestation|[partiallytrapped]
|upkeep
|turn|24
|
|t:|1759071992
|move|p2a: Zapdos|Volt Switch|p1a: Toxapex
|-supereffective|p1a: Toxapex
|-damage|p1a: Toxapex|64/100
|
|t:|1759071995
|switch|p2a: Beartic|Beartic, M|100/100|[from] Volt Switch
|move|p1a: Toxapex|Toxic|p2a: Beartic
|-status|p2a: Beartic|tox
|
|-weather|Snowscape|[upkeep]
|-heal|p1a: Toxapex|71/100|[from] item: Leftovers
|-damage|p2a: Beartic|94/100 tox|[from] psn
|upkeep
|turn|25
|
|t:|1759072004
|move|p2a: Beartic|Swords Dance|p2a: Beartic
|-boost|p2a: Beartic|atk|2
|move|p1a: Toxapex|Infestation|p2a: Beartic
|-damage|p2a: Beartic|91/100 tox
|-activate|p2a: Beartic|move: Infestation|[of] p1a: Toxapex
|
|-weather|Snowscape|[upkeep]
|-heal|p1a: Toxapex|77/100|[from] item: Leftovers
|-damage|p2a: Beartic|79/100 tox|[from] psn
|-damage|p2a: Beartic|66/100 tox|[from] move: Infestation|[partiallytrapped]
|upkeep
|turn|26
|
|t:|1759072013
|move|p2a: Beartic|Earthquake|p1a: Toxapex
|-supereffective|p1a: Toxapex
|-damage|p1a: Toxapex|0 fnt
|faint|p1a: Toxapex
|
|-weather|Snowscape|[upkeep]
|-damage|p2a: Beartic|48/100 tox|[from] psn
|-end|p2a: Beartic|Infestation|[partiallytrapped]|[silent]
|upkeep
|
|t:|1759072016
|switch|p1a: Garganacl|Garganacl, F, shiny|98/100
|turn|27
|
|t:|1759072028
|switch|p1a: Slowking|Slowking-Galar, M|100/100
|move|p2a: Beartic|Icicle Crash|p1a: Slowking
|-damage|p1a: Slowking|0 fnt
|faint|p1a: Slowking
|
|-weather|none
|-damage|p2a: Beartic|24/100 tox|[from] psn
|upkeep
|
|t:|1759072036
|switch|p1a: Garganacl|Garganacl, F, shiny|98/100
|turn|28
|
|t:|1759072042
|-terastallize|p1a: Garganacl|Flying
|move|p2a: Beartic|Icicle Crash|p1a: Garganacl
|-supereffective|p1a: Garganacl
|-damage|p1a: Garganacl|0 fnt
|faint|p1a: Garganacl
|
|win|Earthless
|raw|sudout2's rating: 1396 &rarr; <strong>1375</strong><br />(-21 for losing)
|raw|Earthless's rating: 1385 &rarr; <strong>1406</strong><br />(+21 for winning)
|l|☆sudout2
|player|p1|
|l|☆Earthless
|player|p2|
