|badge|p1|silver|gen9ou|30-6
|html|<div class="broadcast-red"><strong>This battle is required to be public due to one or more player having a season medal.</strong><br />During the public phase, you can discuss the state of the ladder <a href="/seasondiscussion">in a special chatroom.</a></div>
|uhtml|medal-msg|<div class="broadcast-blue">Curious what those medals under the avatar are? PS now has Ladder Seasons! For more information, check out the <a href="https://www.smogon.com/forums/threads/3740067/">thread on Smogon.</a></div>
|badge|p2|bronze|gen9ou|100-6
|uhtml|medal-msg|<div class="broadcast-blue">Curious what those medals under the avatar are? PS now has Ladder Seasons! For more information, check out the <a href="https://www.smogon.com/forums/threads/3740067/">thread on Smogon.</a></div>
|raw|<div class="broadcast-blue"><strong>This battle is required to be public due to a player having a name starting with 'medal'.</div>
|j|☆LT124YH Ghoul
|j|☆CloudyEJ
|t:|1759075408
|gametype|singles
|player|p1|LT124YH Ghoul|#wcop2024asia|1950
|player|p2|CloudyEJ|cynthia-anime|1887
|gen|9
|tier|[Gen 9] OU
|rated|
|rule|HP Percentage Mod: HP is shown in percentages
|rule|Endless Battle Clause: Forcing endless battles is banned
|rule|Species Clause: Limit one of each Pokémon
|rule|OHKO Clause: OHKO moves are banned
|rule|Evasion Items Clause: Evasion items are banned
|rule|Evasion Moves Clause: Evasion moves are banned
|rule|Evasion Abilities Clause: Evasion abilities are banned
|rule|Sleep Moves Clause: Sleep-inducing moves are banned
|clearpoke
|poke|p1|Enamorus, F|
|poke|p1|Araquanid, F|
|poke|p1|Gholdengo|
|poke|p1|Iron Valiant|
|poke|p1|Kingambit, F|
|poke|p1|Great Tusk|
|poke|p2|Cresselia, F|
|poke|p2|Hatterene, F|
|poke|p2|Porygon2|
|poke|p2|Ursaluna, F|
|poke|p2|Iron Hands|
|poke|p2|Hoopa-Unbound|
|teampreview
|inactive|Battle timer is ON: inactive players will automatically lose when time's up. (requested by LT124YH Ghoul)
|
|t:|1759075422
|teamsize|p1|6
|teamsize|p2|6
|start
|switch|p1a: Doc Seismic|Araquanid, F, shiny|100/100
|switch|p2a: THE ELEPHANT MAN|Iron Hands|100/100
|turn|1
|
|t:|1759075426
|move|p1a: Doc Seismic|Liquidation|p2a: THE ELEPHANT MAN
|-damage|p2a: THE ELEPHANT MAN|54/100
|-unboost|p2a: THE ELEPHANT MAN|def|1
|move|p2a: THE ELEPHANT MAN|Supercell Slam|p1a: Doc Seismic
|-supereffective|p1a: Doc Seismic
|-damage|p1a: Doc Seismic|0 fnt
|faint|p1a: Doc Seismic
|-damage|p2a: THE ELEPHANT MAN|45/100|[from] item: Life Orb
|
|upkeep
|j| nicolider
|j| catarina valentine
|inactive|LT124YH Ghoul has 120 seconds left.
|
|t:|1759075459
|switch|p1a: Conquest|Enamorus, F|100/100
|turn|2
|l| catarina valentine
|
|t:|1759075471
|-end|p2a: THE ELEPHANT MAN|Quark Drive|[silent]
|switch|p2a: WILD AT HEART|Cresselia, F|100/100
|move|p1a: Conquest|Moonblast|p2a: WILD AT HEART
|-damage|p2a: WILD AT HEART|72/100
|
|upkeep
|turn|3
|
|t:|1759075475
|move|p1a: Conquest|Substitute|p1a: Conquest
|-start|p1a: Conquest|Substitute
|-damage|p1a: Conquest|76/100
|move|p2a: WILD AT HEART|Trick Room|p2a: WILD AT HEART
|-fieldstart|move: Trick Room|[of] p2a: WILD AT HEART
|
|-heal|p1a: Conquest|82/100|[from] item: Leftovers
|upkeep
|turn|4
|
|t:|1759075481
|move|p2a: WILD AT HEART|Ice Beam|p1a: Conquest
|-supereffective|p1a: Conquest
|-end|p1a: Conquest|Substitute
|move|p1a: Conquest|Superpower|p2a: WILD AT HEART
|-resisted|p2a: WILD AT HEART
|-damage|p2a: WILD AT HEART|61/100
|-boost|p1a: Conquest|atk|1
|-boost|p1a: Conquest|def|1
|
|-heal|p1a: Conquest|88/100|[from] item: Leftovers
|upkeep
|turn|5
|
|t:|1759075491
|move|p2a: WILD AT HEART|Ice Beam|p1a: Conquest
|-supereffective|p1a: Conquest
|-damage|p1a: Conquest|45/100
|move|p1a: Conquest|Substitute|p1a: Conquest
|-start|p1a: Conquest|Substitute
|-damage|p1a: Conquest|20/100
|
|-heal|p1a: Conquest|26/100|[from] item: Leftovers
|upkeep
|turn|6
|inactive|LT124YH Ghoul has 120 seconds left.
|
|t:|1759075528
|move|p2a: WILD AT HEART|Ice Beam|p1a: Conquest
|-supereffective|p1a: Conquest
|-end|p1a: Conquest|Substitute
|move|p1a: Conquest|Substitute|p1a: Conquest
|-start|p1a: Conquest|Substitute
|-damage|p1a: Conquest|2/100
|
|-heal|p1a: Conquest|8/100|[from] item: Leftovers
|upkeep
|turn|7
|inactive|LT124YH Ghoul has 120 seconds left.
|
|t:|1759075537
|switch|p2a: ERASERHEAD|Porygon2|100/100
|-ability|p2a: ERASERHEAD|Download|boost
|-boost|p2a: ERASERHEAD|spa|1
|-terastallize|p1a: Conquest|Ghost
|move|p1a: Conquest|Tera Blast|p2a: ERASERHEAD|[anim] Tera Blast Ghost
|-immune|p2a: ERASERHEAD
|
|-heal|p1a: Conquest|14/100|[from] item: Leftovers
|-fieldend|move: Trick Room
|upkeep
|turn|8
|
|t:|1759075541
|move|p1a: Conquest|Superpower|p2a: ERASERHEAD
|-supereffective|p2a: ERASERHEAD
|-damage|p2a: ERASERHEAD|22/100
|-boost|p1a: Conquest|atk|1
|-boost|p1a: Conquest|def|1
|move|p2a: ERASERHEAD|Trick Room|p2a: ERASERHEAD
|-fieldstart|move: Trick Room|[of] p2a: ERASERHEAD
|
|-heal|p1a: Conquest|20/100|[from] item: Leftovers
|upkeep
|turn|9
|
|t:|1759075550
|move|p2a: ERASERHEAD|Ice Beam|p1a: Conquest
|-end|p1a: Conquest|Substitute
|move|p1a: Conquest|Moonblast|p2a: ERASERHEAD
|-damage|p2a: ERASERHEAD|0 fnt
|faint|p2a: ERASERHEAD
|
|-heal|p1a: Conquest|26/100|[from] item: Leftovers
|upkeep
|
|t:|1759075553
|switch|p2a: MULHOLLAND DR.|Hoopa-Unbound|100/100
|turn|10
|
|t:|1759075561
|switch|p1a: Invincible|Great Tusk|100/100
|-enditem|p1a: Invincible|Booster Energy
|-activate|p1a: Invincible|ability: Protosynthesis|[fromitem]
|-start|p1a: Invincible|protosynthesisspe
|move|p2a: MULHOLLAND DR.|Psychic Noise|p1a: Invincible
|-supereffective|p1a: Invincible
|-damage|p1a: Invincible|0 fnt
|faint|p1a: Invincible
|-end|p1a: Invincible|Protosynthesis|[silent]
|
|upkeep
|j| catarina valentine
|j| tiochicodobos
|
|t:|1759075588
|switch|p1a: Omni-Man|Kingambit, F|100/100
|-activate|p1a: Omni-Man|ability: Supreme Overlord
|-start|p1a: Omni-Man|fallen2|[silent]
|-item|p1a: Omni-Man|Air Balloon
|turn|11
|
|t:|1759075592
|-end|p1a: Omni-Man|fallen2|[silent]
|switch|p1a: Robot|Gholdengo|100/100
|move|p2a: MULHOLLAND DR.|Drain Punch|p1a: Robot
|-immune|p1a: Robot
|
|upkeep
|turn|12
|
|t:|1759075600
|move|p2a: MULHOLLAND DR.|Hyperspace Fury|p1a: Robot
|-supereffective|p1a: Robot
|-damage|p1a: Robot|0 fnt
|-unboost|p2a: MULHOLLAND DR.|def|1
|faint|p1a: Robot
|-enditem|p2a: MULHOLLAND DR.|Eject Pack
|
|t:|1759075605
|switch|p2a: BLUE VELVET|Hatterene, F|100/100
|
|-fieldend|move: Trick Room
|upkeep
|inactive|LT124YH Ghoul has 120 seconds left.
|l| catarina valentine
|j| cynasaurus
|inactive|LT124YH Ghoul has 90 seconds left.
|
|t:|1759075668
|switch|p1a: Conquest|Enamorus, F, tera:Ghost|26/100
|turn|13
|
|t:|1759075671
|move|p1a: Conquest|Tera Blast|p2a: BLUE VELVET|[anim] Tera Blast Ghost
|-supereffective|p2a: BLUE VELVET
|-damage|p2a: BLUE VELVET|38/100
|move|p2a: BLUE VELVET|Trick Room|p2a: BLUE VELVET
|-fieldstart|move: Trick Room|[of] p2a: BLUE VELVET
|
|-heal|p1a: Conquest|33/100|[from] item: Leftovers
|upkeep
|turn|14
|
|t:|1759075677
|switch|p1a: Omni-Man|Kingambit, F|100/100
|-activate|p1a: Omni-Man|ability: Supreme Overlord
|-start|p1a: Omni-Man|fallen3|[silent]
|-item|p1a: Omni-Man|Air Balloon
|move|p2a: BLUE VELVET|Dazzling Gleam|p1a: Omni-Man
|-damage|p1a: Omni-Man|56/100
|-enditem|p1a: Omni-Man|Air Balloon
|
|upkeep
|turn|15
|
|t:|1759075686
|move|p2a: BLUE VELVET|Healing Wish|p2a: BLUE VELVET
|faint|p2a: BLUE VELVET
|move|p1a: Omni-Man|Swords Dance|p1a: Omni-Man
|-boost|p1a: Omni-Man|atk|2
|
|upkeep
|
|t:|1759075688
|switch|p2a: THE ELEPHANT MAN|Iron Hands|45/100
|-heal|p2a: THE ELEPHANT MAN|100/100|[from] move: Healing Wish
|turn|16
|
|t:|1759075691
|-end|p1a: Omni-Man|fallen3|[silent]
|switch|p1a: Conquest|Enamorus, F, tera:Ghost|33/100
|move|p2a: THE ELEPHANT MAN|Supercell Slam|p1a: Conquest
|-damage|p1a: Conquest|0 fnt
|faint|p1a: Conquest
|-damage|p2a: THE ELEPHANT MAN|91/100|[from] item: Life Orb
|
|upkeep
|
|t:|1759075697
|switch|p1a: Omni-Man|Kingambit, F|56/100
|-activate|p1a: Omni-Man|ability: Supreme Overlord
|-start|p1a: Omni-Man|fallen4|[silent]
|turn|17
|
|t:|1759075700
|move|p1a: Omni-Man|Sucker Punch|p2a: THE ELEPHANT MAN
|-resisted|p2a: THE ELEPHANT MAN
|-damage|p2a: THE ELEPHANT MAN|72/100
|move|p2a: THE ELEPHANT MAN|Supercell Slam|p1a: Omni-Man
|-damage|p1a: Omni-Man|0 fnt
|faint|p1a: Omni-Man
|-end|p1a: Omni-Man|fallen4|[silent]
|-damage|p2a: THE ELEPHANT MAN|62/100|[from] item: Life Orb
|
|-fieldend|move: Trick Room
|upkeep
|
|t:|1759075704
|switch|p1a: Atom Eve|Iron Valiant|100/100
|-enditem|p1a: Atom Eve|Booster Energy
|-activate|p1a: Atom Eve|ability: Quark Drive|[fromitem]
|-start|p1a: Atom Eve|quarkdrivespa
|turn|18
|
|t:|1759075708
|move|p1a: Atom Eve|Calm Mind|p1a: Atom Eve
|-boost|p1a: Atom Eve|spa|1
|-boost|p1a: Atom Eve|spd|1
|move|p2a: THE ELEPHANT MAN|Supercell Slam|p1a: Atom Eve
|-damage|p1a: Atom Eve|0 fnt
|faint|p1a: Atom Eve
|-end|p1a: Atom Eve|Quark Drive|[silent]
|-damage|p2a: THE ELEPHANT MAN|52/100|[from] item: Life Orb
|
|win|CloudyEJ
|raw|LT124YH Ghoul's rating: 1950 &rarr; <strong>1926</strong><br />(-24 for losing)
|raw|CloudyEJ's rating: 1887 &rarr; <strong>1911</strong><br />(+24 for winning)
|l|☆LT124YH Ghoul
|player|p1|
|l| nicolider
|l|☆CloudyEJ
|player|p2|
|l| cynasaurus
