|j|☆ZJESKIN
|j|☆segserino
|t:|1758979969
|gametype|singles
|player|p1|ZJESKIN|1|1325
|player|p2|segserino|veteran|1331
|gen|9
|tier|[Gen 9] OU
|rated|
|rule|HP Percentage Mod: HP is shown in percentages
|rule|Endless Battle Clause: Forcing endless battles is banned
|rule|Species Clause: Limit one of each Pokémon
|rule|OHKO Clause: OHKO moves are banned
|rule|Evasion Items Clause: Evasion items are banned
|rule|Evasion Moves Clause: Evasion moves are banned
|rule|Evasion Abilities Clause: Evasion abilities are banned
|rule|Sleep Moves Clause: Sleep-inducing moves are banned
|clearpoke
|poke|p1|Deoxys-Speed|
|poke|p1|Gholdengo|
|poke|p1|Great Tusk|
|poke|p1|Raging Bolt|
|poke|p1|Primarina, F|
|poke|p1|Hydrapple, F|
|poke|p2|Gholdengo|
|poke|p2|Gengar, M|
|poke|p2|Sableye, F|
|poke|p2|Houndstone, F|
|poke|p2|Mimikyu, F|
|poke|p2|Skeledirge, M|
|teampreview
|inactive|Battle timer is ON: inactive players will automatically lose when time's up. (requested by ZJESKIN)
|
|t:|1758979980
|teamsize|p1|6
|teamsize|p2|6
|start
|switch|p1a: Deoxys|Deoxys-Speed|100/100
|switch|p2a: Sableye|Sableye, F|100/100
|-ability|p1a: Deoxys|Pressure
|turn|1
|
|t:|1758979985
|move|p2a: Sableye|Taunt|p1a: Deoxys
|-start|p1a: Deoxys|move: Taunt
|cant|p1a: Deoxys|move: Taunt|Taunt
|
|upkeep
|turn|2
|
|t:|1758979992
|switch|p1a: Primarina|Primarina, F, shiny|100/100
|move|p2a: Sableye|Knock Off|p1a: Primarina
|-resisted|p1a: Primarina
|-damage|p1a: Primarina|85/100
|-enditem|p1a: Primarina|Choice Specs|[from] move: Knock Off|[of] p2a: Sableye
|
|upkeep
|turn|3
|
|t:|1758980000
|switch|p2a: Gengar|Gengar, M|100/100
|move|p1a: Primarina|Moonblast|p2a: Gengar
|-resisted|p2a: Gengar
|-damage|p2a: Gengar|54/100
|
|-heal|p2a: Gengar|60/100|[from] item: Leftovers
|upkeep
|turn|4
|
|t:|1758980007
|switch|p1a: Deoxys|Deoxys-Speed|100/100
|-ability|p1a: Deoxys|Pressure
|move|p2a: Gengar|Substitute|p2a: Gengar
|-start|p2a: Gengar|Substitute
|-damage|p2a: Gengar|35/100
|
|-heal|p2a: Gengar|41/100|[from] item: Leftovers
|upkeep
|turn|5
|
|t:|1758980010
|move|p1a: Deoxys|Taunt|p2a: Gengar
|-start|p2a: Gengar|move: Taunt
|move|p2a: Gengar|Shadow Ball|p1a: Deoxys
|-supereffective|p1a: Deoxys
|-enditem|p1a: Deoxys|Focus Sash
|-damage|p1a: Deoxys|1/100
|
|-heal|p2a: Gengar|48/100|[from] item: Leftovers
|upkeep
|turn|6
|
|t:|1758980013
|move|p1a: Deoxys|Psycho Boost|p2a: Gengar
|-supereffective|p2a: Gengar
|-end|p2a: Gengar|Substitute
|-unboost|p1a: Deoxys|spa|2
|move|p2a: Gengar|Shadow Ball|p1a: Deoxys
|-supereffective|p1a: Deoxys
|-damage|p1a: Deoxys|0 fnt
|faint|p1a: Deoxys
|
|-heal|p2a: Gengar|54/100|[from] item: Leftovers
|upkeep
|
|t:|1758980020
|switch|p1a: Raging Bolt|Raging Bolt|100/100
|turn|7
|
|t:|1758980025
|switch|p2a: Skeledirge|Skeledirge, M|100/100
|move|p1a: Raging Bolt|Calm Mind|p1a: Raging Bolt
|-boost|p1a: Raging Bolt|spa|1
|-boost|p1a: Raging Bolt|spd|1
|
|upkeep
|turn|8
|
|t:|1758980030
|move|p1a: Raging Bolt|Discharge|p2a: Skeledirge
|-damage|p2a: Skeledirge|66/100
|move|p2a: Skeledirge|Torch Song|p1a: Raging Bolt
|-resisted|p1a: Raging Bolt
|-damage|p1a: Raging Bolt|88/100
|-boost|p2a: Skeledirge|spa|1
|
|-heal|p1a: Raging Bolt|95/100|[from] item: Leftovers
|upkeep
|turn|9
|
|t:|1758980033
|move|p1a: Raging Bolt|Discharge|p2a: Skeledirge
|-damage|p2a: Skeledirge|31/100
|move|p2a: Skeledirge|Shadow Ball|p1a: Raging Bolt
|-damage|p1a: Raging Bolt|57/100
|
|-heal|p1a: Raging Bolt|63/100|[from] item: Leftovers
|upkeep
|turn|10
|
|t:|1758980037
|move|p1a: Raging Bolt|Discharge|p2a: Skeledirge
|-damage|p2a: Skeledirge|0 fnt
|faint|p2a: Skeledirge
|
|-heal|p1a: Raging Bolt|69/100|[from] item: Leftovers
|upkeep
|
|t:|1758980040
|switch|p2a: Mimikyu|Mimikyu, F|100/100
|turn|11
|
|t:|1758980048
|move|p2a: Mimikyu|Play Rough|p1a: Raging Bolt
|-supereffective|p1a: Raging Bolt
|-damage|p1a: Raging Bolt|0 fnt
|faint|p1a: Raging Bolt
|-end|p1a: Raging Bolt|Protosynthesis|[silent]
|-damage|p2a: Mimikyu|91/100|[from] item: Life Orb
|
|upkeep
|
|t:|1758980052
|switch|p1a: Primarina|Primarina, F, shiny|85/100
|turn|12
|
|t:|1758980063
|switch|p2a: Gengar|Gengar, M|54/100
|move|p1a: Primarina|Hyper Voice|p2a: Gengar
|-damage|p2a: Gengar|0 fnt
|-start|p1a: Primarina|Disable|Hyper Voice|[from] ability: Cursed Body|[of] p2a: Gengar
|faint|p2a: Gengar
|
|upkeep
|
|t:|1758980065
|switch|p2a: Gholdengo|Gholdengo|100/100
|turn|13
|
|t:|1758980070
|move|p2a: Gholdengo|Nasty Plot|p2a: Gholdengo
|-boost|p2a: Gholdengo|spa|2
|move|p1a: Primarina|Flip Turn|p2a: Gholdengo
|-damage|p2a: Gholdengo|87/100
|
|t:|1758980075
|switch|p1a: Gholdengo|Gholdengo|100/100|[from] Flip Turn
|-item|p1a: Gholdengo|Air Balloon
|
|upkeep
|turn|14
|
|t:|1758980078
|-terastallize|p2a: Gholdengo|Flying
|move|p1a: Gholdengo|Shadow Ball|p2a: Gholdengo
|-crit|p2a: Gholdengo
|-damage|p2a: Gholdengo|19/100
|move|p2a: Gholdengo|Shadow Ball|p1a: Gholdengo
|-supereffective|p1a: Gholdengo
|-damage|p1a: Gholdengo|0 fnt
|-enditem|p1a: Gholdengo|Air Balloon
|faint|p1a: Gholdengo
|
|upkeep
|
|t:|1758980092
|switch|p1a: Hydrapple|Hydrapple, F|100/100
|turn|15
|
|t:|1758980095
|-terastallize|p1a: Hydrapple|Steel
|move|p2a: Gholdengo|Recover|p2a: Gholdengo
|-heal|p2a: Gholdengo|69/100
|move|p1a: Hydrapple|Fickle Beam|p2a: Gholdengo
|-damage|p2a: Gholdengo|27/100
|
|upkeep
|turn|16
|
|t:|1758980100
|move|p2a: Gholdengo|Shadow Ball|p1a: Hydrapple
|-damage|p1a: Hydrapple|12/100
|move|p1a: Hydrapple|Nasty Plot|p1a: Hydrapple
|-boost|p1a: Hydrapple|spa|2
|
|upkeep
|turn|17
|
|t:|1758980103
|move|p2a: Gholdengo|Shadow Ball|p1a: Hydrapple
|-damage|p1a: Hydrapple|0 fnt
|faint|p1a: Hydrapple
|
|upkeep
|-message|ZJESKIN forfeited.
|
|win|segserino
|raw|ZJESKIN's rating: 1325 &rarr; <strong>1305</strong><br />(-20 for losing)
|raw|segserino's rating: 1331 &rarr; <strong>1351</strong><br />(+20 for winning)
|l|☆ZJESKIN
|player|p1|
|l|☆segserino
|player|p2|
