|j|☆Akonda7
|j|☆DaddyBlox
|t:|1758956022
|gametype|singles
|player|p1|Akonda7|veteran|1162
|player|p2|DaddyBlox|gentleman-gen4|1150
|gen|9
|tier|[Gen 9] OU
|rated|
|rule|HP Percentage Mod: HP is shown in percentages
|rule|Endless Battle Clause: Forcing endless battles is banned
|rule|Species Clause: Limit one of each Pokémon
|rule|OHKO Clause: OHKO moves are banned
|rule|Evasion Items Clause: Evasion items are banned
|rule|Evasion Moves Clause: Evasion moves are banned
|rule|Evasion Abilities Clause: Evasion abilities are banned
|rule|Sleep Moves Clause: Sleep-inducing moves are banned
|clearpoke
|poke|p1|Torkoal, F|
|poke|p1|Walking Wake|
|poke|p1|Great Tusk|
|poke|p1|Dragapult, F|
|poke|p1|Kingambit, M|
|poke|p1|Raging Bolt|
|poke|p2|Maushold|
|poke|p2|Hydreigon, M|
|poke|p2|Rotom-Heat|
|poke|p2|Gholdengo|
|poke|p2|Gliscor, F|
|poke|p2|Kyurem|
|teampreview
|inactive|Battle timer is ON: inactive players will automatically lose when time's up. (requested by DaddyBlox)
|
|t:|1758956028
|teamsize|p1|6
|teamsize|p2|6
|start
|switch|p1a: Torkoal|Torkoal, F, shiny|100/100
|switch|p2a: Gliscor|Gliscor, F, shiny|100/100
|-weather|SunnyDay|[from] ability: Drought|[of] p1a: Torkoal
|turn|1
|
|t:|1758956038
|move|p2a: Gliscor|Toxic Spikes|p1a: Torkoal
|-sidestart|p1: Akonda7|move: Toxic Spikes
|move|p1a: Torkoal|Will-O-Wisp|p2a: Gliscor
|-status|p2a: Gliscor|brn
|
|-weather|SunnyDay|[upkeep]
|-damage|p2a: Gliscor|94/100 brn|[from] brn
|upkeep
|turn|2
|
|t:|1758956045
|move|p2a: Gliscor|Toxic Spikes|p1a: Torkoal
|-sidestart|p1: Akonda7|move: Toxic Spikes
|move|p1a: Torkoal|Stealth Rock|p2a: Gliscor
|-sidestart|p2: DaddyBlox|move: Stealth Rock
|
|-weather|SunnyDay|[upkeep]
|-damage|p2a: Gliscor|88/100 brn|[from] brn
|upkeep
|turn|3
|
|t:|1758956060
|switch|p1a: Great Tusk|Great Tusk|100/100
|-activate|p1a: Great Tusk|ability: Protosynthesis
|-start|p1a: Great Tusk|protosynthesisatk
|move|p2a: Gliscor|Facade|p1a: Great Tusk
|-damage|p1a: Great Tusk|77/100
|
|-weather|SunnyDay|[upkeep]
|-damage|p2a: Gliscor|82/100 brn|[from] brn
|upkeep
|turn|4
|
|t:|1758956069
|move|p1a: Great Tusk|Rapid Spin|p2a: Gliscor
|-damage|p2a: Gliscor|63/100 brn
|-boost|p1a: Great Tusk|spe|1
|-sideend|p1: Akonda7|Toxic Spikes|[from] move: Rapid Spin|[of] p1a: Great Tusk
|move|p2a: Gliscor|Toxic|p1a: Great Tusk
|-status|p1a: Great Tusk|tox
|
|-weather|SunnyDay|[upkeep]
|-damage|p1a: Great Tusk|70/100 tox|[from] psn
|-damage|p2a: Gliscor|57/100 brn|[from] brn
|upkeep
|turn|5
|
|t:|1758956078
|move|p1a: Great Tusk|Ice Spinner|p2a: Gliscor
|-supereffective|p2a: Gliscor
|-damage|p2a: Gliscor|0 fnt
|faint|p2a: Gliscor
|
|-weather|SunnyDay|[upkeep]
|-damage|p1a: Great Tusk|58/100 tox|[from] psn
|upkeep
|
|t:|1758956090
|switch|p2a: Maushold|Maushold, shiny|100/100
|-damage|p2a: Maushold|88/100|[from] Stealth Rock
|turn|6
|
|t:|1758956095
|-terastallize|p2a: Maushold|Ghost
|move|p1a: Great Tusk|Close Combat|p2a: Maushold
|-immune|p2a: Maushold
|move|p2a: Maushold|Tidy Up|p2a: Maushold
|-sideend|p2: DaddyBlox|Stealth Rock
|-activate|p2a: Maushold|move: Tidy Up
|-boost|p2a: Maushold|atk|1
|-boost|p2a: Maushold|spe|1
|
|-weather|SunnyDay|[upkeep]
|-damage|p1a: Great Tusk|39/100 tox|[from] psn
|upkeep
|turn|7
|
|t:|1758956107
|move|p2a: Maushold|Encore|p1a: Great Tusk
|-start|p1a: Great Tusk|Encore
|move|p1a: Great Tusk|Close Combat|p2a: Maushold
|-immune|p2a: Maushold
|
|-weather|SunnyDay|[upkeep]
|-damage|p1a: Great Tusk|15/100 tox|[from] psn
|upkeep
|turn|8
|
|t:|1758956111
|move|p2a: Maushold|Tidy Up|p2a: Maushold
|-boost|p2a: Maushold|atk|1
|-boost|p2a: Maushold|spe|1
|move|p1a: Great Tusk|Close Combat|p2a: Maushold
|-immune|p2a: Maushold
|
|-weather|none
|-end|p1a: Great Tusk|Protosynthesis
|-damage|p1a: Great Tusk|0 fnt|[from] psn
|faint|p1a: Great Tusk
|-end|p1a: Great Tusk|Protosynthesis|[silent]
|upkeep
|
|t:|1758956115
|switch|p1a: Torkoal|Torkoal, F, shiny|100/100
|-weather|SunnyDay|[from] ability: Drought|[of] p1a: Torkoal
|turn|9
|
|t:|1758956126
|move|p2a: Maushold|Population Bomb|p1a: Torkoal
|-damage|p1a: Torkoal|85/100
|-damage|p1a: Torkoal|69/100
|-damage|p1a: Torkoal|53/100
|-damage|p1a: Torkoal|35/100
|-damage|p1a: Torkoal|20/100
|-damage|p1a: Torkoal|3/100
|-damage|p1a: Torkoal|0 fnt
|faint|p1a: Torkoal
|-hitcount|p1: Torkoal|7
|
|-weather|SunnyDay|[upkeep]
|upkeep
|
|t:|1758956132
|switch|p1a: Walking Wake|Walking Wake|100/100
|-activate|p1a: Walking Wake|ability: Protosynthesis
|-start|p1a: Walking Wake|protosynthesisspe
|turn|10
|
|t:|1758956136
|-terastallize|p1a: Walking Wake|Water
|move|p2a: Maushold|Population Bomb|p1a: Walking Wake
|-damage|p1a: Walking Wake|77/100
|-damage|p1a: Walking Wake|54/100
|-damage|p1a: Walking Wake|29/100
|-hitcount|p1a: Walking Wake|3
|move|p1a: Walking Wake|Hydro Steam|p2a: Maushold
|-damage|p2a: Maushold|0 fnt
|faint|p2a: Maushold
|
|-weather|SunnyDay|[upkeep]
|upkeep
|
|t:|1758956148
|switch|p2a: Hydreigon|Hydreigon, M, shiny|100/100
|turn|11
|
|t:|1758956154
|move|p1a: Walking Wake|Hydro Steam|p2a: Hydreigon
|-resisted|p2a: Hydreigon
|-damage|p2a: Hydreigon|35/100
|move|p2a: Hydreigon|Dark Pulse|p1a: Walking Wake
|-damage|p1a: Walking Wake|0 fnt
|faint|p1a: Walking Wake
|-end|p1a: Walking Wake|Protosynthesis|[silent]
|
|-weather|SunnyDay|[upkeep]
|upkeep
|
|t:|1758956173
|switch|p1a: Kingambit|Kingambit, M, shiny|100/100
|turn|12
|
|t:|1758956180
|switch|p2a: Rotom|Rotom-Heat, shiny|100/100
|move|p1a: Kingambit|Iron Head|p2a: Rotom
|-resisted|p2a: Rotom
|-damage|p2a: Rotom|85/100
|-damage|p1a: Kingambit|91/100|[from] item: Life Orb
|
|-weather|SunnyDay|[upkeep]
|upkeep
|turn|13
|
|t:|1758956186
|move|p2a: Rotom|Overheat|p1a: Kingambit
|-supereffective|p1a: Kingambit
|-damage|p1a: Kingambit|0 fnt
|-unboost|p2a: Rotom|spa|2
|faint|p1a: Kingambit
|
|-weather|SunnyDay|[upkeep]
|upkeep
|
|t:|1758956191
|switch|p1a: Raging Bolt|Raging Bolt|100/100
|-activate|p1a: Raging Bolt|ability: Protosynthesis
|-start|p1a: Raging Bolt|protosynthesisspa
|turn|14
|
|t:|1758956196
|move|p2a: Rotom|Will-O-Wisp|p1a: Raging Bolt
|-status|p1a: Raging Bolt|brn
|move|p1a: Raging Bolt|Dragon Pulse|p2a: Rotom
|-damage|p2a: Rotom|9/100
|
|-weather|SunnyDay|[upkeep]
|-damage|p1a: Raging Bolt|94/100 brn|[from] brn
|upkeep
|turn|15
|
|t:|1758956205
|move|p2a: Rotom|Overheat|p1a: Raging Bolt
|-resisted|p1a: Raging Bolt
|-damage|p1a: Raging Bolt|81/100 brn
|-unboost|p2a: Rotom|spa|2
|move|p1a: Raging Bolt|Dragon Pulse|p2a: Rotom
|-damage|p2a: Rotom|0 fnt
|faint|p2a: Rotom
|
|-weather|SunnyDay|[upkeep]
|-heal|p1a: Raging Bolt|87/100 brn|[from] item: Leftovers
|-damage|p1a: Raging Bolt|81/100 brn|[from] brn
|upkeep
|
|t:|1758956213
|switch|p2a: Hydreigon|Hydreigon, M, shiny|35/100
|turn|16
|
|t:|1758956222
|move|p2a: Hydreigon|Draco Meteor|p1a: Raging Bolt
|-supereffective|p1a: Raging Bolt
|-damage|p1a: Raging Bolt|0 fnt
|-unboost|p2a: Hydreigon|spa|2
|faint|p1a: Raging Bolt
|-end|p1a: Raging Bolt|Protosynthesis|[silent]
|
|-weather|none
|upkeep
|
|t:|1758956224
|switch|p1a: Dragapult|Dragapult, F, shiny|100/100
|turn|17
|
|t:|1758956229
|switch|p2a: Gholdengo|Gholdengo, shiny|100/100
|move|p1a: Dragapult|Shadow Ball|p2a: Gholdengo
|-supereffective|p2a: Gholdengo
|-damage|p2a: Gholdengo|27/100
|
|-heal|p2a: Gholdengo|34/100|[from] item: Leftovers
|upkeep
|turn|18
|
|t:|1758956235
|move|p1a: Dragapult|Shadow Ball|p2a: Gholdengo
|-supereffective|p2a: Gholdengo
|-damage|p2a: Gholdengo|0 fnt
|faint|p2a: Gholdengo
|
|upkeep
|
|t:|1758956237
|switch|p2a: Hydreigon|Hydreigon, M, shiny|35/100
|turn|19
|
|t:|1758956245
|move|p2a: Hydreigon|Dark Pulse|p1a: Dragapult
|-supereffective|p1a: Dragapult
|-damage|p1a: Dragapult|32/100
|cant|p1a: Dragapult|flinch
|
|upkeep
|turn|20
|
|t:|1758956250
|move|p2a: Hydreigon|Dark Pulse|p1a: Dragapult
|-supereffective|p1a: Dragapult
|-damage|p1a: Dragapult|0 fnt
|faint|p1a: Dragapult
|
|win|DaddyBlox
|raw|Akonda7's rating: 1162 &rarr; <strong>1136</strong><br />(-26 for losing)
|raw|DaddyBlox's rating: 1150 &rarr; <strong>1176</strong><br />(+26 for winning)
|l|☆Akonda7
|player|p1|
|l|☆DaddyBlox
|player|p2|
