|j|☆Samantha 62
|j|☆person_134
|t:|1759072697
|gametype|singles
|player|p1|Samantha 62|lady-gen4|1099
|player|p2|person_134|archer|1086
|gen|9
|tier|[Gen 9] OU
|rated|
|rule|HP Percentage Mod: HP is shown in percentages
|rule|Endless Battle Clause: Forcing endless battles is banned
|rule|Species Clause: Limit one of each Pokémon
|rule|OHKO Clause: OHKO moves are banned
|rule|Evasion Items Clause: Evasion items are banned
|rule|Evasion Moves Clause: Evasion moves are banned
|rule|Evasion Abilities Clause: Evasion abilities are banned
|rule|Sleep Moves Clause: Sleep-inducing moves are banned
|clearpoke
|poke|p1|Empoleon, M|
|poke|p1|Clefable, M|
|poke|p1|Leavanny, M|
|poke|p1|Tauros-Paldea-Blaze, M|
|poke|p1|Pachirisu, M|
|poke|p1|Dragonite, M|
|poke|p2|Kommo-o, F|
|poke|p2|Exeggutor-Alola, F|
|poke|p2|Porygon-Z|
|poke|p2|Muk-Alola, F|
|poke|p2|Mudsdale, M|
|poke|p2|Cloyster, F|
|teampreview
|j| rednuhT15
|
|t:|1759072704
|teamsize|p1|6
|teamsize|p2|6
|start
|switch|p1a: Leavanny|Leavanny, M|100/100
|switch|p2a: Cloyster|Cloyster, F|100/100
|turn|1
|
|t:|1759072710
|move|p1a: Leavanny|Pounce|p2a: Cloyster
|-damage|p2a: Cloyster|80/100
|-unboost|p2a: Cloyster|spe|1
|-enditem|p2a: Cloyster|White Herb
|-clearnegativeboost|p2a: Cloyster|[silent]
|move|p2a: Cloyster|Shell Smash|p2a: Cloyster
|-unboost|p2a: Cloyster|def|1
|-unboost|p2a: Cloyster|spd|1
|-boost|p2a: Cloyster|atk|2
|-boost|p2a: Cloyster|spa|2
|-boost|p2a: Cloyster|spe|2
|
|upkeep
|turn|2
|
|t:|1759072723
|switch|p1a: Empoleon|Empoleon, M|100/100
|move|p2a: Cloyster|Icicle Spear|p1a: Empoleon
|-resisted|p1a: Empoleon
|-damage|p1a: Empoleon|95/100
|-resisted|p1a: Empoleon
|-damage|p1a: Empoleon|90/100
|-resisted|p1a: Empoleon
|-damage|p1a: Empoleon|84/100
|-resisted|p1a: Empoleon
|-damage|p1a: Empoleon|78/100
|-resisted|p1a: Empoleon
|-damage|p1a: Empoleon|73/100
|-hitcount|p1a: Empoleon|5
|
|upkeep
|turn|3
|
|t:|1759072743
|switch|p2a: Muk|Muk-Alola, F|100/100
|move|p1a: Empoleon|Surf|p2a: Muk
|-damage|p2a: Muk|70/100
|
|-heal|p2a: Muk|76/100|[from] item: Black Sludge
|upkeep
|turn|4
|
|t:|1759072751
|switch|p1a: Leavanny|Leavanny, M|100/100
|move|p2a: Muk|Drain Punch|p1a: Leavanny
|-resisted|p1a: Leavanny
|-damage|p1a: Leavanny|83/100
|-heal|p2a: Muk|83/100|[from] drain|[of] p1a: Leavanny
|-status|p1a: Leavanny|psn|[from] ability: Poison Touch|[of] p2a: Muk
|
|-heal|p2a: Muk|89/100|[from] item: Black Sludge
|-damage|p1a: Leavanny|71/100 psn|[from] psn
|upkeep
|turn|5
|
|t:|1759072763
|move|p1a: Leavanny|Sticky Web|p2a: Muk
|-sidestart|p2: person_134|move: Sticky Web
|move|p2a: Muk|Fire Punch|p1a: Leavanny
|-supereffective|p1a: Leavanny
|-damage|p1a: Leavanny|0 fnt
|faint|p1a: Leavanny
|
|-heal|p2a: Muk|95/100|[from] item: Black Sludge
|upkeep
|
|t:|1759072773
|switch|p1a: Dragonite|Dragonite, M|100/100
|turn|6
|
|t:|1759072778
|-terastallize|p1a: Dragonite|Steel
|move|p1a: Dragonite|Dragon Dance|p1a: Dragonite
|-boost|p1a: Dragonite|atk|1
|-boost|p1a: Dragonite|spe|1
|move|p2a: Muk|Knock Off|p1a: Dragonite
|-damage|p1a: Dragonite|58/100
|-enditem|p1a: Dragonite|Weakness Policy|[from] move: Knock Off|[of] p2a: Muk
|
|-heal|p2a: Muk|100/100|[from] item: Black Sludge
|upkeep
|turn|7
|
|t:|1759072790
|switch|p2a: Mudsdale|Mudsdale, M|100/100
|-activate|p2a: Mudsdale|move: Sticky Web
|-unboost|p2a: Mudsdale|spe|1
|move|p1a: Dragonite|Earthquake|p2a: Mudsdale
|-damage|p2a: Mudsdale|67/100
|-ability|p2a: Mudsdale|Stamina|boost
|-boost|p2a: Mudsdale|def|1
|
|-heal|p2a: Mudsdale|73/100|[from] item: Leftovers
|upkeep
|turn|8
|
|t:|1759072802
|move|p1a: Dragonite|Outrage|p2a: Mudsdale
|-damage|p2a: Mudsdale|31/100
|-ability|p2a: Mudsdale|Stamina|boost
|-boost|p2a: Mudsdale|def|1
|move|p2a: Mudsdale|Body Press|p1a: Dragonite
|-supereffective|p1a: Dragonite
|-damage|p1a: Dragonite|0 fnt
|faint|p1a: Dragonite
|
|-heal|p2a: Mudsdale|37/100|[from] item: Leftovers
|upkeep
|
|t:|1759072816
|switch|p1a: Tauros|Tauros-Paldea-Blaze, M|100/100
|turn|9
|
|t:|1759072826
|move|p1a: Tauros|Endure|p1a: Tauros
|-singleturn|p1a: Tauros|move: Endure
|move|p2a: Mudsdale|Earthquake|p1a: Tauros
|-supereffective|p1a: Tauros
|-damage|p1a: Tauros|19/100
|-enditem|p1a: Tauros|Liechi Berry|[eat]
|-boost|p1a: Tauros|atk|1|[from] item: Liechi Berry
|
|-heal|p2a: Mudsdale|44/100|[from] item: Leftovers
|upkeep
|turn|10
|
|t:|1759072837
|move|p1a: Tauros|Reversal|p2a: Mudsdale
|-damage|p2a: Mudsdale|20/100
|-ability|p2a: Mudsdale|Stamina|boost
|-boost|p2a: Mudsdale|def|1
|move|p2a: Mudsdale|Earthquake|p1a: Tauros
|-supereffective|p1a: Tauros
|-damage|p1a: Tauros|0 fnt
|faint|p1a: Tauros
|
|-heal|p2a: Mudsdale|26/100|[from] item: Leftovers
|upkeep
|-message|Samantha 62 forfeited.
|
|win|person_134
|raw|Samantha 62's rating: 1099 &rarr; <strong>1073</strong><br />(-26 for losing)
|raw|person_134's rating: 1086 &rarr; <strong>1114</strong><br />(+28 for winning)
|l|☆Samantha 62
|player|p1|
|l|☆person_134
|player|p2|
|l| rednuhT15
