|j|☆daai6bo1
|j|☆XinFeng
|t:|1758952969
|gametype|singles
|player|p1|daai6bo1|102|1427
|player|p2|XinFeng|bellelba|1597
|gen|9
|tier|[Gen 9] OU
|rated|
|rule|HP Percentage Mod: HP is shown in percentages
|rule|Endless Battle Clause: Forcing endless battles is banned
|rule|Species Clause: Limit one of each Pokémon
|rule|OHKO Clause: OHKO moves are banned
|rule|Evasion Items Clause: Evasion items are banned
|rule|Evasion Moves Clause: Evasion moves are banned
|rule|Evasion Abilities Clause: Evasion abilities are banned
|rule|Sleep Moves Clause: Sleep-inducing moves are banned
|clearpoke
|poke|p1|Heatran, M|
|poke|p1|Ogerpon-Wellspring, F|
|poke|p1|Rillaboom, M|
|poke|p1|Great Tusk|
|poke|p1|Dragapult, M|
|poke|p1|Bronzong|
|poke|p2|Charizard, M|
|poke|p2|Torkoal, F|
|poke|p2|Walking Wake|
|poke|p2|Lilligant-Hisui, F|
|poke|p2|Hatterene, F|
|poke|p2|Great Tusk|
|teampreview
|inactive|Battle timer is ON: inactive players will automatically lose when time's up. (requested by XinFeng)
|
|t:|1758952987
|teamsize|p1|6
|teamsize|p2|6
|start
|switch|p1a: Heatran|Heatran, M|100/100
|switch|p2a: Torkoal|Torkoal, F, shiny|100/100
|-weather|SunnyDay|[from] ability: Drought|[of] p2a: Torkoal
|turn|1
|
|t:|1758953007
|switch|p2a: Hatterene|Hatterene, F|100/100
|move|p1a: Heatran|Taunt|p2a: Hatterene
|move|p2a: Hatterene|Taunt|p1a: Heatran|[from] ability: Magic Bounce
|-start|p1a: Heatran|move: Taunt
|
|-weather|SunnyDay|[upkeep]
|upkeep
|turn|2
|
|t:|1758953025
|move|p1a: Heatran|Magma Storm|p2a: Hatterene
|-damage|p2a: Hatterene|32/100
|-activate|p2a: Hatterene|move: Magma Storm|[of] p1a: Heatran
|-enditem|p2a: Hatterene|Eject Button
|inactive|XinFeng has 120 seconds left.
|
|t:|1758953075
|switch|p2a: Lilligant|Lilligant-Hisui, F, shiny|100/100
|
|-weather|SunnyDay|[upkeep]
|upkeep
|turn|3
|
|t:|1758953101
|switch|p1a: Dragapult|Dragapult, M|100/100
|move|p2a: Lilligant|Close Combat|p1a: Dragapult
|-immune|p1a: Dragapult
|
|-weather|SunnyDay|[upkeep]
|upkeep
|turn|4
|inactive|daai6bo1 has 120 seconds left.
|
|t:|1758953124
|move|p2a: Lilligant|Triple Axel|p1a: Dragapult
|-supereffective|p1a: Dragapult
|-damage|p1a: Dragapult|75/100
|-supereffective|p1a: Dragapult
|-damage|p1a: Dragapult|25/100
|-supereffective|p1a: Dragapult
|-damage|p1a: Dragapult|0 fnt
|faint|p1a: Dragapult
|-hitcount|p1: Dragapult|3
|-damage|p2a: Lilligant|91/100|[from] item: Life Orb
|
|-weather|SunnyDay|[upkeep]
|upkeep
|
|t:|1758953147
|switch|p1a: Bronzong|Bronzong, shiny|100/100
|turn|5
|
|t:|1758953158
|switch|p2a: Charizard|Charizard, M|100/100
|move|p1a: Bronzong|Psychic Noise|p2a: Charizard
|-damage|p2a: Charizard|75/100
|-start|p2a: Charizard|move: Heal Block
|
|-weather|SunnyDay|[upkeep]
|-damage|p2a: Charizard|62/100|[from] ability: Solar Power|[of] p2a: Charizard
|upkeep
|turn|6
|
|t:|1758953174
|switch|p1a: Heatran|Heatran, M|100/100
|move|p2a: Charizard|Overheat|p1a: Heatran
|-start|p1a: Heatran|ability: Flash Fire
|
|-weather|SunnyDay|[upkeep]
|-damage|p2a: Charizard|50/100|[from] ability: Solar Power|[of] p2a: Charizard
|-end|p2a: Charizard|move: Heal Block
|upkeep
|turn|7
|inactive|daai6bo1 has 90 seconds left.
|
|t:|1758953195
|switch|p2a: Hatterene|Hatterene, F|32/100
|-terastallize|p1a: Heatran|Grass
|move|p1a: Heatran|Magma Storm|p2a: Hatterene|[miss]
|-miss|p1a: Heatran|p2a: Hatterene
|
|-weather|SunnyDay|[upkeep]
|upkeep
|turn|8
|inactive|daai6bo1 has 90 seconds left.
|
|t:|1758953203
|move|p1a: Heatran|Heavy Slam|p2a: Hatterene
|-supereffective|p2a: Hatterene
|-damage|p2a: Hatterene|0 fnt
|faint|p2a: Hatterene
|
|-weather|none
|upkeep
|
|t:|1758953210
|switch|p2a: Torkoal|Torkoal, F, shiny|100/100
|-weather|SunnyDay|[from] ability: Drought|[of] p2a: Torkoal
|turn|9
|
|t:|1758953225
|switch|p2a: Charizard|Charizard, M|50/100
|move|p1a: Heatran|Magma Storm|p2a: Charizard
|-resisted|p2a: Charizard
|-damage|p2a: Charizard|0 fnt
|faint|p2a: Charizard
|
|-weather|SunnyDay|[upkeep]
|upkeep
|
|t:|1758953230
|switch|p2a: Lilligant|Lilligant-Hisui, F, shiny|91/100
|turn|10
|
|t:|1758953248
|-end|p1a: Heatran|ability: Flash Fire|[silent]
|switch|p1a: Rillaboom|Rillaboom, M|100/100
|-fieldstart|move: Grassy Terrain|[from] ability: Grassy Surge|[of] p1a: Rillaboom
|-terastallize|p2a: Lilligant|Ice
|move|p2a: Lilligant|Triple Axel|p1a: Rillaboom
|-supereffective|p1a: Rillaboom
|-damage|p1a: Rillaboom|74/100
|-supereffective|p1a: Rillaboom
|-damage|p1a: Rillaboom|23/100
|-supereffective|p1a: Rillaboom
|-damage|p1a: Rillaboom|0 fnt
|faint|p1a: Rillaboom
|-hitcount|p1: Rillaboom|3
|-damage|p2a: Lilligant|81/100|[from] item: Life Orb
|
|-weather|SunnyDay|[upkeep]
|-heal|p2a: Lilligant|87/100|[from] Grassy Terrain
|upkeep
|
|t:|1758953262
|switch|p1a: Bronzong|Bronzong, shiny|100/100
|turn|11
|
|t:|1758953276
|switch|p2a: Great Tusk|Great Tusk, shiny|100/100
|-activate|p2a: Great Tusk|ability: Protosynthesis
|-start|p2a: Great Tusk|protosynthesisatk
|move|p1a: Bronzong|Body Press|p2a: Great Tusk
|-damage|p2a: Great Tusk|81/100
|
|-weather|SunnyDay|[upkeep]
|-heal|p2a: Great Tusk|87/100|[from] Grassy Terrain
|upkeep
|turn|12
|inactive|XinFeng has 120 seconds left.
|
|t:|1758953316
|move|p2a: Great Tusk|Knock Off|p1a: Bronzong
|-supereffective|p1a: Bronzong
|-enditem|p1a: Bronzong|Colbur Berry|[eat]
|-enditem|p1a: Bronzong|Colbur Berry|[weaken]
|-damage|p1a: Bronzong|69/100
|move|p1a: Bronzong|Psychic Noise|p2a: Great Tusk
|-supereffective|p2a: Great Tusk
|-damage|p2a: Great Tusk|28/100
|-start|p2a: Great Tusk|move: Heal Block
|
|-weather|SunnyDay|[upkeep]
|upkeep
|turn|13
|inactive|daai6bo1 has 90 seconds left.
|
|t:|1758953338
|switch|p1a: Ogerpon|Ogerpon-Wellspring, F|100/100
|move|p2a: Great Tusk|Close Combat|p1a: Ogerpon
|-damage|p1a: Ogerpon|2/100
|-unboost|p2a: Great Tusk|def|1
|-unboost|p2a: Great Tusk|spd|1
|-enditem|p2a: Great Tusk|Eject Pack
|
|t:|1758953345
|-end|p2a: Great Tusk|Protosynthesis|[silent]
|switch|p2a: Lilligant|Lilligant-Hisui, F, shiny, tera:Ice|87/100
|
|-weather|SunnyDay|[upkeep]
|-heal|p2a: Lilligant|93/100|[from] Grassy Terrain
|-heal|p1a: Ogerpon|8/100|[from] Grassy Terrain
|upkeep
|turn|14
|
|t:|1758953354
|move|p1a: Ogerpon|Grassy Glide|p2a: Lilligant
|-damage|p2a: Lilligant|23/100
|move|p2a: Lilligant|Close Combat|p1a: Ogerpon
|-damage|p1a: Ogerpon|0 fnt
|-unboost|p2a: Lilligant|def|1
|-unboost|p2a: Lilligant|spd|1
|faint|p1a: Ogerpon
|-damage|p2a: Lilligant|13/100|[from] item: Life Orb
|
|-weather|SunnyDay|[upkeep]
|-heal|p2a: Lilligant|19/100|[from] Grassy Terrain
|upkeep
|inactive|daai6bo1 has 90 seconds left.
|
|t:|1758953374
|switch|p1a: Bronzong|Bronzong, shiny|69/100
|turn|15
|
|t:|1758953382
|switch|p2a: Great Tusk|Great Tusk, shiny|28/100
|-activate|p2a: Great Tusk|ability: Protosynthesis
|-start|p2a: Great Tusk|protosynthesisatk
|move|p1a: Bronzong|Stealth Rock|p2a: Great Tusk
|-sidestart|p2: XinFeng|move: Stealth Rock
|
|-weather|SunnyDay|[upkeep]
|-heal|p2a: Great Tusk|34/100|[from] Grassy Terrain
|upkeep
|turn|16
|inactive|daai6bo1 has 90 seconds left.
|
|t:|1758953390
|move|p2a: Great Tusk|Rapid Spin|p1a: Bronzong
|-resisted|p1a: Bronzong
|-damage|p1a: Bronzong|62/100
|-boost|p2a: Great Tusk|spe|1
|-sideend|p2: XinFeng|Stealth Rock|[from] move: Rapid Spin|[of] p2a: Great Tusk
|move|p1a: Bronzong|Future Sight|p2a: Great Tusk
|-start|p1a: Bronzong|move: Future Sight
|
|-weather|none
|-end|p2a: Great Tusk|Protosynthesis
|-heal|p2a: Great Tusk|40/100|[from] Grassy Terrain
|upkeep
|turn|17
|
|t:|1758953399
|move|p2a: Great Tusk|Close Combat|p1a: Bronzong
|-damage|p1a: Bronzong|19/100
|-unboost|p2a: Great Tusk|def|1
|-unboost|p2a: Great Tusk|spd|1
|move|p1a: Bronzong|Stealth Rock|p2a: Great Tusk
|-sidestart|p2: XinFeng|move: Stealth Rock
|
|-heal|p2a: Great Tusk|47/100|[from] Grassy Terrain
|-fieldend|move: Grassy Terrain
|upkeep
|turn|18
|
|t:|1758953409
|move|p2a: Great Tusk|Rapid Spin|p1a: Bronzong
|-resisted|p1a: Bronzong
|-damage|p1a: Bronzong|14/100
|-boost|p2a: Great Tusk|spe|1
|-sideend|p2: XinFeng|Stealth Rock|[from] move: Rapid Spin|[of] p2a: Great Tusk
|move|p1a: Bronzong|Stealth Rock|p2a: Great Tusk
|-sidestart|p2: XinFeng|move: Stealth Rock
|
|-end|p2a: Great Tusk|move: Future Sight
|-supereffective|p2a: Great Tusk
|-damage|p2a: Great Tusk|0 fnt
|faint|p2a: Great Tusk
|-end|p2a: Great Tusk|Protosynthesis|[silent]
|upkeep
|
|t:|1758953417
|switch|p2a: Torkoal|Torkoal, F, shiny|100/100
|-damage|p2a: Torkoal|75/100|[from] Stealth Rock
|-weather|SunnyDay|[from] ability: Drought|[of] p2a: Torkoal
|turn|19
|
|t:|1758953439
|move|p1a: Bronzong|Psychic Noise|p2a: Torkoal
|-damage|p2a: Torkoal|57/100
|-start|p2a: Torkoal|move: Heal Block
|move|p2a: Torkoal|Rapid Spin|p1a: Bronzong
|-resisted|p1a: Bronzong
|-damage|p1a: Bronzong|11/100
|-boost|p2a: Torkoal|spe|1
|-sideend|p2: XinFeng|Stealth Rock|[from] move: Rapid Spin|[of] p2a: Torkoal
|
|-weather|SunnyDay|[upkeep]
|upkeep
|turn|20
|
|t:|1758953451
|switch|p2a: Walking Wake|Walking Wake|100/100
|-activate|p2a: Walking Wake|ability: Protosynthesis
|-start|p2a: Walking Wake|protosynthesisspe
|move|p1a: Bronzong|Stealth Rock|p2a: Walking Wake
|-sidestart|p2: XinFeng|move: Stealth Rock
|
|-weather|SunnyDay|[upkeep]
|upkeep
|turn|21
|
|t:|1758953466
|move|p2a: Walking Wake|Dragon Pulse|p1a: Bronzong
|-resisted|p1a: Bronzong
|-damage|p1a: Bronzong|0 fnt
|faint|p1a: Bronzong
|
|-weather|SunnyDay|[upkeep]
|upkeep
|
|t:|1758953469
|switch|p1a: Heatran|Heatran, M, tera:Grass|100/100
|turn|22
|
|t:|1758953487
|-end|p2a: Walking Wake|Protosynthesis|[silent]
|switch|p2a: Torkoal|Torkoal, F, shiny|57/100
|-damage|p2a: Torkoal|32/100|[from] Stealth Rock
|move|p1a: Heatran|Earth Power|p2a: Torkoal
|-supereffective|p2a: Torkoal
|-damage|p2a: Torkoal|0 fnt
|faint|p2a: Torkoal
|
|-weather|SunnyDay|[upkeep]
|upkeep
|
|t:|1758953492
|switch|p2a: Lilligant|Lilligant-Hisui, F, shiny, tera:Ice|19/100
|-damage|p2a: Lilligant|0 fnt|[from] Stealth Rock
|faint|p2a: Lilligant
|
|t:|1758953494
|switch|p2a: Walking Wake|Walking Wake|100/100
|-damage|p2a: Walking Wake|88/100|[from] Stealth Rock
|-activate|p2a: Walking Wake|ability: Protosynthesis
|-start|p2a: Walking Wake|protosynthesisspe
|turn|23
|inactive|daai6bo1 has 120 seconds left.
|
|t:|1758953509
|move|p2a: Walking Wake|Dragon Pulse|p1a: Heatran
|-damage|p1a: Heatran|61/100
|move|p1a: Heatran|Earth Power|p2a: Walking Wake
|-damage|p2a: Walking Wake|58/100
|
|-weather|SunnyDay|[upkeep]
|-heal|p1a: Heatran|67/100|[from] item: Leftovers
|upkeep
|turn|24
|inactive|daai6bo1 has 120 seconds left.
|
|t:|1758953516
|move|p2a: Walking Wake|Dragon Pulse|p1a: Heatran
|-crit|p1a: Heatran
|-damage|p1a: Heatran|2/100
|move|p1a: Heatran|Earth Power|p2a: Walking Wake
|-damage|p2a: Walking Wake|29/100
|
|-weather|SunnyDay|[upkeep]
|-heal|p1a: Heatran|8/100|[from] item: Leftovers
|upkeep
|turn|25
|
|t:|1758953523
|move|p2a: Walking Wake|Dragon Pulse|p1a: Heatran
|-damage|p1a: Heatran|0 fnt
|faint|p1a: Heatran
|
|-weather|SunnyDay|[upkeep]
|upkeep
|
|t:|1758953529
|switch|p1a: Great Tusk|Great Tusk|100/100
|-activate|p1a: Great Tusk|ability: Protosynthesis
|-start|p1a: Great Tusk|protosynthesisatk
|turn|26
|
|t:|1758953536
|move|p2a: Walking Wake|Dragon Pulse|p1a: Great Tusk
|-damage|p1a: Great Tusk|3/100
|move|p1a: Great Tusk|Headlong Rush|p2a: Walking Wake
|-damage|p2a: Walking Wake|0 fnt
|-unboost|p1a: Great Tusk|def|1
|-unboost|p1a: Great Tusk|spd|1
|faint|p2a: Walking Wake
|-end|p2a: Walking Wake|Protosynthesis|[silent]
|
|win|daai6bo1
|raw|daai6bo1's rating: 1427 &rarr; <strong>1456</strong><br />(+29 for winning)
|raw|XinFeng's rating: 1597 &rarr; <strong>1568</strong><br />(-29 for losing)
|l|☆XinFeng
|player|p2|
|c|☆daai6bo1|Gg
|l|☆daai6bo1
|player|p1|
