|j|☆homerac
|j|☆thinkusstinkus
|t:|1758993283
|gametype|singles
|player|p1|homerac|169|1211
|player|p2|thinkusstinkus|blackbelt-gen4dp|1228
|gen|9
|tier|[Gen 9] OU
|rated|
|rule|HP Percentage Mod: HP is shown in percentages
|rule|Endless Battle Clause: Forcing endless battles is banned
|rule|Species Clause: Limit one of each Pokémon
|rule|OHKO Clause: OHKO moves are banned
|rule|Evasion Items Clause: Evasion items are banned
|rule|Evasion Moves Clause: Evasion moves are banned
|rule|Evasion Abilities Clause: Evasion abilities are banned
|rule|Sleep Moves Clause: Sleep-inducing moves are banned
|clearpoke
|poke|p1|Araquanid, M|
|poke|p1|Darkrai|
|poke|p1|Garchomp, M|
|poke|p1|Primarina, F|
|poke|p1|Breloom, F|
|poke|p1|Oricorio-Pom-Pom, M|
|poke|p2|Araquanid, M|
|poke|p2|Landorus-Therian, M|
|poke|p2|Garganacl, M|
|poke|p2|Kingambit, F|
|poke|p2|Corviknight, M|
|poke|p2|Enamorus, F|
|teampreview
|
|t:|1758993290
|teamsize|p1|6
|teamsize|p2|6
|start
|switch|p1a: Breloom|Breloom, F|100/100
|switch|p2a: Wadr bubl|Araquanid, M|100/100
|turn|1
|inactive|Battle timer is ON: inactive players will automatically lose when time's up. (requested by thinkusstinkus)
|inactive|homerac has 120 seconds left.
|inactive|homerac has 90 seconds left.
|inactive|homerac has 60 seconds left.
|
|t:|1758993415
|switch|p2a: Groundcat|Landorus-Therian, M|100/100
|-ability|p2a: Groundcat|Intimidate|boost
|-unboost|p1a: Breloom|atk|1
|move|p1a: Breloom|Bullet Seed|p2a: Groundcat
|-damage|p2a: Groundcat|83/100
|-damage|p2a: Groundcat|68/100
|-damage|p2a: Groundcat|52/100
|-damage|p2a: Groundcat|36/100
|-damage|p2a: Groundcat|18/100
|-hitcount|p2a: Groundcat|5
|
|upkeep
|turn|2
|
|t:|1758993428
|switch|p1a: Araquanid|Araquanid, M|100/100
|move|p2a: Groundcat|U-turn|p1a: Araquanid
|-damage|p1a: Araquanid|65/100
|
|t:|1758993442
|switch|p2a: Halite|Garganacl, M|100/100|[from] U-turn
|
|-heal|p1a: Araquanid|71/100|[from] item: Leftovers
|upkeep
|turn|3
|
|t:|1758993466
|switch|p1a: Garchomp|Garchomp, M|100/100
|move|p2a: Halite|Salt Cure|p1a: Garchomp
|-resisted|p1a: Garchomp
|-damage|p1a: Garchomp|94/100
|-start|p1a: Garchomp|Salt Cure
|
|-damage|p1a: Garchomp|82/100|[from] Salt Cure
|upkeep
|turn|4
|
|t:|1758993478
|switch|p1a: Breloom|Breloom, F|100/100
|switch|p2a: Groundcat|Landorus-Therian, M|18/100
|-ability|p2a: Groundcat|Intimidate|boost
|-unboost|p1a: Breloom|atk|1
|
|upkeep
|turn|5
|
|t:|1758993485
|switch|p1a: Garchomp|Garchomp, M|82/100
|move|p2a: Groundcat|U-turn|p1a: Garchomp
|-damage|p1a: Garchomp|56/100
|-damage|p2a: Groundcat|6/100|[from] ability: Rough Skin|[of] p1a: Garchomp
|-damage|p2a: Groundcat|0 fnt|[from] item: Rocky Helmet|[of] p1a: Garchomp
|faint|p2a: Groundcat
|
|upkeep
|
|t:|1758993492
|switch|p2a: <3|Enamorus, F|100/100
|turn|6
|
|t:|1758993499
|switch|p1a: Primarina|Primarina, F|100/100
|move|p2a: <3|Moonblast|p1a: Primarina
|-damage|p1a: Primarina|74/100
|-unboost|p1a: Primarina|spa|1
|
|upkeep
|turn|7
|inactive|homerac has 120 seconds left.
|
|t:|1758993506
|move|p2a: <3|Moonblast|p1a: Primarina
|-damage|p1a: Primarina|44/100
|move|p1a: Primarina|Surf|p2a: <3
|-damage|p2a: <3|52/100
|
|upkeep
|turn|8
|
|t:|1758993513
|move|p2a: <3|Moonblast|p1a: Primarina
|-damage|p1a: Primarina|14/100
|move|p1a: Primarina|Surf|p2a: <3
|-damage|p2a: <3|0 fnt
|faint|p2a: <3
|
|upkeep
|
|t:|1758993527
|switch|p2a: Wadr bubl|Araquanid, M|100/100
|turn|9
|inactive|homerac has 120 seconds left.
|
|t:|1758993566
|move|p1a: Primarina|Moonblast|p2a: Wadr bubl
|-damage|p2a: Wadr bubl|70/100
|move|p2a: Wadr bubl|Sticky Web|p1a: Primarina
|-sidestart|p1: homerac|move: Sticky Web
|
|-heal|p2a: Wadr bubl|76/100|[from] item: Leftovers
|upkeep
|turn|10
|
|t:|1758993587
|move|p1a: Primarina|Moonblast|p2a: Wadr bubl
|-damage|p2a: Wadr bubl|50/100
|-unboost|p2a: Wadr bubl|spa|1
|move|p2a: Wadr bubl|Liquidation|p1a: Primarina
|-resisted|p1a: Primarina
|-damage|p1a: Primarina|0 fnt
|faint|p1a: Primarina
|
|-heal|p2a: Wadr bubl|56/100|[from] item: Leftovers
|upkeep
|
|t:|1758993599
|switch|p1a: Oricorio|Oricorio-Pom-Pom, M|100/100
|turn|11
|
|t:|1758993606
|switch|p2a: Halite|Garganacl, M|100/100
|move|p1a: Oricorio|Revelation Dance|p2a: Halite
|-damage|p2a: Halite|65/100
|
|-heal|p2a: Halite|71/100|[from] item: Leftovers
|upkeep
|turn|12
|inactive|homerac has 120 seconds left.
|
|t:|1758993616
|switch|p1a: Garchomp|Garchomp, M|56/100
|-activate|p1a: Garchomp|move: Sticky Web
|-unboost|p1a: Garchomp|spe|1
|move|p2a: Halite|Salt Cure|p1a: Garchomp
|-resisted|p1a: Garchomp
|-damage|p1a: Garchomp|50/100
|-start|p1a: Garchomp|Salt Cure
|
|-heal|p2a: Halite|77/100|[from] item: Leftovers
|-damage|p1a: Garchomp|37/100|[from] Salt Cure
|upkeep
|turn|13
|inactive|homerac has 120 seconds left.
|
|t:|1758993636
|-terastallize|p2a: Halite|Water
|move|p1a: Garchomp|Stealth Rock|p2a: Halite
|-sidestart|p2: thinkusstinkus|move: Stealth Rock
|move|p2a: Halite|Iron Defense|p2a: Halite
|-boost|p2a: Halite|def|2
|
|-heal|p2a: Halite|83/100|[from] item: Leftovers
|-damage|p1a: Garchomp|25/100|[from] Salt Cure
|upkeep
|turn|14
|
|t:|1758993645
|move|p1a: Garchomp|Earthquake|p2a: Halite
|-crit|p2a: Halite
|-damage|p2a: Halite|35/100
|move|p2a: Halite|Iron Defense|p2a: Halite
|-boost|p2a: Halite|def|2
|
|-heal|p2a: Halite|41/100|[from] item: Leftovers
|-damage|p1a: Garchomp|13/100|[from] Salt Cure
|upkeep
|turn|15
|
|t:|1758993652
|move|p1a: Garchomp|Earthquake|p2a: Halite
|-damage|p2a: Halite|30/100
|move|p2a: Halite|Recover|p2a: Halite
|-heal|p2a: Halite|80/100
|
|-heal|p2a: Halite|87/100|[from] item: Leftovers
|-damage|p1a: Garchomp|0 fnt|[from] Salt Cure
|faint|p1a: Garchomp
|upkeep
|
|t:|1758993661
|switch|p1a: Oricorio|Oricorio-Pom-Pom, M|100/100
|turn|16
|
|t:|1758993669
|-terastallize|p1a: Oricorio|Electric
|move|p1a: Oricorio|Quiver Dance|p1a: Oricorio
|-boost|p1a: Oricorio|spa|1
|-boost|p1a: Oricorio|spd|1
|-boost|p1a: Oricorio|spe|1
|move|p2a: Halite|Salt Cure|p1a: Oricorio
|-damage|p1a: Oricorio|77/100
|-start|p1a: Oricorio|Salt Cure
|
|-heal|p2a: Halite|93/100|[from] item: Leftovers
|-damage|p1a: Oricorio|65/100|[from] Salt Cure
|upkeep
|turn|17
|
|t:|1758993680
|move|p1a: Oricorio|Revelation Dance|p2a: Halite
|-supereffective|p2a: Halite
|-damage|p2a: Halite|0 fnt
|faint|p2a: Halite
|
|-damage|p1a: Oricorio|53/100|[from] Salt Cure
|upkeep
|
|t:|1758993688
|switch|p2a: YAS QUEEN|Kingambit, F|100/100
|-activate|p2a: YAS QUEEN|ability: Supreme Overlord
|-start|p2a: YAS QUEEN|fallen3|[silent]
|turn|18
|
|t:|1758993693
|move|p2a: YAS QUEEN|Sucker Punch||[still]
|-fail|p2a: YAS QUEEN
|move|p1a: Oricorio|Quiver Dance|p1a: Oricorio
|-boost|p1a: Oricorio|spa|1
|-boost|p1a: Oricorio|spd|1
|-boost|p1a: Oricorio|spe|1
|
|-damage|p1a: Oricorio|40/100|[from] Salt Cure
|upkeep
|turn|19
|
|t:|1758993700
|move|p2a: YAS QUEEN|Sucker Punch|p1a: Oricorio
|-damage|p1a: Oricorio|0 fnt
|faint|p1a: Oricorio
|
|upkeep
|
|t:|1758993704
|switch|p1a: Darkrai|Darkrai|100/100
|-activate|p1a: Darkrai|move: Sticky Web
|-unboost|p1a: Darkrai|spe|1
|turn|20
|
|t:|1758993711
|move|p1a: Darkrai|Focus Blast|p2a: YAS QUEEN
|-supereffective|p2a: YAS QUEEN
|-damage|p2a: YAS QUEEN|0 fnt
|faint|p2a: YAS QUEEN
|-end|p2a: YAS QUEEN|fallen3|[silent]
|
|upkeep
|
|t:|1758993719
|switch|p2a: Crow|Corviknight, M|100/100
|-damage|p2a: Crow|88/100|[from] Stealth Rock
|turn|21
|
|t:|1758993724
|move|p1a: Darkrai|Dark Pulse|p2a: Crow
|-damage|p2a: Crow|45/100
|move|p2a: Crow|Body Press|p1a: Darkrai
|-supereffective|p1a: Darkrai
|-damage|p1a: Darkrai|28/100
|
|upkeep
|turn|22
|
|t:|1758993730
|move|p1a: Darkrai|Dark Pulse|p2a: Crow
|-damage|p2a: Crow|0 fnt
|faint|p2a: Crow
|
|upkeep
|
|t:|1758993733
|switch|p2a: Wadr bubl|Araquanid, M|56/100
|-damage|p2a: Wadr bubl|31/100|[from] Stealth Rock
|turn|23
|c|☆thinkusstinkus|Gg
|
|t:|1758993738
|move|p1a: Darkrai|Dark Pulse|p2a: Wadr bubl
|-damage|p2a: Wadr bubl|0 fnt
|faint|p2a: Wadr bubl
|
|win|homerac
|raw|homerac's rating: 1211 &rarr; <strong>1237</strong><br />(+26 for winning)
|raw|thinkusstinkus's rating: 1228 &rarr; <strong>1202</strong><br />(-26 for losing)
|c|☆homerac|gg
|l|☆homerac
|player|p1|
|l|☆thinkusstinkus
|player|p2|
