|j|☆glareze
|j|☆buddhabrioche
|t:|1759073845
|gametype|singles
|player|p1|glareze|miku-ghost|1176
|player|p2|buddhabrioche|265|1135
|gen|9
|tier|[Gen 9] OU
|rated|
|rule|HP Percentage Mod: HP is shown in percentages
|rule|Endless Battle Clause: Forcing endless battles is banned
|rule|Species Clause: Limit one of each Pokémon
|rule|OHKO Clause: OHKO moves are banned
|rule|Evasion Items Clause: Evasion items are banned
|rule|Evasion Moves Clause: Evasion moves are banned
|rule|Evasion Abilities Clause: Evasion abilities are banned
|rule|Sleep Moves Clause: Sleep-inducing moves are banned
|clearpoke
|poke|p1|Deoxys-Speed|
|poke|p1|Zamazenta-*|
|poke|p1|Iron Moth|
|poke|p1|Ogerpon-Wellspring, F|
|poke|p1|Gholdengo|
|poke|p1|Great Tusk|
|poke|p2|Gliscor, M|
|poke|p2|Ting-Lu|
|poke|p2|Ogerpon-Wellspring, F|
|poke|p2|Dragapult, F|
|poke|p2|Cinderace, M|
|poke|p2|Rotom-Wash|
|teampreview
|
|t:|1759073915
|teamsize|p1|6
|teamsize|p2|6
|start
|switch|p1a: DIE|Great Tusk|100/100
|switch|p2a: Cinderace|Cinderace, M|100/100
|turn|1
|
|t:|1759073963
|move|p2a: Cinderace|U-turn|p1a: DIE
|-start|p2a: Cinderace|typechange|Bug|[from] ability: Libero
|-resisted|p1a: DIE
|-damage|p1a: DIE|89/100
|
|t:|1759073967
|switch|p2a: Rotom|Rotom-Wash|100/100|[from] U-turn
|move|p1a: DIE|Headlong Rush|p2a: Rotom
|-immune|p2a: Rotom|[from] ability: Levitate
|
|upkeep
|turn|2
|
|t:|1759074012
|-end|p1a: DIE|Protosynthesis|[silent]
|switch|p1a: Water|Ogerpon-Wellspring, F|100/100
|move|p2a: Rotom|Will-O-Wisp|p1a: Water
|-status|p1a: Water|brn
|
|-damage|p1a: Water|95/100 brn|[from] brn
|upkeep
|turn|3
|
|t:|1759074027
|move|p1a: Water|Horn Leech|p2a: Rotom
|-supereffective|p2a: Rotom
|-crit|p2a: Rotom
|-damage|p2a: Rotom|47/100
|-heal|p1a: Water|100/100 brn|[from] drain|[of] p2a: Rotom
|move|p2a: Rotom|Volt Switch|p1a: Water
|-damage|p1a: Water|73/100 brn
|
|t:|1759074043
|switch|p2a: Ogerpon|Ogerpon-Wellspring, F|100/100|[from] Volt Switch
|
|-damage|p1a: Water|67/100 brn|[from] brn
|upkeep
|turn|4
|
|t:|1759074134
|switch|p1a: Brick|Zamazenta, shiny|100/100
|-ability|p1a: Brick|Dauntless Shield|boost
|-boost|p1a: Brick|def|1
|move|p2a: Ogerpon|Swords Dance|p2a: Ogerpon
|-boost|p2a: Ogerpon|atk|2
|
|upkeep
|turn|5
|
|t:|1759074149
|move|p1a: Brick|Iron Defense|p1a: Brick
|-boost|p1a: Brick|def|2
|move|p2a: Ogerpon|Play Rough|p1a: Brick
|-supereffective|p1a: Brick
|-damage|p1a: Brick|51/100
|
|-heal|p1a: Brick|57/100|[from] item: Leftovers
|upkeep
|turn|6
|
|t:|1759074170
|switch|p2a: Gliscor|Gliscor, M|100/100
|move|p1a: Brick|Body Press|p2a: Gliscor
|-resisted|p2a: Gliscor
|-crit|p2a: Gliscor
|-damage|p2a: Gliscor|54/100
|
|-heal|p1a: Brick|63/100|[from] item: Leftovers
|-status|p2a: Gliscor|tox|[from] item: Toxic Orb
|upkeep
|turn|7
|
|t:|1759074215
|move|p1a: Brick|Body Press|p2a: Gliscor
|-resisted|p2a: Gliscor
|-damage|p2a: Gliscor|22/100 tox
|move|p2a: Gliscor|Knock Off|p1a: Brick
|-resisted|p1a: Brick
|-damage|p1a: Brick|59/100
|-enditem|p1a: Brick|Leftovers|[from] move: Knock Off|[of] p2a: Gliscor
|
|-heal|p2a: Gliscor|35/100 tox|[from] ability: Poison Heal
|upkeep
|turn|8
|
|t:|1759074239
|switch|p1a: Cheese|Gholdengo|100/100
|-item|p1a: Cheese|Air Balloon
|move|p2a: Gliscor|Protect||[still]
|-fail|p2a: Gliscor
|
|-heal|p2a: Gliscor|47/100 tox|[from] ability: Poison Heal
|upkeep
|turn|9
|
|t:|1759074259
|move|p2a: Gliscor|Protect|p2a: Gliscor
|-singleturn|p2a: Gliscor|Protect
|move|p1a: Cheese|Make It Rain|p2a: Gliscor
|-activate|p2a: Gliscor|move: Protect
|
|-heal|p2a: Gliscor|60/100 tox|[from] ability: Poison Heal
|upkeep
|turn|10
|
|t:|1759074271
|move|p1a: Cheese|Make It Rain|p2a: Gliscor
|-damage|p2a: Gliscor|2/100 tox
|-unboost|p1a: Cheese|spa|1
|move|p2a: Gliscor|Knock Off|p1a: Cheese
|-supereffective|p1a: Cheese
|-damage|p1a: Cheese|55/100
|-enditem|p1a: Cheese|Air Balloon
|
|-heal|p2a: Gliscor|14/100 tox|[from] ability: Poison Heal
|upkeep
|turn|11
|
|t:|1759074288
|move|p2a: Gliscor|Protect|p2a: Gliscor
|-singleturn|p2a: Gliscor|Protect
|move|p1a: Cheese|Nasty Plot|p1a: Cheese
|-boost|p1a: Cheese|spa|2
|
|-heal|p2a: Gliscor|27/100 tox|[from] ability: Poison Heal
|upkeep
|turn|12
|
|t:|1759074303
|switch|p2a: Ting-Lu|Ting-Lu|100/100
|-ability|p2a: Ting-Lu|Vessel of Ruin
|move|p1a: Cheese|Shadow Ball|p2a: Ting-Lu
|-resisted|p2a: Ting-Lu
|-damage|p2a: Ting-Lu|86/100
|
|-heal|p2a: Ting-Lu|93/100|[from] item: Leftovers
|upkeep
|turn|13
|
|t:|1759074327
|switch|p1a: Brick|Zamazenta, shiny|59/100
|move|p2a: Ting-Lu|Earthquake|p1a: Brick
|-damage|p1a: Brick|24/100
|
|-heal|p2a: Ting-Lu|99/100|[from] item: Leftovers
|upkeep
|turn|14
|
|t:|1759074346
|switch|p1a: DIE|Great Tusk|89/100
|move|p2a: Ting-Lu|Earthquake|p1a: DIE
|-damage|p1a: DIE|64/100
|
|-heal|p2a: Ting-Lu|100/100|[from] item: Leftovers
|upkeep
|turn|15
|
|t:|1759074372
|move|p1a: DIE|Close Combat|p2a: Ting-Lu
|-supereffective|p2a: Ting-Lu
|-damage|p2a: Ting-Lu|32/100
|-unboost|p1a: DIE|def|1
|-unboost|p1a: DIE|spd|1
|move|p2a: Ting-Lu|Ruination|p1a: DIE
|-damage|p1a: DIE|32/100
|
|-heal|p2a: Ting-Lu|39/100|[from] item: Leftovers
|upkeep
|turn|16
|
|t:|1759074386
|switch|p2a: Dragapult|Dragapult, F|100/100
|move|p1a: DIE|Close Combat|p2a: Dragapult
|-immune|p2a: Dragapult
|
|upkeep
|turn|17
|
|t:|1759074441
|-end|p1a: DIE|Protosynthesis|[silent]
|switch|p1a: Cheese|Gholdengo|55/100
|move|p2a: Dragapult|Shadow Ball|p1a: Cheese
|-supereffective|p1a: Cheese
|-damage|p1a: Cheese|0 fnt
|faint|p1a: Cheese
|
|upkeep
|
|t:|1759074458
|switch|p1a: Glass|Deoxys-Speed|100/100
|-ability|p1a: Glass|Pressure
|turn|18
|
|t:|1759074487
|switch|p2a: Cinderace|Cinderace, M|100/100
|move|p1a: Glass|Focus Blast|p2a: Cinderace
|-damage|p2a: Cinderace|34/100
|-damage|p1a: Glass|91/100|[from] item: Life Orb
|
|upkeep
|turn|19
|
|t:|1759074506
|move|p2a: Cinderace|Sucker Punch|p1a: Glass
|-start|p2a: Cinderace|typechange|Dark|[from] ability: Libero
|-supereffective|p1a: Glass
|-damage|p1a: Glass|1/100
|move|p1a: Glass|Thunderbolt|p2a: Cinderace
|-damage|p2a: Cinderace|0 fnt
|faint|p2a: Cinderace
|-damage|p1a: Glass|0 fnt|[from] item: Life Orb
|faint|p1a: Glass
|
|upkeep
|
|t:|1759074527
|switch|p1a: DIE|Great Tusk|32/100
|switch|p2a: Rotom|Rotom-Wash|47/100
|turn|20
|
|t:|1759074539
|move|p1a: DIE|Close Combat|p2a: Rotom
|-damage|p2a: Rotom|0 fnt
|-unboost|p1a: DIE|def|1
|-unboost|p1a: DIE|spd|1
|faint|p2a: Rotom
|
|upkeep
|
|t:|1759074558
|switch|p2a: Ogerpon|Ogerpon-Wellspring, F|100/100
|turn|21
|
|t:|1759074598
|move|p2a: Ogerpon|Play Rough|p1a: DIE
|-supereffective|p1a: DIE
|-damage|p1a: DIE|0 fnt
|faint|p1a: DIE
|-end|p1a: DIE|Protosynthesis|[silent]
|
|upkeep
|
|t:|1759074607
|switch|p1a: Melt|Iron Moth|100/100
|-enditem|p1a: Melt|Booster Energy
|-activate|p1a: Melt|ability: Quark Drive|[fromitem]
|-start|p1a: Melt|quarkdrivespe
|turn|22
|
|t:|1759074653
|-terastallize|p2a: Ogerpon|Water
|detailschange|p2a: Ogerpon|Ogerpon-Wellspring-Tera, F, tera:Water
|-ability|p2a: Ogerpon|Embody Aspect (Wellspring)|boost
|-boost|p2a: Ogerpon|spd|1
|move|p1a: Melt|Sludge Wave|p2a: Ogerpon
|-damage|p2a: Ogerpon|62/100
|move|p2a: Ogerpon|Ivy Cudgel|p1a: Melt|[anim] Ivy Cudgel Water
|-supereffective|p1a: Melt
|-damage|p1a: Melt|0 fnt
|faint|p1a: Melt
|-end|p1a: Melt|Quark Drive|[silent]
|
|upkeep
|
|t:|1759074673
|switch|p1a: Brick|Zamazenta, shiny|24/100
|turn|23
|
|t:|1759074695
|move|p1a: Brick|Stone Edge|p2a: Ogerpon
|-damage|p2a: Ogerpon|23/100
|move|p2a: Ogerpon|Ivy Cudgel|p1a: Brick|[anim] Ivy Cudgel Water
|-damage|p1a: Brick|0 fnt
|faint|p1a: Brick
|
|upkeep
|
|t:|1759074702
|switch|p1a: Water|Ogerpon-Wellspring, F|67/100 brn
|turn|24
|
|t:|1759074705
|move|p1a: Water|Horn Leech|p2a: Ogerpon
|-supereffective|p2a: Ogerpon
|-damage|p2a: Ogerpon|0 fnt
|-heal|p1a: Water|78/100 brn|[from] drain|[of] p2a: Ogerpon
|faint|p2a: Ogerpon
|detailschange|p2: Ogerpon|Ogerpon-Wellspring, F|[silent]
|
|-damage|p1a: Water|72/100 brn|[from] brn
|upkeep
|
|t:|1759074713
|switch|p2a: Gliscor|Gliscor, M|27/100 tox
|turn|25
|
|t:|1759074758
|move|p2a: Gliscor|Protect|p2a: Gliscor
|-singleturn|p2a: Gliscor|Protect
|move|p1a: Water|Swords Dance|p1a: Water
|-boost|p1a: Water|atk|2
|
|-heal|p2a: Gliscor|39/100 tox|[from] ability: Poison Heal
|-damage|p1a: Water|66/100 brn|[from] brn
|upkeep
|turn|26
|
|t:|1759074785
|-terastallize|p1a: Water|Water
|detailschange|p1a: Water|Ogerpon-Wellspring-Tera, F, tera:Water
|-ability|p1a: Water|Embody Aspect (Wellspring)|boost
|-boost|p1a: Water|spd|1
|move|p1a: Water|Ivy Cudgel|p2a: Gliscor|[anim] Ivy Cudgel Water
|-supereffective|p2a: Gliscor
|-damage|p2a: Gliscor|0 fnt
|faint|p2a: Gliscor
|
|-damage|p1a: Water|60/100 brn|[from] brn
|upkeep
|
|t:|1759074808
|switch|p2a: Dragapult|Dragapult, F|100/100
|turn|27
|
|t:|1759074909
|move|p2a: Dragapult|Shadow Ball|p1a: Water
|-damage|p1a: Water|19/100 brn
|move|p1a: Water|Ivy Cudgel|p2a: Dragapult|[anim] Ivy Cudgel Water
|-resisted|p2a: Dragapult
|-damage|p2a: Dragapult|49/100
|
|-damage|p1a: Water|13/100 brn|[from] brn
|upkeep
|turn|28
|
|t:|1759074921
|move|p2a: Dragapult|Shadow Ball|p1a: Water
|-damage|p1a: Water|0 fnt
|faint|p1a: Water
|detailschange|p1: Water|Ogerpon-Wellspring, F|[silent]
|
|win|buddhabrioche
|raw|glareze's rating: 1176 &rarr; <strong>1148</strong><br />(-28 for losing)
|raw|buddhabrioche's rating: 1135 &rarr; <strong>1163</strong><br />(+28 for winning)
|l|☆buddhabrioche
|player|p2|
|l|☆glareze
|player|p1|
|j|☆glareze
|player|p1|glareze|miku-ghost|
