|j|☆notmeezo
|j|☆slngularlty
|t:|1758944841
|gametype|singles
|player|p1|notmeezo|lucas|1368
|player|p2|slngularlty|koga|1389
|gen|9
|tier|[Gen 9] OU
|rated|
|rule|HP Percentage Mod: HP is shown in percentages
|rule|Endless Battle Clause: Forcing endless battles is banned
|rule|Species Clause: Limit one of each Pokémon
|rule|OHKO Clause: OHKO moves are banned
|rule|Evasion Items Clause: Evasion items are banned
|rule|Evasion Moves Clause: Evasion moves are banned
|rule|Evasion Abilities Clause: Evasion abilities are banned
|rule|Sleep Moves Clause: Sleep-inducing moves are banned
|clearpoke
|poke|p1|Zamazenta-*|
|poke|p1|Serperior, M|
|poke|p1|Rotom-Heat|
|poke|p1|Corviknight, M|
|poke|p1|Gliscor, M|
|poke|p1|Ogerpon-Wellspring, F|
|poke|p2|Scizor, M|
|poke|p2|Gholdengo|
|poke|p2|Ogerpon-Wellspring, F|
|poke|p2|Ting-Lu|
|poke|p2|Dragonite, F|
|poke|p2|Glimmora, M|
|teampreview
|inactive|Battle timer is ON: inactive players will automatically lose when time's up. (requested by slngularlty)
|inactive|notmeezo also wants the timer to be on.
|
|t:|1758944852
|teamsize|p1|6
|teamsize|p2|6
|start
|switch|p1a: Telkom|Rotom-Heat|100/100
|switch|p2a: Ogerpon|Ogerpon-Wellspring, F|100/100
|turn|1
|
|t:|1758944869
|switch|p2a: Ting-Lu|Ting-Lu|100/100
|-ability|p2a: Ting-Lu|Vessel of Ruin
|move|p1a: Telkom|Volt Switch|p2a: Ting-Lu
|-immune|p2a: Ting-Lu
|
|upkeep
|turn|2
|
|t:|1758944872
|switch|p1a: Mystic|Ogerpon-Wellspring, F|100/100
|move|p2a: Ting-Lu|Stealth Rock|p1a: Mystic
|-sidestart|p1: notmeezo|move: Stealth Rock
|
|upkeep
|turn|3
|
|t:|1758944877
|move|p1a: Mystic|U-turn|p2a: Ting-Lu
|-supereffective|p2a: Ting-Lu
|-damage|p2a: Ting-Lu|75/100
|
|t:|1758944882
|switch|p1a: Pinch|Gliscor, M|100/100|[from] U-turn
|-damage|p1a: Pinch|88/100|[from] Stealth Rock
|move|p2a: Ting-Lu|Whirlwind|p1a: Pinch
|drag|p1a: Corviknight|Corviknight, M|100/100
|-damage|p1a: Corviknight|88/100|[from] Stealth Rock
|
|-heal|p2a: Ting-Lu|81/100|[from] item: Leftovers
|upkeep
|turn|4
|
|t:|1758944890
|switch|p1a: Telkom|Rotom-Heat|100/100
|-damage|p1a: Telkom|76/100|[from] Stealth Rock
|switch|p2a: Gholdengo|Gholdengo|100/100
|-item|p2a: Gholdengo|Air Balloon
|
|upkeep
|turn|5
|
|t:|1758944901
|switch|p2a: Scizor|Scizor, M|100/100
|move|p1a: Telkom|Overheat|p2a: Scizor
|-supereffective|p2a: Scizor
|-damage|p2a: Scizor|0 fnt
|-unboost|p1a: Telkom|spa|2
|faint|p2a: Scizor
|
|upkeep
|
|t:|1758944909
|switch|p2a: Glimmora|Glimmora, M|100/100
|turn|6
|
|t:|1758944929
|switch|p1a: Pinch|Gliscor, M|88/100
|-damage|p1a: Pinch|75/100|[from] Stealth Rock
|move|p2a: Glimmora|Power Gem|p1a: Pinch
|-damage|p1a: Pinch|37/100
|
|-status|p1a: Pinch|tox|[from] item: Toxic Orb
|upkeep
|turn|7
|
|t:|1758944937
|switch|p2a: Ogerpon|Ogerpon-Wellspring, F|100/100
|move|p1a: Pinch|Protect||[still]
|-fail|p1a: Pinch
|
|-heal|p1a: Pinch|50/100 tox|[from] ability: Poison Heal
|upkeep
|turn|8
|
|t:|1758944940
|move|p1a: Pinch|Protect|p1a: Pinch
|-singleturn|p1a: Pinch|Protect
|move|p2a: Ogerpon|Trailblaze|p1a: Pinch
|-activate|p1a: Pinch|move: Protect
|
|-heal|p1a: Pinch|62/100 tox|[from] ability: Poison Heal
|upkeep
|turn|9
|
|t:|1758944945
|move|p2a: Ogerpon|Ivy Cudgel|p1a: Pinch|[anim] Ivy Cudgel Water
|-supereffective|p1a: Pinch
|-damage|p1a: Pinch|0 fnt
|faint|p1a: Pinch
|
|upkeep
|
|t:|1758944950
|switch|p1a: Fuzzy|Serperior, M|100/100
|-damage|p1a: Fuzzy|88/100|[from] Stealth Rock
|turn|10
|
|t:|1758944959
|-terastallize|p1a: Fuzzy|Electric
|move|p1a: Fuzzy|Leaf Storm|p2a: Ogerpon
|-damage|p2a: Ogerpon|56/100
|-boost|p1a: Fuzzy|spa|2
|move|p2a: Ogerpon|Trailblaze|p1a: Fuzzy
|-damage|p1a: Fuzzy|52/100
|-boost|p2a: Ogerpon|spe|1
|
|-heal|p1a: Fuzzy|58/100|[from] item: Leftovers
|upkeep
|turn|11
|
|t:|1758944970
|switch|p1a: Mystic|Ogerpon-Wellspring, F|100/100
|-damage|p1a: Mystic|88/100|[from] Stealth Rock
|move|p2a: Ogerpon|Ivy Cudgel|p1a: Mystic|[anim] Ivy Cudgel Water
|-heal|p1a: Mystic|100/100|[from] ability: Water Absorb|[of] p2a: Ogerpon
|
|upkeep
|turn|12
|
|t:|1758944975
|switch|p2a: Glimmora|Glimmora, M|100/100
|move|p1a: Mystic|U-turn|p2a: Glimmora
|-resisted|p2a: Glimmora
|-damage|p2a: Glimmora|82/100
|-damage|p1a: Mystic|84/100|[from] item: Rocky Helmet|[of] p2a: Glimmora
|-activate|p2a: Glimmora|ability: Toxic Debris
|-sidestart|p1: notmeezo|move: Toxic Spikes
|
|t:|1758944979
|switch|p1a: Corviknight|Corviknight, M|88/100|[from] U-turn
|-damage|p1a: Corviknight|76/100|[from] Stealth Rock
|
|upkeep
|turn|13
|
|t:|1758944982
|switch|p2a: Gholdengo|Gholdengo|100/100
|-item|p2a: Gholdengo|Air Balloon
|switch|p1a: Telkom|Rotom-Heat|76/100
|-damage|p1a: Telkom|51/100|[from] Stealth Rock
|
|upkeep
|turn|14
|
|t:|1758944985
|switch|p2a: Glimmora|Glimmora, M|82/100
|move|p1a: Telkom|Overheat|p2a: Glimmora
|-resisted|p2a: Glimmora
|-damage|p2a: Glimmora|33/100
|-unboost|p1a: Telkom|spa|2
|
|upkeep
|turn|15
|
|t:|1758944993
|switch|p1a: Corviknight|Corviknight, M|76/100
|-damage|p1a: Corviknight|64/100|[from] Stealth Rock
|move|p2a: Glimmora|Power Gem|p1a: Corviknight
|-damage|p1a: Corviknight|19/100
|
|upkeep
|turn|16
|
|t:|1758944998
|move|p2a: Glimmora|Power Gem|p1a: Corviknight
|-damage|p1a: Corviknight|0 fnt
|faint|p1a: Corviknight
|
|upkeep
|
|t:|1758945003
|switch|p1a: Mystic|Ogerpon-Wellspring, F|84/100
|-damage|p1a: Mystic|72/100|[from] Stealth Rock
|-status|p1a: Mystic|psn
|turn|17
|
|t:|1758945012
|switch|p2a: Ting-Lu|Ting-Lu|81/100
|-ability|p2a: Ting-Lu|Vessel of Ruin
|move|p1a: Mystic|Knock Off|p2a: Ting-Lu
|-resisted|p2a: Ting-Lu
|-damage|p2a: Ting-Lu|72/100
|-enditem|p2a: Ting-Lu|Leftovers|[from] move: Knock Off|[of] p1a: Mystic
|
|-damage|p1a: Mystic|59/100 psn|[from] psn
|upkeep
|turn|18
|
|t:|1758945015
|switch|p2a: Ogerpon|Ogerpon-Wellspring, F|56/100
|move|p1a: Mystic|Ivy Cudgel|p2a: Ogerpon|[anim] Ivy Cudgel Water
|-heal|p2a: Ogerpon|81/100|[from] ability: Water Absorb|[of] p1a: Mystic
|
|-damage|p1a: Mystic|47/100 psn|[from] psn
|upkeep
|turn|19
|
|t:|1758945017
|switch|p2a: Glimmora|Glimmora, M|33/100
|move|p1a: Mystic|U-turn|p2a: Glimmora
|-resisted|p2a: Glimmora
|-damage|p2a: Glimmora|16/100
|-damage|p1a: Mystic|31/100 psn|[from] item: Rocky Helmet|[of] p2a: Glimmora
|-activate|p2a: Glimmora|ability: Toxic Debris
|-sidestart|p1: notmeezo|move: Toxic Spikes
|
|t:|1758945020
|switch|p1a: Shield|Zamazenta|100/100|[from] U-turn
|-damage|p1a: Shield|94/100|[from] Stealth Rock
|-status|p1a: Shield|tox
|-ability|p1a: Shield|Dauntless Shield|boost
|-boost|p1a: Shield|def|1
|
|-damage|p1a: Shield|88/100 tox|[from] psn
|upkeep
|turn|20
|
|t:|1758945026
|move|p1a: Shield|Ice Fang|p2a: Glimmora
|-damage|p2a: Glimmora|0 fnt
|-damage|p1a: Shield|72/100 tox|[from] item: Rocky Helmet|[of] p2a: Glimmora
|faint|p2a: Glimmora
|
|-damage|p1a: Shield|60/100 tox|[from] psn
|upkeep
|
|t:|1758945033
|switch|p2a: Ting-Lu|Ting-Lu|72/100
|-ability|p2a: Ting-Lu|Vessel of Ruin
|turn|21
|
|t:|1758945037
|move|p1a: Shield|Body Press|p2a: Ting-Lu
|-supereffective|p2a: Ting-Lu
|-damage|p2a: Ting-Lu|22/100
|move|p2a: Ting-Lu|Earthquake|p1a: Shield
|-damage|p1a: Shield|41/100 tox
|
|-damage|p1a: Shield|23/100 tox|[from] psn
|upkeep
|-enditem|p1a: Shield|Aguav Berry|[eat]
|-heal|p1a: Shield|56/100 tox|[from] item: Aguav Berry
|turn|22
|
|t:|1758945040
|switch|p2a: Gholdengo|Gholdengo|100/100
|-item|p2a: Gholdengo|Air Balloon
|move|p1a: Shield|Ice Fang|p2a: Gholdengo
|-resisted|p2a: Gholdengo
|-damage|p2a: Gholdengo|91/100
|-status|p2a: Gholdengo|frz
|-enditem|p2a: Gholdengo|Air Balloon
|
|-damage|p1a: Shield|32/100 tox|[from] psn
|upkeep
|turn|23
|
|t:|1758945048
|switch|p1a: Telkom|Rotom-Heat|51/100
|-damage|p1a: Telkom|26/100|[from] Stealth Rock
|cant|p2a: Gholdengo|frz
|
|upkeep
|turn|24
|
|t:|1758945064
|move|p1a: Telkom|Overheat|p2a: Gholdengo
|-supereffective|p2a: Gholdengo
|-damage|p2a: Gholdengo|0 fnt
|-unboost|p1a: Telkom|spa|2
|faint|p2a: Gholdengo
|
|upkeep
|
|t:|1758945066
|switch|p2a: Dragonite|Dragonite, F|100/100
|turn|25
|
|t:|1758945075
|switch|p1a: Shield|Zamazenta|32/100 tox
|-damage|p1a: Shield|26/100 tox|[from] Stealth Rock
|move|p2a: Dragonite|Dragon Dance|p2a: Dragonite
|-boost|p2a: Dragonite|atk|1
|-boost|p2a: Dragonite|spe|1
|
|-damage|p1a: Shield|20/100 tox|[from] psn
|upkeep
|turn|26
|
|t:|1758945082
|-terastallize|p2a: Dragonite|Normal
|move|p2a: Dragonite|Extreme Speed|p1a: Shield
|-crit|p1a: Shield
|-damage|p1a: Shield|0 fnt
|faint|p1a: Shield
|
|upkeep
|
|t:|1758945090
|switch|p1a: Fuzzy|Serperior, M, tera:Electric|58/100
|-damage|p1a: Fuzzy|46/100|[from] Stealth Rock
|-status|p1a: Fuzzy|tox
|turn|27
|
|t:|1758945092
|move|p2a: Dragonite|Extreme Speed|p1a: Fuzzy
|-damage|p1a: Fuzzy|0 fnt
|faint|p1a: Fuzzy
|
|upkeep
|-message|notmeezo forfeited.
|
|win|slngularlty
|raw|notmeezo's rating: 1368 &rarr; <strong>1349</strong><br />(-19 for losing)
|raw|slngularlty's rating: 1389 &rarr; <strong>1408</strong><br />(+19 for winning)
|l|☆notmeezo
|player|p1|
