|j|☆NOOOOMOO
|j|☆illuminAuthor
|t:|1759027504
|gametype|singles
|player|p1|NOOOOMOO|lenora|1315
|player|p2|illuminAuthor|cynthia-gen4|1386
|gen|9
|tier|[Gen 9] OU
|rated|
|rule|HP Percentage Mod: HP is shown in percentages
|rule|Endless Battle Clause: Forcing endless battles is banned
|rule|Species Clause: Limit one of each Pokémon
|rule|OHKO Clause: OHKO moves are banned
|rule|Evasion Items Clause: Evasion items are banned
|rule|Evasion Moves Clause: Evasion moves are banned
|rule|Evasion Abilities Clause: Evasion abilities are banned
|rule|Sleep Moves Clause: Sleep-inducing moves are banned
|clearpoke
|poke|p1|Froslass, F|
|poke|p1|Garganacl, F|
|poke|p1|Glimmora, F|
|poke|p1|Dudunsparce-*, F|
|poke|p1|Dragonite, F|
|poke|p1|Iron Hands|
|poke|p2|Dondozo, M|
|poke|p2|Wo-Chien|
|poke|p2|Comfey, F|
|poke|p2|Ceruledge, M|
|poke|p2|Blissey, F|
|poke|p2|Landorus-Therian, M|
|teampreview
|inactive|Battle timer is ON: inactive players will automatically lose when time's up. (requested by NOOOOMOO)
|
|t:|1759027510
|teamsize|p1|6
|teamsize|p2|6
|start
|switch|p1a: Glimmora|Glimmora, F|100/100
|switch|p2a: Landorus|Landorus-Therian, M, shiny|100/100
|-ability|p2a: Landorus|Intimidate|boost
|-unboost|p1a: Glimmora|atk|1
|-item|p1a: Glimmora|Air Balloon
|turn|1
|
|t:|1759027523
|move|p2a: Landorus|Rock Slide|p1a: Glimmora
|-damage|p1a: Glimmora|78/100
|-activate|p1a: Glimmora|ability: Toxic Debris
|-sidestart|p2: illuminAuthor|move: Toxic Spikes
|-enditem|p1a: Glimmora|Air Balloon
|cant|p1a: Glimmora|flinch
|
|upkeep
|turn|2
|
|t:|1759027532
|move|p2a: Landorus|Earthquake|p1a: Glimmora
|-supereffective|p1a: Glimmora
|-damage|p1a: Glimmora|0 fnt
|-activate|p1a: Glimmora|ability: Toxic Debris
|-sidestart|p2: illuminAuthor|move: Toxic Spikes
|faint|p1a: Glimmora
|
|upkeep
|
|t:|1759027539
|switch|p1a: Froslass|Froslass, F|100/100
|turn|3
|
|t:|1759027550
|move|p1a: Froslass|Poltergeist|p2a: Landorus
|-activate|p2a: Landorus|move: Poltergeist|Assault Vest
|-damage|p2a: Landorus|50/100
|move|p2a: Landorus|Rock Slide|p1a: Froslass
|-supereffective|p1a: Froslass
|-damage|p1a: Froslass|4/100
|-start|p2a: Landorus|Disable|Rock Slide|[from] ability: Cursed Body|[of] p1a: Froslass
|
|upkeep
|turn|4
|
|t:|1759027561
|switch|p2a: Blissey|Blissey, F, shiny|100/100
|-status|p2a: Blissey|tox
|move|p1a: Froslass|Triple Axel|p2a: Blissey
|-damage|p2a: Blissey|94/100 tox
|-damage|p2a: Blissey|81/100 tox
|-damage|p2a: Blissey|60/100 tox
|-hitcount|p2a: Blissey|3
|
|-heal|p2a: Blissey|66/100 tox|[from] item: Leftovers
|-damage|p2a: Blissey|60/100 tox|[from] psn
|upkeep
|turn|5
|
|t:|1759027575
|move|p1a: Froslass|Taunt|p2a: Blissey
|-start|p2a: Blissey|move: Taunt
|cant|p2a: Blissey|move: Taunt|Thunder Wave
|
|-heal|p2a: Blissey|66/100 tox|[from] item: Leftovers
|-damage|p2a: Blissey|53/100 tox|[from] psn
|upkeep
|turn|6
|
|t:|1759027586
|-curestatus|p2a: Blissey|tox|[from] ability: Natural Cure
|switch|p2a: Comfey|Comfey, F, shiny|100/100
|-status|p2a: Comfey|tox
|move|p1a: Froslass|Triple Axel|p2a: Comfey
|-damage|p2a: Comfey|94/100 tox
|-damage|p2a: Comfey|80/100 tox
|-damage|p2a: Comfey|60/100 tox
|-hitcount|p2a: Comfey|3
|
|-heal|p2a: Comfey|66/100 tox|[from] item: Leftovers
|-damage|p2a: Comfey|60/100 tox|[from] psn
|upkeep
|turn|7
|
|t:|1759027601
|move|p2a: Comfey|Draining Kiss|p1a: Froslass
|-damage|p1a: Froslass|0 fnt
|-heal|p2a: Comfey|62/100 tox|[from] drain|[of] p1a: Froslass
|faint|p1a: Froslass
|
|-heal|p2a: Comfey|68/100 tox|[from] item: Leftovers
|-damage|p2a: Comfey|56/100 tox|[from] psn
|upkeep
|
|t:|1759027612
|switch|p1a: Dudunsparce|Dudunsparce-Three-Segment, F|100/100
|turn|8
|
|t:|1759027616
|move|p2a: Comfey|Leech Seed|p1a: Dudunsparce
|-start|p1a: Dudunsparce|move: Leech Seed
|move|p1a: Dudunsparce|Headbutt|p2a: Comfey
|-crit|p2a: Comfey
|-damage|p2a: Comfey|20/100 tox
|
|-heal|p2a: Comfey|26/100 tox|[from] item: Leftovers
|-damage|p1a: Dudunsparce|88/100|[from] Leech Seed|[of] p2a: Comfey
|-heal|p2a: Comfey|44/100 tox|[silent]
|-damage|p2a: Comfey|26/100 tox|[from] psn
|upkeep
|turn|9
|
|t:|1759027626
|move|p2a: Comfey|Synthesis|p2a: Comfey
|-heal|p2a: Comfey|76/100 tox
|move|p1a: Dudunsparce|Roost|p1a: Dudunsparce
|-heal|p1a: Dudunsparce|100/100
|-singleturn|p1a: Dudunsparce|move: Roost
|
|-heal|p2a: Comfey|82/100 tox|[from] item: Leftovers
|-damage|p1a: Dudunsparce|88/100|[from] Leech Seed|[of] p2a: Comfey
|-heal|p2a: Comfey|99/100 tox|[silent]
|-damage|p2a: Comfey|75/100 tox|[from] psn
|upkeep
|turn|10
|
|t:|1759027637
|switch|p2a: Blissey|Blissey, F, shiny|53/100
|-status|p2a: Blissey|tox
|move|p1a: Dudunsparce|Headbutt|p2a: Blissey
|-damage|p2a: Blissey|30/100 tox
|
|-heal|p1a: Dudunsparce|94/100|[from] item: Leftovers
|-heal|p2a: Blissey|36/100 tox|[from] item: Leftovers
|-damage|p1a: Dudunsparce|82/100|[from] Leech Seed|[of] p2a: Blissey
|-heal|p2a: Blissey|44/100 tox|[silent]
|-damage|p2a: Blissey|38/100 tox|[from] psn
|upkeep
|turn|11
|
|t:|1759027649
|move|p1a: Dudunsparce|Headbutt|p2a: Blissey
|-damage|p2a: Blissey|12/100 tox
|cant|p2a: Blissey|flinch
|
|-heal|p2a: Blissey|18/100 tox|[from] item: Leftovers
|-heal|p1a: Dudunsparce|88/100|[from] item: Leftovers
|-damage|p1a: Dudunsparce|76/100|[from] Leech Seed|[of] p2a: Blissey
|-heal|p2a: Blissey|26/100 tox|[silent]
|-damage|p2a: Blissey|13/100 tox|[from] psn
|upkeep
|turn|12
|
|t:|1759027659
|move|p1a: Dudunsparce|Headbutt|p2a: Blissey
|-damage|p2a: Blissey|0 fnt
|faint|p2a: Blissey
|
|-heal|p1a: Dudunsparce|82/100|[from] item: Leftovers
|upkeep
|
|t:|1759027674
|switch|p2a: Ceruledge|Ceruledge, M, shiny|100/100
|turn|13
|
|t:|1759027682
|move|p2a: Ceruledge|Substitute|p2a: Ceruledge
|-start|p2a: Ceruledge|Substitute
|-damage|p2a: Ceruledge|76/100
|move|p1a: Dudunsparce|Rock Slide|p2a: Ceruledge
|-supereffective|p2a: Ceruledge
|-end|p2a: Ceruledge|Substitute
|
|-heal|p1a: Dudunsparce|88/100|[from] item: Leftovers
|-damage|p1a: Dudunsparce|76/100|[from] Leech Seed|[of] p2a: Ceruledge
|-heal|p2a: Ceruledge|91/100|[silent]
|upkeep
|turn|14
|
|t:|1759027697
|move|p2a: Ceruledge|Bitter Blade|p1a: Dudunsparce
|-damage|p1a: Dudunsparce|34/100
|-heal|p2a: Ceruledge|100/100|[from] drain|[of] p1a: Dudunsparce
|move|p1a: Dudunsparce|Rock Slide|p2a: Ceruledge
|-supereffective|p2a: Ceruledge
|-damage|p2a: Ceruledge|51/100
|
|-heal|p1a: Dudunsparce|40/100|[from] item: Leftovers
|-damage|p1a: Dudunsparce|28/100|[from] Leech Seed|[of] p2a: Ceruledge
|-heal|p2a: Ceruledge|67/100|[silent]
|upkeep
|turn|15
|
|t:|1759027710
|move|p2a: Ceruledge|Substitute|p2a: Ceruledge
|-start|p2a: Ceruledge|Substitute
|-damage|p2a: Ceruledge|42/100
|move|p1a: Dudunsparce|Roost|p1a: Dudunsparce
|-heal|p1a: Dudunsparce|78/100
|-singleturn|p1a: Dudunsparce|move: Roost
|
|-heal|p1a: Dudunsparce|84/100|[from] item: Leftovers
|-damage|p1a: Dudunsparce|72/100|[from] Leech Seed|[of] p2a: Ceruledge
|-heal|p2a: Ceruledge|58/100|[silent]
|upkeep
|turn|16
|
|t:|1759027720
|move|p2a: Ceruledge|Swords Dance|p2a: Ceruledge
|-boost|p2a: Ceruledge|atk|2
|move|p1a: Dudunsparce|Rock Slide|p2a: Ceruledge
|-supereffective|p2a: Ceruledge
|-end|p2a: Ceruledge|Substitute
|
|-heal|p1a: Dudunsparce|78/100|[from] item: Leftovers
|-damage|p1a: Dudunsparce|66/100|[from] Leech Seed|[of] p2a: Ceruledge
|-heal|p2a: Ceruledge|74/100|[silent]
|upkeep
|turn|17
|
|t:|1759027731
|move|p2a: Ceruledge|Bitter Blade|p1a: Dudunsparce
|-damage|p1a: Dudunsparce|0 fnt
|-heal|p2a: Ceruledge|100/100|[from] drain|[of] p1a: Dudunsparce
|faint|p1a: Dudunsparce
|
|upkeep
|
|t:|1759027741
|switch|p1a: Dragonite|Dragonite, F|100/100
|turn|18
|
|t:|1759027746
|move|p2a: Ceruledge|Shadow Sneak|p1a: Dragonite
|-damage|p1a: Dragonite|77/100
|move|p1a: Dragonite|Earthquake|p2a: Ceruledge
|-supereffective|p2a: Ceruledge
|-damage|p2a: Ceruledge|10/100
|
|upkeep
|turn|19
|
|t:|1759027753
|move|p2a: Ceruledge|Shadow Sneak|p1a: Dragonite
|-damage|p1a: Dragonite|26/100
|move|p1a: Dragonite|Ice Spinner|p2a: Ceruledge
|-resisted|p2a: Ceruledge
|-damage|p2a: Ceruledge|0 fnt
|faint|p2a: Ceruledge
|
|upkeep
|
|t:|1759027763
|switch|p2a: Comfey|Comfey, F, shiny|75/100 tox
|turn|20
|
|t:|1759027768
|move|p2a: Comfey|Draining Kiss|p1a: Dragonite
|-supereffective|p1a: Dragonite
|-damage|p1a: Dragonite|4/100
|-heal|p2a: Comfey|93/100 tox|[from] drain|[of] p1a: Dragonite
|move|p1a: Dragonite|Earthquake|p2a: Comfey
|-damage|p2a: Comfey|61/100 tox
|
|-heal|p2a: Comfey|67/100 tox|[from] item: Leftovers
|-damage|p2a: Comfey|61/100 tox|[from] psn
|upkeep
|turn|21
|
|t:|1759027779
|move|p2a: Comfey|Draining Kiss|p1a: Dragonite
|-supereffective|p1a: Dragonite
|-crit|p1a: Dragonite
|-damage|p1a: Dragonite|0 fnt
|-heal|p2a: Comfey|63/100 tox|[from] drain|[of] p1a: Dragonite
|faint|p1a: Dragonite
|
|-heal|p2a: Comfey|69/100 tox|[from] item: Leftovers
|-damage|p2a: Comfey|57/100 tox|[from] psn
|upkeep
|
|t:|1759027786
|switch|p1a: Garganacl|Garganacl, F|100/100
|turn|22
|
|t:|1759027792
|move|p2a: Comfey|Leech Seed|p1a: Garganacl
|-start|p1a: Garganacl|move: Leech Seed
|move|p1a: Garganacl|Substitute|p1a: Garganacl
|-start|p1a: Garganacl|Substitute
|-damage|p1a: Garganacl|75/100
|
|-heal|p2a: Comfey|63/100 tox|[from] item: Leftovers
|-heal|p1a: Garganacl|82/100|[from] item: Leftovers
|-damage|p1a: Garganacl|69/100|[from] Leech Seed|[of] p2a: Comfey
|-heal|p2a: Comfey|80/100 tox|[silent]
|-damage|p2a: Comfey|61/100 tox|[from] psn
|upkeep
|turn|23
|
|t:|1759027805
|move|p2a: Comfey|Synthesis|p2a: Comfey
|-heal|p2a: Comfey|100/100 tox
|move|p1a: Garganacl|Salt Cure|p2a: Comfey
|-damage|p2a: Comfey|88/100 tox
|-start|p2a: Comfey|Salt Cure
|
|-heal|p2a: Comfey|95/100 tox|[from] item: Leftovers
|-heal|p1a: Garganacl|75/100|[from] item: Leftovers
|-damage|p1a: Garganacl|63/100|[from] Leech Seed|[of] p2a: Comfey
|-heal|p2a: Comfey|100/100 tox|[silent]
|-damage|p2a: Comfey|76/100 tox|[from] psn
|-damage|p2a: Comfey|63/100 tox|[from] Salt Cure
|upkeep
|turn|24
|
|t:|1759027822
|switch|p2a: Landorus|Landorus-Therian, M, shiny|50/100
|-ability|p2a: Landorus|Intimidate|boost
|-immune|p1a: Garganacl
|move|p1a: Garganacl|Recover|p1a: Garganacl
|-heal|p1a: Garganacl|100/100
|
|-damage|p1a: Garganacl|88/100|[from] Leech Seed|[of] p2a: Landorus
|-heal|p2a: Landorus|65/100|[silent]
|upkeep
|turn|25
|
|t:|1759027835
|-terastallize|p1a: Garganacl|Ghost
|move|p2a: Landorus|Earthquake|p1a: Garganacl
|-end|p1a: Garganacl|Substitute
|move|p1a: Garganacl|Salt Cure|p2a: Landorus
|-damage|p2a: Landorus|50/100
|-start|p2a: Landorus|Salt Cure
|
|-heal|p1a: Garganacl|94/100|[from] item: Leftovers
|-damage|p1a: Garganacl|82/100|[from] Leech Seed|[of] p2a: Landorus
|-heal|p2a: Landorus|66/100|[silent]
|-damage|p2a: Landorus|53/100|[from] Salt Cure
|upkeep
|turn|26
|
|t:|1759027854
|move|p2a: Landorus|U-turn|p1a: Garganacl
|-resisted|p1a: Garganacl
|-damage|p1a: Garganacl|75/100
|
|t:|1759027859
|switch|p2a: Wo-Chien|Wo-Chien, shiny|100/100|[from] U-turn
|-status|p2a: Wo-Chien|tox
|-ability|p2a: Wo-Chien|Tablets of Ruin
|move|p1a: Garganacl|Salt Cure|p2a: Wo-Chien
|-damage|p2a: Wo-Chien|93/100 tox
|-start|p2a: Wo-Chien|Salt Cure
|
|-heal|p2a: Wo-Chien|99/100 tox|[from] item: Leftovers
|-heal|p1a: Garganacl|81/100|[from] item: Leftovers
|-damage|p1a: Garganacl|68/100|[from] Leech Seed|[of] p2a: Wo-Chien
|-heal|p2a: Wo-Chien|100/100 tox|[silent]
|-damage|p2a: Wo-Chien|94/100 tox|[from] psn
|-damage|p2a: Wo-Chien|82/100 tox|[from] Salt Cure
|upkeep
|turn|27
|
|t:|1759027876
|switch|p1a: Iron Hands|Iron Hands|100/100
|-enditem|p1a: Iron Hands|Booster Energy
|-activate|p1a: Iron Hands|ability: Quark Drive|[fromitem]
|-start|p1a: Iron Hands|quarkdriveatk
|move|p2a: Wo-Chien|Knock Off|p1a: Iron Hands
|-resisted|p1a: Iron Hands
|-damage|p1a: Iron Hands|95/100
|
|-heal|p2a: Wo-Chien|88/100 tox|[from] item: Leftovers
|-damage|p2a: Wo-Chien|76/100 tox|[from] psn
|-damage|p2a: Wo-Chien|64/100 tox|[from] Salt Cure
|upkeep
|turn|28
|
|t:|1759027890
|switch|p2a: Landorus|Landorus-Therian, M, shiny|53/100
|-ability|p2a: Landorus|Intimidate|boost
|-unboost|p1a: Iron Hands|atk|1
|move|p1a: Iron Hands|Drain Punch|p2a: Landorus
|-resisted|p2a: Landorus
|-damage|p2a: Landorus|30/100
|-heal|p1a: Iron Hands|100/100|[from] drain|[of] p2a: Landorus
|
|upkeep
|turn|29
|
|t:|1759027900
|move|p2a: Landorus|Earthquake|p1a: Iron Hands
|-supereffective|p1a: Iron Hands
|-damage|p1a: Iron Hands|26/100
|move|p1a: Iron Hands|Ice Punch|p2a: Landorus
|-supereffective|p2a: Landorus
|-damage|p2a: Landorus|0 fnt
|faint|p2a: Landorus
|
|upkeep
|
|t:|1759027910
|switch|p2a: Comfey|Comfey, F, shiny|63/100 tox
|turn|30
|
|t:|1759027913
|move|p2a: Comfey|Draining Kiss|p1a: Iron Hands
|-supereffective|p1a: Iron Hands
|-damage|p1a: Iron Hands|1/100
|-heal|p2a: Comfey|95/100 tox|[from] drain|[of] p1a: Iron Hands
|move|p1a: Iron Hands|Thunder Punch|p2a: Comfey
|-damage|p2a: Comfey|61/100 tox
|
|-heal|p2a: Comfey|67/100 tox|[from] item: Leftovers
|-damage|p2a: Comfey|61/100 tox|[from] psn
|upkeep
|turn|31
|
|t:|1759027924
|move|p2a: Comfey|Draining Kiss|p1a: Iron Hands
|-supereffective|p1a: Iron Hands
|-damage|p1a: Iron Hands|0 fnt
|-heal|p2a: Comfey|61/100 tox|[from] drain|[of] p1a: Iron Hands
|faint|p1a: Iron Hands
|-end|p1a: Iron Hands|Quark Drive|[silent]
|
|-heal|p2a: Comfey|67/100 tox|[from] item: Leftovers
|-damage|p2a: Comfey|55/100 tox|[from] psn
|upkeep
|
|t:|1759027927
|switch|p1a: Garganacl|Garganacl, F, tera:Ghost|68/100
|turn|32
|
|t:|1759027937
|move|p2a: Comfey|Leech Seed|p1a: Garganacl
|-start|p1a: Garganacl|move: Leech Seed
|move|p1a: Garganacl|Salt Cure|p2a: Comfey
|-damage|p2a: Comfey|42/100 tox
|-start|p2a: Comfey|Salt Cure
|
|-heal|p2a: Comfey|49/100 tox|[from] item: Leftovers
|-heal|p1a: Garganacl|75/100|[from] item: Leftovers
|-damage|p1a: Garganacl|62/100|[from] Leech Seed|[of] p2a: Comfey
|-heal|p2a: Comfey|65/100 tox|[silent]
|-damage|p2a: Comfey|46/100 tox|[from] psn
|-damage|p2a: Comfey|34/100 tox|[from] Salt Cure
|upkeep
|turn|33
|
|t:|1759027950
|move|p2a: Comfey|Synthesis|p2a: Comfey
|-heal|p2a: Comfey|84/100 tox
|move|p1a: Garganacl|Substitute|p1a: Garganacl
|-start|p1a: Garganacl|Substitute
|-damage|p1a: Garganacl|37/100
|
|-heal|p2a: Comfey|90/100 tox|[from] item: Leftovers
|-heal|p1a: Garganacl|43/100|[from] item: Leftovers
|-damage|p1a: Garganacl|31/100|[from] Leech Seed|[of] p2a: Comfey
|-heal|p2a: Comfey|100/100 tox|[silent]
|-damage|p2a: Comfey|76/100 tox|[from] psn
|-damage|p2a: Comfey|63/100 tox|[from] Salt Cure
|upkeep
|turn|34
|
|t:|1759027964
|move|p2a: Comfey|Giga Drain|p1a: Garganacl
|-activate|p1a: Garganacl|move: Substitute|[damage]
|-heal|p2a: Comfey|73/100 tox|[from] drain|[of] p1a: Garganacl
|move|p1a: Garganacl|Recover|p1a: Garganacl
|-heal|p1a: Garganacl|81/100
|
|-heal|p2a: Comfey|79/100 tox|[from] item: Leftovers
|-heal|p1a: Garganacl|87/100|[from] item: Leftovers
|-damage|p1a: Garganacl|75/100|[from] Leech Seed|[of] p2a: Comfey
|-heal|p2a: Comfey|95/100 tox|[silent]
|-damage|p2a: Comfey|64/100 tox|[from] psn
|-damage|p2a: Comfey|52/100 tox|[from] Salt Cure
|upkeep
|turn|35
|
|t:|1759027982
|switch|p2a: Wo-Chien|Wo-Chien, shiny|64/100 tox
|-ability|p2a: Wo-Chien|Tablets of Ruin
|move|p1a: Garganacl|Protect||[still]
|-fail|p1a: Garganacl
|
|-heal|p2a: Wo-Chien|70/100 tox|[from] item: Leftovers
|-heal|p1a: Garganacl|81/100|[from] item: Leftovers
|-damage|p1a: Garganacl|69/100|[from] Leech Seed|[of] p2a: Wo-Chien
|-heal|p2a: Wo-Chien|83/100 tox|[silent]
|-damage|p2a: Wo-Chien|77/100 tox|[from] psn
|upkeep
|turn|36
|
|t:|1759027998
|move|p2a: Wo-Chien|Knock Off|p1a: Garganacl
|-supereffective|p1a: Garganacl
|-end|p1a: Garganacl|Substitute
|move|p1a: Garganacl|Salt Cure|p2a: Wo-Chien
|-damage|p2a: Wo-Chien|70/100 tox
|-start|p2a: Wo-Chien|Salt Cure
|
|-heal|p2a: Wo-Chien|76/100 tox|[from] item: Leftovers
|-heal|p1a: Garganacl|75/100|[from] item: Leftovers
|-damage|p1a: Garganacl|62/100|[from] Leech Seed|[of] p2a: Wo-Chien
|-heal|p2a: Wo-Chien|89/100 tox|[silent]
|-damage|p2a: Wo-Chien|77/100 tox|[from] psn
|-damage|p2a: Wo-Chien|65/100 tox|[from] Salt Cure
|upkeep
|turn|37
|
|t:|1759028011
|move|p1a: Garganacl|Protect|p1a: Garganacl
|-singleturn|p1a: Garganacl|Protect
|move|p2a: Wo-Chien|Knock Off|p1a: Garganacl
|-activate|p1a: Garganacl|move: Protect
|
|-heal|p2a: Wo-Chien|71/100 tox|[from] item: Leftovers
|-heal|p1a: Garganacl|69/100|[from] item: Leftovers
|-damage|p1a: Garganacl|56/100|[from] Leech Seed|[of] p2a: Wo-Chien
|-heal|p2a: Wo-Chien|84/100 tox|[silent]
|-damage|p2a: Wo-Chien|66/100 tox|[from] psn
|-damage|p2a: Wo-Chien|53/100 tox|[from] Salt Cure
|upkeep
|turn|38
|
|t:|1759028027
|move|p2a: Wo-Chien|Knock Off|p1a: Garganacl
|-supereffective|p1a: Garganacl
|-damage|p1a: Garganacl|25/100
|-enditem|p1a: Garganacl|Leftovers|[from] move: Knock Off|[of] p2a: Wo-Chien
|move|p1a: Garganacl|Substitute|p1a: Garganacl
|-fail|p1a: Garganacl|move: Substitute|[weak]
|
|-heal|p2a: Wo-Chien|60/100 tox|[from] item: Leftovers
|-damage|p1a: Garganacl|12/100|[from] Leech Seed|[of] p2a: Wo-Chien
|-heal|p2a: Wo-Chien|73/100 tox|[silent]
|-damage|p2a: Wo-Chien|48/100 tox|[from] psn
|-damage|p2a: Wo-Chien|36/100 tox|[from] Salt Cure
|upkeep
|turn|39
|
|t:|1759028041
|move|p1a: Garganacl|Protect|p1a: Garganacl
|-singleturn|p1a: Garganacl|Protect
|move|p2a: Wo-Chien|Knock Off|p1a: Garganacl
|-activate|p1a: Garganacl|move: Protect
|
|-heal|p2a: Wo-Chien|42/100 tox|[from] item: Leftovers
|-damage|p1a: Garganacl|0 fnt|[from] Leech Seed|[of] p2a: Wo-Chien
|-heal|p2a: Wo-Chien|55/100 tox|[silent]
|faint|p1a: Garganacl
|
|win|illuminAuthor
|raw|NOOOOMOO's rating: 1315 &rarr; <strong>1299</strong><br />(-16 for losing)
|raw|illuminAuthor's rating: 1386 &rarr; <strong>1402</strong><br />(+16 for winning)
|l|☆NOOOOMOO
|player|p1|
|l|☆illuminAuthor
|player|p2|
