|j|☆Avl2121
|j|☆gobblebot88
|t:|1759032533
|gametype|singles
|player|p1|Avl2121|dragontamer|1222
|player|p2|gobblebot88|brock|1256
|gen|9
|tier|[Gen 9] OU
|rated|
|rule|HP Percentage Mod: HP is shown in percentages
|rule|Endless Battle Clause: Forcing endless battles is banned
|rule|Species Clause: Limit one of each Pokémon
|rule|OHKO Clause: OHKO moves are banned
|rule|Evasion Items Clause: Evasion items are banned
|rule|Evasion Moves Clause: Evasion moves are banned
|rule|Evasion Abilities Clause: Evasion abilities are banned
|rule|Sleep Moves Clause: Sleep-inducing moves are banned
|clearpoke
|poke|p1|Dragapult, M|
|poke|p1|Quaquaval, F|
|poke|p1|Garganacl, M|
|poke|p1|Revavroom, F|
|poke|p1|Garchomp, F|
|poke|p1|Frosmoth, F|
|poke|p2|Serperior, F|
|poke|p2|Glimmora, F|
|poke|p2|Scizor, F|
|poke|p2|Ursaluna, M|
|poke|p2|Kyurem|
|poke|p2|Ceruledge, M|
|teampreview
|inactive|Battle timer is ON: inactive players will automatically lose when time's up. (requested by gobblebot88)
|
|t:|1759032547
|teamsize|p1|6
|teamsize|p2|6
|start
|switch|p1a: Garchomp|Garchomp, F|100/100
|switch|p2a: Kaido|Kyurem|100/100
|-ability|p2a: Kaido|Pressure
|turn|1
|
|t:|1759032562
|move|p1a: Garchomp|Scale Shot|p2a: Kaido|[miss]
|-miss|p1a: Garchomp|p2a: Kaido
|move|p2a: Kaido|Draco Meteor|p1a: Garchomp
|-supereffective|p1a: Garchomp
|-damage|p1a: Garchomp|0 fnt
|-unboost|p2a: Kaido|spa|2
|faint|p1a: Garchomp
|
|upkeep
|
|t:|1759032568
|switch|p1a: Revavroom|Revavroom, F|100/100
|-item|p1a: Revavroom|Air Balloon
|turn|2
|
|t:|1759032572
|move|p2a: Kaido|Earth Power|p1a: Revavroom
|-immune|p1a: Revavroom
|move|p1a: Revavroom|Shift Gear|p1a: Revavroom
|-boost|p1a: Revavroom|spe|2
|-boost|p1a: Revavroom|atk|1
|
|upkeep
|turn|3
|
|t:|1759032587
|move|p1a: Revavroom|Iron Head|p2a: Kaido
|-supereffective|p2a: Kaido
|-damage|p2a: Kaido|0 fnt
|faint|p2a: Kaido
|
|upkeep
|
|t:|1759032592
|switch|p2a: Kuma|Ursaluna, M, shiny|100/100
|turn|4
|
|t:|1759032596
|move|p1a: Revavroom|Poison Jab|p2a: Kuma
|-resisted|p2a: Kuma
|-damage|p2a: Kuma|72/100
|move|p2a: Kuma|Facade|p1a: Revavroom
|-resisted|p1a: Revavroom
|-damage|p1a: Revavroom|75/100
|-enditem|p1a: Revavroom|Air Balloon
|
|-status|p2a: Kuma|brn|[from] item: Flame Orb
|upkeep
|turn|5
|
|t:|1759032605
|move|p1a: Revavroom|Iron Head|p2a: Kuma
|-damage|p2a: Kuma|19/100 brn
|move|p2a: Kuma|Earthquake|p1a: Revavroom
|-supereffective|p1a: Revavroom
|-damage|p1a: Revavroom|0 fnt
|faint|p1a: Revavroom
|
|-damage|p2a: Kuma|13/100 brn|[from] brn
|upkeep
|
|t:|1759032611
|switch|p1a: Frosmoth|Frosmoth, F|100/100
|turn|6
|
|t:|1759032620
|move|p1a: Frosmoth|Ice Beam|p2a: Kuma
|-supereffective|p2a: Kuma
|-damage|p2a: Kuma|0 fnt
|faint|p2a: Kuma
|
|upkeep
|
|t:|1759032623
|switch|p2a: Magellan|Glimmora, F, shiny|100/100
|turn|7
|
|t:|1759032630
|move|p2a: Magellan|Stealth Rock|p1a: Frosmoth
|-sidestart|p1: Avl2121|move: Stealth Rock
|move|p1a: Frosmoth|Quiver Dance|p1a: Frosmoth
|-boost|p1a: Frosmoth|spa|1
|-boost|p1a: Frosmoth|spd|1
|-boost|p1a: Frosmoth|spe|1
|
|upkeep
|turn|8
|
|t:|1759032636
|move|p1a: Frosmoth|Ice Beam|p2a: Magellan
|-enditem|p2a: Magellan|Focus Sash
|-damage|p2a: Magellan|1/100
|move|p2a: Magellan|Power Gem|p1a: Frosmoth
|-supereffective|p1a: Frosmoth
|-damage|p1a: Frosmoth|28/100
|
|upkeep
|turn|9
|
|t:|1759032643
|move|p1a: Frosmoth|Ice Beam|p2a: Magellan
|-damage|p2a: Magellan|0 fnt
|faint|p2a: Magellan
|
|upkeep
|
|t:|1759032648
|switch|p2a: Kidd|Scizor, F, shiny|100/100
|turn|10
|
|t:|1759032653
|move|p2a: Kidd|Bullet Punch|p1a: Frosmoth
|-supereffective|p1a: Frosmoth
|-damage|p1a: Frosmoth|0 fnt
|faint|p1a: Frosmoth
|-damage|p2a: Kidd|91/100|[from] item: Life Orb
|
|upkeep
|
|t:|1759032656
|switch|p1a: Garganacl|Garganacl, M|100/100
|-damage|p1a: Garganacl|88/100|[from] Stealth Rock
|turn|11
|
|t:|1759032665
|move|p2a: Kidd|Close Combat|p1a: Garganacl
|-supereffective|p1a: Garganacl
|-damage|p1a: Garganacl|28/100
|-unboost|p2a: Kidd|def|1
|-unboost|p2a: Kidd|spd|1
|-damage|p2a: Kidd|81/100|[from] item: Life Orb
|move|p1a: Garganacl|Curse|p1a: Garganacl
|-unboost|p1a: Garganacl|spe|1
|-boost|p1a: Garganacl|atk|1
|-boost|p1a: Garganacl|def|1
|
|-heal|p1a: Garganacl|34/100|[from] item: Leftovers
|upkeep
|turn|12
|
|t:|1759032676
|move|p1a: Garganacl|Protect|p1a: Garganacl
|-singleturn|p1a: Garganacl|Protect
|move|p2a: Kidd|Swords Dance|p2a: Kidd
|-boost|p2a: Kidd|atk|2
|
|-heal|p1a: Garganacl|40/100|[from] item: Leftovers
|upkeep
|turn|13
|
|t:|1759032684
|-terastallize|p1a: Garganacl|Ghost
|move|p2a: Kidd|Bullet Punch|p1a: Garganacl
|-damage|p1a: Garganacl|12/100
|-damage|p2a: Kidd|71/100|[from] item: Life Orb
|move|p1a: Garganacl|Recover|p1a: Garganacl
|-heal|p1a: Garganacl|62/100
|
|-heal|p1a: Garganacl|68/100|[from] item: Leftovers
|upkeep
|turn|14
|
|t:|1759032698
|move|p2a: Kidd|Swords Dance|p2a: Kidd
|-boost|p2a: Kidd|atk|2
|move|p1a: Garganacl|Salt Cure|p2a: Kidd
|-damage|p2a: Kidd|38/100
|-start|p2a: Kidd|Salt Cure
|
|-heal|p1a: Garganacl|74/100|[from] item: Leftovers
|-damage|p2a: Kidd|14/100|[from] Salt Cure
|upkeep
|turn|15
|
|t:|1759032702
|move|p1a: Garganacl|Protect|p1a: Garganacl
|-singleturn|p1a: Garganacl|Protect
|move|p2a: Kidd|Swords Dance|p2a: Kidd
|-boost|p2a: Kidd|atk|2
|
|-heal|p1a: Garganacl|80/100|[from] item: Leftovers
|-damage|p2a: Kidd|0 fnt|[from] Salt Cure
|faint|p2a: Kidd
|upkeep
|
|t:|1759032707
|switch|p2a: Zoro|Ceruledge, M, shiny|100/100
|turn|16
|
|t:|1759032715
|-terastallize|p2a: Zoro|Ghost
|move|p2a: Zoro|Swords Dance|p2a: Zoro
|-boost|p2a: Zoro|atk|2
|move|p1a: Garganacl|Salt Cure|p2a: Zoro
|-damage|p2a: Zoro|70/100
|-start|p2a: Zoro|Salt Cure
|-ability|p2a: Zoro|Weak Armor|boost
|-unboost|p2a: Zoro|def|1
|-boost|p2a: Zoro|spe|2
|
|-heal|p1a: Garganacl|87/100|[from] item: Leftovers
|-damage|p2a: Zoro|58/100|[from] Salt Cure
|upkeep
|turn|17
|
|t:|1759032733
|move|p1a: Garganacl|Protect|p1a: Garganacl
|-singleturn|p1a: Garganacl|Protect
|move|p2a: Zoro|Shadow Sneak|p1a: Garganacl
|-activate|p1a: Garganacl|move: Protect
|
|-heal|p1a: Garganacl|93/100|[from] item: Leftovers
|-damage|p2a: Zoro|46/100|[from] Salt Cure
|upkeep
|turn|18
|
|t:|1759032737
|move|p2a: Zoro|Bitter Blade|p1a: Garganacl
|-damage|p1a: Garganacl|61/100
|-heal|p2a: Zoro|68/100|[from] drain|[of] p1a: Garganacl
|move|p1a: Garganacl|Recover|p1a: Garganacl
|-heal|p1a: Garganacl|100/100
|
|-damage|p2a: Zoro|55/100|[from] Salt Cure
|upkeep
|turn|19
|
|t:|1759032744
|move|p2a: Zoro|Shadow Sneak|p1a: Garganacl
|-supereffective|p1a: Garganacl
|-damage|p1a: Garganacl|83/100
|move|p1a: Garganacl|Salt Cure|p2a: Zoro
|-damage|p2a: Zoro|13/100
|-ability|p2a: Zoro|Weak Armor|boost
|-unboost|p2a: Zoro|def|1
|-boost|p2a: Zoro|spe|2
|
|-heal|p1a: Garganacl|89/100|[from] item: Leftovers
|-damage|p2a: Zoro|0 fnt|[from] Salt Cure
|faint|p2a: Zoro
|upkeep
|
|t:|1759032754
|switch|p2a: Boa|Serperior, F, shiny|100/100
|turn|20
|
|t:|1759032757
|move|p2a: Boa|Glare|p1a: Garganacl
|-immune|p1a: Garganacl|[from] ability: Purifying Salt
|move|p1a: Garganacl|Curse|p2a: Boa
|-start|p2a: Boa|Curse|[of] p1a: Garganacl
|-damage|p1a: Garganacl|39/100
|
|-heal|p1a: Garganacl|45/100|[from] item: Leftovers
|-damage|p2a: Boa|75/100|[from] Curse
|upkeep
|turn|21
|
|t:|1759032762
|move|p2a: Boa|Leech Seed|p1a: Garganacl
|-start|p1a: Garganacl|move: Leech Seed
|move|p1a: Garganacl|Recover|p1a: Garganacl
|-heal|p1a: Garganacl|95/100
|
|-heal|p2a: Boa|82/100|[from] item: Leftovers
|-heal|p1a: Garganacl|100/100|[from] item: Leftovers
|-damage|p1a: Garganacl|88/100|[from] Leech Seed|[of] p2a: Boa
|-heal|p2a: Boa|99/100|[silent]
|-damage|p2a: Boa|74/100|[from] Curse
|upkeep
|turn|22
|
|t:|1759032771
|move|p2a: Boa|Leaf Storm|p1a: Garganacl
|-damage|p1a: Garganacl|48/100
|-boost|p2a: Boa|spa|2
|move|p1a: Garganacl|Salt Cure|p2a: Boa
|-damage|p2a: Boa|50/100
|-start|p2a: Boa|Salt Cure
|
|-heal|p2a: Boa|56/100|[from] item: Leftovers
|-heal|p1a: Garganacl|54/100|[from] item: Leftovers
|-damage|p1a: Garganacl|42/100|[from] Leech Seed|[of] p2a: Boa
|-heal|p2a: Boa|73/100|[silent]
|-damage|p2a: Boa|48/100|[from] Curse
|-damage|p2a: Boa|36/100|[from] Salt Cure
|upkeep
|turn|23
|
|t:|1759032776
|switch|p1a: Dragapult|Dragapult, M|100/100
|-damage|p1a: Dragapult|88/100|[from] Stealth Rock
|move|p2a: Boa|Leaf Storm|p1a: Dragapult
|-resisted|p1a: Dragapult
|-damage|p1a: Dragapult|27/100
|-boost|p2a: Boa|spa|2
|
|-heal|p2a: Boa|42/100|[from] item: Leftovers
|-damage|p2a: Boa|17/100|[from] Curse
|-damage|p2a: Boa|5/100|[from] Salt Cure
|upkeep
|turn|24
|
|t:|1759032783
|move|p1a: Dragapult|Hex|p2a: Boa
|-damage|p2a: Boa|0 fnt
|faint|p2a: Boa
|
|win|Avl2121
|raw|Avl2121's rating: 1222 &rarr; <strong>1249</strong><br />(+27 for winning)
|raw|gobblebot88's rating: 1256 &rarr; <strong>1229</strong><br />(-27 for losing)
|l|☆gobblebot88
|player|p2|
|l|☆Avl2121
|player|p1|
