|j|☆Attackthegoat
|j|☆qiji125
|t:|1759033881
|gametype|singles
|player|p1|Attackthegoat|170|1298
|player|p2|qiji125|n|1250
|gen|9
|tier|[Gen 9] OU
|rated|
|rule|HP Percentage Mod: HP is shown in percentages
|rule|Endless Battle Clause: Forcing endless battles is banned
|rule|Species Clause: Limit one of each Pokémon
|rule|OHKO Clause: OHKO moves are banned
|rule|Evasion Items Clause: Evasion items are banned
|rule|Evasion Moves Clause: Evasion moves are banned
|rule|Evasion Abilities Clause: Evasion abilities are banned
|rule|Sleep Moves Clause: Sleep-inducing moves are banned
|clearpoke
|poke|p1|Dragonite, M|
|poke|p1|Great Tusk|
|poke|p1|Ceruledge, F|
|poke|p1|Goodra, M|
|poke|p1|Quaquaval, M|
|poke|p1|Galvantula, F|
|poke|p2|Iron Crown|
|poke|p2|Darkrai|
|poke|p2|Samurott-Hisui, F|
|poke|p2|Enamorus, F|
|poke|p2|Meowscarada, F|
|poke|p2|Alomomola, M|
|teampreview
|inactive|Battle timer is ON: inactive players will automatically lose when time's up. (requested by qiji125)
|
|t:|1759033947
|teamsize|p1|6
|teamsize|p2|6
|start
|switch|p1a: Quaquaval|Quaquaval, M|100/100
|switch|p2a: Iron Crown|Iron Crown|100/100
|turn|1
|
|t:|1759033956
|switch|p1a: Goodra|Goodra, M|100/100
|move|p2a: Iron Crown|Volt Switch|p1a: Goodra
|-resisted|p1a: Goodra
|-damage|p1a: Goodra|96/100
|
|t:|1759033965
|-end|p2a: Iron Crown|Quark Drive|[silent]
|switch|p2a: Enamorus|Enamorus, F|100/100|[from] Volt Switch
|
|upkeep
|turn|2
|
|t:|1759033994
|-terastallize|p1a: Goodra|Poison
|move|p2a: Enamorus|Moonblast|p1a: Goodra
|-resisted|p1a: Goodra
|-damage|p1a: Goodra|84/100
|move|p1a: Goodra|Sludge Wave|p2a: Enamorus
|-supereffective|p2a: Enamorus
|-damage|p2a: Enamorus|0 fnt
|faint|p2a: Enamorus
|
|upkeep
|inactive|qiji125 has 120 seconds left.
|
|t:|1759034021
|switch|p2a: Samurott|Samurott-Hisui, F|100/100
|turn|3
|inactive|Attackthegoat has 120 seconds left.
|
|t:|1759034055
|switch|p1a: Great Tusk|Great Tusk|100/100
|-enditem|p1a: Great Tusk|Booster Energy
|-activate|p1a: Great Tusk|ability: Protosynthesis|[fromitem]
|-start|p1a: Great Tusk|protosynthesisatk
|move|p2a: Samurott|Flip Turn|p1a: Great Tusk
|-supereffective|p1a: Great Tusk
|-damage|p1a: Great Tusk|68/100
|
|t:|1759034065
|switch|p2a: Darkrai|Darkrai|100/100|[from] Flip Turn
|
|upkeep
|turn|4
|inactive|Attackthegoat has 120 seconds left.
|
|t:|1759034095
|-end|p1a: Great Tusk|Protosynthesis|[silent]
|switch|p1a: Goodra|Goodra, M, tera:Poison|84/100
|move|p2a: Darkrai|Ice Beam|p1a: Goodra
|-damage|p1a: Goodra|70/100
|
|upkeep
|turn|5
|
|t:|1759034104
|switch|p2a: Alomomola|Alomomola, M|100/100
|move|p1a: Goodra|Flamethrower|p2a: Alomomola
|-resisted|p2a: Alomomola
|-damage|p2a: Alomomola|92/100
|
|upkeep
|turn|6
|
|t:|1759034115
|move|p1a: Goodra|Thunderbolt|p2a: Alomomola
|-supereffective|p2a: Alomomola
|-damage|p2a: Alomomola|56/100
|move|p2a: Alomomola|Flip Turn|p1a: Goodra
|-damage|p1a: Goodra|48/100
|-ability|p1a: Goodra|Gooey
|-unboost|p2a: Alomomola|spe|1
|
|t:|1759034129
|switch|p2a: Iron Crown|Iron Crown|100/100|[from] Flip Turn
|
|upkeep
|turn|7
|
|t:|1759034140
|move|p2a: Iron Crown|Psyshock|p1a: Goodra
|-supereffective|p1a: Goodra
|-damage|p1a: Goodra|0 fnt
|faint|p1a: Goodra
|
|upkeep
|inactive|Attackthegoat has 120 seconds left.
|
|t:|1759034157
|switch|p1a: Ceruledge|Ceruledge, F|100/100
|turn|8
|inactive|Attackthegoat has 120 seconds left.
|
|t:|1759034175
|-end|p2a: Iron Crown|Quark Drive|[silent]
|switch|p2a: Meowscarada|Meowscarada, F|100/100
|move|p1a: Ceruledge|Iron Defense|p1a: Ceruledge
|-boost|p1a: Ceruledge|def|2
|
|upkeep
|turn|9
|inactive|Attackthegoat has 120 seconds left.
|
|t:|1759034187
|move|p2a: Meowscarada|Knock Off|p1a: Ceruledge
|-start|p2a: Meowscarada|typechange|Dark|[from] ability: Protean
|-supereffective|p1a: Ceruledge
|-damage|p1a: Ceruledge|4/100
|-ability|p1a: Ceruledge|Weak Armor|boost
|-unboost|p1a: Ceruledge|def|1
|-boost|p1a: Ceruledge|spe|2
|-enditem|p1a: Ceruledge|Weakness Policy
|-boost|p1a: Ceruledge|atk|2|[from] item: Weakness Policy
|-boost|p1a: Ceruledge|spa|2|[from] item: Weakness Policy
|move|p1a: Ceruledge|Bitter Blade|p2a: Meowscarada
|-damage|p2a: Meowscarada|0 fnt
|-heal|p1a: Ceruledge|54/100|[from] drain|[of] p2a: Meowscarada
|faint|p2a: Meowscarada
|
|upkeep
|inactive|qiji125 has 120 seconds left.
|
|t:|1759034214
|switch|p2a: Darkrai|Darkrai|100/100
|turn|10
|inactive|qiji125 has 120 seconds left.
|
|t:|1759034228
|move|p2a: Darkrai|Dark Pulse|p1a: Ceruledge
|-supereffective|p1a: Ceruledge
|-damage|p1a: Ceruledge|0 fnt
|faint|p1a: Ceruledge
|
|upkeep
|
|t:|1759034236
|switch|p1a: Quaquaval|Quaquaval, M|100/100
|turn|11
|
|t:|1759034243
|switch|p2a: Alomomola|Alomomola, M|89/100
|move|p1a: Quaquaval|Aqua Step|p2a: Alomomola
|-resisted|p2a: Alomomola
|-damage|p2a: Alomomola|69/100
|-boost|p1a: Quaquaval|spe|1
|
|upkeep
|turn|12
|
|t:|1759034255
|switch|p1a: Great Tusk|Great Tusk|68/100
|move|p2a: Alomomola|Flip Turn|p1a: Great Tusk
|-supereffective|p1a: Great Tusk
|-damage|p1a: Great Tusk|48/100
|
|t:|1759034263
|switch|p2a: Samurott|Samurott-Hisui, F|100/100|[from] Flip Turn
|
|upkeep
|turn|13
|inactive|Attackthegoat has 120 seconds left.
|
|t:|1759034297
|move|p2a: Samurott|Aqua Cutter|p1a: Great Tusk
|-supereffective|p1a: Great Tusk
|-crit|p1a: Great Tusk
|-damage|p1a: Great Tusk|0 fnt
|faint|p1a: Great Tusk
|-end|p1a: Great Tusk|Protosynthesis|[silent]
|
|upkeep
|inactive|Attackthegoat has 120 seconds left.
|
|t:|1759034304
|switch|p1a: Galvantula|Galvantula, F|100/100
|turn|14
|
|t:|1759034311
|move|p2a: Samurott|Aqua Cutter|p1a: Galvantula
|-damage|p1a: Galvantula|15/100
|move|p1a: Galvantula|Sticky Web|p2a: Samurott
|-sidestart|p2: qiji125|move: Sticky Web
|
|upkeep
|turn|15
|
|t:|1759034319
|move|p2a: Samurott|Aqua Cutter|p1a: Galvantula
|-damage|p1a: Galvantula|0 fnt
|faint|p1a: Galvantula
|
|upkeep
|
|t:|1759034323
|switch|p1a: Quaquaval|Quaquaval, M|100/100
|turn|16
|
|t:|1759034331
|switch|p2a: Alomomola|Alomomola, M|100/100
|-activate|p2a: Alomomola|move: Sticky Web
|-unboost|p2a: Alomomola|spe|1
|move|p1a: Quaquaval|Brave Bird|p2a: Alomomola
|-damage|p2a: Alomomola|61/100
|-damage|p1a: Quaquaval|80/100|[from] Recoil
|
|upkeep
|turn|17
|
|t:|1759034343
|move|p1a: Quaquaval|Brave Bird|p2a: Alomomola
|-damage|p2a: Alomomola|23/100
|-damage|p1a: Quaquaval|61/100|[from] Recoil
|move|p2a: Alomomola|Flip Turn|p1a: Quaquaval
|-resisted|p1a: Quaquaval
|-damage|p1a: Quaquaval|51/100
|
|t:|1759034365
|switch|p2a: Iron Crown|Iron Crown|100/100|[from] Flip Turn
|-activate|p2a: Iron Crown|move: Sticky Web
|-unboost|p2a: Iron Crown|spe|1
|
|upkeep
|turn|18
|inactive|Attackthegoat has 120 seconds left.
|
|t:|1759034403
|move|p2a: Iron Crown|Volt Switch|p1a: Quaquaval
|-supereffective|p1a: Quaquaval
|-damage|p1a: Quaquaval|0 fnt
|faint|p1a: Quaquaval
|
|t:|1759034409
|-end|p2a: Iron Crown|Quark Drive|[silent]
|switch|p2a: Darkrai|Darkrai|100/100|[from] Volt Switch
|-activate|p2a: Darkrai|move: Sticky Web
|-unboost|p2a: Darkrai|spe|1
|
|upkeep
|inactive|Attackthegoat has 120 seconds left.
|
|t:|1759034415
|switch|p1a: Dragonite|Dragonite, M|100/100
|turn|19
|
|t:|1759034420
|move|p2a: Darkrai|Ice Beam|p1a: Dragonite
|-supereffective|p1a: Dragonite
|-crit|p1a: Dragonite
|-damage|p1a: Dragonite|3/100
|-enditem|p1a: Dragonite|Weakness Policy
|-boost|p1a: Dragonite|atk|2|[from] item: Weakness Policy
|-boost|p1a: Dragonite|spa|2|[from] item: Weakness Policy
|move|p1a: Dragonite|Dragon Dance|p1a: Dragonite
|-boost|p1a: Dragonite|atk|1
|-boost|p1a: Dragonite|spe|1
|
|upkeep
|turn|20
|
|t:|1759034434
|move|p1a: Dragonite|Extreme Speed|p2a: Darkrai
|-damage|p2a: Darkrai|0 fnt
|faint|p2a: Darkrai
|
|upkeep
|
|t:|1759034442
|switch|p2a: Alomomola|Alomomola, M|57/100
|-activate|p2a: Alomomola|move: Sticky Web
|-unboost|p2a: Alomomola|spe|1
|turn|21
|
|t:|1759034449
|move|p1a: Dragonite|Dragon Claw|p2a: Alomomola
|-crit|p2a: Alomomola
|-damage|p2a: Alomomola|0 fnt
|faint|p2a: Alomomola
|
|upkeep
|
|t:|1759034459
|switch|p2a: Samurott|Samurott-Hisui, F|100/100
|-activate|p2a: Samurott|move: Sticky Web
|-unboost|p2a: Samurott|spe|1
|turn|22
|
|t:|1759034467
|move|p1a: Dragonite|Extreme Speed|p2a: Samurott
|-damage|p2a: Samurott|0 fnt
|faint|p2a: Samurott
|
|upkeep
|
|t:|1759034474
|switch|p2a: Iron Crown|Iron Crown|100/100
|-activate|p2a: Iron Crown|move: Sticky Web
|-unboost|p2a: Iron Crown|spe|1
|turn|23
|
|t:|1759034483
|-terastallize|p2a: Iron Crown|Fighting
|move|p2a: Iron Crown|Tachyon Cutter|p1a: Dragonite
|-damage|p1a: Dragonite|0 fnt
|faint|p1a: Dragonite
|-hitcount|p1: Dragonite|1
|
|win|qiji125
|raw|Attackthegoat's rating: 1298 &rarr; <strong>1270</strong><br />(-28 for losing)
|raw|qiji125's rating: 1250 &rarr; <strong>1278</strong><br />(+28 for winning)
|l|☆Attackthegoat
|player|p1|
|l|☆qiji125
|player|p2|
