|j|☆aceman2798
|j|☆TheTired
|t:|1758917077
|gametype|singles
|player|p1|aceman2798|sada-ai|1730
|player|p2|TheTired|colress|1817
|gen|9
|tier|[Gen 9] OU
|rated|
|rule|HP Percentage Mod: HP is shown in percentages
|rule|Endless Battle Clause: Forcing endless battles is banned
|rule|Species Clause: Limit one of each Pokémon
|rule|OHKO Clause: OHKO moves are banned
|rule|Evasion Items Clause: Evasion items are banned
|rule|Evasion Moves Clause: Evasion moves are banned
|rule|Evasion Abilities Clause: Evasion abilities are banned
|rule|Sleep Moves Clause: Sleep-inducing moves are banned
|clearpoke
|poke|p1|Skeledirge, F|
|poke|p1|Ogerpon-Wellspring, F|
|poke|p1|Slowking-Galar, M|
|poke|p1|Corviknight, M|
|poke|p1|Darkrai|
|poke|p1|Great Tusk|
|poke|p2|Indeedee, M|
|poke|p2|Hatterene, F|
|poke|p2|Ursaluna, F|
|poke|p2|Iron Hands|
|poke|p2|Hoopa-Unbound|
|poke|p2|Mimikyu, F|
|teampreview
|inactive|Battle timer is ON: inactive players will automatically lose when time's up. (requested by TheTired)
|inactive|aceman2798 has 120 seconds left.
|
|t:|1758917119
|teamsize|p1|6
|teamsize|p2|6
|start
|switch|p1a: Darkrai|Darkrai|100/100
|switch|p2a: Indeedee|Indeedee, M, shiny|100/100
|-fieldstart|move: Psychic Terrain|[from] ability: Psychic Surge|[of] p2a: Indeedee
|turn|1
|
|t:|1758917122
|switch|p2a: Hoopa|Hoopa-Unbound|100/100
|-enditem|p2a: Hoopa|Psychic Seed
|-boost|p2a: Hoopa|spd|1|[from] item: Psychic Seed
|move|p1a: Darkrai|Trick|p2a: Hoopa
|-activate|p1a: Darkrai|move: Trick|[of] p2a: Hoopa
|-item|p2a: Hoopa|Choice Scarf|[from] move: Trick
|-enditem|p1a: Darkrai|Choice Scarf|[silent]|[from] move: Trick
|
|upkeep
|turn|2
|j| Cheisyxhwjq
|l| Cheisyxhwjq
|inactive|aceman2798 has 120 seconds left.
|
|t:|1758917162
|switch|p1a: Corviknight|Corviknight, M|100/100
|-ability|p1a: Corviknight|Unnerve
|move|p2a: Hoopa|Focus Blast|p1a: Corviknight
|-damage|p1a: Corviknight|52/100
|
|upkeep
|turn|3
|inactive|aceman2798 has 120 seconds left.
|
|t:|1758917172
|move|p2a: Hoopa|Focus Blast|p1a: Corviknight
|-damage|p1a: Corviknight|3/100
|-unboost|p1a: Corviknight|spd|1
|move|p1a: Corviknight|Roost|p1a: Corviknight
|-heal|p1a: Corviknight|53/100
|-singleturn|p1a: Corviknight|move: Roost
|
|upkeep
|turn|4
|
|t:|1758917178
|switch|p1a: Slowking|Slowking-Galar, M|100/100
|move|p2a: Hoopa|Focus Blast|p1a: Slowking|[miss]
|-miss|p2a: Hoopa|p1a: Slowking
|
|upkeep
|turn|5
|
|t:|1758917195
|switch|p2a: Ursaluna|Ursaluna, F, shiny|100/100
|move|p1a: Slowking|Sludge Bomb|p2a: Ursaluna
|-resisted|p2a: Ursaluna
|-damage|p2a: Ursaluna|85/100
|
|-status|p2a: Ursaluna|brn|[from] item: Flame Orb
|upkeep
|turn|6
|
|t:|1758917202
|switch|p1a: Corviknight|Corviknight, M|53/100
|-ability|p1a: Corviknight|Unnerve
|move|p2a: Ursaluna|Supercell Slam|p1a: Corviknight
|-supereffective|p1a: Corviknight
|-damage|p1a: Corviknight|0 fnt
|-damage|p2a: Ursaluna|68/100 brn|[from] item: Rocky Helmet|[of] p1a: Corviknight
|faint|p1a: Corviknight
|
|-damage|p2a: Ursaluna|62/100 brn|[from] brn
|upkeep
|inactive|aceman2798 has 120 seconds left.
|j| Gyokuroo
|
|t:|1758917248
|switch|p1a: Ogerpon|Ogerpon-Wellspring, F|100/100
|turn|7
|
|t:|1758917258
|switch|p2a: Iron Hands|Iron Hands|100/100
|-enditem|p2a: Iron Hands|Booster Energy
|-activate|p2a: Iron Hands|ability: Quark Drive|[fromitem]
|-start|p2a: Iron Hands|quarkdriveatk
|-terastallize|p1a: Ogerpon|Water
|detailschange|p1a: Ogerpon|Ogerpon-Wellspring-Tera, F, tera:Water
|-ability|p1a: Ogerpon|Embody Aspect (Wellspring)|boost
|-boost|p1a: Ogerpon|spd|1
|move|p1a: Ogerpon|Ivy Cudgel|p2a: Iron Hands|[anim] Ivy Cudgel Water
|-damage|p2a: Iron Hands|48/100
|
|upkeep
|turn|8
|
|t:|1758917271
|switch|p1a: Skeledirge|Skeledirge, F|100/100
|move|p2a: Iron Hands|Supercell Slam|p1a: Skeledirge
|-damage|p1a: Skeledirge|32/100
|
|-fieldend|move: Psychic Terrain
|upkeep
|turn|9
|l| Gyokuroo
|
|t:|1758917277
|move|p1a: Skeledirge|Alluring Voice|p2a: Iron Hands
|-supereffective|p2a: Iron Hands
|-crit|p2a: Iron Hands
|-damage|p2a: Iron Hands|0 fnt
|faint|p2a: Iron Hands
|-end|p2a: Iron Hands|Quark Drive|[silent]
|
|upkeep
|j| Gyokuroo
|
|t:|1758917288
|switch|p2a: Indeedee|Indeedee, M, shiny|100/100
|-fieldstart|move: Psychic Terrain|[from] ability: Psychic Surge|[of] p2a: Indeedee
|turn|10
|
|t:|1758917296
|switch|p1a: Slowking|Slowking-Galar, M|100/100
|move|p2a: Indeedee|Expanding Force|p1a: Slowking
|-damage|p1a: Slowking|70/100
|
|upkeep
|turn|11
|
|t:|1758917303
|-prepare|p1a: Slowking|Chilly Reception|[premajor]
|move|p1a: Slowking|Chilly Reception|p1a: Slowking
|-weather|Snowscape
|
|t:|1758917312
|switch|p1a: Skeledirge|Skeledirge, F|32/100|[from] Chilly Reception
|move|p2a: Indeedee|Trick Room|p2a: Indeedee
|-fieldstart|move: Trick Room|[of] p2a: Indeedee
|
|-weather|Snowscape|[upkeep]
|upkeep
|turn|12
|inactive|aceman2798 has 120 seconds left.
|
|t:|1758917342
|switch|p1a: Slowking|Slowking-Galar, M|100/100
|move|p2a: Indeedee|Expanding Force|p1a: Slowking
|-damage|p1a: Slowking|68/100
|
|-weather|Snowscape|[upkeep]
|upkeep
|turn|13
|inactive|aceman2798 has 120 seconds left.
|
|t:|1758917357
|switch|p2a: Hoopa|Hoopa-Unbound|100/100
|move|p1a: Slowking|Sludge Bomb|p2a: Hoopa
|-damage|p2a: Hoopa|75/100
|
|-weather|Snowscape|[upkeep]
|upkeep
|turn|14
|inactive|aceman2798 has 120 seconds left.
|
|t:|1758917368
|switch|p1a: Darkrai|Darkrai|100/100
|move|p2a: Hoopa|Expanding Force|p1a: Darkrai
|-immune|p1a: Darkrai
|
|-weather|Snowscape|[upkeep]
|upkeep
|turn|15
|inactive|aceman2798 has 120 seconds left.
|
|t:|1758917383
|switch|p2a: Hatterene|Hatterene, F, shiny|100/100
|move|p1a: Darkrai|Sludge Bomb|p2a: Hatterene
|-supereffective|p2a: Hatterene
|-damage|p2a: Hatterene|32/100
|
|-weather|none
|-fieldend|move: Trick Room
|upkeep
|turn|16
|
|t:|1758917396
|switch|p2a: Hoopa|Hoopa-Unbound|75/100
|move|p1a: Darkrai|Dark Pulse|p2a: Hoopa
|-damage|p2a: Hoopa|44/100
|
|upkeep
|turn|17
|inactive|aceman2798 has 120 seconds left.
|
|t:|1758917428
|switch|p1a: Skeledirge|Skeledirge, F|32/100
|move|p2a: Hoopa|Trick Room|p2a: Hoopa
|-fieldstart|move: Trick Room|[of] p2a: Hoopa
|
|-fieldend|move: Psychic Terrain
|upkeep
|turn|18
|
|t:|1758917449
|switch|p2a: Indeedee|Indeedee, M, shiny|100/100
|-fieldstart|move: Psychic Terrain|[from] ability: Psychic Surge|[of] p2a: Indeedee
|move|p1a: Skeledirge|Torch Song|p2a: Indeedee
|-damage|p2a: Indeedee|52/100
|-boost|p1a: Skeledirge|spa|1
|
|upkeep
|turn|19
|inactive|aceman2798 has 90 seconds left.
|
|t:|1758917465
|move|p2a: Indeedee|Healing Wish|p2a: Indeedee
|faint|p2a: Indeedee
|move|p1a: Skeledirge|Torch Song|p2: Indeedee|[notarget]
|-fail|p1a: Skeledirge
|
|upkeep
|
|t:|1758917467
|switch|p2a: Hatterene|Hatterene, F, shiny|32/100
|-heal|p2a: Hatterene|100/100|[from] move: Healing Wish
|turn|20
|
|t:|1758917475
|switch|p1a: Slowking|Slowking-Galar, M|100/100
|move|p2a: Hatterene|Expanding Force|p1a: Slowking
|-damage|p1a: Slowking|29/100
|-damage|p2a: Hatterene|91/100|[from] item: Life Orb
|
|upkeep
|turn|21
|
|t:|1758917482
|switch|p1a: Skeledirge|Skeledirge, F|32/100
|-terastallize|p2a: Hatterene|Stellar
|move|p2a: Hatterene|Draining Kiss|p1a: Skeledirge
|-resisted|p1a: Skeledirge
|-damage|p1a: Skeledirge|0 fnt
|-heal|p2a: Hatterene|100/100|[from] drain|[of] p1a: Skeledirge
|faint|p1a: Skeledirge
|-damage|p2a: Hatterene|91/100|[from] item: Life Orb
|
|-fieldend|move: Trick Room
|upkeep
|l| Gyokuroo
|inactive|aceman2798 has 90 seconds left.
|inactive|aceman2798 has 60 seconds left.
|
|t:|1758917535
|switch|p1a: Darkrai|Darkrai|100/100
|turn|22
|
|t:|1758917544
|move|p1a: Darkrai|Sludge Bomb|p2a: Hatterene
|-supereffective|p2a: Hatterene
|-damage|p2a: Hatterene|27/100
|move|p2a: Hatterene|Draining Kiss|p1a: Darkrai
|-supereffective|p1a: Darkrai
|-damage|p1a: Darkrai|0 fnt
|-heal|p2a: Hatterene|94/100|[from] drain|[of] p1a: Darkrai
|faint|p1a: Darkrai
|-damage|p2a: Hatterene|84/100|[from] item: Life Orb
|
|upkeep
|
|t:|1758917553
|switch|p1a: Ogerpon|Ogerpon-Wellspring-Tera, F, tera:Water|100/100
|-ability|p1a: Ogerpon|Embody Aspect (Wellspring)|boost
|-boost|p1a: Ogerpon|spd|1
|turn|23
|
|t:|1758917556
|switch|p2a: Hoopa|Hoopa-Unbound|44/100
|move|p1a: Ogerpon|Ivy Cudgel|p2a: Hoopa|[anim] Ivy Cudgel Water
|-damage|p2a: Hoopa|0 fnt
|faint|p2a: Hoopa
|
|upkeep
|
|t:|1758917565
|switch|p2a: Mimikyu|Mimikyu, F, shiny|100/100
|turn|24
|inactive|aceman2798 has 90 seconds left.
|
|t:|1758917575
|switch|p1a: Slowking|Slowking-Galar, M|62/100
|move|p2a: Mimikyu|Trick Room|p2a: Mimikyu
|-fieldstart|move: Trick Room|[of] p2a: Mimikyu
|
|upkeep
|turn|25
|
|t:|1758917580
|switch|p2a: Hatterene|Hatterene, F, shiny, tera:Stellar|84/100
|-prepare|p1a: Slowking|Chilly Reception|[premajor]
|move|p1a: Slowking|Chilly Reception|p1a: Slowking
|-weather|Snowscape
|
|t:|1758917583
|switch|p1a: Great Tusk|Great Tusk|100/100|[from] Chilly Reception
|
|-weather|Snowscape|[upkeep]
|-fieldend|move: Psychic Terrain
|upkeep
|turn|26
|
|t:|1758917588
|-end|p1a: Great Tusk|Protosynthesis|[silent]
|switch|p1a: Slowking|Slowking-Galar, M|96/100
|move|p2a: Hatterene|Expanding Force|p1a: Slowking
|-damage|p1a: Slowking|49/100
|-damage|p2a: Hatterene|74/100|[from] item: Life Orb
|
|-weather|Snowscape|[upkeep]
|upkeep
|turn|27
|
|t:|1758917594
|move|p2a: Hatterene|Expanding Force|p1a: Slowking
|-damage|p1a: Slowking|10/100
|-damage|p2a: Hatterene|64/100|[from] item: Life Orb
|move|p1a: Slowking|Sludge Bomb|p2a: Hatterene
|-supereffective|p2a: Hatterene
|-damage|p2a: Hatterene|0 fnt
|faint|p2a: Hatterene
|
|-weather|Snowscape|[upkeep]
|upkeep
|
|t:|1758917598
|switch|p2a: Ursaluna|Ursaluna, F, shiny|62/100 brn
|turn|28
|inactive|aceman2798 has 120 seconds left.
|
|t:|1758917623
|switch|p1a: Great Tusk|Great Tusk|100/100
|move|p2a: Ursaluna|Facade|p1a: Great Tusk
|-damage|p1a: Great Tusk|14/100
|
|-weather|Snowscape|[upkeep]
|-damage|p2a: Ursaluna|56/100 brn|[from] brn
|-fieldend|move: Trick Room
|upkeep
|turn|29
|
|t:|1758917637
|switch|p2a: Mimikyu|Mimikyu, F, shiny|100/100
|move|p1a: Great Tusk|Headlong Rush|p2a: Mimikyu
|-activate|p2a: Mimikyu|ability: Disguise
|-damage|p2a: Mimikyu|100/100
|-unboost|p1a: Great Tusk|def|1
|-unboost|p1a: Great Tusk|spd|1
|detailschange|p2a: Mimikyu|Mimikyu-Busted, F, shiny
|-damage|p2a: Mimikyu|88/100|[from] pokemon: Mimikyu-Busted
|-enditem|p2a: Mimikyu|Red Card|[of] p1a: Great Tusk
|-end|p1a: Great Tusk|Protosynthesis|[silent]
|drag|p1a: Ogerpon|Ogerpon-Wellspring-Tera, F, tera:Water|100/100
|-ability|p1a: Ogerpon|Embody Aspect (Wellspring)|boost
|-boost|p1a: Ogerpon|spd|1
|
|-weather|none
|upkeep
|turn|30
|
|t:|1758917649
|switch|p1a: Slowking|Slowking-Galar, M|43/100
|move|p2a: Mimikyu|Trick Room|p2a: Mimikyu
|-fieldstart|move: Trick Room|[of] p2a: Mimikyu
|
|upkeep
|turn|31
|
|t:|1758917661
|-prepare|p1a: Slowking|Chilly Reception|[premajor]
|move|p1a: Slowking|Chilly Reception|p1a: Slowking
|-weather|Snowscape
|
|t:|1758917668
|switch|p1a: Ogerpon|Ogerpon-Wellspring-Tera, F, tera:Water|100/100|[from] Chilly Reception
|-ability|p1a: Ogerpon|Embody Aspect (Wellspring)|boost
|-boost|p1a: Ogerpon|spd|1
|move|p2a: Mimikyu|Curse|p1a: Ogerpon
|-start|p1a: Ogerpon|Curse|[of] p2a: Mimikyu
|-damage|p2a: Mimikyu|38/100
|
|-weather|Snowscape|[upkeep]
|-damage|p1a: Ogerpon|75/100|[from] Curse
|upkeep
|turn|32
|j| IM AT MY LIMIT
|
|t:|1758917673
|switch|p1a: Slowking|Slowking-Galar, M|77/100
|move|p2a: Mimikyu|Destiny Bond|p2a: Mimikyu
|-singlemove|p2a: Mimikyu|Destiny Bond
|
|-weather|Snowscape|[upkeep]
|upkeep
|turn|33
|l| IM AT MY LIMIT
|j| I hate SDL
|inactive|aceman2798 has 120 seconds left.
|
|t:|1758917685
|move|p1a: Slowking|Sludge Bomb|p2a: Mimikyu
|-damage|p2a: Mimikyu|4/100
|-status|p2a: Mimikyu|psn
|move|p2a: Mimikyu|Curse|p1a: Slowking
|-start|p1a: Slowking|Curse|[of] p2a: Mimikyu
|-damage|p2a: Mimikyu|0 fnt
|faint|p2a: Mimikyu
|
|-weather|Snowscape|[upkeep]
|-damage|p1a: Slowking|52/100|[from] Curse
|upkeep
|
|t:|1758917687
|switch|p2a: Ursaluna|Ursaluna, F, shiny|56/100 brn
|turn|34
|
|t:|1758917691
|move|p1a: Slowking|Sludge Bomb|p2a: Ursaluna
|-resisted|p2a: Ursaluna
|-damage|p2a: Ursaluna|42/100 brn
|move|p2a: Ursaluna|Facade|p1a: Slowking
|-damage|p1a: Slowking|0 fnt
|faint|p1a: Slowking
|
|-weather|Snowscape|[upkeep]
|-damage|p2a: Ursaluna|36/100 brn|[from] brn
|-fieldend|move: Trick Room
|upkeep
|
|t:|1758917696
|switch|p1a: Great Tusk|Great Tusk|14/100
|turn|35
|
|t:|1758917699
|move|p1a: Great Tusk|Headlong Rush|p2a: Ursaluna
|-damage|p2a: Ursaluna|0 fnt
|-unboost|p1a: Great Tusk|def|1
|-unboost|p1a: Great Tusk|spd|1
|faint|p2a: Ursaluna
|
|win|aceman2798
|raw|aceman2798's rating: 1730 &rarr; <strong>1755</strong><br />(+25 for winning)
|raw|TheTired's rating: 1817 &rarr; <strong>1792</strong><br />(-25 for losing)
|l| I hate SDL
|l|☆TheTired
|player|p2|
