|j|☆Njbrown7
|j|☆switch626
|t:|1759028205
|gametype|singles
|player|p1|Njbrown7|101|1147
|player|p2|switch626|2|1199
|gen|9
|tier|[Gen 9] OU
|rated|
|rule|HP Percentage Mod: HP is shown in percentages
|rule|Endless Battle Clause: Forcing endless battles is banned
|rule|Species Clause: Limit one of each Pokémon
|rule|OHKO Clause: OHKO moves are banned
|rule|Evasion Items Clause: Evasion items are banned
|rule|Evasion Moves Clause: Evasion moves are banned
|rule|Evasion Abilities Clause: Evasion abilities are banned
|rule|Sleep Moves Clause: Sleep-inducing moves are banned
|clearpoke
|poke|p1|Cacturne, M|
|poke|p1|Gothitelle, M|
|poke|p1|Stonjourner, M|
|poke|p1|Glastrier|
|poke|p1|Yanmega, F|
|poke|p1|Vileplume, F|
|poke|p2|Ceruledge, F|
|poke|p2|Clodsire, M|
|poke|p2|Garganacl, M|
|poke|p2|Iron Valiant|
|poke|p2|Ogerpon-Wellspring, F|
|poke|p2|Gliscor, M|
|teampreview
|inactive|Battle timer is ON: inactive players will automatically lose when time's up. (requested by switch626)
|
|t:|1759028227
|teamsize|p1|6
|teamsize|p2|6
|start
|switch|p1a: Vileplume|Vileplume, F|100/100
|switch|p2a: Igris|Iron Valiant, shiny|100/100
|-enditem|p2a: Igris|Booster Energy
|-activate|p2a: Igris|ability: Quark Drive|[fromitem]
|-start|p2a: Igris|quarkdrivespe
|turn|1
|
|t:|1759028243
|move|p2a: Igris|Swords Dance|p2a: Igris
|-boost|p2a: Igris|atk|2
|move|p1a: Vileplume|Strength Sap|p2a: Igris
|-unboost|p2a: Igris|atk|1
|
|upkeep
|turn|2
|
|t:|1759028250
|move|p2a: Igris|Swords Dance|p2a: Igris
|-boost|p2a: Igris|atk|2
|move|p1a: Vileplume|Sludge Wave|p2a: Igris
|-supereffective|p2a: Igris
|-damage|p2a: Igris|0 fnt
|faint|p2a: Igris
|-end|p2a: Igris|Quark Drive|[silent]
|
|upkeep
|
|t:|1759028255
|switch|p2a: Plush|Clodsire, M, shiny|100/100
|turn|3
|
|t:|1759028260
|move|p1a: Vileplume|Leech Seed|p2a: Plush
|-start|p2a: Plush|move: Leech Seed
|move|p2a: Plush|Earthquake|p1a: Vileplume
|-damage|p1a: Vileplume|67/100
|
|-heal|p1a: Vileplume|73/100|[from] item: Black Sludge
|-damage|p2a: Plush|88/100|[from] Leech Seed|[of] p1a: Vileplume
|-heal|p1a: Vileplume|88/100|[silent]
|upkeep
|turn|4
|
|t:|1759028273
|switch|p2a: Rengoku|Ceruledge, F|100/100
|move|p1a: Vileplume|Strength Sap|p2a: Rengoku
|-unboost|p2a: Rengoku|atk|1
|-heal|p1a: Vileplume|100/100
|
|upkeep
|turn|5
|
|t:|1759028280
|switch|p1a: Stonjourner|Stonjourner, M|100/100
|move|p2a: Rengoku|Bulk Up|p2a: Rengoku
|-boost|p2a: Rengoku|atk|1
|-boost|p2a: Rengoku|def|1
|
|upkeep
|turn|6
|
|t:|1759028288
|-terastallize|p2a: Rengoku|Dragon
|move|p2a: Rengoku|Bulk Up|p2a: Rengoku
|-boost|p2a: Rengoku|atk|1
|-boost|p2a: Rengoku|def|1
|move|p1a: Stonjourner|Rock Blast|p2a: Rengoku
|-damage|p2a: Rengoku|92/100
|-ability|p2a: Rengoku|Weak Armor|boost
|-unboost|p2a: Rengoku|def|1
|-boost|p2a: Rengoku|spe|2
|-damage|p2a: Rengoku|81/100
|-ability|p2a: Rengoku|Weak Armor|boost
|-unboost|p2a: Rengoku|def|1
|-boost|p2a: Rengoku|spe|2
|-damage|p2a: Rengoku|63/100
|-ability|p2a: Rengoku|Weak Armor|boost
|-unboost|p2a: Rengoku|def|1
|-boost|p2a: Rengoku|spe|2
|-damage|p2a: Rengoku|37/100
|-ability|p2a: Rengoku|Weak Armor|boost
|-unboost|p2a: Rengoku|def|1
|-damage|p2a: Rengoku|4/100
|-ability|p2a: Rengoku|Weak Armor|boost
|-unboost|p2a: Rengoku|def|1
|-hitcount|p2a: Rengoku|5
|
|upkeep
|turn|7
|
|t:|1759028312
|move|p2a: Rengoku|Bitter Blade|p1a: Stonjourner
|-resisted|p1a: Stonjourner
|-damage|p1a: Stonjourner|80/100
|-heal|p2a: Rengoku|18/100|[from] drain|[of] p1a: Stonjourner
|move|p1a: Stonjourner|Body Press|p2a: Rengoku
|-damage|p2a: Rengoku|0 fnt
|faint|p2a: Rengoku
|
|upkeep
|
|t:|1759028316
|switch|p2a: Bat|Gliscor, M, shiny|100/100
|turn|8
|
|t:|1759028324
|-terastallize|p1a: Stonjourner|Flying
|move|p2a: Bat|Protect|p2a: Bat
|-singleturn|p2a: Bat|Protect
|move|p1a: Stonjourner|Stealth Rock|p2a: Bat
|-sidestart|p2: switch626|move: Stealth Rock
|
|-status|p2a: Bat|tox|[from] item: Toxic Orb
|upkeep
|turn|9
|
|t:|1759028331
|move|p2a: Bat|Swords Dance|p2a: Bat
|-boost|p2a: Bat|atk|2
|move|p1a: Stonjourner|Rock Blast|p2a: Bat|[miss]
|-miss|p1a: Stonjourner|p2a: Bat
|
|upkeep
|turn|10
|
|t:|1759028339
|move|p2a: Bat|Crabhammer|p1a: Stonjourner
|-crit|p1a: Stonjourner
|-damage|p1a: Stonjourner|29/100
|move|p1a: Stonjourner|Rock Blast|p2a: Bat
|-damage|p2a: Bat|91/100 tox
|-damage|p2a: Bat|82/100 tox
|-damage|p2a: Bat|72/100 tox
|-damage|p2a: Bat|63/100 tox
|-damage|p2a: Bat|53/100 tox
|-hitcount|p2a: Bat|5
|
|-heal|p2a: Bat|66/100 tox|[from] ability: Poison Heal
|upkeep
|turn|11
|
|t:|1759028353
|switch|p1a: Cacturne|Cacturne, M|100/100
|move|p2a: Bat|Crabhammer|p1a: Cacturne
|-immune|p1a: Cacturne|[from] ability: Water Absorb
|
|-heal|p2a: Bat|78/100 tox|[from] ability: Poison Heal
|upkeep
|turn|12
|
|t:|1759028364
|move|p1a: Cacturne|Sucker Punch||[still]
|-fail|p1a: Cacturne
|move|p2a: Bat|Swords Dance|p2a: Bat
|-boost|p2a: Bat|atk|2
|
|-heal|p2a: Bat|91/100 tox|[from] ability: Poison Heal
|upkeep
|turn|13
|
|t:|1759028369
|move|p1a: Cacturne|Sucker Punch||[still]
|-fail|p1a: Cacturne
|move|p2a: Bat|Swords Dance|p2a: Bat
|-boost|p2a: Bat|atk|2
|
|-heal|p2a: Bat|100/100 tox|[from] ability: Poison Heal
|upkeep
|turn|14
|
|t:|1759028373
|move|p1a: Cacturne|Sucker Punch|p2a: Bat
|-damage|p2a: Bat|74/100 tox
|move|p2a: Bat|Earthquake|p1a: Cacturne
|-resisted|p1a: Cacturne
|-enditem|p1a: Cacturne|Focus Sash
|-damage|p1a: Cacturne|1/100
|
|-heal|p2a: Bat|86/100 tox|[from] ability: Poison Heal
|upkeep
|turn|15
|
|t:|1759028382
|move|p2a: Bat|Protect|p2a: Bat
|-singleturn|p2a: Bat|Protect
|move|p1a: Cacturne|Sucker Punch||[still]
|-fail|p1a: Cacturne
|
|-heal|p2a: Bat|98/100 tox|[from] ability: Poison Heal
|upkeep
|turn|16
|
|t:|1759028386
|move|p1a: Cacturne|Sucker Punch|p2a: Bat
|-damage|p2a: Bat|69/100 tox
|move|p2a: Bat|Earthquake|p1a: Cacturne
|-resisted|p1a: Cacturne
|-damage|p1a: Cacturne|0 fnt
|faint|p1a: Cacturne
|
|-heal|p2a: Bat|82/100 tox|[from] ability: Poison Heal
|upkeep
|
|t:|1759028415
|switch|p1a: Glastrier|Glastrier|100/100
|turn|17
|
|t:|1759028418
|move|p2a: Bat|Earthquake|p1a: Glastrier
|-damage|p1a: Glastrier|0 fnt
|faint|p1a: Glastrier
|
|-heal|p2a: Bat|94/100 tox|[from] ability: Poison Heal
|upkeep
|
|t:|1759028421
|switch|p1a: Yanmega|Yanmega, F, shiny|100/100
|turn|18
|
|t:|1759028427
|move|p1a: Yanmega|Protect|p1a: Yanmega
|-singleturn|p1a: Yanmega|Protect
|move|p2a: Bat|Crabhammer|p1a: Yanmega
|-activate|p1a: Yanmega|move: Protect
|
|-heal|p2a: Bat|100/100 tox|[from] ability: Poison Heal
|-ability|p1a: Yanmega|Speed Boost|boost
|-boost|p1a: Yanmega|spe|1
|upkeep
|turn|19
|
|t:|1759028431
|move|p1a: Yanmega|Air Slash|p2a: Bat
|-damage|p2a: Bat|46/100 tox
|move|p2a: Bat|Crabhammer|p1a: Yanmega
|-damage|p1a: Yanmega|0 fnt
|faint|p1a: Yanmega
|
|-heal|p2a: Bat|58/100 tox|[from] ability: Poison Heal
|upkeep
|
|t:|1759028437
|switch|p1a: Vileplume|Vileplume, F|100/100
|turn|20
|
|t:|1759028440
|move|p2a: Bat|Protect|p2a: Bat
|-singleturn|p2a: Bat|Protect
|move|p1a: Vileplume|Giga Drain|p2a: Bat
|-activate|p2a: Bat|move: Protect
|
|-heal|p2a: Bat|70/100 tox|[from] ability: Poison Heal
|upkeep
|turn|21
|
|t:|1759028446
|move|p2a: Bat|Earthquake|p1a: Vileplume
|-damage|p1a: Vileplume|0 fnt
|faint|p1a: Vileplume
|
|-heal|p2a: Bat|83/100 tox|[from] ability: Poison Heal
|upkeep
|-message|Njbrown7 forfeited.
|
|win|switch626
|raw|Njbrown7's rating: 1147 &rarr; <strong>1126</strong><br />(-21 for losing)
|raw|switch626's rating: 1199 &rarr; <strong>1220</strong><br />(+21 for winning)
|l|☆Njbrown7
|player|p1|
|l|☆switch626
|player|p2|
