|j|☆victory 4 u
|j|☆Delah
|t:|1759013693
|gametype|singles
|player|p1|victory 4 u|266|1113
|player|p2|Delah|flannery|1158
|gen|9
|tier|[Gen 9] OU
|rated|
|rule|HP Percentage Mod: HP is shown in percentages
|rule|Endless Battle Clause: Forcing endless battles is banned
|rule|Species Clause: Limit one of each Pokémon
|rule|OHKO Clause: OHKO moves are banned
|rule|Evasion Items Clause: Evasion items are banned
|rule|Evasion Moves Clause: Evasion moves are banned
|rule|Evasion Abilities Clause: Evasion abilities are banned
|rule|Sleep Moves Clause: Sleep-inducing moves are banned
|clearpoke
|poke|p1|Regidrago|
|poke|p1|Basculegion-F, F|
|poke|p1|Meowstic, M|
|poke|p1|Tentacruel, M|
|poke|p1|Ting-Lu|
|poke|p1|Ogerpon, F|
|poke|p2|Samurott-Hisui, F|
|poke|p2|Landorus-Therian, M|
|poke|p2|Blaziken, M|
|poke|p2|Great Tusk|
|poke|p2|Dragonite, F|
|poke|p2|Darkrai|
|teampreview
|
|t:|1759013716
|teamsize|p1|6
|teamsize|p2|6
|start
|switch|p1a: Lostelle|Ogerpon, F|100/100
|switch|p2a: Samurott|Samurott-Hisui, F|100/100
|turn|1
|
|t:|1759013726
|-terastallize|p1a: Lostelle|Grass
|detailschange|p1a: Lostelle|Ogerpon-Teal-Tera, F, tera:Grass
|-ability|p1a: Lostelle|Embody Aspect (Teal)|boost
|-boost|p1a: Lostelle|spe|1
|move|p1a: Lostelle|Ivy Cudgel|p2a: Samurott
|-supereffective|p2a: Samurott
|-enditem|p2a: Samurott|Focus Sash
|-damage|p2a: Samurott|1/100
|move|p2a: Samurott|Ceaseless Edge|p1a: Lostelle
|-damage|p1a: Lostelle|49/100
|-sidestart|p1: victory 4 u|Spikes
|
|upkeep
|turn|2
|
|t:|1759013741
|move|p2a: Samurott|Aqua Jet|p1a: Lostelle
|-resisted|p1a: Lostelle
|-damage|p1a: Lostelle|39/100
|move|p1a: Lostelle|Ivy Cudgel|p2a: Samurott
|-supereffective|p2a: Samurott
|-damage|p2a: Samurott|0 fnt
|faint|p2a: Samurott
|
|upkeep
|
|t:|1759013759
|switch|p2a: Blaziken|Blaziken, M|100/100
|turn|3
|
|t:|1759013773
|move|p1a: Lostelle|Ivy Cudgel|p2a: Blaziken
|-resisted|p2a: Blaziken
|-damage|p2a: Blaziken|36/100
|move|p2a: Blaziken|Focus Energy|p2a: Blaziken
|-start|p2a: Blaziken|move: Focus Energy
|
|-ability|p2a: Blaziken|Speed Boost|boost
|-boost|p2a: Blaziken|spe|1
|upkeep
|turn|4
|
|t:|1759013787
|move|p2a: Blaziken|Detect|p2a: Blaziken
|-singleturn|p2a: Blaziken|Protect
|move|p1a: Lostelle|Ivy Cudgel|p2a: Blaziken
|-activate|p2a: Blaziken|move: Protect
|
|-ability|p2a: Blaziken|Speed Boost|boost
|-boost|p2a: Blaziken|spe|1
|upkeep
|turn|5
|
|t:|1759013798
|switch|p1a: Hero|Tentacruel, M|100/100
|-damage|p1a: Hero|88/100|[from] Spikes
|move|p2a: Blaziken|Overheat|p1a: Hero
|-resisted|p1a: Hero
|-crit|p1a: Hero
|-damage|p1a: Hero|60/100
|-unboost|p2a: Blaziken|spa|2
|
|-heal|p1a: Hero|66/100|[from] item: Leftovers
|-ability|p2a: Blaziken|Speed Boost|boost
|-boost|p2a: Blaziken|spe|1
|upkeep
|turn|6
|
|t:|1759013815
|move|p2a: Blaziken|Overheat|p1a: Hero
|-resisted|p1a: Hero
|-crit|p1a: Hero
|-damage|p1a: Hero|38/100
|-unboost|p2a: Blaziken|spa|2
|move|p1a: Hero|Rapid Spin|p2a: Blaziken
|-damage|p2a: Blaziken|24/100
|-boost|p1a: Hero|spe|1
|-sideend|p1: victory 4 u|Spikes|[from] move: Rapid Spin|[of] p1a: Hero
|
|-heal|p1a: Hero|44/100|[from] item: Leftovers
|-ability|p2a: Blaziken|Speed Boost|boost
|-boost|p2a: Blaziken|spe|1
|upkeep
|turn|7
|
|t:|1759013826
|move|p2a: Blaziken|Overheat|p1a: Hero
|-resisted|p1a: Hero
|-crit|p1a: Hero
|-damage|p1a: Hero|15/100
|-unboost|p2a: Blaziken|spa|2
|move|p1a: Hero|Surf|p2a: Blaziken
|-supereffective|p2a: Blaziken
|-damage|p2a: Blaziken|0 fnt
|faint|p2a: Blaziken
|
|-heal|p1a: Hero|21/100|[from] item: Leftovers
|upkeep
|
|t:|1759013838
|switch|p2a: Landorus|Landorus-Therian, M|100/100
|-ability|p2a: Landorus|Intimidate|boost
|-fail|p1a: Hero|unboost|[from] ability: Clear Body|[of] p1a: Hero
|turn|8
|
|t:|1759013844
|move|p1a: Hero|Surf|p2a: Landorus
|-supereffective|p2a: Landorus
|-damage|p2a: Landorus|43/100
|move|p2a: Landorus|Earthquake|p1a: Hero
|-supereffective|p1a: Hero
|-damage|p1a: Hero|0 fnt
|faint|p1a: Hero
|
|upkeep
|
|t:|1759013878
|switch|p1a: Lostelle|Ogerpon-Teal-Tera, F, tera:Grass|39/100
|-ability|p1a: Lostelle|Embody Aspect (Teal)|boost
|-boost|p1a: Lostelle|spe|1
|turn|9
|
|t:|1759013893
|switch|p2a: Dragonite|Dragonite, F|100/100
|move|p1a: Lostelle|Ivy Cudgel|p2a: Dragonite
|-resisted|p2a: Dragonite
|-damage|p2a: Dragonite|86/100
|
|upkeep
|turn|10
|
|t:|1759013914
|switch|p1a: Help|Meowstic, M|100/100
|switch|p2a: Landorus|Landorus-Therian, M|43/100
|-ability|p2a: Landorus|Intimidate|boost
|-unboost|p1a: Help|atk|1
|
|upkeep
|turn|11
|
|t:|1759013922
|move|p1a: Help|Rain Dance|p1a: Help
|-weather|RainDance
|move|p2a: Landorus|Taunt|p1a: Help
|-start|p1a: Help|move: Taunt
|
|-weather|RainDance|[upkeep]
|upkeep
|turn|12
|
|t:|1759013937
|move|p2a: Landorus|Stealth Rock|p1a: Help
|-sidestart|p1: victory 4 u|move: Stealth Rock
|move|p1a: Help|Psychic Noise|p2a: Landorus
|-damage|p2a: Landorus|7/100
|-start|p2a: Landorus|move: Heal Block
|
|-weather|RainDance|[upkeep]
|upkeep
|turn|13
|
|t:|1759013947
|move|p2a: Landorus|U-turn|p1a: Help
|-supereffective|p1a: Help
|-damage|p1a: Help|42/100
|
|t:|1759013952
|switch|p2a: Darkrai|Darkrai|100/100|[from] U-turn
|move|p1a: Help|Psychic Noise|p2a: Darkrai
|-immune|p2a: Darkrai
|
|-weather|RainDance|[upkeep]
|upkeep
|turn|14
|
|t:|1759013966
|switch|p1a: Pls|Ting-Lu|100/100
|-damage|p1a: Pls|94/100|[from] Stealth Rock
|-ability|p1a: Pls|Vessel of Ruin
|move|p2a: Darkrai|Nasty Plot|p2a: Darkrai
|-boost|p2a: Darkrai|spa|2
|
|-weather|RainDance|[upkeep]
|upkeep
|turn|15
|
|t:|1759013975
|switch|p2a: Great Tusk|Great Tusk|100/100
|-enditem|p2a: Great Tusk|Booster Energy
|-activate|p2a: Great Tusk|ability: Protosynthesis|[fromitem]
|-start|p2a: Great Tusk|protosynthesisatk
|move|p1a: Pls|Earthquake|p2a: Great Tusk
|-damage|p2a: Great Tusk|65/100
|
|-weather|RainDance|[upkeep]
|upkeep
|turn|16
|
|t:|1759013991
|move|p2a: Great Tusk|Ice Spinner|p1a: Pls
|-supereffective|p1a: Pls
|-damage|p1a: Pls|63/100
|move|p1a: Pls|Earthquake|p2a: Great Tusk
|-damage|p2a: Great Tusk|28/100
|
|-weather|RainDance|[upkeep]
|upkeep
|turn|17
|
|t:|1759014006
|move|p2a: Great Tusk|Close Combat|p1a: Pls
|-supereffective|p1a: Pls
|-damage|p1a: Pls|0 fnt
|-unboost|p2a: Great Tusk|def|1
|-unboost|p2a: Great Tusk|spd|1
|faint|p1a: Pls
|
|-weather|RainDance|[upkeep]
|upkeep
|
|t:|1759014020
|switch|p1a: Lostelle|Ogerpon-Teal-Tera, F, tera:Grass|39/100
|-damage|p1a: Lostelle|27/100|[from] Stealth Rock
|-ability|p1a: Lostelle|Embody Aspect (Teal)|boost
|-boost|p1a: Lostelle|spe|1
|turn|18
|
|t:|1759014032
|-end|p2a: Great Tusk|Protosynthesis|[silent]
|switch|p2a: Landorus|Landorus-Therian, M|7/100
|-ability|p2a: Landorus|Intimidate|boost
|-unboost|p1a: Lostelle|atk|1
|move|p1a: Lostelle|Ivy Cudgel|p2a: Landorus
|-damage|p2a: Landorus|0 fnt
|faint|p2a: Landorus
|
|-weather|none
|upkeep
|
|t:|1759014039
|switch|p2a: Darkrai|Darkrai|100/100
|turn|19
|
|t:|1759014047
|move|p1a: Lostelle|Ivy Cudgel|p2a: Darkrai
|-damage|p2a: Darkrai|25/100
|move|p2a: Darkrai|Sludge Bomb|p1a: Lostelle
|-supereffective|p1a: Lostelle
|-damage|p1a: Lostelle|0 fnt
|faint|p1a: Lostelle
|detailschange|p1: Lostelle|Ogerpon, F|[silent]
|-damage|p2a: Darkrai|15/100|[from] item: Life Orb
|
|upkeep
|
|t:|1759014057
|switch|p1a: Help|Meowstic, M|42/100
|-damage|p1a: Help|30/100|[from] Stealth Rock
|turn|20
|
|t:|1759014062
|move|p1a: Help|Rain Dance|p1a: Help
|-weather|RainDance
|move|p2a: Darkrai|Dark Pulse|p1a: Help
|-supereffective|p1a: Help
|-damage|p1a: Help|0 fnt
|faint|p1a: Help
|-damage|p2a: Darkrai|5/100|[from] item: Life Orb
|
|-weather|RainDance|[upkeep]
|upkeep
|
|t:|1759014069
|switch|p1a: Basculegion|Basculegion-F, F|100/100
|-damage|p1a: Basculegion|88/100|[from] Stealth Rock
|turn|21
|
|t:|1759014080
|move|p1a: Basculegion|Liquidation|p2a: Darkrai
|-damage|p2a: Darkrai|0 fnt
|faint|p2a: Darkrai
|
|-weather|RainDance|[upkeep]
|upkeep
|
|t:|1759014086
|switch|p2a: Dragonite|Dragonite, F|86/100
|turn|22
|
|t:|1759014096
|move|p1a: Basculegion|Liquidation|p2a: Dragonite
|-resisted|p2a: Dragonite
|-damage|p2a: Dragonite|30/100
|move|p2a: Dragonite|Dragon Dance|p2a: Dragonite
|-boost|p2a: Dragonite|atk|1
|-boost|p2a: Dragonite|spe|1
|
|-weather|RainDance|[upkeep]
|upkeep
|turn|23
|
|t:|1759014108
|-terastallize|p2a: Dragonite|Flying
|move|p1a: Basculegion|Liquidation|p2a: Dragonite
|-damage|p2a: Dragonite|0 fnt
|faint|p2a: Dragonite
|
|-weather|RainDance|[upkeep]
|upkeep
|
|t:|1759014111
|switch|p2a: Great Tusk|Great Tusk|28/100
|turn|24
|c|☆victory 4 u|gg
|
|t:|1759014118
|move|p1a: Basculegion|Liquidation|p2a: Great Tusk
|-supereffective|p2a: Great Tusk
|-damage|p2a: Great Tusk|0 fnt
|faint|p2a: Great Tusk
|-end|p2a: Great Tusk|Protosynthesis|[silent]
|
|win|victory 4 u
|raw|victory 4 u's rating: 1113 &rarr; <strong>1141</strong><br />(+28 for winning)
|raw|Delah's rating: 1158 &rarr; <strong>1130</strong><br />(-28 for losing)
