|j|☆luxgia
|j|☆flowerpower22
|t:|1759014494
|gametype|singles
|player|p1|luxgia|byron|1589
|player|p2|flowerpower22|gentleman|1526
|gen|9
|tier|[Gen 9] OU
|rated|
|rule|HP Percentage Mod: HP is shown in percentages
|rule|Endless Battle Clause: Forcing endless battles is banned
|rule|Species Clause: Limit one of each Pokémon
|rule|OHKO Clause: OHKO moves are banned
|rule|Evasion Items Clause: Evasion items are banned
|rule|Evasion Moves Clause: Evasion moves are banned
|rule|Evasion Abilities Clause: Evasion abilities are banned
|rule|Sleep Moves Clause: Sleep-inducing moves are banned
|clearpoke
|poke|p1|Iron Crown|
|poke|p1|Samurott-Hisui, F|
|poke|p1|Zapdos|
|poke|p1|Dragapult, F|
|poke|p1|Great Tusk|
|poke|p1|Iron Boulder|
|poke|p2|Tyranitar, M|
|poke|p2|Excadrill, M|
|poke|p2|Keldeo-Resolute|
|poke|p2|Tornadus-Therian, M|
|poke|p2|Heatran, M|
|poke|p2|Hydrapple, F|
|teampreview
|inactive|Battle timer is ON: inactive players will automatically lose when time's up. (requested by flowerpower22)
|j| Squallskip
|
|t:|1759014516
|teamsize|p1|6
|teamsize|p2|6
|start
|switch|p1a: Parasite|Dragapult, F|100/100
|switch|p2a: Tornadus|Tornadus-Therian, M|100/100
|turn|1
|
|t:|1759014522
|move|p1a: Parasite|U-turn|p2a: Tornadus
|-resisted|p2a: Tornadus
|-damage|p2a: Tornadus|82/100
|
|t:|1759014524
|switch|p1a: Hurikan|Zapdos|100/100|[from] U-turn
|move|p2a: Tornadus|U-turn|p1a: Hurikan
|-resisted|p1a: Hurikan
|-crit|p1a: Hurikan
|-damage|p1a: Hurikan|93/100
|-status|p2a: Tornadus|par|[from] ability: Static|[of] p1a: Hurikan
|
|t:|1759014530
|switch|p2a: Tyranitar|Tyranitar, M|100/100|[from] U-turn
|-weather|Sandstorm|[from] ability: Sand Stream|[of] p2a: Tyranitar
|
|-weather|Sandstorm|[upkeep]
|-damage|p1a: Hurikan|87/100|[from] Sandstorm
|upkeep
|turn|2
|
|t:|1759014534
|move|p1a: Hurikan|U-turn|p2a: Tyranitar
|-supereffective|p2a: Tyranitar
|-damage|p2a: Tyranitar|75/100
|
|t:|1759014537
|switch|p1a: Everytime We Touch|Samurott-Hisui, F|100/100|[from] U-turn
|move|p2a: Tyranitar|Knock Off|p1a: Everytime We Touch
|-resisted|p1a: Everytime We Touch
|-damage|p1a: Everytime We Touch|49/100
|-enditem|p1a: Everytime We Touch|Choice Scarf|[from] move: Knock Off|[of] p2a: Tyranitar
|
|-weather|Sandstorm|[upkeep]
|-damage|p1a: Everytime We Touch|43/100|[from] Sandstorm
|upkeep
|turn|3
|
|t:|1759014542
|switch|p2a: Hydrapple|Hydrapple, F|100/100
|move|p1a: Everytime We Touch|Ceaseless Edge|p2a: Hydrapple
|-damage|p2a: Hydrapple|74/100
|-damage|p1a: Everytime We Touch|26/100|[from] item: Rocky Helmet|[of] p2a: Hydrapple
|-sidestart|p2: flowerpower22|Spikes
|
|-weather|Sandstorm|[upkeep]
|-damage|p1a: Everytime We Touch|20/100|[from] Sandstorm
|-damage|p2a: Hydrapple|68/100|[from] Sandstorm
|upkeep
|turn|4
|
|t:|1759014548
|move|p1a: Everytime We Touch|Ceaseless Edge|p2a: Hydrapple
|-damage|p2a: Hydrapple|42/100
|-damage|p1a: Everytime We Touch|4/100|[from] item: Rocky Helmet|[of] p2a: Hydrapple
|-sidestart|p2: flowerpower22|Spikes
|move|p2a: Hydrapple|Fickle Beam|p1a: Everytime We Touch
|-damage|p1a: Everytime We Touch|0 fnt
|faint|p1a: Everytime We Touch
|
|-weather|Sandstorm|[upkeep]
|-damage|p2a: Hydrapple|36/100|[from] Sandstorm
|upkeep
|
|t:|1759014552
|switch|p1a: Parasite|Dragapult, F|100/100
|turn|5
|
|t:|1759014557
|switch|p2a: Heatran|Heatran, M|100/100
|-damage|p2a: Heatran|84/100|[from] Spikes
|move|p1a: Parasite|Dragon Darts|p2a: Heatran
|-resisted|p2a: Heatran
|-damage|p2a: Heatran|67/100
|-anim|p1a: Parasite|Dragon Darts|p2a: Heatran
|-resisted|p2a: Heatran
|-damage|p2a: Heatran|51/100
|
|-weather|none
|-heal|p2a: Heatran|57/100|[from] item: Leftovers
|upkeep
|turn|6
|
|t:|1759014563
|move|p1a: Parasite|Dragon Darts|p2a: Heatran
|-resisted|p2a: Heatran
|-damage|p2a: Heatran|43/100
|-anim|p1a: Parasite|Dragon Darts|p2a: Heatran
|-resisted|p2a: Heatran
|-damage|p2a: Heatran|27/100
|move|p2a: Heatran|Stealth Rock|p1a: Parasite
|-sidestart|p1: luxgia|move: Stealth Rock
|
|-heal|p2a: Heatran|34/100|[from] item: Leftovers
|upkeep
|turn|7
|
|t:|1759014568
|switch|p1a: Pump It|Great Tusk|100/100
|move|p2a: Heatran|Magma Storm|p1a: Pump It
|-damage|p1a: Pump It|30/100
|-activate|p1a: Pump It|move: Magma Storm|[of] p2a: Heatran
|
|-heal|p2a: Heatran|40/100|[from] item: Leftovers
|-damage|p1a: Pump It|17/100|[from] move: Magma Storm|[partiallytrapped]
|upkeep
|turn|8
|
|t:|1759014577
|switch|p2a: Tornadus|Tornadus-Therian, M|100/100 par
|move|p1a: Pump It|Stealth Rock|p2a: Tornadus
|-sidestart|p2: flowerpower22|move: Stealth Rock
|
|-end|p1a: Pump It|Magma Storm|[partiallytrapped]|[silent]
|upkeep
|turn|9
|
|t:|1759014580
|move|p1a: Pump It|Rapid Spin|p2a: Tornadus
|-damage|p2a: Tornadus|82/100 par
|-boost|p1a: Pump It|spe|1
|-sideend|p1: luxgia|Stealth Rock|[from] move: Rapid Spin|[of] p1a: Pump It
|move|p2a: Tornadus|Bleakwind Storm|p1a: Pump It
|-supereffective|p1a: Pump It
|-damage|p1a: Pump It|0 fnt
|faint|p1a: Pump It
|-end|p1a: Pump It|Protosynthesis|[silent]
|
|upkeep
|
|t:|1759014584
|switch|p1a: Revery|Iron Boulder|100/100
|-enditem|p1a: Revery|Booster Energy
|-activate|p1a: Revery|ability: Quark Drive|[fromitem]
|-start|p1a: Revery|quarkdrivespe
|turn|10
|
|t:|1759014587
|move|p1a: Revery|Swords Dance|p1a: Revery
|-boost|p1a: Revery|atk|2
|cant|p2a: Tornadus|par
|
|upkeep
|turn|11
|
|t:|1759014589
|move|p1a: Revery|Mighty Cleave|p2a: Tornadus
|-supereffective|p2a: Tornadus
|-damage|p2a: Tornadus|0 fnt
|faint|p2a: Tornadus
|
|upkeep
|
|t:|1759014592
|switch|p2a: Tyranitar|Tyranitar, M|75/100
|-damage|p2a: Tyranitar|59/100|[from] Spikes
|-damage|p2a: Tyranitar|47/100|[from] Stealth Rock
|-weather|Sandstorm|[from] ability: Sand Stream|[of] p2a: Tyranitar
|turn|12
|
|t:|1759014595
|move|p1a: Revery|Mighty Cleave|p2a: Tyranitar
|-crit|p2a: Tyranitar
|-damage|p2a: Tyranitar|0 fnt
|faint|p2a: Tyranitar
|
|-weather|Sandstorm|[upkeep]
|upkeep
|
|t:|1759014597
|switch|p2a: Excadrill|Excadrill, M|100/100
|-damage|p2a: Excadrill|97/100|[from] Stealth Rock
|-item|p2a: Excadrill|Air Balloon
|turn|13
|
|t:|1759014605
|-terastallize|p1a: Revery|Fighting
|-terastallize|p2a: Excadrill|Ghost
|move|p1a: Revery|Close Combat|p2a: Excadrill
|-immune|p2a: Excadrill
|move|p2a: Excadrill|Earthquake|p1a: Revery
|-damage|p1a: Revery|30/100
|
|-weather|Sandstorm|[upkeep]
|-damage|p1a: Revery|24/100|[from] Sandstorm
|upkeep
|turn|14
|
|t:|1759014611
|move|p1a: Revery|Mighty Cleave|p2a: Excadrill
|-damage|p2a: Excadrill|0 fnt
|-enditem|p2a: Excadrill|Air Balloon
|faint|p2a: Excadrill
|
|-weather|Sandstorm|[upkeep]
|-damage|p1a: Revery|18/100|[from] Sandstorm
|upkeep
|
|t:|1759014615
|switch|p2a: Keldeo|Keldeo-Resolute|100/100
|-damage|p2a: Keldeo|84/100|[from] Spikes
|-damage|p2a: Keldeo|78/100|[from] Stealth Rock
|turn|15
|
|t:|1759014619
|move|p2a: Keldeo|Vacuum Wave|p1a: Revery
|-damage|p1a: Revery|0 fnt
|faint|p1a: Revery
|-end|p1a: Revery|Quark Drive|[silent]
|
|-weather|Sandstorm|[upkeep]
|-damage|p2a: Keldeo|72/100|[from] Sandstorm
|upkeep
|
|t:|1759014629
|switch|p1a: Parasite|Dragapult, F|100/100
|turn|16
|
|t:|1759014632
|switch|p2a: Heatran|Heatran, M|40/100
|-damage|p2a: Heatran|23/100|[from] Spikes
|-damage|p2a: Heatran|11/100|[from] Stealth Rock
|move|p1a: Parasite|Dragon Darts|p2a: Heatran
|-resisted|p2a: Heatran
|-crit|p2a: Heatran
|-damage|p2a: Heatran|0 fnt
|faint|p2a: Heatran
|
|-weather|none
|upkeep
|
|t:|1759014635
|switch|p2a: Keldeo|Keldeo-Resolute|72/100
|-damage|p2a: Keldeo|55/100|[from] Spikes
|-damage|p2a: Keldeo|49/100|[from] Stealth Rock
|turn|17
|
|t:|1759014638
|switch|p1a: Mindreader|Iron Crown|100/100
|move|p2a: Keldeo|Surf|p1a: Mindreader
|-damage|p1a: Mindreader|33/100
|
|upkeep
|turn|18
|
|t:|1759014642
|move|p2a: Keldeo|Surf|p1a: Mindreader
|-crit|p1a: Mindreader
|-damage|p1a: Mindreader|0 fnt
|faint|p1a: Mindreader
|-end|p1a: Mindreader|Quark Drive|[silent]
|
|upkeep
|
|t:|1759014643
|switch|p1a: Parasite|Dragapult, F|100/100
|turn|19
|
|t:|1759014647
|switch|p2a: Hydrapple|Hydrapple, F|70/100
|-damage|p2a: Hydrapple|53/100|[from] Spikes
|-damage|p2a: Hydrapple|41/100|[from] Stealth Rock
|move|p1a: Parasite|Dragon Darts|p2a: Hydrapple
|-supereffective|p2a: Hydrapple
|-damage|p2a: Hydrapple|0 fnt
|faint|p2a: Hydrapple
|
|upkeep
|
|t:|1759014648
|switch|p2a: Keldeo|Keldeo-Resolute|49/100
|-damage|p2a: Keldeo|33/100|[from] Spikes
|-damage|p2a: Keldeo|27/100|[from] Stealth Rock
|turn|20
|
|t:|1759014650
|move|p1a: Parasite|Dragon Darts|p2a: Keldeo
|-damage|p2a: Keldeo|0 fnt
|faint|p2a: Keldeo
|
|win|luxgia
|raw|luxgia's rating: 1589 &rarr; <strong>1605</strong><br />(+16 for winning)
|raw|flowerpower22's rating: 1526 &rarr; <strong>1510</strong><br />(-16 for losing)
|l|☆flowerpower22
|player|p2|
|l| Squallskip
