|badge|p2|bronze|gen9ou|100-6
|html|<div class="broadcast-red"><strong>This battle is required to be public due to one or more player having a season medal.</strong><br />During the public phase, you can discuss the state of the ladder <a href="/seasondiscussion">in a special chatroom.</a></div>
|uhtml|medal-msg|<div class="broadcast-blue">Curious what those medals under the avatar are? PS now has Ladder Seasons! For more information, check out the <a href="https://www.smogon.com/forums/threads/3740067/">thread on Smogon.</a></div>
|raw|<div class="broadcast-blue"><strong>This battle is required to be public due to a player having a name starting with 'medal'.</div>
|j|☆Ladder historian
|j|☆healorant
|t:|1759013428
|gametype|singles
|player|p1|Ladder historian|lucas-gen4pt|1839
|player|p2|healorant|alder|1890
|gen|9
|tier|[Gen 9] OU
|rated|
|rule|HP Percentage Mod: HP is shown in percentages
|rule|Endless Battle Clause: Forcing endless battles is banned
|rule|Species Clause: Limit one of each Pokémon
|rule|OHKO Clause: OHKO moves are banned
|rule|Evasion Items Clause: Evasion items are banned
|rule|Evasion Moves Clause: Evasion moves are banned
|rule|Evasion Abilities Clause: Evasion abilities are banned
|rule|Sleep Moves Clause: Sleep-inducing moves are banned
|clearpoke
|poke|p1|Ogerpon-Wellspring, F|
|poke|p1|Kyurem|
|poke|p1|Weezing-Galar, F|
|poke|p1|Landorus-Therian, M|
|poke|p1|Kingambit, F|
|poke|p1|Enamorus, F|
|poke|p2|Garchomp, M|
|poke|p2|Corviknight, F|
|poke|p2|Great Tusk|
|poke|p2|Slowking-Galar, F|
|poke|p2|Dragapult, M|
|poke|p2|Ogerpon-Wellspring, F|
|teampreview
|j| IM AT MY LIMIT
|
|t:|1759013442
|teamsize|p1|6
|teamsize|p2|6
|start
|switch|p1a: Kyurem|Kyurem|100/100
|switch|p2a: Ogerpon|Ogerpon-Wellspring, F|100/100
|-ability|p1a: Kyurem|Pressure
|turn|1
|inactive|Battle timer is ON: inactive players will automatically lose when time's up. (requested by healorant)
|j| larp legion
|
|t:|1759013447
|move|p2a: Ogerpon|U-turn|p1a: Kyurem
|-damage|p1a: Kyurem|74/100
|
|t:|1759013450
|switch|p2a: Slowking|Slowking-Galar, F|100/100|[from] U-turn
|move|p1a: Kyurem|Icicle Spear|p2a: Slowking
|-damage|p2a: Slowking|89/100
|-damage|p2a: Slowking|76/100
|-damage|p2a: Slowking|64/100
|-damage|p2a: Slowking|52/100
|-hitcount|p2a: Slowking|4
|
|upkeep
|turn|2
|
|t:|1759013456
|move|p1a: Kyurem|Icicle Spear|p2a: Slowking
|-damage|p2a: Slowking|40/100
|-damage|p2a: Slowking|28/100
|-damage|p2a: Slowking|16/100
|-damage|p2a: Slowking|4/100
|-hitcount|p2a: Slowking|4
|move|p2a: Slowking|Sludge Bomb|p1a: Kyurem
|-damage|p1a: Kyurem|29/100
|
|upkeep
|turn|3
|
|t:|1759013462
|switch|p2a: Corviknight|Corviknight, F|100/100
|-ability|p2a: Corviknight|Pressure
|move|p1a: Kyurem|Icicle Spear|p2a: Corviknight
|-damage|p2a: Corviknight|93/100
|-damage|p2a: Corviknight|86/100
|-damage|p2a: Corviknight|79/100
|-damage|p2a: Corviknight|73/100
|-damage|p2a: Corviknight|66/100
|-hitcount|p2a: Corviknight|5
|
|-heal|p2a: Corviknight|72/100|[from] item: Leftovers
|upkeep
|turn|4
|
|t:|1759013467
|move|p1a: Kyurem|Icicle Spear|p2a: Corviknight
|-damage|p2a: Corviknight|65/100
|-damage|p2a: Corviknight|58/100
|-damage|p2a: Corviknight|52/100
|-damage|p2a: Corviknight|45/100
|-hitcount|p2a: Corviknight|4
|move|p2a: Corviknight|U-turn|p1a: Kyurem
|-damage|p1a: Kyurem|15/100
|j| amefurikoneko
|
|t:|1759013472
|switch|p2a: Ogerpon|Ogerpon-Wellspring, F|100/100|[from] U-turn
|
|upkeep
|turn|5
|
|t:|1759013476
|move|p2a: Ogerpon|Knock Off|p1a: Kyurem
|-damage|p1a: Kyurem|0 fnt
|-enditem|p1a: Kyurem|Loaded Dice|[from] move: Knock Off|[of] p2a: Ogerpon
|faint|p1a: Kyurem
|
|upkeep
|
|t:|1759013481
|switch|p1a: Landorus|Landorus-Therian, M|100/100
|-ability|p1a: Landorus|Intimidate|boost
|-unboost|p2a: Ogerpon|atk|1
|turn|6
|
|t:|1759013485
|move|p2a: Ogerpon|Ivy Cudgel|p1a: Landorus|[anim] Ivy Cudgel Water
|-supereffective|p1a: Landorus
|-damage|p1a: Landorus|17/100
|move|p1a: Landorus|U-turn|p2a: Ogerpon
|-supereffective|p2a: Ogerpon
|-damage|p2a: Ogerpon|38/100
|
|t:|1759013489
|switch|p1a: Enamorus|Enamorus, F|100/100|[from] U-turn
|
|upkeep
|turn|7
|
|t:|1759013495
|switch|p1a: Ogerpon|Ogerpon-Wellspring, F|100/100
|switch|p2a: Corviknight|Corviknight, F|45/100
|-ability|p2a: Corviknight|Pressure
|
|-heal|p2a: Corviknight|51/100|[from] item: Leftovers
|upkeep
|turn|8
|
|t:|1759013498
|-terastallize|p1a: Ogerpon|Water
|detailschange|p1a: Ogerpon|Ogerpon-Wellspring-Tera, F, tera:Water
|-ability|p1a: Ogerpon|Embody Aspect (Wellspring)|boost
|-boost|p1a: Ogerpon|spd|1
|move|p1a: Ogerpon|Ivy Cudgel|p2a: Corviknight|[anim] Ivy Cudgel Water
|-damage|p2a: Corviknight|2/100
|move|p2a: Corviknight|Roost|p2a: Corviknight
|-heal|p2a: Corviknight|52/100
|-singleturn|p2a: Corviknight|move: Roost
|
|-heal|p2a: Corviknight|58/100|[from] item: Leftovers
|upkeep
|turn|9
|
|t:|1759013505
|move|p1a: Ogerpon|Ivy Cudgel|p2a: Corviknight|[anim] Ivy Cudgel Water
|-damage|p2a: Corviknight|8/100
|move|p2a: Corviknight|Brave Bird|p1a: Ogerpon
|-damage|p1a: Ogerpon|50/100
|-damage|p2a: Corviknight|0 fnt|[from] Recoil
|faint|p2a: Corviknight
|
|upkeep
|
|t:|1759013516
|switch|p2a: Garchomp|Garchomp, M|100/100
|turn|10
|
|t:|1759013520
|switch|p1a: Enamorus|Enamorus, F|100/100
|move|p2a: Garchomp|Scale Shot|p1a: Enamorus
|-immune|p1a: Enamorus
|
|upkeep
|turn|11
|l| IM AT MY LIMIT
|
|t:|1759013528
|switch|p2a: Slowking|Slowking-Galar, F|37/100
|move|p1a: Enamorus|Earth Power|p2a: Slowking
|-supereffective|p2a: Slowking
|-damage|p2a: Slowking|4/100
|
|upkeep
|turn|12
|
|t:|1759013533
|move|p1a: Enamorus|Earth Power|p2a: Slowking
|-supereffective|p2a: Slowking
|-damage|p2a: Slowking|0 fnt
|faint|p2a: Slowking
|
|upkeep
|
|t:|1759013535
|switch|p2a: Ogerpon|Ogerpon-Wellspring, F|38/100
|turn|13
|
|t:|1759013538
|switch|p1a: Weezing|Weezing-Galar, F|100/100
|-ability|p1a: Weezing|Neutralizing Gas
|move|p2a: Ogerpon|Horn Leech|p1a: Weezing
|-resisted|p1a: Weezing
|-damage|p1a: Weezing|86/100
|-heal|p2a: Ogerpon|46/100|[from] drain|[of] p1a: Weezing
|
|upkeep
|turn|14
|
|t:|1759013543
|move|p2a: Ogerpon|U-turn|p1a: Weezing
|-resisted|p1a: Weezing
|-damage|p1a: Weezing|81/100
|
|t:|1759013545
|switch|p2a: Great Tusk|Great Tusk|100/100|[from] U-turn
|move|p1a: Weezing|Will-O-Wisp|p2a: Great Tusk
|-status|p2a: Great Tusk|brn
|
|-damage|p2a: Great Tusk|94/100 brn|[from] brn
|upkeep
|turn|15
|
|t:|1759013551
|-end|p1a: Weezing|ability: Neutralizing Gas
|switch|p1a: Ogerpon|Ogerpon-Wellspring-Tera, F, tera:Water|50/100
|-ability|p1a: Ogerpon|Embody Aspect (Wellspring)|boost
|-boost|p1a: Ogerpon|spd|1
|move|p2a: Great Tusk|Stealth Rock|p1a: Ogerpon
|-sidestart|p1: Ladder historian|move: Stealth Rock
|
|-damage|p2a: Great Tusk|88/100 brn|[from] brn
|upkeep
|turn|16
|
|t:|1759013555
|move|p1a: Ogerpon|Ivy Cudgel|p2a: Great Tusk|[anim] Ivy Cudgel Water
|-supereffective|p2a: Great Tusk
|-damage|p2a: Great Tusk|0 fnt
|faint|p2a: Great Tusk
|-end|p2a: Great Tusk|Protosynthesis|[silent]
|
|upkeep
|
|t:|1759013559
|switch|p2a: Ogerpon|Ogerpon-Wellspring, F|46/100
|turn|17
|
|t:|1759013564
|move|p2a: Ogerpon|Horn Leech|p1a: Ogerpon
|-supereffective|p1a: Ogerpon
|-damage|p1a: Ogerpon|0 fnt
|-heal|p2a: Ogerpon|71/100|[from] drain|[of] p1a: Ogerpon
|faint|p1a: Ogerpon
|detailschange|p1: Ogerpon|Ogerpon-Wellspring, F|[silent]
|
|upkeep
|
|t:|1759013568
|switch|p1a: Weezing|Weezing-Galar, F|81/100
|-ability|p1a: Weezing|Neutralizing Gas
|turn|18
|
|t:|1759013572
|move|p2a: Ogerpon|U-turn|p1a: Weezing
|-resisted|p1a: Weezing
|-crit|p1a: Weezing
|-damage|p1a: Weezing|75/100
|
|t:|1759013574
|switch|p2a: Dragapult|Dragapult, M|100/100|[from] U-turn
|move|p1a: Weezing|Will-O-Wisp|p2a: Dragapult
|-status|p2a: Dragapult|brn
|
|-damage|p2a: Dragapult|95/100 brn|[from] brn
|upkeep
|turn|19
|
|t:|1759013579
|-end|p1a: Weezing|ability: Neutralizing Gas
|switch|p1a: Landorus|Landorus-Therian, M|17/100
|-damage|p1a: Landorus|5/100|[from] Stealth Rock
|-ability|p1a: Landorus|Intimidate|boost
|-unboost|p2a: Dragapult|atk|1
|move|p2a: Dragapult|Will-O-Wisp|p1a: Landorus
|-status|p1a: Landorus|brn
|
|-damage|p2a: Dragapult|89/100 brn|[from] brn
|-damage|p1a: Landorus|0 fnt|[from] brn
|faint|p1a: Landorus
|upkeep
|
|t:|1759013583
|switch|p1a: Enamorus|Enamorus, F|100/100
|-damage|p1a: Enamorus|76/100|[from] Stealth Rock
|turn|20
|
|t:|1759013585
|move|p1a: Enamorus|Moonblast|p2a: Dragapult
|-supereffective|p2a: Dragapult
|-damage|p2a: Dragapult|0 fnt
|faint|p2a: Dragapult
|
|upkeep
|
|t:|1759013586
|switch|p2a: Ogerpon|Ogerpon-Wellspring, F|71/100
|turn|21
|
|t:|1759013591
|switch|p1a: Kingambit|Kingambit, F|100/100
|-damage|p1a: Kingambit|94/100|[from] Stealth Rock
|-activate|p1a: Kingambit|ability: Supreme Overlord
|-start|p1a: Kingambit|fallen3|[silent]
|-terastallize|p2a: Ogerpon|Water
|detailschange|p2a: Ogerpon|Ogerpon-Wellspring-Tera, F, tera:Water
|-ability|p2a: Ogerpon|Embody Aspect (Wellspring)|boost
|-boost|p2a: Ogerpon|spd|1
|move|p2a: Ogerpon|Ivy Cudgel|p1a: Kingambit|[anim] Ivy Cudgel Water
|-damage|p1a: Kingambit|27/100
|
|upkeep
|turn|22
|
|t:|1759013595
|switch|p2a: Garchomp|Garchomp, M|100/100
|move|p1a: Kingambit|Sucker Punch||[still]
|-fail|p1a: Kingambit
|
|upkeep
|turn|23
|
|t:|1759013599
|move|p2a: Garchomp|Liquidation|p1a: Kingambit
|-damage|p1a: Kingambit|0 fnt
|faint|p1a: Kingambit
|-end|p1a: Kingambit|fallen3|[silent]
|
|upkeep
|
|t:|1759013605
|switch|p1a: Enamorus|Enamorus, F|76/100
|-damage|p1a: Enamorus|51/100|[from] Stealth Rock
|turn|24
|
|t:|1759013608
|move|p1a: Enamorus|Moonblast|p2a: Garchomp
|-supereffective|p2a: Garchomp
|-damage|p2a: Garchomp|0 fnt
|faint|p2a: Garchomp
|
|upkeep
|
|t:|1759013610
|switch|p2a: Ogerpon|Ogerpon-Wellspring-Tera, F, tera:Water|71/100
|-ability|p2a: Ogerpon|Embody Aspect (Wellspring)|boost
|-boost|p2a: Ogerpon|spd|1
|turn|25
|
|t:|1759013613
|move|p1a: Enamorus|Moonblast|p2a: Ogerpon
|-damage|p2a: Ogerpon|28/100
|move|p2a: Ogerpon|Ivy Cudgel|p1a: Enamorus|[anim] Ivy Cudgel Water
|-damage|p1a: Enamorus|0 fnt
|faint|p1a: Enamorus
|
|upkeep
|
|t:|1759013616
|switch|p1a: Weezing|Weezing-Galar, F|75/100
|-ability|p1a: Weezing|Neutralizing Gas
|turn|26
|
|t:|1759013622
|move|p2a: Ogerpon|Ivy Cudgel|p1a: Weezing|[anim] Ivy Cudgel Water
|-damage|p1a: Weezing|25/100
|move|p1a: Weezing|Will-O-Wisp|p2a: Ogerpon
|-status|p2a: Ogerpon|brn
|
|-damage|p2a: Ogerpon|22/100 brn|[from] brn
|upkeep
|turn|27
|
|t:|1759013629
|move|p2a: Ogerpon|Ivy Cudgel|p1a: Weezing|[anim] Ivy Cudgel Water
|-damage|p1a: Weezing|0 fnt
|faint|p1a: Weezing
|-end|p1a: Weezing|ability: Neutralizing Gas
|
|win|healorant
|raw|Ladder historian's rating: 1839 &rarr; <strong>1822</strong><br />(-17 for losing)
|raw|healorant's rating: 1890 &rarr; <strong>1907</strong><br />(+17 for winning)
|l|☆healorant
|player|p2|
|l|☆Ladder historian
|player|p1|
