|j|☆dumbfuggq
|j|☆Alcke
|t:|1759038901
|gametype|singles
|player|p1|dumbfuggq|ghetsis|1319
|player|p2|Alcke|101|1315
|gen|9
|tier|[Gen 9] OU
|rated|
|rule|HP Percentage Mod: HP is shown in percentages
|rule|Endless Battle Clause: Forcing endless battles is banned
|rule|Species Clause: Limit one of each Pokémon
|rule|OHKO Clause: OHKO moves are banned
|rule|Evasion Items Clause: Evasion items are banned
|rule|Evasion Moves Clause: Evasion moves are banned
|rule|Evasion Abilities Clause: Evasion abilities are banned
|rule|Sleep Moves Clause: Sleep-inducing moves are banned
|clearpoke
|poke|p1|Crawdaunt, F|
|poke|p1|Slowking-Galar, F|
|poke|p1|Zapdos|
|poke|p1|Great Tusk|
|poke|p1|Zamazenta-*|
|poke|p1|Rillaboom, M|
|poke|p2|Raging Bolt|
|poke|p2|Gholdengo|
|poke|p2|Great Tusk|
|poke|p2|Alomomola, F|
|poke|p2|Dragonite, M|
|poke|p2|Garganacl, M|
|teampreview
|inactive|Battle timer is ON: inactive players will automatically lose when time's up. (requested by dumbfuggq)
|
|t:|1759038923
|teamsize|p1|6
|teamsize|p2|6
|start
|switch|p1a: Crawdaunt|Crawdaunt, F, shiny|100/100
|switch|p2a: Alomomola|Alomomola, F|100/100
|turn|1
|
|t:|1759038933
|move|p1a: Crawdaunt|Knock Off|p2a: Alomomola
|-damage|p2a: Alomomola|41/100
|-enditem|p2a: Alomomola|Heavy-Duty Boots|[from] move: Knock Off|[of] p1a: Crawdaunt
|-damage|p1a: Crawdaunt|91/100|[from] item: Life Orb
|move|p2a: Alomomola|Tickle|p1a: Crawdaunt
|-unboost|p1a: Crawdaunt|atk|1
|-unboost|p1a: Crawdaunt|def|1
|
|upkeep
|turn|2
|
|t:|1759038942
|move|p1a: Crawdaunt|Knock Off|p2a: Alomomola
|-damage|p2a: Alomomola|16/100
|-damage|p1a: Crawdaunt|81/100|[from] item: Life Orb
|move|p2a: Alomomola|Flip Turn|p1a: Crawdaunt
|-resisted|p1a: Crawdaunt
|-damage|p1a: Crawdaunt|62/100
|
|t:|1759038952
|switch|p2a: Raging Bolt|Raging Bolt|100/100|[from] Flip Turn
|
|upkeep
|turn|3
|
|t:|1759038961
|switch|p1a: Slowking|Slowking-Galar, F|100/100
|move|p2a: Raging Bolt|Thunderclap||[still]
|-fail|p2a: Raging Bolt
|
|upkeep
|turn|4
|
|t:|1759038975
|-end|p2a: Raging Bolt|Protosynthesis|[silent]
|switch|p2a: Garganacl|Garganacl, M|100/100
|-prepare|p1a: Slowking|Chilly Reception|[premajor]
|move|p1a: Slowking|Chilly Reception|p1a: Slowking
|-weather|Snowscape
|
|t:|1759038978
|switch|p1a: Crawdaunt|Crawdaunt, F, shiny|62/100|[from] Chilly Reception
|
|-weather|Snowscape|[upkeep]
|upkeep
|turn|5
|
|t:|1759038998
|move|p2a: Garganacl|Protect|p2a: Garganacl
|-singleturn|p2a: Garganacl|Protect
|move|p1a: Crawdaunt|Knock Off|p2a: Garganacl
|-activate|p2a: Garganacl|move: Protect
|
|-weather|Snowscape|[upkeep]
|upkeep
|turn|6
|
|t:|1759039011
|switch|p1a: Rillaboom|Rillaboom, M|100/100
|-fieldstart|move: Grassy Terrain|[from] ability: Grassy Surge|[of] p1a: Rillaboom
|move|p2a: Garganacl|Salt Cure|p1a: Rillaboom
|-damage|p1a: Rillaboom|84/100
|-start|p1a: Rillaboom|Salt Cure
|
|-weather|Snowscape|[upkeep]
|-heal|p1a: Rillaboom|91/100|[from] Grassy Terrain
|-damage|p1a: Rillaboom|78/100|[from] Salt Cure
|upkeep
|turn|7
|
|t:|1759039026
|move|p2a: Garganacl|Protect|p2a: Garganacl
|-singleturn|p2a: Garganacl|Protect
|move|p1a: Rillaboom|U-turn|p2a: Garganacl
|-activate|p2a: Garganacl|move: Protect
|
|-weather|Snowscape|[upkeep]
|-heal|p1a: Rillaboom|84/100|[from] Grassy Terrain
|-damage|p1a: Rillaboom|72/100|[from] Salt Cure
|upkeep
|turn|8
|
|t:|1759039035
|move|p1a: Rillaboom|U-turn|p2a: Garganacl
|-damage|p2a: Garganacl|74/100
|
|t:|1759039038
|switch|p1a: Great Tusk|Great Tusk, shiny|100/100|[from] U-turn
|move|p2a: Garganacl|Stealth Rock|p1a: Great Tusk
|-sidestart|p1: dumbfuggq|move: Stealth Rock
|
|-weather|none
|-heal|p2a: Garganacl|80/100|[from] Grassy Terrain
|-heal|p2a: Garganacl|86/100|[from] item: Leftovers
|upkeep
|turn|9
|
|t:|1759039055
|switch|p2a: Alomomola|Alomomola, F|49/100
|move|p1a: Great Tusk|Rapid Spin|p2a: Alomomola
|-damage|p2a: Alomomola|40/100
|-boost|p1a: Great Tusk|spe|1
|-sideend|p1: dumbfuggq|Stealth Rock|[from] move: Rapid Spin|[of] p1a: Great Tusk
|
|-heal|p2a: Alomomola|46/100|[from] Grassy Terrain
|upkeep
|turn|10
|
|t:|1759039064
|move|p1a: Great Tusk|Stealth Rock|p2a: Alomomola
|-sidestart|p2: Alcke|move: Stealth Rock
|move|p2a: Alomomola|Wish|p2a: Alomomola
|
|-heal|p2a: Alomomola|52/100|[from] Grassy Terrain
|-fieldend|move: Grassy Terrain
|upkeep
|turn|11
|
|t:|1759039079
|-end|p1a: Great Tusk|Protosynthesis|[silent]
|switch|p1a: Rillaboom|Rillaboom, M|72/100
|-fieldstart|move: Grassy Terrain|[from] ability: Grassy Surge|[of] p1a: Rillaboom
|move|p2a: Alomomola|Tickle|p1a: Rillaboom
|-unboost|p1a: Rillaboom|atk|1
|-unboost|p1a: Rillaboom|def|1
|
|-heal|p2a: Alomomola|100/100|[from] move: Wish|[wisher] Alomomola
|-heal|p1a: Rillaboom|78/100|[from] Grassy Terrain
|upkeep
|turn|12
|
|t:|1759039099
|switch|p1a: Crawdaunt|Crawdaunt, F, shiny|62/100
|move|p2a: Alomomola|Flip Turn|p1a: Crawdaunt
|-resisted|p1a: Crawdaunt
|-crit|p1a: Crawdaunt
|-damage|p1a: Crawdaunt|44/100
|
|t:|1759039111
|switch|p2a: Dragonite|Dragonite, M|100/100|[from] Flip Turn
|
|-heal|p1a: Crawdaunt|50/100|[from] Grassy Terrain
|upkeep
|turn|13
|
|t:|1759039123
|move|p2a: Dragonite|Dragon Dance|p2a: Dragonite
|-boost|p2a: Dragonite|atk|1
|-boost|p2a: Dragonite|spe|1
|move|p1a: Crawdaunt|Knock Off|p2a: Dragonite
|-crit|p2a: Dragonite
|-damage|p2a: Dragonite|18/100
|-enditem|p2a: Dragonite|Heavy-Duty Boots|[from] move: Knock Off|[of] p1a: Crawdaunt
|-damage|p1a: Crawdaunt|41/100|[from] item: Life Orb
|
|-heal|p1a: Crawdaunt|47/100|[from] Grassy Terrain
|upkeep
|turn|14
|inactive|Alcke has 120 seconds left.
|
|t:|1759039138
|move|p2a: Dragonite|Extreme Speed|p1a: Crawdaunt
|-damage|p1a: Crawdaunt|0 fnt
|faint|p1a: Crawdaunt
|
|upkeep
|
|t:|1759039160
|switch|p1a: Zamazenta|Zamazenta, shiny|100/100
|-ability|p1a: Zamazenta|Dauntless Shield|boost
|-boost|p1a: Zamazenta|def|1
|turn|15
|
|t:|1759039175
|switch|p2a: Great Tusk|Great Tusk|100/100
|move|p1a: Zamazenta|Crunch|p2a: Great Tusk
|-resisted|p2a: Great Tusk
|-damage|p2a: Great Tusk|91/100
|
|-heal|p2a: Great Tusk|98/100|[from] Grassy Terrain
|-fieldend|move: Grassy Terrain
|upkeep
|turn|16
|
|t:|1759039184
|switch|p1a: Zapdos|Zapdos|100/100
|move|p2a: Great Tusk|Rapid Spin|p1a: Zapdos
|-damage|p1a: Zapdos|80/100
|-boost|p2a: Great Tusk|spe|1
|-sideend|p2: Alcke|Stealth Rock|[from] move: Rapid Spin|[of] p2a: Great Tusk
|
|upkeep
|turn|17
|
|t:|1759039197
|-end|p2a: Great Tusk|Protosynthesis|[silent]
|switch|p2a: Garganacl|Garganacl, M|86/100
|move|p1a: Zapdos|Hurricane|p2a: Garganacl
|-resisted|p2a: Garganacl
|-damage|p2a: Garganacl|67/100
|-start|p2a: Garganacl|confusion
|
|-heal|p2a: Garganacl|73/100|[from] item: Leftovers
|upkeep
|turn|18
|
|t:|1759039209
|move|p1a: Zapdos|Volt Switch|p2a: Garganacl
|-damage|p2a: Garganacl|49/100
|
|t:|1759039217
|switch|p1a: Rillaboom|Rillaboom, M|78/100|[from] Volt Switch
|-fieldstart|move: Grassy Terrain|[from] ability: Grassy Surge|[of] p1a: Rillaboom
|-activate|p2a: Garganacl|confusion
|move|p2a: Garganacl|Salt Cure|p1a: Rillaboom
|-damage|p1a: Rillaboom|62/100
|-start|p1a: Rillaboom|Salt Cure
|
|-heal|p1a: Rillaboom|69/100|[from] Grassy Terrain
|-heal|p2a: Garganacl|55/100|[from] Grassy Terrain
|-heal|p2a: Garganacl|62/100|[from] item: Leftovers
|-damage|p1a: Rillaboom|56/100|[from] Salt Cure
|upkeep
|turn|19
|
|t:|1759039234
|switch|p1a: Slowking|Slowking-Galar, F|100/100
|-end|p2a: Garganacl|confusion
|move|p2a: Garganacl|Protect||[still]
|-fail|p2a: Garganacl
|
|-heal|p2a: Garganacl|68/100|[from] Grassy Terrain
|-heal|p2a: Garganacl|74/100|[from] item: Leftovers
|upkeep
|turn|20
|
|t:|1759039238
|move|p2a: Garganacl|Stealth Rock|p1a: Slowking
|-sidestart|p1: dumbfuggq|move: Stealth Rock
|-prepare|p1a: Slowking|Chilly Reception|[premajor]
|move|p1a: Slowking|Chilly Reception|p1a: Slowking
|-weather|Snowscape
|
|t:|1759039241
|switch|p1a: Great Tusk|Great Tusk, shiny|100/100|[from] Chilly Reception
|
|-weather|Snowscape|[upkeep]
|-heal|p2a: Garganacl|80/100|[from] Grassy Terrain
|-heal|p2a: Garganacl|86/100|[from] item: Leftovers
|upkeep
|turn|21
|
|t:|1759039252
|switch|p2a: Gholdengo|Gholdengo|100/100
|move|p1a: Great Tusk|Rapid Spin|p2a: Gholdengo
|-immune|p2a: Gholdengo
|
|-weather|Snowscape|[upkeep]
|upkeep
|turn|22
|
|t:|1759039273
|switch|p2a: Alomomola|Alomomola, F|100/100
|move|p1a: Great Tusk|Stealth Rock|p2a: Alomomola
|-sidestart|p2: Alcke|move: Stealth Rock
|
|-weather|Snowscape|[upkeep]
|-fieldend|move: Grassy Terrain
|upkeep
|turn|23
|
|t:|1759039282
|move|p1a: Great Tusk|Rapid Spin|p2a: Alomomola
|-damage|p2a: Alomomola|92/100
|-boost|p1a: Great Tusk|spe|1
|-sideend|p1: dumbfuggq|Stealth Rock|[from] move: Rapid Spin|[of] p1a: Great Tusk
|move|p2a: Alomomola|Wish|p2a: Alomomola
|
|-weather|Snowscape|[upkeep]
|upkeep
|turn|24
|
|t:|1759039289
|move|p1a: Great Tusk|Headlong Rush|p2a: Alomomola
|-damage|p2a: Alomomola|63/100
|-unboost|p1a: Great Tusk|def|1
|-unboost|p1a: Great Tusk|spd|1
|move|p2a: Alomomola|Flip Turn|p1a: Great Tusk
|-supereffective|p1a: Great Tusk
|-damage|p1a: Great Tusk|71/100
|
|t:|1759039305
|switch|p2a: Dragonite|Dragonite, M|18/100|[from] Flip Turn
|-damage|p2a: Dragonite|0 fnt|[from] Stealth Rock
|faint|p2a: Dragonite
|
|-weather|none
|upkeep
|-message|Alcke forfeited.
|
|win|dumbfuggq
|raw|dumbfuggq's rating: 1319 &rarr; <strong>1339</strong><br />(+20 for winning)
|raw|Alcke's rating: 1315 &rarr; <strong>1295</strong><br />(-20 for losing)
|l|☆Alcke
|player|p2|
|l|☆dumbfuggq
|player|p1|
