|j|☆teamogerpon
|j|☆Arcaelin
|t:|1758938489
|gametype|singles
|player|p1|teamogerpon|lady|
|player|p2|Arcaelin|elesa|
|gen|9
|tier|[Gen 9] OU
|rule|HP Percentage Mod: HP is shown in percentages
|rule|Endless Battle Clause: Forcing endless battles is banned
|rule|Species Clause: Limit one of each Pokémon
|rule|OHKO Clause: OHKO moves are banned
|rule|Evasion Items Clause: Evasion items are banned
|rule|Evasion Moves Clause: Evasion moves are banned
|rule|Evasion Abilities Clause: Evasion abilities are banned
|rule|Sleep Moves Clause: Sleep-inducing moves are banned
|clearpoke
|poke|p1|Samurott-Hisui, M|
|poke|p1|Rillaboom, F|
|poke|p1|Hawlucha, F|
|poke|p1|Comfey, F|
|poke|p1|Great Tusk|
|poke|p1|Heatran, F|
|poke|p2|Leafeon, F|
|poke|p2|Manaphy|
|poke|p2|Jirachi|
|poke|p2|Zorua, F|
|poke|p2|Mimikyu, M|
|poke|p2|Ribombee, F|
|teampreview
|inactive|Battle timer is ON: inactive players will automatically lose when time's up. (requested by teamogerpon)
|
|t:|1758938501
|teamsize|p1|6
|teamsize|p2|6
|start
|switch|p1a: Samurott|Samurott-Hisui, M|100/100
|switch|p2a: Pikachu~|Mimikyu, M|100/100
|turn|1
|
|t:|1758938509
|move|p1a: Samurott|Ceaseless Edge|p2a: Pikachu~
|-resisted|p2a: Pikachu~
|-damage|p2a: Pikachu~|74/100
|replace|p2a: タッチの欠如|Zorua, F
|-end|p2a: タッチの欠如|Illusion
|-sidestart|p2: Arcaelin|Spikes
|move|p2a: タッチの欠如|Knock Off|p1a: Samurott
|-resisted|p1a: Samurott
|-damage|p1a: Samurott|86/100
|-enditem|p1a: Samurott|Choice Scarf|[from] move: Knock Off|[of] p2a: タッチの欠如
|
|upkeep
|turn|2
|
|t:|1758938520
|move|p1a: Samurott|Ceaseless Edge|p2a: タッチの欠如
|-resisted|p2a: タッチの欠如
|-damage|p2a: タッチの欠如|44/100
|-sidestart|p2: Arcaelin|Spikes
|move|p2a: タッチの欠如|Night Shade|p1a: Samurott
|-damage|p1a: Samurott|55/100
|
|upkeep
|turn|3
|
|t:|1758938524
|move|p1a: Samurott|Ceaseless Edge|p2a: タッチの欠如
|-resisted|p2a: タッチの欠如
|-damage|p2a: タッチの欠如|16/100
|-sidestart|p2: Arcaelin|Spikes
|move|p2a: タッチの欠如|Memento|p1a: Samurott
|-unboost|p1a: Samurott|atk|2
|-unboost|p1a: Samurott|spa|2
|faint|p2a: タッチの欠如
|
|upkeep
|
|t:|1758938536
|switch|p2a: Pikachu~|Mimikyu, M|100/100
|-damage|p2a: Pikachu~|76/100|[from] Spikes
|turn|4
|
|t:|1758938543
|move|p1a: Samurott|Knock Off|p2a: Pikachu~
|-activate|p2a: Pikachu~|ability: Disguise
|-damage|p2a: Pikachu~|76/100
|-enditem|p2a: Pikachu~|Life Orb|[from] move: Knock Off|[of] p1a: Samurott
|detailschange|p2a: Pikachu~|Mimikyu-Busted, M
|-damage|p2a: Pikachu~|63/100|[from] pokemon: Mimikyu-Busted
|move|p2a: Pikachu~|Leech Life|p1a: Samurott
|-supereffective|p1a: Samurott
|-damage|p1a: Samurott|0 fnt
|-heal|p2a: Pikachu~|99/100|[from] drain|[of] p1a: Samurott
|faint|p1a: Samurott
|
|upkeep
|
|t:|1758938569
|switch|p1a: Heatran|Heatran, F|100/100
|-item|p1a: Heatran|Air Balloon
|turn|5
|
|t:|1758938581
|move|p2a: Pikachu~|Shadow Sneak|p1a: Heatran
|-damage|p1a: Heatran|85/100
|-enditem|p1a: Heatran|Air Balloon
|move|p1a: Heatran|Magma Storm|p2a: Pikachu~|[miss]
|-miss|p1a: Heatran|p2a: Pikachu~
|
|upkeep
|turn|6
|
|t:|1758938588
|move|p2a: Pikachu~|Play Rough|p1a: Heatran
|-resisted|p1a: Heatran
|-damage|p1a: Heatran|76/100
|move|p1a: Heatran|Magma Storm|p2a: Pikachu~
|-crit|p2a: Pikachu~
|-damage|p2a: Pikachu~|7/100
|-activate|p2a: Pikachu~|move: Magma Storm|[of] p1a: Heatran
|
|-damage|p2a: Pikachu~|0 fnt|[from] move: Magma Storm|[partiallytrapped]
|faint|p2a: Pikachu~
|upkeep
|
|t:|1758938590
|switch|p2a: Sweet Summer Child|Manaphy, shiny|100/100
|-damage|p2a: Sweet Summer Child|75/100|[from] Spikes
|turn|7
|
|t:|1758938595
|switch|p1a: Rillaboom|Rillaboom, F|100/100
|-fieldstart|move: Grassy Terrain|[from] ability: Grassy Surge|[of] p1a: Rillaboom
|move|p2a: Sweet Summer Child|Aqua Ring|p2a: Sweet Summer Child
|-start|p2a: Sweet Summer Child|Aqua Ring
|
|-heal|p2a: Sweet Summer Child|82/100|[from] Grassy Terrain
|-heal|p2a: Sweet Summer Child|88/100|[from] item: Leftovers
|-heal|p2a: Sweet Summer Child|94/100|[from] Aqua Ring
|upkeep
|turn|8
|
|t:|1758938599
|-terastallize|p2a: Sweet Summer Child|Ice
|move|p1a: Rillaboom|Wood Hammer|p2a: Sweet Summer Child
|-damage|p2a: Sweet Summer Child|9/100
|-damage|p1a: Rillaboom|67/100|[from] Recoil
|move|p2a: Sweet Summer Child|Ice Beam|p1a: Rillaboom
|-supereffective|p1a: Rillaboom
|-damage|p1a: Rillaboom|0 fnt
|faint|p1a: Rillaboom
|
|-heal|p2a: Sweet Summer Child|16/100|[from] Grassy Terrain
|-heal|p2a: Sweet Summer Child|22/100|[from] item: Leftovers
|-heal|p2a: Sweet Summer Child|28/100|[from] Aqua Ring
|upkeep
|
|t:|1758938604
|switch|p1a: Comfey|Comfey, F|100/100
|-enditem|p1a: Comfey|Grassy Seed
|-boost|p1a: Comfey|def|1|[from] item: Grassy Seed
|turn|9
|
|t:|1758938608
|move|p1a: Comfey|Calm Mind|p1a: Comfey
|-boost|p1a: Comfey|spa|1
|-boost|p1a: Comfey|spd|1
|move|p2a: Sweet Summer Child|Ice Beam|p1a: Comfey
|-damage|p1a: Comfey|78/100
|
|-heal|p1a: Comfey|84/100|[from] Grassy Terrain
|-heal|p2a: Sweet Summer Child|34/100|[from] Grassy Terrain
|-heal|p2a: Sweet Summer Child|40/100|[from] item: Leftovers
|-heal|p2a: Sweet Summer Child|47/100|[from] Aqua Ring
|upkeep
|turn|10
|
|t:|1758938612
|move|p1a: Comfey|Calm Mind|p1a: Comfey
|-boost|p1a: Comfey|spa|1
|-boost|p1a: Comfey|spd|1
|move|p2a: Sweet Summer Child|Take Heart|p2a: Sweet Summer Child
|-boost|p2a: Sweet Summer Child|spa|1
|-boost|p2a: Sweet Summer Child|spd|1
|
|-heal|p2a: Sweet Summer Child|53/100|[from] Grassy Terrain
|-heal|p1a: Comfey|90/100|[from] Grassy Terrain
|-heal|p2a: Sweet Summer Child|59/100|[from] item: Leftovers
|-heal|p2a: Sweet Summer Child|65/100|[from] Aqua Ring
|upkeep
|turn|11
|
|t:|1758938614
|move|p2a: Sweet Summer Child|Take Heart|p2a: Sweet Summer Child
|-boost|p2a: Sweet Summer Child|spa|1
|-boost|p2a: Sweet Summer Child|spd|1
|move|p1a: Comfey|Calm Mind|p1a: Comfey
|-boost|p1a: Comfey|spa|1
|-boost|p1a: Comfey|spd|1
|
|-heal|p2a: Sweet Summer Child|71/100|[from] Grassy Terrain
|-heal|p1a: Comfey|96/100|[from] Grassy Terrain
|-heal|p2a: Sweet Summer Child|77/100|[from] item: Leftovers
|-heal|p2a: Sweet Summer Child|84/100|[from] Aqua Ring
|-fieldend|move: Grassy Terrain
|upkeep
|turn|12
|
|t:|1758938618
|move|p2a: Sweet Summer Child|Take Heart|p2a: Sweet Summer Child
|-boost|p2a: Sweet Summer Child|spa|1
|-boost|p2a: Sweet Summer Child|spd|1
|move|p1a: Comfey|Calm Mind|p1a: Comfey
|-boost|p1a: Comfey|spa|1
|-boost|p1a: Comfey|spd|1
|
|-heal|p2a: Sweet Summer Child|90/100|[from] item: Leftovers
|-heal|p2a: Sweet Summer Child|96/100|[from] Aqua Ring
|upkeep
|turn|13
|
|t:|1758938619
|move|p2a: Sweet Summer Child|Ice Beam|p1a: Comfey
|-damage|p1a: Comfey|68/100
|move|p1a: Comfey|Calm Mind|p1a: Comfey
|-boost|p1a: Comfey|spa|1
|-boost|p1a: Comfey|spd|1
|
|-heal|p2a: Sweet Summer Child|100/100|[from] item: Leftovers
|upkeep
|turn|14
|
|t:|1758938621
|move|p1a: Comfey|Calm Mind|p1a: Comfey
|-boost|p1a: Comfey|spa|1
|-boost|p1a: Comfey|spd|1
|move|p2a: Sweet Summer Child|Ice Beam|p1a: Comfey
|-damage|p1a: Comfey|48/100
|
|upkeep
|turn|15
|
|t:|1758938624
|move|p1a: Comfey|Draining Kiss|p2a: Sweet Summer Child
|-damage|p2a: Sweet Summer Child|82/100
|-heal|p1a: Comfey|67/100|[from] drain|[of] p2a: Sweet Summer Child
|move|p2a: Sweet Summer Child|Ice Beam|p1a: Comfey
|-damage|p1a: Comfey|47/100
|-status|p1a: Comfey|frz
|
|-heal|p2a: Sweet Summer Child|88/100|[from] item: Leftovers
|-heal|p2a: Sweet Summer Child|94/100|[from] Aqua Ring
|upkeep
|turn|16
|
|t:|1758938627
|move|p2a: Sweet Summer Child|Take Heart|p2a: Sweet Summer Child
|-boost|p2a: Sweet Summer Child|spa|1
|-boost|p2a: Sweet Summer Child|spd|1
|cant|p1a: Comfey|frz
|
|-heal|p2a: Sweet Summer Child|99/100|[from] item: Leftovers
|-heal|p2a: Sweet Summer Child|100/100|[from] Aqua Ring
|upkeep
|turn|17
|
|t:|1758938628
|move|p2a: Sweet Summer Child|Take Heart|p2a: Sweet Summer Child
|-boost|p2a: Sweet Summer Child|spa|1
|-boost|p2a: Sweet Summer Child|spd|1
|cant|p1a: Comfey|frz
|
|upkeep
|turn|18
|
|t:|1758938630
|cant|p1a: Comfey|frz
|move|p2a: Sweet Summer Child|Take Heart|p2a: Sweet Summer Child
|-boost|p2a: Sweet Summer Child|spa|1
|-boost|p2a: Sweet Summer Child|spd|1
|
|upkeep
|turn|19
|
|t:|1758938631
|cant|p1a: Comfey|frz
|move|p2a: Sweet Summer Child|Ice Beam|p1a: Comfey
|-crit|p1a: Comfey
|-damage|p1a: Comfey|0 fnt
|faint|p1a: Comfey
|
|upkeep
|
|t:|1758938635
|switch|p1a: Hawlucha|Hawlucha, F|100/100
|turn|20
|
|t:|1758938639
|move|p1a: Hawlucha|Close Combat|p2a: Sweet Summer Child
|-supereffective|p2a: Sweet Summer Child
|-damage|p2a: Sweet Summer Child|35/100
|-unboost|p1a: Hawlucha|def|1
|-unboost|p1a: Hawlucha|spd|1
|move|p2a: Sweet Summer Child|Ice Beam|p1a: Hawlucha
|-supereffective|p1a: Hawlucha
|-damage|p1a: Hawlucha|0 fnt
|faint|p1a: Hawlucha
|
|-heal|p2a: Sweet Summer Child|41/100|[from] item: Leftovers
|-heal|p2a: Sweet Summer Child|48/100|[from] Aqua Ring
|upkeep
|
|t:|1758938644
|switch|p1a: Great Tusk|Great Tusk|100/100
|turn|21
|
|t:|1758938652
|move|p1a: Great Tusk|Headlong Rush|p2a: Sweet Summer Child
|-damage|p2a: Sweet Summer Child|15/100
|-unboost|p1a: Great Tusk|def|1
|-unboost|p1a: Great Tusk|spd|1
|move|p2a: Sweet Summer Child|Ice Beam|p1a: Great Tusk
|-supereffective|p1a: Great Tusk
|-damage|p1a: Great Tusk|0 fnt
|faint|p1a: Great Tusk
|-end|p1a: Great Tusk|Protosynthesis|[silent]
|
|-heal|p2a: Sweet Summer Child|22/100|[from] item: Leftovers
|-heal|p2a: Sweet Summer Child|28/100|[from] Aqua Ring
|upkeep
|
|t:|1758938654
|switch|p1a: Heatran|Heatran, F|76/100
|turn|22
|
|t:|1758938658
|-terastallize|p1a: Heatran|Grass
|move|p2a: Sweet Summer Child|Scald|p1a: Heatran
|-resisted|p1a: Heatran
|-crit|p1a: Heatran
|-damage|p1a: Heatran|16/100
|-status|p1a: Heatran|brn
|move|p1a: Heatran|Magma Storm|p2a: Sweet Summer Child
|-supereffective|p2a: Sweet Summer Child
|-damage|p2a: Sweet Summer Child|9/100
|-activate|p2a: Sweet Summer Child|move: Magma Storm|[of] p1a: Heatran
|
|-heal|p2a: Sweet Summer Child|16/100|[from] item: Leftovers
|-heal|p2a: Sweet Summer Child|22/100|[from] Aqua Ring
|-damage|p1a: Heatran|10/100 brn|[from] brn
|-damage|p2a: Sweet Summer Child|9/100|[from] move: Magma Storm|[partiallytrapped]
|upkeep
|turn|23
|
|t:|1758938665
|move|p2a: Sweet Summer Child|Ice Beam|p1a: Heatran
|-supereffective|p1a: Heatran
|-damage|p1a: Heatran|0 fnt
|faint|p1a: Heatran
|
|win|Arcaelin
