|j|☆killthome
|j|☆SiguWay
|t:|1759018932
|gametype|singles
|player|p1|killthome|101|1215
|player|p2|SiguWay|266|1264
|gen|9
|tier|[Gen 9] OU
|rated|
|rule|HP Percentage Mod: HP is shown in percentages
|rule|Endless Battle Clause: Forcing endless battles is banned
|rule|Species Clause: Limit one of each Pokémon
|rule|OHKO Clause: OHKO moves are banned
|rule|Evasion Items Clause: Evasion items are banned
|rule|Evasion Moves Clause: Evasion moves are banned
|rule|Evasion Abilities Clause: Evasion abilities are banned
|rule|Sleep Moves Clause: Sleep-inducing moves are banned
|clearpoke
|poke|p1|Great Tusk|
|poke|p1|Heatran, M|
|poke|p1|Weavile, M|
|poke|p1|Primarina, M|
|poke|p1|Ogerpon, F|
|poke|p1|Pecharunt|
|poke|p2|Alomomola, M|
|poke|p2|Slowking-Galar, F|
|poke|p2|Landorus-Therian, M|
|poke|p2|Samurott-Hisui, F|
|poke|p2|Great Tusk|
|poke|p2|Dragonite, M|
|teampreview
|
|t:|1759018967
|teamsize|p1|6
|teamsize|p2|6
|start
|switch|p1a: Bandit|Weavile, M, shiny|100/100
|switch|p2a: Samurott|Samurott-Hisui, F|100/100
|-ability|p1a: Bandit|Pressure
|turn|1
|
|t:|1759018976
|switch|p1a: Celestine|Primarina, M, shiny|100/100
|move|p2a: Samurott|Sacred Sword|p1a: Celestine
|-resisted|p1a: Celestine
|-damage|p1a: Celestine|76/100
|
|upkeep
|turn|2
|
|t:|1759018986
|switch|p2a: Slowking|Slowking-Galar, F|100/100
|move|p1a: Celestine|Moonblast|p2a: Slowking
|-resisted|p2a: Slowking
|-damage|p2a: Slowking|86/100
|-unboost|p2a: Slowking|spa|1
|
|upkeep
|turn|3
|
|t:|1759018995
|move|p1a: Celestine|Flip Turn|p2a: Slowking
|-damage|p2a: Slowking|70/100
|
|t:|1759018999
|switch|p1a: Bandit|Weavile, M, shiny|100/100|[from] Flip Turn
|-ability|p1a: Bandit|Pressure
|-prepare|p2a: Slowking|Chilly Reception|[premajor]
|move|p2a: Slowking|Chilly Reception|p2a: Slowking
|-weather|Snowscape
|
|t:|1759019007
|switch|p2a: Samurott|Samurott-Hisui, F|100/100|[from] Chilly Reception
|
|-weather|Snowscape|[upkeep]
|upkeep
|turn|4
|
|t:|1759019027
|switch|p1a: Celestine|Primarina, M, shiny|76/100
|move|p2a: Samurott|Ceaseless Edge|p1a: Celestine
|-resisted|p1a: Celestine
|-damage|p1a: Celestine|48/100
|-sidestart|p1: killthome|Spikes
|
|-weather|Snowscape|[upkeep]
|upkeep
|turn|5
|
|t:|1759019037
|switch|p2a: Slowking|Slowking-Galar, F|100/100
|move|p1a: Celestine|Flip Turn|p2a: Slowking
|-damage|p2a: Slowking|87/100
|
|t:|1759019075
|switch|p1a: Behemoth|Great Tusk, shiny|100/100|[from] Flip Turn
|
|-weather|Snowscape|[upkeep]
|upkeep
|turn|6
|
|t:|1759019084
|switch|p2a: Landorus|Landorus-Therian, M|100/100
|-ability|p2a: Landorus|Intimidate|boost
|-unboost|p1a: Behemoth|atk|1
|move|p1a: Behemoth|Headlong Rush|p2a: Landorus
|-immune|p2a: Landorus
|
|-weather|Snowscape|[upkeep]
|upkeep
|turn|7
|
|t:|1759019103
|move|p2a: Landorus|Earth Power|p1a: Behemoth
|-damage|p1a: Behemoth|49/100
|move|p1a: Behemoth|Ice Spinner|p2a: Landorus
|-supereffective|p2a: Landorus
|-damage|p2a: Landorus|29/100
|-damage|p1a: Behemoth|32/100|[from] item: Rocky Helmet|[of] p2a: Landorus
|
|-weather|none
|upkeep
|turn|8
|
|t:|1759019118
|-end|p1a: Behemoth|Protosynthesis|[silent]
|switch|p1a: Chaos|Heatran, M, shiny|100/100
|-item|p1a: Chaos|Air Balloon
|move|p2a: Landorus|Earth Power|p1a: Chaos
|-immune|p1a: Chaos
|
|upkeep
|turn|9
|n|☆killthome|killthome
|
|t:|1759019137
|move|p2a: Landorus|U-turn|p1a: Chaos
|-resisted|p1a: Chaos
|-damage|p1a: Chaos|96/100
|-enditem|p1a: Chaos|Air Balloon
|
|t:|1759019147
|switch|p2a: Samurott|Samurott-Hisui, F|100/100|[from] U-turn
|move|p1a: Chaos|Magma Storm|p2a: Samurott|[miss]
|-miss|p1a: Chaos|p2a: Samurott
|
|upkeep
|turn|10
|n|☆killthome|killthome
|
|t:|1759019167
|switch|p1a: Celestine|Primarina, M, shiny|48/100
|-damage|p1a: Celestine|36/100|[from] Spikes
|move|p2a: Samurott|Aqua Cutter|p1a: Celestine
|-resisted|p1a: Celestine
|-damage|p1a: Celestine|5/100
|
|upkeep
|turn|11
|
|t:|1759019174
|move|p2a: Samurott|Aqua Cutter|p1a: Celestine
|-resisted|p1a: Celestine
|-damage|p1a: Celestine|0 fnt
|faint|p1a: Celestine
|
|upkeep
|
|t:|1759019178
|switch|p1a: Anonymous|Ogerpon, F|100/100
|-damage|p1a: Anonymous|88/100|[from] Spikes
|turn|12
|
|t:|1759019186
|switch|p2a: Landorus|Landorus-Therian, M|29/100
|-ability|p2a: Landorus|Intimidate|boost
|-unboost|p1a: Anonymous|atk|1
|-ability|p1a: Anonymous|Defiant|boost
|-boost|p1a: Anonymous|atk|2
|-terastallize|p1a: Anonymous|Grass
|detailschange|p1a: Anonymous|Ogerpon-Teal-Tera, F, tera:Grass
|-ability|p1a: Anonymous|Embody Aspect (Teal)|boost
|-boost|p1a: Anonymous|spe|1
|move|p1a: Anonymous|Ivy Cudgel|p2a: Landorus
|-damage|p2a: Landorus|0 fnt
|faint|p2a: Landorus
|
|upkeep
|
|t:|1759019203
|switch|p2a: Dragonite|Dragonite, M|100/100
|turn|13
|
|t:|1759019210
|move|p1a: Anonymous|Ivy Cudgel|p2a: Dragonite
|-resisted|p2a: Dragonite
|-crit|p2a: Dragonite
|-damage|p2a: Dragonite|72/100
|move|p2a: Dragonite|Dragon Dance|p2a: Dragonite
|-boost|p2a: Dragonite|atk|1
|-boost|p2a: Dragonite|spe|1
|
|upkeep
|turn|14
|
|t:|1759019226
|switch|p1a: Behemoth|Great Tusk, shiny|32/100
|move|p2a: Dragonite|Dragon Dance|p2a: Dragonite
|-boost|p2a: Dragonite|atk|1
|-boost|p2a: Dragonite|spe|1
|
|upkeep
|turn|15
|
|t:|1759019238
|-terastallize|p2a: Dragonite|Normal
|move|p2a: Dragonite|Extreme Speed|p1a: Behemoth
|-damage|p1a: Behemoth|0 fnt
|faint|p1a: Behemoth
|-end|p1a: Behemoth|Protosynthesis|[silent]
|
|upkeep
|l|☆killthome
|player|p1|
|inactive|Battle timer is ON: inactive players will automatically lose when time's up. (requested by SiguWay)
|j|☆killthome
|inactive|killthome reconnected and has 130 seconds left.
|player|p1|killthome|101|
|inactive|killthome has 120 seconds left.
|-message|killthome forfeited.
|
|win|SiguWay
|raw|killthome's rating: 1215 &rarr; <strong>1194</strong><br />(-21 for losing)
|raw|SiguWay's rating: 1264 &rarr; <strong>1285</strong><br />(+21 for winning)
|l|☆killthome
|player|p1|
|j|☆killthome
|player|p1|killthome|101|
