|inactive|Battle timer is ON: inactive players will automatically lose when time's up.
|j|☆kirax357
|j|☆duckycrater
|t:|1759043808
|gametype|singles
|player|p1|kirax357|psychic-gen4|
|player|p2|duckycrater|102|
|gen|9
|tier|[Gen 9] OU
|rated|Tournament battle
|rule|HP Percentage Mod: HP is shown in percentages
|rule|Endless Battle Clause: Forcing endless battles is banned
|rule|Species Clause: Limit one of each Pokémon
|rule|OHKO Clause: OHKO moves are banned
|rule|Evasion Items Clause: Evasion items are banned
|rule|Evasion Moves Clause: Evasion moves are banned
|rule|Evasion Abilities Clause: Evasion abilities are banned
|rule|Sleep Moves Clause: Sleep-inducing moves are banned
|rule|Inverse Mod: Weaknesses become resistances, while resistances and immunities become weaknesses.
|rule|Blitz: Super-fast timer
|raw|<div class="infobox"><details class="readmore" open><summary><strong>2 custom rules:</strong></summary> inverse mod, blitz</details></div>
|clearpoke
|poke|p1|Regidrago|
|poke|p1|Scizor, M|
|poke|p1|Gholdengo|
|poke|p1|Iron Hands|
|poke|p1|Dragonite, M|
|poke|p1|Ursaluna, F|
|poke|p2|Dondozo, F|
|poke|p2|Toxapex, F|
|poke|p2|Zamazenta-*|
|poke|p2|Ting-Lu|
|poke|p2|Weezing-Galar, F|
|poke|p2|Latios, M|
|teampreview
|j|*Lady Monita ☀
|inactive|kirax357 also wants the timer to be on.
|j| Below average luck
|c|☆duckycrater|glhf
|inactive|duckycrater has 30 seconds left.
|c|☆kirax357|glhf
|
|t:|1759043821
|teamsize|p1|6
|teamsize|p2|6
|start
|switch|p1a: Dragonite|Dragonite, M|100/100
|switch|p2a: Pisces Fīnis|Dondozo, F|100/100
|turn|1
|
|t:|1759043824
|move|p1a: Dragonite|Extreme Speed|p2a: Pisces Fīnis
|-damage|p2a: Pisces Fīnis|74/100
|move|p2a: Pisces Fīnis|Curse|p2a: Pisces Fīnis
|-unboost|p2a: Pisces Fīnis|spe|1
|-boost|p2a: Pisces Fīnis|atk|1
|-boost|p2a: Pisces Fīnis|def|1
|
|-heal|p2a: Pisces Fīnis|80/100|[from] item: Leftovers
|upkeep
|turn|2
|inactive|kirax357 has 10 seconds left.
|
|t:|1759043830
|switch|p1a: Iron Hands|Iron Hands|100/100
|move|p2a: Pisces Fīnis|Crunch|p1a: Iron Hands
|-supereffective|p1a: Iron Hands
|-crit|p1a: Iron Hands
|-damage|p1a: Iron Hands|49/100
|
|-heal|p2a: Pisces Fīnis|86/100|[from] item: Leftovers
|upkeep
|turn|3
|
|t:|1759043833
|move|p1a: Iron Hands|Wild Charge|p2a: Pisces Fīnis
|-resisted|p2a: Pisces Fīnis
|-damage|p2a: Pisces Fīnis|75/100
|-damage|p1a: Iron Hands|46/100|[from] Recoil
|move|p2a: Pisces Fīnis|Crunch|p1a: Iron Hands
|-supereffective|p1a: Iron Hands
|-damage|p1a: Iron Hands|8/100
|
|-heal|p2a: Pisces Fīnis|82/100|[from] item: Leftovers
|upkeep
|turn|4
|
|t:|1759043836
|move|p1a: Iron Hands|Fake Out||[still]
|-hint|Fake Out only works on your first turn out.
|-fail|p1a: Iron Hands
|move|p2a: Pisces Fīnis|Curse|p2a: Pisces Fīnis
|-unboost|p2a: Pisces Fīnis|spe|1
|-boost|p2a: Pisces Fīnis|atk|1
|-boost|p2a: Pisces Fīnis|def|1
|
|-heal|p2a: Pisces Fīnis|88/100|[from] item: Leftovers
|upkeep
|turn|5
|
|t:|1759043838
|move|p1a: Iron Hands|Brick Break|p2a: Pisces Fīnis
|-damage|p2a: Pisces Fīnis|74/100
|move|p2a: Pisces Fīnis|Crunch|p1a: Iron Hands
|-supereffective|p1a: Iron Hands
|-damage|p1a: Iron Hands|0 fnt
|faint|p1a: Iron Hands
|-end|p1a: Iron Hands|Quark Drive|[silent]
|
|-heal|p2a: Pisces Fīnis|80/100|[from] item: Leftovers
|upkeep
|
|t:|1759043841
|switch|p1a: Gholdengo|Gholdengo|100/100
|turn|6
|
|t:|1759043845
|switch|p2a: Canis Bellium|Zamazenta|100/100
|-ability|p2a: Canis Bellium|Dauntless Shield|boost
|-boost|p2a: Canis Bellium|def|1
|move|p1a: Gholdengo|Make It Rain|p2a: Canis Bellium
|-damage|p2a: Canis Bellium|14/100
|-unboost|p1a: Gholdengo|spa|1
|-damage|p1a: Gholdengo|91/100|[from] item: Life Orb
|
|upkeep
|turn|7
|
|t:|1759043849
|move|p2a: Canis Bellium|Close Combat|p1a: Gholdengo
|-damage|p1a: Gholdengo|1/100
|-unboost|p2a: Canis Bellium|def|1
|-unboost|p2a: Canis Bellium|spd|1
|move|p1a: Gholdengo|Shadow Ball|p2a: Canis Bellium
|-damage|p2a: Canis Bellium|0 fnt
|faint|p2a: Canis Bellium
|-damage|p1a: Gholdengo|0 fnt|[from] item: Life Orb
|faint|p1a: Gholdengo
|
|upkeep
|inactive|kirax357 has 10 seconds left.
|inactive|duckycrater has 10 seconds left.
|
|t:|1759043854
|switch|p2a: Plaga Misericordia|Weezing-Galar, F|100/100
|switch|p1a: Scizor|Scizor, M|100/100
|-ability|p2a: Plaga Misericordia|Neutralizing Gas
|turn|8
|
|t:|1759043858
|move|p1a: Scizor|Bug Bite|p2a: Plaga Misericordia
|-supereffective|p2a: Plaga Misericordia
|-damage|p2a: Plaga Misericordia|0 fnt
|faint|p2a: Plaga Misericordia
|-end|p2a: Plaga Misericordia|ability: Neutralizing Gas
|
|upkeep
|
|t:|1759043863
|switch|p2a: Pisces Fīnis|Dondozo, F|80/100
|turn|9
|
|t:|1759043866
|-terastallize|p2a: Pisces Fīnis|Dark
|move|p1a: Scizor|Bug Bite|p2a: Pisces Fīnis
|-resisted|p2a: Pisces Fīnis
|-damage|p2a: Pisces Fīnis|56/100
|move|p2a: Pisces Fīnis|Curse|p2a: Pisces Fīnis
|-unboost|p2a: Pisces Fīnis|spe|1
|-boost|p2a: Pisces Fīnis|atk|1
|-boost|p2a: Pisces Fīnis|def|1
|
|-heal|p2a: Pisces Fīnis|62/100|[from] item: Leftovers
|upkeep
|turn|10
|
|t:|1759043869
|switch|p1a: Ursaluna|Ursaluna, F|100/100
|move|p2a: Pisces Fīnis|Crunch|p1a: Ursaluna
|-damage|p1a: Ursaluna|68/100
|
|-heal|p2a: Pisces Fīnis|68/100|[from] item: Leftovers
|-status|p1a: Ursaluna|brn|[from] item: Flame Orb
|upkeep
|turn|11
|
|t:|1759043874
|move|p1a: Ursaluna|Headlong Rush|p2a: Pisces Fīnis
|-damage|p2a: Pisces Fīnis|26/100
|-unboost|p1a: Ursaluna|def|1
|-unboost|p1a: Ursaluna|spd|1
|move|p2a: Pisces Fīnis|Rest|p2a: Pisces Fīnis
|-status|p2a: Pisces Fīnis|slp|[from] move: Rest
|-heal|p2a: Pisces Fīnis|100/100 slp|[silent]
|
|-damage|p1a: Ursaluna|61/100 brn|[from] brn
|upkeep
|turn|12
|
|t:|1759043877
|move|p1a: Ursaluna|Facade|p2a: Pisces Fīnis
|-damage|p2a: Pisces Fīnis|46/100 slp
|cant|p2a: Pisces Fīnis|slp
|move|p2a: Pisces Fīnis|Sleep Talk|p2a: Pisces Fīnis
|move|p2a: Pisces Fīnis|Crunch|p1a: Ursaluna|[from] move: Sleep Talk
|-damage|p1a: Ursaluna|32/100 brn
|
|-heal|p2a: Pisces Fīnis|52/100 slp|[from] item: Leftovers
|-damage|p1a: Ursaluna|26/100 brn|[from] brn
|upkeep
|turn|13
|
|t:|1759043881
|move|p1a: Ursaluna|Facade|p2a: Pisces Fīnis
|-damage|p2a: Pisces Fīnis|0 fnt
|faint|p2a: Pisces Fīnis
|
|-damage|p1a: Ursaluna|20/100 brn|[from] brn
|upkeep
|
|t:|1759043884
|switch|p2a: Dracō Itelligentia|Latios, M|100/100
|turn|14
|
|t:|1759043887
|move|p2a: Dracō Itelligentia|Psychic Noise|p1a: Ursaluna
|-damage|p1a: Ursaluna|0 fnt
|faint|p1a: Ursaluna
|
|upkeep
|
|t:|1759043891
|switch|p1a: Dragonite|Dragonite, M|100/100
|turn|15
|
|t:|1759043895
|-terastallize|p1a: Dragonite|Normal
|move|p1a: Dragonite|Extreme Speed|p2a: Dracō Itelligentia
|-damage|p2a: Dracō Itelligentia|7/100
|move|p2a: Dracō Itelligentia|Psychic Noise|p1a: Dragonite
|-damage|p1a: Dragonite|82/100
|-start|p1a: Dragonite|move: Heal Block
|
|upkeep
|turn|16
|
|t:|1759043898
|move|p1a: Dragonite|Extreme Speed|p2a: Dracō Itelligentia
|-damage|p2a: Dracō Itelligentia|0 fnt
|faint|p2a: Dracō Itelligentia
|
|-end|p1a: Dragonite|move: Heal Block
|upkeep
|
|t:|1759043900
|switch|p2a: Sacarium Venēnī|Toxapex, F|100/100
|turn|17
|
|t:|1759043904
|move|p1a: Dragonite|Extreme Speed|p2a: Sacarium Venēnī
|-damage|p2a: Sacarium Venēnī|53/100
|move|p2a: Sacarium Venēnī|Toxic|p1a: Dragonite
|-status|p1a: Dragonite|tox
|
|-damage|p1a: Dragonite|76/100 tox|[from] psn
|upkeep
|turn|18
|
|t:|1759043908
|switch|p1a: Scizor|Scizor, M|100/100
|move|p2a: Sacarium Venēnī|Recover|p2a: Sacarium Venēnī
|-heal|p2a: Sacarium Venēnī|100/100
|
|upkeep
|turn|19
|
|t:|1759043912
|switch|p2a: Vas Peccātī|Ting-Lu|100/100
|-ability|p2a: Vas Peccātī|Vessel of Ruin
|move|p1a: Scizor|Bullet Punch|p2a: Vas Peccātī
|-damage|p2a: Vas Peccātī|71/100
|
|-heal|p2a: Vas Peccātī|77/100|[from] item: Leftovers
|upkeep
|turn|20
|
|t:|1759043916
|move|p1a: Scizor|Bullet Punch|p2a: Vas Peccātī
|-damage|p2a: Vas Peccātī|47/100
|move|p2a: Vas Peccātī|Earthquake|p1a: Scizor
|-damage|p1a: Scizor|61/100
|
|-heal|p2a: Vas Peccātī|53/100|[from] item: Leftovers
|upkeep
|turn|21
|
|t:|1759043919
|move|p1a: Scizor|Bullet Punch|p2a: Vas Peccātī
|-damage|p2a: Vas Peccātī|26/100
|move|p2a: Vas Peccātī|Earthquake|p1a: Scizor
|-damage|p1a: Scizor|18/100
|
|-heal|p2a: Vas Peccātī|32/100|[from] item: Leftovers
|upkeep
|turn|22
|
|t:|1759043921
|move|p1a: Scizor|Bullet Punch|p2a: Vas Peccātī
|-damage|p2a: Vas Peccātī|3/100
|move|p2a: Vas Peccātī|Earthquake|p1a: Scizor
|-damage|p1a: Scizor|0 fnt
|faint|p1a: Scizor
|
|-heal|p2a: Vas Peccātī|9/100|[from] item: Leftovers
|upkeep
|
|t:|1759043924
|switch|p1a: Regidrago|Regidrago|100/100
|turn|23
|
|t:|1759043926
|move|p1a: Regidrago|Dragon Energy|p2a: Vas Peccātī
|-damage|p2a: Vas Peccātī|0 fnt
|faint|p2a: Vas Peccātī
|
|upkeep
|
|t:|1759043927
|switch|p2a: Sacarium Venēnī|Toxapex, F|100/100
|turn|24
|
|t:|1759043928
|move|p1a: Regidrago|Dragon Energy|p2a: Sacarium Venēnī
|-damage|p2a: Sacarium Venēnī|19/100
|move|p2a: Sacarium Venēnī|Toxic|p1a: Regidrago
|-status|p1a: Regidrago|tox
|
|-damage|p1a: Regidrago|94/100 tox|[from] psn
|upkeep
|turn|25
|
|t:|1759043931
|move|p1a: Regidrago|Dragon Energy|p2a: Sacarium Venēnī
|-damage|p2a: Sacarium Venēnī|0 fnt
|faint|p2a: Sacarium Venēnī
|
|win|kirax357
|n|☆kirax357|kirax357
|n|☆duckycrater|duckycrater
|n|*Lady Monita ☀|ladymonita
|n| Below average luck|belowaverageluck
