|badge|p1|bronze|gen9ou|100-6
|badge|p1|bronze|gen9monotype|100-6
|badge|p1|bronze|gen9uu|100-6
|html|<div class="broadcast-red"><strong>This battle is required to be public due to one or more player having a season medal.</strong><br />During the public phase, you can discuss the state of the ladder <a href="/seasondiscussion">in a special chatroom.</a></div>
|uhtml|medal-msg|<div class="broadcast-blue">Curious what those medals under the avatar are? PS now has Ladder Seasons! For more information, check out the <a href="https://www.smogon.com/forums/threads/3740067/">thread on Smogon.</a></div>
|badge|p2|bronze|gen9ou|100-6
|uhtml|medal-msg|<div class="broadcast-blue">Curious what those medals under the avatar are? PS now has Ladder Seasons! For more information, check out the <a href="https://www.smogon.com/forums/threads/3740067/">thread on Smogon.</a></div>
|j|☆darkprobz
|j|‽JackRG1
|t:|1759023781
|gametype|singles
|player|p1|darkprobz|cynthia-gen7|1861
|player|p2|JackRG1|dawn-gen4pt|1892
|gen|9
|tier|[Gen 9] OU
|rated|
|rule|HP Percentage Mod: HP is shown in percentages
|rule|Endless Battle Clause: Forcing endless battles is banned
|rule|Species Clause: Limit one of each Pokémon
|rule|OHKO Clause: OHKO moves are banned
|rule|Evasion Items Clause: Evasion items are banned
|rule|Evasion Moves Clause: Evasion moves are banned
|rule|Evasion Abilities Clause: Evasion abilities are banned
|rule|Sleep Moves Clause: Sleep-inducing moves are banned
|clearpoke
|poke|p1|Zamazenta-*|
|poke|p1|Lokix, F|
|poke|p1|Iron Crown|
|poke|p1|Zapdos|
|poke|p1|Alomomola, F|
|poke|p1|Great Tusk|
|poke|p2|Tyranitar, F|
|poke|p2|Excadrill, M|
|poke|p2|Tornadus-Therian, M|
|poke|p2|Hydrapple, F|
|poke|p2|Garganacl, M|
|poke|p2|Corviknight, M|
|teampreview
|inactive|Battle timer is ON: inactive players will automatically lose when time's up. (requested by JackRG1)
|j| shuinifengB
|inactive|darkprobz has 120 seconds left.
|
|t:|1759023817
|teamsize|p1|6
|teamsize|p2|6
|start
|switch|p1a: Iron Crown|Iron Crown|100/100
|switch|p2a: Garganacl|Garganacl, M|100/100
|turn|1
|
|t:|1759023827
|-terastallize|p2a: Garganacl|Water
|move|p1a: Iron Crown|Volt Switch|p2a: Garganacl
|-supereffective|p2a: Garganacl
|-damage|p2a: Garganacl|54/100
|
|t:|1759023831
|-end|p1a: Iron Crown|Quark Drive|[silent]
|switch|p1a: Alomomola|Alomomola, F|100/100|[from] Volt Switch
|move|p2a: Garganacl|Salt Cure|p1a: Alomomola
|-damage|p1a: Alomomola|90/100
|-start|p1a: Alomomola|Salt Cure
|
|-heal|p2a: Garganacl|60/100|[from] item: Leftovers
|-damage|p1a: Alomomola|65/100|[from] Salt Cure
|upkeep
|turn|2
|
|t:|1759023835
|switch|p1a: Iron Crown|Iron Crown|100/100
|move|p2a: Garganacl|Stealth Rock|p1a: Iron Crown
|-sidestart|p1: darkprobz|move: Stealth Rock
|
|-heal|p2a: Garganacl|66/100|[from] item: Leftovers
|upkeep
|turn|3
|
|t:|1759023839
|switch|p2a: Tyranitar|Tyranitar, F|100/100
|-weather|Sandstorm|[from] ability: Sand Stream|[of] p2a: Tyranitar
|move|p1a: Iron Crown|Psychic Noise|p2a: Tyranitar
|-immune|p2a: Tyranitar
|
|-weather|Sandstorm|[upkeep]
|upkeep
|turn|4
|
|t:|1759023845
|-end|p1a: Iron Crown|Quark Drive|[silent]
|switch|p1a: Great Tusk|Great Tusk|100/100
|switch|p2a: Tornadus|Tornadus-Therian, M|100/100
|
|-weather|Sandstorm|[upkeep]
|-damage|p2a: Tornadus|94/100|[from] Sandstorm
|upkeep
|turn|5
|
|t:|1759023848
|move|p2a: Tornadus|Bleakwind Storm|p1a: Great Tusk
|-supereffective|p1a: Great Tusk
|-damage|p1a: Great Tusk|0 fnt
|faint|p1a: Great Tusk
|-end|p1a: Great Tusk|Protosynthesis|[silent]
|
|-weather|Sandstorm|[upkeep]
|-damage|p2a: Tornadus|88/100|[from] Sandstorm
|upkeep
|
|t:|1759023851
|switch|p1a: Alomomola|Alomomola, F|98/100
|-damage|p1a: Alomomola|86/100|[from] Stealth Rock
|turn|6
|
|t:|1759023856
|switch|p2a: Garganacl|Garganacl, M, tera:Water|66/100
|move|p1a: Alomomola|Scald|p2a: Garganacl
|-resisted|p2a: Garganacl
|-damage|p2a: Garganacl|61/100
|
|-weather|Sandstorm|[upkeep]
|-damage|p1a: Alomomola|79/100|[from] Sandstorm
|-damage|p2a: Garganacl|55/100|[from] Sandstorm
|-heal|p2a: Garganacl|61/100|[from] item: Leftovers
|upkeep
|turn|7
|
|t:|1759023858
|move|p1a: Alomomola|Flip Turn|p2a: Garganacl
|-resisted|p2a: Garganacl
|-damage|p2a: Garganacl|56/100
|
|t:|1759023864
|switch|p1a: Zapdos|Zapdos|100/100|[from] Flip Turn
|move|p2a: Garganacl|Recover|p2a: Garganacl
|-heal|p2a: Garganacl|100/100
|
|-weather|none
|upkeep
|turn|8
|
|t:|1759023866
|switch|p2a: Excadrill|Excadrill, M|100/100
|move|p1a: Zapdos|Discharge|p2a: Excadrill
|-immune|p2a: Excadrill
|
|upkeep
|turn|9
|
|t:|1759023869
|move|p2a: Excadrill|Substitute|p2a: Excadrill
|-start|p2a: Excadrill|Substitute
|-damage|p2a: Excadrill|76/100
|move|p1a: Zapdos|Discharge|p2a: Excadrill
|-immune|p2a: Excadrill
|
|-heal|p2a: Excadrill|82/100|[from] item: Leftovers
|upkeep
|turn|10
|
|t:|1759023871
|move|p2a: Excadrill|Rock Slide|p1a: Zapdos
|-supereffective|p1a: Zapdos
|-damage|p1a: Zapdos|62/100
|move|p1a: Zapdos|U-turn|p2a: Excadrill
|-resisted|p2a: Excadrill
|-activate|p2a: Excadrill|move: Substitute|[damage]
|
|t:|1759023875
|switch|p1a: Zamazenta|Zamazenta|100/100|[from] U-turn
|-ability|p1a: Zamazenta|Dauntless Shield|boost
|-boost|p1a: Zamazenta|def|1
|
|-heal|p2a: Excadrill|88/100|[from] item: Leftovers
|upkeep
|turn|11
|
|t:|1759023877
|move|p1a: Zamazenta|Crunch|p2a: Excadrill
|-end|p2a: Excadrill|Substitute
|move|p2a: Excadrill|Rapid Spin|p1a: Zamazenta
|-damage|p1a: Zamazenta|88/100
|-boost|p2a: Excadrill|spe|1
|
|-heal|p2a: Excadrill|94/100|[from] item: Leftovers
|upkeep
|turn|12
|
|t:|1759023882
|move|p2a: Excadrill|Substitute|p2a: Excadrill
|-start|p2a: Excadrill|Substitute
|-damage|p2a: Excadrill|69/100
|move|p1a: Zamazenta|Close Combat|p2a: Excadrill
|-supereffective|p2a: Excadrill
|-end|p2a: Excadrill|Substitute
|-unboost|p1a: Zamazenta|def|1
|-unboost|p1a: Zamazenta|spd|1
|
|-heal|p2a: Excadrill|75/100|[from] item: Leftovers
|upkeep
|turn|13
|j| nesnot
|
|t:|1759023887
|switch|p2a: Corviknight|Corviknight, M|100/100
|-ability|p2a: Corviknight|Pressure
|move|p1a: Zamazenta|Crunch|p2a: Corviknight
|-damage|p2a: Corviknight|83/100
|-damage|p1a: Zamazenta|72/100|[from] item: Rocky Helmet|[of] p2a: Corviknight
|
|upkeep
|turn|14
|
|t:|1759023891
|switch|p1a: Zapdos|Zapdos|62/100
|move|p2a: Corviknight|U-turn|p1a: Zapdos
|-resisted|p1a: Zapdos
|-damage|p1a: Zapdos|57/100
|
|t:|1759023893
|switch|p2a: Tyranitar|Tyranitar, F|100/100|[from] U-turn
|-weather|Sandstorm|[from] ability: Sand Stream|[of] p2a: Tyranitar
|
|-weather|Sandstorm|[upkeep]
|-damage|p1a: Zapdos|51/100|[from] Sandstorm
|upkeep
|turn|15
|c| nesnot|Oh 3 badges, impressive
|
|t:|1759023897
|move|p1a: Zapdos|U-turn|p2a: Tyranitar
|-supereffective|p2a: Tyranitar
|-damage|p2a: Tyranitar|76/100
|
|t:|1759023901
|switch|p1a: Zamazenta|Zamazenta|72/100|[from] U-turn
|move|p2a: Tyranitar|Knock Off|p1a: Zamazenta
|-resisted|p1a: Zamazenta
|-damage|p1a: Zamazenta|33/100
|-enditem|p1a: Zamazenta|Heavy-Duty Boots|[from] move: Knock Off|[of] p2a: Tyranitar
|
|-weather|Sandstorm|[upkeep]
|-damage|p1a: Zamazenta|27/100|[from] Sandstorm
|upkeep
|turn|16
|
|t:|1759023912
|switch|p1a: Iron Crown|Iron Crown|100/100
|-damage|p1a: Iron Crown|94/100|[from] Stealth Rock
|switch|p2a: Tornadus|Tornadus-Therian, M|100/100
|
|-weather|Sandstorm|[upkeep]
|-damage|p2a: Tornadus|94/100|[from] Sandstorm
|upkeep
|turn|17
|c| nesnot|Which one was the hardest to get?
|c|☆darkprobz|this
|
|t:|1759023926
|-end|p1a: Iron Crown|Quark Drive|[silent]
|switch|p1a: Zapdos|Zapdos|51/100
|move|p2a: Tornadus|Heat Wave|p1a: Zapdos
|-damage|p1a: Zapdos|8/100
|
|-weather|Sandstorm|[upkeep]
|-damage|p2a: Tornadus|88/100|[from] Sandstorm
|-damage|p1a: Zapdos|2/100|[from] Sandstorm
|upkeep
|turn|18
|
|t:|1759023929
|move|p2a: Tornadus|Heat Wave|p1a: Zapdos
|-damage|p1a: Zapdos|0 fnt
|faint|p1a: Zapdos
|
|-weather|none
|upkeep
|
|t:|1759023934
|switch|p1a: Alomomola|Alomomola, F|100/100
|-damage|p1a: Alomomola|88/100|[from] Stealth Rock
|turn|19
|
|t:|1759023943
|switch|p2a: Garganacl|Garganacl, M, tera:Water|100/100
|move|p1a: Alomomola|Flip Turn|p2a: Garganacl
|-resisted|p2a: Garganacl
|-damage|p2a: Garganacl|95/100
|c|☆darkprobz|water garg walls the shit out of me
|c|☆darkprobz|gg
|c| nesnot|Hard to prepare for that type of sand
|-message|darkprobz forfeited.
|
|win|JackRG1
|raw|darkprobz's rating: 1861 &rarr; <strong>1843</strong><br />(-18 for losing)
|raw|JackRG1's rating: 1892 &rarr; <strong>1910</strong><br />(+18 for winning)
|l|☆darkprobz
|player|p1|
|l|‽JackRG1
|player|p2|
|l| shuinifengB
