|j|☆LetsgoBrandonJ
|j|☆spencomatic
|t:|1758993628
|gametype|singles
|player|p1|LetsgoBrandonJ|170|1599
|player|p2|spencomatic|miku-ground|1645
|gen|9
|tier|[Gen 9] OU
|rated|
|rule|HP Percentage Mod: HP is shown in percentages
|rule|Endless Battle Clause: Forcing endless battles is banned
|rule|Species Clause: Limit one of each Pokémon
|rule|OHKO Clause: OHKO moves are banned
|rule|Evasion Items Clause: Evasion items are banned
|rule|Evasion Moves Clause: Evasion moves are banned
|rule|Evasion Abilities Clause: Evasion abilities are banned
|rule|Sleep Moves Clause: Sleep-inducing moves are banned
|clearpoke
|poke|p1|Tyranitar, F|
|poke|p1|Excadrill, F|
|poke|p1|Keldeo-Resolute|
|poke|p1|Tornadus-Therian, M|
|poke|p1|Heatran, F|
|poke|p1|Hydrapple, M|
|poke|p2|Raikou|
|poke|p2|Slowking-Galar, F|
|poke|p2|Samurott-Hisui, F|
|poke|p2|Iron Treads|
|poke|p2|Hydrapple, F|
|poke|p2|Zamazenta-*|
|teampreview
|inactive|Battle timer is ON: inactive players will automatically lose when time's up. (requested by spencomatic)
|inactive|LetsgoBrandonJ also wants the timer to be on.
|
|t:|1758993643
|teamsize|p1|6
|teamsize|p2|6
|start
|switch|p1a: Tyranitar|Tyranitar, F|100/100
|switch|p2a: TalkingHeads|Hydrapple, F|100/100
|-weather|Sandstorm|[from] ability: Sand Stream|[of] p1a: Tyranitar
|turn|1
|
|t:|1758993651
|move|p1a: Tyranitar|Ice Punch|p2a: TalkingHeads
|-supereffective|p2a: TalkingHeads
|-damage|p2a: TalkingHeads|0 fnt
|faint|p2a: TalkingHeads
|
|-weather|Sandstorm|[upkeep]
|upkeep
|
|t:|1758993660
|switch|p2a: Treadmill Tungsten|Iron Treads|100/100
|turn|2
|
|t:|1758993666
|switch|p1a: Tornadus|Tornadus-Therian, M|100/100
|move|p2a: Treadmill Tungsten|Stealth Rock|p1a: Tornadus
|-sidestart|p1: LetsgoBrandonJ|move: Stealth Rock
|
|-weather|Sandstorm|[upkeep]
|-damage|p1a: Tornadus|94/100|[from] Sandstorm
|upkeep
|turn|3
|
|t:|1758993674
|move|p1a: Tornadus|Heat Wave|p2a: Treadmill Tungsten
|-supereffective|p2a: Treadmill Tungsten
|-damage|p2a: Treadmill Tungsten|38/100
|move|p2a: Treadmill Tungsten|Rapid Spin|p1a: Tornadus
|-damage|p1a: Tornadus|76/100
|-boost|p2a: Treadmill Tungsten|spe|1
|
|-weather|Sandstorm|[upkeep]
|-damage|p1a: Tornadus|70/100|[from] Sandstorm
|upkeep
|turn|4
|
|t:|1758993684
|move|p2a: Treadmill Tungsten|Ice Spinner|p1a: Tornadus
|-supereffective|p1a: Tornadus
|-damage|p1a: Tornadus|19/100
|move|p1a: Tornadus|Heat Wave|p2a: Treadmill Tungsten
|-supereffective|p2a: Treadmill Tungsten
|-damage|p2a: Treadmill Tungsten|0 fnt
|faint|p2a: Treadmill Tungsten
|-end|p2a: Treadmill Tungsten|Quark Drive|[silent]
|
|-weather|Sandstorm|[upkeep]
|-damage|p1a: Tornadus|13/100|[from] Sandstorm
|upkeep
|
|t:|1758993694
|switch|p2a: Die Sekiro|Samurott-Hisui, F|100/100
|turn|5
|
|t:|1758993697
|switch|p1a: Hydrapple|Hydrapple, M|100/100
|-damage|p1a: Hydrapple|88/100|[from] Stealth Rock
|move|p2a: Die Sekiro|Ceaseless Edge|p1a: Hydrapple
|-damage|p1a: Hydrapple|63/100
|-damage|p2a: Die Sekiro|84/100|[from] item: Rocky Helmet|[of] p1a: Hydrapple
|-sidestart|p1: LetsgoBrandonJ|Spikes
|
|-weather|none
|upkeep
|turn|6
|
|t:|1758993708
|move|p2a: Die Sekiro|Razor Shell|p1a: Hydrapple
|-resisted|p1a: Hydrapple
|-damage|p1a: Hydrapple|56/100
|-damage|p2a: Die Sekiro|67/100|[from] item: Rocky Helmet|[of] p1a: Hydrapple
|move|p1a: Hydrapple|Giga Drain|p2a: Die Sekiro
|-supereffective|p2a: Die Sekiro
|-damage|p2a: Die Sekiro|0 fnt
|-heal|p1a: Hydrapple|82/100|[from] drain|[of] p2a: Die Sekiro
|faint|p2a: Die Sekiro
|
|upkeep
|
|t:|1758993709
|switch|p2a: The Chillionaire|Slowking-Galar, F|100/100
|turn|7
|
|t:|1758993722
|switch|p1a: Heatran|Heatran, F|100/100
|-damage|p1a: Heatran|88/100|[from] Stealth Rock
|-damage|p1a: Heatran|76/100|[from] Spikes
|move|p2a: The Chillionaire|Future Sight|p1a: Heatran
|-start|p2a: The Chillionaire|move: Future Sight
|
|-heal|p1a: Heatran|82/100|[from] item: Leftovers
|upkeep
|turn|8
|
|t:|1758993731
|move|p1a: Heatran|Magma Storm|p2a: The Chillionaire|[miss]
|-miss|p1a: Heatran|p2a: The Chillionaire
|move|p2a: The Chillionaire|Thunder Wave|p1a: Heatran
|-status|p1a: Heatran|par
|
|-heal|p1a: Heatran|88/100 par|[from] item: Leftovers
|upkeep
|turn|9
|
|t:|1758993739
|move|p1a: Heatran|Magma Storm|p2a: The Chillionaire
|-damage|p2a: The Chillionaire|70/100
|-activate|p2a: The Chillionaire|move: Magma Storm|[of] p1a: Heatran
|-prepare|p2a: The Chillionaire|Chilly Reception|[premajor]
|move|p2a: The Chillionaire|Chilly Reception|p2a: The Chillionaire
|-weather|Snowscape
|
|t:|1758993741
|switch|p2a: Fighting Master|Zamazenta|100/100|[from] Chilly Reception
|-ability|p2a: Fighting Master|Dauntless Shield|boost
|-boost|p2a: Fighting Master|def|1
|
|-weather|Snowscape|[upkeep]
|-end|p1a: Heatran|move: Future Sight
|-resisted|p1a: Heatran
|-damage|p1a: Heatran|74/100 par
|-heal|p1a: Heatran|80/100 par|[from] item: Leftovers
|upkeep
|turn|10
|
|t:|1758993759
|switch|p1a: Tornadus|Tornadus-Therian, M|46/100
|move|p2a: Fighting Master|Substitute|p2a: Fighting Master
|-start|p2a: Fighting Master|Substitute
|-damage|p2a: Fighting Master|76/100
|
|-weather|Snowscape|[upkeep]
|-heal|p2a: Fighting Master|82/100|[from] item: Leftovers
|upkeep
|turn|11
|
|t:|1758993769
|move|p2a: Fighting Master|Crunch|p1a: Tornadus
|-damage|p1a: Tornadus|25/100
|-unboost|p1a: Tornadus|def|1
|move|p1a: Tornadus|Taunt|p2a: Fighting Master
|-start|p2a: Fighting Master|move: Taunt
|
|-weather|Snowscape|[upkeep]
|-heal|p2a: Fighting Master|88/100|[from] item: Leftovers
|upkeep
|turn|12
|inactive|LetsgoBrandonJ has 120 seconds left.
|
|t:|1758993795
|switch|p1a: Heatran|Heatran, F|80/100 par
|-damage|p1a: Heatran|68/100 par|[from] Stealth Rock
|-damage|p1a: Heatran|55/100 par|[from] Spikes
|move|p2a: Fighting Master|Body Press|p1a: Heatran
|-supereffective|p1a: Heatran
|-damage|p1a: Heatran|0 fnt
|-status|p2a: Fighting Master|brn|[from] ability: Flame Body|[of] p1a: Heatran
|faint|p1a: Heatran
|
|-weather|Snowscape|[upkeep]
|-heal|p2a: Fighting Master|94/100 brn|[from] item: Leftovers
|-damage|p2a: Fighting Master|88/100 brn|[from] brn
|upkeep
|inactive|LetsgoBrandonJ has 120 seconds left.
|
|t:|1758993812
|switch|p1a: Excadrill|Excadrill, F|100/100
|-damage|p1a: Excadrill|97/100|[from] Stealth Rock
|-item|p1a: Excadrill|Air Balloon
|turn|13
|
|t:|1758993818
|-terastallize|p1a: Excadrill|Ghost
|move|p2a: Fighting Master|Body Press|p1a: Excadrill
|-immune|p1a: Excadrill
|move|p1a: Excadrill|Rapid Spin|p2a: Fighting Master
|-activate|p2a: Fighting Master|move: Substitute|[damage]
|-sideend|p1: LetsgoBrandonJ|Spikes|[from] move: Rapid Spin|[of] p1a: Excadrill
|-sideend|p1: LetsgoBrandonJ|Stealth Rock|[from] move: Rapid Spin|[of] p1a: Excadrill
|-boost|p1a: Excadrill|spe|1
|
|-weather|none
|-heal|p2a: Fighting Master|94/100 brn|[from] item: Leftovers
|-damage|p2a: Fighting Master|88/100 brn|[from] brn
|upkeep
|turn|14
|inactive|LetsgoBrandonJ has 120 seconds left.
|
|t:|1758993832
|switch|p1a: Hydrapple|Hydrapple, M|100/100
|move|p2a: Fighting Master|Crunch|p1a: Hydrapple
|-crit|p1a: Hydrapple
|-damage|p1a: Hydrapple|91/100
|-damage|p2a: Fighting Master|72/100 brn|[from] item: Rocky Helmet|[of] p1a: Hydrapple
|
|-heal|p2a: Fighting Master|78/100 brn|[from] item: Leftovers
|-damage|p2a: Fighting Master|72/100 brn|[from] brn
|-end|p2a: Fighting Master|move: Taunt
|upkeep
|turn|15
|inactive|LetsgoBrandonJ has 120 seconds left.
|
|t:|1758993844
|switch|p2a: The Chillionaire|Slowking-Galar, F|100/100
|move|p1a: Hydrapple|Giga Drain|p2a: The Chillionaire
|-resisted|p2a: The Chillionaire
|-damage|p2a: The Chillionaire|90/100
|-heal|p1a: Hydrapple|96/100|[from] drain|[of] p2a: The Chillionaire
|
|upkeep
|turn|16
|inactive|LetsgoBrandonJ has 120 seconds left.
|
|t:|1758993855
|switch|p1a: Tyranitar|Tyranitar, F|100/100
|-weather|Sandstorm|[from] ability: Sand Stream|[of] p1a: Tyranitar
|-prepare|p2a: The Chillionaire|Chilly Reception|[premajor]
|move|p2a: The Chillionaire|Chilly Reception|p2a: The Chillionaire
|-weather|Snowscape
|
|t:|1758993858
|switch|p2a: Fighting Master|Zamazenta|72/100 brn|[from] Chilly Reception
|
|-weather|Snowscape|[upkeep]
|-heal|p2a: Fighting Master|78/100 brn|[from] item: Leftovers
|-damage|p2a: Fighting Master|72/100 brn|[from] brn
|upkeep
|turn|17
|inactive|LetsgoBrandonJ has 120 seconds left.
|
|t:|1758993869
|switch|p2a: Rai Charles|Raikou|100/100
|-ability|p2a: Rai Charles|Pressure
|switch|p1a: Hydrapple|Hydrapple, M|100/100
|
|-weather|Snowscape|[upkeep]
|upkeep
|turn|18
|
|t:|1758993878
|-terastallize|p2a: Rai Charles|Ice
|move|p2a: Rai Charles|Tera Blast|p1a: Hydrapple|[anim] Tera Blast Ice
|-supereffective|p1a: Hydrapple
|-damage|p1a: Hydrapple|0 fnt
|faint|p1a: Hydrapple
|
|-weather|Snowscape|[upkeep]
|upkeep
|inactive|LetsgoBrandonJ has 120 seconds left.
|
|t:|1758993889
|switch|p1a: Tyranitar|Tyranitar, F|100/100
|-weather|Sandstorm|[from] ability: Sand Stream|[of] p1a: Tyranitar
|turn|19
|
|t:|1758993896
|move|p2a: Rai Charles|Volt Switch|p1a: Tyranitar
|-damage|p1a: Tyranitar|79/100
|
|t:|1758993898
|switch|p2a: Fighting Master|Zamazenta|72/100 brn|[from] Volt Switch
|move|p1a: Tyranitar|Low Kick|p2a: Fighting Master
|-damage|p2a: Fighting Master|24/100 brn
|
|-weather|Sandstorm|[upkeep]
|-damage|p2a: Fighting Master|18/100 brn|[from] Sandstorm
|-heal|p2a: Fighting Master|24/100 brn|[from] item: Leftovers
|-damage|p2a: Fighting Master|18/100 brn|[from] brn
|upkeep
|turn|20
|
|t:|1758993910
|switch|p1a: Tornadus|Tornadus-Therian, M|58/100
|move|p2a: Fighting Master|Body Press|p1a: Tornadus
|-resisted|p1a: Tornadus
|-damage|p1a: Tornadus|50/100
|
|-weather|Sandstorm|[upkeep]
|-damage|p2a: Fighting Master|11/100 brn|[from] Sandstorm
|-damage|p1a: Tornadus|43/100|[from] Sandstorm
|-heal|p2a: Fighting Master|18/100 brn|[from] item: Leftovers
|-damage|p2a: Fighting Master|11/100 brn|[from] brn
|upkeep
|turn|21
|
|t:|1758993922
|switch|p2a: Rai Charles|Raikou, tera:Ice|100/100
|-ability|p2a: Rai Charles|Pressure
|move|p1a: Tornadus|U-turn|p2a: Rai Charles
|-damage|p2a: Rai Charles|79/100
|
|t:|1758993929
|switch|p1a: Excadrill|Excadrill, F, tera:Ghost|97/100|[from] U-turn
|-item|p1a: Excadrill|Air Balloon
|
|-weather|Sandstorm|[upkeep]
|-damage|p2a: Rai Charles|73/100|[from] Sandstorm
|upkeep
|turn|22
|
|t:|1758993937
|move|p1a: Excadrill|Iron Head|p2a: Rai Charles
|-supereffective|p2a: Rai Charles
|-damage|p2a: Rai Charles|0 fnt
|faint|p2a: Rai Charles
|
|-weather|Sandstorm|[upkeep]
|upkeep
|-message|spencomatic forfeited.
|
|win|LetsgoBrandonJ
|raw|LetsgoBrandonJ's rating: 1599 &rarr; <strong>1622</strong><br />(+23 for winning)
|raw|spencomatic's rating: 1645 &rarr; <strong>1622</strong><br />(-23 for losing)
|l|☆spencomatic
|player|p2|
|l|☆LetsgoBrandonJ
|player|p1|
