|j|☆gwenngrs
|j|☆Maschenny 1
|t:|1758961594
|gametype|singles
|player|p1|gwenngrs|ghetsis|1129
|player|p2|Maschenny 1|guitarist|1160
|gen|9
|tier|[Gen 9] OU
|rated|
|rule|HP Percentage Mod: HP is shown in percentages
|rule|Endless Battle Clause: Forcing endless battles is banned
|rule|Species Clause: Limit one of each Pokémon
|rule|OHKO Clause: OHKO moves are banned
|rule|Evasion Items Clause: Evasion items are banned
|rule|Evasion Moves Clause: Evasion moves are banned
|rule|Evasion Abilities Clause: Evasion abilities are banned
|rule|Sleep Moves Clause: Sleep-inducing moves are banned
|clearpoke
|poke|p1|Dragapult, M|
|poke|p1|Munkidori, M|
|poke|p1|Gliscor, M|
|poke|p1|Brute Bonnet|
|poke|p1|Cinderace, F|
|poke|p1|Empoleon, M|
|poke|p2|Gliscor, M|
|poke|p2|Ting-Lu|
|poke|p2|Meowscarada, F|
|poke|p2|Zapdos|
|poke|p2|Zamazenta-*|
|poke|p2|Gholdengo|
|teampreview
|inactive|Battle timer is ON: inactive players will automatically lose when time's up. (requested by Maschenny 1)
|
|t:|1758961620
|teamsize|p1|6
|teamsize|p2|6
|start
|switch|p1a: Cinderace|Cinderace, F|100/100
|switch|p2a: Meowscarada|Meowscarada, F|100/100
|turn|1
|
|t:|1758961629
|move|p2a: Meowscarada|U-turn|p1a: Cinderace
|-start|p2a: Meowscarada|typechange|Bug|[from] ability: Protean
|-resisted|p1a: Cinderace
|-damage|p1a: Cinderace|79/100
|
|t:|1758961639
|switch|p2a: Zapdos|Zapdos|100/100|[from] U-turn
|move|p1a: Cinderace|Pyro Ball|p2a: Zapdos
|-damage|p2a: Zapdos|61/100
|
|upkeep
|turn|2
|
|t:|1758961649
|switch|p1a: Gliscor|Gliscor, M, shiny|100/100
|move|p2a: Zapdos|Volt Switch|p1a: Gliscor
|-immune|p1a: Gliscor
|
|-status|p1a: Gliscor|tox|[from] item: Toxic Orb
|upkeep
|turn|3
|
|t:|1758961656
|move|p1a: Gliscor|Facade|p2a: Zapdos
|-damage|p2a: Zapdos|42/100
|move|p2a: Zapdos|U-turn|p1a: Gliscor
|-resisted|p1a: Gliscor
|-damage|p1a: Gliscor|94/100 tox
|
|t:|1758961662
|switch|p2a: Meowscarada|Meowscarada, F|100/100|[from] U-turn
|
|-heal|p1a: Gliscor|100/100 tox|[from] ability: Poison Heal
|upkeep
|turn|4
|
|t:|1758961667
|move|p1a: Gliscor|Protect|p1a: Gliscor
|-singleturn|p1a: Gliscor|Protect
|move|p2a: Meowscarada|Triple Axel|p1a: Gliscor
|-start|p2a: Meowscarada|typechange|Ice|[from] ability: Protean
|-activate|p1a: Gliscor|move: Protect
|
|upkeep
|turn|5
|
|t:|1758961680
|switch|p1a: Empoleon|Empoleon, M, shiny|100/100
|move|p2a: Meowscarada|Triple Axel|p1a: Empoleon
|-resisted|p1a: Empoleon
|-damage|p1a: Empoleon|98/100
|-hitcount|p1a: Empoleon|1
|
|-heal|p1a: Empoleon|100/100|[from] item: Leftovers
|upkeep
|turn|6
|
|t:|1758961693
|switch|p2a: Ting-Lu|Ting-Lu|100/100
|-ability|p2a: Ting-Lu|Vessel of Ruin
|move|p1a: Empoleon|Stealth Rock|p2a: Ting-Lu
|-sidestart|p2: Maschenny 1|move: Stealth Rock
|
|upkeep
|turn|7
|
|t:|1758961703
|move|p1a: Empoleon|Surf|p2a: Ting-Lu
|-supereffective|p2a: Ting-Lu
|-damage|p2a: Ting-Lu|70/100
|-enditem|p2a: Ting-Lu|Red Card|[of] p1a: Empoleon
|drag|p1a: Dragapult|Dragapult, M, shiny|100/100
|move|p2a: Ting-Lu|Stealth Rock|p1a: Dragapult
|-sidestart|p1: gwenngrs|move: Stealth Rock
|
|upkeep
|turn|8
|
|t:|1758961720
|switch|p1a: Gliscor|Gliscor, M, shiny|100/100 tox
|-damage|p1a: Gliscor|88/100 tox|[from] Stealth Rock
|move|p2a: Ting-Lu|Whirlwind|p1a: Gliscor
|drag|p1a: Brute Bonnet|Brute Bonnet, shiny|100/100
|-damage|p1a: Brute Bonnet|88/100|[from] Stealth Rock
|-enditem|p1a: Brute Bonnet|Booster Energy
|-activate|p1a: Brute Bonnet|ability: Protosynthesis|[fromitem]
|-start|p1a: Brute Bonnet|protosynthesisspd
|
|upkeep
|turn|9
|inactive|Maschenny 1 has 120 seconds left.
|
|t:|1758961768
|move|p1a: Brute Bonnet|Giga Drain|p2a: Ting-Lu
|-supereffective|p2a: Ting-Lu
|-damage|p2a: Ting-Lu|52/100
|-heal|p1a: Brute Bonnet|100/100|[from] drain|[of] p2a: Ting-Lu
|move|p2a: Ting-Lu|Whirlwind|p1a: Brute Bonnet
|-end|p1a: Brute Bonnet|Protosynthesis|[silent]
|drag|p1a: Cinderace|Cinderace, F|79/100
|
|upkeep
|turn|10
|
|t:|1758961777
|move|p1a: Cinderace|Trailblaze|p2a: Ting-Lu
|-start|p1a: Cinderace|typechange|Grass|[from] ability: Libero
|-supereffective|p2a: Ting-Lu
|-damage|p2a: Ting-Lu|24/100
|-boost|p1a: Cinderace|spe|1
|move|p2a: Ting-Lu|Earthquake|p1a: Cinderace
|-resisted|p1a: Cinderace
|-damage|p1a: Cinderace|50/100
|
|upkeep
|turn|11
|
|t:|1758961787
|move|p1a: Cinderace|Pyro Ball|p2a: Ting-Lu
|-damage|p2a: Ting-Lu|2/100
|move|p2a: Ting-Lu|Whirlwind|p1a: Cinderace
|drag|p1a: Gliscor|Gliscor, M, shiny|88/100 tox
|-damage|p1a: Gliscor|76/100 tox|[from] Stealth Rock
|
|-heal|p1a: Gliscor|88/100 tox|[from] ability: Poison Heal
|upkeep
|turn|12
|
|t:|1758961795
|switch|p2a: Gliscor|Gliscor, M|100/100
|-damage|p2a: Gliscor|88/100|[from] Stealth Rock
|move|p1a: Gliscor|Facade|p2a: Gliscor
|-damage|p2a: Gliscor|66/100
|
|-heal|p1a: Gliscor|100/100 tox|[from] ability: Poison Heal
|-status|p2a: Gliscor|tox|[from] item: Toxic Orb
|upkeep
|turn|13
|
|t:|1758961805
|move|p1a: Gliscor|Facade|p2a: Gliscor
|-damage|p2a: Gliscor|44/100 tox
|move|p2a: Gliscor|Swords Dance|p2a: Gliscor
|-boost|p2a: Gliscor|atk|2
|
|-heal|p2a: Gliscor|56/100 tox|[from] ability: Poison Heal
|upkeep
|turn|14
|
|t:|1758961814
|move|p1a: Gliscor|Facade|p2a: Gliscor
|-damage|p2a: Gliscor|37/100 tox
|move|p2a: Gliscor|Swords Dance|p2a: Gliscor
|-boost|p2a: Gliscor|atk|2
|
|-heal|p2a: Gliscor|49/100 tox|[from] ability: Poison Heal
|upkeep
|turn|15
|
|t:|1758961827
|move|p1a: Gliscor|Facade|p2a: Gliscor
|-damage|p2a: Gliscor|26/100 tox
|move|p2a: Gliscor|Swords Dance|p2a: Gliscor
|-boost|p2a: Gliscor|atk|2
|
|-heal|p2a: Gliscor|38/100 tox|[from] ability: Poison Heal
|upkeep
|turn|16
|
|t:|1758961835
|move|p1a: Gliscor|Facade|p2a: Gliscor
|-damage|p2a: Gliscor|18/100 tox
|move|p2a: Gliscor|Agility|p2a: Gliscor
|-boost|p2a: Gliscor|spe|2
|
|-heal|p2a: Gliscor|30/100 tox|[from] ability: Poison Heal
|upkeep
|turn|17
|
|t:|1758961842
|-terastallize|p2a: Gliscor|Fairy
|move|p2a: Gliscor|Tera Blast|p1a: Gliscor|[anim] Tera Blast Fairy
|-damage|p1a: Gliscor|0 fnt
|faint|p1a: Gliscor
|
|-heal|p2a: Gliscor|43/100 tox|[from] ability: Poison Heal
|upkeep
|
|t:|1758961857
|switch|p1a: Brute Bonnet|Brute Bonnet, shiny|100/100
|-damage|p1a: Brute Bonnet|88/100|[from] Stealth Rock
|turn|18
|
|t:|1758961881
|move|p2a: Gliscor|Tera Blast|p1a: Brute Bonnet|[anim] Tera Blast Fairy
|-supereffective|p1a: Brute Bonnet
|-damage|p1a: Brute Bonnet|0 fnt
|faint|p1a: Brute Bonnet
|-end|p1a: Brute Bonnet|Protosynthesis|[silent]
|
|-heal|p2a: Gliscor|55/100 tox|[from] ability: Poison Heal
|upkeep
|
|t:|1758961892
|switch|p1a: Empoleon|Empoleon, M, shiny|100/100
|-damage|p1a: Empoleon|94/100|[from] Stealth Rock
|turn|19
|
|t:|1758961902
|-terastallize|p1a: Empoleon|Fairy
|move|p2a: Gliscor|Earthquake|p1a: Empoleon
|-damage|p1a: Empoleon|0 fnt
|faint|p1a: Empoleon
|
|-heal|p2a: Gliscor|68/100 tox|[from] ability: Poison Heal
|upkeep
|-message|gwenngrs forfeited.
|
|win|Maschenny 1
|raw|gwenngrs's rating: 1129 &rarr; <strong>1106</strong><br />(-23 for losing)
|raw|Maschenny 1's rating: 1160 &rarr; <strong>1183</strong><br />(+23 for winning)
|l|☆gwenngrs
|player|p1|
|l|☆Maschenny 1
|player|p2|
