|j|☆Pkaiser33
|j|☆LandoNorrisWDC25
|t:|1759067353
|gametype|singles
|player|p1|Pkaiser33|169|1134
|player|p2|LandoNorrisWDC25|clerkf|1095
|gen|9
|tier|[Gen 9] OU
|rated|
|rule|HP Percentage Mod: HP is shown in percentages
|rule|Endless Battle Clause: Forcing endless battles is banned
|rule|Species Clause: Limit one of each Pokémon
|rule|OHKO Clause: OHKO moves are banned
|rule|Evasion Items Clause: Evasion items are banned
|rule|Evasion Moves Clause: Evasion moves are banned
|rule|Evasion Abilities Clause: Evasion abilities are banned
|rule|Sleep Moves Clause: Sleep-inducing moves are banned
|clearpoke
|poke|p1|Pecharunt|
|poke|p1|Great Tusk|
|poke|p1|Blissey, F|
|poke|p1|Gliscor, M|
|poke|p1|Slowking-Galar, M|
|poke|p1|Cinderace, F|
|poke|p2|Raichu, M|
|poke|p2|Electivire, F|
|poke|p2|Toxtricity, F|
|poke|p2|Kilowattrel, M|
|poke|p2|Vikavolt, M|
|poke|p2|Zapdos|
|teampreview
|inactive|Battle timer is ON: inactive players will automatically lose when time's up. (requested by Pkaiser33)
|c|☆LandoNorrisWDC25|Yo
|
|t:|1759067361
|teamsize|p1|6
|teamsize|p2|6
|start
|switch|p1a: Gliscor|Gliscor, M|100/100
|switch|p2a: Raiju|Kilowattrel, M|100/100
|turn|1
|
|t:|1759067368
|move|p1a: Gliscor|Protect|p1a: Gliscor
|-singleturn|p1a: Gliscor|Protect
|move|p2a: Raiju|Thunderbolt|p1a: Gliscor
|-activate|p1a: Gliscor|move: Protect
|
|-status|p1a: Gliscor|tox|[from] item: Toxic Orb
|upkeep
|turn|2
|
|t:|1759067380
|-terastallize|p2a: Raiju|Ice
|move|p2a: Raiju|Tera Blast|p1a: Gliscor|[anim] Tera Blast Ice
|-supereffective|p1a: Gliscor
|-damage|p1a: Gliscor|0 fnt
|faint|p1a: Gliscor
|
|upkeep
|
|t:|1759067388
|switch|p1a: Cinderace|Cinderace, F|100/100
|turn|3
|
|t:|1759067395
|switch|p2a: vv|Vikavolt, M|100/100
|move|p1a: Cinderace|Pyro Ball|p2a: vv
|-supereffective|p2a: vv
|-damage|p2a: vv|0 fnt
|faint|p2a: vv
|
|upkeep
|
|t:|1759067398
|switch|p2a: zapD|Zapdos|100/100
|turn|4
|
|t:|1759067404
|move|p1a: Cinderace|Pyro Ball|p2a: zapD
|-damage|p2a: zapD|2/100
|move|p2a: zapD|Hurricane|p1a: Cinderace
|-damage|p1a: Cinderace|16/100
|-start|p1a: Cinderace|confusion
|
|upkeep
|turn|5
|
|t:|1759067412
|switch|p1a: Blissey|Blissey, F|100/100
|move|p2a: zapD|Hurricane|p1a: Blissey
|-damage|p1a: Blissey|80/100
|
|-heal|p1a: Blissey|86/100|[from] item: Leftovers
|upkeep
|turn|6
|
|t:|1759067420
|switch|p2a: Sydney Sweeney|Raichu, M|100/100
|move|p1a: Blissey|Hyper Voice|p2a: Sydney Sweeney
|-damage|p2a: Sydney Sweeney|49/100
|
|-heal|p1a: Blissey|92/100|[from] item: Leftovers
|upkeep
|turn|7
|
|t:|1759067430
|switch|p1a: Great Tusk|Great Tusk|100/100
|move|p2a: Sydney Sweeney|Nasty Plot|p2a: Sydney Sweeney
|-boost|p2a: Sydney Sweeney|spa|2
|
|upkeep
|turn|8
|
|t:|1759067435
|-end|p1a: Great Tusk|Protosynthesis|[silent]
|switch|p1a: Blissey|Blissey, F|92/100
|move|p2a: Sydney Sweeney|Draining Kiss|p1a: Blissey
|-damage|p1a: Blissey|83/100
|-heal|p2a: Sydney Sweeney|66/100|[from] drain|[of] p1a: Blissey
|
|-heal|p1a: Blissey|90/100|[from] item: Leftovers
|upkeep
|turn|9
|
|t:|1759067442
|move|p2a: Sydney Sweeney|Nasty Plot|p2a: Sydney Sweeney
|-boost|p2a: Sydney Sweeney|spa|2
|move|p1a: Blissey|Hyper Voice|p2a: Sydney Sweeney
|-damage|p2a: Sydney Sweeney|11/100
|
|-heal|p1a: Blissey|96/100|[from] item: Leftovers
|upkeep
|turn|10
|
|t:|1759067447
|move|p2a: Sydney Sweeney|Thunderbolt|p1a: Blissey
|-damage|p1a: Blissey|57/100
|move|p1a: Blissey|Calm Mind|p1a: Blissey
|-boost|p1a: Blissey|spa|1
|-boost|p1a: Blissey|spd|1
|
|-heal|p1a: Blissey|63/100|[from] item: Leftovers
|upkeep
|turn|11
|
|t:|1759067451
|move|p2a: Sydney Sweeney|Thunderbolt|p1a: Blissey
|-damage|p1a: Blissey|39/100
|move|p1a: Blissey|Hyper Voice|p2a: Sydney Sweeney
|-damage|p2a: Sydney Sweeney|0 fnt
|faint|p2a: Sydney Sweeney
|
|-heal|p1a: Blissey|45/100|[from] item: Leftovers
|upkeep
|
|t:|1759067455
|switch|p2a: Vire|Electivire, F|100/100
|turn|12
|
|t:|1759067458
|switch|p1a: Great Tusk|Great Tusk|100/100
|move|p2a: Vire|Ice Punch|p1a: Great Tusk
|-supereffective|p1a: Great Tusk
|-damage|p1a: Great Tusk|70/100
|-status|p1a: Great Tusk|frz
|-damage|p2a: Vire|84/100|[from] item: Rocky Helmet|[of] p1a: Great Tusk
|
|upkeep
|turn|13
|
|t:|1759067465
|move|p2a: Vire|Earthquake|p1a: Great Tusk
|-damage|p1a: Great Tusk|53/100 frz
|cant|p1a: Great Tusk|frz
|
|upkeep
|turn|14
|
|t:|1759067467
|move|p2a: Vire|Ice Punch|p1a: Great Tusk
|-supereffective|p1a: Great Tusk
|-damage|p1a: Great Tusk|22/100 frz
|-damage|p2a: Vire|68/100|[from] item: Rocky Helmet|[of] p1a: Great Tusk
|-curestatus|p1a: Great Tusk|frz|[msg]
|move|p1a: Great Tusk|Earthquake|p2a: Vire
|-supereffective|p2a: Vire
|-damage|p2a: Vire|0 fnt
|faint|p2a: Vire
|
|upkeep
|
|t:|1759067476
|switch|p2a: zapD|Zapdos|2/100
|turn|15
|
|t:|1759067481
|-end|p1a: Great Tusk|Protosynthesis|[silent]
|switch|p1a: Blissey|Blissey, F|45/100
|move|p2a: zapD|Hurricane|p1a: Blissey
|-damage|p1a: Blissey|23/100
|-start|p1a: Blissey|confusion
|
|-heal|p1a: Blissey|30/100|[from] item: Leftovers
|upkeep
|turn|16
|
|t:|1759067489
|move|p2a: zapD|Zap Cannon|p1a: Blissey
|-crit|p1a: Blissey
|-damage|p1a: Blissey|0 fnt
|faint|p1a: Blissey
|
|upkeep
|
|t:|1759067492
|switch|p1a: Pecharunt|Pecharunt|100/100
|turn|17
|
|t:|1759067495
|move|p2a: zapD|Zap Cannon|p1a: Pecharunt|[miss]
|-miss|p2a: zapD|p1a: Pecharunt
|-enditem|p2a: zapD|Blunder Policy
|-boost|p2a: zapD|spe|2
|move|p1a: Pecharunt|Shadow Ball|p2a: zapD
|-damage|p2a: zapD|0 fnt
|faint|p2a: zapD
|
|upkeep
|
|t:|1759067499
|switch|p2a: Exactly|Toxtricity, F|100/100
|turn|18
|
|t:|1759067503
|move|p2a: Exactly|Psychic Noise|p1a: Pecharunt
|-supereffective|p1a: Pecharunt
|-damage|p1a: Pecharunt|0 fnt
|faint|p1a: Pecharunt
|
|upkeep
|
|t:|1759067505
|switch|p1a: Slowking|Slowking-Galar, M|100/100
|turn|19
|
|t:|1759067510
|move|p2a: Exactly|Psychic Noise|p1a: Slowking
|-damage|p1a: Slowking|62/100
|-start|p1a: Slowking|move: Heal Block
|move|p1a: Slowking|Flamethrower|p2a: Exactly
|-damage|p2a: Exactly|69/100
|
|upkeep
|turn|20
|
|t:|1759067518
|move|p1a: Slowking|Protect|p1a: Slowking
|-singleturn|p1a: Slowking|Protect
|move|p2a: Exactly|Psychic Noise|p1a: Slowking
|-activate|p1a: Slowking|move: Protect
|
|-end|p1a: Slowking|move: Heal Block
|upkeep
|turn|21
|
|t:|1759067529
|move|p2a: Exactly|Psychic Noise|p1a: Slowking
|-damage|p1a: Slowking|25/100
|-start|p1a: Slowking|move: Heal Block
|move|p1a: Slowking|Flamethrower|p2a: Exactly
|-damage|p2a: Exactly|36/100
|
|upkeep
|turn|22
|
|t:|1759067539
|switch|p1a: Great Tusk|Great Tusk|22/100
|move|p2a: Exactly|Psychic Noise|p1a: Great Tusk
|-supereffective|p1a: Great Tusk
|-damage|p1a: Great Tusk|0 fnt
|faint|p1a: Great Tusk
|-end|p1a: Great Tusk|Protosynthesis|[silent]
|
|upkeep
|
|t:|1759067545
|switch|p1a: Slowking|Slowking-Galar, M|59/100
|turn|23
|
|t:|1759067547
|move|p1a: Slowking|Protect|p1a: Slowking
|-singleturn|p1a: Slowking|Protect
|move|p2a: Exactly|Psychic Noise|p1a: Slowking
|-activate|p1a: Slowking|move: Protect
|
|-heal|p1a: Slowking|65/100|[from] item: Leftovers
|upkeep
|turn|24
|
|t:|1759067557
|move|p2a: Exactly|Psychic Noise|p1a: Slowking
|-damage|p1a: Slowking|26/100
|-start|p1a: Slowking|move: Heal Block
|move|p1a: Slowking|Flamethrower|p2a: Exactly
|-damage|p2a: Exactly|1/100
|
|upkeep
|turn|25
|
|t:|1759067565
|move|p2a: Exactly|Psychic Noise|p1a: Slowking
|-damage|p1a: Slowking|0 fnt
|faint|p1a: Slowking
|
|upkeep
|
|t:|1759067568
|switch|p1a: Cinderace|Cinderace, F|16/100
|turn|26
|
|t:|1759067572
|move|p1a: Cinderace|Sucker Punch|p2a: Exactly
|-start|p1a: Cinderace|typechange|Dark|[from] ability: Libero
|-crit|p2a: Exactly
|-damage|p2a: Exactly|0 fnt
|faint|p2a: Exactly
|
|upkeep
|
|t:|1759067575
|switch|p2a: Raiju|Kilowattrel, M, tera:Ice|100/100
|turn|27
|
|t:|1759067578
|move|p1a: Cinderace|Sucker Punch|p2a: Raiju
|-damage|p2a: Raiju|11/100
|move|p2a: Raiju|Thunderbolt|p1a: Cinderace
|-damage|p1a: Cinderace|0 fnt
|faint|p1a: Cinderace
|
|win|LandoNorrisWDC25
|raw|Pkaiser33's rating: 1134 &rarr; <strong>1106</strong><br />(-28 for losing)
|raw|LandoNorrisWDC25's rating: 1095 &rarr; <strong>1124</strong><br />(+29 for winning)
|l|☆Pkaiser33
|player|p1|
|l|☆LandoNorrisWDC25
|player|p2|
