|j|☆Kyce2005
|j|☆Kidday
|t:|1759018373
|gametype|singles
|player|p1|Kyce2005|102|1108
|player|p2|Kidday|102|1126
|gen|9
|tier|[Gen 9] OU
|rated|
|rule|HP Percentage Mod: HP is shown in percentages
|rule|Endless Battle Clause: Forcing endless battles is banned
|rule|Species Clause: Limit one of each Pokémon
|rule|OHKO Clause: OHKO moves are banned
|rule|Evasion Items Clause: Evasion items are banned
|rule|Evasion Moves Clause: Evasion moves are banned
|rule|Evasion Abilities Clause: Evasion abilities are banned
|rule|Sleep Moves Clause: Sleep-inducing moves are banned
|clearpoke
|poke|p1|Darkrai|
|poke|p1|Thundurus-Therian, M|
|poke|p1|Toxapex, M|
|poke|p1|Clefable, M|
|poke|p1|Cinderace, M|
|poke|p1|Iron Crown|
|poke|p2|Blastoise, M|
|poke|p2|Toxtricity-Low-Key, M|
|poke|p2|Golurk|
|poke|p2|Kingambit, M|
|poke|p2|Magmortar, M|
|poke|p2|Grimmsnarl, M|
|teampreview
|
|t:|1759018388
|teamsize|p1|6
|teamsize|p2|6
|start
|switch|p1a: Thundurus|Thundurus-Therian, M|100/100
|switch|p2a: Grimmi|Grimmsnarl, M, shiny|100/100
|turn|1
|inactive|Battle timer is ON: inactive players will automatically lose when time's up. (requested by Kidday)
|
|t:|1759018395
|move|p2a: Grimmi|Light Screen|p2a: Grimmi
|-sidestart|p2: Kidday|move: Light Screen
|move|p1a: Thundurus|Thunderbolt|p2a: Grimmi
|-damage|p2a: Grimmi|77/100
|
|upkeep
|turn|2
|
|t:|1759018399
|move|p1a: Thundurus|Volt Switch|p2a: Grimmi
|-damage|p2a: Grimmi|58/100
|
|t:|1759018408
|switch|p1a: Iron Crown|Iron Crown|100/100|[from] Volt Switch
|move|p2a: Grimmi|Spirit Break|p1a: Iron Crown
|-resisted|p1a: Iron Crown
|-damage|p1a: Iron Crown|86/100
|-unboost|p1a: Iron Crown|spa|1
|
|upkeep
|turn|3
|
|t:|1759018417
|move|p2a: Grimmi|Parting Shot|p1a: Iron Crown
|-unboost|p1a: Iron Crown|atk|1
|-unboost|p1a: Iron Crown|spa|1
|
|t:|1759018420
|switch|p2a: Ruby|Magmortar, M, shiny|100/100|[from] Parting Shot
|move|p1a: Iron Crown|Tachyon Cutter|p2a: Ruby
|-resisted|p2a: Ruby
|-damage|p2a: Ruby|99/100
|-resisted|p2a: Ruby
|-damage|p2a: Ruby|96/100
|-hitcount|p2a: Ruby|2
|
|upkeep
|turn|4
|
|t:|1759018445
|-end|p1a: Iron Crown|Quark Drive|[silent]
|switch|p1a: Toxapex|Toxapex, M|100/100
|move|p2a: Ruby|Flamethrower|p1a: Toxapex
|-resisted|p1a: Toxapex
|-damage|p1a: Toxapex|79/100
|
|-heal|p1a: Toxapex|86/100|[from] item: Black Sludge
|upkeep
|turn|5
|
|t:|1759018455
|switch|p2a: DisBiSharp|Kingambit, M, shiny|100/100
|move|p1a: Toxapex|Toxic|p2a: DisBiSharp
|-immune|p2a: DisBiSharp
|
|-heal|p1a: Toxapex|92/100|[from] item: Black Sludge
|upkeep
|turn|6
|
|t:|1759018473
|switch|p1a: Thundurus|Thundurus-Therian, M|100/100
|move|p2a: DisBiSharp|Kowtow Cleave|p1a: Thundurus
|-damage|p1a: Thundurus|28/100
|
|upkeep
|turn|7
|
|t:|1759018480
|move|p2a: DisBiSharp|Sucker Punch|p1a: Thundurus
|-damage|p1a: Thundurus|0 fnt
|faint|p1a: Thundurus
|
|upkeep
|
|t:|1759018483
|switch|p1a: Cinderace|Cinderace, M|100/100
|turn|8
|
|t:|1759018488
|-end|p2a: DisBiSharp|fallenundefined|[silent]
|switch|p2a: Ruby|Magmortar, M, shiny|96/100
|move|p1a: Cinderace|Pyro Ball|p2a: Ruby
|-resisted|p2a: Ruby
|-damage|p2a: Ruby|56/100
|
|-sideend|p2: Kidday|move: Light Screen
|upkeep
|turn|9
|
|t:|1759018496
|move|p1a: Cinderace|U-turn|p2a: Ruby
|-start|p1a: Cinderace|typechange|Bug|[from] ability: Libero
|-resisted|p2a: Ruby
|-damage|p2a: Ruby|34/100
|
|t:|1759018506
|switch|p1a: Clefable|Clefable, M|100/100|[from] U-turn
|move|p2a: Ruby|Scorching Sands|p1a: Clefable
|-damage|p1a: Clefable|77/100
|
|-heal|p1a: Clefable|83/100|[from] item: Leftovers
|upkeep
|turn|10
|
|t:|1759018520
|switch|p2a: Grimmi|Grimmsnarl, M, shiny|58/100
|move|p1a: Clefable|Wish|p1a: Clefable
|
|-heal|p1a: Clefable|90/100|[from] item: Leftovers
|upkeep
|turn|11
|
|t:|1759018526
|move|p2a: Grimmi|Light Screen|p2a: Grimmi
|-sidestart|p2: Kidday|move: Light Screen
|move|p1a: Clefable|Calm Mind|p1a: Clefable
|-boost|p1a: Clefable|spa|1
|-boost|p1a: Clefable|spd|1
|
|-heal|p1a: Clefable|100/100|[from] move: Wish|[wisher] Clefable
|upkeep
|turn|12
|
|t:|1759018533
|move|p2a: Grimmi|Reflect|p2a: Grimmi
|-sidestart|p2: Kidday|Reflect
|move|p1a: Clefable|Calm Mind|p1a: Clefable
|-boost|p1a: Clefable|spa|1
|-boost|p1a: Clefable|spd|1
|
|upkeep
|turn|13
|
|t:|1759018537
|move|p2a: Grimmi|Parting Shot|p1a: Clefable
|-unboost|p1a: Clefable|atk|1
|-unboost|p1a: Clefable|spa|1
|
|t:|1759018539
|switch|p2a: DisBiSharp|Kingambit, M, shiny|100/100|[from] Parting Shot
|move|p1a: Clefable|Calm Mind|p1a: Clefable
|-boost|p1a: Clefable|spa|1
|-boost|p1a: Clefable|spd|1
|
|upkeep
|turn|14
|
|t:|1759018551
|move|p1a: Clefable|Protect|p1a: Clefable
|-singleturn|p1a: Clefable|Protect
|move|p2a: DisBiSharp|Iron Head|p1a: Clefable
|-activate|p1a: Clefable|move: Protect
|
|upkeep
|turn|15
|
|t:|1759018558
|move|p1a: Clefable|Wish|p1a: Clefable
|move|p2a: DisBiSharp|Iron Head|p1a: Clefable
|-supereffective|p1a: Clefable
|-damage|p1a: Clefable|27/100
|
|-heal|p1a: Clefable|33/100|[from] item: Leftovers
|upkeep
|turn|16
|
|t:|1759018565
|move|p1a: Clefable|Protect|p1a: Clefable
|-singleturn|p1a: Clefable|Protect
|move|p2a: DisBiSharp|Iron Head|p1a: Clefable
|-activate|p1a: Clefable|move: Protect
|
|-heal|p1a: Clefable|83/100|[from] move: Wish|[wisher] Clefable
|-heal|p1a: Clefable|90/100|[from] item: Leftovers
|upkeep
|turn|17
|
|t:|1759018576
|move|p1a: Clefable|Moonblast|p2a: DisBiSharp
|-damage|p2a: DisBiSharp|70/100
|-unboost|p2a: DisBiSharp|spa|1
|move|p2a: DisBiSharp|Iron Head|p1a: Clefable
|-supereffective|p1a: Clefable
|-damage|p1a: Clefable|18/100
|
|-heal|p1a: Clefable|24/100|[from] item: Leftovers
|upkeep
|turn|18
|
|t:|1759018585
|move|p1a: Clefable|Protect|p1a: Clefable
|-singleturn|p1a: Clefable|Protect
|move|p2a: DisBiSharp|Iron Head|p1a: Clefable
|-activate|p1a: Clefable|move: Protect
|
|-heal|p1a: Clefable|30/100|[from] item: Leftovers
|-sideend|p2: Kidday|move: Light Screen
|upkeep
|turn|19
|
|t:|1759018595
|switch|p1a: Iron Crown|Iron Crown|86/100
|move|p2a: DisBiSharp|Iron Head|p1a: Iron Crown
|-resisted|p1a: Iron Crown
|-damage|p1a: Iron Crown|61/100
|
|-sideend|p2: Kidday|Reflect
|upkeep
|turn|20
|
|t:|1759018606
|-end|p1a: Iron Crown|Quark Drive|[silent]
|switch|p1a: Clefable|Clefable, M|30/100
|move|p2a: DisBiSharp|Sucker Punch||[still]
|-fail|p2a: DisBiSharp
|
|-heal|p1a: Clefable|36/100|[from] item: Leftovers
|upkeep
|turn|21
|
|t:|1759018611
|move|p1a: Clefable|Protect|p1a: Clefable
|-singleturn|p1a: Clefable|Protect
|move|p2a: DisBiSharp|Iron Head|p1a: Clefable
|-activate|p1a: Clefable|move: Protect
|
|-heal|p1a: Clefable|42/100|[from] item: Leftovers
|upkeep
|turn|22
|
|t:|1759018618
|switch|p1a: Toxapex|Toxapex, M|100/100
|move|p2a: DisBiSharp|Iron Head|p1a: Toxapex
|-resisted|p1a: Toxapex
|-crit|p1a: Toxapex
|-damage|p1a: Toxapex|80/100
|
|-heal|p1a: Toxapex|86/100|[from] item: Black Sludge
|upkeep
|turn|23
|
|t:|1759018625
|-end|p2a: DisBiSharp|fallenundefined|[silent]
|switch|p2a: Grimmi|Grimmsnarl, M, shiny|58/100
|move|p1a: Toxapex|Liquidation|p2a: Grimmi
|-damage|p2a: Grimmi|40/100
|
|-heal|p1a: Toxapex|92/100|[from] item: Black Sludge
|upkeep
|turn|24
|
|t:|1759018631
|move|p2a: Grimmi|Reflect|p2a: Grimmi
|-sidestart|p2: Kidday|Reflect
|move|p1a: Toxapex|Toxic|p2a: Grimmi
|-status|p2a: Grimmi|tox
|
|-heal|p1a: Toxapex|99/100|[from] item: Black Sludge
|-damage|p2a: Grimmi|34/100 tox|[from] psn
|upkeep
|turn|25
|
|t:|1759018635
|move|p2a: Grimmi|Light Screen|p2a: Grimmi
|-sidestart|p2: Kidday|move: Light Screen
|move|p1a: Toxapex|Liquidation|p2a: Grimmi
|-damage|p2a: Grimmi|26/100 tox
|
|-heal|p1a: Toxapex|100/100|[from] item: Black Sludge
|-damage|p2a: Grimmi|13/100 tox|[from] psn
|upkeep
|turn|26
|
|t:|1759018641
|move|p2a: Grimmi|Parting Shot|p1a: Toxapex
|-unboost|p1a: Toxapex|atk|1
|-unboost|p1a: Toxapex|spa|1
|
|t:|1759018643
|switch|p2a: Toxic💜|Toxtricity-Low-Key, M|100/100|[from] Parting Shot
|move|p1a: Toxapex|Liquidation|p2a: Toxic💜
|-crit|p2a: Toxic💜
|-damage|p2a: Toxic💜|59/100
|-unboost|p2a: Toxic💜|def|1
|
|upkeep
|turn|27
|
|t:|1759018661
|switch|p1a: Clefable|Clefable, M|42/100
|move|p2a: Toxic💜|Volt Switch|p1a: Clefable
|-damage|p1a: Clefable|7/100
|inactive|Kidday has 120 seconds left.
|
|t:|1759018687
|switch|p2a: Ruby|Magmortar, M, shiny|34/100|[from] Volt Switch
|
|-heal|p1a: Clefable|13/100|[from] item: Leftovers
|upkeep
|turn|28
|
|t:|1759018695
|move|p1a: Clefable|Protect|p1a: Clefable
|-singleturn|p1a: Clefable|Protect
|move|p2a: Ruby|Flamethrower|p1a: Clefable
|-activate|p1a: Clefable|move: Protect
|
|-heal|p1a: Clefable|19/100|[from] item: Leftovers
|upkeep
|turn|29
|
|t:|1759018701
|move|p2a: Ruby|Scorching Sands|p1a: Clefable
|-damage|p1a: Clefable|0 fnt
|faint|p1a: Clefable
|
|upkeep
|
|t:|1759018715
|switch|p1a: Cinderace|Cinderace, M|100/100
|turn|30
|
|t:|1759018720
|move|p1a: Cinderace|Sucker Punch|p2a: Ruby
|-start|p1a: Cinderace|typechange|Dark|[from] ability: Libero
|-damage|p2a: Ruby|10/100
|move|p2a: Ruby|Scorching Sands|p1a: Cinderace
|-damage|p1a: Cinderace|66/100
|
|upkeep
|turn|31
|
|t:|1759018736
|move|p1a: Cinderace|Pyro Ball|p2a: Ruby
|-resisted|p2a: Ruby
|-damage|p2a: Ruby|0 fnt
|faint|p2a: Ruby
|
|-sideend|p2: Kidday|Reflect
|upkeep
|
|t:|1759018759
|switch|p2a: Toxic💜|Toxtricity-Low-Key, M|59/100
|turn|32
|
|t:|1759018775
|move|p1a: Cinderace|U-turn|p2a: Toxic💜
|-resisted|p2a: Toxic💜
|-damage|p2a: Toxic💜|45/100
|
|t:|1759018787
|switch|p1a: Iron Crown|Iron Crown|61/100|[from] U-turn
|move|p2a: Toxic💜|Volt Switch|p1a: Iron Crown
|-damage|p1a: Iron Crown|23/100
|
|t:|1759018810
|switch|p2a: Grimmi|Grimmsnarl, M, shiny|13/100 tox|[from] Volt Switch
|
|-damage|p2a: Grimmi|7/100 tox|[from] psn
|-sideend|p2: Kidday|move: Light Screen
|upkeep
|turn|33
|
|t:|1759018816
|move|p2a: Grimmi|Light Screen|p2a: Grimmi
|-sidestart|p2: Kidday|move: Light Screen
|move|p1a: Iron Crown|Volt Switch|p2a: Grimmi
|-damage|p2a: Grimmi|0 fnt
|faint|p2a: Grimmi
|inactive|Kyce2005 has 120 seconds left.
|
|t:|1759018843
|-end|p1a: Iron Crown|Quark Drive|[silent]
|switch|p1a: Cinderace|Cinderace, M|66/100|[from] Volt Switch
|
|upkeep
|
|t:|1759018860
|switch|p2a: BigBlue 💙|Blastoise, M, shiny|100/100
|turn|34
|
|t:|1759018863
|move|p1a: Cinderace|U-turn|p2a: BigBlue 💙
|-start|p1a: Cinderace|typechange|Bug|[from] ability: Libero
|-damage|p2a: BigBlue 💙|67/100
|
|t:|1759018868
|switch|p1a: Toxapex|Toxapex, M|100/100|[from] U-turn
|move|p2a: BigBlue 💙|Shell Smash|p2a: BigBlue 💙
|-unboost|p2a: BigBlue 💙|def|1
|-unboost|p2a: BigBlue 💙|spd|1
|-boost|p2a: BigBlue 💙|atk|2
|-boost|p2a: BigBlue 💙|spa|2
|-boost|p2a: BigBlue 💙|spe|2
|-enditem|p2a: BigBlue 💙|White Herb
|-clearnegativeboost|p2a: BigBlue 💙|[silent]
|
|upkeep
|turn|35
|
|t:|1759018889
|move|p2a: BigBlue 💙|Shell Smash|p2a: BigBlue 💙
|-unboost|p2a: BigBlue 💙|def|1
|-unboost|p2a: BigBlue 💙|spd|1
|-boost|p2a: BigBlue 💙|atk|2
|-boost|p2a: BigBlue 💙|spa|2
|-boost|p2a: BigBlue 💙|spe|2
|move|p1a: Toxapex|Haze|p1a: Toxapex
|-clearallboost
|
|upkeep
|turn|36
|
|t:|1759018899
|switch|p2a: Toxic💜|Toxtricity-Low-Key, M|45/100
|move|p1a: Toxapex|Toxic|p2a: Toxic💜
|-immune|p2a: Toxic💜
|
|upkeep
|turn|37
|inactive|Kyce2005 has 120 seconds left.
|
|t:|1759018931
|switch|p1a: Iron Crown|Iron Crown|23/100
|move|p2a: Toxic💜|Overdrive|p1a: Iron Crown
|-damage|p1a: Iron Crown|0 fnt
|faint|p1a: Iron Crown
|-end|p1a: Iron Crown|Quark Drive|[silent]
|-enditem|p2a: Toxic💜|Throat Spray
|-boost|p2a: Toxic💜|spa|1|[from] item: Throat Spray
|
|upkeep
|inactive|Kyce2005 has 120 seconds left.
|
|t:|1759018941
|switch|p1a: Cinderace|Cinderace, M|66/100
|turn|38
|inactive|Kyce2005 has 120 seconds left.
|
|t:|1759018954
|move|p1a: Cinderace|Pyro Ball|p2a: Toxic💜
|-damage|p2a: Toxic💜|0 fnt
|faint|p2a: Toxic💜
|
|upkeep
|
|t:|1759018983
|switch|p2a: DisBiSharp|Kingambit, M, shiny|70/100
|-activate|p2a: DisBiSharp|ability: Supreme Overlord
|-start|p2a: DisBiSharp|fallen3|[silent]
|turn|39
|
|t:|1759018996
|move|p2a: DisBiSharp|Sucker Punch|p1a: Cinderace
|-damage|p1a: Cinderace|0 fnt
|faint|p1a: Cinderace
|
|upkeep
|
|t:|1759019004
|switch|p1a: Darkrai|Darkrai|100/100
|turn|40
|
|t:|1759019015
|-terastallize|p2a: DisBiSharp|Dark
|move|p1a: Darkrai|Focus Blast|p2a: DisBiSharp
|-supereffective|p2a: DisBiSharp
|-damage|p2a: DisBiSharp|31/100
|-enditem|p2a: DisBiSharp|Weakness Policy
|-boost|p2a: DisBiSharp|atk|2|[from] item: Weakness Policy
|-boost|p2a: DisBiSharp|spa|2|[from] item: Weakness Policy
|move|p2a: DisBiSharp|Brick Break|p1a: Darkrai
|-supereffective|p1a: Darkrai
|-damage|p1a: Darkrai|0 fnt
|faint|p1a: Darkrai
|
|-sideend|p2: Kidday|move: Light Screen
|upkeep
|
|t:|1759019027
|switch|p1a: Toxapex|Toxapex, M|100/100
|turn|41
|
|t:|1759019030
|move|p2a: DisBiSharp|Iron Head|p1a: Toxapex
|-resisted|p1a: Toxapex
|-damage|p1a: Toxapex|62/100
|cant|p1a: Toxapex|flinch
|
|-heal|p1a: Toxapex|68/100|[from] item: Black Sludge
|upkeep
|turn|42
|
|t:|1759019034
|move|p2a: DisBiSharp|Kowtow Cleave|p1a: Toxapex
|-damage|p1a: Toxapex|0 fnt
|faint|p1a: Toxapex
|
|win|Kidday
|raw|Kyce2005's rating: 1108 &rarr; <strong>1084</strong><br />(-24 for losing)
|raw|Kidday's rating: 1126 &rarr; <strong>1150</strong><br />(+24 for winning)
|l|☆Kyce2005
|player|p1|
|l|☆Kidday
|player|p2|
