|j|☆eucalipto69!
|j|☆Kyellosion
|t:|1758949893
|gametype|singles
|player|p1|eucalipto69!|101|1414
|player|p2|Kyellosion|jupiter|1404
|gen|9
|tier|[Gen 9] OU
|rated|
|rule|HP Percentage Mod: HP is shown in percentages
|rule|Endless Battle Clause: Forcing endless battles is banned
|rule|Species Clause: Limit one of each Pokémon
|rule|OHKO Clause: OHKO moves are banned
|rule|Evasion Items Clause: Evasion items are banned
|rule|Evasion Moves Clause: Evasion moves are banned
|rule|Evasion Abilities Clause: Evasion abilities are banned
|rule|Sleep Moves Clause: Sleep-inducing moves are banned
|clearpoke
|poke|p1|Ogerpon-Cornerstone, F|
|poke|p1|Thundurus-Therian, M|
|poke|p1|Dragapult, F|
|poke|p1|Primarina, F|
|poke|p1|Kingambit, F|
|poke|p1|Great Tusk|
|poke|p2|Toucannon, F|
|poke|p2|Dragonite, M|
|poke|p2|Zamazenta-*|
|poke|p2|Iron Treads|
|poke|p2|Zapdos|
|poke|p2|Primarina, F|
|teampreview
|inactive|Battle timer is ON: inactive players will automatically lose when time's up. (requested by eucalipto69!)
|
|t:|1758949910
|teamsize|p1|6
|teamsize|p2|6
|start
|switch|p1a: Primarina|Primarina, F|100/100
|switch|p2a: Franky|Toucannon, F|100/100
|turn|1
|
|t:|1758949919
|-singleturn|p2a: Franky|move: Beak Blast
|move|p1a: Primarina|Ice Beam|p2a: Franky
|-supereffective|p2a: Franky
|-damage|p2a: Franky|54/100
|move|p2a: Franky|Beak Blast|p1a: Primarina
|-damage|p1a: Primarina|35/100
|
|upkeep
|turn|2
|
|t:|1758949930
|-singleturn|p2a: Franky|move: Beak Blast
|move|p1a: Primarina|Ice Beam|p2a: Franky
|-supereffective|p2a: Franky
|-damage|p2a: Franky|7/100
|move|p2a: Franky|Beak Blast|p1a: Primarina
|-damage|p1a: Primarina|0 fnt
|faint|p1a: Primarina
|
|upkeep
|
|t:|1758949942
|switch|p1a: Thundurus|Thundurus-Therian, M|100/100
|turn|3
|
|t:|1758949945
|move|p1a: Thundurus|Thunderbolt|p2a: Franky
|-supereffective|p2a: Franky
|-damage|p2a: Franky|0 fnt
|faint|p2a: Franky
|
|upkeep
|
|t:|1758949950
|switch|p2a: Eustass Kid|Iron Treads|100/100
|-item|p2a: Eustass Kid|Air Balloon
|turn|4
|
|t:|1758949953
|move|p2a: Eustass Kid|Knock Off|p1a: Thundurus
|-damage|p1a: Thundurus|56/100
|-enditem|p1a: Thundurus|Heavy-Duty Boots|[from] move: Knock Off|[of] p2a: Eustass Kid
|move|p1a: Thundurus|Taunt|p2a: Eustass Kid
|-start|p2a: Eustass Kid|move: Taunt
|
|upkeep
|turn|5
|
|t:|1758949958
|switch|p1a: Great Tusk|Great Tusk|100/100
|move|p2a: Eustass Kid|Ice Spinner|p1a: Great Tusk
|-supereffective|p1a: Great Tusk
|-damage|p1a: Great Tusk|70/100
|-damage|p2a: Eustass Kid|84/100|[from] item: Rocky Helmet|[of] p1a: Great Tusk
|
|upkeep
|turn|6
|
|t:|1758949964
|-end|p2a: Eustass Kid|Quark Drive|[silent]
|switch|p2a: Enel|Zapdos|100/100
|move|p1a: Great Tusk|Knock Off|p2a: Enel
|-damage|p2a: Enel|63/100
|-enditem|p2a: Enel|Choice Specs|[from] move: Knock Off|[of] p1a: Great Tusk
|
|upkeep
|turn|7
|
|t:|1758949969
|move|p2a: Enel|Hurricane|p1a: Great Tusk
|-supereffective|p1a: Great Tusk
|-damage|p1a: Great Tusk|0 fnt
|faint|p1a: Great Tusk
|-end|p1a: Great Tusk|Protosynthesis|[silent]
|
|upkeep
|
|t:|1758949975
|switch|p1a: Ogerpon|Ogerpon-Cornerstone, F|100/100
|turn|8
|
|t:|1758949988
|switch|p2a: Shanks|Zamazenta|100/100
|-ability|p2a: Shanks|Dauntless Shield|boost
|-boost|p2a: Shanks|def|1
|move|p1a: Ogerpon|Low Kick|p2a: Shanks
|-damage|p2a: Shanks|74/100
|
|upkeep
|turn|9
|
|t:|1758949996
|move|p2a: Shanks|Ice Fang|p1a: Ogerpon
|-supereffective|p1a: Ogerpon
|-damage|p1a: Ogerpon|11/100
|move|p1a: Ogerpon|Knock Off|p2a: Shanks
|-resisted|p2a: Shanks
|-crit|p2a: Shanks
|-damage|p2a: Shanks|51/100
|-enditem|p2a: Shanks|Choice Band|[from] move: Knock Off|[of] p1a: Ogerpon
|
|upkeep
|turn|10
|
|t:|1758950007
|switch|p1a: Dragapult|Dragapult, F|100/100
|move|p2a: Shanks|Crunch|p1a: Dragapult
|-supereffective|p1a: Dragapult
|-damage|p1a: Dragapult|23/100
|
|-heal|p1a: Dragapult|29/100|[from] item: Leftovers
|upkeep
|turn|11
|
|t:|1758950013
|switch|p2a: Shirahoshi|Primarina, F|100/100
|move|p1a: Dragapult|Will-O-Wisp|p2a: Shirahoshi
|-status|p2a: Shirahoshi|brn
|
|-heal|p1a: Dragapult|35/100|[from] item: Leftovers
|-damage|p2a: Shirahoshi|94/100 brn|[from] brn
|upkeep
|turn|12
|
|t:|1758950030
|move|p1a: Dragapult|U-turn|p2a: Shirahoshi
|-resisted|p2a: Shirahoshi
|-damage|p2a: Shirahoshi|82/100 brn
|
|t:|1758950038
|switch|p1a: Kingambit|Kingambit, F|100/100|[from] U-turn
|move|p2a: Shirahoshi|Moonblast|p1a: Kingambit
|-damage|p1a: Kingambit|43/100
|
|-heal|p1a: Kingambit|49/100|[from] item: Leftovers
|-damage|p2a: Shirahoshi|75/100 brn|[from] brn
|upkeep
|turn|13
|
|t:|1758950054
|switch|p2a: Shanks|Zamazenta|51/100
|move|p1a: Kingambit|Iron Head|p2a: Shanks
|-damage|p2a: Shanks|7/100
|
|-heal|p1a: Kingambit|55/100|[from] item: Leftovers
|upkeep
|turn|14
|
|t:|1758950071
|switch|p2a: Enel|Zapdos|63/100
|move|p1a: Kingambit|Sucker Punch||[still]
|-fail|p1a: Kingambit
|
|-heal|p1a: Kingambit|61/100|[from] item: Leftovers
|upkeep
|turn|15
|
|t:|1758950079
|move|p2a: Enel|Heat Wave|p1a: Kingambit
|-supereffective|p1a: Kingambit
|-damage|p1a: Kingambit|0 fnt
|faint|p1a: Kingambit
|
|upkeep
|
|t:|1758950083
|switch|p1a: Ogerpon|Ogerpon-Cornerstone, F|11/100
|turn|16
|
|t:|1758950086
|move|p1a: Ogerpon|Ivy Cudgel|p2a: Enel|[anim] Ivy Cudgel Rock
|-supereffective|p2a: Enel
|-damage|p2a: Enel|0 fnt
|faint|p2a: Enel
|
|upkeep
|
|t:|1758950090
|switch|p2a: Shanks|Zamazenta|7/100
|turn|17
|
|t:|1758950095
|move|p2a: Shanks|Ice Fang|p1a: Ogerpon
|-supereffective|p1a: Ogerpon
|-damage|p1a: Ogerpon|0 fnt
|faint|p1a: Ogerpon
|
|upkeep
|
|t:|1758950097
|switch|p1a: Dragapult|Dragapult, F|35/100
|turn|18
|
|t:|1758950106
|move|p1a: Dragapult|Hex|p2a: Shanks
|-damage|p2a: Shanks|0 fnt
|faint|p2a: Shanks
|
|-heal|p1a: Dragapult|41/100|[from] item: Leftovers
|upkeep
|
|t:|1758950108
|switch|p2a: Shirahoshi|Primarina, F|75/100 brn
|turn|19
|
|t:|1758950113
|move|p1a: Dragapult|Hex|p2a: Shirahoshi
|-damage|p2a: Shirahoshi|53/100 brn
|move|p2a: Shirahoshi|Moonblast|p1a: Dragapult
|-supereffective|p1a: Dragapult
|-damage|p1a: Dragapult|0 fnt
|faint|p1a: Dragapult
|
|-damage|p2a: Shirahoshi|47/100 brn|[from] brn
|upkeep
|
|t:|1758950116
|switch|p1a: Thundurus|Thundurus-Therian, M|56/100
|turn|20
|
|t:|1758950127
|move|p1a: Thundurus|Thunderbolt|p2a: Shirahoshi
|-supereffective|p2a: Shirahoshi
|-damage|p2a: Shirahoshi|0 fnt
|faint|p2a: Shirahoshi
|
|upkeep
|
|t:|1758950129
|switch|p2a: Monkey D. nite|Dragonite, M|100/100
|turn|21
|
|t:|1758950135
|-terastallize|p1a: Thundurus|Fairy
|move|p1a: Thundurus|Tera Blast|p2a: Monkey D. nite|[anim] Tera Blast Fairy
|-supereffective|p2a: Monkey D. nite
|-damage|p2a: Monkey D. nite|52/100
|move|p2a: Monkey D. nite|Scale Shot|p1a: Thundurus
|-immune|p1a: Thundurus
|
|upkeep
|turn|22
|
|t:|1758950143
|-terastallize|p2a: Monkey D. nite|Fire
|move|p2a: Monkey D. nite|Extreme Speed|p1a: Thundurus
|-damage|p1a: Thundurus|5/100
|move|p1a: Thundurus|Tera Blast|p2a: Monkey D. nite|[anim] Tera Blast Fairy
|-resisted|p2a: Monkey D. nite
|-damage|p2a: Monkey D. nite|27/100
|
|upkeep
|turn|23
|-message|eucalipto69! forfeited.
|
|win|Kyellosion
|raw|eucalipto69!'s rating: 1414 &rarr; <strong>1393</strong><br />(-21 for losing)
|raw|Kyellosion's rating: 1404 &rarr; <strong>1425</strong><br />(+21 for winning)
|l|☆eucalipto69!
|player|p1|
|l|☆Kyellosion
|player|p2|
