|j|☆Lunala6810
|j|☆Nameless Moron
|t:|1759063356
|gametype|singles
|player|p1|Lunala6810|richboy-gen4|1162
|player|p2|Nameless Moron|unknown|1185
|gen|9
|tier|[Gen 9] OU
|rated|
|rule|HP Percentage Mod: HP is shown in percentages
|rule|Endless Battle Clause: Forcing endless battles is banned
|rule|Species Clause: Limit one of each Pokémon
|rule|OHKO Clause: OHKO moves are banned
|rule|Evasion Items Clause: Evasion items are banned
|rule|Evasion Moves Clause: Evasion moves are banned
|rule|Evasion Abilities Clause: Evasion abilities are banned
|rule|Sleep Moves Clause: Sleep-inducing moves are banned
|clearpoke
|poke|p1|Gliscor, M|
|poke|p1|Weezing-Galar, F|
|poke|p1|Ogerpon-Wellspring, F|
|poke|p1|Raging Bolt|
|poke|p1|Blaziken, M|
|poke|p1|Kingambit, M|
|poke|p2|Slowking-Galar, F|
|poke|p2|Zamazenta-*|
|poke|p2|Kyurem|
|poke|p2|Cinderace, M|
|poke|p2|Iron Valiant|
|poke|p2|Great Tusk|
|teampreview
|inactive|Battle timer is ON: inactive players will automatically lose when time's up. (requested by Nameless Moron)
|inactive|Lunala6810 also wants the timer to be on.
|
|t:|1759063372
|teamsize|p1|6
|teamsize|p2|6
|start
|switch|p1a: Gliscor|Gliscor, M|100/100
|switch|p2a: Cinderace|Cinderace, M|100/100
|turn|1
|
|t:|1759063383
|move|p2a: Cinderace|U-turn|p1a: Gliscor
|-start|p2a: Cinderace|typechange|Bug|[from] ability: Libero
|-resisted|p1a: Gliscor
|-damage|p1a: Gliscor|89/100
|
|t:|1759063388
|switch|p2a: Slowking|Slowking-Galar, F|100/100|[from] U-turn
|move|p1a: Gliscor|Toxic|p2a: Slowking
|-immune|p2a: Slowking
|
|-status|p1a: Gliscor|tox|[from] item: Toxic Orb
|upkeep
|turn|2
|
|t:|1759063405
|move|p1a: Gliscor|Earthquake|p2a: Slowking
|-supereffective|p2a: Slowking
|-damage|p2a: Slowking|28/100
|move|p2a: Slowking|Future Sight|p1a: Gliscor
|-start|p2a: Slowking|move: Future Sight
|
|-heal|p1a: Gliscor|100/100 tox|[from] ability: Poison Heal
|upkeep
|turn|3
|
|t:|1759063413
|switch|p2a: Kyurem|Kyurem, shiny|100/100
|-ability|p2a: Kyurem|Pressure
|move|p1a: Gliscor|Earthquake|p2a: Kyurem
|-damage|p2a: Kyurem|70/100
|
|upkeep
|turn|4
|
|t:|1759063426
|-terastallize|p1a: Gliscor|Water
|move|p2a: Kyurem|Freeze-Dry|p1a: Gliscor
|-supereffective|p1a: Gliscor
|-damage|p1a: Gliscor|0 fnt
|faint|p1a: Gliscor
|
|-hint|Future Sight did not hit because the target is fainted.
|upkeep
|
|t:|1759063433
|switch|p1a: Raging Bolt|Raging Bolt|100/100
|-enditem|p1a: Raging Bolt|Booster Energy
|-activate|p1a: Raging Bolt|ability: Protosynthesis|[fromitem]
|-start|p1a: Raging Bolt|protosynthesisspa
|turn|5
|
|t:|1759063440
|switch|p2a: Great Tusk|Great Tusk|100/100
|-enditem|p2a: Great Tusk|Booster Energy
|-activate|p2a: Great Tusk|ability: Protosynthesis|[fromitem]
|-start|p2a: Great Tusk|protosynthesisspe
|move|p1a: Raging Bolt|Draco Meteor|p2a: Great Tusk
|-damage|p2a: Great Tusk|0 fnt
|-unboost|p1a: Raging Bolt|spa|2
|faint|p2a: Great Tusk
|-end|p2a: Great Tusk|Protosynthesis|[silent]
|
|upkeep
|
|t:|1759063453
|switch|p2a: Slowking|Slowking-Galar, F|62/100
|turn|6
|
|t:|1759063459
|switch|p2a: Iron Valiant|Iron Valiant|100/100
|-enditem|p2a: Iron Valiant|Booster Energy
|-activate|p2a: Iron Valiant|ability: Quark Drive|[fromitem]
|-start|p2a: Iron Valiant|quarkdrivespe
|move|p1a: Raging Bolt|Volt Switch|p2a: Iron Valiant
|-crit|p2a: Iron Valiant
|-damage|p2a: Iron Valiant|0 fnt
|faint|p2a: Iron Valiant
|-end|p2a: Iron Valiant|Quark Drive|[silent]
|
|t:|1759063468
|-end|p1a: Raging Bolt|Protosynthesis|[silent]
|switch|p1a: Ogerpon|Ogerpon-Wellspring, F|100/100|[from] Volt Switch
|
|upkeep
|
|t:|1759063472
|switch|p2a: Cinderace|Cinderace, M|100/100
|turn|7
|
|t:|1759063477
|move|p2a: Cinderace|Trailblaze|p1a: Ogerpon
|-start|p2a: Cinderace|typechange|Grass|[from] ability: Libero
|-damage|p1a: Ogerpon|69/100
|-boost|p2a: Cinderace|spe|1
|move|p1a: Ogerpon|Ivy Cudgel|p2a: Cinderace|[anim] Ivy Cudgel Water
|-resisted|p2a: Cinderace
|-damage|p2a: Cinderace|58/100
|
|upkeep
|turn|8
|
|t:|1759063487
|move|p2a: Cinderace|Trailblaze|p1a: Ogerpon
|-damage|p1a: Ogerpon|36/100
|-boost|p2a: Cinderace|spe|1
|move|p1a: Ogerpon|Play Rough|p2a: Cinderace
|-damage|p2a: Cinderace|5/100
|
|upkeep
|turn|9
|
|t:|1759063500
|move|p2a: Cinderace|Trailblaze|p1a: Ogerpon
|-damage|p1a: Ogerpon|6/100
|-boost|p2a: Cinderace|spe|1
|move|p1a: Ogerpon|Play Rough|p2a: Cinderace|[miss]
|-miss|p1a: Ogerpon|p2a: Cinderace
|
|upkeep
|turn|10
|
|t:|1759063508
|move|p2a: Cinderace|Pyro Ball|p1a: Ogerpon
|-damage|p1a: Ogerpon|0 fnt
|faint|p1a: Ogerpon
|
|upkeep
|
|t:|1759063512
|switch|p1a: Blaziken|Blaziken, M|100/100
|turn|11
|
|t:|1759063519
|move|p2a: Cinderace|Pyro Ball|p1a: Blaziken
|-resisted|p1a: Blaziken
|-damage|p1a: Blaziken|69/100
|move|p1a: Blaziken|Fire Punch|p2a: Cinderace
|-supereffective|p2a: Cinderace
|-damage|p2a: Cinderace|0 fnt
|faint|p2a: Cinderace
|
|-ability|p1a: Blaziken|Speed Boost|boost
|-boost|p1a: Blaziken|spe|1
|upkeep
|
|t:|1759063534
|switch|p2a: Zamazenta|Zamazenta|100/100
|-ability|p2a: Zamazenta|Dauntless Shield|boost
|-boost|p2a: Zamazenta|def|1
|turn|12
|
|t:|1759063547
|move|p1a: Blaziken|Swords Dance|p1a: Blaziken
|-boost|p1a: Blaziken|atk|2
|move|p2a: Zamazenta|Iron Defense|p2a: Zamazenta
|-boost|p2a: Zamazenta|def|2
|
|-ability|p1a: Blaziken|Speed Boost|boost
|-boost|p1a: Blaziken|spe|1
|upkeep
|turn|13
|
|t:|1759063555
|switch|p1a: Weezing|Weezing-Galar, F|100/100
|move|p2a: Zamazenta|Body Press|p1a: Weezing
|-resisted|p1a: Weezing
|-damage|p1a: Weezing|84/100
|
|upkeep
|turn|14
|
|t:|1759063569
|switch|p2a: Slowking|Slowking-Galar, F|95/100
|move|p1a: Weezing|Strange Steam|p2a: Slowking
|-resisted|p2a: Slowking
|-damage|p2a: Slowking|82/100
|
|upkeep
|turn|15
|
|t:|1759063583
|switch|p1a: Raging Bolt|Raging Bolt|100/100
|move|p2a: Slowking|Psychic Terrain|p2a: Slowking
|-fieldstart|move: Psychic Terrain
|
|upkeep
|turn|16
|
|t:|1759063594
|move|p1a: Raging Bolt|Draco Meteor|p2a: Slowking|[miss]
|-miss|p1a: Raging Bolt|p2a: Slowking
|move|p2a: Slowking|Future Sight|p1a: Raging Bolt
|-start|p2a: Slowking|move: Future Sight
|
|upkeep
|turn|17
|
|t:|1759063599
|move|p1a: Raging Bolt|Draco Meteor|p2a: Slowking
|-damage|p2a: Slowking|29/100
|-unboost|p1a: Raging Bolt|spa|2
|move|p2a: Slowking|Sludge Bomb|p1a: Raging Bolt
|-damage|p1a: Raging Bolt|69/100
|
|upkeep
|turn|18
|
|t:|1759063610
|move|p1a: Raging Bolt|Draco Meteor|p2a: Slowking
|-damage|p2a: Slowking|6/100
|-unboost|p1a: Raging Bolt|spa|2
|-prepare|p2a: Slowking|Chilly Reception|[premajor]
|move|p2a: Slowking|Chilly Reception|p2a: Slowking
|-weather|Snowscape
|
|t:|1759063622
|switch|p2a: Kyurem|Kyurem, shiny|70/100|[from] Chilly Reception
|-ability|p2a: Kyurem|Pressure
|
|-weather|Snowscape|[upkeep]
|-end|p1a: Raging Bolt|move: Future Sight
|-damage|p1a: Raging Bolt|12/100
|upkeep
|turn|19
|
|t:|1759063632
|-end|p1a: Raging Bolt|Protosynthesis|[silent]
|switch|p1a: Blaziken|Blaziken, M|69/100
|move|p2a: Kyurem|Freeze-Dry|p1a: Blaziken
|-resisted|p1a: Blaziken
|-damage|p1a: Blaziken|25/100
|
|-weather|Snowscape|[upkeep]
|upkeep
|turn|20
|
|t:|1759063644
|move|p2a: Kyurem|Freeze-Dry|p1a: Blaziken
|-resisted|p1a: Blaziken
|-damage|p1a: Blaziken|0 fnt
|faint|p1a: Blaziken
|
|-weather|Snowscape|[upkeep]
|upkeep
|
|t:|1759063653
|switch|p1a: Weezing|Weezing-Galar, F|84/100
|turn|21
|
|t:|1759063659
|move|p2a: Kyurem|Freeze-Dry|p1a: Weezing
|-damage|p1a: Weezing|10/100
|-status|p1a: Weezing|frz
|-curestatus|p1a: Weezing|frz|[msg]
|move|p1a: Weezing|Strange Steam|p2a: Kyurem
|-supereffective|p2a: Kyurem
|-damage|p2a: Kyurem|0 fnt
|faint|p2a: Kyurem
|
|-weather|Snowscape|[upkeep]
|upkeep
|
|t:|1759063670
|switch|p2a: Zamazenta|Zamazenta|100/100
|turn|22
|
|t:|1759063676
|move|p2a: Zamazenta|Crunch|p1a: Weezing
|-resisted|p1a: Weezing
|-damage|p1a: Weezing|1/100
|move|p1a: Weezing|Sludge Bomb|p2a: Zamazenta
|-damage|p2a: Zamazenta|70/100
|-status|p2a: Zamazenta|psn
|
|-weather|none
|-heal|p2a: Zamazenta|76/100 psn|[from] item: Leftovers
|-damage|p2a: Zamazenta|63/100 psn|[from] psn
|-fieldend|move: Psychic Terrain
|upkeep
|turn|23
|
|t:|1759063686
|move|p2a: Zamazenta|Crunch|p1a: Weezing
|-resisted|p1a: Weezing
|-damage|p1a: Weezing|0 fnt
|faint|p1a: Weezing
|
|-heal|p2a: Zamazenta|69/100 psn|[from] item: Leftovers
|-damage|p2a: Zamazenta|57/100 psn|[from] psn
|upkeep
|
|t:|1759063694
|switch|p1a: Raging Bolt|Raging Bolt|12/100
|turn|24
|
|t:|1759063702
|move|p1a: Raging Bolt|Thunderclap|p2a: Zamazenta
|-damage|p2a: Zamazenta|26/100 psn
|move|p2a: Zamazenta|Crunch|p1a: Raging Bolt
|-damage|p1a: Raging Bolt|0 fnt
|faint|p1a: Raging Bolt
|-end|p1a: Raging Bolt|Protosynthesis|[silent]
|
|-heal|p2a: Zamazenta|32/100 psn|[from] item: Leftovers
|-damage|p2a: Zamazenta|20/100 psn|[from] psn
|upkeep
|
|t:|1759063716
|switch|p1a: Kingambit|Kingambit, M|100/100
|-activate|p1a: Kingambit|ability: Supreme Overlord
|-start|p1a: Kingambit|fallen5|[silent]
|turn|25
|
|t:|1759063727
|move|p1a: Kingambit|Sucker Punch|p2a: Zamazenta
|-resisted|p2a: Zamazenta
|-damage|p2a: Zamazenta|0 fnt
|faint|p2a: Zamazenta
|
|upkeep
|
|t:|1759063732
|switch|p2a: Slowking|Slowking-Galar, F|39/100
|turn|26
|
|t:|1759063738
|-terastallize|p2a: Slowking|Steel
|move|p1a: Kingambit|Iron Head|p2a: Slowking
|-resisted|p2a: Slowking
|-damage|p2a: Slowking|1/100
|cant|p2a: Slowking|flinch
|
|upkeep
|turn|27
|
|t:|1759063746
|move|p1a: Kingambit|Iron Head|p2a: Slowking
|-resisted|p2a: Slowking
|-damage|p2a: Slowking|0 fnt
|faint|p2a: Slowking
|
|win|Lunala6810
|raw|Lunala6810's rating: 1162 &rarr; <strong>1189</strong><br />(+27 for winning)
|raw|Nameless Moron's rating: 1185 &rarr; <strong>1158</strong><br />(-27 for losing)
