|j|☆lockheedmarlin
|j|☆lotadfan22
|t:|1759027359
|gametype|singles
|player|p1|lockheedmarlin|iris-gen5bw2|1111
|player|p2|lotadfan22|blaine|1076
|gen|9
|tier|[Gen 9] OU
|rated|
|rule|HP Percentage Mod: HP is shown in percentages
|rule|Endless Battle Clause: Forcing endless battles is banned
|rule|Species Clause: Limit one of each Pokémon
|rule|OHKO Clause: OHKO moves are banned
|rule|Evasion Items Clause: Evasion items are banned
|rule|Evasion Moves Clause: Evasion moves are banned
|rule|Evasion Abilities Clause: Evasion abilities are banned
|rule|Sleep Moves Clause: Sleep-inducing moves are banned
|clearpoke
|poke|p1|Rillaboom, M|
|poke|p1|Iron Hands|
|poke|p1|Gholdengo|
|poke|p1|Walking Wake|
|poke|p1|Kleavor, M|
|poke|p1|Quagsire, M|
|poke|p2|Ludicolo, M|
|poke|p2|Altaria, M|
|poke|p2|Ninetales, M|
|poke|p2|Goodra-Hisui, F|
|poke|p2|Vileplume, F|
|poke|p2|Dragonite, F|
|teampreview
|inactive|Battle timer is ON: inactive players will automatically lose when time's up. (requested by lockheedmarlin)
|inactive|lotadfan22 has 120 seconds left.
|
|t:|1759027414
|teamsize|p1|6
|teamsize|p2|6
|start
|switch|p1a: Axl Rose|Kleavor, M|100/100
|switch|p2a: Goodra|Goodra-Hisui, F|100/100
|turn|1
|
|t:|1759027421
|move|p1a: Axl Rose|Stone Axe|p2a: Goodra
|-resisted|p2a: Goodra
|-damage|p2a: Goodra|70/100
|-sidestart|p2: lotadfan22|move: Stealth Rock
|move|p2a: Goodra|Flash Cannon|p1a: Axl Rose
|-supereffective|p1a: Axl Rose
|-damage|p1a: Axl Rose|0 fnt
|faint|p1a: Axl Rose
|
|upkeep
|
|t:|1759027431
|switch|p1a: Dave Blunts|Iron Hands|100/100
|turn|2
|inactive|lotadfan22 has 120 seconds left.
|
|t:|1759027465
|move|p2a: Goodra|Knock Off|p1a: Dave Blunts
|-resisted|p1a: Dave Blunts
|-damage|p1a: Dave Blunts|94/100
|-enditem|p1a: Dave Blunts|Assault Vest|[from] move: Knock Off|[of] p2a: Goodra
|move|p1a: Dave Blunts|Drain Punch|p2a: Goodra
|-supereffective|p2a: Goodra
|-damage|p2a: Goodra|0 fnt
|-heal|p1a: Dave Blunts|100/100|[from] drain|[of] p2a: Goodra
|faint|p2a: Goodra
|
|upkeep
|inactive|lotadfan22 has 120 seconds left.
|
|t:|1759027492
|switch|p2a: Altaria|Altaria, M|100/100
|turn|3
|
|t:|1759027504
|-terastallize|p1a: Dave Blunts|Fairy
|move|p2a: Altaria|Defog|p1a: Dave Blunts
|-unboost|p1a: Dave Blunts|evasion|1
|-sideend|p2: lotadfan22|Stealth Rock|[from] move: Defog|[of] p2a: Altaria
|move|p1a: Dave Blunts|Play Rough|p2a: Altaria|[miss]
|-miss|p1a: Dave Blunts|p2a: Altaria
|
|upkeep
|turn|4
|
|t:|1759027517
|move|p2a: Altaria|Will-O-Wisp|p1a: Dave Blunts
|-status|p1a: Dave Blunts|brn
|move|p1a: Dave Blunts|Play Rough|p2a: Altaria
|-supereffective|p2a: Altaria
|-damage|p2a: Altaria|44/100
|
|-damage|p1a: Dave Blunts|94/100 brn|[from] brn
|upkeep
|turn|5
|
|t:|1759027527
|switch|p2a: Ninetales|Ninetales, M|100/100
|-weather|SunnyDay|[from] ability: Drought|[of] p2a: Ninetales
|move|p1a: Dave Blunts|Play Rough|p2a: Ninetales
|-resisted|p2a: Ninetales
|-damage|p2a: Ninetales|85/100
|
|-weather|SunnyDay|[upkeep]
|-damage|p1a: Dave Blunts|88/100 brn|[from] brn
|upkeep
|turn|6
|
|t:|1759027540
|move|p2a: Ninetales|Encore|p1a: Dave Blunts
|-start|p1a: Dave Blunts|Encore
|move|p1a: Dave Blunts|Play Rough|p2a: Ninetales
|-resisted|p2a: Ninetales
|-damage|p2a: Ninetales|69/100
|
|-weather|SunnyDay|[upkeep]
|-damage|p1a: Dave Blunts|82/100 brn|[from] brn
|upkeep
|turn|7
|
|t:|1759027563
|switch|p2a: Vileplume|Vileplume, F|100/100
|move|p1a: Dave Blunts|Play Rough|p2a: Vileplume
|-resisted|p2a: Vileplume
|-damage|p2a: Vileplume|83/100
|
|-weather|SunnyDay|[upkeep]
|-damage|p1a: Dave Blunts|76/100 brn|[from] brn
|upkeep
|turn|8
|
|t:|1759027574
|-end|p1a: Dave Blunts|Quark Drive|[silent]
|switch|p1a: Monëy so big|Gholdengo|100/100
|move|p2a: Vileplume|Sludge Wave|p1a: Monëy so big
|-immune|p1a: Monëy so big
|
|-weather|SunnyDay|[upkeep]
|upkeep
|turn|9
|
|t:|1759027581
|move|p2a: Vileplume|Weather Ball|p1a: Monëy so big
|-supereffective|p1a: Monëy so big
|-damage|p1a: Monëy so big|0 fnt
|faint|p1a: Monëy so big
|-damage|p2a: Vileplume|74/100|[from] item: Life Orb
|
|-weather|SunnyDay|[upkeep]
|upkeep
|
|t:|1759027590
|switch|p1a: WakeUpInTheSky|Walking Wake|100/100
|-activate|p1a: WakeUpInTheSky|ability: Protosynthesis
|-start|p1a: WakeUpInTheSky|protosynthesisspa
|turn|10
|
|t:|1759027600
|switch|p2a: Altaria|Altaria, M|44/100
|move|p1a: WakeUpInTheSky|Hurricane|p2a: Altaria
|-damage|p2a: Altaria|12/100
|
|-weather|SunnyDay|[upkeep]
|upkeep
|turn|11
|
|t:|1759027608
|move|p1a: WakeUpInTheSky|Hurricane|p2a: Altaria
|-damage|p2a: Altaria|0 fnt
|faint|p2a: Altaria
|
|-weather|SunnyDay|[upkeep]
|upkeep
|inactive|lotadfan22 has 120 seconds left.
|
|t:|1759027632
|switch|p2a: Ludicolo|Ludicolo, M|100/100
|turn|12
|inactive|lotadfan22 has 120 seconds left.
|
|t:|1759027639
|move|p1a: WakeUpInTheSky|Hurricane|p2a: Ludicolo
|-supereffective|p2a: Ludicolo
|-damage|p2a: Ludicolo|0 fnt
|faint|p2a: Ludicolo
|
|-weather|none
|-end|p1a: WakeUpInTheSky|Protosynthesis
|upkeep
|inactive|lotadfan22 has 120 seconds left.
|
|t:|1759027647
|switch|p2a: Dragonite|Dragonite, F|100/100
|turn|13
|
|t:|1759027656
|-end|p1a: WakeUpInTheSky|Protosynthesis|[silent]
|switch|p1a: King Von|Quagsire, M|100/100
|move|p2a: Dragonite|Dragon Dance|p2a: Dragonite
|-boost|p2a: Dragonite|atk|1
|-boost|p2a: Dragonite|spe|1
|
|upkeep
|turn|14
|inactive|lotadfan22 has 120 seconds left.
|
|t:|1759027673
|switch|p2a: Vileplume|Vileplume, F|74/100
|move|p1a: King Von|Liquidation|p2a: Vileplume
|-resisted|p2a: Vileplume
|-damage|p2a: Vileplume|51/100
|
|upkeep
|turn|15
|
|t:|1759027682
|switch|p1a: Gorillaz|Rillaboom, M|100/100
|-fieldstart|move: Grassy Terrain|[from] ability: Grassy Surge|[of] p1a: Gorillaz
|move|p2a: Vileplume|Moonlight|p2a: Vileplume
|-heal|p2a: Vileplume|100/100
|
|upkeep
|turn|16
|
|t:|1759027691
|move|p1a: Gorillaz|Fake Out|p2a: Vileplume
|-damage|p2a: Vileplume|80/100
|cant|p2a: Vileplume|flinch
|
|-heal|p2a: Vileplume|86/100|[from] Grassy Terrain
|upkeep
|turn|17
|
|t:|1759027699
|move|p2a: Vileplume|Sludge Wave|p1a: Gorillaz
|-supereffective|p1a: Gorillaz
|-damage|p1a: Gorillaz|0 fnt
|faint|p1a: Gorillaz
|-damage|p2a: Vileplume|76/100|[from] item: Life Orb
|
|-heal|p2a: Vileplume|82/100|[from] Grassy Terrain
|upkeep
|
|t:|1759027709
|switch|p1a: WakeUpInTheSky|Walking Wake|100/100
|turn|18
|inactive|lotadfan22 has 120 seconds left.
|
|t:|1759027767
|move|p1a: WakeUpInTheSky|Draco Meteor|p2a: Vileplume
|-crit|p2a: Vileplume
|-damage|p2a: Vileplume|0 fnt
|-unboost|p1a: WakeUpInTheSky|spa|2
|faint|p2a: Vileplume
|
|upkeep
|inactive|lotadfan22 has 90 seconds left.
|
|t:|1759027786
|switch|p2a: Dragonite|Dragonite, F|100/100
|turn|19
|inactive|lotadfan22 has 90 seconds left.
|
|t:|1759027806
|-end|p1a: WakeUpInTheSky|Protosynthesis|[silent]
|switch|p1a: Dave Blunts|Iron Hands, tera:Fairy|76/100 brn
|switch|p2a: Ninetales|Ninetales, M|69/100
|-weather|SunnyDay|[from] ability: Drought|[of] p2a: Ninetales
|
|-weather|SunnyDay|[upkeep]
|-heal|p2a: Ninetales|75/100|[from] Grassy Terrain
|-heal|p1a: Dave Blunts|82/100 brn|[from] Grassy Terrain
|-damage|p1a: Dave Blunts|76/100 brn|[from] brn
|upkeep
|turn|20
|
|t:|1759027820
|move|p2a: Ninetales|Weather Ball|p1a: Dave Blunts
|-damage|p1a: Dave Blunts|47/100 brn
|move|p1a: Dave Blunts|Earthquake|p2a: Ninetales
|-supereffective|p2a: Ninetales
|-damage|p2a: Ninetales|52/100
|
|-weather|SunnyDay|[upkeep]
|-heal|p2a: Ninetales|58/100|[from] Grassy Terrain
|-heal|p1a: Dave Blunts|53/100 brn|[from] Grassy Terrain
|-damage|p1a: Dave Blunts|47/100 brn|[from] brn
|upkeep
|turn|21
|
|t:|1759027833
|-end|p1a: Dave Blunts|Quark Drive|[silent]
|switch|p1a: WakeUpInTheSky|Walking Wake|100/100
|-activate|p1a: WakeUpInTheSky|ability: Protosynthesis
|-start|p1a: WakeUpInTheSky|protosynthesisspa
|move|p2a: Ninetales|Weather Ball|p1a: WakeUpInTheSky
|-resisted|p1a: WakeUpInTheSky
|-damage|p1a: WakeUpInTheSky|87/100
|
|-weather|SunnyDay|[upkeep]
|-heal|p1a: WakeUpInTheSky|93/100|[from] Grassy Terrain
|-heal|p2a: Ninetales|64/100|[from] Grassy Terrain
|upkeep
|turn|22
|
|t:|1759027844
|move|p1a: WakeUpInTheSky|Draco Meteor|p2a: Ninetales
|-damage|p2a: Ninetales|0 fnt
|-unboost|p1a: WakeUpInTheSky|spa|2
|faint|p2a: Ninetales
|
|-weather|SunnyDay|[upkeep]
|-heal|p1a: WakeUpInTheSky|99/100|[from] Grassy Terrain
|-fieldend|move: Grassy Terrain
|upkeep
|
|t:|1759027848
|switch|p2a: Dragonite|Dragonite, F|100/100
|turn|23
|
|t:|1759027856
|-terastallize|p2a: Dragonite|Fairy
|move|p1a: WakeUpInTheSky|Draco Meteor|p2a: Dragonite
|-immune|p2a: Dragonite
|move|p2a: Dragonite|Dragon Dance|p2a: Dragonite
|-boost|p2a: Dragonite|atk|1
|-boost|p2a: Dragonite|spe|1
|
|-weather|SunnyDay|[upkeep]
|upkeep
|turn|24
|
|t:|1759027868
|-end|p1a: WakeUpInTheSky|Protosynthesis|[silent]
|switch|p1a: King Von|Quagsire, M|100/100
|move|p2a: Dragonite|Tera Blast|p1a: King Von|[anim] Tera Blast Fairy
|-damage|p1a: King Von|35/100
|
|-weather|SunnyDay|[upkeep]
|-heal|p1a: King Von|41/100|[from] item: Leftovers
|upkeep
|turn|25
|
|t:|1759027879
|move|p2a: Dragonite|Tera Blast|p1a: King Von|[anim] Tera Blast Fairy
|-damage|p1a: King Von|0 fnt
|faint|p1a: King Von
|
|-weather|SunnyDay|[upkeep]
|upkeep
|
|t:|1759027886
|switch|p1a: WakeUpInTheSky|Walking Wake|99/100
|-activate|p1a: WakeUpInTheSky|ability: Protosynthesis
|-start|p1a: WakeUpInTheSky|protosynthesisspa
|turn|26
|
|t:|1759027892
|move|p1a: WakeUpInTheSky|Hydro Steam|p2a: Dragonite
|-damage|p2a: Dragonite|64/100
|move|p2a: Dragonite|Tera Blast|p1a: WakeUpInTheSky|[anim] Tera Blast Fairy
|-supereffective|p1a: WakeUpInTheSky
|-damage|p1a: WakeUpInTheSky|0 fnt
|faint|p1a: WakeUpInTheSky
|-end|p1a: WakeUpInTheSky|Protosynthesis|[silent]
|
|-weather|none
|upkeep
|-message|lockheedmarlin forfeited.
|
|win|lotadfan22
|raw|lockheedmarlin's rating: 1111 &rarr; <strong>1083</strong><br />(-28 for losing)
|raw|lotadfan22's rating: 1076 &rarr; <strong>1107</strong><br />(+31 for winning)
|l|☆lockheedmarlin
|player|p1|
