|j|☆LonelySxNner
|j|☆clouddaearth
|t:|1758926215
|gametype|singles
|player|p1|LonelySxNner|picnicker|1320
|player|p2|clouddaearth|101|1318
|gen|9
|tier|[Gen 9] OU
|rated|
|rule|HP Percentage Mod: HP is shown in percentages
|rule|Endless Battle Clause: Forcing endless battles is banned
|rule|Species Clause: Limit one of each Pokémon
|rule|OHKO Clause: OHKO moves are banned
|rule|Evasion Items Clause: Evasion items are banned
|rule|Evasion Moves Clause: Evasion moves are banned
|rule|Evasion Abilities Clause: Evasion abilities are banned
|rule|Sleep Moves Clause: Sleep-inducing moves are banned
|clearpoke
|poke|p1|Meloetta|
|poke|p1|Typhlosion-Hisui, M|
|poke|p1|Ceruledge, M|
|poke|p1|Grimmsnarl, M|
|poke|p1|Greninja-*, M|
|poke|p1|Garchomp, F|
|poke|p2|Meowscarada, M|
|poke|p2|Hatterene, F|
|poke|p2|Kommo-o, F|
|poke|p2|Komala, M|
|poke|p2|Chandelure, F|
|poke|p2|Rotom-Wash|
|teampreview
|
|t:|1758926220
|teamsize|p1|6
|teamsize|p2|6
|start
|switch|p1a: Garchomp|Garchomp, F|100/100
|switch|p2a: Meowscarada|Meowscarada, M|100/100
|turn|1
|inactive|Battle timer is ON: inactive players will automatically lose when time's up. (requested by LonelySxNner)
|
|t:|1758926224
|-terastallize|p1a: Garchomp|Steel
|move|p2a: Meowscarada|Triple Axel|p1a: Garchomp
|-start|p2a: Meowscarada|typechange|Ice|[from] ability: Protean
|-resisted|p1a: Garchomp
|-damage|p1a: Garchomp|94/100
|-damage|p2a: Meowscarada|88/100|[from] ability: Rough Skin|[of] p1a: Garchomp
|-damage|p2a: Meowscarada|72/100|[from] item: Rocky Helmet|[of] p1a: Garchomp
|-resisted|p1a: Garchomp
|-damage|p1a: Garchomp|81/100
|-damage|p2a: Meowscarada|60/100|[from] ability: Rough Skin|[of] p1a: Garchomp
|-damage|p2a: Meowscarada|43/100|[from] item: Rocky Helmet|[of] p1a: Garchomp
|-resisted|p1a: Garchomp
|-damage|p1a: Garchomp|63/100
|-damage|p2a: Meowscarada|31/100|[from] ability: Rough Skin|[of] p1a: Garchomp
|-damage|p2a: Meowscarada|14/100|[from] item: Rocky Helmet|[of] p1a: Garchomp
|-hitcount|p1a: Garchomp|3
|move|p1a: Garchomp|Stealth Rock|p2a: Meowscarada
|-sidestart|p2: clouddaearth|move: Stealth Rock
|
|upkeep
|turn|2
|
|t:|1758926246
|switch|p2a: Komala|Komala, M|100/100
|-damage|p2a: Komala|88/100|[from] Stealth Rock
|-ability|p2a: Komala|Comatose
|move|p1a: Garchomp|Earthquake|p2a: Komala
|-damage|p2a: Komala|22/100
|
|upkeep
|turn|3
|
|t:|1758926251
|move|p1a: Garchomp|Earthquake|p2a: Komala
|-damage|p2a: Komala|0 fnt
|faint|p2a: Komala
|
|upkeep
|
|t:|1758926254
|switch|p2a: Rotom|Rotom-Wash|100/100
|-damage|p2a: Rotom|88/100|[from] Stealth Rock
|turn|4
|
|t:|1758926260
|move|p1a: Garchomp|Spikes|p2a: Rotom
|-sidestart|p2: clouddaearth|Spikes
|move|p2a: Rotom|Will-O-Wisp|p1a: Garchomp
|-status|p1a: Garchomp|brn
|
|-damage|p1a: Garchomp|57/100 brn|[from] brn
|upkeep
|turn|5
|
|t:|1758926268
|switch|p1a: Grimmsnarl|Grimmsnarl, M|100/100
|switch|p2a: Kommo-o|Kommo-o, F|100/100
|-damage|p2a: Kommo-o|94/100|[from] Stealth Rock
|-damage|p2a: Kommo-o|82/100|[from] Spikes
|
|upkeep
|turn|6
|
|t:|1758926274
|move|p1a: Grimmsnarl|Taunt|p2a: Kommo-o
|-start|p2a: Kommo-o|move: Taunt
|cant|p2a: Kommo-o|move: Taunt|Dragon Dance
|
|upkeep
|turn|7
|
|t:|1758926278
|switch|p2a: Hatterene|Hatterene, F|100/100
|-damage|p2a: Hatterene|88/100|[from] Stealth Rock
|-damage|p2a: Hatterene|76/100|[from] Spikes
|move|p1a: Grimmsnarl|Reflect|p1a: Grimmsnarl
|-sidestart|p1: LonelySxNner|Reflect
|
|-heal|p2a: Hatterene|82/100|[from] item: Leftovers
|upkeep
|turn|8
|
|t:|1758926284
|move|p1a: Grimmsnarl|Light Screen|p1a: Grimmsnarl
|-sidestart|p1: LonelySxNner|move: Light Screen
|move|p2a: Hatterene|Nuzzle|p1a: Grimmsnarl
|-damage|p1a: Grimmsnarl|98/100
|-status|p1a: Grimmsnarl|par
|
|-heal|p2a: Hatterene|88/100|[from] item: Leftovers
|upkeep
|turn|9
|
|t:|1758926292
|switch|p1a: Greninja|Greninja, M|100/100
|move|p2a: Hatterene|Calm Mind|p2a: Hatterene
|-boost|p2a: Hatterene|spa|1
|-boost|p2a: Hatterene|spd|1
|
|-heal|p2a: Hatterene|94/100|[from] item: Leftovers
|upkeep
|turn|10
|
|t:|1758926301
|move|p1a: Greninja|Switcheroo|p2a: Hatterene
|-activate|p1a: Greninja|move: Trick|[of] p2a: Hatterene
|-item|p2a: Hatterene|Choice Scarf|[from] move: Switcheroo
|-item|p1a: Greninja|Leftovers|[from] move: Switcheroo
|move|p2a: Hatterene|Draining Kiss|p1a: Greninja
|-supereffective|p1a: Greninja
|-damage|p1a: Greninja|35/100
|-heal|p2a: Hatterene|100/100|[from] drain|[of] p1a: Greninja
|
|-heal|p1a: Greninja|41/100|[from] item: Leftovers
|upkeep
|turn|11
|
|t:|1758926310
|switch|p1a: Garchomp|Garchomp, F, tera:Steel|57/100 brn
|move|p2a: Hatterene|Draining Kiss|p1a: Garchomp
|-resisted|p1a: Garchomp
|-crit|p1a: Garchomp
|-damage|p1a: Garchomp|24/100 brn
|-damage|p2a: Hatterene|88/100|[from] ability: Rough Skin|[of] p1a: Garchomp
|-damage|p2a: Hatterene|72/100|[from] item: Rocky Helmet|[of] p1a: Garchomp
|
|-damage|p1a: Garchomp|18/100 brn|[from] brn
|upkeep
|turn|12
|
|t:|1758926321
|move|p1a: Garchomp|Earthquake|p2a: Hatterene
|-damage|p2a: Hatterene|46/100
|move|p2a: Hatterene|Draining Kiss|p1a: Garchomp
|-resisted|p1a: Garchomp
|-damage|p1a: Garchomp|7/100 brn
|-heal|p2a: Hatterene|55/100|[from] drain|[of] p1a: Garchomp
|-damage|p2a: Hatterene|43/100|[from] ability: Rough Skin|[of] p1a: Garchomp
|-damage|p2a: Hatterene|26/100|[from] item: Rocky Helmet|[of] p1a: Garchomp
|
|-damage|p1a: Garchomp|1/100 brn|[from] brn
|upkeep
|turn|13
|
|t:|1758926333
|switch|p2a: Rotom|Rotom-Wash|88/100
|-damage|p2a: Rotom|76/100|[from] Stealth Rock
|move|p1a: Garchomp|Earthquake|p2a: Rotom
|-immune|p2a: Rotom|[from] ability: Levitate
|
|-damage|p1a: Garchomp|0 fnt|[from] brn
|faint|p1a: Garchomp
|upkeep
|
|t:|1758926340
|switch|p1a: Ceruledge|Ceruledge, M|100/100
|turn|14
|
|t:|1758926346
|move|p2a: Rotom|Hydro Pump|p1a: Ceruledge
|-supereffective|p1a: Ceruledge
|-damage|p1a: Ceruledge|7/100
|-enditem|p1a: Ceruledge|Weakness Policy
|-boost|p1a: Ceruledge|atk|2|[from] item: Weakness Policy
|-boost|p1a: Ceruledge|spa|2|[from] item: Weakness Policy
|move|p1a: Ceruledge|Swords Dance|p1a: Ceruledge
|-boost|p1a: Ceruledge|atk|2
|
|-sideend|p1: LonelySxNner|Reflect
|upkeep
|turn|15
|
|t:|1758926356
|move|p2a: Rotom|Hydro Pump|p1a: Ceruledge|[miss]
|-miss|p2a: Rotom|p1a: Ceruledge
|move|p1a: Ceruledge|Bitter Blade|p2a: Rotom
|-resisted|p2a: Rotom
|-crit|p2a: Rotom
|-damage|p2a: Rotom|0 fnt
|-heal|p1a: Ceruledge|39/100|[from] drain|[of] p2a: Rotom
|faint|p2a: Rotom
|
|-sideend|p1: LonelySxNner|move: Light Screen
|upkeep
|
|t:|1758926362
|switch|p2a: Chandelure|Chandelure, F|100/100
|-damage|p2a: Chandelure|76/100|[from] Stealth Rock
|-damage|p2a: Chandelure|63/100|[from] Spikes
|turn|16
|
|t:|1758926369
|switch|p1a: Grimmsnarl|Grimmsnarl, M|98/100 par
|move|p2a: Chandelure|Shadow Ball|p1a: Grimmsnarl
|-resisted|p1a: Grimmsnarl
|-damage|p1a: Grimmsnarl|80/100 par
|-unboost|p1a: Grimmsnarl|spd|1
|
|upkeep
|turn|17
|
|t:|1758926375
|switch|p2a: Meowscarada|Meowscarada, M|14/100
|-damage|p2a: Meowscarada|2/100|[from] Stealth Rock
|-damage|p2a: Meowscarada|0 fnt|[from] Spikes
|faint|p2a: Meowscarada
|move|p1a: Grimmsnarl|Light Screen|p1a: Grimmsnarl
|-sidestart|p1: LonelySxNner|move: Light Screen
|
|upkeep
|
|t:|1758926384
|switch|p2a: Kommo-o|Kommo-o, F|82/100
|-damage|p2a: Kommo-o|76/100|[from] Stealth Rock
|-damage|p2a: Kommo-o|63/100|[from] Spikes
|turn|18
|
|t:|1758926387
|move|p1a: Grimmsnarl|Taunt|p2a: Kommo-o
|-start|p2a: Kommo-o|move: Taunt
|cant|p2a: Kommo-o|move: Taunt|Dragon Dance
|
|upkeep
|turn|19
|
|t:|1758926391
|move|p1a: Grimmsnarl|Reflect|p1a: Grimmsnarl
|-sidestart|p1: LonelySxNner|Reflect
|move|p2a: Kommo-o|Close Combat|p1a: Grimmsnarl
|-damage|p1a: Grimmsnarl|48/100 par
|-unboost|p2a: Kommo-o|def|1
|-unboost|p2a: Kommo-o|spd|1
|
|upkeep
|turn|20
|
|t:|1758926398
|move|p1a: Grimmsnarl|Parting Shot|p2a: Kommo-o
|-immune|p2a: Kommo-o|[from] ability: Soundproof
|move|p2a: Kommo-o|Dragon Claw|p1a: Grimmsnarl
|-immune|p1a: Grimmsnarl
|
|-end|p2a: Kommo-o|move: Taunt
|upkeep
|turn|21
|
|t:|1758926407
|move|p1a: Grimmsnarl|Taunt|p2a: Kommo-o
|-start|p2a: Kommo-o|move: Taunt
|move|p2a: Kommo-o|Close Combat|p1a: Grimmsnarl
|-damage|p1a: Grimmsnarl|18/100 par
|-unboost|p2a: Kommo-o|def|1
|-unboost|p2a: Kommo-o|spd|1
|
|upkeep
|turn|22
|
|t:|1758926416
|switch|p1a: Ceruledge|Ceruledge, M|39/100
|move|p2a: Kommo-o|Close Combat|p1a: Ceruledge
|-immune|p1a: Ceruledge
|
|upkeep
|turn|23
|
|t:|1758926420
|switch|p1a: Best girl|Meloetta, shiny|100/100
|move|p2a: Kommo-o|Dragon Claw|p1a: Best girl
|-damage|p1a: Best girl|77/100
|
|-end|p2a: Kommo-o|move: Taunt
|upkeep
|turn|24
|
|t:|1758926424
|move|p1a: Best girl|Psychic|p2a: Kommo-o
|-supereffective|p2a: Kommo-o
|-damage|p2a: Kommo-o|0 fnt
|faint|p2a: Kommo-o
|
|-sideend|p1: LonelySxNner|move: Light Screen
|upkeep
|
|t:|1758926427
|switch|p2a: Chandelure|Chandelure, F|63/100
|-damage|p2a: Chandelure|38/100|[from] Stealth Rock
|-damage|p2a: Chandelure|26/100|[from] Spikes
|turn|25
|
|t:|1758926432
|move|p2a: Chandelure|Overheat|p1a: Best girl
|-damage|p1a: Best girl|22/100
|-unboost|p2a: Chandelure|spa|2
|move|p1a: Best girl|Psychic|p2a: Chandelure
|-damage|p2a: Chandelure|0 fnt
|faint|p2a: Chandelure
|
|upkeep
|
|t:|1758926436
|switch|p2a: Hatterene|Hatterene, F|26/100
|-damage|p2a: Hatterene|14/100|[from] Stealth Rock
|-damage|p2a: Hatterene|1/100|[from] Spikes
|turn|26
|-message|clouddaearth forfeited.
|
|win|LonelySxNner
|raw|LonelySxNner's rating: 1320 &rarr; <strong>1340</strong><br />(+20 for winning)
|raw|clouddaearth's rating: 1318 &rarr; <strong>1298</strong><br />(-20 for losing)
|l|☆clouddaearth
|player|p2|
|l|☆LonelySxNner
|player|p1|
