|badge|p2|silver|gen9ou|30-6
|html|<div class="broadcast-red"><strong>This battle is required to be public due to one or more player having a season medal.</strong><br />During the public phase, you can discuss the state of the ladder <a href="/seasondiscussion">in a special chatroom.</a></div>
|uhtml|medal-msg|<div class="broadcast-blue">Curious what those medals under the avatar are? PS now has Ladder Seasons! For more information, check out the <a href="https://www.smogon.com/forums/threads/3740067/">thread on Smogon.</a></div>
|raw|<div class="broadcast-blue"><strong>This battle is required to be public due to a player having a name starting with 'medal'.</div>
|j|☆ADM02
|j|☆D Gym Teacher
|t:|1759064610
|gametype|singles
|player|p1|ADM02|1|1757
|player|p2|D Gym Teacher|veteran|1941
|gen|9
|tier|[Gen 9] OU
|rated|
|rule|HP Percentage Mod: HP is shown in percentages
|rule|Endless Battle Clause: Forcing endless battles is banned
|rule|Species Clause: Limit one of each Pokémon
|rule|OHKO Clause: OHKO moves are banned
|rule|Evasion Items Clause: Evasion items are banned
|rule|Evasion Moves Clause: Evasion moves are banned
|rule|Evasion Abilities Clause: Evasion abilities are banned
|rule|Sleep Moves Clause: Sleep-inducing moves are banned
|clearpoke
|poke|p1|Cinderace, M|
|poke|p1|Clefable, F|
|poke|p1|Salamence, M|
|poke|p1|Dragonite, M|
|poke|p1|Hoopa-Unbound|
|poke|p1|Clodsire, F|
|poke|p2|Great Tusk|
|poke|p2|Slowking-Galar, M|
|poke|p2|Corviknight, F|
|poke|p2|Clefable, F|
|poke|p2|Samurott-Hisui, M|
|poke|p2|Dragapult, F|
|teampreview
|inactive|Battle timer is ON: inactive players will automatically lose when time's up. (requested by ADM02)
|j| ilytrix
|
|t:|1759064640
|teamsize|p1|6
|teamsize|p2|6
|start
|switch|p1a: Clodsire|Clodsire, F|100/100
|switch|p2a: P!nk|Clefable, F|100/100
|turn|1
|
|t:|1759064645
|move|p2a: P!nk|Knock Off|p1a: Clodsire
|-damage|p1a: Clodsire|89/100
|-enditem|p1a: Clodsire|Rocky Helmet|[from] move: Knock Off|[of] p2a: P!nk
|move|p1a: Clodsire|Stealth Rock|p2a: P!nk
|-sidestart|p2: D Gym Teacher|move: Stealth Rock
|
|upkeep
|turn|2
|
|t:|1759064652
|move|p2a: P!nk|Stealth Rock|p1a: Clodsire
|-sidestart|p1: ADM02|move: Stealth Rock
|move|p1a: Clodsire|Earthquake|p2a: P!nk
|-damage|p2a: P!nk|80/100
|
|-heal|p2a: P!nk|86/100|[from] item: Leftovers
|upkeep
|turn|3
|
|t:|1759064658
|move|p2a: P!nk|Knock Off|p1a: Clodsire
|-crit|p1a: Clodsire
|-damage|p1a: Clodsire|79/100
|move|p1a: Clodsire|Earthquake|p2a: P!nk
|-damage|p2a: P!nk|65/100
|
|-heal|p2a: P!nk|71/100|[from] item: Leftovers
|upkeep
|turn|4
|
|t:|1759064665
|move|p2a: P!nk|Knock Off|p1a: Clodsire
|-damage|p1a: Clodsire|71/100
|move|p1a: Clodsire|Earthquake|p2a: P!nk
|-damage|p2a: P!nk|48/100
|
|-heal|p2a: P!nk|55/100|[from] item: Leftovers
|upkeep
|turn|5
|
|t:|1759064671
|move|p2a: P!nk|Moonlight|p2a: P!nk
|-heal|p2a: P!nk|100/100
|move|p1a: Clodsire|Earthquake|p2a: P!nk
|-damage|p2a: P!nk|81/100
|
|-heal|p2a: P!nk|87/100|[from] item: Leftovers
|upkeep
|turn|6
|
|t:|1759064679
|switch|p2a: Loxodonta|Great Tusk|100/100
|-damage|p2a: Loxodonta|98/100|[from] Stealth Rock
|move|p1a: Clodsire|Earthquake|p2a: Loxodonta
|-damage|p2a: Loxodonta|76/100
|
|-heal|p2a: Loxodonta|82/100|[from] item: Leftovers
|upkeep
|turn|7
|
|t:|1759064687
|move|p2a: Loxodonta|Headlong Rush|p1a: Clodsire
|-supereffective|p1a: Clodsire
|-crit|p1a: Clodsire
|-damage|p1a: Clodsire|0 fnt
|-unboost|p2a: Loxodonta|def|1
|-unboost|p2a: Loxodonta|spd|1
|faint|p1a: Clodsire
|
|-heal|p2a: Loxodonta|88/100|[from] item: Leftovers
|upkeep
|
|t:|1759064691
|switch|p1a: Clefable|Clefable, F|100/100
|turn|8
|j| Ctannn
|
|t:|1759064697
|-end|p2a: Loxodonta|Protosynthesis|[silent]
|switch|p2a: Alchemist|Slowking-Galar, M|100/100
|-damage|p2a: Alchemist|88/100|[from] Stealth Rock
|move|p1a: Clefable|Calm Mind|p1a: Clefable
|-boost|p1a: Clefable|spa|1
|-boost|p1a: Clefable|spd|1
|
|upkeep
|turn|9
|j| cryyysneasel
|
|t:|1759064704
|move|p1a: Clefable|Calm Mind|p1a: Clefable
|-boost|p1a: Clefable|spa|1
|-boost|p1a: Clefable|spd|1
|move|p2a: Alchemist|Sludge Bomb|p1a: Clefable
|-supereffective|p1a: Clefable
|-damage|p1a: Clefable|59/100
|
|-heal|p1a: Clefable|65/100|[from] item: Leftovers
|upkeep
|turn|10
|
|t:|1759064711
|move|p1a: Clefable|Calm Mind|p1a: Clefable
|-boost|p1a: Clefable|spa|1
|-boost|p1a: Clefable|spd|1
|move|p2a: Alchemist|Sludge Bomb|p1a: Clefable
|-supereffective|p1a: Clefable
|-damage|p1a: Clefable|33/100
|
|-heal|p1a: Clefable|39/100|[from] item: Leftovers
|upkeep
|turn|11
|
|t:|1759064724
|move|p1a: Clefable|Wish|p1a: Clefable
|move|p2a: Alchemist|Sludge Bomb|p1a: Clefable
|-supereffective|p1a: Clefable
|-damage|p1a: Clefable|8/100
|-status|p1a: Clefable|psn
|
|-heal|p1a: Clefable|14/100 psn|[from] item: Leftovers
|upkeep
|turn|12
|j| cynasaurus
|inactive|D Gym Teacher has 120 seconds left.
|
|t:|1759064767
|switch|p2a: Jack|Samurott-Hisui, M|100/100
|move|p1a: Clefable|Protect||[still]
|-fail|p1a: Clefable
|
|-heal|p1a: Clefable|64/100 psn|[from] move: Wish|[wisher] Clefable
|-heal|p1a: Clefable|70/100 psn|[from] item: Leftovers
|upkeep
|turn|13
|
|t:|1759064780
|-terastallize|p2a: Jack|Fire
|move|p1a: Clefable|Protect|p1a: Clefable
|-singleturn|p1a: Clefable|Protect
|move|p2a: Jack|Knock Off|p1a: Clefable
|-activate|p1a: Clefable|move: Protect
|
|-heal|p1a: Clefable|77/100 psn|[from] item: Leftovers
|upkeep
|turn|14
|l| Ctannn
|
|t:|1759064789
|move|p2a: Jack|Knock Off|p1a: Clefable
|-resisted|p1a: Clefable
|-crit|p1a: Clefable
|-damage|p1a: Clefable|53/100 psn
|-enditem|p1a: Clefable|Leftovers|[from] move: Knock Off|[of] p2a: Jack
|move|p1a: Clefable|Wish|p1a: Clefable
|
|upkeep
|turn|15
|
|t:|1759064795
|move|p2a: Jack|Aqua Cutter|p1a: Clefable
|-crit|p1a: Clefable
|-damage|p1a: Clefable|3/100 psn
|move|p1a: Clefable|Moonblast|p2a: Jack
|-resisted|p2a: Jack
|-damage|p2a: Jack|54/100
|
|-heal|p1a: Clefable|53/100 psn|[from] move: Wish|[wisher] Clefable
|upkeep
|turn|16
|
|t:|1759064803
|move|p2a: Jack|Aqua Cutter|p1a: Clefable
|-damage|p1a: Clefable|18/100 psn
|move|p1a: Clefable|Wish|p1a: Clefable
|
|upkeep
|turn|17
|
|t:|1759064808
|move|p1a: Clefable|Protect|p1a: Clefable
|-singleturn|p1a: Clefable|Protect
|move|p2a: Jack|Aqua Cutter|p1a: Clefable
|-activate|p1a: Clefable|move: Protect
|
|-heal|p1a: Clefable|67/100 psn|[from] move: Wish|[wisher] Clefable
|upkeep
|turn|18
|
|t:|1759064815
|move|p2a: Jack|Aqua Cutter|p1a: Clefable
|-damage|p1a: Clefable|32/100 psn
|move|p1a: Clefable|Wish|p1a: Clefable
|
|upkeep
|turn|19
|
|t:|1759064821
|switch|p2a: Alchemist|Slowking-Galar, M|100/100
|-damage|p2a: Alchemist|88/100|[from] Stealth Rock
|move|p1a: Clefable|Protect||[still]
|-fail|p1a: Clefable
|
|-heal|p1a: Clefable|82/100 psn|[from] move: Wish|[wisher] Clefable
|upkeep
|turn|20
|
|t:|1759064828
|move|p1a: Clefable|Wish|p1a: Clefable
|move|p2a: Alchemist|Sludge Bomb|p1a: Clefable
|-supereffective|p1a: Clefable
|-damage|p1a: Clefable|52/100 psn
|
|upkeep
|turn|21
|
|t:|1759064832
|move|p1a: Clefable|Calm Mind|p1a: Clefable
|-boost|p1a: Clefable|spa|1
|-boost|p1a: Clefable|spd|1
|move|p2a: Alchemist|Sludge Bomb|p1a: Clefable
|-supereffective|p1a: Clefable
|-damage|p1a: Clefable|25/100 psn
|
|-heal|p1a: Clefable|75/100 psn|[from] move: Wish|[wisher] Clefable
|upkeep
|turn|22
|
|t:|1759064834
|move|p1a: Clefable|Wish|p1a: Clefable
|move|p2a: Alchemist|Sludge Bomb|p1a: Clefable
|-supereffective|p1a: Clefable
|-crit|p1a: Clefable
|-damage|p1a: Clefable|0 fnt
|faint|p1a: Clefable
|
|upkeep
|
|t:|1759064838
|switch|p1a: Hoopa|Hoopa-Unbound|100/100
|-damage|p1a: Hoopa|88/100|[from] Stealth Rock
|turn|23
|inactive|D Gym Teacher has 120 seconds left.
|
|t:|1759064869
|move|p1a: Hoopa|Psychic Noise|p2a: Alchemist
|-damage|p2a: Alchemist|67/100
|-start|p2a: Alchemist|move: Heal Block
|move|p2a: Alchemist|Sludge Bomb|p1a: Hoopa
|-damage|p1a: Hoopa|73/100
|-status|p1a: Hoopa|psn
|
|-heal|p1a: Hoopa|100/100 psn|[from] move: Wish|[wisher] Clefable
|-damage|p1a: Hoopa|88/100 psn|[from] psn
|upkeep
|turn|24
|inactive|D Gym Teacher has 120 seconds left.
|
|t:|1759064883
|move|p1a: Hoopa|Psychic Noise|p2a: Alchemist
|-damage|p2a: Alchemist|46/100
|move|p2a: Alchemist|Sludge Bomb|p1a: Hoopa
|-damage|p1a: Hoopa|70/100 psn
|
|-damage|p1a: Hoopa|58/100 psn|[from] psn
|-end|p2a: Alchemist|move: Heal Block
|upkeep
|turn|25
|
|t:|1759064886
|move|p1a: Hoopa|Knock Off|p2a: Alchemist
|-supereffective|p2a: Alchemist
|-damage|p2a: Alchemist|0 fnt
|-enditem|p2a: Alchemist|Assault Vest|[from] move: Knock Off|[of] p1a: Hoopa
|faint|p2a: Alchemist
|
|-damage|p1a: Hoopa|46/100 psn|[from] psn
|upkeep
|inactive|D Gym Teacher has 120 seconds left.
|
|t:|1759064926
|switch|p2a: Bull's-eye|Dragapult, F|100/100
|-damage|p2a: Bull's-eye|88/100|[from] Stealth Rock
|turn|26
|l|☆ADM02
|inactive|ADM02 disconnected and has a minute to reconnect!
|player|p1|
|j|☆ADM02
|inactive|ADM02 reconnected and has 135 seconds left.
|player|p1|ADM02|1|
|
|t:|1759064949
|move|p2a: Bull's-eye|U-turn|p1a: Hoopa
|-supereffective|p1a: Hoopa
|-crit|p1a: Hoopa
|-damage|p1a: Hoopa|0 fnt
|faint|p1a: Hoopa
|
|t:|1759064957
|switch|p2a: P!nk|Clefable, F|87/100|[from] U-turn
|
|-heal|p2a: P!nk|93/100|[from] item: Leftovers
|upkeep
|inactive|ADM02 has 120 seconds left.
|l| cynasaurus
|inactive|ADM02 has 90 seconds left.
|
|t:|1759065009
|switch|p1a: Cinderace|Cinderace, M|100/100
|turn|27
|inactive|D Gym Teacher has 120 seconds left.
|inactive|ADM02 has 90 seconds left.
|
|t:|1759065048
|move|p1a: Cinderace|Swords Dance|p1a: Cinderace
|-boost|p1a: Cinderace|atk|2
|move|p2a: P!nk|Knock Off|p1a: Cinderace
|-damage|p1a: Cinderace|78/100
|-enditem|p1a: Cinderace|Heavy-Duty Boots|[from] move: Knock Off|[of] p2a: P!nk
|
|-heal|p2a: P!nk|99/100|[from] item: Leftovers
|upkeep
|turn|28
|j| tiochicodobos
|
|t:|1759065066
|move|p1a: Cinderace|Swords Dance|p1a: Cinderace
|-boost|p1a: Cinderace|atk|2
|move|p2a: P!nk|Moonblast|p1a: Cinderace
|-resisted|p1a: Cinderace
|-damage|p1a: Cinderace|54/100
|-unboost|p1a: Cinderace|spa|1
|
|-heal|p2a: P!nk|100/100|[from] item: Leftovers
|upkeep
|turn|29
|
|t:|1759065072
|move|p1a: Cinderace|Pyro Ball|p2a: P!nk
|-damage|p2a: P!nk|0 fnt
|faint|p2a: P!nk
|
|upkeep
|
|t:|1759065082
|switch|p2a: Jack|Samurott-Hisui, M, tera:Fire|54/100
|turn|30
|
|t:|1759065086
|move|p1a: Cinderace|Sucker Punch|p2a: Jack
|-damage|p2a: Jack|0 fnt
|faint|p2a: Jack
|
|upkeep
|inactive|D Gym Teacher has 120 seconds left.
|
|t:|1759065096
|switch|p2a: Bull's-eye|Dragapult, F|88/100
|-damage|p2a: Bull's-eye|76/100|[from] Stealth Rock
|turn|31
|
|t:|1759065100
|move|p1a: Cinderace|Sucker Punch|p2a: Bull's-eye
|-supereffective|p2a: Bull's-eye
|-crit|p2a: Bull's-eye
|-damage|p2a: Bull's-eye|0 fnt
|faint|p2a: Bull's-eye
|
|upkeep
|
|t:|1759065102
|switch|p2a: Loxodonta|Great Tusk|88/100
|-damage|p2a: Loxodonta|85/100|[from] Stealth Rock
|turn|32
|
|t:|1759065105
|-terastallize|p1a: Cinderace|Fire
|move|p1a: Cinderace|Pyro Ball|p2a: Loxodonta
|-damage|p2a: Loxodonta|0 fnt
|faint|p2a: Loxodonta
|-end|p2a: Loxodonta|Protosynthesis|[silent]
|
|upkeep
|c|☆D Gym Teacher|gg
|-message|D Gym Teacher forfeited.
|
|win|ADM02
|raw|ADM02's rating: 1757 &rarr; <strong>1787</strong><br />(+30 for winning)
|raw|D Gym Teacher's rating: 1941 &rarr; <strong>1911</strong><br />(-30 for losing)
|l|☆D Gym Teacher
|player|p2|
|l|☆ADM02
|player|p1|
