|j|☆Royin345
|j|☆freeisrael2025
|t:|1759019774
|gametype|singles
|player|p1|Royin345|ethan|1082
|player|p2|freeisrael2025|2|1127
|gen|9
|tier|[Gen 9] OU
|rated|
|rule|HP Percentage Mod: HP is shown in percentages
|rule|Endless Battle Clause: Forcing endless battles is banned
|rule|Species Clause: Limit one of each Pokémon
|rule|OHKO Clause: OHKO moves are banned
|rule|Evasion Items Clause: Evasion items are banned
|rule|Evasion Moves Clause: Evasion moves are banned
|rule|Evasion Abilities Clause: Evasion abilities are banned
|rule|Sleep Moves Clause: Sleep-inducing moves are banned
|clearpoke
|poke|p1|Glimmora, M|
|poke|p1|Salazzle, F|
|poke|p1|Skarmory, L1, M|
|poke|p1|Bonsly, L1, M|
|poke|p1|Riolu, F|
|poke|p1|Grafaiai, F|
|poke|p2|Ting-Lu|
|poke|p2|Iron Treads|
|poke|p2|Iron Valiant|
|poke|p2|Ogerpon-Wellspring, F|
|poke|p2|Zapdos|
|poke|p2|Iron Moth|
|teampreview
|inactive|Battle timer is ON: inactive players will automatically lose when time's up. (requested by freeisrael2025)
|
|t:|1759019802
|teamsize|p1|6
|teamsize|p2|6
|start
|switch|p1a: Glimmora|Glimmora, M|100/100
|switch|p2a: Ting-Lu|Ting-Lu|100/100
|-ability|p2a: Ting-Lu|Vessel of Ruin
|turn|1
|
|t:|1759019811
|switch|p2a: Iron Treads|Iron Treads|100/100
|move|p1a: Glimmora|Toxic Spikes|p2a: Iron Treads
|-sidestart|p2: freeisrael2025|move: Toxic Spikes
|
|upkeep
|turn|2
|
|t:|1759019819
|move|p2a: Iron Treads|Earthquake|p1a: Glimmora
|-supereffective|p1a: Glimmora
|-enditem|p1a: Glimmora|Focus Sash
|-damage|p1a: Glimmora|1/100
|move|p1a: Glimmora|Toxic|p2a: Iron Treads
|-status|p2a: Iron Treads|tox
|
|-damage|p2a: Iron Treads|94/100 tox|[from] psn
|upkeep
|turn|3
|c|☆freeisrael2025|What
|c|☆freeisrael2025|Iron treads is a steel type?
|inactive|freeisrael2025 has 120 seconds left.
|c|☆freeisrael2025|Am i tripping??
|
|t:|1759019855
|move|p2a: Iron Treads|Rapid Spin|p1a: Glimmora
|-resisted|p1a: Glimmora
|-damage|p1a: Glimmora|0 fnt
|-boost|p2a: Iron Treads|spe|1
|-sideend|p2: freeisrael2025|Toxic Spikes|[from] move: Rapid Spin|[of] p2a: Iron Treads
|faint|p1a: Glimmora
|
|-damage|p2a: Iron Treads|82/100 tox|[from] psn
|upkeep
|c|☆freeisrael2025|Why did ur toxic work??
|
|t:|1759019875
|switch|p1a: Salazzle|Salazzle, F|100/100
|turn|4
|inactive|freeisrael2025 has 120 seconds left.
|c|☆freeisrael2025|Oh.. corrosion
|
|t:|1759019901
|move|p2a: Iron Treads|Earthquake|p1a: Salazzle
|-supereffective|p1a: Salazzle
|-enditem|p1a: Salazzle|Focus Sash
|-damage|p1a: Salazzle|1/100
|move|p1a: Salazzle|Toxic Spikes|p2a: Iron Treads
|-sidestart|p2: freeisrael2025|move: Toxic Spikes
|
|-damage|p2a: Iron Treads|63/100 tox|[from] psn
|upkeep
|turn|5
|
|t:|1759019915
|move|p2a: Iron Treads|Rapid Spin|p1a: Salazzle
|-damage|p1a: Salazzle|0 fnt
|-boost|p2a: Iron Treads|spe|1
|-sideend|p2: freeisrael2025|Toxic Spikes|[from] move: Rapid Spin|[of] p2a: Iron Treads
|faint|p1a: Salazzle
|
|-damage|p2a: Iron Treads|38/100 tox|[from] psn
|upkeep
|
|t:|1759019928
|switch|p1a: Skarmory|Skarmory, L1, M|100/100
|turn|6
|
|t:|1759019932
|move|p2a: Iron Treads|Knock Off|p1a: Skarmory
|-ability|p1a: Skarmory|Sturdy
|-damage|p1a: Skarmory|9/100
|-enditem|p1a: Skarmory|Sticky Barb|[from] move: Knock Off|[of] p2a: Iron Treads
|move|p1a: Skarmory|Fly||[still]
|-prepare|p1a: Skarmory|Fly
|
|-damage|p2a: Iron Treads|7/100 tox|[from] psn
|upkeep
|turn|7
|c|☆Royin345|Sigh
|c|☆Royin345|I needed that sticky barb
|inactive|Royin345 has 120 seconds left.
|
|t:|1759019971
|-end|p2a: Iron Treads|Quark Drive|[silent]
|switch|p2a: Zapdos|Zapdos|100/100
|move|p1a: Skarmory|Fly|p2a: Zapdos|[from] lockedmove
|-resisted|p2a: Zapdos
|-damage|p2a: Zapdos|99/100
|
|upkeep
|turn|8
|c|☆freeisrael2025|What strat are u trying to do with a lv1 skarm
|inactive|Royin345 has 120 seconds left.
|
|t:|1759019980
|move|p2a: Zapdos|U-turn|p1a: Skarmory
|-resisted|p1a: Skarmory
|-damage|p1a: Skarmory|0 fnt
|faint|p1a: Skarmory
|
|t:|1759019990
|switch|p2a: Iron Moth|Iron Moth|100/100|[from] U-turn
|
|upkeep
|
|t:|1759019995
|switch|p1a: Bonsly|Bonsly, L1, M|100/100
|turn|9
|
|t:|1759019999
|move|p2a: Iron Moth|Fiery Dance|p1a: Bonsly
|-resisted|p1a: Bonsly
|-ability|p1a: Bonsly|Sturdy
|-damage|p1a: Bonsly|9/100
|-boost|p2a: Iron Moth|spa|1
|move|p1a: Bonsly|Dig||[still]
|-prepare|p1a: Bonsly|Dig
|
|-damage|p1a: Bonsly|0 fnt|[from] item: Sticky Barb
|faint|p1a: Bonsly
|upkeep
|
|t:|1759020016
|switch|p1a: Grafaiai|Grafaiai, F|100/100
|turn|10
|c|☆freeisrael2025|ive never seen someone do what ur doing before
|
|t:|1759020029
|-terastallize|p1a: Grafaiai|Flying
|move|p1a: Grafaiai|Copycat|p1a: Grafaiai
|move|p1a: Grafaiai|Dig||[from] move: Copycat|[still]
|-prepare|p1a: Grafaiai|Dig
|move|p2a: Iron Moth|Fiery Dance|p1a: Grafaiai|[miss]
|-miss|p2a: Iron Moth|p1a: Grafaiai
|
|upkeep
|turn|11
|
|t:|1759020040
|move|p2a: Iron Moth|Fiery Dance|p1a: Grafaiai|[miss]
|-miss|p2a: Iron Moth|p1a: Grafaiai
|move|p1a: Grafaiai|Dig|p2a: Iron Moth|[from] lockedmove
|-supereffective|p2a: Iron Moth
|-damage|p2a: Iron Moth|0 fnt
|faint|p2a: Iron Moth
|-end|p2a: Iron Moth|Quark Drive|[silent]
|
|upkeep
|
|t:|1759020046
|switch|p2a: Zapdos|Zapdos|99/100
|turn|12
|
|t:|1759020051
|move|p1a: Grafaiai|Copycat|p1a: Grafaiai
|move|p1a: Grafaiai|Dig||[from] move: Copycat|[still]
|-prepare|p1a: Grafaiai|Dig
|move|p2a: Zapdos|Thunder|p1a: Grafaiai|[miss]
|-miss|p2a: Zapdos|p1a: Grafaiai
|
|upkeep
|turn|13
|c|☆Royin345|Prankster copycat 🤣
|inactive|Royin345 has 120 seconds left.
|c|☆Royin345|use a priority move before I use copycat, or use any negative priority moves after I attack with dig
|
|t:|1759020097
|move|p2a: Zapdos|Thunder|p1a: Grafaiai|[miss]
|-miss|p2a: Zapdos|p1a: Grafaiai
|move|p1a: Grafaiai|Dig|p2a: Zapdos|[from] lockedmove
|-immune|p2a: Zapdos
|
|upkeep
|turn|14
|c|☆Royin345|Unfortunately you took out my mechanic for fly
|
|t:|1759020116
|move|p1a: Grafaiai|Copycat|p1a: Grafaiai
|move|p1a: Grafaiai|Dig||[from] move: Copycat|[still]
|-prepare|p1a: Grafaiai|Dig
|move|p2a: Zapdos|Thunder|p1a: Grafaiai|[miss]
|-miss|p2a: Zapdos|p1a: Grafaiai
|
|upkeep
|turn|15
|c|☆freeisrael2025|Ohhh thats what the barb on the lv1 pkmn is for
|inactive|freeisrael2025 has 120 seconds left.
|
|t:|1759020155
|move|p2a: Zapdos|Thunder|p1a: Grafaiai|[miss]
|-miss|p2a: Zapdos|p1a: Grafaiai
|move|p1a: Grafaiai|Dig|p2a: Zapdos|[from] lockedmove
|-immune|p2a: Zapdos
|
|upkeep
|turn|16
|inactive|freeisrael2025 has 120 seconds left.
|inactive|Royin345 has 90 seconds left.
|inactive|Royin345 has 60 seconds left.
|c|☆Royin345|Level 1 is going to move slower, sturdy saves it to use fly/dig, then my prankster copycat uses that move, with lagging tail I’ll always move last so prankster copy cat can activate
|
|t:|1759020211
|move|p1a: Grafaiai|Copycat|p1a: Grafaiai
|move|p1a: Grafaiai|Dig||[from] move: Copycat|[still]
|-prepare|p1a: Grafaiai|Dig
|move|p2a: Zapdos|Hurricane|p1a: Grafaiai|[miss]
|-miss|p2a: Zapdos|p1a: Grafaiai
|
|upkeep
|turn|17
|inactive|Royin345 has 60 seconds left.
|inactive|freeisrael2025 has 120 seconds left.
|c|☆Royin345|Hurricane would hit fly 🤣
|
|t:|1759020237
|move|p2a: Zapdos|Hurricane|p1a: Grafaiai|[miss]
|-miss|p2a: Zapdos|p1a: Grafaiai
|move|p1a: Grafaiai|Dig|p2a: Zapdos|[from] lockedmove
|-immune|p2a: Zapdos
|
|upkeep
|turn|18
|c|☆Royin345|this is so awkward
|
|t:|1759020256
|move|p1a: Grafaiai|Copycat|p1a: Grafaiai
|move|p1a: Grafaiai|Dig||[from] move: Copycat|[still]
|-prepare|p1a: Grafaiai|Dig
|move|p2a: Zapdos|Hurricane|p1a: Grafaiai|[miss]
|-miss|p2a: Zapdos|p1a: Grafaiai
|
|upkeep
|turn|19
|
|t:|1759020266
|move|p2a: Zapdos|Hurricane|p1a: Grafaiai|[miss]
|-miss|p2a: Zapdos|p1a: Grafaiai
|move|p1a: Grafaiai|Dig|p2a: Zapdos|[from] lockedmove
|-immune|p2a: Zapdos
|
|upkeep
|turn|20
|
|t:|1759020273
|move|p1a: Grafaiai|Copycat|p1a: Grafaiai
|move|p1a: Grafaiai|Dig||[from] move: Copycat|[still]
|-prepare|p1a: Grafaiai|Dig
|move|p2a: Zapdos|Hurricane|p1a: Grafaiai|[miss]
|-miss|p2a: Zapdos|p1a: Grafaiai
|
|upkeep
|turn|21
|
|t:|1759020289
|move|p2a: Zapdos|Hurricane|p1a: Grafaiai|[miss]
|-miss|p2a: Zapdos|p1a: Grafaiai
|move|p1a: Grafaiai|Dig|p2a: Zapdos|[from] lockedmove
|-immune|p2a: Zapdos
|
|upkeep
|turn|22
|c|☆Royin345|If you have any priority moves or roar, whirlwind, trick room
|inactive|freeisrael2025 has 90 seconds left.
|c|☆freeisrael2025|The only way i can think of around what ur doing is to pp stall copycat
|
|t:|1759020324
|move|p1a: Grafaiai|Copycat|p1a: Grafaiai
|move|p1a: Grafaiai|Dig||[from] move: Copycat|[still]
|-prepare|p1a: Grafaiai|Dig
|move|p2a: Zapdos|Hurricane|p1a: Grafaiai|[miss]
|-miss|p2a: Zapdos|p1a: Grafaiai
|
|upkeep
|turn|23
|c|☆Royin345|Which is going to get 64 turns over all
|inactive|Royin345 has 60 seconds left.
|
|t:|1759020352
|move|p2a: Zapdos|Hurricane|p1a: Grafaiai|[miss]
|-miss|p2a: Zapdos|p1a: Grafaiai
|move|p1a: Grafaiai|Dig|p2a: Zapdos|[from] lockedmove
|-immune|p2a: Zapdos
|
|upkeep
|turn|24
|
|t:|1759020363
|move|p1a: Grafaiai|Copycat|p1a: Grafaiai
|move|p1a: Grafaiai|Dig||[from] move: Copycat|[still]
|-prepare|p1a: Grafaiai|Dig
|move|p2a: Zapdos|Hurricane|p1a: Grafaiai|[miss]
|-miss|p2a: Zapdos|p1a: Grafaiai
|
|upkeep
|turn|25
|
|t:|1759020374
|move|p2a: Zapdos|Hurricane|p1a: Grafaiai|[miss]
|-miss|p2a: Zapdos|p1a: Grafaiai
|move|p1a: Grafaiai|Dig|p2a: Zapdos|[from] lockedmove
|-immune|p2a: Zapdos
|
|upkeep
|turn|26
|
|t:|1759020383
|switch|p2a: Iron Treads|Iron Treads|7/100 tox
|move|p1a: Grafaiai|Copycat|p1a: Grafaiai
|move|p1a: Grafaiai|Dig||[from] move: Copycat|[still]
|-prepare|p1a: Grafaiai|Dig
|
|-damage|p2a: Iron Treads|1/100 tox|[from] psn
|upkeep
|turn|27
|
|t:|1759020392
|move|p2a: Iron Treads|Rapid Spin|p1a: Grafaiai|[miss]
|-miss|p2a: Iron Treads|p1a: Grafaiai
|move|p1a: Grafaiai|Dig|p2a: Iron Treads|[from] lockedmove
|-supereffective|p2a: Iron Treads
|-damage|p2a: Iron Treads|0 fnt
|faint|p2a: Iron Treads
|-end|p2a: Iron Treads|Quark Drive|[silent]
|
|upkeep
|
|t:|1759020396
|switch|p2a: Ting-Lu|Ting-Lu|100/100
|-ability|p2a: Ting-Lu|Vessel of Ruin
|turn|28
|
|t:|1759020398
|move|p1a: Grafaiai|Copycat|p1a: Grafaiai
|move|p1a: Grafaiai|Dig||[from] move: Copycat|[still]
|-prepare|p1a: Grafaiai|Dig
|move|p2a: Ting-Lu|Stealth Rock|p1a: Grafaiai
|-sidestart|p1: Royin345|move: Stealth Rock
|
|upkeep
|turn|29
|
|t:|1759020404
|move|p1a: Grafaiai|Dig|p2a: Ting-Lu|[from] lockedmove
|-damage|p2a: Ting-Lu|91/100
|move|p2a: Ting-Lu|Whirlwind|p1a: Grafaiai
|drag|p1a: Riolu|Riolu, F|100/100
|-damage|p1a: Riolu|95/100|[from] Stealth Rock
|
|-heal|p2a: Ting-Lu|97/100|[from] item: Leftovers
|upkeep
|turn|30
|inactive|Royin345 has 120 seconds left.
|c|☆Royin345|Nice
|
|t:|1759020416
|move|p1a: Riolu|Copycat||[still]
|-fail|p1a: Riolu
|move|p2a: Ting-Lu|Earthquake|p1a: Riolu
|-damage|p1a: Riolu|8/100
|
|-heal|p2a: Ting-Lu|100/100|[from] item: Leftovers
|upkeep
|turn|31
|inactive|Royin345 has 120 seconds left.
|
|t:|1759020424
|move|p1a: Riolu|Copycat|p1a: Riolu
|move|p1a: Riolu|Earthquake|p2a: Ting-Lu|[from] move: Copycat
|-hint|Since gen 7, Dark is immune to Prankster moves.
|-immune|p2a: Ting-Lu
|move|p2a: Ting-Lu|Whirlwind|p1a: Riolu
|drag|p1a: Grafaiai|Grafaiai, F, tera:Flying|100/100
|-damage|p1a: Grafaiai|76/100|[from] Stealth Rock
|
|upkeep
|turn|32
|inactive|Royin345 has 120 seconds left.
|
|t:|1759020434
|move|p1a: Grafaiai|Copycat||[still]
|-fail|p1a: Grafaiai
|move|p2a: Ting-Lu|Ruination|p1a: Grafaiai
|-damage|p1a: Grafaiai|38/100
|
|upkeep
|turn|33
|c|☆Royin345|Why didn’t that work
|inactive|Royin345 has 120 seconds left.
|
|t:|1759020445
|move|p1a: Grafaiai|Copycat|p1a: Grafaiai
|move|p1a: Grafaiai|Ruination|p2a: Ting-Lu|[from] move: Copycat
|-hint|Since gen 7, Dark is immune to Prankster moves.
|-immune|p2a: Ting-Lu
|move|p2a: Ting-Lu|Whirlwind|p1a: Grafaiai
|drag|p1a: Riolu|Riolu, F|8/100
|-damage|p1a: Riolu|2/100|[from] Stealth Rock
|
|upkeep
|turn|34
|c|☆Royin345|Oh
|inactive|Royin345 has 120 seconds left.
|c|☆Royin345|dark type 🤣 holy shit
|c|☆Royin345|Forgot
|
|t:|1759020477
|move|p1a: Riolu|Copycat||[still]
|-fail|p1a: Riolu
|move|p2a: Ting-Lu|Whirlwind|p1a: Riolu
|drag|p1a: Grafaiai|Grafaiai, F, tera:Flying|38/100
|-damage|p1a: Grafaiai|13/100|[from] Stealth Rock
|
|upkeep
|turn|35
|
|t:|1759020485
|move|p1a: Grafaiai|Copycat||[still]
|-fail|p1a: Grafaiai
|move|p2a: Ting-Lu|Whirlwind|p1a: Grafaiai
|drag|p1a: Riolu|Riolu, F|2/100
|-damage|p1a: Riolu|0 fnt|[from] Stealth Rock
|faint|p1a: Riolu
|
|upkeep
|c|☆freeisrael2025|gg man, u taught me smthn lol
|c|☆Royin345|gg
|inactive|Royin345 has 90 seconds left.
|c|☆Royin345|I love gimmicks
|c|☆Royin345|they’re fairly easy to beat with e well rounded team
|
|t:|1759020533
|switch|p1a: Grafaiai|Grafaiai, F, tera:Flying|13/100
|-damage|p1a: Grafaiai|0 fnt|[from] Stealth Rock
|faint|p1a: Grafaiai
|
|win|freeisrael2025
|raw|Royin345's rating: 1082 &rarr; <strong>1063</strong><br />(-19 for losing)
|raw|freeisrael2025's rating: 1127 &rarr; <strong>1149</strong><br />(+22 for winning)
|l|☆freeisrael2025
|player|p2|
|l|☆Royin345
|player|p1|
