|j|☆SukinaTaiyo
|j|☆GravityDestroyer23
|t:|1758981715
|gametype|singles
|player|p1|SukinaTaiyo|265|1148
|player|p2|GravityDestroyer23|cyclistf-gen4|1157
|gen|9
|tier|[Gen 9] OU
|rated|
|rule|HP Percentage Mod: HP is shown in percentages
|rule|Endless Battle Clause: Forcing endless battles is banned
|rule|Species Clause: Limit one of each Pokémon
|rule|OHKO Clause: OHKO moves are banned
|rule|Evasion Items Clause: Evasion items are banned
|rule|Evasion Moves Clause: Evasion moves are banned
|rule|Evasion Abilities Clause: Evasion abilities are banned
|rule|Sleep Moves Clause: Sleep-inducing moves are banned
|clearpoke
|poke|p1|Deoxys-Speed|
|poke|p1|Kingambit, F|
|poke|p1|Araquanid, F|
|poke|p1|Garganacl, F|
|poke|p1|Primarina, M|
|poke|p1|Moltres|
|poke|p2|Samurott-Hisui, F|
|poke|p2|Tornadus-Therian, M|
|poke|p2|Pecharunt|
|poke|p2|Great Tusk|
|poke|p2|Clefable, F|
|poke|p2|Zamazenta-*|
|teampreview
|inactive|Battle timer is ON: inactive players will automatically lose when time's up. (requested by GravityDestroyer23)
|
|t:|1758981730
|teamsize|p1|6
|teamsize|p2|6
|start
|switch|p1a: Araquanid|Araquanid, F|100/100
|switch|p2a: Samurott|Samurott-Hisui, F|100/100
|turn|1
|
|t:|1758981749
|move|p2a: Samurott|Ceaseless Edge|p1a: Araquanid|[miss]
|-miss|p2a: Samurott|p1a: Araquanid
|move|p1a: Araquanid|Sticky Web|p2a: Samurott
|-sidestart|p2: GravityDestroyer23|move: Sticky Web
|
|upkeep
|turn|2
|
|t:|1758981763
|move|p2a: Samurott|Ceaseless Edge|p1a: Araquanid
|-damage|p1a: Araquanid|59/100
|-sidestart|p1: SukinaTaiyo|Spikes
|move|p1a: Araquanid|Leech Life|p2a: Samurott
|-supereffective|p2a: Samurott
|-damage|p2a: Samurott|33/100
|-heal|p1a: Araquanid|94/100|[from] drain|[of] p2a: Samurott
|
|-heal|p1a: Araquanid|100/100|[from] item: Leftovers
|upkeep
|turn|3
|
|t:|1758981779
|switch|p2a: Tornadus|Tornadus-Therian, M|100/100
|move|p1a: Araquanid|Leech Life|p2a: Tornadus
|-resisted|p2a: Tornadus
|-damage|p2a: Tornadus|81/100
|
|upkeep
|turn|4
|
|t:|1758981795
|switch|p1a: Moltres|Moltres|100/100
|move|p2a: Tornadus|Bleakwind Storm|p1a: Moltres
|-damage|p1a: Moltres|29/100
|-damage|p2a: Tornadus|71/100|[from] item: Life Orb
|
|upkeep
|turn|5
|
|t:|1758981811
|move|p2a: Tornadus|Bleakwind Storm|p1a: Moltres
|-damage|p1a: Moltres|0 fnt
|faint|p1a: Moltres
|-damage|p2a: Tornadus|61/100|[from] item: Life Orb
|
|upkeep
|
|t:|1758981815
|switch|p1a: Garganacl|Garganacl, F|100/100
|-damage|p1a: Garganacl|88/100|[from] Spikes
|turn|6
|
|t:|1758981825
|switch|p2a: Zamazenta|Zamazenta|100/100
|-activate|p2a: Zamazenta|move: Sticky Web
|-unboost|p2a: Zamazenta|spe|1
|-ability|p2a: Zamazenta|Dauntless Shield|boost
|-boost|p2a: Zamazenta|def|1
|move|p1a: Garganacl|Salt Cure|p2a: Zamazenta
|-resisted|p2a: Zamazenta
|-damage|p2a: Zamazenta|96/100
|-start|p2a: Zamazenta|Salt Cure
|
|-heal|p1a: Garganacl|94/100|[from] item: Leftovers
|-damage|p2a: Zamazenta|84/100|[from] Salt Cure
|upkeep
|turn|7
|
|t:|1758981834
|move|p2a: Zamazenta|Close Combat|p1a: Garganacl
|-supereffective|p1a: Garganacl
|-damage|p1a: Garganacl|30/100
|-unboost|p2a: Zamazenta|def|1
|-unboost|p2a: Zamazenta|spd|1
|move|p1a: Garganacl|Stealth Rock|p2a: Zamazenta
|-sidestart|p2: GravityDestroyer23|move: Stealth Rock
|
|-heal|p1a: Garganacl|36/100|[from] item: Leftovers
|-damage|p2a: Zamazenta|72/100|[from] Salt Cure
|upkeep
|turn|8
|
|t:|1758981846
|switch|p2a: Great Tusk|Great Tusk|100/100
|move|p1a: Garganacl|Protect||[still]
|-fail|p1a: Garganacl
|
|-heal|p1a: Garganacl|42/100|[from] item: Leftovers
|upkeep
|turn|9
|
|t:|1758981875
|switch|p1a: Araquanid|Araquanid, F|100/100
|-damage|p1a: Araquanid|88/100|[from] Spikes
|move|p2a: Great Tusk|Stealth Rock|p1a: Araquanid
|-sidestart|p1: SukinaTaiyo|move: Stealth Rock
|
|-heal|p1a: Araquanid|94/100|[from] item: Leftovers
|upkeep
|turn|10
|
|t:|1758981888
|move|p2a: Great Tusk|Rapid Spin|p1a: Araquanid
|-damage|p1a: Araquanid|78/100
|-boost|p2a: Great Tusk|spe|1
|-sideend|p2: GravityDestroyer23|Stealth Rock|[from] move: Rapid Spin|[of] p2a: Great Tusk
|-sideend|p2: GravityDestroyer23|Sticky Web|[from] move: Rapid Spin|[of] p2a: Great Tusk
|move|p1a: Araquanid|Liquidation|p2a: Great Tusk
|-supereffective|p2a: Great Tusk
|-damage|p2a: Great Tusk|17/100
|
|-heal|p1a: Araquanid|84/100|[from] item: Leftovers
|upkeep
|turn|11
|
|t:|1758981898
|-end|p2a: Great Tusk|Protosynthesis|[silent]
|switch|p2a: Tornadus|Tornadus-Therian, M|94/100
|move|p1a: Araquanid|Leech Life|p2a: Tornadus
|-resisted|p2a: Tornadus
|-damage|p2a: Tornadus|73/100
|-heal|p1a: Araquanid|93/100|[from] drain|[of] p2a: Tornadus
|
|-heal|p1a: Araquanid|99/100|[from] item: Leftovers
|upkeep
|turn|12
|inactive|SukinaTaiyo has 120 seconds left.
|
|t:|1758981914
|switch|p1a: Garganacl|Garganacl, F|42/100
|-damage|p1a: Garganacl|30/100|[from] Spikes
|-damage|p1a: Garganacl|18/100|[from] Stealth Rock
|move|p2a: Tornadus|Bleakwind Storm|p1a: Garganacl
|-resisted|p1a: Garganacl
|-damage|p1a: Garganacl|0 fnt
|faint|p1a: Garganacl
|-damage|p2a: Tornadus|64/100|[from] item: Life Orb
|
|upkeep
|
|t:|1758981917
|switch|p1a: Kingambit|Kingambit, F|100/100
|-damage|p1a: Kingambit|88/100|[from] Spikes
|-damage|p1a: Kingambit|82/100|[from] Stealth Rock
|-activate|p1a: Kingambit|ability: Supreme Overlord
|-start|p1a: Kingambit|fallen2|[silent]
|turn|13
|
|t:|1758981937
|switch|p2a: Zamazenta|Zamazenta|72/100
|move|p1a: Kingambit|Kowtow Cleave|p2a: Zamazenta
|-resisted|p2a: Zamazenta
|-damage|p2a: Zamazenta|32/100
|
|upkeep
|turn|14
|
|t:|1758981947
|-end|p1a: Kingambit|fallen2|[silent]
|switch|p1a: Primarina|Primarina, M|100/100
|-damage|p1a: Primarina|88/100|[from] Spikes
|-damage|p1a: Primarina|76/100|[from] Stealth Rock
|move|p2a: Zamazenta|Close Combat|p1a: Primarina
|-resisted|p1a: Primarina
|-damage|p1a: Primarina|37/100
|-unboost|p2a: Zamazenta|def|1
|-unboost|p2a: Zamazenta|spd|1
|
|-heal|p1a: Primarina|43/100|[from] item: Leftovers
|upkeep
|turn|15
|
|t:|1758981959
|switch|p2a: Pecharunt|Pecharunt|100/100
|move|p1a: Primarina|Moonblast|p2a: Pecharunt
|-resisted|p2a: Pecharunt
|-damage|p2a: Pecharunt|73/100
|
|-heal|p1a: Primarina|49/100|[from] item: Leftovers
|upkeep
|turn|16
|
|t:|1758981974
|move|p2a: Pecharunt|Parting Shot|p1a: Primarina
|-unboost|p1a: Primarina|atk|1
|-unboost|p1a: Primarina|spa|1
|
|t:|1758981978
|switch|p2a: Tornadus|Tornadus-Therian, M|97/100|[from] Parting Shot
|move|p1a: Primarina|Flip Turn|p2a: Tornadus
|-damage|p2a: Tornadus|84/100
|
|t:|1758981981
|switch|p1a: Deoxys|Deoxys-Speed|100/100|[from] Flip Turn
|-damage|p1a: Deoxys|88/100|[from] Spikes
|-damage|p1a: Deoxys|76/100|[from] Stealth Rock
|-ability|p1a: Deoxys|Pressure
|
|upkeep
|turn|17
|
|t:|1758981989
|move|p1a: Deoxys|Thunderbolt|p2a: Tornadus
|-supereffective|p2a: Tornadus
|-damage|p2a: Tornadus|4/100
|-damage|p1a: Deoxys|66/100|[from] item: Life Orb
|move|p2a: Tornadus|Bleakwind Storm|p1a: Deoxys
|-damage|p1a: Deoxys|0 fnt
|faint|p1a: Deoxys
|-damage|p2a: Tornadus|0 fnt|[from] item: Life Orb
|faint|p2a: Tornadus
|
|upkeep
|
|t:|1758982013
|switch|p1a: Kingambit|Kingambit, F|82/100
|switch|p2a: Zamazenta|Zamazenta|32/100
|-damage|p1a: Kingambit|70/100|[from] Spikes
|-damage|p1a: Kingambit|63/100|[from] Stealth Rock
|-activate|p1a: Kingambit|ability: Supreme Overlord
|-start|p1a: Kingambit|fallen3|[silent]
|turn|18
|
|t:|1758982020
|move|p1a: Kingambit|Sucker Punch|p2a: Zamazenta
|-resisted|p2a: Zamazenta
|-damage|p2a: Zamazenta|0 fnt
|faint|p2a: Zamazenta
|
|upkeep
|
|t:|1758982028
|switch|p2a: Samurott|Samurott-Hisui, F|33/100
|turn|19
|
|t:|1758982032
|move|p1a: Kingambit|Sucker Punch|p2a: Samurott
|-resisted|p2a: Samurott
|-damage|p2a: Samurott|0 fnt
|faint|p2a: Samurott
|
|upkeep
|
|t:|1758982036
|switch|p2a: Great Tusk|Great Tusk|17/100
|turn|20
|
|t:|1758982044
|move|p1a: Kingambit|Sucker Punch|p2a: Great Tusk
|-resisted|p2a: Great Tusk
|-damage|p2a: Great Tusk|0 fnt
|faint|p2a: Great Tusk
|-end|p2a: Great Tusk|Protosynthesis|[silent]
|
|upkeep
|
|t:|1758982046
|switch|p2a: Pecharunt|Pecharunt|73/100
|turn|21
|
|t:|1758982050
|move|p1a: Kingambit|Sucker Punch||[still]
|-fail|p1a: Kingambit
|move|p2a: Pecharunt|Parting Shot|p1a: Kingambit
|-unboost|p1a: Kingambit|atk|1
|-unboost|p1a: Kingambit|spa|1
|
|t:|1758982052
|switch|p2a: Clefable|Clefable, F|100/100|[from] Parting Shot
|
|upkeep
|turn|22
|
|t:|1758982074
|-end|p1a: Kingambit|fallen3|[silent]
|switch|p1a: Primarina|Primarina, M|49/100
|-damage|p1a: Primarina|37/100|[from] Spikes
|-damage|p1a: Primarina|25/100|[from] Stealth Rock
|-terastallize|p2a: Clefable|Water
|move|p2a: Clefable|Calm Mind|p2a: Clefable
|-boost|p2a: Clefable|spa|1
|-boost|p2a: Clefable|spd|1
|
|-heal|p1a: Primarina|31/100|[from] item: Leftovers
|upkeep
|turn|23
|
|t:|1758982092
|move|p2a: Clefable|Calm Mind|p2a: Clefable
|-boost|p2a: Clefable|spa|1
|-boost|p2a: Clefable|spd|1
|move|p1a: Primarina|Flip Turn|p2a: Clefable
|-resisted|p2a: Clefable
|-damage|p2a: Clefable|95/100
|
|t:|1758982094
|switch|p1a: Araquanid|Araquanid, F|99/100|[from] Flip Turn
|-damage|p1a: Araquanid|87/100|[from] Spikes
|-damage|p1a: Araquanid|62/100|[from] Stealth Rock
|
|-heal|p2a: Clefable|100/100|[from] item: Leftovers
|-heal|p1a: Araquanid|68/100|[from] item: Leftovers
|upkeep
|turn|24
|
|t:|1758982103
|move|p2a: Clefable|Flamethrower|p1a: Araquanid
|-damage|p1a: Araquanid|53/100
|move|p1a: Araquanid|Leech Life|p2a: Clefable
|-damage|p2a: Clefable|77/100
|-heal|p1a: Araquanid|67/100|[from] drain|[of] p2a: Clefable
|
|-heal|p2a: Clefable|83/100|[from] item: Leftovers
|-heal|p1a: Araquanid|73/100|[from] item: Leftovers
|upkeep
|turn|25
|
|t:|1758982115
|move|p2a: Clefable|Moonblast|p1a: Araquanid
|-damage|p1a: Araquanid|27/100
|move|p1a: Araquanid|Poison Jab|p2a: Clefable
|-damage|p2a: Clefable|67/100
|-status|p2a: Clefable|psn
|
|-heal|p2a: Clefable|73/100 psn|[from] item: Leftovers
|-heal|p1a: Araquanid|33/100|[from] item: Leftovers
|upkeep
|turn|26
|
|t:|1758982128
|move|p2a: Clefable|Moonblast|p1a: Araquanid
|-damage|p1a: Araquanid|0 fnt
|faint|p1a: Araquanid
|
|-heal|p2a: Clefable|79/100 psn|[from] item: Leftovers
|upkeep
|
|t:|1758982133
|switch|p1a: Primarina|Primarina, M|31/100
|-damage|p1a: Primarina|18/100|[from] Spikes
|-damage|p1a: Primarina|6/100|[from] Stealth Rock
|turn|27
|
|t:|1758982139
|move|p2a: Clefable|Moonblast|p1a: Primarina
|-damage|p1a: Primarina|0 fnt
|faint|p1a: Primarina
|
|-heal|p2a: Clefable|86/100 psn|[from] item: Leftovers
|upkeep
|
|t:|1758982140
|switch|p1a: Kingambit|Kingambit, F|63/100
|-damage|p1a: Kingambit|51/100|[from] Spikes
|-damage|p1a: Kingambit|45/100|[from] Stealth Rock
|-activate|p1a: Kingambit|ability: Supreme Overlord
|-start|p1a: Kingambit|fallen5|[silent]
|turn|28
|
|t:|1758982147
|move|p1a: Kingambit|Sucker Punch|p2a: Clefable
|-damage|p2a: Clefable|5/100 psn
|move|p2a: Clefable|Flamethrower|p1a: Kingambit
|-supereffective|p1a: Kingambit
|-damage|p1a: Kingambit|0 fnt
|faint|p1a: Kingambit
|-end|p1a: Kingambit|fallen5|[silent]
|
|win|GravityDestroyer23
|raw|SukinaTaiyo's rating: 1148 &rarr; <strong>1124</strong><br />(-24 for losing)
|raw|GravityDestroyer23's rating: 1157 &rarr; <strong>1181</strong><br />(+24 for winning)
|c|☆GravityDestroyer23|gg
|c|☆SukinaTaiyo|gg
|l|☆SukinaTaiyo
|player|p1|
