|j|☆uber-mom
|j|☆Shibuya Arc
|t:|1759000491
|gametype|singles
|player|p1|uber-mom|lucas|1633
|player|p2|Shibuya Arc|169|1765
|gen|9
|tier|[Gen 9] OU
|rated|
|rule|HP Percentage Mod: HP is shown in percentages
|rule|Endless Battle Clause: Forcing endless battles is banned
|rule|Species Clause: Limit one of each Pokémon
|rule|OHKO Clause: OHKO moves are banned
|rule|Evasion Items Clause: Evasion items are banned
|rule|Evasion Moves Clause: Evasion moves are banned
|rule|Evasion Abilities Clause: Evasion abilities are banned
|rule|Sleep Moves Clause: Sleep-inducing moves are banned
|clearpoke
|poke|p1|Ninetales, M|
|poke|p1|Raging Bolt|
|poke|p1|Walking Wake|
|poke|p1|Slither Wing|
|poke|p1|Great Tusk|
|poke|p1|Hatterene, F|
|poke|p2|Dragapult, M|
|poke|p2|Dragonite, F|
|poke|p2|Ting-Lu|
|poke|p2|Weezing-Galar, F|
|poke|p2|Iron Crown|
|poke|p2|Zapdos|
|teampreview
|inactive|Battle timer is ON: inactive players will automatically lose when time's up. (requested by uber-mom)
|
|t:|1759000500
|teamsize|p1|6
|teamsize|p2|6
|start
|switch|p1a: Great Tusk|Great Tusk|100/100
|switch|p2a: Ting-Lu|Ting-Lu|100/100
|-ability|p2a: Ting-Lu|Vessel of Ruin
|turn|1
|inactive|Shibuya Arc also wants the timer to be on.
|
|t:|1759000506
|-end|p1a: Great Tusk|Protosynthesis|[silent]
|switch|p1a: Hatterene|Hatterene, F|100/100
|-item|p1a: Hatterene|Air Balloon
|move|p2a: Ting-Lu|Ruination|p1a: Hatterene
|-damage|p1a: Hatterene|50/100
|-enditem|p1a: Hatterene|Air Balloon
|
|upkeep
|turn|2
|
|t:|1759000515
|move|p2a: Ting-Lu|Earthquake|p1a: Hatterene
|-damage|p1a: Hatterene|10/100
|move|p1a: Hatterene|Draining Kiss|p2a: Ting-Lu
|-supereffective|p2a: Ting-Lu
|-damage|p2a: Ting-Lu|77/100
|-heal|p1a: Hatterene|38/100|[from] drain|[of] p2a: Ting-Lu
|
|-heal|p2a: Ting-Lu|83/100|[from] item: Leftovers
|upkeep
|turn|3
|
|t:|1759000527
|move|p2a: Ting-Lu|Earthquake|p1a: Hatterene
|-damage|p1a: Hatterene|0 fnt
|faint|p1a: Hatterene
|
|-heal|p2a: Ting-Lu|90/100|[from] item: Leftovers
|upkeep
|
|t:|1759000535
|switch|p1a: Great Tusk|Great Tusk|100/100
|turn|4
|
|t:|1759000540
|move|p1a: Great Tusk|Close Combat|p2a: Ting-Lu
|-supereffective|p2a: Ting-Lu
|-damage|p2a: Ting-Lu|16/100
|-unboost|p1a: Great Tusk|def|1
|-unboost|p1a: Great Tusk|spd|1
|move|p2a: Ting-Lu|Ruination|p1a: Great Tusk
|-damage|p1a: Great Tusk|51/100
|
|-heal|p2a: Ting-Lu|22/100|[from] item: Leftovers
|upkeep
|turn|5
|
|t:|1759000548
|-end|p1a: Great Tusk|Protosynthesis|[silent]
|switch|p1a: Ninetales|Ninetales, M, shiny|100/100
|-weather|SunnyDay|[from] ability: Drought|[of] p1a: Ninetales
|move|p2a: Ting-Lu|Earthquake|p1a: Ninetales
|-supereffective|p1a: Ninetales
|-damage|p1a: Ninetales|10/100
|
|-weather|SunnyDay|[upkeep]
|-heal|p2a: Ting-Lu|28/100|[from] item: Leftovers
|upkeep
|turn|6
|
|t:|1759000556
|switch|p1a: Slither Wing|Slither Wing|100/100
|-activate|p1a: Slither Wing|ability: Protosynthesis
|-start|p1a: Slither Wing|protosynthesisatk
|move|p2a: Ting-Lu|Stealth Rock|p1a: Slither Wing
|-sidestart|p1: uber-mom|move: Stealth Rock
|
|-weather|SunnyDay|[upkeep]
|-heal|p2a: Ting-Lu|34/100|[from] item: Leftovers
|upkeep
|turn|7
|
|t:|1759000567
|switch|p2a: Weezing|Weezing-Galar, F|100/100
|-ability|p2a: Weezing|Neutralizing Gas
|move|p1a: Slither Wing|Temper Flare|p2a: Weezing
|-damage|p2a: Weezing|72/100
|
|-weather|SunnyDay|[upkeep]
|upkeep
|turn|8
|
|t:|1759000579
|-terastallize|p1a: Slither Wing|Fire
|move|p1a: Slither Wing|Temper Flare|p2a: Weezing
|-damage|p2a: Weezing|27/100
|move|p2a: Weezing|Toxic Spikes|p1a: Slither Wing
|-sidestart|p1: uber-mom|move: Toxic Spikes
|
|-weather|SunnyDay|[upkeep]
|upkeep
|turn|9
|
|t:|1759000586
|-end|p2a: Weezing|ability: Neutralizing Gas
|switch|p2a: Dragonite|Dragonite, F|100/100
|move|p1a: Slither Wing|Temper Flare|p2a: Dragonite
|-resisted|p2a: Dragonite
|-damage|p2a: Dragonite|78/100
|
|-weather|SunnyDay|[upkeep]
|upkeep
|turn|10
|
|t:|1759000592
|move|p1a: Slither Wing|U-turn|p2a: Dragonite
|-resisted|p2a: Dragonite
|-damage|p2a: Dragonite|49/100
|
|t:|1759000594
|-end|p1a: Slither Wing|Protosynthesis|[silent]
|switch|p1a: Great Tusk|Great Tusk|51/100|[from] U-turn
|-damage|p1a: Great Tusk|48/100|[from] Stealth Rock
|-status|p1a: Great Tusk|psn
|-activate|p1a: Great Tusk|ability: Protosynthesis
|-start|p1a: Great Tusk|protosynthesisatk
|move|p2a: Dragonite|Dragon Dance|p2a: Dragonite
|-boost|p2a: Dragonite|atk|1
|-boost|p2a: Dragonite|spe|1
|
|-weather|SunnyDay|[upkeep]
|-damage|p1a: Great Tusk|35/100 psn|[from] psn
|upkeep
|turn|11
|
|t:|1759000599
|-terastallize|p2a: Dragonite|Normal
|move|p2a: Dragonite|Extreme Speed|p1a: Great Tusk
|-damage|p1a: Great Tusk|0 fnt
|faint|p1a: Great Tusk
|-end|p1a: Great Tusk|Protosynthesis|[silent]
|
|-weather|SunnyDay|[upkeep]
|upkeep
|
|t:|1759000605
|switch|p1a: Walking Wake|Walking Wake|100/100
|-damage|p1a: Walking Wake|88/100|[from] Stealth Rock
|-status|p1a: Walking Wake|psn
|-activate|p1a: Walking Wake|ability: Protosynthesis
|-start|p1a: Walking Wake|protosynthesisspe
|turn|12
|
|t:|1759000610
|move|p2a: Dragonite|Extreme Speed|p1a: Walking Wake
|-damage|p1a: Walking Wake|14/100 psn
|move|p1a: Walking Wake|Hydro Steam|p2a: Dragonite
|-damage|p2a: Dragonite|0 fnt
|faint|p2a: Dragonite
|
|-weather|none
|-end|p1a: Walking Wake|Protosynthesis
|-damage|p1a: Walking Wake|2/100 psn|[from] psn
|upkeep
|
|t:|1759000618
|switch|p2a: Dragapult|Dragapult, M|100/100
|turn|13
|
|t:|1759000623
|move|p2a: Dragapult|Dragon Darts|p1a: Walking Wake
|-supereffective|p1a: Walking Wake
|-damage|p1a: Walking Wake|0 fnt
|faint|p1a: Walking Wake
|-end|p1a: Walking Wake|Protosynthesis|[silent]
|
|upkeep
|
|t:|1759000628
|switch|p1a: Slither Wing|Slither Wing, tera:Fire|100/100
|-damage|p1a: Slither Wing|76/100|[from] Stealth Rock
|-status|p1a: Slither Wing|psn
|turn|14
|
|t:|1759000633
|move|p1a: Slither Wing|First Impression|p2a: Dragapult
|-resisted|p2a: Dragapult
|-damage|p2a: Dragapult|65/100
|move|p2a: Dragapult|Dragon Darts|p1a: Slither Wing
|-damage|p1a: Slither Wing|47/100 psn
|-anim|p2a: Dragapult|Dragon Darts|p1a: Slither Wing
|-damage|p1a: Slither Wing|21/100 psn
|
|-damage|p1a: Slither Wing|8/100 psn|[from] psn
|upkeep
|turn|15
|
|t:|1759000638
|move|p2a: Dragapult|Dragon Darts|p1a: Slither Wing
|-damage|p1a: Slither Wing|0 fnt
|faint|p1a: Slither Wing
|-end|p1a: Slither Wing|Protosynthesis|[silent]
|
|upkeep
|
|t:|1759000641
|switch|p1a: Ninetales|Ninetales, M, shiny|10/100
|-damage|p1a: Ninetales|0 fnt|[from] Stealth Rock
|faint|p1a: Ninetales
|
|t:|1759000641
|switch|p1a: Raging Bolt|Raging Bolt|100/100
|-damage|p1a: Raging Bolt|88/100|[from] Stealth Rock
|-status|p1a: Raging Bolt|psn
|turn|16
|
|t:|1759000647
|move|p2a: Dragapult|Dragon Darts|p1a: Raging Bolt
|-supereffective|p1a: Raging Bolt
|-damage|p1a: Raging Bolt|50/100 psn
|-anim|p2a: Dragapult|Dragon Darts|p1a: Raging Bolt
|-supereffective|p1a: Raging Bolt
|-damage|p1a: Raging Bolt|10/100 psn
|move|p1a: Raging Bolt|Dragon Pulse|p2a: Dragapult
|-supereffective|p2a: Dragapult
|-damage|p2a: Dragapult|0 fnt
|faint|p2a: Dragapult
|-damage|p1a: Raging Bolt|0 fnt|[from] item: Life Orb
|faint|p1a: Raging Bolt
|-end|p1a: Raging Bolt|Protosynthesis|[silent]
|
|win|Shibuya Arc
|raw|uber-mom's rating: 1633 &rarr; <strong>1620</strong><br />(-13 for losing)
|raw|Shibuya Arc's rating: 1765 &rarr; <strong>1778</strong><br />(+13 for winning)
