|j|☆retr0catz
|j|☆traineremman
|t:|1759005537
|gametype|singles
|player|p1|retr0catz|emmet|1120
|player|p2|traineremman|101|1109
|gen|9
|tier|[Gen 9] OU
|rated|
|rule|HP Percentage Mod: HP is shown in percentages
|rule|Endless Battle Clause: Forcing endless battles is banned
|rule|Species Clause: Limit one of each Pokémon
|rule|OHKO Clause: OHKO moves are banned
|rule|Evasion Items Clause: Evasion items are banned
|rule|Evasion Moves Clause: Evasion moves are banned
|rule|Evasion Abilities Clause: Evasion abilities are banned
|rule|Sleep Moves Clause: Sleep-inducing moves are banned
|clearpoke
|poke|p1|Noctowl, M|
|poke|p1|Decidueye-Hisui, F|
|poke|p1|Corviknight, M|
|poke|p1|Quaquaval, F|
|poke|p1|Staraptor, M|
|poke|p1|Zapdos|
|poke|p2|Iron Moth|
|poke|p2|Zapdos|
|poke|p2|Iron Treads|
|poke|p2|Grimmsnarl, M|
|poke|p2|Ogerpon-Wellspring, F|
|poke|p2|Politoed, F|
|teampreview
|inactive|Battle timer is ON: inactive players will automatically lose when time's up. (requested by retr0catz)
|
|t:|1759005545
|teamsize|p1|6
|teamsize|p2|6
|start
|switch|p1a: Quaquaval|Quaquaval, F|100/100
|switch|p2a: Iron Treads|Iron Treads, shiny|100/100
|turn|1
|
|t:|1759005550
|-end|p2a: Iron Treads|Quark Drive|[silent]
|switch|p2a: Ogerpon|Ogerpon-Wellspring, F|100/100
|move|p1a: Quaquaval|Aqua Step|p2a: Ogerpon
|-immune|p2a: Ogerpon|[from] ability: Water Absorb
|
|upkeep
|turn|2
|
|t:|1759005559
|move|p2a: Ogerpon|Play Rough|p1a: Quaquaval
|-supereffective|p1a: Quaquaval
|-damage|p1a: Quaquaval|1/100
|-enditem|p1a: Quaquaval|Weakness Policy
|-boost|p1a: Quaquaval|atk|2|[from] item: Weakness Policy
|-boost|p1a: Quaquaval|spa|2|[from] item: Weakness Policy
|move|p1a: Quaquaval|Knock Off|p2a: Ogerpon
|-damage|p2a: Ogerpon|37/100
|
|upkeep
|turn|3
|
|t:|1759005585
|move|p2a: Ogerpon|Horn Leech|p1a: Quaquaval
|-supereffective|p1a: Quaquaval
|-damage|p1a: Quaquaval|0 fnt
|-heal|p2a: Ogerpon|38/100|[from] drain|[of] p1a: Quaquaval
|faint|p1a: Quaquaval
|
|upkeep
|
|t:|1759005592
|switch|p1a: Staraptor|Staraptor, M|100/100
|turn|4
|
|t:|1759005602
|move|p1a: Staraptor|Brave Bird|p2a: Ogerpon
|-supereffective|p2a: Ogerpon
|-damage|p2a: Ogerpon|0 fnt
|faint|p2a: Ogerpon
|-damage|p1a: Staraptor|89/100|[from] Recoil
|
|upkeep
|c|☆traineremman|scarf?!
|
|t:|1759005620
|switch|p2a: Iron Treads|Iron Treads, shiny|100/100
|turn|5
|
|t:|1759005629
|switch|p1a: Noctowl|Noctowl, M|100/100
|move|p2a: Iron Treads|Stealth Rock|p1a: Noctowl
|-sidestart|p1: retr0catz|move: Stealth Rock
|
|upkeep
|turn|6
|
|t:|1759005638
|-end|p2a: Iron Treads|Quark Drive|[silent]
|switch|p2a: Grimmsnarl|Grimmsnarl, M|100/100
|move|p1a: Noctowl|Rain Dance|p1a: Noctowl
|-weather|RainDance
|
|-weather|RainDance|[upkeep]
|upkeep
|turn|7
|
|t:|1759005645
|move|p2a: Grimmsnarl|Light Screen|p2a: Grimmsnarl
|-sidestart|p2: traineremman|move: Light Screen
|move|p1a: Noctowl|Defog|p2a: Grimmsnarl
|-unboost|p2a: Grimmsnarl|evasion|1
|-sideend|p2: traineremman|move: Light Screen
|-sideend|p1: retr0catz|Stealth Rock|[from] move: Defog|[of] p1a: Noctowl
|
|-weather|RainDance|[upkeep]
|upkeep
|turn|8
|
|t:|1759005670
|switch|p1a: Zapdos|Zapdos|100/100
|-ability|p1a: Zapdos|Pressure
|move|p2a: Grimmsnarl|Parting Shot|p1a: Zapdos
|-unboost|p1a: Zapdos|atk|1
|-unboost|p1a: Zapdos|spa|1
|
|t:|1759005679
|switch|p2a: Zapdos|Zapdos, shiny|100/100|[from] Parting Shot
|
|-weather|RainDance|[upkeep]
|upkeep
|turn|9
|c|☆retr0catz|yea
|c|☆retr0catz|scarf
|
|t:|1759005703
|move|p2a: Zapdos|Thunder|p1a: Zapdos
|-damage|p1a: Zapdos|33/100
|move|p1a: Zapdos|Thunder|p2a: Zapdos
|-damage|p2a: Zapdos|35/100
|
|-weather|RainDance|[upkeep]
|upkeep
|turn|10
|
|t:|1759005712
|move|p2a: Zapdos|Thunder|p1a: Zapdos
|-damage|p1a: Zapdos|0 fnt
|faint|p1a: Zapdos
|
|-weather|RainDance|[upkeep]
|upkeep
|
|t:|1759005719
|switch|p1a: Staraptor|Staraptor, M|89/100
|turn|11
|
|t:|1759005732
|switch|p2a: Grimmsnarl|Grimmsnarl, M|100/100
|move|p1a: Staraptor|Close Combat|p2a: Grimmsnarl
|-damage|p2a: Grimmsnarl|64/100
|-unboost|p1a: Staraptor|def|1
|-unboost|p1a: Staraptor|spd|1
|
|-weather|RainDance|[upkeep]
|upkeep
|turn|12
|
|t:|1759005740
|move|p2a: Grimmsnarl|Reflect|p2a: Grimmsnarl
|-sidestart|p2: traineremman|Reflect
|move|p1a: Staraptor|Close Combat|p2a: Grimmsnarl
|-damage|p2a: Grimmsnarl|44/100
|-unboost|p1a: Staraptor|def|1
|-unboost|p1a: Staraptor|spd|1
|
|-weather|RainDance|[upkeep]
|upkeep
|turn|13
|
|t:|1759005747
|switch|p1a: Noctowl|Noctowl, M|100/100
|move|p2a: Grimmsnarl|False Surrender|p1a: Noctowl
|-damage|p1a: Noctowl|54/100
|
|-weather|none
|upkeep
|turn|14
|
|t:|1759005761
|move|p2a: Grimmsnarl|Light Screen|p2a: Grimmsnarl
|-sidestart|p2: traineremman|move: Light Screen
|move|p1a: Noctowl|Roost|p1a: Noctowl
|-heal|p1a: Noctowl|100/100
|-singleturn|p1a: Noctowl|move: Roost
|
|upkeep
|turn|15
|
|t:|1759005775
|move|p2a: Grimmsnarl|Parting Shot|p1a: Noctowl
|-unboost|p1a: Noctowl|atk|1
|-unboost|p1a: Noctowl|spa|1
|
|t:|1759005777
|switch|p2a: Politoed|Politoed, F, shiny|100/100|[from] Parting Shot
|-weather|RainDance|[from] ability: Drizzle|[of] p2a: Politoed
|move|p1a: Noctowl|Defog|p2a: Politoed
|-unboost|p2a: Politoed|evasion|1
|-sideend|p2: traineremman|Reflect
|-sideend|p2: traineremman|move: Light Screen
|
|-weather|RainDance|[upkeep]
|upkeep
|turn|16
|
|t:|1759005791
|switch|p1a: Decidueye|Decidueye-Hisui, F, shiny|100/100
|switch|p2a: Zapdos|Zapdos, shiny|35/100
|
|-weather|RainDance|[upkeep]
|upkeep
|turn|17
|inactive|traineremman has 120 seconds left.
|
|t:|1759005835
|move|p1a: Decidueye|Sucker Punch|p2a: Zapdos
|-damage|p2a: Zapdos|0 fnt
|faint|p2a: Zapdos
|
|-weather|RainDance|[upkeep]
|upkeep
|
|t:|1759005844
|switch|p2a: Iron Moth|Iron Moth|100/100
|-enditem|p2a: Iron Moth|Booster Energy
|-activate|p2a: Iron Moth|ability: Quark Drive|[fromitem]
|-start|p2a: Iron Moth|quarkdrivespe
|turn|18
|inactive|traineremman has 120 seconds left.
|
|t:|1759005851
|switch|p1a: Corviknight|Corviknight, M, shiny|100/100
|-ability|p1a: Corviknight|Pressure
|move|p2a: Iron Moth|Sludge Wave|p1a: Corviknight
|-immune|p1a: Corviknight
|
|-weather|RainDance|[upkeep]
|upkeep
|turn|19
|
|t:|1759005863
|switch|p1a: Noctowl|Noctowl, M|100/100
|move|p2a: Iron Moth|Discharge|p1a: Noctowl
|-supereffective|p1a: Noctowl
|-damage|p1a: Noctowl|64/100
|-status|p1a: Noctowl|par
|
|-weather|RainDance|[upkeep]
|upkeep
|turn|20
|
|t:|1759005872
|move|p2a: Iron Moth|Discharge|p1a: Noctowl
|-supereffective|p1a: Noctowl
|-damage|p1a: Noctowl|30/100 par
|move|p1a: Noctowl|Roost|p1a: Noctowl
|-heal|p1a: Noctowl|80/100 par
|-singleturn|p1a: Noctowl|move: Roost
|
|-weather|RainDance|[upkeep]
|upkeep
|turn|21
|
|t:|1759005879
|move|p2a: Iron Moth|Fiery Dance|p1a: Noctowl
|-damage|p1a: Noctowl|67/100 par
|-boost|p2a: Iron Moth|spa|1
|move|p1a: Noctowl|Roost|p1a: Noctowl
|-heal|p1a: Noctowl|100/100 par
|-singleturn|p1a: Noctowl|move: Roost
|
|-weather|RainDance|[upkeep]
|upkeep
|turn|22
|
|t:|1759005888
|move|p2a: Iron Moth|Fiery Dance|p1a: Noctowl
|-damage|p1a: Noctowl|81/100 par
|-boost|p2a: Iron Moth|spa|1
|move|p1a: Noctowl|Rain Dance||[still]
|-fail|p1a: Noctowl
|
|-weather|none
|upkeep
|turn|23
|
|t:|1759005893
|move|p2a: Iron Moth|Discharge|p1a: Noctowl
|-supereffective|p1a: Noctowl
|-damage|p1a: Noctowl|8/100 par
|move|p1a: Noctowl|Rain Dance|p1a: Noctowl
|-weather|RainDance
|
|-weather|RainDance|[upkeep]
|upkeep
|turn|24
|
|t:|1759005898
|move|p2a: Iron Moth|Discharge|p1a: Noctowl
|-supereffective|p1a: Noctowl
|-damage|p1a: Noctowl|0 fnt
|faint|p1a: Noctowl
|
|-weather|RainDance|[upkeep]
|upkeep
|
|t:|1759005901
|switch|p1a: Staraptor|Staraptor, M|89/100
|turn|25
|
|t:|1759005908
|-terastallize|p1a: Staraptor|Normal
|move|p2a: Iron Moth|Discharge|p1a: Staraptor
|-damage|p1a: Staraptor|4/100
|move|p1a: Staraptor|Double-Edge|p2a: Iron Moth
|-damage|p2a: Iron Moth|0 fnt
|faint|p2a: Iron Moth
|-end|p2a: Iron Moth|Quark Drive|[silent]
|-damage|p1a: Staraptor|0 fnt|[from] Recoil
|faint|p1a: Staraptor
|
|-weather|RainDance|[upkeep]
|upkeep
|
|t:|1759005931
|switch|p2a: Iron Treads|Iron Treads, shiny|100/100
|switch|p1a: Decidueye|Decidueye-Hisui, F, shiny|100/100
|turn|26
|inactive|traineremman has 120 seconds left.
|
|t:|1759005960
|-terastallize|p2a: Iron Treads|Steel
|move|p2a: Iron Treads|Stealth Rock|p1a: Decidueye
|-sidestart|p1: retr0catz|move: Stealth Rock
|move|p1a: Decidueye|Close Combat|p2a: Iron Treads
|-supereffective|p2a: Iron Treads
|-damage|p2a: Iron Treads|0 fnt
|-unboost|p1a: Decidueye|def|1
|-unboost|p1a: Decidueye|spd|1
|faint|p2a: Iron Treads
|-end|p2a: Iron Treads|Quark Drive|[silent]
|
|-weather|RainDance|[upkeep]
|upkeep
|
|t:|1759005970
|switch|p2a: Grimmsnarl|Grimmsnarl, M|44/100
|turn|27
|
|t:|1759005982
|switch|p1a: Corviknight|Corviknight, M, shiny|100/100
|-damage|p1a: Corviknight|88/100|[from] Stealth Rock
|-ability|p1a: Corviknight|Pressure
|move|p2a: Grimmsnarl|Reflect|p2a: Grimmsnarl
|-sidestart|p2: traineremman|Reflect
|
|-weather|RainDance|[upkeep]
|-heal|p1a: Corviknight|94/100|[from] item: Leftovers
|upkeep
|turn|28
|
|t:|1759005990
|move|p1a: Corviknight|Bulk Up|p1a: Corviknight
|-boost|p1a: Corviknight|atk|1
|-boost|p1a: Corviknight|def|1
|move|p2a: Grimmsnarl|False Surrender|p1a: Corviknight
|-damage|p1a: Corviknight|81/100
|
|-weather|RainDance|[upkeep]
|-heal|p1a: Corviknight|88/100|[from] item: Leftovers
|upkeep
|turn|29
|
|t:|1759005994
|move|p2a: Grimmsnarl|Parting Shot|p1a: Corviknight
|-unboost|p1a: Corviknight|atk|1
|-unboost|p1a: Corviknight|spa|1
|
|t:|1759005995
|switch|p2a: Politoed|Politoed, F, shiny|100/100|[from] Parting Shot
|move|p1a: Corviknight|Bulk Up|p1a: Corviknight
|-boost|p1a: Corviknight|atk|1
|-boost|p1a: Corviknight|def|1
|
|-weather|RainDance|[upkeep]
|-heal|p1a: Corviknight|94/100|[from] item: Leftovers
|upkeep
|turn|30
|
|t:|1759006006
|move|p2a: Politoed|Haze|p2a: Politoed
|-clearallboost
|move|p1a: Corviknight|Body Press|p2a: Politoed
|-damage|p2a: Politoed|88/100
|
|-weather|none
|-heal|p1a: Corviknight|99/100|[from] item: Leftovers
|upkeep
|turn|31
|
|t:|1759006019
|move|p2a: Politoed|Weather Ball|p1a: Corviknight
|-resisted|p1a: Corviknight
|-damage|p1a: Corviknight|95/100
|move|p1a: Corviknight|Body Press|p2a: Politoed
|-damage|p2a: Politoed|75/100
|
|-heal|p1a: Corviknight|100/100|[from] item: Leftovers
|upkeep
|turn|32
|
|t:|1759006027
|switch|p2a: Grimmsnarl|Grimmsnarl, M|44/100
|move|p1a: Corviknight|Body Press|p2a: Grimmsnarl
|-damage|p2a: Grimmsnarl|30/100
|
|upkeep
|turn|33
|
|t:|1759006032
|move|p1a: Corviknight|Body Press|p2a: Grimmsnarl
|-damage|p2a: Grimmsnarl|17/100
|move|p2a: Grimmsnarl|False Surrender|p1a: Corviknight
|-damage|p1a: Corviknight|82/100
|
|-heal|p1a: Corviknight|88/100|[from] item: Leftovers
|upkeep
|turn|34
|
|t:|1759006042
|move|p1a: Corviknight|Body Press|p2a: Grimmsnarl
|-damage|p2a: Grimmsnarl|3/100
|move|p2a: Grimmsnarl|False Surrender|p1a: Corviknight
|-damage|p1a: Corviknight|70/100
|
|-heal|p1a: Corviknight|77/100|[from] item: Leftovers
|-sideend|p2: traineremman|Reflect
|upkeep
|turn|35
|
|t:|1759006045
|move|p2a: Grimmsnarl|Reflect|p2a: Grimmsnarl
|-sidestart|p2: traineremman|Reflect
|move|p1a: Corviknight|Body Press|p2a: Grimmsnarl
|-damage|p2a: Grimmsnarl|0 fnt
|faint|p2a: Grimmsnarl
|
|-heal|p1a: Corviknight|83/100|[from] item: Leftovers
|upkeep
|
|t:|1759006047
|switch|p2a: Politoed|Politoed, F, shiny|75/100
|-weather|RainDance|[from] ability: Drizzle|[of] p2a: Politoed
|turn|36
|
|t:|1759006049
|move|p2a: Politoed|Weather Ball|p1a: Corviknight
|-damage|p1a: Corviknight|36/100
|move|p1a: Corviknight|Body Press|p2a: Politoed
|-damage|p2a: Politoed|64/100
|
|-weather|RainDance|[upkeep]
|-heal|p1a: Corviknight|42/100|[from] item: Leftovers
|upkeep
|turn|37
|
|t:|1759006061
|move|p2a: Politoed|Weather Ball|p1a: Corviknight
|-damage|p1a: Corviknight|0 fnt
|faint|p1a: Corviknight
|
|-weather|RainDance|[upkeep]
|upkeep
|
|t:|1759006064
|switch|p1a: Decidueye|Decidueye-Hisui, F, shiny|100/100
|-damage|p1a: Decidueye|95/100|[from] Stealth Rock
|turn|38
|
|t:|1759006069
|move|p2a: Politoed|Protect|p2a: Politoed
|-singleturn|p2a: Politoed|Protect
|move|p1a: Decidueye|Leaf Blade|p2a: Politoed
|-activate|p2a: Politoed|move: Protect
|
|-weather|RainDance|[upkeep]
|upkeep
|turn|39
|
|t:|1759006075
|move|p1a: Decidueye|Leaf Blade|p2a: Politoed
|-supereffective|p2a: Politoed
|-crit|p2a: Politoed
|-damage|p2a: Politoed|0 fnt
|faint|p2a: Politoed
|
|win|retr0catz
|raw|retr0catz's rating: 1120 &rarr; <strong>1144</strong><br />(+24 for winning)
|raw|traineremman's rating: 1109 &rarr; <strong>1085</strong><br />(-24 for losing)
|l|☆traineremman
|player|p2|
|c|☆retr0catz|gg
|l|☆retr0catz
|player|p1|
