|j|☆xxnb
|j|☆ponniponni
|t:|1758966402
|gametype|singles
|player|p1|xxnb|caitlin|1394
|player|p2|ponniponni|2|1371
|gen|9
|tier|[Gen 9] OU
|rated|
|rule|HP Percentage Mod: HP is shown in percentages
|rule|Endless Battle Clause: Forcing endless battles is banned
|rule|Species Clause: Limit one of each Pokémon
|rule|OHKO Clause: OHKO moves are banned
|rule|Evasion Items Clause: Evasion items are banned
|rule|Evasion Moves Clause: Evasion moves are banned
|rule|Evasion Abilities Clause: Evasion abilities are banned
|rule|Sleep Moves Clause: Sleep-inducing moves are banned
|clearpoke
|poke|p1|Espeon, F|
|poke|p1|Ting-Lu|
|poke|p1|Glimmora, M|
|poke|p1|Dragonite, M|
|poke|p1|Dondozo, M|
|poke|p1|Gholdengo|
|poke|p2|Umbreon, M|
|poke|p2|Slowking, M|
|poke|p2|Vileplume, F|
|poke|p2|Great Tusk|
|poke|p2|Hoopa-Unbound|
|poke|p2|Iron Crown|
|teampreview
|inactive|Battle timer is ON: inactive players will automatically lose when time's up. (requested by xxnb)
|
|t:|1758966419
|teamsize|p1|6
|teamsize|p2|6
|start
|switch|p1a: Glimmora|Glimmora, M, shiny|100/100
|switch|p2a: Vileplume|Vileplume, F|100/100
|turn|1
|
|t:|1758966429
|switch|p2a: Slowking|Slowking, M|100/100
|move|p1a: Glimmora|Stealth Rock|p2a: Slowking
|-sidestart|p2: ponniponni|move: Stealth Rock
|
|upkeep
|turn|2
|
|t:|1758966442
|switch|p1a: Espeon|Espeon, F, shiny|100/100
|move|p2a: Slowking|Scald|p1a: Espeon
|-damage|p1a: Espeon|71/100
|
|upkeep
|turn|3
|l|☆xxnb
|inactive|xxnb disconnected and has a minute to reconnect!
|player|p1|
|inactive|xxnb has 30 seconds to reconnect!
|inactive|xxnb has 20 seconds to reconnect!
|inactive|xxnb has 15 seconds to reconnect!
|j|☆xxnb
|inactive|xxnb reconnected and has 100 seconds left.
|player|p1|xxnb|caitlin|
|inactive|xxnb has 90 seconds left.
|
|t:|1758966514
|move|p1a: Espeon|Calm Mind|p1a: Espeon
|-boost|p1a: Espeon|spa|1
|-boost|p1a: Espeon|spd|1
|move|p2a: Slowking|Scald|p1a: Espeon
|-damage|p1a: Espeon|51/100
|
|upkeep
|turn|4
|inactive|ponniponni has 120 seconds left.
|
|t:|1758966567
|switch|p2a: Hoopa|Hoopa-Unbound|100/100
|-damage|p2a: Hoopa|88/100|[from] Stealth Rock
|move|p1a: Espeon|Morning Sun|p1a: Espeon
|-heal|p1a: Espeon|100/100
|
|upkeep
|turn|5
|inactive|xxnb has 90 seconds left.
|
|t:|1758966580
|switch|p1a: Ting-Lu|Ting-Lu|100/100
|-ability|p1a: Ting-Lu|Vessel of Ruin
|move|p2a: Hoopa|Hyperspace Fury|p1a: Ting-Lu
|-resisted|p1a: Ting-Lu
|-damage|p1a: Ting-Lu|78/100
|-unboost|p2a: Hoopa|def|1
|
|upkeep
|turn|6
|inactive|xxnb has 90 seconds left.
|inactive|ponniponni has 90 seconds left.
|
|t:|1758966615
|switch|p2a: Vileplume|Vileplume, F|100/100
|-damage|p2a: Vileplume|88/100|[from] Stealth Rock
|move|p1a: Ting-Lu|Payback|p2a: Vileplume
|-damage|p2a: Vileplume|67/100
|-damage|p1a: Ting-Lu|61/100|[from] item: Rocky Helmet|[of] p2a: Vileplume
|
|upkeep
|turn|7
|
|t:|1758966628
|switch|p1a: Glimmora|Glimmora, M, shiny|100/100
|move|p2a: Vileplume|Grass Knot|p1a: Glimmora
|-damage|p1a: Glimmora|72/100
|
|upkeep
|turn|8
|inactive|ponniponni has 90 seconds left.
|inactive|ponniponni has 60 seconds left.
|
|t:|1758966676
|switch|p2a: Iron Crown|Iron Crown|100/100
|-damage|p2a: Iron Crown|94/100|[from] Stealth Rock
|move|p1a: Glimmora|Mud Shot|p2a: Iron Crown
|-supereffective|p2a: Iron Crown
|-damage|p2a: Iron Crown|59/100
|-unboost|p2a: Iron Crown|spe|1
|
|upkeep
|turn|9
|inactive|xxnb has 60 seconds left.
|
|t:|1758966699
|switch|p1a: Ting-Lu|Ting-Lu|61/100
|-ability|p1a: Ting-Lu|Vessel of Ruin
|move|p2a: Iron Crown|Tachyon Cutter|p1a: Ting-Lu
|-damage|p1a: Ting-Lu|53/100
|-damage|p1a: Ting-Lu|45/100
|-hitcount|p1a: Ting-Lu|2
|
|upkeep
|turn|10
|inactive|xxnb has 60 seconds left.
|inactive|ponniponni has 60 seconds left.
|
|t:|1758966711
|-end|p2a: Iron Crown|Quark Drive|[silent]
|switch|p2a: Great Tusk|Great Tusk|100/100
|move|p1a: Ting-Lu|Earthquake|p2a: Great Tusk
|-damage|p2a: Great Tusk|67/100
|
|upkeep
|turn|11
|
|t:|1758966720
|switch|p1a: Dondozo|Dondozo, M, shiny|100/100
|move|p2a: Great Tusk|Headlong Rush|p1a: Dondozo
|-damage|p1a: Dondozo|72/100
|-unboost|p2a: Great Tusk|def|1
|-unboost|p2a: Great Tusk|spd|1
|-damage|p2a: Great Tusk|51/100|[from] item: Rocky Helmet|[of] p1a: Dondozo
|
|upkeep
|turn|12
|
|t:|1758966730
|-end|p2a: Great Tusk|Protosynthesis|[silent]
|switch|p2a: Vileplume|Vileplume, F|67/100
|-damage|p2a: Vileplume|54/100|[from] Stealth Rock
|move|p1a: Dondozo|Avalanche|p2a: Vileplume
|-supereffective|p2a: Vileplume
|-damage|p2a: Vileplume|31/100
|-damage|p1a: Dondozo|56/100|[from] item: Rocky Helmet|[of] p2a: Vileplume
|-status|p1a: Dondozo|slp|[from] ability: Effect Spore|[of] p2a: Vileplume
|
|upkeep
|turn|13
|inactive|xxnb has 60 seconds left.
|inactive|ponniponni has 60 seconds left.
|
|t:|1758966771
|switch|p1a: Glimmora|Glimmora, M, shiny|72/100
|move|p2a: Vileplume|Strength Sap|p1a: Glimmora
|-unboost|p1a: Glimmora|atk|1
|-heal|p2a: Vileplume|68/100
|
|upkeep
|turn|14
|inactive|xxnb has 60 seconds left.
|
|t:|1758966780
|move|p1a: Glimmora|Power Gem|p2a: Vileplume
|-damage|p2a: Vileplume|26/100
|move|p2a: Vileplume|Grass Knot|p1a: Glimmora
|-crit|p1a: Glimmora
|-damage|p1a: Glimmora|24/100
|
|upkeep
|turn|15
|inactive|xxnb has 60 seconds left.
|l|☆xxnb
|inactive|xxnb disconnected and has a minute to reconnect!
|player|p1|
|j|☆xxnb
|inactive|xxnb reconnected and has 35 seconds left.
|player|p1|xxnb|caitlin|
|inactive|xxnb has 30 seconds left.
|
|t:|1758966823
|switch|p2a: Hoopa|Hoopa-Unbound|88/100
|-damage|p2a: Hoopa|76/100|[from] Stealth Rock
|move|p1a: Glimmora|Power Gem|p2a: Hoopa
|-damage|p2a: Hoopa|52/100
|
|upkeep
|turn|16
|inactive|xxnb has 30 seconds left.
|
|t:|1758966840
|switch|p1a: Dondozo|Dondozo, M, shiny|56/100 slp
|move|p2a: Hoopa|Psychic|p1a: Dondozo
|-damage|p1a: Dondozo|5/100 slp
|-unboost|p1a: Dondozo|spd|1
|
|upkeep
|turn|17
|inactive|xxnb has 30 seconds left.
|
|t:|1758966851
|switch|p2a: Vileplume|Vileplume, F|26/100
|-damage|p2a: Vileplume|14/100|[from] Stealth Rock
|switch|p1a: Ting-Lu|Ting-Lu|45/100
|-ability|p1a: Ting-Lu|Vessel of Ruin
|
|upkeep
|turn|18
|inactive|xxnb has 30 seconds left.
|inactive|xxnb has 20 seconds left.
|inactive|xxnb has 15 seconds left.
|inactive|xxnb has 10 seconds left.
|
|t:|1758966876
|switch|p1a: Gholdengo|Gholdengo|100/100
|move|p2a: Vileplume|Strength Sap|p1a: Gholdengo
|-immune|p1a: Gholdengo|[from] ability: Good as Gold
|
|upkeep
|turn|19
|inactive|xxnb has 20 seconds left this turn.
|inactive|xxnb has 15 seconds left.
|
|t:|1758966883
|switch|p2a: Umbreon|Umbreon, M|100/100
|-damage|p2a: Umbreon|88/100|[from] Stealth Rock
|move|p1a: Gholdengo|Shadow Ball|p2a: Umbreon
|-resisted|p2a: Umbreon
|-damage|p2a: Umbreon|73/100
|
|upkeep
|turn|20
|inactive|xxnb has 25 seconds left this turn.
|inactive|xxnb has 20 seconds left.
|inactive|xxnb has 15 seconds left.
|
|t:|1758966896
|switch|p1a: Glimmora|Glimmora, M, shiny|24/100
|move|p2a: Umbreon|Wish|p2a: Umbreon
|
|upkeep
|turn|21
|inactive|xxnb has 25 seconds left this turn.
|inactive|xxnb has 20 seconds left.
|inactive|xxnb has 15 seconds left.
|
|t:|1758966909
|move|p1a: Glimmora|Power Gem|p2a: Umbreon
|-damage|p2a: Umbreon|45/100
|move|p2a: Umbreon|Foul Play|p1a: Glimmora
|-damage|p1a: Glimmora|3/100
|-activate|p1a: Glimmora|ability: Toxic Debris
|-sidestart|p2: ponniponni|move: Toxic Spikes
|
|-heal|p2a: Umbreon|95/100|[from] move: Wish|[wisher] Umbreon
|upkeep
|turn|22
|inactive|xxnb has 25 seconds left this turn.
|inactive|xxnb has 20 seconds left.
|inactive|xxnb has 15 seconds left.
|
|t:|1758966921
|move|p1a: Glimmora|Power Gem|p2a: Umbreon
|-damage|p2a: Umbreon|66/100
|move|p2a: Umbreon|Foul Play|p1a: Glimmora
|-damage|p1a: Glimmora|0 fnt
|-activate|p1a: Glimmora|ability: Toxic Debris
|-sidestart|p2: ponniponni|move: Toxic Spikes
|faint|p1a: Glimmora
|
|upkeep
|inactive|xxnb has 20 seconds left this turn.
|inactive|xxnb has 15 seconds left.
|inactive|xxnb has 10 seconds left.
|
|t:|1758966935
|switch|p1a: Gholdengo|Gholdengo|100/100
|turn|23
|inactive|xxnb has 20 seconds left this turn.
|
|t:|1758966939
|switch|p2a: Slowking|Slowking, M|100/100
|-damage|p2a: Slowking|88/100|[from] Stealth Rock
|-status|p2a: Slowking|tox
|move|p1a: Gholdengo|Focus Blast|p2a: Slowking|[miss]
|-miss|p1a: Gholdengo|p2a: Slowking
|
|-damage|p2a: Slowking|82/100 tox|[from] psn
|upkeep
|turn|24
|inactive|xxnb has 30 seconds left this turn.
|inactive|xxnb has 20 seconds left.
|
|t:|1758966954
|switch|p1a: Espeon|Espeon, F, shiny|100/100
|move|p2a: Slowking|Flamethrower|p1a: Espeon
|-damage|p1a: Espeon|80/100
|
|-damage|p2a: Slowking|70/100 tox|[from] psn
|upkeep
|turn|25
|inactive|xxnb has 30 seconds left this turn.
|
|t:|1758966963
|switch|p2a: Iron Crown|Iron Crown|59/100
|-damage|p2a: Iron Crown|53/100|[from] Stealth Rock
|move|p1a: Espeon|Calm Mind|p1a: Espeon
|-boost|p1a: Espeon|spa|1
|-boost|p1a: Espeon|spd|1
|
|upkeep
|turn|26
|inactive|xxnb has 30 seconds left.
|
|t:|1758966972
|-terastallize|p2a: Iron Crown|Steel
|move|p2a: Iron Crown|Tachyon Cutter|p1a: Espeon
|-damage|p1a: Espeon|56/100
|-damage|p1a: Espeon|32/100
|-hitcount|p1a: Espeon|2
|move|p1a: Espeon|Calm Mind|p1a: Espeon
|-boost|p1a: Espeon|spa|1
|-boost|p1a: Espeon|spd|1
|
|upkeep
|turn|27
|
|t:|1758966981
|move|p2a: Iron Crown|Tachyon Cutter|p1a: Espeon
|-damage|p1a: Espeon|15/100
|-crit|p1a: Espeon
|-damage|p1a: Espeon|0 fnt
|faint|p1a: Espeon
|-hitcount|p1: Espeon|2
|
|upkeep
|inactive|xxnb has 30 seconds left.
|
|t:|1758966991
|switch|p1a: Gholdengo|Gholdengo|100/100
|turn|28
|
|t:|1758967000
|-end|p2a: Iron Crown|Quark Drive|[silent]
|switch|p2a: Vileplume|Vileplume, F|14/100
|-damage|p2a: Vileplume|1/100|[from] Stealth Rock
|-sideend|p2: ponniponni|move: Toxic Spikes|[of] p2a: Vileplume
|move|p1a: Gholdengo|Focus Blast|p2a: Vileplume|[miss]
|-miss|p1a: Gholdengo|p2a: Vileplume
|
|upkeep
|turn|29
|
|t:|1758967014
|switch|p2a: Slowking|Slowking, M|100/100 tox
|-damage|p2a: Slowking|88/100 tox|[from] Stealth Rock
|move|p1a: Gholdengo|Focus Blast|p2a: Slowking|[miss]
|-miss|p1a: Gholdengo|p2a: Slowking
|
|-damage|p2a: Slowking|82/100 tox|[from] psn
|upkeep
|turn|30
|
|t:|1758967028
|switch|p1a: Ting-Lu|Ting-Lu|45/100
|-ability|p1a: Ting-Lu|Vessel of Ruin
|move|p2a: Slowking|Scald|p1a: Ting-Lu
|-supereffective|p1a: Ting-Lu
|-damage|p1a: Ting-Lu|26/100
|-status|p1a: Ting-Lu|brn
|
|-damage|p2a: Slowking|70/100 tox|[from] psn
|-damage|p1a: Ting-Lu|20/100 brn|[from] brn
|upkeep
|turn|31
|
|t:|1758967041
|move|p1a: Ting-Lu|Ruination|p2a: Slowking
|-damage|p2a: Slowking|35/100 tox
|move|p2a: Slowking|Scald|p1a: Ting-Lu
|-supereffective|p1a: Ting-Lu
|-damage|p1a: Ting-Lu|2/100 brn
|
|-damage|p2a: Slowking|17/100 tox|[from] psn
|-damage|p1a: Ting-Lu|0 fnt|[from] brn
|faint|p1a: Ting-Lu
|upkeep
|
|t:|1758967057
|switch|p1a: Dragonite|Dragonite, M, shiny|100/100
|turn|32
|
|t:|1758967062
|move|p1a: Dragonite|Earthquake|p2a: Slowking
|-damage|p2a: Slowking|0 fnt
|faint|p2a: Slowking
|
|upkeep
|
|t:|1758967069
|switch|p2a: Umbreon|Umbreon, M|66/100
|-damage|p2a: Umbreon|54/100|[from] Stealth Rock
|turn|33
|
|t:|1758967079
|switch|p1a: Dondozo|Dondozo, M, shiny|5/100 slp
|move|p2a: Umbreon|Wish|p2a: Umbreon
|
|upkeep
|turn|34
|
|t:|1758967086
|move|p2a: Umbreon|Foul Play|p1a: Dondozo
|-damage|p1a: Dondozo|0 fnt
|-damage|p2a: Umbreon|38/100|[from] item: Rocky Helmet|[of] p1a: Dondozo
|faint|p1a: Dondozo
|
|-heal|p2a: Umbreon|88/100|[from] move: Wish|[wisher] Umbreon
|upkeep
|
|t:|1758967095
|switch|p1a: Gholdengo|Gholdengo|100/100
|turn|35
|
|t:|1758967099
|move|p2a: Umbreon|Protect|p2a: Umbreon
|-singleturn|p2a: Umbreon|Protect
|move|p1a: Gholdengo|Focus Blast|p2a: Umbreon
|-activate|p2a: Umbreon|move: Protect
|
|upkeep
|turn|36
|
|t:|1758967107
|switch|p2a: Vileplume|Vileplume, F|1/100
|-damage|p2a: Vileplume|0 fnt|[from] Stealth Rock
|faint|p2a: Vileplume
|move|p1a: Gholdengo|Focus Blast|p2: Vileplume|[notarget]
|-fail|p1a: Gholdengo
|
|upkeep
|
|t:|1758967111
|switch|p2a: Hoopa|Hoopa-Unbound|52/100
|-damage|p2a: Hoopa|39/100|[from] Stealth Rock
|turn|37
|
|t:|1758967122
|-terastallize|p1a: Gholdengo|Flying
|move|p1a: Gholdengo|Focus Blast|p2a: Hoopa
|-damage|p2a: Hoopa|13/100
|move|p2a: Hoopa|Hyperspace Fury|p1a: Gholdengo
|-damage|p1a: Gholdengo|20/100
|-unboost|p2a: Hoopa|def|1
|
|upkeep
|turn|38
|l|☆xxnb
|inactive|xxnb disconnected and has a minute to reconnect!
|player|p1|
|j|☆xxnb
|inactive|xxnb reconnected and has 70 seconds left.
|player|p1|xxnb|caitlin|
|
|t:|1758967142
|move|p1a: Gholdengo|Focus Blast|p2a: Hoopa
|-damage|p2a: Hoopa|0 fnt
|faint|p2a: Hoopa
|
|upkeep
|
|t:|1758967151
|switch|p2a: Iron Crown|Iron Crown, tera:Steel|53/100
|-damage|p2a: Iron Crown|47/100|[from] Stealth Rock
|turn|39
|
|t:|1758967155
|move|p2a: Iron Crown|Tachyon Cutter|p1a: Gholdengo
|-damage|p1a: Gholdengo|0 fnt
|faint|p1a: Gholdengo
|-hitcount|p1: Gholdengo|1
|
|upkeep
|
|t:|1758967161
|switch|p1a: Dragonite|Dragonite, M, shiny|100/100
|turn|40
|
|t:|1758967170
|move|p2a: Iron Crown|Tachyon Cutter|p1a: Dragonite
|-damage|p1a: Dragonite|81/100
|-damage|p1a: Dragonite|48/100
|-hitcount|p1a: Dragonite|2
|move|p1a: Dragonite|Earthquake|p2a: Iron Crown
|-supereffective|p2a: Iron Crown
|-damage|p2a: Iron Crown|0 fnt
|faint|p2a: Iron Crown
|-end|p2a: Iron Crown|Quark Drive|[silent]
|
|upkeep
|inactive|ponniponni has 120 seconds left.
|
|t:|1758967206
|switch|p2a: Great Tusk|Great Tusk|51/100
|turn|41
|
|t:|1758967211
|move|p1a: Dragonite|Earthquake|p2a: Great Tusk
|-damage|p2a: Great Tusk|18/100
|move|p2a: Great Tusk|Ice Spinner|p1a: Dragonite
|-supereffective|p1a: Dragonite
|-damage|p1a: Dragonite|0 fnt
|faint|p1a: Dragonite
|
|win|ponniponni
|raw|xxnb's rating: 1394 &rarr; <strong>1374</strong><br />(-20 for losing)
|raw|ponniponni's rating: 1388 &rarr; <strong>1408</strong><br />(+20 for winning)
|l|☆xxnb
|player|p1|
|l|☆ponniponni
|player|p2|
