|j|☆alfvaz
|j|☆PrimeXStriker
|t:|1759050266
|gametype|singles
|player|p1|alfvaz|hiker-gen4|1217
|player|p2|PrimeXStriker|170|1270
|gen|9
|tier|[Gen 9] OU
|rated|
|rule|HP Percentage Mod: HP is shown in percentages
|rule|Endless Battle Clause: Forcing endless battles is banned
|rule|Species Clause: Limit one of each Pokémon
|rule|OHKO Clause: OHKO moves are banned
|rule|Evasion Items Clause: Evasion items are banned
|rule|Evasion Moves Clause: Evasion moves are banned
|rule|Evasion Abilities Clause: Evasion abilities are banned
|rule|Sleep Moves Clause: Sleep-inducing moves are banned
|clearpoke
|poke|p1|Emboar, M|
|poke|p1|Deoxys-Speed|
|poke|p1|Electivire, F|
|poke|p1|Araquanid, M|
|poke|p1|Iron Treads|
|poke|p1|Gardevoir, F|
|poke|p2|Araquanid, F|
|poke|p2|Rillaboom, M|
|poke|p2|Glimmora, F|
|poke|p2|Mamoswine, M|
|poke|p2|Tyranitar, F|
|poke|p2|Zapdos|
|teampreview
|
|t:|1759050276
|teamsize|p1|6
|teamsize|p2|6
|start
|switch|p1a: Electivire|Electivire, F|100/100
|switch|p2a: Araquanid|Araquanid, F|100/100
|turn|1
|
|t:|1759050305
|move|p1a: Electivire|Flamethrower|p2a: Araquanid
|-damage|p2a: Araquanid|92/100
|move|p2a: Araquanid|Sticky Web|p1a: Electivire
|-sidestart|p1: alfvaz|move: Sticky Web
|
|upkeep
|turn|2
|
|t:|1759050315
|move|p1a: Electivire|Volt Switch|p2a: Araquanid
|-supereffective|p2a: Araquanid
|-damage|p2a: Araquanid|50/100
|
|t:|1759050321
|switch|p1a: Araquanid|Araquanid, M, shiny|100/100|[from] Volt Switch
|-activate|p1a: Araquanid|move: Sticky Web
|-unboost|p1a: Araquanid|spe|1
|move|p2a: Araquanid|Surf|p1a: Araquanid
|-resisted|p1a: Araquanid
|-damage|p1a: Araquanid|78/100
|
|upkeep
|turn|3
|
|t:|1759050332
|switch|p2a: Zapdos|Zapdos|100/100
|move|p1a: Araquanid|Sticky Web|p2a: Zapdos
|-sidestart|p2: PrimeXStriker|move: Sticky Web
|
|upkeep
|turn|4
|
|t:|1759050339
|switch|p1a: Electivire|Electivire, F|100/100
|-activate|p1a: Electivire|move: Sticky Web
|-unboost|p1a: Electivire|spe|1
|move|p2a: Zapdos|Volt Switch|p1a: Electivire
|-ability|p1a: Electivire|Motor Drive|boost
|-boost|p1a: Electivire|spe|1
|
|upkeep
|turn|5
|
|t:|1759050352
|switch|p2a: Tyranitar|Tyranitar, F|100/100
|-activate|p2a: Tyranitar|move: Sticky Web
|-unboost|p2a: Tyranitar|spe|1
|-weather|Sandstorm|[from] ability: Sand Stream|[of] p2a: Tyranitar
|move|p1a: Electivire|Volt Switch|p2a: Tyranitar
|-damage|p2a: Tyranitar|89/100
|
|t:|1759050363
|switch|p1a: Emboar|Emboar, M, shiny|100/100|[from] Volt Switch
|-activate|p1a: Emboar|move: Sticky Web
|-unboost|p1a: Emboar|spe|1
|
|-weather|Sandstorm|[upkeep]
|-damage|p1a: Emboar|94/100|[from] Sandstorm
|-heal|p2a: Tyranitar|95/100|[from] item: Leftovers
|upkeep
|turn|6
|
|t:|1759050375
|switch|p2a: Zapdos|Zapdos|100/100
|move|p1a: Emboar|Flare Blitz|p2a: Zapdos
|-damage|p2a: Zapdos|23/100
|-status|p2a: Zapdos|brn
|-damage|p1a: Emboar|67/100|[from] Recoil
|
|-weather|Sandstorm|[upkeep]
|-damage|p2a: Zapdos|17/100 brn|[from] Sandstorm
|-damage|p1a: Emboar|61/100|[from] Sandstorm
|-damage|p2a: Zapdos|11/100 brn|[from] brn
|upkeep
|turn|7
|
|t:|1759050390
|switch|p1a: Electivire|Electivire, F|100/100
|-activate|p1a: Electivire|move: Sticky Web
|-unboost|p1a: Electivire|spe|1
|move|p2a: Zapdos|Roost|p2a: Zapdos
|-heal|p2a: Zapdos|61/100 brn
|-singleturn|p2a: Zapdos|move: Roost
|
|-weather|Sandstorm|[upkeep]
|-damage|p2a: Zapdos|55/100 brn|[from] Sandstorm
|-damage|p1a: Electivire|94/100|[from] Sandstorm
|-damage|p2a: Zapdos|49/100 brn|[from] brn
|upkeep
|turn|8
|
|t:|1759050422
|move|p2a: Zapdos|Roost|p2a: Zapdos
|-heal|p2a: Zapdos|99/100 brn
|-singleturn|p2a: Zapdos|move: Roost
|move|p1a: Electivire|Earthquake|p2a: Zapdos
|-supereffective|p2a: Zapdos
|-damage|p2a: Zapdos|61/100 brn
|
|-weather|Sandstorm|[upkeep]
|-damage|p2a: Zapdos|55/100 brn|[from] Sandstorm
|-damage|p1a: Electivire|88/100|[from] Sandstorm
|-damage|p2a: Zapdos|49/100 brn|[from] brn
|upkeep
|turn|9
|
|t:|1759050434
|move|p2a: Zapdos|Roost|p2a: Zapdos
|-heal|p2a: Zapdos|99/100 brn
|-singleturn|p2a: Zapdos|move: Roost
|move|p1a: Electivire|Ice Punch|p2a: Zapdos
|-damage|p2a: Zapdos|84/100 brn
|
|-weather|none
|-damage|p2a: Zapdos|78/100 brn|[from] brn
|upkeep
|turn|10
|
|t:|1759050447
|switch|p2a: Tyranitar|Tyranitar, F|95/100
|-activate|p2a: Tyranitar|move: Sticky Web
|-unboost|p2a: Tyranitar|spe|1
|-weather|Sandstorm|[from] ability: Sand Stream|[of] p2a: Tyranitar
|move|p1a: Electivire|Volt Switch|p2a: Tyranitar
|-damage|p2a: Tyranitar|83/100
|
|t:|1759050455
|switch|p1a: Emboar|Emboar, M, shiny|61/100|[from] Volt Switch
|-activate|p1a: Emboar|move: Sticky Web
|-unboost|p1a: Emboar|spe|1
|
|-weather|Sandstorm|[upkeep]
|-damage|p1a: Emboar|55/100|[from] Sandstorm
|-heal|p2a: Tyranitar|90/100|[from] item: Leftovers
|upkeep
|turn|11
|
|t:|1759050465
|switch|p2a: Zapdos|Zapdos|78/100 brn
|move|p1a: Emboar|Close Combat|p2a: Zapdos
|-resisted|p2a: Zapdos
|-damage|p2a: Zapdos|45/100 brn
|-unboost|p1a: Emboar|def|1
|-unboost|p1a: Emboar|spd|1
|
|-weather|Sandstorm|[upkeep]
|-damage|p2a: Zapdos|39/100 brn|[from] Sandstorm
|-damage|p1a: Emboar|49/100|[from] Sandstorm
|-damage|p2a: Zapdos|33/100 brn|[from] brn
|upkeep
|turn|12
|
|t:|1759050477
|move|p2a: Zapdos|Roost|p2a: Zapdos
|-heal|p2a: Zapdos|83/100 brn
|-singleturn|p2a: Zapdos|move: Roost
|move|p1a: Emboar|Close Combat|p2a: Zapdos
|-damage|p2a: Zapdos|24/100 brn
|-unboost|p1a: Emboar|def|1
|-unboost|p1a: Emboar|spd|1
|-status|p1a: Emboar|par|[from] ability: Static|[of] p2a: Zapdos
|
|-weather|Sandstorm|[upkeep]
|-damage|p2a: Zapdos|18/100 brn|[from] Sandstorm
|-damage|p1a: Emboar|43/100 par|[from] Sandstorm
|-damage|p2a: Zapdos|12/100 brn|[from] brn
|upkeep
|turn|13
|
|t:|1759050492
|switch|p1a: Gardevoir|Gardevoir, F, shiny|100/100
|-activate|p1a: Gardevoir|move: Sticky Web
|-unboost|p1a: Gardevoir|spe|1
|-ability|p1a: Gardevoir|Static|Trace|[from] ability: Trace|[of] p2a: Zapdos
|move|p2a: Zapdos|Hurricane|p1a: Gardevoir
|-damage|p1a: Gardevoir|73/100
|
|-weather|Sandstorm|[upkeep]
|-damage|p2a: Zapdos|6/100 brn|[from] Sandstorm
|-damage|p1a: Gardevoir|67/100|[from] Sandstorm
|-heal|p1a: Gardevoir|73/100|[from] item: Leftovers
|-damage|p2a: Zapdos|0 fnt|[from] brn
|faint|p2a: Zapdos
|upkeep
|
|t:|1759050505
|switch|p2a: Araquanid|Araquanid, F|50/100
|-activate|p2a: Araquanid|move: Sticky Web
|-unboost|p2a: Araquanid|spe|1
|turn|14
|
|t:|1759050514
|move|p1a: Gardevoir|Wish|p1a: Gardevoir
|move|p2a: Araquanid|Surf|p1a: Gardevoir
|-damage|p1a: Gardevoir|36/100
|
|-weather|none
|-heal|p1a: Gardevoir|43/100|[from] item: Leftovers
|upkeep
|turn|15
|
|t:|1759050525
|move|p2a: Araquanid|Surf|p1a: Gardevoir
|-crit|p1a: Gardevoir
|-damage|p1a: Gardevoir|0 fnt
|faint|p1a: Gardevoir
|
|upkeep
|
|t:|1759050530
|switch|p1a: Emboar|Emboar, M, shiny|43/100 par
|-activate|p1a: Emboar|move: Sticky Web
|-unboost|p1a: Emboar|spe|1
|turn|16
|
|t:|1759050536
|move|p1a: Emboar|Flare Blitz|p2a: Araquanid
|-damage|p2a: Araquanid|0 fnt
|faint|p2a: Araquanid
|-damage|p1a: Emboar|27/100 par|[from] Recoil
|
|upkeep
|inactive|Battle timer is ON: inactive players will automatically lose when time's up. (requested by alfvaz)
|
|t:|1759050578
|switch|p2a: Rillaboom|Rillaboom, M|100/100
|-activate|p2a: Rillaboom|move: Sticky Web
|-unboost|p2a: Rillaboom|spe|1
|-fieldstart|move: Grassy Terrain|[from] ability: Grassy Surge|[of] p2a: Rillaboom
|turn|17
|
|t:|1759050589
|move|p2a: Rillaboom|Low Kick|p1a: Emboar
|-damage|p1a: Emboar|0 fnt
|faint|p1a: Emboar
|
|upkeep
|
|t:|1759050596
|switch|p1a: Electivire|Electivire, F|88/100
|-activate|p1a: Electivire|move: Sticky Web
|-unboost|p1a: Electivire|spe|1
|turn|18
|
|t:|1759050614
|-terastallize|p1a: Electivire|Flying
|move|p1a: Electivire|Flamethrower|p2a: Rillaboom
|-supereffective|p2a: Rillaboom
|-crit|p2a: Rillaboom
|-damage|p2a: Rillaboom|17/100
|move|p2a: Rillaboom|U-turn|p1a: Electivire
|-resisted|p1a: Electivire
|-damage|p1a: Electivire|68/100
|
|t:|1759050620
|switch|p2a: Mamoswine|Mamoswine, M|100/100|[from] U-turn
|-activate|p2a: Mamoswine|move: Sticky Web
|-unboost|p2a: Mamoswine|spe|1
|-enditem|p2a: Mamoswine|Grassy Seed
|-boost|p2a: Mamoswine|def|1|[from] item: Grassy Seed
|
|upkeep
|turn|19
|
|t:|1759050639
|switch|p1a: Araquanid|Araquanid, M, shiny|78/100
|-activate|p1a: Araquanid|move: Sticky Web
|-unboost|p1a: Araquanid|spe|1
|move|p2a: Mamoswine|Trailblaze|p1a: Araquanid
|-damage|p1a: Araquanid|54/100
|-boost|p2a: Mamoswine|spe|1
|
|-heal|p1a: Araquanid|60/100|[from] Grassy Terrain
|upkeep
|turn|20
|
|t:|1759050651
|-terastallize|p2a: Mamoswine|Grass
|move|p2a: Mamoswine|Trailblaze|p1a: Araquanid
|-damage|p1a: Araquanid|24/100
|-boost|p2a: Mamoswine|spe|1
|-enditem|p1a: Araquanid|Sitrus Berry|[eat]
|-heal|p1a: Araquanid|49/100|[from] item: Sitrus Berry
|move|p1a: Araquanid|Liquidation|p2a: Mamoswine
|-resisted|p2a: Mamoswine
|-damage|p2a: Mamoswine|77/100
|
|-heal|p2a: Mamoswine|83/100|[from] Grassy Terrain
|-heal|p1a: Araquanid|55/100|[from] Grassy Terrain
|upkeep
|turn|21
|
|t:|1759050665
|move|p2a: Mamoswine|Trailblaze|p1a: Araquanid
|-damage|p1a: Araquanid|20/100
|-boost|p2a: Mamoswine|spe|1
|move|p1a: Araquanid|Leech Life|p2a: Mamoswine
|-supereffective|p2a: Mamoswine
|-damage|p2a: Mamoswine|38/100
|-heal|p1a: Araquanid|44/100|[from] drain|[of] p2a: Mamoswine
|
|-heal|p2a: Mamoswine|44/100|[from] Grassy Terrain
|-heal|p1a: Araquanid|50/100|[from] Grassy Terrain
|upkeep
|turn|22
|
|t:|1759050686
|move|p2a: Mamoswine|Icicle Crash|p1a: Araquanid
|-resisted|p1a: Araquanid
|-damage|p1a: Araquanid|27/100
|cant|p1a: Araquanid|flinch
|
|-heal|p2a: Mamoswine|50/100|[from] Grassy Terrain
|-heal|p1a: Araquanid|33/100|[from] Grassy Terrain
|upkeep
|turn|23
|
|t:|1759050696
|move|p2a: Mamoswine|Trailblaze|p1a: Araquanid
|-damage|p1a: Araquanid|0 fnt
|-boost|p2a: Mamoswine|spe|1
|faint|p1a: Araquanid
|
|-heal|p2a: Mamoswine|56/100|[from] Grassy Terrain
|upkeep
|
|t:|1759050705
|switch|p1a: Iron Treads|Iron Treads|100/100
|-activate|p1a: Iron Treads|move: Sticky Web
|-unboost|p1a: Iron Treads|spe|1
|turn|24
|
|t:|1759050712
|move|p2a: Mamoswine|High Horsepower|p1a: Iron Treads
|-supereffective|p1a: Iron Treads
|-damage|p1a: Iron Treads|47/100
|move|p1a: Iron Treads|Iron Head|p2a: Mamoswine
|-damage|p2a: Mamoswine|34/100
|
|-heal|p2a: Mamoswine|40/100|[from] Grassy Terrain
|-heal|p1a: Iron Treads|54/100|[from] Grassy Terrain
|-heal|p1a: Iron Treads|60/100|[from] item: Leftovers
|-fieldend|move: Grassy Terrain
|upkeep
|turn|25
|
|t:|1759050723
|move|p2a: Mamoswine|High Horsepower|p1a: Iron Treads
|-supereffective|p1a: Iron Treads
|-damage|p1a: Iron Treads|8/100
|move|p1a: Iron Treads|Iron Head|p2a: Mamoswine
|-damage|p2a: Mamoswine|16/100
|
|-heal|p1a: Iron Treads|14/100|[from] item: Leftovers
|upkeep
|turn|26
|inactive|PrimeXStriker has 120 seconds left.
|
|t:|1759050753
|move|p2a: Mamoswine|Trailblaze|p1a: Iron Treads
|-damage|p1a: Iron Treads|0 fnt
|-boost|p2a: Mamoswine|spe|1
|faint|p1a: Iron Treads
|-end|p1a: Iron Treads|Quark Drive|[silent]
|
|upkeep
|
|t:|1759050760
|switch|p1a: Electivire|Electivire, F, tera:Flying|68/100
|turn|27
|
|t:|1759050765
|move|p2a: Mamoswine|Icicle Crash|p1a: Electivire
|-supereffective|p1a: Electivire
|-damage|p1a: Electivire|0 fnt
|faint|p1a: Electivire
|
|upkeep
|
|t:|1759050771
|switch|p1a: Deoxys|Deoxys-Speed|100/100
|-activate|p1a: Deoxys|move: Sticky Web
|-unboost|p1a: Deoxys|spe|1
|-ability|p1a: Deoxys|Pressure
|turn|28
|
|t:|1759050777
|move|p2a: Mamoswine|High Horsepower|p1a: Deoxys
|-damage|p1a: Deoxys|25/100
|move|p1a: Deoxys|Ice Beam|p2a: Mamoswine
|-supereffective|p2a: Mamoswine
|-damage|p2a: Mamoswine|0 fnt
|faint|p2a: Mamoswine
|
|upkeep
|
|t:|1759050788
|switch|p2a: Tyranitar|Tyranitar, F|90/100
|-activate|p2a: Tyranitar|move: Sticky Web
|-unboost|p2a: Tyranitar|spe|1
|-weather|Sandstorm|[from] ability: Sand Stream|[of] p2a: Tyranitar
|turn|29
|
|t:|1759050794
|move|p1a: Deoxys|Superpower|p2a: Tyranitar
|-supereffective|p2a: Tyranitar
|-damage|p2a: Tyranitar|0 fnt
|-unboost|p1a: Deoxys|atk|1
|-unboost|p1a: Deoxys|def|1
|faint|p2a: Tyranitar
|
|-weather|Sandstorm|[upkeep]
|-damage|p1a: Deoxys|19/100|[from] Sandstorm
|upkeep
|
|t:|1759050798
|switch|p2a: Rillaboom|Rillaboom, M|17/100
|-activate|p2a: Rillaboom|move: Sticky Web
|-unboost|p2a: Rillaboom|spe|1
|-fieldstart|move: Grassy Terrain|[from] ability: Grassy Surge|[of] p2a: Rillaboom
|turn|30
|
|t:|1759050808
|move|p2a: Rillaboom|Grassy Glide|p1a: Deoxys
|-damage|p1a: Deoxys|0 fnt
|faint|p1a: Deoxys
|
|win|PrimeXStriker
|raw|alfvaz's rating: 1217 &rarr; <strong>1196</strong><br />(-21 for losing)
|raw|PrimeXStriker's rating: 1270 &rarr; <strong>1291</strong><br />(+21 for winning)
|l|☆PrimeXStriker
|player|p2|
|l|☆alfvaz
|player|p1|
