|j|☆sus skibidi
|j|☆Panther56
|t:|1759034611
|gametype|singles
|player|p1|sus skibidi|miku-ice|1418
|player|p2|Panther56|burglar|1496
|gen|9
|tier|[Gen 9] OU
|rated|
|rule|HP Percentage Mod: HP is shown in percentages
|rule|Endless Battle Clause: Forcing endless battles is banned
|rule|Species Clause: Limit one of each Pokémon
|rule|OHKO Clause: OHKO moves are banned
|rule|Evasion Items Clause: Evasion items are banned
|rule|Evasion Moves Clause: Evasion moves are banned
|rule|Evasion Abilities Clause: Evasion abilities are banned
|rule|Sleep Moves Clause: Sleep-inducing moves are banned
|clearpoke
|poke|p1|Incineroar, F|
|poke|p1|Clefable, F|
|poke|p1|Ogerpon-Cornerstone, F|
|poke|p1|Gholdengo|
|poke|p1|Great Tusk|
|poke|p1|Dragonite, F|
|poke|p2|Moltres|
|poke|p2|Zamazenta-*|
|poke|p2|Darkrai|
|poke|p2|Hydrapple, M|
|poke|p2|Ting-Lu|
|poke|p2|Tinkaton, F|
|teampreview
|inactive|Battle timer is ON: inactive players will automatically lose when time's up. (requested by sus skibidi)
|
|t:|1759034638
|teamsize|p1|6
|teamsize|p2|6
|start
|switch|p1a: World Champ|Incineroar, F|100/100
|switch|p2a: Ting-Lu|Ting-Lu|100/100
|-ability|p1a: World Champ|Intimidate|boost
|-unboost|p2a: Ting-Lu|atk|1
|-ability|p2a: Ting-Lu|Vessel of Ruin
|turn|1
|
|t:|1759034666
|move|p1a: World Champ|Will-O-Wisp|p2a: Ting-Lu
|-status|p2a: Ting-Lu|brn
|move|p2a: Ting-Lu|Spikes|p1a: World Champ
|-sidestart|p1: sus skibidi|Spikes
|
|-damage|p2a: Ting-Lu|94/100 brn|[from] brn
|upkeep
|turn|2
|
|t:|1759034676
|move|p1a: World Champ|Parting Shot|p2a: Ting-Lu
|-unboost|p2a: Ting-Lu|atk|1
|-unboost|p2a: Ting-Lu|spa|1
|
|t:|1759034694
|switch|p1a: Black MiRer|Gholdengo|100/100|[from] Parting Shot
|move|p2a: Ting-Lu|Ruination|p1a: Black MiRer
|-damage|p1a: Black MiRer|51/100
|
|-heal|p2a: Ting-Lu|100/100 brn|[from] item: Leftovers
|-damage|p2a: Ting-Lu|94/100 brn|[from] brn
|upkeep
|turn|3
|
|t:|1759034713
|move|p1a: Black MiRer|Nasty Plot|p1a: Black MiRer
|-boost|p1a: Black MiRer|spa|2
|move|p2a: Ting-Lu|Spikes|p1a: Black MiRer
|-sidestart|p1: sus skibidi|Spikes
|
|-heal|p2a: Ting-Lu|100/100 brn|[from] item: Leftovers
|-damage|p2a: Ting-Lu|94/100 brn|[from] brn
|upkeep
|turn|4
|
|t:|1759034721
|move|p1a: Black MiRer|Shadow Ball|p2a: Ting-Lu
|-resisted|p2a: Ting-Lu
|-damage|p2a: Ting-Lu|79/100 brn
|move|p2a: Ting-Lu|Earthquake|p1a: Black MiRer
|-supereffective|p1a: Black MiRer
|-damage|p1a: Black MiRer|38/100
|
|-heal|p2a: Ting-Lu|86/100 brn|[from] item: Leftovers
|-damage|p2a: Ting-Lu|79/100 brn|[from] brn
|upkeep
|turn|5
|
|t:|1759034731
|move|p1a: Black MiRer|Recover|p1a: Black MiRer
|-heal|p1a: Black MiRer|88/100
|move|p2a: Ting-Lu|Ruination|p1a: Black MiRer
|-damage|p1a: Black MiRer|44/100
|
|-heal|p2a: Ting-Lu|86/100 brn|[from] item: Leftovers
|-damage|p2a: Ting-Lu|79/100 brn|[from] brn
|upkeep
|turn|6
|
|t:|1759034753
|move|p1a: Black MiRer|Dazzling Gleam|p2a: Ting-Lu
|-supereffective|p2a: Ting-Lu
|-damage|p2a: Ting-Lu|41/100 brn
|move|p2a: Ting-Lu|Earthquake|p1a: Black MiRer
|-supereffective|p1a: Black MiRer
|-damage|p1a: Black MiRer|32/100
|
|-heal|p2a: Ting-Lu|47/100 brn|[from] item: Leftovers
|-damage|p2a: Ting-Lu|41/100 brn|[from] brn
|upkeep
|turn|7
|
|t:|1759034759
|move|p1a: Black MiRer|Shadow Ball|p2a: Ting-Lu
|-resisted|p2a: Ting-Lu
|-damage|p2a: Ting-Lu|26/100 brn
|move|p2a: Ting-Lu|Ruination|p1a: Black MiRer
|-damage|p1a: Black MiRer|16/100
|
|-heal|p2a: Ting-Lu|32/100 brn|[from] item: Leftovers
|-damage|p2a: Ting-Lu|26/100 brn|[from] brn
|upkeep
|turn|8
|
|t:|1759034765
|switch|p2a: Moltres|Moltres|100/100
|move|p1a: Black MiRer|Recover|p1a: Black MiRer
|-heal|p1a: Black MiRer|67/100
|
|upkeep
|turn|9
|
|t:|1759034770
|switch|p1a: World Champ|Incineroar, F|100/100
|-ability|p1a: World Champ|Intimidate|boost
|-unboost|p2a: Moltres|atk|1
|move|p2a: Moltres|Flamethrower|p1a: World Champ
|-resisted|p1a: World Champ
|-damage|p1a: World Champ|87/100
|
|upkeep
|turn|10
|
|t:|1759034791
|switch|p2a: Ting-Lu|Ting-Lu|26/100 brn
|-ability|p2a: Ting-Lu|Vessel of Ruin
|move|p1a: World Champ|Knock Off|p2a: Ting-Lu
|-resisted|p2a: Ting-Lu
|-damage|p2a: Ting-Lu|16/100 brn
|-enditem|p2a: Ting-Lu|Leftovers|[from] move: Knock Off|[of] p1a: World Champ
|
|-damage|p2a: Ting-Lu|10/100 brn|[from] brn
|upkeep
|turn|11
|inactive|Panther56 has 120 seconds left.
|
|t:|1759034813
|move|p1a: World Champ|Flare Blitz|p2a: Ting-Lu
|-damage|p2a: Ting-Lu|0 fnt
|faint|p2a: Ting-Lu
|-damage|p1a: World Champ|83/100|[from] Recoil
|
|upkeep
|inactive|Panther56 has 120 seconds left.
|
|t:|1759034821
|switch|p2a: Darkrai|Darkrai|100/100
|turn|12
|
|t:|1759034843
|move|p2a: Darkrai|Knock Off|p1a: World Champ
|-resisted|p1a: World Champ
|-damage|p1a: World Champ|71/100
|-enditem|p1a: World Champ|Heavy-Duty Boots|[from] move: Knock Off|[of] p2a: Darkrai
|move|p1a: World Champ|Parting Shot|p2a: Darkrai
|-unboost|p2a: Darkrai|atk|1
|-unboost|p2a: Darkrai|spa|1
|
|t:|1759034849
|switch|p1a: Horned Up Big Dawg|Great Tusk|100/100|[from] Parting Shot
|
|upkeep
|turn|13
|
|t:|1759034857
|move|p2a: Darkrai|Ice Beam|p1a: Horned Up Big Dawg
|-supereffective|p1a: Horned Up Big Dawg
|-damage|p1a: Horned Up Big Dawg|30/100
|move|p1a: Horned Up Big Dawg|Rapid Spin|p2a: Darkrai
|-damage|p2a: Darkrai|75/100
|-boost|p1a: Horned Up Big Dawg|spe|1
|-sideend|p1: sus skibidi|Spikes|[from] move: Rapid Spin|[of] p1a: Horned Up Big Dawg
|
|upkeep
|turn|14
|
|t:|1759034869
|switch|p2a: Moltres|Moltres|100/100
|move|p1a: Horned Up Big Dawg|Headlong Rush|p2a: Moltres
|-immune|p2a: Moltres
|
|upkeep
|turn|15
|
|t:|1759034877
|move|p1a: Horned Up Big Dawg|Stealth Rock|p2a: Moltres
|-sidestart|p2: Panther56|move: Stealth Rock
|move|p2a: Moltres|U-turn|p1a: Horned Up Big Dawg
|-resisted|p1a: Horned Up Big Dawg
|-damage|p1a: Horned Up Big Dawg|25/100
|
|t:|1759034881
|switch|p2a: Tinkaton|Tinkaton, F|100/100|[from] U-turn
|-damage|p2a: Tinkaton|94/100|[from] Stealth Rock
|-ability|p2a: Tinkaton|Mold Breaker
|-item|p2a: Tinkaton|Air Balloon
|
|upkeep
|turn|16
|
|t:|1759034900
|move|p1a: Horned Up Big Dawg|Rapid Spin|p2a: Tinkaton
|-resisted|p2a: Tinkaton
|-damage|p2a: Tinkaton|84/100
|-boost|p1a: Horned Up Big Dawg|spe|1
|-enditem|p2a: Tinkaton|Air Balloon
|move|p2a: Tinkaton|Stealth Rock|p1a: Horned Up Big Dawg
|-sidestart|p1: sus skibidi|move: Stealth Rock
|
|upkeep
|turn|17
|
|t:|1759034913
|move|p1a: Horned Up Big Dawg|Rapid Spin|p2a: Tinkaton
|-resisted|p2a: Tinkaton
|-damage|p2a: Tinkaton|73/100
|-boost|p1a: Horned Up Big Dawg|spe|1
|-sideend|p1: sus skibidi|Stealth Rock|[from] move: Rapid Spin|[of] p1a: Horned Up Big Dawg
|move|p2a: Tinkaton|Gigaton Hammer|p1a: Horned Up Big Dawg
|-damage|p1a: Horned Up Big Dawg|0 fnt
|faint|p1a: Horned Up Big Dawg
|-end|p1a: Horned Up Big Dawg|Protosynthesis|[silent]
|
|upkeep
|inactive|sus skibidi has 120 seconds left.
|
|t:|1759034944
|switch|p1a: World Champ|Incineroar, F|71/100
|-ability|p1a: World Champ|Intimidate|boost
|-unboost|p2a: Tinkaton|atk|1
|turn|18
|
|t:|1759034950
|move|p2a: Tinkaton|Stealth Rock|p1a: World Champ
|-sidestart|p1: sus skibidi|move: Stealth Rock
|move|p1a: World Champ|Flare Blitz|p2a: Tinkaton
|-supereffective|p2a: Tinkaton
|-damage|p2a: Tinkaton|0 fnt
|faint|p2a: Tinkaton
|-damage|p1a: World Champ|48/100|[from] Recoil
|
|upkeep
|
|t:|1759034958
|switch|p2a: Zamazenta|Zamazenta|100/100
|-ability|p2a: Zamazenta|Dauntless Shield|boost
|-boost|p2a: Zamazenta|def|1
|turn|19
|
|t:|1759034970
|move|p2a: Zamazenta|Close Combat|p1a: World Champ
|-supereffective|p1a: World Champ
|-damage|p1a: World Champ|0 fnt
|-unboost|p2a: Zamazenta|def|1
|-unboost|p2a: Zamazenta|spd|1
|faint|p1a: World Champ
|
|upkeep
|
|t:|1759034977
|switch|p1a: Black MiRer|Gholdengo|67/100
|turn|20
|
|t:|1759034988
|switch|p2a: Moltres|Moltres|100/100
|move|p1a: Black MiRer|Recover|p1a: Black MiRer
|-heal|p1a: Black MiRer|100/100
|
|upkeep
|turn|21
|
|t:|1759034994
|switch|p1a: Get|Ogerpon-Cornerstone, F|100/100
|-damage|p1a: Get|88/100|[from] Stealth Rock
|move|p2a: Moltres|Flamethrower|p1a: Get
|-damage|p1a: Get|48/100
|
|upkeep
|turn|22
|inactive|Panther56 has 120 seconds left.
|
|t:|1759035030
|switch|p2a: Zamazenta|Zamazenta|100/100
|move|p1a: Get|Ivy Cudgel|p2a: Zamazenta|[anim] Ivy Cudgel Rock
|-resisted|p2a: Zamazenta
|-damage|p2a: Zamazenta|71/100
|
|upkeep
|turn|23
|inactive|Panther56 has 120 seconds left.
|
|t:|1759035044
|move|p2a: Zamazenta|Ice Fang|p1a: Get
|-supereffective|p1a: Get
|-damage|p1a: Get|0 fnt
|faint|p1a: Get
|
|upkeep
|
|t:|1759035047
|switch|p1a: Flying-type|Clefable, F|100/100
|turn|24
|inactive|sus skibidi has 120 seconds left.
|
|t:|1759035068
|switch|p2a: Moltres|Moltres|100/100
|move|p1a: Flying-type|Moonblast|p2a: Moltres
|-resisted|p2a: Moltres
|-damage|p2a: Moltres|85/100
|
|upkeep
|turn|25
|
|t:|1759035076
|move|p2a: Moltres|Flamethrower|p1a: Flying-type
|-damage|p1a: Flying-type|64/100
|move|p1a: Flying-type|Calm Mind|p1a: Flying-type
|-boost|p1a: Flying-type|spa|1
|-boost|p1a: Flying-type|spd|1
|
|upkeep
|turn|26
|
|t:|1759035082
|move|p1a: Flying-type|Knock Off|p2a: Moltres
|-damage|p2a: Moltres|74/100
|-enditem|p2a: Moltres|Heavy-Duty Boots|[from] move: Knock Off|[of] p1a: Flying-type
|move|p2a: Moltres|Roar|p1a: Flying-type
|drag|p1a: Dragonite|Dragonite, F|100/100
|
|upkeep
|turn|27
|
|t:|1759035095
|move|p1a: Dragonite|Dragon Dance|p1a: Dragonite
|-boost|p1a: Dragonite|atk|1
|-boost|p1a: Dragonite|spe|1
|move|p2a: Moltres|Roar|p1a: Dragonite
|drag|p1a: Black MiRer|Gholdengo|100/100
|
|upkeep
|turn|28
|
|t:|1759035102
|switch|p1a: Dragonite|Dragonite, F|100/100
|move|p2a: Moltres|Flamethrower|p1a: Dragonite
|-resisted|p1a: Dragonite
|-damage|p1a: Dragonite|90/100
|
|upkeep
|turn|29
|
|t:|1759035110
|move|p1a: Dragonite|Roost|p1a: Dragonite
|-heal|p1a: Dragonite|100/100
|-singleturn|p1a: Dragonite|move: Roost
|move|p2a: Moltres|U-turn|p1a: Dragonite
|-crit|p1a: Dragonite
|-damage|p1a: Dragonite|87/100
|
|t:|1759035113
|switch|p2a: Zamazenta|Zamazenta|71/100|[from] U-turn
|
|upkeep
|turn|30
|
|t:|1759035120
|switch|p1a: Black MiRer|Gholdengo|100/100
|move|p2a: Zamazenta|Ice Fang|p1a: Black MiRer
|-resisted|p1a: Black MiRer
|-damage|p1a: Black MiRer|93/100
|
|upkeep
|turn|31
|
|t:|1759035129
|-terastallize|p2a: Zamazenta|Fire
|move|p2a: Zamazenta|Crunch|p1a: Black MiRer
|-supereffective|p1a: Black MiRer
|-damage|p1a: Black MiRer|58/100
|-unboost|p1a: Black MiRer|def|1
|move|p1a: Black MiRer|Nasty Plot|p1a: Black MiRer
|-boost|p1a: Black MiRer|spa|2
|
|upkeep
|turn|32
|inactive|Panther56 has 120 seconds left.
|
|t:|1759035159
|move|p2a: Zamazenta|Crunch|p1a: Black MiRer
|-supereffective|p1a: Black MiRer
|-damage|p1a: Black MiRer|0 fnt
|faint|p1a: Black MiRer
|
|upkeep
|
|t:|1759035162
|switch|p1a: Flying-type|Clefable, F|64/100
|turn|33
|
|t:|1759035169
|switch|p2a: Moltres|Moltres|74/100
|-damage|p2a: Moltres|24/100|[from] Stealth Rock
|-terastallize|p1a: Flying-type|Poison
|move|p1a: Flying-type|Calm Mind|p1a: Flying-type
|-boost|p1a: Flying-type|spa|1
|-boost|p1a: Flying-type|spd|1
|
|upkeep
|turn|34
|
|t:|1759035177
|move|p2a: Moltres|Roost|p2a: Moltres
|-heal|p2a: Moltres|74/100
|-singleturn|p2a: Moltres|move: Roost
|move|p1a: Flying-type|Moonlight|p1a: Flying-type
|-heal|p1a: Flying-type|100/100
|
|upkeep
|turn|35
|
|t:|1759035189
|move|p1a: Flying-type|Calm Mind|p1a: Flying-type
|-boost|p1a: Flying-type|spa|1
|-boost|p1a: Flying-type|spd|1
|move|p2a: Moltres|Roar|p1a: Flying-type
|drag|p1a: Dragonite|Dragonite, F|87/100
|
|upkeep
|turn|36
|inactive|Panther56 has 120 seconds left.
|
|t:|1759035220
|move|p1a: Dragonite|Dragon Dance|p1a: Dragonite
|-boost|p1a: Dragonite|atk|1
|-boost|p1a: Dragonite|spe|1
|move|p2a: Moltres|Roost|p2a: Moltres
|-heal|p2a: Moltres|100/100
|-singleturn|p2a: Moltres|move: Roost
|
|upkeep
|turn|37
|
|t:|1759035227
|move|p1a: Dragonite|Extreme Speed|p2a: Moltres
|-damage|p2a: Moltres|70/100
|move|p2a: Moltres|Roar|p1a: Dragonite
|drag|p1a: Flying-type|Clefable, F, tera:Poison|100/100
|
|upkeep
|turn|38
|
|t:|1759035234
|switch|p1a: Dragonite|Dragonite, F|87/100
|move|p2a: Moltres|Flamethrower|p1a: Dragonite
|-resisted|p1a: Dragonite
|-crit|p1a: Dragonite
|-damage|p1a: Dragonite|57/100
|
|upkeep
|turn|39
|inactive|Panther56 has 120 seconds left.
|inactive|sus skibidi has 120 seconds left.
|
|t:|1759035271
|move|p1a: Dragonite|Dragon Dance|p1a: Dragonite
|-boost|p1a: Dragonite|atk|1
|-boost|p1a: Dragonite|spe|1
|move|p2a: Moltres|Flamethrower|p1a: Dragonite
|-resisted|p1a: Dragonite
|-damage|p1a: Dragonite|36/100
|
|upkeep
|turn|40
|
|t:|1759035278
|move|p1a: Dragonite|Extreme Speed|p2a: Moltres
|-damage|p2a: Moltres|36/100
|-status|p1a: Dragonite|brn|[from] ability: Flame Body|[of] p2a: Moltres
|move|p2a: Moltres|Roost|p2a: Moltres
|-heal|p2a: Moltres|86/100
|-singleturn|p2a: Moltres|move: Roost
|
|-damage|p1a: Dragonite|30/100 brn|[from] brn
|upkeep
|turn|41
|
|t:|1759035288
|move|p1a: Dragonite|Extreme Speed|p2a: Moltres
|-damage|p2a: Moltres|70/100
|move|p2a: Moltres|Roar|p1a: Dragonite
|drag|p1a: Flying-type|Clefable, F, tera:Poison|100/100
|
|upkeep
|turn|42
|
|t:|1759035298
|switch|p2a: Hydrapple|Hydrapple, M|100/100
|switch|p1a: Dragonite|Dragonite, F|30/100 brn
|
|-damage|p1a: Dragonite|24/100 brn|[from] brn
|upkeep
|turn|43
|
|t:|1759035304
|switch|p1a: Flying-type|Clefable, F, tera:Poison|100/100
|move|p2a: Hydrapple|Nasty Plot|p2a: Hydrapple
|-boost|p2a: Hydrapple|spa|2
|
|upkeep
|turn|44
|
|t:|1759035312
|move|p1a: Flying-type|Calm Mind|p1a: Flying-type
|-boost|p1a: Flying-type|spa|1
|-boost|p1a: Flying-type|spd|1
|move|p2a: Hydrapple|Earth Power|p1a: Flying-type
|-supereffective|p1a: Flying-type
|-damage|p1a: Flying-type|38/100
|
|upkeep
|turn|45
|
|t:|1759035319
|move|p1a: Flying-type|Moonblast|p2a: Hydrapple
|-supereffective|p2a: Hydrapple
|-damage|p2a: Hydrapple|6/100
|-unboost|p2a: Hydrapple|spa|1
|move|p2a: Hydrapple|Earth Power|p1a: Flying-type
|-supereffective|p1a: Flying-type
|-damage|p1a: Flying-type|0 fnt
|faint|p1a: Flying-type
|
|upkeep
|c|☆sus skibidi|gg
|-message|sus skibidi forfeited.
|
|win|Panther56
|raw|sus skibidi's rating: 1418 &rarr; <strong>1402</strong><br />(-16 for losing)
|raw|Panther56's rating: 1496 &rarr; <strong>1512</strong><br />(+16 for winning)
|l|☆sus skibidi
|player|p1|
|c|☆Panther56|gg
|l|☆Panther56
|player|p2|
