|j|☆Baalveer001
|j|☆fulcrumz
|t:|1759052453
|gametype|singles
|player|p1|Baalveer001|2|1077
|player|p2|fulcrumz|265|1094
|gen|9
|tier|[Gen 9] OU
|rated|
|rule|HP Percentage Mod: HP is shown in percentages
|rule|Endless Battle Clause: Forcing endless battles is banned
|rule|Species Clause: Limit one of each Pokémon
|rule|OHKO Clause: OHKO moves are banned
|rule|Evasion Items Clause: Evasion items are banned
|rule|Evasion Moves Clause: Evasion moves are banned
|rule|Evasion Abilities Clause: Evasion abilities are banned
|rule|Sleep Moves Clause: Sleep-inducing moves are banned
|clearpoke
|poke|p1|Iron Moth|
|poke|p1|Scizor, F|
|poke|p1|Enamorus, F|
|poke|p1|Latios, M|
|poke|p1|Latias, F|
|poke|p1|Rillaboom, M|
|poke|p2|Quaquaval, M|
|poke|p2|Delphox, F|
|poke|p2|Rillaboom, M|
|poke|p2|Primarina, F|
|poke|p2|Skeledirge, F|
|poke|p2|Meganium, F|
|teampreview
|
|t:|1759052460
|teamsize|p1|6
|teamsize|p2|6
|start
|switch|p1a: Enamorus|Enamorus, F|100/100
|switch|p2a: Meganium|Meganium, F|100/100
|turn|1
|
|t:|1759052467
|-terastallize|p1a: Enamorus|Steel
|move|p1a: Enamorus|Superpower|p2a: Meganium
|-damage|p2a: Meganium|71/100
|-boost|p1a: Enamorus|atk|1
|-boost|p1a: Enamorus|def|1
|move|p2a: Meganium|Leech Seed|p1a: Enamorus
|-start|p1a: Enamorus|move: Leech Seed
|
|-heal|p2a: Meganium|77/100|[from] item: Leftovers
|-damage|p1a: Enamorus|88/100|[from] Leech Seed|[of] p2a: Meganium
|-heal|p2a: Meganium|87/100|[silent]
|upkeep
|turn|2
|
|t:|1759052481
|switch|p1a: Iron Moth|Iron Moth|100/100
|-enditem|p1a: Iron Moth|Booster Energy
|-activate|p1a: Iron Moth|ability: Quark Drive|[fromitem]
|-start|p1a: Iron Moth|quarkdrivespa
|move|p2a: Meganium|Protect||[still]
|-fail|p2a: Meganium
|
|-heal|p2a: Meganium|93/100|[from] item: Leftovers
|upkeep
|turn|3
|
|t:|1759052488
|move|p1a: Iron Moth|Fiery Dance|p2a: Meganium
|-supereffective|p2a: Meganium
|-damage|p2a: Meganium|11/100
|move|p2a: Meganium|Leech Seed|p1a: Iron Moth|[miss]
|-miss|p2a: Meganium|p1a: Iron Moth
|
|-heal|p2a: Meganium|18/100|[from] item: Leftovers
|upkeep
|turn|4
|
|t:|1759052494
|move|p2a: Meganium|Protect|p2a: Meganium
|-singleturn|p2a: Meganium|Protect
|move|p1a: Iron Moth|Fiery Dance|p2a: Meganium
|-activate|p2a: Meganium|move: Protect
|
|-heal|p2a: Meganium|24/100|[from] item: Leftovers
|upkeep
|turn|5
|
|t:|1759052507
|switch|p2a: Quaquaval|Quaquaval, M|100/100
|move|p1a: Iron Moth|Fiery Dance|p2a: Quaquaval
|-resisted|p2a: Quaquaval
|-damage|p2a: Quaquaval|58/100
|
|upkeep
|turn|6
|
|t:|1759052514
|move|p1a: Iron Moth|Sludge Wave|p2a: Quaquaval
|-damage|p2a: Quaquaval|0 fnt
|faint|p2a: Quaquaval
|
|upkeep
|
|t:|1759052521
|switch|p2a: Rillaboom|Rillaboom, M|100/100
|-fieldstart|move: Grassy Terrain|[from] ability: Grassy Surge|[of] p2a: Rillaboom
|turn|7
|
|t:|1759052524
|move|p1a: Iron Moth|Fiery Dance|p2a: Rillaboom
|-supereffective|p2a: Rillaboom
|-damage|p2a: Rillaboom|0 fnt
|faint|p2a: Rillaboom
|
|upkeep
|l|☆Baalveer001
|player|p1|
|j|☆Baalveer001
|player|p1|Baalveer001|2|
|inactive|Battle timer is ON: inactive players will automatically lose when time's up. (requested by fulcrumz)
|inactive|fulcrumz has 120 seconds left.
|
|t:|1759052751
|switch|p2a: Primarina|Primarina, F|100/100
|turn|8
|
|t:|1759052779
|move|p1a: Iron Moth|Sludge Wave|p2a: Primarina
|-supereffective|p2a: Primarina
|-damage|p2a: Primarina|21/100
|move|p2a: Primarina|Hyper Voice|p1a: Iron Moth
|-supereffective|p1a: Iron Moth
|-damage|p1a: Iron Moth|0 fnt
|faint|p1a: Iron Moth
|-end|p1a: Iron Moth|Quark Drive|[silent]
|
|-heal|p2a: Primarina|27/100|[from] Grassy Terrain
|upkeep
|
|t:|1759052787
|switch|p1a: Rillaboom|Rillaboom, M|100/100
|turn|9
|inactive|fulcrumz has 120 seconds left.
|
|t:|1759052827
|-terastallize|p2a: Primarina|Fire
|move|p1a: Rillaboom|Grassy Glide|p2a: Primarina
|-resisted|p2a: Primarina
|-damage|p2a: Primarina|4/100
|move|p2a: Primarina|Tera Blast|p1a: Rillaboom|[anim] Tera Blast Fire
|-supereffective|p1a: Rillaboom
|-damage|p1a: Rillaboom|0 fnt
|faint|p1a: Rillaboom
|
|-heal|p2a: Primarina|10/100|[from] Grassy Terrain
|upkeep
|
|t:|1759052837
|switch|p1a: Enamorus|Enamorus, F, tera:Steel|88/100
|turn|10
|
|t:|1759052840
|move|p1a: Enamorus|Superpower|p2a: Primarina
|-damage|p2a: Primarina|0 fnt
|-boost|p1a: Enamorus|atk|1
|-boost|p1a: Enamorus|def|1
|faint|p2a: Primarina
|
|-heal|p1a: Enamorus|94/100|[from] Grassy Terrain
|upkeep
|
|t:|1759052844
|switch|p2a: Skeledirge|Skeledirge, F|100/100
|turn|11
|
|t:|1759052851
|move|p1a: Enamorus|Zen Headbutt|p2a: Skeledirge
|-damage|p2a: Skeledirge|80/100
|move|p2a: Skeledirge|Torch Song|p1a: Enamorus
|-supereffective|p1a: Enamorus
|-damage|p1a: Enamorus|0 fnt
|-boost|p2a: Skeledirge|spa|1
|faint|p1a: Enamorus
|
|-heal|p2a: Skeledirge|86/100|[from] Grassy Terrain
|-heal|p2a: Skeledirge|92/100|[from] item: Leftovers
|-fieldend|move: Grassy Terrain
|upkeep
|
|t:|1759052871
|switch|p1a: Latios|Latios, M|100/100
|turn|12
|
|t:|1759052876
|move|p1a: Latios|Calm Mind|p1a: Latios
|-boost|p1a: Latios|spa|1
|-boost|p1a: Latios|spd|1
|move|p2a: Skeledirge|Shadow Ball|p1a: Latios
|-supereffective|p1a: Latios
|-damage|p1a: Latios|0 fnt
|faint|p1a: Latios
|
|-heal|p2a: Skeledirge|98/100|[from] item: Leftovers
|upkeep
|
|t:|1759052883
|switch|p1a: Latias|Latias, F|100/100
|turn|13
|
|t:|1759052887
|move|p1a: Latias|Dragon Pulse|p2a: Skeledirge
|-damage|p2a: Skeledirge|63/100
|move|p2a: Skeledirge|Shadow Ball|p1a: Latias
|-supereffective|p1a: Latias
|-damage|p1a: Latias|18/100
|
|-heal|p2a: Skeledirge|69/100|[from] item: Leftovers
|upkeep
|turn|14
|
|t:|1759052892
|move|p1a: Latias|Dragon Pulse|p2a: Skeledirge
|-damage|p2a: Skeledirge|33/100
|move|p2a: Skeledirge|Shadow Ball|p1a: Latias
|-supereffective|p1a: Latias
|-damage|p1a: Latias|0 fnt
|faint|p1a: Latias
|
|-heal|p2a: Skeledirge|39/100|[from] item: Leftovers
|upkeep
|
|t:|1759052897
|switch|p1a: Scizor|Scizor, F|100/100
|turn|15
|
|t:|1759052900
|move|p1a: Scizor|Bullet Punch|p2a: Skeledirge
|-resisted|p2a: Skeledirge
|-damage|p2a: Skeledirge|25/100
|move|p2a: Skeledirge|Torch Song|p1a: Scizor
|-supereffective|p1a: Scizor
|-damage|p1a: Scizor|0 fnt
|-boost|p2a: Skeledirge|spa|1
|faint|p1a: Scizor
|
|win|fulcrumz
|raw|Baalveer001's rating: 1077 &rarr; <strong>1057</strong><br />(-20 for losing)
|raw|fulcrumz's rating: 1105 &rarr; <strong>1128</strong><br />(+23 for winning)
|l|☆Baalveer001
|player|p1|
|l|☆fulcrumz
|player|p2|
