|j|☆Faisha7
|j|☆Gappy-kun
|t:|1758947645
|gametype|singles
|player|p1|Faisha7|youngster-gen4dp|1325
|player|p2|Gappy-kun|2|1260
|gen|9
|tier|[Gen 9] OU
|rated|
|rule|HP Percentage Mod: HP is shown in percentages
|rule|Endless Battle Clause: Forcing endless battles is banned
|rule|Species Clause: Limit one of each Pokémon
|rule|OHKO Clause: OHKO moves are banned
|rule|Evasion Items Clause: Evasion items are banned
|rule|Evasion Moves Clause: Evasion moves are banned
|rule|Evasion Abilities Clause: Evasion abilities are banned
|rule|Sleep Moves Clause: Sleep-inducing moves are banned
|clearpoke
|poke|p1|Torkoal, M|
|poke|p1|Walking Wake|
|poke|p1|Great Tusk|
|poke|p1|Ceruledge, F|
|poke|p1|Hatterene, F|
|poke|p1|Corviknight, M|
|poke|p2|Lokix, F|
|poke|p2|Galvantula, F|
|poke|p2|Zoroark-Hisui, M|
|poke|p2|Glimmora, M|
|poke|p2|Garganacl, F|
|poke|p2|Hatterene, F|
|teampreview
|inactive|Battle timer is ON: inactive players will automatically lose when time's up. (requested by Faisha7)
|inactive|Gappy-kun has 120 seconds left.
|inactive|Gappy-kun has 90 seconds left.
|
|t:|1758947722
|teamsize|p1|6
|teamsize|p2|6
|start
|switch|p1a: Torkoal|Torkoal, M|100/100
|switch|p2a: SPÖDER|Galvantula, F|100/100
|-weather|SunnyDay|[from] ability: Drought|[of] p1a: Torkoal
|turn|1
|
|t:|1758947728
|switch|p1a: Hatterene|Hatterene, F|100/100
|move|p2a: SPÖDER|Thunder|p1a: Hatterene
|-damage|p1a: Hatterene|59/100
|
|-weather|SunnyDay|[upkeep]
|-heal|p1a: Hatterene|65/100|[from] item: Leftovers
|upkeep
|turn|2
|
|t:|1758947746
|move|p2a: SPÖDER|Thunder|p1a: Hatterene
|-damage|p1a: Hatterene|20/100
|-status|p1a: Hatterene|par
|move|p1a: Hatterene|Draining Kiss|p2a: SPÖDER
|-damage|p2a: SPÖDER|48/100
|-heal|p1a: Hatterene|55/100 par|[from] drain|[of] p2a: SPÖDER
|
|-weather|SunnyDay|[upkeep]
|-heal|p1a: Hatterene|61/100 par|[from] item: Leftovers
|upkeep
|turn|3
|
|t:|1758947765
|switch|p1a: Great Tusk|Great Tusk|100/100
|-activate|p1a: Great Tusk|ability: Protosynthesis
|-start|p1a: Great Tusk|protosynthesisatk
|move|p2a: SPÖDER|Volt Switch|p1a: Great Tusk
|-immune|p1a: Great Tusk
|
|-weather|SunnyDay|[upkeep]
|upkeep
|turn|4
|inactive|Gappy-kun has 120 seconds left.
|
|t:|1758947795
|move|p2a: SPÖDER|Sticky Web|p1a: Great Tusk
|-sidestart|p1: Faisha7|move: Sticky Web
|move|p1a: Great Tusk|Rapid Spin|p2a: SPÖDER
|-damage|p2a: SPÖDER|0 fnt
|-boost|p1a: Great Tusk|spe|1
|-sideend|p1: Faisha7|Sticky Web|[from] move: Rapid Spin|[of] p1a: Great Tusk
|faint|p2a: SPÖDER
|
|-weather|SunnyDay|[upkeep]
|upkeep
|inactive|Gappy-kun has 120 seconds left.
|
|t:|1758947801
|switch|p2a: HAZARD|Glimmora, M|100/100
|turn|5
|
|t:|1758947808
|move|p1a: Great Tusk|Earthquake|p2a: HAZARD
|-supereffective|p2a: HAZARD
|-enditem|p2a: HAZARD|Focus Sash
|-damage|p2a: HAZARD|1/100
|-activate|p2a: HAZARD|ability: Toxic Debris
|-sidestart|p1: Faisha7|move: Toxic Spikes
|move|p2a: HAZARD|Mortal Spin|p1a: Great Tusk
|-resisted|p1a: Great Tusk
|-damage|p1a: Great Tusk|98/100
|-status|p1a: Great Tusk|psn
|
|-weather|SunnyDay|[upkeep]
|-damage|p1a: Great Tusk|86/100 psn|[from] psn
|upkeep
|turn|6
|inactive|Gappy-kun has 120 seconds left.
|
|t:|1758947849
|move|p1a: Great Tusk|Knock Off|p2a: HAZARD
|-damage|p2a: HAZARD|0 fnt
|-activate|p2a: HAZARD|ability: Toxic Debris
|-sidestart|p1: Faisha7|move: Toxic Spikes
|faint|p2a: HAZARD
|
|-weather|SunnyDay|[upkeep]
|-damage|p1a: Great Tusk|74/100 psn|[from] psn
|upkeep
|
|t:|1758947854
|switch|p2a: KONKEYDONG|Garganacl, F|100/100
|turn|7
|
|t:|1758947861
|move|p1a: Great Tusk|Rapid Spin|p2a: KONKEYDONG
|-immune|p2a: KONKEYDONG
|move|p2a: KONKEYDONG|Hyper Voice|p1a: Great Tusk
|-damage|p1a: Great Tusk|17/100 psn
|-damage|p2a: KONKEYDONG|91/100|[from] item: Life Orb
|
|-weather|SunnyDay|[upkeep]
|-damage|p1a: Great Tusk|4/100 psn|[from] psn
|upkeep
|turn|8
|inactive|Gappy-kun has 120 seconds left.
|inactive|Gappy-kun has 90 seconds left.
|
|t:|1758947899
|move|p1a: Great Tusk|Knock Off|p2a: KONKEYDONG
|-supereffective|p2a: KONKEYDONG
|-damage|p2a: KONKEYDONG|0 fnt
|replace|p2a: MAD DAWG|Zoroark-Hisui, M
|-end|p2a: MAD DAWG|Illusion
|-enditem|p2a: MAD DAWG|Life Orb|[from] move: Knock Off|[of] p1a: Great Tusk
|faint|p2a: MAD DAWG
|
|-weather|none
|-end|p1a: Great Tusk|Protosynthesis
|-damage|p1a: Great Tusk|0 fnt|[from] psn
|faint|p1a: Great Tusk
|-end|p1a: Great Tusk|Protosynthesis|[silent]
|upkeep
|inactive|Gappy-kun has 90 seconds left.
|
|t:|1758947911
|switch|p2a: KONKEYDONG|Garganacl, F|100/100
|switch|p1a: Hatterene|Hatterene, F|61/100 par
|turn|9
|
|t:|1758947916
|move|p2a: KONKEYDONG|Salt Cure|p1a: Hatterene
|-damage|p1a: Hatterene|46/100 par
|-start|p1a: Hatterene|Salt Cure
|cant|p1a: Hatterene|par
|
|-heal|p1a: Hatterene|52/100 par|[from] item: Leftovers
|-damage|p1a: Hatterene|40/100 par|[from] Salt Cure
|upkeep
|turn|10
|
|t:|1758947922
|move|p2a: KONKEYDONG|Sandstorm|p2a: KONKEYDONG
|-weather|Sandstorm
|move|p1a: Hatterene|Psychic Noise|p2a: KONKEYDONG
|-damage|p2a: KONKEYDONG|77/100
|-start|p2a: KONKEYDONG|move: Heal Block
|
|-weather|Sandstorm|[upkeep]
|-damage|p1a: Hatterene|34/100 par|[from] Sandstorm
|-heal|p1a: Hatterene|40/100 par|[from] item: Leftovers
|-damage|p1a: Hatterene|28/100 par|[from] Salt Cure
|upkeep
|turn|11
|
|t:|1758947927
|switch|p1a: Torkoal|Torkoal, M|100/100
|-status|p1a: Torkoal|tox
|-weather|SunnyDay|[from] ability: Drought|[of] p1a: Torkoal
|move|p2a: KONKEYDONG|Salt Cure|p1a: Torkoal
|-supereffective|p1a: Torkoal
|-damage|p1a: Torkoal|83/100 tox
|-start|p1a: Torkoal|Salt Cure
|
|-weather|SunnyDay|[upkeep]
|-damage|p1a: Torkoal|77/100 tox|[from] psn
|-damage|p1a: Torkoal|64/100 tox|[from] Salt Cure
|-end|p2a: KONKEYDONG|move: Heal Block
|upkeep
|turn|12
|
|t:|1758947930
|move|p2a: KONKEYDONG|Sandstorm|p2a: KONKEYDONG
|-weather|Sandstorm
|move|p1a: Torkoal|Stealth Rock|p2a: KONKEYDONG
|-sidestart|p2: Gappy-kun|move: Stealth Rock
|
|-weather|Sandstorm|[upkeep]
|-damage|p1a: Torkoal|58/100 tox|[from] Sandstorm
|-heal|p2a: KONKEYDONG|83/100|[from] item: Leftovers
|-damage|p1a: Torkoal|46/100 tox|[from] psn
|-damage|p1a: Torkoal|34/100 tox|[from] Salt Cure
|upkeep
|turn|13
|
|t:|1758947934
|switch|p1a: Hatterene|Hatterene, F|28/100 par
|move|p2a: KONKEYDONG|Salt Cure|p1a: Hatterene
|-damage|p1a: Hatterene|11/100 par
|-start|p1a: Hatterene|Salt Cure
|
|-weather|Sandstorm|[upkeep]
|-damage|p1a: Hatterene|5/100 par|[from] Sandstorm
|-heal|p2a: KONKEYDONG|89/100|[from] item: Leftovers
|-heal|p1a: Hatterene|11/100 par|[from] item: Leftovers
|-damage|p1a: Hatterene|0 fnt|[from] Salt Cure
|faint|p1a: Hatterene
|upkeep
|
|t:|1758947942
|switch|p1a: Walking Wake|Walking Wake|100/100
|-status|p1a: Walking Wake|tox
|turn|14
|
|t:|1758947960
|-terastallize|p1a: Walking Wake|Water
|move|p1a: Walking Wake|Hydro Pump|p2a: KONKEYDONG
|-supereffective|p2a: KONKEYDONG
|-crit|p2a: KONKEYDONG
|-damage|p2a: KONKEYDONG|0 fnt
|faint|p2a: KONKEYDONG
|
|-weather|Sandstorm|[upkeep]
|-damage|p1a: Walking Wake|94/100 tox|[from] Sandstorm
|-damage|p1a: Walking Wake|88/100 tox|[from] psn
|upkeep
|
|t:|1758947966
|switch|p2a: BIGHAT|Hatterene, F|100/100
|-damage|p2a: BIGHAT|88/100|[from] Stealth Rock
|turn|15
|
|t:|1758947971
|move|p1a: Walking Wake|Hydro Pump|p2a: BIGHAT|[miss]
|-miss|p1a: Walking Wake|p2a: BIGHAT
|move|p2a: BIGHAT|Calm Mind|p2a: BIGHAT
|-boost|p2a: BIGHAT|spa|1
|-boost|p2a: BIGHAT|spd|1
|
|-weather|Sandstorm|[upkeep]
|-damage|p1a: Walking Wake|82/100 tox|[from] Sandstorm
|-damage|p2a: BIGHAT|82/100|[from] Sandstorm
|-heal|p2a: BIGHAT|88/100|[from] item: Leftovers
|-damage|p1a: Walking Wake|70/100 tox|[from] psn
|upkeep
|turn|16
|
|t:|1758947976
|move|p1a: Walking Wake|Hydro Pump|p2a: BIGHAT
|-damage|p2a: BIGHAT|12/100
|move|p2a: BIGHAT|Future Sight|p1a: Walking Wake
|-start|p2a: BIGHAT|move: Future Sight
|
|-weather|none
|-heal|p2a: BIGHAT|18/100|[from] item: Leftovers
|-damage|p1a: Walking Wake|51/100 tox|[from] psn
|upkeep
|turn|17
|
|t:|1758947979
|-end|p1a: Walking Wake|Protosynthesis|[silent]
|switch|p1a: Torkoal|Torkoal, M|34/100 tox
|-weather|SunnyDay|[from] ability: Drought|[of] p1a: Torkoal
|move|p2a: BIGHAT|Draining Kiss|p1a: Torkoal
|-resisted|p1a: Torkoal
|-damage|p1a: Torkoal|5/100 tox
|-heal|p2a: BIGHAT|41/100|[from] drain|[of] p1a: Torkoal
|
|-weather|SunnyDay|[upkeep]
|-heal|p2a: BIGHAT|47/100|[from] item: Leftovers
|-damage|p1a: Torkoal|0 fnt|[from] psn
|faint|p1a: Torkoal
|upkeep
|
|t:|1758947982
|switch|p1a: Ceruledge|Ceruledge, F|100/100
|-status|p1a: Ceruledge|tox
|turn|18
|
|t:|1758947987
|move|p1a: Ceruledge|Bitter Blade|p2a: BIGHAT
|-damage|p2a: BIGHAT|0 fnt
|faint|p2a: BIGHAT
|
|-weather|SunnyDay|[upkeep]
|-end|p1a: Ceruledge|move: Future Sight
|-damage|p1a: Ceruledge|16/100 tox
|-damage|p1a: Ceruledge|10/100 tox|[from] psn
|upkeep
|
|t:|1758947990
|switch|p2a: BABABOOEY|Lokix, F|100/100
|turn|19
|
|t:|1758947994
|move|p2a: BABABOOEY|First Impression|p1a: Ceruledge
|-resisted|p1a: Ceruledge
|-damage|p1a: Ceruledge|0 fnt
|faint|p1a: Ceruledge
|
|-weather|SunnyDay|[upkeep]
|upkeep
|
|t:|1758947996
|switch|p1a: Corviknight|Corviknight, M|100/100
|-ability|p1a: Corviknight|Pressure
|turn|20
|
|t:|1758948000
|move|p2a: BABABOOEY|Knock Off|p1a: Corviknight
|-damage|p1a: Corviknight|62/100
|-enditem|p1a: Corviknight|Heavy-Duty Boots|[from] move: Knock Off|[of] p2a: BABABOOEY
|move|p1a: Corviknight|Iron Defense|p1a: Corviknight
|-boost|p1a: Corviknight|def|2
|
|-weather|SunnyDay|[upkeep]
|upkeep
|turn|21
|-message|Gappy-kun forfeited.
|
|win|Faisha7
|raw|Faisha7's rating: 1342 &rarr; <strong>1357</strong><br />(+15 for winning)
|raw|Gappy-kun's rating: 1260 &rarr; <strong>1241</strong><br />(-19 for losing)
|l|☆Gappy-kun
|player|p2|
|l|☆Faisha7
|player|p1|
|j|☆Faisha7
|player|p1|Faisha7|youngster-gen4dp|
|l|☆Faisha7
|player|p1|
