|j|☆Blank_Playe_pract
|j|☆Nandu-17
|t:|1758957634
|gametype|singles
|player|p1|Blank_Playe_pract|265|1477
|player|p2|Nandu-17|169|1473
|gen|9
|tier|[Gen 9] OU
|rated|
|rule|HP Percentage Mod: HP is shown in percentages
|rule|Endless Battle Clause: Forcing endless battles is banned
|rule|Species Clause: Limit one of each Pokémon
|rule|OHKO Clause: OHKO moves are banned
|rule|Evasion Items Clause: Evasion items are banned
|rule|Evasion Moves Clause: Evasion moves are banned
|rule|Evasion Abilities Clause: Evasion abilities are banned
|rule|Sleep Moves Clause: Sleep-inducing moves are banned
|clearpoke
|poke|p1|Iron Valiant|
|poke|p1|Keldeo-Resolute|
|poke|p1|Iron Treads|
|poke|p1|Moltres|
|poke|p1|Sinistcha|
|poke|p1|Slowking-Galar, M|
|poke|p2|Ting-Lu|
|poke|p2|Dragonite, M|
|poke|p2|Great Tusk|
|poke|p2|Sinistcha|
|poke|p2|Blissey, F|
|poke|p2|Iron Crown|
|teampreview
|inactive|Battle timer is ON: inactive players will automatically lose when time's up. (requested by Blank_Playe_pract)
|
|t:|1758957646
|teamsize|p1|6
|teamsize|p2|6
|start
|switch|p1a: Iron Valiant|Iron Valiant|100/100
|switch|p2a: Ting-Lu|Ting-Lu|100/100
|-ability|p2a: Ting-Lu|Vessel of Ruin
|-enditem|p1a: Iron Valiant|Booster Energy
|-activate|p1a: Iron Valiant|ability: Quark Drive|[fromitem]
|-start|p1a: Iron Valiant|quarkdrivespe
|turn|1
|
|t:|1758957652
|move|p1a: Iron Valiant|Moonblast|p2a: Ting-Lu
|-supereffective|p2a: Ting-Lu
|-damage|p2a: Ting-Lu|57/100
|move|p2a: Ting-Lu|Stealth Rock|p1a: Iron Valiant
|-sidestart|p1: Blank_Playe_pract|move: Stealth Rock
|
|-heal|p2a: Ting-Lu|64/100|[from] item: Leftovers
|upkeep
|turn|2
|
|t:|1758957656
|move|p1a: Iron Valiant|Close Combat|p2a: Ting-Lu
|-supereffective|p2a: Ting-Lu
|-damage|p2a: Ting-Lu|10/100
|-unboost|p1a: Iron Valiant|def|1
|-unboost|p1a: Iron Valiant|spd|1
|move|p2a: Ting-Lu|Whirlwind|p1a: Iron Valiant
|-end|p1a: Iron Valiant|Quark Drive|[silent]
|drag|p1a: Moltres|Moltres|100/100
|
|-heal|p2a: Ting-Lu|16/100|[from] item: Leftovers
|upkeep
|turn|3
|
|t:|1758957668
|switch|p2a: Blissey|Blissey, F|100/100
|move|p1a: Moltres|U-turn|p2a: Blissey
|-damage|p2a: Blissey|71/100
|
|t:|1758957673
|switch|p1a: Iron Treads|Iron Treads|100/100|[from] U-turn
|-damage|p1a: Iron Treads|97/100|[from] Stealth Rock
|
|-heal|p1a: Iron Treads|100/100|[from] item: Leftovers
|upkeep
|turn|4
|
|t:|1758957678
|switch|p2a: Sinistcha|Sinistcha|100/100
|move|p1a: Iron Treads|Stealth Rock|p2a: Sinistcha
|-sidestart|p2: Nandu-17|move: Stealth Rock
|
|upkeep
|turn|5
|
|t:|1758957683
|-end|p1a: Iron Treads|Quark Drive|[silent]
|switch|p1a: Moltres|Moltres|100/100
|move|p2a: Sinistcha|Calm Mind|p2a: Sinistcha
|-boost|p2a: Sinistcha|spa|1
|-boost|p2a: Sinistcha|spd|1
|
|upkeep
|turn|6
|
|t:|1758957687
|move|p2a: Sinistcha|Calm Mind|p2a: Sinistcha
|-boost|p2a: Sinistcha|spa|1
|-boost|p2a: Sinistcha|spd|1
|move|p1a: Moltres|Roar|p2a: Sinistcha
|drag|p2a: Blissey|Blissey, F|71/100
|
|upkeep
|turn|7
|
|t:|1758957697
|move|p1a: Moltres|U-turn|p2a: Blissey
|-damage|p2a: Blissey|41/100
|
|t:|1758957701
|switch|p1a: Iron Treads|Iron Treads|100/100|[from] U-turn
|-damage|p1a: Iron Treads|97/100|[from] Stealth Rock
|move|p2a: Blissey|Soft-Boiled|p2a: Blissey
|-heal|p2a: Blissey|91/100
|
|-heal|p1a: Iron Treads|100/100|[from] item: Leftovers
|upkeep
|turn|8
|
|t:|1758957708
|switch|p2a: Sinistcha|Sinistcha|100/100
|-damage|p2a: Sinistcha|88/100|[from] Stealth Rock
|move|p1a: Iron Treads|Knock Off|p2a: Sinistcha
|-supereffective|p2a: Sinistcha
|-damage|p2a: Sinistcha|57/100
|-enditem|p2a: Sinistcha|Leftovers|[from] move: Knock Off|[of] p1a: Iron Treads
|
|upkeep
|turn|9
|
|t:|1758957714
|-end|p1a: Iron Treads|Quark Drive|[silent]
|switch|p1a: Slowking|Slowking-Galar, M|100/100
|move|p2a: Sinistcha|Strength Sap|p1a: Slowking
|-unboost|p1a: Slowking|atk|1
|-heal|p2a: Sinistcha|96/100
|
|upkeep
|turn|10
|
|t:|1758957720
|switch|p2a: Great Tusk|Great Tusk|100/100
|move|p1a: Slowking|Future Sight|p2a: Great Tusk
|-start|p1a: Slowking|move: Future Sight
|
|upkeep
|turn|11
|
|t:|1758957726
|switch|p1a: Sinistcha|Sinistcha|100/100
|-damage|p1a: Sinistcha|88/100|[from] Stealth Rock
|move|p2a: Great Tusk|Knock Off|p1a: Sinistcha
|-supereffective|p1a: Sinistcha
|-damage|p1a: Sinistcha|37/100
|-enditem|p1a: Sinistcha|Leftovers|[from] move: Knock Off|[of] p2a: Great Tusk
|
|upkeep
|turn|12
|
|t:|1758957733
|-terastallize|p1a: Sinistcha|Poison
|move|p2a: Great Tusk|Ice Spinner|p1a: Sinistcha
|-damage|p1a: Sinistcha|19/100
|move|p1a: Sinistcha|Matcha Gotcha|p2a: Great Tusk
|-supereffective|p2a: Great Tusk
|-damage|p2a: Great Tusk|9/100
|-heal|p1a: Sinistcha|68/100|[from] drain|[of] p2a: Great Tusk
|
|-end|p2a: Great Tusk|move: Future Sight
|-supereffective|p2a: Great Tusk
|-damage|p2a: Great Tusk|0 fnt
|faint|p2a: Great Tusk
|-end|p2a: Great Tusk|Protosynthesis|[silent]
|upkeep
|
|t:|1758957746
|switch|p2a: Iron Crown|Iron Crown|100/100
|-damage|p2a: Iron Crown|94/100|[from] Stealth Rock
|turn|13
|
|t:|1758957751
|switch|p1a: Iron Treads|Iron Treads|100/100
|-damage|p1a: Iron Treads|97/100|[from] Stealth Rock
|move|p2a: Iron Crown|Volt Switch|p1a: Iron Treads
|-immune|p1a: Iron Treads
|
|-heal|p1a: Iron Treads|100/100|[from] item: Leftovers
|upkeep
|turn|14
|
|t:|1758957763
|-end|p2a: Iron Crown|Quark Drive|[silent]
|switch|p2a: Sinistcha|Sinistcha|96/100
|-damage|p2a: Sinistcha|84/100|[from] Stealth Rock
|-end|p1a: Iron Treads|Quark Drive|[silent]
|switch|p1a: Slowking|Slowking-Galar, M|100/100
|
|upkeep
|turn|15
|
|t:|1758957772
|switch|p2a: Ting-Lu|Ting-Lu|16/100
|-damage|p2a: Ting-Lu|10/100|[from] Stealth Rock
|-ability|p2a: Ting-Lu|Vessel of Ruin
|move|p1a: Slowking|Future Sight|p2a: Ting-Lu
|-start|p1a: Slowking|move: Future Sight
|
|-heal|p2a: Ting-Lu|16/100|[from] item: Leftovers
|upkeep
|turn|16
|
|t:|1758957779
|switch|p1a: Sinistcha|Sinistcha, tera:Poison|68/100
|-damage|p1a: Sinistcha|56/100|[from] Stealth Rock
|move|p2a: Ting-Lu|Spikes|p1a: Sinistcha
|-sidestart|p1: Blank_Playe_pract|Spikes
|
|-heal|p2a: Ting-Lu|22/100|[from] item: Leftovers
|upkeep
|turn|17
|
|t:|1758957799
|move|p1a: Sinistcha|Matcha Gotcha|p2a: Ting-Lu
|-supereffective|p2a: Ting-Lu
|-damage|p2a: Ting-Lu|0 fnt
|-heal|p1a: Sinistcha|71/100|[from] drain|[of] p2a: Ting-Lu
|faint|p2a: Ting-Lu
|
|-hint|Future Sight did not hit because the target is fainted.
|upkeep
|
|t:|1758957804
|switch|p2a: Blissey|Blissey, F|91/100
|turn|18
|
|t:|1758957808
|switch|p1a: Iron Treads|Iron Treads|100/100
|-damage|p1a: Iron Treads|97/100|[from] Stealth Rock
|-damage|p1a: Iron Treads|85/100|[from] Spikes
|move|p2a: Blissey|Seismic Toss|p1a: Iron Treads
|-damage|p1a: Iron Treads|59/100
|
|-heal|p1a: Iron Treads|65/100|[from] item: Leftovers
|upkeep
|turn|19
|
|t:|1758957816
|switch|p2a: Sinistcha|Sinistcha|84/100
|-damage|p2a: Sinistcha|72/100|[from] Stealth Rock
|move|p1a: Iron Treads|Knock Off|p2a: Sinistcha
|-supereffective|p2a: Sinistcha
|-damage|p2a: Sinistcha|49/100
|
|-heal|p1a: Iron Treads|71/100|[from] item: Leftovers
|upkeep
|turn|20
|
|t:|1758957826
|-end|p1a: Iron Treads|Quark Drive|[silent]
|switch|p1a: Slowking|Slowking-Galar, M|100/100
|move|p2a: Sinistcha|Strength Sap|p1a: Slowking
|-unboost|p1a: Slowking|atk|1
|-heal|p2a: Sinistcha|88/100
|
|upkeep
|turn|21
|
|t:|1758957833
|switch|p2a: Blissey|Blissey, F|91/100
|move|p1a: Slowking|Future Sight|p2a: Blissey
|-start|p1a: Slowking|move: Future Sight
|
|upkeep
|turn|22
|
|t:|1758957841
|move|p2a: Blissey|Thunder Wave|p1a: Slowking
|-status|p1a: Slowking|par
|-prepare|p1a: Slowking|Chilly Reception|[premajor]
|cant|p1a: Slowking|par
|
|upkeep
|turn|23
|
|t:|1758957848
|move|p2a: Blissey|Seismic Toss|p1a: Slowking
|-damage|p1a: Slowking|75/100 par
|-prepare|p1a: Slowking|Chilly Reception|[premajor]
|move|p1a: Slowking|Chilly Reception|p1a: Slowking
|-weather|Snowscape
|
|t:|1758957852
|switch|p1a: Iron Valiant|Iron Valiant|100/100|[from] Chilly Reception
|-damage|p1a: Iron Valiant|94/100|[from] Stealth Rock
|-damage|p1a: Iron Valiant|82/100|[from] Spikes
|
|-weather|Snowscape|[upkeep]
|-end|p2a: Blissey|move: Future Sight
|-damage|p2a: Blissey|78/100
|upkeep
|turn|24
|
|t:|1758957863
|switch|p2a: Iron Crown|Iron Crown|94/100
|-damage|p2a: Iron Crown|88/100|[from] Stealth Rock
|move|p1a: Iron Valiant|Moonblast|p2a: Iron Crown
|-resisted|p2a: Iron Crown
|-damage|p2a: Iron Crown|69/100
|
|-weather|Snowscape|[upkeep]
|upkeep
|turn|25
|
|t:|1758957871
|move|p2a: Iron Crown|Tachyon Cutter|p1a: Iron Valiant
|-supereffective|p1a: Iron Valiant
|-damage|p1a: Iron Valiant|0 fnt
|faint|p1a: Iron Valiant
|-end|p1a: Iron Valiant|Quark Drive|[silent]
|-hitcount|p1: Iron Valiant|1
|
|-weather|Snowscape|[upkeep]
|upkeep
|
|t:|1758957880
|switch|p1a: Iron Treads|Iron Treads|71/100
|-damage|p1a: Iron Treads|68/100|[from] Stealth Rock
|-damage|p1a: Iron Treads|56/100|[from] Spikes
|turn|26
|
|t:|1758957887
|-end|p2a: Iron Crown|Quark Drive|[silent]
|switch|p2a: Sinistcha|Sinistcha|88/100
|-damage|p2a: Sinistcha|76/100|[from] Stealth Rock
|-end|p1a: Iron Treads|Quark Drive|[silent]
|switch|p1a: Moltres|Moltres|100/100
|
|-weather|Snowscape|[upkeep]
|upkeep
|turn|27
|
|t:|1758957896
|switch|p2a: Blissey|Blissey, F|78/100
|move|p1a: Moltres|Flamethrower|p2a: Blissey
|-damage|p2a: Blissey|68/100
|
|-weather|none
|upkeep
|turn|28
|
|t:|1758957901
|move|p2a: Blissey|Thunder Wave|p1a: Moltres|[miss]
|-miss|p2a: Blissey|p1a: Moltres
|move|p1a: Moltres|Roar|p2a: Blissey
|drag|p2a: Sinistcha|Sinistcha|76/100
|-damage|p2a: Sinistcha|63/100|[from] Stealth Rock
|
|upkeep
|turn|29
|
|t:|1758957906
|switch|p2a: Blissey|Blissey, F|68/100
|move|p1a: Moltres|U-turn|p2a: Blissey
|-damage|p2a: Blissey|42/100
|
|t:|1758957934
|switch|p1a: Keldeo|Keldeo-Resolute|100/100|[from] U-turn
|-damage|p1a: Keldeo|94/100|[from] Stealth Rock
|-damage|p1a: Keldeo|82/100|[from] Spikes
|
|upkeep
|turn|30
|
|t:|1758957941
|move|p1a: Keldeo|Flip Turn|p2a: Blissey
|-damage|p2a: Blissey|16/100
|
|t:|1758957945
|switch|p1a: Slowking|Slowking-Galar, M|100/100 par|[from] Flip Turn
|move|p2a: Blissey|Thunder Wave|p1a: Slowking
|-fail|p1a: Slowking|par
|
|upkeep
|turn|31
|
|t:|1758957954
|move|p2a: Blissey|Soft-Boiled|p2a: Blissey
|-heal|p2a: Blissey|66/100
|-prepare|p1a: Slowking|Chilly Reception|[premajor]
|move|p1a: Slowking|Chilly Reception|p1a: Slowking
|-weather|Snowscape
|
|t:|1758957959
|switch|p1a: Keldeo|Keldeo-Resolute|82/100|[from] Chilly Reception
|-damage|p1a: Keldeo|76/100|[from] Stealth Rock
|-damage|p1a: Keldeo|63/100|[from] Spikes
|
|-weather|Snowscape|[upkeep]
|upkeep
|turn|32
|
|t:|1758957965
|switch|p2a: Iron Crown|Iron Crown|69/100
|-damage|p2a: Iron Crown|63/100|[from] Stealth Rock
|move|p1a: Keldeo|Secret Sword|p2a: Iron Crown
|-damage|p2a: Iron Crown|0 fnt
|faint|p2a: Iron Crown
|-end|p2a: Iron Crown|Quark Drive|[silent]
|
|-weather|Snowscape|[upkeep]
|upkeep
|
|t:|1758957973
|switch|p2a: Sinistcha|Sinistcha|63/100
|-damage|p2a: Sinistcha|51/100|[from] Stealth Rock
|turn|33
|
|t:|1758957978
|switch|p1a: Moltres|Moltres|100/100
|move|p2a: Sinistcha|Strength Sap|p1a: Moltres
|-unboost|p1a: Moltres|atk|1
|-heal|p2a: Sinistcha|100/100
|
|-weather|Snowscape|[upkeep]
|upkeep
|turn|34
|
|t:|1758957986
|switch|p2a: Blissey|Blissey, F|66/100
|move|p1a: Moltres|Roar|p2a: Blissey
|drag|p2a: Dragonite|Dragonite, M|100/100
|
|-weather|Snowscape|[upkeep]
|upkeep
|turn|35
|
|t:|1758957992
|switch|p2a: Blissey|Blissey, F|66/100
|move|p1a: Moltres|Flamethrower|p2a: Blissey
|-damage|p2a: Blissey|55/100
|
|-weather|none
|upkeep
|turn|36
|
|t:|1758957999
|move|p1a: Moltres|U-turn|p2a: Blissey
|-damage|p2a: Blissey|37/100
|
|t:|1758958003
|switch|p1a: Slowking|Slowking-Galar, M|100/100 par|[from] U-turn
|move|p2a: Blissey|Thunder Wave|p1a: Slowking
|-fail|p1a: Slowking|par
|
|upkeep
|turn|37
|
|t:|1758958014
|move|p2a: Blissey|Soft-Boiled|p2a: Blissey
|-heal|p2a: Blissey|87/100
|cant|p1a: Slowking|par
|
|upkeep
|turn|38
|
|t:|1758958019
|move|p2a: Blissey|Seismic Toss|p1a: Slowking
|-damage|p1a: Slowking|75/100 par
|cant|p1a: Slowking|par
|
|upkeep
|turn|39
|
|t:|1758958029
|move|p2a: Blissey|Seismic Toss|p1a: Slowking
|-damage|p1a: Slowking|50/100 par
|-prepare|p1a: Slowking|Chilly Reception|[premajor]
|cant|p1a: Slowking|par
|
|upkeep
|turn|40
|
|t:|1758958034
|switch|p1a: Moltres|Moltres|100/100
|move|p2a: Blissey|Seismic Toss|p1a: Moltres
|-damage|p1a: Moltres|74/100
|
|upkeep
|turn|41
|
|t:|1758958043
|move|p1a: Moltres|U-turn|p2a: Blissey
|-damage|p2a: Blissey|56/100
|
|t:|1758958048
|switch|p1a: Slowking|Slowking-Galar, M|83/100 par|[from] U-turn
|move|p2a: Blissey|Thunder Wave|p1a: Slowking
|-fail|p1a: Slowking|par
|
|upkeep
|turn|42
|
|t:|1758958053
|move|p2a: Blissey|Soft-Boiled|p2a: Blissey
|-heal|p2a: Blissey|100/100
|cant|p1a: Slowking|par
|
|upkeep
|turn|43
|inactive|Blank_Playe_pract has 120 seconds left.
|
|t:|1758958092
|move|p2a: Blissey|Seismic Toss|p1a: Slowking
|-damage|p1a: Slowking|58/100 par
|move|p1a: Slowking|Future Sight|p2a: Blissey
|-start|p1a: Slowking|move: Future Sight
|
|upkeep
|turn|44
|inactive|Blank_Playe_pract has 120 seconds left.
|
|t:|1758958099
|switch|p1a: Moltres|Moltres|74/100
|move|p2a: Blissey|Seismic Toss|p1a: Moltres
|-damage|p1a: Moltres|48/100
|-status|p2a: Blissey|brn|[from] ability: Flame Body|[of] p1a: Moltres
|
|-damage|p2a: Blissey|94/100 brn|[from] brn
|upkeep
|turn|45
|
|t:|1758958103
|move|p1a: Moltres|Roost|p1a: Moltres
|-heal|p1a: Moltres|98/100
|-singleturn|p1a: Moltres|move: Roost
|move|p2a: Blissey|Thunder Wave|p1a: Moltres
|-status|p1a: Moltres|par
|
|-end|p2a: Blissey|move: Future Sight
|-damage|p2a: Blissey|82/100 brn
|-damage|p2a: Blissey|76/100 brn|[from] brn
|upkeep
|turn|46
|
|t:|1758958108
|move|p2a: Blissey|Seismic Toss|p1a: Moltres
|-damage|p1a: Moltres|72/100 par
|move|p1a: Moltres|Roost|p1a: Moltres
|-heal|p1a: Moltres|100/100 par
|-singleturn|p1a: Moltres|move: Roost
|
|-damage|p2a: Blissey|69/100 brn|[from] brn
|upkeep
|turn|47
|
|t:|1758958113
|move|p2a: Blissey|Seismic Toss|p1a: Moltres
|-damage|p1a: Moltres|74/100 par
|move|p1a: Moltres|U-turn|p2a: Blissey
|-damage|p2a: Blissey|41/100 brn
|
|t:|1758958122
|switch|p1a: Iron Treads|Iron Treads|56/100|[from] U-turn
|-damage|p1a: Iron Treads|53/100|[from] Stealth Rock
|-damage|p1a: Iron Treads|40/100|[from] Spikes
|
|-heal|p1a: Iron Treads|46/100|[from] item: Leftovers
|-damage|p2a: Blissey|35/100 brn|[from] brn
|upkeep
|turn|48
|
|t:|1758958133
|-end|p1a: Iron Treads|Quark Drive|[silent]
|switch|p1a: Moltres|Moltres|74/100 par
|-curestatus|p2a: Blissey|brn|[from] ability: Natural Cure
|switch|p2a: Sinistcha|Sinistcha|100/100
|-damage|p2a: Sinistcha|88/100|[from] Stealth Rock
|
|upkeep
|turn|49
|
|t:|1758958141
|switch|p2a: Blissey|Blissey, F|35/100
|move|p1a: Moltres|U-turn|p2a: Blissey
|-damage|p2a: Blissey|9/100
|
|t:|1758958148
|switch|p1a: Keldeo|Keldeo-Resolute|63/100|[from] U-turn
|-damage|p1a: Keldeo|57/100|[from] Stealth Rock
|-damage|p1a: Keldeo|45/100|[from] Spikes
|
|upkeep
|turn|50
|
|t:|1758958156
|move|p1a: Keldeo|Flip Turn|p2a: Blissey
|-damage|p2a: Blissey|0 fnt
|faint|p2a: Blissey
|
|t:|1758958161
|switch|p1a: Slowking|Slowking-Galar, M|91/100 par|[from] Flip Turn
|
|upkeep
|
|t:|1758958166
|switch|p2a: Dragonite|Dragonite, M|100/100
|turn|51
|
|t:|1758958173
|switch|p1a: Moltres|Moltres|74/100 par
|move|p2a: Dragonite|Earthquake|p1a: Moltres
|-immune|p1a: Moltres
|
|upkeep
|turn|52
|
|t:|1758958179
|move|p2a: Dragonite|Dragon Dance|p2a: Dragonite
|-boost|p2a: Dragonite|atk|1
|-boost|p2a: Dragonite|spe|1
|cant|p1a: Moltres|par
|
|upkeep
|turn|53
|
|t:|1758958183
|move|p2a: Dragonite|Ice Spinner|p1a: Moltres
|-damage|p1a: Moltres|42/100 par
|move|p1a: Moltres|Flamethrower|p2a: Dragonite
|-resisted|p2a: Dragonite
|-damage|p2a: Dragonite|92/100
|
|upkeep
|turn|54
|
|t:|1758958188
|move|p2a: Dragonite|Ice Spinner|p1a: Moltres
|-damage|p1a: Moltres|12/100 par
|move|p1a: Moltres|Roost|p1a: Moltres
|-heal|p1a: Moltres|62/100 par
|-singleturn|p1a: Moltres|move: Roost
|
|upkeep
|turn|55
|
|t:|1758958193
|move|p2a: Dragonite|Dragon Dance|p2a: Dragonite
|-boost|p2a: Dragonite|atk|1
|-boost|p2a: Dragonite|spe|1
|move|p1a: Moltres|Roost|p1a: Moltres
|-heal|p1a: Moltres|100/100 par
|-singleturn|p1a: Moltres|move: Roost
|
|upkeep
|turn|56
|
|t:|1758958198
|move|p2a: Dragonite|Ice Spinner|p1a: Moltres
|-damage|p1a: Moltres|61/100 par
|move|p1a: Moltres|Roar|p2a: Dragonite
|drag|p2a: Sinistcha|Sinistcha|88/100
|-damage|p2a: Sinistcha|76/100|[from] Stealth Rock
|
|upkeep
|turn|57
|
|t:|1758958205
|switch|p2a: Dragonite|Dragonite, M|92/100
|move|p1a: Moltres|Flamethrower|p2a: Dragonite
|-resisted|p2a: Dragonite
|-damage|p2a: Dragonite|75/100
|
|upkeep
|turn|58
|
|t:|1758958210
|move|p2a: Dragonite|Ice Spinner|p1a: Moltres
|-damage|p1a: Moltres|41/100 par
|move|p1a: Moltres|Roar|p2a: Dragonite
|drag|p2a: Sinistcha|Sinistcha|76/100
|-damage|p2a: Sinistcha|63/100|[from] Stealth Rock
|
|upkeep
|turn|59
|
|t:|1758958213
|move|p2a: Sinistcha|Strength Sap|p1a: Moltres
|-unboost|p1a: Moltres|atk|1
|-heal|p2a: Sinistcha|100/100
|move|p1a: Moltres|Roost|p1a: Moltres
|-heal|p1a: Moltres|91/100 par
|-singleturn|p1a: Moltres|move: Roost
|
|upkeep
|turn|60
|
|t:|1758958220
|switch|p2a: Dragonite|Dragonite, M|75/100
|move|p1a: Moltres|Flamethrower|p2a: Dragonite
|-resisted|p2a: Dragonite
|-damage|p2a: Dragonite|59/100
|
|upkeep
|turn|61
|
|t:|1758958225
|move|p2a: Dragonite|Ice Spinner|p1a: Moltres
|-damage|p1a: Moltres|70/100 par
|move|p1a: Moltres|Flamethrower|p2a: Dragonite
|-resisted|p2a: Dragonite
|-damage|p2a: Dragonite|41/100
|
|upkeep
|turn|62
|
|t:|1758958230
|move|p2a: Dragonite|Ice Spinner|p1a: Moltres
|-damage|p1a: Moltres|49/100 par
|-status|p2a: Dragonite|brn|[from] ability: Flame Body|[of] p1a: Moltres
|move|p1a: Moltres|Roar|p2a: Dragonite
|drag|p2a: Sinistcha|Sinistcha|100/100
|-damage|p2a: Sinistcha|88/100|[from] Stealth Rock
|
|upkeep
|turn|63
|
|t:|1758958238
|move|p2a: Sinistcha|Hex|p1a: Moltres
|-damage|p1a: Moltres|0 fnt
|faint|p1a: Moltres
|
|upkeep
|
|t:|1758958244
|switch|p1a: Slowking|Slowking-Galar, M|100/100 par
|turn|64
|
|t:|1758958254
|move|p2a: Sinistcha|Hex|p1a: Slowking
|-supereffective|p1a: Slowking
|-crit|p1a: Slowking
|-damage|p1a: Slowking|11/100 par
|cant|p1a: Slowking|par
|
|upkeep
|turn|65
|
|t:|1758958262
|move|p2a: Sinistcha|Hex|p1a: Slowking
|-supereffective|p1a: Slowking
|-damage|p1a: Slowking|0 fnt
|faint|p1a: Slowking
|
|upkeep
|
|t:|1758958264
|switch|p1a: Sinistcha|Sinistcha, tera:Poison|71/100
|-damage|p1a: Sinistcha|59/100|[from] Stealth Rock
|-damage|p1a: Sinistcha|46/100|[from] Spikes
|turn|66
|
|t:|1758958267
|-terastallize|p2a: Sinistcha|Poison
|move|p1a: Sinistcha|Shadow Ball|p2a: Sinistcha
|-damage|p2a: Sinistcha|52/100
|move|p2a: Sinistcha|Calm Mind|p2a: Sinistcha
|-boost|p2a: Sinistcha|spa|1
|-boost|p2a: Sinistcha|spd|1
|
|upkeep
|turn|67
|
|t:|1758958273
|move|p1a: Sinistcha|Calm Mind|p1a: Sinistcha
|-boost|p1a: Sinistcha|spa|1
|-boost|p1a: Sinistcha|spd|1
|move|p2a: Sinistcha|Hex|p1a: Sinistcha
|-damage|p1a: Sinistcha|12/100
|
|upkeep
|turn|68
|
|t:|1758958280
|move|p1a: Sinistcha|Strength Sap|p2a: Sinistcha
|-unboost|p2a: Sinistcha|atk|1
|-heal|p1a: Sinistcha|45/100
|move|p2a: Sinistcha|Strength Sap|p1a: Sinistcha
|-unboost|p1a: Sinistcha|atk|1
|-heal|p2a: Sinistcha|85/100
|
|upkeep
|turn|69
|
|t:|1758958286
|move|p2a: Sinistcha|Hex|p1a: Sinistcha
|-damage|p1a: Sinistcha|12/100
|move|p1a: Sinistcha|Matcha Gotcha|p2a: Sinistcha
|-resisted|p2a: Sinistcha
|-damage|p2a: Sinistcha|64/100
|-heal|p1a: Sinistcha|23/100|[from] drain|[of] p2a: Sinistcha
|
|upkeep
|turn|70
|
|t:|1758958294
|move|p1a: Sinistcha|Strength Sap|p2a: Sinistcha
|-unboost|p2a: Sinistcha|atk|1
|-heal|p1a: Sinistcha|44/100
|move|p2a: Sinistcha|Hex|p1a: Sinistcha
|-damage|p1a: Sinistcha|12/100
|
|upkeep
|turn|71
|
|t:|1758958307
|move|p2a: Sinistcha|Hex|p1a: Sinistcha
|-damage|p1a: Sinistcha|0 fnt
|faint|p1a: Sinistcha
|
|upkeep
|
|t:|1758958310
|switch|p1a: Iron Treads|Iron Treads|46/100
|-damage|p1a: Iron Treads|43/100|[from] Stealth Rock
|-damage|p1a: Iron Treads|31/100|[from] Spikes
|turn|72
|
|t:|1758958315
|move|p1a: Iron Treads|Earthquake|p2a: Sinistcha
|-supereffective|p2a: Sinistcha
|-crit|p2a: Sinistcha
|-damage|p2a: Sinistcha|0 fnt
|faint|p2a: Sinistcha
|
|-heal|p1a: Iron Treads|37/100|[from] item: Leftovers
|upkeep
|
|t:|1758958319
|switch|p2a: Dragonite|Dragonite, M|41/100 brn
|turn|73
|
|t:|1758958324
|move|p1a: Iron Treads|Knock Off|p2a: Dragonite
|-damage|p2a: Dragonite|17/100 brn
|-enditem|p2a: Dragonite|Heavy-Duty Boots|[from] move: Knock Off|[of] p1a: Iron Treads
|move|p2a: Dragonite|Earthquake|p1a: Iron Treads
|-supereffective|p1a: Iron Treads
|-damage|p1a: Iron Treads|8/100
|
|-heal|p1a: Iron Treads|14/100|[from] item: Leftovers
|-damage|p2a: Dragonite|11/100 brn|[from] brn
|upkeep
|turn|74
|
|t:|1758958329
|move|p2a: Dragonite|Extreme Speed|p1a: Iron Treads
|-resisted|p1a: Iron Treads
|-damage|p1a: Iron Treads|8/100
|move|p1a: Iron Treads|Rapid Spin|p2a: Dragonite
|-damage|p2a: Dragonite|0 fnt
|-boost|p1a: Iron Treads|spe|1
|-sideend|p1: Blank_Playe_pract|Spikes|[from] move: Rapid Spin|[of] p1a: Iron Treads
|-sideend|p1: Blank_Playe_pract|Stealth Rock|[from] move: Rapid Spin|[of] p1a: Iron Treads
|faint|p2a: Dragonite
|
|win|Blank_Playe_pract
|raw|Blank_Playe_pract's rating: 1477 &rarr; <strong>1497</strong><br />(+20 for winning)
|raw|Nandu-17's rating: 1473 &rarr; <strong>1453</strong><br />(-20 for losing)
|c|☆Blank_Playe_pract|ggwp
|c|☆Nandu-17|GG
|l|☆Nandu-17
|player|p2|
