|j|☆oreoelephant
|j|☆rowlet13tb
|t:|1758916330
|gametype|singles
|player|p1|oreoelephant|pokemaniac|1184
|player|p2|rowlet13tb|alder|1165
|gen|9
|tier|[Gen 9] OU
|rated|
|rule|HP Percentage Mod: HP is shown in percentages
|rule|Endless Battle Clause: Forcing endless battles is banned
|rule|Species Clause: Limit one of each Pokémon
|rule|OHKO Clause: OHKO moves are banned
|rule|Evasion Items Clause: Evasion items are banned
|rule|Evasion Moves Clause: Evasion moves are banned
|rule|Evasion Abilities Clause: Evasion abilities are banned
|rule|Sleep Moves Clause: Sleep-inducing moves are banned
|clearpoke
|poke|p1|Alomomola, M|
|poke|p1|Slowking-Galar, F|
|poke|p1|Hydrapple, F|
|poke|p1|Toxapex, M|
|poke|p1|Tornadus-Therian, M|
|poke|p1|Mienshao, M|
|poke|p2|Garganacl, F|
|poke|p2|Slowking-Galar, M|
|poke|p2|Ninetales-Alola, M|
|poke|p2|Ogerpon-Wellspring, F|
|poke|p2|Blastoise, F|
|poke|p2|Excadrill, M|
|teampreview
|
|t:|1758916344
|teamsize|p1|6
|teamsize|p2|6
|start
|switch|p1a: Toxapex|Toxapex, M|100/100
|switch|p2a: Ninetales|Ninetales-Alola, M|100/100
|-weather|Snowscape|[from] ability: Snow Warning|[of] p2a: Ninetales
|turn|1
|
|t:|1758916352
|move|p2a: Ninetales|Aurora Veil|p2a: Ninetales
|-sidestart|p2: rowlet13tb|move: Aurora Veil
|move|p1a: Toxapex|Poison Jab|p2a: Ninetales
|-supereffective|p2a: Ninetales
|-damage|p2a: Ninetales|84/100
|
|-weather|Snowscape|[upkeep]
|upkeep
|turn|2
|
|t:|1758916360
|move|p2a: Ninetales|Nasty Plot|p2a: Ninetales
|-boost|p2a: Ninetales|spa|2
|move|p1a: Toxapex|Poison Jab|p2a: Ninetales
|-supereffective|p2a: Ninetales
|-damage|p2a: Ninetales|69/100
|-status|p2a: Ninetales|psn
|
|-weather|Snowscape|[upkeep]
|-damage|p2a: Ninetales|57/100 psn|[from] psn
|upkeep
|turn|3
|
|t:|1758916371
|move|p2a: Ninetales|Freeze-Dry|p1a: Toxapex
|-supereffective|p1a: Toxapex
|-damage|p1a: Toxapex|0 fnt
|faint|p1a: Toxapex
|
|-weather|Snowscape|[upkeep]
|-damage|p2a: Ninetales|45/100 psn|[from] psn
|upkeep
|
|t:|1758916381
|switch|p1a: Mienshao|Mienshao, M|100/100
|turn|4
|
|t:|1758916390
|move|p1a: Mienshao|Drain Punch|p2a: Ninetales
|-damage|p2a: Ninetales|29/100 psn
|move|p2a: Ninetales|Draining Kiss|p1a: Mienshao
|-supereffective|p1a: Mienshao
|-damage|p1a: Mienshao|0 fnt
|-heal|p2a: Ninetales|87/100 psn|[from] drain|[of] p1a: Mienshao
|faint|p1a: Mienshao
|
|-weather|Snowscape|[upkeep]
|-damage|p2a: Ninetales|75/100 psn|[from] psn
|upkeep
|
|t:|1758916405
|switch|p1a: Slowking|Slowking-Galar, F|100/100
|turn|5
|
|t:|1758916414
|move|p2a: Ninetales|Freeze-Dry|p1a: Slowking
|-damage|p1a: Slowking|57/100
|move|p1a: Slowking|Eerie Spell|p2a: Ninetales
|-damage|p2a: Ninetales|59/100 psn
|-activate|p2a: Ninetales|move: Eerie Spell|Freeze-Dry|3
|
|-weather|none
|-heal|p1a: Slowking|63/100|[from] item: Black Sludge
|-damage|p2a: Ninetales|47/100 psn|[from] psn
|upkeep
|turn|6
|
|t:|1758916425
|move|p2a: Ninetales|Freeze-Dry|p1a: Slowking
|-damage|p1a: Slowking|18/100
|move|p1a: Slowking|Eerie Spell|p2a: Ninetales
|-damage|p2a: Ninetales|32/100 psn
|-activate|p2a: Ninetales|move: Eerie Spell|Freeze-Dry|3
|
|-heal|p1a: Slowking|24/100|[from] item: Black Sludge
|-damage|p2a: Ninetales|20/100 psn|[from] psn
|upkeep
|turn|7
|
|t:|1758916439
|switch|p1a: Alomomola|Alomomola, M|100/100
|move|p2a: Ninetales|Freeze-Dry|p1a: Alomomola
|-supereffective|p1a: Alomomola
|-damage|p1a: Alomomola|0 fnt
|faint|p1a: Alomomola
|
|-damage|p2a: Ninetales|8/100 psn|[from] psn
|upkeep
|
|t:|1758916455
|switch|p1a: Tornadus|Tornadus-Therian, M|100/100
|turn|8
|
|t:|1758916461
|move|p1a: Tornadus|Extrasensory|p2a: Ninetales
|-damage|p2a: Ninetales|0 fnt
|faint|p2a: Ninetales
|
|-sideend|p2: rowlet13tb|move: Aurora Veil
|upkeep
|
|t:|1758916470
|switch|p2a: Slowking|Slowking-Galar, M|100/100
|turn|9
|
|t:|1758916477
|move|p1a: Tornadus|Extrasensory|p2a: Slowking
|-damage|p2a: Slowking|80/100
|-prepare|p2a: Slowking|Chilly Reception|[premajor]
|move|p2a: Slowking|Chilly Reception|p2a: Slowking
|-weather|Snowscape
|
|t:|1758916486
|switch|p2a: Blastoise|Blastoise, F|100/100|[from] Chilly Reception
|
|-weather|Snowscape|[upkeep]
|upkeep
|turn|10
|
|t:|1758916492
|move|p1a: Tornadus|Hurricane|p2a: Blastoise
|-damage|p2a: Blastoise|56/100
|move|p2a: Blastoise|Shell Smash|p2a: Blastoise
|-unboost|p2a: Blastoise|def|1
|-unboost|p2a: Blastoise|spd|1
|-boost|p2a: Blastoise|atk|2
|-boost|p2a: Blastoise|spa|2
|-boost|p2a: Blastoise|spe|2
|-enditem|p2a: Blastoise|White Herb
|-clearnegativeboost|p2a: Blastoise|[silent]
|
|-weather|Snowscape|[upkeep]
|upkeep
|turn|11
|
|t:|1758916505
|move|p2a: Blastoise|Ice Beam|p1a: Tornadus
|-supereffective|p1a: Tornadus
|-damage|p1a: Tornadus|0 fnt
|faint|p1a: Tornadus
|
|-weather|Snowscape|[upkeep]
|upkeep
|
|t:|1758916511
|switch|p1a: Hydrapple|Hydrapple, F|100/100
|turn|12
|
|t:|1758916518
|-terastallize|p1a: Hydrapple|Grass
|move|p2a: Blastoise|Ice Beam|p1a: Hydrapple
|-supereffective|p1a: Hydrapple
|-damage|p1a: Hydrapple|46/100
|move|p1a: Hydrapple|Giga Drain|p2a: Blastoise
|-supereffective|p2a: Blastoise
|-damage|p2a: Blastoise|0 fnt
|-heal|p1a: Hydrapple|67/100|[from] drain|[of] p2a: Blastoise
|faint|p2a: Blastoise
|
|-weather|Snowscape|[upkeep]
|upkeep
|
|t:|1758916530
|switch|p2a: Slowking|Slowking-Galar, M|100/100
|turn|13
|
|t:|1758916535
|move|p1a: Hydrapple|Earth Power|p2a: Slowking
|-supereffective|p2a: Slowking
|-damage|p2a: Slowking|55/100
|move|p2a: Slowking|Calm Mind|p2a: Slowking
|-boost|p2a: Slowking|spa|1
|-boost|p2a: Slowking|spd|1
|
|-weather|none
|-heal|p2a: Slowking|61/100|[from] item: Black Sludge
|upkeep
|turn|14
|
|t:|1758916556
|move|p1a: Hydrapple|Fickle Beam|p2a: Slowking
|-damage|p2a: Slowking|37/100
|move|p2a: Slowking|Psychic Noise|p1a: Hydrapple
|-damage|p1a: Hydrapple|38/100
|-start|p1a: Hydrapple|move: Heal Block
|
|-heal|p2a: Slowking|43/100|[from] item: Black Sludge
|upkeep
|turn|15
|
|t:|1758916566
|move|p1a: Hydrapple|Earth Power|p2a: Slowking
|-supereffective|p2a: Slowking
|-damage|p2a: Slowking|9/100
|move|p2a: Slowking|Future Sight|p1a: Hydrapple
|-start|p2a: Slowking|move: Future Sight
|
|-heal|p2a: Slowking|15/100|[from] item: Black Sludge
|-end|p1a: Hydrapple|move: Heal Block
|upkeep
|turn|16
|
|t:|1758916576
|switch|p1a: Slowking|Slowking-Galar, F|57/100
|move|p2a: Slowking|Psychic Noise|p1a: Slowking
|-damage|p1a: Slowking|25/100
|-start|p1a: Slowking|move: Heal Block
|
|-heal|p2a: Slowking|21/100|[from] item: Black Sludge
|upkeep
|turn|17
|
|t:|1758916586
|move|p2a: Slowking|Psychic Noise|p1a: Slowking
|-damage|p1a: Slowking|0 fnt
|faint|p1a: Slowking
|
|-hint|Future Sight did not hit because the target is fainted.
|-heal|p2a: Slowking|27/100|[from] item: Black Sludge
|upkeep
|
|t:|1758916593
|switch|p1a: Hydrapple|Hydrapple, F, tera:Grass|71/100
|turn|18
|
|t:|1758916598
|move|p1a: Hydrapple|Earth Power|p2a: Slowking
|-supereffective|p2a: Slowking
|-damage|p2a: Slowking|0 fnt
|faint|p2a: Slowking
|
|upkeep
|
|t:|1758916606
|switch|p2a: Ogerpon|Ogerpon-Wellspring, F|100/100
|turn|19
|
|t:|1758916611
|move|p2a: Ogerpon|Swords Dance|p2a: Ogerpon
|-boost|p2a: Ogerpon|atk|2
|move|p1a: Hydrapple|Pollen Puff|p2a: Ogerpon
|-supereffective|p2a: Ogerpon
|-damage|p2a: Ogerpon|28/100
|
|upkeep
|turn|20
|
|t:|1758916623
|move|p2a: Ogerpon|Trailblaze|p1a: Hydrapple
|-resisted|p1a: Hydrapple
|-damage|p1a: Hydrapple|49/100
|-boost|p2a: Ogerpon|spe|1
|move|p1a: Hydrapple|Giga Drain|p2a: Ogerpon
|-damage|p2a: Ogerpon|0 fnt
|-heal|p1a: Hydrapple|60/100|[from] drain|[of] p2a: Ogerpon
|faint|p2a: Ogerpon
|
|upkeep
|
|t:|1758916634
|switch|p2a: Garganacl|Garganacl, F|100/100
|turn|21
|
|t:|1758916638
|move|p1a: Hydrapple|Giga Drain|p2a: Garganacl
|-supereffective|p2a: Garganacl
|-damage|p2a: Garganacl|30/100
|-heal|p1a: Hydrapple|94/100|[from] drain|[of] p2a: Garganacl
|move|p2a: Garganacl|Salt Cure|p1a: Hydrapple
|-crit|p1a: Hydrapple
|-damage|p1a: Hydrapple|77/100
|-start|p1a: Hydrapple|Salt Cure
|
|-damage|p1a: Hydrapple|65/100|[from] Salt Cure
|upkeep
|turn|22
|inactive|Battle timer is ON: inactive players will automatically lose when time's up. (requested by oreoelephant)
|
|t:|1758916650
|move|p1a: Hydrapple|Giga Drain|p2a: Garganacl
|-supereffective|p2a: Garganacl
|-damage|p2a: Garganacl|0 fnt
|-heal|p1a: Hydrapple|79/100|[from] drain|[of] p2a: Garganacl
|faint|p2a: Garganacl
|
|-damage|p1a: Hydrapple|67/100|[from] Salt Cure
|upkeep
|
|t:|1758916659
|switch|p2a: Excadrill|Excadrill, M|100/100
|-ability|p2a: Excadrill|Mold Breaker
|turn|23
|
|t:|1758916666
|move|p2a: Excadrill|Swords Dance|p2a: Excadrill
|-boost|p2a: Excadrill|atk|2
|move|p1a: Hydrapple|Earth Power|p2a: Excadrill
|-supereffective|p2a: Excadrill
|-damage|p2a: Excadrill|13/100
|
|-damage|p1a: Hydrapple|54/100|[from] Salt Cure
|upkeep
|turn|24
|
|t:|1758916677
|move|p2a: Excadrill|Iron Head|p1a: Hydrapple
|-damage|p1a: Hydrapple|0 fnt
|faint|p1a: Hydrapple
|
|win|rowlet13tb
|raw|oreoelephant's rating: 1184 &rarr; <strong>1158</strong><br />(-26 for losing)
|raw|rowlet13tb's rating: 1165 &rarr; <strong>1191</strong><br />(+26 for winning)
