|j|☆JorgoBarbas
|j|☆Auburn Hills
|t:|1758979993
|gametype|singles
|player|p1|JorgoBarbas|266|1601
|player|p2|Auburn Hills|alder|1661
|gen|9
|tier|[Gen 9] OU
|rated|
|rule|HP Percentage Mod: HP is shown in percentages
|rule|Endless Battle Clause: Forcing endless battles is banned
|rule|Species Clause: Limit one of each Pokémon
|rule|OHKO Clause: OHKO moves are banned
|rule|Evasion Items Clause: Evasion items are banned
|rule|Evasion Moves Clause: Evasion moves are banned
|rule|Evasion Abilities Clause: Evasion abilities are banned
|rule|Sleep Moves Clause: Sleep-inducing moves are banned
|clearpoke
|poke|p1|Dragapult, M|
|poke|p1|Cinderace, F|
|poke|p1|Scizor, F|
|poke|p1|Rillaboom, F|
|poke|p1|Samurott-Hisui, M|
|poke|p1|Great Tusk|
|poke|p2|Iron Moth|
|poke|p2|Umbreon, M|
|poke|p2|Garchomp, F|
|poke|p2|Glimmora, M|
|poke|p2|Gholdengo|
|poke|p2|Dragonite, M|
|teampreview
|inactive|Battle timer is ON: inactive players will automatically lose when time's up. (requested by JorgoBarbas)
|
|t:|1758980010
|teamsize|p1|6
|teamsize|p2|6
|start
|switch|p1a: Great Tusk|Great Tusk|100/100
|switch|p2a: Rat Tally|Garchomp, F|100/100
|turn|1
|
|t:|1758980017
|move|p2a: Rat Tally|Scale Shot|p1a: Great Tusk
|-damage|p1a: Great Tusk|93/100
|-damage|p1a: Great Tusk|84/100
|-damage|p1a: Great Tusk|75/100
|-damage|p1a: Great Tusk|66/100
|-hitcount|p1a: Great Tusk|4
|-unboost|p2a: Rat Tally|def|1
|-boost|p2a: Rat Tally|spe|1
|move|p1a: Great Tusk|Stealth Rock|p2a: Rat Tally
|-sidestart|p2: Auburn Hills|move: Stealth Rock
|
|-heal|p1a: Great Tusk|72/100|[from] item: Leftovers
|upkeep
|turn|2
|
|t:|1758980027
|-terastallize|p2a: Rat Tally|Electric
|move|p2a: Rat Tally|Swords Dance|p2a: Rat Tally
|-boost|p2a: Rat Tally|atk|2
|move|p1a: Great Tusk|Knock Off|p2a: Rat Tally
|-damage|p2a: Rat Tally|58/100
|-damage|p1a: Great Tusk|60/100|[from] ability: Rough Skin|[of] p2a: Rat Tally
|-enditem|p2a: Rat Tally|Loaded Dice|[from] move: Knock Off|[of] p1a: Great Tusk
|
|-heal|p1a: Great Tusk|66/100|[from] item: Leftovers
|upkeep
|turn|3
|
|t:|1758980038
|move|p2a: Rat Tally|Earthquake|p1a: Great Tusk
|-damage|p1a: Great Tusk|6/100
|move|p1a: Great Tusk|Headlong Rush|p2a: Rat Tally
|-supereffective|p2a: Rat Tally
|-damage|p2a: Rat Tally|0 fnt
|-unboost|p1a: Great Tusk|def|1
|-unboost|p1a: Great Tusk|spd|1
|-damage|p1a: Great Tusk|0 fnt|[from] ability: Rough Skin|[of] p2a: Rat Tally
|faint|p2a: Rat Tally
|faint|p1a: Great Tusk
|-end|p1a: Great Tusk|Protosynthesis|[silent]
|
|upkeep
|inactive|JorgoBarbas has 120 seconds left.
|
|t:|1758980064
|switch|p2a: Julia Jacklin|Glimmora, M|100/100
|switch|p1a: Samurott|Samurott-Hisui, M|100/100
|-damage|p2a: Julia Jacklin|88/100|[from] Stealth Rock
|turn|4
|
|t:|1758980070
|move|p1a: Samurott|Ceaseless Edge|p2a: Julia Jacklin
|-damage|p2a: Julia Jacklin|27/100
|-activate|p2a: Julia Jacklin|ability: Toxic Debris
|-sidestart|p1: JorgoBarbas|move: Toxic Spikes
|-sidestart|p2: Auburn Hills|Spikes
|move|p2a: Julia Jacklin|Mortal Spin|p1a: Samurott
|-damage|p1a: Samurott|94/100
|-status|p1a: Samurott|psn
|-sideend|p2: Auburn Hills|Spikes|[from] move: Mortal Spin|[of] p2a: Julia Jacklin
|-sideend|p2: Auburn Hills|Stealth Rock|[from] move: Mortal Spin|[of] p2a: Julia Jacklin
|
|-damage|p1a: Samurott|81/100 psn|[from] psn
|upkeep
|turn|5
|
|t:|1758980075
|switch|p2a: Alvvays|Umbreon, M|100/100
|move|p1a: Samurott|Ceaseless Edge|p2a: Alvvays
|-resisted|p2a: Alvvays
|-damage|p2a: Alvvays|80/100
|-sidestart|p2: Auburn Hills|Spikes
|
|-heal|p2a: Alvvays|86/100|[from] item: Leftovers
|-damage|p1a: Samurott|69/100 psn|[from] psn
|upkeep
|turn|6
|
|t:|1758980078
|move|p1a: Samurott|Ceaseless Edge|p2a: Alvvays
|-resisted|p2a: Alvvays
|-damage|p2a: Alvvays|66/100
|-sidestart|p2: Auburn Hills|Spikes
|move|p2a: Alvvays|Wish|p2a: Alvvays
|
|-heal|p2a: Alvvays|72/100|[from] item: Leftovers
|-damage|p1a: Samurott|56/100 psn|[from] psn
|upkeep
|turn|7
|
|t:|1758980084
|move|p1a: Samurott|Ceaseless Edge|p2a: Alvvays
|-resisted|p2a: Alvvays
|-damage|p2a: Alvvays|53/100
|-sidestart|p2: Auburn Hills|Spikes
|move|p2a: Alvvays|Foul Play|p1a: Samurott
|-resisted|p1a: Samurott
|-damage|p1a: Samurott|26/100 psn
|
|-heal|p2a: Alvvays|100/100|[from] move: Wish|[wisher] Alvvays
|-damage|p1a: Samurott|14/100 psn|[from] psn
|upkeep
|turn|8
|
|t:|1758980092
|move|p1a: Samurott|Ceaseless Edge|p2a: Alvvays
|-resisted|p2a: Alvvays
|-damage|p2a: Alvvays|80/100
|move|p2a: Alvvays|Wish|p2a: Alvvays
|
|-heal|p2a: Alvvays|86/100|[from] item: Leftovers
|-damage|p1a: Samurott|1/100 psn|[from] psn
|upkeep
|turn|9
|
|t:|1758980096
|move|p1a: Samurott|Ceaseless Edge|p2a: Alvvays|[miss]
|-miss|p1a: Samurott|p2a: Alvvays
|move|p2a: Alvvays|Foul Play|p1a: Samurott
|-resisted|p1a: Samurott
|-damage|p1a: Samurott|0 fnt
|faint|p1a: Samurott
|
|-heal|p2a: Alvvays|100/100|[from] move: Wish|[wisher] Alvvays
|upkeep
|
|t:|1758980101
|switch|p1a: Scizor|Scizor, F|100/100
|turn|10
|
|t:|1758980109
|switch|p2a: Julia Jacklin|Glimmora, M|27/100
|-damage|p2a: Julia Jacklin|2/100|[from] Spikes
|move|p1a: Scizor|U-turn|p2a: Julia Jacklin
|-resisted|p2a: Julia Jacklin
|-damage|p2a: Julia Jacklin|0 fnt
|-activate|p2a: Julia Jacklin|ability: Toxic Debris
|-sidestart|p1: JorgoBarbas|move: Toxic Spikes
|faint|p2a: Julia Jacklin
|
|t:|1758980120
|switch|p1a: Cinderace|Cinderace, F|100/100|[from] U-turn
|-status|p1a: Cinderace|tox
|
|-damage|p1a: Cinderace|95/100 tox|[from] psn
|upkeep
|
|t:|1758980127
|switch|p2a: Elucid|Dragonite, M|100/100
|turn|11
|
|t:|1758980131
|move|p1a: Cinderace|U-turn|p2a: Elucid
|-start|p1a: Cinderace|typechange|Bug|[from] ability: Libero
|-resisted|p2a: Elucid
|-damage|p2a: Elucid|86/100
|
|t:|1758980139
|switch|p1a: Dragapult|Dragapult, M|100/100|[from] U-turn
|-status|p1a: Dragapult|tox
|move|p2a: Elucid|Dragon Dance|p2a: Elucid
|-boost|p2a: Elucid|atk|1
|-boost|p2a: Elucid|spe|1
|
|-damage|p1a: Dragapult|95/100 tox|[from] psn
|upkeep
|turn|12
|
|t:|1758980150
|-terastallize|p1a: Dragapult|Fairy
|move|p1a: Dragapult|Draco Meteor|p2a: Elucid|[miss]
|-miss|p1a: Dragapult|p2a: Elucid
|move|p2a: Elucid|Ice Spinner|p1a: Dragapult
|-damage|p1a: Dragapult|25/100 tox
|
|-damage|p1a: Dragapult|13/100 tox|[from] psn
|upkeep
|turn|13
|
|t:|1758980158
|move|p2a: Elucid|Extreme Speed|p1a: Dragapult
|-damage|p1a: Dragapult|0 fnt
|faint|p1a: Dragapult
|
|upkeep
|
|t:|1758980165
|switch|p1a: Rillaboom|Rillaboom, F|100/100
|-status|p1a: Rillaboom|tox
|-fieldstart|move: Grassy Terrain|[from] ability: Grassy Surge|[of] p1a: Rillaboom
|turn|14
|
|t:|1758980170
|move|p2a: Elucid|Ice Spinner|p1a: Rillaboom
|-supereffective|p1a: Rillaboom
|-damage|p1a: Rillaboom|11/100 tox
|-fieldend|move: Grassy Terrain
|move|p1a: Rillaboom|Wood Hammer|p2a: Elucid
|-resisted|p2a: Elucid
|-damage|p2a: Elucid|64/100
|-damage|p1a: Rillaboom|5/100 tox|[from] Recoil
|
|-damage|p1a: Rillaboom|0 fnt|[from] psn
|faint|p1a: Rillaboom
|upkeep
|
|t:|1758980173
|switch|p1a: Scizor|Scizor, F|100/100
|turn|15
|
|t:|1758980176
|move|p1a: Scizor|Bullet Punch|p2a: Elucid
|-damage|p2a: Elucid|11/100
|move|p2a: Elucid|Earthquake|p1a: Scizor
|-damage|p1a: Scizor|30/100
|
|upkeep
|turn|16
|
|t:|1758980179
|move|p2a: Elucid|Extreme Speed|p1a: Scizor
|-resisted|p1a: Scizor
|-damage|p1a: Scizor|3/100
|move|p1a: Scizor|Bullet Punch|p2a: Elucid
|-damage|p2a: Elucid|0 fnt
|faint|p2a: Elucid
|
|upkeep
|
|t:|1758980183
|switch|p2a: Carly Rae|Iron Moth|100/100
|-damage|p2a: Carly Rae|76/100|[from] Spikes
|-enditem|p2a: Carly Rae|Booster Energy
|-activate|p2a: Carly Rae|ability: Quark Drive|[fromitem]
|-start|p2a: Carly Rae|quarkdrivespe
|turn|17
|
|t:|1758980186
|switch|p1a: Cinderace|Cinderace, F|95/100 tox
|move|p2a: Carly Rae|Fiery Dance|p1a: Cinderace
|-resisted|p1a: Cinderace
|-damage|p1a: Cinderace|64/100 tox
|
|-damage|p1a: Cinderace|58/100 tox|[from] psn
|upkeep
|turn|18
|
|t:|1758980194
|move|p2a: Carly Rae|Discharge|p1a: Cinderace
|-damage|p1a: Cinderace|16/100 tox
|move|p1a: Cinderace|U-turn|p2a: Carly Rae
|-start|p1a: Cinderace|typechange|Bug|[from] ability: Libero
|-resisted|p2a: Carly Rae
|-damage|p2a: Carly Rae|58/100
|
|t:|1758980200
|switch|p1a: Scizor|Scizor, F|3/100|[from] U-turn
|
|upkeep
|turn|19
|
|t:|1758980203
|move|p1a: Scizor|Bullet Punch|p2a: Carly Rae
|-resisted|p2a: Carly Rae
|-damage|p2a: Carly Rae|20/100
|move|p2a: Carly Rae|Fiery Dance|p1a: Scizor
|-supereffective|p1a: Scizor
|-damage|p1a: Scizor|0 fnt
|faint|p1a: Scizor
|
|upkeep
|
|t:|1758980206
|switch|p1a: Cinderace|Cinderace, F|16/100 tox
|turn|20
|
|t:|1758980210
|move|p2a: Carly Rae|Discharge|p1a: Cinderace
|-damage|p1a: Cinderace|0 fnt
|faint|p1a: Cinderace
|
|win|Auburn Hills
|raw|JorgoBarbas's rating: 1601 &rarr; <strong>1584</strong><br />(-17 for losing)
|raw|Auburn Hills's rating: 1661 &rarr; <strong>1678</strong><br />(+17 for winning)
|l|☆JorgoBarbas
|player|p1|
|l|☆Auburn Hills
|player|p2|
