|j|☆LikeEmerald
|j|☆G-lolo-69
|t:|1759069794
|gametype|singles
|player|p1|LikeEmerald|265|1129
|player|p2|G-lolo-69|swimmerf-gen4|1189
|gen|9
|tier|[Gen 9] OU
|rated|
|rule|HP Percentage Mod: HP is shown in percentages
|rule|Endless Battle Clause: Forcing endless battles is banned
|rule|Species Clause: Limit one of each Pokémon
|rule|OHKO Clause: OHKO moves are banned
|rule|Evasion Items Clause: Evasion items are banned
|rule|Evasion Moves Clause: Evasion moves are banned
|rule|Evasion Abilities Clause: Evasion abilities are banned
|rule|Sleep Moves Clause: Sleep-inducing moves are banned
|clearpoke
|poke|p1|Deoxys-Speed|
|poke|p1|Pikachu, M|
|poke|p1|Moltres|
|poke|p1|Haunter, F|
|poke|p1|Hydrapple, M|
|poke|p1|Empoleon, F|
|poke|p2|Pelipper, F|
|poke|p2|Thundurus-Therian, M|
|poke|p2|Basculegion-F, F|
|poke|p2|Overqwil, F|
|poke|p2|Kingambit, F|
|poke|p2|Landorus-Therian, M|
|teampreview
|
|t:|1759069806
|teamsize|p1|6
|teamsize|p2|6
|start
|switch|p1a: Deoxys|Deoxys-Speed|100/100
|switch|p2a: Pelipper|Pelipper, F|100/100
|-ability|p1a: Deoxys|Pressure
|-weather|RainDance|[from] ability: Drizzle|[of] p2a: Pelipper
|turn|1
|
|t:|1759069817
|switch|p2a: Overqwil|Overqwil, F|100/100
|move|p1a: Deoxys|Stealth Rock|p2a: Overqwil
|-sidestart|p2: G-lolo-69|move: Stealth Rock
|
|-weather|RainDance|[upkeep]
|upkeep
|turn|2
|
|t:|1759069830
|switch|p1a: Empoleon|Empoleon, F|100/100
|move|p2a: Overqwil|Crunch|p1a: Empoleon
|-damage|p1a: Empoleon|35/100
|-damage|p2a: Overqwil|91/100|[from] item: Life Orb
|
|-weather|RainDance|[upkeep]
|upkeep
|turn|3
|
|t:|1759069839
|move|p2a: Overqwil|Crunch|p1a: Empoleon
|-damage|p1a: Empoleon|0 fnt
|faint|p1a: Empoleon
|-damage|p2a: Overqwil|81/100|[from] item: Life Orb
|
|-weather|RainDance|[upkeep]
|upkeep
|
|t:|1759069850
|switch|p1a: Hydrapple|Hydrapple, M|100/100
|turn|4
|inactive|Battle timer is ON: inactive players will automatically lose when time's up. (requested by G-lolo-69)
|
|t:|1759069860
|move|p2a: Overqwil|Gunk Shot|p1a: Hydrapple
|-supereffective|p1a: Hydrapple
|-damage|p1a: Hydrapple|0 fnt
|faint|p1a: Hydrapple
|-damage|p2a: Overqwil|71/100|[from] item: Life Orb
|
|-weather|RainDance|[upkeep]
|upkeep
|
|t:|1759069866
|switch|p1a: Pikachu|Pikachu, M|100/100
|turn|5
|
|t:|1759069875
|move|p1a: Pikachu|Fake Out|p2a: Overqwil
|-damage|p2a: Overqwil|51/100
|cant|p2a: Overqwil|flinch
|
|-weather|RainDance|[upkeep]
|upkeep
|turn|6
|
|t:|1759069889
|switch|p1a: Haunter|Haunter, F|100/100
|move|p2a: Overqwil|Gunk Shot|p1a: Haunter
|-resisted|p1a: Haunter
|-damage|p1a: Haunter|73/100
|-damage|p2a: Overqwil|41/100|[from] item: Life Orb
|
|-weather|RainDance|[upkeep]
|upkeep
|turn|7
|
|t:|1759069898
|move|p2a: Overqwil|Crunch|p1a: Haunter
|-supereffective|p1a: Haunter
|-damage|p1a: Haunter|0 fnt
|faint|p1a: Haunter
|-damage|p2a: Overqwil|31/100|[from] item: Life Orb
|
|-weather|RainDance|[upkeep]
|upkeep
|
|t:|1759069903
|switch|p1a: Pikachu|Pikachu, M|100/100
|turn|8
|
|t:|1759069911
|switch|p2a: Basculegion|Basculegion-F, F|100/100
|-damage|p2a: Basculegion|88/100|[from] Stealth Rock
|move|p1a: Pikachu|Fake Out|p2a: Basculegion
|-immune|p2a: Basculegion
|
|-weather|none
|upkeep
|turn|9
|
|t:|1759069921
|switch|p2a: Landorus|Landorus-Therian, M|100/100
|-damage|p2a: Landorus|88/100|[from] Stealth Rock
|-ability|p2a: Landorus|Intimidate|boost
|-unboost|p1a: Pikachu|atk|1
|move|p1a: Pikachu|Knock Off|p2a: Landorus
|-damage|p2a: Landorus|57/100
|-enditem|p2a: Landorus|Choice Scarf|[from] move: Knock Off|[of] p1a: Pikachu
|
|upkeep
|turn|10
|
|t:|1759069932
|switch|p1a: Moltres|Moltres|100/100
|move|p2a: Landorus|Earthquake|p1a: Moltres
|-immune|p1a: Moltres
|
|upkeep
|turn|11
|
|t:|1759069939
|move|p2a: Landorus|Stone Edge|p1a: Moltres
|-supereffective|p1a: Moltres
|-damage|p1a: Moltres|0 fnt
|faint|p1a: Moltres
|
|upkeep
|
|t:|1759069950
|switch|p1a: Deoxys|Deoxys-Speed|100/100
|-ability|p1a: Deoxys|Pressure
|turn|12
|
|t:|1759069956
|switch|p2a: Overqwil|Overqwil, F|31/100
|-damage|p2a: Overqwil|19/100|[from] Stealth Rock
|move|p1a: Deoxys|Psycho Boost|p2a: Overqwil
|-immune|p2a: Overqwil
|
|upkeep
|turn|13
|
|t:|1759069964
|move|p1a: Deoxys|Superpower|p2a: Overqwil
|-damage|p2a: Overqwil|0 fnt
|-unboost|p1a: Deoxys|atk|1
|-unboost|p1a: Deoxys|def|1
|faint|p2a: Overqwil
|
|upkeep
|
|t:|1759069972
|switch|p2a: Kingambit|Kingambit, F|100/100
|-damage|p2a: Kingambit|94/100|[from] Stealth Rock
|-activate|p2a: Kingambit|ability: Supreme Overlord
|-start|p2a: Kingambit|fallen1|[silent]
|turn|14
|
|t:|1759069979
|move|p1a: Deoxys|Superpower|p2a: Kingambit
|-supereffective|p2a: Kingambit
|-damage|p2a: Kingambit|5/100
|-unboost|p1a: Deoxys|atk|1
|-unboost|p1a: Deoxys|def|1
|move|p2a: Kingambit|Swords Dance|p2a: Kingambit
|-boost|p2a: Kingambit|atk|2
|
|-heal|p2a: Kingambit|12/100|[from] item: Leftovers
|upkeep
|turn|15
|
|t:|1759069989
|move|p2a: Kingambit|Sucker Punch||[still]
|-fail|p2a: Kingambit
|move|p1a: Deoxys|Spikes|p2a: Kingambit
|-sidestart|p2: G-lolo-69|Spikes
|
|-heal|p2a: Kingambit|18/100|[from] item: Leftovers
|upkeep
|turn|16
|
|t:|1759069997
|move|p1a: Deoxys|Superpower|p2a: Kingambit
|-supereffective|p2a: Kingambit
|-damage|p2a: Kingambit|0 fnt
|-unboost|p1a: Deoxys|atk|1
|-unboost|p1a: Deoxys|def|1
|faint|p2a: Kingambit
|-end|p2a: Kingambit|fallen1|[silent]
|
|upkeep
|
|t:|1759070004
|switch|p2a: Pelipper|Pelipper, F|100/100
|-damage|p2a: Pelipper|76/100|[from] Stealth Rock
|-weather|RainDance|[from] ability: Drizzle|[of] p2a: Pelipper
|turn|17
|
|t:|1759070017
|move|p1a: Deoxys|Psycho Boost|p2a: Pelipper
|-damage|p2a: Pelipper|0 fnt
|-unboost|p1a: Deoxys|spa|2
|faint|p2a: Pelipper
|
|-weather|RainDance|[upkeep]
|upkeep
|
|t:|1759070025
|switch|p2a: Basculegion|Basculegion-F, F|88/100
|-damage|p2a: Basculegion|76/100|[from] Stealth Rock
|-damage|p2a: Basculegion|63/100|[from] Spikes
|turn|18
|
|t:|1759070048
|-terastallize|p1a: Deoxys|Psychic
|move|p2a: Basculegion|Hydro Pump|p1a: Deoxys
|-enditem|p1a: Deoxys|Focus Sash
|-damage|p1a: Deoxys|1/100
|move|p1a: Deoxys|Psycho Boost|p2a: Basculegion
|-damage|p2a: Basculegion|17/100
|-unboost|p1a: Deoxys|spa|2
|
|-weather|RainDance|[upkeep]
|upkeep
|turn|19
|
|t:|1759070060
|move|p2a: Basculegion|Hydro Pump|p1a: Deoxys|[miss]
|-miss|p2a: Basculegion|p1a: Deoxys
|move|p1a: Deoxys|Psycho Boost|p2a: Basculegion
|-damage|p2a: Basculegion|0 fnt
|-unboost|p1a: Deoxys|spa|2
|faint|p2a: Basculegion
|
|-weather|RainDance|[upkeep]
|upkeep
|
|t:|1759070070
|switch|p2a: Thundurus|Thundurus-Therian, M|100/100
|turn|20
|
|t:|1759070076
|switch|p1a: Pikachu|Pikachu, M|100/100
|move|p2a: Thundurus|Thunder|p1a: Pikachu
|-ability|p1a: Pikachu|Lightning Rod|boost
|-boost|p1a: Pikachu|spa|1
|
|-weather|RainDance|[upkeep]
|upkeep
|turn|21
|
|t:|1759070088
|-terastallize|p2a: Thundurus|Electric
|move|p2a: Thundurus|Nasty Plot|p2a: Thundurus
|-boost|p2a: Thundurus|spa|2
|move|p1a: Pikachu|Play Rough|p2a: Thundurus
|-damage|p2a: Thundurus|44/100
|
|-weather|RainDance|[upkeep]
|upkeep
|turn|22
|
|t:|1759070099
|move|p2a: Thundurus|Focus Blast|p1a: Pikachu
|-damage|p1a: Pikachu|0 fnt
|faint|p1a: Pikachu
|
|-weather|RainDance|[upkeep]
|upkeep
|
|t:|1759070103
|switch|p1a: Deoxys|Deoxys-Speed, tera:Psychic|1/100
|-ability|p1a: Deoxys|Pressure
|turn|23
|
|t:|1759070112
|move|p1a: Deoxys|Psycho Boost|p2a: Thundurus
|-damage|p2a: Thundurus|0 fnt
|-unboost|p1a: Deoxys|spa|2
|faint|p2a: Thundurus
|
|-weather|RainDance|[upkeep]
|upkeep
|
|t:|1759070119
|switch|p2a: Landorus|Landorus-Therian, M|57/100
|-damage|p2a: Landorus|44/100|[from] Stealth Rock
|-ability|p2a: Landorus|Intimidate|boost
|-unboost|p1a: Deoxys|atk|1
|turn|24
|
|t:|1759070127
|move|p1a: Deoxys|Psycho Boost|p2a: Landorus
|-damage|p2a: Landorus|0 fnt
|-unboost|p1a: Deoxys|spa|2
|faint|p2a: Landorus
|
|win|LikeEmerald
|raw|LikeEmerald's rating: 1129 &rarr; <strong>1158</strong><br />(+29 for winning)
|raw|G-lolo-69's rating: 1189 &rarr; <strong>1160</strong><br />(-29 for losing)
|l|☆G-lolo-69
|player|p2|
|l|☆LikeEmerald
|player|p1|
