|j|☆I'm evil and spicy
|j|☆ohjeebus
|t:|1758967614
|gametype|singles
|player|p1|I'm evil and spicy|elesa|1516
|player|p2|ohjeebus|koga|1516
|gen|9
|tier|[Gen 9] OU
|rated|
|rule|HP Percentage Mod: HP is shown in percentages
|rule|Endless Battle Clause: Forcing endless battles is banned
|rule|Species Clause: Limit one of each Pokémon
|rule|OHKO Clause: OHKO moves are banned
|rule|Evasion Items Clause: Evasion items are banned
|rule|Evasion Moves Clause: Evasion moves are banned
|rule|Evasion Abilities Clause: Evasion abilities are banned
|rule|Sleep Moves Clause: Sleep-inducing moves are banned
|clearpoke
|poke|p1|Talonflame, M|
|poke|p1|Hatterene, F|
|poke|p1|Alomomola, M|
|poke|p1|Ogerpon-Wellspring, F|
|poke|p1|Great Tusk|
|poke|p1|Raging Bolt|
|poke|p2|Ogerpon-Wellspring, F|
|poke|p2|Gholdengo|
|poke|p2|Moltres|
|poke|p2|Primarina, M|
|poke|p2|Dragonite, F|
|poke|p2|Great Tusk|
|teampreview
|inactive|Battle timer is ON: inactive players will automatically lose when time's up. (requested by ohjeebus)
|
|t:|1758967633
|teamsize|p1|6
|teamsize|p2|6
|start
|switch|p1a: Talonflame|Talonflame, M|100/100
|switch|p2a: Great Tusk|Great Tusk|100/100
|turn|1
|
|t:|1758967642
|-end|p2a: Great Tusk|Protosynthesis|[silent]
|switch|p2a: Gholdengo|Gholdengo|100/100
|move|p1a: Talonflame|Brave Bird|p2a: Gholdengo
|-resisted|p2a: Gholdengo
|-damage|p2a: Gholdengo|57/100
|-damage|p1a: Talonflame|85/100|[from] Recoil
|
|upkeep
|turn|2
|
|t:|1758967653
|switch|p2a: Moltres|Moltres|100/100
|switch|p1a: Alomomola|Alomomola, M|100/100
|
|upkeep
|turn|3
|
|t:|1758967660
|move|p2a: Moltres|U-turn|p1a: Alomomola
|-damage|p1a: Alomomola|92/100
|-enditem|p1a: Alomomola|Eject Button
|
|t:|1758967668
|switch|p1a: Raging Bolt|Raging Bolt|100/100
|
|upkeep
|turn|4
|
|t:|1758967675
|move|p2a: Moltres|U-turn|p1a: Raging Bolt
|-damage|p1a: Raging Bolt|89/100
|
|t:|1758967678
|switch|p2a: Great Tusk|Great Tusk|100/100|[from] U-turn
|move|p1a: Raging Bolt|Draco Meteor|p2a: Great Tusk
|-damage|p2a: Great Tusk|0 fnt
|-unboost|p1a: Raging Bolt|spa|2
|faint|p2a: Great Tusk
|-end|p2a: Great Tusk|Protosynthesis|[silent]
|
|upkeep
|
|t:|1758967680
|switch|p2a: Dragonite|Dragonite, F|100/100
|turn|5
|
|t:|1758967701
|-end|p1a: Raging Bolt|Protosynthesis|[silent]
|switch|p1a: Hatterene|Hatterene, F|100/100
|move|p2a: Dragonite|Dragon Dance|p2a: Dragonite
|-boost|p2a: Dragonite|atk|1
|-boost|p2a: Dragonite|spe|1
|
|upkeep
|turn|6
|
|t:|1758967704
|move|p2a: Dragonite|Dragon Dance|p2a: Dragonite
|-boost|p2a: Dragonite|atk|1
|-boost|p2a: Dragonite|spe|1
|move|p1a: Hatterene|Draining Kiss|p2a: Dragonite
|-supereffective|p2a: Dragonite
|-crit|p2a: Dragonite
|-damage|p2a: Dragonite|60/100
|
|upkeep
|turn|7
|
|t:|1758967708
|-terastallize|p2a: Dragonite|Fire
|move|p2a: Dragonite|Roost|p2a: Dragonite
|-heal|p2a: Dragonite|100/100
|move|p1a: Hatterene|Draining Kiss|p2a: Dragonite
|-resisted|p2a: Dragonite
|-damage|p2a: Dragonite|93/100
|
|upkeep
|turn|8
|
|t:|1758967712
|move|p2a: Dragonite|Dragon Dance|p2a: Dragonite
|-boost|p2a: Dragonite|atk|1
|-boost|p2a: Dragonite|spe|1
|move|p1a: Hatterene|Psychic Noise|p2a: Dragonite
|-damage|p2a: Dragonite|48/100
|-start|p2a: Dragonite|move: Heal Block
|
|upkeep
|turn|9
|
|t:|1758967727
|switch|p1a: Alomomola|Alomomola, M|100/100
|move|p2a: Dragonite|Fire Punch|p1a: Alomomola
|-resisted|p1a: Alomomola
|-damage|p1a: Alomomola|70/100
|
|-end|p2a: Dragonite|move: Heal Block
|upkeep
|turn|10
|
|t:|1758967731
|move|p2a: Dragonite|Scale Shot|p1a: Alomomola
|-damage|p1a: Alomomola|47/100
|-damage|p1a: Alomomola|26/100
|-damage|p1a: Alomomola|5/100
|-damage|p1a: Alomomola|0 fnt
|faint|p1a: Alomomola
|-hitcount|p1: Alomomola|4
|-unboost|p2a: Dragonite|def|1
|-boost|p2a: Dragonite|spe|1
|
|upkeep
|
|t:|1758967737
|switch|p1a: Talonflame|Talonflame, M|85/100
|turn|11
|
|t:|1758967745
|switch|p1a: Hatterene|Hatterene, F|100/100
|move|p2a: Dragonite|Scale Shot|p1a: Hatterene
|-immune|p1a: Hatterene
|
|upkeep
|turn|12
|
|t:|1758967755
|move|p2a: Dragonite|Roost|p2a: Dragonite
|-heal|p2a: Dragonite|98/100
|move|p1a: Hatterene|Psyshock|p2a: Dragonite
|-damage|p2a: Dragonite|23/100
|
|upkeep
|turn|13
|
|t:|1758967761
|move|p2a: Dragonite|Fire Punch|p1a: Hatterene
|-damage|p1a: Hatterene|0 fnt
|faint|p1a: Hatterene
|
|upkeep
|
|t:|1758967764
|switch|p1a: Raging Bolt|Raging Bolt|89/100
|turn|14
|
|t:|1758967770
|move|p2a: Dragonite|Roost|p2a: Dragonite
|-heal|p2a: Dragonite|73/100
|move|p1a: Raging Bolt|Volt Switch|p2a: Dragonite
|-damage|p2a: Dragonite|2/100
|
|t:|1758967778
|-end|p1a: Raging Bolt|Protosynthesis|[silent]
|switch|p1a: Great Tusk|Great Tusk|100/100|[from] Volt Switch
|
|upkeep
|turn|15
|
|t:|1758967784
|move|p2a: Dragonite|Scale Shot|p1a: Great Tusk
|-damage|p1a: Great Tusk|76/100
|-damage|p1a: Great Tusk|51/100
|-damage|p1a: Great Tusk|26/100
|-damage|p1a: Great Tusk|0 fnt
|faint|p1a: Great Tusk
|-end|p1a: Great Tusk|Protosynthesis|[silent]
|-hitcount|p1: Great Tusk|4
|-unboost|p2a: Dragonite|def|1
|-boost|p2a: Dragonite|spe|1
|
|upkeep
|
|t:|1758967789
|switch|p1a: Raging Bolt|Raging Bolt|89/100
|turn|16
|
|t:|1758967795
|move|p1a: Raging Bolt|Thunderclap|p2a: Dragonite
|-damage|p2a: Dragonite|0 fnt
|faint|p2a: Dragonite
|
|upkeep
|
|t:|1758967797
|switch|p2a: Ogerpon|Ogerpon-Wellspring, F|100/100
|turn|17
|
|t:|1758967812
|-end|p1a: Raging Bolt|Protosynthesis|[silent]
|switch|p1a: Ogerpon|Ogerpon-Wellspring, F|100/100
|move|p2a: Ogerpon|Trailblaze|p1a: Ogerpon
|-damage|p1a: Ogerpon|60/100
|-boost|p2a: Ogerpon|spe|1
|
|upkeep
|turn|18
|
|t:|1758967822
|move|p2a: Ogerpon|Swords Dance|p2a: Ogerpon
|-boost|p2a: Ogerpon|atk|2
|move|p1a: Ogerpon|U-turn|p2a: Ogerpon
|-supereffective|p2a: Ogerpon
|-damage|p2a: Ogerpon|33/100
|
|t:|1758967827
|switch|p1a: Raging Bolt|Raging Bolt|89/100|[from] U-turn
|
|upkeep
|turn|19
|
|t:|1758967830
|move|p2a: Ogerpon|Synthesis|p2a: Ogerpon
|-heal|p2a: Ogerpon|83/100
|move|p1a: Raging Bolt|Volt Switch|p2a: Ogerpon
|-damage|p2a: Ogerpon|18/100
|
|t:|1758967835
|-end|p1a: Raging Bolt|Protosynthesis|[silent]
|switch|p1a: Ogerpon|Ogerpon-Wellspring, F|60/100|[from] Volt Switch
|
|upkeep
|turn|20
|
|t:|1758967842
|move|p2a: Ogerpon|Synthesis|p2a: Ogerpon
|-heal|p2a: Ogerpon|68/100
|move|p1a: Ogerpon|U-turn|p2a: Ogerpon
|-supereffective|p2a: Ogerpon
|-damage|p2a: Ogerpon|0 fnt
|faint|p2a: Ogerpon
|
|t:|1758967852
|switch|p1a: Raging Bolt|Raging Bolt|89/100|[from] U-turn
|
|upkeep
|
|t:|1758967855
|switch|p2a: Gholdengo|Gholdengo|57/100
|turn|21
|
|t:|1758967860
|move|p2a: Gholdengo|Shadow Ball|p1a: Raging Bolt
|-damage|p1a: Raging Bolt|55/100
|move|p1a: Raging Bolt|Volt Switch|p2a: Gholdengo
|-damage|p2a: Gholdengo|0 fnt
|faint|p2a: Gholdengo
|
|t:|1758967868
|-end|p1a: Raging Bolt|Protosynthesis|[silent]
|switch|p1a: Ogerpon|Ogerpon-Wellspring, F|60/100|[from] Volt Switch
|
|upkeep
|
|t:|1758967871
|switch|p2a: Moltres|Moltres|100/100
|turn|22
|
|t:|1758967879
|switch|p2a: Primarina|Primarina, M|100/100
|-terastallize|p1a: Ogerpon|Water
|detailschange|p1a: Ogerpon|Ogerpon-Wellspring-Tera, F, tera:Water
|-ability|p1a: Ogerpon|Embody Aspect (Wellspring)|boost
|-boost|p1a: Ogerpon|spd|1
|move|p1a: Ogerpon|Ivy Cudgel|p2a: Primarina|[anim] Ivy Cudgel Water
|-resisted|p2a: Primarina
|-damage|p2a: Primarina|65/100
|
|upkeep
|turn|23
|
|t:|1758967883
|switch|p2a: Moltres|Moltres|100/100
|move|p1a: Ogerpon|Power Whip|p2a: Moltres
|-resisted|p2a: Moltres
|-damage|p2a: Moltres|88/100
|
|upkeep
|turn|24
|
|t:|1758967890
|switch|p2a: Primarina|Primarina, M|65/100
|move|p1a: Ogerpon|Ivy Cudgel|p2a: Primarina|[anim] Ivy Cudgel Water
|-resisted|p2a: Primarina
|-damage|p2a: Primarina|29/100
|
|upkeep
|turn|25
|
|t:|1758967892
|switch|p2a: Moltres|Moltres|88/100
|move|p1a: Ogerpon|Ivy Cudgel|p2a: Moltres|[anim] Ivy Cudgel Water
|-supereffective|p2a: Moltres
|-damage|p2a: Moltres|0 fnt
|faint|p2a: Moltres
|
|upkeep
|-message|ohjeebus forfeited.
|
|win|I'm evil and spicy
|raw|I&apos;m evil and spicy's rating: 1516 &rarr; <strong>1536</strong><br />(+20 for winning)
|raw|ohjeebus's rating: 1516 &rarr; <strong>1496</strong><br />(-20 for losing)
|l|☆ohjeebus
|player|p2|
|l|☆I'm evil and spicy
|player|p1|
