|j|☆V1C7ORYY
|j|☆BenryFunnyOddish
|t:|1758943012
|gametype|singles
|player|p1|V1C7ORYY|bugcatcher-gen4dp|1365
|player|p2|BenryFunnyOddish|miku-ground|1390
|gen|9
|tier|[Gen 9] OU
|rated|
|rule|HP Percentage Mod: HP is shown in percentages
|rule|Endless Battle Clause: Forcing endless battles is banned
|rule|Species Clause: Limit one of each Pokémon
|rule|OHKO Clause: OHKO moves are banned
|rule|Evasion Items Clause: Evasion items are banned
|rule|Evasion Moves Clause: Evasion moves are banned
|rule|Evasion Abilities Clause: Evasion abilities are banned
|rule|Sleep Moves Clause: Sleep-inducing moves are banned
|clearpoke
|poke|p1|Zamazenta-*|
|poke|p1|Gholdengo|
|poke|p1|Dragonite, M|
|poke|p1|Great Tusk|
|poke|p1|Dragapult, M|
|poke|p1|Kyurem|
|poke|p2|Pecharunt|
|poke|p2|Primarina, F|
|poke|p2|Cinderace, F|
|poke|p2|Rillaboom, M|
|poke|p2|Clefable, F|
|poke|p2|Great Tusk|
|teampreview
|
|t:|1758943018
|teamsize|p1|6
|teamsize|p2|6
|start
|switch|p1a: Great Tusk|Great Tusk|100/100
|switch|p2a: Pecharunt|Pecharunt|100/100
|-enditem|p1a: Great Tusk|Booster Energy
|-activate|p1a: Great Tusk|ability: Protosynthesis|[fromitem]
|-start|p1a: Great Tusk|protosynthesisdef
|turn|1
|inactive|Battle timer is ON: inactive players will automatically lose when time's up. (requested by V1C7ORYY)
|
|t:|1758943025
|-terastallize|p2a: Pecharunt|Water
|move|p2a: Pecharunt|Malignant Chain|p1a: Great Tusk
|-resisted|p1a: Great Tusk
|-damage|p1a: Great Tusk|73/100
|-status|p1a: Great Tusk|tox
|-start|p1a: Great Tusk|confusion|[from] ability: Poison Puppeteer|[of] p2a: Pecharunt
|-activate|p1a: Great Tusk|confusion
|move|p1a: Great Tusk|Stealth Rock|p2a: Pecharunt
|-sidestart|p2: BenryFunnyOddish|move: Stealth Rock
|
|-damage|p1a: Great Tusk|66/100 tox|[from] psn
|upkeep
|turn|2
|
|t:|1758943038
|move|p2a: Pecharunt|Nasty Plot|p2a: Pecharunt
|-boost|p2a: Pecharunt|spa|2
|-activate|p1a: Great Tusk|confusion
|-damage|p1a: Great Tusk|61/100 tox|[from] confusion
|
|-damage|p1a: Great Tusk|49/100 tox|[from] psn
|upkeep
|turn|3
|
|t:|1758943051
|move|p2a: Pecharunt|Shadow Ball|p1a: Great Tusk
|-damage|p1a: Great Tusk|0 fnt
|faint|p1a: Great Tusk
|-end|p1a: Great Tusk|Protosynthesis|[silent]
|
|upkeep
|inactive|V1C7ORYY has 120 seconds left.
|
|t:|1758943080
|switch|p1a: Kyurem|Kyurem|100/100
|-ability|p1a: Kyurem|Pressure
|turn|4
|
|t:|1758943086
|move|p1a: Kyurem|Freeze-Dry|p2a: Pecharunt
|-supereffective|p2a: Pecharunt
|-damage|p2a: Pecharunt|45/100
|-status|p2a: Pecharunt|frz
|cant|p2a: Pecharunt|frz
|
|upkeep
|turn|5
|
|t:|1758943096
|move|p1a: Kyurem|Freeze-Dry|p2a: Pecharunt
|-supereffective|p2a: Pecharunt
|-damage|p2a: Pecharunt|0 fnt
|faint|p2a: Pecharunt
|
|upkeep
|
|t:|1758943104
|switch|p2a: Primarina|Primarina, F|100/100
|-damage|p2a: Primarina|88/100|[from] Stealth Rock
|turn|6
|
|t:|1758943113
|move|p1a: Kyurem|Freeze-Dry|p2a: Primarina
|-supereffective|p2a: Primarina
|-crit|p2a: Primarina
|-damage|p2a: Primarina|7/100
|move|p2a: Primarina|Draining Kiss|p1a: Kyurem
|-supereffective|p1a: Kyurem
|-damage|p1a: Kyurem|66/100
|-heal|p2a: Primarina|39/100|[from] drain|[of] p1a: Kyurem
|
|-heal|p1a: Kyurem|72/100|[from] item: Leftovers
|-heal|p2a: Primarina|45/100|[from] item: Leftovers
|upkeep
|turn|7
|
|t:|1758943122
|move|p1a: Kyurem|Freeze-Dry|p2a: Primarina
|-supereffective|p2a: Primarina
|-damage|p2a: Primarina|0 fnt
|faint|p2a: Primarina
|
|-heal|p1a: Kyurem|78/100|[from] item: Leftovers
|upkeep
|
|t:|1758943126
|switch|p2a: Clefable|Clefable, F|100/100
|turn|8
|
|t:|1758943133
|switch|p1a: Gholdengo|Gholdengo|100/100
|move|p2a: Clefable|Moonblast|p1a: Gholdengo
|-resisted|p1a: Gholdengo
|-damage|p1a: Gholdengo|86/100
|-unboost|p1a: Gholdengo|spa|1
|
|-heal|p1a: Gholdengo|92/100|[from] item: Leftovers
|upkeep
|turn|9
|
|t:|1758943139
|move|p1a: Gholdengo|Thunder Wave|p2a: Clefable
|-status|p2a: Clefable|par
|move|p2a: Clefable|Thunder Wave|p1a: Gholdengo
|-immune|p1a: Gholdengo|[from] ability: Good as Gold
|
|-heal|p1a: Gholdengo|98/100|[from] item: Leftovers
|upkeep
|turn|10
|
|t:|1758943150
|switch|p1a: Kyurem|Kyurem|78/100
|-ability|p1a: Kyurem|Pressure
|move|p2a: Clefable|Knock Off|p1a: Kyurem
|-damage|p1a: Kyurem|67/100
|-enditem|p1a: Kyurem|Leftovers|[from] move: Knock Off|[of] p2a: Clefable
|
|upkeep
|turn|11
|
|t:|1758943160
|move|p1a: Kyurem|Ice Beam|p2a: Clefable
|-damage|p2a: Clefable|73/100 par
|cant|p2a: Clefable|par
|
|-heal|p2a: Clefable|79/100 par|[from] item: Leftovers
|upkeep
|turn|12
|
|t:|1758943168
|move|p1a: Kyurem|Ice Beam|p2a: Clefable
|-damage|p2a: Clefable|50/100 par
|cant|p2a: Clefable|par
|
|-heal|p2a: Clefable|57/100 par|[from] item: Leftovers
|upkeep
|turn|13
|
|t:|1758943176
|move|p1a: Kyurem|Ice Beam|p2a: Clefable
|-damage|p2a: Clefable|31/100 par
|move|p2a: Clefable|Moonblast|p1a: Kyurem
|-supereffective|p1a: Kyurem
|-damage|p1a: Kyurem|32/100
|
|-heal|p2a: Clefable|38/100 par|[from] item: Leftovers
|upkeep
|turn|14
|
|t:|1758943186
|move|p1a: Kyurem|Ice Beam|p2a: Clefable
|-damage|p2a: Clefable|12/100 par
|move|p2a: Clefable|Moonlight|p2a: Clefable
|-heal|p2a: Clefable|62/100 par
|
|-heal|p2a: Clefable|69/100 par|[from] item: Leftovers
|upkeep
|turn|15
|
|t:|1758943195
|switch|p1a: Gholdengo|Gholdengo|98/100
|move|p2a: Clefable|Moonblast|p1a: Gholdengo
|-resisted|p1a: Gholdengo
|-damage|p1a: Gholdengo|83/100
|-unboost|p1a: Gholdengo|spa|1
|
|-heal|p1a: Gholdengo|89/100|[from] item: Leftovers
|-heal|p2a: Clefable|75/100 par|[from] item: Leftovers
|upkeep
|turn|16
|
|t:|1758943204
|switch|p1a: Kyurem|Kyurem|32/100
|-ability|p1a: Kyurem|Pressure
|move|p2a: Clefable|Knock Off|p1a: Kyurem
|-damage|p1a: Kyurem|25/100
|
|-heal|p2a: Clefable|81/100 par|[from] item: Leftovers
|upkeep
|turn|17
|
|t:|1758943218
|move|p1a: Kyurem|Ice Beam|p2a: Clefable
|-damage|p2a: Clefable|54/100 par
|move|p2a: Clefable|Knock Off|p1a: Kyurem
|-damage|p1a: Kyurem|16/100
|
|-heal|p2a: Clefable|60/100 par|[from] item: Leftovers
|upkeep
|turn|18
|
|t:|1758943223
|move|p1a: Kyurem|Ice Beam|p2a: Clefable
|-damage|p2a: Clefable|36/100 par
|move|p2a: Clefable|Moonblast|p1a: Kyurem
|-supereffective|p1a: Kyurem
|-damage|p1a: Kyurem|0 fnt
|faint|p1a: Kyurem
|
|-heal|p2a: Clefable|42/100 par|[from] item: Leftovers
|upkeep
|
|t:|1758943230
|switch|p1a: Gholdengo|Gholdengo|89/100
|turn|19
|
|t:|1758943238
|move|p1a: Gholdengo|Shadow Ball|p2a: Clefable
|-damage|p2a: Clefable|17/100 par
|move|p2a: Clefable|Knock Off|p1a: Gholdengo
|-supereffective|p1a: Gholdengo
|-damage|p1a: Gholdengo|66/100
|-enditem|p1a: Gholdengo|Leftovers|[from] move: Knock Off|[of] p2a: Clefable
|
|-heal|p2a: Clefable|23/100 par|[from] item: Leftovers
|upkeep
|turn|20
|
|t:|1758943253
|move|p1a: Gholdengo|Shadow Ball|p2a: Clefable
|-damage|p2a: Clefable|0 fnt
|faint|p2a: Clefable
|
|upkeep
|
|t:|1758943257
|switch|p2a: Great Tusk|Great Tusk|100/100
|-damage|p2a: Great Tusk|97/100|[from] Stealth Rock
|turn|21
|
|t:|1758943272
|switch|p1a: Zamazenta|Zamazenta|100/100
|-ability|p1a: Zamazenta|Dauntless Shield|boost
|-boost|p1a: Zamazenta|def|1
|move|p2a: Great Tusk|Bulk Up|p2a: Great Tusk
|-boost|p2a: Great Tusk|atk|1
|-boost|p2a: Great Tusk|def|1
|
|-heal|p2a: Great Tusk|100/100|[from] item: Leftovers
|upkeep
|turn|22
|
|t:|1758943284
|move|p1a: Zamazenta|Iron Defense|p1a: Zamazenta
|-boost|p1a: Zamazenta|def|2
|move|p2a: Great Tusk|Rapid Spin|p1a: Zamazenta
|-damage|p1a: Zamazenta|94/100
|-boost|p2a: Great Tusk|spe|1
|-sideend|p2: BenryFunnyOddish|Stealth Rock|[from] move: Rapid Spin|[of] p2a: Great Tusk
|
|upkeep
|turn|23
|
|t:|1758943293
|move|p2a: Great Tusk|Earthquake|p1a: Zamazenta
|-damage|p1a: Zamazenta|72/100
|move|p1a: Zamazenta|Body Press|p2a: Great Tusk
|-damage|p2a: Great Tusk|65/100
|
|-heal|p2a: Great Tusk|71/100|[from] item: Leftovers
|upkeep
|turn|24
|
|t:|1758943301
|move|p2a: Great Tusk|Bulk Up|p2a: Great Tusk
|-boost|p2a: Great Tusk|atk|1
|-boost|p2a: Great Tusk|def|1
|move|p1a: Zamazenta|Iron Defense|p1a: Zamazenta
|-boost|p1a: Zamazenta|def|2
|
|-heal|p2a: Great Tusk|78/100|[from] item: Leftovers
|upkeep
|turn|25
|
|t:|1758943312
|move|p2a: Great Tusk|Earthquake|p1a: Zamazenta
|-damage|p1a: Zamazenta|52/100
|move|p1a: Zamazenta|Iron Defense|p1a: Zamazenta
|-boost|p1a: Zamazenta|def|1
|
|-heal|p2a: Great Tusk|84/100|[from] item: Leftovers
|upkeep
|turn|26
|
|t:|1758943317
|move|p2a: Great Tusk|Earthquake|p1a: Zamazenta
|-damage|p1a: Zamazenta|36/100
|move|p1a: Zamazenta|Body Press|p2a: Great Tusk
|-damage|p2a: Great Tusk|40/100
|
|-heal|p2a: Great Tusk|47/100|[from] item: Leftovers
|upkeep
|turn|27
|
|t:|1758943334
|move|p2a: Great Tusk|Bulk Up|p2a: Great Tusk
|-boost|p2a: Great Tusk|atk|1
|-boost|p2a: Great Tusk|def|1
|move|p1a: Zamazenta|Body Press|p2a: Great Tusk
|-damage|p2a: Great Tusk|17/100
|
|-heal|p2a: Great Tusk|23/100|[from] item: Leftovers
|upkeep
|turn|28
|
|t:|1758943344
|move|p2a: Great Tusk|Earthquake|p1a: Zamazenta
|-damage|p1a: Zamazenta|16/100
|move|p1a: Zamazenta|Rest|p1a: Zamazenta
|-status|p1a: Zamazenta|slp|[from] move: Rest
|-heal|p1a: Zamazenta|100/100 slp|[silent]
|-enditem|p1a: Zamazenta|Chesto Berry|[eat]
|-curestatus|p1a: Zamazenta|slp|[msg]
|
|-heal|p2a: Great Tusk|29/100|[from] item: Leftovers
|upkeep
|turn|29
|
|t:|1758943354
|move|p2a: Great Tusk|Earthquake|p1a: Zamazenta
|-damage|p1a: Zamazenta|80/100
|move|p1a: Zamazenta|Body Press|p2a: Great Tusk
|-damage|p2a: Great Tusk|0 fnt
|faint|p2a: Great Tusk
|-end|p2a: Great Tusk|Protosynthesis|[silent]
|
|upkeep
|
|t:|1758943364
|switch|p2a: Cinderace|Cinderace, F|100/100
|turn|30
|
|t:|1758943369
|move|p1a: Zamazenta|Body Press|p2a: Cinderace
|-damage|p2a: Cinderace|0 fnt
|faint|p2a: Cinderace
|
|upkeep
|-message|BenryFunnyOddish forfeited.
|
|win|V1C7ORYY
|raw|V1C7ORYY's rating: 1365 &rarr; <strong>1386</strong><br />(+21 for winning)
|raw|BenryFunnyOddish's rating: 1390 &rarr; <strong>1369</strong><br />(-21 for losing)
|l|☆BenryFunnyOddish
|player|p2|
|l|☆V1C7ORYY
|player|p1|
|j|☆BenryFunnyOddish
|player|p2|BenryFunnyOddish|miku-ground|
