|j|☆Proutv1
|j|☆Paofficial
|t:|1759003681
|gametype|singles
|player|p1|Proutv1|1|1391
|player|p2|Paofficial|169|1391
|gen|9
|tier|[Gen 9] OU
|rated|
|rule|HP Percentage Mod: HP is shown in percentages
|rule|Endless Battle Clause: Forcing endless battles is banned
|rule|Species Clause: Limit one of each Pokémon
|rule|OHKO Clause: OHKO moves are banned
|rule|Evasion Items Clause: Evasion items are banned
|rule|Evasion Moves Clause: Evasion moves are banned
|rule|Evasion Abilities Clause: Evasion abilities are banned
|rule|Sleep Moves Clause: Sleep-inducing moves are banned
|clearpoke
|poke|p1|Deoxys-Speed|
|poke|p1|Great Tusk|
|poke|p1|Dragapult, M|
|poke|p1|Zapdos|
|poke|p1|Dragonite, F|
|poke|p1|Gholdengo|
|poke|p2|Maushold-Four|
|poke|p2|Clawitzer, F|
|poke|p2|Tsareena, F|
|poke|p2|Armarouge, M|
|poke|p2|Corviknight, M|
|poke|p2|Garchomp, F|
|teampreview
|inactive|Battle timer is ON: inactive players will automatically lose when time's up. (requested by Paofficial)
|inactive|Proutv1 also wants the timer to be on.
|
|t:|1759003695
|teamsize|p1|6
|teamsize|p2|6
|start
|switch|p1a: Dragonite|Dragonite, F|100/100
|switch|p2a: Garchomp|Garchomp, F|100/100
|turn|1
|
|t:|1759003708
|-terastallize|p2a: Garchomp|Steel
|-terastallize|p1a: Dragonite|Normal
|move|p2a: Garchomp|Scale Shot|p1a: Dragonite
|-crit|p1a: Dragonite
|-damage|p1a: Dragonite|88/100
|-damage|p1a: Dragonite|71/100
|-damage|p1a: Dragonite|55/100
|-damage|p1a: Dragonite|39/100
|-hitcount|p1a: Dragonite|4
|-unboost|p2a: Garchomp|def|1
|-boost|p2a: Garchomp|spe|1
|move|p1a: Dragonite|Dragon Dance|p1a: Dragonite
|-boost|p1a: Dragonite|atk|1
|-boost|p1a: Dragonite|spe|1
|
|upkeep
|turn|2
|
|t:|1759003716
|move|p2a: Garchomp|Earthquake|p1a: Dragonite
|-damage|p1a: Dragonite|0 fnt
|faint|p1a: Dragonite
|
|upkeep
|
|t:|1759003722
|switch|p1a: Deoxys|Deoxys-Speed|100/100
|-ability|p1a: Deoxys|Pressure
|turn|3
|
|t:|1759003725
|move|p1a: Deoxys|Superpower|p2a: Garchomp
|-supereffective|p2a: Garchomp
|-damage|p2a: Garchomp|0 fnt
|-unboost|p1a: Deoxys|atk|1
|-unboost|p1a: Deoxys|def|1
|-damage|p1a: Deoxys|88/100|[from] ability: Rough Skin|[of] p2a: Garchomp
|faint|p2a: Garchomp
|-damage|p1a: Deoxys|78/100|[from] item: Life Orb
|
|upkeep
|
|t:|1759003744
|switch|p2a: Armarouge|Armarouge, M|100/100
|turn|4
|
|t:|1759003752
|switch|p1a: Zapdos|Zapdos|100/100
|move|p2a: Armarouge|Armor Cannon|p1a: Zapdos
|-damage|p1a: Zapdos|72/100
|-unboost|p2a: Armarouge|def|1
|-unboost|p2a: Armarouge|spd|1
|
|upkeep
|turn|5
|
|t:|1759003760
|switch|p2a: Maushold|Maushold-Four|100/100
|move|p1a: Zapdos|Hurricane|p2a: Maushold
|-damage|p2a: Maushold|31/100
|
|upkeep
|turn|6
|
|t:|1759003765
|switch|p1a: Great Tusk|Great Tusk|100/100
|move|p2a: Maushold|Population Bomb|p1a: Great Tusk
|-damage|p1a: Great Tusk|95/100
|-damage|p2a: Maushold|14/100|[from] item: Rocky Helmet|[of] p1a: Great Tusk
|-damage|p1a: Great Tusk|90/100
|-damage|p2a: Maushold|0 fnt|[from] item: Rocky Helmet|[of] p1a: Great Tusk
|faint|p2a: Maushold
|-hitcount|p1a: Great Tusk|2
|
|upkeep
|
|t:|1759003772
|switch|p2a: Clawitzer|Clawitzer, F|100/100
|turn|7
|
|t:|1759003777
|-end|p1a: Great Tusk|Protosynthesis|[silent]
|switch|p1a: Zapdos|Zapdos|72/100
|move|p2a: Clawitzer|Water Pulse|p1a: Zapdos
|-damage|p1a: Zapdos|53/100
|
|upkeep
|turn|8
|
|t:|1759003782
|move|p1a: Zapdos|Volt Switch|p2a: Clawitzer
|-supereffective|p2a: Clawitzer
|-damage|p2a: Clawitzer|57/100
|
|t:|1759003786
|switch|p1a: Deoxys|Deoxys-Speed|78/100|[from] Volt Switch
|-ability|p1a: Deoxys|Pressure
|move|p2a: Clawitzer|Water Pulse|p1a: Deoxys
|-damage|p1a: Deoxys|13/100
|-start|p1a: Deoxys|confusion
|
|upkeep
|turn|9
|
|t:|1759003794
|-activate|p1a: Deoxys|confusion
|move|p1a: Deoxys|Psycho Boost|p2a: Clawitzer|[miss]
|-miss|p1a: Deoxys|p2a: Clawitzer
|move|p2a: Clawitzer|Dragon Pulse|p1a: Deoxys
|-damage|p1a: Deoxys|0 fnt
|faint|p1a: Deoxys
|
|upkeep
|
|t:|1759003800
|switch|p1a: Zapdos|Zapdos|53/100
|turn|10
|
|t:|1759003803
|move|p1a: Zapdos|Discharge|p2a: Clawitzer
|-supereffective|p2a: Clawitzer
|-damage|p2a: Clawitzer|6/100
|-status|p2a: Clawitzer|par
|move|p2a: Clawitzer|Water Pulse|p1a: Zapdos
|-damage|p1a: Zapdos|31/100
|-start|p1a: Zapdos|confusion
|
|upkeep
|turn|11
|
|t:|1759003809
|-activate|p1a: Zapdos|confusion
|move|p1a: Zapdos|Discharge|p2a: Clawitzer
|-supereffective|p2a: Clawitzer
|-damage|p2a: Clawitzer|0 fnt
|faint|p2a: Clawitzer
|
|upkeep
|
|t:|1759003818
|switch|p2a: Tsareena|Tsareena, F|100/100
|turn|12
|
|t:|1759003823
|-activate|p1a: Zapdos|confusion
|move|p1a: Zapdos|Hurricane|p2a: Tsareena|[miss]
|-miss|p1a: Zapdos|p2a: Tsareena
|move|p2a: Tsareena|Trailblaze|p1a: Zapdos
|-resisted|p1a: Zapdos
|-damage|p1a: Zapdos|18/100
|-boost|p2a: Tsareena|spe|1
|
|upkeep
|turn|13
|
|t:|1759003833
|move|p2a: Tsareena|Knock Off|p1a: Zapdos
|-damage|p1a: Zapdos|0 fnt
|-enditem|p1a: Zapdos|Assault Vest|[from] move: Knock Off|[of] p2a: Tsareena
|faint|p1a: Zapdos
|
|upkeep
|
|t:|1759003844
|switch|p1a: Great Tusk|Great Tusk|90/100
|turn|14
|
|t:|1759003847
|move|p2a: Tsareena|Trailblaze|p1a: Great Tusk
|-supereffective|p1a: Great Tusk
|-damage|p1a: Great Tusk|64/100
|-boost|p2a: Tsareena|spe|1
|-damage|p2a: Tsareena|84/100|[from] item: Rocky Helmet|[of] p1a: Great Tusk
|move|p1a: Great Tusk|Ice Spinner|p2a: Tsareena
|-supereffective|p2a: Tsareena
|-damage|p2a: Tsareena|38/100
|
|upkeep
|turn|15
|
|t:|1759003859
|switch|p2a: Armarouge|Armarouge, M|100/100
|move|p1a: Great Tusk|Ice Spinner|p2a: Armarouge
|-resisted|p2a: Armarouge
|-damage|p2a: Armarouge|90/100
|-ability|p2a: Armarouge|Weak Armor|boost
|-unboost|p2a: Armarouge|def|1
|-boost|p2a: Armarouge|spe|2
|
|upkeep
|turn|16
|
|t:|1759003866
|move|p2a: Armarouge|Stored Power|p1a: Great Tusk
|-supereffective|p1a: Great Tusk
|-damage|p1a: Great Tusk|0 fnt
|faint|p1a: Great Tusk
|-end|p1a: Great Tusk|Protosynthesis|[silent]
|
|upkeep
|
|t:|1759003871
|switch|p1a: Dragapult|Dragapult, M|100/100
|turn|17
|
|t:|1759003875
|switch|p2a: Corviknight|Corviknight, M|100/100
|move|p1a: Dragapult|Sucker Punch||[still]
|-fail|p1a: Dragapult
|
|upkeep
|turn|18
|
|t:|1759003883
|switch|p1a: Gholdengo|Gholdengo|100/100
|move|p2a: Corviknight|Brave Bird|p1a: Gholdengo
|-resisted|p1a: Gholdengo
|-damage|p1a: Gholdengo|78/100
|-damage|p2a: Corviknight|94/100|[from] Recoil
|
|upkeep
|turn|19
|
|t:|1759003893
|move|p1a: Gholdengo|Trick|p2a: Corviknight
|-activate|p1a: Gholdengo|move: Trick|[of] p2a: Corviknight
|-item|p2a: Corviknight|Choice Scarf|[from] move: Trick
|-item|p1a: Gholdengo|Rocky Helmet|[from] move: Trick
|move|p2a: Corviknight|Tailwind|p2a: Corviknight
|-sidestart|p2: Paofficial|move: Tailwind
|
|upkeep
|turn|20
|
|t:|1759003898
|switch|p2a: Armarouge|Armarouge, M|90/100
|move|p1a: Gholdengo|Shadow Ball|p2a: Armarouge
|-supereffective|p2a: Armarouge
|-damage|p2a: Armarouge|0 fnt
|faint|p2a: Armarouge
|
|upkeep
|
|t:|1759003901
|switch|p2a: Tsareena|Tsareena, F|38/100
|turn|21
|
|t:|1759003904
|move|p2a: Tsareena|Knock Off|p1a: Gholdengo
|-supereffective|p1a: Gholdengo
|-damage|p1a: Gholdengo|3/100
|-damage|p2a: Tsareena|21/100|[from] item: Rocky Helmet|[of] p1a: Gholdengo
|-enditem|p1a: Gholdengo|Rocky Helmet|[from] move: Knock Off|[of] p2a: Tsareena
|move|p1a: Gholdengo|Shadow Ball|p2a: Tsareena
|-damage|p2a: Tsareena|0 fnt
|faint|p2a: Tsareena
|
|upkeep
|
|t:|1759003907
|switch|p2a: Corviknight|Corviknight, M|94/100
|turn|22
|
|t:|1759003927
|move|p2a: Corviknight|Brave Bird|p1a: Gholdengo
|-resisted|p1a: Gholdengo
|-damage|p1a: Gholdengo|0 fnt
|faint|p1a: Gholdengo
|-damage|p2a: Corviknight|94/100|[from] Recoil
|
|-sideend|p2: Paofficial|move: Tailwind
|upkeep
|
|t:|1759003929
|switch|p1a: Dragapult|Dragapult, M|100/100
|turn|23
|
|t:|1759003933
|move|p1a: Dragapult|Dragon Darts|p2a: Corviknight
|-resisted|p2a: Corviknight
|-damage|p2a: Corviknight|81/100
|-anim|p1a: Dragapult|Dragon Darts|p2a: Corviknight
|-resisted|p2a: Corviknight
|-damage|p2a: Corviknight|69/100
|move|p2a: Corviknight|Brave Bird|p1a: Dragapult
|-damage|p1a: Dragapult|41/100
|-damage|p2a: Corviknight|53/100|[from] Recoil
|
|upkeep
|turn|24
|c|☆Proutv1|gg
|
|t:|1759003947
|move|p1a: Dragapult|Dragon Darts|p2a: Corviknight
|-resisted|p2a: Corviknight
|-damage|p2a: Corviknight|41/100
|-anim|p1a: Dragapult|Dragon Darts|p2a: Corviknight
|-resisted|p2a: Corviknight
|-damage|p2a: Corviknight|28/100
|move|p2a: Corviknight|Brave Bird|p1a: Dragapult
|-damage|p1a: Dragapult|0 fnt
|faint|p1a: Dragapult
|-damage|p2a: Corviknight|18/100|[from] Recoil
|
|win|Paofficial
|raw|Proutv1's rating: 1391 &rarr; <strong>1371</strong><br />(-20 for losing)
|raw|Paofficial's rating: 1391 &rarr; <strong>1411</strong><br />(+20 for winning)
|l|☆Proutv1
|player|p1|
|l|☆Paofficial
|player|p2|
