|badge|p1|bronze|gen9ou|100-6
|html|<div class="broadcast-red"><strong>This battle is required to be public due to one or more player having a season medal.</strong><br />During the public phase, you can discuss the state of the ladder <a href="/seasondiscussion">in a special chatroom.</a></div>
|uhtml|medal-msg|<div class="broadcast-blue">Curious what those medals under the avatar are? PS now has Ladder Seasons! For more information, check out the <a href="https://www.smogon.com/forums/threads/3740067/">thread on Smogon.</a></div>
|badge|p2|bronze|gen9ou|100-6
|uhtml|medal-msg|<div class="broadcast-blue">Curious what those medals under the avatar are? PS now has Ladder Seasons! For more information, check out the <a href="https://www.smogon.com/forums/threads/3740067/">thread on Smogon.</a></div>
|raw|<div class="broadcast-blue"><strong>This battle is required to be public due to a player having a name starting with 'medal'.</div>
|j|☆pavijo28
|j|☆shuinifengB
|t:|1758961377
|gametype|singles
|player|p1|pavijo28|266|1900
|player|p2|shuinifengB|phoebe-masters|1822
|gen|9
|tier|[Gen 9] OU
|rated|
|rule|HP Percentage Mod: HP is shown in percentages
|rule|Endless Battle Clause: Forcing endless battles is banned
|rule|Species Clause: Limit one of each Pokémon
|rule|OHKO Clause: OHKO moves are banned
|rule|Evasion Items Clause: Evasion items are banned
|rule|Evasion Moves Clause: Evasion moves are banned
|rule|Evasion Abilities Clause: Evasion abilities are banned
|rule|Sleep Moves Clause: Sleep-inducing moves are banned
|clearpoke
|poke|p1|Ursaluna, M|
|poke|p1|Hatterene, F|
|poke|p1|Enamorus-Therian, F|
|poke|p1|Slowking-Galar, M|
|poke|p1|Cresselia, F|
|poke|p1|Volcanion|
|poke|p2|Dondozo, F|
|poke|p2|Blissey, F|
|poke|p2|Corviknight, F|
|poke|p2|Weezing-Galar, F|
|poke|p2|Gliscor, F|
|poke|p2|Toxapex, M|
|teampreview
|j| larp legion
|inactive|Battle timer is ON: inactive players will automatically lose when time's up. (requested by shuinifengB)
|j| locked in bro
|
|t:|1758961395
|teamsize|p1|6
|teamsize|p2|6
|start
|switch|p1a: Volcanion|Volcanion|100/100
|switch|p2a: Gliscor|Gliscor, F|100/100
|-item|p1a: Volcanion|Air Balloon
|turn|1
|
|t:|1758961409
|move|p2a: Gliscor|Protect|p2a: Gliscor
|-singleturn|p2a: Gliscor|Protect
|move|p1a: Volcanion|Will-O-Wisp|p2a: Gliscor
|-activate|p2a: Gliscor|move: Protect
|
|-status|p2a: Gliscor|tox|[from] item: Toxic Orb
|upkeep
|turn|2
|
|t:|1758961435
|switch|p2a: BLACKPINK|Toxapex, M|100/100
|move|p1a: Volcanion|Steam Eruption|p2a: BLACKPINK
|-resisted|p2a: BLACKPINK
|-damage|p2a: BLACKPINK|82/100
|-status|p2a: BLACKPINK|brn
|
|-heal|p2a: BLACKPINK|88/100 brn|[from] item: Black Sludge
|-damage|p2a: BLACKPINK|82/100 brn|[from] brn
|upkeep
|turn|3
|inactive|shuinifengB has 120 seconds left.
|
|t:|1758961457
|switch|p1a: Ursaluna|Ursaluna, M|100/100
|move|p2a: BLACKPINK|Toxic|p1a: Ursaluna
|-status|p1a: Ursaluna|tox
|
|-heal|p2a: BLACKPINK|88/100 brn|[from] item: Black Sludge
|-damage|p1a: Ursaluna|94/100 tox|[from] psn
|-damage|p2a: BLACKPINK|82/100 brn|[from] brn
|upkeep
|turn|4
|inactive|shuinifengB has 120 seconds left.
|
|t:|1758961482
|switch|p2a: Corviknight|Corviknight, F|100/100
|-ability|p2a: Corviknight|Pressure
|-terastallize|p1a: Ursaluna|Normal
|move|p1a: Ursaluna|Facade|p2a: Corviknight
|-resisted|p2a: Corviknight
|-damage|p2a: Corviknight|52/100
|
|-heal|p2a: Corviknight|58/100|[from] item: Leftovers
|-damage|p1a: Ursaluna|82/100 tox|[from] psn
|upkeep
|turn|5
|j| stanley garden
|inactive|pavijo28 has 120 seconds left.
|inactive|shuinifengB has 90 seconds left.
|
|t:|1758961530
|move|p1a: Ursaluna|Fire Punch|p2a: Corviknight
|-supereffective|p2a: Corviknight
|-damage|p2a: Corviknight|2/100
|move|p2a: Corviknight|Iron Defense|p2a: Corviknight
|-boost|p2a: Corviknight|def|2
|
|-heal|p2a: Corviknight|8/100|[from] item: Leftovers
|-damage|p1a: Ursaluna|63/100 tox|[from] psn
|upkeep
|turn|6
|
|t:|1758961542
|move|p1a: Ursaluna|Facade|p2a: Corviknight
|-resisted|p2a: Corviknight
|-damage|p2a: Corviknight|0 fnt
|faint|p2a: Corviknight
|
|-damage|p1a: Ursaluna|39/100 tox|[from] psn
|upkeep
|l| larp legion
|
|t:|1758961555
|switch|p2a: Gliscor|Gliscor, F|100/100 tox
|turn|7
|
|t:|1758961560
|switch|p1a: Hatterene|Hatterene, F|100/100
|move|p2a: Gliscor|Protect||[still]
|-fail|p2a: Gliscor
|
|upkeep
|turn|8
|l| stanley garden
|
|t:|1758961567
|move|p2a: Gliscor|Knock Off|p1a: Hatterene
|-damage|p1a: Hatterene|83/100
|-enditem|p1a: Hatterene|Focus Sash|[from] move: Knock Off|[of] p2a: Gliscor
|move|p1a: Hatterene|Healing Wish|p1a: Hatterene
|faint|p1a: Hatterene
|
|upkeep
|
|t:|1758961569
|switch|p1a: Ursaluna|Ursaluna, M, tera:Normal|39/100 tox
|-heal|p1a: Ursaluna|100/100|[from] move: Healing Wish
|turn|9
|
|t:|1758961578
|move|p1a: Ursaluna|Protect|p1a: Ursaluna
|-singleturn|p1a: Ursaluna|Protect
|move|p2a: Gliscor|Knock Off|p1a: Ursaluna
|-activate|p1a: Ursaluna|move: Protect
|
|-status|p1a: Ursaluna|brn|[from] item: Flame Orb
|upkeep
|turn|10
|j| Rainbow Chrome
|inactive|shuinifengB has 90 seconds left.
|
|t:|1758961602
|move|p2a: Gliscor|Spikes|p1a: Ursaluna
|-sidestart|p1: pavijo28|Spikes
|move|p1a: Ursaluna|Facade|p2a: Gliscor
|-damage|p2a: Gliscor|0 fnt
|faint|p2a: Gliscor
|
|-damage|p1a: Ursaluna|94/100 brn|[from] brn
|upkeep
|
|t:|1758961606
|switch|p2a: Weezing|Weezing-Galar, F|100/100
|-ability|p2a: Weezing|Neutralizing Gas
|turn|11
|j| amefurikoneko
|j| wgw2333
|
|t:|1758961619
|-terastallize|p2a: Weezing|Ghost
|move|p1a: Ursaluna|Facade|p2a: Weezing
|-immune|p2a: Weezing
|move|p2a: Weezing|Strange Steam|p1a: Ursaluna
|-damage|p1a: Ursaluna|66/100 brn
|-start|p1a: Ursaluna|confusion
|
|-damage|p1a: Ursaluna|59/100 brn|[from] brn
|upkeep
|turn|12
|l| amefurikoneko
|
|t:|1758961636
|switch|p1a: Volcanion|Volcanion|100/100
|-item|p1a: Volcanion|Air Balloon
|move|p2a: Weezing|Strange Steam|p1a: Volcanion
|-resisted|p1a: Volcanion
|-damage|p1a: Volcanion|83/100
|-enditem|p1a: Volcanion|Air Balloon
|
|upkeep
|turn|13
|
|t:|1758961649
|-end|p2a: Weezing|ability: Neutralizing Gas
|switch|p2a: Blissey|Blissey, F|100/100
|move|p1a: Volcanion|Will-O-Wisp|p2a: Blissey
|-status|p2a: Blissey|brn
|
|-damage|p2a: Blissey|94/100 brn|[from] brn
|upkeep
|turn|14
|
|t:|1758961659
|move|p1a: Volcanion|Steam Eruption|p2a: Blissey
|-damage|p2a: Blissey|74/100 brn
|move|p2a: Blissey|Stealth Rock|p1a: Volcanion
|-sidestart|p1: pavijo28|move: Stealth Rock
|
|-damage|p2a: Blissey|67/100 brn|[from] brn
|upkeep
|turn|15
|
|t:|1758961685
|move|p1a: Volcanion|Earth Power|p2a: Blissey
|-damage|p2a: Blissey|57/100 brn
|move|p2a: Blissey|Soft-Boiled|p2a: Blissey
|-heal|p2a: Blissey|100/100 brn
|
|-damage|p2a: Blissey|94/100 brn|[from] brn
|upkeep
|turn|16
|
|t:|1758961700
|switch|p1a: Slowking|Slowking-Galar, M|100/100
|move|p2a: Blissey|Calm Mind|p2a: Blissey
|-boost|p2a: Blissey|spa|1
|-boost|p2a: Blissey|spd|1
|
|-damage|p2a: Blissey|88/100 brn|[from] brn
|upkeep
|turn|17
|inactive|shuinifengB has 120 seconds left.
|j| Julio Cesarrr
|
|t:|1758961718
|move|p2a: Blissey|Calm Mind|p2a: Blissey
|-boost|p2a: Blissey|spa|1
|-boost|p2a: Blissey|spd|1
|move|p1a: Slowking|Focus Blast|p2a: Blissey
|-supereffective|p2a: Blissey
|-damage|p2a: Blissey|79/100 brn
|
|-damage|p2a: Blissey|73/100 brn|[from] brn
|upkeep
|turn|18
|l| Julio Cesarrr
|
|t:|1758961726
|move|p2a: Blissey|Calm Mind|p2a: Blissey
|-boost|p2a: Blissey|spa|1
|-boost|p2a: Blissey|spd|1
|-prepare|p1a: Slowking|Chilly Reception|[premajor]
|move|p1a: Slowking|Chilly Reception|p1a: Slowking
|-weather|Snowscape
|
|t:|1758961734
|switch|p1a: Ursaluna|Ursaluna, M, tera:Normal|59/100 brn|[from] Chilly Reception
|-damage|p1a: Ursaluna|47/100 brn|[from] Spikes
|-damage|p1a: Ursaluna|35/100 brn|[from] Stealth Rock
|
|-weather|Snowscape|[upkeep]
|-damage|p1a: Ursaluna|29/100 brn|[from] brn
|-damage|p2a: Blissey|67/100 brn|[from] brn
|upkeep
|turn|19
|inactive|pavijo28 has 120 seconds left.
|
|t:|1758961770
|switch|p1a: Enamorus|Enamorus-Therian, F|100/100
|-damage|p1a: Enamorus|76/100|[from] Stealth Rock
|-curestatus|p2a: Blissey|brn|[from] ability: Natural Cure
|switch|p2a: Weezing|Weezing-Galar, F, tera:Ghost|100/100
|-ability|p2a: Weezing|Neutralizing Gas
|
|-weather|Snowscape|[upkeep]
|upkeep
|turn|20
|
|t:|1758961786
|-end|p2a: Weezing|ability: Neutralizing Gas
|switch|p2a: Blissey|Blissey, F|67/100
|move|p1a: Enamorus|Moonblast|p2a: Blissey
|-damage|p2a: Blissey|41/100
|
|-weather|Snowscape|[upkeep]
|upkeep
|turn|21
|
|t:|1758961791
|move|p2a: Blissey|Soft-Boiled|p2a: Blissey
|-heal|p2a: Blissey|91/100
|move|p1a: Enamorus|Moonblast|p2a: Blissey
|-damage|p2a: Blissey|64/100
|
|-weather|Snowscape|[upkeep]
|upkeep
|turn|22
|
|t:|1758961794
|switch|p2a: BLACKPINK|Toxapex, M|100/100 brn
|move|p1a: Enamorus|Moonblast|p2a: BLACKPINK
|-resisted|p2a: BLACKPINK
|-damage|p2a: BLACKPINK|74/100 brn
|
|-weather|none
|-heal|p2a: BLACKPINK|80/100 brn|[from] item: Black Sludge
|-damage|p2a: BLACKPINK|74/100 brn|[from] brn
|upkeep
|turn|23
|
|t:|1758961803
|switch|p1a: Slowking|Slowking-Galar, M|100/100
|move|p2a: BLACKPINK|Toxic Spikes|p1a: Slowking
|-sidestart|p1: pavijo28|move: Toxic Spikes
|
|-heal|p2a: BLACKPINK|80/100 brn|[from] item: Black Sludge
|-damage|p2a: BLACKPINK|74/100 brn|[from] brn
|upkeep
|turn|24
|
|t:|1758961823
|move|p2a: BLACKPINK|Toxic Spikes|p1a: Slowking
|-sidestart|p1: pavijo28|move: Toxic Spikes
|-prepare|p1a: Slowking|Chilly Reception|[premajor]
|move|p1a: Slowking|Chilly Reception|p1a: Slowking
|-weather|Snowscape
|
|t:|1758961831
|switch|p1a: Cresselia|Cresselia, F|100/100|[from] Chilly Reception
|-damage|p1a: Cresselia|88/100|[from] Stealth Rock
|
|-weather|Snowscape|[upkeep]
|-heal|p2a: BLACKPINK|80/100 brn|[from] item: Black Sludge
|-damage|p2a: BLACKPINK|74/100 brn|[from] brn
|upkeep
|turn|25
|
|t:|1758961841
|switch|p1a: Enamorus|Enamorus-Therian, F|76/100
|-damage|p1a: Enamorus|51/100|[from] Stealth Rock
|move|p2a: BLACKPINK|Toxic|p1a: Enamorus
|-status|p1a: Enamorus|tox
|
|-weather|Snowscape|[upkeep]
|-heal|p2a: BLACKPINK|80/100 brn|[from] item: Black Sludge
|-damage|p1a: Enamorus|45/100 tox|[from] psn
|-damage|p2a: BLACKPINK|74/100 brn|[from] brn
|upkeep
|turn|26
|
|t:|1758961862
|switch|p2a: Blissey|Blissey, F|64/100
|move|p1a: Enamorus|Earth Power|p2a: Blissey
|-damage|p2a: Blissey|49/100
|
|-weather|Snowscape|[upkeep]
|-damage|p1a: Enamorus|33/100 tox|[from] psn
|upkeep
|turn|27
|
|t:|1758961868
|switch|p1a: Cresselia|Cresselia, F|88/100
|-damage|p1a: Cresselia|76/100|[from] Stealth Rock
|move|p2a: Blissey|Soft-Boiled|p2a: Blissey
|-heal|p2a: Blissey|99/100
|
|-weather|Snowscape|[upkeep]
|upkeep
|turn|28
|
|t:|1758961879
|switch|p1a: Slowking|Slowking-Galar, M|100/100
|-sideend|p1: pavijo28|move: Toxic Spikes|[of] p1a: Slowking
|switch|p2a: BLACKPINK|Toxapex, M|100/100 brn
|
|-weather|none
|-damage|p2a: BLACKPINK|94/100 brn|[from] brn
|upkeep
|turn|29
|
|t:|1758961882
|move|p2a: BLACKPINK|Toxic Spikes|p1a: Slowking
|-sidestart|p1: pavijo28|move: Toxic Spikes
|move|p1a: Slowking|Psychic|p2a: BLACKPINK
|-supereffective|p2a: BLACKPINK
|-damage|p2a: BLACKPINK|47/100 brn
|
|-heal|p2a: BLACKPINK|53/100 brn|[from] item: Black Sludge
|-damage|p2a: BLACKPINK|47/100 brn|[from] brn
|upkeep
|turn|30
|
|t:|1758961893
|move|p2a: BLACKPINK|Recover|p2a: BLACKPINK
|-heal|p2a: BLACKPINK|97/100 brn
|move|p1a: Slowking|Psychic|p2a: BLACKPINK
|-supereffective|p2a: BLACKPINK
|-damage|p2a: BLACKPINK|50/100 brn
|
|-heal|p2a: BLACKPINK|56/100 brn|[from] item: Black Sludge
|-damage|p2a: BLACKPINK|50/100 brn|[from] brn
|upkeep
|turn|31
|
|t:|1758961905
|switch|p1a: Cresselia|Cresselia, F|76/100
|-damage|p1a: Cresselia|63/100|[from] Stealth Rock
|move|p2a: BLACKPINK|Recover|p2a: BLACKPINK
|-heal|p2a: BLACKPINK|99/100 brn
|
|-heal|p2a: BLACKPINK|100/100 brn|[from] item: Black Sludge
|-damage|p2a: BLACKPINK|94/100 brn|[from] brn
|upkeep
|turn|32
|
|t:|1758961914
|move|p1a: Cresselia|Psychic|p2a: BLACKPINK
|-supereffective|p2a: BLACKPINK
|-damage|p2a: BLACKPINK|59/100 brn
|move|p2a: BLACKPINK|Toxic|p1a: Cresselia
|-status|p1a: Cresselia|tox
|
|-heal|p2a: BLACKPINK|65/100 brn|[from] item: Black Sludge
|-damage|p1a: Cresselia|57/100 tox|[from] psn
|-damage|p2a: BLACKPINK|59/100 brn|[from] brn
|upkeep
|turn|33
|
|t:|1758961922
|switch|p2a: Blissey|Blissey, F|99/100
|move|p1a: Cresselia|Lunar Dance|p1a: Cresselia
|faint|p1a: Cresselia
|
|upkeep
|
|t:|1758961926
|switch|p1a: Ursaluna|Ursaluna, M, tera:Normal|29/100 brn
|-heal|p1a: Ursaluna|100/100|[from] move: Lunar Dance
|-damage|p1a: Ursaluna|88/100|[from] Spikes
|-damage|p1a: Ursaluna|76/100|[from] Stealth Rock
|-status|p1a: Ursaluna|psn
|turn|34
|
|t:|1758961930
|switch|p2a: Weezing|Weezing-Galar, F, tera:Ghost|100/100
|-ability|p2a: Weezing|Neutralizing Gas
|move|p1a: Ursaluna|Headlong Rush|p2a: Weezing
|-damage|p2a: Weezing|51/100
|-unboost|p1a: Ursaluna|def|1
|-unboost|p1a: Ursaluna|spd|1
|
|-damage|p1a: Ursaluna|63/100 psn|[from] psn
|upkeep
|turn|35
|
|t:|1758961938
|move|p1a: Ursaluna|Headlong Rush|p2a: Weezing
|-damage|p2a: Weezing|1/100
|-unboost|p1a: Ursaluna|def|1
|-unboost|p1a: Ursaluna|spd|1
|move|p2a: Weezing|Pain Split|p1a: Ursaluna
|-sethp|p1a: Ursaluna|32/100 psn|[from] move: Pain Split|[silent]
|-sethp|p2a: Weezing|41/100|[from] move: Pain Split
|
|-damage|p1a: Ursaluna|20/100 psn|[from] psn
|upkeep
|turn|36
|j| hnhgjmmkn
|
|t:|1758961952
|move|p1a: Ursaluna|Headlong Rush|p2a: Weezing
|-damage|p2a: Weezing|0 fnt
|-unboost|p1a: Ursaluna|def|1
|-unboost|p1a: Ursaluna|spd|1
|faint|p2a: Weezing
|-end|p2a: Weezing|ability: Neutralizing Gas
|
|-damage|p1a: Ursaluna|8/100 psn|[from] psn
|upkeep
|
|t:|1758961955
|switch|p2a: Dondozo|Dondozo, F|100/100
|turn|37
|
|t:|1758961966
|move|p1a: Ursaluna|Facade|p2a: Dondozo
|-crit|p2a: Dondozo
|-damage|p2a: Dondozo|0 fnt
|faint|p2a: Dondozo
|
|-damage|p1a: Ursaluna|0 fnt|[from] psn
|faint|p1a: Ursaluna
|upkeep
|
|t:|1758961980
|switch|p1a: Slowking|Slowking-Galar, M|100/100
|switch|p2a: BLACKPINK|Toxapex, M|92/100 brn
|-sideend|p1: pavijo28|move: Toxic Spikes|[of] p1a: Slowking
|turn|38
|
|t:|1758961985
|move|p2a: BLACKPINK|Toxic Spikes|p1a: Slowking
|-sidestart|p1: pavijo28|move: Toxic Spikes
|move|p1a: Slowking|Psychic|p2a: BLACKPINK
|-supereffective|p2a: BLACKPINK
|-damage|p2a: BLACKPINK|48/100 brn
|
|-heal|p2a: BLACKPINK|54/100 brn|[from] item: Black Sludge
|-damage|p2a: BLACKPINK|48/100 brn|[from] brn
|upkeep
|turn|39
|
|t:|1758961990
|move|p2a: BLACKPINK|Recover|p2a: BLACKPINK
|-heal|p2a: BLACKPINK|98/100 brn
|move|p1a: Slowking|Psychic|p2a: BLACKPINK
|-supereffective|p2a: BLACKPINK
|-damage|p2a: BLACKPINK|52/100 brn
|
|-heal|p2a: BLACKPINK|58/100 brn|[from] item: Black Sludge
|-damage|p2a: BLACKPINK|52/100 brn|[from] brn
|upkeep
|turn|40
|
|t:|1758961993
|switch|p2a: Blissey|Blissey, F|99/100
|move|p1a: Slowking|Psychic|p2a: Blissey
|-damage|p2a: Blissey|90/100
|
|upkeep
|turn|41
|
|t:|1758961997
|move|p2a: Blissey|Calm Mind|p2a: Blissey
|-boost|p2a: Blissey|spa|1
|-boost|p2a: Blissey|spd|1
|move|p1a: Slowking|Psychic|p2a: Blissey
|-damage|p2a: Blissey|82/100
|
|upkeep
|turn|42
|
|t:|1758962000
|move|p2a: Blissey|Calm Mind|p2a: Blissey
|-boost|p2a: Blissey|spa|1
|-boost|p2a: Blissey|spd|1
|move|p1a: Slowking|Psychic|p2a: Blissey
|-damage|p2a: Blissey|77/100
|
|upkeep
|turn|43
|
|t:|1758962009
|move|p2a: Blissey|Calm Mind|p2a: Blissey
|-boost|p2a: Blissey|spa|1
|-boost|p2a: Blissey|spd|1
|move|p1a: Slowking|Focus Blast|p2a: Blissey
|-supereffective|p2a: Blissey
|-damage|p2a: Blissey|69/100
|
|upkeep
|turn|44
|
|t:|1758962015
|move|p2a: Blissey|Calm Mind|p2a: Blissey
|-boost|p2a: Blissey|spa|1
|-boost|p2a: Blissey|spd|1
|move|p1a: Slowking|Focus Blast|p2a: Blissey
|-supereffective|p2a: Blissey
|-damage|p2a: Blissey|63/100
|
|upkeep
|turn|45
|
|t:|1758962021
|move|p2a: Blissey|Calm Mind|p2a: Blissey
|-boost|p2a: Blissey|spa|1
|-boost|p2a: Blissey|spd|1
|move|p1a: Slowking|Focus Blast|p2a: Blissey
|-supereffective|p2a: Blissey
|-damage|p2a: Blissey|58/100
|
|upkeep
|turn|46
|l| locked in bro
|
|t:|1758962026
|move|p2a: Blissey|Soft-Boiled|p2a: Blissey
|-heal|p2a: Blissey|100/100
|move|p1a: Slowking|Focus Blast|p2a: Blissey
|-supereffective|p2a: Blissey
|-damage|p2a: Blissey|95/100
|
|upkeep
|turn|47
|
|t:|1758962030
|move|p2a: Blissey|Calm Mind|p2a: Blissey
|-boost|p2a: Blissey|spa|1
|-boost|p2a: Blissey|spd|1
|move|p1a: Slowking|Focus Blast|p2a: Blissey
|-supereffective|p2a: Blissey
|-damage|p2a: Blissey|90/100
|
|upkeep
|turn|48
|
|t:|1758962033
|move|p2a: Blissey|Shadow Ball|p1a: Slowking
|-supereffective|p1a: Slowking
|-damage|p1a: Slowking|14/100
|move|p1a: Slowking|Focus Blast|p2a: Blissey
|-supereffective|p2a: Blissey
|-damage|p2a: Blissey|85/100
|
|upkeep
|turn|49
|
|t:|1758962040
|switch|p1a: Enamorus|Enamorus-Therian, F|33/100 tox
|-damage|p1a: Enamorus|8/100 tox|[from] Stealth Rock
|move|p2a: Blissey|Shadow Ball|p1a: Enamorus
|-damage|p1a: Enamorus|0 fnt
|faint|p1a: Enamorus
|
|upkeep
|
|t:|1758962045
|switch|p1a: Slowking|Slowking-Galar, M|47/100
|-sideend|p1: pavijo28|move: Toxic Spikes|[of] p1a: Slowking
|turn|50
|
|t:|1758962048
|move|p2a: Blissey|Shadow Ball|p1a: Slowking
|-supereffective|p1a: Slowking
|-damage|p1a: Slowking|0 fnt
|faint|p1a: Slowking
|
|upkeep
|
|t:|1758962050
|switch|p1a: Volcanion|Volcanion|83/100
|-damage|p1a: Volcanion|71/100|[from] Spikes
|-damage|p1a: Volcanion|46/100|[from] Stealth Rock
|turn|51
|
|t:|1758962052
|move|p1a: Volcanion|Steam Eruption|p2a: Blissey|[miss]
|-miss|p1a: Volcanion|p2a: Blissey
|move|p2a: Blissey|Shadow Ball|p1a: Volcanion
|-damage|p1a: Volcanion|0 fnt
|faint|p1a: Volcanion
|
|win|shuinifengB
|raw|pavijo28's rating: 1900 &rarr; <strong>1876</strong><br />(-24 for losing)
|raw|shuinifengB's rating: 1822 &rarr; <strong>1846</strong><br />(+24 for winning)
|c|☆shuinifengB|gg
|l|☆pavijo28
|player|p1|
|l| hnhgjmmkn
|l|☆shuinifengB
|player|p2|
|l| wgw2333
