|j|☆benjiibruh
|j|☆ToastSpirit
|t:|1759033804
|gametype|singles
|player|p1|benjiibruh|102|1662
|player|p2|ToastSpirit|n|1618
|gen|9
|tier|[Gen 9] OU
|rated|
|rule|HP Percentage Mod: HP is shown in percentages
|rule|Endless Battle Clause: Forcing endless battles is banned
|rule|Species Clause: Limit one of each Pokémon
|rule|OHKO Clause: OHKO moves are banned
|rule|Evasion Items Clause: Evasion items are banned
|rule|Evasion Moves Clause: Evasion moves are banned
|rule|Evasion Abilities Clause: Evasion abilities are banned
|rule|Sleep Moves Clause: Sleep-inducing moves are banned
|clearpoke
|poke|p1|Torkoal, F|
|poke|p1|Walking Wake|
|poke|p1|Hatterene, F|
|poke|p1|Lilligant-Hisui, F|
|poke|p1|Iron Moth|
|poke|p1|Raging Bolt|
|poke|p2|Iron Boulder|
|poke|p2|Ogerpon-Wellspring, F|
|poke|p2|Glimmora, M|
|poke|p2|Kingambit, M|
|poke|p2|Dragapult, F|
|poke|p2|Iron Valiant|
|teampreview
|c|☆ToastSpirit|meow
|
|t:|1759033817
|teamsize|p1|6
|teamsize|p2|6
|start
|switch|p1a: Torkoal|Torkoal, F|100/100
|switch|p2a: poisn|Glimmora, M|100/100
|-weather|SunnyDay|[from] ability: Drought|[of] p1a: Torkoal
|turn|1
|
|t:|1759033863
|switch|p1a: Hatterene|Hatterene, F|100/100
|move|p2a: poisn|Power Gem|p1a: Hatterene
|-damage|p1a: Hatterene|59/100
|-enditem|p1a: Hatterene|Eject Button
|
|t:|1759033875
|switch|p1a: Walking Wake|Walking Wake|100/100
|-activate|p1a: Walking Wake|ability: Protosynthesis
|-start|p1a: Walking Wake|protosynthesisspa
|
|-weather|SunnyDay|[upkeep]
|upkeep
|turn|2
|
|t:|1759033885
|switch|p2a: watr|Ogerpon-Wellspring, F|100/100
|move|p1a: Walking Wake|Draco Meteor|p2a: watr
|-damage|p2a: watr|0 fnt
|-unboost|p1a: Walking Wake|spa|2
|faint|p2a: watr
|
|-weather|SunnyDay|[upkeep]
|upkeep
|
|t:|1759033897
|switch|p2a: :3|Iron Valiant|100/100
|-enditem|p2a: :3|Booster Energy
|-activate|p2a: :3|ability: Quark Drive|[fromitem]
|-start|p2a: :3|quarkdrivespe
|turn|3
|
|t:|1759033904
|-end|p1a: Walking Wake|Protosynthesis|[silent]
|switch|p1a: Hatterene|Hatterene, F|59/100
|move|p2a: :3|Calm Mind|p2a: :3
|-boost|p2a: :3|spa|1
|-boost|p2a: :3|spd|1
|
|-weather|SunnyDay|[upkeep]
|upkeep
|turn|4
|j| narwhale37
|
|t:|1759033971
|move|p2a: :3|Shadow Ball|p1a: Hatterene
|-supereffective|p1a: Hatterene
|-damage|p1a: Hatterene|0 fnt
|faint|p1a: Hatterene
|
|-weather|SunnyDay|[upkeep]
|upkeep
|
|t:|1759033978
|switch|p1a: Lilligant|Lilligant-Hisui, F|100/100
|turn|5
|c|☆ToastSpirit|narwhale37 what are u doing here
|
|t:|1759033998
|-end|p2a: :3|Quark Drive|[silent]
|switch|p2a: sharp!|Kingambit, M|100/100
|-activate|p2a: sharp!|ability: Supreme Overlord
|-start|p2a: sharp!|fallen1|[silent]
|move|p1a: Lilligant|Solar Blade||[still]
|-prepare|p1a: Lilligant|Solar Blade
|-anim|p1a: Lilligant|Solar Blade|p2a: sharp!
|-resisted|p2a: sharp!
|-damage|p2a: sharp!|69/100
|-damage|p1a: Lilligant|91/100|[from] item: Life Orb
|
|-weather|SunnyDay|[upkeep]
|-heal|p2a: sharp!|75/100|[from] item: Leftovers
|upkeep
|turn|6
|
|t:|1759034010
|move|p2a: sharp!|Sucker Punch|p1a: Lilligant
|-resisted|p1a: Lilligant
|-damage|p1a: Lilligant|57/100
|move|p1a: Lilligant|Close Combat|p2a: sharp!
|-supereffective|p2a: sharp!
|-damage|p2a: sharp!|0 fnt
|-unboost|p1a: Lilligant|def|1
|-unboost|p1a: Lilligant|spd|1
|faint|p2a: sharp!
|-end|p2a: sharp!|fallen1|[silent]
|-damage|p1a: Lilligant|47/100|[from] item: Life Orb
|
|-weather|SunnyDay|[upkeep]
|upkeep
|
|t:|1759034016
|switch|p2a: poisn|Glimmora, M|100/100
|turn|7
|
|t:|1759034027
|switch|p1a: Walking Wake|Walking Wake|100/100
|-activate|p1a: Walking Wake|ability: Protosynthesis
|-start|p1a: Walking Wake|protosynthesisspa
|move|p2a: poisn|Sludge Wave|p1a: Walking Wake
|-damage|p1a: Walking Wake|43/100
|-status|p1a: Walking Wake|psn
|
|-weather|SunnyDay|[upkeep]
|-damage|p1a: Walking Wake|30/100 psn|[from] psn
|upkeep
|turn|8
|
|t:|1759034039
|move|p1a: Walking Wake|Hydro Steam|p2a: poisn
|-supereffective|p2a: poisn
|-enditem|p2a: poisn|Focus Sash
|-damage|p2a: poisn|1/100
|move|p2a: poisn|Sludge Wave|p1a: Walking Wake
|-damage|p1a: Walking Wake|0 fnt
|faint|p1a: Walking Wake
|-end|p1a: Walking Wake|Protosynthesis|[silent]
|
|-weather|none
|upkeep
|
|t:|1759034062
|switch|p1a: Lilligant|Lilligant-Hisui, F|47/100
|turn|9
|
|t:|1759034071
|move|p1a: Lilligant|Tera Blast|p2a: poisn
|-resisted|p2a: poisn
|-crit|p2a: poisn
|-damage|p2a: poisn|0 fnt
|faint|p2a: poisn
|-damage|p1a: Lilligant|37/100|[from] item: Life Orb
|
|upkeep
|
|t:|1759034074
|switch|p2a: :)|Dragapult, F|100/100
|turn|10
|j| rookie Jonathan
|
|t:|1759034082
|switch|p1a: Torkoal|Torkoal, F|100/100
|-weather|SunnyDay|[from] ability: Drought|[of] p1a: Torkoal
|move|p2a: :)|Shadow Ball|p1a: Torkoal
|-damage|p1a: Torkoal|70/100
|-unboost|p1a: Torkoal|spd|1
|
|-weather|SunnyDay|[upkeep]
|upkeep
|turn|11
|c|☆ToastSpirit|rookie jonathan what are you doing here
|
|t:|1759034097
|move|p2a: :)|Draco Meteor|p1a: Torkoal
|-damage|p1a: Torkoal|0 fnt
|-unboost|p2a: :)|spa|2
|faint|p1a: Torkoal
|
|-weather|SunnyDay|[upkeep]
|upkeep
|
|t:|1759034106
|switch|p1a: Lilligant|Lilligant-Hisui, F|37/100
|turn|12
|l| rookie Jonathan
|
|t:|1759034113
|move|p1a: Lilligant|Triple Axel|p2a: :)
|-supereffective|p2a: :)
|-damage|p2a: :)|76/100
|-supereffective|p2a: :)
|-damage|p2a: :)|32/100
|-supereffective|p2a: :)
|-damage|p2a: :)|0 fnt
|faint|p2a: :)
|-hitcount|p2: :)|3
|-damage|p1a: Lilligant|27/100|[from] item: Life Orb
|
|-weather|SunnyDay|[upkeep]
|upkeep
|
|t:|1759034129
|switch|p2a: boldr|Iron Boulder|100/100
|-enditem|p2a: boldr|Booster Energy
|-activate|p2a: boldr|ability: Quark Drive|[fromitem]
|-start|p2a: boldr|quarkdrivespe
|turn|13
|
|t:|1759034134
|-terastallize|p2a: boldr|Grass
|move|p1a: Lilligant|Solar Blade||[still]
|-prepare|p1a: Lilligant|Solar Blade
|-anim|p1a: Lilligant|Solar Blade|p2a: boldr
|-resisted|p2a: boldr
|-damage|p2a: boldr|49/100
|-damage|p1a: Lilligant|17/100|[from] item: Life Orb
|move|p2a: boldr|Zen Headbutt|p1a: Lilligant
|-supereffective|p1a: Lilligant
|-damage|p1a: Lilligant|0 fnt
|faint|p1a: Lilligant
|
|-weather|SunnyDay|[upkeep]
|upkeep
|
|t:|1759034148
|switch|p1a: Raging Bolt|Raging Bolt|100/100
|-activate|p1a: Raging Bolt|ability: Protosynthesis
|-start|p1a: Raging Bolt|protosynthesisspa
|turn|14
|
|t:|1759034154
|-end|p2a: boldr|Quark Drive|[silent]
|switch|p2a: :3|Iron Valiant|100/100
|move|p1a: Raging Bolt|Weather Ball|p2a: :3
|-damage|p2a: :3|0 fnt
|faint|p2a: :3
|-end|p2a: :3|Quark Drive|[silent]
|
|-weather|SunnyDay|[upkeep]
|upkeep
|
|t:|1759034156
|switch|p2a: boldr|Iron Boulder, tera:Grass|49/100
|turn|15
|
|t:|1759034166
|move|p2a: boldr|Earthquake|p1a: Raging Bolt
|-supereffective|p1a: Raging Bolt
|-damage|p1a: Raging Bolt|49/100
|move|p1a: Raging Bolt|Weather Ball|p2a: boldr
|-supereffective|p2a: boldr
|-damage|p2a: boldr|0 fnt
|faint|p2a: boldr
|-end|p2a: boldr|Quark Drive|[silent]
|
|win|benjiibruh
|raw|benjiibruh's rating: 1662 &rarr; <strong>1679</strong><br />(+17 for winning)
|raw|ToastSpirit's rating: 1618 &rarr; <strong>1601</strong><br />(-17 for losing)
|c|☆ToastSpirit|gg
|l|☆ToastSpirit
|player|p2|
|l|☆benjiibruh
|player|p1|
|l| narwhale37
