|j|☆tacoman007
|j|☆imnotsorrytbh
|t:|1759032567
|gametype|singles
|player|p1|tacoman007|hiker|1273
|player|p2|imnotsorrytbh|colress|1342
|gen|9
|tier|[Gen 9] OU
|rated|
|rule|HP Percentage Mod: HP is shown in percentages
|rule|Endless Battle Clause: Forcing endless battles is banned
|rule|Species Clause: Limit one of each Pokémon
|rule|OHKO Clause: OHKO moves are banned
|rule|Evasion Items Clause: Evasion items are banned
|rule|Evasion Moves Clause: Evasion moves are banned
|rule|Evasion Abilities Clause: Evasion abilities are banned
|rule|Sleep Moves Clause: Sleep-inducing moves are banned
|clearpoke
|poke|p1|Dragapult, M|
|poke|p1|Corviknight, M|
|poke|p1|Jirachi|
|poke|p1|Raging Bolt|
|poke|p1|Lokix, F|
|poke|p1|Great Tusk|
|poke|p2|Clodsire, F|
|poke|p2|Dondozo, F|
|poke|p2|Alomomola, F|
|poke|p2|Talonflame, M|
|poke|p2|Toxapex, F|
|poke|p2|Blissey, F|
|teampreview
|inactive|Battle timer is ON: inactive players will automatically lose when time's up. (requested by tacoman007)
|
|t:|1759032584
|teamsize|p1|6
|teamsize|p2|6
|start
|switch|p1a: Great Tusk|Great Tusk|100/100
|switch|p2a: Toxapex|Toxapex, F|100/100
|turn|1
|
|t:|1759032600
|-end|p1a: Great Tusk|Protosynthesis|[silent]
|switch|p1a: Jirachi|Jirachi|100/100
|move|p2a: Toxapex|Toxic|p1a: Jirachi
|-immune|p1a: Jirachi
|
|upkeep
|turn|2
|
|t:|1759032608
|switch|p2a: Talonflame|Talonflame, M|100/100
|move|p1a: Jirachi|Stealth Rock|p2a: Talonflame
|-sidestart|p2: imnotsorrytbh|move: Stealth Rock
|
|upkeep
|turn|3
|
|t:|1759032620
|switch|p1a: Raging Bolt|Raging Bolt|100/100
|move|p2a: Talonflame|Flamethrower|p1a: Raging Bolt
|-resisted|p1a: Raging Bolt
|-damage|p1a: Raging Bolt|88/100
|-status|p1a: Raging Bolt|brn
|
|-damage|p1a: Raging Bolt|82/100 brn|[from] brn
|upkeep
|turn|4
|
|t:|1759032630
|switch|p2a: Blissey|Blissey, F|100/100
|move|p1a: Raging Bolt|Draco Meteor|p2a: Blissey
|-damage|p2a: Blissey|78/100
|-unboost|p1a: Raging Bolt|spa|2
|
|-damage|p1a: Raging Bolt|75/100 brn|[from] brn
|upkeep
|turn|5
|
|t:|1759032640
|-end|p1a: Raging Bolt|Protosynthesis|[silent]
|switch|p1a: Corviknight|Corviknight, M|100/100
|-ability|p1a: Corviknight|Pressure
|move|p2a: Blissey|Stealth Rock|p1a: Corviknight
|-sidestart|p1: tacoman007|move: Stealth Rock
|
|upkeep
|turn|6
|
|t:|1759032652
|switch|p2a: Talonflame|Talonflame, M|100/100
|move|p1a: Corviknight|U-turn|p2a: Talonflame
|-resisted|p2a: Talonflame
|-damage|p2a: Talonflame|97/100
|
|t:|1759032666
|switch|p1a: Raging Bolt|Raging Bolt|75/100 brn|[from] U-turn
|-damage|p1a: Raging Bolt|63/100 brn|[from] Stealth Rock
|
|-damage|p1a: Raging Bolt|57/100 brn|[from] brn
|upkeep
|turn|7
|
|t:|1759032675
|switch|p2a: Blissey|Blissey, F|78/100
|move|p1a: Raging Bolt|Volt Switch|p2a: Blissey
|-damage|p2a: Blissey|66/100
|
|t:|1759032683
|-end|p1a: Raging Bolt|Protosynthesis|[silent]
|switch|p1a: Great Tusk|Great Tusk|100/100|[from] Volt Switch
|-damage|p1a: Great Tusk|98/100|[from] Stealth Rock
|
|-heal|p1a: Great Tusk|100/100|[from] item: Leftovers
|upkeep
|turn|8
|
|t:|1759032690
|switch|p2a: Talonflame|Talonflame, M|97/100
|move|p1a: Great Tusk|Rapid Spin|p2a: Talonflame
|-damage|p2a: Talonflame|82/100
|-boost|p1a: Great Tusk|spe|1
|-sideend|p1: tacoman007|Stealth Rock|[from] move: Rapid Spin|[of] p1a: Great Tusk
|
|upkeep
|turn|9
|inactive|tacoman007 has 120 seconds left.
|
|t:|1759032746
|-end|p1a: Great Tusk|Protosynthesis|[silent]
|switch|p1a: Raging Bolt|Raging Bolt|57/100 brn
|switch|p2a: Alomomola|Alomomola, F|100/100
|
|-damage|p1a: Raging Bolt|51/100 brn|[from] brn
|upkeep
|turn|10
|
|t:|1759032755
|move|p2a: Alomomola|Protect|p2a: Alomomola
|-singleturn|p2a: Alomomola|Protect
|move|p1a: Raging Bolt|Draco Meteor|p2a: Alomomola
|-activate|p2a: Alomomola|move: Protect
|
|-damage|p1a: Raging Bolt|45/100 brn|[from] brn
|upkeep
|turn|11
|
|t:|1759032767
|-end|p1a: Raging Bolt|Protosynthesis|[silent]
|switch|p1a: Lokix|Lokix, F|100/100
|switch|p2a: Blissey|Blissey, F|66/100
|
|upkeep
|turn|12
|
|t:|1759032775
|switch|p2a: Toxapex|Toxapex, F|100/100
|move|p1a: Lokix|Knock Off|p2a: Toxapex
|-damage|p2a: Toxapex|64/100
|-enditem|p2a: Toxapex|Heavy-Duty Boots|[from] move: Knock Off|[of] p1a: Lokix
|-damage|p1a: Lokix|91/100|[from] item: Life Orb
|
|upkeep
|turn|13
|
|t:|1759032799
|switch|p1a: Jirachi|Jirachi|100/100
|move|p2a: Toxapex|Infestation|p1a: Jirachi
|-crit|p1a: Jirachi
|-damage|p1a: Jirachi|98/100
|-activate|p1a: Jirachi|move: Infestation|[of] p2a: Toxapex
|
|-heal|p1a: Jirachi|100/100|[from] item: Leftovers
|-damage|p1a: Jirachi|88/100|[from] move: Infestation|[partiallytrapped]
|upkeep
|turn|14
|
|t:|1759032805
|switch|p2a: Talonflame|Talonflame, M|82/100
|move|p1a: Jirachi|Wish|p1a: Jirachi
|
|-heal|p1a: Jirachi|94/100|[from] item: Leftovers
|-end|p1a: Jirachi|Infestation|[partiallytrapped]|[silent]
|upkeep
|turn|15
|
|t:|1759032814
|switch|p2a: Blissey|Blissey, F|66/100
|switch|p1a: Raging Bolt|Raging Bolt|45/100 brn
|
|-heal|p1a: Raging Bolt|96/100 brn|[from] move: Wish|[wisher] Jirachi
|-damage|p1a: Raging Bolt|90/100 brn|[from] brn
|upkeep
|turn|16
|
|t:|1759032828
|-end|p1a: Raging Bolt|Protosynthesis|[silent]
|switch|p1a: Great Tusk|Great Tusk|100/100
|move|p2a: Blissey|Soft-Boiled|p2a: Blissey
|-heal|p2a: Blissey|100/100
|
|upkeep
|turn|17
|
|t:|1759032854
|-end|p1a: Great Tusk|Protosynthesis|[silent]
|switch|p1a: Raging Bolt|Raging Bolt|90/100 brn
|switch|p2a: Alomomola|Alomomola, F|100/100
|
|-damage|p1a: Raging Bolt|84/100 brn|[from] brn
|upkeep
|turn|18
|inactive|tacoman007 has 90 seconds left.
|
|t:|1759032871
|-end|p1a: Raging Bolt|Protosynthesis|[silent]
|switch|p1a: Lokix|Lokix, F|91/100
|switch|p2a: Clodsire|Clodsire, F|100/100
|
|upkeep
|turn|19
|inactive|tacoman007 has 90 seconds left.
|
|t:|1759032881
|switch|p2a: Toxapex|Toxapex, F|98/100
|-damage|p2a: Toxapex|85/100|[from] Stealth Rock
|move|p1a: Lokix|Knock Off|p2a: Toxapex
|-damage|p2a: Toxapex|63/100
|-damage|p1a: Lokix|81/100|[from] item: Life Orb
|
|upkeep
|turn|20
|
|t:|1759032889
|switch|p2a: Talonflame|Talonflame, M|82/100
|move|p1a: Lokix|U-turn|p2a: Talonflame
|-resisted|p2a: Talonflame
|-damage|p2a: Talonflame|60/100
|-status|p1a: Lokix|brn|[from] ability: Flame Body|[of] p2a: Talonflame
|-damage|p1a: Lokix|71/100 brn|[from] item: Life Orb
|inactive|tacoman007 has 90 seconds left.
|
|t:|1759032901
|switch|p1a: Raging Bolt|Raging Bolt|84/100 brn|[from] U-turn
|
|-damage|p1a: Raging Bolt|78/100 brn|[from] brn
|upkeep
|turn|21
|
|t:|1759032907
|switch|p2a: Blissey|Blissey, F|100/100
|move|p1a: Raging Bolt|Draco Meteor|p2a: Blissey
|-damage|p2a: Blissey|79/100
|-unboost|p1a: Raging Bolt|spa|2
|
|-damage|p1a: Raging Bolt|72/100 brn|[from] brn
|upkeep
|turn|22
|inactive|tacoman007 has 90 seconds left.
|
|t:|1759032926
|-end|p1a: Raging Bolt|Protosynthesis|[silent]
|switch|p1a: Jirachi|Jirachi|94/100
|move|p2a: Blissey|Stealth Rock|p1a: Jirachi
|-sidestart|p1: tacoman007|move: Stealth Rock
|
|-heal|p1a: Jirachi|100/100|[from] item: Leftovers
|upkeep
|turn|23
|
|t:|1759032937
|switch|p2a: Talonflame|Talonflame, M|60/100
|move|p1a: Jirachi|Wish|p1a: Jirachi
|
|upkeep
|turn|24
|
|t:|1759032944
|switch|p1a: Raging Bolt|Raging Bolt|72/100 brn
|-damage|p1a: Raging Bolt|60/100 brn|[from] Stealth Rock
|move|p2a: Talonflame|Roost|p2a: Talonflame
|-heal|p2a: Talonflame|100/100
|-singleturn|p2a: Talonflame|move: Roost
|
|-heal|p1a: Raging Bolt|100/100 brn|[from] move: Wish|[wisher] Jirachi
|-damage|p1a: Raging Bolt|94/100 brn|[from] brn
|upkeep
|turn|25
|
|t:|1759032956
|-end|p1a: Raging Bolt|Protosynthesis|[silent]
|switch|p1a: Great Tusk|Great Tusk|100/100
|-damage|p1a: Great Tusk|98/100|[from] Stealth Rock
|switch|p2a: Clodsire|Clodsire, F|100/100
|
|-heal|p1a: Great Tusk|100/100|[from] item: Leftovers
|upkeep
|turn|26
|
|t:|1759032966
|switch|p2a: Alomomola|Alomomola, F|100/100
|move|p1a: Great Tusk|Headlong Rush|p2a: Alomomola
|-damage|p2a: Alomomola|72/100
|-unboost|p1a: Great Tusk|def|1
|-unboost|p1a: Great Tusk|spd|1
|
|upkeep
|turn|27
|
|t:|1759032984
|-end|p1a: Great Tusk|Protosynthesis|[silent]
|switch|p1a: Raging Bolt|Raging Bolt|94/100 brn
|-damage|p1a: Raging Bolt|82/100 brn|[from] Stealth Rock
|move|p2a: Alomomola|Whirlpool|p1a: Raging Bolt
|-resisted|p1a: Raging Bolt
|-damage|p1a: Raging Bolt|79/100 brn
|-activate|p1a: Raging Bolt|move: Whirlpool|[of] p2a: Alomomola
|
|-damage|p1a: Raging Bolt|73/100 brn|[from] brn
|-damage|p1a: Raging Bolt|61/100 brn|[from] move: Whirlpool|[partiallytrapped]
|upkeep
|turn|28
|
|t:|1759032993
|move|p2a: Alomomola|Protect|p2a: Alomomola
|-singleturn|p2a: Alomomola|Protect
|move|p1a: Raging Bolt|Volt Switch|p2a: Alomomola
|-activate|p2a: Alomomola|move: Protect
|
|-damage|p1a: Raging Bolt|54/100 brn|[from] brn
|-damage|p1a: Raging Bolt|42/100 brn|[from] move: Whirlpool|[partiallytrapped]
|upkeep
|turn|29
|
|t:|1759033002
|switch|p2a: Clodsire|Clodsire, F|100/100
|move|p1a: Raging Bolt|Volt Switch|p2a: Clodsire
|-immune|p2a: Clodsire
|
|-damage|p1a: Raging Bolt|36/100 brn|[from] brn
|-end|p1a: Raging Bolt|Whirlpool|[partiallytrapped]|[silent]
|upkeep
|turn|30
|inactive|tacoman007 has 120 seconds left.
|
|t:|1759033009
|-end|p1a: Raging Bolt|Protosynthesis|[silent]
|switch|p1a: Corviknight|Corviknight, M|100/100
|-damage|p1a: Corviknight|88/100|[from] Stealth Rock
|-ability|p1a: Corviknight|Pressure
|move|p2a: Clodsire|Earthquake|p1a: Corviknight
|-immune|p1a: Corviknight
|
|upkeep
|turn|31
|
|t:|1759033019
|move|p1a: Corviknight|Brave Bird|p2a: Clodsire
|-damage|p2a: Clodsire|68/100
|-damage|p1a: Corviknight|76/100|[from] Recoil
|move|p2a: Clodsire|Earthquake|p1a: Corviknight
|-immune|p1a: Corviknight
|
|upkeep
|turn|32
|
|t:|1759033027
|move|p1a: Corviknight|Defog|p2a: Clodsire
|-unboost|p2a: Clodsire|evasion|1
|-sideend|p2: imnotsorrytbh|Stealth Rock|[from] move: Defog|[of] p1a: Corviknight
|-sideend|p1: tacoman007|Stealth Rock|[from] move: Defog|[of] p1a: Corviknight
|move|p2a: Clodsire|Recover|p2a: Clodsire
|-heal|p2a: Clodsire|100/100
|
|upkeep
|turn|33
|
|t:|1759033046
|switch|p2a: Toxapex|Toxapex, F|96/100
|move|p1a: Corviknight|U-turn|p2a: Toxapex
|-resisted|p2a: Toxapex
|-damage|p2a: Toxapex|92/100
|
|t:|1759033051
|switch|p1a: Jirachi|Jirachi|100/100|[from] U-turn
|
|upkeep
|turn|34
|
|t:|1759033058
|switch|p2a: Talonflame|Talonflame, M|100/100
|move|p1a: Jirachi|Stealth Rock|p2a: Talonflame
|-sidestart|p2: imnotsorrytbh|move: Stealth Rock
|
|upkeep
|turn|35
|
|t:|1759033069
|move|p2a: Talonflame|Flamethrower|p1a: Jirachi
|-supereffective|p1a: Jirachi
|-damage|p1a: Jirachi|71/100
|move|p1a: Jirachi|Wish|p1a: Jirachi
|
|-heal|p1a: Jirachi|77/100|[from] item: Leftovers
|upkeep
|turn|36
|
|t:|1759033077
|switch|p1a: Raging Bolt|Raging Bolt|36/100 brn
|move|p2a: Talonflame|Defog|p1a: Raging Bolt
|-unboost|p1a: Raging Bolt|evasion|1
|-sideend|p2: imnotsorrytbh|Stealth Rock|[from] move: Defog|[of] p2a: Talonflame
|
|-heal|p1a: Raging Bolt|88/100 brn|[from] move: Wish|[wisher] Jirachi
|-damage|p1a: Raging Bolt|82/100 brn|[from] brn
|upkeep
|turn|37
|inactive|tacoman007 has 120 seconds left.
|
|t:|1759033108
|-end|p1a: Raging Bolt|Protosynthesis|[silent]
|switch|p1a: Lokix|Lokix, F|71/100 brn
|switch|p2a: Blissey|Blissey, F|79/100
|
|-damage|p1a: Lokix|65/100 brn|[from] brn
|upkeep
|turn|38
|
|t:|1759033115
|switch|p2a: Toxapex|Toxapex, F|100/100
|move|p1a: Lokix|U-turn|p2a: Toxapex
|-resisted|p2a: Toxapex
|-damage|p2a: Toxapex|89/100
|-damage|p1a: Lokix|56/100 brn|[from] item: Life Orb
|inactive|tacoman007 has 120 seconds left.
|
|t:|1759033126
|switch|p1a: Jirachi|Jirachi|77/100|[from] U-turn
|
|-heal|p1a: Jirachi|83/100|[from] item: Leftovers
|upkeep
|turn|39
|
|t:|1759033132
|switch|p2a: Talonflame|Talonflame, M|100/100
|move|p1a: Jirachi|Stealth Rock|p2a: Talonflame
|-sidestart|p2: imnotsorrytbh|move: Stealth Rock
|
|-heal|p1a: Jirachi|89/100|[from] item: Leftovers
|upkeep
|turn|40
|
|t:|1759033144
|move|p2a: Talonflame|Defog|p1a: Jirachi
|-unboost|p1a: Jirachi|evasion|1
|-sideend|p2: imnotsorrytbh|Stealth Rock|[from] move: Defog|[of] p2a: Talonflame
|move|p1a: Jirachi|Wish|p1a: Jirachi
|
|-heal|p1a: Jirachi|96/100|[from] item: Leftovers
|upkeep
|turn|41
|inactive|tacoman007 has 120 seconds left.
|
|t:|1759033172
|move|p2a: Talonflame|Flamethrower|p1a: Jirachi
|-supereffective|p1a: Jirachi
|-crit|p1a: Jirachi
|-damage|p1a: Jirachi|48/100
|-status|p1a: Jirachi|brn
|move|p1a: Jirachi|Stealth Rock|p2a: Talonflame
|-sidestart|p2: imnotsorrytbh|move: Stealth Rock
|
|-heal|p1a: Jirachi|98/100 brn|[from] move: Wish|[wisher] Jirachi
|-heal|p1a: Jirachi|100/100 brn|[from] item: Leftovers
|-damage|p1a: Jirachi|94/100 brn|[from] brn
|upkeep
|turn|42
|
|t:|1759033189
|switch|p1a: Dragapult|Dragapult, M|100/100
|move|p2a: Talonflame|Defog|p1a: Dragapult
|-unboost|p1a: Dragapult|evasion|1
|-sideend|p2: imnotsorrytbh|Stealth Rock|[from] move: Defog|[of] p2a: Talonflame
|
|upkeep
|turn|43
|
|t:|1759033203
|switch|p2a: Toxapex|Toxapex, F|100/100
|move|p1a: Dragapult|Shadow Ball|p2a: Toxapex
|-crit|p2a: Toxapex
|-damage|p2a: Toxapex|29/100
|
|upkeep
|turn|44
|
|t:|1759033225
|switch|p1a: Great Tusk|Great Tusk|100/100
|switch|p2a: Blissey|Blissey, F|79/100
|
|upkeep
|turn|45
|inactive|tacoman007 has 90 seconds left.
|
|t:|1759033242
|-end|p1a: Great Tusk|Protosynthesis|[silent]
|switch|p1a: Dragapult|Dragapult, M|100/100
|switch|p2a: Alomomola|Alomomola, F|100/100
|
|upkeep
|turn|46
|
|t:|1759033264
|move|p2a: Alomomola|Protect|p2a: Alomomola
|-singleturn|p2a: Alomomola|Protect
|move|p1a: Dragapult|Shadow Ball|p2a: Alomomola
|-activate|p2a: Alomomola|move: Protect
|
|upkeep
|turn|47
|
|t:|1759033268
|switch|p2a: Blissey|Blissey, F|79/100
|move|p1a: Dragapult|Shadow Ball|p2a: Blissey
|-immune|p2a: Blissey
|
|upkeep
|turn|48
|
|t:|1759033282
|switch|p1a: Corviknight|Corviknight, M|76/100
|-ability|p1a: Corviknight|Pressure
|move|p2a: Blissey|Stealth Rock|p1a: Corviknight
|-sidestart|p1: tacoman007|move: Stealth Rock
|
|upkeep
|turn|49
|
|t:|1759033293
|switch|p2a: Toxapex|Toxapex, F|62/100
|move|p1a: Corviknight|Brave Bird|p2a: Toxapex
|-damage|p2a: Toxapex|45/100
|-damage|p1a: Corviknight|71/100|[from] Recoil
|
|upkeep
|turn|50
|
|t:|1759033308
|switch|p2a: Alomomola|Alomomola, F|100/100
|move|p1a: Corviknight|Defog|p2a: Alomomola
|-unboost|p2a: Alomomola|evasion|1
|-sideend|p1: tacoman007|Stealth Rock|[from] move: Defog|[of] p1a: Corviknight
|
|upkeep
|turn|51
|
|t:|1759033317
|switch|p1a: Raging Bolt|Raging Bolt|82/100 brn
|switch|p2a: Toxapex|Toxapex, F|78/100
|
|-damage|p1a: Raging Bolt|75/100 brn|[from] brn
|upkeep
|turn|52
|
|t:|1759033323
|switch|p2a: Blissey|Blissey, F|79/100
|move|p1a: Raging Bolt|Draco Meteor|p2a: Blissey
|-damage|p2a: Blissey|58/100
|-unboost|p1a: Raging Bolt|spa|2
|
|-damage|p1a: Raging Bolt|69/100 brn|[from] brn
|upkeep
|turn|53
|inactive|tacoman007 has 120 seconds left.
|
|t:|1759033333
|-end|p1a: Raging Bolt|Protosynthesis|[silent]
|switch|p1a: Lokix|Lokix, F|56/100 brn
|move|p2a: Blissey|Soft-Boiled|p2a: Blissey
|-heal|p2a: Blissey|100/100
|
|-damage|p1a: Lokix|49/100 brn|[from] brn
|upkeep
|turn|54
|inactive|tacoman007 has 120 seconds left.
|inactive|imnotsorrytbh has 120 seconds left.
|
|t:|1759033363
|switch|p2a: Toxapex|Toxapex, F|100/100
|move|p1a: Lokix|Knock Off|p2a: Toxapex
|-damage|p2a: Toxapex|89/100
|-damage|p1a: Lokix|40/100 brn|[from] item: Life Orb
|
|-damage|p1a: Lokix|33/100 brn|[from] brn
|upkeep
|turn|55
|
|t:|1759033371
|switch|p1a: Jirachi|Jirachi|94/100 brn
|move|p2a: Toxapex|Infestation|p1a: Jirachi
|-damage|p1a: Jirachi|92/100 brn
|-activate|p1a: Jirachi|move: Infestation|[of] p2a: Toxapex
|
|-heal|p1a: Jirachi|99/100 brn|[from] item: Leftovers
|-damage|p1a: Jirachi|92/100 brn|[from] brn
|-damage|p1a: Jirachi|80/100 brn|[from] move: Infestation|[partiallytrapped]
|upkeep
|turn|56
|inactive|tacoman007 has 120 seconds left.
|
|t:|1759033394
|move|p1a: Jirachi|Stealth Rock|p2a: Toxapex
|-sidestart|p2: imnotsorrytbh|move: Stealth Rock
|move|p2a: Toxapex|Infestation|p1a: Jirachi
|-damage|p1a: Jirachi|78/100 brn
|
|-heal|p1a: Jirachi|84/100 brn|[from] item: Leftovers
|-damage|p1a: Jirachi|78/100 brn|[from] brn
|-damage|p1a: Jirachi|66/100 brn|[from] move: Infestation|[partiallytrapped]
|upkeep
|turn|57
|inactive|tacoman007 has 120 seconds left.
|
|t:|1759033405
|move|p1a: Jirachi|Wish|p1a: Jirachi
|move|p2a: Toxapex|Infestation|p1a: Jirachi
|-damage|p1a: Jirachi|64/100 brn
|
|-heal|p1a: Jirachi|70/100 brn|[from] item: Leftovers
|-damage|p1a: Jirachi|64/100 brn|[from] brn
|-damage|p1a: Jirachi|51/100 brn|[from] move: Infestation|[partiallytrapped]
|upkeep
|turn|58
|inactive|tacoman007 has 120 seconds left.
|
|t:|1759033413
|move|p1a: Jirachi|Iron Head|p2a: Toxapex
|-resisted|p2a: Toxapex
|-damage|p2a: Toxapex|85/100
|cant|p2a: Toxapex|flinch
|
|-heal|p1a: Jirachi|100/100 brn|[from] move: Wish|[wisher] Jirachi
|-damage|p1a: Jirachi|94/100 brn|[from] brn
|-damage|p1a: Jirachi|82/100 brn|[from] move: Infestation|[partiallytrapped]
|upkeep
|turn|59
|inactive|tacoman007 has 120 seconds left.
|inactive|imnotsorrytbh has 120 seconds left.
|j| MRH1106
|
|t:|1759033454
|move|p1a: Jirachi|Protect|p1a: Jirachi
|-singleturn|p1a: Jirachi|Protect
|move|p2a: Toxapex|Infestation|p1a: Jirachi
|-activate|p1a: Jirachi|move: Protect
|
|-heal|p1a: Jirachi|88/100 brn|[from] item: Leftovers
|-damage|p1a: Jirachi|82/100 brn|[from] brn
|-damage|p1a: Jirachi|70/100 brn|[from] move: Infestation|[partiallytrapped]
|upkeep
|turn|60
|
|t:|1759033471
|move|p1a: Jirachi|Iron Head|p2a: Toxapex
|-resisted|p2a: Toxapex
|-damage|p2a: Toxapex|80/100
|cant|p2a: Toxapex|flinch
|
|-heal|p1a: Jirachi|76/100 brn|[from] item: Leftovers
|-damage|p1a: Jirachi|70/100 brn|[from] brn
|-end|p1a: Jirachi|Infestation|[partiallytrapped]
|upkeep
|turn|61
|inactive|imnotsorrytbh has 120 seconds left.
|
|t:|1759033514
|switch|p1a: Dragapult|Dragapult, M|100/100
|move|p2a: Toxapex|Haze|p2a: Toxapex
|-clearallboost
|
|upkeep
|turn|62
|
|t:|1759033527
|switch|p2a: Blissey|Blissey, F|100/100
|-terastallize|p1a: Dragapult|Dragon
|move|p1a: Dragapult|Draco Meteor|p2a: Blissey
|-damage|p2a: Blissey|69/100
|-unboost|p1a: Dragapult|spa|2
|
|upkeep
|turn|63
|
|t:|1759033535
|switch|p1a: Lokix|Lokix, F|33/100 brn
|move|p2a: Blissey|Stealth Rock|p1a: Lokix
|-sidestart|p1: tacoman007|move: Stealth Rock
|
|-damage|p1a: Lokix|27/100 brn|[from] brn
|upkeep
|turn|64
|
|t:|1759033538
|switch|p1a: Corviknight|Corviknight, M|71/100
|-damage|p1a: Corviknight|59/100|[from] Stealth Rock
|-ability|p1a: Corviknight|Pressure
|switch|p2a: Toxapex|Toxapex, F|100/100
|-damage|p2a: Toxapex|88/100|[from] Stealth Rock
|
|upkeep
|turn|65
|
|t:|1759033544
|switch|p2a: Alomomola|Alomomola, F|100/100
|move|p1a: Corviknight|Roost|p1a: Corviknight
|-heal|p1a: Corviknight|100/100
|-singleturn|p1a: Corviknight|move: Roost
|
|upkeep
|turn|66
|inactive|tacoman007 has 120 seconds left.
|
|t:|1759033552
|switch|p1a: Jirachi|Jirachi|70/100 brn
|-damage|p1a: Jirachi|63/100 brn|[from] Stealth Rock
|move|p2a: Alomomola|Wish|p2a: Alomomola
|
|-heal|p1a: Jirachi|70/100 brn|[from] item: Leftovers
|-damage|p1a: Jirachi|63/100 brn|[from] brn
|upkeep
|turn|67
|inactive|tacoman007 has 120 seconds left.
|
|t:|1759033564
|switch|p1a: Raging Bolt|Raging Bolt|69/100 brn
|-damage|p1a: Raging Bolt|57/100 brn|[from] Stealth Rock
|move|p2a: Alomomola|Flip Turn|p1a: Raging Bolt
|-resisted|p1a: Raging Bolt
|-damage|p1a: Raging Bolt|50/100 brn
|
|t:|1759033571
|switch|p2a: Blissey|Blissey, F|69/100|[from] Flip Turn
|
|-heal|p2a: Blissey|100/100|[from] move: Wish|[wisher] Alomomola
|-damage|p1a: Raging Bolt|44/100 brn|[from] brn
|upkeep
|turn|68
|
|t:|1759033584
|move|p1a: Raging Bolt|Volt Switch|p2a: Blissey
|-damage|p2a: Blissey|88/100
|
|t:|1759033593
|-end|p1a: Raging Bolt|Protosynthesis|[silent]
|switch|p1a: Jirachi|Jirachi|63/100 brn|[from] Volt Switch
|-damage|p1a: Jirachi|57/100 brn|[from] Stealth Rock
|move|p2a: Blissey|Seismic Toss|p1a: Jirachi
|-damage|p1a: Jirachi|32/100 brn
|
|-heal|p1a: Jirachi|39/100 brn|[from] item: Leftovers
|-damage|p1a: Jirachi|32/100 brn|[from] brn
|upkeep
|turn|69
|
|t:|1759033601
|move|p1a: Jirachi|Wish|p1a: Jirachi
|move|p2a: Blissey|Seismic Toss|p1a: Jirachi
|-damage|p1a: Jirachi|8/100 brn
|
|-heal|p1a: Jirachi|14/100 brn|[from] item: Leftovers
|-damage|p1a: Jirachi|8/100 brn|[from] brn
|upkeep
|turn|70
|
|t:|1759033607
|move|p1a: Jirachi|Protect|p1a: Jirachi
|-singleturn|p1a: Jirachi|Protect
|move|p2a: Blissey|Seismic Toss|p1a: Jirachi
|-activate|p1a: Jirachi|move: Protect
|
|-heal|p1a: Jirachi|58/100 brn|[from] move: Wish|[wisher] Jirachi
|-heal|p1a: Jirachi|64/100 brn|[from] item: Leftovers
|-damage|p1a: Jirachi|58/100 brn|[from] brn
|upkeep
|turn|71
|
|t:|1759033612
|move|p1a: Jirachi|Wish|p1a: Jirachi
|move|p2a: Blissey|Seismic Toss|p1a: Jirachi
|-damage|p1a: Jirachi|33/100 brn
|
|-heal|p1a: Jirachi|39/100 brn|[from] item: Leftovers
|-damage|p1a: Jirachi|33/100 brn|[from] brn
|upkeep
|turn|72
|
|t:|1759033614
|move|p1a: Jirachi|Protect|p1a: Jirachi
|-singleturn|p1a: Jirachi|Protect
|move|p2a: Blissey|Shadow Ball|p1a: Jirachi
|-activate|p1a: Jirachi|move: Protect
|
|-heal|p1a: Jirachi|83/100 brn|[from] move: Wish|[wisher] Jirachi
|-heal|p1a: Jirachi|89/100 brn|[from] item: Leftovers
|-damage|p1a: Jirachi|83/100 brn|[from] brn
|upkeep
|turn|73
|
|t:|1759033627
|switch|p1a: Great Tusk|Great Tusk|100/100
|-damage|p1a: Great Tusk|98/100|[from] Stealth Rock
|move|p2a: Blissey|Seismic Toss|p1a: Great Tusk
|-damage|p1a: Great Tusk|74/100
|
|-heal|p1a: Great Tusk|81/100|[from] item: Leftovers
|upkeep
|turn|74
|
|t:|1759033633
|switch|p2a: Alomomola|Alomomola, F|100/100
|move|p1a: Great Tusk|Rapid Spin|p2a: Alomomola
|-damage|p2a: Alomomola|92/100
|-boost|p1a: Great Tusk|spe|1
|-sideend|p1: tacoman007|Stealth Rock|[from] move: Rapid Spin|[of] p1a: Great Tusk
|
|-heal|p1a: Great Tusk|87/100|[from] item: Leftovers
|upkeep
|turn|75
|
|t:|1759033642
|move|p1a: Great Tusk|Bulk Up|p1a: Great Tusk
|-boost|p1a: Great Tusk|atk|1
|-boost|p1a: Great Tusk|def|1
|move|p2a: Alomomola|Wish|p2a: Alomomola
|
|-heal|p1a: Great Tusk|93/100|[from] item: Leftovers
|upkeep
|turn|76
|
|t:|1759033649
|move|p1a: Great Tusk|Bulk Up|p1a: Great Tusk
|-boost|p1a: Great Tusk|atk|1
|-boost|p1a: Great Tusk|def|1
|move|p2a: Alomomola|Flip Turn|p1a: Great Tusk
|-supereffective|p1a: Great Tusk
|-damage|p1a: Great Tusk|83/100
|
|t:|1759033656
|switch|p2a: Dondozo|Dondozo, F|100/100|[from] Flip Turn
|
|-heal|p1a: Great Tusk|90/100|[from] item: Leftovers
|upkeep
|turn|77
|
|t:|1759033675
|move|p1a: Great Tusk|Headlong Rush|p2a: Dondozo
|-damage|p2a: Dondozo|78/100
|-unboost|p1a: Great Tusk|def|1
|-unboost|p1a: Great Tusk|spd|1
|move|p2a: Dondozo|Liquidation|p1a: Great Tusk
|-supereffective|p1a: Great Tusk
|-damage|p1a: Great Tusk|50/100
|
|-heal|p1a: Great Tusk|57/100|[from] item: Leftovers
|upkeep
|turn|78
|
|t:|1759033685
|-end|p1a: Great Tusk|Protosynthesis|[silent]
|switch|p1a: Raging Bolt|Raging Bolt|44/100 brn
|move|p2a: Dondozo|Liquidation|p1a: Raging Bolt
|-resisted|p1a: Raging Bolt
|-damage|p1a: Raging Bolt|31/100 brn
|
|-damage|p1a: Raging Bolt|25/100 brn|[from] brn
|upkeep
|turn|79
|
|t:|1759033693
|switch|p2a: Clodsire|Clodsire, F|100/100
|move|p1a: Raging Bolt|Draco Meteor|p2a: Clodsire
|-damage|p2a: Clodsire|61/100
|-unboost|p1a: Raging Bolt|spa|2
|
|-damage|p1a: Raging Bolt|18/100 brn|[from] brn
|upkeep
|turn|80
|
|t:|1759033702
|-end|p1a: Raging Bolt|Protosynthesis|[silent]
|switch|p1a: Dragapult|Dragapult, M, tera:Dragon|100/100
|move|p2a: Clodsire|Recover|p2a: Clodsire
|-heal|p2a: Clodsire|100/100
|
|upkeep
|turn|81
|
|t:|1759033709
|move|p1a: Dragapult|U-turn|p2a: Clodsire
|-resisted|p2a: Clodsire
|-damage|p2a: Clodsire|90/100
|
|t:|1759033716
|switch|p1a: Corviknight|Corviknight, M|100/100|[from] U-turn
|-ability|p1a: Corviknight|Pressure
|move|p2a: Clodsire|Toxic|p1a: Corviknight
|-immune|p1a: Corviknight
|
|upkeep
|turn|82
|
|t:|1759033722
|switch|p2a: Alomomola|Alomomola, F|100/100
|move|p1a: Corviknight|U-turn|p2a: Alomomola
|-damage|p2a: Alomomola|94/100
|
|t:|1759033725
|switch|p1a: Dragapult|Dragapult, M, tera:Dragon|100/100|[from] U-turn
|
|upkeep
|turn|83
|
|t:|1759033729
|move|p2a: Alomomola|Protect|p2a: Alomomola
|-singleturn|p2a: Alomomola|Protect
|move|p1a: Dragapult|Draco Meteor|p2a: Alomomola
|-activate|p2a: Alomomola|move: Protect
|
|upkeep
|turn|84
|j| Shucklepilled
|
|t:|1759033736
|switch|p2a: Blissey|Blissey, F|88/100
|move|p1a: Dragapult|Draco Meteor|p2a: Blissey|[miss]
|-miss|p1a: Dragapult|p2a: Blissey
|
|upkeep
|turn|85
|c|☆imnotsorrytbh|lol
|
|t:|1759033747
|switch|p1a: Corviknight|Corviknight, M|100/100
|-ability|p1a: Corviknight|Pressure
|move|p2a: Blissey|Stealth Rock|p1a: Corviknight
|-sidestart|p1: tacoman007|move: Stealth Rock
|
|upkeep
|turn|86
|
|t:|1759033755
|switch|p2a: Alomomola|Alomomola, F|100/100
|move|p1a: Corviknight|Brave Bird|p2a: Alomomola
|-damage|p2a: Alomomola|85/100
|-damage|p1a: Corviknight|94/100|[from] Recoil
|
|upkeep
|turn|87
|
|t:|1759033765
|switch|p1a: Jirachi|Jirachi|83/100 brn
|-damage|p1a: Jirachi|77/100 brn|[from] Stealth Rock
|move|p2a: Alomomola|Wish|p2a: Alomomola
|
|-heal|p1a: Jirachi|83/100 brn|[from] item: Leftovers
|-damage|p1a: Jirachi|77/100 brn|[from] brn
|upkeep
|turn|88
|
|t:|1759033783
|switch|p1a: Corviknight|Corviknight, M|94/100
|-damage|p1a: Corviknight|81/100|[from] Stealth Rock
|-ability|p1a: Corviknight|Pressure
|move|p2a: Alomomola|Whirlpool|p1a: Corviknight
|-damage|p1a: Corviknight|75/100
|-activate|p1a: Corviknight|move: Whirlpool|[of] p2a: Alomomola
|
|-heal|p2a: Alomomola|100/100|[from] move: Wish|[wisher] Alomomola
|-damage|p1a: Corviknight|63/100|[from] move: Whirlpool|[partiallytrapped]
|upkeep
|turn|89
|
|t:|1759033795
|move|p1a: Corviknight|Defog|p2a: Alomomola
|-unboost|p2a: Alomomola|evasion|1
|-sideend|p2: imnotsorrytbh|Stealth Rock|[from] move: Defog|[of] p1a: Corviknight
|-sideend|p1: tacoman007|Stealth Rock|[from] move: Defog|[of] p1a: Corviknight
|move|p2a: Alomomola|Flip Turn|p1a: Corviknight
|-damage|p1a: Corviknight|52/100
|-damage|p2a: Alomomola|84/100|[from] item: Rocky Helmet|[of] p1a: Corviknight
|
|t:|1759033798
|switch|p2a: Talonflame|Talonflame, M|100/100|[from] Flip Turn
|
|-end|p1a: Corviknight|Whirlpool|[partiallytrapped]|[silent]
|upkeep
|turn|90
|
|t:|1759033807
|switch|p1a: Jirachi|Jirachi|77/100 brn
|move|p2a: Talonflame|Flamethrower|p1a: Jirachi
|-supereffective|p1a: Jirachi
|-damage|p1a: Jirachi|45/100 brn
|
|-heal|p1a: Jirachi|51/100 brn|[from] item: Leftovers
|-damage|p1a: Jirachi|45/100 brn|[from] brn
|upkeep
|turn|91
|
|t:|1759033815
|move|p2a: Talonflame|Flamethrower|p1a: Jirachi
|-supereffective|p1a: Jirachi
|-damage|p1a: Jirachi|14/100 brn
|move|p1a: Jirachi|Wish|p1a: Jirachi
|
|-heal|p1a: Jirachi|20/100 brn|[from] item: Leftovers
|-damage|p1a: Jirachi|14/100 brn|[from] brn
|upkeep
|turn|92
|
|t:|1759033820
|move|p2a: Talonflame|Will-O-Wisp|p1a: Jirachi|[miss]
|-miss|p2a: Talonflame|p1a: Jirachi
|move|p1a: Jirachi|Stealth Rock|p2a: Talonflame
|-sidestart|p2: imnotsorrytbh|move: Stealth Rock
|
|-heal|p1a: Jirachi|64/100 brn|[from] move: Wish|[wisher] Jirachi
|-heal|p1a: Jirachi|70/100 brn|[from] item: Leftovers
|-damage|p1a: Jirachi|64/100 brn|[from] brn
|upkeep
|turn|93
|
|t:|1759033832
|move|p2a: Talonflame|Defog|p1a: Jirachi
|-unboost|p1a: Jirachi|evasion|1
|-sideend|p2: imnotsorrytbh|Stealth Rock|[from] move: Defog|[of] p2a: Talonflame
|move|p1a: Jirachi|Wish|p1a: Jirachi
|
|-heal|p1a: Jirachi|70/100 brn|[from] item: Leftovers
|-damage|p1a: Jirachi|64/100 brn|[from] brn
|upkeep
|turn|94
|
|t:|1759033837
|switch|p2a: Toxapex|Toxapex, F|100/100
|switch|p1a: Raging Bolt|Raging Bolt|18/100 brn
|
|-heal|p1a: Raging Bolt|70/100 brn|[from] move: Wish|[wisher] Jirachi
|-damage|p1a: Raging Bolt|64/100 brn|[from] brn
|upkeep
|turn|95
|
|t:|1759033846
|-end|p1a: Raging Bolt|Protosynthesis|[silent]
|switch|p1a: Lokix|Lokix, F|27/100 brn
|-terastallize|p2a: Toxapex|Fairy
|move|p2a: Toxapex|Infestation|p1a: Lokix
|-supereffective|p1a: Lokix
|-damage|p1a: Lokix|17/100 brn
|-activate|p1a: Lokix|move: Infestation|[of] p2a: Toxapex
|
|-damage|p1a: Lokix|11/100 brn|[from] brn
|-damage|p1a: Lokix|0 fnt|[from] move: Infestation|[partiallytrapped]
|faint|p1a: Lokix
|upkeep
|
|t:|1759033856
|switch|p1a: Jirachi|Jirachi|64/100 brn
|turn|96
|
|t:|1759033862
|switch|p2a: Alomomola|Alomomola, F|100/100
|move|p1a: Jirachi|Iron Head|p2a: Alomomola
|-resisted|p2a: Alomomola
|-damage|p2a: Alomomola|97/100
|
|-heal|p1a: Jirachi|70/100 brn|[from] item: Leftovers
|-damage|p1a: Jirachi|64/100 brn|[from] brn
|upkeep
|turn|97
|
|t:|1759033870
|move|p1a: Jirachi|Wish|p1a: Jirachi
|move|p2a: Alomomola|Whirlpool|p1a: Jirachi
|-damage|p1a: Jirachi|60/100 brn
|-activate|p1a: Jirachi|move: Whirlpool|[of] p2a: Alomomola
|
|-heal|p1a: Jirachi|66/100 brn|[from] item: Leftovers
|-damage|p1a: Jirachi|60/100 brn|[from] brn
|-damage|p1a: Jirachi|48/100 brn|[from] move: Whirlpool|[partiallytrapped]
|upkeep
|turn|98
|-message|tacoman007 forfeited.
|
|win|imnotsorrytbh
|raw|tacoman007's rating: 1273 &rarr; <strong>1253</strong><br />(-20 for losing)
|raw|imnotsorrytbh's rating: 1342 &rarr; <strong>1358</strong><br />(+16 for winning)
|l|☆tacoman007
|player|p1|
|c|☆imnotsorrytbh|rip
|l| MRH1106
|l|☆imnotsorrytbh
|player|p2|
