|badge|p1|silver|gen9ou|30-6
|html|<div class="broadcast-red"><strong>This battle is required to be public due to one or more player having a season medal.</strong><br />During the public phase, you can discuss the state of the ladder <a href="/seasondiscussion">in a special chatroom.</a></div>
|uhtml|medal-msg|<div class="broadcast-blue">Curious what those medals under the avatar are? PS now has Ladder Seasons! For more information, check out the <a href="https://www.smogon.com/forums/threads/3740067/">thread on Smogon.</a></div>
|raw|<div class="broadcast-blue"><strong>This battle is required to be public due to a player having a name starting with 'medal'.</div>
|j|☆LT124YH Ghoul
|j|☆jamel1
|t:|1758991544
|gametype|singles
|player|p1|LT124YH Ghoul|#wcop2024asia|1923
|player|p2|jamel1|cyrus|1811
|gen|9
|tier|[Gen 9] OU
|rated|
|rule|HP Percentage Mod: HP is shown in percentages
|rule|Endless Battle Clause: Forcing endless battles is banned
|rule|Species Clause: Limit one of each Pokémon
|rule|OHKO Clause: OHKO moves are banned
|rule|Evasion Items Clause: Evasion items are banned
|rule|Evasion Moves Clause: Evasion moves are banned
|rule|Evasion Abilities Clause: Evasion abilities are banned
|rule|Sleep Moves Clause: Sleep-inducing moves are banned
|clearpoke
|poke|p1|Enamorus, F|
|poke|p1|Araquanid, F|
|poke|p1|Gholdengo|
|poke|p1|Iron Valiant|
|poke|p1|Kingambit, M|
|poke|p1|Great Tusk|
|poke|p2|Azumarill, M|
|poke|p2|Deoxys-Defense|
|poke|p2|Gyarados, M|
|poke|p2|Maushold|
|poke|p2|Armarouge, F|
|poke|p2|Kommo-o, M|
|teampreview
|inactive|Battle timer is ON: inactive players will automatically lose when time's up. (requested by LT124YH Ghoul)
|
|t:|1758991558
|teamsize|p1|6
|teamsize|p2|6
|start
|switch|p1a: Doc Seismic|Araquanid, F, shiny|100/100
|switch|p2a: Azumarill|Azumarill, M|100/100
|turn|1
|
|t:|1758991562
|move|p1a: Doc Seismic|Sticky Web|p2a: Azumarill
|-sidestart|p2: jamel1|move: Sticky Web
|move|p2a: Azumarill|Belly Drum|p2a: Azumarill
|-damage|p2a: Azumarill|50/100
|-setboost|p2a: Azumarill|atk|6|[from] move: Belly Drum
|-enditem|p2a: Azumarill|Sitrus Berry|[eat]
|-heal|p2a: Azumarill|75/100|[from] item: Sitrus Berry
|
|upkeep
|turn|2
|
|t:|1758991574
|move|p1a: Doc Seismic|Lunge|p2a: Azumarill
|-resisted|p2a: Azumarill
|-damage|p2a: Azumarill|59/100
|-unboost|p2a: Azumarill|atk|1
|move|p2a: Azumarill|Play Rough|p1a: Doc Seismic
|-damage|p1a: Doc Seismic|0 fnt
|faint|p1a: Doc Seismic
|
|upkeep
|
|t:|1758991587
|switch|p1a: Robot|Gholdengo|100/100
|turn|3
|
|t:|1758991589
|move|p2a: Azumarill|Aqua Jet|p1a: Robot
|-damage|p1a: Robot|12/100
|move|p1a: Robot|Make It Rain|p2a: Azumarill
|-damage|p2a: Azumarill|0 fnt
|-unboost|p1a: Robot|spa|1
|faint|p2a: Azumarill
|
|upkeep
|j| larp legion
|j| cryyysneasel
|c| larp legion|what is this
|
|t:|1758991597
|switch|p2a: Maushold|Maushold|100/100
|-activate|p2a: Maushold|move: Sticky Web
|-unboost|p2a: Maushold|spe|1
|turn|4
|c| larp legion|bro took glarespam
|
|t:|1758991603
|move|p1a: Robot|Recover|p1a: Robot
|-heal|p1a: Robot|62/100
|move|p2a: Maushold|Tidy Up|p2a: Maushold
|-sideend|p2: jamel1|Sticky Web
|-activate|p2a: Maushold|move: Tidy Up
|-boost|p2a: Maushold|atk|1
|-boost|p2a: Maushold|spe|1
|
|upkeep
|turn|5
|c| larp legion|and removed every glare user
|
|t:|1758991608
|move|p1a: Robot|Recover|p1a: Robot
|-heal|p1a: Robot|100/100
|move|p2a: Maushold|Tidy Up|p2a: Maushold
|-boost|p2a: Maushold|atk|1
|-boost|p2a: Maushold|spe|1
|
|upkeep
|turn|6
|
|t:|1758991613
|move|p2a: Maushold|Bite|p1a: Robot
|-supereffective|p1a: Robot
|-damage|p1a: Robot|18/100
|move|p1a: Robot|Make It Rain|p2a: Maushold
|-damage|p2a: Maushold|49/100
|-unboost|p1a: Robot|spa|1
|
|upkeep
|turn|7
|
|t:|1758991619
|move|p2a: Maushold|Bite|p1a: Robot
|-supereffective|p1a: Robot
|-damage|p1a: Robot|0 fnt
|faint|p1a: Robot
|
|upkeep
|c| larp legion|peng why did we give the maus a free +2
|
|t:|1758991623
|switch|p1a: Atom Eve|Iron Valiant|100/100
|-enditem|p1a: Atom Eve|Booster Energy
|-activate|p1a: Atom Eve|ability: Quark Drive|[fromitem]
|-start|p1a: Atom Eve|quarkdrivespa
|turn|8
|
|t:|1758991626
|move|p1a: Atom Eve|Vacuum Wave|p2a: Maushold
|-supereffective|p2a: Maushold
|-damage|p2a: Maushold|0 fnt
|faint|p2a: Maushold
|
|upkeep
|c| larp legion|oh
|c| larp legion|thats why
|
|t:|1758991633
|switch|p2a: Gyarados|Gyarados, M, shiny|100/100
|turn|9
|c|☆LT124YH Ghoul|because bread taste better than key
|
|t:|1758991643
|move|p1a: Atom Eve|Thunderbolt|p2a: Gyarados
|-supereffective|p2a: Gyarados
|-damage|p2a: Gyarados|0 fnt
|faint|p2a: Gyarados
|
|upkeep
|
|t:|1758991646
|switch|p2a: Deoxys|Deoxys-Defense|100/100
|-ability|p2a: Deoxys|Pressure
|turn|10
|
|t:|1758991648
|move|p1a: Atom Eve|Calm Mind|p1a: Atom Eve
|-boost|p1a: Atom Eve|spa|1
|-boost|p1a: Atom Eve|spd|1
|move|p2a: Deoxys|Cosmic Power|p2a: Deoxys
|-boost|p2a: Deoxys|def|1
|-boost|p2a: Deoxys|spd|1
|
|upkeep
|turn|11
|
|t:|1758991653
|-terastallize|p2a: Deoxys|Steel
|move|p1a: Atom Eve|Calm Mind|p1a: Atom Eve
|-boost|p1a: Atom Eve|spa|1
|-boost|p1a: Atom Eve|spd|1
|move|p2a: Deoxys|Cosmic Power|p2a: Deoxys
|-boost|p2a: Deoxys|def|1
|-boost|p2a: Deoxys|spd|1
|
|upkeep
|turn|12
|
|t:|1758991668
|move|p1a: Atom Eve|Thunderbolt|p2a: Deoxys
|-damage|p2a: Deoxys|75/100
|move|p2a: Deoxys|Stored Power|p1a: Atom Eve
|-supereffective|p1a: Atom Eve
|-damage|p1a: Atom Eve|56/100
|
|upkeep
|turn|13
|j| thiccynicky12
|
|t:|1758991675
|move|p1a: Atom Eve|Thunderbolt|p2a: Deoxys
|-damage|p2a: Deoxys|47/100
|move|p2a: Deoxys|Stored Power|p1a: Atom Eve
|-supereffective|p1a: Atom Eve
|-damage|p1a: Atom Eve|13/100
|
|upkeep
|turn|14
|j| yrmpa
|j| Dr Greg H
|
|t:|1758991681
|move|p1a: Atom Eve|Vacuum Wave|p2a: Deoxys
|-supereffective|p2a: Deoxys
|-damage|p2a: Deoxys|9/100
|-enditem|p2a: Deoxys|Weakness Policy
|-boost|p2a: Deoxys|atk|2|[from] item: Weakness Policy
|-boost|p2a: Deoxys|spa|2|[from] item: Weakness Policy
|move|p2a: Deoxys|Recover|p2a: Deoxys
|-heal|p2a: Deoxys|59/100
|
|upkeep
|turn|15
|
|t:|1758991691
|move|p1a: Atom Eve|Vacuum Wave|p2a: Deoxys
|-supereffective|p2a: Deoxys
|-damage|p2a: Deoxys|23/100
|move|p2a: Deoxys|Recover|p2a: Deoxys
|-heal|p2a: Deoxys|73/100
|
|upkeep
|turn|16
|
|t:|1758991695
|move|p1a: Atom Eve|Vacuum Wave|p2a: Deoxys
|-supereffective|p2a: Deoxys
|-damage|p2a: Deoxys|34/100
|move|p2a: Deoxys|Stored Power|p1a: Atom Eve
|-supereffective|p1a: Atom Eve
|-damage|p1a: Atom Eve|0 fnt
|faint|p1a: Atom Eve
|-end|p1a: Atom Eve|Quark Drive|[silent]
|
|upkeep
|
|t:|1758991702
|switch|p1a: Invincible|Great Tusk|100/100
|-enditem|p1a: Invincible|Booster Energy
|-activate|p1a: Invincible|ability: Protosynthesis|[fromitem]
|-start|p1a: Invincible|protosynthesisspe
|turn|17
|
|t:|1758991707
|move|p1a: Invincible|Headlong Rush|p2a: Deoxys
|-supereffective|p2a: Deoxys
|-damage|p2a: Deoxys|0 fnt
|-unboost|p1a: Invincible|def|1
|-unboost|p1a: Invincible|spd|1
|faint|p2a: Deoxys
|
|upkeep
|
|t:|1758991714
|switch|p2a: Armarouge|Armarouge, F|100/100
|turn|18
|l| Dr Greg H
|j| ivo-arg
|j| wgw2333
|l| ivo-arg
|
|t:|1758991742
|move|p1a: Invincible|Rapid Spin|p2a: Armarouge
|-damage|p2a: Armarouge|90/100
|-boost|p1a: Invincible|spe|1
|-ability|p2a: Armarouge|Weak Armor|boost
|-unboost|p2a: Armarouge|def|1
|-boost|p2a: Armarouge|spe|2
|move|p2a: Armarouge|Iron Defense|p2a: Armarouge
|-boost|p2a: Armarouge|def|2
|
|upkeep
|turn|19
|inactive|LT124YH Ghoul has 120 seconds left.
|
|t:|1758991757
|move|p1a: Invincible|Headlong Rush|p2a: Armarouge
|-supereffective|p2a: Armarouge
|-damage|p2a: Armarouge|43/100
|-unboost|p1a: Invincible|def|1
|-unboost|p1a: Invincible|spd|1
|-ability|p2a: Armarouge|Weak Armor|boost
|-unboost|p2a: Armarouge|def|1
|-boost|p2a: Armarouge|spe|2
|-enditem|p2a: Armarouge|Weakness Policy
|-boost|p2a: Armarouge|atk|2|[from] item: Weakness Policy
|-boost|p2a: Armarouge|spa|2|[from] item: Weakness Policy
|move|p2a: Armarouge|Iron Defense|p2a: Armarouge
|-boost|p2a: Armarouge|def|2
|
|upkeep
|turn|20
|
|t:|1758991769
|move|p1a: Invincible|Headlong Rush|p2a: Armarouge
|-supereffective|p2a: Armarouge
|-damage|p2a: Armarouge|6/100
|-unboost|p1a: Invincible|def|1
|-unboost|p1a: Invincible|spd|1
|-ability|p2a: Armarouge|Weak Armor|boost
|-unboost|p2a: Armarouge|def|1
|-boost|p2a: Armarouge|spe|2
|move|p2a: Armarouge|Stored Power|p1a: Invincible
|-supereffective|p1a: Invincible
|-damage|p1a: Invincible|0 fnt
|faint|p1a: Invincible
|-end|p1a: Invincible|Protosynthesis|[silent]
|
|upkeep
|
|t:|1758991774
|switch|p1a: Omni-Man|Kingambit, M|100/100
|-activate|p1a: Omni-Man|ability: Supreme Overlord
|-start|p1a: Omni-Man|fallen4|[silent]
|-item|p1a: Omni-Man|Air Balloon
|turn|21
|
|t:|1758991778
|move|p1a: Omni-Man|Sucker Punch|p2a: Armarouge
|-supereffective|p2a: Armarouge
|-damage|p2a: Armarouge|0 fnt
|faint|p2a: Armarouge
|
|upkeep
|
|t:|1758991780
|switch|p2a: Kommo-o|Kommo-o, M|100/100
|turn|22
|
|t:|1758991785
|-terastallize|p1a: Omni-Man|Fighting
|move|p2a: Kommo-o|Clangorous Soul|p2a: Kommo-o
|-boost|p2a: Kommo-o|atk|1
|-boost|p2a: Kommo-o|def|1
|-boost|p2a: Kommo-o|spa|1
|-boost|p2a: Kommo-o|spd|1
|-boost|p2a: Kommo-o|spe|1
|-damage|p2a: Kommo-o|68/100
|move|p1a: Omni-Man|Low Kick|p2a: Kommo-o
|-damage|p2a: Kommo-o|27/100
|
|upkeep
|turn|23
|
|t:|1758991794
|move|p2a: Kommo-o|Substitute|p2a: Kommo-o
|-start|p2a: Kommo-o|Substitute
|-damage|p2a: Kommo-o|2/100
|-enditem|p2a: Kommo-o|Lansat Berry|[eat]
|-start|p2a: Kommo-o|move: Focus Energy
|move|p1a: Omni-Man|Low Kick|p2a: Kommo-o
|-end|p2a: Kommo-o|Substitute
|
|upkeep
|turn|24
|
|t:|1758991807
|move|p1a: Omni-Man|Sucker Punch||[still]
|-fail|p1a: Omni-Man
|move|p2a: Kommo-o|Clangorous Soul||[still]
|-fail|p2a: Kommo-o
|
|upkeep
|turn|25
|
|t:|1758991809
|move|p1a: Omni-Man|Sucker Punch||[still]
|-fail|p1a: Omni-Man
|move|p2a: Kommo-o|Substitute|p2a: Kommo-o
|-fail|p2a: Kommo-o|move: Substitute|[weak]
|
|upkeep
|turn|26
|
|t:|1758991822
|move|p1a: Omni-Man|Sucker Punch||[still]
|-fail|p1a: Omni-Man
|move|p2a: Kommo-o|Substitute|p2a: Kommo-o
|-fail|p2a: Kommo-o|move: Substitute|[weak]
|
|upkeep
|turn|27
|
|t:|1758991827
|move|p1a: Omni-Man|Sucker Punch||[still]
|-fail|p1a: Omni-Man
|move|p2a: Kommo-o|Substitute|p2a: Kommo-o
|-fail|p2a: Kommo-o|move: Substitute|[weak]
|
|upkeep
|turn|28
|
|t:|1758991833
|move|p1a: Omni-Man|Sucker Punch||[still]
|-fail|p1a: Omni-Man
|move|p2a: Kommo-o|Substitute|p2a: Kommo-o
|-fail|p2a: Kommo-o|move: Substitute|[weak]
|
|upkeep
|turn|29
|
|t:|1758991836
|move|p1a: Omni-Man|Sucker Punch|p2a: Kommo-o
|-resisted|p2a: Kommo-o
|-damage|p2a: Kommo-o|0 fnt
|faint|p2a: Kommo-o
|
|win|LT124YH Ghoul
|raw|LT124YH Ghoul's rating: 1923 &rarr; <strong>1937</strong><br />(+14 for winning)
|raw|jamel1's rating: 1811 &rarr; <strong>1797</strong><br />(-14 for losing)
|l|☆jamel1
|player|p2|
|l|☆LT124YH Ghoul
|player|p1|
|l| larp legion
|l| wgw2333
