|badge|p2|silver|gen9ou|30-6
|html|<div class="broadcast-red"><strong>This battle is required to be public due to one or more player having a season medal.</strong><br />During the public phase, you can discuss the state of the ladder <a href="/seasondiscussion">in a special chatroom.</a></div>
|uhtml|medal-msg|<div class="broadcast-blue">Curious what those medals under the avatar are? PS now has Ladder Seasons! For more information, check out the <a href="https://www.smogon.com/forums/threads/3740067/">thread on Smogon.</a></div>
|j|☆sminey
|j|☆WogerHater
|t:|1758950441
|gametype|singles
|player|p1|sminey|2|1723
|player|p2|WogerHater|dawn-gen4pt|1975
|gen|9
|tier|[Gen 9] OU
|rated|
|rule|HP Percentage Mod: HP is shown in percentages
|rule|Endless Battle Clause: Forcing endless battles is banned
|rule|Species Clause: Limit one of each Pokémon
|rule|OHKO Clause: OHKO moves are banned
|rule|Evasion Items Clause: Evasion items are banned
|rule|Evasion Moves Clause: Evasion moves are banned
|rule|Evasion Abilities Clause: Evasion abilities are banned
|rule|Sleep Moves Clause: Sleep-inducing moves are banned
|clearpoke
|poke|p1|Latios, M|
|poke|p1|Cinderace, F|
|poke|p1|Weavile, M|
|poke|p1|Zapdos|
|poke|p1|Clefable, M|
|poke|p1|Slowking-Galar, M|
|poke|p2|Weezing-Galar, F|
|poke|p2|Ting-Lu|
|poke|p2|Corviknight, M|
|poke|p2|Skeledirge, M|
|poke|p2|Dragapult, F|
|poke|p2|Ogerpon-Wellspring, F|
|teampreview
|inactive|Battle timer is ON: inactive players will automatically lose when time's up. (requested by WogerHater)
|j| amefurikoneko
|c|☆sminey|hf
|c|☆WogerHater|u2
|
|t:|1758950466
|teamsize|p1|6
|teamsize|p2|6
|start
|switch|p1a: Cinderace|Cinderace, F|100/100
|switch|p2a: Dragapult|Dragapult, F|100/100
|turn|1
|
|t:|1758950472
|switch|p2a: GAS.|Weezing-Galar, F|100/100
|-ability|p2a: GAS.|Neutralizing Gas
|move|p1a: Cinderace|Pyro Ball|p2a: GAS.|[miss]
|-miss|p1a: Cinderace|p2a: GAS.
|
|upkeep
|turn|2
|
|t:|1758950478
|switch|p1a: Slowking|Slowking-Galar, M|100/100
|move|p2a: GAS.|Sludge Bomb|p1a: Slowking
|-resisted|p1a: Slowking
|-damage|p1a: Slowking|95/100
|
|upkeep
|turn|3
|
|t:|1758950484
|-end|p2a: GAS.|ability: Neutralizing Gas
|switch|p2a: Ting-Lu|Ting-Lu, shiny|100/100
|-ability|p2a: Ting-Lu|Vessel of Ruin
|move|p1a: Slowking|Sludge Bomb|p2a: Ting-Lu
|-resisted|p2a: Ting-Lu
|-damage|p2a: Ting-Lu|93/100
|-status|p2a: Ting-Lu|psn
|
|-heal|p2a: Ting-Lu|99/100 psn|[from] item: Leftovers
|-damage|p2a: Ting-Lu|87/100 psn|[from] psn
|upkeep
|turn|4
|j| yrmpa
|
|t:|1758950494
|switch|p1a: Clefable|Clefable, M|100/100
|move|p2a: Ting-Lu|Stealth Rock|p1a: Clefable
|-sidestart|p1: sminey|move: Stealth Rock
|
|-heal|p2a: Ting-Lu|93/100 psn|[from] item: Leftovers
|-damage|p2a: Ting-Lu|80/100 psn|[from] psn
|upkeep
|turn|5
|
|t:|1758950497
|switch|p2a: Ogerpon|Ogerpon-Wellspring, F|100/100
|move|p1a: Clefable|Knock Off|p2a: Ogerpon
|-damage|p2a: Ogerpon|90/100
|
|upkeep
|turn|6
|
|t:|1758950503
|switch|p1a: Zapdos|Zapdos|100/100
|move|p2a: Ogerpon|Ivy Cudgel|p1a: Zapdos|[anim] Ivy Cudgel Water
|-damage|p1a: Zapdos|60/100
|
|upkeep
|turn|7
|
|t:|1758950510
|switch|p2a: Skeledirge|Skeledirge, M|100/100
|move|p1a: Zapdos|Hurricane|p2a: Skeledirge
|-damage|p2a: Skeledirge|68/100
|
|upkeep
|turn|8
|
|t:|1758950516
|move|p1a: Zapdos|Thunder Wave|p2a: Skeledirge
|-status|p2a: Skeledirge|par
|move|p2a: Skeledirge|Torch Song|p1a: Zapdos
|-damage|p1a: Zapdos|31/100
|-boost|p2a: Skeledirge|spa|1
|
|upkeep
|turn|9
|
|t:|1758950522
|move|p1a: Zapdos|Roost|p1a: Zapdos
|-heal|p1a: Zapdos|81/100
|-singleturn|p1a: Zapdos|move: Roost
|move|p2a: Skeledirge|Torch Song|p1a: Zapdos
|-damage|p1a: Zapdos|42/100
|-boost|p2a: Skeledirge|spa|1
|
|upkeep
|turn|10
|
|t:|1758950526
|move|p1a: Zapdos|Volt Switch|p2a: Skeledirge
|-damage|p2a: Skeledirge|45/100 par
|
|t:|1758950528
|switch|p1a: Clefable|Clefable, M|100/100|[from] Volt Switch
|move|p2a: Skeledirge|Torch Song|p1a: Clefable
|-damage|p1a: Clefable|70/100
|-boost|p2a: Skeledirge|spa|1
|
|upkeep
|turn|11
|
|t:|1758950535
|move|p1a: Clefable|Knock Off|p2a: Skeledirge
|-supereffective|p2a: Skeledirge
|-crit|p2a: Skeledirge
|-damage|p2a: Skeledirge|6/100 par
|-enditem|p2a: Skeledirge|Heavy-Duty Boots|[from] move: Knock Off|[of] p1a: Clefable
|cant|p2a: Skeledirge|par
|
|upkeep
|turn|12
|
|t:|1758950541
|move|p1a: Clefable|Moonblast|p2a: Skeledirge
|-resisted|p2a: Skeledirge
|-damage|p2a: Skeledirge|0 fnt
|faint|p2a: Skeledirge
|
|upkeep
|
|t:|1758950542
|switch|p2a: Ogerpon|Ogerpon-Wellspring, F|90/100
|turn|13
|
|t:|1758950550
|move|p2a: Ogerpon|Ivy Cudgel|p1a: Clefable|[anim] Ivy Cudgel Water
|-damage|p1a: Clefable|30/100
|move|p1a: Clefable|Moonblast|p2a: Ogerpon
|-damage|p2a: Ogerpon|61/100
|-unboost|p2a: Ogerpon|spa|1
|
|upkeep
|turn|14
|j|+Archfaewild
|
|t:|1758950566
|switch|p1a: Latios|Latios, M|100/100
|-damage|p1a: Latios|88/100|[from] Stealth Rock
|move|p2a: Ogerpon|Ivy Cudgel|p1a: Latios|[anim] Ivy Cudgel Water
|-resisted|p1a: Latios
|-damage|p1a: Latios|49/100
|
|upkeep
|turn|15
|
|t:|1758950576
|-terastallize|p2a: Ogerpon|Water
|detailschange|p2a: Ogerpon|Ogerpon-Wellspring-Tera, F, tera:Water
|-ability|p2a: Ogerpon|Embody Aspect (Wellspring)|boost
|-boost|p2a: Ogerpon|spd|1
|move|p1a: Latios|Draco Meteor|p2a: Ogerpon
|-damage|p2a: Ogerpon|16/100
|-unboost|p1a: Latios|spa|2
|move|p2a: Ogerpon|Synthesis|p2a: Ogerpon
|-heal|p2a: Ogerpon|66/100
|
|upkeep
|turn|16
|
|t:|1758950601
|switch|p1a: Zapdos|Zapdos|42/100
|move|p2a: Ogerpon|Ivy Cudgel|p1a: Zapdos|[anim] Ivy Cudgel Water
|-damage|p1a: Zapdos|0 fnt
|faint|p1a: Zapdos
|
|upkeep
|
|t:|1758950605
|switch|p1a: Cinderace|Cinderace, F|100/100
|turn|17
|
|t:|1758950608
|move|p1a: Cinderace|U-turn|p2a: Ogerpon
|-start|p1a: Cinderace|typechange|Bug|[from] ability: Libero
|-damage|p2a: Ogerpon|32/100
|
|t:|1758950616
|switch|p1a: Clefable|Clefable, M|30/100|[from] U-turn
|move|p2a: Ogerpon|Ivy Cudgel|p1a: Clefable|[anim] Ivy Cudgel Water
|-damage|p1a: Clefable|0 fnt
|faint|p1a: Clefable
|
|upkeep
|
|t:|1758950621
|switch|p1a: Cinderace|Cinderace, F|100/100
|turn|18
|
|t:|1758950624
|switch|p2a: Corviknight|Corviknight, M|100/100
|-ability|p2a: Corviknight|Pressure
|move|p1a: Cinderace|U-turn|p2a: Corviknight
|-start|p1a: Cinderace|typechange|Bug|[from] ability: Libero
|-resisted|p2a: Corviknight
|-damage|p2a: Corviknight|95/100
|-damage|p1a: Cinderace|84/100|[from] item: Rocky Helmet|[of] p2a: Corviknight
|
|t:|1758950628
|switch|p1a: Slowking|Slowking-Galar, M|100/100|[from] U-turn
|-damage|p1a: Slowking|88/100|[from] Stealth Rock
|
|upkeep
|turn|19
|
|t:|1758950634
|move|p2a: Corviknight|U-turn|p1a: Slowking
|-damage|p1a: Slowking|73/100
|
|t:|1758950636
|switch|p2a: Dragapult|Dragapult, F|100/100|[from] U-turn
|move|p1a: Slowking|Flamethrower|p2a: Dragapult
|-resisted|p2a: Dragapult
|-crit|p2a: Dragapult
|-damage|p2a: Dragapult|77/100
|
|upkeep
|turn|20
|
|t:|1758950641
|move|p2a: Dragapult|Shadow Ball|p1a: Slowking
|-supereffective|p1a: Slowking
|-damage|p1a: Slowking|27/100
|move|p1a: Slowking|Ice Beam|p2a: Dragapult
|-supereffective|p2a: Dragapult
|-damage|p2a: Dragapult|14/100
|
|upkeep
|turn|21
|
|t:|1758950648
|switch|p1a: Weavile|Weavile, M|100/100
|-ability|p1a: Weavile|Pressure
|move|p2a: Dragapult|Shadow Ball|p1a: Weavile
|-resisted|p1a: Weavile
|-damage|p1a: Weavile|66/100
|
|upkeep
|turn|22
|
|t:|1758950657
|move|p2a: Dragapult|Shadow Ball|p1a: Weavile
|-resisted|p1a: Weavile
|-crit|p1a: Weavile
|-damage|p1a: Weavile|12/100
|move|p1a: Weavile|Swords Dance|p1a: Weavile
|-boost|p1a: Weavile|atk|2
|
|upkeep
|turn|23
|
|t:|1758950661
|move|p1a: Weavile|Ice Shard|p2a: Dragapult
|-supereffective|p2a: Dragapult
|-damage|p2a: Dragapult|0 fnt
|faint|p2a: Dragapult
|
|upkeep
|
|t:|1758950663
|switch|p2a: Corviknight|Corviknight, M|95/100
|-ability|p2a: Corviknight|Pressure
|turn|24
|
|t:|1758950670
|switch|p1a: Cinderace|Cinderace, F|84/100
|move|p2a: Corviknight|Roost|p2a: Corviknight
|-heal|p2a: Corviknight|100/100
|-singleturn|p2a: Corviknight|move: Roost
|
|upkeep
|turn|25
|
|t:|1758950677
|switch|p2a: GAS.|Weezing-Galar, F|100/100
|-ability|p2a: GAS.|Neutralizing Gas
|move|p1a: Cinderace|Pyro Ball|p2a: GAS.
|-damage|p2a: GAS.|65/100
|
|upkeep
|turn|26
|
|t:|1758950684
|switch|p1a: Slowking|Slowking-Galar, M|60/100
|-damage|p1a: Slowking|48/100|[from] Stealth Rock
|move|p2a: GAS.|Pain Split|p1a: Slowking
|-sethp|p1a: Slowking|52/100|[from] move: Pain Split|[silent]
|-sethp|p2a: GAS.|61/100|[from] move: Pain Split
|
|upkeep
|turn|27
|
|t:|1758950693
|-end|p2a: GAS.|ability: Neutralizing Gas
|switch|p2a: Ogerpon|Ogerpon-Wellspring-Tera, F, tera:Water|32/100
|-ability|p2a: Ogerpon|Embody Aspect (Wellspring)|boost
|-boost|p2a: Ogerpon|spd|1
|move|p1a: Slowking|Sludge Bomb|p2a: Ogerpon
|-damage|p2a: Ogerpon|8/100
|-status|p2a: Ogerpon|psn
|
|-damage|p2a: Ogerpon|0 fnt|[from] psn
|faint|p2a: Ogerpon
|detailschange|p2: Ogerpon|Ogerpon-Wellspring, F|[silent]
|upkeep
|
|t:|1758950697
|switch|p2a: Ting-Lu|Ting-Lu, shiny|80/100 psn
|-ability|p2a: Ting-Lu|Vessel of Ruin
|turn|28
|j| A.Omnipotent
|
|t:|1758950708
|switch|p1a: Latios|Latios, M|49/100
|-damage|p1a: Latios|36/100|[from] Stealth Rock
|move|p2a: Ting-Lu|Earthquake|p1a: Latios
|-immune|p1a: Latios|[from] ability: Levitate
|
|-heal|p2a: Ting-Lu|87/100 psn|[from] item: Leftovers
|-damage|p2a: Ting-Lu|74/100 psn|[from] psn
|upkeep
|turn|29
|
|t:|1758950721
|switch|p2a: GAS.|Weezing-Galar, F|61/100
|-ability|p2a: GAS.|Neutralizing Gas
|move|p1a: Latios|Flip Turn|p2a: GAS.
|-damage|p2a: GAS.|53/100
|j| shuinifengB
|
|t:|1758950738
|switch|p1a: Cinderace|Cinderace, F|84/100|[from] Flip Turn
|
|upkeep
|turn|30
|l|☆sminey
|inactive|sminey disconnected and has a minute to reconnect!
|player|p1|
|j|☆sminey
|inactive|sminey reconnected and has 125 seconds left.
|player|p1|sminey|2|
|inactive|sminey has 120 seconds left.
|
|t:|1758950761
|move|p1a: Cinderace|Court Change|p1a: Cinderace
|-swapsideconditions
|-activate|p1a: Cinderace|move: Court Change
|move|p2a: GAS.|Sludge Bomb|p1a: Cinderace
|-damage|p1a: Cinderace|43/100
|-status|p1a: Cinderace|psn
|
|-damage|p1a: Cinderace|31/100 psn|[from] psn
|upkeep
|turn|31
|
|t:|1758950766
|switch|p1a: Slowking|Slowking-Galar, M|85/100
|move|p2a: GAS.|Defog|p1a: Slowking
|-unboost|p1a: Slowking|evasion|1
|-sideend|p2: WogerHater|Stealth Rock|[from] move: Defog|[of] p2a: GAS.
|
|upkeep
|turn|32
|
|t:|1758950775
|-end|p2a: GAS.|ability: Neutralizing Gas
|switch|p2a: Ting-Lu|Ting-Lu, shiny|74/100 psn
|-ability|p2a: Ting-Lu|Vessel of Ruin
|move|p1a: Slowking|Psyshock|p2a: Ting-Lu
|-immune|p2a: Ting-Lu
|
|-heal|p2a: Ting-Lu|80/100 psn|[from] item: Leftovers
|-damage|p2a: Ting-Lu|68/100 psn|[from] psn
|upkeep
|turn|33
|
|t:|1758950780
|move|p2a: Ting-Lu|Stealth Rock|p1a: Slowking
|-sidestart|p1: sminey|move: Stealth Rock
|move|p1a: Slowking|Ice Beam|p2a: Ting-Lu
|-supereffective|p2a: Ting-Lu
|-damage|p2a: Ting-Lu|47/100 psn
|
|-heal|p2a: Ting-Lu|54/100 psn|[from] item: Leftovers
|-damage|p2a: Ting-Lu|41/100 psn|[from] psn
|upkeep
|turn|34
|
|t:|1758950789
|move|p2a: Ting-Lu|Rest|p2a: Ting-Lu
|-status|p2a: Ting-Lu|slp|[from] move: Rest
|-heal|p2a: Ting-Lu|100/100 slp|[silent]
|move|p1a: Slowking|Ice Beam|p2a: Ting-Lu
|-supereffective|p2a: Ting-Lu
|-damage|p2a: Ting-Lu|80/100 slp
|
|-heal|p2a: Ting-Lu|86/100 slp|[from] item: Leftovers
|upkeep
|turn|35
|
|t:|1758950795
|cant|p2a: Ting-Lu|slp
|move|p1a: Slowking|Ice Beam|p2a: Ting-Lu
|-supereffective|p2a: Ting-Lu
|-damage|p2a: Ting-Lu|68/100 slp
|
|-heal|p2a: Ting-Lu|74/100 slp|[from] item: Leftovers
|upkeep
|turn|36
|
|t:|1758950802
|cant|p2a: Ting-Lu|slp
|move|p1a: Slowking|Ice Beam|p2a: Ting-Lu
|-supereffective|p2a: Ting-Lu
|-damage|p2a: Ting-Lu|54/100 slp
|
|-heal|p2a: Ting-Lu|60/100 slp|[from] item: Leftovers
|upkeep
|turn|37
|j| wgw2333
|j| Bobaba
|
|t:|1758950809
|-curestatus|p2a: Ting-Lu|slp|[msg]
|move|p2a: Ting-Lu|Earthquake|p1a: Slowking
|-supereffective|p1a: Slowking
|-damage|p1a: Slowking|9/100
|move|p1a: Slowking|Ice Beam|p2a: Ting-Lu
|-supereffective|p2a: Ting-Lu
|-damage|p2a: Ting-Lu|40/100
|
|-heal|p2a: Ting-Lu|46/100|[from] item: Leftovers
|upkeep
|turn|38
|
|t:|1758950815
|switch|p1a: Latios|Latios, M|36/100
|-damage|p1a: Latios|24/100|[from] Stealth Rock
|move|p2a: Ting-Lu|Heavy Slam|p1a: Latios
|-damage|p1a: Latios|0 fnt
|faint|p1a: Latios
|
|-heal|p2a: Ting-Lu|52/100|[from] item: Leftovers
|upkeep
|l| Bobaba
|
|t:|1758950837
|switch|p1a: Cinderace|Cinderace, F|31/100 psn
|turn|39
|l|+Archfaewild
|
|t:|1758950845
|move|p1a: Cinderace|U-turn|p2a: Ting-Lu
|-start|p1a: Cinderace|typechange|Bug|[from] ability: Libero
|-supereffective|p2a: Ting-Lu
|-damage|p2a: Ting-Lu|15/100
|
|t:|1758950850
|switch|p1a: Weavile|Weavile, M|12/100|[from] U-turn
|-ability|p1a: Weavile|Pressure
|move|p2a: Ting-Lu|Rest|p2a: Ting-Lu
|-status|p2a: Ting-Lu|slp|[from] move: Rest
|-heal|p2a: Ting-Lu|100/100 slp|[silent]
|
|upkeep
|turn|40
|
|t:|1758950856
|switch|p2a: Corviknight|Corviknight, M|100/100
|-ability|p2a: Corviknight|Pressure
|move|p1a: Weavile|Swords Dance|p1a: Weavile
|-boost|p1a: Weavile|atk|2
|
|upkeep
|turn|41
|inactive|sminey has 120 seconds left.
|
|t:|1758950891
|switch|p1a: Cinderace|Cinderace, F|31/100 psn
|move|p2a: Corviknight|U-turn|p1a: Cinderace
|-resisted|p1a: Cinderace
|-damage|p1a: Cinderace|21/100 psn
|
|t:|1758950896
|switch|p2a: GAS.|Weezing-Galar, F|53/100|[from] U-turn
|-ability|p2a: GAS.|Neutralizing Gas
|
|-damage|p1a: Cinderace|8/100 psn|[from] psn
|upkeep
|turn|42
|
|t:|1758950905
|move|p1a: Cinderace|Pyro Ball|p2a: GAS.
|-damage|p2a: GAS.|13/100
|move|p2a: GAS.|Sludge Bomb|p1a: Cinderace
|-crit|p1a: Cinderace
|-damage|p1a: Cinderace|0 fnt
|faint|p1a: Cinderace
|
|upkeep
|c|☆sminey|gg
|
|t:|1758950910
|switch|p1a: Slowking|Slowking-Galar, M|42/100
|-damage|p1a: Slowking|29/100|[from] Stealth Rock
|turn|43
|
|t:|1758950912
|move|p2a: GAS.|Will-O-Wisp|p1a: Slowking
|-status|p1a: Slowking|brn
|move|p1a: Slowking|Ice Beam|p2a: GAS.
|-damage|p2a: GAS.|0 fnt
|faint|p2a: GAS.
|-end|p2a: GAS.|ability: Neutralizing Gas
|
|-damage|p1a: Slowking|23/100 brn|[from] brn
|upkeep
|
|t:|1758950915
|switch|p2a: Ting-Lu|Ting-Lu, shiny|100/100 slp
|-ability|p2a: Ting-Lu|Vessel of Ruin
|turn|44
|
|t:|1758950918
|cant|p2a: Ting-Lu|slp
|move|p1a: Slowking|Ice Beam|p2a: Ting-Lu
|-supereffective|p2a: Ting-Lu
|-damage|p2a: Ting-Lu|81/100 slp
|
|-heal|p2a: Ting-Lu|88/100 slp|[from] item: Leftovers
|-damage|p1a: Slowking|17/100 brn|[from] brn
|upkeep
|turn|45
|
|t:|1758950920
|cant|p2a: Ting-Lu|slp
|move|p1a: Slowking|Ice Beam|p2a: Ting-Lu
|-supereffective|p2a: Ting-Lu
|-damage|p2a: Ting-Lu|68/100 slp
|
|-heal|p2a: Ting-Lu|74/100 slp|[from] item: Leftovers
|-damage|p1a: Slowking|11/100 brn|[from] brn
|upkeep
|turn|46
|
|t:|1758950923
|-curestatus|p2a: Ting-Lu|slp|[msg]
|move|p2a: Ting-Lu|Earthquake|p1a: Slowking
|-supereffective|p1a: Slowking
|-damage|p1a: Slowking|0 fnt
|faint|p1a: Slowking
|
|-heal|p2a: Ting-Lu|80/100|[from] item: Leftovers
|upkeep
|
|t:|1758950924
|switch|p1a: Weavile|Weavile, M|12/100
|-ability|p1a: Weavile|Pressure
|turn|47
|
|t:|1758950926
|move|p1a: Weavile|Triple Axel|p2a: Ting-Lu
|-supereffective|p2a: Ting-Lu
|-damage|p2a: Ting-Lu|69/100
|-supereffective|p2a: Ting-Lu
|-damage|p2a: Ting-Lu|47/100
|-supereffective|p2a: Ting-Lu
|-damage|p2a: Ting-Lu|15/100
|-hitcount|p2a: Ting-Lu|3
|move|p2a: Ting-Lu|Earthquake|p1a: Weavile
|-damage|p1a: Weavile|0 fnt
|faint|p1a: Weavile
|
|win|WogerHater
|raw|sminey's rating: 1723 &rarr; <strong>1715</strong><br />(-8 for losing)
|raw|WogerHater's rating: 1975 &rarr; <strong>1983</strong><br />(+8 for winning)
|l| amefurikoneko
|j| Bobaba
|l| Bobaba
|l| shuinifengB
|l|☆sminey
|player|p1|
