|j|☆Strawhatspindo
|j|☆slngularlty
|t:|1758945473
|gametype|singles
|player|p1|Strawhatspindo|169|1430
|player|p2|slngularlty|koga|1389
|gen|9
|tier|[Gen 9] OU
|rated|
|rule|HP Percentage Mod: HP is shown in percentages
|rule|Endless Battle Clause: Forcing endless battles is banned
|rule|Species Clause: Limit one of each Pokémon
|rule|OHKO Clause: OHKO moves are banned
|rule|Evasion Items Clause: Evasion items are banned
|rule|Evasion Moves Clause: Evasion moves are banned
|rule|Evasion Abilities Clause: Evasion abilities are banned
|rule|Sleep Moves Clause: Sleep-inducing moves are banned
|clearpoke
|poke|p1|Tyranitar, F|
|poke|p1|Excadrill, F|
|poke|p1|Kingambit, F|
|poke|p1|Garchomp, M|
|poke|p1|Pecharunt|
|poke|p1|Rotom-Wash|
|poke|p2|Skeledirge, M|
|poke|p2|Iron Boulder|
|poke|p2|Dragonite, M|
|poke|p2|Samurott-Hisui, F|
|poke|p2|Rillaboom, F|
|poke|p2|Gholdengo|
|teampreview
|inactive|Battle timer is ON: inactive players will automatically lose when time's up. (requested by slngularlty)
|
|t:|1758945495
|teamsize|p1|6
|teamsize|p2|6
|start
|switch|p1a: Rotom|Rotom-Wash|100/100
|switch|p2a: Samurott|Samurott-Hisui, F|100/100
|turn|1
|
|t:|1758945505
|switch|p2a: Rillaboom|Rillaboom, F|100/100
|-fieldstart|move: Grassy Terrain|[from] ability: Grassy Surge|[of] p2a: Rillaboom
|move|p1a: Rotom|Volt Switch|p2a: Rillaboom
|-resisted|p2a: Rillaboom
|-damage|p2a: Rillaboom|85/100
|
|t:|1758945512
|switch|p1a: Pecharunt|Pecharunt|100/100|[from] Volt Switch
|-item|p1a: Pecharunt|Air Balloon
|
|-heal|p2a: Rillaboom|91/100|[from] Grassy Terrain
|upkeep
|turn|2
|
|t:|1758945522
|move|p2a: Rillaboom|U-turn|p1a: Pecharunt
|-resisted|p1a: Pecharunt
|-damage|p1a: Pecharunt|97/100
|-enditem|p1a: Pecharunt|Air Balloon
|
|t:|1758945524
|switch|p2a: Gholdengo|Gholdengo, shiny|100/100|[from] U-turn
|move|p1a: Pecharunt|Malignant Chain|p2a: Gholdengo
|-immune|p2a: Gholdengo
|
|-heal|p1a: Pecharunt|100/100|[from] Grassy Terrain
|upkeep
|turn|3
|
|t:|1758945547
|switch|p1a: Rotom|Rotom-Wash|100/100
|move|p2a: Gholdengo|Nasty Plot|p2a: Gholdengo
|-boost|p2a: Gholdengo|spa|2
|
|upkeep
|turn|4
|
|t:|1758945562
|move|p1a: Rotom|Hydro Pump|p2a: Gholdengo|[miss]
|-miss|p1a: Rotom|p2a: Gholdengo
|move|p2a: Gholdengo|Shadow Ball|p1a: Rotom
|-damage|p1a: Rotom|22/100
|
|-heal|p1a: Rotom|28/100|[from] item: Leftovers
|upkeep
|turn|5
|inactive|Strawhatspindo has 120 seconds left.
|
|t:|1758945596
|move|p1a: Rotom|Pain Split|p2a: Gholdengo
|-immune|p2a: Gholdengo|[from] ability: Good as Gold
|move|p2a: Gholdengo|Shadow Ball|p1a: Rotom
|-damage|p1a: Rotom|0 fnt
|faint|p1a: Rotom
|
|-fieldend|move: Grassy Terrain
|upkeep
|
|t:|1758945613
|switch|p1a: Kingambit|Kingambit, F|100/100
|-activate|p1a: Kingambit|ability: Supreme Overlord
|-start|p1a: Kingambit|fallen1|[silent]
|turn|6
|
|t:|1758945618
|move|p1a: Kingambit|Sucker Punch|p2a: Gholdengo
|-supereffective|p2a: Gholdengo
|-damage|p2a: Gholdengo|30/100
|move|p2a: Gholdengo|Focus Blast|p1a: Kingambit|[miss]
|-miss|p2a: Gholdengo|p1a: Kingambit
|
|upkeep
|turn|7
|
|t:|1758945627
|switch|p2a: Samurott|Samurott-Hisui, F|100/100
|move|p1a: Kingambit|Sucker Punch||[still]
|-fail|p1a: Kingambit
|
|upkeep
|turn|8
|
|t:|1758945639
|-end|p1a: Kingambit|fallen1|[silent]
|switch|p1a: Tyranitar|Tyranitar, F|100/100
|-weather|Sandstorm|[from] ability: Sand Stream|[of] p1a: Tyranitar
|move|p2a: Samurott|Sacred Sword|p1a: Tyranitar
|-supereffective|p1a: Tyranitar
|-damage|p1a: Tyranitar|0 fnt
|faint|p1a: Tyranitar
|
|-weather|Sandstorm|[upkeep]
|-damage|p2a: Samurott|94/100|[from] Sandstorm
|upkeep
|
|t:|1758945651
|switch|p1a: Excadrill|Excadrill, F|100/100
|turn|9
|
|t:|1758945659
|-terastallize|p1a: Excadrill|Ground
|move|p1a: Excadrill|Swords Dance|p1a: Excadrill
|-boost|p1a: Excadrill|atk|2
|move|p2a: Samurott|Aqua Cutter|p1a: Excadrill
|-supereffective|p1a: Excadrill
|-crit|p1a: Excadrill
|-damage|p1a: Excadrill|0 fnt
|faint|p1a: Excadrill
|
|-weather|Sandstorm|[upkeep]
|-damage|p2a: Samurott|88/100|[from] Sandstorm
|upkeep
|
|t:|1758945676
|switch|p1a: Pecharunt|Pecharunt|100/100
|turn|10
|
|t:|1758945693
|move|p2a: Samurott|Ceaseless Edge|p1a: Pecharunt
|-supereffective|p1a: Pecharunt
|-damage|p1a: Pecharunt|62/100
|-sidestart|p1: Strawhatspindo|Spikes
|move|p1a: Pecharunt|Malignant Chain|p2a: Samurott
|-damage|p2a: Samurott|43/100
|
|-weather|Sandstorm|[upkeep]
|-damage|p2a: Samurott|37/100|[from] Sandstorm
|-damage|p1a: Pecharunt|56/100|[from] Sandstorm
|upkeep
|turn|11
|
|t:|1758945705
|move|p2a: Samurott|Ceaseless Edge|p1a: Pecharunt
|-supereffective|p1a: Pecharunt
|-damage|p1a: Pecharunt|13/100
|-sidestart|p1: Strawhatspindo|Spikes
|move|p1a: Pecharunt|Malignant Chain|p2a: Samurott
|-damage|p2a: Samurott|0 fnt
|faint|p2a: Samurott
|
|-weather|Sandstorm|[upkeep]
|-damage|p1a: Pecharunt|7/100|[from] Sandstorm
|upkeep
|
|t:|1758945713
|switch|p2a: Rillaboom|Rillaboom, F|91/100
|-fieldstart|move: Grassy Terrain|[from] ability: Grassy Surge|[of] p2a: Rillaboom
|turn|12
|
|t:|1758945721
|move|p2a: Rillaboom|Knock Off|p1a: Pecharunt
|-supereffective|p1a: Pecharunt
|-damage|p1a: Pecharunt|0 fnt
|faint|p1a: Pecharunt
|
|-weather|Sandstorm|[upkeep]
|-damage|p2a: Rillaboom|85/100|[from] Sandstorm
|-heal|p2a: Rillaboom|91/100|[from] Grassy Terrain
|upkeep
|
|t:|1758945729
|switch|p1a: Garchomp|Garchomp, M|100/100
|-damage|p1a: Garchomp|84/100|[from] Spikes
|turn|13
|
|t:|1758945736
|switch|p2a: Skeledirge|Skeledirge, M|100/100
|move|p1a: Garchomp|Swords Dance|p1a: Garchomp
|-boost|p1a: Garchomp|atk|2
|
|-weather|Sandstorm|[upkeep]
|-damage|p2a: Skeledirge|94/100|[from] Sandstorm
|-heal|p1a: Garchomp|90/100|[from] Grassy Terrain
|-heal|p2a: Skeledirge|100/100|[from] Grassy Terrain
|upkeep
|turn|14
|
|t:|1758945750
|move|p1a: Garchomp|Earthquake|p2a: Skeledirge
|-supereffective|p2a: Skeledirge
|-damage|p2a: Skeledirge|57/100
|move|p2a: Skeledirge|Will-O-Wisp|p1a: Garchomp
|-status|p1a: Garchomp|brn
|
|-weather|Sandstorm|[upkeep]
|-damage|p2a: Skeledirge|51/100|[from] Sandstorm
|-heal|p1a: Garchomp|96/100 brn|[from] Grassy Terrain
|-heal|p2a: Skeledirge|57/100|[from] Grassy Terrain
|-damage|p1a: Garchomp|90/100 brn|[from] brn
|upkeep
|turn|15
|
|t:|1758945764
|move|p1a: Garchomp|Scale Shot|p2a: Skeledirge
|-damage|p2a: Skeledirge|51/100
|-damage|p2a: Skeledirge|46/100
|-damage|p2a: Skeledirge|40/100
|-damage|p2a: Skeledirge|35/100
|-damage|p2a: Skeledirge|29/100
|-hitcount|p2a: Skeledirge|5
|-unboost|p1a: Garchomp|def|1
|-boost|p1a: Garchomp|spe|1
|move|p2a: Skeledirge|Slack Off|p2a: Skeledirge
|-heal|p2a: Skeledirge|79/100
|
|-weather|none
|-heal|p1a: Garchomp|96/100 brn|[from] Grassy Terrain
|-heal|p2a: Skeledirge|86/100|[from] Grassy Terrain
|-damage|p1a: Garchomp|90/100 brn|[from] brn
|upkeep
|turn|16
|inactive|Strawhatspindo has 120 seconds left.
|
|t:|1758945781
|move|p1a: Garchomp|Earthquake|p2a: Skeledirge
|-supereffective|p2a: Skeledirge
|-damage|p2a: Skeledirge|65/100
|move|p2a: Skeledirge|Hex|p1a: Garchomp
|-damage|p1a: Garchomp|39/100 brn
|
|-heal|p1a: Garchomp|45/100 brn|[from] Grassy Terrain
|-heal|p2a: Skeledirge|72/100|[from] Grassy Terrain
|-damage|p1a: Garchomp|39/100 brn|[from] brn
|-fieldend|move: Grassy Terrain
|upkeep
|turn|17
|inactive|Strawhatspindo has 120 seconds left.
|
|t:|1758945791
|switch|p2a: Rillaboom|Rillaboom, F|91/100
|-fieldstart|move: Grassy Terrain|[from] ability: Grassy Surge|[of] p2a: Rillaboom
|move|p1a: Garchomp|Earthquake|p2a: Rillaboom
|-resisted|p2a: Rillaboom
|-damage|p2a: Rillaboom|78/100
|
|-heal|p1a: Garchomp|45/100 brn|[from] Grassy Terrain
|-heal|p2a: Rillaboom|84/100|[from] Grassy Terrain
|-damage|p1a: Garchomp|39/100 brn|[from] brn
|upkeep
|turn|18
|inactive|Strawhatspindo has 120 seconds left.
|
|t:|1758945803
|move|p1a: Garchomp|Fire Fang|p2a: Rillaboom
|-supereffective|p2a: Rillaboom
|-damage|p2a: Rillaboom|36/100
|move|p2a: Rillaboom|U-turn|p1a: Garchomp
|-damage|p1a: Garchomp|2/100 brn
|-damage|p2a: Rillaboom|23/100|[from] ability: Rough Skin|[of] p1a: Garchomp
|
|t:|1758945813
|switch|p2a: Skeledirge|Skeledirge, M|72/100|[from] U-turn
|
|-heal|p1a: Garchomp|8/100 brn|[from] Grassy Terrain
|-heal|p2a: Skeledirge|78/100|[from] Grassy Terrain
|-damage|p1a: Garchomp|2/100 brn|[from] brn
|upkeep
|turn|19
|
|t:|1758945820
|move|p1a: Garchomp|Earthquake|p2a: Skeledirge
|-supereffective|p2a: Skeledirge
|-damage|p2a: Skeledirge|55/100
|move|p2a: Skeledirge|Slack Off|p2a: Skeledirge
|-heal|p2a: Skeledirge|100/100
|
|-heal|p1a: Garchomp|8/100 brn|[from] Grassy Terrain
|-damage|p1a: Garchomp|2/100 brn|[from] brn
|upkeep
|turn|20
|
|t:|1758945830
|switch|p2a: Dragonite|Dragonite, M|100/100
|move|p1a: Garchomp|Earthquake|p2a: Dragonite
|-immune|p2a: Dragonite
|
|-heal|p1a: Garchomp|8/100 brn|[from] Grassy Terrain
|-damage|p1a: Garchomp|2/100 brn|[from] brn
|upkeep
|turn|21
|
|t:|1758945839
|move|p2a: Dragonite|Extreme Speed|p1a: Garchomp
|-damage|p1a: Garchomp|0 fnt
|-damage|p2a: Dragonite|88/100|[from] ability: Rough Skin|[of] p1a: Garchomp
|faint|p1a: Garchomp
|
|-fieldend|move: Grassy Terrain
|upkeep
|
|t:|1758945847
|switch|p1a: Kingambit|Kingambit, F|100/100
|-damage|p1a: Kingambit|84/100|[from] Spikes
|-activate|p1a: Kingambit|ability: Supreme Overlord
|-start|p1a: Kingambit|fallen5|[silent]
|turn|22
|
|t:|1758945854
|move|p2a: Dragonite|Earthquake|p1a: Kingambit
|-supereffective|p1a: Kingambit
|-damage|p1a: Kingambit|22/100
|move|p1a: Kingambit|Swords Dance|p1a: Kingambit
|-boost|p1a: Kingambit|atk|2
|
|upkeep
|turn|23
|
|t:|1758945867
|move|p2a: Dragonite|Extreme Speed|p1a: Kingambit
|-resisted|p1a: Kingambit
|-damage|p1a: Kingambit|11/100
|move|p1a: Kingambit|Iron Head|p2a: Dragonite
|-damage|p2a: Dragonite|0 fnt
|faint|p2a: Dragonite
|
|upkeep
|
|t:|1758945871
|switch|p2a: Rillaboom|Rillaboom, F|23/100
|-fieldstart|move: Grassy Terrain|[from] ability: Grassy Surge|[of] p2a: Rillaboom
|turn|24
|
|t:|1758945878
|-terastallize|p2a: Rillaboom|Grass
|move|p2a: Rillaboom|Grassy Glide|p1a: Kingambit
|-resisted|p1a: Kingambit
|-damage|p1a: Kingambit|0 fnt
|faint|p1a: Kingambit
|-end|p1a: Kingambit|fallen5|[silent]
|
|win|slngularlty
|raw|Strawhatspindo's rating: 1430 &rarr; <strong>1408</strong><br />(-22 for losing)
|raw|slngularlty's rating: 1389 &rarr; <strong>1411</strong><br />(+22 for winning)
|l|☆Strawhatspindo
|player|p1|
|l|☆slngularlty
|player|p2|
|j|☆slngularlty
|player|p2|slngularlty|koga|
