|j|☆nlzdy
|j|☆420Pimmelberger
|t:|1758961228
|gametype|singles
|player|p1|nlzdy|cynthia|1212
|player|p2|420Pimmelberger|101|1220
|gen|9
|tier|[Gen 9] OU
|rated|
|rule|HP Percentage Mod: HP is shown in percentages
|rule|Endless Battle Clause: Forcing endless battles is banned
|rule|Species Clause: Limit one of each Pokémon
|rule|OHKO Clause: OHKO moves are banned
|rule|Evasion Items Clause: Evasion items are banned
|rule|Evasion Moves Clause: Evasion moves are banned
|rule|Evasion Abilities Clause: Evasion abilities are banned
|rule|Sleep Moves Clause: Sleep-inducing moves are banned
|clearpoke
|poke|p1|Corviknight, M|
|poke|p1|Meowscarada, F|
|poke|p1|Walking Wake|
|poke|p1|Cinderace, F|
|poke|p1|Slowking-Galar, M|
|poke|p1|Zamazenta-*|
|poke|p2|Bastiodon, M|
|poke|p2|Salamence, F|
|poke|p2|Hoopa|
|poke|p2|Moltres|
|poke|p2|Abomasnow, F|
|poke|p2|Scrafty, M|
|teampreview
|
|t:|1758961249
|teamsize|p1|6
|teamsize|p2|6
|start
|switch|p1a: Meowscarada|Meowscarada, F|100/100
|switch|p2a: Lil Oatmeal|Scrafty, M|100/100
|turn|1
|
|t:|1758961257
|move|p1a: Meowscarada|Trick|p2a: Lil Oatmeal
|-start|p1a: Meowscarada|typechange|Psychic|[from] ability: Protean
|-activate|p1a: Meowscarada|move: Trick|[of] p2a: Lil Oatmeal
|-item|p2a: Lil Oatmeal|Choice Scarf|[from] move: Trick
|-item|p1a: Meowscarada|Leftovers|[from] move: Trick
|move|p2a: Lil Oatmeal|Bulk Up|p2a: Lil Oatmeal
|-boost|p2a: Lil Oatmeal|atk|1
|-boost|p2a: Lil Oatmeal|def|1
|
|upkeep
|turn|2
|
|t:|1758961279
|switch|p2a: KFC in da Hood|Moltres|100/100
|move|p1a: Meowscarada|Flower Trick|p2a: KFC in da Hood
|-resisted|p2a: KFC in da Hood
|-crit|p2a: KFC in da Hood
|-damage|p2a: KFC in da Hood|96/100
|
|upkeep
|turn|3
|
|t:|1758961292
|move|p1a: Meowscarada|Trick|p2a: KFC in da Hood
|-activate|p1a: Meowscarada|move: Trick|[of] p2a: KFC in da Hood
|-item|p2a: KFC in da Hood|Leftovers|[from] move: Trick
|-item|p1a: Meowscarada|Heavy-Duty Boots|[from] move: Trick
|move|p2a: KFC in da Hood|U-turn|p1a: Meowscarada
|-supereffective|p1a: Meowscarada
|-damage|p1a: Meowscarada|57/100
|
|t:|1758961301
|switch|p2a: Lil Oatmeal|Scrafty, M|100/100|[from] U-turn
|
|upkeep
|turn|4
|
|t:|1758961306
|switch|p1a: Corviknight|Corviknight, M|100/100
|move|p2a: Lil Oatmeal|Knock Off|p1a: Corviknight
|-damage|p1a: Corviknight|84/100
|-damage|p2a: Lil Oatmeal|84/100|[from] item: Rocky Helmet|[of] p1a: Corviknight
|-enditem|p1a: Corviknight|Rocky Helmet|[from] move: Knock Off|[of] p2a: Lil Oatmeal
|
|upkeep
|turn|5
|
|t:|1758961316
|switch|p2a: KFC in da Hood|Moltres|96/100
|move|p1a: Corviknight|U-turn|p2a: KFC in da Hood
|-resisted|p2a: KFC in da Hood
|-damage|p2a: KFC in da Hood|93/100
|
|t:|1758961322
|switch|p1a: Walking Wake|Walking Wake|100/100|[from] U-turn
|
|-heal|p2a: KFC in da Hood|99/100|[from] item: Leftovers
|upkeep
|turn|6
|
|t:|1758961329
|switch|p2a: Barack|Abomasnow, F|100/100
|-weather|Snowscape|[from] ability: Snow Warning|[of] p2a: Barack
|move|p1a: Walking Wake|Hydro Steam|p2a: Barack
|-resisted|p2a: Barack
|-damage|p2a: Barack|85/100
|
|-weather|Snowscape|[upkeep]
|upkeep
|turn|7
|
|t:|1758961338
|move|p1a: Walking Wake|Flamethrower|p2a: Barack
|-supereffective|p2a: Barack
|-damage|p2a: Barack|0 fnt
|faint|p2a: Barack
|
|-weather|Snowscape|[upkeep]
|upkeep
|inactive|Battle timer is ON: inactive players will automatically lose when time's up. (requested by nlzdy)
|
|t:|1758961371
|switch|p2a: MJ|Hoopa|100/100
|turn|8
|
|t:|1758961376
|-end|p1a: Walking Wake|Protosynthesis|[silent]
|switch|p1a: Corviknight|Corviknight, M|84/100
|move|p2a: MJ|Psyshock|p1a: Corviknight
|-resisted|p1a: Corviknight
|-damage|p1a: Corviknight|70/100
|
|-weather|Snowscape|[upkeep]
|upkeep
|turn|9
|
|t:|1758961387
|move|p2a: MJ|Nasty Plot|p2a: MJ
|-boost|p2a: MJ|spa|2
|move|p1a: Corviknight|Roost|p1a: Corviknight
|-heal|p1a: Corviknight|100/100
|-singleturn|p1a: Corviknight|move: Roost
|
|-weather|Snowscape|[upkeep]
|upkeep
|turn|10
|
|t:|1758961396
|switch|p1a: Meowscarada|Meowscarada, F|57/100
|move|p2a: MJ|Shadow Ball|p1a: Meowscarada
|-resisted|p1a: Meowscarada
|-damage|p1a: Meowscarada|0 fnt
|faint|p1a: Meowscarada
|
|-weather|none
|upkeep
|
|t:|1758961406
|switch|p1a: Cinderace|Cinderace, F|100/100
|turn|11
|
|t:|1758961417
|move|p1a: Cinderace|U-turn|p2a: MJ
|-start|p1a: Cinderace|typechange|Bug|[from] ability: Libero
|-damage|p2a: MJ|47/100
|
|t:|1758961422
|switch|p1a: Slowking|Slowking-Galar, M|100/100|[from] U-turn
|move|p2a: MJ|Shadow Ball|p1a: Slowking
|-supereffective|p1a: Slowking
|-damage|p1a: Slowking|0 fnt
|faint|p1a: Slowking
|
|-heal|p2a: MJ|53/100|[from] item: Leftovers
|upkeep
|
|t:|1758961434
|switch|p1a: Cinderace|Cinderace, F|100/100
|turn|12
|
|t:|1758961455
|-terastallize|p2a: MJ|Fairy
|move|p1a: Cinderace|U-turn|p2a: MJ
|-start|p1a: Cinderace|typechange|Bug|[from] ability: Libero
|-resisted|p2a: MJ
|-damage|p2a: MJ|28/100
|
|t:|1758961464
|switch|p1a: Corviknight|Corviknight, M|100/100|[from] U-turn
|move|p2a: MJ|Shadow Ball|p1a: Corviknight
|-damage|p1a: Corviknight|14/100
|-ability|p1a: Corviknight|Mirror Armor
|-unboost|p2a: MJ|spd|1
|
|-heal|p2a: MJ|34/100|[from] item: Leftovers
|upkeep
|turn|13
|
|t:|1758961475
|move|p2a: MJ|Shadow Ball|p1a: Corviknight
|-damage|p1a: Corviknight|0 fnt
|faint|p1a: Corviknight
|
|-heal|p2a: MJ|40/100|[from] item: Leftovers
|upkeep
|
|t:|1758961483
|switch|p1a: Cinderace|Cinderace, F|100/100
|turn|14
|
|t:|1758961507
|switch|p2a: 4x Babyyyyyyyy|Bastiodon, M|100/100
|move|p1a: Cinderace|Pyro Ball|p2a: 4x Babyyyyyyyy
|-damage|p2a: 4x Babyyyyyyyy|68/100
|
|upkeep
|turn|15
|
|t:|1758961516
|move|p1a: Cinderace|U-turn|p2a: 4x Babyyyyyyyy
|-start|p1a: Cinderace|typechange|Bug|[from] ability: Libero
|-resisted|p2a: 4x Babyyyyyyyy
|-damage|p2a: 4x Babyyyyyyyy|60/100
|
|t:|1758961520
|switch|p1a: Walking Wake|Walking Wake|100/100|[from] U-turn
|move|p2a: 4x Babyyyyyyyy|Iron Defense|p2a: 4x Babyyyyyyyy
|-boost|p2a: 4x Babyyyyyyyy|def|2
|
|upkeep
|turn|16
|
|t:|1758961533
|move|p1a: Walking Wake|Hydro Steam|p2a: 4x Babyyyyyyyy
|-supereffective|p2a: 4x Babyyyyyyyy
|-damage|p2a: 4x Babyyyyyyyy|0 fnt
|faint|p2a: 4x Babyyyyyyyy
|
|upkeep
|
|t:|1758961538
|switch|p2a: Vanilla Shmoving|Salamence, F|100/100
|-ability|p2a: Vanilla Shmoving|Intimidate|boost
|-unboost|p1a: Walking Wake|atk|1
|turn|17
|
|t:|1758961543
|switch|p2a: KFC in da Hood|Moltres|99/100
|move|p1a: Walking Wake|Draco Meteor|p2a: KFC in da Hood
|-damage|p2a: KFC in da Hood|30/100
|-unboost|p1a: Walking Wake|spa|2
|
|-heal|p2a: KFC in da Hood|36/100|[from] item: Leftovers
|upkeep
|turn|18
|
|t:|1758961553
|-end|p1a: Walking Wake|Protosynthesis|[silent]
|switch|p1a: Cinderace|Cinderace, F|100/100
|switch|p2a: Lil Oatmeal|Scrafty, M|84/100
|
|upkeep
|turn|19
|
|t:|1758961563
|move|p1a: Cinderace|Will-O-Wisp|p2a: Lil Oatmeal
|-status|p2a: Lil Oatmeal|brn
|move|p2a: Lil Oatmeal|Knock Off|p1a: Cinderace
|-damage|p1a: Cinderace|79/100
|-enditem|p1a: Cinderace|Heavy-Duty Boots|[from] move: Knock Off|[of] p2a: Lil Oatmeal
|
|-damage|p2a: Lil Oatmeal|78/100 brn|[from] brn
|upkeep
|turn|20
|
|t:|1758961573
|move|p1a: Cinderace|Pyro Ball|p2a: Lil Oatmeal
|-damage|p2a: Lil Oatmeal|34/100 brn
|move|p2a: Lil Oatmeal|Knock Off|p1a: Cinderace
|-damage|p1a: Cinderace|64/100
|
|-damage|p2a: Lil Oatmeal|28/100 brn|[from] brn
|upkeep
|turn|21
|
|t:|1758961581
|move|p1a: Cinderace|Pyro Ball|p2a: Lil Oatmeal
|-damage|p2a: Lil Oatmeal|0 fnt
|faint|p2a: Lil Oatmeal
|
|upkeep
|
|t:|1758961585
|switch|p2a: KFC in da Hood|Moltres|36/100
|turn|22
|
|t:|1758961589
|switch|p1a: Walking Wake|Walking Wake|100/100
|move|p2a: KFC in da Hood|Roost|p2a: KFC in da Hood
|-heal|p2a: KFC in da Hood|86/100
|-singleturn|p2a: KFC in da Hood|move: Roost
|
|-heal|p2a: KFC in da Hood|92/100|[from] item: Leftovers
|upkeep
|turn|23
|
|t:|1758961599
|switch|p2a: Vanilla Shmoving|Salamence, F|100/100
|-ability|p2a: Vanilla Shmoving|Intimidate|boost
|-unboost|p1a: Walking Wake|atk|1
|move|p1a: Walking Wake|Hydro Steam|p2a: Vanilla Shmoving
|-resisted|p2a: Vanilla Shmoving
|-damage|p2a: Vanilla Shmoving|74/100
|
|upkeep
|turn|24
|
|t:|1758961610
|move|p1a: Walking Wake|Draco Meteor|p2a: Vanilla Shmoving
|-supereffective|p2a: Vanilla Shmoving
|-damage|p2a: Vanilla Shmoving|0 fnt
|-unboost|p1a: Walking Wake|spa|2
|faint|p2a: Vanilla Shmoving
|
|upkeep
|
|t:|1758961616
|switch|p2a: MJ|Hoopa, tera:Fairy|40/100
|turn|25
|
|t:|1758961626
|-end|p1a: Walking Wake|Protosynthesis|[silent]
|switch|p1a: Cinderace|Cinderace, F|64/100
|move|p2a: MJ|Shadow Ball|p1a: Cinderace
|-damage|p1a: Cinderace|0 fnt
|faint|p1a: Cinderace
|
|-heal|p2a: MJ|46/100|[from] item: Leftovers
|upkeep
|
|t:|1758961636
|switch|p1a: Walking Wake|Walking Wake|100/100
|turn|26
|
|t:|1758961643
|move|p1a: Walking Wake|Hydro Steam|p2a: MJ
|-damage|p2a: MJ|10/100
|move|p2a: MJ|Tera Blast|p1a: Walking Wake|[anim] Tera Blast Fairy
|-supereffective|p1a: Walking Wake
|-damage|p1a: Walking Wake|0 fnt
|faint|p1a: Walking Wake
|-end|p1a: Walking Wake|Protosynthesis|[silent]
|
|-heal|p2a: MJ|16/100|[from] item: Leftovers
|upkeep
|
|t:|1758961654
|switch|p1a: Zamazenta|Zamazenta|100/100
|-ability|p1a: Zamazenta|Dauntless Shield|boost
|-boost|p1a: Zamazenta|def|1
|turn|27
|
|t:|1758961663
|move|p1a: Zamazenta|Crunch|p2a: MJ
|-resisted|p2a: MJ
|-damage|p2a: MJ|0 fnt
|faint|p2a: MJ
|
|upkeep
|
|t:|1758961667
|switch|p2a: KFC in da Hood|Moltres|92/100
|turn|28
|
|t:|1758961671
|move|p1a: Zamazenta|Crunch|p2a: KFC in da Hood
|-damage|p2a: KFC in da Hood|67/100
|-unboost|p2a: KFC in da Hood|def|1
|-status|p1a: Zamazenta|brn|[from] ability: Flame Body|[of] p2a: KFC in da Hood
|move|p2a: KFC in da Hood|Flamethrower|p1a: Zamazenta
|-damage|p1a: Zamazenta|62/100 brn
|
|-heal|p2a: KFC in da Hood|73/100|[from] item: Leftovers
|-damage|p1a: Zamazenta|56/100 brn|[from] brn
|upkeep
|turn|29
|
|t:|1758961683
|move|p1a: Zamazenta|Crunch|p2a: KFC in da Hood
|-damage|p2a: KFC in da Hood|54/100
|move|p2a: KFC in da Hood|Flamethrower|p1a: Zamazenta
|-damage|p1a: Zamazenta|20/100 brn
|
|-heal|p2a: KFC in da Hood|60/100|[from] item: Leftovers
|-damage|p1a: Zamazenta|14/100 brn|[from] brn
|upkeep
|turn|30
|-message|nlzdy forfeited.
|
|win|420Pimmelberger
|raw|nlzdy's rating: 1212 &rarr; <strong>1188</strong><br />(-24 for losing)
|raw|420Pimmelberger's rating: 1220 &rarr; <strong>1244</strong><br />(+24 for winning)
|l|☆nlzdy
|player|p1|
|l|☆420Pimmelberger
|player|p2|
