|j|☆shadynkiller
|j|☆ServineLover123
|t:|1758978804
|gametype|singles
|player|p1|shadynkiller|ethan|1161
|player|p2|ServineLover123|richboy|1161
|gen|9
|tier|[Gen 9] OU
|rated|
|rule|HP Percentage Mod: HP is shown in percentages
|rule|Endless Battle Clause: Forcing endless battles is banned
|rule|Species Clause: Limit one of each Pokémon
|rule|OHKO Clause: OHKO moves are banned
|rule|Evasion Items Clause: Evasion items are banned
|rule|Evasion Moves Clause: Evasion moves are banned
|rule|Evasion Abilities Clause: Evasion abilities are banned
|rule|Sleep Moves Clause: Sleep-inducing moves are banned
|clearpoke
|poke|p1|Dragonite, F|
|poke|p1|Dragapult, F|
|poke|p1|Kyurem|
|poke|p1|Raging Bolt|
|poke|p1|Walking Wake|
|poke|p1|Goodra-Hisui, M|
|poke|p2|Araquanid, F|
|poke|p2|Enamorus, F|
|poke|p2|Serperior, M|
|poke|p2|Cinderace, F|
|poke|p2|Servine, M|
|poke|p2|Kingambit, F|
|teampreview
|inactive|Battle timer is ON: inactive players will automatically lose when time's up. (requested by shadynkiller)
|
|t:|1758978816
|teamsize|p1|6
|teamsize|p2|6
|start
|switch|p1a: Raging Bolt|Raging Bolt|100/100
|switch|p2a: Michelle|Araquanid, F|100/100
|-enditem|p1a: Raging Bolt|Booster Energy
|-activate|p1a: Raging Bolt|ability: Protosynthesis|[fromitem]
|-start|p1a: Raging Bolt|protosynthesisspa
|turn|1
|
|t:|1758978827
|move|p1a: Raging Bolt|Calm Mind|p1a: Raging Bolt
|-boost|p1a: Raging Bolt|spa|1
|-boost|p1a: Raging Bolt|spd|1
|move|p2a: Michelle|Sticky Web|p1a: Raging Bolt
|-sidestart|p1: shadynkiller|move: Sticky Web
|
|upkeep
|turn|2
|
|t:|1758978833
|move|p2a: Michelle|Endure|p2a: Michelle
|-singleturn|p2a: Michelle|move: Endure
|move|p1a: Raging Bolt|Calm Mind|p1a: Raging Bolt
|-boost|p1a: Raging Bolt|spa|1
|-boost|p1a: Raging Bolt|spd|1
|
|upkeep
|turn|3
|
|t:|1758978839
|move|p1a: Raging Bolt|Calm Mind|p1a: Raging Bolt
|-boost|p1a: Raging Bolt|spa|1
|-boost|p1a: Raging Bolt|spd|1
|move|p2a: Michelle|Surf|p1a: Raging Bolt
|-resisted|p1a: Raging Bolt
|-damage|p1a: Raging Bolt|90/100
|
|upkeep
|turn|4
|
|t:|1758978842
|move|p1a: Raging Bolt|Thunderbolt|p2a: Michelle
|-supereffective|p2a: Michelle
|-damage|p2a: Michelle|0 fnt
|faint|p2a: Michelle
|
|upkeep
|
|t:|1758978851
|switch|p2a: Servine|Servine, M|100/100
|turn|5
|
|t:|1758978860
|move|p1a: Raging Bolt|Thunderclap||[still]
|-fail|p1a: Raging Bolt
|move|p2a: Servine|Leech Seed|p1a: Raging Bolt
|-start|p1a: Raging Bolt|move: Leech Seed
|
|-damage|p1a: Raging Bolt|77/100|[from] Leech Seed|[of] p2a: Servine
|upkeep
|turn|6
|
|t:|1758978875
|move|p2a: Servine|Substitute|p2a: Servine
|-start|p2a: Servine|Substitute
|-damage|p2a: Servine|76/100
|move|p1a: Raging Bolt|Thunderbolt|p2a: Servine
|-resisted|p2a: Servine
|-end|p2a: Servine|Substitute
|
|-damage|p1a: Raging Bolt|65/100|[from] Leech Seed|[of] p2a: Servine
|-heal|p2a: Servine|94/100|[silent]
|upkeep
|turn|7
|
|t:|1758978882
|move|p2a: Servine|Substitute|p2a: Servine
|-start|p2a: Servine|Substitute
|-damage|p2a: Servine|69/100
|move|p1a: Raging Bolt|Thunderbolt|p2a: Servine
|-resisted|p2a: Servine
|-end|p2a: Servine|Substitute
|
|-damage|p1a: Raging Bolt|53/100|[from] Leech Seed|[of] p2a: Servine
|-heal|p2a: Servine|88/100|[silent]
|upkeep
|turn|8
|
|t:|1758978893
|move|p2a: Servine|Substitute|p2a: Servine
|-start|p2a: Servine|Substitute
|-damage|p2a: Servine|63/100
|move|p1a: Raging Bolt|Dragon Pulse|p2a: Servine
|-end|p2a: Servine|Substitute
|
|-damage|p1a: Raging Bolt|41/100|[from] Leech Seed|[of] p2a: Servine
|-heal|p2a: Servine|81/100|[silent]
|upkeep
|turn|9
|
|t:|1758978900
|-end|p1a: Raging Bolt|Protosynthesis|[silent]
|switch|p1a: Dragonite|Dragonite, F|100/100
|move|p2a: Servine|Substitute|p2a: Servine
|-start|p2a: Servine|Substitute
|-damage|p2a: Servine|56/100
|
|upkeep
|turn|10
|
|t:|1758978908
|move|p2a: Servine|Glare|p1a: Dragonite
|-status|p1a: Dragonite|par
|move|p1a: Dragonite|Fire Punch|p2a: Servine
|-supereffective|p2a: Servine
|-end|p2a: Servine|Substitute
|
|upkeep
|turn|11
|
|t:|1758978914
|move|p2a: Servine|Leech Seed|p1a: Dragonite
|-start|p1a: Dragonite|move: Leech Seed
|cant|p1a: Dragonite|par
|
|-damage|p1a: Dragonite|88/100 par|[from] Leech Seed|[of] p2a: Servine
|-heal|p2a: Servine|71/100|[silent]
|upkeep
|turn|12
|
|t:|1758978919
|switch|p1a: Dragapult|Dragapult, F|100/100
|move|p2a: Servine|Substitute|p2a: Servine
|-start|p2a: Servine|Substitute
|-damage|p2a: Servine|47/100
|
|upkeep
|turn|13
|
|t:|1758978923
|move|p1a: Dragapult|Dragon Darts|p2a: Servine
|-damage|p2a: Servine|18/100
|-anim|p1a: Dragapult|Dragon Darts|p2a: Servine
|-damage|p2a: Servine|0 fnt
|faint|p2a: Servine
|
|upkeep
|
|t:|1758978927
|switch|p2a: Patrick|Enamorus, F|100/100
|turn|14
|
|t:|1758978935
|-terastallize|p1a: Dragapult|Fairy
|move|p1a: Dragapult|Thunder Wave|p2a: Patrick
|-status|p2a: Patrick|par
|move|p2a: Patrick|Moonblast|p1a: Dragapult
|-damage|p1a: Dragapult|0 fnt
|faint|p1a: Dragapult
|
|upkeep
|
|t:|1758978942
|switch|p1a: Goodra|Goodra-Hisui, M|100/100
|-activate|p1a: Goodra|move: Sticky Web
|-unboost|p1a: Goodra|spe|1
|turn|15
|
|t:|1758978952
|switch|p2a: Luis|Serperior, M|100/100
|move|p1a: Goodra|Flash Cannon|p2a: Luis
|-damage|p2a: Luis|54/100
|
|-heal|p2a: Luis|60/100|[from] item: Leftovers
|upkeep
|turn|16
|
|t:|1758978960
|move|p2a: Luis|Substitute|p2a: Luis
|-start|p2a: Luis|Substitute
|-damage|p2a: Luis|35/100
|move|p1a: Goodra|Flamethrower|p2a: Luis
|-supereffective|p2a: Luis
|-end|p2a: Luis|Substitute
|
|-heal|p2a: Luis|41/100|[from] item: Leftovers
|upkeep
|turn|17
|
|t:|1758978969
|move|p2a: Luis|Glare|p1a: Goodra
|-status|p1a: Goodra|par
|cant|p1a: Goodra|par
|
|-heal|p2a: Luis|47/100|[from] item: Leftovers
|upkeep
|turn|18
|
|t:|1758978979
|switch|p2a: Piper|Cinderace, F|100/100
|cant|p1a: Goodra|par
|
|upkeep
|turn|19
|
|t:|1758978988
|switch|p1a: Dragonite|Dragonite, F|88/100 par
|move|p2a: Piper|Pyro Ball|p1a: Dragonite
|-resisted|p1a: Dragonite
|-damage|p1a: Dragonite|57/100 par
|
|upkeep
|turn|20
|
|t:|1758978997
|move|p1a: Dragonite|Extreme Speed|p2a: Piper
|-damage|p2a: Piper|29/100
|move|p2a: Piper|Pyro Ball|p1a: Dragonite
|-resisted|p1a: Dragonite
|-crit|p1a: Dragonite
|-damage|p1a: Dragonite|0 fnt
|faint|p1a: Dragonite
|
|upkeep
|
|t:|1758979004
|switch|p1a: Raging Bolt|Raging Bolt|41/100
|-activate|p1a: Raging Bolt|move: Sticky Web
|-unboost|p1a: Raging Bolt|spe|1
|turn|21
|
|t:|1758979009
|move|p2a: Piper|Will-O-Wisp|p1a: Raging Bolt
|-status|p1a: Raging Bolt|brn
|move|p1a: Raging Bolt|Dragon Pulse|p2a: Piper
|-damage|p2a: Piper|0 fnt
|faint|p2a: Piper
|
|-damage|p1a: Raging Bolt|35/100 brn|[from] brn
|upkeep
|
|t:|1758979017
|switch|p2a: Luis|Serperior, M|47/100
|turn|22
|
|t:|1758979024
|move|p2a: Luis|Leaf Storm|p1a: Raging Bolt
|-resisted|p1a: Raging Bolt
|-damage|p1a: Raging Bolt|10/100 brn
|-boost|p2a: Luis|spa|2
|move|p1a: Raging Bolt|Dragon Pulse|p2a: Luis
|-damage|p2a: Luis|0 fnt
|faint|p2a: Luis
|
|-damage|p1a: Raging Bolt|4/100 brn|[from] brn
|upkeep
|
|t:|1758979033
|switch|p2a: Penelope|Kingambit, F|100/100
|turn|23
|
|t:|1758979045
|move|p2a: Penelope|Sucker Punch|p1a: Raging Bolt
|-damage|p1a: Raging Bolt|0 fnt
|faint|p1a: Raging Bolt
|-end|p1a: Raging Bolt|Protosynthesis|[silent]
|
|upkeep
|
|t:|1758979051
|switch|p1a: Kyurem|Kyurem|100/100
|-activate|p1a: Kyurem|move: Sticky Web
|-unboost|p1a: Kyurem|spe|1
|-ability|p1a: Kyurem|Pressure
|turn|24
|
|t:|1758979058
|move|p1a: Kyurem|Earth Power|p2a: Penelope
|-supereffective|p2a: Penelope
|-damage|p2a: Penelope|0 fnt
|faint|p2a: Penelope
|
|upkeep
|-message|ServineLover123 forfeited.
|
|win|shadynkiller
|raw|shadynkiller's rating: 1161 &rarr; <strong>1186</strong><br />(+25 for winning)
|raw|ServineLover123's rating: 1161 &rarr; <strong>1136</strong><br />(-25 for losing)
|l|☆ServineLover123
|player|p2|
|l|☆shadynkiller
|player|p1|
