|j|☆Cungy21
|j|☆themustardman
|t:|1758946205
|gametype|singles
|player|p1|Cungy21|li|1116
|player|p2|themustardman|170|1102
|gen|9
|tier|[Gen 9] OU
|rated|
|rule|HP Percentage Mod: HP is shown in percentages
|rule|Endless Battle Clause: Forcing endless battles is banned
|rule|Species Clause: Limit one of each Pokémon
|rule|OHKO Clause: OHKO moves are banned
|rule|Evasion Items Clause: Evasion items are banned
|rule|Evasion Moves Clause: Evasion moves are banned
|rule|Evasion Abilities Clause: Evasion abilities are banned
|rule|Sleep Moves Clause: Sleep-inducing moves are banned
|clearpoke
|poke|p1|Zamazenta-*|
|poke|p1|Gholdengo|
|poke|p1|Darkrai|
|poke|p1|Dragapult, M|
|poke|p1|Dragonite, F|
|poke|p1|Lokix, F|
|poke|p2|Weavile, M|
|poke|p2|Araquanid, F|
|poke|p2|Polteageist-Antique|
|poke|p2|Scizor, M|
|poke|p2|Moltres|
|poke|p2|Glimmora, F|
|teampreview
|inactive|Battle timer is ON: inactive players will automatically lose when time's up. (requested by themustardman)
|inactive|Cungy21 has 120 seconds left.
|inactive|Cungy21 has 90 seconds left.
|inactive|Cungy21 has 60 seconds left.
|
|t:|1758946340
|teamsize|p1|6
|teamsize|p2|6
|start
|switch|p1a: Dragapult|Dragapult, M|100/100
|switch|p2a: Weavile|Weavile, M|100/100
|-ability|p2a: Weavile|Pressure
|turn|1
|
|t:|1758946351
|move|p2a: Weavile|Hone Claws|p2a: Weavile
|-boost|p2a: Weavile|atk|1
|-boost|p2a: Weavile|accuracy|1
|move|p1a: Dragapult|Fire Blast|p2a: Weavile
|-supereffective|p2a: Weavile
|-enditem|p2a: Weavile|Focus Sash
|-damage|p2a: Weavile|1/100
|-damage|p1a: Dragapult|91/100|[from] item: Life Orb
|
|upkeep
|turn|2
|
|t:|1758946362
|move|p2a: Weavile|Triple Axel|p1a: Dragapult
|-supereffective|p1a: Dragapult
|-damage|p1a: Dragapult|47/100
|-supereffective|p1a: Dragapult
|-crit|p1a: Dragapult
|-damage|p1a: Dragapult|0 fnt
|faint|p1a: Dragapult
|-hitcount|p1: Dragapult|2
|
|upkeep
|
|t:|1758946383
|switch|p1a: Gholdengo|Gholdengo, shiny|100/100
|turn|3
|
|t:|1758946390
|-terastallize|p1a: Gholdengo|Ghost
|move|p1a: Gholdengo|Shadow Ball|p2a: Weavile
|-resisted|p2a: Weavile
|-damage|p2a: Weavile|0 fnt
|faint|p2a: Weavile
|
|upkeep
|
|t:|1758946416
|switch|p2a: Moltres|Moltres, shiny|100/100
|turn|4
|
|t:|1758946427
|move|p1a: Gholdengo|Shadow Ball|p2a: Moltres
|-damage|p2a: Moltres|30/100
|move|p2a: Moltres|Fire Blast|p1a: Gholdengo
|-crit|p1a: Gholdengo
|-damage|p1a: Gholdengo|3/100
|
|upkeep
|turn|5
|inactive|Cungy21 has 120 seconds left.
|inactive|themustardman has 120 seconds left.
|
|t:|1758946443
|move|p1a: Gholdengo|Shadow Ball|p2a: Moltres
|-crit|p2a: Moltres
|-damage|p2a: Moltres|0 fnt
|faint|p2a: Moltres
|
|upkeep
|inactive|themustardman has 120 seconds left.
|
|t:|1758946454
|switch|p2a: Scizor|Scizor, M|100/100
|turn|6
|inactive|themustardman has 120 seconds left.
|
|t:|1758946462
|switch|p1a: Zamazenta|Zamazenta, shiny|100/100
|-ability|p1a: Zamazenta|Dauntless Shield|boost
|-boost|p1a: Zamazenta|def|1
|move|p2a: Scizor|Bullet Punch|p1a: Zamazenta
|-damage|p1a: Zamazenta|80/100
|
|upkeep
|turn|7
|inactive|themustardman has 120 seconds left.
|inactive|themustardman has 90 seconds left.
|inactive|themustardman has 60 seconds left.
|
|t:|1758946532
|move|p1a: Zamazenta|Crunch|p2a: Scizor
|-damage|p2a: Scizor|59/100
|move|p2a: Scizor|Curse|p2a: Scizor
|-unboost|p2a: Scizor|spe|1
|-boost|p2a: Scizor|atk|1
|-boost|p2a: Scizor|def|1
|
|upkeep
|turn|8
|inactive|themustardman has 60 seconds left.
|
|t:|1758946554
|switch|p1a: Dragonite|Dragonite, F|100/100
|move|p2a: Scizor|Curse|p2a: Scizor
|-unboost|p2a: Scizor|spe|1
|-boost|p2a: Scizor|atk|1
|-boost|p2a: Scizor|def|1
|
|upkeep
|turn|9
|
|t:|1758946562
|move|p2a: Scizor|Bullet Punch|p1a: Dragonite
|-damage|p1a: Dragonite|65/100
|move|p1a: Dragonite|Earthquake|p2a: Scizor
|-damage|p2a: Scizor|34/100
|-damage|p1a: Dragonite|55/100|[from] item: Life Orb
|
|upkeep
|turn|10
|inactive|themustardman has 60 seconds left.
|
|t:|1758946570
|move|p1a: Dragonite|Extreme Speed|p2a: Scizor
|-resisted|p2a: Scizor
|-damage|p2a: Scizor|24/100
|-damage|p1a: Dragonite|45/100|[from] item: Life Orb
|move|p2a: Scizor|Curse|p2a: Scizor
|-unboost|p2a: Scizor|spe|1
|-boost|p2a: Scizor|atk|1
|-boost|p2a: Scizor|def|1
|
|upkeep
|turn|11
|
|t:|1758946581
|move|p1a: Dragonite|Extreme Speed|p2a: Scizor
|-resisted|p2a: Scizor
|-damage|p2a: Scizor|17/100
|-damage|p1a: Dragonite|35/100|[from] item: Life Orb
|move|p2a: Scizor|Bullet Punch|p1a: Dragonite
|-damage|p1a: Dragonite|0 fnt
|faint|p1a: Dragonite
|
|upkeep
|
|t:|1758946588
|switch|p1a: Lokix|Lokix, F|100/100
|turn|12
|
|t:|1758946599
|move|p1a: Lokix|First Impression|p2a: Scizor
|-resisted|p2a: Scizor
|-damage|p2a: Scizor|0 fnt
|faint|p2a: Scizor
|
|upkeep
|inactive|themustardman has 60 seconds left.
|
|t:|1758946616
|switch|p2a: Glimmora|Glimmora, F, shiny|100/100
|-item|p2a: Glimmora|Air Balloon
|turn|13
|
|t:|1758946625
|switch|p1a: Darkrai|Darkrai|100/100
|move|p2a: Glimmora|Spiky Shield||[still]
|-fail|p2a: Glimmora
|
|upkeep
|turn|14
|
|t:|1758946636
|move|p1a: Darkrai|Focus Blast|p2a: Glimmora
|-damage|p2a: Glimmora|46/100
|-enditem|p2a: Glimmora|Air Balloon
|move|p2a: Glimmora|Ancient Power|p1a: Darkrai
|-damage|p1a: Darkrai|66/100
|
|upkeep
|turn|15
|
|t:|1758946644
|move|p2a: Glimmora|Spiky Shield|p2a: Glimmora
|-singleturn|p2a: Glimmora|move: Protect
|move|p1a: Darkrai|Focus Blast|p2a: Glimmora
|-activate|p2a: Glimmora|move: Protect
|
|upkeep
|turn|16
|
|t:|1758946651
|switch|p2a: Polteageist|Polteageist-Antique|100/100
|move|p1a: Darkrai|Focus Blast|p2a: Polteageist
|-immune|p2a: Polteageist
|
|upkeep
|turn|17
|
|t:|1758946661
|switch|p1a: Zamazenta|Zamazenta, shiny|80/100
|move|p2a: Polteageist|Light Screen|p2a: Polteageist
|-sidestart|p2: themustardman|move: Light Screen
|
|upkeep
|turn|18
|inactive|themustardman has 90 seconds left.
|
|t:|1758946668
|move|p1a: Zamazenta|Crunch|p2a: Polteageist
|-supereffective|p2a: Polteageist
|-damage|p2a: Polteageist|0 fnt
|-damage|p1a: Zamazenta|64/100|[from] item: Rocky Helmet|[of] p2a: Polteageist
|faint|p2a: Polteageist
|
|upkeep
|inactive|themustardman has 90 seconds left.
|
|t:|1758946675
|switch|p2a: Glimmora|Glimmora, F, shiny|46/100
|turn|19
|
|t:|1758946681
|switch|p1a: Darkrai|Darkrai|66/100
|move|p2a: Glimmora|Spiky Shield||[still]
|-fail|p2a: Glimmora
|
|upkeep
|turn|20
|-message|themustardman forfeited.
|
|win|Cungy21
|raw|Cungy21's rating: 1116 &rarr; <strong>1140</strong><br />(+24 for winning)
|raw|themustardman's rating: 1102 &rarr; <strong>1078</strong><br />(-24 for losing)
|l|☆Cungy21
|player|p1|
