|j|☆radiateurrr
|j|☆redgod666
|t:|1758985307
|gametype|singles
|player|p1|radiateurrr|hiker-gen4|1000
|player|p2|redgod666|red|1040
|gen|9
|tier|[Gen 9] OU
|rated|
|rule|HP Percentage Mod: HP is shown in percentages
|rule|Endless Battle Clause: Forcing endless battles is banned
|rule|Species Clause: Limit one of each Pokémon
|rule|OHKO Clause: OHKO moves are banned
|rule|Evasion Items Clause: Evasion items are banned
|rule|Evasion Moves Clause: Evasion moves are banned
|rule|Evasion Abilities Clause: Evasion abilities are banned
|rule|Sleep Moves Clause: Sleep-inducing moves are banned
|clearpoke
|poke|p1|Dragonite, F|
|poke|p1|Iron Valiant|
|poke|p1|Clefable, M|
|poke|p1|Slowking-Galar, M|
|poke|p1|Hatterene, F|
|poke|p1|Ursaluna, M|
|poke|p2|Incineroar, F|
|poke|p2|Zapdos|
|poke|p2|Darkrai|
|poke|p2|Landorus-Therian, M|
|poke|p2|Amoonguss, F|
|poke|p2|Dragonite, F|
|teampreview
|inactive|Battle timer is ON: inactive players will automatically lose when time's up. (requested by radiateurrr)
|
|t:|1758985320
|teamsize|p1|6
|teamsize|p2|6
|start
|switch|p1a: FlaconParfum|Hatterene, F|100/100
|switch|p2a: Amoonguss|Amoonguss, F, shiny|100/100
|turn|1
|
|t:|1758985338
|-terastallize|p1a: FlaconParfum|Steel
|move|p1a: FlaconParfum|Metronome|p1a: FlaconParfum
|move|p1a: FlaconParfum|Safeguard|p1a: FlaconParfum|[from] move: Metronome
|-sidestart|p1: radiateurrr|Safeguard
|move|p2a: Amoonguss|Sludge Bomb|p1a: FlaconParfum
|-immune|p1a: FlaconParfum
|
|upkeep
|turn|2
|
|t:|1758985356
|switch|p2a: Dragonite|Dragonite, F, shiny|100/100
|move|p1a: FlaconParfum|Metronome|p1a: FlaconParfum
|move|p1a: FlaconParfum|Outrage|p2a: Dragonite|[from] move: Metronome
|-supereffective|p2a: Dragonite
|-damage|p2a: Dragonite|55/100
|
|upkeep
|turn|3
|
|t:|1758985365
|move|p2a: Dragonite|Extreme Speed|p1a: FlaconParfum
|-resisted|p1a: FlaconParfum
|-damage|p1a: FlaconParfum|89/100
|-enditem|p1a: FlaconParfum|Eject Button
|
|t:|1758985369
|switch|p1a: Malveillant|Clefable, M|100/100
|
|upkeep
|turn|4
|
|t:|1758985382
|-terastallize|p2a: Dragonite|Ghost
|move|p2a: Dragonite|Extreme Speed|p1a: Malveillant
|-damage|p1a: Malveillant|79/100
|move|p1a: Malveillant|Metronome|p1a: Malveillant
|move|p1a: Malveillant|Scratch|p2a: Dragonite|[from] move: Metronome
|-immune|p2a: Dragonite
|
|-heal|p1a: Malveillant|86/100|[from] item: Leftovers
|upkeep
|turn|5
|
|t:|1758985393
|move|p2a: Dragonite|Extreme Speed|p1a: Malveillant
|-damage|p1a: Malveillant|66/100
|move|p1a: Malveillant|Metronome|p1a: Malveillant
|move|p1a: Malveillant|Foul Play|p2a: Dragonite|[from] move: Metronome
|-supereffective|p2a: Dragonite
|-damage|p2a: Dragonite|0 fnt
|faint|p2a: Dragonite
|
|-heal|p1a: Malveillant|72/100|[from] item: Leftovers
|-sideend|p1: radiateurrr|Safeguard
|upkeep
|c|☆radiateurrr|OOOOOOH
|
|t:|1758985404
|switch|p2a: Darkrai|Darkrai, shiny|100/100
|-item|p2a: Darkrai|Air Balloon
|turn|6
|c|☆radiateurrr|DAMN
|
|t:|1758985411
|move|p2a: Darkrai|Protect|p2a: Darkrai
|-singleturn|p2a: Darkrai|Protect
|move|p1a: Malveillant|Metronome|p1a: Malveillant
|move|p1a: Malveillant|Recover|p1a: Malveillant|[from] move: Metronome
|-heal|p1a: Malveillant|100/100
|
|upkeep
|turn|7
|c|☆radiateurrr|LETS GO HAHAHA
|c|☆radiateurrr|IM SO LUCKY
|
|t:|1758985423
|-singleturn|p2a: Darkrai|move: Focus Punch
|move|p1a: Malveillant|Metronome|p1a: Malveillant
|move|p1a: Malveillant|Flame Wheel|p2a: Darkrai|[from] move: Metronome
|-damage|p2a: Darkrai|90/100
|-enditem|p2a: Darkrai|Air Balloon
|cant|p2a: Darkrai|Focus Punch|Focus Punch
|
|upkeep
|turn|8
|
|t:|1758985436
|switch|p2a: Incineroar|Incineroar, F|100/100
|-ability|p2a: Incineroar|Intimidate|boost
|-unboost|p1a: Malveillant|atk|1
|move|p1a: Malveillant|Metronome|p1a: Malveillant
|move|p1a: Malveillant|Poison Sting|p2a: Incineroar|[from] move: Metronome
|-damage|p2a: Incineroar|99/100
|-status|p2a: Incineroar|psn
|
|-damage|p2a: Incineroar|86/100 psn|[from] psn
|upkeep
|turn|9
|
|t:|1758985457
|switch|p1a: Taupe11|Ursaluna, M|100/100
|move|p2a: Incineroar|Swords Dance|p2a: Incineroar
|-boost|p2a: Incineroar|atk|2
|
|-damage|p2a: Incineroar|74/100 psn|[from] psn
|-status|p1a: Taupe11|brn|[from] item: Flame Orb
|upkeep
|turn|10
|
|t:|1758985471
|move|p2a: Incineroar|Protect|p2a: Incineroar
|-singleturn|p2a: Incineroar|Protect
|move|p1a: Taupe11|Metronome|p1a: Taupe11
|move|p1a: Taupe11|Attack Order|p2a: Incineroar|[from] move: Metronome
|-activate|p2a: Incineroar|move: Protect
|
|-damage|p2a: Incineroar|61/100 psn|[from] psn
|-damage|p1a: Taupe11|94/100 brn|[from] brn
|upkeep
|turn|11
|
|t:|1758985481
|move|p1a: Taupe11|Metronome|p1a: Taupe11
|move|p1a: Taupe11|Pollen Puff|p2a: Incineroar|[from] move: Metronome
|-damage|p2a: Incineroar|49/100 psn
|move|p2a: Incineroar|Temper Flare|p1a: Taupe11
|-damage|p1a: Taupe11|25/100 brn
|
|-damage|p2a: Incineroar|37/100 psn|[from] psn
|-damage|p1a: Taupe11|18/100 brn|[from] brn
|upkeep
|turn|12
|
|t:|1758985493
|move|p1a: Taupe11|Metronome|p1a: Taupe11
|move|p1a: Taupe11|Blood Moon|p2a: Incineroar|[from] move: Metronome
|-damage|p2a: Incineroar|8/100 psn
|move|p2a: Incineroar|Swords Dance|p2a: Incineroar
|-boost|p2a: Incineroar|atk|2
|
|-damage|p2a: Incineroar|0 fnt|[from] psn
|faint|p2a: Incineroar
|-damage|p1a: Taupe11|12/100 brn|[from] brn
|upkeep
|c|☆radiateurrr|NO WAY HAHAHAHA
|
|t:|1758985506
|switch|p2a: Zapdos|Zapdos, shiny|100/100
|-ability|p2a: Zapdos|Pressure
|turn|13
|c|☆radiateurrr|I TOLD YOU IM LUCKY DONT UNDERESTIMATE
|
|t:|1758985517
|move|p2a: Zapdos|Volt Switch|p1a: Taupe11
|-immune|p1a: Taupe11
|move|p1a: Taupe11|Metronome|p1a: Taupe11
|move|p1a: Taupe11|Phantom Force||[from] move: Metronome|[still]
|-prepare|p1a: Taupe11|Phantom Force
|
|-damage|p1a: Taupe11|6/100 brn|[from] brn
|upkeep
|turn|14
|
|t:|1758985529
|switch|p2a: Amoonguss|Amoonguss, F, shiny|100/100
|move|p1a: Taupe11|Phantom Force|p2a: Amoonguss|[from] lockedmove
|-damage|p2a: Amoonguss|53/100
|
|-damage|p1a: Taupe11|0 fnt|[from] brn
|faint|p1a: Taupe11
|upkeep
|
|t:|1758985536
|switch|p1a: FlaconParfum|Hatterene, F, tera:Steel|89/100
|turn|15
|
|t:|1758985546
|move|p2a: Amoonguss|Protect|p2a: Amoonguss
|-singleturn|p2a: Amoonguss|Protect
|move|p1a: FlaconParfum|Metronome|p1a: FlaconParfum
|move|p1a: FlaconParfum|Horn Attack|p2a: Amoonguss|[from] move: Metronome
|-activate|p2a: Amoonguss|move: Protect
|
|upkeep
|turn|16
|
|t:|1758985556
|switch|p2a: Darkrai|Darkrai, shiny|90/100
|move|p1a: FlaconParfum|Metronome|p1a: FlaconParfum
|move|p1a: FlaconParfum|Sunny Day|p1a: FlaconParfum|[from] move: Metronome
|-weather|SunnyDay
|
|-weather|SunnyDay|[upkeep]
|upkeep
|turn|17
|
|t:|1758985569
|-singleturn|p2a: Darkrai|move: Focus Punch
|move|p1a: FlaconParfum|Metronome|p1a: FlaconParfum
|move|p1a: FlaconParfum|Fire Lash|p2a: Darkrai|[from] move: Metronome
|-damage|p2a: Darkrai|64/100
|-unboost|p2a: Darkrai|def|1
|cant|p2a: Darkrai|Focus Punch|Focus Punch
|
|-weather|SunnyDay|[upkeep]
|upkeep
|turn|18
|
|t:|1758985592
|switch|p2a: Landorus|Landorus-Therian, M, shiny|100/100
|-ability|p2a: Landorus|Intimidate|boost
|-unboost|p1a: FlaconParfum|atk|1
|move|p1a: FlaconParfum|Metronome|p1a: FlaconParfum
|move|p1a: FlaconParfum|Low Kick|p2a: Landorus|[from] move: Metronome
|-resisted|p2a: Landorus
|-damage|p2a: Landorus|95/100
|
|-weather|SunnyDay|[upkeep]
|-heal|p2a: Landorus|100/100|[from] item: Leftovers
|upkeep
|turn|19
|
|t:|1758985604
|switch|p1a: TouGentil|Dragonite, F|100/100
|move|p2a: Landorus|Swords Dance|p2a: Landorus
|-boost|p2a: Landorus|atk|2
|
|-weather|SunnyDay|[upkeep]
|upkeep
|turn|20
|inactive|redgod666 has 120 seconds left.
|
|t:|1758985627
|move|p1a: TouGentil|Metronome|p1a: TouGentil
|move|p1a: TouGentil|Giga Drain|p2a: Landorus|[from] move: Metronome
|-damage|p2a: Landorus|80/100
|move|p2a: Landorus|Psychic|p1a: TouGentil
|-damage|p1a: TouGentil|90/100
|
|-weather|none
|-heal|p2a: Landorus|86/100|[from] item: Leftovers
|upkeep
|turn|21
|
|t:|1758985636
|move|p1a: TouGentil|Metronome|p1a: TouGentil
|move|p1a: TouGentil|Thunder Punch|p2a: Landorus|[from] move: Metronome
|-immune|p2a: Landorus
|move|p2a: Landorus|Swords Dance|p2a: Landorus
|-boost|p2a: Landorus|atk|2
|
|-heal|p2a: Landorus|92/100|[from] item: Leftovers
|upkeep
|turn|22
|c|☆radiateurrr|sword dance psyko ??
|
|t:|1758985653
|move|p1a: TouGentil|Metronome|p1a: TouGentil
|move|p1a: TouGentil|Toxic Spikes|p2a: Landorus|[from] move: Metronome
|-sidestart|p2: redgod666|move: Toxic Spikes
|move|p2a: Landorus|Swords Dance|p2a: Landorus
|-boost|p2a: Landorus|atk|2
|
|-heal|p2a: Landorus|98/100|[from] item: Leftovers
|upkeep
|turn|23
|c|☆radiateurrr|are you sure ?
|
|t:|1758985661
|move|p1a: TouGentil|Metronome|p1a: TouGentil
|move|p1a: TouGentil|Tearful Look|p2a: Landorus|[from] move: Metronome
|-unboost|p2a: Landorus|atk|1
|-unboost|p2a: Landorus|spa|1
|move|p2a: Landorus|Swords Dance|p2a: Landorus
|-boost|p2a: Landorus|atk|1
|
|-heal|p2a: Landorus|100/100|[from] item: Leftovers
|upkeep
|turn|24
|
|t:|1758985673
|move|p1a: TouGentil|Metronome|p1a: TouGentil
|move|p1a: TouGentil|Judgment|p2a: Landorus|[from] move: Metronome
|-damage|p2a: Landorus|72/100
|move|p2a: Landorus|Swords Dance|p2a: Landorus
|-boost|p2a: Landorus|atk|0
|
|-heal|p2a: Landorus|78/100|[from] item: Leftovers
|upkeep
|turn|25
|c|☆radiateurrr|bro attack
|
|t:|1758985686
|switch|p2a: Zapdos|Zapdos, shiny|100/100
|-ability|p2a: Zapdos|Pressure
|move|p1a: TouGentil|Metronome|p1a: TouGentil
|move|p1a: TouGentil|Metal Claw|p2a: Zapdos|[from] move: Metronome
|-resisted|p2a: Zapdos
|-damage|p2a: Zapdos|91/100
|
|upkeep
|turn|26
|c|☆radiateurrr|BUT
|c|☆radiateurrr|WHY YOU SWITCH
|-activate|p2a: Zapdos|item: Quick Claw
|
|t:|1758985698
|move|p2a: Zapdos|Thunderbolt|p1a: TouGentil
|-damage|p1a: TouGentil|48/100
|move|p1a: TouGentil|Metronome|p1a: TouGentil
|move|p1a: TouGentil|Poison Powder|p2a: Zapdos|[from] move: Metronome
|-status|p2a: Zapdos|psn
|
|-damage|p2a: Zapdos|79/100 psn|[from] psn
|upkeep
|turn|27
|
|t:|1758985708
|move|p1a: TouGentil|Metronome|p1a: TouGentil
|move|p1a: TouGentil|Mist|p1a: TouGentil|[from] move: Metronome
|-sidestart|p1: radiateurrr|Mist
|move|p2a: Zapdos|Thunderbolt|p1a: TouGentil
|-damage|p1a: TouGentil|8/100
|
|-damage|p2a: Zapdos|66/100 psn|[from] psn
|upkeep
|turn|28
|
|t:|1758985722
|switch|p1a: JaiUnGlacon|Slowking-Galar, M|100/100
|move|p2a: Zapdos|Thunderbolt|p1a: JaiUnGlacon
|-damage|p1a: JaiUnGlacon|76/100
|
|-damage|p2a: Zapdos|54/100 psn|[from] psn
|upkeep
|turn|29
|-activate|p2a: Zapdos|item: Quick Claw
|
|t:|1758985736
|move|p2a: Zapdos|Light Screen|p2a: Zapdos
|-sidestart|p2: redgod666|move: Light Screen
|move|p1a: JaiUnGlacon|Metronome|p1a: JaiUnGlacon
|move|p1a: JaiUnGlacon|Aurora Veil||[from] move: Metronome|[still]
|-fail|p1a: JaiUnGlacon
|
|-damage|p2a: Zapdos|42/100 psn|[from] psn
|upkeep
|turn|30
|c|☆radiateurrr|vive griffe ? XD
|
|t:|1758985748
|move|p2a: Zapdos|Thunderbolt|p1a: JaiUnGlacon
|-damage|p1a: JaiUnGlacon|52/100
|move|p1a: JaiUnGlacon|Metronome|p1a: JaiUnGlacon
|move|p1a: JaiUnGlacon|Toxic Thread|p2a: Zapdos|[from] move: Metronome
|-unboost|p2a: Zapdos|spe|1
|-fail|p2a: Zapdos|psn
|
|-damage|p2a: Zapdos|29/100 psn|[from] psn
|upkeep
|turn|31
|
|t:|1758985763
|move|p2a: Zapdos|Volt Switch|p1a: JaiUnGlacon
|-damage|p1a: JaiUnGlacon|34/100
|
|t:|1758985768
|switch|p2a: Landorus|Landorus-Therian, M, shiny|78/100|[from] Volt Switch
|-ability|p2a: Landorus|Intimidate|boost
|-fail|p1a: JaiUnGlacon|unboost|Attack|[from] ability: Own Tempo|[of] p1a: JaiUnGlacon
|move|p1a: JaiUnGlacon|Metronome|p1a: JaiUnGlacon
|move|p1a: JaiUnGlacon|Blood Moon|p2a: Landorus|[from] move: Metronome
|-damage|p2a: Landorus|60/100
|
|-heal|p2a: Landorus|66/100|[from] item: Leftovers
|-sideend|p1: radiateurrr|Mist
|upkeep
|turn|32
|
|t:|1758985780
|move|p2a: Landorus|Swords Dance|p2a: Landorus
|-boost|p2a: Landorus|atk|2
|move|p1a: JaiUnGlacon|Metronome|p1a: JaiUnGlacon
|move|p1a: JaiUnGlacon|Horn Leech|p2a: Landorus|[from] move: Metronome
|-damage|p2a: Landorus|55/100
|-heal|p1a: JaiUnGlacon|39/100|[from] drain|[of] p2a: Landorus
|
|-heal|p2a: Landorus|61/100|[from] item: Leftovers
|upkeep
|turn|33
|
|t:|1758985791
|move|p2a: Landorus|Swords Dance|p2a: Landorus
|-boost|p2a: Landorus|atk|2
|move|p1a: JaiUnGlacon|Metronome|p1a: JaiUnGlacon
|move|p1a: JaiUnGlacon|Rest|p1a: JaiUnGlacon|[from] move: Metronome
|-status|p1a: JaiUnGlacon|slp|[from] move: Rest
|-heal|p1a: JaiUnGlacon|100/100 slp|[silent]
|
|-heal|p2a: Landorus|67/100|[from] item: Leftovers
|-sideend|p2: redgod666|move: Light Screen
|upkeep
|turn|34
|c|☆radiateurrr|OH I NEEDED TO HEAL
|
|t:|1758985809
|move|p2a: Landorus|Swords Dance|p2a: Landorus
|-boost|p2a: Landorus|atk|2
|cant|p1a: JaiUnGlacon|slp
|
|-heal|p2a: Landorus|73/100|[from] item: Leftovers
|upkeep
|turn|35
|c|☆radiateurrr|you're cooked
|c|☆radiateurrr|my gamble team is unbeatable
|
|t:|1758985819
|move|p2a: Landorus|Swords Dance|p2a: Landorus
|-boost|p2a: Landorus|atk|0
|cant|p1a: JaiUnGlacon|slp
|
|-heal|p2a: Landorus|79/100|[from] item: Leftovers
|upkeep
|turn|36
|
|t:|1758985827
|move|p2a: Landorus|Earthquake|p1a: JaiUnGlacon
|-supereffective|p1a: JaiUnGlacon
|-crit|p1a: JaiUnGlacon
|-damage|p1a: JaiUnGlacon|0 fnt
|faint|p1a: JaiUnGlacon
|
|-heal|p2a: Landorus|85/100|[from] item: Leftovers
|upkeep
|
|t:|1758985835
|switch|p1a: TouGentil|Dragonite, F|8/100
|turn|37
|
|t:|1758985840
|switch|p2a: Zapdos|Zapdos, shiny|29/100 psn
|-ability|p2a: Zapdos|Pressure
|move|p1a: TouGentil|Metronome|p1a: TouGentil
|move|p1a: TouGentil|Venoshock|p2a: Zapdos|[from] move: Metronome
|-damage|p2a: Zapdos|0 fnt
|faint|p2a: Zapdos
|
|upkeep
|
|t:|1758985849
|switch|p2a: Darkrai|Darkrai, shiny|64/100
|-status|p2a: Darkrai|psn
|turn|38
|
|t:|1758985855
|move|p1a: TouGentil|Metronome|p1a: TouGentil
|move|p1a: TouGentil|Fire Punch|p2a: Darkrai|[from] move: Metronome
|-damage|p2a: Darkrai|36/100 psn
|move|p2a: Darkrai|Dark Pulse|p1a: TouGentil
|-damage|p1a: TouGentil|0 fnt
|faint|p1a: TouGentil
|
|-damage|p2a: Darkrai|23/100 psn|[from] psn
|upkeep
|
|t:|1758985867
|switch|p1a: ATTENTION|Iron Valiant|100/100
|-enditem|p1a: ATTENTION|Booster Energy
|-activate|p1a: ATTENTION|ability: Quark Drive|[fromitem]
|-start|p1a: ATTENTION|quarkdrivespe
|turn|39
|
|t:|1758985878
|-singleturn|p2a: Darkrai|move: Focus Punch
|move|p1a: ATTENTION|Metronome|p1a: ATTENTION
|move|p1a: ATTENTION|Metal Claw|p2a: Darkrai|[from] move: Metronome
|-damage|p2a: Darkrai|5/100 psn
|cant|p2a: Darkrai|Focus Punch|Focus Punch
|
|-damage|p2a: Darkrai|0 fnt|[from] psn
|faint|p2a: Darkrai
|upkeep
|c|☆radiateurrr|4 POKEMON
|
|t:|1758985888
|switch|p2a: Landorus|Landorus-Therian, M, shiny|85/100
|-ability|p2a: Landorus|Intimidate|boost
|-unboost|p1a: ATTENTION|atk|1
|turn|40
|c|☆radiateurrr|2 MORE
|
|t:|1758985896
|move|p1a: ATTENTION|Metronome|p1a: ATTENTION
|move|p1a: ATTENTION|Mystical Power|p2a: Landorus|[from] move: Metronome
|-damage|p2a: Landorus|64/100
|-boost|p1a: ATTENTION|spa|1
|move|p2a: Landorus|Swords Dance|p2a: Landorus
|-boost|p2a: Landorus|atk|2
|
|-heal|p2a: Landorus|70/100|[from] item: Leftovers
|upkeep
|turn|41
|l|☆redgod666
|inactive|redgod666 disconnected and has a minute to reconnect!
|player|p2|
|inactive|redgod666 has 30 seconds to reconnect!
|j|☆redgod666
|inactive|redgod666 reconnected and has 95 seconds left.
|player|p2|redgod666|red|
|inactive|redgod666 has 90 seconds left.
|
|t:|1758985960
|-end|p1a: ATTENTION|Quark Drive|[silent]
|switch|p1a: FlaconParfum|Hatterene, F, tera:Steel|89/100
|move|p2a: Landorus|Swords Dance|p2a: Landorus
|-boost|p2a: Landorus|atk|2
|
|-heal|p2a: Landorus|76/100|[from] item: Leftovers
|upkeep
|turn|42
|inactive|redgod666 has 90 seconds left.
|
|t:|1758985971
|move|p2a: Landorus|Earthquake|p1a: FlaconParfum
|-supereffective|p1a: FlaconParfum
|-damage|p1a: FlaconParfum|0 fnt
|faint|p1a: FlaconParfum
|
|-heal|p2a: Landorus|82/100|[from] item: Leftovers
|upkeep
|
|t:|1758985977
|switch|p1a: ATTENTION|Iron Valiant|100/100
|turn|43
|
|t:|1758985981
|move|p1a: ATTENTION|Metronome|p1a: ATTENTION
|move|p1a: ATTENTION|Glaive Rush|p2a: Landorus|[from] move: Metronome
|-damage|p2a: Landorus|48/100
|-singlemove|p1a: ATTENTION|Glaive Rush|[silent]
|move|p2a: Landorus|Swords Dance|p2a: Landorus
|-boost|p2a: Landorus|atk|2
|
|-heal|p2a: Landorus|54/100|[from] item: Leftovers
|upkeep
|turn|44
|
|t:|1758985991
|move|p1a: ATTENTION|Metronome|p1a: ATTENTION
|move|p1a: ATTENTION|Judgment|p2a: Landorus|[from] move: Metronome
|-damage|p2a: Landorus|20/100
|move|p2a: Landorus|Earthquake|p1a: ATTENTION
|-damage|p1a: ATTENTION|0 fnt
|faint|p1a: ATTENTION
|-end|p1a: ATTENTION|Quark Drive|[silent]
|
|-heal|p2a: Landorus|26/100|[from] item: Leftovers
|upkeep
|
|t:|1758986001
|switch|p1a: Malveillant|Clefable, M|100/100
|turn|45
|
|t:|1758986004
|move|p2a: Landorus|Earthquake|p1a: Malveillant
|-damage|p1a: Malveillant|0 fnt
|faint|p1a: Malveillant
|
|win|redgod666
|raw|radiateurrr's rating: 1000 &rarr; <strong>1000</strong><br />(+0 for losing)
|raw|redgod666's rating: 1040 &rarr; <strong>1070</strong><br />(+30 for winning)
|c|☆radiateurrr|GGWP
|c|☆redgod666|gg
|l|☆redgod666
|player|p2|
