|j|☆Lolpoopypants
|j|☆NeoNaruto✈️_✈️
|t:|1759037809
|gametype|singles
|player|p1|Lolpoopypants|102|1521
|player|p2|NeoNaruto✈️_✈️|medium|1546
|gen|9
|tier|[Gen 9] OU
|rated|
|rule|HP Percentage Mod: HP is shown in percentages
|rule|Endless Battle Clause: Forcing endless battles is banned
|rule|Species Clause: Limit one of each Pokémon
|rule|OHKO Clause: OHKO moves are banned
|rule|Evasion Items Clause: Evasion items are banned
|rule|Evasion Moves Clause: Evasion moves are banned
|rule|Evasion Abilities Clause: Evasion abilities are banned
|rule|Sleep Moves Clause: Sleep-inducing moves are banned
|clearpoke
|poke|p1|Primarina, M|
|poke|p1|Great Tusk|
|poke|p1|Kingambit, M|
|poke|p1|Slowking-Galar, M|
|poke|p1|Ogerpon, F|
|poke|p1|Enamorus, F|
|poke|p2|Tyranitar, F|
|poke|p2|Iron Moth|
|poke|p2|Staraptor, M|
|poke|p2|Garchomp, M|
|poke|p2|Torkoal, M|
|poke|p2|Dragonite, M|
|teampreview
|inactive|Battle timer is ON: inactive players will automatically lose when time's up. (requested by NeoNaruto✈️_✈️)
|inactive|Lolpoopypants also wants the timer to be on.
|
|t:|1759037816
|teamsize|p1|6
|teamsize|p2|6
|start
|switch|p1a: Anonymous|Ogerpon, F|100/100
|switch|p2a: VODECi IV|Iron Moth|100/100
|turn|1
|
|t:|1759037822
|move|p1a: Anonymous|U-turn|p2a: VODECi IV
|-resisted|p2a: VODECi IV
|-damage|p2a: VODECi IV|86/100
|
|t:|1759037826
|switch|p1a: Mantra|Slowking-Galar, M, shiny|100/100|[from] U-turn
|move|p2a: VODECi IV|Sludge Wave|p1a: Mantra
|-resisted|p1a: Mantra
|-damage|p1a: Mantra|76/100
|
|upkeep
|turn|2
|
|t:|1759037832
|move|p2a: VODECi IV|Sludge Wave|p1a: Mantra
|-resisted|p1a: Mantra
|-damage|p1a: Mantra|52/100
|move|p1a: Mantra|Psychic Noise|p2a: VODECi IV
|-supereffective|p2a: VODECi IV
|-damage|p2a: VODECi IV|23/100
|-start|p2a: VODECi IV|move: Heal Block
|
|upkeep
|turn|3
|
|t:|1759037840
|-end|p2a: VODECi IV|Quark Drive|[silent]
|switch|p2a: DA LAST REX(3005)|Tyranitar, F|100/100
|-weather|Sandstorm|[from] ability: Sand Stream|[of] p2a: DA LAST REX(3005)
|move|p1a: Mantra|Psychic Noise|p2a: DA LAST REX(3005)
|-immune|p2a: DA LAST REX(3005)
|
|-weather|Sandstorm|[upkeep]
|-damage|p1a: Mantra|46/100|[from] Sandstorm
|upkeep
|turn|4
|
|t:|1759037846
|switch|p1a: Behemoth|Great Tusk, shiny|100/100
|move|p2a: DA LAST REX(3005)|Knock Off|p1a: Behemoth
|-resisted|p1a: Behemoth
|-damage|p1a: Behemoth|85/100
|-damage|p2a: DA LAST REX(3005)|84/100|[from] item: Rocky Helmet|[of] p1a: Behemoth
|-enditem|p1a: Behemoth|Rocky Helmet|[from] move: Knock Off|[of] p2a: DA LAST REX(3005)
|
|-weather|Sandstorm|[upkeep]
|upkeep
|turn|5
|
|t:|1759037853
|switch|p2a: BLITZ SOME OPPS|Garchomp, M|100/100
|move|p1a: Behemoth|Stealth Rock|p2a: BLITZ SOME OPPS
|-sidestart|p2: NeoNaruto✈️_✈️|move: Stealth Rock
|
|-weather|Sandstorm|[upkeep]
|upkeep
|turn|6
|
|t:|1759037857
|move|p1a: Behemoth|Ice Spinner|p2a: BLITZ SOME OPPS
|-supereffective|p2a: BLITZ SOME OPPS
|-damage|p2a: BLITZ SOME OPPS|31/100
|-damage|p1a: Behemoth|72/100|[from] ability: Rough Skin|[of] p2a: BLITZ SOME OPPS
|-damage|p1a: Behemoth|56/100|[from] item: Rocky Helmet|[of] p2a: BLITZ SOME OPPS
|move|p2a: BLITZ SOME OPPS|Breaking Swipe|p1a: Behemoth
|-damage|p1a: Behemoth|35/100
|-unboost|p1a: Behemoth|atk|1
|
|-weather|Sandstorm|[upkeep]
|upkeep
|turn|7
|j| lowladderubersnoob
|
|t:|1759037870
|-terastallize|p2a: BLITZ SOME OPPS|Ghost
|move|p1a: Behemoth|Ice Spinner|p2a: BLITZ SOME OPPS
|-damage|p2a: BLITZ SOME OPPS|19/100
|-damage|p1a: Behemoth|23/100|[from] ability: Rough Skin|[of] p2a: BLITZ SOME OPPS
|-damage|p1a: Behemoth|6/100|[from] item: Rocky Helmet|[of] p2a: BLITZ SOME OPPS
|move|p2a: BLITZ SOME OPPS|Stealth Rock|p1a: Behemoth
|-sidestart|p1: Lolpoopypants|move: Stealth Rock
|
|-weather|none
|upkeep
|turn|8
|
|t:|1759037878
|move|p1a: Behemoth|Headlong Rush|p2a: BLITZ SOME OPPS
|-damage|p2a: BLITZ SOME OPPS|0 fnt
|-unboost|p1a: Behemoth|def|1
|-unboost|p1a: Behemoth|spd|1
|-damage|p1a: Behemoth|0 fnt|[from] ability: Rough Skin|[of] p2a: BLITZ SOME OPPS
|faint|p2a: BLITZ SOME OPPS
|faint|p1a: Behemoth
|-end|p1a: Behemoth|Protosynthesis|[silent]
|
|upkeep
|
|t:|1759037884
|switch|p1a: Anonymous|Ogerpon, F|100/100
|switch|p2a: OVO CHUBBS|Torkoal, M|100/100
|-damage|p1a: Anonymous|88/100|[from] Stealth Rock
|-weather|SunnyDay|[from] ability: Drought|[of] p2a: OVO CHUBBS
|turn|9
|
|t:|1759037888
|move|p1a: Anonymous|U-turn|p2a: OVO CHUBBS
|-resisted|p2a: OVO CHUBBS
|-damage|p2a: OVO CHUBBS|90/100
|
|t:|1759037893
|switch|p1a: Mantra|Slowking-Galar, M, shiny|79/100|[from] U-turn
|-damage|p1a: Mantra|67/100|[from] Stealth Rock
|move|p2a: OVO CHUBBS|Rapid Spin|p1a: Mantra
|-damage|p1a: Mantra|59/100
|-boost|p2a: OVO CHUBBS|spe|1
|-sideend|p2: NeoNaruto✈️_✈️|Stealth Rock|[from] move: Rapid Spin|[of] p2a: OVO CHUBBS
|
|-weather|SunnyDay|[upkeep]
|upkeep
|turn|10
|
|t:|1759037897
|switch|p2a: DA LAST REX(3005)|Tyranitar, F|84/100
|-weather|Sandstorm|[from] ability: Sand Stream|[of] p2a: DA LAST REX(3005)
|move|p1a: Mantra|Sludge Bomb|p2a: DA LAST REX(3005)
|-resisted|p2a: DA LAST REX(3005)
|-damage|p2a: DA LAST REX(3005)|79/100
|-status|p2a: DA LAST REX(3005)|psn
|
|-weather|Sandstorm|[upkeep]
|-damage|p1a: Mantra|53/100|[from] Sandstorm
|-damage|p2a: DA LAST REX(3005)|66/100 psn|[from] psn
|upkeep
|turn|11
|
|t:|1759037911
|switch|p2a: BIRD JESUS|Staraptor, M, shiny|100/100
|switch|p1a: Overgod|Kingambit, M, shiny|100/100
|-damage|p1a: Overgod|94/100|[from] Stealth Rock
|-activate|p1a: Overgod|ability: Supreme Overlord
|-start|p1a: Overgod|fallen1|[silent]
|
|-weather|Sandstorm|[upkeep]
|-damage|p2a: BIRD JESUS|94/100|[from] Sandstorm
|-heal|p1a: Overgod|100/100|[from] item: Leftovers
|upkeep
|turn|12
|
|t:|1759037917
|switch|p2a: OVO CHUBBS|Torkoal, M|90/100
|-weather|SunnyDay|[from] ability: Drought|[of] p2a: OVO CHUBBS
|-end|p1a: Overgod|fallen1|[silent]
|switch|p1a: Mantra|Slowking-Galar, M, shiny|86/100
|-damage|p1a: Mantra|74/100|[from] Stealth Rock
|
|-weather|SunnyDay|[upkeep]
|upkeep
|turn|13
|
|t:|1759037924
|switch|p2a: VODECi IV|Iron Moth|23/100
|move|p1a: Mantra|Psychic Noise|p2a: VODECi IV
|-supereffective|p2a: VODECi IV
|-damage|p2a: VODECi IV|0 fnt
|faint|p2a: VODECi IV
|-end|p2a: VODECi IV|Quark Drive|[silent]
|
|-weather|SunnyDay|[upkeep]
|upkeep
|
|t:|1759037929
|switch|p2a: BIRD JESUS|Staraptor, M, shiny|94/100
|turn|14
|
|t:|1759037932
|move|p2a: BIRD JESUS|Brave Bird|p1a: Mantra
|-damage|p1a: Mantra|0 fnt
|faint|p1a: Mantra
|-damage|p2a: BIRD JESUS|64/100|[from] Recoil
|
|-weather|SunnyDay|[upkeep]
|upkeep
|
|t:|1759037936
|switch|p1a: Anonymous|Ogerpon, F|88/100
|-damage|p1a: Anonymous|76/100|[from] Stealth Rock
|turn|15
|
|t:|1759037950
|switch|p2a: OVO CHUBBS|Torkoal, M|90/100
|-terastallize|p1a: Anonymous|Grass
|detailschange|p1a: Anonymous|Ogerpon-Teal-Tera, F, tera:Grass
|-ability|p1a: Anonymous|Embody Aspect (Teal)|boost
|-boost|p1a: Anonymous|spe|1
|move|p1a: Anonymous|Ivy Cudgel|p2a: OVO CHUBBS
|-resisted|p2a: OVO CHUBBS
|-damage|p2a: OVO CHUBBS|62/100
|
|-weather|SunnyDay|[upkeep]
|upkeep
|turn|16
|
|t:|1759037954
|switch|p1a: Gin|Enamorus, F, shiny|100/100
|-damage|p1a: Gin|76/100|[from] Stealth Rock
|move|p2a: OVO CHUBBS|Lava Plume|p1a: Gin
|-damage|p1a: Gin|25/100
|
|-weather|none
|upkeep
|turn|17
|l| lowladderubersnoob
|
|t:|1759037966
|switch|p2a: DA LAST REX(3005)|Tyranitar, F|66/100 psn
|-weather|Sandstorm|[from] ability: Sand Stream|[of] p2a: DA LAST REX(3005)
|move|p1a: Gin|Earth Power|p2a: DA LAST REX(3005)
|-supereffective|p2a: DA LAST REX(3005)
|-damage|p2a: DA LAST REX(3005)|46/100 psn
|-unboost|p2a: DA LAST REX(3005)|spd|1
|
|-weather|Sandstorm|[upkeep]
|-damage|p1a: Gin|19/100|[from] Sandstorm
|-damage|p2a: DA LAST REX(3005)|33/100 psn|[from] psn
|upkeep
|turn|18
|
|t:|1759037970
|switch|p2a: BIRD JESUS|Staraptor, M, shiny|64/100
|move|p1a: Gin|Earth Power|p2a: BIRD JESUS
|-immune|p2a: BIRD JESUS
|
|-weather|Sandstorm|[upkeep]
|-damage|p1a: Gin|13/100|[from] Sandstorm
|-damage|p2a: BIRD JESUS|58/100|[from] Sandstorm
|upkeep
|turn|19
|
|t:|1759037974
|move|p1a: Gin|Earth Power|p2a: BIRD JESUS
|-immune|p2a: BIRD JESUS
|move|p2a: BIRD JESUS|Brave Bird|p1a: Gin
|-damage|p1a: Gin|0 fnt
|faint|p1a: Gin
|-damage|p2a: BIRD JESUS|54/100|[from] Recoil
|
|-weather|Sandstorm|[upkeep]
|-damage|p2a: BIRD JESUS|48/100|[from] Sandstorm
|upkeep
|
|t:|1759037976
|switch|p1a: Anonymous|Ogerpon-Teal-Tera, F, tera:Grass|76/100
|-damage|p1a: Anonymous|64/100|[from] Stealth Rock
|-ability|p1a: Anonymous|Embody Aspect (Teal)|boost
|-boost|p1a: Anonymous|spe|1
|turn|20
|
|t:|1759037995
|switch|p2a: DA LAST REX(3005)|Tyranitar, F|33/100 psn
|move|p1a: Anonymous|Ivy Cudgel|p2a: DA LAST REX(3005)
|-supereffective|p2a: DA LAST REX(3005)
|-damage|p2a: DA LAST REX(3005)|0 fnt
|faint|p2a: DA LAST REX(3005)
|
|-weather|Sandstorm|[upkeep]
|-damage|p1a: Anonymous|58/100|[from] Sandstorm
|upkeep
|
|t:|1759037997
|switch|p2a: OVO CHUBBS|Torkoal, M|62/100
|-weather|SunnyDay|[from] ability: Drought|[of] p2a: OVO CHUBBS
|turn|21
|
|t:|1759038006
|switch|p1a: Overgod|Kingambit, M, shiny|100/100
|-damage|p1a: Overgod|94/100|[from] Stealth Rock
|-activate|p1a: Overgod|ability: Supreme Overlord
|-start|p1a: Overgod|fallen3|[silent]
|switch|p2a: BIRD JESUS|Staraptor, M, shiny|48/100
|
|-weather|SunnyDay|[upkeep]
|-heal|p1a: Overgod|100/100|[from] item: Leftovers
|upkeep
|turn|22
|
|t:|1759038011
|move|p2a: BIRD JESUS|Close Combat|p1a: Overgod
|-supereffective|p1a: Overgod
|-damage|p1a: Overgod|0 fnt
|-unboost|p2a: BIRD JESUS|def|1
|-unboost|p2a: BIRD JESUS|spd|1
|faint|p1a: Overgod
|-end|p1a: Overgod|fallen3|[silent]
|
|-weather|SunnyDay|[upkeep]
|upkeep
|
|t:|1759038013
|switch|p1a: Anonymous|Ogerpon-Teal-Tera, F, tera:Grass|58/100
|-damage|p1a: Anonymous|45/100|[from] Stealth Rock
|-ability|p1a: Anonymous|Embody Aspect (Teal)|boost
|-boost|p1a: Anonymous|spe|1
|turn|23
|
|t:|1759038015
|switch|p2a: OVO CHUBBS|Torkoal, M|62/100
|move|p1a: Anonymous|Rock Tomb|p2a: OVO CHUBBS
|-supereffective|p2a: OVO CHUBBS
|-damage|p2a: OVO CHUBBS|25/100
|-unboost|p2a: OVO CHUBBS|spe|1
|
|-weather|SunnyDay|[upkeep]
|upkeep
|turn|24
|
|t:|1759038020
|move|p1a: Anonymous|Rock Tomb|p2a: OVO CHUBBS
|-supereffective|p2a: OVO CHUBBS
|-damage|p2a: OVO CHUBBS|0 fnt
|faint|p2a: OVO CHUBBS
|
|-weather|SunnyDay|[upkeep]
|upkeep
|
|t:|1759038022
|switch|p2a: FAT CHARIZARD|Dragonite, M, shiny|100/100
|turn|25
|
|t:|1759038026
|move|p1a: Anonymous|Rock Tomb|p2a: FAT CHARIZARD
|-supereffective|p2a: FAT CHARIZARD
|-damage|p2a: FAT CHARIZARD|68/100
|-unboost|p2a: FAT CHARIZARD|spe|1
|move|p2a: FAT CHARIZARD|Fire Punch|p1a: Anonymous
|-supereffective|p1a: Anonymous
|-damage|p1a: Anonymous|0 fnt
|faint|p1a: Anonymous
|detailschange|p1: Anonymous|Ogerpon, F|[silent]
|
|-weather|none
|upkeep
|
|t:|1759038028
|switch|p1a: Celestine|Primarina, M, shiny|100/100
|-damage|p1a: Celestine|88/100|[from] Stealth Rock
|turn|26
|
|t:|1759038031
|move|p1a: Celestine|Moonblast|p2a: FAT CHARIZARD
|-supereffective|p2a: FAT CHARIZARD
|-damage|p2a: FAT CHARIZARD|0 fnt
|faint|p2a: FAT CHARIZARD
|
|-heal|p1a: Celestine|94/100|[from] item: Leftovers
|upkeep
|
|t:|1759038032
|switch|p2a: BIRD JESUS|Staraptor, M, shiny|48/100
|turn|27
|
|t:|1759038035
|move|p2a: BIRD JESUS|Brave Bird|p1a: Celestine
|-damage|p1a: Celestine|0 fnt
|faint|p1a: Celestine
|-damage|p2a: BIRD JESUS|18/100|[from] Recoil
|
|win|NeoNaruto✈️_✈️
|raw|Lolpoopypants's rating: 1521 &rarr; <strong>1502</strong><br />(-19 for losing)
|raw|NeoNaruto✈️_✈️'s rating: 1546 &rarr; <strong>1565</strong><br />(+19 for winning)
|l|☆Lolpoopypants
|player|p1|
|l|☆NeoNaruto✈️_✈️
|player|p2|
