|j|☆jirujiru
|j|☆lerendezvous
|t:|1758997382
|gametype|singles
|player|p1|jirujiru|170|1789
|player|p2|lerendezvous|101|1833
|gen|9
|tier|[Gen 9] OU
|rated|
|rule|HP Percentage Mod: HP is shown in percentages
|rule|Endless Battle Clause: Forcing endless battles is banned
|rule|Species Clause: Limit one of each Pokémon
|rule|OHKO Clause: OHKO moves are banned
|rule|Evasion Items Clause: Evasion items are banned
|rule|Evasion Moves Clause: Evasion moves are banned
|rule|Evasion Abilities Clause: Evasion abilities are banned
|rule|Sleep Moves Clause: Sleep-inducing moves are banned
|clearpoke
|poke|p1|Ting-Lu|
|poke|p1|Zapdos|
|poke|p1|Alomomola, M|
|poke|p1|Kyurem|
|poke|p1|Weezing-Galar, F|
|poke|p1|Zamazenta-*|
|poke|p2|Ogerpon-Wellspring, F|
|poke|p2|Slowking-Galar, M|
|poke|p2|Great Tusk|
|poke|p2|Moltres|
|poke|p2|Dragapult, F|
|poke|p2|Kingambit, F|
|teampreview
|inactive|Battle timer is ON: inactive players will automatically lose when time's up. (requested by lerendezvous)
|
|t:|1758997417
|teamsize|p1|6
|teamsize|p2|6
|start
|switch|p1a: Kyurem|Kyurem|100/100
|switch|p2a: Ogerpon|Ogerpon-Wellspring, F|100/100
|-ability|p1a: Kyurem|Pressure
|turn|1
|
|t:|1758997428
|move|p2a: Ogerpon|U-turn|p1a: Kyurem
|-damage|p1a: Kyurem|77/100
|
|t:|1758997434
|switch|p2a: Slowking|Slowking-Galar, M|100/100|[from] U-turn
|move|p1a: Kyurem|Earth Power|p2a: Slowking
|-supereffective|p2a: Slowking
|-damage|p2a: Slowking|67/100
|
|upkeep
|turn|2
|
|t:|1758997440
|move|p1a: Kyurem|Earth Power|p2a: Slowking
|-supereffective|p2a: Slowking
|-damage|p2a: Slowking|33/100
|move|p2a: Slowking|Sludge Bomb|p1a: Kyurem
|-damage|p1a: Kyurem|53/100
|
|upkeep
|turn|3
|
|t:|1758997454
|switch|p2a: Moltres|Moltres|100/100
|move|p1a: Kyurem|Ice Beam|p2a: Moltres
|-damage|p2a: Moltres|46/100
|
|upkeep
|turn|4
|
|t:|1758997459
|switch|p2a: Kingambit|Kingambit, F|100/100
|move|p1a: Kyurem|Ice Beam|p2a: Kingambit
|-resisted|p2a: Kingambit
|-damage|p2a: Kingambit|73/100
|
|-heal|p2a: Kingambit|79/100|[from] item: Leftovers
|upkeep
|turn|5
|
|t:|1758997468
|move|p2a: Kingambit|Sucker Punch|p1a: Kyurem
|-damage|p1a: Kyurem|19/100
|move|p1a: Kyurem|Earth Power|p2a: Kingambit
|-supereffective|p2a: Kingambit
|-damage|p2a: Kingambit|9/100
|
|-heal|p2a: Kingambit|15/100|[from] item: Leftovers
|upkeep
|turn|6
|
|t:|1758997490
|switch|p1a: Alomomola|Alomomola, M|100/100
|move|p2a: Kingambit|Sucker Punch||[still]
|-fail|p2a: Kingambit
|
|-heal|p2a: Kingambit|21/100|[from] item: Leftovers
|upkeep
|turn|7
|
|t:|1758997497
|-end|p2a: Kingambit|fallenundefined|[silent]
|switch|p2a: Ogerpon|Ogerpon-Wellspring, F|100/100
|move|p1a: Alomomola|Acrobatics|p2a: Ogerpon
|-supereffective|p2a: Ogerpon
|-damage|p2a: Ogerpon|74/100
|
|upkeep
|turn|8
|
|t:|1758997513
|switch|p2a: Slowking|Slowking-Galar, M|66/100
|move|p1a: Alomomola|Acrobatics|p2a: Slowking
|-damage|p2a: Slowking|57/100
|
|upkeep
|turn|9
|inactive|jirujiru has 120 seconds left.
|
|t:|1758997549
|switch|p1a: Ting-Lu|Ting-Lu|100/100
|-ability|p1a: Ting-Lu|Vessel of Ruin
|switch|p2a: Ogerpon|Ogerpon-Wellspring, F|74/100
|
|upkeep
|turn|10
|
|t:|1758997556
|move|p2a: Ogerpon|Ivy Cudgel|p1a: Ting-Lu|[anim] Ivy Cudgel Water
|-supereffective|p1a: Ting-Lu
|-damage|p1a: Ting-Lu|35/100
|move|p1a: Ting-Lu|Payback|p2a: Ogerpon
|-damage|p2a: Ogerpon|9/100
|
|upkeep
|turn|11
|
|t:|1758997563
|switch|p1a: Alomomola|Alomomola, M|100/100
|move|p2a: Ogerpon|Ivy Cudgel|p1a: Alomomola|[anim] Ivy Cudgel Water
|-resisted|p1a: Alomomola
|-damage|p1a: Alomomola|82/100
|-enditem|p1a: Alomomola|Eject Button
|inactive|jirujiru has 120 seconds left.
|
|t:|1758997578
|switch|p1a: Zamazenta|Zamazenta|100/100
|-ability|p1a: Zamazenta|Dauntless Shield|boost
|-boost|p1a: Zamazenta|def|1
|
|upkeep
|turn|12
|inactive|jirujiru has 120 seconds left.
|
|t:|1758997588
|switch|p2a: Moltres|Moltres|46/100
|move|p1a: Zamazenta|Stone Edge|p2a: Moltres
|-supereffective|p2a: Moltres
|-damage|p2a: Moltres|0 fnt
|faint|p2a: Moltres
|-damage|p1a: Zamazenta|91/100|[from] item: Life Orb
|
|upkeep
|
|t:|1758997593
|switch|p2a: Great Tusk|Great Tusk|100/100
|turn|13
|
|t:|1758997602
|switch|p1a: Zapdos|Zapdos|100/100
|move|p2a: Great Tusk|Stealth Rock|p1a: Zapdos
|-sidestart|p1: jirujiru|move: Stealth Rock
|
|upkeep
|turn|14
|
|t:|1758997614
|-end|p2a: Great Tusk|Protosynthesis|[silent]
|switch|p2a: Slowking|Slowking-Galar, M|90/100
|move|p1a: Zapdos|Volt Switch|p2a: Slowking
|-damage|p2a: Slowking|72/100
|inactive|jirujiru has 120 seconds left.
|inactive|jirujiru has 90 seconds left.
|
|t:|1758997662
|switch|p1a: Ting-Lu|Ting-Lu|35/100|[from] Volt Switch
|-damage|p1a: Ting-Lu|28/100|[from] Stealth Rock
|-ability|p1a: Ting-Lu|Vessel of Ruin
|
|upkeep
|turn|15
|
|t:|1758997666
|switch|p2a: Kingambit|Kingambit, F|21/100
|-activate|p2a: Kingambit|ability: Supreme Overlord
|-start|p2a: Kingambit|fallen1|[silent]
|move|p1a: Ting-Lu|Earthquake|p2a: Kingambit
|-supereffective|p2a: Kingambit
|-damage|p2a: Kingambit|0 fnt
|faint|p2a: Kingambit
|-end|p2a: Kingambit|fallen1|[silent]
|
|upkeep
|
|t:|1758997671
|switch|p2a: Ogerpon|Ogerpon-Wellspring, F|9/100
|turn|16
|
|t:|1758997696
|move|p2a: Ogerpon|Ivy Cudgel|p1a: Ting-Lu|[anim] Ivy Cudgel Water
|-supereffective|p1a: Ting-Lu
|-damage|p1a: Ting-Lu|0 fnt
|faint|p1a: Ting-Lu
|
|upkeep
|
|t:|1758997704
|switch|p1a: Weezing|Weezing-Galar, F|100/100
|-ability|p1a: Weezing|Neutralizing Gas
|turn|17
|
|t:|1758997709
|move|p2a: Ogerpon|Ivy Cudgel|p1a: Weezing|[anim] Ivy Cudgel Water
|-damage|p1a: Weezing|63/100
|move|p1a: Weezing|Will-O-Wisp|p2a: Ogerpon
|-status|p2a: Ogerpon|brn
|
|-damage|p2a: Ogerpon|3/100 brn|[from] brn
|upkeep
|turn|18
|
|t:|1758997723
|move|p2a: Ogerpon|U-turn|p1a: Weezing
|-resisted|p1a: Weezing
|-damage|p1a: Weezing|61/100
|
|t:|1758997729
|switch|p2a: Slowking|Slowking-Galar, M|100/100|[from] U-turn
|move|p1a: Weezing|Defog|p2a: Slowking
|-unboost|p2a: Slowking|evasion|1
|-sideend|p1: jirujiru|Stealth Rock|[from] move: Defog|[of] p1a: Weezing
|
|upkeep
|turn|19
|inactive|jirujiru has 90 seconds left.
|
|t:|1758997778
|move|p1a: Weezing|Will-O-Wisp|p2a: Slowking
|-status|p2a: Slowking|brn
|move|p2a: Slowking|Sludge Bomb|p1a: Weezing
|-damage|p1a: Weezing|3/100
|
|-damage|p2a: Slowking|94/100 brn|[from] brn
|upkeep
|turn|20
|
|t:|1758997786
|switch|p2a: Ogerpon|Ogerpon-Wellspring, F|3/100 brn
|move|p1a: Weezing|Pain Split|p2a: Ogerpon
|-sethp|p2a: Ogerpon|3/100 brn|[from] move: Pain Split|[silent]
|-sethp|p1a: Weezing|3/100|[from] move: Pain Split
|
|-damage|p2a: Ogerpon|0 fnt|[from] brn
|faint|p2a: Ogerpon
|upkeep
|
|t:|1758997790
|switch|p2a: Dragapult|Dragapult, F|100/100
|turn|21
|inactive|jirujiru has 90 seconds left.
|
|t:|1758997796
|move|p2a: Dragapult|Hex|p1a: Weezing
|-damage|p1a: Weezing|0 fnt
|faint|p1a: Weezing
|-end|p1a: Weezing|ability: Neutralizing Gas
|
|upkeep
|inactive|jirujiru has 90 seconds left.
|
|t:|1758997821
|switch|p1a: Zapdos|Zapdos|100/100
|turn|22
|inactive|jirujiru has 60 seconds left.
|
|t:|1758997846
|switch|p2a: Slowking|Slowking-Galar, M|94/100 brn
|-terastallize|p1a: Zapdos|Fairy
|move|p1a: Zapdos|Volt Switch|p2a: Slowking
|-damage|p2a: Slowking|77/100 brn
|inactive|jirujiru has 60 seconds left.
|
|t:|1758997853
|switch|p1a: Zamazenta|Zamazenta|91/100|[from] Volt Switch
|
|-damage|p2a: Slowking|71/100 brn|[from] brn
|upkeep
|turn|23
|
|t:|1758997858
|switch|p2a: Great Tusk|Great Tusk|100/100
|move|p1a: Zamazenta|Crunch|p2a: Great Tusk
|-resisted|p2a: Great Tusk
|-damage|p2a: Great Tusk|87/100
|-damage|p1a: Zamazenta|74/100|[from] item: Rocky Helmet|[of] p2a: Great Tusk
|-damage|p1a: Zamazenta|64/100|[from] item: Life Orb
|
|upkeep
|turn|24
|inactive|jirujiru has 60 seconds left.
|
|t:|1758997885
|move|p1a: Zamazenta|Ice Fang|p2a: Great Tusk
|-supereffective|p2a: Great Tusk
|-damage|p2a: Great Tusk|45/100
|-damage|p1a: Zamazenta|48/100|[from] item: Rocky Helmet|[of] p2a: Great Tusk
|-damage|p1a: Zamazenta|38/100|[from] item: Life Orb
|move|p2a: Great Tusk|Stealth Rock|p1a: Zamazenta
|-sidestart|p1: jirujiru|move: Stealth Rock
|
|upkeep
|turn|25
|inactive|jirujiru has 60 seconds left.
|
|t:|1758997891
|switch|p1a: Alomomola|Alomomola, M|100/100
|-damage|p1a: Alomomola|88/100|[from] Stealth Rock
|-end|p2a: Great Tusk|Protosynthesis|[silent]
|switch|p2a: Dragapult|Dragapult, F|100/100
|
|upkeep
|turn|26
|
|t:|1758997899
|move|p2a: Dragapult|Will-O-Wisp|p1a: Alomomola
|-status|p1a: Alomomola|brn
|move|p1a: Alomomola|Flip Turn|p2a: Dragapult
|-resisted|p2a: Dragapult
|-damage|p2a: Dragapult|95/100
|
|t:|1758997908
|switch|p1a: Zapdos|Zapdos, tera:Fairy|100/100|[from] Flip Turn
|-damage|p1a: Zapdos|88/100|[from] Stealth Rock
|
|upkeep
|turn|27
|
|t:|1758997912
|move|p2a: Dragapult|U-turn|p1a: Zapdos
|-resisted|p1a: Zapdos
|-damage|p1a: Zapdos|76/100
|-status|p2a: Dragapult|par|[from] ability: Static|[of] p1a: Zapdos
|
|t:|1758997919
|switch|p2a: Slowking|Slowking-Galar, M|100/100 brn|[from] U-turn
|move|p1a: Zapdos|Tera Blast|p2a: Slowking|[anim] Tera Blast Fairy
|-resisted|p2a: Slowking
|-damage|p2a: Slowking|90/100 brn
|
|-damage|p2a: Slowking|84/100 brn|[from] brn
|upkeep
|turn|28
|
|t:|1758997927
|move|p1a: Zapdos|Volt Switch|p2a: Slowking
|-crit|p2a: Slowking
|-damage|p2a: Slowking|54/100 brn
|
|t:|1758997930
|switch|p1a: Kyurem|Kyurem|19/100|[from] Volt Switch
|-damage|p1a: Kyurem|0 fnt|[from] Stealth Rock
|faint|p1a: Kyurem
|move|p2a: Slowking|Flamethrower|p1: Kyurem|[notarget]
|-fail|p2a: Slowking
|
|-damage|p2a: Slowking|48/100 brn|[from] brn
|upkeep
|inactive|jirujiru has 90 seconds left.
|inactive|jirujiru has 60 seconds left.
|
|t:|1758997969
|switch|p1a: Zamazenta|Zamazenta|38/100
|-damage|p1a: Zamazenta|32/100|[from] Stealth Rock
|turn|29
|inactive|jirujiru has 60 seconds left.
|
|t:|1758997996
|switch|p1a: Alomomola|Alomomola, M|100/100 brn
|-damage|p1a: Alomomola|88/100 brn|[from] Stealth Rock
|switch|p2a: Great Tusk|Great Tusk|45/100
|
|-damage|p1a: Alomomola|82/100 brn|[from] brn
|upkeep
|turn|30
|inactive|jirujiru has 30 seconds left.
|
|t:|1758998024
|-end|p2a: Great Tusk|Protosynthesis|[silent]
|switch|p2a: Slowking|Slowking-Galar, M|81/100 brn
|move|p1a: Alomomola|Flip Turn|p2a: Slowking
|-damage|p2a: Slowking|73/100 brn
|inactive|jirujiru has 30 seconds left.
|inactive|jirujiru has 20 seconds left.
|
|t:|1758998042
|switch|p1a: Zamazenta|Zamazenta|32/100|[from] Flip Turn
|-damage|p1a: Zamazenta|25/100|[from] Stealth Rock
|
|-damage|p2a: Slowking|67/100 brn|[from] brn
|upkeep
|turn|31
|inactive|jirujiru has 30 seconds left this turn.
|
|t:|1758998047
|switch|p1a: Alomomola|Alomomola, M|100/100 brn
|-damage|p1a: Alomomola|88/100 brn|[from] Stealth Rock
|switch|p2a: Great Tusk|Great Tusk|45/100
|
|-damage|p1a: Alomomola|82/100 brn|[from] brn
|upkeep
|turn|32
|
|t:|1758998051
|move|p2a: Great Tusk|Headlong Rush|p1a: Alomomola
|-damage|p1a: Alomomola|44/100 brn
|-unboost|p2a: Great Tusk|def|1
|-unboost|p2a: Great Tusk|spd|1
|move|p1a: Alomomola|Healing Wish|p1a: Alomomola
|faint|p1a: Alomomola
|
|upkeep
|
|t:|1758998054
|switch|p1a: Zamazenta|Zamazenta|25/100
|-heal|p1a: Zamazenta|100/100|[from] move: Healing Wish
|-damage|p1a: Zamazenta|94/100|[from] Stealth Rock
|turn|33
|
|t:|1758998058
|move|p1a: Zamazenta|Ice Fang|p2a: Great Tusk
|-supereffective|p2a: Great Tusk
|-damage|p2a: Great Tusk|0 fnt
|-damage|p1a: Zamazenta|78/100|[from] item: Rocky Helmet|[of] p2a: Great Tusk
|faint|p2a: Great Tusk
|-end|p2a: Great Tusk|Protosynthesis|[silent]
|-damage|p1a: Zamazenta|68/100|[from] item: Life Orb
|
|upkeep
|
|t:|1758998063
|switch|p2a: Slowking|Slowking-Galar, M|99/100 brn
|turn|34
|inactive|jirujiru has 60 seconds left.
|
|t:|1758998076
|move|p1a: Zamazenta|Crunch|p2a: Slowking
|-supereffective|p2a: Slowking
|-damage|p2a: Slowking|22/100 brn
|-damage|p1a: Zamazenta|58/100|[from] item: Life Orb
|move|p2a: Slowking|Psyshock|p1a: Zamazenta
|-supereffective|p1a: Zamazenta
|-damage|p1a: Zamazenta|0 fnt
|faint|p1a: Zamazenta
|
|-damage|p2a: Slowking|16/100 brn|[from] brn
|upkeep
|inactive|jirujiru has 60 seconds left.
|
|t:|1758998083
|switch|p1a: Zapdos|Zapdos, tera:Fairy|76/100
|-damage|p1a: Zapdos|64/100|[from] Stealth Rock
|turn|35
|
|t:|1758998091
|switch|p2a: Dragapult|Dragapult, F|95/100 par
|move|p1a: Zapdos|Volt Switch|p2a: Dragapult
|-resisted|p2a: Dragapult
|-crit|p2a: Dragapult
|-damage|p2a: Dragapult|57/100 par
|
|upkeep
|turn|36
|
|t:|1758998097
|-terastallize|p2a: Dragapult|Fairy
|move|p1a: Zapdos|Tera Blast|p2a: Dragapult|[anim] Tera Blast Fairy
|-damage|p2a: Dragapult|0 fnt
|faint|p2a: Dragapult
|
|upkeep
|
|t:|1758998102
|switch|p2a: Slowking|Slowking-Galar, M|49/100 brn
|turn|37
|
|t:|1758998116
|move|p1a: Zapdos|Volt Switch|p2a: Slowking
|-damage|p2a: Slowking|30/100 brn
|move|p2a: Slowking|Sludge Bomb|p1a: Zapdos
|-supereffective|p1a: Zapdos
|-damage|p1a: Zapdos|1/100
|
|-damage|p2a: Slowking|24/100 brn|[from] brn
|upkeep
|turn|38
|
|t:|1758998120
|move|p1a: Zapdos|Hurricane|p2a: Slowking|[miss]
|-miss|p1a: Zapdos|p2a: Slowking
|move|p2a: Slowking|Sludge Bomb|p1a: Zapdos
|-supereffective|p1a: Zapdos
|-damage|p1a: Zapdos|0 fnt
|faint|p1a: Zapdos
|
|win|lerendezvous
|raw|jirujiru's rating: 1789 &rarr; <strong>1772</strong><br />(-17 for losing)
|raw|lerendezvous's rating: 1833 &rarr; <strong>1850</strong><br />(+17 for winning)
