|j|☆y r u gray
|j|☆Dnckefkdldl
|t:|1759045499
|gametype|singles
|player|p1|y r u gray|169|1064
|player|p2|Dnckefkdldl|leaf-masters|1108
|gen|9
|tier|[Gen 9] OU
|rated|
|rule|HP Percentage Mod: HP is shown in percentages
|rule|Endless Battle Clause: Forcing endless battles is banned
|rule|Species Clause: Limit one of each Pokémon
|rule|OHKO Clause: OHKO moves are banned
|rule|Evasion Items Clause: Evasion items are banned
|rule|Evasion Moves Clause: Evasion moves are banned
|rule|Evasion Abilities Clause: Evasion abilities are banned
|rule|Sleep Moves Clause: Sleep-inducing moves are banned
|clearpoke
|poke|p1|Cinderace, F|
|poke|p1|Darkrai|
|poke|p1|Araquanid, M|
|poke|p1|Iron Treads|
|poke|p1|Iron Valiant|
|poke|p1|Alomomola, M|
|poke|p2|Kyurem|
|poke|p2|Cinderace, F|
|poke|p2|Hatterene, F|
|poke|p2|Corviknight, F|
|poke|p2|Rillaboom, F|
|poke|p2|Great Tusk|
|teampreview
|inactive|Battle timer is ON: inactive players will automatically lose when time's up. (requested by y r u gray)
|
|t:|1759045560
|teamsize|p1|6
|teamsize|p2|6
|start
|switch|p1a: Iron Treads|Iron Treads|100/100
|switch|p2a: Rillaboom|Rillaboom, F|100/100
|-fieldstart|move: Grassy Terrain|[from] ability: Grassy Surge|[of] p2a: Rillaboom
|-enditem|p1a: Iron Treads|Booster Energy
|-activate|p1a: Iron Treads|ability: Quark Drive|[fromitem]
|-start|p1a: Iron Treads|quarkdrivespe
|turn|1
|
|t:|1759045570
|switch|p2a: Corviknight|Corviknight, F|100/100
|-ability|p2a: Corviknight|Pressure
|move|p1a: Iron Treads|Stealth Rock|p2a: Corviknight
|-sidestart|p2: Dnckefkdldl|move: Stealth Rock
|
|upkeep
|turn|2
|
|t:|1759045579
|-end|p1a: Iron Treads|Quark Drive|[silent]
|switch|p1a: Cinderace|Cinderace, F|100/100
|move|p2a: Corviknight|U-turn|p1a: Cinderace
|-resisted|p1a: Cinderace
|-damage|p1a: Cinderace|90/100
|
|t:|1759045587
|switch|p2a: Great Tusk|Great Tusk|100/100|[from] U-turn
|-damage|p2a: Great Tusk|98/100|[from] Stealth Rock
|
|-heal|p1a: Cinderace|96/100|[from] Grassy Terrain
|-heal|p2a: Great Tusk|100/100|[from] Grassy Terrain
|upkeep
|turn|3
|
|t:|1759045593
|move|p1a: Cinderace|High Jump Kick|p2a: Great Tusk
|-start|p1a: Cinderace|typechange|Fighting|[from] ability: Libero
|-damage|p2a: Great Tusk|51/100
|move|p2a: Great Tusk|Rapid Spin|p1a: Cinderace
|-damage|p1a: Cinderace|71/100
|-boost|p2a: Great Tusk|spe|1
|-sideend|p2: Dnckefkdldl|Stealth Rock|[from] move: Rapid Spin|[of] p2a: Great Tusk
|
|-heal|p2a: Great Tusk|57/100|[from] Grassy Terrain
|-heal|p1a: Cinderace|77/100|[from] Grassy Terrain
|upkeep
|turn|4
|
|t:|1759045601
|switch|p1a: Alomomola|Alomomola, M|100/100
|move|p2a: Great Tusk|Headlong Rush|p1a: Alomomola
|-damage|p1a: Alomomola|66/100
|-unboost|p2a: Great Tusk|def|1
|-unboost|p2a: Great Tusk|spd|1
|
|-heal|p2a: Great Tusk|63/100|[from] Grassy Terrain
|-heal|p1a: Alomomola|72/100|[from] Grassy Terrain
|upkeep
|turn|5
|
|t:|1759045608
|-end|p2a: Great Tusk|Protosynthesis|[silent]
|switch|p2a: Kyurem|Kyurem, shiny|100/100
|-ability|p2a: Kyurem|Pressure
|move|p1a: Alomomola|Flip Turn|p2a: Kyurem
|-resisted|p2a: Kyurem
|-damage|p2a: Kyurem|94/100
|
|t:|1759045616
|switch|p1a: Araquanid|Araquanid, M|100/100|[from] Flip Turn
|
|-heal|p2a: Kyurem|99/100|[from] Grassy Terrain
|-fieldend|move: Grassy Terrain
|upkeep
|turn|6
|
|t:|1759045620
|move|p2a: Kyurem|Freeze-Dry|p1a: Araquanid
|-supereffective|p1a: Araquanid
|-damage|p1a: Araquanid|42/100
|move|p1a: Araquanid|Sticky Web|p2a: Kyurem
|-sidestart|p2: Dnckefkdldl|move: Sticky Web
|
|upkeep
|turn|7
|
|t:|1759045624
|move|p1a: Araquanid|Endure|p1a: Araquanid
|-singleturn|p1a: Araquanid|move: Endure
|move|p2a: Kyurem|Freeze-Dry|p1a: Araquanid
|-supereffective|p1a: Araquanid
|-activate|p1a: Araquanid|move: Endure
|-damage|p1a: Araquanid|1/100
|
|upkeep
|turn|8
|-enditem|p1a: Araquanid|Custap Berry|[eat]
|-activate|p1a: Araquanid|item: Custap Berry|[consumed]
|
|t:|1759045632
|switch|p2a: Corviknight|Corviknight, F|100/100
|-ability|p2a: Corviknight|Pressure
|move|p1a: Araquanid|Endeavor|p2a: Corviknight
|-damage|p2a: Corviknight|1/100
|-damage|p1a: Araquanid|0 fnt|[from] item: Rocky Helmet|[of] p2a: Corviknight
|faint|p1a: Araquanid
|
|upkeep
|
|t:|1759045644
|switch|p1a: Iron Treads|Iron Treads|100/100
|turn|9
|
|t:|1759045649
|switch|p2a: Rillaboom|Rillaboom, F|100/100
|-activate|p2a: Rillaboom|move: Sticky Web
|-unboost|p2a: Rillaboom|spe|1
|-fieldstart|move: Grassy Terrain|[from] ability: Grassy Surge|[of] p2a: Rillaboom
|move|p1a: Iron Treads|Rapid Spin|p2a: Rillaboom
|-damage|p2a: Rillaboom|88/100
|-boost|p1a: Iron Treads|spe|1
|
|-heal|p2a: Rillaboom|94/100|[from] Grassy Terrain
|upkeep
|turn|10
|
|t:|1759045660
|move|p1a: Iron Treads|Stealth Rock|p2a: Rillaboom
|-sidestart|p2: Dnckefkdldl|move: Stealth Rock
|move|p2a: Rillaboom|U-turn|p1a: Iron Treads
|-resisted|p1a: Iron Treads
|-damage|p1a: Iron Treads|90/100
|
|t:|1759045669
|switch|p2a: Great Tusk|Great Tusk|63/100|[from] U-turn
|-activate|p2a: Great Tusk|move: Sticky Web
|-unboost|p2a: Great Tusk|spe|1
|-damage|p2a: Great Tusk|60/100|[from] Stealth Rock
|
|-heal|p1a: Iron Treads|96/100|[from] Grassy Terrain
|-heal|p2a: Great Tusk|67/100|[from] Grassy Terrain
|upkeep
|turn|11
|
|t:|1759045676
|move|p1a: Iron Treads|Steel Beam|p2a: Great Tusk
|-damage|p2a: Great Tusk|0 fnt
|-damage|p1a: Iron Treads|46/100|[from] steelbeam
|faint|p2a: Great Tusk
|-end|p2a: Great Tusk|Protosynthesis|[silent]
|
|-heal|p1a: Iron Treads|52/100|[from] Grassy Terrain
|upkeep
|
|t:|1759045684
|switch|p2a: Rillaboom|Rillaboom, F|94/100
|-activate|p2a: Rillaboom|move: Sticky Web
|-unboost|p2a: Rillaboom|spe|1
|-damage|p2a: Rillaboom|81/100|[from] Stealth Rock
|turn|12
|
|t:|1759045692
|-terastallize|p2a: Rillaboom|Grass
|move|p2a: Rillaboom|Grassy Glide|p1a: Iron Treads
|-damage|p1a: Iron Treads|9/100
|move|p1a: Iron Treads|Steel Beam|p2a: Rillaboom
|-damage|p2a: Rillaboom|16/100
|-damage|p1a: Iron Treads|0 fnt|[from] steelbeam
|faint|p1a: Iron Treads
|-end|p1a: Iron Treads|Quark Drive|[silent]
|
|-heal|p2a: Rillaboom|22/100|[from] Grassy Terrain
|upkeep
|
|t:|1759045701
|switch|p1a: Cinderace|Cinderace, F|77/100
|turn|13
|
|t:|1759045706
|switch|p2a: Corviknight|Corviknight, F|1/100
|-damage|p2a: Corviknight|0 fnt|[from] Stealth Rock
|faint|p2a: Corviknight
|move|p1a: Cinderace|U-turn|p2: Corviknight|[notarget]
|-fail|p1a: Cinderace
|
|-heal|p1a: Cinderace|83/100|[from] Grassy Terrain
|-fieldend|move: Grassy Terrain
|upkeep
|
|t:|1759045711
|switch|p2a: Cinderace|Cinderace, F|100/100
|-activate|p2a: Cinderace|move: Sticky Web
|-unboost|p2a: Cinderace|spe|1
|-damage|p2a: Cinderace|76/100|[from] Stealth Rock
|turn|14
|
|t:|1759045721
|move|p1a: Cinderace|High Jump Kick|p2a: Cinderace
|-start|p1a: Cinderace|typechange|Fighting|[from] ability: Libero
|-damage|p2a: Cinderace|0 fnt
|faint|p2a: Cinderace
|
|upkeep
|
|t:|1759045728
|switch|p2a: Hatterene|Hatterene, F|100/100
|-activate|p2a: Hatterene|move: Sticky Web
|-unboost|p2a: Hatterene|spe|1
|-damage|p2a: Hatterene|88/100|[from] Stealth Rock
|turn|15
|
|t:|1759045731
|move|p1a: Cinderace|Gunk Shot|p2a: Hatterene
|-supereffective|p2a: Hatterene
|-damage|p2a: Hatterene|0 fnt
|faint|p2a: Hatterene
|
|upkeep
|-message|Dnckefkdldl forfeited.
|
|win|y r u gray
|raw|y r u gray's rating: 1064 &rarr; <strong>1098</strong><br />(+34 for winning)
|raw|Dnckefkdldl's rating: 1108 &rarr; <strong>1080</strong><br />(-28 for losing)
|l|☆Dnckefkdldl
|player|p2|
