|j|☆Musab1317
|j|☆werearewe
|t:|1758987141
|gametype|singles
|player|p1|Musab1317|flint|1383
|player|p2|werearewe|266|1333
|gen|9
|tier|[Gen 9] OU
|rated|
|rule|HP Percentage Mod: HP is shown in percentages
|rule|Endless Battle Clause: Forcing endless battles is banned
|rule|Species Clause: Limit one of each Pokémon
|rule|OHKO Clause: OHKO moves are banned
|rule|Evasion Items Clause: Evasion items are banned
|rule|Evasion Moves Clause: Evasion moves are banned
|rule|Evasion Abilities Clause: Evasion abilities are banned
|rule|Sleep Moves Clause: Sleep-inducing moves are banned
|clearpoke
|poke|p1|Dragonite, F|
|poke|p1|Zamazenta-*|
|poke|p1|Landorus-Therian, M|
|poke|p1|Gholdengo|
|poke|p1|Darkrai|
|poke|p1|Hatterene, F|
|poke|p2|Ribombee, M|
|poke|p2|Cinderace, F|
|poke|p2|Ogerpon, F|
|poke|p2|Milotic, F|
|poke|p2|Kingambit, M|
|poke|p2|Serperior, F|
|teampreview
|
|t:|1758987163
|teamsize|p1|6
|teamsize|p2|6
|start
|switch|p1a: Landorus|Landorus-Therian, M|100/100
|switch|p2a: Ribombee|Ribombee, M|100/100
|-ability|p1a: Landorus|Intimidate|boost
|-unboost|p2a: Ribombee|atk|1
|turn|1
|
|t:|1758987173
|move|p2a: Ribombee|Sticky Web|p1a: Landorus
|-sidestart|p1: Musab1317|move: Sticky Web
|move|p1a: Landorus|Stealth Rock|p2a: Ribombee
|-sidestart|p2: werearewe|move: Stealth Rock
|
|upkeep
|turn|2
|inactive|Battle timer is ON: inactive players will automatically lose when time's up. (requested by Musab1317)
|
|t:|1758987209
|move|p2a: Ribombee|U-turn|p1a: Landorus
|-resisted|p1a: Landorus
|-damage|p1a: Landorus|96/100
|-damage|p2a: Ribombee|84/100|[from] item: Rocky Helmet|[of] p1a: Landorus
|
|t:|1758987213
|switch|p2a: Cinderace|Cinderace, F|100/100|[from] U-turn
|move|p1a: Landorus|U-turn|p2a: Cinderace
|-resisted|p2a: Cinderace
|-damage|p2a: Cinderace|88/100
|inactive|Musab1317 has 120 seconds left.
|
|t:|1758987252
|switch|p1a: Zamazenta|Zamazenta|100/100|[from] U-turn
|-activate|p1a: Zamazenta|move: Sticky Web
|-unboost|p1a: Zamazenta|spe|1
|-ability|p1a: Zamazenta|Dauntless Shield|boost
|-boost|p1a: Zamazenta|def|1
|
|upkeep
|turn|3
|inactive|Musab1317 has 120 seconds left.
|
|t:|1758987297
|move|p2a: Cinderace|Will-O-Wisp|p1a: Zamazenta
|-status|p1a: Zamazenta|brn
|move|p1a: Zamazenta|Body Press|p2a: Cinderace
|-damage|p2a: Cinderace|56/100
|
|-damage|p1a: Zamazenta|94/100 brn|[from] brn
|upkeep
|turn|4
|
|t:|1758987310
|move|p2a: Cinderace|Court Change|p2a: Cinderace
|-swapsideconditions
|-activate|p2a: Cinderace|move: Court Change
|move|p1a: Zamazenta|Body Press|p2a: Cinderace
|-damage|p2a: Cinderace|18/100
|
|-heal|p1a: Zamazenta|100/100 brn|[from] item: Leftovers
|-damage|p1a: Zamazenta|94/100 brn|[from] brn
|upkeep
|turn|5
|inactive|Musab1317 has 120 seconds left.
|
|t:|1758987324
|move|p2a: Cinderace|U-turn|p1a: Zamazenta
|-resisted|p1a: Zamazenta
|-damage|p1a: Zamazenta|90/100 brn
|
|t:|1758987327
|switch|p2a: Ribombee|Ribombee, M|84/100|[from] U-turn
|-activate|p2a: Ribombee|move: Sticky Web
|-unboost|p2a: Ribombee|spe|1
|move|p1a: Zamazenta|Body Press|p2a: Ribombee
|-resisted|p2a: Ribombee
|-damage|p2a: Ribombee|69/100
|
|-heal|p1a: Zamazenta|96/100 brn|[from] item: Leftovers
|-damage|p1a: Zamazenta|90/100 brn|[from] brn
|upkeep
|turn|6
|inactive|Musab1317 has 120 seconds left.
|
|t:|1758987338
|switch|p1a: Hatterene|Hatterene, F|100/100
|-damage|p1a: Hatterene|88/100|[from] Stealth Rock
|move|p2a: Ribombee|Moonblast|p1a: Hatterene
|-damage|p1a: Hatterene|64/100
|-unboost|p1a: Hatterene|spa|1
|
|upkeep
|turn|7
|
|t:|1758987345
|move|p2a: Ribombee|U-turn|p1a: Hatterene
|-damage|p1a: Hatterene|49/100
|
|t:|1758987356
|switch|p2a: Kingambit|Kingambit, M|100/100|[from] U-turn
|-activate|p2a: Kingambit|move: Sticky Web
|-unboost|p2a: Kingambit|spe|1
|-ability|p2a: Kingambit|Defiant|boost
|-boost|p2a: Kingambit|atk|2
|move|p1a: Hatterene|Mystical Fire|p2a: Kingambit
|-supereffective|p2a: Kingambit
|-damage|p2a: Kingambit|79/100
|-unboost|p2a: Kingambit|spa|1
|-ability|p2a: Kingambit|Defiant|boost
|-boost|p2a: Kingambit|atk|2
|
|upkeep
|turn|8
|inactive|Musab1317 has 120 seconds left.
|
|t:|1758987383
|move|p1a: Hatterene|Mystical Fire|p2a: Kingambit
|-supereffective|p2a: Kingambit
|-damage|p2a: Kingambit|57/100
|-unboost|p2a: Kingambit|spa|1
|-ability|p2a: Kingambit|Defiant|boost
|-boost|p2a: Kingambit|atk|2
|move|p2a: Kingambit|Iron Head|p1a: Hatterene
|-supereffective|p1a: Hatterene
|-damage|p1a: Hatterene|0 fnt
|faint|p1a: Hatterene
|
|upkeep
|
|t:|1758987398
|switch|p1a: Darkrai|Darkrai|100/100
|turn|9
|
|t:|1758987404
|move|p1a: Darkrai|Will-O-Wisp|p2a: Kingambit
|-status|p2a: Kingambit|brn
|move|p2a: Kingambit|Iron Head|p1a: Darkrai
|-damage|p1a: Darkrai|0 fnt
|faint|p1a: Darkrai
|
|-damage|p2a: Kingambit|51/100 brn|[from] brn
|upkeep
|
|t:|1758987427
|switch|p1a: Zamazenta|Zamazenta|90/100 brn
|-damage|p1a: Zamazenta|84/100 brn|[from] Stealth Rock
|turn|10
|
|t:|1758987431
|move|p1a: Zamazenta|Body Press|p2a: Kingambit
|-supereffective|p2a: Kingambit
|-damage|p2a: Kingambit|0 fnt
|faint|p2a: Kingambit
|
|-heal|p1a: Zamazenta|90/100 brn|[from] item: Leftovers
|-damage|p1a: Zamazenta|84/100 brn|[from] brn
|upkeep
|
|t:|1758987435
|switch|p2a: Milotic|Milotic, F|100/100
|-activate|p2a: Milotic|move: Sticky Web
|-unboost|p2a: Milotic|spe|1
|-ability|p2a: Milotic|Competitive|boost
|-boost|p2a: Milotic|spa|2
|turn|11
|
|t:|1758987439
|-terastallize|p2a: Milotic|Fairy
|move|p1a: Zamazenta|Body Press|p2a: Milotic
|-resisted|p2a: Milotic
|-crit|p2a: Milotic
|-damage|p2a: Milotic|85/100
|move|p2a: Milotic|Draining Kiss|p1a: Zamazenta
|-supereffective|p1a: Zamazenta
|-damage|p1a: Zamazenta|0 fnt
|-heal|p2a: Milotic|100/100|[from] drain|[of] p1a: Zamazenta
|faint|p1a: Zamazenta
|
|upkeep
|
|t:|1758987448
|switch|p1a: Gholdengo|Gholdengo|100/100
|-damage|p1a: Gholdengo|94/100|[from] Stealth Rock
|turn|12
|
|t:|1758987477
|move|p1a: Gholdengo|Thunderbolt|p2a: Milotic
|-damage|p2a: Milotic|85/100
|move|p2a: Milotic|Scald|p1a: Gholdengo
|-crit|p1a: Gholdengo
|-damage|p1a: Gholdengo|0 fnt
|faint|p1a: Gholdengo
|
|upkeep
|inactive|Musab1317 has 120 seconds left.
|
|t:|1758987505
|switch|p1a: Dragonite|Dragonite, F|100/100
|-damage|p1a: Dragonite|76/100|[from] Stealth Rock
|turn|13
|inactive|Musab1317 has 120 seconds left.
|
|t:|1758987516
|-terastallize|p1a: Dragonite|Flying
|move|p1a: Dragonite|Dragon Dance|p1a: Dragonite
|-boost|p1a: Dragonite|atk|1
|-boost|p1a: Dragonite|spe|1
|move|p2a: Milotic|Draining Kiss|p1a: Dragonite
|-damage|p1a: Dragonite|14/100
|-heal|p2a: Milotic|100/100|[from] drain|[of] p1a: Dragonite
|
|upkeep
|turn|14
|
|t:|1758987523
|move|p1a: Dragonite|Tera Blast|p2a: Milotic|[anim] Tera Blast Flying
|-damage|p2a: Milotic|8/100
|move|p2a: Milotic|Draining Kiss|p1a: Dragonite
|-damage|p1a: Dragonite|0 fnt
|-heal|p2a: Milotic|16/100|[from] drain|[of] p1a: Dragonite
|faint|p1a: Dragonite
|
|upkeep
|
|t:|1758987527
|switch|p1a: Landorus|Landorus-Therian, M|96/100
|-damage|p1a: Landorus|84/100|[from] Stealth Rock
|-ability|p1a: Landorus|Intimidate|boost
|-unboost|p2a: Milotic|atk|1
|-ability|p2a: Milotic|Competitive|boost
|-boost|p2a: Milotic|spa|2
|turn|15
|-message|Musab1317 forfeited.
|
|win|werearewe
|raw|Musab1317's rating: 1383 &rarr; <strong>1361</strong><br />(-22 for losing)
|raw|werearewe's rating: 1349 &rarr; <strong>1371</strong><br />(+22 for winning)
|l|☆Musab1317
|player|p1|
|l|☆werearewe
|player|p2|
