|j|☆RakinSestrrrr
|j|☆bmove
|t:|1758946595
|gametype|singles
|player|p1|RakinSestrrrr|1|1182
|player|p2|bmove|102|1242
|gen|9
|tier|[Gen 9] OU
|rated|
|rule|HP Percentage Mod: HP is shown in percentages
|rule|Endless Battle Clause: Forcing endless battles is banned
|rule|Species Clause: Limit one of each Pokémon
|rule|OHKO Clause: OHKO moves are banned
|rule|Evasion Items Clause: Evasion items are banned
|rule|Evasion Moves Clause: Evasion moves are banned
|rule|Evasion Abilities Clause: Evasion abilities are banned
|rule|Sleep Moves Clause: Sleep-inducing moves are banned
|clearpoke
|poke|p1|Garganacl, M|
|poke|p1|Jirachi|
|poke|p1|Hoopa-Unbound|
|poke|p1|Cinderace, F|
|poke|p1|Rillaboom, F|
|poke|p1|Hitmonlee, M|
|poke|p2|Dragonite, F|
|poke|p2|Torkoal, M|
|poke|p2|Hatterene, F|
|poke|p2|Ursaluna, M|
|poke|p2|Dragapult, M|
|poke|p2|Great Tusk|
|teampreview
|
|t:|1758946612
|teamsize|p1|6
|teamsize|p2|6
|start
|switch|p1a: Cinderace|Cinderace, F|100/100
|switch|p2a: Great Tusk|Great Tusk|100/100
|turn|1
|inactive|Battle timer is ON: inactive players will automatically lose when time's up. (requested by bmove)
|
|t:|1758946631
|switch|p1a: Garganacl|Garganacl, M, shiny|100/100
|move|p2a: Great Tusk|Temper Flare|p1a: Garganacl
|-resisted|p1a: Garganacl
|-damage|p1a: Garganacl|95/100
|
|-heal|p1a: Garganacl|100/100|[from] item: Leftovers
|upkeep
|turn|2
|
|t:|1758946642
|-end|p2a: Great Tusk|Protosynthesis|[silent]
|switch|p2a: Hatterene|Hatterene, F|100/100
|move|p1a: Garganacl|Salt Cure|p2a: Hatterene
|-damage|p2a: Hatterene|84/100
|-start|p2a: Hatterene|Salt Cure
|
|-damage|p2a: Hatterene|72/100|[from] Salt Cure
|upkeep
|turn|3
|
|t:|1758946653
|switch|p1a: Jirachi|Jirachi|100/100
|move|p2a: Hatterene|Trick Room|p2a: Hatterene
|-fieldstart|move: Trick Room|[of] p2a: Hatterene
|
|-damage|p2a: Hatterene|60/100|[from] Salt Cure
|upkeep
|turn|4
|
|t:|1758946661
|move|p2a: Hatterene|Psychic Noise|p1a: Jirachi
|-resisted|p1a: Jirachi
|-damage|p1a: Jirachi|93/100
|-start|p1a: Jirachi|move: Heal Block
|move|p1a: Jirachi|Meteor Mash|p2a: Hatterene
|-supereffective|p2a: Hatterene
|-damage|p2a: Hatterene|0 fnt
|faint|p2a: Hatterene
|
|upkeep
|
|t:|1758946667
|switch|p2a: Torkoal|Torkoal, M|100/100
|-weather|SunnyDay|[from] ability: Drought|[of] p2a: Torkoal
|turn|5
|
|t:|1758946676
|switch|p1a: Hoopa|Hoopa-Unbound|100/100
|move|p2a: Torkoal|Eruption|p1a: Hoopa
|-damage|p1a: Hoopa|51/100
|
|-weather|SunnyDay|[upkeep]
|upkeep
|turn|6
|
|t:|1758946684
|-terastallize|p2a: Torkoal|Fire
|move|p2a: Torkoal|Eruption|p1a: Hoopa
|-damage|p1a: Hoopa|0 fnt
|faint|p1a: Hoopa
|
|-weather|SunnyDay|[upkeep]
|upkeep
|
|t:|1758946693
|switch|p1a: Garganacl|Garganacl, M, shiny|100/100
|turn|7
|
|t:|1758946699
|move|p2a: Torkoal|Eruption|p1a: Garganacl
|-resisted|p1a: Garganacl
|-damage|p1a: Garganacl|25/100
|move|p1a: Garganacl|Salt Cure|p2a: Torkoal
|-supereffective|p2a: Torkoal
|-damage|p2a: Torkoal|80/100
|-start|p2a: Torkoal|Salt Cure
|
|-weather|SunnyDay|[upkeep]
|-heal|p1a: Garganacl|31/100|[from] item: Leftovers
|-damage|p2a: Torkoal|67/100|[from] Salt Cure
|-fieldend|move: Trick Room
|upkeep
|turn|8
|
|t:|1758946704
|move|p1a: Garganacl|Protect|p1a: Garganacl
|-singleturn|p1a: Garganacl|Protect
|move|p2a: Torkoal|Flamethrower|p1a: Garganacl
|-activate|p1a: Garganacl|move: Protect
|
|-weather|SunnyDay|[upkeep]
|-heal|p1a: Garganacl|37/100|[from] item: Leftovers
|-damage|p2a: Torkoal|55/100|[from] Salt Cure
|upkeep
|turn|9
|
|t:|1758946714
|-terastallize|p1a: Garganacl|Water
|move|p1a: Garganacl|Recover|p1a: Garganacl
|-heal|p1a: Garganacl|87/100
|move|p2a: Torkoal|Flamethrower|p1a: Garganacl
|-resisted|p1a: Garganacl
|-damage|p1a: Garganacl|41/100
|
|-weather|none
|-heal|p1a: Garganacl|47/100|[from] item: Leftovers
|-damage|p2a: Torkoal|42/100|[from] Salt Cure
|upkeep
|turn|10
|
|t:|1758946719
|switch|p2a: Dragonite|Dragonite, F|100/100
|move|p1a: Garganacl|Recover|p1a: Garganacl
|-heal|p1a: Garganacl|97/100
|
|-heal|p1a: Garganacl|100/100|[from] item: Leftovers
|upkeep
|turn|11
|
|t:|1758946727
|move|p2a: Dragonite|Encore|p1a: Garganacl
|-start|p1a: Garganacl|Encore
|move|p1a: Garganacl|Recover||[still]
|-fail|p1a: Garganacl|heal
|
|upkeep
|turn|12
|
|t:|1758946736
|switch|p1a: Jirachi|Jirachi|93/100
|move|p2a: Dragonite|Dragon Dance|p2a: Dragonite
|-boost|p2a: Dragonite|atk|1
|-boost|p2a: Dragonite|spe|1
|
|-heal|p1a: Jirachi|99/100|[from] item: Leftovers
|upkeep
|turn|13
|
|t:|1758946741
|move|p2a: Dragonite|Earthquake|p1a: Jirachi
|-supereffective|p1a: Jirachi
|-damage|p1a: Jirachi|14/100
|move|p1a: Jirachi|Meteor Mash|p2a: Dragonite
|-damage|p2a: Dragonite|85/100
|
|-heal|p1a: Jirachi|20/100|[from] item: Leftovers
|upkeep
|turn|14
|
|t:|1758946749
|switch|p1a: Rillaboom|Rillaboom, F|100/100
|-fieldstart|move: Grassy Terrain|[from] ability: Grassy Surge|[of] p1a: Rillaboom
|move|p2a: Dragonite|Earthquake|p1a: Rillaboom
|-resisted|p1a: Rillaboom
|-damage|p1a: Rillaboom|84/100
|
|-heal|p1a: Rillaboom|90/100|[from] Grassy Terrain
|-heal|p1a: Rillaboom|96/100|[from] item: Leftovers
|upkeep
|turn|15
|
|t:|1758946769
|move|p2a: Dragonite|Extreme Speed|p1a: Rillaboom
|-damage|p1a: Rillaboom|44/100
|move|p1a: Rillaboom|Knock Off|p2a: Dragonite
|-damage|p2a: Dragonite|54/100
|-enditem|p2a: Dragonite|Heavy-Duty Boots|[from] move: Knock Off|[of] p1a: Rillaboom
|
|-heal|p1a: Rillaboom|50/100|[from] Grassy Terrain
|-heal|p1a: Rillaboom|57/100|[from] item: Leftovers
|upkeep
|turn|16
|
|t:|1758946784
|move|p2a: Dragonite|Encore|p1a: Rillaboom
|-start|p1a: Rillaboom|Encore
|move|p1a: Rillaboom|Knock Off|p2a: Dragonite
|-damage|p2a: Dragonite|31/100
|
|-heal|p1a: Rillaboom|63/100|[from] Grassy Terrain
|-heal|p1a: Rillaboom|69/100|[from] item: Leftovers
|upkeep
|turn|17
|
|t:|1758946789
|move|p2a: Dragonite|Dragon Dance|p2a: Dragonite
|-boost|p2a: Dragonite|atk|1
|-boost|p2a: Dragonite|spe|1
|move|p1a: Rillaboom|Knock Off|p2a: Dragonite
|-damage|p2a: Dragonite|7/100
|
|-heal|p1a: Rillaboom|75/100|[from] Grassy Terrain
|-heal|p1a: Rillaboom|81/100|[from] item: Leftovers
|upkeep
|turn|18
|
|t:|1758946793
|move|p2a: Dragonite|Extreme Speed|p1a: Rillaboom
|-damage|p1a: Rillaboom|16/100
|move|p1a: Rillaboom|Knock Off|p2a: Dragonite
|-damage|p2a: Dragonite|0 fnt
|faint|p2a: Dragonite
|
|-heal|p1a: Rillaboom|22/100|[from] Grassy Terrain
|-heal|p1a: Rillaboom|28/100|[from] item: Leftovers
|-end|p1a: Rillaboom|Encore
|-fieldend|move: Grassy Terrain
|upkeep
|
|t:|1758946798
|switch|p2a: Torkoal|Torkoal, M, tera:Fire|42/100
|-weather|SunnyDay|[from] ability: Drought|[of] p2a: Torkoal
|turn|19
|
|t:|1758946804
|switch|p1a: Garganacl|Garganacl, M, shiny, tera:Water|100/100
|move|p2a: Torkoal|Will-O-Wisp|p1a: Garganacl
|-immune|p1a: Garganacl|[from] ability: Purifying Salt
|
|-weather|SunnyDay|[upkeep]
|upkeep
|turn|20
|
|t:|1758946809
|move|p1a: Garganacl|Salt Cure|p2a: Torkoal
|-supereffective|p2a: Torkoal
|-damage|p2a: Torkoal|21/100
|-start|p2a: Torkoal|Salt Cure
|move|p2a: Torkoal|Stealth Rock|p1a: Garganacl
|-sidestart|p1: RakinSestrrrr|move: Stealth Rock
|
|-weather|SunnyDay|[upkeep]
|-damage|p2a: Torkoal|8/100|[from] Salt Cure
|upkeep
|turn|21
|
|t:|1758946819
|move|p1a: Garganacl|Salt Cure|p2a: Torkoal
|-supereffective|p2a: Torkoal
|-damage|p2a: Torkoal|0 fnt
|faint|p2a: Torkoal
|
|-weather|SunnyDay|[upkeep]
|upkeep
|
|t:|1758946823
|switch|p2a: Great Tusk|Great Tusk|100/100
|-activate|p2a: Great Tusk|ability: Protosynthesis
|-start|p2a: Great Tusk|protosynthesisspe
|turn|22
|
|t:|1758946840
|move|p2a: Great Tusk|Bulk Up|p2a: Great Tusk
|-boost|p2a: Great Tusk|atk|1
|-boost|p2a: Great Tusk|def|1
|move|p1a: Garganacl|Salt Cure|p2a: Great Tusk
|-resisted|p2a: Great Tusk
|-damage|p2a: Great Tusk|99/100
|-start|p2a: Great Tusk|Salt Cure
|
|-weather|SunnyDay|[upkeep]
|-heal|p2a: Great Tusk|100/100|[from] item: Leftovers
|-damage|p2a: Great Tusk|88/100|[from] Salt Cure
|upkeep
|turn|23
|
|t:|1758946848
|move|p2a: Great Tusk|Stone Edge|p1a: Garganacl
|-damage|p1a: Garganacl|77/100
|move|p1a: Garganacl|Stealth Rock|p2a: Great Tusk
|-sidestart|p2: bmove|move: Stealth Rock
|
|-weather|none
|-end|p2a: Great Tusk|Protosynthesis
|-heal|p2a: Great Tusk|94/100|[from] item: Leftovers
|-heal|p1a: Garganacl|84/100|[from] item: Leftovers
|-damage|p2a: Great Tusk|82/100|[from] Salt Cure
|upkeep
|turn|24
|
|t:|1758946855
|move|p1a: Garganacl|Protect|p1a: Garganacl
|-singleturn|p1a: Garganacl|Protect
|move|p2a: Great Tusk|Play Rough|p1a: Garganacl
|-activate|p1a: Garganacl|move: Protect
|
|-heal|p2a: Great Tusk|88/100|[from] item: Leftovers
|-heal|p1a: Garganacl|90/100|[from] item: Leftovers
|-damage|p2a: Great Tusk|76/100|[from] Salt Cure
|upkeep
|turn|25
|
|t:|1758946864
|-end|p2a: Great Tusk|Protosynthesis|[silent]
|switch|p2a: Dragapult|Dragapult, M|100/100
|-damage|p2a: Dragapult|88/100|[from] Stealth Rock
|move|p1a: Garganacl|Salt Cure|p2a: Dragapult
|-damage|p2a: Dragapult|67/100
|-start|p2a: Dragapult|Salt Cure
|
|-heal|p1a: Garganacl|96/100|[from] item: Leftovers
|-damage|p2a: Dragapult|55/100|[from] Salt Cure
|upkeep
|turn|26
|
|t:|1758946874
|move|p1a: Garganacl|Protect|p1a: Garganacl
|-singleturn|p1a: Garganacl|Protect
|move|p2a: Dragapult|Shadow Ball|p1a: Garganacl
|-activate|p1a: Garganacl|move: Protect
|
|-heal|p1a: Garganacl|100/100|[from] item: Leftovers
|-damage|p2a: Dragapult|43/100|[from] Salt Cure
|upkeep
|turn|27
|
|t:|1758946882
|switch|p1a: Rillaboom|Rillaboom, F|28/100
|-damage|p1a: Rillaboom|16/100|[from] Stealth Rock
|-fieldstart|move: Grassy Terrain|[from] ability: Grassy Surge|[of] p1a: Rillaboom
|move|p2a: Dragapult|Shadow Ball|p1a: Rillaboom
|-damage|p1a: Rillaboom|0 fnt
|faint|p1a: Rillaboom
|-damage|p2a: Dragapult|33/100|[from] item: Life Orb
|
|-heal|p2a: Dragapult|39/100|[from] Grassy Terrain
|-damage|p2a: Dragapult|27/100|[from] Salt Cure
|upkeep
|
|t:|1758946889
|switch|p1a: Hitmonlee|Hitmonlee, M|100/100
|-damage|p1a: Hitmonlee|94/100|[from] Stealth Rock
|-enditem|p1a: Hitmonlee|Grassy Seed
|-boost|p1a: Hitmonlee|def|1|[from] item: Grassy Seed
|turn|28
|
|t:|1758946902
|move|p1a: Hitmonlee|Knock Off|p2a: Dragapult
|-supereffective|p2a: Dragapult
|-damage|p2a: Dragapult|0 fnt
|-enditem|p2a: Dragapult|Life Orb|[from] move: Knock Off|[of] p1a: Hitmonlee
|faint|p2a: Dragapult
|
|-heal|p1a: Hitmonlee|100/100|[from] Grassy Terrain
|upkeep
|
|t:|1758946915
|switch|p2a: Ursaluna|Ursaluna, M, shiny|100/100
|-damage|p2a: Ursaluna|94/100|[from] Stealth Rock
|turn|29
|
|t:|1758946921
|move|p1a: Hitmonlee|Close Combat|p2a: Ursaluna
|-supereffective|p2a: Ursaluna
|-damage|p2a: Ursaluna|0 fnt
|-unboost|p1a: Hitmonlee|def|1
|-unboost|p1a: Hitmonlee|spd|1
|faint|p2a: Ursaluna
|
|upkeep
|-message|bmove forfeited.
|
|win|RakinSestrrrr
|raw|RakinSestrrrr's rating: 1182 &rarr; <strong>1211</strong><br />(+29 for winning)
|raw|bmove's rating: 1242 &rarr; <strong>1213</strong><br />(-29 for losing)
|l|☆bmove
|player|p2|
|l|☆RakinSestrrrr
|player|p1|
