|j|☆Asurm
|j|☆Olamay
|t:|1759067413
|gametype|singles
|player|p1|Asurm|juggler|1069
|player|p2|Olamay|clown|1089
|gen|9
|tier|[Gen 9] OU
|rated|
|rule|HP Percentage Mod: HP is shown in percentages
|rule|Endless Battle Clause: Forcing endless battles is banned
|rule|Species Clause: Limit one of each Pokémon
|rule|OHKO Clause: OHKO moves are banned
|rule|Evasion Items Clause: Evasion items are banned
|rule|Evasion Moves Clause: Evasion moves are banned
|rule|Evasion Abilities Clause: Evasion abilities are banned
|rule|Sleep Moves Clause: Sleep-inducing moves are banned
|clearpoke
|poke|p1|Rotom|
|poke|p1|Meowscarada, M|
|poke|p1|Meowstic-F, F|
|poke|p1|Klefki, M|
|poke|p1|Glaceon, F|
|poke|p1|Gardevoir, F|
|poke|p2|Slowbro-Galar, M|
|poke|p2|Hoopa-Unbound|
|poke|p2|Iron Hands|
|poke|p2|Meowscarada, M|
|poke|p2|Primarina, F|
|poke|p2|Raging Bolt|
|teampreview
|inactive|Battle timer is ON: inactive players will automatically lose when time's up. (requested by Asurm)
|
|t:|1759067427
|teamsize|p1|6
|teamsize|p2|6
|start
|switch|p1a: Klefki|Klefki, M|100/100
|switch|p2a: Slowbro|Slowbro-Galar, M, shiny|100/100
|turn|1
|
|t:|1759067434
|move|p1a: Klefki|Reflect|p1a: Klefki
|-sidestart|p1: Asurm|Reflect
|move|p2a: Slowbro|Flamethrower|p1a: Klefki
|-supereffective|p1a: Klefki
|-damage|p1a: Klefki|39/100
|
|upkeep
|turn|2
|
|t:|1759067440
|move|p1a: Klefki|Light Screen|p1a: Klefki
|-sidestart|p1: Asurm|move: Light Screen
|move|p2a: Slowbro|Flamethrower|p1a: Klefki
|-supereffective|p1a: Klefki
|-damage|p1a: Klefki|8/100
|
|upkeep
|turn|3
|
|t:|1759067446
|move|p1a: Klefki|Foul Play|p2a: Slowbro
|-supereffective|p2a: Slowbro
|-damage|p2a: Slowbro|60/100
|move|p2a: Slowbro|Flamethrower|p1a: Klefki
|-supereffective|p1a: Klefki
|-damage|p1a: Klefki|0 fnt
|faint|p1a: Klefki
|
|upkeep
|
|t:|1759067449
|switch|p1a: Meowscarada|Meowscarada, M|100/100
|turn|4
|
|t:|1759067457
|move|p1a: Meowscarada|Thief|p2a: Slowbro
|-start|p1a: Meowscarada|typechange|Dark|[from] ability: Protean
|-supereffective|p2a: Slowbro
|-damage|p2a: Slowbro|2/100
|-enditem|p2a: Slowbro|Quick Claw|[silent]|[from] move: Thief|[of] p1a: Meowscarada
|-item|p1a: Meowscarada|Quick Claw|[from] move: Thief|[of] p2a: Slowbro
|move|p2a: Slowbro|Flamethrower|p1a: Meowscarada
|-crit|p1a: Meowscarada
|-damage|p1a: Meowscarada|37/100
|
|upkeep
|turn|5
|-activate|p1a: Meowscarada|item: Quick Claw
|
|t:|1759067474
|switch|p2a: Iron Hands|Iron Hands|100/100
|-enditem|p2a: Iron Hands|Booster Energy
|-activate|p2a: Iron Hands|ability: Quark Drive|[fromitem]
|-start|p2a: Iron Hands|quarkdriveatk
|move|p1a: Meowscarada|Flower Trick|p2a: Iron Hands
|-crit|p2a: Iron Hands
|-damage|p2a: Iron Hands|77/100
|
|-sideend|p1: Asurm|Reflect
|upkeep
|turn|6
|
|t:|1759067487
|move|p1a: Meowscarada|Play Rough|p2a: Iron Hands
|-supereffective|p2a: Iron Hands
|-damage|p2a: Iron Hands|37/100
|move|p2a: Iron Hands|Ice Punch|p1a: Meowscarada
|-damage|p1a: Meowscarada|0 fnt
|faint|p1a: Meowscarada
|
|-sideend|p1: Asurm|move: Light Screen
|upkeep
|
|t:|1759067490
|switch|p1a: Meowstic|Meowstic-F, F|100/100
|turn|7
|
|t:|1759067499
|move|p1a: Meowstic|Fake Out|p2a: Iron Hands
|-damage|p2a: Iron Hands|33/100
|cant|p2a: Iron Hands|flinch
|
|upkeep
|turn|8
|
|t:|1759067506
|move|p1a: Meowstic|Psychic|p2a: Iron Hands
|-supereffective|p2a: Iron Hands
|-damage|p2a: Iron Hands|0 fnt
|faint|p2a: Iron Hands
|-end|p2a: Iron Hands|Quark Drive|[silent]
|
|upkeep
|
|t:|1759067516
|switch|p2a: Primarina|Primarina, F, shiny|100/100
|turn|9
|
|t:|1759067524
|switch|p1a: Gardevoir|Gardevoir, F|100/100
|move|p2a: Primarina|Alluring Voice|p1a: Gardevoir
|-damage|p1a: Gardevoir|58/100
|
|upkeep
|turn|10
|
|t:|1759067531
|move|p1a: Gardevoir|Energy Ball|p2a: Primarina
|-supereffective|p2a: Primarina
|-damage|p2a: Primarina|61/100
|move|p2a: Primarina|Draining Kiss|p1a: Gardevoir
|-damage|p1a: Gardevoir|30/100
|-heal|p2a: Primarina|80/100|[from] drain|[of] p1a: Gardevoir
|
|upkeep
|turn|11
|
|t:|1759067540
|move|p1a: Gardevoir|Moonblast|p2a: Primarina
|-damage|p2a: Primarina|50/100
|move|p2a: Primarina|Draining Kiss|p1a: Gardevoir
|-damage|p1a: Gardevoir|4/100
|-heal|p2a: Primarina|67/100|[from] drain|[of] p1a: Gardevoir
|
|upkeep
|turn|12
|
|t:|1759067548
|move|p1a: Gardevoir|Energy Ball|p2a: Primarina
|-supereffective|p2a: Primarina
|-damage|p2a: Primarina|32/100
|-unboost|p2a: Primarina|spd|1
|move|p2a: Primarina|Draining Kiss|p1a: Gardevoir
|-damage|p1a: Gardevoir|0 fnt
|-heal|p2a: Primarina|34/100|[from] drain|[of] p1a: Gardevoir
|faint|p1a: Gardevoir
|
|upkeep
|
|t:|1759067551
|switch|p1a: Glaceon|Glaceon, F|100/100
|turn|13
|
|t:|1759067567
|switch|p2a: Raging Bolt|Raging Bolt|100/100
|-enditem|p2a: Raging Bolt|Booster Energy
|-activate|p2a: Raging Bolt|ability: Protosynthesis|[fromitem]
|-start|p2a: Raging Bolt|protosynthesisspa
|move|p1a: Glaceon|Freeze-Dry|p2a: Raging Bolt
|-supereffective|p2a: Raging Bolt
|-damage|p2a: Raging Bolt|38/100
|
|upkeep
|turn|14
|
|t:|1759067580
|-end|p2a: Raging Bolt|Protosynthesis|[silent]
|switch|p2a: Hoopa|Hoopa-Unbound|100/100
|move|p1a: Glaceon|Freeze-Dry|p2a: Hoopa
|-damage|p2a: Hoopa|70/100
|
|upkeep
|turn|15
|
|t:|1759067586
|switch|p1a: Rotom|Rotom|100/100
|move|p2a: Hoopa|Fire Punch|p1a: Rotom
|-damage|p1a: Rotom|47/100
|
|upkeep
|turn|16
|
|t:|1759067596
|move|p1a: Rotom|Thunder Wave|p2a: Hoopa
|-status|p2a: Hoopa|par
|move|p2a: Hoopa|Fire Punch|p1a: Rotom
|-damage|p1a: Rotom|0 fnt
|faint|p1a: Rotom
|
|upkeep
|
|t:|1759067601
|switch|p1a: Meowstic|Meowstic-F, F|100/100
|turn|17
|
|t:|1759067607
|move|p1a: Meowstic|Fake Out|p2a: Hoopa
|-damage|p2a: Hoopa|63/100 par
|cant|p2a: Hoopa|flinch
|
|upkeep
|turn|18
|
|t:|1759067613
|-terastallize|p1a: Meowstic|Ice
|move|p1a: Meowstic|Tera Blast|p2a: Hoopa|[anim] Tera Blast Ice
|-damage|p2a: Hoopa|36/100 par
|move|p2a: Hoopa|Hyperspace Fury|p1a: Meowstic
|-damage|p1a: Meowstic|20/100
|-unboost|p2a: Hoopa|def|1
|
|upkeep
|turn|19
|
|t:|1759067636
|move|p1a: Meowstic|Tera Blast|p2a: Hoopa|[anim] Tera Blast Ice
|-damage|p2a: Hoopa|8/100 par
|cant|p2a: Hoopa|par
|
|upkeep
|turn|20
|
|t:|1759067644
|move|p1a: Meowstic|Tera Blast|p2a: Hoopa|[anim] Tera Blast Ice
|-damage|p2a: Hoopa|0 fnt
|faint|p2a: Hoopa
|
|upkeep
|
|t:|1759067653
|switch|p2a: Slowbro|Slowbro-Galar, M, shiny|35/100
|turn|21
|
|t:|1759067658
|move|p1a: Meowstic|Shadow Ball|p2a: Slowbro
|-supereffective|p2a: Slowbro
|-damage|p2a: Slowbro|0 fnt
|faint|p2a: Slowbro
|
|upkeep
|
|t:|1759067664
|switch|p2a: Meowscarada|Meowscarada, M, shiny|100/100
|turn|22
|
|t:|1759067675
|move|p2a: Meowscarada|Play Rough|p1a: Meowstic
|-start|p2a: Meowscarada|typechange|Fairy|[from] ability: Protean
|-damage|p1a: Meowstic|0 fnt
|faint|p1a: Meowstic
|
|upkeep
|
|t:|1759067678
|switch|p1a: Glaceon|Glaceon, F|100/100
|turn|23
|
|t:|1759067689
|move|p2a: Meowscarada|Play Rough|p1a: Glaceon
|-damage|p1a: Glaceon|69/100
|move|p1a: Glaceon|Freeze-Dry|p2a: Meowscarada
|-damage|p2a: Meowscarada|45/100
|
|upkeep
|turn|24
|
|t:|1759067706
|move|p2a: Meowscarada|U-turn|p1a: Glaceon
|-damage|p1a: Glaceon|52/100
|
|t:|1759067711
|switch|p2a: Raging Bolt|Raging Bolt|38/100|[from] U-turn
|move|p1a: Glaceon|Freeze-Dry|p2a: Raging Bolt
|-supereffective|p2a: Raging Bolt
|-damage|p2a: Raging Bolt|0 fnt
|faint|p2a: Raging Bolt
|-end|p2a: Raging Bolt|Protosynthesis|[silent]
|
|upkeep
|
|t:|1759067719
|switch|p2a: Primarina|Primarina, F, shiny|34/100
|turn|25
|
|t:|1759067724
|move|p1a: Glaceon|Freeze-Dry|p2a: Primarina
|-supereffective|p2a: Primarina
|-damage|p2a: Primarina|0 fnt
|faint|p2a: Primarina
|
|upkeep
|
|t:|1759067730
|switch|p2a: Meowscarada|Meowscarada, M, shiny|45/100
|turn|26
|
|t:|1759067733
|move|p2a: Meowscarada|Play Rough|p1a: Glaceon
|-start|p2a: Meowscarada|typechange|Fairy|[from] ability: Protean
|-damage|p1a: Glaceon|18/100
|move|p1a: Glaceon|Freeze-Dry|p2a: Meowscarada
|-damage|p2a: Meowscarada|0 fnt
|faint|p2a: Meowscarada
|
|win|Asurm
|raw|Asurm's rating: 1069 &rarr; <strong>1100</strong><br />(+31 for winning)
|raw|Olamay's rating: 1089 &rarr; <strong>1064</strong><br />(-25 for losing)
|l|☆Olamay
|player|p2|
|l|☆Asurm
|player|p1|
