|j|☆almighty shiest
|j|☆ollierob1
|t:|1759003283
|gametype|singles
|player|p1|almighty shiest|alec-anime|1663
|player|p2|ollierob1|hoopster|1720
|gen|9
|tier|[Gen 9] OU
|rated|
|rule|HP Percentage Mod: HP is shown in percentages
|rule|Endless Battle Clause: Forcing endless battles is banned
|rule|Species Clause: Limit one of each Pokémon
|rule|OHKO Clause: OHKO moves are banned
|rule|Evasion Items Clause: Evasion items are banned
|rule|Evasion Moves Clause: Evasion moves are banned
|rule|Evasion Abilities Clause: Evasion abilities are banned
|rule|Sleep Moves Clause: Sleep-inducing moves are banned
|clearpoke
|poke|p1|Blaziken, M|
|poke|p1|Raging Bolt|
|poke|p1|Landorus-Therian, M|
|poke|p1|Pecharunt|
|poke|p1|Hatterene, F|
|poke|p1|Darkrai|
|poke|p2|Ninetales-Alola, M|
|poke|p2|Hatterene, F|
|poke|p2|Great Tusk|
|poke|p2|Ceruledge, M|
|poke|p2|Walking Wake|
|poke|p2|Moltres-Galar|
|teampreview
|inactive|Battle timer is ON: inactive players will automatically lose when time's up. (requested by almighty shiest)
|inactive|almighty shiest has 120 seconds left.
|inactive|ollierob1 has 120 seconds left.
|
|t:|1759003328
|teamsize|p1|6
|teamsize|p2|6
|start
|switch|p1a: Landorus|Landorus-Therian, M|100/100
|switch|p2a: Walking Wake|Walking Wake|100/100
|-ability|p1a: Landorus|Intimidate|boost
|-unboost|p2a: Walking Wake|atk|1
|-enditem|p2a: Walking Wake|Booster Energy
|-activate|p2a: Walking Wake|ability: Protosynthesis|[fromitem]
|-start|p2a: Walking Wake|protosynthesisspa
|turn|1
|
|t:|1759003338
|switch|p1a: Hatterene|Hatterene, F|100/100
|move|p2a: Walking Wake|Surf|p1a: Hatterene
|-damage|p1a: Hatterene|61/100
|
|upkeep
|turn|2
|
|t:|1759003352
|move|p2a: Walking Wake|Surf|p1a: Hatterene
|-damage|p1a: Hatterene|21/100
|move|p1a: Hatterene|Nuzzle|p2a: Walking Wake
|-damage|p2a: Walking Wake|97/100
|-status|p2a: Walking Wake|par
|
|upkeep
|turn|3
|
|t:|1759003359
|move|p2a: Walking Wake|Surf|p1a: Hatterene
|-damage|p1a: Hatterene|0 fnt
|faint|p1a: Hatterene
|
|upkeep
|
|t:|1759003365
|switch|p1a: Raging Bolt|Raging Bolt|100/100
|turn|4
|
|t:|1759003370
|-end|p2a: Walking Wake|Protosynthesis|[silent]
|switch|p2a: Hatterene|Hatterene, F|100/100
|move|p1a: Raging Bolt|Calm Mind|p1a: Raging Bolt
|-boost|p1a: Raging Bolt|spa|1
|-boost|p1a: Raging Bolt|spd|1
|
|upkeep
|turn|5
|
|t:|1759003379
|move|p1a: Raging Bolt|Thunderbolt|p2a: Hatterene
|-damage|p2a: Hatterene|22/100
|-status|p2a: Hatterene|par
|-enditem|p2a: Hatterene|Eject Button
|
|t:|1759003391
|switch|p2a: Ninetales|Ninetales-Alola, M|100/100
|-weather|Snowscape|[from] ability: Snow Warning|[of] p2a: Ninetales
|
|-weather|Snowscape|[upkeep]
|upkeep
|turn|6
|
|t:|1759003399
|move|p2a: Ninetales|Aurora Veil|p2a: Ninetales
|-sidestart|p2: ollierob1|move: Aurora Veil
|move|p1a: Raging Bolt|Thunderbolt|p2a: Ninetales
|-damage|p2a: Ninetales|63/100
|
|-weather|Snowscape|[upkeep]
|upkeep
|turn|7
|
|t:|1759003405
|move|p1a: Raging Bolt|Thunderbolt|p2a: Ninetales
|-damage|p2a: Ninetales|23/100
|move|p2a: Ninetales|Roar|p1a: Raging Bolt
|-end|p1a: Raging Bolt|Protosynthesis|[silent]
|drag|p1a: Pecharunt|Pecharunt|100/100
|-item|p1a: Pecharunt|Air Balloon
|
|-weather|Snowscape|[upkeep]
|upkeep
|turn|8
|
|t:|1759003413
|switch|p2a: Hatterene|Hatterene, F|22/100 par
|move|p1a: Pecharunt|Malignant Chain|p2a: Hatterene
|-supereffective|p2a: Hatterene
|-damage|p2a: Hatterene|0 fnt
|faint|p2a: Hatterene
|
|-weather|Snowscape|[upkeep]
|upkeep
|inactive|ollierob1 has 120 seconds left.
|
|t:|1759003456
|switch|p2a: Moltres|Moltres-Galar|100/100
|turn|9
|
|t:|1759003463
|move|p2a: Moltres|Nasty Plot|p2a: Moltres
|-boost|p2a: Moltres|spa|2
|move|p1a: Pecharunt|Malignant Chain|p2a: Moltres
|-damage|p2a: Moltres|90/100
|
|-weather|none
|upkeep
|turn|10
|
|t:|1759003479
|-terastallize|p1a: Pecharunt|Dark
|move|p2a: Moltres|Fiery Wrath|p1a: Pecharunt
|-resisted|p1a: Pecharunt
|-damage|p1a: Pecharunt|63/100
|-enditem|p1a: Pecharunt|Air Balloon
|move|p1a: Pecharunt|Malignant Chain|p2a: Moltres
|-damage|p2a: Moltres|79/100
|-status|p2a: Moltres|tox
|-start|p2a: Moltres|confusion|[from] ability: Poison Puppeteer|[of] p1a: Pecharunt
|
|-damage|p2a: Moltres|73/100 tox|[from] psn
|upkeep
|turn|11
|
|t:|1759003494
|-terastallize|p2a: Moltres|Fairy
|-activate|p2a: Moltres|confusion
|move|p2a: Moltres|Tera Blast|p1a: Pecharunt|[anim] Tera Blast Fairy
|-supereffective|p1a: Pecharunt
|-damage|p1a: Pecharunt|0 fnt
|faint|p1a: Pecharunt
|
|-damage|p2a: Moltres|61/100 tox|[from] psn
|upkeep
|
|t:|1759003502
|switch|p1a: Landorus|Landorus-Therian, M|100/100
|-ability|p1a: Landorus|Intimidate|boost
|-unboost|p2a: Moltres|atk|1
|turn|12
|
|t:|1759003520
|move|p1a: Landorus|Earthquake|p2a: Moltres
|-damage|p2a: Moltres|39/100 tox
|-ability|p2a: Moltres|Berserk|boost
|-boost|p2a: Moltres|spa|1
|-enditem|p2a: Moltres|Sitrus Berry|[eat]
|-heal|p2a: Moltres|64/100 tox|[from] item: Sitrus Berry
|-activate|p2a: Moltres|confusion
|move|p2a: Moltres|Fiery Wrath|p1a: Landorus
|-damage|p1a: Landorus|0 fnt
|faint|p1a: Landorus
|
|-damage|p2a: Moltres|45/100 tox|[from] psn
|upkeep
|
|t:|1759003534
|switch|p1a: Darkrai|Darkrai|100/100
|turn|13
|
|t:|1759003539
|move|p1a: Darkrai|Sludge Bomb|p2a: Moltres
|-supereffective|p2a: Moltres
|-damage|p2a: Moltres|23/100 tox
|-end|p2a: Moltres|confusion
|move|p2a: Moltres|Tera Blast|p1a: Darkrai|[anim] Tera Blast Fairy
|-supereffective|p1a: Darkrai
|-damage|p1a: Darkrai|0 fnt
|faint|p1a: Darkrai
|
|-damage|p2a: Moltres|0 fnt|[from] psn
|faint|p2a: Moltres
|-sideend|p2: ollierob1|move: Aurora Veil
|upkeep
|
|t:|1759003558
|switch|p1a: Blaziken|Blaziken, M, shiny|100/100
|switch|p2a: Ninetales|Ninetales-Alola, M|23/100
|-weather|Snowscape|[from] ability: Snow Warning|[of] p2a: Ninetales
|turn|14
|
|t:|1759003567
|move|p1a: Blaziken|Swords Dance|p1a: Blaziken
|-boost|p1a: Blaziken|atk|2
|move|p2a: Ninetales|Roar|p1a: Blaziken
|drag|p1a: Raging Bolt|Raging Bolt|100/100
|
|-weather|Snowscape|[upkeep]
|upkeep
|turn|15
|
|t:|1759003577
|move|p2a: Ninetales|Aurora Veil|p2a: Ninetales
|-sidestart|p2: ollierob1|move: Aurora Veil
|move|p1a: Raging Bolt|Calm Mind|p1a: Raging Bolt
|-boost|p1a: Raging Bolt|spa|1
|-boost|p1a: Raging Bolt|spd|1
|
|-weather|Snowscape|[upkeep]
|upkeep
|turn|16
|
|t:|1759003583
|move|p2a: Ninetales|Encore|p1a: Raging Bolt
|-start|p1a: Raging Bolt|Encore
|move|p1a: Raging Bolt|Calm Mind|p1a: Raging Bolt
|-boost|p1a: Raging Bolt|spa|1
|-boost|p1a: Raging Bolt|spd|1
|
|-weather|Snowscape|[upkeep]
|upkeep
|turn|17
|
|t:|1759003598
|switch|p2a: Great Tusk|Great Tusk|100/100
|-enditem|p2a: Great Tusk|Booster Energy
|-activate|p2a: Great Tusk|ability: Protosynthesis|[fromitem]
|-start|p2a: Great Tusk|protosynthesisspe
|move|p1a: Raging Bolt|Calm Mind|p1a: Raging Bolt
|-boost|p1a: Raging Bolt|spa|1
|-boost|p1a: Raging Bolt|spd|1
|
|-weather|Snowscape|[upkeep]
|upkeep
|turn|18
|
|t:|1759003609
|move|p2a: Great Tusk|Headlong Rush|p1a: Raging Bolt
|-supereffective|p1a: Raging Bolt
|-damage|p1a: Raging Bolt|8/100
|-unboost|p2a: Great Tusk|def|1
|-unboost|p2a: Great Tusk|spd|1
|move|p1a: Raging Bolt|Calm Mind|p1a: Raging Bolt
|-boost|p1a: Raging Bolt|spa|1
|-boost|p1a: Raging Bolt|spd|1
|
|-weather|none
|-heal|p1a: Raging Bolt|14/100|[from] item: Leftovers
|-end|p1a: Raging Bolt|Encore
|upkeep
|turn|19
|
|t:|1759003620
|move|p2a: Great Tusk|Headlong Rush|p1a: Raging Bolt
|-supereffective|p1a: Raging Bolt
|-damage|p1a: Raging Bolt|0 fnt
|-unboost|p2a: Great Tusk|def|1
|-unboost|p2a: Great Tusk|spd|1
|faint|p1a: Raging Bolt
|-end|p1a: Raging Bolt|Protosynthesis|[silent]
|
|upkeep
|
|t:|1759003625
|switch|p1a: Blaziken|Blaziken, M, shiny|100/100
|turn|20
|
|t:|1759003630
|move|p2a: Great Tusk|Headlong Rush|p1a: Blaziken
|-supereffective|p1a: Blaziken
|-damage|p1a: Blaziken|0 fnt
|-unboost|p2a: Great Tusk|def|1
|-unboost|p2a: Great Tusk|spd|1
|faint|p1a: Blaziken
|
|win|ollierob1
|raw|almighty shiest's rating: 1663 &rarr; <strong>1646</strong><br />(-17 for losing)
|raw|ollierob1's rating: 1720 &rarr; <strong>1737</strong><br />(+17 for winning)
|l|☆almighty shiest
|player|p1|
|l|☆ollierob1
|player|p2|
