|j|☆AnOriginalName3
|j|☆Ceeds1
|t:|1759027257
|gametype|singles
|player|p1|AnOriginalName3|265|1504
|player|p2|Ceeds1|265|1609
|gen|9
|tier|[Gen 9] OU
|rated|
|rule|HP Percentage Mod: HP is shown in percentages
|rule|Endless Battle Clause: Forcing endless battles is banned
|rule|Species Clause: Limit one of each Pokémon
|rule|OHKO Clause: OHKO moves are banned
|rule|Evasion Items Clause: Evasion items are banned
|rule|Evasion Moves Clause: Evasion moves are banned
|rule|Evasion Abilities Clause: Evasion abilities are banned
|rule|Sleep Moves Clause: Sleep-inducing moves are banned
|clearpoke
|poke|p1|Araquanid, F|
|poke|p1|Electivire, M|
|poke|p1|Ceruledge, F|
|poke|p1|Great Tusk|
|poke|p1|Rillaboom, F|
|poke|p1|Bellossom, F|
|poke|p2|Zamazenta-*|
|poke|p2|Iron Treads|
|poke|p2|Darkrai|
|poke|p2|Moltres|
|poke|p2|Enamorus, F|
|poke|p2|Raging Bolt|
|teampreview
|j| sarcasticcheese17
|
|t:|1759027279
|teamsize|p1|6
|teamsize|p2|6
|start
|switch|p1a: Araquanid|Araquanid, F|100/100
|switch|p2a: Raging Bolt|Raging Bolt|100/100
|turn|1
|
|t:|1759027286
|move|p1a: Araquanid|Endure|p1a: Araquanid
|-singleturn|p1a: Araquanid|move: Endure
|move|p2a: Raging Bolt|Thunderbolt|p1a: Araquanid
|-supereffective|p1a: Araquanid
|-activate|p1a: Araquanid|move: Endure
|-damage|p1a: Araquanid|1/100
|
|upkeep
|turn|2
|-enditem|p1a: Araquanid|Custap Berry|[eat]
|-activate|p1a: Araquanid|item: Custap Berry|[consumed]
|
|t:|1759027298
|move|p1a: Araquanid|Sticky Web|p2a: Raging Bolt
|-sidestart|p2: Ceeds1|move: Sticky Web
|move|p2a: Raging Bolt|Thunderbolt|p1a: Araquanid
|-supereffective|p1a: Araquanid
|-damage|p1a: Araquanid|0 fnt
|faint|p1a: Araquanid
|
|upkeep
|
|t:|1759027300
|switch|p1a: Electivire|Electivire, M|100/100
|turn|3
|
|t:|1759027308
|-end|p2a: Raging Bolt|Protosynthesis|[silent]
|switch|p2a: Zamazenta|Zamazenta|100/100
|-activate|p2a: Zamazenta|move: Sticky Web
|-unboost|p2a: Zamazenta|spe|1
|-ability|p2a: Zamazenta|Dauntless Shield|boost
|-boost|p2a: Zamazenta|def|1
|-terastallize|p1a: Electivire|Fairy
|move|p1a: Electivire|Bulk Up|p1a: Electivire
|-boost|p1a: Electivire|atk|1
|-boost|p1a: Electivire|def|1
|
|upkeep
|turn|4
|
|t:|1759027312
|move|p1a: Electivire|Taunt|p2a: Zamazenta
|-start|p2a: Zamazenta|move: Taunt
|cant|p2a: Zamazenta|move: Taunt|Roar
|
|upkeep
|turn|5
|
|t:|1759027320
|switch|p2a: Iron Treads|Iron Treads|100/100
|-activate|p2a: Iron Treads|move: Sticky Web
|-unboost|p2a: Iron Treads|spe|1
|move|p1a: Electivire|Bulk Up|p1a: Electivire
|-boost|p1a: Electivire|atk|1
|-boost|p1a: Electivire|def|1
|
|upkeep
|turn|6
|
|t:|1759027326
|move|p1a: Electivire|Trailblaze|p2a: Iron Treads
|-damage|p2a: Iron Treads|81/100
|-boost|p1a: Electivire|spe|1
|move|p2a: Iron Treads|Rapid Spin|p1a: Electivire
|-damage|p1a: Electivire|92/100
|-boost|p2a: Iron Treads|spe|1
|-sideend|p2: Ceeds1|Sticky Web|[from] move: Rapid Spin|[of] p2a: Iron Treads
|
|-heal|p2a: Iron Treads|87/100|[from] item: Leftovers
|upkeep
|turn|7
|
|t:|1759027337
|-end|p2a: Iron Treads|Quark Drive|[silent]
|switch|p2a: Moltres|Moltres|100/100
|move|p1a: Electivire|Trailblaze|p2a: Moltres
|-resisted|p2a: Moltres
|-damage|p2a: Moltres|96/100
|-boost|p1a: Electivire|spe|1
|-status|p1a: Electivire|brn|[from] ability: Flame Body|[of] p2a: Moltres
|
|-damage|p1a: Electivire|86/100 brn|[from] brn
|upkeep
|turn|8
|
|t:|1759027358
|switch|p2a: Zamazenta|Zamazenta|100/100
|move|p1a: Electivire|Taunt|p2a: Zamazenta
|-start|p2a: Zamazenta|move: Taunt
|
|-damage|p1a: Electivire|79/100 brn|[from] brn
|upkeep
|turn|9
|
|t:|1759027373
|switch|p2a: Iron Treads|Iron Treads|87/100
|move|p1a: Electivire|Supercell Slam|p2a: Iron Treads
|-immune|p2a: Iron Treads
|-damage|p1a: Electivire|29/100 brn|[from] supercellslam
|
|-heal|p2a: Iron Treads|93/100|[from] item: Leftovers
|-damage|p1a: Electivire|23/100 brn|[from] brn
|upkeep
|turn|10
|
|t:|1759027380
|move|p1a: Electivire|Supercell Slam|p2a: Iron Treads
|-immune|p2a: Iron Treads
|-damage|p1a: Electivire|0 fnt|[from] supercellslam
|faint|p1a: Electivire
|move|p2a: Iron Treads|Earthquake|p1: Electivire|[notarget]
|-fail|p2a: Iron Treads
|
|-heal|p2a: Iron Treads|99/100|[from] item: Leftovers
|upkeep
|
|t:|1759027386
|switch|p1a: Bellossom|Bellossom, F|100/100
|turn|11
|
|t:|1759027400
|-end|p2a: Iron Treads|Quark Drive|[silent]
|switch|p2a: Zamazenta|Zamazenta|100/100
|move|p1a: Bellossom|Quiver Dance|p1a: Bellossom
|-boost|p1a: Bellossom|spa|1
|-boost|p1a: Bellossom|spd|1
|-boost|p1a: Bellossom|spe|1
|
|upkeep
|turn|12
|
|t:|1759027406
|move|p1a: Bellossom|Quiver Dance|p1a: Bellossom
|-boost|p1a: Bellossom|spa|1
|-boost|p1a: Bellossom|spd|1
|-boost|p1a: Bellossom|spe|1
|move|p2a: Zamazenta|Roar|p1a: Bellossom
|drag|p1a: Ceruledge|Ceruledge, F|100/100
|
|upkeep
|turn|13
|
|t:|1759027413
|switch|p2a: Raging Bolt|Raging Bolt|100/100
|move|p1a: Ceruledge|Taunt|p2a: Raging Bolt
|-start|p2a: Raging Bolt|move: Taunt
|
|upkeep
|turn|14
|
|t:|1759027418
|switch|p1a: Bellossom|Bellossom, F|100/100
|move|p2a: Raging Bolt|Draco Meteor|p1a: Bellossom
|-damage|p1a: Bellossom|0 fnt
|-unboost|p2a: Raging Bolt|spa|2
|faint|p1a: Bellossom
|
|upkeep
|
|t:|1759027422
|switch|p1a: Rillaboom|Rillaboom, F|100/100
|-fieldstart|move: Grassy Terrain|[from] ability: Grassy Surge|[of] p1a: Rillaboom
|turn|15
|
|t:|1759027429
|-end|p2a: Raging Bolt|Protosynthesis|[silent]
|switch|p2a: Moltres|Moltres|96/100
|move|p1a: Rillaboom|U-turn|p2a: Moltres
|-resisted|p2a: Moltres
|-crit|p2a: Moltres
|-damage|p2a: Moltres|90/100
|
|t:|1759027433
|switch|p1a: Ceruledge|Ceruledge, F|100/100|[from] U-turn
|
|upkeep
|turn|16
|l| sarcasticcheese17
|
|t:|1759027443
|switch|p2a: Darkrai|Darkrai|100/100
|move|p1a: Ceruledge|Taunt|p2a: Darkrai
|-start|p2a: Darkrai|move: Taunt
|
|upkeep
|turn|17
|
|t:|1759027446
|switch|p1a: Rillaboom|Rillaboom, F|100/100
|move|p2a: Darkrai|Dark Pulse|p1a: Rillaboom
|-damage|p1a: Rillaboom|47/100
|
|-heal|p1a: Rillaboom|53/100|[from] Grassy Terrain
|upkeep
|turn|18
|
|t:|1759027454
|move|p2a: Darkrai|Ice Beam|p1a: Rillaboom
|-supereffective|p1a: Rillaboom
|-damage|p1a: Rillaboom|0 fnt
|faint|p1a: Rillaboom
|
|-end|p2a: Darkrai|move: Taunt
|upkeep
|-message|AnOriginalName3 forfeited.
|
|win|Ceeds1
|raw|AnOriginalName3's rating: 1504 &rarr; <strong>1490</strong><br />(-14 for losing)
|raw|Ceeds1's rating: 1609 &rarr; <strong>1623</strong><br />(+14 for winning)
|l|☆AnOriginalName3
|player|p1|
|l|☆Ceeds1
|player|p2|
