|j|☆B34B4D00B33
|j|☆werearewe
|t:|1758987570
|gametype|singles
|player|p1|B34B4D00B33|furisodegirl-white|1406
|player|p2|werearewe|266|1371
|gen|9
|tier|[Gen 9] OU
|rated|
|rule|HP Percentage Mod: HP is shown in percentages
|rule|Endless Battle Clause: Forcing endless battles is banned
|rule|Species Clause: Limit one of each Pokémon
|rule|OHKO Clause: OHKO moves are banned
|rule|Evasion Items Clause: Evasion items are banned
|rule|Evasion Moves Clause: Evasion moves are banned
|rule|Evasion Abilities Clause: Evasion abilities are banned
|rule|Sleep Moves Clause: Sleep-inducing moves are banned
|clearpoke
|poke|p1|Hoopa-Unbound|
|poke|p1|Enamorus, F|
|poke|p1|Garchomp, M|
|poke|p1|Pecharunt|
|poke|p1|Hatterene, F|
|poke|p1|Kingambit, F|
|poke|p2|Ribombee, F|
|poke|p2|Cinderace, M|
|poke|p2|Ogerpon, F|
|poke|p2|Milotic, M|
|poke|p2|Kingambit, M|
|poke|p2|Serperior, F|
|teampreview
|inactive|Battle timer is ON: inactive players will automatically lose when time's up. (requested by B34B4D00B33)
|
|t:|1758987629
|teamsize|p1|6
|teamsize|p2|6
|start
|switch|p1a: Hatterene|Hatterene, F|100/100
|switch|p2a: Ribombee|Ribombee, F|100/100
|turn|1
|
|t:|1758987635
|move|p2a: Ribombee|Sticky Web|p1a: Hatterene
|move|p1a: Hatterene|Sticky Web|p2a: Ribombee|[from] ability: Magic Bounce
|-sidestart|p2: werearewe|move: Sticky Web
|move|p1a: Hatterene|Nuzzle|p2a: Ribombee
|-damage|p2a: Ribombee|93/100
|
|upkeep
|turn|2
|
|t:|1758987643
|move|p2a: Ribombee|Moonblast|p1a: Hatterene
|-damage|p1a: Hatterene|75/100
|-unboost|p1a: Hatterene|spa|1
|move|p1a: Hatterene|Mystical Fire|p2a: Ribombee
|-supereffective|p2a: Ribombee
|-damage|p2a: Ribombee|38/100
|
|upkeep
|turn|3
|
|t:|1758987650
|move|p2a: Ribombee|U-turn|p1a: Hatterene
|-damage|p1a: Hatterene|62/100
|
|t:|1758987652
|switch|p2a: Milotic|Milotic, M|100/100|[from] U-turn
|-activate|p2a: Milotic|move: Sticky Web
|-unboost|p2a: Milotic|spe|1
|-ability|p2a: Milotic|Competitive|boost
|-boost|p2a: Milotic|spa|2
|move|p1a: Hatterene|Psyshock|p2a: Milotic
|-damage|p2a: Milotic|73/100
|
|upkeep
|turn|4
|
|t:|1758987656
|move|p2a: Milotic|Scald|p1a: Hatterene
|-damage|p1a: Hatterene|9/100
|-status|p1a: Hatterene|brn
|move|p1a: Hatterene|Nuzzle|p2a: Milotic
|-supereffective|p2a: Milotic
|-damage|p2a: Milotic|69/100
|-status|p2a: Milotic|par
|
|-damage|p1a: Hatterene|3/100 brn|[from] brn
|upkeep
|turn|5
|
|t:|1758987660
|move|p1a: Hatterene|Psyshock|p2a: Milotic
|-damage|p2a: Milotic|42/100 par
|move|p2a: Milotic|Draining Kiss|p1a: Hatterene
|-damage|p1a: Hatterene|0 fnt
|-heal|p2a: Milotic|44/100 par|[from] drain|[of] p1a: Hatterene
|faint|p1a: Hatterene
|
|upkeep
|
|t:|1758987662
|switch|p1a: Hoopa|Hoopa-Unbound|100/100
|turn|6
|
|t:|1758987667
|move|p1a: Hoopa|Knock Off|p2a: Milotic
|-damage|p2a: Milotic|0 fnt
|-enditem|p2a: Milotic|Assault Vest|[from] move: Knock Off|[of] p1a: Hoopa
|faint|p2a: Milotic
|
|upkeep
|
|t:|1758987676
|switch|p2a: Kingambit|Kingambit, M|100/100
|-activate|p2a: Kingambit|move: Sticky Web
|-unboost|p2a: Kingambit|spe|1
|-ability|p2a: Kingambit|Defiant|boost
|-boost|p2a: Kingambit|atk|2
|turn|7
|
|t:|1758987680
|switch|p1a: Garchomp|Garchomp, M|100/100
|move|p2a: Kingambit|Kowtow Cleave|p1a: Garchomp
|-damage|p1a: Garchomp|34/100
|-damage|p2a: Kingambit|88/100|[from] ability: Rough Skin|[of] p1a: Garchomp
|-damage|p2a: Kingambit|71/100|[from] item: Rocky Helmet|[of] p1a: Garchomp
|
|upkeep
|turn|8
|inactive|werearewe has 120 seconds left.
|
|t:|1758987725
|move|p2a: Kingambit|Sucker Punch|p1a: Garchomp
|-damage|p1a: Garchomp|0 fnt
|-damage|p2a: Kingambit|59/100|[from] ability: Rough Skin|[of] p1a: Garchomp
|-damage|p2a: Kingambit|42/100|[from] item: Rocky Helmet|[of] p1a: Garchomp
|faint|p1a: Garchomp
|
|upkeep
|
|t:|1758987734
|switch|p1a: Enamorus|Enamorus, F|100/100
|turn|9
|inactive|werearewe has 120 seconds left.
|
|t:|1758987757
|move|p1a: Enamorus|Moonblast|p2a: Kingambit
|-damage|p2a: Kingambit|10/100
|-unboost|p2a: Kingambit|spa|1
|-ability|p2a: Kingambit|Defiant|boost
|-boost|p2a: Kingambit|atk|2
|move|p2a: Kingambit|Iron Head|p1a: Enamorus
|-supereffective|p1a: Enamorus
|-damage|p1a: Enamorus|0 fnt
|faint|p1a: Enamorus
|
|upkeep
|
|t:|1758987762
|switch|p1a: Kingambit|Kingambit, F|100/100
|-activate|p1a: Kingambit|ability: Supreme Overlord
|-start|p1a: Kingambit|fallen3|[silent]
|turn|10
|
|t:|1758987765
|move|p1a: Kingambit|Sucker Punch|p2a: Kingambit
|-resisted|p2a: Kingambit
|-damage|p2a: Kingambit|0 fnt
|faint|p2a: Kingambit
|
|upkeep
|inactive|werearewe has 120 seconds left.
|
|t:|1758987770
|switch|p2a: Cinderace|Cinderace, M|100/100
|turn|11
|
|t:|1758987773
|-end|p1a: Kingambit|fallen3|[silent]
|switch|p1a: Pecharunt|Pecharunt|100/100
|move|p2a: Cinderace|Will-O-Wisp|p1a: Pecharunt
|-status|p1a: Pecharunt|brn
|
|-damage|p1a: Pecharunt|94/100 brn|[from] brn
|upkeep
|turn|12
|
|t:|1758987776
|move|p2a: Cinderace|U-turn|p1a: Pecharunt
|-resisted|p1a: Pecharunt
|-crit|p1a: Pecharunt
|-damage|p1a: Pecharunt|90/100 brn
|
|t:|1758987779
|switch|p2a: Ribombee|Ribombee, F|38/100|[from] U-turn
|-activate|p2a: Ribombee|move: Sticky Web
|-unboost|p2a: Ribombee|spe|1
|move|p1a: Pecharunt|Malignant Chain|p2a: Ribombee
|-supereffective|p2a: Ribombee
|-damage|p2a: Ribombee|0 fnt
|faint|p2a: Ribombee
|
|-damage|p1a: Pecharunt|84/100 brn|[from] brn
|upkeep
|
|t:|1758987787
|switch|p2a: Ogerpon|Ogerpon, F|100/100
|-activate|p2a: Ogerpon|move: Sticky Web
|-unboost|p2a: Ogerpon|spe|1
|-ability|p2a: Ogerpon|Defiant|boost
|-boost|p2a: Ogerpon|atk|2
|-enditem|p2a: Ogerpon|White Herb
|-clearnegativeboost|p2a: Ogerpon|[silent]
|turn|13
|
|t:|1758987799
|switch|p1a: Hoopa|Hoopa-Unbound|100/100
|move|p2a: Ogerpon|Knock Off|p1a: Hoopa
|-damage|p1a: Hoopa|0 fnt
|-enditem|p1a: Hoopa|Choice Band|[from] move: Knock Off|[of] p2a: Ogerpon
|faint|p1a: Hoopa
|
|upkeep
|inactive|B34B4D00B33 has 120 seconds left.
|
|t:|1758987833
|switch|p1a: Pecharunt|Pecharunt|84/100 brn
|turn|14
|
|t:|1758987846
|move|p2a: Ogerpon|Knock Off|p1a: Pecharunt
|-supereffective|p1a: Pecharunt
|-damage|p1a: Pecharunt|3/100 brn
|-enditem|p1a: Pecharunt|Shuca Berry|[from] move: Knock Off|[of] p2a: Ogerpon
|move|p1a: Pecharunt|Malignant Chain|p2a: Ogerpon
|-supereffective|p2a: Ogerpon
|-damage|p2a: Ogerpon|23/100
|-status|p2a: Ogerpon|tox
|-start|p2a: Ogerpon|confusion|[from] ability: Poison Puppeteer|[of] p1a: Pecharunt
|
|-damage|p2a: Ogerpon|17/100 tox|[from] psn
|-damage|p1a: Pecharunt|0 fnt|[from] brn
|faint|p1a: Pecharunt
|upkeep
|
|t:|1758987852
|switch|p1a: Kingambit|Kingambit, F|100/100
|-activate|p1a: Kingambit|ability: Supreme Overlord
|-start|p1a: Kingambit|fallen5|[silent]
|turn|15
|
|t:|1758987856
|move|p1a: Kingambit|Sucker Punch||[still]
|-fail|p1a: Kingambit
|-activate|p2a: Ogerpon|confusion
|-damage|p2a: Ogerpon|0 fnt|[from] confusion
|faint|p2a: Ogerpon
|
|upkeep
|
|t:|1758987861
|switch|p2a: Serperior|Serperior, F|100/100
|-activate|p2a: Serperior|move: Sticky Web
|-boost|p2a: Serperior|spe|1
|turn|16
|
|t:|1758987867
|move|p2a: Serperior|Glare|p1a: Kingambit
|-status|p1a: Kingambit|par
|-enditem|p1a: Kingambit|Lum Berry|[eat]
|-curestatus|p1a: Kingambit|par|[msg]
|move|p1a: Kingambit|Swords Dance|p1a: Kingambit
|-boost|p1a: Kingambit|atk|2
|
|upkeep
|turn|17
|inactive|B34B4D00B33 has 120 seconds left.
|
|t:|1758987906
|move|p2a: Serperior|Glare|p1a: Kingambit
|-status|p1a: Kingambit|par
|move|p1a: Kingambit|Swords Dance|p1a: Kingambit
|-boost|p1a: Kingambit|atk|2
|
|upkeep
|turn|18
|inactive|B34B4D00B33 has 120 seconds left.
|inactive|werearewe has 120 seconds left.
|
|t:|1758987942
|move|p2a: Serperior|Leaf Storm|p1a: Kingambit
|-resisted|p1a: Kingambit
|-damage|p1a: Kingambit|72/100 par
|-boost|p2a: Serperior|spa|2
|move|p1a: Kingambit|Kowtow Cleave|p2a: Serperior
|-damage|p2a: Serperior|0 fnt
|faint|p2a: Serperior
|
|upkeep
|
|t:|1758987945
|switch|p2a: Cinderace|Cinderace, M|100/100
|turn|19
|
|t:|1758987953
|-terastallize|p1a: Kingambit|Ghost
|move|p2a: Cinderace|Court Change|p2a: Cinderace
|-swapsideconditions
|-activate|p2a: Cinderace|move: Court Change
|move|p1a: Kingambit|Kowtow Cleave|p2a: Cinderace
|-damage|p2a: Cinderace|0 fnt
|faint|p2a: Cinderace
|
|win|B34B4D00B33
|raw|B34B4D00B33's rating: 1406 &rarr; <strong>1426</strong><br />(+20 for winning)
|raw|werearewe's rating: 1411 &rarr; <strong>1391</strong><br />(-20 for losing)
|l|☆werearewe
|player|p2|
