|j|☆PG Spectating
|j|☆Kira The Cleanser
|t:|1759012641
|gametype|singles
|player|p1|PG Spectating|yancy|
|player|p2|Kira The Cleanser|melony|
|gen|9
|tier|[Gen 9] OU
|rule|HP Percentage Mod: HP is shown in percentages
|rule|Endless Battle Clause: Forcing endless battles is banned
|rule|Species Clause: Limit one of each Pokémon
|rule|OHKO Clause: OHKO moves are banned
|rule|Evasion Items Clause: Evasion items are banned
|rule|Evasion Moves Clause: Evasion moves are banned
|rule|Evasion Abilities Clause: Evasion abilities are banned
|rule|Sleep Moves Clause: Sleep-inducing moves are banned
|clearpoke
|poke|p1|Pecharunt|
|poke|p1|Darkrai|
|poke|p1|Zapdos|
|poke|p1|Zamazenta-*|
|poke|p1|Gholdengo|
|poke|p1|Ceruledge, M|
|poke|p2|Hoopa-Unbound|
|poke|p2|Slowking-Galar, F|
|poke|p2|Alomomola, F|
|poke|p2|Zamazenta-*|
|poke|p2|Great Tusk|
|poke|p2|Kingambit, F|
|teampreview
|c|☆Kira The Cleanser|here ima test a core i was thinking
|
|t:|1759012667
|teamsize|p1|6
|teamsize|p2|6
|start
|switch|p1a: Zapdos|Zapdos|100/100
|switch|p2a: Great Tusk|Great Tusk|100/100
|turn|1
|
|t:|1759012671
|move|p2a: Great Tusk|Stealth Rock|p1a: Zapdos
|-sidestart|p1: PG Spectating|move: Stealth Rock
|move|p1a: Zapdos|Thunder Wave|p2a: Great Tusk
|-immune|p2a: Great Tusk
|
|upkeep
|turn|2
|j| Honourial
|
|t:|1759012688
|move|p2a: Great Tusk|Ice Spinner|p1a: Zapdos
|-supereffective|p1a: Zapdos
|-damage|p1a: Zapdos|60/100
|move|p1a: Zapdos|Hurricane|p2a: Great Tusk
|-supereffective|p2a: Great Tusk
|-damage|p2a: Great Tusk|0 fnt
|faint|p2a: Great Tusk
|-end|p2a: Great Tusk|Protosynthesis|[silent]
|
|upkeep
|
|t:|1759012695
|switch|p2a: Slowking|Slowking-Galar, F|100/100
|turn|3
|
|t:|1759012719
|move|p1a: Zapdos|Thunder Wave|p2a: Slowking
|-status|p2a: Slowking|par
|cant|p2a: Slowking|par
|
|upkeep
|turn|4
|j| fulls
|
|t:|1759012722
|move|p1a: Zapdos|Roost|p1a: Zapdos
|-heal|p1a: Zapdos|100/100
|-singleturn|p1a: Zapdos|move: Roost
|cant|p2a: Slowking|par
|
|upkeep
|turn|5
|
|t:|1759012727
|move|p1a: Zapdos|Volt Switch|p2a: Slowking
|-damage|p2a: Slowking|83/100 par
|
|t:|1759012729
|switch|p1a: Darkrai|Darkrai|100/100|[from] Volt Switch
|-prepare|p2a: Slowking|Chilly Reception|[premajor]
|move|p2a: Slowking|Chilly Reception|p2a: Slowking
|-weather|Snowscape
|
|t:|1759012732
|switch|p2a: Zamazenta|Zamazenta|100/100|[from] Chilly Reception
|-ability|p2a: Zamazenta|Dauntless Shield|boost
|-boost|p2a: Zamazenta|def|1
|
|-weather|Snowscape|[upkeep]
|upkeep
|turn|6
|
|t:|1759012737
|switch|p1a: Gholdengo|Gholdengo|100/100
|-damage|p1a: Gholdengo|94/100|[from] Stealth Rock
|-item|p1a: Gholdengo|Air Balloon
|move|p2a: Zamazenta|Iron Defense|p2a: Zamazenta
|-boost|p2a: Zamazenta|def|2
|
|-weather|Snowscape|[upkeep]
|upkeep
|turn|7
|
|t:|1759012742
|move|p2a: Zamazenta|Crunch|p1a: Gholdengo
|-supereffective|p1a: Gholdengo
|-damage|p1a: Gholdengo|49/100
|-unboost|p1a: Gholdengo|def|1
|-enditem|p1a: Gholdengo|Air Balloon
|move|p1a: Gholdengo|Nasty Plot|p1a: Gholdengo
|-boost|p1a: Gholdengo|spa|2
|
|-weather|Snowscape|[upkeep]
|upkeep
|turn|8
|
|t:|1759012747
|-terastallize|p1a: Gholdengo|Steel
|move|p2a: Zamazenta|Crunch|p1a: Gholdengo
|-damage|p1a: Gholdengo|14/100
|move|p1a: Gholdengo|Make It Rain|p2a: Zamazenta
|-damage|p2a: Zamazenta|0 fnt
|-unboost|p1a: Gholdengo|spa|1
|faint|p2a: Zamazenta
|
|-weather|Snowscape|[upkeep]
|upkeep
|
|t:|1759012750
|switch|p2a: Alomomola|Alomomola, F|100/100
|turn|9
|
|t:|1759012753
|move|p1a: Gholdengo|Recover|p1a: Gholdengo
|-heal|p1a: Gholdengo|64/100
|move|p2a: Alomomola|Bounce||[still]
|-prepare|p2a: Alomomola|Bounce
|
|-weather|none
|upkeep
|turn|10
|
|t:|1759012757
|move|p1a: Gholdengo|Recover|p1a: Gholdengo
|-heal|p1a: Gholdengo|100/100
|move|p2a: Alomomola|Bounce|p1a: Gholdengo|[from] lockedmove
|-resisted|p1a: Gholdengo
|-damage|p1a: Gholdengo|87/100
|-status|p1a: Gholdengo|par
|
|upkeep
|turn|11
|
|t:|1759012765
|move|p2a: Alomomola|Protect|p2a: Alomomola
|-singleturn|p2a: Alomomola|Protect
|cant|p1a: Gholdengo|par
|
|upkeep
|turn|12
|
|t:|1759012772
|switch|p1a: Zapdos|Zapdos|100/100
|move|p2a: Alomomola|Wish|p2a: Alomomola
|
|upkeep
|turn|13
|
|t:|1759012779
|switch|p2a: Hoopa|Hoopa-Unbound|100/100
|move|p1a: Zapdos|Thunder Wave|p2a: Hoopa
|-status|p2a: Hoopa|par
|
|upkeep
|turn|14
|
|t:|1759012783
|-terastallize|p2a: Hoopa|Dark
|move|p1a: Zapdos|Volt Switch|p2a: Hoopa
|-damage|p2a: Hoopa|74/100 par
|
|t:|1759012787
|switch|p1a: Zamazenta|Zamazenta|100/100|[from] Volt Switch
|-ability|p1a: Zamazenta|Dauntless Shield|boost
|-boost|p1a: Zamazenta|def|1
|move|p2a: Hoopa|Hyperspace Fury|p1a: Zamazenta
|-resisted|p1a: Zamazenta
|-damage|p1a: Zamazenta|62/100
|-unboost|p2a: Hoopa|def|1
|
|upkeep
|turn|15
|
|t:|1759012794
|switch|p2a: Slowking|Slowking-Galar, F|100/100 par
|move|p1a: Zamazenta|Crunch|p2a: Slowking
|-supereffective|p2a: Slowking
|-damage|p2a: Slowking|48/100 par
|-unboost|p2a: Slowking|def|1
|
|upkeep
|turn|16
|
|t:|1759012798
|move|p1a: Zamazenta|Crunch|p2a: Slowking
|-supereffective|p2a: Slowking
|-damage|p2a: Slowking|0 fnt
|faint|p2a: Slowking
|
|upkeep
|
|t:|1759012800
|switch|p2a: Alomomola|Alomomola, F|100/100
|turn|17
|
|t:|1759012802
|switch|p1a: Zapdos|Zapdos|100/100
|move|p2a: Alomomola|Bounce||[still]
|-prepare|p2a: Alomomola|Bounce
|
|upkeep
|turn|18
|
|t:|1759012807
|move|p1a: Zapdos|Hurricane|p2a: Alomomola
|-damage|p2a: Alomomola|61/100
|move|p2a: Alomomola|Bounce|p1a: Zapdos|[from] lockedmove
|-resisted|p1a: Zapdos
|-damage|p1a: Zapdos|95/100
|-status|p2a: Alomomola|par|[from] ability: Static|[of] p1a: Zapdos
|
|upkeep
|turn|19
|
|t:|1759012810
|move|p2a: Alomomola|Protect|p2a: Alomomola
|-singleturn|p2a: Alomomola|Protect
|move|p1a: Zapdos|Volt Switch|p2a: Alomomola
|-activate|p2a: Alomomola|move: Protect
|
|upkeep
|turn|20
|
|t:|1759012819
|move|p1a: Zapdos|Volt Switch|p2a: Alomomola
|-supereffective|p2a: Alomomola
|-damage|p2a: Alomomola|13/100 par
|c|☆Kira The Cleanser|lol
|
|t:|1759012829
|switch|p1a: Ceruledge|Ceruledge, M|100/100|[from] Volt Switch
|move|p2a: Alomomola|Wish|p2a: Alomomola
|
|upkeep
|turn|21
|c|☆Kira The Cleanser|should i delete this team
|
|t:|1759012837
|switch|p2a: Hoopa|Hoopa-Unbound, tera:Dark|74/100 par
|move|p1a: Ceruledge|Bulk Up|p1a: Ceruledge
|-boost|p1a: Ceruledge|atk|1
|-boost|p1a: Ceruledge|def|1
|
|-heal|p2a: Hoopa|100/100 par|[from] move: Wish|[wisher] Alomomola
|upkeep
|turn|22
|
|t:|1759012839
|move|p1a: Ceruledge|Bitter Blade|p2a: Hoopa
|-crit|p2a: Hoopa
|-damage|p2a: Hoopa|0 fnt
|faint|p2a: Hoopa
|
|upkeep
|c| fulls|yes
|c|☆PG Spectating|well
|c|☆PG Spectating|I'd do two things
|c|☆PG Spectating|first I'd delete this team
|c|☆PG Spectating|then I'd get better at mons
|c|☆Kira The Cleanser|i was tryna put together a glowking+hoopa core
|
|t:|1759012858
|switch|p2a: Kingambit|Kingambit, F|100/100
|-activate|p2a: Kingambit|ability: Supreme Overlord
|-start|p2a: Kingambit|fallen4|[silent]
|turn|23
|c| fulls|well
|
|t:|1759012860
|move|p2a: Kingambit|Sucker Punch|p1a: Ceruledge
|-supereffective|p1a: Ceruledge
|-damage|p1a: Ceruledge|5/100
|move|p1a: Ceruledge|Bitter Blade|p2a: Kingambit
|-supereffective|p2a: Kingambit
|-damage|p2a: Kingambit|0 fnt
|-heal|p1a: Ceruledge|62/100|[from] drain|[of] p2a: Kingambit
|faint|p2a: Kingambit
|-end|p2a: Kingambit|fallen4|[silent]
|
|upkeep
|c| fulls|band hoopa is shit
|c| fulls|so
|c|☆Kira The Cleanser|valid
|
|t:|1759012870
|switch|p2a: Alomomola|Alomomola, F|46/100 par
|turn|24
|c|☆Kira The Cleanser|bounce alo better imo
|c|☆Kira The Cleanser|offesnivly
|
|t:|1759012885
|move|p1a: Ceruledge|Bulk Up|p1a: Ceruledge
|-boost|p1a: Ceruledge|atk|1
|-boost|p1a: Ceruledge|def|1
|move|p2a: Alomomola|Bounce||[still]
|-prepare|p2a: Alomomola|Bounce
|
|upkeep
|turn|25
|inactive|Battle timer is ON: inactive players will automatically lose when time's up. (requested by PG Spectating)
|
|t:|1759012888
|move|p1a: Ceruledge|Bulk Up|p1a: Ceruledge
|-boost|p1a: Ceruledge|atk|1
|-boost|p1a: Ceruledge|def|1
|cant|p2a: Alomomola|par
|
|upkeep
|turn|26
|
|t:|1759012894
|move|p1a: Ceruledge|Poltergeist|p2a: Alomomola
|-activate|p2a: Alomomola|move: Poltergeist|Heavy-Duty Boots
|-damage|p2a: Alomomola|0 fnt
|faint|p2a: Alomomola
|
|win|PG Spectating
|l| Honourial
|l|☆Kira The Cleanser
|player|p2|
|l| fulls
|j| Honourial
|l| Honourial
|j|☆Kira The Cleanser
|player|p2|Kira The Cleanser|melony|
