|j|☆Athal14
|j|☆Crunchy_220
|t:|1758963561
|gametype|singles
|player|p1|Athal14|170|1113
|player|p2|Crunchy_220|hugh|1071
|gen|9
|tier|[Gen 9] OU
|rated|
|rule|HP Percentage Mod: HP is shown in percentages
|rule|Endless Battle Clause: Forcing endless battles is banned
|rule|Species Clause: Limit one of each Pokémon
|rule|OHKO Clause: OHKO moves are banned
|rule|Evasion Items Clause: Evasion items are banned
|rule|Evasion Moves Clause: Evasion moves are banned
|rule|Evasion Abilities Clause: Evasion abilities are banned
|rule|Sleep Moves Clause: Sleep-inducing moves are banned
|clearpoke
|poke|p1|Dondozo, M|
|poke|p1|Muk-Alola, M|
|poke|p1|Skarmory, M|
|poke|p1|Inteleon, F|
|poke|p1|Hitmontop, M|
|poke|p1|Salazzle, F|
|poke|p2|Samurott-Hisui, M|
|poke|p2|Ampharos, F|
|poke|p2|Rampardos, M|
|poke|p2|Ceruledge, M|
|poke|p2|Goodra-Hisui, F|
|poke|p2|Lokix, M|
|teampreview
|inactive|Battle timer is ON: inactive players will automatically lose when time's up. (requested by Athal14)
|
|t:|1758963579
|teamsize|p1|6
|teamsize|p2|6
|start
|switch|p1a: Skarmory|Skarmory, M|100/100
|switch|p2a: Samurott|Samurott-Hisui, M|100/100
|turn|1
|
|t:|1758963586
|move|p2a: Samurott|Ceaseless Edge|p1a: Skarmory
|-damage|p1a: Skarmory|68/100
|-damage|p2a: Samurott|84/100|[from] item: Rocky Helmet|[of] p1a: Skarmory
|-ability|p1a: Skarmory|Weak Armor|boost
|-unboost|p1a: Skarmory|def|1
|-boost|p1a: Skarmory|spe|2
|-sidestart|p1: Athal14|Spikes
|move|p1a: Skarmory|Stealth Rock|p2a: Samurott
|-sidestart|p2: Crunchy_220|move: Stealth Rock
|
|upkeep
|turn|2
|
|t:|1758963598
|switch|p1a: Hitmontop|Hitmontop, M|100/100
|-damage|p1a: Hitmontop|88/100|[from] Spikes
|-ability|p1a: Hitmontop|Intimidate|boost
|-unboost|p2a: Samurott|atk|1
|move|p2a: Samurott|Ceaseless Edge|p1a: Hitmontop
|-resisted|p1a: Hitmontop
|-damage|p1a: Hitmontop|68/100
|-sidestart|p1: Athal14|Spikes
|
|upkeep
|turn|3
|
|t:|1758963611
|move|p2a: Samurott|Ceaseless Edge|p1a: Hitmontop
|-resisted|p1a: Hitmontop
|-damage|p1a: Hitmontop|50/100
|-sidestart|p1: Athal14|Spikes
|move|p1a: Hitmontop|Rapid Spin|p2a: Samurott
|-damage|p2a: Samurott|69/100
|-boost|p1a: Hitmontop|spe|1
|-sideend|p1: Athal14|Spikes|[from] move: Rapid Spin|[of] p1a: Hitmontop
|
|upkeep
|turn|4
|
|t:|1758963621
|move|p1a: Hitmontop|Close Combat|p2a: Samurott
|-supereffective|p2a: Samurott
|-damage|p2a: Samurott|0 fnt
|-unboost|p1a: Hitmontop|def|1
|-unboost|p1a: Hitmontop|spd|1
|faint|p2a: Samurott
|
|upkeep
|
|t:|1758963624
|switch|p2a: Ampharos|Ampharos, F|100/100
|-damage|p2a: Ampharos|88/100|[from] Stealth Rock
|turn|5
|
|t:|1758963646
|-terastallize|p2a: Ampharos|Flying
|move|p1a: Hitmontop|Close Combat|p2a: Ampharos
|-resisted|p2a: Ampharos
|-damage|p2a: Ampharos|61/100
|-unboost|p1a: Hitmontop|def|1
|-unboost|p1a: Hitmontop|spd|1
|move|p2a: Ampharos|Tera Blast|p1a: Hitmontop|[anim] Tera Blast Flying
|-supereffective|p1a: Hitmontop
|-damage|p1a: Hitmontop|0 fnt
|faint|p1a: Hitmontop
|
|upkeep
|
|t:|1758963660
|switch|p1a: Inteleon|Inteleon, F|100/100
|turn|6
|
|t:|1758963664
|move|p1a: Inteleon|Ice Beam|p2a: Ampharos
|-supereffective|p2a: Ampharos
|-damage|p2a: Ampharos|0 fnt
|faint|p2a: Ampharos
|
|upkeep
|
|t:|1758963670
|switch|p2a: Ceruledge|Ceruledge, M|100/100
|-damage|p2a: Ceruledge|76/100|[from] Stealth Rock
|turn|7
|
|t:|1758963676
|switch|p1a: Dondozo|Dondozo, M|100/100
|move|p2a: Ceruledge|Swords Dance|p2a: Ceruledge
|-boost|p2a: Ceruledge|atk|2
|
|upkeep
|turn|8
|
|t:|1758963686
|move|p2a: Ceruledge|Close Combat|p1a: Dondozo
|-damage|p1a: Dondozo|78/100
|-unboost|p2a: Ceruledge|def|1
|-unboost|p2a: Ceruledge|spd|1
|move|p1a: Dondozo|Earthquake|p2a: Ceruledge
|-supereffective|p2a: Ceruledge
|-damage|p2a: Ceruledge|8/100
|-ability|p2a: Ceruledge|Weak Armor|boost
|-unboost|p2a: Ceruledge|def|1
|-boost|p2a: Ceruledge|spe|2
|
|-heal|p1a: Dondozo|84/100|[from] item: Leftovers
|upkeep
|turn|9
|
|t:|1758963703
|move|p2a: Ceruledge|Phantom Force||[still]
|-prepare|p2a: Ceruledge|Phantom Force
|move|p1a: Dondozo|Wave Crash|p2a: Ceruledge|[miss]
|-miss|p1a: Dondozo|p2a: Ceruledge
|
|-heal|p1a: Dondozo|90/100|[from] item: Leftovers
|upkeep
|turn|10
|
|t:|1758963716
|move|p2a: Ceruledge|Phantom Force|p1a: Dondozo|[from] lockedmove
|-damage|p1a: Dondozo|61/100
|move|p1a: Dondozo|Earthquake|p2a: Ceruledge
|-supereffective|p2a: Ceruledge
|-damage|p2a: Ceruledge|0 fnt
|faint|p2a: Ceruledge
|
|-heal|p1a: Dondozo|67/100|[from] item: Leftovers
|upkeep
|
|t:|1758963723
|switch|p2a: Lokix|Lokix, M|100/100
|-damage|p2a: Lokix|76/100|[from] Stealth Rock
|turn|11
|
|t:|1758963733
|move|p2a: Lokix|Leech Life|p1a: Dondozo
|-damage|p1a: Dondozo|42/100
|-heal|p2a: Lokix|97/100|[from] drain|[of] p1a: Dondozo
|-damage|p2a: Lokix|88/100|[from] item: Life Orb
|move|p1a: Dondozo|Body Press|p2a: Lokix
|-damage|p2a: Lokix|60/100
|
|-heal|p1a: Dondozo|48/100|[from] item: Leftovers
|upkeep
|turn|12
|
|t:|1758963747
|switch|p1a: Skarmory|Skarmory, M|68/100
|move|p2a: Lokix|Leech Life|p1a: Skarmory
|-resisted|p1a: Skarmory
|-damage|p1a: Skarmory|53/100
|-heal|p2a: Lokix|69/100|[from] drain|[of] p1a: Skarmory
|-damage|p2a: Lokix|52/100|[from] item: Rocky Helmet|[of] p1a: Skarmory
|-ability|p1a: Skarmory|Weak Armor|boost
|-unboost|p1a: Skarmory|def|1
|-boost|p1a: Skarmory|spe|2
|-damage|p2a: Lokix|43/100|[from] item: Life Orb
|
|upkeep
|turn|13
|
|t:|1758963764
|move|p1a: Skarmory|Brave Bird|p2a: Lokix
|-supereffective|p2a: Lokix
|-damage|p2a: Lokix|0 fnt
|faint|p2a: Lokix
|-damage|p1a: Skarmory|41/100|[from] Recoil
|
|upkeep
|
|t:|1758963769
|switch|p2a: Rampardos|Rampardos, M|100/100
|-damage|p2a: Rampardos|88/100|[from] Stealth Rock
|turn|14
|
|t:|1758963775
|move|p2a: Rampardos|Scary Face|p1a: Skarmory
|-unboost|p1a: Skarmory|spe|2
|move|p1a: Skarmory|Whirlwind|p2a: Rampardos
|drag|p2a: Goodra|Goodra-Hisui, F|100/100
|-damage|p2a: Goodra|94/100|[from] Stealth Rock
|
|-heal|p2a: Goodra|100/100|[from] item: Leftovers
|upkeep
|turn|15
|
|t:|1758963789
|switch|p1a: Dondozo|Dondozo, M|48/100
|move|p2a: Goodra|Shelter|p2a: Goodra
|-boost|p2a: Goodra|def|2
|
|-heal|p1a: Dondozo|54/100|[from] item: Leftovers
|upkeep
|turn|16
|
|t:|1758963798
|move|p2a: Goodra|Body Press|p1a: Dondozo
|-damage|p1a: Dondozo|42/100
|move|p1a: Dondozo|Curse|p1a: Dondozo
|-unboost|p1a: Dondozo|spe|1
|-boost|p1a: Dondozo|atk|1
|-boost|p1a: Dondozo|def|1
|
|-heal|p1a: Dondozo|48/100|[from] item: Leftovers
|upkeep
|turn|17
|
|t:|1758963808
|move|p2a: Goodra|Shelter|p2a: Goodra
|-boost|p2a: Goodra|def|2
|move|p1a: Dondozo|Curse|p1a: Dondozo
|-unboost|p1a: Dondozo|spe|1
|-boost|p1a: Dondozo|atk|1
|-boost|p1a: Dondozo|def|1
|
|-heal|p1a: Dondozo|54/100|[from] item: Leftovers
|upkeep
|turn|18
|
|t:|1758963819
|move|p2a: Goodra|Dragon Pulse|p1a: Dondozo
|-damage|p1a: Dondozo|16/100
|move|p1a: Dondozo|Curse|p1a: Dondozo
|-unboost|p1a: Dondozo|spe|1
|-boost|p1a: Dondozo|atk|1
|-boost|p1a: Dondozo|def|1
|
|-heal|p1a: Dondozo|22/100|[from] item: Leftovers
|upkeep
|turn|19
|
|t:|1758963829
|move|p2a: Goodra|Dragon Pulse|p1a: Dondozo
|-damage|p1a: Dondozo|0 fnt
|faint|p1a: Dondozo
|
|upkeep
|
|t:|1758963836
|switch|p1a: Salazzle|Salazzle, F|100/100
|turn|20
|
|t:|1758963840
|move|p1a: Salazzle|Toxic|p2a: Goodra
|-status|p2a: Goodra|tox
|move|p2a: Goodra|Hydro Pump|p1a: Salazzle
|-supereffective|p1a: Salazzle
|-damage|p1a: Salazzle|6/100
|
|-heal|p1a: Salazzle|13/100|[from] item: Leftovers
|-damage|p2a: Goodra|94/100 tox|[from] psn
|upkeep
|turn|21
|
|t:|1758963851
|move|p1a: Salazzle|Flamethrower|p2a: Goodra
|-damage|p2a: Goodra|68/100 tox
|move|p2a: Goodra|Dragon Pulse|p1a: Salazzle
|-damage|p1a: Salazzle|0 fnt
|faint|p1a: Salazzle
|
|-heal|p2a: Goodra|75/100 tox|[from] item: Leftovers
|-damage|p2a: Goodra|62/100 tox|[from] psn
|upkeep
|
|t:|1758963866
|switch|p1a: Muk|Muk-Alola, M|100/100
|turn|22
|
|t:|1758963874
|move|p2a: Goodra|Body Press|p1a: Muk
|-damage|p1a: Muk|28/100
|move|p1a: Muk|Knock Off|p2a: Goodra
|-damage|p2a: Goodra|48/100 tox
|-enditem|p2a: Goodra|Leftovers|[from] move: Knock Off|[of] p1a: Muk
|
|-damage|p2a: Goodra|29/100 tox|[from] psn
|upkeep
|turn|23
|
|t:|1758963884
|move|p1a: Muk|Shadow Sneak|p2a: Goodra
|-damage|p2a: Goodra|25/100 tox
|move|p2a: Goodra|Body Press|p1a: Muk
|-damage|p1a: Muk|0 fnt
|faint|p1a: Muk
|
|-damage|p2a: Goodra|1/100 tox|[from] psn
|upkeep
|
|t:|1758963894
|switch|p1a: Skarmory|Skarmory, M|41/100
|turn|24
|
|t:|1758963898
|move|p1a: Skarmory|Roost|p1a: Skarmory
|-heal|p1a: Skarmory|91/100
|-singleturn|p1a: Skarmory|move: Roost
|move|p2a: Goodra|Body Press|p1a: Skarmory
|-supereffective|p1a: Skarmory
|-damage|p1a: Skarmory|3/100
|-damage|p2a: Goodra|0 fnt|[from] item: Rocky Helmet|[of] p1a: Skarmory
|-ability|p1a: Skarmory|Weak Armor|boost
|-unboost|p1a: Skarmory|def|1
|-boost|p1a: Skarmory|spe|2
|faint|p2a: Goodra
|
|upkeep
|
|t:|1758963911
|switch|p2a: Rampardos|Rampardos, M|88/100
|-damage|p2a: Rampardos|76/100|[from] Stealth Rock
|turn|25
|
|t:|1758963915
|move|p1a: Skarmory|Roost|p1a: Skarmory
|-heal|p1a: Skarmory|53/100
|-singleturn|p1a: Skarmory|move: Roost
|move|p2a: Rampardos|Fire Punch|p1a: Skarmory
|-supereffective|p1a: Skarmory
|-damage|p1a: Skarmory|0 fnt
|-damage|p2a: Rampardos|60/100|[from] item: Rocky Helmet|[of] p1a: Skarmory
|faint|p1a: Skarmory
|
|upkeep
|
|t:|1758963925
|switch|p1a: Inteleon|Inteleon, F|100/100
|turn|26
|
|t:|1758963932
|move|p1a: Inteleon|Snipe Shot|p2a: Rampardos
|-supereffective|p2a: Rampardos
|-damage|p2a: Rampardos|0 fnt
|faint|p2a: Rampardos
|
|win|Athal14
|raw|Athal14's rating: 1113 &rarr; <strong>1135</strong><br />(+22 for winning)
|raw|Crunchy_220's rating: 1071 &rarr; <strong>1053</strong><br />(-18 for losing)
|l|☆Crunchy_220
|player|p2|
|l|☆Athal14
|player|p1|
|j|☆Athal14
|player|p1|Athal14|170|
