|badge|p1|silver|gen9ou|30-6
|html|<div class="broadcast-red"><strong>This battle is required to be public due to one or more player having a season medal.</strong><br />During the public phase, you can discuss the state of the ladder <a href="/seasondiscussion">in a special chatroom.</a></div>
|uhtml|medal-msg|<div class="broadcast-blue">Curious what those medals under the avatar are? PS now has Ladder Seasons! For more information, check out the <a href="https://www.smogon.com/forums/threads/3740067/">thread on Smogon.</a></div>
|raw|<div class="broadcast-blue"><strong>This battle is required to be public due to a player having a name starting with 'medal'.</div>
|j|☆LT124YH Ghoul
|j|☆patio fence
|t:|1758993263
|gametype|singles
|player|p1|LT124YH Ghoul|#wcop2024asia|1977
|player|p2|patio fence|fisherman-gen2jp|1863
|gen|9
|tier|[Gen 9] OU
|rated|
|rule|HP Percentage Mod: HP is shown in percentages
|rule|Endless Battle Clause: Forcing endless battles is banned
|rule|Species Clause: Limit one of each Pokémon
|rule|OHKO Clause: OHKO moves are banned
|rule|Evasion Items Clause: Evasion items are banned
|rule|Evasion Moves Clause: Evasion moves are banned
|rule|Evasion Abilities Clause: Evasion abilities are banned
|rule|Sleep Moves Clause: Sleep-inducing moves are banned
|clearpoke
|poke|p1|Enamorus, F|
|poke|p1|Araquanid, M|
|poke|p1|Gholdengo|
|poke|p1|Iron Valiant|
|poke|p1|Kingambit, M|
|poke|p1|Great Tusk|
|poke|p2|Amoonguss, F|
|poke|p2|Alomomola, F|
|poke|p2|Great Tusk|
|poke|p2|Darkrai|
|poke|p2|Dragonite, F|
|poke|p2|Gholdengo|
|teampreview
|inactive|Battle timer is ON: inactive players will automatically lose when time's up. (requested by patio fence)
|inactive|LT124YH Ghoul also wants the timer to be on.
|j| Terrible Tudors
|j| larp legion
|inactive|patio fence has 120 seconds left.
|
|t:|1758993307
|teamsize|p1|6
|teamsize|p2|6
|start
|switch|p1a: Doc Seismic|Araquanid, M, shiny|100/100
|switch|p2a: Amoonguss|Amoonguss, F|100/100
|turn|1
|
|t:|1758993320
|move|p1a: Doc Seismic|Sticky Web|p2a: Amoonguss
|-sidestart|p2: patio fence|move: Sticky Web
|move|p2a: Amoonguss|Toxic|p1a: Doc Seismic
|-status|p1a: Doc Seismic|tox
|
|-damage|p1a: Doc Seismic|95/100 tox|[from] psn
|upkeep
|turn|2
|
|t:|1758993327
|move|p1a: Doc Seismic|Infestation|p2a: Amoonguss
|-damage|p2a: Amoonguss|97/100
|-activate|p2a: Amoonguss|move: Infestation|[of] p1a: Doc Seismic
|-enditem|p2a: Amoonguss|Red Card|[of] p1a: Doc Seismic
|drag|p1a: Omni-Man|Kingambit, M|100/100
|-item|p1a: Omni-Man|Air Balloon
|move|p2a: Amoonguss|Toxic|p1a: Omni-Man
|-immune|p1a: Omni-Man
|
|-end|p2a: Amoonguss|Infestation|[partiallytrapped]|[silent]
|upkeep
|turn|3
|
|t:|1758993341
|-end|p1a: Omni-Man|fallenundefined|[silent]
|switch|p1a: Doc Seismic|Araquanid, M, shiny|95/100 tox
|move|p2a: Amoonguss|Foul Play|p1a: Doc Seismic
|-damage|p1a: Doc Seismic|67/100 tox
|
|-damage|p1a: Doc Seismic|61/100 tox|[from] psn
|upkeep
|turn|4
|
|t:|1758993349
|switch|p2a: Alomomola|Alomomola, F|100/100
|-activate|p2a: Alomomola|move: Sticky Web
|-unboost|p2a: Alomomola|spe|1
|move|p1a: Doc Seismic|Infestation|p2a: Alomomola
|-damage|p2a: Alomomola|98/100
|-activate|p2a: Alomomola|move: Infestation|[of] p1a: Doc Seismic
|
|-damage|p1a: Doc Seismic|49/100 tox|[from] psn
|-damage|p2a: Alomomola|86/100|[from] move: Infestation|[partiallytrapped]
|upkeep
|turn|5
|j| cynasaurus
|inactive|patio fence has 120 seconds left.
|
|t:|1758993389
|move|p1a: Doc Seismic|Liquidation|p2a: Alomomola
|-resisted|p2a: Alomomola
|-damage|p2a: Alomomola|66/100
|-unboost|p2a: Alomomola|def|1
|move|p2a: Alomomola|Flip Turn|p1a: Doc Seismic
|-resisted|p1a: Doc Seismic
|-damage|p1a: Doc Seismic|39/100 tox
|
|t:|1758993394
|switch|p2a: Great Tusk|Great Tusk|100/100|[from] Flip Turn
|
|-damage|p1a: Doc Seismic|22/100 tox|[from] psn
|upkeep
|turn|6
|inactive|patio fence has 120 seconds left.
|j| 54 insane rats
|j| paternozzo
|
|t:|1758993407
|switch|p1a: Robot|Gholdengo|100/100
|move|p2a: Great Tusk|Rapid Spin|p1a: Robot
|-immune|p1a: Robot
|
|upkeep
|turn|7
|inactive|patio fence has 120 seconds left.
|inactive|LT124YH Ghoul has 120 seconds left.
|
|t:|1758993450
|-end|p2a: Great Tusk|Protosynthesis|[silent]
|switch|p2a: Alomomola|Alomomola, F|99/100
|-activate|p2a: Alomomola|move: Sticky Web
|-unboost|p2a: Alomomola|spe|1
|move|p1a: Robot|Shadow Ball|p2a: Alomomola
|-crit|p2a: Alomomola
|-damage|p2a: Alomomola|67/100
|
|upkeep
|turn|8
|
|t:|1758993462
|move|p1a: Robot|Nasty Plot|p1a: Robot
|-boost|p1a: Robot|spa|2
|move|p2a: Alomomola|Flip Turn|p1a: Robot
|-damage|p1a: Robot|85/100
|
|t:|1758993467
|switch|p2a: Dragonite|Dragonite, F|100/100|[from] Flip Turn
|
|upkeep
|turn|9
|
|t:|1758993470
|move|p1a: Robot|Make It Rain|p2a: Dragonite
|-damage|p2a: Dragonite|42/100
|-unboost|p1a: Robot|spa|1
|move|p2a: Dragonite|Dragon Dance|p2a: Dragonite
|-boost|p2a: Dragonite|atk|1
|-boost|p2a: Dragonite|spe|1
|
|upkeep
|turn|10
|
|t:|1758993475
|switch|p1a: Invincible|Great Tusk|100/100
|-enditem|p1a: Invincible|Booster Energy
|-activate|p1a: Invincible|ability: Protosynthesis|[fromitem]
|-start|p1a: Invincible|protosynthesisspe
|move|p2a: Dragonite|Earthquake|p1a: Invincible
|-damage|p1a: Invincible|62/100
|
|upkeep
|turn|11
|
|t:|1758993493
|switch|p2a: Alomomola|Alomomola, F|100/100
|-activate|p2a: Alomomola|move: Sticky Web
|-unboost|p2a: Alomomola|spe|1
|move|p1a: Invincible|Head Smash|p2a: Alomomola
|-damage|p2a: Alomomola|73/100
|-damage|p1a: Invincible|47/100|[from] Recoil
|
|upkeep
|turn|12
|
|t:|1758993497
|move|p1a: Invincible|Knock Off|p2a: Alomomola
|-damage|p2a: Alomomola|56/100
|-enditem|p2a: Alomomola|Assault Vest|[from] move: Knock Off|[of] p1a: Invincible
|move|p2a: Alomomola|Flip Turn|p1a: Invincible
|-supereffective|p1a: Invincible
|-damage|p1a: Invincible|27/100
|
|t:|1758993500
|switch|p2a: Great Tusk|Great Tusk|100/100|[from] Flip Turn
|
|upkeep
|turn|13
|
|t:|1758993506
|move|p1a: Invincible|Knock Off|p2a: Great Tusk
|-resisted|p2a: Great Tusk
|-damage|p2a: Great Tusk|91/100
|-enditem|p2a: Great Tusk|Heavy-Duty Boots|[from] move: Knock Off|[of] p1a: Invincible
|move|p2a: Great Tusk|Rapid Spin|p1a: Invincible
|-damage|p1a: Invincible|17/100
|-boost|p2a: Great Tusk|spe|1
|-sideend|p2: patio fence|Sticky Web|[from] move: Rapid Spin|[of] p2a: Great Tusk
|
|upkeep
|turn|14
|
|t:|1758993513
|move|p2a: Great Tusk|Stealth Rock|p1a: Invincible
|-sidestart|p1: LT124YH Ghoul|move: Stealth Rock
|move|p1a: Invincible|Headlong Rush|p2a: Great Tusk
|-damage|p2a: Great Tusk|51/100
|-unboost|p1a: Invincible|def|1
|-unboost|p1a: Invincible|spd|1
|
|upkeep
|turn|15
|
|t:|1758993518
|move|p1a: Invincible|Rapid Spin|p2a: Great Tusk
|-damage|p2a: Great Tusk|41/100
|-boost|p1a: Invincible|spe|1
|-sideend|p1: LT124YH Ghoul|Stealth Rock|[from] move: Rapid Spin|[of] p1a: Invincible
|move|p2a: Great Tusk|Ice Spinner|p1a: Invincible
|-supereffective|p1a: Invincible
|-damage|p1a: Invincible|0 fnt
|faint|p1a: Invincible
|-end|p1a: Invincible|Protosynthesis|[silent]
|
|upkeep
|
|t:|1758993530
|switch|p1a: Conquest|Enamorus, F|100/100
|turn|16
|
|t:|1758993540
|-end|p2a: Great Tusk|Protosynthesis|[silent]
|switch|p2a: Amoonguss|Amoonguss, F|100/100
|move|p1a: Conquest|Moonblast|p2a: Amoonguss
|-resisted|p2a: Amoonguss
|-damage|p2a: Amoonguss|80/100
|
|upkeep
|turn|17
|
|t:|1758993549
|switch|p1a: Robot|Gholdengo|85/100
|move|p2a: Amoonguss|Sludge Bomb|p1a: Robot
|-immune|p1a: Robot
|
|upkeep
|turn|18
|
|t:|1758993553
|switch|p1a: Doc Seismic|Araquanid, M, shiny|22/100 tox
|switch|p2a: Alomomola|Alomomola, F|89/100
|
|-damage|p1a: Doc Seismic|16/100 tox|[from] psn
|upkeep
|turn|19
|-enditem|p1a: Doc Seismic|Custap Berry|[eat]
|-activate|p1a: Doc Seismic|item: Custap Berry|[consumed]
|
|t:|1758993561
|move|p1a: Doc Seismic|Sticky Web|p2a: Alomomola
|-sidestart|p2: patio fence|move: Sticky Web
|move|p2a: Alomomola|Flip Turn|p1a: Doc Seismic
|-resisted|p1a: Doc Seismic
|-damage|p1a: Doc Seismic|6/100 tox
|
|t:|1758993577
|switch|p2a: Gholdengo|Gholdengo|100/100|[from] Flip Turn
|-activate|p2a: Gholdengo|move: Sticky Web
|-unboost|p2a: Gholdengo|spe|1
|
|-damage|p1a: Doc Seismic|0 fnt|[from] psn
|faint|p1a: Doc Seismic
|upkeep
|
|t:|1758993584
|switch|p1a: Omni-Man|Kingambit, M|100/100
|-activate|p1a: Omni-Man|ability: Supreme Overlord
|-start|p1a: Omni-Man|fallen2|[silent]
|-item|p1a: Omni-Man|Air Balloon
|turn|20
|j| FavMon=Garchomp
|
|t:|1758993593
|-end|p1a: Omni-Man|fallen2|[silent]
|switch|p1a: Robot|Gholdengo|85/100
|move|p2a: Gholdengo|Trick|p1a: Robot
|-immune|p1a: Robot|[from] ability: Good as Gold
|
|upkeep
|turn|21
|
|t:|1758993602
|switch|p2a: Alomomola|Alomomola, F|100/100
|-activate|p2a: Alomomola|move: Sticky Web
|-unboost|p2a: Alomomola|spe|1
|move|p1a: Robot|Nasty Plot|p1a: Robot
|-boost|p1a: Robot|spa|2
|
|upkeep
|turn|22
|
|t:|1758993611
|move|p1a: Robot|Nasty Plot|p1a: Robot
|-boost|p1a: Robot|spa|2
|move|p2a: Alomomola|Flip Turn|p1a: Robot
|-damage|p1a: Robot|70/100
|
|t:|1758993614
|switch|p2a: Gholdengo|Gholdengo|100/100|[from] Flip Turn
|-activate|p2a: Gholdengo|move: Sticky Web
|-unboost|p2a: Gholdengo|spe|1
|
|upkeep
|turn|23
|
|t:|1758993617
|move|p2a: Gholdengo|Shadow Ball|p1a: Robot
|-supereffective|p1a: Robot
|-damage|p1a: Robot|0 fnt
|faint|p1a: Robot
|
|upkeep
|j| wgw2333
|inactive|LT124YH Ghoul has 120 seconds left.
|
|t:|1758993656
|switch|p1a: Omni-Man|Kingambit, M|100/100
|-activate|p1a: Omni-Man|ability: Supreme Overlord
|-start|p1a: Omni-Man|fallen3|[silent]
|-item|p1a: Omni-Man|Air Balloon
|turn|24
|l| wgw2333
|
|t:|1758993665
|move|p2a: Gholdengo|Shadow Ball|p1a: Omni-Man
|-resisted|p1a: Omni-Man
|-damage|p1a: Omni-Man|76/100
|-enditem|p1a: Omni-Man|Air Balloon
|move|p1a: Omni-Man|Swords Dance|p1a: Omni-Man
|-boost|p1a: Omni-Man|atk|2
|
|upkeep
|turn|25
|l| FavMon=Garchomp
|
|t:|1758993692
|switch|p2a: Darkrai|Darkrai|100/100
|-activate|p2a: Darkrai|move: Sticky Web
|-unboost|p2a: Darkrai|spe|1
|move|p1a: Omni-Man|Iron Head|p2a: Darkrai
|-damage|p2a: Darkrai|0 fnt
|faint|p2a: Darkrai
|
|upkeep
|
|t:|1758993702
|switch|p2a: Alomomola|Alomomola, F|100/100
|-activate|p2a: Alomomola|move: Sticky Web
|-unboost|p2a: Alomomola|spe|1
|turn|26
|
|t:|1758993709
|move|p1a: Omni-Man|Iron Head|p2a: Alomomola
|-resisted|p2a: Alomomola
|-damage|p2a: Alomomola|62/100
|move|p2a: Alomomola|Healing Wish|p2a: Alomomola
|faint|p2a: Alomomola
|
|upkeep
|
|t:|1758993711
|switch|p2a: Great Tusk|Great Tusk|41/100
|-heal|p2a: Great Tusk|100/100|[from] move: Healing Wish
|-activate|p2a: Great Tusk|move: Sticky Web
|-unboost|p2a: Great Tusk|spe|1
|turn|27
|
|t:|1758993724
|-terastallize|p1a: Omni-Man|Fighting
|move|p1a: Omni-Man|Low Kick|p2a: Great Tusk
|-damage|p2a: Great Tusk|0 fnt
|faint|p2a: Great Tusk
|-end|p2a: Great Tusk|Protosynthesis|[silent]
|
|upkeep
|
|t:|1758993736
|switch|p2a: Gholdengo|Gholdengo|100/100
|-activate|p2a: Gholdengo|move: Sticky Web
|-unboost|p2a: Gholdengo|spe|1
|turn|28
|
|t:|1758993751
|move|p2a: Gholdengo|Trick|p1a: Omni-Man
|-activate|p2a: Gholdengo|move: Trick|[of] p1a: Omni-Man
|-item|p1a: Omni-Man|Choice Scarf|[from] move: Trick
|-enditem|p2a: Gholdengo|Choice Scarf|[silent]|[from] move: Trick
|move|p1a: Omni-Man|Iron Head|p2a: Gholdengo
|-resisted|p2a: Gholdengo
|-damage|p2a: Gholdengo|37/100
|
|upkeep
|turn|29
|j| cryyysneasel
|
|t:|1758993759
|move|p1a: Omni-Man|Iron Head|p2a: Gholdengo
|-resisted|p2a: Gholdengo
|-crit|p2a: Gholdengo
|-damage|p2a: Gholdengo|0 fnt
|faint|p2a: Gholdengo
|
|upkeep
|
|t:|1758993761
|switch|p2a: Amoonguss|Amoonguss, F|100/100
|-activate|p2a: Amoonguss|move: Sticky Web
|-unboost|p2a: Amoonguss|spe|1
|turn|30
|
|t:|1758993765
|move|p1a: Omni-Man|Iron Head|p2a: Amoonguss
|-damage|p2a: Amoonguss|24/100
|cant|p2a: Amoonguss|flinch
|
|upkeep
|turn|31
|
|t:|1758993768
|move|p1a: Omni-Man|Iron Head|p2a: Amoonguss
|-damage|p2a: Amoonguss|0 fnt
|faint|p2a: Amoonguss
|
|upkeep
|c| larp legion|skill
|
|t:|1758993770
|switch|p2a: Dragonite|Dragonite, F|42/100
|turn|32
|
|t:|1758993774
|-terastallize|p2a: Dragonite|Normal
|move|p2a: Dragonite|Extreme Speed|p1a: Omni-Man
|-damage|p1a: Omni-Man|39/100
|move|p1a: Omni-Man|Iron Head|p2a: Dragonite
|-damage|p2a: Dragonite|0 fnt
|faint|p2a: Dragonite
|
|win|LT124YH Ghoul
|raw|LT124YH Ghoul's rating: 1977 &rarr; <strong>1992</strong><br />(+15 for winning)
|raw|patio fence's rating: 1881 &rarr; <strong>1866</strong><br />(-15 for losing)
|l|☆patio fence
|player|p2|
|l| cryyysneasel
|l| paternozzo
|l| 54 insane rats
|l| cynasaurus
