|j|☆Johnny tots
|j|☆jahleel
|t:|1759075926
|gametype|singles
|player|p1|Johnny tots|1|1581
|player|p2|jahleel|dancer|1604
|gen|9
|tier|[Gen 9] OU
|rated|
|rule|HP Percentage Mod: HP is shown in percentages
|rule|Endless Battle Clause: Forcing endless battles is banned
|rule|Species Clause: Limit one of each Pokémon
|rule|OHKO Clause: OHKO moves are banned
|rule|Evasion Items Clause: Evasion items are banned
|rule|Evasion Moves Clause: Evasion moves are banned
|rule|Evasion Abilities Clause: Evasion abilities are banned
|rule|Sleep Moves Clause: Sleep-inducing moves are banned
|clearpoke
|poke|p1|Clefable, F|
|poke|p1|Dragonite, M|
|poke|p1|Thundurus-Therian, M|
|poke|p1|Manaphy|
|poke|p1|Iron Valiant|
|poke|p1|Klefki, F|
|poke|p2|Iron Valiant|
|poke|p2|Cinderace, M|
|poke|p2|Slowking-Galar, F|
|poke|p2|Corviknight, M|
|poke|p2|Garganacl, F|
|poke|p2|Great Tusk|
|teampreview
|inactive|Battle timer is ON: inactive players will automatically lose when time's up. (requested by Johnny tots)
|j| GraphLegion
|inactive|jahleel has 120 seconds left.
|l|☆Johnny tots
|inactive|Johnny tots disconnected and has a minute to reconnect!
|player|p1|
|j|☆Johnny tots
|inactive|Johnny tots reconnected.
|player|p1|Johnny tots|1|
|inactive|jahleel has 90 seconds left.
|l|☆Johnny tots
|inactive|Johnny tots disconnected and has a minute to reconnect!
|player|p1|
|
|t:|1759076008
|teamsize|p1|6
|teamsize|p2|6
|start
|switch|p1a: Manaphy|Manaphy|100/100
|switch|p2a: HotPocket|Cinderace, M|100/100
|turn|1
|j|☆Johnny tots
|inactive|Johnny tots reconnected and has 145 seconds left.
|player|p1|Johnny tots|1|
|
|t:|1759076020
|move|p2a: HotPocket|U-turn|p1a: Manaphy
|-start|p2a: HotPocket|typechange|Bug|[from] ability: Libero
|-damage|p1a: Manaphy|70/100
|
|t:|1759076024
|switch|p2a: ShrimpKing|Slowking-Galar, F|100/100|[from] U-turn
|move|p1a: Manaphy|Scald|p2a: ShrimpKing
|-damage|p2a: ShrimpKing|78/100
|-status|p2a: ShrimpKing|brn
|
|-heal|p1a: Manaphy|76/100|[from] item: Leftovers
|-damage|p2a: ShrimpKing|72/100 brn|[from] brn
|upkeep
|turn|2
|
|t:|1759076033
|move|p1a: Manaphy|Take Heart|p1a: Manaphy
|-boost|p1a: Manaphy|spa|1
|-boost|p1a: Manaphy|spd|1
|move|p2a: ShrimpKing|Future Sight|p1a: Manaphy
|-start|p2a: ShrimpKing|move: Future Sight
|
|-heal|p1a: Manaphy|82/100|[from] item: Leftovers
|-damage|p2a: ShrimpKing|66/100 brn|[from] brn
|upkeep
|turn|3
|
|t:|1759076037
|move|p1a: Manaphy|Scald|p2a: ShrimpKing
|-damage|p2a: ShrimpKing|32/100 brn
|-prepare|p2a: ShrimpKing|Chilly Reception|[premajor]
|move|p2a: ShrimpKing|Chilly Reception|p2a: ShrimpKing
|-weather|Snowscape
|
|t:|1759076046
|switch|p2a: Garganacl|Garganacl, F|100/100|[from] Chilly Reception
|
|-weather|Snowscape|[upkeep]
|-heal|p1a: Manaphy|88/100|[from] item: Leftovers
|upkeep
|turn|4
|
|t:|1759076053
|switch|p1a: Klefki|Klefki, F|100/100
|-terastallize|p2a: Garganacl|Ghost
|move|p2a: Garganacl|Salt Cure|p1a: Klefki
|-resisted|p1a: Klefki
|-damage|p1a: Klefki|95/100
|-start|p1a: Klefki|Salt Cure
|
|-weather|Snowscape|[upkeep]
|-end|p1a: Klefki|move: Future Sight
|-resisted|p1a: Klefki
|-damage|p1a: Klefki|68/100
|-damage|p1a: Klefki|43/100|[from] Salt Cure
|upkeep
|turn|5
|l| GraphLegion
|
|t:|1759076061
|switch|p1a: Clefable|Clefable, F|100/100
|move|p2a: Garganacl|Stealth Rock|p1a: Clefable
|-sidestart|p1: Johnny tots|move: Stealth Rock
|
|-weather|Snowscape|[upkeep]
|upkeep
|turn|6
|
|t:|1759076065
|switch|p2a: ShrimpKing|Slowking-Galar, F|65/100 brn
|move|p1a: Clefable|Calm Mind|p1a: Clefable
|-boost|p1a: Clefable|spa|1
|-boost|p1a: Clefable|spd|1
|
|-weather|Snowscape|[upkeep]
|-damage|p2a: ShrimpKing|59/100 brn|[from] brn
|upkeep
|turn|7
|
|t:|1759076080
|move|p1a: Clefable|Calm Mind|p1a: Clefable
|-boost|p1a: Clefable|spa|1
|-boost|p1a: Clefable|spd|1
|move|p2a: ShrimpKing|Sludge Bomb|p1a: Clefable
|-supereffective|p1a: Clefable
|-damage|p1a: Clefable|68/100
|
|-weather|none
|-heal|p1a: Clefable|74/100|[from] item: Leftovers
|-damage|p2a: ShrimpKing|53/100 brn|[from] brn
|upkeep
|turn|8
|
|t:|1759076084
|move|p1a: Clefable|Psyshock|p2a: ShrimpKing
|-damage|p2a: ShrimpKing|9/100 brn
|-prepare|p2a: ShrimpKing|Chilly Reception|[premajor]
|move|p2a: ShrimpKing|Chilly Reception|p2a: ShrimpKing
|-weather|Snowscape
|
|t:|1759076088
|switch|p2a: HotPocket|Cinderace, M|100/100|[from] Chilly Reception
|
|-weather|Snowscape|[upkeep]
|-heal|p1a: Clefable|81/100|[from] item: Leftovers
|upkeep
|turn|9
|
|t:|1759076094
|move|p2a: HotPocket|Pyro Ball|p1a: Clefable
|-damage|p1a: Clefable|22/100
|move|p1a: Clefable|Psyshock|p2a: HotPocket
|-damage|p2a: HotPocket|39/100
|
|-weather|Snowscape|[upkeep]
|-heal|p1a: Clefable|28/100|[from] item: Leftovers
|upkeep
|turn|10
|
|t:|1759076099
|switch|p1a: Manaphy|Manaphy|88/100
|-damage|p1a: Manaphy|76/100|[from] Stealth Rock
|move|p2a: HotPocket|Pyro Ball|p1a: Manaphy|[miss]
|-miss|p2a: HotPocket|p1a: Manaphy
|
|-weather|Snowscape|[upkeep]
|-heal|p1a: Manaphy|82/100|[from] item: Leftovers
|upkeep
|turn|11
|
|t:|1759076109
|move|p2a: HotPocket|High Jump Kick|p1a: Manaphy
|-start|p2a: HotPocket|typechange|Fighting|[from] ability: Libero
|-damage|p1a: Manaphy|22/100
|move|p1a: Manaphy|Scald|p2a: HotPocket
|-damage|p2a: HotPocket|0 fnt
|faint|p2a: HotPocket
|
|-weather|Snowscape|[upkeep]
|-heal|p1a: Manaphy|28/100|[from] item: Leftovers
|upkeep
|
|t:|1759076119
|switch|p2a: Judgment|Iron Valiant|100/100
|turn|12
|
|t:|1759076124
|move|p2a: Judgment|Moonblast|p1a: Manaphy
|-damage|p1a: Manaphy|0 fnt
|faint|p1a: Manaphy
|
|-weather|none
|upkeep
|
|t:|1759076125
|switch|p1a: Klefki|Klefki, F|43/100
|-damage|p1a: Klefki|37/100|[from] Stealth Rock
|turn|13
|
|t:|1759076131
|-end|p2a: Judgment|Quark Drive|[silent]
|switch|p2a: TuskyHustle|Great Tusk|100/100
|move|p1a: Klefki|Light Screen|p1a: Klefki
|-sidestart|p1: Johnny tots|move: Light Screen
|
|upkeep
|turn|14
|
|t:|1759076142
|move|p1a: Klefki|Reflect|p1a: Klefki
|-sidestart|p1: Johnny tots|Reflect
|move|p2a: TuskyHustle|Headlong Rush|p1a: Klefki
|-supereffective|p1a: Klefki
|-damage|p1a: Klefki|0 fnt
|-unboost|p2a: TuskyHustle|def|1
|-unboost|p2a: TuskyHustle|spd|1
|faint|p1a: Klefki
|
|upkeep
|
|t:|1759076150
|switch|p1a: Thundurus|Thundurus-Therian, M|100/100
|turn|15
|
|t:|1759076160
|-end|p2a: TuskyHustle|Protosynthesis|[silent]
|switch|p2a: Garganacl|Garganacl, F, tera:Ghost|100/100
|move|p1a: Thundurus|Nasty Plot|p1a: Thundurus
|-boost|p1a: Thundurus|spa|2
|
|upkeep
|turn|16
|
|t:|1759076177
|move|p1a: Thundurus|Thunderbolt|p2a: Garganacl
|-crit|p2a: Garganacl
|-damage|p2a: Garganacl|0 fnt
|faint|p2a: Garganacl
|
|upkeep
|l|☆jahleel
|inactive|jahleel disconnected and has a minute to reconnect!
|player|p2|
|inactive|jahleel has 30 seconds to reconnect!
|inactive|jahleel has 20 seconds to reconnect!
|inactive|jahleel has 15 seconds to reconnect!
|inactive|jahleel has 10 seconds to reconnect!
|inactive|jahleel has 5 seconds to reconnect!
|-message|jahleel lost due to inactivity.
|
|win|Johnny tots
|raw|Johnny tots's rating: 1581 &rarr; <strong>1602</strong><br />(+21 for winning)
|raw|jahleel's rating: 1604 &rarr; <strong>1583</strong><br />(-21 for losing)
|l|☆Johnny tots
|player|p1|
