|j|☆didijjb
|j|☆gumpgumpgumpgu
|t:|1758963066
|gametype|singles
|player|p1|didijjb|1|1351
|player|p2|gumpgumpgumpgu|rocketgrunt|1408
|gen|9
|tier|[Gen 9] OU
|rated|
|rule|HP Percentage Mod: HP is shown in percentages
|rule|Endless Battle Clause: Forcing endless battles is banned
|rule|Species Clause: Limit one of each Pokémon
|rule|OHKO Clause: OHKO moves are banned
|rule|Evasion Items Clause: Evasion items are banned
|rule|Evasion Moves Clause: Evasion moves are banned
|rule|Evasion Abilities Clause: Evasion abilities are banned
|rule|Sleep Moves Clause: Sleep-inducing moves are banned
|clearpoke
|poke|p1|Kleavor, M|
|poke|p1|Kingambit, M|
|poke|p1|Pecharunt|
|poke|p1|Dragapult, F|
|poke|p1|Iron Crown|
|poke|p1|Zamazenta-*|
|poke|p2|Primarina, F|
|poke|p2|Great Tusk|
|poke|p2|Kingambit, F|
|poke|p2|Slowking-Galar, M|
|poke|p2|Ogerpon, F|
|poke|p2|Enamorus, F|
|teampreview
|inactive|Battle timer is ON: inactive players will automatically lose when time's up. (requested by gumpgumpgumpgu)
|inactive|didijjb also wants the timer to be on.
|
|t:|1758963087
|teamsize|p1|6
|teamsize|p2|6
|start
|switch|p1a: Kleavor|Kleavor, M|100/100
|switch|p2a: Slowking|Slowking-Galar, M|100/100
|turn|1
|
|t:|1758963108
|move|p1a: Kleavor|U-turn|p2a: Slowking
|-damage|p2a: Slowking|72/100
|
|t:|1758963114
|switch|p1a: Iron Crown|Iron Crown|100/100|[from] U-turn
|-enditem|p1a: Iron Crown|Booster Energy
|-activate|p1a: Iron Crown|ability: Quark Drive|[fromitem]
|-start|p1a: Iron Crown|quarkdrivespa
|move|p2a: Slowking|Psychic Noise|p1a: Iron Crown
|-resisted|p1a: Iron Crown
|-damage|p1a: Iron Crown|94/100
|-start|p1a: Iron Crown|move: Heal Block
|
|upkeep
|turn|2
|
|t:|1758963137
|switch|p2a: Kingambit|Kingambit, F|100/100
|move|p1a: Iron Crown|Tachyon Cutter|p2a: Kingambit
|-resisted|p2a: Kingambit
|-damage|p2a: Kingambit|85/100
|-resisted|p2a: Kingambit
|-damage|p2a: Kingambit|69/100
|-hitcount|p2a: Kingambit|2
|
|-heal|p2a: Kingambit|76/100|[from] item: Leftovers
|-end|p1a: Iron Crown|move: Heal Block
|upkeep
|turn|3
|
|t:|1758963147
|-end|p1a: Iron Crown|Quark Drive|[silent]
|switch|p1a: Zamazenta|Zamazenta|100/100
|-ability|p1a: Zamazenta|Dauntless Shield|boost
|-boost|p1a: Zamazenta|def|1
|move|p2a: Kingambit|Kowtow Cleave|p1a: Zamazenta
|-resisted|p1a: Zamazenta
|-damage|p1a: Zamazenta|84/100
|
|-heal|p2a: Kingambit|82/100|[from] item: Leftovers
|upkeep
|turn|4
|
|t:|1758963154
|-end|p2a: Kingambit|fallenundefined|[silent]
|switch|p2a: Slowking|Slowking-Galar, M|100/100
|move|p1a: Zamazenta|Stone Edge|p2a: Slowking|[miss]
|-miss|p1a: Zamazenta|p2a: Slowking
|
|upkeep
|turn|5
|
|t:|1758963163
|switch|p1a: Kingambit|Kingambit, M|100/100
|-item|p1a: Kingambit|Air Balloon
|move|p2a: Slowking|Flamethrower|p1a: Kingambit
|-supereffective|p1a: Kingambit
|-damage|p1a: Kingambit|50/100
|-enditem|p1a: Kingambit|Air Balloon
|
|upkeep
|turn|6
|
|t:|1758963171
|move|p1a: Kingambit|Kowtow Cleave|p2a: Slowking
|-supereffective|p2a: Slowking
|-damage|p2a: Slowking|33/100
|move|p2a: Slowking|Flamethrower|p1a: Kingambit
|-supereffective|p1a: Kingambit
|-damage|p1a: Kingambit|0 fnt
|faint|p1a: Kingambit
|-end|p1a: Kingambit|fallenundefined|[silent]
|
|upkeep
|
|t:|1758963178
|switch|p1a: Dragapult|Dragapult, F|100/100
|turn|7
|
|t:|1758963184
|switch|p2a: Primarina|Primarina, F|100/100
|move|p1a: Dragapult|U-turn|p2a: Primarina
|-resisted|p2a: Primarina
|-damage|p2a: Primarina|75/100
|
|t:|1758963187
|switch|p1a: Iron Crown|Iron Crown|94/100|[from] U-turn
|
|-heal|p2a: Primarina|81/100|[from] item: Leftovers
|upkeep
|turn|8
|
|t:|1758963200
|-end|p1a: Iron Crown|Quark Drive|[silent]
|switch|p1a: Zamazenta|Zamazenta|84/100
|switch|p2a: Kingambit|Kingambit, F|82/100
|
|-heal|p2a: Kingambit|88/100|[from] item: Leftovers
|upkeep
|turn|9
|
|t:|1758963214
|-end|p2a: Kingambit|fallenundefined|[silent]
|switch|p2a: Enamorus|Enamorus, F|100/100
|move|p1a: Zamazenta|Crunch|p2a: Enamorus
|-resisted|p2a: Enamorus
|-damage|p2a: Enamorus|67/100
|-boost|p2a: Enamorus|def|1
|
|upkeep
|turn|10
|
|t:|1758963234
|switch|p1a: Pecharunt|Pecharunt|100/100
|move|p2a: Enamorus|Earth Power|p1a: Pecharunt
|-supereffective|p1a: Pecharunt
|-damage|p1a: Pecharunt|25/100
|
|upkeep
|turn|11
|
|t:|1758963239
|-terastallize|p1a: Pecharunt|Flying
|move|p2a: Enamorus|Earth Power|p1a: Pecharunt
|-immune|p1a: Pecharunt
|move|p1a: Pecharunt|Malignant Chain|p2a: Enamorus
|-supereffective|p2a: Enamorus
|-damage|p2a: Enamorus|0 fnt
|faint|p2a: Enamorus
|
|upkeep
|
|t:|1758963258
|switch|p2a: Great Tusk|Great Tusk|100/100
|turn|12
|
|t:|1758963261
|move|p2a: Great Tusk|Stealth Rock|p1a: Pecharunt
|-sidestart|p1: didijjb|move: Stealth Rock
|move|p1a: Pecharunt|Recover|p1a: Pecharunt
|-heal|p1a: Pecharunt|75/100
|
|upkeep
|turn|13
|
|t:|1758963265
|move|p2a: Great Tusk|Ice Spinner|p1a: Pecharunt
|-supereffective|p1a: Pecharunt
|-crit|p1a: Pecharunt
|-damage|p1a: Pecharunt|39/100
|move|p1a: Pecharunt|Malignant Chain|p2a: Great Tusk
|-resisted|p2a: Great Tusk
|-damage|p2a: Great Tusk|76/100
|-status|p2a: Great Tusk|tox
|-start|p2a: Great Tusk|confusion|[from] ability: Poison Puppeteer|[of] p1a: Pecharunt
|
|-damage|p2a: Great Tusk|70/100 tox|[from] psn
|upkeep
|turn|14
|
|t:|1758963273
|-end|p2a: Great Tusk|Protosynthesis|[silent]
|switch|p2a: Slowking|Slowking-Galar, M|66/100
|move|p1a: Pecharunt|Recover|p1a: Pecharunt
|-heal|p1a: Pecharunt|89/100
|
|upkeep
|turn|15
|
|t:|1758963278
|move|p1a: Pecharunt|Shadow Ball|p2a: Slowking
|-supereffective|p2a: Slowking
|-damage|p2a: Slowking|39/100
|move|p2a: Slowking|Ice Beam|p1a: Pecharunt
|-supereffective|p1a: Pecharunt
|-crit|p1a: Pecharunt
|-damage|p1a: Pecharunt|19/100
|
|upkeep
|turn|16
|
|t:|1758963289
|move|p1a: Pecharunt|Parting Shot|p2a: Slowking
|-unboost|p2a: Slowking|atk|1
|-unboost|p2a: Slowking|spa|1
|
|t:|1758963300
|switch|p1a: Iron Crown|Iron Crown|94/100|[from] Parting Shot
|-damage|p1a: Iron Crown|88/100|[from] Stealth Rock
|move|p2a: Slowking|Flamethrower|p1a: Iron Crown
|-supereffective|p1a: Iron Crown
|-damage|p1a: Iron Crown|56/100
|
|upkeep
|turn|17
|
|t:|1758963312
|switch|p2a: Kingambit|Kingambit, F|88/100
|-activate|p2a: Kingambit|ability: Supreme Overlord
|-start|p2a: Kingambit|fallen1|[silent]
|move|p1a: Iron Crown|Tachyon Cutter|p2a: Kingambit
|-resisted|p2a: Kingambit
|-damage|p2a: Kingambit|77/100
|-resisted|p2a: Kingambit
|-damage|p2a: Kingambit|64/100
|-hitcount|p2a: Kingambit|2
|
|-heal|p2a: Kingambit|70/100|[from] item: Leftovers
|upkeep
|turn|18
|
|t:|1758963332
|-end|p1a: Iron Crown|Quark Drive|[silent]
|switch|p1a: Zamazenta|Zamazenta|84/100
|-damage|p1a: Zamazenta|77/100|[from] Stealth Rock
|-end|p2a: Kingambit|fallen1|[silent]
|switch|p2a: Primarina|Primarina, F|81/100
|
|-heal|p2a: Primarina|87/100|[from] item: Leftovers
|upkeep
|turn|19
|
|t:|1758963342
|move|p1a: Zamazenta|Heavy Slam|p2a: Primarina
|-damage|p2a: Primarina|10/100
|move|p2a: Primarina|Moonblast|p1a: Zamazenta
|-supereffective|p1a: Zamazenta
|-damage|p1a: Zamazenta|0 fnt
|faint|p1a: Zamazenta
|
|-heal|p2a: Primarina|16/100|[from] item: Leftovers
|upkeep
|
|t:|1758963351
|switch|p1a: Kleavor|Kleavor, M|100/100
|-damage|p1a: Kleavor|76/100|[from] Stealth Rock
|turn|20
|
|t:|1758963360
|move|p1a: Kleavor|Stone Axe|p2a: Primarina
|-damage|p2a: Primarina|0 fnt
|-sidestart|p2: gumpgumpgumpgu|move: Stealth Rock
|faint|p2a: Primarina
|
|upkeep
|
|t:|1758963364
|switch|p2a: Great Tusk|Great Tusk|70/100 tox
|-damage|p2a: Great Tusk|67/100 tox|[from] Stealth Rock
|turn|21
|
|t:|1758963368
|switch|p1a: Pecharunt|Pecharunt, tera:Flying|19/100
|move|p2a: Great Tusk|Rapid Spin|p1a: Pecharunt
|-damage|p1a: Pecharunt|11/100
|-boost|p2a: Great Tusk|spe|1
|-sideend|p2: gumpgumpgumpgu|Stealth Rock|[from] move: Rapid Spin|[of] p2a: Great Tusk
|
|-damage|p2a: Great Tusk|61/100 tox|[from] psn
|upkeep
|turn|22
|
|t:|1758963374
|move|p2a: Great Tusk|Ice Spinner|p1a: Pecharunt
|-supereffective|p1a: Pecharunt
|-damage|p1a: Pecharunt|0 fnt
|faint|p1a: Pecharunt
|
|-damage|p2a: Great Tusk|48/100 tox|[from] psn
|upkeep
|
|t:|1758963384
|switch|p1a: Dragapult|Dragapult, F|100/100
|-damage|p1a: Dragapult|88/100|[from] Stealth Rock
|turn|23
|
|t:|1758963390
|move|p2a: Great Tusk|Ice Spinner|p1a: Dragapult
|-supereffective|p1a: Dragapult
|-damage|p1a: Dragapult|6/100
|move|p1a: Dragapult|Dragon Darts|p2a: Great Tusk
|-damage|p2a: Great Tusk|21/100 tox
|-anim|p1a: Dragapult|Dragon Darts|p2a: Great Tusk
|-damage|p2a: Great Tusk|0 fnt
|faint|p2a: Great Tusk
|-end|p2a: Great Tusk|Protosynthesis|[silent]
|
|upkeep
|
|t:|1758963412
|switch|p2a: Slowking|Slowking-Galar, M|72/100
|turn|24
|
|t:|1758963416
|move|p1a: Dragapult|Dragon Darts|p2a: Slowking
|-damage|p2a: Slowking|44/100
|-anim|p1a: Dragapult|Dragon Darts|p2a: Slowking
|-damage|p2a: Slowking|17/100
|move|p2a: Slowking|Flamethrower|p1a: Dragapult
|-resisted|p1a: Dragapult
|-damage|p1a: Dragapult|0 fnt
|faint|p1a: Dragapult
|
|upkeep
|
|t:|1758963421
|switch|p1a: Kleavor|Kleavor, M|76/100
|-damage|p1a: Kleavor|51/100|[from] Stealth Rock
|turn|25
|
|t:|1758963428
|move|p1a: Kleavor|Stone Axe|p2a: Slowking
|-damage|p2a: Slowking|0 fnt
|-sidestart|p2: gumpgumpgumpgu|move: Stealth Rock
|faint|p2a: Slowking
|
|upkeep
|
|t:|1758963440
|switch|p2a: Ogerpon|Ogerpon, F|100/100
|-damage|p2a: Ogerpon|88/100|[from] Stealth Rock
|turn|26
|
|t:|1758963444
|-terastallize|p2a: Ogerpon|Grass
|detailschange|p2a: Ogerpon|Ogerpon-Teal-Tera, F, tera:Grass
|-ability|p2a: Ogerpon|Embody Aspect (Teal)|boost
|-boost|p2a: Ogerpon|spe|1
|move|p2a: Ogerpon|Ivy Cudgel|p1a: Kleavor
|-damage|p1a: Kleavor|0 fnt
|faint|p1a: Kleavor
|
|upkeep
|inactive|didijjb has 120 seconds left.
|inactive|didijjb has 90 seconds left.
|inactive|didijjb has 60 seconds left.
|inactive|didijjb has 30 seconds left.
|inactive|didijjb has 20 seconds left.
|inactive|didijjb has 15 seconds left.
|inactive|didijjb has 10 seconds left.
|inactive|didijjb has 5 seconds left.
|-message|didijjb lost due to inactivity.
|
|win|gumpgumpgumpgu
|raw|didijjb's rating: 1327 &rarr; <strong>1312</strong><br />(-15 for losing)
|raw|gumpgumpgumpgu's rating: 1408 &rarr; <strong>1423</strong><br />(+15 for winning)
|l|☆gumpgumpgumpgu
|player|p2|
