|j|☆JyroSSJ
|j|☆tscher
|t:|1759078277
|gametype|singles
|player|p1|JyroSSJ|102|1219
|player|p2|tscher|1|1261
|gen|9
|tier|[Gen 9] OU
|rated|
|rule|HP Percentage Mod: HP is shown in percentages
|rule|Endless Battle Clause: Forcing endless battles is banned
|rule|Species Clause: Limit one of each Pokémon
|rule|OHKO Clause: OHKO moves are banned
|rule|Evasion Items Clause: Evasion items are banned
|rule|Evasion Moves Clause: Evasion moves are banned
|rule|Evasion Abilities Clause: Evasion abilities are banned
|rule|Sleep Moves Clause: Sleep-inducing moves are banned
|clearpoke
|poke|p1|Kingambit, M|
|poke|p1|Meowscarada, F|
|poke|p1|Great Tusk|
|poke|p1|Skeledirge, F|
|poke|p1|Dragapult, M|
|poke|p1|Clodsire, F|
|poke|p2|Glalie, F|
|poke|p2|Heatran, M|
|poke|p2|Scizor, F|
|poke|p2|Moltres|
|poke|p2|Ogerpon-Wellspring, F|
|poke|p2|Great Tusk|
|teampreview
|
|t:|1759078286
|teamsize|p1|6
|teamsize|p2|6
|start
|switch|p1a: Meowscarada|Meowscarada, F|100/100
|switch|p2a: Glalie|Glalie, F|100/100
|turn|1
|inactive|Battle timer is ON: inactive players will automatically lose when time's up. (requested by JyroSSJ)
|
|t:|1759078292
|move|p2a: Glalie|Freeze-Dry|p1a: Meowscarada
|-supereffective|p1a: Meowscarada
|-damage|p1a: Meowscarada|12/100
|move|p1a: Meowscarada|Knock Off|p2a: Glalie
|-start|p1a: Meowscarada|typechange|Dark|[from] ability: Protean
|-damage|p2a: Glalie|44/100
|-enditem|p2a: Glalie|Choice Scarf|[from] move: Knock Off|[of] p1a: Meowscarada
|
|upkeep
|turn|2
|
|t:|1759078317
|switch|p2a: Moltres|Moltres|100/100
|move|p1a: Meowscarada|Knock Off|p2a: Moltres
|-damage|p2a: Moltres|55/100
|-enditem|p2a: Moltres|Heavy-Duty Boots|[from] move: Knock Off|[of] p1a: Meowscarada
|
|upkeep
|turn|3
|
|t:|1759078329
|move|p1a: Meowscarada|U-turn|p2a: Moltres
|-resisted|p2a: Moltres
|-damage|p2a: Moltres|49/100
|
|t:|1759078333
|switch|p1a: Skeledirge|Skeledirge, F|100/100|[from] U-turn
|move|p2a: Moltres|Flamethrower|p1a: Skeledirge
|-resisted|p1a: Skeledirge
|-damage|p1a: Skeledirge|73/100
|
|upkeep
|turn|4
|
|t:|1759078339
|move|p2a: Moltres|Scorching Sands|p1a: Skeledirge
|-supereffective|p1a: Skeledirge
|-damage|p1a: Skeledirge|17/100
|move|p1a: Skeledirge|Alluring Voice|p2a: Moltres
|-resisted|p2a: Moltres
|-damage|p2a: Moltres|37/100
|
|upkeep
|turn|5
|
|t:|1759078352
|move|p2a: Moltres|Scorching Sands|p1a: Skeledirge
|-supereffective|p1a: Skeledirge
|-damage|p1a: Skeledirge|0 fnt
|faint|p1a: Skeledirge
|
|upkeep
|
|t:|1759078354
|switch|p1a: Meowscarada|Meowscarada, F|12/100
|turn|6
|
|t:|1759078369
|move|p1a: Meowscarada|Knock Off|p2a: Moltres
|-start|p1a: Meowscarada|typechange|Dark|[from] ability: Protean
|-damage|p2a: Moltres|4/100
|move|p2a: Moltres|Roost|p2a: Moltres
|-heal|p2a: Moltres|54/100
|-singleturn|p2a: Moltres|move: Roost
|
|upkeep
|turn|7
|
|t:|1759078379
|move|p1a: Meowscarada|Knock Off|p2a: Moltres
|-damage|p2a: Moltres|20/100
|-status|p1a: Meowscarada|brn|[from] ability: Flame Body|[of] p2a: Moltres
|move|p2a: Moltres|Hurricane|p1a: Meowscarada|[miss]
|-miss|p2a: Moltres|p1a: Meowscarada
|
|-damage|p1a: Meowscarada|6/100 brn|[from] brn
|upkeep
|turn|8
|
|t:|1759078386
|switch|p2a: Glalie|Glalie, F|44/100
|move|p1a: Meowscarada|Knock Off|p2a: Glalie
|-damage|p2a: Glalie|24/100
|
|-damage|p1a: Meowscarada|0 fnt|[from] brn
|faint|p1a: Meowscarada
|upkeep
|
|t:|1759078393
|switch|p1a: Dragapult|Dragapult, M|100/100
|turn|9
|
|t:|1759078404
|move|p1a: Dragapult|Flamethrower|p2a: Glalie
|-supereffective|p2a: Glalie
|-damage|p2a: Glalie|0 fnt
|faint|p2a: Glalie
|
|upkeep
|
|t:|1759078416
|switch|p2a: Heatran|Heatran, M|100/100
|turn|10
|
|t:|1759078421
|switch|p1a: Great Tusk|Great Tusk|100/100
|move|p2a: Heatran|Magma Storm|p1a: Great Tusk
|-damage|p1a: Great Tusk|45/100
|-activate|p1a: Great Tusk|move: Magma Storm|[of] p2a: Heatran
|
|-heal|p1a: Great Tusk|51/100|[from] item: Leftovers
|-damage|p1a: Great Tusk|38/100|[from] move: Magma Storm|[partiallytrapped]
|upkeep
|turn|11
|
|t:|1759078429
|switch|p2a: Moltres|Moltres|20/100
|move|p1a: Great Tusk|Earthquake|p2a: Moltres
|-immune|p2a: Moltres
|
|-heal|p1a: Great Tusk|45/100|[from] item: Leftovers
|-end|p1a: Great Tusk|Magma Storm|[partiallytrapped]|[silent]
|upkeep
|turn|12
|
|t:|1759078433
|move|p2a: Moltres|Flamethrower|p1a: Great Tusk
|-damage|p1a: Great Tusk|0 fnt
|faint|p1a: Great Tusk
|-end|p1a: Great Tusk|Protosynthesis|[silent]
|
|upkeep
|
|t:|1759078437
|switch|p1a: Dragapult|Dragapult, M|100/100
|turn|13
|
|t:|1759078440
|move|p1a: Dragapult|Surf|p2a: Moltres
|-supereffective|p2a: Moltres
|-damage|p2a: Moltres|0 fnt
|faint|p2a: Moltres
|
|upkeep
|
|t:|1759078443
|switch|p2a: Ogerpon|Ogerpon-Wellspring, F|100/100
|turn|14
|
|t:|1759078449
|switch|p1a: Clodsire|Clodsire, F|100/100
|move|p2a: Ogerpon|Swords Dance|p2a: Ogerpon
|-boost|p2a: Ogerpon|atk|2
|
|upkeep
|turn|15
|
|t:|1759078452
|move|p2a: Ogerpon|Power Whip|p1a: Clodsire
|-damage|p1a: Clodsire|0 fnt
|faint|p1a: Clodsire
|
|upkeep
|
|t:|1759078456
|switch|p1a: Dragapult|Dragapult, M|100/100
|turn|16
|
|t:|1759078461
|move|p1a: Dragapult|Shadow Ball|p2a: Ogerpon
|-damage|p2a: Ogerpon|59/100
|move|p2a: Ogerpon|Play Rough|p1a: Dragapult
|-supereffective|p1a: Dragapult
|-damage|p1a: Dragapult|0 fnt
|faint|p1a: Dragapult
|
|upkeep
|
|t:|1759078463
|switch|p1a: Kingambit|Kingambit, M|100/100
|-activate|p1a: Kingambit|ability: Supreme Overlord
|-start|p1a: Kingambit|fallen5|[silent]
|turn|17
|
|t:|1759078468
|move|p1a: Kingambit|Sucker Punch|p2a: Ogerpon
|-damage|p2a: Ogerpon|0 fnt
|faint|p2a: Ogerpon
|
|upkeep
|
|t:|1759078479
|switch|p2a: Heatran|Heatran, M|100/100
|turn|18
|
|t:|1759078497
|-terastallize|p1a: Kingambit|Dark
|move|p2a: Heatran|Body Press|p1a: Kingambit
|-supereffective|p1a: Kingambit
|-damage|p1a: Kingambit|62/100
|move|p1a: Kingambit|Swords Dance|p1a: Kingambit
|-boost|p1a: Kingambit|atk|2
|
|upkeep
|turn|19
|inactive|JyroSSJ has 120 seconds left.
|
|t:|1759078535
|move|p1a: Kingambit|Sucker Punch|p2a: Heatran
|-damage|p2a: Heatran|0 fnt
|faint|p2a: Heatran
|
|upkeep
|j| Albrtix
|
|t:|1759078554
|switch|p2a: Great Tusk|Great Tusk|100/100
|turn|20
|inactive|JyroSSJ has 120 seconds left.
|
|t:|1759078565
|move|p2a: Great Tusk|Close Combat|p1a: Kingambit
|-supereffective|p1a: Kingambit
|-damage|p1a: Kingambit|0 fnt
|-unboost|p2a: Great Tusk|def|1
|-unboost|p2a: Great Tusk|spd|1
|faint|p1a: Kingambit
|-end|p1a: Kingambit|fallen5|[silent]
|
|win|tscher
|raw|JyroSSJ's rating: 1219 &rarr; <strong>1197</strong><br />(-22 for losing)
|raw|tscher's rating: 1261 &rarr; <strong>1283</strong><br />(+22 for winning)
