|j|☆Timmersu
|j|☆daequagz
|t:|1758939105
|gametype|singles
|player|p1|Timmersu|kimonogirl|1229
|player|p2|daequagz|swimmerf-gen4|1268
|gen|9
|tier|[Gen 9] OU
|rated|
|rule|HP Percentage Mod: HP is shown in percentages
|rule|Endless Battle Clause: Forcing endless battles is banned
|rule|Species Clause: Limit one of each Pokémon
|rule|OHKO Clause: OHKO moves are banned
|rule|Evasion Items Clause: Evasion items are banned
|rule|Evasion Moves Clause: Evasion moves are banned
|rule|Evasion Abilities Clause: Evasion abilities are banned
|rule|Sleep Moves Clause: Sleep-inducing moves are banned
|clearpoke
|poke|p1|Polteageist|
|poke|p1|Trevenant, F|
|poke|p1|Gengar, F|
|poke|p1|Chandelure, M|
|poke|p1|Sableye, M|
|poke|p1|Misdreavus, M|
|poke|p2|Dragapult, F|
|poke|p2|Scizor, M|
|poke|p2|Dragonite, M|
|poke|p2|Gholdengo|
|poke|p2|Samurott-Hisui, M|
|poke|p2|Corviknight, M|
|teampreview
|inactive|Battle timer is ON: inactive players will automatically lose when time's up. (requested by Timmersu)
|
|t:|1758939109
|teamsize|p1|6
|teamsize|p2|6
|start
|switch|p1a: Sableye|Sableye, M|100/100
|switch|p2a: Samurott|Samurott-Hisui, M|100/100
|turn|1
|
|t:|1758939122
|move|p2a: Samurott|Ceaseless Edge|p1a: Sableye
|-damage|p1a: Sableye|55/100
|-sidestart|p1: Timmersu|Spikes
|move|p1a: Sableye|Knock Off|p2a: Samurott
|-resisted|p2a: Samurott
|-damage|p2a: Samurott|83/100
|-enditem|p2a: Samurott|Focus Sash|[from] move: Knock Off|[of] p1a: Sableye
|
|upkeep
|turn|2
|
|t:|1758939139
|move|p2a: Samurott|Ceaseless Edge|p1a: Sableye
|-damage|p1a: Sableye|14/100
|-sidestart|p1: Timmersu|Spikes
|move|p1a: Sableye|Knock Off|p2a: Samurott
|-resisted|p2a: Samurott
|-damage|p2a: Samurott|72/100
|
|upkeep
|turn|3
|
|t:|1758939149
|move|p1a: Sableye|Encore|p2a: Samurott
|-hint|Since gen 7, Dark is immune to Prankster moves.
|-immune|p2a: Samurott
|move|p2a: Samurott|Ceaseless Edge|p1a: Sableye
|-damage|p1a: Sableye|0 fnt
|-sidestart|p1: Timmersu|Spikes
|faint|p1a: Sableye
|
|upkeep
|
|t:|1758939156
|switch|p1a: Gengar|Gengar, F|100/100
|-item|p1a: Gengar|Air Balloon
|turn|4
|
|t:|1758939171
|move|p1a: Gengar|Focus Blast|p2a: Samurott
|-supereffective|p2a: Samurott
|-damage|p2a: Samurott|0 fnt
|faint|p2a: Samurott
|
|upkeep
|
|t:|1758939188
|switch|p2a: Dragapult|Dragapult, F|100/100
|turn|5
|
|t:|1758939208
|move|p2a: Dragapult|Dragon Darts|p1a: Gengar
|-damage|p1a: Gengar|28/100
|-enditem|p1a: Gengar|Air Balloon
|-anim|p2a: Dragapult|Dragon Darts|p1a: Gengar
|-damage|p1a: Gengar|0 fnt
|-start|p2a: Dragapult|Disable|Dragon Darts|[from] ability: Cursed Body|[of] p1a: Gengar
|faint|p1a: Gengar
|
|upkeep
|
|t:|1758939217
|switch|p1a: Misdreavus|Misdreavus, M|100/100
|turn|6
|
|t:|1758939229
|switch|p2a: Corviknight|Corviknight, M|100/100
|-ability|p2a: Corviknight|Pressure
|move|p1a: Misdreavus|Thunder Wave|p2a: Corviknight
|-status|p2a: Corviknight|par
|
|upkeep
|turn|7
|
|t:|1758939239
|move|p1a: Misdreavus|Confuse Ray|p2a: Corviknight
|-start|p2a: Corviknight|confusion
|-activate|p2a: Corviknight|confusion
|move|p2a: Corviknight|Brave Bird|p1a: Misdreavus
|-damage|p1a: Misdreavus|62/100
|-damage|p2a: Corviknight|90/100 par|[from] Recoil
|
|upkeep
|turn|8
|
|t:|1758939248
|move|p1a: Misdreavus|Calm Mind|p1a: Misdreavus
|-boost|p1a: Misdreavus|spa|1
|-boost|p1a: Misdreavus|spd|1
|-activate|p2a: Corviknight|confusion
|move|p2a: Corviknight|Brave Bird|p1a: Misdreavus
|-damage|p1a: Misdreavus|26/100
|-damage|p2a: Corviknight|80/100 par|[from] Recoil
|
|upkeep
|turn|9
|
|t:|1758939258
|move|p1a: Misdreavus|Calm Mind|p1a: Misdreavus
|-boost|p1a: Misdreavus|spa|1
|-boost|p1a: Misdreavus|spd|1
|-end|p2a: Corviknight|confusion
|cant|p2a: Corviknight|par
|
|upkeep
|turn|10
|
|t:|1758939265
|move|p1a: Misdreavus|Shadow Ball|p2a: Corviknight
|-damage|p2a: Corviknight|11/100 par
|move|p2a: Corviknight|Brave Bird|p1a: Misdreavus
|-damage|p1a: Misdreavus|0 fnt
|faint|p1a: Misdreavus
|-damage|p2a: Corviknight|4/100 par|[from] Recoil
|
|upkeep
|
|t:|1758939277
|switch|p1a: Trevenant|Trevenant, F|100/100
|-damage|p1a: Trevenant|76/100|[from] Spikes
|turn|11
|
|t:|1758939287
|move|p1a: Trevenant|Poltergeist|p2a: Corviknight
|-activate|p2a: Corviknight|move: Poltergeist|Rocky Helmet
|-damage|p2a: Corviknight|0 fnt
|faint|p2a: Corviknight
|-damage|p1a: Trevenant|66/100|[from] item: Life Orb
|
|upkeep
|
|t:|1758939302
|switch|p2a: Dragapult|Dragapult, F|100/100
|turn|12
|
|t:|1758939305
|-terastallize|p2a: Dragapult|Dragon
|move|p1a: Trevenant|Sucker Punch|p2a: Dragapult
|-damage|p2a: Dragapult|55/100
|-damage|p1a: Trevenant|56/100|[from] item: Life Orb
|move|p2a: Dragapult|Dragon Darts|p1a: Trevenant
|-damage|p1a: Trevenant|0 fnt
|faint|p1a: Trevenant
|
|upkeep
|
|t:|1758939322
|switch|p1a: Polteageist|Polteageist|100/100
|-damage|p1a: Polteageist|75/100|[from] Spikes
|turn|13
|
|t:|1758939328
|move|p2a: Dragapult|Dragon Darts|p1a: Polteageist
|-damage|p1a: Polteageist|21/100
|-anim|p2a: Dragapult|Dragon Darts|p1a: Polteageist
|-damage|p1a: Polteageist|0 fnt
|faint|p1a: Polteageist
|
|upkeep
|
|t:|1758939333
|switch|p1a: Chandelure|Chandelure, M|100/100
|-damage|p1a: Chandelure|76/100|[from] Spikes
|turn|14
|
|t:|1758939341
|-terastallize|p1a: Chandelure|Grass
|move|p2a: Dragapult|Dragon Darts|p1a: Chandelure
|-damage|p1a: Chandelure|10/100
|-anim|p2a: Dragapult|Dragon Darts|p1a: Chandelure
|-damage|p1a: Chandelure|0 fnt
|faint|p1a: Chandelure
|
|win|daequagz
|raw|Timmersu's rating: 1229 &rarr; <strong>1207</strong><br />(-22 for losing)
|raw|daequagz's rating: 1268 &rarr; <strong>1290</strong><br />(+22 for winning)
|l|☆Timmersu
|player|p1|
