|j|☆Varen21
|j|☆ServineLover123
|t:|1758978434
|gametype|singles
|player|p1|Varen21|2|1134
|player|p2|ServineLover123|richboy|1136
|gen|9
|tier|[Gen 9] OU
|rated|
|rule|HP Percentage Mod: HP is shown in percentages
|rule|Endless Battle Clause: Forcing endless battles is banned
|rule|Species Clause: Limit one of each Pokémon
|rule|OHKO Clause: OHKO moves are banned
|rule|Evasion Items Clause: Evasion items are banned
|rule|Evasion Moves Clause: Evasion moves are banned
|rule|Evasion Abilities Clause: Evasion abilities are banned
|rule|Sleep Moves Clause: Sleep-inducing moves are banned
|clearpoke
|poke|p1|Hippowdon, M|
|poke|p1|Excadrill, M|
|poke|p1|Tyranitar, M|
|poke|p1|Zapdos|
|poke|p1|Gengar, F|
|poke|p1|Houndstone, F|
|poke|p2|Araquanid, M|
|poke|p2|Enamorus, F|
|poke|p2|Serperior, F|
|poke|p2|Cinderace, M|
|poke|p2|Servine, M|
|poke|p2|Kingambit, F|
|teampreview
|
|t:|1758978455
|teamsize|p1|6
|teamsize|p2|6
|start
|switch|p1a: Gengar|Gengar, F|100/100
|switch|p2a: Michelle|Araquanid, M|100/100
|turn|1
|
|t:|1758978460
|move|p1a: Gengar|Sludge Bomb|p2a: Michelle
|-damage|p2a: Michelle|61/100
|-status|p2a: Michelle|psn
|move|p2a: Michelle|Surf|p1a: Gengar
|-damage|p1a: Gengar|7/100
|-start|p2a: Michelle|Disable|Surf|[from] ability: Cursed Body|[of] p1a: Gengar
|
|-damage|p2a: Michelle|48/100 psn|[from] psn
|upkeep
|turn|2
|
|t:|1758978467
|move|p1a: Gengar|Sludge Bomb|p2a: Michelle
|-damage|p2a: Michelle|13/100 psn
|move|p2a: Michelle|Sticky Web|p1a: Gengar
|-sidestart|p1: Varen21|move: Sticky Web
|
|-damage|p2a: Michelle|1/100 psn|[from] psn
|upkeep
|turn|3
|-enditem|p2a: Michelle|Custap Berry|[eat]
|-activate|p2a: Michelle|item: Custap Berry|[consumed]
|
|t:|1758978474
|switch|p1a: Hippowdon|Hippowdon, M|100/100
|-activate|p1a: Hippowdon|move: Sticky Web
|-unboost|p1a: Hippowdon|spe|1
|-weather|Sandstorm|[from] ability: Sand Stream|[of] p1a: Hippowdon
|move|p2a: Michelle|Bug Buzz|p1a: Hippowdon
|-damage|p1a: Hippowdon|73/100
|
|-weather|Sandstorm|[upkeep]
|-damage|p2a: Michelle|0 fnt|[from] Sandstorm
|faint|p2a: Michelle
|upkeep
|
|t:|1758978481
|switch|p2a: Servine|Servine, M|100/100
|turn|4
|
|t:|1758978487
|-terastallize|p1a: Hippowdon|Dragon
|move|p2a: Servine|Substitute|p2a: Servine
|-start|p2a: Servine|Substitute
|-damage|p2a: Servine|76/100
|move|p1a: Hippowdon|Stealth Rock|p2a: Servine
|-sidestart|p2: ServineLover123|move: Stealth Rock
|
|-weather|Sandstorm|[upkeep]
|-damage|p2a: Servine|70/100|[from] Sandstorm
|-damage|p1a: Hippowdon|67/100|[from] Sandstorm
|upkeep
|turn|5
|
|t:|1758978493
|move|p2a: Servine|Leech Seed|p1a: Hippowdon
|-start|p1a: Hippowdon|move: Leech Seed
|move|p1a: Hippowdon|Roar|p2a: Servine
|drag|p2a: Piper|Cinderace, M|100/100
|
|-weather|Sandstorm|[upkeep]
|-damage|p2a: Piper|95/100|[from] Sandstorm
|-damage|p1a: Hippowdon|61/100|[from] Sandstorm
|-damage|p1a: Hippowdon|49/100|[from] Leech Seed|[of] p2a: Piper
|-heal|p2a: Piper|100/100|[silent]
|upkeep
|turn|6
|
|t:|1758978504
|switch|p1a: Gengar|Gengar, F|7/100
|-activate|p1a: Gengar|move: Sticky Web
|-unboost|p1a: Gengar|spe|1
|move|p2a: Piper|Will-O-Wisp|p1a: Gengar
|-status|p1a: Gengar|brn
|
|-weather|Sandstorm|[upkeep]
|-damage|p2a: Piper|95/100|[from] Sandstorm
|-damage|p1a: Gengar|1/100 brn|[from] Sandstorm
|-damage|p1a: Gengar|0 fnt|[from] brn
|faint|p1a: Gengar
|upkeep
|
|t:|1758978510
|switch|p1a: Excadrill|Excadrill, M|100/100
|-activate|p1a: Excadrill|move: Sticky Web
|-unboost|p1a: Excadrill|spe|1
|turn|7
|
|t:|1758978516
|-terastallize|p2a: Piper|Ghost
|move|p2a: Piper|Court Change|p2a: Piper
|-swapsideconditions
|-activate|p2a: Piper|move: Court Change
|move|p1a: Excadrill|Rapid Spin|p2a: Piper
|-immune|p2a: Piper
|
|-weather|Sandstorm|[upkeep]
|-damage|p2a: Piper|89/100|[from] Sandstorm
|upkeep
|turn|8
|
|t:|1758978527
|move|p2a: Piper|Pyro Ball|p1a: Excadrill
|-supereffective|p1a: Excadrill
|-enditem|p1a: Excadrill|Focus Sash
|-damage|p1a: Excadrill|1/100
|move|p1a: Excadrill|Earthquake|p2a: Piper
|-damage|p2a: Piper|7/100
|
|-weather|Sandstorm|[upkeep]
|-damage|p2a: Piper|1/100|[from] Sandstorm
|upkeep
|turn|9
|
|t:|1758978536
|move|p2a: Piper|Pyro Ball|p1a: Excadrill
|-supereffective|p1a: Excadrill
|-damage|p1a: Excadrill|0 fnt
|faint|p1a: Excadrill
|
|-weather|Sandstorm|[upkeep]
|-damage|p2a: Piper|0 fnt|[from] Sandstorm
|faint|p2a: Piper
|upkeep
|
|t:|1758978565
|switch|p2a: Servine|Servine, M|70/100
|switch|p1a: Zapdos|Zapdos|100/100
|-activate|p2a: Servine|move: Sticky Web
|-boost|p2a: Servine|spe|1
|-damage|p1a: Zapdos|75/100|[from] Stealth Rock
|turn|10
|inactive|Battle timer is ON: inactive players will automatically lose when time's up. (requested by Varen21)
|
|t:|1758978587
|move|p2a: Servine|Leech Seed|p1a: Zapdos
|-start|p1a: Zapdos|move: Leech Seed
|move|p1a: Zapdos|Volt Switch|p2a: Servine
|-resisted|p2a: Servine
|-damage|p2a: Servine|53/100
|
|t:|1758978597
|switch|p1a: Hippowdon|Hippowdon, M, tera:Dragon|49/100|[from] Volt Switch
|-damage|p1a: Hippowdon|36/100|[from] Stealth Rock
|
|-weather|none
|upkeep
|turn|11
|
|t:|1758978605
|move|p2a: Servine|Glare|p1a: Hippowdon
|-status|p1a: Hippowdon|par
|move|p1a: Hippowdon|Roar|p2a: Servine
|drag|p2a: Penelope|Kingambit, F|100/100
|-activate|p2a: Penelope|move: Sticky Web
|-unboost|p2a: Penelope|spe|1
|-ability|p2a: Penelope|Defiant|boost
|-boost|p2a: Penelope|atk|2
|
|upkeep
|turn|12
|
|t:|1758978616
|move|p2a: Penelope|Kowtow Cleave|p1a: Hippowdon
|-damage|p1a: Hippowdon|0 fnt
|faint|p1a: Hippowdon
|
|upkeep
|
|t:|1758978624
|switch|p1a: Zapdos|Zapdos|75/100
|-damage|p1a: Zapdos|50/100|[from] Stealth Rock
|turn|13
|
|t:|1758978643
|move|p2a: Penelope|Sucker Punch||[still]
|-fail|p2a: Penelope
|move|p1a: Zapdos|Roost|p1a: Zapdos
|-heal|p1a: Zapdos|100/100
|-singleturn|p1a: Zapdos|move: Roost
|
|upkeep
|turn|14
|
|t:|1758978648
|switch|p2a: Servine|Servine, M|53/100
|-activate|p2a: Servine|move: Sticky Web
|-boost|p2a: Servine|spe|1
|move|p1a: Zapdos|Hurricane|p2a: Servine
|-supereffective|p2a: Servine
|-damage|p2a: Servine|0 fnt
|faint|p2a: Servine
|
|upkeep
|
|t:|1758978653
|switch|p2a: Patrick|Enamorus, F|100/100
|turn|15
|
|t:|1758978659
|move|p2a: Patrick|Moonblast|p1a: Zapdos
|-damage|p1a: Zapdos|25/100
|move|p1a: Zapdos|Thunderbolt|p2a: Patrick
|-supereffective|p2a: Patrick
|-damage|p2a: Patrick|0 fnt
|faint|p2a: Patrick
|
|-heal|p1a: Zapdos|32/100|[from] item: Leftovers
|upkeep
|
|t:|1758978666
|switch|p2a: Luis|Serperior, F|100/100
|-activate|p2a: Luis|move: Sticky Web
|-boost|p2a: Luis|spe|1
|turn|16
|
|t:|1758978673
|move|p2a: Luis|Leaf Storm|p1a: Zapdos
|-resisted|p1a: Zapdos
|-damage|p1a: Zapdos|9/100
|-boost|p2a: Luis|spa|2
|move|p1a: Zapdos|Roost|p1a: Zapdos
|-heal|p1a: Zapdos|59/100
|-singleturn|p1a: Zapdos|move: Roost
|
|-heal|p1a: Zapdos|65/100|[from] item: Leftovers
|upkeep
|turn|17
|
|t:|1758978684
|move|p2a: Luis|Leaf Storm|p1a: Zapdos
|-resisted|p1a: Zapdos
|-damage|p1a: Zapdos|17/100
|-boost|p2a: Luis|spa|2
|move|p1a: Zapdos|Hurricane|p2a: Luis|[miss]
|-miss|p1a: Zapdos|p2a: Luis
|
|-heal|p1a: Zapdos|23/100|[from] item: Leftovers
|upkeep
|turn|18
|
|t:|1758978693
|move|p2a: Luis|Leaf Storm|p1a: Zapdos
|-resisted|p1a: Zapdos
|-damage|p1a: Zapdos|0 fnt
|-boost|p2a: Luis|spa|2
|faint|p1a: Zapdos
|
|upkeep
|
|t:|1758978695
|switch|p1a: Tyranitar|Tyranitar, M|100/100
|-damage|p1a: Tyranitar|88/100|[from] Stealth Rock
|-weather|Sandstorm|[from] ability: Sand Stream|[of] p1a: Tyranitar
|turn|19
|
|t:|1758978715
|move|p2a: Luis|Leaf Storm|p1a: Tyranitar
|-supereffective|p1a: Tyranitar
|-damage|p1a: Tyranitar|0 fnt
|faint|p1a: Tyranitar
|
|-weather|Sandstorm|[upkeep]
|-damage|p2a: Luis|94/100|[from] Sandstorm
|-heal|p2a: Luis|100/100|[from] item: Leftovers
|upkeep
|
|t:|1758978721
|switch|p1a: Houndstone|Houndstone, F|100/100
|-damage|p1a: Houndstone|88/100|[from] Stealth Rock
|turn|20
|
|t:|1758978745
|move|p2a: Luis|Leaf Storm|p1a: Houndstone|[miss]
|-miss|p2a: Luis|p1a: Houndstone
|move|p1a: Houndstone|Poltergeist|p2a: Luis
|-activate|p2a: Luis|move: Poltergeist|Leftovers
|-damage|p2a: Luis|7/100
|
|-weather|Sandstorm|[upkeep]
|-damage|p2a: Luis|1/100|[from] Sandstorm
|-heal|p2a: Luis|7/100|[from] item: Leftovers
|upkeep
|turn|21
|inactive|ServineLover123 has 120 seconds left.
|
|t:|1758978766
|move|p2a: Luis|Leaf Storm|p1a: Houndstone
|-damage|p1a: Houndstone|0 fnt
|faint|p1a: Houndstone
|
|win|ServineLover123
|raw|Varen21's rating: 1134 &rarr; <strong>1109</strong><br />(-25 for losing)
|raw|ServineLover123's rating: 1136 &rarr; <strong>1161</strong><br />(+25 for winning)
|l|☆ServineLover123
|player|p2|
|l|☆Varen21
|player|p1|
