|j|☆X Star_Sun Y
|j|☆Campyy
|t:|1758952815
|gametype|singles
|player|p1|X Star_Sun Y|169|1227
|player|p2|Campyy|2|1324
|gen|9
|tier|[Gen 9] OU
|rated|
|rule|HP Percentage Mod: HP is shown in percentages
|rule|Endless Battle Clause: Forcing endless battles is banned
|rule|Species Clause: Limit one of each Pokémon
|rule|OHKO Clause: OHKO moves are banned
|rule|Evasion Items Clause: Evasion items are banned
|rule|Evasion Moves Clause: Evasion moves are banned
|rule|Evasion Abilities Clause: Evasion abilities are banned
|rule|Sleep Moves Clause: Sleep-inducing moves are banned
|clearpoke
|poke|p1|Ursaluna, M|
|poke|p1|Alomomola, F|
|poke|p1|Duraludon, M|
|poke|p1|Great Tusk|
|poke|p1|Kingambit, M|
|poke|p1|Hatterene, F|
|poke|p2|Kommo-o, M|
|poke|p2|Gholdengo|
|poke|p2|Ninetales-Alola, M|
|poke|p2|Hatterene, F|
|poke|p2|Zamazenta-*|
|poke|p2|Kingambit, M|
|teampreview
|inactive|Battle timer is ON: inactive players will automatically lose when time's up. (requested by Campyy)
|
|t:|1758952820
|teamsize|p1|6
|teamsize|p2|6
|start
|switch|p1a: Hatterene|Hatterene, F|100/100
|switch|p2a: Ninetales|Ninetales-Alola, M|100/100
|-weather|Snowscape|[from] ability: Snow Warning|[of] p2a: Ninetales
|turn|1
|
|t:|1758952826
|move|p2a: Ninetales|Aurora Veil|p2a: Ninetales
|-sidestart|p2: Campyy|move: Aurora Veil
|move|p1a: Hatterene|Mystical Fire|p2a: Ninetales
|-supereffective|p2a: Ninetales
|-damage|p2a: Ninetales|79/100
|-unboost|p2a: Ninetales|spa|1
|
|-weather|Snowscape|[upkeep]
|upkeep
|turn|2
|
|t:|1758952836
|switch|p2a: Gholdengo|Gholdengo|100/100
|move|p1a: Hatterene|Trick Room|p1a: Hatterene
|-fieldstart|move: Trick Room|[of] p1a: Hatterene
|
|-weather|Snowscape|[upkeep]
|upkeep
|turn|3
|
|t:|1758952841
|move|p1a: Hatterene|Mystical Fire|p2a: Gholdengo
|-supereffective|p2a: Gholdengo
|-damage|p2a: Gholdengo|73/100
|-unboost|p2a: Gholdengo|spa|1
|move|p2a: Gholdengo|Nasty Plot|p2a: Gholdengo
|-boost|p2a: Gholdengo|spa|2
|
|-weather|Snowscape|[upkeep]
|upkeep
|turn|4
|
|t:|1758952848
|-terastallize|p2a: Gholdengo|Fighting
|move|p1a: Hatterene|Mystical Fire|p2a: Gholdengo
|-damage|p2a: Gholdengo|59/100
|-unboost|p2a: Gholdengo|spa|1
|move|p2a: Gholdengo|Shadow Ball|p1a: Hatterene
|-supereffective|p1a: Hatterene
|-damage|p1a: Hatterene|17/100
|
|-weather|Snowscape|[upkeep]
|-heal|p1a: Hatterene|23/100|[from] item: Leftovers
|upkeep
|turn|5
|
|t:|1758952857
|move|p1a: Hatterene|Draining Kiss|p2a: Gholdengo
|-supereffective|p2a: Gholdengo
|-damage|p2a: Gholdengo|34/100
|-heal|p1a: Hatterene|42/100|[from] drain|[of] p2a: Gholdengo
|move|p2a: Gholdengo|Shadow Ball|p1a: Hatterene
|-supereffective|p1a: Hatterene
|-damage|p1a: Hatterene|0 fnt
|faint|p1a: Hatterene
|
|-weather|none
|upkeep
|
|t:|1758952868
|switch|p1a: Ursaluna|Ursaluna, M|100/100
|turn|6
|
|t:|1758952877
|switch|p2a: Zamazenta|Zamazenta|100/100
|-ability|p2a: Zamazenta|Dauntless Shield|boost
|-boost|p2a: Zamazenta|def|1
|move|p1a: Ursaluna|Facade|p2a: Zamazenta
|-damage|p2a: Zamazenta|87/100
|
|-fieldend|move: Trick Room
|-status|p1a: Ursaluna|brn|[from] item: Flame Orb
|upkeep
|turn|7
|
|t:|1758952890
|switch|p1a: Alomomola|Alomomola, F|100/100
|move|p2a: Zamazenta|Close Combat|p1a: Alomomola
|-damage|p1a: Alomomola|61/100
|-unboost|p2a: Zamazenta|def|1
|-unboost|p2a: Zamazenta|spd|1
|-damage|p2a: Zamazenta|70/100|[from] item: Rocky Helmet|[of] p1a: Alomomola
|-damage|p2a: Zamazenta|60/100|[from] item: Life Orb
|
|upkeep
|turn|8
|
|t:|1758952899
|switch|p2a: Ninetales|Ninetales-Alola, M|79/100
|-weather|Snowscape|[from] ability: Snow Warning|[of] p2a: Ninetales
|move|p1a: Alomomola|Flip Turn|p2a: Ninetales
|-damage|p2a: Ninetales|72/100
|
|t:|1758952906
|switch|p1a: Duraludon|Duraludon, M|100/100|[from] Flip Turn
|
|-weather|Snowscape|[upkeep]
|-sideend|p2: Campyy|move: Aurora Veil
|upkeep
|turn|9
|
|t:|1758952912
|move|p2a: Ninetales|Aurora Veil|p2a: Ninetales
|-sidestart|p2: Campyy|move: Aurora Veil
|move|p1a: Duraludon|Flash Cannon|p2a: Ninetales
|-supereffective|p2a: Ninetales
|-damage|p2a: Ninetales|0 fnt
|faint|p2a: Ninetales
|
|-weather|Snowscape|[upkeep]
|upkeep
|
|t:|1758952923
|switch|p2a: Kommo-o|Kommo-o, M|100/100
|turn|10
|
|t:|1758952928
|switch|p1a: Alomomola|Alomomola, F|61/100
|move|p2a: Kommo-o|Clangorous Soul|p2a: Kommo-o
|-boost|p2a: Kommo-o|atk|1
|-boost|p2a: Kommo-o|def|1
|-boost|p2a: Kommo-o|spa|1
|-boost|p2a: Kommo-o|spd|1
|-boost|p2a: Kommo-o|spe|1
|-damage|p2a: Kommo-o|68/100
|-enditem|p2a: Kommo-o|Throat Spray
|-boost|p2a: Kommo-o|spa|1|[from] item: Throat Spray
|
|-weather|Snowscape|[upkeep]
|upkeep
|turn|11
|
|t:|1758952942
|move|p2a: Kommo-o|Boomburst|p1a: Alomomola
|-damage|p1a: Alomomola|0 fnt
|faint|p1a: Alomomola
|
|-weather|Snowscape|[upkeep]
|upkeep
|
|t:|1758952950
|switch|p1a: Ursaluna|Ursaluna, M|100/100 brn
|turn|12
|
|t:|1758952958
|switch|p2a: Zamazenta|Zamazenta|60/100
|move|p1a: Ursaluna|Facade|p2a: Zamazenta
|-damage|p2a: Zamazenta|3/100
|
|-weather|none
|-damage|p1a: Ursaluna|94/100 brn|[from] brn
|upkeep
|turn|13
|
|t:|1758952964
|move|p2a: Zamazenta|Close Combat|p1a: Ursaluna
|-supereffective|p1a: Ursaluna
|-crit|p1a: Ursaluna
|-damage|p1a: Ursaluna|0 fnt
|-unboost|p2a: Zamazenta|def|1
|-unboost|p2a: Zamazenta|spd|1
|faint|p1a: Ursaluna
|-damage|p2a: Zamazenta|0 fnt|[from] item: Life Orb
|faint|p2a: Zamazenta
|
|upkeep
|
|t:|1758952971
|switch|p2a: Hatterene|Hatterene, F|100/100
|switch|p1a: Duraludon|Duraludon, M|100/100
|turn|14
|
|t:|1758952978
|move|p1a: Duraludon|Flash Cannon|p2a: Hatterene
|-supereffective|p2a: Hatterene
|-damage|p2a: Hatterene|62/100
|move|p2a: Hatterene|Nuzzle|p1a: Duraludon
|-resisted|p1a: Duraludon
|-damage|p1a: Duraludon|99/100
|-status|p1a: Duraludon|par
|
|upkeep
|turn|15
|
|t:|1758952984
|move|p2a: Hatterene|Draining Kiss|p1a: Duraludon
|-damage|p1a: Duraludon|75/100 par
|-heal|p2a: Hatterene|82/100|[from] drain|[of] p1a: Duraludon
|move|p1a: Duraludon|Flash Cannon|p2a: Hatterene
|-supereffective|p2a: Hatterene
|-damage|p2a: Hatterene|47/100
|
|upkeep
|turn|16
|
|t:|1758952991
|move|p2a: Hatterene|Draining Kiss|p1a: Duraludon
|-damage|p1a: Duraludon|48/100 par
|-heal|p2a: Hatterene|68/100|[from] drain|[of] p1a: Duraludon
|move|p1a: Duraludon|Flash Cannon|p2a: Hatterene
|-supereffective|p2a: Hatterene
|-damage|p2a: Hatterene|33/100
|
|-sideend|p2: Campyy|move: Aurora Veil
|upkeep
|turn|17
|
|t:|1758952996
|move|p2a: Hatterene|Draining Kiss|p1a: Duraludon
|-damage|p1a: Duraludon|23/100 par
|-heal|p2a: Hatterene|53/100|[from] drain|[of] p1a: Duraludon
|move|p1a: Duraludon|Flash Cannon|p2a: Hatterene
|-supereffective|p2a: Hatterene
|-damage|p2a: Hatterene|0 fnt
|faint|p2a: Hatterene
|
|upkeep
|
|t:|1758953004
|switch|p2a: Gholdengo|Gholdengo, tera:Fighting|34/100
|turn|18
|
|t:|1758953008
|move|p2a: Gholdengo|Shadow Ball|p1a: Duraludon
|-damage|p1a: Duraludon|0 fnt
|faint|p1a: Duraludon
|
|upkeep
|
|t:|1758953013
|switch|p1a: Great Tusk|Great Tusk|100/100
|turn|19
|
|t:|1758953017
|move|p2a: Gholdengo|Psyshock|p1a: Great Tusk
|-supereffective|p1a: Great Tusk
|-damage|p1a: Great Tusk|63/100
|move|p1a: Great Tusk|Earthquake|p2a: Gholdengo
|-damage|p2a: Gholdengo|0 fnt
|faint|p2a: Gholdengo
|
|upkeep
|
|t:|1758953022
|switch|p2a: Kommo-o|Kommo-o, M|68/100
|turn|20
|
|t:|1758953027
|move|p2a: Kommo-o|Clanging Scales|p1a: Great Tusk
|-damage|p1a: Great Tusk|8/100
|-unboost|p2a: Kommo-o|def|1
|move|p1a: Great Tusk|Ice Spinner|p2a: Kommo-o
|-supereffective|p2a: Kommo-o
|-damage|p2a: Kommo-o|0 fnt
|faint|p2a: Kommo-o
|
|upkeep
|
|t:|1758953030
|switch|p2a: Kingambit|Kingambit, M|100/100
|-activate|p2a: Kingambit|ability: Supreme Overlord
|-start|p2a: Kingambit|fallen5|[silent]
|-item|p2a: Kingambit|Air Balloon
|turn|21
|
|t:|1758953035
|move|p2a: Kingambit|Sucker Punch||[still]
|-fail|p2a: Kingambit
|move|p1a: Great Tusk|Stealth Rock|p2a: Kingambit
|-sidestart|p2: Campyy|move: Stealth Rock
|
|upkeep
|turn|22
|
|t:|1758953039
|move|p1a: Great Tusk|Earthquake|p2a: Kingambit
|-immune|p2a: Kingambit
|move|p2a: Kingambit|Swords Dance|p2a: Kingambit
|-boost|p2a: Kingambit|atk|2
|
|upkeep
|turn|23
|
|t:|1758953045
|move|p1a: Great Tusk|Rapid Spin|p2a: Kingambit
|-resisted|p2a: Kingambit
|-damage|p2a: Kingambit|95/100
|-boost|p1a: Great Tusk|spe|1
|-enditem|p2a: Kingambit|Air Balloon
|move|p2a: Kingambit|Kowtow Cleave|p1a: Great Tusk
|-resisted|p1a: Great Tusk
|-damage|p1a: Great Tusk|0 fnt
|faint|p1a: Great Tusk
|-end|p1a: Great Tusk|Protosynthesis|[silent]
|
|upkeep
|
|t:|1758953050
|switch|p1a: Kingambit|Kingambit, M|100/100
|-activate|p1a: Kingambit|ability: Supreme Overlord
|-start|p1a: Kingambit|fallen5|[silent]
|turn|24
|
|t:|1758953055
|move|p2a: Kingambit|Kowtow Cleave|p1a: Kingambit
|-resisted|p1a: Kingambit
|-crit|p1a: Kingambit
|-damage|p1a: Kingambit|23/100
|move|p1a: Kingambit|Brick Break|p2a: Kingambit
|-supereffective|p2a: Kingambit
|-damage|p2a: Kingambit|0 fnt
|faint|p2a: Kingambit
|-end|p2a: Kingambit|fallen5|[silent]
|
|win|X Star_Sun Y
|raw|X Star_Sun Y's rating: 1227 &rarr; <strong>1259</strong><br />(+32 for winning)
|raw|Campyy's rating: 1324 &rarr; <strong>1299</strong><br />(-25 for losing)
|l|☆X Star_Sun Y
|player|p1|
|l|☆Campyy
|player|p2|
