|j|☆findmyhair
|j|☆roryta
|t:|1758974536
|gametype|singles
|player|p1|findmyhair|acetrainercouple|1101
|player|p2|roryta|hilbert|1105
|gen|9
|tier|[Gen 9] OU
|rated|
|rule|HP Percentage Mod: HP is shown in percentages
|rule|Endless Battle Clause: Forcing endless battles is banned
|rule|Species Clause: Limit one of each Pokémon
|rule|OHKO Clause: OHKO moves are banned
|rule|Evasion Items Clause: Evasion items are banned
|rule|Evasion Moves Clause: Evasion moves are banned
|rule|Evasion Abilities Clause: Evasion abilities are banned
|rule|Sleep Moves Clause: Sleep-inducing moves are banned
|clearpoke
|poke|p1|Cresselia, F|
|poke|p1|Slowking-Galar, M|
|poke|p1|Iron Hands|
|poke|p1|Ursaluna, M|
|poke|p1|Crawdaunt, F|
|poke|p1|Klefki, M|
|poke|p2|Kyurem|
|poke|p2|Rillaboom, F|
|poke|p2|Iron Treads|
|poke|p2|Primarina, F|
|poke|p2|Whiscash, F|
|poke|p2|Slither Wing|
|teampreview
|inactive|Battle timer is ON: inactive players will automatically lose when time's up. (requested by roryta)
|inactive|findmyhair also wants the timer to be on.
|
|t:|1758974541
|teamsize|p1|6
|teamsize|p2|6
|start
|switch|p1a: Klefki|Klefki, M|100/100
|switch|p2a: Whiscash|Whiscash, F|100/100
|turn|1
|j| GruesomeLovelies
|
|t:|1758974548
|move|p1a: Klefki|Reflect|p1a: Klefki
|-sidestart|p1: findmyhair|Reflect
|move|p2a: Whiscash|Curse|p2a: Whiscash
|-unboost|p2a: Whiscash|spe|1
|-boost|p2a: Whiscash|atk|1
|-boost|p2a: Whiscash|def|1
|
|upkeep
|turn|2
|
|t:|1758974559
|switch|p1a: Crawdaunt|Crawdaunt, F|100/100
|move|p2a: Whiscash|Curse|p2a: Whiscash
|-unboost|p2a: Whiscash|spe|1
|-boost|p2a: Whiscash|atk|1
|-boost|p2a: Whiscash|def|1
|
|upkeep
|turn|3
|
|t:|1758974565
|move|p1a: Crawdaunt|Knock Off|p2a: Whiscash
|-damage|p2a: Whiscash|57/100
|-enditem|p2a: Whiscash|Leftovers|[from] move: Knock Off|[of] p1a: Crawdaunt
|-damage|p1a: Crawdaunt|90/100|[from] item: Life Orb
|move|p2a: Whiscash|Curse|p2a: Whiscash
|-unboost|p2a: Whiscash|spe|1
|-boost|p2a: Whiscash|atk|1
|-boost|p2a: Whiscash|def|1
|
|upkeep
|turn|4
|
|t:|1758974573
|move|p1a: Crawdaunt|Swords Dance|p1a: Crawdaunt
|-boost|p1a: Crawdaunt|atk|2
|move|p2a: Whiscash|Rest|p2a: Whiscash
|-status|p2a: Whiscash|slp|[from] move: Rest
|-heal|p2a: Whiscash|100/100 slp|[silent]
|
|upkeep
|turn|5
|
|t:|1758974580
|move|p1a: Crawdaunt|Swords Dance|p1a: Crawdaunt
|-boost|p1a: Crawdaunt|atk|2
|cant|p2a: Whiscash|slp
|move|p2a: Whiscash|Sleep Talk|p2a: Whiscash
|move|p2a: Whiscash|Liquidation|p1a: Crawdaunt|[from] move: Sleep Talk
|-resisted|p1a: Crawdaunt
|-damage|p1a: Crawdaunt|74/100
|
|upkeep
|turn|6
|
|t:|1758974589
|move|p1a: Crawdaunt|Swords Dance|p1a: Crawdaunt
|-boost|p1a: Crawdaunt|atk|2
|cant|p2a: Whiscash|slp
|move|p2a: Whiscash|Sleep Talk|p2a: Whiscash
|move|p2a: Whiscash|Liquidation|p1a: Crawdaunt|[from] move: Sleep Talk
|-resisted|p1a: Crawdaunt
|-damage|p1a: Crawdaunt|56/100
|-unboost|p1a: Crawdaunt|def|1
|
|upkeep
|turn|7
|
|t:|1758974602
|-terastallize|p2a: Whiscash|Dragon
|move|p1a: Crawdaunt|Knock Off|p2a: Whiscash
|-damage|p2a: Whiscash|0 fnt
|faint|p2a: Whiscash
|-damage|p1a: Crawdaunt|46/100|[from] item: Life Orb
|
|upkeep
|
|t:|1758974609
|switch|p2a: Rillaboom|Rillaboom, F|100/100
|-fieldstart|move: Grassy Terrain|[from] ability: Grassy Surge|[of] p2a: Rillaboom
|turn|8
|
|t:|1758974613
|move|p2a: Rillaboom|Grassy Glide|p1a: Crawdaunt
|-supereffective|p1a: Crawdaunt
|-damage|p1a: Crawdaunt|0 fnt
|faint|p1a: Crawdaunt
|
|-sideend|p1: findmyhair|Reflect
|upkeep
|
|t:|1758974618
|switch|p1a: Klefki|Klefki, M|100/100
|turn|9
|
|t:|1758974626
|switch|p2a: Slither Wing|Slither Wing, shiny|100/100
|-enditem|p2a: Slither Wing|Booster Energy
|-activate|p2a: Slither Wing|ability: Protosynthesis|[fromitem]
|-start|p2a: Slither Wing|protosynthesisatk
|move|p1a: Klefki|Reflect|p1a: Klefki
|-sidestart|p1: findmyhair|Reflect
|
|upkeep
|turn|10
|
|t:|1758974634
|move|p1a: Klefki|Thunder Wave|p2a: Slither Wing
|-status|p2a: Slither Wing|par
|cant|p2a: Slither Wing|par
|
|upkeep
|turn|11
|
|t:|1758974639
|move|p1a: Klefki|Spikes|p2a: Slither Wing
|-sidestart|p2: roryta|Spikes
|move|p2a: Slither Wing|Bulk Up|p2a: Slither Wing
|-boost|p2a: Slither Wing|atk|1
|-boost|p2a: Slither Wing|def|1
|
|upkeep
|turn|12
|
|t:|1758974655
|switch|p1a: Slowking|Slowking-Galar, M|100/100
|move|p2a: Slither Wing|Bulk Up|p2a: Slither Wing
|-boost|p2a: Slither Wing|atk|1
|-boost|p2a: Slither Wing|def|1
|
|-fieldend|move: Grassy Terrain
|upkeep
|turn|13
|
|t:|1758974665
|cant|p2a: Slither Wing|par
|move|p1a: Slowking|Trick Room|p1a: Slowking
|-fieldstart|move: Trick Room|[of] p1a: Slowking
|
|upkeep
|turn|14
|
|t:|1758974669
|move|p1a: Slowking|Nasty Plot|p1a: Slowking
|-boost|p1a: Slowking|spa|2
|cant|p2a: Slither Wing|par
|
|upkeep
|turn|15
|
|t:|1758974674
|move|p1a: Slowking|Fire Blast|p2a: Slither Wing
|-supereffective|p2a: Slither Wing
|-damage|p2a: Slither Wing|0 fnt
|faint|p2a: Slither Wing
|-end|p2a: Slither Wing|Protosynthesis|[silent]
|
|upkeep
|
|t:|1758974680
|switch|p2a: Primarina|Primarina, F, shiny|100/100
|-damage|p2a: Primarina|88/100|[from] Spikes
|turn|16
|
|t:|1758974684
|move|p1a: Slowking|Sludge Bomb|p2a: Primarina
|-supereffective|p2a: Primarina
|-damage|p2a: Primarina|0 fnt
|faint|p2a: Primarina
|
|-sideend|p1: findmyhair|Reflect
|upkeep
|
|t:|1758974688
|switch|p2a: Iron Treads|Iron Treads, shiny|100/100
|-damage|p2a: Iron Treads|88/100|[from] Spikes
|turn|17
|
|t:|1758974691
|move|p1a: Slowking|Fire Blast|p2a: Iron Treads
|-supereffective|p2a: Iron Treads
|-damage|p2a: Iron Treads|0 fnt
|faint|p2a: Iron Treads
|-end|p2a: Iron Treads|Quark Drive|[silent]
|
|-fieldend|move: Trick Room
|upkeep
|
|t:|1758974694
|switch|p2a: Kyurem|Kyurem, shiny|100/100
|-damage|p2a: Kyurem|88/100|[from] Spikes
|-ability|p2a: Kyurem|Pressure
|turn|18
|
|t:|1758974700
|move|p2a: Kyurem|Earth Power|p1a: Slowking
|-supereffective|p1a: Slowking
|-damage|p1a: Slowking|21/100
|move|p1a: Slowking|Fire Blast|p2a: Kyurem|[miss]
|-miss|p1a: Slowking|p2a: Kyurem
|
|-heal|p1a: Slowking|27/100|[from] item: Black Sludge
|upkeep
|turn|19
|
|t:|1758974708
|switch|p1a: Cresselia|Cresselia, F|100/100
|move|p2a: Kyurem|Earth Power|p1a: Cresselia
|-immune|p1a: Cresselia|[from] ability: Levitate
|
|upkeep
|turn|20
|
|t:|1758974729
|switch|p2a: Rillaboom|Rillaboom, F|100/100
|-damage|p2a: Rillaboom|88/100|[from] Spikes
|-fieldstart|move: Grassy Terrain|[from] ability: Grassy Surge|[of] p2a: Rillaboom
|move|p1a: Cresselia|Trick Room|p1a: Cresselia
|-fieldstart|move: Trick Room|[of] p1a: Cresselia
|
|-heal|p2a: Rillaboom|94/100|[from] Grassy Terrain
|upkeep
|turn|21
|
|t:|1758974737
|switch|p1a: Klefki|Klefki, M|100/100
|move|p2a: Rillaboom|Knock Off|p1a: Klefki
|-resisted|p1a: Klefki
|-damage|p1a: Klefki|78/100
|-enditem|p1a: Klefki|Light Clay|[from] move: Knock Off|[of] p2a: Rillaboom
|
|-heal|p1a: Klefki|84/100|[from] Grassy Terrain
|-heal|p2a: Rillaboom|100/100|[from] Grassy Terrain
|upkeep
|turn|22
|j| sso4花押
|
|t:|1758974750
|switch|p2a: Kyurem|Kyurem, shiny|88/100
|-damage|p2a: Kyurem|76/100|[from] Spikes
|-ability|p2a: Kyurem|Pressure
|move|p1a: Klefki|Thunder Wave|p2a: Kyurem
|-status|p2a: Kyurem|par
|
|-heal|p2a: Kyurem|82/100 par|[from] Grassy Terrain
|-heal|p1a: Klefki|90/100|[from] Grassy Terrain
|upkeep
|turn|23
|
|t:|1758974766
|switch|p1a: Cresselia|Cresselia, F|100/100
|move|p2a: Kyurem|Earth Power|p1a: Cresselia
|-immune|p1a: Cresselia|[from] ability: Levitate
|
|-heal|p2a: Kyurem|88/100 par|[from] Grassy Terrain
|upkeep
|turn|24
|
|t:|1758974773
|switch|p2a: Rillaboom|Rillaboom, F|100/100
|-damage|p2a: Rillaboom|88/100|[from] Spikes
|move|p1a: Cresselia|Psychic|p2a: Rillaboom
|-damage|p2a: Rillaboom|56/100
|
|-heal|p2a: Rillaboom|62/100|[from] Grassy Terrain
|-fieldend|move: Trick Room
|-fieldend|move: Grassy Terrain
|upkeep
|turn|25
|
|t:|1758974783
|switch|p1a: Klefki|Klefki, M|90/100
|move|p2a: Rillaboom|Wood Hammer|p1a: Klefki
|-resisted|p1a: Klefki
|-damage|p1a: Klefki|46/100
|-damage|p2a: Rillaboom|49/100|[from] Recoil
|
|upkeep
|turn|26
|
|t:|1758974791
|move|p1a: Klefki|Reflect|p1a: Klefki
|-sidestart|p1: findmyhair|Reflect
|move|p2a: Rillaboom|Wood Hammer|p1a: Klefki
|-resisted|p1a: Klefki
|-damage|p1a: Klefki|26/100
|-damage|p2a: Rillaboom|42/100|[from] Recoil
|
|upkeep
|turn|27
|
|t:|1758974797
|move|p1a: Klefki|Thunder Wave|p2a: Rillaboom
|-status|p2a: Rillaboom|par
|move|p2a: Rillaboom|Wood Hammer|p1a: Klefki
|-resisted|p1a: Klefki
|-damage|p1a: Klefki|6/100
|-damage|p2a: Rillaboom|36/100 par|[from] Recoil
|
|upkeep
|turn|28
|
|t:|1758974807
|switch|p1a: Slowking|Slowking-Galar, M|61/100
|move|p2a: Rillaboom|Wood Hammer|p1a: Slowking
|-resisted|p1a: Slowking
|-damage|p1a: Slowking|35/100
|-damage|p2a: Rillaboom|26/100 par|[from] Recoil
|
|-heal|p1a: Slowking|41/100|[from] item: Black Sludge
|upkeep
|turn|29
|
|t:|1758974816
|switch|p2a: Kyurem|Kyurem, shiny|88/100 par
|-damage|p2a: Kyurem|76/100 par|[from] Spikes
|-ability|p2a: Kyurem|Pressure
|move|p1a: Slowking|Trick Room|p1a: Slowking
|-fieldstart|move: Trick Room|[of] p1a: Slowking
|
|-heal|p1a: Slowking|47/100|[from] item: Black Sludge
|upkeep
|turn|30
|
|t:|1758974825
|switch|p1a: Cresselia|Cresselia, F|100/100
|move|p2a: Kyurem|Ice Beam|p1a: Cresselia
|-damage|p1a: Cresselia|62/100
|
|-sideend|p1: findmyhair|Reflect
|upkeep
|turn|31
|
|t:|1758974833
|switch|p1a: Iron Hands|Iron Hands|100/100
|cant|p2a: Kyurem|par
|
|upkeep
|turn|32
|
|t:|1758974839
|switch|p2a: Rillaboom|Rillaboom, F|26/100 par
|-damage|p2a: Rillaboom|14/100 par|[from] Spikes
|-fieldstart|move: Grassy Terrain|[from] ability: Grassy Surge|[of] p2a: Rillaboom
|move|p1a: Iron Hands|Close Combat|p2a: Rillaboom
|-damage|p2a: Rillaboom|0 fnt
|-unboost|p1a: Iron Hands|def|1
|-unboost|p1a: Iron Hands|spd|1
|faint|p2a: Rillaboom
|
|upkeep
|
|t:|1758974846
|switch|p2a: Kyurem|Kyurem, shiny|76/100 par
|-damage|p2a: Kyurem|64/100 par|[from] Spikes
|-ability|p2a: Kyurem|Pressure
|turn|33
|
|t:|1758974852
|move|p1a: Iron Hands|Close Combat|p2a: Kyurem
|-supereffective|p2a: Kyurem
|-damage|p2a: Kyurem|0 fnt
|-unboost|p1a: Iron Hands|def|1
|-unboost|p1a: Iron Hands|spd|1
|faint|p2a: Kyurem
|
|win|findmyhair
|raw|findmyhair's rating: 1101 &rarr; <strong>1126</strong><br />(+25 for winning)
|raw|roryta's rating: 1105 &rarr; <strong>1080</strong><br />(-25 for losing)
|l|☆roryta
|player|p2|
