|badge|p2|bronze|gen9ou|100-6
|html|<div class="broadcast-red"><strong>This battle is required to be public due to one or more player having a season medal.</strong><br />During the public phase, you can discuss the state of the ladder <a href="/seasondiscussion">in a special chatroom.</a></div>
|uhtml|medal-msg|<div class="broadcast-blue">Curious what those medals under the avatar are? PS now has Ladder Seasons! For more information, check out the <a href="https://www.smogon.com/forums/threads/3740067/">thread on Smogon.</a></div>
|raw|<div class="broadcast-blue"><strong>This battle is required to be public due to a player having a name starting with 'medal'.</div>
|j|☆Omari P
|j|☆Ladder historian
|t:|1759016092
|gametype|singles
|player|p1|Omari P|pokemonrangerf|1820
|player|p2|Ladder historian|lucas-gen4pt|1843
|gen|9
|tier|[Gen 9] OU
|rated|
|rule|HP Percentage Mod: HP is shown in percentages
|rule|Endless Battle Clause: Forcing endless battles is banned
|rule|Species Clause: Limit one of each Pokémon
|rule|OHKO Clause: OHKO moves are banned
|rule|Evasion Items Clause: Evasion items are banned
|rule|Evasion Moves Clause: Evasion moves are banned
|rule|Evasion Abilities Clause: Evasion abilities are banned
|rule|Sleep Moves Clause: Sleep-inducing moves are banned
|clearpoke
|poke|p1|Cinderace, F|
|poke|p1|Volcanion|
|poke|p1|Torkoal, M|
|poke|p1|Mandibuzz, F|
|poke|p1|Great Tusk|
|poke|p1|Fezandipiti, M|
|poke|p2|Dragonite, F|
|poke|p2|Zamazenta-*|
|poke|p2|Iron Valiant|
|poke|p2|Raging Bolt|
|poke|p2|Great Tusk|
|poke|p2|Deoxys-Speed|
|teampreview
|j| amefurikoneko
|j| Rizzofreko
|
|t:|1759016152
|teamsize|p1|6
|teamsize|p2|6
|start
|switch|p1a: Cinderace|Cinderace, F|100/100
|switch|p2a: Deoxys|Deoxys-Speed|100/100
|-ability|p2a: Deoxys|Pressure
|turn|1
|j| Ctannn
|
|t:|1759016173
|move|p1a: Cinderace|Sucker Punch|p2a: Deoxys
|-start|p1a: Cinderace|typechange|Dark|[from] ability: Libero
|-supereffective|p2a: Deoxys
|-damage|p2a: Deoxys|0 fnt
|faint|p2a: Deoxys
|
|upkeep
|
|t:|1759016176
|switch|p2a: Zamazenta|Zamazenta|100/100
|-ability|p2a: Zamazenta|Dauntless Shield|boost
|-boost|p2a: Zamazenta|def|1
|turn|2
|
|t:|1759016183
|switch|p1a: Chihiro|Fezandipiti, M|100/100
|move|p2a: Zamazenta|Heavy Slam|p1a: Chihiro
|-supereffective|p1a: Chihiro
|-damage|p1a: Chihiro|0 fnt
|faint|p1a: Chihiro
|-damage|p2a: Zamazenta|91/100|[from] item: Life Orb
|
|upkeep
|
|t:|1759016185
|switch|p1a: Volcanion|Volcanion|100/100
|turn|3
|
|t:|1759016188
|move|p2a: Zamazenta|Stone Edge|p1a: Volcanion
|-supereffective|p1a: Volcanion
|-damage|p1a: Volcanion|16/100
|-damage|p2a: Zamazenta|81/100|[from] item: Life Orb
|move|p1a: Volcanion|Steam Eruption|p2a: Zamazenta
|-damage|p2a: Zamazenta|0 fnt
|faint|p2a: Zamazenta
|
|upkeep
|inactive|Battle timer is ON: inactive players will automatically lose when time's up. (requested by Omari P)
|
|t:|1759016195
|switch|p2a: Iron Valiant|Iron Valiant|100/100
|-enditem|p2a: Iron Valiant|Booster Energy
|-activate|p2a: Iron Valiant|ability: Quark Drive|[fromitem]
|-start|p2a: Iron Valiant|quarkdrivespe
|turn|4
|
|t:|1759016200
|switch|p1a: Torkoal|Torkoal, M, shiny|100/100
|-weather|SunnyDay|[from] ability: Drought|[of] p1a: Torkoal
|move|p2a: Iron Valiant|Thunderbolt|p1a: Torkoal
|-damage|p1a: Torkoal|59/100
|
|-weather|SunnyDay|[upkeep]
|upkeep
|turn|5
|
|t:|1759016204
|move|p2a: Iron Valiant|Thunderbolt|p1a: Torkoal
|-damage|p1a: Torkoal|21/100
|move|p1a: Torkoal|Fire Blast|p2a: Iron Valiant
|-damage|p2a: Iron Valiant|0 fnt
|faint|p2a: Iron Valiant
|-end|p2a: Iron Valiant|Quark Drive|[silent]
|
|-weather|SunnyDay|[upkeep]
|upkeep
|
|t:|1759016212
|switch|p2a: Raging Bolt|Raging Bolt|100/100
|-activate|p2a: Raging Bolt|ability: Protosynthesis
|-start|p2a: Raging Bolt|protosynthesisspa
|turn|6
|
|t:|1759016214
|move|p2a: Raging Bolt|Dragon Pulse|p1a: Torkoal
|-damage|p1a: Torkoal|0 fnt
|faint|p1a: Torkoal
|
|-weather|SunnyDay|[upkeep]
|upkeep
|
|t:|1759016218
|switch|p1a: Haku|Great Tusk, shiny|100/100
|-activate|p1a: Haku|ability: Protosynthesis
|-start|p1a: Haku|protosynthesisatk
|turn|7
|
|t:|1759016225
|-terastallize|p2a: Raging Bolt|Ghost
|move|p1a: Haku|Headlong Rush|p2a: Raging Bolt
|-damage|p2a: Raging Bolt|15/100
|-unboost|p1a: Haku|def|1
|-unboost|p1a: Haku|spd|1
|move|p2a: Raging Bolt|Dragon Pulse|p1a: Haku
|-damage|p1a: Haku|0 fnt
|faint|p1a: Haku
|-end|p1a: Haku|Protosynthesis|[silent]
|
|-weather|SunnyDay|[upkeep]
|-heal|p2a: Raging Bolt|21/100|[from] item: Leftovers
|upkeep
|
|t:|1759016229
|switch|p1a: Cinderace|Cinderace, F|100/100
|turn|8
|
|t:|1759016233
|move|p1a: Cinderace|Sucker Punch|p2a: Raging Bolt
|-start|p1a: Cinderace|typechange|Dark|[from] ability: Libero
|-supereffective|p2a: Raging Bolt
|-damage|p2a: Raging Bolt|0 fnt
|faint|p2a: Raging Bolt
|-end|p2a: Raging Bolt|Protosynthesis|[silent]
|
|-weather|SunnyDay|[upkeep]
|upkeep
|l| Rizzofreko
|
|t:|1759016246
|switch|p2a: Dragonite|Dragonite, F|100/100
|turn|9
|
|t:|1759016249
|switch|p1a: Omari P Bird|Mandibuzz, F, shiny|100/100
|move|p2a: Dragonite|Dragon Dance|p2a: Dragonite
|-boost|p2a: Dragonite|atk|1
|-boost|p2a: Dragonite|spe|1
|
|-weather|SunnyDay|[upkeep]
|upkeep
|turn|10
|
|t:|1759016252
|move|p2a: Dragonite|Rock Slide|p1a: Omari P Bird
|-supereffective|p1a: Omari P Bird
|-damage|p1a: Omari P Bird|53/100
|move|p1a: Omari P Bird|Foul Play|p2a: Dragonite
|-damage|p2a: Dragonite|68/100
|
|-weather|SunnyDay|[upkeep]
|-heal|p2a: Dragonite|74/100|[from] item: Leftovers
|upkeep
|turn|11
|
|t:|1759016259
|move|p2a: Dragonite|Rock Slide|p1a: Omari P Bird
|-supereffective|p1a: Omari P Bird
|-damage|p1a: Omari P Bird|11/100
|move|p1a: Omari P Bird|Roost|p1a: Omari P Bird
|-heal|p1a: Omari P Bird|61/100
|-singleturn|p1a: Omari P Bird|move: Roost
|
|-weather|none
|-heal|p2a: Dragonite|81/100|[from] item: Leftovers
|upkeep
|turn|12
|
|t:|1759016265
|-terastallize|p1a: Omari P Bird|Fairy
|move|p2a: Dragonite|Rock Slide|p1a: Omari P Bird
|-damage|p1a: Omari P Bird|38/100
|move|p1a: Omari P Bird|Roost|p1a: Omari P Bird
|-heal|p1a: Omari P Bird|88/100
|
|-heal|p2a: Dragonite|87/100|[from] item: Leftovers
|upkeep
|turn|13
|
|t:|1759016272
|move|p2a: Dragonite|Earthquake|p1a: Omari P Bird
|-damage|p1a: Omari P Bird|61/100
|move|p1a: Omari P Bird|Foul Play|p2a: Dragonite
|-damage|p2a: Dragonite|24/100
|
|-heal|p2a: Dragonite|30/100|[from] item: Leftovers
|upkeep
|turn|14
|
|t:|1759016275
|move|p2a: Dragonite|Earthquake|p1a: Omari P Bird
|-damage|p1a: Omari P Bird|32/100
|move|p1a: Omari P Bird|Roost|p1a: Omari P Bird
|-heal|p1a: Omari P Bird|82/100
|
|-heal|p2a: Dragonite|36/100|[from] item: Leftovers
|upkeep
|turn|15
|
|t:|1759016278
|move|p2a: Dragonite|Earthquake|p1a: Omari P Bird
|-damage|p1a: Omari P Bird|55/100
|move|p1a: Omari P Bird|Foul Play|p2a: Dragonite
|-damage|p2a: Dragonite|0 fnt
|faint|p2a: Dragonite
|
|upkeep
|
|t:|1759016280
|switch|p2a: Great Tusk|Great Tusk|100/100
|-enditem|p2a: Great Tusk|Booster Energy
|-activate|p2a: Great Tusk|ability: Protosynthesis|[fromitem]
|-start|p2a: Great Tusk|protosynthesisspe
|turn|16
|
|t:|1759016284
|move|p2a: Great Tusk|Taunt|p1a: Omari P Bird
|-start|p1a: Omari P Bird|move: Taunt
|cant|p1a: Omari P Bird|move: Taunt|Roost
|
|upkeep
|turn|17
|
|t:|1759016289
|move|p2a: Great Tusk|Bulk Up|p2a: Great Tusk
|-boost|p2a: Great Tusk|atk|1
|-boost|p2a: Great Tusk|def|1
|move|p1a: Omari P Bird|Foul Play|p2a: Great Tusk
|-resisted|p2a: Great Tusk
|-damage|p2a: Great Tusk|88/100
|
|upkeep
|turn|18
|
|t:|1759016292
|move|p2a: Great Tusk|Bulk Up|p2a: Great Tusk
|-boost|p2a: Great Tusk|atk|1
|-boost|p2a: Great Tusk|def|1
|move|p1a: Omari P Bird|Foul Play|p2a: Great Tusk
|-resisted|p2a: Great Tusk
|-damage|p2a: Great Tusk|74/100
|
|-end|p1a: Omari P Bird|move: Taunt
|upkeep
|turn|19
|
|t:|1759016295
|move|p2a: Great Tusk|Taunt|p1a: Omari P Bird
|-start|p1a: Omari P Bird|move: Taunt
|move|p1a: Omari P Bird|Foul Play|p2a: Great Tusk
|-resisted|p2a: Great Tusk
|-damage|p2a: Great Tusk|60/100
|
|upkeep
|turn|20
|
|t:|1759016298
|move|p2a: Great Tusk|Bulk Up|p2a: Great Tusk
|-boost|p2a: Great Tusk|atk|1
|-boost|p2a: Great Tusk|def|1
|move|p1a: Omari P Bird|Foul Play|p2a: Great Tusk
|-resisted|p2a: Great Tusk
|-damage|p2a: Great Tusk|48/100
|
|upkeep
|turn|21
|
|t:|1759016305
|move|p2a: Great Tusk|Headlong Rush|p1a: Omari P Bird
|-damage|p1a: Omari P Bird|0 fnt
|-unboost|p2a: Great Tusk|def|1
|-unboost|p2a: Great Tusk|spd|1
|-damage|p2a: Great Tusk|31/100|[from] item: Rocky Helmet|[of] p1a: Omari P Bird
|faint|p1a: Omari P Bird
|
|upkeep
|
|t:|1759016310
|switch|p1a: Cinderace|Cinderace, F|100/100
|turn|22
|
|t:|1759016318
|move|p2a: Great Tusk|Headlong Rush|p1a: Cinderace
|-supereffective|p1a: Cinderace
|-damage|p1a: Cinderace|0 fnt
|-unboost|p2a: Great Tusk|def|1
|-unboost|p2a: Great Tusk|spd|1
|faint|p1a: Cinderace
|
|upkeep
|
|t:|1759016320
|switch|p1a: Volcanion|Volcanion|16/100
|turn|23
|
|t:|1759016322
|move|p2a: Great Tusk|Headlong Rush|p1a: Volcanion
|-supereffective|p1a: Volcanion
|-damage|p1a: Volcanion|0 fnt
|-unboost|p2a: Great Tusk|def|1
|-unboost|p2a: Great Tusk|spd|1
|faint|p1a: Volcanion
|
|win|Ladder historian
|raw|Omari P's rating: 1820 &rarr; <strong>1801</strong><br />(-19 for losing)
|raw|Ladder historian's rating: 1843 &rarr; <strong>1862</strong><br />(+19 for winning)
|c|☆Omari P|gg
|c|☆Ladder historian|gg
|l|☆Ladder historian
|player|p2|
|l| amefurikoneko
