|j|☆empire on CD
|j|☆Elpirulas666
|t:|1759052871
|gametype|singles
|player|p1|empire on CD|gambler|1169
|player|p2|Elpirulas666|101|1142
|gen|9
|tier|[Gen 9] OU
|rated|
|rule|HP Percentage Mod: HP is shown in percentages
|rule|Endless Battle Clause: Forcing endless battles is banned
|rule|Species Clause: Limit one of each Pokémon
|rule|OHKO Clause: OHKO moves are banned
|rule|Evasion Items Clause: Evasion items are banned
|rule|Evasion Moves Clause: Evasion moves are banned
|rule|Evasion Abilities Clause: Evasion abilities are banned
|rule|Sleep Moves Clause: Sleep-inducing moves are banned
|clearpoke
|poke|p1|Iron Valiant|
|poke|p1|Breloom, F|
|poke|p1|Greninja-*, M|
|poke|p1|Ceruledge, F|
|poke|p1|Skuntank, M|
|poke|p1|Toxtricity, F|
|poke|p2|Ribombee, F|
|poke|p2|Ting-Lu|
|poke|p2|Great Tusk|
|poke|p2|Gholdengo|
|poke|p2|Keldeo-Resolute|
|poke|p2|Iron Moth|
|teampreview
|inactive|Battle timer is ON: inactive players will automatically lose when time's up. (requested by empire on CD)
|
|t:|1759052881
|teamsize|p1|6
|teamsize|p2|6
|start
|switch|p1a: Myxomatosis|Ceruledge, F|100/100
|switch|p2a: Ribombee|Ribombee, F|100/100
|turn|1
|
|t:|1759052897
|move|p2a: Ribombee|Sticky Web|p1a: Myxomatosis
|-sidestart|p1: empire on CD|move: Sticky Web
|move|p1a: Myxomatosis|Flame Charge|p2a: Ribombee
|-supereffective|p2a: Ribombee
|-damage|p2a: Ribombee|2/100
|-boost|p1a: Myxomatosis|spe|1
|
|upkeep
|turn|2
|
|t:|1759052904
|move|p1a: Myxomatosis|Shadow Claw|p2a: Ribombee
|-crit|p2a: Ribombee
|-damage|p2a: Ribombee|0 fnt
|faint|p2a: Ribombee
|
|upkeep
|
|t:|1759052920
|switch|p2a: Great Tusk|Great Tusk|100/100
|turn|3
|
|t:|1759052926
|move|p1a: Myxomatosis|Bitter Blade|p2a: Great Tusk
|-crit|p2a: Great Tusk
|-damage|p2a: Great Tusk|51/100
|move|p2a: Great Tusk|Headlong Rush|p1a: Myxomatosis
|-supereffective|p1a: Myxomatosis
|-enditem|p1a: Myxomatosis|Focus Sash
|-damage|p1a: Myxomatosis|1/100
|-unboost|p2a: Great Tusk|def|1
|-unboost|p2a: Great Tusk|spd|1
|
|upkeep
|turn|4
|
|t:|1759052936
|move|p1a: Myxomatosis|Bitter Blade|p2a: Great Tusk
|-damage|p2a: Great Tusk|2/100
|-heal|p1a: Myxomatosis|35/100|[from] drain|[of] p2a: Great Tusk
|move|p2a: Great Tusk|Headlong Rush|p1a: Myxomatosis
|-supereffective|p1a: Myxomatosis
|-damage|p1a: Myxomatosis|0 fnt
|-unboost|p2a: Great Tusk|def|1
|-unboost|p2a: Great Tusk|spd|1
|faint|p1a: Myxomatosis
|
|upkeep
|
|t:|1759052949
|switch|p1a: Even Flow|Greninja, M, shiny|100/100
|-activate|p1a: Even Flow|move: Sticky Web
|-unboost|p1a: Even Flow|spe|1
|turn|5
|
|t:|1759052953
|-end|p2a: Great Tusk|Protosynthesis|[silent]
|switch|p2a: Keldeo|Keldeo-Resolute|100/100
|move|p1a: Even Flow|Surf|p2a: Keldeo
|-start|p1a: Even Flow|typechange|Water|[from] ability: Protean
|-resisted|p2a: Keldeo
|-damage|p2a: Keldeo|75/100
|
|upkeep
|turn|6
|
|t:|1759052962
|move|p2a: Keldeo|Secret Sword|p1a: Even Flow
|-damage|p1a: Even Flow|0 fnt
|faint|p1a: Even Flow
|
|upkeep
|
|t:|1759052969
|switch|p1a: Apneoa|Iron Valiant, shiny|100/100
|-activate|p1a: Apneoa|move: Sticky Web
|-unboost|p1a: Apneoa|spe|1
|-enditem|p1a: Apneoa|Booster Energy
|-activate|p1a: Apneoa|ability: Quark Drive|[fromitem]
|-start|p1a: Apneoa|quarkdriveatk
|turn|7
|l|☆Elpirulas666
|inactive|Elpirulas666 disconnected and has a minute to reconnect!
|player|p2|
|j|☆Elpirulas666
|inactive|Elpirulas666 reconnected and has 140 seconds left.
|player|p2|Elpirulas666|101|
|
|t:|1759052986
|switch|p2a: Great Tusk|Great Tusk|2/100
|move|p1a: Apneoa|Zen Headbutt|p2a: Great Tusk|[miss]
|-miss|p1a: Apneoa|p2a: Great Tusk
|
|upkeep
|turn|8
|
|t:|1759052992
|move|p2a: Great Tusk|Headlong Rush|p1a: Apneoa
|-damage|p1a: Apneoa|28/100
|-unboost|p2a: Great Tusk|def|1
|-unboost|p2a: Great Tusk|spd|1
|move|p1a: Apneoa|Zen Headbutt|p2a: Great Tusk
|-supereffective|p2a: Great Tusk
|-damage|p2a: Great Tusk|0 fnt
|faint|p2a: Great Tusk
|-end|p2a: Great Tusk|Protosynthesis|[silent]
|
|upkeep
|
|t:|1759052999
|switch|p2a: Iron Moth|Iron Moth|100/100
|-enditem|p2a: Iron Moth|Booster Energy
|-activate|p2a: Iron Moth|ability: Quark Drive|[fromitem]
|-start|p2a: Iron Moth|quarkdrivespe
|turn|9
|
|t:|1759053008
|-end|p1a: Apneoa|Quark Drive|[silent]
|switch|p1a: Van Halen|Toxtricity, F, shiny|100/100
|-activate|p1a: Van Halen|move: Sticky Web
|-unboost|p1a: Van Halen|spe|1
|move|p2a: Iron Moth|Fiery Dance|p1a: Van Halen
|-damage|p1a: Van Halen|61/100
|
|upkeep
|turn|10
|
|t:|1759053021
|move|p2a: Iron Moth|Fiery Dance|p1a: Van Halen
|-damage|p1a: Van Halen|19/100
|move|p1a: Van Halen|Boomburst|p2a: Iron Moth
|-damage|p2a: Iron Moth|49/100
|
|upkeep
|turn|11
|
|t:|1759053031
|move|p2a: Iron Moth|Fiery Dance|p1a: Van Halen
|-damage|p1a: Van Halen|0 fnt
|faint|p1a: Van Halen
|
|upkeep
|
|t:|1759053037
|switch|p1a: doomsday|Skuntank, M, shiny|100/100
|-activate|p1a: doomsday|move: Sticky Web
|-unboost|p1a: doomsday|spe|1
|turn|12
|
|t:|1759053042
|move|p2a: Iron Moth|Fiery Dance|p1a: doomsday
|-damage|p1a: doomsday|59/100
|move|p1a: doomsday|Crunch|p2a: Iron Moth
|-damage|p2a: Iron Moth|0 fnt
|faint|p2a: Iron Moth
|-end|p2a: Iron Moth|Quark Drive|[silent]
|
|upkeep
|
|t:|1759053051
|switch|p2a: Ting-Lu|Ting-Lu|100/100
|-ability|p2a: Ting-Lu|Vessel of Ruin
|turn|13
|
|t:|1759053056
|-terastallize|p1a: doomsday|Normal
|move|p1a: doomsday|Explosion|p2a: Ting-Lu
|-damage|p2a: Ting-Lu|40/100
|faint|p1a: doomsday
|move|p2a: Ting-Lu|Spikes|p1: doomsday
|-sidestart|p1: empire on CD|Spikes
|
|-heal|p2a: Ting-Lu|46/100|[from] item: Leftovers
|upkeep
|
|t:|1759053065
|switch|p1a: Acquiesce|Breloom, F|100/100
|-activate|p1a: Acquiesce|move: Sticky Web
|-unboost|p1a: Acquiesce|spe|1
|-damage|p1a: Acquiesce|88/100|[from] Spikes
|turn|14
|
|t:|1759053075
|move|p1a: Acquiesce|Bullet Seed|p2a: Ting-Lu
|-supereffective|p2a: Ting-Lu
|-damage|p2a: Ting-Lu|15/100
|-supereffective|p2a: Ting-Lu
|-damage|p2a: Ting-Lu|0 fnt
|faint|p2a: Ting-Lu
|-hitcount|p2: Ting-Lu|2
|-damage|p1a: Acquiesce|78/100|[from] item: Life Orb
|
|upkeep
|
|t:|1759053079
|switch|p2a: Gholdengo|Gholdengo|100/100
|-item|p2a: Gholdengo|Air Balloon
|turn|15
|
|t:|1759053084
|move|p2a: Gholdengo|Make It Rain|p1a: Acquiesce
|-damage|p1a: Acquiesce|0 fnt
|-unboost|p2a: Gholdengo|spa|1
|faint|p1a: Acquiesce
|
|upkeep
|
|t:|1759053090
|switch|p1a: Apneoa|Iron Valiant, shiny|28/100
|-activate|p1a: Apneoa|move: Sticky Web
|-unboost|p1a: Apneoa|spe|1
|-damage|p1a: Apneoa|15/100|[from] Spikes
|turn|16
|
|t:|1759053098
|move|p2a: Gholdengo|Make It Rain|p1a: Apneoa
|-supereffective|p1a: Apneoa
|-damage|p1a: Apneoa|0 fnt
|-unboost|p2a: Gholdengo|spa|1
|faint|p1a: Apneoa
|-end|p1a: Apneoa|Quark Drive|[silent]
|
|win|Elpirulas666
|raw|empire on CD's rating: 1169 &rarr; <strong>1142</strong><br />(-27 for losing)
|raw|Elpirulas666's rating: 1142 &rarr; <strong>1169</strong><br />(+27 for winning)
|l|☆empire on CD
|player|p1|
|l|☆Elpirulas666
|player|p2|
