|j|☆CertifiedTeen
|j|☆MrTable00
|t:|1759025244
|gametype|singles
|player|p1|CertifiedTeen|psychic|1059
|player|p2|MrTable00|pokemaniac|1004
|gen|9
|tier|[Gen 9] OU
|rated|
|rule|HP Percentage Mod: HP is shown in percentages
|rule|Endless Battle Clause: Forcing endless battles is banned
|rule|Species Clause: Limit one of each Pokémon
|rule|OHKO Clause: OHKO moves are banned
|rule|Evasion Items Clause: Evasion items are banned
|rule|Evasion Moves Clause: Evasion moves are banned
|rule|Evasion Abilities Clause: Evasion abilities are banned
|rule|Sleep Moves Clause: Sleep-inducing moves are banned
|clearpoke
|poke|p1|Okidogi, M|
|poke|p1|Samurott-Hisui, M|
|poke|p1|Zamazenta-*|
|poke|p1|Arcanine-Hisui, M|
|poke|p1|Zoroark-Hisui, M|
|poke|p1|Donphan, F|
|poke|p2|Trapinch, M|
|poke|p2|Decidueye-Hisui, M|
|poke|p2|Wooper, F|
|poke|p2|Talonflame, F|
|poke|p2|Scyther, F|
|poke|p2|Araquanid, M|
|teampreview
|c|☆MrTable00|Hello
|
|t:|1759025264
|teamsize|p1|6
|teamsize|p2|6
|start
|switch|p1a: Zuma|Samurott-Hisui, M, shiny|100/100
|switch|p2a: Decidueye|Decidueye-Hisui, M|100/100
|turn|1
|
|t:|1759025274
|move|p1a: Zuma|Flip Turn|p2a: Decidueye
|-resisted|p2a: Decidueye
|-damage|p2a: Decidueye|86/100
|-damage|p1a: Zuma|84/100|[from] item: Rocky Helmet|[of] p2a: Decidueye
|
|t:|1759025282
|switch|p1a: GoodBoy|Arcanine-Hisui, M, shiny|100/100|[from] Flip Turn
|move|p2a: Decidueye|Triple Arrows|p1a: GoodBoy
|-supereffective|p1a: GoodBoy
|-damage|p1a: GoodBoy|0 fnt
|replace|p1a: SuperObvious|Zoroark-Hisui, M, shiny
|-end|p1a: SuperObvious|Illusion
|faint|p1a: SuperObvious
|
|upkeep
|
|t:|1759025301
|switch|p1a: DecentBoy|Okidogi, M|100/100
|turn|2
|
|t:|1759025307
|move|p1a: DecentBoy|Knock Off|p2a: Decidueye
|-resisted|p2a: Decidueye
|-damage|p2a: Decidueye|65/100
|-damage|p1a: DecentBoy|84/100|[from] item: Rocky Helmet|[of] p2a: Decidueye
|-enditem|p2a: Decidueye|Rocky Helmet|[from] move: Knock Off|[of] p1a: DecentBoy
|move|p2a: Decidueye|U-turn|p1a: DecentBoy
|-resisted|p1a: DecentBoy
|-damage|p1a: DecentBoy|78/100
|
|t:|1759025319
|switch|p2a: Trapinch|Trapinch, M|100/100|[from] U-turn
|
|upkeep
|turn|3
|
|t:|1759025324
|move|p1a: DecentBoy|Knock Off|p2a: Trapinch
|-damage|p2a: Trapinch|19/100
|-enditem|p2a: Trapinch|Choice Band|[from] move: Knock Off|[of] p1a: DecentBoy
|move|p2a: Trapinch|Earthquake|p1a: DecentBoy
|-supereffective|p1a: DecentBoy
|-damage|p1a: DecentBoy|0 fnt
|faint|p1a: DecentBoy
|
|upkeep
|
|t:|1759025335
|switch|p1a: Zuma|Samurott-Hisui, M, shiny|84/100
|turn|4
|
|t:|1759025340
|move|p1a: Zuma|Ceaseless Edge|p2a: Trapinch
|-damage|p2a: Trapinch|0 fnt
|-sidestart|p2: MrTable00|Spikes
|faint|p2a: Trapinch
|
|upkeep
|
|t:|1759025357
|switch|p2a: Decidueye|Decidueye-Hisui, M|65/100
|-damage|p2a: Decidueye|53/100|[from] Spikes
|turn|5
|
|t:|1759025362
|move|p1a: Zuma|Flip Turn|p2a: Decidueye
|-resisted|p2a: Decidueye
|-damage|p2a: Decidueye|38/100
|
|t:|1759025372
|switch|p1a: BestBoy|Zamazenta, shiny|100/100|[from] Flip Turn
|-ability|p1a: BestBoy|Dauntless Shield|boost
|-boost|p1a: BestBoy|def|1
|move|p2a: Decidueye|Triple Arrows|p1a: BestBoy
|-damage|p1a: BestBoy|73/100
|
|-heal|p1a: BestBoy|79/100|[from] item: Leftovers
|upkeep
|turn|6
|
|t:|1759025385
|move|p1a: BestBoy|Iron Defense|p1a: BestBoy
|-boost|p1a: BestBoy|def|2
|move|p2a: Decidueye|Triple Arrows|p1a: BestBoy
|-damage|p1a: BestBoy|62/100
|
|-heal|p1a: BestBoy|68/100|[from] item: Leftovers
|upkeep
|turn|7
|
|t:|1759025396
|move|p1a: BestBoy|Iron Defense|p1a: BestBoy
|-boost|p1a: BestBoy|def|2
|move|p2a: Decidueye|Triple Arrows|p1a: BestBoy
|-damage|p1a: BestBoy|56/100
|
|-heal|p1a: BestBoy|62/100|[from] item: Leftovers
|upkeep
|turn|8
|
|t:|1759025409
|move|p1a: BestBoy|Iron Defense|p1a: BestBoy
|-boost|p1a: BestBoy|def|1
|move|p2a: Decidueye|Defog|p1a: BestBoy
|-unboost|p1a: BestBoy|evasion|1
|-sideend|p2: MrTable00|Spikes|[from] move: Defog|[of] p2a: Decidueye
|
|-heal|p1a: BestBoy|69/100|[from] item: Leftovers
|upkeep
|turn|9
|
|t:|1759025417
|move|p1a: BestBoy|Body Press|p2a: Decidueye
|-damage|p2a: Decidueye|0 fnt
|faint|p2a: Decidueye
|
|-heal|p1a: BestBoy|75/100|[from] item: Leftovers
|upkeep
|
|t:|1759025425
|switch|p2a: Wooper|Wooper, F|100/100
|turn|10
|
|t:|1759025429
|move|p1a: BestBoy|Body Press|p2a: Wooper
|-damage|p2a: Wooper|75/100
|move|p2a: Wooper|Toxic|p1a: BestBoy
|-status|p1a: BestBoy|tox
|
|-heal|p1a: BestBoy|81/100 tox|[from] item: Leftovers
|-damage|p1a: BestBoy|75/100 tox|[from] psn
|upkeep
|turn|11
|
|t:|1759025441
|move|p1a: BestBoy|Body Press|p2a: Wooper
|-damage|p2a: Wooper|48/100
|move|p2a: Wooper|Stealth Rock|p1a: BestBoy
|-sidestart|p1: CertifiedTeen|move: Stealth Rock
|
|-heal|p1a: BestBoy|81/100 tox|[from] item: Leftovers
|-damage|p1a: BestBoy|69/100 tox|[from] psn
|upkeep
|turn|12
|
|t:|1759025450
|move|p1a: BestBoy|Body Press|p2a: Wooper
|-damage|p2a: Wooper|23/100
|move|p2a: Wooper|Recover|p2a: Wooper
|-heal|p2a: Wooper|73/100
|
|-heal|p1a: BestBoy|75/100 tox|[from] item: Leftovers
|-damage|p1a: BestBoy|56/100 tox|[from] psn
|upkeep
|turn|13
|
|t:|1759025471
|switch|p1a: Zuma|Samurott-Hisui, M, shiny|84/100
|-damage|p1a: Zuma|72/100|[from] Stealth Rock
|move|p2a: Wooper|Spikes|p1a: Zuma
|-sidestart|p1: CertifiedTeen|Spikes
|
|upkeep
|turn|14
|
|t:|1759025478
|move|p1a: Zuma|Ceaseless Edge|p2a: Wooper
|-damage|p2a: Wooper|30/100
|-sidestart|p2: MrTable00|Spikes
|move|p2a: Wooper|Toxic|p1a: Zuma
|-status|p1a: Zuma|tox
|
|-damage|p1a: Zuma|65/100 tox|[from] psn
|upkeep
|turn|15
|
|t:|1759025487
|move|p1a: Zuma|Ceaseless Edge|p2a: Wooper
|-damage|p2a: Wooper|0 fnt
|-sidestart|p2: MrTable00|Spikes
|faint|p2a: Wooper
|
|-damage|p1a: Zuma|53/100 tox|[from] psn
|upkeep
|
|t:|1759025498
|switch|p2a: Talonflame|Talonflame, F|100/100
|turn|16
|
|t:|1759025513
|move|p2a: Talonflame|U-turn|p1a: Zuma
|-supereffective|p1a: Zuma
|-damage|p1a: Zuma|10/100 tox
|
|t:|1759025517
|switch|p2a: Araquanid|Araquanid, M|100/100|[from] U-turn
|-damage|p2a: Araquanid|84/100|[from] Spikes
|move|p1a: Zuma|Ceaseless Edge|p2a: Araquanid
|-damage|p2a: Araquanid|23/100
|-sidestart|p2: MrTable00|Spikes
|
|-damage|p1a: Zuma|0 fnt|[from] psn
|faint|p1a: Zuma
|upkeep
|
|t:|1759025530
|switch|p1a: Canine?|Donphan, F|100/100
|turn|17
|
|t:|1759025535
|move|p1a: Canine?|Rapid Spin|p2a: Araquanid
|-damage|p2a: Araquanid|5/100
|-boost|p1a: Canine?|spe|1
|-sideend|p1: CertifiedTeen|Spikes|[from] move: Rapid Spin|[of] p1a: Canine?
|-sideend|p1: CertifiedTeen|Stealth Rock|[from] move: Rapid Spin|[of] p1a: Canine?
|move|p2a: Araquanid|Liquidation|p1a: Canine?
|-supereffective|p1a: Canine?
|-ability|p1a: Canine?|Sturdy
|-damage|p1a: Canine?|1/100
|
|upkeep
|turn|18
|
|t:|1759025547
|move|p1a: Canine?|Seed Bomb|p2a: Araquanid
|-damage|p2a: Araquanid|0 fnt
|faint|p2a: Araquanid
|
|upkeep
|
|t:|1759025554
|switch|p2a: Talonflame|Talonflame, F|100/100
|turn|19
|
|t:|1759025558
|move|p2a: Talonflame|Acrobatics|p1a: Canine?
|-damage|p1a: Canine?|0 fnt
|faint|p1a: Canine?
|
|upkeep
|
|t:|1759025563
|switch|p1a: BestBoy|Zamazenta, shiny|56/100 tox
|turn|20
|
|t:|1759025568
|move|p2a: Talonflame|Acrobatics|p1a: BestBoy
|-supereffective|p1a: BestBoy
|-damage|p1a: BestBoy|0 fnt
|faint|p1a: BestBoy
|
|upkeep
|
|t:|1759025573
|switch|p1a: GoodBoy|Arcanine-Hisui, M, shiny|100/100
|turn|21
|
|t:|1759025580
|move|p2a: Talonflame|Acrobatics|p1a: GoodBoy
|-resisted|p1a: GoodBoy
|-damage|p1a: GoodBoy|73/100
|move|p1a: GoodBoy|Stealth Rock|p2a: Talonflame
|-sidestart|p2: MrTable00|move: Stealth Rock
|
|upkeep
|turn|22
|
|t:|1759025591
|-terastallize|p2a: Talonflame|Fire
|move|p2a: Talonflame|Swords Dance|p2a: Talonflame
|-boost|p2a: Talonflame|atk|2
|move|p1a: GoodBoy|Head Smash|p2a: Talonflame
|-supereffective|p2a: Talonflame
|-damage|p2a: Talonflame|0 fnt
|faint|p2a: Talonflame
|
|upkeep
|
|t:|1759025602
|switch|p2a: Scyther|Scyther, F|100/100
|-damage|p2a: Scyther|51/100|[from] Stealth Rock
|turn|23
|
|t:|1759025608
|move|p2a: Scyther|Close Combat|p1a: GoodBoy
|-supereffective|p1a: GoodBoy
|-damage|p1a: GoodBoy|0 fnt
|-unboost|p2a: Scyther|def|1
|-unboost|p2a: Scyther|spd|1
|faint|p1a: GoodBoy
|
|win|MrTable00
|raw|CertifiedTeen's rating: 1059 &rarr; <strong>1037</strong><br />(-22 for losing)
|raw|MrTable00's rating: 1004 &rarr; <strong>1050</strong><br />(+46 for winning)
|c|☆MrTable00|Ggs
|l|☆CertifiedTeen
|player|p1|
|c|☆MrTable00|Wooper
