|badge|p2|silver|gen9ou|30-6
|html|<div class="broadcast-red"><strong>This battle is required to be public due to one or more player having a season medal.</strong><br />During the public phase, you can discuss the state of the ladder <a href="/seasondiscussion">in a special chatroom.</a></div>
|uhtml|medal-msg|<div class="broadcast-blue">Curious what those medals under the avatar are? PS now has Ladder Seasons! For more information, check out the <a href="https://www.smogon.com/forums/threads/3740067/">thread on Smogon.</a></div>
|raw|<div class="broadcast-blue"><strong>This battle is required to be public due to a player having a name starting with 'medal'.</div>
|j|☆fallenplayer123
|j|☆143forever
|t:|1758976425
|gametype|singles
|player|p1|fallenplayer123|lucas|1780
|player|p2|143forever|red|1962
|gen|9
|tier|[Gen 9] OU
|rated|
|rule|HP Percentage Mod: HP is shown in percentages
|rule|Endless Battle Clause: Forcing endless battles is banned
|rule|Species Clause: Limit one of each Pokémon
|rule|OHKO Clause: OHKO moves are banned
|rule|Evasion Items Clause: Evasion items are banned
|rule|Evasion Moves Clause: Evasion moves are banned
|rule|Evasion Abilities Clause: Evasion abilities are banned
|rule|Sleep Moves Clause: Sleep-inducing moves are banned
|clearpoke
|poke|p1|Latias, F|
|poke|p1|Ribombee, F|
|poke|p1|Sinistcha|
|poke|p1|Kingambit, F|
|poke|p1|Iron Moth|
|poke|p1|Raging Bolt|
|poke|p2|Dondozo, F|
|poke|p2|Blissey, F|
|poke|p2|Corviknight, M|
|poke|p2|Weezing-Galar, M|
|poke|p2|Gliscor, M|
|poke|p2|Toxapex, M|
|teampreview
|j| lanarey
|j| moodrandom
|j| cynasaurus
|j| dsvdv
|l| cynasaurus
|inactive|Battle timer is ON: inactive players will automatically lose when time's up. (requested by 143forever)
|j| TheMysteriousBoy
|j| cryyysneasel
|
|t:|1758976487
|teamsize|p1|6
|teamsize|p2|6
|start
|switch|p1a: Sinistcha|Sinistcha|100/100
|switch|p2a: Gliscor|Gliscor, M|100/100
|turn|1
|
|t:|1758976498
|move|p2a: Gliscor|Protect|p2a: Gliscor
|-singleturn|p2a: Gliscor|Protect
|move|p1a: Sinistcha|Nasty Plot|p1a: Sinistcha
|-boost|p1a: Sinistcha|spa|2
|
|-status|p2a: Gliscor|tox|[from] item: Toxic Orb
|upkeep
|turn|2
|
|t:|1758976505
|switch|p2a: Toxapex|Toxapex, M|100/100
|move|p1a: Sinistcha|Nasty Plot|p1a: Sinistcha
|-boost|p1a: Sinistcha|spa|2
|
|upkeep
|turn|3
|
|t:|1758976509
|move|p1a: Sinistcha|Matcha Gotcha|p2a: Toxapex
|-damage|p2a: Toxapex|31/100
|move|p2a: Toxapex|Haze|p2a: Toxapex
|-clearallboost
|
|-heal|p2a: Toxapex|38/100|[from] item: Leftovers
|upkeep
|turn|4
|j| amefurikoneko
|
|t:|1758976531
|switch|p1a: Kingambit|Kingambit, F|100/100
|-item|p1a: Kingambit|Air Balloon
|move|p2a: Toxapex|Recover|p2a: Toxapex
|-heal|p2a: Toxapex|88/100
|
|-heal|p2a: Toxapex|94/100|[from] item: Leftovers
|upkeep
|turn|5
|
|t:|1758976538
|-end|p1a: Kingambit|fallenundefined|[silent]
|switch|p1a: Sinistcha|Sinistcha|100/100
|move|p2a: Toxapex|Toxic Spikes|p1a: Sinistcha
|-sidestart|p1: fallenplayer123|move: Toxic Spikes
|
|-heal|p2a: Toxapex|99/100|[from] item: Leftovers
|upkeep
|turn|6
|
|t:|1758976542
|switch|p1a: Iron Moth|Iron Moth|100/100
|-sideend|p1: fallenplayer123|move: Toxic Spikes|[of] p1a: Iron Moth
|-enditem|p1a: Iron Moth|Booster Energy
|-activate|p1a: Iron Moth|ability: Quark Drive|[fromitem]
|-start|p1a: Iron Moth|quarkdrivespa
|move|p2a: Toxapex|Toxic|p1a: Iron Moth
|-immune|p1a: Iron Moth
|
|-heal|p2a: Toxapex|100/100|[from] item: Leftovers
|upkeep
|turn|7
|
|t:|1758976549
|move|p1a: Iron Moth|Fiery Dance|p2a: Toxapex
|-resisted|p2a: Toxapex
|-damage|p2a: Toxapex|81/100
|move|p2a: Toxapex|Haze|p2a: Toxapex
|-clearallboost
|
|-heal|p2a: Toxapex|87/100|[from] item: Leftovers
|upkeep
|turn|8
|
|t:|1758976553
|move|p1a: Iron Moth|Fiery Dance|p2a: Toxapex
|-resisted|p2a: Toxapex
|-damage|p2a: Toxapex|68/100
|move|p2a: Toxapex|Haze|p2a: Toxapex
|-clearallboost
|
|-heal|p2a: Toxapex|75/100|[from] item: Leftovers
|upkeep
|turn|9
|
|t:|1758976557
|switch|p2a: Blissey|Blissey, F|100/100
|move|p1a: Iron Moth|Fiery Dance|p2a: Blissey
|-crit|p2a: Blissey
|-damage|p2a: Blissey|71/100
|-boost|p1a: Iron Moth|spa|1
|
|-heal|p2a: Blissey|77/100|[from] item: Leftovers
|upkeep
|turn|10
|
|t:|1758976562
|move|p1a: Iron Moth|Sludge Wave|p2a: Blissey
|-damage|p2a: Blissey|43/100
|move|p2a: Blissey|Calm Mind|p2a: Blissey
|-boost|p2a: Blissey|spa|1
|-boost|p2a: Blissey|spd|1
|
|-heal|p2a: Blissey|50/100|[from] item: Leftovers
|upkeep
|turn|11
|
|t:|1758976566
|move|p1a: Iron Moth|Fiery Dance|p2a: Blissey
|-damage|p2a: Blissey|29/100
|-boost|p1a: Iron Moth|spa|1
|move|p2a: Blissey|Soft-Boiled|p2a: Blissey
|-heal|p2a: Blissey|79/100
|
|-heal|p2a: Blissey|85/100|[from] item: Leftovers
|upkeep
|turn|12
|
|t:|1758976572
|move|p1a: Iron Moth|Fiery Dance|p2a: Blissey
|-damage|p2a: Blissey|59/100
|move|p2a: Blissey|Calm Mind|p2a: Blissey
|-boost|p2a: Blissey|spa|1
|-boost|p2a: Blissey|spd|1
|
|-heal|p2a: Blissey|65/100|[from] item: Leftovers
|upkeep
|turn|13
|
|t:|1758976575
|move|p1a: Iron Moth|Fiery Dance|p2a: Blissey
|-damage|p2a: Blissey|48/100
|move|p2a: Blissey|Seismic Toss|p1a: Iron Moth
|-damage|p1a: Iron Moth|67/100
|
|-heal|p2a: Blissey|54/100|[from] item: Leftovers
|upkeep
|turn|14
|
|t:|1758976579
|move|p1a: Iron Moth|Fiery Dance|p2a: Blissey
|-damage|p2a: Blissey|33/100
|move|p2a: Blissey|Soft-Boiled|p2a: Blissey
|-heal|p2a: Blissey|83/100
|
|-heal|p2a: Blissey|89/100|[from] item: Leftovers
|upkeep
|turn|15
|
|t:|1758976582
|move|p1a: Iron Moth|Fiery Dance|p2a: Blissey
|-damage|p2a: Blissey|69/100
|-boost|p1a: Iron Moth|spa|1
|move|p2a: Blissey|Seismic Toss|p1a: Iron Moth
|-damage|p1a: Iron Moth|34/100
|
|-heal|p2a: Blissey|75/100|[from] item: Leftovers
|upkeep
|turn|16
|
|t:|1758976586
|move|p1a: Iron Moth|Sludge Wave|p2a: Blissey
|-damage|p2a: Blissey|47/100
|move|p2a: Blissey|Seismic Toss|p1a: Iron Moth
|-damage|p1a: Iron Moth|1/100
|
|-heal|p2a: Blissey|53/100|[from] item: Leftovers
|upkeep
|turn|17
|
|t:|1758976588
|move|p1a: Iron Moth|Sludge Wave|p2a: Blissey
|-damage|p2a: Blissey|23/100
|move|p2a: Blissey|Soft-Boiled|p2a: Blissey
|-heal|p2a: Blissey|73/100
|
|-heal|p2a: Blissey|79/100|[from] item: Leftovers
|upkeep
|turn|18
|
|t:|1758976591
|move|p1a: Iron Moth|Sludge Wave|p2a: Blissey
|-damage|p2a: Blissey|52/100
|move|p2a: Blissey|Seismic Toss|p1a: Iron Moth
|-damage|p1a: Iron Moth|0 fnt
|faint|p1a: Iron Moth
|-end|p1a: Iron Moth|Quark Drive|[silent]
|
|-heal|p2a: Blissey|58/100|[from] item: Leftovers
|upkeep
|
|t:|1758976606
|switch|p1a: Kingambit|Kingambit, F|100/100
|-activate|p1a: Kingambit|ability: Supreme Overlord
|-start|p1a: Kingambit|fallen1|[silent]
|-item|p1a: Kingambit|Air Balloon
|turn|19
|l| cryyysneasel
|
|t:|1758976620
|switch|p2a: Toxapex|Toxapex, M|100/100
|move|p1a: Kingambit|Kowtow Cleave|p2a: Toxapex
|-damage|p2a: Toxapex|60/100
|
|-heal|p2a: Toxapex|66/100|[from] item: Leftovers
|upkeep
|turn|20
|
|t:|1758976627
|-end|p1a: Kingambit|fallen1|[silent]
|switch|p1a: Raging Bolt|Raging Bolt|100/100
|-enditem|p1a: Raging Bolt|Booster Energy
|-activate|p1a: Raging Bolt|ability: Protosynthesis|[fromitem]
|-start|p1a: Raging Bolt|protosynthesisspa
|move|p2a: Toxapex|Toxic Spikes|p1a: Raging Bolt
|-sidestart|p1: fallenplayer123|move: Toxic Spikes
|
|-heal|p2a: Toxapex|73/100|[from] item: Leftovers
|upkeep
|turn|21
|
|t:|1758976633
|switch|p2a: Blissey|Blissey, F|58/100
|move|p1a: Raging Bolt|Calm Mind|p1a: Raging Bolt
|-boost|p1a: Raging Bolt|spa|1
|-boost|p1a: Raging Bolt|spd|1
|
|-heal|p2a: Blissey|64/100|[from] item: Leftovers
|upkeep
|turn|22
|
|t:|1758976642
|move|p1a: Raging Bolt|Thunderbolt|p2a: Blissey
|-damage|p2a: Blissey|30/100
|move|p2a: Blissey|Seismic Toss|p1a: Raging Bolt
|-damage|p1a: Raging Bolt|75/100
|
|-heal|p2a: Blissey|36/100|[from] item: Leftovers
|upkeep
|turn|23
|
|t:|1758976647
|move|p1a: Raging Bolt|Calm Mind|p1a: Raging Bolt
|-boost|p1a: Raging Bolt|spa|1
|-boost|p1a: Raging Bolt|spd|1
|move|p2a: Blissey|Soft-Boiled|p2a: Blissey
|-heal|p2a: Blissey|86/100
|
|-heal|p2a: Blissey|92/100|[from] item: Leftovers
|upkeep
|turn|24
|
|t:|1758976651
|move|p1a: Raging Bolt|Thunderbolt|p2a: Blissey
|-damage|p2a: Blissey|52/100
|move|p2a: Blissey|Calm Mind|p2a: Blissey
|-boost|p2a: Blissey|spa|1
|-boost|p2a: Blissey|spd|1
|
|-heal|p2a: Blissey|59/100|[from] item: Leftovers
|upkeep
|turn|25
|
|t:|1758976655
|move|p1a: Raging Bolt|Thunderbolt|p2a: Blissey
|-damage|p2a: Blissey|31/100
|move|p2a: Blissey|Soft-Boiled|p2a: Blissey
|-heal|p2a: Blissey|81/100
|
|-heal|p2a: Blissey|87/100|[from] item: Leftovers
|upkeep
|turn|26
|
|t:|1758976657
|move|p1a: Raging Bolt|Thunderbolt|p2a: Blissey
|-damage|p2a: Blissey|56/100
|move|p2a: Blissey|Seismic Toss|p1a: Raging Bolt
|-damage|p1a: Raging Bolt|49/100
|
|-heal|p2a: Blissey|62/100|[from] item: Leftovers
|upkeep
|turn|27
|
|t:|1758976659
|move|p1a: Raging Bolt|Thunderbolt|p2a: Blissey
|-damage|p2a: Blissey|33/100
|move|p2a: Blissey|Seismic Toss|p1a: Raging Bolt
|-damage|p1a: Raging Bolt|24/100
|
|-heal|p2a: Blissey|39/100|[from] item: Leftovers
|upkeep
|turn|28
|
|t:|1758976668
|move|p1a: Raging Bolt|Thunderbolt|p2a: Blissey
|-damage|p2a: Blissey|14/100
|move|p2a: Blissey|Seismic Toss|p1a: Raging Bolt
|-damage|p1a: Raging Bolt|0 fnt
|faint|p1a: Raging Bolt
|-end|p1a: Raging Bolt|Protosynthesis|[silent]
|
|-heal|p2a: Blissey|20/100|[from] item: Leftovers
|upkeep
|
|t:|1758976678
|switch|p1a: Kingambit|Kingambit, F|100/100
|-activate|p1a: Kingambit|ability: Supreme Overlord
|-start|p1a: Kingambit|fallen2|[silent]
|-item|p1a: Kingambit|Air Balloon
|turn|29
|j| Ctannn
|
|t:|1758976684
|switch|p2a: Corviknight|Corviknight, M|100/100
|-ability|p2a: Corviknight|Pressure
|move|p1a: Kingambit|Kowtow Cleave|p2a: Corviknight
|-damage|p2a: Corviknight|64/100
|
|-heal|p2a: Corviknight|71/100|[from] item: Leftovers
|upkeep
|turn|30
|
|t:|1758976701
|move|p2a: Corviknight|Body Press|p1a: Kingambit
|-supereffective|p1a: Kingambit
|-damage|p1a: Kingambit|23/100
|-enditem|p1a: Kingambit|Air Balloon
|move|p1a: Kingambit|Swords Dance|p1a: Kingambit
|-boost|p1a: Kingambit|atk|2
|
|-heal|p2a: Corviknight|77/100|[from] item: Leftovers
|upkeep
|turn|31
|
|t:|1758976707
|switch|p2a: Dondozo|Dondozo, F|100/100
|move|p1a: Kingambit|Sucker Punch||[still]
|-fail|p1a: Kingambit
|
|upkeep
|turn|32
|
|t:|1758976727
|-end|p1a: Kingambit|fallen2|[silent]
|switch|p1a: Latias|Latias, F|100/100
|move|p2a: Dondozo|Body Press|p1a: Latias
|-resisted|p1a: Latias
|-damage|p1a: Latias|86/100
|-enditem|p1a: Latias|Kee Berry|[eat]
|-boost|p1a: Latias|def|1|[from] item: Kee Berry
|
|upkeep
|turn|33
|
|t:|1758976730
|switch|p2a: Toxapex|Toxapex, M|100/100
|move|p1a: Latias|Calm Mind|p1a: Latias
|-boost|p1a: Latias|spa|1
|-boost|p1a: Latias|spd|1
|
|upkeep
|turn|34
|
|t:|1758976735
|-terastallize|p1a: Latias|Poison
|move|p1a: Latias|Stored Power|p2a: Toxapex
|-supereffective|p2a: Toxapex
|-damage|p2a: Toxapex|41/100
|move|p2a: Toxapex|Haze|p2a: Toxapex
|-clearallboost
|
|-heal|p2a: Toxapex|48/100|[from] item: Leftovers
|upkeep
|turn|35
|
|t:|1758976740
|move|p1a: Latias|Calm Mind|p1a: Latias
|-boost|p1a: Latias|spa|1
|-boost|p1a: Latias|spd|1
|move|p2a: Toxapex|Haze|p2a: Toxapex
|-clearallboost
|
|-heal|p2a: Toxapex|54/100|[from] item: Leftovers
|upkeep
|turn|36
|
|t:|1758976744
|move|p1a: Latias|Calm Mind|p1a: Latias
|-boost|p1a: Latias|spa|1
|-boost|p1a: Latias|spd|1
|move|p2a: Toxapex|Haze|p2a: Toxapex
|-clearallboost
|
|-heal|p2a: Toxapex|60/100|[from] item: Leftovers
|upkeep
|turn|37
|l| moodrandom
|
|t:|1758976749
|move|p1a: Latias|Stored Power|p2a: Toxapex
|-supereffective|p2a: Toxapex
|-damage|p2a: Toxapex|50/100
|move|p2a: Toxapex|Haze|p2a: Toxapex
|-clearallboost
|
|-heal|p2a: Toxapex|56/100|[from] item: Leftovers
|upkeep
|turn|38
|
|t:|1758976752
|move|p1a: Latias|Stored Power|p2a: Toxapex
|-supereffective|p2a: Toxapex
|-damage|p2a: Toxapex|46/100
|move|p2a: Toxapex|Haze|p2a: Toxapex
|-clearallboost
|
|-heal|p2a: Toxapex|52/100|[from] item: Leftovers
|upkeep
|turn|39
|
|t:|1758976761
|move|p1a: Latias|Calm Mind|p1a: Latias
|-boost|p1a: Latias|spa|1
|-boost|p1a: Latias|spd|1
|move|p2a: Toxapex|Haze|p2a: Toxapex
|-clearallboost
|
|-heal|p2a: Toxapex|58/100|[from] item: Leftovers
|upkeep
|turn|40
|
|t:|1758976767
|move|p1a: Latias|Aura Sphere|p2a: Toxapex
|-resisted|p2a: Toxapex
|-damage|p2a: Toxapex|52/100
|move|p2a: Toxapex|Haze|p2a: Toxapex
|-clearallboost
|
|-heal|p2a: Toxapex|58/100|[from] item: Leftovers
|upkeep
|turn|41
|-message|fallenplayer123 forfeited.
|
|win|143forever
|raw|fallenplayer123's rating: 1780 &rarr; <strong>1770</strong><br />(-10 for losing)
|raw|143forever's rating: 1974 &rarr; <strong>1984</strong><br />(+10 for winning)
|l|☆fallenplayer123
|player|p1|
|l| amefurikoneko
|l|☆143forever
|player|p2|
|l| Ctannn
|l| TheMysteriousBoy
