|j|☆Nanami&Mozomi
|j|☆Faustedfaust
|t:|1758968154
|gametype|singles
|player|p1|Nanami&Mozomi|cynthia-gen4|1090
|player|p2|Faustedfaust|hilbert|1025
|gen|9
|tier|[Gen 9] OU
|rated|
|rule|HP Percentage Mod: HP is shown in percentages
|rule|Endless Battle Clause: Forcing endless battles is banned
|rule|Species Clause: Limit one of each Pokémon
|rule|OHKO Clause: OHKO moves are banned
|rule|Evasion Items Clause: Evasion items are banned
|rule|Evasion Moves Clause: Evasion moves are banned
|rule|Evasion Abilities Clause: Evasion abilities are banned
|rule|Sleep Moves Clause: Sleep-inducing moves are banned
|clearpoke
|poke|p1|Dragapult, M|
|poke|p1|Great Tusk|
|poke|p1|Charizard, F|
|poke|p1|Corviknight, F|
|poke|p1|Raging Bolt|
|poke|p1|Landorus-Therian, M|
|poke|p2|Metagross|
|poke|p2|Lapras, F|
|poke|p2|Lucario, M|
|poke|p2|Dragonite, M|
|poke|p2|Gengar, F|
|poke|p2|Ogerpon-Wellspring, F|
|teampreview
|
|t:|1758968164
|teamsize|p1|6
|teamsize|p2|6
|start
|switch|p1a: Charizard|Charizard, F, shiny|100/100
|switch|p2a: Bella|Lapras, F, shiny|100/100
|turn|1
|
|t:|1758968175
|move|p1a: Charizard|Sunny Day|p1a: Charizard
|-weather|SunnyDay
|move|p2a: Bella|Thunderbolt|p1a: Charizard
|-supereffective|p1a: Charizard
|-damage|p1a: Charizard|44/100
|
|-weather|SunnyDay|[upkeep]
|upkeep
|turn|2
|
|t:|1758968185
|move|p1a: Charizard|Protect|p1a: Charizard
|-singleturn|p1a: Charizard|Protect
|move|p2a: Bella|Thunderbolt|p1a: Charizard
|-activate|p1a: Charizard|move: Protect
|
|-weather|SunnyDay|[upkeep]
|upkeep
|turn|3
|
|t:|1758968192
|switch|p1a: Great Tusk|Great Tusk|100/100
|-activate|p1a: Great Tusk|ability: Protosynthesis
|-start|p1a: Great Tusk|protosynthesisspe
|move|p2a: Bella|Thunderbolt|p1a: Great Tusk
|-immune|p1a: Great Tusk
|
|-weather|SunnyDay|[upkeep]
|upkeep
|turn|4
|
|t:|1758968203
|-terastallize|p2a: Bella|Water
|move|p1a: Great Tusk|Bulk Up|p1a: Great Tusk
|-boost|p1a: Great Tusk|atk|1
|-boost|p1a: Great Tusk|def|1
|move|p2a: Bella|Surf|p1a: Great Tusk
|-supereffective|p1a: Great Tusk
|-damage|p1a: Great Tusk|35/100
|
|-weather|SunnyDay|[upkeep]
|-heal|p1a: Great Tusk|41/100|[from] item: Leftovers
|upkeep
|turn|5
|
|t:|1758968242
|move|p1a: Great Tusk|Megahorn|p2a: Bella
|-damage|p2a: Bella|53/100
|move|p2a: Bella|Surf|p1a: Great Tusk
|-supereffective|p1a: Great Tusk
|-damage|p1a: Great Tusk|0 fnt
|faint|p1a: Great Tusk
|-end|p1a: Great Tusk|Protosynthesis|[silent]
|
|-weather|none
|upkeep
|
|t:|1758968249
|switch|p1a: Raging Bolt|Raging Bolt|100/100
|-enditem|p1a: Raging Bolt|Booster Energy
|-activate|p1a: Raging Bolt|ability: Protosynthesis|[fromitem]
|-start|p1a: Raging Bolt|protosynthesisspa
|turn|6
|
|t:|1758968255
|move|p1a: Raging Bolt|Calm Mind|p1a: Raging Bolt
|-boost|p1a: Raging Bolt|spa|1
|-boost|p1a: Raging Bolt|spd|1
|move|p2a: Bella|Ice Beam|p1a: Raging Bolt
|-supereffective|p1a: Raging Bolt
|-damage|p1a: Raging Bolt|61/100
|
|upkeep
|turn|7
|
|t:|1758968271
|switch|p2a: Buk|Metagross, shiny|100/100
|move|p1a: Raging Bolt|Thunderclap||[still]
|-fail|p1a: Raging Bolt
|
|upkeep
|turn|8
|
|t:|1758968284
|move|p1a: Raging Bolt|Thunderbolt|p2a: Buk
|-damage|p2a: Buk|28/100
|move|p2a: Buk|Earthquake|p1a: Raging Bolt
|-supereffective|p1a: Raging Bolt
|-damage|p1a: Raging Bolt|0 fnt
|faint|p1a: Raging Bolt
|-end|p1a: Raging Bolt|Protosynthesis|[silent]
|
|upkeep
|
|t:|1758968292
|switch|p1a: Charizard|Charizard, F, shiny|44/100
|turn|9
|
|t:|1758968298
|move|p2a: Buk|Bullet Punch|p1a: Charizard
|-resisted|p1a: Charizard
|-damage|p1a: Charizard|30/100
|move|p1a: Charizard|Will-O-Wisp|p2a: Buk
|-status|p2a: Buk|brn
|
|-damage|p2a: Buk|22/100 brn|[from] brn
|upkeep
|turn|10
|
|t:|1758968307
|move|p2a: Buk|Bullet Punch|p1a: Charizard
|-resisted|p1a: Charizard
|-damage|p1a: Charizard|23/100
|move|p1a: Charizard|Earthquake|p2a: Buk
|-supereffective|p2a: Buk
|-damage|p2a: Buk|0 fnt
|faint|p2a: Buk
|
|upkeep
|
|t:|1758968315
|switch|p2a: Dragonite|Dragonite, M|100/100
|turn|11
|
|t:|1758968319
|move|p1a: Charizard|Will-O-Wisp|p2a: Dragonite
|-status|p2a: Dragonite|brn
|move|p2a: Dragonite|Thunder Punch|p1a: Charizard
|-supereffective|p1a: Charizard
|-damage|p1a: Charizard|0 fnt
|faint|p1a: Charizard
|
|-damage|p2a: Dragonite|94/100 brn|[from] brn
|upkeep
|
|t:|1758968327
|switch|p1a: Landorus|Landorus-Therian, M|100/100
|-ability|p1a: Landorus|Intimidate|boost
|-fail|p2a: Dragonite|unboost|Attack|[from] ability: Inner Focus|[of] p2a: Dragonite
|turn|12
|
|t:|1758968336
|move|p1a: Landorus|Stealth Rock|p2a: Dragonite
|-sidestart|p2: Faustedfaust|move: Stealth Rock
|move|p2a: Dragonite|Body Slam|p1a: Landorus
|-damage|p1a: Landorus|90/100
|-damage|p2a: Dragonite|78/100 brn|[from] item: Rocky Helmet|[of] p1a: Landorus
|
|-damage|p2a: Dragonite|71/100 brn|[from] brn
|upkeep
|turn|13
|
|t:|1758968347
|switch|p2a: Lucario|Lucario, M|100/100
|-damage|p2a: Lucario|98/100|[from] Stealth Rock
|move|p1a: Landorus|U-turn|p2a: Lucario
|-resisted|p2a: Lucario
|-damage|p2a: Lucario|88/100
|
|t:|1758968353
|switch|p1a: Corviknight|Corviknight, F, shiny|100/100|[from] U-turn
|-ability|p1a: Corviknight|Pressure
|
|upkeep
|turn|14
|
|t:|1758968366
|switch|p2a: Dragonite|Dragonite, M|71/100 brn
|-damage|p2a: Dragonite|47/100 brn|[from] Stealth Rock
|move|p1a: Corviknight|Body Press|p2a: Dragonite
|-resisted|p2a: Dragonite
|-damage|p2a: Dragonite|35/100 brn
|
|-damage|p2a: Dragonite|29/100 brn|[from] brn
|upkeep
|turn|15
|
|t:|1758968375
|switch|p1a: Landorus|Landorus-Therian, M|90/100
|-ability|p1a: Landorus|Intimidate|boost
|-fail|p2a: Dragonite|unboost|Attack|[from] ability: Inner Focus|[of] p2a: Dragonite
|move|p2a: Dragonite|Thunder Punch|p1a: Landorus
|-immune|p1a: Landorus
|
|-damage|p2a: Dragonite|23/100 brn|[from] brn
|upkeep
|turn|16
|
|t:|1758968387
|switch|p2a: Bella|Lapras, F, shiny, tera:Water|53/100
|-damage|p2a: Bella|40/100|[from] Stealth Rock
|move|p1a: Landorus|Earthquake|p2a: Bella
|-damage|p2a: Bella|0 fnt
|faint|p2a: Bella
|
|upkeep
|
|t:|1758968395
|switch|p2a: Gengar|Gengar, F|100/100
|-damage|p2a: Gengar|88/100|[from] Stealth Rock
|-item|p2a: Gengar|Air Balloon
|turn|17
|
|t:|1758968403
|move|p2a: Gengar|Focus Blast|p1a: Landorus
|-resisted|p1a: Landorus
|-damage|p1a: Landorus|66/100
|move|p1a: Landorus|Taunt|p2a: Gengar
|-start|p2a: Gengar|move: Taunt
|
|upkeep
|turn|18
|
|t:|1758968411
|move|p2a: Gengar|Shadow Ball|p1a: Landorus
|-damage|p1a: Landorus|19/100
|move|p1a: Landorus|U-turn|p2a: Gengar
|-resisted|p2a: Gengar
|-damage|p2a: Gengar|78/100
|-enditem|p2a: Gengar|Air Balloon
|
|t:|1758968418
|switch|p1a: Dragapult|Dragapult, M|100/100|[from] U-turn
|
|upkeep
|turn|19
|
|t:|1758968422
|move|p1a: Dragapult|Shadow Ball|p2a: Gengar
|-supereffective|p2a: Gengar
|-damage|p2a: Gengar|0 fnt
|-start|p1a: Dragapult|Disable|Shadow Ball|[from] ability: Cursed Body|[of] p2a: Gengar
|faint|p2a: Gengar
|
|upkeep
|
|t:|1758968433
|switch|p2a: Dragonite|Dragonite, M|23/100 brn
|-damage|p2a: Dragonite|0 fnt|[from] Stealth Rock
|faint|p2a: Dragonite
|
|t:|1758968441
|switch|p2a: Ogerpon|Ogerpon-Wellspring, F|100/100
|-damage|p2a: Ogerpon|88/100|[from] Stealth Rock
|turn|20
|
|t:|1758968448
|switch|p1a: Landorus|Landorus-Therian, M|19/100
|-ability|p1a: Landorus|Intimidate|boost
|-unboost|p2a: Ogerpon|atk|1
|move|p2a: Ogerpon|Leech Seed|p1a: Landorus
|-start|p1a: Landorus|move: Leech Seed
|
|-damage|p1a: Landorus|6/100|[from] Leech Seed|[of] p2a: Ogerpon
|-heal|p2a: Ogerpon|100/100|[silent]
|upkeep
|turn|21
|
|t:|1758968456
|move|p2a: Ogerpon|Substitute|p2a: Ogerpon
|-start|p2a: Ogerpon|Substitute
|-damage|p2a: Ogerpon|76/100
|move|p1a: Landorus|Taunt|p2a: Ogerpon
|-start|p2a: Ogerpon|move: Taunt
|
|-damage|p1a: Landorus|0 fnt|[from] Leech Seed|[of] p2a: Ogerpon
|-heal|p2a: Ogerpon|82/100|[silent]
|faint|p1a: Landorus
|upkeep
|
|t:|1758968466
|switch|p1a: Corviknight|Corviknight, F, shiny|100/100
|-ability|p1a: Corviknight|Pressure
|turn|22
|
|t:|1758968473
|move|p2a: Ogerpon|Horn Leech|p1a: Corviknight
|-resisted|p1a: Corviknight
|-damage|p1a: Corviknight|97/100
|-heal|p2a: Ogerpon|84/100|[from] drain|[of] p1a: Corviknight
|-damage|p2a: Ogerpon|67/100|[from] item: Rocky Helmet|[of] p1a: Corviknight
|move|p1a: Corviknight|U-turn|p2a: Ogerpon
|-supereffective|p2a: Ogerpon
|-end|p2a: Ogerpon|Substitute
|
|t:|1758968480
|switch|p1a: Dragapult|Dragapult, M|100/100|[from] U-turn
|
|upkeep
|turn|23
|
|t:|1758968485
|move|p1a: Dragapult|U-turn|p2a: Ogerpon
|-supereffective|p2a: Ogerpon
|-crit|p2a: Ogerpon
|-damage|p2a: Ogerpon|10/100
|
|t:|1758968488
|switch|p1a: Corviknight|Corviknight, F, shiny|97/100|[from] U-turn
|-ability|p1a: Corviknight|Pressure
|move|p2a: Ogerpon|Horn Leech|p1a: Corviknight
|-resisted|p1a: Corviknight
|-damage|p1a: Corviknight|93/100
|-heal|p2a: Ogerpon|13/100|[from] drain|[of] p1a: Corviknight
|-damage|p2a: Ogerpon|0 fnt|[from] item: Rocky Helmet|[of] p1a: Corviknight
|faint|p2a: Ogerpon
|
|upkeep
|
|t:|1758968499
|switch|p2a: Lucario|Lucario, M|88/100
|-damage|p2a: Lucario|86/100|[from] Stealth Rock
|turn|24
|
|t:|1758968507
|move|p2a: Lucario|Swords Dance|p2a: Lucario
|-boost|p2a: Lucario|atk|2
|move|p1a: Corviknight|Body Press|p2a: Lucario
|-supereffective|p2a: Lucario
|-damage|p2a: Lucario|0 fnt
|faint|p2a: Lucario
|
|win|Nanami&Mozomi
|raw|Nanami&amp;Mozomi's rating: 1090 &rarr; <strong>1112</strong><br />(+22 for winning)
|raw|Faustedfaust's rating: 1025 &rarr; <strong>1014</strong><br />(-11 for losing)
