|j|‽SlimyCheese
|j|☆missingyat
|t:|1758919478
|gametype|singles
|player|p1|SlimyCheese|bellepa|1075
|player|p2|missingyat|unknownf|1058
|gen|9
|tier|[Gen 9] OU
|rated|
|rule|HP Percentage Mod: HP is shown in percentages
|rule|Endless Battle Clause: Forcing endless battles is banned
|rule|Species Clause: Limit one of each Pokémon
|rule|OHKO Clause: OHKO moves are banned
|rule|Evasion Items Clause: Evasion items are banned
|rule|Evasion Moves Clause: Evasion moves are banned
|rule|Evasion Abilities Clause: Evasion abilities are banned
|rule|Sleep Moves Clause: Sleep-inducing moves are banned
|clearpoke
|poke|p1|Perrserker, M|
|poke|p1|Chesnaught, M|
|poke|p1|Milotic, F|
|poke|p1|Dragonite, F|
|poke|p1|Chandelure, F|
|poke|p1|Rotom-Mow|
|poke|p2|Komala, F|
|poke|p2|Bastiodon, M|
|poke|p2|Quagsire, F|
|poke|p2|Ambipom, F|
|poke|p2|Rillaboom, M|
|poke|p2|Gholdengo|
|teampreview
|
|t:|1758919484
|teamsize|p1|6
|teamsize|p2|6
|start
|switch|p1a: Dragonite|Dragonite, F|100/100
|switch|p2a: Pepto|Ambipom, F, shiny|100/100
|turn|1
|inactive|Battle timer is ON: inactive players will automatically lose when time's up. (requested by SlimyCheese)
|
|t:|1758919490
|move|p2a: Pepto|Knock Off|p1a: Dragonite
|-damage|p1a: Dragonite|85/100
|-enditem|p1a: Dragonite|Lum Berry|[from] move: Knock Off|[of] p2a: Pepto
|move|p1a: Dragonite|Dragon Dance|p1a: Dragonite
|-boost|p1a: Dragonite|atk|1
|-boost|p1a: Dragonite|spe|1
|
|upkeep
|turn|2
|
|t:|1758919500
|switch|p2a: Quagsire|Quagsire, F|100/100
|move|p1a: Dragonite|Dragon Dance|p1a: Dragonite
|-boost|p1a: Dragonite|atk|1
|-boost|p1a: Dragonite|spe|1
|
|upkeep
|turn|3
|
|t:|1758919509
|move|p1a: Dragonite|Dragon Dance|p1a: Dragonite
|-boost|p1a: Dragonite|atk|1
|-boost|p1a: Dragonite|spe|1
|move|p2a: Quagsire|Toxic|p1a: Dragonite
|-status|p1a: Dragonite|tox
|
|-damage|p1a: Dragonite|79/100 tox|[from] psn
|upkeep
|turn|4
|
|t:|1758919516
|move|p1a: Dragonite|Earthquake|p2a: Quagsire
|-damage|p2a: Quagsire|13/100
|move|p2a: Quagsire|Ice Punch|p1a: Dragonite
|-supereffective|p1a: Dragonite
|-damage|p1a: Dragonite|7/100 tox
|
|-heal|p2a: Quagsire|19/100|[from] item: Leftovers
|-damage|p1a: Dragonite|0 fnt|[from] psn
|faint|p1a: Dragonite
|upkeep
|
|t:|1758919525
|switch|p1a: Rotom|Rotom-Mow|100/100
|turn|5
|
|t:|1758919535
|switch|p2a: Rillaboom|Rillaboom, M|100/100
|-fieldstart|move: Grassy Terrain|[from] ability: Grassy Surge|[of] p2a: Rillaboom
|move|p1a: Rotom|Will-O-Wisp|p2a: Rillaboom
|-status|p2a: Rillaboom|brn
|
|-damage|p2a: Rillaboom|94/100 brn|[from] brn
|upkeep
|turn|6
|
|t:|1758919545
|switch|p1a: Chandelure|Chandelure, F|100/100
|move|p2a: Rillaboom|U-turn|p1a: Chandelure
|-resisted|p1a: Chandelure
|-damage|p1a: Chandelure|94/100
|
|t:|1758919553
|switch|p2a: Pepto|Ambipom, F, shiny|100/100|[from] U-turn
|
|-heal|p1a: Chandelure|99/100|[from] Grassy Terrain
|upkeep
|turn|7
|
|t:|1758919560
|move|p1a: Chandelure|Trick|p2a: Pepto
|-activate|p1a: Chandelure|move: Trick|[of] p2a: Pepto
|-item|p2a: Pepto|Choice Scarf|[from] move: Trick
|-item|p1a: Chandelure|Silk Scarf|[from] move: Trick
|move|p2a: Pepto|Knock Off|p1a: Chandelure
|-supereffective|p1a: Chandelure
|-damage|p1a: Chandelure|13/100
|-enditem|p1a: Chandelure|Silk Scarf|[from] move: Knock Off|[of] p2a: Pepto
|
|-heal|p1a: Chandelure|19/100|[from] Grassy Terrain
|upkeep
|turn|8
|
|t:|1758919571
|move|p2a: Pepto|Knock Off|p1a: Chandelure
|-supereffective|p1a: Chandelure
|-damage|p1a: Chandelure|0 fnt
|faint|p1a: Chandelure
|
|upkeep
|
|t:|1758919575
|switch|p1a: Milotic|Milotic, F|100/100
|turn|9
|
|t:|1758919578
|move|p2a: Pepto|Knock Off|p1a: Milotic
|-damage|p1a: Milotic|69/100
|-enditem|p1a: Milotic|Leftovers|[from] move: Knock Off|[of] p2a: Pepto
|move|p1a: Milotic|Scald|p2a: Pepto
|-damage|p2a: Pepto|55/100
|-status|p2a: Pepto|brn
|
|-heal|p2a: Pepto|61/100 brn|[from] Grassy Terrain
|-heal|p1a: Milotic|75/100|[from] Grassy Terrain
|-damage|p2a: Pepto|55/100 brn|[from] brn
|-fieldend|move: Grassy Terrain
|upkeep
|turn|10
|
|t:|1758919590
|switch|p2a: Komala|Komala, F|100/100
|-ability|p2a: Komala|Comatose
|move|p1a: Milotic|Recover|p1a: Milotic
|-heal|p1a: Milotic|100/100
|
|upkeep
|turn|11
|
|t:|1758919597
|move|p1a: Milotic|Scald|p2a: Komala
|-damage|p2a: Komala|79/100
|move|p2a: Komala|Rapid Spin|p1a: Milotic
|-damage|p1a: Milotic|77/100
|-boost|p2a: Komala|spe|1
|
|upkeep
|turn|12
|
|t:|1758919604
|move|p2a: Komala|Body Slam|p1a: Milotic
|-damage|p1a: Milotic|36/100
|move|p1a: Milotic|Scald|p2a: Komala
|-damage|p2a: Komala|57/100
|
|upkeep
|turn|13
|
|t:|1758919610
|move|p2a: Komala|Body Slam|p1a: Milotic
|-damage|p1a: Milotic|0 fnt
|faint|p1a: Milotic
|
|upkeep
|
|t:|1758919614
|switch|p1a: Perrserker|Perrserker, M|100/100
|turn|14
|
|t:|1758919619
|move|p2a: Komala|Earthquake|p1a: Perrserker
|-supereffective|p1a: Perrserker
|-damage|p1a: Perrserker|20/100
|move|p1a: Perrserker|Crunch|p2a: Komala
|-damage|p2a: Komala|0 fnt
|faint|p2a: Komala
|
|upkeep
|
|t:|1758919625
|switch|p2a: Pepto|Ambipom, F, shiny|55/100 brn
|turn|15
|
|t:|1758919630
|move|p2a: Pepto|Fake Out|p1a: Perrserker
|-resisted|p1a: Perrserker
|-damage|p1a: Perrserker|12/100
|cant|p1a: Perrserker|flinch
|
|-damage|p2a: Pepto|49/100 brn|[from] brn
|upkeep
|turn|16
|
|t:|1758919643
|switch|p2a: Rillaboom|Rillaboom, M|94/100 brn
|-fieldstart|move: Grassy Terrain|[from] ability: Grassy Surge|[of] p2a: Rillaboom
|move|p1a: Perrserker|Crunch|p2a: Rillaboom
|-damage|p2a: Rillaboom|38/100 brn
|-unboost|p2a: Rillaboom|def|1
|
|-heal|p2a: Rillaboom|44/100 brn|[from] Grassy Terrain
|-heal|p1a: Perrserker|18/100|[from] Grassy Terrain
|-damage|p2a: Rillaboom|38/100 brn|[from] brn
|upkeep
|turn|17
|
|t:|1758919653
|move|p2a: Rillaboom|Wood Hammer|p1a: Perrserker
|-resisted|p1a: Perrserker
|-damage|p1a: Perrserker|0 fnt
|faint|p1a: Perrserker
|-damage|p2a: Rillaboom|33/100 brn|[from] Recoil
|
|-heal|p2a: Rillaboom|40/100 brn|[from] Grassy Terrain
|-damage|p2a: Rillaboom|33/100 brn|[from] brn
|upkeep
|
|t:|1758919660
|switch|p1a: Chesnaught|Chesnaught, M|100/100
|turn|18
|
|t:|1758919664
|move|p2a: Rillaboom|Wood Hammer|p1a: Chesnaught
|-resisted|p1a: Chesnaught
|-damage|p1a: Chesnaught|84/100
|-damage|p2a: Rillaboom|17/100 brn|[from] item: Rocky Helmet|[of] p1a: Chesnaught
|-damage|p2a: Rillaboom|11/100 brn|[from] Recoil
|move|p1a: Chesnaught|Spikes|p2a: Rillaboom
|-sidestart|p2: missingyat|Spikes
|
|-heal|p2a: Rillaboom|17/100 brn|[from] Grassy Terrain
|-heal|p1a: Chesnaught|90/100|[from] Grassy Terrain
|-damage|p2a: Rillaboom|11/100 brn|[from] brn
|upkeep
|turn|19
|
|t:|1758919676
|switch|p2a: Gholdengo|Gholdengo|100/100
|-item|p2a: Gholdengo|Air Balloon
|move|p1a: Chesnaught|Leech Seed|p2a: Gholdengo
|-immune|p2a: Gholdengo|[from] ability: Good as Gold
|
|-heal|p1a: Chesnaught|96/100|[from] Grassy Terrain
|upkeep
|turn|20
|
|t:|1758919686
|move|p2a: Gholdengo|Nasty Plot|p2a: Gholdengo
|-boost|p2a: Gholdengo|spa|2
|move|p1a: Chesnaught|Spikes|p2a: Gholdengo
|-sidestart|p2: missingyat|Spikes
|
|-heal|p1a: Chesnaught|100/100|[from] Grassy Terrain
|-fieldend|move: Grassy Terrain
|upkeep
|turn|21
|
|t:|1758919694
|move|p1a: Chesnaught|Spiky Shield|p1a: Chesnaught
|-singleturn|p1a: Chesnaught|move: Protect
|move|p2a: Gholdengo|Dazzling Gleam|p1a: Chesnaught
|-activate|p1a: Chesnaught|move: Protect
|
|upkeep
|turn|22
|
|t:|1758919700
|switch|p1a: Rotom|Rotom-Mow|100/100
|move|p2a: Gholdengo|Dazzling Gleam|p1a: Rotom
|-damage|p1a: Rotom|35/100
|
|upkeep
|turn|23
|
|t:|1758919705
|move|p2a: Gholdengo|Shadow Ball|p1a: Rotom
|-damage|p1a: Rotom|0 fnt
|faint|p1a: Rotom
|
|upkeep
|
|t:|1758919710
|switch|p1a: Chesnaught|Chesnaught, M|100/100
|turn|24
|
|t:|1758919713
|move|p2a: Gholdengo|Dazzling Gleam|p1a: Chesnaught
|-supereffective|p1a: Chesnaught
|-damage|p1a: Chesnaught|0 fnt
|faint|p1a: Chesnaught
|
|win|missingyat
|raw|SlimyCheese's rating: 1075 &rarr; <strong>1053</strong><br />(-22 for losing)
|raw|missingyat's rating: 1058 &rarr; <strong>1091</strong><br />(+33 for winning)
|l|‽SlimyCheese
|player|p1|
|l|☆missingyat
|player|p2|
