|j|☆ynoah
|j|☆vernonification
|t:|1759075926
|gametype|singles
|player|p1|ynoah|cynthia|1092
|player|p2|vernonification|bugcatcher-gen4dp|1077
|gen|9
|tier|[Gen 9] OU
|rated|
|rule|HP Percentage Mod: HP is shown in percentages
|rule|Endless Battle Clause: Forcing endless battles is banned
|rule|Species Clause: Limit one of each Pokémon
|rule|OHKO Clause: OHKO moves are banned
|rule|Evasion Items Clause: Evasion items are banned
|rule|Evasion Moves Clause: Evasion moves are banned
|rule|Evasion Abilities Clause: Evasion abilities are banned
|rule|Sleep Moves Clause: Sleep-inducing moves are banned
|clearpoke
|poke|p1|Serperior, F|
|poke|p1|Rillaboom, M|
|poke|p1|Goodra-Hisui, F|
|poke|p1|Dragapult, M|
|poke|p1|Landorus-Therian, M|
|poke|p1|Toxapex, M|
|poke|p2|Araquanid, M|
|poke|p2|Scizor, M|
|poke|p2|Kleavor, M|
|poke|p2|Vikavolt, F|
|poke|p2|Lokix, M|
|poke|p2|Yanmega, F|
|teampreview
|inactive|Battle timer is ON: inactive players will automatically lose when time's up. (requested by ynoah)
|
|t:|1759075948
|teamsize|p1|6
|teamsize|p2|6
|start
|switch|p1a: Dragapult|Dragapult, M|100/100
|switch|p2a: Kratos|Kleavor, M|100/100
|turn|1
|
|t:|1759075953
|move|p1a: Dragapult|Flamethrower|p2a: Kratos
|-damage|p2a: Kratos|43/100
|-damage|p1a: Dragapult|91/100|[from] item: Life Orb
|move|p2a: Kratos|Stone Axe|p1a: Dragapult
|-crit|p1a: Dragapult
|-damage|p1a: Dragapult|0 fnt
|-sidestart|p1: ynoah|move: Stealth Rock
|faint|p1a: Dragapult
|
|upkeep
|
|t:|1759075965
|switch|p1a: Rillaboom|Rillaboom, M|100/100
|-damage|p1a: Rillaboom|88/100|[from] Stealth Rock
|-fieldstart|move: Grassy Terrain|[from] ability: Grassy Surge|[of] p1a: Rillaboom
|turn|2
|
|t:|1759075972
|move|p1a: Rillaboom|Grassy Glide|p2a: Kratos
|-crit|p2a: Kratos
|-damage|p2a: Kratos|0 fnt
|faint|p2a: Kratos
|
|-heal|p1a: Rillaboom|94/100|[from] Grassy Terrain
|upkeep
|
|t:|1759075981
|switch|p2a: Skinny Fuck|Yanmega, F|100/100
|turn|3
|
|t:|1759075988
|move|p2a: Skinny Fuck|Swords Dance|p2a: Skinny Fuck
|-boost|p2a: Skinny Fuck|atk|2
|move|p1a: Rillaboom|U-turn|p2a: Skinny Fuck
|-resisted|p2a: Skinny Fuck
|-damage|p2a: Skinny Fuck|86/100
|
|t:|1759075996
|switch|p1a: Toxapex|Toxapex, M|100/100|[from] U-turn
|
|-ability|p2a: Skinny Fuck|Speed Boost|boost
|-boost|p2a: Skinny Fuck|spe|1
|upkeep
|turn|4
|
|t:|1759076007
|move|p2a: Skinny Fuck|Psychic|p1a: Toxapex
|-supereffective|p1a: Toxapex
|-damage|p1a: Toxapex|54/100
|move|p1a: Toxapex|Toxic Spikes|p2a: Skinny Fuck
|-sidestart|p2: vernonification|move: Toxic Spikes
|
|-heal|p1a: Toxapex|60/100|[from] Grassy Terrain
|-ability|p2a: Skinny Fuck|Speed Boost|boost
|-boost|p2a: Skinny Fuck|spe|1
|upkeep
|turn|5
|
|t:|1759076017
|move|p2a: Skinny Fuck|Ancient Power|p1a: Toxapex
|-damage|p1a: Toxapex|42/100
|move|p1a: Toxapex|Haze|p1a: Toxapex
|-clearallboost
|
|-heal|p1a: Toxapex|48/100|[from] Grassy Terrain
|-ability|p2a: Skinny Fuck|Speed Boost|boost
|-boost|p2a: Skinny Fuck|spe|1
|upkeep
|turn|6
|
|t:|1759076026
|move|p2a: Skinny Fuck|Psychic|p1a: Toxapex
|-supereffective|p1a: Toxapex
|-damage|p1a: Toxapex|0 fnt
|faint|p1a: Toxapex
|
|-ability|p2a: Skinny Fuck|Speed Boost|boost
|-boost|p2a: Skinny Fuck|spe|1
|upkeep
|
|t:|1759076033
|switch|p1a: Serperior|Serperior, F, shiny|100/100
|-damage|p1a: Serperior|88/100|[from] Stealth Rock
|turn|7
|
|t:|1759076059
|move|p2a: Skinny Fuck|Ancient Power|p1a: Serperior
|-damage|p1a: Serperior|64/100
|move|p1a: Serperior|Leaf Storm|p2a: Skinny Fuck
|-resisted|p2a: Skinny Fuck
|-damage|p2a: Skinny Fuck|51/100
|-boost|p1a: Serperior|spa|2
|-damage|p1a: Serperior|54/100|[from] item: Life Orb
|
|-heal|p1a: Serperior|60/100|[from] Grassy Terrain
|-ability|p2a: Skinny Fuck|Speed Boost|boost
|-boost|p2a: Skinny Fuck|spe|1
|upkeep
|turn|8
|
|t:|1759076069
|move|p2a: Skinny Fuck|Swords Dance|p2a: Skinny Fuck
|-boost|p2a: Skinny Fuck|atk|2
|move|p1a: Serperior|Leech Seed|p2a: Skinny Fuck
|-start|p2a: Skinny Fuck|move: Leech Seed
|
|-heal|p1a: Serperior|66/100|[from] Grassy Terrain
|-damage|p2a: Skinny Fuck|38/100|[from] Leech Seed|[of] p1a: Serperior
|-heal|p1a: Serperior|80/100|[silent]
|-ability|p2a: Skinny Fuck|Speed Boost|boost
|-boost|p2a: Skinny Fuck|spe|1
|upkeep
|turn|9
|
|t:|1759076081
|-terastallize|p1a: Serperior|Fire
|move|p2a: Skinny Fuck|Giga Drain|p1a: Serperior
|-resisted|p1a: Serperior
|-damage|p1a: Serperior|65/100
|-heal|p2a: Skinny Fuck|45/100|[from] drain|[of] p1a: Serperior
|move|p1a: Serperior|Tera Blast|p2a: Skinny Fuck|[anim] Tera Blast Fire
|-supereffective|p2a: Skinny Fuck
|-damage|p2a: Skinny Fuck|0 fnt
|faint|p2a: Skinny Fuck
|-damage|p1a: Serperior|55/100|[from] item: Life Orb
|
|-heal|p1a: Serperior|61/100|[from] Grassy Terrain
|-fieldend|move: Grassy Terrain
|upkeep
|
|t:|1759076093
|switch|p2a: Fat Fuck|Araquanid, M, shiny|100/100
|-status|p2a: Fat Fuck|psn
|turn|10
|
|t:|1759076100
|move|p1a: Serperior|Glare||[still]
|-fail|p1a: Serperior
|move|p2a: Fat Fuck|Poison Jab|p1a: Serperior
|-damage|p1a: Serperior|34/100
|-status|p1a: Serperior|psn
|
|-damage|p1a: Serperior|22/100 psn|[from] psn
|-damage|p2a: Fat Fuck|88/100 psn|[from] psn
|upkeep
|turn|11
|
|t:|1759076109
|move|p1a: Serperior|Leech Seed|p2a: Fat Fuck
|-start|p2a: Fat Fuck|move: Leech Seed
|move|p2a: Fat Fuck|Poison Jab|p1a: Serperior
|-damage|p1a: Serperior|0 fnt
|faint|p1a: Serperior
|
|-damage|p2a: Fat Fuck|76/100 psn|[from] psn
|upkeep
|
|t:|1759076124
|switch|p1a: Goodra|Goodra-Hisui, F|100/100
|-damage|p1a: Goodra|94/100|[from] Stealth Rock
|turn|12
|
|t:|1759076146
|switch|p2a: Taser Taser Taser|Vikavolt, F, shiny|100/100
|move|p1a: Goodra|Earthquake|p2a: Taser Taser Taser
|-immune|p2a: Taser Taser Taser|[from] ability: Levitate
|
|upkeep
|turn|13
|
|t:|1759076158
|move|p1a: Goodra|Draco Meteor|p2a: Taser Taser Taser
|-damage|p2a: Taser Taser Taser|43/100
|-unboost|p1a: Goodra|spa|2
|move|p2a: Taser Taser Taser|Thunderbolt|p1a: Goodra
|-resisted|p1a: Goodra
|-damage|p1a: Goodra|80/100
|
|upkeep
|turn|14
|
|t:|1759076168
|switch|p2a: Mloyd Fayweather|Scizor, M|100/100
|move|p1a: Goodra|Earthquake|p2a: Mloyd Fayweather
|-damage|p2a: Mloyd Fayweather|78/100
|
|upkeep
|turn|15
|
|t:|1759076180
|switch|p1a: Rillaboom|Rillaboom, M|94/100
|-damage|p1a: Rillaboom|82/100|[from] Stealth Rock
|-fieldstart|move: Grassy Terrain|[from] ability: Grassy Surge|[of] p1a: Rillaboom
|move|p2a: Mloyd Fayweather|Bullet Punch|p1a: Rillaboom
|-damage|p1a: Rillaboom|35/100
|
|-heal|p1a: Rillaboom|41/100|[from] Grassy Terrain
|-heal|p2a: Mloyd Fayweather|84/100|[from] Grassy Terrain
|upkeep
|turn|16
|
|t:|1759076192
|move|p2a: Mloyd Fayweather|Bullet Punch|p1a: Rillaboom
|-damage|p1a: Rillaboom|0 fnt
|faint|p1a: Rillaboom
|
|-heal|p2a: Mloyd Fayweather|91/100|[from] Grassy Terrain
|upkeep
|
|t:|1759076197
|switch|p1a: Landorus|Landorus-Therian, M|100/100
|-damage|p1a: Landorus|88/100|[from] Stealth Rock
|-ability|p1a: Landorus|Intimidate|boost
|-unboost|p2a: Mloyd Fayweather|atk|1
|turn|17
|
|t:|1759076217
|move|p2a: Mloyd Fayweather|Bullet Punch|p1a: Landorus
|-damage|p1a: Landorus|50/100
|move|p1a: Landorus|U-turn|p2a: Mloyd Fayweather
|-resisted|p2a: Mloyd Fayweather
|-crit|p2a: Mloyd Fayweather
|-damage|p2a: Mloyd Fayweather|70/100
|
|t:|1759076223
|switch|p1a: Goodra|Goodra-Hisui, F|80/100|[from] U-turn
|-damage|p1a: Goodra|74/100|[from] Stealth Rock
|
|-heal|p2a: Mloyd Fayweather|76/100|[from] Grassy Terrain
|-heal|p1a: Goodra|80/100|[from] Grassy Terrain
|upkeep
|turn|18
|
|t:|1759076234
|move|p2a: Mloyd Fayweather|Bullet Punch|p1a: Goodra
|-resisted|p1a: Goodra
|-damage|p1a: Goodra|65/100
|move|p1a: Goodra|Sludge Bomb|p2a: Mloyd Fayweather
|-immune|p2a: Mloyd Fayweather
|
|-heal|p2a: Mloyd Fayweather|82/100|[from] Grassy Terrain
|-heal|p1a: Goodra|71/100|[from] Grassy Terrain
|upkeep
|turn|19
|
|t:|1759076247
|move|p2a: Mloyd Fayweather|Bullet Punch|p1a: Goodra
|-resisted|p1a: Goodra
|-damage|p1a: Goodra|54/100
|move|p1a: Goodra|Thunderbolt|p2a: Mloyd Fayweather
|-crit|p2a: Mloyd Fayweather
|-damage|p2a: Mloyd Fayweather|42/100
|
|-heal|p2a: Mloyd Fayweather|48/100|[from] Grassy Terrain
|-heal|p1a: Goodra|60/100|[from] Grassy Terrain
|upkeep
|turn|20
|
|t:|1759076255
|move|p2a: Mloyd Fayweather|Bullet Punch|p1a: Goodra
|-resisted|p1a: Goodra
|-damage|p1a: Goodra|42/100
|move|p1a: Goodra|Draco Meteor|p2a: Mloyd Fayweather
|-resisted|p2a: Mloyd Fayweather
|-damage|p2a: Mloyd Fayweather|18/100
|-unboost|p1a: Goodra|spa|2
|
|-heal|p2a: Mloyd Fayweather|24/100|[from] Grassy Terrain
|-heal|p1a: Goodra|48/100|[from] Grassy Terrain
|upkeep
|turn|21
|
|t:|1759076266
|move|p2a: Mloyd Fayweather|Bullet Punch|p1a: Goodra
|-resisted|p1a: Goodra
|-damage|p1a: Goodra|31/100
|move|p1a: Goodra|Thunderbolt|p2a: Mloyd Fayweather
|-damage|p2a: Mloyd Fayweather|10/100
|
|-heal|p2a: Mloyd Fayweather|16/100|[from] Grassy Terrain
|-heal|p1a: Goodra|37/100|[from] Grassy Terrain
|upkeep
|turn|22
|
|t:|1759076273
|move|p2a: Mloyd Fayweather|Bullet Punch|p1a: Goodra
|-resisted|p1a: Goodra
|-damage|p1a: Goodra|21/100
|move|p1a: Goodra|Thunderbolt|p2a: Mloyd Fayweather
|-damage|p2a: Mloyd Fayweather|2/100
|
|-heal|p2a: Mloyd Fayweather|8/100|[from] Grassy Terrain
|-heal|p1a: Goodra|27/100|[from] Grassy Terrain
|-fieldend|move: Grassy Terrain
|upkeep
|turn|23
|
|t:|1759076281
|move|p2a: Mloyd Fayweather|Bullet Punch|p1a: Goodra
|-resisted|p1a: Goodra
|-damage|p1a: Goodra|10/100
|move|p1a: Goodra|Thunderbolt|p2a: Mloyd Fayweather
|-damage|p2a: Mloyd Fayweather|0 fnt
|faint|p2a: Mloyd Fayweather
|
|upkeep
|
|t:|1759076291
|switch|p2a: Street Fighter Kix|Lokix, M|100/100
|turn|24
|-message|ynoah forfeited.
|
|win|vernonification
|raw|ynoah's rating: 1092 &rarr; <strong>1067</strong><br />(-25 for losing)
|raw|vernonification's rating: 1077 &rarr; <strong>1107</strong><br />(+30 for winning)
|l|☆ynoah
|player|p1|
