|j|☆ooo01w
|j|☆shitmon_advocate
|t:|1758952562
|gametype|singles
|player|p1|ooo01w|1|1500
|player|p2|shitmon_advocate|miku-water|1443
|gen|9
|tier|[Gen 9] OU
|rated|
|rule|HP Percentage Mod: HP is shown in percentages
|rule|Endless Battle Clause: Forcing endless battles is banned
|rule|Species Clause: Limit one of each Pokémon
|rule|OHKO Clause: OHKO moves are banned
|rule|Evasion Items Clause: Evasion items are banned
|rule|Evasion Moves Clause: Evasion moves are banned
|rule|Evasion Abilities Clause: Evasion abilities are banned
|rule|Sleep Moves Clause: Sleep-inducing moves are banned
|clearpoke
|poke|p1|Araquanid, M|
|poke|p1|Raging Bolt|
|poke|p1|Iron Moth|
|poke|p1|Great Tusk|
|poke|p1|Gholdengo|
|poke|p1|Kingambit, M|
|poke|p2|Indeedee, M|
|poke|p2|Armarouge, M|
|poke|p2|Hatterene, F|
|poke|p2|Polteageist-Antique|
|poke|p2|Maushold-Four|
|poke|p2|Hawlucha, M|
|teampreview
|inactive|Battle timer is ON: inactive players will automatically lose when time's up. (requested by shitmon_advocate)
|
|t:|1758952582
|teamsize|p1|6
|teamsize|p2|6
|start
|switch|p1a: Great Tusk|Great Tusk|100/100
|switch|p2a: Indeedee|Indeedee, M|100/100
|-fieldstart|move: Psychic Terrain|[from] ability: Psychic Surge|[of] p2a: Indeedee
|-enditem|p1a: Great Tusk|Booster Energy
|-activate|p1a: Great Tusk|ability: Protosynthesis|[fromitem]
|-start|p1a: Great Tusk|protosynthesisatk
|turn|1
|
|t:|1758952590
|move|p2a: Indeedee|Expanding Force|p1a: Great Tusk
|-supereffective|p1a: Great Tusk
|-damage|p1a: Great Tusk|0 fnt
|faint|p1a: Great Tusk
|-end|p1a: Great Tusk|Protosynthesis|[silent]
|
|upkeep
|
|t:|1758952598
|switch|p1a: Araquanid|Araquanid, M|100/100
|turn|2
|
|t:|1758952602
|switch|p2a: Hatterene|Hatterene, F|100/100
|move|p1a: Araquanid|Lunge|p2a: Hatterene
|-damage|p2a: Hatterene|80/100
|-unboost|p2a: Hatterene|atk|1
|-enditem|p2a: Hatterene|Eject Button
|
|t:|1758952617
|switch|p2a: Polteageist|Polteageist-Antique|100/100
|
|upkeep
|turn|3
|
|t:|1758952622
|move|p2a: Polteageist|Shell Smash|p2a: Polteageist
|-unboost|p2a: Polteageist|def|1
|-unboost|p2a: Polteageist|spd|1
|-boost|p2a: Polteageist|atk|2
|-boost|p2a: Polteageist|spa|2
|-boost|p2a: Polteageist|spe|2
|move|p1a: Araquanid|Sticky Web|p2a: Polteageist
|-sidestart|p2: shitmon_advocate|move: Sticky Web
|
|upkeep
|turn|4
|
|t:|1758952632
|switch|p1a: Kingambit|Kingambit, M|100/100
|-activate|p1a: Kingambit|ability: Supreme Overlord
|-start|p1a: Kingambit|fallen1|[silent]
|move|p2a: Polteageist|Stored Power|p1a: Kingambit
|-immune|p1a: Kingambit
|
|upkeep
|turn|5
|
|t:|1758952640
|-terastallize|p2a: Polteageist|Fighting
|move|p2a: Polteageist|Tera Blast|p1a: Kingambit|[anim] Tera Blast Fighting
|-supereffective|p1a: Kingambit
|-damage|p1a: Kingambit|0 fnt
|faint|p1a: Kingambit
|-end|p1a: Kingambit|fallen1|[silent]
|
|upkeep
|
|t:|1758952646
|switch|p1a: Gholdengo|Gholdengo|100/100
|-item|p1a: Gholdengo|Air Balloon
|turn|6
|
|t:|1758952652
|move|p2a: Polteageist|Shadow Ball|p1a: Gholdengo
|-supereffective|p1a: Gholdengo
|-damage|p1a: Gholdengo|0 fnt
|-enditem|p1a: Gholdengo|Air Balloon
|faint|p1a: Gholdengo
|
|upkeep
|
|t:|1758952658
|switch|p1a: Araquanid|Araquanid, M|100/100
|turn|7
|
|t:|1758952662
|move|p2a: Polteageist|Stored Power|p1a: Araquanid
|-damage|p1a: Araquanid|6/100
|move|p1a: Araquanid|Mirror Coat|p2a: Polteageist
|-enditem|p2a: Polteageist|Focus Sash
|-damage|p2a: Polteageist|1/100
|
|upkeep
|turn|8
|-enditem|p1a: Araquanid|Custap Berry|[eat]
|-activate|p1a: Araquanid|item: Custap Berry|[consumed]
|
|t:|1758952670
|move|p1a: Araquanid|Lunge|p2a: Polteageist
|-resisted|p2a: Polteageist
|-damage|p2a: Polteageist|0 fnt
|faint|p2a: Polteageist
|
|-fieldend|move: Psychic Terrain
|upkeep
|
|t:|1758952675
|switch|p2a: Indeedee|Indeedee, M|100/100
|-activate|p2a: Indeedee|move: Sticky Web
|-unboost|p2a: Indeedee|spe|1
|-fieldstart|move: Psychic Terrain|[from] ability: Psychic Surge|[of] p2a: Indeedee
|turn|9
|
|t:|1758952682
|move|p2a: Indeedee|Expanding Force|p1a: Araquanid
|-crit|p1a: Araquanid
|-damage|p1a: Araquanid|0 fnt
|faint|p1a: Araquanid
|
|upkeep
|
|t:|1758952692
|switch|p1a: Raging Bolt|Raging Bolt|100/100
|-enditem|p1a: Raging Bolt|Booster Energy
|-activate|p1a: Raging Bolt|ability: Protosynthesis|[fromitem]
|-start|p1a: Raging Bolt|protosynthesisspa
|turn|10
|
|t:|1758952705
|move|p1a: Raging Bolt|Calm Mind|p1a: Raging Bolt
|-boost|p1a: Raging Bolt|spa|1
|-boost|p1a: Raging Bolt|spd|1
|move|p2a: Indeedee|Expanding Force|p1a: Raging Bolt
|-damage|p1a: Raging Bolt|58/100
|
|upkeep
|turn|11
|
|t:|1758952712
|move|p1a: Raging Bolt|Thunderbolt|p2a: Indeedee
|-damage|p2a: Indeedee|0 fnt
|faint|p2a: Indeedee
|
|upkeep
|
|t:|1758952716
|switch|p2a: Hawlucha|Hawlucha, M|100/100
|-enditem|p2a: Hawlucha|Psychic Seed
|-boost|p2a: Hawlucha|spd|1|[from] item: Psychic Seed
|turn|12
|
|t:|1758952722
|move|p2a: Hawlucha|Close Combat|p1a: Raging Bolt
|-damage|p1a: Raging Bolt|9/100
|-unboost|p2a: Hawlucha|def|1
|-unboost|p2a: Hawlucha|spd|1
|move|p1a: Raging Bolt|Thunderbolt|p2a: Hawlucha
|-supereffective|p2a: Hawlucha
|-damage|p2a: Hawlucha|0 fnt
|faint|p2a: Hawlucha
|
|upkeep
|-message|shitmon_advocate forfeited.
|
|win|ooo01w
|raw|ooo01w's rating: 1500 &rarr; <strong>1517</strong><br />(+17 for winning)
|raw|shitmon_advocate's rating: 1443 &rarr; <strong>1426</strong><br />(-17 for losing)
|l|☆shitmon_advocate
|player|p2|
|l|☆ooo01w
|player|p1|
