|j|‽dorinkashixv
|j|☆RiaSingh2121
|t:|1759009158
|gametype|singles
|player|p1|dorinkashixv|101|1234
|player|p2|RiaSingh2121|101|1203
|gen|9
|tier|[Gen 9] OU
|rated|
|rule|HP Percentage Mod: HP is shown in percentages
|rule|Endless Battle Clause: Forcing endless battles is banned
|rule|Species Clause: Limit one of each Pokémon
|rule|OHKO Clause: OHKO moves are banned
|rule|Evasion Items Clause: Evasion items are banned
|rule|Evasion Moves Clause: Evasion moves are banned
|rule|Evasion Abilities Clause: Evasion abilities are banned
|rule|Sleep Moves Clause: Sleep-inducing moves are banned
|clearpoke
|poke|p1|Dragapult, M|
|poke|p1|Indeedee-F, F|
|poke|p1|Hawlucha, F|
|poke|p1|Iron Treads|
|poke|p1|Toxapex, M|
|poke|p1|Armarouge, F|
|poke|p2|Hatterene, F|
|poke|p2|Torkoal, M|
|poke|p2|Corviknight, M|
|poke|p2|Hattrem, F|
|poke|p2|Iron Hands|
|poke|p2|Ursaluna, F|
|teampreview
|
|t:|1759009178
|teamsize|p1|6
|teamsize|p2|6
|start
|switch|p1a: Dragapult|Dragapult, M|100/100
|switch|p2a: Hattrem|Hattrem, F|100/100
|turn|1
|
|t:|1759009186
|move|p1a: Dragapult|U-turn|p2a: Hattrem
|-supereffective|p2a: Hattrem
|-damage|p2a: Hattrem|45/100
|
|t:|1759009191
|switch|p1a: Indeedee|Indeedee-F, F|100/100|[from] U-turn
|-fieldstart|move: Psychic Terrain|[from] ability: Psychic Surge|[of] p1a: Indeedee
|move|p2a: Hattrem|Trick Room|p2a: Hattrem
|-fieldstart|move: Trick Room|[of] p2a: Hattrem
|
|upkeep
|turn|2
|
|t:|1759009200
|move|p2a: Hattrem|Healing Wish|p2a: Hattrem
|faint|p2a: Hattrem
|move|p1a: Indeedee|Light Screen|p1a: Indeedee
|-sidestart|p1: dorinkashixv|move: Light Screen
|
|upkeep
|
|t:|1759009211
|switch|p2a: Ursaluna|Ursaluna, F|100/100
|turn|3
|
|t:|1759009217
|move|p2a: Ursaluna|Earthquake|p1a: Indeedee
|-damage|p1a: Indeedee|15/100
|move|p1a: Indeedee|Reflect|p1a: Indeedee
|-sidestart|p1: dorinkashixv|Reflect
|
|-status|p2a: Ursaluna|brn|[from] item: Flame Orb
|upkeep
|turn|4
|
|t:|1759009236
|switch|p1a: Hawlucha|Hawlucha, F|100/100
|-enditem|p1a: Hawlucha|Psychic Seed
|-boost|p1a: Hawlucha|spd|1|[from] item: Psychic Seed
|move|p2a: Ursaluna|Facade|p1a: Hawlucha
|-damage|p1a: Hawlucha|9/100
|
|-damage|p2a: Ursaluna|94/100 brn|[from] brn
|upkeep
|turn|5
|
|t:|1759009252
|switch|p1a: Indeedee|Indeedee-F, F|15/100
|move|p2a: Ursaluna|Facade|p1a: Indeedee
|-damage|p1a: Indeedee|0 fnt
|faint|p1a: Indeedee
|
|-damage|p2a: Ursaluna|88/100 brn|[from] brn
|-fieldend|move: Trick Room
|upkeep
|
|t:|1759009259
|switch|p1a: Hawlucha|Hawlucha, F|9/100
|turn|6
|
|t:|1759009265
|switch|p2a: Corviknight|Corviknight, M|100/100
|move|p1a: Hawlucha|Swords Dance|p1a: Hawlucha
|-boost|p1a: Hawlucha|atk|2
|
|-sideend|p1: dorinkashixv|move: Light Screen
|upkeep
|turn|7
|
|t:|1759009276
|move|p1a: Hawlucha|Fire Punch|p2a: Corviknight
|-supereffective|p2a: Corviknight
|-damage|p2a: Corviknight|50/100
|-damage|p1a: Hawlucha|0 fnt|[from] item: Rocky Helmet|[of] p2a: Corviknight
|faint|p1a: Hawlucha
|move|p2a: Corviknight|Brave Bird|p1: Hawlucha|[notarget]
|-fail|p2a: Corviknight
|
|-sideend|p1: dorinkashixv|Reflect
|upkeep
|
|t:|1759009286
|switch|p1a: Dragapult|Dragapult, M|100/100
|turn|8
|
|t:|1759009292
|switch|p2a: Iron Hands|Iron Hands|100/100
|move|p1a: Dragapult|Thunderbolt|p2a: Iron Hands
|-resisted|p2a: Iron Hands
|-damage|p2a: Iron Hands|89/100
|
|-fieldend|move: Psychic Terrain
|upkeep
|turn|9
|
|t:|1759009310
|switch|p1a: Iron Treads|Iron Treads|100/100
|move|p2a: Iron Hands|Earthquake|p1a: Iron Treads
|-supereffective|p1a: Iron Treads
|-damage|p1a: Iron Treads|39/100
|
|upkeep
|turn|10
|
|t:|1759009319
|-end|p1a: Iron Treads|Quark Drive|[silent]
|switch|p1a: Toxapex|Toxapex, M|100/100
|move|p2a: Iron Hands|Drain Punch|p1a: Toxapex
|-resisted|p1a: Toxapex
|-damage|p1a: Toxapex|89/100
|-heal|p2a: Iron Hands|93/100|[from] drain|[of] p1a: Toxapex
|-enditem|p1a: Toxapex|Eject Button
|
|t:|1759009327
|switch|p1a: Armarouge|Armarouge, F|100/100
|
|upkeep
|turn|11
|
|t:|1759009337
|move|p1a: Armarouge|Flame Charge|p2a: Iron Hands
|-damage|p2a: Iron Hands|86/100
|-boost|p1a: Armarouge|spe|1
|move|p2a: Iron Hands|Earthquake|p1a: Armarouge
|-supereffective|p1a: Armarouge
|-crit|p1a: Armarouge
|-damage|p1a: Armarouge|0 fnt
|faint|p1a: Armarouge
|
|upkeep
|-message|dorinkashixv forfeited.
|
|win|RiaSingh2121
|raw|dorinkashixv's rating: 1263 &rarr; <strong>1234</strong><br />(-29 for losing)
|raw|RiaSingh2121's rating: 1203 &rarr; <strong>1232</strong><br />(+29 for winning)
|l|‽dorinkashixv
|player|p1|
|l|☆RiaSingh2121
|player|p2|
