|j|☆Fairytale22244!
|j|☆Koruptz
|t:|1758995093
|gametype|singles
|player|p1|Fairytale22244!|265|1078
|player|p2|Koruptz|170|1115
|gen|9
|tier|[Gen 9] OU
|rated|
|rule|HP Percentage Mod: HP is shown in percentages
|rule|Endless Battle Clause: Forcing endless battles is banned
|rule|Species Clause: Limit one of each Pokémon
|rule|OHKO Clause: OHKO moves are banned
|rule|Evasion Items Clause: Evasion items are banned
|rule|Evasion Moves Clause: Evasion moves are banned
|rule|Evasion Abilities Clause: Evasion abilities are banned
|rule|Sleep Moves Clause: Sleep-inducing moves are banned
|clearpoke
|poke|p1|Golduck, M|
|poke|p1|Gardevoir, M|
|poke|p1|Weezing-Galar, F|
|poke|p1|Swalot, F|
|poke|p1|Vivillon-Icy Snow, F|
|poke|p1|Vikavolt, M|
|poke|p2|Meowscarada, M|
|poke|p2|Kingambit, F|
|poke|p2|Great Tusk|
|poke|p2|Dragapult, M|
|poke|p2|Gholdengo|
|poke|p2|Iron Valiant|
|teampreview
|
|t:|1758995097
|teamsize|p1|6
|teamsize|p2|6
|start
|switch|p1a: Vikavolt|Vikavolt, M|100/100
|switch|p2a: Gholdengo|Gholdengo|100/100
|turn|1
|
|t:|1758995101
|move|p2a: Gholdengo|Nasty Plot|p2a: Gholdengo
|-boost|p2a: Gholdengo|spa|2
|move|p1a: Vikavolt|Sticky Web|p2a: Gholdengo
|-sidestart|p2: Koruptz|move: Sticky Web
|
|upkeep
|turn|2
|
|t:|1758995109
|move|p2a: Gholdengo|Shadow Ball|p1a: Vikavolt
|-damage|p1a: Vikavolt|2/100
|move|p1a: Vikavolt|Discharge|p2a: Gholdengo
|-damage|p2a: Gholdengo|39/100
|
|-heal|p2a: Gholdengo|45/100|[from] item: Leftovers
|upkeep
|turn|3
|j| papucho insan
|
|t:|1758995120
|move|p2a: Gholdengo|Shadow Ball|p1a: Vikavolt
|-damage|p1a: Vikavolt|0 fnt
|faint|p1a: Vikavolt
|
|-heal|p2a: Gholdengo|51/100|[from] item: Leftovers
|upkeep
|
|t:|1758995121
|switch|p1a: Swalot|Swalot, F, shiny|100/100
|turn|4
|
|t:|1758995129
|-terastallize|p1a: Swalot|Dark
|move|p2a: Gholdengo|Make It Rain|p1a: Swalot
|-damage|p1a: Swalot|19/100
|-unboost|p2a: Gholdengo|spa|1
|-enditem|p1a: Swalot|Starf Berry|[eat]
|-boost|p1a: Swalot|spd|2|[from] item: Starf Berry
|move|p1a: Swalot|Stuff Cheeks||[still]
|-fail|p1a: Swalot
|
|-heal|p2a: Gholdengo|57/100|[from] item: Leftovers
|upkeep
|turn|5
|
|t:|1758995143
|move|p2a: Gholdengo|Shadow Ball|p1a: Swalot
|-resisted|p1a: Swalot
|-damage|p1a: Swalot|8/100
|move|p1a: Swalot|Thief|p2a: Gholdengo
|-supereffective|p2a: Gholdengo
|-damage|p2a: Gholdengo|22/100
|-enditem|p2a: Gholdengo|Leftovers|[silent]|[from] move: Thief|[of] p1a: Swalot
|-item|p1a: Swalot|Leftovers|[from] move: Thief|[of] p2a: Gholdengo
|
|-heal|p1a: Swalot|14/100|[from] item: Leftovers
|upkeep
|turn|6
|l| papucho insan
|
|t:|1758995161
|move|p2a: Gholdengo|Make It Rain|p1a: Swalot
|-damage|p1a: Swalot|0 fnt
|-unboost|p2a: Gholdengo|spa|1
|faint|p1a: Swalot
|
|upkeep
|
|t:|1758995171
|switch|p1a: snow white|Vivillon-Icy Snow, F, shiny|100/100
|turn|7
|
|t:|1758995176
|move|p2a: Gholdengo|Nasty Plot|p2a: Gholdengo
|-boost|p2a: Gholdengo|spa|2
|move|p1a: snow white|Quiver Dance|p1a: snow white
|-boost|p1a: snow white|spa|1
|-boost|p1a: snow white|spd|1
|-boost|p1a: snow white|spe|1
|
|upkeep
|turn|8
|
|t:|1758995182
|move|p1a: snow white|Hurricane|p2a: Gholdengo
|-resisted|p2a: Gholdengo
|-damage|p2a: Gholdengo|0 fnt
|faint|p2a: Gholdengo
|
|upkeep
|
|t:|1758995191
|switch|p2a: Dragapult|Dragapult, M|100/100
|-activate|p2a: Dragapult|move: Sticky Web
|-unboost|p2a: Dragapult|spe|1
|turn|9
|
|t:|1758995195
|move|p1a: snow white|Hurricane|p2a: Dragapult
|-damage|p2a: Dragapult|0 fnt
|faint|p2a: Dragapult
|
|upkeep
|inactive|Battle timer is ON: inactive players will automatically lose when time's up. (requested by Fairytale22244!)
|
|t:|1758995219
|switch|p2a: Meowscarada|Meowscarada, M|100/100
|-activate|p2a: Meowscarada|move: Sticky Web
|-unboost|p2a: Meowscarada|spe|1
|turn|10
|
|t:|1758995227
|move|p1a: snow white|Bug Bite|p2a: Meowscarada
|-supereffective|p2a: Meowscarada
|-damage|p2a: Meowscarada|34/100
|move|p2a: Meowscarada|Triple Axel|p1a: snow white
|-start|p2a: Meowscarada|typechange|Ice|[from] ability: Protean
|-supereffective|p1a: snow white
|-damage|p1a: snow white|65/100
|-supereffective|p1a: snow white
|-damage|p1a: snow white|0 fnt
|faint|p1a: snow white
|-hitcount|p1: snow white|2
|
|upkeep
|
|t:|1758995234
|switch|p1a: Weezing|Weezing-Galar, F|100/100
|-fieldstart|move: Misty Terrain|[from] ability: Misty Surge|[of] p1a: Weezing
|turn|11
|
|t:|1758995248
|move|p2a: Meowscarada|U-turn|p1a: Weezing
|-resisted|p1a: Weezing
|-damage|p1a: Weezing|96/100
|
|t:|1758995251
|switch|p2a: Great Tusk|Great Tusk|100/100|[from] U-turn
|-activate|p2a: Great Tusk|move: Sticky Web
|-unboost|p2a: Great Tusk|spe|1
|move|p1a: Weezing|Strange Steam|p2a: Great Tusk
|-supereffective|p2a: Great Tusk
|-enditem|p2a: Great Tusk|Focus Sash
|-damage|p2a: Great Tusk|1/100
|
|upkeep
|turn|12
|
|t:|1758995263
|move|p2a: Great Tusk|Headlong Rush|p1a: Weezing
|-supereffective|p1a: Weezing
|-damage|p1a: Weezing|0 fnt
|-unboost|p2a: Great Tusk|def|1
|-unboost|p2a: Great Tusk|spd|1
|faint|p1a: Weezing
|
|upkeep
|
|t:|1758995266
|switch|p1a: Golduck|Golduck, M|100/100
|-ability|p1a: Golduck|Cloud Nine
|turn|13
|
|t:|1758995273
|move|p1a: Golduck|Flip Turn|p2a: Great Tusk
|-supereffective|p2a: Great Tusk
|-damage|p2a: Great Tusk|0 fnt
|faint|p2a: Great Tusk
|-end|p2a: Great Tusk|Protosynthesis|[silent]
|
|t:|1758995275
|switch|p1a: Gardevoir|Gardevoir, M|100/100|[from] Flip Turn
|
|upkeep
|
|t:|1758995292
|switch|p2a: Meowscarada|Meowscarada, M|34/100
|-ability|p1a: Gardevoir|Protean|Trace|[from] ability: Trace|[of] p2a: Meowscarada
|-activate|p2a: Meowscarada|move: Sticky Web
|-unboost|p2a: Meowscarada|spe|1
|turn|14
|
|t:|1758995305
|move|p2a: Meowscarada|Triple Axel|p1a: Gardevoir
|-start|p2a: Meowscarada|typechange|Ice|[from] ability: Protean
|-damage|p1a: Gardevoir|85/100
|-damage|p1a: Gardevoir|50/100
|-damage|p1a: Gardevoir|3/100
|-enditem|p1a: Gardevoir|Starf Berry|[eat]
|-boost|p1a: Gardevoir|spe|2|[from] item: Starf Berry
|-hitcount|p1a: Gardevoir|3
|move|p1a: Gardevoir|Draining Kiss|p2a: Meowscarada
|-start|p1a: Gardevoir|typechange|Fairy|[from] ability: Protean
|-damage|p2a: Meowscarada|0 fnt
|-heal|p1a: Gardevoir|30/100|[from] drain|[of] p2a: Meowscarada
|faint|p2a: Meowscarada
|
|upkeep
|
|t:|1758995322
|switch|p2a: Kingambit|Kingambit, F|100/100
|-activate|p2a: Kingambit|move: Sticky Web
|-unboost|p2a: Kingambit|spe|1
|-activate|p2a: Kingambit|ability: Supreme Overlord
|-start|p2a: Kingambit|fallen4|[silent]
|turn|15
|
|t:|1758995333
|-terastallize|p2a: Kingambit|Flying
|move|p1a: Gardevoir|Draining Kiss|p2a: Kingambit
|-damage|p2a: Kingambit|76/100
|-heal|p1a: Gardevoir|56/100|[from] drain|[of] p2a: Kingambit
|move|p2a: Kingambit|Iron Head|p1a: Gardevoir
|-supereffective|p1a: Gardevoir
|-damage|p1a: Gardevoir|0 fnt
|faint|p1a: Gardevoir
|
|-fieldend|Misty Terrain
|upkeep
|
|t:|1758995339
|switch|p1a: Golduck|Golduck, M|100/100
|-ability|p1a: Golduck|Cloud Nine
|turn|16
|
|t:|1758995348
|move|p1a: Golduck|Simple Beam|p2a: Kingambit
|-end|p2a: Kingambit|fallen4|[silent]
|-ability|p2a: Kingambit|Simple|Supreme Overlord|[from] move: Simple Beam
|move|p2a: Kingambit|Iron Head|p1a: Golduck
|-resisted|p1a: Golduck
|-damage|p1a: Golduck|70/100
|
|upkeep
|turn|17
|
|t:|1758995358
|move|p1a: Golduck|Future Sight|p2a: Kingambit
|-start|p1a: Golduck|move: Future Sight
|move|p2a: Kingambit|Kowtow Cleave|p1a: Golduck
|-damage|p1a: Golduck|0 fnt
|faint|p1a: Golduck
|
|win|Koruptz
|raw|Fairytale22244!'s rating: 1078 &rarr; <strong>1059</strong><br />(-19 for losing)
|raw|Koruptz's rating: 1115 &rarr; <strong>1137</strong><br />(+22 for winning)
|l|☆Fairytale22244!
|player|p1|
|l|☆Koruptz
|player|p2|
