|j|☆qaqkiller
|j|☆zxcj1221
|t:|1758978746
|gametype|singles
|player|p1|qaqkiller|maid|1662
|player|p2|zxcj1221|169|1699
|gen|9
|tier|[Gen 9] OU
|rated|
|rule|HP Percentage Mod: HP is shown in percentages
|rule|Endless Battle Clause: Forcing endless battles is banned
|rule|Species Clause: Limit one of each Pokémon
|rule|OHKO Clause: OHKO moves are banned
|rule|Evasion Items Clause: Evasion items are banned
|rule|Evasion Moves Clause: Evasion moves are banned
|rule|Evasion Abilities Clause: Evasion abilities are banned
|rule|Sleep Moves Clause: Sleep-inducing moves are banned
|clearpoke
|poke|p1|Kyurem|
|poke|p1|Dragonite, M|
|poke|p1|Zapdos|
|poke|p1|Iron Valiant|
|poke|p1|Slowking-Galar, M|
|poke|p1|Great Tusk|
|poke|p2|Pelipper, F|
|poke|p2|Greninja-*, M|
|poke|p2|Basculegion, M|
|poke|p2|Sandy Shocks|
|poke|p2|Manaphy|
|poke|p2|Araquanid, F|
|teampreview
|inactive|Battle timer is ON: inactive players will automatically lose when time's up. (requested by qaqkiller)
|
|t:|1758978754
|teamsize|p1|6
|teamsize|p2|6
|start
|switch|p1a: Zapdos|Zapdos, shiny|100/100
|switch|p2a: Araquanid|Araquanid, F|100/100
|turn|1
|
|t:|1758978759
|move|p1a: Zapdos|Hurricane|p2a: Araquanid
|-supereffective|p2a: Araquanid
|-damage|p2a: Araquanid|43/100
|move|p2a: Araquanid|Sticky Web|p1a: Zapdos
|-sidestart|p1: qaqkiller|move: Sticky Web
|
|upkeep
|turn|2
|
|t:|1758978767
|move|p2a: Araquanid|Endure|p2a: Araquanid
|-singleturn|p2a: Araquanid|move: Endure
|move|p1a: Zapdos|Hurricane|p2a: Araquanid
|-supereffective|p2a: Araquanid
|-activate|p2a: Araquanid|move: Endure
|-damage|p2a: Araquanid|1/100
|-start|p2a: Araquanid|confusion
|
|upkeep
|turn|3
|-enditem|p2a: Araquanid|Custap Berry|[eat]
|-activate|p2a: Araquanid|item: Custap Berry|[consumed]
|
|t:|1758978775
|-activate|p2a: Araquanid|confusion
|move|p2a: Araquanid|Endeavor|p1a: Zapdos
|-damage|p1a: Zapdos|1/100
|move|p1a: Zapdos|Roost|p1a: Zapdos
|-heal|p1a: Zapdos|51/100
|-singleturn|p1a: Zapdos|move: Roost
|
|upkeep
|turn|4
|
|t:|1758978782
|move|p1a: Zapdos|Hurricane|p2a: Araquanid|[miss]
|-miss|p1a: Zapdos|p2a: Araquanid
|-activate|p2a: Araquanid|confusion
|move|p2a: Araquanid|Endeavor|p1a: Zapdos
|-damage|p1a: Zapdos|1/100
|
|upkeep
|turn|5
|
|t:|1758978786
|move|p1a: Zapdos|Roost|p1a: Zapdos
|-heal|p1a: Zapdos|51/100
|-singleturn|p1a: Zapdos|move: Roost
|-end|p2a: Araquanid|confusion
|move|p2a: Araquanid|Endeavor|p1a: Zapdos
|-damage|p1a: Zapdos|1/100
|
|upkeep
|turn|6
|
|t:|1758978797
|move|p1a: Zapdos|Roost|p1a: Zapdos
|-heal|p1a: Zapdos|51/100
|-singleturn|p1a: Zapdos|move: Roost
|move|p2a: Araquanid|Endeavor|p1a: Zapdos
|-damage|p1a: Zapdos|1/100
|-status|p2a: Araquanid|par|[from] ability: Static|[of] p1a: Zapdos
|
|upkeep
|turn|7
|
|t:|1758978805
|move|p1a: Zapdos|Roost|p1a: Zapdos
|-heal|p1a: Zapdos|51/100
|-singleturn|p1a: Zapdos|move: Roost
|move|p2a: Araquanid|Endeavor|p1a: Zapdos
|-damage|p1a: Zapdos|1/100
|
|upkeep
|turn|8
|
|t:|1758978811
|move|p1a: Zapdos|Roost|p1a: Zapdos
|-heal|p1a: Zapdos|51/100
|-singleturn|p1a: Zapdos|move: Roost
|move|p2a: Araquanid|Endeavor|p1a: Zapdos
|-damage|p1a: Zapdos|1/100
|
|upkeep
|turn|9
|
|t:|1758978817
|move|p1a: Zapdos|Roost|p1a: Zapdos
|-heal|p1a: Zapdos|51/100
|-singleturn|p1a: Zapdos|move: Roost
|move|p2a: Araquanid|Endeavor|p1a: Zapdos
|-damage|p1a: Zapdos|1/100
|
|upkeep
|turn|10
|
|t:|1758978824
|move|p1a: Zapdos|Roost|p1a: Zapdos
|-heal|p1a: Zapdos|51/100
|-singleturn|p1a: Zapdos|move: Roost
|move|p2a: Araquanid|Endeavor|p1a: Zapdos
|-damage|p1a: Zapdos|1/100
|
|upkeep
|turn|11
|
|t:|1758978831
|switch|p2a: Sandy Shocks|Sandy Shocks|100/100
|-enditem|p2a: Sandy Shocks|Booster Energy
|-activate|p2a: Sandy Shocks|ability: Protosynthesis|[fromitem]
|-start|p2a: Sandy Shocks|protosynthesisspe
|move|p1a: Zapdos|Roost|p1a: Zapdos
|-heal|p1a: Zapdos|51/100
|-singleturn|p1a: Zapdos|move: Roost
|
|upkeep
|turn|12
|
|t:|1758978839
|switch|p1a: Great Tusk|Great Tusk, shiny|100/100
|-terastallize|p2a: Sandy Shocks|Ice
|move|p2a: Sandy Shocks|Tera Blast|p1a: Great Tusk|[anim] Tera Blast Ice
|-supereffective|p1a: Great Tusk
|-damage|p1a: Great Tusk|0 fnt
|faint|p1a: Great Tusk
|-end|p1a: Great Tusk|Protosynthesis|[silent]
|
|upkeep
|
|t:|1758978854
|switch|p1a: Kyurem|Kyurem, shiny|100/100
|-activate|p1a: Kyurem|move: Sticky Web
|-unboost|p1a: Kyurem|spe|1
|-ability|p1a: Kyurem|Pressure
|turn|13
|inactive|qaqkiller has 120 seconds left.
|
|t:|1758978888
|move|p2a: Sandy Shocks|Stealth Rock|p1a: Kyurem
|-sidestart|p1: qaqkiller|move: Stealth Rock
|move|p1a: Kyurem|Earth Power|p2a: Sandy Shocks
|-crit|p2a: Sandy Shocks
|-damage|p2a: Sandy Shocks|10/100
|
|upkeep
|turn|14
|
|t:|1758978894
|move|p2a: Sandy Shocks|Earth Power|p1a: Kyurem
|-damage|p1a: Kyurem|61/100
|move|p1a: Kyurem|Earth Power|p2a: Sandy Shocks
|-damage|p2a: Sandy Shocks|0 fnt
|faint|p2a: Sandy Shocks
|-end|p2a: Sandy Shocks|Protosynthesis|[silent]
|
|upkeep
|
|t:|1758978900
|switch|p2a: Pelipper|Pelipper, F|100/100
|-weather|RainDance|[from] ability: Drizzle|[of] p2a: Pelipper
|turn|15
|
|t:|1758978906
|switch|p1a: Zapdos|Zapdos, shiny|51/100
|switch|p2a: Araquanid|Araquanid, F|1/100 par
|
|-weather|RainDance|[upkeep]
|upkeep
|turn|16
|
|t:|1758978921
|move|p1a: Zapdos|Heat Wave|p2a: Araquanid
|-damage|p2a: Araquanid|0 fnt
|faint|p2a: Araquanid
|
|-weather|RainDance|[upkeep]
|upkeep
|
|t:|1758978929
|switch|p2a: Basculegion|Basculegion, M|100/100
|turn|17
|
|t:|1758978936
|move|p2a: Basculegion|Head Smash|p1a: Zapdos|[miss]
|-miss|p2a: Basculegion|p1a: Zapdos
|move|p1a: Zapdos|Volt Switch|p2a: Basculegion
|-supereffective|p2a: Basculegion
|-damage|p2a: Basculegion|34/100
|
|t:|1758978939
|switch|p1a: Dragonite|Dragonite, M, shiny|100/100|[from] Volt Switch
|-damage|p1a: Dragonite|76/100|[from] Stealth Rock
|
|-weather|RainDance|[upkeep]
|upkeep
|turn|18
|
|t:|1758978941
|move|p1a: Dragonite|Extreme Speed|p2a: Basculegion
|-immune|p2a: Basculegion
|move|p2a: Basculegion|Head Smash|p1a: Dragonite
|-supereffective|p1a: Dragonite
|-damage|p1a: Dragonite|0 fnt
|faint|p1a: Dragonite
|-damage|p2a: Basculegion|2/100|[from] Recoil
|
|-weather|RainDance|[upkeep]
|upkeep
|
|t:|1758978967
|switch|p1a: Iron Valiant|Iron Valiant, shiny|100/100
|-activate|p1a: Iron Valiant|move: Sticky Web
|-unboost|p1a: Iron Valiant|spe|1
|-damage|p1a: Iron Valiant|94/100|[from] Stealth Rock
|-enditem|p1a: Iron Valiant|Booster Energy
|-activate|p1a: Iron Valiant|ability: Quark Drive|[fromitem]
|-start|p1a: Iron Valiant|quarkdriveatk
|turn|19
|
|t:|1758978977
|move|p2a: Basculegion|Head Smash|p1a: Iron Valiant
|-resisted|p1a: Iron Valiant
|-damage|p1a: Iron Valiant|42/100
|-damage|p2a: Basculegion|0 fnt|[from] Recoil
|faint|p2a: Basculegion
|move|p1a: Iron Valiant|Knock Off|p2: Basculegion|[notarget]
|-fail|p1a: Iron Valiant
|
|-weather|RainDance|[upkeep]
|upkeep
|
|t:|1758978985
|switch|p2a: Greninja|Greninja, M|100/100
|turn|20
|
|t:|1758978999
|move|p2a: Greninja|Surf|p1a: Iron Valiant
|-damage|p1a: Iron Valiant|0 fnt
|faint|p1a: Iron Valiant
|-end|p1a: Iron Valiant|Quark Drive|[silent]
|-ability|p2a: Greninja|Battle Bond|boost
|-boost|p2a: Greninja|atk|1
|-boost|p2a: Greninja|spa|1
|-boost|p2a: Greninja|spe|1
|-activate|p2a: Greninja|ability: Battle Bond
|-damage|p2a: Greninja|91/100|[from] item: Life Orb
|
|-weather|RainDance|[upkeep]
|upkeep
|
|t:|1758979008
|switch|p1a: Slowking|Slowking-Galar, M, shiny|100/100
|turn|21
|
|t:|1758979013
|-terastallize|p1a: Slowking|Water
|move|p2a: Greninja|Dark Pulse|p1a: Slowking
|-damage|p1a: Slowking|61/100
|-damage|p2a: Greninja|81/100|[from] item: Life Orb
|move|p1a: Slowking|Thunder Wave|p2a: Greninja
|-status|p2a: Greninja|par
|
|-weather|RainDance|[upkeep]
|upkeep
|turn|22
|
|t:|1758979023
|switch|p1a: Zapdos|Zapdos, shiny|51/100
|move|p2a: Greninja|Dark Pulse|p1a: Zapdos
|-damage|p1a: Zapdos|0 fnt
|faint|p1a: Zapdos
|-damage|p2a: Greninja|71/100 par|[from] item: Life Orb
|
|-weather|none
|upkeep
|
|t:|1758979029
|switch|p1a: Kyurem|Kyurem, shiny|61/100
|-activate|p1a: Kyurem|move: Sticky Web
|-unboost|p1a: Kyurem|spe|1
|-damage|p1a: Kyurem|36/100|[from] Stealth Rock
|-ability|p1a: Kyurem|Pressure
|turn|23
|
|t:|1758979035
|cant|p2a: Greninja|par
|move|p1a: Kyurem|Freeze-Dry|p2a: Greninja
|-supereffective|p2a: Greninja
|-damage|p2a: Greninja|0 fnt
|faint|p2a: Greninja
|
|upkeep
|
|t:|1758979040
|switch|p2a: Pelipper|Pelipper, F|100/100
|-weather|RainDance|[from] ability: Drizzle|[of] p2a: Pelipper
|turn|24
|
|t:|1758979046
|move|p1a: Kyurem|Freeze-Dry|p2a: Pelipper
|-supereffective|p2a: Pelipper
|-damage|p2a: Pelipper|0 fnt
|faint|p2a: Pelipper
|
|-weather|RainDance|[upkeep]
|upkeep
|
|t:|1758979048
|switch|p2a: Manaphy|Manaphy|100/100
|turn|25
|
|t:|1758979057
|move|p2a: Manaphy|Tail Glow|p2a: Manaphy
|-boost|p2a: Manaphy|spa|3
|move|p1a: Kyurem|Freeze-Dry|p2a: Manaphy
|-supereffective|p2a: Manaphy
|-damage|p2a: Manaphy|14/100
|
|-weather|RainDance|[upkeep]
|upkeep
|turn|26
|
|t:|1758979060
|move|p2a: Manaphy|Rest|p2a: Manaphy
|-status|p2a: Manaphy|slp|[from] move: Rest
|-heal|p2a: Manaphy|100/100 slp|[silent]
|move|p1a: Kyurem|Freeze-Dry|p2a: Manaphy
|-supereffective|p2a: Manaphy
|-damage|p2a: Manaphy|11/100 slp
|
|-weather|RainDance|[upkeep]
|-activate|p2a: Manaphy|ability: Hydration
|-curestatus|p2a: Manaphy|slp|[msg]
|upkeep
|turn|27
|
|t:|1758979062
|move|p2a: Manaphy|Surf|p1a: Kyurem
|-resisted|p1a: Kyurem
|-damage|p1a: Kyurem|0 fnt
|faint|p1a: Kyurem
|
|-weather|RainDance|[upkeep]
|upkeep
|
|t:|1758979064
|switch|p1a: Slowking|Slowking-Galar, M, shiny, tera:Water|94/100
|turn|28
|
|t:|1758979067
|move|p2a: Manaphy|Rest|p2a: Manaphy
|-status|p2a: Manaphy|slp|[from] move: Rest
|-heal|p2a: Manaphy|100/100 slp|[silent]
|move|p1a: Slowking|Sludge Bomb|p2a: Manaphy
|-damage|p2a: Manaphy|74/100 slp
|
|-weather|RainDance|[upkeep]
|-activate|p2a: Manaphy|ability: Hydration
|-curestatus|p2a: Manaphy|slp|[msg]
|upkeep
|turn|29
|
|t:|1758979076
|move|p2a: Manaphy|Tail Glow|p2a: Manaphy
|-boost|p2a: Manaphy|spa|3
|move|p1a: Slowking|Future Sight|p2a: Manaphy
|-start|p1a: Slowking|move: Future Sight
|
|-weather|RainDance|[upkeep]
|upkeep
|turn|30
|
|t:|1758979080
|move|p2a: Manaphy|Surf|p1a: Slowking
|-resisted|p1a: Slowking
|-damage|p1a: Slowking|13/100
|move|p1a: Slowking|Thunder Wave|p2a: Manaphy
|-status|p2a: Manaphy|par
|
|-weather|RainDance|[upkeep]
|-activate|p2a: Manaphy|ability: Hydration
|-curestatus|p2a: Manaphy|par|[msg]
|upkeep
|turn|31
|
|t:|1758979088
|move|p2a: Manaphy|Surf|p1a: Slowking
|-resisted|p1a: Slowking
|-damage|p1a: Slowking|0 fnt
|faint|p1a: Slowking
|
|win|zxcj1221
|raw|qaqkiller's rating: 1662 &rarr; <strong>1644</strong><br />(-18 for losing)
|raw|zxcj1221's rating: 1699 &rarr; <strong>1717</strong><br />(+18 for winning)
|l|☆qaqkiller
|player|p1|
|l|☆zxcj1221
|player|p2|
