|j|☆JorgoBarbas
|j|☆garg is back
|t:|1758980215
|gametype|singles
|player|p1|JorgoBarbas|266|1584
|player|p2|garg is back|ninjaboy|1556
|gen|9
|tier|[Gen 9] OU
|rated|
|rule|HP Percentage Mod: HP is shown in percentages
|rule|Endless Battle Clause: Forcing endless battles is banned
|rule|Species Clause: Limit one of each Pokémon
|rule|OHKO Clause: OHKO moves are banned
|rule|Evasion Items Clause: Evasion items are banned
|rule|Evasion Moves Clause: Evasion moves are banned
|rule|Evasion Abilities Clause: Evasion abilities are banned
|rule|Sleep Moves Clause: Sleep-inducing moves are banned
|clearpoke
|poke|p1|Dragapult, M|
|poke|p1|Cinderace, F|
|poke|p1|Scizor, M|
|poke|p1|Rillaboom, F|
|poke|p1|Samurott-Hisui, M|
|poke|p1|Great Tusk|
|poke|p2|Meowscarada, F|
|poke|p2|Corviknight, F|
|poke|p2|Uxie|
|poke|p2|Iron Valiant|
|poke|p2|Dragapult, F|
|poke|p2|Alomomola, M|
|teampreview
|inactive|Battle timer is ON: inactive players will automatically lose when time's up. (requested by JorgoBarbas)
|
|t:|1758980224
|teamsize|p1|6
|teamsize|p2|6
|start
|switch|p1a: Scizor|Scizor, M|100/100
|switch|p2a: Meowscarada|Meowscarada, F|100/100
|turn|1
|
|t:|1758980233
|move|p2a: Meowscarada|U-turn|p1a: Scizor
|-start|p2a: Meowscarada|typechange|Bug|[from] ability: Protean
|-resisted|p1a: Scizor
|-damage|p1a: Scizor|80/100
|
|t:|1758980235
|switch|p2a: Corviknight|Corviknight, F|100/100|[from] U-turn
|-ability|p2a: Corviknight|Pressure
|move|p1a: Scizor|U-turn|p2a: Corviknight
|-resisted|p2a: Corviknight
|-damage|p2a: Corviknight|91/100
|-damage|p1a: Scizor|64/100|[from] item: Rocky Helmet|[of] p2a: Corviknight
|
|t:|1758980238
|switch|p1a: Cinderace|Cinderace, F|100/100|[from] U-turn
|
|upkeep
|turn|2
|
|t:|1758980246
|switch|p2a: Alomomola|Alomomola, M|100/100
|move|p1a: Cinderace|U-turn|p2a: Alomomola
|-start|p1a: Cinderace|typechange|Bug|[from] ability: Libero
|-damage|p2a: Alomomola|69/100
|
|t:|1758980257
|switch|p1a: Dragapult|Dragapult, M|100/100|[from] U-turn
|
|upkeep
|turn|3
|
|t:|1758980267
|switch|p2a: Corviknight|Corviknight, F|91/100
|-ability|p2a: Corviknight|Pressure
|move|p1a: Dragapult|Shadow Ball|p2a: Corviknight
|-damage|p2a: Corviknight|44/100
|-unboost|p2a: Corviknight|spd|1
|
|upkeep
|turn|4
|
|t:|1758980271
|switch|p2a: Meowscarada|Meowscarada, F|100/100
|move|p1a: Dragapult|Shadow Ball|p2a: Meowscarada
|-resisted|p2a: Meowscarada
|-damage|p2a: Meowscarada|57/100
|
|upkeep
|turn|5
|
|t:|1758980279
|switch|p1a: Great Tusk|Great Tusk|100/100
|move|p2a: Meowscarada|U-turn|p1a: Great Tusk
|-start|p2a: Meowscarada|typechange|Bug|[from] ability: Protean
|-resisted|p1a: Great Tusk
|-damage|p1a: Great Tusk|90/100
|
|t:|1758980281
|switch|p2a: Iron Valiant|Iron Valiant|100/100|[from] U-turn
|
|-heal|p1a: Great Tusk|96/100|[from] item: Leftovers
|upkeep
|turn|6
|
|t:|1758980288
|move|p2a: Iron Valiant|Moonblast|p1a: Great Tusk
|-supereffective|p1a: Great Tusk
|-damage|p1a: Great Tusk|0 fnt
|faint|p1a: Great Tusk
|-end|p1a: Great Tusk|Protosynthesis|[silent]
|
|upkeep
|
|t:|1758980298
|switch|p1a: Cinderace|Cinderace, F|100/100
|turn|7
|
|t:|1758980301
|move|p1a: Cinderace|U-turn|p2a: Iron Valiant
|-start|p1a: Cinderace|typechange|Bug|[from] ability: Libero
|-resisted|p2a: Iron Valiant
|-damage|p2a: Iron Valiant|84/100
|
|t:|1758980306
|switch|p1a: Scizor|Scizor, M|64/100|[from] U-turn
|move|p2a: Iron Valiant|Moonblast|p1a: Scizor
|-resisted|p1a: Scizor
|-damage|p1a: Scizor|16/100
|
|upkeep
|turn|8
|
|t:|1758980312
|-end|p2a: Iron Valiant|Quark Drive|[silent]
|switch|p2a: Corviknight|Corviknight, F|44/100
|-ability|p2a: Corviknight|Pressure
|move|p1a: Scizor|U-turn|p2a: Corviknight
|-resisted|p2a: Corviknight
|-damage|p2a: Corviknight|36/100
|-damage|p1a: Scizor|0 fnt|[from] item: Rocky Helmet|[of] p2a: Corviknight
|faint|p1a: Scizor
|
|upkeep
|
|t:|1758980317
|switch|p1a: Cinderace|Cinderace, F|100/100
|turn|9
|
|t:|1758980323
|switch|p2a: Alomomola|Alomomola, M|100/100
|move|p1a: Cinderace|Pyro Ball|p2a: Alomomola
|-resisted|p2a: Alomomola
|-damage|p2a: Alomomola|73/100
|
|upkeep
|turn|10
|
|t:|1758980328
|switch|p1a: Dragapult|Dragapult, M|100/100
|move|p2a: Alomomola|Wish|p2a: Alomomola
|
|upkeep
|turn|11
|
|t:|1758980331
|move|p1a: Dragapult|Shadow Ball|p2a: Alomomola
|-damage|p2a: Alomomola|21/100
|move|p2a: Alomomola|Flip Turn|p1a: Dragapult
|-resisted|p1a: Dragapult
|-damage|p1a: Dragapult|89/100
|
|t:|1758980336
|switch|p2a: Corviknight|Corviknight, F|36/100|[from] Flip Turn
|-ability|p2a: Corviknight|Pressure
|
|-heal|p2a: Corviknight|95/100|[from] move: Wish|[wisher] Alomomola
|upkeep
|turn|12
|
|t:|1758980339
|switch|p2a: Uxie|Uxie|100/100
|move|p1a: Dragapult|Shadow Ball|p2a: Uxie
|-supereffective|p2a: Uxie
|-damage|p2a: Uxie|41/100
|
|-heal|p2a: Uxie|47/100|[from] item: Leftovers
|upkeep
|turn|13
|
|t:|1758980345
|move|p1a: Dragapult|Shadow Ball|p2a: Uxie
|-supereffective|p2a: Uxie
|-damage|p2a: Uxie|0 fnt
|faint|p2a: Uxie
|
|upkeep
|
|t:|1758980350
|switch|p2a: Meowscarada|Meowscarada, F|57/100
|turn|14
|
|t:|1758980357
|-terastallize|p1a: Dragapult|Fairy
|move|p2a: Meowscarada|Knock Off|p1a: Dragapult
|-start|p2a: Meowscarada|typechange|Dark|[from] ability: Protean
|-resisted|p1a: Dragapult
|-damage|p1a: Dragapult|58/100
|-enditem|p1a: Dragapult|Choice Specs|[from] move: Knock Off|[of] p2a: Meowscarada
|move|p1a: Dragapult|Shadow Ball|p2a: Meowscarada
|-resisted|p2a: Meowscarada
|-damage|p2a: Meowscarada|29/100
|
|upkeep
|turn|15
|
|t:|1758980375
|switch|p2a: Alomomola|Alomomola, M|54/100
|move|p1a: Dragapult|Shadow Ball|p2a: Alomomola
|-damage|p2a: Alomomola|22/100
|
|upkeep
|turn|16
|
|t:|1758980377
|move|p2a: Alomomola|Aqua Jet|p1a: Dragapult
|-damage|p1a: Dragapult|44/100
|move|p1a: Dragapult|Shadow Ball|p2a: Alomomola
|-damage|p2a: Alomomola|0 fnt
|faint|p2a: Alomomola
|
|upkeep
|
|t:|1758980379
|switch|p2a: Meowscarada|Meowscarada, F|29/100
|turn|17
|
|t:|1758980383
|switch|p1a: Samurott|Samurott-Hisui, M|100/100
|move|p2a: Meowscarada|Flower Trick|p1a: Samurott
|-start|p2a: Meowscarada|typechange|Grass|[from] ability: Protean
|-supereffective|p1a: Samurott
|-crit|p1a: Samurott
|-damage|p1a: Samurott|0 fnt
|faint|p1a: Samurott
|
|upkeep
|
|t:|1758980386
|switch|p1a: Cinderace|Cinderace, F|100/100
|turn|18
|
|t:|1758980393
|switch|p2a: Dragapult|Dragapult, F|100/100
|move|p1a: Cinderace|U-turn|p2a: Dragapult
|-start|p1a: Cinderace|typechange|Bug|[from] ability: Libero
|-resisted|p2a: Dragapult
|-damage|p2a: Dragapult|65/100
|
|t:|1758980399
|switch|p1a: Dragapult|Dragapult, M, tera:Fairy|44/100|[from] U-turn
|
|upkeep
|turn|19
|
|t:|1758980406
|switch|p2a: Iron Valiant|Iron Valiant|84/100
|move|p1a: Dragapult|Shadow Ball|p2a: Iron Valiant
|-damage|p2a: Iron Valiant|25/100
|
|upkeep
|turn|20
|
|t:|1758980414
|switch|p1a: Rillaboom|Rillaboom, F|100/100
|-fieldstart|move: Grassy Terrain|[from] ability: Grassy Surge|[of] p1a: Rillaboom
|move|p2a: Iron Valiant|Vacuum Wave|p1a: Rillaboom
|-damage|p1a: Rillaboom|67/100
|
|-heal|p2a: Iron Valiant|31/100|[from] Grassy Terrain
|-heal|p1a: Rillaboom|74/100|[from] Grassy Terrain
|upkeep
|turn|21
|
|t:|1758980418
|move|p2a: Iron Valiant|Vacuum Wave|p1a: Rillaboom
|-crit|p1a: Rillaboom
|-damage|p1a: Rillaboom|24/100
|move|p1a: Rillaboom|U-turn|p2a: Iron Valiant
|-resisted|p2a: Iron Valiant
|-damage|p2a: Iron Valiant|24/100
|
|t:|1758980421
|switch|p1a: Dragapult|Dragapult, M, tera:Fairy|44/100|[from] U-turn
|
|-heal|p1a: Dragapult|50/100|[from] Grassy Terrain
|-heal|p2a: Iron Valiant|30/100|[from] Grassy Terrain
|upkeep
|turn|22
|
|t:|1758980424
|move|p2a: Iron Valiant|Vacuum Wave|p1a: Dragapult
|-resisted|p1a: Dragapult
|-damage|p1a: Dragapult|29/100
|move|p1a: Dragapult|Shadow Ball|p2a: Iron Valiant
|-damage|p2a: Iron Valiant|0 fnt
|faint|p2a: Iron Valiant
|-end|p2a: Iron Valiant|Quark Drive|[silent]
|
|-heal|p1a: Dragapult|35/100|[from] Grassy Terrain
|upkeep
|
|t:|1758980427
|switch|p2a: Meowscarada|Meowscarada, F|29/100
|turn|23
|
|t:|1758980431
|move|p2a: Meowscarada|Flower Trick|p1a: Dragapult
|-start|p2a: Meowscarada|typechange|Grass|[from] ability: Protean
|-crit|p1a: Dragapult
|-damage|p1a: Dragapult|0 fnt
|faint|p1a: Dragapult
|
|-heal|p2a: Meowscarada|35/100|[from] Grassy Terrain
|upkeep
|
|t:|1758980433
|switch|p1a: Cinderace|Cinderace, F|100/100
|turn|24
|
|t:|1758980437
|move|p2a: Meowscarada|Flower Trick|p1a: Cinderace
|-resisted|p1a: Cinderace
|-crit|p1a: Cinderace
|-damage|p1a: Cinderace|56/100
|move|p1a: Cinderace|Pyro Ball|p2a: Meowscarada
|-supereffective|p2a: Meowscarada
|-damage|p2a: Meowscarada|0 fnt
|faint|p2a: Meowscarada
|
|-heal|p1a: Cinderace|62/100|[from] Grassy Terrain
|-fieldend|move: Grassy Terrain
|upkeep
|
|t:|1758980439
|switch|p2a: Dragapult|Dragapult, F|65/100
|turn|25
|
|t:|1758980445
|move|p2a: Dragapult|Dragon Darts|p1a: Cinderace
|-damage|p1a: Cinderace|4/100
|-anim|p2a: Dragapult|Dragon Darts|p1a: Cinderace
|-damage|p1a: Cinderace|0 fnt
|faint|p1a: Cinderace
|
|upkeep
|
|t:|1758980447
|switch|p1a: Rillaboom|Rillaboom, F|24/100
|-fieldstart|move: Grassy Terrain|[from] ability: Grassy Surge|[of] p1a: Rillaboom
|turn|26
|
|t:|1758980450
|move|p1a: Rillaboom|Grassy Glide|p2a: Dragapult
|-resisted|p2a: Dragapult
|-damage|p2a: Dragapult|33/100
|move|p2a: Dragapult|Dragon Darts|p1a: Rillaboom
|-damage|p1a: Rillaboom|0 fnt
|faint|p1a: Rillaboom
|
|win|garg is back
|raw|JorgoBarbas's rating: 1584 &rarr; <strong>1562</strong><br />(-22 for losing)
|raw|garg is back's rating: 1556 &rarr; <strong>1578</strong><br />(+22 for winning)
|l|☆JorgoBarbas
|player|p1|
|l|☆garg is back
|player|p2|
