|j|☆reddplayer07
|j|☆bastic31
|t:|1758997292
|gametype|singles
|player|p1|reddplayer07|102|1195
|player|p2|bastic31|unknown|1169
|gen|9
|tier|[Gen 9] OU
|rated|
|rule|HP Percentage Mod: HP is shown in percentages
|rule|Endless Battle Clause: Forcing endless battles is banned
|rule|Species Clause: Limit one of each Pokémon
|rule|OHKO Clause: OHKO moves are banned
|rule|Evasion Items Clause: Evasion items are banned
|rule|Evasion Moves Clause: Evasion moves are banned
|rule|Evasion Abilities Clause: Evasion abilities are banned
|rule|Sleep Moves Clause: Sleep-inducing moves are banned
|clearpoke
|poke|p1|Pachirisu, M|
|poke|p1|Lucario, M|
|poke|p1|Breloom, M|
|poke|p1|Lokix, M|
|poke|p1|Skeledirge, M|
|poke|p1|Garganacl, M|
|poke|p2|Conkeldurr, F|
|poke|p2|Ribombee, F|
|poke|p2|Sinistcha-Masterpiece|
|poke|p2|Lokix, F|
|poke|p2|Comfey, F|
|poke|p2|Skeledirge, M|
|teampreview
|
|t:|1758997304
|teamsize|p1|6
|teamsize|p2|6
|start
|switch|p1a: Skeledirge|Skeledirge, M|100/100
|switch|p2a: Ribombee|Ribombee, F|100/100
|turn|1
|
|t:|1758997309
|move|p2a: Ribombee|Quiver Dance|p2a: Ribombee
|-boost|p2a: Ribombee|spa|1
|-boost|p2a: Ribombee|spd|1
|-boost|p2a: Ribombee|spe|1
|move|p1a: Skeledirge|Torch Song|p2a: Ribombee
|-supereffective|p2a: Ribombee
|-damage|p2a: Ribombee|12/100
|-boost|p1a: Skeledirge|spa|1
|
|upkeep
|turn|2
|
|t:|1758997317
|move|p2a: Ribombee|Moonblast|p1a: Skeledirge
|-resisted|p1a: Skeledirge
|-damage|p1a: Skeledirge|69/100
|move|p1a: Skeledirge|Torch Song|p2a: Ribombee
|-supereffective|p2a: Ribombee
|-damage|p2a: Ribombee|0 fnt
|-boost|p1a: Skeledirge|spa|1
|faint|p2a: Ribombee
|
|upkeep
|
|t:|1758997324
|switch|p2a: Lokix|Lokix, F|100/100
|turn|3
|
|t:|1758997330
|move|p2a: Lokix|Throat Chop|p1a: Skeledirge
|-supereffective|p1a: Skeledirge
|-damage|p1a: Skeledirge|0 fnt
|faint|p1a: Skeledirge
|
|upkeep
|
|t:|1758997355
|switch|p1a: Lokix|Lokix, M|100/100
|turn|4
|
|t:|1758997360
|switch|p2a: Skeledirge|Skeledirge, M|100/100
|move|p1a: Lokix|Axe Kick|p2a: Skeledirge
|-immune|p2a: Skeledirge
|-damage|p1a: Lokix|51/100|[from] highjumpkick
|
|upkeep
|turn|5
|
|t:|1758997366
|move|p1a: Lokix|Knock Off|p2a: Skeledirge
|-supereffective|p2a: Skeledirge
|-damage|p2a: Skeledirge|0 fnt
|-enditem|p2a: Skeledirge|Metronome|[from] move: Knock Off|[of] p1a: Lokix
|faint|p2a: Skeledirge
|-damage|p1a: Lokix|41/100|[from] item: Life Orb
|
|upkeep
|
|t:|1758997368
|switch|p2a: Lokix|Lokix, F|100/100
|turn|6
|
|t:|1758997379
|move|p2a: Lokix|First Impression|p1a: Lokix
|-supereffective|p1a: Lokix
|-crit|p1a: Lokix
|-damage|p1a: Lokix|0 fnt
|faint|p1a: Lokix
|
|upkeep
|
|t:|1758997397
|switch|p1a: Garganacl|Garganacl, M|100/100
|turn|7
|
|t:|1758997415
|switch|p2a: Sinistcha|Sinistcha-Masterpiece|100/100
|move|p1a: Garganacl|Salt Cure|p2a: Sinistcha
|-damage|p2a: Sinistcha|84/100
|-start|p2a: Sinistcha|Salt Cure
|
|-damage|p2a: Sinistcha|71/100|[from] Salt Cure
|upkeep
|turn|8
|
|t:|1758997428
|move|p2a: Sinistcha|Matcha Gotcha|p1a: Garganacl
|-supereffective|p1a: Garganacl
|-damage|p1a: Garganacl|50/100
|-heal|p2a: Sinistcha|100/100|[from] drain|[of] p1a: Garganacl
|move|p1a: Garganacl|Iron Defense|p1a: Garganacl
|-boost|p1a: Garganacl|def|2
|
|-heal|p1a: Garganacl|56/100|[from] item: Leftovers
|-damage|p2a: Sinistcha|88/100|[from] Salt Cure
|upkeep
|turn|9
|
|t:|1758997435
|move|p2a: Sinistcha|Matcha Gotcha|p1a: Garganacl
|-supereffective|p1a: Garganacl
|-damage|p1a: Garganacl|5/100
|-heal|p2a: Sinistcha|100/100|[from] drain|[of] p1a: Garganacl
|move|p1a: Garganacl|Recover|p1a: Garganacl
|-heal|p1a: Garganacl|55/100
|
|-heal|p1a: Garganacl|61/100|[from] item: Leftovers
|-damage|p2a: Sinistcha|88/100|[from] Salt Cure
|upkeep
|turn|10
|
|t:|1758997459
|switch|p1a: Pachirisu|Pachirisu, M|100/100
|move|p2a: Sinistcha|Calm Mind|p2a: Sinistcha
|-boost|p2a: Sinistcha|spa|1
|-boost|p2a: Sinistcha|spd|1
|
|-damage|p2a: Sinistcha|76/100|[from] Salt Cure
|upkeep
|turn|11
|
|t:|1758997465
|move|p1a: Pachirisu|Discharge|p2a: Sinistcha
|-resisted|p2a: Sinistcha
|-damage|p2a: Sinistcha|69/100
|move|p2a: Sinistcha|Matcha Gotcha|p1a: Pachirisu
|-damage|p1a: Pachirisu|35/100
|-heal|p2a: Sinistcha|99/100|[from] drain|[of] p1a: Pachirisu
|-enditem|p1a: Pachirisu|Sitrus Berry|[eat]
|-heal|p1a: Pachirisu|60/100|[from] item: Sitrus Berry
|
|-damage|p2a: Sinistcha|87/100|[from] Salt Cure
|upkeep
|turn|12
|
|t:|1758997473
|move|p1a: Pachirisu|Discharge|p2a: Sinistcha
|-resisted|p2a: Sinistcha
|-damage|p2a: Sinistcha|80/100
|move|p2a: Sinistcha|Matcha Gotcha|p1a: Pachirisu
|-damage|p1a: Pachirisu|0 fnt
|-heal|p2a: Sinistcha|100/100|[from] drain|[of] p1a: Pachirisu
|faint|p1a: Pachirisu
|
|-damage|p2a: Sinistcha|88/100|[from] Salt Cure
|upkeep
|
|t:|1758997488
|switch|p1a: Breloom|Breloom, M|100/100
|turn|13
|
|t:|1758997492
|-terastallize|p1a: Breloom|Psychic
|move|p1a: Breloom|Zen Headbutt|p2a: Sinistcha
|-crit|p2a: Sinistcha
|-damage|p2a: Sinistcha|13/100
|move|p2a: Sinistcha|Strength Sap|p1a: Breloom
|-unboost|p1a: Breloom|atk|1
|-heal|p2a: Sinistcha|100/100
|
|-damage|p2a: Sinistcha|88/100|[from] Salt Cure
|upkeep
|turn|14
|
|t:|1758997501
|move|p1a: Breloom|Zen Headbutt|p2a: Sinistcha
|-damage|p2a: Sinistcha|53/100
|cant|p2a: Sinistcha|flinch
|
|-damage|p2a: Sinistcha|41/100|[from] Salt Cure
|upkeep
|turn|15
|
|t:|1758997507
|move|p2a: Sinistcha|Matcha Gotcha|p1a: Breloom
|-damage|p1a: Breloom|0 fnt
|-heal|p2a: Sinistcha|87/100|[from] drain|[of] p1a: Breloom
|faint|p1a: Breloom
|
|-damage|p2a: Sinistcha|75/100|[from] Salt Cure
|upkeep
|-message|reddplayer07 forfeited.
|
|win|bastic31
|raw|reddplayer07's rating: 1195 &rarr; <strong>1168</strong><br />(-27 for losing)
|raw|bastic31's rating: 1169 &rarr; <strong>1196</strong><br />(+27 for winning)
|l|☆reddplayer07
|player|p1|
|l|☆bastic31
|player|p2|
