|j|☆OUMonster2341
|j|☆Luisao
|t:|1759065178
|gametype|singles
|player|p1|OUMonster2341|1|1396
|player|p2|Luisao|2|1392
|gen|9
|tier|[Gen 9] OU
|rated|
|rule|HP Percentage Mod: HP is shown in percentages
|rule|Endless Battle Clause: Forcing endless battles is banned
|rule|Species Clause: Limit one of each Pokémon
|rule|OHKO Clause: OHKO moves are banned
|rule|Evasion Items Clause: Evasion items are banned
|rule|Evasion Moves Clause: Evasion moves are banned
|rule|Evasion Abilities Clause: Evasion abilities are banned
|rule|Sleep Moves Clause: Sleep-inducing moves are banned
|clearpoke
|poke|p1|Dragapult, F|
|poke|p1|Heatran, F|
|poke|p1|Zapdos|
|poke|p1|Ogerpon-Wellspring, F|
|poke|p1|Pecharunt|
|poke|p1|Weavile, F|
|poke|p2|Dragonite, M|
|poke|p2|Serperior, F|
|poke|p2|Donphan, M|
|poke|p2|Medicham, M|
|poke|p2|Scizor, M|
|poke|p2|Gengar, M|
|teampreview
|inactive|Battle timer is ON: inactive players will automatically lose when time's up. (requested by OUMonster2341)
|inactive|Luisao also wants the timer to be on.
|
|t:|1759065195
|teamsize|p1|6
|teamsize|p2|6
|start
|switch|p1a: Dragapult|Dragapult, F, shiny|100/100
|switch|p2a: Medicham|Medicham, M, shiny|100/100
|turn|1
|
|t:|1759065206
|move|p1a: Dragapult|Shadow Ball|p2a: Medicham
|-supereffective|p2a: Medicham
|-damage|p2a: Medicham|0 fnt
|faint|p2a: Medicham
|
|upkeep
|
|t:|1759065212
|switch|p2a: Gengar|Gengar, M, shiny|100/100
|turn|2
|
|t:|1759065219
|switch|p1a: Weavile|Weavile, F, shiny|100/100
|-ability|p1a: Weavile|Pressure
|move|p2a: Gengar|Shadow Ball|p1a: Weavile
|-resisted|p1a: Weavile
|-crit|p1a: Weavile
|-damage|p1a: Weavile|54/100
|
|upkeep
|turn|3
|
|t:|1759065228
|move|p1a: Weavile|Knock Off|p2a: Gengar
|-supereffective|p2a: Gengar
|-enditem|p2a: Gengar|Focus Sash
|-damage|p2a: Gengar|1/100
|move|p2a: Gengar|Sludge Wave|p1a: Weavile
|-damage|p1a: Weavile|0 fnt
|faint|p1a: Weavile
|
|upkeep
|
|t:|1759065233
|switch|p1a: Dragapult|Dragapult, F, shiny|100/100
|turn|4
|
|t:|1759065243
|move|p1a: Dragapult|U-turn|p2a: Gengar
|-resisted|p2a: Gengar
|-damage|p2a: Gengar|0 fnt
|faint|p2a: Gengar
|
|t:|1759065245
|switch|p1a: Heatran|Heatran, F|100/100|[from] U-turn
|
|upkeep
|
|t:|1759065250
|switch|p2a: Donphan|Donphan, M|100/100
|turn|5
|
|t:|1759065278
|switch|p1a: Zapdos|Zapdos|100/100
|move|p2a: Donphan|Earthquake|p1a: Zapdos
|-immune|p1a: Zapdos
|
|upkeep
|turn|6
|
|t:|1759065285
|move|p1a: Zapdos|Hurricane|p2a: Donphan|[miss]
|-miss|p1a: Zapdos|p2a: Donphan
|move|p2a: Donphan|Stealth Rock|p1a: Zapdos
|-sidestart|p1: OUMonster2341|move: Stealth Rock
|
|upkeep
|turn|7
|
|t:|1759065293
|move|p2a: Donphan|Ice Shard|p1a: Zapdos
|-supereffective|p1a: Zapdos
|-damage|p1a: Zapdos|80/100
|move|p1a: Zapdos|Hurricane|p2a: Donphan|[miss]
|-miss|p1a: Zapdos|p2a: Donphan
|
|upkeep
|turn|8
|
|t:|1759065300
|move|p2a: Donphan|Ice Shard|p1a: Zapdos
|-supereffective|p1a: Zapdos
|-damage|p1a: Zapdos|60/100
|move|p1a: Zapdos|Hurricane|p2a: Donphan|[miss]
|-miss|p1a: Zapdos|p2a: Donphan
|
|upkeep
|turn|9
|
|t:|1759065307
|move|p2a: Donphan|Ice Shard|p1a: Zapdos
|-supereffective|p1a: Zapdos
|-damage|p1a: Zapdos|39/100
|move|p1a: Zapdos|Hurricane|p2a: Donphan
|-damage|p2a: Donphan|34/100
|
|-heal|p2a: Donphan|40/100|[from] item: Leftovers
|upkeep
|turn|10
|
|t:|1759065315
|move|p2a: Donphan|Ice Shard|p1a: Zapdos
|-supereffective|p1a: Zapdos
|-damage|p1a: Zapdos|18/100
|move|p1a: Zapdos|Roost|p1a: Zapdos
|-heal|p1a: Zapdos|68/100
|-singleturn|p1a: Zapdos|move: Roost
|
|-heal|p2a: Donphan|47/100|[from] item: Leftovers
|upkeep
|turn|11
|
|t:|1759065325
|switch|p2a: Dragonite|Dragonite, M|100/100
|move|p1a: Zapdos|Roost|p1a: Zapdos
|-heal|p1a: Zapdos|100/100
|-singleturn|p1a: Zapdos|move: Roost
|
|upkeep
|turn|12
|
|t:|1759065333
|move|p2a: Dragonite|Dragon Dance|p2a: Dragonite
|-boost|p2a: Dragonite|atk|1
|-boost|p2a: Dragonite|spe|1
|move|p1a: Zapdos|Thunder Wave|p2a: Dragonite
|-status|p2a: Dragonite|par
|
|upkeep
|turn|13
|
|t:|1759065341
|move|p1a: Zapdos|Hurricane|p2a: Dragonite
|-damage|p2a: Dragonite|76/100 par
|move|p2a: Dragonite|Outrage|p1a: Zapdos
|-damage|p1a: Zapdos|30/100
|
|-heal|p2a: Dragonite|82/100 par|[from] item: Leftovers
|upkeep
|turn|14
|
|t:|1759065351
|move|p1a: Zapdos|Roost|p1a: Zapdos
|-heal|p1a: Zapdos|80/100
|-singleturn|p1a: Zapdos|move: Roost
|move|p2a: Dragonite|Outrage|p1a: Zapdos|[from] lockedmove
|-damage|p1a: Zapdos|5/100
|-start|p2a: Dragonite|confusion|[fatigue]
|
|-heal|p2a: Dragonite|88/100 par|[from] item: Leftovers
|upkeep
|turn|15
|
|t:|1759065361
|-activate|p2a: Dragonite|confusion
|move|p2a: Dragonite|Extreme Speed|p1a: Zapdos
|-damage|p1a: Zapdos|0 fnt
|faint|p1a: Zapdos
|
|-heal|p2a: Dragonite|95/100 par|[from] item: Leftovers
|upkeep
|
|t:|1759065368
|switch|p1a: Pecharunt|Pecharunt|100/100
|turn|16
|
|t:|1759065378
|move|p1a: Pecharunt|Parting Shot|p2a: Dragonite
|-unboost|p2a: Dragonite|atk|1
|-unboost|p2a: Dragonite|spa|1
|
|t:|1759065381
|switch|p1a: Ogerpon|Ogerpon-Wellspring, F|100/100|[from] Parting Shot
|-damage|p1a: Ogerpon|88/100|[from] Stealth Rock
|-activate|p2a: Dragonite|confusion
|-damage|p2a: Dragonite|76/100 par|[from] confusion
|
|-heal|p2a: Dragonite|82/100 par|[from] item: Leftovers
|upkeep
|turn|17
|
|t:|1759065392
|move|p1a: Ogerpon|Play Rough|p2a: Dragonite
|-supereffective|p2a: Dragonite
|-damage|p2a: Dragonite|3/100 par
|-activate|p2a: Dragonite|confusion
|move|p2a: Dragonite|Outrage|p1a: Ogerpon
|-damage|p1a: Ogerpon|0 fnt
|faint|p1a: Ogerpon
|
|-heal|p2a: Dragonite|9/100 par|[from] item: Leftovers
|upkeep
|
|t:|1759065397
|switch|p1a: Pecharunt|Pecharunt|100/100
|turn|18
|
|t:|1759065406
|move|p1a: Pecharunt|Shadow Ball|p2a: Dragonite
|-damage|p2a: Dragonite|0 fnt
|faint|p2a: Dragonite
|
|upkeep
|
|t:|1759065413
|switch|p2a: Donphan|Donphan, M|47/100
|turn|19
|
|t:|1759065416
|move|p1a: Pecharunt|Shadow Ball|p2a: Donphan
|-damage|p2a: Donphan|12/100
|move|p2a: Donphan|Earthquake|p1a: Pecharunt
|-supereffective|p1a: Pecharunt
|-damage|p1a: Pecharunt|48/100
|
|-heal|p2a: Donphan|18/100|[from] item: Leftovers
|upkeep
|turn|20
|
|t:|1759065425
|move|p2a: Donphan|Ice Shard|p1a: Pecharunt
|-damage|p1a: Pecharunt|41/100
|move|p1a: Pecharunt|Shadow Ball|p2a: Donphan
|-damage|p2a: Donphan|0 fnt
|faint|p2a: Donphan
|
|upkeep
|
|t:|1759065437
|switch|p2a: Serperior|Serperior, F, shiny|100/100
|turn|21
|
|t:|1759065447
|move|p2a: Serperior|Leaf Storm|p1a: Pecharunt
|-resisted|p1a: Pecharunt
|-damage|p1a: Pecharunt|18/100
|-boost|p2a: Serperior|spa|2
|move|p1a: Pecharunt|Malignant Chain|p2a: Serperior
|-supereffective|p2a: Serperior
|-crit|p2a: Serperior
|-damage|p2a: Serperior|0 fnt
|faint|p2a: Serperior
|
|upkeep
|c|☆OUMonster2341|gg
|
|t:|1759065457
|switch|p2a: Scizor|Scizor, M|100/100
|turn|22
|
|t:|1759065461
|move|p1a: Pecharunt|Shadow Ball|p2a: Scizor
|-damage|p2a: Scizor|69/100
|move|p2a: Scizor|Swords Dance|p2a: Scizor
|-boost|p2a: Scizor|atk|2
|
|upkeep
|turn|23
|
|t:|1759065468
|move|p1a: Pecharunt|Parting Shot|p2a: Scizor
|-unboost|p2a: Scizor|atk|1
|-unboost|p2a: Scizor|spa|1
|
|t:|1759065470
|switch|p1a: Dragapult|Dragapult, F, shiny|100/100|[from] Parting Shot
|-damage|p1a: Dragapult|88/100|[from] Stealth Rock
|move|p2a: Scizor|Swords Dance|p2a: Scizor
|-boost|p2a: Scizor|atk|2
|
|upkeep
|turn|24
|
|t:|1759065484
|-terastallize|p2a: Scizor|Steel
|move|p2a: Scizor|Bullet Punch|p1a: Dragapult
|-damage|p1a: Dragapult|0 fnt
|faint|p1a: Dragapult
|-damage|p2a: Scizor|59/100|[from] item: Life Orb
|
|upkeep
|
|t:|1759065487
|switch|p1a: Heatran|Heatran, F|100/100
|-damage|p1a: Heatran|88/100|[from] Stealth Rock
|turn|25
|
|t:|1759065495
|move|p1a: Heatran|Earth Power|p2a: Scizor
|-supereffective|p2a: Scizor
|-damage|p2a: Scizor|0 fnt
|faint|p2a: Scizor
|
|win|OUMonster2341
|raw|OUMonster2341's rating: 1396 &rarr; <strong>1416</strong><br />(+20 for winning)
|raw|Luisao's rating: 1392 &rarr; <strong>1372</strong><br />(-20 for losing)
|l|☆OUMonster2341
|player|p1|
|l|☆Luisao
|player|p2|
