|j|☆go b3yond
|j|☆UltraGodGreninja
|t:|1758999764
|gametype|singles
|player|p1|go b3yond|eusine|1426
|player|p2|UltraGodGreninja|skyla|1403
|gen|9
|tier|[Gen 9] OU
|rated|
|rule|HP Percentage Mod: HP is shown in percentages
|rule|Endless Battle Clause: Forcing endless battles is banned
|rule|Species Clause: Limit one of each Pokémon
|rule|OHKO Clause: OHKO moves are banned
|rule|Evasion Items Clause: Evasion items are banned
|rule|Evasion Moves Clause: Evasion moves are banned
|rule|Evasion Abilities Clause: Evasion abilities are banned
|rule|Sleep Moves Clause: Sleep-inducing moves are banned
|clearpoke
|poke|p1|Torkoal, F|
|poke|p1|Brute Bonnet|
|poke|p1|Walking Wake|
|poke|p1|Hatterene, F|
|poke|p1|Thundurus-Therian, M|
|poke|p1|Ceruledge, F|
|poke|p2|Greninja-*, M|
|poke|p2|Zapdos|
|poke|p2|Great Tusk|
|poke|p2|Ting-Lu|
|poke|p2|Primarina, M|
|poke|p2|Scizor, F|
|teampreview
|inactive|Battle timer is ON: inactive players will automatically lose when time's up. (requested by go b3yond)
|
|t:|1758999771
|teamsize|p1|6
|teamsize|p2|6
|start
|switch|p1a: Great Bait|Torkoal, F, shiny|100/100
|switch|p2a: Greninja|Greninja, M|100/100
|-weather|SunnyDay|[from] ability: Drought|[of] p1a: Great Bait
|turn|1
|
|t:|1758999792
|switch|p1a: Witch|Hatterene, F, shiny|100/100
|move|p2a: Greninja|Sludge Wave|p1a: Witch
|-start|p2a: Greninja|typechange|Poison|[from] ability: Protean
|-supereffective|p1a: Witch
|-damage|p1a: Witch|0 fnt
|faint|p1a: Witch
|
|-weather|SunnyDay|[upkeep]
|upkeep
|
|t:|1758999816
|switch|p1a: Shark|Walking Wake|100/100
|-activate|p1a: Shark|ability: Protosynthesis
|-start|p1a: Shark|protosynthesisspe
|turn|2
|
|t:|1758999831
|switch|p2a: Primarina|Primarina, M|100/100
|move|p1a: Shark|Flip Turn|p2a: Primarina
|-resisted|p2a: Primarina
|-damage|p2a: Primarina|96/100
|
|t:|1758999835
|-end|p1a: Shark|Protosynthesis|[silent]
|switch|p1a: BRUTE FORCE|Brute Bonnet|100/100|[from] Flip Turn
|-activate|p1a: BRUTE FORCE|ability: Protosynthesis
|-start|p1a: BRUTE FORCE|protosynthesisatk
|
|-weather|SunnyDay|[upkeep]
|upkeep
|turn|3
|
|t:|1758999838
|switch|p2a: Zapdos|Zapdos|100/100
|move|p1a: BRUTE FORCE|Growth|p1a: BRUTE FORCE
|-boost|p1a: BRUTE FORCE|atk|2
|-boost|p1a: BRUTE FORCE|spa|2
|
|-weather|SunnyDay|[upkeep]
|upkeep
|turn|4
|
|t:|1758999843
|move|p2a: Zapdos|U-turn|p1a: BRUTE FORCE
|-supereffective|p1a: BRUTE FORCE
|-damage|p1a: BRUTE FORCE|55/100
|c|☆go b3yond|missclicked
|
|t:|1758999856
|switch|p2a: Scizor|Scizor, F|100/100|[from] U-turn
|move|p1a: BRUTE FORCE|Tera Blast|p2a: Scizor
|-resisted|p2a: Scizor
|-damage|p2a: Scizor|85/100
|
|-weather|SunnyDay|[upkeep]
|upkeep
|turn|5
|
|t:|1758999861
|-terastallize|p1a: BRUTE FORCE|Fire
|move|p2a: Scizor|Bullet Punch|p1a: BRUTE FORCE
|-resisted|p1a: BRUTE FORCE
|-damage|p1a: BRUTE FORCE|33/100
|move|p1a: BRUTE FORCE|Tera Blast|p2a: Scizor|[anim] Tera Blast Fire
|-supereffective|p2a: Scizor
|-damage|p2a: Scizor|0 fnt
|faint|p2a: Scizor
|
|-weather|SunnyDay|[upkeep]
|upkeep
|
|t:|1758999865
|switch|p2a: Greninja|Greninja, M|100/100
|turn|6
|
|t:|1758999873
|move|p1a: BRUTE FORCE|Sucker Punch|p2a: Greninja
|-resisted|p2a: Greninja
|-damage|p2a: Greninja|14/100
|move|p2a: Greninja|Sludge Wave|p1a: BRUTE FORCE
|-start|p2a: Greninja|typechange|Poison|[from] ability: Protean
|-damage|p1a: BRUTE FORCE|0 fnt
|faint|p1a: BRUTE FORCE
|-end|p1a: BRUTE FORCE|Protosynthesis|[silent]
|
|-weather|SunnyDay|[upkeep]
|upkeep
|
|t:|1758999884
|switch|p1a: Knight|Ceruledge, F|100/100
|turn|7
|
|t:|1758999903
|switch|p2a: Ting-Lu|Ting-Lu|100/100
|-ability|p2a: Ting-Lu|Vessel of Ruin
|move|p1a: Knight|Swords Dance|p1a: Knight
|-boost|p1a: Knight|atk|2
|
|-weather|SunnyDay|[upkeep]
|upkeep
|turn|8
|
|t:|1758999910
|switch|p2a: Zapdos|Zapdos|100/100
|move|p1a: Knight|Bitter Blade|p2a: Zapdos
|-damage|p2a: Zapdos|8/100
|
|-weather|none
|upkeep
|turn|9
|
|t:|1758999917
|move|p1a: Knight|Poltergeist|p2a: Zapdos
|-activate|p2a: Zapdos|move: Poltergeist|Heavy-Duty Boots
|-damage|p2a: Zapdos|0 fnt
|faint|p2a: Zapdos
|
|upkeep
|
|t:|1758999926
|switch|p2a: Ting-Lu|Ting-Lu|100/100
|-ability|p2a: Ting-Lu|Vessel of Ruin
|turn|10
|
|t:|1758999930
|move|p1a: Knight|Bitter Blade|p2a: Ting-Lu
|-damage|p2a: Ting-Lu|51/100
|move|p2a: Ting-Lu|Whirlwind|p1a: Knight
|drag|p1a: Storm|Thundurus-Therian, M|100/100
|
|-heal|p2a: Ting-Lu|57/100|[from] item: Leftovers
|upkeep
|turn|11
|
|t:|1758999936
|switch|p1a: Great Bait|Torkoal, F, shiny|100/100
|-weather|SunnyDay|[from] ability: Drought|[of] p1a: Great Bait
|move|p2a: Ting-Lu|Stealth Rock|p1a: Great Bait
|-sidestart|p1: go b3yond|move: Stealth Rock
|
|-weather|SunnyDay|[upkeep]
|-heal|p2a: Ting-Lu|63/100|[from] item: Leftovers
|upkeep
|turn|12
|
|t:|1758999943
|move|p2a: Ting-Lu|Earthquake|p1a: Great Bait
|-supereffective|p1a: Great Bait
|-damage|p1a: Great Bait|42/100
|move|p1a: Great Bait|Rapid Spin|p2a: Ting-Lu
|-damage|p2a: Ting-Lu|57/100
|-boost|p1a: Great Bait|spe|1
|-sideend|p1: go b3yond|Stealth Rock|[from] move: Rapid Spin|[of] p1a: Great Bait
|
|-weather|SunnyDay|[upkeep]
|-heal|p2a: Ting-Lu|63/100|[from] item: Leftovers
|upkeep
|turn|13
|
|t:|1758999949
|switch|p1a: Storm|Thundurus-Therian, M|100/100
|move|p2a: Ting-Lu|Stealth Rock|p1a: Storm
|-sidestart|p1: go b3yond|move: Stealth Rock
|
|-weather|SunnyDay|[upkeep]
|-heal|p2a: Ting-Lu|70/100|[from] item: Leftovers
|upkeep
|turn|14
|
|t:|1758999952
|move|p1a: Storm|Weather Ball|p2a: Ting-Lu
|-damage|p2a: Ting-Lu|37/100
|move|p2a: Ting-Lu|Whirlwind|p1a: Storm
|drag|p1a: Knight|Ceruledge, F|100/100
|-damage|p1a: Knight|76/100|[from] Stealth Rock
|
|-weather|SunnyDay|[upkeep]
|-heal|p2a: Ting-Lu|43/100|[from] item: Leftovers
|upkeep
|turn|15
|
|t:|1758999956
|move|p1a: Knight|Bitter Blade|p2a: Ting-Lu
|-damage|p2a: Ting-Lu|4/100
|-heal|p1a: Knight|100/100|[from] drain|[of] p2a: Ting-Lu
|move|p2a: Ting-Lu|Ruination|p1a: Knight
|-damage|p1a: Knight|51/100
|
|-weather|SunnyDay|[upkeep]
|-heal|p2a: Ting-Lu|11/100|[from] item: Leftovers
|upkeep
|turn|16
|
|t:|1758999964
|move|p1a: Knight|Bitter Blade|p2a: Ting-Lu
|-damage|p2a: Ting-Lu|0 fnt
|-heal|p1a: Knight|60/100|[from] drain|[of] p2a: Ting-Lu
|faint|p2a: Ting-Lu
|
|-weather|SunnyDay|[upkeep]
|upkeep
|
|t:|1758999968
|switch|p2a: Great Tusk|Great Tusk|100/100
|-activate|p2a: Great Tusk|ability: Protosynthesis
|-start|p2a: Great Tusk|protosynthesisatk
|turn|17
|
|t:|1758999975
|move|p2a: Great Tusk|Headlong Rush|p1a: Knight
|-supereffective|p1a: Knight
|-damage|p1a: Knight|0 fnt
|-unboost|p2a: Great Tusk|def|1
|-unboost|p2a: Great Tusk|spd|1
|faint|p1a: Knight
|
|-weather|SunnyDay|[upkeep]
|upkeep
|
|t:|1758999980
|switch|p1a: Storm|Thundurus-Therian, M|100/100
|-damage|p1a: Storm|76/100|[from] Stealth Rock
|turn|18
|
|t:|1758999983
|move|p1a: Storm|Grass Knot|p2a: Great Tusk
|-supereffective|p2a: Great Tusk
|-crit|p2a: Great Tusk
|-damage|p2a: Great Tusk|0 fnt
|faint|p2a: Great Tusk
|-end|p2a: Great Tusk|Protosynthesis|[silent]
|
|-weather|none
|upkeep
|
|t:|1758999985
|switch|p2a: Greninja|Greninja, M|14/100
|turn|19
|
|t:|1758999988
|switch|p1a: Great Bait|Torkoal, F, shiny|42/100
|-damage|p1a: Great Bait|17/100|[from] Stealth Rock
|-weather|SunnyDay|[from] ability: Drought|[of] p1a: Great Bait
|move|p2a: Greninja|Ice Beam|p1a: Great Bait
|-start|p2a: Greninja|typechange|Ice|[from] ability: Protean
|-resisted|p1a: Great Bait
|-damage|p1a: Great Bait|0 fnt
|faint|p1a: Great Bait
|
|-weather|SunnyDay|[upkeep]
|upkeep
|
|t:|1758999991
|switch|p1a: Shark|Walking Wake|100/100
|-damage|p1a: Shark|88/100|[from] Stealth Rock
|-activate|p1a: Shark|ability: Protosynthesis
|-start|p1a: Shark|protosynthesisspe
|turn|20
|
|t:|1758999993
|switch|p2a: Primarina|Primarina, M|96/100
|move|p1a: Shark|Flip Turn|p2a: Primarina
|-resisted|p2a: Primarina
|-damage|p2a: Primarina|91/100
|
|t:|1758999995
|-end|p1a: Shark|Protosynthesis|[silent]
|switch|p1a: Storm|Thundurus-Therian, M|76/100|[from] Flip Turn
|-damage|p1a: Storm|51/100|[from] Stealth Rock
|
|-weather|SunnyDay|[upkeep]
|upkeep
|turn|21
|
|t:|1759000010
|move|p1a: Storm|Thunderbolt|p2a: Primarina
|-supereffective|p2a: Primarina
|-damage|p2a: Primarina|32/100
|move|p2a: Primarina|Flip Turn|p1a: Storm
|-damage|p1a: Storm|40/100
|
|t:|1759000012
|switch|p2a: Greninja|Greninja, M|14/100|[from] Flip Turn
|
|-weather|SunnyDay|[upkeep]
|upkeep
|turn|22
|
|t:|1759000022
|switch|p1a: Shark|Walking Wake|88/100
|-damage|p1a: Shark|76/100|[from] Stealth Rock
|-activate|p1a: Shark|ability: Protosynthesis
|-start|p1a: Shark|protosynthesisspe
|move|p2a: Greninja|Ice Beam|p1a: Shark
|-start|p2a: Greninja|typechange|Ice|[from] ability: Protean
|-damage|p1a: Shark|31/100
|
|-weather|SunnyDay|[upkeep]
|upkeep
|turn|23
|
|t:|1759000025
|move|p1a: Shark|Hydro Steam|p2a: Greninja
|-damage|p2a: Greninja|0 fnt
|faint|p2a: Greninja
|
|-weather|SunnyDay|[upkeep]
|upkeep
|-message|UltraGodGreninja forfeited.
|
|win|go b3yond
|raw|go b3yond's rating: 1426 &rarr; <strong>1446</strong><br />(+20 for winning)
|raw|UltraGodGreninja's rating: 1421 &rarr; <strong>1401</strong><br />(-20 for losing)
|l|☆UltraGodGreninja
|player|p2|
|c|☆go b3yond|gg
|l|☆go b3yond
|player|p1|
