|badge|p1|bronze|gen9ou|100-6
|html|<div class="broadcast-red"><strong>This battle is required to be public due to one or more player having a season medal.</strong><br />During the public phase, you can discuss the state of the ladder <a href="/seasondiscussion">in a special chatroom.</a></div>
|uhtml|medal-msg|<div class="broadcast-blue">Curious what those medals under the avatar are? PS now has Ladder Seasons! For more information, check out the <a href="https://www.smogon.com/forums/threads/3740067/">thread on Smogon.</a></div>
|j|☆DontMissMantine
|j|☆Light SV
|t:|1758973709
|gametype|singles
|player|p1|DontMissMantine|lucas|1859
|player|p2|Light SV|ethan|1803
|gen|9
|tier|[Gen 9] OU
|rated|
|rule|HP Percentage Mod: HP is shown in percentages
|rule|Endless Battle Clause: Forcing endless battles is banned
|rule|Species Clause: Limit one of each Pokémon
|rule|OHKO Clause: OHKO moves are banned
|rule|Evasion Items Clause: Evasion items are banned
|rule|Evasion Moves Clause: Evasion moves are banned
|rule|Evasion Abilities Clause: Evasion abilities are banned
|rule|Sleep Moves Clause: Sleep-inducing moves are banned
|clearpoke
|poke|p1|Pelipper, M|
|poke|p1|Beartic, F|
|poke|p1|Barraskewda, F|
|poke|p1|Ogerpon-Wellspring, F|
|poke|p1|Zapdos|
|poke|p1|Hatterene, F|
|poke|p2|Dragonite, F|
|poke|p2|Zamazenta-*|
|poke|p2|Landorus-Therian, M|
|poke|p2|Gholdengo|
|poke|p2|Darkrai|
|poke|p2|Hatterene, F|
|teampreview
|j| ybah
|
|t:|1758973716
|teamsize|p1|6
|teamsize|p2|6
|start
|switch|p1a: Pelipper|Pelipper, M|100/100
|switch|p2a: Gholdengo|Gholdengo|100/100
|-weather|RainDance|[from] ability: Drizzle|[of] p1a: Pelipper
|turn|1
|
|t:|1758973724
|switch|p1a: Zapdos|Zapdos|100/100
|move|p2a: Gholdengo|Thunderbolt|p1a: Zapdos
|-damage|p1a: Zapdos|76/100
|
|-weather|RainDance|[upkeep]
|upkeep
|turn|2
|
|t:|1758973735
|move|p1a: Zapdos|Weather Ball|p2a: Gholdengo
|-damage|p2a: Gholdengo|49/100
|move|p2a: Gholdengo|Thunderbolt|p1a: Zapdos
|-damage|p1a: Zapdos|52/100
|
|-weather|RainDance|[upkeep]
|upkeep
|turn|3
|j| locked in bro
|
|t:|1758973743
|move|p1a: Zapdos|Thunder|p2a: Gholdengo
|-damage|p2a: Gholdengo|0 fnt
|faint|p2a: Gholdengo
|
|-weather|RainDance|[upkeep]
|upkeep
|
|t:|1758973745
|switch|p2a: Darkrai|Darkrai|100/100
|turn|4
|j| wgw2333
|
|t:|1758973752
|switch|p1a: Hatterene|Hatterene, F|100/100
|move|p2a: Darkrai|Ice Beam|p1a: Hatterene
|-damage|p1a: Hatterene|71/100
|-enditem|p1a: Hatterene|Eject Button
|
|t:|1758973757
|switch|p1a: Barraskewda|Barraskewda, F|100/100
|
|-weather|RainDance|[upkeep]
|upkeep
|turn|5
|
|t:|1758973775
|-terastallize|p1a: Barraskewda|Water
|move|p1a: Barraskewda|Liquidation|p2a: Darkrai
|-damage|p2a: Darkrai|0 fnt
|faint|p2a: Darkrai
|
|-weather|RainDance|[upkeep]
|upkeep
|
|t:|1758973778
|switch|p2a: Dragonite|Dragonite, F|100/100
|turn|6
|
|t:|1758973785
|move|p1a: Barraskewda|Flip Turn|p2a: Dragonite
|-resisted|p2a: Dragonite
|-damage|p2a: Dragonite|77/100
|
|t:|1758973791
|switch|p1a: Beartic|Beartic, F|100/100|[from] Flip Turn
|move|p2a: Dragonite|Dragon Dance|p2a: Dragonite
|-boost|p2a: Dragonite|atk|1
|-boost|p2a: Dragonite|spe|1
|
|-weather|RainDance|[upkeep]
|upkeep
|turn|7
|
|t:|1758973801
|move|p2a: Dragonite|Earthquake|p1a: Beartic
|-damage|p1a: Beartic|37/100
|move|p1a: Beartic|Icicle Spear|p2a: Dragonite
|-supereffective|p2a: Dragonite
|-damage|p2a: Dragonite|10/100
|-supereffective|p2a: Dragonite
|-damage|p2a: Dragonite|0 fnt
|faint|p2a: Dragonite
|-hitcount|p2: Dragonite|2
|
|-weather|RainDance|[upkeep]
|upkeep
|
|t:|1758973806
|switch|p2a: Landorus|Landorus-Therian, M|100/100
|-ability|p2a: Landorus|Intimidate|boost
|-unboost|p1a: Beartic|atk|1
|turn|8
|
|t:|1758973817
|-terastallize|p2a: Landorus|Ghost
|move|p1a: Beartic|Icicle Spear|p2a: Landorus
|-damage|p2a: Landorus|92/100
|-damage|p2a: Landorus|83/100
|-damage|p2a: Landorus|74/100
|-damage|p2a: Landorus|65/100
|-damage|p2a: Landorus|57/100
|-hitcount|p2a: Landorus|5
|move|p2a: Landorus|Stealth Rock|p1a: Beartic
|-sidestart|p1: DontMissMantine|move: Stealth Rock
|
|-weather|none
|upkeep
|turn|9
|
|t:|1758973829
|move|p2a: Landorus|U-turn|p1a: Beartic
|-damage|p1a: Beartic|12/100
|
|t:|1758973832
|switch|p2a: Zamazenta|Zamazenta|100/100|[from] U-turn
|-ability|p2a: Zamazenta|Dauntless Shield|boost
|-boost|p2a: Zamazenta|def|1
|move|p1a: Beartic|Icicle Spear|p2a: Zamazenta
|-damage|p2a: Zamazenta|96/100
|-damage|p2a: Zamazenta|91/100
|-damage|p2a: Zamazenta|85/100
|-crit|p2a: Zamazenta
|-damage|p2a: Zamazenta|69/100
|-hitcount|p2a: Zamazenta|4
|
|-heal|p2a: Zamazenta|75/100|[from] item: Leftovers
|upkeep
|turn|10
|
|t:|1758973845
|move|p2a: Zamazenta|Iron Defense|p2a: Zamazenta
|-boost|p2a: Zamazenta|def|2
|move|p1a: Beartic|Icicle Spear|p2a: Zamazenta
|-damage|p2a: Zamazenta|72/100
|-damage|p2a: Zamazenta|69/100
|-damage|p2a: Zamazenta|66/100
|-damage|p2a: Zamazenta|63/100
|-damage|p2a: Zamazenta|60/100
|-hitcount|p2a: Zamazenta|5
|
|-heal|p2a: Zamazenta|66/100|[from] item: Leftovers
|upkeep
|turn|11
|n| dsvdv|ybah
|
|t:|1758973866
|move|p2a: Zamazenta|Iron Defense|p2a: Zamazenta
|-boost|p2a: Zamazenta|def|2
|move|p1a: Beartic|Icicle Spear|p2a: Zamazenta
|-damage|p2a: Zamazenta|64/100
|-damage|p2a: Zamazenta|62/100
|-damage|p2a: Zamazenta|60/100
|-damage|p2a: Zamazenta|58/100
|-hitcount|p2a: Zamazenta|4
|
|-heal|p2a: Zamazenta|64/100|[from] item: Leftovers
|upkeep
|turn|12
|
|t:|1758973876
|move|p2a: Zamazenta|Iron Defense|p2a: Zamazenta
|-boost|p2a: Zamazenta|def|1
|move|p1a: Beartic|Icicle Spear|p2a: Zamazenta
|-damage|p2a: Zamazenta|62/100
|-damage|p2a: Zamazenta|59/100
|-damage|p2a: Zamazenta|57/100
|-damage|p2a: Zamazenta|54/100
|-damage|p2a: Zamazenta|52/100
|-hitcount|p2a: Zamazenta|5
|
|-heal|p2a: Zamazenta|58/100|[from] item: Leftovers
|upkeep
|turn|13
|
|t:|1758973889
|move|p1a: Beartic|Icicle Spear|p2a: Zamazenta
|-damage|p2a: Zamazenta|56/100
|-damage|p2a: Zamazenta|54/100
|-damage|p2a: Zamazenta|52/100
|-damage|p2a: Zamazenta|50/100
|-hitcount|p2a: Zamazenta|4
|move|p2a: Zamazenta|Roar|p1a: Beartic
|drag|p1a: Barraskewda|Barraskewda, F, tera:Water|100/100
|-damage|p1a: Barraskewda|88/100|[from] Stealth Rock
|
|-heal|p2a: Zamazenta|56/100|[from] item: Leftovers
|upkeep
|turn|14
|l| locked in bro
|
|t:|1758973903
|switch|p1a: Beartic|Beartic, F|12/100
|-damage|p1a: Beartic|0 fnt|[from] Stealth Rock
|faint|p1a: Beartic
|move|p2a: Zamazenta|Body Press|p1: Beartic|[notarget]
|-fail|p2a: Zamazenta
|
|-heal|p2a: Zamazenta|62/100|[from] item: Leftovers
|upkeep
|
|t:|1758973912
|switch|p1a: Pelipper|Pelipper, M|100/100
|-damage|p1a: Pelipper|75/100|[from] Stealth Rock
|-weather|RainDance|[from] ability: Drizzle|[of] p1a: Pelipper
|turn|15
|
|t:|1758973917
|move|p2a: Zamazenta|Body Press|p1a: Pelipper
|-resisted|p1a: Pelipper
|-damage|p1a: Pelipper|19/100
|move|p1a: Pelipper|Hurricane|p2a: Zamazenta
|-supereffective|p2a: Zamazenta
|-damage|p2a: Zamazenta|0 fnt
|faint|p2a: Zamazenta
|
|-weather|RainDance|[upkeep]
|upkeep
|
|t:|1758973923
|switch|p2a: Hatterene|Hatterene, F|100/100
|turn|16
|
|t:|1758973929
|move|p1a: Pelipper|U-turn|p2a: Hatterene
|-damage|p2a: Hatterene|90/100
|
|t:|1758973933
|switch|p1a: Ogerpon|Ogerpon-Wellspring, F|100/100|[from] U-turn
|-damage|p1a: Ogerpon|88/100|[from] Stealth Rock
|move|p2a: Hatterene|Draining Kiss|p1a: Ogerpon
|-damage|p1a: Ogerpon|59/100
|-heal|p2a: Hatterene|100/100|[from] drain|[of] p1a: Ogerpon
|
|-weather|RainDance|[upkeep]
|upkeep
|turn|17
|-message|Light SV forfeited.
|
|win|DontMissMantine
|raw|DontMissMantine's rating: 1859 &rarr; <strong>1876</strong><br />(+17 for winning)
|raw|Light SV's rating: 1803 &rarr; <strong>1786</strong><br />(-17 for losing)
|l|☆Light SV
|player|p2|
|l|☆DontMissMantine
|player|p1|
|j|☆DontMissMantine
|player|p1|DontMissMantine|lucas|
