|badge|p1|bronze|gen9ou|100-6
|html|<div class="broadcast-red"><strong>This battle is required to be public due to one or more player having a season medal.</strong><br />During the public phase, you can discuss the state of the ladder <a href="/seasondiscussion">in a special chatroom.</a></div>
|uhtml|medal-msg|<div class="broadcast-blue">Curious what those medals under the avatar are? PS now has Ladder Seasons! For more information, check out the <a href="https://www.smogon.com/forums/threads/3740067/">thread on Smogon.</a></div>
|badge|p2|silver|gen9ou|30-6
|uhtml|medal-msg|<div class="broadcast-blue">Curious what those medals under the avatar are? PS now has Ladder Seasons! For more information, check out the <a href="https://www.smogon.com/forums/threads/3740067/">thread on Smogon.</a></div>
|raw|<div class="broadcast-blue"><strong>This battle is required to be public due to a player having a name starting with 'medal'.</div>
|j|☆mcribs
|j|☆send it to me
|t:|1758971382
|gametype|singles
|player|p1|mcribs|brycenman|1821
|player|p2|send it to me|musician|1954
|gen|9
|tier|[Gen 9] OU
|rated|
|rule|HP Percentage Mod: HP is shown in percentages
|rule|Endless Battle Clause: Forcing endless battles is banned
|rule|Species Clause: Limit one of each Pokémon
|rule|OHKO Clause: OHKO moves are banned
|rule|Evasion Items Clause: Evasion items are banned
|rule|Evasion Moves Clause: Evasion moves are banned
|rule|Evasion Abilities Clause: Evasion abilities are banned
|rule|Sleep Moves Clause: Sleep-inducing moves are banned
|clearpoke
|poke|p1|Gholdengo|
|poke|p1|Ninetales-Alola, F|
|poke|p1|Zamazenta-*|
|poke|p1|Darkrai|
|poke|p1|Ogerpon-Wellspring, F|
|poke|p1|Great Tusk|
|poke|p2|Dragonite, M|
|poke|p2|Pecharunt|
|poke|p2|Iron Treads|
|poke|p2|Fezandipiti, M|
|poke|p2|Samurott-Hisui, F|
|poke|p2|Zamazenta-*|
|teampreview
|inactive|Battle timer is ON: inactive players will automatically lose when time's up. (requested by mcribs)
|
|t:|1758971397
|teamsize|p1|6
|teamsize|p2|6
|start
|switch|p1a: Ninetales|Ninetales-Alola, F|100/100
|switch|p2a: Iron Treads|Iron Treads|100/100
|-weather|Snowscape|[from] ability: Snow Warning|[of] p1a: Ninetales
|turn|1
|j| ybah
|j| locked in bro
|
|t:|1758971400
|move|p1a: Ninetales|Aurora Veil|p1a: Ninetales
|-sidestart|p1: mcribs|move: Aurora Veil
|move|p2a: Iron Treads|Knock Off|p1a: Ninetales
|-resisted|p1a: Ninetales
|-damage|p1a: Ninetales|96/100
|-enditem|p1a: Ninetales|Light Clay|[from] move: Knock Off|[of] p2a: Iron Treads
|
|-weather|Snowscape|[upkeep]
|upkeep
|turn|2
|j| LT124YH Ghoul
|
|t:|1758971402
|move|p1a: Ninetales|Encore|p2a: Iron Treads
|-start|p2a: Iron Treads|Encore
|move|p2a: Iron Treads|Knock Off|p1a: Ninetales
|-resisted|p1a: Ninetales
|-damage|p1a: Ninetales|92/100
|
|-weather|Snowscape|[upkeep]
|upkeep
|turn|3
|
|t:|1758971405
|switch|p1a: Ogerpon|Ogerpon-Wellspring, F|100/100
|move|p2a: Iron Treads|Knock Off|p1a: Ogerpon
|-damage|p1a: Ogerpon|90/100
|
|-weather|Snowscape|[upkeep]
|upkeep
|turn|4
|
|t:|1758971409
|-end|p2a: Iron Treads|Quark Drive|[silent]
|switch|p2a: Dragonite|Dragonite, M|100/100
|move|p1a: Ogerpon|Swords Dance|p1a: Ogerpon
|-boost|p1a: Ogerpon|atk|2
|
|-weather|Snowscape|[upkeep]
|upkeep
|turn|5
|
|t:|1758971411
|move|p1a: Ogerpon|Play Rough|p2a: Dragonite
|-supereffective|p2a: Dragonite
|-damage|p2a: Dragonite|52/100
|-damage|p1a: Ogerpon|73/100|[from] item: Rocky Helmet|[of] p2a: Dragonite
|move|p2a: Dragonite|Thunder Wave|p1a: Ogerpon
|-status|p1a: Ogerpon|par
|
|-weather|none
|upkeep
|turn|6
|
|t:|1758971414
|move|p2a: Dragonite|Roost|p2a: Dragonite
|-heal|p2a: Dragonite|100/100
|-singleturn|p2a: Dragonite|move: Roost
|cant|p1a: Ogerpon|par
|
|upkeep
|turn|7
|
|t:|1758971421
|move|p2a: Dragonite|Ice Beam|p1a: Ogerpon
|-damage|p1a: Ogerpon|61/100 par
|cant|p1a: Ogerpon|par
|
|upkeep
|turn|8
|
|t:|1758971425
|move|p2a: Dragonite|Ice Beam|p1a: Ogerpon
|-damage|p1a: Ogerpon|49/100 par
|cant|p1a: Ogerpon|par
|
|-sideend|p1: mcribs|move: Aurora Veil
|upkeep
|turn|9
|
|t:|1758971427
|move|p2a: Dragonite|Ice Beam|p1a: Ogerpon
|-damage|p1a: Ogerpon|25/100 par
|move|p1a: Ogerpon|Ivy Cudgel|p2a: Dragonite|[anim] Ivy Cudgel Water
|-resisted|p2a: Dragonite
|-damage|p2a: Dragonite|81/100
|
|upkeep
|turn|10
|
|t:|1758971430
|move|p2a: Dragonite|Roost|p2a: Dragonite
|-heal|p2a: Dragonite|100/100
|-singleturn|p2a: Dragonite|move: Roost
|cant|p1a: Ogerpon|par
|
|upkeep
|turn|11
|
|t:|1758971433
|move|p2a: Dragonite|Ice Beam|p1a: Ogerpon
|-damage|p1a: Ogerpon|1/100 par
|move|p1a: Ogerpon|Play Rough|p2a: Dragonite
|-supereffective|p2a: Dragonite
|-damage|p2a: Dragonite|51/100
|-damage|p1a: Ogerpon|0 fnt|[from] item: Rocky Helmet|[of] p2a: Dragonite
|faint|p1a: Ogerpon
|
|upkeep
|
|t:|1758971436
|switch|p1a: Gholdengo|Gholdengo|100/100
|-item|p1a: Gholdengo|Air Balloon
|turn|12
|
|t:|1758971445
|switch|p2a: Samurott|Samurott-Hisui, F|100/100
|move|p1a: Gholdengo|Dazzling Gleam|p2a: Samurott
|-supereffective|p2a: Samurott
|-damage|p2a: Samurott|21/100
|
|upkeep
|turn|13
|
|t:|1758971447
|switch|p1a: Ninetales|Ninetales-Alola, F|92/100
|-weather|Snowscape|[from] ability: Snow Warning|[of] p1a: Ninetales
|move|p2a: Samurott|Ceaseless Edge|p1a: Ninetales
|-resisted|p1a: Ninetales
|-damage|p1a: Ninetales|76/100
|-sidestart|p1: mcribs|Spikes
|
|-weather|Snowscape|[upkeep]
|upkeep
|turn|14
|
|t:|1758971450
|switch|p2a: Iron Treads|Iron Treads|100/100
|move|p1a: Ninetales|Aurora Veil|p1a: Ninetales
|-sidestart|p1: mcribs|move: Aurora Veil
|
|-weather|Snowscape|[upkeep]
|upkeep
|turn|15
|
|t:|1758971453
|switch|p1a: Great Tusk|Great Tusk|100/100
|-damage|p1a: Great Tusk|88/100|[from] Spikes
|-enditem|p1a: Great Tusk|Booster Energy
|-activate|p1a: Great Tusk|ability: Protosynthesis|[fromitem]
|-start|p1a: Great Tusk|protosynthesisspe
|move|p2a: Iron Treads|Stealth Rock|p1a: Great Tusk
|-sidestart|p1: mcribs|move: Stealth Rock
|
|-weather|Snowscape|[upkeep]
|upkeep
|turn|16
|
|t:|1758971466
|-end|p2a: Iron Treads|Quark Drive|[silent]
|switch|p2a: Dragonite|Dragonite, M|51/100
|move|p1a: Great Tusk|Bulk Up|p1a: Great Tusk
|-boost|p1a: Great Tusk|atk|1
|-boost|p1a: Great Tusk|def|1
|
|-weather|Snowscape|[upkeep]
|upkeep
|turn|17
|
|t:|1758971468
|-terastallize|p2a: Dragonite|Fairy
|move|p1a: Great Tusk|Ice Spinner|p2a: Dragonite
|-damage|p2a: Dragonite|28/100
|-damage|p1a: Great Tusk|71/100|[from] item: Rocky Helmet|[of] p2a: Dragonite
|move|p2a: Dragonite|Roost|p2a: Dragonite
|-heal|p2a: Dragonite|78/100
|
|-weather|none
|upkeep
|turn|18
|
|t:|1758971476
|move|p1a: Great Tusk|Bulk Up|p1a: Great Tusk
|-boost|p1a: Great Tusk|atk|1
|-boost|p1a: Great Tusk|def|1
|move|p2a: Dragonite|Roost|p2a: Dragonite
|-heal|p2a: Dragonite|100/100
|
|-sideend|p1: mcribs|move: Aurora Veil
|upkeep
|turn|19
|j| Rizzofreko
|
|t:|1758971480
|-terastallize|p1a: Great Tusk|Ice
|move|p1a: Great Tusk|Headlong Rush|p2a: Dragonite
|-damage|p2a: Dragonite|68/100
|-unboost|p1a: Great Tusk|def|1
|-unboost|p1a: Great Tusk|spd|1
|-damage|p1a: Great Tusk|55/100|[from] item: Rocky Helmet|[of] p2a: Dragonite
|move|p2a: Dragonite|Ice Beam|p1a: Great Tusk
|-resisted|p1a: Great Tusk
|-damage|p1a: Great Tusk|36/100
|
|upkeep
|turn|20
|
|t:|1758971491
|move|p1a: Great Tusk|Headlong Rush|p2a: Dragonite
|-damage|p2a: Dragonite|0 fnt
|-unboost|p1a: Great Tusk|def|1
|-unboost|p1a: Great Tusk|spd|1
|-damage|p1a: Great Tusk|19/100|[from] item: Rocky Helmet|[of] p2a: Dragonite
|faint|p2a: Dragonite
|
|upkeep
|
|t:|1758971501
|switch|p2a: Zamazenta|Zamazenta|100/100
|-ability|p2a: Zamazenta|Dauntless Shield|boost
|-boost|p2a: Zamazenta|def|1
|turn|21
|
|t:|1758971504
|move|p1a: Great Tusk|Headlong Rush|p2a: Zamazenta
|-damage|p2a: Zamazenta|47/100
|-unboost|p1a: Great Tusk|def|1
|-unboost|p1a: Great Tusk|spd|1
|move|p2a: Zamazenta|Body Press|p1a: Great Tusk
|-supereffective|p1a: Great Tusk
|-damage|p1a: Great Tusk|0 fnt
|faint|p1a: Great Tusk
|-end|p1a: Great Tusk|Protosynthesis|[silent]
|
|-heal|p2a: Zamazenta|53/100|[from] item: Leftovers
|upkeep
|
|t:|1758971509
|switch|p1a: Gholdengo|Gholdengo|100/100
|-damage|p1a: Gholdengo|94/100|[from] Stealth Rock
|-item|p1a: Gholdengo|Air Balloon
|turn|22
|
|t:|1758971513
|switch|p2a: Iron Treads|Iron Treads|100/100
|move|p1a: Gholdengo|Shadow Ball|p2a: Iron Treads
|-damage|p2a: Iron Treads|64/100
|
|-heal|p2a: Iron Treads|70/100|[from] item: Leftovers
|upkeep
|turn|23
|
|t:|1758971516
|switch|p1a: Zamazenta|Zamazenta|100/100
|-damage|p1a: Zamazenta|88/100|[from] Spikes
|-damage|p1a: Zamazenta|82/100|[from] Stealth Rock
|-ability|p1a: Zamazenta|Dauntless Shield|boost
|-boost|p1a: Zamazenta|def|1
|move|p2a: Iron Treads|Knock Off|p1a: Zamazenta
|-resisted|p1a: Zamazenta
|-damage|p1a: Zamazenta|77/100
|-enditem|p1a: Zamazenta|Leftovers|[from] move: Knock Off|[of] p2a: Iron Treads
|
|-heal|p2a: Iron Treads|76/100|[from] item: Leftovers
|upkeep
|turn|24
|
|t:|1758971523
|switch|p1a: Gholdengo|Gholdengo|94/100
|-damage|p1a: Gholdengo|88/100|[from] Stealth Rock
|-item|p1a: Gholdengo|Air Balloon
|-end|p2a: Iron Treads|Quark Drive|[silent]
|switch|p2a: Fezandipiti|Fezandipiti, M|100/100
|
|upkeep
|turn|25
|
|t:|1758971525
|switch|p2a: Iron Treads|Iron Treads|76/100
|move|p1a: Gholdengo|Nasty Plot|p1a: Gholdengo
|-boost|p1a: Gholdengo|spa|2
|
|-heal|p2a: Iron Treads|82/100|[from] item: Leftovers
|upkeep
|turn|26
|
|t:|1758971527
|move|p1a: Gholdengo|Shadow Ball|p2a: Iron Treads
|-damage|p2a: Iron Treads|9/100
|move|p2a: Iron Treads|Knock Off|p1a: Gholdengo
|-supereffective|p1a: Gholdengo
|-damage|p1a: Gholdengo|32/100
|-enditem|p1a: Gholdengo|Air Balloon
|
|-heal|p2a: Iron Treads|15/100|[from] item: Leftovers
|upkeep
|turn|27
|
|t:|1758971530
|move|p1a: Gholdengo|Shadow Ball|p2a: Iron Treads
|-damage|p2a: Iron Treads|0 fnt
|faint|p2a: Iron Treads
|-end|p2a: Iron Treads|Quark Drive|[silent]
|
|upkeep
|
|t:|1758971533
|switch|p2a: Samurott|Samurott-Hisui, F|21/100
|turn|28
|
|t:|1758971536
|switch|p1a: Ninetales|Ninetales-Alola, F|76/100
|-damage|p1a: Ninetales|63/100|[from] Spikes
|-damage|p1a: Ninetales|38/100|[from] Stealth Rock
|-weather|Snowscape|[from] ability: Snow Warning|[of] p1a: Ninetales
|move|p2a: Samurott|Ceaseless Edge|p1a: Ninetales
|-resisted|p1a: Ninetales
|-damage|p1a: Ninetales|19/100
|-sidestart|p1: mcribs|Spikes
|
|-weather|Snowscape|[upkeep]
|upkeep
|turn|29
|
|t:|1758971538
|move|p2a: Samurott|Ceaseless Edge|p1a: Ninetales
|-resisted|p1a: Ninetales
|-damage|p1a: Ninetales|0 fnt
|-sidestart|p1: mcribs|Spikes
|faint|p1a: Ninetales
|
|-weather|Snowscape|[upkeep]
|upkeep
|
|t:|1758971541
|switch|p1a: Darkrai|Darkrai|100/100
|-damage|p1a: Darkrai|76/100|[from] Spikes
|-damage|p1a: Darkrai|63/100|[from] Stealth Rock
|turn|30
|
|t:|1758971543
|switch|p2a: Zamazenta|Zamazenta|53/100
|move|p1a: Darkrai|Nasty Plot|p1a: Darkrai
|-boost|p1a: Darkrai|spa|2
|
|-weather|Snowscape|[upkeep]
|-heal|p2a: Zamazenta|60/100|[from] item: Leftovers
|-heal|p1a: Darkrai|70/100|[from] item: Leftovers
|upkeep
|turn|31
|
|t:|1758971546
|move|p2a: Zamazenta|Body Press|p1a: Darkrai
|-supereffective|p1a: Darkrai
|-damage|p1a: Darkrai|0 fnt
|faint|p1a: Darkrai
|
|-weather|Snowscape|[upkeep]
|-heal|p2a: Zamazenta|66/100|[from] item: Leftovers
|upkeep
|-message|mcribs forfeited.
|
|win|send it to me
|raw|mcribs's rating: 1821 &rarr; <strong>1808</strong><br />(-13 for losing)
|raw|send it to me's rating: 1954 &rarr; <strong>1967</strong><br />(+13 for winning)
|l|☆mcribs
|player|p1|
|l|☆send it to me
|player|p2|
|l| Rizzofreko
|l| ybah
|l| LT124YH Ghoul
|j| ybah
