|j|☆Baby Key
|j|☆vuvftyijvdry
|t:|1758946549
|gametype|singles
|player|p1|Baby Key|2|1423
|player|p2|vuvftyijvdry|170|1360
|gen|9
|tier|[Gen 9] OU
|rated|
|rule|HP Percentage Mod: HP is shown in percentages
|rule|Endless Battle Clause: Forcing endless battles is banned
|rule|Species Clause: Limit one of each Pokémon
|rule|OHKO Clause: OHKO moves are banned
|rule|Evasion Items Clause: Evasion items are banned
|rule|Evasion Moves Clause: Evasion moves are banned
|rule|Evasion Abilities Clause: Evasion abilities are banned
|rule|Sleep Moves Clause: Sleep-inducing moves are banned
|clearpoke
|poke|p1|Heatran, M|
|poke|p1|Rillaboom, M|
|poke|p1|Ogerpon-Wellspring, F|
|poke|p1|Dragapult, M|
|poke|p1|Great Tusk|
|poke|p1|Bronzong|
|poke|p2|Pelipper, F|
|poke|p2|Hatterene, F|
|poke|p2|Iron Treads|
|poke|p2|Toxicroak, F|
|poke|p2|Barraskewda, F|
|poke|p2|Zapdos|
|teampreview
|inactive|Battle timer is ON: inactive players will automatically lose when time's up. (requested by vuvftyijvdry)
|inactive|Baby Key has 120 seconds left.
|
|t:|1758946608
|teamsize|p1|6
|teamsize|p2|6
|start
|switch|p1a: Starscream|Dragapult, M|100/100
|switch|p2a: Toxicroak|Toxicroak, F|100/100
|turn|1
|inactive|vuvftyijvdry has 120 seconds left.
|inactive|Baby Key has 120 seconds left.
|
|t:|1758946646
|switch|p1a: Starlink|Bronzong, shiny|100/100
|switch|p2a: Iron Treads|Iron Treads|100/100
|
|upkeep
|turn|2
|inactive|Baby Key has 120 seconds left.
|
|t:|1758946670
|move|p2a: Iron Treads|Volt Switch|p1a: Starlink
|-damage|p1a: Starlink|90/100
|
|t:|1758946676
|-end|p2a: Iron Treads|Quark Drive|[silent]
|switch|p2a: Pelipper|Pelipper, F|100/100|[from] Volt Switch
|-weather|RainDance|[from] ability: Drizzle|[of] p2a: Pelipper
|move|p1a: Starlink|Future Sight|p2a: Pelipper
|-start|p1a: Starlink|move: Future Sight
|
|-weather|RainDance|[upkeep]
|upkeep
|turn|3
|inactive|Baby Key has 120 seconds left.
|inactive|Baby Key has 90 seconds left.
|
|t:|1758946713
|move|p2a: Pelipper|U-turn|p1a: Starlink
|-damage|p1a: Starlink|83/100
|
|t:|1758946716
|switch|p2a: Zapdos|Zapdos|100/100|[from] U-turn
|move|p1a: Starlink|Psychic Noise|p2a: Zapdos
|-damage|p2a: Zapdos|74/100
|-start|p2a: Zapdos|move: Heal Block
|
|-weather|RainDance|[upkeep]
|upkeep
|turn|4
|inactive|Baby Key has 90 seconds left.
|inactive|vuvftyijvdry has 120 seconds left.
|
|t:|1758946756
|switch|p2a: Hatterene|Hatterene, F|100/100
|switch|p1a: Starblaze|Heatran, M|100/100
|
|-weather|RainDance|[upkeep]
|-end|p2a: Hatterene|move: Future Sight
|-resisted|p2a: Hatterene
|-damage|p2a: Hatterene|83/100
|upkeep
|turn|5
|inactive|vuvftyijvdry has 120 seconds left.
|
|t:|1758946774
|move|p1a: Starblaze|Magma Storm|p2a: Hatterene
|-damage|p2a: Hatterene|60/100
|-activate|p2a: Hatterene|move: Magma Storm|[of] p1a: Starblaze
|-enditem|p2a: Hatterene|Eject Button
|
|t:|1758946778
|switch|p2a: Iron Treads|Iron Treads|100/100
|
|-weather|RainDance|[upkeep]
|upkeep
|turn|6
|
|t:|1758946792
|switch|p1a: Starburst|Great Tusk|100/100
|move|p2a: Iron Treads|Volt Switch|p1a: Starburst
|-immune|p1a: Starburst
|
|-weather|RainDance|[upkeep]
|upkeep
|turn|7
|
|t:|1758946810
|-end|p1a: Starburst|Protosynthesis|[silent]
|switch|p1a: Starlink|Bronzong, shiny|83/100
|-end|p2a: Iron Treads|Quark Drive|[silent]
|switch|p2a: Hatterene|Hatterene, F|60/100
|
|-weather|RainDance|[upkeep]
|upkeep
|turn|8
|
|t:|1758946823
|move|p2a: Hatterene|Nuzzle|p1a: Starlink
|-damage|p1a: Starlink|81/100
|-status|p1a: Starlink|par
|move|p1a: Starlink|Future Sight|p2a: Hatterene
|-start|p1a: Starlink|move: Future Sight
|
|-weather|RainDance|[upkeep]
|upkeep
|turn|9
|inactive|Baby Key has 60 seconds left.
|
|t:|1758946850
|switch|p2a: Iron Treads|Iron Treads|100/100
|move|p1a: Starlink|Psychic Noise|p2a: Iron Treads
|-resisted|p2a: Iron Treads
|-damage|p2a: Iron Treads|92/100
|-start|p2a: Iron Treads|move: Heal Block
|
|-weather|none
|upkeep
|turn|10
|inactive|Baby Key has 60 seconds left.
|
|t:|1758946864
|move|p2a: Iron Treads|Stealth Rock|p1a: Starlink
|-sidestart|p1: Baby Key|move: Stealth Rock
|move|p1a: Starlink|Body Press|p2a: Iron Treads
|-supereffective|p2a: Iron Treads
|-damage|p2a: Iron Treads|51/100
|
|-end|p2a: Iron Treads|move: Future Sight
|-resisted|p2a: Iron Treads
|-damage|p2a: Iron Treads|36/100
|-end|p2a: Iron Treads|move: Heal Block
|upkeep
|turn|11
|inactive|Baby Key has 60 seconds left.
|
|t:|1758946874
|move|p2a: Iron Treads|Volt Switch|p1a: Starlink
|-damage|p1a: Starlink|70/100 par
|
|t:|1758946877
|-end|p2a: Iron Treads|Quark Drive|[silent]
|switch|p2a: Pelipper|Pelipper, F|100/100|[from] Volt Switch
|-weather|RainDance|[from] ability: Drizzle|[of] p2a: Pelipper
|cant|p1a: Starlink|par
|
|-weather|RainDance|[upkeep]
|upkeep
|turn|12
|inactive|Baby Key has 60 seconds left.
|
|t:|1758946905
|move|p2a: Pelipper|U-turn|p1a: Starlink
|-damage|p1a: Starlink|64/100 par
|
|t:|1758946907
|switch|p2a: Barraskewda|Barraskewda, F|100/100|[from] U-turn
|move|p1a: Starlink|Future Sight|p2a: Barraskewda
|-start|p1a: Starlink|move: Future Sight
|
|-weather|RainDance|[upkeep]
|upkeep
|turn|13
|inactive|Baby Key has 60 seconds left.
|
|t:|1758946930
|move|p2a: Barraskewda|Close Combat|p1a: Starlink
|-damage|p1a: Starlink|22/100 par
|-unboost|p2a: Barraskewda|def|1
|-unboost|p2a: Barraskewda|spd|1
|cant|p1a: Starlink|par
|
|-weather|RainDance|[upkeep]
|upkeep
|turn|14
|inactive|Baby Key has 30 seconds left.
|
|t:|1758946960
|switch|p2a: Hatterene|Hatterene, F|60/100
|switch|p1a: Stardrum|Rillaboom, M|100/100
|-damage|p1a: Stardrum|88/100|[from] Stealth Rock
|-fieldstart|move: Grassy Terrain|[from] ability: Grassy Surge|[of] p1a: Stardrum
|
|-weather|RainDance|[upkeep]
|-end|p2a: Hatterene|move: Future Sight
|-resisted|p2a: Hatterene
|-damage|p2a: Hatterene|42/100
|-heal|p1a: Stardrum|94/100|[from] Grassy Terrain
|-heal|p2a: Hatterene|48/100|[from] Grassy Terrain
|upkeep
|turn|15
|
|t:|1758946987
|move|p1a: Stardrum|U-turn|p2a: Hatterene
|-damage|p2a: Hatterene|26/100
|inactive|Baby Key has 30 seconds left.
|inactive|Baby Key has 20 seconds left.
|inactive|Baby Key has 15 seconds left.
|
|t:|1758947016
|switch|p1a: Starlink|Bronzong, shiny|22/100 par|[from] U-turn
|-damage|p1a: Starlink|16/100 par|[from] Stealth Rock
|move|p2a: Hatterene|Nuzzle|p1a: Starlink
|-damage|p1a: Starlink|13/100 par
|
|-weather|RainDance|[upkeep]
|-heal|p2a: Hatterene|32/100|[from] Grassy Terrain
|upkeep
|turn|16
|inactive|Baby Key has 25 seconds left this turn.
|inactive|Baby Key has 20 seconds left.
|
|t:|1758947025
|move|p2a: Hatterene|Psychic Noise|p1a: Starlink
|-resisted|p1a: Starlink
|-damage|p1a: Starlink|6/100 par
|-start|p1a: Starlink|move: Heal Block
|move|p1a: Starlink|Future Sight|p2a: Hatterene
|-start|p1a: Starlink|move: Future Sight
|
|-weather|RainDance|[upkeep]
|-heal|p2a: Hatterene|38/100|[from] Grassy Terrain
|upkeep
|turn|17
|inactive|Baby Key has 30 seconds left this turn.
|inactive|Baby Key has 20 seconds left.
|
|t:|1758947042
|move|p2a: Hatterene|Nuzzle|p1a: Starlink
|-damage|p1a: Starlink|3/100 par
|cant|p1a: Starlink|par
|
|-weather|RainDance|[upkeep]
|-heal|p2a: Hatterene|44/100|[from] Grassy Terrain
|-end|p1a: Starlink|move: Heal Block
|upkeep
|turn|18
|inactive|Baby Key has 30 seconds left this turn.
|inactive|Baby Key has 20 seconds left.
|
|t:|1758947052
|move|p2a: Hatterene|Healing Wish|p2a: Hatterene
|faint|p2a: Hatterene
|move|p1a: Starlink|Psychic Noise|p2: Hatterene|[notarget]
|-fail|p1a: Starlink
|
|-weather|none
|-hint|Future Sight did not hit because the target is fainted.
|upkeep
|
|t:|1758947060
|switch|p2a: Iron Treads|Iron Treads|36/100
|-heal|p2a: Iron Treads|100/100|[from] move: Healing Wish
|turn|19
|inactive|Baby Key has 30 seconds left.
|
|t:|1758947072
|switch|p1a: Starburst|Great Tusk|100/100
|move|p2a: Iron Treads|Rapid Spin|p1a: Starburst
|-damage|p1a: Starburst|91/100
|-boost|p2a: Iron Treads|spe|1
|
|-heal|p1a: Starburst|97/100|[from] Grassy Terrain
|upkeep
|turn|20
|inactive|Baby Key has 30 seconds left.
|
|t:|1758947088
|-end|p2a: Iron Treads|Quark Drive|[silent]
|switch|p2a: Pelipper|Pelipper, F|100/100
|-weather|RainDance|[from] ability: Drizzle|[of] p2a: Pelipper
|move|p1a: Starburst|Rapid Spin|p2a: Pelipper
|-damage|p2a: Pelipper|83/100
|-boost|p1a: Starburst|spe|1
|-sideend|p1: Baby Key|Stealth Rock|[from] move: Rapid Spin|[of] p1a: Starburst
|
|-weather|RainDance|[upkeep]
|-heal|p1a: Starburst|100/100|[from] Grassy Terrain
|upkeep
|turn|21
|inactive|Baby Key has 30 seconds left.
|inactive|Baby Key has 20 seconds left.
|
|t:|1758947106
|-end|p1a: Starburst|Protosynthesis|[silent]
|switch|p1a: Starlink|Bronzong, shiny|3/100 par
|switch|p2a: Zapdos|Zapdos|74/100
|
|-weather|RainDance|[upkeep]
|-fieldend|move: Grassy Terrain
|upkeep
|turn|22
|inactive|Baby Key has 30 seconds left this turn.
|inactive|Baby Key has 20 seconds left.
|
|t:|1758947116
|move|p2a: Zapdos|Hurricane|p1a: Starlink
|-resisted|p1a: Starlink
|-damage|p1a: Starlink|0 fnt
|faint|p1a: Starlink
|
|-weather|RainDance|[upkeep]
|upkeep
|inactive|Baby Key has 25 seconds left this turn.
|inactive|Baby Key has 20 seconds left.
|
|t:|1758947125
|switch|p1a: Starblaze|Heatran, M|100/100
|turn|23
|inactive|Baby Key has 30 seconds left this turn.
|
|t:|1758947133
|switch|p2a: Iron Treads|Iron Treads|100/100
|move|p1a: Starblaze|Magma Storm|p2a: Iron Treads
|-supereffective|p2a: Iron Treads
|-damage|p2a: Iron Treads|64/100
|-activate|p2a: Iron Treads|move: Magma Storm|[of] p1a: Starblaze
|
|-weather|RainDance|[upkeep]
|-heal|p2a: Iron Treads|70/100|[from] item: Leftovers
|-damage|p2a: Iron Treads|58/100|[from] move: Magma Storm|[partiallytrapped]
|upkeep
|turn|24
|inactive|Baby Key has 30 seconds left.
|inactive|Baby Key has 20 seconds left.
|inactive|Baby Key has 15 seconds left.
|
|t:|1758947153
|switch|p1a: Starburst|Great Tusk|100/100
|move|p2a: Iron Treads|Earthquake|p1a: Starburst
|-damage|p1a: Starburst|73/100
|
|-weather|RainDance|[upkeep]
|-heal|p2a: Iron Treads|64/100|[from] item: Leftovers
|-end|p2a: Iron Treads|Magma Storm|[partiallytrapped]|[silent]
|upkeep
|turn|25
|inactive|Baby Key has 25 seconds left this turn.
|inactive|Baby Key has 20 seconds left.
|inactive|Baby Key has 15 seconds left.
|inactive|Baby Key has 10 seconds left.
|
|t:|1758947170
|-end|p1a: Starburst|Protosynthesis|[silent]
|switch|p1a: Starblaze|Heatran, M|100/100
|-end|p2a: Iron Treads|Quark Drive|[silent]
|switch|p2a: Zapdos|Zapdos|74/100
|
|-weather|RainDance|[upkeep]
|upkeep
|turn|26
|inactive|Baby Key has 20 seconds left this turn.
|
|t:|1758947174
|move|p2a: Zapdos|Weather Ball|p1a: Starblaze
|-supereffective|p1a: Starblaze
|-damage|p1a: Starblaze|2/100
|move|p1a: Starblaze|Magma Storm|p2a: Zapdos
|-damage|p2a: Zapdos|48/100
|-activate|p2a: Zapdos|move: Magma Storm|[of] p1a: Starblaze
|
|-weather|RainDance|[upkeep]
|-heal|p1a: Starblaze|8/100|[from] item: Leftovers
|-damage|p2a: Zapdos|35/100|[from] move: Magma Storm|[partiallytrapped]
|upkeep
|turn|27
|inactive|Baby Key has 30 seconds left this turn.
|inactive|Baby Key has 20 seconds left.
|inactive|Baby Key has 15 seconds left.
|inactive|Baby Key has 10 seconds left.
|
|t:|1758947199
|move|p2a: Zapdos|Weather Ball|p1a: Starblaze
|-supereffective|p1a: Starblaze
|-damage|p1a: Starblaze|0 fnt
|faint|p1a: Starblaze
|
|-weather|none
|-end|p2a: Zapdos|Magma Storm|[partiallytrapped]|[silent]
|upkeep
|inactive|Baby Key has 15 seconds left this turn.
|
|t:|1758947203
|switch|p1a: Stardrum|Rillaboom, M|94/100
|-fieldstart|move: Grassy Terrain|[from] ability: Grassy Surge|[of] p1a: Stardrum
|turn|28
|inactive|Baby Key has 25 seconds left this turn.
|inactive|Baby Key has 20 seconds left.
|inactive|Baby Key has 15 seconds left.
|
|t:|1758947230
|move|p2a: Zapdos|Weather Ball|p1a: Stardrum
|-damage|p1a: Stardrum|65/100
|move|p1a: Stardrum|Knock Off|p2a: Zapdos
|-damage|p2a: Zapdos|0 fnt
|-enditem|p2a: Zapdos|Choice Specs|[from] move: Knock Off|[of] p1a: Stardrum
|faint|p2a: Zapdos
|
|-heal|p1a: Stardrum|71/100|[from] Grassy Terrain
|upkeep
|
|t:|1758947241
|switch|p2a: Toxicroak|Toxicroak, F|100/100
|turn|29
|inactive|Baby Key has 30 seconds left this turn.
|inactive|Baby Key has 20 seconds left.
|inactive|Baby Key has 15 seconds left.
|inactive|Baby Key has 10 seconds left.
|
|t:|1758947262
|switch|p1a: Starburst|Great Tusk|73/100
|move|p2a: Toxicroak|Knock Off|p1a: Starburst
|-resisted|p1a: Starburst
|-damage|p1a: Starburst|64/100
|-enditem|p1a: Starburst|Heavy-Duty Boots|[from] move: Knock Off|[of] p2a: Toxicroak
|
|-heal|p1a: Starburst|70/100|[from] Grassy Terrain
|upkeep
|turn|30
|inactive|Baby Key has 20 seconds left this turn.
|inactive|Baby Key has 15 seconds left.
|inactive|Baby Key has 10 seconds left.
|inactive|Baby Key has 5 seconds left.
|-message|Baby Key lost due to inactivity.
|
|win|vuvftyijvdry
|raw|Baby Key's rating: 1423 &rarr; <strong>1399</strong><br />(-24 for losing)
|raw|vuvftyijvdry's rating: 1360 &rarr; <strong>1384</strong><br />(+24 for winning)
|l|☆Baby Key
|player|p1|
|c|☆vuvftyijvdry|Slowpoke
|c|☆vuvftyijvdry|Sped
|l|☆vuvftyijvdry
|player|p2|
