|badge|p1|bronze|gen9ou|100-6
|html|<div class="broadcast-red"><strong>This battle is required to be public due to one or more player having a season medal.</strong><br />During the public phase, you can discuss the state of the ladder <a href="/seasondiscussion">in a special chatroom.</a></div>
|uhtml|medal-msg|<div class="broadcast-blue">Curious what those medals under the avatar are? PS now has Ladder Seasons! For more information, check out the <a href="https://www.smogon.com/forums/threads/3740067/">thread on Smogon.</a></div>
|raw|<div class="broadcast-blue"><strong>This battle is required to be public due to a player having a name starting with 'medal'.</div>
|j|☆MunchlaxTheGodKing
|j|☆elpets
|t:|1758983877
|gametype|singles
|player|p1|MunchlaxTheGodKing|furisodegirl-black|1738
|player|p2|elpets|infielder|1735
|gen|9
|tier|[Gen 9] OU
|rated|
|rule|HP Percentage Mod: HP is shown in percentages
|rule|Endless Battle Clause: Forcing endless battles is banned
|rule|Species Clause: Limit one of each Pokémon
|rule|OHKO Clause: OHKO moves are banned
|rule|Evasion Items Clause: Evasion items are banned
|rule|Evasion Moves Clause: Evasion moves are banned
|rule|Evasion Abilities Clause: Evasion abilities are banned
|rule|Sleep Moves Clause: Sleep-inducing moves are banned
|clearpoke
|poke|p1|Zamazenta-*|
|poke|p1|Dragapult, M|
|poke|p1|Raging Bolt|
|poke|p1|Moltres|
|poke|p1|Iron Treads|
|poke|p1|Samurott-Hisui, F|
|poke|p2|Hatterene, F|
|poke|p2|Dragonite, F|
|poke|p2|Breloom, M|
|poke|p2|Azumarill, F|
|poke|p2|Great Tusk|
|poke|p2|Skeledirge, M|
|teampreview
|inactive|Battle timer is ON: inactive players will automatically lose when time's up. (requested by MunchlaxTheGodKing)
|
|t:|1758983881
|teamsize|p1|6
|teamsize|p2|6
|start
|switch|p1a: 长脖奶龙|Raging Bolt|100/100
|switch|p2a: Azumarill|Azumarill, F|100/100
|turn|1
|
|t:|1758983884
|move|p1a: 长脖奶龙|Volt Switch|p2a: Azumarill
|-supereffective|p2a: Azumarill
|-damage|p2a: Azumarill|47/100
|
|t:|1758983894
|-end|p1a: 长脖奶龙|Protosynthesis|[silent]
|switch|p1a: 踩踩背|Iron Treads|100/100|[from] Volt Switch
|move|p2a: Azumarill|Play Rough|p1a: 踩踩背
|-resisted|p1a: 踩踩背
|-damage|p1a: 踩踩背|79/100
|
|-heal|p1a: 踩踩背|85/100|[from] item: Leftovers
|upkeep
|turn|2
|
|t:|1758983900
|move|p1a: 踩踩背|Stealth Rock|p2a: Azumarill
|-sidestart|p2: elpets|move: Stealth Rock
|move|p2a: Azumarill|Liquidation|p1a: 踩踩背
|-supereffective|p1a: 踩踩背
|-damage|p1a: 踩踩背|0 fnt
|faint|p1a: 踩踩背
|-end|p1a: 踩踩背|Quark Drive|[silent]
|
|upkeep
|
|t:|1758983903
|switch|p1a: 长脖奶龙|Raging Bolt|100/100
|turn|3
|j| Eqb07
|
|t:|1758983905
|-terastallize|p2a: Azumarill|Ground
|move|p1a: 长脖奶龙|Thunderbolt|p2a: Azumarill
|-immune|p2a: Azumarill
|move|p2a: Azumarill|Play Rough|p1a: 长脖奶龙
|-supereffective|p1a: 长脖奶龙
|-damage|p1a: 长脖奶龙|0 fnt
|faint|p1a: 长脖奶龙
|-end|p1a: 长脖奶龙|Protosynthesis|[silent]
|
|upkeep
|
|t:|1758983908
|switch|p1a: 90%≠don't blunder|Samurott-Hisui, F|100/100
|turn|4
|
|t:|1758983914
|switch|p2a: Ippo|Breloom, M|100/100
|-damage|p2a: Ippo|94/100|[from] Stealth Rock
|move|p1a: 90%≠don't blunder|Flip Turn|p2a: Ippo
|-resisted|p2a: Ippo
|-damage|p2a: Ippo|61/100
|
|t:|1758983924
|switch|p1a: 24岁 喜欢发射孩子|Dragapult, M|100/100|[from] Flip Turn
|
|upkeep
|turn|5
|
|t:|1758983931
|switch|p2a: Azumarill|Azumarill, F, tera:Ground|47/100
|-damage|p2a: Azumarill|41/100|[from] Stealth Rock
|move|p1a: 24岁 喜欢发射孩子|Shadow Ball|p2a: Azumarill
|-damage|p2a: Azumarill|7/100
|
|upkeep
|turn|6
|
|t:|1758983939
|move|p2a: Azumarill|Aqua Jet|p1a: 24岁 喜欢发射孩子
|-resisted|p1a: 24岁 喜欢发射孩子
|-damage|p1a: 24岁 喜欢发射孩子|83/100
|move|p1a: 24岁 喜欢发射孩子|Shadow Ball|p2a: Azumarill
|-damage|p2a: Azumarill|0 fnt
|faint|p2a: Azumarill
|
|upkeep
|
|t:|1758983948
|switch|p2a: Dragonite|Dragonite, F|100/100
|-damage|p2a: Dragonite|76/100|[from] Stealth Rock
|turn|7
|
|t:|1758983954
|switch|p1a: 脑袋尖尖的|Zamazenta|100/100
|-ability|p1a: 脑袋尖尖的|Dauntless Shield|boost
|-boost|p1a: 脑袋尖尖的|def|1
|move|p2a: Dragonite|Dragon Dance|p2a: Dragonite
|-boost|p2a: Dragonite|atk|1
|-boost|p2a: Dragonite|spe|1
|
|upkeep
|turn|8
|
|t:|1758983956
|move|p2a: Dragonite|Outrage|p1a: 脑袋尖尖的
|-damage|p1a: 脑袋尖尖的|48/100
|move|p1a: 脑袋尖尖的|Ice Fang|p2a: Dragonite
|-supereffective|p2a: Dragonite
|-damage|p2a: Dragonite|0 fnt
|faint|p2a: Dragonite
|-damage|p1a: 脑袋尖尖的|39/100|[from] item: Life Orb
|
|upkeep
|
|t:|1758983960
|switch|p2a: Great Tusk|Great Tusk|100/100
|-damage|p2a: Great Tusk|98/100|[from] Stealth Rock
|-enditem|p2a: Great Tusk|Booster Energy
|-activate|p2a: Great Tusk|ability: Protosynthesis|[fromitem]
|-start|p2a: Great Tusk|protosynthesisatk
|turn|9
|
|t:|1758983963
|switch|p1a: Moltres|Moltres|100/100
|move|p2a: Great Tusk|Headlong Rush|p1a: Moltres
|-immune|p1a: Moltres
|
|upkeep
|turn|10
|
|t:|1758983967
|switch|p1a: 24岁 喜欢发射孩子|Dragapult, M|83/100
|move|p2a: Great Tusk|Rapid Spin|p1a: 24岁 喜欢发射孩子
|-immune|p1a: 24岁 喜欢发射孩子
|
|upkeep
|turn|11
|
|t:|1758983972
|-end|p2a: Great Tusk|Protosynthesis|[silent]
|switch|p2a: Hatterene|Hatterene, F|100/100
|-damage|p2a: Hatterene|88/100|[from] Stealth Rock
|move|p1a: 24岁 喜欢发射孩子|Draco Meteor|p2a: Hatterene
|-immune|p2a: Hatterene
|
|-heal|p2a: Hatterene|94/100|[from] item: Leftovers
|upkeep
|turn|12
|
|t:|1758983975
|switch|p1a: Moltres|Moltres|100/100
|move|p2a: Hatterene|Trick Room|p2a: Hatterene
|-fieldstart|move: Trick Room|[of] p2a: Hatterene
|
|-heal|p2a: Hatterene|99/100|[from] item: Leftovers
|upkeep
|turn|13
|
|t:|1758983978
|move|p2a: Hatterene|Psyshock|p1a: Moltres
|-damage|p1a: Moltres|53/100
|move|p1a: Moltres|Flamethrower|p2a: Hatterene
|-damage|p2a: Hatterene|48/100
|
|-heal|p2a: Hatterene|54/100|[from] item: Leftovers
|upkeep
|turn|14
|
|t:|1758983983
|switch|p2a: Skeledirge|Skeledirge, M|100/100
|-damage|p2a: Skeledirge|75/100|[from] Stealth Rock
|move|p1a: Moltres|Hurricane|p2a: Skeledirge
|-damage|p2a: Skeledirge|14/100
|
|upkeep
|turn|15
|
|t:|1758983988
|move|p2a: Skeledirge|Shadow Ball|p1a: Moltres
|-damage|p1a: Moltres|21/100
|-unboost|p1a: Moltres|spd|1
|move|p1a: Moltres|Scorching Sands|p2a: Skeledirge
|-supereffective|p2a: Skeledirge
|-damage|p2a: Skeledirge|0 fnt
|faint|p2a: Skeledirge
|
|upkeep
|
|t:|1758983993
|switch|p2a: Hatterene|Hatterene, F|54/100
|-damage|p2a: Hatterene|42/100|[from] Stealth Rock
|turn|16
|
|t:|1758984008
|move|p2a: Hatterene|Psyshock|p1a: Moltres
|-damage|p1a: Moltres|0 fnt
|faint|p1a: Moltres
|
|-heal|p2a: Hatterene|48/100|[from] item: Leftovers
|-fieldend|move: Trick Room
|upkeep
|
|t:|1758984010
|switch|p1a: 90%≠don't blunder|Samurott-Hisui, F|100/100
|turn|17
|
|t:|1758984018
|move|p1a: 90%≠don't blunder|Razor Shell|p2a: Hatterene
|-damage|p2a: Hatterene|0 fnt
|faint|p2a: Hatterene
|
|upkeep
|
|t:|1758984021
|switch|p2a: Great Tusk|Great Tusk|98/100
|-damage|p2a: Great Tusk|95/100|[from] Stealth Rock
|turn|18
|
|t:|1758984027
|move|p2a: Great Tusk|Rapid Spin|p1a: 90%≠don't blunder
|-damage|p1a: 90%≠don't blunder|77/100
|-boost|p2a: Great Tusk|spe|1
|-sideend|p2: elpets|Stealth Rock|[from] move: Rapid Spin|[of] p2a: Great Tusk
|move|p1a: 90%≠don't blunder|Razor Shell|p2a: Great Tusk
|-supereffective|p2a: Great Tusk
|-damage|p2a: Great Tusk|0 fnt
|faint|p2a: Great Tusk
|-end|p2a: Great Tusk|Protosynthesis|[silent]
|
|upkeep
|
|t:|1758984031
|switch|p2a: Ippo|Breloom, M|61/100
|turn|19
|-message|elpets forfeited.
|
|win|MunchlaxTheGodKing
|raw|MunchlaxTheGodKing's rating: 1738 &rarr; <strong>1758</strong><br />(+20 for winning)
|raw|elpets's rating: 1735 &rarr; <strong>1715</strong><br />(-20 for losing)
|l|☆elpets
|player|p2|
|l|☆MunchlaxTheGodKing
|player|p1|
|j| cryyysneasel
|l| cryyysneasel
