|j|☆Exiowf
|j|☆Paofficial
|t:|1759039876
|gametype|singles
|player|p1|Exiowf|dawn|1301
|player|p2|Paofficial|leon|1271
|gen|9
|tier|[Gen 9] OU
|rated|
|rule|HP Percentage Mod: HP is shown in percentages
|rule|Endless Battle Clause: Forcing endless battles is banned
|rule|Species Clause: Limit one of each Pokémon
|rule|OHKO Clause: OHKO moves are banned
|rule|Evasion Items Clause: Evasion items are banned
|rule|Evasion Moves Clause: Evasion moves are banned
|rule|Evasion Abilities Clause: Evasion abilities are banned
|rule|Sleep Moves Clause: Sleep-inducing moves are banned
|clearpoke
|poke|p1|Landorus-Therian, M|
|poke|p1|Samurott-Hisui, M|
|poke|p1|Gholdengo|
|poke|p1|Iron Valiant|
|poke|p1|Raging Bolt|
|poke|p1|Great Tusk|
|poke|p2|Maushold-Four|
|poke|p2|Clawitzer, M|
|poke|p2|Tsareena, F|
|poke|p2|Armarouge, M|
|poke|p2|Corviknight, F|
|poke|p2|Garchomp, F|
|teampreview
|inactive|Battle timer is ON: inactive players will automatically lose when time's up. (requested by Exiowf)
|inactive|Paofficial has 120 seconds left.
|
|t:|1759039911
|teamsize|p1|6
|teamsize|p2|6
|start
|switch|p1a: Landorus|Landorus-Therian, M|100/100
|switch|p2a: Garchomp|Garchomp, F|100/100
|-ability|p1a: Landorus|Intimidate|boost
|-unboost|p2a: Garchomp|atk|1
|turn|1
|
|t:|1759039916
|move|p2a: Garchomp|Swords Dance|p2a: Garchomp
|-boost|p2a: Garchomp|atk|2
|move|p1a: Landorus|Stealth Rock|p2a: Garchomp
|-sidestart|p2: Paofficial|move: Stealth Rock
|
|upkeep
|turn|2
|
|t:|1759039926
|move|p2a: Garchomp|Scale Shot|p1a: Landorus
|-damage|p1a: Landorus|80/100
|-damage|p1a: Landorus|59/100
|-damage|p1a: Landorus|37/100
|-damage|p1a: Landorus|16/100
|-damage|p1a: Landorus|0 fnt
|faint|p1a: Landorus
|-hitcount|p1: Landorus|5
|-unboost|p2a: Garchomp|def|1
|-boost|p2a: Garchomp|spe|1
|
|upkeep
|
|t:|1759039940
|switch|p1a: Raging Bolt|Raging Bolt|100/100
|turn|3
|
|t:|1759039954
|-terastallize|p2a: Garchomp|Steel
|-terastallize|p1a: Raging Bolt|Fairy
|move|p2a: Garchomp|Earthquake|p1a: Raging Bolt
|-damage|p1a: Raging Bolt|32/100
|move|p1a: Raging Bolt|Draco Meteor|p2a: Garchomp
|-resisted|p2a: Garchomp
|-damage|p2a: Garchomp|60/100
|-unboost|p1a: Raging Bolt|spa|2
|
|upkeep
|turn|4
|
|t:|1759039963
|move|p1a: Raging Bolt|Thunderclap|p2a: Garchomp
|-damage|p2a: Garchomp|38/100
|move|p2a: Garchomp|Earthquake|p1a: Raging Bolt
|-damage|p1a: Raging Bolt|0 fnt
|faint|p1a: Raging Bolt
|-end|p1a: Raging Bolt|Protosynthesis|[silent]
|
|upkeep
|
|t:|1759039971
|switch|p1a: Gholdengo|Gholdengo|100/100
|-item|p1a: Gholdengo|Air Balloon
|turn|5
|
|t:|1759039985
|move|p2a: Garchomp|Scale Shot|p1a: Gholdengo|[miss]
|-miss|p2a: Garchomp|p1a: Gholdengo
|move|p1a: Gholdengo|Shadow Ball|p2a: Garchomp
|-damage|p2a: Garchomp|0 fnt
|faint|p2a: Garchomp
|
|upkeep
|
|t:|1759039993
|switch|p2a: Clawitzer|Clawitzer, M|100/100
|-damage|p2a: Clawitzer|88/100|[from] Stealth Rock
|turn|6
|
|t:|1759039996
|move|p1a: Gholdengo|Shadow Ball|p2a: Clawitzer
|-damage|p2a: Clawitzer|57/100
|move|p2a: Clawitzer|Dark Pulse|p1a: Gholdengo
|-supereffective|p1a: Gholdengo
|-crit|p1a: Gholdengo
|-damage|p1a: Gholdengo|0 fnt
|-enditem|p1a: Gholdengo|Air Balloon
|faint|p1a: Gholdengo
|
|upkeep
|
|t:|1759040003
|switch|p1a: Samurott|Samurott-Hisui, M, shiny|100/100
|turn|7
|
|t:|1759040007
|move|p1a: Samurott|Ceaseless Edge|p2a: Clawitzer
|-damage|p2a: Clawitzer|14/100
|-sidestart|p2: Paofficial|Spikes
|move|p2a: Clawitzer|Aura Sphere|p1a: Samurott
|-supereffective|p1a: Samurott
|-damage|p1a: Samurott|36/100
|
|upkeep
|turn|8
|
|t:|1759040012
|move|p1a: Samurott|Ceaseless Edge|p2a: Clawitzer|[miss]
|-miss|p1a: Samurott|p2a: Clawitzer
|move|p2a: Clawitzer|Aura Sphere|p1a: Samurott
|-supereffective|p1a: Samurott
|-damage|p1a: Samurott|0 fnt
|faint|p1a: Samurott
|
|upkeep
|
|t:|1759040018
|switch|p1a: Great Tusk|Great Tusk|100/100
|turn|9
|
|t:|1759040021
|move|p1a: Great Tusk|Rapid Spin|p2a: Clawitzer
|-damage|p2a: Clawitzer|0 fnt
|-boost|p1a: Great Tusk|spe|1
|faint|p2a: Clawitzer
|
|upkeep
|
|t:|1759040034
|switch|p2a: Corviknight|Corviknight, F|100/100
|-damage|p2a: Corviknight|88/100|[from] Stealth Rock
|turn|10
|
|t:|1759040036
|move|p1a: Great Tusk|Knock Off|p2a: Corviknight
|-damage|p2a: Corviknight|64/100
|-damage|p1a: Great Tusk|84/100|[from] item: Rocky Helmet|[of] p2a: Corviknight
|-enditem|p2a: Corviknight|Rocky Helmet|[from] move: Knock Off|[of] p1a: Great Tusk
|move|p2a: Corviknight|Brave Bird|p1a: Great Tusk
|-supereffective|p1a: Great Tusk
|-damage|p1a: Great Tusk|38/100
|-damage|p2a: Corviknight|49/100|[from] Recoil
|
|-heal|p1a: Great Tusk|44/100|[from] item: Leftovers
|upkeep
|turn|11
|
|t:|1759040042
|move|p1a: Great Tusk|Bulk Up|p1a: Great Tusk
|-boost|p1a: Great Tusk|atk|1
|-boost|p1a: Great Tusk|def|1
|move|p2a: Corviknight|Roost|p2a: Corviknight
|-heal|p2a: Corviknight|99/100
|-singleturn|p2a: Corviknight|move: Roost
|
|-heal|p1a: Great Tusk|51/100|[from] item: Leftovers
|upkeep
|turn|12
|
|t:|1759040049
|move|p1a: Great Tusk|Knock Off|p2a: Corviknight
|-damage|p2a: Corviknight|78/100
|move|p2a: Corviknight|Brave Bird|p1a: Great Tusk
|-supereffective|p1a: Great Tusk
|-damage|p1a: Great Tusk|16/100
|-damage|p2a: Corviknight|66/100|[from] Recoil
|
|-heal|p1a: Great Tusk|22/100|[from] item: Leftovers
|upkeep
|turn|13
|
|t:|1759040053
|move|p1a: Great Tusk|Knock Off|p2a: Corviknight
|-damage|p2a: Corviknight|45/100
|move|p2a: Corviknight|Brave Bird|p1a: Great Tusk
|-supereffective|p1a: Great Tusk
|-damage|p1a: Great Tusk|0 fnt
|faint|p1a: Great Tusk
|-end|p1a: Great Tusk|Protosynthesis|[silent]
|-damage|p2a: Corviknight|38/100|[from] Recoil
|
|upkeep
|
|t:|1759040054
|switch|p1a: Iron Valiant|Iron Valiant|100/100
|turn|14
|
|t:|1759040059
|move|p1a: Iron Valiant|Close Combat|p2a: Corviknight
|-damage|p2a: Corviknight|0 fnt
|-unboost|p1a: Iron Valiant|def|1
|-unboost|p1a: Iron Valiant|spd|1
|faint|p2a: Corviknight
|
|upkeep
|
|t:|1759040066
|switch|p2a: Armarouge|Armarouge, M|100/100
|-damage|p2a: Armarouge|76/100|[from] Stealth Rock
|-damage|p2a: Armarouge|63/100|[from] Spikes
|turn|15
|
|t:|1759040069
|move|p1a: Iron Valiant|Knock Off|p2a: Armarouge
|-supereffective|p2a: Armarouge
|-damage|p2a: Armarouge|1/100
|-ability|p2a: Armarouge|Weak Armor|boost
|-unboost|p2a: Armarouge|def|1
|-boost|p2a: Armarouge|spe|2
|-enditem|p2a: Armarouge|Weakness Policy
|-boost|p2a: Armarouge|atk|2|[from] item: Weakness Policy
|-boost|p2a: Armarouge|spa|2|[from] item: Weakness Policy
|move|p2a: Armarouge|Armor Cannon|p1a: Iron Valiant
|-damage|p1a: Iron Valiant|0 fnt
|-unboost|p2a: Armarouge|def|1
|-unboost|p2a: Armarouge|spd|1
|faint|p1a: Iron Valiant
|-end|p1a: Iron Valiant|Quark Drive|[silent]
|
|win|Paofficial
|raw|Exiowf's rating: 1301 &rarr; <strong>1279</strong><br />(-22 for losing)
|raw|Paofficial's rating: 1271 &rarr; <strong>1298</strong><br />(+27 for winning)
|l|☆Paofficial
|player|p2|
|l|☆Exiowf
|player|p1|
