|j|☆Shibuya Arc
|j|☆staroregon
|t:|1758932901
|gametype|singles
|player|p1|Shibuya Arc|265|1438
|player|p2|staroregon|gentleman|1526
|gen|9
|tier|[Gen 9] OU
|rated|
|rule|HP Percentage Mod: HP is shown in percentages
|rule|Endless Battle Clause: Forcing endless battles is banned
|rule|Species Clause: Limit one of each Pokémon
|rule|OHKO Clause: OHKO moves are banned
|rule|Evasion Items Clause: Evasion items are banned
|rule|Evasion Moves Clause: Evasion moves are banned
|rule|Evasion Abilities Clause: Evasion abilities are banned
|rule|Sleep Moves Clause: Sleep-inducing moves are banned
|clearpoke
|poke|p1|Dragapult, F|
|poke|p1|Dragonite, F|
|poke|p1|Ting-Lu|
|poke|p1|Weezing-Galar, F|
|poke|p1|Iron Crown|
|poke|p1|Zapdos|
|poke|p2|Pelipper, F|
|poke|p2|Thundurus, M|
|poke|p2|Tornadus-Therian, M|
|poke|p2|Overqwil, M|
|poke|p2|Walking Wake|
|poke|p2|Slowking-Galar, F|
|teampreview
|inactive|Battle timer is ON: inactive players will automatically lose when time's up. (requested by staroregon)
|inactive|Shibuya Arc also wants the timer to be on.
|
|t:|1758932913
|teamsize|p1|6
|teamsize|p2|6
|start
|switch|p1a: Ting-Lu|Ting-Lu|100/100
|switch|p2a: Pelipper|Pelipper, F|100/100
|-ability|p1a: Ting-Lu|Vessel of Ruin
|-weather|RainDance|[from] ability: Drizzle|[of] p2a: Pelipper
|turn|1
|
|t:|1758932919
|move|p1a: Ting-Lu|Ruination|p2a: Pelipper
|-damage|p2a: Pelipper|51/100
|move|p2a: Pelipper|Surf|p1a: Ting-Lu
|-supereffective|p1a: Ting-Lu
|-damage|p1a: Ting-Lu|60/100
|
|-weather|RainDance|[upkeep]
|-heal|p1a: Ting-Lu|67/100|[from] item: Leftovers
|upkeep
|turn|2
|
|t:|1758932931
|move|p1a: Ting-Lu|Stealth Rock|p2a: Pelipper
|-sidestart|p2: staroregon|move: Stealth Rock
|move|p2a: Pelipper|Surf|p1a: Ting-Lu
|-supereffective|p1a: Ting-Lu
|-damage|p1a: Ting-Lu|30/100
|
|-weather|RainDance|[upkeep]
|-heal|p1a: Ting-Lu|37/100|[from] item: Leftovers
|upkeep
|turn|3
|
|t:|1758932945
|switch|p1a: Dragonite|Dragonite, F|100/100
|switch|p2a: Walking Wake|Walking Wake|100/100
|-damage|p2a: Walking Wake|88/100|[from] Stealth Rock
|
|-weather|RainDance|[upkeep]
|upkeep
|turn|4
|
|t:|1758932951
|-terastallize|p1a: Dragonite|Normal
|move|p1a: Dragonite|Extreme Speed|p2a: Walking Wake
|-damage|p2a: Walking Wake|33/100
|move|p2a: Walking Wake|Draco Meteor|p1a: Dragonite
|-damage|p1a: Dragonite|51/100
|-unboost|p2a: Walking Wake|spa|2
|
|-weather|RainDance|[upkeep]
|upkeep
|turn|5
|
|t:|1758932958
|move|p1a: Dragonite|Extreme Speed|p2a: Walking Wake
|-damage|p2a: Walking Wake|0 fnt
|faint|p2a: Walking Wake
|-end|p2a: Walking Wake|Protosynthesis|[silent]
|
|-weather|RainDance|[upkeep]
|upkeep
|
|t:|1758932962
|switch|p2a: Thundurus|Thundurus, M|100/100
|-damage|p2a: Thundurus|75/100|[from] Stealth Rock
|turn|6
|
|t:|1758932968
|move|p1a: Dragonite|Extreme Speed|p2a: Thundurus
|-crit|p2a: Thundurus
|-damage|p2a: Thundurus|0 fnt
|faint|p2a: Thundurus
|
|-weather|RainDance|[upkeep]
|upkeep
|
|t:|1758932971
|switch|p2a: Overqwil|Overqwil, M|100/100
|-damage|p2a: Overqwil|88/100|[from] Stealth Rock
|turn|7
|
|t:|1758932977
|move|p1a: Dragonite|Extreme Speed|p2a: Overqwil
|-damage|p2a: Overqwil|34/100
|move|p2a: Overqwil|Gunk Shot|p1a: Dragonite
|-damage|p1a: Dragonite|0 fnt
|faint|p1a: Dragonite
|-damage|p2a: Overqwil|24/100|[from] item: Life Orb
|
|-weather|RainDance|[upkeep]
|upkeep
|
|t:|1758932988
|switch|p1a: Zapdos|Zapdos|100/100
|turn|8
|
|t:|1758932994
|switch|p2a: Slowking|Slowking-Galar, F|100/100
|move|p1a: Zapdos|Roost||[still]
|-fail|p1a: Zapdos|heal
|
|-weather|none
|upkeep
|turn|9
|
|t:|1758933001
|move|p1a: Zapdos|Volt Switch|p2a: Slowking
|-damage|p2a: Slowking|79/100
|
|t:|1758933011
|switch|p1a: Ting-Lu|Ting-Lu|37/100|[from] Volt Switch
|-ability|p1a: Ting-Lu|Vessel of Ruin
|-prepare|p2a: Slowking|Chilly Reception|[premajor]
|move|p2a: Slowking|Chilly Reception|p2a: Slowking
|-weather|Snowscape
|
|t:|1758933014
|switch|p2a: Pelipper|Pelipper, F|51/100|[from] Chilly Reception
|-damage|p2a: Pelipper|26/100|[from] Stealth Rock
|-weather|RainDance|[from] ability: Drizzle|[of] p2a: Pelipper
|
|-weather|RainDance|[upkeep]
|-heal|p1a: Ting-Lu|43/100|[from] item: Leftovers
|upkeep
|turn|10
|
|t:|1758933020
|switch|p1a: Dragapult|Dragapult, F|100/100
|move|p2a: Pelipper|Surf|p1a: Dragapult
|-resisted|p1a: Dragapult
|-damage|p1a: Dragapult|65/100
|
|-weather|RainDance|[upkeep]
|upkeep
|turn|11
|
|t:|1758933027
|move|p1a: Dragapult|Dragon Darts|p2a: Pelipper
|-damage|p2a: Pelipper|10/100
|-anim|p1a: Dragapult|Dragon Darts|p2a: Pelipper
|-damage|p2a: Pelipper|0 fnt
|faint|p2a: Pelipper
|
|-weather|RainDance|[upkeep]
|upkeep
|
|t:|1758933035
|switch|p2a: Overqwil|Overqwil, M|24/100
|-damage|p2a: Overqwil|12/100|[from] Stealth Rock
|turn|12
|
|t:|1758933043
|switch|p1a: Weezing|Weezing-Galar, F|100/100
|-ability|p1a: Weezing|Neutralizing Gas
|move|p2a: Overqwil|Swords Dance|p2a: Overqwil
|-boost|p2a: Overqwil|atk|2
|
|-weather|RainDance|[upkeep]
|upkeep
|turn|13
|
|t:|1758933048
|move|p2a: Overqwil|Gunk Shot|p1a: Weezing
|-damage|p1a: Weezing|6/100
|-damage|p2a: Overqwil|2/100|[from] item: Life Orb
|move|p1a: Weezing|Will-O-Wisp|p2a: Overqwil
|-status|p2a: Overqwil|brn
|
|-weather|RainDance|[upkeep]
|-damage|p2a: Overqwil|0 fnt|[from] brn
|faint|p2a: Overqwil
|upkeep
|
|t:|1758933055
|switch|p2a: Tornadus|Tornadus-Therian, M|100/100
|-damage|p2a: Tornadus|76/100|[from] Stealth Rock
|turn|14
|
|t:|1758933060
|-end|p1a: Weezing|ability: Neutralizing Gas
|switch|p1a: Zapdos|Zapdos|100/100
|move|p2a: Tornadus|Nasty Plot|p2a: Tornadus
|-boost|p2a: Tornadus|spa|2
|
|-weather|RainDance|[upkeep]
|upkeep
|turn|15
|
|t:|1758933066
|-terastallize|p2a: Tornadus|Flying
|move|p2a: Tornadus|Hurricane|p1a: Zapdos
|-resisted|p1a: Zapdos
|-damage|p1a: Zapdos|0 fnt
|faint|p1a: Zapdos
|-damage|p2a: Tornadus|66/100|[from] item: Life Orb
|
|-weather|RainDance|[upkeep]
|upkeep
|
|t:|1758933073
|switch|p1a: Iron Crown|Iron Crown|100/100
|turn|16
|
|t:|1758933079
|move|p2a: Tornadus|Hurricane|p1a: Iron Crown
|-resisted|p1a: Iron Crown
|-damage|p1a: Iron Crown|10/100
|-damage|p2a: Tornadus|56/100|[from] item: Life Orb
|move|p1a: Iron Crown|Psyshock|p2a: Tornadus
|-damage|p2a: Tornadus|0 fnt
|faint|p2a: Tornadus
|
|-weather|none
|upkeep
|-message|staroregon forfeited.
|
|win|Shibuya Arc
|raw|Shibuya Arc's rating: 1438 &rarr; <strong>1463</strong><br />(+25 for winning)
|raw|staroregon's rating: 1526 &rarr; <strong>1501</strong><br />(-25 for losing)
