|j|☆kabutopzboy
|j|☆InotspeakEnglish
|t:|1758945881
|gametype|singles
|player|p1|kabutopzboy|volkner|1239
|player|p2|InotspeakEnglish|265|1277
|gen|9
|tier|[Gen 9] OU
|rated|
|rule|HP Percentage Mod: HP is shown in percentages
|rule|Endless Battle Clause: Forcing endless battles is banned
|rule|Species Clause: Limit one of each Pokémon
|rule|OHKO Clause: OHKO moves are banned
|rule|Evasion Items Clause: Evasion items are banned
|rule|Evasion Moves Clause: Evasion moves are banned
|rule|Evasion Abilities Clause: Evasion abilities are banned
|rule|Sleep Moves Clause: Sleep-inducing moves are banned
|clearpoke
|poke|p1|Dragonite, M|
|poke|p1|Pelipper, M|
|poke|p1|Jolteon, M|
|poke|p1|Zapdos|
|poke|p1|Gholdengo|
|poke|p1|Entei|
|poke|p2|Maushold-Four|
|poke|p2|Great Tusk|
|poke|p2|Raging Bolt|
|poke|p2|Grafaiai, F|
|poke|p2|Pecharunt|
|poke|p2|Scizor, F|
|teampreview
|
|t:|1758945891
|teamsize|p1|6
|teamsize|p2|6
|start
|switch|p1a: Gholdengo|Gholdengo|100/100
|switch|p2a: Great Tusk|Great Tusk|100/100
|-item|p1a: Gholdengo|Air Balloon
|turn|1
|
|t:|1758945898
|-terastallize|p1a: Gholdengo|Water
|move|p2a: Great Tusk|Ice Spinner|p1a: Gholdengo
|-resisted|p1a: Gholdengo
|-damage|p1a: Gholdengo|85/100
|-enditem|p1a: Gholdengo|Air Balloon
|move|p1a: Gholdengo|Nasty Plot|p1a: Gholdengo
|-boost|p1a: Gholdengo|spa|2
|
|upkeep
|turn|2
|
|t:|1758945907
|move|p2a: Great Tusk|Supercell Slam|p1a: Gholdengo
|-supereffective|p1a: Gholdengo
|-damage|p1a: Gholdengo|0 fnt
|faint|p1a: Gholdengo
|
|upkeep
|
|t:|1758945913
|switch|p1a: Dragonite|Dragonite, M|100/100
|turn|3
|
|t:|1758945917
|move|p2a: Great Tusk|Rapid Spin|p1a: Dragonite
|-damage|p1a: Dragonite|91/100
|-boost|p2a: Great Tusk|spe|1
|move|p1a: Dragonite|Dragon Dance|p1a: Dragonite
|-boost|p1a: Dragonite|atk|1
|-boost|p1a: Dragonite|spe|1
|
|upkeep
|turn|4
|
|t:|1758945923
|move|p2a: Great Tusk|Ice Spinner|p1a: Dragonite
|-supereffective|p1a: Dragonite
|-damage|p1a: Dragonite|0 fnt
|faint|p1a: Dragonite
|
|upkeep
|
|t:|1758945928
|switch|p1a: Jolteon|Jolteon, M|100/100
|turn|5
|
|t:|1758945931
|switch|p1a: Pelipper|Pelipper, M|100/100
|-weather|RainDance|[from] ability: Drizzle|[of] p1a: Pelipper
|move|p2a: Great Tusk|Headlong Rush|p1a: Pelipper
|-immune|p1a: Pelipper
|
|-weather|RainDance|[upkeep]
|upkeep
|turn|6
|
|t:|1758945939
|move|p2a: Great Tusk|Supercell Slam|p1a: Pelipper
|-supereffective|p1a: Pelipper
|-damage|p1a: Pelipper|0 fnt
|faint|p1a: Pelipper
|
|-weather|RainDance|[upkeep]
|upkeep
|-message|kabutopzboy forfeited.
|
|win|InotspeakEnglish
|raw|kabutopzboy's rating: 1239 &rarr; <strong>1217</strong><br />(-22 for losing)
|raw|InotspeakEnglish's rating: 1277 &rarr; <strong>1299</strong><br />(+22 for winning)
|l|☆kabutopzboy
|player|p1|
|l|☆InotspeakEnglish
|player|p2|
