|j|☆TotallySkilled
|j|☆imprisonpaulgeorge
|t:|1759071157
|gametype|singles
|player|p1|TotallySkilled|guzma|1421
|player|p2|imprisonpaulgeorge|169|1387
|gen|9
|tier|[Gen 9] OU
|rated|
|rule|HP Percentage Mod: HP is shown in percentages
|rule|Endless Battle Clause: Forcing endless battles is banned
|rule|Species Clause: Limit one of each Pokémon
|rule|OHKO Clause: OHKO moves are banned
|rule|Evasion Items Clause: Evasion items are banned
|rule|Evasion Moves Clause: Evasion moves are banned
|rule|Evasion Abilities Clause: Evasion abilities are banned
|rule|Sleep Moves Clause: Sleep-inducing moves are banned
|clearpoke
|poke|p1|Hatterene, F|
|poke|p1|Ninetales-Alola, F|
|poke|p1|Manaphy|
|poke|p1|Iron Hands|
|poke|p1|Darkrai|
|poke|p1|Ogerpon-Wellspring, F|
|poke|p2|Heatran, M|
|poke|p2|Rillaboom, M|
|poke|p2|Ogerpon-Wellspring, F|
|poke|p2|Dragapult, M|
|poke|p2|Great Tusk|
|poke|p2|Bronzong|
|teampreview
|inactive|Battle timer is ON: inactive players will automatically lose when time's up. (requested by imprisonpaulgeorge)
|
|t:|1759071162
|teamsize|p1|6
|teamsize|p2|6
|start
|switch|p1a: Ninetales|Ninetales-Alola, F|100/100
|switch|p2a: Starlink|Bronzong, shiny|100/100
|-weather|Snowscape|[from] ability: Snow Warning|[of] p1a: Ninetales
|turn|1
|
|t:|1759071168
|move|p1a: Ninetales|Aurora Veil|p1a: Ninetales
|-sidestart|p1: TotallySkilled|move: Aurora Veil
|move|p2a: Starlink|Stealth Rock|p1a: Ninetales
|-sidestart|p1: TotallySkilled|move: Stealth Rock
|
|-weather|Snowscape|[upkeep]
|upkeep
|turn|2
|
|t:|1759071173
|move|p1a: Ninetales|Encore|p2a: Starlink
|-start|p2a: Starlink|Encore
|move|p2a: Starlink|Stealth Rock||[still]
|-fail|p2a: Starlink
|
|-weather|Snowscape|[upkeep]
|upkeep
|turn|3
|
|t:|1759071184
|switch|p1a: Darkrai|Darkrai|100/100
|-damage|p1a: Darkrai|88/100|[from] Stealth Rock
|switch|p2a: Starblaze|Heatran, M|100/100
|
|-weather|Snowscape|[upkeep]
|upkeep
|turn|4
|
|t:|1759071188
|move|p1a: Darkrai|Trick|p2a: Starblaze
|-activate|p1a: Darkrai|move: Trick|[of] p2a: Starblaze
|-item|p2a: Starblaze|Choice Scarf|[from] move: Trick
|-item|p1a: Darkrai|Leftovers|[from] move: Trick
|move|p2a: Starblaze|Magma Storm|p1a: Darkrai|[miss]
|-miss|p2a: Starblaze|p1a: Darkrai
|
|-weather|Snowscape|[upkeep]
|-heal|p1a: Darkrai|94/100|[from] item: Leftovers
|upkeep
|turn|5
|
|t:|1759071196
|switch|p1a: Manaphy|Manaphy|100/100
|-damage|p1a: Manaphy|88/100|[from] Stealth Rock
|move|p2a: Starblaze|Magma Storm|p1a: Manaphy
|-resisted|p1a: Manaphy
|-damage|p1a: Manaphy|78/100
|-activate|p1a: Manaphy|move: Magma Storm|[of] p2a: Starblaze
|
|-weather|none
|-heal|p1a: Manaphy|84/100|[from] item: Leftovers
|-damage|p1a: Manaphy|71/100|[from] move: Magma Storm|[partiallytrapped]
|upkeep
|turn|6
|
|t:|1759071201
|switch|p2a: Stardrum|Rillaboom, M|100/100
|-fieldstart|move: Grassy Terrain|[from] ability: Grassy Surge|[of] p2a: Stardrum
|move|p1a: Manaphy|Take Heart|p1a: Manaphy
|-boost|p1a: Manaphy|spa|1
|-boost|p1a: Manaphy|spd|1
|
|-heal|p1a: Manaphy|78/100|[from] Grassy Terrain
|-heal|p1a: Manaphy|84/100|[from] item: Leftovers
|-end|p1a: Manaphy|Magma Storm|[partiallytrapped]|[silent]
|upkeep
|turn|7
|
|t:|1759071206
|-terastallize|p1a: Manaphy|Grass
|move|p2a: Stardrum|Grassy Glide|p1a: Manaphy
|-resisted|p1a: Manaphy
|-damage|p1a: Manaphy|75/100
|move|p1a: Manaphy|Energy Ball|p2a: Stardrum
|-resisted|p2a: Stardrum
|-damage|p2a: Stardrum|49/100
|-unboost|p2a: Stardrum|spd|1
|
|-heal|p1a: Manaphy|81/100|[from] Grassy Terrain
|-heal|p1a: Manaphy|88/100|[from] item: Leftovers
|-heal|p2a: Stardrum|56/100|[from] Grassy Terrain
|upkeep
|turn|8
|
|t:|1759071227
|switch|p2a: Starblaze|Heatran, M|100/100
|move|p1a: Manaphy|Take Heart|p1a: Manaphy
|-boost|p1a: Manaphy|spa|1
|-boost|p1a: Manaphy|spd|1
|
|-heal|p1a: Manaphy|94/100|[from] Grassy Terrain
|-heal|p1a: Manaphy|99/100|[from] item: Leftovers
|-sideend|p1: TotallySkilled|move: Aurora Veil
|upkeep
|turn|9
|
|t:|1759071244
|-terastallize|p2a: Starblaze|Grass
|move|p2a: Starblaze|Magma Storm|p1a: Manaphy|[miss]
|-miss|p2a: Starblaze|p1a: Manaphy
|move|p1a: Manaphy|Energy Ball|p2a: Starblaze
|-resisted|p2a: Starblaze
|-damage|p2a: Starblaze|65/100
|
|-heal|p2a: Starblaze|71/100|[from] Grassy Terrain
|-heal|p1a: Manaphy|100/100|[from] Grassy Terrain
|upkeep
|turn|10
|
|t:|1759071252
|move|p2a: Starblaze|Magma Storm|p1a: Manaphy
|-supereffective|p1a: Manaphy
|-damage|p1a: Manaphy|58/100
|-activate|p1a: Manaphy|move: Magma Storm|[of] p2a: Starblaze
|move|p1a: Manaphy|Energy Ball|p2a: Starblaze
|-resisted|p2a: Starblaze
|-damage|p2a: Starblaze|38/100
|
|-heal|p2a: Starblaze|44/100|[from] Grassy Terrain
|-heal|p1a: Manaphy|64/100|[from] Grassy Terrain
|-heal|p1a: Manaphy|70/100|[from] item: Leftovers
|-damage|p1a: Manaphy|58/100|[from] move: Magma Storm|[partiallytrapped]
|upkeep
|turn|11
|
|t:|1759071256
|move|p2a: Starblaze|Magma Storm|p1a: Manaphy
|-supereffective|p1a: Manaphy
|-damage|p1a: Manaphy|17/100
|move|p1a: Manaphy|Energy Ball|p2a: Starblaze
|-resisted|p2a: Starblaze
|-damage|p2a: Starblaze|9/100
|
|-heal|p2a: Starblaze|15/100|[from] Grassy Terrain
|-heal|p1a: Manaphy|23/100|[from] Grassy Terrain
|-heal|p1a: Manaphy|29/100|[from] item: Leftovers
|-damage|p1a: Manaphy|17/100|[from] move: Magma Storm|[partiallytrapped]
|upkeep
|turn|12
|
|t:|1759071258
|move|p2a: Starblaze|Magma Storm|p1a: Manaphy|[miss]
|-miss|p2a: Starblaze|p1a: Manaphy
|move|p1a: Manaphy|Energy Ball|p2a: Starblaze
|-resisted|p2a: Starblaze
|-damage|p2a: Starblaze|0 fnt
|faint|p2a: Starblaze
|
|-heal|p1a: Manaphy|23/100|[from] Grassy Terrain
|-heal|p1a: Manaphy|29/100|[from] item: Leftovers
|-end|p1a: Manaphy|Magma Storm|[partiallytrapped]|[silent]
|upkeep
|
|t:|1759071273
|switch|p2a: Starforce|Ogerpon-Wellspring, F|100/100
|turn|13
|
|t:|1759071277
|switch|p1a: Ninetales|Ninetales-Alola, F|100/100
|-damage|p1a: Ninetales|76/100|[from] Stealth Rock
|-weather|Snowscape|[from] ability: Snow Warning|[of] p1a: Ninetales
|move|p2a: Starforce|Play Rough|p1a: Ninetales
|-damage|p1a: Ninetales|42/100
|
|-weather|Snowscape|[upkeep]
|-heal|p1a: Ninetales|48/100|[from] Grassy Terrain
|-fieldend|move: Grassy Terrain
|upkeep
|turn|14
|
|t:|1759071285
|switch|p2a: Starlink|Bronzong, shiny|100/100
|move|p1a: Ninetales|Aurora Veil|p1a: Ninetales
|-sidestart|p1: TotallySkilled|move: Aurora Veil
|
|-weather|Snowscape|[upkeep]
|upkeep
|turn|15
|
|t:|1759071292
|switch|p1a: Ogerpon|Ogerpon-Wellspring, F|100/100
|-damage|p1a: Ogerpon|88/100|[from] Stealth Rock
|move|p2a: Starlink|Body Press|p1a: Ogerpon
|-damage|p1a: Ogerpon|71/100
|
|-weather|Snowscape|[upkeep]
|upkeep
|turn|16
|
|t:|1759071301
|move|p1a: Ogerpon|Swords Dance|p1a: Ogerpon
|-boost|p1a: Ogerpon|atk|2
|move|p2a: Starlink|Future Sight|p1a: Ogerpon
|-start|p2a: Starlink|move: Future Sight
|
|-weather|Snowscape|[upkeep]
|upkeep
|turn|17
|
|t:|1759071306
|switch|p2a: Starforce|Ogerpon-Wellspring, F|100/100
|move|p1a: Ogerpon|Ivy Cudgel|p2a: Starforce|[anim] Ivy Cudgel Water
|-immune|p2a: Starforce|[from] ability: Water Absorb
|
|-weather|none
|upkeep
|turn|18
|
|t:|1759071310
|switch|p2a: Starlink|Bronzong, shiny|100/100
|move|p1a: Ogerpon|Power Whip|p2a: Starlink
|-resisted|p2a: Starlink
|-damage|p2a: Starlink|54/100
|
|-end|p1a: Ogerpon|move: Future Sight
|-damage|p1a: Ogerpon|50/100
|upkeep
|turn|19
|
|t:|1759071323
|switch|p2a: Starscream|Dragapult, M|100/100
|move|p1a: Ogerpon|Synthesis|p1a: Ogerpon
|-heal|p1a: Ogerpon|99/100
|
|upkeep
|turn|20
|
|t:|1759071332
|move|p2a: Starscream|Draco Meteor|p1a: Ogerpon
|-damage|p1a: Ogerpon|47/100
|-unboost|p2a: Starscream|spa|2
|move|p1a: Ogerpon|Power Whip|p2a: Starscream
|-resisted|p2a: Starscream
|-damage|p2a: Starscream|8/100
|
|upkeep
|turn|21
|
|t:|1759071337
|switch|p2a: Starlink|Bronzong, shiny|54/100
|move|p1a: Ogerpon|Synthesis|p1a: Ogerpon
|-heal|p1a: Ogerpon|97/100
|
|-sideend|p1: TotallySkilled|move: Aurora Veil
|upkeep
|turn|22
|
|t:|1759071340
|move|p1a: Ogerpon|Ivy Cudgel|p2a: Starlink|[anim] Ivy Cudgel Water
|-damage|p2a: Starlink|0 fnt
|faint|p2a: Starlink
|
|upkeep
|
|t:|1759071342
|switch|p2a: Starscream|Dragapult, M|8/100
|turn|23
|
|t:|1759071348
|switch|p2a: Stardrum|Rillaboom, M|56/100
|-fieldstart|move: Grassy Terrain|[from] ability: Grassy Surge|[of] p2a: Stardrum
|switch|p1a: Hatterene|Hatterene, F|100/100
|-damage|p1a: Hatterene|88/100|[from] Stealth Rock
|
|-heal|p2a: Stardrum|62/100|[from] Grassy Terrain
|-heal|p1a: Hatterene|94/100|[from] Grassy Terrain
|-heal|p1a: Hatterene|99/100|[from] item: Leftovers
|upkeep
|turn|24
|
|t:|1759071351
|move|p2a: Stardrum|U-turn|p1a: Hatterene
|-damage|p1a: Hatterene|79/100
|
|t:|1759071355
|switch|p2a: Starforce|Ogerpon-Wellspring, F|100/100|[from] U-turn
|move|p1a: Hatterene|Nuzzle|p2a: Starforce
|-damage|p2a: Starforce|96/100
|-status|p2a: Starforce|par
|
|-heal|p2a: Starforce|100/100 par|[from] Grassy Terrain
|-heal|p1a: Hatterene|85/100|[from] Grassy Terrain
|-heal|p1a: Hatterene|91/100|[from] item: Leftovers
|upkeep
|turn|25
|-message|imprisonpaulgeorge forfeited.
|
|win|TotallySkilled
|raw|TotallySkilled's rating: 1421 &rarr; <strong>1439</strong><br />(+18 for winning)
|raw|imprisonpaulgeorge's rating: 1387 &rarr; <strong>1369</strong><br />(-18 for losing)
|l|☆imprisonpaulgeorge
|player|p2|
|l|☆TotallySkilled
|player|p1|
