|j|☆LairdyMate
|j|☆William will
|t:|1759032663
|gametype|singles
|player|p1|LairdyMate|lance|1146
|player|p2|William will|169|1126
|gen|9
|tier|[Gen 9] OU
|rated|
|rule|HP Percentage Mod: HP is shown in percentages
|rule|Endless Battle Clause: Forcing endless battles is banned
|rule|Species Clause: Limit one of each Pokémon
|rule|OHKO Clause: OHKO moves are banned
|rule|Evasion Items Clause: Evasion items are banned
|rule|Evasion Moves Clause: Evasion moves are banned
|rule|Evasion Abilities Clause: Evasion abilities are banned
|rule|Sleep Moves Clause: Sleep-inducing moves are banned
|clearpoke
|poke|p1|Dragonite, M|
|poke|p1|Gholdengo|
|poke|p1|Umbreon, M|
|poke|p1|Manaphy|
|poke|p1|Glimmora, M|
|poke|p1|Polteageist|
|poke|p2|Ninetales-Alola, F|
|poke|p2|Espeon, F|
|poke|p2|Arcanine-Hisui, M|
|poke|p2|Alomomola, F|
|poke|p2|Dragonite, M|
|poke|p2|Great Tusk|
|teampreview
|
|t:|1759032675
|teamsize|p1|6
|teamsize|p2|6
|start
|switch|p1a: Polteageist|Polteageist, shiny|100/100
|switch|p2a: Dragonite|Dragonite, M|100/100
|turn|1
|inactive|Battle timer is ON: inactive players will automatically lose when time's up. (requested by William will)
|
|t:|1759032682
|move|p2a: Dragonite|Dragon Dance|p2a: Dragonite
|-boost|p2a: Dragonite|atk|1
|-boost|p2a: Dragonite|spe|1
|move|p1a: Polteageist|Shell Smash|p1a: Polteageist
|-unboost|p1a: Polteageist|def|1
|-unboost|p1a: Polteageist|spd|1
|-boost|p1a: Polteageist|atk|2
|-boost|p1a: Polteageist|spa|2
|-boost|p1a: Polteageist|spe|2
|
|upkeep
|turn|2
|
|t:|1759032690
|move|p1a: Polteageist|Stored Power|p2a: Dragonite
|-damage|p2a: Dragonite|48/100
|move|p2a: Dragonite|Dragon Dance|p2a: Dragonite
|-boost|p2a: Dragonite|atk|1
|-boost|p2a: Dragonite|spe|1
|
|upkeep
|turn|3
|
|t:|1759032697
|move|p2a: Dragonite|Earthquake|p1a: Polteageist
|-enditem|p1a: Polteageist|Focus Sash
|-damage|p1a: Polteageist|1/100
|-ability|p1a: Polteageist|Weak Armor|boost
|-unboost|p1a: Polteageist|def|1
|-boost|p1a: Polteageist|spe|2
|move|p1a: Polteageist|Stored Power|p2a: Dragonite
|-damage|p2a: Dragonite|0 fnt
|faint|p2a: Dragonite
|
|upkeep
|
|t:|1759032704
|switch|p2a: Espeon|Espeon, F|100/100
|turn|4
|
|t:|1759032711
|move|p1a: Polteageist|Shadow Ball|p2a: Espeon
|-supereffective|p2a: Espeon
|-damage|p2a: Espeon|0 fnt
|faint|p2a: Espeon
|
|upkeep
|inactiveoff|Battle timer is now OFF.
|
|t:|1759032716
|switch|p2a: Arcanine|Arcanine-Hisui, M|100/100
|turn|5
|
|t:|1759032721
|move|p1a: Polteageist|Stored Power|p2a: Arcanine
|-enditem|p2a: Arcanine|Focus Sash
|-damage|p2a: Arcanine|1/100
|move|p2a: Arcanine|Flare Blitz|p1a: Polteageist
|-damage|p1a: Polteageist|0 fnt
|faint|p1a: Polteageist
|
|upkeep
|
|t:|1759032728
|switch|p1a: Dragonite|Dragonite, M|100/100
|turn|6
|
|t:|1759032749
|move|p2a: Arcanine|Head Smash|p1a: Dragonite
|-supereffective|p1a: Dragonite
|-damage|p1a: Dragonite|37/100
|-damage|p2a: Arcanine|0 fnt|[from] item: Rocky Helmet|[of] p1a: Dragonite
|faint|p2a: Arcanine
|move|p1a: Dragonite|Dragon Dance|p1a: Dragonite
|-boost|p1a: Dragonite|atk|1
|-boost|p1a: Dragonite|spe|1
|
|upkeep
|inactive|Battle timer is ON: inactive players will automatically lose when time's up. (requested by William will)
|-message|William will forfeited.
|
|win|LairdyMate
|raw|LairdyMate's rating: 1146 &rarr; <strong>1170</strong><br />(+24 for winning)
|raw|William will's rating: 1126 &rarr; <strong>1102</strong><br />(-24 for losing)
|l|☆William will
|player|p2|
|l|☆LairdyMate
|player|p1|
