|j|☆Passerby bye
|j|☆AsierX
|t:|1759053009
|gametype|singles
|player|p1|Passerby bye|cyclist|1231
|player|p2|AsierX|skierf|1266
|gen|9
|tier|[Gen 9] OU
|rated|
|rule|HP Percentage Mod: HP is shown in percentages
|rule|Endless Battle Clause: Forcing endless battles is banned
|rule|Species Clause: Limit one of each Pokémon
|rule|OHKO Clause: OHKO moves are banned
|rule|Evasion Items Clause: Evasion items are banned
|rule|Evasion Moves Clause: Evasion moves are banned
|rule|Evasion Abilities Clause: Evasion abilities are banned
|rule|Sleep Moves Clause: Sleep-inducing moves are banned
|clearpoke
|poke|p1|Magnezone|
|poke|p1|Vileplume, M|
|poke|p1|Gyarados, M|
|poke|p1|Houndoom, M|
|poke|p1|Mamoswine, M|
|poke|p1|Gardevoir, M|
|poke|p2|Scizor, M|
|poke|p2|Iron Valiant|
|poke|p2|Porygon-Z|
|poke|p2|Ceruledge, M|
|poke|p2|Ting-Lu|
|poke|p2|Weezing-Galar, F|
|teampreview
|
|t:|1759053018
|teamsize|p1|6
|teamsize|p2|6
|start
|switch|p1a: BST＞540 Pkmn sucks|Gyarados, M, shiny|100/100
|switch|p2a: Weapon|Ceruledge, M|100/100
|-ability|p1a: BST＞540 Pkmn sucks|Intimidate|boost
|-unboost|p2a: Weapon|atk|1
|turn|1
|
|t:|1759053024
|move|p2a: Weapon|Swords Dance|p2a: Weapon
|-boost|p2a: Weapon|atk|2
|move|p1a: BST＞540 Pkmn sucks|Waterfall|p2a: Weapon
|-supereffective|p2a: Weapon
|-enditem|p2a: Weapon|Focus Sash
|-damage|p2a: Weapon|1/100
|-ability|p2a: Weapon|Weak Armor|boost
|-unboost|p2a: Weapon|def|1
|-boost|p2a: Weapon|spe|2
|
|upkeep
|turn|2
|
|t:|1759053028
|move|p2a: Weapon|Poltergeist|p1a: BST＞540 Pkmn sucks
|-activate|p1a: BST＞540 Pkmn sucks|move: Poltergeist|Heavy-Duty Boots
|-damage|p1a: BST＞540 Pkmn sucks|23/100
|move|p1a: BST＞540 Pkmn sucks|Waterfall|p2a: Weapon
|-supereffective|p2a: Weapon
|-crit|p2a: Weapon
|-damage|p2a: Weapon|0 fnt
|faint|p2a: Weapon
|
|upkeep
|
|t:|1759053034
|switch|p2a: Child Of Man|Porygon-Z|100/100
|-ability|p2a: Child Of Man|Download|boost
|-boost|p2a: Child Of Man|spa|1
|turn|3
|
|t:|1759053041
|move|p2a: Child Of Man|Tera Blast|p1a: BST＞540 Pkmn sucks
|-damage|p1a: BST＞540 Pkmn sucks|0 fnt
|faint|p1a: BST＞540 Pkmn sucks
|-damage|p2a: Child Of Man|91/100|[from] item: Life Orb
|
|upkeep
|
|t:|1759053049
|switch|p1a: Legend Pkmn sucks|Magnezone|100/100
|turn|4
|
|t:|1759053053
|switch|p2a: Object|Ting-Lu, shiny|100/100
|-ability|p2a: Object|Vessel of Ruin
|move|p1a: Legend Pkmn sucks|Thunderbolt|p2a: Object
|-immune|p2a: Object
|
|upkeep
|turn|5
|
|t:|1759053058
|switch|p1a: Ordinary Pkmn only|Vileplume, M|100/100
|move|p2a: Object|Earthquake|p1a: Ordinary Pkmn only
|-damage|p1a: Ordinary Pkmn only|71/100
|
|upkeep
|turn|6
|
|t:|1759053064
|switch|p2a: INSIGNIFICANT PUFF|Weezing-Galar, F|100/100
|-ability|p2a: INSIGNIFICANT PUFF|Neutralizing Gas
|move|p1a: Ordinary Pkmn only|Leech Seed|p2a: INSIGNIFICANT PUFF
|-start|p2a: INSIGNIFICANT PUFF|move: Leech Seed
|
|-damage|p2a: INSIGNIFICANT PUFF|88/100|[from] Leech Seed|[of] p1a: Ordinary Pkmn only
|-heal|p1a: Ordinary Pkmn only|80/100|[silent]
|upkeep
|turn|7
|
|t:|1759053070
|move|p2a: INSIGNIFICANT PUFF|Will-O-Wisp|p1a: Ordinary Pkmn only
|-status|p1a: Ordinary Pkmn only|brn
|move|p1a: Ordinary Pkmn only|Sludge Wave|p2a: INSIGNIFICANT PUFF
|-damage|p2a: INSIGNIFICANT PUFF|47/100
|
|-damage|p2a: INSIGNIFICANT PUFF|35/100|[from] Leech Seed|[of] p1a: Ordinary Pkmn only
|-heal|p1a: Ordinary Pkmn only|89/100 brn|[silent]
|-damage|p1a: Ordinary Pkmn only|83/100 brn|[from] brn
|upkeep
|turn|8
|
|t:|1759053075
|-end|p2a: INSIGNIFICANT PUFF|ability: Neutralizing Gas
|switch|p2a: Creature Of Steel|Scizor, M|100/100
|move|p1a: Ordinary Pkmn only|Sludge Wave|p2a: Creature Of Steel
|-immune|p2a: Creature Of Steel
|
|-damage|p1a: Ordinary Pkmn only|77/100 brn|[from] brn
|upkeep
|turn|9
|
|t:|1759053080
|move|p2a: Creature Of Steel|Swords Dance|p2a: Creature Of Steel
|-boost|p2a: Creature Of Steel|atk|2
|move|p1a: Ordinary Pkmn only|Strength Sap|p2a: Creature Of Steel
|-unboost|p2a: Creature Of Steel|atk|1
|-heal|p1a: Ordinary Pkmn only|100/100 brn
|
|-damage|p1a: Ordinary Pkmn only|94/100 brn|[from] brn
|upkeep
|turn|10
|
|t:|1759053084
|switch|p1a: Legend Pkmn sucks|Magnezone|100/100
|move|p2a: Creature Of Steel|Swords Dance|p2a: Creature Of Steel
|-boost|p2a: Creature Of Steel|atk|2
|
|upkeep
|turn|11
|
|t:|1759053089
|move|p2a: Creature Of Steel|Close Combat|p1a: Legend Pkmn sucks
|-supereffective|p1a: Legend Pkmn sucks
|-damage|p1a: Legend Pkmn sucks|0 fnt
|-unboost|p2a: Creature Of Steel|def|1
|-unboost|p2a: Creature Of Steel|spd|1
|faint|p1a: Legend Pkmn sucks
|
|upkeep
|
|t:|1759053103
|switch|p1a: Weather Team sucks|Houndoom, M|100/100
|turn|12
|
|t:|1759053107
|switch|p2a: Object|Ting-Lu, shiny|100/100
|-ability|p2a: Object|Vessel of Ruin
|move|p1a: Weather Team sucks|Fire Blast|p2a: Object
|-damage|p2a: Object|79/100
|
|-heal|p2a: Object|85/100|[from] item: Leftovers
|upkeep
|turn|13
|
|t:|1759053112
|switch|p1a: Ordinary Pkmn only|Vileplume, M|94/100 brn
|move|p2a: Object|Payback|p1a: Ordinary Pkmn only
|-damage|p1a: Ordinary Pkmn only|81/100 brn
|-damage|p2a: Object|68/100|[from] item: Rocky Helmet|[of] p1a: Ordinary Pkmn only
|
|-heal|p2a: Object|75/100|[from] item: Leftovers
|-damage|p1a: Ordinary Pkmn only|75/100 brn|[from] brn
|upkeep
|turn|14
|
|t:|1759053120
|switch|p2a: Creature Of Steel|Scizor, M|100/100
|move|p1a: Ordinary Pkmn only|Leech Seed|p2a: Creature Of Steel
|-start|p2a: Creature Of Steel|move: Leech Seed
|
|-damage|p2a: Creature Of Steel|88/100|[from] Leech Seed|[of] p1a: Ordinary Pkmn only
|-heal|p1a: Ordinary Pkmn only|86/100 brn|[silent]
|-damage|p1a: Ordinary Pkmn only|80/100 brn|[from] brn
|upkeep
|turn|15
|
|t:|1759053131
|switch|p1a: Weather Team sucks|Houndoom, M|100/100
|move|p2a: Creature Of Steel|Dual Wingbeat|p1a: Weather Team sucks
|-damage|p1a: Weather Team sucks|54/100
|-damage|p1a: Weather Team sucks|5/100
|-hitcount|p1a: Weather Team sucks|2
|
|-damage|p2a: Creature Of Steel|76/100|[from] Leech Seed|[of] p1a: Weather Team sucks
|-heal|p1a: Weather Team sucks|19/100|[silent]
|upkeep
|turn|16
|
|t:|1759053145
|switch|p1a: Ordinary Pkmn only|Vileplume, M|80/100 brn
|move|p2a: Creature Of Steel|Bullet Punch|p1a: Ordinary Pkmn only
|-damage|p1a: Ordinary Pkmn only|54/100 brn
|-damage|p2a: Creature Of Steel|59/100|[from] item: Rocky Helmet|[of] p1a: Ordinary Pkmn only
|
|-damage|p2a: Creature Of Steel|47/100|[from] Leech Seed|[of] p1a: Ordinary Pkmn only
|-heal|p1a: Ordinary Pkmn only|66/100 brn|[silent]
|-damage|p1a: Ordinary Pkmn only|60/100 brn|[from] brn
|upkeep
|-enditem|p2a: Creature Of Steel|Sitrus Berry|[eat]
|-heal|p2a: Creature Of Steel|72/100|[from] item: Sitrus Berry
|turn|17
|
|t:|1759053156
|move|p2a: Creature Of Steel|Dual Wingbeat|p1a: Ordinary Pkmn only
|-supereffective|p1a: Ordinary Pkmn only
|-damage|p1a: Ordinary Pkmn only|23/100 brn
|-damage|p2a: Creature Of Steel|55/100|[from] item: Rocky Helmet|[of] p1a: Ordinary Pkmn only
|-supereffective|p1a: Ordinary Pkmn only
|-damage|p1a: Ordinary Pkmn only|0 fnt
|-damage|p2a: Creature Of Steel|39/100|[from] item: Rocky Helmet|[of] p1a: Ordinary Pkmn only
|faint|p1a: Ordinary Pkmn only
|-hitcount|p1: Ordinary Pkmn only|2
|
|upkeep
|
|t:|1759053167
|switch|p1a: Weather Team sucks|Houndoom, M|19/100
|turn|18
|
|t:|1759053170
|move|p2a: Creature Of Steel|Bullet Punch|p1a: Weather Team sucks
|-resisted|p1a: Weather Team sucks
|-damage|p1a: Weather Team sucks|0 fnt
|faint|p1a: Weather Team sucks
|
|upkeep
|
|t:|1759053174
|switch|p1a: Terrain Team sucks|Mamoswine, M|100/100
|turn|19
|
|t:|1759053194
|-terastallize|p1a: Terrain Team sucks|Grass
|move|p2a: Creature Of Steel|Bullet Punch|p1a: Terrain Team sucks
|-damage|p1a: Terrain Team sucks|67/100
|move|p1a: Terrain Team sucks|High Horsepower|p2a: Creature Of Steel
|-damage|p2a: Creature Of Steel|0 fnt
|faint|p2a: Creature Of Steel
|
|upkeep
|
|t:|1759053201
|switch|p2a: Child Of Man|Porygon-Z|91/100
|-ability|p2a: Child Of Man|Download|boost
|-boost|p2a: Child Of Man|spa|1
|turn|20
|
|t:|1759053208
|move|p2a: Child Of Man|Ice Beam|p1a: Terrain Team sucks
|-supereffective|p1a: Terrain Team sucks
|-damage|p1a: Terrain Team sucks|18/100
|-damage|p2a: Child Of Man|81/100|[from] item: Life Orb
|move|p1a: Terrain Team sucks|Avalanche|p2a: Child Of Man
|-damage|p2a: Child Of Man|0 fnt
|faint|p2a: Child Of Man
|
|upkeep
|
|t:|1759053214
|switch|p2a: Machine|Iron Valiant|100/100
|-enditem|p2a: Machine|Booster Energy
|-activate|p2a: Machine|ability: Quark Drive|[fromitem]
|-start|p2a: Machine|quarkdrivespe
|turn|21
|
|t:|1759053219
|move|p2a: Machine|Spirit Break|p1a: Terrain Team sucks
|-damage|p1a: Terrain Team sucks|0 fnt
|faint|p1a: Terrain Team sucks
|
|upkeep
|
|t:|1759053221
|switch|p1a: Sample Team sucks|Gardevoir, M|100/100
|turn|22
|
|t:|1759053232
|move|p2a: Machine|Spirit Break|p1a: Sample Team sucks
|-damage|p1a: Sample Team sucks|53/100
|-unboost|p1a: Sample Team sucks|spa|1
|move|p1a: Sample Team sucks|Moonblast|p2a: Machine
|-supereffective|p2a: Machine
|-damage|p2a: Machine|0 fnt
|faint|p2a: Machine
|-end|p2a: Machine|Quark Drive|[silent]
|-damage|p1a: Sample Team sucks|43/100|[from] item: Life Orb
|
|upkeep
|
|t:|1759053236
|switch|p2a: Object|Ting-Lu, shiny|75/100
|-ability|p1a: Sample Team sucks|Vessel of Ruin|Trace|[from] ability: Trace|[of] p2a: Object
|-ability|p1a: Sample Team sucks|Vessel of Ruin
|-ability|p2a: Object|Vessel of Ruin
|turn|23
|
|t:|1759053239
|-terastallize|p2a: Object|Fairy
|move|p1a: Sample Team sucks|Moonblast|p2a: Object
|-damage|p2a: Object|50/100
|-damage|p1a: Sample Team sucks|33/100|[from] item: Life Orb
|move|p2a: Object|Earthquake|p1a: Sample Team sucks
|-damage|p1a: Sample Team sucks|0 fnt
|faint|p1a: Sample Team sucks
|
|win|AsierX
|raw|Passerby bye's rating: 1231 &rarr; <strong>1209</strong><br />(-22 for losing)
|raw|AsierX's rating: 1266 &rarr; <strong>1288</strong><br />(+22 for winning)
|l|☆AsierX
|player|p2|
|l|☆Passerby bye
|player|p1|
