|j|☆greenlolcom
|j|☆Khuzisss
|t:|1758968133
|gametype|singles
|player|p1|greenlolcom|hilbert-wonderlauncher|1113
|player|p2|Khuzisss|266|1079
|gen|9
|tier|[Gen 9] OU
|rated|
|rule|HP Percentage Mod: HP is shown in percentages
|rule|Endless Battle Clause: Forcing endless battles is banned
|rule|Species Clause: Limit one of each Pokémon
|rule|OHKO Clause: OHKO moves are banned
|rule|Evasion Items Clause: Evasion items are banned
|rule|Evasion Moves Clause: Evasion moves are banned
|rule|Evasion Abilities Clause: Evasion abilities are banned
|rule|Sleep Moves Clause: Sleep-inducing moves are banned
|clearpoke
|poke|p1|Gallade, M|
|poke|p1|Grumpig, F|
|poke|p1|Torkoal, M|
|poke|p1|Grimmsnarl, M|
|poke|p1|Incineroar, M|
|poke|p1|Cinderace, F|
|poke|p2|Gengar, F|
|poke|p2|Greninja-*, M|
|poke|p2|Metagross|
|poke|p2|Dragapult, F|
|poke|p2|Cinderace, M|
|poke|p2|Serperior, F|
|teampreview
|inactive|Battle timer is ON: inactive players will automatically lose when time's up. (requested by greenlolcom)
|
|t:|1758968147
|teamsize|p1|6
|teamsize|p2|6
|start
|switch|p1a: Grimmsnarl|Grimmsnarl, M, shiny|100/100
|switch|p2a: Gengar|Gengar, F|100/100
|turn|1
|
|t:|1758968161
|move|p1a: Grimmsnarl|Sucker Punch|p2a: Gengar
|-supereffective|p2a: Gengar
|-enditem|p2a: Gengar|Focus Sash
|-damage|p2a: Gengar|1/100
|move|p2a: Gengar|Sludge Bomb|p1a: Grimmsnarl
|-supereffective|p1a: Grimmsnarl
|-damage|p1a: Grimmsnarl|0 fnt
|faint|p1a: Grimmsnarl
|
|upkeep
|
|t:|1758968175
|switch|p1a: Incineroar|Incineroar, M, shiny|100/100
|-ability|p1a: Incineroar|Intimidate|boost
|-unboost|p2a: Gengar|atk|1
|turn|2
|
|t:|1758968181
|move|p2a: Gengar|Destiny Bond|p2a: Gengar
|-singlemove|p2a: Gengar|Destiny Bond
|move|p1a: Incineroar|Flame Charge|p2a: Gengar
|-damage|p2a: Gengar|0 fnt
|-boost|p1a: Incineroar|spe|1
|faint|p2a: Gengar
|-activate|p2a: Gengar|move: Destiny Bond
|faint|p1a: Incineroar
|
|upkeep
|
|t:|1758968193
|switch|p2a: Greninja|Greninja, M|100/100
|switch|p1a: Grumpig|Grumpig, F, shiny|100/100
|turn|3
|
|t:|1758968206
|-terastallize|p1a: Grumpig|Poison
|move|p2a: Greninja|Dark Pulse|p1a: Grumpig
|-damage|p1a: Grumpig|66/100
|move|p1a: Grumpig|Nasty Plot|p1a: Grumpig
|-boost|p1a: Grumpig|spa|2
|
|upkeep
|turn|4
|
|t:|1758968221
|-terastallize|p2a: Greninja|Psychic
|move|p2a: Greninja|Extrasensory|p1a: Grumpig
|-supereffective|p1a: Grumpig
|-crit|p1a: Grumpig
|-damage|p1a: Grumpig|0 fnt
|faint|p1a: Grumpig
|-ability|p2a: Greninja|Battle Bond|boost
|-boost|p2a: Greninja|atk|1
|-boost|p2a: Greninja|spa|1
|-boost|p2a: Greninja|spe|1
|-activate|p2a: Greninja|ability: Battle Bond
|
|upkeep
|
|t:|1758968236
|switch|p1a: Cinderace|Cinderace, F, shiny|100/100
|turn|5
|
|t:|1758968240
|move|p2a: Greninja|Water Shuriken|p1a: Cinderace
|-supereffective|p1a: Cinderace
|-damage|p1a: Cinderace|74/100
|-supereffective|p1a: Cinderace
|-damage|p1a: Cinderace|46/100
|-supereffective|p1a: Cinderace
|-damage|p1a: Cinderace|14/100
|-supereffective|p1a: Cinderace
|-damage|p1a: Cinderace|0 fnt
|faint|p1a: Cinderace
|-hitcount|p1: Cinderace|4
|
|upkeep
|
|t:|1758968251
|switch|p1a: Torkoal|Torkoal, M, shiny|100/100
|-weather|SunnyDay|[from] ability: Drought|[of] p1a: Torkoal
|turn|6
|
|t:|1758968258
|move|p2a: Greninja|Water Shuriken|p1a: Torkoal
|-supereffective|p1a: Torkoal
|-damage|p1a: Torkoal|83/100
|-supereffective|p1a: Torkoal
|-damage|p1a: Torkoal|69/100
|-supereffective|p1a: Torkoal
|-damage|p1a: Torkoal|52/100
|-supereffective|p1a: Torkoal
|-damage|p1a: Torkoal|36/100
|-hitcount|p1a: Torkoal|4
|move|p1a: Torkoal|Lava Plume|p2a: Greninja
|-damage|p2a: Greninja|21/100
|-status|p2a: Greninja|brn
|
|-weather|SunnyDay|[upkeep]
|-heal|p1a: Torkoal|42/100|[from] item: Leftovers
|-damage|p2a: Greninja|15/100 brn|[from] brn
|upkeep
|turn|7
|
|t:|1758968278
|move|p2a: Greninja|Water Shuriken|p1a: Torkoal
|-supereffective|p1a: Torkoal
|-damage|p1a: Torkoal|27/100
|-supereffective|p1a: Torkoal
|-damage|p1a: Torkoal|11/100
|-supereffective|p1a: Torkoal
|-damage|p1a: Torkoal|0 fnt
|faint|p1a: Torkoal
|-hitcount|p1: Torkoal|3
|
|-weather|SunnyDay|[upkeep]
|-damage|p2a: Greninja|9/100 brn|[from] brn
|upkeep
|
|t:|1758968289
|switch|p1a: Gallade|Gallade, M, shiny|100/100
|turn|8
|
|t:|1758968305
|move|p2a: Greninja|Dark Pulse|p1a: Gallade
|-damage|p1a: Gallade|44/100
|cant|p1a: Gallade|flinch
|
|-weather|SunnyDay|[upkeep]
|-damage|p2a: Greninja|3/100 brn|[from] brn
|upkeep
|turn|9
|-message|greenlolcom forfeited.
|
|win|Khuzisss
|raw|greenlolcom's rating: 1113 &rarr; <strong>1086</strong><br />(-27 for losing)
|raw|Khuzisss's rating: 1079 &rarr; <strong>1110</strong><br />(+31 for winning)
|l|☆greenlolcom
|player|p1|
|l|☆Khuzisss
|player|p2|
