|j|☆QWASXC
|j|☆Abottleodumb
|t:|1759046345
|gametype|singles
|player|p1|QWASXC|102|1154
|player|p2|Abottleodumb|101|1176
|gen|9
|tier|[Gen 9] OU
|rated|
|rule|HP Percentage Mod: HP is shown in percentages
|rule|Endless Battle Clause: Forcing endless battles is banned
|rule|Species Clause: Limit one of each Pokémon
|rule|OHKO Clause: OHKO moves are banned
|rule|Evasion Items Clause: Evasion items are banned
|rule|Evasion Moves Clause: Evasion moves are banned
|rule|Evasion Abilities Clause: Evasion abilities are banned
|rule|Sleep Moves Clause: Sleep-inducing moves are banned
|clearpoke
|poke|p1|Electivire, F|
|poke|p1|Porygon-Z|
|poke|p1|Vespiquen, F|
|poke|p1|Krookodile, F|
|poke|p1|Bastiodon, F|
|poke|p1|Walking Wake|
|poke|p2|Gengar, M|
|poke|p2|Dragapult, M|
|poke|p2|Chandelure, F|
|poke|p2|Drifblim, F|
|poke|p2|Palossand, M|
|poke|p2|Mimikyu, F|
|teampreview
|
|t:|1759046363
|teamsize|p1|6
|teamsize|p2|6
|start
|switch|p1a: Porygon-Z|Porygon-Z|100/100
|switch|p2a: Percy|Palossand, M, shiny|100/100
|turn|1
|
|t:|1759046374
|move|p1a: Porygon-Z|Dark Pulse|p2a: Percy
|-supereffective|p2a: Percy
|-damage|p2a: Percy|28/100
|move|p2a: Percy|Stealth Rock|p1a: Porygon-Z
|-sidestart|p1: QWASXC|move: Stealth Rock
|
|-heal|p2a: Percy|34/100|[from] item: Leftovers
|upkeep
|turn|2
|
|t:|1759046381
|move|p1a: Porygon-Z|Dark Pulse|p2a: Percy
|-supereffective|p2a: Percy
|-damage|p2a: Percy|0 fnt
|faint|p2a: Percy
|
|upkeep
|inactive|Battle timer is ON: inactive players will automatically lose when time's up. (requested by QWASXC)
|
|t:|1759046423
|switch|p2a: Margaux|Mimikyu, F, shiny|100/100
|turn|3
|
|t:|1759046432
|-terastallize|p2a: Margaux|Fairy
|move|p1a: Porygon-Z|Dark Pulse|p2a: Margaux
|-activate|p2a: Margaux|ability: Disguise
|-damage|p2a: Margaux|100/100
|detailschange|p2a: Margaux|Mimikyu-Busted, F, shiny, tera:Fairy
|-damage|p2a: Margaux|88/100|[from] pokemon: Mimikyu-Busted
|move|p2a: Margaux|Swords Dance|p2a: Margaux
|-boost|p2a: Margaux|atk|2
|
|upkeep
|turn|4
|
|t:|1759046448
|switch|p1a: Bastiodon|Bastiodon, F, shiny|100/100
|-damage|p1a: Bastiodon|94/100|[from] Stealth Rock
|move|p2a: Margaux|Play Rough|p1a: Bastiodon
|-resisted|p1a: Bastiodon
|-damage|p1a: Bastiodon|69/100
|
|-heal|p1a: Bastiodon|75/100|[from] item: Leftovers
|upkeep
|turn|5
|
|t:|1759046464
|move|p2a: Margaux|Shadow Claw|p1a: Bastiodon
|-damage|p1a: Bastiodon|41/100
|move|p1a: Bastiodon|Roar|p2a: Margaux
|drag|p2a: Giovanni|Gengar, M, shiny|100/100
|
|-heal|p1a: Bastiodon|47/100|[from] item: Leftovers
|upkeep
|turn|6
|
|t:|1759046475
|move|p2a: Giovanni|Encore|p1a: Bastiodon
|-start|p1a: Bastiodon|Encore
|move|p1a: Bastiodon|Roar|p2a: Giovanni
|drag|p2a: Deliah|Drifblim, F, shiny|100/100
|
|-heal|p1a: Bastiodon|53/100|[from] item: Leftovers
|upkeep
|turn|7
|
|t:|1759046490
|move|p2a: Deliah|Will-O-Wisp|p1a: Bastiodon
|-status|p1a: Bastiodon|brn
|move|p1a: Bastiodon|Roar|p2a: Deliah
|drag|p2a: Giovanni|Gengar, M, shiny|100/100
|
|-heal|p1a: Bastiodon|59/100 brn|[from] item: Leftovers
|-damage|p1a: Bastiodon|53/100 brn|[from] brn
|upkeep
|turn|8
|
|t:|1759046500
|move|p2a: Giovanni|Sludge Bomb|p1a: Bastiodon
|-immune|p1a: Bastiodon
|move|p1a: Bastiodon|Roar|p2a: Giovanni
|drag|p2a: Margaux|Mimikyu-Busted, F, shiny, tera:Fairy|88/100
|
|-heal|p1a: Bastiodon|59/100 brn|[from] item: Leftovers
|-damage|p1a: Bastiodon|53/100 brn|[from] brn
|-end|p1a: Bastiodon|Encore
|upkeep
|turn|9
|
|t:|1759046522
|move|p2a: Margaux|Swords Dance|p2a: Margaux
|-boost|p2a: Margaux|atk|2
|move|p1a: Bastiodon|Iron Defense|p1a: Bastiodon
|-boost|p1a: Bastiodon|def|2
|
|-heal|p1a: Bastiodon|59/100 brn|[from] item: Leftovers
|-damage|p1a: Bastiodon|53/100 brn|[from] brn
|upkeep
|turn|10
|
|t:|1759046536
|move|p2a: Margaux|Shadow Claw|p1a: Bastiodon
|-damage|p1a: Bastiodon|34/100 brn
|move|p1a: Bastiodon|Iron Defense|p1a: Bastiodon
|-boost|p1a: Bastiodon|def|2
|
|-heal|p1a: Bastiodon|40/100 brn|[from] item: Leftovers
|-damage|p1a: Bastiodon|34/100 brn|[from] brn
|upkeep
|turn|11
|
|t:|1759046548
|move|p2a: Margaux|Shadow Claw|p1a: Bastiodon
|-damage|p1a: Bastiodon|21/100 brn
|move|p1a: Bastiodon|Iron Defense|p1a: Bastiodon
|-boost|p1a: Bastiodon|def|2
|
|-heal|p1a: Bastiodon|27/100 brn|[from] item: Leftovers
|-damage|p1a: Bastiodon|21/100 brn|[from] brn
|upkeep
|turn|12
|
|t:|1759046557
|move|p2a: Margaux|Shadow Claw|p1a: Bastiodon
|-damage|p1a: Bastiodon|12/100 brn
|move|p1a: Bastiodon|Body Press|p2a: Margaux
|-resisted|p2a: Margaux
|-damage|p2a: Margaux|32/100
|
|-heal|p1a: Bastiodon|18/100 brn|[from] item: Leftovers
|-damage|p1a: Bastiodon|12/100 brn|[from] brn
|upkeep
|turn|13
|
|t:|1759046566
|move|p2a: Margaux|Shadow Claw|p1a: Bastiodon
|-damage|p1a: Bastiodon|3/100 brn
|move|p1a: Bastiodon|Body Press|p2a: Margaux
|-resisted|p2a: Margaux
|-damage|p2a: Margaux|0 fnt
|faint|p2a: Margaux
|
|-heal|p1a: Bastiodon|9/100 brn|[from] item: Leftovers
|-damage|p1a: Bastiodon|3/100 brn|[from] brn
|upkeep
|
|t:|1759046581
|switch|p2a: Donovan|Dragapult, M, shiny|100/100
|turn|14
|
|t:|1759046585
|move|p2a: Donovan|U-turn|p1a: Bastiodon
|-resisted|p1a: Bastiodon
|-damage|p1a: Bastiodon|1/100 brn
|-damage|p2a: Donovan|91/100|[from] item: Life Orb
|
|t:|1759046591
|switch|p2a: Deliah|Drifblim, F, shiny|100/100|[from] U-turn
|move|p1a: Bastiodon|Foul Play|p2a: Deliah
|-supereffective|p2a: Deliah
|-damage|p2a: Deliah|87/100
|
|-heal|p1a: Bastiodon|7/100 brn|[from] item: Leftovers
|-damage|p1a: Bastiodon|1/100 brn|[from] brn
|upkeep
|turn|15
|
|t:|1759046604
|move|p2a: Deliah|Acrobatics|p1a: Bastiodon
|-resisted|p1a: Bastiodon
|-damage|p1a: Bastiodon|0 fnt
|faint|p1a: Bastiodon
|
|upkeep
|
|t:|1759046613
|switch|p1a: Krookodile|Krookodile, F|100/100
|-damage|p1a: Krookodile|94/100|[from] Stealth Rock
|turn|16
|
|t:|1759046623
|move|p1a: Krookodile|Knock Off|p2a: Deliah
|-supereffective|p2a: Deliah
|-damage|p2a: Deliah|0 fnt
|-enditem|p2a: Deliah|White Herb|[from] move: Knock Off|[of] p1a: Krookodile
|faint|p2a: Deliah
|-ability|p1a: Krookodile|Moxie|boost
|-boost|p1a: Krookodile|atk|1
|-damage|p1a: Krookodile|85/100|[from] item: Life Orb
|
|upkeep
|
|t:|1759046639
|switch|p2a: Donovan|Dragapult, M, shiny|91/100
|turn|17
|
|t:|1759046648
|move|p2a: Donovan|Dragon Dance|p2a: Donovan
|-boost|p2a: Donovan|atk|1
|-boost|p2a: Donovan|spe|1
|move|p1a: Krookodile|Knock Off|p2a: Donovan
|-supereffective|p2a: Donovan
|-damage|p2a: Donovan|0 fnt
|-start|p1a: Krookodile|Disable|Knock Off|[from] ability: Cursed Body|[of] p2a: Donovan
|-enditem|p2a: Donovan|Life Orb|[from] move: Knock Off|[of] p1a: Krookodile
|faint|p2a: Donovan
|-ability|p1a: Krookodile|Moxie|boost
|-boost|p1a: Krookodile|atk|1
|-damage|p1a: Krookodile|75/100|[from] item: Life Orb
|
|upkeep
|
|t:|1759046667
|switch|p2a: Giovanni|Gengar, M, shiny|100/100
|turn|18
|
|t:|1759046673
|move|p2a: Giovanni|Shadow Ball|p1a: Krookodile
|-resisted|p1a: Krookodile
|-damage|p1a: Krookodile|45/100
|move|p1a: Krookodile|Aqua Tail|p2a: Giovanni
|-damage|p2a: Giovanni|0 fnt
|faint|p2a: Giovanni
|-ability|p1a: Krookodile|Moxie|boost
|-boost|p1a: Krookodile|atk|1
|-damage|p1a: Krookodile|35/100|[from] item: Life Orb
|
|upkeep
|
|t:|1759046682
|switch|p2a: Charlotte|Chandelure, F|100/100
|turn|19
|
|t:|1759046686
|move|p1a: Krookodile|Aqua Tail|p2a: Charlotte
|-supereffective|p2a: Charlotte
|-damage|p2a: Charlotte|0 fnt
|faint|p2a: Charlotte
|-damage|p1a: Krookodile|25/100|[from] item: Life Orb
|
|win|QWASXC
|raw|QWASXC's rating: 1154 &rarr; <strong>1181</strong><br />(+27 for winning)
|raw|Abottleodumb's rating: 1176 &rarr; <strong>1149</strong><br />(-27 for losing)
|l|☆QWASXC
|player|p1|
|l|☆Abottleodumb
|player|p2|
