|j|☆Red Icigool
|j|☆kingofkanto69
|t:|1758980432
|gametype|singles
|player|p1|Red Icigool|swimmerf-gen4|1208
|player|p2|kingofkanto69|265|1214
|gen|9
|tier|[Gen 9] OU
|rated|
|rule|HP Percentage Mod: HP is shown in percentages
|rule|Endless Battle Clause: Forcing endless battles is banned
|rule|Species Clause: Limit one of each Pokémon
|rule|OHKO Clause: OHKO moves are banned
|rule|Evasion Items Clause: Evasion items are banned
|rule|Evasion Moves Clause: Evasion moves are banned
|rule|Evasion Abilities Clause: Evasion abilities are banned
|rule|Sleep Moves Clause: Sleep-inducing moves are banned
|clearpoke
|poke|p1|Forretress, M|
|poke|p1|Scizor, M|
|poke|p1|Kleavor, F|
|poke|p1|Yanmega, M|
|poke|p1|Araquanid, M|
|poke|p1|Vikavolt, M|
|poke|p2|Samurott-Hisui, M|
|poke|p2|Serperior, M|
|poke|p2|Great Tusk|
|poke|p2|Iron Moth|
|poke|p2|Ogerpon-Wellspring, F|
|poke|p2|Kingambit, M|
|teampreview
|inactive|Battle timer is ON: inactive players will automatically lose when time's up. (requested by kingofkanto69)
|
|t:|1758980438
|teamsize|p1|6
|teamsize|p2|6
|start
|switch|p1a: Araquanid|Araquanid, M|100/100
|switch|p2a: Samurott|Samurott-Hisui, M|100/100
|turn|1
|
|t:|1758980443
|move|p2a: Samurott|Ceaseless Edge|p1a: Araquanid|[miss]
|-miss|p2a: Samurott|p1a: Araquanid
|move|p1a: Araquanid|Infestation|p2a: Samurott
|-supereffective|p2a: Samurott
|-damage|p2a: Samurott|89/100
|-activate|p2a: Samurott|move: Infestation|[of] p1a: Araquanid
|
|-damage|p2a: Samurott|77/100|[from] move: Infestation|[partiallytrapped]
|upkeep
|turn|2
|
|t:|1758980447
|move|p2a: Samurott|Ceaseless Edge|p1a: Araquanid
|-damage|p1a: Araquanid|65/100
|-sidestart|p1: Red Icigool|Spikes
|move|p1a: Araquanid|Sticky Web|p2a: Samurott
|-sidestart|p2: kingofkanto69|move: Sticky Web
|
|-damage|p2a: Samurott|64/100|[from] move: Infestation|[partiallytrapped]
|upkeep
|turn|3
|
|t:|1758980453
|move|p2a: Samurott|Ceaseless Edge|p1a: Araquanid
|-damage|p1a: Araquanid|34/100
|-sidestart|p1: Red Icigool|Spikes
|move|p1a: Araquanid|Liquidation|p2a: Samurott
|-resisted|p2a: Samurott
|-damage|p2a: Samurott|34/100
|
|-damage|p2a: Samurott|22/100|[from] move: Infestation|[partiallytrapped]
|upkeep
|turn|4
|
|t:|1758980459
|switch|p1a: Forretress|Forretress, M|100/100
|-damage|p1a: Forretress|84/100|[from] Spikes
|move|p2a: Samurott|Ceaseless Edge|p1a: Forretress
|-damage|p1a: Forretress|58/100
|-damage|p2a: Samurott|5/100|[from] item: Rocky Helmet|[of] p1a: Forretress
|-sidestart|p1: Red Icigool|Spikes
|
|-end|p2a: Samurott|Infestation|[partiallytrapped]|[silent]
|upkeep
|turn|5
|
|t:|1758980469
|move|p2a: Samurott|Ceaseless Edge|p1a: Forretress
|-damage|p1a: Forretress|31/100
|-damage|p2a: Samurott|0 fnt|[from] item: Rocky Helmet|[of] p1a: Forretress
|faint|p2a: Samurott
|move|p1a: Forretress|Rapid Spin|p2: Samurott|[notarget]
|-fail|p1a: Forretress
|
|upkeep
|
|t:|1758980489
|switch|p2a: Iron Moth|Iron Moth|100/100
|-activate|p2a: Iron Moth|move: Sticky Web
|-unboost|p2a: Iron Moth|spe|1
|turn|6
|
|t:|1758980498
|switch|p1a: Araquanid|Araquanid, M|34/100
|move|p2a: Iron Moth|Fiery Dance|p1a: Araquanid
|-damage|p1a: Araquanid|16/100
|
|upkeep
|turn|7
|
|t:|1758980503
|move|p2a: Iron Moth|Meteor Beam||[still]
|-prepare|p2a: Iron Moth|Meteor Beam
|-boost|p2a: Iron Moth|spa|1
|-enditem|p2a: Iron Moth|Power Herb
|-anim|p2a: Iron Moth|Meteor Beam|p1a: Araquanid
|-supereffective|p1a: Araquanid
|-damage|p1a: Araquanid|0 fnt
|faint|p1a: Araquanid
|
|upkeep
|
|t:|1758980511
|switch|p1a: Yanmega|Yanmega, M|100/100
|turn|8
|
|t:|1758980517
|move|p1a: Yanmega|Air Slash|p2a: Iron Moth
|-damage|p2a: Iron Moth|48/100
|move|p2a: Iron Moth|Agility|p2a: Iron Moth
|-boost|p2a: Iron Moth|spe|2
|
|upkeep
|turn|9
|
|t:|1758980523
|move|p2a: Iron Moth|Fiery Dance|p1a: Yanmega
|-supereffective|p1a: Yanmega
|-damage|p1a: Yanmega|0 fnt
|faint|p1a: Yanmega
|
|upkeep
|
|t:|1758980528
|switch|p1a: Kleavor|Kleavor, F|100/100
|-damage|p1a: Kleavor|76/100|[from] Spikes
|turn|10
|
|t:|1758980532
|-terastallize|p1a: Kleavor|Rock
|move|p2a: Iron Moth|Fiery Dance|p1a: Kleavor
|-resisted|p1a: Kleavor
|-crit|p1a: Kleavor
|-damage|p1a: Kleavor|0 fnt
|faint|p1a: Kleavor
|
|upkeep
|
|t:|1758980538
|switch|p1a: Scizor|Scizor, M|100/100
|-damage|p1a: Scizor|76/100|[from] Spikes
|turn|11
|
|t:|1758980541
|move|p1a: Scizor|Bullet Punch|p2a: Iron Moth
|-resisted|p2a: Iron Moth
|-damage|p2a: Iron Moth|20/100
|move|p2a: Iron Moth|Fiery Dance|p1a: Scizor
|-supereffective|p1a: Scizor
|-damage|p1a: Scizor|0 fnt
|faint|p1a: Scizor
|
|upkeep
|
|t:|1758980558
|switch|p1a: Vikavolt|Vikavolt, M|100/100
|turn|12
|
|t:|1758980563
|move|p2a: Iron Moth|Fiery Dance|p1a: Vikavolt
|-supereffective|p1a: Vikavolt
|-crit|p1a: Vikavolt
|-damage|p1a: Vikavolt|0 fnt
|faint|p1a: Vikavolt
|
|upkeep
|
|t:|1758980566
|switch|p1a: Forretress|Forretress, M|31/100
|-damage|p1a: Forretress|6/100|[from] Spikes
|turn|13
|c|☆Red Icigool|gg
|-message|Red Icigool forfeited.
|
|win|kingofkanto69
|raw|Red Icigool's rating: 1208 &rarr; <strong>1183</strong><br />(-25 for losing)
|raw|kingofkanto69's rating: 1214 &rarr; <strong>1239</strong><br />(+25 for winning)
|l|☆Red Icigool
|player|p1|
|c|☆kingofkanto69|no way I naturally crit twice
