|j|☆silverfalcom
|j|☆lerendezvous
|t:|1758986879
|gametype|singles
|player|p1|silverfalcom|170|1619
|player|p2|lerendezvous|101|1722
|gen|9
|tier|[Gen 9] OU
|rated|
|rule|HP Percentage Mod: HP is shown in percentages
|rule|Endless Battle Clause: Forcing endless battles is banned
|rule|Species Clause: Limit one of each Pokémon
|rule|OHKO Clause: OHKO moves are banned
|rule|Evasion Items Clause: Evasion items are banned
|rule|Evasion Moves Clause: Evasion moves are banned
|rule|Evasion Abilities Clause: Evasion abilities are banned
|rule|Sleep Moves Clause: Sleep-inducing moves are banned
|clearpoke
|poke|p1|Iron Valiant|
|poke|p1|Ogerpon-Wellspring, F|
|poke|p1|Clefable, F|
|poke|p1|Iron Treads|
|poke|p1|Kingambit, M|
|poke|p1|Corviknight, M|
|poke|p2|Ogerpon-Wellspring, F|
|poke|p2|Slowking-Galar, F|
|poke|p2|Great Tusk|
|poke|p2|Moltres|
|poke|p2|Dragapult, M|
|poke|p2|Kingambit, M|
|teampreview
|inactive|Battle timer is ON: inactive players will automatically lose when time's up. (requested by lerendezvous)
|
|t:|1758986896
|teamsize|p1|6
|teamsize|p2|6
|start
|switch|p1a: Ogerpon|Ogerpon-Wellspring, F|100/100
|switch|p2a: Ogerpon|Ogerpon-Wellspring, F|100/100
|turn|1
|
|t:|1758986901
|switch|p1a: Corviknight|Corviknight, M|100/100
|-ability|p1a: Corviknight|Pressure
|move|p2a: Ogerpon|U-turn|p1a: Corviknight
|-resisted|p1a: Corviknight
|-damage|p1a: Corviknight|95/100
|
|t:|1758986909
|switch|p2a: Kingambit|Kingambit, M|100/100|[from] U-turn
|
|-heal|p1a: Corviknight|100/100|[from] item: Leftovers
|upkeep
|turn|2
|
|t:|1758986915
|move|p2a: Kingambit|Swords Dance|p2a: Kingambit
|-boost|p2a: Kingambit|atk|2
|move|p1a: Corviknight|Body Press|p2a: Kingambit
|-supereffective|p2a: Kingambit
|-damage|p2a: Kingambit|40/100
|
|-heal|p2a: Kingambit|46/100|[from] item: Leftovers
|upkeep
|turn|3
|
|t:|1758986924
|-terastallize|p2a: Kingambit|Ghost
|move|p2a: Kingambit|Iron Head|p1a: Corviknight
|-resisted|p1a: Corviknight
|-damage|p1a: Corviknight|64/100
|cant|p1a: Corviknight|flinch
|
|-heal|p2a: Kingambit|53/100|[from] item: Leftovers
|-heal|p1a: Corviknight|70/100|[from] item: Leftovers
|upkeep
|turn|4
|
|t:|1758986933
|move|p2a: Kingambit|Low Kick|p1a: Corviknight
|-damage|p1a: Corviknight|26/100
|move|p1a: Corviknight|U-turn|p2a: Kingambit
|-resisted|p2a: Kingambit
|-damage|p2a: Kingambit|47/100
|
|t:|1758986949
|switch|p1a: Kingambit|Kingambit, M|100/100|[from] U-turn
|
|-heal|p2a: Kingambit|53/100|[from] item: Leftovers
|upkeep
|turn|5
|
|t:|1758986954
|-end|p2a: Kingambit|fallenundefined|[silent]
|switch|p2a: Moltres|Moltres|100/100
|-terastallize|p1a: Kingambit|Flying
|move|p1a: Kingambit|Kowtow Cleave|p2a: Moltres
|-damage|p2a: Moltres|64/100
|
|upkeep
|turn|6
|
|t:|1758986963
|-end|p1a: Kingambit|fallenundefined|[silent]
|switch|p1a: Clefable|Clefable, F|100/100
|move|p2a: Moltres|Flamethrower|p1a: Clefable
|-damage|p1a: Clefable|66/100
|-status|p1a: Clefable|brn
|
|-damage|p1a: Clefable|60/100 brn|[from] brn
|upkeep
|turn|7
|
|t:|1758986971
|move|p2a: Moltres|Flamethrower|p1a: Clefable
|-damage|p1a: Clefable|25/100 brn
|move|p1a: Clefable|Thunder Wave|p2a: Moltres
|-status|p2a: Moltres|par
|
|-damage|p1a: Clefable|19/100 brn|[from] brn
|upkeep
|turn|8
|
|t:|1758986978
|move|p1a: Clefable|Moonlight|p1a: Clefable
|-heal|p1a: Clefable|69/100 brn
|cant|p2a: Moltres|par
|
|-damage|p1a: Clefable|63/100 brn|[from] brn
|upkeep
|turn|9
|
|t:|1758986982
|move|p1a: Clefable|Moonlight|p1a: Clefable
|-heal|p1a: Clefable|100/100 brn
|move|p2a: Moltres|Roost|p2a: Moltres
|-heal|p2a: Moltres|100/100 par
|-singleturn|p2a: Moltres|move: Roost
|
|-damage|p1a: Clefable|94/100 brn|[from] brn
|upkeep
|turn|10
|
|t:|1758986987
|move|p1a: Clefable|Calm Mind|p1a: Clefable
|-boost|p1a: Clefable|spa|1
|-boost|p1a: Clefable|spd|1
|move|p2a: Moltres|Flamethrower|p1a: Clefable
|-damage|p1a: Clefable|71/100 brn
|
|-damage|p1a: Clefable|65/100 brn|[from] brn
|upkeep
|turn|11
|
|t:|1758986995
|switch|p2a: Slowking|Slowking-Galar, F|100/100
|move|p1a: Clefable|Moonlight|p1a: Clefable
|-heal|p1a: Clefable|100/100 brn
|
|-damage|p1a: Clefable|94/100 brn|[from] brn
|upkeep
|turn|12
|
|t:|1758986999
|move|p1a: Clefable|Thunder Wave|p2a: Slowking
|-status|p2a: Slowking|par
|move|p2a: Slowking|Sludge Bomb|p1a: Clefable
|-supereffective|p1a: Clefable
|-damage|p1a: Clefable|38/100 brn
|
|-damage|p1a: Clefable|32/100 brn|[from] brn
|upkeep
|turn|13
|
|t:|1758987006
|switch|p1a: Corviknight|Corviknight, M|26/100
|-ability|p1a: Corviknight|Pressure
|move|p2a: Slowking|Sludge Bomb|p1a: Corviknight
|-immune|p1a: Corviknight
|
|-heal|p1a: Corviknight|32/100|[from] item: Leftovers
|upkeep
|turn|14
|
|t:|1758987012
|move|p1a: Corviknight|Roost|p1a: Corviknight
|-heal|p1a: Corviknight|82/100
|-singleturn|p1a: Corviknight|move: Roost
|move|p2a: Slowking|Flamethrower|p1a: Corviknight
|-supereffective|p1a: Corviknight
|-damage|p1a: Corviknight|46/100
|
|-heal|p1a: Corviknight|52/100|[from] item: Leftovers
|upkeep
|turn|15
|
|t:|1758987018
|move|p1a: Corviknight|Roost|p1a: Corviknight
|-heal|p1a: Corviknight|100/100
|-singleturn|p1a: Corviknight|move: Roost
|cant|p2a: Slowking|par
|
|upkeep
|turn|16
|
|t:|1758987029
|move|p1a: Corviknight|U-turn|p2a: Slowking
|-damage|p2a: Slowking|87/100 par
|
|t:|1758987031
|switch|p1a: Kingambit|Kingambit, M, tera:Flying|100/100|[from] U-turn
|move|p2a: Slowking|Ice Beam|p1a: Kingambit
|-supereffective|p1a: Kingambit
|-damage|p1a: Kingambit|48/100
|
|-heal|p1a: Kingambit|54/100|[from] item: Leftovers
|upkeep
|turn|17
|
|t:|1758987040
|-end|p1a: Kingambit|fallenundefined|[silent]
|switch|p1a: Ogerpon|Ogerpon-Wellspring, F|100/100
|switch|p2a: Great Tusk|Great Tusk|100/100
|
|upkeep
|turn|18
|
|t:|1758987044
|-end|p2a: Great Tusk|Protosynthesis|[silent]
|switch|p2a: Dragapult|Dragapult, M|100/100
|move|p1a: Ogerpon|Ivy Cudgel|p2a: Dragapult|[anim] Ivy Cudgel Water
|-resisted|p2a: Dragapult
|-damage|p2a: Dragapult|62/100
|
|upkeep
|turn|19
|
|t:|1758987049
|switch|p1a: Corviknight|Corviknight, M|100/100
|-ability|p1a: Corviknight|Pressure
|move|p2a: Dragapult|Will-O-Wisp|p1a: Corviknight
|-status|p1a: Corviknight|brn
|
|-damage|p1a: Corviknight|94/100 brn|[from] brn
|upkeep
|turn|20
|
|t:|1758987055
|move|p2a: Dragapult|Hex|p1a: Corviknight
|-damage|p1a: Corviknight|55/100 brn
|move|p1a: Corviknight|U-turn|p2a: Dragapult
|-resisted|p2a: Dragapult
|-damage|p2a: Dragapult|57/100
|
|t:|1758987076
|switch|p1a: Kingambit|Kingambit, M, tera:Flying|54/100|[from] U-turn
|
|-heal|p1a: Kingambit|60/100|[from] item: Leftovers
|upkeep
|turn|21
|
|t:|1758987081
|move|p2a: Dragapult|Will-O-Wisp|p1a: Kingambit|[miss]
|-miss|p2a: Dragapult|p1a: Kingambit
|move|p1a: Kingambit|Kowtow Cleave|p2a: Dragapult
|-supereffective|p2a: Dragapult
|-damage|p2a: Dragapult|0 fnt
|faint|p2a: Dragapult
|
|-heal|p1a: Kingambit|67/100|[from] item: Leftovers
|upkeep
|
|t:|1758987087
|switch|p2a: Great Tusk|Great Tusk|100/100
|turn|22
|
|t:|1758987094
|move|p2a: Great Tusk|Ice Spinner|p1a: Kingambit
|-supereffective|p1a: Kingambit
|-damage|p1a: Kingambit|27/100
|move|p1a: Kingambit|Swords Dance|p1a: Kingambit
|-boost|p1a: Kingambit|atk|2
|
|-heal|p1a: Kingambit|34/100|[from] item: Leftovers
|upkeep
|turn|23
|
|t:|1758987111
|-end|p1a: Kingambit|fallenundefined|[silent]
|switch|p1a: Clefable|Clefable, F|32/100 brn
|move|p2a: Great Tusk|Stealth Rock|p1a: Clefable
|-sidestart|p1: silverfalcom|move: Stealth Rock
|
|-damage|p1a: Clefable|26/100 brn|[from] brn
|upkeep
|turn|24
|
|t:|1758987117
|-end|p2a: Great Tusk|Protosynthesis|[silent]
|switch|p2a: Ogerpon|Ogerpon-Wellspring, F|100/100
|move|p1a: Clefable|Moonblast|p2a: Ogerpon
|-damage|p2a: Ogerpon|65/100
|
|-damage|p1a: Clefable|20/100 brn|[from] brn
|upkeep
|turn|25
|
|t:|1758987123
|move|p2a: Ogerpon|Power Whip|p1a: Clefable
|-damage|p1a: Clefable|0 fnt
|faint|p1a: Clefable
|
|upkeep
|
|t:|1758987129
|switch|p1a: Corviknight|Corviknight, M|55/100 brn
|-damage|p1a: Corviknight|42/100 brn|[from] Stealth Rock
|-ability|p1a: Corviknight|Pressure
|turn|26
|
|t:|1758987133
|move|p2a: Ogerpon|Ivy Cudgel|p1a: Corviknight|[anim] Ivy Cudgel Water
|-damage|p1a: Corviknight|0 fnt
|faint|p1a: Corviknight
|
|upkeep
|
|t:|1758987143
|switch|p1a: Ogerpon|Ogerpon-Wellspring, F|100/100
|-damage|p1a: Ogerpon|88/100|[from] Stealth Rock
|turn|27
|
|t:|1758987147
|move|p1a: Ogerpon|Horn Leech|p2a: Ogerpon
|-damage|p2a: Ogerpon|9/100
|-heal|p1a: Ogerpon|100/100|[from] drain|[of] p2a: Ogerpon
|move|p2a: Ogerpon|Power Whip|p1a: Ogerpon|[miss]
|-miss|p2a: Ogerpon|p1a: Ogerpon
|
|upkeep
|turn|28
|
|t:|1758987154
|move|p2a: Ogerpon|U-turn|p1a: Ogerpon
|-supereffective|p1a: Ogerpon
|-damage|p1a: Ogerpon|33/100
|
|t:|1758987158
|switch|p2a: Kingambit|Kingambit, M, tera:Ghost|53/100|[from] U-turn
|-activate|p2a: Kingambit|ability: Supreme Overlord
|-start|p2a: Kingambit|fallen1|[silent]
|move|p1a: Ogerpon|Horn Leech|p2a: Kingambit
|-damage|p2a: Kingambit|16/100
|-heal|p1a: Ogerpon|56/100|[from] drain|[of] p2a: Kingambit
|
|-heal|p2a: Kingambit|22/100|[from] item: Leftovers
|upkeep
|turn|29
|
|t:|1758987165
|switch|p1a: Iron Treads|Iron Treads|100/100
|-damage|p1a: Iron Treads|98/100|[from] Stealth Rock
|move|p2a: Kingambit|Sucker Punch||[still]
|-fail|p2a: Kingambit
|
|-heal|p1a: Iron Treads|100/100|[from] item: Leftovers
|-heal|p2a: Kingambit|28/100|[from] item: Leftovers
|upkeep
|turn|30
|
|t:|1758987170
|-end|p2a: Kingambit|fallen1|[silent]
|switch|p2a: Great Tusk|Great Tusk|100/100
|move|p1a: Iron Treads|Knock Off|p2a: Great Tusk
|-resisted|p2a: Great Tusk
|-damage|p2a: Great Tusk|91/100
|-damage|p1a: Iron Treads|84/100|[from] item: Rocky Helmet|[of] p2a: Great Tusk
|-enditem|p2a: Great Tusk|Rocky Helmet|[from] move: Knock Off|[of] p1a: Iron Treads
|
|-heal|p1a: Iron Treads|90/100|[from] item: Leftovers
|upkeep
|turn|31
|
|t:|1758987181
|move|p2a: Great Tusk|Headlong Rush|p1a: Iron Treads
|-supereffective|p1a: Iron Treads
|-damage|p1a: Iron Treads|0 fnt
|-unboost|p2a: Great Tusk|def|1
|-unboost|p2a: Great Tusk|spd|1
|faint|p1a: Iron Treads
|-end|p1a: Iron Treads|Quark Drive|[silent]
|
|upkeep
|
|t:|1758987185
|switch|p1a: Iron Valiant|Iron Valiant|100/100
|-damage|p1a: Iron Valiant|94/100|[from] Stealth Rock
|turn|32
|
|t:|1758987190
|-end|p2a: Great Tusk|Protosynthesis|[silent]
|switch|p2a: Ogerpon|Ogerpon-Wellspring, F|9/100
|move|p1a: Iron Valiant|Thunderbolt|p2a: Ogerpon
|-damage|p2a: Ogerpon|0 fnt
|faint|p2a: Ogerpon
|
|upkeep
|
|t:|1758987196
|switch|p2a: Slowking|Slowking-Galar, F|100/100 par
|turn|33
|
|t:|1758987206
|-end|p1a: Iron Valiant|Quark Drive|[silent]
|switch|p1a: Ogerpon|Ogerpon-Wellspring, F|56/100
|-damage|p1a: Ogerpon|43/100|[from] Stealth Rock
|cant|p2a: Slowking|par
|
|upkeep
|turn|34
|
|t:|1758987211
|move|p1a: Ogerpon|Ivy Cudgel|p2a: Slowking|[anim] Ivy Cudgel Water
|-damage|p2a: Slowking|42/100 par
|move|p2a: Slowking|Sludge Bomb|p1a: Ogerpon
|-supereffective|p1a: Ogerpon
|-damage|p1a: Ogerpon|0 fnt
|faint|p1a: Ogerpon
|
|upkeep
|
|t:|1758987233
|switch|p1a: Iron Valiant|Iron Valiant|94/100
|-damage|p1a: Iron Valiant|88/100|[from] Stealth Rock
|turn|35
|
|t:|1758987237
|move|p1a: Iron Valiant|Shadow Ball|p2a: Slowking
|-supereffective|p2a: Slowking
|-damage|p2a: Slowking|9/100 par
|move|p2a: Slowking|Sludge Bomb|p1a: Iron Valiant
|-supereffective|p1a: Iron Valiant
|-damage|p1a: Iron Valiant|0 fnt
|faint|p1a: Iron Valiant
|-end|p1a: Iron Valiant|Quark Drive|[silent]
|
|upkeep
|
|t:|1758987242
|switch|p1a: Kingambit|Kingambit, M, tera:Flying|34/100
|-damage|p1a: Kingambit|9/100|[from] Stealth Rock
|-activate|p1a: Kingambit|ability: Supreme Overlord
|-start|p1a: Kingambit|fallen5|[silent]
|turn|36
|
|t:|1758987246
|switch|p2a: Great Tusk|Great Tusk|91/100
|move|p1a: Kingambit|Iron Head|p2a: Great Tusk
|-damage|p2a: Great Tusk|40/100
|
|-heal|p1a: Kingambit|15/100|[from] item: Leftovers
|upkeep
|turn|37
|
|t:|1758987250
|move|p1a: Kingambit|Sucker Punch|p2a: Great Tusk
|-resisted|p2a: Great Tusk
|-damage|p2a: Great Tusk|18/100
|move|p2a: Great Tusk|Ice Spinner|p1a: Kingambit
|-supereffective|p1a: Kingambit
|-damage|p1a: Kingambit|0 fnt
|faint|p1a: Kingambit
|-end|p1a: Kingambit|fallen5|[silent]
|
|win|lerendezvous
|raw|silverfalcom's rating: 1619 &rarr; <strong>1605</strong><br />(-14 for losing)
|raw|lerendezvous's rating: 1722 &rarr; <strong>1736</strong><br />(+14 for winning)
