|badge|p1|silver|gen9doublesou|30-6
|uhtml|medal-msg|<div class="broadcast-blue">Curious what those medals under the avatar are? PS now has Ladder Seasons! For more information, check out the <a href="https://www.smogon.com/forums/threads/3740067/">thread on Smogon.</a></div>
|j|☆3idk
|j|☆Lesbian Mario
|t:|1758954058
|gametype|singles
|player|p1|3idk|cynthia-masters|1623
|player|p2|Lesbian Mario|hugh|1591
|gen|9
|tier|[Gen 9] OU
|rated|
|rule|HP Percentage Mod: HP is shown in percentages
|rule|Endless Battle Clause: Forcing endless battles is banned
|rule|Species Clause: Limit one of each Pokémon
|rule|OHKO Clause: OHKO moves are banned
|rule|Evasion Items Clause: Evasion items are banned
|rule|Evasion Moves Clause: Evasion moves are banned
|rule|Evasion Abilities Clause: Evasion abilities are banned
|rule|Sleep Moves Clause: Sleep-inducing moves are banned
|clearpoke
|poke|p1|Tyranitar, M|
|poke|p1|Excadrill, F|
|poke|p1|Keldeo-Resolute|
|poke|p1|Tornadus-Therian, M|
|poke|p1|Heatran, F|
|poke|p1|Hydrapple, F|
|poke|p2|Primarina, M|
|poke|p2|Garganacl, M|
|poke|p2|Ogerpon-Wellspring, F|
|poke|p2|Slowking-Galar, M|
|poke|p2|Scizor, F|
|poke|p2|Great Tusk|
|teampreview
|inactive|Battle timer is ON: inactive players will automatically lose when time's up. (requested by 3idk)
|
|t:|1758954082
|teamsize|p1|6
|teamsize|p2|6
|start
|switch|p1a: Tyranitar|Tyranitar, M|100/100
|switch|p2a: Ogerpon|Ogerpon-Wellspring, F|100/100
|-weather|Sandstorm|[from] ability: Sand Stream|[of] p1a: Tyranitar
|turn|1
|
|t:|1758954088
|switch|p1a: Hydrapple|Hydrapple, F|100/100
|move|p2a: Ogerpon|Knock Off|p1a: Hydrapple
|-damage|p1a: Hydrapple|80/100
|-damage|p2a: Ogerpon|84/100|[from] item: Rocky Helmet|[of] p1a: Hydrapple
|-enditem|p1a: Hydrapple|Rocky Helmet|[from] move: Knock Off|[of] p2a: Ogerpon
|
|-weather|Sandstorm|[upkeep]
|-damage|p2a: Ogerpon|78/100|[from] Sandstorm
|-damage|p1a: Hydrapple|74/100|[from] Sandstorm
|upkeep
|turn|2
|
|t:|1758954107
|move|p2a: Ogerpon|U-turn|p1a: Hydrapple
|-supereffective|p1a: Hydrapple
|-damage|p1a: Hydrapple|41/100
|
|t:|1758954110
|switch|p2a: Slowking|Slowking-Galar, M|100/100|[from] U-turn
|move|p1a: Hydrapple|Giga Drain|p2a: Slowking
|-resisted|p2a: Slowking
|-damage|p2a: Slowking|92/100
|-heal|p1a: Hydrapple|46/100|[from] drain|[of] p2a: Slowking
|
|-weather|Sandstorm|[upkeep]
|-damage|p1a: Hydrapple|40/100|[from] Sandstorm
|-damage|p2a: Slowking|86/100|[from] Sandstorm
|upkeep
|turn|3
|
|t:|1758954115
|switch|p1a: Heatran|Heatran, F|100/100
|-prepare|p2a: Slowking|Chilly Reception|[premajor]
|move|p2a: Slowking|Chilly Reception|p2a: Slowking
|-weather|Snowscape
|
|t:|1758954121
|switch|p2a: Ogerpon|Ogerpon-Wellspring, F|78/100|[from] Chilly Reception
|
|-weather|Snowscape|[upkeep]
|upkeep
|turn|4
|
|t:|1758954126
|switch|p1a: Tornadus|Tornadus-Therian, M|100/100
|move|p2a: Ogerpon|Ivy Cudgel|p1a: Tornadus|[anim] Ivy Cudgel Water
|-damage|p1a: Tornadus|32/100
|
|-weather|Snowscape|[upkeep]
|upkeep
|turn|5
|
|t:|1758954134
|switch|p2a: Slowking|Slowking-Galar, M|100/100
|move|p1a: Tornadus|U-turn|p2a: Slowking
|-damage|p2a: Slowking|86/100
|
|t:|1758954138
|switch|p1a: Heatran|Heatran, F|100/100|[from] U-turn
|
|-weather|Snowscape|[upkeep]
|upkeep
|turn|6
|
|t:|1758954146
|move|p1a: Heatran|Taunt|p2a: Slowking
|-start|p2a: Slowking|move: Taunt
|-prepare|p2a: Slowking|Chilly Reception|[premajor]
|cant|p2a: Slowking|move: Taunt|Chilly Reception
|
|-weather|Snowscape|[upkeep]
|upkeep
|turn|7
|
|t:|1758954151
|switch|p2a: Garganacl|Garganacl, M|100/100
|move|p1a: Heatran|Stealth Rock|p2a: Garganacl
|-sidestart|p2: Lesbian Mario|move: Stealth Rock
|
|-weather|none
|upkeep
|turn|8
|
|t:|1758954157
|switch|p1a: Tyranitar|Tyranitar, M|100/100
|-weather|Sandstorm|[from] ability: Sand Stream|[of] p1a: Tyranitar
|move|p2a: Garganacl|Salt Cure|p1a: Tyranitar
|-damage|p1a: Tyranitar|89/100
|-start|p1a: Tyranitar|Salt Cure
|
|-weather|Sandstorm|[upkeep]
|-damage|p1a: Tyranitar|76/100|[from] Salt Cure
|upkeep
|turn|9
|
|t:|1758954166
|-terastallize|p2a: Garganacl|Fairy
|move|p1a: Tyranitar|Low Kick|p2a: Garganacl
|-resisted|p2a: Garganacl
|-damage|p2a: Garganacl|76/100
|move|p2a: Garganacl|Curse|p2a: Garganacl
|-unboost|p2a: Garganacl|spe|1
|-boost|p2a: Garganacl|atk|1
|-boost|p2a: Garganacl|def|1
|
|-weather|Sandstorm|[upkeep]
|-damage|p2a: Garganacl|70/100|[from] Sandstorm
|-heal|p2a: Garganacl|76/100|[from] item: Leftovers
|-damage|p1a: Tyranitar|64/100|[from] Salt Cure
|upkeep
|turn|10
|
|t:|1758954173
|switch|p1a: Hydrapple|Hydrapple, F|73/100
|move|p2a: Garganacl|Salt Cure|p1a: Hydrapple
|-crit|p1a: Hydrapple
|-damage|p1a: Hydrapple|57/100
|-start|p1a: Hydrapple|Salt Cure
|
|-weather|Sandstorm|[upkeep]
|-damage|p1a: Hydrapple|51/100|[from] Sandstorm
|-damage|p2a: Garganacl|70/100|[from] Sandstorm
|-heal|p2a: Garganacl|76/100|[from] item: Leftovers
|-damage|p1a: Hydrapple|38/100|[from] Salt Cure
|upkeep
|turn|11
|
|t:|1758954179
|move|p1a: Hydrapple|Nasty Plot|p1a: Hydrapple
|-boost|p1a: Hydrapple|spa|2
|move|p2a: Garganacl|Earthquake|p1a: Hydrapple
|-resisted|p1a: Hydrapple
|-damage|p1a: Hydrapple|28/100
|
|-weather|Sandstorm|[upkeep]
|-damage|p1a: Hydrapple|22/100|[from] Sandstorm
|-damage|p2a: Garganacl|70/100|[from] Sandstorm
|-heal|p2a: Garganacl|76/100|[from] item: Leftovers
|-damage|p1a: Hydrapple|10/100|[from] Salt Cure
|upkeep
|turn|12
|
|t:|1758954185
|switch|p2a: Slowking|Slowking-Galar, M|100/100
|move|p1a: Hydrapple|Giga Drain|p2a: Slowking
|-resisted|p2a: Slowking
|-damage|p2a: Slowking|82/100
|-heal|p1a: Hydrapple|19/100|[from] drain|[of] p2a: Slowking
|
|-weather|none
|-damage|p1a: Hydrapple|7/100|[from] Salt Cure
|upkeep
|turn|13
|j| pika2333
|j| Lamp0821
|
|t:|1758954193
|switch|p1a: Tornadus|Tornadus-Therian, M|65/100
|-prepare|p2a: Slowking|Chilly Reception|[premajor]
|move|p2a: Slowking|Chilly Reception|p2a: Slowking
|-weather|Snowscape
|l| Lamp0821
|
|t:|1758954200
|switch|p2a: Primarina|Primarina, M|100/100|[from] Chilly Reception
|-damage|p2a: Primarina|88/100|[from] Stealth Rock
|
|-weather|Snowscape|[upkeep]
|-heal|p2a: Primarina|94/100|[from] item: Leftovers
|upkeep
|turn|14
|j| Xman13777
|
|t:|1758954219
|move|p1a: Tornadus|U-turn|p2a: Primarina
|-resisted|p2a: Primarina
|-damage|p2a: Primarina|88/100
|
|t:|1758954225
|switch|p1a: Heatran|Heatran, F|100/100|[from] U-turn
|move|p2a: Primarina|Calm Mind|p2a: Primarina
|-boost|p2a: Primarina|spa|1
|-boost|p2a: Primarina|spd|1
|
|-weather|Snowscape|[upkeep]
|-heal|p2a: Primarina|94/100|[from] item: Leftovers
|upkeep
|turn|15
|
|t:|1758954240
|move|p1a: Heatran|Earth Power|p2a: Primarina
|-damage|p2a: Primarina|80/100
|move|p2a: Primarina|Substitute|p2a: Primarina
|-start|p2a: Primarina|Substitute
|-damage|p2a: Primarina|55/100
|
|-weather|Snowscape|[upkeep]
|-heal|p2a: Primarina|61/100|[from] item: Leftovers
|upkeep
|turn|16
|
|t:|1758954245
|move|p1a: Heatran|Earth Power|p2a: Primarina
|-activate|p2a: Primarina|move: Substitute|[damage]
|move|p2a: Primarina|Calm Mind|p2a: Primarina
|-boost|p2a: Primarina|spa|1
|-boost|p2a: Primarina|spd|1
|
|-weather|Snowscape|[upkeep]
|-heal|p2a: Primarina|68/100|[from] item: Leftovers
|upkeep
|turn|17
|
|t:|1758954249
|move|p1a: Heatran|Earth Power|p2a: Primarina
|-end|p2a: Primarina|Substitute
|move|p2a: Primarina|Psychic Noise|p1a: Heatran
|-supereffective|p1a: Heatran
|-damage|p1a: Heatran|14/100
|-start|p1a: Heatran|move: Heal Block
|
|-weather|none
|-heal|p2a: Primarina|74/100|[from] item: Leftovers
|upkeep
|turn|18
|
|t:|1758954254
|move|p1a: Heatran|Taunt|p2a: Primarina
|-start|p2a: Primarina|move: Taunt
|move|p2a: Primarina|Psychic Noise|p1a: Heatran
|-supereffective|p1a: Heatran
|-damage|p1a: Heatran|0 fnt
|faint|p1a: Heatran
|
|-heal|p2a: Primarina|80/100|[from] item: Leftovers
|upkeep
|
|t:|1758954263
|switch|p1a: Tyranitar|Tyranitar, M|64/100
|-weather|Sandstorm|[from] ability: Sand Stream|[of] p1a: Tyranitar
|turn|19
|
|t:|1758954266
|move|p1a: Tyranitar|Stone Edge|p2a: Primarina
|-damage|p2a: Primarina|13/100
|move|p2a: Primarina|Draining Kiss|p1a: Tyranitar
|-supereffective|p1a: Tyranitar
|-damage|p1a: Tyranitar|13/100
|-heal|p2a: Primarina|49/100|[from] drain|[of] p1a: Tyranitar
|
|-weather|Sandstorm|[upkeep]
|-damage|p2a: Primarina|43/100|[from] Sandstorm
|-heal|p2a: Primarina|49/100|[from] item: Leftovers
|upkeep
|turn|20
|
|t:|1758954283
|move|p1a: Tyranitar|Stone Edge|p2a: Primarina|[miss]
|-miss|p1a: Tyranitar|p2a: Primarina
|move|p2a: Primarina|Draining Kiss|p1a: Tyranitar
|-supereffective|p1a: Tyranitar
|-crit|p1a: Tyranitar
|-damage|p1a: Tyranitar|0 fnt
|-heal|p2a: Primarina|58/100|[from] drain|[of] p1a: Tyranitar
|faint|p1a: Tyranitar
|
|-weather|Sandstorm|[upkeep]
|-damage|p2a: Primarina|52/100|[from] Sandstorm
|-heal|p2a: Primarina|58/100|[from] item: Leftovers
|-end|p2a: Primarina|move: Taunt
|upkeep
|
|t:|1758954286
|switch|p1a: Excadrill|Excadrill, F|100/100
|-item|p1a: Excadrill|Air Balloon
|turn|21
|
|t:|1758954290
|move|p1a: Excadrill|Earthquake|p2a: Primarina
|-damage|p2a: Primarina|8/100
|move|p2a: Primarina|Psychic Noise|p1a: Excadrill
|-supereffective|p1a: Excadrill
|-crit|p1a: Excadrill
|-damage|p1a: Excadrill|0 fnt
|-enditem|p1a: Excadrill|Air Balloon
|faint|p1a: Excadrill
|
|-weather|Sandstorm|[upkeep]
|-damage|p2a: Primarina|2/100|[from] Sandstorm
|-heal|p2a: Primarina|8/100|[from] item: Leftovers
|upkeep
|-message|3idk forfeited.
|
|win|Lesbian Mario
|raw|3idk's rating: 1623 &rarr; <strong>1601</strong><br />(-22 for losing)
|raw|Lesbian Mario's rating: 1591 &rarr; <strong>1613</strong><br />(+22 for winning)
|l|☆3idk
|player|p1|
|l|☆Lesbian Mario
|player|p2|
|l| pika2333
