|j|☆venjazanzhes123
|j|☆refind
|t:|1758975371
|gametype|singles
|player|p1|venjazanzhes123|blue|1472
|player|p2|refind|elesa|1664
|gen|9
|tier|[Gen 9] OU
|rated|
|rule|HP Percentage Mod: HP is shown in percentages
|rule|Endless Battle Clause: Forcing endless battles is banned
|rule|Species Clause: Limit one of each Pokémon
|rule|OHKO Clause: OHKO moves are banned
|rule|Evasion Items Clause: Evasion items are banned
|rule|Evasion Moves Clause: Evasion moves are banned
|rule|Evasion Abilities Clause: Evasion abilities are banned
|rule|Sleep Moves Clause: Sleep-inducing moves are banned
|clearpoke
|poke|p1|Goodra-Hisui, M|
|poke|p1|Dragapult, M|
|poke|p1|Dragonite, M|
|poke|p1|Slowking-Galar, M|
|poke|p1|Corviknight, M|
|poke|p1|Quagsire, M|
|poke|p2|Zamazenta-*|
|poke|p2|Raging Bolt|
|poke|p2|Tornadus-Therian, M|
|poke|p2|Clefable, F|
|poke|p2|Iron Treads|
|poke|p2|Meowscarada, F|
|teampreview
|inactive|Battle timer is ON: inactive players will automatically lose when time's up. (requested by refind)
|
|t:|1758975380
|teamsize|p1|6
|teamsize|p2|6
|start
|switch|p1a: Corviknight|Corviknight, M|100/100
|switch|p2a: Meowscarada|Meowscarada, F|100/100
|turn|1
|
|t:|1758975384
|move|p2a: Meowscarada|Knock Off|p1a: Corviknight
|-start|p2a: Meowscarada|typechange|Dark|[from] ability: Protean
|-damage|p1a: Corviknight|75/100
|-damage|p2a: Meowscarada|84/100|[from] item: Rocky Helmet|[of] p1a: Corviknight
|-enditem|p1a: Corviknight|Rocky Helmet|[from] move: Knock Off|[of] p2a: Meowscarada
|move|p1a: Corviknight|Body Press|p2a: Meowscarada
|-supereffective|p2a: Meowscarada
|-damage|p2a: Meowscarada|0 fnt
|faint|p2a: Meowscarada
|
|upkeep
|
|t:|1758975397
|switch|p2a: Clefable|Clefable, F|100/100
|turn|2
|
|t:|1758975406
|switch|p1a: Goodra|Goodra-Hisui, M|100/100
|move|p2a: Clefable|Stealth Rock|p1a: Goodra
|-sidestart|p1: venjazanzhes123|move: Stealth Rock
|
|upkeep
|turn|3
|
|t:|1758975411
|switch|p2a: Iron Treads|Iron Treads|100/100
|move|p1a: Goodra|Flash Cannon|p2a: Iron Treads
|-resisted|p2a: Iron Treads
|-damage|p2a: Iron Treads|85/100
|
|-heal|p2a: Iron Treads|91/100|[from] item: Leftovers
|upkeep
|turn|4
|
|t:|1758975417
|switch|p1a: Corviknight|Corviknight, M|75/100
|-damage|p1a: Corviknight|63/100|[from] Stealth Rock
|move|p2a: Iron Treads|Volt Switch|p1a: Corviknight
|-supereffective|p1a: Corviknight
|-damage|p1a: Corviknight|40/100
|
|t:|1758975425
|-end|p2a: Iron Treads|Quark Drive|[silent]
|switch|p2a: Raging Bolt|Raging Bolt|100/100|[from] Volt Switch
|
|upkeep
|turn|5
|
|t:|1758975432
|switch|p1a: Goodra|Goodra-Hisui, M|100/100
|-damage|p1a: Goodra|94/100|[from] Stealth Rock
|move|p2a: Raging Bolt|Thunderbolt|p1a: Goodra
|-resisted|p1a: Goodra
|-damage|p1a: Goodra|83/100
|
|upkeep
|turn|6
|
|t:|1758975437
|-end|p2a: Raging Bolt|Protosynthesis|[silent]
|switch|p2a: Iron Treads|Iron Treads|91/100
|move|p1a: Goodra|Flamethrower|p2a: Iron Treads
|-supereffective|p2a: Iron Treads
|-damage|p2a: Iron Treads|43/100
|
|-heal|p2a: Iron Treads|49/100|[from] item: Leftovers
|upkeep
|turn|7
|
|t:|1758975443
|move|p2a: Iron Treads|Volt Switch|p1a: Goodra
|-resisted|p1a: Goodra
|-damage|p1a: Goodra|80/100
|
|t:|1758975446
|-end|p2a: Iron Treads|Quark Drive|[silent]
|switch|p2a: Raging Bolt|Raging Bolt|100/100|[from] Volt Switch
|move|p1a: Goodra|Flamethrower|p2a: Raging Bolt
|-resisted|p2a: Raging Bolt
|-damage|p2a: Raging Bolt|88/100
|
|-heal|p2a: Raging Bolt|94/100|[from] item: Leftovers
|upkeep
|turn|8
|
|t:|1758975454
|move|p2a: Raging Bolt|Dragon Pulse|p1a: Goodra
|-damage|p1a: Goodra|60/100
|move|p1a: Goodra|Dragon Pulse|p2a: Raging Bolt
|-supereffective|p2a: Raging Bolt
|-damage|p2a: Raging Bolt|22/100
|
|-heal|p2a: Raging Bolt|28/100|[from] item: Leftovers
|upkeep
|turn|9
|
|t:|1758975461
|-end|p2a: Raging Bolt|Protosynthesis|[silent]
|switch|p2a: Tornadus|Tornadus-Therian, M|100/100
|move|p1a: Goodra|Dragon Pulse|p2a: Tornadus
|-damage|p2a: Tornadus|70/100
|
|upkeep
|turn|10
|
|t:|1758975465
|move|p2a: Tornadus|Knock Off|p1a: Goodra
|-damage|p1a: Goodra|42/100
|-ability|p1a: Goodra|Gooey
|-unboost|p2a: Tornadus|spe|1
|-enditem|p1a: Goodra|Assault Vest|[from] move: Knock Off|[of] p2a: Tornadus
|move|p1a: Goodra|Ice Beam|p2a: Tornadus
|-supereffective|p2a: Tornadus
|-damage|p2a: Tornadus|28/100
|
|upkeep
|turn|11
|
|t:|1758975477
|move|p2a: Tornadus|U-turn|p1a: Goodra
|-resisted|p1a: Goodra
|-damage|p1a: Goodra|35/100
|-ability|p1a: Goodra|Gooey
|-unboost|p2a: Tornadus|spe|1
|
|t:|1758975480
|switch|p2a: Clefable|Clefable, F|100/100|[from] U-turn
|move|p1a: Goodra|Flamethrower|p2a: Clefable
|-damage|p2a: Clefable|70/100
|
|-heal|p2a: Clefable|76/100|[from] item: Leftovers
|upkeep
|turn|12
|
|t:|1758975487
|move|p1a: Goodra|Flash Cannon|p2a: Clefable
|-supereffective|p2a: Clefable
|-damage|p2a: Clefable|0 fnt
|faint|p2a: Clefable
|
|upkeep
|
|t:|1758975491
|switch|p2a: Iron Treads|Iron Treads|49/100
|turn|13
|
|t:|1758975493
|move|p2a: Iron Treads|Earthquake|p1a: Goodra
|-supereffective|p1a: Goodra
|-damage|p1a: Goodra|0 fnt
|faint|p1a: Goodra
|
|-heal|p2a: Iron Treads|55/100|[from] item: Leftovers
|upkeep
|
|t:|1758975495
|switch|p1a: Corviknight|Corviknight, M|40/100
|-damage|p1a: Corviknight|27/100|[from] Stealth Rock
|turn|14
|
|t:|1758975497
|move|p2a: Iron Treads|Volt Switch|p1a: Corviknight
|-supereffective|p1a: Corviknight
|-damage|p1a: Corviknight|4/100
|
|t:|1758975501
|-end|p2a: Iron Treads|Quark Drive|[silent]
|switch|p2a: Raging Bolt|Raging Bolt|28/100|[from] Volt Switch
|move|p1a: Corviknight|Defog|p2a: Raging Bolt
|-unboost|p2a: Raging Bolt|evasion|1
|-sideend|p1: venjazanzhes123|Stealth Rock|[from] move: Defog|[of] p1a: Corviknight
|
|-heal|p2a: Raging Bolt|34/100|[from] item: Leftovers
|upkeep
|turn|15
|
|t:|1758975508
|move|p2a: Raging Bolt|Dragon Pulse|p1a: Corviknight
|-resisted|p1a: Corviknight
|-damage|p1a: Corviknight|0 fnt
|faint|p1a: Corviknight
|
|-heal|p2a: Raging Bolt|40/100|[from] item: Leftovers
|upkeep
|
|t:|1758975520
|switch|p1a: Slowking|Slowking-Galar, M|100/100
|turn|16
|
|t:|1758975523
|-end|p2a: Raging Bolt|Protosynthesis|[silent]
|switch|p2a: Iron Treads|Iron Treads|55/100
|move|p1a: Slowking|Psyshock|p2a: Iron Treads
|-resisted|p2a: Iron Treads
|-damage|p2a: Iron Treads|40/100
|
|-heal|p2a: Iron Treads|46/100|[from] item: Leftovers
|upkeep
|turn|17
|
|t:|1758975529
|move|p2a: Iron Treads|Knock Off|p1a: Slowking
|-supereffective|p1a: Slowking
|-damage|p1a: Slowking|52/100
|-enditem|p1a: Slowking|Assault Vest|[from] move: Knock Off|[of] p2a: Iron Treads
|move|p1a: Slowking|Flamethrower|p2a: Iron Treads
|-supereffective|p2a: Iron Treads
|-damage|p2a: Iron Treads|0 fnt
|faint|p2a: Iron Treads
|-end|p2a: Iron Treads|Quark Drive|[silent]
|
|upkeep
|
|t:|1758975534
|switch|p2a: Zamazenta|Zamazenta|100/100
|-ability|p2a: Zamazenta|Dauntless Shield|boost
|-boost|p2a: Zamazenta|def|1
|turn|18
|
|t:|1758975539
|move|p2a: Zamazenta|Crunch|p1a: Slowking
|-supereffective|p1a: Slowking
|-damage|p1a: Slowking|0 fnt
|faint|p1a: Slowking
|
|upkeep
|
|t:|1758975542
|switch|p1a: Quagsire|Quagsire, M|100/100
|turn|19
|
|t:|1758975544
|-terastallize|p2a: Zamazenta|Fighting
|move|p2a: Zamazenta|Close Combat|p1a: Quagsire
|-damage|p1a: Quagsire|44/100
|-unboost|p2a: Zamazenta|def|1
|-unboost|p2a: Zamazenta|spd|1
|-enditem|p1a: Quagsire|Sitrus Berry|[eat]
|-heal|p1a: Quagsire|69/100|[from] item: Sitrus Berry
|move|p1a: Quagsire|Toxic|p2a: Zamazenta|[miss]
|-miss|p1a: Quagsire|p2a: Zamazenta
|
|upkeep
|turn|20
|
|t:|1758975553
|move|p2a: Zamazenta|Close Combat|p1a: Quagsire
|-crit|p1a: Quagsire
|-damage|p1a: Quagsire|0 fnt
|-unboost|p2a: Zamazenta|def|1
|-unboost|p2a: Zamazenta|spd|1
|faint|p1a: Quagsire
|
|upkeep
|
|t:|1758975556
|switch|p1a: Dragapult|Dragapult, M|100/100
|turn|21
|
|t:|1758975568
|switch|p2a: Raging Bolt|Raging Bolt|40/100
|move|p1a: Dragapult|Dragon Dance|p1a: Dragapult
|-boost|p1a: Dragapult|atk|1
|-boost|p1a: Dragapult|spe|1
|
|-heal|p2a: Raging Bolt|47/100|[from] item: Leftovers
|upkeep
|turn|22
|
|t:|1758975571
|move|p1a: Dragapult|Dragon Darts|p2a: Raging Bolt
|-supereffective|p2a: Raging Bolt
|-damage|p2a: Raging Bolt|0 fnt
|faint|p2a: Raging Bolt
|-end|p2a: Raging Bolt|Protosynthesis|[silent]
|-damage|p1a: Dragapult|91/100|[from] item: Life Orb
|
|upkeep
|
|t:|1758975574
|switch|p2a: Zamazenta|Zamazenta, tera:Fighting|100/100
|turn|23
|
|t:|1758975577
|move|p1a: Dragapult|Dragon Darts|p2a: Zamazenta
|-damage|p2a: Zamazenta|47/100
|-anim|p1a: Dragapult|Dragon Darts|p2a: Zamazenta
|-damage|p2a: Zamazenta|0 fnt
|faint|p2a: Zamazenta
|-damage|p1a: Dragapult|81/100|[from] item: Life Orb
|
|upkeep
|
|t:|1758975582
|switch|p2a: Tornadus|Tornadus-Therian, M|61/100
|turn|24
|
|t:|1758975585
|move|p1a: Dragapult|Dragon Darts|p2a: Tornadus
|-damage|p2a: Tornadus|5/100
|-anim|p1a: Dragapult|Dragon Darts|p2a: Tornadus
|-damage|p2a: Tornadus|0 fnt
|faint|p2a: Tornadus
|-damage|p1a: Dragapult|71/100|[from] item: Life Orb
|
|win|venjazanzhes123
|raw|venjazanzhes123's rating: 1472 &rarr; <strong>1502</strong><br />(+30 for winning)
|raw|refind's rating: 1664 &rarr; <strong>1634</strong><br />(-30 for losing)
|l|☆refind
|player|p2|
|l|☆venjazanzhes123
|player|p1|
