|j|☆Shibuya Arc
|j|☆barrman1313
|t:|1758932272
|gametype|singles
|player|p1|Shibuya Arc|265|1448
|player|p2|barrman1313|brycenman|1583
|gen|9
|tier|[Gen 9] OU
|rated|
|rule|HP Percentage Mod: HP is shown in percentages
|rule|Endless Battle Clause: Forcing endless battles is banned
|rule|Species Clause: Limit one of each Pokémon
|rule|OHKO Clause: OHKO moves are banned
|rule|Evasion Items Clause: Evasion items are banned
|rule|Evasion Moves Clause: Evasion moves are banned
|rule|Evasion Abilities Clause: Evasion abilities are banned
|rule|Sleep Moves Clause: Sleep-inducing moves are banned
|clearpoke
|poke|p1|Dragapult, M|
|poke|p1|Dragonite, F|
|poke|p1|Ting-Lu|
|poke|p1|Weezing-Galar, F|
|poke|p1|Iron Crown|
|poke|p1|Zapdos|
|poke|p2|Diancie|
|poke|p2|Kyurem|
|poke|p2|Necrozma|
|poke|p2|Hatterene, F|
|poke|p2|Iron Hands|
|poke|p2|Landorus-Therian, M|
|teampreview
|inactive|Battle timer is ON: inactive players will automatically lose when time's up. (requested by Shibuya Arc)
|
|t:|1758932284
|teamsize|p1|6
|teamsize|p2|6
|start
|switch|p1a: Iron Crown|Iron Crown|100/100
|switch|p2a: Landorus|Landorus-Therian, M|100/100
|-ability|p2a: Landorus|Intimidate|boost
|-unboost|p1a: Iron Crown|atk|1
|turn|1
|
|t:|1758932290
|-terastallize|p1a: Iron Crown|Steel
|move|p1a: Iron Crown|Tachyon Cutter|p2a: Landorus
|-damage|p2a: Landorus|43/100
|-damage|p2a: Landorus|0 fnt
|faint|p2a: Landorus
|-hitcount|p2: Landorus|2
|
|upkeep
|
|t:|1758932297
|switch|p2a: Kyurem|Kyurem|100/100
|-ability|p2a: Kyurem|Pressure
|turn|2
|
|t:|1758932303
|-terastallize|p2a: Kyurem|Fire
|move|p1a: Iron Crown|Tachyon Cutter|p2a: Kyurem
|-resisted|p2a: Kyurem
|-damage|p2a: Kyurem|75/100
|-resisted|p2a: Kyurem
|-damage|p2a: Kyurem|51/100
|-hitcount|p2a: Kyurem|2
|move|p2a: Kyurem|Dragon Dance|p2a: Kyurem
|-boost|p2a: Kyurem|atk|1
|-boost|p2a: Kyurem|spe|1
|
|upkeep
|turn|3
|
|t:|1758932310
|-end|p1a: Iron Crown|Quark Drive|[silent]
|switch|p1a: Zapdos|Zapdos|100/100
|move|p2a: Kyurem|Tera Blast|p1a: Zapdos|[anim] Tera Blast Fire
|-damage|p1a: Zapdos|15/100
|
|upkeep
|turn|4
|
|t:|1758932326
|move|p2a: Kyurem|Scale Shot|p1a: Zapdos
|-damage|p1a: Zapdos|0 fnt
|faint|p1a: Zapdos
|-hitcount|p1: Zapdos|1
|-unboost|p2a: Kyurem|def|1
|-boost|p2a: Kyurem|spe|1
|
|upkeep
|
|t:|1758932332
|switch|p1a: Ting-Lu|Ting-Lu|100/100
|-ability|p1a: Ting-Lu|Vessel of Ruin
|turn|5
|
|t:|1758932338
|move|p2a: Kyurem|Icicle Spear|p1a: Ting-Lu
|-supereffective|p1a: Ting-Lu
|-crit|p1a: Ting-Lu
|-damage|p1a: Ting-Lu|65/100
|-supereffective|p1a: Ting-Lu
|-damage|p1a: Ting-Lu|42/100
|-supereffective|p1a: Ting-Lu
|-damage|p1a: Ting-Lu|18/100
|-supereffective|p1a: Ting-Lu
|-damage|p1a: Ting-Lu|0 fnt
|faint|p1a: Ting-Lu
|-hitcount|p1: Ting-Lu|4
|
|upkeep
|
|t:|1758932344
|switch|p1a: Weezing|Weezing-Galar, F|100/100
|-ability|p1a: Weezing|Neutralizing Gas
|turn|6
|
|t:|1758932350
|move|p2a: Kyurem|Icicle Spear|p1a: Weezing
|-damage|p1a: Weezing|87/100
|-damage|p1a: Weezing|73/100
|-crit|p1a: Weezing
|-damage|p1a: Weezing|53/100
|-damage|p1a: Weezing|39/100
|-hitcount|p1a: Weezing|4
|move|p1a: Weezing|Toxic Spikes|p2a: Kyurem
|-sidestart|p2: barrman1313|move: Toxic Spikes
|
|upkeep
|turn|7
|
|t:|1758932360
|-end|p1a: Weezing|ability: Neutralizing Gas
|-ability|p2a: Kyurem|Pressure
|switch|p1a: Iron Crown|Iron Crown, tera:Steel|100/100
|move|p2a: Kyurem|Icicle Spear|p1a: Iron Crown
|-resisted|p1a: Iron Crown
|-damage|p1a: Iron Crown|90/100
|-resisted|p1a: Iron Crown
|-damage|p1a: Iron Crown|79/100
|-resisted|p1a: Iron Crown
|-damage|p1a: Iron Crown|67/100
|-resisted|p1a: Iron Crown
|-damage|p1a: Iron Crown|55/100
|-hitcount|p1a: Iron Crown|4
|
|upkeep
|turn|8
|
|t:|1758932373
|-end|p1a: Iron Crown|Quark Drive|[silent]
|switch|p1a: Dragonite|Dragonite, F|100/100
|move|p2a: Kyurem|Tera Blast|p1a: Dragonite|[anim] Tera Blast Fire
|-resisted|p1a: Dragonite
|-damage|p1a: Dragonite|82/100
|
|upkeep
|turn|9
|inactive|barrman1313 has 120 seconds left.
|
|t:|1758932410
|move|p1a: Dragonite|Extreme Speed|p2a: Kyurem
|-damage|p2a: Kyurem|7/100
|move|p2a: Kyurem|Icicle Spear|p1a: Dragonite
|-supereffective|p1a: Dragonite
|-damage|p1a: Dragonite|2/100
|-supereffective|p1a: Dragonite
|-damage|p1a: Dragonite|0 fnt
|faint|p1a: Dragonite
|-hitcount|p1: Dragonite|2
|
|upkeep
|
|t:|1758932416
|switch|p1a: Iron Crown|Iron Crown, tera:Steel|55/100
|turn|10
|
|t:|1758932422
|-end|p1a: Iron Crown|Quark Drive|[silent]
|switch|p1a: Dragapult|Dragapult, M|100/100
|move|p2a: Kyurem|Tera Blast|p1a: Dragapult|[anim] Tera Blast Fire
|-resisted|p1a: Dragapult
|-damage|p1a: Dragapult|53/100
|
|upkeep
|turn|11
|
|t:|1758932441
|switch|p1a: Iron Crown|Iron Crown, tera:Steel|55/100
|move|p2a: Kyurem|Icicle Spear|p1a: Iron Crown
|-resisted|p1a: Iron Crown
|-damage|p1a: Iron Crown|44/100
|-resisted|p1a: Iron Crown
|-damage|p1a: Iron Crown|32/100
|-resisted|p1a: Iron Crown
|-damage|p1a: Iron Crown|21/100
|-resisted|p1a: Iron Crown
|-damage|p1a: Iron Crown|10/100
|-resisted|p1a: Iron Crown
|-damage|p1a: Iron Crown|0 fnt
|faint|p1a: Iron Crown
|-end|p1a: Iron Crown|Quark Drive|[silent]
|-hitcount|p1: Iron Crown|5
|
|upkeep
|
|t:|1758932446
|switch|p1a: Weezing|Weezing-Galar, F|39/100
|-ability|p1a: Weezing|Neutralizing Gas
|turn|12
|
|t:|1758932452
|move|p2a: Kyurem|Icicle Spear|p1a: Weezing
|-damage|p1a: Weezing|25/100
|-damage|p1a: Weezing|10/100
|-damage|p1a: Weezing|0 fnt
|faint|p1a: Weezing
|-end|p1a: Weezing|ability: Neutralizing Gas
|-ability|p2a: Kyurem|Pressure
|-hitcount|p1: Weezing|3
|
|upkeep
|
|t:|1758932456
|switch|p1a: Dragapult|Dragapult, M|53/100
|turn|13
|
|t:|1758932459
|move|p2a: Kyurem|Icicle Spear|p1a: Dragapult
|-supereffective|p1a: Dragapult
|-damage|p1a: Dragapult|0 fnt
|-start|p2a: Kyurem|Disable|Icicle Spear|[from] ability: Cursed Body|[of] p1a: Dragapult
|faint|p1a: Dragapult
|-hitcount|p1: Dragapult|1
|
|win|barrman1313
|raw|Shibuya Arc's rating: 1448 &rarr; <strong>1435</strong><br />(-13 for losing)
|raw|barrman1313's rating: 1583 &rarr; <strong>1596</strong><br />(+13 for winning)
