|j|☆dinusrmu
|j|☆Toxic Smite
|t:|1759039476
|gametype|singles
|player|p1|dinusrmu|ninjaboy|1260
|player|p2|Toxic Smite|gambler|1283
|gen|9
|tier|[Gen 9] OU
|rated|
|rule|HP Percentage Mod: HP is shown in percentages
|rule|Endless Battle Clause: Forcing endless battles is banned
|rule|Species Clause: Limit one of each Pokémon
|rule|OHKO Clause: OHKO moves are banned
|rule|Evasion Items Clause: Evasion items are banned
|rule|Evasion Moves Clause: Evasion moves are banned
|rule|Evasion Abilities Clause: Evasion abilities are banned
|rule|Sleep Moves Clause: Sleep-inducing moves are banned
|clearpoke
|poke|p1|Ceruledge, F|
|poke|p1|Latias, F|
|poke|p1|Zamazenta-*|
|poke|p1|Clodsire, F|
|poke|p1|Iron Treads|
|poke|p1|Rotom-Wash|
|poke|p2|Rhydon, F|
|poke|p2|Ogerpon-Wellspring, F|
|poke|p2|Moltres|
|poke|p2|Raging Bolt|
|poke|p2|Weezing-Galar, M|
|poke|p2|Grimmsnarl, M|
|teampreview
|inactive|Battle timer is ON: inactive players will automatically lose when time's up. (requested by dinusrmu)
|
|t:|1759039523
|teamsize|p1|6
|teamsize|p2|6
|start
|switch|p1a: Iron Treads|Iron Treads|100/100
|switch|p2a: Raging Bolt|Raging Bolt|100/100
|turn|1
|
|t:|1759039530
|move|p1a: Iron Treads|Stealth Rock|p2a: Raging Bolt
|-sidestart|p2: Toxic Smite|move: Stealth Rock
|move|p2a: Raging Bolt|Substitute|p2a: Raging Bolt
|-start|p2a: Raging Bolt|Substitute
|-damage|p2a: Raging Bolt|76/100
|
|-heal|p2a: Raging Bolt|82/100|[from] item: Leftovers
|upkeep
|turn|2
|
|t:|1759039534
|move|p1a: Iron Treads|Earthquake|p2a: Raging Bolt
|-supereffective|p2a: Raging Bolt
|-end|p2a: Raging Bolt|Substitute
|move|p2a: Raging Bolt|Dragon Pulse|p1a: Iron Treads
|-resisted|p1a: Iron Treads
|-damage|p1a: Iron Treads|78/100
|
|-heal|p2a: Raging Bolt|88/100|[from] item: Leftovers
|upkeep
|turn|3
|
|t:|1759039546
|-end|p2a: Raging Bolt|Protosynthesis|[silent]
|switch|p2a: Weezing|Weezing-Galar, M|100/100
|-damage|p2a: Weezing|88/100|[from] Stealth Rock
|move|p1a: Iron Treads|Knock Off|p2a: Weezing
|-resisted|p2a: Weezing
|-damage|p2a: Weezing|78/100
|-damage|p1a: Iron Treads|61/100|[from] item: Rocky Helmet|[of] p2a: Weezing
|-enditem|p2a: Weezing|Rocky Helmet|[from] move: Knock Off|[of] p1a: Iron Treads
|
|upkeep
|turn|4
|inactive|dinusrmu has 120 seconds left.
|
|t:|1759039598
|-end|p1a: Iron Treads|Quark Drive|[silent]
|switch|p1a: Clodsire|Clodsire, F|100/100
|move|p2a: Weezing|Defog|p1a: Clodsire
|-unboost|p1a: Clodsire|evasion|1
|-sideend|p2: Toxic Smite|Stealth Rock|[from] move: Defog|[of] p2a: Weezing
|
|upkeep
|turn|5
|
|t:|1759039610
|switch|p2a: Grimmsnarl|Grimmsnarl, M|100/100
|move|p1a: Clodsire|Toxic Spikes|p2a: Grimmsnarl
|-sidestart|p2: Toxic Smite|move: Toxic Spikes
|
|upkeep
|turn|6
|
|t:|1759039617
|move|p2a: Grimmsnarl|Trick|p1a: Clodsire
|-activate|p2a: Grimmsnarl|move: Trick|[of] p1a: Clodsire
|-item|p1a: Clodsire|Choice Scarf|[from] move: Trick
|-item|p2a: Grimmsnarl|Leftovers|[from] move: Trick
|move|p1a: Clodsire|Toxic|p2a: Grimmsnarl
|-status|p2a: Grimmsnarl|tox
|
|-damage|p2a: Grimmsnarl|94/100 tox|[from] psn
|upkeep
|turn|7
|
|t:|1759039626
|switch|p2a: Weezing|Weezing-Galar, M|78/100
|switch|p1a: Iron Treads|Iron Treads|61/100
|
|upkeep
|turn|8
|
|t:|1759039635
|move|p1a: Iron Treads|Rapid Spin|p2a: Weezing
|-damage|p2a: Weezing|66/100
|-boost|p1a: Iron Treads|spe|1
|move|p2a: Weezing|Defog|p1a: Iron Treads
|-unboost|p1a: Iron Treads|evasion|1
|-sideend|p2: Toxic Smite|Toxic Spikes|[from] move: Defog|[of] p2a: Weezing
|
|upkeep
|turn|9
|inactive|dinusrmu has 120 seconds left.
|
|t:|1759039656
|switch|p2a: Grimmsnarl|Grimmsnarl, M|94/100 tox
|move|p1a: Iron Treads|Stealth Rock|p2a: Grimmsnarl
|-sidestart|p2: Toxic Smite|move: Stealth Rock
|
|-heal|p2a: Grimmsnarl|100/100 tox|[from] item: Leftovers
|-damage|p2a: Grimmsnarl|94/100 tox|[from] psn
|upkeep
|turn|10
|
|t:|1759039664
|move|p2a: Grimmsnarl|Parting Shot|p1a: Iron Treads
|-unboost|p1a: Iron Treads|atk|1
|-unboost|p1a: Iron Treads|spa|1
|
|t:|1759039669
|switch|p2a: Moltres|Moltres|100/100|[from] Parting Shot
|move|p1a: Iron Treads|Rapid Spin|p2a: Moltres
|-crit|p2a: Moltres
|-damage|p2a: Moltres|87/100
|-boost|p1a: Iron Treads|spe|1
|
|upkeep
|turn|11
|
|t:|1759039680
|move|p1a: Iron Treads|Knock Off|p2a: Moltres
|-damage|p2a: Moltres|75/100
|-enditem|p2a: Moltres|Heavy-Duty Boots|[from] move: Knock Off|[of] p1a: Iron Treads
|move|p2a: Moltres|Fire Spin|p1a: Iron Treads
|-supereffective|p1a: Iron Treads
|-damage|p1a: Iron Treads|36/100
|-activate|p1a: Iron Treads|move: Fire Spin|[of] p2a: Moltres
|
|-damage|p1a: Iron Treads|24/100|[from] move: Fire Spin|[partiallytrapped]
|upkeep
|turn|12
|
|t:|1759039694
|move|p1a: Iron Treads|Rapid Spin|p2a: Moltres
|-damage|p2a: Moltres|69/100
|-boost|p1a: Iron Treads|spe|1
|-end|p1a: Iron Treads|Fire Spin|[partiallytrapped]
|move|p2a: Moltres|Fire Spin|p1a: Iron Treads
|-supereffective|p1a: Iron Treads
|-damage|p1a: Iron Treads|0 fnt
|faint|p1a: Iron Treads
|-end|p1a: Iron Treads|Quark Drive|[silent]
|
|upkeep
|
|t:|1759039709
|switch|p1a: Rotom|Rotom-Wash|100/100
|turn|13
|
|t:|1759039735
|switch|p2a: Rhydon|Rhydon, F|100/100
|-damage|p2a: Rhydon|95/100|[from] Stealth Rock
|move|p1a: Rotom|Volt Switch|p2a: Rhydon
|-immune|p2a: Rhydon
|
|upkeep
|turn|14
|
|t:|1759039747
|switch|p2a: Raging Bolt|Raging Bolt|88/100
|-damage|p2a: Raging Bolt|76/100|[from] Stealth Rock
|move|p1a: Rotom|Will-O-Wisp|p2a: Raging Bolt
|-status|p2a: Raging Bolt|brn
|
|-heal|p2a: Raging Bolt|82/100 brn|[from] item: Leftovers
|-damage|p2a: Raging Bolt|76/100 brn|[from] brn
|upkeep
|turn|15
|
|t:|1759039764
|switch|p1a: Clodsire|Clodsire, F|100/100
|move|p2a: Raging Bolt|Substitute|p2a: Raging Bolt
|-start|p2a: Raging Bolt|Substitute
|-damage|p2a: Raging Bolt|51/100 brn
|
|-heal|p2a: Raging Bolt|57/100 brn|[from] item: Leftovers
|-damage|p2a: Raging Bolt|51/100 brn|[from] brn
|upkeep
|turn|16
|
|t:|1759039770
|move|p2a: Raging Bolt|Dragon Pulse|p1a: Clodsire
|-damage|p1a: Clodsire|75/100
|move|p1a: Clodsire|Earthquake|p2a: Raging Bolt
|-supereffective|p2a: Raging Bolt
|-end|p2a: Raging Bolt|Substitute
|
|-heal|p2a: Raging Bolt|57/100 brn|[from] item: Leftovers
|-damage|p2a: Raging Bolt|51/100 brn|[from] brn
|upkeep
|turn|17
|
|t:|1759039780
|-end|p2a: Raging Bolt|Protosynthesis|[silent]
|switch|p2a: Weezing|Weezing-Galar, M|66/100
|-damage|p2a: Weezing|54/100|[from] Stealth Rock
|move|p1a: Clodsire|Earthquake|p2a: Weezing
|-immune|p2a: Weezing|[from] ability: Levitate
|
|upkeep
|turn|18
|
|t:|1759039795
|switch|p1a: Latias|Latias, F|100/100
|move|p2a: Weezing|Defog|p1a: Latias
|-unboost|p1a: Latias|evasion|1
|-sideend|p2: Toxic Smite|Stealth Rock|[from] move: Defog|[of] p2a: Weezing
|
|upkeep
|turn|19
|
|t:|1759039803
|switch|p2a: Grimmsnarl|Grimmsnarl, M|94/100 tox
|-terastallize|p1a: Latias|Poison
|move|p1a: Latias|Calm Mind|p1a: Latias
|-boost|p1a: Latias|spa|1
|-boost|p1a: Latias|spd|1
|
|-heal|p2a: Grimmsnarl|100/100 tox|[from] item: Leftovers
|-damage|p2a: Grimmsnarl|94/100 tox|[from] psn
|upkeep
|turn|20
|
|t:|1759039810
|move|p2a: Grimmsnarl|Parting Shot|p1a: Latias
|-unboost|p1a: Latias|atk|1
|-unboost|p1a: Latias|spa|1
|
|t:|1759039839
|switch|p2a: Ogerpon|Ogerpon-Wellspring, F|100/100|[from] Parting Shot
|move|p1a: Latias|Calm Mind|p1a: Latias
|-boost|p1a: Latias|spa|1
|-boost|p1a: Latias|spd|1
|
|upkeep
|turn|21
|
|t:|1759039847
|-terastallize|p2a: Ogerpon|Water
|detailschange|p2a: Ogerpon|Ogerpon-Wellspring-Tera, F, tera:Water
|-ability|p2a: Ogerpon|Embody Aspect (Wellspring)|boost
|-boost|p2a: Ogerpon|spd|1
|move|p1a: Latias|Stored Power|p2a: Ogerpon
|-damage|p2a: Ogerpon|53/100
|move|p2a: Ogerpon|Ivy Cudgel|p1a: Latias|[anim] Ivy Cudgel Water
|-damage|p1a: Latias|3/100
|
|upkeep
|turn|22
|
|t:|1759039863
|move|p2a: Ogerpon|Knock Off|p1a: Latias
|-damage|p1a: Latias|0 fnt
|-enditem|p1a: Latias|Weakness Policy|[from] move: Knock Off|[of] p2a: Ogerpon
|faint|p1a: Latias
|
|upkeep
|
|t:|1759039867
|switch|p1a: Zamazenta|Zamazenta|100/100
|-ability|p1a: Zamazenta|Dauntless Shield|boost
|-boost|p1a: Zamazenta|def|1
|turn|23
|
|t:|1759039873
|switch|p2a: Moltres|Moltres|69/100
|move|p1a: Zamazenta|Iron Defense|p1a: Zamazenta
|-boost|p1a: Zamazenta|def|2
|
|upkeep
|turn|24
|
|t:|1759039878
|switch|p1a: Rotom|Rotom-Wash|100/100
|move|p2a: Moltres|Roost|p2a: Moltres
|-heal|p2a: Moltres|100/100
|-singleturn|p2a: Moltres|move: Roost
|
|upkeep
|turn|25
|
|t:|1759039888
|switch|p2a: Raging Bolt|Raging Bolt|51/100 brn
|move|p1a: Rotom|Volt Switch|p2a: Raging Bolt
|-resisted|p2a: Raging Bolt
|-damage|p2a: Raging Bolt|46/100 brn
|
|t:|1759039905
|switch|p1a: Clodsire|Clodsire, F|75/100|[from] Volt Switch
|
|-heal|p2a: Raging Bolt|52/100 brn|[from] item: Leftovers
|-damage|p2a: Raging Bolt|46/100 brn|[from] brn
|upkeep
|turn|26
|
|t:|1759039922
|-end|p2a: Raging Bolt|Protosynthesis|[silent]
|switch|p2a: Weezing|Weezing-Galar, M|54/100
|move|p1a: Clodsire|Earthquake|p2a: Weezing
|-immune|p2a: Weezing|[from] ability: Levitate
|
|upkeep
|turn|27
|
|t:|1759039929
|move|p2a: Weezing|Dazzling Gleam|p1a: Clodsire
|-resisted|p1a: Clodsire
|-damage|p1a: Clodsire|68/100
|move|p1a: Clodsire|Earthquake|p2a: Weezing
|-immune|p2a: Weezing|[from] ability: Levitate
|
|upkeep
|turn|28
|
|t:|1759039935
|switch|p1a: Rotom|Rotom-Wash|100/100
|move|p2a: Weezing|Toxic|p1a: Rotom
|-status|p1a: Rotom|tox
|
|-damage|p1a: Rotom|94/100 tox|[from] psn
|upkeep
|turn|29
|
|t:|1759039948
|switch|p2a: Rhydon|Rhydon, F|95/100
|move|p1a: Rotom|Will-O-Wisp|p2a: Rhydon
|-status|p2a: Rhydon|brn
|
|-heal|p1a: Rotom|100/100 tox|[from] item: Leftovers
|-damage|p1a: Rotom|88/100 tox|[from] psn
|-damage|p2a: Rhydon|89/100 brn|[from] brn
|upkeep
|turn|30
|
|t:|1759039952
|move|p1a: Rotom|Hydro Pump|p2a: Rhydon|[miss]
|-miss|p1a: Rotom|p2a: Rhydon
|move|p2a: Rhydon|Stealth Rock|p1a: Rotom
|-sidestart|p1: dinusrmu|move: Stealth Rock
|
|-heal|p1a: Rotom|94/100 tox|[from] item: Leftovers
|-damage|p1a: Rotom|75/100 tox|[from] psn
|-damage|p2a: Rhydon|83/100 brn|[from] brn
|upkeep
|turn|31
|
|t:|1759039958
|switch|p1a: Clodsire|Clodsire, F|68/100
|-damage|p1a: Clodsire|62/100|[from] Stealth Rock
|switch|p2a: Ogerpon|Ogerpon-Wellspring-Tera, F, tera:Water|53/100
|-ability|p2a: Ogerpon|Embody Aspect (Wellspring)|boost
|-boost|p2a: Ogerpon|spd|1
|
|upkeep
|turn|32
|
|t:|1759039968
|move|p2a: Ogerpon|Ivy Cudgel|p1a: Clodsire|[anim] Ivy Cudgel Water
|-heal|p1a: Clodsire|87/100|[from] ability: Water Absorb|[of] p2a: Ogerpon
|move|p1a: Clodsire|Toxic|p2a: Ogerpon
|-status|p2a: Ogerpon|tox
|
|-damage|p2a: Ogerpon|48/100 tox|[from] psn
|upkeep
|turn|33
|
|t:|1759039978
|move|p2a: Ogerpon|Horn Leech|p1a: Clodsire
|-damage|p1a: Clodsire|34/100
|-heal|p2a: Ogerpon|88/100 tox|[from] drain|[of] p1a: Clodsire
|move|p1a: Clodsire|Toxic|p2a: Ogerpon
|-fail|p2a: Ogerpon|tox
|
|-damage|p2a: Ogerpon|76/100 tox|[from] psn
|upkeep
|turn|34
|
|t:|1759039987
|move|p2a: Ogerpon|Horn Leech|p1a: Clodsire
|-damage|p1a: Clodsire|0 fnt
|-heal|p2a: Ogerpon|100/100 tox|[from] drain|[of] p1a: Clodsire
|faint|p1a: Clodsire
|
|-damage|p2a: Ogerpon|83/100 tox|[from] psn
|upkeep
|
|t:|1759039995
|switch|p1a: Zamazenta|Zamazenta|100/100
|-damage|p1a: Zamazenta|94/100|[from] Stealth Rock
|turn|35
|
|t:|1759040005
|switch|p1a: Rotom|Rotom-Wash|75/100 tox
|-damage|p1a: Rotom|63/100 tox|[from] Stealth Rock
|switch|p2a: Moltres|Moltres|100/100
|
|-heal|p1a: Rotom|69/100 tox|[from] item: Leftovers
|-damage|p1a: Rotom|63/100 tox|[from] psn
|upkeep
|turn|36
|
|t:|1759040014
|switch|p2a: Rhydon|Rhydon, F|83/100 brn
|move|p1a: Rotom|Volt Switch|p2a: Rhydon
|-immune|p2a: Rhydon
|
|-heal|p1a: Rotom|69/100 tox|[from] item: Leftovers
|-damage|p1a: Rotom|57/100 tox|[from] psn
|-damage|p2a: Rhydon|77/100 brn|[from] brn
|upkeep
|turn|37
|
|t:|1759040023
|move|p1a: Rotom|Pain Split|p2a: Rhydon
|-sethp|p2a: Rhydon|63/100 brn|[from] move: Pain Split|[silent]
|-sethp|p1a: Rotom|73/100 tox|[from] move: Pain Split
|move|p2a: Rhydon|Stone Edge|p1a: Rotom
|-damage|p1a: Rotom|50/100 tox
|
|-heal|p1a: Rotom|56/100 tox|[from] item: Leftovers
|-damage|p1a: Rotom|37/100 tox|[from] psn
|-damage|p2a: Rhydon|57/100 brn|[from] brn
|upkeep
|turn|38
|
|t:|1759040034
|move|p1a: Rotom|Pain Split|p2a: Rhydon
|-sethp|p2a: Rhydon|45/100 brn|[from] move: Pain Split|[silent]
|-sethp|p1a: Rotom|51/100 tox|[from] move: Pain Split
|move|p2a: Rhydon|Rock Polish|p2a: Rhydon
|-boost|p2a: Rhydon|spe|2
|
|-heal|p1a: Rotom|58/100 tox|[from] item: Leftovers
|-damage|p1a: Rotom|33/100 tox|[from] psn
|-damage|p2a: Rhydon|39/100 brn|[from] brn
|upkeep
|turn|39
|
|t:|1759040043
|move|p2a: Rhydon|Stone Edge|p1a: Rotom
|-damage|p1a: Rotom|10/100 tox
|move|p1a: Rotom|Pain Split|p2a: Rhydon
|-sethp|p2a: Rhydon|24/100 brn|[from] move: Pain Split|[silent]
|-sethp|p1a: Rotom|27/100 tox|[from] move: Pain Split
|
|-heal|p1a: Rotom|34/100 tox|[from] item: Leftovers
|-damage|p1a: Rotom|2/100 tox|[from] psn
|-damage|p2a: Rhydon|18/100 brn|[from] brn
|upkeep
|turn|40
|
|t:|1759040053
|move|p2a: Rhydon|Stone Edge|p1a: Rotom|[miss]
|-miss|p2a: Rhydon|p1a: Rotom
|move|p1a: Rotom|Pain Split|p2a: Rhydon
|-sethp|p2a: Rhydon|10/100 brn|[from] move: Pain Split|[silent]
|-sethp|p1a: Rotom|11/100 tox|[from] move: Pain Split
|
|-heal|p1a: Rotom|18/100 tox|[from] item: Leftovers
|-damage|p1a: Rotom|0 fnt|[from] psn
|faint|p1a: Rotom
|-damage|p2a: Rhydon|4/100 brn|[from] brn
|upkeep
|
|t:|1759040066
|switch|p1a: Ceruledge|Ceruledge, F|100/100
|-damage|p1a: Ceruledge|75/100|[from] Stealth Rock
|turn|41
|
|t:|1759040071
|move|p2a: Rhydon|Earthquake|p1a: Ceruledge
|-supereffective|p1a: Ceruledge
|-damage|p1a: Ceruledge|5/100
|-ability|p1a: Ceruledge|Weak Armor|boost
|-unboost|p1a: Ceruledge|def|1
|-boost|p1a: Ceruledge|spe|2
|move|p1a: Ceruledge|Bitter Blade|p2a: Rhydon
|-resisted|p2a: Rhydon
|-damage|p2a: Rhydon|0 fnt
|-heal|p1a: Ceruledge|7/100|[from] drain|[of] p2a: Rhydon
|faint|p2a: Rhydon
|
|upkeep
|
|t:|1759040088
|switch|p2a: Grimmsnarl|Grimmsnarl, M|94/100 tox
|turn|42
|
|t:|1759040094
|move|p2a: Grimmsnarl|Parting Shot|p1a: Ceruledge
|-unboost|p1a: Ceruledge|atk|1
|-unboost|p1a: Ceruledge|spa|1
|
|t:|1759040120
|switch|p2a: Moltres|Moltres|100/100|[from] Parting Shot
|move|p1a: Ceruledge|Bitter Blade|p2a: Moltres
|-resisted|p2a: Moltres
|-damage|p2a: Moltres|90/100
|-heal|p1a: Ceruledge|15/100|[from] drain|[of] p2a: Moltres
|
|upkeep
|turn|43
|
|t:|1759040135
|move|p1a: Ceruledge|Swords Dance|p1a: Ceruledge
|-boost|p1a: Ceruledge|atk|2
|move|p2a: Moltres|Roar|p1a: Ceruledge
|drag|p1a: Zamazenta|Zamazenta|94/100
|-damage|p1a: Zamazenta|88/100|[from] Stealth Rock
|
|-heal|p1a: Zamazenta|94/100|[from] item: Leftovers
|upkeep
|turn|44
|c|☆Toxic Smite|gg
|
|t:|1759040145
|move|p1a: Zamazenta|Iron Defense|p1a: Zamazenta
|-boost|p1a: Zamazenta|def|2
|move|p2a: Moltres|Fire Spin|p1a: Zamazenta
|-damage|p1a: Zamazenta|83/100
|-activate|p1a: Zamazenta|move: Fire Spin|[of] p2a: Moltres
|
|-heal|p1a: Zamazenta|89/100|[from] item: Leftovers
|-damage|p1a: Zamazenta|76/100|[from] move: Fire Spin|[partiallytrapped]
|upkeep
|turn|45
|c|☆dinusrmu|gg
|
|t:|1759040152
|move|p1a: Zamazenta|Iron Defense|p1a: Zamazenta
|-boost|p1a: Zamazenta|def|2
|move|p2a: Moltres|Substitute|p2a: Moltres
|-start|p2a: Moltres|Substitute
|-damage|p2a: Moltres|65/100
|
|-heal|p1a: Zamazenta|82/100|[from] item: Leftovers
|-damage|p1a: Zamazenta|70/100|[from] move: Fire Spin|[partiallytrapped]
|upkeep
|turn|46
|
|t:|1759040162
|move|p1a: Zamazenta|Iron Defense|p1a: Zamazenta
|-boost|p1a: Zamazenta|def|2
|move|p2a: Moltres|Roost|p2a: Moltres
|-heal|p2a: Moltres|100/100
|-singleturn|p2a: Moltres|move: Roost
|
|-heal|p1a: Zamazenta|76/100|[from] item: Leftovers
|-damage|p1a: Zamazenta|64/100|[from] move: Fire Spin|[partiallytrapped]
|upkeep
|turn|47
|
|t:|1759040166
|move|p1a: Zamazenta|Substitute|p1a: Zamazenta
|-start|p1a: Zamazenta|Substitute
|-end|p1a: Zamazenta|Fire Spin|[partiallytrapped]|[silent]
|-damage|p1a: Zamazenta|39/100
|move|p2a: Moltres|Fire Spin|p1a: Zamazenta
|-activate|p1a: Zamazenta|move: Substitute|[damage]
|
|-heal|p1a: Zamazenta|45/100|[from] item: Leftovers
|upkeep
|turn|48
|
|t:|1759040172
|move|p1a: Zamazenta|Body Press|p2a: Moltres
|-resisted|p2a: Moltres
|-end|p2a: Moltres|Substitute
|move|p2a: Moltres|Roar|p1a: Zamazenta
|drag|p1a: Ceruledge|Ceruledge, F|15/100
|-damage|p1a: Ceruledge|0 fnt|[from] Stealth Rock
|faint|p1a: Ceruledge
|
|upkeep
|
|t:|1759040175
|switch|p1a: Zamazenta|Zamazenta|45/100
|-damage|p1a: Zamazenta|39/100|[from] Stealth Rock
|turn|49
|-message|dinusrmu forfeited.
|
|win|Toxic Smite
|raw|dinusrmu's rating: 1260 &rarr; <strong>1237</strong><br />(-23 for losing)
|raw|Toxic Smite's rating: 1283 &rarr; <strong>1306</strong><br />(+23 for winning)
|l|☆dinusrmu
|player|p1|
|l|☆Toxic Smite
|player|p2|
