|j|☆coinysleftarm
|j|☆LaVopismo
|t:|1759077274
|gametype|singles
|player|p1|coinysleftarm|cilan|1063
|player|p2|LaVopismo|265|1094
|gen|9
|tier|[Gen 9] OU
|rated|
|rule|HP Percentage Mod: HP is shown in percentages
|rule|Endless Battle Clause: Forcing endless battles is banned
|rule|Species Clause: Limit one of each Pokémon
|rule|OHKO Clause: OHKO moves are banned
|rule|Evasion Items Clause: Evasion items are banned
|rule|Evasion Moves Clause: Evasion moves are banned
|rule|Evasion Abilities Clause: Evasion abilities are banned
|rule|Sleep Moves Clause: Sleep-inducing moves are banned
|clearpoke
|poke|p1|Greninja-*, M|
|poke|p1|Falinks|
|poke|p1|Mimikyu, M|
|poke|p1|Arcanine, M|
|poke|p1|Latios, M|
|poke|p1|Scizor, M|
|poke|p2|Porygon2|
|poke|p2|Appletun, M|
|poke|p2|Houndstone, F|
|poke|p2|Weezing-Galar, M|
|poke|p2|Scyther, M|
|poke|p2|Swampert, F|
|teampreview
|
|t:|1759077294
|teamsize|p1|6
|teamsize|p2|6
|start
|switch|p1a: Scizor|Scizor, M|100/100
|switch|p2a: Lolo|Swampert, F|100/100
|turn|1
|inactive|Battle timer is ON: inactive players will automatically lose when time's up. (requested by LaVopismo)
|
|t:|1759077301
|move|p1a: Scizor|Swords Dance|p1a: Scizor
|-boost|p1a: Scizor|atk|2
|move|p2a: Lolo|Knock Off|p1a: Scizor
|-damage|p1a: Scizor|69/100
|-enditem|p1a: Scizor|Focus Sash|[from] move: Knock Off|[of] p2a: Lolo
|
|upkeep
|turn|2
|
|t:|1759077312
|move|p1a: Scizor|Knock Off|p2a: Lolo
|-damage|p2a: Lolo|45/100
|-enditem|p2a: Lolo|Leftovers|[from] move: Knock Off|[of] p1a: Scizor
|move|p2a: Lolo|Rock Tomb|p1a: Scizor
|-damage|p1a: Scizor|51/100
|-unboost|p1a: Scizor|spe|1
|
|upkeep
|turn|3
|
|t:|1759077322
|-terastallize|p2a: Lolo|Water
|move|p1a: Scizor|Bullet Punch|p2a: Lolo
|-resisted|p2a: Lolo
|-damage|p2a: Lolo|17/100
|move|p2a: Lolo|Flip Turn|p1a: Scizor
|-damage|p1a: Scizor|0 fnt
|faint|p1a: Scizor
|
|t:|1759077344
|switch|p2a: Bartolo|Houndstone, F|100/100|[from] Flip Turn
|
|upkeep
|
|t:|1759077352
|switch|p1a: Greninja|Greninja, M|100/100
|turn|4
|
|t:|1759077361
|move|p1a: Greninja|Dark Pulse|p2a: Bartolo
|-supereffective|p2a: Bartolo
|-damage|p2a: Bartolo|29/100
|move|p2a: Bartolo|Will-O-Wisp|p1a: Greninja
|-status|p1a: Greninja|brn
|
|-heal|p2a: Bartolo|35/100|[from] item: Leftovers
|-damage|p1a: Greninja|95/100 brn|[from] brn
|upkeep
|turn|5
|
|t:|1759077372
|switch|p2a: Chofi|Appletun, M|100/100
|move|p1a: Greninja|Dark Pulse|p2a: Chofi
|-damage|p2a: Chofi|69/100
|
|-heal|p2a: Chofi|75/100|[from] item: Leftovers
|-damage|p1a: Greninja|89/100 brn|[from] brn
|upkeep
|turn|6
|
|t:|1759077387
|move|p1a: Greninja|Grass Knot|p2a: Chofi
|-resisted|p2a: Chofi
|-damage|p2a: Chofi|72/100
|move|p2a: Chofi|Giga Drain|p1a: Greninja
|-supereffective|p1a: Greninja
|-damage|p1a: Greninja|0 fnt
|-heal|p2a: Chofi|100/100|[from] drain|[of] p1a: Greninja
|faint|p1a: Greninja
|
|upkeep
|
|t:|1759077399
|switch|p1a: Latios|Latios, M|100/100
|turn|7
|inactive|coinysleftarm has 120 seconds left.
|inactive|coinysleftarm has 90 seconds left.
|
|t:|1759077467
|switch|p2a: Don Ernesto|Weezing-Galar, M|100/100
|move|p1a: Latios|Luster Purge|p2a: Don Ernesto
|-supereffective|p2a: Don Ernesto
|-damage|p2a: Don Ernesto|0 fnt
|faint|p2a: Don Ernesto
|
|upkeep
|
|t:|1759077478
|switch|p2a: Hooper|Scyther, M|100/100
|turn|8
|
|t:|1759077483
|move|p1a: Latios|Thunderbolt|p2a: Hooper
|-supereffective|p2a: Hooper
|-damage|p2a: Hooper|38/100
|move|p2a: Hooper|U-turn|p1a: Latios
|-supereffective|p1a: Latios
|-damage|p1a: Latios|16/100
|-enditem|p1a: Latios|Sitrus Berry|[eat]
|-heal|p1a: Latios|41/100|[from] item: Sitrus Berry
|
|t:|1759077494
|switch|p2a: Chofi|Appletun, M|100/100|[from] U-turn
|
|upkeep
|turn|9
|
|t:|1759077501
|move|p1a: Latios|Luster Purge|p2a: Chofi
|-damage|p2a: Chofi|59/100
|-unboost|p2a: Chofi|spd|1
|move|p2a: Chofi|Dragon Pulse|p1a: Latios
|-supereffective|p1a: Latios
|-damage|p1a: Latios|0 fnt
|faint|p1a: Latios
|
|-heal|p2a: Chofi|65/100|[from] item: Leftovers
|upkeep
|
|t:|1759077514
|switch|p1a: Mimikyu|Mimikyu, M, shiny|100/100
|turn|10
|
|t:|1759077533
|move|p1a: Mimikyu|Play Rough|p2a: Chofi
|-supereffective|p2a: Chofi
|-crit|p2a: Chofi
|-damage|p2a: Chofi|0 fnt
|faint|p2a: Chofi
|
|upkeep
|
|t:|1759077540
|switch|p2a: Hooper|Scyther, M|38/100
|turn|11
|
|t:|1759077554
|move|p2a: Hooper|Pounce|p1a: Mimikyu
|-activate|p1a: Mimikyu|ability: Disguise
|-damage|p1a: Mimikyu|100/100
|-unboost|p1a: Mimikyu|spe|1
|detailschange|p1a: Mimikyu|Mimikyu-Busted, M, shiny
|-damage|p1a: Mimikyu|88/100|[from] pokemon: Mimikyu-Busted
|move|p1a: Mimikyu|Shadow Claw|p2a: Hooper
|-damage|p2a: Hooper|4/100
|
|-heal|p1a: Mimikyu|94/100|[from] item: Leftovers
|upkeep
|turn|12
|
|t:|1759077567
|move|p2a: Hooper|Pounce|p1a: Mimikyu
|-resisted|p1a: Mimikyu
|-damage|p1a: Mimikyu|81/100
|-unboost|p1a: Mimikyu|spe|1
|move|p1a: Mimikyu|Play Rough|p2a: Hooper
|-damage|p2a: Hooper|0 fnt
|faint|p2a: Hooper
|
|-heal|p1a: Mimikyu|87/100|[from] item: Leftovers
|upkeep
|
|t:|1759077580
|switch|p2a: Lolo|Swampert, F, tera:Water|17/100
|turn|13
|
|t:|1759077590
|move|p1a: Mimikyu|Play Rough|p2a: Lolo
|-damage|p2a: Lolo|0 fnt
|faint|p2a: Lolo
|
|-heal|p1a: Mimikyu|93/100|[from] item: Leftovers
|upkeep
|
|t:|1759077597
|switch|p2a: Pato|Porygon2|100/100
|turn|14
|
|t:|1759077607
|switch|p2a: Bartolo|Houndstone, F|35/100
|move|p1a: Mimikyu|Play Rough|p2a: Bartolo
|-damage|p2a: Bartolo|22/100
|
|-heal|p2a: Bartolo|28/100|[from] item: Leftovers
|-heal|p1a: Mimikyu|99/100|[from] item: Leftovers
|upkeep
|turn|15
|
|t:|1759077619
|move|p2a: Bartolo|Night Shade|p1a: Mimikyu
|-damage|p1a: Mimikyu|59/100
|move|p1a: Mimikyu|Play Rough|p2a: Bartolo
|-damage|p2a: Bartolo|15/100
|
|-heal|p2a: Bartolo|21/100|[from] item: Leftovers
|-heal|p1a: Mimikyu|65/100|[from] item: Leftovers
|upkeep
|turn|16
|
|t:|1759077628
|move|p2a: Bartolo|Will-O-Wisp|p1a: Mimikyu
|-status|p1a: Mimikyu|brn
|move|p1a: Mimikyu|Shadow Claw|p2a: Bartolo
|-supereffective|p2a: Bartolo
|-damage|p2a: Bartolo|11/100
|
|-heal|p2a: Bartolo|17/100|[from] item: Leftovers
|-heal|p1a: Mimikyu|71/100 brn|[from] item: Leftovers
|-damage|p1a: Mimikyu|65/100 brn|[from] brn
|upkeep
|turn|17
|
|t:|1759077640
|move|p2a: Bartolo|Night Shade|p1a: Mimikyu
|-damage|p1a: Mimikyu|25/100 brn
|move|p1a: Mimikyu|Play Rough|p2a: Bartolo
|-damage|p2a: Bartolo|11/100
|-unboost|p2a: Bartolo|atk|1
|
|-heal|p2a: Bartolo|17/100|[from] item: Leftovers
|-heal|p1a: Mimikyu|31/100 brn|[from] item: Leftovers
|-damage|p1a: Mimikyu|25/100 brn|[from] brn
|upkeep
|turn|18
|
|t:|1759077651
|move|p2a: Bartolo|Night Shade|p1a: Mimikyu
|-damage|p1a: Mimikyu|0 fnt
|faint|p1a: Mimikyu
|
|-heal|p2a: Bartolo|23/100|[from] item: Leftovers
|upkeep
|
|t:|1759077660
|switch|p1a: Falinks|Falinks, shiny|100/100
|turn|19
|
|t:|1759077666
|move|p1a: Falinks|No Retreat|p1a: Falinks
|-boost|p1a: Falinks|atk|1
|-boost|p1a: Falinks|def|1
|-boost|p1a: Falinks|spa|1
|-boost|p1a: Falinks|spd|1
|-boost|p1a: Falinks|spe|1
|-start|p1a: Falinks|move: No Retreat
|move|p2a: Bartolo|Will-O-Wisp|p1a: Falinks
|-status|p1a: Falinks|brn
|
|-heal|p2a: Bartolo|29/100|[from] item: Leftovers
|-damage|p1a: Falinks|95/100 brn|[from] brn
|upkeep
|turn|20
|
|t:|1759077677
|move|p1a: Falinks|Knock Off|p2a: Bartolo
|-supereffective|p2a: Bartolo
|-damage|p2a: Bartolo|15/100
|-enditem|p2a: Bartolo|Leftovers|[from] move: Knock Off|[of] p1a: Falinks
|move|p2a: Bartolo|Roar|p1a: Falinks
|drag|p1a: Arcanine|Arcanine, M|100/100
|-ability|p1a: Arcanine|Intimidate|boost
|-unboost|p2a: Bartolo|atk|1
|
|upkeep
|turn|21
|inactive|coinysleftarm has 120 seconds left.
|
|t:|1759077713
|move|p1a: Arcanine|Fire Fang|p2a: Bartolo
|-damage|p2a: Bartolo|0 fnt
|faint|p2a: Bartolo
|-damage|p1a: Arcanine|91/100|[from] item: Life Orb
|
|upkeep
|
|t:|1759077720
|switch|p2a: Pato|Porygon2|100/100
|turn|22
|
|t:|1759077730
|-terastallize|p1a: Arcanine|Normal
|move|p1a: Arcanine|Extreme Speed|p2a: Pato
|-damage|p2a: Pato|70/100
|-damage|p1a: Arcanine|81/100|[from] item: Life Orb
|move|p2a: Pato|Tri Attack|p1a: Arcanine
|-damage|p1a: Arcanine|17/100
|
|upkeep
|turn|23
|
|t:|1759077743
|move|p1a: Arcanine|Extreme Speed|p2a: Pato
|-damage|p2a: Pato|39/100
|-damage|p1a: Arcanine|7/100|[from] item: Life Orb
|move|p2a: Pato|Tri Attack|p1a: Arcanine
|-damage|p1a: Arcanine|0 fnt
|faint|p1a: Arcanine
|
|upkeep
|
|t:|1759077753
|switch|p1a: Falinks|Falinks, shiny|95/100 brn
|turn|24
|
|t:|1759077757
|move|p1a: Falinks|First Impression|p2a: Pato
|-damage|p2a: Pato|30/100
|move|p2a: Pato|Psychic|p1a: Falinks
|-supereffective|p1a: Falinks
|-damage|p1a: Falinks|0 fnt
|faint|p1a: Falinks
|
|win|LaVopismo
|raw|coinysleftarm's rating: 1063 &rarr; <strong>1045</strong><br />(-18 for losing)
|raw|LaVopismo's rating: 1094 &rarr; <strong>1118</strong><br />(+24 for winning)
|l|☆coinysleftarm
|player|p1|
|c|☆LaVopismo|gg
|l|☆LaVopismo
|player|p2|
