|j|☆wmq21
|j|☆bio2.0
|t:|1758958007
|gametype|singles
|player|p1|wmq21|266|1328
|player|p2|bio2.0|2|1295
|gen|9
|tier|[Gen 9] OU
|rated|
|rule|HP Percentage Mod: HP is shown in percentages
|rule|Endless Battle Clause: Forcing endless battles is banned
|rule|Species Clause: Limit one of each Pokémon
|rule|OHKO Clause: OHKO moves are banned
|rule|Evasion Items Clause: Evasion items are banned
|rule|Evasion Moves Clause: Evasion moves are banned
|rule|Evasion Abilities Clause: Evasion abilities are banned
|rule|Sleep Moves Clause: Sleep-inducing moves are banned
|clearpoke
|poke|p1|Charizard, M|
|poke|p1|Torkoal, F|
|poke|p1|Hatterene, F|
|poke|p1|Great Tusk|
|poke|p1|Lilligant-Hisui, F|
|poke|p1|Walking Wake|
|poke|p2|Iron Boulder|
|poke|p2|Shiftry, M|
|poke|p2|Garchomp, M|
|poke|p2|Iron Valiant|
|poke|p2|Snorlax, M|
|poke|p2|Great Tusk|
|teampreview
|inactive|Battle timer is ON: inactive players will automatically lose when time's up. (requested by bio2.0)
|
|t:|1758958046
|teamsize|p1|6
|teamsize|p2|6
|start
|switch|p1a: 河内恭介|Torkoal, F|100/100
|switch|p2a: Snorlax|Snorlax, M|100/100
|-weather|SunnyDay|[from] ability: Drought|[of] p1a: 河内恭介
|turn|1
|
|t:|1758958052
|move|p2a: Snorlax|Belly Drum|p2a: Snorlax
|-damage|p2a: Snorlax|50/100
|-setboost|p2a: Snorlax|atk|6|[from] move: Belly Drum
|move|p1a: 河内恭介|Will-O-Wisp|p2a: Snorlax
|-status|p2a: Snorlax|brn
|
|-weather|SunnyDay|[upkeep]
|-damage|p2a: Snorlax|44/100 brn|[from] brn
|upkeep
|turn|2
|-enditem|p2a: Snorlax|Custap Berry|[eat]
|-activate|p2a: Snorlax|item: Custap Berry|[consumed]
|
|t:|1758958075
|move|p2a: Snorlax|Double-Edge|p1a: 河内恭介
|-damage|p1a: 河内恭介|34/100
|-damage|p2a: Snorlax|30/100 brn|[from] Recoil
|move|p1a: 河内恭介|Clear Smog|p2a: Snorlax
|-damage|p2a: Snorlax|24/100 brn
|-clearboost|p2a: Snorlax
|
|-weather|SunnyDay|[upkeep]
|-damage|p2a: Snorlax|18/100 brn|[from] brn
|upkeep
|turn|3
|
|t:|1758958085
|move|p2a: Snorlax|Earthquake|p1a: 河内恭介
|-supereffective|p1a: 河内恭介
|-damage|p1a: 河内恭介|14/100
|move|p1a: 河内恭介|Stealth Rock|p2a: Snorlax
|-sidestart|p2: bio2.0|move: Stealth Rock
|
|-weather|SunnyDay|[upkeep]
|-damage|p2a: Snorlax|12/100 brn|[from] brn
|upkeep
|turn|4
|
|t:|1758958095
|switch|p1a: 东和马|Charizard, M|100/100
|move|p2a: Snorlax|Double-Edge|p1a: 东和马
|-damage|p1a: 东和马|57/100
|-damage|p2a: Snorlax|4/100 brn|[from] Recoil
|
|-weather|SunnyDay|[upkeep]
|-damage|p1a: 东和马|45/100|[from] ability: Solar Power|[of] p1a: 东和马
|-damage|p2a: Snorlax|0 fnt|[from] brn
|faint|p2a: Snorlax
|upkeep
|
|t:|1758958104
|switch|p2a: Garchomp|Garchomp, M|100/100
|-damage|p2a: Garchomp|94/100|[from] Stealth Rock
|turn|5
|
|t:|1758958109
|move|p1a: 东和马|Overheat|p2a: Garchomp
|-resisted|p2a: Garchomp
|-damage|p2a: Garchomp|0 fnt
|-unboost|p1a: 东和马|spa|2
|faint|p2a: Garchomp
|
|-weather|SunnyDay|[upkeep]
|-damage|p1a: 东和马|32/100|[from] ability: Solar Power|[of] p1a: 东和马
|upkeep
|
|t:|1758958114
|switch|p2a: Great Tusk|Great Tusk|100/100
|-damage|p2a: Great Tusk|98/100|[from] Stealth Rock
|-activate|p2a: Great Tusk|ability: Protosynthesis
|-start|p2a: Great Tusk|protosynthesisatk
|turn|6
|
|t:|1758958119
|switch|p1a: 梓川月乃|Hatterene, F|100/100
|move|p2a: Great Tusk|Rapid Spin|p1a: 梓川月乃
|-damage|p1a: 梓川月乃|80/100
|-boost|p2a: Great Tusk|spe|1
|-sideend|p2: bio2.0|Stealth Rock|[from] move: Rapid Spin|[of] p2a: Great Tusk
|-enditem|p1a: 梓川月乃|Eject Button
|
|t:|1758958125
|switch|p1a: 冠茂|Walking Wake|100/100
|-activate|p1a: 冠茂|ability: Protosynthesis
|-start|p1a: 冠茂|protosynthesisspe
|
|-weather|SunnyDay|[upkeep]
|upkeep
|turn|7
|
|t:|1758958133
|-terastallize|p2a: Great Tusk|Steel
|move|p1a: 冠茂|Hydro Steam|p2a: Great Tusk
|-damage|p2a: Great Tusk|0 fnt
|faint|p2a: Great Tusk
|-end|p2a: Great Tusk|Protosynthesis|[silent]
|
|-weather|SunnyDay|[upkeep]
|upkeep
|
|t:|1758958138
|switch|p2a: Shiftry|Shiftry, M|100/100
|turn|8
|
|t:|1758958151
|-end|p1a: 冠茂|Protosynthesis|[silent]
|switch|p1a: 梓川月乃|Hatterene, F|80/100
|move|p2a: Shiftry|Tailwind|p2a: Shiftry
|-sidestart|p2: bio2.0|move: Tailwind
|-ability|p2a: Shiftry|Wind Rider|boost
|-boost|p2a: Shiftry|atk|1
|
|-weather|none
|upkeep
|turn|9
|
|t:|1758958155
|move|p2a: Shiftry|Knock Off|p1a: 梓川月乃
|-damage|p1a: 梓川月乃|35/100
|move|p1a: 梓川月乃|Nuzzle|p2a: Shiftry
|-resisted|p2a: Shiftry
|-damage|p2a: Shiftry|97/100
|-status|p2a: Shiftry|par
|
|upkeep
|turn|10
|
|t:|1758958160
|cant|p2a: Shiftry|par
|move|p1a: 梓川月乃|Healing Wish|p1a: 梓川月乃
|faint|p1a: 梓川月乃
|
|upkeep
|
|t:|1758958161
|switch|p1a: 河内恭介|Torkoal, F|14/100
|-heal|p1a: 河内恭介|100/100|[from] move: Healing Wish
|-weather|SunnyDay|[from] ability: Drought|[of] p1a: 河内恭介
|turn|11
|
|t:|1758958168
|move|p2a: Shiftry|Knock Off|p1a: 河内恭介
|-damage|p1a: 河内恭介|59/100
|-enditem|p1a: 河内恭介|Heat Rock|[from] move: Knock Off|[of] p2a: Shiftry
|move|p1a: 河内恭介|Stealth Rock|p2a: Shiftry
|-sidestart|p2: bio2.0|move: Stealth Rock
|
|-weather|SunnyDay|[upkeep]
|-sideend|p2: bio2.0|move: Tailwind
|upkeep
|turn|12
|
|t:|1758958176
|switch|p1a: 诹访原戒|Lilligant-Hisui, F|100/100
|cant|p2a: Shiftry|par
|
|-weather|SunnyDay|[upkeep]
|upkeep
|turn|13
|
|t:|1758958182
|move|p1a: 诹访原戒|Close Combat|p2a: Shiftry
|-supereffective|p2a: Shiftry
|-damage|p2a: Shiftry|0 fnt
|-unboost|p1a: 诹访原戒|def|1
|-unboost|p1a: 诹访原戒|spd|1
|faint|p2a: Shiftry
|-damage|p1a: 诹访原戒|91/100|[from] item: Life Orb
|
|-weather|SunnyDay|[upkeep]
|upkeep
|
|t:|1758958186
|switch|p2a: Iron Valiant|Iron Valiant|100/100
|-damage|p2a: Iron Valiant|94/100|[from] Stealth Rock
|-enditem|p2a: Iron Valiant|Booster Energy
|-activate|p2a: Iron Valiant|ability: Quark Drive|[fromitem]
|-start|p2a: Iron Valiant|quarkdrivespe
|turn|14
|
|t:|1758958191
|switch|p1a: 东和马|Charizard, M|32/100
|move|p2a: Iron Valiant|Moonblast|p1a: 东和马
|-resisted|p1a: 东和马
|-damage|p1a: 东和马|0 fnt
|faint|p1a: 东和马
|
|-weather|SunnyDay|[upkeep]
|upkeep
|
|t:|1758958198
|switch|p1a: 诹访原戒|Lilligant-Hisui, F|91/100
|turn|15
|
|t:|1758958206
|-terastallize|p1a: 诹访原戒|Fire
|move|p1a: 诹访原戒|Tera Blast|p2a: Iron Valiant|[anim] Tera Blast Fire
|-damage|p2a: Iron Valiant|0 fnt
|faint|p2a: Iron Valiant
|-end|p2a: Iron Valiant|Quark Drive|[silent]
|-damage|p1a: 诹访原戒|81/100|[from] item: Life Orb
|
|-weather|SunnyDay|[upkeep]
|upkeep
|
|t:|1758958209
|switch|p2a: Iron Boulder|Iron Boulder|100/100
|-damage|p2a: Iron Boulder|88/100|[from] Stealth Rock
|turn|16
|
|t:|1758958213
|move|p1a: 诹访原戒|Solar Blade||[still]
|-prepare|p1a: 诹访原戒|Solar Blade
|-anim|p1a: 诹访原戒|Solar Blade|p2a: Iron Boulder
|-supereffective|p2a: Iron Boulder
|-damage|p2a: Iron Boulder|0 fnt
|faint|p2a: Iron Boulder
|-end|p2a: Iron Boulder|Quark Drive|[silent]
|-damage|p1a: 诹访原戒|71/100|[from] item: Life Orb
|
|win|wmq21
|raw|wmq21's rating: 1328 &rarr; <strong>1346</strong><br />(+18 for winning)
|raw|bio2.0's rating: 1295 &rarr; <strong>1272</strong><br />(-23 for losing)
|l|☆bio2.0
|player|p2|
|l|☆wmq21
|player|p1|
