|j|☆jklgg
|j|☆A wild baguette
|t:|1759078230
|gametype|singles
|player|p1|jklgg|102|1402
|player|p2|A wild baguette|101|1356
|gen|9
|tier|[Gen 9] OU
|rated|
|rule|HP Percentage Mod: HP is shown in percentages
|rule|Endless Battle Clause: Forcing endless battles is banned
|rule|Species Clause: Limit one of each Pokémon
|rule|OHKO Clause: OHKO moves are banned
|rule|Evasion Items Clause: Evasion items are banned
|rule|Evasion Moves Clause: Evasion moves are banned
|rule|Evasion Abilities Clause: Evasion abilities are banned
|rule|Sleep Moves Clause: Sleep-inducing moves are banned
|clearpoke
|poke|p1|Galvantula, F|
|poke|p1|Gholdengo|
|poke|p1|Dragapult, M|
|poke|p1|Great Tusk|
|poke|p1|Clefable, F|
|poke|p1|Mimikyu, F|
|poke|p2|Pelipper, F|
|poke|p2|Hatterene, F|
|poke|p2|Iron Treads|
|poke|p2|Toxicroak, F|
|poke|p2|Barraskewda, F|
|poke|p2|Zapdos|
|teampreview
|inactive|Battle timer is ON: inactive players will automatically lose when time's up. (requested by A wild baguette)
|
|t:|1759078238
|teamsize|p1|6
|teamsize|p2|6
|start
|switch|p1a: Galvantula|Galvantula, F|100/100
|switch|p2a: Pelipper|Pelipper, F|100/100
|-weather|RainDance|[from] ability: Drizzle|[of] p2a: Pelipper
|turn|1
|
|t:|1759078243
|move|p1a: Galvantula|Thunder|p2a: Pelipper
|-supereffective|p2a: Pelipper
|-damage|p2a: Pelipper|0 fnt
|faint|p2a: Pelipper
|
|-weather|RainDance|[upkeep]
|upkeep
|
|t:|1759078256
|switch|p2a: Zapdos|Zapdos|100/100
|turn|2
|
|t:|1759078261
|move|p1a: Galvantula|Sticky Web|p2a: Zapdos
|-sidestart|p2: A wild baguette|move: Sticky Web
|move|p2a: Zapdos|Hurricane|p1a: Galvantula
|-enditem|p1a: Galvantula|Focus Sash
|-damage|p1a: Galvantula|1/100
|
|-weather|RainDance|[upkeep]
|upkeep
|turn|3
|
|t:|1759078266
|move|p1a: Galvantula|Thunder|p2a: Zapdos
|-damage|p2a: Zapdos|49/100
|move|p2a: Zapdos|Hurricane|p1a: Galvantula
|-damage|p1a: Galvantula|0 fnt
|faint|p1a: Galvantula
|
|-weather|RainDance|[upkeep]
|upkeep
|
|t:|1759078272
|switch|p1a: Mimikyu|Mimikyu, F|100/100
|turn|4
|
|t:|1759078278
|switch|p2a: Iron Treads|Iron Treads|100/100
|-activate|p2a: Iron Treads|move: Sticky Web
|-unboost|p2a: Iron Treads|spe|1
|move|p1a: Mimikyu|Swords Dance|p1a: Mimikyu
|-boost|p1a: Mimikyu|atk|2
|
|-weather|RainDance|[upkeep]
|upkeep
|turn|5
|
|t:|1759078287
|move|p1a: Mimikyu|Swords Dance|p1a: Mimikyu
|-boost|p1a: Mimikyu|atk|2
|move|p2a: Iron Treads|Volt Switch|p1a: Mimikyu
|-activate|p1a: Mimikyu|ability: Disguise
|-damage|p1a: Mimikyu|100/100
|detailschange|p1a: Mimikyu|Mimikyu-Busted, F
|-damage|p1a: Mimikyu|88/100|[from] pokemon: Mimikyu-Busted
|
|t:|1759078294
|-end|p2a: Iron Treads|Quark Drive|[silent]
|switch|p2a: Hatterene|Hatterene, F|100/100|[from] Volt Switch
|-activate|p2a: Hatterene|move: Sticky Web
|-unboost|p2a: Hatterene|spe|1
|
|-weather|RainDance|[upkeep]
|upkeep
|turn|6
|
|t:|1759078300
|move|p1a: Mimikyu|Wood Hammer|p2a: Hatterene
|-damage|p2a: Hatterene|0 fnt
|faint|p2a: Hatterene
|-damage|p1a: Mimikyu|47/100|[from] Recoil
|-damage|p1a: Mimikyu|37/100|[from] item: Life Orb
|
|-weather|RainDance|[upkeep]
|upkeep
|
|t:|1759078303
|switch|p2a: Barraskewda|Barraskewda, F|100/100
|-activate|p2a: Barraskewda|move: Sticky Web
|-unboost|p2a: Barraskewda|spe|1
|turn|7
|
|t:|1759078308
|-terastallize|p2a: Barraskewda|Water
|move|p2a: Barraskewda|Aqua Jet|p1a: Mimikyu
|-damage|p1a: Mimikyu|0 fnt
|faint|p1a: Mimikyu
|
|-weather|RainDance|[upkeep]
|upkeep
|
|t:|1759078314
|switch|p1a: Clefable|Clefable, F|100/100
|turn|8
|
|t:|1759078318
|switch|p2a: Iron Treads|Iron Treads|100/100
|-activate|p2a: Iron Treads|move: Sticky Web
|-unboost|p2a: Iron Treads|spe|1
|move|p1a: Clefable|Moonblast|p2a: Iron Treads
|-resisted|p2a: Iron Treads
|-damage|p2a: Iron Treads|83/100
|
|-weather|none
|-heal|p2a: Iron Treads|89/100|[from] item: Leftovers
|upkeep
|turn|9
|-message|A wild baguette forfeited.
|
|win|jklgg
|raw|jklgg's rating: 1402 &rarr; <strong>1419</strong><br />(+17 for winning)
|raw|A wild baguette's rating: 1356 &rarr; <strong>1339</strong><br />(-17 for losing)
|l|☆A wild baguette
|player|p2|
|l|☆jklgg
|player|p1|
