|j|☆sunnysoon
|j|☆SlowStrokeSmith
|t:|1758917845
|gametype|singles
|player|p1|sunnysoon|dancer|1540
|player|p2|SlowStrokeSmith|brycenman|1521
|gen|9
|tier|[Gen 9] OU
|rated|
|rule|HP Percentage Mod: HP is shown in percentages
|rule|Endless Battle Clause: Forcing endless battles is banned
|rule|Species Clause: Limit one of each Pokémon
|rule|OHKO Clause: OHKO moves are banned
|rule|Evasion Items Clause: Evasion items are banned
|rule|Evasion Moves Clause: Evasion moves are banned
|rule|Evasion Abilities Clause: Evasion abilities are banned
|rule|Sleep Moves Clause: Sleep-inducing moves are banned
|clearpoke
|poke|p1|Mamoswine, M|
|poke|p1|Glimmora, M|
|poke|p1|Iron Crown|
|poke|p1|Zamazenta-*|
|poke|p1|Sinistcha|
|poke|p1|Samurott-Hisui, M|
|poke|p2|Iron Crown|
|poke|p2|Great Tusk|
|poke|p2|Darkrai|
|poke|p2|Ogerpon-Wellspring, F|
|poke|p2|Zapdos|
|poke|p2|Dragonite, F|
|teampreview
|inactive|Battle timer is ON: inactive players will automatically lose when time's up. (requested by SlowStrokeSmith)
|
|t:|1758917854
|teamsize|p1|6
|teamsize|p2|6
|start
|switch|p1a: Glimmora|Glimmora, M, shiny|100/100
|switch|p2a: Iron Crown|Iron Crown|100/100
|turn|1
|
|t:|1758917861
|switch|p1a: Iron Crown|Iron Crown|100/100
|move|p2a: Iron Crown|Tachyon Cutter|p1a: Iron Crown
|-resisted|p1a: Iron Crown
|-damage|p1a: Iron Crown|83/100
|-resisted|p1a: Iron Crown
|-damage|p1a: Iron Crown|64/100
|-hitcount|p1a: Iron Crown|2
|
|upkeep
|turn|2
|
|t:|1758917868
|move|p1a: Iron Crown|Volt Switch|p2a: Iron Crown
|-damage|p2a: Iron Crown|67/100
|
|t:|1758917875
|-end|p1a: Iron Crown|Quark Drive|[silent]
|switch|p1a: Glimmora|Glimmora, M, shiny|100/100|[from] Volt Switch
|move|p2a: Iron Crown|Tachyon Cutter|p1a: Glimmora
|-supereffective|p1a: Glimmora
|-damage|p1a: Glimmora|35/100
|-supereffective|p1a: Glimmora
|-damage|p1a: Glimmora|0 fnt
|faint|p1a: Glimmora
|-hitcount|p1: Glimmora|2
|
|upkeep
|
|t:|1758917882
|switch|p1a: Samurott|Samurott-Hisui, M, shiny|100/100
|turn|3
|
|t:|1758917890
|-end|p2a: Iron Crown|Quark Drive|[silent]
|switch|p2a: Great Tusk|Great Tusk|100/100
|move|p1a: Samurott|Ceaseless Edge|p2a: Great Tusk|[miss]
|-miss|p1a: Samurott|p2a: Great Tusk
|
|upkeep
|turn|4
|
|t:|1758917900
|move|p1a: Samurott|Ceaseless Edge|p2a: Great Tusk
|-resisted|p2a: Great Tusk
|-damage|p2a: Great Tusk|81/100
|-sidestart|p2: SlowStrokeSmith|Spikes
|move|p2a: Great Tusk|Stealth Rock|p1a: Samurott
|-sidestart|p1: sunnysoon|move: Stealth Rock
|
|upkeep
|turn|5
|
|t:|1758917905
|move|p1a: Samurott|Flip Turn|p2a: Great Tusk
|-supereffective|p2a: Great Tusk
|-damage|p2a: Great Tusk|45/100
|
|t:|1758917908
|switch|p1a: Sinistcha|Sinistcha, shiny|100/100|[from] Flip Turn
|move|p2a: Great Tusk|Rapid Spin|p1a: Sinistcha
|-immune|p1a: Sinistcha
|
|upkeep
|turn|6
|
|t:|1758917913
|-end|p2a: Great Tusk|Protosynthesis|[silent]
|switch|p2a: Darkrai|Darkrai|100/100
|move|p1a: Sinistcha|Shadow Ball|p2a: Darkrai
|-resisted|p2a: Darkrai
|-damage|p2a: Darkrai|80/100
|
|upkeep
|turn|7
|
|t:|1758917920
|switch|p1a: Samurott|Samurott-Hisui, M, shiny|100/100
|-damage|p1a: Samurott|88/100|[from] Stealth Rock
|move|p2a: Darkrai|Sludge Bomb|p1a: Samurott
|-damage|p1a: Samurott|36/100
|-status|p1a: Samurott|psn
|
|-damage|p1a: Samurott|24/100 psn|[from] psn
|upkeep
|turn|8
|
|t:|1758917939
|switch|p1a: Zamazenta|Zamazenta, shiny|100/100
|-damage|p1a: Zamazenta|94/100|[from] Stealth Rock
|-ability|p1a: Zamazenta|Dauntless Shield|boost
|-boost|p1a: Zamazenta|def|1
|move|p2a: Darkrai|Dark Pulse|p1a: Zamazenta
|-resisted|p1a: Zamazenta
|-damage|p1a: Zamazenta|75/100
|
|upkeep
|turn|9
|
|t:|1758917946
|switch|p2a: Great Tusk|Great Tusk|45/100
|move|p1a: Zamazenta|Stone Edge|p2a: Great Tusk|[miss]
|-miss|p1a: Zamazenta|p2a: Great Tusk
|
|upkeep
|turn|10
|
|t:|1758917951
|switch|p1a: Sinistcha|Sinistcha, shiny|100/100
|move|p2a: Great Tusk|Ice Spinner|p1a: Sinistcha
|-supereffective|p1a: Sinistcha
|-damage|p1a: Sinistcha|59/100
|
|upkeep
|turn|11
|
|t:|1758917956
|-end|p2a: Great Tusk|Protosynthesis|[silent]
|switch|p2a: Darkrai|Darkrai|80/100
|move|p1a: Sinistcha|Strength Sap|p2a: Darkrai
|-unboost|p2a: Darkrai|atk|1
|-heal|p1a: Sinistcha|100/100
|
|upkeep
|turn|12
|
|t:|1758917968
|switch|p1a: Samurott|Samurott-Hisui, M, shiny|24/100 psn
|-damage|p1a: Samurott|11/100 psn|[from] Stealth Rock
|move|p2a: Darkrai|Sludge Bomb|p1a: Samurott
|-damage|p1a: Samurott|0 fnt
|faint|p1a: Samurott
|
|upkeep
|
|t:|1758917971
|switch|p1a: Zamazenta|Zamazenta, shiny|75/100
|-damage|p1a: Zamazenta|69/100|[from] Stealth Rock
|turn|13
|
|t:|1758917976
|switch|p2a: Great Tusk|Great Tusk|45/100
|move|p1a: Zamazenta|Play Rough|p2a: Great Tusk
|-supereffective|p2a: Great Tusk
|-damage|p2a: Great Tusk|0 fnt
|faint|p2a: Great Tusk
|-end|p2a: Great Tusk|Protosynthesis|[silent]
|
|upkeep
|
|t:|1758917983
|switch|p2a: Zapdos|Zapdos|100/100
|turn|14
|
|t:|1758917992
|switch|p1a: Iron Crown|Iron Crown|64/100
|-damage|p1a: Iron Crown|58/100|[from] Stealth Rock
|-terastallize|p2a: Zapdos|Electric
|move|p2a: Zapdos|Hurricane|p1a: Iron Crown
|-resisted|p1a: Iron Crown
|-damage|p1a: Iron Crown|36/100
|-start|p1a: Iron Crown|confusion
|
|upkeep
|turn|15
|
|t:|1758918002
|-activate|p1a: Iron Crown|confusion
|move|p1a: Iron Crown|Psychic Noise|p2a: Zapdos
|-damage|p2a: Zapdos|60/100
|-start|p2a: Zapdos|move: Heal Block
|move|p2a: Zapdos|Volt Switch|p1a: Iron Crown
|-damage|p1a: Iron Crown|0 fnt
|faint|p1a: Iron Crown
|-end|p1a: Iron Crown|Quark Drive|[silent]
|
|t:|1758918010
|switch|p2a: Ogerpon|Ogerpon-Wellspring, F|100/100|[from] Volt Switch
|-damage|p2a: Ogerpon|88/100|[from] Spikes
|
|upkeep
|
|t:|1758918018
|switch|p1a: Zamazenta|Zamazenta, shiny|69/100
|-damage|p1a: Zamazenta|63/100|[from] Stealth Rock
|turn|16
|
|t:|1758918025
|switch|p2a: Zapdos|Zapdos, tera:Electric|60/100
|move|p1a: Zamazenta|Close Combat|p2a: Zapdos
|-damage|p2a: Zapdos|0 fnt
|-unboost|p1a: Zamazenta|def|1
|-unboost|p1a: Zamazenta|spd|1
|faint|p2a: Zapdos
|
|upkeep
|
|t:|1758918028
|switch|p2a: Dragonite|Dragonite, F|100/100
|turn|17
|
|t:|1758918033
|switch|p1a: Mamoswine|Mamoswine, M, shiny|100/100
|-damage|p1a: Mamoswine|88/100|[from] Stealth Rock
|move|p2a: Dragonite|Dragon Dance|p2a: Dragonite
|-boost|p2a: Dragonite|atk|1
|-boost|p2a: Dragonite|spe|1
|
|upkeep
|turn|18
|
|t:|1758918038
|move|p1a: Mamoswine|Ice Shard|p2a: Dragonite
|-supereffective|p2a: Dragonite
|-damage|p2a: Dragonite|26/100
|move|p2a: Dragonite|Earthquake|p1a: Mamoswine
|-damage|p1a: Mamoswine|24/100
|
|upkeep
|turn|19
|
|t:|1758918045
|switch|p1a: Sinistcha|Sinistcha, shiny|100/100
|move|p2a: Dragonite|Extreme Speed|p1a: Sinistcha
|-immune|p1a: Sinistcha
|
|upkeep
|turn|20
|
|t:|1758918053
|move|p2a: Dragonite|Ice Spinner|p1a: Sinistcha
|-supereffective|p1a: Sinistcha
|-damage|p1a: Sinistcha|34/100
|move|p1a: Sinistcha|Shadow Ball|p2a: Dragonite
|-damage|p2a: Dragonite|0 fnt
|faint|p2a: Dragonite
|
|upkeep
|
|t:|1758918057
|switch|p2a: Darkrai|Darkrai|80/100
|turn|21
|
|t:|1758918075
|move|p2a: Darkrai|Sludge Bomb|p1a: Sinistcha
|-damage|p1a: Sinistcha|0 fnt
|faint|p1a: Sinistcha
|
|upkeep
|
|t:|1758918077
|switch|p1a: Zamazenta|Zamazenta, shiny|63/100
|-damage|p1a: Zamazenta|57/100|[from] Stealth Rock
|turn|22
|
|t:|1758918081
|move|p1a: Zamazenta|Close Combat|p2a: Darkrai
|-supereffective|p2a: Darkrai
|-damage|p2a: Darkrai|0 fnt
|-unboost|p1a: Zamazenta|def|1
|-unboost|p1a: Zamazenta|spd|1
|faint|p2a: Darkrai
|
|upkeep
|
|t:|1758918082
|switch|p2a: Iron Crown|Iron Crown|67/100
|-damage|p2a: Iron Crown|54/100|[from] Spikes
|turn|23
|
|t:|1758918090
|switch|p1a: Mamoswine|Mamoswine, M, shiny|24/100
|-damage|p1a: Mamoswine|11/100|[from] Stealth Rock
|move|p2a: Iron Crown|Psychic Noise|p1a: Mamoswine
|-damage|p1a: Mamoswine|0 fnt
|faint|p1a: Mamoswine
|
|upkeep
|
|t:|1758918097
|switch|p1a: Zamazenta|Zamazenta, shiny|57/100
|-damage|p1a: Zamazenta|51/100|[from] Stealth Rock
|turn|24
|
|t:|1758918109
|-terastallize|p1a: Zamazenta|Fairy
|move|p1a: Zamazenta|Close Combat|p2a: Iron Crown
|-damage|p2a: Iron Crown|0 fnt
|-unboost|p1a: Zamazenta|def|1
|-unboost|p1a: Zamazenta|spd|1
|faint|p2a: Iron Crown
|-end|p2a: Iron Crown|Quark Drive|[silent]
|
|upkeep
|
|t:|1758918125
|switch|p2a: Ogerpon|Ogerpon-Wellspring, F|88/100
|-damage|p2a: Ogerpon|76/100|[from] Spikes
|turn|25
|
|t:|1758918128
|move|p1a: Zamazenta|Close Combat|p2a: Ogerpon
|-damage|p2a: Ogerpon|0 fnt
|-unboost|p1a: Zamazenta|def|1
|-unboost|p1a: Zamazenta|spd|1
|faint|p2a: Ogerpon
|
|win|sunnysoon
|raw|sunnysoon's rating: 1540 &rarr; <strong>1560</strong><br />(+20 for winning)
|raw|SlowStrokeSmith's rating: 1543 &rarr; <strong>1523</strong><br />(-20 for losing)
|l|☆sunnysoon
|player|p1|
|l|☆SlowStrokeSmith
|player|p2|
