|j|☆FamiliarShores
|j|☆animeGametestteam
|t:|1758940133
|gametype|singles
|player|p1|FamiliarShores|youngster-gen4dp|1347
|player|p2|animeGametestteam|acetrainer-gen4dp|1298
|gen|9
|tier|[Gen 9] OU
|rated|
|rule|HP Percentage Mod: HP is shown in percentages
|rule|Endless Battle Clause: Forcing endless battles is banned
|rule|Species Clause: Limit one of each Pokémon
|rule|OHKO Clause: OHKO moves are banned
|rule|Evasion Items Clause: Evasion items are banned
|rule|Evasion Moves Clause: Evasion moves are banned
|rule|Evasion Abilities Clause: Evasion abilities are banned
|rule|Sleep Moves Clause: Sleep-inducing moves are banned
|clearpoke
|poke|p1|Zapdos|
|poke|p1|Slowking-Galar, M|
|poke|p1|Jirachi|
|poke|p1|Landorus-Therian, M|
|poke|p1|Alomomola, F|
|poke|p1|Kingambit, F|
|poke|p2|Torterra, M|
|poke|p2|Garchomp, M|
|poke|p2|Electivire, M|
|poke|p2|Weavile, M|
|poke|p2|Gyarados, M|
|poke|p2|Metagross|
|teampreview
|
|t:|1758940143
|teamsize|p1|6
|teamsize|p2|6
|start
|switch|p1a: Landorus|Landorus-Therian, M|100/100
|switch|p2a: Weavile|Weavile, M|100/100
|-ability|p2a: Weavile|Pressure
|-ability|p1a: Landorus|Intimidate|boost
|-unboost|p2a: Weavile|atk|1
|turn|1
|
|t:|1758940154
|switch|p1a: Alomomola|Alomomola, F|100/100
|move|p2a: Weavile|Knock Off|p1a: Alomomola
|-damage|p1a: Alomomola|84/100
|-enditem|p1a: Alomomola|Heavy-Duty Boots|[from] move: Knock Off|[of] p2a: Weavile
|
|upkeep
|turn|2
|
|t:|1758940167
|switch|p2a: Garchomp|Garchomp, M|100/100
|move|p1a: Alomomola|Body Slam|p2a: Garchomp
|-damage|p2a: Garchomp|85/100
|-status|p2a: Garchomp|par
|-damage|p1a: Alomomola|71/100|[from] ability: Rough Skin|[of] p2a: Garchomp
|
|upkeep
|turn|3
|
|t:|1758940178
|switch|p1a: Landorus|Landorus-Therian, M|100/100
|-ability|p1a: Landorus|Intimidate|boost
|-unboost|p2a: Garchomp|atk|1
|move|p2a: Garchomp|Swords Dance|p2a: Garchomp
|-boost|p2a: Garchomp|atk|2
|
|upkeep
|turn|4
|
|t:|1758940188
|move|p1a: Landorus|Earth Power|p2a: Garchomp
|-damage|p2a: Garchomp|53/100 par
|move|p2a: Garchomp|Scale Shot|p1a: Landorus
|-damage|p1a: Landorus|80/100
|-damage|p1a: Landorus|60/100
|-damage|p1a: Landorus|40/100
|-damage|p1a: Landorus|19/100
|-hitcount|p1a: Landorus|4
|-unboost|p2a: Garchomp|def|1
|-boost|p2a: Garchomp|spe|1
|
|upkeep
|turn|5
|
|t:|1758940204
|move|p1a: Landorus|Earth Power|p2a: Garchomp
|-damage|p2a: Garchomp|19/100 par
|move|p2a: Garchomp|Scale Shot|p1a: Landorus
|-damage|p1a: Landorus|0 fnt
|faint|p1a: Landorus
|-hitcount|p1: Landorus|1
|-unboost|p2a: Garchomp|def|1
|-boost|p2a: Garchomp|spe|1
|
|upkeep
|
|t:|1758940212
|switch|p1a: Kingambit|Kingambit, F|100/100
|-activate|p1a: Kingambit|ability: Supreme Overlord
|-start|p1a: Kingambit|fallen1|[silent]
|turn|6
|
|t:|1758940224
|move|p1a: Kingambit|Sucker Punch|p2a: Garchomp
|-damage|p2a: Garchomp|0 fnt
|-damage|p1a: Kingambit|88/100|[from] ability: Rough Skin|[of] p2a: Garchomp
|faint|p2a: Garchomp
|
|-heal|p1a: Kingambit|94/100|[from] item: Leftovers
|upkeep
|
|t:|1758940232
|switch|p2a: Electivire|Electivire, M|100/100
|turn|7
|
|t:|1758940238
|-end|p1a: Kingambit|fallen1|[silent]
|switch|p1a: Slowking|Slowking-Galar, M|100/100
|move|p2a: Electivire|Bulk Up|p2a: Electivire
|-boost|p2a: Electivire|atk|1
|-boost|p2a: Electivire|def|1
|
|upkeep
|turn|8
|
|t:|1758940252
|switch|p1a: Zapdos|Zapdos|100/100
|move|p2a: Electivire|Supercell Slam|p1a: Zapdos
|-damage|p1a: Zapdos|45/100
|
|upkeep
|turn|9
|
|t:|1758940260
|move|p2a: Electivire|Trailblaze|p1a: Zapdos
|-resisted|p1a: Zapdos
|-crit|p1a: Zapdos
|-damage|p1a: Zapdos|30/100
|-boost|p2a: Electivire|spe|1
|move|p1a: Zapdos|Roost|p1a: Zapdos
|-heal|p1a: Zapdos|80/100
|-singleturn|p1a: Zapdos|move: Roost
|
|upkeep
|turn|10
|
|t:|1758940271
|move|p2a: Electivire|Ice Punch|p1a: Zapdos
|-supereffective|p1a: Zapdos
|-damage|p1a: Zapdos|16/100
|move|p1a: Zapdos|Hurricane|p2a: Electivire
|-resisted|p2a: Electivire
|-damage|p2a: Electivire|72/100
|-start|p2a: Electivire|confusion
|
|-heal|p2a: Electivire|79/100|[from] item: Leftovers
|upkeep
|turn|11
|
|t:|1758940283
|switch|p1a: Alomomola|Alomomola, F|100/100
|-activate|p2a: Electivire|confusion
|-damage|p2a: Electivire|55/100|[from] confusion
|
|-heal|p2a: Electivire|61/100|[from] item: Leftovers
|upkeep
|turn|12
|
|t:|1758940293
|move|p1a: Alomomola|Protect|p1a: Alomomola
|-singleturn|p1a: Alomomola|Protect
|-end|p2a: Electivire|confusion
|move|p2a: Electivire|Trailblaze|p1a: Alomomola
|-activate|p1a: Alomomola|move: Protect
|
|-heal|p2a: Electivire|68/100|[from] item: Leftovers
|upkeep
|turn|13
|
|t:|1758940303
|switch|p1a: Zapdos|Zapdos|16/100
|move|p2a: Electivire|Supercell Slam|p1a: Zapdos
|-damage|p1a: Zapdos|0 fnt
|faint|p1a: Zapdos
|
|-heal|p2a: Electivire|74/100|[from] item: Leftovers
|upkeep
|
|t:|1758940316
|switch|p1a: Slowking|Slowking-Galar, M|100/100
|turn|14
|
|t:|1758940322
|move|p2a: Electivire|Supercell Slam|p1a: Slowking
|-damage|p1a: Slowking|15/100
|move|p1a: Slowking|Sludge Bomb|p2a: Electivire
|-damage|p2a: Electivire|25/100
|-status|p2a: Electivire|psn
|
|-heal|p2a: Electivire|31/100 psn|[from] item: Leftovers
|-damage|p2a: Electivire|19/100 psn|[from] psn
|upkeep
|turn|15
|
|t:|1758940334
|move|p2a: Electivire|Supercell Slam|p1a: Slowking
|-damage|p1a: Slowking|0 fnt
|faint|p1a: Slowking
|
|-heal|p2a: Electivire|25/100 psn|[from] item: Leftovers
|-damage|p2a: Electivire|13/100 psn|[from] psn
|upkeep
|
|t:|1758940336
|switch|p1a: Kingambit|Kingambit, F|94/100
|-activate|p1a: Kingambit|ability: Supreme Overlord
|-start|p1a: Kingambit|fallen3|[silent]
|turn|16
|
|t:|1758940347
|move|p1a: Kingambit|Sucker Punch||[still]
|-fail|p1a: Kingambit
|move|p2a: Electivire|Bulk Up|p2a: Electivire
|-boost|p2a: Electivire|atk|1
|-boost|p2a: Electivire|def|1
|
|-heal|p2a: Electivire|19/100 psn|[from] item: Leftovers
|-heal|p1a: Kingambit|100/100|[from] item: Leftovers
|-damage|p2a: Electivire|6/100 psn|[from] psn
|upkeep
|turn|17
|
|t:|1758940358
|move|p1a: Kingambit|Sucker Punch||[still]
|-fail|p1a: Kingambit
|move|p2a: Electivire|Bulk Up|p2a: Electivire
|-boost|p2a: Electivire|atk|1
|-boost|p2a: Electivire|def|1
|
|-heal|p2a: Electivire|13/100 psn|[from] item: Leftovers
|-damage|p2a: Electivire|0 fnt|[from] psn
|faint|p2a: Electivire
|upkeep
|
|t:|1758940370
|switch|p2a: Torterra|Torterra, M|100/100
|turn|18
|
|t:|1758940382
|-terastallize|p1a: Kingambit|Ghost
|move|p2a: Torterra|Headlong Rush|p1a: Kingambit
|-damage|p1a: Kingambit|51/100
|-unboost|p2a: Torterra|def|1
|-unboost|p2a: Torterra|spd|1
|-enditem|p2a: Torterra|White Herb
|-clearnegativeboost|p2a: Torterra|[silent]
|move|p1a: Kingambit|Kowtow Cleave|p2a: Torterra
|-damage|p2a: Torterra|35/100
|
|-heal|p1a: Kingambit|57/100|[from] item: Leftovers
|upkeep
|turn|19
|
|t:|1758940399
|move|p2a: Torterra|Shell Smash|p2a: Torterra
|-unboost|p2a: Torterra|def|1
|-unboost|p2a: Torterra|spd|1
|-boost|p2a: Torterra|atk|2
|-boost|p2a: Torterra|spa|2
|-boost|p2a: Torterra|spe|2
|move|p1a: Kingambit|Kowtow Cleave|p2a: Torterra
|-damage|p2a: Torterra|0 fnt
|faint|p2a: Torterra
|
|-heal|p1a: Kingambit|63/100|[from] item: Leftovers
|upkeep
|
|t:|1758940411
|switch|p2a: Weavile|Weavile, M|100/100
|-ability|p2a: Weavile|Pressure
|turn|20
|
|t:|1758940418
|-end|p1a: Kingambit|fallen3|[silent]
|switch|p1a: Alomomola|Alomomola, F|100/100
|move|p2a: Weavile|Knock Off|p1a: Alomomola
|-crit|p1a: Alomomola
|-damage|p1a: Alomomola|74/100
|
|upkeep
|turn|21
|
|t:|1758940428
|switch|p2a: Gyarados|Gyarados, M|100/100
|move|p1a: Alomomola|Body Slam|p2a: Gyarados
|-damage|p2a: Gyarados|80/100
|-status|p2a: Gyarados|par
|
|upkeep
|turn|22
|
|t:|1758940440
|move|p2a: Gyarados|Dragon Dance|p2a: Gyarados
|-boost|p2a: Gyarados|atk|1
|-boost|p2a: Gyarados|spe|1
|move|p1a: Alomomola|Flip Turn|p2a: Gyarados
|-resisted|p2a: Gyarados
|-damage|p2a: Gyarados|69/100 par
|
|t:|1758940442
|switch|p1a: Jirachi|Jirachi|100/100|[from] Flip Turn
|
|upkeep
|turn|23
|
|t:|1758940458
|move|p1a: Jirachi|Iron Head|p2a: Gyarados
|-resisted|p2a: Gyarados
|-damage|p2a: Gyarados|53/100 par
|cant|p2a: Gyarados|flinch
|
|upkeep
|turn|24
|
|t:|1758940466
|move|p1a: Jirachi|Iron Head|p2a: Gyarados
|-resisted|p2a: Gyarados
|-damage|p2a: Gyarados|36/100 par
|cant|p2a: Gyarados|flinch
|
|upkeep
|turn|25
|
|t:|1758940472
|move|p1a: Jirachi|Iron Head|p2a: Gyarados
|-resisted|p2a: Gyarados
|-damage|p2a: Gyarados|19/100 par
|cant|p2a: Gyarados|flinch
|
|upkeep
|turn|26
|
|t:|1758940479
|move|p1a: Jirachi|Iron Head|p2a: Gyarados
|-resisted|p2a: Gyarados
|-damage|p2a: Gyarados|4/100 par
|move|p2a: Gyarados|Earthquake|p1a: Jirachi
|-supereffective|p1a: Jirachi
|-damage|p1a: Jirachi|16/100
|
|-heal|p1a: Jirachi|22/100|[from] item: Leftovers
|upkeep
|turn|27
|
|t:|1758940488
|move|p1a: Jirachi|Body Slam|p2a: Gyarados
|-damage|p2a: Gyarados|0 fnt
|faint|p2a: Gyarados
|
|-heal|p1a: Jirachi|28/100|[from] item: Leftovers
|upkeep
|
|t:|1758940497
|switch|p2a: Metagross|Metagross|100/100
|turn|28
|
|t:|1758940506
|move|p1a: Jirachi|Body Slam|p2a: Metagross
|-resisted|p2a: Metagross
|-damage|p2a: Metagross|93/100
|-status|p2a: Metagross|par
|move|p2a: Metagross|Earthquake|p1a: Jirachi
|-supereffective|p1a: Jirachi
|-damage|p1a: Jirachi|0 fnt
|faint|p1a: Jirachi
|
|upkeep
|
|t:|1758940511
|switch|p1a: Kingambit|Kingambit, F, tera:Ghost|63/100
|-activate|p1a: Kingambit|ability: Supreme Overlord
|-start|p1a: Kingambit|fallen4|[silent]
|turn|29
|
|t:|1758940531
|move|p1a: Kingambit|Swords Dance|p1a: Kingambit
|-boost|p1a: Kingambit|atk|2
|move|p2a: Metagross|Earthquake|p1a: Kingambit
|-damage|p1a: Kingambit|9/100
|
|-heal|p1a: Kingambit|15/100|[from] item: Leftovers
|upkeep
|turn|30
|
|t:|1758940540
|move|p1a: Kingambit|Sucker Punch|p2a: Metagross
|-supereffective|p2a: Metagross
|-damage|p2a: Metagross|0 fnt
|faint|p2a: Metagross
|
|-heal|p1a: Kingambit|21/100|[from] item: Leftovers
|upkeep
|
|t:|1758940547
|switch|p2a: Weavile|Weavile, M|100/100
|-ability|p2a: Weavile|Pressure
|turn|31
|
|t:|1758940554
|move|p2a: Weavile|Triple Axel|p1a: Kingambit
|-damage|p1a: Kingambit|12/100
|-damage|p1a: Kingambit|0 fnt
|faint|p1a: Kingambit
|-end|p1a: Kingambit|fallen4|[silent]
|-hitcount|p1: Kingambit|2
|
|upkeep
|
|t:|1758940556
|switch|p1a: Alomomola|Alomomola, F|100/100
|turn|32
|
|t:|1758940563
|move|p2a: Weavile|Triple Axel|p1a: Alomomola
|-resisted|p1a: Alomomola
|-damage|p1a: Alomomola|98/100
|-resisted|p1a: Alomomola
|-damage|p1a: Alomomola|93/100
|-resisted|p1a: Alomomola
|-damage|p1a: Alomomola|85/100
|-hitcount|p1a: Alomomola|3
|move|p1a: Alomomola|Body Slam|p2a: Weavile
|-damage|p2a: Weavile|73/100
|
|upkeep
|turn|33
|-message|animeGametestteam forfeited.
|
|win|FamiliarShores
|raw|FamiliarShores's rating: 1347 &rarr; <strong>1364</strong><br />(+17 for winning)
|raw|animeGametestteam's rating: 1298 &rarr; <strong>1277</strong><br />(-21 for losing)
|l|☆animeGametestteam
|player|p2|
