|j|☆blkbe
|j|☆blazingshadow46
|t:|1758973790
|gametype|singles
|player|p1|blkbe|bellelba|1170
|player|p2|blazingshadow46|ghetsis|1216
|gen|9
|tier|[Gen 9] OU
|rated|
|rule|HP Percentage Mod: HP is shown in percentages
|rule|Endless Battle Clause: Forcing endless battles is banned
|rule|Species Clause: Limit one of each Pokémon
|rule|OHKO Clause: OHKO moves are banned
|rule|Evasion Items Clause: Evasion items are banned
|rule|Evasion Moves Clause: Evasion moves are banned
|rule|Evasion Abilities Clause: Evasion abilities are banned
|rule|Sleep Moves Clause: Sleep-inducing moves are banned
|clearpoke
|poke|p1|Cinderace, M|
|poke|p1|Garganacl, M|
|poke|p1|Dragonite, F|
|poke|p1|Gliscor, M|
|poke|p1|Gholdengo|
|poke|p1|Glimmora, F|
|poke|p2|Noivern, F|
|poke|p2|Chandelure, M|
|poke|p2|Scizor, F|
|poke|p2|Great Tusk|
|poke|p2|Toxapex, M|
|poke|p2|Garchomp, F|
|teampreview
|inactive|Battle timer is ON: inactive players will automatically lose when time's up. (requested by blazingshadow46)
|inactive|blkbe also wants the timer to be on.
|
|t:|1758973796
|teamsize|p1|6
|teamsize|p2|6
|start
|switch|p1a: Glimmora|Glimmora, F|100/100
|switch|p2a: Garchomp|Garchomp, F|100/100
|turn|1
|
|t:|1758973800
|move|p2a: Garchomp|Swords Dance|p2a: Garchomp
|-boost|p2a: Garchomp|atk|2
|move|p1a: Glimmora|Dazzling Gleam|p2a: Garchomp
|-supereffective|p2a: Garchomp
|-damage|p2a: Garchomp|37/100
|
|upkeep
|turn|2
|
|t:|1758973804
|move|p2a: Garchomp|Scale Shot|p1a: Glimmora|[miss]
|-miss|p2a: Garchomp|p1a: Glimmora
|move|p1a: Glimmora|Dazzling Gleam|p2a: Garchomp
|-supereffective|p2a: Garchomp
|-damage|p2a: Garchomp|0 fnt
|faint|p2a: Garchomp
|
|upkeep
|c|☆blazingshadow46|bruh
|
|t:|1758973817
|switch|p2a: Safety Scizors|Scizor, F|100/100
|turn|3
|
|t:|1758973823
|move|p1a: Glimmora|Earth Power|p2a: Safety Scizors
|-damage|p2a: Safety Scizors|53/100
|move|p2a: Safety Scizors|Swords Dance|p2a: Safety Scizors
|-boost|p2a: Safety Scizors|atk|2
|
|-heal|p2a: Safety Scizors|59/100|[from] item: Leftovers
|upkeep
|turn|4
|
|t:|1758973825
|move|p2a: Safety Scizors|Bullet Punch|p1a: Glimmora
|-supereffective|p1a: Glimmora
|-enditem|p1a: Glimmora|Focus Sash
|-damage|p1a: Glimmora|1/100
|-activate|p1a: Glimmora|ability: Toxic Debris
|-sidestart|p2: blazingshadow46|move: Toxic Spikes
|move|p1a: Glimmora|Earth Power|p2a: Safety Scizors
|-damage|p2a: Safety Scizors|18/100
|
|-heal|p2a: Safety Scizors|24/100|[from] item: Leftovers
|upkeep
|turn|5
|
|t:|1758973828
|move|p2a: Safety Scizors|Bullet Punch|p1a: Glimmora
|-supereffective|p1a: Glimmora
|-damage|p1a: Glimmora|0 fnt
|-activate|p1a: Glimmora|ability: Toxic Debris
|-sidestart|p2: blazingshadow46|move: Toxic Spikes
|faint|p1a: Glimmora
|
|-heal|p2a: Safety Scizors|30/100|[from] item: Leftovers
|upkeep
|
|t:|1758973830
|switch|p1a: Dragonite|Dragonite, F|100/100
|turn|6
|
|t:|1758973833
|move|p1a: Dragonite|Extreme Speed|p2a: Safety Scizors
|-resisted|p2a: Safety Scizors
|-damage|p2a: Safety Scizors|11/100
|move|p2a: Safety Scizors|Dual Wingbeat|p1a: Dragonite|[miss]
|-miss|p2a: Safety Scizors|p1a: Dragonite
|
|-heal|p2a: Safety Scizors|17/100|[from] item: Leftovers
|upkeep
|turn|7
|c|☆blazingshadow46|bruh
|
|t:|1758973843
|switch|p2a: Knee Surgery|Great Tusk|100/100
|-status|p2a: Knee Surgery|tox
|move|p1a: Dragonite|Extreme Speed|p2a: Knee Surgery
|-damage|p2a: Knee Surgery|85/100 tox
|-damage|p1a: Dragonite|84/100|[from] item: Rocky Helmet|[of] p2a: Knee Surgery
|
|-heal|p1a: Dragonite|90/100|[from] item: Leftovers
|-damage|p2a: Knee Surgery|79/100 tox|[from] psn
|upkeep
|turn|8
|
|t:|1758973849
|switch|p1a: Gholdengo|Gholdengo, shiny|100/100
|-item|p1a: Gholdengo|Air Balloon
|move|p2a: Knee Surgery|Ice Spinner|p1a: Gholdengo
|-resisted|p1a: Gholdengo
|-damage|p1a: Gholdengo|86/100
|-enditem|p1a: Gholdengo|Air Balloon
|
|-damage|p2a: Knee Surgery|67/100 tox|[from] psn
|upkeep
|turn|9
|
|t:|1758973853
|-end|p2a: Knee Surgery|Protosynthesis|[silent]
|switch|p2a: The Pexagon|Toxapex, M|100/100
|-sideend|p2: blazingshadow46|move: Toxic Spikes|[of] p2a: The Pexagon
|move|p1a: Gholdengo|Dazzling Gleam|p2a: The Pexagon
|-resisted|p2a: The Pexagon
|-damage|p2a: The Pexagon|92/100
|
|-heal|p2a: The Pexagon|98/100|[from] item: Leftovers
|upkeep
|turn|10
|
|t:|1758973865
|move|p1a: Gholdengo|Nasty Plot|p1a: Gholdengo
|-boost|p1a: Gholdengo|spa|2
|move|p2a: The Pexagon|Surf|p1a: Gholdengo
|-damage|p1a: Gholdengo|62/100
|
|-heal|p2a: The Pexagon|100/100|[from] item: Leftovers
|upkeep
|turn|11
|
|t:|1758973871
|move|p1a: Gholdengo|Shadow Ball|p2a: The Pexagon
|-damage|p2a: The Pexagon|48/100
|move|p2a: The Pexagon|Surf|p1a: Gholdengo
|-damage|p1a: Gholdengo|38/100
|
|-heal|p2a: The Pexagon|54/100|[from] item: Leftovers
|upkeep
|turn|12
|
|t:|1758973880
|move|p1a: Gholdengo|Shadow Ball|p2a: The Pexagon
|-damage|p2a: The Pexagon|5/100
|move|p2a: The Pexagon|Surf|p1a: Gholdengo
|-damage|p1a: Gholdengo|14/100
|
|-heal|p2a: The Pexagon|11/100|[from] item: Leftovers
|upkeep
|turn|13
|
|t:|1758973884
|switch|p2a: Knee Surgery|Great Tusk|67/100 tox
|move|p1a: Gholdengo|Shadow Ball|p2a: Knee Surgery
|-damage|p2a: Knee Surgery|0 fnt
|faint|p2a: Knee Surgery
|-end|p2a: Knee Surgery|Protosynthesis|[silent]
|
|upkeep
|
|t:|1758973886
|switch|p2a: Safety Scizors|Scizor, F|17/100
|turn|14
|
|t:|1758973890
|move|p2a: Safety Scizors|Bullet Punch|p1a: Gholdengo
|-resisted|p1a: Gholdengo
|-crit|p1a: Gholdengo
|-damage|p1a: Gholdengo|0 fnt
|faint|p1a: Gholdengo
|
|-heal|p2a: Safety Scizors|24/100|[from] item: Leftovers
|upkeep
|
|t:|1758973895
|switch|p1a: Cinderace|Cinderace, M|100/100
|turn|15
|
|t:|1758973898
|switch|p2a: The Pexagon|Toxapex, M|44/100
|move|p1a: Cinderace|Pyro Ball|p2a: The Pexagon
|-resisted|p2a: The Pexagon
|-damage|p2a: The Pexagon|23/100
|
|-heal|p2a: The Pexagon|29/100|[from] item: Leftovers
|upkeep
|turn|16
|
|t:|1758973905
|move|p1a: Cinderace|Iron Head|p2a: The Pexagon
|-start|p1a: Cinderace|typechange|Steel|[from] ability: Libero
|-resisted|p2a: The Pexagon
|-damage|p2a: The Pexagon|13/100
|cant|p2a: The Pexagon|flinch
|
|-heal|p2a: The Pexagon|19/100|[from] item: Leftovers
|upkeep
|turn|17
|c|☆blazingshadow46|brother
|c|☆blazingshadow46|you're very lucky
|
|t:|1758973923
|move|p1a: Cinderace|Iron Head|p2a: The Pexagon
|-resisted|p2a: The Pexagon
|-damage|p2a: The Pexagon|3/100
|cant|p2a: The Pexagon|flinch
|
|-heal|p2a: The Pexagon|9/100|[from] item: Leftovers
|upkeep
|turn|18
|
|t:|1758973926
|move|p1a: Cinderace|Iron Head|p2a: The Pexagon
|-resisted|p2a: The Pexagon
|-damage|p2a: The Pexagon|0 fnt
|faint|p2a: The Pexagon
|
|upkeep
|
|t:|1758973929
|switch|p2a: Safety Scizors|Scizor, F|24/100
|turn|19
|
|t:|1758973931
|switch|p2a: SS Stall trooper|Chandelure, M|100/100
|move|p1a: Cinderace|Pyro Ball|p2a: SS Stall trooper
|-start|p2a: SS Stall trooper|ability: Flash Fire
|
|upkeep
|turn|20
|
|t:|1758973937
|move|p1a: Cinderace|Iron Head|p2a: SS Stall trooper
|-resisted|p2a: SS Stall trooper
|-damage|p2a: SS Stall trooper|73/100
|cant|p2a: SS Stall trooper|flinch
|
|upkeep
|turn|21
|
|t:|1758973939
|move|p1a: Cinderace|Iron Head|p2a: SS Stall trooper
|-resisted|p2a: SS Stall trooper
|-damage|p2a: SS Stall trooper|46/100
|cant|p2a: SS Stall trooper|flinch
|
|upkeep
|turn|22
|
|t:|1758973942
|move|p1a: Cinderace|Iron Head|p2a: SS Stall trooper
|-resisted|p2a: SS Stall trooper
|-damage|p2a: SS Stall trooper|19/100
|move|p2a: SS Stall trooper|Flamethrower|p1a: Cinderace
|-supereffective|p1a: Cinderace
|-damage|p1a: Cinderace|0 fnt
|faint|p1a: Cinderace
|
|upkeep
|
|t:|1758973948
|switch|p1a: Gliscor|Gliscor, M|100/100
|turn|23
|c|☆blazingshadow46|even with kings rock thats really lucky
|
|t:|1758973959
|-end|p2a: SS Stall trooper|ability: Flash Fire|[silent]
|switch|p2a: Wombat|Noivern, F|100/100
|move|p1a: Gliscor|Earthquake|p2a: Wombat
|-immune|p2a: Wombat
|
|-status|p1a: Gliscor|tox|[from] item: Toxic Orb
|upkeep
|turn|24
|
|t:|1758973965
|move|p2a: Wombat|Boomburst|p1a: Gliscor
|-damage|p1a: Gliscor|41/100 tox
|move|p1a: Gliscor|Ice Fang|p2a: Wombat
|-supereffective|p2a: Wombat
|-damage|p2a: Wombat|7/100
|-status|p2a: Wombat|frz
|
|-heal|p1a: Gliscor|54/100 tox|[from] ability: Poison Heal
|upkeep
|turn|25
|
|t:|1758973971
|cant|p2a: Wombat|frz
|move|p1a: Gliscor|Facade|p2a: Wombat
|-damage|p2a: Wombat|0 fnt
|faint|p2a: Wombat
|
|-heal|p1a: Gliscor|66/100 tox|[from] ability: Poison Heal
|upkeep
|c|☆blazingshadow46|nice skill
|-message|blazingshadow46 forfeited.
|
|win|blkbe
|raw|blkbe's rating: 1170 &rarr; <strong>1198</strong><br />(+28 for winning)
|raw|blazingshadow46's rating: 1216 &rarr; <strong>1188</strong><br />(-28 for losing)
|l|☆blazingshadow46
|player|p2|
