|j|☆doovergubben
|j|☆my 100lb pug
|t:|1758999167
|gametype|singles
|player|p1|doovergubben|2|1356
|player|p2|my 100lb pug|101|1405
|gen|9
|tier|[Gen 9] OU
|rated|
|rule|HP Percentage Mod: HP is shown in percentages
|rule|Endless Battle Clause: Forcing endless battles is banned
|rule|Species Clause: Limit one of each Pokémon
|rule|OHKO Clause: OHKO moves are banned
|rule|Evasion Items Clause: Evasion items are banned
|rule|Evasion Moves Clause: Evasion moves are banned
|rule|Evasion Abilities Clause: Evasion abilities are banned
|rule|Sleep Moves Clause: Sleep-inducing moves are banned
|clearpoke
|poke|p1|Enamorus, F|
|poke|p1|Deoxys-Speed|
|poke|p1|Raging Bolt|
|poke|p1|Samurott-Hisui, F|
|poke|p1|Great Tusk|
|poke|p1|Gholdengo|
|poke|p2|Landorus-Therian, M|
|poke|p2|Salazzle, F|
|poke|p2|Toxtricity, M|
|poke|p2|Great Tusk|
|poke|p2|Gholdengo|
|poke|p2|Lurantis, M|
|teampreview
|inactive|Battle timer is ON: inactive players will automatically lose when time's up. (requested by doovergubben)
|
|t:|1758999199
|teamsize|p1|6
|teamsize|p2|6
|start
|switch|p1a: Samurott|Samurott-Hisui, F|100/100
|switch|p2a: Lurantis|Lurantis, M|100/100
|turn|1
|
|t:|1758999210
|move|p1a: Samurott|Ceaseless Edge|p2a: Lurantis
|-damage|p2a: Lurantis|50/100
|-sidestart|p2: my 100lb pug|Spikes
|move|p2a: Lurantis|Superpower|p1a: Samurott
|-supereffective|p1a: Samurott
|-damage|p1a: Samurott|24/100
|-boost|p2a: Lurantis|atk|1
|-boost|p2a: Lurantis|def|1
|
|upkeep
|turn|2
|
|t:|1758999218
|move|p1a: Samurott|Ceaseless Edge|p2a: Lurantis
|-damage|p2a: Lurantis|20/100
|-sidestart|p2: my 100lb pug|Spikes
|move|p2a: Lurantis|Synthesis|p2a: Lurantis
|-heal|p2a: Lurantis|70/100
|
|upkeep
|turn|3
|
|t:|1758999224
|move|p1a: Samurott|Ceaseless Edge|p2a: Lurantis
|-damage|p2a: Lurantis|35/100
|-sidestart|p2: my 100lb pug|Spikes
|move|p2a: Lurantis|Synthesis|p2a: Lurantis
|-heal|p2a: Lurantis|85/100
|
|upkeep
|turn|4
|
|t:|1758999248
|switch|p1a: Enamorus|Enamorus, F|100/100
|move|p2a: Lurantis|Superpower|p1a: Enamorus
|-resisted|p1a: Enamorus
|-damage|p1a: Enamorus|83/100
|-boost|p2a: Lurantis|atk|1
|-boost|p2a: Lurantis|def|1
|
|upkeep
|turn|5
|
|t:|1758999258
|move|p1a: Enamorus|Moonblast|p2a: Lurantis
|-damage|p2a: Lurantis|44/100
|-boost|p2a: Lurantis|spa|1
|move|p2a: Lurantis|Synthesis|p2a: Lurantis
|-heal|p2a: Lurantis|94/100
|
|upkeep
|turn|6
|
|t:|1758999264
|move|p1a: Enamorus|Moonblast|p2a: Lurantis
|-damage|p2a: Lurantis|53/100
|move|p2a: Lurantis|Defog|p1a: Enamorus
|-boost|p1a: Enamorus|evasion|1
|-sideend|p2: my 100lb pug|Spikes|[from] move: Defog|[of] p2a: Lurantis
|
|upkeep
|turn|7
|
|t:|1758999274
|switch|p1a: Gholdengo|Gholdengo|100/100
|move|p2a: Lurantis|Synthesis|p2a: Lurantis
|-heal|p2a: Lurantis|100/100
|
|upkeep
|turn|8
|
|t:|1758999289
|move|p1a: Gholdengo|Thunder Wave|p2a: Lurantis|[miss]
|-miss|p1a: Gholdengo|p2a: Lurantis
|move|p2a: Lurantis|Knock Off|p1a: Gholdengo
|-supereffective|p1a: Gholdengo
|-damage|p1a: Gholdengo|0 fnt
|-enditem|p1a: Gholdengo|Choice Scarf|[from] move: Knock Off|[of] p2a: Lurantis
|faint|p1a: Gholdengo
|
|upkeep
|-message|doovergubben forfeited.
|
|win|my 100lb pug
|raw|doovergubben's rating: 1356 &rarr; <strong>1339</strong><br />(-17 for losing)
|raw|my 100lb pug's rating: 1405 &rarr; <strong>1422</strong><br />(+17 for winning)
|l|☆doovergubben
|player|p1|
|l|☆my 100lb pug
|player|p2|
