|j|☆John Torkoal
|j|☆Malamarlvr94
|t:|1759034751
|gametype|singles
|player|p1|John Torkoal|rosa|1198
|player|p2|Malamarlvr94|266|1251
|gen|9
|tier|[Gen 9] OU
|rated|
|rule|HP Percentage Mod: HP is shown in percentages
|rule|Endless Battle Clause: Forcing endless battles is banned
|rule|Species Clause: Limit one of each Pokémon
|rule|OHKO Clause: OHKO moves are banned
|rule|Evasion Items Clause: Evasion items are banned
|rule|Evasion Moves Clause: Evasion moves are banned
|rule|Evasion Abilities Clause: Evasion abilities are banned
|rule|Sleep Moves Clause: Sleep-inducing moves are banned
|clearpoke
|poke|p1|Kingambit, F|
|poke|p1|Deoxys-Speed|
|poke|p1|Great Tusk|
|poke|p1|Dragonite, M|
|poke|p1|Iron Moth|
|poke|p1|Primarina, F|
|poke|p2|Malamar, F|
|poke|p2|Iron Treads|
|poke|p2|Enamorus, F|
|poke|p2|Araquanid, F|
|poke|p2|Skeledirge, F|
|poke|p2|Gholdengo|
|teampreview
|inactive|Battle timer is ON: inactive players will automatically lose when time's up. (requested by Malamarlvr94)
|inactive|John Torkoal has 120 seconds left.
|
|t:|1759034789
|teamsize|p1|6
|teamsize|p2|6
|start
|switch|p1a: Yoshi|Dragonite, M, shiny|100/100
|switch|p2a: Araquanid|Araquanid, F|100/100
|turn|1
|
|t:|1759034796
|move|p1a: Yoshi|Fire Punch|p2a: Araquanid
|-damage|p2a: Araquanid|78/100
|move|p2a: Araquanid|Sticky Web|p1a: Yoshi
|-sidestart|p1: John Torkoal|move: Sticky Web
|
|upkeep
|turn|2
|
|t:|1759034810
|switch|p1a: Siren|Primarina, F|100/100
|-activate|p1a: Siren|move: Sticky Web
|-unboost|p1a: Siren|spe|1
|move|p2a: Araquanid|Liquidation|p1a: Siren
|-resisted|p1a: Siren
|-damage|p1a: Siren|56/100
|-unboost|p1a: Siren|def|1
|
|upkeep
|turn|3
|
|t:|1759034815
|move|p1a: Siren|Moonblast|p2a: Araquanid
|-damage|p2a: Araquanid|35/100
|-unboost|p2a: Araquanid|spa|1
|move|p2a: Araquanid|Liquidation|p1a: Siren
|-resisted|p1a: Siren
|-damage|p1a: Siren|0 fnt
|faint|p1a: Siren
|
|upkeep
|
|t:|1759034818
|switch|p1a: Anomaly|Great Tusk|100/100
|-activate|p1a: Anomaly|move: Sticky Web
|-unboost|p1a: Anomaly|spe|1
|-enditem|p1a: Anomaly|Booster Energy
|-activate|p1a: Anomaly|ability: Protosynthesis|[fromitem]
|-start|p1a: Anomaly|protosynthesisatk
|turn|4
|
|t:|1759034822
|switch|p2a: Skeledirge|Skeledirge, F|100/100
|move|p1a: Anomaly|Headlong Rush|p2a: Skeledirge
|-supereffective|p2a: Skeledirge
|-damage|p2a: Skeledirge|0 fnt
|-unboost|p1a: Anomaly|def|1
|-unboost|p1a: Anomaly|spd|1
|faint|p2a: Skeledirge
|
|upkeep
|
|t:|1759034835
|switch|p2a: Enamorus|Enamorus, F|100/100
|turn|5
|
|t:|1759034845
|-end|p1a: Anomaly|Protosynthesis|[silent]
|switch|p1a: Anomаly|Iron Moth|100/100
|-activate|p1a: Anomаly|move: Sticky Web
|-unboost|p1a: Anomаly|spe|1
|-enditem|p1a: Anomаly|Booster Energy
|-activate|p1a: Anomаly|ability: Quark Drive|[fromitem]
|-start|p1a: Anomаly|quarkdrivespa
|move|p2a: Enamorus|Moonblast|p1a: Anomаly
|-resisted|p1a: Anomаly
|-damage|p1a: Anomаly|80/100
|-unboost|p1a: Anomаly|spa|1
|
|upkeep
|turn|6
|
|t:|1759034854
|switch|p2a: Araquanid|Araquanid, F|35/100
|move|p1a: Anomаly|Fiery Dance|p2a: Araquanid
|-damage|p2a: Araquanid|20/100
|-boost|p1a: Anomаly|spa|1
|
|upkeep
|turn|7
|
|t:|1759034859
|move|p1a: Anomаly|Fiery Dance|p2a: Araquanid
|-damage|p2a: Araquanid|0 fnt
|-boost|p1a: Anomаly|spa|1
|faint|p2a: Araquanid
|
|upkeep
|
|t:|1759034871
|switch|p2a: Enamorus|Enamorus, F|100/100
|turn|8
|
|t:|1759034883
|move|p2a: Enamorus|Earth Power|p1a: Anomаly
|-supereffective|p1a: Anomаly
|-damage|p1a: Anomаly|0 fnt
|faint|p1a: Anomаly
|-end|p1a: Anomаly|Quark Drive|[silent]
|
|upkeep
|
|t:|1759034886
|switch|p1a: Anomaly|Great Tusk|100/100
|-activate|p1a: Anomaly|move: Sticky Web
|-unboost|p1a: Anomaly|spe|1
|turn|9
|
|t:|1759034891
|switch|p2a: Gholdengo|Gholdengo|100/100
|move|p1a: Anomaly|Ice Spinner|p2a: Gholdengo
|-resisted|p2a: Gholdengo
|-damage|p2a: Gholdengo|84/100
|
|upkeep
|turn|10
|
|t:|1759034897
|move|p2a: Gholdengo|Make It Rain|p1a: Anomaly
|-damage|p1a: Anomaly|6/100
|-unboost|p2a: Gholdengo|spa|1
|move|p1a: Anomaly|Headlong Rush|p2a: Gholdengo
|-supereffective|p2a: Gholdengo
|-damage|p2a: Gholdengo|0 fnt
|-unboost|p1a: Anomaly|def|1
|-unboost|p1a: Anomaly|spd|1
|faint|p2a: Gholdengo
|
|upkeep
|
|t:|1759034901
|switch|p2a: Malamar|Malamar, F|100/100
|turn|11
|
|t:|1759034909
|-end|p1a: Anomaly|Protosynthesis|[silent]
|switch|p1a: Yoshi|Dragonite, M, shiny|100/100
|move|p2a: Malamar|Superpower|p1a: Yoshi
|-resisted|p1a: Yoshi
|-damage|p1a: Yoshi|91/100
|-boost|p2a: Malamar|atk|1
|-boost|p2a: Malamar|def|1
|
|upkeep
|turn|12
|
|t:|1759034916
|-terastallize|p1a: Yoshi|Normal
|move|p1a: Yoshi|Extreme Speed|p2a: Malamar
|-damage|p2a: Malamar|57/100
|move|p2a: Malamar|Superpower|p1a: Yoshi
|-supereffective|p1a: Yoshi
|-damage|p1a: Yoshi|0 fnt
|-boost|p2a: Malamar|atk|1
|-boost|p2a: Malamar|def|1
|faint|p1a: Yoshi
|
|upkeep
|
|t:|1759034929
|switch|p1a: Moebius|Deoxys-Speed|100/100
|-activate|p1a: Moebius|move: Sticky Web
|-unboost|p1a: Moebius|spe|1
|-ability|p1a: Moebius|Pressure
|turn|13
|
|t:|1759034934
|move|p1a: Moebius|Shadow Ball|p2a: Malamar
|-damage|p2a: Malamar|31/100
|-damage|p1a: Moebius|91/100|[from] item: Life Orb
|move|p2a: Malamar|Night Slash|p1a: Moebius
|-supereffective|p1a: Moebius
|-damage|p1a: Moebius|0 fnt
|faint|p1a: Moebius
|
|upkeep
|
|t:|1759034939
|switch|p1a: Anomaly|Great Tusk|6/100
|-activate|p1a: Anomaly|move: Sticky Web
|-unboost|p1a: Anomaly|spe|1
|turn|14
|
|t:|1759034944
|move|p1a: Anomaly|Rapid Spin|p2a: Malamar
|-damage|p2a: Malamar|22/100
|-boost|p1a: Anomaly|spe|1
|-sideend|p1: John Torkoal|Sticky Web|[from] move: Rapid Spin|[of] p1a: Anomaly
|move|p2a: Malamar|Superpower|p1a: Anomaly
|-damage|p1a: Anomaly|0 fnt
|-boost|p2a: Malamar|atk|1
|-boost|p2a: Malamar|def|1
|faint|p1a: Anomaly
|-end|p1a: Anomaly|Protosynthesis|[silent]
|
|upkeep
|
|t:|1759034946
|switch|p1a: Meruem|Kingambit, F|100/100
|-activate|p1a: Meruem|ability: Supreme Overlord
|-start|p1a: Meruem|fallen5|[silent]
|turn|15
|
|t:|1759034950
|move|p1a: Meruem|Sucker Punch|p2a: Malamar
|-damage|p2a: Malamar|0 fnt
|faint|p2a: Malamar
|
|upkeep
|
|t:|1759034953
|switch|p2a: Iron Treads|Iron Treads|100/100
|-enditem|p2a: Iron Treads|Booster Energy
|-activate|p2a: Iron Treads|ability: Quark Drive|[fromitem]
|-start|p2a: Iron Treads|quarkdrivespe
|turn|16
|
|t:|1759034957
|move|p1a: Meruem|Sucker Punch|p2a: Iron Treads
|-damage|p2a: Iron Treads|49/100
|move|p2a: Iron Treads|Earthquake|p1a: Meruem
|-supereffective|p1a: Meruem
|-damage|p1a: Meruem|28/100
|
|-heal|p1a: Meruem|34/100|[from] item: Leftovers
|upkeep
|turn|17
|
|t:|1759034963
|move|p1a: Meruem|Sucker Punch||[still]
|-fail|p1a: Meruem
|move|p2a: Iron Treads|Stealth Rock|p1a: Meruem
|-sidestart|p1: John Torkoal|move: Stealth Rock
|
|-heal|p1a: Meruem|40/100|[from] item: Leftovers
|upkeep
|turn|18
|
|t:|1759034966
|move|p1a: Meruem|Sucker Punch||[still]
|-fail|p1a: Meruem
|move|p2a: Iron Treads|Stealth Rock||[still]
|-fail|p2a: Iron Treads
|
|-heal|p1a: Meruem|46/100|[from] item: Leftovers
|upkeep
|turn|19
|
|t:|1759034968
|move|p1a: Meruem|Sucker Punch|p2a: Iron Treads
|-damage|p2a: Iron Treads|0 fnt
|faint|p2a: Iron Treads
|-end|p2a: Iron Treads|Quark Drive|[silent]
|
|-heal|p1a: Meruem|52/100|[from] item: Leftovers
|upkeep
|
|t:|1759034971
|switch|p2a: Enamorus|Enamorus, F|100/100
|turn|20
|
|t:|1759034974
|move|p1a: Meruem|Sucker Punch|p2a: Enamorus
|-resisted|p2a: Enamorus
|-damage|p2a: Enamorus|51/100
|move|p2a: Enamorus|Earth Power|p1a: Meruem
|-supereffective|p1a: Meruem
|-damage|p1a: Meruem|0 fnt
|faint|p1a: Meruem
|-end|p1a: Meruem|fallen5|[silent]
|
|win|Malamarlvr94
|raw|John Torkoal's rating: 1198 &rarr; <strong>1177</strong><br />(-21 for losing)
|raw|Malamarlvr94's rating: 1251 &rarr; <strong>1272</strong><br />(+21 for winning)
|l|☆John Torkoal
|player|p1|
|l|☆Malamarlvr94
|player|p2|
