|j|☆OUZQ Crocodile
|j|☆ohjeebus
|t:|1758956676
|gametype|singles
|player|p1|OUZQ Crocodile|lucas|1472
|player|p2|ohjeebus|koga|1550
|gen|9
|tier|[Gen 9] OU
|rated|
|rule|HP Percentage Mod: HP is shown in percentages
|rule|Endless Battle Clause: Forcing endless battles is banned
|rule|Species Clause: Limit one of each Pokémon
|rule|OHKO Clause: OHKO moves are banned
|rule|Evasion Items Clause: Evasion items are banned
|rule|Evasion Moves Clause: Evasion moves are banned
|rule|Evasion Abilities Clause: Evasion abilities are banned
|rule|Sleep Moves Clause: Sleep-inducing moves are banned
|clearpoke
|poke|p1|Iron Moth|
|poke|p1|Ting-Lu|
|poke|p1|Torkoal, M|
|poke|p1|Walking Wake|
|poke|p1|Great Tusk|
|poke|p1|Slither Wing|
|poke|p2|Zamazenta-*|
|poke|p2|Weezing-Galar, F|
|poke|p2|Kingambit, F|
|poke|p2|Weavile, M|
|poke|p2|Ceruledge, M|
|poke|p2|Ting-Lu|
|teampreview
|inactive|Battle timer is ON: inactive players will automatically lose when time's up. (requested by ohjeebus)
|inactive|OUZQ Crocodile has 120 seconds left.
|
|t:|1758956725
|teamsize|p1|6
|teamsize|p2|6
|start
|switch|p1a: Walking Wake|Walking Wake|100/100
|switch|p2a: Ting-Lu|Ting-Lu|100/100
|-ability|p2a: Ting-Lu|Vessel of Ruin
|turn|1
|
|t:|1758956729
|move|p1a: Walking Wake|Hydro Steam|p2a: Ting-Lu
|-supereffective|p2a: Ting-Lu
|-damage|p2a: Ting-Lu|47/100
|move|p2a: Ting-Lu|Payback|p1a: Walking Wake
|-damage|p1a: Walking Wake|59/100
|
|-heal|p2a: Ting-Lu|53/100|[from] item: Leftovers
|upkeep
|turn|2
|
|t:|1758956738
|move|p1a: Walking Wake|Hydro Steam|p2a: Ting-Lu
|-supereffective|p2a: Ting-Lu
|-damage|p2a: Ting-Lu|0 fnt
|faint|p2a: Ting-Lu
|
|upkeep
|
|t:|1758956742
|switch|p2a: Weavile|Weavile, M|100/100
|-ability|p2a: Weavile|Pressure
|turn|3
|
|t:|1758956761
|-end|p1a: Walking Wake|Protosynthesis|[silent]
|switch|p1a: Slither Wing|Slither Wing|100/100
|move|p2a: Weavile|Knock Off|p1a: Slither Wing
|-resisted|p1a: Slither Wing
|-crit|p1a: Slither Wing
|-damage|p1a: Slither Wing|51/100
|-enditem|p1a: Slither Wing|Choice Band|[from] move: Knock Off|[of] p2a: Weavile
|
|upkeep
|turn|4
|
|t:|1758956769
|switch|p2a: Weezing|Weezing-Galar, F|100/100
|-ability|p2a: Weezing|Neutralizing Gas
|move|p1a: Slither Wing|First Impression|p2a: Weezing
|-resisted|p2a: Weezing
|-damage|p2a: Weezing|92/100
|-damage|p1a: Slither Wing|35/100|[from] item: Rocky Helmet|[of] p2a: Weezing
|
|upkeep
|turn|5
|
|t:|1758956777
|-end|p1a: Slither Wing|Protosynthesis|[silent]
|switch|p1a: Torkoal|Torkoal, M|100/100
|move|p2a: Weezing|Strange Steam|p1a: Torkoal
|-resisted|p1a: Torkoal
|-damage|p1a: Torkoal|82/100
|
|upkeep
|turn|6
|
|t:|1758956784
|move|p2a: Weezing|Strange Steam|p1a: Torkoal
|-resisted|p1a: Torkoal
|-damage|p1a: Torkoal|64/100
|move|p1a: Torkoal|Stealth Rock|p2a: Weezing
|-sidestart|p2: ohjeebus|move: Stealth Rock
|
|upkeep
|turn|7
|
|t:|1758956792
|switch|p1a: Iron Moth|Iron Moth|100/100
|move|p2a: Weezing|Strange Steam|p1a: Iron Moth
|-resisted|p1a: Iron Moth
|-damage|p1a: Iron Moth|94/100
|
|upkeep
|turn|8
|
|t:|1758956802
|move|p1a: Iron Moth|Overheat|p2a: Weezing
|-damage|p2a: Weezing|0 fnt
|-unboost|p1a: Iron Moth|spa|2
|faint|p2a: Weezing
|-end|p2a: Weezing|ability: Neutralizing Gas
|
|upkeep
|
|t:|1758956806
|switch|p2a: Ceruledge|Ceruledge, M|100/100
|turn|9
|
|t:|1758956818
|-end|p1a: Iron Moth|Quark Drive|[silent]
|switch|p1a: Ting-Lu|Ting-Lu|100/100
|-ability|p1a: Ting-Lu|Vessel of Ruin
|move|p2a: Ceruledge|Swords Dance|p2a: Ceruledge
|-boost|p2a: Ceruledge|atk|2
|
|upkeep
|turn|10
|
|t:|1758956840
|move|p2a: Ceruledge|Bitter Blade|p1a: Ting-Lu
|-crit|p1a: Ting-Lu
|-damage|p1a: Ting-Lu|25/100
|-damage|p2a: Ceruledge|84/100|[from] item: Rocky Helmet|[of] p1a: Ting-Lu
|move|p1a: Ting-Lu|Earthquake|p2a: Ceruledge
|-supereffective|p2a: Ceruledge
|-damage|p2a: Ceruledge|0 fnt
|faint|p2a: Ceruledge
|
|upkeep
|
|t:|1758956848
|switch|p2a: Weavile|Weavile, M|100/100
|-damage|p2a: Weavile|76/100|[from] Stealth Rock
|-ability|p2a: Weavile|Pressure
|turn|11
|
|t:|1758956858
|move|p2a: Weavile|Swords Dance|p2a: Weavile
|-boost|p2a: Weavile|atk|2
|move|p1a: Ting-Lu|Earthquake|p2a: Weavile
|-damage|p2a: Weavile|14/100
|
|upkeep
|turn|12
|
|t:|1758956864
|move|p2a: Weavile|Ice Shard|p1a: Ting-Lu
|-supereffective|p1a: Ting-Lu
|-damage|p1a: Ting-Lu|0 fnt
|faint|p1a: Ting-Lu
|
|upkeep
|
|t:|1758956868
|switch|p1a: Slither Wing|Slither Wing|35/100
|turn|13
|
|t:|1758956870
|move|p1a: Slither Wing|First Impression|p2a: Weavile
|-supereffective|p2a: Weavile
|-damage|p2a: Weavile|0 fnt
|faint|p2a: Weavile
|
|upkeep
|
|t:|1758956872
|switch|p2a: Zamazenta|Zamazenta|100/100
|-ability|p2a: Zamazenta|Dauntless Shield|boost
|-boost|p2a: Zamazenta|def|1
|turn|14
|
|t:|1758956875
|move|p2a: Zamazenta|Stone Edge|p1a: Slither Wing
|-damage|p1a: Slither Wing|0 fnt
|faint|p1a: Slither Wing
|-end|p1a: Slither Wing|Protosynthesis|[silent]
|
|upkeep
|
|t:|1758956884
|switch|p1a: Torkoal|Torkoal, M|64/100
|-weather|SunnyDay|[from] ability: Drought|[of] p1a: Torkoal
|turn|15
|
|t:|1758956887
|move|p2a: Zamazenta|Close Combat|p1a: Torkoal
|-damage|p1a: Torkoal|29/100
|-unboost|p2a: Zamazenta|def|1
|-unboost|p2a: Zamazenta|spd|1
|move|p1a: Torkoal|Will-O-Wisp|p2a: Zamazenta|[miss]
|-miss|p1a: Torkoal|p2a: Zamazenta
|
|-weather|SunnyDay|[upkeep]
|upkeep
|turn|16
|
|t:|1758956894
|move|p2a: Zamazenta|Close Combat|p1a: Torkoal
|-crit|p1a: Torkoal
|-damage|p1a: Torkoal|0 fnt
|-unboost|p2a: Zamazenta|def|1
|-unboost|p2a: Zamazenta|spd|1
|faint|p1a: Torkoal
|
|-weather|SunnyDay|[upkeep]
|upkeep
|
|t:|1758956897
|switch|p1a: Walking Wake|Walking Wake|59/100
|-activate|p1a: Walking Wake|ability: Protosynthesis
|-start|p1a: Walking Wake|protosynthesisspe
|turn|17
|
|t:|1758956901
|move|p1a: Walking Wake|Hydro Steam|p2a: Zamazenta
|-damage|p2a: Zamazenta|0 fnt
|faint|p2a: Zamazenta
|
|-weather|SunnyDay|[upkeep]
|upkeep
|
|t:|1758956903
|switch|p2a: Kingambit|Kingambit, F|100/100
|-damage|p2a: Kingambit|94/100|[from] Stealth Rock
|-activate|p2a: Kingambit|ability: Supreme Overlord
|-start|p2a: Kingambit|fallen5|[silent]
|turn|18
|
|t:|1758956904
|move|p2a: Kingambit|Sucker Punch|p1a: Walking Wake
|-damage|p1a: Walking Wake|0 fnt
|faint|p1a: Walking Wake
|-end|p1a: Walking Wake|Protosynthesis|[silent]
|
|-weather|SunnyDay|[upkeep]
|-heal|p2a: Kingambit|100/100|[from] item: Leftovers
|upkeep
|
|t:|1758956906
|switch|p1a: Great Tusk|Great Tusk|100/100
|-activate|p1a: Great Tusk|ability: Protosynthesis
|-start|p1a: Great Tusk|protosynthesisspe
|turn|19
|
|t:|1758956910
|-terastallize|p2a: Kingambit|Fairy
|move|p1a: Great Tusk|Bulk Up|p1a: Great Tusk
|-boost|p1a: Great Tusk|atk|1
|-boost|p1a: Great Tusk|def|1
|move|p2a: Kingambit|Tera Blast|p1a: Great Tusk|[anim] Tera Blast Fairy
|-supereffective|p1a: Great Tusk
|-damage|p1a: Great Tusk|41/100
|
|-weather|SunnyDay|[upkeep]
|upkeep
|turn|20
|inactive|OUZQ Crocodile has 120 seconds left.
|
|t:|1758956944
|-terastallize|p1a: Great Tusk|Ghost
|move|p1a: Great Tusk|Headlong Rush|p2a: Kingambit
|-damage|p2a: Kingambit|39/100
|-unboost|p1a: Great Tusk|def|1
|-unboost|p1a: Great Tusk|spd|1
|move|p2a: Kingambit|Tera Blast|p1a: Great Tusk|[anim] Tera Blast Fairy
|-damage|p1a: Great Tusk|0 fnt
|faint|p1a: Great Tusk
|-end|p1a: Great Tusk|Protosynthesis|[silent]
|
|-weather|SunnyDay|[upkeep]
|-heal|p2a: Kingambit|45/100|[from] item: Leftovers
|upkeep
|inactive|OUZQ Crocodile has 120 seconds left.
|
|t:|1758956957
|switch|p1a: Iron Moth|Iron Moth|94/100
|turn|21
|
|t:|1758956959
|move|p2a: Kingambit|Sucker Punch|p1a: Iron Moth
|-damage|p1a: Iron Moth|0 fnt
|faint|p1a: Iron Moth
|-end|p1a: Iron Moth|Quark Drive|[silent]
|
|win|ohjeebus
|raw|OUZQ Crocodile's rating: 1472 &rarr; <strong>1456</strong><br />(-16 for losing)
|raw|ohjeebus's rating: 1550 &rarr; <strong>1566</strong><br />(+16 for winning)
|l|☆OUZQ Crocodile
|player|p1|
