|j|☆SBYK
|j|☆Borderofseal
|t:|1758954650
|gametype|singles
|player|p1|SBYK|aaron|1434
|player|p2|Borderofseal|169|1605
|gen|9
|tier|[Gen 9] OU
|rated|
|rule|HP Percentage Mod: HP is shown in percentages
|rule|Endless Battle Clause: Forcing endless battles is banned
|rule|Species Clause: Limit one of each Pokémon
|rule|OHKO Clause: OHKO moves are banned
|rule|Evasion Items Clause: Evasion items are banned
|rule|Evasion Moves Clause: Evasion moves are banned
|rule|Evasion Abilities Clause: Evasion abilities are banned
|rule|Sleep Moves Clause: Sleep-inducing moves are banned
|clearpoke
|poke|p1|Kingambit, F|
|poke|p1|Garchomp, M|
|poke|p1|Donphan, M|
|poke|p1|Weezing-Galar, F|
|poke|p1|Tornadus-Therian, M|
|poke|p1|Meowscarada, M|
|poke|p2|Slowking-Galar, F|
|poke|p2|Moltres|
|poke|p2|Great Tusk|
|poke|p2|Samurott-Hisui, M|
|poke|p2|Dragapult, M|
|poke|p2|Weavile, M|
|teampreview
|inactive|Battle timer is ON: inactive players will automatically lose when time's up. (requested by SBYK)
|inactive|Borderofseal also wants the timer to be on.
|
|t:|1758954659
|teamsize|p1|6
|teamsize|p2|6
|start
|switch|p1a: Garchomp|Garchomp, M, shiny|100/100
|switch|p2a: Samurott|Samurott-Hisui, M|100/100
|turn|1
|
|t:|1758954669
|switch|p2a: Moltres|Moltres|100/100
|move|p1a: Garchomp|Scale Shot|p2a: Moltres
|-damage|p2a: Moltres|91/100
|-damage|p2a: Moltres|82/100
|-damage|p2a: Moltres|73/100
|-damage|p2a: Moltres|64/100
|-damage|p2a: Moltres|55/100
|-hitcount|p2a: Moltres|5
|-unboost|p1a: Garchomp|def|1
|-boost|p1a: Garchomp|spe|1
|
|upkeep
|turn|2
|
|t:|1758954680
|move|p1a: Garchomp|Scale Shot|p2a: Moltres
|-damage|p2a: Moltres|47/100
|-damage|p2a: Moltres|37/100
|-damage|p2a: Moltres|29/100
|-crit|p2a: Moltres
|-damage|p2a: Moltres|16/100
|-damage|p2a: Moltres|6/100
|-hitcount|p2a: Moltres|5
|-unboost|p1a: Garchomp|def|1
|-boost|p1a: Garchomp|spe|1
|move|p2a: Moltres|Roost|p2a: Moltres
|-heal|p2a: Moltres|56/100
|-singleturn|p2a: Moltres|move: Roost
|
|upkeep
|turn|3
|
|t:|1758954686
|move|p1a: Garchomp|Swords Dance|p1a: Garchomp
|-boost|p1a: Garchomp|atk|2
|move|p2a: Moltres|Scorching Sands|p1a: Garchomp
|-damage|p1a: Garchomp|78/100
|
|upkeep
|turn|4
|
|t:|1758954691
|move|p1a: Garchomp|Liquidation|p2a: Moltres
|-supereffective|p2a: Moltres
|-damage|p2a: Moltres|0 fnt
|faint|p2a: Moltres
|
|upkeep
|
|t:|1758954696
|switch|p2a: Weavile|Weavile, M|100/100
|-ability|p2a: Weavile|Pressure
|turn|5
|
|t:|1758954699
|-terastallize|p1a: Garchomp|Fairy
|move|p2a: Weavile|Ice Shard|p1a: Garchomp
|-damage|p1a: Garchomp|51/100
|move|p1a: Garchomp|Scale Shot|p2a: Weavile
|-damage|p2a: Weavile|54/100
|-damage|p2a: Weavile|14/100
|-damage|p2a: Weavile|0 fnt
|faint|p2a: Weavile
|-hitcount|p2: Weavile|3
|-unboost|p1a: Garchomp|def|1
|-boost|p1a: Garchomp|spe|1
|
|upkeep
|
|t:|1758954702
|switch|p2a: Great Tusk|Great Tusk|100/100
|turn|6
|
|t:|1758954706
|move|p1a: Garchomp|Liquidation|p2a: Great Tusk
|-supereffective|p2a: Great Tusk
|-damage|p2a: Great Tusk|19/100
|-damage|p1a: Garchomp|34/100|[from] item: Rocky Helmet|[of] p2a: Great Tusk
|move|p2a: Great Tusk|Headlong Rush|p1a: Garchomp
|-damage|p1a: Garchomp|0 fnt
|-unboost|p2a: Great Tusk|def|1
|-unboost|p2a: Great Tusk|spd|1
|-damage|p2a: Great Tusk|6/100|[from] ability: Rough Skin|[of] p1a: Garchomp
|faint|p1a: Garchomp
|
|upkeep
|
|t:|1758954718
|switch|p1a: Donphan|Donphan, M, shiny|100/100
|turn|7
|
|t:|1758954722
|move|p1a: Donphan|Ice Shard|p2a: Great Tusk
|-supereffective|p2a: Great Tusk
|-damage|p2a: Great Tusk|0 fnt
|faint|p2a: Great Tusk
|-end|p2a: Great Tusk|Protosynthesis|[silent]
|
|upkeep
|
|t:|1758954725
|switch|p2a: Samurott|Samurott-Hisui, M|100/100
|turn|8
|
|t:|1758954729
|switch|p1a: Weezing|Weezing-Galar, F, shiny|100/100
|-ability|p1a: Weezing|Neutralizing Gas
|move|p2a: Samurott|Ceaseless Edge|p1a: Weezing
|-resisted|p1a: Weezing
|-damage|p1a: Weezing|89/100
|-sidestart|p1: SBYK|Spikes
|
|-heal|p1a: Weezing|95/100|[from] item: Leftovers
|upkeep
|turn|9
|
|t:|1758954733
|move|p2a: Samurott|Flip Turn|p1a: Weezing
|-damage|p1a: Weezing|72/100
|
|t:|1758954735
|switch|p2a: Slowking|Slowking-Galar, F|100/100|[from] Flip Turn
|move|p1a: Weezing|Defog|p2a: Slowking
|-unboost|p2a: Slowking|evasion|1
|-sideend|p1: SBYK|Spikes|[from] move: Defog|[of] p1a: Weezing
|
|-heal|p1a: Weezing|78/100|[from] item: Leftovers
|upkeep
|turn|10
|
|t:|1758954739
|move|p1a: Weezing|Will-O-Wisp|p2a: Slowking
|-status|p2a: Slowking|brn
|-prepare|p2a: Slowking|Chilly Reception|[premajor]
|move|p2a: Slowking|Chilly Reception|p2a: Slowking
|-weather|Snowscape
|
|t:|1758954743
|switch|p2a: Dragapult|Dragapult, M|100/100|[from] Chilly Reception
|
|-weather|Snowscape|[upkeep]
|-heal|p1a: Weezing|84/100|[from] item: Leftovers
|upkeep
|turn|11
|
|t:|1758954747
|move|p2a: Dragapult|U-turn|p1a: Weezing
|-resisted|p1a: Weezing
|-damage|p1a: Weezing|81/100
|
|t:|1758954749
|switch|p2a: Slowking|Slowking-Galar, F|100/100 brn|[from] U-turn
|move|p1a: Weezing|Strange Steam|p2a: Slowking
|-resisted|p2a: Slowking
|-damage|p2a: Slowking|92/100 brn
|
|-weather|Snowscape|[upkeep]
|-heal|p1a: Weezing|87/100|[from] item: Leftovers
|-damage|p2a: Slowking|86/100 brn|[from] brn
|upkeep
|turn|12
|
|t:|1758954753
|-end|p1a: Weezing|ability: Neutralizing Gas
|switch|p1a: Kingambit|Kingambit, F, shiny|100/100
|-activate|p1a: Kingambit|ability: Supreme Overlord
|-start|p1a: Kingambit|fallen1|[silent]
|move|p2a: Slowking|Future Sight|p1a: Kingambit
|-start|p2a: Slowking|move: Future Sight
|
|-weather|Snowscape|[upkeep]
|-damage|p2a: Slowking|80/100 brn|[from] brn
|upkeep
|turn|13
|
|t:|1758954757
|switch|p2a: Samurott|Samurott-Hisui, M|100/100
|move|p1a: Kingambit|Thunder Wave|p2a: Samurott
|-status|p2a: Samurott|par
|
|-weather|Snowscape|[upkeep]
|upkeep
|turn|14
|
|t:|1758954760
|-end|p1a: Kingambit|fallen1|[silent]
|switch|p1a: Weezing|Weezing-Galar, F, shiny|87/100
|-ability|p1a: Weezing|Neutralizing Gas
|move|p2a: Samurott|Ceaseless Edge|p1a: Weezing
|-resisted|p1a: Weezing
|-damage|p1a: Weezing|75/100
|-sidestart|p1: SBYK|Spikes
|
|-weather|none
|-end|p1a: Weezing|move: Future Sight
|-supereffective|p1a: Weezing
|-damage|p1a: Weezing|0 fnt
|faint|p1a: Weezing
|-end|p1a: Weezing|ability: Neutralizing Gas
|upkeep
|
|t:|1758954764
|switch|p1a: Tornadus|Tornadus-Therian, M, shiny|100/100
|turn|15
|
|t:|1758954766
|move|p1a: Tornadus|Bleakwind Storm|p2a: Samurott
|-damage|p2a: Samurott|61/100 par
|move|p2a: Samurott|Ceaseless Edge|p1a: Tornadus
|-damage|p1a: Tornadus|40/100
|-sidestart|p1: SBYK|Spikes
|
|upkeep
|turn|16
|
|t:|1758954774
|move|p1a: Tornadus|U-turn|p2a: Samurott
|-supereffective|p2a: Samurott
|-damage|p2a: Samurott|28/100 par
|
|t:|1758954776
|switch|p1a: Kingambit|Kingambit, F, shiny|100/100|[from] U-turn
|-damage|p1a: Kingambit|84/100|[from] Spikes
|-activate|p1a: Kingambit|ability: Supreme Overlord
|-start|p1a: Kingambit|fallen2|[silent]
|move|p2a: Samurott|Ceaseless Edge|p1a: Kingambit
|-resisted|p1a: Kingambit
|-damage|p1a: Kingambit|64/100
|-sidestart|p1: SBYK|Spikes
|
|upkeep
|turn|17
|
|t:|1758954781
|move|p2a: Samurott|Sucker Punch|p1a: Kingambit
|-resisted|p1a: Kingambit
|-damage|p1a: Kingambit|49/100
|move|p1a: Kingambit|Kowtow Cleave|p2a: Samurott
|-resisted|p2a: Samurott
|-damage|p2a: Samurott|0 fnt
|faint|p2a: Samurott
|
|upkeep
|
|t:|1758954787
|switch|p2a: Dragapult|Dragapult, M|100/100
|turn|18
|
|t:|1758954798
|-terastallize|p2a: Dragapult|Fairy
|move|p2a: Dragapult|Flamethrower|p1a: Kingambit
|-supereffective|p1a: Kingambit
|-damage|p1a: Kingambit|0 fnt
|faint|p1a: Kingambit
|-end|p1a: Kingambit|fallen2|[silent]
|
|upkeep
|
|t:|1758954804
|switch|p1a: Donphan|Donphan, M, shiny|100/100
|-damage|p1a: Donphan|76/100|[from] Spikes
|turn|19
|
|t:|1758954807
|move|p2a: Dragapult|Flamethrower|p1a: Donphan
|-damage|p1a: Donphan|21/100
|-status|p1a: Donphan|brn
|move|p1a: Donphan|Rapid Spin|p2a: Dragapult
|-damage|p2a: Dragapult|88/100
|-boost|p1a: Donphan|spe|1
|-sideend|p1: SBYK|Spikes|[from] move: Rapid Spin|[of] p1a: Donphan
|
|-damage|p1a: Donphan|15/100 brn|[from] brn
|upkeep
|turn|20
|-enditem|p1a: Donphan|Custap Berry|[eat]
|-activate|p1a: Donphan|item: Custap Berry|[consumed]
|
|t:|1758954813
|move|p1a: Donphan|Endeavor|p2a: Dragapult
|-damage|p2a: Dragapult|18/100
|move|p2a: Dragapult|Flamethrower|p1a: Donphan
|-damage|p1a: Donphan|0 fnt
|faint|p1a: Donphan
|
|upkeep
|
|t:|1758954818
|switch|p1a: Tornadus|Tornadus-Therian, M, shiny|73/100
|turn|21
|
|t:|1758954822
|switch|p2a: Slowking|Slowking-Galar, F|100/100 brn
|move|p1a: Tornadus|Bleakwind Storm|p2a: Slowking
|-damage|p2a: Slowking|73/100 brn
|-unboost|p2a: Slowking|spe|1
|
|-damage|p2a: Slowking|67/100 brn|[from] brn
|upkeep
|turn|22
|
|t:|1758954825
|move|p1a: Tornadus|Knock Off|p2a: Slowking
|-supereffective|p2a: Slowking
|-damage|p2a: Slowking|18/100 brn
|-enditem|p2a: Slowking|Heavy-Duty Boots|[from] move: Knock Off|[of] p1a: Tornadus
|move|p2a: Slowking|Sludge Bomb|p1a: Tornadus
|-damage|p1a: Tornadus|50/100
|
|-damage|p2a: Slowking|11/100 brn|[from] brn
|upkeep
|turn|23
|
|t:|1758954830
|move|p1a: Tornadus|Knock Off|p2a: Slowking
|-supereffective|p2a: Slowking
|-damage|p2a: Slowking|0 fnt
|faint|p2a: Slowking
|
|upkeep
|
|t:|1758954832
|switch|p2a: Dragapult|Dragapult, M, tera:Fairy|18/100
|turn|24
|
|t:|1758954835
|switch|p1a: Meowscarada|Meowscarada, M, shiny|100/100
|move|p2a: Dragapult|Shadow Ball|p1a: Meowscarada
|-resisted|p1a: Meowscarada
|-damage|p1a: Meowscarada|63/100
|
|upkeep
|turn|25
|
|t:|1758954838
|move|p2a: Dragapult|Shadow Ball|p1a: Meowscarada
|-resisted|p1a: Meowscarada
|-damage|p1a: Meowscarada|25/100
|move|p1a: Meowscarada|Flower Trick|p2a: Dragapult
|-start|p1a: Meowscarada|typechange|Grass|[from] ability: Protean
|-crit|p2a: Dragapult
|-damage|p2a: Dragapult|0 fnt
|faint|p2a: Dragapult
|
|win|SBYK
|raw|SBYK's rating: 1434 &rarr; <strong>1463</strong><br />(+29 for winning)
|raw|Borderofseal's rating: 1605 &rarr; <strong>1576</strong><br />(-29 for losing)
|l|☆Borderofseal
|player|p2|
|l|☆SBYK
|player|p1|
