|j|☆H.Amine
|j|☆thekairou
|t:|1759064909
|gametype|singles
|player|p1|H.Amine|alder|1495
|player|p2|thekairou|psychic|1466
|gen|9
|tier|[Gen 9] OU
|rated|
|rule|HP Percentage Mod: HP is shown in percentages
|rule|Endless Battle Clause: Forcing endless battles is banned
|rule|Species Clause: Limit one of each Pokémon
|rule|OHKO Clause: OHKO moves are banned
|rule|Evasion Items Clause: Evasion items are banned
|rule|Evasion Moves Clause: Evasion moves are banned
|rule|Evasion Abilities Clause: Evasion abilities are banned
|rule|Sleep Moves Clause: Sleep-inducing moves are banned
|clearpoke
|poke|p1|Ogerpon, F|
|poke|p1|Heatran, M|
|poke|p1|Glimmora, F|
|poke|p1|Gliscor, M|
|poke|p1|Dragapult, M|
|poke|p1|Samurott-Hisui, M|
|poke|p2|Raging Bolt|
|poke|p2|Kingambit, F|
|poke|p2|Great Tusk|
|poke|p2|Garganacl, F|
|poke|p2|Thundurus, M|
|poke|p2|Iron Valiant|
|teampreview
|inactive|Battle timer is ON: inactive players will automatically lose when time's up. (requested by H.Amine)
|j| Mreda
|inactive|H.Amine has 120 seconds left.
|inactive|H.Amine has 90 seconds left.
|
|t:|1759064973
|teamsize|p1|6
|teamsize|p2|6
|start
|switch|p1a: Ogerpon|Ogerpon, F|100/100
|switch|p2a: Smoker|Thundurus, M|100/100
|turn|1
|
|t:|1759064996
|switch|p1a: Gliscor|Gliscor, M|100/100
|switch|p2a: Great Tusk|Great Tusk|100/100
|
|-status|p1a: Gliscor|tox|[from] item: Toxic Orb
|upkeep
|turn|2
|
|t:|1759065011
|switch|p1a: Glimmora|Glimmora, F|100/100
|move|p2a: Great Tusk|Ice Spinner|p1a: Glimmora
|-damage|p1a: Glimmora|84/100
|-activate|p1a: Glimmora|ability: Toxic Debris
|-sidestart|p2: thekairou|move: Toxic Spikes
|-enditem|p1a: Glimmora|Red Card|[of] p2a: Great Tusk
|-end|p2a: Great Tusk|Protosynthesis|[silent]
|drag|p2a: Smoker|Thundurus, M|100/100
|
|upkeep
|turn|3
|inactive|thekairou has 120 seconds left.
|
|t:|1759065044
|move|p2a: Smoker|Taunt|p1a: Glimmora
|-start|p1a: Glimmora|move: Taunt
|cant|p1a: Glimmora|move: Taunt|Stealth Rock
|
|upkeep
|turn|4
|inactive|thekairou has 120 seconds left.
|
|t:|1759065061
|move|p2a: Smoker|Thunderbolt|p1a: Glimmora
|-damage|p1a: Glimmora|26/100
|move|p1a: Glimmora|Earth Power|p2a: Smoker
|-immune|p2a: Smoker
|
|upkeep
|turn|5
|
|t:|1759065070
|switch|p1a: Gliscor|Gliscor, M|100/100 tox
|move|p2a: Smoker|Thunderbolt|p1a: Gliscor
|-immune|p1a: Gliscor
|
|upkeep
|turn|6
|
|t:|1759065076
|-terastallize|p2a: Smoker|Ice
|move|p2a: Smoker|Tera Blast|p1a: Gliscor|[anim] Tera Blast Ice
|-supereffective|p1a: Gliscor
|-damage|p1a: Gliscor|0 fnt
|faint|p1a: Gliscor
|
|upkeep
|
|t:|1759065083
|switch|p1a: Heatran|Heatran, M|100/100
|-item|p1a: Heatran|Air Balloon
|turn|7
|
|t:|1759065099
|move|p2a: Smoker|Thunderbolt|p1a: Heatran
|-damage|p1a: Heatran|65/100
|-enditem|p1a: Heatran|Air Balloon
|move|p1a: Heatran|Magma Storm|p2a: Smoker
|-supereffective|p2a: Smoker
|-crit|p2a: Smoker
|-enditem|p2a: Smoker|Focus Sash
|-damage|p2a: Smoker|1/100
|-activate|p2a: Smoker|move: Magma Storm|[of] p1a: Heatran
|
|-damage|p2a: Smoker|0 fnt|[from] move: Magma Storm|[partiallytrapped]
|faint|p2a: Smoker
|upkeep
|
|t:|1759065109
|switch|p2a: Great Tusk|Great Tusk|100/100
|turn|8
|
|t:|1759065124
|switch|p1a: Glimmora|Glimmora, F|26/100
|move|p2a: Great Tusk|Rapid Spin|p1a: Glimmora
|-resisted|p1a: Glimmora
|-damage|p1a: Glimmora|20/100
|-boost|p2a: Great Tusk|spe|1
|-activate|p1a: Glimmora|ability: Toxic Debris
|-sidestart|p2: thekairou|move: Toxic Spikes
|-sideend|p2: thekairou|Toxic Spikes|[from] move: Rapid Spin|[of] p2a: Great Tusk
|
|upkeep
|turn|9
|
|t:|1759065135
|-terastallize|p1a: Glimmora|Ghost
|move|p2a: Great Tusk|Earthquake|p1a: Glimmora
|-damage|p1a: Glimmora|0 fnt
|-activate|p1a: Glimmora|ability: Toxic Debris
|-sidestart|p2: thekairou|move: Toxic Spikes
|faint|p1a: Glimmora
|
|upkeep
|
|t:|1759065157
|switch|p1a: Samurott|Samurott-Hisui, M|100/100
|turn|10
|
|t:|1759065161
|move|p1a: Samurott|Flip Turn|p2a: Great Tusk
|-supereffective|p2a: Great Tusk
|-crit|p2a: Great Tusk
|-damage|p2a: Great Tusk|56/100
|
|t:|1759065165
|switch|p1a: Dragapult|Dragapult, M|100/100|[from] Flip Turn
|move|p2a: Great Tusk|Rapid Spin|p1a: Dragapult
|-immune|p1a: Dragapult
|
|upkeep
|turn|11
|
|t:|1759065184
|-end|p2a: Great Tusk|Protosynthesis|[silent]
|switch|p2a: Garganacl|Garganacl, F, shiny|100/100
|move|p1a: Dragapult|Will-O-Wisp|p2a: Garganacl
|-immune|p2a: Garganacl|[from] ability: Purifying Salt
|
|upkeep
|turn|12
|
|t:|1759065193
|move|p1a: Dragapult|U-turn|p2a: Garganacl
|-damage|p2a: Garganacl|88/100
|-damage|p1a: Dragapult|91/100|[from] item: Life Orb
|
|t:|1759065199
|switch|p1a: Heatran|Heatran, M|65/100|[from] U-turn
|move|p2a: Garganacl|Salt Cure|p1a: Heatran
|-damage|p1a: Heatran|53/100
|-start|p1a: Heatran|Salt Cure
|
|-heal|p2a: Garganacl|95/100|[from] item: Leftovers
|-damage|p1a: Heatran|29/100|[from] Salt Cure
|upkeep
|turn|13
|
|t:|1759065210
|switch|p1a: Ogerpon|Ogerpon, F|100/100
|move|p2a: Garganacl|Protect||[still]
|-fail|p2a: Garganacl
|
|-heal|p2a: Garganacl|100/100|[from] item: Leftovers
|upkeep
|turn|14
|
|t:|1759065223
|move|p1a: Ogerpon|Ivy Cudgel|p2a: Garganacl
|-supereffective|p2a: Garganacl
|-damage|p2a: Garganacl|20/100
|move|p2a: Garganacl|Curse|p2a: Garganacl
|-unboost|p2a: Garganacl|spe|1
|-boost|p2a: Garganacl|atk|1
|-boost|p2a: Garganacl|def|1
|
|-heal|p2a: Garganacl|26/100|[from] item: Leftovers
|upkeep
|turn|15
|
|t:|1759065235
|move|p1a: Ogerpon|Ivy Cudgel|p2a: Garganacl
|-supereffective|p2a: Garganacl
|-damage|p2a: Garganacl|0 fnt
|faint|p2a: Garganacl
|
|upkeep
|
|t:|1759065245
|switch|p2a: Zoro|Iron Valiant|100/100
|-status|p2a: Zoro|psn
|-enditem|p2a: Zoro|Booster Energy
|-activate|p2a: Zoro|ability: Quark Drive|[fromitem]
|-start|p2a: Zoro|quarkdrivespe
|turn|16
|
|t:|1759065253
|switch|p1a: Heatran|Heatran, M|29/100
|move|p2a: Zoro|Moonblast|p1a: Heatran
|-resisted|p1a: Heatran
|-damage|p1a: Heatran|19/100
|
|-damage|p2a: Zoro|88/100 psn|[from] psn
|upkeep
|turn|17
|
|t:|1759065263
|switch|p1a: Dragapult|Dragapult, M|91/100
|move|p2a: Zoro|Close Combat|p1a: Dragapult
|-immune|p1a: Dragapult
|
|-damage|p2a: Zoro|76/100 psn|[from] psn
|upkeep
|turn|18
|
|t:|1759065274
|switch|p1a: Heatran|Heatran, M|19/100
|move|p2a: Zoro|Moonblast|p1a: Heatran
|-resisted|p1a: Heatran
|-damage|p1a: Heatran|11/100
|
|-damage|p2a: Zoro|63/100 psn|[from] psn
|upkeep
|turn|19
|
|t:|1759065284
|move|p2a: Zoro|Moonblast|p1a: Heatran
|-resisted|p1a: Heatran
|-damage|p1a: Heatran|2/100
|-unboost|p1a: Heatran|spa|1
|move|p1a: Heatran|Magma Storm|p2a: Zoro|[miss]
|-miss|p1a: Heatran|p2a: Zoro
|
|-damage|p2a: Zoro|51/100 psn|[from] psn
|upkeep
|turn|20
|
|t:|1759065297
|move|p2a: Zoro|Moonblast|p1a: Heatran
|-resisted|p1a: Heatran
|-damage|p1a: Heatran|0 fnt
|faint|p1a: Heatran
|
|-damage|p2a: Zoro|38/100 psn|[from] psn
|upkeep
|inactive|H.Amine has 120 seconds left.
|
|t:|1759065325
|switch|p1a: Ogerpon|Ogerpon, F|100/100
|turn|21
|
|t:|1759065334
|move|p2a: Zoro|Close Combat|p1a: Ogerpon
|-damage|p1a: Ogerpon|34/100
|-unboost|p2a: Zoro|def|1
|-unboost|p2a: Zoro|spd|1
|move|p1a: Ogerpon|Ivy Cudgel|p2a: Zoro
|-damage|p2a: Zoro|0 fnt
|faint|p2a: Zoro
|-end|p2a: Zoro|Quark Drive|[silent]
|
|upkeep
|
|t:|1759065346
|switch|p2a: Kingambit|Kingambit, F|100/100
|-activate|p2a: Kingambit|ability: Supreme Overlord
|-start|p2a: Kingambit|fallen3|[silent]
|-item|p2a: Kingambit|Air Balloon
|turn|22
|
|t:|1759065353
|move|p2a: Kingambit|Sucker Punch|p1a: Ogerpon
|-damage|p1a: Ogerpon|0 fnt
|faint|p1a: Ogerpon
|
|upkeep
|
|t:|1759065358
|switch|p1a: Samurott|Samurott-Hisui, M|100/100
|turn|23
|
|t:|1759065365
|-end|p2a: Kingambit|fallen3|[silent]
|switch|p2a: Great Tusk|Great Tusk|56/100
|move|p1a: Samurott|Razor Shell|p2a: Great Tusk
|-supereffective|p2a: Great Tusk
|-damage|p2a: Great Tusk|7/100
|
|upkeep
|turn|24
|
|t:|1759065372
|move|p1a: Samurott|Razor Shell|p2a: Great Tusk
|-supereffective|p2a: Great Tusk
|-damage|p2a: Great Tusk|0 fnt
|faint|p2a: Great Tusk
|-end|p2a: Great Tusk|Protosynthesis|[silent]
|
|upkeep
|
|t:|1759065382
|switch|p2a: Rob Lucci Awakened|Raging Bolt|100/100
|-status|p2a: Rob Lucci Awakened|psn
|-enditem|p2a: Rob Lucci Awakened|Booster Energy
|-activate|p2a: Rob Lucci Awakened|ability: Protosynthesis|[fromitem]
|-start|p2a: Rob Lucci Awakened|protosynthesisspa
|turn|25
|
|t:|1759065393
|switch|p1a: Dragapult|Dragapult, M|91/100
|move|p2a: Rob Lucci Awakened|Thunderbolt|p1a: Dragapult
|-resisted|p1a: Dragapult
|-damage|p1a: Dragapult|48/100
|
|-damage|p2a: Rob Lucci Awakened|88/100 psn|[from] psn
|upkeep
|turn|26
|
|t:|1759065405
|move|p2a: Rob Lucci Awakened|Thunderclap|p1a: Dragapult
|-resisted|p1a: Dragapult
|-damage|p1a: Dragapult|12/100
|move|p1a: Dragapult|Hex|p2a: Rob Lucci Awakened
|-damage|p2a: Rob Lucci Awakened|34/100 psn
|-damage|p1a: Dragapult|2/100|[from] item: Life Orb
|
|-damage|p2a: Rob Lucci Awakened|21/100 psn|[from] psn
|upkeep
|turn|27
|
|t:|1759065416
|move|p2a: Rob Lucci Awakened|Thunderclap||[still]
|-fail|p2a: Rob Lucci Awakened
|move|p1a: Dragapult|Will-O-Wisp||[still]
|-fail|p1a: Dragapult
|
|-damage|p2a: Rob Lucci Awakened|9/100 psn|[from] psn
|upkeep
|turn|28
|
|t:|1759065430
|switch|p1a: Samurott|Samurott-Hisui, M|100/100
|move|p2a: Rob Lucci Awakened|Thunderclap||[still]
|-fail|p2a: Rob Lucci Awakened
|
|-damage|p2a: Rob Lucci Awakened|0 fnt|[from] psn
|faint|p2a: Rob Lucci Awakened
|-end|p2a: Rob Lucci Awakened|Protosynthesis|[silent]
|upkeep
|
|t:|1759065435
|switch|p2a: Kingambit|Kingambit, F|100/100
|-activate|p2a: Kingambit|ability: Supreme Overlord
|-start|p2a: Kingambit|fallen5|[silent]
|-item|p2a: Kingambit|Air Balloon
|turn|29
|
|t:|1759065445
|move|p1a: Samurott|Razor Shell|p2a: Kingambit
|-damage|p2a: Kingambit|62/100
|-unboost|p2a: Kingambit|def|1
|-enditem|p2a: Kingambit|Air Balloon
|move|p2a: Kingambit|Low Kick|p1a: Samurott
|-supereffective|p1a: Samurott
|-damage|p1a: Samurott|0 fnt
|faint|p1a: Samurott
|
|upkeep
|
|t:|1759065455
|switch|p1a: Dragapult|Dragapult, M|2/100
|turn|30
|
|t:|1759065464
|move|p2a: Kingambit|Sucker Punch||[still]
|-fail|p2a: Kingambit
|move|p1a: Dragapult|Will-O-Wisp|p2a: Kingambit
|-status|p2a: Kingambit|brn
|
|-damage|p2a: Kingambit|56/100 brn|[from] brn
|upkeep
|turn|31
|
|t:|1759065475
|move|p2a: Kingambit|Sucker Punch|p1a: Dragapult
|-supereffective|p1a: Dragapult
|-damage|p1a: Dragapult|0 fnt
|faint|p1a: Dragapult
|
|win|thekairou
|raw|H.Amine's rating: 1495 &rarr; <strong>1473</strong><br />(-22 for losing)
|raw|thekairou's rating: 1466 &rarr; <strong>1488</strong><br />(+22 for winning)
|l|☆thekairou
|player|p2|
|l|☆H.Amine
|player|p1|
|l| Mreda
