|j|☆lueyougonde
|j|☆FizzyXD
|t:|1758962152
|gametype|singles
|player|p1|lueyougonde|lucas|1409
|player|p2|FizzyXD|swimmerf-gen4dp|1426
|gen|9
|tier|[Gen 9] OU
|rated|
|rule|HP Percentage Mod: HP is shown in percentages
|rule|Endless Battle Clause: Forcing endless battles is banned
|rule|Species Clause: Limit one of each Pokémon
|rule|OHKO Clause: OHKO moves are banned
|rule|Evasion Items Clause: Evasion items are banned
|rule|Evasion Moves Clause: Evasion moves are banned
|rule|Evasion Abilities Clause: Evasion abilities are banned
|rule|Sleep Moves Clause: Sleep-inducing moves are banned
|clearpoke
|poke|p1|Charizard, M|
|poke|p1|Torkoal, M|
|poke|p1|Hatterene, F|
|poke|p1|Great Tusk|
|poke|p1|Lilligant-Hisui, F|
|poke|p1|Walking Wake|
|poke|p2|Dragonite, F|
|poke|p2|Magnezone|
|poke|p2|Regidrago|
|poke|p2|Scizor, F|
|poke|p2|Ting-Lu|
|poke|p2|Weezing-Galar, M|
|teampreview
|inactive|Battle timer is ON: inactive players will automatically lose when time's up. (requested by lueyougonde)
|
|t:|1758962172
|teamsize|p1|6
|teamsize|p2|6
|start
|switch|p1a: 河内恭介|Torkoal, M|100/100
|switch|p2a: Magnezone|Magnezone|100/100
|-item|p2a: Magnezone|Air Balloon
|-weather|SunnyDay|[from] ability: Drought|[of] p1a: 河内恭介
|turn|1
|
|t:|1758962180
|move|p2a: Magnezone|Substitute|p2a: Magnezone
|-start|p2a: Magnezone|Substitute
|-damage|p2a: Magnezone|76/100
|move|p1a: 河内恭介|Stealth Rock|p2a: Magnezone
|-sidestart|p2: FizzyXD|move: Stealth Rock
|
|-weather|SunnyDay|[upkeep]
|upkeep
|turn|2
|
|t:|1758962189
|switch|p1a: 诹访原戒|Lilligant-Hisui, F|100/100
|move|p2a: Magnezone|Discharge|p1a: 诹访原戒
|-resisted|p1a: 诹访原戒
|-crit|p1a: 诹访原戒
|-damage|p1a: 诹访原戒|50/100
|-status|p1a: 诹访原戒|par
|
|-weather|SunnyDay|[upkeep]
|upkeep
|turn|3
|
|t:|1758962198
|-terastallize|p1a: 诹访原戒|Fire
|cant|p1a: 诹访原戒|par
|move|p2a: Magnezone|Flash Cannon|p1a: 诹访原戒
|-resisted|p1a: 诹访原戒
|-damage|p1a: 诹访原戒|16/100 par
|
|-weather|SunnyDay|[upkeep]
|upkeep
|turn|4
|
|t:|1758962212
|switch|p1a: 松代健|Great Tusk|100/100
|-activate|p1a: 松代健|ability: Protosynthesis
|-start|p1a: 松代健|protosynthesisatk
|move|p2a: Magnezone|Discharge|p1a: 松代健
|-immune|p1a: 松代健
|
|-weather|SunnyDay|[upkeep]
|upkeep
|turn|5
|
|t:|1758962222
|move|p1a: 松代健|Knock Off|p2a: Magnezone
|-end|p2a: Magnezone|Substitute
|-enditem|p2a: Magnezone|Air Balloon
|move|p2a: Magnezone|Flash Cannon|p1a: 松代健
|-damage|p1a: 松代健|29/100
|
|-weather|SunnyDay|[upkeep]
|upkeep
|turn|6
|
|t:|1758962239
|move|p1a: 松代健|Close Combat|p2a: Magnezone
|-supereffective|p2a: Magnezone
|-damage|p2a: Magnezone|0 fnt
|-unboost|p1a: 松代健|def|1
|-unboost|p1a: 松代健|spd|1
|faint|p2a: Magnezone
|-enditem|p1a: 松代健|Eject Pack
|
|t:|1758962252
|-end|p1a: 松代健|Protosynthesis|[silent]
|switch|p1a: 冠茂|Walking Wake|100/100
|-activate|p1a: 冠茂|ability: Protosynthesis
|-start|p1a: 冠茂|protosynthesisspe
|
|-weather|SunnyDay|[upkeep]
|upkeep
|
|t:|1758962259
|switch|p2a: Ting-Lu|Ting-Lu|100/100
|-damage|p2a: Ting-Lu|94/100|[from] Stealth Rock
|-ability|p2a: Ting-Lu|Vessel of Ruin
|turn|7
|
|t:|1758962267
|-terastallize|p2a: Ting-Lu|Water
|move|p1a: 冠茂|Hydro Steam|p2a: Ting-Lu
|-resisted|p2a: Ting-Lu
|-damage|p2a: Ting-Lu|76/100
|move|p2a: Ting-Lu|Stealth Rock|p1a: 冠茂
|-sidestart|p1: lueyougonde|move: Stealth Rock
|
|-weather|SunnyDay|[upkeep]
|upkeep
|turn|8
|
|t:|1758962275
|-end|p1a: 冠茂|Protosynthesis|[silent]
|switch|p1a: 梓川月乃|Hatterene, F|100/100
|-damage|p1a: 梓川月乃|88/100|[from] Stealth Rock
|move|p2a: Ting-Lu|Ruination|p1a: 梓川月乃
|-damage|p1a: 梓川月乃|44/100
|-enditem|p1a: 梓川月乃|Eject Button
|
|t:|1758962284
|switch|p1a: 东和马|Charizard, M|100/100
|-damage|p1a: 东和马|51/100|[from] Stealth Rock
|
|-weather|none
|upkeep
|turn|9
|
|t:|1758962290
|switch|p1a: 河内恭介|Torkoal, M|100/100
|-damage|p1a: 河内恭介|76/100|[from] Stealth Rock
|-weather|SunnyDay|[from] ability: Drought|[of] p1a: 河内恭介
|move|p2a: Ting-Lu|Whirlwind|p1a: 河内恭介
|drag|p1a: 诹访原戒|Lilligant-Hisui, F, tera:Fire|16/100 par
|-damage|p1a: 诹访原戒|0 fnt|[from] Stealth Rock
|faint|p1a: 诹访原戒
|
|-weather|SunnyDay|[upkeep]
|upkeep
|
|t:|1758962305
|switch|p1a: 冠茂|Walking Wake|100/100
|-damage|p1a: 冠茂|88/100|[from] Stealth Rock
|-activate|p1a: 冠茂|ability: Protosynthesis
|-start|p1a: 冠茂|protosynthesisspe
|turn|10
|
|t:|1758962311
|move|p1a: 冠茂|Dragon Pulse|p2a: Ting-Lu
|-damage|p2a: Ting-Lu|51/100
|move|p2a: Ting-Lu|Ruination|p1a: 冠茂
|-damage|p1a: 冠茂|44/100
|
|-weather|SunnyDay|[upkeep]
|upkeep
|turn|11
|
|t:|1758962318
|move|p1a: 冠茂|Dragon Pulse|p2a: Ting-Lu
|-damage|p2a: Ting-Lu|22/100
|move|p2a: Ting-Lu|Whirlwind|p1a: 冠茂
|-end|p1a: 冠茂|Protosynthesis|[silent]
|drag|p1a: 松代健|Great Tusk|29/100
|-damage|p1a: 松代健|26/100|[from] Stealth Rock
|-activate|p1a: 松代健|ability: Protosynthesis
|-start|p1a: 松代健|protosynthesisatk
|
|-weather|SunnyDay|[upkeep]
|upkeep
|turn|12
|
|t:|1758962329
|move|p1a: 松代健|Knock Off|p2a: Ting-Lu
|-damage|p2a: Ting-Lu|0 fnt
|-damage|p1a: 松代健|10/100|[from] item: Rocky Helmet|[of] p2a: Ting-Lu
|-enditem|p2a: Ting-Lu|Rocky Helmet|[from] move: Knock Off|[of] p1a: 松代健
|faint|p2a: Ting-Lu
|
|-weather|SunnyDay|[upkeep]
|upkeep
|
|t:|1758962340
|switch|p2a: Scizor|Scizor, F|100/100
|-damage|p2a: Scizor|88/100|[from] Stealth Rock
|turn|13
|
|t:|1758962344
|move|p1a: 松代健|Close Combat|p2a: Scizor
|-damage|p2a: Scizor|0 fnt
|-unboost|p1a: 松代健|def|1
|-unboost|p1a: 松代健|spd|1
|faint|p2a: Scizor
|
|-weather|SunnyDay|[upkeep]
|upkeep
|c|☆lueyougonde|啊？
|
|t:|1758962358
|switch|p2a: Regidrago|Regidrago, shiny|100/100
|-damage|p2a: Regidrago|88/100|[from] Stealth Rock
|turn|14
|c|☆lueyougonde|剑舞？
|
|t:|1758962369
|move|p2a: Regidrago|Tera Blast|p1a: 松代健
|-damage|p1a: 松代健|0 fnt
|faint|p1a: 松代健
|-end|p1a: 松代健|Protosynthesis|[silent]
|
|-weather|SunnyDay|[upkeep]
|upkeep
|
|t:|1758962375
|switch|p1a: 梓川月乃|Hatterene, F|44/100
|-damage|p1a: 梓川月乃|32/100|[from] Stealth Rock
|turn|15
|
|t:|1758962380
|move|p2a: Regidrago|Tera Blast|p1a: 梓川月乃
|-damage|p1a: 梓川月乃|13/100
|move|p1a: 梓川月乃|Healing Wish|p1a: 梓川月乃
|faint|p1a: 梓川月乃
|
|-weather|SunnyDay|[upkeep]
|upkeep
|
|t:|1758962386
|switch|p1a: 冠茂|Walking Wake|44/100
|-heal|p1a: 冠茂|100/100|[from] move: Healing Wish
|-damage|p1a: 冠茂|88/100|[from] Stealth Rock
|-activate|p1a: 冠茂|ability: Protosynthesis
|-start|p1a: 冠茂|protosynthesisspe
|turn|16
|
|t:|1758962393
|switch|p2a: Weezing|Weezing-Galar, M|100/100
|-ability|p2a: Weezing|Neutralizing Gas
|move|p1a: 冠茂|Dragon Pulse|p2a: Weezing
|-immune|p2a: Weezing
|
|-weather|none
|upkeep
|turn|17
|
|t:|1758962404
|-end|p1a: 冠茂|Protosynthesis|[silent]
|switch|p1a: 河内恭介|Torkoal, M|76/100
|-damage|p1a: 河内恭介|51/100|[from] Stealth Rock
|move|p2a: Weezing|Sludge Bomb|p1a: 河内恭介
|-damage|p1a: 河内恭介|14/100
|
|upkeep
|turn|18
|
|t:|1758962411
|move|p2a: Weezing|Sludge Bomb|p1a: 河内恭介
|-damage|p1a: 河内恭介|0 fnt
|faint|p1a: 河内恭介
|
|upkeep
|
|t:|1758962416
|switch|p1a: 冠茂|Walking Wake|88/100
|-damage|p1a: 冠茂|76/100|[from] Stealth Rock
|turn|19
|
|t:|1758962422
|move|p1a: 冠茂|Flamethrower|p2a: Weezing
|-damage|p2a: Weezing|39/100
|move|p2a: Weezing|Sludge Bomb|p1a: 冠茂
|-damage|p1a: 冠茂|45/100
|
|upkeep
|turn|20
|
|t:|1758962430
|move|p1a: 冠茂|Flamethrower|p2a: Weezing
|-damage|p2a: Weezing|0 fnt
|faint|p2a: Weezing
|-end|p2a: Weezing|ability: Neutralizing Gas
|
|upkeep
|
|t:|1758962433
|switch|p2a: Regidrago|Regidrago, shiny|88/100
|-damage|p2a: Regidrago|76/100|[from] Stealth Rock
|turn|21
|
|t:|1758962438
|-end|p1a: 冠茂|Protosynthesis|[silent]
|switch|p1a: 东和马|Charizard, M|51/100
|-damage|p1a: 东和马|1/100|[from] Stealth Rock
|move|p2a: Regidrago|Dragon Energy|p1a: 东和马
|-damage|p1a: 东和马|0 fnt
|faint|p1a: 东和马
|
|upkeep
|
|t:|1758962445
|switch|p1a: 冠茂|Walking Wake|45/100
|-damage|p1a: 冠茂|32/100|[from] Stealth Rock
|turn|22
|
|t:|1758962449
|move|p2a: Regidrago|Dragon Energy|p1a: 冠茂
|-supereffective|p1a: 冠茂
|-damage|p1a: 冠茂|0 fnt
|faint|p1a: 冠茂
|-end|p1a: 冠茂|Protosynthesis|[silent]
|
|win|FizzyXD
|raw|lueyougonde's rating: 1409 &rarr; <strong>1390</strong><br />(-19 for losing)
|raw|FizzyXD's rating: 1426 &rarr; <strong>1445</strong><br />(+19 for winning)
|l|☆lueyougonde
|player|p1|
