|j|☆breadstickckck
|j|☆LikeEmerald
|t:|1759069364
|gametype|singles
|player|p1|breadstickckck|169|1061
|player|p2|LikeEmerald|265|1107
|gen|9
|tier|[Gen 9] OU
|rated|
|rule|HP Percentage Mod: HP is shown in percentages
|rule|Endless Battle Clause: Forcing endless battles is banned
|rule|Species Clause: Limit one of each Pokémon
|rule|OHKO Clause: OHKO moves are banned
|rule|Evasion Items Clause: Evasion items are banned
|rule|Evasion Moves Clause: Evasion moves are banned
|rule|Evasion Abilities Clause: Evasion abilities are banned
|rule|Sleep Moves Clause: Sleep-inducing moves are banned
|clearpoke
|poke|p1|Pelipper, F|
|poke|p1|Ogerpon-Wellspring, F|
|poke|p1|Quaquaval, F|
|poke|p1|Gliscor, F|
|poke|p1|Gholdengo|
|poke|p1|Corviknight, F|
|poke|p2|Deoxys-Speed|
|poke|p2|Pikachu, F|
|poke|p2|Moltres|
|poke|p2|Haunter, F|
|poke|p2|Hydrapple, F|
|poke|p2|Empoleon, M|
|teampreview
|inactive|Battle timer is ON: inactive players will automatically lose when time's up. (requested by breadstickckck)
|
|t:|1759069381
|teamsize|p1|6
|teamsize|p2|6
|start
|switch|p1a: Pelipper|Pelipper, F|100/100
|switch|p2a: Empoleon|Empoleon, M|100/100
|-weather|RainDance|[from] ability: Drizzle|[of] p1a: Pelipper
|turn|1
|
|t:|1759069387
|move|p2a: Empoleon|Agility|p2a: Empoleon
|-boost|p2a: Empoleon|spe|2
|move|p1a: Pelipper|U-turn|p2a: Empoleon
|-resisted|p2a: Empoleon
|-damage|p2a: Empoleon|95/100
|
|t:|1759069393
|switch|p1a: Gliscor|Gliscor, F|100/100|[from] U-turn
|
|-weather|RainDance|[upkeep]
|-status|p1a: Gliscor|tox|[from] item: Toxic Orb
|upkeep
|turn|2
|
|t:|1759069401
|-terastallize|p2a: Empoleon|Water
|move|p2a: Empoleon|Surf|p1a: Gliscor
|-supereffective|p1a: Gliscor
|-damage|p1a: Gliscor|0 fnt
|faint|p1a: Gliscor
|
|-weather|RainDance|[upkeep]
|upkeep
|
|t:|1759069407
|switch|p1a: Ogerpon|Ogerpon-Wellspring, F|100/100
|turn|3
|
|t:|1759069412
|move|p2a: Empoleon|Metal Sound|p1a: Ogerpon
|-unboost|p1a: Ogerpon|spd|2
|-enditem|p2a: Empoleon|Throat Spray
|-boost|p2a: Empoleon|spa|1|[from] item: Throat Spray
|move|p1a: Ogerpon|Swords Dance|p1a: Ogerpon
|-boost|p1a: Ogerpon|atk|2
|
|-weather|RainDance|[upkeep]
|upkeep
|turn|4
|
|t:|1759069422
|-terastallize|p1a: Ogerpon|Water
|detailschange|p1a: Ogerpon|Ogerpon-Wellspring-Tera, F, tera:Water
|-ability|p1a: Ogerpon|Embody Aspect (Wellspring)|boost
|-boost|p1a: Ogerpon|spd|1
|move|p2a: Empoleon|Ice Beam|p1a: Ogerpon
|-resisted|p1a: Ogerpon
|-damage|p1a: Ogerpon|63/100
|move|p1a: Ogerpon|Ivy Cudgel|p2a: Empoleon|[anim] Ivy Cudgel Water
|-resisted|p2a: Empoleon
|-damage|p2a: Empoleon|0 fnt
|faint|p2a: Empoleon
|
|-weather|RainDance|[upkeep]
|upkeep
|
|t:|1759069436
|switch|p2a: Deoxys|Deoxys-Speed|100/100
|-ability|p2a: Deoxys|Pressure
|turn|5
|
|t:|1759069440
|move|p2a: Deoxys|Psycho Boost|p1a: Ogerpon
|-damage|p1a: Ogerpon|0 fnt
|-unboost|p2a: Deoxys|spa|2
|faint|p1a: Ogerpon
|detailschange|p1: Ogerpon|Ogerpon-Wellspring, F|[silent]
|
|-weather|RainDance|[upkeep]
|upkeep
|
|t:|1759069446
|switch|p1a: Quaquaval|Quaquaval, F|100/100
|turn|6
|
|t:|1759069460
|move|p2a: Deoxys|Psycho Boost|p1a: Quaquaval
|-supereffective|p1a: Quaquaval
|-damage|p1a: Quaquaval|35/100
|-unboost|p2a: Deoxys|spa|2
|move|p1a: Quaquaval|Aqua Step|p2a: Deoxys
|-enditem|p2a: Deoxys|Focus Sash
|-damage|p2a: Deoxys|1/100
|-boost|p1a: Quaquaval|spe|1
|
|-weather|RainDance|[upkeep]
|upkeep
|turn|7
|
|t:|1759069474
|move|p2a: Deoxys|Psycho Boost|p1a: Quaquaval
|-supereffective|p1a: Quaquaval
|-crit|p1a: Quaquaval
|-damage|p1a: Quaquaval|0 fnt
|-unboost|p2a: Deoxys|spa|2
|faint|p1a: Quaquaval
|
|-weather|RainDance|[upkeep]
|upkeep
|
|t:|1759069480
|switch|p1a: Gholdengo|Gholdengo|100/100
|turn|8
|
|t:|1759069489
|move|p2a: Deoxys|Stealth Rock|p1a: Gholdengo
|-sidestart|p1: breadstickckck|move: Stealth Rock
|move|p1a: Gholdengo|Hex|p2a: Deoxys
|-supereffective|p2a: Deoxys
|-damage|p2a: Deoxys|0 fnt
|faint|p2a: Deoxys
|
|-weather|none
|upkeep
|
|t:|1759069495
|switch|p2a: Hydrapple|Hydrapple, F|100/100
|turn|9
|
|t:|1759069499
|move|p1a: Gholdengo|Thunder Wave|p2a: Hydrapple
|-status|p2a: Hydrapple|par
|cant|p2a: Hydrapple|par
|
|upkeep
|turn|10
|
|t:|1759069504
|move|p1a: Gholdengo|Dazzling Gleam|p2a: Hydrapple
|-supereffective|p2a: Hydrapple
|-damage|p2a: Hydrapple|36/100 par
|move|p2a: Hydrapple|Earth Power|p1a: Gholdengo
|-supereffective|p1a: Gholdengo
|-damage|p1a: Gholdengo|36/100
|
|-heal|p1a: Gholdengo|42/100|[from] item: Leftovers
|upkeep
|turn|11
|
|t:|1759069514
|move|p1a: Gholdengo|Dazzling Gleam|p2a: Hydrapple
|-supereffective|p2a: Hydrapple
|-damage|p2a: Hydrapple|0 fnt
|faint|p2a: Hydrapple
|
|-heal|p1a: Gholdengo|48/100|[from] item: Leftovers
|upkeep
|
|t:|1759069518
|switch|p2a: Moltres|Moltres|100/100
|turn|12
|
|t:|1759069525
|move|p2a: Moltres|Flamethrower|p1a: Gholdengo
|-supereffective|p1a: Gholdengo
|-damage|p1a: Gholdengo|0 fnt
|faint|p1a: Gholdengo
|
|upkeep
|
|t:|1759069528
|switch|p1a: Pelipper|Pelipper, F|100/100
|-damage|p1a: Pelipper|76/100|[from] Stealth Rock
|-weather|RainDance|[from] ability: Drizzle|[of] p1a: Pelipper
|turn|13
|
|t:|1759069538
|switch|p2a: Haunter|Haunter, F|100/100
|move|p1a: Pelipper|Weather Ball|p2a: Haunter
|-damage|p2a: Haunter|19/100
|
|-weather|RainDance|[upkeep]
|upkeep
|turn|14
|
|t:|1759069546
|move|p2a: Haunter|Toxic|p1a: Pelipper
|-status|p1a: Pelipper|tox
|move|p1a: Pelipper|Weather Ball|p2a: Haunter
|-damage|p2a: Haunter|0 fnt
|faint|p2a: Haunter
|
|-weather|RainDance|[upkeep]
|-damage|p1a: Pelipper|70/100 tox|[from] psn
|upkeep
|
|t:|1759069549
|switch|p2a: Pikachu|Pikachu, F|100/100
|turn|15
|
|t:|1759069554
|move|p2a: Pikachu|Fake Out|p1a: Pelipper
|-damage|p1a: Pelipper|52/100 tox
|cant|p1a: Pelipper|flinch
|
|-weather|RainDance|[upkeep]
|-damage|p1a: Pelipper|39/100 tox|[from] psn
|upkeep
|turn|16
|
|t:|1759069564
|move|p2a: Pikachu|Volt Tackle|p1a: Pelipper
|-supereffective|p1a: Pelipper
|-damage|p1a: Pelipper|0 fnt
|faint|p1a: Pelipper
|-damage|p2a: Pikachu|81/100|[from] Recoil
|
|-weather|RainDance|[upkeep]
|upkeep
|
|t:|1759069567
|switch|p1a: Corviknight|Corviknight, F|100/100
|-damage|p1a: Corviknight|88/100|[from] Stealth Rock
|-ability|p1a: Corviknight|Pressure
|turn|17
|
|t:|1759069571
|move|p2a: Pikachu|Volt Tackle|p1a: Corviknight
|-supereffective|p1a: Corviknight
|-damage|p1a: Corviknight|2/100
|-status|p1a: Corviknight|par
|-damage|p2a: Pikachu|27/100|[from] Recoil
|move|p1a: Corviknight|Body Press|p2a: Pikachu
|-damage|p2a: Pikachu|0 fnt
|faint|p2a: Pikachu
|
|-weather|RainDance|[upkeep]
|-heal|p1a: Corviknight|8/100 par|[from] item: Leftovers
|upkeep
|
|t:|1759069574
|switch|p2a: Moltres|Moltres|100/100
|turn|18
|
|t:|1759069580
|move|p2a: Moltres|Flamethrower|p1a: Corviknight
|-supereffective|p1a: Corviknight
|-damage|p1a: Corviknight|0 fnt
|faint|p1a: Corviknight
|
|win|LikeEmerald
|raw|breadstickckck's rating: 1061 &rarr; <strong>1044</strong><br />(-17 for losing)
|raw|LikeEmerald's rating: 1107 &rarr; <strong>1129</strong><br />(+22 for winning)
|l|☆breadstickckck
|player|p1|
