|j|‽Spaniel_PKMN
|j|☆imn3ws0rry
|t:|1758974316
|gametype|singles
|player|p1|Spaniel_PKMN|hugh|1047
|player|p2|imn3ws0rry|shauntal|1065
|gen|9
|tier|[Gen 9] OU
|rated|
|rule|HP Percentage Mod: HP is shown in percentages
|rule|Endless Battle Clause: Forcing endless battles is banned
|rule|Species Clause: Limit one of each Pokémon
|rule|OHKO Clause: OHKO moves are banned
|rule|Evasion Items Clause: Evasion items are banned
|rule|Evasion Moves Clause: Evasion moves are banned
|rule|Evasion Abilities Clause: Evasion abilities are banned
|rule|Sleep Moves Clause: Sleep-inducing moves are banned
|clearpoke
|poke|p1|Minior-Blue|
|poke|p1|Slowking-Galar, M|
|poke|p1|Gliscor, M|
|poke|p1|Rotom-Wash|
|poke|p1|Dragonite, M|
|poke|p1|Scizor, M|
|poke|p2|Minior-Blue|
|poke|p2|Blaziken, F|
|poke|p2|Flygon, F|
|poke|p2|Skarmory, M|
|poke|p2|Hitmontop, M|
|poke|p2|Iron Boulder|
|teampreview
|inactive|Battle timer is ON: inactive players will automatically lose when time's up. (requested by Spaniel_PKMN)
|c|☆imn3ws0rry|Miniooor
|
|t:|1758974332
|teamsize|p1|6
|teamsize|p2|6
|start
|switch|p1a: Scizor|Scizor, M|100/100
|switch|p2a: Flygon|Flygon, F, shiny|100/100
|turn|1
|
|t:|1758974341
|move|p2a: Flygon|U-turn|p1a: Scizor
|-resisted|p1a: Scizor
|-damage|p1a: Scizor|91/100
|
|t:|1758974345
|switch|p2a: Skarmory|Skarmory, M, shiny|100/100|[from] U-turn
|move|p1a: Scizor|Knock Off|p2a: Skarmory
|-damage|p2a: Skarmory|71/100
|-enditem|p2a: Skarmory|Leftovers|[from] move: Knock Off|[of] p1a: Scizor
|
|upkeep
|turn|2
|
|t:|1758974357
|move|p2a: Skarmory|Stealth Rock|p1a: Scizor
|-sidestart|p1: Spaniel_PKMN|move: Stealth Rock
|move|p1a: Scizor|Defog|p2a: Skarmory
|-unboost|p2a: Skarmory|evasion|1
|-sideend|p1: Spaniel_PKMN|Stealth Rock|[from] move: Defog|[of] p1a: Scizor
|
|upkeep
|turn|3
|
|t:|1758974366
|switch|p1a: Rotom|Rotom-Wash|100/100
|move|p2a: Skarmory|Iron Defense|p2a: Skarmory
|-boost|p2a: Skarmory|def|2
|
|upkeep
|turn|4
|
|t:|1758974376
|switch|p2a: Flygon|Flygon, F, shiny|100/100
|move|p1a: Rotom|Volt Switch|p2a: Flygon
|-immune|p2a: Flygon
|
|upkeep
|turn|5
|
|t:|1758974383
|move|p2a: Flygon|Stone Edge|p1a: Rotom
|-damage|p1a: Rotom|69/100
|move|p1a: Rotom|Hydro Pump|p2a: Flygon
|-damage|p2a: Flygon|24/100
|
|-heal|p1a: Rotom|75/100|[from] item: Leftovers
|upkeep
|turn|6
|
|t:|1758974393
|move|p2a: Flygon|Stone Edge|p1a: Rotom|[miss]
|-miss|p2a: Flygon|p1a: Rotom
|move|p1a: Rotom|Pain Split|p2a: Flygon
|-sethp|p2a: Flygon|50/100|[from] move: Pain Split|[silent]
|-sethp|p1a: Rotom|49/100|[from] move: Pain Split
|
|-heal|p1a: Rotom|55/100|[from] item: Leftovers
|upkeep
|turn|7
|
|t:|1758974398
|move|p2a: Flygon|Stone Edge|p1a: Rotom
|-damage|p1a: Rotom|25/100
|move|p1a: Rotom|Hydro Pump|p2a: Flygon
|-damage|p2a: Flygon|0 fnt
|faint|p2a: Flygon
|
|-heal|p1a: Rotom|31/100|[from] item: Leftovers
|upkeep
|
|t:|1758974406
|switch|p2a: Blaziken|Blaziken, F, shiny|100/100
|turn|8
|
|t:|1758974417
|switch|p1a: Gliscor|Gliscor, M|100/100
|move|p2a: Blaziken|Protect||[still]
|-fail|p2a: Blaziken
|
|-ability|p2a: Blaziken|Speed Boost|boost
|-boost|p2a: Blaziken|spe|1
|-status|p1a: Gliscor|tox|[from] item: Toxic Orb
|upkeep
|turn|9
|
|t:|1758974426
|move|p2a: Blaziken|Swords Dance|p2a: Blaziken
|-boost|p2a: Blaziken|atk|2
|move|p1a: Gliscor|Toxic|p2a: Blaziken
|-status|p2a: Blaziken|tox
|
|-damage|p2a: Blaziken|95/100 tox|[from] psn
|-ability|p2a: Blaziken|Speed Boost|boost
|-boost|p2a: Blaziken|spe|1
|upkeep
|turn|10
|
|t:|1758974438
|move|p2a: Blaziken|Flare Blitz|p1a: Gliscor
|-damage|p1a: Gliscor|1/100 tox
|-damage|p2a: Blaziken|56/100 tox|[from] Recoil
|-damage|p2a: Blaziken|46/100 tox|[from] item: Life Orb
|move|p1a: Gliscor|Stealth Rock|p2a: Blaziken
|-sidestart|p2: imn3ws0rry|move: Stealth Rock
|
|-damage|p2a: Blaziken|34/100 tox|[from] psn
|-heal|p1a: Gliscor|13/100 tox|[from] ability: Poison Heal
|-ability|p2a: Blaziken|Speed Boost|boost
|-boost|p2a: Blaziken|spe|1
|upkeep
|turn|11
|
|t:|1758974448
|move|p1a: Gliscor|Protect|p1a: Gliscor
|-singleturn|p1a: Gliscor|Protect
|move|p2a: Blaziken|Flare Blitz|p1a: Gliscor
|-activate|p1a: Gliscor|move: Protect
|
|-damage|p2a: Blaziken|16/100 tox|[from] psn
|-heal|p1a: Gliscor|26/100 tox|[from] ability: Poison Heal
|-ability|p2a: Blaziken|Speed Boost|boost
|-boost|p2a: Blaziken|spe|1
|upkeep
|turn|12
|
|t:|1758974459
|switch|p1a: Rotom|Rotom-Wash|31/100
|move|p2a: Blaziken|Flare Blitz|p1a: Rotom
|-resisted|p1a: Rotom
|-crit|p1a: Rotom
|-damage|p1a: Rotom|0 fnt
|faint|p1a: Rotom
|-damage|p2a: Blaziken|6/100 tox|[from] Recoil
|-damage|p2a: Blaziken|0 fnt|[from] item: Life Orb
|faint|p2a: Blaziken
|
|upkeep
|
|t:|1758974471
|switch|p2a: Hitmontop|Hitmontop, M, shiny|100/100
|switch|p1a: Slowking|Slowking-Galar, M, shiny|100/100
|-damage|p2a: Hitmontop|95/100|[from] Stealth Rock
|-ability|p2a: Hitmontop|Intimidate|boost
|-unboost|p1a: Slowking|atk|1
|turn|13
|
|t:|1758974478
|move|p2a: Hitmontop|Rapid Spin|p1a: Slowking
|-damage|p1a: Slowking|85/100
|-boost|p2a: Hitmontop|spe|1
|-sideend|p2: imn3ws0rry|Stealth Rock|[from] move: Rapid Spin|[of] p2a: Hitmontop
|move|p1a: Slowking|Future Sight|p2a: Hitmontop
|-start|p1a: Slowking|move: Future Sight
|
|upkeep
|turn|14
|
|t:|1758974494
|switch|p2a: Minior|Minior-Blue, shiny|100/100
|-formechange|p2a: Minior|Minior-Meteor||[from] ability: Shields Down
|-prepare|p1a: Slowking|Chilly Reception|[premajor]
|move|p1a: Slowking|Chilly Reception|p1a: Slowking
|-weather|Snowscape
|
|t:|1758974502
|switch|p1a: Minior|Minior-Blue, shiny|100/100|[from] Chilly Reception
|-formechange|p1a: Minior|Minior-Meteor||[from] ability: Shields Down
|
|-weather|Snowscape|[upkeep]
|upkeep
|turn|15
|
|t:|1758974512
|move|p1a: Minior|Shell Smash|p1a: Minior
|-unboost|p1a: Minior|def|1
|-unboost|p1a: Minior|spd|1
|-boost|p1a: Minior|atk|2
|-boost|p1a: Minior|spa|2
|-boost|p1a: Minior|spe|2
|-enditem|p1a: Minior|White Herb
|-clearnegativeboost|p1a: Minior|[silent]
|move|p2a: Minior|Shell Smash|p2a: Minior
|-unboost|p2a: Minior|def|1
|-unboost|p2a: Minior|spd|1
|-boost|p2a: Minior|atk|2
|-boost|p2a: Minior|spa|2
|-boost|p2a: Minior|spe|2
|-enditem|p2a: Minior|White Herb
|-clearnegativeboost|p2a: Minior|[silent]
|
|-weather|Snowscape|[upkeep]
|-end|p2a: Minior|move: Future Sight
|-damage|p2a: Minior|39/100
|-formechange|p2a: Minior|Minior-Blue||[from] ability: Shields Down
|upkeep
|turn|16
|
|t:|1758974531
|move|p2a: Minior|Stone Edge|p1a: Minior
|-supereffective|p1a: Minior
|-damage|p1a: Minior|0 fnt
|faint|p1a: Minior
|
|-weather|Snowscape|[upkeep]
|upkeep
|
|t:|1758974546
|switch|p1a: Gliscor|Gliscor, M|26/100 tox
|turn|17
|
|t:|1758974549
|move|p1a: Gliscor|Protect|p1a: Gliscor
|-singleturn|p1a: Gliscor|Protect
|move|p2a: Minior|Acrobatics|p1a: Gliscor
|-activate|p1a: Gliscor|move: Protect
|
|-weather|Snowscape|[upkeep]
|-heal|p1a: Gliscor|38/100 tox|[from] ability: Poison Heal
|upkeep
|turn|18
|
|t:|1758974568
|switch|p1a: Scizor|Scizor, M|91/100
|move|p2a: Minior|Acrobatics|p1a: Scizor
|-damage|p1a: Scizor|0 fnt
|faint|p1a: Scizor
|
|-weather|none
|upkeep
|
|t:|1758974575
|switch|p1a: Dragonite|Dragonite, M|100/100
|turn|19
|
|t:|1758974578
|move|p1a: Dragonite|Extreme Speed|p2a: Minior
|-resisted|p2a: Minior
|-damage|p2a: Minior|10/100
|move|p2a: Minior|Stone Edge|p1a: Dragonite|[miss]
|-miss|p2a: Minior|p1a: Dragonite
|
|upkeep
|turn|20
|
|t:|1758974585
|move|p1a: Dragonite|Extreme Speed|p2a: Minior
|-resisted|p2a: Minior
|-damage|p2a: Minior|0 fnt
|faint|p2a: Minior
|
|upkeep
|
|t:|1758974589
|switch|p2a: Iron Boulder|Iron Boulder|100/100
|-enditem|p2a: Iron Boulder|Booster Energy
|-activate|p2a: Iron Boulder|ability: Quark Drive|[fromitem]
|-start|p2a: Iron Boulder|quarkdrivespe
|turn|21
|
|t:|1758974607
|-terastallize|p1a: Dragonite|Dragon
|move|p2a: Iron Boulder|Swords Dance|p2a: Iron Boulder
|-boost|p2a: Iron Boulder|atk|2
|move|p1a: Dragonite|Earthquake|p2a: Iron Boulder
|-supereffective|p2a: Iron Boulder
|-damage|p2a: Iron Boulder|0 fnt
|faint|p2a: Iron Boulder
|-end|p2a: Iron Boulder|Quark Drive|[silent]
|
|upkeep
|l|☆imn3ws0rry
|inactive|imn3ws0rry disconnected and has a minute to reconnect!
|player|p2|
|inactive|imn3ws0rry has 30 seconds to reconnect!
|inactive|imn3ws0rry has 20 seconds to reconnect!
|inactive|imn3ws0rry has 15 seconds to reconnect!
|inactive|imn3ws0rry has 10 seconds to reconnect!
|inactive|imn3ws0rry has 5 seconds to reconnect!
|-message|imn3ws0rry lost due to inactivity.
|
|win|Spaniel_PKMN
|raw|Spaniel_PKMN's rating: 1047 &rarr; <strong>1082</strong><br />(+35 for winning)
|raw|imn3ws0rry's rating: 1065 &rarr; <strong>1044</strong><br />(-21 for losing)
