|j|☆capitolg
|j|☆zakatarzony
|t:|1758968406
|gametype|singles
|player|p1|capitolg|bellelba|1099
|player|p2|zakatarzony|crasherwake|1120
|gen|9
|tier|[Gen 9] OU
|rated|
|rule|HP Percentage Mod: HP is shown in percentages
|rule|Endless Battle Clause: Forcing endless battles is banned
|rule|Species Clause: Limit one of each Pokémon
|rule|OHKO Clause: OHKO moves are banned
|rule|Evasion Items Clause: Evasion items are banned
|rule|Evasion Moves Clause: Evasion moves are banned
|rule|Evasion Abilities Clause: Evasion abilities are banned
|rule|Sleep Moves Clause: Sleep-inducing moves are banned
|clearpoke
|poke|p1|Masquerain, M|
|poke|p1|Articuno-Galar|
|poke|p1|Smeargle, F|
|poke|p1|Empoleon, F|
|poke|p1|Passimian, M|
|poke|p1|Chandelure, M|
|poke|p2|Raging Bolt|
|poke|p2|Gholdengo|
|poke|p2|Great Tusk|
|poke|p2|Alomomola, M|
|poke|p2|Dragonite, F|
|poke|p2|Garganacl, F|
|teampreview
|
|t:|1758968410
|teamsize|p1|6
|teamsize|p2|6
|start
|switch|p1a: Masquerain|Masquerain, M|100/100
|switch|p2a: Great Tusk|Great Tusk|100/100
|-ability|p1a: Masquerain|Intimidate|boost
|-unboost|p2a: Great Tusk|atk|1
|turn|1
|
|t:|1758968415
|move|p2a: Great Tusk|Ice Spinner|p1a: Masquerain
|-supereffective|p1a: Masquerain
|-damage|p1a: Masquerain|44/100
|move|p1a: Masquerain|Ice Beam|p2a: Great Tusk
|-supereffective|p2a: Great Tusk
|-damage|p2a: Great Tusk|15/100
|
|upkeep
|turn|2
|
|t:|1758968420
|switch|p1a: Chandelure|Chandelure, M|100/100
|move|p2a: Great Tusk|Ice Spinner|p1a: Chandelure
|-resisted|p1a: Chandelure
|-damage|p1a: Chandelure|90/100
|-status|p2a: Great Tusk|brn|[from] ability: Flame Body|[of] p1a: Chandelure
|
|-damage|p2a: Great Tusk|9/100 brn|[from] brn
|upkeep
|turn|3
|
|t:|1758968425
|switch|p1a: Masquerain|Masquerain, M|44/100
|-ability|p1a: Masquerain|Intimidate|boost
|-unboost|p2a: Great Tusk|atk|1
|move|p2a: Great Tusk|Headlong Rush|p1a: Masquerain
|-immune|p1a: Masquerain
|
|-damage|p2a: Great Tusk|2/100 brn|[from] brn
|upkeep
|turn|4
|
|t:|1758968435
|-end|p2a: Great Tusk|Protosynthesis|[silent]
|switch|p2a: Garganacl|Garganacl, F, shiny|100/100
|move|p1a: Masquerain|Sticky Web|p2a: Garganacl
|-sidestart|p2: zakatarzony|move: Sticky Web
|
|upkeep
|turn|5
|
|t:|1758968440
|move|p2a: Garganacl|Salt Cure|p1a: Masquerain
|-supereffective|p1a: Masquerain
|-damage|p1a: Masquerain|0 fnt
|faint|p1a: Masquerain
|
|upkeep
|
|t:|1758968442
|switch|p1a: Smeargle|Smeargle, F|100/100
|turn|6
|
|t:|1758968445
|move|p1a: Smeargle|Court Change|p1a: Smeargle
|-swapsideconditions
|-activate|p1a: Smeargle|move: Court Change
|move|p2a: Garganacl|Salt Cure|p1a: Smeargle
|-damage|p1a: Smeargle|66/100
|-start|p1a: Smeargle|Salt Cure
|
|-damage|p1a: Smeargle|54/100|[from] Salt Cure
|upkeep
|turn|7
|
|t:|1758968451
|move|p1a: Smeargle|Taunt|p2a: Garganacl
|-start|p2a: Garganacl|move: Taunt
|cant|p2a: Garganacl|move: Taunt|Stealth Rock
|
|-damage|p1a: Smeargle|41/100|[from] Salt Cure
|upkeep
|turn|8
|
|t:|1758968456
|switch|p2a: Alomomola|Alomomola, M|100/100
|move|p1a: Smeargle|Trick Room|p1a: Smeargle
|-fieldstart|move: Trick Room|[of] p1a: Smeargle
|
|-damage|p1a: Smeargle|29/100|[from] Salt Cure
|upkeep
|turn|9
|c|☆zakatarzony|that is half smart
|
|t:|1758968476
|move|p2a: Alomomola|Wish|p2a: Alomomola
|move|p1a: Smeargle|Taunt|p2a: Alomomola
|-start|p2a: Alomomola|move: Taunt
|
|-damage|p1a: Smeargle|16/100|[from] Salt Cure
|upkeep
|turn|10
|
|t:|1758968482
|move|p2a: Alomomola|Flip Turn|p1a: Smeargle
|-damage|p1a: Smeargle|0 fnt
|faint|p1a: Smeargle
|
|t:|1758968485
|switch|p2a: Raging Bolt|Raging Bolt|100/100|[from] Flip Turn
|
|upkeep
|
|t:|1758968490
|switch|p1a: Passimian|Passimian, M|100/100
|-activate|p1a: Passimian|move: Sticky Web
|-unboost|p1a: Passimian|spe|1
|-ability|p1a: Passimian|Defiant|boost
|-boost|p1a: Passimian|atk|2
|turn|11
|
|t:|1758968502
|-end|p2a: Raging Bolt|Protosynthesis|[silent]
|switch|p2a: Great Tusk|Great Tusk|2/100 brn
|move|p1a: Passimian|Earthquake|p2a: Great Tusk
|-damage|p2a: Great Tusk|0 fnt
|faint|p2a: Great Tusk
|-end|p2a: Great Tusk|Protosynthesis|[silent]
|
|upkeep
|
|t:|1758968514
|switch|p2a: Dragonite|Dragonite, F, shiny|100/100
|turn|12
|
|t:|1758968520
|move|p2a: Dragonite|Extreme Speed|p1a: Passimian
|-damage|p1a: Passimian|70/100
|move|p1a: Passimian|Gunk Shot|p2a: Dragonite|[miss]
|-miss|p1a: Passimian|p2a: Dragonite
|
|-fieldend|move: Trick Room
|upkeep
|turn|13
|
|t:|1758968533
|switch|p1a: Chandelure|Chandelure, M|90/100
|-activate|p1a: Chandelure|move: Sticky Web
|-unboost|p1a: Chandelure|spe|1
|move|p2a: Dragonite|Earthquake|p1a: Chandelure
|-supereffective|p1a: Chandelure
|-damage|p1a: Chandelure|0 fnt
|faint|p1a: Chandelure
|
|upkeep
|
|t:|1758968540
|switch|p1a: Empoleon|Empoleon, F|100/100
|-activate|p1a: Empoleon|move: Sticky Web
|-unboost|p1a: Empoleon|spe|1
|-ability|p1a: Empoleon|Competitive|boost
|-boost|p1a: Empoleon|spa|2
|turn|14
|
|t:|1758968543
|move|p2a: Dragonite|Earthquake|p1a: Empoleon
|-supereffective|p1a: Empoleon
|-damage|p1a: Empoleon|21/100
|move|p1a: Empoleon|Ice Beam|p2a: Dragonite
|-supereffective|p2a: Dragonite
|-damage|p2a: Dragonite|0 fnt
|faint|p2a: Dragonite
|
|upkeep
|
|t:|1758968550
|switch|p2a: Gholdengo|Gholdengo|100/100
|turn|15
|
|t:|1758968557
|move|p2a: Gholdengo|Make It Rain|p1a: Empoleon
|-resisted|p1a: Empoleon
|-damage|p1a: Empoleon|11/100
|-unboost|p2a: Gholdengo|spa|1
|move|p1a: Empoleon|Surf|p2a: Gholdengo
|-damage|p2a: Gholdengo|0 fnt
|faint|p2a: Gholdengo
|
|upkeep
|
|t:|1758968562
|switch|p2a: Raging Bolt|Raging Bolt|100/100
|turn|16
|
|t:|1758968566
|move|p2a: Raging Bolt|Volt Switch|p1a: Empoleon
|-supereffective|p1a: Empoleon
|-damage|p1a: Empoleon|0 fnt
|faint|p1a: Empoleon
|
|t:|1758968568
|-end|p2a: Raging Bolt|Protosynthesis|[silent]
|switch|p2a: Alomomola|Alomomola, M|100/100|[from] Volt Switch
|
|upkeep
|
|t:|1758968573
|switch|p1a: Passimian|Passimian, M|70/100
|-activate|p1a: Passimian|move: Sticky Web
|-unboost|p1a: Passimian|spe|1
|-ability|p1a: Passimian|Defiant|boost
|-boost|p1a: Passimian|atk|2
|turn|17
|
|t:|1758968576
|move|p2a: Alomomola|Flip Turn|p1a: Passimian
|-damage|p1a: Passimian|54/100
|
|t:|1758968578
|switch|p2a: Garganacl|Garganacl, F, shiny|100/100|[from] Flip Turn
|move|p1a: Passimian|Drain Punch|p2a: Garganacl
|-supereffective|p2a: Garganacl
|-crit|p2a: Garganacl
|-damage|p2a: Garganacl|0 fnt
|-heal|p1a: Passimian|100/100|[from] drain|[of] p2a: Garganacl
|faint|p2a: Garganacl
|
|upkeep
|
|t:|1758968581
|switch|p2a: Raging Bolt|Raging Bolt|100/100
|turn|18
|
|t:|1758968584
|move|p2a: Raging Bolt|Draco Meteor|p1a: Passimian
|-damage|p1a: Passimian|0 fnt
|-unboost|p2a: Raging Bolt|spa|2
|faint|p1a: Passimian
|
|upkeep
|
|t:|1758968586
|switch|p1a: Articuno|Articuno-Galar|100/100
|-activate|p1a: Articuno|move: Sticky Web
|-unboost|p1a: Articuno|spe|1
|-ability|p1a: Articuno|Competitive|boost
|-boost|p1a: Articuno|spa|2
|turn|19
|
|t:|1758968590
|-end|p2a: Raging Bolt|Protosynthesis|[silent]
|switch|p2a: Alomomola|Alomomola, M|100/100
|move|p1a: Articuno|Trick Room|p1a: Articuno
|-fieldstart|move: Trick Room|[of] p1a: Articuno
|
|upkeep
|turn|20
|
|t:|1758968595
|move|p1a: Articuno|Freezing Glare|p2a: Alomomola
|-damage|p2a: Alomomola|4/100
|move|p2a: Alomomola|Scald|p1a: Articuno
|-damage|p1a: Articuno|90/100
|
|upkeep
|turn|21
|
|t:|1758968600
|move|p1a: Articuno|Freezing Glare|p2a: Alomomola
|-damage|p2a: Alomomola|0 fnt
|faint|p2a: Alomomola
|
|upkeep
|
|t:|1758968603
|switch|p2a: Raging Bolt|Raging Bolt|100/100
|turn|22
|
|t:|1758968606
|-terastallize|p1a: Articuno|Fighting
|-terastallize|p2a: Raging Bolt|Dragon
|move|p1a: Articuno|Freezing Glare|p2a: Raging Bolt
|-damage|p2a: Raging Bolt|7/100
|move|p2a: Raging Bolt|Draco Meteor|p1a: Articuno
|-damage|p1a: Articuno|0 fnt
|-unboost|p2a: Raging Bolt|spa|2
|faint|p1a: Articuno
|
|win|zakatarzony
|raw|capitolg's rating: 1099 &rarr; <strong>1076</strong><br />(-23 for losing)
|raw|zakatarzony's rating: 1120 &rarr; <strong>1143</strong><br />(+23 for winning)
|l|☆capitolg
|player|p1|
|l|☆zakatarzony
|player|p2|
