|j|☆Kailisten7
|j|☆bowling12345
|t:|1758975971
|gametype|singles
|player|p1|Kailisten7|265|1214
|player|p2|bowling12345|265|1227
|gen|9
|tier|[Gen 9] OU
|rated|
|rule|HP Percentage Mod: HP is shown in percentages
|rule|Endless Battle Clause: Forcing endless battles is banned
|rule|Species Clause: Limit one of each Pokémon
|rule|OHKO Clause: OHKO moves are banned
|rule|Evasion Items Clause: Evasion items are banned
|rule|Evasion Moves Clause: Evasion moves are banned
|rule|Evasion Abilities Clause: Evasion abilities are banned
|rule|Sleep Moves Clause: Sleep-inducing moves are banned
|clearpoke
|poke|p1|Landorus-Therian, M|
|poke|p1|Gholdengo|
|poke|p1|Ogerpon-Wellspring, F|
|poke|p1|Slowking-Galar, F|
|poke|p1|Clefable, M|
|poke|p1|Kingambit, F|
|poke|p2|Zoroark-Hisui, F|
|poke|p2|Glimmora, F|
|poke|p2|Munkidori, M|
|poke|p2|Sinistcha|
|poke|p2|Alomomola, M|
|poke|p2|Entei|
|teampreview
|
|t:|1758975986
|teamsize|p1|6
|teamsize|p2|6
|start
|switch|p1a: Lando-T|Landorus-Therian, M, shiny|100/100
|switch|p2a: Alomomola|Alomomola, M|100/100
|-ability|p1a: Lando-T|Intimidate|boost
|-unboost|p2a: Alomomola|atk|1
|turn|1
|
|t:|1758975992
|move|p1a: Lando-T|U-turn|p2a: Alomomola
|-damage|p2a: Alomomola|87/100
|-damage|p1a: Lando-T|84/100|[from] item: Rocky Helmet|[of] p2a: Alomomola
|
|t:|1758976000
|switch|p1a: Ogerpon|Ogerpon-Wellspring, F|100/100|[from] U-turn
|move|p2a: Alomomola|Scald|p1a: Ogerpon
|-immune|p1a: Ogerpon|[from] ability: Water Absorb
|
|upkeep
|turn|2
|
|t:|1758976009
|switch|p2a: Sinistcha|Sinistcha|100/100
|move|p1a: Ogerpon|Swords Dance|p1a: Ogerpon
|-boost|p1a: Ogerpon|atk|2
|
|upkeep
|turn|3
|inactive|Battle timer is ON: inactive players will automatically lose when time's up. (requested by Kailisten7)
|inactiveoff|Battle timer is now OFF.
|inactive|Battle timer is ON: inactive players will automatically lose when time's up. (requested by bowling12345)
|inactive|Kailisten7 has 120 seconds left.
|
|t:|1758976114
|-terastallize|p2a: Sinistcha|Normal
|move|p1a: Ogerpon|Play Rough|p2a: Sinistcha
|-damage|p2a: Sinistcha|37/100
|move|p2a: Sinistcha|Trick Room|p2a: Sinistcha
|-fieldstart|move: Trick Room|[of] p2a: Sinistcha
|
|upkeep
|turn|4
|c|☆Kailisten7|mama im cooked
|
|t:|1758976141
|move|p2a: Sinistcha|Matcha Gotcha|p1a: Ogerpon
|-damage|p1a: Ogerpon|54/100
|-heal|p2a: Sinistcha|61/100|[from] drain|[of] p1a: Ogerpon
|move|p1a: Ogerpon|Play Rough|p2a: Sinistcha
|-damage|p2a: Sinistcha|0 fnt
|faint|p2a: Sinistcha
|
|upkeep
|inactive|bowling12345 has 120 seconds left.
|
|t:|1758976152
|switch|p2a: Munkidori|Munkidori, M|100/100
|turn|5
|
|t:|1758976172
|switch|p1a: S.lowking|Slowking-Galar, F|100/100
|move|p2a: Munkidori|Sludge Bomb|p1a: S.lowking
|-resisted|p1a: S.lowking
|-damage|p1a: S.lowking|83/100
|
|upkeep
|turn|6
|inactive|bowling12345 has 120 seconds left.
|
|t:|1758976192
|move|p1a: S.lowking|Future Sight|p2a: Munkidori
|-start|p1a: S.lowking|move: Future Sight
|move|p2a: Munkidori|Psyshock|p1a: S.lowking
|-damage|p1a: S.lowking|41/100
|
|upkeep
|turn|7
|inactive|bowling12345 has 120 seconds left.
|inactive|Kailisten7 has 120 seconds left.
|
|t:|1758976236
|switch|p1a: Gholdengo|Gholdengo|100/100
|move|p2a: Munkidori|Hex|p1a: Gholdengo
|-supereffective|p1a: Gholdengo
|-damage|p1a: Gholdengo|64/100
|
|-fieldend|move: Trick Room
|upkeep
|turn|8
|
|t:|1758976252
|switch|p1a: S.lowking|Slowking-Galar, F|74/100
|move|p2a: Munkidori|Hex|p1a: S.lowking
|-supereffective|p1a: S.lowking
|-damage|p1a: S.lowking|42/100
|
|-end|p2a: Munkidori|move: Future Sight
|-damage|p2a: Munkidori|68/100
|upkeep
|turn|9
|
|t:|1758976263
|switch|p1a: Clefable|Clefable, M|100/100
|move|p2a: Munkidori|Psyshock|p1a: Clefable
|-crit|p1a: Clefable
|-damage|p1a: Clefable|53/100
|-status|p1a: Clefable|tox|[from] ability: Toxic Chain|[of] p2a: Munkidori
|
|-heal|p1a: Clefable|59/100 tox|[from] item: Leftovers
|-damage|p1a: Clefable|53/100 tox|[from] psn
|upkeep
|turn|10
|
|t:|1758976276
|move|p2a: Munkidori|Hex|p1a: Clefable
|-damage|p1a: Clefable|9/100 tox
|move|p1a: Clefable|Stealth Rock|p2a: Munkidori
|-sidestart|p2: bowling12345|move: Stealth Rock
|
|-heal|p1a: Clefable|15/100 tox|[from] item: Leftovers
|-damage|p1a: Clefable|3/100 tox|[from] psn
|upkeep
|turn|11
|
|t:|1758976283
|move|p2a: Munkidori|Hex|p1a: Clefable
|-damage|p1a: Clefable|0 fnt
|faint|p1a: Clefable
|
|upkeep
|
|t:|1758976310
|switch|p1a: Lando-T|Landorus-Therian, M, shiny|84/100
|-ability|p1a: Lando-T|Intimidate|boost
|-unboost|p2a: Munkidori|atk|1
|turn|12
|
|t:|1758976314
|switch|p2a: Alomomola|Alomomola, M|100/100
|-damage|p2a: Alomomola|88/100|[from] Stealth Rock
|move|p1a: Lando-T|Earthquake|p2a: Alomomola
|-damage|p2a: Alomomola|56/100
|
|upkeep
|turn|13
|
|t:|1758976322
|switch|p1a: Ogerpon|Ogerpon-Wellspring, F|54/100
|move|p2a: Alomomola|Wish|p2a: Alomomola
|
|upkeep
|turn|14
|
|t:|1758976334
|switch|p2a: Munkidori|Munkidori, M|100/100
|-damage|p2a: Munkidori|88/100|[from] Stealth Rock
|move|p1a: Ogerpon|Swords Dance|p1a: Ogerpon
|-boost|p1a: Ogerpon|atk|2
|
|-heal|p2a: Munkidori|100/100|[from] move: Wish|[wisher] Alomomola
|upkeep
|turn|15
|
|t:|1758976343
|move|p1a: Ogerpon|Ivy Cudgel|p2a: Munkidori|[anim] Ivy Cudgel Water
|-crit|p2a: Munkidori
|-enditem|p2a: Munkidori|Focus Sash
|-damage|p2a: Munkidori|1/100
|replace|p2a: Zoroark|Zoroark-Hisui, F
|-end|p2a: Zoroark|Illusion
|move|p2a: Zoroark|Flamethrower|p1a: Ogerpon
|-damage|p1a: Ogerpon|21/100
|
|upkeep
|turn|16
|
|t:|1758976351
|move|p1a: Ogerpon|Ivy Cudgel|p2a: Zoroark|[anim] Ivy Cudgel Water
|-damage|p2a: Zoroark|0 fnt
|faint|p2a: Zoroark
|
|upkeep
|
|t:|1758976356
|switch|p2a: Entei|Entei|100/100
|-damage|p2a: Entei|75/100|[from] Stealth Rock
|turn|17
|c|☆Kailisten7|shapeshifter impostor
|
|t:|1758976362
|move|p2a: Entei|Extreme Speed|p1a: Ogerpon
|-damage|p1a: Ogerpon|0 fnt
|faint|p1a: Ogerpon
|
|upkeep
|
|t:|1758976366
|switch|p1a: Lando-T|Landorus-Therian, M, shiny|84/100
|-ability|p1a: Lando-T|Intimidate|boost
|-fail|p2a: Entei|unboost|Attack|[from] ability: Inner Focus|[of] p2a: Entei
|turn|18
|
|t:|1758976371
|switch|p2a: Alomomola|Alomomola, M|89/100
|-damage|p2a: Alomomola|77/100|[from] Stealth Rock
|move|p1a: Lando-T|Earthquake|p2a: Alomomola
|-damage|p2a: Alomomola|45/100
|
|upkeep
|turn|19
|
|t:|1758976380
|switch|p1a: Gholdengo|Gholdengo|64/100
|move|p2a: Alomomola|Scald|p1a: Gholdengo
|-damage|p1a: Gholdengo|54/100
|-status|p1a: Gholdengo|brn
|
|-damage|p1a: Gholdengo|48/100 brn|[from] brn
|upkeep
|turn|20
|
|t:|1758976389
|switch|p2a: Glimmora|Glimmora, F|100/100
|-damage|p2a: Glimmora|88/100|[from] Stealth Rock
|move|p1a: Gholdengo|Make It Rain|p2a: Glimmora
|-supereffective|p2a: Glimmora
|-damage|p2a: Glimmora|0 fnt
|-unboost|p1a: Gholdengo|spa|1
|faint|p2a: Glimmora
|
|-damage|p1a: Gholdengo|42/100 brn|[from] brn
|upkeep
|
|t:|1758976412
|switch|p2a: Munkidori|Munkidori, M|68/100
|-damage|p2a: Munkidori|56/100|[from] Stealth Rock
|turn|21
|
|t:|1758976419
|switch|p1a: Lando-T|Landorus-Therian, M, shiny|84/100
|-ability|p1a: Lando-T|Intimidate|boost
|-unboost|p2a: Munkidori|atk|1
|move|p2a: Munkidori|Hex|p1a: Lando-T
|-damage|p1a: Lando-T|53/100
|
|upkeep
|turn|22
|
|t:|1758976426
|switch|p2a: Alomomola|Alomomola, M|79/100
|-damage|p2a: Alomomola|66/100|[from] Stealth Rock
|move|p1a: Lando-T|Earthquake|p2a: Alomomola
|-damage|p2a: Alomomola|35/100
|
|upkeep
|turn|23
|
|t:|1758976441
|move|p1a: Lando-T|Earthquake|p2a: Alomomola
|-damage|p2a: Alomomola|3/100
|move|p2a: Alomomola|Flip Turn|p1a: Lando-T
|-supereffective|p1a: Lando-T
|-damage|p1a: Lando-T|16/100
|-damage|p2a: Alomomola|0 fnt|[from] item: Rocky Helmet|[of] p1a: Lando-T
|faint|p2a: Alomomola
|
|upkeep
|
|t:|1758976451
|switch|p2a: Entei|Entei|75/100
|-damage|p2a: Entei|50/100|[from] Stealth Rock
|turn|24
|
|t:|1758976455
|move|p2a: Entei|Extreme Speed|p1a: Lando-T
|-damage|p1a: Lando-T|0 fnt
|-damage|p2a: Entei|34/100|[from] item: Rocky Helmet|[of] p1a: Lando-T
|faint|p1a: Lando-T
|
|upkeep
|
|t:|1758976462
|switch|p1a: S.lowking|Slowking-Galar, F|75/100
|turn|25
|
|t:|1758976470
|move|p2a: Entei|Crunch|p1a: S.lowking
|-supereffective|p1a: S.lowking
|-crit|p1a: S.lowking
|-damage|p1a: S.lowking|0 fnt
|faint|p1a: S.lowking
|
|upkeep
|
|t:|1758976472
|switch|p1a: Gholdengo|Gholdengo|42/100 brn
|turn|26
|
|t:|1758976483
|move|p1a: Gholdengo|Dazzling Gleam|p2a: Entei
|-resisted|p2a: Entei
|-damage|p2a: Entei|25/100
|move|p2a: Entei|Sacred Fire|p1a: Gholdengo
|-supereffective|p1a: Gholdengo
|-damage|p1a: Gholdengo|0 fnt
|faint|p1a: Gholdengo
|
|upkeep
|
|t:|1758976486
|switch|p1a: Queengambit|Kingambit, F, shiny|100/100
|-activate|p1a: Queengambit|ability: Supreme Overlord
|-start|p1a: Queengambit|fallen5|[silent]
|turn|27
|
|t:|1758976497
|move|p2a: Entei|Extreme Speed|p1a: Queengambit
|-resisted|p1a: Queengambit
|-damage|p1a: Queengambit|91/100
|move|p1a: Queengambit|Sucker Punch||[still]
|-fail|p1a: Queengambit
|
|-heal|p1a: Queengambit|97/100|[from] item: Leftovers
|upkeep
|turn|28
|
|t:|1758976504
|move|p2a: Entei|Sacred Fire|p1a: Queengambit
|-supereffective|p1a: Queengambit
|-damage|p1a: Queengambit|19/100
|move|p1a: Queengambit|Low Kick|p2a: Entei
|-damage|p2a: Entei|0 fnt
|faint|p2a: Entei
|
|-heal|p1a: Queengambit|25/100|[from] item: Leftovers
|upkeep
|
|t:|1758976512
|switch|p2a: Munkidori|Munkidori, M|56/100
|-damage|p2a: Munkidori|44/100|[from] Stealth Rock
|turn|29
|c|☆Kailisten7|mama am cooked
|
|t:|1758976517
|move|p1a: Queengambit|Sucker Punch|p2a: Munkidori
|-supereffective|p2a: Munkidori
|-damage|p2a: Munkidori|0 fnt
|faint|p2a: Munkidori
|
|win|Kailisten7
|raw|Kailisten7's rating: 1214 &rarr; <strong>1240</strong><br />(+26 for winning)
|raw|bowling12345's rating: 1227 &rarr; <strong>1201</strong><br />(-26 for losing)
|l|☆bowling12345
|player|p2|
|l|☆Kailisten7
|player|p1|
