|j|☆didijjb
|j|☆ernoux41m
|t:|1758962880
|gametype|singles
|player|p1|didijjb|1|1351
|player|p2|ernoux41m|170|1282
|gen|9
|tier|[Gen 9] OU
|rated|
|rule|HP Percentage Mod: HP is shown in percentages
|rule|Endless Battle Clause: Forcing endless battles is banned
|rule|Species Clause: Limit one of each Pokémon
|rule|OHKO Clause: OHKO moves are banned
|rule|Evasion Items Clause: Evasion items are banned
|rule|Evasion Moves Clause: Evasion moves are banned
|rule|Evasion Abilities Clause: Evasion abilities are banned
|rule|Sleep Moves Clause: Sleep-inducing moves are banned
|clearpoke
|poke|p1|Kleavor, M|
|poke|p1|Kingambit, M|
|poke|p1|Pecharunt|
|poke|p1|Dragapult, M|
|poke|p1|Iron Crown|
|poke|p1|Zamazenta-*|
|poke|p2|Munkidori, M|
|poke|p2|Typhlosion-Hisui, F|
|poke|p2|Clefable, F|
|poke|p2|Gliscor, M|
|poke|p2|Kingambit, M|
|poke|p2|Quaquaval, F|
|teampreview
|inactive|Battle timer is ON: inactive players will automatically lose when time's up. (requested by didijjb)
|
|t:|1758962890
|teamsize|p1|6
|teamsize|p2|6
|start
|switch|p1a: Dragapult|Dragapult, M|100/100
|switch|p2a: Quaquaval|Quaquaval, F|100/100
|turn|1
|
|t:|1758962901
|switch|p2a: Clefable|Clefable, F|100/100
|move|p1a: Dragapult|U-turn|p2a: Clefable
|-resisted|p2a: Clefable
|-damage|p2a: Clefable|80/100
|
|t:|1758962904
|switch|p1a: Iron Crown|Iron Crown|100/100|[from] U-turn
|-enditem|p1a: Iron Crown|Booster Energy
|-activate|p1a: Iron Crown|ability: Quark Drive|[fromitem]
|-start|p1a: Iron Crown|quarkdrivespa
|
|upkeep
|turn|2
|
|t:|1758962923
|switch|p2a: Quaquaval|Quaquaval, F|100/100
|move|p1a: Iron Crown|Tachyon Cutter|p2a: Quaquaval
|-resisted|p2a: Quaquaval
|-damage|p2a: Quaquaval|78/100
|-resisted|p2a: Quaquaval
|-damage|p2a: Quaquaval|55/100
|-hitcount|p2a: Quaquaval|2
|
|-heal|p2a: Quaquaval|62/100|[from] item: Leftovers
|upkeep
|turn|3
|
|t:|1758962930
|move|p1a: Iron Crown|Psychic|p2a: Quaquaval
|-supereffective|p2a: Quaquaval
|-damage|p2a: Quaquaval|0 fnt
|faint|p2a: Quaquaval
|
|upkeep
|
|t:|1758962940
|switch|p2a: Kingambit|Kingambit, M|100/100
|-activate|p2a: Kingambit|ability: Supreme Overlord
|-start|p2a: Kingambit|fallen1|[silent]
|turn|4
|
|t:|1758962945
|-end|p1a: Iron Crown|Quark Drive|[silent]
|switch|p1a: Zamazenta|Zamazenta|100/100
|-ability|p1a: Zamazenta|Dauntless Shield|boost
|-boost|p1a: Zamazenta|def|1
|move|p2a: Kingambit|Kowtow Cleave|p1a: Zamazenta
|-resisted|p1a: Zamazenta
|-damage|p1a: Zamazenta|82/100
|
|upkeep
|turn|5
|
|t:|1758962949
|-end|p2a: Kingambit|fallen1|[silent]
|switch|p2a: Typhlosion|Typhlosion-Hisui, F|100/100
|-item|p1a: Zamazenta|Choice Band|[from] ability: Frisk|[of] p2a: Typhlosion
|move|p1a: Zamazenta|Close Combat|p2a: Typhlosion
|-immune|p2a: Typhlosion
|
|upkeep
|turn|6
|
|t:|1758962958
|switch|p1a: Dragapult|Dragapult, M|100/100
|move|p2a: Typhlosion|Eruption|p1a: Dragapult
|-resisted|p1a: Dragapult
|-crit|p1a: Dragapult
|-damage|p1a: Dragapult|0 fnt
|faint|p1a: Dragapult
|
|upkeep
|
|t:|1758962976
|switch|p1a: Kleavor|Kleavor, M|100/100
|turn|7
|
|t:|1758962988
|switch|p2a: Kingambit|Kingambit, M|100/100
|-activate|p2a: Kingambit|ability: Supreme Overlord
|-start|p2a: Kingambit|fallen1|[silent]
|move|p1a: Kleavor|Stone Axe|p2a: Kingambit
|-resisted|p2a: Kingambit
|-damage|p2a: Kingambit|80/100
|-sidestart|p2: ernoux41m|move: Stealth Rock
|
|-heal|p2a: Kingambit|87/100|[from] item: Leftovers
|upkeep
|turn|8
|
|t:|1758963003
|switch|p1a: Zamazenta|Zamazenta|82/100
|move|p2a: Kingambit|Swords Dance|p2a: Kingambit
|-boost|p2a: Kingambit|atk|2
|
|-heal|p2a: Kingambit|93/100|[from] item: Leftovers
|upkeep
|turn|9
|
|t:|1758963011
|-terastallize|p2a: Kingambit|Flying
|move|p1a: Zamazenta|Heavy Slam|p2a: Kingambit
|-damage|p2a: Kingambit|77/100
|move|p2a: Kingambit|Tera Blast|p1a: Zamazenta|[anim] Tera Blast Flying
|-supereffective|p1a: Zamazenta
|-damage|p1a: Zamazenta|0 fnt
|faint|p1a: Zamazenta
|
|-heal|p2a: Kingambit|84/100|[from] item: Leftovers
|upkeep
|
|t:|1758963017
|switch|p1a: Kleavor|Kleavor, M|100/100
|turn|10
|
|t:|1758963021
|move|p2a: Kingambit|Sucker Punch|p1a: Kleavor
|-damage|p1a: Kleavor|0 fnt
|faint|p1a: Kleavor
|
|-heal|p2a: Kingambit|90/100|[from] item: Leftovers
|upkeep
|
|t:|1758963028
|switch|p1a: Iron Crown|Iron Crown|100/100
|turn|11
|
|t:|1758963031
|move|p1a: Iron Crown|Substitute|p1a: Iron Crown
|-start|p1a: Iron Crown|Substitute
|-damage|p1a: Iron Crown|76/100
|move|p2a: Kingambit|Kowtow Cleave|p1a: Iron Crown
|-supereffective|p1a: Iron Crown
|-end|p1a: Iron Crown|Substitute
|
|-heal|p2a: Kingambit|96/100|[from] item: Leftovers
|upkeep
|turn|12
|
|t:|1758963037
|move|p1a: Iron Crown|Tachyon Cutter|p2a: Kingambit
|-damage|p2a: Kingambit|70/100
|-damage|p2a: Kingambit|45/100
|-hitcount|p2a: Kingambit|2
|move|p2a: Kingambit|Kowtow Cleave|p1a: Iron Crown
|-supereffective|p1a: Iron Crown
|-damage|p1a: Iron Crown|0 fnt
|faint|p1a: Iron Crown
|-end|p1a: Iron Crown|Quark Drive|[silent]
|
|-heal|p2a: Kingambit|51/100|[from] item: Leftovers
|upkeep
|
|t:|1758963041
|switch|p1a: Kingambit|Kingambit, M|100/100
|-activate|p1a: Kingambit|ability: Supreme Overlord
|-start|p1a: Kingambit|fallen4|[silent]
|-item|p1a: Kingambit|Air Balloon
|turn|13
|
|t:|1758963047
|move|p1a: Kingambit|Swords Dance|p1a: Kingambit
|-boost|p1a: Kingambit|atk|2
|move|p2a: Kingambit|Kowtow Cleave|p1a: Kingambit
|-resisted|p1a: Kingambit
|-damage|p1a: Kingambit|52/100
|-enditem|p1a: Kingambit|Air Balloon
|
|-heal|p2a: Kingambit|57/100|[from] item: Leftovers
|upkeep
|turn|14
|
|t:|1758963053
|move|p1a: Kingambit|Low Kick|p2a: Kingambit
|-resisted|p2a: Kingambit
|-damage|p2a: Kingambit|16/100
|move|p2a: Kingambit|Kowtow Cleave|p1a: Kingambit
|-resisted|p1a: Kingambit
|-damage|p1a: Kingambit|3/100
|
|-heal|p2a: Kingambit|22/100|[from] item: Leftovers
|upkeep
|turn|15
|
|t:|1758963057
|move|p2a: Kingambit|Sucker Punch|p1a: Kingambit
|-resisted|p1a: Kingambit
|-damage|p1a: Kingambit|0 fnt
|faint|p1a: Kingambit
|-end|p1a: Kingambit|fallen4|[silent]
|
|-heal|p2a: Kingambit|28/100|[from] item: Leftovers
|upkeep
|
|t:|1758963060
|switch|p1a: Pecharunt|Pecharunt|100/100
|turn|16
|inactive|didijjb has 120 seconds left.
|inactive|didijjb has 90 seconds left.
|inactive|didijjb has 60 seconds left.
|inactive|didijjb has 30 seconds left.
|inactive|didijjb has 20 seconds left.
|inactive|didijjb has 15 seconds left.
|inactive|didijjb has 10 seconds left.
|inactive|didijjb has 5 seconds left.
|-message|didijjb lost due to inactivity.
|
|win|ernoux41m
|raw|didijjb's rating: 1351 &rarr; <strong>1327</strong><br />(-24 for losing)
|raw|ernoux41m's rating: 1282 &rarr; <strong>1312</strong><br />(+30 for winning)
|l|☆ernoux41m
|player|p2|
