|j|☆mcwherterer
|j|☆you should now
|t:|1758955002
|gametype|singles
|player|p1|mcwherterer|clair|1510
|player|p2|you should now|170|1513
|gen|9
|tier|[Gen 9] OU
|rated|
|rule|HP Percentage Mod: HP is shown in percentages
|rule|Endless Battle Clause: Forcing endless battles is banned
|rule|Species Clause: Limit one of each Pokémon
|rule|OHKO Clause: OHKO moves are banned
|rule|Evasion Items Clause: Evasion items are banned
|rule|Evasion Moves Clause: Evasion moves are banned
|rule|Evasion Abilities Clause: Evasion abilities are banned
|rule|Sleep Moves Clause: Sleep-inducing moves are banned
|clearpoke
|poke|p1|Garchomp, F|
|poke|p1|Primarina, F|
|poke|p1|Corviknight, F|
|poke|p1|Iron Valiant|
|poke|p1|Heatran, F|
|poke|p1|Scizor, F|
|poke|p2|Meloetta|
|poke|p2|Iron Moth|
|poke|p2|Corviknight, F|
|poke|p2|Slowking-Galar, M|
|poke|p2|Great Tusk|
|poke|p2|Lokix, M|
|teampreview
|inactive|Battle timer is ON: inactive players will automatically lose when time's up. (requested by mcwherterer)
|inactive|you should now has 120 seconds left.
|
|t:|1758955033
|teamsize|p1|6
|teamsize|p2|6
|start
|switch|p1a: Scizor|Scizor, F|100/100
|switch|p2a: Great Tusk|Great Tusk|100/100
|turn|1
|
|t:|1758955048
|move|p2a: Great Tusk|Stealth Rock|p1a: Scizor
|-sidestart|p1: mcwherterer|move: Stealth Rock
|move|p1a: Scizor|U-turn|p2a: Great Tusk
|-resisted|p2a: Great Tusk
|-damage|p2a: Great Tusk|84/100
|
|t:|1758955060
|switch|p1a: Iron Valiant|Iron Valiant|100/100|[from] U-turn
|-damage|p1a: Iron Valiant|94/100|[from] Stealth Rock
|
|-heal|p2a: Great Tusk|90/100|[from] item: Leftovers
|upkeep
|turn|2
|
|t:|1758955076
|-end|p2a: Great Tusk|Protosynthesis|[silent]
|switch|p2a: Slowking|Slowking-Galar, M|100/100
|move|p1a: Iron Valiant|Shadow Ball|p2a: Slowking
|-supereffective|p2a: Slowking
|-damage|p2a: Slowking|57/100
|
|upkeep
|turn|3
|
|t:|1758955090
|-end|p1a: Iron Valiant|Quark Drive|[silent]
|switch|p1a: Scizor|Scizor, F|100/100
|-damage|p1a: Scizor|88/100|[from] Stealth Rock
|switch|p2a: Meloetta|Meloetta|100/100
|
|upkeep
|turn|4
|
|t:|1758955097
|switch|p2a: Corviknight|Corviknight, F|100/100
|-ability|p2a: Corviknight|Pressure
|move|p1a: Scizor|Knock Off|p2a: Corviknight
|-damage|p2a: Corviknight|66/100
|-damage|p1a: Scizor|72/100|[from] item: Rocky Helmet|[of] p2a: Corviknight
|-enditem|p2a: Corviknight|Rocky Helmet|[from] move: Knock Off|[of] p1a: Scizor
|
|upkeep
|turn|5
|
|t:|1758955108
|switch|p1a: Corviknight|Corviknight, F|100/100
|-damage|p1a: Corviknight|88/100|[from] Stealth Rock
|-ability|p1a: Corviknight|Pressure
|move|p2a: Corviknight|U-turn|p1a: Corviknight
|-resisted|p1a: Corviknight
|-damage|p1a: Corviknight|86/100
|-damage|p2a: Corviknight|49/100|[from] item: Rocky Helmet|[of] p1a: Corviknight
|
|t:|1758955120
|switch|p2a: Iron Moth|Iron Moth|100/100|[from] U-turn
|
|upkeep
|turn|6
|
|t:|1758955142
|-end|p2a: Iron Moth|Quark Drive|[silent]
|switch|p2a: Meloetta|Meloetta|100/100
|switch|p1a: Heatran|Heatran, F|100/100
|-damage|p1a: Heatran|88/100|[from] Stealth Rock
|-item|p1a: Heatran|Air Balloon
|
|upkeep
|turn|7
|
|t:|1758955154
|move|p2a: Meloetta|Thunderbolt|p1a: Heatran
|-damage|p1a: Heatran|65/100
|-enditem|p1a: Heatran|Air Balloon
|move|p1a: Heatran|Taunt|p2a: Meloetta
|-start|p2a: Meloetta|move: Taunt
|
|upkeep
|turn|8
|j| Shashank812009
|inactive|you should now has 120 seconds left.
|c|☆mcwherterer|YOOOO
|c|☆mcwherterer|What's good?
|
|t:|1758955182
|move|p2a: Meloetta|Shadow Ball|p1a: Heatran
|-damage|p1a: Heatran|46/100
|move|p1a: Heatran|Lava Plume|p2a: Meloetta
|-damage|p2a: Meloetta|71/100
|
|upkeep
|turn|9
|
|t:|1758955197
|move|p2a: Meloetta|Shadow Ball|p1a: Heatran
|-damage|p1a: Heatran|26/100
|-unboost|p1a: Heatran|spd|1
|move|p1a: Heatran|Lava Plume|p2a: Meloetta
|-damage|p2a: Meloetta|42/100
|
|upkeep
|turn|10
|inactive|you should now has 120 seconds left.
|
|t:|1758955207
|move|p2a: Meloetta|Psychic|p1a: Heatran
|-resisted|p1a: Heatran
|-damage|p1a: Heatran|3/100
|move|p1a: Heatran|Lava Plume|p2a: Meloetta
|-damage|p2a: Meloetta|15/100
|
|-end|p2a: Meloetta|move: Taunt
|upkeep
|turn|11
|inactive|you should now has 120 seconds left.
|
|t:|1758955213
|move|p2a: Meloetta|Psychic|p1a: Heatran
|-resisted|p1a: Heatran
|-damage|p1a: Heatran|0 fnt
|faint|p1a: Heatran
|
|upkeep
|
|t:|1758955215
|switch|p1a: Garchomp|Garchomp, F|100/100
|-damage|p1a: Garchomp|94/100|[from] Stealth Rock
|turn|12
|
|t:|1758955228
|switch|p2a: Great Tusk|Great Tusk|90/100
|move|p1a: Garchomp|Scale Shot|p2a: Great Tusk
|-damage|p2a: Great Tusk|83/100
|-damage|p2a: Great Tusk|76/100
|-damage|p2a: Great Tusk|69/100
|-damage|p2a: Great Tusk|63/100
|-hitcount|p2a: Great Tusk|4
|-unboost|p1a: Garchomp|def|1
|-boost|p1a: Garchomp|spe|1
|
|-heal|p2a: Great Tusk|69/100|[from] item: Leftovers
|upkeep
|turn|13
|
|t:|1758955235
|switch|p1a: Corviknight|Corviknight, F|86/100
|-damage|p1a: Corviknight|74/100|[from] Stealth Rock
|-ability|p1a: Corviknight|Pressure
|move|p2a: Great Tusk|Headlong Rush|p1a: Corviknight
|-immune|p1a: Corviknight
|
|-heal|p2a: Great Tusk|75/100|[from] item: Leftovers
|upkeep
|turn|14
|
|t:|1758955240
|-end|p2a: Great Tusk|Protosynthesis|[silent]
|switch|p2a: Corviknight|Corviknight, F|49/100
|-ability|p2a: Corviknight|Pressure
|move|p1a: Corviknight|Defog|p2a: Corviknight
|-unboost|p2a: Corviknight|evasion|1
|-sideend|p1: mcwherterer|Stealth Rock|[from] move: Defog|[of] p1a: Corviknight
|
|upkeep
|turn|15
|
|t:|1758955250
|move|p1a: Corviknight|Roost|p1a: Corviknight
|-heal|p1a: Corviknight|100/100
|-singleturn|p1a: Corviknight|move: Roost
|move|p2a: Corviknight|Roost|p2a: Corviknight
|-heal|p2a: Corviknight|99/100
|-singleturn|p2a: Corviknight|move: Roost
|
|upkeep
|turn|16
|
|t:|1758955255
|move|p1a: Corviknight|Body Press|p2a: Corviknight
|-damage|p2a: Corviknight|83/100
|move|p2a: Corviknight|U-turn|p1a: Corviknight
|-resisted|p1a: Corviknight
|-damage|p1a: Corviknight|98/100
|-damage|p2a: Corviknight|66/100|[from] item: Rocky Helmet|[of] p1a: Corviknight
|
|t:|1758955262
|switch|p2a: Iron Moth|Iron Moth|100/100|[from] U-turn
|
|upkeep
|turn|17
|
|t:|1758955267
|switch|p1a: Primarina|Primarina, F|100/100
|move|p2a: Iron Moth|Fiery Dance|p1a: Primarina
|-resisted|p1a: Primarina
|-damage|p1a: Primarina|82/100
|
|upkeep
|turn|18
|
|t:|1758955281
|-end|p2a: Iron Moth|Quark Drive|[silent]
|switch|p2a: Slowking|Slowking-Galar, M|91/100
|move|p1a: Primarina|Surf|p2a: Slowking
|-damage|p2a: Slowking|62/100
|
|upkeep
|turn|19
|
|t:|1758955296
|move|p1a: Primarina|Flip Turn|p2a: Slowking
|-damage|p2a: Slowking|46/100
|
|t:|1758955302
|switch|p1a: Scizor|Scizor, F|72/100|[from] Flip Turn
|-prepare|p2a: Slowking|Chilly Reception|[premajor]
|move|p2a: Slowking|Chilly Reception|p2a: Slowking
|-weather|Snowscape
|
|t:|1758955319
|switch|p2a: Iron Moth|Iron Moth|100/100|[from] Chilly Reception
|
|-weather|Snowscape|[upkeep]
|upkeep
|turn|20
|
|t:|1758955334
|move|p2a: Iron Moth|Fiery Dance|p1a: Scizor
|-supereffective|p1a: Scizor
|-damage|p1a: Scizor|0 fnt
|-boost|p2a: Iron Moth|spa|1
|faint|p1a: Scizor
|
|-weather|Snowscape|[upkeep]
|upkeep
|
|t:|1758955337
|switch|p1a: Primarina|Primarina, F|82/100
|turn|21
|
|t:|1758955345
|-end|p2a: Iron Moth|Quark Drive|[silent]
|switch|p2a: Slowking|Slowking-Galar, M|80/100
|move|p1a: Primarina|Psychic Noise|p2a: Slowking
|-damage|p2a: Slowking|63/100
|-start|p2a: Slowking|move: Heal Block
|
|-weather|Snowscape|[upkeep]
|upkeep
|turn|22
|
|t:|1758955356
|move|p1a: Primarina|Flip Turn|p2a: Slowking
|-damage|p2a: Slowking|48/100
|
|t:|1758955364
|switch|p1a: Garchomp|Garchomp, F|94/100|[from] Flip Turn
|move|p2a: Slowking|Sludge Bomb|p1a: Garchomp
|-resisted|p1a: Garchomp
|-damage|p1a: Garchomp|75/100
|
|-weather|Snowscape|[upkeep]
|-end|p2a: Slowking|move: Heal Block
|upkeep
|turn|23
|
|t:|1758955379
|switch|p2a: Great Tusk|Great Tusk|75/100
|move|p1a: Garchomp|Scale Shot|p2a: Great Tusk
|-damage|p2a: Great Tusk|68/100
|-damage|p2a: Great Tusk|61/100
|-damage|p2a: Great Tusk|54/100
|-damage|p2a: Great Tusk|48/100
|-hitcount|p2a: Great Tusk|4
|-unboost|p1a: Garchomp|def|1
|-boost|p1a: Garchomp|spe|1
|
|-weather|none
|-heal|p2a: Great Tusk|54/100|[from] item: Leftovers
|upkeep
|turn|24
|
|t:|1758955403
|switch|p1a: Corviknight|Corviknight, F|98/100
|-ability|p1a: Corviknight|Pressure
|move|p2a: Great Tusk|Headlong Rush|p1a: Corviknight
|-immune|p1a: Corviknight
|
|-heal|p2a: Great Tusk|60/100|[from] item: Leftovers
|upkeep
|turn|25
|
|t:|1758955423
|-end|p2a: Great Tusk|Protosynthesis|[silent]
|switch|p2a: Iron Moth|Iron Moth|100/100
|move|p1a: Corviknight|Brave Bird|p2a: Iron Moth
|-damage|p2a: Iron Moth|39/100
|-damage|p1a: Corviknight|83/100|[from] Recoil
|
|upkeep
|turn|26
|
|t:|1758955435
|switch|p1a: Primarina|Primarina, F|82/100
|move|p2a: Iron Moth|Fiery Dance|p1a: Primarina
|-resisted|p1a: Primarina
|-damage|p1a: Primarina|62/100
|
|upkeep
|turn|27
|
|t:|1758955449
|-end|p2a: Iron Moth|Quark Drive|[silent]
|switch|p2a: Corviknight|Corviknight, F|66/100
|-ability|p2a: Corviknight|Pressure
|move|p1a: Primarina|Surf|p2a: Corviknight
|-damage|p2a: Corviknight|20/100
|
|upkeep
|turn|28
|
|t:|1758955466
|switch|p2a: Slowking|Slowking-Galar, M|81/100
|move|p1a: Primarina|Surf|p2a: Slowking
|-damage|p2a: Slowking|54/100
|
|upkeep
|turn|29
|
|t:|1758955478
|move|p1a: Primarina|Surf|p2a: Slowking
|-damage|p2a: Slowking|26/100
|-prepare|p2a: Slowking|Chilly Reception|[premajor]
|move|p2a: Slowking|Chilly Reception|p2a: Slowking
|-weather|Snowscape
|
|t:|1758955486
|switch|p2a: Meloetta|Meloetta|15/100|[from] Chilly Reception
|
|-weather|Snowscape|[upkeep]
|upkeep
|turn|30
|
|t:|1758955501
|move|p2a: Meloetta|Psychic|p1a: Primarina
|-damage|p1a: Primarina|30/100
|move|p1a: Primarina|Flip Turn|p2a: Meloetta
|-damage|p2a: Meloetta|0 fnt
|faint|p2a: Meloetta
|
|t:|1758955510
|switch|p1a: Corviknight|Corviknight, F|83/100|[from] Flip Turn
|-ability|p1a: Corviknight|Pressure
|
|-weather|Snowscape|[upkeep]
|upkeep
|
|t:|1758955520
|switch|p2a: Iron Moth|Iron Moth|39/100
|turn|31
|
|t:|1758955536
|switch|p1a: Primarina|Primarina, F|30/100
|move|p2a: Iron Moth|Fiery Dance|p1a: Primarina
|-resisted|p1a: Primarina
|-damage|p1a: Primarina|10/100
|-boost|p2a: Iron Moth|spa|1
|
|-weather|Snowscape|[upkeep]
|upkeep
|turn|32
|
|t:|1758955541
|move|p2a: Iron Moth|Fiery Dance|p1a: Primarina
|-resisted|p1a: Primarina
|-damage|p1a: Primarina|0 fnt
|-boost|p2a: Iron Moth|spa|1
|faint|p1a: Primarina
|
|-weather|Snowscape|[upkeep]
|upkeep
|
|t:|1758955564
|switch|p1a: Garchomp|Garchomp, F|75/100
|turn|33
|inactive|mcwherterer has 120 seconds left.
|inactive|you should now has 120 seconds left.
|inactive|you should now has 90 seconds left.
|
|t:|1758955644
|-end|p2a: Iron Moth|Quark Drive|[silent]
|switch|p2a: Corviknight|Corviknight, F|20/100
|-ability|p2a: Corviknight|Pressure
|move|p1a: Garchomp|Swords Dance|p1a: Garchomp
|-boost|p1a: Garchomp|atk|2
|
|-weather|none
|upkeep
|turn|34
|inactive|mcwherterer has 120 seconds left.
|
|t:|1758955660
|move|p1a: Garchomp|Scale Shot|p2a: Corviknight
|-resisted|p2a: Corviknight
|-damage|p2a: Corviknight|13/100
|-resisted|p2a: Corviknight
|-damage|p2a: Corviknight|5/100
|-resisted|p2a: Corviknight
|-damage|p2a: Corviknight|0 fnt
|faint|p2a: Corviknight
|-hitcount|p2: Corviknight|3
|-unboost|p1a: Garchomp|def|1
|-boost|p1a: Garchomp|spe|1
|
|upkeep
|
|t:|1758955664
|switch|p2a: Lokix|Lokix, M|100/100
|turn|35
|inactive|mcwherterer has 120 seconds left.
|
|t:|1758955672
|-terastallize|p1a: Garchomp|Fire
|move|p2a: Lokix|First Impression|p1a: Garchomp
|-resisted|p1a: Garchomp
|-damage|p1a: Garchomp|0 fnt
|-damage|p2a: Lokix|88/100|[from] ability: Rough Skin|[of] p1a: Garchomp
|faint|p1a: Garchomp
|
|upkeep
|inactive|mcwherterer has 120 seconds left.
|
|t:|1758955678
|switch|p1a: Corviknight|Corviknight, F|83/100
|-ability|p1a: Corviknight|Pressure
|turn|36
|
|t:|1758955682
|switch|p2a: Slowking|Slowking-Galar, M|60/100
|move|p1a: Corviknight|Brave Bird|p2a: Slowking
|-damage|p2a: Slowking|22/100
|-damage|p1a: Corviknight|71/100|[from] Recoil
|
|upkeep
|turn|37
|
|t:|1758955700
|switch|p2a: Great Tusk|Great Tusk|60/100
|move|p1a: Corviknight|Brave Bird|p2a: Great Tusk
|-supereffective|p2a: Great Tusk
|-damage|p2a: Great Tusk|23/100
|-damage|p1a: Corviknight|58/100|[from] Recoil
|
|-heal|p2a: Great Tusk|29/100|[from] item: Leftovers
|upkeep
|turn|38
|
|t:|1758955707
|move|p2a: Great Tusk|Stealth Rock|p1a: Corviknight
|-sidestart|p1: mcwherterer|move: Stealth Rock
|move|p1a: Corviknight|Brave Bird|p2a: Great Tusk
|-supereffective|p2a: Great Tusk
|-damage|p2a: Great Tusk|0 fnt
|faint|p2a: Great Tusk
|-end|p2a: Great Tusk|Protosynthesis|[silent]
|-damage|p1a: Corviknight|48/100|[from] Recoil
|
|upkeep
|
|t:|1758955713
|switch|p2a: Iron Moth|Iron Moth|39/100
|turn|39
|
|t:|1758955727
|move|p2a: Iron Moth|Fiery Dance|p1a: Corviknight
|-supereffective|p1a: Corviknight
|-damage|p1a: Corviknight|0 fnt
|faint|p1a: Corviknight
|
|upkeep
|
|t:|1758955729
|switch|p1a: Iron Valiant|Iron Valiant|94/100
|-damage|p1a: Iron Valiant|88/100|[from] Stealth Rock
|turn|40
|
|t:|1758955736
|move|p1a: Iron Valiant|Thunderbolt|p2a: Iron Moth
|-damage|p2a: Iron Moth|0 fnt
|faint|p2a: Iron Moth
|-end|p2a: Iron Moth|Quark Drive|[silent]
|
|upkeep
|
|t:|1758955742
|switch|p2a: Slowking|Slowking-Galar, M|55/100
|turn|41
|
|t:|1758955745
|move|p1a: Iron Valiant|Thunderbolt|p2a: Slowking
|-damage|p2a: Slowking|29/100
|move|p2a: Slowking|Sludge Bomb|p1a: Iron Valiant
|-supereffective|p1a: Iron Valiant
|-damage|p1a: Iron Valiant|0 fnt
|faint|p1a: Iron Valiant
|-end|p1a: Iron Valiant|Quark Drive|[silent]
|
|win|you should now
|raw|mcwherterer's rating: 1510 &rarr; <strong>1490</strong><br />(-20 for losing)
|raw|you should now's rating: 1513 &rarr; <strong>1533</strong><br />(+20 for winning)
|c|☆mcwherterer|ggwp
|l| Shashank812009
|l|☆you should now
|player|p2|
|l|☆mcwherterer
|player|p1|
