|j|☆sveinung12321
|j|☆Perola Z
|t:|1759003947
|gametype|singles
|player|p1|sveinung12321|170|1515
|player|p2|Perola Z|elesa|1460
|gen|9
|tier|[Gen 9] OU
|rated|
|rule|HP Percentage Mod: HP is shown in percentages
|rule|Endless Battle Clause: Forcing endless battles is banned
|rule|Species Clause: Limit one of each Pokémon
|rule|OHKO Clause: OHKO moves are banned
|rule|Evasion Items Clause: Evasion items are banned
|rule|Evasion Moves Clause: Evasion moves are banned
|rule|Evasion Abilities Clause: Evasion abilities are banned
|rule|Sleep Moves Clause: Sleep-inducing moves are banned
|clearpoke
|poke|p1|Tyranitar, M|
|poke|p1|Dragapult, F|
|poke|p1|Landorus-Therian, M|
|poke|p1|Heatran, M|
|poke|p1|Weezing-Galar, F|
|poke|p1|Rotom-Wash|
|poke|p2|Landorus-Therian, M|
|poke|p2|Enamorus, F|
|poke|p2|Latios, M|
|poke|p2|Scizor, M|
|poke|p2|Cinderace, M|
|poke|p2|Primarina, F|
|teampreview
|inactive|Battle timer is ON: inactive players will automatically lose when time's up. (requested by sveinung12321)
|j| randomdude036
|
|t:|1759003955
|teamsize|p1|6
|teamsize|p2|6
|start
|switch|p1a: Landorus|Landorus-Therian, M|100/100
|switch|p2a: Primarina|Primarina, F|100/100
|-ability|p1a: Landorus|Intimidate|boost
|-unboost|p2a: Primarina|atk|1
|turn|1
|
|t:|1759003965
|-terastallize|p1a: Landorus|Flying
|move|p1a: Landorus|Tera Blast|p2a: Primarina|[anim] Tera Blast Flying
|-damage|p2a: Primarina|15/100
|move|p2a: Primarina|Moonblast|p1a: Landorus
|-damage|p1a: Landorus|0 fnt
|faint|p1a: Landorus
|
|upkeep
|
|t:|1759003970
|switch|p1a: Dragapult|Dragapult, F|100/100
|turn|2
|
|t:|1759003977
|move|p1a: Dragapult|Shadow Ball|p2a: Primarina
|-damage|p2a: Primarina|0 fnt
|faint|p2a: Primarina
|
|upkeep
|
|t:|1759003984
|switch|p2a: Enamorus|Enamorus, F|100/100
|turn|3
|
|t:|1759003989
|switch|p1a: Heatran|Heatran, M|100/100
|move|p2a: Enamorus|Moonblast|p1a: Heatran
|-resisted|p1a: Heatran
|-damage|p1a: Heatran|89/100
|-unboost|p1a: Heatran|spa|1
|
|-heal|p1a: Heatran|96/100|[from] item: Leftovers
|upkeep
|turn|4
|
|t:|1759003996
|move|p2a: Enamorus|Earth Power|p1a: Heatran
|-supereffective|p1a: Heatran
|-damage|p1a: Heatran|0 fnt
|faint|p1a: Heatran
|
|upkeep
|
|t:|1759004000
|switch|p1a: Tyranitar|Tyranitar, M|100/100
|-weather|Sandstorm|[from] ability: Sand Stream|[of] p1a: Tyranitar
|turn|5
|
|t:|1759004027
|switch|p2a: Scizor|Scizor, M|100/100
|move|p1a: Tyranitar|Ice Beam|p2a: Scizor
|-resisted|p2a: Scizor
|-damage|p2a: Scizor|85/100
|
|-weather|Sandstorm|[upkeep]
|upkeep
|turn|6
|
|t:|1759004030
|switch|p1a: Weezing|Weezing-Galar, F|100/100
|-ability|p1a: Weezing|Neutralizing Gas
|move|p2a: Scizor|U-turn|p1a: Weezing
|-resisted|p1a: Weezing
|-damage|p1a: Weezing|92/100
|-damage|p2a: Scizor|75/100|[from] item: Life Orb
|
|t:|1759004048
|switch|p2a: Enamorus|Enamorus, F|100/100|[from] U-turn
|
|-weather|Sandstorm|[upkeep]
|-damage|p2a: Enamorus|94/100|[from] Sandstorm
|-damage|p1a: Weezing|86/100|[from] Sandstorm
|-heal|p1a: Weezing|92/100|[from] item: Leftovers
|upkeep
|turn|7
|
|t:|1759004063
|move|p2a: Enamorus|Earth Power|p1a: Weezing
|-supereffective|p1a: Weezing
|-damage|p1a: Weezing|10/100
|move|p1a: Weezing|Sludge Bomb|p2a: Enamorus
|-supereffective|p2a: Enamorus
|-damage|p2a: Enamorus|22/100
|
|-weather|Sandstorm|[upkeep]
|-damage|p2a: Enamorus|15/100|[from] Sandstorm
|-damage|p1a: Weezing|4/100|[from] Sandstorm
|-heal|p1a: Weezing|10/100|[from] item: Leftovers
|upkeep
|turn|8
|
|t:|1759004068
|-end|p1a: Weezing|ability: Neutralizing Gas
|switch|p1a: Rotom|Rotom-Wash|100/100
|move|p2a: Enamorus|Moonblast|p1a: Rotom
|-crit|p1a: Rotom
|-damage|p1a: Rotom|23/100
|
|-weather|Sandstorm|[upkeep]
|-damage|p2a: Enamorus|9/100|[from] Sandstorm
|-damage|p1a: Rotom|17/100|[from] Sandstorm
|-heal|p1a: Rotom|23/100|[from] item: Leftovers
|upkeep
|turn|9
|
|t:|1759004074
|move|p2a: Enamorus|Moonblast|p1a: Rotom
|-damage|p1a: Rotom|0 fnt
|faint|p1a: Rotom
|
|-weather|none
|upkeep
|
|t:|1759004076
|switch|p1a: Tyranitar|Tyranitar, M|100/100
|-weather|Sandstorm|[from] ability: Sand Stream|[of] p1a: Tyranitar
|turn|10
|
|t:|1759004087
|move|p2a: Enamorus|Moonblast|p1a: Tyranitar
|-supereffective|p1a: Tyranitar
|-damage|p1a: Tyranitar|57/100
|-unboost|p1a: Tyranitar|spa|1
|move|p1a: Tyranitar|Ice Beam|p2a: Enamorus
|-supereffective|p2a: Enamorus
|-damage|p2a: Enamorus|0 fnt
|faint|p2a: Enamorus
|
|-weather|Sandstorm|[upkeep]
|-heal|p1a: Tyranitar|63/100|[from] item: Leftovers
|upkeep
|inactive|Perola Z has 120 seconds left.
|
|t:|1759004119
|switch|p2a: Scizor|Scizor, M|75/100
|turn|11
|
|t:|1759004130
|switch|p1a: Weezing|Weezing-Galar, F|10/100
|-ability|p1a: Weezing|Neutralizing Gas
|move|p2a: Scizor|Bullet Punch|p1a: Weezing
|-supereffective|p1a: Weezing
|-damage|p1a: Weezing|0 fnt
|faint|p1a: Weezing
|-end|p1a: Weezing|ability: Neutralizing Gas
|-damage|p2a: Scizor|66/100|[from] item: Life Orb
|
|-weather|Sandstorm|[upkeep]
|upkeep
|
|t:|1759004132
|switch|p1a: Dragapult|Dragapult, F|100/100
|turn|12
|
|t:|1759004137
|move|p2a: Scizor|Bullet Punch|p1a: Dragapult
|-damage|p1a: Dragapult|42/100
|-damage|p2a: Scizor|56/100|[from] item: Life Orb
|move|p1a: Dragapult|Shadow Ball|p2a: Scizor
|-damage|p2a: Scizor|0 fnt
|faint|p2a: Scizor
|
|-weather|Sandstorm|[upkeep]
|-damage|p1a: Dragapult|36/100|[from] Sandstorm
|upkeep
|
|t:|1759004161
|switch|p2a: Cinderace|Cinderace, M|100/100
|turn|13
|
|t:|1759004176
|switch|p1a: Tyranitar|Tyranitar, M|63/100
|move|p2a: Cinderace|Pyro Ball|p1a: Tyranitar
|-resisted|p1a: Tyranitar
|-damage|p1a: Tyranitar|39/100
|
|-weather|Sandstorm|[upkeep]
|-damage|p2a: Cinderace|95/100|[from] Sandstorm
|-heal|p1a: Tyranitar|46/100|[from] item: Leftovers
|upkeep
|turn|14
|
|t:|1759004190
|move|p2a: Cinderace|U-turn|p1a: Tyranitar
|-start|p2a: Cinderace|typechange|Bug|[from] ability: Libero
|-supereffective|p1a: Tyranitar
|-damage|p1a: Tyranitar|0 fnt
|faint|p1a: Tyranitar
|
|t:|1759004194
|switch|p2a: Landorus|Landorus-Therian, M|100/100|[from] U-turn
|
|-weather|none
|upkeep
|
|t:|1759004196
|switch|p1a: Dragapult|Dragapult, F|36/100
|turn|15
|
|t:|1759004203
|move|p1a: Dragapult|Draco Meteor|p2a: Landorus
|-damage|p2a: Landorus|0 fnt
|-unboost|p1a: Dragapult|spa|2
|faint|p2a: Landorus
|
|upkeep
|
|t:|1759004214
|switch|p2a: Cinderace|Cinderace, M|95/100
|turn|16
|
|t:|1759004221
|move|p1a: Dragapult|Draco Meteor|p2a: Cinderace
|-damage|p2a: Cinderace|33/100
|-unboost|p1a: Dragapult|spa|2
|move|p2a: Cinderace|Pyro Ball|p1a: Dragapult
|-resisted|p1a: Dragapult
|-damage|p1a: Dragapult|0 fnt
|faint|p1a: Dragapult
|
|win|Perola Z
|raw|sveinung12321's rating: 1515 &rarr; <strong>1492</strong><br />(-23 for losing)
|raw|Perola Z's rating: 1460 &rarr; <strong>1483</strong><br />(+23 for winning)
|l|☆sveinung12321
|player|p1|
