|j|☆MassiveFinland4234
|j|☆pigcattef
|t:|1758948225
|gametype|singles
|player|p1|MassiveFinland4234|cynthia|1379
|player|p2|pigcattef|102|1297
|gen|9
|tier|[Gen 9] OU
|rated|
|rule|HP Percentage Mod: HP is shown in percentages
|rule|Endless Battle Clause: Forcing endless battles is banned
|rule|Species Clause: Limit one of each Pokémon
|rule|OHKO Clause: OHKO moves are banned
|rule|Evasion Items Clause: Evasion items are banned
|rule|Evasion Moves Clause: Evasion moves are banned
|rule|Evasion Abilities Clause: Evasion abilities are banned
|rule|Sleep Moves Clause: Sleep-inducing moves are banned
|clearpoke
|poke|p1|Weavile, M|
|poke|p1|Primarina, F|
|poke|p1|Raging Bolt|
|poke|p1|Scizor, M|
|poke|p1|Landorus-Therian, M|
|poke|p1|Moltres|
|poke|p2|Garganacl, F|
|poke|p2|Cloyster, F|
|poke|p2|Polteageist|
|poke|p2|Weezing-Galar, F|
|poke|p2|Blaziken, F|
|poke|p2|Donphan, L1, M|
|teampreview
|
|t:|1758948254
|teamsize|p1|6
|teamsize|p2|6
|start
|switch|p1a: Kalahari|Landorus-Therian, M|100/100
|switch|p2a: Cloyster|Cloyster, F, shiny|100/100
|-ability|p1a: Kalahari|Intimidate|boost
|-unboost|p2a: Cloyster|atk|1
|turn|1
|inactive|Battle timer is ON: inactive players will automatically lose when time's up. (requested by MassiveFinland4234)
|
|t:|1758948267
|switch|p1a: Raiden|Raging Bolt|100/100
|-enditem|p1a: Raiden|Booster Energy
|-activate|p1a: Raiden|ability: Protosynthesis|[fromitem]
|-start|p1a: Raiden|protosynthesisspa
|move|p2a: Cloyster|Shell Smash|p2a: Cloyster
|-unboost|p2a: Cloyster|def|1
|-unboost|p2a: Cloyster|spd|1
|-boost|p2a: Cloyster|atk|2
|-boost|p2a: Cloyster|spa|2
|-boost|p2a: Cloyster|spe|2
|
|upkeep
|turn|2
|
|t:|1758948282
|move|p2a: Cloyster|Icicle Spear|p1a: Raiden
|-supereffective|p1a: Raiden
|-damage|p1a: Raiden|75/100
|-supereffective|p1a: Raiden
|-damage|p1a: Raiden|47/100
|-supereffective|p1a: Raiden
|-damage|p1a: Raiden|20/100
|-supereffective|p1a: Raiden
|-damage|p1a: Raiden|0 fnt
|faint|p1a: Raiden
|-end|p1a: Raiden|Protosynthesis|[silent]
|-hitcount|p1: Raiden|4
|
|upkeep
|
|t:|1758948297
|switch|p1a: Circe|Primarina, F|100/100
|turn|3
|inactive|pigcattef has 120 seconds left.
|
|t:|1758948356
|move|p2a: Cloyster|Shell Smash|p2a: Cloyster
|-unboost|p2a: Cloyster|def|1
|-unboost|p2a: Cloyster|spd|1
|-boost|p2a: Cloyster|atk|2
|-boost|p2a: Cloyster|spa|2
|-boost|p2a: Cloyster|spe|2
|move|p1a: Circe|Moonblast|p2a: Cloyster
|-enditem|p2a: Cloyster|Focus Sash
|-damage|p2a: Cloyster|1/100
|-unboost|p2a: Cloyster|spa|1
|
|upkeep
|turn|4
|
|t:|1758948367
|move|p2a: Cloyster|Rock Blast|p1a: Circe
|-damage|p1a: Circe|79/100
|-damage|p1a: Circe|56/100
|-damage|p1a: Circe|33/100
|-damage|p1a: Circe|11/100
|-damage|p1a: Circe|0 fnt
|faint|p1a: Circe
|-hitcount|p1: Circe|5
|
|upkeep
|
|t:|1758948377
|switch|p1a: Guillotine|Scizor, M|100/100
|turn|5
|
|t:|1758948385
|move|p1a: Guillotine|Bullet Punch|p2a: Cloyster
|-damage|p2a: Cloyster|0 fnt
|faint|p2a: Cloyster
|
|upkeep
|
|t:|1758948407
|switch|p2a: Blaziken|Blaziken, F, shiny|100/100
|turn|6
|
|t:|1758948412
|switch|p1a: Kalahari|Landorus-Therian, M|100/100
|-ability|p1a: Kalahari|Intimidate|boost
|-unboost|p2a: Blaziken|atk|1
|move|p2a: Blaziken|Swords Dance|p2a: Blaziken
|-boost|p2a: Blaziken|atk|2
|
|-ability|p2a: Blaziken|Speed Boost|boost
|-boost|p2a: Blaziken|spe|1
|upkeep
|turn|7
|
|t:|1758948422
|move|p1a: Kalahari|Earthquake|p2a: Blaziken
|-supereffective|p2a: Blaziken
|-damage|p2a: Blaziken|0 fnt
|faint|p2a: Blaziken
|
|upkeep
|
|t:|1758948429
|switch|p2a: Donphan|Donphan, L1, M, shiny|100/100
|turn|8
|
|t:|1758948438
|switch|p1a: Guillotine|Scizor, M|100/100
|move|p2a: Donphan|Endeavor|p1a: Guillotine
|-damage|p1a: Guillotine|4/100
|
|upkeep
|turn|9
|inactive|pigcattef has 120 seconds left.
|
|t:|1758948465
|switch|p2a: Weezing|Weezing-Galar, F, shiny|100/100
|-ability|p2a: Weezing|Neutralizing Gas
|move|p1a: Guillotine|Bullet Punch|p2a: Weezing
|-supereffective|p2a: Weezing
|-damage|p2a: Weezing|57/100
|
|upkeep
|turn|10
|
|t:|1758948477
|move|p1a: Guillotine|Bullet Punch|p2a: Weezing
|-supereffective|p2a: Weezing
|-damage|p2a: Weezing|12/100
|move|p2a: Weezing|Will-O-Wisp|p1a: Guillotine
|-status|p1a: Guillotine|brn
|
|-damage|p1a: Guillotine|0 fnt|[from] brn
|faint|p1a: Guillotine
|upkeep
|
|t:|1758948489
|switch|p1a: Kalahari|Landorus-Therian, M|100/100
|turn|11
|
|t:|1758948494
|move|p1a: Kalahari|Earthquake|p2a: Weezing
|-supereffective|p2a: Weezing
|-damage|p2a: Weezing|0 fnt
|faint|p2a: Weezing
|-end|p2a: Weezing|ability: Neutralizing Gas
|
|upkeep
|
|t:|1758948497
|switch|p2a: Donphan|Donphan, L1, M, shiny|100/100
|turn|12
|
|t:|1758948509
|switch|p1a: Colonel|Moltres|100/100
|move|p2a: Donphan|Endeavor|p1a: Colonel
|-damage|p1a: Colonel|4/100
|
|upkeep
|turn|13
|
|t:|1758948517
|move|p1a: Colonel|Air Slash|p2a: Donphan
|-ability|p2a: Donphan|Sturdy
|-damage|p2a: Donphan|8/100
|move|p2a: Donphan|Endeavor|p1a: Colonel
|-damage|p1a: Colonel|1/100
|-heal|p2a: Donphan|16/100|[from] item: Shell Bell|[of] p1a: Colonel
|
|upkeep
|turn|14
|
|t:|1758948526
|move|p2a: Donphan|Ice Shard|p1a: Colonel
|-damage|p1a: Colonel|0 fnt
|faint|p1a: Colonel
|-heal|p2a: Donphan|24/100|[from] item: Shell Bell|[of] p1: Colonel
|
|upkeep
|
|t:|1758948534
|switch|p1a: Frostbite|Weavile, M|100/100
|-ability|p1a: Frostbite|Pressure
|turn|15
|
|t:|1758948541
|-terastallize|p1a: Frostbite|Ice
|move|p1a: Frostbite|Ice Shard|p2a: Donphan
|-supereffective|p2a: Donphan
|-damage|p2a: Donphan|0 fnt
|faint|p2a: Donphan
|-damage|p1a: Frostbite|91/100|[from] item: Life Orb
|
|upkeep
|
|t:|1758948552
|switch|p2a: Garganacl|Garganacl, F, shiny|100/100
|turn|16
|
|t:|1758948564
|switch|p1a: Kalahari|Landorus-Therian, M|100/100
|-ability|p1a: Kalahari|Intimidate|boost
|-unboost|p2a: Garganacl|atk|1
|move|p2a: Garganacl|Curse|p2a: Garganacl
|-unboost|p2a: Garganacl|spe|1
|-boost|p2a: Garganacl|atk|1
|-boost|p2a: Garganacl|def|1
|
|upkeep
|turn|17
|
|t:|1758948573
|move|p1a: Kalahari|Earthquake|p2a: Garganacl
|-supereffective|p2a: Garganacl
|-damage|p2a: Garganacl|48/100
|move|p2a: Garganacl|Curse|p2a: Garganacl
|-unboost|p2a: Garganacl|spe|1
|-boost|p2a: Garganacl|atk|1
|-boost|p2a: Garganacl|def|1
|
|-heal|p2a: Garganacl|54/100|[from] item: Leftovers
|upkeep
|turn|18
|
|t:|1758948581
|move|p1a: Kalahari|Earthquake|p2a: Garganacl
|-supereffective|p2a: Garganacl
|-damage|p2a: Garganacl|17/100
|move|p2a: Garganacl|Recover|p2a: Garganacl
|-heal|p2a: Garganacl|67/100
|
|-heal|p2a: Garganacl|73/100|[from] item: Leftovers
|upkeep
|turn|19
|
|t:|1758948591
|move|p1a: Kalahari|Earthquake|p2a: Garganacl
|-supereffective|p2a: Garganacl
|-damage|p2a: Garganacl|37/100
|move|p2a: Garganacl|Recover|p2a: Garganacl
|-heal|p2a: Garganacl|88/100
|
|-heal|p2a: Garganacl|94/100|[from] item: Leftovers
|upkeep
|turn|20
|
|t:|1758948597
|move|p1a: Kalahari|Earthquake|p2a: Garganacl
|-supereffective|p2a: Garganacl
|-damage|p2a: Garganacl|59/100
|move|p2a: Garganacl|Curse|p2a: Garganacl
|-unboost|p2a: Garganacl|spe|1
|-boost|p2a: Garganacl|atk|1
|-boost|p2a: Garganacl|def|1
|
|-heal|p2a: Garganacl|65/100|[from] item: Leftovers
|upkeep
|turn|21
|
|t:|1758948627
|move|p1a: Kalahari|Earthquake|p2a: Garganacl
|-supereffective|p2a: Garganacl
|-damage|p2a: Garganacl|34/100
|move|p2a: Garganacl|Curse|p2a: Garganacl
|-unboost|p2a: Garganacl|spe|1
|-boost|p2a: Garganacl|atk|1
|-boost|p2a: Garganacl|def|1
|
|-heal|p2a: Garganacl|40/100|[from] item: Leftovers
|upkeep
|turn|22
|
|t:|1758948637
|move|p1a: Kalahari|Earthquake|p2a: Garganacl
|-supereffective|p2a: Garganacl
|-damage|p2a: Garganacl|14/100
|move|p2a: Garganacl|Recover|p2a: Garganacl
|-heal|p2a: Garganacl|65/100
|
|-heal|p2a: Garganacl|71/100|[from] item: Leftovers
|upkeep
|turn|23
|
|t:|1758948645
|move|p1a: Kalahari|Earthquake|p2a: Garganacl
|-supereffective|p2a: Garganacl
|-damage|p2a: Garganacl|46/100
|move|p2a: Garganacl|Salt Cure|p1a: Kalahari
|-damage|p1a: Kalahari|64/100
|-start|p1a: Kalahari|Salt Cure
|
|-heal|p2a: Garganacl|53/100|[from] item: Leftovers
|-damage|p1a: Kalahari|51/100|[from] Salt Cure
|upkeep
|turn|24
|
|t:|1758948654
|move|p1a: Kalahari|Earthquake|p2a: Garganacl
|-supereffective|p2a: Garganacl
|-damage|p2a: Garganacl|28/100
|move|p2a: Garganacl|Recover|p2a: Garganacl
|-heal|p2a: Garganacl|78/100
|
|-heal|p2a: Garganacl|85/100|[from] item: Leftovers
|-damage|p1a: Kalahari|39/100|[from] Salt Cure
|upkeep
|turn|25
|
|t:|1758948662
|switch|p1a: Frostbite|Weavile, M, tera:Ice|91/100
|-ability|p1a: Frostbite|Pressure
|move|p2a: Garganacl|Salt Cure|p1a: Frostbite
|-supereffective|p1a: Frostbite
|-damage|p1a: Frostbite|0 fnt
|faint|p1a: Frostbite
|
|-heal|p2a: Garganacl|91/100|[from] item: Leftovers
|upkeep
|
|t:|1758948671
|switch|p1a: Kalahari|Landorus-Therian, M|39/100
|-ability|p1a: Kalahari|Intimidate|boost
|-unboost|p2a: Garganacl|atk|1
|turn|26
|
|t:|1758948675
|move|p1a: Kalahari|Earthquake|p2a: Garganacl
|-supereffective|p2a: Garganacl
|-damage|p2a: Garganacl|63/100
|move|p2a: Garganacl|Salt Cure|p1a: Kalahari
|-damage|p1a: Kalahari|4/100
|-start|p1a: Kalahari|Salt Cure
|
|-heal|p2a: Garganacl|69/100|[from] item: Leftovers
|-damage|p1a: Kalahari|0 fnt|[from] Salt Cure
|faint|p1a: Kalahari
|
|win|pigcattef
|raw|MassiveFinland4234's rating: 1379 &rarr; <strong>1354</strong><br />(-25 for losing)
|raw|pigcattef's rating: 1297 &rarr; <strong>1328</strong><br />(+31 for winning)
|l|☆MassiveFinland4234
|player|p1|
|l|☆pigcattef
|player|p2|
