|inactive|Battle timer is ON: inactive players will automatically lose when time's up.
|badge|p1|bronze|gen9ou|100-6
|badge|p1|bronze|gen9monotype|100-6
|uhtml|medal-msg|<div class="broadcast-blue">Curious what those medals under the avatar are? PS now has Ladder Seasons! For more information, check out the <a href="https://www.smogon.com/forums/threads/3740067/">thread on Smogon.</a></div>
|t:|1758990695
|gametype|singles
|player|p1|darkprobz|volo-ginkgo|
|player|p2|Steven Stone 007|170|
|gen|9
|tier|[Gen 9] OU
|rule|HP Percentage Mod: HP is shown in percentages
|rule|Endless Battle Clause: Forcing endless battles is banned
|rule|Species Clause: Limit one of each Pokémon
|rule|OHKO Clause: OHKO moves are banned
|rule|Evasion Items Clause: Evasion items are banned
|rule|Evasion Moves Clause: Evasion moves are banned
|rule|Evasion Abilities Clause: Evasion abilities are banned
|rule|Sleep Moves Clause: Sleep-inducing moves are banned
|clearpoke
|poke|p1|Zamazenta-*|
|poke|p1|Lokix, F|
|poke|p1|Iron Crown|
|poke|p1|Zapdos|
|poke|p1|Alomomola, F|
|poke|p1|Great Tusk|
|poke|p2|Darkrai|
|poke|p2|Dragonite, M|
|poke|p2|Deoxys-Speed|
|poke|p2|Iron Treads|
|poke|p2|Gliscor, M|
|poke|p2|Ribombee, F|
|teampreview
|c|☆Steven Stone 007|GL
|c|☆darkprobz|hf
|
|t:|1758990720
|teamsize|p1|6
|teamsize|p2|6
|start
|switch|p1a: Iron Crown|Iron Crown|100/100
|switch|p2a: Darkrai|Darkrai|100/100
|turn|1
|
|t:|1758990725
|-end|p1a: Iron Crown|Quark Drive|[silent]
|switch|p1a: Alomomola|Alomomola, F|100/100
|move|p2a: Darkrai|Dark Pulse|p1a: Alomomola
|-damage|p1a: Alomomola|81/100
|
|upkeep
|turn|2
|
|t:|1758990734
|switch|p2a: Gliscor|Gliscor, M|100/100
|move|p1a: Alomomola|Flip Turn|p2a: Gliscor
|-supereffective|p2a: Gliscor
|-damage|p2a: Gliscor|76/100
|
|t:|1758990743
|switch|p1a: Great Tusk|Great Tusk|100/100|[from] Flip Turn
|
|-status|p2a: Gliscor|tox|[from] item: Toxic Orb
|upkeep
|turn|3
|
|t:|1758990749
|switch|p2a: Deoxys|Deoxys-Speed|100/100
|-ability|p2a: Deoxys|Pressure
|move|p1a: Great Tusk|Ice Spinner|p2a: Deoxys
|-damage|p2a: Deoxys|64/100
|
|upkeep
|turn|4
|
|t:|1758990755
|-end|p1a: Great Tusk|Protosynthesis|[silent]
|switch|p1a: Alomomola|Alomomola, F|100/100
|move|p2a: Deoxys|Nasty Plot|p2a: Deoxys
|-boost|p2a: Deoxys|spa|2
|
|upkeep
|turn|5
|
|t:|1758990760
|move|p2a: Deoxys|Psycho Boost|p1a: Alomomola
|-damage|p1a: Alomomola|19/100
|-unboost|p2a: Deoxys|spa|2
|-damage|p2a: Deoxys|54/100|[from] item: Life Orb
|move|p1a: Alomomola|Mirror Coat|p2a: Deoxys
|-damage|p2a: Deoxys|0 fnt
|faint|p2a: Deoxys
|
|upkeep
|
|t:|1758990770
|switch|p2a: Gliscor|Gliscor, M|76/100 tox
|turn|6
|
|t:|1758990773
|switch|p1a: Great Tusk|Great Tusk|100/100
|move|p2a: Gliscor|Knock Off|p1a: Great Tusk
|-resisted|p1a: Great Tusk
|-damage|p1a: Great Tusk|92/100
|-enditem|p1a: Great Tusk|Heavy-Duty Boots|[from] move: Knock Off|[of] p2a: Gliscor
|
|-heal|p2a: Gliscor|89/100 tox|[from] ability: Poison Heal
|upkeep
|turn|7
|
|t:|1758990777
|move|p2a: Gliscor|Protect|p2a: Gliscor
|-singleturn|p2a: Gliscor|Protect
|move|p1a: Great Tusk|Ice Spinner|p2a: Gliscor
|-activate|p2a: Gliscor|move: Protect
|
|-heal|p2a: Gliscor|100/100 tox|[from] ability: Poison Heal
|upkeep
|turn|8
|
|t:|1758990781
|switch|p2a: Ribombee|Ribombee, F|100/100
|move|p1a: Great Tusk|Ice Spinner|p2a: Ribombee
|-damage|p2a: Ribombee|45/100
|
|upkeep
|turn|9
|
|t:|1758990785
|-end|p1a: Great Tusk|Protosynthesis|[silent]
|switch|p1a: Alomomola|Alomomola, F|52/100
|move|p2a: Ribombee|Sticky Web|p1a: Alomomola
|-sidestart|p1: darkprobz|move: Sticky Web
|
|upkeep
|turn|10
|
|t:|1758990790
|move|p2a: Ribombee|Stun Spore|p1a: Alomomola
|-status|p1a: Alomomola|par
|move|p1a: Alomomola|Flip Turn|p2a: Ribombee
|-damage|p2a: Ribombee|14/100
|
|t:|1758990794
|switch|p1a: Zapdos|Zapdos|100/100|[from] Flip Turn
|
|upkeep
|turn|11
|
|t:|1758990797
|move|p2a: Ribombee|Psychic Noise|p1a: Zapdos
|-damage|p1a: Zapdos|79/100
|-start|p1a: Zapdos|move: Heal Block
|move|p1a: Zapdos|U-turn|p2a: Ribombee
|-resisted|p2a: Ribombee
|-damage|p2a: Ribombee|2/100
|
|t:|1758990800
|switch|p1a: Alomomola|Alomomola, F|86/100 par|[from] U-turn
|-activate|p1a: Alomomola|move: Sticky Web
|-unboost|p1a: Alomomola|spe|1
|
|upkeep
|turn|12
|
|t:|1758990803
|move|p2a: Ribombee|Moonblast|p1a: Alomomola
|-damage|p1a: Alomomola|66/100 par
|cant|p1a: Alomomola|par
|
|upkeep
|turn|13
|
|t:|1758990805
|move|p2a: Ribombee|Moonblast|p1a: Alomomola
|-damage|p1a: Alomomola|47/100 par
|move|p1a: Alomomola|Flip Turn|p2a: Ribombee
|-damage|p2a: Ribombee|0 fnt
|faint|p2a: Ribombee
|
|t:|1758990817
|switch|p1a: Lokix|Lokix, F|100/100|[from] Flip Turn
|-activate|p1a: Lokix|move: Sticky Web
|-unboost|p1a: Lokix|spe|1
|
|upkeep
|
|t:|1758990826
|switch|p2a: Dragonite|Dragonite, M|100/100
|turn|14
|
|t:|1758990834
|move|p1a: Lokix|U-turn|p2a: Dragonite
|-resisted|p2a: Dragonite
|-damage|p2a: Dragonite|76/100
|
|t:|1758990838
|switch|p1a: Great Tusk|Great Tusk|92/100|[from] U-turn
|-activate|p1a: Great Tusk|move: Sticky Web
|-unboost|p1a: Great Tusk|spe|1
|move|p2a: Dragonite|Dragon Tail|p1a: Great Tusk
|-damage|p1a: Great Tusk|66/100
|-end|p1a: Great Tusk|Protosynthesis|[silent]
|drag|p1a: Lokix|Lokix, F|100/100
|-activate|p1a: Lokix|move: Sticky Web
|-unboost|p1a: Lokix|spe|1
|
|upkeep
|turn|15
|
|t:|1758990845
|move|p1a: Lokix|U-turn|p2a: Dragonite
|-resisted|p2a: Dragonite
|-damage|p2a: Dragonite|30/100
|
|t:|1758990847
|switch|p1a: Iron Crown|Iron Crown|100/100|[from] U-turn
|-activate|p1a: Iron Crown|move: Sticky Web
|-unboost|p1a: Iron Crown|spe|1
|move|p2a: Dragonite|Dragon Tail|p1a: Iron Crown|[miss]
|-miss|p2a: Dragonite|p1a: Iron Crown
|
|upkeep
|turn|16
|
|t:|1758990851
|-end|p1a: Iron Crown|Quark Drive|[silent]
|switch|p1a: Zamazenta|Zamazenta|100/100
|-ability|p1a: Zamazenta|Dauntless Shield|boost
|-boost|p1a: Zamazenta|def|1
|move|p2a: Dragonite|Earthquake|p1a: Zamazenta
|-damage|p1a: Zamazenta|76/100
|
|upkeep
|turn|17
|
|t:|1758990856
|move|p1a: Zamazenta|Ice Fang|p2a: Dragonite
|-supereffective|p2a: Dragonite
|-damage|p2a: Dragonite|0 fnt
|faint|p2a: Dragonite
|
|upkeep
|
|t:|1758990862
|switch|p2a: Darkrai|Darkrai|100/100
|turn|18
|
|t:|1758990868
|move|p1a: Zamazenta|Close Combat|p2a: Darkrai
|-supereffective|p2a: Darkrai
|-damage|p2a: Darkrai|0 fnt
|-unboost|p1a: Zamazenta|def|1
|-unboost|p1a: Zamazenta|spd|1
|faint|p2a: Darkrai
|
|upkeep
|
|t:|1758990871
|switch|p2a: Gliscor|Gliscor, M|100/100 tox
|turn|19
|
|t:|1758990875
|switch|p1a: Great Tusk|Great Tusk|66/100
|-activate|p1a: Great Tusk|move: Sticky Web
|-unboost|p1a: Great Tusk|spe|1
|-terastallize|p2a: Gliscor|Normal
|move|p2a: Gliscor|Facade|p1a: Great Tusk
|-damage|p1a: Great Tusk|33/100
|
|upkeep
|turn|20
|
|t:|1758990879
|move|p2a: Gliscor|Facade|p1a: Great Tusk
|-damage|p1a: Great Tusk|0 fnt
|faint|p1a: Great Tusk
|-end|p1a: Great Tusk|Protosynthesis|[silent]
|
|upkeep
|c|☆Steven Stone 007|Gg
|
|t:|1758990888
|switch|p1a: Zamazenta|Zamazenta|76/100
|turn|21
|
|t:|1758990892
|-terastallize|p1a: Zamazenta|Stellar
|move|p2a: Gliscor|Protect|p2a: Gliscor
|-singleturn|p2a: Gliscor|Protect
|move|p1a: Zamazenta|Close Combat|p2a: Gliscor
|-activate|p2a: Gliscor|move: Protect
|
|upkeep
|turn|22
|c|☆darkprobz|gg
|
|t:|1758990898
|move|p1a: Zamazenta|Close Combat|p2a: Gliscor
|-supereffective|p2a: Gliscor
|-damage|p2a: Gliscor|0 fnt
|-unboost|p1a: Zamazenta|def|1
|-unboost|p1a: Zamazenta|spd|1
|faint|p2a: Gliscor
|
|upkeep
|
|t:|1758990900
|switch|p2a: Iron Treads|Iron Treads|100/100
|turn|23
|
|t:|1758990902
|move|p1a: Zamazenta|Close Combat|p2a: Iron Treads
|-supereffective|p2a: Iron Treads
|-damage|p2a: Iron Treads|8/100
|-unboost|p1a: Zamazenta|def|1
|-unboost|p1a: Zamazenta|spd|1
|move|p2a: Iron Treads|Rapid Spin|p1a: Zamazenta
|-damage|p1a: Zamazenta|51/100
|-boost|p2a: Iron Treads|spe|1
|
|-heal|p2a: Iron Treads|14/100|[from] item: Leftovers
|upkeep
|turn|24
|
|t:|1758990906
|move|p2a: Iron Treads|Body Press|p1a: Zamazenta
|-damage|p1a: Zamazenta|9/100
|move|p1a: Zamazenta|Close Combat|p2a: Iron Treads
|-supereffective|p2a: Iron Treads
|-damage|p2a: Iron Treads|0 fnt
|-unboost|p1a: Zamazenta|def|1
|-unboost|p1a: Zamazenta|spd|1
|faint|p2a: Iron Treads
|-end|p2a: Iron Treads|Quark Drive|[silent]
|
|win|darkprobz
