|j|☆RNG Savage
|j|☆notsounderdog
|t:|1759075622
|gametype|singles
|player|p1|RNG Savage|giovanni-gen3|1213
|player|p2|notsounderdog|1|1243
|gen|9
|tier|[Gen 9] OU
|rated|
|rule|HP Percentage Mod: HP is shown in percentages
|rule|Endless Battle Clause: Forcing endless battles is banned
|rule|Species Clause: Limit one of each Pokémon
|rule|OHKO Clause: OHKO moves are banned
|rule|Evasion Items Clause: Evasion items are banned
|rule|Evasion Moves Clause: Evasion moves are banned
|rule|Evasion Abilities Clause: Evasion abilities are banned
|rule|Sleep Moves Clause: Sleep-inducing moves are banned
|clearpoke
|poke|p1|Cacturne, M|
|poke|p1|Skarmory, M|
|poke|p1|Latias, F|
|poke|p1|Latios, M|
|poke|p1|Ursaluna, M|
|poke|p1|Dragonite, M|
|poke|p2|Landorus-Therian, M|
|poke|p2|Samurott-Hisui, M|
|poke|p2|Pecharunt|
|poke|p2|Scizor, M|
|poke|p2|Latios, M|
|poke|p2|Zamazenta-*|
|teampreview
|inactive|Battle timer is ON: inactive players will automatically lose when time's up. (requested by notsounderdog)
|
|t:|1759075646
|teamsize|p1|6
|teamsize|p2|6
|start
|switch|p1a: Ursaluna|Ursaluna, M, shiny|100/100
|switch|p2a: Overdog|Landorus-Therian, M|100/100
|-ability|p2a: Overdog|Intimidate|boost
|-unboost|p1a: Ursaluna|atk|1
|turn|1
|
|t:|1759075658
|switch|p1a: Latias|Latias, F|100/100
|move|p2a: Overdog|Stealth Rock|p1a: Latias
|-sidestart|p1: RNG Savage|move: Stealth Rock
|
|upkeep
|turn|2
|
|t:|1759075663
|switch|p2a: Scizor|Scizor, M|100/100
|move|p1a: Latias|Trick|p2a: Scizor
|-activate|p1a: Latias|move: Trick|[of] p2a: Scizor
|-item|p2a: Scizor|Choice Specs|[from] move: Trick
|-item|p1a: Latias|Heavy-Duty Boots|[from] move: Trick
|
|upkeep
|turn|3
|
|t:|1759075671
|switch|p1a: Ursaluna|Ursaluna, M, shiny|100/100
|-damage|p1a: Ursaluna|94/100|[from] Stealth Rock
|move|p2a: Scizor|Knock Off|p1a: Ursaluna
|-damage|p1a: Ursaluna|69/100
|-enditem|p1a: Ursaluna|Flame Orb|[from] move: Knock Off|[of] p2a: Scizor
|
|upkeep
|turn|4
|
|t:|1759075677
|switch|p2a: Overdog|Landorus-Therian, M|100/100
|-ability|p2a: Overdog|Intimidate|boost
|-unboost|p1a: Ursaluna|atk|1
|move|p1a: Ursaluna|Fire Punch|p2a: Overdog
|-damage|p2a: Overdog|82/100
|-damage|p1a: Ursaluna|52/100|[from] item: Rocky Helmet|[of] p2a: Overdog
|
|upkeep
|turn|5
|
|t:|1759075681
|switch|p1a: Skarmory|Skarmory, M, shiny|100/100
|-damage|p1a: Skarmory|88/100|[from] Stealth Rock
|move|p2a: Overdog|U-turn|p1a: Skarmory
|-resisted|p1a: Skarmory
|-damage|p1a: Skarmory|84/100
|-damage|p2a: Overdog|65/100|[from] item: Rocky Helmet|[of] p1a: Skarmory
|
|t:|1759075689
|switch|p2a: Samurott|Samurott-Hisui, M|100/100|[from] U-turn
|
|upkeep
|turn|6
|
|t:|1759075693
|move|p2a: Samurott|Ceaseless Edge|p1a: Skarmory
|-damage|p1a: Skarmory|44/100
|-damage|p2a: Samurott|84/100|[from] item: Rocky Helmet|[of] p1a: Skarmory
|-sidestart|p1: RNG Savage|Spikes
|move|p1a: Skarmory|Stealth Rock|p2a: Samurott
|-sidestart|p2: notsounderdog|move: Stealth Rock
|
|upkeep
|turn|7
|
|t:|1759075699
|move|p2a: Samurott|Knock Off|p1a: Skarmory
|-damage|p1a: Skarmory|9/100
|-damage|p2a: Samurott|67/100|[from] item: Rocky Helmet|[of] p1a: Skarmory
|-enditem|p1a: Skarmory|Rocky Helmet|[from] move: Knock Off|[of] p2a: Samurott
|move|p1a: Skarmory|Roost|p1a: Skarmory
|-heal|p1a: Skarmory|59/100
|-singleturn|p1a: Skarmory|move: Roost
|
|upkeep
|turn|8
|
|t:|1759075705
|move|p2a: Samurott|Razor Shell|p1a: Skarmory
|-damage|p1a: Skarmory|16/100
|move|p1a: Skarmory|Roost|p1a: Skarmory
|-heal|p1a: Skarmory|66/100
|-singleturn|p1a: Skarmory|move: Roost
|
|upkeep
|turn|9
|
|t:|1759075709
|move|p2a: Samurott|Ceaseless Edge|p1a: Skarmory
|-damage|p1a: Skarmory|28/100
|-sidestart|p1: RNG Savage|Spikes
|move|p1a: Skarmory|Roost|p1a: Skarmory
|-heal|p1a: Skarmory|78/100
|-singleturn|p1a: Skarmory|move: Roost
|
|upkeep
|turn|10
|
|t:|1759075716
|move|p2a: Samurott|Ceaseless Edge|p1a: Skarmory
|-damage|p1a: Skarmory|37/100
|-sidestart|p1: RNG Savage|Spikes
|move|p1a: Skarmory|Spikes|p2a: Samurott
|-sidestart|p2: notsounderdog|Spikes
|
|upkeep
|turn|11
|
|t:|1759075719
|move|p2a: Samurott|Razor Shell|p1a: Skarmory
|-damage|p1a: Skarmory|0 fnt
|faint|p1a: Skarmory
|
|upkeep
|inactive|RNG Savage has 120 seconds left.
|
|t:|1759075762
|switch|p1a: Latias|Latias, F|100/100
|turn|12
|
|t:|1759075769
|move|p1a: Latias|Aura Sphere|p2a: Samurott
|-supereffective|p2a: Samurott
|-damage|p2a: Samurott|13/100
|move|p2a: Samurott|Knock Off|p1a: Latias
|-supereffective|p1a: Latias
|-damage|p1a: Latias|0 fnt
|-enditem|p1a: Latias|Heavy-Duty Boots|[from] move: Knock Off|[of] p2a: Samurott
|faint|p1a: Latias
|
|upkeep
|inactive|RNG Savage has 120 seconds left.
|
|t:|1759075787
|switch|p1a: Dragonite|Dragonite, M|100/100
|turn|13
|
|t:|1759075792
|move|p1a: Dragonite|Extreme Speed|p2a: Samurott
|-damage|p2a: Samurott|0 fnt
|faint|p2a: Samurott
|
|upkeep
|
|t:|1759075799
|switch|p2a: Scizor|Scizor, M|100/100
|-damage|p2a: Scizor|88/100|[from] Stealth Rock
|-damage|p2a: Scizor|76/100|[from] Spikes
|turn|14
|
|t:|1759075807
|move|p2a: Scizor|Knock Off|p1a: Dragonite
|-damage|p1a: Dragonite|81/100
|-enditem|p1a: Dragonite|Heavy-Duty Boots|[from] move: Knock Off|[of] p2a: Scizor
|move|p1a: Dragonite|Dragon Dance|p1a: Dragonite
|-boost|p1a: Dragonite|atk|1
|-boost|p1a: Dragonite|spe|1
|
|upkeep
|turn|15
|
|t:|1759075816
|switch|p2a: Idk|Zamazenta|100/100
|-damage|p2a: Idk|94/100|[from] Stealth Rock
|-damage|p2a: Idk|82/100|[from] Spikes
|-ability|p2a: Idk|Dauntless Shield|boost
|-boost|p2a: Idk|def|1
|move|p1a: Dragonite|Dragon Dance|p1a: Dragonite
|-boost|p1a: Dragonite|atk|1
|-boost|p1a: Dragonite|spe|1
|
|-heal|p2a: Idk|88/100|[from] item: Leftovers
|upkeep
|turn|16
|
|t:|1759075826
|move|p1a: Dragonite|Earthquake|p2a: Idk
|-damage|p2a: Idk|48/100
|move|p2a: Idk|Roar|p1a: Dragonite
|drag|p1a: Cacturne|Cacturne, M|100/100
|-damage|p1a: Cacturne|88/100|[from] Stealth Rock
|-damage|p1a: Cacturne|63/100|[from] Spikes
|
|-heal|p2a: Idk|54/100|[from] item: Leftovers
|upkeep
|turn|17
|
|t:|1759075833
|move|p2a: Idk|Body Press|p1a: Cacturne
|-supereffective|p1a: Cacturne
|-damage|p1a: Cacturne|0 fnt
|faint|p1a: Cacturne
|
|-heal|p2a: Idk|60/100|[from] item: Leftovers
|upkeep
|
|t:|1759075836
|switch|p1a: Latios|Latios, M|100/100
|-damage|p1a: Latios|88/100|[from] Stealth Rock
|turn|18
|
|t:|1759075842
|-terastallize|p2a: Idk|Fire
|move|p2a: Idk|Crunch|p1a: Latios
|-supereffective|p1a: Latios
|-damage|p1a: Latios|29/100
|move|p1a: Latios|Luster Purge|p2a: Idk
|-damage|p2a: Idk|0 fnt
|faint|p2a: Idk
|
|upkeep
|
|t:|1759075849
|switch|p2a: Scizor|Scizor, M|76/100
|-damage|p2a: Scizor|63/100|[from] Stealth Rock
|-damage|p2a: Scizor|51/100|[from] Spikes
|turn|19
|
|t:|1759075856
|switch|p1a: Ursaluna|Ursaluna, M, shiny|52/100
|-damage|p1a: Ursaluna|46/100|[from] Stealth Rock
|-damage|p1a: Ursaluna|21/100|[from] Spikes
|move|p2a: Scizor|Bullet Punch|p1a: Ursaluna
|-damage|p1a: Ursaluna|0 fnt
|faint|p1a: Ursaluna
|
|upkeep
|
|t:|1759075859
|switch|p1a: Dragonite|Dragonite, M|81/100
|-damage|p1a: Dragonite|56/100|[from] Stealth Rock
|turn|20
|
|t:|1759075869
|move|p2a: Scizor|Bullet Punch|p1a: Dragonite
|-damage|p1a: Dragonite|21/100
|move|p1a: Dragonite|Dragon Dance|p1a: Dragonite
|-boost|p1a: Dragonite|atk|1
|-boost|p1a: Dragonite|spe|1
|
|upkeep
|turn|21
|
|t:|1759075873
|move|p1a: Dragonite|Extreme Speed|p2a: Scizor
|-resisted|p2a: Scizor
|-damage|p2a: Scizor|21/100
|move|p2a: Scizor|Bullet Punch|p1a: Dragonite
|-damage|p1a: Dragonite|0 fnt
|faint|p1a: Dragonite
|
|upkeep
|-message|RNG Savage forfeited.
|
|win|notsounderdog
|raw|RNG Savage's rating: 1213 &rarr; <strong>1190</strong><br />(-23 for losing)
|raw|notsounderdog's rating: 1243 &rarr; <strong>1266</strong><br />(+23 for winning)
|l|☆RNG Savage
|player|p1|
|l|☆notsounderdog
|player|p2|
