|j|☆rockdrigox666
|j|☆aceterra01
|t:|1759076177
|gametype|singles
|player|p1|rockdrigox666|169|1268
|player|p2|aceterra01|gambler|1246
|gen|9
|tier|[Gen 9] OU
|rated|
|rule|HP Percentage Mod: HP is shown in percentages
|rule|Endless Battle Clause: Forcing endless battles is banned
|rule|Species Clause: Limit one of each Pokémon
|rule|OHKO Clause: OHKO moves are banned
|rule|Evasion Items Clause: Evasion items are banned
|rule|Evasion Moves Clause: Evasion moves are banned
|rule|Evasion Abilities Clause: Evasion abilities are banned
|rule|Sleep Moves Clause: Sleep-inducing moves are banned
|clearpoke
|poke|p1|Weavile, M|
|poke|p1|Garchomp, M|
|poke|p1|Tyranitar, F|
|poke|p1|Raging Bolt|
|poke|p1|Orthworm, F|
|poke|p1|Dragonite, M|
|poke|p2|Iron Moth|
|poke|p2|Raging Bolt|
|poke|p2|Ogerpon, F|
|poke|p2|Iron Crown|
|poke|p2|Cinderace, M|
|poke|p2|Zamazenta-*|
|teampreview
|inactive|Battle timer is ON: inactive players will automatically lose when time's up. (requested by rockdrigox666)
|inactive|aceterra01 has 120 seconds left.
|
|t:|1759076209
|teamsize|p1|6
|teamsize|p2|6
|start
|switch|p1a: Garchomp|Garchomp, M|100/100
|switch|p2a: Cinderace|Cinderace, M|100/100
|turn|1
|
|t:|1759076215
|move|p2a: Cinderace|High Jump Kick|p1a: Garchomp
|-start|p2a: Cinderace|typechange|Fighting|[from] ability: Libero
|-damage|p1a: Garchomp|39/100
|-damage|p2a: Cinderace|88/100|[from] ability: Rough Skin|[of] p1a: Garchomp
|-damage|p2a: Cinderace|72/100|[from] item: Rocky Helmet|[of] p1a: Garchomp
|move|p1a: Garchomp|Dragon Tail|p2a: Cinderace
|-damage|p2a: Cinderace|38/100
|drag|p2a: Ogerpon|Ogerpon, F|100/100
|
|upkeep
|turn|2
|
|t:|1759076227
|-terastallize|p2a: Ogerpon|Grass
|detailschange|p2a: Ogerpon|Ogerpon-Teal-Tera, F, tera:Grass
|-ability|p2a: Ogerpon|Embody Aspect (Teal)|boost
|-boost|p2a: Ogerpon|spe|1
|move|p2a: Ogerpon|Ivy Cudgel|p1a: Garchomp
|-damage|p1a: Garchomp|0 fnt
|faint|p1a: Garchomp
|
|upkeep
|
|t:|1759076238
|switch|p1a: Dragonite|Dragonite, M|100/100
|turn|3
|
|t:|1759076244
|switch|p2a: Iron Crown|Iron Crown|100/100
|-enditem|p2a: Iron Crown|Booster Energy
|-activate|p2a: Iron Crown|ability: Quark Drive|[fromitem]
|-start|p2a: Iron Crown|quarkdrivespe
|move|p1a: Dragonite|Dragon Dance|p1a: Dragonite
|-boost|p1a: Dragonite|atk|1
|-boost|p1a: Dragonite|spe|1
|
|upkeep
|turn|4
|
|t:|1759076254
|move|p2a: Iron Crown|Tachyon Cutter|p1a: Dragonite
|-damage|p1a: Dragonite|76/100
|-damage|p1a: Dragonite|49/100
|-hitcount|p1a: Dragonite|2
|move|p1a: Dragonite|Earthquake|p2a: Iron Crown
|-supereffective|p2a: Iron Crown
|-damage|p2a: Iron Crown|0 fnt
|faint|p2a: Iron Crown
|-end|p2a: Iron Crown|Quark Drive|[silent]
|
|upkeep
|
|t:|1759076262
|switch|p2a: Iron Moth|Iron Moth|100/100
|-enditem|p2a: Iron Moth|Booster Energy
|-activate|p2a: Iron Moth|ability: Quark Drive|[fromitem]
|-start|p2a: Iron Moth|quarkdrivespe
|turn|5
|
|t:|1759076267
|move|p2a: Iron Moth|Sludge Wave|p1a: Dragonite
|-damage|p1a: Dragonite|0 fnt
|faint|p1a: Dragonite
|
|upkeep
|
|t:|1759076271
|switch|p1a: Tyranitar|Tyranitar, F|100/100
|-weather|Sandstorm|[from] ability: Sand Stream|[of] p1a: Tyranitar
|turn|6
|
|t:|1759076273
|move|p2a: Iron Moth|Energy Ball|p1a: Tyranitar
|-supereffective|p1a: Tyranitar
|-damage|p1a: Tyranitar|77/100
|move|p1a: Tyranitar|Stone Edge|p2a: Iron Moth
|-supereffective|p2a: Iron Moth
|-damage|p2a: Iron Moth|0 fnt
|faint|p2a: Iron Moth
|-end|p2a: Iron Moth|Quark Drive|[silent]
|
|-weather|Sandstorm|[upkeep]
|upkeep
|
|t:|1759076277
|switch|p2a: Cinderace|Cinderace, M|38/100
|turn|7
|
|t:|1759076290
|move|p2a: Cinderace|High Jump Kick|p1a: Tyranitar
|-start|p2a: Cinderace|typechange|Fighting|[from] ability: Libero
|-supereffective|p1a: Tyranitar
|-damage|p1a: Tyranitar|0 fnt
|faint|p1a: Tyranitar
|
|-weather|Sandstorm|[upkeep]
|-damage|p2a: Cinderace|32/100|[from] Sandstorm
|upkeep
|
|t:|1759076295
|switch|p1a: Raging Bolt|Raging Bolt|100/100
|-enditem|p1a: Raging Bolt|Booster Energy
|-activate|p1a: Raging Bolt|ability: Protosynthesis|[fromitem]
|-start|p1a: Raging Bolt|protosynthesisspa
|turn|8
|
|t:|1759076297
|move|p1a: Raging Bolt|Thunderclap|p2a: Cinderace
|-damage|p2a: Cinderace|0 fnt
|faint|p2a: Cinderace
|
|-weather|Sandstorm|[upkeep]
|-damage|p1a: Raging Bolt|94/100|[from] Sandstorm
|upkeep
|
|t:|1759076300
|switch|p2a: Raging Bolt|Raging Bolt|100/100
|-enditem|p2a: Raging Bolt|Booster Energy
|-activate|p2a: Raging Bolt|ability: Protosynthesis|[fromitem]
|-start|p2a: Raging Bolt|protosynthesisspa
|turn|9
|
|t:|1759076310
|move|p2a: Raging Bolt|Dragon Pulse|p1a: Raging Bolt
|-supereffective|p1a: Raging Bolt
|-damage|p1a: Raging Bolt|0 fnt
|faint|p1a: Raging Bolt
|-end|p1a: Raging Bolt|Protosynthesis|[silent]
|
|-weather|Sandstorm|[upkeep]
|-damage|p2a: Raging Bolt|94/100|[from] Sandstorm
|upkeep
|
|t:|1759076316
|switch|p1a: Weavile|Weavile, M|100/100
|turn|10
|
|t:|1759076335
|move|p1a: Weavile|Icicle Spear|p2a: Raging Bolt
|-supereffective|p2a: Raging Bolt
|-damage|p2a: Raging Bolt|66/100
|-supereffective|p2a: Raging Bolt
|-damage|p2a: Raging Bolt|37/100
|-supereffective|p2a: Raging Bolt
|-damage|p2a: Raging Bolt|5/100
|-supereffective|p2a: Raging Bolt
|-damage|p2a: Raging Bolt|0 fnt
|faint|p2a: Raging Bolt
|-end|p2a: Raging Bolt|Protosynthesis|[silent]
|-hitcount|p2: Raging Bolt|4
|-damage|p1a: Weavile|91/100|[from] item: Life Orb
|
|-weather|none
|upkeep
|
|t:|1759076337
|switch|p2a: Ogerpon|Ogerpon-Teal-Tera, F, tera:Grass|100/100
|-ability|p2a: Ogerpon|Embody Aspect (Teal)|boost
|-boost|p2a: Ogerpon|spe|1
|turn|11
|
|t:|1759076350
|move|p2a: Ogerpon|Ivy Cudgel|p1a: Weavile
|-damage|p1a: Weavile|0 fnt
|faint|p1a: Weavile
|
|upkeep
|
|t:|1759076353
|switch|p1a: Orthworm|Orthworm, F|100/100
|turn|12
|
|t:|1759076356
|-terastallize|p1a: Orthworm|Electric
|move|p2a: Ogerpon|Ivy Cudgel|p1a: Orthworm
|-damage|p1a: Orthworm|35/100
|move|p1a: Orthworm|Iron Defense|p1a: Orthworm
|-boost|p1a: Orthworm|def|2
|
|-heal|p1a: Orthworm|41/100|[from] item: Leftovers
|upkeep
|turn|13
|
|t:|1759076361
|move|p2a: Ogerpon|Ivy Cudgel|p1a: Orthworm
|-damage|p1a: Orthworm|5/100
|move|p1a: Orthworm|Rest|p1a: Orthworm
|-status|p1a: Orthworm|slp|[from] move: Rest
|-heal|p1a: Orthworm|100/100 slp|[silent]
|
|upkeep
|turn|14
|
|t:|1759076366
|switch|p2a: Zamazenta|Zamazenta|100/100
|-ability|p2a: Zamazenta|Dauntless Shield|boost
|-boost|p2a: Zamazenta|def|1
|cant|p1a: Orthworm|slp
|
|upkeep
|turn|15
|
|t:|1759076369
|move|p2a: Zamazenta|Iron Defense|p2a: Zamazenta
|-boost|p2a: Zamazenta|def|2
|cant|p1a: Orthworm|slp
|
|upkeep
|turn|16
|
|t:|1759076373
|move|p2a: Zamazenta|Substitute|p2a: Zamazenta
|-start|p2a: Zamazenta|Substitute
|-damage|p2a: Zamazenta|76/100
|-curestatus|p1a: Orthworm|slp|[msg]
|move|p1a: Orthworm|Iron Defense|p1a: Orthworm
|-boost|p1a: Orthworm|def|2
|
|-heal|p2a: Zamazenta|82/100|[from] item: Leftovers
|upkeep
|turn|17
|
|t:|1759076377
|move|p2a: Zamazenta|Iron Defense|p2a: Zamazenta
|-boost|p2a: Zamazenta|def|2
|move|p1a: Orthworm|Iron Defense|p1a: Orthworm
|-boost|p1a: Orthworm|def|2
|
|-heal|p2a: Zamazenta|88/100|[from] item: Leftovers
|upkeep
|turn|18
|
|t:|1759076379
|move|p2a: Zamazenta|Iron Defense|p2a: Zamazenta
|-boost|p2a: Zamazenta|def|1
|move|p1a: Orthworm|Body Press|p2a: Zamazenta
|-crit|p2a: Zamazenta
|-end|p2a: Zamazenta|Substitute
|
|-heal|p2a: Zamazenta|94/100|[from] item: Leftovers
|upkeep
|turn|19
|
|t:|1759076382
|move|p2a: Zamazenta|Substitute|p2a: Zamazenta
|-start|p2a: Zamazenta|Substitute
|-damage|p2a: Zamazenta|69/100
|move|p1a: Orthworm|Body Press|p2a: Zamazenta
|-activate|p2a: Zamazenta|move: Substitute|[damage]
|
|-heal|p2a: Zamazenta|75/100|[from] item: Leftovers
|upkeep
|turn|20
|
|t:|1759076385
|move|p2a: Zamazenta|Body Press|p1a: Orthworm
|-damage|p1a: Orthworm|73/100
|move|p1a: Orthworm|Body Press|p2a: Zamazenta
|-end|p2a: Zamazenta|Substitute
|
|-heal|p2a: Zamazenta|81/100|[from] item: Leftovers
|-heal|p1a: Orthworm|80/100|[from] item: Leftovers
|upkeep
|turn|21
|
|t:|1759076390
|move|p2a: Zamazenta|Body Press|p1a: Orthworm
|-damage|p1a: Orthworm|54/100
|move|p1a: Orthworm|Body Press|p2a: Zamazenta
|-crit|p2a: Zamazenta
|-damage|p2a: Zamazenta|0 fnt
|faint|p2a: Zamazenta
|
|-heal|p1a: Orthworm|60/100|[from] item: Leftovers
|upkeep
|-message|aceterra01 forfeited.
|
|win|rockdrigox666
|raw|rockdrigox666's rating: 1268 &rarr; <strong>1291</strong><br />(+23 for winning)
|raw|aceterra01's rating: 1246 &rarr; <strong>1223</strong><br />(-23 for losing)
|l|☆aceterra01
|player|p2|
|l|☆rockdrigox666
|player|p1|
