|badge|p1|bronze|gen9randombattle|100-6
|uhtml|medal-msg|<div class="broadcast-blue">Curious what those medals under the avatar are? PS now has Ladder Seasons! For more information, check out the <a href="https://www.smogon.com/forums/threads/3740067/">thread on Smogon.</a></div>
|badge|p2|silver|gen9ou|30-6
|html|<div class="broadcast-red"><strong>This battle is required to be public due to one or more player having a season medal.</strong><br />During the public phase, you can discuss the state of the ladder <a href="/seasondiscussion">in a special chatroom.</a></div>
|uhtml|medal-msg|<div class="broadcast-blue">Curious what those medals under the avatar are? PS now has Ladder Seasons! For more information, check out the <a href="https://www.smogon.com/forums/threads/3740067/">thread on Smogon.</a></div>
|raw|<div class="broadcast-blue"><strong>This battle is required to be public due to a player having a name starting with 'medal'.</div>
|j|☆Playing Foul
|j|☆ShinyLucarioXD
|t:|1759060865
|gametype|singles
|player|p1|Playing Foul|ethan-gen2|1678
|player|p2|ShinyLucarioXD|riley|1943
|gen|9
|tier|[Gen 9] OU
|rated|
|rule|HP Percentage Mod: HP is shown in percentages
|rule|Endless Battle Clause: Forcing endless battles is banned
|rule|Species Clause: Limit one of each Pokémon
|rule|OHKO Clause: OHKO moves are banned
|rule|Evasion Items Clause: Evasion items are banned
|rule|Evasion Moves Clause: Evasion moves are banned
|rule|Evasion Abilities Clause: Evasion abilities are banned
|rule|Sleep Moves Clause: Sleep-inducing moves are banned
|clearpoke
|poke|p1|Skarmory, M|
|poke|p1|Ting-Lu|
|poke|p1|Zamazenta-*|
|poke|p1|Weavile, F|
|poke|p1|Kyurem|
|poke|p1|Slowking-Galar, M|
|poke|p2|Raging Bolt|
|poke|p2|Samurott-Hisui, F|
|poke|p2|Dragonite, F|
|poke|p2|Gholdengo|
|poke|p2|Great Tusk|
|poke|p2|Enamorus, F|
|teampreview
|inactive|Battle timer is ON: inactive players will automatically lose when time's up. (requested by ShinyLucarioXD)
|j| wgw2333
|inactive|Playing Foul also wants the timer to be on.
|
|t:|1759060894
|teamsize|p1|6
|teamsize|p2|6
|start
|switch|p1a: Weavile|Weavile, F|100/100
|switch|p2a: Gholdengo|Gholdengo|100/100
|turn|1
|
|t:|1759060901
|move|p2a: Gholdengo|Make It Rain|p1a: Weavile
|-supereffective|p1a: Weavile
|-damage|p1a: Weavile|0 fnt
|-unboost|p2a: Gholdengo|spa|1
|faint|p1a: Weavile
|
|upkeep
|
|t:|1759060909
|switch|p1a: Skarmory|Skarmory, M|100/100
|turn|2
|
|t:|1759060916
|switch|p2a: Great Tusk|Great Tusk|100/100
|move|p1a: Skarmory|Stealth Rock|p2a: Great Tusk
|-sidestart|p2: ShinyLucarioXD|move: Stealth Rock
|
|upkeep
|turn|3
|
|t:|1759060924
|move|p2a: Great Tusk|Rapid Spin|p1a: Skarmory
|-resisted|p1a: Skarmory
|-damage|p1a: Skarmory|96/100
|-boost|p2a: Great Tusk|spe|1
|-damage|p2a: Great Tusk|84/100|[from] item: Rocky Helmet|[of] p1a: Skarmory
|-sideend|p2: ShinyLucarioXD|Stealth Rock|[from] move: Rapid Spin|[of] p2a: Great Tusk
|move|p1a: Skarmory|Brave Bird|p2a: Great Tusk
|-supereffective|p2a: Great Tusk
|-damage|p2a: Great Tusk|49/100
|-damage|p1a: Skarmory|81/100|[from] Recoil
|
|-heal|p2a: Great Tusk|55/100|[from] item: Leftovers
|upkeep
|turn|4
|
|t:|1759060932
|move|p2a: Great Tusk|Knock Off|p1a: Skarmory
|-damage|p1a: Skarmory|66/100
|-damage|p2a: Great Tusk|39/100|[from] item: Rocky Helmet|[of] p1a: Skarmory
|-enditem|p1a: Skarmory|Rocky Helmet|[from] move: Knock Off|[of] p2a: Great Tusk
|move|p1a: Skarmory|Stealth Rock|p2a: Great Tusk
|-sidestart|p2: ShinyLucarioXD|move: Stealth Rock
|
|-heal|p2a: Great Tusk|45/100|[from] item: Leftovers
|upkeep
|turn|5
|
|t:|1759060940
|move|p2a: Great Tusk|Rapid Spin|p1a: Skarmory
|-resisted|p1a: Skarmory
|-damage|p1a: Skarmory|61/100
|-boost|p2a: Great Tusk|spe|1
|-sideend|p2: ShinyLucarioXD|Stealth Rock|[from] move: Rapid Spin|[of] p2a: Great Tusk
|move|p1a: Skarmory|Brave Bird|p2a: Great Tusk
|-supereffective|p2a: Great Tusk
|-damage|p2a: Great Tusk|13/100
|-damage|p1a: Skarmory|47/100|[from] Recoil
|
|-heal|p2a: Great Tusk|19/100|[from] item: Leftovers
|upkeep
|turn|6
|
|t:|1759060947
|move|p2a: Great Tusk|Stealth Rock|p1a: Skarmory
|-sidestart|p1: Playing Foul|move: Stealth Rock
|move|p1a: Skarmory|Roost|p1a: Skarmory
|-heal|p1a: Skarmory|97/100
|-singleturn|p1a: Skarmory|move: Roost
|
|-heal|p2a: Great Tusk|25/100|[from] item: Leftovers
|upkeep
|turn|7
|
|t:|1759060951
|move|p2a: Great Tusk|Body Press|p1a: Skarmory
|-damage|p1a: Skarmory|72/100
|move|p1a: Skarmory|Stealth Rock|p2a: Great Tusk
|-sidestart|p2: ShinyLucarioXD|move: Stealth Rock
|
|-heal|p2a: Great Tusk|31/100|[from] item: Leftovers
|upkeep
|turn|8
|
|t:|1759060955
|move|p2a: Great Tusk|Rapid Spin|p1a: Skarmory
|-resisted|p1a: Skarmory
|-damage|p1a: Skarmory|68/100
|-boost|p2a: Great Tusk|spe|1
|-sideend|p2: ShinyLucarioXD|Stealth Rock|[from] move: Rapid Spin|[of] p2a: Great Tusk
|move|p1a: Skarmory|Brave Bird|p2a: Great Tusk
|-supereffective|p2a: Great Tusk
|-crit|p2a: Great Tusk
|-damage|p2a: Great Tusk|0 fnt
|faint|p2a: Great Tusk
|-end|p2a: Great Tusk|Protosynthesis|[silent]
|-damage|p1a: Skarmory|55/100|[from] Recoil
|
|upkeep
|
|t:|1759060961
|switch|p2a: Gholdengo|Gholdengo|100/100
|turn|9
|
|t:|1759060969
|switch|p1a: Ting-Lu|Ting-Lu|100/100
|-ability|p1a: Ting-Lu|Vessel of Ruin
|move|p2a: Gholdengo|Focus Blast|p1a: Ting-Lu|[miss]
|-miss|p2a: Gholdengo|p1a: Ting-Lu
|
|upkeep
|turn|10
|
|t:|1759060976
|switch|p2a: Samurott|Samurott-Hisui, F, shiny|100/100
|move|p1a: Ting-Lu|Ruination|p2a: Samurott
|-damage|p2a: Samurott|51/100
|
|upkeep
|turn|11
|
|t:|1759060984
|switch|p1a: Zamazenta|Zamazenta|100/100
|-ability|p1a: Zamazenta|Dauntless Shield|boost
|-boost|p1a: Zamazenta|def|1
|move|p2a: Samurott|Ceaseless Edge|p1a: Zamazenta
|-resisted|p1a: Zamazenta
|-damage|p1a: Zamazenta|89/100
|-sidestart|p1: Playing Foul|Spikes
|
|upkeep
|turn|12
|
|t:|1759060992
|switch|p2a: Gholdengo|Gholdengo|100/100
|move|p1a: Zamazenta|Crunch|p2a: Gholdengo
|-supereffective|p2a: Gholdengo
|-damage|p2a: Gholdengo|33/100
|
|upkeep
|turn|13
|
|t:|1759061006
|move|p2a: Gholdengo|Make It Rain|p1a: Zamazenta
|-damage|p1a: Zamazenta|28/100
|-unboost|p2a: Gholdengo|spa|1
|move|p1a: Zamazenta|Crunch|p2a: Gholdengo
|-supereffective|p2a: Gholdengo
|-damage|p2a: Gholdengo|0 fnt
|faint|p2a: Gholdengo
|
|upkeep
|
|t:|1759061011
|switch|p2a: Raging Bolt|Raging Bolt|100/100
|-enditem|p2a: Raging Bolt|Booster Energy
|-activate|p2a: Raging Bolt|ability: Protosynthesis|[fromitem]
|-start|p2a: Raging Bolt|protosynthesisspa
|turn|14
|
|t:|1759061018
|switch|p1a: Ting-Lu|Ting-Lu|100/100
|-ability|p1a: Ting-Lu|Vessel of Ruin
|move|p2a: Raging Bolt|Dragon Pulse|p1a: Ting-Lu
|-damage|p1a: Ting-Lu|73/100
|
|upkeep
|turn|15
|
|t:|1759061026
|move|p2a: Raging Bolt|Dragon Pulse|p1a: Ting-Lu
|-damage|p1a: Ting-Lu|46/100
|move|p1a: Ting-Lu|Ruination|p2a: Raging Bolt|[miss]
|-miss|p1a: Ting-Lu|p2a: Raging Bolt
|
|upkeep
|turn|16
|
|t:|1759061034
|move|p2a: Raging Bolt|Dragon Pulse|p1a: Ting-Lu
|-damage|p1a: Ting-Lu|17/100
|move|p1a: Ting-Lu|Ruination|p2a: Raging Bolt
|-damage|p2a: Raging Bolt|51/100
|
|upkeep
|turn|17
|
|t:|1759061042
|move|p2a: Raging Bolt|Dragon Pulse|p1a: Ting-Lu
|-damage|p1a: Ting-Lu|0 fnt
|faint|p1a: Ting-Lu
|
|upkeep
|
|t:|1759061049
|switch|p1a: Kyurem|Kyurem|100/100
|-ability|p1a: Kyurem|Pressure
|turn|18
|
|t:|1759061057
|move|p1a: Kyurem|Ice Beam|p2a: Raging Bolt
|-supereffective|p2a: Raging Bolt
|-damage|p2a: Raging Bolt|0 fnt
|faint|p2a: Raging Bolt
|-end|p2a: Raging Bolt|Protosynthesis|[silent]
|
|upkeep
|
|t:|1759061064
|switch|p2a: Enamorus|Enamorus, F|100/100
|turn|19
|
|t:|1759061072
|-terastallize|p1a: Kyurem|Fairy
|move|p2a: Enamorus|Moonblast|p1a: Kyurem
|-damage|p1a: Kyurem|54/100
|-unboost|p1a: Kyurem|spa|1
|move|p1a: Kyurem|Ice Beam|p2a: Enamorus
|-supereffective|p2a: Enamorus
|-damage|p2a: Enamorus|4/100
|
|-heal|p2a: Enamorus|11/100|[from] item: Leftovers
|upkeep
|turn|20
|
|t:|1759061083
|switch|p1a: Slowking|Slowking-Galar, M|100/100
|move|p2a: Enamorus|Moonblast|p1a: Slowking
|-resisted|p1a: Slowking
|-damage|p1a: Slowking|85/100
|-unboost|p1a: Slowking|spa|1
|
|-heal|p2a: Enamorus|17/100|[from] item: Leftovers
|upkeep
|turn|21
|
|t:|1759061091
|move|p2a: Enamorus|Earth Power|p1a: Slowking
|-supereffective|p1a: Slowking
|-damage|p1a: Slowking|44/100
|move|p1a: Slowking|Sludge Bomb|p2a: Enamorus
|-supereffective|p2a: Enamorus
|-damage|p2a: Enamorus|0 fnt
|faint|p2a: Enamorus
|
|upkeep
|
|t:|1759061102
|switch|p2a: Dragonite|Dragonite, F, shiny|100/100
|turn|22
|
|t:|1759061109
|switch|p1a: Skarmory|Skarmory, M|55/100
|-damage|p1a: Skarmory|43/100|[from] Stealth Rock
|-terastallize|p2a: Dragonite|Normal
|move|p2a: Dragonite|Dragon Dance|p2a: Dragonite
|-boost|p2a: Dragonite|atk|1
|-boost|p2a: Dragonite|spe|1
|
|upkeep
|turn|23
|
|t:|1759061117
|move|p2a: Dragonite|Ice Spinner|p1a: Skarmory
|-damage|p1a: Skarmory|15/100
|move|p1a: Skarmory|Roost|p1a: Skarmory
|-heal|p1a: Skarmory|65/100
|-singleturn|p1a: Skarmory|move: Roost
|
|upkeep
|turn|24
|
|t:|1759061125
|move|p2a: Dragonite|Ice Spinner|p1a: Skarmory
|-damage|p1a: Skarmory|40/100
|move|p1a: Skarmory|Roost|p1a: Skarmory
|-heal|p1a: Skarmory|90/100
|-singleturn|p1a: Skarmory|move: Roost
|
|upkeep
|turn|25
|
|t:|1759061133
|move|p2a: Dragonite|Ice Spinner|p1a: Skarmory
|-damage|p1a: Skarmory|62/100
|move|p1a: Skarmory|Brave Bird|p2a: Dragonite
|-damage|p2a: Dragonite|83/100
|-damage|p1a: Skarmory|56/100|[from] Recoil
|
|upkeep
|turn|26
|
|t:|1759061142
|move|p2a: Dragonite|Ice Spinner|p1a: Skarmory
|-damage|p1a: Skarmory|27/100
|move|p1a: Skarmory|Roost|p1a: Skarmory
|-heal|p1a: Skarmory|77/100
|-singleturn|p1a: Skarmory|move: Roost
|
|upkeep
|turn|27
|
|t:|1759061150
|move|p2a: Dragonite|Ice Spinner|p1a: Skarmory
|-damage|p1a: Skarmory|51/100
|move|p1a: Skarmory|Roost|p1a: Skarmory
|-heal|p1a: Skarmory|100/100
|-singleturn|p1a: Skarmory|move: Roost
|
|upkeep
|turn|28
|
|t:|1759061158
|move|p2a: Dragonite|Ice Spinner|p1a: Skarmory
|-damage|p1a: Skarmory|71/100
|move|p1a: Skarmory|Brave Bird|p2a: Dragonite
|-damage|p2a: Dragonite|50/100
|-damage|p1a: Skarmory|59/100|[from] Recoil
|
|upkeep
|turn|29
|
|t:|1759061165
|move|p2a: Dragonite|Roost|p2a: Dragonite
|-heal|p2a: Dragonite|100/100
|move|p1a: Skarmory|Whirlwind|p2a: Dragonite
|drag|p2a: Samurott|Samurott-Hisui, F, shiny|51/100
|
|upkeep
|turn|30
|
|t:|1759061176
|move|p2a: Samurott|Razor Shell|p1a: Skarmory
|-damage|p1a: Skarmory|33/100
|-unboost|p1a: Skarmory|def|1
|move|p1a: Skarmory|Roost|p1a: Skarmory
|-heal|p1a: Skarmory|83/100
|-singleturn|p1a: Skarmory|move: Roost
|
|upkeep
|turn|31
|
|t:|1759061184
|move|p2a: Samurott|Razor Shell|p1a: Skarmory
|-damage|p1a: Skarmory|44/100
|-unboost|p1a: Skarmory|def|1
|move|p1a: Skarmory|Roost|p1a: Skarmory
|-heal|p1a: Skarmory|94/100
|-singleturn|p1a: Skarmory|move: Roost
|
|upkeep
|turn|32
|
|t:|1759061191
|move|p2a: Samurott|Ceaseless Edge|p1a: Skarmory
|-damage|p1a: Skarmory|51/100
|-sidestart|p1: Playing Foul|Spikes
|move|p1a: Skarmory|Brave Bird|p2a: Samurott
|-damage|p2a: Samurott|14/100
|-damage|p1a: Skarmory|37/100|[from] Recoil
|
|upkeep
|turn|33
|
|t:|1759061206
|move|p2a: Samurott|Ceaseless Edge|p1a: Skarmory
|-damage|p1a: Skarmory|0 fnt
|-sidestart|p1: Playing Foul|Spikes
|faint|p1a: Skarmory
|
|upkeep
|
|t:|1759061212
|switch|p1a: Zamazenta|Zamazenta|28/100
|turn|34
|
|t:|1759061220
|move|p2a: Samurott|Sucker Punch|p1a: Zamazenta
|-resisted|p1a: Zamazenta
|-damage|p1a: Zamazenta|16/100
|move|p1a: Zamazenta|Heavy Slam|p2a: Samurott
|-resisted|p2a: Samurott
|-damage|p2a: Samurott|0 fnt
|faint|p2a: Samurott
|
|upkeep
|
|t:|1759061222
|switch|p2a: Dragonite|Dragonite, F, shiny, tera:Normal|100/100
|turn|35
|
|t:|1759061225
|move|p2a: Dragonite|Extreme Speed|p1a: Zamazenta
|-damage|p1a: Zamazenta|0 fnt
|faint|p1a: Zamazenta
|
|upkeep
|
|t:|1759061229
|switch|p1a: Kyurem|Kyurem, tera:Fairy|54/100
|-ability|p1a: Kyurem|Pressure
|turn|36
|
|t:|1759061245
|move|p2a: Dragonite|Extreme Speed|p1a: Kyurem
|-damage|p1a: Kyurem|5/100
|move|p1a: Kyurem|Freeze-Dry|p2a: Dragonite
|-damage|p2a: Dragonite|83/100
|
|upkeep
|turn|37
|j| cryyysneasel
|
|t:|1759061249
|switch|p1a: Slowking|Slowking-Galar, M|77/100
|move|p2a: Dragonite|Extreme Speed|p1a: Slowking
|-damage|p1a: Slowking|18/100
|
|upkeep
|turn|38
|
|t:|1759061253
|move|p2a: Dragonite|Extreme Speed|p1a: Slowking
|-damage|p1a: Slowking|0 fnt
|faint|p1a: Slowking
|
|upkeep
|
|t:|1759061255
|switch|p1a: Kyurem|Kyurem, tera:Fairy|5/100
|-ability|p1a: Kyurem|Pressure
|turn|39
|
|t:|1759061258
|move|p2a: Dragonite|Extreme Speed|p1a: Kyurem
|-damage|p1a: Kyurem|0 fnt
|faint|p1a: Kyurem
|
|win|ShinyLucarioXD
|raw|Playing Foul's rating: 1678 &rarr; <strong>1671</strong><br />(-7 for losing)
|raw|ShinyLucarioXD's rating: 1943 &rarr; <strong>1950</strong><br />(+7 for winning)
|l|☆Playing Foul
|player|p1|
