|j|☆RiaSingh2121
|j|☆refbfbfbfdbfdb
|t:|1758968053
|gametype|singles
|player|p1|RiaSingh2121|266|1178
|player|p2|refbfbfbfdbfdb|102|1210
|gen|9
|tier|[Gen 9] OU
|rated|
|rule|HP Percentage Mod: HP is shown in percentages
|rule|Endless Battle Clause: Forcing endless battles is banned
|rule|Species Clause: Limit one of each Pokémon
|rule|OHKO Clause: OHKO moves are banned
|rule|Evasion Items Clause: Evasion items are banned
|rule|Evasion Moves Clause: Evasion moves are banned
|rule|Evasion Abilities Clause: Evasion abilities are banned
|rule|Sleep Moves Clause: Sleep-inducing moves are banned
|clearpoke
|poke|p1|Hatterene, F|
|poke|p1|Torkoal, F|
|poke|p1|Corviknight, F|
|poke|p1|Hattrem, F|
|poke|p1|Iron Hands|
|poke|p1|Ursaluna, F|
|poke|p2|Breloom, M|
|poke|p2|Gliscor, F|
|poke|p2|Garganacl, M|
|poke|p2|Kingambit, M|
|poke|p2|Hatterene, F|
|poke|p2|Ogerpon-Wellspring, F|
|teampreview
|
|t:|1758968067
|teamsize|p1|6
|teamsize|p2|6
|start
|switch|p1a: Hattrem|Hattrem, F|100/100
|switch|p2a: Gliscor|Gliscor, F|100/100
|turn|1
|inactive|Battle timer is ON: inactive players will automatically lose when time's up. (requested by refbfbfbfdbfdb)
|
|t:|1758968083
|move|p2a: Gliscor|Swords Dance|p2a: Gliscor
|-boost|p2a: Gliscor|atk|2
|move|p1a: Hattrem|Trick Room|p1a: Hattrem
|-fieldstart|move: Trick Room|[of] p1a: Hattrem
|
|-status|p2a: Gliscor|tox|[from] item: Toxic Orb
|upkeep
|turn|2
|
|t:|1758968091
|move|p1a: Hattrem|Light Screen|p1a: Hattrem
|-sidestart|p1: RiaSingh2121|move: Light Screen
|move|p2a: Gliscor|Earthquake|p1a: Hattrem
|-enditem|p1a: Hattrem|Focus Sash
|-damage|p1a: Hattrem|1/100
|
|upkeep
|turn|3
|
|t:|1758968098
|move|p1a: Hattrem|Healing Wish|p1a: Hattrem
|faint|p1a: Hattrem
|move|p2a: Gliscor|Earthquake|p1: Hattrem|[notarget]
|-fail|p2a: Gliscor
|
|upkeep
|
|t:|1758968103
|switch|p1a: Torkoal|Torkoal, F|100/100
|-weather|SunnyDay|[from] ability: Drought|[of] p1a: Torkoal
|turn|4
|
|t:|1758968109
|move|p1a: Torkoal|Eruption|p2a: Gliscor
|-damage|p2a: Gliscor|0 fnt
|faint|p2a: Gliscor
|
|-weather|SunnyDay|[upkeep]
|upkeep
|
|t:|1758968114
|switch|p2a: Ogerpon|Ogerpon-Wellspring, F|100/100
|turn|5
|
|t:|1758968124
|-terastallize|p2a: Ogerpon|Water
|detailschange|p2a: Ogerpon|Ogerpon-Wellspring-Tera, F, tera:Water
|-ability|p2a: Ogerpon|Embody Aspect (Wellspring)|boost
|-boost|p2a: Ogerpon|spd|1
|move|p1a: Torkoal|Eruption|p2a: Ogerpon
|-resisted|p2a: Ogerpon
|-crit|p2a: Ogerpon
|-damage|p2a: Ogerpon|19/100
|move|p2a: Ogerpon|Ivy Cudgel|p1a: Torkoal|[anim] Ivy Cudgel Water
|-supereffective|p1a: Torkoal
|-damage|p1a: Torkoal|46/100
|
|-weather|SunnyDay|[upkeep]
|-fieldend|move: Trick Room
|upkeep
|turn|6
|
|t:|1758968145
|switch|p1a: Corviknight|Corviknight, F|100/100
|move|p2a: Ogerpon|Ivy Cudgel|p1a: Corviknight|[anim] Ivy Cudgel Water
|-damage|p1a: Corviknight|78/100
|
|-weather|SunnyDay|[upkeep]
|-sideend|p1: RiaSingh2121|move: Light Screen
|upkeep
|turn|7
|inactive|refbfbfbfdbfdb has 120 seconds left.
|-message|refbfbfbfdbfdb forfeited.
|
|win|RiaSingh2121
|raw|RiaSingh2121's rating: 1178 &rarr; <strong>1205</strong><br />(+27 for winning)
|raw|refbfbfbfdbfdb's rating: 1210 &rarr; <strong>1183</strong><br />(-27 for losing)
|l|☆refbfbfbfdbfdb
|player|p2|
|l|☆RiaSingh2121
|player|p1|
