|j|☆Red Icigool
|j|☆zonix14
|t:|1759064834
|gametype|singles
|player|p1|Red Icigool|swimmerf-gen4|1313
|player|p2|zonix14|170|1359
|gen|9
|tier|[Gen 9] OU
|rated|
|rule|HP Percentage Mod: HP is shown in percentages
|rule|Endless Battle Clause: Forcing endless battles is banned
|rule|Species Clause: Limit one of each Pokémon
|rule|OHKO Clause: OHKO moves are banned
|rule|Evasion Items Clause: Evasion items are banned
|rule|Evasion Moves Clause: Evasion moves are banned
|rule|Evasion Abilities Clause: Evasion abilities are banned
|rule|Sleep Moves Clause: Sleep-inducing moves are banned
|clearpoke
|poke|p1|Forretress, F|
|poke|p1|Scizor, M|
|poke|p1|Kleavor, M|
|poke|p1|Yanmega, F|
|poke|p1|Araquanid, F|
|poke|p1|Vikavolt, M|
|poke|p2|Masquerain, M|
|poke|p2|Cinderace, M|
|poke|p2|Serperior, M|
|poke|p2|Gholdengo|
|poke|p2|Iron Moth|
|poke|p2|Hawlucha, F|
|teampreview
|inactive|Battle timer is ON: inactive players will automatically lose when time's up. (requested by zonix14)
|
|t:|1759064848
|teamsize|p1|6
|teamsize|p2|6
|start
|switch|p1a: Kleavor|Kleavor, M|100/100
|switch|p2a: Masquerain|Masquerain, M|100/100
|-ability|p2a: Masquerain|Intimidate|boost
|-unboost|p1a: Kleavor|atk|1
|turn|1
|
|t:|1759064852
|move|p1a: Kleavor|Stone Axe|p2a: Masquerain
|-supereffective|p2a: Masquerain
|-enditem|p2a: Masquerain|Focus Sash
|-damage|p2a: Masquerain|1/100
|-sidestart|p2: zonix14|move: Stealth Rock
|move|p2a: Masquerain|Sticky Web|p1a: Kleavor
|-sidestart|p1: Red Icigool|move: Sticky Web
|
|upkeep
|turn|2
|
|t:|1759064863
|move|p1a: Kleavor|Stone Axe|p2a: Masquerain|[miss]
|-miss|p1a: Kleavor|p2a: Masquerain
|move|p2a: Masquerain|Surf|p1a: Kleavor
|-supereffective|p1a: Kleavor
|-damage|p1a: Kleavor|21/100
|
|upkeep
|turn|3
|
|t:|1759064868
|switch|p1a: Araquanid|Araquanid, F|100/100
|-activate|p1a: Araquanid|move: Sticky Web
|-unboost|p1a: Araquanid|spe|1
|move|p2a: Masquerain|Surf|p1a: Araquanid
|-resisted|p1a: Araquanid
|-damage|p1a: Araquanid|91/100
|
|upkeep
|turn|4
|
|t:|1759064871
|move|p2a: Masquerain|Bug Buzz|p1a: Araquanid
|-damage|p1a: Araquanid|66/100
|move|p1a: Araquanid|Sticky Web|p2a: Masquerain
|-sidestart|p2: zonix14|move: Sticky Web
|
|upkeep
|turn|5
|
|t:|1759064875
|move|p2a: Masquerain|Bug Buzz|p1a: Araquanid
|-damage|p1a: Araquanid|43/100
|move|p1a: Araquanid|Leech Life|p2a: Masquerain
|-resisted|p2a: Masquerain
|-damage|p2a: Masquerain|0 fnt
|-heal|p1a: Araquanid|43/100|[from] drain|[of] p2a: Masquerain
|faint|p2a: Masquerain
|
|upkeep
|
|t:|1759064878
|switch|p2a: Cinderace|Cinderace, M|100/100
|-damage|p2a: Cinderace|76/100|[from] Stealth Rock
|-activate|p2a: Cinderace|move: Sticky Web
|-unboost|p2a: Cinderace|spe|1
|turn|6
|
|t:|1759064883
|move|p2a: Cinderace|Court Change|p2a: Cinderace
|-swapsideconditions
|-activate|p2a: Cinderace|move: Court Change
|move|p1a: Araquanid|Liquidation|p2a: Cinderace
|-supereffective|p2a: Cinderace
|-damage|p2a: Cinderace|0 fnt
|faint|p2a: Cinderace
|
|upkeep
|
|t:|1759064893
|switch|p2a: Gholdengo|Gholdengo|100/100
|-item|p2a: Gholdengo|Air Balloon
|turn|7
|
|t:|1759064898
|move|p2a: Gholdengo|Shadow Ball|p1a: Araquanid
|-damage|p1a: Araquanid|16/100
|move|p1a: Araquanid|Liquidation|p2a: Gholdengo
|-damage|p2a: Gholdengo|47/100
|-enditem|p2a: Gholdengo|Air Balloon
|
|upkeep
|turn|8
|-enditem|p1a: Araquanid|Custap Berry|[eat]
|-activate|p1a: Araquanid|item: Custap Berry|[consumed]
|
|t:|1759064905
|move|p1a: Araquanid|Liquidation|p2a: Gholdengo
|-damage|p2a: Gholdengo|0 fnt
|faint|p2a: Gholdengo
|
|upkeep
|
|t:|1759064916
|switch|p2a: Serperior|Serperior, M|100/100
|-activate|p2a: Serperior|move: Sticky Web
|-boost|p2a: Serperior|spe|1
|turn|9
|
|t:|1759064923
|move|p2a: Serperior|Leaf Storm|p1a: Araquanid
|-damage|p1a: Araquanid|0 fnt
|-boost|p2a: Serperior|spa|2
|faint|p1a: Araquanid
|
|upkeep
|
|t:|1759064932
|switch|p1a: Forretress|Forretress, F|100/100
|-damage|p1a: Forretress|88/100|[from] Stealth Rock
|-activate|p1a: Forretress|move: Sticky Web
|-unboost|p1a: Forretress|spe|1
|turn|10
|
|t:|1759064937
|-terastallize|p2a: Serperior|Ghost
|move|p2a: Serperior|Leaf Storm|p1a: Forretress
|-resisted|p1a: Forretress
|-damage|p1a: Forretress|51/100
|-boost|p2a: Serperior|spa|2
|move|p1a: Forretress|Thunder Wave|p2a: Serperior
|-status|p2a: Serperior|par
|
|upkeep
|turn|11
|
|t:|1759064945
|cant|p2a: Serperior|par
|move|p1a: Forretress|Rapid Spin|p2a: Serperior
|-immune|p2a: Serperior
|
|upkeep
|turn|12
|
|t:|1759064953
|move|p2a: Serperior|Leaf Storm|p1a: Forretress
|-resisted|p1a: Forretress
|-damage|p1a: Forretress|4/100
|-boost|p2a: Serperior|spa|2
|move|p1a: Forretress|Ice Spinner|p2a: Serperior
|-damage|p2a: Serperior|80/100 par
|
|upkeep
|turn|13
|
|t:|1759064957
|move|p2a: Serperior|Leaf Storm|p1a: Forretress
|-resisted|p1a: Forretress
|-damage|p1a: Forretress|0 fnt
|faint|p1a: Forretress
|
|upkeep
|
|t:|1759064961
|switch|p1a: Kleavor|Kleavor, M|21/100
|-damage|p1a: Kleavor|0 fnt|[from] Stealth Rock
|faint|p1a: Kleavor
|
|t:|1759064965
|switch|p1a: Scizor|Scizor, M|100/100
|-damage|p1a: Scizor|88/100|[from] Stealth Rock
|-activate|p1a: Scizor|move: Sticky Web
|-unboost|p1a: Scizor|spe|1
|turn|14
|
|t:|1759064971
|move|p2a: Serperior|Tera Blast|p1a: Scizor|[anim] Tera Blast Ghost
|-damage|p1a: Scizor|0 fnt
|faint|p1a: Scizor
|
|upkeep
|
|t:|1759064978
|switch|p1a: Yanmega|Yanmega, F|100/100
|-damage|p1a: Yanmega|51/100|[from] Stealth Rock
|turn|15
|
|t:|1759064985
|move|p1a: Yanmega|Air Slash|p2a: Serperior
|-damage|p2a: Serperior|5/100 par
|move|p2a: Serperior|Tera Blast|p1a: Yanmega|[anim] Tera Blast Ghost
|-damage|p1a: Yanmega|0 fnt
|faint|p1a: Yanmega
|
|upkeep
|
|t:|1759064991
|switch|p1a: Vikavolt|Vikavolt, M|100/100
|-damage|p1a: Vikavolt|76/100|[from] Stealth Rock
|turn|16
|
|t:|1759064995
|-terastallize|p1a: Vikavolt|Electric
|move|p2a: Serperior|Tera Blast|p1a: Vikavolt|[anim] Tera Blast Ghost
|-damage|p1a: Vikavolt|0 fnt
|faint|p1a: Vikavolt
|
|win|zonix14
|raw|Red Icigool's rating: 1313 &rarr; <strong>1296</strong><br />(-17 for losing)
|raw|zonix14's rating: 1359 &rarr; <strong>1376</strong><br />(+17 for winning)
|c|☆Red Icigool|gg
|l|☆zonix14
|player|p2|
|l|☆Red Icigool
|player|p1|
