|j|☆lorddarkskin
|j|☆kinsword
|t:|1758950995
|gametype|singles
|player|p1|lorddarkskin|dancer|1426
|player|p2|kinsword|266|1402
|gen|9
|tier|[Gen 9] OU
|rated|
|rule|HP Percentage Mod: HP is shown in percentages
|rule|Endless Battle Clause: Forcing endless battles is banned
|rule|Species Clause: Limit one of each Pokémon
|rule|OHKO Clause: OHKO moves are banned
|rule|Evasion Items Clause: Evasion items are banned
|rule|Evasion Moves Clause: Evasion moves are banned
|rule|Evasion Abilities Clause: Evasion abilities are banned
|rule|Sleep Moves Clause: Sleep-inducing moves are banned
|clearpoke
|poke|p1|Corviknight, M|
|poke|p1|Walking Wake|
|poke|p1|Great Tusk|
|poke|p1|Torkoal, M|
|poke|p1|Dondozo, M|
|poke|p1|Landorus-Therian, M|
|poke|p2|Pyroar, F|
|poke|p2|Mamoswine, F|
|poke|p2|Araquanid, M|
|poke|p2|Electivire, F|
|poke|p2|Mandibuzz, F|
|poke|p2|Latios, M|
|teampreview
|inactive|Battle timer is ON: inactive players will automatically lose when time's up. (requested by lorddarkskin)
|
|t:|1758951028
|teamsize|p1|6
|teamsize|p2|6
|start
|switch|p1a: Great Tusk|Great Tusk|100/100
|switch|p2a: Araquanid|Araquanid, M|100/100
|turn|1
|
|t:|1758951035
|move|p1a: Great Tusk|Supercell Slam|p2a: Araquanid|[miss]
|-miss|p1a: Great Tusk|p2a: Araquanid
|-damage|p1a: Great Tusk|51/100|[from] supercellslam
|move|p2a: Araquanid|Liquidation|p1a: Great Tusk
|-supereffective|p1a: Great Tusk
|-damage|p1a: Great Tusk|0 fnt
|faint|p1a: Great Tusk
|-end|p1a: Great Tusk|Protosynthesis|[silent]
|
|upkeep
|inactive|lorddarkskin has 120 seconds left.
|j| wokhxrt
|
|t:|1758951074
|switch|p1a: Corviknight|Corviknight, M|100/100
|turn|2
|
|t:|1758951082
|switch|p2a: Electivire|Electivire, F|100/100
|move|p1a: Corviknight|Brave Bird|p2a: Electivire
|-resisted|p2a: Electivire
|-damage|p2a: Electivire|69/100
|-damage|p1a: Corviknight|93/100|[from] Recoil
|
|-heal|p2a: Electivire|75/100|[from] item: Leftovers
|upkeep
|turn|3
|
|t:|1758951093
|switch|p1a: Torkoal|Torkoal, M|100/100
|-weather|SunnyDay|[from] ability: Drought|[of] p1a: Torkoal
|move|p2a: Electivire|Ice Punch|p1a: Torkoal
|-resisted|p1a: Torkoal
|-damage|p1a: Torkoal|92/100
|
|-weather|SunnyDay|[upkeep]
|-heal|p2a: Electivire|81/100|[from] item: Leftovers
|-heal|p1a: Torkoal|98/100|[from] item: Leftovers
|upkeep
|turn|4
|
|t:|1758951106
|switch|p2a: Mamoswine|Mamoswine, F|100/100
|move|p1a: Torkoal|Stealth Rock|p2a: Mamoswine
|-sidestart|p2: kinsword|move: Stealth Rock
|
|-weather|SunnyDay|[upkeep]
|-heal|p1a: Torkoal|100/100|[from] item: Leftovers
|upkeep
|turn|5
|
|t:|1758951119
|switch|p1a: Dondozo|Dondozo, M, shiny|100/100
|move|p2a: Mamoswine|Rock Blast|p1a: Dondozo
|-damage|p1a: Dondozo|96/100
|-damage|p1a: Dondozo|92/100
|-damage|p1a: Dondozo|89/100
|-damage|p1a: Dondozo|85/100
|-hitcount|p1a: Dondozo|4
|
|-weather|SunnyDay|[upkeep]
|upkeep
|turn|6
|inactive|lorddarkskin has 120 seconds left.
|
|t:|1758951135
|switch|p2a: Mandibuzz|Mandibuzz, F|100/100
|switch|p1a: Walking Wake|Walking Wake|100/100
|-activate|p1a: Walking Wake|ability: Protosynthesis
|-start|p1a: Walking Wake|protosynthesisspe
|
|-weather|SunnyDay|[upkeep]
|upkeep
|turn|7
|inactive|lorddarkskin has 120 seconds left.
|
|t:|1758951158
|move|p1a: Walking Wake|Draco Meteor|p2a: Mandibuzz
|-damage|p2a: Mandibuzz|13/100
|-unboost|p1a: Walking Wake|spa|2
|move|p2a: Mandibuzz|Toxic|p1a: Walking Wake
|-status|p1a: Walking Wake|tox
|
|-weather|none
|-end|p1a: Walking Wake|Protosynthesis
|-damage|p1a: Walking Wake|94/100 tox|[from] psn
|upkeep
|turn|8
|
|t:|1758951171
|move|p1a: Walking Wake|Draco Meteor|p2a: Mandibuzz
|-damage|p2a: Mandibuzz|0 fnt
|-unboost|p1a: Walking Wake|spa|2
|faint|p2a: Mandibuzz
|
|-damage|p1a: Walking Wake|82/100 tox|[from] psn
|upkeep
|
|t:|1758951185
|switch|p2a: Araquanid|Araquanid, M|100/100
|-damage|p2a: Araquanid|75/100|[from] Stealth Rock
|turn|9
|inactive|lorddarkskin has 120 seconds left.
|
|t:|1758951195
|-end|p1a: Walking Wake|Protosynthesis|[silent]
|switch|p1a: Corviknight|Corviknight, M|93/100
|move|p2a: Araquanid|Sticky Web|p1a: Corviknight
|-sidestart|p1: lorddarkskin|move: Sticky Web
|
|upkeep
|turn|10
|
|t:|1758951204
|move|p1a: Corviknight|Defog|p2a: Araquanid
|-unboost|p2a: Araquanid|evasion|1
|-sideend|p2: kinsword|Stealth Rock|[from] move: Defog|[of] p1a: Corviknight
|-sideend|p1: lorddarkskin|Sticky Web|[from] move: Defog|[of] p1a: Corviknight
|move|p2a: Araquanid|Liquidation|p1a: Corviknight
|-crit|p1a: Corviknight
|-damage|p1a: Corviknight|33/100
|-damage|p2a: Araquanid|59/100|[from] item: Rocky Helmet|[of] p1a: Corviknight
|
|upkeep
|turn|11
|
|t:|1758951218
|move|p1a: Corviknight|Roost|p1a: Corviknight
|-heal|p1a: Corviknight|83/100
|-singleturn|p1a: Corviknight|move: Roost
|move|p2a: Araquanid|Sticky Web|p1a: Corviknight
|-sidestart|p1: lorddarkskin|move: Sticky Web
|
|upkeep
|turn|12
|
|t:|1758951226
|move|p1a: Corviknight|Brave Bird|p2a: Araquanid
|-supereffective|p2a: Araquanid
|-damage|p2a: Araquanid|0 fnt
|faint|p2a: Araquanid
|-damage|p1a: Corviknight|67/100|[from] Recoil
|
|upkeep
|
|t:|1758951233
|switch|p2a: Pyroar|Pyroar, F|100/100
|turn|13
|
|t:|1758951242
|switch|p1a: Dondozo|Dondozo, M, shiny|85/100
|-activate|p1a: Dondozo|move: Sticky Web
|-unboost|p1a: Dondozo|spe|1
|move|p2a: Pyroar|Hyper Voice|p1a: Dondozo
|-damage|p1a: Dondozo|40/100
|
|upkeep
|turn|14
|
|t:|1758951254
|move|p2a: Pyroar|Hyper Voice|p1a: Dondozo
|-damage|p1a: Dondozo|0 fnt
|faint|p1a: Dondozo
|
|upkeep
|
|t:|1758951262
|switch|p1a: Landorus|Landorus-Therian, M|100/100
|-ability|p1a: Landorus|Intimidate|boost
|-unboost|p2a: Pyroar|atk|1
|turn|15
|
|t:|1758951269
|switch|p2a: Latios|Latios, M|100/100
|move|p1a: Landorus|U-turn|p2a: Latios
|-supereffective|p2a: Latios
|-damage|p2a: Latios|37/100
|
|t:|1758951274
|switch|p1a: Corviknight|Corviknight, M|67/100|[from] U-turn
|
|upkeep
|turn|16
|
|t:|1758951279
|move|p2a: Latios|Thunderbolt|p1a: Corviknight
|-supereffective|p1a: Corviknight
|-damage|p1a: Corviknight|8/100
|move|p1a: Corviknight|Defog|p2a: Latios
|-unboost|p2a: Latios|evasion|1
|-sideend|p1: lorddarkskin|Sticky Web|[from] move: Defog|[of] p1a: Corviknight
|
|upkeep
|turn|17
|
|t:|1758951289
|switch|p1a: Landorus|Landorus-Therian, M|100/100
|-ability|p1a: Landorus|Intimidate|boost
|-unboost|p2a: Latios|atk|1
|move|p2a: Latios|Thunderbolt|p1a: Landorus
|-immune|p1a: Landorus
|
|upkeep
|turn|18
|
|t:|1758951299
|switch|p2a: Pyroar|Pyroar, F|100/100
|move|p1a: Landorus|U-turn|p2a: Pyroar
|-resisted|p2a: Pyroar
|-damage|p2a: Pyroar|85/100
|
|t:|1758951305
|switch|p1a: Walking Wake|Walking Wake|82/100 tox|[from] U-turn
|
|-damage|p1a: Walking Wake|76/100 tox|[from] psn
|upkeep
|turn|19
|
|t:|1758951315
|move|p1a: Walking Wake|Flip Turn|p2a: Pyroar
|-supereffective|p2a: Pyroar
|-damage|p2a: Pyroar|35/100
|
|t:|1758951318
|-end|p1a: Walking Wake|Protosynthesis|[silent]
|switch|p1a: Corviknight|Corviknight, M|8/100|[from] Flip Turn
|move|p2a: Pyroar|Hyper Voice|p1a: Corviknight
|-resisted|p1a: Corviknight
|-damage|p1a: Corviknight|0 fnt
|faint|p1a: Corviknight
|
|upkeep
|
|t:|1758951326
|switch|p1a: Walking Wake|Walking Wake|76/100 tox
|turn|20
|
|t:|1758951332
|move|p1a: Walking Wake|Flip Turn|p2a: Pyroar
|-supereffective|p2a: Pyroar
|-damage|p2a: Pyroar|0 fnt
|faint|p2a: Pyroar
|
|t:|1758951334
|-end|p1a: Walking Wake|Protosynthesis|[silent]
|switch|p1a: Torkoal|Torkoal, M|100/100|[from] Flip Turn
|-weather|SunnyDay|[from] ability: Drought|[of] p1a: Torkoal
|
|-weather|SunnyDay|[upkeep]
|upkeep
|
|t:|1758951343
|switch|p2a: Mamoswine|Mamoswine, F|100/100
|turn|21
|
|t:|1758951352
|move|p2a: Mamoswine|Rock Blast|p1a: Torkoal
|-supereffective|p1a: Torkoal
|-damage|p1a: Torkoal|90/100
|-supereffective|p1a: Torkoal
|-damage|p1a: Torkoal|78/100
|-supereffective|p1a: Torkoal
|-damage|p1a: Torkoal|69/100
|-supereffective|p1a: Torkoal
|-damage|p1a: Torkoal|57/100
|-supereffective|p1a: Torkoal
|-damage|p1a: Torkoal|48/100
|-hitcount|p1a: Torkoal|5
|move|p1a: Torkoal|Lava Plume|p2a: Mamoswine
|-supereffective|p2a: Mamoswine
|-crit|p2a: Mamoswine
|-damage|p2a: Mamoswine|0 fnt
|faint|p2a: Mamoswine
|
|-weather|SunnyDay|[upkeep]
|-heal|p1a: Torkoal|54/100|[from] item: Leftovers
|upkeep
|
|t:|1758951369
|switch|p2a: Latios|Latios, M|37/100
|turn|22
|
|t:|1758951378
|move|p2a: Latios|Draco Meteor|p1a: Torkoal
|-damage|p1a: Torkoal|0 fnt
|-unboost|p2a: Latios|spa|2
|faint|p1a: Torkoal
|
|-weather|SunnyDay|[upkeep]
|upkeep
|
|t:|1758951392
|switch|p1a: Landorus|Landorus-Therian, M|100/100
|-ability|p1a: Landorus|Intimidate|boost
|-unboost|p2a: Latios|atk|1
|turn|23
|
|t:|1758951397
|-terastallize|p2a: Latios|Steel
|move|p2a: Latios|Draco Meteor|p1a: Landorus
|-damage|p1a: Landorus|63/100
|-unboost|p2a: Latios|spa|2
|move|p1a: Landorus|U-turn|p2a: Latios
|-resisted|p2a: Latios
|-damage|p2a: Latios|22/100
|
|t:|1758951402
|switch|p1a: Walking Wake|Walking Wake|76/100 tox|[from] U-turn
|-activate|p1a: Walking Wake|ability: Protosynthesis
|-start|p1a: Walking Wake|protosynthesisspe
|
|-weather|SunnyDay|[upkeep]
|-damage|p1a: Walking Wake|70/100 tox|[from] psn
|upkeep
|turn|24
|inactive|lorddarkskin has 120 seconds left.
|
|t:|1758951443
|switch|p2a: Electivire|Electivire, F|81/100
|-terastallize|p1a: Walking Wake|Fairy
|move|p1a: Walking Wake|Hydro Steam|p2a: Electivire
|-damage|p2a: Electivire|0 fnt
|faint|p2a: Electivire
|
|-weather|none
|-end|p1a: Walking Wake|Protosynthesis
|-damage|p1a: Walking Wake|57/100 tox|[from] psn
|upkeep
|
|t:|1758951455
|switch|p2a: Latios|Latios, M, tera:Steel|22/100
|turn|25
|
|t:|1758951461
|move|p2a: Latios|Luster Purge|p1a: Walking Wake
|-damage|p1a: Walking Wake|2/100 tox
|move|p1a: Walking Wake|Hydro Steam|p2a: Latios
|-damage|p2a: Latios|0 fnt
|faint|p2a: Latios
|
|win|lorddarkskin
|raw|lorddarkskin's rating: 1426 &rarr; <strong>1445</strong><br />(+19 for winning)
|raw|kinsword's rating: 1402 &rarr; <strong>1383</strong><br />(-19 for losing)
|l|☆lorddarkskin
|player|p1|
|l|☆kinsword
|player|p2|
|l| wokhxrt
