|j|☆KingKaido107
|j|☆mir merchant
|t:|1758949368
|gametype|singles
|player|p1|KingKaido107|dragontamer-gen6|1651
|player|p2|mir merchant|266|1688
|gen|9
|tier|[Gen 9] OU
|rated|
|rule|HP Percentage Mod: HP is shown in percentages
|rule|Endless Battle Clause: Forcing endless battles is banned
|rule|Species Clause: Limit one of each Pokémon
|rule|OHKO Clause: OHKO moves are banned
|rule|Evasion Items Clause: Evasion items are banned
|rule|Evasion Moves Clause: Evasion moves are banned
|rule|Evasion Abilities Clause: Evasion abilities are banned
|rule|Sleep Moves Clause: Sleep-inducing moves are banned
|clearpoke
|poke|p1|Slowking-Galar, M|
|poke|p1|Kyurem|
|poke|p1|Cinderace, F|
|poke|p1|Tornadus-Therian, M|
|poke|p1|Hydrapple, F|
|poke|p1|Kingambit, M|
|poke|p2|Kyurem|
|poke|p2|Iron Moth|
|poke|p2|Kingambit, M|
|poke|p2|Landorus-Therian, M|
|poke|p2|Hatterene, F|
|poke|p2|Zamazenta-*|
|teampreview
|inactive|Battle timer is ON: inactive players will automatically lose when time's up. (requested by KingKaido107)
|
|t:|1758949377
|teamsize|p1|6
|teamsize|p2|6
|start
|switch|p1a: Thieving Drunk|Tornadus-Therian, M|100/100
|switch|p2a: Kyurem|Kyurem|100/100
|-ability|p2a: Kyurem|Pressure
|turn|1
|
|t:|1758949380
|move|p1a: Thieving Drunk|Knock Off|p2a: Kyurem
|-crit|p2a: Kyurem
|-damage|p2a: Kyurem|70/100
|-enditem|p2a: Kyurem|Loaded Dice|[from] move: Knock Off|[of] p1a: Thieving Drunk
|move|p2a: Kyurem|Dragon Dance|p2a: Kyurem
|-boost|p2a: Kyurem|atk|1
|-boost|p2a: Kyurem|spe|1
|
|upkeep
|turn|2
|
|t:|1758949385
|switch|p1a: Depressed Drunk|Slowking-Galar, M|100/100
|move|p2a: Kyurem|Icicle Spear|p1a: Depressed Drunk
|-damage|p1a: Depressed Drunk|85/100
|-damage|p1a: Depressed Drunk|68/100
|-damage|p1a: Depressed Drunk|52/100
|-hitcount|p1a: Depressed Drunk|3
|
|upkeep
|turn|3
|
|t:|1758949389
|move|p2a: Kyurem|Icicle Spear|p1a: Depressed Drunk
|-damage|p1a: Depressed Drunk|37/100
|-damage|p1a: Depressed Drunk|20/100
|-damage|p1a: Depressed Drunk|4/100
|-hitcount|p1a: Depressed Drunk|3
|move|p1a: Depressed Drunk|Sludge Bomb|p2a: Kyurem
|-damage|p2a: Kyurem|40/100
|
|upkeep
|turn|4
|
|t:|1758949404
|move|p2a: Kyurem|Scale Shot|p1a: Depressed Drunk
|-damage|p1a: Depressed Drunk|0 fnt
|faint|p1a: Depressed Drunk
|-hitcount|p1: Depressed Drunk|1
|-unboost|p2a: Kyurem|def|1
|-boost|p2a: Kyurem|spe|1
|
|upkeep
|
|t:|1758949407
|switch|p1a: Raging Drunk|Kingambit, M|100/100
|-activate|p1a: Raging Drunk|ability: Supreme Overlord
|-start|p1a: Raging Drunk|fallen1|[silent]
|turn|5
|
|t:|1758949414
|switch|p2a: Landorus|Landorus-Therian, M|100/100
|-ability|p2a: Landorus|Intimidate|boost
|-unboost|p1a: Raging Drunk|atk|1
|move|p1a: Raging Drunk|Kowtow Cleave|p2a: Landorus
|-damage|p2a: Landorus|61/100
|-damage|p1a: Raging Drunk|84/100|[from] item: Rocky Helmet|[of] p2a: Landorus
|
|upkeep
|turn|6
|
|t:|1758949416
|-end|p1a: Raging Drunk|fallen1|[silent]
|switch|p1a: Laughing Drunk|Hydrapple, F|100/100
|move|p2a: Landorus|Stealth Rock|p1a: Laughing Drunk
|-sidestart|p1: KingKaido107|move: Stealth Rock
|
|upkeep
|turn|7
|
|t:|1758949419
|switch|p2a: Kyurem|Kyurem|40/100
|-ability|p2a: Kyurem|Pressure
|move|p1a: Laughing Drunk|Giga Drain|p2a: Kyurem
|-resisted|p2a: Kyurem
|-damage|p2a: Kyurem|25/100
|
|upkeep
|turn|8
|
|t:|1758949428
|switch|p1a: Boro Breath|Cinderace, F|100/100
|move|p2a: Kyurem|Icicle Spear|p1a: Boro Breath
|-resisted|p1a: Boro Breath
|-damage|p1a: Boro Breath|90/100
|-resisted|p1a: Boro Breath
|-damage|p1a: Boro Breath|78/100
|-resisted|p1a: Boro Breath
|-damage|p1a: Boro Breath|68/100
|-hitcount|p1a: Boro Breath|3
|
|upkeep
|turn|9
|
|t:|1758949432
|move|p1a: Boro Breath|Pyro Ball|p2a: Kyurem
|-damage|p2a: Kyurem|0 fnt
|faint|p2a: Kyurem
|
|upkeep
|
|t:|1758949435
|switch|p2a: Iron Moth|Iron Moth|100/100
|-enditem|p2a: Iron Moth|Booster Energy
|-activate|p2a: Iron Moth|ability: Quark Drive|[fromitem]
|-start|p2a: Iron Moth|quarkdrivespe
|turn|10
|
|t:|1758949437
|move|p2a: Iron Moth|Sludge Wave|p1a: Boro Breath
|-damage|p1a: Boro Breath|3/100
|move|p1a: Boro Breath|Court Change|p1a: Boro Breath
|-start|p1a: Boro Breath|typechange|Normal|[from] ability: Libero
|-swapsideconditions
|-activate|p1a: Boro Breath|move: Court Change
|
|upkeep
|turn|11
|
|t:|1758949440
|move|p2a: Iron Moth|Fiery Dance|p1a: Boro Breath
|-damage|p1a: Boro Breath|0 fnt
|-boost|p2a: Iron Moth|spa|1
|faint|p1a: Boro Breath
|
|upkeep
|
|t:|1758949442
|switch|p1a: Laughing Drunk|Hydrapple, F|100/100
|turn|12
|
|t:|1758949446
|-terastallize|p1a: Laughing Drunk|Ghost
|move|p2a: Iron Moth|Sludge Wave|p1a: Laughing Drunk
|-resisted|p1a: Laughing Drunk
|-damage|p1a: Laughing Drunk|63/100
|move|p1a: Laughing Drunk|Earth Power|p2a: Iron Moth
|-supereffective|p2a: Iron Moth
|-damage|p2a: Iron Moth|5/100
|
|upkeep
|turn|13
|
|t:|1758949456
|switch|p1a: Thieving Drunk|Tornadus-Therian, M|100/100
|move|p2a: Iron Moth|Fiery Dance|p1a: Thieving Drunk
|-damage|p1a: Thieving Drunk|37/100
|-boost|p2a: Iron Moth|spa|1
|
|upkeep
|turn|14
|
|t:|1758949459
|move|p2a: Iron Moth|Fiery Dance|p1a: Thieving Drunk
|-damage|p1a: Thieving Drunk|0 fnt
|-boost|p2a: Iron Moth|spa|1
|faint|p1a: Thieving Drunk
|
|upkeep
|
|t:|1758949460
|switch|p1a: Raging Drunk|Kingambit, M|84/100
|-activate|p1a: Raging Drunk|ability: Supreme Overlord
|-start|p1a: Raging Drunk|fallen3|[silent]
|turn|15
|
|t:|1758949464
|-end|p2a: Iron Moth|Quark Drive|[silent]
|switch|p2a: Landorus|Landorus-Therian, M|61/100
|-damage|p2a: Landorus|49/100|[from] Stealth Rock
|-ability|p2a: Landorus|Intimidate|boost
|-unboost|p1a: Raging Drunk|atk|1
|move|p1a: Raging Drunk|Sucker Punch||[still]
|-fail|p1a: Raging Drunk
|
|upkeep
|turn|16
|j| Shucklepilled
|
|t:|1758949469
|-end|p1a: Raging Drunk|fallen3|[silent]
|switch|p1a: Ragnaraku|Kyurem|100/100
|-ability|p1a: Ragnaraku|Pressure
|move|p2a: Landorus|Earthquake|p1a: Ragnaraku
|-damage|p1a: Ragnaraku|52/100
|
|upkeep
|turn|17
|
|t:|1758949472
|switch|p2a: Iron Moth|Iron Moth|5/100
|-damage|p2a: Iron Moth|0 fnt|[from] Stealth Rock
|faint|p2a: Iron Moth
|-end|p2a: Iron Moth|Quark Drive|[silent]
|move|p1a: Ragnaraku|Freeze-Dry|p2: Iron Moth|[notarget]
|-fail|p1a: Ragnaraku
|
|upkeep
|
|t:|1758949475
|switch|p2a: Hatterene|Hatterene, F|100/100
|-damage|p2a: Hatterene|88/100|[from] Stealth Rock
|turn|18
|
|t:|1758949480
|move|p1a: Ragnaraku|Freeze-Dry|p2a: Hatterene
|-damage|p2a: Hatterene|27/100
|move|p2a: Hatterene|Nuzzle|p1a: Ragnaraku
|-resisted|p1a: Ragnaraku
|-damage|p1a: Ragnaraku|50/100
|-status|p1a: Ragnaraku|par
|
|upkeep
|turn|19
|
|t:|1758949484
|cant|p1a: Ragnaraku|par
|move|p2a: Hatterene|Dazzling Gleam|p1a: Ragnaraku
|-supereffective|p1a: Ragnaraku
|-damage|p1a: Ragnaraku|0 fnt
|faint|p1a: Ragnaraku
|
|upkeep
|
|t:|1758949486
|switch|p1a: Raging Drunk|Kingambit, M|84/100
|-activate|p1a: Raging Drunk|ability: Supreme Overlord
|-start|p1a: Raging Drunk|fallen4|[silent]
|turn|20
|
|t:|1758949489
|move|p1a: Raging Drunk|Kowtow Cleave|p2a: Hatterene
|-damage|p2a: Hatterene|0 fnt
|faint|p2a: Hatterene
|
|upkeep
|
|t:|1758949491
|switch|p2a: Landorus|Landorus-Therian, M|49/100
|-damage|p2a: Landorus|36/100|[from] Stealth Rock
|-ability|p2a: Landorus|Intimidate|boost
|-unboost|p1a: Raging Drunk|atk|1
|turn|21
|
|t:|1758949495
|move|p2a: Landorus|Earthquake|p1a: Raging Drunk
|-supereffective|p1a: Raging Drunk
|-damage|p1a: Raging Drunk|15/100
|move|p1a: Raging Drunk|Kowtow Cleave|p2a: Landorus
|-damage|p2a: Landorus|0 fnt
|-damage|p1a: Raging Drunk|0 fnt|[from] item: Rocky Helmet|[of] p2a: Landorus
|faint|p2a: Landorus
|faint|p1a: Raging Drunk
|-end|p1a: Raging Drunk|fallen4|[silent]
|
|upkeep
|-message|KingKaido107 forfeited.
|
|win|mir merchant
|raw|KingKaido107's rating: 1651 &rarr; <strong>1633</strong><br />(-18 for losing)
|raw|mir merchant's rating: 1688 &rarr; <strong>1706</strong><br />(+18 for winning)
|j| larp legion
|l|☆mir merchant
|player|p2|
|l| larp legion
