|badge|p1|bronze|gen9ou|100-6
|html|<div class="broadcast-red"><strong>This battle is required to be public due to one or more player having a season medal.</strong><br />During the public phase, you can discuss the state of the ladder <a href="/seasondiscussion">in a special chatroom.</a></div>
|uhtml|medal-msg|<div class="broadcast-blue">Curious what those medals under the avatar are? PS now has Ladder Seasons! For more information, check out the <a href="https://www.smogon.com/forums/threads/3740067/">thread on Smogon.</a></div>
|badge|p2|bronze|gen9ou|100-6
|uhtml|medal-msg|<div class="broadcast-blue">Curious what those medals under the avatar are? PS now has Ladder Seasons! For more information, check out the <a href="https://www.smogon.com/forums/threads/3740067/">thread on Smogon.</a></div>
|raw|<div class="broadcast-blue"><strong>This battle is required to be public due to a player having a name starting with 'medal'.</div>
|j|☆Stunting on You
|j|☆LT124YH Ghoul
|t:|1759067526
|gametype|singles
|player|p1|Stunting on You|gentleman-gen4|1934
|player|p2|LT124YH Ghoul|#wcop2024asia|1901
|gen|9
|tier|[Gen 9] OU
|rated|
|rule|HP Percentage Mod: HP is shown in percentages
|rule|Endless Battle Clause: Forcing endless battles is banned
|rule|Species Clause: Limit one of each Pokémon
|rule|OHKO Clause: OHKO moves are banned
|rule|Evasion Items Clause: Evasion items are banned
|rule|Evasion Moves Clause: Evasion moves are banned
|rule|Evasion Abilities Clause: Evasion abilities are banned
|rule|Sleep Moves Clause: Sleep-inducing moves are banned
|clearpoke
|poke|p1|Great Tusk|
|poke|p1|Kyurem|
|poke|p1|Kingambit, M|
|poke|p1|Iron Moth|
|poke|p1|Hatterene, F|
|poke|p1|Tornadus-Therian, M|
|poke|p2|Veluza, F|
|poke|p2|Hatterene, F|
|poke|p2|Deoxys-Speed|
|poke|p2|Iron Valiant|
|poke|p2|Glimmora, F|
|poke|p2|Gliscor, M|
|teampreview
|inactive|Battle timer is ON: inactive players will automatically lose when time's up. (requested by LT124YH Ghoul)
|j| roodles
|inactive|Stunting on You has 120 seconds left.
|
|t:|1759067565
|teamsize|p1|6
|teamsize|p2|6
|start
|switch|p1a: Tornadus|Tornadus-Therian, M|100/100
|switch|p2a: Deoxys|Deoxys-Speed|100/100
|-ability|p2a: Deoxys|Pressure
|turn|1
|
|t:|1759067574
|switch|p1a: Hatterene|Hatterene, F, shiny|100/100
|move|p2a: Deoxys|Light Screen|p2a: Deoxys
|-sidestart|p2: LT124YH Ghoul|move: Light Screen
|
|upkeep
|turn|2
|j| Bananacrazy
|
|t:|1759067584
|switch|p2a: Gliscor|Gliscor, M|100/100
|move|p1a: Hatterene|Dazzling Gleam|p2a: Gliscor
|-damage|p2a: Gliscor|77/100
|
|-status|p2a: Gliscor|tox|[from] item: Toxic Orb
|upkeep
|turn|3
|
|t:|1759067587
|move|p2a: Gliscor|Swords Dance|p2a: Gliscor
|-boost|p2a: Gliscor|atk|2
|move|p1a: Hatterene|Psychic Noise|p2a: Gliscor
|-damage|p2a: Gliscor|57/100 tox
|-start|p2a: Gliscor|move: Heal Block
|
|upkeep
|turn|4
|
|t:|1759067591
|switch|p1a: Kyurem|Kyurem|100/100
|-ability|p1a: Kyurem|Pressure
|move|p2a: Gliscor|Swords Dance|p2a: Gliscor
|-boost|p2a: Gliscor|atk|2
|
|-end|p2a: Gliscor|move: Heal Block
|upkeep
|turn|5
|j| tiochicodobos
|j| PIDGEY GORDITO
|j| cynasaurus
|
|t:|1759067621
|-terastallize|p2a: Gliscor|Fairy
|move|p1a: Kyurem|Ice Beam|p2a: Gliscor
|-damage|p2a: Gliscor|31/100 tox
|move|p2a: Gliscor|Tera Blast|p1a: Kyurem|[anim] Tera Blast Fairy
|-supereffective|p1a: Kyurem
|-damage|p1a: Kyurem|0 fnt
|faint|p1a: Kyurem
|
|-heal|p2a: Gliscor|43/100 tox|[from] ability: Poison Heal
|upkeep
|
|t:|1759067625
|switch|p1a: Iron Moth|Iron Moth|100/100
|turn|6
|
|t:|1759067629
|move|p2a: Gliscor|Protect|p2a: Gliscor
|-singleturn|p2a: Gliscor|Protect
|move|p1a: Iron Moth|Substitute|p1a: Iron Moth
|-start|p1a: Iron Moth|Substitute
|-damage|p1a: Iron Moth|76/100
|
|-heal|p2a: Gliscor|56/100 tox|[from] ability: Poison Heal
|upkeep
|turn|7
|
|t:|1759067631
|switch|p2a: Glimmora|Glimmora, F|100/100
|move|p1a: Iron Moth|Sludge Wave|p2a: Glimmora
|-resisted|p2a: Glimmora
|-damage|p2a: Glimmora|93/100
|-enditem|p2a: Glimmora|Red Card|[of] p1a: Iron Moth
|-end|p1a: Iron Moth|Quark Drive|[silent]
|drag|p1a: Hatterene|Hatterene, F, shiny|100/100
|
|upkeep
|turn|8
|
|t:|1759067635
|move|p2a: Glimmora|Mortal Spin|p1a: Hatterene
|-supereffective|p1a: Hatterene
|-damage|p1a: Hatterene|90/100
|-status|p1a: Hatterene|psn
|-damage|p2a: Glimmora|77/100|[from] item: Rocky Helmet|[of] p1a: Hatterene
|move|p1a: Hatterene|Psychic Noise|p2a: Glimmora
|-supereffective|p2a: Glimmora
|-damage|p2a: Glimmora|39/100
|-start|p2a: Glimmora|move: Heal Block
|
|-damage|p1a: Hatterene|78/100 psn|[from] psn
|-sideend|p2: LT124YH Ghoul|move: Light Screen
|upkeep
|turn|9
|
|t:|1759067638
|move|p2a: Glimmora|Power Gem|p1a: Hatterene
|-damage|p1a: Hatterene|45/100 psn
|move|p1a: Hatterene|Psychic Noise|p2a: Glimmora
|-supereffective|p2a: Glimmora
|-damage|p2a: Glimmora|0 fnt
|faint|p2a: Glimmora
|
|-damage|p1a: Hatterene|32/100 psn|[from] psn
|upkeep
|
|t:|1759067647
|switch|p2a: Gliscor|Gliscor, M, tera:Fairy|56/100 tox
|turn|10
|
|t:|1759067653
|move|p2a: Gliscor|Earthquake|p1a: Hatterene
|-damage|p1a: Hatterene|6/100 psn
|move|p1a: Hatterene|Psychic Noise|p2a: Gliscor
|-damage|p2a: Gliscor|15/100 tox
|-start|p2a: Gliscor|move: Heal Block
|
|-damage|p1a: Hatterene|0 fnt|[from] psn
|faint|p1a: Hatterene
|upkeep
|
|t:|1759067660
|switch|p1a: Iron Moth|Iron Moth|76/100
|turn|11
|
|t:|1759067663
|move|p1a: Iron Moth|Fiery Dance|p2a: Gliscor
|-damage|p2a: Gliscor|0 fnt
|-boost|p1a: Iron Moth|spa|1
|faint|p2a: Gliscor
|
|upkeep
|
|t:|1759067666
|switch|p2a: Deoxys|Deoxys-Speed|100/100
|-ability|p2a: Deoxys|Pressure
|turn|12
|
|t:|1759067669
|move|p2a: Deoxys|Psycho Boost|p1a: Iron Moth
|-supereffective|p1a: Iron Moth
|-damage|p1a: Iron Moth|0 fnt
|-unboost|p2a: Deoxys|spa|2
|faint|p1a: Iron Moth
|-end|p1a: Iron Moth|Quark Drive|[silent]
|
|upkeep
|
|t:|1759067671
|switch|p1a: Kingambit|Kingambit, M|100/100
|-activate|p1a: Kingambit|ability: Supreme Overlord
|-start|p1a: Kingambit|fallen3|[silent]
|turn|13
|
|t:|1759067675
|move|p2a: Deoxys|Reflect|p2a: Deoxys
|-sidestart|p2: LT124YH Ghoul|Reflect
|move|p1a: Kingambit|Swords Dance|p1a: Kingambit
|-boost|p1a: Kingambit|atk|2
|
|upkeep
|turn|14
|
|t:|1759067681
|move|p2a: Deoxys|Light Screen|p2a: Deoxys
|-sidestart|p2: LT124YH Ghoul|move: Light Screen
|move|p1a: Kingambit|Iron Head|p2a: Deoxys
|-damage|p2a: Deoxys|35/100
|
|upkeep
|turn|15
|
|t:|1759067683
|move|p2a: Deoxys|Taunt|p1a: Kingambit
|-start|p1a: Kingambit|move: Taunt
|cant|p1a: Kingambit|move: Taunt|Swords Dance
|
|upkeep
|turn|16
|
|t:|1759067688
|move|p2a: Deoxys|Psycho Boost|p1a: Kingambit
|-immune|p1a: Kingambit
|move|p1a: Kingambit|Low Kick|p2a: Deoxys
|-resisted|p2a: Deoxys
|-damage|p2a: Deoxys|13/100
|
|upkeep
|turn|17
|
|t:|1759067693
|move|p2a: Deoxys|Psycho Boost|p1a: Kingambit
|-immune|p1a: Kingambit
|move|p1a: Kingambit|Iron Head|p2a: Deoxys
|-damage|p2a: Deoxys|0 fnt
|faint|p2a: Deoxys
|
|-end|p1a: Kingambit|move: Taunt
|upkeep
|
|t:|1759067699
|switch|p2a: Iron Valiant|Iron Valiant|100/100
|-enditem|p2a: Iron Valiant|Booster Energy
|-activate|p2a: Iron Valiant|ability: Quark Drive|[fromitem]
|-start|p2a: Iron Valiant|quarkdrivespe
|turn|18
|j| nonchalantbufalant
|
|t:|1759067703
|-terastallize|p1a: Kingambit|Ghost
|move|p2a: Iron Valiant|Destiny Bond|p2a: Iron Valiant
|-singlemove|p2a: Iron Valiant|Destiny Bond
|move|p1a: Kingambit|Iron Head|p2a: Iron Valiant
|-supereffective|p2a: Iron Valiant
|-damage|p2a: Iron Valiant|0 fnt
|faint|p2a: Iron Valiant
|-activate|p2a: Iron Valiant|move: Destiny Bond
|-end|p2a: Iron Valiant|Quark Drive|[silent]
|faint|p1a: Kingambit
|-end|p1a: Kingambit|fallen3|[silent]
|
|upkeep
|
|t:|1759067716
|switch|p2a: Triple Lobotomy|Veluza, F|100/100
|switch|p1a: Tornadus|Tornadus-Therian, M|100/100
|turn|19
|
|t:|1759067720
|move|p1a: Tornadus|Knock Off|p2a: Triple Lobotomy
|-supereffective|p2a: Triple Lobotomy
|-damage|p2a: Triple Lobotomy|72/100
|-enditem|p2a: Triple Lobotomy|Sitrus Berry|[from] move: Knock Off|[of] p1a: Tornadus
|move|p2a: Triple Lobotomy|Fillet Away|p2a: Triple Lobotomy
|-boost|p2a: Triple Lobotomy|atk|2
|-boost|p2a: Triple Lobotomy|spa|2
|-boost|p2a: Triple Lobotomy|spe|2
|-damage|p2a: Triple Lobotomy|22/100
|
|upkeep
|turn|20
|
|t:|1759067728
|move|p2a: Triple Lobotomy|Aqua Cutter|p1a: Tornadus
|-damage|p1a: Tornadus|0 fnt
|faint|p1a: Tornadus
|
|-sideend|p2: LT124YH Ghoul|Reflect
|upkeep
|-message|Stunting on You forfeited.
|
|win|LT124YH Ghoul
|raw|Stunting on You's rating: 1934 &rarr; <strong>1912</strong><br />(-22 for losing)
|raw|LT124YH Ghoul's rating: 1901 &rarr; <strong>1923</strong><br />(+22 for winning)
|l|☆Stunting on You
|player|p1|
|l| roodles
|l| Bananacrazy
|c|☆LT124YH Ghoul|secret elo generator
|l|☆LT124YH Ghoul
|player|p2|
|l| nonchalantbufalant
|l| cynasaurus
