|j|☆Trumpthat
|j|☆dyarus
|t:|1759075917
|gametype|singles
|player|p1|Trumpthat|ingo|1089
|player|p2|dyarus|169|1100
|gen|9
|tier|[Gen 9] OU
|rated|
|rule|HP Percentage Mod: HP is shown in percentages
|rule|Endless Battle Clause: Forcing endless battles is banned
|rule|Species Clause: Limit one of each Pokémon
|rule|OHKO Clause: OHKO moves are banned
|rule|Evasion Items Clause: Evasion items are banned
|rule|Evasion Moves Clause: Evasion moves are banned
|rule|Evasion Abilities Clause: Evasion abilities are banned
|rule|Sleep Moves Clause: Sleep-inducing moves are banned
|clearpoke
|poke|p1|Blaziken, M|
|poke|p1|Regigigas|
|poke|p1|Diancie|
|poke|p1|Rotom-Fan|
|poke|p1|Dusknoir, M|
|poke|p1|Ditto|
|poke|p2|Ampharos, F|
|poke|p2|Cinderace, F|
|poke|p2|Registeel|
|poke|p2|Kingambit, F|
|poke|p2|Darkrai|
|poke|p2|Toxapex, M|
|teampreview
|
|t:|1759075926
|teamsize|p1|6
|teamsize|p2|6
|start
|switch|p1a: Way Big|Regigigas|100/100
|switch|p2a: Kingambit|Kingambit, F|100/100
|-start|p1a: Way Big|ability: Slow Start
|turn|1
|
|t:|1759075932
|move|p2a: Kingambit|Swords Dance|p2a: Kingambit
|-boost|p2a: Kingambit|atk|2
|move|p1a: Way Big|Hyper Beam|p2a: Kingambit
|-resisted|p2a: Kingambit
|-damage|p2a: Kingambit|79/100
|-mustrecharge|p1a: Way Big
|
|upkeep
|turn|2
|
|t:|1759075940
|move|p2a: Kingambit|Sucker Punch||[still]
|-fail|p2a: Kingambit
|cant|p1a: Way Big|recharge
|
|upkeep
|turn|3
|
|t:|1759075946
|move|p2a: Kingambit|Sucker Punch||[still]
|-fail|p2a: Kingambit
|move|p1a: Way Big|Rest|p1a: Way Big
|-fail|p1a: Way Big|heal
|
|upkeep
|turn|4
|
|t:|1759075951
|move|p2a: Kingambit|Sucker Punch|p1a: Way Big
|-damage|p1a: Way Big|35/100
|move|p1a: Way Big|Hyper Beam|p2a: Kingambit
|-resisted|p2a: Kingambit
|-damage|p2a: Kingambit|59/100
|-mustrecharge|p1a: Way Big
|
|-heal|p1a: Way Big|41/100|[from] item: Leftovers
|upkeep
|turn|5
|
|t:|1759075960
|move|p2a: Kingambit|Poison Jab|p1a: Way Big
|-damage|p1a: Way Big|0 fnt
|faint|p1a: Way Big
|
|upkeep
|
|t:|1759075965
|switch|p1a: Ben Tennyson|Ditto|100/100
|-transform|p1a: Ben Tennyson|p2a: Kingambit|[from] ability: Imposter
|turn|6
|
|t:|1759075972
|move|p1a: Ben Tennyson|X-Scissor|p2a: Kingambit
|-damage|p2a: Kingambit|17/100
|move|p2a: Kingambit|X-Scissor|p1a: Ben Tennyson
|-damage|p1a: Ben Tennyson|41/100
|
|upkeep
|turn|7
|
|t:|1759075979
|move|p1a: Ben Tennyson|X-Scissor|p2a: Kingambit
|-damage|p2a: Kingambit|0 fnt
|faint|p2a: Kingambit
|
|upkeep
|
|t:|1759075987
|switch|p2a: Cinderace|Cinderace, F|100/100
|turn|8
|
|t:|1759075992
|switch|p1a: Heatblast|Blaziken, M|100/100
|move|p2a: Cinderace|Pyro Ball|p1a: Heatblast
|-resisted|p1a: Heatblast
|-damage|p1a: Heatblast|48/100
|
|upkeep
|turn|9
|
|t:|1759076003
|move|p2a: Cinderace|Pyro Ball|p1a: Heatblast
|-resisted|p1a: Heatblast
|-damage|p1a: Heatblast|0 fnt
|faint|p1a: Heatblast
|
|upkeep
|
|t:|1759076008
|switch|p1a: Ben Tennyson|Ditto|41/100
|-transform|p1a: Ben Tennyson|p2a: Cinderace|[from] ability: Imposter
|turn|10
|
|t:|1759076014
|-terastallize|p2a: Cinderace|Dark
|move|p2a: Cinderace|Sucker Punch|p1a: Ben Tennyson
|-damage|p1a: Ben Tennyson|0 fnt
|faint|p1a: Ben Tennyson
|
|upkeep
|
|t:|1759076019
|switch|p1a: Chromastone|Diancie|100/100
|-item|p1a: Chromastone|Air Balloon
|turn|11
|
|t:|1759076024
|move|p2a: Cinderace|Gunk Shot|p1a: Chromastone
|-damage|p1a: Chromastone|65/100
|-enditem|p1a: Chromastone|Air Balloon
|move|p1a: Chromastone|Moonblast|p2a: Cinderace
|-supereffective|p2a: Cinderace
|-enditem|p2a: Cinderace|Focus Sash
|-damage|p2a: Cinderace|1/100
|
|upkeep
|turn|12
|c|☆Trumpthat|dang
|
|t:|1759076033
|move|p2a: Cinderace|Gunk Shot|p1a: Chromastone
|-damage|p1a: Chromastone|28/100
|move|p1a: Chromastone|Moonblast|p2a: Cinderace
|-supereffective|p2a: Cinderace
|-damage|p2a: Cinderace|0 fnt
|faint|p2a: Cinderace
|
|upkeep
|
|t:|1759076044
|switch|p2a: Toxapex|Toxapex, M|100/100
|turn|13
|
|t:|1759076048
|move|p1a: Chromastone|Ancient Power|p2a: Toxapex
|-damage|p2a: Toxapex|78/100
|move|p2a: Toxapex|Toxic|p1a: Chromastone
|-status|p1a: Chromastone|tox
|
|-heal|p2a: Toxapex|84/100|[from] item: Leftovers
|-damage|p1a: Chromastone|22/100 tox|[from] psn
|upkeep
|turn|14
|
|t:|1759076062
|move|p1a: Chromastone|Ancient Power|p2a: Toxapex
|-damage|p2a: Toxapex|60/100
|-boost|p1a: Chromastone|atk|1
|-boost|p1a: Chromastone|def|1
|-boost|p1a: Chromastone|spa|1
|-boost|p1a: Chromastone|spd|1
|-boost|p1a: Chromastone|spe|1
|move|p2a: Toxapex|Toxic Spikes|p1a: Chromastone
|-sidestart|p1: Trumpthat|move: Toxic Spikes
|
|-heal|p2a: Toxapex|67/100|[from] item: Leftovers
|-damage|p1a: Chromastone|10/100 tox|[from] psn
|upkeep
|turn|15
|
|t:|1759076072
|move|p1a: Chromastone|Misty Explosion|p2a: Toxapex
|-resisted|p2a: Toxapex
|-damage|p2a: Toxapex|39/100
|faint|p1a: Chromastone
|move|p2a: Toxapex|Poison Jab|p1: Chromastone|[notarget]
|-fail|p2a: Toxapex
|
|-heal|p2a: Toxapex|45/100|[from] item: Leftovers
|upkeep
|
|t:|1759076078
|switch|p1a: Ghostfreak|Dusknoir, M|100/100
|-status|p1a: Ghostfreak|psn
|-ability|p1a: Ghostfreak|Pressure
|turn|16
|
|t:|1759076085
|move|p1a: Ghostfreak|Poltergeist|p2a: Toxapex
|-activate|p2a: Toxapex|move: Poltergeist|Leftovers
|-damage|p2a: Toxapex|1/100
|move|p2a: Toxapex|Recover|p2a: Toxapex
|-heal|p2a: Toxapex|51/100
|
|-heal|p2a: Toxapex|57/100|[from] item: Leftovers
|-damage|p1a: Ghostfreak|88/100 psn|[from] psn
|upkeep
|turn|17
|inactive|Battle timer is ON: inactive players will automatically lose when time's up. (requested by dyarus)
|
|t:|1759076094
|move|p1a: Ghostfreak|Confuse Ray|p2a: Toxapex
|-start|p2a: Toxapex|confusion
|-activate|p2a: Toxapex|confusion
|move|p2a: Toxapex|Recover|p2a: Toxapex
|-heal|p2a: Toxapex|100/100
|
|-damage|p1a: Ghostfreak|76/100 psn|[from] psn
|upkeep
|turn|18
|
|t:|1759076103
|move|p1a: Ghostfreak|Phantom Force||[still]
|-prepare|p1a: Ghostfreak|Phantom Force
|-activate|p2a: Toxapex|confusion
|move|p2a: Toxapex|Recover||[still]
|-fail|p2a: Toxapex|heal
|
|-damage|p1a: Ghostfreak|64/100 psn|[from] psn
|upkeep
|turn|19
|
|t:|1759076108
|move|p1a: Ghostfreak|Phantom Force|p2a: Toxapex|[from] lockedmove
|-damage|p2a: Toxapex|62/100
|-end|p2a: Toxapex|confusion
|move|p2a: Toxapex|Recover|p2a: Toxapex
|-heal|p2a: Toxapex|100/100
|
|-damage|p1a: Ghostfreak|52/100 psn|[from] psn
|upkeep
|turn|20
|
|t:|1759076116
|move|p1a: Ghostfreak|Confuse Ray|p2a: Toxapex
|-start|p2a: Toxapex|confusion
|-activate|p2a: Toxapex|confusion
|-damage|p2a: Toxapex|95/100|[from] confusion
|
|-heal|p2a: Toxapex|100/100|[from] item: Leftovers
|-damage|p1a: Ghostfreak|39/100 psn|[from] psn
|upkeep
|turn|21
|
|t:|1759076124
|move|p1a: Ghostfreak|Phantom Force||[still]
|-prepare|p1a: Ghostfreak|Phantom Force
|-activate|p2a: Toxapex|confusion
|move|p2a: Toxapex|Recover||[still]
|-fail|p2a: Toxapex|heal
|
|-damage|p1a: Ghostfreak|27/100 psn|[from] psn
|upkeep
|turn|22
|
|t:|1759076142
|move|p1a: Ghostfreak|Phantom Force|p2a: Toxapex|[from] lockedmove
|-damage|p2a: Toxapex|66/100
|-activate|p2a: Toxapex|confusion
|-damage|p2a: Toxapex|60/100|[from] confusion
|
|-heal|p2a: Toxapex|66/100|[from] item: Leftovers
|-damage|p1a: Ghostfreak|15/100 psn|[from] psn
|upkeep
|turn|23
|inactive|dyarus has 120 seconds left.
|
|t:|1759076175
|move|p1a: Ghostfreak|Poltergeist|p2a: Toxapex
|-activate|p2a: Toxapex|move: Poltergeist|Leftovers
|-damage|p2a: Toxapex|25/100
|-end|p2a: Toxapex|confusion
|move|p2a: Toxapex|Recover|p2a: Toxapex
|-heal|p2a: Toxapex|75/100
|
|-heal|p2a: Toxapex|81/100|[from] item: Leftovers
|-damage|p1a: Ghostfreak|3/100 psn|[from] psn
|upkeep
|turn|24
|inactive|dyarus has 120 seconds left.
|
|t:|1759076189
|move|p1a: Ghostfreak|Poltergeist|p2a: Toxapex
|-activate|p2a: Toxapex|move: Poltergeist|Leftovers
|-damage|p2a: Toxapex|39/100
|move|p2a: Toxapex|Recover|p2a: Toxapex
|-heal|p2a: Toxapex|89/100
|
|-heal|p2a: Toxapex|95/100|[from] item: Leftovers
|-damage|p1a: Ghostfreak|0 fnt|[from] psn
|faint|p1a: Ghostfreak
|upkeep
|
|t:|1759076198
|switch|p1a: Buzzshock|Rotom-Fan|100/100
|turn|25
|
|t:|1759076203
|move|p1a: Buzzshock|Discharge|p2a: Toxapex
|-supereffective|p2a: Toxapex
|-damage|p2a: Toxapex|21/100
|move|p2a: Toxapex|Toxic|p1a: Buzzshock
|-status|p1a: Buzzshock|tox
|
|-heal|p2a: Toxapex|27/100|[from] item: Leftovers
|-damage|p1a: Buzzshock|94/100 tox|[from] psn
|upkeep
|turn|26
|
|t:|1759076211
|move|p1a: Buzzshock|Nasty Plot|p1a: Buzzshock
|-boost|p1a: Buzzshock|spa|2
|move|p2a: Toxapex|Recover|p2a: Toxapex
|-heal|p2a: Toxapex|77/100
|
|-heal|p2a: Toxapex|83/100|[from] item: Leftovers
|-damage|p1a: Buzzshock|82/100 tox|[from] psn
|upkeep
|turn|27
|
|t:|1759076219
|move|p1a: Buzzshock|Discharge|p2a: Toxapex
|-supereffective|p2a: Toxapex
|-damage|p2a: Toxapex|0 fnt
|faint|p2a: Toxapex
|
|-damage|p1a: Buzzshock|63/100 tox|[from] psn
|upkeep
|
|t:|1759076226
|switch|p2a: Ampharos|Ampharos, F|100/100
|-item|p2a: Ampharos|Air Balloon
|turn|28
|
|t:|1759076232
|move|p1a: Buzzshock|Hex|p2a: Ampharos
|-crit|p2a: Ampharos
|-damage|p2a: Ampharos|30/100
|-enditem|p2a: Ampharos|Air Balloon
|move|p2a: Ampharos|Dragon Pulse|p1a: Buzzshock
|-damage|p1a: Buzzshock|22/100 tox
|
|-damage|p1a: Buzzshock|0 fnt|[from] psn
|faint|p1a: Buzzshock
|
|win|dyarus
|raw|Trumpthat's rating: 1089 &rarr; <strong>1066</strong><br />(-23 for losing)
|raw|dyarus's rating: 1100 &rarr; <strong>1124</strong><br />(+24 for winning)
|c|☆Trumpthat|gg
|l|☆dyarus
|player|p2|
|l|☆Trumpthat
|player|p1|
