|j|☆Jagger is a boss
|j|☆cp collective
|t:|1758995547
|gametype|singles
|player|p1|Jagger is a boss|pokekid|1282
|player|p2|cp collective|eusine|1320
|gen|9
|tier|[Gen 9] OU
|rated|
|rule|HP Percentage Mod: HP is shown in percentages
|rule|Endless Battle Clause: Forcing endless battles is banned
|rule|Species Clause: Limit one of each Pokémon
|rule|OHKO Clause: OHKO moves are banned
|rule|Evasion Items Clause: Evasion items are banned
|rule|Evasion Moves Clause: Evasion moves are banned
|rule|Evasion Abilities Clause: Evasion abilities are banned
|rule|Sleep Moves Clause: Sleep-inducing moves are banned
|clearpoke
|poke|p1|Muk-Alola, M|
|poke|p1|Cryogonal|
|poke|p1|Garganacl, M|
|poke|p1|Rillaboom, M|
|poke|p1|Heatran, M|
|poke|p1|Drifblim, F|
|poke|p2|Ninetales, M|
|poke|p2|Lilligant-Hisui, F|
|poke|p2|Great Tusk|
|poke|p2|Walking Wake|
|poke|p2|Comfey, F|
|poke|p2|Iron Moth|
|teampreview
|inactive|Battle timer is ON: inactive players will automatically lose when time's up. (requested by Jagger is a boss)
|
|t:|1758995561
|teamsize|p1|6
|teamsize|p2|6
|start
|switch|p1a: Harambe|Rillaboom, M|100/100
|switch|p2a: Walking Wake|Walking Wake|100/100
|-fieldstart|move: Grassy Terrain|[from] ability: Grassy Surge|[of] p1a: Harambe
|turn|1
|
|t:|1758995573
|-end|p2a: Walking Wake|Protosynthesis|[silent]
|switch|p2a: Ninetales|Ninetales, M|100/100
|-weather|SunnyDay|[from] ability: Drought|[of] p2a: Ninetales
|move|p1a: Harambe|Leech Seed|p2a: Ninetales|[miss]
|-miss|p1a: Harambe|p2a: Ninetales
|
|-weather|SunnyDay|[upkeep]
|upkeep
|turn|2
|
|t:|1758995591
|switch|p2a: Great Tusk|Great Tusk|100/100
|-activate|p2a: Great Tusk|ability: Protosynthesis
|-start|p2a: Great Tusk|protosynthesisspe
|move|p1a: Harambe|Protect||[still]
|-fail|p1a: Harambe
|
|-weather|SunnyDay|[upkeep]
|upkeep
|turn|3
|inactive|cp collective has 120 seconds left.
|
|t:|1758995625
|-terastallize|p2a: Great Tusk|Fire
|move|p2a: Great Tusk|Ice Spinner|p1a: Harambe
|-supereffective|p1a: Harambe
|-damage|p1a: Harambe|63/100
|-fieldend|move: Grassy Terrain
|move|p1a: Harambe|Leech Seed|p2a: Great Tusk
|-start|p2a: Great Tusk|move: Leech Seed
|
|-weather|SunnyDay|[upkeep]
|-damage|p2a: Great Tusk|88/100|[from] Leech Seed|[of] p1a: Harambe
|-heal|p1a: Harambe|79/100|[silent]
|upkeep
|turn|4
|inactive|cp collective has 120 seconds left.
|
|t:|1758995634
|move|p1a: Harambe|Protect|p1a: Harambe
|-singleturn|p1a: Harambe|Protect
|move|p2a: Great Tusk|Stealth Rock|p1a: Harambe
|-sidestart|p1: Jagger is a boss|move: Stealth Rock
|
|-weather|SunnyDay|[upkeep]
|-damage|p2a: Great Tusk|76/100|[from] Leech Seed|[of] p1a: Harambe
|-heal|p1a: Harambe|95/100|[silent]
|upkeep
|turn|5
|
|t:|1758995642
|-end|p2a: Great Tusk|Protosynthesis|[silent]
|switch|p2a: Ninetales|Ninetales, M|100/100
|move|p1a: Harambe|Swords Dance|p1a: Harambe
|-boost|p1a: Harambe|atk|2
|
|-weather|SunnyDay|[upkeep]
|upkeep
|turn|6
|
|t:|1758995651
|move|p2a: Ninetales|Weather Ball|p1a: Harambe
|-supereffective|p1a: Harambe
|-damage|p1a: Harambe|19/100
|move|p1a: Harambe|Leech Seed|p2a: Ninetales
|-start|p2a: Ninetales|move: Leech Seed
|
|-weather|SunnyDay|[upkeep]
|-damage|p2a: Ninetales|88/100|[from] Leech Seed|[of] p1a: Harambe
|-heal|p1a: Harambe|32/100|[silent]
|upkeep
|turn|7
|
|t:|1758995659
|move|p1a: Harambe|Protect|p1a: Harambe
|-singleturn|p1a: Harambe|Protect
|move|p2a: Ninetales|Encore|p1a: Harambe
|-activate|p1a: Harambe|move: Protect
|
|-weather|SunnyDay|[upkeep]
|-damage|p2a: Ninetales|76/100|[from] Leech Seed|[of] p1a: Harambe
|-heal|p1a: Harambe|44/100|[silent]
|upkeep
|turn|8
|
|t:|1758995668
|switch|p2a: Great Tusk|Great Tusk, tera:Fire|76/100
|-activate|p2a: Great Tusk|ability: Protosynthesis
|-start|p2a: Great Tusk|protosynthesisspe
|switch|p1a: Idk|Garganacl, M|100/100
|-damage|p1a: Idk|88/100|[from] Stealth Rock
|
|-weather|none
|-end|p2a: Great Tusk|Protosynthesis
|-heal|p1a: Idk|94/100|[from] item: Leftovers
|upkeep
|turn|9
|
|t:|1758995676
|move|p2a: Great Tusk|Headlong Rush|p1a: Idk
|-supereffective|p1a: Idk
|-damage|p1a: Idk|27/100
|-unboost|p2a: Great Tusk|def|1
|-unboost|p2a: Great Tusk|spd|1
|move|p1a: Idk|Salt Cure|p2a: Great Tusk
|-supereffective|p2a: Great Tusk
|-damage|p2a: Great Tusk|48/100
|-start|p2a: Great Tusk|Salt Cure
|
|-heal|p1a: Idk|33/100|[from] item: Leftovers
|-damage|p2a: Great Tusk|36/100|[from] Salt Cure
|upkeep
|turn|10
|
|t:|1758995685
|-end|p2a: Great Tusk|Protosynthesis|[silent]
|switch|p2a: Ninetales|Ninetales, M|76/100
|-weather|SunnyDay|[from] ability: Drought|[of] p2a: Ninetales
|switch|p1a: Liberal|Cryogonal|100/100
|-damage|p1a: Liberal|76/100|[from] Stealth Rock
|
|-weather|SunnyDay|[upkeep]
|-heal|p1a: Liberal|82/100|[from] item: Leftovers
|upkeep
|turn|11
|
|t:|1758995695
|move|p2a: Ninetales|Weather Ball|p1a: Liberal
|-supereffective|p1a: Liberal
|-damage|p1a: Liberal|12/100
|move|p1a: Liberal|Rapid Spin|p2a: Ninetales
|-damage|p2a: Ninetales|68/100
|-boost|p1a: Liberal|spe|1
|-sideend|p1: Jagger is a boss|Stealth Rock|[from] move: Rapid Spin|[of] p1a: Liberal
|
|-weather|SunnyDay|[upkeep]
|-heal|p1a: Liberal|18/100|[from] item: Leftovers
|upkeep
|turn|12
|
|t:|1758995703
|-terastallize|p1a: Liberal|Electric
|move|p1a: Liberal|Recover|p1a: Liberal
|-heal|p1a: Liberal|68/100
|move|p2a: Ninetales|Weather Ball|p1a: Liberal
|-damage|p1a: Liberal|35/100
|
|-weather|SunnyDay|[upkeep]
|-heal|p1a: Liberal|41/100|[from] item: Leftovers
|upkeep
|turn|13
|
|t:|1758995712
|move|p1a: Liberal|Tera Blast|p2a: Ninetales|[anim] Tera Blast Electric
|-damage|p2a: Ninetales|32/100
|move|p2a: Ninetales|Encore|p1a: Liberal
|-start|p1a: Liberal|Encore
|
|-weather|SunnyDay|[upkeep]
|-heal|p1a: Liberal|47/100|[from] item: Leftovers
|upkeep
|turn|14
|
|t:|1758995716
|switch|p2a: Great Tusk|Great Tusk, tera:Fire|36/100
|-activate|p2a: Great Tusk|ability: Protosynthesis
|-start|p2a: Great Tusk|protosynthesisspe
|move|p1a: Liberal|Tera Blast|p2a: Great Tusk|[anim] Tera Blast Electric
|-damage|p2a: Great Tusk|0 fnt
|faint|p2a: Great Tusk
|-end|p2a: Great Tusk|Protosynthesis|[silent]
|
|-weather|SunnyDay|[upkeep]
|-heal|p1a: Liberal|53/100|[from] item: Leftovers
|upkeep
|
|t:|1758995725
|switch|p2a: Lilligant|Lilligant-Hisui, F|100/100
|turn|15
|
|t:|1758995734
|switch|p1a: Backwards|Muk-Alola, M|100/100
|move|p2a: Lilligant|Victory Dance|p2a: Lilligant
|-boost|p2a: Lilligant|atk|1
|-boost|p2a: Lilligant|def|1
|-boost|p2a: Lilligant|spe|1
|
|-weather|SunnyDay|[upkeep]
|upkeep
|turn|16
|
|t:|1758995745
|move|p2a: Lilligant|Axe Kick|p1a: Backwards
|-damage|p1a: Backwards|16/100
|-start|p1a: Backwards|confusion
|-activate|p1a: Backwards|confusion
|move|p1a: Backwards|Poison Jab|p2a: Lilligant
|-supereffective|p2a: Lilligant
|-damage|p2a: Lilligant|24/100
|-status|p2a: Lilligant|psn
|
|-weather|SunnyDay|[upkeep]
|-damage|p2a: Lilligant|11/100 psn|[from] psn
|upkeep
|turn|17
|
|t:|1758995753
|-activate|p1a: Backwards|confusion
|move|p1a: Backwards|Shadow Sneak|p2a: Lilligant
|-damage|p2a: Lilligant|0 fnt
|faint|p2a: Lilligant
|
|-weather|none
|upkeep
|
|t:|1758995758
|switch|p2a: Ninetales|Ninetales, M|32/100
|-weather|SunnyDay|[from] ability: Drought|[of] p2a: Ninetales
|turn|18
|
|t:|1758995762
|-activate|p1a: Backwards|confusion
|move|p1a: Backwards|Shadow Sneak|p2a: Ninetales
|-damage|p2a: Ninetales|16/100
|move|p2a: Ninetales|Weather Ball|p1a: Backwards
|-damage|p1a: Backwards|0 fnt
|faint|p1a: Backwards
|
|-weather|SunnyDay|[upkeep]
|upkeep
|
|t:|1758995772
|switch|p1a: Harambe|Rillaboom, M|44/100
|-fieldstart|move: Grassy Terrain|[from] ability: Grassy Surge|[of] p1a: Harambe
|turn|19
|
|t:|1758995780
|switch|p2a: Iron Moth|Iron Moth|100/100
|-enditem|p2a: Iron Moth|Booster Energy
|-activate|p2a: Iron Moth|ability: Quark Drive|[fromitem]
|-start|p2a: Iron Moth|quarkdrivespa
|move|p1a: Harambe|Grassy Glide|p2a: Iron Moth
|-resisted|p2a: Iron Moth
|-damage|p2a: Iron Moth|87/100
|
|-weather|SunnyDay|[upkeep]
|-heal|p2a: Iron Moth|93/100|[from] Grassy Terrain
|-heal|p1a: Harambe|50/100|[from] Grassy Terrain
|upkeep
|turn|20
|
|t:|1758995795
|-end|p2a: Iron Moth|Quark Drive|[silent]
|switch|p2a: Walking Wake|Walking Wake|100/100
|-activate|p2a: Walking Wake|ability: Protosynthesis
|-start|p2a: Walking Wake|protosynthesisspe
|switch|p1a: Idk|Garganacl, M|33/100
|
|-weather|SunnyDay|[upkeep]
|-heal|p1a: Idk|39/100|[from] Grassy Terrain
|-heal|p1a: Idk|46/100|[from] item: Leftovers
|upkeep
|turn|21
|
|t:|1758995808
|move|p2a: Walking Wake|Hydro Steam|p1a: Idk
|-supereffective|p1a: Idk
|-damage|p1a: Idk|0 fnt
|faint|p1a: Idk
|
|-weather|SunnyDay|[upkeep]
|upkeep
|
|t:|1758995816
|switch|p1a: Hindenburg|Drifblim, F|100/100
|-enditem|p1a: Hindenburg|Grassy Seed
|-boost|p1a: Hindenburg|def|1|[from] item: Grassy Seed
|turn|22
|
|t:|1758995832
|move|p2a: Walking Wake|Flip Turn|p1a: Hindenburg
|-damage|p1a: Hindenburg|96/100
|
|t:|1758995841
|-end|p2a: Walking Wake|Protosynthesis|[silent]
|switch|p2a: Iron Moth|Iron Moth|93/100|[from] Flip Turn
|move|p1a: Hindenburg|Calm Mind|p1a: Hindenburg
|-boost|p1a: Hindenburg|spa|1
|-boost|p1a: Hindenburg|spd|1
|
|-weather|SunnyDay|[upkeep]
|-heal|p2a: Iron Moth|99/100|[from] Grassy Terrain
|upkeep
|turn|23
|
|t:|1758995847
|move|p1a: Hindenburg|Calm Mind|p1a: Hindenburg
|-boost|p1a: Hindenburg|spa|1
|-boost|p1a: Hindenburg|spd|1
|move|p2a: Iron Moth|Fiery Dance|p1a: Hindenburg
|-damage|p1a: Hindenburg|66/100
|
|-weather|SunnyDay|[upkeep]
|-heal|p2a: Iron Moth|100/100|[from] Grassy Terrain
|upkeep
|turn|24
|
|t:|1758995866
|move|p1a: Hindenburg|Calm Mind|p1a: Hindenburg
|-boost|p1a: Hindenburg|spa|1
|-boost|p1a: Hindenburg|spd|1
|move|p2a: Iron Moth|Fiery Dance|p1a: Hindenburg
|-damage|p1a: Hindenburg|44/100
|
|-weather|SunnyDay|[upkeep]
|upkeep
|turn|25
|
|t:|1758995881
|move|p1a: Hindenburg|Strength Sap|p2a: Iron Moth
|-unboost|p2a: Iron Moth|atk|1
|-heal|p1a: Hindenburg|73/100
|move|p2a: Iron Moth|Overheat|p1a: Hindenburg
|-damage|p1a: Hindenburg|36/100
|-unboost|p2a: Iron Moth|spa|2
|
|-weather|none
|upkeep
|turn|26
|
|t:|1758995899
|-end|p2a: Iron Moth|Quark Drive|[silent]
|switch|p2a: Ninetales|Ninetales, M|16/100
|-weather|SunnyDay|[from] ability: Drought|[of] p2a: Ninetales
|move|p1a: Hindenburg|Shadow Ball|p2a: Ninetales
|-damage|p2a: Ninetales|0 fnt
|faint|p2a: Ninetales
|
|-weather|SunnyDay|[upkeep]
|-fieldend|move: Grassy Terrain
|upkeep
|
|t:|1758995921
|switch|p2a: Comfey|Comfey, F|100/100
|turn|27
|
|t:|1758995931
|move|p1a: Hindenburg|Stored Power|p2a: Comfey
|-damage|p2a: Comfey|22/100
|move|p2a: Comfey|Growth|p2a: Comfey
|-boost|p2a: Comfey|atk|2
|-boost|p2a: Comfey|spa|2
|
|-weather|SunnyDay|[upkeep]
|upkeep
|turn|28
|
|t:|1758995936
|move|p1a: Hindenburg|Shadow Ball|p2a: Comfey
|-damage|p2a: Comfey|0 fnt
|faint|p2a: Comfey
|
|-weather|SunnyDay|[upkeep]
|upkeep
|c|☆cp collective|shit wrong abillity gg
|-message|cp collective forfeited.
|
|win|Jagger is a boss
|raw|Jagger is a boss's rating: 1282 &rarr; <strong>1310</strong><br />(+28 for winning)
|raw|cp collective's rating: 1320 &rarr; <strong>1298</strong><br />(-22 for losing)
|l|☆cp collective
|player|p2|
|l|☆Jagger is a boss
|player|p1|
