|j|☆ml26
|j|☆Chopola
|t:|1758940614
|gametype|singles
|player|p1|ml26|102|1174
|player|p2|Chopola|adaman|1260
|gen|9
|tier|[Gen 9] OU
|rated|
|rule|HP Percentage Mod: HP is shown in percentages
|rule|Endless Battle Clause: Forcing endless battles is banned
|rule|Species Clause: Limit one of each Pokémon
|rule|OHKO Clause: OHKO moves are banned
|rule|Evasion Items Clause: Evasion items are banned
|rule|Evasion Moves Clause: Evasion moves are banned
|rule|Evasion Abilities Clause: Evasion abilities are banned
|rule|Sleep Moves Clause: Sleep-inducing moves are banned
|clearpoke
|poke|p1|Ting-Lu|
|poke|p1|Slowking-Galar, M|
|poke|p1|Corviknight, M|
|poke|p1|Cinderace, M|
|poke|p1|Ogerpon-Wellspring, F|
|poke|p1|Raging Bolt|
|poke|p2|Ursaluna, M|
|poke|p2|Cresselia, F|
|poke|p2|Iron Valiant|
|poke|p2|Hatterene, F|
|poke|p2|Keldeo-Resolute|
|poke|p2|Ogerpon, F|
|teampreview
|inactive|Battle timer is ON: inactive players will automatically lose when time's up. (requested by ml26)
|
|t:|1758940621
|teamsize|p1|6
|teamsize|p2|6
|start
|switch|p1a: Corviknight|Corviknight, M|100/100
|switch|p2a: Cresselia|Cresselia, F, shiny|100/100
|-ability|p1a: Corviknight|Pressure
|turn|1
|
|t:|1758940628
|move|p1a: Corviknight|U-turn|p2a: Cresselia
|-supereffective|p2a: Cresselia
|-damage|p2a: Cresselia|83/100
|-damage|p1a: Corviknight|84/100|[from] item: Rocky Helmet|[of] p2a: Cresselia
|
|t:|1758940644
|switch|p1a: Ogerpon|Ogerpon-Wellspring, F|100/100|[from] U-turn
|move|p2a: Cresselia|Trick Room|p2a: Cresselia
|-fieldstart|move: Trick Room|[of] p2a: Cresselia
|
|upkeep
|turn|2
|
|t:|1758940662
|switch|p2a: Keldeo|Keldeo-Resolute|100/100
|move|p1a: Ogerpon|Knock Off|p2a: Keldeo
|-resisted|p2a: Keldeo
|-damage|p2a: Keldeo|80/100
|-ability|p2a: Keldeo|Justified|boost
|-boost|p2a: Keldeo|atk|1
|-enditem|p2a: Keldeo|Choice Specs|[from] move: Knock Off|[of] p1a: Ogerpon
|
|upkeep
|turn|3
|inactive|ml26 has 120 seconds left.
|
|t:|1758940697
|switch|p1a: Slowking|Slowking-Galar, M|100/100
|move|p2a: Keldeo|Secret Sword|p1a: Slowking
|-resisted|p1a: Slowking
|-damage|p1a: Slowking|92/100
|
|upkeep
|turn|4
|inactive|ml26 has 120 seconds left.
|
|t:|1758940705
|switch|p2a: Ursaluna|Ursaluna, M, shiny|100/100
|move|p1a: Slowking|Psychic Noise|p2a: Ursaluna
|-damage|p2a: Ursaluna|75/100
|-start|p2a: Ursaluna|move: Heal Block
|
|-status|p2a: Ursaluna|brn|[from] item: Flame Orb
|upkeep
|turn|5
|
|t:|1758940719
|switch|p1a: Corviknight|Corviknight, M|84/100
|-ability|p1a: Corviknight|Pressure
|move|p2a: Ursaluna|Facade|p1a: Corviknight
|-resisted|p1a: Corviknight
|-damage|p1a: Corviknight|46/100
|-damage|p2a: Ursaluna|58/100 brn|[from] item: Rocky Helmet|[of] p1a: Corviknight
|
|-damage|p2a: Ursaluna|52/100 brn|[from] brn
|-end|p2a: Ursaluna|move: Heal Block
|-fieldend|move: Trick Room
|upkeep
|turn|6
|
|t:|1758940731
|move|p1a: Corviknight|Roost|p1a: Corviknight
|-heal|p1a: Corviknight|96/100
|-singleturn|p1a: Corviknight|move: Roost
|move|p2a: Ursaluna|Headlong Rush|p1a: Corviknight
|-supereffective|p1a: Corviknight
|-damage|p1a: Corviknight|0 fnt
|-unboost|p2a: Ursaluna|def|1
|-unboost|p2a: Ursaluna|spd|1
|-damage|p2a: Ursaluna|35/100 brn|[from] item: Rocky Helmet|[of] p1a: Corviknight
|faint|p1a: Corviknight
|
|-damage|p2a: Ursaluna|29/100 brn|[from] brn
|upkeep
|inactive|ml26 has 120 seconds left.
|
|t:|1758940753
|switch|p1a: Ogerpon|Ogerpon-Wellspring, F|100/100
|turn|7
|
|t:|1758940761
|switch|p2a: Cresselia|Cresselia, F, shiny|83/100
|move|p1a: Ogerpon|U-turn|p2a: Cresselia
|-supereffective|p2a: Cresselia
|-damage|p2a: Cresselia|49/100
|-damage|p1a: Ogerpon|84/100|[from] item: Rocky Helmet|[of] p2a: Cresselia
|
|t:|1758940776
|switch|p1a: Cinderace|Cinderace, M|100/100|[from] U-turn
|
|upkeep
|turn|8
|
|t:|1758940789
|move|p1a: Cinderace|U-turn|p2a: Cresselia
|-start|p1a: Cinderace|typechange|Bug|[from] ability: Libero
|-supereffective|p2a: Cresselia
|-damage|p2a: Cresselia|10/100
|-damage|p1a: Cinderace|84/100|[from] item: Rocky Helmet|[of] p2a: Cresselia
|
|t:|1758940796
|switch|p1a: Ogerpon|Ogerpon-Wellspring, F|84/100|[from] U-turn
|move|p2a: Cresselia|Trick Room|p2a: Cresselia
|-fieldstart|move: Trick Room|[of] p2a: Cresselia
|
|upkeep
|turn|9
|
|t:|1758940804
|move|p2a: Cresselia|Lunar Dance|p2a: Cresselia
|faint|p2a: Cresselia
|move|p1a: Ogerpon|U-turn|p2: Cresselia|[notarget]
|-fail|p1a: Ogerpon
|
|upkeep
|
|t:|1758940808
|switch|p2a: Ursaluna|Ursaluna, M, shiny|29/100 brn
|-heal|p2a: Ursaluna|100/100|[from] move: Lunar Dance
|turn|10
|inactive|ml26 has 120 seconds left.
|
|t:|1758940847
|move|p2a: Ursaluna|Facade|p1a: Ogerpon
|-damage|p1a: Ogerpon|29/100
|move|p1a: Ogerpon|Ivy Cudgel|p2a: Ursaluna|[anim] Ivy Cudgel Water
|-supereffective|p2a: Ursaluna
|-damage|p2a: Ursaluna|24/100
|
|-status|p2a: Ursaluna|brn|[from] item: Flame Orb
|upkeep
|turn|11
|inactive|ml26 has 90 seconds left.
|
|t:|1758940877
|switch|p1a: Raging Bolt|Raging Bolt|100/100
|move|p2a: Ursaluna|Facade|p1a: Raging Bolt
|-damage|p1a: Raging Bolt|0 fnt
|faint|p1a: Raging Bolt
|-end|p1a: Raging Bolt|Protosynthesis|[silent]
|
|-damage|p2a: Ursaluna|18/100 brn|[from] brn
|upkeep
|
|t:|1758940888
|switch|p1a: Cinderace|Cinderace, M|84/100
|turn|12
|
|t:|1758940892
|switch|p2a: Hatterene|Hatterene, F, shiny|100/100
|move|p1a: Cinderace|Sucker Punch||[still]
|-fail|p1a: Cinderace
|
|-fieldend|move: Trick Room
|upkeep
|turn|13
|
|t:|1758940907
|move|p1a: Cinderace|Pyro Ball|p2a: Hatterene
|-damage|p2a: Hatterene|39/100
|move|p2a: Hatterene|Trick Room|p2a: Hatterene
|-fieldstart|move: Trick Room|[of] p2a: Hatterene
|
|upkeep
|turn|14
|
|t:|1758940913
|move|p2a: Hatterene|Healing Wish|p2a: Hatterene
|faint|p2a: Hatterene
|move|p1a: Cinderace|Pyro Ball|p2: Hatterene|[notarget]
|-fail|p1a: Cinderace
|
|upkeep
|
|t:|1758940918
|switch|p2a: Ursaluna|Ursaluna, M, shiny|18/100 brn
|-heal|p2a: Ursaluna|100/100|[from] move: Healing Wish
|turn|15
|inactive|ml26 has 90 seconds left.
|
|t:|1758940931
|switch|p1a: Ogerpon|Ogerpon-Wellspring, F|29/100
|move|p2a: Ursaluna|Headlong Rush|p1a: Ogerpon
|-resisted|p1a: Ogerpon
|-damage|p1a: Ogerpon|0 fnt
|-unboost|p2a: Ursaluna|def|1
|-unboost|p2a: Ursaluna|spd|1
|faint|p1a: Ogerpon
|
|-status|p2a: Ursaluna|brn|[from] item: Flame Orb
|upkeep
|inactive|ml26 has 90 seconds left.
|
|t:|1758940956
|switch|p1a: Ting-Lu|Ting-Lu|100/100
|-ability|p1a: Ting-Lu|Vessel of Ruin
|turn|16
|
|t:|1758940961
|move|p2a: Ursaluna|Facade|p1a: Ting-Lu
|-damage|p1a: Ting-Lu|36/100
|move|p1a: Ting-Lu|Rest|p1a: Ting-Lu
|-status|p1a: Ting-Lu|slp|[from] move: Rest
|-heal|p1a: Ting-Lu|100/100 slp|[silent]
|
|-damage|p2a: Ursaluna|94/100 brn|[from] brn
|upkeep
|turn|17
|inactive|ml26 has 90 seconds left.
|
|t:|1758940972
|-terastallize|p2a: Ursaluna|Normal
|move|p2a: Ursaluna|Facade|p1a: Ting-Lu
|-damage|p1a: Ting-Lu|15/100 slp
|cant|p1a: Ting-Lu|slp
|move|p1a: Ting-Lu|Sleep Talk|p1a: Ting-Lu
|move|p1a: Ting-Lu|Earthquake|p2a: Ursaluna|[from] move: Sleep Talk
|-damage|p2a: Ursaluna|55/100 brn
|
|-heal|p1a: Ting-Lu|21/100 slp|[from] item: Leftovers
|-damage|p2a: Ursaluna|49/100 brn|[from] brn
|-fieldend|move: Trick Room
|upkeep
|turn|18
|inactive|ml26 has 90 seconds left.
|
|t:|1758940997
|cant|p1a: Ting-Lu|slp
|move|p2a: Ursaluna|Facade|p1a: Ting-Lu
|-damage|p1a: Ting-Lu|0 fnt
|faint|p1a: Ting-Lu
|
|-damage|p2a: Ursaluna|43/100 brn|[from] brn
|upkeep
|
|t:|1758941003
|switch|p1a: Cinderace|Cinderace, M|84/100
|turn|19
|
|t:|1758941016
|switch|p2a: Iron Valiant|Iron Valiant|100/100
|-enditem|p2a: Iron Valiant|Booster Energy
|-activate|p2a: Iron Valiant|ability: Quark Drive|[fromitem]
|-start|p2a: Iron Valiant|quarkdrivespe
|move|p1a: Cinderace|Pyro Ball|p2a: Iron Valiant
|-damage|p2a: Iron Valiant|29/100
|
|upkeep
|turn|20
|inactive|ml26 has 90 seconds left.
|
|t:|1758941030
|switch|p1a: Slowking|Slowking-Galar, M|100/100
|move|p2a: Iron Valiant|Destiny Bond|p2a: Iron Valiant
|-singlemove|p2a: Iron Valiant|Destiny Bond
|
|upkeep
|turn|21
|inactive|ml26 has 90 seconds left.
|
|t:|1758941054
|move|p2a: Iron Valiant|Moonblast|p1a: Slowking
|-resisted|p1a: Slowking
|-damage|p1a: Slowking|81/100
|move|p1a: Slowking|Ice Beam|p2a: Iron Valiant
|-crit|p2a: Iron Valiant
|-damage|p2a: Iron Valiant|0 fnt
|faint|p2a: Iron Valiant
|-end|p2a: Iron Valiant|Quark Drive|[silent]
|
|upkeep
|
|t:|1758941059
|switch|p2a: Keldeo|Keldeo-Resolute|80/100
|turn|22
|
|t:|1758941069
|move|p2a: Keldeo|Surf|p1a: Slowking
|-damage|p1a: Slowking|42/100
|move|p1a: Slowking|Psychic Noise|p2a: Keldeo
|-supereffective|p2a: Keldeo
|-crit|p2a: Keldeo
|-damage|p2a: Keldeo|0 fnt
|faint|p2a: Keldeo
|
|upkeep
|
|t:|1758941076
|switch|p2a: Ogerpon|Ogerpon, F|100/100
|turn|23
|
|t:|1758941085
|move|p2a: Ogerpon|Knock Off|p1a: Slowking
|-supereffective|p1a: Slowking
|-damage|p1a: Slowking|0 fnt
|-enditem|p1a: Slowking|Heavy-Duty Boots|[from] move: Knock Off|[of] p2a: Ogerpon
|faint|p1a: Slowking
|
|upkeep
|
|t:|1758941088
|switch|p1a: Cinderace|Cinderace, M|84/100
|turn|24
|
|t:|1758941096
|-terastallize|p1a: Cinderace|Fire
|move|p1a: Cinderace|Pyro Ball|p2a: Ogerpon
|-supereffective|p2a: Ogerpon
|-damage|p2a: Ogerpon|0 fnt
|faint|p2a: Ogerpon
|
|upkeep
|
|t:|1758941100
|switch|p2a: Ursaluna|Ursaluna, M, shiny, tera:Normal|43/100 brn
|turn|25
|
|t:|1758941104
|move|p1a: Cinderace|Pyro Ball|p2a: Ursaluna
|-damage|p2a: Ursaluna|0 fnt
|faint|p2a: Ursaluna
|
|win|ml26
|raw|ml26's rating: 1174 &rarr; <strong>1205</strong><br />(+31 for winning)
|raw|Chopola's rating: 1260 &rarr; <strong>1229</strong><br />(-31 for losing)
|l|☆Chopola
|player|p2|
