|j|☆lovelymoa
|j|☆Dew123
|t:|1759068611
|gametype|singles
|player|p1|lovelymoa|1|1212
|player|p2|Dew123|biker-gen4|1180
|gen|9
|tier|[Gen 9] OU
|rated|
|rule|HP Percentage Mod: HP is shown in percentages
|rule|Endless Battle Clause: Forcing endless battles is banned
|rule|Species Clause: Limit one of each Pokémon
|rule|OHKO Clause: OHKO moves are banned
|rule|Evasion Items Clause: Evasion items are banned
|rule|Evasion Moves Clause: Evasion moves are banned
|rule|Evasion Abilities Clause: Evasion abilities are banned
|rule|Sleep Moves Clause: Sleep-inducing moves are banned
|clearpoke
|poke|p1|Landorus-Therian, M|
|poke|p1|Moltres|
|poke|p1|Ogerpon-Wellspring, F|
|poke|p1|Zamazenta-*|
|poke|p1|Pelipper, M|
|poke|p1|Kyurem|
|poke|p2|Hawlucha, M|
|poke|p2|Hitmonlee, M|
|poke|p2|Grafaiai, M|
|poke|p2|Drifblim, M|
|poke|p2|Sceptile, M|
|poke|p2|Glimmora, M|
|teampreview
|inactive|Battle timer is ON: inactive players will automatically lose when time's up. (requested by Dew123)
|
|t:|1759068620
|teamsize|p1|6
|teamsize|p2|6
|start
|switch|p1a: Landorus|Landorus-Therian, M|100/100
|switch|p2a: Glimmora|Glimmora, M|100/100
|-ability|p1a: Landorus|Intimidate|boost
|-unboost|p2a: Glimmora|atk|1
|turn|1
|
|t:|1759068627
|move|p1a: Landorus|U-turn|p2a: Glimmora
|-resisted|p2a: Glimmora
|-damage|p2a: Glimmora|85/100
|-activate|p2a: Glimmora|ability: Toxic Debris
|-sidestart|p1: lovelymoa|move: Toxic Spikes
|
|t:|1759068635
|switch|p1a: Pelipper|Pelipper, M|100/100|[from] U-turn
|-weather|RainDance|[from] ability: Drizzle|[of] p1a: Pelipper
|move|p2a: Glimmora|Mortal Spin|p1a: Pelipper
|-damage|p1a: Pelipper|95/100
|-status|p1a: Pelipper|psn
|
|-weather|RainDance|[upkeep]
|-damage|p1a: Pelipper|82/100 psn|[from] psn
|upkeep
|turn|2
|
|t:|1759068646
|move|p1a: Pelipper|Surf|p2a: Glimmora
|-supereffective|p2a: Glimmora
|-damage|p2a: Glimmora|0 fnt
|faint|p2a: Glimmora
|
|-weather|RainDance|[upkeep]
|-damage|p1a: Pelipper|70/100 psn|[from] psn
|upkeep
|
|t:|1759068653
|switch|p2a: Drifblim|Drifblim, M|100/100
|turn|3
|
|t:|1759068662
|move|p1a: Pelipper|Surf|p2a: Drifblim
|-damage|p2a: Drifblim|27/100
|-enditem|p2a: Drifblim|Sitrus Berry|[eat]
|-heal|p2a: Drifblim|52/100|[from] item: Sitrus Berry
|move|p2a: Drifblim|Calm Mind|p2a: Drifblim
|-boost|p2a: Drifblim|spa|1
|-boost|p2a: Drifblim|spd|1
|
|-weather|RainDance|[upkeep]
|-damage|p1a: Pelipper|58/100 psn|[from] psn
|upkeep
|turn|4
|
|t:|1759068671
|move|p2a: Drifblim|Thunderbolt|p1a: Pelipper
|-supereffective|p1a: Pelipper
|-damage|p1a: Pelipper|0 fnt
|faint|p1a: Pelipper
|
|-weather|RainDance|[upkeep]
|upkeep
|
|t:|1759068682
|switch|p1a: Kyurem|Kyurem|100/100
|-ability|p1a: Kyurem|Pressure
|turn|5
|
|t:|1759068693
|-terastallize|p2a: Drifblim|Ghost
|move|p2a: Drifblim|Shadow Ball|p1a: Kyurem
|-damage|p1a: Kyurem|31/100
|move|p1a: Kyurem|Substitute|p1a: Kyurem
|-start|p1a: Kyurem|Substitute
|-damage|p1a: Kyurem|7/100
|
|-weather|none
|upkeep
|turn|6
|
|t:|1759068703
|move|p2a: Drifblim|Shadow Ball|p1a: Kyurem
|-end|p1a: Kyurem|Substitute
|move|p1a: Kyurem|Dragon Dance|p1a: Kyurem
|-boost|p1a: Kyurem|atk|1
|-boost|p1a: Kyurem|spe|1
|
|upkeep
|turn|7
|
|t:|1759068713
|move|p1a: Kyurem|Dragon Claw|p2a: Drifblim
|-damage|p2a: Drifblim|0 fnt
|faint|p2a: Drifblim
|
|upkeep
|
|t:|1759068716
|switch|p2a: Sceptile|Sceptile, M|100/100
|turn|8
|
|t:|1759068722
|move|p1a: Kyurem|Freeze-Dry|p2a: Sceptile
|-supereffective|p2a: Sceptile
|-damage|p2a: Sceptile|17/100
|-enditem|p2a: Sceptile|Petaya Berry|[eat]
|-boost|p2a: Sceptile|spa|1|[from] item: Petaya Berry
|move|p2a: Sceptile|Dragon Pulse|p1a: Kyurem
|-supereffective|p1a: Kyurem
|-damage|p1a: Kyurem|0 fnt
|faint|p1a: Kyurem
|
|upkeep
|
|t:|1759068732
|switch|p1a: Moltres|Moltres|100/100
|turn|9
|
|t:|1759068746
|move|p2a: Sceptile|Dragon Pulse|p1a: Moltres
|-damage|p1a: Moltres|57/100
|move|p1a: Moltres|Air Slash|p2a: Sceptile
|-supereffective|p2a: Sceptile
|-damage|p2a: Sceptile|0 fnt
|faint|p2a: Sceptile
|
|upkeep
|
|t:|1759068750
|switch|p2a: Grafaiai|Grafaiai, M|100/100
|turn|10
|
|t:|1759068760
|move|p2a: Grafaiai|Swords Dance|p2a: Grafaiai
|-boost|p2a: Grafaiai|atk|2
|move|p1a: Moltres|Will-O-Wisp|p2a: Grafaiai
|-status|p2a: Grafaiai|brn
|
|-damage|p2a: Grafaiai|95/100 brn|[from] brn
|upkeep
|turn|11
|
|t:|1759068772
|switch|p1a: Zamazenta|Zamazenta|100/100
|-status|p1a: Zamazenta|psn
|-ability|p1a: Zamazenta|Dauntless Shield|boost
|-boost|p1a: Zamazenta|def|1
|move|p2a: Grafaiai|Facade|p1a: Zamazenta
|-damage|p1a: Zamazenta|35/100 psn
|
|-heal|p1a: Zamazenta|41/100 psn|[from] item: Leftovers
|-damage|p1a: Zamazenta|28/100 psn|[from] psn
|-damage|p2a: Grafaiai|89/100 brn|[from] brn
|upkeep
|turn|12
|
|t:|1759068794
|move|p1a: Zamazenta|Body Press|p2a: Grafaiai
|-damage|p2a: Grafaiai|23/100 brn
|move|p2a: Grafaiai|Facade|p1a: Zamazenta
|-damage|p1a: Zamazenta|0 fnt
|faint|p1a: Zamazenta
|
|-damage|p2a: Grafaiai|17/100 brn|[from] brn
|upkeep
|
|t:|1759068806
|switch|p1a: Landorus|Landorus-Therian, M|100/100
|-ability|p1a: Landorus|Intimidate|boost
|-unboost|p2a: Grafaiai|atk|1
|turn|13
|
|t:|1759068822
|move|p1a: Landorus|Earthquake|p2a: Grafaiai
|-supereffective|p2a: Grafaiai
|-crit|p2a: Grafaiai
|-damage|p2a: Grafaiai|0 fnt
|faint|p2a: Grafaiai
|
|upkeep
|
|t:|1759068825
|switch|p2a: Hawlucha|Hawlucha, M|100/100
|turn|14
|
|t:|1759068830
|switch|p1a: Moltres|Moltres|57/100
|move|p2a: Hawlucha|Bulk Up|p2a: Hawlucha
|-boost|p2a: Hawlucha|atk|1
|-boost|p2a: Hawlucha|def|1
|
|upkeep
|turn|15
|
|t:|1759068836
|move|p2a: Hawlucha|Sky Attack||[still]
|-prepare|p2a: Hawlucha|Sky Attack
|-enditem|p2a: Hawlucha|Power Herb
|-anim|p2a: Hawlucha|Sky Attack|p1a: Moltres
|-crit|p1a: Moltres
|-damage|p1a: Moltres|0 fnt
|faint|p1a: Moltres
|
|upkeep
|
|t:|1759068844
|switch|p1a: Ogerpon|Ogerpon-Wellspring, F|100/100
|-status|p1a: Ogerpon|psn
|turn|16
|
|t:|1759068849
|-terastallize|p1a: Ogerpon|Water
|detailschange|p1a: Ogerpon|Ogerpon-Wellspring-Tera, F, tera:Water
|-ability|p1a: Ogerpon|Embody Aspect (Wellspring)|boost
|-boost|p1a: Ogerpon|spd|1
|move|p2a: Hawlucha|Acrobatics|p1a: Ogerpon
|-damage|p1a: Ogerpon|0 fnt
|faint|p1a: Ogerpon
|detailschange|p1: Ogerpon|Ogerpon-Wellspring, F|[silent]
|
|upkeep
|-message|lovelymoa forfeited.
|
|win|Dew123
|raw|lovelymoa's rating: 1212 &rarr; <strong>1185</strong><br />(-27 for losing)
|raw|Dew123's rating: 1180 &rarr; <strong>1207</strong><br />(+27 for winning)
|l|☆lovelymoa
|player|p1|
|l|☆Dew123
|player|p2|
