|j|☆sammersss
|j|☆GhostDumbDumb
|t:|1758955212
|gametype|singles
|player|p1|sammersss|cynthia|1416
|player|p2|GhostDumbDumb|unknown|1470
|gen|9
|tier|[Gen 9] OU
|rated|
|rule|HP Percentage Mod: HP is shown in percentages
|rule|Endless Battle Clause: Forcing endless battles is banned
|rule|Species Clause: Limit one of each Pokémon
|rule|OHKO Clause: OHKO moves are banned
|rule|Evasion Items Clause: Evasion items are banned
|rule|Evasion Moves Clause: Evasion moves are banned
|rule|Evasion Abilities Clause: Evasion abilities are banned
|rule|Sleep Moves Clause: Sleep-inducing moves are banned
|clearpoke
|poke|p1|Primarina, F|
|poke|p1|Skarmory, M|
|poke|p1|Rillaboom, M|
|poke|p1|Iron Moth|
|poke|p1|Great Tusk|
|poke|p1|Hawlucha, M|
|poke|p2|Dragapult, M|
|poke|p2|Gliscor, M|
|poke|p2|Reuniclus, F|
|poke|p2|Sceptile, M|
|poke|p2|Greninja-*, M|
|poke|p2|Weezing-Galar, M|
|teampreview
|inactive|Battle timer is ON: inactive players will automatically lose when time's up. (requested by sammersss)
|
|t:|1758955240
|teamsize|p1|6
|teamsize|p2|6
|start
|switch|p1a: Primarina|Primarina, F|100/100
|switch|p2a: Weezing|Weezing-Galar, M, shiny|100/100
|-ability|p2a: Weezing|Neutralizing Gas
|turn|1
|
|t:|1758955248
|move|p1a: Primarina|Psychic Noise|p2a: Weezing
|-supereffective|p2a: Weezing
|-damage|p2a: Weezing|53/100
|-start|p2a: Weezing|move: Heal Block
|move|p2a: Weezing|Thunderbolt|p1a: Primarina
|-supereffective|p1a: Primarina
|-damage|p1a: Primarina|69/100
|
|upkeep
|turn|2
|
|t:|1758955256
|move|p1a: Primarina|Surf|p2a: Weezing
|-damage|p2a: Weezing|9/100
|move|p2a: Weezing|Sludge Bomb|p1a: Primarina
|-supereffective|p1a: Primarina
|-damage|p1a: Primarina|22/100
|
|-end|p2a: Weezing|move: Heal Block
|upkeep
|turn|3
|
|t:|1758955276
|move|p1a: Primarina|Surf|p2a: Weezing
|-damage|p2a: Weezing|0 fnt
|faint|p2a: Weezing
|-end|p2a: Weezing|ability: Neutralizing Gas
|
|upkeep
|
|t:|1758955287
|switch|p2a: Typhlosions Lawyer|Sceptile, M, shiny|100/100
|turn|4
|
|t:|1758955294
|-terastallize|p2a: Typhlosions Lawyer|Rock
|move|p2a: Typhlosions Lawyer|Tera Blast|p1a: Primarina|[anim] Tera Blast Rock
|-damage|p1a: Primarina|0 fnt
|faint|p1a: Primarina
|
|upkeep
|
|t:|1758955308
|switch|p1a: Rillaboom|Rillaboom, M, shiny|100/100
|-fieldstart|move: Grassy Terrain|[from] ability: Grassy Surge|[of] p1a: Rillaboom
|turn|5
|inactive|GhostDumbDumb has 120 seconds left.
|
|t:|1758955336
|switch|p2a: Shoots Kids|Dragapult, M, shiny|100/100
|move|p1a: Rillaboom|Grassy Glide|p2a: Shoots Kids
|-resisted|p2a: Shoots Kids
|-damage|p2a: Shoots Kids|65/100
|
|-heal|p2a: Shoots Kids|71/100|[from] Grassy Terrain
|upkeep
|turn|6
|inactive|GhostDumbDumb has 120 seconds left.
|
|t:|1758955362
|switch|p1a: Skarmory|Skarmory, M|100/100
|move|p2a: Shoots Kids|Fire Blast|p1a: Skarmory
|-supereffective|p1a: Skarmory
|-ability|p1a: Skarmory|Sturdy
|-damage|p1a: Skarmory|1/100
|-status|p1a: Skarmory|brn
|
|-heal|p2a: Shoots Kids|77/100|[from] Grassy Terrain
|-damage|p1a: Skarmory|0 fnt|[from] brn
|faint|p1a: Skarmory
|upkeep
|inactive|sammersss has 120 seconds left.
|
|t:|1758955383
|switch|p1a: Hawlucha|Hawlucha, M, shiny|100/100
|-enditem|p1a: Hawlucha|Grassy Seed
|-boost|p1a: Hawlucha|def|1|[from] item: Grassy Seed
|turn|7
|inactive|GhostDumbDumb has 120 seconds left.
|
|t:|1758955400
|move|p1a: Hawlucha|Acrobatics|p2a: Shoots Kids
|-damage|p2a: Shoots Kids|7/100
|move|p2a: Shoots Kids|Fire Blast|p1a: Hawlucha|[miss]
|-miss|p2a: Shoots Kids|p1a: Hawlucha
|
|-heal|p2a: Shoots Kids|13/100|[from] Grassy Terrain
|upkeep
|turn|8
|
|t:|1758955409
|move|p1a: Hawlucha|Acrobatics|p2a: Shoots Kids
|-damage|p2a: Shoots Kids|0 fnt
|faint|p2a: Shoots Kids
|
|upkeep
|
|t:|1758955418
|switch|p2a: Mr Middle Finger|Gliscor, M, shiny|100/100
|turn|9
|
|t:|1758955430
|move|p1a: Hawlucha|Swords Dance|p1a: Hawlucha
|-boost|p1a: Hawlucha|atk|2
|move|p2a: Mr Middle Finger|Substitute|p2a: Mr Middle Finger
|-start|p2a: Mr Middle Finger|Substitute
|-damage|p2a: Mr Middle Finger|76/100
|
|-fieldend|move: Grassy Terrain
|-status|p2a: Mr Middle Finger|tox|[from] item: Toxic Orb
|upkeep
|turn|10
|
|t:|1758955437
|move|p1a: Hawlucha|Encore|p2a: Mr Middle Finger
|-start|p2a: Mr Middle Finger|Encore
|move|p2a: Mr Middle Finger|Substitute|p2a: Mr Middle Finger
|-fail|p2a: Mr Middle Finger|move: Substitute
|
|-heal|p2a: Mr Middle Finger|88/100 tox|[from] ability: Poison Heal
|upkeep
|turn|11
|
|t:|1758955444
|switch|p2a: Typhlosions Lawyer|Sceptile, M, shiny, tera:Rock|100/100
|move|p1a: Hawlucha|Acrobatics|p2a: Typhlosions Lawyer
|-resisted|p2a: Typhlosions Lawyer
|-damage|p2a: Typhlosions Lawyer|9/100
|
|upkeep
|turn|12
|
|t:|1758955459
|move|p1a: Hawlucha|Acrobatics|p2a: Typhlosions Lawyer
|-resisted|p2a: Typhlosions Lawyer
|-damage|p2a: Typhlosions Lawyer|0 fnt
|faint|p2a: Typhlosions Lawyer
|
|upkeep
|
|t:|1758955464
|switch|p2a: Smiff|Greninja, M|100/100
|turn|13
|
|t:|1758955469
|move|p2a: Smiff|Water Shuriken|p1a: Hawlucha
|-damage|p1a: Hawlucha|87/100
|-damage|p1a: Hawlucha|75/100
|-damage|p1a: Hawlucha|61/100
|-damage|p1a: Hawlucha|49/100
|-damage|p1a: Hawlucha|38/100
|-hitcount|p1a: Hawlucha|5
|move|p1a: Hawlucha|Close Combat|p2a: Smiff
|-supereffective|p2a: Smiff
|-damage|p2a: Smiff|0 fnt
|-unboost|p1a: Hawlucha|def|1
|-unboost|p1a: Hawlucha|spd|1
|faint|p2a: Smiff
|
|upkeep
|
|t:|1758955481
|switch|p2a: Wait...|Reuniclus, F, shiny|100/100
|turn|14
|
|t:|1758955485
|move|p1a: Hawlucha|Acrobatics|p2a: Wait...
|-damage|p2a: Wait...|9/100
|move|p2a: Wait...|Acid Armor|p2a: Wait...
|-boost|p2a: Wait...|def|2
|
|-heal|p2a: Wait...|15/100|[from] item: Leftovers
|upkeep
|turn|15
|
|t:|1758955500
|move|p1a: Hawlucha|Acrobatics|p2a: Wait...
|-damage|p2a: Wait...|0 fnt
|faint|p2a: Wait...
|
|upkeep
|-message|GhostDumbDumb forfeited.
|
|win|sammersss
|raw|sammersss's rating: 1416 &rarr; <strong>1439</strong><br />(+23 for winning)
|raw|GhostDumbDumb's rating: 1470 &rarr; <strong>1447</strong><br />(-23 for losing)
|l|☆GhostDumbDumb
|player|p2|
|l|☆sammersss
|player|p1|
