|badge|p1|silver|gen9ou|30-6
|html|<div class="broadcast-red"><strong>This battle is required to be public due to one or more player having a season medal.</strong><br />During the public phase, you can discuss the state of the ladder <a href="/seasondiscussion">in a special chatroom.</a></div>
|uhtml|medal-msg|<div class="broadcast-blue">Curious what those medals under the avatar are? PS now has Ladder Seasons! For more information, check out the <a href="https://www.smogon.com/forums/threads/3740067/">thread on Smogon.</a></div>
|badge|p2|silver|gen9ou|30-6
|uhtml|medal-msg|<div class="broadcast-blue">Curious what those medals under the avatar are? PS now has Ladder Seasons! For more information, check out the <a href="https://www.smogon.com/forums/threads/3740067/">thread on Smogon.</a></div>
|raw|<div class="broadcast-blue"><strong>This battle is required to be public due to a player having a name starting with 'medal'.</div>
|j|☆LT124YH Ghoul
|j|☆MunchlaxTheGodKing
|t:|1758981150
|gametype|singles
|player|p1|LT124YH Ghoul|allister|1971
|player|p2|MunchlaxTheGodKing|furisodegirl-black|1868
|gen|9
|tier|[Gen 9] OU
|rated|
|rule|HP Percentage Mod: HP is shown in percentages
|rule|Endless Battle Clause: Forcing endless battles is banned
|rule|Species Clause: Limit one of each Pokémon
|rule|OHKO Clause: OHKO moves are banned
|rule|Evasion Items Clause: Evasion items are banned
|rule|Evasion Moves Clause: Evasion moves are banned
|rule|Evasion Abilities Clause: Evasion abilities are banned
|rule|Sleep Moves Clause: Sleep-inducing moves are banned
|clearpoke
|poke|p1|Enamorus, F|
|poke|p1|Araquanid, M|
|poke|p1|Gholdengo|
|poke|p1|Iron Valiant|
|poke|p1|Kingambit, M|
|poke|p1|Great Tusk|
|poke|p2|Zamazenta-*|
|poke|p2|Dragapult, F|
|poke|p2|Raging Bolt|
|poke|p2|Moltres|
|poke|p2|Iron Treads|
|poke|p2|Samurott-Hisui, M|
|teampreview
|inactive|Battle timer is ON: inactive players will automatically lose when time's up. (requested by MunchlaxTheGodKing)
|inactive|LT124YH Ghoul also wants the timer to be on.
|j| TheMysteriousBoy
|j| dsvdv
|inactive|LT124YH Ghoul has 120 seconds left.
|j| Heatranator
|j| seiko leich
|j| cynasaurus
|
|t:|1758981210
|teamsize|p1|6
|teamsize|p2|6
|start
|switch|p1a: Doc Seismic|Araquanid, M, shiny|100/100
|switch|p2a: 90%≠don't blunder|Samurott-Hisui, M|100/100
|turn|1
|j| cryyysneasel
|
|t:|1758981238
|move|p2a: 90%≠don't blunder|Ceaseless Edge|p1a: Doc Seismic
|-damage|p1a: Doc Seismic|18/100
|-sidestart|p1: LT124YH Ghoul|Spikes
|move|p1a: Doc Seismic|Lunge|p2a: 90%≠don't blunder
|-supereffective|p2a: 90%≠don't blunder
|-damage|p2a: 90%≠don't blunder|16/100
|-unboost|p2a: 90%≠don't blunder|atk|1
|
|upkeep
|turn|2
|j| amefurikoneko
|-enditem|p1a: Doc Seismic|Custap Berry|[eat]
|-activate|p1a: Doc Seismic|item: Custap Berry|[consumed]
|
|t:|1758981243
|move|p1a: Doc Seismic|Sticky Web|p2a: 90%≠don't blunder
|-sidestart|p2: MunchlaxTheGodKing|move: Sticky Web
|move|p2a: 90%≠don't blunder|Ceaseless Edge|p1a: Doc Seismic
|-damage|p1a: Doc Seismic|0 fnt
|-sidestart|p1: LT124YH Ghoul|Spikes
|faint|p1a: Doc Seismic
|
|upkeep
|j| Light SV
|
|t:|1758981248
|switch|p1a: Invincible|Great Tusk|100/100
|-damage|p1a: Invincible|84/100|[from] Spikes
|-enditem|p1a: Invincible|Booster Energy
|-activate|p1a: Invincible|ability: Protosynthesis|[fromitem]
|-start|p1a: Invincible|protosynthesisspe
|turn|3
|j| KroostheKeenGlint寒
|l| KroostheKeenGlint寒
|
|t:|1758981252
|switch|p2a: Moltres|Moltres|100/100
|move|p1a: Invincible|Rapid Spin|p2a: Moltres
|-damage|p2a: Moltres|86/100
|-boost|p1a: Invincible|spe|1
|-sideend|p1: LT124YH Ghoul|Spikes|[from] move: Rapid Spin|[of] p1a: Invincible
|
|upkeep
|turn|4
|
|t:|1758981255
|move|p1a: Invincible|Head Smash|p2a: Moltres
|-supereffective|p2a: Moltres
|-damage|p2a: Moltres|0 fnt
|faint|p2a: Moltres
|-damage|p1a: Invincible|48/100|[from] Recoil
|
|upkeep
|
|t:|1758981258
|switch|p2a: 90%≠don't blunder|Samurott-Hisui, M|16/100
|-activate|p2a: 90%≠don't blunder|move: Sticky Web
|-unboost|p2a: 90%≠don't blunder|spe|1
|turn|5
|
|t:|1758981262
|move|p2a: 90%≠don't blunder|Aqua Jet|p1a: Invincible
|-supereffective|p1a: Invincible
|-damage|p1a: Invincible|8/100
|move|p1a: Invincible|Rapid Spin|p2a: 90%≠don't blunder
|-crit|p2a: 90%≠don't blunder
|-damage|p2a: 90%≠don't blunder|0 fnt
|-boost|p1a: Invincible|spe|1
|faint|p2a: 90%≠don't blunder
|
|upkeep
|
|t:|1758981267
|switch|p2a: 踩踩背|Iron Treads|100/100
|-activate|p2a: 踩踩背|move: Sticky Web
|-unboost|p2a: 踩踩背|spe|1
|turn|6
|
|t:|1758981277
|-end|p1a: Invincible|Protosynthesis|[silent]
|switch|p1a: Robot|Gholdengo|100/100
|move|p2a: 踩踩背|Rapid Spin|p1a: Robot
|-immune|p1a: Robot
|
|upkeep
|turn|7
|
|t:|1758981283
|move|p1a: Robot|Shadow Ball|p2a: 踩踩背
|-damage|p2a: 踩踩背|67/100
|-unboost|p2a: 踩踩背|spd|1
|move|p2a: 踩踩背|Knock Off|p1a: Robot
|-supereffective|p1a: Robot
|-damage|p1a: Robot|53/100
|-enditem|p1a: Robot|Covert Cloak|[from] move: Knock Off|[of] p2a: 踩踩背
|
|-heal|p2a: 踩踩背|73/100|[from] item: Leftovers
|upkeep
|turn|8
|j| vywxiwjxjwk
|
|t:|1758981299
|switch|p1a: Invincible|Great Tusk|8/100
|move|p2a: 踩踩背|Stealth Rock|p1a: Invincible
|-sidestart|p1: LT124YH Ghoul|move: Stealth Rock
|
|-heal|p2a: 踩踩背|79/100|[from] item: Leftovers
|upkeep
|turn|9
|
|t:|1758981305
|-end|p2a: 踩踩背|Quark Drive|[silent]
|switch|p2a: 24岁 喜欢发射孩子|Dragapult, F|100/100
|-activate|p2a: 24岁 喜欢发射孩子|move: Sticky Web
|-fail|p2a: 24岁 喜欢发射孩子|unboost|[from] ability: Clear Body|[of] p2a: 24岁 喜欢发射孩子
|move|p1a: Invincible|Headlong Rush|p2a: 24岁 喜欢发射孩子
|-damage|p2a: 24岁 喜欢发射孩子|32/100
|-unboost|p1a: Invincible|def|1
|-unboost|p1a: Invincible|spd|1
|
|upkeep
|turn|10
|
|t:|1758981312
|move|p2a: 24岁 喜欢发射孩子|Shadow Ball|p1a: Invincible
|-damage|p1a: Invincible|0 fnt
|faint|p1a: Invincible
|-end|p1a: Invincible|Protosynthesis|[silent]
|
|upkeep
|l| dsvdv
|
|t:|1758981319
|switch|p1a: Omni-Man|Kingambit, M|100/100
|-damage|p1a: Omni-Man|94/100|[from] Stealth Rock
|-activate|p1a: Omni-Man|ability: Supreme Overlord
|-start|p1a: Omni-Man|fallen2|[silent]
|-item|p1a: Omni-Man|Air Balloon
|turn|11
|
|t:|1758981323
|switch|p2a: 脑袋尖尖的|Zamazenta|100/100
|-activate|p2a: 脑袋尖尖的|move: Sticky Web
|-unboost|p2a: 脑袋尖尖的|spe|1
|-ability|p2a: 脑袋尖尖的|Dauntless Shield|boost
|-boost|p2a: 脑袋尖尖的|def|1
|move|p1a: Omni-Man|Sucker Punch||[still]
|-fail|p1a: Omni-Man
|
|upkeep
|turn|12
|
|t:|1758981332
|-end|p1a: Omni-Man|fallen2|[silent]
|switch|p1a: Conquest|Enamorus, F|100/100
|-damage|p1a: Conquest|76/100|[from] Stealth Rock
|move|p2a: 脑袋尖尖的|Psychic Fangs|p1a: Conquest
|-crit|p1a: Conquest
|-damage|p1a: Conquest|0 fnt
|faint|p1a: Conquest
|-damage|p2a: 脑袋尖尖的|91/100|[from] item: Life Orb
|
|upkeep
|
|t:|1758981344
|switch|p1a: Atom Eve|Iron Valiant|100/100
|-damage|p1a: Atom Eve|94/100|[from] Stealth Rock
|-enditem|p1a: Atom Eve|Booster Energy
|-activate|p1a: Atom Eve|ability: Quark Drive|[fromitem]
|-start|p1a: Atom Eve|quarkdrivespa
|turn|13
|c| vywxiwjxjwk|好ct
|j| Fifo drummer
|j| ouww miguel o hara
|
|t:|1758981365
|move|p1a: Atom Eve|Moonblast|p2a: 脑袋尖尖的
|-supereffective|p2a: 脑袋尖尖的
|-damage|p2a: 脑袋尖尖的|0 fnt
|faint|p2a: 脑袋尖尖的
|
|upkeep
|j| shuinifengB
|
|t:|1758981369
|switch|p2a: 24岁 喜欢发射孩子|Dragapult, F|32/100
|-activate|p2a: 24岁 喜欢发射孩子|move: Sticky Web
|-fail|p2a: 24岁 喜欢发射孩子|unboost|[from] ability: Clear Body|[of] p2a: 24岁 喜欢发射孩子
|turn|14
|
|t:|1758981372
|move|p2a: 24岁 喜欢发射孩子|Shadow Ball|p1a: Atom Eve
|-damage|p1a: Atom Eve|9/100
|move|p1a: Atom Eve|Moonblast|p2a: 24岁 喜欢发射孩子
|-supereffective|p2a: 24岁 喜欢发射孩子
|-damage|p2a: 24岁 喜欢发射孩子|0 fnt
|faint|p2a: 24岁 喜欢发射孩子
|
|upkeep
|
|t:|1758981376
|switch|p2a: 长脖奶龙|Raging Bolt|100/100
|turn|15
|l| shuinifengB
|
|t:|1758981379
|move|p1a: Atom Eve|Vacuum Wave|p2a: 长脖奶龙
|-damage|p2a: 长脖奶龙|74/100
|move|p2a: 长脖奶龙|Thunderclap||[still]
|-fail|p2a: 长脖奶龙
|
|upkeep
|turn|16
|
|t:|1758981382
|move|p1a: Atom Eve|Vacuum Wave|p2a: 长脖奶龙
|-damage|p2a: 长脖奶龙|45/100
|move|p2a: 长脖奶龙|Thunderclap||[still]
|-fail|p2a: 长脖奶龙
|
|upkeep
|turn|17
|j| Art234巴大蝶
|
|t:|1758981388
|-terastallize|p2a: 长脖奶龙|Fairy
|move|p1a: Atom Eve|Vacuum Wave|p2a: 长脖奶龙
|-resisted|p2a: 长脖奶龙
|-damage|p2a: 长脖奶龙|30/100
|move|p2a: 长脖奶龙|Volt Switch|p1a: Atom Eve
|-damage|p1a: Atom Eve|0 fnt
|faint|p1a: Atom Eve
|-end|p1a: Atom Eve|Quark Drive|[silent]
|
|t:|1758981391
|-end|p2a: 长脖奶龙|Protosynthesis|[silent]
|switch|p2a: 踩踩背|Iron Treads|79/100|[from] Volt Switch
|-activate|p2a: 踩踩背|move: Sticky Web
|-unboost|p2a: 踩踩背|spe|1
|
|-heal|p2a: 踩踩背|85/100|[from] item: Leftovers
|upkeep
|
|t:|1758981394
|switch|p1a: Omni-Man|Kingambit, M|94/100
|-damage|p1a: Omni-Man|88/100|[from] Stealth Rock
|-activate|p1a: Omni-Man|ability: Supreme Overlord
|-start|p1a: Omni-Man|fallen4|[silent]
|-item|p1a: Omni-Man|Air Balloon
|turn|18
|
|t:|1758981397
|move|p1a: Omni-Man|Low Kick|p2a: 踩踩背
|-supereffective|p2a: 踩踩背
|-damage|p2a: 踩踩背|0 fnt
|faint|p2a: 踩踩背
|-end|p2a: 踩踩背|Quark Drive|[silent]
|
|upkeep
|
|t:|1758981399
|switch|p2a: 长脖奶龙|Raging Bolt, tera:Fairy|30/100
|turn|19
|
|t:|1758981401
|move|p2a: 长脖奶龙|Thunderbolt|p1a: Omni-Man
|-damage|p1a: Omni-Man|23/100
|-enditem|p1a: Omni-Man|Air Balloon
|move|p1a: Omni-Man|Iron Head|p2a: 长脖奶龙
|-supereffective|p2a: 长脖奶龙
|-damage|p2a: 长脖奶龙|0 fnt
|faint|p2a: 长脖奶龙
|-end|p2a: 长脖奶龙|Protosynthesis|[silent]
|
|win|LT124YH Ghoul
|raw|LT124YH Ghoul's rating: 1971 &rarr; <strong>1985</strong><br />(+14 for winning)
|raw|MunchlaxTheGodKing's rating: 1868 &rarr; <strong>1854</strong><br />(-14 for losing)
|l|☆MunchlaxTheGodKing
|player|p2|
|l| ouww miguel o hara
|l| Art234巴大蝶
|l| cryyysneasel
|j|☆MunchlaxTheGodKing
|player|p2|MunchlaxTheGodKing|furisodegirl-black|
|l| cynasaurus
|l| amefurikoneko
|l| Heatranator
|j| Art234巴大蝶
|l|☆MunchlaxTheGodKing
|player|p2|
|l|☆LT124YH Ghoul
|player|p1|
|l| Art234巴大蝶
|j| wobo123猫雷
|l| wobo123猫雷
|l| Fifo drummer
|j| Fifo drummer
