|badge|p1|bronze|gen9ou|100-6
|html|<div class="broadcast-red"><strong>This battle is required to be public due to one or more player having a season medal.</strong><br />During the public phase, you can discuss the state of the ladder <a href="/seasondiscussion">in a special chatroom.</a></div>
|uhtml|medal-msg|<div class="broadcast-blue">Curious what those medals under the avatar are? PS now has Ladder Seasons! For more information, check out the <a href="https://www.smogon.com/forums/threads/3740067/">thread on Smogon.</a></div>
|badge|p2|silver|gen9ou|30-6
|uhtml|medal-msg|<div class="broadcast-blue">Curious what those medals under the avatar are? PS now has Ladder Seasons! For more information, check out the <a href="https://www.smogon.com/forums/threads/3740067/">thread on Smogon.</a></div>
|raw|<div class="broadcast-blue"><strong>This battle is required to be public due to a player having a name starting with 'medal'.</div>
|j|☆ADM02
|j|☆143forever
|t:|1758977569
|gametype|singles
|player|p1|ADM02|101|1871
|player|p2|143forever|red|1982
|gen|9
|tier|[Gen 9] OU
|rated|
|rule|HP Percentage Mod: HP is shown in percentages
|rule|Endless Battle Clause: Forcing endless battles is banned
|rule|Species Clause: Limit one of each Pokémon
|rule|OHKO Clause: OHKO moves are banned
|rule|Evasion Items Clause: Evasion items are banned
|rule|Evasion Moves Clause: Evasion moves are banned
|rule|Evasion Abilities Clause: Evasion abilities are banned
|rule|Sleep Moves Clause: Sleep-inducing moves are banned
|clearpoke
|poke|p1|Cinderace, F|
|poke|p1|Clefable, F|
|poke|p1|Salamence, F|
|poke|p1|Dragonite, M|
|poke|p1|Hoopa-Unbound|
|poke|p1|Clodsire, M|
|poke|p2|Dondozo, M|
|poke|p2|Blissey, F|
|poke|p2|Corviknight, F|
|poke|p2|Weezing-Galar, M|
|poke|p2|Gliscor, M|
|poke|p2|Toxapex, F|
|teampreview
|
|t:|1758977577
|teamsize|p1|6
|teamsize|p2|6
|start
|switch|p1a: Clefable|Clefable, F|100/100
|switch|p2a: Gliscor|Gliscor, M|100/100
|turn|1
|inactive|Battle timer is ON: inactive players will automatically lose when time's up. (requested by ADM02)
|j| shreves0
|j| cryyysneasel
|j| amefurikoneko
|
|t:|1758977602
|move|p2a: Gliscor|Protect|p2a: Gliscor
|-singleturn|p2a: Gliscor|Protect
|move|p1a: Clefable|Calm Mind|p1a: Clefable
|-boost|p1a: Clefable|spa|1
|-boost|p1a: Clefable|spd|1
|
|-status|p2a: Gliscor|tox|[from] item: Toxic Orb
|upkeep
|turn|2
|j| gengar's style
|
|t:|1758977608
|switch|p2a: Toxapex|Toxapex, F|100/100
|move|p1a: Clefable|Moonblast|p2a: Toxapex
|-resisted|p2a: Toxapex
|-damage|p2a: Toxapex|86/100
|
|-heal|p2a: Toxapex|92/100|[from] item: Leftovers
|upkeep
|turn|3
|j| 0TheRealAce0
|j| TheMysteriousBoy
|
|t:|1758977631
|switch|p1a: Clodsire|Clodsire, M|100/100
|move|p2a: Toxapex|Toxic|p1a: Clodsire
|-immune|p1a: Clodsire
|
|-heal|p2a: Toxapex|98/100|[from] item: Leftovers
|upkeep
|turn|4
|l| shreves0
|
|t:|1758977638
|switch|p2a: Corviknight|Corviknight, F|100/100
|-ability|p2a: Corviknight|Pressure
|move|p1a: Clodsire|Stealth Rock|p2a: Corviknight
|-sidestart|p2: 143forever|move: Stealth Rock
|
|upkeep
|turn|5
|j| wgw2333
|inactive|143forever has 120 seconds left.
|j| seiko leich
|
|t:|1758977666
|switch|p1a: Salamence|Salamence, F|100/100
|-ability|p1a: Salamence|Intimidate|boost
|-unboost|p2a: Corviknight|atk|1
|move|p2a: Corviknight|Defog|p1a: Salamence
|-unboost|p1a: Salamence|evasion|1
|-sideend|p2: 143forever|Stealth Rock|[from] move: Defog|[of] p2a: Corviknight
|
|upkeep
|turn|6
|
|t:|1758977671
|switch|p2a: Toxapex|Toxapex, F|100/100
|move|p1a: Salamence|Flamethrower|p2a: Toxapex
|-resisted|p2a: Toxapex
|-damage|p2a: Toxapex|93/100
|
|-heal|p2a: Toxapex|99/100|[from] item: Leftovers
|upkeep
|turn|7
|j| dsvdv
|
|t:|1758977691
|switch|p1a: Clodsire|Clodsire, M|100/100
|move|p2a: Toxapex|Toxic Spikes|p1a: Clodsire
|-sidestart|p1: ADM02|move: Toxic Spikes
|
|-heal|p2a: Toxapex|100/100|[from] item: Leftovers
|upkeep
|turn|8
|
|t:|1758977695
|switch|p2a: Blissey|Blissey, F|100/100
|move|p1a: Clodsire|Stealth Rock|p2a: Blissey
|-sidestart|p2: 143forever|move: Stealth Rock
|
|upkeep
|turn|9
|
|t:|1758977712
|move|p2a: Blissey|Stealth Rock|p1a: Clodsire
|-sidestart|p1: ADM02|move: Stealth Rock
|move|p1a: Clodsire|Earthquake|p2a: Blissey
|-damage|p2a: Blissey|74/100
|
|-heal|p2a: Blissey|80/100|[from] item: Leftovers
|upkeep
|turn|10
|
|t:|1758977719
|switch|p2a: Gliscor|Gliscor, M|100/100 tox
|-damage|p2a: Gliscor|88/100 tox|[from] Stealth Rock
|move|p1a: Clodsire|Earthquake|p2a: Gliscor
|-immune|p2a: Gliscor
|
|-heal|p2a: Gliscor|100/100 tox|[from] ability: Poison Heal
|upkeep
|turn|11
|j| Haqlifbrax
|
|t:|1758977731
|switch|p1a: Clefable|Clefable, F|100/100
|-status|p1a: Clefable|psn
|move|p2a: Gliscor|Knock Off|p1a: Clefable
|-resisted|p1a: Clefable
|-damage|p1a: Clefable|93/100 psn
|-enditem|p1a: Clefable|Leftovers|[from] move: Knock Off|[of] p2a: Gliscor
|
|upkeep
|turn|12
|
|t:|1758977737
|move|p2a: Gliscor|Swords Dance|p2a: Gliscor
|-boost|p2a: Gliscor|atk|2
|move|p1a: Clefable|Calm Mind|p1a: Clefable
|-boost|p1a: Clefable|spa|1
|-boost|p1a: Clefable|spd|1
|
|upkeep
|turn|13
|
|t:|1758977745
|move|p2a: Gliscor|Earthquake|p1a: Clefable
|-damage|p1a: Clefable|39/100 psn
|move|p1a: Clefable|Moonblast|p2a: Gliscor
|-damage|p2a: Gliscor|51/100 tox
|
|-heal|p2a: Gliscor|63/100 tox|[from] ability: Poison Heal
|upkeep
|turn|14
|
|t:|1758977754
|switch|p1a: Salamence|Salamence, F|100/100
|-ability|p1a: Salamence|Intimidate|boost
|-unboost|p2a: Gliscor|atk|1
|move|p2a: Gliscor|Earthquake|p1a: Salamence
|-immune|p1a: Salamence
|
|-heal|p2a: Gliscor|76/100 tox|[from] ability: Poison Heal
|upkeep
|turn|15
|
|t:|1758977758
|switch|p1a: Clefable|Clefable, F|39/100 psn
|move|p2a: Gliscor|Protect||[still]
|-fail|p2a: Gliscor
|
|-heal|p2a: Gliscor|88/100 tox|[from] ability: Poison Heal
|upkeep
|turn|16
|l| gengar's style
|
|t:|1758977765
|switch|p1a: Salamence|Salamence, F|100/100
|-ability|p1a: Salamence|Intimidate|boost
|-unboost|p2a: Gliscor|atk|1
|move|p2a: Gliscor|Knock Off|p1a: Salamence
|-damage|p1a: Salamence|85/100
|-enditem|p1a: Salamence|Heavy-Duty Boots|[from] move: Knock Off|[of] p2a: Gliscor
|
|-heal|p2a: Gliscor|100/100 tox|[from] ability: Poison Heal
|upkeep
|turn|17
|
|t:|1758977770
|switch|p2a: Toxapex|Toxapex, F|100/100
|-damage|p2a: Toxapex|88/100|[from] Stealth Rock
|move|p1a: Salamence|Dragon Tail|p2a: Toxapex
|-damage|p2a: Toxapex|70/100
|drag|p2a: Blissey|Blissey, F|80/100
|-damage|p2a: Blissey|67/100|[from] Stealth Rock
|
|-heal|p2a: Blissey|74/100|[from] item: Leftovers
|upkeep
|turn|18
|
|t:|1758977779
|switch|p2a: Toxapex|Toxapex, F|100/100
|-damage|p2a: Toxapex|88/100|[from] Stealth Rock
|move|p1a: Salamence|Dragon Tail|p2a: Toxapex|[miss]
|-miss|p1a: Salamence|p2a: Toxapex
|
|-heal|p2a: Toxapex|94/100|[from] item: Leftovers
|upkeep
|turn|19
|
|t:|1758977786
|switch|p1a: Clefable|Clefable, F|39/100 psn
|switch|p2a: Gliscor|Gliscor, M|100/100 tox
|-damage|p2a: Gliscor|88/100 tox|[from] Stealth Rock
|
|-heal|p2a: Gliscor|100/100 tox|[from] ability: Poison Heal
|upkeep
|turn|20
|
|t:|1758977792
|switch|p1a: Salamence|Salamence, F|85/100
|-damage|p1a: Salamence|60/100|[from] Stealth Rock
|-ability|p1a: Salamence|Intimidate|boost
|-unboost|p2a: Gliscor|atk|1
|move|p2a: Gliscor|Swords Dance|p2a: Gliscor
|-boost|p2a: Gliscor|atk|2
|
|upkeep
|turn|21
|
|t:|1758977795
|move|p2a: Gliscor|Knock Off|p1a: Salamence
|-damage|p1a: Salamence|44/100
|move|p1a: Salamence|Roost|p1a: Salamence
|-heal|p1a: Salamence|94/100
|-singleturn|p1a: Salamence|move: Roost
|
|upkeep
|turn|22
|
|t:|1758977800
|move|p2a: Gliscor|Knock Off|p1a: Salamence
|-damage|p1a: Salamence|78/100
|move|p1a: Salamence|Air Slash|p2a: Gliscor
|-damage|p2a: Gliscor|68/100 tox
|
|-heal|p2a: Gliscor|81/100 tox|[from] ability: Poison Heal
|upkeep
|turn|23
|
|t:|1758977807
|move|p2a: Gliscor|Protect|p2a: Gliscor
|-singleturn|p2a: Gliscor|Protect
|move|p1a: Salamence|Air Slash|p2a: Gliscor
|-activate|p2a: Gliscor|move: Protect
|
|-heal|p2a: Gliscor|93/100 tox|[from] ability: Poison Heal
|upkeep
|turn|24
|
|t:|1758977811
|move|p2a: Gliscor|Knock Off|p1a: Salamence
|-damage|p1a: Salamence|63/100
|move|p1a: Salamence|Dragon Tail|p2a: Gliscor|[miss]
|-miss|p1a: Salamence|p2a: Gliscor
|
|-heal|p2a: Gliscor|100/100 tox|[from] ability: Poison Heal
|upkeep
|turn|25
|
|t:|1758977815
|move|p2a: Gliscor|Knock Off|p1a: Salamence
|-damage|p1a: Salamence|46/100
|move|p1a: Salamence|Roost|p1a: Salamence
|-heal|p1a: Salamence|96/100
|-singleturn|p1a: Salamence|move: Roost
|
|upkeep
|turn|26
|
|t:|1758977837
|move|p2a: Gliscor|Knock Off|p1a: Salamence
|-damage|p1a: Salamence|81/100
|move|p1a: Salamence|Air Slash|p2a: Gliscor
|-damage|p2a: Gliscor|70/100 tox
|
|-heal|p2a: Gliscor|83/100 tox|[from] ability: Poison Heal
|upkeep
|turn|27
|
|t:|1758977843
|move|p2a: Gliscor|Protect|p2a: Gliscor
|-singleturn|p2a: Gliscor|Protect
|move|p1a: Salamence|Flamethrower|p2a: Gliscor
|-activate|p2a: Gliscor|move: Protect
|
|-heal|p2a: Gliscor|95/100 tox|[from] ability: Poison Heal
|upkeep
|turn|28
|l| cryyysneasel
|inactive|143forever has 120 seconds left.
|
|t:|1758977875
|move|p2a: Gliscor|Knock Off|p1a: Salamence
|-damage|p1a: Salamence|65/100
|move|p1a: Salamence|Dragon Tail|p2a: Gliscor
|-damage|p2a: Gliscor|77/100 tox
|drag|p2a: Toxapex|Toxapex, F|100/100
|-damage|p2a: Toxapex|88/100|[from] Stealth Rock
|
|-heal|p2a: Toxapex|94/100|[from] item: Leftovers
|upkeep
|turn|29
|inactive|143forever has 120 seconds left.
|
|t:|1758977895
|move|p2a: Toxapex|Toxic|p1a: Salamence
|-status|p1a: Salamence|tox
|move|p1a: Salamence|Dragon Tail|p2a: Toxapex
|-damage|p2a: Toxapex|75/100
|drag|p2a: Gliscor|Gliscor, M|77/100 tox
|-damage|p2a: Gliscor|64/100 tox|[from] Stealth Rock
|
|-heal|p2a: Gliscor|77/100 tox|[from] ability: Poison Heal
|-damage|p1a: Salamence|59/100 tox|[from] psn
|upkeep
|turn|30
|-message|ADM02 forfeited.
|
|win|143forever
|raw|ADM02's rating: 1871 &rarr; <strong>1857</strong><br />(-14 for losing)
|raw|143forever's rating: 1982 &rarr; <strong>1996</strong><br />(+14 for winning)
|l|☆ADM02
|player|p1|
|l| amefurikoneko
|l| Haqlifbrax
|l| TheMysteriousBoy
|l| wgw2333
|l| dsvdv
|l| 0TheRealAce0
|j| cryyysneasel
|l| cryyysneasel
