|j|☆Lolgasm
|j|☆supmydudeee
|t:|1759036729
|gametype|singles
|player|p1|Lolgasm|101|1479
|player|p2|supmydudeee|102|1491
|gen|9
|tier|[Gen 9] OU
|rated|
|rule|HP Percentage Mod: HP is shown in percentages
|rule|Endless Battle Clause: Forcing endless battles is banned
|rule|Species Clause: Limit one of each Pokémon
|rule|OHKO Clause: OHKO moves are banned
|rule|Evasion Items Clause: Evasion items are banned
|rule|Evasion Moves Clause: Evasion moves are banned
|rule|Evasion Abilities Clause: Evasion abilities are banned
|rule|Sleep Moves Clause: Sleep-inducing moves are banned
|clearpoke
|poke|p1|Ninetales, M|
|poke|p1|Walking Wake|
|poke|p1|Hatterene, F|
|poke|p1|Great Tusk|
|poke|p1|Blaziken, F|
|poke|p1|Ceruledge, F|
|poke|p2|Ogerpon-Wellspring, F|
|poke|p2|Dragapult, F|
|poke|p2|Garganacl, M|
|poke|p2|Mandibuzz, F|
|poke|p2|Cinderace, F|
|poke|p2|Gholdengo|
|teampreview
|inactive|Battle timer is ON: inactive players will automatically lose when time's up. (requested by supmydudeee)
|
|t:|1759036737
|teamsize|p1|6
|teamsize|p2|6
|start
|switch|p1a: Daydream|Ninetales, M, shiny|100/100
|switch|p2a: Dragapult|Dragapult, F|100/100
|-weather|SunnyDay|[from] ability: Drought|[of] p1a: Daydream
|turn|1
|
|t:|1759036749
|switch|p1a: Glass Shadows|Ceruledge, F, shiny|100/100
|move|p2a: Dragapult|U-turn|p1a: Glass Shadows
|-resisted|p1a: Glass Shadows
|-damage|p1a: Glass Shadows|88/100
|-ability|p1a: Glass Shadows|Weak Armor|boost
|-unboost|p1a: Glass Shadows|def|1
|-boost|p1a: Glass Shadows|spe|2
|
|t:|1759036757
|switch|p2a: Mandibuzz|Mandibuzz, F|100/100|[from] U-turn
|
|-weather|SunnyDay|[upkeep]
|upkeep
|turn|2
|
|t:|1759036769
|move|p1a: Glass Shadows|Bitter Blade|p2a: Mandibuzz
|-damage|p2a: Mandibuzz|58/100
|-heal|p1a: Glass Shadows|100/100|[from] drain|[of] p2a: Mandibuzz
|move|p2a: Mandibuzz|Foul Play|p1a: Glass Shadows
|-supereffective|p1a: Glass Shadows
|-damage|p1a: Glass Shadows|0 fnt
|faint|p1a: Glass Shadows
|
|-weather|SunnyDay|[upkeep]
|upkeep
|
|t:|1759036774
|switch|p1a: Mr. Banana|Walking Wake|100/100
|-activate|p1a: Mr. Banana|ability: Protosynthesis
|-start|p1a: Mr. Banana|protosynthesisspe
|turn|3
|
|t:|1759036782
|switch|p2a: Garganacl|Garganacl, M|100/100
|move|p1a: Mr. Banana|Draco Meteor|p2a: Garganacl
|-damage|p2a: Garganacl|35/100
|-unboost|p1a: Mr. Banana|spa|2
|
|-weather|SunnyDay|[upkeep]
|-heal|p2a: Garganacl|41/100|[from] item: Leftovers
|upkeep
|turn|4
|
|t:|1759036795
|move|p1a: Mr. Banana|Draco Meteor|p2a: Garganacl
|-damage|p2a: Garganacl|10/100
|-unboost|p1a: Mr. Banana|spa|2
|move|p2a: Garganacl|Salt Cure|p1a: Mr. Banana
|-damage|p1a: Mr. Banana|86/100
|-start|p1a: Mr. Banana|Salt Cure
|
|-weather|SunnyDay|[upkeep]
|-heal|p2a: Garganacl|16/100|[from] item: Leftovers
|-damage|p1a: Mr. Banana|61/100|[from] Salt Cure
|upkeep
|turn|5
|
|t:|1759036814
|move|p1a: Mr. Banana|Draco Meteor|p2a: Garganacl|[miss]
|-miss|p1a: Mr. Banana|p2a: Garganacl
|move|p2a: Garganacl|Recover|p2a: Garganacl
|-heal|p2a: Garganacl|66/100
|
|-weather|SunnyDay|[upkeep]
|-heal|p2a: Garganacl|72/100|[from] item: Leftovers
|-damage|p1a: Mr. Banana|36/100|[from] Salt Cure
|upkeep
|turn|6
|
|t:|1759036829
|-end|p1a: Mr. Banana|Protosynthesis|[silent]
|switch|p1a: Tenny|Blaziken, F, shiny|100/100
|move|p2a: Garganacl|Salt Cure|p1a: Tenny
|-damage|p1a: Tenny|80/100
|-start|p1a: Tenny|Salt Cure
|
|-weather|SunnyDay|[upkeep]
|-heal|p2a: Garganacl|78/100|[from] item: Leftovers
|-damage|p1a: Tenny|68/100|[from] Salt Cure
|upkeep
|turn|7
|
|t:|1759036839
|switch|p2a: Dragapult|Dragapult, F|100/100
|move|p1a: Tenny|Focus Energy|p1a: Tenny
|-start|p1a: Tenny|move: Focus Energy
|
|-weather|SunnyDay|[upkeep]
|-damage|p1a: Tenny|56/100|[from] Salt Cure
|-ability|p1a: Tenny|Speed Boost|boost
|-boost|p1a: Tenny|spe|1
|upkeep
|turn|8
|
|t:|1759036850
|move|p1a: Tenny|Overheat|p2a: Dragapult|[miss]
|-miss|p1a: Tenny|p2a: Dragapult
|move|p2a: Dragapult|Dragon Darts|p1a: Tenny
|-damage|p1a: Tenny|0 fnt
|faint|p1a: Tenny
|
|-weather|none
|upkeep
|
|t:|1759036869
|switch|p1a: Duko|Hatterene, F, shiny|100/100
|turn|9
|
|t:|1759036878
|switch|p2a: Garganacl|Garganacl, M|78/100
|move|p1a: Duko|Draining Kiss|p2a: Garganacl
|-damage|p2a: Garganacl|64/100
|
|-heal|p2a: Garganacl|70/100|[from] item: Leftovers
|upkeep
|turn|10
|
|t:|1759036886
|switch|p1a: Daydream|Ninetales, M, shiny|100/100
|-weather|SunnyDay|[from] ability: Drought|[of] p1a: Daydream
|move|p2a: Garganacl|Salt Cure|p1a: Daydream
|-supereffective|p1a: Daydream
|-damage|p1a: Daydream|66/100
|-start|p1a: Daydream|Salt Cure
|
|-weather|SunnyDay|[upkeep]
|-heal|p2a: Garganacl|76/100|[from] item: Leftovers
|-damage|p1a: Daydream|54/100|[from] Salt Cure
|upkeep
|turn|11
|
|t:|1759036896
|switch|p1a: Mr. Banana|Walking Wake|36/100
|-activate|p1a: Mr. Banana|ability: Protosynthesis
|-start|p1a: Mr. Banana|protosynthesisspe
|move|p2a: Garganacl|Salt Cure|p1a: Mr. Banana
|-damage|p1a: Mr. Banana|21/100
|-start|p1a: Mr. Banana|Salt Cure
|
|-weather|SunnyDay|[upkeep]
|-heal|p2a: Garganacl|82/100|[from] item: Leftovers
|-damage|p1a: Mr. Banana|0 fnt|[from] Salt Cure
|faint|p1a: Mr. Banana
|-end|p1a: Mr. Banana|Protosynthesis|[silent]
|upkeep
|-message|Lolgasm forfeited.
|
|win|supmydudeee
|raw|Lolgasm's rating: 1479 &rarr; <strong>1460</strong><br />(-19 for losing)
|raw|supmydudeee's rating: 1491 &rarr; <strong>1510</strong><br />(+19 for winning)
|l|☆Lolgasm
|player|p1|
|l|☆supmydudeee
|player|p2|
