|j|☆abowlie
|j|☆Firehawk4098
|t:|1758923434
|gametype|singles
|player|p1|abowlie|266|1061
|player|p2|Firehawk4098|1|1102
|gen|9
|tier|[Gen 9] OU
|rated|
|rule|HP Percentage Mod: HP is shown in percentages
|rule|Endless Battle Clause: Forcing endless battles is banned
|rule|Species Clause: Limit one of each Pokémon
|rule|OHKO Clause: OHKO moves are banned
|rule|Evasion Items Clause: Evasion items are banned
|rule|Evasion Moves Clause: Evasion moves are banned
|rule|Evasion Abilities Clause: Evasion abilities are banned
|rule|Sleep Moves Clause: Sleep-inducing moves are banned
|clearpoke
|poke|p1|Haxorus, M|
|poke|p1|Chansey, F|
|poke|p1|Hippowdon, F|
|poke|p1|Zapdos|
|poke|p1|Infernape, F|
|poke|p1|Swampert, F|
|poke|p2|Blaziken, M|
|poke|p2|Minccino, M|
|poke|p2|Mimikyu, M|
|poke|p2|Garchomp, F|
|poke|p2|Charizard, F|
|poke|p2|Latios, M|
|teampreview
|c|☆abowlie|your team is...
|
|t:|1758923449
|teamsize|p1|6
|teamsize|p2|6
|start
|switch|p1a: Swampert|Swampert, F|100/100
|switch|p2a: Vivian|Minccino, M, shiny|100/100
|turn|1
|
|t:|1758923459
|move|p2a: Vivian|Tidy Up|p2a: Vivian
|-boost|p2a: Vivian|atk|1
|-boost|p2a: Vivian|spe|1
|move|p1a: Swampert|Ice Punch|p2a: Vivian
|-damage|p2a: Vivian|24/100
|
|upkeep
|turn|2
|
|t:|1758923466
|move|p2a: Vivian|Bullet Seed|p1a: Swampert
|-supereffective|p1a: Swampert
|-damage|p1a: Swampert|73/100
|-supereffective|p1a: Swampert
|-damage|p1a: Swampert|47/100
|-supereffective|p1a: Swampert
|-damage|p1a: Swampert|18/100
|-supereffective|p1a: Swampert
|-damage|p1a: Swampert|0 fnt
|faint|p1a: Swampert
|-hitcount|p1: Swampert|4
|
|upkeep
|
|t:|1758923475
|switch|p1a: Infernape|Infernape, F, shiny|100/100
|turn|3
|
|t:|1758923479
|move|p1a: Infernape|Mach Punch|p2a: Vivian
|-supereffective|p2a: Vivian
|-damage|p2a: Vivian|0 fnt
|faint|p2a: Vivian
|
|upkeep
|
|t:|1758923486
|switch|p2a: Lyla|Garchomp, F, shiny|100/100
|turn|4
|
|t:|1758923491
|switch|p1a: Zapdos|Zapdos|100/100
|move|p2a: Lyla|Earthquake|p1a: Zapdos
|-immune|p1a: Zapdos
|
|upkeep
|turn|5
|
|t:|1758923499
|move|p1a: Zapdos|Hurricane|p2a: Lyla
|-damage|p2a: Lyla|35/100
|move|p2a: Lyla|Swords Dance|p2a: Lyla
|-boost|p2a: Lyla|atk|2
|
|upkeep
|turn|6
|
|t:|1758923509
|move|p1a: Zapdos|Hurricane|p2a: Lyla|[miss]
|-miss|p1a: Zapdos|p2a: Lyla
|move|p2a: Lyla|Scale Shot|p1a: Zapdos
|-damage|p1a: Zapdos|67/100
|-damage|p1a: Zapdos|33/100
|-damage|p1a: Zapdos|4/100
|-damage|p1a: Zapdos|0 fnt
|faint|p1a: Zapdos
|-hitcount|p1: Zapdos|4
|-unboost|p2a: Lyla|def|1
|-boost|p2a: Lyla|spe|1
|
|upkeep
|
|t:|1758923531
|switch|p1a: Hippowdon|Hippowdon, F|100/100
|turn|7
|
|t:|1758923539
|move|p2a: Lyla|Scale Shot|p1a: Hippowdon
|-damage|p1a: Hippowdon|85/100
|-damage|p1a: Hippowdon|73/100
|-damage|p1a: Hippowdon|60/100
|-damage|p1a: Hippowdon|46/100
|-damage|p1a: Hippowdon|33/100
|-hitcount|p1a: Hippowdon|5
|-unboost|p2a: Lyla|def|1
|-boost|p2a: Lyla|spe|1
|move|p1a: Hippowdon|Earthquake|p2a: Lyla
|-damage|p2a: Lyla|0 fnt
|faint|p2a: Lyla
|
|upkeep
|inactive|Battle timer is ON: inactive players will automatically lose when time's up. (requested by abowlie)
|
|t:|1758923562
|switch|p2a: Larry|Latios, M, shiny|100/100
|turn|8
|c|☆abowlie|wack team
|
|t:|1758923570
|move|p2a: Larry|Luster Purge|p1a: Hippowdon
|-damage|p1a: Hippowdon|0 fnt
|faint|p1a: Hippowdon
|
|upkeep
|
|t:|1758923576
|switch|p1a: Chansey|Chansey, F, shiny|100/100
|turn|9
|
|t:|1758923589
|move|p2a: Larry|Calm Mind|p2a: Larry
|-boost|p2a: Larry|spa|1
|-boost|p2a: Larry|spd|1
|move|p1a: Chansey|Seismic Toss|p2a: Larry
|-damage|p2a: Larry|67/100
|
|upkeep
|turn|10
|
|t:|1758923596
|move|p2a: Larry|Aura Sphere|p1a: Chansey
|-supereffective|p1a: Chansey
|-crit|p1a: Chansey
|-damage|p1a: Chansey|74/100
|move|p1a: Chansey|Seismic Toss|p2a: Larry
|-damage|p2a: Larry|34/100
|
|upkeep
|turn|11
|
|t:|1758923607
|move|p2a: Larry|Luster Purge|p1a: Chansey
|-damage|p1a: Chansey|53/100
|move|p1a: Chansey|Seismic Toss|p2a: Larry
|-damage|p2a: Larry|1/100
|
|upkeep
|turn|12
|
|t:|1758923616
|switch|p2a: Hayton|Mimikyu, M, shiny|100/100
|move|p1a: Chansey|Seismic Toss|p2a: Hayton
|-immune|p2a: Hayton
|
|upkeep
|turn|13
|
|t:|1758923623
|move|p2a: Hayton|Drain Punch|p1a: Chansey
|-supereffective|p1a: Chansey
|-damage|p1a: Chansey|0 fnt
|faint|p1a: Chansey
|-damage|p2a: Hayton|91/100|[from] item: Life Orb
|
|upkeep
|
|t:|1758923633
|switch|p1a: Infernape|Infernape, F, shiny|100/100
|turn|14
|
|t:|1758923644
|move|p1a: Infernape|Thunder Punch|p2a: Hayton
|-activate|p2a: Hayton|ability: Disguise
|-damage|p2a: Hayton|91/100
|detailschange|p2a: Hayton|Mimikyu-Busted, M, shiny
|-damage|p2a: Hayton|78/100|[from] pokemon: Mimikyu-Busted
|move|p2a: Hayton|Swords Dance|p2a: Hayton
|-boost|p2a: Hayton|atk|2
|
|upkeep
|turn|15
|
|t:|1758923655
|move|p1a: Infernape|Thunder Punch|p2a: Hayton
|-damage|p2a: Hayton|13/100
|move|p2a: Hayton|Drain Punch|p1a: Infernape
|-damage|p1a: Infernape|25/100
|-heal|p2a: Hayton|57/100|[from] drain|[of] p1a: Infernape
|-damage|p2a: Hayton|47/100|[from] item: Life Orb
|
|upkeep
|turn|16
|
|t:|1758923678
|move|p2a: Hayton|Shadow Sneak|p1a: Infernape
|-damage|p1a: Infernape|0 fnt
|faint|p1a: Infernape
|-damage|p2a: Hayton|37/100|[from] item: Life Orb
|
|upkeep
|
|t:|1758923682
|switch|p1a: Haxorus|Haxorus, M|100/100
|-ability|p1a: Haxorus|Mold Breaker
|turn|17
|
|t:|1758923689
|move|p2a: Hayton|Shadow Sneak|p1a: Haxorus
|-damage|p1a: Haxorus|43/100
|-damage|p2a: Hayton|28/100|[from] item: Life Orb
|move|p1a: Haxorus|Dragon Claw|p2a: Hayton
|-immune|p2a: Hayton
|
|upkeep
|turn|18
|-message|abowlie forfeited.
|
|win|Firehawk4098
|raw|abowlie's rating: 1061 &rarr; <strong>1044</strong><br />(-17 for losing)
|raw|Firehawk4098's rating: 1102 &rarr; <strong>1124</strong><br />(+22 for winning)
|l|☆abowlie
|player|p1|
|l|☆Firehawk4098
|player|p2|
