|j|☆gryan4
|j|☆Dodgey jimbo
|t:|1759001502
|gametype|singles
|player|p1|gryan4|doctor|1373
|player|p2|Dodgey jimbo|firebreather|1394
|gen|9
|tier|[Gen 9] OU
|rated|
|rule|HP Percentage Mod: HP is shown in percentages
|rule|Endless Battle Clause: Forcing endless battles is banned
|rule|Species Clause: Limit one of each Pokémon
|rule|OHKO Clause: OHKO moves are banned
|rule|Evasion Items Clause: Evasion items are banned
|rule|Evasion Moves Clause: Evasion moves are banned
|rule|Evasion Abilities Clause: Evasion abilities are banned
|rule|Sleep Moves Clause: Sleep-inducing moves are banned
|clearpoke
|poke|p1|Cinderace, M|
|poke|p1|Mimikyu, M|
|poke|p1|Froslass, F|
|poke|p1|Ceruledge, M|
|poke|p1|Pecharunt|
|poke|p1|Dragapult, F|
|poke|p2|Gholdengo|
|poke|p2|Iron Treads|
|poke|p2|Moltres|
|poke|p2|Samurott-Hisui, M|
|poke|p2|Sinistcha|
|poke|p2|Ting-Lu|
|teampreview
|inactive|Battle timer is ON: inactive players will automatically lose when time's up. (requested by gryan4)
|
|t:|1759001511
|teamsize|p1|6
|teamsize|p2|6
|start
|switch|p1a: Cinderace|Cinderace, M|100/100
|switch|p2a: Moltres|Moltres|100/100
|turn|1
|
|t:|1759001516
|switch|p1a: Ceruledge|Ceruledge, M|100/100
|move|p2a: Moltres|U-turn|p1a: Ceruledge
|-resisted|p1a: Ceruledge
|-damage|p1a: Ceruledge|95/100
|-ability|p1a: Ceruledge|Weak Armor|boost
|-unboost|p1a: Ceruledge|def|1
|-boost|p1a: Ceruledge|spe|2
|
|t:|1759001526
|switch|p2a: Samurott|Samurott-Hisui, M|100/100|[from] U-turn
|
|upkeep
|turn|2
|
|t:|1759001530
|move|p1a: Ceruledge|Close Combat|p2a: Samurott
|-supereffective|p2a: Samurott
|-damage|p2a: Samurott|0 fnt
|-unboost|p1a: Ceruledge|def|1
|-unboost|p1a: Ceruledge|spd|1
|faint|p2a: Samurott
|
|upkeep
|
|t:|1759001537
|switch|p2a: Ting-Lu|Ting-Lu|100/100
|-ability|p2a: Ting-Lu|Vessel of Ruin
|turn|3
|
|t:|1759001542
|move|p1a: Ceruledge|Close Combat|p2a: Ting-Lu
|-supereffective|p2a: Ting-Lu
|-damage|p2a: Ting-Lu|51/100
|-unboost|p1a: Ceruledge|def|1
|-unboost|p1a: Ceruledge|spd|1
|move|p2a: Ting-Lu|Earthquake|p1a: Ceruledge
|-supereffective|p1a: Ceruledge
|-damage|p1a: Ceruledge|0 fnt
|faint|p1a: Ceruledge
|
|-heal|p2a: Ting-Lu|58/100|[from] item: Leftovers
|upkeep
|
|t:|1759001545
|switch|p1a: Froslass|Froslass, F|100/100
|turn|4
|
|t:|1759001553
|switch|p2a: Moltres|Moltres|100/100
|move|p1a: Froslass|Taunt|p2a: Moltres
|-start|p2a: Moltres|move: Taunt
|
|upkeep
|turn|5
|
|t:|1759001555
|move|p1a: Froslass|Thunder Wave|p2a: Moltres
|-status|p2a: Moltres|par
|move|p2a: Moltres|Flamethrower|p1a: Froslass
|-supereffective|p1a: Froslass
|-enditem|p1a: Froslass|Focus Sash
|-damage|p1a: Froslass|1/100
|
|upkeep
|turn|6
|
|t:|1759001558
|move|p1a: Froslass|Spikes|p2a: Moltres
|-sidestart|p2: Dodgey jimbo|Spikes
|move|p2a: Moltres|Flamethrower|p1a: Froslass
|-supereffective|p1a: Froslass
|-damage|p1a: Froslass|0 fnt
|faint|p1a: Froslass
|
|-end|p2a: Moltres|move: Taunt
|upkeep
|
|t:|1759001564
|switch|p1a: Dragapult|Dragapult, F|100/100
|turn|7
|l|☆Dodgey jimbo
|inactive|Dodgey jimbo disconnected and has a minute to reconnect!
|player|p2|
|j|☆Dodgey jimbo
|inactive|Dodgey jimbo reconnected and has 145 seconds left.
|player|p2|Dodgey jimbo|firebreather|
|
|t:|1759001576
|switch|p2a: Ting-Lu|Ting-Lu|58/100
|-damage|p2a: Ting-Lu|45/100|[from] Spikes
|-ability|p2a: Ting-Lu|Vessel of Ruin
|move|p1a: Dragapult|Thunderbolt|p2a: Ting-Lu
|-immune|p2a: Ting-Lu
|
|-heal|p2a: Ting-Lu|51/100|[from] item: Leftovers
|upkeep
|turn|8
|
|t:|1759001591
|switch|p1a: Cinderace|Cinderace, M|100/100
|move|p2a: Ting-Lu|Stealth Rock|p1a: Cinderace
|-sidestart|p1: gryan4|move: Stealth Rock
|
|-heal|p2a: Ting-Lu|58/100|[from] item: Leftovers
|upkeep
|turn|9
|
|t:|1759001597
|move|p1a: Cinderace|High Jump Kick|p2a: Ting-Lu
|-start|p1a: Cinderace|typechange|Fighting|[from] ability: Libero
|-supereffective|p2a: Ting-Lu
|-damage|p2a: Ting-Lu|0 fnt
|faint|p2a: Ting-Lu
|
|upkeep
|
|t:|1759001605
|switch|p2a: Moltres|Moltres|100/100 par
|turn|10
|
|t:|1759001609
|switch|p1a: Pecharunt|Pecharunt|100/100
|-damage|p1a: Pecharunt|88/100|[from] Stealth Rock
|cant|p2a: Moltres|par
|
|-heal|p1a: Pecharunt|94/100|[from] item: Leftovers
|upkeep
|turn|11
|
|t:|1759001616
|switch|p2a: Gholdengo|Gholdengo|100/100
|-damage|p2a: Gholdengo|88/100|[from] Spikes
|move|p1a: Pecharunt|Hex|p2a: Gholdengo
|-supereffective|p2a: Gholdengo
|-damage|p2a: Gholdengo|30/100
|
|-heal|p1a: Pecharunt|99/100|[from] item: Leftovers
|upkeep
|turn|12
|
|t:|1759001624
|switch|p1a: Cinderace|Cinderace, M|100/100
|move|p2a: Gholdengo|Make It Rain|p1a: Cinderace
|-resisted|p1a: Cinderace
|-damage|p1a: Cinderace|44/100
|-unboost|p2a: Gholdengo|spa|1
|
|upkeep
|turn|13
|
|t:|1759001633
|switch|p2a: Moltres|Moltres|100/100 par
|move|p1a: Cinderace|Pyro Ball|p2a: Moltres
|-resisted|p2a: Moltres
|-damage|p2a: Moltres|80/100 par
|
|upkeep
|turn|14
|
|t:|1759001643
|move|p1a: Cinderace|Pyro Ball|p2a: Moltres
|-resisted|p2a: Moltres
|-damage|p2a: Moltres|59/100 par
|move|p2a: Moltres|Will-O-Wisp|p1a: Cinderace
|-immune|p1a: Cinderace
|
|upkeep
|turn|15
|
|t:|1759001647
|switch|p1a: Pecharunt|Pecharunt|99/100
|-damage|p1a: Pecharunt|88/100|[from] Stealth Rock
|move|p2a: Moltres|Roost|p2a: Moltres
|-heal|p2a: Moltres|100/100 par
|-singleturn|p2a: Moltres|move: Roost
|
|-heal|p1a: Pecharunt|94/100|[from] item: Leftovers
|upkeep
|turn|16
|
|t:|1759001652
|switch|p2a: Iron Treads|Iron Treads|100/100
|-damage|p2a: Iron Treads|88/100|[from] Spikes
|move|p1a: Pecharunt|Hex|p2a: Iron Treads
|-damage|p2a: Iron Treads|66/100
|
|-heal|p1a: Pecharunt|99/100|[from] item: Leftovers
|upkeep
|turn|17
|
|t:|1759001657
|switch|p1a: Cinderace|Cinderace, M|44/100
|move|p2a: Iron Treads|Megahorn|p1a: Cinderace|[miss]
|-miss|p2a: Iron Treads|p1a: Cinderace
|
|upkeep
|turn|18
|
|t:|1759001664
|-end|p2a: Iron Treads|Quark Drive|[silent]
|switch|p2a: Moltres|Moltres|100/100 par
|move|p1a: Cinderace|High Jump Kick|p2a: Moltres
|-start|p1a: Cinderace|typechange|Fighting|[from] ability: Libero
|-resisted|p2a: Moltres
|-damage|p2a: Moltres|79/100 par
|
|upkeep
|turn|19
|
|t:|1759001670
|move|p1a: Cinderace|Pyro Ball|p2a: Moltres
|-resisted|p2a: Moltres
|-damage|p2a: Moltres|66/100 par
|move|p2a: Moltres|Will-O-Wisp|p1a: Cinderace|[miss]
|-miss|p2a: Moltres|p1a: Cinderace
|
|upkeep
|turn|20
|
|t:|1759001675
|move|p1a: Cinderace|Pyro Ball|p2a: Moltres
|-resisted|p2a: Moltres
|-damage|p2a: Moltres|53/100 par
|move|p2a: Moltres|Will-O-Wisp|p1a: Cinderace
|-status|p1a: Cinderace|brn
|
|-damage|p1a: Cinderace|38/100 brn|[from] brn
|upkeep
|turn|21
|
|t:|1759001682
|switch|p1a: Pecharunt|Pecharunt|99/100
|-damage|p1a: Pecharunt|88/100|[from] Stealth Rock
|move|p2a: Moltres|Roost|p2a: Moltres
|-heal|p2a: Moltres|100/100 par
|-singleturn|p2a: Moltres|move: Roost
|
|-heal|p1a: Pecharunt|94/100|[from] item: Leftovers
|upkeep
|turn|22
|
|t:|1759001685
|move|p1a: Pecharunt|Hex|p2a: Moltres
|-damage|p2a: Moltres|50/100 par
|move|p2a: Moltres|U-turn|p1a: Pecharunt
|-resisted|p1a: Pecharunt
|-damage|p1a: Pecharunt|92/100
|
|t:|1759001688
|switch|p2a: Iron Treads|Iron Treads|66/100|[from] U-turn
|-damage|p2a: Iron Treads|54/100|[from] Spikes
|
|-heal|p1a: Pecharunt|98/100|[from] item: Leftovers
|upkeep
|turn|23
|
|t:|1759001692
|switch|p1a: Cinderace|Cinderace, M|38/100 brn
|move|p2a: Iron Treads|Earthquake|p1a: Cinderace
|-supereffective|p1a: Cinderace
|-damage|p1a: Cinderace|0 fnt
|faint|p1a: Cinderace
|
|upkeep
|
|t:|1759001696
|switch|p1a: Mimikyu|Mimikyu, M|100/100
|-damage|p1a: Mimikyu|88/100|[from] Stealth Rock
|turn|24
|
|t:|1759001703
|-end|p2a: Iron Treads|Quark Drive|[silent]
|switch|p2a: Sinistcha|Sinistcha|100/100
|move|p1a: Mimikyu|Drain Punch|p2a: Sinistcha
|-immune|p2a: Sinistcha
|
|upkeep
|turn|25
|
|t:|1759001707
|move|p1a: Mimikyu|Swords Dance|p1a: Mimikyu
|-boost|p1a: Mimikyu|atk|2
|move|p2a: Sinistcha|Matcha Gotcha|p1a: Mimikyu
|-activate|p1a: Mimikyu|ability: Disguise
|-damage|p1a: Mimikyu|88/100
|-status|p1a: Mimikyu|brn
|detailschange|p1a: Mimikyu|Mimikyu-Busted, M
|-damage|p1a: Mimikyu|76/100 brn|[from] pokemon: Mimikyu-Busted
|
|-damage|p1a: Mimikyu|70/100 brn|[from] brn
|upkeep
|turn|26
|
|t:|1759001713
|move|p1a: Mimikyu|Shadow Sneak|p2a: Sinistcha
|-supereffective|p2a: Sinistcha
|-damage|p2a: Sinistcha|69/100
|-damage|p1a: Mimikyu|60/100 brn|[from] item: Life Orb
|move|p2a: Sinistcha|Shadow Ball|p1a: Mimikyu
|-supereffective|p1a: Mimikyu
|-damage|p1a: Mimikyu|0 fnt
|faint|p1a: Mimikyu
|
|upkeep
|
|t:|1759001715
|switch|p1a: Dragapult|Dragapult, F|100/100
|-damage|p1a: Dragapult|88/100|[from] Stealth Rock
|turn|27
|
|t:|1759001725
|-terastallize|p2a: Sinistcha|Poison
|move|p1a: Dragapult|Shadow Ball|p2a: Sinistcha
|-damage|p2a: Sinistcha|4/100
|move|p2a: Sinistcha|Shadow Ball|p1a: Dragapult
|-supereffective|p1a: Dragapult
|-damage|p1a: Dragapult|0 fnt
|faint|p1a: Dragapult
|
|upkeep
|
|t:|1759001728
|switch|p1a: Pecharunt|Pecharunt|98/100
|-damage|p1a: Pecharunt|85/100|[from] Stealth Rock
|turn|28
|
|t:|1759001731
|move|p1a: Pecharunt|Hex|p2a: Sinistcha
|-damage|p2a: Sinistcha|0 fnt
|faint|p2a: Sinistcha
|
|-heal|p1a: Pecharunt|91/100|[from] item: Leftovers
|upkeep
|
|t:|1759001733
|switch|p2a: Iron Treads|Iron Treads|54/100
|-damage|p2a: Iron Treads|41/100|[from] Spikes
|turn|29
|
|t:|1759001736
|-terastallize|p1a: Pecharunt|Flying
|move|p2a: Iron Treads|Earthquake|p1a: Pecharunt
|-immune|p1a: Pecharunt
|move|p1a: Pecharunt|Hex|p2a: Iron Treads
|-damage|p2a: Iron Treads|21/100
|
|-heal|p1a: Pecharunt|97/100|[from] item: Leftovers
|upkeep
|turn|30
|
|t:|1759001740
|move|p2a: Iron Treads|Ice Spinner|p1a: Pecharunt
|-supereffective|p1a: Pecharunt
|-damage|p1a: Pecharunt|70/100
|move|p1a: Pecharunt|Hex|p2a: Iron Treads
|-crit|p2a: Iron Treads
|-damage|p2a: Iron Treads|0 fnt
|faint|p2a: Iron Treads
|-end|p2a: Iron Treads|Quark Drive|[silent]
|
|-heal|p1a: Pecharunt|77/100|[from] item: Leftovers
|upkeep
|
|t:|1759001744
|switch|p2a: Gholdengo|Gholdengo|30/100
|-damage|p2a: Gholdengo|18/100|[from] Spikes
|turn|31
|
|t:|1759001747
|move|p2a: Gholdengo|Make It Rain|p1a: Pecharunt
|-damage|p1a: Pecharunt|2/100
|-unboost|p2a: Gholdengo|spa|1
|move|p1a: Pecharunt|Hex|p2a: Gholdengo
|-supereffective|p2a: Gholdengo
|-damage|p2a: Gholdengo|0 fnt
|faint|p2a: Gholdengo
|
|-heal|p1a: Pecharunt|8/100|[from] item: Leftovers
|upkeep
|
|t:|1759001750
|switch|p2a: Moltres|Moltres|50/100 par
|turn|32
|
|t:|1759001755
|move|p1a: Pecharunt|Protect|p1a: Pecharunt
|-singleturn|p1a: Pecharunt|Protect
|move|p2a: Moltres|Flamethrower|p1a: Pecharunt
|-activate|p1a: Pecharunt|move: Protect
|
|-heal|p1a: Pecharunt|14/100|[from] item: Leftovers
|upkeep
|turn|33
|
|t:|1759001758
|move|p1a: Pecharunt|Recover|p1a: Pecharunt
|-heal|p1a: Pecharunt|64/100
|move|p2a: Moltres|Flamethrower|p1a: Pecharunt
|-damage|p1a: Pecharunt|33/100
|
|-heal|p1a: Pecharunt|39/100|[from] item: Leftovers
|upkeep
|turn|34
|
|t:|1759001761
|move|p1a: Pecharunt|Recover|p1a: Pecharunt
|-heal|p1a: Pecharunt|89/100
|move|p2a: Moltres|Roost|p2a: Moltres
|-heal|p2a: Moltres|99/100 par
|-singleturn|p2a: Moltres|move: Roost
|
|-heal|p1a: Pecharunt|95/100|[from] item: Leftovers
|upkeep
|turn|35
|
|t:|1759001763
|move|p1a: Pecharunt|Hex|p2a: Moltres
|-damage|p2a: Moltres|45/100 par
|move|p2a: Moltres|Will-O-Wisp|p1a: Pecharunt
|-status|p1a: Pecharunt|brn
|
|-heal|p1a: Pecharunt|100/100 brn|[from] item: Leftovers
|-damage|p1a: Pecharunt|94/100 brn|[from] brn
|upkeep
|turn|36
|
|t:|1759001766
|move|p1a: Pecharunt|Hex|p2a: Moltres
|-damage|p2a: Moltres|0 fnt
|faint|p2a: Moltres
|
|win|gryan4
|raw|gryan4's rating: 1373 &rarr; <strong>1394</strong><br />(+21 for winning)
|raw|Dodgey jimbo's rating: 1394 &rarr; <strong>1373</strong><br />(-21 for losing)
|l|☆Dodgey jimbo
|player|p2|
|l|☆gryan4
|player|p1|
