|badge|p1|bronze|gen9ou|100-6
|html|<div class="broadcast-red"><strong>This battle is required to be public due to one or more player having a season medal.</strong><br />During the public phase, you can discuss the state of the ladder <a href="/seasondiscussion">in a special chatroom.</a></div>
|uhtml|medal-msg|<div class="broadcast-blue">Curious what those medals under the avatar are? PS now has Ladder Seasons! For more information, check out the <a href="https://www.smogon.com/forums/threads/3740067/">thread on Smogon.</a></div>
|raw|<div class="broadcast-blue"><strong>This battle is required to be public due to a player having a name starting with 'medal'.</div>
|j|☆WogerHater
|j|☆1-800 mouse
|t:|1758942854
|gametype|singles
|player|p1|WogerHater|dawn-gen4pt|1906
|player|p2|1-800 mouse|pokemonrangerf-gen4|1814
|gen|9
|tier|[Gen 9] OU
|rated|
|rule|HP Percentage Mod: HP is shown in percentages
|rule|Endless Battle Clause: Forcing endless battles is banned
|rule|Species Clause: Limit one of each Pokémon
|rule|OHKO Clause: OHKO moves are banned
|rule|Evasion Items Clause: Evasion items are banned
|rule|Evasion Moves Clause: Evasion moves are banned
|rule|Evasion Abilities Clause: Evasion abilities are banned
|rule|Sleep Moves Clause: Sleep-inducing moves are banned
|clearpoke
|poke|p1|Weezing-Galar, F|
|poke|p1|Ting-Lu|
|poke|p1|Corviknight, M|
|poke|p1|Skeledirge, M|
|poke|p1|Dragapult, F|
|poke|p1|Ogerpon-Wellspring, F|
|poke|p2|Gholdengo|
|poke|p2|Gliscor, M|
|poke|p2|Hydrapple, M|
|poke|p2|Moltres|
|poke|p2|Ting-Lu|
|poke|p2|Zamazenta-*|
|teampreview
|inactive|Battle timer is ON: inactive players will automatically lose when time's up. (requested by WogerHater)
|j| larp legion
|j| bombobini gusini
|
|t:|1758942869
|teamsize|p1|6
|teamsize|p2|6
|start
|switch|p1a: Ogerpon|Ogerpon-Wellspring, F|100/100
|switch|p2a: Hydrapple|Hydrapple, M|100/100
|turn|1
|
|t:|1758942876
|move|p1a: Ogerpon|Spikes|p2a: Hydrapple
|-sidestart|p2: 1-800 mouse|Spikes
|move|p2a: Hydrapple|Fickle Beam|p1a: Ogerpon|[anim] Fickle Beam All Out
|-activate|p2a: Hydrapple|move: Fickle Beam
|-crit|p1a: Ogerpon
|-damage|p1a: Ogerpon|5/100
|
|upkeep
|turn|2
|
|t:|1758942880
|move|p1a: Ogerpon|Synthesis|p1a: Ogerpon
|-heal|p1a: Ogerpon|55/100
|move|p2a: Hydrapple|Fickle Beam|p1a: Ogerpon|[anim] Fickle Beam All Out
|-activate|p2a: Hydrapple|move: Fickle Beam
|-damage|p1a: Ogerpon|0 fnt
|faint|p1a: Ogerpon
|
|upkeep
|c|☆WogerHater|okay
|
|t:|1758942896
|switch|p1a: Skeledirge|Skeledirge, M|100/100
|turn|3
|
|t:|1758942901
|switch|p2a: Moltres|Moltres|100/100
|move|p1a: Skeledirge|Torch Song|p2a: Moltres
|-resisted|p2a: Moltres
|-damage|p2a: Moltres|86/100
|-boost|p1a: Skeledirge|spa|1
|
|upkeep
|turn|4
|c|☆WogerHater|crit + roll in roll
|c|☆WogerHater|into
|
|t:|1758942907
|move|p1a: Skeledirge|Torch Song|p2a: Moltres
|-resisted|p2a: Moltres
|-damage|p2a: Moltres|65/100
|-boost|p1a: Skeledirge|spa|1
|move|p2a: Moltres|Roar|p1a: Skeledirge
|drag|p1a: Dragapult|Dragapult, F|100/100
|
|upkeep
|turn|5
|
|t:|1758942911
|move|p1a: Dragapult|Draco Meteor|p2a: Moltres
|-damage|p2a: Moltres|0 fnt
|-unboost|p1a: Dragapult|spa|2
|faint|p2a: Moltres
|
|upkeep
|
|t:|1758942917
|switch|p2a: Gliscor|Gliscor, M|100/100
|turn|6
|
|t:|1758942920
|switch|p1a: Corviknight|Corviknight, M|100/100
|-ability|p1a: Corviknight|Pressure
|move|p2a: Gliscor|Knock Off|p1a: Corviknight
|-damage|p1a: Corviknight|85/100
|-damage|p2a: Gliscor|84/100|[from] item: Rocky Helmet|[of] p1a: Corviknight
|-enditem|p1a: Corviknight|Rocky Helmet|[from] move: Knock Off|[of] p2a: Gliscor
|
|-status|p2a: Gliscor|tox|[from] item: Toxic Orb
|upkeep
|turn|7
|
|t:|1758942923
|move|p2a: Gliscor|Swords Dance|p2a: Gliscor
|-boost|p2a: Gliscor|atk|2
|move|p1a: Corviknight|U-turn|p2a: Gliscor
|-resisted|p2a: Gliscor
|-damage|p2a: Gliscor|78/100 tox
|
|t:|1758942925
|switch|p1a: GAS.|Weezing-Galar, F|100/100|[from] U-turn
|-ability|p1a: GAS.|Neutralizing Gas
|
|-damage|p2a: Gliscor|72/100 tox|[from] psn
|upkeep
|turn|8
|j| locked in bro
|
|t:|1758942930
|-end|p1a: GAS.|ability: Neutralizing Gas
|switch|p1a: Corviknight|Corviknight, M|85/100
|-ability|p1a: Corviknight|Pressure
|move|p2a: Gliscor|Knock Off|p1a: Corviknight
|-damage|p1a: Corviknight|65/100
|
|-heal|p2a: Gliscor|84/100 tox|[from] ability: Poison Heal
|upkeep
|turn|9
|
|t:|1758942935
|move|p2a: Gliscor|Knock Off|p1a: Corviknight
|-damage|p1a: Corviknight|47/100
|move|p1a: Corviknight|Iron Defense|p1a: Corviknight
|-boost|p1a: Corviknight|def|2
|
|-heal|p2a: Gliscor|97/100 tox|[from] ability: Poison Heal
|upkeep
|turn|10
|
|t:|1758942939
|switch|p2a: Gholdengo|Gholdengo|100/100
|-damage|p2a: Gholdengo|88/100|[from] Spikes
|move|p1a: Corviknight|Roost|p1a: Corviknight
|-heal|p1a: Corviknight|97/100
|-singleturn|p1a: Corviknight|move: Roost
|
|upkeep
|turn|11
|
|t:|1758942944
|switch|p1a: Ting-Lu|Ting-Lu, shiny|100/100
|-ability|p1a: Ting-Lu|Vessel of Ruin
|move|p2a: Gholdengo|Trick|p1a: Ting-Lu
|-activate|p2a: Gholdengo|move: Trick|[of] p1a: Ting-Lu
|-item|p1a: Ting-Lu|Choice Scarf|[from] move: Trick
|-item|p2a: Gholdengo|Leftovers|[from] move: Trick
|
|-heal|p2a: Gholdengo|94/100|[from] item: Leftovers
|upkeep
|turn|12
|
|t:|1758942948
|switch|p2a: Ting-Lu|Ting-Lu|100/100
|-damage|p2a: Ting-Lu|88/100|[from] Spikes
|-ability|p2a: Ting-Lu|Vessel of Ruin
|move|p1a: Ting-Lu|Stealth Rock|p2a: Ting-Lu
|-sidestart|p2: 1-800 mouse|move: Stealth Rock
|
|-heal|p2a: Ting-Lu|94/100|[from] item: Leftovers
|upkeep
|turn|13
|
|t:|1758942952
|switch|p1a: Skeledirge|Skeledirge, M|100/100
|move|p2a: Ting-Lu|Stealth Rock|p1a: Skeledirge
|-sidestart|p1: WogerHater|move: Stealth Rock
|
|-heal|p2a: Ting-Lu|100/100|[from] item: Leftovers
|upkeep
|turn|14
|
|t:|1758942961
|switch|p2a: Gliscor|Gliscor, M|97/100 tox
|-damage|p2a: Gliscor|84/100 tox|[from] Stealth Rock
|move|p1a: Skeledirge|Will-O-Wisp|p2a: Gliscor|[miss]
|-miss|p1a: Skeledirge|p2a: Gliscor
|
|-heal|p2a: Gliscor|97/100 tox|[from] ability: Poison Heal
|upkeep
|turn|15
|
|t:|1758942970
|switch|p1a: Corviknight|Corviknight, M|97/100
|-damage|p1a: Corviknight|84/100|[from] Stealth Rock
|-ability|p1a: Corviknight|Pressure
|move|p2a: Gliscor|Swords Dance|p2a: Gliscor
|-boost|p2a: Gliscor|atk|2
|
|-heal|p2a: Gliscor|100/100 tox|[from] ability: Poison Heal
|upkeep
|turn|16
|
|t:|1758942973
|move|p2a: Gliscor|Knock Off|p1a: Corviknight
|-damage|p1a: Corviknight|65/100
|move|p1a: Corviknight|Iron Defense|p1a: Corviknight
|-boost|p1a: Corviknight|def|2
|
|upkeep
|turn|17
|
|t:|1758942976
|switch|p2a: Gholdengo|Gholdengo|94/100
|-damage|p2a: Gholdengo|82/100|[from] Spikes
|-damage|p2a: Gholdengo|76/100|[from] Stealth Rock
|move|p1a: Corviknight|Roost|p1a: Corviknight
|-heal|p1a: Corviknight|100/100
|-singleturn|p1a: Corviknight|move: Roost
|
|-heal|p2a: Gholdengo|82/100|[from] item: Leftovers
|upkeep
|turn|18
|
|t:|1758942980
|move|p2a: Gholdengo|Shadow Ball|p1a: Corviknight
|-damage|p1a: Corviknight|50/100
|move|p1a: Corviknight|U-turn|p2a: Gholdengo
|-resisted|p2a: Gholdengo
|-damage|p2a: Gholdengo|78/100
|
|t:|1758942986
|switch|p1a: Dragapult|Dragapult, F|100/100|[from] U-turn
|-damage|p1a: Dragapult|88/100|[from] Stealth Rock
|
|-heal|p2a: Gholdengo|84/100|[from] item: Leftovers
|upkeep
|turn|19
|
|t:|1758942989
|switch|p2a: Ting-Lu|Ting-Lu|100/100
|-damage|p2a: Ting-Lu|88/100|[from] Spikes
|-damage|p2a: Ting-Lu|82/100|[from] Stealth Rock
|-ability|p2a: Ting-Lu|Vessel of Ruin
|move|p1a: Dragapult|Shadow Ball|p2a: Ting-Lu
|-resisted|p2a: Ting-Lu
|-damage|p2a: Ting-Lu|71/100
|-unboost|p2a: Ting-Lu|spd|1
|
|-heal|p2a: Ting-Lu|78/100|[from] item: Leftovers
|upkeep
|turn|20
|
|t:|1758942993
|move|p1a: Dragapult|Shadow Ball|p2a: Ting-Lu
|-resisted|p2a: Ting-Lu
|-damage|p2a: Ting-Lu|62/100
|move|p2a: Ting-Lu|Whirlwind|p1a: Dragapult
|drag|p1a: GAS.|Weezing-Galar, F|100/100
|-ability|p1a: GAS.|Neutralizing Gas
|
|-heal|p2a: Ting-Lu|68/100|[from] item: Leftovers
|upkeep
|turn|21
|j| BigShteve
|j| amefurikoneko
|
|t:|1758943006
|switch|p2a: Hydrapple|Hydrapple, M|100/100
|move|p1a: GAS.|Will-O-Wisp|p2a: Hydrapple
|-status|p2a: Hydrapple|brn
|
|-damage|p2a: Hydrapple|94/100 brn|[from] brn
|upkeep
|turn|22
|
|t:|1758943011
|move|p1a: GAS.|Sludge Bomb|p2a: Hydrapple
|-supereffective|p2a: Hydrapple
|-damage|p2a: Hydrapple|42/100 brn
|move|p2a: Hydrapple|Earth Power|p1a: GAS.
|-supereffective|p1a: GAS.
|-damage|p1a: GAS.|39/100
|
|-damage|p2a: Hydrapple|36/100 brn|[from] brn
|upkeep
|turn|23
|j| wgw2333
|
|t:|1758943032
|move|p1a: GAS.|Will-O-Wisp|p2a: Hydrapple|[miss]
|-miss|p1a: GAS.|p2a: Hydrapple
|move|p2a: Hydrapple|Earth Power|p1a: GAS.
|-supereffective|p1a: GAS.
|-damage|p1a: GAS.|0 fnt
|faint|p1a: GAS.
|-end|p1a: GAS.|ability: Neutralizing Gas
|
|-damage|p2a: Hydrapple|30/100 brn|[from] brn
|upkeep
|c|☆WogerHater|just sack your hydrapple
|l|☆1-800 mouse
|inactive|1-800 mouse disconnected and has a minute to reconnect!
|player|p2|
|
|t:|1758943046
|switch|p1a: Dragapult|Dragapult, F|88/100
|-damage|p1a: Dragapult|76/100|[from] Stealth Rock
|turn|24
|c| larp legion|crazy outplay there
|c| larp legion|you cant lie though
|j|☆1-800 mouse
|inactive|1-800 mouse reconnected and has 135 seconds left.
|player|p2|1-800 mouse|pokemonrangerf-gen4|
|c|☆WogerHater|moreso just incompetency
|inactive|1-800 mouse has 120 seconds left.
|
|t:|1758943073
|switch|p2a: Gliscor|Gliscor, M|100/100 tox
|-damage|p2a: Gliscor|88/100 tox|[from] Stealth Rock
|move|p1a: Dragapult|Shadow Ball|p2a: Gliscor
|-damage|p2a: Gliscor|42/100 tox
|
|-heal|p2a: Gliscor|54/100 tox|[from] ability: Poison Heal
|upkeep
|turn|25
|c|☆WogerHater|not being able to identify a gamestate and getting rewarded for it
|inactive|1-800 mouse has 120 seconds left.
|
|t:|1758943086
|switch|p1a: Corviknight|Corviknight, M|50/100
|-damage|p1a: Corviknight|37/100|[from] Stealth Rock
|-ability|p1a: Corviknight|Pressure
|switch|p2a: Gholdengo|Gholdengo|84/100
|-damage|p2a: Gholdengo|72/100|[from] Spikes
|-damage|p2a: Gholdengo|66/100|[from] Stealth Rock
|
|-heal|p2a: Gholdengo|72/100|[from] item: Leftovers
|upkeep
|turn|26
|inactive|1-800 mouse has 120 seconds left.
|
|t:|1758943096
|switch|p1a: Ting-Lu|Ting-Lu, shiny|100/100
|-damage|p1a: Ting-Lu|94/100|[from] Stealth Rock
|-ability|p1a: Ting-Lu|Vessel of Ruin
|move|p2a: Gholdengo|Make It Rain|p1a: Ting-Lu
|-damage|p1a: Ting-Lu|67/100
|-unboost|p2a: Gholdengo|spa|1
|
|-heal|p2a: Gholdengo|78/100|[from] item: Leftovers
|upkeep
|turn|27
|inactive|1-800 mouse has 120 seconds left.
|l|☆1-800 mouse
|inactive|1-800 mouse disconnected and has a minute to reconnect!
|player|p2|
|j|☆1-800 mouse
|inactive|1-800 mouse reconnected and has 100 seconds left.
|player|p2|1-800 mouse|pokemonrangerf-gen4|
|inactive|1-800 mouse has 90 seconds left.
|
|t:|1758943138
|switch|p2a: Gliscor|Gliscor, M|54/100 tox
|-damage|p2a: Gliscor|42/100 tox|[from] Stealth Rock
|switch|p1a: Corviknight|Corviknight, M|37/100
|-damage|p1a: Corviknight|25/100|[from] Stealth Rock
|-ability|p1a: Corviknight|Pressure
|
|-heal|p2a: Gliscor|54/100 tox|[from] ability: Poison Heal
|upkeep
|turn|28
|
|t:|1758943141
|switch|p2a: Gholdengo|Gholdengo|78/100
|-damage|p2a: Gholdengo|65/100|[from] Spikes
|-damage|p2a: Gholdengo|59/100|[from] Stealth Rock
|move|p1a: Corviknight|Roost|p1a: Corviknight
|-heal|p1a: Corviknight|75/100
|-singleturn|p1a: Corviknight|move: Roost
|
|-heal|p2a: Gholdengo|65/100|[from] item: Leftovers
|upkeep
|turn|29
|
|t:|1758943145
|switch|p1a: Ting-Lu|Ting-Lu, shiny|67/100
|-damage|p1a: Ting-Lu|61/100|[from] Stealth Rock
|-ability|p1a: Ting-Lu|Vessel of Ruin
|move|p2a: Gholdengo|Recover|p2a: Gholdengo
|-heal|p2a: Gholdengo|100/100
|
|upkeep
|turn|30
|
|t:|1758943149
|switch|p2a: Gliscor|Gliscor, M|54/100 tox
|-damage|p2a: Gliscor|42/100 tox|[from] Stealth Rock
|move|p1a: Ting-Lu|Earthquake|p2a: Gliscor
|-immune|p2a: Gliscor
|
|-heal|p2a: Gliscor|54/100 tox|[from] ability: Poison Heal
|upkeep
|turn|31
|
|t:|1758943155
|move|p2a: Gliscor|Swords Dance|p2a: Gliscor
|-boost|p2a: Gliscor|atk|2
|move|p1a: Ting-Lu|Earthquake|p2a: Gliscor
|-immune|p2a: Gliscor
|
|-heal|p2a: Gliscor|67/100 tox|[from] ability: Poison Heal
|upkeep
|turn|32
|
|t:|1758943160
|move|p2a: Gliscor|Swords Dance|p2a: Gliscor
|-boost|p2a: Gliscor|atk|2
|move|p1a: Ting-Lu|Earthquake|p2a: Gliscor
|-immune|p2a: Gliscor
|
|-heal|p2a: Gliscor|79/100 tox|[from] ability: Poison Heal
|upkeep
|turn|33
|
|t:|1758943164
|switch|p1a: Corviknight|Corviknight, M|75/100
|-damage|p1a: Corviknight|62/100|[from] Stealth Rock
|-ability|p1a: Corviknight|Pressure
|move|p2a: Gliscor|Swords Dance|p2a: Gliscor
|-boost|p2a: Gliscor|atk|2
|
|-heal|p2a: Gliscor|92/100 tox|[from] ability: Poison Heal
|upkeep
|turn|34
|
|t:|1758943168
|move|p2a: Gliscor|Facade|p1a: Corviknight
|-resisted|p1a: Corviknight
|-damage|p1a: Corviknight|24/100
|move|p1a: Corviknight|Roost|p1a: Corviknight
|-heal|p1a: Corviknight|74/100
|-singleturn|p1a: Corviknight|move: Roost
|
|-heal|p2a: Gliscor|100/100 tox|[from] ability: Poison Heal
|upkeep
|turn|35
|
|t:|1758943171
|move|p2a: Gliscor|Facade|p1a: Corviknight
|-resisted|p1a: Corviknight
|-damage|p1a: Corviknight|29/100
|move|p1a: Corviknight|Iron Defense|p1a: Corviknight
|-boost|p1a: Corviknight|def|2
|
|upkeep
|turn|36
|
|t:|1758943184
|switch|p2a: Gholdengo|Gholdengo|100/100
|-damage|p2a: Gholdengo|88/100|[from] Spikes
|-damage|p2a: Gholdengo|82/100|[from] Stealth Rock
|move|p1a: Corviknight|Roost|p1a: Corviknight
|-heal|p1a: Corviknight|79/100
|-singleturn|p1a: Corviknight|move: Roost
|
|-heal|p2a: Gholdengo|88/100|[from] item: Leftovers
|upkeep
|turn|37
|
|t:|1758943188
|switch|p1a: Ting-Lu|Ting-Lu, shiny|61/100
|-damage|p1a: Ting-Lu|55/100|[from] Stealth Rock
|-ability|p1a: Ting-Lu|Vessel of Ruin
|move|p2a: Gholdengo|Shadow Ball|p1a: Ting-Lu
|-resisted|p1a: Ting-Lu
|-damage|p1a: Ting-Lu|45/100
|
|-heal|p2a: Gholdengo|94/100|[from] item: Leftovers
|upkeep
|turn|38
|j| 21stCenturyB0y
|
|t:|1758943195
|move|p2a: Gholdengo|Shadow Ball|p1a: Ting-Lu
|-resisted|p1a: Ting-Lu
|-damage|p1a: Ting-Lu|37/100
|move|p1a: Ting-Lu|Earthquake|p2a: Gholdengo
|-supereffective|p2a: Gholdengo
|-damage|p2a: Gholdengo|10/100
|
|-heal|p2a: Gholdengo|16/100|[from] item: Leftovers
|upkeep
|turn|39
|l| amefurikoneko
|l|☆1-800 mouse
|inactive|1-800 mouse disconnected and has a minute to reconnect!
|player|p2|
|c|☆WogerHater|npc
|j|☆1-800 mouse
|inactive|1-800 mouse reconnected and has 115 seconds left.
|player|p2|1-800 mouse|pokemonrangerf-gen4|
|
|t:|1758943236
|-terastallize|p2a: Gholdengo|Ghost
|move|p2a: Gholdengo|Recover|p2a: Gholdengo
|-heal|p2a: Gholdengo|66/100
|move|p1a: Ting-Lu|Earthquake|p2a: Gholdengo
|-damage|p2a: Gholdengo|25/100
|
|-heal|p2a: Gholdengo|31/100|[from] item: Leftovers
|upkeep
|turn|40
|
|t:|1758943249
|switch|p1a: Dragapult|Dragapult, F|76/100
|-damage|p1a: Dragapult|64/100|[from] Stealth Rock
|move|p2a: Gholdengo|Recover|p2a: Gholdengo
|-heal|p2a: Gholdengo|81/100
|
|-heal|p2a: Gholdengo|87/100|[from] item: Leftovers
|upkeep
|turn|41
|
|t:|1758943259
|switch|p2a: Hydrapple|Hydrapple, M|64/100 brn
|move|p1a: Dragapult|Draco Meteor|p2a: Hydrapple
|-supereffective|p2a: Hydrapple
|-damage|p2a: Hydrapple|0 fnt
|-unboost|p1a: Dragapult|spa|2
|faint|p2a: Hydrapple
|
|upkeep
|
|t:|1758943264
|switch|p2a: Gholdengo|Gholdengo, tera:Ghost|87/100
|-damage|p2a: Gholdengo|75/100|[from] Spikes
|-damage|p2a: Gholdengo|62/100|[from] Stealth Rock
|turn|42
|inactive|1-800 mouse has 120 seconds left.
|
|t:|1758943271
|switch|p1a: Ting-Lu|Ting-Lu, shiny|37/100
|-damage|p1a: Ting-Lu|31/100|[from] Stealth Rock
|-ability|p1a: Ting-Lu|Vessel of Ruin
|move|p2a: Gholdengo|Make It Rain|p1a: Ting-Lu
|-crit|p1a: Ting-Lu
|-damage|p1a: Ting-Lu|0 fnt
|-unboost|p2a: Gholdengo|spa|1
|faint|p1a: Ting-Lu
|
|-heal|p2a: Gholdengo|68/100|[from] item: Leftovers
|upkeep
|
|t:|1758943275
|switch|p1a: Skeledirge|Skeledirge, M|100/100
|turn|43
|
|t:|1758943278
|-terastallize|p1a: Skeledirge|Water
|move|p2a: Gholdengo|Shadow Ball|p1a: Skeledirge
|-damage|p1a: Skeledirge|59/100
|-unboost|p1a: Skeledirge|spd|1
|move|p1a: Skeledirge|Torch Song|p2a: Gholdengo
|-damage|p2a: Gholdengo|34/100
|-boost|p1a: Skeledirge|spa|1
|
|-heal|p2a: Gholdengo|40/100|[from] item: Leftovers
|upkeep
|turn|44
|c|☆WogerHater|can you stop
|
|t:|1758943294
|switch|p1a: Dragapult|Dragapult, F|64/100
|-damage|p1a: Dragapult|51/100|[from] Stealth Rock
|move|p2a: Gholdengo|Shadow Ball|p1a: Dragapult
|-supereffective|p1a: Dragapult
|-damage|p1a: Dragapult|0 fnt
|faint|p1a: Dragapult
|
|-heal|p2a: Gholdengo|46/100|[from] item: Leftovers
|upkeep
|
|t:|1758943296
|switch|p1a: Skeledirge|Skeledirge, M, tera:Water|59/100
|turn|45
|
|t:|1758943301
|switch|p2a: Gliscor|Gliscor, M|100/100 tox
|-damage|p2a: Gliscor|88/100 tox|[from] Stealth Rock
|move|p1a: Skeledirge|Slack Off|p1a: Skeledirge
|-heal|p1a: Skeledirge|100/100
|
|-heal|p2a: Gliscor|100/100 tox|[from] ability: Poison Heal
|upkeep
|turn|46
|
|t:|1758943306
|move|p2a: Gliscor|Knock Off|p1a: Skeledirge
|-damage|p1a: Skeledirge|82/100
|-enditem|p1a: Skeledirge|Heavy-Duty Boots|[from] move: Knock Off|[of] p2a: Gliscor
|move|p1a: Skeledirge|Torch Song|p2a: Gliscor
|-damage|p2a: Gliscor|72/100 tox
|-boost|p1a: Skeledirge|spa|1
|
|-heal|p2a: Gliscor|85/100 tox|[from] ability: Poison Heal
|upkeep
|turn|47
|
|t:|1758943311
|move|p2a: Gliscor|Facade|p1a: Skeledirge
|-damage|p1a: Skeledirge|58/100
|move|p1a: Skeledirge|Torch Song|p2a: Gliscor
|-damage|p2a: Gliscor|47/100 tox
|-boost|p1a: Skeledirge|spa|1
|
|-heal|p2a: Gliscor|60/100 tox|[from] ability: Poison Heal
|upkeep
|turn|48
|
|t:|1758943316
|move|p2a: Gliscor|Facade|p1a: Skeledirge
|-damage|p1a: Skeledirge|33/100
|move|p1a: Skeledirge|Slack Off|p1a: Skeledirge
|-heal|p1a: Skeledirge|83/100
|
|-heal|p2a: Gliscor|72/100 tox|[from] ability: Poison Heal
|upkeep
|turn|49
|
|t:|1758943318
|move|p2a: Gliscor|Facade|p1a: Skeledirge
|-damage|p1a: Skeledirge|56/100
|move|p1a: Skeledirge|Torch Song|p2a: Gliscor
|-damage|p2a: Gliscor|22/100 tox
|-boost|p1a: Skeledirge|spa|1
|
|-heal|p2a: Gliscor|34/100 tox|[from] ability: Poison Heal
|upkeep
|turn|50
|j| 365 party girl
|
|t:|1758943326
|move|p2a: Gliscor|Facade|p1a: Skeledirge
|-damage|p1a: Skeledirge|30/100
|move|p1a: Skeledirge|Slack Off|p1a: Skeledirge
|-heal|p1a: Skeledirge|80/100
|
|-heal|p2a: Gliscor|47/100 tox|[from] ability: Poison Heal
|upkeep
|turn|51
|
|t:|1758943329
|move|p2a: Gliscor|Protect|p2a: Gliscor
|-singleturn|p2a: Gliscor|Protect
|move|p1a: Skeledirge|Slack Off|p1a: Skeledirge
|-heal|p1a: Skeledirge|100/100
|
|-heal|p2a: Gliscor|59/100 tox|[from] ability: Poison Heal
|upkeep
|turn|52
|
|t:|1758943332
|move|p2a: Gliscor|Facade|p1a: Skeledirge
|-damage|p1a: Skeledirge|74/100
|move|p1a: Skeledirge|Torch Song|p2a: Gliscor
|-damage|p2a: Gliscor|0 fnt
|-boost|p1a: Skeledirge|spa|1
|faint|p2a: Gliscor
|
|upkeep
|
|t:|1758943336
|switch|p2a: Ting-Lu|Ting-Lu|68/100
|-damage|p2a: Ting-Lu|55/100|[from] Spikes
|-damage|p2a: Ting-Lu|49/100|[from] Stealth Rock
|-ability|p2a: Ting-Lu|Vessel of Ruin
|turn|53
|
|t:|1758943347
|move|p1a: Skeledirge|Torch Song|p2a: Ting-Lu
|-damage|p2a: Ting-Lu|10/100
|-boost|p1a: Skeledirge|spa|1
|move|p2a: Ting-Lu|Ruination|p1a: Skeledirge
|-damage|p1a: Skeledirge|37/100
|
|-heal|p2a: Ting-Lu|16/100|[from] item: Leftovers
|upkeep
|turn|54
|
|t:|1758943363
|move|p1a: Skeledirge|Slack Off|p1a: Skeledirge
|-heal|p1a: Skeledirge|88/100
|move|p2a: Ting-Lu|Ruination|p1a: Skeledirge
|-damage|p1a: Skeledirge|44/100
|
|-heal|p2a: Ting-Lu|22/100|[from] item: Leftovers
|upkeep
|turn|55
|
|t:|1758943369
|move|p1a: Skeledirge|Slack Off|p1a: Skeledirge
|-heal|p1a: Skeledirge|94/100
|move|p2a: Ting-Lu|Ruination|p1a: Skeledirge
|-damage|p1a: Skeledirge|47/100
|
|-heal|p2a: Ting-Lu|29/100|[from] item: Leftovers
|upkeep
|turn|56
|
|t:|1758943372
|move|p1a: Skeledirge|Torch Song|p2a: Ting-Lu
|-damage|p2a: Ting-Lu|0 fnt
|-boost|p1a: Skeledirge|spa|1
|faint|p2a: Ting-Lu
|
|upkeep
|
|t:|1758943375
|switch|p2a: Zamazenta|Zamazenta|100/100
|-ability|p2a: Zamazenta|Dauntless Shield|boost
|-boost|p2a: Zamazenta|def|1
|turn|57
|
|t:|1758943378
|move|p2a: Zamazenta|Close Combat|p1a: Skeledirge
|-damage|p1a: Skeledirge|2/100
|-unboost|p2a: Zamazenta|def|1
|-unboost|p2a: Zamazenta|spd|1
|move|p1a: Skeledirge|Slack Off|p1a: Skeledirge
|-heal|p1a: Skeledirge|52/100
|
|upkeep
|turn|58
|
|t:|1758943388
|move|p2a: Zamazenta|Close Combat|p1a: Skeledirge
|-damage|p1a: Skeledirge|5/100
|-unboost|p2a: Zamazenta|def|1
|-unboost|p2a: Zamazenta|spd|1
|move|p1a: Skeledirge|Slack Off|p1a: Skeledirge
|-heal|p1a: Skeledirge|55/100
|
|upkeep
|turn|59
|
|t:|1758943391
|switch|p1a: Corviknight|Corviknight, M|79/100
|-damage|p1a: Corviknight|67/100|[from] Stealth Rock
|-ability|p1a: Corviknight|Pressure
|move|p2a: Zamazenta|Close Combat|p1a: Corviknight
|-damage|p1a: Corviknight|29/100
|-unboost|p2a: Zamazenta|def|1
|-unboost|p2a: Zamazenta|spd|1
|
|upkeep
|turn|60
|
|t:|1758943393
|move|p2a: Zamazenta|Close Combat|p1a: Corviknight
|-damage|p1a: Corviknight|0 fnt
|-unboost|p2a: Zamazenta|def|1
|-unboost|p2a: Zamazenta|spd|1
|faint|p1a: Corviknight
|
|upkeep
|c|☆WogerHater|if only my woger didn't get double crit
|c|☆WogerHater|incompentent player
|-message|WogerHater forfeited.
|
|win|1-800 mouse
|raw|WogerHater's rating: 1906 &rarr; <strong>1881</strong><br />(-25 for losing)
|raw|1-800 mouse's rating: 1814 &rarr; <strong>1839</strong><br />(+25 for winning)
|l|☆WogerHater
|player|p1|
|l| locked in bro
|l| wgw2333
|l|☆1-800 mouse
|player|p2|
|l| bombobini gusini
|l| BigShteve
