|j|☆epicgamer069420
|j|‽v1n001
|t:|1759052336
|gametype|singles
|player|p1|epicgamer069420|hilbert|1706
|player|p2|v1n001|170|1673
|gen|9
|tier|[Gen 9] OU
|rated|
|rule|HP Percentage Mod: HP is shown in percentages
|rule|Endless Battle Clause: Forcing endless battles is banned
|rule|Species Clause: Limit one of each Pokémon
|rule|OHKO Clause: OHKO moves are banned
|rule|Evasion Items Clause: Evasion items are banned
|rule|Evasion Moves Clause: Evasion moves are banned
|rule|Evasion Abilities Clause: Evasion abilities are banned
|rule|Sleep Moves Clause: Sleep-inducing moves are banned
|clearpoke
|poke|p1|Thundurus-Therian, M|
|poke|p1|Pelipper, F|
|poke|p1|Barraskewda, M|
|poke|p1|Iron Treads|
|poke|p1|Ogerpon-Wellspring, F|
|poke|p1|Dragonite, F|
|poke|p2|Rillaboom, F|
|poke|p2|Hawlucha, F|
|poke|p2|Gholdengo|
|poke|p2|Heatran, F|
|poke|p2|Glimmora, F|
|poke|p2|Ogerpon-Wellspring, F|
|teampreview
|inactive|Battle timer is ON: inactive players will automatically lose when time's up. (requested by epicgamer069420)
|inactive|v1n001 also wants the timer to be on.
|l|‽v1n001
|inactive|v1n001 disconnected and has a minute to reconnect!
|player|p2|
|j|‽v1n001
|inactive|v1n001 reconnected and has 115 seconds left.
|player|p2|v1n001|170|
|n|‽v1n001|v1n001
|
|t:|1759052386
|teamsize|p1|6
|teamsize|p2|6
|start
|switch|p1a: Ogerpon|Ogerpon-Wellspring, F|100/100
|switch|p2a: Rillaboom|Rillaboom, F, shiny|100/100
|-fieldstart|move: Grassy Terrain|[from] ability: Grassy Surge|[of] p2a: Rillaboom
|turn|1
|
|t:|1759052389
|move|p1a: Ogerpon|Knock Off|p2a: Rillaboom
|-damage|p2a: Rillaboom|60/100
|-enditem|p2a: Rillaboom|Life Orb|[from] move: Knock Off|[of] p1a: Ogerpon
|move|p2a: Rillaboom|Swords Dance|p2a: Rillaboom
|-boost|p2a: Rillaboom|atk|2
|
|-heal|p2a: Rillaboom|66/100|[from] Grassy Terrain
|upkeep
|turn|2
|
|t:|1759052397
|move|p2a: Rillaboom|Grassy Glide|p1a: Ogerpon
|-damage|p1a: Ogerpon|0 fnt
|faint|p1a: Ogerpon
|
|-heal|p2a: Rillaboom|72/100|[from] Grassy Terrain
|upkeep
|
|t:|1759052405
|switch|p1a: Dragonite|Dragonite, F|100/100
|turn|3
|
|t:|1759052408
|move|p1a: Dragonite|Ice Spinner|p2a: Rillaboom
|-supereffective|p2a: Rillaboom
|-damage|p2a: Rillaboom|13/100
|-fieldend|move: Grassy Terrain
|move|p2a: Rillaboom|Knock Off|p1a: Dragonite
|-damage|p1a: Dragonite|61/100
|-enditem|p1a: Dragonite|Heavy-Duty Boots|[from] move: Knock Off|[of] p2a: Rillaboom
|
|upkeep
|turn|4
|
|t:|1759052412
|switch|p2a: Glimmora|Glimmora, F, shiny|100/100
|move|p1a: Dragonite|Extreme Speed|p2a: Glimmora
|-resisted|p2a: Glimmora
|-damage|p2a: Glimmora|83/100
|-activate|p2a: Glimmora|ability: Toxic Debris
|-sidestart|p1: epicgamer069420|move: Toxic Spikes
|
|upkeep
|turn|5
|
|t:|1759052417
|switch|p1a: Iron Treads|Iron Treads|100/100
|-enditem|p1a: Iron Treads|Booster Energy
|-activate|p1a: Iron Treads|ability: Quark Drive|[fromitem]
|-start|p1a: Iron Treads|quarkdrivespe
|move|p2a: Glimmora|Meteor Beam||[still]
|-prepare|p2a: Glimmora|Meteor Beam
|-boost|p2a: Glimmora|spa|1
|-enditem|p2a: Glimmora|Power Herb
|-anim|p2a: Glimmora|Meteor Beam|p1a: Iron Treads
|-resisted|p1a: Iron Treads
|-damage|p1a: Iron Treads|69/100
|
|upkeep
|turn|6
|
|t:|1759052422
|move|p1a: Iron Treads|Rapid Spin|p2a: Glimmora
|-resisted|p2a: Glimmora
|-damage|p2a: Glimmora|76/100
|-boost|p1a: Iron Treads|spe|1
|-activate|p2a: Glimmora|ability: Toxic Debris
|-sidestart|p1: epicgamer069420|move: Toxic Spikes
|-sideend|p1: epicgamer069420|Toxic Spikes|[from] move: Rapid Spin|[of] p1a: Iron Treads
|move|p2a: Glimmora|Earth Power|p1a: Iron Treads
|-supereffective|p1a: Iron Treads
|-damage|p1a: Iron Treads|0 fnt
|faint|p1a: Iron Treads
|-end|p1a: Iron Treads|Quark Drive|[silent]
|
|upkeep
|
|t:|1759052429
|switch|p1a: Thundurus|Thundurus-Therian, M|100/100
|turn|7
|
|t:|1759052431
|move|p1a: Thundurus|Volt Switch|p2a: Glimmora
|-crit|p2a: Glimmora
|-damage|p2a: Glimmora|0 fnt
|faint|p2a: Glimmora
|
|t:|1759052434
|switch|p1a: Pelipper|Pelipper, F|100/100|[from] Volt Switch
|-weather|RainDance|[from] ability: Drizzle|[of] p1a: Pelipper
|
|-weather|RainDance|[upkeep]
|upkeep
|
|t:|1759052437
|switch|p2a: Rillaboom|Rillaboom, F, shiny|13/100
|-fieldstart|move: Grassy Terrain|[from] ability: Grassy Surge|[of] p2a: Rillaboom
|turn|8
|
|t:|1759052441
|switch|p2a: Heatran|Heatran, F, shiny|100/100
|move|p1a: Pelipper|U-turn|p2a: Heatran
|-resisted|p2a: Heatran
|-damage|p2a: Heatran|98/100
|
|t:|1759052444
|switch|p1a: Thundurus|Thundurus-Therian, M|100/100|[from] U-turn
|
|-weather|RainDance|[upkeep]
|-heal|p2a: Heatran|100/100|[from] Grassy Terrain
|upkeep
|turn|9
|
|t:|1759052450
|move|p1a: Thundurus|Thunder|p2a: Heatran
|-damage|p2a: Heatran|36/100
|-status|p2a: Heatran|par
|cant|p2a: Heatran|par
|
|-weather|RainDance|[upkeep]
|-heal|p2a: Heatran|42/100 par|[from] Grassy Terrain
|-heal|p2a: Heatran|48/100 par|[from] item: Leftovers
|upkeep
|turn|10
|
|t:|1759052455
|move|p1a: Thundurus|Thunder|p2a: Heatran
|-damage|p2a: Heatran|0 fnt
|faint|p2a: Heatran
|
|-weather|RainDance|[upkeep]
|upkeep
|
|t:|1759052464
|switch|p2a: Ogerpon|Ogerpon-Wellspring, F|100/100
|turn|11
|
|t:|1759052471
|switch|p1a: Dragonite|Dragonite, F|61/100
|move|p2a: Ogerpon|Ivy Cudgel|p1a: Dragonite|[anim] Ivy Cudgel Water
|-resisted|p1a: Dragonite
|-damage|p1a: Dragonite|7/100
|
|-weather|RainDance|[upkeep]
|upkeep
|turn|12
|
|t:|1759052474
|move|p1a: Dragonite|Extreme Speed|p2a: Ogerpon
|-damage|p2a: Ogerpon|66/100
|move|p2a: Ogerpon|Trailblaze|p1a: Dragonite
|-resisted|p1a: Dragonite
|-damage|p1a: Dragonite|0 fnt
|-boost|p2a: Ogerpon|spe|1
|faint|p1a: Dragonite
|
|-weather|RainDance|[upkeep]
|-heal|p2a: Ogerpon|72/100|[from] Grassy Terrain
|-fieldend|move: Grassy Terrain
|upkeep
|
|t:|1759052477
|switch|p1a: Barraskewda|Barraskewda, M|100/100
|turn|13
|
|t:|1759052484
|switch|p2a: Gholdengo|Gholdengo|100/100
|move|p1a: Barraskewda|Poison Jab|p2a: Gholdengo
|-immune|p2a: Gholdengo
|
|-weather|RainDance|[upkeep]
|upkeep
|turn|14
|
|t:|1759052488
|move|p1a: Barraskewda|Flip Turn|p2a: Gholdengo
|-damage|p2a: Gholdengo|59/100
|
|t:|1759052493
|switch|p1a: Pelipper|Pelipper, F|100/100|[from] Flip Turn
|move|p2a: Gholdengo|Shadow Ball|p1a: Pelipper
|-damage|p1a: Pelipper|55/100
|-unboost|p1a: Pelipper|spd|1
|
|-weather|none
|upkeep
|turn|15
|
|t:|1759052498
|move|p2a: Gholdengo|Shadow Ball|p1a: Pelipper
|-damage|p1a: Pelipper|0 fnt
|faint|p1a: Pelipper
|
|upkeep
|
|t:|1759052507
|switch|p1a: Barraskewda|Barraskewda, M|100/100
|turn|16
|
|t:|1759052523
|switch|p2a: Rillaboom|Rillaboom, F, shiny|13/100
|-fieldstart|move: Grassy Terrain|[from] ability: Grassy Surge|[of] p2a: Rillaboom
|move|p1a: Barraskewda|Liquidation|p2a: Rillaboom
|-resisted|p2a: Rillaboom
|-damage|p2a: Rillaboom|0 fnt
|faint|p2a: Rillaboom
|
|upkeep
|
|t:|1759052528
|switch|p2a: Hawlucha|Hawlucha, F, shiny|100/100
|-enditem|p2a: Hawlucha|Grassy Seed
|-boost|p2a: Hawlucha|def|1|[from] item: Grassy Seed
|turn|17
|
|t:|1759052537
|move|p2a: Hawlucha|Acrobatics|p1a: Barraskewda
|-damage|p1a: Barraskewda|11/100
|move|p1a: Barraskewda|Poison Jab|p2a: Hawlucha
|-damage|p2a: Hawlucha|74/100
|
|-heal|p1a: Barraskewda|17/100|[from] Grassy Terrain
|upkeep
|turn|18
|
|t:|1759052540
|move|p2a: Hawlucha|Acrobatics|p1a: Barraskewda
|-damage|p1a: Barraskewda|0 fnt
|faint|p1a: Barraskewda
|
|upkeep
|
|t:|1759052541
|switch|p1a: Thundurus|Thundurus-Therian, M|100/100
|turn|19
|
|t:|1759052549
|-terastallize|p2a: Hawlucha|Ground
|move|p2a: Hawlucha|Swords Dance|p2a: Hawlucha
|-boost|p2a: Hawlucha|atk|2
|move|p1a: Thundurus|Thunder|p2a: Hawlucha
|-immune|p2a: Hawlucha
|
|-heal|p2a: Hawlucha|80/100|[from] Grassy Terrain
|upkeep
|turn|20
|-message|epicgamer069420 forfeited.
|
|win|v1n001
|raw|epicgamer069420's rating: 1706 &rarr; <strong>1684</strong><br />(-22 for losing)
|raw|v1n001's rating: 1673 &rarr; <strong>1695</strong><br />(+22 for winning)
|l|☆epicgamer069420
|player|p1|
|l|‽v1n001
|player|p2|
