|badge|p2|silver|gen9ou|30-6
|html|<div class="broadcast-red"><strong>This battle is required to be public due to one or more player having a season medal.</strong><br />During the public phase, you can discuss the state of the ladder <a href="/seasondiscussion">in a special chatroom.</a></div>
|uhtml|medal-msg|<div class="broadcast-blue">Curious what those medals under the avatar are? PS now has Ladder Seasons! For more information, check out the <a href="https://www.smogon.com/forums/threads/3740067/">thread on Smogon.</a></div>
|j|☆disco 2003
|j|☆WogerHater
|t:|1758946410
|gametype|singles
|player|p1|disco 2003|policeman-gen4|1674
|player|p2|WogerHater|dawn-gen4pt|1966
|gen|9
|tier|[Gen 9] OU
|rated|
|rule|HP Percentage Mod: HP is shown in percentages
|rule|Endless Battle Clause: Forcing endless battles is banned
|rule|Species Clause: Limit one of each Pokémon
|rule|OHKO Clause: OHKO moves are banned
|rule|Evasion Items Clause: Evasion items are banned
|rule|Evasion Moves Clause: Evasion moves are banned
|rule|Evasion Abilities Clause: Evasion abilities are banned
|rule|Sleep Moves Clause: Sleep-inducing moves are banned
|clearpoke
|poke|p1|Ceruledge, M|
|poke|p1|Raging Bolt|
|poke|p1|Latias, F|
|poke|p1|Kyurem|
|poke|p1|Ninetales-Alola, F|
|poke|p1|Iron Moth|
|poke|p2|Weezing-Galar, M|
|poke|p2|Ting-Lu|
|poke|p2|Corviknight, M|
|poke|p2|Skeledirge, M|
|poke|p2|Dragapult, F|
|poke|p2|Ogerpon-Wellspring, F|
|teampreview
|inactive|Battle timer is ON: inactive players will automatically lose when time's up. (requested by WogerHater)
|j| amefurikoneko
|inactive|WogerHater has 120 seconds left.
|l| amefurikoneko
|
|t:|1758946454
|teamsize|p1|6
|teamsize|p2|6
|start
|switch|p1a: snow bunny|Ninetales-Alola, F|100/100
|switch|p2a: Ting-Lu|Ting-Lu, shiny|100/100
|-weather|Snowscape|[from] ability: Snow Warning|[of] p1a: snow bunny
|-ability|p2a: Ting-Lu|Vessel of Ruin
|turn|1
|j| amefurikoneko
|j| 1989 tour
|inactive|disco 2003 has 120 seconds left.
|
|t:|1758946496
|move|p1a: snow bunny|Moonblast|p2a: Ting-Lu
|-supereffective|p2a: Ting-Lu
|-damage|p2a: Ting-Lu|70/100
|move|p2a: Ting-Lu|Stealth Rock|p1a: snow bunny
|-sidestart|p1: disco 2003|move: Stealth Rock
|
|-weather|Snowscape|[upkeep]
|-heal|p2a: Ting-Lu|76/100|[from] item: Leftovers
|upkeep
|turn|2
|
|t:|1758946510
|switch|p2a: Skeledirge|Skeledirge, M|100/100
|move|p1a: snow bunny|Aurora Veil|p1a: snow bunny
|-sidestart|p1: disco 2003|move: Aurora Veil
|
|-weather|Snowscape|[upkeep]
|upkeep
|turn|3
|inactive|disco 2003 has 120 seconds left.
|
|t:|1758946530
|switch|p1a: 50/50|Raging Bolt|100/100
|-damage|p1a: 50/50|88/100|[from] Stealth Rock
|-enditem|p1a: 50/50|Booster Energy
|-activate|p1a: 50/50|ability: Protosynthesis|[fromitem]
|-start|p1a: 50/50|protosynthesisspa
|move|p2a: Skeledirge|Torch Song|p1a: 50/50
|-resisted|p1a: 50/50
|-damage|p1a: 50/50|82/100
|-boost|p2a: Skeledirge|spa|1
|
|-weather|Snowscape|[upkeep]
|upkeep
|turn|4
|j| locked in bro
|
|t:|1758946550
|switch|p2a: Ting-Lu|Ting-Lu, shiny|76/100
|-ability|p2a: Ting-Lu|Vessel of Ruin
|move|p1a: 50/50|Dragon Pulse|p2a: Ting-Lu
|-damage|p2a: Ting-Lu|51/100
|
|-weather|Snowscape|[upkeep]
|-heal|p2a: Ting-Lu|57/100|[from] item: Leftovers
|upkeep
|turn|5
|inactive|disco 2003 has 90 seconds left.
|
|t:|1758946575
|move|p1a: 50/50|Dragon Pulse|p2a: Ting-Lu
|-damage|p2a: Ting-Lu|31/100
|move|p2a: Ting-Lu|Earthquake|p1a: 50/50
|-supereffective|p1a: 50/50
|-damage|p1a: 50/50|51/100
|
|-weather|none
|-heal|p2a: Ting-Lu|37/100|[from] item: Leftovers
|upkeep
|turn|6
|inactive|disco 2003 has 90 seconds left.
|
|t:|1758946581
|move|p1a: 50/50|Dragon Pulse|p2a: Ting-Lu
|-damage|p2a: Ting-Lu|9/100
|move|p2a: Ting-Lu|Rest|p2a: Ting-Lu
|-status|p2a: Ting-Lu|slp|[from] move: Rest
|-heal|p2a: Ting-Lu|100/100 slp|[silent]
|
|upkeep
|turn|7
|
|t:|1758946587
|move|p1a: 50/50|Calm Mind|p1a: 50/50
|-boost|p1a: 50/50|spa|1
|-boost|p1a: 50/50|spd|1
|cant|p2a: Ting-Lu|slp
|
|upkeep
|turn|8
|
|t:|1758946592
|move|p1a: 50/50|Dragon Pulse|p2a: Ting-Lu
|-damage|p2a: Ting-Lu|58/100 slp
|cant|p2a: Ting-Lu|slp
|
|-heal|p2a: Ting-Lu|65/100 slp|[from] item: Leftovers
|upkeep
|turn|9
|
|t:|1758946601
|switch|p2a: GAS.|Weezing-Galar, M|100/100
|-ability|p2a: GAS.|Neutralizing Gas
|move|p1a: 50/50|Dragon Pulse|p2a: GAS.
|-immune|p2a: GAS.
|
|-sideend|p1: disco 2003|move: Aurora Veil
|upkeep
|turn|10
|inactive|disco 2003 has 120 seconds left.
|
|t:|1758946607
|-end|p2a: GAS.|ability: Neutralizing Gas
|switch|p2a: Ting-Lu|Ting-Lu, shiny|65/100 slp
|-ability|p2a: Ting-Lu|Vessel of Ruin
|move|p1a: 50/50|Thunderbolt|p2a: Ting-Lu
|-immune|p2a: Ting-Lu
|
|-heal|p2a: Ting-Lu|71/100 slp|[from] item: Leftovers
|upkeep
|turn|11
|
|t:|1758946612
|-terastallize|p2a: Ting-Lu|Fairy
|move|p1a: 50/50|Dragon Pulse|p2a: Ting-Lu
|-immune|p2a: Ting-Lu
|-curestatus|p2a: Ting-Lu|slp|[msg]
|move|p2a: Ting-Lu|Earthquake|p1a: 50/50
|-supereffective|p1a: 50/50
|-damage|p1a: 50/50|0 fnt
|faint|p1a: 50/50
|-end|p1a: 50/50|Protosynthesis|[silent]
|
|-heal|p2a: Ting-Lu|77/100|[from] item: Leftovers
|upkeep
|inactive|disco 2003 has 120 seconds left.
|
|t:|1758946631
|switch|p1a: snow bunny|Ninetales-Alola, F|100/100
|-damage|p1a: snow bunny|76/100|[from] Stealth Rock
|-weather|Snowscape|[from] ability: Snow Warning|[of] p1a: snow bunny
|turn|12
|
|t:|1758946634
|move|p1a: snow bunny|Aurora Veil|p1a: snow bunny
|-sidestart|p1: disco 2003|move: Aurora Veil
|move|p2a: Ting-Lu|Heavy Slam|p1a: snow bunny
|-supereffective|p1a: snow bunny
|-damage|p1a: snow bunny|10/100
|
|-weather|Snowscape|[upkeep]
|-heal|p2a: Ting-Lu|83/100|[from] item: Leftovers
|upkeep
|turn|13
|
|t:|1758946642
|switch|p2a: Dragapult|Dragapult, F|100/100
|move|p1a: snow bunny|Encore||[still]
|-fail|p1a: snow bunny
|
|-weather|Snowscape|[upkeep]
|upkeep
|turn|14
|
|t:|1758946645
|move|p2a: Dragapult|Shadow Ball|p1a: snow bunny
|-damage|p1a: snow bunny|0 fnt
|faint|p1a: snow bunny
|
|-weather|Snowscape|[upkeep]
|upkeep
|
|t:|1758946654
|switch|p1a: MoveMerchant|Iron Moth|100/100
|-damage|p1a: MoveMerchant|76/100|[from] Stealth Rock
|-enditem|p1a: MoveMerchant|Booster Energy
|-activate|p1a: MoveMerchant|ability: Quark Drive|[fromitem]
|-start|p1a: MoveMerchant|quarkdrivespe
|turn|15
|
|t:|1758946659
|move|p1a: MoveMerchant|Dazzling Gleam|p2a: Dragapult
|-supereffective|p2a: Dragapult
|-crit|p2a: Dragapult
|-damage|p2a: Dragapult|0 fnt
|faint|p2a: Dragapult
|
|-weather|Snowscape|[upkeep]
|upkeep
|
|t:|1758946662
|switch|p2a: Ting-Lu|Ting-Lu, shiny, tera:Fairy|83/100
|-ability|p2a: Ting-Lu|Vessel of Ruin
|turn|16
|
|t:|1758946677
|move|p1a: MoveMerchant|Sludge Wave|p2a: Ting-Lu
|-supereffective|p2a: Ting-Lu
|-damage|p2a: Ting-Lu|46/100
|move|p2a: Ting-Lu|Earthquake|p1a: MoveMerchant
|-supereffective|p1a: MoveMerchant
|-damage|p1a: MoveMerchant|0 fnt
|faint|p1a: MoveMerchant
|-end|p1a: MoveMerchant|Quark Drive|[silent]
|
|-weather|none
|-heal|p2a: Ting-Lu|52/100|[from] item: Leftovers
|upkeep
|
|t:|1758946682
|switch|p1a: bury the light|Ceruledge, M|100/100
|-damage|p1a: bury the light|76/100|[from] Stealth Rock
|turn|17
|
|t:|1758946690
|switch|p2a: Ogerpon|Ogerpon-Wellspring, F|100/100
|-terastallize|p1a: bury the light|Fighting
|move|p1a: bury the light|Swords Dance|p1a: bury the light
|-boost|p1a: bury the light|atk|2
|
|upkeep
|turn|18
|
|t:|1758946695
|move|p1a: bury the light|Shadow Sneak|p2a: Ogerpon
|-damage|p2a: Ogerpon|57/100
|move|p2a: Ogerpon|Ivy Cudgel|p1a: bury the light|[anim] Ivy Cudgel Water
|-damage|p1a: bury the light|40/100
|-ability|p1a: bury the light|Weak Armor|boost
|-unboost|p1a: bury the light|def|1
|-boost|p1a: bury the light|spe|2
|
|upkeep
|turn|19
|
|t:|1758946703
|move|p1a: bury the light|Poltergeist|p2a: Ogerpon
|-activate|p2a: Ogerpon|move: Poltergeist|Wellspring Mask
|-damage|p2a: Ogerpon|0 fnt
|faint|p2a: Ogerpon
|
|-sideend|p1: disco 2003|move: Aurora Veil
|upkeep
|
|t:|1758946708
|switch|p2a: GAS.|Weezing-Galar, M|100/100
|-ability|p2a: GAS.|Neutralizing Gas
|turn|20
|
|t:|1758946713
|move|p1a: bury the light|Bitter Blade|p2a: GAS.
|-damage|p2a: GAS.|46/100
|-heal|p1a: bury the light|71/100|[from] drain|[of] p2a: GAS.
|move|p2a: GAS.|Will-O-Wisp|p1a: bury the light
|-status|p1a: bury the light|brn
|
|-damage|p1a: bury the light|65/100 brn|[from] brn
|upkeep
|turn|21
|
|t:|1758946719
|move|p1a: bury the light|Swords Dance|p1a: bury the light
|-boost|p1a: bury the light|atk|2
|move|p2a: GAS.|Pain Split|p1a: bury the light
|-sethp|p1a: bury the light|59/100 brn|[from] move: Pain Split|[silent]
|-sethp|p2a: GAS.|51/100|[from] move: Pain Split
|
|-damage|p1a: bury the light|53/100 brn|[from] brn
|upkeep
|turn|22
|
|t:|1758946727
|move|p1a: bury the light|Poltergeist|p2a: GAS.
|-activate|p2a: GAS.|move: Poltergeist|Heavy-Duty Boots
|-damage|p2a: GAS.|0 fnt
|faint|p2a: GAS.
|-end|p2a: GAS.|ability: Neutralizing Gas
|
|-damage|p1a: bury the light|47/100 brn|[from] brn
|upkeep
|
|t:|1758946733
|switch|p2a: Skeledirge|Skeledirge, M|100/100
|turn|23
|inactive|disco 2003 has 120 seconds left.
|
|t:|1758946774
|move|p1a: bury the light|Poltergeist|p2a: Skeledirge
|-activate|p2a: Skeledirge|move: Poltergeist|Heavy-Duty Boots
|-supereffective|p2a: Skeledirge
|-damage|p2a: Skeledirge|52/100
|move|p2a: Skeledirge|Torch Song|p1a: bury the light
|-damage|p1a: bury the light|14/100 brn
|-boost|p2a: Skeledirge|spa|1
|
|-damage|p1a: bury the light|7/100 brn|[from] brn
|upkeep
|turn|24
|
|t:|1758946792
|move|p1a: bury the light|Poltergeist|p2a: Skeledirge
|-activate|p2a: Skeledirge|move: Poltergeist|Heavy-Duty Boots
|-supereffective|p2a: Skeledirge
|-damage|p2a: Skeledirge|8/100
|move|p2a: Skeledirge|Slack Off|p2a: Skeledirge
|-heal|p2a: Skeledirge|58/100
|
|-damage|p1a: bury the light|1/100 brn|[from] brn
|upkeep
|turn|25
|
|t:|1758946797
|move|p1a: bury the light|Poltergeist|p2a: Skeledirge
|-activate|p2a: Skeledirge|move: Poltergeist|Heavy-Duty Boots
|-supereffective|p2a: Skeledirge
|-damage|p2a: Skeledirge|12/100
|move|p2a: Skeledirge|Slack Off|p2a: Skeledirge
|-heal|p2a: Skeledirge|62/100
|
|-damage|p1a: bury the light|0 fnt|[from] brn
|faint|p1a: bury the light
|upkeep
|
|t:|1758946804
|switch|p1a: rng my ahh|Kyurem|100/100
|-damage|p1a: rng my ahh|76/100|[from] Stealth Rock
|-ability|p1a: rng my ahh|Pressure
|turn|26
|
|t:|1758946808
|switch|p2a: Corviknight|Corviknight, M|100/100
|-ability|p2a: Corviknight|Pressure
|move|p1a: rng my ahh|Scale Shot|p2a: Corviknight
|-resisted|p2a: Corviknight
|-damage|p2a: Corviknight|95/100
|-resisted|p2a: Corviknight
|-damage|p2a: Corviknight|90/100
|-resisted|p2a: Corviknight
|-damage|p2a: Corviknight|85/100
|-resisted|p2a: Corviknight
|-damage|p2a: Corviknight|80/100
|-resisted|p2a: Corviknight
|-damage|p2a: Corviknight|75/100
|-hitcount|p2a: Corviknight|5
|-unboost|p1a: rng my ahh|def|1
|-boost|p1a: rng my ahh|spe|1
|
|upkeep
|turn|27
|inactive|disco 2003 has 120 seconds left.
|
|t:|1758946821
|move|p1a: rng my ahh|Icicle Spear|p2a: Corviknight
|-damage|p2a: Corviknight|66/100
|-damage|p2a: Corviknight|56/100
|-damage|p2a: Corviknight|45/100
|-damage|p2a: Corviknight|36/100
|-damage|p2a: Corviknight|27/100
|-hitcount|p2a: Corviknight|5
|move|p2a: Corviknight|Iron Defense|p2a: Corviknight
|-boost|p2a: Corviknight|def|2
|
|upkeep
|turn|28
|
|t:|1758946831
|move|p1a: rng my ahh|Icicle Spear|p2a: Corviknight
|-damage|p2a: Corviknight|22/100
|-damage|p2a: Corviknight|16/100
|-crit|p2a: Corviknight
|-damage|p2a: Corviknight|2/100
|-damage|p2a: Corviknight|0 fnt
|faint|p2a: Corviknight
|-hitcount|p2: Corviknight|4
|
|upkeep
|
|t:|1758946835
|switch|p2a: Ting-Lu|Ting-Lu, shiny, tera:Fairy|52/100
|-ability|p2a: Ting-Lu|Vessel of Ruin
|turn|29
|
|t:|1758946846
|move|p1a: rng my ahh|Icicle Spear|p2a: Ting-Lu
|-damage|p2a: Ting-Lu|44/100
|-damage|p2a: Ting-Lu|36/100
|-damage|p2a: Ting-Lu|29/100
|-damage|p2a: Ting-Lu|21/100
|-damage|p2a: Ting-Lu|14/100
|-hitcount|p2a: Ting-Lu|5
|move|p2a: Ting-Lu|Rest|p2a: Ting-Lu
|-status|p2a: Ting-Lu|slp|[from] move: Rest
|-heal|p2a: Ting-Lu|100/100 slp|[silent]
|
|upkeep
|turn|30
|
|t:|1758946859
|move|p1a: rng my ahh|Icicle Spear|p2a: Ting-Lu
|-damage|p2a: Ting-Lu|92/100 slp
|-damage|p2a: Ting-Lu|84/100 slp
|-damage|p2a: Ting-Lu|76/100 slp
|-damage|p2a: Ting-Lu|69/100 slp
|-hitcount|p2a: Ting-Lu|4
|cant|p2a: Ting-Lu|slp
|
|-heal|p2a: Ting-Lu|75/100 slp|[from] item: Leftovers
|upkeep
|turn|31
|
|t:|1758946882
|move|p1a: rng my ahh|Icicle Spear|p2a: Ting-Lu
|-damage|p2a: Ting-Lu|66/100 slp
|-damage|p2a: Ting-Lu|58/100 slp
|-damage|p2a: Ting-Lu|50/100 slp
|-damage|p2a: Ting-Lu|43/100 slp
|-damage|p2a: Ting-Lu|34/100 slp
|-hitcount|p2a: Ting-Lu|5
|cant|p2a: Ting-Lu|slp
|
|-heal|p2a: Ting-Lu|41/100 slp|[from] item: Leftovers
|upkeep
|turn|32
|inactive|disco 2003 has 120 seconds left.
|
|t:|1758946907
|move|p1a: rng my ahh|Icicle Spear|p2a: Ting-Lu
|-crit|p2a: Ting-Lu
|-damage|p2a: Ting-Lu|28/100 slp
|-damage|p2a: Ting-Lu|21/100 slp
|-damage|p2a: Ting-Lu|13/100 slp
|-damage|p2a: Ting-Lu|5/100 slp
|-damage|p2a: Ting-Lu|0 fnt
|faint|p2a: Ting-Lu
|-hitcount|p2: Ting-Lu|5
|
|upkeep
|
|t:|1758946910
|switch|p2a: Skeledirge|Skeledirge, M|62/100
|turn|33
|
|t:|1758946915
|move|p1a: rng my ahh|Scale Shot|p2a: Skeledirge
|-damage|p2a: Skeledirge|50/100
|-damage|p2a: Skeledirge|39/100
|-damage|p2a: Skeledirge|27/100
|-damage|p2a: Skeledirge|14/100
|-damage|p2a: Skeledirge|2/100
|-hitcount|p2a: Skeledirge|5
|-unboost|p1a: rng my ahh|def|1
|-boost|p1a: rng my ahh|spe|1
|move|p2a: Skeledirge|Slack Off|p2a: Skeledirge
|-heal|p2a: Skeledirge|52/100
|
|upkeep
|turn|34
|
|t:|1758946926
|move|p1a: rng my ahh|Scale Shot|p2a: Skeledirge|[miss]
|-miss|p1a: rng my ahh|p2a: Skeledirge
|move|p2a: Skeledirge|Slack Off|p2a: Skeledirge
|-heal|p2a: Skeledirge|100/100
|
|upkeep
|turn|35
|
|t:|1758946929
|move|p1a: rng my ahh|Scale Shot|p2a: Skeledirge
|-damage|p2a: Skeledirge|88/100
|-damage|p2a: Skeledirge|76/100
|-damage|p2a: Skeledirge|64/100
|-damage|p2a: Skeledirge|53/100
|-damage|p2a: Skeledirge|42/100
|-hitcount|p2a: Skeledirge|5
|-unboost|p1a: rng my ahh|def|1
|-boost|p1a: rng my ahh|spe|1
|move|p2a: Skeledirge|Will-O-Wisp|p1a: rng my ahh
|-status|p1a: rng my ahh|brn
|
|-damage|p1a: rng my ahh|70/100 brn|[from] brn
|upkeep
|turn|36
|
|t:|1758946941
|switch|p1a: realpsyspam|Latias, F|100/100
|-damage|p1a: realpsyspam|88/100|[from] Stealth Rock
|move|p2a: Skeledirge|Slack Off|p2a: Skeledirge
|-heal|p2a: Skeledirge|92/100
|
|-heal|p1a: realpsyspam|94/100|[from] item: Leftovers
|upkeep
|turn|37
|
|t:|1758946946
|move|p1a: realpsyspam|Calm Mind|p1a: realpsyspam
|-boost|p1a: realpsyspam|spa|1
|-boost|p1a: realpsyspam|spd|1
|move|p2a: Skeledirge|Torch Song|p1a: realpsyspam
|-resisted|p1a: realpsyspam
|-crit|p1a: realpsyspam
|-damage|p1a: realpsyspam|76/100
|-boost|p2a: Skeledirge|spa|1
|
|-heal|p1a: realpsyspam|82/100|[from] item: Leftovers
|upkeep
|turn|38
|j| larp legion
|
|t:|1758946955
|move|p1a: realpsyspam|Calm Mind|p1a: realpsyspam
|-boost|p1a: realpsyspam|spa|1
|-boost|p1a: realpsyspam|spd|1
|move|p2a: Skeledirge|Torch Song|p1a: realpsyspam
|-resisted|p1a: realpsyspam
|-damage|p1a: realpsyspam|61/100
|-boost|p2a: Skeledirge|spa|1
|
|-heal|p1a: realpsyspam|67/100|[from] item: Leftovers
|upkeep
|turn|39
|
|t:|1758946961
|move|p1a: realpsyspam|Stored Power|p2a: Skeledirge
|-damage|p2a: Skeledirge|57/100
|move|p2a: Skeledirge|Torch Song|p1a: realpsyspam
|-resisted|p1a: realpsyspam
|-damage|p1a: realpsyspam|40/100
|-boost|p2a: Skeledirge|spa|1
|
|-heal|p1a: realpsyspam|46/100|[from] item: Leftovers
|upkeep
|turn|40
|
|t:|1758946966
|move|p1a: realpsyspam|Calm Mind|p1a: realpsyspam
|-boost|p1a: realpsyspam|spa|1
|-boost|p1a: realpsyspam|spd|1
|move|p2a: Skeledirge|Slack Off|p2a: Skeledirge
|-heal|p2a: Skeledirge|100/100
|
|-heal|p1a: realpsyspam|52/100|[from] item: Leftovers
|upkeep
|turn|41
|
|t:|1758946971
|move|p1a: realpsyspam|Stored Power|p2a: Skeledirge
|-damage|p2a: Skeledirge|48/100
|move|p2a: Skeledirge|Torch Song|p1a: realpsyspam
|-resisted|p1a: realpsyspam
|-damage|p1a: realpsyspam|20/100
|-boost|p2a: Skeledirge|spa|1
|
|-heal|p1a: realpsyspam|26/100|[from] item: Leftovers
|upkeep
|turn|42
|-message|WogerHater forfeited.
|
|win|disco 2003
|raw|disco 2003's rating: 1674 &rarr; <strong>1708</strong><br />(+34 for winning)
|raw|WogerHater's rating: 1966 &rarr; <strong>1932</strong><br />(-34 for losing)
|l|☆WogerHater
|player|p2|
|l|☆disco 2003
|player|p1|
|l| 1989 tour
|l| amefurikoneko
