|inactive|Battle timer is ON: inactive players will automatically lose when time's up.
|t:|1759005219
|gametype|singles
|player|p1|Luigi|#luigi|
|player|p2|Mister McLovin|#wcop2025chile|
|gen|9
|tier|[Gen 9] OU
|rule|HP Percentage Mod: HP is shown in percentages
|rule|Endless Battle Clause: Forcing endless battles is banned
|rule|Species Clause: Limit one of each Pokémon
|rule|OHKO Clause: OHKO moves are banned
|rule|Evasion Items Clause: Evasion items are banned
|rule|Evasion Moves Clause: Evasion moves are banned
|rule|Evasion Abilities Clause: Evasion abilities are banned
|rule|Sleep Moves Clause: Sleep-inducing moves are banned
|clearpoke
|poke|p1|Slowking-Galar, F|
|poke|p1|Great Tusk|
|poke|p1|Kingambit, F|
|poke|p1|Zamazenta-*|
|poke|p1|Ogerpon-Wellspring, F|
|poke|p1|Enamorus, F|
|poke|p2|Torkoal, F|
|poke|p2|Iron Moth|
|poke|p2|Walking Wake|
|poke|p2|Great Tusk|
|poke|p2|Slither Wing|
|poke|p2|Hatterene, F|
|teampreview
|c|☆Mister McLovin|hf
|c|+Natan|bora gb
|c|+thundergamespt5|Vamos gb
|inactive|Luigi has 270 seconds left.
|inactive|Mister McLovin has 270 seconds left.
|c|+LityL|esta vai ser b0a
|inactive|Luigi has 240 seconds left.
|inactive|Luigi has 210 seconds left.
|
|t:|1759005339
|teamsize|p1|6
|teamsize|p2|6
|start
|switch|p1a: Great Tusk|Great Tusk|100/100
|switch|p2a: Torkoal|Torkoal, F|100/100
|-weather|SunnyDay|[from] ability: Drought|[of] p2a: Torkoal
|-activate|p1a: Great Tusk|ability: Protosynthesis
|-start|p1a: Great Tusk|protosynthesisspe
|turn|1
|
|t:|1759005349
|move|p1a: Great Tusk|Headlong Rush|p2a: Torkoal
|-supereffective|p2a: Torkoal
|-damage|p2a: Torkoal|37/100
|-unboost|p1a: Great Tusk|def|1
|-unboost|p1a: Great Tusk|spd|1
|move|p2a: Torkoal|Will-O-Wisp|p1a: Great Tusk
|-status|p1a: Great Tusk|brn
|
|-weather|SunnyDay|[upkeep]
|-damage|p1a: Great Tusk|94/100 brn|[from] brn
|upkeep
|turn|2
|
|t:|1759005360
|-end|p1a: Great Tusk|Protosynthesis|[silent]
|switch|p1a: Slowking|Slowking-Galar, F|100/100
|switch|p2a: Walking Wake|Walking Wake|100/100
|-activate|p2a: Walking Wake|ability: Protosynthesis
|-start|p2a: Walking Wake|protosynthesisspe
|
|-weather|SunnyDay|[upkeep]
|upkeep
|turn|3
|inactive|Mister McLovin has 270 seconds left.
|
|t:|1759005392
|move|p2a: Walking Wake|Substitute|p2a: Walking Wake
|-start|p2a: Walking Wake|Substitute
|-damage|p2a: Walking Wake|76/100
|move|p1a: Slowking|Sludge Bomb|p2a: Walking Wake
|-end|p2a: Walking Wake|Substitute
|
|-weather|SunnyDay|[upkeep]
|upkeep
|turn|4
|inactive|Luigi has 270 seconds left.
|inactive|Mister McLovin has 270 seconds left.
|
|t:|1759005430
|-end|p2a: Walking Wake|Protosynthesis|[silent]
|switch|p2a: Slither Wing|Slither Wing|100/100
|-activate|p2a: Slither Wing|ability: Protosynthesis
|-start|p2a: Slither Wing|protosynthesisatk
|move|p1a: Slowking|Ice Beam|p2a: Slither Wing
|-damage|p2a: Slither Wing|85/100
|
|-weather|SunnyDay|[upkeep]
|upkeep
|turn|5
|inactive|Luigi has 240 seconds left.
|
|t:|1759005471
|move|p2a: Slither Wing|U-turn|p1a: Slowking
|-damage|p1a: Slowking|58/100
|
|t:|1759005477
|-end|p2a: Slither Wing|Protosynthesis|[silent]
|switch|p2a: Hatterene|Hatterene, F|100/100|[from] U-turn
|move|p1a: Slowking|Psyshock|p2a: Hatterene
|-resisted|p2a: Hatterene
|-damage|p2a: Hatterene|84/100
|-enditem|p2a: Hatterene|Eject Button
|inactive|Mister McLovin has 240 seconds left.
|c|+Beto cachinhos|Tras a primeira p
|c|+Beto cachinhos|Casa
|c|+Beto cachinhos|Gb
|inactive|Mister McLovin has 210 seconds left.
|c|+Natan|primeira oq mano
|c|+Natan|tá 3-3 já
|
|t:|1759005534
|switch|p2a: Iron Moth|Iron Moth|100/100
|
|-weather|SunnyDay|[upkeep]
|upkeep
|turn|6
|
|t:|1759005549
|move|p2a: Iron Moth|Overheat|p1a: Slowking
|-damage|p1a: Slowking|0 fnt
|-unboost|p2a: Iron Moth|spa|2
|faint|p1a: Slowking
|
|-weather|SunnyDay|[upkeep]
|upkeep
|inactive|Luigi has 210 seconds left.
|c|+Dugtrio is Broken|Primeira win dele no tour Natan
|
|t:|1759005583
|switch|p1a: Enamorus|Enamorus, F|100/100
|turn|7
|inactive|Mister McLovin has 210 seconds left.
|
|t:|1759005601
|-end|p2a: Iron Moth|Quark Drive|[silent]
|switch|p2a: Hatterene|Hatterene, F|84/100
|move|p1a: Enamorus|Earth Power|p2a: Hatterene
|-damage|p2a: Hatterene|51/100
|
|-weather|SunnyDay|[upkeep]
|upkeep
|turn|8
|
|t:|1759005625
|move|p1a: Enamorus|Earth Power|p2a: Hatterene
|-damage|p2a: Hatterene|20/100
|move|p2a: Hatterene|Nuzzle|p1a: Enamorus
|-supereffective|p1a: Enamorus
|-damage|p1a: Enamorus|89/100
|-status|p1a: Enamorus|par
|
|-weather|none
|upkeep
|turn|9
|
|t:|1759005632
|switch|p2a: Slither Wing|Slither Wing|85/100
|move|p1a: Enamorus|Earth Power|p2a: Slither Wing
|-resisted|p2a: Slither Wing
|-damage|p2a: Slither Wing|75/100
|
|upkeep
|turn|10
|
|t:|1759005650
|switch|p1a: Great Tusk|Great Tusk|94/100 brn
|move|p2a: Slither Wing|U-turn|p1a: Great Tusk
|-resisted|p1a: Great Tusk
|-damage|p1a: Great Tusk|82/100 brn
|-damage|p2a: Slither Wing|58/100|[from] item: Rocky Helmet|[of] p1a: Great Tusk
|
|t:|1759005657
|-end|p2a: Slither Wing|Protosynthesis|[silent]
|switch|p2a: Torkoal|Torkoal, F|37/100|[from] U-turn
|-weather|SunnyDay|[from] ability: Drought|[of] p2a: Torkoal
|-activate|p1a: Great Tusk|ability: Protosynthesis
|-start|p1a: Great Tusk|protosynthesisspe
|
|-weather|SunnyDay|[upkeep]
|-damage|p1a: Great Tusk|76/100 brn|[from] brn
|upkeep
|turn|11
|inactive|Luigi has 240 seconds left.
|
|t:|1759005669
|switch|p2a: Walking Wake|Walking Wake|76/100
|-activate|p2a: Walking Wake|ability: Protosynthesis
|-start|p2a: Walking Wake|protosynthesisspe
|move|p1a: Great Tusk|Headlong Rush|p2a: Walking Wake
|-damage|p2a: Walking Wake|45/100
|-unboost|p1a: Great Tusk|def|1
|-unboost|p1a: Great Tusk|spd|1
|
|-weather|SunnyDay|[upkeep]
|-damage|p1a: Great Tusk|69/100 brn|[from] brn
|upkeep
|turn|12
|inactive|Luigi has 240 seconds left.
|
|t:|1759005676
|move|p2a: Walking Wake|Weather Ball|p1a: Great Tusk
|-damage|p1a: Great Tusk|0 fnt
|faint|p1a: Great Tusk
|-end|p1a: Great Tusk|Protosynthesis|[silent]
|
|-weather|SunnyDay|[upkeep]
|upkeep
|inactive|Luigi has 240 seconds left.
|
|t:|1759005705
|switch|p1a: Ogerpon|Ogerpon-Wellspring, F|100/100
|turn|13
|inactive|Mister McLovin has 210 seconds left.
|
|t:|1759005727
|move|p2a: Walking Wake|Weather Ball|p1a: Ogerpon
|-damage|p1a: Ogerpon|46/100
|move|p1a: Ogerpon|Play Rough|p2a: Walking Wake
|-supereffective|p2a: Walking Wake
|-crit|p2a: Walking Wake
|-damage|p2a: Walking Wake|0 fnt
|faint|p2a: Walking Wake
|-end|p2a: Walking Wake|Protosynthesis|[silent]
|
|-weather|SunnyDay|[upkeep]
|upkeep
|
|t:|1759005740
|switch|p2a: Slither Wing|Slither Wing|58/100
|-activate|p2a: Slither Wing|ability: Protosynthesis
|-start|p2a: Slither Wing|protosynthesisatk
|turn|14
|inactive|Luigi has 240 seconds left.
|
|t:|1759005771
|switch|p1a: Enamorus|Enamorus, F|89/100 par
|move|p2a: Slither Wing|First Impression|p1a: Enamorus
|-resisted|p1a: Enamorus
|-damage|p1a: Enamorus|62/100 par
|
|-weather|SunnyDay|[upkeep]
|upkeep
|turn|15
|inactive|Mister McLovin has 210 seconds left.
|
|t:|1759005783
|-end|p2a: Slither Wing|Protosynthesis|[silent]
|switch|p2a: Hatterene|Hatterene, F|20/100
|move|p1a: Enamorus|Earth Power|p2a: Hatterene
|-damage|p2a: Hatterene|0 fnt
|faint|p2a: Hatterene
|
|-weather|SunnyDay|[upkeep]
|upkeep
|
|t:|1759005792
|switch|p2a: Iron Moth|Iron Moth|100/100
|turn|16
|inactive|Mister McLovin has 210 seconds left.
|inactive|Luigi has 210 seconds left.
|
|t:|1759005827
|switch|p1a: Ogerpon|Ogerpon-Wellspring, F|46/100
|move|p2a: Iron Moth|Fire Blast|p1a: Ogerpon
|-crit|p1a: Ogerpon
|-damage|p1a: Ogerpon|0 fnt
|faint|p1a: Ogerpon
|
|-weather|SunnyDay|[upkeep]
|upkeep
|c|+Natan|roubo
|
|t:|1759005843
|switch|p1a: Kingambit|Kingambit, F|100/100
|-activate|p1a: Kingambit|ability: Supreme Overlord
|-start|p1a: Kingambit|fallen3|[silent]
|turn|17
|c|+Mik3ymon|Kk
|
|t:|1759005855
|-end|p1a: Kingambit|fallen3|[silent]
|switch|p1a: Zamazenta|Zamazenta|100/100
|-ability|p1a: Zamazenta|Dauntless Shield|boost
|-boost|p1a: Zamazenta|def|1
|move|p2a: Iron Moth|Fire Blast|p1a: Zamazenta
|-damage|p1a: Zamazenta|0 fnt
|faint|p1a: Zamazenta
|
|-weather|none
|upkeep
|c|☆Luigi|gg
|-message|Luigi forfeited.
|
|win|Mister McLovin
|player|p1|
|c|☆Mister McLovin|gg
