|j|☆ArcadianSkies
|j|☆Af Lele.Tomas
|t:|1758980013
|gametype|singles
|player|p1|ArcadianSkies|volkner|1443
|player|p2|Af Lele.Tomas|nate|1479
|gen|9
|tier|[Gen 9] OU
|rated|
|rule|HP Percentage Mod: HP is shown in percentages
|rule|Endless Battle Clause: Forcing endless battles is banned
|rule|Species Clause: Limit one of each Pokémon
|rule|OHKO Clause: OHKO moves are banned
|rule|Evasion Items Clause: Evasion items are banned
|rule|Evasion Moves Clause: Evasion moves are banned
|rule|Evasion Abilities Clause: Evasion abilities are banned
|rule|Sleep Moves Clause: Sleep-inducing moves are banned
|clearpoke
|poke|p1|Pelipper, M|
|poke|p1|Barraskewda, M|
|poke|p1|Raging Bolt|
|poke|p1|Overqwil, M|
|poke|p1|Iron Treads|
|poke|p1|Dragapult, F|
|poke|p2|Indeedee, M|
|poke|p2|Armarouge, M|
|poke|p2|Iron Treads|
|poke|p2|Polteageist|
|poke|p2|Hatterene, F|
|poke|p2|Kyurem|
|teampreview
|inactive|Battle timer is ON: inactive players will automatically lose when time's up. (requested by Af Lele.Tomas)
|inactive|ArcadianSkies also wants the timer to be on.
|c|☆ArcadianSkies|Hf
|
|t:|1758980040
|teamsize|p1|6
|teamsize|p2|6
|start
|switch|p1a: Iron Treads|Iron Treads|100/100
|switch|p2a: Indeedee|Indeedee, M|100/100
|-fieldstart|move: Psychic Terrain|[from] ability: Psychic Surge|[of] p2a: Indeedee
|turn|1
|
|t:|1758980044
|switch|p2a: Hatterene|Hatterene, F|100/100
|move|p1a: Iron Treads|Ice Spinner|p2a: Hatterene
|-damage|p2a: Hatterene|83/100
|-fieldend|move: Psychic Terrain
|-enditem|p2a: Hatterene|Eject Button
|
|t:|1758980050
|switch|p2a: Armarouge|Armarouge, M|100/100
|
|upkeep
|turn|2
|
|t:|1758980055
|-end|p1a: Iron Treads|Quark Drive|[silent]
|switch|p1a: Pelipper|Pelipper, M|100/100
|-weather|RainDance|[from] ability: Drizzle|[of] p1a: Pelipper
|move|p2a: Armarouge|Armor Cannon|p1a: Pelipper
|-resisted|p1a: Pelipper
|-damage|p1a: Pelipper|77/100
|-unboost|p2a: Armarouge|def|1
|-unboost|p2a: Armarouge|spd|1
|
|-weather|RainDance|[upkeep]
|upkeep
|turn|3
|
|t:|1758980061
|switch|p2a: Hatterene|Hatterene, F|83/100
|move|p1a: Pelipper|Weather Ball|p2a: Hatterene
|-damage|p2a: Hatterene|6/100
|
|-weather|RainDance|[upkeep]
|upkeep
|turn|4
|inactive|Af Lele.Tomas has 120 seconds left.
|
|t:|1758980103
|move|p1a: Pelipper|U-turn|p2a: Hatterene
|-damage|p2a: Hatterene|0 fnt
|faint|p2a: Hatterene
|
|t:|1758980111
|switch|p1a: Overqwil|Overqwil, M|100/100|[from] U-turn
|
|-weather|RainDance|[upkeep]
|upkeep
|
|t:|1758980140
|switch|p2a: Indeedee|Indeedee, M|100/100
|-fieldstart|move: Psychic Terrain|[from] ability: Psychic Surge|[of] p2a: Indeedee
|turn|5
|inactive|Af Lele.Tomas has 90 seconds left.
|
|t:|1758980161
|switch|p2a: Armarouge|Armarouge, M|100/100
|move|p1a: Overqwil|Swords Dance|p1a: Overqwil
|-boost|p1a: Overqwil|atk|2
|
|-weather|RainDance|[upkeep]
|upkeep
|turn|6
|inactive|Af Lele.Tomas has 90 seconds left.
|
|t:|1758980198
|move|p1a: Overqwil|Crunch|p2a: Armarouge
|-supereffective|p2a: Armarouge
|-enditem|p2a: Armarouge|Focus Sash
|-damage|p2a: Armarouge|1/100
|-ability|p2a: Armarouge|Weak Armor|boost
|-unboost|p2a: Armarouge|def|1
|-boost|p2a: Armarouge|spe|2
|-damage|p1a: Overqwil|91/100|[from] item: Life Orb
|move|p2a: Armarouge|Calm Mind|p2a: Armarouge
|-boost|p2a: Armarouge|spa|1
|-boost|p2a: Armarouge|spd|1
|
|-weather|RainDance|[upkeep]
|upkeep
|turn|7
|
|t:|1758980207
|move|p1a: Overqwil|Crunch|p2a: Armarouge
|-supereffective|p2a: Armarouge
|-damage|p2a: Armarouge|0 fnt
|faint|p2a: Armarouge
|-damage|p1a: Overqwil|81/100|[from] item: Life Orb
|
|-weather|RainDance|[upkeep]
|upkeep
|
|t:|1758980215
|switch|p2a: Polteageist|Polteageist|100/100
|turn|8
|
|t:|1758980229
|move|p1a: Overqwil|Crunch|p2a: Polteageist
|-supereffective|p2a: Polteageist
|-enditem|p2a: Polteageist|Focus Sash
|-damage|p2a: Polteageist|1/100
|-ability|p2a: Polteageist|Weak Armor|boost
|-unboost|p2a: Polteageist|def|1
|-boost|p2a: Polteageist|spe|2
|-damage|p1a: Overqwil|71/100|[from] item: Life Orb
|move|p2a: Polteageist|Shell Smash|p2a: Polteageist
|-unboost|p2a: Polteageist|def|1
|-unboost|p2a: Polteageist|spd|1
|-boost|p2a: Polteageist|atk|2
|-boost|p2a: Polteageist|spa|2
|-boost|p2a: Polteageist|spe|2
|
|-weather|RainDance|[upkeep]
|upkeep
|turn|9
|inactive|Af Lele.Tomas has 90 seconds left.
|
|t:|1758980247
|-terastallize|p2a: Polteageist|Fairy
|move|p2a: Polteageist|Tera Blast|p1a: Overqwil|[anim] Tera Blast Fairy
|-damage|p1a: Overqwil|0 fnt
|faint|p1a: Overqwil
|
|-weather|none
|upkeep
|
|t:|1758980256
|switch|p1a: Pelipper|Pelipper, M|77/100
|-weather|RainDance|[from] ability: Drizzle|[of] p1a: Pelipper
|turn|10
|
|t:|1758980270
|move|p2a: Polteageist|Stored Power|p1a: Pelipper
|-damage|p1a: Pelipper|0 fnt
|faint|p1a: Pelipper
|
|-weather|RainDance|[upkeep]
|upkeep
|
|t:|1758980272
|switch|p1a: Iron Treads|Iron Treads|100/100
|turn|11
|
|t:|1758980276
|move|p2a: Polteageist|Shadow Ball|p1a: Iron Treads
|-damage|p1a: Iron Treads|44/100
|move|p1a: Iron Treads|Ice Spinner|p2a: Polteageist
|-damage|p2a: Polteageist|0 fnt
|-fieldend|move: Psychic Terrain
|faint|p2a: Polteageist
|
|-weather|RainDance|[upkeep]
|upkeep
|inactive|Af Lele.Tomas has 120 seconds left.
|
|t:|1758980292
|switch|p2a: Iron Treads|Iron Treads|100/100
|-enditem|p2a: Iron Treads|Booster Energy
|-activate|p2a: Iron Treads|ability: Quark Drive|[fromitem]
|-start|p2a: Iron Treads|quarkdrivespe
|turn|12
|
|t:|1758980302
|move|p2a: Iron Treads|Rapid Spin|p1a: Iron Treads
|-resisted|p1a: Iron Treads
|-damage|p1a: Iron Treads|38/100
|-boost|p2a: Iron Treads|spe|1
|move|p1a: Iron Treads|Earthquake|p2a: Iron Treads
|-supereffective|p2a: Iron Treads
|-damage|p2a: Iron Treads|27/100
|
|-weather|RainDance|[upkeep]
|upkeep
|turn|13
|
|t:|1758980316
|move|p2a: Iron Treads|Earthquake|p1a: Iron Treads
|-supereffective|p1a: Iron Treads
|-damage|p1a: Iron Treads|0 fnt
|faint|p1a: Iron Treads
|-end|p1a: Iron Treads|Quark Drive|[silent]
|
|-weather|RainDance|[upkeep]
|upkeep
|
|t:|1758980320
|switch|p1a: Barraskewda|Barraskewda, M|100/100
|turn|14
|
|t:|1758980332
|move|p2a: Iron Treads|Earthquake|p1a: Barraskewda
|-damage|p1a: Barraskewda|8/100
|move|p1a: Barraskewda|Flip Turn|p2a: Iron Treads
|-supereffective|p2a: Iron Treads
|-damage|p2a: Iron Treads|0 fnt
|faint|p2a: Iron Treads
|-end|p2a: Iron Treads|Quark Drive|[silent]
|
|t:|1758980336
|switch|p1a: Dragapult|Dragapult, F|100/100|[from] Flip Turn
|
|-weather|RainDance|[upkeep]
|upkeep
|
|t:|1758980339
|switch|p2a: Indeedee|Indeedee, M|100/100
|-fieldstart|move: Psychic Terrain|[from] ability: Psychic Surge|[of] p2a: Indeedee
|turn|15
|inactive|Af Lele.Tomas has 120 seconds left.
|
|t:|1758980389
|-terastallize|p1a: Dragapult|Stellar
|move|p1a: Dragapult|Dragon Darts|p2a: Indeedee
|-damage|p2a: Indeedee|19/100
|-anim|p1a: Dragapult|Dragon Darts|p2a: Indeedee
|-damage|p2a: Indeedee|0 fnt
|faint|p2a: Indeedee
|-damage|p1a: Dragapult|91/100|[from] item: Life Orb
|
|-weather|RainDance|[upkeep]
|upkeep
|
|t:|1758980393
|switch|p2a: Kyurem|Kyurem|100/100
|-ability|p2a: Kyurem|Pressure
|turn|16
|
|t:|1758980398
|move|p1a: Dragapult|Dragon Darts|p2a: Kyurem
|-supereffective|p2a: Kyurem
|-damage|p2a: Kyurem|41/100
|-anim|p1a: Dragapult|Dragon Darts|p2a: Kyurem
|-supereffective|p2a: Kyurem
|-damage|p2a: Kyurem|0 fnt
|faint|p2a: Kyurem
|-damage|p1a: Dragapult|81/100|[from] item: Life Orb
|
|win|ArcadianSkies
|raw|ArcadianSkies's rating: 1443 &rarr; <strong>1465</strong><br />(+22 for winning)
|raw|Af Lele.Tomas's rating: 1479 &rarr; <strong>1457</strong><br />(-22 for losing)
|l|☆Af Lele.Tomas
|player|p2|
