|j|☆dr. drake6782
|j|☆Teufcraft
|t:|1759075353
|gametype|singles
|player|p1|dr. drake6782|170|1404
|player|p2|Teufcraft|candice|1417
|gen|9
|tier|[Gen 9] OU
|rated|
|rule|HP Percentage Mod: HP is shown in percentages
|rule|Endless Battle Clause: Forcing endless battles is banned
|rule|Species Clause: Limit one of each Pokémon
|rule|OHKO Clause: OHKO moves are banned
|rule|Evasion Items Clause: Evasion items are banned
|rule|Evasion Moves Clause: Evasion moves are banned
|rule|Evasion Abilities Clause: Evasion abilities are banned
|rule|Sleep Moves Clause: Sleep-inducing moves are banned
|clearpoke
|poke|p1|Tyranitar, M|
|poke|p1|Excadrill, F|
|poke|p1|Kingambit, M|
|poke|p1|Garchomp, F|
|poke|p1|Pecharunt|
|poke|p1|Rotom-Wash|
|poke|p2|Corviknight, F|
|poke|p2|Clodsire, F|
|poke|p2|Weavile, F|
|poke|p2|Iron Valiant|
|poke|p2|Ogerpon-Cornerstone, F|
|poke|p2|Chandelure, M|
|teampreview
|inactive|Battle timer is ON: inactive players will automatically lose when time's up. (requested by dr. drake6782)
|inactive|dr. drake6782 has 120 seconds left.
|inactive|dr. drake6782 has 90 seconds left.
|
|t:|1759075440
|teamsize|p1|6
|teamsize|p2|6
|start
|switch|p1a: Rotom|Rotom-Wash|100/100
|switch|p2a: Iron Valiant|Iron Valiant, shiny|100/100
|turn|1
|
|t:|1759075449
|move|p2a: Iron Valiant|Trick|p1a: Rotom
|-activate|p2a: Iron Valiant|move: Trick|[of] p1a: Rotom
|-item|p1a: Rotom|Choice Scarf|[from] move: Trick
|-item|p2a: Iron Valiant|Leftovers|[from] move: Trick
|move|p1a: Rotom|Pain Split|p2a: Iron Valiant
|-sethp|p2a: Iron Valiant|100/100|[from] move: Pain Split|[silent]
|-sethp|p1a: Rotom|98/100|[from] move: Pain Split
|
|upkeep
|turn|2
|
|t:|1759075458
|-end|p2a: Iron Valiant|Quark Drive|[silent]
|switch|p2a: Ogerpon|Ogerpon-Cornerstone, F|100/100
|switch|p1a: Tyranitar|Tyranitar, M|100/100
|-weather|Sandstorm|[from] ability: Sand Stream|[of] p1a: Tyranitar
|
|-weather|Sandstorm|[upkeep]
|upkeep
|turn|3
|
|t:|1759075465
|switch|p1a: Rotom|Rotom-Wash|98/100
|move|p2a: Ogerpon|Swords Dance|p2a: Ogerpon
|-boost|p2a: Ogerpon|atk|2
|
|-weather|Sandstorm|[upkeep]
|-damage|p1a: Rotom|92/100|[from] Sandstorm
|upkeep
|turn|4
|
|t:|1759075472
|-terastallize|p1a: Rotom|Steel
|move|p2a: Ogerpon|Horn Leech|p1a: Rotom
|-resisted|p1a: Rotom
|-damage|p1a: Rotom|55/100
|move|p1a: Rotom|Will-O-Wisp|p2a: Ogerpon
|-status|p2a: Ogerpon|brn
|
|-weather|Sandstorm|[upkeep]
|-damage|p2a: Ogerpon|95/100 brn|[from] brn
|upkeep
|turn|5
|
|t:|1759075478
|switch|p1a: Garchomp|Garchomp, F|100/100
|move|p2a: Ogerpon|Swords Dance|p2a: Ogerpon
|-boost|p2a: Ogerpon|atk|2
|
|-weather|Sandstorm|[upkeep]
|-damage|p2a: Ogerpon|89/100 brn|[from] brn
|upkeep
|turn|6
|
|t:|1759075487
|move|p2a: Ogerpon|Horn Leech|p1a: Garchomp
|-damage|p1a: Garchomp|38/100
|-heal|p2a: Ogerpon|100/100 brn|[from] drain|[of] p1a: Garchomp
|-damage|p2a: Ogerpon|88/100 brn|[from] ability: Rough Skin|[of] p1a: Garchomp
|move|p1a: Garchomp|Scale Shot|p2a: Ogerpon
|-damage|p2a: Ogerpon|71/100 brn
|-crit|p2a: Ogerpon
|-damage|p2a: Ogerpon|45/100 brn
|-damage|p2a: Ogerpon|29/100 brn
|-damage|p2a: Ogerpon|10/100 brn
|-damage|p2a: Ogerpon|0 fnt
|faint|p2a: Ogerpon
|-hitcount|p2: Ogerpon|5
|-unboost|p1a: Garchomp|def|1
|-boost|p1a: Garchomp|spe|1
|
|-weather|Sandstorm|[upkeep]
|upkeep
|
|t:|1759075501
|switch|p2a: Iron Valiant|Iron Valiant, shiny|100/100
|turn|7
|
|t:|1759075507
|move|p1a: Garchomp|Earthquake|p2a: Iron Valiant
|-damage|p2a: Iron Valiant|32/100
|move|p2a: Iron Valiant|Moonblast|p1a: Garchomp
|-supereffective|p1a: Garchomp
|-damage|p1a: Garchomp|0 fnt
|faint|p1a: Garchomp
|
|-weather|Sandstorm|[upkeep]
|-damage|p2a: Iron Valiant|25/100|[from] Sandstorm
|-heal|p2a: Iron Valiant|32/100|[from] item: Leftovers
|upkeep
|
|t:|1759075509
|switch|p1a: Excadrill|Excadrill, F|100/100
|turn|8
|
|t:|1759075512
|-end|p2a: Iron Valiant|Quark Drive|[silent]
|switch|p2a: Corviknight|Corviknight, F, shiny|100/100
|move|p1a: Excadrill|Earthquake|p2a: Corviknight
|-immune|p2a: Corviknight
|
|-weather|Sandstorm|[upkeep]
|upkeep
|turn|9
|
|t:|1759075515
|switch|p1a: Rotom|Rotom-Wash, tera:Steel|55/100
|move|p2a: Corviknight|U-turn|p1a: Rotom
|-resisted|p1a: Rotom
|-damage|p1a: Rotom|50/100
|
|t:|1759075526
|switch|p2a: Clodsire|Clodsire, F|100/100|[from] U-turn
|
|-weather|none
|upkeep
|turn|10
|
|t:|1759075528
|move|p1a: Rotom|Hydro Pump|p2a: Clodsire
|-immune|p2a: Clodsire|[from] ability: Water Absorb
|move|p2a: Clodsire|Stealth Rock|p1a: Rotom
|-sidestart|p1: dr. drake6782|move: Stealth Rock
|
|upkeep
|turn|11
|
|t:|1759075534
|switch|p1a: Tyranitar|Tyranitar, M|100/100
|-damage|p1a: Tyranitar|88/100|[from] Stealth Rock
|-weather|Sandstorm|[from] ability: Sand Stream|[of] p1a: Tyranitar
|move|p2a: Clodsire|Earthquake|p1a: Tyranitar
|-supereffective|p1a: Tyranitar
|-crit|p1a: Tyranitar
|-damage|p1a: Tyranitar|24/100
|
|-weather|Sandstorm|[upkeep]
|upkeep
|turn|12
|
|t:|1759075543
|switch|p2a: Corviknight|Corviknight, F, shiny|100/100
|move|p1a: Tyranitar|Stealth Rock|p2a: Corviknight
|-sidestart|p2: Teufcraft|move: Stealth Rock
|
|-weather|Sandstorm|[upkeep]
|upkeep
|turn|13
|
|t:|1759075546
|move|p1a: Tyranitar|Thunder Wave|p2a: Corviknight
|-status|p2a: Corviknight|par
|move|p2a: Corviknight|Defog|p1a: Tyranitar
|-unboost|p1a: Tyranitar|evasion|1
|-sideend|p1: dr. drake6782|Stealth Rock|[from] move: Defog|[of] p2a: Corviknight
|-sideend|p2: Teufcraft|Stealth Rock|[from] move: Defog|[of] p2a: Corviknight
|
|-weather|Sandstorm|[upkeep]
|upkeep
|turn|14
|
|t:|1759075550
|move|p1a: Tyranitar|Stealth Rock|p2a: Corviknight
|-sidestart|p2: Teufcraft|move: Stealth Rock
|move|p2a: Corviknight|U-turn|p1a: Tyranitar
|-supereffective|p1a: Tyranitar
|-damage|p1a: Tyranitar|1/100
|
|t:|1759075557
|switch|p2a: Clodsire|Clodsire, F|100/100|[from] U-turn
|-damage|p2a: Clodsire|94/100|[from] Stealth Rock
|
|-weather|Sandstorm|[upkeep]
|-heal|p2a: Clodsire|100/100|[from] item: Black Sludge
|upkeep
|turn|15
|
|t:|1759075559
|switch|p1a: Excadrill|Excadrill, F|100/100
|move|p2a: Clodsire|Stealth Rock|p1a: Excadrill
|-sidestart|p1: dr. drake6782|move: Stealth Rock
|
|-weather|Sandstorm|[upkeep]
|upkeep
|turn|16
|
|t:|1759075568
|switch|p2a: Corviknight|Corviknight, F, shiny|100/100 par
|-damage|p2a: Corviknight|88/100 par|[from] Stealth Rock
|move|p1a: Excadrill|Rock Slide|p2a: Corviknight
|-damage|p2a: Corviknight|64/100 par
|-damage|p1a: Excadrill|91/100|[from] item: Life Orb
|
|-weather|Sandstorm|[upkeep]
|-heal|p2a: Corviknight|70/100 par|[from] item: Leftovers
|upkeep
|turn|17
|
|t:|1759075574
|move|p1a: Excadrill|Rapid Spin|p2a: Corviknight
|-resisted|p2a: Corviknight
|-damage|p2a: Corviknight|62/100 par
|-boost|p1a: Excadrill|spe|1
|-sideend|p1: dr. drake6782|Stealth Rock|[from] move: Rapid Spin|[of] p1a: Excadrill
|-damage|p1a: Excadrill|81/100|[from] item: Life Orb
|move|p2a: Corviknight|Defog|p1a: Excadrill
|-unboost|p1a: Excadrill|evasion|1
|-sideend|p2: Teufcraft|Stealth Rock|[from] move: Defog|[of] p2a: Corviknight
|
|-weather|Sandstorm|[upkeep]
|-heal|p2a: Corviknight|69/100 par|[from] item: Leftovers
|upkeep
|turn|18
|
|t:|1759075576
|move|p1a: Excadrill|Swords Dance|p1a: Excadrill
|-boost|p1a: Excadrill|atk|2
|move|p2a: Corviknight|U-turn|p1a: Excadrill
|-resisted|p1a: Excadrill
|-damage|p1a: Excadrill|70/100
|
|t:|1759075599
|switch|p2a: Chandelure|Chandelure, M, shiny|100/100|[from] U-turn
|
|-weather|none
|upkeep
|turn|19
|
|t:|1759075628
|move|p1a: Excadrill|Earthquake|p2a: Chandelure
|-supereffective|p2a: Chandelure
|-enditem|p2a: Chandelure|Focus Sash
|-damage|p2a: Chandelure|1/100
|-damage|p1a: Excadrill|60/100|[from] item: Life Orb
|move|p2a: Chandelure|Flamethrower|p1a: Excadrill
|-supereffective|p1a: Excadrill
|-damage|p1a: Excadrill|0 fnt
|faint|p1a: Excadrill
|
|upkeep
|
|t:|1759075632
|switch|p1a: Tyranitar|Tyranitar, M|1/100
|-weather|Sandstorm|[from] ability: Sand Stream|[of] p1a: Tyranitar
|turn|20
|
|t:|1759075640
|switch|p2a: Corviknight|Corviknight, F, shiny|69/100 par
|move|p1a: Tyranitar|Stealth Rock|p2a: Corviknight
|-sidestart|p2: Teufcraft|move: Stealth Rock
|
|-weather|Sandstorm|[upkeep]
|-heal|p2a: Corviknight|75/100 par|[from] item: Leftovers
|upkeep
|turn|21
|
|t:|1759075645
|move|p1a: Tyranitar|Knock Off|p2a: Corviknight
|-damage|p2a: Corviknight|50/100 par
|-enditem|p2a: Corviknight|Leftovers|[from] move: Knock Off|[of] p1a: Tyranitar
|move|p2a: Corviknight|Defog|p1a: Tyranitar
|-unboost|p1a: Tyranitar|evasion|1
|-sideend|p2: Teufcraft|Stealth Rock|[from] move: Defog|[of] p2a: Corviknight
|
|-weather|Sandstorm|[upkeep]
|upkeep
|turn|22
|
|t:|1759075653
|switch|p2a: Clodsire|Clodsire, F|100/100
|move|p1a: Tyranitar|Stealth Rock|p2a: Clodsire
|-sidestart|p2: Teufcraft|move: Stealth Rock
|
|-weather|Sandstorm|[upkeep]
|upkeep
|turn|23
|
|t:|1759075658
|move|p1a: Tyranitar|Knock Off|p2a: Clodsire
|-damage|p2a: Clodsire|50/100
|-enditem|p2a: Clodsire|Black Sludge|[from] move: Knock Off|[of] p1a: Tyranitar
|move|p2a: Clodsire|Toxic|p1a: Tyranitar
|-status|p1a: Tyranitar|tox
|
|-weather|Sandstorm|[upkeep]
|-damage|p1a: Tyranitar|0 fnt|[from] psn
|faint|p1a: Tyranitar
|upkeep
|
|t:|1759075661
|switch|p1a: Kingambit|Kingambit, M|100/100
|-activate|p1a: Kingambit|ability: Supreme Overlord
|-start|p1a: Kingambit|fallen3|[silent]
|turn|24
|
|t:|1759075665
|move|p1a: Kingambit|Kowtow Cleave|p2a: Clodsire
|-damage|p2a: Clodsire|0 fnt
|faint|p2a: Clodsire
|
|-weather|Sandstorm|[upkeep]
|upkeep
|
|t:|1759075669
|switch|p2a: Corviknight|Corviknight, F, shiny|50/100 par
|-damage|p2a: Corviknight|38/100 par|[from] Stealth Rock
|turn|25
|inactive|dr. drake6782 has 120 seconds left.
|
|t:|1759075703
|move|p1a: Kingambit|Kowtow Cleave|p2a: Corviknight
|-damage|p2a: Corviknight|0 fnt
|faint|p2a: Corviknight
|
|-weather|Sandstorm|[upkeep]
|upkeep
|
|t:|1759075712
|switch|p2a: Chandelure|Chandelure, M, shiny|1/100
|-damage|p2a: Chandelure|0 fnt|[from] Stealth Rock
|faint|p2a: Chandelure
|
|t:|1759075713
|switch|p2a: Iron Valiant|Iron Valiant, shiny|32/100
|-damage|p2a: Iron Valiant|25/100|[from] Stealth Rock
|turn|26
|
|t:|1759075718
|-end|p1a: Kingambit|fallen3|[silent]
|switch|p1a: Pecharunt|Pecharunt|100/100
|-item|p1a: Pecharunt|Air Balloon
|move|p2a: Iron Valiant|Aura Sphere|p1a: Pecharunt
|-immune|p1a: Pecharunt
|
|-weather|Sandstorm|[upkeep]
|-damage|p2a: Iron Valiant|19/100|[from] Sandstorm
|-damage|p1a: Pecharunt|94/100|[from] Sandstorm
|-heal|p2a: Iron Valiant|25/100|[from] item: Leftovers
|upkeep
|turn|27
|
|t:|1759075726
|move|p2a: Iron Valiant|Moonblast|p1a: Pecharunt
|-resisted|p1a: Pecharunt
|-damage|p1a: Pecharunt|67/100
|-unboost|p1a: Pecharunt|spa|1
|-enditem|p1a: Pecharunt|Air Balloon
|move|p1a: Pecharunt|Malignant Chain|p2a: Iron Valiant
|-supereffective|p2a: Iron Valiant
|-damage|p2a: Iron Valiant|0 fnt
|faint|p2a: Iron Valiant
|-end|p2a: Iron Valiant|Quark Drive|[silent]
|
|-weather|none
|upkeep
|
|t:|1759075727
|switch|p2a: Weavile|Weavile, F|100/100
|-damage|p2a: Weavile|76/100|[from] Stealth Rock
|turn|28
|
|t:|1759075730
|move|p2a: Weavile|Knock Off|p1a: Pecharunt
|-supereffective|p1a: Pecharunt
|-damage|p1a: Pecharunt|30/100
|-damage|p2a: Weavile|66/100|[from] item: Life Orb
|move|p1a: Pecharunt|Malignant Chain|p2a: Weavile
|-damage|p2a: Weavile|39/100
|-status|p2a: Weavile|tox
|-start|p2a: Weavile|confusion|[from] ability: Poison Puppeteer|[of] p1a: Pecharunt
|
|-damage|p2a: Weavile|33/100 tox|[from] psn
|upkeep
|turn|29
|
|t:|1759075734
|-activate|p2a: Weavile|confusion
|move|p2a: Weavile|Triple Axel|p1a: Pecharunt
|-damage|p1a: Pecharunt|24/100
|-damage|p1a: Pecharunt|12/100
|-damage|p1a: Pecharunt|0 fnt
|faint|p1a: Pecharunt
|-hitcount|p1: Pecharunt|3
|-damage|p2a: Weavile|23/100 tox|[from] item: Life Orb
|
|-damage|p2a: Weavile|10/100 tox|[from] psn
|upkeep
|
|t:|1759075737
|switch|p1a: Kingambit|Kingambit, M|100/100
|-activate|p1a: Kingambit|ability: Supreme Overlord
|-start|p1a: Kingambit|fallen4|[silent]
|turn|30
|
|t:|1759075739
|move|p1a: Kingambit|Sucker Punch|p2a: Weavile
|-resisted|p2a: Weavile
|-damage|p2a: Weavile|0 fnt
|faint|p2a: Weavile
|
|win|dr. drake6782
|raw|dr. drake6782's rating: 1404 &rarr; <strong>1425</strong><br />(+21 for winning)
|raw|Teufcraft's rating: 1417 &rarr; <strong>1396</strong><br />(-21 for losing)
|c|☆Teufcraft|gg
|l|☆Teufcraft
|player|p2|
|c|☆dr. drake6782|gg
|l|☆dr. drake6782
|player|p1|
