|j|☆maxcanbealeader
|j|☆Paramat2
|t:|1759049481
|gametype|singles
|player|p1|maxcanbealeader|hiker-gen4|1099
|player|p2|Paramat2|red|1064
|gen|9
|tier|[Gen 9] OU
|rated|
|rule|HP Percentage Mod: HP is shown in percentages
|rule|Endless Battle Clause: Forcing endless battles is banned
|rule|Species Clause: Limit one of each Pokémon
|rule|OHKO Clause: OHKO moves are banned
|rule|Evasion Items Clause: Evasion items are banned
|rule|Evasion Moves Clause: Evasion moves are banned
|rule|Evasion Abilities Clause: Evasion abilities are banned
|rule|Sleep Moves Clause: Sleep-inducing moves are banned
|clearpoke
|poke|p1|Corviknight, F|
|poke|p1|Dragapult, F|
|poke|p1|Emboar, M|
|poke|p1|Slowking-Galar, F|
|poke|p1|Greninja-*, M|
|poke|p1|Garchomp, M|
|poke|p2|Lucario, M|
|poke|p2|Dragonite, F|
|poke|p2|Brute Bonnet|
|poke|p2|Snorlax, F|
|poke|p2|Lapras, M|
|poke|p2|Scizor, F|
|teampreview
|inactive|Battle timer is ON: inactive players will automatically lose when time's up. (requested by maxcanbealeader)
|
|t:|1759049510
|teamsize|p1|6
|teamsize|p2|6
|start
|switch|p1a: Emboar|Emboar, M|100/100
|switch|p2a: Brute Bonnet|Brute Bonnet|100/100
|-enditem|p2a: Brute Bonnet|Booster Energy
|-activate|p2a: Brute Bonnet|ability: Protosynthesis|[fromitem]
|-start|p2a: Brute Bonnet|protosynthesisatk
|turn|1
|
|t:|1759049528
|-end|p2a: Brute Bonnet|Protosynthesis|[silent]
|switch|p2a: Lapras|Lapras, M|100/100
|move|p1a: Emboar|Head Smash|p2a: Lapras|[miss]
|-miss|p1a: Emboar|p2a: Lapras
|
|upkeep
|turn|2
|
|t:|1759049535
|move|p1a: Emboar|Head Smash|p2a: Lapras|[miss]
|-miss|p1a: Emboar|p2a: Lapras
|move|p2a: Lapras|Sparkling Aria|p1a: Emboar
|-supereffective|p1a: Emboar
|-damage|p1a: Emboar|0 fnt
|faint|p1a: Emboar
|
|upkeep
|
|t:|1759049546
|switch|p1a: Slowking|Slowking-Galar, F|100/100
|turn|3
|
|t:|1759049554
|move|p2a: Lapras|Alluring Voice|p1a: Slowking
|-resisted|p1a: Slowking
|-damage|p1a: Slowking|95/100
|move|p1a: Slowking|Future Sight|p2a: Lapras
|-start|p1a: Slowking|move: Future Sight
|
|upkeep
|turn|4
|
|t:|1759049565
|move|p2a: Lapras|Sparkling Aria|p1a: Slowking
|-damage|p1a: Slowking|74/100
|move|p1a: Slowking|Sludge Bomb|p2a: Lapras
|-damage|p2a: Lapras|68/100
|-status|p2a: Lapras|psn
|
|-heal|p2a: Lapras|74/100 psn|[from] item: Leftovers
|-damage|p2a: Lapras|62/100 psn|[from] psn
|upkeep
|turn|5
|
|t:|1759049586
|switch|p2a: Scizor|Scizor, F|100/100
|switch|p1a: Greninja|Greninja, M|100/100
|
|-end|p2a: Scizor|move: Future Sight
|-resisted|p2a: Scizor
|-damage|p2a: Scizor|64/100
|upkeep
|turn|6
|
|t:|1759049598
|move|p1a: Greninja|Hydro Pump|p2a: Scizor
|-damage|p2a: Scizor|0 fnt
|faint|p2a: Scizor
|-ability|p1a: Greninja|Battle Bond|boost
|-boost|p1a: Greninja|atk|1
|-boost|p1a: Greninja|spa|1
|-boost|p1a: Greninja|spe|1
|-activate|p1a: Greninja|ability: Battle Bond
|-damage|p1a: Greninja|91/100|[from] item: Life Orb
|
|upkeep
|
|t:|1759049608
|switch|p2a: Snorlax|Snorlax, F|100/100
|turn|7
|
|t:|1759049624
|move|p1a: Greninja|Dark Pulse|p2a: Snorlax
|-damage|p2a: Snorlax|55/100
|-damage|p1a: Greninja|81/100|[from] item: Life Orb
|move|p2a: Snorlax|Thunderbolt|p1a: Greninja
|-supereffective|p1a: Greninja
|-damage|p1a: Greninja|5/100
|
|-heal|p2a: Snorlax|61/100|[from] item: Leftovers
|upkeep
|turn|8
|
|t:|1759049640
|move|p1a: Greninja|Hydro Pump|p2a: Snorlax
|-damage|p2a: Snorlax|0 fnt
|faint|p2a: Snorlax
|-damage|p1a: Greninja|0 fnt|[from] item: Life Orb
|faint|p1a: Greninja
|
|upkeep
|
|t:|1759049650
|switch|p1a: Garchomp|Garchomp, M|100/100
|switch|p2a: Dragonite|Dragonite, F|100/100
|turn|9
|
|t:|1759049664
|move|p2a: Dragonite|Blizzard|p1a: Garchomp
|-supereffective|p1a: Garchomp
|-damage|p1a: Garchomp|0 fnt
|faint|p1a: Garchomp
|
|upkeep
|
|t:|1759049671
|switch|p1a: Dragapult|Dragapult, F|100/100
|turn|10
|
|t:|1759049677
|move|p1a: Dragapult|Draco Meteor|p2a: Dragonite
|-supereffective|p2a: Dragonite
|-damage|p2a: Dragonite|44/100
|-unboost|p1a: Dragapult|spa|2
|move|p2a: Dragonite|Blizzard|p1a: Dragapult
|-supereffective|p1a: Dragapult
|-damage|p1a: Dragapult|19/100
|
|upkeep
|turn|11
|
|t:|1759049693
|switch|p2a: Lapras|Lapras, M|62/100 psn
|move|p1a: Dragapult|Draco Meteor|p2a: Lapras
|-damage|p2a: Lapras|39/100 psn
|-unboost|p1a: Dragapult|spa|2
|
|-heal|p2a: Lapras|45/100 psn|[from] item: Leftovers
|-damage|p2a: Lapras|33/100 psn|[from] psn
|upkeep
|turn|12
|
|t:|1759049704
|switch|p1a: Slowking|Slowking-Galar, F|100/100
|move|p2a: Lapras|Blizzard|p1a: Slowking|[miss]
|-miss|p2a: Lapras|p1a: Slowking
|
|-heal|p2a: Lapras|39/100 psn|[from] item: Leftovers
|-damage|p2a: Lapras|27/100 psn|[from] psn
|upkeep
|turn|13
|
|t:|1759049715
|switch|p2a: Brute Bonnet|Brute Bonnet|100/100
|move|p1a: Slowking|Future Sight|p2a: Brute Bonnet
|-start|p1a: Slowking|move: Future Sight
|
|upkeep
|turn|14
|
|t:|1759049726
|move|p2a: Brute Bonnet|Energy Ball|p1a: Slowking
|-resisted|p1a: Slowking
|-damage|p1a: Slowking|94/100
|move|p1a: Slowking|Flamethrower|p2a: Brute Bonnet
|-supereffective|p2a: Brute Bonnet
|-damage|p2a: Brute Bonnet|47/100
|
|upkeep
|turn|15
|
|t:|1759049734
|move|p2a: Brute Bonnet|Synthesis|p2a: Brute Bonnet
|-heal|p2a: Brute Bonnet|97/100
|move|p1a: Slowking|Flamethrower|p2a: Brute Bonnet
|-supereffective|p2a: Brute Bonnet
|-damage|p2a: Brute Bonnet|43/100
|
|-end|p2a: Brute Bonnet|move: Future Sight
|-immune|p2a: Brute Bonnet
|upkeep
|turn|16
|
|t:|1759049744
|move|p2a: Brute Bonnet|Close Combat|p1a: Slowking
|-resisted|p1a: Slowking
|-damage|p1a: Slowking|82/100
|-unboost|p2a: Brute Bonnet|def|1
|-unboost|p2a: Brute Bonnet|spd|1
|move|p1a: Slowking|Flamethrower|p2a: Brute Bonnet
|-supereffective|p2a: Brute Bonnet
|-damage|p2a: Brute Bonnet|0 fnt
|faint|p2a: Brute Bonnet
|-end|p2a: Brute Bonnet|Protosynthesis|[silent]
|
|upkeep
|
|t:|1759049755
|switch|p2a: Lucario|Lucario, M|100/100
|turn|17
|
|t:|1759049766
|move|p2a: Lucario|Dark Pulse|p1a: Slowking
|-supereffective|p1a: Slowking
|-crit|p1a: Slowking
|-damage|p1a: Slowking|40/100
|move|p1a: Slowking|Future Sight|p2a: Lucario
|-start|p1a: Slowking|move: Future Sight
|
|upkeep
|turn|18
|
|t:|1759049772
|switch|p1a: Corviknight|Corviknight, F|100/100
|-ability|p1a: Corviknight|Pressure
|move|p2a: Lucario|Dark Pulse|p1a: Corviknight
|-damage|p1a: Corviknight|74/100
|
|upkeep
|turn|19
|
|t:|1759049786
|move|p2a: Lucario|Protect|p2a: Lucario
|-singleturn|p2a: Lucario|Protect
|move|p1a: Corviknight|Brave Bird|p2a: Lucario
|-activate|p2a: Lucario|move: Protect
|
|-end|p2a: Lucario|move: Future Sight
|-damage|p2a: Lucario|1/100
|upkeep
|turn|20
|
|t:|1759049801
|move|p2a: Lucario|Extreme Speed|p1a: Corviknight
|-resisted|p1a: Corviknight
|-damage|p1a: Corviknight|66/100
|-damage|p2a: Lucario|0 fnt|[from] item: Rocky Helmet|[of] p1a: Corviknight
|faint|p2a: Lucario
|move|p1a: Corviknight|Brave Bird|p2: Lucario|[notarget]
|-fail|p1a: Corviknight
|
|upkeep
|
|t:|1759049809
|switch|p2a: Dragonite|Dragonite, F|44/100
|turn|21
|
|t:|1759049816
|move|p2a: Dragonite|Dragon Pulse|p1a: Corviknight
|-resisted|p1a: Corviknight
|-damage|p1a: Corviknight|44/100
|move|p1a: Corviknight|Brave Bird|p2a: Dragonite
|-damage|p2a: Dragonite|0 fnt
|faint|p2a: Dragonite
|-damage|p1a: Corviknight|32/100|[from] Recoil
|
|upkeep
|
|t:|1759049824
|switch|p2a: Lapras|Lapras, M|27/100 psn
|turn|22
|
|t:|1759049830
|move|p1a: Corviknight|Roost|p1a: Corviknight
|-heal|p1a: Corviknight|82/100
|-singleturn|p1a: Corviknight|move: Roost
|move|p2a: Lapras|Alluring Voice|p1a: Corviknight
|-resisted|p1a: Corviknight
|-damage|p1a: Corviknight|69/100
|
|-heal|p2a: Lapras|33/100 psn|[from] item: Leftovers
|-damage|p2a: Lapras|20/100 psn|[from] psn
|upkeep
|turn|23
|c|☆Paramat2|GG
|
|t:|1759049843
|move|p1a: Corviknight|Brave Bird|p2a: Lapras
|-damage|p2a: Lapras|0 fnt
|faint|p2a: Lapras
|-damage|p1a: Corviknight|62/100|[from] Recoil
|
|win|maxcanbealeader
|raw|maxcanbealeader's rating: 1099 &rarr; <strong>1122</strong><br />(+23 for winning)
|raw|Paramat2's rating: 1064 &rarr; <strong>1046</strong><br />(-18 for losing)
|c|☆maxcanbealeader|GG
|l|☆maxcanbealeader
|player|p1|
|l|☆Paramat2
|player|p2|
