|j|☆ancient faith
|j|☆PickleTree3700
|t:|1758950968
|gametype|singles
|player|p1|ancient faith|red-gen1main|1040
|player|p2|PickleTree3700|265|1100
|gen|9
|tier|[Gen 9] OU
|rated|
|rule|HP Percentage Mod: HP is shown in percentages
|rule|Endless Battle Clause: Forcing endless battles is banned
|rule|Species Clause: Limit one of each Pokémon
|rule|OHKO Clause: OHKO moves are banned
|rule|Evasion Items Clause: Evasion items are banned
|rule|Evasion Moves Clause: Evasion moves are banned
|rule|Evasion Abilities Clause: Evasion abilities are banned
|rule|Sleep Moves Clause: Sleep-inducing moves are banned
|clearpoke
|poke|p1|Enamorus, F|
|poke|p1|Kyurem|
|poke|p1|Landorus-Therian, M|
|poke|p1|Kingambit, M|
|poke|p1|Ogerpon-Wellspring, F|
|poke|p1|Glimmora, M|
|poke|p2|Samurott-Hisui, M|
|poke|p2|Vileplume, F|
|poke|p2|Latios, M|
|poke|p2|Chandelure, F|
|poke|p2|Ninetales-Alola, F|
|poke|p2|Magnezone|
|teampreview
|
|t:|1758950984
|teamsize|p1|6
|teamsize|p2|6
|start
|switch|p1a: Ogerpon|Ogerpon-Wellspring, F|100/100
|switch|p2a: Vileplume|Vileplume, F|100/100
|turn|1
|
|t:|1758950990
|switch|p1a: Glimmora|Glimmora, M, shiny|100/100
|move|p2a: Vileplume|Giga Drain|p1a: Glimmora
|-damage|p1a: Glimmora|60/100
|-enditem|p1a: Glimmora|Red Card|[of] p2a: Vileplume
|drag|p2a: Samurott|Samurott-Hisui, M|100/100
|
|upkeep
|turn|2
|
|t:|1758951001
|move|p2a: Samurott|Aqua Cutter|p1a: Glimmora
|-supereffective|p1a: Glimmora
|-damage|p1a: Glimmora|0 fnt
|-activate|p1a: Glimmora|ability: Toxic Debris
|-sidestart|p2: PickleTree3700|move: Toxic Spikes
|faint|p1a: Glimmora
|
|upkeep
|
|t:|1758951007
|switch|p1a: Enamorus|Enamorus, F, shiny|100/100
|turn|3
|
|t:|1758951010
|move|p1a: Enamorus|Moonblast|p2a: Samurott
|-supereffective|p2a: Samurott
|-damage|p2a: Samurott|0 fnt
|faint|p2a: Samurott
|
|upkeep
|
|t:|1758951014
|switch|p2a: Vileplume|Vileplume, F|100/100
|-sideend|p2: PickleTree3700|move: Toxic Spikes|[of] p2a: Vileplume
|turn|4
|
|t:|1758951034
|switch|p1a: Landorus|Landorus-Therian, M, shiny|100/100
|-ability|p1a: Landorus|Intimidate|boost
|-unboost|p2a: Vileplume|atk|1
|move|p2a: Vileplume|Toxic|p1a: Landorus
|-status|p1a: Landorus|tox
|
|-damage|p1a: Landorus|94/100 tox|[from] psn
|upkeep
|turn|5
|
|t:|1758951044
|move|p1a: Landorus|Stealth Rock|p2a: Vileplume
|-sidestart|p2: PickleTree3700|move: Stealth Rock
|move|p2a: Vileplume|Giga Drain|p1a: Landorus
|-damage|p1a: Landorus|50/100 tox
|
|-damage|p1a: Landorus|38/100 tox|[from] psn
|upkeep
|turn|6
|
|t:|1758951051
|move|p1a: Landorus|Earthquake|p2a: Vileplume
|-crit|p2a: Vileplume
|-damage|p2a: Vileplume|23/100
|move|p2a: Vileplume|Giga Drain|p1a: Landorus
|-damage|p1a: Landorus|0 fnt
|-heal|p2a: Vileplume|44/100|[from] drain|[of] p1a: Landorus
|faint|p1a: Landorus
|
|upkeep
|
|t:|1758951054
|switch|p1a: Kyurem|Kyurem, shiny|100/100
|-ability|p1a: Kyurem|Pressure
|turn|7
|
|t:|1758951063
|move|p1a: Kyurem|Ice Beam|p2a: Vileplume
|-supereffective|p2a: Vileplume
|-damage|p2a: Vileplume|0 fnt
|faint|p2a: Vileplume
|
|upkeep
|
|t:|1758951072
|switch|p2a: Chandelure|Chandelure, F|100/100
|-damage|p2a: Chandelure|76/100|[from] Stealth Rock
|turn|8
|
|t:|1758951097
|move|p1a: Kyurem|Ice Beam|p2a: Chandelure
|-resisted|p2a: Chandelure
|-damage|p2a: Chandelure|37/100
|move|p2a: Chandelure|Fire Blast|p1a: Kyurem
|-damage|p1a: Kyurem|46/100
|
|upkeep
|turn|9
|
|t:|1758951106
|move|p1a: Kyurem|Ice Beam|p2a: Chandelure
|-resisted|p2a: Chandelure
|-damage|p2a: Chandelure|0 fnt
|faint|p2a: Chandelure
|
|upkeep
|
|t:|1758951111
|switch|p2a: Ninetales|Ninetales-Alola, F|100/100
|-damage|p2a: Ninetales|76/100|[from] Stealth Rock
|-weather|Snowscape|[from] ability: Snow Warning|[of] p2a: Ninetales
|turn|10
|
|t:|1758951119
|move|p1a: Kyurem|Ice Beam|p2a: Ninetales
|-resisted|p2a: Ninetales
|-damage|p2a: Ninetales|41/100
|move|p2a: Ninetales|Draining Kiss|p1a: Kyurem
|-supereffective|p1a: Kyurem
|-damage|p1a: Kyurem|7/100
|-heal|p2a: Ninetales|81/100|[from] drain|[of] p1a: Kyurem
|
|-weather|Snowscape|[upkeep]
|upkeep
|turn|11
|
|t:|1758951132
|switch|p1a: Kingambit|Kingambit, M, shiny|100/100
|-activate|p1a: Kingambit|ability: Supreme Overlord
|-start|p1a: Kingambit|fallen2|[silent]
|-item|p1a: Kingambit|Air Balloon
|move|p2a: Ninetales|Draining Kiss|p1a: Kingambit
|-damage|p1a: Kingambit|80/100
|-heal|p2a: Ninetales|99/100|[from] drain|[of] p1a: Kingambit
|-enditem|p1a: Kingambit|Air Balloon
|
|-weather|Snowscape|[upkeep]
|upkeep
|turn|12
|
|t:|1758951145
|switch|p2a: Latios|Latios, M, shiny|100/100
|-damage|p2a: Latios|88/100|[from] Stealth Rock
|move|p1a: Kingambit|Low Kick|p2a: Latios
|-resisted|p2a: Latios
|-damage|p2a: Latios|61/100
|
|-weather|Snowscape|[upkeep]
|upkeep
|turn|13
|
|t:|1758951156
|-end|p1a: Kingambit|fallen2|[silent]
|switch|p1a: Ogerpon|Ogerpon-Wellspring, F|100/100
|move|p2a: Latios|Earthquake|p1a: Ogerpon
|-resisted|p1a: Ogerpon
|-damage|p1a: Ogerpon|85/100
|
|-weather|Snowscape|[upkeep]
|upkeep
|turn|14
|
|t:|1758951163
|move|p1a: Ogerpon|Knock Off|p2a: Latios
|-supereffective|p2a: Latios
|-damage|p2a: Latios|0 fnt
|-enditem|p2a: Latios|Soul Dew|[from] move: Knock Off|[of] p1a: Ogerpon
|faint|p2a: Latios
|
|-weather|none
|upkeep
|
|t:|1758951172
|switch|p2a: Magnezone|Magnezone|100/100
|-damage|p2a: Magnezone|94/100|[from] Stealth Rock
|-item|p2a: Magnezone|Air Balloon
|turn|15
|
|t:|1758951184
|move|p1a: Ogerpon|Ivy Cudgel|p2a: Magnezone|[anim] Ivy Cudgel Water
|-damage|p2a: Magnezone|40/100
|-enditem|p2a: Magnezone|Air Balloon
|move|p2a: Magnezone|Volt Switch|p1a: Ogerpon
|-damage|p1a: Ogerpon|37/100
|
|t:|1758951191
|switch|p2a: Ninetales|Ninetales-Alola, F|99/100|[from] Volt Switch
|-damage|p2a: Ninetales|74/100|[from] Stealth Rock
|-weather|Snowscape|[from] ability: Snow Warning|[of] p2a: Ninetales
|
|-weather|Snowscape|[upkeep]
|upkeep
|turn|16
|
|t:|1758951198
|-terastallize|p2a: Ninetales|Water
|move|p1a: Ogerpon|Ivy Cudgel|p2a: Ninetales|[anim] Ivy Cudgel Water
|-resisted|p2a: Ninetales
|-crit|p2a: Ninetales
|-damage|p2a: Ninetales|4/100
|move|p2a: Ninetales|Blizzard|p1a: Ogerpon
|-damage|p1a: Ogerpon|0 fnt
|faint|p1a: Ogerpon
|
|-weather|Snowscape|[upkeep]
|upkeep
|
|t:|1758951203
|switch|p1a: Kyurem|Kyurem, shiny|7/100
|-ability|p1a: Kyurem|Pressure
|turn|17
|
|t:|1758951210
|move|p1a: Kyurem|Earth Power|p2a: Ninetales
|-damage|p2a: Ninetales|0 fnt
|faint|p2a: Ninetales
|
|-weather|Snowscape|[upkeep]
|upkeep
|
|t:|1758951215
|switch|p2a: Magnezone|Magnezone|40/100
|-damage|p2a: Magnezone|34/100|[from] Stealth Rock
|turn|18
|inactive|Battle timer is ON: inactive players will automatically lose when time's up. (requested by ancient faith)
|
|t:|1758951226
|move|p1a: Kyurem|Earth Power|p2a: Magnezone
|-supereffective|p2a: Magnezone
|-damage|p2a: Magnezone|0 fnt
|faint|p2a: Magnezone
|
|win|ancient faith
|raw|ancient faith's rating: 1040 &rarr; <strong>1080</strong><br />(+40 for winning)
|raw|PickleTree3700's rating: 1100 &rarr; <strong>1071</strong><br />(-29 for losing)
|l|☆PickleTree3700
|player|p2|
