|j|☆tscher
|j|☆prohunter
|t:|1759051660
|gametype|singles
|player|p1|tscher|1|1232
|player|p2|prohunter|veteran|1263
|gen|9
|tier|[Gen 9] OU
|rated|
|rule|HP Percentage Mod: HP is shown in percentages
|rule|Endless Battle Clause: Forcing endless battles is banned
|rule|Species Clause: Limit one of each Pokémon
|rule|OHKO Clause: OHKO moves are banned
|rule|Evasion Items Clause: Evasion items are banned
|rule|Evasion Moves Clause: Evasion moves are banned
|rule|Evasion Abilities Clause: Evasion abilities are banned
|rule|Sleep Moves Clause: Sleep-inducing moves are banned
|clearpoke
|poke|p1|Glalie, M|
|poke|p1|Heatran, M|
|poke|p1|Scizor, F|
|poke|p1|Moltres|
|poke|p1|Ogerpon-Wellspring, F|
|poke|p1|Swampert, M|
|poke|p2|Great Tusk|
|poke|p2|Heatran, M|
|poke|p2|Weavile, M|
|poke|p2|Primarina, M|
|poke|p2|Ogerpon, F|
|poke|p2|Pecharunt|
|teampreview
|inactive|Battle timer is ON: inactive players will automatically lose when time's up. (requested by tscher)
|
|t:|1759051684
|teamsize|p1|6
|teamsize|p2|6
|start
|switch|p1a: Glalie|Glalie, M|100/100
|switch|p2a: Anonymous|Ogerpon, F|100/100
|turn|1
|
|t:|1759051704
|switch|p2a: Overseer|Pecharunt|100/100
|move|p1a: Glalie|Freeze-Dry|p2a: Overseer
|-damage|p2a: Overseer|74/100
|
|upkeep
|turn|2
|
|t:|1759051713
|switch|p1a: Swampert|Swampert, M|100/100
|move|p2a: Overseer|Parting Shot|p1a: Swampert
|-unboost|p1a: Swampert|atk|1
|-unboost|p1a: Swampert|spa|1
|
|t:|1759051729
|switch|p2a: Anonymous|Ogerpon, F|100/100|[from] Parting Shot
|
|upkeep
|turn|3
|
|t:|1759051735
|switch|p1a: Moltres|Moltres|100/100
|move|p2a: Anonymous|Rock Tomb|p1a: Moltres
|-supereffective|p1a: Moltres
|-damage|p1a: Moltres|0 fnt
|faint|p1a: Moltres
|
|upkeep
|
|t:|1759051746
|switch|p1a: Glalie|Glalie, M|100/100
|turn|4
|
|t:|1759051754
|switch|p2a: Celestine|Primarina, M, shiny|100/100
|move|p1a: Glalie|Switcheroo|p2a: Celestine
|-activate|p1a: Glalie|move: Trick|[of] p2a: Celestine
|-item|p2a: Celestine|Choice Scarf|[from] move: Switcheroo
|-item|p1a: Glalie|Assault Vest|[from] move: Switcheroo
|
|upkeep
|turn|5
|
|t:|1759051763
|move|p1a: Glalie|Freeze-Dry|p2a: Celestine
|-supereffective|p2a: Celestine
|-damage|p2a: Celestine|57/100
|move|p2a: Celestine|Moonblast|p1a: Glalie
|-damage|p1a: Glalie|57/100
|
|upkeep
|turn|6
|
|t:|1759051768
|move|p1a: Glalie|Freeze-Dry|p2a: Celestine
|-supereffective|p2a: Celestine
|-damage|p2a: Celestine|14/100
|move|p2a: Celestine|Moonblast|p1a: Glalie
|-damage|p1a: Glalie|13/100
|-unboost|p1a: Glalie|spa|1
|
|upkeep
|turn|7
|
|t:|1759051772
|move|p1a: Glalie|Freeze-Dry|p2a: Celestine
|-supereffective|p2a: Celestine
|-damage|p2a: Celestine|0 fnt
|faint|p2a: Celestine
|
|upkeep
|
|t:|1759051780
|switch|p2a: Anonymous|Ogerpon, F|100/100
|turn|8
|
|t:|1759051783
|move|p2a: Anonymous|U-turn|p1a: Glalie
|-crit|p1a: Glalie
|-damage|p1a: Glalie|0 fnt
|faint|p1a: Glalie
|
|t:|1759051800
|switch|p2a: Bandit|Weavile, M, shiny|100/100|[from] U-turn
|-ability|p2a: Bandit|Pressure
|
|upkeep
|
|t:|1759051805
|switch|p1a: Scizor|Scizor, F|100/100
|turn|9
|
|t:|1759051809
|switch|p2a: Overseer|Pecharunt|74/100
|move|p1a: Scizor|Swords Dance|p1a: Scizor
|-boost|p1a: Scizor|atk|2
|
|upkeep
|turn|10
|
|t:|1759051816
|move|p2a: Overseer|Parting Shot|p1a: Scizor
|-unboost|p1a: Scizor|atk|1
|-unboost|p1a: Scizor|spa|1
|
|t:|1759051822
|switch|p2a: Behemoth|Great Tusk, shiny|100/100|[from] Parting Shot
|move|p1a: Scizor|Swords Dance|p1a: Scizor
|-boost|p1a: Scizor|atk|2
|
|upkeep
|turn|11
|
|t:|1759051825
|-terastallize|p1a: Scizor|Flying
|move|p2a: Behemoth|Headlong Rush|p1a: Scizor
|-immune|p1a: Scizor
|move|p1a: Scizor|Dual Wingbeat|p2a: Behemoth
|-supereffective|p2a: Behemoth
|-damage|p2a: Behemoth|0 fnt
|faint|p2a: Behemoth
|-end|p2a: Behemoth|Protosynthesis|[silent]
|-hitcount|p2: Behemoth|1
|-damage|p1a: Scizor|91/100|[from] item: Life Orb
|
|upkeep
|
|t:|1759051829
|switch|p2a: Bandit|Weavile, M, shiny|100/100
|-ability|p2a: Bandit|Pressure
|turn|12
|
|t:|1759051834
|-terastallize|p2a: Bandit|Ice
|move|p2a: Bandit|Ice Shard|p1a: Scizor
|-supereffective|p1a: Scizor
|-damage|p1a: Scizor|3/100
|move|p1a: Scizor|Bullet Punch|p2a: Bandit
|-supereffective|p2a: Bandit
|-damage|p2a: Bandit|0 fnt
|faint|p2a: Bandit
|-damage|p1a: Scizor|0 fnt|[from] item: Life Orb
|faint|p1a: Scizor
|
|upkeep
|
|t:|1759051847
|switch|p2a: Anonymous|Ogerpon, F|100/100
|switch|p1a: Heatran|Heatran, M|100/100
|turn|13
|
|t:|1759051851
|move|p2a: Anonymous|U-turn|p1a: Heatran
|-resisted|p1a: Heatran
|-damage|p1a: Heatran|96/100
|
|t:|1759051852
|switch|p2a: Chaos|Heatran, M, shiny|100/100|[from] U-turn
|-item|p2a: Chaos|Air Balloon
|move|p1a: Heatran|Magma Storm|p2a: Chaos
|-start|p2a: Chaos|ability: Flash Fire
|
|upkeep
|turn|14
|
|t:|1759051859
|move|p2a: Chaos|Magma Storm|p1a: Heatran
|-start|p1a: Heatran|ability: Flash Fire
|move|p1a: Heatran|Body Press|p2a: Chaos
|-supereffective|p2a: Chaos
|-damage|p2a: Chaos|45/100
|-enditem|p2a: Chaos|Air Balloon
|
|upkeep
|turn|15
|-message|prohunter forfeited.
|
|win|tscher
|raw|tscher's rating: 1232 &rarr; <strong>1259</strong><br />(+27 for winning)
|raw|prohunter's rating: 1263 &rarr; <strong>1236</strong><br />(-27 for losing)
|l|☆prohunter
|player|p2|
|l|☆tscher
|player|p1|
