|j|☆nfs51
|j|☆pokentus
|t:|1758971068
|gametype|singles
|player|p1|nfs51|lucas|1099
|player|p2|pokentus|170|1074
|gen|9
|tier|[Gen 9] OU
|rated|
|rule|HP Percentage Mod: HP is shown in percentages
|rule|Endless Battle Clause: Forcing endless battles is banned
|rule|Species Clause: Limit one of each Pokémon
|rule|OHKO Clause: OHKO moves are banned
|rule|Evasion Items Clause: Evasion items are banned
|rule|Evasion Moves Clause: Evasion moves are banned
|rule|Evasion Abilities Clause: Evasion abilities are banned
|rule|Sleep Moves Clause: Sleep-inducing moves are banned
|clearpoke
|poke|p1|Malamar, M|
|poke|p1|Porygon2|
|poke|p1|Ursaluna, M|
|poke|p1|Cresselia, F|
|poke|p1|Torkoal, F|
|poke|p1|Hatterene, F|
|poke|p2|Weezing, M|
|poke|p2|Seviper, M|
|poke|p2|Toxicroak, M|
|poke|p2|Toxtricity, M|
|poke|p2|Gengar, M|
|poke|p2|Pecharunt|
|teampreview
|inactive|Battle timer is ON: inactive players will automatically lose when time's up. (requested by pokentus)
|
|t:|1758971085
|teamsize|p1|6
|teamsize|p2|6
|start
|switch|p1a: Malamar|Malamar, M|100/100
|switch|p2a: Pecharunt|Pecharunt|100/100
|turn|1
|
|t:|1758971097
|move|p1a: Malamar|Skill Swap||[still]
|-fail|p1a: Malamar
|move|p2a: Pecharunt|Malignant Chain|p1a: Malamar
|-damage|p1a: Malamar|59/100
|
|upkeep
|turn|2
|
|t:|1758971103
|move|p1a: Malamar|Skill Swap||[still]
|-fail|p1a: Malamar
|move|p2a: Pecharunt|Malignant Chain|p1a: Malamar
|-damage|p1a: Malamar|13/100
|
|upkeep
|turn|3
|
|t:|1758971111
|move|p1a: Malamar|Psycho Cut|p2a: Pecharunt
|-supereffective|p2a: Pecharunt
|-crit|p2a: Pecharunt
|-damage|p2a: Pecharunt|59/100
|move|p2a: Pecharunt|Malignant Chain|p1a: Malamar
|-damage|p1a: Malamar|0 fnt
|faint|p1a: Malamar
|
|-heal|p2a: Pecharunt|65/100|[from] item: Leftovers
|upkeep
|
|t:|1758971121
|switch|p1a: Torkoal|Torkoal, F|100/100
|-weather|SunnyDay|[from] ability: Drought|[of] p1a: Torkoal
|turn|4
|
|t:|1758971129
|-terastallize|p1a: Torkoal|Fire
|move|p2a: Pecharunt|Malignant Chain|p1a: Torkoal
|-damage|p1a: Torkoal|56/100
|-status|p1a: Torkoal|tox
|-start|p1a: Torkoal|confusion|[from] ability: Poison Puppeteer|[of] p2a: Pecharunt
|-activate|p1a: Torkoal|confusion
|-damage|p1a: Torkoal|51/100 tox|[from] confusion
|
|-weather|SunnyDay|[upkeep]
|-heal|p2a: Pecharunt|72/100|[from] item: Leftovers
|-damage|p1a: Torkoal|45/100 tox|[from] psn
|upkeep
|turn|5
|
|t:|1758971140
|move|p2a: Pecharunt|Malignant Chain|p1a: Torkoal
|-damage|p1a: Torkoal|1/100 tox
|-activate|p1a: Torkoal|confusion
|-damage|p1a: Torkoal|0 fnt|[from] confusion
|faint|p1a: Torkoal
|
|-weather|SunnyDay|[upkeep]
|-heal|p2a: Pecharunt|78/100|[from] item: Leftovers
|upkeep
|
|t:|1758971152
|switch|p1a: Ursaluna|Ursaluna, M|100/100
|turn|6
|
|t:|1758971164
|move|p2a: Pecharunt|Parting Shot|p1a: Ursaluna
|-unboost|p1a: Ursaluna|atk|1
|-unboost|p1a: Ursaluna|spa|1
|
|t:|1758971168
|switch|p2a: Weezing|Weezing, M|100/100|[from] Parting Shot
|move|p1a: Ursaluna|Swords Dance|p1a: Ursaluna
|-boost|p1a: Ursaluna|atk|2
|
|-weather|SunnyDay|[upkeep]
|-status|p1a: Ursaluna|brn|[from] item: Flame Orb
|upkeep
|turn|7
|
|t:|1758971177
|move|p2a: Weezing|Pain Split|p1a: Ursaluna
|-sethp|p1a: Ursaluna|86/100 brn|[from] move: Pain Split|[silent]
|-sethp|p2a: Weezing|100/100|[from] move: Pain Split
|move|p1a: Ursaluna|Facade|p2a: Weezing
|-damage|p2a: Weezing|0 fnt
|-damage|p1a: Ursaluna|70/100 brn|[from] item: Rocky Helmet|[of] p2a: Weezing
|faint|p2a: Weezing
|
|-weather|SunnyDay|[upkeep]
|-damage|p1a: Ursaluna|64/100 brn|[from] brn
|upkeep
|
|t:|1758971195
|switch|p2a: Toxtricity|Toxtricity, M|100/100
|turn|8
|
|t:|1758971201
|switch|p1a: Cresselia|Cresselia, F|100/100
|move|p2a: Toxtricity|Boomburst|p1a: Cresselia
|-crit|p1a: Cresselia
|-damage|p1a: Cresselia|17/100
|
|-weather|none
|upkeep
|turn|9
|
|t:|1758971210
|move|p2a: Toxtricity|Boomburst|p1a: Cresselia
|-damage|p1a: Cresselia|0 fnt
|faint|p1a: Cresselia
|
|upkeep
|
|t:|1758971220
|switch|p1a: Hatterene|Hatterene, F|100/100
|turn|10
|
|t:|1758971223
|move|p2a: Toxtricity|Boomburst|p1a: Hatterene
|-damage|p1a: Hatterene|0 fnt
|faint|p1a: Hatterene
|
|upkeep
|
|t:|1758971231
|switch|p1a: Porygon2|Porygon2|100/100
|-ability|p1a: Porygon2|Download|boost
|-boost|p1a: Porygon2|spa|1
|turn|11
|
|t:|1758971237
|switch|p2a: Pecharunt|Pecharunt|78/100
|move|p1a: Porygon2|Trick Room|p1a: Porygon2
|-fieldstart|move: Trick Room|[of] p1a: Porygon2
|
|-heal|p2a: Pecharunt|84/100|[from] item: Leftovers
|upkeep
|turn|12
|
|t:|1758971247
|move|p1a: Porygon2|Shadow Ball|p2a: Pecharunt
|-supereffective|p2a: Pecharunt
|-damage|p2a: Pecharunt|9/100
|move|p2a: Pecharunt|Malignant Chain|p1a: Porygon2
|-damage|p1a: Porygon2|82/100
|-status|p1a: Porygon2|tox
|-start|p1a: Porygon2|confusion|[from] ability: Poison Puppeteer|[of] p2a: Pecharunt
|
|-heal|p2a: Pecharunt|15/100|[from] item: Leftovers
|-damage|p1a: Porygon2|76/100 tox|[from] psn
|upkeep
|turn|13
|
|t:|1758971261
|switch|p1a: Ursaluna|Ursaluna, M|64/100 brn
|move|p2a: Pecharunt|Parting Shot|p1a: Ursaluna
|-unboost|p1a: Ursaluna|atk|1
|-unboost|p1a: Ursaluna|spa|1
|
|t:|1758971273
|switch|p2a: Toxicroak|Toxicroak, M|100/100|[from] Parting Shot
|
|-damage|p1a: Ursaluna|58/100 brn|[from] brn
|upkeep
|turn|14
|
|t:|1758971278
|move|p1a: Ursaluna|Headlong Rush|p2a: Toxicroak
|-supereffective|p2a: Toxicroak
|-enditem|p2a: Toxicroak|Focus Sash
|-damage|p2a: Toxicroak|1/100
|-unboost|p1a: Ursaluna|def|1
|-unboost|p1a: Ursaluna|spd|1
|move|p2a: Toxicroak|Counter|p1a: Ursaluna
|-damage|p1a: Ursaluna|0 fnt
|faint|p1a: Ursaluna
|
|upkeep
|
|t:|1758971287
|switch|p1a: Porygon2|Porygon2|76/100 tox
|-ability|p1a: Porygon2|Download|boost
|-boost|p1a: Porygon2|spa|1
|turn|15
|
|t:|1758971293
|move|p2a: Toxicroak|Sucker Punch|p1a: Porygon2
|-damage|p1a: Porygon2|61/100 tox
|move|p1a: Porygon2|Tera Blast|p2a: Toxicroak
|-damage|p2a: Toxicroak|0 fnt
|faint|p2a: Toxicroak
|
|-damage|p1a: Porygon2|55/100 tox|[from] psn
|-fieldend|move: Trick Room
|upkeep
|
|t:|1758971300
|switch|p2a: Seviper|Seviper, M|100/100
|turn|16
|
|t:|1758971305
|move|p2a: Seviper|Switcheroo|p1a: Porygon2
|-activate|p2a: Seviper|move: Trick|[of] p1a: Porygon2
|-item|p1a: Porygon2|Choice Band|[from] move: Switcheroo
|-item|p2a: Seviper|Eviolite|[from] move: Switcheroo
|move|p1a: Porygon2|Trick Room|p1a: Porygon2
|-fieldstart|move: Trick Room|[of] p1a: Porygon2
|
|-damage|p1a: Porygon2|43/100 tox|[from] psn
|upkeep
|turn|17
|-message|nfs51 forfeited.
|
|win|pokentus
|raw|nfs51's rating: 1099 &rarr; <strong>1072</strong><br />(-27 for losing)
|raw|pokentus's rating: 1074 &rarr; <strong>1105</strong><br />(+31 for winning)
|l|☆nfs51
|player|p1|
|c|☆pokentus|gg
|l|☆pokentus
|player|p2|
