|badge|p2|bronze|gen9ou|100-6
|html|<div class="broadcast-red"><strong>This battle is required to be public due to one or more player having a season medal.</strong><br />During the public phase, you can discuss the state of the ladder <a href="/seasondiscussion">in a special chatroom.</a></div>
|uhtml|medal-msg|<div class="broadcast-blue">Curious what those medals under the avatar are? PS now has Ladder Seasons! For more information, check out the <a href="https://www.smogon.com/forums/threads/3740067/">thread on Smogon.</a></div>
|raw|<div class="broadcast-blue"><strong>This battle is required to be public due to a player having a name starting with 'medal'.</div>
|j|☆lerendezvous
|j|☆MunchlaxTheGodKing
|t:|1758997090
|gametype|singles
|player|p1|lerendezvous|101|1811
|player|p2|MunchlaxTheGodKing|furisodegirl-black|1852
|gen|9
|tier|[Gen 9] OU
|rated|
|rule|HP Percentage Mod: HP is shown in percentages
|rule|Endless Battle Clause: Forcing endless battles is banned
|rule|Species Clause: Limit one of each Pokémon
|rule|OHKO Clause: OHKO moves are banned
|rule|Evasion Items Clause: Evasion items are banned
|rule|Evasion Moves Clause: Evasion moves are banned
|rule|Evasion Abilities Clause: Evasion abilities are banned
|rule|Sleep Moves Clause: Sleep-inducing moves are banned
|clearpoke
|poke|p1|Ogerpon-Wellspring, F|
|poke|p1|Slowking-Galar, M|
|poke|p1|Great Tusk|
|poke|p1|Moltres|
|poke|p1|Dragapult, F|
|poke|p1|Kingambit, M|
|poke|p2|Zamazenta-*|
|poke|p2|Dragapult, F|
|poke|p2|Raging Bolt|
|poke|p2|Moltres|
|poke|p2|Iron Treads|
|poke|p2|Samurott-Hisui, F|
|teampreview
|inactive|Battle timer is ON: inactive players will automatically lose when time's up. (requested by MunchlaxTheGodKing)
|inactive|lerendezvous also wants the timer to be on.
|
|t:|1758997104
|teamsize|p1|6
|teamsize|p2|6
|start
|switch|p1a: Slowking|Slowking-Galar, M|100/100
|switch|p2a: 24岁 喜欢发射孩子|Dragapult, F|100/100
|turn|1
|
|t:|1758997108
|move|p2a: 24岁 喜欢发射孩子|U-turn|p1a: Slowking
|-crit|p1a: Slowking
|-damage|p1a: Slowking|75/100
|
|t:|1758997110
|switch|p2a: 90%≠don't blunder|Samurott-Hisui, F|100/100|[from] U-turn
|move|p1a: Slowking|Ice Beam|p2a: 90%≠don't blunder
|-resisted|p2a: 90%≠don't blunder
|-damage|p2a: 90%≠don't blunder|81/100
|
|upkeep
|turn|2
|
|t:|1758997117
|switch|p1a: Great Tusk|Great Tusk|100/100
|move|p2a: 90%≠don't blunder|Ceaseless Edge|p1a: Great Tusk
|-resisted|p1a: Great Tusk
|-damage|p1a: Great Tusk|73/100
|-damage|p2a: 90%≠don't blunder|65/100|[from] item: Rocky Helmet|[of] p1a: Great Tusk
|-sidestart|p1: lerendezvous|Spikes
|
|upkeep
|turn|3
|
|t:|1758997124
|switch|p2a: Moltres|Moltres|100/100
|move|p1a: Great Tusk|Headlong Rush|p2a: Moltres
|-immune|p2a: Moltres
|
|upkeep
|turn|4
|
|t:|1758997128
|switch|p2a: 24岁 喜欢发射孩子|Dragapult, F|100/100
|move|p1a: Great Tusk|Stealth Rock|p2a: 24岁 喜欢发射孩子
|-sidestart|p2: MunchlaxTheGodKing|move: Stealth Rock
|
|upkeep
|turn|5
|
|t:|1758997136
|-end|p1a: Great Tusk|Protosynthesis|[silent]
|switch|p1a: Kingambit|Kingambit, M|100/100
|-damage|p1a: Kingambit|88/100|[from] Spikes
|move|p2a: 24岁 喜欢发射孩子|Draco Meteor|p1a: Kingambit
|-resisted|p1a: Kingambit
|-damage|p1a: Kingambit|47/100
|-unboost|p2a: 24岁 喜欢发射孩子|spa|2
|
|-heal|p1a: Kingambit|53/100|[from] item: Leftovers
|upkeep
|turn|6
|
|t:|1758997145
|switch|p2a: Moltres|Moltres|100/100
|-end|p1a: Kingambit|fallenundefined|[silent]
|switch|p1a: Slowking|Slowking-Galar, M|100/100
|-damage|p1a: Slowking|88/100|[from] Spikes
|
|upkeep
|turn|7
|
|t:|1758997149
|move|p2a: Moltres|U-turn|p1a: Slowking
|-damage|p1a: Slowking|75/100
|
|t:|1758997152
|switch|p2a: 90%≠don't blunder|Samurott-Hisui, F|65/100|[from] U-turn
|-damage|p2a: 90%≠don't blunder|52/100|[from] Stealth Rock
|move|p1a: Slowking|Sludge Bomb|p2a: 90%≠don't blunder
|-damage|p2a: 90%≠don't blunder|0 fnt
|faint|p2a: 90%≠don't blunder
|
|upkeep
|
|t:|1758997157
|switch|p2a: 踩踩背|Iron Treads|100/100
|-damage|p2a: 踩踩背|98/100|[from] Stealth Rock
|turn|8
|
|t:|1758997161
|move|p2a: 踩踩背|Rapid Spin|p1a: Slowking
|-damage|p1a: Slowking|62/100
|-boost|p2a: 踩踩背|spe|1
|-sideend|p2: MunchlaxTheGodKing|Stealth Rock|[from] move: Rapid Spin|[of] p2a: 踩踩背
|move|p1a: Slowking|Flamethrower|p2a: 踩踩背
|-supereffective|p2a: 踩踩背
|-damage|p2a: 踩踩背|48/100
|
|-heal|p2a: 踩踩背|54/100|[from] item: Leftovers
|upkeep
|turn|9
|
|t:|1758997169
|move|p2a: 踩踩背|Knock Off|p1a: Slowking
|-supereffective|p1a: Slowking
|-damage|p1a: Slowking|15/100
|-enditem|p1a: Slowking|Assault Vest|[from] move: Knock Off|[of] p2a: 踩踩背
|move|p1a: Slowking|Flamethrower|p2a: 踩踩背
|-supereffective|p2a: 踩踩背
|-damage|p2a: 踩踩背|8/100
|
|-heal|p2a: 踩踩背|14/100|[from] item: Leftovers
|upkeep
|turn|10
|
|t:|1758997174
|switch|p1a: Great Tusk|Great Tusk|73/100
|-damage|p1a: Great Tusk|61/100|[from] Spikes
|move|p2a: 踩踩背|Stealth Rock|p1a: Great Tusk
|-sidestart|p1: lerendezvous|move: Stealth Rock
|
|-heal|p2a: 踩踩背|20/100|[from] item: Leftovers
|upkeep
|turn|11
|
|t:|1758997179
|-end|p2a: 踩踩背|Quark Drive|[silent]
|switch|p2a: 24岁 喜欢发射孩子|Dragapult, F|100/100
|move|p1a: Great Tusk|Headlong Rush|p2a: 24岁 喜欢发射孩子
|-damage|p2a: 24岁 喜欢发射孩子|12/100
|-unboost|p1a: Great Tusk|def|1
|-unboost|p1a: Great Tusk|spd|1
|
|upkeep
|turn|12
|
|t:|1758997184
|-end|p1a: Great Tusk|Protosynthesis|[silent]
|switch|p1a: Slowking|Slowking-Galar, M|48/100
|-damage|p1a: Slowking|36/100|[from] Spikes
|-damage|p1a: Slowking|23/100|[from] Stealth Rock
|move|p2a: 24岁 喜欢发射孩子|Shadow Ball|p1a: Slowking
|-supereffective|p1a: Slowking
|-damage|p1a: Slowking|0 fnt
|faint|p1a: Slowking
|
|upkeep
|
|t:|1758997189
|switch|p1a: Kingambit|Kingambit, M|53/100
|-damage|p1a: Kingambit|41/100|[from] Spikes
|-damage|p1a: Kingambit|34/100|[from] Stealth Rock
|-activate|p1a: Kingambit|ability: Supreme Overlord
|-start|p1a: Kingambit|fallen1|[silent]
|turn|13
|
|t:|1758997194
|switch|p2a: 踩踩背|Iron Treads|20/100
|-end|p1a: Kingambit|fallen1|[silent]
|switch|p1a: Moltres|Moltres|100/100
|
|-heal|p2a: 踩踩背|26/100|[from] item: Leftovers
|upkeep
|turn|14
|
|t:|1758997199
|move|p2a: 踩踩背|Knock Off|p1a: Moltres
|-damage|p1a: Moltres|82/100
|-enditem|p1a: Moltres|Heavy-Duty Boots|[from] move: Knock Off|[of] p2a: 踩踩背
|move|p1a: Moltres|Flamethrower|p2a: 踩踩背
|-supereffective|p2a: 踩踩背
|-damage|p2a: 踩踩背|0 fnt
|faint|p2a: 踩踩背
|-end|p2a: 踩踩背|Quark Drive|[silent]
|
|upkeep
|
|t:|1758997203
|switch|p2a: 长脖奶龙|Raging Bolt|100/100
|turn|15
|
|t:|1758997207
|-terastallize|p1a: Moltres|Fairy
|move|p2a: 长脖奶龙|Draco Meteor|p1a: Moltres
|-immune|p1a: Moltres
|move|p1a: Moltres|Roar|p2a: 长脖奶龙
|-end|p2a: 长脖奶龙|Protosynthesis|[silent]
|drag|p2a: 24岁 喜欢发射孩子|Dragapult, F|12/100
|
|upkeep
|turn|16
|
|t:|1758997214
|switch|p2a: Moltres|Moltres|100/100
|move|p1a: Moltres|Flamethrower|p2a: Moltres
|-resisted|p2a: Moltres
|-damage|p2a: Moltres|81/100
|
|upkeep
|turn|17
|
|t:|1758997221
|move|p2a: Moltres|Flamethrower|p1a: Moltres
|-damage|p1a: Moltres|33/100
|move|p1a: Moltres|Roost|p1a: Moltres
|-heal|p1a: Moltres|83/100
|
|upkeep
|turn|18
|
|t:|1758997227
|move|p2a: Moltres|Hurricane|p1a: Moltres
|-damage|p1a: Moltres|22/100
|move|p1a: Moltres|Roost|p1a: Moltres
|-heal|p1a: Moltres|72/100
|
|upkeep
|turn|19
|j| Rizzofreko
|
|t:|1758997233
|move|p2a: Moltres|Flamethrower|p1a: Moltres
|-damage|p1a: Moltres|25/100
|-status|p1a: Moltres|brn
|move|p1a: Moltres|Roost|p1a: Moltres
|-heal|p1a: Moltres|75/100 brn
|
|-damage|p1a: Moltres|69/100 brn|[from] brn
|upkeep
|turn|20
|
|t:|1758997239
|move|p2a: Moltres|Flamethrower|p1a: Moltres
|-damage|p1a: Moltres|20/100 brn
|move|p1a: Moltres|Roost|p1a: Moltres
|-heal|p1a: Moltres|70/100 brn
|
|-damage|p1a: Moltres|64/100 brn|[from] brn
|upkeep
|turn|21
|j| Youressi
|
|t:|1758997244
|move|p2a: Moltres|Flamethrower|p1a: Moltres
|-damage|p1a: Moltres|9/100 brn
|move|p1a: Moltres|Roost|p1a: Moltres
|-heal|p1a: Moltres|60/100 brn
|
|-damage|p1a: Moltres|54/100 brn|[from] brn
|upkeep
|turn|22
|
|t:|1758997250
|move|p2a: Moltres|Hurricane|p1a: Moltres
|-damage|p1a: Moltres|0 fnt
|faint|p1a: Moltres
|
|upkeep
|
|t:|1758997255
|switch|p1a: Dragapult|Dragapult, F|100/100
|turn|23
|
|t:|1758997260
|move|p1a: Dragapult|Dragon Darts|p2a: Moltres
|-damage|p2a: Moltres|59/100
|-anim|p1a: Dragapult|Dragon Darts|p2a: Moltres
|-damage|p2a: Moltres|37/100
|move|p2a: Moltres|Hurricane|p1a: Dragapult|[miss]
|-miss|p2a: Moltres|p1a: Dragapult
|
|upkeep
|turn|24
|
|t:|1758997266
|switch|p2a: 脑袋尖尖的|Zamazenta|100/100
|-ability|p2a: 脑袋尖尖的|Dauntless Shield|boost
|-boost|p2a: 脑袋尖尖的|def|1
|move|p1a: Dragapult|Dragon Darts|p2a: 脑袋尖尖的
|-damage|p2a: 脑袋尖尖的|88/100
|-anim|p1a: Dragapult|Dragon Darts|p2a: 脑袋尖尖的
|-damage|p2a: 脑袋尖尖的|75/100
|
|upkeep
|turn|25
|
|t:|1758997271
|move|p1a: Dragapult|Will-O-Wisp|p2a: 脑袋尖尖的
|-status|p2a: 脑袋尖尖的|brn
|move|p2a: 脑袋尖尖的|Crunch|p1a: Dragapult
|-supereffective|p1a: Dragapult
|-damage|p1a: Dragapult|50/100
|-damage|p2a: 脑袋尖尖的|65/100 brn|[from] item: Life Orb
|
|-damage|p2a: 脑袋尖尖的|59/100 brn|[from] brn
|upkeep
|turn|26
|
|t:|1758997277
|move|p1a: Dragapult|U-turn|p2a: 脑袋尖尖的
|-resisted|p2a: 脑袋尖尖的
|-damage|p2a: 脑袋尖尖的|54/100 brn
|
|t:|1758997282
|switch|p1a: Great Tusk|Great Tusk|61/100|[from] U-turn
|-damage|p1a: Great Tusk|48/100|[from] Spikes
|-damage|p1a: Great Tusk|45/100|[from] Stealth Rock
|move|p2a: 脑袋尖尖的|Psychic Fangs|p1a: Great Tusk
|-supereffective|p1a: Great Tusk
|-damage|p1a: Great Tusk|16/100
|-damage|p2a: 脑袋尖尖的|37/100 brn|[from] item: Rocky Helmet|[of] p1a: Great Tusk
|-damage|p2a: 脑袋尖尖的|27/100 brn|[from] item: Life Orb
|
|-damage|p2a: 脑袋尖尖的|21/100 brn|[from] brn
|upkeep
|turn|27
|
|t:|1758997287
|-end|p1a: Great Tusk|Protosynthesis|[silent]
|switch|p1a: Dragapult|Dragapult, F|50/100
|move|p2a: 脑袋尖尖的|Psychic Fangs|p1a: Dragapult
|-damage|p1a: Dragapult|23/100
|-damage|p2a: 脑袋尖尖的|11/100 brn|[from] item: Life Orb
|
|-damage|p2a: 脑袋尖尖的|5/100 brn|[from] brn
|upkeep
|turn|28
|
|t:|1758997294
|move|p1a: Dragapult|Dragon Darts|p2a: 脑袋尖尖的
|-damage|p2a: 脑袋尖尖的|0 fnt
|faint|p2a: 脑袋尖尖的
|
|upkeep
|
|t:|1758997296
|switch|p2a: 长脖奶龙|Raging Bolt|100/100
|turn|29
|
|t:|1758997302
|-terastallize|p2a: 长脖奶龙|Fairy
|move|p1a: Dragapult|Dragon Darts|p2a: 长脖奶龙
|-immune|p2a: 长脖奶龙
|move|p2a: 长脖奶龙|Volt Switch|p1a: Dragapult
|-resisted|p1a: Dragapult
|-damage|p1a: Dragapult|0 fnt
|faint|p1a: Dragapult
|l| Rizzofreko
|
|t:|1758997308
|-end|p2a: 长脖奶龙|Protosynthesis|[silent]
|switch|p2a: 24岁 喜欢发射孩子|Dragapult, F|12/100|[from] Volt Switch
|
|upkeep
|
|t:|1758997312
|switch|p1a: Kingambit|Kingambit, M|34/100
|-damage|p1a: Kingambit|22/100|[from] Spikes
|-damage|p1a: Kingambit|16/100|[from] Stealth Rock
|-activate|p1a: Kingambit|ability: Supreme Overlord
|-start|p1a: Kingambit|fallen3|[silent]
|turn|30
|
|t:|1758997317
|switch|p2a: Moltres|Moltres|37/100
|move|p1a: Kingambit|Sucker Punch||[still]
|-fail|p1a: Kingambit
|
|-heal|p1a: Kingambit|22/100|[from] item: Leftovers
|upkeep
|turn|31
|
|t:|1758997322
|move|p1a: Kingambit|Sucker Punch|p2a: Moltres
|-damage|p2a: Moltres|0 fnt
|-status|p1a: Kingambit|brn|[from] ability: Flame Body|[of] p2a: Moltres
|faint|p2a: Moltres
|
|-heal|p1a: Kingambit|28/100 brn|[from] item: Leftovers
|-damage|p1a: Kingambit|22/100 brn|[from] brn
|upkeep
|
|t:|1758997324
|switch|p2a: 长脖奶龙|Raging Bolt, tera:Fairy|100/100
|turn|32
|
|t:|1758997328
|move|p1a: Kingambit|Sucker Punch|p2a: 长脖奶龙
|-resisted|p2a: 长脖奶龙
|-damage|p2a: 长脖奶龙|89/100
|move|p2a: 长脖奶龙|Volt Switch|p1a: Kingambit
|-damage|p1a: Kingambit|0 fnt
|faint|p1a: Kingambit
|-end|p1a: Kingambit|fallen3|[silent]
|
|t:|1758997331
|-end|p2a: 长脖奶龙|Protosynthesis|[silent]
|switch|p2a: 24岁 喜欢发射孩子|Dragapult, F|12/100|[from] Volt Switch
|
|upkeep
|
|t:|1758997335
|switch|p1a: Ogerpon|Ogerpon-Wellspring, F|100/100
|-damage|p1a: Ogerpon|88/100|[from] Spikes
|-damage|p1a: Ogerpon|76/100|[from] Stealth Rock
|turn|33
|
|t:|1758997339
|move|p2a: 24岁 喜欢发射孩子|Draco Meteor|p1a: Ogerpon
|-damage|p1a: Ogerpon|0 fnt
|-unboost|p2a: 24岁 喜欢发射孩子|spa|2
|faint|p1a: Ogerpon
|
|upkeep
|
|t:|1758997344
|switch|p1a: Great Tusk|Great Tusk|16/100
|-damage|p1a: Great Tusk|4/100|[from] Spikes
|-damage|p1a: Great Tusk|1/100|[from] Stealth Rock
|turn|34
|
|t:|1758997347
|move|p2a: 24岁 喜欢发射孩子|Draco Meteor|p1a: Great Tusk|[miss]
|-miss|p2a: 24岁 喜欢发射孩子|p1a: Great Tusk
|move|p1a: Great Tusk|Headlong Rush|p2a: 24岁 喜欢发射孩子
|-damage|p2a: 24岁 喜欢发射孩子|0 fnt
|-unboost|p1a: Great Tusk|def|1
|-unboost|p1a: Great Tusk|spd|1
|faint|p2a: 24岁 喜欢发射孩子
|
|upkeep
|
|t:|1758997349
|switch|p2a: 长脖奶龙|Raging Bolt, tera:Fairy|89/100
|turn|35
|
|t:|1758997354
|move|p1a: Great Tusk|Headlong Rush|p2a: 长脖奶龙
|-damage|p2a: 长脖奶龙|33/100
|-unboost|p1a: Great Tusk|def|1
|-unboost|p1a: Great Tusk|spd|1
|move|p2a: 长脖奶龙|Draco Meteor|p1a: Great Tusk|[miss]
|-miss|p2a: 长脖奶龙|p1a: Great Tusk
|
|upkeep
|turn|36
|
|t:|1758997357
|move|p1a: Great Tusk|Headlong Rush|p2a: 长脖奶龙
|-damage|p2a: 长脖奶龙|0 fnt
|-unboost|p1a: Great Tusk|def|1
|-unboost|p1a: Great Tusk|spd|1
|faint|p2a: 长脖奶龙
|-end|p2a: 长脖奶龙|Protosynthesis|[silent]
|
|win|lerendezvous
|raw|lerendezvous's rating: 1811 &rarr; <strong>1833</strong><br />(+22 for winning)
|raw|MunchlaxTheGodKing's rating: 1852 &rarr; <strong>1830</strong><br />(-22 for losing)
