|badge|p1|bronze|gen9ou|100-6
|html|<div class="broadcast-red"><strong>This battle is required to be public due to one or more player having a season medal.</strong><br />During the public phase, you can discuss the state of the ladder <a href="/seasondiscussion">in a special chatroom.</a></div>
|uhtml|medal-msg|<div class="broadcast-blue">Curious what those medals under the avatar are? PS now has Ladder Seasons! For more information, check out the <a href="https://www.smogon.com/forums/threads/3740067/">thread on Smogon.</a></div>
|badge|p2|bronze|gen9ou|100-6
|uhtml|medal-msg|<div class="broadcast-blue">Curious what those medals under the avatar are? PS now has Ladder Seasons! For more information, check out the <a href="https://www.smogon.com/forums/threads/3740067/">thread on Smogon.</a></div>
|raw|<div class="broadcast-blue"><strong>This battle is required to be public due to a player having a name starting with 'medal'.</div>
|j|☆LT123VB 87
|j|☆IM AT MY LIMIT!
|t:|1759069566
|gametype|singles
|player|p1|LT123VB 87|dawn|1819
|player|p2|IM AT MY LIMIT!|ethan|1838
|gen|9
|tier|[Gen 9] OU
|rated|
|rule|HP Percentage Mod: HP is shown in percentages
|rule|Endless Battle Clause: Forcing endless battles is banned
|rule|Species Clause: Limit one of each Pokémon
|rule|OHKO Clause: OHKO moves are banned
|rule|Evasion Items Clause: Evasion items are banned
|rule|Evasion Moves Clause: Evasion moves are banned
|rule|Evasion Abilities Clause: Evasion abilities are banned
|rule|Sleep Moves Clause: Sleep-inducing moves are banned
|clearpoke
|poke|p1|Rillaboom, M|
|poke|p1|Zapdos|
|poke|p1|Great Tusk|
|poke|p1|Garganacl, M|
|poke|p1|Skarmory, F|
|poke|p1|Slowking-Galar, F|
|poke|p2|Reuniclus, F|
|poke|p2|Dondozo, M|
|poke|p2|Blissey, F|
|poke|p2|Talonflame, M|
|poke|p2|Amoonguss, F|
|poke|p2|Gliscor, M|
|teampreview
|inactive|Battle timer is ON: inactive players will automatically lose when time's up. (requested by LT123VB 87)
|
|t:|1759069586
|teamsize|p1|6
|teamsize|p2|6
|start
|switch|p1a: Skarmory|Skarmory, F|100/100
|switch|p2a: Gliscor|Gliscor, M|100/100
|turn|1
|j| Empire of Sins
|
|t:|1759069590
|move|p2a: Gliscor|Spikes|p1a: Skarmory
|-sidestart|p1: LT123VB 87|Spikes
|move|p1a: Skarmory|Spikes|p2a: Gliscor
|-sidestart|p2: IM AT MY LIMIT!|Spikes
|
|-status|p2a: Gliscor|tox|[from] item: Toxic Orb
|upkeep
|turn|2
|j| lpgm10
|
|t:|1759069594
|move|p2a: Gliscor|Spikes|p1a: Skarmory
|-sidestart|p1: LT123VB 87|Spikes
|move|p1a: Skarmory|Spikes|p2a: Gliscor
|-sidestart|p2: IM AT MY LIMIT!|Spikes
|
|upkeep
|turn|3
|
|t:|1759069596
|move|p2a: Gliscor|Knock Off|p1a: Skarmory
|-damage|p1a: Skarmory|87/100
|-damage|p2a: Gliscor|84/100 tox|[from] item: Rocky Helmet|[of] p1a: Skarmory
|-enditem|p1a: Skarmory|Rocky Helmet|[from] move: Knock Off|[of] p2a: Gliscor
|move|p1a: Skarmory|Spikes|p2a: Gliscor
|-sidestart|p2: IM AT MY LIMIT!|Spikes
|
|-heal|p2a: Gliscor|97/100 tox|[from] ability: Poison Heal
|upkeep
|turn|4
|j| cynasaurus
|j| idk helloge hhhh
|
|t:|1759069605
|move|p2a: Gliscor|Spikes|p1a: Skarmory
|-sidestart|p1: LT123VB 87|Spikes
|move|p1a: Skarmory|Whirlwind|p2a: Gliscor
|drag|p2a: Dondozo|Dondozo, M|100/100
|
|upkeep
|turn|5
|
|t:|1759069609
|switch|p1a: Rillaboom|Rillaboom, M|100/100
|-fieldstart|move: Grassy Terrain|[from] ability: Grassy Surge|[of] p1a: Rillaboom
|switch|p2a: Gliscor|Gliscor, M|97/100 tox
|
|-heal|p2a: Gliscor|100/100 tox|[from] ability: Poison Heal
|upkeep
|turn|6
|
|t:|1759069616
|switch|p1a: Skarmory|Skarmory, F|87/100
|move|p2a: Gliscor|Toxic|p1a: Skarmory
|-immune|p1a: Skarmory
|
|upkeep
|turn|7
|
|t:|1759069619
|move|p2a: Gliscor|Knock Off|p1a: Skarmory
|-damage|p1a: Skarmory|79/100
|move|p1a: Skarmory|Brave Bird|p2a: Gliscor
|-damage|p2a: Gliscor|75/100 tox
|-damage|p1a: Skarmory|70/100|[from] Recoil
|
|-heal|p2a: Gliscor|87/100 tox|[from] ability: Poison Heal
|upkeep
|turn|8
|
|t:|1759069623
|move|p2a: Gliscor|Knock Off|p1a: Skarmory
|-damage|p1a: Skarmory|62/100
|move|p1a: Skarmory|Brave Bird|p2a: Gliscor
|-damage|p2a: Gliscor|63/100 tox
|-damage|p1a: Skarmory|53/100|[from] Recoil
|
|-heal|p2a: Gliscor|76/100 tox|[from] ability: Poison Heal
|upkeep
|turn|9
|
|t:|1759069625
|move|p2a: Gliscor|Protect|p2a: Gliscor
|-singleturn|p2a: Gliscor|Protect
|move|p1a: Skarmory|Whirlwind|p2a: Gliscor
|drag|p2a: Reuniclus|Reuniclus, F|100/100
|
|-fieldend|move: Grassy Terrain
|upkeep
|turn|10
|j| Bobaba
|inactive|LT123VB 87 has 120 seconds left.
|
|t:|1759069655
|switch|p1a: Zapdos|Zapdos|100/100
|move|p2a: Reuniclus|Calm Mind|p2a: Reuniclus
|-boost|p2a: Reuniclus|spa|1
|-boost|p2a: Reuniclus|spd|1
|
|upkeep
|turn|11
|
|t:|1759069661
|move|p1a: Zapdos|Volt Switch|p2a: Reuniclus
|-damage|p2a: Reuniclus|77/100
|
|t:|1759069663
|switch|p1a: Rillaboom|Rillaboom, M|100/100|[from] Volt Switch
|-fieldstart|move: Grassy Terrain|[from] ability: Grassy Surge|[of] p1a: Rillaboom
|move|p2a: Reuniclus|Knock Off|p1a: Rillaboom
|-damage|p1a: Rillaboom|86/100
|-enditem|p1a: Rillaboom|Heavy-Duty Boots|[from] move: Knock Off|[of] p2a: Reuniclus
|
|-heal|p1a: Rillaboom|92/100|[from] Grassy Terrain
|-heal|p2a: Reuniclus|83/100|[from] Grassy Terrain
|upkeep
|turn|12
|
|t:|1759069675
|switch|p2a: Gliscor|Gliscor, M|76/100 tox
|move|p1a: Rillaboom|Knock Off|p2a: Gliscor
|-damage|p2a: Gliscor|50/100 tox
|-enditem|p2a: Gliscor|Toxic Orb|[from] move: Knock Off|[of] p1a: Rillaboom
|
|-heal|p1a: Rillaboom|98/100|[from] Grassy Terrain
|-heal|p2a: Gliscor|62/100 tox|[from] ability: Poison Heal
|upkeep
|turn|13
|l| idk helloge hhhh
|
|t:|1759069679
|move|p2a: Gliscor|Protect|p2a: Gliscor
|-singleturn|p2a: Gliscor|Protect
|move|p1a: Rillaboom|Wood Hammer|p2a: Gliscor
|-activate|p2a: Gliscor|move: Protect
|
|-heal|p1a: Rillaboom|100/100|[from] Grassy Terrain
|-heal|p2a: Gliscor|75/100 tox|[from] ability: Poison Heal
|upkeep
|turn|14
|
|t:|1759069687
|switch|p2a: Amoonguss|Amoonguss, F|100/100
|move|p1a: Rillaboom|Knock Off|p2a: Amoonguss
|-damage|p2a: Amoonguss|74/100
|-enditem|p2a: Amoonguss|Heavy-Duty Boots|[from] move: Knock Off|[of] p1a: Rillaboom
|
|-heal|p2a: Amoonguss|80/100|[from] Grassy Terrain
|upkeep
|turn|15
|
|t:|1759069692
|move|p1a: Rillaboom|U-turn|p2a: Amoonguss
|-damage|p2a: Amoonguss|60/100
|
|t:|1759069694
|switch|p1a: Garganacl|Garganacl, M|100/100|[from] U-turn
|-damage|p1a: Garganacl|75/100|[from] Spikes
|move|p2a: Amoonguss|Toxic|p1a: Garganacl
|-immune|p1a: Garganacl|[from] ability: Purifying Salt
|
|-heal|p1a: Garganacl|82/100|[from] Grassy Terrain
|-heal|p1a: Garganacl|88/100|[from] item: Leftovers
|-heal|p2a: Amoonguss|66/100|[from] Grassy Terrain
|-fieldend|move: Grassy Terrain
|upkeep
|turn|16
|
|t:|1759069697
|switch|p2a: Reuniclus|Reuniclus, F|83/100
|move|p1a: Garganacl|Stealth Rock|p2a: Reuniclus
|-sidestart|p2: IM AT MY LIMIT!|move: Stealth Rock
|
|-heal|p1a: Garganacl|94/100|[from] item: Leftovers
|upkeep
|turn|17
|
|t:|1759069708
|switch|p1a: Rillaboom|Rillaboom, M|100/100
|-damage|p1a: Rillaboom|76/100|[from] Spikes
|-fieldstart|move: Grassy Terrain|[from] ability: Grassy Surge|[of] p1a: Rillaboom
|move|p2a: Reuniclus|Psychic Noise|p1a: Rillaboom
|-damage|p1a: Rillaboom|35/100
|-start|p1a: Rillaboom|move: Heal Block
|
|-heal|p2a: Reuniclus|89/100|[from] Grassy Terrain
|upkeep
|turn|18
|
|t:|1759069717
|switch|p2a: Amoonguss|Amoonguss, F|99/100
|-damage|p2a: Amoonguss|75/100|[from] Spikes
|-damage|p2a: Amoonguss|62/100|[from] Stealth Rock
|move|p1a: Rillaboom|Wood Hammer|p2a: Amoonguss
|-resisted|p2a: Amoonguss
|-crit|p2a: Amoonguss
|-damage|p2a: Amoonguss|39/100
|-damage|p1a: Rillaboom|25/100|[from] Recoil
|
|-heal|p2a: Amoonguss|45/100|[from] Grassy Terrain
|-end|p1a: Rillaboom|move: Heal Block
|upkeep
|turn|19
|
|t:|1759069723
|move|p1a: Rillaboom|U-turn|p2a: Amoonguss
|-damage|p2a: Amoonguss|25/100
|
|t:|1759069725
|switch|p1a: Slowking|Slowking-Galar, F|100/100|[from] U-turn
|move|p2a: Amoonguss|Synthesis|p2a: Amoonguss
|-heal|p2a: Amoonguss|75/100
|
|-heal|p2a: Amoonguss|81/100|[from] Grassy Terrain
|upkeep
|turn|20
|
|t:|1759069735
|move|p2a: Amoonguss|Foul Play|p1a: Slowking
|-supereffective|p1a: Slowking
|-damage|p1a: Slowking|70/100
|move|p1a: Slowking|Thunder Wave|p2a: Amoonguss
|-status|p2a: Amoonguss|par
|
|-heal|p1a: Slowking|76/100|[from] Grassy Terrain
|-heal|p2a: Amoonguss|87/100 par|[from] Grassy Terrain
|upkeep
|turn|21
|
|t:|1759069740
|switch|p2a: Blissey|Blissey, F|100/100
|move|p1a: Slowking|Future Sight|p2a: Blissey
|-start|p1a: Slowking|move: Future Sight
|
|-heal|p1a: Slowking|82/100|[from] Grassy Terrain
|-fieldend|move: Grassy Terrain
|upkeep
|turn|22
|
|t:|1759069743
|switch|p2a: Gliscor|Gliscor, M|75/100 tox
|-damage|p2a: Gliscor|62/100 tox|[from] Stealth Rock
|-prepare|p1a: Slowking|Chilly Reception|[premajor]
|move|p1a: Slowking|Chilly Reception|p1a: Slowking
|-weather|Snowscape
|
|t:|1759069762
|switch|p1a: Skarmory|Skarmory, F|53/100|[from] Chilly Reception
|
|-weather|Snowscape|[upkeep]
|-heal|p2a: Gliscor|75/100 tox|[from] ability: Poison Heal
|upkeep
|turn|23
|
|t:|1759069775
|switch|p2a: Reuniclus|Reuniclus, F|89/100
|move|p1a: Skarmory|Roost|p1a: Skarmory
|-heal|p1a: Skarmory|100/100
|-singleturn|p1a: Skarmory|move: Roost
|
|-weather|Snowscape|[upkeep]
|-end|p2a: Reuniclus|move: Future Sight
|-resisted|p2a: Reuniclus
|-damage|p2a: Reuniclus|69/100
|upkeep
|turn|24
|j| cryyysneasel
|
|t:|1759069782
|move|p1a: Skarmory|Brave Bird|p2a: Reuniclus
|-damage|p2a: Reuniclus|47/100
|-damage|p1a: Skarmory|91/100|[from] Recoil
|move|p2a: Reuniclus|Recover|p2a: Reuniclus
|-heal|p2a: Reuniclus|97/100
|
|-weather|Snowscape|[upkeep]
|upkeep
|turn|25
|
|t:|1759069787
|move|p2a: Reuniclus|Calm Mind|p2a: Reuniclus
|-boost|p2a: Reuniclus|spa|1
|-boost|p2a: Reuniclus|spd|1
|move|p1a: Skarmory|Whirlwind|p2a: Reuniclus
|drag|p2a: Blissey|Blissey, F|100/100
|
|-weather|Snowscape|[upkeep]
|upkeep
|turn|26
|
|t:|1759069794
|move|p1a: Skarmory|Brave Bird|p2a: Blissey
|-damage|p2a: Blissey|69/100
|-damage|p1a: Skarmory|71/100|[from] Recoil
|move|p2a: Blissey|Stealth Rock|p1a: Skarmory
|-sidestart|p1: LT123VB 87|move: Stealth Rock
|
|-weather|none
|upkeep
|turn|27
|j| Nikator98
|
|t:|1759069797
|switch|p2a: Talonflame|Talonflame, M|100/100
|move|p1a: Skarmory|Brave Bird|p2a: Talonflame
|-damage|p2a: Talonflame|75/100
|-damage|p1a: Skarmory|62/100|[from] Recoil
|
|upkeep
|turn|28
|j| amefurikoneko
|
|t:|1759069804
|switch|p1a: Slowking|Slowking-Galar, F|100/100
|move|p2a: Talonflame|Will-O-Wisp|p1a: Slowking
|-status|p1a: Slowking|brn
|
|-damage|p1a: Slowking|94/100 brn|[from] brn
|upkeep
|turn|29
|
|t:|1759069808
|switch|p2a: Gliscor|Gliscor, M|75/100 tox
|-damage|p2a: Gliscor|62/100 tox|[from] Stealth Rock
|-prepare|p1a: Slowking|Chilly Reception|[premajor]
|move|p1a: Slowking|Chilly Reception|p1a: Slowking
|-weather|Snowscape
|
|t:|1759069811
|switch|p1a: Great Tusk|Great Tusk|100/100|[from] Chilly Reception
|-damage|p1a: Great Tusk|76/100|[from] Spikes
|-damage|p1a: Great Tusk|73/100|[from] Stealth Rock
|
|-weather|Snowscape|[upkeep]
|-heal|p1a: Great Tusk|79/100|[from] item: Leftovers
|-heal|p2a: Gliscor|75/100 tox|[from] ability: Poison Heal
|upkeep
|turn|30
|
|t:|1759069822
|switch|p2a: Talonflame|Talonflame, M|75/100
|-terastallize|p1a: Great Tusk|Poison
|move|p1a: Great Tusk|Rapid Spin|p2a: Talonflame
|-damage|p2a: Talonflame|62/100
|-boost|p1a: Great Tusk|spe|1
|-sideend|p1: LT123VB 87|Spikes|[from] move: Rapid Spin|[of] p1a: Great Tusk
|-sideend|p1: LT123VB 87|Stealth Rock|[from] move: Rapid Spin|[of] p1a: Great Tusk
|
|-weather|Snowscape|[upkeep]
|-heal|p1a: Great Tusk|85/100|[from] item: Leftovers
|upkeep
|turn|31
|
|t:|1759069835
|-end|p1a: Great Tusk|Protosynthesis|[silent]
|switch|p1a: Zapdos|Zapdos|100/100
|move|p2a: Talonflame|Defog|p1a: Zapdos
|-unboost|p1a: Zapdos|evasion|1
|-sideend|p2: IM AT MY LIMIT!|Spikes|[from] move: Defog|[of] p2a: Talonflame
|-sideend|p2: IM AT MY LIMIT!|Stealth Rock|[from] move: Defog|[of] p2a: Talonflame
|
|-weather|Snowscape|[upkeep]
|upkeep
|turn|32
|
|t:|1759069838
|switch|p2a: Blissey|Blissey, F|69/100
|move|p1a: Zapdos|Hurricane|p2a: Blissey
|-damage|p2a: Blissey|51/100
|
|-weather|Snowscape|[upkeep]
|upkeep
|turn|33
|
|t:|1759069841
|move|p1a: Zapdos|Volt Switch|p2a: Blissey
|-damage|p2a: Blissey|41/100
|j| poor ce
|
|t:|1759069851
|switch|p1a: Rillaboom|Rillaboom, M|25/100|[from] Volt Switch
|-fieldstart|move: Grassy Terrain|[from] ability: Grassy Surge|[of] p1a: Rillaboom
|move|p2a: Blissey|Soft-Boiled|p2a: Blissey
|-heal|p2a: Blissey|91/100
|
|-weather|none
|-heal|p1a: Rillaboom|31/100|[from] Grassy Terrain
|-heal|p2a: Blissey|97/100|[from] Grassy Terrain
|upkeep
|turn|34
|
|t:|1759069857
|switch|p2a: Amoonguss|Amoonguss, F|100/100 par
|move|p1a: Rillaboom|Knock Off|p2a: Amoonguss
|-damage|p2a: Amoonguss|83/100 par
|
|-heal|p1a: Rillaboom|37/100|[from] Grassy Terrain
|-heal|p2a: Amoonguss|89/100 par|[from] Grassy Terrain
|upkeep
|turn|35
|
|t:|1759069865
|switch|p1a: Garganacl|Garganacl, M|94/100
|switch|p2a: Talonflame|Talonflame, M|62/100
|
|-heal|p1a: Garganacl|99/100|[from] Grassy Terrain
|-heal|p1a: Garganacl|100/100|[from] item: Leftovers
|upkeep
|turn|36
|
|t:|1759069869
|switch|p2a: Reuniclus|Reuniclus, F|97/100
|move|p1a: Garganacl|Stealth Rock|p2a: Reuniclus
|-sidestart|p2: IM AT MY LIMIT!|move: Stealth Rock
|
|-heal|p2a: Reuniclus|100/100|[from] Grassy Terrain
|upkeep
|turn|37
|
|t:|1759069875
|switch|p1a: Skarmory|Skarmory, F|62/100
|move|p2a: Reuniclus|Calm Mind|p2a: Reuniclus
|-boost|p2a: Reuniclus|spa|1
|-boost|p2a: Reuniclus|spd|1
|
|-fieldend|move: Grassy Terrain
|upkeep
|turn|38
|
|t:|1759069879
|move|p2a: Reuniclus|Psychic Noise|p1a: Skarmory
|-resisted|p1a: Skarmory
|-damage|p1a: Skarmory|32/100
|-start|p1a: Skarmory|move: Heal Block
|move|p1a: Skarmory|Whirlwind|p2a: Reuniclus
|drag|p2a: Talonflame|Talonflame, M|62/100
|
|upkeep
|turn|39
|
|t:|1759069887
|switch|p1a: Garganacl|Garganacl, M|100/100
|move|p2a: Talonflame|Defog|p1a: Garganacl
|-unboost|p1a: Garganacl|evasion|1
|-sideend|p2: IM AT MY LIMIT!|Stealth Rock|[from] move: Defog|[of] p2a: Talonflame
|
|upkeep
|turn|40
|
|t:|1759069898
|switch|p2a: Reuniclus|Reuniclus, F|100/100
|switch|p1a: Rillaboom|Rillaboom, M|37/100
|-fieldstart|move: Grassy Terrain|[from] ability: Grassy Surge|[of] p1a: Rillaboom
|
|-heal|p1a: Rillaboom|44/100|[from] Grassy Terrain
|upkeep
|turn|41
|l| cynasaurus
|
|t:|1759069904
|switch|p2a: Amoonguss|Amoonguss, F|100/100 par
|move|p1a: Rillaboom|U-turn|p2a: Amoonguss
|-crit|p2a: Amoonguss
|-damage|p2a: Amoonguss|70/100 par
|
|t:|1759069909
|switch|p1a: Skarmory|Skarmory, F|32/100|[from] U-turn
|
|-heal|p2a: Amoonguss|76/100 par|[from] Grassy Terrain
|upkeep
|turn|42
|
|t:|1759069912
|switch|p2a: Talonflame|Talonflame, M|62/100
|move|p1a: Skarmory|Roost|p1a: Skarmory
|-heal|p1a: Skarmory|82/100
|-singleturn|p1a: Skarmory|move: Roost
|
|-heal|p1a: Skarmory|88/100|[from] Grassy Terrain
|upkeep
|turn|43
|
|t:|1759069922
|switch|p1a: Garganacl|Garganacl, M|100/100
|move|p2a: Talonflame|Roost|p2a: Talonflame
|-heal|p2a: Talonflame|100/100
|-singleturn|p2a: Talonflame|move: Roost
|
|upkeep
|turn|44
|
|t:|1759069930
|switch|p2a: Reuniclus|Reuniclus, F|100/100
|move|p1a: Garganacl|Stealth Rock|p2a: Reuniclus
|-sidestart|p2: IM AT MY LIMIT!|move: Stealth Rock
|
|-fieldend|move: Grassy Terrain
|upkeep
|turn|45
|l| cryyysneasel
|
|t:|1759069949
|switch|p1a: Skarmory|Skarmory, F|88/100
|move|p2a: Reuniclus|Calm Mind|p2a: Reuniclus
|-boost|p2a: Reuniclus|spa|1
|-boost|p2a: Reuniclus|spd|1
|
|upkeep
|turn|46
|
|t:|1759069953
|move|p2a: Reuniclus|Calm Mind|p2a: Reuniclus
|-boost|p2a: Reuniclus|spa|1
|-boost|p2a: Reuniclus|spd|1
|move|p1a: Skarmory|Whirlwind|p2a: Reuniclus
|drag|p2a: Dondozo|Dondozo, M|100/100
|
|upkeep
|turn|47
|
|t:|1759069959
|switch|p1a: Zapdos|Zapdos|100/100
|switch|p2a: Gliscor|Gliscor, M|75/100 tox
|-damage|p2a: Gliscor|62/100 tox|[from] Stealth Rock
|
|-heal|p2a: Gliscor|75/100 tox|[from] ability: Poison Heal
|upkeep
|turn|48
|
|t:|1759069963
|switch|p1a: Skarmory|Skarmory, F|88/100
|move|p2a: Gliscor|Spikes|p1a: Skarmory
|-sidestart|p1: LT123VB 87|Spikes
|
|-heal|p2a: Gliscor|87/100 tox|[from] ability: Poison Heal
|upkeep
|turn|49
|
|t:|1759069965
|move|p2a: Gliscor|Spikes|p1a: Skarmory
|-sidestart|p1: LT123VB 87|Spikes
|move|p1a: Skarmory|Spikes|p2a: Gliscor
|-sidestart|p2: IM AT MY LIMIT!|Spikes
|
|-heal|p2a: Gliscor|99/100 tox|[from] ability: Poison Heal
|upkeep
|turn|50
|
|t:|1759069967
|move|p2a: Gliscor|Spikes|p1a: Skarmory
|-sidestart|p1: LT123VB 87|Spikes
|move|p1a: Skarmory|Spikes|p2a: Gliscor
|-sidestart|p2: IM AT MY LIMIT!|Spikes
|
|-heal|p2a: Gliscor|100/100 tox|[from] ability: Poison Heal
|upkeep
|turn|51
|
|t:|1759069969
|switch|p2a: Talonflame|Talonflame, M|100/100
|move|p1a: Skarmory|Spikes|p2a: Talonflame
|-sidestart|p2: IM AT MY LIMIT!|Spikes
|
|upkeep
|turn|52
|
|t:|1759069974
|switch|p2a: Reuniclus|Reuniclus, F|100/100
|switch|p1a: Garganacl|Garganacl, M|100/100
|-damage|p1a: Garganacl|75/100|[from] Spikes
|
|-heal|p1a: Garganacl|82/100|[from] item: Leftovers
|upkeep
|turn|53
|
|t:|1759069977
|switch|p1a: Skarmory|Skarmory, F|88/100
|switch|p2a: Blissey|Blissey, F|97/100
|
|upkeep
|turn|54
|
|t:|1759069981
|switch|p1a: Great Tusk|Great Tusk, tera:Poison|85/100
|-damage|p1a: Great Tusk|60/100|[from] Spikes
|move|p2a: Blissey|Stealth Rock|p1a: Great Tusk
|-sidestart|p1: LT123VB 87|move: Stealth Rock
|
|-heal|p1a: Great Tusk|66/100|[from] item: Leftovers
|upkeep
|turn|55
|
|t:|1759069983
|switch|p2a: Talonflame|Talonflame, M|100/100
|move|p1a: Great Tusk|Rapid Spin|p2a: Talonflame
|-damage|p2a: Talonflame|86/100
|-boost|p1a: Great Tusk|spe|1
|-sideend|p1: LT123VB 87|Spikes|[from] move: Rapid Spin|[of] p1a: Great Tusk
|-sideend|p1: LT123VB 87|Stealth Rock|[from] move: Rapid Spin|[of] p1a: Great Tusk
|
|-heal|p1a: Great Tusk|73/100|[from] item: Leftovers
|upkeep
|turn|56
|
|t:|1759069990
|-end|p1a: Great Tusk|Protosynthesis|[silent]
|switch|p1a: Garganacl|Garganacl, M|82/100
|move|p2a: Talonflame|Defog|p1a: Garganacl
|-unboost|p1a: Garganacl|evasion|1
|-sideend|p2: IM AT MY LIMIT!|Spikes|[from] move: Defog|[of] p2a: Talonflame
|-sideend|p2: IM AT MY LIMIT!|Stealth Rock|[from] move: Defog|[of] p2a: Talonflame
|
|-heal|p1a: Garganacl|88/100|[from] item: Leftovers
|upkeep
|turn|57
|
|t:|1759070005
|switch|p2a: Gliscor|Gliscor, M|100/100 tox
|move|p1a: Garganacl|Stealth Rock|p2a: Gliscor
|-sidestart|p2: IM AT MY LIMIT!|move: Stealth Rock
|
|-heal|p1a: Garganacl|94/100|[from] item: Leftovers
|upkeep
|turn|58
|
|t:|1759070010
|switch|p1a: Great Tusk|Great Tusk, tera:Poison|73/100
|move|p2a: Gliscor|Spikes|p1a: Great Tusk
|-sidestart|p1: LT123VB 87|Spikes
|
|-heal|p1a: Great Tusk|79/100|[from] item: Leftovers
|upkeep
|turn|59
|
|t:|1759070014
|switch|p2a: Talonflame|Talonflame, M|86/100
|move|p1a: Great Tusk|Ice Spinner|p2a: Talonflame
|-damage|p2a: Talonflame|66/100
|
|-heal|p1a: Great Tusk|85/100|[from] item: Leftovers
|upkeep
|turn|60
|
|t:|1759070020
|-end|p1a: Great Tusk|Protosynthesis|[silent]
|switch|p1a: Zapdos|Zapdos|100/100
|move|p2a: Talonflame|Defog|p1a: Zapdos
|-unboost|p1a: Zapdos|evasion|1
|-sideend|p1: LT123VB 87|Spikes|[from] move: Defog|[of] p2a: Talonflame
|-sideend|p2: IM AT MY LIMIT!|Stealth Rock|[from] move: Defog|[of] p2a: Talonflame
|
|upkeep
|turn|61
|
|t:|1759070024
|switch|p2a: Gliscor|Gliscor, M|100/100 tox
|move|p1a: Zapdos|Volt Switch|p2a: Gliscor
|-immune|p2a: Gliscor
|
|upkeep
|turn|62
|
|t:|1759070029
|switch|p1a: Skarmory|Skarmory, F|88/100
|move|p2a: Gliscor|Spikes|p1a: Skarmory
|-sidestart|p1: LT123VB 87|Spikes
|
|upkeep
|turn|63
|
|t:|1759070032
|move|p2a: Gliscor|Spikes|p1a: Skarmory
|-sidestart|p1: LT123VB 87|Spikes
|move|p1a: Skarmory|Spikes|p2a: Gliscor
|-sidestart|p2: IM AT MY LIMIT!|Spikes
|
|upkeep
|turn|64
|
|t:|1759070034
|move|p2a: Gliscor|Spikes|p1a: Skarmory
|-sidestart|p1: LT123VB 87|Spikes
|move|p1a: Skarmory|Spikes|p2a: Gliscor
|-sidestart|p2: IM AT MY LIMIT!|Spikes
|
|upkeep
|turn|65
|
|t:|1759070036
|switch|p2a: Talonflame|Talonflame, M|66/100
|move|p1a: Skarmory|Spikes|p2a: Talonflame
|-sidestart|p2: IM AT MY LIMIT!|Spikes
|
|upkeep
|turn|66
|
|t:|1759070041
|switch|p1a: Garganacl|Garganacl, M|94/100
|-damage|p1a: Garganacl|69/100|[from] Spikes
|move|p2a: Talonflame|Roost|p2a: Talonflame
|-heal|p2a: Talonflame|100/100
|-singleturn|p2a: Talonflame|move: Roost
|
|-heal|p1a: Garganacl|75/100|[from] item: Leftovers
|upkeep
|turn|67
|
|t:|1759070046
|switch|p2a: Amoonguss|Amoonguss, F|100/100 par
|-damage|p2a: Amoonguss|76/100 par|[from] Spikes
|move|p1a: Garganacl|Stealth Rock|p2a: Amoonguss
|-sidestart|p2: IM AT MY LIMIT!|move: Stealth Rock
|
|-heal|p1a: Garganacl|81/100|[from] item: Leftovers
|upkeep
|turn|68
|
|t:|1759070049
|switch|p2a: Reuniclus|Reuniclus, F|100/100
|move|p1a: Garganacl|Salt Cure|p2a: Reuniclus
|-damage|p2a: Reuniclus|90/100
|-start|p2a: Reuniclus|Salt Cure
|
|-heal|p1a: Garganacl|88/100|[from] item: Leftovers
|upkeep
|turn|69
|
|t:|1759070054
|switch|p1a: Skarmory|Skarmory, F|88/100
|switch|p2a: Blissey|Blissey, F|97/100
|
|upkeep
|turn|70
|
|t:|1759070066
|switch|p1a: Slowking|Slowking-Galar, F|100/100 brn
|move|p2a: Blissey|Seismic Toss|p1a: Slowking
|-damage|p1a: Slowking|75/100 brn
|
|-damage|p1a: Slowking|69/100 brn|[from] brn
|upkeep
|turn|71
|
|t:|1759070069
|move|p2a: Blissey|Stealth Rock|p1a: Slowking
|-sidestart|p1: LT123VB 87|move: Stealth Rock
|move|p1a: Slowking|Future Sight|p2a: Blissey
|-start|p1a: Slowking|move: Future Sight
|
|-damage|p1a: Slowking|63/100 brn|[from] brn
|upkeep
|turn|72
|
|t:|1759070076
|switch|p2a: Gliscor|Gliscor, M|100/100 tox
|-damage|p2a: Gliscor|88/100 tox|[from] Stealth Rock
|-prepare|p1a: Slowking|Chilly Reception|[premajor]
|move|p1a: Slowking|Chilly Reception|p1a: Slowking
|-weather|Snowscape
|
|t:|1759070082
|switch|p1a: Skarmory|Skarmory, F|88/100|[from] Chilly Reception
|-damage|p1a: Skarmory|75/100|[from] Stealth Rock
|
|-weather|Snowscape|[upkeep]
|-heal|p2a: Gliscor|100/100 tox|[from] ability: Poison Heal
|upkeep
|turn|73
|l| Bobaba
|
|t:|1759070090
|switch|p2a: Dondozo|Dondozo, M|100/100
|move|p1a: Skarmory|Whirlwind|p2a: Dondozo
|drag|p2a: Blissey|Blissey, F|97/100
|
|-weather|Snowscape|[upkeep]
|-end|p2a: Blissey|move: Future Sight
|-damage|p2a: Blissey|82/100
|upkeep
|turn|74
|
|t:|1759070098
|switch|p1a: Slowking|Slowking-Galar, F|96/100 brn
|switch|p2a: Gliscor|Gliscor, M|100/100 tox
|-damage|p2a: Gliscor|88/100 tox|[from] Stealth Rock
|
|-weather|Snowscape|[upkeep]
|-heal|p2a: Gliscor|100/100 tox|[from] ability: Poison Heal
|-damage|p1a: Slowking|90/100 brn|[from] brn
|upkeep
|turn|75
|
|t:|1759070103
|switch|p1a: Skarmory|Skarmory, F|75/100
|-damage|p1a: Skarmory|63/100|[from] Stealth Rock
|move|p2a: Gliscor|Knock Off|p1a: Skarmory
|-damage|p1a: Skarmory|55/100
|
|-weather|Snowscape|[upkeep]
|upkeep
|turn|76
|
|t:|1759070105
|move|p2a: Gliscor|Knock Off|p1a: Skarmory
|-damage|p1a: Skarmory|47/100
|move|p1a: Skarmory|Roost|p1a: Skarmory
|-heal|p1a: Skarmory|97/100
|-singleturn|p1a: Skarmory|move: Roost
|
|-weather|none
|upkeep
|turn|77
|
|t:|1759070108
|move|p2a: Gliscor|Knock Off|p1a: Skarmory
|-damage|p1a: Skarmory|89/100
|move|p1a: Skarmory|Whirlwind|p2a: Gliscor
|drag|p2a: Talonflame|Talonflame, M|100/100
|
|upkeep
|turn|78
|
|t:|1759070118
|switch|p2a: Gliscor|Gliscor, M|100/100 tox
|-damage|p2a: Gliscor|88/100 tox|[from] Stealth Rock
|switch|p1a: Slowking|Slowking-Galar, F|100/100 brn
|
|-heal|p2a: Gliscor|100/100 tox|[from] ability: Poison Heal
|-damage|p1a: Slowking|94/100 brn|[from] brn
|upkeep
|turn|79
|
|t:|1759070148
|switch|p1a: Skarmory|Skarmory, F|89/100
|-damage|p1a: Skarmory|77/100|[from] Stealth Rock
|move|p2a: Gliscor|Knock Off|p1a: Skarmory
|-damage|p1a: Skarmory|68/100
|
|upkeep
|turn|80
|
|t:|1759070151
|move|p2a: Gliscor|Knock Off|p1a: Skarmory
|-damage|p1a: Skarmory|59/100
|move|p1a: Skarmory|Roost|p1a: Skarmory
|-heal|p1a: Skarmory|100/100
|-singleturn|p1a: Skarmory|move: Roost
|
|upkeep
|turn|81
|l| Empire of Sins
|
|t:|1759070159
|move|p2a: Gliscor|Knock Off|p1a: Skarmory
|-damage|p1a: Skarmory|92/100
|move|p1a: Skarmory|Whirlwind|p2a: Gliscor
|drag|p2a: Dondozo|Dondozo, M|100/100
|
|upkeep
|turn|82
|
|t:|1759070163
|switch|p1a: Great Tusk|Great Tusk, tera:Poison|85/100
|-damage|p1a: Great Tusk|60/100|[from] Spikes
|-damage|p1a: Great Tusk|48/100|[from] Stealth Rock
|switch|p2a: Gliscor|Gliscor, M|100/100 tox
|-damage|p2a: Gliscor|88/100 tox|[from] Stealth Rock
|
|-heal|p1a: Great Tusk|54/100|[from] item: Leftovers
|-heal|p2a: Gliscor|100/100 tox|[from] ability: Poison Heal
|upkeep
|turn|83
|
|t:|1759070169
|switch|p2a: Talonflame|Talonflame, M|100/100
|move|p1a: Great Tusk|Rapid Spin|p2a: Talonflame
|-damage|p2a: Talonflame|87/100
|-boost|p1a: Great Tusk|spe|1
|-sideend|p1: LT123VB 87|Spikes|[from] move: Rapid Spin|[of] p1a: Great Tusk
|-sideend|p1: LT123VB 87|Stealth Rock|[from] move: Rapid Spin|[of] p1a: Great Tusk
|
|-heal|p1a: Great Tusk|60/100|[from] item: Leftovers
|upkeep
|turn|84
|
|t:|1759070183
|-end|p1a: Great Tusk|Protosynthesis|[silent]
|switch|p1a: Zapdos|Zapdos|100/100
|move|p2a: Talonflame|Defog|p1a: Zapdos
|-unboost|p1a: Zapdos|evasion|1
|-sideend|p2: IM AT MY LIMIT!|Spikes|[from] move: Defog|[of] p2a: Talonflame
|-sideend|p2: IM AT MY LIMIT!|Stealth Rock|[from] move: Defog|[of] p2a: Talonflame
|
|upkeep
|turn|85
|
|t:|1759070186
|switch|p2a: Blissey|Blissey, F|82/100
|move|p1a: Zapdos|Hurricane|p2a: Blissey
|-damage|p2a: Blissey|66/100
|-start|p2a: Blissey|confusion
|
|upkeep
|turn|86
|
|t:|1759070189
|switch|p2a: Gliscor|Gliscor, M|100/100 tox
|move|p1a: Zapdos|Volt Switch|p2a: Gliscor
|-immune|p2a: Gliscor
|
|upkeep
|turn|87
|
|t:|1759070193
|move|p1a: Zapdos|Hurricane|p2a: Gliscor
|-damage|p2a: Gliscor|44/100 tox
|move|p2a: Gliscor|Spikes|p1a: Zapdos
|-sidestart|p1: LT123VB 87|Spikes
|
|-heal|p2a: Gliscor|56/100 tox|[from] ability: Poison Heal
|upkeep
|turn|88
|
|t:|1759070199
|move|p2a: Gliscor|Protect|p2a: Gliscor
|-singleturn|p2a: Gliscor|Protect
|move|p1a: Zapdos|Hurricane|p2a: Gliscor
|-activate|p2a: Gliscor|move: Protect
|
|-heal|p2a: Gliscor|69/100 tox|[from] ability: Poison Heal
|upkeep
|turn|89
|
|t:|1759070202
|move|p1a: Zapdos|Hurricane|p2a: Gliscor
|-damage|p2a: Gliscor|20/100 tox
|move|p2a: Gliscor|Toxic|p1a: Zapdos
|-status|p1a: Zapdos|tox
|
|-damage|p1a: Zapdos|94/100 tox|[from] psn
|-heal|p2a: Gliscor|32/100 tox|[from] ability: Poison Heal
|upkeep
|turn|90
|
|t:|1759070211
|switch|p1a: Great Tusk|Great Tusk, tera:Poison|60/100
|-damage|p1a: Great Tusk|48/100|[from] Spikes
|move|p2a: Gliscor|Protect||[still]
|-fail|p2a: Gliscor
|
|-heal|p1a: Great Tusk|54/100|[from] item: Leftovers
|-heal|p2a: Gliscor|45/100 tox|[from] ability: Poison Heal
|upkeep
|turn|91
|
|t:|1759070214
|switch|p2a: Talonflame|Talonflame, M|87/100
|move|p1a: Great Tusk|Bulk Up|p1a: Great Tusk
|-boost|p1a: Great Tusk|atk|1
|-boost|p1a: Great Tusk|def|1
|
|-heal|p1a: Great Tusk|60/100|[from] item: Leftovers
|upkeep
|turn|92
|
|t:|1759070218
|-end|p1a: Great Tusk|Protosynthesis|[silent]
|switch|p1a: Garganacl|Garganacl, M|88/100
|-damage|p1a: Garganacl|75/100|[from] Spikes
|move|p2a: Talonflame|Will-O-Wisp|p1a: Garganacl
|-immune|p1a: Garganacl|[from] ability: Purifying Salt
|
|-heal|p1a: Garganacl|81/100|[from] item: Leftovers
|upkeep
|turn|93
|
|t:|1759070221
|switch|p2a: Gliscor|Gliscor, M|45/100 tox
|move|p1a: Garganacl|Stealth Rock|p2a: Gliscor
|-sidestart|p2: IM AT MY LIMIT!|move: Stealth Rock
|
|-heal|p1a: Garganacl|88/100|[from] item: Leftovers
|-heal|p2a: Gliscor|57/100 tox|[from] ability: Poison Heal
|upkeep
|turn|94
|
|t:|1759070224
|move|p1a: Garganacl|Protect|p1a: Garganacl
|-singleturn|p1a: Garganacl|Protect
|move|p2a: Gliscor|Knock Off|p1a: Garganacl
|-activate|p1a: Garganacl|move: Protect
|
|-heal|p1a: Garganacl|94/100|[from] item: Leftovers
|-heal|p2a: Gliscor|70/100 tox|[from] ability: Poison Heal
|upkeep
|turn|95
|
|t:|1759070228
|switch|p1a: Skarmory|Skarmory, F|92/100
|move|p2a: Gliscor|Spikes|p1a: Skarmory
|-sidestart|p1: LT123VB 87|Spikes
|
|-heal|p2a: Gliscor|82/100 tox|[from] ability: Poison Heal
|upkeep
|turn|96
|l| Nikator98
|
|t:|1759070232
|move|p2a: Gliscor|Spikes|p1a: Skarmory
|-sidestart|p1: LT123VB 87|Spikes
|move|p1a: Skarmory|Spikes|p2a: Gliscor
|-sidestart|p2: IM AT MY LIMIT!|Spikes
|
|-heal|p2a: Gliscor|95/100 tox|[from] ability: Poison Heal
|upkeep
|turn|97
|
|t:|1759070236
|move|p2a: Gliscor|Knock Off|p1a: Skarmory
|-damage|p1a: Skarmory|84/100
|move|p1a: Skarmory|Spikes|p2a: Gliscor
|-sidestart|p2: IM AT MY LIMIT!|Spikes
|
|-heal|p2a: Gliscor|100/100 tox|[from] ability: Poison Heal
|upkeep
|turn|98
|
|t:|1759070237
|move|p2a: Gliscor|Knock Off|p1a: Skarmory
|-damage|p1a: Skarmory|76/100
|move|p1a: Skarmory|Spikes|p2a: Gliscor
|-sidestart|p2: IM AT MY LIMIT!|Spikes
|
|upkeep
|turn|99
|
|t:|1759070241
|move|p2a: Gliscor|Knock Off|p1a: Skarmory
|-damage|p1a: Skarmory|68/100
|move|p1a: Skarmory|Brave Bird|p2a: Gliscor
|-damage|p2a: Gliscor|77/100 tox
|-damage|p1a: Skarmory|60/100|[from] Recoil
|
|-heal|p2a: Gliscor|90/100 tox|[from] ability: Poison Heal
|upkeep
|turn|100
|
|t:|1759070242
|move|p2a: Gliscor|Knock Off|p1a: Skarmory
|-damage|p1a: Skarmory|51/100
|move|p1a: Skarmory|Brave Bird|p2a: Gliscor
|-damage|p2a: Gliscor|65/100 tox
|-damage|p1a: Skarmory|42/100|[from] Recoil
|
|-heal|p2a: Gliscor|78/100 tox|[from] ability: Poison Heal
|upkeep
|turn|101
|
|t:|1759070245
|move|p2a: Gliscor|Knock Off|p1a: Skarmory
|-damage|p1a: Skarmory|33/100
|move|p1a: Skarmory|Roost|p1a: Skarmory
|-heal|p1a: Skarmory|83/100
|-singleturn|p1a: Skarmory|move: Roost
|
|-heal|p2a: Gliscor|90/100 tox|[from] ability: Poison Heal
|upkeep
|turn|102
|
|t:|1759070250
|switch|p2a: Talonflame|Talonflame, M|87/100
|move|p1a: Skarmory|Whirlwind|p2a: Talonflame
|drag|p2a: Reuniclus|Reuniclus, F|90/100
|
|upkeep
|turn|103
|
|t:|1759070256
|move|p1a: Skarmory|Brave Bird|p2a: Reuniclus
|-damage|p2a: Reuniclus|68/100
|-damage|p1a: Skarmory|74/100|[from] Recoil
|move|p2a: Reuniclus|Knock Off|p1a: Skarmory
|-damage|p1a: Skarmory|68/100
|
|upkeep
|turn|104
|j| Nikator98
|
|t:|1759070261
|move|p1a: Skarmory|Brave Bird|p2a: Reuniclus
|-damage|p2a: Reuniclus|47/100
|-damage|p1a: Skarmory|59/100|[from] Recoil
|move|p2a: Reuniclus|Recover|p2a: Reuniclus
|-heal|p2a: Reuniclus|97/100
|
|upkeep
|turn|105
|
|t:|1759070264
|move|p1a: Skarmory|Roost|p1a: Skarmory
|-heal|p1a: Skarmory|100/100
|-singleturn|p1a: Skarmory|move: Roost
|move|p2a: Reuniclus|Calm Mind|p2a: Reuniclus
|-boost|p2a: Reuniclus|spa|1
|-boost|p2a: Reuniclus|spd|1
|
|upkeep
|turn|106
|
|t:|1759070270
|switch|p2a: Talonflame|Talonflame, M|87/100
|move|p1a: Skarmory|Whirlwind|p2a: Talonflame
|drag|p2a: Reuniclus|Reuniclus, F|97/100
|
|upkeep
|turn|107
|l| Nikator98
|
|t:|1759070274
|move|p2a: Reuniclus|Knock Off|p1a: Skarmory
|-damage|p1a: Skarmory|95/100
|move|p1a: Skarmory|Whirlwind|p2a: Reuniclus
|drag|p2a: Gliscor|Gliscor, M|90/100 tox
|-damage|p2a: Gliscor|78/100 tox|[from] Stealth Rock
|
|-heal|p2a: Gliscor|90/100 tox|[from] ability: Poison Heal
|upkeep
|turn|108
|j| Nikator98
|l| Nikator98
|
|t:|1759070280
|move|p2a: Gliscor|Knock Off|p1a: Skarmory
|-damage|p1a: Skarmory|87/100
|move|p1a: Skarmory|Whirlwind|p2a: Gliscor
|drag|p2a: Dondozo|Dondozo, M|100/100
|
|upkeep
|turn|109
|
|t:|1759070289
|switch|p1a: Rillaboom|Rillaboom, M|44/100
|-damage|p1a: Rillaboom|19/100|[from] Spikes
|-fieldstart|move: Grassy Terrain|[from] ability: Grassy Surge|[of] p1a: Rillaboom
|switch|p2a: Gliscor|Gliscor, M|90/100 tox
|-damage|p2a: Gliscor|78/100 tox|[from] Stealth Rock
|
|-heal|p1a: Rillaboom|25/100|[from] Grassy Terrain
|-heal|p2a: Gliscor|90/100 tox|[from] ability: Poison Heal
|upkeep
|turn|110
|
|t:|1759070297
|move|p1a: Rillaboom|Grassy Glide|p2a: Gliscor
|-damage|p2a: Gliscor|58/100 tox
|move|p2a: Gliscor|Toxic|p1a: Rillaboom
|-status|p1a: Rillaboom|tox
|
|-heal|p1a: Rillaboom|31/100 tox|[from] Grassy Terrain
|-damage|p1a: Rillaboom|25/100 tox|[from] psn
|-heal|p2a: Gliscor|70/100 tox|[from] ability: Poison Heal
|upkeep
|turn|111
|
|t:|1759070300
|move|p2a: Gliscor|Protect|p2a: Gliscor
|-singleturn|p2a: Gliscor|Protect
|move|p1a: Rillaboom|Wood Hammer|p2a: Gliscor
|-activate|p2a: Gliscor|move: Protect
|
|-heal|p1a: Rillaboom|31/100 tox|[from] Grassy Terrain
|-damage|p1a: Rillaboom|19/100 tox|[from] psn
|-heal|p2a: Gliscor|83/100 tox|[from] ability: Poison Heal
|upkeep
|turn|112
|
|t:|1759070303
|switch|p2a: Amoonguss|Amoonguss, F|100/100 par
|-damage|p2a: Amoonguss|88/100 par|[from] Stealth Rock
|-damage|p2a: Amoonguss|63/100 par|[from] Spikes
|move|p1a: Rillaboom|U-turn|p2a: Amoonguss
|-damage|p2a: Amoonguss|43/100 par
|-message|LT123VB 87 forfeited.
|
|win|IM AT MY LIMIT!
|raw|LT123VB 87's rating: 1819 &rarr; <strong>1800</strong><br />(-19 for losing)
|raw|IM AT MY LIMIT!'s rating: 1838 &rarr; <strong>1857</strong><br />(+19 for winning)
|l|☆LT123VB 87
|player|p1|
|c|☆IM AT MY LIMIT!|Lol
|l|☆IM AT MY LIMIT!
|player|p2|
|j|☆IM AT MY LIMIT!
|player|p2|IM AT MY LIMIT!|ethan|
|l|☆IM AT MY LIMIT!
|player|p2|
|l| lpgm10
|l| poor ce
