|j|☆maxbiatch
|j|☆nmm6
|t:|1759034125
|gametype|singles
|player|p1|maxbiatch|101|1255
|player|p2|nmm6|170|1284
|gen|9
|tier|[Gen 9] OU
|rated|
|rule|HP Percentage Mod: HP is shown in percentages
|rule|Endless Battle Clause: Forcing endless battles is banned
|rule|Species Clause: Limit one of each Pokémon
|rule|OHKO Clause: OHKO moves are banned
|rule|Evasion Items Clause: Evasion items are banned
|rule|Evasion Moves Clause: Evasion moves are banned
|rule|Evasion Abilities Clause: Evasion abilities are banned
|rule|Sleep Moves Clause: Sleep-inducing moves are banned
|clearpoke
|poke|p1|Heatran, F|
|poke|p1|Ogerpon-Wellspring, F|
|poke|p1|Rillaboom, M|
|poke|p1|Dragapult, F|
|poke|p1|Clefable, F|
|poke|p1|Great Tusk|
|poke|p2|Garchomp, M|
|poke|p2|Toedscruel, F|
|poke|p2|Pelipper, F|
|poke|p2|Barraskewda, M|
|poke|p2|Raging Bolt|
|poke|p2|Beartic, F|
|teampreview
|
|t:|1759034135
|teamsize|p1|6
|teamsize|p2|6
|start
|switch|p1a: Rillaboom|Rillaboom, M, shiny|100/100
|switch|p2a: Toedscruel|Toedscruel, F, shiny|100/100
|-fieldstart|move: Grassy Terrain|[from] ability: Grassy Surge|[of] p1a: Rillaboom
|turn|1
|
|t:|1759034146
|switch|p2a: Garchomp|Garchomp, M, shiny|100/100
|move|p1a: Rillaboom|Wood Hammer|p2a: Garchomp
|-damage|p2a: Garchomp|37/100
|-damage|p1a: Rillaboom|88/100|[from] ability: Rough Skin|[of] p2a: Garchomp
|-damage|p1a: Rillaboom|71/100|[from] item: Rocky Helmet|[of] p2a: Garchomp
|-damage|p1a: Rillaboom|52/100|[from] Recoil
|
|-heal|p2a: Garchomp|44/100|[from] Grassy Terrain
|-heal|p1a: Rillaboom|58/100|[from] Grassy Terrain
|upkeep
|turn|2
|
|t:|1759034161
|move|p2a: Garchomp|Stealth Rock|p1a: Rillaboom
|-sidestart|p1: maxbiatch|move: Stealth Rock
|move|p1a: Rillaboom|Wood Hammer|p2a: Garchomp
|-damage|p2a: Garchomp|0 fnt
|-damage|p1a: Rillaboom|45/100|[from] ability: Rough Skin|[of] p2a: Garchomp
|-damage|p1a: Rillaboom|29/100|[from] item: Rocky Helmet|[of] p2a: Garchomp
|faint|p2a: Garchomp
|-damage|p1a: Rillaboom|16/100|[from] Recoil
|
|-heal|p1a: Rillaboom|22/100|[from] Grassy Terrain
|upkeep
|
|t:|1759034194
|switch|p2a: Pelipper|Pelipper, F, shiny|100/100
|-weather|RainDance|[from] ability: Drizzle|[of] p2a: Pelipper
|turn|3
|
|t:|1759034203
|move|p1a: Rillaboom|Wood Hammer|p2a: Pelipper
|-damage|p2a: Pelipper|12/100
|-damage|p1a: Rillaboom|0 fnt|[from] Recoil
|faint|p1a: Rillaboom
|move|p2a: Pelipper|Hurricane|p1: Rillaboom|[notarget]
|-fail|p2a: Pelipper
|
|-weather|RainDance|[upkeep]
|upkeep
|
|t:|1759034208
|switch|p1a: Great Tusk|Great Tusk, shiny|100/100
|-damage|p1a: Great Tusk|98/100|[from] Stealth Rock
|turn|4
|
|t:|1759034220
|switch|p2a: Barraskewda|Barraskewda, M, shiny|100/100
|move|p1a: Great Tusk|Rapid Spin|p2a: Barraskewda
|-damage|p2a: Barraskewda|69/100
|-boost|p1a: Great Tusk|spe|1
|-sideend|p1: maxbiatch|Stealth Rock|[from] move: Rapid Spin|[of] p1a: Great Tusk
|
|-weather|RainDance|[upkeep]
|-heal|p2a: Barraskewda|75/100|[from] Grassy Terrain
|-heal|p1a: Great Tusk|100/100|[from] Grassy Terrain
|upkeep
|turn|5
|
|t:|1759034233
|-end|p1a: Great Tusk|Protosynthesis|[silent]
|switch|p1a: Clefable|Clefable, F, shiny|100/100
|move|p2a: Barraskewda|Drill Run|p1a: Clefable
|-crit|p1a: Clefable
|-damage|p1a: Clefable|55/100
|-damage|p2a: Barraskewda|66/100|[from] item: Life Orb
|
|-weather|RainDance|[upkeep]
|-heal|p2a: Barraskewda|72/100|[from] Grassy Terrain
|-heal|p1a: Clefable|61/100|[from] Grassy Terrain
|-fieldend|move: Grassy Terrain
|upkeep
|turn|6
|
|t:|1759034245
|switch|p1a: Ogerpon|Ogerpon-Wellspring, F|100/100
|move|p2a: Barraskewda|Liquidation|p1a: Ogerpon
|-immune|p1a: Ogerpon|[from] ability: Water Absorb
|
|-weather|RainDance|[upkeep]
|upkeep
|turn|7
|
|t:|1759034256
|switch|p2a: Raging Bolt|Raging Bolt|100/100
|-enditem|p2a: Raging Bolt|Booster Energy
|-activate|p2a: Raging Bolt|ability: Protosynthesis|[fromitem]
|-start|p2a: Raging Bolt|protosynthesisspa
|move|p1a: Ogerpon|Power Whip|p2a: Raging Bolt
|-resisted|p2a: Raging Bolt
|-crit|p2a: Raging Bolt
|-damage|p2a: Raging Bolt|57/100
|
|-weather|RainDance|[upkeep]
|upkeep
|turn|8
|
|t:|1759034270
|switch|p1a: Heatran|Heatran, F, shiny|100/100
|-item|p1a: Heatran|Air Balloon
|move|p2a: Raging Bolt|Weather Ball|p1a: Heatran
|-supereffective|p1a: Heatran
|-damage|p1a: Heatran|0 fnt
|-enditem|p1a: Heatran|Air Balloon
|faint|p1a: Heatran
|
|-weather|RainDance|[upkeep]
|upkeep
|
|t:|1759034277
|switch|p1a: Great Tusk|Great Tusk, shiny|100/100
|turn|9
|
|t:|1759034283
|move|p1a: Great Tusk|Headlong Rush|p2a: Raging Bolt
|-supereffective|p2a: Raging Bolt
|-damage|p2a: Raging Bolt|0 fnt
|-unboost|p1a: Great Tusk|def|1
|-unboost|p1a: Great Tusk|spd|1
|faint|p2a: Raging Bolt
|-end|p2a: Raging Bolt|Protosynthesis|[silent]
|
|-weather|RainDance|[upkeep]
|upkeep
|
|t:|1759034294
|switch|p2a: Barraskewda|Barraskewda, M, shiny|72/100
|turn|10
|
|t:|1759034301
|-end|p1a: Great Tusk|Protosynthesis|[silent]
|switch|p1a: Clefable|Clefable, F, shiny|61/100
|move|p2a: Barraskewda|Close Combat|p1a: Clefable
|-resisted|p1a: Clefable
|-damage|p1a: Clefable|39/100
|-unboost|p2a: Barraskewda|def|1
|-unboost|p2a: Barraskewda|spd|1
|-damage|p2a: Barraskewda|62/100|[from] item: Life Orb
|
|-weather|none
|upkeep
|turn|11
|
|t:|1759034313
|move|p2a: Barraskewda|Flip Turn|p1a: Clefable
|-damage|p1a: Clefable|8/100
|-damage|p2a: Barraskewda|52/100|[from] item: Life Orb
|
|t:|1759034318
|switch|p2a: Pelipper|Pelipper, F, shiny|12/100|[from] Flip Turn
|-weather|RainDance|[from] ability: Drizzle|[of] p2a: Pelipper
|move|p1a: Clefable|Thunder Wave|p2a: Pelipper
|-status|p2a: Pelipper|par
|
|-weather|RainDance|[upkeep]
|upkeep
|turn|12
|
|t:|1759034330
|move|p1a: Clefable|Moonlight|p1a: Clefable
|-heal|p1a: Clefable|33/100
|cant|p2a: Pelipper|par
|
|-weather|RainDance|[upkeep]
|upkeep
|turn|13
|
|t:|1759034339
|move|p1a: Clefable|Moonblast|p2a: Pelipper
|-damage|p2a: Pelipper|0 fnt
|faint|p2a: Pelipper
|
|-weather|RainDance|[upkeep]
|upkeep
|
|t:|1759034347
|switch|p2a: Barraskewda|Barraskewda, M, shiny|52/100
|turn|14
|
|t:|1759034350
|switch|p1a: Ogerpon|Ogerpon-Wellspring, F|100/100
|move|p2a: Barraskewda|Close Combat|p1a: Ogerpon
|-damage|p1a: Ogerpon|27/100
|-unboost|p2a: Barraskewda|def|1
|-unboost|p2a: Barraskewda|spd|1
|-damage|p2a: Barraskewda|43/100|[from] item: Life Orb
|
|-weather|RainDance|[upkeep]
|upkeep
|turn|15
|
|t:|1759034359
|switch|p1a: Dragapult|Dragapult, F, shiny|100/100
|move|p2a: Barraskewda|Drill Run|p1a: Dragapult
|-crit|p1a: Dragapult
|-damage|p1a: Dragapult|21/100
|-damage|p2a: Barraskewda|33/100|[from] item: Life Orb
|
|-weather|RainDance|[upkeep]
|upkeep
|turn|16
|
|t:|1759034370
|switch|p1a: Clefable|Clefable, F, shiny|33/100
|move|p2a: Barraskewda|Drill Run|p1a: Clefable
|-damage|p1a: Clefable|5/100
|-damage|p2a: Barraskewda|23/100|[from] item: Life Orb
|
|-weather|RainDance|[upkeep]
|upkeep
|turn|17
|
|t:|1759034382
|move|p2a: Barraskewda|Drill Run|p1a: Clefable
|-damage|p1a: Clefable|0 fnt
|faint|p1a: Clefable
|-damage|p2a: Barraskewda|13/100|[from] item: Life Orb
|
|-weather|RainDance|[upkeep]
|upkeep
|
|t:|1759034393
|switch|p1a: Great Tusk|Great Tusk, shiny|100/100
|turn|18
|
|t:|1759034407
|switch|p2a: Toedscruel|Toedscruel, F, shiny|100/100
|-terastallize|p1a: Great Tusk|Steel
|move|p1a: Great Tusk|Rapid Spin|p2a: Toedscruel
|-damage|p2a: Toedscruel|73/100
|-boost|p1a: Great Tusk|spe|1
|
|-weather|none
|-heal|p2a: Toedscruel|79/100|[from] item: Leftovers
|upkeep
|turn|19
|
|t:|1759034420
|move|p1a: Great Tusk|Ice Spinner|p2a: Toedscruel
|-supereffective|p2a: Toedscruel
|-damage|p2a: Toedscruel|0 fnt
|faint|p2a: Toedscruel
|
|upkeep
|
|t:|1759034435
|switch|p2a: Beartic|Beartic, F|100/100
|turn|20
|
|t:|1759034441
|-terastallize|p2a: Beartic|Flying
|move|p1a: Great Tusk|Close Combat|p2a: Beartic
|-resisted|p2a: Beartic
|-damage|p2a: Beartic|62/100
|-unboost|p1a: Great Tusk|def|1
|-unboost|p1a: Great Tusk|spd|1
|move|p2a: Beartic|Earthquake|p1a: Great Tusk
|-supereffective|p1a: Great Tusk
|-damage|p1a: Great Tusk|0 fnt
|faint|p1a: Great Tusk
|-end|p1a: Great Tusk|Protosynthesis|[silent]
|
|upkeep
|
|t:|1759034458
|switch|p1a: Dragapult|Dragapult, F, shiny|21/100
|turn|21
|
|t:|1759034464
|move|p1a: Dragapult|Dragon Darts|p2a: Beartic
|-damage|p2a: Beartic|35/100
|-anim|p1a: Dragapult|Dragon Darts|p2a: Beartic
|-damage|p2a: Beartic|9/100
|move|p2a: Beartic|Earthquake|p1a: Dragapult
|-damage|p1a: Dragapult|0 fnt
|faint|p1a: Dragapult
|
|upkeep
|
|t:|1759034470
|switch|p1a: Ogerpon|Ogerpon-Wellspring, F|27/100
|turn|22
|
|t:|1759034475
|move|p1a: Ogerpon|Ivy Cudgel|p2a: Beartic|[anim] Ivy Cudgel Water
|-damage|p2a: Beartic|0 fnt
|faint|p2a: Beartic
|
|upkeep
|
|t:|1759034480
|switch|p2a: Barraskewda|Barraskewda, M, shiny|13/100
|turn|23
|
|t:|1759034483
|move|p1a: Ogerpon|Ivy Cudgel|p2a: Barraskewda|[anim] Ivy Cudgel Water
|-resisted|p2a: Barraskewda
|-damage|p2a: Barraskewda|0 fnt
|faint|p2a: Barraskewda
|
|win|maxbiatch
|raw|maxbiatch's rating: 1255 &rarr; <strong>1282</strong><br />(+27 for winning)
|raw|nmm6's rating: 1284 &rarr; <strong>1257</strong><br />(-27 for losing)
|l|☆maxbiatch
|player|p1|
|l|☆nmm6
|player|p2|
