|badge|p2|bronze|gen9ou|100-6
|html|<div class="broadcast-red"><strong>This battle is required to be public due to one or more player having a season medal.</strong><br />During the public phase, you can discuss the state of the ladder <a href="/seasondiscussion">in a special chatroom.</a></div>
|uhtml|medal-msg|<div class="broadcast-blue">Curious what those medals under the avatar are? PS now has Ladder Seasons! For more information, check out the <a href="https://www.smogon.com/forums/threads/3740067/">thread on Smogon.</a></div>
|raw|<div class="broadcast-blue"><strong>This battle is required to be public due to a player having a name starting with 'medal'.</div>
|j|☆ADM02
|j|☆LT124YH Ghoul
|t:|1759068931
|gametype|singles
|player|p1|ADM02|1|1787
|player|p2|LT124YH Ghoul|#wcop2024asia|1938
|gen|9
|tier|[Gen 9] OU
|rated|
|rule|HP Percentage Mod: HP is shown in percentages
|rule|Endless Battle Clause: Forcing endless battles is banned
|rule|Species Clause: Limit one of each Pokémon
|rule|OHKO Clause: OHKO moves are banned
|rule|Evasion Items Clause: Evasion items are banned
|rule|Evasion Moves Clause: Evasion moves are banned
|rule|Evasion Abilities Clause: Evasion abilities are banned
|rule|Sleep Moves Clause: Sleep-inducing moves are banned
|clearpoke
|poke|p1|Cinderace, F|
|poke|p1|Clefable, F|
|poke|p1|Salamence, F|
|poke|p1|Dragonite, F|
|poke|p1|Hoopa-Unbound|
|poke|p1|Clodsire, F|
|poke|p2|Enamorus, F|
|poke|p2|Araquanid, F|
|poke|p2|Gholdengo|
|poke|p2|Iron Valiant|
|poke|p2|Kingambit, F|
|poke|p2|Great Tusk|
|teampreview
|inactive|Battle timer is ON: inactive players will automatically lose when time's up. (requested by LT124YH Ghoul)
|
|t:|1759068945
|teamsize|p1|6
|teamsize|p2|6
|start
|switch|p1a: Salamence|Salamence, F|100/100
|switch|p2a: Doc Seismic|Araquanid, F, shiny|100/100
|-ability|p1a: Salamence|Intimidate|boost
|-unboost|p2a: Doc Seismic|atk|1
|turn|1
|
|t:|1759068953
|move|p1a: Salamence|Air Slash|p2a: Doc Seismic
|-supereffective|p2a: Doc Seismic
|-damage|p2a: Doc Seismic|46/100
|cant|p2a: Doc Seismic|flinch
|
|upkeep
|turn|2
|
|t:|1759068958
|switch|p2a: Robot|Gholdengo|100/100
|move|p1a: Salamence|Air Slash|p2a: Robot
|-resisted|p2a: Robot
|-damage|p2a: Robot|86/100
|
|upkeep
|turn|3
|
|t:|1759068982
|switch|p1a: Hoopa|Hoopa-Unbound|100/100
|move|p2a: Robot|Shadow Ball|p1a: Hoopa
|-damage|p1a: Hoopa|83/100
|-unboost|p1a: Hoopa|spd|1
|
|upkeep
|turn|4
|
|t:|1759068992
|switch|p2a: Invincible|Great Tusk|100/100
|-enditem|p2a: Invincible|Booster Energy
|-activate|p2a: Invincible|ability: Protosynthesis|[fromitem]
|-start|p2a: Invincible|protosynthesisspe
|move|p1a: Hoopa|Knock Off|p2a: Invincible
|-resisted|p2a: Invincible
|-damage|p2a: Invincible|91/100
|
|upkeep
|turn|5
|
|t:|1759068996
|switch|p1a: Salamence|Salamence, F|100/100
|-ability|p1a: Salamence|Intimidate|boost
|-unboost|p2a: Invincible|atk|1
|move|p2a: Invincible|Knock Off|p1a: Salamence
|-damage|p1a: Salamence|86/100
|-enditem|p1a: Salamence|Heavy-Duty Boots|[from] move: Knock Off|[of] p2a: Invincible
|
|upkeep
|turn|6
|
|t:|1759069001
|-end|p2a: Invincible|Protosynthesis|[silent]
|switch|p2a: Robot|Gholdengo|86/100
|move|p1a: Salamence|Air Slash|p2a: Robot
|-resisted|p2a: Robot
|-damage|p2a: Robot|73/100
|
|upkeep
|turn|7
|
|t:|1759069005
|switch|p1a: Hoopa|Hoopa-Unbound|83/100
|move|p2a: Robot|Make It Rain|p1a: Hoopa
|-damage|p1a: Hoopa|60/100
|-unboost|p2a: Robot|spa|1
|
|upkeep
|turn|8
|
|t:|1759069008
|switch|p2a: Invincible|Great Tusk|91/100
|move|p1a: Hoopa|Psychic Noise|p2a: Invincible
|-supereffective|p2a: Invincible
|-damage|p2a: Invincible|0 fnt
|faint|p2a: Invincible
|-end|p2a: Invincible|Protosynthesis|[silent]
|
|upkeep
|
|t:|1759069032
|switch|p2a: Atom Eve|Iron Valiant|100/100
|-enditem|p2a: Atom Eve|Booster Energy
|-activate|p2a: Atom Eve|ability: Quark Drive|[fromitem]
|-start|p2a: Atom Eve|quarkdrivespa
|turn|9
|
|t:|1759069036
|switch|p1a: Clodsire|Clodsire, F|100/100
|move|p2a: Atom Eve|Moonblast|p1a: Clodsire
|-resisted|p1a: Clodsire
|-damage|p1a: Clodsire|78/100
|
|upkeep
|turn|10
|j| nonchalantbufalant
|
|t:|1759069042
|-end|p2a: Atom Eve|Quark Drive|[silent]
|switch|p2a: Doc Seismic|Araquanid, F, shiny|46/100
|move|p1a: Clodsire|Toxic|p2a: Doc Seismic
|-status|p2a: Doc Seismic|tox
|
|-damage|p2a: Doc Seismic|40/100 tox|[from] psn
|upkeep
|turn|11
|j| ouww miguel o hara
|
|t:|1759069061
|switch|p1a: Clefable|Clefable, F|100/100
|move|p2a: Doc Seismic|Sticky Web|p1a: Clefable
|-sidestart|p1: ADM02|move: Sticky Web
|
|-damage|p2a: Doc Seismic|29/100 tox|[from] psn
|upkeep
|turn|12
|j| cynasaurus
|j| amimec
|
|t:|1759069067
|move|p1a: Clefable|Protect|p1a: Clefable
|-singleturn|p1a: Clefable|Protect
|move|p2a: Doc Seismic|Liquidation|p1a: Clefable
|-activate|p1a: Clefable|move: Protect
|
|-damage|p2a: Doc Seismic|11/100 tox|[from] psn
|upkeep
|turn|13
|-enditem|p2a: Doc Seismic|Custap Berry|[eat]
|-activate|p2a: Doc Seismic|item: Custap Berry|[consumed]
|
|t:|1759069088
|move|p2a: Doc Seismic|Liquidation|p1a: Clefable
|-damage|p1a: Clefable|50/100
|move|p1a: Clefable|Wish|p1a: Clefable
|
|-heal|p1a: Clefable|56/100|[from] item: Leftovers
|-damage|p2a: Doc Seismic|0 fnt|[from] psn
|faint|p2a: Doc Seismic
|upkeep
|inactive|LT124YH Ghoul has 120 seconds left.
|l| nonchalantbufalant
|inactive|LT124YH Ghoul has 90 seconds left.
|inactive|LT124YH Ghoul has 60 seconds left.
|j| l53re
|inactive|LT124YH Ghoul has 30 seconds left.
|
|t:|1759069210
|switch|p2a: Robot|Gholdengo|73/100
|turn|14
|
|t:|1759069219
|switch|p1a: Hoopa|Hoopa-Unbound|60/100
|-activate|p1a: Hoopa|move: Sticky Web
|-unboost|p1a: Hoopa|spe|1
|move|p2a: Robot|Nasty Plot|p2a: Robot
|-boost|p2a: Robot|spa|2
|
|-heal|p1a: Hoopa|100/100|[from] move: Wish|[wisher] Clefable
|upkeep
|turn|15
|j| IM AT MY LIMIT!
|inactive|LT124YH Ghoul has 30 seconds left.
|
|t:|1759069248
|move|p2a: Robot|Make It Rain|p1a: Hoopa
|-crit|p1a: Hoopa
|-damage|p1a: Hoopa|32/100
|-unboost|p2a: Robot|spa|1
|move|p1a: Hoopa|Knock Off|p2a: Robot
|-supereffective|p2a: Robot
|-damage|p2a: Robot|0 fnt
|-enditem|p2a: Robot|Covert Cloak|[from] move: Knock Off|[of] p1a: Hoopa
|faint|p2a: Robot
|
|upkeep
|
|t:|1759069250
|switch|p2a: Conquest|Enamorus, F|100/100
|turn|16
|
|t:|1759069262
|move|p2a: Conquest|Superpower|p1a: Hoopa
|-damage|p1a: Hoopa|0 fnt
|-boost|p2a: Conquest|atk|1
|-boost|p2a: Conquest|def|1
|faint|p1a: Hoopa
|
|upkeep
|
|t:|1759069268
|switch|p1a: Clodsire|Clodsire, F|78/100
|-activate|p1a: Clodsire|move: Sticky Web
|-unboost|p1a: Clodsire|spe|1
|turn|17
|
|t:|1759069271
|move|p2a: Conquest|Substitute|p2a: Conquest
|-start|p2a: Conquest|Substitute
|-damage|p2a: Conquest|76/100
|move|p1a: Clodsire|Toxic||[still]
|-fail|p1a: Clodsire
|
|-heal|p2a: Conquest|82/100|[from] item: Leftovers
|upkeep
|turn|18
|inactive|ADM02 has 120 seconds left.
|
|t:|1759069305
|switch|p1a: Dragonite|Dragonite, F|100/100
|move|p2a: Conquest|Superpower|p1a: Dragonite
|-resisted|p1a: Dragonite
|-damage|p1a: Dragonite|84/100
|-boost|p2a: Conquest|atk|1
|-boost|p2a: Conquest|def|1
|
|-heal|p2a: Conquest|88/100|[from] item: Leftovers
|upkeep
|turn|19
|inactive|ADM02 has 120 seconds left.
|
|t:|1759069317
|move|p1a: Dragonite|Extreme Speed|p2a: Conquest
|-end|p2a: Conquest|Substitute
|move|p2a: Conquest|Moonblast|p1a: Dragonite
|-supereffective|p1a: Dragonite
|-damage|p1a: Dragonite|0 fnt
|faint|p1a: Dragonite
|
|-heal|p2a: Conquest|94/100|[from] item: Leftovers
|upkeep
|inactive|ADM02 has 120 seconds left.
|
|t:|1759069330
|switch|p1a: Clefable|Clefable, F|56/100
|-activate|p1a: Clefable|move: Sticky Web
|-unboost|p1a: Clefable|spe|1
|turn|20
|
|t:|1759069338
|-terastallize|p2a: Conquest|Ghost
|move|p2a: Conquest|Tera Blast|p1a: Clefable|[anim] Tera Blast Ghost
|-damage|p1a: Clefable|0 fnt
|faint|p1a: Clefable
|
|-heal|p2a: Conquest|100/100|[from] item: Leftovers
|upkeep
|inactive|ADM02 has 120 seconds left.
|c|☆LT124YH Ghoul|t
|inactive|ADM02 has 90 seconds left.
|j| tiochicodobos
|inactive|ADM02 has 60 seconds left.
|
|t:|1759069419
|switch|p1a: Cinderace|Cinderace, F|100/100
|turn|21
|
|t:|1759069423
|-terastallize|p1a: Cinderace|Fire
|move|p1a: Cinderace|Pyro Ball|p2a: Conquest
|-damage|p2a: Conquest|38/100
|move|p2a: Conquest|Superpower|p1a: Cinderace
|-damage|p1a: Cinderace|0 fnt
|-boost|p2a: Conquest|atk|1
|-boost|p2a: Conquest|def|1
|faint|p1a: Cinderace
|
|-heal|p2a: Conquest|44/100|[from] item: Leftovers
|upkeep
|inactive|ADM02 has 60 seconds left.
|l| IM AT MY LIMIT!
|
|t:|1759069442
|switch|p1a: Clodsire|Clodsire, F|78/100
|-activate|p1a: Clodsire|move: Sticky Web
|-unboost|p1a: Clodsire|spe|1
|turn|22
|
|t:|1759069455
|move|p2a: Conquest|Tera Blast|p1a: Clodsire|[anim] Tera Blast Ghost
|-damage|p1a: Clodsire|0 fnt
|faint|p1a: Clodsire
|
|-heal|p2a: Conquest|51/100|[from] item: Leftovers
|upkeep
|-message|ADM02 forfeited.
|
|win|LT124YH Ghoul
|raw|ADM02's rating: 1787 &rarr; <strong>1775</strong><br />(-12 for losing)
|raw|LT124YH Ghoul's rating: 1938 &rarr; <strong>1950</strong><br />(+12 for winning)
|l|☆LT124YH Ghoul
|player|p2|
|l| l53re
|l| cynasaurus
|j| ShinyLucarioXD
|l| ShinyLucarioXD
|l| ouww miguel o hara
|j| l53re
