|j|☆Choopingas
|j|☆roberto7878
|t:|1758947322
|gametype|singles
|player|p1|Choopingas|pokemonrangerf|1368
|player|p2|roberto7878|101|1340
|gen|9
|tier|[Gen 9] OU
|rated|
|rule|HP Percentage Mod: HP is shown in percentages
|rule|Endless Battle Clause: Forcing endless battles is banned
|rule|Species Clause: Limit one of each Pokémon
|rule|OHKO Clause: OHKO moves are banned
|rule|Evasion Items Clause: Evasion items are banned
|rule|Evasion Moves Clause: Evasion moves are banned
|rule|Evasion Abilities Clause: Evasion abilities are banned
|rule|Sleep Moves Clause: Sleep-inducing moves are banned
|clearpoke
|poke|p1|Meowscarada, F|
|poke|p1|Slowking-Galar, M|
|poke|p1|Garganacl, M|
|poke|p1|Zamazenta-*|
|poke|p1|Kyurem|
|poke|p1|Great Tusk|
|poke|p2|Dragonite, F|
|poke|p2|Great Tusk|
|poke|p2|Kyurem|
|poke|p2|Gyarados, M|
|poke|p2|Enamorus, F|
|poke|p2|Garganacl, M|
|teampreview
|l|☆roberto7878
|player|p2|
|inactive|Battle timer is ON: inactive players will automatically lose when time's up. (requested by Choopingas)
|j|☆roberto7878
|inactive|roberto7878 reconnected and has 145 seconds left.
|player|p2|roberto7878|101|
|
|t:|1758947358
|teamsize|p1|6
|teamsize|p2|6
|start
|switch|p1a: Bork|Meowscarada, F, shiny|100/100
|switch|p2a: Kyurem|Kyurem|100/100
|-ability|p2a: Kyurem|Pressure
|turn|1
|
|t:|1758947376
|switch|p1a: Tony|Slowking-Galar, M|100/100
|move|p2a: Kyurem|Freeze-Dry|p1a: Tony
|-damage|p1a: Tony|78/100
|
|upkeep
|turn|2
|
|t:|1758947387
|switch|p2a: Garganacl|Garganacl, M|100/100
|move|p1a: Tony|Psychic Noise|p2a: Garganacl
|-damage|p2a: Garganacl|84/100
|-start|p2a: Garganacl|move: Heal Block
|
|upkeep
|turn|3
|
|t:|1758947399
|move|p2a: Garganacl|Salt Cure|p1a: Tony
|-damage|p1a: Tony|62/100
|-start|p1a: Tony|Salt Cure
|move|p1a: Tony|Sludge Bomb|p2a: Garganacl
|-resisted|p2a: Garganacl
|-damage|p2a: Garganacl|73/100
|
|-damage|p1a: Tony|50/100|[from] Salt Cure
|-end|p2a: Garganacl|move: Heal Block
|upkeep
|turn|4
|
|t:|1758947410
|switch|p2a: Enamorus|Enamorus, F|100/100
|move|p1a: Tony|Psychic Noise|p2a: Enamorus
|-damage|p2a: Enamorus|60/100
|-start|p2a: Enamorus|move: Heal Block
|
|-damage|p1a: Tony|38/100|[from] Salt Cure
|upkeep
|turn|5
|
|t:|1758947423
|switch|p1a: Tahiti|Garganacl, M, shiny|100/100
|move|p2a: Enamorus|Earth Power|p1a: Tahiti
|-supereffective|p1a: Tahiti
|-damage|p1a: Tahiti|54/100
|
|-heal|p1a: Tahiti|61/100|[from] item: Leftovers
|-end|p2a: Enamorus|move: Heal Block
|upkeep
|turn|6
|
|t:|1758947445
|switch|p2a: Garganacl|Garganacl, M|73/100
|move|p1a: Tahiti|Salt Cure|p2a: Garganacl
|-damage|p2a: Garganacl|64/100
|-start|p2a: Garganacl|Salt Cure
|
|-heal|p1a: Tahiti|67/100|[from] item: Leftovers
|-heal|p2a: Garganacl|70/100|[from] item: Leftovers
|-damage|p2a: Garganacl|58/100|[from] Salt Cure
|upkeep
|turn|7
|
|t:|1758947456
|move|p1a: Tahiti|Earthquake|p2a: Garganacl
|-supereffective|p2a: Garganacl
|-damage|p2a: Garganacl|26/100
|move|p2a: Garganacl|Recover|p2a: Garganacl
|-heal|p2a: Garganacl|76/100
|
|-heal|p2a: Garganacl|82/100|[from] item: Leftovers
|-heal|p1a: Tahiti|73/100|[from] item: Leftovers
|-damage|p2a: Garganacl|70/100|[from] Salt Cure
|upkeep
|turn|8
|
|t:|1758947467
|move|p1a: Tahiti|Curse|p1a: Tahiti
|-unboost|p1a: Tahiti|spe|1
|-boost|p1a: Tahiti|atk|1
|-boost|p1a: Tahiti|def|1
|move|p2a: Garganacl|Iron Defense|p2a: Garganacl
|-boost|p2a: Garganacl|def|2
|
|-heal|p2a: Garganacl|76/100|[from] item: Leftovers
|-heal|p1a: Tahiti|79/100|[from] item: Leftovers
|-damage|p2a: Garganacl|63/100|[from] Salt Cure
|upkeep
|turn|9
|
|t:|1758947479
|move|p2a: Garganacl|Body Press|p1a: Tahiti
|-supereffective|p1a: Tahiti
|-damage|p1a: Tahiti|43/100
|move|p1a: Tahiti|Earthquake|p2a: Garganacl
|-supereffective|p2a: Garganacl
|-damage|p2a: Garganacl|40/100
|
|-heal|p2a: Garganacl|46/100|[from] item: Leftovers
|-heal|p1a: Tahiti|49/100|[from] item: Leftovers
|-damage|p2a: Garganacl|34/100|[from] Salt Cure
|upkeep
|turn|10
|
|t:|1758947490
|move|p2a: Garganacl|Recover|p2a: Garganacl
|-heal|p2a: Garganacl|84/100
|move|p1a: Tahiti|Recover|p1a: Tahiti
|-heal|p1a: Tahiti|99/100
|
|-heal|p2a: Garganacl|90/100|[from] item: Leftovers
|-heal|p1a: Tahiti|100/100|[from] item: Leftovers
|-damage|p2a: Garganacl|78/100|[from] Salt Cure
|upkeep
|turn|11
|
|t:|1758947501
|move|p2a: Garganacl|Iron Defense|p2a: Garganacl
|-boost|p2a: Garganacl|def|2
|move|p1a: Tahiti|Curse|p1a: Tahiti
|-unboost|p1a: Tahiti|spe|1
|-boost|p1a: Tahiti|atk|1
|-boost|p1a: Tahiti|def|1
|
|-heal|p2a: Garganacl|84/100|[from] item: Leftovers
|-damage|p2a: Garganacl|72/100|[from] Salt Cure
|upkeep
|turn|12
|
|t:|1758947511
|move|p2a: Garganacl|Iron Defense|p2a: Garganacl
|-boost|p2a: Garganacl|def|2
|move|p1a: Tahiti|Curse|p1a: Tahiti
|-unboost|p1a: Tahiti|spe|1
|-boost|p1a: Tahiti|atk|1
|-boost|p1a: Tahiti|def|1
|
|-heal|p2a: Garganacl|78/100|[from] item: Leftovers
|-damage|p2a: Garganacl|65/100|[from] Salt Cure
|upkeep
|turn|13
|
|t:|1758947522
|move|p2a: Garganacl|Body Press|p1a: Tahiti
|-supereffective|p1a: Tahiti
|-damage|p1a: Tahiti|53/100
|move|p1a: Tahiti|Curse|p1a: Tahiti
|-unboost|p1a: Tahiti|spe|1
|-boost|p1a: Tahiti|atk|1
|-boost|p1a: Tahiti|def|1
|
|-heal|p2a: Garganacl|72/100|[from] item: Leftovers
|-heal|p1a: Tahiti|60/100|[from] item: Leftovers
|-damage|p2a: Garganacl|59/100|[from] Salt Cure
|upkeep
|turn|14
|
|t:|1758947537
|move|p2a: Garganacl|Body Press|p1a: Tahiti
|-supereffective|p1a: Tahiti
|-damage|p1a: Tahiti|22/100
|move|p1a: Tahiti|Recover|p1a: Tahiti
|-heal|p1a: Tahiti|72/100
|
|-heal|p2a: Garganacl|65/100|[from] item: Leftovers
|-heal|p1a: Tahiti|78/100|[from] item: Leftovers
|-damage|p2a: Garganacl|53/100|[from] Salt Cure
|upkeep
|turn|15
|
|t:|1758947548
|move|p2a: Garganacl|Recover|p2a: Garganacl
|-heal|p2a: Garganacl|100/100
|move|p1a: Tahiti|Earthquake|p2a: Garganacl
|-supereffective|p2a: Garganacl
|-damage|p2a: Garganacl|75/100
|
|-heal|p2a: Garganacl|81/100|[from] item: Leftovers
|-heal|p1a: Tahiti|84/100|[from] item: Leftovers
|-damage|p2a: Garganacl|69/100|[from] Salt Cure
|upkeep
|turn|16
|
|t:|1758947558
|move|p2a: Garganacl|Salt Cure|p1a: Tahiti
|-damage|p1a: Tahiti|81/100
|-start|p1a: Tahiti|Salt Cure
|move|p1a: Tahiti|Curse|p1a: Tahiti
|-unboost|p1a: Tahiti|spe|1
|-boost|p1a: Tahiti|atk|1
|-boost|p1a: Tahiti|def|1
|
|-heal|p2a: Garganacl|75/100|[from] item: Leftovers
|-heal|p1a: Tahiti|87/100|[from] item: Leftovers
|-damage|p2a: Garganacl|63/100|[from] Salt Cure
|-damage|p1a: Tahiti|75/100|[from] Salt Cure
|upkeep
|turn|17
|
|t:|1758947569
|move|p2a: Garganacl|Body Press|p1a: Tahiti
|-supereffective|p1a: Tahiti
|-damage|p1a: Tahiti|43/100
|move|p1a: Tahiti|Curse|p1a: Tahiti
|-unboost|p1a: Tahiti|spe|1
|-boost|p1a: Tahiti|atk|1
|-boost|p1a: Tahiti|def|1
|
|-heal|p2a: Garganacl|69/100|[from] item: Leftovers
|-heal|p1a: Tahiti|49/100|[from] item: Leftovers
|-damage|p2a: Garganacl|57/100|[from] Salt Cure
|-damage|p1a: Tahiti|37/100|[from] Salt Cure
|upkeep
|turn|18
|
|t:|1758947581
|move|p2a: Garganacl|Body Press|p1a: Tahiti
|-supereffective|p1a: Tahiti
|-crit|p1a: Tahiti
|-damage|p1a: Tahiti|0 fnt
|faint|p1a: Tahiti
|
|-heal|p2a: Garganacl|63/100|[from] item: Leftovers
|-damage|p2a: Garganacl|50/100|[from] Salt Cure
|upkeep
|
|t:|1758947585
|switch|p1a: Cryogen|Kyurem, shiny|100/100
|-ability|p1a: Cryogen|Pressure
|turn|19
|
|t:|1758947594
|move|p1a: Cryogen|Earth Power|p2a: Garganacl
|-supereffective|p2a: Garganacl
|-crit|p2a: Garganacl
|-damage|p2a: Garganacl|0 fnt
|faint|p2a: Garganacl
|
|upkeep
|
|t:|1758947601
|switch|p2a: Enamorus|Enamorus, F|60/100
|turn|20
|
|t:|1758947604
|switch|p1a: Tony|Slowking-Galar, M|71/100
|move|p2a: Enamorus|Moonblast|p1a: Tony
|-resisted|p1a: Tony
|-damage|p1a: Tony|56/100
|-unboost|p1a: Tony|spa|1
|
|upkeep
|turn|21
|
|t:|1758947613
|move|p2a: Enamorus|Earth Power|p1a: Tony
|-supereffective|p1a: Tony
|-damage|p1a: Tony|18/100
|move|p1a: Tony|Sludge Bomb|p2a: Enamorus
|-supereffective|p2a: Enamorus
|-damage|p2a: Enamorus|0 fnt
|faint|p2a: Enamorus
|
|upkeep
|
|t:|1758947622
|switch|p2a: Gyarados|Gyarados, M|100/100
|turn|22
|
|t:|1758947626
|move|p2a: Gyarados|Dragon Dance|p2a: Gyarados
|-boost|p2a: Gyarados|atk|1
|-boost|p2a: Gyarados|spe|1
|-prepare|p1a: Tony|Chilly Reception|[premajor]
|move|p1a: Tony|Chilly Reception|p1a: Tony
|-weather|Snowscape
|
|t:|1758947632
|switch|p1a: Cryogen|Kyurem, shiny|100/100|[from] Chilly Reception
|-ability|p1a: Cryogen|Pressure
|
|-weather|Snowscape|[upkeep]
|upkeep
|turn|23
|
|t:|1758947646
|-terastallize|p2a: Gyarados|Ground
|move|p2a: Gyarados|Earthquake|p1a: Cryogen
|-damage|p1a: Cryogen|48/100
|move|p1a: Cryogen|Freeze-Dry|p2a: Gyarados
|-supereffective|p2a: Gyarados
|-damage|p2a: Gyarados|0 fnt
|faint|p2a: Gyarados
|
|-weather|Snowscape|[upkeep]
|upkeep
|
|t:|1758947657
|switch|p2a: Kyurem|Kyurem|100/100
|-ability|p2a: Kyurem|Pressure
|turn|24
|
|t:|1758947669
|move|p2a: Kyurem|Earth Power|p1a: Cryogen
|-damage|p1a: Cryogen|18/100
|move|p1a: Cryogen|Freeze-Dry|p2a: Kyurem
|-damage|p2a: Kyurem|49/100
|
|-weather|Snowscape|[upkeep]
|upkeep
|turn|25
|
|t:|1758947677
|move|p2a: Kyurem|Earth Power|p1a: Cryogen
|-damage|p1a: Cryogen|0 fnt
|faint|p1a: Cryogen
|
|-weather|Snowscape|[upkeep]
|upkeep
|
|t:|1758947696
|switch|p1a: Turkey Sandwich|Zamazenta|100/100
|-ability|p1a: Turkey Sandwich|Dauntless Shield|boost
|-boost|p1a: Turkey Sandwich|def|1
|turn|26
|
|t:|1758947701
|switch|p2a: Dragonite|Dragonite, F|100/100
|move|p1a: Turkey Sandwich|Stone Edge|p2a: Dragonite
|-supereffective|p2a: Dragonite
|-damage|p2a: Dragonite|67/100
|
|-weather|none
|-heal|p2a: Dragonite|73/100|[from] item: Leftovers
|upkeep
|turn|27
|
|t:|1758947711
|move|p1a: Turkey Sandwich|Stone Edge|p2a: Dragonite
|-supereffective|p2a: Dragonite
|-damage|p2a: Dragonite|5/100
|move|p2a: Dragonite|Dragon Tail|p1a: Turkey Sandwich|[miss]
|-miss|p2a: Dragonite|p1a: Turkey Sandwich
|
|-heal|p2a: Dragonite|11/100|[from] item: Leftovers
|upkeep
|turn|28
|
|t:|1758947721
|move|p2a: Dragonite|Extreme Speed|p1a: Turkey Sandwich
|-damage|p1a: Turkey Sandwich|80/100
|move|p1a: Turkey Sandwich|Crunch|p2a: Dragonite
|-damage|p2a: Dragonite|0 fnt
|faint|p2a: Dragonite
|
|upkeep
|
|t:|1758947730
|switch|p2a: Great Tusk|Great Tusk|100/100
|turn|29
|
|t:|1758947739
|move|p1a: Turkey Sandwich|Close Combat|p2a: Great Tusk
|-damage|p2a: Great Tusk|65/100
|-unboost|p1a: Turkey Sandwich|def|1
|-unboost|p1a: Turkey Sandwich|spd|1
|move|p2a: Great Tusk|Rapid Spin|p1a: Turkey Sandwich
|-damage|p1a: Turkey Sandwich|62/100
|-boost|p2a: Great Tusk|spe|1
|
|-heal|p2a: Great Tusk|71/100|[from] item: Leftovers
|upkeep
|turn|30
|
|t:|1758947750
|move|p1a: Turkey Sandwich|Close Combat|p2a: Great Tusk
|-damage|p2a: Great Tusk|32/100
|-unboost|p1a: Turkey Sandwich|def|1
|-unboost|p1a: Turkey Sandwich|spd|1
|move|p2a: Great Tusk|Bulk Up|p2a: Great Tusk
|-boost|p2a: Great Tusk|atk|1
|-boost|p2a: Great Tusk|def|1
|
|-heal|p2a: Great Tusk|38/100|[from] item: Leftovers
|upkeep
|turn|31
|
|t:|1758947763
|switch|p1a: Peppino|Great Tusk|100/100
|move|p2a: Great Tusk|Rapid Spin|p1a: Peppino
|-damage|p1a: Peppino|80/100
|-boost|p2a: Great Tusk|spe|1
|
|-heal|p2a: Great Tusk|44/100|[from] item: Leftovers
|upkeep
|turn|32
|
|t:|1758947773
|move|p2a: Great Tusk|Ice Spinner|p1a: Peppino
|-supereffective|p1a: Peppino
|-damage|p1a: Peppino|11/100
|move|p1a: Peppino|Ice Spinner|p2a: Great Tusk
|-supereffective|p2a: Great Tusk
|-damage|p2a: Great Tusk|20/100
|
|-heal|p2a: Great Tusk|27/100|[from] item: Leftovers
|upkeep
|turn|33
|
|t:|1758947782
|move|p2a: Great Tusk|Ice Spinner|p1a: Peppino
|-supereffective|p1a: Peppino
|-damage|p1a: Peppino|0 fnt
|faint|p1a: Peppino
|-end|p1a: Peppino|Protosynthesis|[silent]
|
|-heal|p2a: Great Tusk|33/100|[from] item: Leftovers
|upkeep
|
|t:|1758947786
|switch|p1a: Turkey Sandwich|Zamazenta|62/100
|turn|34
|
|t:|1758947795
|move|p2a: Great Tusk|Headlong Rush|p1a: Turkey Sandwich
|-damage|p1a: Turkey Sandwich|0 fnt
|-unboost|p2a: Great Tusk|def|1
|-unboost|p2a: Great Tusk|spd|1
|faint|p1a: Turkey Sandwich
|
|-heal|p2a: Great Tusk|39/100|[from] item: Leftovers
|upkeep
|
|t:|1758947801
|switch|p1a: Bork|Meowscarada, F, shiny|100/100
|turn|35
|
|t:|1758947828
|move|p2a: Great Tusk|Bulk Up|p2a: Great Tusk
|-boost|p2a: Great Tusk|atk|1
|-boost|p2a: Great Tusk|def|1
|move|p1a: Bork|Flower Trick|p2a: Great Tusk
|-start|p1a: Bork|typechange|Grass|[from] ability: Protean
|-supereffective|p2a: Great Tusk
|-crit|p2a: Great Tusk
|-damage|p2a: Great Tusk|0 fnt
|faint|p2a: Great Tusk
|-end|p2a: Great Tusk|Protosynthesis|[silent]
|
|upkeep
|
|t:|1758947839
|switch|p2a: Kyurem|Kyurem|49/100
|-ability|p2a: Kyurem|Pressure
|turn|36
|
|t:|1758947844
|move|p2a: Kyurem|Freeze-Dry|p1a: Bork
|-supereffective|p1a: Bork
|-damage|p1a: Bork|0 fnt
|faint|p1a: Bork
|
|upkeep
|
|t:|1758947847
|switch|p1a: Tony|Slowking-Galar, M|51/100
|turn|37
|
|t:|1758947860
|move|p2a: Kyurem|Freeze-Dry|p1a: Tony
|-damage|p1a: Tony|31/100
|move|p1a: Tony|Sludge Bomb|p2a: Kyurem
|-damage|p2a: Kyurem|18/100
|-status|p2a: Kyurem|psn
|
|-damage|p2a: Kyurem|6/100 psn|[from] psn
|upkeep
|turn|38
|
|t:|1758947869
|move|p2a: Kyurem|Freeze-Dry|p1a: Tony
|-damage|p1a: Tony|10/100
|move|p1a: Tony|Sludge Bomb|p2a: Kyurem
|-damage|p2a: Kyurem|0 fnt
|faint|p2a: Kyurem
|
|win|Choopingas
|raw|Choopingas's rating: 1368 &rarr; <strong>1386</strong><br />(+18 for winning)
|raw|roberto7878's rating: 1340 &rarr; <strong>1322</strong><br />(-18 for losing)
|l|☆Choopingas
|player|p1|
|l|☆roberto7878
|player|p2|
