|j|‽Cubadogs
|j|☆ArmandoJ
|t:|1758993958
|gametype|singles
|player|p1|Cubadogs|hilbert-wonderlauncher|1153
|player|p2|ArmandoJ|dancer|1210
|gen|9
|tier|[Gen 9] OU
|rated|
|rule|HP Percentage Mod: HP is shown in percentages
|rule|Endless Battle Clause: Forcing endless battles is banned
|rule|Species Clause: Limit one of each Pokémon
|rule|OHKO Clause: OHKO moves are banned
|rule|Evasion Items Clause: Evasion items are banned
|rule|Evasion Moves Clause: Evasion moves are banned
|rule|Evasion Abilities Clause: Evasion abilities are banned
|rule|Sleep Moves Clause: Sleep-inducing moves are banned
|clearpoke
|poke|p1|Victreebel, F|
|poke|p1|Dragonite, M|
|poke|p1|Rhydon, M|
|poke|p1|Greninja-*, F|
|poke|p1|Hawlucha, F|
|poke|p1|Hitmonlee, M|
|poke|p2|Garganacl, F|
|poke|p2|Gliscor, M|
|poke|p2|Toxapex, M|
|poke|p2|Hatterene, F|
|poke|p2|Dragapult, F|
|poke|p2|Iron Treads|
|teampreview
|
|t:|1758993968
|teamsize|p1|6
|teamsize|p2|6
|start
|switch|p1a: Dragonite|Dragonite, M|100/100
|switch|p2a: Dragapult|Dragapult, F|100/100
|turn|1
|inactive|Battle timer is ON: inactive players will automatically lose when time's up. (requested by ArmandoJ)
|
|t:|1758993979
|move|p1a: Dragonite|Thunder Wave|p2a: Dragapult
|-status|p2a: Dragapult|par
|cant|p2a: Dragapult|par
|
|upkeep
|turn|2
|
|t:|1758993984
|switch|p1a: Rhydon|Rhydon, M|100/100
|cant|p2a: Dragapult|par
|
|upkeep
|turn|3
|
|t:|1758993991
|move|p1a: Rhydon|Stone Edge|p2a: Dragapult
|-damage|p2a: Dragapult|24/100 par
|move|p2a: Dragapult|Dragon Tail|p1a: Rhydon
|-damage|p1a: Rhydon|89/100
|drag|p1a: Dragonite|Dragonite, M|100/100
|
|-heal|p2a: Dragapult|30/100 par|[from] item: Leftovers
|upkeep
|turn|4
|
|t:|1758994000
|switch|p2a: Gliscor|Gliscor, M|100/100
|switch|p1a: Rhydon|Rhydon, M|89/100
|
|-status|p2a: Gliscor|tox|[from] item: Toxic Orb
|upkeep
|turn|5
|
|t:|1758994006
|move|p2a: Gliscor|Substitute|p2a: Gliscor
|-start|p2a: Gliscor|Substitute
|-damage|p2a: Gliscor|76/100 tox
|move|p1a: Rhydon|Stealth Rock|p2a: Gliscor
|-sidestart|p2: ArmandoJ|move: Stealth Rock
|
|-heal|p2a: Gliscor|88/100 tox|[from] ability: Poison Heal
|upkeep
|turn|6
|
|t:|1758994027
|switch|p1a: Dragonite|Dragonite, M|100/100
|move|p2a: Gliscor|Toxic|p1a: Dragonite
|-status|p1a: Dragonite|tox
|
|-heal|p2a: Gliscor|100/100 tox|[from] ability: Poison Heal
|-damage|p1a: Dragonite|94/100 tox|[from] psn
|upkeep
|turn|7
|
|t:|1758994034
|move|p2a: Gliscor|Knock Off|p1a: Dragonite
|-damage|p1a: Dragonite|76/100 tox
|-enditem|p1a: Dragonite|Heavy-Duty Boots|[from] move: Knock Off|[of] p2a: Gliscor
|move|p1a: Dragonite|Encore|p2a: Gliscor
|-start|p2a: Gliscor|Encore
|
|-damage|p1a: Dragonite|64/100 tox|[from] psn
|upkeep
|turn|8
|
|t:|1758994045
|switch|p1a: Hawlucha|Hawlucha, F|100/100
|move|p2a: Gliscor|Knock Off|p1a: Hawlucha
|-resisted|p1a: Hawlucha
|-damage|p1a: Hawlucha|84/100
|-enditem|p1a: Hawlucha|Lum Berry|[from] move: Knock Off|[of] p2a: Gliscor
|
|upkeep
|turn|9
|
|t:|1758994054
|move|p1a: Hawlucha|Hone Claws|p1a: Hawlucha
|-boost|p1a: Hawlucha|atk|1
|-boost|p1a: Hawlucha|accuracy|1
|move|p2a: Gliscor|Knock Off|p1a: Hawlucha
|-resisted|p1a: Hawlucha
|-crit|p1a: Hawlucha
|-damage|p1a: Hawlucha|67/100
|
|upkeep
|turn|10
|
|t:|1758994062
|move|p1a: Hawlucha|Stone Edge|p2a: Gliscor
|-end|p2a: Gliscor|Substitute
|move|p2a: Gliscor|Knock Off|p1a: Hawlucha
|-resisted|p1a: Hawlucha
|-damage|p1a: Hawlucha|55/100
|
|-end|p2a: Gliscor|Encore
|upkeep
|turn|11
|
|t:|1758994072
|move|p1a: Hawlucha|Hone Claws|p1a: Hawlucha
|-boost|p1a: Hawlucha|atk|1
|-boost|p1a: Hawlucha|accuracy|1
|move|p2a: Gliscor|Toxic|p1a: Hawlucha
|-status|p1a: Hawlucha|tox
|
|-damage|p1a: Hawlucha|49/100 tox|[from] psn
|upkeep
|turn|12
|
|t:|1758994083
|switch|p2a: Dragapult|Dragapult, F|30/100 par
|-damage|p2a: Dragapult|18/100 par|[from] Stealth Rock
|move|p1a: Hawlucha|Stone Edge|p2a: Dragapult
|-damage|p2a: Dragapult|0 fnt
|faint|p2a: Dragapult
|
|-damage|p1a: Hawlucha|37/100 tox|[from] psn
|upkeep
|
|t:|1758994095
|switch|p2a: Garganacl|Garganacl, F|100/100
|-damage|p2a: Garganacl|88/100|[from] Stealth Rock
|turn|13
|
|t:|1758994098
|-terastallize|p2a: Garganacl|Ghost
|move|p1a: Hawlucha|High Jump Kick|p2a: Garganacl
|-immune|p2a: Garganacl
|-damage|p1a: Hawlucha|0 fnt|[from] highjumpkick
|faint|p1a: Hawlucha
|move|p2a: Garganacl|Iron Defense|p2a: Garganacl
|-boost|p2a: Garganacl|def|2
|
|-heal|p2a: Garganacl|94/100|[from] item: Leftovers
|upkeep
|
|t:|1758994104
|switch|p1a: Greninja|Greninja, F|100/100
|turn|14
|
|t:|1758994117
|move|p2a: Garganacl|Body Press|p1a: Greninja
|-supereffective|p1a: Greninja
|-damage|p1a: Greninja|0 fnt
|faint|p1a: Greninja
|
|-heal|p2a: Garganacl|100/100|[from] item: Leftovers
|upkeep
|-message|Cubadogs forfeited.
|
|win|ArmandoJ
|raw|Cubadogs's rating: 1153 &rarr; <strong>1132</strong><br />(-21 for losing)
|raw|ArmandoJ's rating: 1210 &rarr; <strong>1231</strong><br />(+21 for winning)
|l|‽Cubadogs
|player|p1|
|l|☆ArmandoJ
|player|p2|
