|j|☆pikaragedd
|j|☆Otsdarva9
|t:|1759018755
|gametype|singles
|player|p1|pikaragedd|lucas|1092
|player|p2|Otsdarva9|ghetsis-gen5bw|1134
|gen|9
|tier|[Gen 9] OU
|rated|
|rule|HP Percentage Mod: HP is shown in percentages
|rule|Endless Battle Clause: Forcing endless battles is banned
|rule|Species Clause: Limit one of each Pokémon
|rule|OHKO Clause: OHKO moves are banned
|rule|Evasion Items Clause: Evasion items are banned
|rule|Evasion Moves Clause: Evasion moves are banned
|rule|Evasion Abilities Clause: Evasion abilities are banned
|rule|Sleep Moves Clause: Sleep-inducing moves are banned
|clearpoke
|poke|p1|Persian-Alola, M|
|poke|p1|Vaporeon, M|
|poke|p1|Lokix, M|
|poke|p1|Kommo-o, M|
|poke|p1|Gengar, M|
|poke|p1|Hawlucha, F|
|poke|p2|Slowking-Galar, F|
|poke|p2|Skarmory, M|
|poke|p2|Garganacl, F|
|poke|p2|Weavile, M|
|poke|p2|Ogerpon-Wellspring, F|
|poke|p2|Great Tusk|
|teampreview
|inactive|Battle timer is ON: inactive players will automatically lose when time's up. (requested by pikaragedd)
|
|t:|1759018768
|teamsize|p1|6
|teamsize|p2|6
|start
|switch|p1a: Hawlucha|Hawlucha, F|100/100
|switch|p2a: Garganacl|Garganacl, F|100/100
|-ability|p1a: Hawlucha|Mold Breaker
|turn|1
|
|t:|1759018775
|move|p1a: Hawlucha|Taunt|p2a: Garganacl
|-start|p2a: Garganacl|move: Taunt
|move|p2a: Garganacl|Salt Cure|p1a: Hawlucha
|-damage|p1a: Hawlucha|82/100
|-start|p1a: Hawlucha|Salt Cure
|
|-damage|p1a: Hawlucha|70/100|[from] Salt Cure
|upkeep
|turn|2
|
|t:|1759018795
|switch|p2a: Slowking|Slowking-Galar, F|100/100
|move|p1a: Hawlucha|High Jump Kick|p2a: Slowking
|-resisted|p2a: Slowking
|-damage|p2a: Slowking|88/100
|
|-damage|p1a: Hawlucha|57/100|[from] Salt Cure
|upkeep
|turn|3
|
|t:|1759018804
|move|p1a: Hawlucha|Taunt|p2a: Slowking
|-start|p2a: Slowking|move: Taunt
|move|p2a: Slowking|Future Sight|p1a: Hawlucha
|-start|p2a: Slowking|move: Future Sight
|
|-damage|p1a: Hawlucha|45/100|[from] Salt Cure
|upkeep
|turn|4
|
|t:|1759018813
|move|p1a: Hawlucha|U-turn|p2a: Slowking
|-damage|p2a: Slowking|68/100
|
|t:|1759018819
|switch|p1a: Persian|Persian-Alola, M|100/100|[from] U-turn
|move|p2a: Slowking|Sludge Bomb|p1a: Persian
|-damage|p1a: Persian|56/100
|
|upkeep
|turn|5
|
|t:|1759018836
|switch|p2a: Skarmory|Skarmory, M|100/100
|move|p1a: Persian|Parting Shot|p2a: Skarmory
|-unboost|p2a: Skarmory|atk|1
|-unboost|p2a: Skarmory|spa|1
|
|t:|1759018842
|switch|p1a: Lokix|Lokix, M|100/100|[from] Parting Shot
|
|-end|p1a: Lokix|move: Future Sight
|-immune|p1a: Lokix
|upkeep
|turn|6
|inactive|pikaragedd has 120 seconds left.
|
|t:|1759018870
|switch|p1a: Persian|Persian-Alola, M|56/100
|move|p2a: Skarmory|Brave Bird|p1a: Persian
|-damage|p1a: Persian|45/100
|-damage|p2a: Skarmory|84/100|[from] item: Rocky Helmet|[of] p1a: Persian
|-damage|p2a: Skarmory|80/100|[from] Recoil
|
|upkeep
|turn|7
|inactive|pikaragedd has 120 seconds left.
|
|t:|1759018881
|move|p1a: Persian|Knock Off|p2a: Skarmory
|-damage|p2a: Skarmory|67/100
|-damage|p1a: Persian|29/100|[from] item: Rocky Helmet|[of] p2a: Skarmory
|-enditem|p2a: Skarmory|Rocky Helmet|[from] move: Knock Off|[of] p1a: Persian
|move|p2a: Skarmory|Body Press|p1a: Persian
|-supereffective|p1a: Persian
|-damage|p1a: Persian|0 fnt
|-damage|p2a: Skarmory|50/100|[from] item: Rocky Helmet|[of] p1a: Persian
|faint|p1a: Persian
|
|upkeep
|inactive|pikaragedd has 120 seconds left.
|
|t:|1759018898
|switch|p1a: Vaporeon|Vaporeon, M|100/100
|turn|8
|
|t:|1759018906
|switch|p2a: Ogerpon|Ogerpon-Wellspring, F|100/100
|move|p1a: Vaporeon|Wish|p1a: Vaporeon
|
|upkeep
|turn|9
|inactive|pikaragedd has 120 seconds left.
|
|t:|1759018921
|switch|p1a: Lokix|Lokix, M|100/100
|move|p2a: Ogerpon|Swords Dance|p2a: Ogerpon
|-boost|p2a: Ogerpon|atk|2
|
|upkeep
|turn|10
|inactive|pikaragedd has 120 seconds left.
|
|t:|1759018936
|-terastallize|p2a: Ogerpon|Water
|detailschange|p2a: Ogerpon|Ogerpon-Wellspring-Tera, F, tera:Water
|-ability|p2a: Ogerpon|Embody Aspect (Wellspring)|boost
|-boost|p2a: Ogerpon|spd|1
|move|p1a: Lokix|First Impression|p2a: Ogerpon
|-damage|p2a: Ogerpon|10/100
|move|p2a: Ogerpon|Ivy Cudgel|p1a: Lokix|[anim] Ivy Cudgel Water
|-damage|p1a: Lokix|0 fnt
|faint|p1a: Lokix
|
|upkeep
|inactive|pikaragedd has 120 seconds left.
|
|t:|1759018955
|switch|p1a: Gengar|Gengar, M|100/100
|turn|11
|
|t:|1759018969
|move|p1a: Gengar|Shadow Ball|p2a: Ogerpon
|-damage|p2a: Ogerpon|0 fnt
|faint|p2a: Ogerpon
|detailschange|p2: Ogerpon|Ogerpon-Wellspring, F|[silent]
|
|upkeep
|
|t:|1759018974
|switch|p2a: Garganacl|Garganacl, F|100/100
|turn|12
|inactive|pikaragedd has 120 seconds left.
|
|t:|1759018993
|switch|p1a: Vaporeon|Vaporeon, M|100/100
|move|p2a: Garganacl|Salt Cure|p1a: Vaporeon
|-damage|p1a: Vaporeon|85/100
|-start|p1a: Vaporeon|Salt Cure
|
|-damage|p1a: Vaporeon|60/100|[from] Salt Cure
|upkeep
|turn|13
|
|t:|1759019001
|move|p1a: Vaporeon|Flip Turn|p2a: Garganacl
|-supereffective|p2a: Garganacl
|-crit|p2a: Garganacl
|-damage|p2a: Garganacl|75/100
|
|t:|1759019010
|switch|p1a: Kommo-o|Kommo-o, M|100/100|[from] Flip Turn
|move|p2a: Garganacl|Stealth Rock|p1a: Kommo-o
|-sidestart|p1: pikaragedd|move: Stealth Rock
|
|-heal|p2a: Garganacl|81/100|[from] item: Leftovers
|upkeep
|turn|14
|inactive|pikaragedd has 120 seconds left.
|
|t:|1759019019
|switch|p2a: Slowking|Slowking-Galar, F|100/100
|move|p1a: Kommo-o|Body Press|p2a: Slowking
|-resisted|p2a: Slowking
|-damage|p2a: Slowking|88/100
|
|upkeep
|turn|15
|inactive|pikaragedd has 120 seconds left.
|
|t:|1759019036
|switch|p1a: Gengar|Gengar, M|100/100
|-damage|p1a: Gengar|88/100|[from] Stealth Rock
|move|p2a: Slowking|Future Sight|p1a: Gengar
|-start|p2a: Slowking|move: Future Sight
|
|upkeep
|turn|16
|inactive|pikaragedd has 120 seconds left.
|
|t:|1759019051
|switch|p2a: Weavile|Weavile, M|100/100
|-ability|p2a: Weavile|Pressure
|move|p1a: Gengar|Focus Blast|p2a: Weavile|[miss]
|-miss|p1a: Gengar|p2a: Weavile
|
|upkeep
|turn|17
|inactive|pikaragedd has 120 seconds left.
|
|t:|1759019069
|switch|p2a: Slowking|Slowking-Galar, F|100/100
|switch|p1a: Hawlucha|Hawlucha, F|45/100
|-damage|p1a: Hawlucha|32/100|[from] Stealth Rock
|-ability|p1a: Hawlucha|Mold Breaker
|
|-end|p1a: Hawlucha|move: Future Sight
|-supereffective|p1a: Hawlucha
|-damage|p1a: Hawlucha|0 fnt
|faint|p1a: Hawlucha
|upkeep
|
|t:|1759019081
|switch|p1a: Gengar|Gengar, M|88/100
|-damage|p1a: Gengar|76/100|[from] Stealth Rock
|turn|18
|
|t:|1759019090
|move|p1a: Gengar|Shadow Ball|p2a: Slowking
|-supereffective|p2a: Slowking
|-damage|p2a: Slowking|30/100
|move|p2a: Slowking|Future Sight|p1a: Gengar
|-start|p2a: Slowking|move: Future Sight
|
|upkeep
|turn|19
|
|t:|1759019096
|switch|p2a: Garganacl|Garganacl, F|81/100
|move|p1a: Gengar|Shadow Ball|p2a: Garganacl
|-damage|p2a: Garganacl|61/100
|-unboost|p2a: Garganacl|spd|1
|
|-heal|p2a: Garganacl|67/100|[from] item: Leftovers
|upkeep
|turn|20
|
|t:|1759019105
|move|p1a: Gengar|Shadow Ball|p2a: Garganacl
|-damage|p2a: Garganacl|33/100
|move|p2a: Garganacl|Salt Cure|p1a: Gengar
|-damage|p1a: Gengar|47/100
|-start|p1a: Gengar|Salt Cure
|
|-end|p1a: Gengar|move: Future Sight
|-supereffective|p1a: Gengar
|-damage|p1a: Gengar|0 fnt
|faint|p1a: Gengar
|-heal|p2a: Garganacl|39/100|[from] item: Leftovers
|upkeep
|
|t:|1759019117
|switch|p1a: Vaporeon|Vaporeon, M|60/100
|turn|21
|
|t:|1759019134
|switch|p2a: Great Tusk|Great Tusk|100/100
|move|p1a: Vaporeon|Scald|p2a: Great Tusk
|-supereffective|p2a: Great Tusk
|-damage|p2a: Great Tusk|13/100
|
|upkeep
|turn|22
|
|t:|1759019144
|move|p1a: Vaporeon|Protect|p1a: Vaporeon
|-singleturn|p1a: Vaporeon|Protect
|move|p2a: Great Tusk|Headlong Rush|p1a: Vaporeon
|-activate|p1a: Vaporeon|move: Protect
|
|upkeep
|turn|23
|
|t:|1759019163
|move|p2a: Great Tusk|Headlong Rush|p1a: Vaporeon
|-crit|p1a: Vaporeon
|-damage|p1a: Vaporeon|0 fnt
|-unboost|p2a: Great Tusk|def|1
|-unboost|p2a: Great Tusk|spd|1
|faint|p1a: Vaporeon
|
|upkeep
|
|t:|1759019169
|switch|p1a: Kommo-o|Kommo-o, M|100/100
|-damage|p1a: Kommo-o|94/100|[from] Stealth Rock
|turn|24
|inactive|pikaragedd has 120 seconds left.
|
|t:|1759019185
|move|p2a: Great Tusk|Headlong Rush|p1a: Kommo-o
|-damage|p1a: Kommo-o|54/100
|-unboost|p2a: Great Tusk|def|1
|-unboost|p2a: Great Tusk|spd|1
|move|p1a: Kommo-o|Body Press|p2a: Great Tusk
|-damage|p2a: Great Tusk|0 fnt
|faint|p2a: Great Tusk
|-end|p2a: Great Tusk|Protosynthesis|[silent]
|
|-heal|p1a: Kommo-o|61/100|[from] item: Leftovers
|upkeep
|
|t:|1759019194
|switch|p2a: Slowking|Slowking-Galar, F|64/100
|turn|25
|
|t:|1759019201
|move|p1a: Kommo-o|Substitute|p1a: Kommo-o
|-start|p1a: Kommo-o|Substitute
|-damage|p1a: Kommo-o|36/100
|move|p2a: Slowking|Future Sight|p1a: Kommo-o
|-start|p2a: Slowking|move: Future Sight
|
|-heal|p1a: Kommo-o|42/100|[from] item: Leftovers
|upkeep
|turn|26
|inactive|pikaragedd has 120 seconds left.
|
|t:|1759019225
|move|p1a: Kommo-o|Iron Head|p2a: Slowking
|-damage|p2a: Slowking|43/100
|-prepare|p2a: Slowking|Chilly Reception|[premajor]
|cant|p2a: Slowking|flinch
|
|-heal|p1a: Kommo-o|48/100|[from] item: Leftovers
|upkeep
|turn|27
|
|t:|1759019234
|-terastallize|p1a: Kommo-o|Steel
|move|p1a: Kommo-o|Iron Head|p2a: Slowking
|-damage|p2a: Slowking|14/100
|-prepare|p2a: Slowking|Chilly Reception|[premajor]
|cant|p2a: Slowking|flinch
|
|-end|p1a: Kommo-o|move: Future Sight
|-resisted|p1a: Kommo-o
|-crit|p1a: Kommo-o
|-end|p1a: Kommo-o|Substitute
|-heal|p1a: Kommo-o|54/100|[from] item: Leftovers
|upkeep
|turn|28
|
|t:|1759019247
|switch|p2a: Skarmory|Skarmory, M|50/100
|move|p1a: Kommo-o|Iron Defense|p1a: Kommo-o
|-boost|p1a: Kommo-o|def|2
|
|-heal|p1a: Kommo-o|61/100|[from] item: Leftovers
|upkeep
|turn|29
|
|t:|1759019259
|move|p1a: Kommo-o|Substitute|p1a: Kommo-o
|-start|p1a: Kommo-o|Substitute
|-damage|p1a: Kommo-o|36/100
|move|p2a: Skarmory|Body Press|p1a: Kommo-o
|-supereffective|p1a: Kommo-o
|-activate|p1a: Kommo-o|move: Substitute|[damage]
|
|-heal|p1a: Kommo-o|42/100|[from] item: Leftovers
|upkeep
|turn|30
|
|t:|1759019273
|move|p1a: Kommo-o|Iron Defense|p1a: Kommo-o
|-boost|p1a: Kommo-o|def|2
|move|p2a: Skarmory|Body Press|p1a: Kommo-o
|-supereffective|p1a: Kommo-o
|-end|p1a: Kommo-o|Substitute
|
|-heal|p1a: Kommo-o|48/100|[from] item: Leftovers
|upkeep
|turn|31
|-message|Otsdarva9 forfeited.
|
|win|pikaragedd
|raw|pikaragedd's rating: 1092 &rarr; <strong>1121</strong><br />(+29 for winning)
|raw|Otsdarva9's rating: 1134 &rarr; <strong>1106</strong><br />(-28 for losing)
|l|☆Otsdarva9
|player|p2|
|c|☆pikaragedd|gg
|l|☆pikaragedd
|player|p1|
