|j|☆erravem
|j|☆Wen_juckt's?
|t:|1758971696
|gametype|singles
|player|p1|erravem|shadowtriad|1238
|player|p2|Wen_juckt's?|169|1280
|gen|9
|tier|[Gen 9] OU
|rated|
|rule|HP Percentage Mod: HP is shown in percentages
|rule|Endless Battle Clause: Forcing endless battles is banned
|rule|Species Clause: Limit one of each Pokémon
|rule|OHKO Clause: OHKO moves are banned
|rule|Evasion Items Clause: Evasion items are banned
|rule|Evasion Moves Clause: Evasion moves are banned
|rule|Evasion Abilities Clause: Evasion abilities are banned
|rule|Sleep Moves Clause: Sleep-inducing moves are banned
|clearpoke
|poke|p1|Moltres-Galar|
|poke|p1|Samurott-Hisui, F|
|poke|p1|Iron Crown|
|poke|p1|Weezing-Galar, F|
|poke|p1|Alomomola, M|
|poke|p1|Deoxys-Speed|
|poke|p2|Corviknight, M|
|poke|p2|Pecharunt|
|poke|p2|Florges, F|
|poke|p2|Chandelure, M|
|poke|p2|Samurott-Hisui, F|
|poke|p2|Ditto|
|teampreview
|inactive|Battle timer is ON: inactive players will automatically lose when time's up. (requested by Wen_juckt's?)
|
|t:|1758971706
|teamsize|p1|6
|teamsize|p2|6
|start
|switch|p1a: Samurott|Samurott-Hisui, F|100/100
|switch|p2a: Samurott|Samurott-Hisui, F|100/100
|turn|1
|
|t:|1758971713
|move|p2a: Samurott|Sacred Sword|p1a: Samurott
|-supereffective|p1a: Samurott
|-enditem|p1a: Samurott|Focus Sash
|-damage|p1a: Samurott|1/100
|move|p1a: Samurott|Ceaseless Edge|p2a: Samurott
|-resisted|p2a: Samurott
|-damage|p2a: Samurott|80/100
|-sidestart|p2: Wen_juckt's?|Spikes
|
|upkeep
|turn|2
|
|t:|1758971724
|move|p1a: Samurott|Ceaseless Edge|p2a: Samurott
|-resisted|p2a: Samurott
|-damage|p2a: Samurott|61/100
|-sidestart|p2: Wen_juckt's?|Spikes
|move|p2a: Samurott|Sacred Sword|p1a: Samurott
|-supereffective|p1a: Samurott
|-damage|p1a: Samurott|0 fnt
|faint|p1a: Samurott
|
|upkeep
|
|t:|1758971730
|switch|p1a: Moltres|Moltres-Galar|100/100
|turn|3
|
|t:|1758971738
|switch|p2a: Corviknight|Corviknight, M|100/100
|move|p1a: Moltres|Hurricane|p2a: Corviknight
|-resisted|p2a: Corviknight
|-damage|p2a: Corviknight|70/100
|-damage|p1a: Moltres|91/100|[from] item: Life Orb
|
|-heal|p2a: Corviknight|76/100|[from] item: Leftovers
|upkeep
|turn|4
|
|t:|1758971749
|move|p1a: Moltres|Taunt|p2a: Corviknight
|-start|p2a: Corviknight|move: Taunt
|cant|p2a: Corviknight|move: Taunt|Defog
|
|-heal|p2a: Corviknight|82/100|[from] item: Leftovers
|upkeep
|turn|5
|
|t:|1758971762
|switch|p1a: Weezing|Weezing-Galar, F|100/100
|-ability|p1a: Weezing|Neutralizing Gas
|move|p2a: Corviknight|U-turn|p1a: Weezing
|-resisted|p1a: Weezing
|-damage|p1a: Weezing|97/100
|
|t:|1758971785
|switch|p2a: Florges|Florges, F|100/100|[from] U-turn
|-damage|p2a: Florges|84/100|[from] Spikes
|
|-heal|p2a: Florges|90/100|[from] item: Leftovers
|-heal|p1a: Weezing|100/100|[from] item: Black Sludge
|upkeep
|turn|6
|
|t:|1758971798
|-terastallize|p2a: Florges|Steel
|move|p2a: Florges|Calm Mind|p2a: Florges
|-boost|p2a: Florges|spa|1
|-boost|p2a: Florges|spd|1
|move|p1a: Weezing|Toxic Spikes|p2a: Florges
|-sidestart|p2: Wen_juckt's?|move: Toxic Spikes
|
|-heal|p2a: Florges|96/100|[from] item: Leftovers
|upkeep
|turn|7
|
|t:|1758971825
|move|p2a: Florges|Calm Mind|p2a: Florges
|-boost|p2a: Florges|spa|1
|-boost|p2a: Florges|spd|1
|move|p1a: Weezing|Toxic Spikes|p2a: Florges
|-sidestart|p2: Wen_juckt's?|move: Toxic Spikes
|
|-heal|p2a: Florges|100/100|[from] item: Leftovers
|upkeep
|turn|8
|
|t:|1758971834
|-end|p1a: Weezing|ability: Neutralizing Gas
|switch|p1a: Deoxys|Deoxys-Speed|100/100
|-ability|p1a: Deoxys|Pressure
|move|p2a: Florges|Calm Mind|p2a: Florges
|-boost|p2a: Florges|spa|1
|-boost|p2a: Florges|spd|1
|
|upkeep
|turn|9
|
|t:|1758971846
|move|p1a: Deoxys|Knock Off|p2a: Florges
|-damage|p2a: Florges|68/100
|-enditem|p2a: Florges|Leftovers|[from] move: Knock Off|[of] p1a: Deoxys
|move|p2a: Florges|Moonblast|p1a: Deoxys
|-enditem|p1a: Deoxys|Focus Sash
|-damage|p1a: Deoxys|1/100
|
|upkeep
|turn|10
|
|t:|1758971860
|move|p1a: Deoxys|Knock Off|p2a: Florges
|-damage|p2a: Florges|45/100
|move|p2a: Florges|Moonblast|p1a: Deoxys
|-damage|p1a: Deoxys|0 fnt
|faint|p1a: Deoxys
|
|upkeep
|
|t:|1758971873
|switch|p1a: Iron Crown|Iron Crown|100/100
|-enditem|p1a: Iron Crown|Booster Energy
|-activate|p1a: Iron Crown|ability: Quark Drive|[fromitem]
|-start|p1a: Iron Crown|quarkdrivespe
|turn|11
|
|t:|1758971880
|move|p1a: Iron Crown|Focus Blast|p2a: Florges
|-supereffective|p2a: Florges
|-damage|p2a: Florges|29/100
|move|p2a: Florges|Synthesis|p2a: Florges
|-heal|p2a: Florges|79/100
|
|upkeep
|turn|12
|
|t:|1758971890
|move|p1a: Iron Crown|Volt Switch|p2a: Florges
|-damage|p2a: Florges|75/100
|
|t:|1758971894
|-end|p1a: Iron Crown|Quark Drive|[silent]
|switch|p1a: Alomomola|Alomomola, M|100/100|[from] Volt Switch
|move|p2a: Florges|Moonblast|p1a: Alomomola
|-damage|p1a: Alomomola|0 fnt
|faint|p1a: Alomomola
|
|upkeep
|
|t:|1758971901
|switch|p1a: Moltres|Moltres-Galar|91/100
|turn|13
|
|t:|1758971906
|move|p1a: Moltres|Fiery Wrath|p2a: Florges
|-crit|p2a: Florges
|-damage|p2a: Florges|37/100
|-damage|p1a: Moltres|81/100|[from] item: Life Orb
|move|p2a: Florges|Moonblast|p1a: Moltres
|-supereffective|p1a: Moltres
|-damage|p1a: Moltres|0 fnt
|faint|p1a: Moltres
|
|upkeep
|
|t:|1758971915
|switch|p1a: Iron Crown|Iron Crown|100/100
|turn|14
|
|t:|1758971919
|move|p1a: Iron Crown|Focus Blast|p2a: Florges|[miss]
|-miss|p1a: Iron Crown|p2a: Florges
|move|p2a: Florges|Moonblast|p1a: Iron Crown
|-resisted|p1a: Iron Crown
|-damage|p1a: Iron Crown|56/100
|-unboost|p1a: Iron Crown|spa|1
|
|upkeep
|turn|15
|-message|erravem forfeited.
|
|win|Wen_juckt's?
|raw|erravem's rating: 1238 &rarr; <strong>1216</strong><br />(-22 for losing)
|raw|Wen_juckt&apos;s?'s rating: 1280 &rarr; <strong>1302</strong><br />(+22 for winning)
|l|☆erravem
|player|p1|
|l|☆Wen_juckt's?
|player|p2|
