|j|☆jumbolino
|j|☆are you jesus?
|t:|1759023349
|gametype|singles
|player|p1|jumbolino|102|1076
|player|p2|are you jesus?|grimsley|1126
|gen|9
|tier|[Gen 9] OU
|rated|
|rule|HP Percentage Mod: HP is shown in percentages
|rule|Endless Battle Clause: Forcing endless battles is banned
|rule|Species Clause: Limit one of each Pokémon
|rule|OHKO Clause: OHKO moves are banned
|rule|Evasion Items Clause: Evasion items are banned
|rule|Evasion Moves Clause: Evasion moves are banned
|rule|Evasion Abilities Clause: Evasion abilities are banned
|rule|Sleep Moves Clause: Sleep-inducing moves are banned
|clearpoke
|poke|p1|Zapdos|
|poke|p1|Magnezone|
|poke|p1|Jolteon, M|
|poke|p1|Rotom-Wash|
|poke|p1|Lanturn, F|
|poke|p1|Golem-Alola, F|
|poke|p2|Donphan, M|
|poke|p2|Slowking, F|
|poke|p2|Lokix, M|
|poke|p2|Chandelure, M|
|poke|p2|Arcanine-Hisui, F|
|poke|p2|Rotom-Wash|
|teampreview
|c|☆are you jesus?|hi
|
|t:|1759023364
|teamsize|p1|6
|teamsize|p2|6
|start
|switch|p1a: Lanturn|Lanturn, F|100/100
|switch|p2a: Rotom|Rotom-Wash|100/100
|turn|1
|
|t:|1759023375
|move|p2a: Rotom|Trick|p1a: Lanturn
|-activate|p2a: Rotom|move: Trick|[of] p1a: Lanturn
|-item|p1a: Lanturn|Choice Scarf|[from] move: Trick
|-item|p2a: Rotom|Leftovers|[from] move: Trick
|move|p1a: Lanturn|Volt Switch|p2a: Rotom
|-damage|p2a: Rotom|66/100
|
|t:|1759023400
|switch|p1a: Magnezone|Magnezone|100/100|[from] Volt Switch
|
|-heal|p2a: Rotom|73/100|[from] item: Leftovers
|upkeep
|turn|2
|
|t:|1759023407
|move|p2a: Rotom|Volt Switch|p1a: Magnezone
|-resisted|p1a: Magnezone
|-damage|p1a: Magnezone|82/100
|
|t:|1759023414
|switch|p2a: Arcanine|Arcanine-Hisui, F|100/100|[from] Volt Switch
|move|p1a: Magnezone|Flash Cannon|p2a: Arcanine
|-damage|p2a: Arcanine|49/100
|
|-heal|p1a: Magnezone|88/100|[from] item: Leftovers
|upkeep
|turn|3
|
|t:|1759023433
|move|p1a: Magnezone|Protect|p1a: Magnezone
|-singleturn|p1a: Magnezone|Protect
|move|p2a: Arcanine|Flame Charge|p1a: Magnezone
|-activate|p1a: Magnezone|move: Protect
|
|-heal|p1a: Magnezone|94/100|[from] item: Leftovers
|upkeep
|turn|4
|
|t:|1759023444
|switch|p1a: Lanturn|Lanturn, F|100/100
|move|p2a: Arcanine|Flare Blitz|p1a: Lanturn
|-resisted|p1a: Lanturn
|-damage|p1a: Lanturn|53/100
|-damage|p2a: Arcanine|39/100|[from] item: Life Orb
|
|upkeep
|turn|5
|
|t:|1759023453
|move|p2a: Arcanine|Head Smash|p1a: Lanturn
|-damage|p1a: Lanturn|0 fnt
|faint|p1a: Lanturn
|-damage|p2a: Arcanine|30/100|[from] item: Life Orb
|
|upkeep
|
|t:|1759023469
|switch|p1a: Zapdos|Zapdos|100/100
|turn|6
|
|t:|1759023473
|move|p1a: Zapdos|Volt Switch|p2a: Arcanine
|-damage|p2a: Arcanine|0 fnt
|faint|p2a: Arcanine
|
|t:|1759023479
|switch|p1a: Rotom|Rotom-Wash|100/100|[from] Volt Switch
|
|upkeep
|
|t:|1759023513
|switch|p2a: Lokix|Lokix, M|100/100
|turn|7
|
|t:|1759023516
|switch|p1a: Magnezone|Magnezone|94/100
|move|p2a: Lokix|First Impression|p1a: Magnezone
|-resisted|p1a: Magnezone
|-damage|p1a: Magnezone|60/100
|-damage|p2a: Lokix|91/100|[from] item: Life Orb
|
|-heal|p1a: Magnezone|66/100|[from] item: Leftovers
|upkeep
|turn|8
|
|t:|1759023526
|move|p2a: Lokix|U-turn|p1a: Magnezone
|-resisted|p1a: Magnezone
|-damage|p1a: Magnezone|39/100
|-damage|p2a: Lokix|81/100|[from] item: Life Orb
|
|t:|1759023534
|switch|p2a: Donphan|Donphan, M|100/100|[from] U-turn
|move|p1a: Magnezone|Thunder Wave|p2a: Donphan
|-immune|p2a: Donphan
|
|-heal|p1a: Magnezone|46/100|[from] item: Leftovers
|upkeep
|turn|9
|
|t:|1759023547
|switch|p1a: Rotom|Rotom-Wash|100/100
|move|p2a: Donphan|Knock Off|p1a: Rotom
|-damage|p1a: Rotom|68/100
|-enditem|p1a: Rotom|Assault Vest|[from] move: Knock Off|[of] p2a: Donphan
|
|upkeep
|turn|10
|
|t:|1759023555
|switch|p2a: Slowking|Slowking, F|100/100
|move|p1a: Rotom|Hydro Pump|p2a: Slowking
|-resisted|p2a: Slowking
|-damage|p2a: Slowking|85/100
|
|-heal|p2a: Slowking|91/100|[from] item: Leftovers
|upkeep
|turn|11
|
|t:|1759023567
|move|p1a: Rotom|Pain Split|p2a: Slowking
|-sethp|p2a: Slowking|67/100|[from] move: Pain Split|[silent]
|-sethp|p1a: Rotom|100/100|[from] move: Pain Split
|move|p2a: Slowking|Future Sight|p1a: Rotom
|-start|p2a: Slowking|move: Future Sight
|
|-heal|p2a: Slowking|73/100|[from] item: Leftovers
|upkeep
|turn|12
|
|t:|1759023584
|move|p1a: Rotom|Discharge|p2a: Slowking
|-supereffective|p2a: Slowking
|-damage|p2a: Slowking|27/100
|-status|p2a: Slowking|par
|move|p2a: Slowking|Scald|p1a: Rotom
|-resisted|p1a: Rotom
|-damage|p1a: Rotom|86/100
|
|-heal|p2a: Slowking|33/100 par|[from] item: Leftovers
|upkeep
|turn|13
|
|t:|1759023596
|switch|p2a: Donphan|Donphan, M|100/100
|move|p1a: Rotom|Pain Split|p2a: Donphan
|-sethp|p2a: Donphan|78/100|[from] move: Pain Split|[silent]
|-sethp|p1a: Rotom|100/100|[from] move: Pain Split
|
|-end|p1a: Rotom|move: Future Sight
|-damage|p1a: Rotom|63/100
|upkeep
|turn|14
|
|t:|1759023606
|move|p1a: Rotom|Hydro Pump|p2a: Donphan
|-supereffective|p2a: Donphan
|-damage|p2a: Donphan|0 fnt
|faint|p2a: Donphan
|
|upkeep
|
|t:|1759023622
|switch|p2a: Chandelure|Chandelure, M|100/100
|turn|15
|
|t:|1759023627
|switch|p1a: Magnezone|Magnezone|46/100
|move|p2a: Chandelure|Energy Ball|p1a: Magnezone
|-resisted|p1a: Magnezone
|-damage|p1a: Magnezone|29/100
|
|-heal|p1a: Magnezone|35/100|[from] item: Leftovers
|upkeep
|turn|16
|
|t:|1759023641
|switch|p2a: Rotom|Rotom-Wash|73/100
|move|p1a: Magnezone|Protect||[still]
|-fail|p1a: Magnezone
|
|-heal|p2a: Rotom|79/100|[from] item: Leftovers
|-heal|p1a: Magnezone|41/100|[from] item: Leftovers
|upkeep
|turn|17
|
|t:|1759023653
|move|p2a: Rotom|Hydro Pump|p1a: Magnezone
|-damage|p1a: Magnezone|0 fnt
|faint|p1a: Magnezone
|
|-heal|p2a: Rotom|85/100|[from] item: Leftovers
|upkeep
|
|t:|1759023666
|switch|p1a: Jolteon|Jolteon, M|100/100
|turn|18
|
|t:|1759023677
|move|p1a: Jolteon|Thunder|p2a: Rotom
|-damage|p2a: Rotom|0 fnt
|faint|p2a: Rotom
|-damage|p1a: Jolteon|91/100|[from] item: Life Orb
|
|upkeep
|
|t:|1759023685
|switch|p2a: Lokix|Lokix, M|81/100
|turn|19
|
|t:|1759023689
|switch|p1a: Golem|Golem-Alola, F|100/100
|move|p2a: Lokix|First Impression|p1a: Golem
|-damage|p1a: Golem|64/100
|-damage|p2a: Lokix|71/100|[from] item: Life Orb
|
|upkeep
|turn|20
|
|t:|1759023698
|move|p2a: Lokix|U-turn|p1a: Golem
|-damage|p1a: Golem|38/100
|-damage|p2a: Lokix|61/100|[from] item: Life Orb
|
|t:|1759023701
|switch|p2a: Slowking|Slowking, F|66/100 par|[from] U-turn
|move|p1a: Golem|Body Slam|p2a: Slowking
|-supereffective|p2a: Slowking
|-damage|p2a: Slowking|0 fnt
|faint|p2a: Slowking
|
|upkeep
|
|t:|1759023706
|switch|p2a: Lokix|Lokix, M|61/100
|turn|21
|
|t:|1759023717
|move|p1a: Golem|Endure|p1a: Golem
|-singleturn|p1a: Golem|move: Endure
|move|p2a: Lokix|First Impression|p1a: Golem
|-activate|p1a: Golem|move: Endure
|-damage|p1a: Golem|1/100
|-damage|p2a: Lokix|51/100|[from] item: Life Orb
|
|upkeep
|turn|22
|-enditem|p1a: Golem|Custap Berry|[eat]
|-activate|p1a: Golem|item: Custap Berry|[consumed]
|
|t:|1759023729
|move|p1a: Golem|Body Slam|p2a: Lokix
|-damage|p2a: Lokix|0 fnt
|faint|p2a: Lokix
|
|upkeep
|
|t:|1759023733
|switch|p2a: Chandelure|Chandelure, M|100/100
|turn|23
|
|t:|1759023740
|-terastallize|p2a: Chandelure|Ghost
|move|p2a: Chandelure|Shadow Ball|p1a: Golem
|-damage|p1a: Golem|0 fnt
|faint|p1a: Golem
|
|upkeep
|
|t:|1759023748
|switch|p1a: Jolteon|Jolteon, M|91/100
|turn|24
|
|t:|1759023754
|move|p2a: Chandelure|Shadow Ball|p1a: Jolteon
|-damage|p1a: Jolteon|12/100
|move|p1a: Jolteon|Shadow Ball|p2a: Chandelure
|-supereffective|p2a: Chandelure
|-damage|p2a: Chandelure|16/100
|-damage|p1a: Jolteon|2/100|[from] item: Life Orb
|
|upkeep
|turn|25
|
|t:|1759023764
|move|p2a: Chandelure|Shadow Ball|p1a: Jolteon
|-damage|p1a: Jolteon|0 fnt
|faint|p1a: Jolteon
|
|upkeep
|
|t:|1759023771
|switch|p1a: Rotom|Rotom-Wash|63/100
|turn|26
|
|t:|1759023775
|move|p2a: Chandelure|Shadow Ball|p1a: Rotom
|-damage|p1a: Rotom|2/100
|-unboost|p1a: Rotom|spd|1
|move|p1a: Rotom|Volt Switch|p2a: Chandelure
|-damage|p2a: Chandelure|0 fnt
|faint|p2a: Chandelure
|
|win|jumbolino
|raw|jumbolino's rating: 1076 &rarr; <strong>1109</strong><br />(+33 for winning)
|raw|are you jesus?'s rating: 1126 &rarr; <strong>1097</strong><br />(-29 for losing)
|l|☆are you jesus?
|player|p2|
|l|☆jumbolino
|player|p1|
