|j|☆JD Doggin'
|j|☆jessies boyfriend
|t:|1758940012
|gametype|singles
|player|p1|JD Doggin'|1|1254
|player|p2|jessies boyfriend|brock|1262
|gen|9
|tier|[Gen 9] OU
|rated|
|rule|HP Percentage Mod: HP is shown in percentages
|rule|Endless Battle Clause: Forcing endless battles is banned
|rule|Species Clause: Limit one of each Pokémon
|rule|OHKO Clause: OHKO moves are banned
|rule|Evasion Items Clause: Evasion items are banned
|rule|Evasion Moves Clause: Evasion moves are banned
|rule|Evasion Abilities Clause: Evasion abilities are banned
|rule|Sleep Moves Clause: Sleep-inducing moves are banned
|clearpoke
|poke|p1|Keldeo-Resolute|
|poke|p1|Iron Crown|
|poke|p1|Dragonite, F|
|poke|p1|Slowbro-Galar, M|
|poke|p1|Meloetta|
|poke|p1|Landorus-Therian, M|
|poke|p2|Walking Wake|
|poke|p2|Scream Tail|
|poke|p2|Heatran, M|
|poke|p2|Ninetales, M|
|poke|p2|Torkoal, F|
|poke|p2|Great Tusk|
|teampreview
|inactive|Battle timer is ON: inactive players will automatically lose when time's up. (requested by jessies boyfriend)
|
|t:|1758940023
|teamsize|p1|6
|teamsize|p2|6
|start
|switch|p1a: Landorus|Landorus-Therian, M|100/100
|switch|p2a: Ninetales|Ninetales, M|100/100
|-weather|SunnyDay|[from] ability: Drought|[of] p2a: Ninetales
|-ability|p1a: Landorus|Intimidate|boost
|-unboost|p2a: Ninetales|atk|1
|-enditem|p2a: Ninetales|Eject Pack
|
|t:|1758940029
|switch|p2a: Walking Wake|Walking Wake|100/100
|-activate|p2a: Walking Wake|ability: Protosynthesis
|-start|p2a: Walking Wake|protosynthesisspe
|turn|1
|
|t:|1758940035
|switch|p1a: Keldeo|Keldeo-Resolute|100/100
|move|p2a: Walking Wake|Hydro Steam|p1a: Keldeo
|-resisted|p1a: Keldeo
|-damage|p1a: Keldeo|69/100
|
|-weather|SunnyDay|[upkeep]
|upkeep
|turn|2
|
|t:|1758940045
|switch|p1a: Iron Crown|Iron Crown|100/100
|move|p2a: Walking Wake|Noble Roar|p1a: Iron Crown
|-unboost|p1a: Iron Crown|atk|1
|-unboost|p1a: Iron Crown|spa|1
|-enditem|p2a: Walking Wake|Throat Spray
|-boost|p2a: Walking Wake|spa|1|[from] item: Throat Spray
|
|-weather|SunnyDay|[upkeep]
|upkeep
|turn|3
|
|t:|1758940054
|move|p2a: Walking Wake|Flamethrower|p1a: Iron Crown
|-supereffective|p1a: Iron Crown
|-damage|p1a: Iron Crown|7/100
|move|p1a: Iron Crown|Volt Switch|p2a: Walking Wake
|-damage|p2a: Walking Wake|83/100
|
|t:|1758940065
|-end|p1a: Iron Crown|Quark Drive|[silent]
|switch|p1a: Meloetta|Meloetta|100/100|[from] Volt Switch
|
|-weather|SunnyDay|[upkeep]
|upkeep
|turn|4
|
|t:|1758940073
|move|p2a: Walking Wake|Snarl|p1a: Meloetta
|-supereffective|p1a: Meloetta
|-damage|p1a: Meloetta|81/100
|-unboost|p1a: Meloetta|spa|1
|move|p1a: Meloetta|Shadow Ball|p2a: Walking Wake
|-damage|p2a: Walking Wake|67/100
|
|-weather|SunnyDay|[upkeep]
|upkeep
|turn|5
|
|t:|1758940084
|move|p2a: Walking Wake|Hydro Steam|p1a: Meloetta
|-damage|p1a: Meloetta|51/100
|move|p1a: Meloetta|Shadow Ball|p2a: Walking Wake
|-damage|p2a: Walking Wake|49/100
|
|-weather|none
|-end|p2a: Walking Wake|Protosynthesis
|upkeep
|turn|6
|c|☆jessies boyfriend|that thing is FAT wowee
|
|t:|1758940109
|move|p2a: Walking Wake|Snarl|p1a: Meloetta
|-supereffective|p1a: Meloetta
|-damage|p1a: Meloetta|32/100
|-unboost|p1a: Meloetta|spa|1
|move|p1a: Meloetta|U-turn|p2a: Walking Wake
|-damage|p2a: Walking Wake|37/100
|inactive|JD Doggin' has 120 seconds left.
|
|t:|1758940146
|switch|p1a: Slowbro|Slowbro-Galar, M, shiny|100/100|[from] U-turn
|
|upkeep
|turn|7
|inactive|JD Doggin' has 120 seconds left.
|c|☆JD Doggin'|yeah it is
|c|☆JD Doggin'|thx man
|c|☆JD Doggin'|nice team
|
|t:|1758940164
|-terastallize|p2a: Walking Wake|Dark
|move|p2a: Walking Wake|Snarl|p1a: Slowbro
|-supereffective|p1a: Slowbro
|-damage|p1a: Slowbro|9/100
|-unboost|p1a: Slowbro|spa|1
|move|p1a: Slowbro|Sludge Wave|p2a: Walking Wake
|-damage|p2a: Walking Wake|2/100
|
|upkeep
|turn|8
|
|t:|1758940173
|move|p2a: Walking Wake|Hydro Steam|p1a: Slowbro
|-damage|p1a: Slowbro|0 fnt
|faint|p1a: Slowbro
|
|upkeep
|
|t:|1758940178
|switch|p1a: Dragonite|Dragonite, F|100/100
|turn|9
|
|t:|1758940182
|move|p1a: Dragonite|Extreme Speed|p2a: Walking Wake
|-damage|p2a: Walking Wake|0 fnt
|faint|p2a: Walking Wake
|-end|p2a: Walking Wake|Protosynthesis|[silent]
|
|upkeep
|
|t:|1758940186
|switch|p2a: Torkoal|Torkoal, F|100/100
|-weather|SunnyDay|[from] ability: Drought|[of] p2a: Torkoal
|turn|10
|
|t:|1758940190
|switch|p1a: Iron Crown|Iron Crown|7/100
|move|p2a: Torkoal|Will-O-Wisp|p1a: Iron Crown
|-status|p1a: Iron Crown|brn
|
|-weather|SunnyDay|[upkeep]
|-damage|p1a: Iron Crown|1/100 brn|[from] brn
|upkeep
|turn|11
|
|t:|1758940195
|switch|p2a: Heatran|Heatran, M|100/100
|move|p1a: Iron Crown|Future Sight|p2a: Heatran
|-start|p1a: Iron Crown|move: Future Sight
|
|-weather|SunnyDay|[upkeep]
|-damage|p1a: Iron Crown|0 fnt|[from] brn
|faint|p1a: Iron Crown
|-end|p1a: Iron Crown|Quark Drive|[silent]
|upkeep
|
|t:|1758940201
|switch|p1a: Landorus|Landorus-Therian, M|100/100
|-ability|p1a: Landorus|Intimidate|boost
|-unboost|p2a: Heatran|atk|1
|turn|12
|
|t:|1758940215
|switch|p2a: Great Tusk|Great Tusk|100/100
|-activate|p2a: Great Tusk|ability: Protosynthesis
|-start|p2a: Great Tusk|protosynthesisspe
|move|p1a: Landorus|Earthquake|p2a: Great Tusk
|-crit|p2a: Great Tusk
|-damage|p2a: Great Tusk|1/100
|
|-weather|SunnyDay|[upkeep]
|upkeep
|turn|13
|
|t:|1758940226
|switch|p1a: Meloetta|Meloetta|32/100
|move|p2a: Great Tusk|Headlong Rush|p1a: Meloetta
|-damage|p1a: Meloetta|0 fnt
|-unboost|p2a: Great Tusk|def|1
|-unboost|p2a: Great Tusk|spd|1
|faint|p1a: Meloetta
|
|-weather|SunnyDay|[upkeep]
|-end|p2a: Great Tusk|move: Future Sight
|-supereffective|p2a: Great Tusk
|-damage|p2a: Great Tusk|0 fnt
|faint|p2a: Great Tusk
|-end|p2a: Great Tusk|Protosynthesis|[silent]
|upkeep
|
|t:|1758940239
|switch|p2a: Scream Tail|Scream Tail, shiny|100/100
|switch|p1a: Landorus|Landorus-Therian, M|100/100
|-ability|p1a: Landorus|Intimidate|boost
|-unboost|p2a: Scream Tail|atk|1
|-activate|p2a: Scream Tail|ability: Protosynthesis
|-start|p2a: Scream Tail|protosynthesisspe
|turn|14
|
|t:|1758940250
|move|p2a: Scream Tail|Boomburst|p1a: Landorus
|-damage|p1a: Landorus|58/100
|-enditem|p2a: Scream Tail|Throat Spray
|-boost|p2a: Scream Tail|spa|1|[from] item: Throat Spray
|move|p1a: Landorus|Earthquake|p2a: Scream Tail
|-damage|p2a: Scream Tail|20/100
|
|-weather|none
|-end|p2a: Scream Tail|Protosynthesis
|upkeep
|turn|15
|
|t:|1758940272
|move|p2a: Scream Tail|Boomburst|p1a: Landorus
|-damage|p1a: Landorus|0 fnt
|faint|p1a: Landorus
|
|upkeep
|
|t:|1758940277
|switch|p1a: Dragonite|Dragonite, F|100/100
|turn|16
|
|t:|1758940282
|-terastallize|p1a: Dragonite|Ground
|move|p2a: Scream Tail|Boomburst|p1a: Dragonite
|-damage|p1a: Dragonite|75/100
|move|p1a: Dragonite|Dragon Dance|p1a: Dragonite
|-boost|p1a: Dragonite|atk|1
|-boost|p1a: Dragonite|spe|1
|
|upkeep
|turn|17
|
|t:|1758940289
|-end|p2a: Scream Tail|Protosynthesis|[silent]
|switch|p2a: Torkoal|Torkoal, F|100/100
|-weather|SunnyDay|[from] ability: Drought|[of] p2a: Torkoal
|move|p1a: Dragonite|Earthquake|p2a: Torkoal
|-supereffective|p2a: Torkoal
|-damage|p2a: Torkoal|0 fnt
|faint|p2a: Torkoal
|
|-weather|SunnyDay|[upkeep]
|upkeep
|
|t:|1758940297
|switch|p2a: Scream Tail|Scream Tail, shiny|20/100
|-activate|p2a: Scream Tail|ability: Protosynthesis
|-start|p2a: Scream Tail|protosynthesisspe
|turn|18
|
|t:|1758940303
|move|p1a: Dragonite|Extreme Speed|p2a: Scream Tail
|-damage|p2a: Scream Tail|0 fnt
|faint|p2a: Scream Tail
|-end|p2a: Scream Tail|Protosynthesis|[silent]
|
|-weather|SunnyDay|[upkeep]
|upkeep
|c|☆JD Doggin'|gg
|
|t:|1758940306
|switch|p2a: Heatran|Heatran, M|100/100
|turn|19
|
|t:|1758940309
|move|p1a: Dragonite|Earthquake|p2a: Heatran
|-supereffective|p2a: Heatran
|-damage|p2a: Heatran|0 fnt
|faint|p2a: Heatran
|
|-weather|SunnyDay|[upkeep]
|upkeep
|
|t:|1758940310
|switch|p2a: Ninetales|Ninetales, M|100/100
|turn|20
|
|t:|1758940313
|move|p1a: Dragonite|Earthquake|p2a: Ninetales
|-supereffective|p2a: Ninetales
|-damage|p2a: Ninetales|0 fnt
|faint|p2a: Ninetales
|
|win|JD Doggin'
|raw|JD Doggin&apos;'s rating: 1254 &rarr; <strong>1280</strong><br />(+26 for winning)
|raw|jessies boyfriend's rating: 1262 &rarr; <strong>1236</strong><br />(-26 for losing)
|c|☆jessies boyfriend|gg
