|j|‽Prof.Doofenshmirtz
|j|☆ILoveAdaWong22
|t:|1759027765
|gametype|singles
|player|p1|Prof.Doofenshmirtz|colress|1213
|player|p2|ILoveAdaWong22|volkner|1170
|gen|9
|tier|[Gen 9] OU
|rated|
|rule|HP Percentage Mod: HP is shown in percentages
|rule|Endless Battle Clause: Forcing endless battles is banned
|rule|Species Clause: Limit one of each Pokémon
|rule|OHKO Clause: OHKO moves are banned
|rule|Evasion Items Clause: Evasion items are banned
|rule|Evasion Moves Clause: Evasion moves are banned
|rule|Evasion Abilities Clause: Evasion abilities are banned
|rule|Sleep Moves Clause: Sleep-inducing moves are banned
|clearpoke
|poke|p1|Dondozo, M|
|poke|p1|Blissey, F|
|poke|p1|Corviknight, F|
|poke|p1|Weezing-Galar, F|
|poke|p1|Gliscor, M|
|poke|p1|Toxapex, F|
|poke|p2|Corviknight, F|
|poke|p2|Tyranitar, F|
|poke|p2|Golurk|
|poke|p2|Comfey, F|
|poke|p2|Tornadus, M|
|poke|p2|Porygon2|
|teampreview
|inactive|Battle timer is ON: inactive players will automatically lose when time's up. (requested by ILoveAdaWong22)
|
|t:|1759027779
|teamsize|p1|6
|teamsize|p2|6
|start
|switch|p1a: Toxapex|Toxapex, F|100/100
|switch|p2a: Tornadus|Tornadus, M|100/100
|turn|1
|
|t:|1759027784
|move|p2a: Tornadus|Taunt|p1a: Toxapex
|-start|p1a: Toxapex|move: Taunt
|cant|p1a: Toxapex|move: Taunt|Toxic
|
|upkeep
|turn|2
|
|t:|1759027801
|switch|p2a: Corviknight|Corviknight, F, shiny|100/100
|-ability|p2a: Corviknight|Pressure
|switch|p1a: Blissey|Blissey, F|100/100
|
|upkeep
|turn|3
|
|t:|1759027817
|move|p2a: Corviknight|Body Press|p1a: Blissey
|-supereffective|p1a: Blissey
|-damage|p1a: Blissey|48/100
|move|p1a: Blissey|Stealth Rock|p2a: Corviknight
|-sidestart|p2: ILoveAdaWong22|move: Stealth Rock
|
|-heal|p1a: Blissey|55/100|[from] item: Leftovers
|upkeep
|turn|4
|
|t:|1759027837
|switch|p1a: Corviknight|Corviknight, F|100/100
|-ability|p1a: Corviknight|Pressure
|move|p2a: Corviknight|Body Press|p1a: Corviknight
|-damage|p1a: Corviknight|84/100
|
|-heal|p1a: Corviknight|90/100|[from] item: Leftovers
|upkeep
|turn|5
|
|t:|1759027840
|move|p1a: Corviknight|Iron Defense|p1a: Corviknight
|-boost|p1a: Corviknight|def|2
|move|p2a: Corviknight|Iron Defense|p2a: Corviknight
|-boost|p2a: Corviknight|def|2
|
|-heal|p1a: Corviknight|96/100|[from] item: Leftovers
|upkeep
|turn|6
|
|t:|1759027843
|move|p1a: Corviknight|Iron Defense|p1a: Corviknight
|-boost|p1a: Corviknight|def|2
|move|p2a: Corviknight|Iron Defense|p2a: Corviknight
|-boost|p2a: Corviknight|def|2
|
|-heal|p1a: Corviknight|100/100|[from] item: Leftovers
|upkeep
|turn|7
|
|t:|1759027846
|move|p1a: Corviknight|Iron Defense|p1a: Corviknight
|-boost|p1a: Corviknight|def|2
|move|p2a: Corviknight|Defog|p1a: Corviknight
|-unboost|p1a: Corviknight|evasion|1
|-sideend|p2: ILoveAdaWong22|Stealth Rock|[from] move: Defog|[of] p2a: Corviknight
|
|upkeep
|turn|8
|
|t:|1759027853
|move|p1a: Corviknight|Body Press|p2a: Corviknight
|-damage|p2a: Corviknight|81/100
|move|p2a: Corviknight|Iron Defense|p2a: Corviknight
|-boost|p2a: Corviknight|def|2
|
|-heal|p2a: Corviknight|87/100|[from] item: Leftovers
|upkeep
|turn|9
|
|t:|1759027859
|move|p2a: Corviknight|Defog|p1a: Corviknight
|-unboost|p1a: Corviknight|evasion|1
|move|p1a: Corviknight|Body Press|p2a: Corviknight
|-damage|p2a: Corviknight|71/100
|
|-heal|p2a: Corviknight|78/100|[from] item: Leftovers
|upkeep
|turn|10
|
|t:|1759027866
|switch|p1a: Dondozo|Dondozo, M|100/100
|move|p2a: Corviknight|Defog|p1a: Dondozo
|-unboost|p1a: Dondozo|evasion|1
|
|-heal|p2a: Corviknight|84/100|[from] item: Leftovers
|upkeep
|turn|11
|
|t:|1759027875
|switch|p2a: Comfey|Comfey, F|100/100
|move|p1a: Dondozo|Body Press|p2a: Comfey
|-resisted|p2a: Comfey
|-damage|p2a: Comfey|80/100
|
|upkeep
|turn|12
|
|t:|1759027880
|switch|p1a: Blissey|Blissey, F|55/100
|move|p2a: Comfey|Draining Kiss|p1a: Blissey
|-damage|p1a: Blissey|45/100
|-heal|p2a: Comfey|100/100|[from] drain|[of] p1a: Blissey
|
|-heal|p1a: Blissey|51/100|[from] item: Leftovers
|upkeep
|turn|13
|
|t:|1759027886
|switch|p2a: Golurk|Golurk|100/100
|move|p1a: Blissey|Soft-Boiled|p1a: Blissey
|-heal|p1a: Blissey|100/100
|
|upkeep
|turn|14
|
|t:|1759027896
|switch|p1a: Gliscor|Gliscor, M|100/100
|move|p2a: Golurk|Stealth Rock|p1a: Gliscor
|-sidestart|p1: Prof.Doofenshmirtz|move: Stealth Rock
|
|-status|p1a: Gliscor|tox|[from] item: Toxic Orb
|upkeep
|turn|15
|
|t:|1759027903
|switch|p2a: Corviknight|Corviknight, F, shiny|84/100
|-ability|p2a: Corviknight|Pressure
|move|p1a: Gliscor|Spikes|p2a: Corviknight
|-sidestart|p2: ILoveAdaWong22|Spikes
|
|-heal|p2a: Corviknight|90/100|[from] item: Leftovers
|upkeep
|turn|16
|
|t:|1759027909
|switch|p1a: Dondozo|Dondozo, M|100/100
|-damage|p1a: Dondozo|88/100|[from] Stealth Rock
|move|p2a: Corviknight|Defog|p1a: Dondozo
|-unboost|p1a: Dondozo|evasion|1
|-sideend|p1: Prof.Doofenshmirtz|Stealth Rock|[from] move: Defog|[of] p2a: Corviknight
|-sideend|p2: ILoveAdaWong22|Spikes|[from] move: Defog|[of] p2a: Corviknight
|
|-heal|p2a: Corviknight|96/100|[from] item: Leftovers
|-heal|p1a: Dondozo|94/100|[from] item: Leftovers
|upkeep
|turn|17
|
|t:|1759027913
|move|p2a: Corviknight|Iron Defense|p2a: Corviknight
|-boost|p2a: Corviknight|def|2
|move|p1a: Dondozo|Body Press|p2a: Corviknight
|-damage|p2a: Corviknight|79/100
|
|-heal|p2a: Corviknight|85/100|[from] item: Leftovers
|-heal|p1a: Dondozo|100/100|[from] item: Leftovers
|upkeep
|turn|18
|
|t:|1759027924
|switch|p1a: Weezing|Weezing-Galar, F|100/100
|-ability|p1a: Weezing|Neutralizing Gas
|move|p2a: Corviknight|Iron Defense|p2a: Corviknight
|-boost|p2a: Corviknight|def|2
|
|-heal|p2a: Corviknight|92/100|[from] item: Leftovers
|upkeep
|turn|19
|
|t:|1759027934
|move|p2a: Corviknight|Body Press|p1a: Weezing
|-resisted|p1a: Weezing
|-damage|p1a: Weezing|87/100
|move|p1a: Weezing|Will-O-Wisp|p2a: Corviknight
|-status|p2a: Corviknight|brn
|
|-heal|p2a: Corviknight|98/100 brn|[from] item: Leftovers
|-damage|p2a: Corviknight|92/100 brn|[from] brn
|upkeep
|turn|20
|
|t:|1759027952
|-end|p1a: Weezing|ability: Neutralizing Gas
|-ability|p2a: Corviknight|Pressure
|switch|p1a: Toxapex|Toxapex, F|100/100
|move|p2a: Corviknight|Iron Defense|p2a: Corviknight
|-boost|p2a: Corviknight|def|2
|
|-heal|p2a: Corviknight|98/100 brn|[from] item: Leftovers
|-damage|p2a: Corviknight|92/100 brn|[from] brn
|upkeep
|turn|21
|
|t:|1759027959
|move|p2a: Corviknight|Body Press|p1a: Toxapex
|-resisted|p1a: Toxapex
|-damage|p1a: Toxapex|81/100
|move|p1a: Toxapex|Toxic Spikes|p2a: Corviknight
|-sidestart|p2: ILoveAdaWong22|move: Toxic Spikes
|
|-heal|p2a: Corviknight|98/100 brn|[from] item: Leftovers
|-heal|p1a: Toxapex|88/100|[from] item: Leftovers
|-damage|p2a: Corviknight|92/100 brn|[from] brn
|upkeep
|turn|22
|
|t:|1759027966
|move|p2a: Corviknight|Defog|p1a: Toxapex
|-unboost|p1a: Toxapex|evasion|1
|-sideend|p2: ILoveAdaWong22|Toxic Spikes|[from] move: Defog|[of] p2a: Corviknight
|move|p1a: Toxapex|Toxic Spikes|p2a: Corviknight
|-sidestart|p2: ILoveAdaWong22|move: Toxic Spikes
|
|-heal|p2a: Corviknight|98/100 brn|[from] item: Leftovers
|-heal|p1a: Toxapex|94/100|[from] item: Leftovers
|-damage|p2a: Corviknight|92/100 brn|[from] brn
|upkeep
|turn|23
|
|t:|1759027971
|move|p2a: Corviknight|Defog|p1a: Toxapex
|-unboost|p1a: Toxapex|evasion|1
|-sideend|p2: ILoveAdaWong22|Toxic Spikes|[from] move: Defog|[of] p2a: Corviknight
|move|p1a: Toxapex|Haze|p1a: Toxapex
|-clearallboost
|
|-heal|p2a: Corviknight|98/100 brn|[from] item: Leftovers
|-heal|p1a: Toxapex|99/100|[from] item: Leftovers
|-damage|p2a: Corviknight|92/100 brn|[from] brn
|upkeep
|turn|24
|
|t:|1759027986
|switch|p2a: Golurk|Golurk|100/100
|switch|p1a: Blissey|Blissey, F|100/100
|
|upkeep
|turn|25
|
|t:|1759027998
|switch|p1a: Weezing|Weezing-Galar, F|87/100
|-ability|p1a: Weezing|Neutralizing Gas
|move|p2a: Golurk|Poltergeist|p1a: Weezing
|-activate|p1a: Weezing|move: Poltergeist|Heavy-Duty Boots
|-damage|p1a: Weezing|47/100
|
|upkeep
|turn|26
|
|t:|1759028010
|move|p1a: Weezing|Will-O-Wisp|p2a: Golurk
|-status|p2a: Golurk|brn
|move|p2a: Golurk|Earthquake|p1a: Weezing
|-supereffective|p1a: Weezing
|-damage|p1a: Weezing|12/100
|
|-damage|p2a: Golurk|94/100 brn|[from] brn
|upkeep
|turn|27
|
|t:|1759028019
|move|p1a: Weezing|Pain Split|p2a: Golurk
|-sethp|p2a: Golurk|52/100 brn|[from] move: Pain Split|[silent]
|-sethp|p1a: Weezing|60/100|[from] move: Pain Split
|move|p2a: Golurk|Earthquake|p1a: Weezing
|-supereffective|p1a: Weezing
|-damage|p1a: Weezing|24/100
|
|-heal|p2a: Golurk|58/100 brn|[from] item: Leftovers
|-damage|p2a: Golurk|52/100 brn|[from] brn
|upkeep
|turn|28
|
|t:|1759028024
|move|p1a: Weezing|Pain Split|p2a: Golurk
|-sethp|p2a: Golurk|37/100 brn|[from] move: Pain Split|[silent]
|-sethp|p1a: Weezing|42/100|[from] move: Pain Split
|move|p2a: Golurk|Curse|p1a: Weezing
|-start|p1a: Weezing|Curse|[of] p2a: Golurk
|-damage|p2a: Golurk|0 fnt
|faint|p2a: Golurk
|
|-damage|p1a: Weezing|17/100|[from] Curse
|upkeep
|
|t:|1759028029
|switch|p2a: Tornadus|Tornadus, M|100/100
|turn|29
|
|t:|1759028032
|move|p2a: Tornadus|Taunt|p1a: Weezing
|-start|p1a: Weezing|move: Taunt
|move|p1a: Weezing|Strange Steam|p2a: Tornadus
|-damage|p2a: Tornadus|65/100
|
|-heal|p2a: Tornadus|71/100|[from] item: Leftovers
|-damage|p1a: Weezing|0 fnt|[from] Curse
|faint|p1a: Weezing
|-end|p1a: Weezing|ability: Neutralizing Gas
|upkeep
|
|t:|1759028053
|switch|p1a: Blissey|Blissey, F|100/100
|turn|30
|
|t:|1759028061
|move|p2a: Tornadus|Taunt|p1a: Blissey
|-start|p1a: Blissey|move: Taunt
|move|p1a: Blissey|Seismic Toss|p2a: Tornadus
|-damage|p2a: Tornadus|38/100
|
|-heal|p2a: Tornadus|44/100|[from] item: Leftovers
|upkeep
|turn|31
|
|t:|1759028069
|switch|p2a: Tyranitar|Tyranitar, F, shiny|100/100
|-weather|Sandstorm|[from] ability: Sand Stream|[of] p2a: Tyranitar
|move|p1a: Blissey|Seismic Toss|p2a: Tyranitar
|-damage|p2a: Tyranitar|71/100
|
|-weather|Sandstorm|[upkeep]
|-damage|p1a: Blissey|94/100|[from] Sandstorm
|-heal|p1a: Blissey|100/100|[from] item: Leftovers
|upkeep
|turn|32
|
|t:|1759028081
|switch|p1a: Dondozo|Dondozo, M|100/100
|move|p2a: Tyranitar|Knock Off|p1a: Dondozo
|-crit|p1a: Dondozo
|-damage|p1a: Dondozo|60/100
|-enditem|p1a: Dondozo|Leftovers|[from] move: Knock Off|[of] p2a: Tyranitar
|
|-weather|Sandstorm|[upkeep]
|-damage|p1a: Dondozo|54/100|[from] Sandstorm
|upkeep
|turn|33
|
|t:|1759028091
|switch|p2a: Comfey|Comfey, F|100/100
|move|p1a: Dondozo|Rest|p1a: Dondozo
|-status|p1a: Dondozo|slp|[from] move: Rest
|-heal|p1a: Dondozo|100/100 slp|[silent]
|
|-weather|Sandstorm|[upkeep]
|-damage|p2a: Comfey|94/100|[from] Sandstorm
|-damage|p1a: Dondozo|94/100 slp|[from] Sandstorm
|upkeep
|turn|34
|
|t:|1759028099
|move|p2a: Comfey|Giga Drain|p1a: Dondozo
|-supereffective|p1a: Dondozo
|-damage|p1a: Dondozo|37/100 slp
|-heal|p2a: Comfey|100/100|[from] drain|[of] p1a: Dondozo
|cant|p1a: Dondozo|slp
|move|p1a: Dondozo|Sleep Talk|p1a: Dondozo
|move|p1a: Dondozo|Body Press|p2a: Comfey|[from] move: Sleep Talk
|-resisted|p2a: Comfey
|-damage|p2a: Comfey|77/100
|
|-weather|Sandstorm|[upkeep]
|-damage|p2a: Comfey|71/100|[from] Sandstorm
|-damage|p1a: Dondozo|31/100 slp|[from] Sandstorm
|upkeep
|turn|35
|
|t:|1759028113
|switch|p1a: Toxapex|Toxapex, F|100/100
|move|p2a: Comfey|Giga Drain|p1a: Toxapex
|-damage|p1a: Toxapex|81/100
|-heal|p2a: Comfey|84/100|[from] drain|[of] p1a: Toxapex
|
|-weather|none
|-heal|p1a: Toxapex|87/100|[from] item: Leftovers
|upkeep
|turn|36
|
|t:|1759028117
|switch|p2a: Corviknight|Corviknight, F, shiny|92/100 brn
|-ability|p2a: Corviknight|Pressure
|move|p1a: Toxapex|Toxic Spikes|p2a: Corviknight
|-sidestart|p2: ILoveAdaWong22|move: Toxic Spikes
|
|-heal|p2a: Corviknight|98/100 brn|[from] item: Leftovers
|-heal|p1a: Toxapex|93/100|[from] item: Leftovers
|-damage|p2a: Corviknight|92/100 brn|[from] brn
|upkeep
|turn|37
|
|t:|1759028122
|switch|p1a: Dondozo|Dondozo, M|31/100 slp
|move|p2a: Corviknight|Defog|p1a: Dondozo
|-unboost|p1a: Dondozo|evasion|1
|-sideend|p2: ILoveAdaWong22|Toxic Spikes|[from] move: Defog|[of] p2a: Corviknight
|
|-heal|p2a: Corviknight|98/100 brn|[from] item: Leftovers
|-damage|p2a: Corviknight|92/100 brn|[from] brn
|upkeep
|turn|38
|
|t:|1759028126
|move|p2a: Corviknight|Body Press|p1a: Dondozo
|-damage|p1a: Dondozo|25/100 slp
|cant|p1a: Dondozo|slp
|move|p1a: Dondozo|Sleep Talk|p1a: Dondozo
|move|p1a: Dondozo|Avalanche|p2a: Corviknight|[from] move: Sleep Talk
|-damage|p2a: Corviknight|74/100 brn
|
|-heal|p2a: Corviknight|81/100 brn|[from] item: Leftovers
|-damage|p2a: Corviknight|74/100 brn|[from] brn
|upkeep
|turn|39
|
|t:|1759028131
|switch|p2a: Comfey|Comfey, F|84/100
|-curestatus|p1a: Dondozo|slp|[msg]
|move|p1a: Dondozo|Rest|p1a: Dondozo
|-status|p1a: Dondozo|slp|[from] move: Rest
|-heal|p1a: Dondozo|100/100 slp|[silent]
|
|upkeep
|turn|40
|
|t:|1759028135
|switch|p1a: Toxapex|Toxapex, F|100/100
|move|p2a: Comfey|Giga Drain|p1a: Toxapex
|-damage|p1a: Toxapex|82/100
|-heal|p2a: Comfey|96/100|[from] drain|[of] p1a: Toxapex
|
|-heal|p1a: Toxapex|88/100|[from] item: Leftovers
|upkeep
|turn|41
|
|t:|1759028151
|switch|p2a: Tornadus|Tornadus, M|44/100
|move|p1a: Toxapex|Toxic|p2a: Tornadus
|-status|p2a: Tornadus|tox
|
|-heal|p2a: Tornadus|50/100 tox|[from] item: Leftovers
|-heal|p1a: Toxapex|94/100|[from] item: Leftovers
|-damage|p2a: Tornadus|44/100 tox|[from] psn
|upkeep
|turn|42
|
|t:|1759028171
|switch|p1a: Blissey|Blissey, F|100/100
|move|p2a: Tornadus|Bleakwind Storm|p1a: Blissey
|-damage|p1a: Blissey|84/100
|-unboost|p1a: Blissey|spe|1
|
|-heal|p2a: Tornadus|50/100 tox|[from] item: Leftovers
|-heal|p1a: Blissey|90/100|[from] item: Leftovers
|-damage|p2a: Tornadus|38/100 tox|[from] psn
|upkeep
|turn|43
|
|t:|1759028181
|switch|p2a: Porygon2|Porygon2, shiny|100/100
|-ability|p2a: Porygon2|Download|boost
|-boost|p2a: Porygon2|atk|1
|move|p1a: Blissey|Seismic Toss|p2a: Porygon2
|-damage|p2a: Porygon2|71/100
|
|-heal|p1a: Blissey|96/100|[from] item: Leftovers
|upkeep
|turn|44
|
|t:|1759028189
|move|p2a: Porygon2|Tri Attack|p1a: Blissey
|-damage|p1a: Blissey|85/100
|move|p1a: Blissey|Calm Mind|p1a: Blissey
|-boost|p1a: Blissey|spa|1
|-boost|p1a: Blissey|spd|1
|
|-heal|p1a: Blissey|91/100|[from] item: Leftovers
|upkeep
|turn|45
|
|t:|1759028195
|switch|p2a: Tornadus|Tornadus, M|38/100 tox
|move|p1a: Blissey|Stealth Rock|p2a: Tornadus
|-sidestart|p2: ILoveAdaWong22|move: Stealth Rock
|
|-heal|p2a: Tornadus|44/100 tox|[from] item: Leftovers
|-heal|p1a: Blissey|97/100|[from] item: Leftovers
|-damage|p2a: Tornadus|38/100 tox|[from] psn
|upkeep
|turn|46
|
|t:|1759028199
|move|p2a: Tornadus|Taunt|p1a: Blissey
|-start|p1a: Blissey|move: Taunt
|move|p1a: Blissey|Seismic Toss|p2a: Tornadus
|-damage|p2a: Tornadus|4/100 tox
|
|-heal|p2a: Tornadus|10/100 tox|[from] item: Leftovers
|-heal|p1a: Blissey|100/100|[from] item: Leftovers
|-damage|p2a: Tornadus|0 fnt|[from] psn
|faint|p2a: Tornadus
|upkeep
|
|t:|1759028201
|switch|p2a: Corviknight|Corviknight, F, shiny|74/100 brn
|-damage|p2a: Corviknight|62/100 brn|[from] Stealth Rock
|-ability|p2a: Corviknight|Pressure
|turn|47
|
|t:|1759028204
|move|p2a: Corviknight|Body Press|p1a: Blissey
|-supereffective|p1a: Blissey
|-damage|p1a: Blissey|73/100
|move|p1a: Blissey|Seismic Toss|p2a: Corviknight
|-damage|p2a: Corviknight|37/100 brn
|
|-heal|p2a: Corviknight|43/100 brn|[from] item: Leftovers
|-heal|p1a: Blissey|79/100|[from] item: Leftovers
|-damage|p2a: Corviknight|37/100 brn|[from] brn
|upkeep
|turn|48
|
|t:|1759028211
|move|p2a: Corviknight|Defog|p1a: Blissey
|-unboost|p1a: Blissey|evasion|1
|-sideend|p2: ILoveAdaWong22|Stealth Rock|[from] move: Defog|[of] p2a: Corviknight
|move|p1a: Blissey|Seismic Toss|p2a: Corviknight
|-damage|p2a: Corviknight|12/100 brn
|
|-heal|p2a: Corviknight|18/100 brn|[from] item: Leftovers
|-heal|p1a: Blissey|86/100|[from] item: Leftovers
|-damage|p2a: Corviknight|12/100 brn|[from] brn
|-end|p1a: Blissey|move: Taunt
|upkeep
|turn|49
|
|t:|1759028220
|move|p2a: Corviknight|Roost|p2a: Corviknight
|-heal|p2a: Corviknight|62/100 brn
|-singleturn|p2a: Corviknight|move: Roost
|move|p1a: Blissey|Seismic Toss|p2a: Corviknight
|-damage|p2a: Corviknight|37/100 brn
|
|-heal|p2a: Corviknight|43/100 brn|[from] item: Leftovers
|-heal|p1a: Blissey|92/100|[from] item: Leftovers
|-damage|p2a: Corviknight|37/100 brn|[from] brn
|upkeep
|turn|50
|
|t:|1759028229
|move|p2a: Corviknight|Roost|p2a: Corviknight
|-heal|p2a: Corviknight|87/100 brn
|-singleturn|p2a: Corviknight|move: Roost
|move|p1a: Blissey|Seismic Toss|p2a: Corviknight
|-damage|p2a: Corviknight|62/100 brn
|
|-heal|p2a: Corviknight|68/100 brn|[from] item: Leftovers
|-heal|p1a: Blissey|98/100|[from] item: Leftovers
|-damage|p2a: Corviknight|62/100 brn|[from] brn
|upkeep
|turn|51
|
|t:|1759028239
|switch|p1a: Gliscor|Gliscor, M|100/100 tox
|move|p2a: Corviknight|Roost|p2a: Corviknight
|-heal|p2a: Corviknight|100/100 brn
|-singleturn|p2a: Corviknight|move: Roost
|
|-damage|p2a: Corviknight|94/100 brn|[from] brn
|upkeep
|turn|52
|
|t:|1759028243
|move|p1a: Gliscor|Knock Off|p2a: Corviknight
|-damage|p2a: Corviknight|80/100 brn
|-enditem|p2a: Corviknight|Leftovers|[from] move: Knock Off|[of] p1a: Gliscor
|move|p2a: Corviknight|Iron Defense|p2a: Corviknight
|-boost|p2a: Corviknight|def|2
|
|-damage|p2a: Corviknight|74/100 brn|[from] brn
|upkeep
|turn|53
|
|t:|1759028253
|switch|p1a: Dondozo|Dondozo, M|100/100 slp
|switch|p2a: Comfey|Comfey, F|96/100
|
|upkeep
|turn|54
|
|t:|1759028259
|switch|p1a: Toxapex|Toxapex, F|100/100
|-terastallize|p2a: Comfey|Ground
|move|p2a: Comfey|Tera Blast|p1a: Toxapex|[anim] Tera Blast Ground
|-supereffective|p1a: Toxapex
|-damage|p1a: Toxapex|39/100
|
|-heal|p1a: Toxapex|45/100|[from] item: Leftovers
|upkeep
|turn|55
|
|t:|1759028276
|switch|p2a: Tyranitar|Tyranitar, F, shiny|71/100
|-weather|Sandstorm|[from] ability: Sand Stream|[of] p2a: Tyranitar
|-terastallize|p1a: Toxapex|Steel
|move|p1a: Toxapex|Recover|p1a: Toxapex
|-heal|p1a: Toxapex|95/100
|
|-weather|Sandstorm|[upkeep]
|-heal|p1a: Toxapex|100/100|[from] item: Leftovers
|upkeep
|turn|56
|
|t:|1759028285
|switch|p2a: Corviknight|Corviknight, F, shiny|74/100 brn
|-ability|p2a: Corviknight|Pressure
|switch|p1a: Dondozo|Dondozo, M|100/100 slp
|
|-weather|Sandstorm|[upkeep]
|-damage|p1a: Dondozo|94/100 slp|[from] Sandstorm
|-damage|p2a: Corviknight|68/100 brn|[from] brn
|upkeep
|turn|57
|
|t:|1759028291
|switch|p2a: Comfey|Comfey, F, tera:Ground|96/100
|cant|p1a: Dondozo|slp
|move|p1a: Dondozo|Sleep Talk|p1a: Dondozo
|move|p1a: Dondozo|Body Press|p2a: Comfey|[from] move: Sleep Talk
|-damage|p2a: Comfey|52/100
|
|-weather|Sandstorm|[upkeep]
|-damage|p1a: Dondozo|88/100 slp|[from] Sandstorm
|upkeep
|turn|58
|
|t:|1759028308
|switch|p1a: Gliscor|Gliscor, M|100/100 tox
|move|p2a: Comfey|Giga Drain|p1a: Gliscor
|-damage|p1a: Gliscor|75/100 tox
|-heal|p2a: Comfey|70/100|[from] drain|[of] p1a: Gliscor
|
|-weather|Sandstorm|[upkeep]
|-heal|p1a: Gliscor|88/100 tox|[from] ability: Poison Heal
|upkeep
|turn|59
|
|t:|1759028317
|switch|p2a: Corviknight|Corviknight, F, shiny|68/100 brn
|-ability|p2a: Corviknight|Pressure
|move|p1a: Gliscor|Protect||[still]
|-fail|p1a: Gliscor
|
|-weather|none
|-heal|p1a: Gliscor|100/100 tox|[from] ability: Poison Heal
|-damage|p2a: Corviknight|61/100 brn|[from] brn
|upkeep
|turn|60
|
|t:|1759028325
|switch|p1a: Dondozo|Dondozo, M|88/100 slp
|move|p2a: Corviknight|Iron Defense|p2a: Corviknight
|-boost|p2a: Corviknight|def|2
|
|-damage|p2a: Corviknight|55/100 brn|[from] brn
|upkeep
|turn|61
|
|t:|1759028329
|move|p2a: Corviknight|Roost|p2a: Corviknight
|-heal|p2a: Corviknight|100/100 brn
|-singleturn|p2a: Corviknight|move: Roost
|cant|p1a: Dondozo|slp
|move|p1a: Dondozo|Sleep Talk|p1a: Dondozo
|move|p1a: Dondozo|Body Press|p2a: Corviknight|[from] move: Sleep Talk
|-supereffective|p2a: Corviknight
|-damage|p2a: Corviknight|65/100 brn
|
|-damage|p2a: Corviknight|59/100 brn|[from] brn
|upkeep
|turn|62
|
|t:|1759028341
|move|p2a: Corviknight|Roost|p2a: Corviknight
|-heal|p2a: Corviknight|100/100 brn
|-singleturn|p2a: Corviknight|move: Roost
|-curestatus|p1a: Dondozo|slp|[msg]
|move|p1a: Dondozo|Body Press|p2a: Corviknight
|-supereffective|p2a: Corviknight
|-crit|p2a: Corviknight
|-damage|p2a: Corviknight|51/100 brn
|
|-damage|p2a: Corviknight|45/100 brn|[from] brn
|upkeep
|turn|63
|l|☆ILoveAdaWong22
|inactive|ILoveAdaWong22 disconnected and has a minute to reconnect!
|player|p2|
|
|t:|1759028368
|move|p2a: Corviknight|Roost|p2a: Corviknight
|-heal|p2a: Corviknight|95/100 brn
|-singleturn|p2a: Corviknight|move: Roost
|move|p1a: Dondozo|Body Press|p2a: Corviknight
|-supereffective|p2a: Corviknight
|-damage|p2a: Corviknight|64/100 brn
|
|-damage|p2a: Corviknight|58/100 brn|[from] brn
|upkeep
|turn|64
|j|☆ILoveAdaWong22
|inactive|ILoveAdaWong22 reconnected and has 140 seconds left.
|player|p2|ILoveAdaWong22|volkner|
|
|t:|1759028385
|switch|p1a: Toxapex|Toxapex, F, tera:Steel|100/100
|move|p2a: Corviknight|Roost|p2a: Corviknight
|-heal|p2a: Corviknight|100/100 brn
|-singleturn|p2a: Corviknight|move: Roost
|
|-damage|p2a: Corviknight|94/100 brn|[from] brn
|upkeep
|turn|65
|
|t:|1759028391
|move|p2a: Corviknight|Body Press|p1a: Toxapex
|-supereffective|p1a: Toxapex
|-damage|p1a: Toxapex|57/100
|move|p1a: Toxapex|Haze|p1a: Toxapex
|-clearallboost
|
|-heal|p1a: Toxapex|64/100|[from] item: Leftovers
|-damage|p2a: Corviknight|88/100 brn|[from] brn
|upkeep
|turn|66
|
|t:|1759028397
|switch|p1a: Dondozo|Dondozo, M|88/100
|move|p2a: Corviknight|Iron Defense|p2a: Corviknight
|-boost|p2a: Corviknight|def|2
|
|-damage|p2a: Corviknight|82/100 brn|[from] brn
|upkeep
|turn|67
|
|t:|1759028418
|switch|p1a: Corviknight|Corviknight, F|100/100
|-ability|p1a: Corviknight|Pressure
|move|p2a: Corviknight|Iron Defense|p2a: Corviknight
|-boost|p2a: Corviknight|def|2
|
|-damage|p2a: Corviknight|75/100 brn|[from] brn
|upkeep
|turn|68
|
|t:|1759028429
|move|p2a: Corviknight|Body Press|p1a: Corviknight
|-damage|p1a: Corviknight|78/100
|move|p1a: Corviknight|Iron Defense|p1a: Corviknight
|-boost|p1a: Corviknight|def|2
|
|-heal|p1a: Corviknight|84/100|[from] item: Leftovers
|-damage|p2a: Corviknight|69/100 brn|[from] brn
|upkeep
|turn|69
|
|t:|1759028452
|move|p1a: Corviknight|Iron Defense|p1a: Corviknight
|-boost|p1a: Corviknight|def|2
|move|p2a: Corviknight|Body Press|p1a: Corviknight
|-damage|p1a: Corviknight|76/100
|
|-heal|p1a: Corviknight|82/100|[from] item: Leftovers
|-damage|p2a: Corviknight|63/100 brn|[from] brn
|upkeep
|turn|70
|
|t:|1759028465
|move|p1a: Corviknight|Iron Defense|p1a: Corviknight
|-boost|p1a: Corviknight|def|2
|move|p2a: Corviknight|Iron Defense|p2a: Corviknight
|-boost|p2a: Corviknight|def|2
|
|-heal|p1a: Corviknight|89/100|[from] item: Leftovers
|-damage|p2a: Corviknight|57/100 brn|[from] brn
|upkeep
|turn|71
|
|t:|1759028469
|move|p2a: Corviknight|Iron Defense|p2a: Corviknight
|-boost|p2a: Corviknight|def|0
|move|p1a: Corviknight|Body Press|p2a: Corviknight
|-damage|p2a: Corviknight|39/100 brn
|
|-heal|p1a: Corviknight|95/100|[from] item: Leftovers
|-damage|p2a: Corviknight|33/100 brn|[from] brn
|upkeep
|turn|72
|
|t:|1759028474
|move|p1a: Corviknight|Body Press|p2a: Corviknight
|-damage|p2a: Corviknight|18/100 brn
|move|p2a: Corviknight|Roost|p2a: Corviknight
|-heal|p2a: Corviknight|68/100 brn
|-singleturn|p2a: Corviknight|move: Roost
|
|-heal|p1a: Corviknight|100/100|[from] item: Leftovers
|-damage|p2a: Corviknight|61/100 brn|[from] brn
|upkeep
|turn|73
|
|t:|1759028481
|move|p1a: Corviknight|Body Press|p2a: Corviknight
|-damage|p2a: Corviknight|46/100 brn
|move|p2a: Corviknight|Iron Defense|p2a: Corviknight
|-boost|p2a: Corviknight|def|0
|
|-damage|p2a: Corviknight|39/100 brn|[from] brn
|upkeep
|turn|74
|
|t:|1759028484
|move|p2a: Corviknight|Iron Defense|p2a: Corviknight
|-boost|p2a: Corviknight|def|0
|move|p1a: Corviknight|Body Press|p2a: Corviknight
|-damage|p2a: Corviknight|25/100 brn
|
|-damage|p2a: Corviknight|19/100 brn|[from] brn
|upkeep
|turn|75
|
|t:|1759028492
|move|p1a: Corviknight|Defog|p2a: Corviknight
|-unboost|p2a: Corviknight|evasion|1
|move|p2a: Corviknight|Iron Defense|p2a: Corviknight
|-boost|p2a: Corviknight|def|0
|
|-damage|p2a: Corviknight|12/100 brn|[from] brn
|upkeep
|turn|76
|
|t:|1759028500
|switch|p2a: Porygon2|Porygon2, shiny|71/100
|-ability|p2a: Porygon2|Download|boost
|-boost|p2a: Porygon2|spa|1
|move|p1a: Corviknight|Defog|p2a: Porygon2
|-unboost|p2a: Porygon2|evasion|1
|
|upkeep
|turn|77
|
|t:|1759028511
|move|p1a: Corviknight|Body Press|p2a: Porygon2
|-supereffective|p2a: Porygon2
|-damage|p2a: Porygon2|0 fnt
|faint|p2a: Porygon2
|
|upkeep
|
|t:|1759028516
|switch|p2a: Comfey|Comfey, F, tera:Ground|70/100
|turn|78
|
|t:|1759028518
|move|p2a: Comfey|Petal Dance|p1a: Corviknight
|-resisted|p1a: Corviknight
|-damage|p1a: Corviknight|88/100
|move|p1a: Corviknight|Body Press|p2a: Comfey
|-damage|p2a: Comfey|0 fnt
|faint|p2a: Comfey
|
|-heal|p1a: Corviknight|94/100|[from] item: Leftovers
|upkeep
|
|t:|1759028523
|switch|p2a: Tyranitar|Tyranitar, F, shiny|71/100
|-weather|Sandstorm|[from] ability: Sand Stream|[of] p2a: Tyranitar
|turn|79
|
|t:|1759028526
|move|p1a: Corviknight|Body Press|p2a: Tyranitar
|-supereffective|p2a: Tyranitar
|-damage|p2a: Tyranitar|0 fnt
|faint|p2a: Tyranitar
|
|-weather|Sandstorm|[upkeep]
|-heal|p1a: Corviknight|99/100|[from] item: Leftovers
|upkeep
|
|t:|1759028528
|switch|p2a: Corviknight|Corviknight, F, shiny|12/100 brn
|-ability|p2a: Corviknight|Pressure
|turn|80
|
|t:|1759028530
|move|p1a: Corviknight|Body Press|p2a: Corviknight
|-damage|p2a: Corviknight|0 fnt
|faint|p2a: Corviknight
|
|win|Prof.Doofenshmirtz
|raw|Prof.Doofenshmirtz's rating: 1213 &rarr; <strong>1235</strong><br />(+22 for winning)
|raw|ILoveAdaWong22's rating: 1170 &rarr; <strong>1148</strong><br />(-22 for losing)
|l|‽Prof.Doofenshmirtz
|player|p1|
|l|☆ILoveAdaWong22
|player|p2|
