|j|☆kurodosaias
|j|☆fgh76
|t:|1759012018
|gametype|singles
|player|p1|kurodosaias|bugcatcher-gen4dp|1110
|player|p2|fgh76|265|1044
|gen|9
|tier|[Gen 9] OU
|rated|
|rule|HP Percentage Mod: HP is shown in percentages
|rule|Endless Battle Clause: Forcing endless battles is banned
|rule|Species Clause: Limit one of each Pokémon
|rule|OHKO Clause: OHKO moves are banned
|rule|Evasion Items Clause: Evasion items are banned
|rule|Evasion Moves Clause: Evasion moves are banned
|rule|Evasion Abilities Clause: Evasion abilities are banned
|rule|Sleep Moves Clause: Sleep-inducing moves are banned
|clearpoke
|poke|p1|Dragonite, M|
|poke|p1|Weezing-Galar, M|
|poke|p1|Landorus-Therian, M|
|poke|p1|Garganacl, M|
|poke|p1|Raging Bolt|
|poke|p1|Primarina, M|
|poke|p2|Infernape, F|
|poke|p2|Galvantula, F|
|poke|p2|Ninetales-Alola, F|
|poke|p2|Dondozo, M|
|poke|p2|Umbreon, F|
|poke|p2|Hoopa-Unbound|
|teampreview
|inactive|Battle timer is ON: inactive players will automatically lose when time's up. (requested by kurodosaias)
|
|t:|1759012023
|teamsize|p1|6
|teamsize|p2|6
|start
|switch|p1a: TTTTT|Landorus-Therian, M|100/100
|switch|p2a: Galvantula|Galvantula, F, shiny|100/100
|-ability|p1a: TTTTT|Intimidate|boost
|-unboost|p2a: Galvantula|atk|1
|turn|1
|
|t:|1759012035
|move|p2a: Galvantula|Sticky Web|p1a: TTTTT
|-sidestart|p1: kurodosaias|move: Sticky Web
|move|p1a: TTTTT|Taunt|p2a: Galvantula
|-start|p2a: Galvantula|move: Taunt
|
|upkeep
|turn|2
|
|t:|1759012047
|move|p2a: Galvantula|Bug Buzz|p1a: TTTTT
|-resisted|p1a: TTTTT
|-damage|p1a: TTTTT|79/100
|-unboost|p1a: TTTTT|spd|1
|move|p1a: TTTTT|Stealth Rock|p2a: Galvantula
|-sidestart|p2: fgh76|move: Stealth Rock
|
|upkeep
|turn|3
|c|☆kurodosaias|forgot taunt wasnt priority lol
|
|t:|1759012065
|switch|p1a: the goat|Garganacl, M|100/100
|-activate|p1a: the goat|move: Sticky Web
|-unboost|p1a: the goat|spe|1
|move|p2a: Galvantula|Bug Buzz|p1a: the goat
|-damage|p1a: the goat|74/100
|-unboost|p1a: the goat|spd|1
|
|-heal|p1a: the goat|80/100|[from] item: Leftovers
|upkeep
|turn|4
|
|t:|1759012077
|move|p2a: Galvantula|Thunder|p1a: the goat
|-crit|p1a: the goat
|-damage|p1a: the goat|13/100
|move|p1a: the goat|Salt Cure|p2a: Galvantula
|-supereffective|p2a: Galvantula
|-damage|p2a: Galvantula|49/100
|-start|p2a: Galvantula|Salt Cure
|
|-heal|p1a: the goat|19/100|[from] item: Leftovers
|-damage|p2a: Galvantula|36/100|[from] Salt Cure
|-end|p2a: Galvantula|move: Taunt
|upkeep
|turn|5
|
|t:|1759012088
|move|p2a: Galvantula|Bug Buzz|p1a: the goat
|-damage|p1a: the goat|0 fnt
|faint|p1a: the goat
|
|-damage|p2a: Galvantula|24/100|[from] Salt Cure
|upkeep
|
|t:|1759012095
|switch|p1a: toothless|Dragonite, M|100/100
|turn|6
|
|t:|1759012100
|move|p1a: toothless|Extreme Speed|p2a: Galvantula
|-damage|p2a: Galvantula|0 fnt
|faint|p2a: Galvantula
|
|upkeep
|
|t:|1759012106
|switch|p2a: Dondozo|Dondozo, M, shiny|100/100
|-damage|p2a: Dondozo|88/100|[from] Stealth Rock
|turn|7
|
|t:|1759012109
|-terastallize|p1a: toothless|Normal
|move|p1a: toothless|Extreme Speed|p2a: Dondozo
|-damage|p2a: Dondozo|61/100
|move|p2a: Dondozo|Ice Fang|p1a: toothless
|-damage|p1a: toothless|84/100
|
|-heal|p2a: Dondozo|67/100|[from] item: Leftovers
|upkeep
|turn|8
|
|t:|1759012120
|switch|p1a: Weezing|Weezing-Galar, M|100/100
|-ability|p1a: Weezing|Neutralizing Gas
|move|p2a: Dondozo|Ice Fang|p1a: Weezing
|-damage|p1a: Weezing|90/100
|
|-heal|p2a: Dondozo|73/100|[from] item: Leftovers
|upkeep
|turn|9
|-message|fgh76 forfeited.
|
|win|kurodosaias
|raw|kurodosaias's rating: 1110 &rarr; <strong>1130</strong><br />(+20 for winning)
|raw|fgh76's rating: 1044 &rarr; <strong>1031</strong><br />(-13 for losing)
|l|☆fgh76
|player|p2|
|l|☆kurodosaias
|player|p1|
