|j|☆SmogonSmellsButts
|j|☆l_am_not_a_bot
|t:|1758935252
|gametype|singles
|player|p1|SmogonSmellsButts|maid|1135
|player|p2|l_am_not_a_bot|idol|1083
|gen|9
|tier|[Gen 9] OU
|rated|
|rule|HP Percentage Mod: HP is shown in percentages
|rule|Endless Battle Clause: Forcing endless battles is banned
|rule|Species Clause: Limit one of each Pokémon
|rule|OHKO Clause: OHKO moves are banned
|rule|Evasion Items Clause: Evasion items are banned
|rule|Evasion Moves Clause: Evasion moves are banned
|rule|Evasion Abilities Clause: Evasion abilities are banned
|rule|Sleep Moves Clause: Sleep-inducing moves are banned
|clearpoke
|poke|p1|Talonflame, F|
|poke|p1|Whimsicott, F|
|poke|p1|Manaphy|
|poke|p1|Excadrill, M|
|poke|p1|Volcanion|
|poke|p1|Maushold|
|poke|p2|Pincurchin, F|
|poke|p2|Iron Thorns|
|poke|p2|Moltres-Galar|
|poke|p2|Iron Valiant|
|poke|p2|Gholdengo|
|poke|p2|Dragonite, F|
|teampreview
|
|t:|1758935259
|teamsize|p1|6
|teamsize|p2|6
|start
|switch|p1a: Talonflame|Talonflame, F|100/100
|switch|p2a: Spiky|Pincurchin, F|100/100
|-fieldstart|move: Electric Terrain|[from] ability: Electric Surge|[of] p2a: Spiky
|turn|1
|inactive|Battle timer is ON: inactive players will automatically lose when time's up. (requested by SmogonSmellsButts)
|inactive|l_am_not_a_bot has 120 seconds left.
|
|t:|1758935304
|-terastallize|p1a: Talonflame|Grass
|move|p2a: Spiky|Sucker Punch||[still]
|-fail|p2a: Spiky
|move|p1a: Talonflame|Will-O-Wisp|p2a: Spiky
|-status|p2a: Spiky|brn
|
|-damage|p2a: Spiky|94/100 brn|[from] brn
|upkeep
|turn|2
|
|t:|1758935310
|move|p1a: Talonflame|Swords Dance|p1a: Talonflame
|-boost|p1a: Talonflame|atk|2
|move|p2a: Spiky|Memento|p1a: Talonflame
|-unboost|p1a: Talonflame|atk|2
|-unboost|p1a: Talonflame|spa|2
|faint|p2a: Spiky
|
|upkeep
|
|t:|1758935318
|switch|p2a: Underrated|Iron Thorns|100/100
|-activate|p2a: Underrated|ability: Quark Drive
|-start|p2a: Underrated|quarkdriveatk
|turn|3
|
|t:|1758935322
|move|p1a: Talonflame|Will-O-Wisp|p2a: Underrated
|-status|p2a: Underrated|brn
|move|p2a: Underrated|Dragon Dance|p2a: Underrated
|-boost|p2a: Underrated|atk|1
|-boost|p2a: Underrated|spe|1
|
|-damage|p2a: Underrated|94/100 brn|[from] brn
|upkeep
|turn|4
|
|t:|1758935330
|switch|p1a: Whimsicott|Whimsicott, F|100/100
|move|p2a: Underrated|Dragon Dance|p2a: Underrated
|-boost|p2a: Underrated|atk|1
|-boost|p2a: Underrated|spe|1
|
|-damage|p2a: Underrated|88/100 brn|[from] brn
|upkeep
|turn|5
|
|t:|1758935335
|move|p1a: Whimsicott|Encore|p2a: Underrated
|-start|p2a: Underrated|Encore
|move|p2a: Underrated|Dragon Dance|p2a: Underrated
|-boost|p2a: Underrated|atk|1
|-boost|p2a: Underrated|spe|1
|
|-damage|p2a: Underrated|82/100 brn|[from] brn
|-fieldend|move: Electric Terrain
|-end|p2a: Underrated|Quark Drive
|upkeep
|turn|6
|
|t:|1758935339
|move|p1a: Whimsicott|Substitute|p1a: Whimsicott
|-start|p1a: Whimsicott|Substitute
|-damage|p1a: Whimsicott|75/100
|move|p2a: Underrated|Dragon Dance|p2a: Underrated
|-boost|p2a: Underrated|atk|1
|-boost|p2a: Underrated|spe|1
|
|-heal|p1a: Whimsicott|82/100|[from] item: Leftovers
|-damage|p2a: Underrated|76/100 brn|[from] brn
|upkeep
|turn|7
|
|t:|1758935341
|move|p1a: Whimsicott|Leech Seed|p2a: Underrated
|-start|p2a: Underrated|move: Leech Seed
|move|p2a: Underrated|Dragon Dance|p2a: Underrated
|-boost|p2a: Underrated|atk|1
|-boost|p2a: Underrated|spe|1
|
|-heal|p1a: Whimsicott|88/100|[from] item: Leftovers
|-damage|p2a: Underrated|64/100 brn|[from] Leech Seed|[of] p1a: Whimsicott
|-heal|p1a: Whimsicott|100/100|[silent]
|-damage|p2a: Underrated|57/100 brn|[from] brn
|-end|p2a: Underrated|Encore
|upkeep
|turn|8
|
|t:|1758935346
|-terastallize|p2a: Underrated|Rock
|move|p1a: Whimsicott|Encore|p2a: Underrated
|-start|p2a: Underrated|Encore
|move|p2a: Underrated|Dragon Dance|p2a: Underrated
|-boost|p2a: Underrated|atk|1
|-boost|p2a: Underrated|spe|1
|
|-damage|p2a: Underrated|45/100 brn|[from] Leech Seed|[of] p1a: Whimsicott
|-damage|p2a: Underrated|39/100 brn|[from] brn
|upkeep
|turn|9
|
|t:|1758935352
|move|p2a: Underrated|Dragon Dance|p2a: Underrated
|-boost|p2a: Underrated|atk|0
|-boost|p2a: Underrated|spe|0
|move|p1a: Whimsicott|Moonblast|p2a: Underrated
|-damage|p2a: Underrated|9/100 brn
|-unboost|p2a: Underrated|spa|1
|
|-damage|p2a: Underrated|0 fnt|[from] Leech Seed|[of] p1a: Whimsicott
|faint|p2a: Underrated
|-end|p2a: Underrated|Quark Drive|[silent]
|upkeep
|
|t:|1758935358
|switch|p2a: Extreme Sped|Dragonite, F|100/100
|turn|10
|
|t:|1758935362
|move|p1a: Whimsicott|Leech Seed|p2a: Extreme Sped
|-start|p2a: Extreme Sped|move: Leech Seed
|move|p2a: Extreme Sped|Dragon Dance|p2a: Extreme Sped
|-boost|p2a: Extreme Sped|atk|1
|-boost|p2a: Extreme Sped|spe|1
|
|-damage|p2a: Extreme Sped|88/100|[from] Leech Seed|[of] p1a: Whimsicott
|upkeep
|turn|11
|
|t:|1758935367
|move|p2a: Extreme Sped|Extreme Speed|p1a: Whimsicott
|-end|p1a: Whimsicott|Substitute
|move|p1a: Whimsicott|Encore|p2a: Extreme Sped
|-start|p2a: Extreme Sped|Encore
|
|-damage|p2a: Extreme Sped|76/100|[from] Leech Seed|[of] p1a: Whimsicott
|upkeep
|turn|12
|
|t:|1758935372
|move|p2a: Extreme Sped|Extreme Speed|p1a: Whimsicott
|-crit|p1a: Whimsicott
|-damage|p1a: Whimsicott|58/100
|move|p1a: Whimsicott|Moonblast|p2a: Extreme Sped
|-supereffective|p2a: Extreme Sped
|-damage|p2a: Extreme Sped|27/100
|-enditem|p2a: Extreme Sped|Weakness Policy
|-boost|p2a: Extreme Sped|atk|2|[from] item: Weakness Policy
|-boost|p2a: Extreme Sped|spa|2|[from] item: Weakness Policy
|
|-heal|p1a: Whimsicott|64/100|[from] item: Leftovers
|-damage|p2a: Extreme Sped|15/100|[from] Leech Seed|[of] p1a: Whimsicott
|-heal|p1a: Whimsicott|79/100|[silent]
|upkeep
|turn|13
|
|t:|1758935379
|move|p2a: Extreme Sped|Extreme Speed|p1a: Whimsicott
|-damage|p1a: Whimsicott|29/100
|move|p1a: Whimsicott|Substitute|p1a: Whimsicott
|-start|p1a: Whimsicott|Substitute
|-damage|p1a: Whimsicott|4/100
|
|-heal|p1a: Whimsicott|10/100|[from] item: Leftovers
|-damage|p2a: Extreme Sped|3/100|[from] Leech Seed|[of] p1a: Whimsicott
|-heal|p1a: Whimsicott|25/100|[silent]
|upkeep
|turn|14
|
|t:|1758935385
|move|p2a: Extreme Sped|Extreme Speed|p1a: Whimsicott
|-end|p1a: Whimsicott|Substitute
|move|p1a: Whimsicott|Moonblast|p2a: Extreme Sped
|-supereffective|p2a: Extreme Sped
|-damage|p2a: Extreme Sped|0 fnt
|faint|p2a: Extreme Sped
|
|-heal|p1a: Whimsicott|31/100|[from] item: Leftovers
|upkeep
|
|t:|1758935388
|switch|p2a: Haha Set Up|Moltres-Galar, shiny|100/100
|turn|15
|
|t:|1758935392
|move|p1a: Whimsicott|Leech Seed|p2a: Haha Set Up
|-hint|Since gen 7, Dark is immune to Prankster moves.
|-immune|p2a: Haha Set Up
|move|p2a: Haha Set Up|Nasty Plot|p2a: Haha Set Up
|-boost|p2a: Haha Set Up|spa|2
|
|-heal|p1a: Whimsicott|37/100|[from] item: Leftovers
|upkeep
|turn|16
|
|t:|1758935400
|switch|p1a: Volcanion|Volcanion|100/100
|move|p2a: Haha Set Up|Fiery Wrath|p1a: Volcanion
|-crit|p1a: Volcanion
|-damage|p1a: Volcanion|24/100
|
|upkeep
|turn|17
|
|t:|1758935406
|move|p2a: Haha Set Up|Fiery Wrath|p1a: Volcanion
|-damage|p1a: Volcanion|0 fnt
|faint|p1a: Volcanion
|
|upkeep
|
|t:|1758935408
|switch|p1a: Maushold|Maushold|100/100
|turn|18
|
|t:|1758935421
|move|p1a: Maushold|Population Bomb|p2a: Haha Set Up|[miss]
|-miss|p1a: Maushold|p2a: Haha Set Up
|move|p2a: Haha Set Up|Fiery Wrath|p1a: Maushold
|-damage|p1a: Maushold|0 fnt
|faint|p1a: Maushold
|
|upkeep
|
|t:|1758935427
|switch|p1a: Manaphy|Manaphy|100/100
|turn|19
|
|t:|1758935430
|move|p2a: Haha Set Up|Fiery Wrath|p1a: Manaphy
|-damage|p1a: Manaphy|30/100
|move|p1a: Manaphy|Scald|p2a: Haha Set Up
|-damage|p2a: Haha Set Up|72/100
|-status|p2a: Haha Set Up|brn
|
|-damage|p2a: Haha Set Up|66/100 brn|[from] brn
|upkeep
|turn|20
|
|t:|1758935435
|move|p2a: Haha Set Up|Fiery Wrath|p1a: Manaphy
|-damage|p1a: Manaphy|0 fnt
|faint|p1a: Manaphy
|
|-damage|p2a: Haha Set Up|60/100 brn|[from] brn
|upkeep
|
|t:|1758935438
|switch|p1a: Whimsicott|Whimsicott, F|37/100
|turn|21
|
|t:|1758935443
|move|p2a: Haha Set Up|Fiery Wrath|p1a: Whimsicott
|-resisted|p1a: Whimsicott
|-damage|p1a: Whimsicott|0 fnt
|faint|p1a: Whimsicott
|
|-damage|p2a: Haha Set Up|54/100 brn|[from] brn
|upkeep
|
|t:|1758935445
|switch|p1a: Talonflame|Talonflame, F, tera:Grass|100/100
|turn|22
|
|t:|1758935449
|move|p1a: Talonflame|Dual Wingbeat|p2a: Haha Set Up
|-damage|p2a: Haha Set Up|36/100 brn
|-damage|p2a: Haha Set Up|16/100 brn
|-enditem|p2a: Haha Set Up|Salac Berry|[eat]
|-boost|p2a: Haha Set Up|spe|1|[from] item: Salac Berry
|-hitcount|p2a: Haha Set Up|2
|-ability|p2a: Haha Set Up|Berserk|boost
|-boost|p2a: Haha Set Up|spa|1
|move|p2a: Haha Set Up|Fiery Wrath|p1a: Talonflame
|-damage|p1a: Talonflame|0 fnt
|faint|p1a: Talonflame
|
|-damage|p2a: Haha Set Up|10/100 brn|[from] brn
|upkeep
|-message|SmogonSmellsButts forfeited.
|
|win|l_am_not_a_bot
|raw|SmogonSmellsButts's rating: 1135 &rarr; <strong>1106</strong><br />(-29 for losing)
|raw|l_am_not_a_bot's rating: 1083 &rarr; <strong>1115</strong><br />(+32 for winning)
|l|☆SmogonSmellsButts
|player|p1|
|c|☆l_am_not_a_bot|gg
