|j|☆punch bender
|j|☆lullaby disk
|t:|1758955088
|gametype|singles
|player|p1|punch bender|266|1310
|player|p2|lullaby disk|roxie-masters|1318
|gen|9
|tier|[Gen 9] OU
|rated|
|rule|HP Percentage Mod: HP is shown in percentages
|rule|Endless Battle Clause: Forcing endless battles is banned
|rule|Species Clause: Limit one of each Pokémon
|rule|OHKO Clause: OHKO moves are banned
|rule|Evasion Items Clause: Evasion items are banned
|rule|Evasion Moves Clause: Evasion moves are banned
|rule|Evasion Abilities Clause: Evasion abilities are banned
|rule|Sleep Moves Clause: Sleep-inducing moves are banned
|clearpoke
|poke|p1|Scizor, M|
|poke|p1|Ogerpon, F|
|poke|p1|Corviknight, F|
|poke|p1|Meowscarada, M|
|poke|p1|Zamazenta-*|
|poke|p1|Gholdengo|
|poke|p2|Dragonite, F|
|poke|p2|Gholdengo|
|poke|p2|Regidrago|
|poke|p2|Scizor, F|
|poke|p2|Ting-Lu|
|poke|p2|Weezing-Galar, F|
|teampreview
|inactive|Battle timer is ON: inactive players will automatically lose when time's up. (requested by punch bender)
|
|t:|1758955102
|teamsize|p1|6
|teamsize|p2|6
|start
|switch|p1a: Meowscarada|Meowscarada, M|100/100
|switch|p2a: Regidrago|Regidrago|100/100
|turn|1
|
|t:|1758955106
|move|p2a: Regidrago|Dragon Energy|p1a: Meowscarada
|-damage|p1a: Meowscarada|0 fnt
|faint|p1a: Meowscarada
|
|upkeep
|
|t:|1758955120
|switch|p1a: Scizor|Scizor, M|100/100
|turn|2
|
|t:|1758955128
|move|p2a: Regidrago|Dragon Energy|p1a: Scizor
|-resisted|p1a: Scizor
|-damage|p1a: Scizor|43/100
|move|p1a: Scizor|Swords Dance|p1a: Scizor
|-boost|p1a: Scizor|atk|2
|
|upkeep
|turn|3
|
|t:|1758955138
|switch|p2a: Ting-Lu|Ting-Lu|100/100
|-ability|p2a: Ting-Lu|Vessel of Ruin
|move|p1a: Scizor|Bullet Punch|p2a: Ting-Lu
|-damage|p2a: Ting-Lu|64/100
|
|-heal|p2a: Ting-Lu|70/100|[from] item: Leftovers
|upkeep
|turn|4
|
|t:|1758955145
|move|p1a: Scizor|Trailblaze|p2a: Ting-Lu
|-supereffective|p2a: Ting-Lu
|-damage|p2a: Ting-Lu|2/100
|-boost|p1a: Scizor|spe|1
|move|p2a: Ting-Lu|Earthquake|p1a: Scizor
|-damage|p1a: Scizor|7/100
|
|-heal|p2a: Ting-Lu|8/100|[from] item: Leftovers
|upkeep
|turn|5
|
|t:|1758955152
|move|p1a: Scizor|Trailblaze|p2a: Ting-Lu
|-supereffective|p2a: Ting-Lu
|-damage|p2a: Ting-Lu|0 fnt
|-boost|p1a: Scizor|spe|1
|faint|p2a: Ting-Lu
|
|upkeep
|
|t:|1758955154
|switch|p2a: Scizor|Scizor, F|100/100
|turn|6
|
|t:|1758955157
|move|p1a: Scizor|Bullet Punch|p2a: Scizor
|-resisted|p2a: Scizor
|-damage|p2a: Scizor|65/100
|move|p2a: Scizor|Bullet Punch|p1a: Scizor
|-resisted|p1a: Scizor
|-damage|p1a: Scizor|0 fnt
|faint|p1a: Scizor
|
|upkeep
|
|t:|1758955168
|switch|p1a: Zamazenta|Zamazenta|100/100
|-ability|p1a: Zamazenta|Dauntless Shield|boost
|-boost|p1a: Zamazenta|def|1
|turn|7
|
|t:|1758955175
|switch|p2a: Gholdengo|Gholdengo|100/100
|move|p1a: Zamazenta|Iron Defense|p1a: Zamazenta
|-boost|p1a: Zamazenta|def|2
|
|upkeep
|turn|8
|
|t:|1758955191
|switch|p1a: Gholdengo|Gholdengo|100/100
|-terastallize|p2a: Gholdengo|Steel
|move|p2a: Gholdengo|Make It Rain|p1a: Gholdengo
|-resisted|p1a: Gholdengo
|-damage|p1a: Gholdengo|31/100
|-unboost|p2a: Gholdengo|spa|1
|
|upkeep
|turn|9
|
|t:|1758955217
|move|p1a: Gholdengo|Shadow Ball|p2a: Gholdengo
|-damage|p2a: Gholdengo|53/100
|move|p2a: Gholdengo|Make It Rain|p1a: Gholdengo
|-resisted|p1a: Gholdengo
|-damage|p1a: Gholdengo|0 fnt
|-unboost|p2a: Gholdengo|spa|1
|faint|p1a: Gholdengo
|
|upkeep
|
|t:|1758955223
|switch|p1a: Zamazenta|Zamazenta|100/100
|turn|10
|
|t:|1758955230
|switch|p2a: Weezing|Weezing-Galar, F|100/100
|-ability|p2a: Weezing|Neutralizing Gas
|move|p1a: Zamazenta|Iron Defense|p1a: Zamazenta
|-boost|p1a: Zamazenta|def|2
|
|upkeep
|turn|11
|
|t:|1758955238
|move|p1a: Zamazenta|Iron Defense|p1a: Zamazenta
|-boost|p1a: Zamazenta|def|2
|move|p2a: Weezing|Will-O-Wisp|p1a: Zamazenta|[miss]
|-miss|p2a: Weezing|p1a: Zamazenta
|
|upkeep
|turn|12
|
|t:|1758955245
|move|p1a: Zamazenta|Iron Defense|p1a: Zamazenta
|-boost|p1a: Zamazenta|def|2
|move|p2a: Weezing|Will-O-Wisp|p1a: Zamazenta|[miss]
|-miss|p2a: Weezing|p1a: Zamazenta
|
|upkeep
|turn|13
|
|t:|1758955248
|move|p1a: Zamazenta|Body Press|p2a: Weezing
|-resisted|p2a: Weezing
|-damage|p2a: Weezing|72/100
|move|p2a: Weezing|Will-O-Wisp|p1a: Zamazenta
|-status|p1a: Zamazenta|brn
|
|-damage|p1a: Zamazenta|94/100 brn|[from] brn
|upkeep
|turn|14
|
|t:|1758955251
|move|p1a: Zamazenta|Rest|p1a: Zamazenta
|-status|p1a: Zamazenta|slp|[from] move: Rest
|-heal|p1a: Zamazenta|100/100 slp|[silent]
|move|p2a: Weezing|Sludge Bomb|p1a: Zamazenta
|-damage|p1a: Zamazenta|81/100 slp
|
|upkeep
|turn|15
|
|t:|1758955254
|cant|p1a: Zamazenta|slp
|move|p1a: Zamazenta|Sleep Talk|p1a: Zamazenta
|move|p1a: Zamazenta|Rest||[from] move: Sleep Talk|[still]
|-fail|p1a: Zamazenta
|move|p2a: Weezing|Sludge Bomb|p1a: Zamazenta
|-damage|p1a: Zamazenta|60/100 slp
|
|upkeep
|turn|16
|
|t:|1758955258
|cant|p1a: Zamazenta|slp
|move|p1a: Zamazenta|Sleep Talk|p1a: Zamazenta
|move|p1a: Zamazenta|Rest||[from] move: Sleep Talk|[still]
|-fail|p1a: Zamazenta
|move|p2a: Weezing|Sludge Bomb|p1a: Zamazenta
|-damage|p1a: Zamazenta|39/100 slp
|-enditem|p1a: Zamazenta|Sitrus Berry|[eat]
|-heal|p1a: Zamazenta|64/100 slp|[from] item: Sitrus Berry
|
|upkeep
|turn|17
|
|t:|1758955262
|-curestatus|p1a: Zamazenta|slp|[msg]
|move|p1a: Zamazenta|Rest|p1a: Zamazenta
|-status|p1a: Zamazenta|slp|[from] move: Rest
|-heal|p1a: Zamazenta|100/100 slp|[silent]
|move|p2a: Weezing|Sludge Bomb|p1a: Zamazenta
|-damage|p1a: Zamazenta|79/100 slp
|
|upkeep
|turn|18
|
|t:|1758955266
|cant|p1a: Zamazenta|slp
|move|p1a: Zamazenta|Sleep Talk|p1a: Zamazenta
|move|p1a: Zamazenta|Body Press|p2a: Weezing|[from] move: Sleep Talk
|-resisted|p2a: Weezing
|-damage|p2a: Weezing|47/100
|move|p2a: Weezing|Sludge Bomb|p1a: Zamazenta
|-damage|p1a: Zamazenta|57/100 slp
|
|upkeep
|turn|19
|inactive|punch bender has 120 seconds left.
|inactive|punch bender has 90 seconds left.
|inactive|punch bender has 60 seconds left.
|inactive|punch bender has 30 seconds left.
|inactive|punch bender has 20 seconds left.
|
|t:|1758955396
|cant|p1a: Zamazenta|slp
|move|p2a: Weezing|Sludge Bomb|p1a: Zamazenta
|-damage|p1a: Zamazenta|37/100 slp
|
|upkeep
|turn|20
|inactive|punch bender has 30 seconds left this turn.
|
|t:|1758955402
|-curestatus|p1a: Zamazenta|slp|[msg]
|move|p1a: Zamazenta|Rest|p1a: Zamazenta
|-status|p1a: Zamazenta|slp|[from] move: Rest
|-heal|p1a: Zamazenta|100/100 slp|[silent]
|move|p2a: Weezing|Sludge Bomb|p1a: Zamazenta
|-damage|p1a: Zamazenta|79/100 slp
|
|upkeep
|turn|21
|inactive|punch bender has 30 seconds left.
|
|t:|1758955415
|cant|p1a: Zamazenta|slp
|move|p1a: Zamazenta|Sleep Talk|p1a: Zamazenta
|move|p1a: Zamazenta|Rest||[from] move: Sleep Talk|[still]
|-fail|p1a: Zamazenta
|move|p2a: Weezing|Pain Split|p1a: Zamazenta
|-sethp|p1a: Zamazenta|60/100 slp|[from] move: Pain Split|[silent]
|-sethp|p2a: Weezing|69/100|[from] move: Pain Split
|
|upkeep
|turn|22
|
|t:|1758955418
|cant|p1a: Zamazenta|slp
|move|p1a: Zamazenta|Sleep Talk|p1a: Zamazenta
|move|p1a: Zamazenta|Iron Defense|p1a: Zamazenta|[from] move: Sleep Talk
|-boost|p1a: Zamazenta|def|0
|move|p2a: Weezing|Sludge Bomb|p1a: Zamazenta
|-damage|p1a: Zamazenta|36/100 slp
|
|upkeep
|turn|23
|
|t:|1758955421
|-curestatus|p1a: Zamazenta|slp|[msg]
|move|p1a: Zamazenta|Rest|p1a: Zamazenta
|-status|p1a: Zamazenta|slp|[from] move: Rest
|-heal|p1a: Zamazenta|100/100 slp|[silent]
|move|p2a: Weezing|Sludge Bomb|p1a: Zamazenta
|-damage|p1a: Zamazenta|80/100 slp
|
|upkeep
|turn|24
|
|t:|1758955432
|switch|p1a: Corviknight|Corviknight, F|100/100
|-end|p2a: Weezing|ability: Neutralizing Gas
|switch|p2a: Regidrago|Regidrago|100/100
|
|upkeep
|turn|25
|
|t:|1758955437
|move|p2a: Regidrago|Dragon Energy|p1a: Corviknight
|-resisted|p1a: Corviknight
|-damage|p1a: Corviknight|53/100
|move|p1a: Corviknight|Body Press|p2a: Regidrago
|-damage|p2a: Regidrago|71/100
|
|upkeep
|turn|26
|
|t:|1758955444
|switch|p2a: Gholdengo|Gholdengo, tera:Steel|53/100
|move|p1a: Corviknight|Roost|p1a: Corviknight
|-heal|p1a: Corviknight|100/100
|-singleturn|p1a: Corviknight|move: Roost
|
|upkeep
|turn|27
|
|t:|1758955452
|move|p2a: Gholdengo|Thunderbolt|p1a: Corviknight
|-supereffective|p1a: Corviknight
|-damage|p1a: Corviknight|27/100
|move|p1a: Corviknight|Body Press|p2a: Gholdengo
|-supereffective|p2a: Gholdengo
|-damage|p2a: Gholdengo|0 fnt
|faint|p2a: Gholdengo
|
|upkeep
|
|t:|1758955460
|switch|p2a: Regidrago|Regidrago|71/100
|turn|28
|inactive|punch bender has 60 seconds left.
|
|t:|1758955486
|move|p2a: Regidrago|Dragon Energy|p1a: Corviknight
|-resisted|p1a: Corviknight
|-damage|p1a: Corviknight|0 fnt
|faint|p1a: Corviknight
|
|upkeep
|
|t:|1758955490
|switch|p1a: Zamazenta|Zamazenta|80/100 slp
|turn|29
|
|t:|1758955494
|move|p2a: Regidrago|Dragon Energy|p1a: Zamazenta
|-damage|p1a: Zamazenta|31/100 slp
|cant|p1a: Zamazenta|slp
|move|p1a: Zamazenta|Sleep Talk|p1a: Zamazenta
|move|p1a: Zamazenta|Body Press|p2a: Regidrago|[from] move: Sleep Talk
|-damage|p2a: Regidrago|25/100
|
|upkeep
|turn|30
|
|t:|1758955497
|move|p2a: Regidrago|Dragon Energy|p1a: Zamazenta
|-damage|p1a: Zamazenta|14/100 slp
|cant|p1a: Zamazenta|slp
|move|p1a: Zamazenta|Sleep Talk|p1a: Zamazenta
|move|p1a: Zamazenta|Body Press|p2a: Regidrago|[from] move: Sleep Talk
|-damage|p2a: Regidrago|0 fnt
|faint|p2a: Regidrago
|
|upkeep
|
|t:|1758955507
|switch|p2a: Dragonite|Dragonite, F|100/100
|turn|31
|inactive|punch bender has 90 seconds left.
|
|t:|1758955522
|switch|p1a: Ogerpon|Ogerpon, F|100/100
|move|p2a: Dragonite|Earthquake|p1a: Ogerpon
|-resisted|p1a: Ogerpon
|-damage|p1a: Ogerpon|77/100
|
|upkeep
|turn|32
|inactive|punch bender has 90 seconds left.
|
|t:|1758955529
|move|p1a: Ogerpon|Encore|p2a: Dragonite
|-start|p2a: Dragonite|Encore
|move|p2a: Dragonite|Earthquake|p1a: Ogerpon
|-resisted|p1a: Ogerpon
|-damage|p1a: Ogerpon|51/100
|
|upkeep
|turn|33
|
|t:|1758955535
|switch|p2a: Weezing|Weezing-Galar, F|69/100
|-ability|p2a: Weezing|Neutralizing Gas
|move|p1a: Ogerpon|Knock Off|p2a: Weezing
|-resisted|p2a: Weezing
|-damage|p2a: Weezing|58/100
|-enditem|p2a: Weezing|Heavy-Duty Boots|[from] move: Knock Off|[of] p1a: Ogerpon
|
|upkeep
|turn|34
|
|t:|1758955540
|move|p1a: Ogerpon|Ivy Cudgel|p2a: Weezing
|-resisted|p2a: Weezing
|-damage|p2a: Weezing|43/100
|move|p2a: Weezing|Sludge Bomb|p1a: Ogerpon
|-supereffective|p1a: Ogerpon
|-damage|p1a: Ogerpon|0 fnt
|faint|p1a: Ogerpon
|
|upkeep
|
|t:|1758955543
|switch|p1a: Zamazenta|Zamazenta|14/100 slp
|turn|35
|
|t:|1758955546
|-curestatus|p1a: Zamazenta|slp|[msg]
|move|p1a: Zamazenta|Rest|p1a: Zamazenta
|-status|p1a: Zamazenta|slp|[from] move: Rest
|-heal|p1a: Zamazenta|100/100 slp|[silent]
|move|p2a: Weezing|Sludge Bomb|p1a: Zamazenta
|-damage|p1a: Zamazenta|80/100 slp
|
|upkeep
|turn|36
|
|t:|1758955552
|-terastallize|p1a: Zamazenta|Steel
|cant|p1a: Zamazenta|slp
|move|p1a: Zamazenta|Sleep Talk|p1a: Zamazenta
|move|p1a: Zamazenta|Body Press|p2a: Weezing|[from] move: Sleep Talk
|-resisted|p2a: Weezing
|-damage|p2a: Weezing|36/100
|move|p2a: Weezing|Sludge Bomb|p1a: Zamazenta
|-immune|p1a: Zamazenta
|
|upkeep
|turn|37
|
|t:|1758955556
|cant|p1a: Zamazenta|slp
|move|p1a: Zamazenta|Sleep Talk|p1a: Zamazenta
|move|p1a: Zamazenta|Rest||[from] move: Sleep Talk|[still]
|-fail|p1a: Zamazenta
|move|p2a: Weezing|Will-O-Wisp||[still]
|-fail|p2a: Weezing
|
|upkeep
|turn|38
|
|t:|1758955583
|-end|p2a: Weezing|ability: Neutralizing Gas
|switch|p2a: Scizor|Scizor, F|65/100
|-curestatus|p1a: Zamazenta|slp|[msg]
|move|p1a: Zamazenta|Iron Defense|p1a: Zamazenta
|-boost|p1a: Zamazenta|def|2
|
|upkeep
|turn|39
|
|t:|1758955590
|move|p1a: Zamazenta|Iron Defense|p1a: Zamazenta
|-boost|p1a: Zamazenta|def|2
|move|p2a: Scizor|Close Combat|p1a: Zamazenta
|-supereffective|p1a: Zamazenta
|-damage|p1a: Zamazenta|52/100
|-unboost|p2a: Scizor|def|1
|-unboost|p2a: Scizor|spd|1
|
|upkeep
|turn|40
|
|t:|1758955610
|move|p1a: Zamazenta|Body Press|p2a: Scizor
|-damage|p2a: Scizor|0 fnt
|faint|p2a: Scizor
|
|upkeep
|
|t:|1758955613
|switch|p2a: Dragonite|Dragonite, F|100/100
|turn|41
|inactive|punch bender has 120 seconds left.
|inactive|lullaby disk has 120 seconds left.
|
|t:|1758955691
|move|p1a: Zamazenta|Body Press|p2a: Dragonite
|-resisted|p2a: Dragonite
|-damage|p2a: Dragonite|68/100
|move|p2a: Dragonite|Dragon Dance|p2a: Dragonite
|-boost|p2a: Dragonite|atk|1
|-boost|p2a: Dragonite|spe|1
|
|upkeep
|turn|42
|
|t:|1758955708
|move|p2a: Dragonite|Dragon Dance|p2a: Dragonite
|-boost|p2a: Dragonite|atk|1
|-boost|p2a: Dragonite|spe|1
|move|p1a: Zamazenta|Rest|p1a: Zamazenta
|-status|p1a: Zamazenta|slp|[from] move: Rest
|-heal|p1a: Zamazenta|100/100 slp|[silent]
|
|upkeep
|turn|43
|
|t:|1758955718
|move|p2a: Dragonite|Roost|p2a: Dragonite
|-heal|p2a: Dragonite|100/100
|-singleturn|p2a: Dragonite|move: Roost
|cant|p1a: Zamazenta|slp
|move|p1a: Zamazenta|Sleep Talk|p1a: Zamazenta
|move|p1a: Zamazenta|Iron Defense|p1a: Zamazenta|[from] move: Sleep Talk
|-boost|p1a: Zamazenta|def|2
|
|upkeep
|turn|44
|inactive|punch bender has 90 seconds left.
|inactive|punch bender has 60 seconds left.
|
|t:|1758955798
|move|p2a: Dragonite|Dragon Dance|p2a: Dragonite
|-boost|p2a: Dragonite|atk|1
|-boost|p2a: Dragonite|spe|1
|cant|p1a: Zamazenta|slp
|
|upkeep
|turn|45
|
|t:|1758955814
|move|p2a: Dragonite|Dragon Dance|p2a: Dragonite
|-boost|p2a: Dragonite|atk|1
|-boost|p2a: Dragonite|spe|1
|-curestatus|p1a: Zamazenta|slp|[msg]
|move|p1a: Zamazenta|Body Press|p2a: Dragonite
|-resisted|p2a: Dragonite
|-damage|p2a: Dragonite|60/100
|
|upkeep
|turn|46
|inactive|punch bender has 30 seconds left.
|inactive|punch bender has 20 seconds left.
|
|t:|1758955853
|move|p2a: Dragonite|Roost|p2a: Dragonite
|-heal|p2a: Dragonite|100/100
|-singleturn|p2a: Dragonite|move: Roost
|move|p1a: Zamazenta|Body Press|p2a: Dragonite
|-damage|p2a: Dragonite|11/100
|
|upkeep
|turn|47
|inactive|punch bender has 30 seconds left this turn.
|
|t:|1758955862
|move|p2a: Dragonite|Roost|p2a: Dragonite
|-heal|p2a: Dragonite|61/100
|-singleturn|p2a: Dragonite|move: Roost
|move|p1a: Zamazenta|Body Press|p2a: Dragonite
|-damage|p2a: Dragonite|0 fnt
|faint|p2a: Dragonite
|
|upkeep
|
|t:|1758955864
|switch|p2a: Weezing|Weezing-Galar, F|36/100
|-ability|p2a: Weezing|Neutralizing Gas
|turn|48
|
|t:|1758955872
|move|p1a: Zamazenta|Body Press|p2a: Weezing
|-resisted|p2a: Weezing
|-damage|p2a: Weezing|6/100
|move|p2a: Weezing|Pain Split|p1a: Zamazenta
|-sethp|p1a: Zamazenta|53/100|[from] move: Pain Split|[silent]
|-sethp|p2a: Weezing|61/100|[from] move: Pain Split
|
|upkeep
|turn|49
|
|t:|1758955877
|move|p1a: Zamazenta|Body Press|p2a: Weezing
|-resisted|p2a: Weezing
|-damage|p2a: Weezing|35/100
|move|p2a: Weezing|Pain Split|p1a: Zamazenta
|-sethp|p1a: Zamazenta|41/100|[from] move: Pain Split|[silent]
|-sethp|p2a: Weezing|48/100|[from] move: Pain Split
|
|upkeep
|turn|50
|
|t:|1758955880
|move|p1a: Zamazenta|Body Press|p2a: Weezing
|-resisted|p2a: Weezing
|-damage|p2a: Weezing|22/100
|move|p2a: Weezing|Will-O-Wisp|p1a: Zamazenta
|-status|p1a: Zamazenta|brn
|
|-damage|p1a: Zamazenta|35/100 brn|[from] brn
|upkeep
|turn|51
|
|t:|1758955884
|move|p1a: Zamazenta|Body Press|p2a: Weezing
|-resisted|p2a: Weezing
|-damage|p2a: Weezing|8/100
|move|p2a: Weezing|Pain Split|p1a: Zamazenta
|-sethp|p1a: Zamazenta|21/100 brn|[from] move: Pain Split|[silent]
|-sethp|p2a: Weezing|24/100|[from] move: Pain Split
|
|-damage|p1a: Zamazenta|15/100 brn|[from] brn
|upkeep
|turn|52
|
|t:|1758955886
|move|p1a: Zamazenta|Body Press|p2a: Weezing
|-resisted|p2a: Weezing
|-damage|p2a: Weezing|11/100
|move|p2a: Weezing|Pain Split|p1a: Zamazenta
|-sethp|p1a: Zamazenta|12/100 brn|[from] move: Pain Split|[silent]
|-sethp|p2a: Weezing|14/100|[from] move: Pain Split
|
|-damage|p1a: Zamazenta|6/100 brn|[from] brn
|upkeep
|turn|53
|inactive|punch bender has 90 seconds left.
|
|t:|1758955892
|move|p1a: Zamazenta|Body Press|p2a: Weezing
|-resisted|p2a: Weezing
|-damage|p2a: Weezing|1/100
|move|p2a: Weezing|Pain Split|p1a: Zamazenta
|-sethp|p1a: Zamazenta|3/100 brn|[from] move: Pain Split|[silent]
|-sethp|p2a: Weezing|4/100|[from] move: Pain Split
|
|-damage|p1a: Zamazenta|0 fnt|[from] brn
|faint|p1a: Zamazenta
|
|win|lullaby disk
|raw|punch bender's rating: 1294 &rarr; <strong>1271</strong><br />(-23 for losing)
|raw|lullaby disk's rating: 1318 &rarr; <strong>1337</strong><br />(+19 for winning)
|l|☆punch bender
|player|p1|
