|j|☆ArcadianSkies
|j|☆Thedebatablereaper
|t:|1758982352
|gametype|singles
|player|p1|ArcadianSkies|volkner|1481
|player|p2|Thedebatablereaper|265|1532
|gen|9
|tier|[Gen 9] OU
|rated|
|rule|HP Percentage Mod: HP is shown in percentages
|rule|Endless Battle Clause: Forcing endless battles is banned
|rule|Species Clause: Limit one of each Pokémon
|rule|OHKO Clause: OHKO moves are banned
|rule|Evasion Items Clause: Evasion items are banned
|rule|Evasion Moves Clause: Evasion moves are banned
|rule|Evasion Abilities Clause: Evasion abilities are banned
|rule|Sleep Moves Clause: Sleep-inducing moves are banned
|clearpoke
|poke|p1|Pelipper, M|
|poke|p1|Barraskewda, M|
|poke|p1|Raging Bolt|
|poke|p1|Overqwil, M|
|poke|p1|Iron Treads|
|poke|p1|Dragapult, M|
|poke|p2|Great Tusk|
|poke|p2|Heatran, M|
|poke|p2|Weavile, M|
|poke|p2|Primarina, M|
|poke|p2|Ogerpon, F|
|poke|p2|Pecharunt|
|teampreview
|inactive|Battle timer is ON: inactive players will automatically lose when time's up. (requested by ArcadianSkies)
|
|t:|1758982361
|teamsize|p1|6
|teamsize|p2|6
|start
|switch|p1a: Downer Ending|Pelipper, M|100/100
|switch|p2a: Bandit|Weavile, M|100/100
|-ability|p2a: Bandit|Pressure
|-weather|RainDance|[from] ability: Drizzle|[of] p1a: Downer Ending
|turn|1
|
|t:|1758982374
|move|p2a: Bandit|Triple Axel|p1a: Downer Ending
|-damage|p1a: Downer Ending|84/100
|-damage|p1a: Downer Ending|55/100
|-damage|p1a: Downer Ending|7/100
|-hitcount|p1a: Downer Ending|3
|move|p1a: Downer Ending|Hurricane|p2a: Bandit
|-damage|p2a: Bandit|26/100
|-start|p2a: Bandit|confusion
|
|-weather|RainDance|[upkeep]
|upkeep
|turn|2
|
|t:|1758982386
|switch|p1a: Time's Arrow|Barraskewda, M, shiny|100/100
|-activate|p2a: Bandit|confusion
|-damage|p2a: Bandit|2/100|[from] confusion
|
|-weather|RainDance|[upkeep]
|upkeep
|turn|3
|
|t:|1758982391
|switch|p2a: Overseer|Pecharunt|100/100
|move|p1a: Time's Arrow|Flip Turn|p2a: Overseer
|-damage|p2a: Overseer|66/100
|-damage|p1a: Time's Arrow|84/100|[from] item: Rocky Helmet|[of] p2a: Overseer
|
|t:|1758982396
|switch|p1a: The Showstopper|Overqwil, M|100/100|[from] Flip Turn
|
|-weather|RainDance|[upkeep]
|upkeep
|turn|4
|
|t:|1758982404
|switch|p2a: Behemoth|Great Tusk|100/100
|move|p1a: The Showstopper|Swords Dance|p1a: The Showstopper
|-boost|p1a: The Showstopper|atk|2
|
|-weather|RainDance|[upkeep]
|upkeep
|turn|5
|
|t:|1758982411
|-terastallize|p1a: The Showstopper|Water
|move|p1a: The Showstopper|Liquidation|p2a: Behemoth
|-supereffective|p2a: Behemoth
|-damage|p2a: Behemoth|0 fnt
|faint|p2a: Behemoth
|-end|p2a: Behemoth|Protosynthesis|[silent]
|-damage|p1a: The Showstopper|91/100|[from] item: Life Orb
|
|-weather|RainDance|[upkeep]
|upkeep
|
|t:|1758982428
|switch|p2a: Anonymous|Ogerpon, F|100/100
|turn|6
|
|t:|1758982433
|switch|p2a: Overseer|Pecharunt|66/100
|move|p1a: The Showstopper|Gunk Shot|p2a: Overseer|[miss]
|-miss|p1a: The Showstopper|p2a: Overseer
|
|-weather|RainDance|[upkeep]
|upkeep
|turn|7
|
|t:|1758982442
|move|p1a: The Showstopper|Crunch|p2a: Overseer
|-supereffective|p2a: Overseer
|-damage|p2a: Overseer|0 fnt
|-damage|p1a: The Showstopper|74/100|[from] item: Rocky Helmet|[of] p2a: Overseer
|faint|p2a: Overseer
|-damage|p1a: The Showstopper|64/100|[from] item: Life Orb
|
|-weather|RainDance|[upkeep]
|upkeep
|
|t:|1758982449
|switch|p2a: Bandit|Weavile, M|2/100
|-ability|p2a: Bandit|Pressure
|turn|8
|
|t:|1758982453
|move|p2a: Bandit|Ice Shard|p1a: The Showstopper
|-resisted|p1a: The Showstopper
|-damage|p1a: The Showstopper|47/100
|move|p1a: The Showstopper|Liquidation|p2a: Bandit
|-damage|p2a: Bandit|0 fnt
|faint|p2a: Bandit
|-damage|p1a: The Showstopper|37/100|[from] item: Life Orb
|
|-weather|none
|upkeep
|
|t:|1758982467
|switch|p2a: Anonymous|Ogerpon, F|100/100
|turn|9
|
|t:|1758982478
|move|p2a: Anonymous|U-turn|p1a: The Showstopper
|-damage|p1a: The Showstopper|1/100
|
|t:|1758982481
|switch|p2a: Celestine|Primarina, M|100/100|[from] U-turn
|move|p1a: The Showstopper|Crunch|p2a: Celestine
|-resisted|p2a: Celestine
|-damage|p2a: Celestine|43/100
|-unboost|p2a: Celestine|def|1
|-damage|p1a: The Showstopper|0 fnt|[from] item: Life Orb
|faint|p1a: The Showstopper
|
|upkeep
|
|t:|1758982488
|switch|p1a: ThatsTooMuchMan!|Dragapult, M, shiny|100/100
|turn|10
|
|t:|1758982492
|move|p1a: ThatsTooMuchMan!|Dragon Darts|p2a: Celestine
|-immune|p2a: Celestine
|move|p2a: Celestine|Moonblast|p1a: ThatsTooMuchMan!
|-supereffective|p1a: ThatsTooMuchMan!
|-damage|p1a: ThatsTooMuchMan!|0 fnt
|faint|p1a: ThatsTooMuchMan!
|
|upkeep
|
|t:|1758982497
|switch|p1a: Downer Ending|Pelipper, M|7/100
|-weather|RainDance|[from] ability: Drizzle|[of] p1a: Downer Ending
|turn|11
|
|t:|1758982501
|move|p2a: Celestine|Moonblast|p1a: Downer Ending
|-damage|p1a: Downer Ending|0 fnt
|faint|p1a: Downer Ending
|
|-weather|RainDance|[upkeep]
|upkeep
|
|t:|1758982512
|switch|p1a: Escape From L.A.|Iron Treads|100/100
|turn|12
|
|t:|1758982517
|switch|p2a: Chaos|Heatran, M|100/100
|-item|p2a: Chaos|Air Balloon
|move|p1a: Escape From L.A.|Earthquake|p2a: Chaos
|-immune|p2a: Chaos
|
|-weather|RainDance|[upkeep]
|upkeep
|turn|13
|
|t:|1758982526
|move|p2a: Chaos|Magma Storm|p1a: Escape From L.A.
|-supereffective|p1a: Escape From L.A.
|-damage|p1a: Escape From L.A.|74/100
|-activate|p1a: Escape From L.A.|move: Magma Storm|[of] p2a: Chaos
|move|p1a: Escape From L.A.|Rapid Spin|p2a: Chaos
|-resisted|p2a: Chaos
|-damage|p2a: Chaos|94/100
|-boost|p1a: Escape From L.A.|spe|1
|-enditem|p2a: Chaos|Air Balloon
|-end|p1a: Escape From L.A.|Magma Storm|[partiallytrapped]
|
|-weather|RainDance|[upkeep]
|upkeep
|turn|14
|
|t:|1758982535
|move|p1a: Escape From L.A.|Earthquake|p2a: Chaos
|-supereffective|p2a: Chaos
|-damage|p2a: Chaos|0 fnt
|faint|p2a: Chaos
|
|-weather|RainDance|[upkeep]
|upkeep
|
|t:|1758982540
|switch|p2a: Anonymous|Ogerpon, F|100/100
|turn|15
|
|t:|1758982544
|move|p1a: Escape From L.A.|Ice Spinner|p2a: Anonymous
|-supereffective|p2a: Anonymous
|-damage|p2a: Anonymous|47/100
|move|p2a: Anonymous|Ivy Cudgel|p1a: Escape From L.A.
|-damage|p1a: Escape From L.A.|19/100
|
|-weather|RainDance|[upkeep]
|upkeep
|turn|16
|
|t:|1758982552
|move|p1a: Escape From L.A.|Ice Spinner|p2a: Anonymous
|-supereffective|p2a: Anonymous
|-damage|p2a: Anonymous|0 fnt
|faint|p2a: Anonymous
|
|-weather|RainDance|[upkeep]
|upkeep
|c|☆ArcadianSkies|Gg
|-message|Thedebatablereaper forfeited.
|
|win|ArcadianSkies
|raw|ArcadianSkies's rating: 1481 &rarr; <strong>1504</strong><br />(+23 for winning)
|raw|Thedebatablereaper's rating: 1532 &rarr; <strong>1509</strong><br />(-23 for losing)
|l|☆Thedebatablereaper
|player|p2|
|c|☆ArcadianSkies|Wp
