|j|☆FizzyXD
|j|☆eighteenPancakes
|t:|1758952343
|gametype|singles
|player|p1|FizzyXD|swimmerf-gen4dp|1465
|player|p2|eighteenPancakes|boarder|1432
|gen|9
|tier|[Gen 9] OU
|rated|
|rule|HP Percentage Mod: HP is shown in percentages
|rule|Endless Battle Clause: Forcing endless battles is banned
|rule|Species Clause: Limit one of each Pokémon
|rule|OHKO Clause: OHKO moves are banned
|rule|Evasion Items Clause: Evasion items are banned
|rule|Evasion Moves Clause: Evasion moves are banned
|rule|Evasion Abilities Clause: Evasion abilities are banned
|rule|Sleep Moves Clause: Sleep-inducing moves are banned
|clearpoke
|poke|p1|Dragonite, F|
|poke|p1|Gholdengo|
|poke|p1|Regidrago|
|poke|p1|Scizor, F|
|poke|p1|Ting-Lu|
|poke|p1|Weezing-Galar, F|
|poke|p2|Skarmory, F|
|poke|p2|Primarina, F|
|poke|p2|Slowking-Galar, M|
|poke|p2|Great Tusk|
|poke|p2|Ogerpon-Wellspring, F|
|poke|p2|Kingambit, M|
|teampreview
|inactive|Battle timer is ON: inactive players will automatically lose when time's up. (requested by FizzyXD)
|c|☆eighteenPancakes|hf
|
|t:|1758952354
|teamsize|p1|6
|teamsize|p2|6
|start
|switch|p1a: Scizor|Scizor, F|100/100
|switch|p2a: Classic Condor|Skarmory, F, shiny|100/100
|turn|1
|
|t:|1758952365
|move|p1a: Scizor|Knock Off|p2a: Classic Condor
|-damage|p2a: Classic Condor|77/100
|-damage|p1a: Scizor|84/100|[from] item: Rocky Helmet|[of] p2a: Classic Condor
|-enditem|p2a: Classic Condor|Rocky Helmet|[from] move: Knock Off|[of] p1a: Scizor
|move|p2a: Classic Condor|Spikes|p1a: Scizor
|-sidestart|p1: FizzyXD|Spikes
|
|upkeep
|turn|2
|
|t:|1758952373
|switch|p1a: Ting-Lu|Ting-Lu|100/100
|-damage|p1a: Ting-Lu|88/100|[from] Spikes
|-ability|p1a: Ting-Lu|Vessel of Ruin
|move|p2a: Classic Condor|Whirlwind|p1a: Ting-Lu
|drag|p1a: Dragonite|Dragonite, F|100/100
|
|upkeep
|turn|3
|
|t:|1758952382
|switch|p1a: Scizor|Scizor, F|84/100
|-damage|p1a: Scizor|72/100|[from] Spikes
|move|p2a: Classic Condor|Brave Bird|p1a: Scizor
|-damage|p1a: Scizor|31/100
|-damage|p2a: Classic Condor|65/100|[from] Recoil
|
|upkeep
|turn|4
|
|t:|1758952391
|move|p1a: Scizor|Knock Off|p2a: Classic Condor
|-damage|p2a: Classic Condor|50/100
|move|p2a: Classic Condor|Brave Bird|p1a: Scizor
|-damage|p1a: Scizor|0 fnt
|faint|p1a: Scizor
|-damage|p2a: Classic Condor|41/100|[from] Recoil
|
|upkeep
|
|t:|1758952405
|switch|p1a: Gholdengo|Gholdengo|100/100
|-damage|p1a: Gholdengo|88/100|[from] Spikes
|turn|5
|
|t:|1758952417
|switch|p2a: Sir Sludge|Slowking-Galar, M, shiny|100/100
|move|p1a: Gholdengo|Thunderbolt|p2a: Sir Sludge
|-damage|p2a: Sir Sludge|80/100
|
|upkeep
|turn|6
|
|t:|1758952421
|move|p1a: Gholdengo|Nasty Plot|p1a: Gholdengo
|-boost|p1a: Gholdengo|spa|2
|-prepare|p2a: Sir Sludge|Chilly Reception|[premajor]
|move|p2a: Sir Sludge|Chilly Reception|p2a: Sir Sludge
|-weather|Snowscape
|
|t:|1758952426
|switch|p2a: Moist Mischief|Ogerpon-Wellspring, F|100/100|[from] Chilly Reception
|
|-weather|Snowscape|[upkeep]
|upkeep
|turn|7
|
|t:|1758952432
|-terastallize|p2a: Moist Mischief|Water
|detailschange|p2a: Moist Mischief|Ogerpon-Wellspring-Tera, F, tera:Water
|-ability|p2a: Moist Mischief|Embody Aspect (Wellspring)|boost
|-boost|p2a: Moist Mischief|spd|1
|move|p2a: Moist Mischief|Knock Off|p1a: Gholdengo
|-supereffective|p1a: Gholdengo
|-damage|p1a: Gholdengo|0 fnt
|-enditem|p1a: Gholdengo|Shuca Berry|[from] move: Knock Off|[of] p2a: Moist Mischief
|faint|p1a: Gholdengo
|
|-weather|Snowscape|[upkeep]
|upkeep
|
|t:|1758952441
|switch|p1a: Weezing|Weezing-Galar, F|100/100
|-ability|p1a: Weezing|Neutralizing Gas
|turn|8
|
|t:|1758952448
|switch|p2a: Sir Sludge|Slowking-Galar, M, shiny|100/100
|move|p1a: Weezing|Will-O-Wisp|p2a: Sir Sludge
|-status|p2a: Sir Sludge|brn
|
|-weather|Snowscape|[upkeep]
|-damage|p2a: Sir Sludge|94/100 brn|[from] brn
|upkeep
|turn|9
|
|t:|1758952455
|-end|p1a: Weezing|ability: Neutralizing Gas
|switch|p1a: Ting-Lu|Ting-Lu|88/100
|-damage|p1a: Ting-Lu|76/100|[from] Spikes
|-ability|p1a: Ting-Lu|Vessel of Ruin
|move|p2a: Sir Sludge|Future Sight|p1a: Ting-Lu
|-start|p2a: Sir Sludge|move: Future Sight
|
|-weather|Snowscape|[upkeep]
|-damage|p2a: Sir Sludge|88/100 brn|[from] brn
|upkeep
|turn|10
|
|t:|1758952464
|switch|p2a: Moist Mischief|Ogerpon-Wellspring-Tera, F, tera:Water|100/100
|-ability|p2a: Moist Mischief|Embody Aspect (Wellspring)|boost
|-boost|p2a: Moist Mischief|spd|1
|move|p1a: Ting-Lu|Stealth Rock|p2a: Moist Mischief
|-sidestart|p2: eighteenPancakes|move: Stealth Rock
|
|-weather|none
|upkeep
|turn|11
|
|t:|1758952490
|switch|p1a: Weezing|Weezing-Galar, F|100/100
|-ability|p1a: Weezing|Neutralizing Gas
|move|p2a: Moist Mischief|Ivy Cudgel|p1a: Weezing|[anim] Ivy Cudgel Water
|-crit|p1a: Weezing
|-damage|p1a: Weezing|27/100
|
|-end|p1a: Weezing|move: Future Sight
|-supereffective|p1a: Weezing
|-damage|p1a: Weezing|0 fnt
|faint|p1a: Weezing
|-end|p1a: Weezing|ability: Neutralizing Gas
|upkeep
|inactive|FizzyXD has 120 seconds left.
|
|t:|1758952506
|switch|p1a: Regidrago|Regidrago, shiny|100/100
|-damage|p1a: Regidrago|88/100|[from] Spikes
|turn|12
|inactive|FizzyXD has 120 seconds left.
|
|t:|1758952513
|move|p1a: Regidrago|Dragon Energy|p2a: Moist Mischief
|-damage|p2a: Moist Mischief|39/100
|move|p2a: Moist Mischief|Knock Off|p1a: Regidrago
|-damage|p1a: Regidrago|44/100
|-enditem|p1a: Regidrago|Choice Scarf|[from] move: Knock Off|[of] p2a: Moist Mischief
|
|upkeep
|turn|13
|
|t:|1758952520
|move|p2a: Moist Mischief|Ivy Cudgel|p1a: Regidrago|[anim] Ivy Cudgel Water
|-resisted|p1a: Regidrago
|-damage|p1a: Regidrago|0 fnt
|faint|p1a: Regidrago
|
|upkeep
|
|t:|1758952525
|switch|p1a: Ting-Lu|Ting-Lu|76/100
|-damage|p1a: Ting-Lu|63/100|[from] Spikes
|-ability|p1a: Ting-Lu|Vessel of Ruin
|turn|14
|
|t:|1758952539
|move|p2a: Moist Mischief|Swords Dance|p2a: Moist Mischief
|-boost|p2a: Moist Mischief|atk|2
|move|p1a: Ting-Lu|Whirlwind|p2a: Moist Mischief
|drag|p2a: Sir Sludge|Slowking-Galar, M, shiny|100/100 brn
|
|-damage|p2a: Sir Sludge|94/100 brn|[from] brn
|upkeep
|turn|15
|
|t:|1758952548
|move|p1a: Ting-Lu|Earthquake|p2a: Sir Sludge
|-supereffective|p2a: Sir Sludge
|-damage|p2a: Sir Sludge|15/100 brn
|-prepare|p2a: Sir Sludge|Chilly Reception|[premajor]
|move|p2a: Sir Sludge|Chilly Reception|p2a: Sir Sludge
|-weather|Snowscape
|
|t:|1758952552
|switch|p2a: Señora Siren|Primarina, F, shiny|100/100|[from] Chilly Reception
|-damage|p2a: Señora Siren|88/100|[from] Stealth Rock
|
|-weather|Snowscape|[upkeep]
|-heal|p2a: Señora Siren|94/100|[from] item: Leftovers
|upkeep
|turn|16
|
|t:|1758952562
|move|p2a: Señora Siren|Psychic Noise|p1a: Ting-Lu
|-supereffective|p1a: Ting-Lu
|-damage|p1a: Ting-Lu|37/100
|-start|p1a: Ting-Lu|move: Heal Block
|move|p1a: Ting-Lu|Whirlwind|p2a: Señora Siren
|drag|p2a: Mr. Metagame|Kingambit, M, shiny|100/100
|-damage|p2a: Mr. Metagame|94/100|[from] Stealth Rock
|
|-weather|Snowscape|[upkeep]
|-heal|p2a: Mr. Metagame|100/100|[from] item: Leftovers
|upkeep
|turn|17
|
|t:|1758952573
|switch|p2a: Trusty Tuskothy|Great Tusk|100/100
|-damage|p2a: Trusty Tuskothy|98/100|[from] Stealth Rock
|move|p1a: Ting-Lu|Whirlwind|p2a: Trusty Tuskothy
|-end|p2a: Trusty Tuskothy|Protosynthesis|[silent]
|drag|p2a: Classic Condor|Skarmory, F, shiny|41/100
|-damage|p2a: Classic Condor|29/100|[from] Stealth Rock
|
|-weather|Snowscape|[upkeep]
|-end|p1a: Ting-Lu|move: Heal Block
|upkeep
|turn|18
|
|t:|1758952586
|move|p2a: Classic Condor|Brave Bird|p1a: Ting-Lu
|-damage|p1a: Ting-Lu|17/100
|-damage|p2a: Classic Condor|12/100|[from] item: Rocky Helmet|[of] p1a: Ting-Lu
|-damage|p2a: Classic Condor|3/100|[from] Recoil
|move|p1a: Ting-Lu|Whirlwind|p2a: Classic Condor
|drag|p2a: Señora Siren|Primarina, F, shiny|94/100
|-damage|p2a: Señora Siren|82/100|[from] Stealth Rock
|
|-weather|Snowscape|[upkeep]
|-heal|p2a: Señora Siren|88/100|[from] item: Leftovers
|upkeep
|turn|19
|
|t:|1758952592
|move|p2a: Señora Siren|Psychic Noise|p1a: Ting-Lu
|-supereffective|p1a: Ting-Lu
|-damage|p1a: Ting-Lu|0 fnt
|faint|p1a: Ting-Lu
|
|-weather|none
|-heal|p2a: Señora Siren|94/100|[from] item: Leftovers
|upkeep
|
|t:|1758952596
|switch|p1a: Dragonite|Dragonite, F|100/100
|turn|20
|
|t:|1758952607
|move|p1a: Dragonite|Dragon Dance|p1a: Dragonite
|-boost|p1a: Dragonite|atk|1
|-boost|p1a: Dragonite|spe|1
|move|p2a: Señora Siren|Draining Kiss|p1a: Dragonite
|-supereffective|p1a: Dragonite
|-damage|p1a: Dragonite|79/100
|-heal|p2a: Señora Siren|100/100|[from] drain|[of] p1a: Dragonite
|
|upkeep
|turn|21
|
|t:|1758952623
|-terastallize|p1a: Dragonite|Normal
|move|p1a: Dragonite|Extreme Speed|p2a: Señora Siren
|-crit|p2a: Señora Siren
|-damage|p2a: Señora Siren|21/100
|move|p2a: Señora Siren|Draining Kiss|p1a: Dragonite
|-crit|p1a: Dragonite
|-damage|p1a: Dragonite|46/100
|-heal|p2a: Señora Siren|44/100|[from] drain|[of] p1a: Dragonite
|
|-heal|p2a: Señora Siren|50/100|[from] item: Leftovers
|upkeep
|turn|22
|
|t:|1758952631
|move|p1a: Dragonite|Extreme Speed|p2a: Señora Siren
|-damage|p2a: Señora Siren|0 fnt
|faint|p2a: Señora Siren
|
|upkeep
|
|t:|1758952640
|switch|p2a: Trusty Tuskothy|Great Tusk|98/100
|-damage|p2a: Trusty Tuskothy|95/100|[from] Stealth Rock
|turn|23
|
|t:|1758952648
|move|p1a: Dragonite|Extreme Speed|p2a: Trusty Tuskothy
|-damage|p2a: Trusty Tuskothy|52/100
|-damage|p1a: Dragonite|30/100|[from] item: Rocky Helmet|[of] p2a: Trusty Tuskothy
|move|p2a: Trusty Tuskothy|Close Combat|p1a: Dragonite
|-supereffective|p1a: Dragonite
|-damage|p1a: Dragonite|0 fnt
|-unboost|p2a: Trusty Tuskothy|def|1
|-unboost|p2a: Trusty Tuskothy|spd|1
|faint|p1a: Dragonite
|
|win|eighteenPancakes
|raw|FizzyXD's rating: 1465 &rarr; <strong>1443</strong><br />(-22 for losing)
|raw|eighteenPancakes's rating: 1432 &rarr; <strong>1454</strong><br />(+22 for winning)
|l|☆FizzyXD
|player|p1|
|l|☆eighteenPancakes
|player|p2|
