|j|☆Acrolix
|j|☆the maraculous
|t:|1758994556
|gametype|singles
|player|p1|Acrolix|170|1325
|player|p2|the maraculous|dragontamer|1318
|gen|9
|tier|[Gen 9] OU
|rated|
|rule|HP Percentage Mod: HP is shown in percentages
|rule|Endless Battle Clause: Forcing endless battles is banned
|rule|Species Clause: Limit one of each Pokémon
|rule|OHKO Clause: OHKO moves are banned
|rule|Evasion Items Clause: Evasion items are banned
|rule|Evasion Moves Clause: Evasion moves are banned
|rule|Evasion Abilities Clause: Evasion abilities are banned
|rule|Sleep Moves Clause: Sleep-inducing moves are banned
|clearpoke
|poke|p1|Toxicroak, M|
|poke|p1|Gliscor, M|
|poke|p1|Zapdos|
|poke|p1|Heatran, M|
|poke|p1|Ting-Lu|
|poke|p1|Quaquaval, M|
|poke|p2|Hitmonlee, M|
|poke|p2|Iron Valiant|
|poke|p2|Weezing-Galar, F|
|poke|p2|Primarina, F|
|poke|p2|Darkrai|
|poke|p2|Haxorus, F|
|teampreview
|
|t:|1758994570
|teamsize|p1|6
|teamsize|p2|6
|start
|switch|p1a: Heatran|Heatran, M|100/100
|switch|p2a: Hitmonlee|Hitmonlee, M|100/100
|-item|p1a: Heatran|Air Balloon
|turn|1
|j| LeoIsBadAtThis
|c|☆Acrolix|oh no i forgot poison heal
|
|t:|1758994595
|switch|p1a: Toxicroak|Toxicroak, M|100/100
|move|p2a: Hitmonlee|Knock Off|p1a: Toxicroak
|-resisted|p1a: Toxicroak
|-crit|p1a: Toxicroak
|-damage|p1a: Toxicroak|74/100
|-enditem|p1a: Toxicroak|Leftovers|[from] move: Knock Off|[of] p2a: Hitmonlee
|
|upkeep
|turn|2
|c| LeoIsBadAtThis|you got this
|
|t:|1758994603
|switch|p2a: Weezing|Weezing-Galar, F|100/100
|move|p1a: Toxicroak|Bulk Up|p1a: Toxicroak
|-boost|p1a: Toxicroak|atk|1
|-boost|p1a: Toxicroak|def|1
|
|upkeep
|turn|3
|
|t:|1758994613
|switch|p1a: Heatran|Heatran, M|100/100
|-item|p1a: Heatran|Air Balloon
|move|p2a: Weezing|Play Rough|p1a: Heatran
|-resisted|p1a: Heatran
|-crit|p1a: Heatran
|-damage|p1a: Heatran|88/100
|-enditem|p1a: Heatran|Air Balloon
|
|upkeep
|turn|4
|
|t:|1758994620
|move|p1a: Heatran|Magma Storm|p2a: Weezing
|-damage|p2a: Weezing|38/100
|-activate|p2a: Weezing|move: Magma Storm|[of] p1a: Heatran
|move|p2a: Weezing|Memento|p1a: Heatran
|-unboost|p1a: Heatran|atk|2
|-unboost|p1a: Heatran|spa|2
|faint|p2a: Weezing
|
|upkeep
|
|t:|1758994624
|switch|p2a: Haxorus|Haxorus, F|100/100
|-ability|p2a: Haxorus|Mold Breaker
|turn|5
|
|t:|1758994630
|switch|p1a: Gliscor|Gliscor, M|100/100
|move|p2a: Haxorus|Swords Dance|p2a: Haxorus
|-boost|p2a: Haxorus|atk|2
|
|-status|p1a: Gliscor|tox|[from] item: Toxic Orb
|upkeep
|turn|6
|
|t:|1758994637
|move|p2a: Haxorus|Scale Shot|p1a: Gliscor
|-damage|p1a: Gliscor|74/100 tox
|-damage|p1a: Gliscor|49/100 tox
|-damage|p1a: Gliscor|20/100 tox
|-damage|p1a: Gliscor|0 fnt
|faint|p1a: Gliscor
|-hitcount|p1: Gliscor|4
|-unboost|p2a: Haxorus|def|1
|-boost|p2a: Haxorus|spe|1
|
|upkeep
|
|t:|1758994655
|switch|p1a: Zapdos|Zapdos|100/100
|turn|7
|l| LeoIsBadAtThis
|
|t:|1758994665
|-terastallize|p1a: Zapdos|Steel
|move|p2a: Haxorus|Scale Shot|p1a: Zapdos
|-resisted|p1a: Zapdos
|-damage|p1a: Zapdos|88/100
|-resisted|p1a: Zapdos
|-damage|p1a: Zapdos|75/100
|-resisted|p1a: Zapdos
|-damage|p1a: Zapdos|61/100
|-resisted|p1a: Zapdos
|-damage|p1a: Zapdos|47/100
|-hitcount|p1a: Zapdos|4
|-unboost|p2a: Haxorus|def|1
|-boost|p2a: Haxorus|spe|1
|move|p1a: Zapdos|Hurricane|p2a: Haxorus
|-damage|p2a: Haxorus|26/100
|
|upkeep
|turn|8
|
|t:|1758994683
|move|p2a: Haxorus|Scale Shot|p1a: Zapdos
|-resisted|p1a: Zapdos
|-damage|p1a: Zapdos|35/100
|-resisted|p1a: Zapdos
|-damage|p1a: Zapdos|23/100
|-resisted|p1a: Zapdos
|-crit|p1a: Zapdos
|-damage|p1a: Zapdos|4/100
|-resisted|p1a: Zapdos
|-damage|p1a: Zapdos|0 fnt
|faint|p1a: Zapdos
|-hitcount|p1: Zapdos|4
|-unboost|p2a: Haxorus|def|1
|-boost|p2a: Haxorus|spe|1
|
|upkeep
|
|t:|1758994690
|switch|p1a: Quaquaval|Quaquaval, M|100/100
|turn|9
|
|t:|1758994695
|switch|p2a: Primarina|Primarina, F|100/100
|move|p1a: Quaquaval|Knock Off|p2a: Primarina
|-resisted|p2a: Primarina
|-damage|p2a: Primarina|82/100
|-enditem|p2a: Primarina|Leftovers|[from] move: Knock Off|[of] p1a: Quaquaval
|
|upkeep
|turn|10
|
|t:|1758994701
|switch|p1a: Toxicroak|Toxicroak, M|74/100
|move|p2a: Primarina|Calm Mind|p2a: Primarina
|-boost|p2a: Primarina|spa|1
|-boost|p2a: Primarina|spd|1
|
|upkeep
|turn|11
|
|t:|1758994705
|move|p1a: Toxicroak|Poison Jab|p2a: Primarina
|-supereffective|p2a: Primarina
|-damage|p2a: Primarina|20/100
|move|p2a: Primarina|Draining Kiss|p1a: Toxicroak
|-damage|p1a: Toxicroak|17/100
|-heal|p2a: Primarina|56/100|[from] drain|[of] p1a: Toxicroak
|
|upkeep
|turn|12
|
|t:|1758994712
|move|p2a: Primarina|Baby-Doll Eyes|p1a: Toxicroak
|-unboost|p1a: Toxicroak|atk|1
|move|p1a: Toxicroak|Poison Jab|p2a: Primarina
|-supereffective|p2a: Primarina
|-damage|p2a: Primarina|16/100
|-status|p2a: Primarina|psn
|
|-damage|p2a: Primarina|4/100 psn|[from] psn
|upkeep
|turn|13
|
|t:|1758994717
|move|p1a: Toxicroak|Poison Jab|p2a: Primarina
|-supereffective|p2a: Primarina
|-damage|p2a: Primarina|0 fnt
|faint|p2a: Primarina
|
|upkeep
|
|t:|1758994722
|switch|p2a: Iron Valiant|Iron Valiant|100/100
|-enditem|p2a: Iron Valiant|Booster Energy
|-activate|p2a: Iron Valiant|ability: Quark Drive|[fromitem]
|-start|p2a: Iron Valiant|quarkdrivespe
|turn|14
|
|t:|1758994738
|move|p2a: Iron Valiant|Moonblast|p1a: Toxicroak
|-damage|p1a: Toxicroak|0 fnt
|faint|p1a: Toxicroak
|
|upkeep
|
|t:|1758994740
|switch|p1a: Heatran|Heatran, M|88/100
|turn|15
|
|t:|1758994745
|move|p2a: Iron Valiant|Close Combat|p1a: Heatran
|-supereffective|p1a: Heatran
|-damage|p1a: Heatran|0 fnt
|-unboost|p2a: Iron Valiant|def|1
|-unboost|p2a: Iron Valiant|spd|1
|faint|p1a: Heatran
|
|upkeep
|
|t:|1758994748
|switch|p1a: Quaquaval|Quaquaval, M|100/100
|turn|16
|
|t:|1758994751
|move|p2a: Iron Valiant|Destiny Bond|p2a: Iron Valiant
|-singlemove|p2a: Iron Valiant|Destiny Bond
|move|p1a: Quaquaval|Aqua Step|p2a: Iron Valiant
|-damage|p2a: Iron Valiant|11/100
|-boost|p1a: Quaquaval|spe|1
|
|upkeep
|turn|17
|
|t:|1758994768
|move|p2a: Iron Valiant|Moonblast|p1a: Quaquaval
|-supereffective|p1a: Quaquaval
|-damage|p1a: Quaquaval|21/100
|move|p1a: Quaquaval|Knock Off|p2a: Iron Valiant
|-resisted|p2a: Iron Valiant
|-damage|p2a: Iron Valiant|0 fnt
|faint|p2a: Iron Valiant
|-end|p2a: Iron Valiant|Quark Drive|[silent]
|-ability|p1a: Quaquaval|Moxie|boost
|-boost|p1a: Quaquaval|atk|1
|
|upkeep
|
|t:|1758994786
|switch|p2a: Hitmonlee|Hitmonlee, M|100/100
|turn|18
|
|t:|1758994791
|move|p2a: Hitmonlee|Endure|p2a: Hitmonlee
|-singleturn|p2a: Hitmonlee|move: Endure
|move|p1a: Quaquaval|Close Combat|p2a: Hitmonlee
|-activate|p2a: Hitmonlee|move: Endure
|-damage|p2a: Hitmonlee|1/100
|-unboost|p1a: Quaquaval|def|1
|-unboost|p1a: Quaquaval|spd|1
|-enditem|p2a: Hitmonlee|Liechi Berry|[eat]
|-boost|p2a: Hitmonlee|atk|1|[from] item: Liechi Berry
|
|upkeep
|turn|19
|
|t:|1758994799
|move|p2a: Hitmonlee|Reversal|p1a: Quaquaval
|-damage|p1a: Quaquaval|0 fnt
|faint|p1a: Quaquaval
|
|upkeep
|
|t:|1758994801
|switch|p1a: Ting-Lu|Ting-Lu|100/100
|-ability|p1a: Ting-Lu|Vessel of Ruin
|turn|20
|
|t:|1758994808
|move|p2a: Hitmonlee|Reversal|p1a: Ting-Lu
|-supereffective|p1a: Ting-Lu
|-damage|p1a: Ting-Lu|0 fnt
|faint|p1a: Ting-Lu
|
|win|the maraculous
|raw|Acrolix's rating: 1325 &rarr; <strong>1305</strong><br />(-20 for losing)
|raw|the maraculous's rating: 1318 &rarr; <strong>1338</strong><br />(+20 for winning)
|c|☆Acrolix|gg
|l|☆Acrolix
|player|p1|
|c|☆the maraculous|gg
|l|☆the maraculous
|player|p2|
