|j|☆zg4h11
|j|☆lengthrr
|t:|1758950172
|gametype|singles
|player|p1|zg4h11|170|1426
|player|p2|lengthrr|unknown|1496
|gen|9
|tier|[Gen 9] OU
|rated|
|rule|HP Percentage Mod: HP is shown in percentages
|rule|Endless Battle Clause: Forcing endless battles is banned
|rule|Species Clause: Limit one of each Pokémon
|rule|OHKO Clause: OHKO moves are banned
|rule|Evasion Items Clause: Evasion items are banned
|rule|Evasion Moves Clause: Evasion moves are banned
|rule|Evasion Abilities Clause: Evasion abilities are banned
|rule|Sleep Moves Clause: Sleep-inducing moves are banned
|clearpoke
|poke|p1|Hatterene, F|
|poke|p1|Darkrai|
|poke|p1|Ogerpon-Wellspring, F|
|poke|p1|Thundurus-Therian, M|
|poke|p1|Tyranitar, F|
|poke|p1|Corviknight, M|
|poke|p2|Slowking-Galar, F|
|poke|p2|Dragapult, M|
|poke|p2|Kingambit, M|
|poke|p2|Keldeo-Resolute|
|poke|p2|Zapdos|
|poke|p2|Great Tusk|
|teampreview
|inactive|Battle timer is ON: inactive players will automatically lose when time's up. (requested by lengthrr)
|
|t:|1758950195
|teamsize|p1|6
|teamsize|p2|6
|start
|switch|p1a: Tyranitar|Tyranitar, F|100/100
|switch|p2a: :(|Great Tusk|100/100
|-weather|Sandstorm|[from] ability: Sand Stream|[of] p1a: Tyranitar
|turn|1
|
|t:|1758950209
|switch|p1a: Corviknight|Corviknight, M|100/100
|-ability|p1a: Corviknight|Pressure
|move|p2a: :(|Stealth Rock|p1a: Corviknight
|-sidestart|p1: zg4h11|move: Stealth Rock
|
|-weather|Sandstorm|[upkeep]
|upkeep
|turn|2
|
|t:|1758950216
|-end|p2a: :(|Protosynthesis|[silent]
|switch|p2a: :)|Zapdos|100/100
|move|p1a: Corviknight|Defog|p2a: :)
|-unboost|p2a: :)|evasion|1
|-sideend|p1: zg4h11|Stealth Rock|[from] move: Defog|[of] p1a: Corviknight
|
|-weather|Sandstorm|[upkeep]
|-damage|p2a: :)|94/100|[from] Sandstorm
|upkeep
|turn|3
|
|t:|1758950228
|switch|p1a: Thundurus|Thundurus-Therian, M|100/100
|move|p2a: :)|Discharge|p1a: Thundurus
|-immune|p1a: Thundurus|[from] ability: Volt Absorb
|
|-weather|Sandstorm|[upkeep]
|-damage|p1a: Thundurus|94/100|[from] Sandstorm
|-damage|p2a: :)|88/100|[from] Sandstorm
|upkeep
|turn|4
|
|t:|1758950236
|switch|p2a: so chill|Slowking-Galar, F|100/100
|move|p1a: Thundurus|Volt Switch|p2a: so chill
|-damage|p2a: so chill|64/100
|
|t:|1758950242
|switch|p1a: Tyranitar|Tyranitar, F|100/100|[from] Volt Switch
|
|-weather|Sandstorm|[upkeep]
|-damage|p2a: so chill|58/100|[from] Sandstorm
|-heal|p2a: so chill|64/100|[from] item: Black Sludge
|upkeep
|turn|5
|
|t:|1758950250
|switch|p2a: :(|Great Tusk|100/100
|move|p1a: Tyranitar|Ice Beam|p2a: :(
|-supereffective|p2a: :(
|-damage|p2a: :(|42/100
|
|-weather|none
|upkeep
|turn|6
|
|t:|1758950259
|-end|p2a: :(|Protosynthesis|[silent]
|switch|p2a: :)|Zapdos|88/100
|switch|p1a: Corviknight|Corviknight, M|100/100
|-ability|p1a: Corviknight|Pressure
|
|upkeep
|turn|7
|
|t:|1758950267
|move|p2a: :)|U-turn|p1a: Corviknight
|-resisted|p1a: Corviknight
|-damage|p1a: Corviknight|98/100
|-damage|p2a: :)|72/100|[from] item: Rocky Helmet|[of] p1a: Corviknight
|
|t:|1758950276
|switch|p2a: so chill|Slowking-Galar, F|98/100|[from] U-turn
|move|p1a: Corviknight|U-turn|p2a: so chill
|-damage|p2a: so chill|84/100
|
|t:|1758950282
|switch|p1a: Tyranitar|Tyranitar, F|100/100|[from] U-turn
|-weather|Sandstorm|[from] ability: Sand Stream|[of] p1a: Tyranitar
|
|-weather|Sandstorm|[upkeep]
|-damage|p2a: so chill|78/100|[from] Sandstorm
|-heal|p2a: so chill|84/100|[from] item: Black Sludge
|upkeep
|turn|8
|
|t:|1758950290
|switch|p2a: joe|Keldeo-Resolute|100/100
|move|p1a: Tyranitar|Knock Off|p2a: joe
|-resisted|p2a: joe
|-damage|p2a: joe|74/100
|-ability|p2a: joe|Justified|boost
|-boost|p2a: joe|atk|1
|-enditem|p2a: joe|Leftovers|[from] move: Knock Off|[of] p1a: Tyranitar
|
|-weather|Sandstorm|[upkeep]
|-damage|p2a: joe|68/100|[from] Sandstorm
|upkeep
|turn|9
|
|t:|1758950317
|switch|p1a: Thundurus|Thundurus-Therian, M|94/100
|move|p2a: joe|Substitute|p2a: joe
|-start|p2a: joe|Substitute
|-damage|p2a: joe|43/100
|
|-weather|Sandstorm|[upkeep]
|-damage|p1a: Thundurus|88/100|[from] Sandstorm
|-damage|p2a: joe|37/100|[from] Sandstorm
|upkeep
|turn|10
|
|t:|1758950326
|move|p1a: Thundurus|Volt Switch|p2a: joe
|-supereffective|p2a: joe
|-end|p2a: joe|Substitute
|
|t:|1758950332
|switch|p1a: Ogerpon|Ogerpon-Wellspring, F|100/100|[from] Volt Switch
|move|p2a: joe|Surf|p1a: Ogerpon
|-immune|p1a: Ogerpon|[from] ability: Water Absorb
|
|-weather|Sandstorm|[upkeep]
|-damage|p1a: Ogerpon|95/100|[from] Sandstorm
|-damage|p2a: joe|30/100|[from] Sandstorm
|upkeep
|turn|11
|inactive|zg4h11 has 120 seconds left.
|
|t:|1758950377
|switch|p1a: Thundurus|Thundurus-Therian, M|88/100
|switch|p2a: :)|Zapdos|72/100
|
|-weather|none
|upkeep
|turn|12
|
|t:|1758950388
|switch|p2a: :(|Great Tusk|42/100
|move|p1a: Thundurus|Volt Switch|p2a: :(
|-immune|p2a: :(
|
|upkeep
|turn|13
|
|t:|1758950399
|switch|p1a: Corviknight|Corviknight, M|98/100
|-ability|p1a: Corviknight|Pressure
|move|p2a: :(|Headlong Rush|p1a: Corviknight
|-immune|p1a: Corviknight
|
|upkeep
|turn|14
|
|t:|1758950409
|-end|p2a: :(|Protosynthesis|[silent]
|switch|p2a: :)|Zapdos|72/100
|move|p1a: Corviknight|U-turn|p2a: :)
|-resisted|p2a: :)
|-damage|p2a: :)|67/100
|
|t:|1758950417
|switch|p1a: Tyranitar|Tyranitar, F|100/100|[from] U-turn
|-weather|Sandstorm|[from] ability: Sand Stream|[of] p1a: Tyranitar
|
|-weather|Sandstorm|[upkeep]
|-damage|p2a: :)|61/100|[from] Sandstorm
|upkeep
|turn|15
|
|t:|1758950424
|move|p2a: :)|U-turn|p1a: Tyranitar
|-supereffective|p1a: Tyranitar
|-damage|p1a: Tyranitar|78/100
|
|t:|1758950427
|switch|p2a: Kingambit|Kingambit, M|100/100|[from] U-turn
|move|p1a: Tyranitar|Knock Off|p2a: Kingambit
|-resisted|p2a: Kingambit
|-damage|p2a: Kingambit|78/100
|-enditem|p2a: Kingambit|Leftovers|[from] move: Knock Off|[of] p1a: Tyranitar
|
|-weather|Sandstorm|[upkeep]
|upkeep
|turn|16
|inactive|zg4h11 has 120 seconds left.
|
|t:|1758950435
|switch|p1a: Corviknight|Corviknight, M|98/100
|-ability|p1a: Corviknight|Pressure
|move|p2a: Kingambit|Iron Head|p1a: Corviknight
|-resisted|p1a: Corviknight
|-damage|p1a: Corviknight|84/100
|-damage|p2a: Kingambit|61/100|[from] item: Rocky Helmet|[of] p1a: Corviknight
|
|-weather|Sandstorm|[upkeep]
|upkeep
|turn|17
|inactive|zg4h11 has 120 seconds left.
|
|t:|1758950446
|move|p1a: Corviknight|U-turn|p2a: Kingambit
|-damage|p2a: Kingambit|50/100
|inactive|zg4h11 has 120 seconds left.
|
|t:|1758950454
|switch|p1a: Tyranitar|Tyranitar, F|78/100|[from] U-turn
|move|p2a: Kingambit|Swords Dance|p2a: Kingambit
|-boost|p2a: Kingambit|atk|2
|
|-weather|Sandstorm|[upkeep]
|upkeep
|turn|18
|inactive|zg4h11 has 120 seconds left.
|
|t:|1758950467
|switch|p1a: Corviknight|Corviknight, M|84/100
|-ability|p1a: Corviknight|Pressure
|move|p2a: Kingambit|Sucker Punch||[still]
|-fail|p2a: Kingambit
|
|-weather|none
|upkeep
|turn|19
|
|t:|1758950475
|move|p2a: Kingambit|Sucker Punch|p1a: Corviknight
|-damage|p1a: Corviknight|38/100
|-damage|p2a: Kingambit|34/100|[from] item: Rocky Helmet|[of] p1a: Corviknight
|move|p1a: Corviknight|Body Press|p2a: Kingambit
|-supereffective|p2a: Kingambit
|-damage|p2a: Kingambit|0 fnt
|faint|p2a: Kingambit
|-end|p2a: Kingambit|fallenundefined|[silent]
|
|upkeep
|
|t:|1758950479
|switch|p2a: lebron|Dragapult, M|100/100
|turn|20
|
|t:|1758950487
|switch|p1a: Tyranitar|Tyranitar, F|78/100
|-weather|Sandstorm|[from] ability: Sand Stream|[of] p1a: Tyranitar
|-terastallize|p2a: lebron|Ghost
|move|p2a: lebron|Tera Blast|p1a: Tyranitar|[anim] Tera Blast Ghost
|-resisted|p1a: Tyranitar
|-damage|p1a: Tyranitar|48/100
|
|-weather|Sandstorm|[upkeep]
|-damage|p2a: lebron|95/100|[from] Sandstorm
|upkeep
|turn|21
|
|t:|1758950499
|switch|p2a: joe|Keldeo-Resolute|30/100
|move|p1a: Tyranitar|Ice Beam|p2a: joe
|-resisted|p2a: joe
|-damage|p2a: joe|20/100
|
|-weather|Sandstorm|[upkeep]
|-damage|p2a: joe|14/100|[from] Sandstorm
|upkeep
|turn|22
|
|t:|1758950513
|switch|p1a: Corviknight|Corviknight, M|38/100
|-ability|p1a: Corviknight|Pressure
|move|p2a: joe|Secret Sword|p1a: Corviknight
|-damage|p1a: Corviknight|13/100
|
|-weather|Sandstorm|[upkeep]
|-damage|p2a: joe|8/100|[from] Sandstorm
|upkeep
|turn|23
|
|t:|1758950522
|move|p2a: joe|Surf|p1a: Corviknight
|-damage|p1a: Corviknight|0 fnt
|faint|p1a: Corviknight
|
|-weather|Sandstorm|[upkeep]
|-damage|p2a: joe|2/100|[from] Sandstorm
|upkeep
|
|t:|1758950545
|switch|p1a: Darkrai|Darkrai|100/100
|turn|24
|
|t:|1758950550
|move|p1a: Darkrai|Dark Pulse|p2a: joe
|-resisted|p2a: joe
|-damage|p2a: joe|0 fnt
|faint|p2a: joe
|
|-weather|none
|upkeep
|
|t:|1758950556
|switch|p2a: lebron|Dragapult, M, tera:Ghost|95/100
|turn|25
|
|t:|1758950562
|switch|p1a: Tyranitar|Tyranitar, F|48/100
|-weather|Sandstorm|[from] ability: Sand Stream|[of] p1a: Tyranitar
|move|p2a: lebron|Tera Blast|p1a: Tyranitar|[anim] Tera Blast Ghost
|-resisted|p1a: Tyranitar
|-damage|p1a: Tyranitar|18/100
|
|-weather|Sandstorm|[upkeep]
|-damage|p2a: lebron|89/100|[from] Sandstorm
|upkeep
|turn|26
|
|t:|1758950574
|move|p2a: lebron|Tera Blast|p1a: Tyranitar|[anim] Tera Blast Ghost
|-resisted|p1a: Tyranitar
|-damage|p1a: Tyranitar|0 fnt
|faint|p1a: Tyranitar
|
|-weather|Sandstorm|[upkeep]
|-damage|p2a: lebron|83/100|[from] Sandstorm
|upkeep
|
|t:|1758950581
|switch|p1a: Darkrai|Darkrai|100/100
|turn|27
|
|t:|1758950586
|switch|p2a: :)|Zapdos|61/100
|move|p1a: Darkrai|Dark Pulse|p2a: :)
|-damage|p2a: :)|21/100
|
|-weather|Sandstorm|[upkeep]
|-damage|p1a: Darkrai|94/100|[from] Sandstorm
|-damage|p2a: :)|15/100|[from] Sandstorm
|upkeep
|turn|28
|
|t:|1758950595
|move|p1a: Darkrai|Dark Pulse|p2a: :)
|-damage|p2a: :)|0 fnt
|faint|p2a: :)
|
|-weather|Sandstorm|[upkeep]
|-damage|p1a: Darkrai|88/100|[from] Sandstorm
|upkeep
|
|t:|1758950601
|switch|p2a: so chill|Slowking-Galar, F|100/100
|turn|29
|
|t:|1758950604
|switch|p1a: Thundurus|Thundurus-Therian, M|88/100
|-prepare|p2a: so chill|Chilly Reception|[premajor]
|move|p2a: so chill|Chilly Reception|p2a: so chill
|-weather|Snowscape
|
|t:|1758950607
|switch|p2a: lebron|Dragapult, M, tera:Ghost|83/100|[from] Chilly Reception
|
|-weather|Snowscape|[upkeep]
|upkeep
|turn|30
|
|t:|1758950619
|move|p2a: lebron|Tera Blast|p1a: Thundurus|[anim] Tera Blast Ghost
|-damage|p1a: Thundurus|0 fnt
|faint|p1a: Thundurus
|
|-weather|Snowscape|[upkeep]
|upkeep
|
|t:|1758950625
|switch|p1a: Darkrai|Darkrai|88/100
|turn|31
|
|t:|1758950630
|switch|p2a: :(|Great Tusk|42/100
|move|p1a: Darkrai|Dark Pulse|p2a: :(
|-resisted|p2a: :(
|-damage|p2a: :(|12/100
|
|-weather|Snowscape|[upkeep]
|upkeep
|turn|32
|
|t:|1758950637
|move|p1a: Darkrai|Dark Pulse|p2a: :(
|-resisted|p2a: :(
|-damage|p2a: :(|0 fnt
|faint|p2a: :(
|-end|p2a: :(|Protosynthesis|[silent]
|
|-weather|Snowscape|[upkeep]
|upkeep
|
|t:|1758950643
|switch|p2a: so chill|Slowking-Galar, F|100/100
|turn|33
|
|t:|1758950650
|switch|p1a: Hatterene|Hatterene, F|100/100
|-prepare|p2a: so chill|Chilly Reception|[premajor]
|move|p2a: so chill|Chilly Reception|p2a: so chill
|
|t:|1758950653
|switch|p2a: lebron|Dragapult, M, tera:Ghost|83/100|[from] Chilly Reception
|
|-weather|none
|upkeep
|turn|34
|
|t:|1758950670
|-terastallize|p1a: Hatterene|Water
|move|p2a: lebron|U-turn|p1a: Hatterene
|-damage|p1a: Hatterene|75/100
|
|t:|1758950673
|switch|p2a: so chill|Slowking-Galar, F|100/100|[from] U-turn
|move|p1a: Hatterene|Nuzzle|p2a: so chill
|-damage|p2a: so chill|96/100
|-status|p2a: so chill|par
|
|-heal|p1a: Hatterene|81/100|[from] item: Leftovers
|-heal|p2a: so chill|100/100 par|[from] item: Black Sludge
|upkeep
|turn|35
|
|t:|1758950683
|move|p1a: Hatterene|Future Sight|p2a: so chill
|-start|p1a: Hatterene|move: Future Sight
|move|p2a: so chill|Sludge Bomb|p1a: Hatterene
|-damage|p1a: Hatterene|44/100
|
|-heal|p1a: Hatterene|50/100|[from] item: Leftovers
|upkeep
|turn|36
|
|t:|1758950690
|move|p1a: Hatterene|Draining Kiss|p2a: so chill
|-resisted|p2a: so chill
|-damage|p2a: so chill|93/100 par
|-heal|p1a: Hatterene|56/100|[from] drain|[of] p2a: so chill
|cant|p2a: so chill|par
|
|-heal|p1a: Hatterene|62/100|[from] item: Leftovers
|-heal|p2a: so chill|99/100 par|[from] item: Black Sludge
|upkeep
|turn|37
|
|t:|1758950705
|switch|p1a: Ogerpon|Ogerpon-Wellspring, F|95/100
|move|p2a: so chill|Sludge Bomb|p1a: Ogerpon
|-supereffective|p1a: Ogerpon
|-damage|p1a: Ogerpon|19/100
|
|-end|p2a: so chill|move: Future Sight
|-damage|p2a: so chill|71/100 par
|-heal|p2a: so chill|77/100 par|[from] item: Black Sludge
|upkeep
|turn|38
|
|t:|1758950714
|move|p1a: Ogerpon|Ivy Cudgel|p2a: so chill|[anim] Ivy Cudgel Water
|-damage|p2a: so chill|15/100 par
|-prepare|p2a: so chill|Chilly Reception|[premajor]
|move|p2a: so chill|Chilly Reception|p2a: so chill
|-weather|Snowscape
|
|t:|1758950718
|switch|p2a: lebron|Dragapult, M, tera:Ghost|83/100|[from] Chilly Reception
|
|-weather|Snowscape|[upkeep]
|upkeep
|turn|39
|
|t:|1758950725
|move|p2a: lebron|Dragon Darts|p1a: Ogerpon
|-damage|p1a: Ogerpon|0 fnt
|faint|p1a: Ogerpon
|
|-weather|Snowscape|[upkeep]
|upkeep
|
|t:|1758950729
|switch|p1a: Darkrai|Darkrai|88/100
|turn|40
|
|t:|1758950732
|move|p1a: Darkrai|Dark Pulse|p2a: lebron
|-supereffective|p2a: lebron
|-damage|p2a: lebron|0 fnt
|faint|p2a: lebron
|
|-weather|Snowscape|[upkeep]
|upkeep
|-message|lengthrr forfeited.
|
|win|zg4h11
|raw|zg4h11's rating: 1426 &rarr; <strong>1450</strong><br />(+24 for winning)
|raw|lengthrr's rating: 1496 &rarr; <strong>1472</strong><br />(-24 for losing)
|l|☆lengthrr
|player|p2|
