|j|☆gen 9 sab truther
|j|☆salty pepperer
|t:|1759014010
|gametype|singles
|player|p1|gen 9 sab truther|morty-masters|1698
|player|p2|salty pepperer|266|1654
|gen|9
|tier|[Gen 9] OU
|rated|
|rule|HP Percentage Mod: HP is shown in percentages
|rule|Endless Battle Clause: Forcing endless battles is banned
|rule|Species Clause: Limit one of each Pokémon
|rule|OHKO Clause: OHKO moves are banned
|rule|Evasion Items Clause: Evasion items are banned
|rule|Evasion Moves Clause: Evasion moves are banned
|rule|Evasion Abilities Clause: Evasion abilities are banned
|rule|Sleep Moves Clause: Sleep-inducing moves are banned
|clearpoke
|poke|p1|Masquerain, F|
|poke|p1|Zarude-Dada|
|poke|p1|Great Tusk|
|poke|p1|Raging Bolt|
|poke|p1|Gholdengo|
|poke|p1|Kingambit, F|
|poke|p2|Latios, M|
|poke|p2|Tinkaton, F|
|poke|p2|Great Tusk|
|poke|p2|Ogerpon-Wellspring, F|
|poke|p2|Samurott-Hisui, F|
|poke|p2|Sinistcha|
|teampreview
|inactive|Battle timer is ON: inactive players will automatically lose when time's up. (requested by gen 9 sab truther)
|
|t:|1759014048
|teamsize|p1|6
|teamsize|p2|6
|start
|switch|p1a: Masquerain|Masquerain, F|100/100
|switch|p2a: Tinkaton|Tinkaton, F|100/100
|-ability|p2a: Tinkaton|Mold Breaker
|-ability|p1a: Masquerain|Intimidate|boost
|-unboost|p2a: Tinkaton|atk|1
|turn|1
|
|t:|1759014054
|move|p2a: Tinkaton|Stealth Rock|p1a: Masquerain
|-sidestart|p1: gen 9 sab truther|move: Stealth Rock
|move|p1a: Masquerain|Sticky Web|p2a: Tinkaton
|-sidestart|p2: salty pepperer|move: Sticky Web
|
|upkeep
|turn|2
|
|t:|1759014063
|switch|p1a: Great Tusk|Great Tusk|100/100
|-damage|p1a: Great Tusk|98/100|[from] Stealth Rock
|-enditem|p1a: Great Tusk|Booster Energy
|-activate|p1a: Great Tusk|ability: Protosynthesis|[fromitem]
|-start|p1a: Great Tusk|protosynthesisatk
|move|p2a: Tinkaton|Encore||[still]
|-fail|p2a: Tinkaton
|
|upkeep
|turn|3
|
|t:|1759014092
|switch|p2a: Sinistcha|Sinistcha|100/100
|-activate|p2a: Sinistcha|move: Sticky Web
|-unboost|p2a: Sinistcha|spe|1
|move|p1a: Great Tusk|Ice Spinner|p2a: Sinistcha
|-supereffective|p2a: Sinistcha
|-damage|p2a: Sinistcha|47/100
|-damage|p1a: Great Tusk|81/100|[from] item: Rocky Helmet|[of] p2a: Sinistcha
|
|upkeep
|turn|4
|inactive|gen 9 sab truther has 120 seconds left.
|
|t:|1759014108
|-end|p1a: Great Tusk|Protosynthesis|[silent]
|switch|p1a: Gholdengo|Gholdengo|100/100
|-damage|p1a: Gholdengo|94/100|[from] Stealth Rock
|-item|p1a: Gholdengo|Air Balloon
|move|p2a: Sinistcha|Strength Sap|p1a: Gholdengo
|-immune|p1a: Gholdengo|[from] ability: Good as Gold
|
|upkeep
|turn|5
|
|t:|1759014117
|switch|p2a: Samurott|Samurott-Hisui, F|100/100
|-activate|p2a: Samurott|move: Sticky Web
|-unboost|p2a: Samurott|spe|1
|move|p1a: Gholdengo|Shadow Ball|p2a: Samurott
|-resisted|p2a: Samurott
|-damage|p2a: Samurott|84/100
|
|upkeep
|turn|6
|inactive|gen 9 sab truther has 120 seconds left.
|
|t:|1759014151
|-terastallize|p1a: Gholdengo|Fairy
|move|p1a: Gholdengo|Nasty Plot|p1a: Gholdengo
|-boost|p1a: Gholdengo|spa|2
|move|p2a: Samurott|Ceaseless Edge|p1a: Gholdengo
|-resisted|p1a: Gholdengo
|-damage|p1a: Gholdengo|66/100
|-enditem|p1a: Gholdengo|Air Balloon
|-sidestart|p1: gen 9 sab truther|Spikes
|
|upkeep
|turn|7
|
|t:|1759014160
|-terastallize|p2a: Samurott|Poison
|move|p1a: Gholdengo|Dazzling Gleam|p2a: Samurott
|-resisted|p2a: Samurott
|-damage|p2a: Samurott|50/100
|move|p2a: Samurott|Aqua Cutter|p1a: Gholdengo
|-damage|p1a: Gholdengo|1/100
|
|upkeep
|turn|8
|
|t:|1759014167
|move|p2a: Samurott|Aqua Jet|p1a: Gholdengo
|-damage|p1a: Gholdengo|0 fnt
|faint|p1a: Gholdengo
|
|upkeep
|
|t:|1759014174
|switch|p1a: Great Tusk|Great Tusk|81/100
|-damage|p1a: Great Tusk|78/100|[from] Stealth Rock
|-damage|p1a: Great Tusk|66/100|[from] Spikes
|turn|9
|
|t:|1759014185
|switch|p2a: Sinistcha|Sinistcha|47/100
|-activate|p2a: Sinistcha|move: Sticky Web
|-unboost|p2a: Sinistcha|spe|1
|move|p1a: Great Tusk|Headlong Rush|p2a: Sinistcha
|-resisted|p2a: Sinistcha
|-damage|p2a: Sinistcha|24/100
|-unboost|p1a: Great Tusk|def|1
|-unboost|p1a: Great Tusk|spd|1
|-damage|p1a: Great Tusk|49/100|[from] item: Rocky Helmet|[of] p2a: Sinistcha
|
|upkeep
|turn|10
|
|t:|1759014194
|move|p1a: Great Tusk|Ice Spinner|p2a: Sinistcha
|-supereffective|p2a: Sinistcha
|-damage|p2a: Sinistcha|0 fnt
|-damage|p1a: Great Tusk|33/100|[from] item: Rocky Helmet|[of] p2a: Sinistcha
|faint|p2a: Sinistcha
|
|upkeep
|
|t:|1759014203
|switch|p2a: Latios|Latios, M|100/100
|turn|11
|
|t:|1759014208
|-end|p1a: Great Tusk|Protosynthesis|[silent]
|switch|p1a: Kingambit|Kingambit, F|100/100
|-damage|p1a: Kingambit|94/100|[from] Stealth Rock
|-damage|p1a: Kingambit|82/100|[from] Spikes
|-activate|p1a: Kingambit|ability: Supreme Overlord
|-start|p1a: Kingambit|fallen1|[silent]
|move|p2a: Latios|Aura Sphere|p1a: Kingambit
|-supereffective|p1a: Kingambit
|-damage|p1a: Kingambit|0 fnt
|faint|p1a: Kingambit
|-end|p1a: Kingambit|fallen1|[silent]
|
|upkeep
|
|t:|1759014223
|switch|p1a: Masquerain|Masquerain, F|100/100
|-damage|p1a: Masquerain|51/100|[from] Stealth Rock
|-ability|p1a: Masquerain|Intimidate|boost
|-unboost|p2a: Latios|atk|1
|turn|12
|
|t:|1759014232
|switch|p2a: Tinkaton|Tinkaton, F|100/100
|-activate|p2a: Tinkaton|move: Sticky Web
|-unboost|p2a: Tinkaton|spe|1
|-ability|p2a: Tinkaton|Mold Breaker
|move|p1a: Masquerain|Bug Buzz|p2a: Tinkaton
|-resisted|p2a: Tinkaton
|-damage|p2a: Tinkaton|94/100
|
|-heal|p2a: Tinkaton|99/100|[from] item: Leftovers
|upkeep
|turn|13
|
|t:|1759014243
|move|p1a: Masquerain|Hurricane|p2a: Tinkaton
|-resisted|p2a: Tinkaton
|-damage|p2a: Tinkaton|83/100
|move|p2a: Tinkaton|Gigaton Hammer|p1a: Masquerain
|-damage|p1a: Masquerain|0 fnt
|faint|p1a: Masquerain
|
|-heal|p2a: Tinkaton|90/100|[from] item: Leftovers
|upkeep
|
|t:|1759014248
|switch|p1a: Great Tusk|Great Tusk|33/100
|-damage|p1a: Great Tusk|30/100|[from] Stealth Rock
|-damage|p1a: Great Tusk|17/100|[from] Spikes
|turn|14
|
|t:|1759014256
|switch|p2a: Latios|Latios, M|100/100
|move|p1a: Great Tusk|Rapid Spin|p2a: Latios
|-damage|p2a: Latios|77/100
|-boost|p1a: Great Tusk|spe|1
|-sideend|p1: gen 9 sab truther|Spikes|[from] move: Rapid Spin|[of] p1a: Great Tusk
|-sideend|p1: gen 9 sab truther|Stealth Rock|[from] move: Rapid Spin|[of] p1a: Great Tusk
|
|upkeep
|turn|15
|
|t:|1759014262
|move|p2a: Latios|Luster Purge|p1a: Great Tusk
|-supereffective|p1a: Great Tusk
|-damage|p1a: Great Tusk|0 fnt
|faint|p1a: Great Tusk
|-end|p1a: Great Tusk|Protosynthesis|[silent]
|
|upkeep
|
|t:|1759014264
|switch|p1a: Zarude|Zarude-Dada|100/100
|turn|16
|
|t:|1759014268
|switch|p2a: Tinkaton|Tinkaton, F|90/100
|-activate|p2a: Tinkaton|move: Sticky Web
|-unboost|p2a: Tinkaton|spe|1
|-ability|p2a: Tinkaton|Mold Breaker
|move|p1a: Zarude|Swords Dance|p1a: Zarude
|-boost|p1a: Zarude|atk|2
|
|-heal|p2a: Tinkaton|96/100|[from] item: Leftovers
|upkeep
|turn|17
|
|t:|1759014283
|move|p1a: Zarude|Power Whip|p2a: Tinkaton|[miss]
|-miss|p1a: Zarude|p2a: Tinkaton
|move|p2a: Tinkaton|Encore|p1a: Zarude
|-start|p1a: Zarude|Encore
|
|-heal|p2a: Tinkaton|100/100|[from] item: Leftovers
|upkeep
|turn|18
|c|☆gen 9 sab truther|how lucky can ube
|c|☆gen 9 sab truther|insane
|
|t:|1759014293
|move|p1a: Zarude|Power Whip|p2a: Tinkaton
|-resisted|p2a: Tinkaton
|-damage|p2a: Tinkaton|17/100
|-damage|p1a: Zarude|91/100|[from] item: Life Orb
|move|p2a: Tinkaton|Gigaton Hammer|p1a: Zarude
|-damage|p1a: Zarude|49/100
|
|-heal|p2a: Tinkaton|23/100|[from] item: Leftovers
|upkeep
|turn|19
|
|t:|1759014301
|move|p1a: Zarude|Power Whip|p2a: Tinkaton
|-resisted|p2a: Tinkaton
|-damage|p2a: Tinkaton|0 fnt
|faint|p2a: Tinkaton
|-damage|p1a: Zarude|39/100|[from] item: Life Orb
|
|upkeep
|
|t:|1759014316
|switch|p2a: Latios|Latios, M|77/100
|turn|20
|
|t:|1759014318
|move|p2a: Latios|Draco Meteor|p1a: Zarude
|-crit|p1a: Zarude
|-damage|p1a: Zarude|0 fnt
|-unboost|p2a: Latios|spa|2
|faint|p1a: Zarude
|
|upkeep
|
|t:|1759014321
|switch|p1a: Raging Bolt|Raging Bolt|100/100
|-enditem|p1a: Raging Bolt|Booster Energy
|-activate|p1a: Raging Bolt|ability: Protosynthesis|[fromitem]
|-start|p1a: Raging Bolt|protosynthesisspa
|turn|21
|
|t:|1759014332
|switch|p2a: Samurott|Samurott-Hisui, F, tera:Poison|50/100
|-activate|p2a: Samurott|move: Sticky Web
|-unboost|p2a: Samurott|spe|1
|move|p1a: Raging Bolt|Calm Mind|p1a: Raging Bolt
|-boost|p1a: Raging Bolt|spa|1
|-boost|p1a: Raging Bolt|spd|1
|
|upkeep
|turn|22
|inactive|gen 9 sab truther has 120 seconds left.
|
|t:|1759014371
|move|p1a: Raging Bolt|Thunderbolt|p2a: Samurott
|-damage|p2a: Samurott|0 fnt
|faint|p2a: Samurott
|
|upkeep
|
|t:|1759014377
|switch|p2a: Great Tusk|Great Tusk|100/100
|turn|23
|inactive|gen 9 sab truther has 120 seconds left.
|c|☆gen 9 sab truther|gg
|c|☆salty pepperer|gg
|-message|gen 9 sab truther forfeited.
|
|win|salty pepperer
|raw|gen 9 sab truther's rating: 1698 &rarr; <strong>1675</strong><br />(-23 for losing)
|raw|salty pepperer's rating: 1654 &rarr; <strong>1677</strong><br />(+23 for winning)
|l|☆gen 9 sab truther
|player|p1|
|l|☆salty pepperer
|player|p2|
