|j|☆OxxFieryxxO
|j|☆nikoikkiniko
|t:|1758962029
|gametype|singles
|player|p1|OxxFieryxxO|ltsurge|1106
|player|p2|nikoikkiniko|linebacker|1098
|gen|9
|tier|[Gen 9] OU
|rated|
|rule|HP Percentage Mod: HP is shown in percentages
|rule|Endless Battle Clause: Forcing endless battles is banned
|rule|Species Clause: Limit one of each Pokémon
|rule|OHKO Clause: OHKO moves are banned
|rule|Evasion Items Clause: Evasion items are banned
|rule|Evasion Moves Clause: Evasion moves are banned
|rule|Evasion Abilities Clause: Evasion abilities are banned
|rule|Sleep Moves Clause: Sleep-inducing moves are banned
|clearpoke
|poke|p1|Gholdengo|
|poke|p1|Great Tusk|
|poke|p1|Iron Valiant|
|poke|p1|Zapdos|
|poke|p1|Clodsire, M|
|poke|p1|Kingambit, M|
|poke|p2|Hitmonchan, M|
|poke|p2|Conkeldurr, F|
|poke|p2|Glimmora, F|
|poke|p2|Lokix, M|
|poke|p2|Serperior, M|
|poke|p2|Abomasnow, F|
|teampreview
|c|☆nikoikkiniko|gl
|
|t:|1758962035
|teamsize|p1|6
|teamsize|p2|6
|start
|switch|p1a: Great Tusk|Great Tusk|100/100
|switch|p2a: Geeta's Fraud|Glimmora, F|100/100
|-item|p2a: Geeta's Fraud|Air Balloon
|turn|1
|
|t:|1758962048
|move|p1a: Great Tusk|Close Combat|p2a: Geeta's Fraud
|-damage|p2a: Geeta's Fraud|35/100
|-unboost|p1a: Great Tusk|def|1
|-unboost|p1a: Great Tusk|spd|1
|-activate|p2a: Geeta's Fraud|ability: Toxic Debris
|-sidestart|p1: OxxFieryxxO|move: Toxic Spikes
|-enditem|p2a: Geeta's Fraud|Air Balloon
|move|p2a: Geeta's Fraud|Stealth Rock|p1a: Great Tusk
|-sidestart|p1: OxxFieryxxO|move: Stealth Rock
|
|upkeep
|turn|2
|
|t:|1758962057
|move|p1a: Great Tusk|Rapid Spin|p2a: Geeta's Fraud
|-resisted|p2a: Geeta's Fraud
|-damage|p2a: Geeta's Fraud|25/100
|-boost|p1a: Great Tusk|spe|1
|-activate|p2a: Geeta's Fraud|ability: Toxic Debris
|-sidestart|p1: OxxFieryxxO|move: Toxic Spikes
|-sideend|p1: OxxFieryxxO|Toxic Spikes|[from] move: Rapid Spin|[of] p1a: Great Tusk
|-sideend|p1: OxxFieryxxO|Stealth Rock|[from] move: Rapid Spin|[of] p1a: Great Tusk
|move|p2a: Geeta's Fraud|Spikes|p1a: Great Tusk
|-sidestart|p1: OxxFieryxxO|Spikes
|
|upkeep
|turn|3
|
|t:|1758962069
|move|p1a: Great Tusk|Close Combat|p2a: Geeta's Fraud
|-damage|p2a: Geeta's Fraud|0 fnt
|-unboost|p1a: Great Tusk|def|1
|-unboost|p1a: Great Tusk|spd|1
|-activate|p2a: Geeta's Fraud|ability: Toxic Debris
|-sidestart|p1: OxxFieryxxO|move: Toxic Spikes
|faint|p2a: Geeta's Fraud
|
|upkeep
|
|t:|1758962080
|switch|p2a: KALU DON|Lokix, M|100/100
|turn|4
|c|☆OxxFieryxxO|Geeta's fraud😭
|
|t:|1758962096
|move|p1a: Great Tusk|Rapid Spin|p2a: KALU DON
|-damage|p2a: KALU DON|74/100
|-boost|p1a: Great Tusk|spe|1
|-sideend|p1: OxxFieryxxO|Spikes|[from] move: Rapid Spin|[of] p1a: Great Tusk
|-sideend|p1: OxxFieryxxO|Toxic Spikes|[from] move: Rapid Spin|[of] p1a: Great Tusk
|move|p2a: KALU DON|Swords Dance|p2a: KALU DON
|-boost|p2a: KALU DON|atk|2
|
|upkeep
|turn|5
|c|☆nikoikkiniko|:)
|
|t:|1758962107
|move|p1a: Great Tusk|Close Combat|p2a: KALU DON
|-damage|p2a: KALU DON|0 fnt
|-unboost|p1a: Great Tusk|def|1
|-unboost|p1a: Great Tusk|spd|1
|faint|p2a: KALU DON
|
|upkeep
|c|☆nikoikkiniko|dang
|
|t:|1758962115
|switch|p2a: Cat|Abomasnow, F|100/100
|-weather|Snowscape|[from] ability: Snow Warning|[of] p2a: Cat
|turn|6
|
|t:|1758962123
|move|p2a: Cat|Ice Shard|p1a: Great Tusk
|-supereffective|p1a: Great Tusk
|-damage|p1a: Great Tusk|30/100
|move|p1a: Great Tusk|Close Combat|p2a: Cat
|-supereffective|p2a: Cat
|-damage|p2a: Cat|12/100
|-unboost|p1a: Great Tusk|def|1
|-unboost|p1a: Great Tusk|spd|1
|
|-weather|Snowscape|[upkeep]
|upkeep
|turn|7
|
|t:|1758962139
|move|p2a: Cat|Ice Shard|p1a: Great Tusk
|-supereffective|p1a: Great Tusk
|-damage|p1a: Great Tusk|0 fnt
|faint|p1a: Great Tusk
|-end|p1a: Great Tusk|Protosynthesis|[silent]
|
|-weather|Snowscape|[upkeep]
|upkeep
|
|t:|1758962147
|switch|p1a: Gholdengo|Gholdengo|100/100
|-item|p1a: Gholdengo|Air Balloon
|turn|8
|
|t:|1758962154
|move|p2a: Cat|Ice Shard|p1a: Gholdengo
|-resisted|p1a: Gholdengo
|-damage|p1a: Gholdengo|91/100
|-enditem|p1a: Gholdengo|Air Balloon
|move|p1a: Gholdengo|Make It Rain|p2a: Cat
|-supereffective|p2a: Cat
|-damage|p2a: Cat|0 fnt
|-unboost|p1a: Gholdengo|spa|1
|faint|p2a: Cat
|
|-weather|Snowscape|[upkeep]
|upkeep
|
|t:|1758962170
|switch|p2a: OMG ITS A SNIVY|Serperior, M|100/100
|turn|9
|
|t:|1758962181
|switch|p1a: Zapdos|Zapdos|100/100
|move|p2a: OMG ITS A SNIVY|Leaf Storm|p1a: Zapdos
|-resisted|p1a: Zapdos
|-damage|p1a: Zapdos|76/100
|-boost|p2a: OMG ITS A SNIVY|spa|2
|
|-weather|Snowscape|[upkeep]
|upkeep
|turn|10
|
|t:|1758962198
|move|p2a: OMG ITS A SNIVY|Leaf Storm|p1a: Zapdos
|-resisted|p1a: Zapdos
|-damage|p1a: Zapdos|28/100
|-boost|p2a: OMG ITS A SNIVY|spa|2
|move|p1a: Zapdos|Hurricane|p2a: OMG ITS A SNIVY
|-supereffective|p2a: OMG ITS A SNIVY
|-damage|p2a: OMG ITS A SNIVY|28/100
|
|-weather|none
|upkeep
|turn|11
|
|t:|1758962208
|move|p2a: OMG ITS A SNIVY|Giga Drain|p1a: Zapdos
|-resisted|p1a: Zapdos
|-damage|p1a: Zapdos|0 fnt
|-heal|p2a: OMG ITS A SNIVY|46/100|[from] drain|[of] p1a: Zapdos
|faint|p1a: Zapdos
|
|upkeep
|
|t:|1758962222
|switch|p1a: Iron Valiant|Iron Valiant|100/100
|-enditem|p1a: Iron Valiant|Booster Energy
|-activate|p1a: Iron Valiant|ability: Quark Drive|[fromitem]
|-start|p1a: Iron Valiant|quarkdrivespe
|turn|12
|
|t:|1758962230
|move|p1a: Iron Valiant|Moonblast|p2a: OMG ITS A SNIVY
|-damage|p2a: OMG ITS A SNIVY|5/100
|move|p2a: OMG ITS A SNIVY|Giga Drain|p1a: Iron Valiant
|-damage|p1a: Iron Valiant|0 fnt
|-heal|p2a: OMG ITS A SNIVY|54/100|[from] drain|[of] p1a: Iron Valiant
|faint|p1a: Iron Valiant
|-end|p1a: Iron Valiant|Quark Drive|[silent]
|
|upkeep
|
|t:|1758962236
|switch|p1a: Kingambit|Kingambit, M|100/100
|-activate|p1a: Kingambit|ability: Supreme Overlord
|-start|p1a: Kingambit|fallen3|[silent]
|turn|13
|c|☆nikoikkiniko|dang
|
|t:|1758962242
|-terastallize|p1a: Kingambit|Flying
|move|p1a: Kingambit|Sucker Punch|p2a: OMG ITS A SNIVY
|-damage|p2a: OMG ITS A SNIVY|0 fnt
|faint|p2a: OMG ITS A SNIVY
|
|upkeep
|
|t:|1758962252
|switch|p2a: Bruce Lee|Hitmonchan, M|100/100
|turn|14
|
|t:|1758962261
|-end|p1a: Kingambit|fallen3|[silent]
|switch|p1a: Clodsire|Clodsire, M|100/100
|move|p2a: Bruce Lee|Upper Hand||[still]
|-fail|p2a: Bruce Lee
|
|upkeep
|turn|15
|
|t:|1758962274
|move|p2a: Bruce Lee|Ice Punch|p1a: Clodsire
|-supereffective|p1a: Clodsire
|-damage|p1a: Clodsire|21/100
|-damage|p2a: Bruce Lee|91/100|[from] item: Life Orb
|move|p1a: Clodsire|Toxic|p2a: Bruce Lee
|-status|p2a: Bruce Lee|tox
|
|-heal|p1a: Clodsire|28/100|[from] item: Black Sludge
|-damage|p2a: Bruce Lee|84/100 tox|[from] psn
|upkeep
|turn|16
|
|t:|1758962284
|move|p2a: Bruce Lee|Bullet Punch|p1a: Clodsire
|-damage|p1a: Clodsire|6/100
|-damage|p2a: Bruce Lee|74/100 tox|[from] item: Life Orb
|move|p1a: Clodsire|Recover|p1a: Clodsire
|-heal|p1a: Clodsire|56/100
|
|-heal|p1a: Clodsire|63/100|[from] item: Black Sludge
|-damage|p2a: Bruce Lee|62/100 tox|[from] psn
|upkeep
|turn|17
|
|t:|1758962292
|move|p2a: Bruce Lee|Ice Punch|p1a: Clodsire
|-supereffective|p1a: Clodsire
|-damage|p1a: Clodsire|0 fnt
|faint|p1a: Clodsire
|-damage|p2a: Bruce Lee|52/100 tox|[from] item: Life Orb
|
|-damage|p2a: Bruce Lee|33/100 tox|[from] psn
|upkeep
|
|t:|1758962300
|switch|p1a: Gholdengo|Gholdengo|91/100
|turn|18
|
|t:|1758962307
|move|p2a: Bruce Lee|Bullet Punch|p1a: Gholdengo
|-resisted|p1a: Gholdengo
|-damage|p1a: Gholdengo|80/100
|-damage|p2a: Bruce Lee|23/100 tox|[from] item: Life Orb
|move|p1a: Gholdengo|Shadow Ball|p2a: Bruce Lee
|-damage|p2a: Bruce Lee|0 fnt
|faint|p2a: Bruce Lee
|
|upkeep
|
|t:|1758962315
|switch|p2a: Unc not tuff|Conkeldurr, F|100/100
|turn|19
|
|t:|1758962325
|move|p1a: Gholdengo|Shadow Ball|p2a: Unc not tuff
|-damage|p2a: Unc not tuff|50/100
|move|p2a: Unc not tuff|Knock Off|p1a: Gholdengo
|-supereffective|p1a: Gholdengo
|-damage|p1a: Gholdengo|17/100
|
|upkeep
|turn|20
|
|t:|1758962333
|move|p1a: Gholdengo|Shadow Ball|p2a: Unc not tuff
|-crit|p2a: Unc not tuff
|-damage|p2a: Unc not tuff|0 fnt
|faint|p2a: Unc not tuff
|
|win|OxxFieryxxO
|raw|OxxFieryxxO's rating: 1106 &rarr; <strong>1130</strong><br />(+24 for winning)
|raw|nikoikkiniko's rating: 1098 &rarr; <strong>1074</strong><br />(-24 for losing)
|c|☆nikoikkiniko|gg
|c|☆OxxFieryxxO|Gg
|l|☆nikoikkiniko
|player|p2|
|l|☆OxxFieryxxO
|player|p1|
