|j|☆Dryosaurus
|j|☆Crooksieee
|t:|1759031369
|gametype|singles
|player|p1|Dryosaurus|koga|1526
|player|p2|Crooksieee|170|1644
|gen|9
|tier|[Gen 9] OU
|rated|
|rule|HP Percentage Mod: HP is shown in percentages
|rule|Endless Battle Clause: Forcing endless battles is banned
|rule|Species Clause: Limit one of each Pokémon
|rule|OHKO Clause: OHKO moves are banned
|rule|Evasion Items Clause: Evasion items are banned
|rule|Evasion Moves Clause: Evasion moves are banned
|rule|Evasion Abilities Clause: Evasion abilities are banned
|rule|Sleep Moves Clause: Sleep-inducing moves are banned
|clearpoke
|poke|p1|Porygon|
|poke|p1|Porygon2|
|poke|p1|Porygon-Z|
|poke|p1|Hatterene, F|
|poke|p1|Ursaluna, M|
|poke|p1|Samurott-Hisui, M|
|poke|p2|Scizor, F|
|poke|p2|Glimmora, F|
|poke|p2|Samurott-Hisui, F|
|poke|p2|Great Tusk|
|poke|p2|Gholdengo|
|poke|p2|Dragapult, M|
|teampreview
|c|☆Crooksieee|Lol nice
|
|t:|1759031403
|teamsize|p1|6
|teamsize|p2|6
|start
|switch|p1a: Samurott|Samurott-Hisui, M, shiny|100/100
|switch|p2a: Scizor|Scizor, F|100/100
|turn|1
|c|☆Dryosaurus|I lost a bet
|
|t:|1759031410
|move|p1a: Samurott|Knock Off|p2a: Scizor
|-damage|p2a: Scizor|56/100
|-enditem|p2a: Scizor|Metal Coat|[from] move: Knock Off|[of] p1a: Samurott
|move|p2a: Scizor|U-turn|p1a: Samurott
|-supereffective|p1a: Samurott
|-damage|p1a: Samurott|0 fnt
|faint|p1a: Samurott
|
|t:|1759031421
|switch|p2a: Samurott|Samurott-Hisui, F|100/100|[from] U-turn
|
|upkeep
|
|t:|1759031424
|switch|p1a: Hatterene|Hatterene, F|100/100
|turn|2
|
|t:|1759031432
|move|p2a: Samurott|Aqua Cutter|p1a: Hatterene
|-damage|p1a: Hatterene|36/100
|move|p1a: Hatterene|Dazzling Gleam|p2a: Samurott
|-supereffective|p2a: Samurott
|-damage|p2a: Samurott|25/100
|
|upkeep
|turn|3
|j| Rizzofreko
|
|t:|1759031440
|-terastallize|p1a: Hatterene|Water
|move|p2a: Samurott|Aqua Cutter|p1a: Hatterene
|-resisted|p1a: Hatterene
|-damage|p1a: Hatterene|5/100
|move|p1a: Hatterene|Trick Room|p1a: Hatterene
|-fieldstart|move: Trick Room|[of] p1a: Hatterene
|
|upkeep
|turn|4
|
|t:|1759031451
|move|p2a: Samurott|Sucker Punch||[still]
|-fail|p2a: Samurott
|move|p1a: Hatterene|Healing Wish|p1a: Hatterene
|faint|p1a: Hatterene
|
|upkeep
|
|t:|1759031455
|switch|p1a: Ursaluna|Ursaluna, M, shiny|100/100
|turn|5
|
|t:|1759031462
|move|p2a: Samurott|Sucker Punch|p1a: Ursaluna
|-damage|p1a: Ursaluna|74/100
|move|p1a: Ursaluna|Facade|p2a: Samurott
|-damage|p2a: Samurott|0 fnt
|faint|p2a: Samurott
|
|-status|p1a: Ursaluna|brn|[from] item: Flame Orb
|upkeep
|
|t:|1759031478
|switch|p2a: Glimmora|Glimmora, F|100/100
|turn|6
|
|t:|1759031482
|-terastallize|p2a: Glimmora|Grass
|move|p1a: Ursaluna|Facade|p2a: Glimmora
|-damage|p2a: Glimmora|0 fnt
|-activate|p2a: Glimmora|ability: Toxic Debris
|-sidestart|p1: Dryosaurus|move: Toxic Spikes
|faint|p2a: Glimmora
|
|-damage|p1a: Ursaluna|68/100 brn|[from] brn
|upkeep
|c|☆Crooksieee|Did u expect that i would expect headlong rush
|c|☆Crooksieee|lol
|
|t:|1759031524
|switch|p2a: Great Tusk|Great Tusk|100/100
|turn|7
|c|☆Dryosaurus|lowkey playing with my worm rn
|
|t:|1759031533
|move|p1a: Ursaluna|Facade|p2a: Great Tusk
|-damage|p2a: Great Tusk|14/100
|move|p2a: Great Tusk|Bulk Up|p2a: Great Tusk
|-boost|p2a: Great Tusk|atk|1
|-boost|p2a: Great Tusk|def|1
|
|-heal|p2a: Great Tusk|20/100|[from] item: Leftovers
|-damage|p1a: Ursaluna|62/100 brn|[from] brn
|-fieldend|move: Trick Room
|upkeep
|turn|8
|c| Rizzofreko|Yep
|
|t:|1759031548
|move|p2a: Great Tusk|Ice Spinner|p1a: Ursaluna
|-supereffective|p1a: Ursaluna
|-damage|p1a: Ursaluna|14/100 brn
|move|p1a: Ursaluna|Facade|p2a: Great Tusk
|-damage|p2a: Great Tusk|0 fnt
|faint|p2a: Great Tusk
|-end|p2a: Great Tusk|Protosynthesis|[silent]
|
|-damage|p1a: Ursaluna|8/100 brn|[from] brn
|upkeep
|c|☆Dryosaurus|I was just kidding
|c| Rizzofreko|Thats good
|
|t:|1759031566
|switch|p2a: Scizor|Scizor, F|56/100
|turn|9
|c| Rizzofreko|Lol
|c|☆Dryosaurus|how's your evening
|
|t:|1759031573
|move|p2a: Scizor|Knock Off|p1a: Ursaluna
|-damage|p1a: Ursaluna|0 fnt
|-enditem|p1a: Ursaluna|Flame Orb|[from] move: Knock Off|[of] p2a: Scizor
|faint|p1a: Ursaluna
|
|upkeep
|c| Rizzofreko|Okish
|
|t:|1759031597
|switch|p1a: Porygon|Porygon|100/100
|-status|p1a: Porygon|psn
|-ability|p1a: Porygon|Technician|Trace|[from] ability: Trace|[of] p2a: Scizor
|turn|10
|c|☆Crooksieee|Why am i scared of him
|
|t:|1759031620
|move|p2a: Scizor|Swords Dance|p2a: Scizor
|-boost|p2a: Scizor|atk|2
|move|p1a: Porygon|Trick Room|p1a: Porygon
|-fieldstart|move: Trick Room|[of] p1a: Porygon
|
|-damage|p1a: Porygon|88/100 psn|[from] psn
|upkeep
|turn|11
|c| Rizzofreko|Could be better
|
|t:|1759031630
|move|p2a: Scizor|Bullet Punch|p1a: Porygon
|-damage|p1a: Porygon|28/100 psn
|move|p1a: Porygon|Foul Play|p2a: Scizor
|-damage|p2a: Scizor|0 fnt
|faint|p2a: Scizor
|
|-damage|p1a: Porygon|15/100 psn|[from] psn
|upkeep
|c| Rizzofreko|Lol
|c| Rizzofreko|Goobed
|
|t:|1759031647
|switch|p2a: Dragapult|Dragapult, M|100/100
|turn|12
|
|t:|1759031663
|move|p1a: Porygon|Foul Play|p2a: Dragapult
|-supereffective|p2a: Dragapult
|-damage|p2a: Dragapult|48/100
|move|p2a: Dragapult|Flamethrower|p1a: Porygon
|-damage|p1a: Porygon|0 fnt
|faint|p1a: Porygon
|
|upkeep
|
|t:|1759031670
|switch|p1a: Porygon-Z|Porygon-Z, shiny|100/100
|-status|p1a: Porygon-Z|psn
|turn|13
|
|t:|1759031679
|move|p1a: Porygon-Z|Shadow Ball|p2a: Dragapult
|-supereffective|p2a: Dragapult
|-damage|p2a: Dragapult|0 fnt
|faint|p2a: Dragapult
|
|-damage|p1a: Porygon-Z|88/100 psn|[from] psn
|upkeep
|
|t:|1759031687
|switch|p2a: Gholdengo|Gholdengo|100/100
|turn|14
|
|t:|1759031697
|move|p1a: Porygon-Z|Shadow Ball|p2a: Gholdengo
|-supereffective|p2a: Gholdengo
|-damage|p2a: Gholdengo|17/100
|move|p2a: Gholdengo|Make It Rain|p1a: Porygon-Z
|-damage|p1a: Porygon-Z|19/100 psn
|-unboost|p2a: Gholdengo|spa|1
|
|-damage|p1a: Porygon-Z|6/100 psn|[from] psn
|-fieldend|move: Trick Room
|upkeep
|turn|15
|
|t:|1759031722
|switch|p1a: Porygon2|Porygon2|100/100
|-status|p1a: Porygon2|psn
|-ability|p1a: Porygon2|Download|boost
|-boost|p1a: Porygon2|spa|1
|move|p2a: Gholdengo|Make It Rain|p1a: Porygon2
|-damage|p1a: Porygon2|83/100 psn
|-unboost|p2a: Gholdengo|spa|1
|
|-damage|p1a: Porygon2|70/100 psn|[from] psn
|upkeep
|turn|16
|c|☆Crooksieee|Ggsssssss
|
|t:|1759031742
|move|p2a: Gholdengo|Recover|p2a: Gholdengo
|-heal|p2a: Gholdengo|67/100
|move|p1a: Porygon2|Trick Room|p1a: Porygon2
|-fieldstart|move: Trick Room|[of] p1a: Porygon2
|
|-damage|p1a: Porygon2|58/100 psn|[from] psn
|upkeep
|turn|17
|c| Rizzofreko|L
|
|t:|1759031750
|switch|p1a: Porygon-Z|Porygon-Z, shiny|6/100 psn
|-heal|p1a: Porygon-Z|100/100|[from] move: Healing Wish
|-status|p1a: Porygon-Z|psn
|move|p2a: Gholdengo|Recover|p2a: Gholdengo
|-heal|p2a: Gholdengo|100/100
|
|-damage|p1a: Porygon-Z|88/100 psn|[from] psn
|upkeep
|turn|18
|c| Rizzofreko|Lol
|c| Rizzofreko|Sad
|
|t:|1759031761
|move|p1a: Porygon-Z|Shadow Ball|p2a: Gholdengo
|-supereffective|p2a: Gholdengo
|-damage|p2a: Gholdengo|15/100
|move|p2a: Gholdengo|Recover|p2a: Gholdengo
|-heal|p2a: Gholdengo|65/100
|
|-damage|p1a: Porygon-Z|76/100 psn|[from] psn
|upkeep
|turn|19
|c|☆Crooksieee|Lol
|c|☆Dryosaurus|ggs brotha
|c|☆Crooksieee|Ggssss
|c|☆Crooksieee|U made it work w the bet build lol
|c| Rizzofreko|Sad
|-message|Crooksieee forfeited.
|
|win|Dryosaurus
|raw|Dryosaurus's rating: 1526 &rarr; <strong>1553</strong><br />(+27 for winning)
|raw|Crooksieee's rating: 1644 &rarr; <strong>1617</strong><br />(-27 for losing)
|l|☆Crooksieee
|player|p2|
