|j|☆Home is Wild
|j|☆mala☆huju
|t:|1759036374
|gametype|singles
|player|p1|Home is Wild|170|1675
|player|p2|mala☆huju|#malahuju|1641
|gen|9
|tier|[Gen 9] OU
|rated|
|rule|HP Percentage Mod: HP is shown in percentages
|rule|Endless Battle Clause: Forcing endless battles is banned
|rule|Species Clause: Limit one of each Pokémon
|rule|OHKO Clause: OHKO moves are banned
|rule|Evasion Items Clause: Evasion items are banned
|rule|Evasion Moves Clause: Evasion moves are banned
|rule|Evasion Abilities Clause: Evasion abilities are banned
|rule|Sleep Moves Clause: Sleep-inducing moves are banned
|clearpoke
|poke|p1|Iron Moth|
|poke|p1|Kingambit, M|
|poke|p1|Primarina, F|
|poke|p1|Rillaboom, M|
|poke|p1|Ogerpon-Cornerstone, F|
|poke|p1|Raging Bolt|
|poke|p2|Rillaboom, F|
|poke|p2|Gholdengo|
|poke|p2|Raging Bolt|
|poke|p2|Glimmora, F|
|poke|p2|Great Tusk|
|poke|p2|Kingambit, F|
|teampreview
|j|+Disorient
|c|+Disorient|mala starting games again right b4 i send chall
|inactive|Battle timer is ON: inactive players will automatically lose when time's up. (requested by Home is Wild)
|c|☆mala☆huju|hehe
|c|☆mala☆huju|hf
|j| Shucklepilled
|j| shyahngyoo
|inactive|mala☆huju has 120 seconds left.
|j|+Fusien
|c| shyahngyoo|hf
|inactive|mala☆huju has 90 seconds left.
|
|t:|1759036472
|teamsize|p1|6
|teamsize|p2|6
|start
|switch|p1a: Rillaboom|Rillaboom, M|100/100
|switch|p2a: Glimmora|Glimmora, F|100/100
|-fieldstart|move: Grassy Terrain|[from] ability: Grassy Surge|[of] p1a: Rillaboom
|turn|1
|
|t:|1759036479
|move|p1a: Rillaboom|Grassy Glide|p2a: Glimmora
|-damage|p2a: Glimmora|34/100
|-activate|p2a: Glimmora|ability: Toxic Debris
|-sidestart|p1: Home is Wild|move: Toxic Spikes
|move|p2a: Glimmora|Stealth Rock|p1a: Rillaboom
|-sidestart|p1: Home is Wild|move: Stealth Rock
|
|-heal|p2a: Glimmora|40/100|[from] Grassy Terrain
|upkeep
|turn|2
|
|t:|1759036490
|switch|p2a: Raging Bolt|Raging Bolt|100/100
|move|p1a: Rillaboom|Grassy Glide|p2a: Raging Bolt
|-resisted|p2a: Raging Bolt
|-damage|p2a: Raging Bolt|80/100
|
|-heal|p2a: Raging Bolt|86/100|[from] Grassy Terrain
|-heal|p2a: Raging Bolt|92/100|[from] item: Leftovers
|upkeep
|turn|3
|
|t:|1759036500
|switch|p1a: Kingambit|Kingambit, M|100/100
|-damage|p1a: Kingambit|94/100|[from] Stealth Rock
|move|p2a: Raging Bolt|Dragon Pulse|p1a: Kingambit
|-resisted|p1a: Kingambit
|-damage|p1a: Kingambit|70/100
|
|-heal|p2a: Raging Bolt|99/100|[from] Grassy Terrain
|-heal|p2a: Raging Bolt|100/100|[from] item: Leftovers
|-heal|p1a: Kingambit|76/100|[from] Grassy Terrain
|upkeep
|turn|4
|
|t:|1759036507
|move|p2a: Raging Bolt|Calm Mind|p2a: Raging Bolt
|-boost|p2a: Raging Bolt|spa|1
|-boost|p2a: Raging Bolt|spd|1
|move|p1a: Kingambit|Kowtow Cleave|p2a: Raging Bolt
|-damage|p2a: Raging Bolt|70/100
|
|-heal|p2a: Raging Bolt|76/100|[from] Grassy Terrain
|-heal|p2a: Raging Bolt|83/100|[from] item: Leftovers
|-heal|p1a: Kingambit|82/100|[from] Grassy Terrain
|upkeep
|turn|5
|
|t:|1759036517
|move|p2a: Raging Bolt|Thunderbolt|p1a: Kingambit
|-damage|p1a: Kingambit|2/100
|move|p1a: Kingambit|Swords Dance|p1a: Kingambit
|-boost|p1a: Kingambit|atk|2
|
|-heal|p2a: Raging Bolt|89/100|[from] Grassy Terrain
|-heal|p2a: Raging Bolt|95/100|[from] item: Leftovers
|-heal|p1a: Kingambit|8/100|[from] Grassy Terrain
|-fieldend|move: Grassy Terrain
|upkeep
|turn|6
|
|t:|1759036523
|move|p2a: Raging Bolt|Thunderclap|p1a: Kingambit
|-damage|p1a: Kingambit|0 fnt
|faint|p1a: Kingambit
|-end|p1a: Kingambit|fallenundefined|[silent]
|
|-heal|p2a: Raging Bolt|100/100|[from] item: Leftovers
|upkeep
|-message|Home is Wild forfeited.
|
|win|mala☆huju
|raw|Home is Wild's rating: 1675 &rarr; <strong>1653</strong><br />(-22 for losing)
|raw|mala☆huju's rating: 1641 &rarr; <strong>1663</strong><br />(+22 for winning)
|l|☆Home is Wild
|player|p1|
|c|☆mala☆huju|gg
|c| shyahngyoo|gg
|l|☆mala☆huju
|player|p2|
|l| shyahngyoo
|j| shyahngyoo
|l| shyahngyoo
