|j|☆LucasSpam23
|j|☆Sungrace
|t:|1759049835
|gametype|singles
|player|p1|LucasSpam23|fisherman-gen4|1196
|player|p2|Sungrace|swimmerf-gen4|1245
|gen|9
|tier|[Gen 9] OU
|rated|
|rule|HP Percentage Mod: HP is shown in percentages
|rule|Endless Battle Clause: Forcing endless battles is banned
|rule|Species Clause: Limit one of each Pokémon
|rule|OHKO Clause: OHKO moves are banned
|rule|Evasion Items Clause: Evasion items are banned
|rule|Evasion Moves Clause: Evasion moves are banned
|rule|Evasion Abilities Clause: Evasion abilities are banned
|rule|Sleep Moves Clause: Sleep-inducing moves are banned
|clearpoke
|poke|p1|Blaziken, M|
|poke|p1|Torkoal, F|
|poke|p1|Kingambit, M|
|poke|p1|Charizard, F|
|poke|p1|Walking Wake|
|poke|p1|Hatterene, F|
|poke|p2|Araquanid, F|
|poke|p2|Raging Bolt|
|poke|p2|Florges-Yellow, F|
|poke|p2|Pelipper, F|
|poke|p2|Darkrai|
|poke|p2|Scizor, F|
|teampreview
|inactive|Battle timer is ON: inactive players will automatically lose when time's up. (requested by LucasSpam23)
|
|t:|1759049845
|teamsize|p1|6
|teamsize|p2|6
|start
|switch|p1a: Torkoal|Torkoal, F|100/100
|switch|p2a: Cringing Gold|Raging Bolt|100/100
|-weather|SunnyDay|[from] ability: Drought|[of] p1a: Torkoal
|-activate|p2a: Cringing Gold|ability: Protosynthesis
|-start|p2a: Cringing Gold|protosynthesisspa
|turn|1
|
|t:|1759049856
|move|p2a: Cringing Gold|Volt Switch|p1a: Torkoal
|-damage|p1a: Torkoal|37/100
|
|t:|1759049860
|-end|p2a: Cringing Gold|Protosynthesis|[silent]
|switch|p2a: Tulcea|Pelipper, F|100/100|[from] Volt Switch
|-weather|RainDance|[from] ability: Drizzle|[of] p2a: Tulcea
|move|p1a: Torkoal|Stealth Rock|p2a: Tulcea
|-sidestart|p2: Sungrace|move: Stealth Rock
|
|-weather|RainDance|[upkeep]
|upkeep
|turn|2
|
|t:|1759049877
|switch|p1a: Hatterene|Hatterene, F|100/100
|move|p2a: Tulcea|Knock Off|p1a: Hatterene
|-damage|p1a: Hatterene|86/100
|-enditem|p1a: Hatterene|Focus Sash|[from] move: Knock Off|[of] p2a: Tulcea
|
|-weather|RainDance|[upkeep]
|upkeep
|turn|3
|
|t:|1759049890
|move|p2a: Tulcea|Hurricane|p1a: Hatterene
|-damage|p1a: Hatterene|44/100
|-start|p1a: Hatterene|confusion
|-activate|p1a: Hatterene|confusion
|move|p1a: Hatterene|Nuzzle|p2a: Tulcea
|-supereffective|p2a: Tulcea
|-damage|p2a: Tulcea|88/100
|-status|p2a: Tulcea|par
|
|-weather|RainDance|[upkeep]
|upkeep
|turn|4
|
|t:|1759049899
|switch|p1a: Torkoal|Torkoal, F|37/100
|-weather|SunnyDay|[from] ability: Drought|[of] p1a: Torkoal
|move|p2a: Tulcea|U-turn|p1a: Torkoal
|-resisted|p1a: Torkoal
|-damage|p1a: Torkoal|34/100
|
|t:|1759049906
|switch|p2a: Cringing Gold|Raging Bolt|100/100|[from] U-turn
|-activate|p2a: Cringing Gold|ability: Protosynthesis
|-start|p2a: Cringing Gold|protosynthesisspa
|
|-weather|SunnyDay|[upkeep]
|upkeep
|turn|5
|
|t:|1759049918
|switch|p1a: Hatterene|Hatterene, F|44/100
|move|p2a: Cringing Gold|Volt Switch|p1a: Hatterene
|-damage|p1a: Hatterene|0 fnt
|faint|p1a: Hatterene
|
|t:|1759049933
|-end|p2a: Cringing Gold|Protosynthesis|[silent]
|switch|p2a: John Darksoul|Darkrai, shiny|100/100|[from] Volt Switch
|-damage|p2a: John Darksoul|88/100|[from] Stealth Rock
|
|-weather|SunnyDay|[upkeep]
|upkeep
|
|t:|1759049950
|switch|p1a: Walking Wake|Walking Wake|100/100
|-activate|p1a: Walking Wake|ability: Protosynthesis
|-start|p1a: Walking Wake|protosynthesisspa
|turn|6
|
|t:|1759049959
|move|p2a: John Darksoul|Trick|p1a: Walking Wake
|-activate|p2a: John Darksoul|move: Trick|[of] p1a: Walking Wake
|-item|p1a: Walking Wake|Choice Scarf|[from] move: Trick
|-item|p2a: John Darksoul|Choice Scarf|[from] move: Trick
|move|p1a: Walking Wake|Hydro Steam|p2a: John Darksoul
|-damage|p2a: John Darksoul|0 fnt
|faint|p2a: John Darksoul
|
|-weather|SunnyDay|[upkeep]
|upkeep
|
|t:|1759049966
|switch|p2a: Tulcea|Pelipper, F|88/100 par
|-damage|p2a: Tulcea|63/100 par|[from] Stealth Rock
|-weather|RainDance|[from] ability: Drizzle|[of] p2a: Tulcea
|-end|p1a: Walking Wake|Protosynthesis
|turn|7
|inactive|LucasSpam23 has 120 seconds left.
|
|t:|1759049997
|-end|p1a: Walking Wake|Protosynthesis|[silent]
|switch|p1a: Torkoal|Torkoal, F|34/100
|-weather|SunnyDay|[from] ability: Drought|[of] p1a: Torkoal
|move|p2a: Tulcea|Knock Off|p1a: Torkoal
|-damage|p1a: Torkoal|24/100
|-enditem|p1a: Torkoal|Heat Rock|[from] move: Knock Off|[of] p2a: Tulcea
|
|-weather|SunnyDay|[upkeep]
|upkeep
|turn|8
|inactive|LucasSpam23 has 120 seconds left.
|
|t:|1759050018
|switch|p1a: Blaziken|Blaziken, M|100/100
|switch|p2a: Cringing Gold|Raging Bolt|100/100
|-activate|p2a: Cringing Gold|ability: Protosynthesis
|-start|p2a: Cringing Gold|protosynthesisspa
|
|-weather|SunnyDay|[upkeep]
|upkeep
|turn|9
|
|t:|1759050026
|-end|p2a: Cringing Gold|Protosynthesis|[silent]
|switch|p2a: Tulcea|Pelipper, F|63/100 par
|-damage|p2a: Tulcea|39/100 par|[from] Stealth Rock
|-weather|RainDance|[from] ability: Drizzle|[of] p2a: Tulcea
|move|p1a: Blaziken|Substitute|p1a: Blaziken
|-start|p1a: Blaziken|Substitute
|-damage|p1a: Blaziken|76/100
|
|-weather|RainDance|[upkeep]
|-ability|p1a: Blaziken|Speed Boost|boost
|-boost|p1a: Blaziken|spe|1
|upkeep
|turn|10
|inactive|LucasSpam23 has 120 seconds left.
|
|t:|1759050036
|move|p1a: Blaziken|Swords Dance|p1a: Blaziken
|-boost|p1a: Blaziken|atk|2
|move|p2a: Tulcea|Roost|p2a: Tulcea
|-heal|p2a: Tulcea|89/100 par
|-singleturn|p2a: Tulcea|move: Roost
|
|-weather|RainDance|[upkeep]
|-ability|p1a: Blaziken|Speed Boost|boost
|-boost|p1a: Blaziken|spe|1
|upkeep
|turn|11
|
|t:|1759050045
|move|p1a: Blaziken|Swords Dance|p1a: Blaziken
|-boost|p1a: Blaziken|atk|2
|move|p2a: Tulcea|Hurricane|p1a: Blaziken
|-supereffective|p1a: Blaziken
|-end|p1a: Blaziken|Substitute
|
|-weather|RainDance|[upkeep]
|-ability|p1a: Blaziken|Speed Boost|boost
|-boost|p1a: Blaziken|spe|1
|upkeep
|turn|12
|
|t:|1759050053
|move|p1a: Blaziken|Substitute|p1a: Blaziken
|-start|p1a: Blaziken|Substitute
|-damage|p1a: Blaziken|51/100
|move|p2a: Tulcea|Hurricane|p1a: Blaziken
|-supereffective|p1a: Blaziken
|-end|p1a: Blaziken|Substitute
|
|-weather|RainDance|[upkeep]
|-ability|p1a: Blaziken|Speed Boost|boost
|-boost|p1a: Blaziken|spe|1
|upkeep
|turn|13
|
|t:|1759050061
|move|p1a: Blaziken|Substitute|p1a: Blaziken
|-start|p1a: Blaziken|Substitute
|-damage|p1a: Blaziken|26/100
|cant|p2a: Tulcea|par
|
|-weather|RainDance|[upkeep]
|-ability|p1a: Blaziken|Speed Boost|boost
|-boost|p1a: Blaziken|spe|1
|upkeep
|turn|14
|
|t:|1759050067
|move|p1a: Blaziken|Swords Dance|p1a: Blaziken
|-boost|p1a: Blaziken|atk|2
|move|p2a: Tulcea|Hurricane|p1a: Blaziken
|-supereffective|p1a: Blaziken
|-end|p1a: Blaziken|Substitute
|
|-weather|RainDance|[upkeep]
|-ability|p1a: Blaziken|Speed Boost|boost
|-boost|p1a: Blaziken|spe|1
|upkeep
|turn|15
|
|t:|1759050076
|move|p1a: Blaziken|Substitute|p1a: Blaziken
|-start|p1a: Blaziken|Substitute
|-damage|p1a: Blaziken|1/100
|-enditem|p1a: Blaziken|Aguav Berry|[eat]
|-heal|p1a: Blaziken|34/100|[from] item: Aguav Berry
|move|p2a: Tulcea|Hurricane|p1a: Blaziken
|-supereffective|p1a: Blaziken
|-end|p1a: Blaziken|Substitute
|
|-weather|RainDance|[upkeep]
|upkeep
|turn|16
|
|t:|1759050103
|move|p1a: Blaziken|Close Combat|p2a: Tulcea
|-resisted|p2a: Tulcea
|-damage|p2a: Tulcea|0 fnt
|-unboost|p1a: Blaziken|def|1
|-unboost|p1a: Blaziken|spd|1
|faint|p2a: Tulcea
|
|-weather|none
|upkeep
|
|t:|1759050115
|switch|p2a: Mosquito|Scizor, F, shiny|100/100
|-damage|p2a: Mosquito|88/100|[from] Stealth Rock
|turn|17
|
|t:|1759050119
|-terastallize|p2a: Mosquito|Steel
|move|p2a: Mosquito|Bullet Punch|p1a: Blaziken
|-resisted|p1a: Blaziken
|-damage|p1a: Blaziken|0 fnt
|faint|p1a: Blaziken
|
|upkeep
|
|t:|1759050125
|switch|p1a: Torkoal|Torkoal, F|24/100
|-weather|SunnyDay|[from] ability: Drought|[of] p1a: Torkoal
|turn|18
|
|t:|1759050128
|move|p2a: Mosquito|Bullet Punch|p1a: Torkoal
|-resisted|p1a: Torkoal
|-damage|p1a: Torkoal|0 fnt
|faint|p1a: Torkoal
|
|-weather|SunnyDay|[upkeep]
|upkeep
|
|t:|1759050141
|switch|p1a: Walking Wake|Walking Wake|100/100
|-activate|p1a: Walking Wake|ability: Protosynthesis
|-start|p1a: Walking Wake|protosynthesisspa
|turn|19
|inactive|Sungrace has 120 seconds left.
|
|t:|1759050172
|switch|p2a: Cringing Gold|Raging Bolt|100/100
|-activate|p2a: Cringing Gold|ability: Protosynthesis
|-start|p2a: Cringing Gold|protosynthesisspa
|move|p1a: Walking Wake|Flamethrower|p2a: Cringing Gold
|-resisted|p2a: Cringing Gold
|-crit|p2a: Cringing Gold
|-damage|p2a: Cringing Gold|54/100
|
|-weather|SunnyDay|[upkeep]
|upkeep
|turn|20
|inactive|Sungrace has 120 seconds left.
|
|t:|1759050184
|-end|p1a: Walking Wake|Protosynthesis|[silent]
|switch|p1a: Kingambit|Kingambit, M|100/100
|-activate|p1a: Kingambit|ability: Supreme Overlord
|-start|p1a: Kingambit|fallen3|[silent]
|move|p2a: Cringing Gold|Volt Switch|p1a: Kingambit
|-damage|p1a: Kingambit|48/100
|
|t:|1759050189
|-end|p2a: Cringing Gold|Protosynthesis|[silent]
|switch|p2a: Surskit-Alola|Araquanid, F, shiny|100/100|[from] Volt Switch
|-damage|p2a: Surskit-Alola|76/100|[from] Stealth Rock
|
|-weather|SunnyDay|[upkeep]
|upkeep
|turn|21
|
|t:|1759050201
|move|p2a: Surskit-Alola|Endure|p2a: Surskit-Alola
|-singleturn|p2a: Surskit-Alola|move: Endure
|move|p1a: Kingambit|Swords Dance|p1a: Kingambit
|-boost|p1a: Kingambit|atk|2
|
|-weather|SunnyDay|[upkeep]
|upkeep
|turn|22
|
|t:|1759050213
|move|p2a: Surskit-Alola|Endure||[still]
|-fail|p2a: Surskit-Alola
|move|p1a: Kingambit|Iron Head|p2a: Surskit-Alola
|-resisted|p2a: Surskit-Alola
|-damage|p2a: Surskit-Alola|10/100
|
|-weather|none
|upkeep
|turn|23
|-enditem|p2a: Surskit-Alola|Custap Berry|[eat]
|-activate|p2a: Surskit-Alola|item: Custap Berry|[consumed]
|
|t:|1759050221
|move|p2a: Surskit-Alola|Sticky Web|p1a: Kingambit
|-sidestart|p1: LucasSpam23|move: Sticky Web
|move|p1a: Kingambit|Iron Head|p2a: Surskit-Alola
|-resisted|p2a: Surskit-Alola
|-damage|p2a: Surskit-Alola|0 fnt
|faint|p2a: Surskit-Alola
|
|upkeep
|
|t:|1759050247
|switch|p2a: Mosquito|Scizor, F, shiny, tera:Steel|88/100
|-damage|p2a: Mosquito|82/100|[from] Stealth Rock
|turn|24
|
|t:|1759050254
|move|p2a: Mosquito|Close Combat|p1a: Kingambit
|-supereffective|p1a: Kingambit
|-damage|p1a: Kingambit|0 fnt
|-unboost|p2a: Mosquito|def|1
|-unboost|p2a: Mosquito|spd|1
|faint|p1a: Kingambit
|-end|p1a: Kingambit|fallen3|[silent]
|
|upkeep
|
|t:|1759050274
|switch|p1a: Charizard|Charizard, F|100/100
|turn|25
|
|t:|1759050285
|switch|p2a: Cringing Gold|Raging Bolt|54/100
|move|p1a: Charizard|Scorching Sands|p2a: Cringing Gold
|-supereffective|p2a: Cringing Gold
|-damage|p2a: Cringing Gold|7/100
|
|upkeep
|turn|26
|
|t:|1759050291
|-terastallize|p1a: Charizard|Ground
|move|p2a: Cringing Gold|Thunderclap|p1a: Charizard
|-immune|p1a: Charizard
|move|p1a: Charizard|Scorching Sands|p2a: Cringing Gold
|-supereffective|p2a: Cringing Gold
|-damage|p2a: Cringing Gold|0 fnt
|faint|p2a: Cringing Gold
|-end|p2a: Cringing Gold|Protosynthesis|[silent]
|
|upkeep
|
|t:|1759050301
|switch|p2a: Dawnbloom|Florges-Yellow, F, shiny|100/100
|-damage|p2a: Dawnbloom|88/100|[from] Stealth Rock
|turn|27
|
|t:|1759050306
|move|p1a: Charizard|Scorching Sands|p2a: Dawnbloom
|-damage|p2a: Dawnbloom|64/100
|-status|p2a: Dawnbloom|brn
|move|p2a: Dawnbloom|Wish|p2a: Dawnbloom
|
|-heal|p2a: Dawnbloom|71/100 brn|[from] item: Leftovers
|-damage|p2a: Dawnbloom|64/100 brn|[from] brn
|upkeep
|turn|28
|
|t:|1759050313
|move|p1a: Charizard|Scorching Sands|p2a: Dawnbloom
|-damage|p2a: Dawnbloom|41/100 brn
|move|p2a: Dawnbloom|Calm Mind|p2a: Dawnbloom
|-boost|p2a: Dawnbloom|spa|1
|-boost|p2a: Dawnbloom|spd|1
|
|-heal|p2a: Dawnbloom|91/100 brn|[from] move: Wish|[wisher] Dawnbloom
|-heal|p2a: Dawnbloom|97/100 brn|[from] item: Leftovers
|-damage|p2a: Dawnbloom|91/100 brn|[from] brn
|upkeep
|turn|29
|-message|LucasSpam23 forfeited.
|
|win|Sungrace
|raw|LucasSpam23's rating: 1196 &rarr; <strong>1175</strong><br />(-21 for losing)
|raw|Sungrace's rating: 1245 &rarr; <strong>1266</strong><br />(+21 for winning)
|l|☆LucasSpam23
|player|p1|
|l|☆Sungrace
|player|p2|
