|j|☆coolsquirtle1
|j|☆Nameless Moron
|t:|1758999621
|gametype|singles
|player|p1|coolsquirtle1|pokekid|1137
|player|p2|Nameless Moron|unknown|1107
|gen|9
|tier|[Gen 9] OU
|rated|
|rule|HP Percentage Mod: HP is shown in percentages
|rule|Endless Battle Clause: Forcing endless battles is banned
|rule|Species Clause: Limit one of each Pokémon
|rule|OHKO Clause: OHKO moves are banned
|rule|Evasion Items Clause: Evasion items are banned
|rule|Evasion Moves Clause: Evasion moves are banned
|rule|Evasion Abilities Clause: Evasion abilities are banned
|rule|Sleep Moves Clause: Sleep-inducing moves are banned
|clearpoke
|poke|p1|Pawmot, F|
|poke|p1|Pincurchin, F|
|poke|p1|Iron Treads|
|poke|p1|Iron Moth|
|poke|p1|Ogerpon-Wellspring, F|
|poke|p1|Iron Jugulis|
|poke|p2|Slowking-Galar, F|
|poke|p2|Zamazenta-*|
|poke|p2|Kyurem|
|poke|p2|Cinderace, M|
|poke|p2|Iron Valiant|
|poke|p2|Great Tusk|
|teampreview
|inactive|Battle timer is ON: inactive players will automatically lose when time's up. (requested by Nameless Moron)
|inactive|Nameless Moron has 120 seconds left.
|
|t:|1758999660
|teamsize|p1|6
|teamsize|p2|6
|start
|switch|p1a: Ogerpon|Ogerpon-Wellspring, F|100/100
|switch|p2a: Cinderace|Cinderace, M|100/100
|turn|1
|
|t:|1758999670
|move|p2a: Cinderace|Trailblaze|p1a: Ogerpon
|-start|p2a: Cinderace|typechange|Grass|[from] ability: Libero
|-damage|p1a: Ogerpon|73/100
|-boost|p2a: Cinderace|spe|1
|move|p1a: Ogerpon|Ivy Cudgel|p2a: Cinderace|[anim] Ivy Cudgel Water
|-resisted|p2a: Cinderace
|-crit|p2a: Cinderace
|-damage|p2a: Cinderace|27/100
|
|upkeep
|turn|2
|
|t:|1758999682
|move|p2a: Cinderace|Trailblaze|p1a: Ogerpon
|-damage|p1a: Ogerpon|42/100
|-boost|p2a: Cinderace|spe|1
|move|p1a: Ogerpon|U-turn|p2a: Cinderace
|-supereffective|p2a: Cinderace
|-damage|p2a: Cinderace|0 fnt
|faint|p2a: Cinderace
|
|t:|1758999688
|switch|p1a: Pincurchin|Pincurchin, F|100/100|[from] U-turn
|-fieldstart|move: Electric Terrain|[from] ability: Electric Surge|[of] p1a: Pincurchin
|
|upkeep
|
|t:|1758999694
|switch|p2a: Great Tusk|Great Tusk|100/100
|-enditem|p2a: Great Tusk|Booster Energy
|-activate|p2a: Great Tusk|ability: Protosynthesis|[fromitem]
|-start|p2a: Great Tusk|protosynthesisspe
|turn|3
|
|t:|1758999706
|switch|p1a: Iron Jugulis|Iron Jugulis|100/100
|-activate|p1a: Iron Jugulis|ability: Quark Drive
|-start|p1a: Iron Jugulis|quarkdrivespe
|move|p2a: Great Tusk|Rapid Spin|p1a: Iron Jugulis
|-damage|p1a: Iron Jugulis|83/100
|-boost|p2a: Great Tusk|spe|1
|
|upkeep
|turn|4
|
|t:|1758999718
|move|p1a: Iron Jugulis|Air Slash|p2a: Great Tusk
|-supereffective|p2a: Great Tusk
|-crit|p2a: Great Tusk
|-damage|p2a: Great Tusk|0 fnt
|faint|p2a: Great Tusk
|-end|p2a: Great Tusk|Protosynthesis|[silent]
|
|upkeep
|
|t:|1758999733
|switch|p2a: Iron Valiant|Iron Valiant|100/100
|-activate|p2a: Iron Valiant|ability: Quark Drive
|-start|p2a: Iron Valiant|quarkdrivespe
|turn|5
|
|t:|1758999743
|move|p1a: Iron Jugulis|Air Slash|p2a: Iron Valiant
|-supereffective|p2a: Iron Valiant
|-damage|p2a: Iron Valiant|0 fnt
|faint|p2a: Iron Valiant
|-end|p2a: Iron Valiant|Quark Drive|[silent]
|
|upkeep
|
|t:|1758999749
|switch|p2a: Kyurem|Kyurem, shiny|100/100
|-ability|p2a: Kyurem|Pressure
|turn|6
|
|t:|1758999756
|-end|p1a: Iron Jugulis|Quark Drive|[silent]
|switch|p1a: Iron Treads|Iron Treads|100/100
|-activate|p1a: Iron Treads|ability: Quark Drive
|-start|p1a: Iron Treads|quarkdrivespe
|move|p2a: Kyurem|Earth Power|p1a: Iron Treads
|-supereffective|p1a: Iron Treads
|-damage|p1a: Iron Treads|0 fnt
|faint|p1a: Iron Treads
|-end|p1a: Iron Treads|Quark Drive|[silent]
|
|-fieldend|move: Electric Terrain
|upkeep
|
|t:|1758999764
|switch|p1a: Iron Moth|Iron Moth|100/100
|turn|7
|
|t:|1758999780
|switch|p2a: Slowking|Slowking-Galar, F|100/100
|move|p1a: Iron Moth|Dazzling Gleam|p2a: Slowking
|-resisted|p2a: Slowking
|-damage|p2a: Slowking|91/100
|
|-heal|p2a: Slowking|97/100|[from] item: Leftovers
|upkeep
|turn|8
|
|t:|1758999790
|-end|p1a: Iron Moth|Quark Drive|[silent]
|switch|p1a: Pincurchin|Pincurchin, F|100/100
|-fieldstart|move: Electric Terrain|[from] ability: Electric Surge|[of] p1a: Pincurchin
|move|p2a: Slowking|Future Sight|p1a: Pincurchin
|-start|p2a: Slowking|move: Future Sight
|
|-heal|p2a: Slowking|100/100|[from] item: Leftovers
|upkeep
|turn|9
|
|t:|1758999797
|move|p1a: Pincurchin|Thunder Wave|p2a: Slowking
|-status|p2a: Slowking|par
|move|p2a: Slowking|Toxic|p1a: Pincurchin
|-status|p1a: Pincurchin|tox
|
|-damage|p1a: Pincurchin|94/100 tox|[from] psn
|upkeep
|turn|10
|
|t:|1758999805
|move|p1a: Pincurchin|Spikes|p2a: Slowking
|-sidestart|p2: Nameless Moron|Spikes
|-prepare|p2a: Slowking|Chilly Reception|[premajor]
|move|p2a: Slowking|Chilly Reception|p2a: Slowking
|-weather|Snowscape
|
|t:|1758999819
|switch|p2a: Kyurem|Kyurem, shiny|100/100|[from] Chilly Reception
|-damage|p2a: Kyurem|88/100|[from] Spikes
|-ability|p2a: Kyurem|Pressure
|
|-weather|Snowscape|[upkeep]
|-end|p1a: Pincurchin|move: Future Sight
|-damage|p1a: Pincurchin|26/100 tox
|-damage|p1a: Pincurchin|14/100 tox|[from] psn
|upkeep
|turn|11
|
|t:|1758999846
|move|p2a: Kyurem|Blizzard|p1a: Pincurchin
|-damage|p1a: Pincurchin|0 fnt
|faint|p1a: Pincurchin
|
|-weather|Snowscape|[upkeep]
|upkeep
|
|t:|1758999860
|switch|p1a: Pawmot|Pawmot, F|100/100
|turn|12
|
|t:|1758999870
|move|p1a: Pawmot|Nuzzle|p2a: Kyurem
|-resisted|p2a: Kyurem
|-damage|p2a: Kyurem|83/100
|-status|p2a: Kyurem|par
|-damage|p1a: Pawmot|91/100|[from] item: Life Orb
|move|p2a: Kyurem|Blizzard|p1a: Pawmot
|-damage|p1a: Pawmot|0 fnt
|faint|p1a: Pawmot
|
|-weather|Snowscape|[upkeep]
|-fieldend|move: Electric Terrain
|upkeep
|
|t:|1758999881
|switch|p1a: Iron Moth|Iron Moth|100/100
|turn|13
|
|t:|1758999887
|switch|p2a: Slowking|Slowking-Galar, F|100/100 par
|-damage|p2a: Slowking|88/100 par|[from] Spikes
|move|p1a: Iron Moth|Dazzling Gleam|p2a: Slowking
|-resisted|p2a: Slowking
|-damage|p2a: Slowking|78/100 par
|
|-weather|Snowscape|[upkeep]
|-heal|p2a: Slowking|85/100 par|[from] item: Leftovers
|upkeep
|turn|14
|
|t:|1758999897
|move|p1a: Iron Moth|Fiery Dance|p2a: Slowking
|-crit|p2a: Slowking
|-damage|p2a: Slowking|41/100 par
|-boost|p1a: Iron Moth|spa|1
|move|p2a: Slowking|Future Sight|p1a: Iron Moth
|-start|p2a: Slowking|move: Future Sight
|
|-weather|none
|-heal|p2a: Slowking|47/100 par|[from] item: Leftovers
|upkeep
|turn|15
|
|t:|1758999909
|-end|p1a: Iron Moth|Quark Drive|[silent]
|switch|p1a: Iron Jugulis|Iron Jugulis|83/100
|-prepare|p2a: Slowking|Chilly Reception|[premajor]
|move|p2a: Slowking|Chilly Reception|p2a: Slowking
|-weather|Snowscape
|
|t:|1758999928
|switch|p2a: Zamazenta|Zamazenta|100/100|[from] Chilly Reception
|-damage|p2a: Zamazenta|88/100|[from] Spikes
|-ability|p2a: Zamazenta|Dauntless Shield|boost
|-boost|p2a: Zamazenta|def|1
|
|-weather|Snowscape|[upkeep]
|-heal|p2a: Zamazenta|94/100|[from] item: Leftovers
|upkeep
|turn|16
|
|t:|1758999953
|-end|p1a: Iron Jugulis|Quark Drive|[silent]
|switch|p1a: Ogerpon|Ogerpon-Wellspring, F|42/100
|-terastallize|p2a: Zamazenta|Fairy
|move|p2a: Zamazenta|Iron Defense|p2a: Zamazenta
|-boost|p2a: Zamazenta|def|2
|
|-weather|Snowscape|[upkeep]
|-end|p1a: Ogerpon|move: Future Sight
|-damage|p1a: Ogerpon|0 fnt
|faint|p1a: Ogerpon
|-heal|p2a: Zamazenta|99/100|[from] item: Leftovers
|upkeep
|
|t:|1758999957
|switch|p1a: Iron Moth|Iron Moth|100/100
|turn|17
|
|t:|1758999970
|move|p2a: Zamazenta|Body Press|p1a: Iron Moth
|-resisted|p1a: Iron Moth
|-damage|p1a: Iron Moth|26/100
|move|p1a: Iron Moth|Sludge Wave|p2a: Zamazenta
|-supereffective|p2a: Zamazenta
|-damage|p2a: Zamazenta|20/100
|
|-weather|Snowscape|[upkeep]
|-heal|p2a: Zamazenta|26/100|[from] item: Leftovers
|upkeep
|turn|18
|
|t:|1758999986
|move|p2a: Zamazenta|Body Press|p1a: Iron Moth
|-resisted|p1a: Iron Moth
|-damage|p1a: Iron Moth|0 fnt
|faint|p1a: Iron Moth
|-end|p1a: Iron Moth|Quark Drive|[silent]
|
|-weather|Snowscape|[upkeep]
|-heal|p2a: Zamazenta|32/100|[from] item: Leftovers
|upkeep
|
|t:|1758999988
|switch|p1a: Iron Jugulis|Iron Jugulis|83/100
|turn|19
|
|t:|1758999995
|-terastallize|p1a: Iron Jugulis|Flying
|move|p1a: Iron Jugulis|Air Slash|p2a: Zamazenta
|-damage|p2a: Zamazenta|0 fnt
|faint|p2a: Zamazenta
|
|-weather|none
|upkeep
|
|t:|1759000001
|switch|p2a: Kyurem|Kyurem, shiny|83/100 par
|-damage|p2a: Kyurem|71/100 par|[from] Spikes
|-ability|p2a: Kyurem|Pressure
|turn|20
|
|t:|1759000006
|move|p1a: Iron Jugulis|Air Slash|p2a: Kyurem
|-damage|p2a: Kyurem|20/100 par
|move|p2a: Kyurem|Freeze-Dry|p1a: Iron Jugulis
|-supereffective|p1a: Iron Jugulis
|-damage|p1a: Iron Jugulis|0 fnt
|faint|p1a: Iron Jugulis
|-end|p1a: Iron Jugulis|Quark Drive|[silent]
|
|win|Nameless Moron
|raw|coolsquirtle1's rating: 1137 &rarr; <strong>1110</strong><br />(-27 for losing)
|raw|Nameless Moron's rating: 1107 &rarr; <strong>1134</strong><br />(+27 for winning)
|l|☆coolsquirtle1
|player|p1|
|c|☆Nameless Moron|gg
