|j|☆LX1987
|j|☆Birth of Murica
|t:|1758985972
|gametype|singles
|player|p1|LX1987|266|1364
|player|p2|Birth of Murica|red|1394
|gen|9
|tier|[Gen 9] OU
|rated|
|rule|HP Percentage Mod: HP is shown in percentages
|rule|Endless Battle Clause: Forcing endless battles is banned
|rule|Species Clause: Limit one of each Pokémon
|rule|OHKO Clause: OHKO moves are banned
|rule|Evasion Items Clause: Evasion items are banned
|rule|Evasion Moves Clause: Evasion moves are banned
|rule|Evasion Abilities Clause: Evasion abilities are banned
|rule|Sleep Moves Clause: Sleep-inducing moves are banned
|clearpoke
|poke|p1|Dragapult, F|
|poke|p1|Empoleon, M|
|poke|p1|Clodsire, M|
|poke|p1|Chesnaught, M|
|poke|p1|Entei|
|poke|p1|Ditto|
|poke|p2|Ting-Lu|
|poke|p2|Walking Wake|
|poke|p2|Heatran, F|
|poke|p2|Amoonguss, M|
|poke|p2|Great Tusk|
|poke|p2|Dragapult, M|
|teampreview
|inactive|Battle timer is ON: inactive players will automatically lose when time's up. (requested by Birth of Murica)
|
|t:|1758985979
|teamsize|p1|6
|teamsize|p2|6
|start
|switch|p1a: Dragapult|Dragapult, F|100/100
|switch|p2a: Heatran|Heatran, F|100/100
|turn|1
|
|t:|1758985985
|move|p1a: Dragapult|Dragon Dance|p1a: Dragapult
|-boost|p1a: Dragapult|atk|1
|-boost|p1a: Dragapult|spe|1
|move|p2a: Heatran|Stealth Rock|p1a: Dragapult
|-sidestart|p1: LX1987|move: Stealth Rock
|
|upkeep
|turn|2
|
|t:|1758985992
|move|p1a: Dragapult|Dragon Dance|p1a: Dragapult
|-boost|p1a: Dragapult|atk|1
|-boost|p1a: Dragapult|spe|1
|move|p2a: Heatran|Will-O-Wisp|p1a: Dragapult
|-status|p1a: Dragapult|brn
|-enditem|p1a: Dragapult|Lum Berry|[eat]
|-curestatus|p1a: Dragapult|brn|[msg]
|
|upkeep
|turn|3
|
|t:|1758986002
|move|p1a: Dragapult|Phantom Force||[still]
|-prepare|p1a: Dragapult|Phantom Force
|move|p2a: Heatran|Will-O-Wisp|p1a: Dragapult|[miss]
|-miss|p2a: Heatran|p1a: Dragapult
|
|upkeep
|turn|4
|
|t:|1758986008
|move|p1a: Dragapult|Phantom Force|p2a: Heatran|[from] lockedmove
|-damage|p2a: Heatran|21/100
|move|p2a: Heatran|Will-O-Wisp|p1a: Dragapult
|-status|p1a: Dragapult|brn
|
|-heal|p2a: Heatran|27/100|[from] item: Leftovers
|-damage|p1a: Dragapult|95/100 brn|[from] brn
|upkeep
|turn|5
|
|t:|1758986019
|switch|p2a: Amoonguss|Amoonguss, M|100/100
|move|p1a: Dragapult|Dragon Dance|p1a: Dragapult
|-boost|p1a: Dragapult|atk|1
|-boost|p1a: Dragapult|spe|1
|
|-damage|p1a: Dragapult|89/100 brn|[from] brn
|upkeep
|turn|6
|
|t:|1758986028
|move|p1a: Dragapult|Dragon Darts|p2a: Amoonguss
|-damage|p2a: Amoonguss|78/100
|-anim|p1a: Dragapult|Dragon Darts|p2a: Amoonguss
|-damage|p2a: Amoonguss|57/100
|move|p2a: Amoonguss|Foul Play|p1a: Dragapult
|-supereffective|p1a: Dragapult
|-damage|p1a: Dragapult|0 fnt
|faint|p1a: Dragapult
|
|upkeep
|
|t:|1758986038
|switch|p1a: Entei|Entei|100/100
|-damage|p1a: Entei|76/100|[from] Stealth Rock
|-ability|p1a: Entei|Pressure
|turn|7
|
|t:|1758986044
|switch|p2a: Heatran|Heatran, F|27/100
|move|p1a: Entei|Swagger|p2a: Heatran
|-boost|p2a: Heatran|atk|2
|-start|p2a: Heatran|confusion
|-enditem|p1a: Entei|Mirror Herb
|-boost|p1a: Entei|atk|2|[from] item: Mirror Herb
|
|-heal|p2a: Heatran|33/100|[from] item: Leftovers
|upkeep
|turn|8
|
|t:|1758986060
|switch|p2a: Ting-Lu|Ting-Lu|100/100
|-ability|p2a: Ting-Lu|Vessel of Ruin
|move|p1a: Entei|Stomping Tantrum|p2a: Ting-Lu
|-damage|p2a: Ting-Lu|76/100
|
|upkeep
|turn|9
|
|t:|1758986069
|move|p1a: Entei|Sacred Fire|p2a: Ting-Lu
|-damage|p2a: Ting-Lu|23/100
|-status|p2a: Ting-Lu|brn
|move|p2a: Ting-Lu|Earthquake|p1a: Entei
|-supereffective|p1a: Entei
|-damage|p1a: Entei|2/100
|
|-damage|p2a: Ting-Lu|17/100 brn|[from] brn
|upkeep
|turn|10
|
|t:|1758986080
|move|p1a: Entei|Extreme Speed|p2a: Ting-Lu
|-damage|p2a: Ting-Lu|0 fnt
|faint|p2a: Ting-Lu
|
|upkeep
|
|t:|1758986082
|switch|p2a: Dragapult|Dragapult, M|100/100
|turn|11
|
|t:|1758986088
|move|p2a: Dragapult|Shadow Ball|p1a: Entei
|-damage|p1a: Entei|0 fnt
|faint|p1a: Entei
|
|upkeep
|
|t:|1758986094
|switch|p1a: Chesnaught|Chesnaught, M|100/100
|-damage|p1a: Chesnaught|94/100|[from] Stealth Rock
|turn|12
|
|t:|1758986099
|switch|p2a: Amoonguss|Amoonguss, M|91/100
|move|p1a: Chesnaught|Leech Seed|p2a: Amoonguss
|-immune|p2a: Amoonguss
|
|upkeep
|turn|13
|
|t:|1758986106
|move|p1a: Chesnaught|Taunt|p2a: Amoonguss
|-start|p2a: Amoonguss|move: Taunt
|cant|p2a: Amoonguss|move: Taunt|Toxic
|
|upkeep
|turn|14
|
|t:|1758986111
|switch|p2a: Heatran|Heatran, F|33/100
|move|p1a: Chesnaught|Knock Off|p2a: Heatran
|-damage|p2a: Heatran|12/100
|-enditem|p2a: Heatran|Leftovers|[from] move: Knock Off|[of] p1a: Chesnaught
|
|upkeep
|turn|15
|
|t:|1758986119
|move|p2a: Heatran|Lava Plume|p1a: Chesnaught
|-supereffective|p1a: Chesnaught
|-damage|p1a: Chesnaught|1/100
|move|p1a: Chesnaught|Knock Off|p2a: Heatran
|-damage|p2a: Heatran|0 fnt
|faint|p2a: Heatran
|
|upkeep
|
|t:|1758986130
|switch|p2a: Great Tusk|Great Tusk|100/100
|turn|16
|
|t:|1758986140
|move|p2a: Great Tusk|Ice Spinner|p1a: Chesnaught
|-supereffective|p1a: Chesnaught
|-damage|p1a: Chesnaught|0 fnt
|-damage|p2a: Great Tusk|84/100|[from] item: Rocky Helmet|[of] p1a: Chesnaught
|faint|p1a: Chesnaught
|-damage|p2a: Great Tusk|74/100|[from] item: Life Orb
|
|upkeep
|
|t:|1758986148
|switch|p1a: Ditto|Ditto|100/100
|-damage|p1a: Ditto|88/100|[from] Stealth Rock
|-transform|p1a: Ditto|p2a: Great Tusk|[from] ability: Imposter
|turn|17
|
|t:|1758986156
|-end|p2a: Great Tusk|Protosynthesis|[silent]
|switch|p2a: Amoonguss|Amoonguss, M|100/100
|move|p1a: Ditto|Headlong Rush|p2a: Amoonguss
|-damage|p2a: Amoonguss|52/100
|-unboost|p1a: Ditto|def|1
|-unboost|p1a: Ditto|spd|1
|-damage|p1a: Ditto|71/100|[from] item: Rocky Helmet|[of] p2a: Amoonguss
|
|upkeep
|turn|18
|
|t:|1758986165
|move|p1a: Ditto|Headlong Rush|p2a: Amoonguss
|-damage|p2a: Amoonguss|3/100
|-unboost|p1a: Ditto|def|1
|-unboost|p1a: Ditto|spd|1
|-damage|p1a: Ditto|55/100|[from] item: Rocky Helmet|[of] p2a: Amoonguss
|move|p2a: Amoonguss|Giga Drain|p1a: Ditto
|-supereffective|p1a: Ditto
|-damage|p1a: Ditto|0 fnt
|-heal|p2a: Amoonguss|22/100|[from] drain|[of] p1a: Ditto
|faint|p1a: Ditto
|-end|p1a: Ditto|Protosynthesis|[silent]
|
|upkeep
|
|t:|1758986177
|switch|p1a: Empoleon|Empoleon, M|100/100
|-damage|p1a: Empoleon|94/100|[from] Stealth Rock
|turn|19
|
|t:|1758986182
|switch|p2a: Dragapult|Dragapult, M|100/100
|move|p1a: Empoleon|Ice Beam|p2a: Dragapult
|-supereffective|p2a: Dragapult
|-damage|p2a: Dragapult|23/100
|
|upkeep
|turn|20
|
|t:|1758986189
|move|p2a: Dragapult|Thunderbolt|p1a: Empoleon
|-supereffective|p1a: Empoleon
|-damage|p1a: Empoleon|64/100
|move|p1a: Empoleon|Ice Beam|p2a: Dragapult
|-supereffective|p2a: Dragapult
|-damage|p2a: Dragapult|0 fnt
|faint|p2a: Dragapult
|
|upkeep
|
|t:|1758986198
|switch|p2a: Great Tusk|Great Tusk|74/100
|turn|21
|
|t:|1758986204
|-terastallize|p2a: Great Tusk|Steel
|-terastallize|p1a: Empoleon|Water
|move|p2a: Great Tusk|Close Combat|p1a: Empoleon
|-damage|p1a: Empoleon|0 fnt
|-unboost|p2a: Great Tusk|def|1
|-unboost|p2a: Great Tusk|spd|1
|faint|p1a: Empoleon
|-damage|p2a: Great Tusk|64/100|[from] item: Life Orb
|
|upkeep
|c|☆Birth of Murica|gg
|c|☆Birth of Murica|wp
|-message|LX1987 forfeited.
|
|win|Birth of Murica
|raw|LX1987's rating: 1364 &rarr; <strong>1346</strong><br />(-18 for losing)
|raw|Birth of Murica's rating: 1394 &rarr; <strong>1412</strong><br />(+18 for winning)
|l|☆LX1987
|player|p1|
|l|☆Birth of Murica
|player|p2|
