|j|☆teamskullenoxa
|j|☆garg is back
|t:|1758921494
|gametype|singles
|player|p1|teamskullenoxa|101|1649
|player|p2|garg is back|ninjaboy|1631
|gen|9
|tier|[Gen 9] OU
|rated|
|rule|HP Percentage Mod: HP is shown in percentages
|rule|Endless Battle Clause: Forcing endless battles is banned
|rule|Species Clause: Limit one of each Pokémon
|rule|OHKO Clause: OHKO moves are banned
|rule|Evasion Items Clause: Evasion items are banned
|rule|Evasion Moves Clause: Evasion moves are banned
|rule|Evasion Abilities Clause: Evasion abilities are banned
|rule|Sleep Moves Clause: Sleep-inducing moves are banned
|clearpoke
|poke|p1|Lokix, M|
|poke|p1|Slowking-Galar, M|
|poke|p1|Weavile, F|
|poke|p1|Enamorus, F|
|poke|p1|Alomomola, F|
|poke|p1|Cinderace, F|
|poke|p2|Meowscarada, M|
|poke|p2|Corviknight, M|
|poke|p2|Uxie|
|poke|p2|Iron Valiant|
|poke|p2|Dragapult, M|
|poke|p2|Alomomola, F|
|teampreview
|inactive|Battle timer is ON: inactive players will automatically lose when time's up. (requested by garg is back)
|
|t:|1758921505
|teamsize|p1|6
|teamsize|p2|6
|start
|switch|p1a: Lokix|Lokix, M|100/100
|switch|p2a: Meowscarada|Meowscarada, M|100/100
|turn|1
|j| fuguier
|j| transit blues
|
|t:|1758921510
|switch|p2a: Corviknight|Corviknight, M|100/100
|-ability|p2a: Corviknight|Pressure
|move|p1a: Lokix|First Impression|p2a: Corviknight
|-resisted|p2a: Corviknight
|-damage|p2a: Corviknight|84/100
|-damage|p1a: Lokix|84/100|[from] item: Rocky Helmet|[of] p2a: Corviknight
|
|upkeep
|turn|2
|
|t:|1758921513
|move|p1a: Lokix|Knock Off|p2a: Corviknight
|-damage|p2a: Corviknight|54/100
|-damage|p1a: Lokix|67/100|[from] item: Rocky Helmet|[of] p2a: Corviknight
|-enditem|p2a: Corviknight|Rocky Helmet|[from] move: Knock Off|[of] p1a: Lokix
|move|p2a: Corviknight|U-turn|p1a: Lokix
|-supereffective|p1a: Lokix
|-damage|p1a: Lokix|22/100
|
|t:|1758921517
|switch|p2a: Meowscarada|Meowscarada, M|100/100|[from] U-turn
|
|upkeep
|turn|3
|
|t:|1758921521
|switch|p1a: Slowking|Slowking-Galar, M|100/100
|move|p2a: Meowscarada|U-turn|p1a: Slowking
|-start|p2a: Meowscarada|typechange|Bug|[from] ability: Protean
|-damage|p1a: Slowking|76/100
|
|t:|1758921525
|switch|p2a: Uxie|Uxie|100/100|[from] U-turn
|
|upkeep
|turn|4
|l| fuguier
|
|t:|1758921532
|move|p2a: Uxie|Psychic Noise|p1a: Slowking
|-damage|p1a: Slowking|61/100
|-start|p1a: Slowking|move: Heal Block
|move|p1a: Slowking|Sludge Bomb|p2a: Uxie
|-damage|p2a: Uxie|80/100
|
|-heal|p2a: Uxie|86/100|[from] item: Leftovers
|upkeep
|turn|5
|j| fuguier
|
|t:|1758921537
|move|p2a: Uxie|Stealth Rock|p1a: Slowking
|-sidestart|p1: teamskullenoxa|move: Stealth Rock
|move|p1a: Slowking|Future Sight|p2a: Uxie
|-start|p1a: Slowking|move: Future Sight
|
|-heal|p2a: Uxie|92/100|[from] item: Leftovers
|-end|p1a: Slowking|move: Heal Block
|upkeep
|turn|6
|
|t:|1758921540
|move|p2a: Uxie|Encore|p1a: Slowking
|-start|p1a: Slowking|Encore
|move|p1a: Slowking|Future Sight||[still]
|-fail|p1a: Slowking
|
|-heal|p2a: Uxie|99/100|[from] item: Leftovers
|upkeep
|turn|7
|
|t:|1758921546
|switch|p1a: Alomomola|Alomomola, F|100/100
|-damage|p1a: Alomomola|88/100|[from] Stealth Rock
|move|p2a: Uxie|U-turn|p1a: Alomomola
|-damage|p1a: Alomomola|79/100
|
|t:|1758921548
|switch|p2a: Meowscarada|Meowscarada, M|100/100|[from] U-turn
|
|-end|p2a: Meowscarada|move: Future Sight
|-immune|p2a: Meowscarada
|upkeep
|turn|8
|
|t:|1758921553
|switch|p1a: Slowking|Slowking-Galar, M|95/100
|-damage|p1a: Slowking|82/100|[from] Stealth Rock
|move|p2a: Meowscarada|Flower Trick|p1a: Slowking
|-start|p2a: Meowscarada|typechange|Grass|[from] ability: Protean
|-resisted|p1a: Slowking
|-crit|p1a: Slowking
|-damage|p1a: Slowking|64/100
|
|upkeep
|turn|9
|
|t:|1758921560
|switch|p2a: Uxie|Uxie|99/100
|-prepare|p1a: Slowking|Chilly Reception|[premajor]
|move|p1a: Slowking|Chilly Reception|p1a: Slowking
|-weather|Snowscape
|
|t:|1758921567
|switch|p1a: Cinderace|Cinderace, F|100/100|[from] Chilly Reception
|
|-weather|Snowscape|[upkeep]
|-heal|p2a: Uxie|100/100|[from] item: Leftovers
|upkeep
|turn|10
|
|t:|1758921572
|move|p1a: Cinderace|U-turn|p2a: Uxie
|-supereffective|p2a: Uxie
|-damage|p2a: Uxie|63/100
|
|t:|1758921576
|switch|p1a: Alomomola|Alomomola, F|100/100|[from] U-turn
|-damage|p1a: Alomomola|88/100|[from] Stealth Rock
|move|p2a: Uxie|Psychic Noise|p1a: Alomomola
|-damage|p1a: Alomomola|79/100
|-start|p1a: Alomomola|move: Heal Block
|
|-weather|Snowscape|[upkeep]
|-heal|p2a: Uxie|69/100|[from] item: Leftovers
|upkeep
|turn|11
|
|t:|1758921585
|move|p2a: Uxie|U-turn|p1a: Alomomola
|-damage|p1a: Alomomola|68/100
|
|t:|1758921587
|switch|p2a: Alomomola|Alomomola, F|100/100|[from] U-turn
|move|p1a: Alomomola|Body Slam|p2a: Alomomola
|-damage|p2a: Alomomola|91/100
|
|-weather|Snowscape|[upkeep]
|-end|p1a: Alomomola|move: Heal Block
|upkeep
|turn|12
|
|t:|1758921593
|move|p2a: Alomomola|Flip Turn|p1a: Alomomola
|-resisted|p1a: Alomomola
|-damage|p1a: Alomomola|62/100
|
|t:|1758921595
|switch|p2a: Uxie|Uxie|69/100|[from] Flip Turn
|move|p1a: Alomomola|Flip Turn|p2a: Uxie
|-damage|p2a: Uxie|56/100
|
|t:|1758921598
|switch|p1a: Cinderace|Cinderace, F|100/100|[from] Flip Turn
|
|-weather|Snowscape|[upkeep]
|-heal|p2a: Uxie|62/100|[from] item: Leftovers
|upkeep
|turn|13
|
|t:|1758921603
|switch|p2a: Alomomola|Alomomola, F|100/100
|move|p1a: Cinderace|U-turn|p2a: Alomomola
|-damage|p2a: Alomomola|86/100
|
|t:|1758921608
|switch|p1a: Slowking|Slowking-Galar, M|97/100|[from] U-turn
|-damage|p1a: Slowking|85/100|[from] Stealth Rock
|
|-weather|none
|upkeep
|turn|14
|
|t:|1758921610
|move|p2a: Alomomola|Flip Turn|p1a: Slowking
|-damage|p1a: Slowking|73/100
|l| fuguier
|
|t:|1758921613
|switch|p2a: Uxie|Uxie|62/100|[from] Flip Turn
|move|p1a: Slowking|Sludge Bomb|p2a: Uxie
|-damage|p2a: Uxie|44/100
|
|-heal|p2a: Uxie|50/100|[from] item: Leftovers
|upkeep
|turn|15
|
|t:|1758921618
|move|p2a: Uxie|Psychic Noise|p1a: Slowking
|-damage|p1a: Slowking|56/100
|-start|p1a: Slowking|move: Heal Block
|move|p1a: Slowking|Sludge Bomb|p2a: Uxie
|-damage|p2a: Uxie|31/100
|-status|p2a: Uxie|psn
|
|-heal|p2a: Uxie|37/100 psn|[from] item: Leftovers
|-damage|p2a: Uxie|25/100 psn|[from] psn
|upkeep
|turn|16
|
|t:|1758921623
|move|p2a: Uxie|U-turn|p1a: Slowking
|-damage|p1a: Slowking|47/100
|
|t:|1758921625
|switch|p2a: Corviknight|Corviknight, M|54/100|[from] U-turn
|-ability|p2a: Corviknight|Pressure
|-prepare|p1a: Slowking|Chilly Reception|[premajor]
|move|p1a: Slowking|Chilly Reception|p1a: Slowking
|-weather|Snowscape
|
|t:|1758921629
|switch|p1a: Cinderace|Cinderace, F|100/100|[from] Chilly Reception
|
|-weather|Snowscape|[upkeep]
|upkeep
|turn|17
|
|t:|1758921633
|switch|p2a: Alomomola|Alomomola, F|100/100
|move|p1a: Cinderace|Pyro Ball|p2a: Alomomola|[miss]
|-miss|p1a: Cinderace|p2a: Alomomola
|
|-weather|Snowscape|[upkeep]
|upkeep
|turn|18
|
|t:|1758921638
|move|p1a: Cinderace|Court Change|p1a: Cinderace
|-swapsideconditions
|-activate|p1a: Cinderace|move: Court Change
|move|p2a: Alomomola|Wish|p2a: Alomomola
|
|-weather|Snowscape|[upkeep]
|upkeep
|turn|19
|
|t:|1758921645
|move|p1a: Cinderace|U-turn|p2a: Alomomola
|-damage|p2a: Alomomola|86/100
|
|t:|1758921649
|switch|p1a: Weavile|Weavile, F|100/100|[from] U-turn
|-ability|p1a: Weavile|Pressure
|move|p2a: Alomomola|Flip Turn|p1a: Weavile
|-damage|p1a: Weavile|80/100
|
|t:|1758921654
|switch|p2a: Corviknight|Corviknight, M|54/100|[from] Flip Turn
|-damage|p2a: Corviknight|41/100|[from] Stealth Rock
|-ability|p2a: Corviknight|Pressure
|
|-weather|Snowscape|[upkeep]
|-heal|p2a: Corviknight|100/100|[from] move: Wish|[wisher] Alomomola
|upkeep
|turn|20
|
|t:|1758921661
|switch|p1a: Enamorus|Enamorus, F|100/100
|move|p2a: Corviknight|Defog|p1a: Enamorus
|-boost|p1a: Enamorus|evasion|1
|-sideend|p2: garg is back|Stealth Rock|[from] move: Defog|[of] p2a: Corviknight
|
|-weather|none
|upkeep
|turn|21
|
|t:|1758921666
|-terastallize|p1a: Enamorus|Stellar
|move|p1a: Enamorus|Tera Blast|p2a: Corviknight|[anim] Tera Blast Stellar
|-damage|p2a: Corviknight|54/100
|-boost|p1a: Enamorus|atk|1
|-boost|p1a: Enamorus|spa|1
|move|p2a: Corviknight|U-turn|p1a: Enamorus|[miss]
|-miss|p2a: Corviknight|p1a: Enamorus
|
|upkeep
|turn|22
|
|t:|1758921674
|switch|p2a: Uxie|Uxie|25/100 psn
|move|p1a: Enamorus|Tera Blast|p2a: Uxie|[anim] Tera Blast Stellar
|-damage|p2a: Uxie|0 fnt
|-boost|p1a: Enamorus|atk|1
|-boost|p1a: Enamorus|spa|1
|faint|p2a: Uxie
|
|upkeep
|
|t:|1758921676
|switch|p2a: Meowscarada|Meowscarada, M|100/100
|turn|23
|
|t:|1758921679
|move|p2a: Meowscarada|Triple Axel|p1a: Enamorus|[miss]
|-start|p2a: Meowscarada|typechange|Ice|[from] ability: Protean
|-miss|p2a: Meowscarada|p1a: Enamorus
|move|p1a: Enamorus|Tera Blast|p2a: Meowscarada|[anim] Tera Blast Stellar
|-damage|p2a: Meowscarada|0 fnt
|-boost|p1a: Enamorus|atk|1
|-boost|p1a: Enamorus|spa|1
|faint|p2a: Meowscarada
|
|upkeep
|-message|garg is back forfeited.
|
|win|teamskullenoxa
|raw|teamskullenoxa's rating: 1649 &rarr; <strong>1668</strong><br />(+19 for winning)
|raw|garg is back's rating: 1631 &rarr; <strong>1612</strong><br />(-19 for losing)
|l|☆garg is back
|player|p2|
|l| transit blues
