|j|☆doctromat
|j|☆zhihe7019
|t:|1759043233
|gametype|singles
|player|p1|doctromat|102|1210
|player|p2|zhihe7019|cynthia|1215
|gen|9
|tier|[Gen 9] OU
|rated|
|rule|HP Percentage Mod: HP is shown in percentages
|rule|Endless Battle Clause: Forcing endless battles is banned
|rule|Species Clause: Limit one of each Pokémon
|rule|OHKO Clause: OHKO moves are banned
|rule|Evasion Items Clause: Evasion items are banned
|rule|Evasion Moves Clause: Evasion moves are banned
|rule|Evasion Abilities Clause: Evasion abilities are banned
|rule|Sleep Moves Clause: Sleep-inducing moves are banned
|clearpoke
|poke|p1|Bruxish, F|
|poke|p1|Alomomola, F|
|poke|p1|Pecharunt|
|poke|p1|Iron Treads|
|poke|p1|Meowscarada, F|
|poke|p1|Darkrai|
|poke|p2|Alomomola, M|
|poke|p2|Araquanid, F|
|poke|p2|Gholdengo|
|poke|p2|Glimmora, F|
|poke|p2|Skeledirge, M|
|poke|p2|Ogerpon-Wellspring, F|
|teampreview
|inactive|Battle timer is ON: inactive players will automatically lose when time's up. (requested by zhihe7019)
|
|t:|1759043243
|teamsize|p1|6
|teamsize|p2|6
|start
|switch|p1a: Meowscarada|Meowscarada, F|100/100
|switch|p2a: Glimmora|Glimmora, F|100/100
|turn|1
|
|t:|1759043246
|move|p1a: Meowscarada|Flower Trick|p2a: Glimmora
|-start|p1a: Meowscarada|typechange|Grass|[from] ability: Protean
|-crit|p2a: Glimmora
|-damage|p2a: Glimmora|14/100
|-activate|p2a: Glimmora|ability: Toxic Debris
|-sidestart|p1: doctromat|move: Toxic Spikes
|move|p2a: Glimmora|Stealth Rock|p1a: Meowscarada
|-sidestart|p1: doctromat|move: Stealth Rock
|
|upkeep
|turn|2
|
|t:|1759043256
|switch|p2a: Araquanid|Araquanid, F|100/100
|move|p1a: Meowscarada|Flower Trick|p2a: Araquanid
|-crit|p2a: Araquanid
|-damage|p2a: Araquanid|29/100
|
|upkeep
|turn|3
|
|t:|1759043258
|move|p2a: Araquanid|Endure|p2a: Araquanid
|-singleturn|p2a: Araquanid|move: Endure
|move|p1a: Meowscarada|Flower Trick|p2a: Araquanid
|-crit|p2a: Araquanid
|-activate|p2a: Araquanid|move: Endure
|-damage|p2a: Araquanid|1/100
|
|upkeep
|turn|4
|-enditem|p2a: Araquanid|Custap Berry|[eat]
|-activate|p2a: Araquanid|item: Custap Berry|[consumed]
|
|t:|1759043265
|move|p2a: Araquanid|Endeavor|p1a: Meowscarada
|-damage|p1a: Meowscarada|1/100
|move|p1a: Meowscarada|Flower Trick|p2a: Araquanid
|-crit|p2a: Araquanid
|-damage|p2a: Araquanid|0 fnt
|faint|p2a: Araquanid
|
|upkeep
|
|t:|1759043277
|switch|p2a: Skeledirge|Skeledirge, M|100/100
|turn|5
|
|t:|1759043284
|switch|p1a: Alomomola|Alomomola, F|100/100
|-status|p1a: Alomomola|psn
|-damage|p1a: Alomomola|88/100 psn|[from] Stealth Rock
|move|p2a: Skeledirge|Torch Song|p1a: Alomomola
|-resisted|p1a: Alomomola
|-damage|p1a: Alomomola|77/100 psn
|-boost|p2a: Skeledirge|spa|1
|
|-damage|p1a: Alomomola|65/100 psn|[from] psn
|upkeep
|turn|6
|
|t:|1759043290
|move|p2a: Skeledirge|Torch Song|p1a: Alomomola
|-resisted|p1a: Alomomola
|-damage|p1a: Alomomola|49/100 psn
|-boost|p2a: Skeledirge|spa|1
|move|p1a: Alomomola|Mirror Coat|p2a: Skeledirge
|-damage|p2a: Skeledirge|61/100
|
|-damage|p1a: Alomomola|37/100 psn|[from] psn
|upkeep
|turn|7
|
|t:|1759043306
|move|p2a: Skeledirge|Torch Song|p1a: Alomomola
|-resisted|p1a: Alomomola
|-damage|p1a: Alomomola|16/100 psn
|-boost|p2a: Skeledirge|spa|1
|move|p1a: Alomomola|Mirror Coat|p2a: Skeledirge
|-damage|p2a: Skeledirge|10/100
|
|-damage|p1a: Alomomola|4/100 psn|[from] psn
|upkeep
|turn|8
|
|t:|1759043318
|move|p2a: Skeledirge|Torch Song|p1a: Alomomola
|-resisted|p1a: Alomomola
|-damage|p1a: Alomomola|0 fnt
|-boost|p2a: Skeledirge|spa|1
|faint|p1a: Alomomola
|
|upkeep
|
|t:|1759043319
|switch|p1a: Darkrai|Darkrai|100/100
|-status|p1a: Darkrai|psn
|-damage|p1a: Darkrai|88/100 psn|[from] Stealth Rock
|turn|9
|
|t:|1759043330
|switch|p2a: Alomomola|Alomomola, M|100/100
|move|p1a: Darkrai|Dark Pulse|p2a: Alomomola
|-damage|p2a: Alomomola|53/100
|
|-damage|p1a: Darkrai|76/100 psn|[from] psn
|upkeep
|turn|10
|
|t:|1759043335
|move|p1a: Darkrai|Dark Pulse|p2a: Alomomola
|-damage|p2a: Alomomola|8/100
|cant|p2a: Alomomola|flinch
|
|-damage|p1a: Darkrai|63/100 psn|[from] psn
|upkeep
|turn|11
|
|t:|1759043342
|switch|p2a: Glimmora|Glimmora, F|14/100
|move|p1a: Darkrai|Dark Pulse|p2a: Glimmora
|-damage|p2a: Glimmora|0 fnt
|faint|p2a: Glimmora
|
|-damage|p1a: Darkrai|51/100 psn|[from] psn
|upkeep
|
|t:|1759043345
|switch|p2a: Alomomola|Alomomola, M|42/100
|turn|12
|
|t:|1759043350
|switch|p2a: Skeledirge|Skeledirge, M|10/100
|move|p1a: Darkrai|Dark Pulse|p2a: Skeledirge
|-supereffective|p2a: Skeledirge
|-damage|p2a: Skeledirge|0 fnt
|faint|p2a: Skeledirge
|
|-damage|p1a: Darkrai|38/100 psn|[from] psn
|upkeep
|
|t:|1759043353
|switch|p2a: Alomomola|Alomomola, M|75/100
|turn|13
|
|t:|1759043356
|switch|p1a: Bruxish|Bruxish, F|100/100
|-status|p1a: Bruxish|psn
|-damage|p1a: Bruxish|88/100 psn|[from] Stealth Rock
|move|p2a: Alomomola|Mirror Coat||[still]
|-fail|p2a: Alomomola
|
|-damage|p1a: Bruxish|76/100 psn|[from] psn
|upkeep
|turn|14
|
|t:|1759043362
|move|p1a: Bruxish|Psychic Fangs|p2a: Alomomola
|-damage|p2a: Alomomola|29/100
|-damage|p1a: Bruxish|59/100 psn|[from] item: Rocky Helmet|[of] p2a: Alomomola
|move|p2a: Alomomola|Flip Turn|p1a: Bruxish
|-resisted|p1a: Bruxish
|-damage|p1a: Bruxish|45/100 psn
|
|t:|1759043365
|switch|p2a: Ogerpon|Ogerpon-Wellspring, F|100/100|[from] Flip Turn
|
|-damage|p1a: Bruxish|33/100 psn|[from] psn
|upkeep
|turn|15
|
|t:|1759043375
|-terastallize|p2a: Ogerpon|Water
|detailschange|p2a: Ogerpon|Ogerpon-Wellspring-Tera, F, tera:Water
|-ability|p2a: Ogerpon|Embody Aspect (Wellspring)|boost
|-boost|p2a: Ogerpon|spd|1
|move|p2a: Ogerpon|Swords Dance|p2a: Ogerpon
|-boost|p2a: Ogerpon|atk|2
|move|p1a: Bruxish|Psychic Fangs|p2a: Ogerpon
|-damage|p2a: Ogerpon|0 fnt
|faint|p2a: Ogerpon
|detailschange|p2: Ogerpon|Ogerpon-Wellspring, F|[silent]
|
|-damage|p1a: Bruxish|21/100 psn|[from] psn
|upkeep
|
|t:|1759043381
|switch|p2a: Gholdengo|Gholdengo|100/100
|-item|p2a: Gholdengo|Air Balloon
|turn|16
|
|t:|1759043387
|move|p1a: Bruxish|Psychic Fangs|p2a: Gholdengo
|-resisted|p2a: Gholdengo
|-damage|p2a: Gholdengo|55/100
|-enditem|p2a: Gholdengo|Air Balloon
|move|p2a: Gholdengo|Shadow Ball|p1a: Bruxish
|-supereffective|p1a: Bruxish
|-damage|p1a: Bruxish|0 fnt
|faint|p1a: Bruxish
|
|upkeep
|
|t:|1759043390
|switch|p1a: Iron Treads|Iron Treads|100/100
|-damage|p1a: Iron Treads|98/100|[from] Stealth Rock
|turn|17
|-message|zhihe7019 forfeited.
|
|win|doctromat
|raw|doctromat's rating: 1210 &rarr; <strong>1235</strong><br />(+25 for winning)
|raw|zhihe7019's rating: 1215 &rarr; <strong>1190</strong><br />(-25 for losing)
|l|☆zhihe7019
|player|p2|
|l|☆doctromat
|player|p1|
