|j|☆EDUARDJAKE
|j|☆TheBeast251
|t:|1758996462
|gametype|singles
|player|p1|EDUARDJAKE|2|1162
|player|p2|TheBeast251|li|1143
|gen|9
|tier|[Gen 9] OU
|rated|
|rule|HP Percentage Mod: HP is shown in percentages
|rule|Endless Battle Clause: Forcing endless battles is banned
|rule|Species Clause: Limit one of each Pokémon
|rule|OHKO Clause: OHKO moves are banned
|rule|Evasion Items Clause: Evasion items are banned
|rule|Evasion Moves Clause: Evasion moves are banned
|rule|Evasion Abilities Clause: Evasion abilities are banned
|rule|Sleep Moves Clause: Sleep-inducing moves are banned
|clearpoke
|poke|p1|Delphox, F|
|poke|p1|Haxorus, F|
|poke|p1|Charizard, M|
|poke|p1|Walking Wake|
|poke|p1|Torkoal, M|
|poke|p1|Blaziken, M|
|poke|p2|Slaking, M|
|poke|p2|Medicham, F|
|poke|p2|Tinkaton, F|
|poke|p2|Zapdos|
|poke|p2|Exeggutor-Alola, M|
|poke|p2|Muk-Alola, M|
|teampreview
|inactive|Battle timer is ON: inactive players will automatically lose when time's up. (requested by EDUARDJAKE)
|
|t:|1758996500
|teamsize|p1|6
|teamsize|p2|6
|start
|switch|p1a: Torkoal|Torkoal, M|100/100
|switch|p2a: FacePlant|Exeggutor-Alola, M|100/100
|-item|p1a: Torkoal|Heat Rock|[from] ability: Frisk|[of] p2a: FacePlant
|-weather|SunnyDay|[from] ability: Drought|[of] p1a: Torkoal
|turn|1
|
|t:|1758996513
|move|p2a: FacePlant|Draco Meteor|p1a: Torkoal
|-damage|p1a: Torkoal|35/100
|-unboost|p2a: FacePlant|spa|2
|-enditem|p2a: FacePlant|Eject Pack
|
|t:|1758996528
|switch|p2a: Shlup|Muk-Alola, M|100/100
|move|p1a: Torkoal|Stealth Rock|p2a: Shlup
|-sidestart|p2: TheBeast251|move: Stealth Rock
|
|-weather|SunnyDay|[upkeep]
|upkeep
|turn|2
|
|t:|1758996539
|move|p2a: Shlup|Curse|p2a: Shlup
|-unboost|p2a: Shlup|spe|1
|-boost|p2a: Shlup|atk|1
|-boost|p2a: Shlup|def|1
|move|p1a: Torkoal|Lava Plume|p2a: Shlup
|-damage|p2a: Shlup|71/100
|
|-weather|SunnyDay|[upkeep]
|-heal|p2a: Shlup|77/100|[from] item: Leftovers
|upkeep
|turn|3
|
|t:|1758996547
|move|p2a: Shlup|Curse|p2a: Shlup
|-unboost|p2a: Shlup|spe|1
|-boost|p2a: Shlup|atk|1
|-boost|p2a: Shlup|def|1
|move|p1a: Torkoal|Clear Smog|p2a: Shlup
|-resisted|p2a: Shlup
|-damage|p2a: Shlup|73/100
|-clearboost|p2a: Shlup
|
|-weather|SunnyDay|[upkeep]
|-heal|p2a: Shlup|79/100|[from] item: Leftovers
|upkeep
|turn|4
|
|t:|1758996559
|switch|p1a: Blaziken|Blaziken, M|100/100
|move|p2a: Shlup|Curse|p2a: Shlup
|-unboost|p2a: Shlup|spe|1
|-boost|p2a: Shlup|atk|1
|-boost|p2a: Shlup|def|1
|
|-weather|SunnyDay|[upkeep]
|-heal|p2a: Shlup|86/100|[from] item: Leftovers
|upkeep
|turn|5
|
|t:|1758996568
|move|p1a: Blaziken|Focus Energy|p1a: Blaziken
|-start|p1a: Blaziken|move: Focus Energy
|move|p2a: Shlup|Poison Jab|p1a: Blaziken
|-damage|p1a: Blaziken|0 fnt
|faint|p1a: Blaziken
|
|-weather|SunnyDay|[upkeep]
|-heal|p2a: Shlup|92/100|[from] item: Leftovers
|upkeep
|
|t:|1758996576
|switch|p1a: Gojo|Charizard, M|100/100
|turn|6
|
|t:|1758996580
|move|p1a: Gojo|Dragon Dance|p1a: Gojo
|-boost|p1a: Gojo|atk|1
|-boost|p1a: Gojo|spe|1
|move|p2a: Shlup|Knock Off|p1a: Gojo
|-damage|p1a: Gojo|23/100
|-status|p1a: Gojo|psn|[from] ability: Poison Touch|[of] p2a: Shlup
|-enditem|p1a: Gojo|Weakness Policy|[from] move: Knock Off|[of] p2a: Shlup
|
|-weather|SunnyDay|[upkeep]
|-heal|p2a: Shlup|98/100|[from] item: Leftovers
|-damage|p1a: Gojo|10/100 psn|[from] psn
|upkeep
|turn|7
|
|t:|1758996598
|move|p1a: Gojo|Earthquake|p2a: Shlup
|-supereffective|p2a: Shlup
|-crit|p2a: Shlup
|-damage|p2a: Shlup|8/100
|move|p2a: Shlup|Curse|p2a: Shlup
|-unboost|p2a: Shlup|spe|1
|-boost|p2a: Shlup|atk|1
|-boost|p2a: Shlup|def|1
|
|-weather|SunnyDay|[upkeep]
|-heal|p2a: Shlup|14/100|[from] item: Leftovers
|-damage|p1a: Gojo|0 fnt|[from] psn
|faint|p1a: Gojo
|upkeep
|
|t:|1758996614
|switch|p1a: Marin|Delphox, F|100/100
|turn|8
|
|t:|1758996619
|move|p2a: Shlup|Shadow Sneak|p1a: Marin
|-supereffective|p1a: Marin
|-damage|p1a: Marin|21/100
|move|p1a: Marin|Flamethrower|p2a: Shlup
|-damage|p2a: Shlup|0 fnt
|faint|p2a: Shlup
|
|-weather|none
|upkeep
|
|t:|1758996641
|switch|p2a: Bread|Slaking, M|100/100
|-damage|p2a: Bread|88/100|[from] Stealth Rock
|turn|9
|
|t:|1758996655
|switch|p1a: Torkoal|Torkoal, M|35/100
|-weather|SunnyDay|[from] ability: Drought|[of] p1a: Torkoal
|move|p2a: Bread|Earthquake|p1a: Torkoal
|-supereffective|p1a: Torkoal
|-damage|p1a: Torkoal|0 fnt
|faint|p1a: Torkoal
|
|-weather|SunnyDay|[upkeep]
|upkeep
|inactive|EDUARDJAKE has 120 seconds left.
|
|t:|1758996684
|switch|p1a: Marin|Delphox, F|21/100
|turn|10
|
|t:|1758996701
|switch|p2a: AA-j|Zapdos|100/100
|-terastallize|p1a: Marin|Fire
|move|p1a: Marin|Flamethrower|p2a: AA-j
|-damage|p2a: AA-j|17/100
|
|-weather|SunnyDay|[upkeep]
|upkeep
|turn|11
|
|t:|1758996714
|move|p1a: Marin|Flamethrower|p2a: AA-j
|-damage|p2a: AA-j|0 fnt
|faint|p2a: AA-j
|
|-weather|SunnyDay|[upkeep]
|upkeep
|
|t:|1758996721
|switch|p2a: N!ppleKnee|Medicham, F, shiny|100/100
|-damage|p2a: N!ppleKnee|94/100|[from] Stealth Rock
|turn|12
|
|t:|1758996741
|move|p2a: N!ppleKnee|Ice Punch|p1a: Marin
|-resisted|p1a: Marin
|-damage|p1a: Marin|0 fnt
|faint|p1a: Marin
|
|-weather|SunnyDay|[upkeep]
|upkeep
|inactive|EDUARDJAKE has 120 seconds left.
|inactive|EDUARDJAKE has 90 seconds left.
|inactive|EDUARDJAKE has 60 seconds left.
|inactive|EDUARDJAKE has 30 seconds left.
|inactive|EDUARDJAKE has 20 seconds left.
|inactive|EDUARDJAKE has 15 seconds left.
|inactive|EDUARDJAKE has 10 seconds left.
|inactive|EDUARDJAKE has 5 seconds left.
|-message|EDUARDJAKE lost due to inactivity.
|
|win|TheBeast251
|raw|EDUARDJAKE's rating: 1162 &rarr; <strong>1136</strong><br />(-26 for losing)
|raw|TheBeast251's rating: 1143 &rarr; <strong>1169</strong><br />(+26 for winning)
|l|☆EDUARDJAKE
|player|p1|
|l|☆TheBeast251
|player|p2|
