|j|☆kpo2022
|j|☆Scuhbee-Fluff
|t:|1758960107
|gametype|singles
|player|p1|kpo2022|265|1108
|player|p2|Scuhbee-Fluff|swimmerf-gen4|1103
|gen|9
|tier|[Gen 9] OU
|rated|
|rule|HP Percentage Mod: HP is shown in percentages
|rule|Endless Battle Clause: Forcing endless battles is banned
|rule|Species Clause: Limit one of each Pokémon
|rule|OHKO Clause: OHKO moves are banned
|rule|Evasion Items Clause: Evasion items are banned
|rule|Evasion Moves Clause: Evasion moves are banned
|rule|Evasion Abilities Clause: Evasion abilities are banned
|rule|Sleep Moves Clause: Sleep-inducing moves are banned
|clearpoke
|poke|p1|Darkrai|
|poke|p1|Ting-Lu|
|poke|p1|Corviknight, F|
|poke|p1|Alomomola, F|
|poke|p1|Ceruledge, F|
|poke|p1|Blissey, F|
|poke|p2|Dragapult, M|
|poke|p2|Gholdengo|
|poke|p2|Mimikyu, F|
|poke|p2|Froslass, F|
|poke|p2|Ceruledge, F|
|poke|p2|Glimmora, M|
|teampreview
|inactive|Battle timer is ON: inactive players will automatically lose when time's up. (requested by kpo2022)
|
|t:|1758960115
|teamsize|p1|6
|teamsize|p2|6
|start
|switch|p1a: Darkrai|Darkrai|100/100
|switch|p2a: Glimmora|Glimmora, M|100/100
|turn|1
|
|t:|1758960122
|move|p1a: Darkrai|Focus Blast|p2a: Glimmora
|-damage|p2a: Glimmora|42/100
|move|p2a: Glimmora|Stealth Rock|p1a: Darkrai
|-sidestart|p1: kpo2022|move: Stealth Rock
|
|upkeep
|turn|2
|
|t:|1758960130
|move|p1a: Darkrai|Dark Pulse|p2a: Glimmora
|-damage|p2a: Glimmora|0 fnt
|faint|p2a: Glimmora
|
|upkeep
|
|t:|1758960142
|switch|p2a: Goofy|Mimikyu, F|100/100
|turn|3
|
|t:|1758960159
|switch|p1a: Corviknight|Corviknight, F|100/100
|-damage|p1a: Corviknight|88/100|[from] Stealth Rock
|move|p2a: Goofy|Play Rough|p1a: Corviknight
|-resisted|p1a: Corviknight
|-damage|p1a: Corviknight|73/100
|-damage|p2a: Goofy|84/100|[from] item: Rocky Helmet|[of] p1a: Corviknight
|-damage|p2a: Goofy|74/100|[from] item: Life Orb
|
|upkeep
|turn|4
|
|t:|1758960173
|move|p2a: Goofy|Swords Dance|p2a: Goofy
|-boost|p2a: Goofy|atk|2
|move|p1a: Corviknight|Defog|p2a: Goofy
|-unboost|p2a: Goofy|evasion|1
|-sideend|p1: kpo2022|Stealth Rock|[from] move: Defog|[of] p1a: Corviknight
|
|upkeep
|turn|5
|
|t:|1758960183
|move|p2a: Goofy|Drain Punch|p1a: Corviknight
|-damage|p1a: Corviknight|39/100
|-heal|p2a: Goofy|100/100|[from] drain|[of] p1a: Corviknight
|-damage|p2a: Goofy|84/100|[from] item: Rocky Helmet|[of] p1a: Corviknight
|-damage|p2a: Goofy|74/100|[from] item: Life Orb
|move|p1a: Corviknight|Air Slash|p2a: Goofy
|-activate|p2a: Goofy|ability: Disguise
|-damage|p2a: Goofy|74/100
|detailschange|p2a: Goofy|Mimikyu-Busted, F
|-damage|p2a: Goofy|62/100|[from] pokemon: Mimikyu-Busted
|
|upkeep
|turn|6
|
|t:|1758960198
|switch|p1a: Alomomola|Alomomola, F|100/100
|move|p2a: Goofy|Drain Punch|p1a: Alomomola
|-damage|p1a: Alomomola|73/100
|-heal|p2a: Goofy|91/100|[from] drain|[of] p1a: Alomomola
|-damage|p2a: Goofy|75/100|[from] item: Rocky Helmet|[of] p1a: Alomomola
|-damage|p2a: Goofy|65/100|[from] item: Life Orb
|
|upkeep
|turn|7
|
|t:|1758960211
|move|p2a: Goofy|Swords Dance|p2a: Goofy
|-boost|p2a: Goofy|atk|2
|move|p1a: Alomomola|Flip Turn|p2a: Goofy
|-damage|p2a: Goofy|38/100
|
|t:|1758960218
|switch|p1a: Ceruledge|Ceruledge, F|100/100|[from] Flip Turn
|
|upkeep
|turn|8
|
|t:|1758960224
|move|p1a: Ceruledge|Shadow Sneak|p2a: Goofy
|-supereffective|p2a: Goofy
|-damage|p2a: Goofy|0 fnt
|faint|p2a: Goofy
|
|upkeep
|
|t:|1758960233
|switch|p2a: Speedy|Dragapult, M|100/100
|turn|9
|
|t:|1758960244
|move|p1a: Ceruledge|Shadow Sneak|p2a: Speedy
|-supereffective|p2a: Speedy
|-damage|p2a: Speedy|47/100
|move|p2a: Speedy|Dragon Darts|p1a: Ceruledge
|-damage|p1a: Ceruledge|70/100
|-anim|p2a: Speedy|Dragon Darts|p1a: Ceruledge
|-damage|p1a: Ceruledge|38/100
|
|upkeep
|turn|10
|
|t:|1758960256
|switch|p2a: Pointy|Ceruledge, F, shiny|100/100
|move|p1a: Ceruledge|Shadow Sneak|p2a: Pointy
|-supereffective|p2a: Pointy
|-damage|p2a: Pointy|39/100
|-ability|p2a: Pointy|Weak Armor|boost
|-unboost|p2a: Pointy|def|1
|-boost|p2a: Pointy|spe|2
|
|upkeep
|turn|11
|
|t:|1758960277
|switch|p1a: Alomomola|Alomomola, F|100/100
|move|p2a: Pointy|Shadow Sneak|p1a: Alomomola
|-damage|p1a: Alomomola|89/100
|-damage|p2a: Pointy|22/100|[from] item: Rocky Helmet|[of] p1a: Alomomola
|
|upkeep
|turn|12
|
|t:|1758960287
|switch|p2a: Speedy|Dragapult, M|47/100
|move|p1a: Alomomola|Wish|p1a: Alomomola
|
|upkeep
|turn|13
|
|t:|1758960294
|move|p2a: Speedy|Will-O-Wisp|p1a: Alomomola|[miss]
|-miss|p2a: Speedy|p1a: Alomomola
|move|p1a: Alomomola|Flip Turn|p2a: Speedy
|-resisted|p2a: Speedy
|-damage|p2a: Speedy|36/100
|
|t:|1758960301
|switch|p1a: Ceruledge|Ceruledge, F|38/100|[from] Flip Turn
|
|-heal|p1a: Ceruledge|100/100|[from] move: Wish|[wisher] Alomomola
|upkeep
|turn|14
|
|t:|1758960315
|move|p1a: Ceruledge|Poltergeist|p2a: Speedy
|-activate|p2a: Speedy|move: Poltergeist|Heavy-Duty Boots
|-supereffective|p2a: Speedy
|-damage|p2a: Speedy|0 fnt
|faint|p2a: Speedy
|
|upkeep
|
|t:|1758960320
|switch|p2a: Babushki|Froslass, F|100/100
|turn|15
|
|t:|1758960324
|move|p2a: Babushki|Shadow Ball|p1a: Ceruledge
|-supereffective|p1a: Ceruledge
|-crit|p1a: Ceruledge
|-damage|p1a: Ceruledge|0 fnt
|faint|p1a: Ceruledge
|
|upkeep
|
|t:|1758960340
|switch|p1a: Ting-Lu|Ting-Lu|100/100
|-ability|p1a: Ting-Lu|Vessel of Ruin
|turn|16
|
|t:|1758960346
|switch|p2a: Pointy|Ceruledge, F, shiny|22/100
|move|p1a: Ting-Lu|Stealth Rock|p2a: Pointy
|-sidestart|p2: Scuhbee-Fluff|move: Stealth Rock
|
|upkeep
|turn|17
|
|t:|1758960353
|move|p2a: Pointy|Bitter Blade|p1a: Ting-Lu
|-damage|p1a: Ting-Lu|76/100
|-heal|p2a: Pointy|44/100|[from] drain|[of] p1a: Ting-Lu
|move|p1a: Ting-Lu|Spikes|p2a: Pointy
|-sidestart|p2: Scuhbee-Fluff|Spikes
|
|-heal|p1a: Ting-Lu|82/100|[from] item: Leftovers
|upkeep
|turn|18
|
|t:|1758960362
|switch|p1a: Alomomola|Alomomola, F|100/100
|move|p2a: Pointy|Swords Dance|p2a: Pointy
|-boost|p2a: Pointy|atk|2
|
|upkeep
|turn|19
|
|t:|1758960369
|move|p2a: Pointy|Poltergeist|p1a: Alomomola
|-activate|p1a: Alomomola|move: Poltergeist|Rocky Helmet
|-damage|p1a: Alomomola|41/100
|move|p1a: Alomomola|Flip Turn|p2a: Pointy
|-supereffective|p2a: Pointy
|-damage|p2a: Pointy|0 fnt
|faint|p2a: Pointy
|
|t:|1758960382
|switch|p1a: Darkrai|Darkrai|100/100|[from] Flip Turn
|
|upkeep
|
|t:|1758960390
|switch|p2a: Cheesy|Gholdengo, shiny|100/100
|-damage|p2a: Cheesy|94/100|[from] Stealth Rock
|-item|p2a: Cheesy|Air Balloon
|turn|20
|
|t:|1758960402
|-terastallize|p1a: Darkrai|Dark
|-terastallize|p2a: Cheesy|Fairy
|move|p1a: Darkrai|Dark Pulse|p2a: Cheesy
|-resisted|p2a: Cheesy
|-damage|p2a: Cheesy|71/100
|-enditem|p2a: Cheesy|Air Balloon
|move|p2a: Cheesy|Nasty Plot|p2a: Cheesy
|-boost|p2a: Cheesy|spa|2
|
|upkeep
|turn|21
|
|t:|1758960421
|switch|p1a: Blissey|Blissey, F|100/100
|move|p2a: Cheesy|Recover|p2a: Cheesy
|-heal|p2a: Cheesy|100/100
|
|upkeep
|turn|22
|
|t:|1758960436
|move|p2a: Cheesy|Nasty Plot|p2a: Cheesy
|-boost|p2a: Cheesy|spa|2
|move|p1a: Blissey|Seismic Toss|p2a: Cheesy
|-damage|p2a: Cheesy|74/100
|
|upkeep
|turn|23
|
|t:|1758960444
|move|p2a: Cheesy|Make It Rain|p1a: Blissey
|-damage|p1a: Blissey|55/100
|-unboost|p2a: Cheesy|spa|1
|move|p1a: Blissey|Seismic Toss|p2a: Cheesy
|-damage|p2a: Cheesy|48/100
|
|-heal|p1a: Blissey|62/100|[from] item: Leftovers
|upkeep
|turn|24
|
|t:|1758960455
|move|p1a: Blissey|Protect|p1a: Blissey
|-singleturn|p1a: Blissey|Protect
|move|p2a: Cheesy|Make It Rain|p1a: Blissey
|-activate|p1a: Blissey|move: Protect
|
|-heal|p1a: Blissey|68/100|[from] item: Leftovers
|upkeep
|turn|25
|
|t:|1758960464
|move|p2a: Cheesy|Recover|p2a: Cheesy
|-heal|p2a: Cheesy|98/100
|move|p1a: Blissey|Seismic Toss|p2a: Cheesy
|-damage|p2a: Cheesy|71/100
|
|-heal|p1a: Blissey|74/100|[from] item: Leftovers
|upkeep
|turn|26
|
|t:|1758960473
|move|p2a: Cheesy|Nasty Plot|p2a: Cheesy
|-boost|p2a: Cheesy|spa|2
|move|p1a: Blissey|Seismic Toss|p2a: Cheesy
|-damage|p2a: Cheesy|45/100
|
|-heal|p1a: Blissey|80/100|[from] item: Leftovers
|upkeep
|turn|27
|
|t:|1758960482
|move|p2a: Cheesy|Recover|p2a: Cheesy
|-heal|p2a: Cheesy|95/100
|move|p1a: Blissey|Seismic Toss|p2a: Cheesy
|-damage|p2a: Cheesy|68/100
|
|-heal|p1a: Blissey|86/100|[from] item: Leftovers
|upkeep
|turn|28
|
|t:|1758960494
|move|p2a: Cheesy|Make It Rain|p1a: Blissey
|-damage|p1a: Blissey|36/100
|-unboost|p2a: Cheesy|spa|1
|move|p1a: Blissey|Seismic Toss|p2a: Cheesy
|-damage|p2a: Cheesy|42/100
|
|-heal|p1a: Blissey|42/100|[from] item: Leftovers
|upkeep
|turn|29
|
|t:|1758960505
|move|p2a: Cheesy|Recover|p2a: Cheesy
|-heal|p2a: Cheesy|92/100
|move|p1a: Blissey|Soft-Boiled|p1a: Blissey
|-heal|p1a: Blissey|92/100
|
|-heal|p1a: Blissey|99/100|[from] item: Leftovers
|upkeep
|turn|30
|
|t:|1758960516
|switch|p1a: Ting-Lu|Ting-Lu|82/100
|-ability|p1a: Ting-Lu|Vessel of Ruin
|move|p2a: Cheesy|Nasty Plot|p2a: Cheesy
|-boost|p2a: Cheesy|spa|2
|
|-heal|p1a: Ting-Lu|88/100|[from] item: Leftovers
|upkeep
|turn|31
|
|t:|1758960525
|move|p2a: Cheesy|Make It Rain|p1a: Ting-Lu
|-damage|p1a: Ting-Lu|0 fnt
|-unboost|p2a: Cheesy|spa|1
|faint|p1a: Ting-Lu
|
|upkeep
|
|t:|1758960534
|switch|p1a: Darkrai|Darkrai, tera:Dark|100/100
|turn|32
|
|t:|1758960539
|move|p1a: Darkrai|Dark Pulse|p2a: Cheesy
|-resisted|p2a: Cheesy
|-damage|p2a: Cheesy|71/100
|move|p2a: Cheesy|Make It Rain|p1a: Darkrai
|-damage|p1a: Darkrai|0 fnt
|-unboost|p2a: Cheesy|spa|1
|faint|p1a: Darkrai
|
|upkeep
|
|t:|1758960543
|switch|p1a: Blissey|Blissey, F|99/100
|turn|33
|-message|kpo2022 forfeited.
|
|win|Scuhbee-Fluff
|raw|kpo2022's rating: 1108 &rarr; <strong>1083</strong><br />(-25 for losing)
|raw|Scuhbee-Fluff's rating: 1103 &rarr; <strong>1128</strong><br />(+25 for winning)
|l|☆kpo2022
|player|p1|
|l|☆Scuhbee-Fluff
|player|p2|
