|j|☆JorgoBarbas
|j|☆ohjeebus
|t:|1758969163
|gametype|singles
|player|p1|JorgoBarbas|265|1529
|player|p2|ohjeebus|koga|1539
|gen|9
|tier|[Gen 9] OU
|rated|
|rule|HP Percentage Mod: HP is shown in percentages
|rule|Endless Battle Clause: Forcing endless battles is banned
|rule|Species Clause: Limit one of each Pokémon
|rule|OHKO Clause: OHKO moves are banned
|rule|Evasion Items Clause: Evasion items are banned
|rule|Evasion Moves Clause: Evasion moves are banned
|rule|Evasion Abilities Clause: Evasion abilities are banned
|rule|Sleep Moves Clause: Sleep-inducing moves are banned
|clearpoke
|poke|p1|Dragapult, F|
|poke|p1|Cinderace, M|
|poke|p1|Scizor, F|
|poke|p1|Rillaboom, F|
|poke|p1|Samurott-Hisui, M|
|poke|p1|Great Tusk|
|poke|p2|Golem, F|
|poke|p2|Gholdengo|
|poke|p2|Cinderace, M|
|poke|p2|Alomomola, M|
|poke|p2|Samurott-Hisui, F|
|poke|p2|Raging Bolt|
|teampreview
|inactive|Battle timer is ON: inactive players will automatically lose when time's up. (requested by ohjeebus)
|
|t:|1758969172
|teamsize|p1|6
|teamsize|p2|6
|start
|switch|p1a: Rillaboom|Rillaboom, F|100/100
|switch|p2a: Golem|Golem, F|100/100
|-fieldstart|move: Grassy Terrain|[from] ability: Grassy Surge|[of] p1a: Rillaboom
|turn|1
|
|t:|1758969178
|move|p1a: Rillaboom|Fake Out|p2a: Golem
|-resisted|p2a: Golem
|-damage|p2a: Golem|93/100
|cant|p2a: Golem|flinch
|
|-heal|p2a: Golem|99/100|[from] Grassy Terrain
|upkeep
|turn|2
|
|t:|1758969185
|switch|p2a: Cinderace|Cinderace, M|100/100
|move|p1a: Rillaboom|Grassy Glide|p2a: Cinderace
|-resisted|p2a: Cinderace
|-damage|p2a: Cinderace|70/100
|
|-heal|p2a: Cinderace|76/100|[from] Grassy Terrain
|upkeep
|turn|3
|
|t:|1758969189
|switch|p1a: Great Tusk|Great Tusk|100/100
|move|p2a: Cinderace|U-turn|p1a: Great Tusk
|-resisted|p1a: Great Tusk
|-damage|p1a: Great Tusk|95/100
|
|t:|1758969194
|switch|p2a: Samurott|Samurott-Hisui, F|100/100|[from] U-turn
|
|-heal|p1a: Great Tusk|100/100|[from] Grassy Terrain
|upkeep
|turn|4
|
|t:|1758969200
|move|p2a: Samurott|Ceaseless Edge|p1a: Great Tusk
|-resisted|p1a: Great Tusk
|-damage|p1a: Great Tusk|86/100
|-sidestart|p1: JorgoBarbas|Spikes
|move|p1a: Great Tusk|Knock Off|p2a: Samurott
|-resisted|p2a: Samurott
|-damage|p2a: Samurott|83/100
|-enditem|p2a: Samurott|Heavy-Duty Boots|[from] move: Knock Off|[of] p1a: Great Tusk
|
|-heal|p2a: Samurott|89/100|[from] Grassy Terrain
|-heal|p1a: Great Tusk|92/100|[from] Grassy Terrain
|-heal|p1a: Great Tusk|99/100|[from] item: Leftovers
|upkeep
|turn|5
|
|t:|1758969206
|move|p2a: Samurott|Swords Dance|p2a: Samurott
|-boost|p2a: Samurott|atk|2
|move|p1a: Great Tusk|Rapid Spin|p2a: Samurott
|-damage|p2a: Samurott|71/100
|-boost|p1a: Great Tusk|spe|1
|-sideend|p1: JorgoBarbas|Spikes|[from] move: Rapid Spin|[of] p1a: Great Tusk
|
|-heal|p1a: Great Tusk|100/100|[from] Grassy Terrain
|-heal|p2a: Samurott|77/100|[from] Grassy Terrain
|-fieldend|move: Grassy Terrain
|upkeep
|turn|6
|
|t:|1758969220
|move|p1a: Great Tusk|Headlong Rush|p2a: Samurott
|-damage|p2a: Samurott|8/100
|-unboost|p1a: Great Tusk|def|1
|-unboost|p1a: Great Tusk|spd|1
|move|p2a: Samurott|Ceaseless Edge|p1a: Great Tusk
|-resisted|p1a: Great Tusk
|-damage|p1a: Great Tusk|58/100
|-sidestart|p1: JorgoBarbas|Spikes
|
|-heal|p1a: Great Tusk|64/100|[from] item: Leftovers
|upkeep
|turn|7
|
|t:|1758969226
|move|p2a: Samurott|Sucker Punch|p1a: Great Tusk
|-resisted|p1a: Great Tusk
|-damage|p1a: Great Tusk|36/100
|move|p1a: Great Tusk|Rapid Spin|p2a: Samurott
|-damage|p2a: Samurott|0 fnt
|-boost|p1a: Great Tusk|spe|1
|-sideend|p1: JorgoBarbas|Spikes|[from] move: Rapid Spin|[of] p1a: Great Tusk
|faint|p2a: Samurott
|
|-heal|p1a: Great Tusk|42/100|[from] item: Leftovers
|upkeep
|
|t:|1758969231
|switch|p2a: Alomomola|Alomomola, M|100/100
|turn|8
|
|t:|1758969236
|move|p1a: Great Tusk|Stealth Rock|p2a: Alomomola
|-sidestart|p2: ohjeebus|move: Stealth Rock
|move|p2a: Alomomola|Wish|p2a: Alomomola
|
|-heal|p1a: Great Tusk|48/100|[from] item: Leftovers
|upkeep
|turn|9
|
|t:|1758969249
|switch|p2a: Golem|Golem, F|99/100
|-damage|p2a: Golem|93/100|[from] Stealth Rock
|move|p1a: Great Tusk|Knock Off|p2a: Golem
|-damage|p2a: Golem|68/100
|-enditem|p2a: Golem|Custap Berry|[from] move: Knock Off|[of] p1a: Great Tusk
|
|-heal|p2a: Golem|100/100|[from] move: Wish|[wisher] Alomomola
|-heal|p1a: Great Tusk|55/100|[from] item: Leftovers
|upkeep
|turn|10
|
|t:|1758969259
|-end|p1a: Great Tusk|Protosynthesis|[silent]
|switch|p1a: Rillaboom|Rillaboom, F|100/100
|-fieldstart|move: Grassy Terrain|[from] ability: Grassy Surge|[of] p1a: Rillaboom
|move|p2a: Golem|Stealth Rock|p1a: Rillaboom
|-sidestart|p1: JorgoBarbas|move: Stealth Rock
|
|upkeep
|turn|11
|
|t:|1758969268
|switch|p2a: Cinderace|Cinderace, M|76/100
|move|p1a: Rillaboom|Wood Hammer|p2a: Cinderace
|-resisted|p2a: Cinderace
|-damage|p2a: Cinderace|19/100
|-damage|p1a: Rillaboom|84/100|[from] Recoil
|
|-heal|p2a: Cinderace|25/100|[from] Grassy Terrain
|-heal|p1a: Rillaboom|90/100|[from] Grassy Terrain
|upkeep
|turn|12
|
|t:|1758969273
|move|p1a: Rillaboom|Grassy Glide|p2a: Cinderace
|-resisted|p2a: Cinderace
|-damage|p2a: Cinderace|0 fnt
|faint|p2a: Cinderace
|
|-heal|p1a: Rillaboom|96/100|[from] Grassy Terrain
|upkeep
|
|t:|1758969278
|switch|p2a: Raging Bolt|Raging Bolt|100/100
|turn|13
|
|t:|1758969282
|move|p2a: Raging Bolt|Calm Mind|p2a: Raging Bolt
|-boost|p2a: Raging Bolt|spa|1
|-boost|p2a: Raging Bolt|spd|1
|move|p1a: Rillaboom|U-turn|p2a: Raging Bolt
|-damage|p2a: Raging Bolt|76/100
|
|t:|1758969290
|switch|p1a: Great Tusk|Great Tusk|55/100|[from] U-turn
|-damage|p1a: Great Tusk|52/100|[from] Stealth Rock
|
|-heal|p2a: Raging Bolt|82/100|[from] Grassy Terrain
|-heal|p1a: Great Tusk|58/100|[from] Grassy Terrain
|-heal|p1a: Great Tusk|64/100|[from] item: Leftovers
|upkeep
|turn|14
|
|t:|1758969297
|move|p2a: Raging Bolt|Dragon Pulse|p1a: Great Tusk
|-damage|p1a: Great Tusk|11/100
|move|p1a: Great Tusk|Rapid Spin|p2a: Raging Bolt
|-damage|p2a: Raging Bolt|68/100
|-boost|p1a: Great Tusk|spe|1
|-sideend|p1: JorgoBarbas|Stealth Rock|[from] move: Rapid Spin|[of] p1a: Great Tusk
|
|-heal|p1a: Great Tusk|17/100|[from] Grassy Terrain
|-heal|p1a: Great Tusk|24/100|[from] item: Leftovers
|-heal|p2a: Raging Bolt|74/100|[from] Grassy Terrain
|-fieldend|move: Grassy Terrain
|upkeep
|turn|15
|
|t:|1758969302
|-end|p2a: Raging Bolt|Protosynthesis|[silent]
|switch|p2a: Alomomola|Alomomola, M|100/100
|move|p1a: Great Tusk|Headlong Rush|p2a: Alomomola
|-damage|p2a: Alomomola|71/100
|-unboost|p1a: Great Tusk|def|1
|-unboost|p1a: Great Tusk|spd|1
|
|-heal|p1a: Great Tusk|30/100|[from] item: Leftovers
|upkeep
|turn|16
|
|t:|1758969311
|move|p1a: Great Tusk|Knock Off|p2a: Alomomola
|-damage|p2a: Alomomola|57/100
|-enditem|p2a: Alomomola|Heavy-Duty Boots|[from] move: Knock Off|[of] p1a: Great Tusk
|move|p2a: Alomomola|Wish|p2a: Alomomola
|
|-heal|p1a: Great Tusk|36/100|[from] item: Leftovers
|upkeep
|turn|17
|
|t:|1758969318
|move|p1a: Great Tusk|Headlong Rush|p2a: Alomomola
|-damage|p2a: Alomomola|32/100
|-unboost|p1a: Great Tusk|def|1
|-unboost|p1a: Great Tusk|spd|1
|move|p2a: Alomomola|Icy Wind|p1a: Great Tusk|[miss]
|-miss|p2a: Alomomola|p1a: Great Tusk
|
|-heal|p2a: Alomomola|82/100|[from] move: Wish|[wisher] Alomomola
|-heal|p1a: Great Tusk|42/100|[from] item: Leftovers
|upkeep
|turn|18
|
|t:|1758969327
|-end|p1a: Great Tusk|Protosynthesis|[silent]
|switch|p1a: Samurott|Samurott-Hisui, M|100/100
|move|p2a: Alomomola|Wish|p2a: Alomomola
|
|upkeep
|turn|19
|
|t:|1758969334
|move|p1a: Samurott|Flip Turn|p2a: Alomomola
|-resisted|p2a: Alomomola
|-damage|p2a: Alomomola|73/100
|
|t:|1758969337
|switch|p1a: Rillaboom|Rillaboom, F|96/100|[from] Flip Turn
|-fieldstart|move: Grassy Terrain|[from] ability: Grassy Surge|[of] p1a: Rillaboom
|move|p2a: Alomomola|Scald|p1a: Rillaboom
|-resisted|p1a: Rillaboom
|-damage|p1a: Rillaboom|89/100
|-status|p1a: Rillaboom|brn
|
|-heal|p2a: Alomomola|100/100|[from] move: Wish|[wisher] Alomomola
|-heal|p1a: Rillaboom|95/100 brn|[from] Grassy Terrain
|-damage|p1a: Rillaboom|89/100 brn|[from] brn
|upkeep
|turn|20
|
|t:|1758969343
|move|p1a: Rillaboom|Wood Hammer|p2a: Alomomola
|-supereffective|p2a: Alomomola
|-damage|p2a: Alomomola|49/100
|-damage|p1a: Rillaboom|66/100 brn|[from] Recoil
|move|p2a: Alomomola|Wish|p2a: Alomomola
|
|-heal|p1a: Rillaboom|72/100 brn|[from] Grassy Terrain
|-heal|p2a: Alomomola|55/100|[from] Grassy Terrain
|-damage|p1a: Rillaboom|66/100 brn|[from] brn
|upkeep
|turn|21
|
|t:|1758969354
|move|p2a: Alomomola|Protect|p2a: Alomomola
|-singleturn|p2a: Alomomola|Protect
|move|p1a: Rillaboom|Wood Hammer|p2a: Alomomola
|-activate|p2a: Alomomola|move: Protect
|
|-heal|p2a: Alomomola|100/100|[from] move: Wish|[wisher] Alomomola
|-heal|p1a: Rillaboom|72/100 brn|[from] Grassy Terrain
|-damage|p1a: Rillaboom|66/100 brn|[from] brn
|upkeep
|turn|22
|
|t:|1758969356
|move|p1a: Rillaboom|U-turn|p2a: Alomomola
|-damage|p2a: Alomomola|94/100
|
|t:|1758969359
|switch|p1a: Dragapult|Dragapult, F|100/100|[from] U-turn
|move|p2a: Alomomola|Wish|p2a: Alomomola
|
|-heal|p2a: Alomomola|99/100|[from] Grassy Terrain
|upkeep
|turn|23
|
|t:|1758969364
|switch|p2a: Golem|Golem, F|100/100
|-damage|p2a: Golem|95/100|[from] Stealth Rock
|move|p1a: Dragapult|Shadow Ball|p2a: Golem
|-damage|p2a: Golem|18/100
|-unboost|p2a: Golem|spd|1
|
|-heal|p2a: Golem|100/100|[from] move: Wish|[wisher] Alomomola
|-fieldend|move: Grassy Terrain
|upkeep
|turn|24
|
|t:|1758969373
|switch|p1a: Rillaboom|Rillaboom, F|66/100 brn
|-fieldstart|move: Grassy Terrain|[from] ability: Grassy Surge|[of] p1a: Rillaboom
|move|p2a: Golem|Stealth Rock|p1a: Rillaboom
|-sidestart|p1: JorgoBarbas|move: Stealth Rock
|
|-heal|p1a: Rillaboom|72/100 brn|[from] Grassy Terrain
|-damage|p1a: Rillaboom|66/100 brn|[from] brn
|upkeep
|turn|25
|
|t:|1758969382
|switch|p2a: Gholdengo|Gholdengo|100/100
|-damage|p2a: Gholdengo|94/100|[from] Stealth Rock
|move|p1a: Rillaboom|Wood Hammer|p2a: Gholdengo
|-resisted|p2a: Gholdengo
|-damage|p2a: Gholdengo|77/100
|-damage|p1a: Rillaboom|61/100 brn|[from] Recoil
|
|-heal|p2a: Gholdengo|83/100|[from] Grassy Terrain
|-heal|p2a: Gholdengo|89/100|[from] item: Leftovers
|-heal|p1a: Rillaboom|67/100 brn|[from] Grassy Terrain
|-damage|p1a: Rillaboom|61/100 brn|[from] brn
|upkeep
|turn|26
|
|t:|1758969388
|move|p2a: Gholdengo|Nasty Plot|p2a: Gholdengo
|-boost|p2a: Gholdengo|spa|2
|move|p1a: Rillaboom|U-turn|p2a: Gholdengo
|-resisted|p2a: Gholdengo
|-damage|p2a: Gholdengo|87/100
|
|t:|1758969390
|switch|p1a: Cinderace|Cinderace, M|100/100|[from] U-turn
|-damage|p1a: Cinderace|76/100|[from] Stealth Rock
|
|-heal|p1a: Cinderace|82/100|[from] Grassy Terrain
|-heal|p2a: Gholdengo|93/100|[from] Grassy Terrain
|-heal|p2a: Gholdengo|99/100|[from] item: Leftovers
|upkeep
|turn|27
|
|t:|1758969399
|switch|p2a: Alomomola|Alomomola, M|100/100
|-damage|p2a: Alomomola|88/100|[from] Stealth Rock
|move|p1a: Cinderace|Pyro Ball|p2a: Alomomola
|-resisted|p2a: Alomomola
|-damage|p2a: Alomomola|67/100
|
|-heal|p1a: Cinderace|88/100|[from] Grassy Terrain
|-heal|p2a: Alomomola|73/100|[from] Grassy Terrain
|upkeep
|turn|28
|
|t:|1758969405
|switch|p1a: Samurott|Samurott-Hisui, M|100/100
|-damage|p1a: Samurott|88/100|[from] Stealth Rock
|move|p2a: Alomomola|Scald|p1a: Samurott
|-resisted|p1a: Samurott
|-damage|p1a: Samurott|78/100
|-status|p1a: Samurott|brn
|
|-heal|p1a: Samurott|84/100 brn|[from] Grassy Terrain
|-heal|p2a: Alomomola|79/100|[from] Grassy Terrain
|-damage|p1a: Samurott|78/100 brn|[from] brn
|-fieldend|move: Grassy Terrain
|upkeep
|turn|29
|
|t:|1758969407
|move|p1a: Samurott|Ceaseless Edge|p2a: Alomomola|[miss]
|-miss|p1a: Samurott|p2a: Alomomola
|move|p2a: Alomomola|Wish|p2a: Alomomola
|
|-damage|p1a: Samurott|72/100 brn|[from] brn
|upkeep
|turn|30
|
|t:|1758969410
|switch|p2a: Golem|Golem, F|100/100
|-damage|p2a: Golem|95/100|[from] Stealth Rock
|move|p1a: Samurott|Ceaseless Edge|p2a: Golem
|-damage|p2a: Golem|74/100
|-sidestart|p2: ohjeebus|Spikes
|
|-heal|p2a: Golem|100/100|[from] move: Wish|[wisher] Alomomola
|-damage|p1a: Samurott|65/100 brn|[from] brn
|upkeep
|turn|31
|
|t:|1758969415
|move|p1a: Samurott|Ceaseless Edge|p2a: Golem
|-damage|p2a: Golem|77/100
|-sidestart|p2: ohjeebus|Spikes
|move|p2a: Golem|Earthquake|p1a: Samurott
|-damage|p1a: Samurott|0 fnt
|faint|p1a: Samurott
|
|upkeep
|
|t:|1758969421
|switch|p1a: Rillaboom|Rillaboom, F|61/100 brn
|-damage|p1a: Rillaboom|48/100 brn|[from] Stealth Rock
|-fieldstart|move: Grassy Terrain|[from] ability: Grassy Surge|[of] p1a: Rillaboom
|turn|32
|
|t:|1758969424
|switch|p2a: Alomomola|Alomomola, M|100/100
|-damage|p2a: Alomomola|88/100|[from] Stealth Rock
|-damage|p2a: Alomomola|71/100|[from] Spikes
|move|p1a: Rillaboom|Wood Hammer|p2a: Alomomola
|-supereffective|p2a: Alomomola
|-damage|p2a: Alomomola|14/100
|-damage|p1a: Rillaboom|23/100 brn|[from] Recoil
|
|-heal|p1a: Rillaboom|29/100 brn|[from] Grassy Terrain
|-heal|p2a: Alomomola|20/100|[from] Grassy Terrain
|-damage|p1a: Rillaboom|23/100 brn|[from] brn
|upkeep
|turn|33
|
|t:|1758969433
|move|p2a: Alomomola|Protect|p2a: Alomomola
|-singleturn|p2a: Alomomola|Protect
|move|p1a: Rillaboom|Wood Hammer|p2a: Alomomola
|-activate|p2a: Alomomola|move: Protect
|
|-heal|p1a: Rillaboom|29/100 brn|[from] Grassy Terrain
|-heal|p2a: Alomomola|26/100|[from] Grassy Terrain
|-damage|p1a: Rillaboom|23/100 brn|[from] brn
|upkeep
|turn|34
|
|t:|1758969437
|switch|p2a: Golem|Golem, F|77/100
|-damage|p2a: Golem|71/100|[from] Stealth Rock
|-damage|p2a: Golem|54/100|[from] Spikes
|move|p1a: Rillaboom|U-turn|p2a: Golem
|-damage|p2a: Golem|41/100
|
|t:|1758969452
|switch|p1a: Great Tusk|Great Tusk|42/100|[from] U-turn
|-damage|p1a: Great Tusk|39/100|[from] Stealth Rock
|
|-heal|p1a: Great Tusk|46/100|[from] Grassy Terrain
|-heal|p1a: Great Tusk|52/100|[from] item: Leftovers
|-heal|p2a: Golem|47/100|[from] Grassy Terrain
|upkeep
|turn|35
|
|t:|1758969455
|move|p1a: Great Tusk|Headlong Rush|p2a: Golem
|-supereffective|p2a: Golem
|-damage|p2a: Golem|0 fnt
|-unboost|p1a: Great Tusk|def|1
|-unboost|p1a: Great Tusk|spd|1
|faint|p2a: Golem
|
|-heal|p1a: Great Tusk|58/100|[from] Grassy Terrain
|-heal|p1a: Great Tusk|64/100|[from] item: Leftovers
|upkeep
|
|t:|1758969459
|switch|p2a: Gholdengo|Gholdengo|99/100
|-damage|p2a: Gholdengo|93/100|[from] Stealth Rock
|-damage|p2a: Gholdengo|76/100|[from] Spikes
|turn|36
|
|t:|1758969470
|-end|p1a: Great Tusk|Protosynthesis|[silent]
|switch|p1a: Rillaboom|Rillaboom, F|23/100 brn
|-damage|p1a: Rillaboom|10/100 brn|[from] Stealth Rock
|move|p2a: Gholdengo|Make It Rain|p1a: Rillaboom
|-damage|p1a: Rillaboom|0 fnt
|-unboost|p2a: Gholdengo|spa|1
|faint|p1a: Rillaboom
|
|-heal|p2a: Gholdengo|82/100|[from] Grassy Terrain
|-heal|p2a: Gholdengo|88/100|[from] item: Leftovers
|-fieldend|move: Grassy Terrain
|upkeep
|
|t:|1758969476
|switch|p1a: Dragapult|Dragapult, F|100/100
|-damage|p1a: Dragapult|88/100|[from] Stealth Rock
|turn|37
|
|t:|1758969481
|switch|p2a: Alomomola|Alomomola, M|59/100
|-damage|p2a: Alomomola|47/100|[from] Stealth Rock
|-damage|p2a: Alomomola|30/100|[from] Spikes
|move|p1a: Dragapult|Shadow Ball|p2a: Alomomola
|-damage|p2a: Alomomola|0 fnt
|faint|p2a: Alomomola
|
|upkeep
|
|t:|1758969485
|switch|p2a: Raging Bolt|Raging Bolt|74/100
|turn|38
|
|t:|1758969493
|move|p1a: Dragapult|Shadow Ball|p2a: Raging Bolt
|-damage|p2a: Raging Bolt|21/100
|move|p2a: Raging Bolt|Dragon Pulse|p1a: Dragapult
|-supereffective|p1a: Dragapult
|-damage|p1a: Dragapult|0 fnt
|faint|p1a: Dragapult
|
|upkeep
|
|t:|1758969504
|switch|p1a: Scizor|Scizor, F|100/100
|-damage|p1a: Scizor|88/100|[from] Stealth Rock
|turn|39
|
|t:|1758969508
|move|p1a: Scizor|Bullet Punch|p2a: Raging Bolt
|-resisted|p2a: Raging Bolt
|-damage|p2a: Raging Bolt|0 fnt
|faint|p2a: Raging Bolt
|-end|p2a: Raging Bolt|Protosynthesis|[silent]
|
|upkeep
|
|t:|1758969511
|switch|p2a: Gholdengo|Gholdengo|88/100
|-damage|p2a: Gholdengo|82/100|[from] Stealth Rock
|-damage|p2a: Gholdengo|66/100|[from] Spikes
|turn|40
|
|t:|1758969518
|switch|p1a: Cinderace|Cinderace, M|88/100
|-damage|p1a: Cinderace|63/100|[from] Stealth Rock
|move|p2a: Gholdengo|Nasty Plot|p2a: Gholdengo
|-boost|p2a: Gholdengo|spa|2
|
|-heal|p2a: Gholdengo|72/100|[from] item: Leftovers
|upkeep
|turn|41
|
|t:|1758969524
|-terastallize|p2a: Gholdengo|Flying
|move|p1a: Cinderace|Pyro Ball|p2a: Gholdengo
|-damage|p2a: Gholdengo|13/100
|move|p2a: Gholdengo|Shadow Ball|p1a: Cinderace
|-damage|p1a: Cinderace|0 fnt
|faint|p1a: Cinderace
|
|-heal|p2a: Gholdengo|19/100|[from] item: Leftovers
|upkeep
|
|t:|1758969529
|switch|p1a: Scizor|Scizor, F|88/100
|-damage|p1a: Scizor|76/100|[from] Stealth Rock
|turn|42
|
|t:|1758969531
|-terastallize|p1a: Scizor|Steel
|move|p1a: Scizor|Bullet Punch|p2a: Gholdengo
|-damage|p2a: Gholdengo|0 fnt
|faint|p2a: Gholdengo
|
|win|JorgoBarbas
|raw|JorgoBarbas's rating: 1529 &rarr; <strong>1550</strong><br />(+21 for winning)
|raw|ohjeebus's rating: 1539 &rarr; <strong>1518</strong><br />(-21 for losing)
|l|☆ohjeebus
|player|p2|
|l|☆JorgoBarbas
|player|p1|
