|j|☆j0000000oi
|j|☆potrise
|t:|1759021227
|gametype|singles
|player|p1|j0000000oi|iris|1115
|player|p2|potrise|lucas|1167
|gen|9
|tier|[Gen 9] OU
|rated|
|rule|HP Percentage Mod: HP is shown in percentages
|rule|Endless Battle Clause: Forcing endless battles is banned
|rule|Species Clause: Limit one of each Pokémon
|rule|OHKO Clause: OHKO moves are banned
|rule|Evasion Items Clause: Evasion items are banned
|rule|Evasion Moves Clause: Evasion moves are banned
|rule|Evasion Abilities Clause: Evasion abilities are banned
|rule|Sleep Moves Clause: Sleep-inducing moves are banned
|clearpoke
|poke|p1|Meowscarada, F|
|poke|p1|Cinderace, F|
|poke|p1|Vaporeon, F|
|poke|p1|Hydreigon, M|
|poke|p1|Alcremie-Rainbow-Swirl, F|
|poke|p1|Gardevoir, F|
|poke|p2|Araquanid, M|
|poke|p2|Raging Bolt|
|poke|p2|Meowscarada, F|
|poke|p2|Corviknight, M|
|poke|p2|Iron Moth|
|poke|p2|Ogerpon-Wellspring, F|
|teampreview
|
|t:|1759021239
|teamsize|p1|6
|teamsize|p2|6
|start
|switch|p1a: Vaporeon|Vaporeon, F, shiny|100/100
|switch|p2a: Araquanid|Araquanid, M|100/100
|turn|1
|
|t:|1759021254
|move|p1a: Vaporeon|Acid Armor|p1a: Vaporeon
|-boost|p1a: Vaporeon|def|2
|move|p2a: Araquanid|Sticky Web|p1a: Vaporeon
|-sidestart|p1: j0000000oi|move: Sticky Web
|
|upkeep
|turn|2
|
|t:|1759021269
|switch|p2a: Raging Bolt|Raging Bolt|100/100
|move|p1a: Vaporeon|Acid Armor|p1a: Vaporeon
|-boost|p1a: Vaporeon|def|2
|
|upkeep
|turn|3
|
|t:|1759021280
|-terastallize|p1a: Vaporeon|Ground
|move|p2a: Raging Bolt|Thunderbolt|p1a: Vaporeon
|-immune|p1a: Vaporeon
|move|p1a: Vaporeon|Calm Mind|p1a: Vaporeon
|-boost|p1a: Vaporeon|spa|1
|-boost|p1a: Vaporeon|spd|1
|
|upkeep
|turn|4
|
|t:|1759021295
|-end|p2a: Raging Bolt|Protosynthesis|[silent]
|switch|p2a: Ogerpon|Ogerpon-Wellspring, F|100/100
|move|p1a: Vaporeon|Calm Mind|p1a: Vaporeon
|-boost|p1a: Vaporeon|spa|1
|-boost|p1a: Vaporeon|spd|1
|
|upkeep
|turn|5
|
|t:|1759021303
|move|p2a: Ogerpon|Encore|p1a: Vaporeon
|-start|p1a: Vaporeon|Encore
|move|p1a: Vaporeon|Calm Mind|p1a: Vaporeon
|-boost|p1a: Vaporeon|spa|1
|-boost|p1a: Vaporeon|spd|1
|
|upkeep
|turn|6
|
|t:|1759021309
|move|p2a: Ogerpon|Swords Dance|p2a: Ogerpon
|-boost|p2a: Ogerpon|atk|2
|move|p1a: Vaporeon|Calm Mind|p1a: Vaporeon
|-boost|p1a: Vaporeon|spa|1
|-boost|p1a: Vaporeon|spd|1
|
|upkeep
|turn|7
|
|t:|1759021318
|switch|p1a: Cinderace|Cinderace, F|100/100
|-activate|p1a: Cinderace|move: Sticky Web
|-unboost|p1a: Cinderace|spe|1
|move|p2a: Ogerpon|Swords Dance|p2a: Ogerpon
|-boost|p2a: Ogerpon|atk|2
|
|upkeep
|turn|8
|
|t:|1759021326
|move|p2a: Ogerpon|Ivy Cudgel|p1a: Cinderace|[anim] Ivy Cudgel Water
|-supereffective|p1a: Cinderace
|-damage|p1a: Cinderace|0 fnt
|faint|p1a: Cinderace
|
|upkeep
|
|t:|1759021335
|switch|p1a: Gardevoir|Gardevoir, F, shiny|100/100
|-activate|p1a: Gardevoir|move: Sticky Web
|-unboost|p1a: Gardevoir|spe|1
|turn|9
|
|t:|1759021349
|move|p2a: Ogerpon|Ivy Cudgel|p1a: Gardevoir|[anim] Ivy Cudgel Water
|-damage|p1a: Gardevoir|0 fnt
|faint|p1a: Gardevoir
|
|upkeep
|
|t:|1759021361
|switch|p1a: Alcremie|Alcremie-Rainbow-Swirl, F|100/100
|-activate|p1a: Alcremie|move: Sticky Web
|-unboost|p1a: Alcremie|spe|1
|turn|10
|
|t:|1759021374
|move|p2a: Ogerpon|Ivy Cudgel|p1a: Alcremie|[anim] Ivy Cudgel Water
|-damage|p1a: Alcremie|0 fnt
|faint|p1a: Alcremie
|
|upkeep
|
|t:|1759021381
|switch|p1a: Hydreigon|Hydreigon, M|100/100
|turn|11
|
|t:|1759021384
|move|p2a: Ogerpon|Ivy Cudgel|p1a: Hydreigon|[anim] Ivy Cudgel Water
|-resisted|p1a: Hydreigon
|-damage|p1a: Hydreigon|0 fnt
|faint|p1a: Hydreigon
|
|upkeep
|
|t:|1759021389
|switch|p1a: Vaporeon|Vaporeon, F, shiny, tera:Ground|100/100
|-activate|p1a: Vaporeon|move: Sticky Web
|-unboost|p1a: Vaporeon|spe|1
|turn|12
|
|t:|1759021394
|move|p2a: Ogerpon|Horn Leech|p1a: Vaporeon
|-supereffective|p1a: Vaporeon
|-damage|p1a: Vaporeon|0 fnt
|faint|p1a: Vaporeon
|
|upkeep
|
|t:|1759021399
|switch|p1a: Meowscarada|Meowscarada, F|100/100
|-activate|p1a: Meowscarada|move: Sticky Web
|-unboost|p1a: Meowscarada|spe|1
|turn|13
|
|t:|1759021404
|move|p2a: Ogerpon|Ivy Cudgel|p1a: Meowscarada|[anim] Ivy Cudgel Water
|-resisted|p1a: Meowscarada
|-crit|p1a: Meowscarada
|-damage|p1a: Meowscarada|0 fnt
|faint|p1a: Meowscarada
|
|win|potrise
|raw|j0000000oi's rating: 1115 &rarr; <strong>1094</strong><br />(-21 for losing)
|raw|potrise's rating: 1167 &rarr; <strong>1188</strong><br />(+21 for winning)
|l|☆j0000000oi
|player|p1|
