|badge|p1|bronze|gen9ou|100-6
|html|<div class="broadcast-red"><strong>This battle is required to be public due to one or more player having a season medal.</strong><br />During the public phase, you can discuss the state of the ladder <a href="/seasondiscussion">in a special chatroom.</a></div>
|uhtml|medal-msg|<div class="broadcast-blue">Curious what those medals under the avatar are? PS now has Ladder Seasons! For more information, check out the <a href="https://www.smogon.com/forums/threads/3740067/">thread on Smogon.</a></div>
|j|☆Obito 2001
|j|☆Shibuya Arc
|t:|1759003794
|gametype|singles
|player|p1|Obito 2001|blue-gen3two|1849
|player|p2|Shibuya Arc|169|1811
|gen|9
|tier|[Gen 9] OU
|rated|
|rule|HP Percentage Mod: HP is shown in percentages
|rule|Endless Battle Clause: Forcing endless battles is banned
|rule|Species Clause: Limit one of each Pokémon
|rule|OHKO Clause: OHKO moves are banned
|rule|Evasion Items Clause: Evasion items are banned
|rule|Evasion Moves Clause: Evasion moves are banned
|rule|Evasion Abilities Clause: Evasion abilities are banned
|rule|Sleep Moves Clause: Sleep-inducing moves are banned
|clearpoke
|poke|p1|Kingambit, M|
|poke|p1|Landorus-Therian, M|
|poke|p1|Raging Bolt|
|poke|p1|Glimmora, F|
|poke|p1|Dragapult, F|
|poke|p1|Cinderace, F|
|poke|p2|Dragapult, F|
|poke|p2|Dragonite, F|
|poke|p2|Ting-Lu|
|poke|p2|Weezing-Galar, F|
|poke|p2|Iron Crown|
|poke|p2|Zapdos|
|teampreview
|inactive|Battle timer is ON: inactive players will automatically lose when time's up. (requested by Obito 2001)
|j| Sxvewxcgewx
|
|t:|1759003804
|teamsize|p1|6
|teamsize|p2|6
|start
|switch|p1a: DraGhost|Dragapult, F|100/100
|switch|p2a: Ting-Lu|Ting-Lu|100/100
|-ability|p2a: Ting-Lu|Vessel of Ruin
|turn|1
|inactive|Shibuya Arc also wants the timer to be on.
|
|t:|1759003809
|move|p1a: DraGhost|Will-O-Wisp|p2a: Ting-Lu
|-status|p2a: Ting-Lu|brn
|move|p2a: Ting-Lu|Ruination|p1a: DraGhost
|-damage|p1a: DraGhost|50/100
|
|-heal|p1a: DraGhost|56/100|[from] item: Leftovers
|-damage|p2a: Ting-Lu|94/100 brn|[from] brn
|upkeep
|turn|2
|l| Sxvewxcgewx
|
|t:|1759003819
|switch|p1a: Landorus|Landorus-Therian, M|100/100
|-ability|p1a: Landorus|Intimidate|boost
|-unboost|p2a: Ting-Lu|atk|1
|move|p2a: Ting-Lu|Stealth Rock|p1a: Landorus
|-sidestart|p1: Obito 2001|move: Stealth Rock
|
|-heal|p2a: Ting-Lu|100/100 brn|[from] item: Leftovers
|-damage|p2a: Ting-Lu|94/100 brn|[from] brn
|upkeep
|turn|3
|
|t:|1759003825
|move|p1a: Landorus|Grass Knot|p2a: Ting-Lu
|-supereffective|p2a: Ting-Lu
|-damage|p2a: Ting-Lu|68/100 brn
|move|p2a: Ting-Lu|Ruination|p1a: Landorus
|-damage|p1a: Landorus|50/100
|
|-heal|p2a: Ting-Lu|74/100 brn|[from] item: Leftovers
|-damage|p2a: Ting-Lu|68/100 brn|[from] brn
|upkeep
|turn|4
|
|t:|1759003832
|switch|p2a: Zapdos|Zapdos|100/100
|move|p1a: Landorus|U-turn|p2a: Zapdos
|-resisted|p2a: Zapdos
|-damage|p2a: Zapdos|90/100
|
|t:|1759003837
|switch|p1a: BunnyGirlSenpai|Cinderace, F|100/100|[from] U-turn
|
|upkeep
|turn|5
|
|t:|1759003842
|move|p1a: BunnyGirlSenpai|Court Change|p1a: BunnyGirlSenpai
|-swapsideconditions
|-activate|p1a: BunnyGirlSenpai|move: Court Change
|move|p2a: Zapdos|Volt Switch|p1a: BunnyGirlSenpai
|-damage|p1a: BunnyGirlSenpai|58/100
|
|t:|1759003851
|switch|p2a: Ting-Lu|Ting-Lu|68/100 brn|[from] Volt Switch
|-damage|p2a: Ting-Lu|62/100 brn|[from] Stealth Rock
|-ability|p2a: Ting-Lu|Vessel of Ruin
|
|-heal|p2a: Ting-Lu|68/100 brn|[from] item: Leftovers
|-damage|p2a: Ting-Lu|62/100 brn|[from] brn
|upkeep
|turn|6
|
|t:|1759003856
|move|p1a: BunnyGirlSenpai|U-turn|p2a: Ting-Lu
|-supereffective|p2a: Ting-Lu
|-damage|p2a: Ting-Lu|39/100 brn
|
|t:|1759003868
|switch|p1a: Landorus|Landorus-Therian, M|50/100|[from] U-turn
|-ability|p1a: Landorus|Intimidate|boost
|-unboost|p2a: Ting-Lu|atk|1
|move|p2a: Ting-Lu|Stealth Rock|p1a: Landorus
|-sidestart|p1: Obito 2001|move: Stealth Rock
|
|-heal|p2a: Ting-Lu|45/100 brn|[from] item: Leftovers
|-damage|p2a: Ting-Lu|39/100 brn|[from] brn
|upkeep
|turn|7
|
|t:|1759003873
|move|p1a: Landorus|U-turn|p2a: Ting-Lu
|-supereffective|p2a: Ting-Lu
|-damage|p2a: Ting-Lu|16/100 brn
|
|t:|1759003877
|switch|p1a: BunnyGirlSenpai|Cinderace, F|58/100|[from] U-turn
|move|p2a: Ting-Lu|Ruination|p1a: BunnyGirlSenpai|[miss]
|-miss|p2a: Ting-Lu|p1a: BunnyGirlSenpai
|
|-heal|p2a: Ting-Lu|22/100 brn|[from] item: Leftovers
|-damage|p2a: Ting-Lu|16/100 brn|[from] brn
|upkeep
|turn|8
|
|t:|1759003883
|move|p1a: BunnyGirlSenpai|Pyro Ball|p2a: Ting-Lu
|-damage|p2a: Ting-Lu|0 fnt
|faint|p2a: Ting-Lu
|
|upkeep
|
|t:|1759003890
|switch|p2a: Zapdos|Zapdos|90/100
|turn|9
|
|t:|1759003895
|move|p1a: BunnyGirlSenpai|Pyro Ball|p2a: Zapdos
|-damage|p2a: Zapdos|37/100
|move|p2a: Zapdos|Volt Switch|p1a: BunnyGirlSenpai
|-damage|p1a: BunnyGirlSenpai|15/100
|
|t:|1759003902
|switch|p2a: Dragonite|Dragonite, F|100/100|[from] Volt Switch
|
|upkeep
|turn|10
|j| larp legion
|
|t:|1759003909
|switch|p1a: Landorus|Landorus-Therian, M|50/100
|-damage|p1a: Landorus|38/100|[from] Stealth Rock
|-ability|p1a: Landorus|Intimidate|boost
|-unboost|p2a: Dragonite|atk|1
|move|p2a: Dragonite|Extreme Speed|p1a: Landorus
|-damage|p1a: Landorus|19/100
|-damage|p2a: Dragonite|84/100|[from] item: Rocky Helmet|[of] p1a: Landorus
|
|upkeep
|turn|11
|j| Le Bouquetin
|
|t:|1759003915
|move|p1a: Landorus|U-turn|p2a: Dragonite
|-resisted|p2a: Dragonite
|-damage|p2a: Dragonite|74/100
|
|t:|1759003920
|switch|p1a: Toxica|Glimmora, F|100/100|[from] U-turn
|-damage|p1a: Toxica|88/100|[from] Stealth Rock
|move|p2a: Dragonite|Roost|p2a: Dragonite
|-heal|p2a: Dragonite|100/100
|-singleturn|p2a: Dragonite|move: Roost
|
|upkeep
|turn|12
|
|t:|1759003930
|switch|p1a: DraGhost|Dragapult, F|56/100
|-damage|p1a: DraGhost|44/100|[from] Stealth Rock
|switch|p2a: Iron Crown|Iron Crown|100/100
|-damage|p2a: Iron Crown|94/100|[from] Stealth Rock
|
|-heal|p1a: DraGhost|50/100|[from] item: Leftovers
|upkeep
|turn|13
|
|t:|1759003936
|switch|p1a: Landorus|Landorus-Therian, M|19/100
|-damage|p1a: Landorus|6/100|[from] Stealth Rock
|-ability|p1a: Landorus|Intimidate|boost
|-unboost|p2a: Iron Crown|atk|1
|move|p2a: Iron Crown|Tachyon Cutter|p1a: Landorus
|-damage|p1a: Landorus|0 fnt
|faint|p1a: Landorus
|-hitcount|p1: Landorus|1
|
|upkeep
|
|t:|1759003937
|switch|p1a: BunnyGirlSenpai|Cinderace, F|15/100
|turn|14
|
|t:|1759003943
|-end|p2a: Iron Crown|Quark Drive|[silent]
|switch|p2a: Dragonite|Dragonite, F|100/100
|move|p1a: BunnyGirlSenpai|Will-O-Wisp|p2a: Dragonite
|-status|p2a: Dragonite|brn
|
|-damage|p2a: Dragonite|94/100 brn|[from] brn
|upkeep
|turn|15
|
|t:|1759003953
|switch|p1a: DraGhost|Dragapult, F|50/100
|-damage|p1a: DraGhost|38/100|[from] Stealth Rock
|move|p2a: Dragonite|Earthquake|p1a: DraGhost
|-damage|p1a: DraGhost|10/100
|
|-heal|p1a: DraGhost|16/100|[from] item: Leftovers
|-damage|p2a: Dragonite|88/100 brn|[from] brn
|upkeep
|turn|16
|
|t:|1759003962
|-terastallize|p2a: Dragonite|Normal
|move|p1a: DraGhost|Hex|p2a: Dragonite
|-immune|p2a: Dragonite
|move|p2a: Dragonite|Roost|p2a: Dragonite
|-heal|p2a: Dragonite|100/100 brn
|
|-heal|p1a: DraGhost|22/100|[from] item: Leftovers
|-damage|p2a: Dragonite|94/100 brn|[from] brn
|upkeep
|turn|17
|
|t:|1759003988
|switch|p1a: Zenitsu|Raging Bolt|100/100
|-damage|p1a: Zenitsu|88/100|[from] Stealth Rock
|move|p2a: Dragonite|Roost|p2a: Dragonite
|-heal|p2a: Dragonite|100/100 brn
|
|-heal|p1a: Zenitsu|94/100|[from] item: Leftovers
|-damage|p2a: Dragonite|94/100 brn|[from] brn
|upkeep
|turn|18
|
|t:|1759003993
|move|p1a: Zenitsu|Thunderbolt|p2a: Dragonite
|-damage|p2a: Dragonite|45/100 brn
|move|p2a: Dragonite|Earthquake|p1a: Zenitsu
|-supereffective|p1a: Zenitsu
|-damage|p1a: Zenitsu|59/100
|
|-heal|p1a: Zenitsu|65/100|[from] item: Leftovers
|-damage|p2a: Dragonite|39/100 brn|[from] brn
|upkeep
|turn|19
|
|t:|1759004002
|move|p2a: Dragonite|Extreme Speed|p1a: Zenitsu
|-damage|p1a: Zenitsu|42/100
|move|p1a: Zenitsu|Thunderbolt|p2a: Dragonite
|-damage|p2a: Dragonite|0 fnt
|faint|p2a: Dragonite
|
|-heal|p1a: Zenitsu|48/100|[from] item: Leftovers
|upkeep
|
|t:|1759004009
|switch|p2a: Dragapult|Dragapult, F|100/100
|turn|20
|
|t:|1759004021
|move|p2a: Dragapult|Will-O-Wisp|p1a: Zenitsu
|-status|p1a: Zenitsu|brn
|move|p1a: Zenitsu|Dragon Pulse|p2a: Dragapult
|-supereffective|p2a: Dragapult
|-damage|p2a: Dragapult|0 fnt
|faint|p2a: Dragapult
|
|-heal|p1a: Zenitsu|54/100 brn|[from] item: Leftovers
|-damage|p1a: Zenitsu|48/100 brn|[from] brn
|upkeep
|
|t:|1759004027
|switch|p2a: Zapdos|Zapdos|37/100
|turn|21
|
|t:|1759004033
|move|p2a: Zapdos|Hurricane|p1a: Zenitsu
|-resisted|p1a: Zenitsu
|-damage|p1a: Zenitsu|22/100 brn
|move|p1a: Zenitsu|Dragon Pulse|p2a: Zapdos
|-damage|p2a: Zapdos|0 fnt
|faint|p2a: Zapdos
|
|-heal|p1a: Zenitsu|28/100 brn|[from] item: Leftovers
|-damage|p1a: Zenitsu|22/100 brn|[from] brn
|upkeep
|
|t:|1759004040
|switch|p2a: Iron Crown|Iron Crown|94/100
|-damage|p2a: Iron Crown|88/100|[from] Stealth Rock
|turn|22
|
|t:|1759004046
|-end|p2a: Iron Crown|Quark Drive|[silent]
|switch|p2a: Weezing|Weezing-Galar, F|100/100
|-ability|p2a: Weezing|Neutralizing Gas
|move|p1a: Zenitsu|Thunderclap||[still]
|-fail|p1a: Zenitsu
|
|-heal|p1a: Zenitsu|28/100 brn|[from] item: Leftovers
|-damage|p1a: Zenitsu|22/100 brn|[from] brn
|upkeep
|turn|23
|
|t:|1759004051
|move|p1a: Zenitsu|Thunderbolt|p2a: Weezing
|-damage|p2a: Weezing|29/100
|move|p2a: Weezing|Defog|p1a: Zenitsu
|-unboost|p1a: Zenitsu|evasion|1
|-sideend|p1: Obito 2001|Stealth Rock|[from] move: Defog|[of] p2a: Weezing
|-sideend|p2: Shibuya Arc|Stealth Rock|[from] move: Defog|[of] p2a: Weezing
|
|-heal|p1a: Zenitsu|28/100 brn|[from] item: Leftovers
|-damage|p1a: Zenitsu|22/100 brn|[from] brn
|upkeep
|turn|24
|
|t:|1759004057
|-end|p2a: Weezing|ability: Neutralizing Gas
|switch|p2a: Iron Crown|Iron Crown|88/100
|move|p1a: Zenitsu|Thunderbolt|p2a: Iron Crown
|-damage|p2a: Iron Crown|36/100
|
|-heal|p1a: Zenitsu|28/100 brn|[from] item: Leftovers
|-damage|p1a: Zenitsu|22/100 brn|[from] brn
|upkeep
|turn|25
|
|t:|1759004063
|-end|p2a: Iron Crown|Quark Drive|[silent]
|switch|p2a: Weezing|Weezing-Galar, F|29/100
|-ability|p2a: Weezing|Neutralizing Gas
|move|p1a: Zenitsu|Thunderclap||[still]
|-fail|p1a: Zenitsu
|
|-heal|p1a: Zenitsu|28/100 brn|[from] item: Leftovers
|-damage|p1a: Zenitsu|22/100 brn|[from] brn
|upkeep
|turn|26
|
|t:|1759004068
|-end|p2a: Weezing|ability: Neutralizing Gas
|switch|p2a: Iron Crown|Iron Crown|36/100
|move|p1a: Zenitsu|Thunderbolt|p2a: Iron Crown
|-crit|p2a: Iron Crown
|-damage|p2a: Iron Crown|0 fnt
|faint|p2a: Iron Crown
|-end|p2a: Iron Crown|Quark Drive|[silent]
|
|-heal|p1a: Zenitsu|28/100 brn|[from] item: Leftovers
|-damage|p1a: Zenitsu|22/100 brn|[from] brn
|upkeep
|
|t:|1759004073
|switch|p2a: Weezing|Weezing-Galar, F|29/100
|-ability|p2a: Weezing|Neutralizing Gas
|turn|27
|
|t:|1759004077
|-end|p1a: Zenitsu|Protosynthesis|[silent]
|switch|p1a: Sosuke Aizen|Kingambit, M, shiny|100/100
|move|p2a: Weezing|Toxic Spikes|p1a: Sosuke Aizen
|-sidestart|p1: Obito 2001|move: Toxic Spikes
|
|upkeep
|turn|28
|
|t:|1759004080
|move|p1a: Sosuke Aizen|Iron Head|p2a: Weezing
|-supereffective|p2a: Weezing
|-damage|p2a: Weezing|0 fnt
|faint|p2a: Weezing
|-end|p2a: Weezing|ability: Neutralizing Gas
|-activate|p1a: Sosuke Aizen|ability: Supreme Overlord
|-start|p1a: Sosuke Aizen|fallen1|[silent]
|
|win|Obito 2001
|raw|Obito 2001's rating: 1849 &rarr; <strong>1867</strong><br />(+18 for winning)
|raw|Shibuya Arc's rating: 1811 &rarr; <strong>1793</strong><br />(-18 for losing)
|l|☆Shibuya Arc
|player|p2|
