|j|☆shierr
|j|☆Eel56
|t:|1759041515
|gametype|singles
|player|p1|shierr|1|1739
|player|p2|Eel56|265|1763
|gen|9
|tier|[Gen 9] OU
|rated|
|rule|HP Percentage Mod: HP is shown in percentages
|rule|Endless Battle Clause: Forcing endless battles is banned
|rule|Species Clause: Limit one of each Pokémon
|rule|OHKO Clause: OHKO moves are banned
|rule|Evasion Items Clause: Evasion items are banned
|rule|Evasion Moves Clause: Evasion moves are banned
|rule|Evasion Abilities Clause: Evasion abilities are banned
|rule|Sleep Moves Clause: Sleep-inducing moves are banned
|clearpoke
|poke|p1|Dragapult, F|
|poke|p1|Great Tusk|
|poke|p1|Ogerpon-Wellspring, F|
|poke|p1|Moltres|
|poke|p1|Kingambit, M|
|poke|p1|Iron Treads|
|poke|p2|Kingambit, M|
|poke|p2|Deoxys-Speed|
|poke|p2|Great Tusk|
|poke|p2|Dragonite, F|
|poke|p2|Iron Moth|
|poke|p2|Primarina, M|
|teampreview
|inactive|Battle timer is ON: inactive players will automatically lose when time's up. (requested by shierr)
|
|t:|1759041530
|teamsize|p1|6
|teamsize|p2|6
|start
|switch|p1a: Iron Treads|Iron Treads|100/100
|switch|p2a: Yoshi|Dragonite, F, shiny|100/100
|turn|1
|
|t:|1759041536
|move|p2a: Yoshi|Fire Punch|p1a: Iron Treads
|-supereffective|p1a: Iron Treads
|-damage|p1a: Iron Treads|31/100
|move|p1a: Iron Treads|Volt Switch|p2a: Yoshi
|-damage|p2a: Yoshi|95/100
|
|t:|1759041540
|-end|p1a: Iron Treads|Quark Drive|[silent]
|switch|p1a: Dragapult|Dragapult, F|100/100|[from] Volt Switch
|
|upkeep
|turn|2
|j| Nitro611
|
|t:|1759041545
|switch|p2a: Siren|Primarina, M|100/100
|move|p1a: Dragapult|U-turn|p2a: Siren
|-resisted|p2a: Siren
|-damage|p2a: Siren|76/100
|
|t:|1759041548
|switch|p1a: Ogerpon|Ogerpon-Wellspring, F|100/100|[from] U-turn
|
|upkeep
|turn|3
|
|t:|1759041569
|switch|p2a: Anomаly|Iron Moth|100/100
|-enditem|p2a: Anomаly|Booster Energy
|-activate|p2a: Anomаly|ability: Quark Drive|[fromitem]
|-start|p2a: Anomаly|quarkdrivespe
|move|p1a: Ogerpon|Swords Dance|p1a: Ogerpon
|-boost|p1a: Ogerpon|atk|2
|
|upkeep
|turn|4
|
|t:|1759041579
|-terastallize|p1a: Ogerpon|Water
|detailschange|p1a: Ogerpon|Ogerpon-Wellspring-Tera, F, tera:Water
|-ability|p1a: Ogerpon|Embody Aspect (Wellspring)|boost
|-boost|p1a: Ogerpon|spd|1
|move|p2a: Anomаly|Sludge Wave|p1a: Ogerpon
|-damage|p1a: Ogerpon|66/100
|move|p1a: Ogerpon|Ivy Cudgel|p2a: Anomаly|[anim] Ivy Cudgel Water
|-supereffective|p2a: Anomаly
|-damage|p2a: Anomаly|0 fnt
|faint|p2a: Anomаly
|-end|p2a: Anomаly|Quark Drive|[silent]
|
|upkeep
|
|t:|1759041586
|switch|p2a: Yoshi|Dragonite, F, shiny|95/100
|turn|5
|
|t:|1759041593
|move|p2a: Yoshi|Extreme Speed|p1a: Ogerpon
|-damage|p1a: Ogerpon|4/100
|move|p1a: Ogerpon|Play Rough|p2a: Yoshi
|-supereffective|p2a: Yoshi
|-damage|p2a: Yoshi|0 fnt
|faint|p2a: Yoshi
|
|upkeep
|-message|Eel56 forfeited.
|
|win|shierr
|raw|shierr's rating: 1739 &rarr; <strong>1760</strong><br />(+21 for winning)
|raw|Eel56's rating: 1763 &rarr; <strong>1742</strong><br />(-21 for losing)
|l|☆Eel56
|player|p2|
|l|☆shierr
|player|p1|
|l| Nitro611
