|uhtml|medal-msg|<div class="broadcast-blue">Curious what those medals under the avatar are? PS now has Ladder Seasons! For more information, check out the <a href="https://www.smogon.com/forums/threads/3740067/">thread on Smogon.</a></div>
|uhtml|medal-msg|<div class="broadcast-blue">Curious what those medals under the avatar are? PS now has Ladder Seasons! For more information, check out the <a href="https://www.smogon.com/forums/threads/3740067/">thread on Smogon.</a></div>
|j|☆scipionisafricanus
|j|☆E5061
|t:|1758924431
|gametype|singles
|player|p1|scipionisafricanus|scipioregiolive.png|
|player|p2|E5061|rr-mawilemega|
|teamsize|p1|6
|teamsize|p2|6
|gen|9
|tier|[Gen 9] OU
|rated|Tournament battle
|rule|Sleep Clause Mod: Limit one foe put to sleep
|rule|Species Clause: Limit one of each Pokémon
|rule|OHKO Clause: OHKO moves are banned
|rule|Evasion Abilities Clause: Evasion abilities are banned
|rule|Evasion Items Clause: Evasion items are banned
|rule|Evasion Moves Clause: Evasion moves are banned
|rule|Endless Battle Clause: Forcing endless battles is banned
|rule|HP Percentage Mod: HP is shown in percentages
|rule|Dynamax Clause: You cannot dynamax
|clearpoke
|poke|p1|Tapu Lele|
|poke|p1|Ogerpon-Hearthflame, F|
|poke|p1|Toedscruel, M|
|poke|p1|Barraskewda, M|
|poke|p1|Gholdengo|
|poke|p1|Hydreigon, M|
|poke|p2|Mawile, F|
|poke|p2|Marowak-Alola, M|
|poke|p2|Hatterene, F|
|poke|p2|Cresselia, F|
|poke|p2|Ursaluna, F|
|poke|p2|Hydrapple, M|
|teampreview
|c|☆E5061|hf
|c|☆scipionisafricanus|hf
|j| Enderian67
|
|t:|1758924479
|start
|switch|p1a: Toedscruel|Toedscruel, M|100/100
|switch|p2a: Hatterene|Hatterene, F|100/100
|-ability|p1a: Toedscruel|Mold Breaker
|turn|1
|
|t:|1758924483
|switch|p2a: Hydrapple|Hydrapple, M|100/100
|move|p1a: Toedscruel|Spore|p2a: Hydrapple
|-immune|p2a: Hydrapple
|
|upkeep
|turn|2
|
|t:|1758924494
|switch|p1a: Gholdengo|Gholdengo|100/100
|move|p2a: Hydrapple|Draco Meteor|p1a: Gholdengo
|-resisted|p1a: Gholdengo
|-damage|p1a: Gholdengo|73/100
|-unboost|p2a: Hydrapple|spa|2
|
|upkeep
|turn|3
|
|t:|1758924503
|switch|p2a: Ursaluna|Ursaluna, F|100/100
|move|p1a: Gholdengo|Shadow Ball|p2a: Ursaluna
|-immune|p2a: Ursaluna
|
|-status|p2a: Ursaluna|brn|[from] item: Flame Orb
|upkeep
|turn|4
|
|t:|1758924512
|switch|p1a: Hydreigon|Hydreigon, M|100/100
|move|p2a: Ursaluna|Headlong Rush|p1a: Hydreigon
|-immune|p1a: Hydreigon|[from] ability: Levitate
|
|-damage|p2a: Ursaluna|94/100 brn|[from] brn
|upkeep
|turn|5
|
|t:|1758924531
|switch|p2a: Hatterene|Hatterene, F|100/100
|move|p1a: Hydreigon|Aura Sphere|p2a: Hatterene
|-resisted|p2a: Hatterene
|-damage|p2a: Hatterene|95/100
|
|upkeep
|turn|6
|
|t:|1758924551
|move|p1a: Hydreigon|Dark Pulse|p2a: Hatterene
|-damage|p2a: Hatterene|59/100
|move|p2a: Hatterene|Trick Room|p2a: Hatterene
|-fieldstart|move: Trick Room|[of] p2a: Hatterene
|
|upkeep
|turn|7
|
|t:|1758924557
|switch|p2a: Mawile|Mawile, F|100/100
|move|p1a: Hydreigon|Stealth Rock|p2a: Mawile
|-sidestart|p2: E5061|move: Stealth Rock
|
|upkeep
|turn|8
|
|t:|1758924573
|detailschange|p2a: Mawile|Mawile-Mega, F
|-mega|p2a: Mawile|Mawile|Mawilite
|move|p2a: Mawile|Play Rough|p1a: Hydreigon
|-supereffective|p1a: Hydreigon
|-damage|p1a: Hydreigon|0 fnt
|faint|p1a: Hydreigon
|
|upkeep
|
|t:|1758924579
|switch|p1a: Gholdengo|Gholdengo|73/100
|turn|9
|
|t:|1758924585
|move|p2a: Mawile|Knock Off|p1a: Gholdengo
|-supereffective|p1a: Gholdengo
|-damage|p1a: Gholdengo|0 fnt
|faint|p1a: Gholdengo
|
|upkeep
|
|t:|1758924597
|switch|p1a: Toedscruel|Toedscruel, M|100/100
|-ability|p1a: Toedscruel|Mold Breaker
|turn|10
|
|t:|1758924601
|switch|p1a: Barraskewda|Barraskewda, M|100/100
|move|p2a: Mawile|Double Iron Bash|p1a: Barraskewda
|-resisted|p1a: Barraskewda
|-damage|p1a: Barraskewda|40/100
|-resisted|p1a: Barraskewda
|-damage|p1a: Barraskewda|0 fnt
|faint|p1a: Barraskewda
|-hitcount|p1: Barraskewda|2
|
|-fieldend|move: Trick Room
|upkeep
|
|t:|1758924608
|switch|p1a: Ogerpon|Ogerpon-Hearthflame, F|100/100
|-ability|p1a: Ogerpon|Mold Breaker
|turn|11
|
|t:|1758924616
|move|p1a: Ogerpon|Swords Dance|p1a: Ogerpon
|-boost|p1a: Ogerpon|atk|2
|move|p2a: Mawile|Double Iron Bash|p1a: Ogerpon
|-resisted|p1a: Ogerpon
|-damage|p1a: Ogerpon|62/100
|-resisted|p1a: Ogerpon
|-damage|p1a: Ogerpon|26/100
|-hitcount|p1a: Ogerpon|2
|
|upkeep
|turn|12
|c|☆scipionisafricanus|i just gotta hyper crit roll the cress
|
|t:|1758924632
|move|p1a: Ogerpon|Ivy Cudgel|p2a: Mawile|[anim] Ivy Cudgel Fire
|-supereffective|p2a: Mawile
|-damage|p2a: Mawile|0 fnt
|faint|p2a: Mawile
|
|upkeep
|c|☆E5061|so true
|
|t:|1758924642
|switch|p2a: Cresselia|Cresselia, F|100/100
|-damage|p2a: Cresselia|88/100|[from] Stealth Rock
|turn|13
|
|t:|1758924645
|move|p1a: Ogerpon|Power Whip|p2a: Cresselia
|-damage|p2a: Cresselia|20/100
|move|p2a: Cresselia|Trick Room|p2a: Cresselia
|-fieldstart|move: Trick Room|[of] p2a: Cresselia
|
|upkeep
|turn|14
|
|t:|1758924657
|switch|p1a: Toedscruel|Toedscruel, M|100/100
|-ability|p1a: Toedscruel|Mold Breaker
|move|p2a: Cresselia|Lunar Dance|p2a: Cresselia
|faint|p2a: Cresselia
|
|upkeep
|
|t:|1758924660
|switch|p2a: Marowak|Marowak-Alola, M|100/100
|-damage|p2a: Marowak|76/100|[from] Stealth Rock
|turn|15
|
|t:|1758924664
|move|p2a: Marowak|Flare Blitz|p1a: Toedscruel
|-supereffective|p1a: Toedscruel
|-damage|p1a: Toedscruel|0 fnt
|faint|p1a: Toedscruel
|
|upkeep
|
|t:|1758924667
|switch|p1a: Tapu Lele|Tapu Lele|100/100
|-fieldstart|move: Psychic Terrain|[from] ability: Psychic Surge|[of] p1a: Tapu Lele
|turn|16
|
|t:|1758924671
|move|p2a: Marowak|Flare Blitz|p1a: Tapu Lele
|-damage|p1a: Tapu Lele|0 fnt
|faint|p1a: Tapu Lele
|
|upkeep
|
|t:|1758924673
|switch|p1a: Ogerpon|Ogerpon-Hearthflame, F|26/100
|-ability|p1a: Ogerpon|Mold Breaker
|turn|17
|c|☆scipionisafricanus|gg
|
|t:|1758924678
|move|p2a: Marowak|Flare Blitz|p1a: Ogerpon
|-damage|p1a: Ogerpon|0 fnt
|faint|p1a: Ogerpon
|
|win|E5061
|n|☆scipionisafricanus|scipionisafricanus
|n|☆E5061|e5061
|n| Enderian67|enderian67
|c|☆E5061|gg
