|badge|p2|bronze|gen9ou|100-6
|html|<div class="broadcast-red"><strong>This battle is required to be public due to one or more player having a season medal.</strong><br />During the public phase, you can discuss the state of the ladder <a href="/seasondiscussion">in a special chatroom.</a></div>
|uhtml|medal-msg|<div class="broadcast-blue">Curious what those medals under the avatar are? PS now has Ladder Seasons! For more information, check out the <a href="https://www.smogon.com/forums/threads/3740067/">thread on Smogon.</a></div>
|raw|<div class="broadcast-blue"><strong>This battle is required to be public due to a player having a name starting with 'medal'.</div>
|j|☆Torontotalonflames
|j|☆sentinental
|t:|1759016442
|gametype|singles
|player|p1|Torontotalonflames|cynthia-gen4|1703
|player|p2|sentinental|blue-gen7|1754
|gen|9
|tier|[Gen 9] OU
|rated|
|rule|HP Percentage Mod: HP is shown in percentages
|rule|Endless Battle Clause: Forcing endless battles is banned
|rule|Species Clause: Limit one of each Pokémon
|rule|OHKO Clause: OHKO moves are banned
|rule|Evasion Items Clause: Evasion items are banned
|rule|Evasion Moves Clause: Evasion moves are banned
|rule|Evasion Abilities Clause: Evasion abilities are banned
|rule|Sleep Moves Clause: Sleep-inducing moves are banned
|clearpoke
|poke|p1|Dragapult, F|
|poke|p1|Serperior, F|
|poke|p1|Moltres|
|poke|p1|Samurott-Hisui, M|
|poke|p1|Iron Treads|
|poke|p1|Garganacl, M|
|poke|p2|Gholdengo|
|poke|p2|Iron Moth|
|poke|p2|Dragonite, F|
|poke|p2|Samurott-Hisui, F|
|poke|p2|Landorus-Therian, M|
|poke|p2|Kingambit, F|
|teampreview
|inactive|Battle timer is ON: inactive players will automatically lose when time's up. (requested by sentinental)
|inactive|Torontotalonflames also wants the timer to be on.
|
|t:|1759016463
|teamsize|p1|6
|teamsize|p2|6
|start
|switch|p1a: Serperior|Serperior, F|100/100
|switch|p2a: Samurott|Samurott-Hisui, F|100/100
|turn|1
|
|t:|1759016466
|move|p1a: Serperior|Leaf Storm|p2a: Samurott
|-supereffective|p2a: Samurott
|-enditem|p2a: Samurott|Focus Sash
|-damage|p2a: Samurott|1/100
|-boost|p1a: Serperior|spa|2
|move|p2a: Samurott|Ceaseless Edge|p1a: Serperior
|-damage|p1a: Serperior|53/100
|-sidestart|p1: Torontotalonflames|Spikes
|
|-heal|p1a: Serperior|59/100|[from] item: Leftovers
|upkeep
|turn|2
|
|t:|1759016469
|move|p2a: Samurott|Sucker Punch|p1a: Serperior
|-damage|p1a: Serperior|25/100
|move|p1a: Serperior|Leaf Storm|p2a: Samurott
|-supereffective|p2a: Samurott
|-damage|p2a: Samurott|0 fnt
|-boost|p1a: Serperior|spa|2
|faint|p2a: Samurott
|
|-heal|p1a: Serperior|31/100|[from] item: Leftovers
|upkeep
|
|t:|1759016472
|switch|p2a: Iron Moth|Iron Moth, shiny|100/100
|-enditem|p2a: Iron Moth|Booster Energy
|-activate|p2a: Iron Moth|ability: Quark Drive|[fromitem]
|-start|p2a: Iron Moth|quarkdrivespe
|turn|3
|j| amefurikoneko
|
|t:|1759016477
|-end|p2a: Iron Moth|Quark Drive|[silent]
|switch|p2a: Landorus|Landorus-Therian, M|100/100
|-ability|p2a: Landorus|Intimidate|boost
|-boost|p1a: Serperior|atk|1
|switch|p1a: Moltres|Moltres|100/100
|
|upkeep
|turn|4
|
|t:|1759016481
|switch|p1a: Iron Treads|Iron Treads|100/100
|-damage|p1a: Iron Treads|88/100|[from] Spikes
|move|p2a: Landorus|Stone Edge|p1a: Iron Treads|[miss]
|-miss|p2a: Landorus|p1a: Iron Treads
|
|upkeep
|turn|5
|
|t:|1759016488
|-end|p1a: Iron Treads|Quark Drive|[silent]
|switch|p1a: Moltres|Moltres|100/100
|move|p2a: Landorus|Earthquake|p1a: Moltres
|-immune|p1a: Moltres
|
|upkeep
|turn|6
|j| Crobii
|
|t:|1759016494
|switch|p1a: Serperior|Serperior, F|31/100
|-damage|p1a: Serperior|19/100|[from] Spikes
|move|p2a: Landorus|Stealth Rock|p1a: Serperior
|-sidestart|p1: Torontotalonflames|move: Stealth Rock
|
|-heal|p1a: Serperior|25/100|[from] item: Leftovers
|upkeep
|turn|7
|
|t:|1759016500
|move|p1a: Serperior|Glare|p2a: Landorus
|-status|p2a: Landorus|par
|move|p2a: Landorus|Earthquake|p1a: Serperior
|-resisted|p1a: Serperior
|-damage|p1a: Serperior|0 fnt
|faint|p1a: Serperior
|
|upkeep
|
|t:|1759016502
|switch|p1a: Samurott|Samurott-Hisui, M|100/100
|-damage|p1a: Samurott|88/100|[from] Spikes
|-damage|p1a: Samurott|76/100|[from] Stealth Rock
|turn|8
|
|t:|1759016505
|move|p1a: Samurott|Razor Shell|p2a: Landorus
|-supereffective|p2a: Landorus
|-damage|p2a: Landorus|0 fnt
|faint|p2a: Landorus
|
|upkeep
|
|t:|1759016508
|switch|p2a: Dragonite|Dragonite, F, shiny|100/100
|turn|9
|
|t:|1759016513
|switch|p1a: Garganacl|Garganacl, M|100/100
|-damage|p1a: Garganacl|88/100|[from] Spikes
|-damage|p1a: Garganacl|76/100|[from] Stealth Rock
|move|p2a: Dragonite|Dragon Dance|p2a: Dragonite
|-boost|p2a: Dragonite|atk|1
|-boost|p2a: Dragonite|spe|1
|
|-heal|p1a: Garganacl|82/100|[from] item: Leftovers
|upkeep
|turn|10
|
|t:|1759016519
|-terastallize|p2a: Dragonite|Ground
|-terastallize|p1a: Garganacl|Water
|move|p2a: Dragonite|Earthquake|p1a: Garganacl
|-damage|p1a: Garganacl|32/100
|move|p1a: Garganacl|Salt Cure|p2a: Dragonite
|-resisted|p2a: Dragonite
|-damage|p2a: Dragonite|97/100
|-start|p2a: Dragonite|Salt Cure
|
|-heal|p1a: Garganacl|38/100|[from] item: Leftovers
|-damage|p2a: Dragonite|84/100|[from] Salt Cure
|upkeep
|turn|11
|
|t:|1759016529
|switch|p1a: Moltres|Moltres|100/100
|move|p2a: Dragonite|Dragon Dance|p2a: Dragonite
|-boost|p2a: Dragonite|atk|1
|-boost|p2a: Dragonite|spe|1
|
|-damage|p2a: Dragonite|72/100|[from] Salt Cure
|upkeep
|turn|12
|
|t:|1759016532
|switch|p1a: Iron Treads|Iron Treads|88/100
|-damage|p1a: Iron Treads|76/100|[from] Spikes
|-damage|p1a: Iron Treads|72/100|[from] Stealth Rock
|move|p2a: Dragonite|Ice Spinner|p1a: Iron Treads
|-damage|p1a: Iron Treads|20/100
|
|-damage|p2a: Dragonite|60/100|[from] Salt Cure
|upkeep
|turn|13
|
|t:|1759016536
|move|p2a: Dragonite|Ice Spinner|p1a: Iron Treads
|-damage|p1a: Iron Treads|0 fnt
|faint|p1a: Iron Treads
|-end|p1a: Iron Treads|Quark Drive|[silent]
|
|-damage|p2a: Dragonite|47/100|[from] Salt Cure
|upkeep
|
|t:|1759016537
|switch|p1a: Samurott|Samurott-Hisui, M|76/100
|-damage|p1a: Samurott|63/100|[from] Spikes
|-damage|p1a: Samurott|51/100|[from] Stealth Rock
|turn|14
|
|t:|1759016540
|move|p1a: Samurott|Aqua Jet|p2a: Dragonite
|-supereffective|p2a: Dragonite
|-damage|p2a: Dragonite|3/100
|move|p2a: Dragonite|Earthquake|p1a: Samurott
|-damage|p1a: Samurott|0 fnt
|faint|p1a: Samurott
|
|-damage|p2a: Dragonite|0 fnt|[from] Salt Cure
|faint|p2a: Dragonite
|upkeep
|
|t:|1759016549
|switch|p2a: Iron Moth|Iron Moth, shiny|100/100
|switch|p1a: Moltres|Moltres|100/100
|turn|15
|
|t:|1759016553
|move|p2a: Iron Moth|Fiery Dance|p1a: Moltres
|-resisted|p1a: Moltres
|-damage|p1a: Moltres|86/100
|move|p1a: Moltres|U-turn|p2a: Iron Moth
|-resisted|p2a: Iron Moth
|-damage|p2a: Iron Moth|95/100
|
|t:|1759016555
|switch|p1a: Dragapult|Dragapult, F|100/100|[from] U-turn
|-damage|p1a: Dragapult|88/100|[from] Spikes
|-damage|p1a: Dragapult|76/100|[from] Stealth Rock
|
|upkeep
|turn|16
|
|t:|1759016558
|-end|p2a: Iron Moth|Quark Drive|[silent]
|switch|p2a: Kingambit|Kingambit, F, shiny|100/100
|-activate|p2a: Kingambit|ability: Supreme Overlord
|-start|p2a: Kingambit|fallen3|[silent]
|-item|p2a: Kingambit|Air Balloon
|move|p1a: Dragapult|Draco Meteor|p2a: Kingambit
|-resisted|p2a: Kingambit
|-damage|p2a: Kingambit|55/100
|-unboost|p1a: Dragapult|spa|2
|-enditem|p2a: Kingambit|Air Balloon
|
|upkeep
|turn|17
|
|t:|1759016562
|switch|p1a: Moltres|Moltres|86/100
|move|p2a: Kingambit|Kowtow Cleave|p1a: Moltres
|-damage|p1a: Moltres|27/100
|
|upkeep
|turn|18
|
|t:|1759016565
|-end|p2a: Kingambit|fallen3|[silent]
|switch|p2a: Iron Moth|Iron Moth, shiny|95/100
|move|p1a: Moltres|Roost|p1a: Moltres
|-heal|p1a: Moltres|77/100
|-singleturn|p1a: Moltres|move: Roost
|
|upkeep
|turn|19
|
|t:|1759016568
|move|p2a: Iron Moth|Sludge Wave|p1a: Moltres
|-damage|p1a: Moltres|41/100
|move|p1a: Moltres|U-turn|p2a: Iron Moth
|-resisted|p2a: Iron Moth
|-damage|p2a: Iron Moth|90/100
|
|t:|1759016570
|switch|p1a: Dragapult|Dragapult, F|76/100|[from] U-turn
|-damage|p1a: Dragapult|64/100|[from] Spikes
|-damage|p1a: Dragapult|51/100|[from] Stealth Rock
|
|upkeep
|turn|20
|
|t:|1759016574
|-end|p2a: Iron Moth|Quark Drive|[silent]
|switch|p2a: Gholdengo|Gholdengo, shiny|100/100
|-item|p2a: Gholdengo|Air Balloon
|move|p1a: Dragapult|Draco Meteor|p2a: Gholdengo
|-resisted|p2a: Gholdengo
|-damage|p2a: Gholdengo|60/100
|-unboost|p1a: Dragapult|spa|2
|-enditem|p2a: Gholdengo|Air Balloon
|
|upkeep
|turn|21
|
|t:|1759016577
|switch|p1a: Moltres|Moltres|41/100
|move|p2a: Gholdengo|Thunder Wave|p1a: Moltres
|-status|p1a: Moltres|par
|
|upkeep
|turn|22
|
|t:|1759016580
|move|p2a: Gholdengo|Hex|p1a: Moltres
|-damage|p1a: Moltres|0 fnt
|faint|p1a: Moltres
|
|upkeep
|
|t:|1759016581
|switch|p1a: Garganacl|Garganacl, M, tera:Water|38/100
|-damage|p1a: Garganacl|26/100|[from] Spikes
|-damage|p1a: Garganacl|14/100|[from] Stealth Rock
|turn|23
|
|t:|1759016589
|move|p2a: Gholdengo|Make It Rain|p1a: Garganacl
|-resisted|p1a: Garganacl
|-damage|p1a: Garganacl|0 fnt
|-unboost|p2a: Gholdengo|spa|1
|faint|p1a: Garganacl
|
|upkeep
|-message|Torontotalonflames forfeited.
|
|win|sentinental
|raw|Torontotalonflames's rating: 1703 &rarr; <strong>1686</strong><br />(-17 for losing)
|raw|sentinental's rating: 1754 &rarr; <strong>1771</strong><br />(+17 for winning)
|l|☆Torontotalonflames
|player|p1|
|l|☆sentinental
|player|p2|
