|badge|p1|silver|gen9ou|30-6
|html|<div class="broadcast-red"><strong>This battle is required to be public due to one or more player having a season medal.</strong><br />During the public phase, you can discuss the state of the ladder <a href="/seasondiscussion">in a special chatroom.</a></div>
|uhtml|medal-msg|<div class="broadcast-blue">Curious what those medals under the avatar are? PS now has Ladder Seasons! For more information, check out the <a href="https://www.smogon.com/forums/threads/3740067/">thread on Smogon.</a></div>
|badge|p2|bronze|gen9ou|100-6
|uhtml|medal-msg|<div class="broadcast-blue">Curious what those medals under the avatar are? PS now has Ladder Seasons! For more information, check out the <a href="https://www.smogon.com/forums/threads/3740067/">thread on Smogon.</a></div>
|raw|<div class="broadcast-blue"><strong>This battle is required to be public due to a player having a name starting with 'medal'.</div>
|j|☆Light SV
|j|‽ho3nconfirm3d
|t:|1759000878
|gametype|singles
|player|p1|Light SV|blue-gen7|1913
|player|p2|ho3nconfirm3d|#scl5shoguns|1910
|gen|9
|tier|[Gen 9] OU
|rated|
|rule|HP Percentage Mod: HP is shown in percentages
|rule|Endless Battle Clause: Forcing endless battles is banned
|rule|Species Clause: Limit one of each Pokémon
|rule|OHKO Clause: OHKO moves are banned
|rule|Evasion Items Clause: Evasion items are banned
|rule|Evasion Moves Clause: Evasion moves are banned
|rule|Evasion Abilities Clause: Evasion abilities are banned
|rule|Sleep Moves Clause: Sleep-inducing moves are banned
|clearpoke
|poke|p1|Kingambit, M|
|poke|p1|Deoxys-Speed|
|poke|p1|Great Tusk|
|poke|p1|Dragonite, M|
|poke|p1|Iron Moth|
|poke|p1|Primarina, M|
|poke|p2|Glimmora, F|
|poke|p2|Weavile, M|
|poke|p2|Zamazenta-*|
|poke|p2|Dragonite, M|
|poke|p2|Ogerpon-Wellspring, F|
|poke|p2|Gholdengo|
|teampreview
|inactive|Battle timer is ON: inactive players will automatically lose when time's up. (requested by Light SV)
|inactive|ho3nconfirm3d has 120 seconds left.
|j| tiochicodobos
|inactive|Light SV has 120 seconds left.
|
|t:|1759000920
|teamsize|p1|6
|teamsize|p2|6
|start
|switch|p1a: Yoshi|Dragonite, M, shiny|100/100
|switch|p2a: Gholdengo|Gholdengo|100/100
|turn|1
|
|t:|1759000924
|move|p1a: Yoshi|Fire Punch|p2a: Gholdengo
|-supereffective|p2a: Gholdengo
|-damage|p2a: Gholdengo|20/100
|move|p2a: Gholdengo|Nasty Plot|p2a: Gholdengo
|-boost|p2a: Gholdengo|spa|2
|
|upkeep
|turn|2
|
|t:|1759000927
|switch|p2a: Glimmora|Glimmora, F|100/100
|move|p1a: Yoshi|Fire Punch|p2a: Glimmora
|-resisted|p2a: Glimmora
|-damage|p2a: Glimmora|79/100
|-activate|p2a: Glimmora|ability: Toxic Debris
|-sidestart|p1: Light SV|move: Toxic Spikes
|-enditem|p2a: Glimmora|Red Card|[of] p1a: Yoshi
|drag|p1a: Siren|Primarina, M|100/100
|-status|p1a: Siren|psn
|
|-damage|p1a: Siren|88/100 psn|[from] psn
|upkeep
|turn|3
|
|t:|1759000930
|move|p2a: Glimmora|Stealth Rock|p1a: Siren
|-sidestart|p1: Light SV|move: Stealth Rock
|move|p1a: Siren|Surf|p2a: Glimmora
|-supereffective|p2a: Glimmora
|-damage|p2a: Glimmora|0 fnt
|faint|p2a: Glimmora
|
|-damage|p1a: Siren|75/100 psn|[from] psn
|upkeep
|
|t:|1759000931
|switch|p2a: Ogerpon|Ogerpon-Wellspring, F|100/100
|turn|4
|
|t:|1759000936
|switch|p1a: Yoshi|Dragonite, M, shiny|100/100
|-damage|p1a: Yoshi|76/100|[from] Stealth Rock
|move|p2a: Ogerpon|Power Whip|p1a: Yoshi
|-resisted|p1a: Yoshi
|-damage|p1a: Yoshi|56/100
|
|upkeep
|turn|5
|
|t:|1759000939
|move|p2a: Ogerpon|Play Rough|p1a: Yoshi
|-supereffective|p1a: Yoshi
|-damage|p1a: Yoshi|0 fnt
|faint|p1a: Yoshi
|
|upkeep
|
|t:|1759000942
|switch|p1a: Anomаly|Iron Moth|100/100
|-sideend|p1: Light SV|move: Toxic Spikes|[of] p1a: Anomаly
|-damage|p1a: Anomаly|76/100|[from] Stealth Rock
|-enditem|p1a: Anomаly|Booster Energy
|-activate|p1a: Anomаly|ability: Quark Drive|[fromitem]
|-start|p1a: Anomаly|quarkdrivespe
|turn|6
|
|t:|1759000950
|-terastallize|p2a: Ogerpon|Water
|detailschange|p2a: Ogerpon|Ogerpon-Wellspring-Tera, F, tera:Water
|-ability|p2a: Ogerpon|Embody Aspect (Wellspring)|boost
|-boost|p2a: Ogerpon|spd|1
|move|p1a: Anomаly|Sludge Wave|p2a: Ogerpon
|-damage|p2a: Ogerpon|65/100
|move|p2a: Ogerpon|Ivy Cudgel|p1a: Anomаly|[anim] Ivy Cudgel Water
|-supereffective|p1a: Anomаly
|-damage|p1a: Anomаly|0 fnt
|faint|p1a: Anomаly
|-end|p1a: Anomаly|Quark Drive|[silent]
|
|upkeep
|
|t:|1759000971
|switch|p1a: Moebius|Deoxys-Speed|100/100
|-damage|p1a: Moebius|88/100|[from] Stealth Rock
|-ability|p1a: Moebius|Pressure
|turn|7
|
|t:|1759000976
|move|p1a: Moebius|Psycho Boost|p2a: Ogerpon
|-damage|p2a: Ogerpon|2/100
|-unboost|p1a: Moebius|spa|2
|-damage|p1a: Moebius|78/100|[from] item: Life Orb
|move|p2a: Ogerpon|Ivy Cudgel|p1a: Moebius|[anim] Ivy Cudgel Water
|-crit|p1a: Moebius
|-damage|p1a: Moebius|0 fnt
|faint|p1a: Moebius
|
|upkeep
|
|t:|1759000978
|switch|p1a: Meruem|Kingambit, M|100/100
|-damage|p1a: Meruem|94/100|[from] Stealth Rock
|-activate|p1a: Meruem|ability: Supreme Overlord
|-start|p1a: Meruem|fallen3|[silent]
|turn|8
|
|t:|1759000982
|move|p1a: Meruem|Sucker Punch|p2a: Ogerpon
|-damage|p2a: Ogerpon|0 fnt
|faint|p2a: Ogerpon
|detailschange|p2: Ogerpon|Ogerpon-Wellspring, F|[silent]
|
|-heal|p1a: Meruem|100/100|[from] item: Leftovers
|upkeep
|
|t:|1759000987
|switch|p2a: Weavile|Weavile, M|100/100
|-ability|p2a: Weavile|Pressure
|turn|9
|
|t:|1759001004
|move|p2a: Weavile|Knock Off|p1a: Meruem
|-resisted|p1a: Meruem
|-damage|p1a: Meruem|76/100
|-enditem|p1a: Meruem|Leftovers|[from] move: Knock Off|[of] p2a: Weavile
|-damage|p2a: Weavile|91/100|[from] item: Life Orb
|move|p1a: Meruem|Iron Head|p2a: Weavile
|-supereffective|p2a: Weavile
|-damage|p2a: Weavile|0 fnt
|faint|p2a: Weavile
|
|upkeep
|
|t:|1759001011
|switch|p2a: Dragonite|Dragonite, M|100/100
|turn|10
|
|t:|1759001019
|-end|p1a: Meruem|fallen3|[silent]
|switch|p1a: Anomaly|Great Tusk|100/100
|-damage|p1a: Anomaly|98/100|[from] Stealth Rock
|-enditem|p1a: Anomaly|Booster Energy
|-activate|p1a: Anomaly|ability: Protosynthesis|[fromitem]
|-start|p1a: Anomaly|protosynthesisatk
|move|p2a: Dragonite|Earthquake|p1a: Anomaly
|-damage|p1a: Anomaly|71/100
|
|upkeep
|turn|11
|
|t:|1759001025
|switch|p2a: Gholdengo|Gholdengo|20/100
|move|p1a: Anomaly|Rapid Spin|p2a: Gholdengo
|-immune|p2a: Gholdengo
|
|upkeep
|turn|12
|
|t:|1759001030
|move|p1a: Anomaly|Headlong Rush|p2a: Gholdengo
|-supereffective|p2a: Gholdengo
|-enditem|p2a: Gholdengo|Shuca Berry|[eat]
|-enditem|p2a: Gholdengo|Shuca Berry|[weaken]
|-damage|p2a: Gholdengo|0 fnt
|-unboost|p1a: Anomaly|def|1
|-unboost|p1a: Anomaly|spd|1
|faint|p2a: Gholdengo
|
|upkeep
|j| chaintrainalt
|
|t:|1759001037
|switch|p2a: Zamazenta|Zamazenta|100/100
|-ability|p2a: Zamazenta|Dauntless Shield|boost
|-boost|p2a: Zamazenta|def|1
|turn|13
|
|t:|1759001039
|move|p2a: Zamazenta|Iron Defense|p2a: Zamazenta
|-boost|p2a: Zamazenta|def|2
|move|p1a: Anomaly|Rapid Spin|p2a: Zamazenta
|-damage|p2a: Zamazenta|94/100
|-boost|p1a: Anomaly|spe|1
|-sideend|p1: Light SV|Stealth Rock|[from] move: Rapid Spin|[of] p1a: Anomaly
|
|-heal|p2a: Zamazenta|99/100|[from] item: Leftovers
|upkeep
|turn|14
|
|t:|1759001044
|move|p1a: Anomaly|Headlong Rush|p2a: Zamazenta
|-damage|p2a: Zamazenta|75/100
|-unboost|p1a: Anomaly|def|1
|-unboost|p1a: Anomaly|spd|1
|move|p2a: Zamazenta|Iron Defense|p2a: Zamazenta
|-boost|p2a: Zamazenta|def|2
|
|-heal|p2a: Zamazenta|81/100|[from] item: Leftovers
|upkeep
|turn|15
|
|t:|1759001050
|move|p1a: Anomaly|Headlong Rush|p2a: Zamazenta
|-damage|p2a: Zamazenta|63/100
|-unboost|p1a: Anomaly|def|1
|-unboost|p1a: Anomaly|spd|1
|move|p2a: Zamazenta|Iron Defense|p2a: Zamazenta
|-boost|p2a: Zamazenta|def|1
|
|-heal|p2a: Zamazenta|69/100|[from] item: Leftovers
|upkeep
|turn|16
|
|t:|1759001052
|move|p1a: Anomaly|Headlong Rush|p2a: Zamazenta
|-damage|p2a: Zamazenta|54/100
|-unboost|p1a: Anomaly|def|1
|-unboost|p1a: Anomaly|spd|1
|move|p2a: Zamazenta|Roar|p1a: Anomaly
|-end|p1a: Anomaly|Protosynthesis|[silent]
|drag|p1a: Siren|Primarina, M|75/100 psn
|
|-heal|p2a: Zamazenta|60/100|[from] item: Leftovers
|-damage|p1a: Siren|63/100 psn|[from] psn
|upkeep
|turn|17
|
|t:|1759001055
|move|p2a: Zamazenta|Body Press|p1a: Siren
|-resisted|p1a: Siren
|-damage|p1a: Siren|0 fnt
|faint|p1a: Siren
|
|-heal|p2a: Zamazenta|66/100|[from] item: Leftovers
|upkeep
|
|t:|1759001058
|switch|p1a: Anomaly|Great Tusk|71/100
|turn|18
|
|t:|1759001060
|move|p2a: Zamazenta|Body Press|p1a: Anomaly
|-damage|p1a: Anomaly|0 fnt
|faint|p1a: Anomaly
|-end|p1a: Anomaly|Protosynthesis|[silent]
|
|-heal|p2a: Zamazenta|72/100|[from] item: Leftovers
|upkeep
|
|t:|1759001062
|switch|p1a: Meruem|Kingambit, M|76/100
|-activate|p1a: Meruem|ability: Supreme Overlord
|-start|p1a: Meruem|fallen5|[silent]
|turn|19
|
|t:|1759001068
|move|p2a: Zamazenta|Body Press|p1a: Meruem
|-supereffective|p1a: Meruem
|-damage|p1a: Meruem|0 fnt
|faint|p1a: Meruem
|-end|p1a: Meruem|fallen5|[silent]
|
|win|ho3nconfirm3d
|raw|Light SV's rating: 1913 &rarr; <strong>1893</strong><br />(-20 for losing)
|raw|ho3nconfirm3d's rating: 1910 &rarr; <strong>1930</strong><br />(+20 for winning)
|l|☆Light SV
|player|p1|
|l|‽ho3nconfirm3d
|player|p2|
|l| tiochicodobos
|j|‽ho3nconfirm3d
|player|p2|ho3nconfirm3d|#scl5shoguns|
|l|‽ho3nconfirm3d
|player|p2|
|l| chaintrainalt
