|j|☆Paradox Luxray
|j|☆Citrusfunk
|t:|1759036229
|gametype|singles
|player|p1|Paradox Luxray|colress|1210
|player|p2|Citrusfunk|grimsley|1215
|gen|9
|tier|[Gen 9] OU
|rated|
|rule|HP Percentage Mod: HP is shown in percentages
|rule|Endless Battle Clause: Forcing endless battles is banned
|rule|Species Clause: Limit one of each Pokémon
|rule|OHKO Clause: OHKO moves are banned
|rule|Evasion Items Clause: Evasion items are banned
|rule|Evasion Moves Clause: Evasion moves are banned
|rule|Evasion Abilities Clause: Evasion abilities are banned
|rule|Sleep Moves Clause: Sleep-inducing moves are banned
|clearpoke
|poke|p1|Iron Valiant|
|poke|p1|Samurott-Hisui, F|
|poke|p1|Dragonite, M|
|poke|p1|Pecharunt|
|poke|p1|Great Tusk|
|poke|p1|Kingambit, F|
|poke|p2|Garchomp, M|
|poke|p2|Dragapult, F|
|poke|p2|Hydreigon, F|
|poke|p2|Dragonite, F|
|poke|p2|Goodra-Hisui, M|
|poke|p2|Salamence, F|
|teampreview
|inactive|Battle timer is ON: inactive players will automatically lose when time's up. (requested by Citrusfunk)
|
|t:|1759036259
|teamsize|p1|6
|teamsize|p2|6
|start
|switch|p1a: Great Tusk|Great Tusk|100/100
|switch|p2a: Dragapult|Dragapult, F|100/100
|turn|1
|
|t:|1759036265
|move|p2a: Dragapult|Reflect|p2a: Dragapult
|-sidestart|p2: Citrusfunk|Reflect
|move|p1a: Great Tusk|Ice Spinner|p2a: Dragapult
|-supereffective|p2a: Dragapult
|-damage|p2a: Dragapult|72/100
|
|upkeep
|turn|2
|
|t:|1759036270
|move|p2a: Dragapult|Light Screen|p2a: Dragapult
|-sidestart|p2: Citrusfunk|move: Light Screen
|move|p1a: Great Tusk|Stealth Rock|p2a: Dragapult
|-sidestart|p2: Citrusfunk|move: Stealth Rock
|
|upkeep
|turn|3
|
|t:|1759036287
|move|p2a: Dragapult|Draco Meteor|p1a: Great Tusk
|-damage|p1a: Great Tusk|47/100
|-unboost|p2a: Dragapult|spa|2
|move|p1a: Great Tusk|Ice Spinner|p2a: Dragapult
|-supereffective|p2a: Dragapult
|-damage|p2a: Dragapult|45/100
|
|upkeep
|turn|4
|
|t:|1759036291
|move|p2a: Dragapult|U-turn|p1a: Great Tusk
|-resisted|p1a: Great Tusk
|-damage|p1a: Great Tusk|41/100
|-damage|p2a: Dragapult|29/100|[from] item: Rocky Helmet|[of] p1a: Great Tusk
|
|t:|1759036303
|switch|p2a: Salamence|Salamence, F|100/100|[from] U-turn
|-ability|p2a: Salamence|Intimidate|boost
|-unboost|p1a: Great Tusk|atk|1
|move|p1a: Great Tusk|Ice Spinner|p2a: Salamence
|-supereffective|p2a: Salamence
|-crit|p2a: Salamence
|-damage|p2a: Salamence|0 fnt
|faint|p2a: Salamence
|
|upkeep
|
|t:|1759036313
|switch|p2a: Dragapult|Dragapult, F|29/100
|-damage|p2a: Dragapult|17/100|[from] Stealth Rock
|turn|5
|
|t:|1759036317
|move|p2a: Dragapult|Draco Meteor|p1a: Great Tusk
|-damage|p1a: Great Tusk|0 fnt
|-unboost|p2a: Dragapult|spa|2
|faint|p1a: Great Tusk
|-end|p1a: Great Tusk|Protosynthesis|[silent]
|
|upkeep
|
|t:|1759036330
|switch|p1a: Samurott|Samurott-Hisui, F|100/100
|turn|6
|
|t:|1759036335
|move|p2a: Dragapult|U-turn|p1a: Samurott
|-supereffective|p1a: Samurott
|-damage|p1a: Samurott|58/100
|
|t:|1759036337
|switch|p2a: Goodra|Goodra-Hisui, M|100/100|[from] U-turn
|-damage|p2a: Goodra|94/100|[from] Stealth Rock
|move|p1a: Samurott|Knock Off|p2a: Goodra
|-damage|p2a: Goodra|79/100
|-ability|p2a: Goodra|Gooey
|-unboost|p1a: Samurott|spe|1
|-enditem|p2a: Goodra|Assault Vest|[from] move: Knock Off|[of] p1a: Samurott
|
|upkeep
|turn|7
|
|t:|1759036350
|switch|p1a: Dragonite|Dragonite, M|100/100
|move|p2a: Goodra|Thunderbolt|p1a: Dragonite
|-damage|p1a: Dragonite|89/100
|
|upkeep
|turn|8
|
|t:|1759036358
|move|p1a: Dragonite|Earthquake|p2a: Goodra
|-supereffective|p2a: Goodra
|-damage|p2a: Goodra|51/100
|move|p2a: Goodra|Ice Beam|p1a: Dragonite
|-supereffective|p1a: Dragonite
|-damage|p1a: Dragonite|0 fnt
|faint|p1a: Dragonite
|
|-sideend|p2: Citrusfunk|Reflect
|upkeep
|
|t:|1759036379
|switch|p1a: Samurott|Samurott-Hisui, F|58/100
|turn|9
|inactive|Paradox Luxray has 120 seconds left.
|
|t:|1759036408
|switch|p2a: Dragapult|Dragapult, F|17/100
|-damage|p2a: Dragapult|4/100|[from] Stealth Rock
|move|p1a: Samurott|Encore||[still]
|-fail|p1a: Samurott
|
|-sideend|p2: Citrusfunk|move: Light Screen
|upkeep
|turn|10
|inactive|Paradox Luxray has 120 seconds left.
|
|t:|1759036416
|switch|p1a: Kingambit|Kingambit, F|100/100
|-activate|p1a: Kingambit|ability: Supreme Overlord
|-start|p1a: Kingambit|fallen2|[silent]
|move|p2a: Dragapult|Reflect|p2a: Dragapult
|-sidestart|p2: Citrusfunk|Reflect
|
|upkeep
|turn|11
|
|t:|1759036423
|move|p2a: Dragapult|Draco Meteor|p1a: Kingambit
|-resisted|p1a: Kingambit
|-damage|p1a: Kingambit|79/100
|-unboost|p2a: Dragapult|spa|2
|move|p1a: Kingambit|Swords Dance|p1a: Kingambit
|-boost|p1a: Kingambit|atk|2
|
|-heal|p1a: Kingambit|85/100|[from] item: Leftovers
|upkeep
|turn|12
|
|t:|1759036426
|move|p2a: Dragapult|U-turn|p1a: Kingambit
|-damage|p1a: Kingambit|72/100
|
|t:|1759036430
|switch|p2a: Goodra|Goodra-Hisui, M|51/100|[from] U-turn
|-damage|p2a: Goodra|45/100|[from] Stealth Rock
|move|p1a: Kingambit|Kowtow Cleave|p2a: Goodra
|-damage|p2a: Goodra|3/100
|-ability|p2a: Goodra|Gooey
|-unboost|p1a: Kingambit|spe|1
|
|-heal|p1a: Kingambit|78/100|[from] item: Leftovers
|upkeep
|turn|13
|
|t:|1759036437
|move|p2a: Goodra|Flamethrower|p1a: Kingambit
|-supereffective|p1a: Kingambit
|-damage|p1a: Kingambit|23/100
|move|p1a: Kingambit|Kowtow Cleave|p2a: Goodra
|-damage|p2a: Goodra|0 fnt
|-ability|p2a: Goodra|Gooey
|-unboost|p1a: Kingambit|spe|1
|faint|p2a: Goodra
|
|-heal|p1a: Kingambit|29/100|[from] item: Leftovers
|upkeep
|
|t:|1759036440
|switch|p2a: Dragapult|Dragapult, F|4/100
|-damage|p2a: Dragapult|0 fnt|[from] Stealth Rock
|faint|p2a: Dragapult
|
|t:|1759036445
|switch|p2a: Hydreigon|Hydreigon, F|100/100
|-damage|p2a: Hydreigon|88/100|[from] Stealth Rock
|turn|14
|
|t:|1759036456
|move|p2a: Hydreigon|Draco Meteor|p1a: Kingambit
|-resisted|p1a: Kingambit
|-crit|p1a: Kingambit
|-damage|p1a: Kingambit|0 fnt
|-unboost|p2a: Hydreigon|spa|2
|faint|p1a: Kingambit
|-end|p1a: Kingambit|fallen2|[silent]
|
|upkeep
|
|t:|1759036466
|switch|p1a: Iron Valiant|Iron Valiant|100/100
|turn|15
|
|t:|1759036480
|switch|p2a: Dragonite|Dragonite, F|100/100
|-damage|p2a: Dragonite|76/100|[from] Stealth Rock
|move|p1a: Iron Valiant|Moonblast|p2a: Dragonite
|-supereffective|p2a: Dragonite
|-damage|p2a: Dragonite|0 fnt
|faint|p2a: Dragonite
|
|upkeep
|
|t:|1759036487
|switch|p2a: Garchomp|Garchomp, M|100/100
|-damage|p2a: Garchomp|94/100|[from] Stealth Rock
|turn|16
|
|t:|1759036490
|move|p1a: Iron Valiant|Moonblast|p2a: Garchomp
|-supereffective|p2a: Garchomp
|-damage|p2a: Garchomp|0 fnt
|faint|p2a: Garchomp
|
|upkeep
|
|t:|1759036492
|switch|p2a: Hydreigon|Hydreigon, F|88/100
|-damage|p2a: Hydreigon|76/100|[from] Stealth Rock
|turn|17
|
|t:|1759036495
|-terastallize|p2a: Hydreigon|Steel
|move|p1a: Iron Valiant|Moonblast|p2a: Hydreigon
|-resisted|p2a: Hydreigon
|-damage|p2a: Hydreigon|33/100
|-unboost|p2a: Hydreigon|spa|1
|move|p2a: Hydreigon|Flash Cannon|p1a: Iron Valiant
|-supereffective|p1a: Iron Valiant
|-crit|p1a: Iron Valiant
|-damage|p1a: Iron Valiant|0 fnt
|faint|p1a: Iron Valiant
|-end|p1a: Iron Valiant|Quark Drive|[silent]
|
|-sideend|p2: Citrusfunk|Reflect
|upkeep
|
|t:|1759036507
|switch|p1a: Samurott|Samurott-Hisui, F|58/100
|turn|18
|
|t:|1759036516
|move|p2a: Hydreigon|Flash Cannon|p1a: Samurott
|-resisted|p1a: Samurott
|-crit|p1a: Samurott
|-damage|p1a: Samurott|10/100
|move|p1a: Samurott|Ceaseless Edge|p2a: Hydreigon
|-damage|p2a: Hydreigon|0 fnt
|-sidestart|p2: Citrusfunk|Spikes
|faint|p2a: Hydreigon
|
|win|Paradox Luxray
|raw|Paradox Luxray's rating: 1210 &rarr; <strong>1235</strong><br />(+25 for winning)
|raw|Citrusfunk's rating: 1215 &rarr; <strong>1190</strong><br />(-25 for losing)
|l|☆Citrusfunk
|player|p2|
|l|☆Paradox Luxray
|player|p1|
