|j|☆Shubway
|j|☆FOX lRL
|t:|1758978221
|gametype|singles
|player|p1|Shubway|265|1384
|player|p2|FOX lRL|266|1326
|gen|9
|tier|[Gen 9] OU
|rated|
|rule|HP Percentage Mod: HP is shown in percentages
|rule|Endless Battle Clause: Forcing endless battles is banned
|rule|Species Clause: Limit one of each Pokémon
|rule|OHKO Clause: OHKO moves are banned
|rule|Evasion Items Clause: Evasion items are banned
|rule|Evasion Moves Clause: Evasion moves are banned
|rule|Evasion Abilities Clause: Evasion abilities are banned
|rule|Sleep Moves Clause: Sleep-inducing moves are banned
|clearpoke
|poke|p1|Polteageist|
|poke|p1|Grimmsnarl, M|
|poke|p1|Indeedee, M|
|poke|p1|Salazzle, F|
|poke|p1|Hawlucha, M|
|poke|p1|Ogerpon-Wellspring, F|
|poke|p2|Cresselia, F|
|poke|p2|Glastrier|
|poke|p2|Ursaluna, F|
|poke|p2|Hatterene, F|
|poke|p2|Kingambit, F|
|poke|p2|Torkoal, F|
|teampreview
|inactive|Battle timer is ON: inactive players will automatically lose when time's up. (requested by Shubway)
|
|t:|1758978254
|teamsize|p1|6
|teamsize|p2|6
|start
|switch|p1a: Ogerpon|Ogerpon-Wellspring, F|100/100
|switch|p2a: Hatterene|Hatterene, F|100/100
|turn|1
|
|t:|1758978262
|move|p1a: Ogerpon|Swords Dance|p1a: Ogerpon
|-boost|p1a: Ogerpon|atk|2
|move|p2a: Hatterene|Trick Room|p2a: Hatterene
|-fieldstart|move: Trick Room|[of] p2a: Hatterene
|
|upkeep
|turn|2
|
|t:|1758978269
|move|p2a: Hatterene|Misty Explosion|p1a: Ogerpon
|-damage|p1a: Ogerpon|35/100
|faint|p2a: Hatterene
|move|p1a: Ogerpon|Ivy Cudgel|p2: Hatterene|[notarget]
|-fail|p1a: Ogerpon
|
|upkeep
|
|t:|1758978278
|switch|p2a: BOMBA|Torkoal, F|100/100
|-weather|SunnyDay|[from] ability: Drought|[of] p2a: BOMBA
|turn|3
|
|t:|1758978285
|move|p2a: BOMBA|Eruption|p1a: Ogerpon
|-damage|p1a: Ogerpon|0 fnt
|faint|p1a: Ogerpon
|
|-weather|SunnyDay|[upkeep]
|upkeep
|
|t:|1758978294
|switch|p1a: Grimmsnarl|Grimmsnarl, M|100/100
|turn|4
|
|t:|1758978300
|move|p1a: Grimmsnarl|Light Screen|p1a: Grimmsnarl
|-sidestart|p1: Shubway|move: Light Screen
|move|p2a: BOMBA|Eruption|p1a: Grimmsnarl
|-damage|p1a: Grimmsnarl|41/100
|
|-weather|SunnyDay|[upkeep]
|upkeep
|turn|5
|l|☆Shubway
|inactive|Shubway disconnected and has a minute to reconnect!
|player|p1|
|j|☆Shubway
|inactive|Shubway reconnected and has 130 seconds left.
|player|p1|Shubway|265|
|inactive|FOX lRL has 120 seconds left.
|
|t:|1758978352
|move|p1a: Grimmsnarl|Sucker Punch|p2a: BOMBA
|-damage|p2a: BOMBA|70/100
|move|p2a: BOMBA|Eruption|p1a: Grimmsnarl
|-damage|p1a: Grimmsnarl|0 fnt
|faint|p1a: Grimmsnarl
|
|-weather|SunnyDay|[upkeep]
|-fieldend|move: Trick Room
|upkeep
|inactive|Shubway has 120 seconds left.
|
|t:|1758978370
|switch|p1a: Indeedee|Indeedee, M|100/100
|-fieldstart|move: Psychic Terrain|[from] ability: Psychic Surge|[of] p1a: Indeedee
|turn|6
|inactive|Shubway has 120 seconds left.
|
|t:|1758978375
|move|p1a: Indeedee|Expanding Force|p2a: BOMBA
|-damage|p2a: BOMBA|0 fnt
|faint|p2a: BOMBA
|
|-weather|SunnyDay|[upkeep]
|upkeep
|
|t:|1758978383
|switch|p2a: Cresselia|Cresselia, F|100/100
|turn|7
|inactive|FOX lRL has 120 seconds left.
|inactive|Shubway has 120 seconds left.
|
|t:|1758978424
|switch|p1a: Salazzle|Salazzle, F|100/100
|move|p2a: Cresselia|Light Screen|p2a: Cresselia
|-sidestart|p2: FOX lRL|move: Light Screen
|
|-weather|none
|upkeep
|turn|8
|inactive|FOX lRL has 120 seconds left.
|
|t:|1758978444
|move|p1a: Salazzle|Toxic|p2a: Cresselia
|-status|p2a: Cresselia|tox
|move|p2a: Cresselia|Trick Room|p2a: Cresselia
|-fieldstart|move: Trick Room|[of] p2a: Cresselia
|
|-damage|p2a: Cresselia|94/100 tox|[from] psn
|upkeep
|turn|9
|
|t:|1758978456
|switch|p2a: Ursaluna|Ursaluna, F|100/100
|move|p1a: Salazzle|Substitute|p1a: Salazzle
|-start|p1a: Salazzle|Substitute
|-damage|p1a: Salazzle|76/100
|
|-heal|p1a: Salazzle|82/100|[from] item: Leftovers
|-status|p2a: Ursaluna|brn|[from] item: Flame Orb
|upkeep
|turn|10
|inactive|FOX lRL has 120 seconds left.
|
|t:|1758978472
|move|p1a: Salazzle|Protect|p1a: Salazzle
|-singleturn|p1a: Salazzle|Protect
|move|p2a: Ursaluna|Earthquake|p1a: Salazzle
|-activate|p1a: Salazzle|move: Protect
|
|-heal|p1a: Salazzle|88/100|[from] item: Leftovers
|-damage|p2a: Ursaluna|94/100 brn|[from] brn
|upkeep
|turn|11
|inactive|Shubway has 120 seconds left.
|
|t:|1758978481
|move|p2a: Ursaluna|Earthquake|p1a: Salazzle
|-supereffective|p1a: Salazzle
|-end|p1a: Salazzle|Substitute
|move|p1a: Salazzle|Substitute|p1a: Salazzle
|-start|p1a: Salazzle|Substitute
|-damage|p1a: Salazzle|63/100
|
|-heal|p1a: Salazzle|69/100|[from] item: Leftovers
|-damage|p2a: Ursaluna|88/100 brn|[from] brn
|-sideend|p1: Shubway|move: Light Screen
|upkeep
|turn|12
|
|t:|1758978491
|move|p1a: Salazzle|Protect|p1a: Salazzle
|-singleturn|p1a: Salazzle|Protect
|move|p2a: Ursaluna|Earthquake|p1a: Salazzle
|-activate|p1a: Salazzle|move: Protect
|
|-heal|p1a: Salazzle|75/100|[from] item: Leftovers
|-damage|p2a: Ursaluna|82/100 brn|[from] brn
|-fieldend|move: Trick Room
|upkeep
|turn|13
|
|t:|1758978497
|move|p1a: Salazzle|Flamethrower|p2a: Ursaluna
|-damage|p2a: Ursaluna|63/100 brn
|move|p2a: Ursaluna|Earthquake|p1a: Salazzle
|-supereffective|p1a: Salazzle
|-end|p1a: Salazzle|Substitute
|
|-heal|p1a: Salazzle|81/100|[from] item: Leftovers
|-damage|p2a: Ursaluna|57/100 brn|[from] brn
|-fieldend|move: Psychic Terrain
|upkeep
|turn|14
|
|t:|1758978508
|-terastallize|p1a: Salazzle|Flying
|move|p1a: Salazzle|Substitute|p1a: Salazzle
|-start|p1a: Salazzle|Substitute
|-damage|p1a: Salazzle|57/100
|move|p2a: Ursaluna|Facade|p1a: Salazzle
|-end|p1a: Salazzle|Substitute
|
|-heal|p1a: Salazzle|63/100|[from] item: Leftovers
|-damage|p2a: Ursaluna|51/100 brn|[from] brn
|-sideend|p2: FOX lRL|move: Light Screen
|upkeep
|turn|15
|
|t:|1758978517
|move|p1a: Salazzle|Protect|p1a: Salazzle
|-singleturn|p1a: Salazzle|Protect
|move|p2a: Ursaluna|Facade|p1a: Salazzle
|-activate|p1a: Salazzle|move: Protect
|
|-heal|p1a: Salazzle|69/100|[from] item: Leftovers
|-damage|p2a: Ursaluna|45/100 brn|[from] brn
|upkeep
|turn|16
|
|t:|1758978523
|move|p1a: Salazzle|Substitute|p1a: Salazzle
|-start|p1a: Salazzle|Substitute
|-damage|p1a: Salazzle|44/100
|move|p2a: Ursaluna|Facade|p1a: Salazzle
|-end|p1a: Salazzle|Substitute
|
|-heal|p1a: Salazzle|50/100|[from] item: Leftovers
|-damage|p2a: Ursaluna|39/100 brn|[from] brn
|upkeep
|turn|17
|
|t:|1758978530
|move|p1a: Salazzle|Protect|p1a: Salazzle
|-singleturn|p1a: Salazzle|Protect
|move|p2a: Ursaluna|Facade|p1a: Salazzle
|-activate|p1a: Salazzle|move: Protect
|
|-heal|p1a: Salazzle|56/100|[from] item: Leftovers
|-damage|p2a: Ursaluna|33/100 brn|[from] brn
|upkeep
|turn|18
|
|t:|1758978533
|move|p1a: Salazzle|Flamethrower|p2a: Ursaluna
|-damage|p2a: Ursaluna|0 fnt
|faint|p2a: Ursaluna
|
|-heal|p1a: Salazzle|62/100|[from] item: Leftovers
|upkeep
|
|t:|1758978550
|switch|p2a: Kingambit|Kingambit, F|100/100
|-activate|p2a: Kingambit|ability: Supreme Overlord
|-start|p2a: Kingambit|fallen3|[silent]
|turn|19
|
|t:|1758978559
|-terastallize|p2a: Kingambit|Flying
|move|p1a: Salazzle|Flamethrower|p2a: Kingambit
|-damage|p2a: Kingambit|59/100
|-status|p2a: Kingambit|brn
|move|p2a: Kingambit|Kowtow Cleave|p1a: Salazzle
|-damage|p1a: Salazzle|0 fnt
|faint|p1a: Salazzle
|
|-damage|p2a: Kingambit|53/100 brn|[from] brn
|upkeep
|
|t:|1758978568
|switch|p1a: Indeedee|Indeedee, M|100/100
|-fieldstart|move: Psychic Terrain|[from] ability: Psychic Surge|[of] p1a: Indeedee
|turn|20
|
|t:|1758978575
|move|p1a: Indeedee|Expanding Force|p2a: Kingambit
|-damage|p2a: Kingambit|0 fnt
|faint|p2a: Kingambit
|-end|p2a: Kingambit|fallen3|[silent]
|
|upkeep
|
|t:|1758978578
|switch|p2a: Cresselia|Cresselia, F|94/100 tox
|turn|21
|
|t:|1758978592
|move|p1a: Indeedee|Expanding Force|p2a: Cresselia
|-resisted|p2a: Cresselia
|-damage|p2a: Cresselia|73/100 tox
|move|p2a: Cresselia|Light Screen|p2a: Cresselia
|-sidestart|p2: FOX lRL|move: Light Screen
|
|-damage|p2a: Cresselia|67/100 tox|[from] psn
|upkeep
|turn|22
|
|t:|1758978598
|move|p1a: Indeedee|Encore|p2a: Cresselia
|-start|p2a: Cresselia|Encore
|move|p2a: Cresselia|Light Screen||[still]
|-fail|p2a: Cresselia
|
|-damage|p2a: Cresselia|55/100 tox|[from] psn
|upkeep
|turn|23
|
|t:|1758978601
|switch|p1a: Hawlucha|Hawlucha, M|100/100
|-enditem|p1a: Hawlucha|Psychic Seed
|-boost|p1a: Hawlucha|spd|1|[from] item: Psychic Seed
|switch|p2a: Glastrier|Glastrier|100/100
|
|upkeep
|turn|24
|
|t:|1758978606
|switch|p2a: Cresselia|Cresselia, F|55/100 tox
|move|p1a: Hawlucha|Close Combat|p2a: Cresselia
|-resisted|p2a: Cresselia
|-damage|p2a: Cresselia|40/100 tox
|-unboost|p1a: Hawlucha|def|1
|-unboost|p1a: Hawlucha|spd|1
|
|-damage|p2a: Cresselia|34/100 tox|[from] psn
|upkeep
|turn|25
|
|t:|1758978614
|switch|p1a: Polteageist|Polteageist|100/100
|move|p2a: Cresselia|Trick Room|p2a: Cresselia
|-fieldstart|move: Trick Room|[of] p2a: Cresselia
|
|-damage|p2a: Cresselia|22/100 tox|[from] psn
|upkeep
|turn|26
|
|t:|1758978628
|switch|p2a: Glastrier|Glastrier|100/100
|switch|p1a: Indeedee|Indeedee, M|100/100
|
|upkeep
|turn|27
|
|t:|1758978639
|move|p2a: Glastrier|Swords Dance|p2a: Glastrier
|-boost|p2a: Glastrier|atk|2
|move|p1a: Indeedee|Healing Wish|p1a: Indeedee
|faint|p1a: Indeedee
|
|-fieldend|move: Psychic Terrain
|upkeep
|
|t:|1758978647
|switch|p1a: Polteageist|Polteageist|100/100
|turn|28
|
|t:|1758978651
|move|p2a: Glastrier|Icicle Crash|p1a: Polteageist
|-damage|p1a: Polteageist|0 fnt
|faint|p1a: Polteageist
|-ability|p2a: Glastrier|Chilling Neigh|boost
|-boost|p2a: Glastrier|atk|1
|
|-sideend|p2: FOX lRL|move: Light Screen
|upkeep
|
|t:|1758978655
|switch|p1a: Hawlucha|Hawlucha, M|100/100
|turn|29
|
|t:|1758978662
|move|p2a: Glastrier|Icicle Crash|p1a: Hawlucha
|-supereffective|p1a: Hawlucha
|-damage|p1a: Hawlucha|0 fnt
|faint|p1a: Hawlucha
|
|win|FOX lRL
|raw|Shubway's rating: 1384 &rarr; <strong>1361</strong><br />(-23 for losing)
|raw|FOX lRL's rating: 1326 &rarr; <strong>1349</strong><br />(+23 for winning)
|l|☆Shubway
|player|p1|
