|j|☆aliester - es
|j|☆ilytrix
|t:|1759032993
|gametype|singles
|player|p1|aliester - es|n|1650
|player|p2|ilytrix|n-masters|1711
|gen|9
|tier|[Gen 9] OU
|rated|
|rule|HP Percentage Mod: HP is shown in percentages
|rule|Endless Battle Clause: Forcing endless battles is banned
|rule|Species Clause: Limit one of each Pokémon
|rule|OHKO Clause: OHKO moves are banned
|rule|Evasion Items Clause: Evasion items are banned
|rule|Evasion Moves Clause: Evasion moves are banned
|rule|Evasion Abilities Clause: Evasion abilities are banned
|rule|Sleep Moves Clause: Sleep-inducing moves are banned
|clearpoke
|poke|p1|Tyranitar, F|
|poke|p1|Excadrill, F|
|poke|p1|Keldeo-Resolute|
|poke|p1|Moltres|
|poke|p1|Ogerpon-Wellspring, F|
|poke|p1|Dragapult, M|
|poke|p2|Ogerpon-Wellspring, F|
|poke|p2|Raging Bolt|
|poke|p2|Latias, F|
|poke|p2|Kyurem|
|poke|p2|Ninetales-Alola, F|
|poke|p2|Iron Moth|
|teampreview
|
|t:|1759033004
|teamsize|p1|6
|teamsize|p2|6
|start
|switch|p1a: Dragapult|Dragapult, M|100/100
|switch|p2a: Ogerpon|Ogerpon-Wellspring, F|100/100
|turn|1
|
|t:|1759033011
|move|p1a: Dragapult|U-turn|p2a: Ogerpon
|-supereffective|p2a: Ogerpon
|-damage|p2a: Ogerpon|16/100
|
|t:|1759033014
|switch|p1a: Keldeo|Keldeo-Resolute|100/100|[from] U-turn
|move|p2a: Ogerpon|Swords Dance|p2a: Ogerpon
|-boost|p2a: Ogerpon|atk|2
|
|upkeep
|turn|2
|
|t:|1759033019
|move|p1a: Keldeo|Vacuum Wave|p2a: Ogerpon
|-damage|p2a: Ogerpon|0 fnt
|faint|p2a: Ogerpon
|
|upkeep
|
|t:|1759033023
|switch|p2a: 50/50|Raging Bolt|100/100
|-enditem|p2a: 50/50|Booster Energy
|-activate|p2a: 50/50|ability: Protosynthesis|[fromitem]
|-start|p2a: 50/50|protosynthesisspa
|turn|3
|
|t:|1759033026
|switch|p1a: Tyranitar|Tyranitar, F|100/100
|-weather|Sandstorm|[from] ability: Sand Stream|[of] p1a: Tyranitar
|move|p2a: 50/50|Calm Mind|p2a: 50/50
|-boost|p2a: 50/50|spa|1
|-boost|p2a: 50/50|spd|1
|
|-weather|Sandstorm|[upkeep]
|-damage|p2a: 50/50|94/100|[from] Sandstorm
|upkeep
|turn|4
|
|t:|1759033030
|move|p2a: 50/50|Thunderbolt|p1a: Tyranitar
|-damage|p1a: Tyranitar|42/100
|move|p1a: Tyranitar|Stealth Rock|p2a: 50/50
|-sidestart|p2: ilytrix|move: Stealth Rock
|
|-weather|Sandstorm|[upkeep]
|-damage|p2a: 50/50|88/100|[from] Sandstorm
|upkeep
|turn|5
|
|t:|1759033038
|switch|p1a: Keldeo|Keldeo-Resolute|100/100
|move|p2a: 50/50|Dragon Pulse|p1a: Keldeo
|-damage|p1a: Keldeo|0 fnt
|faint|p1a: Keldeo
|
|-weather|Sandstorm|[upkeep]
|-damage|p2a: 50/50|82/100|[from] Sandstorm
|upkeep
|
|t:|1759033042
|switch|p1a: Excadrill|Excadrill, F|100/100
|-item|p1a: Excadrill|Air Balloon
|turn|6
|
|t:|1759033047
|move|p1a: Excadrill|Earthquake|p2a: 50/50
|-supereffective|p2a: 50/50
|-damage|p2a: 50/50|0 fnt
|faint|p2a: 50/50
|-end|p2a: 50/50|Protosynthesis|[silent]
|
|-weather|Sandstorm|[upkeep]
|upkeep
|
|t:|1759033049
|switch|p2a: snow bunny|Ninetales-Alola, F|100/100
|-damage|p2a: snow bunny|76/100|[from] Stealth Rock
|-weather|Snowscape|[from] ability: Snow Warning|[of] p2a: snow bunny
|turn|7
|
|t:|1759033057
|move|p2a: snow bunny|Aurora Veil|p2a: snow bunny
|-sidestart|p2: ilytrix|move: Aurora Veil
|move|p1a: Excadrill|Iron Head|p2a: snow bunny
|-supereffective|p2a: snow bunny
|-damage|p2a: snow bunny|0 fnt
|faint|p2a: snow bunny
|
|-weather|Snowscape|[upkeep]
|upkeep
|
|t:|1759033060
|switch|p2a: MoveMerchant|Iron Moth|100/100
|-damage|p2a: MoveMerchant|76/100|[from] Stealth Rock
|-enditem|p2a: MoveMerchant|Booster Energy
|-activate|p2a: MoveMerchant|ability: Quark Drive|[fromitem]
|-start|p2a: MoveMerchant|quarkdrivespe
|turn|8
|
|t:|1759033063
|switch|p1a: Tyranitar|Tyranitar, F|42/100
|-weather|Sandstorm|[from] ability: Sand Stream|[of] p1a: Tyranitar
|move|p2a: MoveMerchant|Fiery Dance|p1a: Tyranitar
|-resisted|p1a: Tyranitar
|-damage|p1a: Tyranitar|31/100
|-boost|p2a: MoveMerchant|spa|1
|
|-weather|Sandstorm|[upkeep]
|-damage|p2a: MoveMerchant|70/100|[from] Sandstorm
|upkeep
|turn|9
|
|t:|1759033071
|switch|p1a: Moltres|Moltres|100/100
|move|p2a: MoveMerchant|Energy Ball|p1a: Moltres
|-resisted|p1a: Moltres
|-damage|p1a: Moltres|90/100
|-unboost|p1a: Moltres|spd|1
|
|-weather|Sandstorm|[upkeep]
|-damage|p2a: MoveMerchant|64/100|[from] Sandstorm
|-damage|p1a: Moltres|84/100|[from] Sandstorm
|upkeep
|turn|10
|
|t:|1759033075
|switch|p1a: Tyranitar|Tyranitar, F|31/100
|move|p2a: MoveMerchant|Sludge Wave|p1a: Tyranitar
|-resisted|p1a: Tyranitar
|-crit|p1a: Tyranitar
|-damage|p1a: Tyranitar|0 fnt
|faint|p1a: Tyranitar
|
|-weather|Sandstorm|[upkeep]
|-damage|p2a: MoveMerchant|58/100|[from] Sandstorm
|upkeep
|
|t:|1759033080
|switch|p1a: Excadrill|Excadrill, F|100/100
|-item|p1a: Excadrill|Air Balloon
|turn|11
|
|t:|1759033085
|move|p1a: Excadrill|Earthquake|p2a: MoveMerchant
|-supereffective|p2a: MoveMerchant
|-damage|p2a: MoveMerchant|0 fnt
|faint|p2a: MoveMerchant
|-end|p2a: MoveMerchant|Quark Drive|[silent]
|
|-weather|Sandstorm|[upkeep]
|upkeep
|
|t:|1759033087
|switch|p2a: rng my ahh|Kyurem|100/100
|-damage|p2a: rng my ahh|76/100|[from] Stealth Rock
|-ability|p2a: rng my ahh|Pressure
|turn|12
|
|t:|1759033094
|move|p1a: Excadrill|Swords Dance|p1a: Excadrill
|-boost|p1a: Excadrill|atk|2
|move|p2a: rng my ahh|Dragon Dance|p2a: rng my ahh
|-boost|p2a: rng my ahh|atk|1
|-boost|p2a: rng my ahh|spe|1
|
|-weather|Sandstorm|[upkeep]
|-damage|p2a: rng my ahh|70/100|[from] Sandstorm
|upkeep
|turn|13
|
|t:|1759033102
|move|p1a: Excadrill|Iron Head|p2a: rng my ahh
|-supereffective|p2a: rng my ahh
|-damage|p2a: rng my ahh|0 fnt
|faint|p2a: rng my ahh
|
|-weather|Sandstorm|[upkeep]
|upkeep
|
|t:|1759033104
|switch|p2a: Latias|Latias, F|100/100
|-damage|p2a: Latias|88/100|[from] Stealth Rock
|turn|14
|
|t:|1759033109
|-terastallize|p2a: Latias|Steel
|move|p1a: Excadrill|Swords Dance|p1a: Excadrill
|-boost|p1a: Excadrill|atk|2
|move|p2a: Latias|Agility|p2a: Latias
|-boost|p2a: Latias|spe|2
|
|-weather|Sandstorm|[upkeep]
|-heal|p2a: Latias|94/100|[from] item: Leftovers
|-sideend|p2: ilytrix|move: Aurora Veil
|upkeep
|turn|15
|
|t:|1759033117
|move|p2a: Latias|Aura Sphere|p1a: Excadrill
|-supereffective|p1a: Excadrill
|-damage|p1a: Excadrill|32/100
|-enditem|p1a: Excadrill|Air Balloon
|move|p1a: Excadrill|Iron Head|p2a: Latias
|-resisted|p2a: Latias
|-damage|p2a: Latias|5/100
|
|-weather|none
|-heal|p2a: Latias|11/100|[from] item: Leftovers
|upkeep
|turn|16
|
|t:|1759033124
|move|p2a: Latias|Aura Sphere|p1a: Excadrill
|-supereffective|p1a: Excadrill
|-damage|p1a: Excadrill|0 fnt
|faint|p1a: Excadrill
|
|-heal|p2a: Latias|17/100|[from] item: Leftovers
|upkeep
|
|t:|1759033130
|switch|p1a: Moltres|Moltres|84/100
|turn|17
|
|t:|1759033133
|move|p2a: Latias|Calm Mind|p2a: Latias
|-boost|p2a: Latias|spa|1
|-boost|p2a: Latias|spd|1
|move|p1a: Moltres|Flamethrower|p2a: Latias
|-supereffective|p2a: Latias
|-damage|p2a: Latias|0 fnt
|faint|p2a: Latias
|
|win|aliester - es
|raw|aliester - es's rating: 1650 &rarr; <strong>1673</strong><br />(+23 for winning)
|raw|ilytrix's rating: 1711 &rarr; <strong>1688</strong><br />(-23 for losing)
|l|☆ilytrix
|player|p2|
|l|☆aliester - es
|player|p1|
