|j|☆Chumbagalaa
|j|☆DIO_2008
|t:|1758999357
|gametype|singles
|player|p1|Chumbagalaa|1|1055
|player|p2|DIO_2008|101|1063
|gen|9
|tier|[Gen 9] OU
|rated|
|rule|HP Percentage Mod: HP is shown in percentages
|rule|Endless Battle Clause: Forcing endless battles is banned
|rule|Species Clause: Limit one of each Pokémon
|rule|OHKO Clause: OHKO moves are banned
|rule|Evasion Items Clause: Evasion items are banned
|rule|Evasion Moves Clause: Evasion moves are banned
|rule|Evasion Abilities Clause: Evasion abilities are banned
|rule|Sleep Moves Clause: Sleep-inducing moves are banned
|clearpoke
|poke|p1|Ceruledge, F|
|poke|p1|Delibird, L1, M|
|poke|p1|Gliscor, M|
|poke|p1|Scizor, F|
|poke|p1|Sinistcha-Masterpiece|
|poke|p1|Azumarill, F|
|poke|p2|Porygon-Z|
|poke|p2|Incineroar, F|
|poke|p2|Landorus-Therian, M|
|poke|p2|Corviknight, F|
|poke|p2|Heatran, F|
|poke|p2|Kingambit, F|
|teampreview
|
|t:|1758999363
|teamsize|p1|6
|teamsize|p2|6
|start
|switch|p1a: Delibird|Delibird, L1, M|100/100
|switch|p2a: Porygon-Z|Porygon-Z, shiny|100/100
|turn|1
|inactive|Battle timer is ON: inactive players will automatically lose when time's up. (requested by Chumbagalaa)
|
|t:|1758999372
|move|p1a: Delibird|Fake Out|p2a: Porygon-Z
|-damage|p2a: Porygon-Z|99/100
|cant|p2a: Porygon-Z|flinch
|
|upkeep
|turn|2
|
|t:|1758999378
|move|p1a: Delibird|Endeavor|p2a: Porygon-Z
|-damage|p2a: Porygon-Z|4/100
|move|p2a: Porygon-Z|Trick Room|p2a: Porygon-Z
|-fieldstart|move: Trick Room|[of] p2a: Porygon-Z
|
|upkeep
|turn|3
|
|t:|1758999387
|move|p1a: Delibird|Endeavor|p2a: Porygon-Z
|-immune|p2a: Porygon-Z
|move|p2a: Porygon-Z|Thunderbolt|p1a: Delibird
|-supereffective|p1a: Delibird
|-enditem|p1a: Delibird|Focus Sash
|-damage|p1a: Delibird|9/100
|
|upkeep
|turn|4
|
|t:|1758999396
|move|p1a: Delibird|Endeavor|p2a: Porygon-Z
|-damage|p2a: Porygon-Z|1/100
|move|p2a: Porygon-Z|Thunderbolt|p1a: Delibird
|-supereffective|p1a: Delibird
|-damage|p1a: Delibird|0 fnt
|faint|p1a: Delibird
|
|upkeep
|
|t:|1758999404
|switch|p1a: Azumarill|Azumarill, F|100/100
|turn|5
|
|t:|1758999433
|switch|p2a: Corviknight|Corviknight, F, shiny|100/100
|move|p1a: Azumarill|Aqua Jet|p2a: Corviknight
|-damage|p2a: Corviknight|82/100
|
|upkeep
|turn|6
|
|t:|1758999444
|move|p1a: Azumarill|Aqua Jet|p2a: Corviknight
|-damage|p2a: Corviknight|66/100
|move|p2a: Corviknight|Brave Bird|p1a: Azumarill
|-damage|p1a: Azumarill|55/100
|-damage|p2a: Corviknight|53/100|[from] Recoil
|
|-fieldend|move: Trick Room
|upkeep
|turn|7
|
|t:|1758999453
|move|p1a: Azumarill|Aqua Jet|p2a: Corviknight
|-damage|p2a: Corviknight|37/100
|move|p2a: Corviknight|Brave Bird|p1a: Azumarill
|-damage|p1a: Azumarill|12/100
|-damage|p2a: Corviknight|25/100|[from] Recoil
|
|upkeep
|turn|8
|
|t:|1758999463
|move|p1a: Azumarill|Aqua Jet|p2a: Corviknight
|-damage|p2a: Corviknight|8/100
|move|p2a: Corviknight|U-turn|p1a: Azumarill
|-resisted|p1a: Azumarill
|-damage|p1a: Azumarill|4/100
|
|t:|1758999475
|switch|p2a: Landorus|Landorus-Therian, M, shiny|100/100|[from] U-turn
|-ability|p2a: Landorus|Intimidate|boost
|-fail|p1a: Azumarill|unboost|[from] item: Clear Amulet|[of] p1a: Azumarill
|
|upkeep
|turn|9
|
|t:|1758999483
|move|p1a: Azumarill|Aqua Jet|p2a: Landorus
|-supereffective|p2a: Landorus
|-damage|p2a: Landorus|47/100
|-damage|p1a: Azumarill|0 fnt|[from] item: Rocky Helmet|[of] p2a: Landorus
|faint|p1a: Azumarill
|move|p2a: Landorus|U-turn|p1: Azumarill|[notarget]
|-fail|p2a: Landorus
|
|upkeep
|
|t:|1758999491
|switch|p1a: Sinistcha|Sinistcha-Masterpiece|100/100
|turn|10
|
|t:|1758999499
|move|p2a: Landorus|U-turn|p1a: Sinistcha
|-crit|p1a: Sinistcha
|-damage|p1a: Sinistcha|64/100
|-damage|p2a: Landorus|31/100|[from] item: Rocky Helmet|[of] p1a: Sinistcha
|
|t:|1758999505
|switch|p2a: Heatran|Heatran, F|100/100|[from] U-turn
|move|p1a: Sinistcha|Stun Spore|p2a: Heatran|[miss]
|-miss|p1a: Sinistcha|p2a: Heatran
|
|upkeep
|turn|11
|
|t:|1758999514
|switch|p1a: Gliscor|Gliscor, M|100/100
|move|p2a: Heatran|Flamethrower|p1a: Gliscor
|-damage|p1a: Gliscor|27/100
|
|-status|p1a: Gliscor|tox|[from] item: Toxic Orb
|upkeep
|turn|12
|
|t:|1758999527
|move|p1a: Gliscor|Earthquake|p2a: Heatran
|-supereffective|p2a: Heatran
|-damage|p2a: Heatran|0 fnt
|faint|p2a: Heatran
|
|-heal|p1a: Gliscor|39/100 tox|[from] ability: Poison Heal
|upkeep
|
|t:|1758999534
|switch|p2a: Incineroar|Incineroar, F, shiny|100/100
|-ability|p2a: Incineroar|Intimidate|boost
|-unboost|p1a: Gliscor|atk|1
|turn|13
|
|t:|1758999540
|move|p1a: Gliscor|Earthquake|p2a: Incineroar
|-supereffective|p2a: Incineroar
|-damage|p2a: Incineroar|50/100
|move|p2a: Incineroar|Knock Off|p1a: Gliscor
|-damage|p1a: Gliscor|0 fnt
|-enditem|p1a: Gliscor|Toxic Orb|[from] move: Knock Off|[of] p2a: Incineroar
|faint|p1a: Gliscor
|
|upkeep
|
|t:|1758999550
|switch|p1a: Ceruledge|Ceruledge, F|100/100
|turn|14
|
|t:|1758999566
|move|p1a: Ceruledge|Brick Break|p2a: Incineroar
|-supereffective|p2a: Incineroar
|-damage|p2a: Incineroar|0 fnt
|faint|p2a: Incineroar
|
|upkeep
|
|t:|1758999574
|switch|p2a: Porygon-Z|Porygon-Z, shiny|1/100
|turn|15
|
|t:|1758999583
|move|p2a: Porygon-Z|Shadow Ball|p1a: Ceruledge
|-supereffective|p1a: Ceruledge
|-crit|p1a: Ceruledge
|-damage|p1a: Ceruledge|0 fnt
|faint|p1a: Ceruledge
|
|upkeep
|
|t:|1758999589
|switch|p1a: Scizor|Scizor, F|100/100
|turn|16
|inactive|DIO_2008 has 120 seconds left.
|
|t:|1758999624
|move|p1a: Scizor|Bullet Punch|p2a: Porygon-Z
|-damage|p2a: Porygon-Z|0 fnt
|faint|p2a: Porygon-Z
|
|upkeep
|
|t:|1758999630
|switch|p2a: Corviknight|Corviknight, F, shiny|8/100
|turn|17
|inactive|DIO_2008 has 120 seconds left.
|inactive|Chumbagalaa has 120 seconds left.
|l|☆Chumbagalaa
|inactive|Chumbagalaa disconnected and has a minute to reconnect!
|player|p1|
|inactive|Chumbagalaa has 30 seconds to reconnect!
|j|☆Chumbagalaa
|inactive|Chumbagalaa reconnected and has 90 seconds left.
|player|p1|Chumbagalaa|1|
|
|t:|1758999698
|move|p1a: Scizor|Bullet Punch|p2a: Corviknight
|-resisted|p2a: Corviknight
|-damage|p2a: Corviknight|0 fnt
|faint|p2a: Corviknight
|
|upkeep
|inactive|DIO_2008 has 120 seconds left.
|
|t:|1758999703
|switch|p2a: Landorus|Landorus-Therian, M, shiny|31/100
|-ability|p2a: Landorus|Intimidate|boost
|-unboost|p1a: Scizor|atk|1
|turn|18
|inactive|DIO_2008 has 120 seconds left.
|
|t:|1758999716
|move|p2a: Landorus|Earthquake|p1a: Scizor
|-damage|p1a: Scizor|39/100
|move|p1a: Scizor|Swords Dance|p1a: Scizor
|-boost|p1a: Scizor|atk|2
|
|-heal|p1a: Scizor|45/100|[from] item: Leftovers
|upkeep
|turn|19
|
|t:|1758999725
|move|p1a: Scizor|Bullet Punch|p2a: Landorus
|-damage|p2a: Landorus|0 fnt
|-damage|p1a: Scizor|28/100|[from] item: Rocky Helmet|[of] p2a: Landorus
|faint|p2a: Landorus
|
|-heal|p1a: Scizor|34/100|[from] item: Leftovers
|upkeep
|
|t:|1758999731
|switch|p2a: Kingambit|Kingambit, F|100/100
|-activate|p2a: Kingambit|ability: Supreme Overlord
|-start|p2a: Kingambit|fallen5|[silent]
|turn|20
|
|t:|1758999738
|move|p1a: Scizor|U-turn|p2a: Kingambit
|-damage|p2a: Kingambit|56/100
|
|t:|1758999741
|switch|p1a: Sinistcha|Sinistcha-Masterpiece|64/100|[from] U-turn
|move|p2a: Kingambit|Iron Head|p1a: Sinistcha
|-damage|p1a: Sinistcha|4/100
|-damage|p2a: Kingambit|39/100|[from] item: Rocky Helmet|[of] p1a: Sinistcha
|
|upkeep
|turn|21
|
|t:|1758999750
|-terastallize|p1a: Sinistcha|Steel
|move|p1a: Sinistcha|Stun Spore|p2a: Kingambit
|-status|p2a: Kingambit|par
|move|p2a: Kingambit|Kowtow Cleave|p1a: Sinistcha
|-damage|p1a: Sinistcha|0 fnt
|-damage|p2a: Kingambit|23/100 par|[from] item: Rocky Helmet|[of] p1a: Sinistcha
|faint|p1a: Sinistcha
|
|upkeep
|inactive|Chumbagalaa has 120 seconds left.
|
|t:|1758999760
|switch|p1a: Scizor|Scizor, F|34/100
|turn|22
|
|t:|1758999783
|move|p1a: Scizor|Bullet Punch|p2a: Kingambit
|-resisted|p2a: Kingambit
|-damage|p2a: Kingambit|9/100 par
|move|p2a: Kingambit|Kowtow Cleave|p1a: Scizor
|-damage|p1a: Scizor|0 fnt
|faint|p1a: Scizor
|
|win|DIO_2008
|raw|Chumbagalaa's rating: 1055 &rarr; <strong>1037</strong><br />(-18 for losing)
|raw|DIO_2008's rating: 1063 &rarr; <strong>1093</strong><br />(+30 for winning)
|c|☆DIO_2008|gg
|l|☆Chumbagalaa
|player|p1|
|l|☆DIO_2008
|player|p2|
