|j|☆Fairytale22244!
|j|☆lkzlatrel
|t:|1758937935
|gametype|singles
|player|p1|Fairytale22244!|101|1053
|player|p2|lkzlatrel|1|1063
|gen|9
|tier|[Gen 9] OU
|rated|
|rule|HP Percentage Mod: HP is shown in percentages
|rule|Endless Battle Clause: Forcing endless battles is banned
|rule|Species Clause: Limit one of each Pokémon
|rule|OHKO Clause: OHKO moves are banned
|rule|Evasion Items Clause: Evasion items are banned
|rule|Evasion Moves Clause: Evasion moves are banned
|rule|Evasion Abilities Clause: Evasion abilities are banned
|rule|Sleep Moves Clause: Sleep-inducing moves are banned
|clearpoke
|poke|p1|Golduck, F|
|poke|p1|Gardevoir, M|
|poke|p1|Weezing-Galar, F|
|poke|p1|Swalot, M|
|poke|p1|Vivillon-Icy Snow, M|
|poke|p1|Vikavolt, M|
|poke|p2|Blaziken, F|
|poke|p2|Lapras, F|
|poke|p2|Tyranitar, F|
|poke|p2|Scizor, F|
|poke|p2|Mimikyu, F|
|poke|p2|Garchomp, M|
|teampreview
|
|t:|1758937955
|teamsize|p1|6
|teamsize|p2|6
|start
|switch|p1a: Vikavolt|Vikavolt, M|100/100
|switch|p2a: Tyranitar|Tyranitar, F, shiny|100/100
|-weather|Sandstorm|[from] ability: Sand Stream|[of] p2a: Tyranitar
|turn|1
|inactive|Battle timer is ON: inactive players will automatically lose when time's up. (requested by Fairytale22244!)
|
|t:|1758937974
|move|p2a: Tyranitar|Stone Edge|p1a: Vikavolt
|-supereffective|p1a: Vikavolt
|-enditem|p1a: Vikavolt|Focus Sash
|-damage|p1a: Vikavolt|1/100
|move|p1a: Vikavolt|Sticky Web|p2a: Tyranitar
|-sidestart|p2: lkzlatrel|move: Sticky Web
|
|-weather|Sandstorm|[upkeep]
|-damage|p1a: Vikavolt|0 fnt|[from] Sandstorm
|faint|p1a: Vikavolt
|upkeep
|
|t:|1758937984
|switch|p1a: Golduck|Golduck, F|100/100
|-ability|p1a: Golduck|Cloud Nine
|turn|2
|inactive|lkzlatrel has 120 seconds left.
|
|t:|1758938019
|switch|p2a: Scizor|Scizor, F|100/100
|-activate|p2a: Scizor|move: Sticky Web
|-unboost|p2a: Scizor|spe|1
|move|p1a: Golduck|Simple Beam|p2a: Scizor
|-ability|p2a: Scizor|Simple|Technician|[from] move: Simple Beam
|
|-weather|Sandstorm|[upkeep]
|upkeep
|turn|3
|inactive|lkzlatrel has 120 seconds left.
|
|t:|1758938037
|move|p1a: Golduck|Flip Turn|p2a: Scizor
|-damage|p2a: Scizor|79/100
|
|t:|1758938040
|switch|p1a: Gardevoir|Gardevoir, M|100/100|[from] Flip Turn
|-ability|p1a: Gardevoir|Simple|Trace|[from] ability: Trace|[of] p2a: Scizor
|move|p2a: Scizor|Swords Dance|p2a: Scizor
|-boost|p2a: Scizor|atk|4
|
|-weather|Sandstorm|[upkeep]
|-damage|p1a: Gardevoir|94/100|[from] Sandstorm
|upkeep
|turn|4
|inactive|lkzlatrel has 120 seconds left.
|
|t:|1758938067
|switch|p2a: Garchomp|Garchomp, M, shiny|100/100
|-activate|p2a: Garchomp|move: Sticky Web
|-unboost|p2a: Garchomp|spe|1
|move|p1a: Gardevoir|Calm Mind|p1a: Gardevoir
|-boost|p1a: Gardevoir|spa|2
|-boost|p1a: Gardevoir|spd|2
|
|-weather|Sandstorm|[upkeep]
|-damage|p1a: Gardevoir|88/100|[from] Sandstorm
|upkeep
|turn|5
|-message|lkzlatrel forfeited.
|
|win|Fairytale22244!
|raw|Fairytale22244!'s rating: 1053 &rarr; <strong>1086</strong><br />(+33 for winning)
|raw|lkzlatrel's rating: 1063 &rarr; <strong>1043</strong><br />(-20 for losing)
|l|☆lkzlatrel
|player|p2|
