|j|☆tomatoparis
|j|☆alex12381723898
|t:|1759009224
|gametype|singles
|player|p1|tomatoparis|2|1478
|player|p2|alex12381723898|266|1437
|gen|9
|tier|[Gen 9] OU
|rated|
|rule|HP Percentage Mod: HP is shown in percentages
|rule|Endless Battle Clause: Forcing endless battles is banned
|rule|Species Clause: Limit one of each Pokémon
|rule|OHKO Clause: OHKO moves are banned
|rule|Evasion Items Clause: Evasion items are banned
|rule|Evasion Moves Clause: Evasion moves are banned
|rule|Evasion Abilities Clause: Evasion abilities are banned
|rule|Sleep Moves Clause: Sleep-inducing moves are banned
|clearpoke
|poke|p1|Pelipper, F|
|poke|p1|Zamazenta-*|
|poke|p1|Kingdra, F|
|poke|p1|Barraskewda, F|
|poke|p1|Dondozo, F|
|poke|p1|Ludicolo, F|
|poke|p2|Darkrai|
|poke|p2|Ogerpon-Wellspring, F|
|poke|p2|Cinderace, F|
|poke|p2|Kyurem|
|poke|p2|Kingambit, F|
|poke|p2|Iron Valiant|
|teampreview
|j| kaleant-shark
|inactive|Battle timer is ON: inactive players will automatically lose when time's up. (requested by alex12381723898)
|l| kaleant-shark
|
|t:|1759009260
|teamsize|p1|6
|teamsize|p2|6
|start
|switch|p1a: Barraskewda|Barraskewda, F|100/100
|switch|p2a: Darkrai|Darkrai|100/100
|turn|1
|
|t:|1759009265
|switch|p1a: Zamazenta|Zamazenta|100/100
|-ability|p1a: Zamazenta|Dauntless Shield|boost
|-boost|p1a: Zamazenta|def|1
|move|p2a: Darkrai|Will-O-Wisp|p1a: Zamazenta|[miss]
|-miss|p2a: Darkrai|p1a: Zamazenta
|
|upkeep
|turn|2
|inactive|tomatoparis has 120 seconds left.
|inactive|tomatoparis has 90 seconds left.
|
|t:|1759009334
|move|p1a: Zamazenta|Close Combat|p2a: Darkrai
|-supereffective|p2a: Darkrai
|-enditem|p2a: Darkrai|Focus Sash
|-damage|p2a: Darkrai|1/100
|-unboost|p1a: Zamazenta|def|1
|-unboost|p1a: Zamazenta|spd|1
|move|p2a: Darkrai|Will-O-Wisp|p1a: Zamazenta
|-status|p1a: Zamazenta|brn
|
|-damage|p1a: Zamazenta|94/100 brn|[from] brn
|upkeep
|turn|3
|
|t:|1759009342
|switch|p2a: Iron Valiant|Iron Valiant|100/100
|-enditem|p2a: Iron Valiant|Booster Energy
|-activate|p2a: Iron Valiant|ability: Quark Drive|[fromitem]
|-start|p2a: Iron Valiant|quarkdrivespe
|move|p1a: Zamazenta|Close Combat|p2a: Iron Valiant
|-resisted|p2a: Iron Valiant
|-damage|p2a: Iron Valiant|71/100
|-unboost|p1a: Zamazenta|def|1
|-unboost|p1a: Zamazenta|spd|1
|
|-damage|p1a: Zamazenta|88/100 brn|[from] brn
|upkeep
|turn|4
|inactive|tomatoparis has 90 seconds left.
|inactive|tomatoparis has 60 seconds left.
|
|t:|1759009403
|switch|p1a: Pelipper|Pelipper, F|100/100
|-weather|RainDance|[from] ability: Drizzle|[of] p1a: Pelipper
|move|p2a: Iron Valiant|Calm Mind|p2a: Iron Valiant
|-boost|p2a: Iron Valiant|spa|1
|-boost|p2a: Iron Valiant|spd|1
|
|-weather|RainDance|[upkeep]
|upkeep
|turn|5
|
|t:|1759009408
|switch|p1a: Ludicolo|Ludicolo, F|100/100
|move|p2a: Iron Valiant|Moonblast|p1a: Ludicolo
|-damage|p1a: Ludicolo|19/100
|
|-weather|RainDance|[upkeep]
|upkeep
|turn|6
|inactive|tomatoparis has 60 seconds left.
|
|t:|1759009415
|move|p2a: Iron Valiant|Moonblast|p1a: Ludicolo
|-damage|p1a: Ludicolo|0 fnt
|faint|p1a: Ludicolo
|
|-weather|RainDance|[upkeep]
|upkeep
|
|t:|1759009417
|switch|p1a: Barraskewda|Barraskewda, F|100/100
|turn|7
|
|t:|1759009420
|-end|p2a: Iron Valiant|Quark Drive|[silent]
|switch|p2a: Ogerpon|Ogerpon-Wellspring, F|100/100
|move|p1a: Barraskewda|Poison Jab|p2a: Ogerpon
|-supereffective|p2a: Ogerpon
|-damage|p2a: Ogerpon|0 fnt
|faint|p2a: Ogerpon
|
|-weather|RainDance|[upkeep]
|upkeep
|
|t:|1759009424
|switch|p2a: Kingambit|Kingambit, F|100/100
|-activate|p2a: Kingambit|ability: Supreme Overlord
|-start|p2a: Kingambit|fallen1|[silent]
|turn|8
|
|t:|1759009428
|switch|p1a: Dondozo|Dondozo, F|100/100
|move|p2a: Kingambit|Swords Dance|p2a: Kingambit
|-boost|p2a: Kingambit|atk|2
|
|-weather|RainDance|[upkeep]
|upkeep
|turn|9
|
|t:|1759009434
|-end|p2a: Kingambit|fallen1|[silent]
|switch|p2a: Kyurem|Kyurem|100/100
|-ability|p2a: Kyurem|Pressure
|move|p1a: Dondozo|Wave Crash|p2a: Kyurem
|-resisted|p2a: Kyurem
|-damage|p2a: Kyurem|69/100
|-damage|p1a: Dondozo|92/100|[from] Recoil
|
|-weather|RainDance|[upkeep]
|upkeep
|turn|10
|
|t:|1759009443
|switch|p1a: Zamazenta|Zamazenta|88/100 brn
|move|p2a: Kyurem|Freeze-Dry|p1a: Zamazenta
|-damage|p1a: Zamazenta|56/100 brn
|
|-weather|RainDance|[upkeep]
|-damage|p1a: Zamazenta|50/100 brn|[from] brn
|upkeep
|turn|11
|
|t:|1759009453
|switch|p2a: Iron Valiant|Iron Valiant|71/100
|move|p1a: Zamazenta|Close Combat|p2a: Iron Valiant
|-resisted|p2a: Iron Valiant
|-damage|p2a: Iron Valiant|43/100
|-unboost|p1a: Zamazenta|def|1
|-unboost|p1a: Zamazenta|spd|1
|
|-weather|none
|-damage|p1a: Zamazenta|44/100 brn|[from] brn
|upkeep
|turn|12
|
|t:|1759009457
|switch|p1a: Pelipper|Pelipper, F|100/100
|-weather|RainDance|[from] ability: Drizzle|[of] p1a: Pelipper
|move|p2a: Iron Valiant|Moonblast|p1a: Pelipper
|-damage|p1a: Pelipper|29/100
|
|-weather|RainDance|[upkeep]
|upkeep
|turn|13
|
|t:|1759009460
|switch|p1a: Zamazenta|Zamazenta|44/100 brn
|move|p2a: Iron Valiant|Moonblast|p1a: Zamazenta
|-supereffective|p1a: Zamazenta
|-damage|p1a: Zamazenta|0 fnt
|faint|p1a: Zamazenta
|
|-weather|RainDance|[upkeep]
|upkeep
|
|t:|1759009463
|switch|p1a: Kingdra|Kingdra, F|100/100
|turn|14
|
|t:|1759009468
|move|p1a: Kingdra|Hurricane|p2a: Iron Valiant
|-supereffective|p2a: Iron Valiant
|-damage|p2a: Iron Valiant|0 fnt
|faint|p2a: Iron Valiant
|-end|p2a: Iron Valiant|Quark Drive|[silent]
|-damage|p1a: Kingdra|91/100|[from] item: Life Orb
|
|-weather|RainDance|[upkeep]
|upkeep
|
|t:|1759009470
|switch|p2a: Kingambit|Kingambit, F|100/100
|-activate|p2a: Kingambit|ability: Supreme Overlord
|-start|p2a: Kingambit|fallen2|[silent]
|turn|15
|
|t:|1759009475
|-end|p2a: Kingambit|fallen2|[silent]
|switch|p2a: Kyurem|Kyurem|69/100
|-ability|p2a: Kyurem|Pressure
|-terastallize|p1a: Kingdra|Stellar
|move|p1a: Kingdra|Surf|p2a: Kyurem
|-resisted|p2a: Kyurem
|-damage|p2a: Kyurem|19/100
|-damage|p1a: Kingdra|81/100|[from] item: Life Orb
|
|-weather|RainDance|[upkeep]
|upkeep
|turn|16
|
|t:|1759009489
|switch|p2a: Cinderace|Cinderace, F|100/100
|move|p1a: Kingdra|Surf|p2a: Cinderace
|-supereffective|p2a: Cinderace
|-damage|p2a: Cinderace|0 fnt
|faint|p2a: Cinderace
|-damage|p1a: Kingdra|71/100|[from] item: Life Orb
|
|-weather|RainDance|[upkeep]
|upkeep
|
|t:|1759009493
|switch|p2a: Kingambit|Kingambit, F|100/100
|-activate|p2a: Kingambit|ability: Supreme Overlord
|-start|p2a: Kingambit|fallen3|[silent]
|turn|17
|
|t:|1759009500
|switch|p1a: Dondozo|Dondozo, F|92/100
|-terastallize|p2a: Kingambit|Fairy
|move|p2a: Kingambit|Swords Dance|p2a: Kingambit
|-boost|p2a: Kingambit|atk|2
|
|-weather|RainDance|[upkeep]
|upkeep
|turn|18
|
|t:|1759009505
|move|p2a: Kingambit|Tera Blast|p1a: Dondozo|[anim] Tera Blast Fairy
|-damage|p1a: Dondozo|67/100
|move|p1a: Dondozo|Wave Crash|p2a: Kingambit
|-damage|p2a: Kingambit|45/100
|-damage|p1a: Dondozo|50/100|[from] item: Rocky Helmet|[of] p2a: Kingambit
|-damage|p1a: Dondozo|38/100|[from] Recoil
|
|-weather|RainDance|[upkeep]
|upkeep
|turn|19
|
|t:|1759009518
|-end|p2a: Kingambit|fallen3|[silent]
|switch|p2a: Darkrai|Darkrai|1/100
|move|p1a: Dondozo|Rest|p1a: Dondozo
|-status|p1a: Dondozo|slp|[from] move: Rest
|-heal|p1a: Dondozo|100/100 slp|[silent]
|
|-weather|none
|-damage|p1a: Dondozo|88/100 slp|[from] ability: Bad Dreams|[of] p2a: Darkrai
|upkeep
|turn|20
|
|t:|1759009522
|switch|p1a: Pelipper|Pelipper, F|29/100
|-weather|RainDance|[from] ability: Drizzle|[of] p1a: Pelipper
|move|p2a: Darkrai|Dark Pulse|p1a: Pelipper
|-damage|p1a: Pelipper|0 fnt
|faint|p1a: Pelipper
|
|-weather|RainDance|[upkeep]
|upkeep
|
|t:|1759009525
|switch|p1a: Barraskewda|Barraskewda, F|100/100
|turn|21
|
|t:|1759009533
|move|p1a: Barraskewda|Aqua Jet|p2a: Darkrai
|-damage|p2a: Darkrai|0 fnt
|faint|p2a: Darkrai
|
|-weather|RainDance|[upkeep]
|upkeep
|
|t:|1759009534
|switch|p2a: Kingambit|Kingambit, F, tera:Fairy|45/100
|-activate|p2a: Kingambit|ability: Supreme Overlord
|-start|p2a: Kingambit|fallen4|[silent]
|turn|22
|
|t:|1759009537
|move|p1a: Barraskewda|Aqua Jet|p2a: Kingambit
|-damage|p2a: Kingambit|5/100
|-damage|p1a: Barraskewda|84/100|[from] item: Rocky Helmet|[of] p2a: Kingambit
|move|p2a: Kingambit|Sucker Punch||[still]
|-fail|p2a: Kingambit
|
|-weather|RainDance|[upkeep]
|upkeep
|turn|23
|
|t:|1759009543
|move|p1a: Barraskewda|Aqua Jet|p2a: Kingambit
|-damage|p2a: Kingambit|0 fnt
|-damage|p1a: Barraskewda|68/100|[from] item: Rocky Helmet|[of] p2a: Kingambit
|faint|p2a: Kingambit
|-end|p2a: Kingambit|fallen4|[silent]
|
|-weather|RainDance|[upkeep]
|upkeep
|
|t:|1759009545
|switch|p2a: Kyurem|Kyurem|19/100
|-ability|p2a: Kyurem|Pressure
|turn|24
|
|t:|1759009560
|move|p1a: Barraskewda|Aqua Jet|p2a: Kyurem
|-resisted|p2a: Kyurem
|-damage|p2a: Kyurem|0 fnt
|faint|p2a: Kyurem
|
|win|tomatoparis
|raw|tomatoparis's rating: 1478 &rarr; <strong>1496</strong><br />(+18 for winning)
|raw|alex12381723898's rating: 1437 &rarr; <strong>1419</strong><br />(-18 for losing)
|l|☆alex12381723898
|player|p2|
|l|☆tomatoparis
|player|p1|
