|j|☆TapuTeao
|j|‽oehtwashere
|t:|1758968182
|gametype|singles
|player|p1|TapuTeao|102|1613
|player|p2|oehtwashere|supernerd|1714
|gen|9
|tier|[Gen 9] OU
|rated|
|rule|HP Percentage Mod: HP is shown in percentages
|rule|Endless Battle Clause: Forcing endless battles is banned
|rule|Species Clause: Limit one of each Pokémon
|rule|OHKO Clause: OHKO moves are banned
|rule|Evasion Items Clause: Evasion items are banned
|rule|Evasion Moves Clause: Evasion moves are banned
|rule|Evasion Abilities Clause: Evasion abilities are banned
|rule|Sleep Moves Clause: Sleep-inducing moves are banned
|clearpoke
|poke|p1|Necrozma|
|poke|p1|Kingambit, F|
|poke|p1|Samurott-Hisui, M|
|poke|p1|Iron Treads|
|poke|p1|Pecharunt|
|poke|p1|Enamorus, F|
|poke|p2|Enamorus, F|
|poke|p2|Primarina, F|
|poke|p2|Iron Treads|
|poke|p2|Cinderace, F|
|poke|p2|Dragonite, F|
|poke|p2|Zamazenta-*|
|teampreview
|inactive|Battle timer is ON: inactive players will automatically lose when time's up. (requested by oehtwashere)
|inactive|TapuTeao has 120 seconds left.
|
|t:|1758968227
|teamsize|p1|6
|teamsize|p2|6
|start
|switch|p1a: Necrozma|Necrozma|100/100
|switch|p2a: Enamorus|Enamorus, F|100/100
|turn|1
|
|t:|1758968239
|move|p2a: Enamorus|Mystical Fire|p1a: Necrozma
|-damage|p1a: Necrozma|59/100
|-unboost|p1a: Necrozma|spa|1
|move|p1a: Necrozma|Photon Geyser|p2a: Enamorus
|-damage|p2a: Enamorus|49/100
|
|upkeep
|turn|2
|
|t:|1758968248
|move|p2a: Enamorus|Mystical Fire|p1a: Necrozma
|-damage|p1a: Necrozma|20/100
|-unboost|p1a: Necrozma|spa|1
|move|p1a: Necrozma|Trick Room|p1a: Necrozma
|-fieldstart|move: Trick Room|[of] p1a: Necrozma
|
|upkeep
|turn|3
|
|t:|1758968255
|switch|p1a: Samurott|Samurott-Hisui, M|100/100
|switch|p2a: Primarina|Primarina, F|100/100
|
|upkeep
|turn|4
|
|t:|1758968261
|switch|p1a: Kingambit|Kingambit, F|100/100
|move|p2a: Primarina|Moonblast|p1a: Kingambit
|-damage|p1a: Kingambit|46/100
|
|upkeep
|turn|5
|
|t:|1758968278
|switch|p2a: Zamazenta|Zamazenta|100/100
|-ability|p2a: Zamazenta|Dauntless Shield|boost
|-boost|p2a: Zamazenta|def|1
|move|p1a: Kingambit|Iron Head|p2a: Zamazenta
|-damage|p2a: Zamazenta|78/100
|
|-heal|p2a: Zamazenta|84/100|[from] item: Leftovers
|upkeep
|turn|6
|
|t:|1758968288
|-end|p1a: Kingambit|fallenundefined|[silent]
|switch|p1a: Pecharunt|Pecharunt|100/100
|-item|p1a: Pecharunt|Air Balloon
|move|p2a: Zamazenta|Crunch|p1a: Pecharunt
|-supereffective|p1a: Pecharunt
|-damage|p1a: Pecharunt|80/100
|-enditem|p1a: Pecharunt|Air Balloon
|
|-heal|p2a: Zamazenta|90/100|[from] item: Leftovers
|-fieldend|move: Trick Room
|upkeep
|turn|7
|
|t:|1758968299
|move|p2a: Zamazenta|Substitute|p2a: Zamazenta
|-start|p2a: Zamazenta|Substitute
|-damage|p2a: Zamazenta|66/100
|move|p1a: Pecharunt|Parting Shot|p2a: Zamazenta
|-unboost|p2a: Zamazenta|atk|1
|-unboost|p2a: Zamazenta|spa|1
|
|t:|1758968305
|switch|p1a: Necrozma|Necrozma|20/100|[from] Parting Shot
|
|-heal|p2a: Zamazenta|72/100|[from] item: Leftovers
|upkeep
|turn|8
|
|t:|1758968312
|move|p2a: Zamazenta|Crunch|p1a: Necrozma
|-supereffective|p1a: Necrozma
|-enditem|p1a: Necrozma|Colbur Berry|[eat]
|-enditem|p1a: Necrozma|Colbur Berry|[weaken]
|-damage|p1a: Necrozma|11/100
|move|p1a: Necrozma|Photon Geyser|p2a: Zamazenta
|-supereffective|p2a: Zamazenta
|-end|p2a: Zamazenta|Substitute
|
|-heal|p2a: Zamazenta|78/100|[from] item: Leftovers
|upkeep
|turn|9
|
|t:|1758968323
|move|p2a: Zamazenta|Body Press|p1a: Necrozma
|-resisted|p1a: Necrozma
|-damage|p1a: Necrozma|0 fnt
|faint|p1a: Necrozma
|
|-heal|p2a: Zamazenta|84/100|[from] item: Leftovers
|upkeep
|
|t:|1758968329
|switch|p1a: Enamorus|Enamorus, F|100/100
|turn|10
|
|t:|1758968334
|switch|p2a: Primarina|Primarina, F|100/100
|-terastallize|p1a: Enamorus|Stellar
|move|p1a: Enamorus|Tera Blast|p2a: Primarina|[anim] Tera Blast Stellar
|-damage|p2a: Primarina|69/100
|-boost|p1a: Enamorus|atk|1
|-boost|p1a: Enamorus|spa|1
|
|upkeep
|turn|11
|
|t:|1758968353
|move|p1a: Enamorus|Tera Blast|p2a: Primarina|[anim] Tera Blast Stellar
|-damage|p2a: Primarina|31/100
|-boost|p1a: Enamorus|atk|1
|-boost|p1a: Enamorus|spa|1
|move|p2a: Primarina|Moonblast|p1a: Enamorus
|-damage|p1a: Enamorus|27/100
|
|upkeep
|turn|12
|
|t:|1758968361
|move|p1a: Enamorus|Tera Blast|p2a: Primarina|[anim] Tera Blast Stellar
|-damage|p2a: Primarina|0 fnt
|-boost|p1a: Enamorus|atk|1
|-boost|p1a: Enamorus|spa|1
|faint|p2a: Primarina
|
|upkeep
|
|t:|1758968363
|switch|p2a: Dragonite|Dragonite, F|100/100
|turn|13
|j| wgw2333
|
|t:|1758968370
|switch|p1a: Pecharunt|Pecharunt|80/100
|move|p2a: Dragonite|Extreme Speed|p1a: Pecharunt
|-immune|p1a: Pecharunt
|
|upkeep
|turn|14
|l| wgw2333
|
|t:|1758968376
|switch|p2a: Iron Treads|Iron Treads|100/100
|move|p1a: Pecharunt|Parting Shot|p2a: Iron Treads
|-unboost|p2a: Iron Treads|atk|1
|-unboost|p2a: Iron Treads|spa|1
|
|t:|1758968381
|switch|p1a: Samurott|Samurott-Hisui, M|100/100|[from] Parting Shot
|
|upkeep
|turn|15
|
|t:|1758968385
|move|p1a: Samurott|Ceaseless Edge|p2a: Iron Treads
|-damage|p2a: Iron Treads|46/100
|-sidestart|p2: oehtwashere|Spikes
|move|p2a: Iron Treads|Stealth Rock|p1a: Samurott
|-sidestart|p1: TapuTeao|move: Stealth Rock
|
|-heal|p2a: Iron Treads|52/100|[from] item: Leftovers
|upkeep
|turn|16
|
|t:|1758968400
|-end|p2a: Iron Treads|Quark Drive|[silent]
|switch|p2a: Zamazenta|Zamazenta|84/100
|-damage|p2a: Zamazenta|72/100|[from] Spikes
|move|p1a: Samurott|Ceaseless Edge|p2a: Zamazenta
|-resisted|p2a: Zamazenta
|-damage|p2a: Zamazenta|43/100
|-sidestart|p2: oehtwashere|Spikes
|
|-heal|p2a: Zamazenta|49/100|[from] item: Leftovers
|upkeep
|turn|17
|
|t:|1758968409
|switch|p1a: Pecharunt|Pecharunt|80/100
|-damage|p1a: Pecharunt|68/100|[from] Stealth Rock
|move|p2a: Zamazenta|Crunch|p1a: Pecharunt
|-supereffective|p1a: Pecharunt
|-damage|p1a: Pecharunt|49/100
|-unboost|p1a: Pecharunt|def|1
|
|-heal|p2a: Zamazenta|56/100|[from] item: Leftovers
|upkeep
|turn|18
|
|t:|1758968418
|move|p2a: Zamazenta|Crunch|p1a: Pecharunt
|-supereffective|p1a: Pecharunt
|-damage|p1a: Pecharunt|18/100
|move|p1a: Pecharunt|Recover|p1a: Pecharunt
|-heal|p1a: Pecharunt|68/100
|
|-heal|p2a: Zamazenta|62/100|[from] item: Leftovers
|upkeep
|turn|19
|
|t:|1758968426
|move|p2a: Zamazenta|Substitute|p2a: Zamazenta
|-start|p2a: Zamazenta|Substitute
|-damage|p2a: Zamazenta|37/100
|move|p1a: Pecharunt|Malignant Chain|p2a: Zamazenta
|-activate|p2a: Zamazenta|move: Substitute|[damage]
|
|-heal|p2a: Zamazenta|43/100|[from] item: Leftovers
|upkeep
|turn|20
|
|t:|1758968434
|move|p2a: Zamazenta|Crunch|p1a: Pecharunt
|-supereffective|p1a: Pecharunt
|-damage|p1a: Pecharunt|35/100
|move|p1a: Pecharunt|Malignant Chain|p2a: Zamazenta
|-end|p2a: Zamazenta|Substitute
|
|-heal|p2a: Zamazenta|49/100|[from] item: Leftovers
|upkeep
|turn|21
|
|t:|1758968443
|move|p2a: Zamazenta|Crunch|p1a: Pecharunt
|-supereffective|p1a: Pecharunt
|-damage|p1a: Pecharunt|5/100
|move|p1a: Pecharunt|Recover|p1a: Pecharunt
|-heal|p1a: Pecharunt|55/100
|
|-heal|p2a: Zamazenta|56/100|[from] item: Leftovers
|upkeep
|turn|22
|
|t:|1758968450
|switch|p2a: Enamorus|Enamorus, F|49/100
|move|p1a: Pecharunt|Recover|p1a: Pecharunt
|-heal|p1a: Pecharunt|100/100
|
|upkeep
|turn|23
|
|t:|1758968462
|move|p2a: Enamorus|Earth Power|p1a: Pecharunt
|-supereffective|p1a: Pecharunt
|-damage|p1a: Pecharunt|10/100
|move|p1a: Pecharunt|Malignant Chain|p2a: Enamorus
|-supereffective|p2a: Enamorus
|-damage|p2a: Enamorus|0 fnt
|faint|p2a: Enamorus
|
|upkeep
|
|t:|1758968472
|switch|p2a: Cinderace|Cinderace, F|100/100
|turn|24
|
|t:|1758968475
|move|p2a: Cinderace|Pyro Ball|p1a: Pecharunt
|-damage|p1a: Pecharunt|0 fnt
|faint|p1a: Pecharunt
|
|upkeep
|
|t:|1758968484
|switch|p1a: Samurott|Samurott-Hisui, M|100/100
|-damage|p1a: Samurott|88/100|[from] Stealth Rock
|turn|25
|
|t:|1758968490
|move|p2a: Cinderace|Will-O-Wisp|p1a: Samurott
|-status|p1a: Samurott|brn
|move|p1a: Samurott|Razor Shell|p2a: Cinderace
|-supereffective|p2a: Cinderace
|-damage|p2a: Cinderace|4/100
|-unboost|p2a: Cinderace|def|1
|
|-damage|p1a: Samurott|82/100 brn|[from] brn
|upkeep
|turn|26
|
|t:|1758968499
|move|p2a: Cinderace|U-turn|p1a: Samurott
|-supereffective|p1a: Samurott
|-damage|p1a: Samurott|38/100 brn
|
|t:|1758968502
|switch|p2a: Iron Treads|Iron Treads|52/100|[from] U-turn
|-damage|p2a: Iron Treads|36/100|[from] Spikes
|move|p1a: Samurott|Razor Shell|p2a: Iron Treads
|-supereffective|p2a: Iron Treads
|-damage|p2a: Iron Treads|0 fnt
|faint|p2a: Iron Treads
|-end|p2a: Iron Treads|Quark Drive|[silent]
|
|-damage|p1a: Samurott|31/100 brn|[from] brn
|upkeep
|
|t:|1758968503
|switch|p2a: Dragonite|Dragonite, F|100/100
|turn|27
|
|t:|1758968512
|move|p2a: Dragonite|Dragon Dance|p2a: Dragonite
|-boost|p2a: Dragonite|atk|1
|-boost|p2a: Dragonite|spe|1
|move|p1a: Samurott|Razor Shell|p2a: Dragonite
|-resisted|p2a: Dragonite
|-damage|p2a: Dragonite|88/100
|-unboost|p2a: Dragonite|def|1
|
|-heal|p2a: Dragonite|95/100|[from] item: Leftovers
|-damage|p1a: Samurott|25/100 brn|[from] brn
|upkeep
|turn|28
|
|t:|1758968522
|move|p2a: Dragonite|Earthquake|p1a: Samurott
|-damage|p1a: Samurott|0 fnt
|faint|p1a: Samurott
|
|-heal|p2a: Dragonite|100/100|[from] item: Leftovers
|upkeep
|
|t:|1758968530
|switch|p1a: Iron Treads|Iron Treads|100/100
|-damage|p1a: Iron Treads|97/100|[from] Stealth Rock
|turn|29
|
|t:|1758968535
|move|p2a: Dragonite|Earthquake|p1a: Iron Treads
|-supereffective|p1a: Iron Treads
|-damage|p1a: Iron Treads|0 fnt
|faint|p1a: Iron Treads
|-end|p1a: Iron Treads|Quark Drive|[silent]
|
|upkeep
|-message|TapuTeao forfeited.
|
|win|oehtwashere
|raw|TapuTeao's rating: 1613 &rarr; <strong>1599</strong><br />(-14 for losing)
|raw|oehtwashere's rating: 1714 &rarr; <strong>1728</strong><br />(+14 for winning)
|l|☆TapuTeao
|player|p1|
|l|‽oehtwashere
|player|p2|
