|j|☆Kasey D
|j|☆lehok
|t:|1759067128
|gametype|singles
|player|p1|Kasey D|102|1077
|player|p2|lehok|102|1091
|gen|9
|tier|[Gen 9] OU
|rated|
|rule|HP Percentage Mod: HP is shown in percentages
|rule|Endless Battle Clause: Forcing endless battles is banned
|rule|Species Clause: Limit one of each Pokémon
|rule|OHKO Clause: OHKO moves are banned
|rule|Evasion Items Clause: Evasion items are banned
|rule|Evasion Moves Clause: Evasion moves are banned
|rule|Evasion Abilities Clause: Evasion abilities are banned
|rule|Sleep Moves Clause: Sleep-inducing moves are banned
|clearpoke
|poke|p1|Wigglytuff, F|
|poke|p1|Hatterene, F|
|poke|p1|Lurantis, M|
|poke|p1|Farigiraf, M|
|poke|p1|Crawdaunt, F|
|poke|p1|Gengar, M|
|poke|p2|Staraptor, M|
|poke|p2|Great Tusk|
|poke|p2|Slowking-Galar, F|
|poke|p2|Dragapult, M|
|poke|p2|Landorus-Therian, M|
|poke|p2|Kingambit, M|
|teampreview
|
|t:|1759067155
|teamsize|p1|6
|teamsize|p2|6
|start
|switch|p1a: Wigglytuff|Wigglytuff, F|100/100
|switch|p2a: Landorus|Landorus-Therian, M|100/100
|-ability|p2a: Landorus|Intimidate|boost
|-unboost|p1a: Wigglytuff|atk|1
|-ability|p1a: Wigglytuff|Competitive|boost
|-boost|p1a: Wigglytuff|spa|2
|turn|1
|
|t:|1759067170
|move|p2a: Landorus|Stealth Rock|p1a: Wigglytuff
|-sidestart|p1: Kasey D|move: Stealth Rock
|move|p1a: Wigglytuff|Ice Beam|p2a: Landorus
|-supereffective|p2a: Landorus
|-damage|p2a: Landorus|0 fnt
|faint|p2a: Landorus
|
|upkeep
|
|t:|1759067189
|switch|p2a: Kingambit|Kingambit, M|100/100
|-activate|p2a: Kingambit|ability: Supreme Overlord
|-start|p2a: Kingambit|fallen1|[silent]
|turn|2
|
|t:|1759067201
|-terastallize|p1a: Wigglytuff|Fire
|move|p2a: Kingambit|Swords Dance|p2a: Kingambit
|-boost|p2a: Kingambit|atk|2
|move|p1a: Wigglytuff|Fire Blast|p2a: Kingambit
|-supereffective|p2a: Kingambit
|-damage|p2a: Kingambit|0 fnt
|faint|p2a: Kingambit
|-end|p2a: Kingambit|fallen1|[silent]
|
|upkeep
|
|t:|1759067211
|switch|p2a: Great Tusk|Great Tusk, shiny|100/100
|-enditem|p2a: Great Tusk|Booster Energy
|-activate|p2a: Great Tusk|ability: Protosynthesis|[fromitem]
|-start|p2a: Great Tusk|protosynthesisspe
|turn|3
|
|t:|1759067224
|move|p2a: Great Tusk|Headlong Rush|p1a: Wigglytuff
|-supereffective|p1a: Wigglytuff
|-damage|p1a: Wigglytuff|0 fnt
|-unboost|p2a: Great Tusk|def|1
|-unboost|p2a: Great Tusk|spd|1
|faint|p1a: Wigglytuff
|
|upkeep
|
|t:|1759067241
|switch|p1a: Farigiraf|Farigiraf, M|100/100
|-damage|p1a: Farigiraf|88/100|[from] Stealth Rock
|turn|4
|
|t:|1759067273
|-end|p2a: Great Tusk|Protosynthesis|[silent]
|switch|p2a: Slowking|Slowking-Galar, F|100/100
|move|p1a: Farigiraf|Trick Room|p1a: Farigiraf
|-fieldstart|move: Trick Room|[of] p1a: Farigiraf
|
|upkeep
|turn|5
|
|t:|1759067293
|move|p2a: Slowking|Sludge Bomb|p1a: Farigiraf
|-damage|p1a: Farigiraf|53/100
|move|p1a: Farigiraf|Psychic|p2a: Slowking
|-damage|p2a: Slowking|65/100
|-damage|p1a: Farigiraf|43/100|[from] item: Life Orb
|
|upkeep
|turn|6
|
|t:|1759067302
|move|p2a: Slowking|Sludge Bomb|p1a: Farigiraf
|-damage|p1a: Farigiraf|11/100
|-status|p1a: Farigiraf|psn
|move|p1a: Farigiraf|Psychic|p2a: Slowking
|-damage|p2a: Slowking|32/100
|-damage|p1a: Farigiraf|1/100 psn|[from] item: Life Orb
|
|-damage|p1a: Farigiraf|0 fnt|[from] psn
|faint|p1a: Farigiraf
|upkeep
|
|t:|1759067325
|switch|p1a: Hatterene|Hatterene, F|100/100
|-damage|p1a: Hatterene|88/100|[from] Stealth Rock
|turn|7
|
|t:|1759067334
|move|p1a: Hatterene|Psychic Noise|p2a: Slowking
|-damage|p2a: Slowking|6/100
|-start|p2a: Slowking|move: Heal Block
|move|p2a: Slowking|Sludge Bomb|p1a: Hatterene
|-supereffective|p1a: Hatterene
|-damage|p1a: Hatterene|24/100
|
|upkeep
|turn|8
|
|t:|1759067349
|switch|p2a: Staraptor|Staraptor, M, shiny|100/100
|move|p1a: Hatterene|Psychic Noise|p2a: Staraptor
|-damage|p2a: Staraptor|23/100
|-start|p2a: Staraptor|move: Heal Block
|
|-fieldend|move: Trick Room
|upkeep
|turn|9
|
|t:|1759067361
|move|p2a: Staraptor|U-turn|p1a: Hatterene
|-damage|p1a: Hatterene|0 fnt
|faint|p1a: Hatterene
|
|t:|1759067378
|switch|p2a: Dragapult|Dragapult, M, shiny|100/100|[from] U-turn
|
|upkeep
|
|t:|1759067426
|switch|p1a: Crawdaunt|Crawdaunt, F|100/100
|-damage|p1a: Crawdaunt|88/100|[from] Stealth Rock
|turn|10
|
|t:|1759067444
|move|p2a: Dragapult|Draco Meteor|p1a: Crawdaunt|[miss]
|-miss|p2a: Dragapult|p1a: Crawdaunt
|move|p1a: Crawdaunt|Knock Off|p2a: Dragapult
|-supereffective|p2a: Dragapult
|-damage|p2a: Dragapult|0 fnt
|-enditem|p2a: Dragapult|Choice Specs|[from] move: Knock Off|[of] p1a: Crawdaunt
|faint|p2a: Dragapult
|
|upkeep
|
|t:|1759067450
|switch|p2a: Great Tusk|Great Tusk, shiny|100/100
|turn|11
|
|t:|1759067459
|move|p1a: Crawdaunt|Aqua Jet|p2a: Great Tusk
|-supereffective|p2a: Great Tusk
|-damage|p2a: Great Tusk|62/100
|move|p2a: Great Tusk|Headlong Rush|p1a: Crawdaunt
|-crit|p1a: Crawdaunt
|-damage|p1a: Crawdaunt|0 fnt
|-unboost|p2a: Great Tusk|def|1
|-unboost|p2a: Great Tusk|spd|1
|faint|p1a: Crawdaunt
|
|upkeep
|
|t:|1759067474
|switch|p1a: Gengar|Gengar, M|100/100
|-damage|p1a: Gengar|88/100|[from] Stealth Rock
|turn|12
|
|t:|1759067501
|move|p1a: Gengar|Psychic|p2a: Great Tusk
|-supereffective|p2a: Great Tusk
|-damage|p2a: Great Tusk|0 fnt
|faint|p2a: Great Tusk
|-end|p2a: Great Tusk|Protosynthesis|[silent]
|
|upkeep
|
|t:|1759067505
|switch|p2a: Staraptor|Staraptor, M, shiny|23/100
|turn|13
|
|t:|1759067514
|move|p2a: Staraptor|Brave Bird|p1a: Gengar
|-damage|p1a: Gengar|0 fnt
|-start|p2a: Staraptor|Disable|Brave Bird|[from] ability: Cursed Body|[of] p1a: Gengar
|faint|p1a: Gengar
|-damage|p2a: Staraptor|0 fnt|[from] Recoil
|faint|p2a: Staraptor
|
|upkeep
|
|t:|1759067522
|switch|p1a: Lurantis|Lurantis, M|100/100
|switch|p2a: Slowking|Slowking-Galar, F|40/100
|-damage|p1a: Lurantis|88/100|[from] Stealth Rock
|turn|14
|
|t:|1759067536
|move|p2a: Slowking|Sludge Bomb|p1a: Lurantis
|-supereffective|p1a: Lurantis
|-damage|p1a: Lurantis|39/100
|move|p1a: Lurantis|Leaf Storm|p2a: Slowking
|-resisted|p2a: Slowking
|-damage|p2a: Slowking|24/100
|-boost|p1a: Lurantis|spa|2
|
|upkeep
|turn|15
|
|t:|1759067548
|move|p2a: Slowking|Sludge Bomb|p1a: Lurantis
|-supereffective|p1a: Lurantis
|-damage|p1a: Lurantis|0 fnt
|faint|p1a: Lurantis
|
|win|lehok
|raw|Kasey D's rating: 1077 &rarr; <strong>1056</strong><br />(-21 for losing)
|raw|lehok's rating: 1091 &rarr; <strong>1116</strong><br />(+25 for winning)
|l|☆Kasey D
|player|p1|
|l|☆lehok
|player|p2|
