|j|☆114514Ottoman
|j|☆Zettaaa
|t:|1758968064
|gametype|singles
|player|p1|114514Ottoman|170|1249
|player|p2|Zettaaa|brawly|1241
|gen|9
|tier|[Gen 9] OU
|rated|
|rule|HP Percentage Mod: HP is shown in percentages
|rule|Endless Battle Clause: Forcing endless battles is banned
|rule|Species Clause: Limit one of each Pokémon
|rule|OHKO Clause: OHKO moves are banned
|rule|Evasion Items Clause: Evasion items are banned
|rule|Evasion Moves Clause: Evasion moves are banned
|rule|Evasion Abilities Clause: Evasion abilities are banned
|rule|Sleep Moves Clause: Sleep-inducing moves are banned
|clearpoke
|poke|p1|Gallade, M|
|poke|p1|Ceruledge, F|
|poke|p1|Great Tusk|
|poke|p1|Scizor, F|
|poke|p1|Hatterene, F|
|poke|p1|Landorus-Therian, M|
|poke|p2|Orthworm, F|
|poke|p2|Moltres|
|poke|p2|Spidops, M|
|poke|p2|Mimikyu, M|
|poke|p2|Perrserker, F|
|poke|p2|Raging Bolt|
|teampreview
|
|t:|1758968076
|teamsize|p1|6
|teamsize|p2|6
|start
|switch|p1a: Ceruledge|Ceruledge, F, shiny|100/100
|switch|p2a: Orthworm|Orthworm, F|100/100
|turn|1
|
|t:|1758968095
|move|p1a: Ceruledge|Swords Dance|p1a: Ceruledge
|-boost|p1a: Ceruledge|atk|2
|move|p2a: Orthworm|Stealth Rock|p1a: Ceruledge
|-sidestart|p1: 114514Ottoman|move: Stealth Rock
|
|upkeep
|turn|2
|
|t:|1758968103
|move|p1a: Ceruledge|Bitter Blade|p2a: Orthworm
|-supereffective|p2a: Orthworm
|-damage|p2a: Orthworm|0 fnt
|faint|p2a: Orthworm
|
|upkeep
|
|t:|1758968107
|switch|p2a: Mimikyu|Mimikyu, M|100/100
|turn|3
|
|t:|1758968119
|move|p2a: Mimikyu|Swords Dance|p2a: Mimikyu
|-boost|p2a: Mimikyu|atk|2
|move|p1a: Ceruledge|Bitter Blade|p2a: Mimikyu
|-activate|p2a: Mimikyu|ability: Disguise
|-damage|p2a: Mimikyu|100/100
|detailschange|p2a: Mimikyu|Mimikyu-Busted, M
|-damage|p2a: Mimikyu|88/100|[from] pokemon: Mimikyu-Busted
|
|upkeep
|turn|4
|
|t:|1758968131
|move|p2a: Mimikyu|Shadow Sneak|p1a: Ceruledge
|-supereffective|p1a: Ceruledge
|-enditem|p1a: Ceruledge|Focus Sash
|-damage|p1a: Ceruledge|1/100
|-ability|p1a: Ceruledge|Weak Armor|boost
|-unboost|p1a: Ceruledge|def|1
|-boost|p1a: Ceruledge|spe|2
|-damage|p2a: Mimikyu|78/100|[from] item: Life Orb
|move|p1a: Ceruledge|Shadow Sneak|p2a: Mimikyu
|-supereffective|p2a: Mimikyu
|-damage|p2a: Mimikyu|0 fnt
|faint|p2a: Mimikyu
|
|upkeep
|
|t:|1758968140
|switch|p2a: Raging Bolt|Raging Bolt|100/100
|turn|5
|
|t:|1758968145
|move|p1a: Ceruledge|Shadow Sneak|p2a: Raging Bolt
|-damage|p2a: Raging Bolt|70/100
|move|p2a: Raging Bolt|Thunderclap||[still]
|-fail|p2a: Raging Bolt
|
|upkeep
|turn|6
|
|t:|1758968152
|move|p1a: Ceruledge|Close Combat|p2a: Raging Bolt
|-damage|p2a: Raging Bolt|10/100
|-unboost|p1a: Ceruledge|def|1
|-unboost|p1a: Ceruledge|spd|1
|move|p2a: Raging Bolt|Volt Switch|p1a: Ceruledge
|-crit|p1a: Ceruledge
|-damage|p1a: Ceruledge|0 fnt
|faint|p1a: Ceruledge
|
|t:|1758968161
|-end|p2a: Raging Bolt|Protosynthesis|[silent]
|switch|p2a: Spidops|Spidops, M|100/100|[from] Volt Switch
|
|upkeep
|
|t:|1758968174
|switch|p1a: Hatterene|Hatterene, F|100/100
|-damage|p1a: Hatterene|88/100|[from] Stealth Rock
|turn|7
|
|t:|1758968192
|move|p2a: Spidops|First Impression|p1a: Hatterene
|-damage|p1a: Hatterene|44/100
|move|p1a: Hatterene|Nuzzle|p2a: Spidops
|-damage|p2a: Spidops|95/100
|-status|p2a: Spidops|par
|-damage|p1a: Hatterene|27/100|[from] item: Rocky Helmet|[of] p2a: Spidops
|
|upkeep
|turn|8
|
|t:|1758968223
|move|p1a: Hatterene|Mystical Fire|p2a: Spidops
|-supereffective|p2a: Spidops
|-crit|p2a: Spidops
|-damage|p2a: Spidops|4/100 par
|-unboost|p2a: Spidops|spa|1
|move|p2a: Spidops|Knock Off|p1a: Hatterene
|-damage|p1a: Hatterene|0 fnt
|-enditem|p1a: Hatterene|Assault Vest|[from] move: Knock Off|[of] p2a: Spidops
|faint|p1a: Hatterene
|
|upkeep
|
|t:|1758968229
|switch|p1a: Landorus|Landorus-Therian, M|100/100
|-damage|p1a: Landorus|88/100|[from] Stealth Rock
|-ability|p1a: Landorus|Intimidate|boost
|-unboost|p2a: Spidops|atk|1
|turn|9
|
|t:|1758968235
|move|p1a: Landorus|U-turn|p2a: Spidops
|-damage|p2a: Spidops|0 fnt
|-damage|p1a: Landorus|72/100|[from] item: Rocky Helmet|[of] p2a: Spidops
|faint|p2a: Spidops
|
|t:|1758968237
|switch|p1a: Great Tusk|Great Tusk|100/100|[from] U-turn
|-damage|p1a: Great Tusk|98/100|[from] Stealth Rock
|
|-heal|p1a: Great Tusk|100/100|[from] item: Leftovers
|upkeep
|
|t:|1758968252
|switch|p2a: Moltres|Moltres|100/100
|turn|10
|
|t:|1758968260
|move|p2a: Moltres|Will-O-Wisp|p1a: Great Tusk
|-status|p1a: Great Tusk|brn
|move|p1a: Great Tusk|Rapid Spin|p2a: Moltres
|-damage|p2a: Moltres|89/100
|-boost|p1a: Great Tusk|spe|1
|-sideend|p1: 114514Ottoman|Stealth Rock|[from] move: Rapid Spin|[of] p1a: Great Tusk
|
|-damage|p1a: Great Tusk|94/100 brn|[from] brn
|upkeep
|turn|11
|
|t:|1758968267
|move|p1a: Great Tusk|Close Combat|p2a: Moltres
|-resisted|p2a: Moltres
|-damage|p2a: Moltres|69/100
|-unboost|p1a: Great Tusk|def|1
|-unboost|p1a: Great Tusk|spd|1
|move|p2a: Moltres|Hurricane|p1a: Great Tusk|[miss]
|-miss|p2a: Moltres|p1a: Great Tusk
|
|-heal|p1a: Great Tusk|100/100 brn|[from] item: Leftovers
|-damage|p1a: Great Tusk|94/100 brn|[from] brn
|upkeep
|turn|12
|
|t:|1758968273
|move|p1a: Great Tusk|Close Combat|p2a: Moltres
|-resisted|p2a: Moltres
|-damage|p2a: Moltres|50/100
|-unboost|p1a: Great Tusk|def|1
|-unboost|p1a: Great Tusk|spd|1
|move|p2a: Moltres|Hurricane|p1a: Great Tusk
|-supereffective|p1a: Great Tusk
|-damage|p1a: Great Tusk|0 fnt
|faint|p1a: Great Tusk
|-end|p1a: Great Tusk|Protosynthesis|[silent]
|
|upkeep
|
|t:|1758968309
|switch|p1a: Landorus|Landorus-Therian, M|72/100
|-ability|p1a: Landorus|Intimidate|boost
|-unboost|p2a: Moltres|atk|1
|turn|13
|
|t:|1758968320
|-terastallize|p1a: Landorus|Fire
|move|p1a: Landorus|Crunch|p2a: Moltres
|-damage|p2a: Moltres|13/100
|move|p2a: Moltres|Flamethrower|p1a: Landorus
|-resisted|p1a: Landorus
|-damage|p1a: Landorus|41/100
|
|upkeep
|turn|14
|
|t:|1758968328
|move|p1a: Landorus|Crunch|p2a: Moltres
|-damage|p2a: Moltres|0 fnt
|faint|p2a: Moltres
|
|upkeep
|
|t:|1758968334
|switch|p2a: Raging Bolt|Raging Bolt|10/100
|turn|15
|
|t:|1758968338
|switch|p1a: Scizor|Scizor, F, shiny|100/100
|move|p2a: Raging Bolt|Thunderclap||[still]
|-fail|p2a: Raging Bolt
|
|upkeep
|turn|16
|
|t:|1758968344
|move|p2a: Raging Bolt|Thunderclap|p1a: Scizor
|-damage|p1a: Scizor|47/100
|move|p1a: Scizor|U-turn|p2a: Raging Bolt
|-damage|p2a: Raging Bolt|0 fnt
|faint|p2a: Raging Bolt
|-end|p2a: Raging Bolt|Protosynthesis|[silent]
|-damage|p1a: Scizor|37/100|[from] item: Life Orb
|
|t:|1758968346
|switch|p1a: Gallade|Gallade, M, shiny|100/100|[from] U-turn
|
|upkeep
|
|t:|1758968350
|switch|p2a: Perrserker|Perrserker, F|100/100
|turn|17
|
|t:|1758968357
|move|p1a: Gallade|Sacred Sword|p2a: Perrserker
|-supereffective|p2a: Perrserker
|-damage|p2a: Perrserker|0 fnt
|faint|p2a: Perrserker
|
|win|114514Ottoman
|raw|114514Ottoman's rating: 1249 &rarr; <strong>1273</strong><br />(+24 for winning)
|raw|Zettaaa's rating: 1241 &rarr; <strong>1217</strong><br />(-24 for losing)
|l|☆Zettaaa
|player|p2|
|l|☆114514Ottoman
|player|p1|
