|j|☆p0lntless
|j|☆Mr.villains
|t:|1759043485
|gametype|singles
|player|p1|p0lntless|169|1370
|player|p2|Mr.villains|cynthia-gen4|1467
|gen|9
|tier|[Gen 9] OU
|rated|
|rule|HP Percentage Mod: HP is shown in percentages
|rule|Endless Battle Clause: Forcing endless battles is banned
|rule|Species Clause: Limit one of each Pokémon
|rule|OHKO Clause: OHKO moves are banned
|rule|Evasion Items Clause: Evasion items are banned
|rule|Evasion Moves Clause: Evasion moves are banned
|rule|Evasion Abilities Clause: Evasion abilities are banned
|rule|Sleep Moves Clause: Sleep-inducing moves are banned
|clearpoke
|poke|p1|Ambipom, F|
|poke|p1|Dondozo, F|
|poke|p1|Dragapult, F|
|poke|p1|Talonflame, F|
|poke|p1|Zoroark-Hisui, M|
|poke|p1|Goodra-Hisui, M|
|poke|p2|Darkrai|
|poke|p2|Landorus-Therian, M|
|poke|p2|Dragonite, M|
|poke|p2|Enamorus, F|
|poke|p2|Kingambit, M|
|poke|p2|Glimmora, F|
|teampreview
|inactive|Battle timer is ON: inactive players will automatically lose when time's up. (requested by p0lntless)
|
|t:|1759043507
|teamsize|p1|6
|teamsize|p2|6
|start
|switch|p1a: High5|Ambipom, F|100/100
|switch|p2a: Darkrai|Darkrai|100/100
|turn|1
|
|t:|1759043520
|switch|p2a: Glimmora|Glimmora, F|100/100
|switch|p1a: Goodra|Goodra-Hisui, M|100/100
|
|upkeep
|turn|2
|
|t:|1759043532
|switch|p2a: Landorus|Landorus-Therian, M|100/100
|-ability|p2a: Landorus|Intimidate|boost
|-unboost|p1a: Goodra|atk|1
|move|p1a: Goodra|Hydro Pump|p2a: Landorus
|-supereffective|p2a: Landorus
|-damage|p2a: Landorus|43/100
|
|upkeep
|turn|3
|
|t:|1759043540
|switch|p1a: Talonflame|Talonflame, F|100/100
|move|p2a: Landorus|U-turn|p1a: Talonflame
|-resisted|p1a: Talonflame
|-damage|p1a: Talonflame|96/100
|-status|p2a: Landorus|brn|[from] ability: Flame Body|[of] p1a: Talonflame
|
|t:|1759043546
|switch|p2a: Glimmora|Glimmora, F|100/100|[from] U-turn
|
|upkeep
|turn|4
|
|t:|1759043552
|move|p1a: Talonflame|Will-O-Wisp|p2a: Glimmora
|-status|p2a: Glimmora|brn
|move|p2a: Glimmora|Stealth Rock|p1a: Talonflame
|-sidestart|p1: p0lntless|move: Stealth Rock
|
|-damage|p2a: Glimmora|94/100 brn|[from] brn
|upkeep
|turn|5
|
|t:|1759043562
|switch|p1a: Goodra|Goodra-Hisui, M|100/100
|-damage|p1a: Goodra|94/100|[from] Stealth Rock
|move|p2a: Glimmora|Mortal Spin|p1a: Goodra
|-immune|p1a: Goodra
|
|-heal|p1a: Goodra|100/100|[from] item: Leftovers
|-damage|p2a: Glimmora|88/100 brn|[from] brn
|upkeep
|turn|6
|
|t:|1759043573
|move|p2a: Glimmora|Earth Power|p1a: Goodra
|-supereffective|p1a: Goodra
|-damage|p1a: Goodra|70/100
|move|p1a: Goodra|Gyro Ball|p2a: Glimmora
|-supereffective|p2a: Glimmora
|-damage|p2a: Glimmora|60/100 brn
|-activate|p2a: Glimmora|ability: Toxic Debris
|-sidestart|p1: p0lntless|move: Toxic Spikes
|-enditem|p2a: Glimmora|Red Card|[of] p1a: Goodra
|drag|p1a: High5|Ambipom, F|100/100
|-damage|p1a: High5|88/100|[from] Stealth Rock
|-status|p1a: High5|psn
|
|-damage|p1a: High5|76/100 psn|[from] psn
|-damage|p2a: Glimmora|54/100 brn|[from] brn
|upkeep
|turn|7
|
|t:|1759043588
|switch|p2a: Landorus|Landorus-Therian, M|43/100 brn
|-ability|p2a: Landorus|Intimidate|boost
|-unboost|p1a: High5|atk|1
|move|p1a: High5|Bitter Malice|p2a: Landorus
|-damage|p2a: Landorus|0 fnt
|faint|p2a: Landorus
|
|-damage|p1a: High5|63/100 psn|[from] psn
|upkeep
|
|t:|1759043599
|switch|p2a: Darkrai|Darkrai|100/100
|turn|8
|
|t:|1759043604
|move|p2a: Darkrai|Nasty Plot|p2a: Darkrai
|-boost|p2a: Darkrai|spa|2
|move|p1a: High5|Bitter Malice|p2a: Darkrai
|-resisted|p2a: Darkrai
|-damage|p2a: Darkrai|60/100
|-unboost|p2a: Darkrai|atk|1
|
|-heal|p2a: Darkrai|66/100|[from] item: Leftovers
|-damage|p1a: High5|51/100 psn|[from] psn
|upkeep
|turn|9
|
|t:|1759043611
|move|p2a: Darkrai|Dark Pulse|p1a: High5
|-supereffective|p1a: High5
|-damage|p1a: High5|0 fnt
|replace|p1a: Zoroark|Zoroark-Hisui, M
|-end|p1a: Zoroark|Illusion
|faint|p1a: Zoroark
|
|-heal|p2a: Darkrai|72/100|[from] item: Leftovers
|upkeep
|
|t:|1759043623
|switch|p1a: High5|Ambipom, F|100/100
|-damage|p1a: High5|88/100|[from] Stealth Rock
|-status|p1a: High5|psn
|turn|10
|
|t:|1759043635
|-terastallize|p1a: High5|Normal
|move|p1a: High5|Fake Out|p2a: Darkrai
|-damage|p2a: Darkrai|18/100
|cant|p2a: Darkrai|flinch
|
|-heal|p2a: Darkrai|24/100|[from] item: Leftovers
|-damage|p1a: High5|76/100 psn|[from] psn
|upkeep
|turn|11
|
|t:|1759043641
|switch|p1a: Goodra|Goodra-Hisui, M|70/100
|-damage|p1a: Goodra|64/100|[from] Stealth Rock
|move|p2a: Darkrai|Dark Pulse|p1a: Goodra
|-crit|p1a: Goodra
|-damage|p1a: Goodra|0 fnt
|faint|p1a: Goodra
|
|-heal|p2a: Darkrai|30/100|[from] item: Leftovers
|upkeep
|
|t:|1759043648
|switch|p1a: Dragapult|Dragapult, F|100/100
|-damage|p1a: Dragapult|88/100|[from] Stealth Rock
|-status|p1a: Dragapult|psn
|turn|12
|l|☆Mr.villains
|inactive|Mr.villains disconnected and has a minute to reconnect!
|player|p2|
|inactive|Mr.villains has 30 seconds to reconnect!
|j|☆Mr.villains
|inactive|Mr.villains reconnected and has 115 seconds left.
|player|p2|Mr.villains|cynthia-gen4|
|inactive|Mr.villains has 90 seconds left.
|
|t:|1759043708
|switch|p2a: Glimmora|Glimmora, F|54/100 brn
|move|p1a: Dragapult|U-turn|p2a: Glimmora
|-resisted|p2a: Glimmora
|-damage|p2a: Glimmora|43/100 brn
|-activate|p2a: Glimmora|ability: Toxic Debris
|-sidestart|p1: p0lntless|move: Toxic Spikes
|
|t:|1759043715
|switch|p1a: Talonflame|Talonflame, F|96/100|[from] U-turn
|
|-damage|p2a: Glimmora|37/100 brn|[from] brn
|upkeep
|turn|13
|
|t:|1759043721
|move|p1a: Talonflame|Defog|p2a: Glimmora
|-unboost|p2a: Glimmora|evasion|1
|-sideend|p1: p0lntless|Toxic Spikes|[from] move: Defog|[of] p1a: Talonflame
|-sideend|p1: p0lntless|Stealth Rock|[from] move: Defog|[of] p1a: Talonflame
|move|p2a: Glimmora|Mortal Spin|p1a: Talonflame
|-crit|p1a: Talonflame
|-damage|p1a: Talonflame|92/100
|-status|p1a: Talonflame|psn
|
|-damage|p1a: Talonflame|80/100 psn|[from] psn
|-damage|p2a: Glimmora|31/100 brn|[from] brn
|upkeep
|turn|14
|
|t:|1759043733
|switch|p1a: Dragapult|Dragapult, F|88/100 psn
|move|p2a: Glimmora|Stealth Rock|p1a: Dragapult
|-sidestart|p1: p0lntless|move: Stealth Rock
|
|-damage|p1a: Dragapult|76/100 psn|[from] psn
|-damage|p2a: Glimmora|25/100 brn|[from] brn
|upkeep
|turn|15
|
|t:|1759043737
|move|p1a: Dragapult|Dragon Darts|p2a: Glimmora
|-damage|p2a: Glimmora|0 fnt
|-activate|p2a: Glimmora|ability: Toxic Debris
|-sidestart|p1: p0lntless|move: Toxic Spikes
|faint|p2a: Glimmora
|
|-damage|p1a: Dragapult|64/100 psn|[from] psn
|upkeep
|inactive|Mr.villains has 120 seconds left.
|
|t:|1759043744
|switch|p2a: Enamorus|Enamorus, F|100/100
|turn|16
|
|t:|1759043757
|-terastallize|p2a: Enamorus|Electric
|move|p2a: Enamorus|Tera Blast|p1a: Dragapult|[anim] Tera Blast Electric
|-resisted|p1a: Dragapult
|-damage|p1a: Dragapult|33/100 psn
|move|p1a: Dragapult|Tera Blast|p2a: Enamorus
|-damage|p2a: Enamorus|74/100
|
|-damage|p1a: Dragapult|21/100 psn|[from] psn
|upkeep
|turn|17
|
|t:|1759043764
|move|p2a: Enamorus|Tera Blast|p1a: Dragapult|[anim] Tera Blast Electric
|-resisted|p1a: Dragapult
|-damage|p1a: Dragapult|0 fnt
|faint|p1a: Dragapult
|
|upkeep
|
|t:|1759043773
|switch|p1a: High5|Ambipom, F, tera:Normal|76/100 psn
|-damage|p1a: High5|63/100 psn|[from] Stealth Rock
|turn|18
|
|t:|1759043776
|switch|p2a: Kingambit|Kingambit, M|100/100
|-activate|p2a: Kingambit|ability: Supreme Overlord
|-start|p2a: Kingambit|fallen2|[silent]
|move|p1a: High5|Fake Out|p2a: Kingambit
|-resisted|p2a: Kingambit
|-damage|p2a: Kingambit|83/100
|
|-heal|p2a: Kingambit|90/100|[from] item: Leftovers
|-damage|p1a: High5|51/100 psn|[from] psn
|upkeep
|turn|19
|
|t:|1759043791
|-end|p2a: Kingambit|fallen2|[silent]
|switch|p2a: Enamorus|Enamorus, F, tera:Electric|74/100
|move|p1a: High5|U-turn|p2a: Enamorus
|-damage|p2a: Enamorus|42/100
|
|t:|1759043799
|switch|p1a: Talonflame|Talonflame, F|80/100 psn|[from] U-turn
|
|-damage|p1a: Talonflame|67/100 psn|[from] psn
|upkeep
|turn|20
|
|t:|1759043801
|move|p2a: Enamorus|Tera Blast|p1a: Talonflame|[anim] Tera Blast Electric
|-supereffective|p1a: Talonflame
|-damage|p1a: Talonflame|0 fnt
|faint|p1a: Talonflame
|
|upkeep
|
|t:|1759043803
|switch|p1a: High5|Ambipom, F, tera:Normal|51/100 psn
|-damage|p1a: High5|39/100 psn|[from] Stealth Rock
|turn|21
|
|t:|1759043808
|switch|p2a: Kingambit|Kingambit, M|90/100
|-activate|p2a: Kingambit|ability: Supreme Overlord
|-start|p2a: Kingambit|fallen2|[silent]
|move|p1a: High5|Knock Off|p2a: Kingambit
|-resisted|p2a: Kingambit
|-damage|p2a: Kingambit|78/100
|-enditem|p2a: Kingambit|Leftovers|[from] move: Knock Off|[of] p1a: High5
|
|-damage|p1a: High5|26/100 psn|[from] psn
|upkeep
|turn|22
|
|t:|1759043819
|-end|p2a: Kingambit|fallen2|[silent]
|switch|p2a: Darkrai|Darkrai|30/100
|move|p1a: High5|U-turn|p2a: Darkrai
|-supereffective|p2a: Darkrai
|-damage|p2a: Darkrai|0 fnt
|faint|p2a: Darkrai
|
|t:|1759043825
|switch|p1a: Sashimi|Dondozo, F|100/100|[from] U-turn
|-damage|p1a: Sashimi|88/100|[from] Stealth Rock
|-status|p1a: Sashimi|psn
|
|-damage|p1a: Sashimi|76/100 psn|[from] psn
|upkeep
|
|t:|1759043827
|switch|p2a: Enamorus|Enamorus, F, tera:Electric|42/100
|turn|23
|
|t:|1759043830
|move|p2a: Enamorus|Tera Blast|p1a: Sashimi|[anim] Tera Blast Electric
|-supereffective|p1a: Sashimi
|-damage|p1a: Sashimi|0 fnt
|faint|p1a: Sashimi
|
|upkeep
|
|t:|1759043832
|switch|p1a: High5|Ambipom, F, tera:Normal|26/100 psn
|-damage|p1a: High5|14/100 psn|[from] Stealth Rock
|turn|24
|
|t:|1759043834
|move|p1a: High5|Fake Out|p2a: Enamorus
|-damage|p2a: Enamorus|0 fnt
|faint|p2a: Enamorus
|
|-damage|p1a: High5|2/100 psn|[from] psn
|upkeep
|
|t:|1759043838
|switch|p2a: Dragonite|Dragonite, M|100/100
|turn|25
|
|t:|1759043840
|move|p2a: Dragonite|Extreme Speed|p1a: High5
|-damage|p1a: High5|0 fnt
|faint|p1a: High5
|
|win|Mr.villains
|raw|p0lntless's rating: 1370 &rarr; <strong>1355</strong><br />(-15 for losing)
|raw|Mr.villains's rating: 1467 &rarr; <strong>1482</strong><br />(+15 for winning)
|c|☆p0lntless|Gg
|l|☆Mr.villains
|player|p2|
|l|☆p0lntless
|player|p1|
