|j|☆SBYK
|j|☆bertoskyT
|t:|1758962229
|gametype|singles
|player|p1|SBYK|aaron|1463
|player|p2|bertoskyT|ethan|1548
|gen|9
|tier|[Gen 9] OU
|rated|
|rule|HP Percentage Mod: HP is shown in percentages
|rule|Endless Battle Clause: Forcing endless battles is banned
|rule|Species Clause: Limit one of each Pokémon
|rule|OHKO Clause: OHKO moves are banned
|rule|Evasion Items Clause: Evasion items are banned
|rule|Evasion Moves Clause: Evasion moves are banned
|rule|Evasion Abilities Clause: Evasion abilities are banned
|rule|Sleep Moves Clause: Sleep-inducing moves are banned
|clearpoke
|poke|p1|Kingambit, M|
|poke|p1|Garchomp, M|
|poke|p1|Donphan, F|
|poke|p1|Weezing-Galar, F|
|poke|p1|Tornadus-Therian, M|
|poke|p1|Meowscarada, F|
|poke|p2|Dragapult, F|
|poke|p2|Landorus-Therian, M|
|poke|p2|Ogerpon-Wellspring, F|
|poke|p2|Greninja-*, M|
|poke|p2|Slowking-Galar, M|
|poke|p2|Forretress, M|
|teampreview
|inactive|Battle timer is ON: inactive players will automatically lose when time's up. (requested by SBYK)
|
|t:|1758962237
|teamsize|p1|6
|teamsize|p2|6
|start
|switch|p1a: Tornadus|Tornadus-Therian, M, shiny|100/100
|switch|p2a: Landorus|Landorus-Therian, M|100/100
|-ability|p2a: Landorus|Intimidate|boost
|-unboost|p1a: Tornadus|atk|1
|turn|1
|
|t:|1758962242
|move|p1a: Tornadus|Bleakwind Storm|p2a: Landorus
|-damage|p2a: Landorus|52/100
|move|p2a: Landorus|Stealth Rock|p1a: Tornadus
|-sidestart|p1: SBYK|move: Stealth Rock
|
|upkeep
|turn|2
|
|t:|1758962247
|switch|p2a: Slowking|Slowking-Galar, M|100/100
|move|p1a: Tornadus|Bleakwind Storm|p2a: Slowking
|-damage|p2a: Slowking|73/100
|
|upkeep
|turn|3
|
|t:|1758962250
|move|p1a: Tornadus|Knock Off|p2a: Slowking
|-supereffective|p2a: Slowking
|-damage|p2a: Slowking|45/100
|-enditem|p2a: Slowking|Heavy-Duty Boots|[from] move: Knock Off|[of] p1a: Tornadus
|-prepare|p2a: Slowking|Chilly Reception|[premajor]
|move|p2a: Slowking|Chilly Reception|p2a: Slowking
|-weather|Snowscape
|
|t:|1758962265
|switch|p2a: Dragapult|Dragapult, F|100/100|[from] Chilly Reception
|
|-weather|Snowscape|[upkeep]
|upkeep
|turn|4
|
|t:|1758962269
|-terastallize|p2a: Dragapult|Ghost
|move|p2a: Dragapult|Tera Blast|p1a: Tornadus|[anim] Tera Blast Ghost
|-damage|p1a: Tornadus|3/100
|move|p1a: Tornadus|Knock Off|p2a: Dragapult
|-supereffective|p2a: Dragapult
|-damage|p2a: Dragapult|58/100
|-enditem|p2a: Dragapult|Choice Band|[from] move: Knock Off|[of] p1a: Tornadus
|
|-weather|Snowscape|[upkeep]
|upkeep
|turn|5
|
|t:|1758962280
|switch|p1a: Weezing|Weezing-Galar, F, shiny|100/100
|-ability|p1a: Weezing|Neutralizing Gas
|-damage|p1a: Weezing|88/100|[from] Stealth Rock
|move|p2a: Dragapult|U-turn|p1a: Weezing
|-resisted|p1a: Weezing
|-damage|p1a: Weezing|84/100
|
|t:|1758962284
|switch|p2a: Landorus|Landorus-Therian, M|52/100|[from] U-turn
|
|-weather|Snowscape|[upkeep]
|-heal|p1a: Weezing|90/100|[from] item: Leftovers
|upkeep
|turn|6
|
|t:|1758962289
|-terastallize|p1a: Weezing|Grass
|move|p2a: Landorus|Earth Power|p1a: Weezing
|-resisted|p1a: Weezing
|-damage|p1a: Weezing|72/100
|move|p1a: Weezing|Defog|p2a: Landorus
|-unboost|p2a: Landorus|evasion|1
|-sideend|p1: SBYK|Stealth Rock|[from] move: Defog|[of] p1a: Weezing
|
|-weather|Snowscape|[upkeep]
|-heal|p1a: Weezing|78/100|[from] item: Leftovers
|upkeep
|turn|7
|
|t:|1758962294
|move|p2a: Landorus|Stealth Rock|p1a: Weezing
|-sidestart|p1: SBYK|move: Stealth Rock
|move|p1a: Weezing|Will-O-Wisp|p2a: Landorus
|-status|p2a: Landorus|brn
|
|-weather|none
|-heal|p1a: Weezing|84/100|[from] item: Leftovers
|-damage|p2a: Landorus|46/100 brn|[from] brn
|upkeep
|turn|8
|
|t:|1758962296
|move|p2a: Landorus|U-turn|p1a: Weezing
|-supereffective|p1a: Weezing
|-damage|p1a: Weezing|70/100
|
|t:|1758962301
|switch|p2a: Greninja|Greninja, M|100/100|[from] U-turn
|move|p1a: Weezing|Defog|p2a: Greninja
|-unboost|p2a: Greninja|evasion|1
|-sideend|p1: SBYK|Stealth Rock|[from] move: Defog|[of] p1a: Weezing
|
|-heal|p1a: Weezing|76/100|[from] item: Leftovers
|upkeep
|turn|9
|
|t:|1758962303
|move|p2a: Greninja|Ice Beam|p1a: Weezing
|-supereffective|p1a: Weezing
|-damage|p1a: Weezing|0 fnt
|faint|p1a: Weezing
|-end|p1a: Weezing|ability: Neutralizing Gas
|-ability|p2a: Greninja|Battle Bond|boost
|-boost|p2a: Greninja|atk|1
|-boost|p2a: Greninja|spa|1
|-boost|p2a: Greninja|spe|1
|-activate|p2a: Greninja|ability: Battle Bond
|-damage|p2a: Greninja|91/100|[from] item: Life Orb
|
|upkeep
|
|t:|1758962308
|switch|p1a: Donphan|Donphan, F, shiny|100/100
|turn|10
|
|t:|1758962311
|move|p2a: Greninja|Surf|p1a: Donphan
|-supereffective|p1a: Donphan
|-ability|p1a: Donphan|Sturdy
|-damage|p1a: Donphan|1/100
|-damage|p2a: Greninja|81/100|[from] item: Life Orb
|move|p1a: Donphan|Endeavor|p2a: Greninja
|-damage|p2a: Greninja|1/100
|
|upkeep
|turn|11
|-enditem|p1a: Donphan|Custap Berry|[eat]
|-activate|p1a: Donphan|item: Custap Berry|[consumed]
|
|t:|1758962313
|move|p1a: Donphan|Ice Shard|p2a: Greninja
|-resisted|p2a: Greninja
|-damage|p2a: Greninja|0 fnt
|faint|p2a: Greninja
|
|upkeep
|
|t:|1758962328
|switch|p2a: Dragapult|Dragapult, F, tera:Ghost|58/100
|turn|12
|
|t:|1758962332
|move|p1a: Donphan|Ice Shard|p2a: Dragapult
|-damage|p2a: Dragapult|39/100
|move|p2a: Dragapult|Tera Blast|p1a: Donphan|[anim] Tera Blast Ghost
|-damage|p1a: Donphan|0 fnt
|faint|p1a: Donphan
|
|upkeep
|
|t:|1758962339
|switch|p1a: Kingambit|Kingambit, M, shiny|100/100
|-activate|p1a: Kingambit|ability: Supreme Overlord
|-start|p1a: Kingambit|fallen2|[silent]
|turn|13
|
|t:|1758962342
|switch|p2a: Landorus|Landorus-Therian, M|46/100 brn
|-ability|p2a: Landorus|Intimidate|boost
|-unboost|p1a: Kingambit|atk|1
|move|p1a: Kingambit|Kowtow Cleave|p2a: Landorus
|-damage|p2a: Landorus|11/100 brn
|-damage|p1a: Kingambit|84/100|[from] item: Rocky Helmet|[of] p2a: Landorus
|
|-damage|p2a: Landorus|5/100 brn|[from] brn
|upkeep
|turn|14
|
|t:|1758962348
|move|p2a: Landorus|Earth Power|p1a: Kingambit
|-supereffective|p1a: Kingambit
|-damage|p1a: Kingambit|12/100
|move|p1a: Kingambit|Kowtow Cleave|p2a: Landorus
|-crit|p2a: Landorus
|-damage|p2a: Landorus|0 fnt
|-damage|p1a: Kingambit|0 fnt|[from] item: Rocky Helmet|[of] p2a: Landorus
|faint|p2a: Landorus
|faint|p1a: Kingambit
|-end|p1a: Kingambit|fallen2|[silent]
|
|upkeep
|
|t:|1758962359
|switch|p2a: Ogerpon|Ogerpon-Wellspring, F|100/100
|switch|p1a: Garchomp|Garchomp, M, shiny|100/100
|turn|15
|
|t:|1758962363
|move|p2a: Ogerpon|Swords Dance|p2a: Ogerpon
|-boost|p2a: Ogerpon|atk|2
|move|p1a: Garchomp|Scale Shot|p2a: Ogerpon
|-damage|p2a: Ogerpon|83/100
|-damage|p2a: Ogerpon|67/100
|-crit|p2a: Ogerpon
|-damage|p2a: Ogerpon|42/100
|-damage|p2a: Ogerpon|26/100
|-hitcount|p2a: Ogerpon|4
|-unboost|p1a: Garchomp|def|1
|-boost|p1a: Garchomp|spe|1
|
|upkeep
|turn|16
|
|t:|1758962367
|move|p1a: Garchomp|Scale Shot|p2a: Ogerpon
|-damage|p2a: Ogerpon|9/100
|-damage|p2a: Ogerpon|0 fnt
|faint|p2a: Ogerpon
|-hitcount|p2: Ogerpon|2
|-unboost|p1a: Garchomp|def|1
|-boost|p1a: Garchomp|spe|1
|
|upkeep
|
|t:|1758962370
|switch|p2a: Forretress|Forretress, M|100/100
|turn|17
|
|t:|1758962374
|move|p1a: Garchomp|Swords Dance|p1a: Garchomp
|-boost|p1a: Garchomp|atk|2
|move|p2a: Forretress|Body Press|p1a: Garchomp
|-damage|p1a: Garchomp|56/100
|-damage|p2a: Forretress|88/100|[from] ability: Rough Skin|[of] p1a: Garchomp
|
|upkeep
|turn|18
|
|t:|1758962376
|move|p1a: Garchomp|Earthquake|p2a: Forretress
|-damage|p2a: Forretress|35/100
|move|p2a: Forretress|Body Press|p1a: Garchomp
|-damage|p1a: Garchomp|7/100
|-damage|p2a: Forretress|22/100|[from] ability: Rough Skin|[of] p1a: Garchomp
|
|upkeep
|turn|19
|
|t:|1758962383
|move|p1a: Garchomp|Earthquake|p2a: Forretress
|-damage|p2a: Forretress|0 fnt
|faint|p2a: Forretress
|
|upkeep
|
|t:|1758962385
|switch|p2a: Dragapult|Dragapult, F, tera:Ghost|39/100
|turn|20
|
|t:|1758962387
|move|p2a: Dragapult|Sucker Punch|p1a: Garchomp
|-damage|p1a: Garchomp|0 fnt
|-damage|p2a: Dragapult|27/100|[from] ability: Rough Skin|[of] p1a: Garchomp
|faint|p1a: Garchomp
|
|upkeep
|
|t:|1758962394
|switch|p1a: Meowscarada|Meowscarada, F, shiny|100/100
|turn|21
|
|t:|1758962409
|switch|p1a: Tornadus|Tornadus-Therian, M, shiny|36/100
|move|p2a: Dragapult|Dragon Darts|p1a: Tornadus
|-damage|p1a: Tornadus|6/100
|-anim|p2a: Dragapult|Dragon Darts|p1a: Tornadus
|-damage|p1a: Tornadus|0 fnt
|faint|p1a: Tornadus
|
|upkeep
|
|t:|1758962412
|switch|p1a: Meowscarada|Meowscarada, F, shiny|100/100
|turn|22
|
|t:|1758962417
|move|p2a: Dragapult|Dragon Darts|p1a: Meowscarada
|-damage|p1a: Meowscarada|60/100
|-anim|p2a: Dragapult|Dragon Darts|p1a: Meowscarada
|-damage|p1a: Meowscarada|21/100
|move|p1a: Meowscarada|Knock Off|p2a: Dragapult
|-start|p1a: Meowscarada|typechange|Dark|[from] ability: Protean
|-supereffective|p2a: Dragapult
|-damage|p2a: Dragapult|0 fnt
|faint|p2a: Dragapult
|
|upkeep
|
|t:|1758962420
|switch|p2a: Slowking|Slowking-Galar, M|78/100
|turn|23
|
|t:|1758962425
|move|p1a: Meowscarada|Knock Off|p2a: Slowking
|-supereffective|p2a: Slowking
|-damage|p2a: Slowking|9/100
|move|p2a: Slowking|Sludge Bomb|p1a: Meowscarada
|-damage|p1a: Meowscarada|0 fnt
|faint|p1a: Meowscarada
|
|win|bertoskyT
|raw|SBYK's rating: 1463 &rarr; <strong>1448</strong><br />(-15 for losing)
|raw|bertoskyT's rating: 1548 &rarr; <strong>1563</strong><br />(+15 for winning)
|l|☆SBYK
|player|p1|
|l|☆bertoskyT
|player|p2|
