|j|☆gholdengofinance
|j|☆jwest2405
|t:|1758916705
|gametype|singles
|player|p1|gholdengofinance|leaf-masters2|1442
|player|p2|jwest2405|beauty-gen4dp|1383
|gen|9
|tier|[Gen 9] OU
|rated|
|rule|HP Percentage Mod: HP is shown in percentages
|rule|Endless Battle Clause: Forcing endless battles is banned
|rule|Species Clause: Limit one of each Pokémon
|rule|OHKO Clause: OHKO moves are banned
|rule|Evasion Items Clause: Evasion items are banned
|rule|Evasion Moves Clause: Evasion moves are banned
|rule|Evasion Abilities Clause: Evasion abilities are banned
|rule|Sleep Moves Clause: Sleep-inducing moves are banned
|clearpoke
|poke|p1|Armarouge, M|
|poke|p1|Great Tusk|
|poke|p1|Gholdengo|
|poke|p1|Enamorus, F|
|poke|p1|Iron Crown|
|poke|p1|Samurott-Hisui, F|
|poke|p2|Hydreigon, M|
|poke|p2|Ribombee, M|
|poke|p2|Keldeo|
|poke|p2|Zapdos|
|poke|p2|Meowscarada, F|
|poke|p2|Enamorus, F|
|teampreview
|
|t:|1758916713
|teamsize|p1|6
|teamsize|p2|6
|start
|switch|p1a: Iron Crown|Iron Crown|100/100
|switch|p2a: Ribombee|Ribombee, M|100/100
|-enditem|p1a: Iron Crown|Booster Energy
|-activate|p1a: Iron Crown|ability: Quark Drive|[fromitem]
|-start|p1a: Iron Crown|quarkdrivespe
|turn|1
|
|t:|1758916720
|switch|p2a: Zapdos|Zapdos|100/100
|move|p1a: Iron Crown|Tachyon Cutter|p2a: Zapdos
|-resisted|p2a: Zapdos
|-damage|p2a: Zapdos|90/100
|-resisted|p2a: Zapdos
|-damage|p2a: Zapdos|78/100
|-hitcount|p2a: Zapdos|2
|
|upkeep
|turn|2
|
|t:|1758916727
|move|p1a: Iron Crown|Calm Mind|p1a: Iron Crown
|-boost|p1a: Iron Crown|spa|1
|-boost|p1a: Iron Crown|spd|1
|move|p2a: Zapdos|Volt Switch|p1a: Iron Crown
|-damage|p1a: Iron Crown|76/100
|
|t:|1758916733
|switch|p2a: Hydreigon|Hydreigon, M|100/100|[from] Volt Switch
|
|upkeep
|turn|3
|
|t:|1758916741
|-terastallize|p2a: Hydreigon|Steel
|move|p1a: Iron Crown|Tachyon Cutter|p2a: Hydreigon
|-resisted|p2a: Hydreigon
|-damage|p2a: Hydreigon|81/100
|-resisted|p2a: Hydreigon
|-damage|p2a: Hydreigon|61/100
|-hitcount|p2a: Hydreigon|2
|move|p2a: Hydreigon|Dark Pulse|p1a: Iron Crown
|-supereffective|p1a: Iron Crown
|-damage|p1a: Iron Crown|21/100
|
|upkeep
|turn|4
|
|t:|1758916751
|move|p1a: Iron Crown|Tachyon Cutter|p2a: Hydreigon
|-resisted|p2a: Hydreigon
|-damage|p2a: Hydreigon|40/100
|-resisted|p2a: Hydreigon
|-damage|p2a: Hydreigon|18/100
|-hitcount|p2a: Hydreigon|2
|move|p2a: Hydreigon|Dark Pulse|p1a: Iron Crown
|-supereffective|p1a: Iron Crown
|-damage|p1a: Iron Crown|0 fnt
|faint|p1a: Iron Crown
|-end|p1a: Iron Crown|Quark Drive|[silent]
|
|upkeep
|
|t:|1758916755
|switch|p1a: Samurott|Samurott-Hisui, F|100/100
|turn|5
|
|t:|1758916764
|switch|p2a: Meowscarada|Meowscarada, F|100/100
|move|p1a: Samurott|Ceaseless Edge|p2a: Meowscarada
|-resisted|p2a: Meowscarada
|-damage|p2a: Meowscarada|60/100
|-sidestart|p2: jwest2405|Spikes
|
|upkeep
|turn|6
|
|t:|1758916771
|switch|p1a: Armarouge|Armarouge, M|100/100
|move|p2a: Meowscarada|Flower Trick|p1a: Armarouge
|-start|p2a: Meowscarada|typechange|Grass|[from] ability: Protean
|-resisted|p1a: Armarouge
|-crit|p1a: Armarouge
|-damage|p1a: Armarouge|62/100
|-ability|p1a: Armarouge|Weak Armor|boost
|-unboost|p1a: Armarouge|def|1
|-boost|p1a: Armarouge|spe|2
|
|upkeep
|turn|7
|
|t:|1758916788
|switch|p2a: Zapdos|Zapdos|78/100
|move|p1a: Armarouge|Psychic|p2a: Zapdos
|-damage|p2a: Zapdos|7/100
|
|upkeep
|turn|8
|
|t:|1758916795
|move|p1a: Armarouge|Psychic|p2a: Zapdos
|-crit|p2a: Zapdos
|-damage|p2a: Zapdos|0 fnt
|faint|p2a: Zapdos
|
|upkeep
|
|t:|1758916801
|switch|p2a: Enamorus|Enamorus, F|100/100
|turn|9
|
|t:|1758916807
|move|p1a: Armarouge|Psychic|p2a: Enamorus
|-damage|p2a: Enamorus|0 fnt
|faint|p2a: Enamorus
|
|upkeep
|-message|jwest2405 forfeited.
|
|win|gholdengofinance
|raw|gholdengofinance's rating: 1442 &rarr; <strong>1459</strong><br />(+17 for winning)
|raw|jwest2405's rating: 1383 &rarr; <strong>1366</strong><br />(-17 for losing)
|l|☆jwest2405
|player|p2|
