|j|☆xen769
|j|☆dengo dollars
|t:|1759065149
|gametype|singles
|player|p1|xen769|1|1415
|player|p2|dengo dollars|dragontamer|1328
|gen|9
|tier|[Gen 9] OU
|rated|
|rule|HP Percentage Mod: HP is shown in percentages
|rule|Endless Battle Clause: Forcing endless battles is banned
|rule|Species Clause: Limit one of each Pokémon
|rule|OHKO Clause: OHKO moves are banned
|rule|Evasion Items Clause: Evasion items are banned
|rule|Evasion Moves Clause: Evasion moves are banned
|rule|Evasion Abilities Clause: Evasion abilities are banned
|rule|Sleep Moves Clause: Sleep-inducing moves are banned
|clearpoke
|poke|p1|Cinderace, F|
|poke|p1|Ninetales-Alola, F|
|poke|p1|Kyurem|
|poke|p1|Great Tusk|
|poke|p1|Cresselia, F|
|poke|p1|Slowking-Galar, F|
|poke|p2|Charizard, M|
|poke|p2|Great Tusk|
|poke|p2|Leavanny, M|
|poke|p2|Ninetales, F|
|poke|p2|Raging Bolt|
|poke|p2|Cinderace, M|
|teampreview
|
|t:|1759065154
|teamsize|p1|6
|teamsize|p2|6
|start
|switch|p1a: Kyurem|Kyurem|100/100
|switch|p2a: Cinderace|Cinderace, M|100/100
|-ability|p1a: Kyurem|Pressure
|turn|1
|
|t:|1759065160
|-terastallize|p1a: Kyurem|Fire
|move|p2a: Cinderace|High Jump Kick|p1a: Kyurem
|-start|p2a: Cinderace|typechange|Fighting|[from] ability: Libero
|-damage|p1a: Kyurem|18/100
|move|p1a: Kyurem|Dragon Dance|p1a: Kyurem
|-boost|p1a: Kyurem|atk|1
|-boost|p1a: Kyurem|spe|1
|
|upkeep
|turn|2
|
|t:|1759065173
|switch|p2a: Ninetales|Ninetales, F|100/100
|-weather|SunnyDay|[from] ability: Drought|[of] p2a: Ninetales
|move|p1a: Kyurem|Scale Shot|p2a: Ninetales
|-damage|p2a: Ninetales|74/100
|-damage|p2a: Ninetales|48/100
|-damage|p2a: Ninetales|19/100
|-damage|p2a: Ninetales|0 fnt
|faint|p2a: Ninetales
|-hitcount|p2: Ninetales|4
|-unboost|p1a: Kyurem|def|1
|-boost|p1a: Kyurem|spe|1
|
|-weather|SunnyDay|[upkeep]
|upkeep
|
|t:|1759065183
|switch|p2a: Raging Bolt|Raging Bolt|100/100
|-activate|p2a: Raging Bolt|ability: Protosynthesis
|-start|p2a: Raging Bolt|protosynthesisspa
|turn|3
|
|t:|1759065185
|switch|p1a: Great Tusk|Great Tusk|100/100
|-activate|p1a: Great Tusk|ability: Protosynthesis
|-start|p1a: Great Tusk|protosynthesisatk
|move|p2a: Raging Bolt|Thunderclap||[still]
|-fail|p2a: Raging Bolt
|
|-weather|SunnyDay|[upkeep]
|upkeep
|turn|4
|
|t:|1759065195
|-end|p2a: Raging Bolt|Protosynthesis|[silent]
|switch|p2a: Charizard|Charizard, M|100/100
|move|p1a: Great Tusk|Ice Spinner|p2a: Charizard
|-damage|p2a: Charizard|49/100
|
|-weather|SunnyDay|[upkeep]
|-damage|p2a: Charizard|36/100|[from] ability: Solar Power|[of] p2a: Charizard
|upkeep
|turn|5
|
|t:|1759065202
|-end|p1a: Great Tusk|Protosynthesis|[silent]
|switch|p1a: Slowking|Slowking-Galar, F|100/100
|move|p2a: Charizard|Weather Ball|p1a: Slowking
|-damage|p1a: Slowking|5/100
|
|-weather|SunnyDay|[upkeep]
|-damage|p2a: Charizard|24/100|[from] ability: Solar Power|[of] p2a: Charizard
|-heal|p1a: Slowking|11/100|[from] item: Leftovers
|upkeep
|turn|6
|
|t:|1759065206
|move|p2a: Charizard|Weather Ball|p1a: Slowking
|-damage|p1a: Slowking|0 fnt
|faint|p1a: Slowking
|
|-weather|SunnyDay|[upkeep]
|-damage|p2a: Charizard|11/100|[from] ability: Solar Power|[of] p2a: Charizard
|upkeep
|
|t:|1759065213
|switch|p1a: Cinderace|Cinderace, F|100/100
|turn|7
|
|t:|1759065215
|move|p1a: Cinderace|Pyro Ball|p2a: Charizard
|-resisted|p2a: Charizard
|-damage|p2a: Charizard|0 fnt
|faint|p2a: Charizard
|
|-weather|SunnyDay|[upkeep]
|upkeep
|
|t:|1759065218
|switch|p2a: Leavanny|Leavanny, M|100/100
|turn|8
|
|t:|1759065222
|move|p2a: Leavanny|Sticky Web|p1a: Cinderace
|-sidestart|p1: xen769|move: Sticky Web
|move|p1a: Cinderace|Pyro Ball|p2a: Leavanny
|-supereffective|p2a: Leavanny
|-damage|p2a: Leavanny|0 fnt
|faint|p2a: Leavanny
|
|-weather|SunnyDay|[upkeep]
|upkeep
|
|t:|1759065226
|switch|p2a: humble tusk|Great Tusk|100/100
|-activate|p2a: humble tusk|ability: Protosynthesis
|-start|p2a: humble tusk|protosynthesisspe
|turn|9
|
|t:|1759065232
|-end|p2a: humble tusk|Protosynthesis|[silent]
|switch|p2a: Raging Bolt|Raging Bolt|100/100
|-activate|p2a: Raging Bolt|ability: Protosynthesis
|-start|p2a: Raging Bolt|protosynthesisspa
|switch|p1a: Ninetales|Ninetales-Alola, F|100/100
|-weather|Snowscape|[from] ability: Snow Warning|[of] p1a: Ninetales
|-end|p2a: Raging Bolt|Protosynthesis
|
|-weather|Snowscape|[upkeep]
|upkeep
|turn|10
|
|t:|1759065239
|-end|p2a: Raging Bolt|Protosynthesis|[silent]
|switch|p2a: Cinderace|Cinderace, M|100/100
|move|p1a: Ninetales|Aurora Veil|p1a: Ninetales
|-sidestart|p1: xen769|move: Aurora Veil
|
|-weather|Snowscape|[upkeep]
|upkeep
|turn|11
|
|t:|1759065244
|switch|p1a: Great Tusk|Great Tusk|100/100
|-activate|p1a: Great Tusk|move: Sticky Web
|-unboost|p1a: Great Tusk|spe|1
|-enditem|p1a: Great Tusk|Booster Energy
|-activate|p1a: Great Tusk|ability: Protosynthesis|[fromitem]
|-start|p1a: Great Tusk|protosynthesisatk
|move|p2a: Cinderace|Pyro Ball|p1a: Great Tusk
|-damage|p1a: Great Tusk|67/100
|
|-weather|Snowscape|[upkeep]
|upkeep
|turn|12
|
|t:|1759065252
|move|p2a: Cinderace|Pyro Ball|p1a: Great Tusk
|-damage|p1a: Great Tusk|37/100
|move|p1a: Great Tusk|Rapid Spin|p2a: Cinderace
|-damage|p2a: Cinderace|67/100
|-boost|p1a: Great Tusk|spe|1
|-sideend|p1: xen769|Sticky Web|[from] move: Rapid Spin|[of] p1a: Great Tusk
|
|-weather|Snowscape|[upkeep]
|upkeep
|turn|13
|
|t:|1759065258
|move|p2a: Cinderace|Pyro Ball|p1a: Great Tusk
|-damage|p1a: Great Tusk|6/100
|move|p1a: Great Tusk|Headlong Rush|p2a: Cinderace
|-supereffective|p2a: Cinderace
|-damage|p2a: Cinderace|0 fnt
|-unboost|p1a: Great Tusk|def|1
|-unboost|p1a: Great Tusk|spd|1
|faint|p2a: Cinderace
|
|-weather|none
|upkeep
|
|t:|1759065264
|switch|p2a: humble tusk|Great Tusk|100/100
|turn|14
|
|t:|1759065266
|move|p2a: humble tusk|Rapid Spin|p1a: Great Tusk
|-damage|p1a: Great Tusk|0 fnt
|-boost|p2a: humble tusk|spe|1
|faint|p1a: Great Tusk
|-end|p1a: Great Tusk|Protosynthesis|[silent]
|
|-sideend|p1: xen769|move: Aurora Veil
|upkeep
|
|t:|1759065269
|switch|p1a: Ninetales|Ninetales-Alola, F|100/100
|-weather|Snowscape|[from] ability: Snow Warning|[of] p1a: Ninetales
|turn|15
|
|t:|1759065272
|move|p2a: humble tusk|Knock Off|p1a: Ninetales
|-resisted|p1a: Ninetales
|-damage|p1a: Ninetales|91/100
|-enditem|p1a: Ninetales|Heavy-Duty Boots|[from] move: Knock Off|[of] p2a: humble tusk
|move|p1a: Ninetales|Freeze-Dry|p2a: humble tusk
|-supereffective|p2a: humble tusk
|-damage|p2a: humble tusk|49/100
|
|-weather|Snowscape|[upkeep]
|upkeep
|turn|16
|
|t:|1759065276
|move|p2a: humble tusk|Headlong Rush|p1a: Ninetales
|-damage|p1a: Ninetales|49/100
|-unboost|p2a: humble tusk|def|1
|-unboost|p2a: humble tusk|spd|1
|move|p1a: Ninetales|Freeze-Dry|p2a: humble tusk
|-supereffective|p2a: humble tusk
|-damage|p2a: humble tusk|0 fnt
|faint|p2a: humble tusk
|-end|p2a: humble tusk|Protosynthesis|[silent]
|
|-weather|Snowscape|[upkeep]
|upkeep
|
|t:|1759065280
|switch|p2a: Raging Bolt|Raging Bolt|100/100
|turn|17
|
|t:|1759065290
|move|p1a: Ninetales|Aurora Veil|p1a: Ninetales
|-sidestart|p1: xen769|move: Aurora Veil
|move|p2a: Raging Bolt|Calm Mind|p2a: Raging Bolt
|-boost|p2a: Raging Bolt|spa|1
|-boost|p2a: Raging Bolt|spd|1
|
|-weather|Snowscape|[upkeep]
|upkeep
|turn|18
|
|t:|1759065302
|move|p1a: Ninetales|Encore|p2a: Raging Bolt
|-start|p2a: Raging Bolt|Encore
|move|p2a: Raging Bolt|Calm Mind|p2a: Raging Bolt
|-boost|p2a: Raging Bolt|spa|1
|-boost|p2a: Raging Bolt|spd|1
|
|-weather|Snowscape|[upkeep]
|upkeep
|turn|19
|
|t:|1759065307
|-terastallize|p2a: Raging Bolt|Ghost
|move|p1a: Ninetales|Freeze-Dry|p2a: Raging Bolt
|-damage|p2a: Raging Bolt|91/100
|-status|p2a: Raging Bolt|frz
|-curestatus|p2a: Raging Bolt|frz|[msg]
|move|p2a: Raging Bolt|Calm Mind|p2a: Raging Bolt
|-boost|p2a: Raging Bolt|spa|1
|-boost|p2a: Raging Bolt|spd|1
|
|-weather|none
|upkeep
|turn|20
|
|t:|1759065338
|move|p1a: Ninetales|Freeze-Dry|p2a: Raging Bolt
|-damage|p2a: Raging Bolt|84/100
|move|p2a: Raging Bolt|Calm Mind|p2a: Raging Bolt
|-boost|p2a: Raging Bolt|spa|1
|-boost|p2a: Raging Bolt|spd|1
|
|-end|p2a: Raging Bolt|Encore
|upkeep
|turn|21
|
|t:|1759065345
|move|p1a: Ninetales|Encore|p2a: Raging Bolt
|-start|p2a: Raging Bolt|Encore
|move|p2a: Raging Bolt|Calm Mind|p2a: Raging Bolt
|-boost|p2a: Raging Bolt|spa|1
|-boost|p2a: Raging Bolt|spd|1
|
|-sideend|p1: xen769|move: Aurora Veil
|upkeep
|turn|22
|
|t:|1759065348
|switch|p1a: Kyurem|Kyurem, tera:Fire|18/100
|-ability|p1a: Kyurem|Pressure
|move|p2a: Raging Bolt|Calm Mind|p2a: Raging Bolt
|-boost|p2a: Raging Bolt|spa|1
|-boost|p2a: Raging Bolt|spd|1
|
|upkeep
|turn|23
|
|t:|1759065355
|move|p1a: Kyurem|Icicle Spear|p2a: Raging Bolt
|-damage|p2a: Raging Bolt|70/100
|-damage|p2a: Raging Bolt|58/100
|-damage|p2a: Raging Bolt|45/100
|-damage|p2a: Raging Bolt|33/100
|-damage|p2a: Raging Bolt|19/100
|-hitcount|p2a: Raging Bolt|5
|move|p2a: Raging Bolt|Calm Mind|p2a: Raging Bolt
|-boost|p2a: Raging Bolt|spa|0
|-boost|p2a: Raging Bolt|spd|0
|
|-end|p2a: Raging Bolt|Encore
|upkeep
|turn|24
|
|t:|1759065371
|move|p2a: Raging Bolt|Thunderclap|p1a: Kyurem
|-damage|p1a: Kyurem|0 fnt
|faint|p1a: Kyurem
|-damage|p2a: Raging Bolt|9/100|[from] item: Life Orb
|
|upkeep
|
|t:|1759065372
|switch|p1a: Cinderace|Cinderace, F|100/100
|turn|25
|
|t:|1759065380
|move|p2a: Raging Bolt|Thunderclap||[still]
|-fail|p2a: Raging Bolt
|move|p1a: Cinderace|Will-O-Wisp|p2a: Raging Bolt|[miss]
|-miss|p1a: Cinderace|p2a: Raging Bolt
|
|upkeep
|turn|26
|
|t:|1759065401
|move|p1a: Cinderace|Will-O-Wisp|p2a: Raging Bolt
|-status|p2a: Raging Bolt|brn
|move|p2a: Raging Bolt|Thunderbolt|p1a: Cinderace
|-damage|p1a: Cinderace|0 fnt
|faint|p1a: Cinderace
|-damage|p2a: Raging Bolt|0 fnt|[from] item: Life Orb
|faint|p2a: Raging Bolt
|-end|p2a: Raging Bolt|Protosynthesis|[silent]
|
|win|xen769
|raw|xen769's rating: 1397 &rarr; <strong>1413</strong><br />(+16 for winning)
|raw|dengo dollars's rating: 1328 &rarr; <strong>1312</strong><br />(-16 for losing)
