|j|☆Mr.villains
|j|☆Log God Neo✈️_✈️
|t:|1758934757
|gametype|singles
|player|p1|Mr.villains|cynthia-gen4|1507
|player|p2|Log God Neo✈️_✈️|medium|1472
|gen|9
|tier|[Gen 9] OU
|rated|
|rule|HP Percentage Mod: HP is shown in percentages
|rule|Endless Battle Clause: Forcing endless battles is banned
|rule|Species Clause: Limit one of each Pokémon
|rule|OHKO Clause: OHKO moves are banned
|rule|Evasion Items Clause: Evasion items are banned
|rule|Evasion Moves Clause: Evasion moves are banned
|rule|Evasion Abilities Clause: Evasion abilities are banned
|rule|Sleep Moves Clause: Sleep-inducing moves are banned
|clearpoke
|poke|p1|Darkrai|
|poke|p1|Glimmora, M|
|poke|p1|Dragonite, F|
|poke|p1|Enamorus, F|
|poke|p1|Landorus-Therian, M|
|poke|p1|Kingambit, F|
|poke|p2|Tyranitar, F|
|poke|p2|Iron Moth|
|poke|p2|Staraptor, M|
|poke|p2|Garchomp, M|
|poke|p2|Torkoal, M|
|poke|p2|Dragonite, M|
|teampreview
|inactive|Battle timer is ON: inactive players will automatically lose when time's up. (requested by Log God Neo✈️_✈️)
|
|t:|1758934769
|teamsize|p1|6
|teamsize|p2|6
|start
|switch|p1a: Landorus|Landorus-Therian, M|100/100
|switch|p2a: BIRD JESUS|Staraptor, M, shiny|100/100
|-ability|p1a: Landorus|Intimidate|boost
|-unboost|p2a: BIRD JESUS|atk|1
|turn|1
|
|t:|1758934775
|move|p1a: Landorus|U-turn|p2a: BIRD JESUS
|-resisted|p2a: BIRD JESUS
|-damage|p2a: BIRD JESUS|83/100
|
|t:|1758934778
|switch|p1a: Glimmora|Glimmora, M|100/100|[from] U-turn
|move|p2a: BIRD JESUS|Brave Bird|p1a: Glimmora
|-resisted|p1a: Glimmora
|-damage|p1a: Glimmora|64/100
|-activate|p1a: Glimmora|ability: Toxic Debris
|-sidestart|p2: Log God Neo✈️_✈️|move: Toxic Spikes
|-damage|p2a: BIRD JESUS|69/100|[from] Recoil
|-enditem|p1a: Glimmora|Red Card|[of] p2a: BIRD JESUS
|drag|p2a: OVO CHUBBS|Torkoal, M|100/100
|-weather|SunnyDay|[from] ability: Drought|[of] p2a: OVO CHUBBS
|
|-weather|SunnyDay|[upkeep]
|upkeep
|turn|2
|
|t:|1758934789
|switch|p2a: BIRD JESUS|Staraptor, M, shiny|69/100
|move|p1a: Glimmora|Stealth Rock|p2a: BIRD JESUS
|-sidestart|p2: Log God Neo✈️_✈️|move: Stealth Rock
|
|-weather|SunnyDay|[upkeep]
|upkeep
|turn|3
|
|t:|1758934796
|switch|p1a: Landorus|Landorus-Therian, M|100/100
|-ability|p1a: Landorus|Intimidate|boost
|-unboost|p2a: BIRD JESUS|atk|1
|move|p2a: BIRD JESUS|Brave Bird|p1a: Landorus
|-damage|p1a: Landorus|30/100
|-damage|p2a: BIRD JESUS|52/100|[from] item: Rocky Helmet|[of] p1a: Landorus
|-damage|p2a: BIRD JESUS|24/100|[from] Recoil
|
|-weather|SunnyDay|[upkeep]
|upkeep
|turn|4
|
|t:|1758934803
|switch|p1a: Glimmora|Glimmora, M|64/100
|switch|p2a: VODECi IV|Iron Moth|100/100
|-sideend|p2: Log God Neo✈️_✈️|move: Toxic Spikes|[of] p2a: VODECi IV
|-damage|p2a: VODECi IV|76/100|[from] Stealth Rock
|
|-weather|SunnyDay|[upkeep]
|upkeep
|turn|5
|
|t:|1758934808
|move|p2a: VODECi IV|Overheat|p1a: Glimmora|[miss]
|-miss|p2a: VODECi IV|p1a: Glimmora
|move|p1a: Glimmora|Earth Power|p2a: VODECi IV
|-supereffective|p2a: VODECi IV
|-damage|p2a: VODECi IV|0 fnt
|faint|p2a: VODECi IV
|-end|p2a: VODECi IV|Quark Drive|[silent]
|
|-weather|none
|upkeep
|
|t:|1758934827
|switch|p2a: DA LAST REX(3005)|Tyranitar, F|100/100
|-damage|p2a: DA LAST REX(3005)|88/100|[from] Stealth Rock
|-weather|Sandstorm|[from] ability: Sand Stream|[of] p2a: DA LAST REX(3005)
|turn|6
|
|t:|1758934833
|move|p1a: Glimmora|Earth Power|p2a: DA LAST REX(3005)
|-supereffective|p2a: DA LAST REX(3005)
|-damage|p2a: DA LAST REX(3005)|71/100
|-unboost|p2a: DA LAST REX(3005)|spd|1
|move|p2a: DA LAST REX(3005)|Earthquake|p1a: Glimmora
|-supereffective|p1a: Glimmora
|-damage|p1a: Glimmora|0 fnt
|-activate|p1a: Glimmora|ability: Toxic Debris
|-sidestart|p2: Log God Neo✈️_✈️|move: Toxic Spikes
|faint|p1a: Glimmora
|
|-weather|Sandstorm|[upkeep]
|upkeep
|
|t:|1758934858
|switch|p1a: Landorus|Landorus-Therian, M|30/100
|-ability|p1a: Landorus|Intimidate|boost
|-unboost|p2a: DA LAST REX(3005)|atk|1
|turn|7
|
|t:|1758934866
|switch|p2a: BLITZ SOME OPPS|Garchomp, M|100/100
|-damage|p2a: BLITZ SOME OPPS|94/100|[from] Stealth Rock
|-status|p2a: BLITZ SOME OPPS|psn
|move|p1a: Landorus|U-turn|p2a: BLITZ SOME OPPS
|-damage|p2a: BLITZ SOME OPPS|81/100 psn
|-damage|p1a: Landorus|18/100|[from] ability: Rough Skin|[of] p2a: BLITZ SOME OPPS
|-damage|p1a: Landorus|1/100|[from] item: Rocky Helmet|[of] p2a: BLITZ SOME OPPS
|
|t:|1758934871
|switch|p1a: Enamorus|Enamorus, F|100/100|[from] U-turn
|
|-weather|Sandstorm|[upkeep]
|-damage|p1a: Enamorus|94/100|[from] Sandstorm
|-damage|p2a: BLITZ SOME OPPS|69/100 psn|[from] psn
|upkeep
|turn|8
|
|t:|1758934884
|switch|p2a: BIRD JESUS|Staraptor, M, shiny|24/100
|-damage|p2a: BIRD JESUS|0 fnt|[from] Stealth Rock
|faint|p2a: BIRD JESUS
|move|p1a: Enamorus|Moonblast|p2: BIRD JESUS|[notarget]
|-fail|p1a: Enamorus
|
|-weather|Sandstorm|[upkeep]
|-damage|p1a: Enamorus|88/100|[from] Sandstorm
|upkeep
|
|t:|1758934886
|switch|p2a: DA LAST REX(3005)|Tyranitar, F|71/100
|-damage|p2a: DA LAST REX(3005)|59/100|[from] Stealth Rock
|-status|p2a: DA LAST REX(3005)|psn
|turn|9
|
|t:|1758934893
|switch|p1a: Landorus|Landorus-Therian, M|1/100
|-ability|p1a: Landorus|Intimidate|boost
|-unboost|p2a: DA LAST REX(3005)|atk|1
|move|p2a: DA LAST REX(3005)|Heavy Slam|p1a: Landorus
|-damage|p1a: Landorus|0 fnt
|-damage|p2a: DA LAST REX(3005)|42/100 psn|[from] item: Rocky Helmet|[of] p1a: Landorus
|faint|p1a: Landorus
|
|-weather|Sandstorm|[upkeep]
|-damage|p2a: DA LAST REX(3005)|30/100 psn|[from] psn
|upkeep
|
|t:|1758934906
|switch|p1a: Enamorus|Enamorus, F|88/100
|turn|10
|
|t:|1758934915
|move|p1a: Enamorus|Earth Power|p2a: DA LAST REX(3005)
|-supereffective|p2a: DA LAST REX(3005)
|-damage|p2a: DA LAST REX(3005)|13/100 psn
|move|p2a: DA LAST REX(3005)|Heavy Slam|p1a: Enamorus
|-supereffective|p1a: Enamorus
|-damage|p1a: Enamorus|22/100
|
|-weather|none
|-damage|p2a: DA LAST REX(3005)|0 fnt|[from] psn
|faint|p2a: DA LAST REX(3005)
|upkeep
|
|t:|1758934919
|switch|p2a: FAT CHARIZARD|Dragonite, M, shiny|100/100
|turn|11
|
|t:|1758934925
|switch|p1a: Kingambit|Kingambit, F|100/100
|-activate|p1a: Kingambit|ability: Supreme Overlord
|-start|p1a: Kingambit|fallen2|[silent]
|move|p2a: FAT CHARIZARD|Dragon Dance|p2a: FAT CHARIZARD
|-boost|p2a: FAT CHARIZARD|atk|1
|-boost|p2a: FAT CHARIZARD|spe|1
|
|upkeep
|turn|12
|
|t:|1758934929
|move|p2a: FAT CHARIZARD|Earthquake|p1a: Kingambit
|-supereffective|p1a: Kingambit
|-damage|p1a: Kingambit|0 fnt
|faint|p1a: Kingambit
|-end|p1a: Kingambit|fallen2|[silent]
|
|upkeep
|
|t:|1758934936
|switch|p1a: Dragonite|Dragonite, F|100/100
|turn|13
|
|t:|1758934963
|-terastallize|p2a: FAT CHARIZARD|Fairy
|-terastallize|p1a: Dragonite|Normal
|move|p2a: FAT CHARIZARD|Tera Blast|p1a: Dragonite|[anim] Tera Blast Fairy
|-damage|p1a: Dragonite|65/100
|move|p1a: Dragonite|Dragon Dance|p1a: Dragonite
|-boost|p1a: Dragonite|atk|1
|-boost|p1a: Dragonite|spe|1
|
|upkeep
|turn|14
|
|t:|1758934970
|move|p1a: Dragonite|Earthquake|p2a: FAT CHARIZARD
|-damage|p2a: FAT CHARIZARD|73/100
|move|p2a: FAT CHARIZARD|Tera Blast|p1a: Dragonite|[anim] Tera Blast Fairy
|-damage|p1a: Dragonite|0 fnt
|faint|p1a: Dragonite
|
|upkeep
|
|t:|1758934982
|switch|p1a: Enamorus|Enamorus, F|22/100
|turn|15
|
|t:|1758934986
|move|p1a: Enamorus|Moonblast|p2a: FAT CHARIZARD
|-damage|p2a: FAT CHARIZARD|18/100
|move|p2a: FAT CHARIZARD|Tera Blast|p1a: Enamorus|[anim] Tera Blast Fairy
|-crit|p1a: Enamorus
|-damage|p1a: Enamorus|0 fnt
|faint|p1a: Enamorus
|
|upkeep
|
|t:|1758934989
|switch|p1a: Darkrai|Darkrai|100/100
|turn|16
|
|t:|1758934992
|move|p2a: FAT CHARIZARD|Tera Blast|p1a: Darkrai|[anim] Tera Blast Fairy
|-supereffective|p1a: Darkrai
|-damage|p1a: Darkrai|0 fnt
|faint|p1a: Darkrai
|
|win|Log God Neo✈️_✈️
|raw|Mr.villains's rating: 1507 &rarr; <strong>1484</strong><br />(-23 for losing)
|raw|Log God Neo✈️_✈️'s rating: 1448 &rarr; <strong>1471</strong><br />(+23 for winning)
|l|☆Log God Neo✈️_✈️
|player|p2|
|l|☆Mr.villains
|player|p1|
