|j|☆jynmfh
|j|☆Maple_Mudkip
|t:|1758994999
|gametype|singles
|player|p1|jynmfh|rocketgrunt|1228
|player|p2|Maple_Mudkip|colress|1249
|gen|9
|tier|[Gen 9] OU
|rated|
|rule|HP Percentage Mod: HP is shown in percentages
|rule|Endless Battle Clause: Forcing endless battles is banned
|rule|Species Clause: Limit one of each Pokémon
|rule|OHKO Clause: OHKO moves are banned
|rule|Evasion Items Clause: Evasion items are banned
|rule|Evasion Moves Clause: Evasion moves are banned
|rule|Evasion Abilities Clause: Evasion abilities are banned
|rule|Sleep Moves Clause: Sleep-inducing moves are banned
|clearpoke
|poke|p1|Alomomola, M|
|poke|p1|Iron Hands|
|poke|p1|Cinderace, M|
|poke|p1|Kingambit, F|
|poke|p1|Scovillain, M|
|poke|p1|Muk, F|
|poke|p2|Regidrago|
|poke|p2|Jirachi|
|poke|p2|Iron Treads|
|poke|p2|Landorus-Therian, M|
|poke|p2|Samurott-Hisui, F|
|poke|p2|Pecharunt|
|teampreview
|inactive|Battle timer is ON: inactive players will automatically lose when time's up. (requested by jynmfh)
|
|t:|1758995012
|teamsize|p1|6
|teamsize|p2|6
|start
|switch|p1a: Scovillain|Scovillain, M|100/100
|switch|p2a: Iron Treads|Iron Treads|100/100
|-item|p2a: Iron Treads|Air Balloon
|turn|1
|
|t:|1758995020
|move|p2a: Iron Treads|Earthquake|p1a: Scovillain
|-damage|p1a: Scovillain|4/100
|move|p1a: Scovillain|Trailblaze|p2a: Iron Treads
|-damage|p2a: Iron Treads|83/100
|-boost|p1a: Scovillain|spe|1
|-enditem|p2a: Iron Treads|Air Balloon
|
|upkeep
|turn|2
|
|t:|1758995031
|move|p1a: Scovillain|Flamethrower|p2a: Iron Treads
|-supereffective|p2a: Iron Treads
|-damage|p2a: Iron Treads|0 fnt
|faint|p2a: Iron Treads
|-end|p2a: Iron Treads|Quark Drive|[silent]
|
|upkeep
|
|t:|1758995044
|switch|p2a: Samurott|Samurott-Hisui, F|100/100
|turn|3
|
|t:|1758995047
|move|p2a: Samurott|Sucker Punch|p1a: Scovillain
|-damage|p1a: Scovillain|0 fnt
|faint|p1a: Scovillain
|
|upkeep
|
|t:|1758995051
|switch|p1a: Iron Hands|Iron Hands|100/100
|-enditem|p1a: Iron Hands|Booster Energy
|-activate|p1a: Iron Hands|ability: Quark Drive|[fromitem]
|-start|p1a: Iron Hands|quarkdriveatk
|turn|4
|
|t:|1758995061
|switch|p2a: Pecharunt|Pecharunt|100/100
|move|p1a: Iron Hands|Swords Dance|p1a: Iron Hands
|-boost|p1a: Iron Hands|atk|2
|
|upkeep
|turn|5
|
|t:|1758995071
|move|p2a: Pecharunt|Malignant Chain|p1a: Iron Hands
|-damage|p1a: Iron Hands|62/100
|move|p1a: Iron Hands|Swords Dance|p1a: Iron Hands
|-boost|p1a: Iron Hands|atk|2
|
|upkeep
|turn|6
|
|t:|1758995076
|move|p2a: Pecharunt|Malignant Chain|p1a: Iron Hands
|-damage|p1a: Iron Hands|19/100
|move|p1a: Iron Hands|Thunder Punch|p2a: Pecharunt
|-damage|p2a: Pecharunt|0 fnt
|faint|p2a: Pecharunt
|
|upkeep
|
|t:|1758995086
|switch|p2a: Samurott|Samurott-Hisui, F|100/100
|turn|7
|
|t:|1758995091
|move|p2a: Samurott|Razor Shell|p1a: Iron Hands
|-damage|p1a: Iron Hands|0 fnt
|faint|p1a: Iron Hands
|-end|p1a: Iron Hands|Quark Drive|[silent]
|
|upkeep
|
|t:|1758995101
|switch|p1a: Muk|Muk, F|100/100
|turn|8
|
|t:|1758995108
|move|p2a: Samurott|Knock Off|p1a: Muk
|-damage|p1a: Muk|56/100
|-enditem|p1a: Muk|Life Orb|[from] move: Knock Off|[of] p2a: Samurott
|move|p1a: Muk|Curse|p1a: Muk
|-unboost|p1a: Muk|spe|1
|-boost|p1a: Muk|atk|1
|-boost|p1a: Muk|def|1
|
|upkeep
|turn|9
|
|t:|1758995117
|move|p2a: Samurott|Razor Shell|p1a: Muk
|-damage|p1a: Muk|20/100
|-unboost|p1a: Muk|def|1
|move|p1a: Muk|Drain Punch|p2a: Samurott
|-supereffective|p2a: Samurott
|-damage|p2a: Samurott|0 fnt
|-heal|p1a: Muk|59/100|[from] drain|[of] p2a: Samurott
|faint|p2a: Samurott
|
|upkeep
|
|t:|1758995128
|switch|p2a: Landorus|Landorus-Therian, M|100/100
|-ability|p2a: Landorus|Intimidate|boost
|-unboost|p1a: Muk|atk|1
|turn|10
|
|t:|1758995135
|switch|p1a: Alomomola|Alomomola, M, shiny|100/100
|move|p2a: Landorus|Earthquake|p1a: Alomomola
|-damage|p1a: Alomomola|62/100
|-damage|p2a: Landorus|91/100|[from] item: Life Orb
|
|-heal|p1a: Alomomola|68/100|[from] item: Leftovers
|upkeep
|turn|11
|
|t:|1758995148
|switch|p2a: Jirachi|Jirachi|100/100
|move|p1a: Alomomola|Scald|p2a: Jirachi
|-damage|p2a: Jirachi|89/100
|
|-heal|p1a: Alomomola|74/100|[from] item: Leftovers
|upkeep
|turn|12
|
|t:|1758995163
|move|p2a: Jirachi|Doom Desire|p1a: Alomomola
|-start|p2a: Jirachi|Doom Desire
|move|p1a: Alomomola|Scald|p2a: Jirachi
|-damage|p2a: Jirachi|76/100
|
|-heal|p1a: Alomomola|80/100|[from] item: Leftovers
|upkeep
|turn|13
|
|t:|1758995170
|move|p2a: Jirachi|Wish|p2a: Jirachi
|move|p1a: Alomomola|Flip Turn|p2a: Jirachi
|-damage|p2a: Jirachi|65/100
|
|t:|1758995172
|switch|p1a: Muk|Muk, F|59/100|[from] Flip Turn
|
|upkeep
|turn|14
|
|t:|1758995177
|move|p2a: Jirachi|U-turn|p1a: Muk
|-resisted|p1a: Muk
|-damage|p1a: Muk|51/100
|
|t:|1758995180
|switch|p2a: Regidrago|Regidrago|100/100|[from] U-turn
|move|p1a: Muk|Knock Off|p2a: Regidrago
|-damage|p2a: Regidrago|65/100
|-enditem|p2a: Regidrago|Choice Scarf|[from] move: Knock Off|[of] p1a: Muk
|
|-end|p1a: Muk|move: Doom Desire
|-crit|p1a: Muk
|-damage|p1a: Muk|0 fnt
|faint|p1a: Muk
|-heal|p2a: Regidrago|100/100|[from] move: Wish|[wisher] Jirachi
|upkeep
|
|t:|1758995194
|switch|p1a: Cinderace|Cinderace, M|100/100
|turn|15
|
|t:|1758995199
|move|p1a: Cinderace|Pyro Ball|p2a: Regidrago
|-resisted|p2a: Regidrago
|-damage|p2a: Regidrago|68/100
|move|p2a: Regidrago|Draco Meteor|p1a: Cinderace
|-damage|p1a: Cinderace|0 fnt
|-unboost|p2a: Regidrago|spa|2
|faint|p1a: Cinderace
|
|upkeep
|
|t:|1758995208
|switch|p1a: Kingambit|Kingambit, F|100/100
|-activate|p1a: Kingambit|ability: Supreme Overlord
|-start|p1a: Kingambit|fallen4|[silent]
|turn|16
|
|t:|1758995213
|switch|p2a: Landorus|Landorus-Therian, M|91/100
|-ability|p2a: Landorus|Intimidate|boost
|-unboost|p1a: Kingambit|atk|1
|move|p1a: Kingambit|Swords Dance|p1a: Kingambit
|-boost|p1a: Kingambit|atk|2
|
|upkeep
|turn|17
|
|t:|1758995231
|-terastallize|p2a: Landorus|Ground
|-terastallize|p1a: Kingambit|Dark
|move|p1a: Kingambit|Sucker Punch|p2a: Landorus
|-damage|p2a: Landorus|0 fnt
|faint|p2a: Landorus
|
|upkeep
|
|t:|1758995243
|switch|p2a: Regidrago|Regidrago|68/100
|turn|18
|
|t:|1758995251
|move|p1a: Kingambit|Sucker Punch|p2a: Regidrago
|-crit|p2a: Regidrago
|-damage|p2a: Regidrago|0 fnt
|faint|p2a: Regidrago
|
|upkeep
|c|☆Maple_Mudkip|what a stupid pokemon
|-message|Maple_Mudkip forfeited.
|
|win|jynmfh
|raw|jynmfh's rating: 1228 &rarr; <strong>1255</strong><br />(+27 for winning)
|raw|Maple_Mudkip's rating: 1249 &rarr; <strong>1222</strong><br />(-27 for losing)
|l|☆Maple_Mudkip
|player|p2|
|l|☆jynmfh
|player|p1|
