|j|☆cl_scout2
|j|☆Darryl69
|t:|1758981928
|gametype|singles
|player|p1|cl_scout2|miku-water|1270
|player|p2|Darryl69|101|1333
|gen|9
|tier|[Gen 9] OU
|rated|
|rule|HP Percentage Mod: HP is shown in percentages
|rule|Endless Battle Clause: Forcing endless battles is banned
|rule|Species Clause: Limit one of each Pokémon
|rule|OHKO Clause: OHKO moves are banned
|rule|Evasion Items Clause: Evasion items are banned
|rule|Evasion Moves Clause: Evasion moves are banned
|rule|Evasion Abilities Clause: Evasion abilities are banned
|rule|Sleep Moves Clause: Sleep-inducing moves are banned
|clearpoke
|poke|p1|Lokix, M|
|poke|p1|Iron Crown|
|poke|p1|Alomomola, M|
|poke|p1|Iron Treads|
|poke|p1|Primarina, F|
|poke|p1|Dragonite, F|
|poke|p2|Iron Treads|
|poke|p2|Iron Valiant|
|poke|p2|Kingambit, F|
|poke|p2|Walking Wake|
|poke|p2|Enamorus, F|
|poke|p2|Dragapult, F|
|teampreview
|inactive|Battle timer is ON: inactive players will automatically lose when time's up. (requested by Darryl69)
|inactive|cl_scout2 also wants the timer to be on.
|
|t:|1758981952
|teamsize|p1|6
|teamsize|p2|6
|start
|switch|p1a: Primarina|Primarina, F|100/100
|switch|p2a: Iron Treads|Iron Treads|100/100
|-enditem|p2a: Iron Treads|Booster Energy
|-activate|p2a: Iron Treads|ability: Quark Drive|[fromitem]
|-start|p2a: Iron Treads|quarkdrivespe
|turn|1
|
|t:|1758981960
|move|p2a: Iron Treads|Stealth Rock|p1a: Primarina
|-sidestart|p1: cl_scout2|move: Stealth Rock
|move|p1a: Primarina|Surf|p2a: Iron Treads
|-supereffective|p2a: Iron Treads
|-damage|p2a: Iron Treads|0 fnt
|faint|p2a: Iron Treads
|-end|p2a: Iron Treads|Quark Drive|[silent]
|
|upkeep
|
|t:|1758981971
|switch|p2a: Walking Wake|Walking Wake|100/100
|-enditem|p2a: Walking Wake|Booster Energy
|-activate|p2a: Walking Wake|ability: Protosynthesis|[fromitem]
|-start|p2a: Walking Wake|protosynthesisspa
|turn|2
|
|t:|1758981979
|move|p2a: Walking Wake|Hurricane|p1a: Primarina
|-damage|p1a: Primarina|71/100
|move|p1a: Primarina|Moonblast|p2a: Walking Wake
|-supereffective|p2a: Walking Wake
|-crit|p2a: Walking Wake
|-damage|p2a: Walking Wake|0 fnt
|faint|p2a: Walking Wake
|-end|p2a: Walking Wake|Protosynthesis|[silent]
|
|upkeep
|
|t:|1758981990
|switch|p2a: Enamorus|Enamorus, F|100/100
|turn|3
|
|t:|1758982000
|-terastallize|p2a: Enamorus|Stellar
|move|p2a: Enamorus|Tera Blast|p1a: Primarina|[anim] Tera Blast Stellar
|-damage|p1a: Primarina|39/100
|-boost|p2a: Enamorus|atk|1
|-boost|p2a: Enamorus|spa|1
|move|p1a: Primarina|Moonblast|p2a: Enamorus
|-damage|p2a: Enamorus|27/100
|-boost|p2a: Enamorus|spa|1
|
|upkeep
|turn|4
|inactive|cl_scout2 has 120 seconds left.
|
|t:|1758982037
|move|p2a: Enamorus|Tera Blast|p1a: Primarina|[anim] Tera Blast Stellar
|-damage|p1a: Primarina|0 fnt
|-boost|p2a: Enamorus|atk|1
|-boost|p2a: Enamorus|spa|1
|faint|p1a: Primarina
|
|upkeep
|
|t:|1758982046
|switch|p1a: Dragonite|Dragonite, F|100/100
|turn|5
|inactive|cl_scout2 has 120 seconds left.
|
|t:|1758982051
|move|p1a: Dragonite|Extreme Speed|p2a: Enamorus
|-damage|p2a: Enamorus|0 fnt
|faint|p2a: Enamorus
|
|upkeep
|
|t:|1758982058
|switch|p2a: Dragapult|Dragapult, F|100/100
|turn|6
|
|t:|1758982068
|-terastallize|p1a: Dragonite|Fire
|move|p2a: Dragapult|Will-O-Wisp|p1a: Dragonite
|-immune|p1a: Dragonite
|move|p1a: Dragonite|Dragon Dance|p1a: Dragonite
|-boost|p1a: Dragonite|atk|1
|-boost|p1a: Dragonite|spe|1
|
|upkeep
|turn|7
|
|t:|1758982082
|move|p2a: Dragapult|Thunder Wave|p1a: Dragonite|[miss]
|-miss|p2a: Dragapult|p1a: Dragonite
|move|p1a: Dragonite|Dragon Dance|p1a: Dragonite
|-boost|p1a: Dragonite|atk|1
|-boost|p1a: Dragonite|spe|1
|
|upkeep
|turn|8
|
|t:|1758982091
|move|p1a: Dragonite|Ice Spinner|p2a: Dragapult
|-supereffective|p2a: Dragapult
|-damage|p2a: Dragapult|0 fnt
|faint|p2a: Dragapult
|
|upkeep
|-message|Darryl69 forfeited.
|
|win|cl_scout2
|raw|cl_scout2's rating: 1270 &rarr; <strong>1299</strong><br />(+29 for winning)
|raw|Darryl69's rating: 1333 &rarr; <strong>1309</strong><br />(-24 for losing)
|l|☆Darryl69
|player|p2|
