|j|☆kasage
|j|☆crunchmunch6
|t:|1758952967
|gametype|singles
|player|p1|kasage|lorelei-gen1rb|1294
|player|p2|crunchmunch6|170|1301
|gen|9
|tier|[Gen 9] OU
|rated|
|rule|HP Percentage Mod: HP is shown in percentages
|rule|Endless Battle Clause: Forcing endless battles is banned
|rule|Species Clause: Limit one of each Pokémon
|rule|OHKO Clause: OHKO moves are banned
|rule|Evasion Items Clause: Evasion items are banned
|rule|Evasion Moves Clause: Evasion moves are banned
|rule|Evasion Abilities Clause: Evasion abilities are banned
|rule|Sleep Moves Clause: Sleep-inducing moves are banned
|clearpoke
|poke|p1|Araquanid, M|
|poke|p1|Corviknight, F|
|poke|p1|Gardevoir, F|
|poke|p1|Scizor, M|
|poke|p1|Dragapult, F|
|poke|p1|Ting-Lu|
|poke|p2|Basculegion, M|
|poke|p2|Pelipper, M|
|poke|p2|Iron Treads|
|poke|p2|Dragapult, M|
|poke|p2|Overqwil, M|
|poke|p2|Iron Valiant|
|teampreview
|inactive|Battle timer is ON: inactive players will automatically lose when time's up. (requested by crunchmunch6)
|
|t:|1758952982
|teamsize|p1|6
|teamsize|p2|6
|start
|switch|p1a: Dragapult|Dragapult, F|100/100
|switch|p2a: Pelipper|Pelipper, M, shiny|100/100
|-weather|RainDance|[from] ability: Drizzle|[of] p2a: Pelipper
|turn|1
|
|t:|1758953002
|move|p1a: Dragapult|Thunderbolt|p2a: Pelipper
|-supereffective|p2a: Pelipper
|-damage|p2a: Pelipper|0 fnt
|faint|p2a: Pelipper
|
|-weather|RainDance|[upkeep]
|upkeep
|
|t:|1758953004
|switch|p2a: Overqwil|Overqwil, M, shiny|100/100
|turn|2
|
|t:|1758953009
|switch|p1a: Ting-Lu|Ting-Lu|100/100
|-ability|p1a: Ting-Lu|Vessel of Ruin
|move|p2a: Overqwil|Liquidation|p1a: Ting-Lu
|-supereffective|p1a: Ting-Lu
|-damage|p1a: Ting-Lu|48/100
|-damage|p2a: Overqwil|91/100|[from] item: Life Orb
|
|-weather|RainDance|[upkeep]
|-heal|p1a: Ting-Lu|54/100|[from] item: Leftovers
|upkeep
|turn|3
|
|t:|1758953020
|move|p2a: Overqwil|Liquidation|p1a: Ting-Lu
|-supereffective|p1a: Ting-Lu
|-damage|p1a: Ting-Lu|0 fnt
|faint|p1a: Ting-Lu
|-damage|p2a: Overqwil|81/100|[from] item: Life Orb
|
|-weather|RainDance|[upkeep]
|upkeep
|
|t:|1758953027
|switch|p1a: Corviknight|Corviknight, F|100/100
|turn|4
|
|t:|1758953032
|move|p2a: Overqwil|Liquidation|p1a: Corviknight
|-damage|p1a: Corviknight|68/100
|-damage|p2a: Overqwil|71/100|[from] item: Life Orb
|move|p1a: Corviknight|U-turn|p2a: Overqwil
|-damage|p2a: Overqwil|55/100
|
|t:|1758953048
|switch|p1a: Dragapult|Dragapult, F|100/100|[from] U-turn
|
|-weather|RainDance|[upkeep]
|upkeep
|turn|5
|
|t:|1758953065
|switch|p1a: Corviknight|Corviknight, F|68/100
|move|p2a: Overqwil|Liquidation|p1a: Corviknight
|-damage|p1a: Corviknight|38/100
|-damage|p2a: Overqwil|45/100|[from] item: Life Orb
|
|-weather|RainDance|[upkeep]
|-heal|p1a: Corviknight|45/100|[from] item: Leftovers
|upkeep
|turn|6
|
|t:|1758953069
|move|p2a: Overqwil|Liquidation|p1a: Corviknight
|-crit|p1a: Corviknight
|-damage|p1a: Corviknight|0 fnt
|faint|p1a: Corviknight
|-damage|p2a: Overqwil|35/100|[from] item: Life Orb
|
|-weather|RainDance|[upkeep]
|upkeep
|
|t:|1758953076
|switch|p1a: Araquanid|Araquanid, M|100/100
|turn|7
|
|t:|1758953087
|move|p2a: Overqwil|Gunk Shot|p1a: Araquanid
|-damage|p1a: Araquanid|20/100
|-damage|p2a: Overqwil|25/100|[from] item: Life Orb
|move|p1a: Araquanid|Leech Life|p2a: Overqwil
|-damage|p2a: Overqwil|0 fnt
|-heal|p1a: Araquanid|31/100|[from] drain|[of] p2a: Overqwil
|faint|p2a: Overqwil
|
|-weather|RainDance|[upkeep]
|upkeep
|
|t:|1758953099
|switch|p2a: Iron Valiant|Iron Valiant, shiny|100/100
|turn|8
|
|t:|1758953104
|move|p2a: Iron Valiant|Moonblast|p1a: Araquanid
|-damage|p1a: Araquanid|0 fnt
|faint|p1a: Araquanid
|
|-weather|none
|upkeep
|
|t:|1758953108
|switch|p1a: Scizor|Scizor, M, shiny|100/100
|turn|9
|
|t:|1758953114
|-end|p2a: Iron Valiant|Quark Drive|[silent]
|switch|p2a: Iron Treads|Iron Treads, shiny|100/100
|-enditem|p2a: Iron Treads|Booster Energy
|-activate|p2a: Iron Treads|ability: Quark Drive|[fromitem]
|-start|p2a: Iron Treads|quarkdrivespe
|move|p1a: Scizor|Swords Dance|p1a: Scizor
|-boost|p1a: Scizor|atk|2
|
|upkeep
|turn|10
|
|t:|1758953125
|move|p2a: Iron Treads|Thunder|p1a: Scizor|[miss]
|-miss|p2a: Iron Treads|p1a: Scizor
|move|p1a: Scizor|Close Combat|p2a: Iron Treads
|-supereffective|p2a: Iron Treads
|-damage|p2a: Iron Treads|0 fnt
|-unboost|p1a: Scizor|def|1
|-unboost|p1a: Scizor|spd|1
|faint|p2a: Iron Treads
|-end|p2a: Iron Treads|Quark Drive|[silent]
|
|upkeep
|
|t:|1758953143
|switch|p2a: Basculegion|Basculegion, M, shiny|100/100
|turn|11
|inactive|kasage has 120 seconds left.
|
|t:|1758953175
|move|p1a: Scizor|Bullet Punch|p2a: Basculegion
|-resisted|p2a: Basculegion
|-damage|p2a: Basculegion|54/100
|move|p2a: Basculegion|Wave Crash|p1a: Scizor
|-damage|p1a: Scizor|0 fnt
|faint|p1a: Scizor
|-damage|p2a: Basculegion|24/100|[from] Recoil
|
|upkeep
|inactive|kasage has 120 seconds left.
|
|t:|1758953192
|switch|p1a: Gardevoir|Gardevoir, F, shiny|100/100
|-ability|p1a: Gardevoir|Adaptability|Trace|[from] ability: Trace|[of] p2a: Basculegion
|turn|12
|
|t:|1758953201
|move|p1a: Gardevoir|Moonblast|p2a: Basculegion
|-damage|p2a: Basculegion|0 fnt
|faint|p2a: Basculegion
|
|upkeep
|
|t:|1758953204
|switch|p2a: Dragapult|Dragapult, M, shiny|100/100
|turn|13
|
|t:|1758953210
|-terastallize|p1a: Gardevoir|Fairy
|move|p1a: Gardevoir|Moonblast|p2a: Dragapult
|-supereffective|p2a: Dragapult
|-damage|p2a: Dragapult|0 fnt
|faint|p2a: Dragapult
|
|upkeep
|l|☆crunchmunch6
|inactive|crunchmunch6 disconnected and has a minute to reconnect!
|player|p2|
|inactive|crunchmunch6 has 30 seconds to reconnect!
|inactive|crunchmunch6 has 20 seconds to reconnect!
|inactive|crunchmunch6 has 15 seconds to reconnect!
|inactive|crunchmunch6 has 10 seconds to reconnect!
|inactive|crunchmunch6 has 5 seconds to reconnect!
|-message|crunchmunch6 lost due to inactivity.
|
|win|kasage
|raw|kasage's rating: 1294 &rarr; <strong>1320</strong><br />(+26 for winning)
|raw|crunchmunch6's rating: 1301 &rarr; <strong>1281</strong><br />(-20 for losing)
