|j|☆Borderofseal
|j|☆suprya
|t:|1758946267
|gametype|singles
|player|p1|Borderofseal|169|1540
|player|p2|suprya|preschooler|1592
|gen|9
|tier|[Gen 9] OU
|rated|
|rule|HP Percentage Mod: HP is shown in percentages
|rule|Endless Battle Clause: Forcing endless battles is banned
|rule|Species Clause: Limit one of each Pokémon
|rule|OHKO Clause: OHKO moves are banned
|rule|Evasion Items Clause: Evasion items are banned
|rule|Evasion Moves Clause: Evasion moves are banned
|rule|Evasion Abilities Clause: Evasion abilities are banned
|rule|Sleep Moves Clause: Sleep-inducing moves are banned
|clearpoke
|poke|p1|Slowking-Galar, M|
|poke|p1|Moltres|
|poke|p1|Great Tusk|
|poke|p1|Samurott-Hisui, M|
|poke|p1|Dragapult, M|
|poke|p1|Weavile, F|
|poke|p2|Jolteon, M|
|poke|p2|Serperior, M|
|poke|p2|Dragapult, F|
|poke|p2|Heatran, F|
|poke|p2|Gliscor, F|
|poke|p2|Alomomola, M|
|teampreview
|inactive|Battle timer is ON: inactive players will automatically lose when time's up. (requested by suprya)
|inactive|Borderofseal also wants the timer to be on.
|
|t:|1758946281
|teamsize|p1|6
|teamsize|p2|6
|start
|switch|p1a: Samurott|Samurott-Hisui, M|100/100
|switch|p2a: Jolteon|Jolteon, M|100/100
|turn|1
|
|t:|1758946288
|move|p2a: Jolteon|Volt Switch|p1a: Samurott
|-supereffective|p1a: Samurott
|-damage|p1a: Samurott|47/100
|
|t:|1758946292
|switch|p2a: Serperior|Serperior, M|100/100|[from] Volt Switch
|move|p1a: Samurott|Ceaseless Edge|p2a: Serperior
|-crit|p2a: Serperior
|-damage|p2a: Serperior|23/100
|-sidestart|p2: suprya|Spikes
|
|upkeep
|turn|2
|
|t:|1758946296
|move|p1a: Samurott|Sucker Punch||[still]
|-fail|p1a: Samurott
|move|p2a: Serperior|Synthesis|p2a: Serperior
|-heal|p2a: Serperior|73/100
|
|upkeep
|turn|3
|
|t:|1758946302
|switch|p1a: Moltres|Moltres|100/100
|move|p2a: Serperior|Leaf Storm|p1a: Moltres
|-resisted|p1a: Moltres
|-damage|p1a: Moltres|92/100
|-boost|p2a: Serperior|spa|2
|
|upkeep
|turn|4
|
|t:|1758946306
|switch|p2a: Heatran|Heatran, F|100/100
|move|p1a: Moltres|Flamethrower|p2a: Heatran
|-damage|p2a: Heatran|66/100
|
|upkeep
|turn|5
|
|t:|1758946310
|move|p1a: Moltres|Scorching Sands|p2a: Heatran
|-supereffective|p2a: Heatran
|-damage|p2a: Heatran|0 fnt
|faint|p2a: Heatran
|
|upkeep
|
|t:|1758946314
|switch|p2a: Jolteon|Jolteon, M|100/100
|turn|6
|
|t:|1758946317
|switch|p1a: Slowking|Slowking-Galar, M|100/100
|move|p2a: Jolteon|Calm Mind|p2a: Jolteon
|-boost|p2a: Jolteon|spa|1
|-boost|p2a: Jolteon|spd|1
|
|upkeep
|turn|7
|
|t:|1758946321
|move|p2a: Jolteon|Calm Mind|p2a: Jolteon
|-boost|p2a: Jolteon|spa|1
|-boost|p2a: Jolteon|spd|1
|move|p1a: Slowking|Toxic|p2a: Jolteon
|-status|p2a: Jolteon|tox
|
|-damage|p2a: Jolteon|95/100 tox|[from] psn
|upkeep
|turn|8
|
|t:|1758946324
|move|p2a: Jolteon|Electro Ball|p1a: Slowking
|-damage|p1a: Slowking|14/100
|-prepare|p1a: Slowking|Chilly Reception|[premajor]
|move|p1a: Slowking|Chilly Reception|p1a: Slowking
|-weather|Snowscape
|
|t:|1758946329
|switch|p1a: Dragapult|Dragapult, M|100/100|[from] Chilly Reception
|
|-weather|Snowscape|[upkeep]
|-damage|p2a: Jolteon|83/100 tox|[from] psn
|upkeep
|turn|9
|
|t:|1758946332
|-terastallize|p2a: Jolteon|Fairy
|move|p1a: Dragapult|Draco Meteor|p2a: Jolteon
|-immune|p2a: Jolteon
|move|p2a: Jolteon|Alluring Voice|p1a: Dragapult
|-supereffective|p1a: Dragapult
|-damage|p1a: Dragapult|0 fnt
|faint|p1a: Dragapult
|
|-weather|Snowscape|[upkeep]
|-damage|p2a: Jolteon|65/100 tox|[from] psn
|upkeep
|
|t:|1758946339
|switch|p1a: Slowking|Slowking-Galar, M|47/100
|turn|10
|
|t:|1758946346
|move|p2a: Jolteon|Alluring Voice|p1a: Slowking
|-resisted|p1a: Slowking
|-damage|p1a: Slowking|26/100
|move|p1a: Slowking|Sludge Bomb|p2a: Jolteon
|-supereffective|p2a: Jolteon
|-damage|p2a: Jolteon|22/100 tox
|
|-weather|Snowscape|[upkeep]
|-damage|p2a: Jolteon|0 fnt|[from] psn
|faint|p2a: Jolteon
|upkeep
|
|t:|1758946351
|switch|p2a: Serperior|Serperior, M|73/100
|turn|11
|
|t:|1758946355
|move|p2a: Serperior|Knock Off|p1a: Slowking
|-supereffective|p1a: Slowking
|-damage|p1a: Slowking|0 fnt
|-enditem|p1a: Slowking|Heavy-Duty Boots|[from] move: Knock Off|[of] p2a: Serperior
|faint|p1a: Slowking
|
|-weather|Snowscape|[upkeep]
|upkeep
|
|t:|1758946358
|switch|p1a: Moltres|Moltres|92/100
|turn|12
|
|t:|1758946362
|move|p2a: Serperior|Glare|p1a: Moltres
|-status|p1a: Moltres|par
|cant|p1a: Moltres|par
|
|-weather|none
|upkeep
|turn|13
|
|t:|1758946366
|switch|p2a: Alomomola|Alomomola, M|100/100
|move|p1a: Moltres|Flamethrower|p2a: Alomomola
|-resisted|p2a: Alomomola
|-damage|p2a: Alomomola|83/100
|-status|p2a: Alomomola|brn
|
|-damage|p2a: Alomomola|77/100 brn|[from] brn
|upkeep
|turn|14
|
|t:|1758946382
|move|p2a: Alomomola|Flip Turn|p1a: Moltres
|-supereffective|p1a: Moltres
|-damage|p1a: Moltres|81/100 par
|
|t:|1758946387
|switch|p2a: Dragapult|Dragapult, F|100/100|[from] Flip Turn
|move|p1a: Moltres|U-turn|p2a: Dragapult
|-resisted|p2a: Dragapult
|-damage|p2a: Dragapult|90/100
|
|t:|1758946390
|switch|p1a: Samurott|Samurott-Hisui, M|47/100|[from] U-turn
|
|upkeep
|turn|15
|
|t:|1758946397
|move|p2a: Dragapult|Dragon Darts|p1a: Samurott
|-damage|p1a: Samurott|25/100
|-anim|p2a: Dragapult|Dragon Darts|p1a: Samurott
|-damage|p1a: Samurott|4/100
|move|p1a: Samurott|Ceaseless Edge|p2a: Dragapult
|-supereffective|p2a: Dragapult
|-damage|p2a: Dragapult|0 fnt
|-sidestart|p2: suprya|Spikes
|faint|p2a: Dragapult
|
|upkeep
|
|t:|1758946404
|switch|p2a: Serperior|Serperior, M|73/100
|turn|16
|
|t:|1758946411
|move|p2a: Serperior|Leaf Storm|p1a: Samurott|[miss]
|-miss|p2a: Serperior|p1a: Samurott
|move|p1a: Samurott|Ceaseless Edge|p2a: Serperior
|-damage|p2a: Serperior|18/100
|-sidestart|p2: suprya|Spikes
|
|upkeep
|turn|17
|
|t:|1758946414
|move|p1a: Samurott|Sucker Punch|p2a: Serperior
|-damage|p2a: Serperior|0 fnt
|faint|p2a: Serperior
|
|upkeep
|-message|suprya forfeited.
|
|win|Borderofseal
|raw|Borderofseal's rating: 1540 &rarr; <strong>1563</strong><br />(+23 for winning)
|raw|suprya's rating: 1592 &rarr; <strong>1569</strong><br />(-23 for losing)
|l|☆suprya
|player|p2|
|l|☆Borderofseal
|player|p1|
