|j|☆akgamerplayerz
|j|☆alejandrao
|t:|1759055302
|gametype|singles
|player|p1|akgamerplayerz|169|1128
|player|p2|alejandrao|bugcatcher-gen4dp|1095
|gen|9
|tier|[Gen 9] OU
|rated|
|rule|HP Percentage Mod: HP is shown in percentages
|rule|Endless Battle Clause: Forcing endless battles is banned
|rule|Species Clause: Limit one of each Pokémon
|rule|OHKO Clause: OHKO moves are banned
|rule|Evasion Items Clause: Evasion items are banned
|rule|Evasion Moves Clause: Evasion moves are banned
|rule|Evasion Abilities Clause: Evasion abilities are banned
|rule|Sleep Moves Clause: Sleep-inducing moves are banned
|clearpoke
|poke|p1|Pelipper, M|
|poke|p1|Corviknight, M|
|poke|p1|Zapdos|
|poke|p1|Floatzel, M|
|poke|p1|Drednaw, F|
|poke|p1|Kingambit, F|
|poke|p2|Torkoal, M|
|poke|p2|Walking Wake|
|poke|p2|Great Tusk|
|poke|p2|Hatterene, F|
|poke|p2|Deoxys-Speed|
|poke|p2|Moltres|
|teampreview
|
|t:|1759055307
|teamsize|p1|6
|teamsize|p2|6
|start
|switch|p1a: Pelipper|Pelipper, M|100/100
|switch|p2a: Torkoal|Torkoal, M|100/100
|-weather|RainDance|[from] ability: Drizzle|[of] p1a: Pelipper
|-weather|SunnyDay|[from] ability: Drought|[of] p2a: Torkoal
|turn|1
|inactive|Battle timer is ON: inactive players will automatically lose when time's up. (requested by alejandrao)
|
|t:|1759055322
|move|p1a: Pelipper|U-turn|p2a: Torkoal
|-resisted|p2a: Torkoal
|-damage|p2a: Torkoal|98/100
|
|t:|1759055324
|switch|p1a: Drednaw|Drednaw, F|100/100|[from] U-turn
|move|p2a: Torkoal|Stealth Rock|p1a: Drednaw
|-sidestart|p1: akgamerplayerz|move: Stealth Rock
|
|-weather|SunnyDay|[upkeep]
|upkeep
|turn|2
|
|t:|1759055332
|move|p1a: Drednaw|Shell Smash|p1a: Drednaw
|-unboost|p1a: Drednaw|def|1
|-unboost|p1a: Drednaw|spd|1
|-boost|p1a: Drednaw|atk|2
|-boost|p1a: Drednaw|spa|2
|-boost|p1a: Drednaw|spe|2
|-enditem|p1a: Drednaw|White Herb
|-clearnegativeboost|p1a: Drednaw|[silent]
|move|p2a: Torkoal|Will-O-Wisp|p1a: Drednaw
|-status|p1a: Drednaw|brn
|
|-weather|SunnyDay|[upkeep]
|-damage|p1a: Drednaw|94/100 brn|[from] brn
|upkeep
|turn|3
|
|t:|1759055356
|switch|p2a: Walking Wake|Walking Wake|100/100
|-activate|p2a: Walking Wake|ability: Protosynthesis
|-start|p2a: Walking Wake|protosynthesisspe
|move|p1a: Drednaw|Stone Edge|p2a: Walking Wake|[miss]
|-miss|p1a: Drednaw|p2a: Walking Wake
|
|-weather|SunnyDay|[upkeep]
|-damage|p1a: Drednaw|88/100 brn|[from] brn
|upkeep
|turn|4
|
|t:|1759055369
|move|p2a: Walking Wake|Hydro Steam|p1a: Drednaw
|-damage|p1a: Drednaw|0 fnt
|faint|p1a: Drednaw
|
|-weather|SunnyDay|[upkeep]
|upkeep
|
|t:|1759055377
|switch|p1a: Corviknight|Corviknight, M|100/100
|-damage|p1a: Corviknight|88/100|[from] Stealth Rock
|turn|5
|
|t:|1759055381
|-end|p2a: Walking Wake|Protosynthesis|[silent]
|switch|p2a: Moltres|Moltres|100/100
|move|p1a: Corviknight|Defog|p2a: Moltres
|-unboost|p2a: Moltres|evasion|1
|-sideend|p1: akgamerplayerz|Stealth Rock|[from] move: Defog|[of] p1a: Corviknight
|
|-weather|SunnyDay|[upkeep]
|-heal|p1a: Corviknight|94/100|[from] item: Leftovers
|upkeep
|turn|6
|
|t:|1759055389
|move|p2a: Moltres|Flamethrower|p1a: Corviknight
|-supereffective|p1a: Corviknight
|-damage|p1a: Corviknight|14/100
|move|p1a: Corviknight|Brave Bird|p2a: Moltres
|-damage|p2a: Moltres|76/100
|-damage|p1a: Corviknight|6/100|[from] Recoil
|
|-weather|SunnyDay|[upkeep]
|-heal|p1a: Corviknight|13/100|[from] item: Leftovers
|upkeep
|turn|7
|
|t:|1759055404
|switch|p1a: Pelipper|Pelipper, M|100/100
|-weather|RainDance|[from] ability: Drizzle|[of] p1a: Pelipper
|move|p2a: Moltres|Flamethrower|p1a: Pelipper
|-resisted|p1a: Pelipper
|-damage|p1a: Pelipper|88/100
|
|-weather|RainDance|[upkeep]
|upkeep
|turn|8
|
|t:|1759055409
|switch|p2a: Torkoal|Torkoal, M|98/100
|-weather|SunnyDay|[from] ability: Drought|[of] p2a: Torkoal
|move|p1a: Pelipper|Hydro Pump|p2a: Torkoal
|-supereffective|p2a: Torkoal
|-damage|p2a: Torkoal|49/100
|
|-weather|SunnyDay|[upkeep]
|upkeep
|turn|9
|
|t:|1759055416
|switch|p2a: Walking Wake|Walking Wake|100/100
|-activate|p2a: Walking Wake|ability: Protosynthesis
|-start|p2a: Walking Wake|protosynthesisspe
|move|p1a: Pelipper|Hydro Pump|p2a: Walking Wake
|-resisted|p2a: Walking Wake
|-damage|p2a: Walking Wake|96/100
|
|-weather|SunnyDay|[upkeep]
|upkeep
|turn|10
|
|t:|1759055432
|switch|p1a: Corviknight|Corviknight, M|13/100
|-terastallize|p2a: Walking Wake|Water
|move|p2a: Walking Wake|Hydro Steam|p1a: Corviknight
|-damage|p1a: Corviknight|0 fnt
|faint|p1a: Corviknight
|
|-weather|SunnyDay|[upkeep]
|upkeep
|
|t:|1759055443
|switch|p1a: Pelipper|Pelipper, M|88/100
|-weather|RainDance|[from] ability: Drizzle|[of] p1a: Pelipper
|-end|p2a: Walking Wake|Protosynthesis
|turn|11
|
|t:|1759055446
|switch|p1a: Zapdos|Zapdos|100/100
|move|p2a: Walking Wake|Hydro Steam|p1a: Zapdos
|-damage|p1a: Zapdos|0 fnt
|faint|p1a: Zapdos
|
|-weather|RainDance|[upkeep]
|upkeep
|
|t:|1759055453
|switch|p1a: Floatzel|Floatzel, M|100/100
|turn|12
|
|t:|1759055456
|-terastallize|p1a: Floatzel|Water
|move|p1a: Floatzel|Wave Crash|p2a: Walking Wake
|-resisted|p2a: Walking Wake
|-damage|p2a: Walking Wake|0 fnt
|faint|p2a: Walking Wake
|-end|p2a: Walking Wake|Protosynthesis|[silent]
|-damage|p1a: Floatzel|66/100|[from] Recoil
|
|-weather|RainDance|[upkeep]
|upkeep
|
|t:|1759055463
|switch|p2a: Torkoal|Torkoal, M|49/100
|-weather|SunnyDay|[from] ability: Drought|[of] p2a: Torkoal
|turn|13
|
|t:|1759055467
|move|p1a: Floatzel|Wave Crash|p2a: Torkoal
|-supereffective|p2a: Torkoal
|-damage|p2a: Torkoal|0 fnt
|faint|p2a: Torkoal
|-damage|p1a: Floatzel|48/100|[from] Recoil
|
|-weather|SunnyDay|[upkeep]
|upkeep
|
|t:|1759055474
|switch|p2a: Deoxys|Deoxys-Speed, shiny|100/100
|-ability|p2a: Deoxys|Pressure
|turn|14
|
|t:|1759055481
|switch|p1a: Pelipper|Pelipper, M|88/100
|-weather|RainDance|[from] ability: Drizzle|[of] p1a: Pelipper
|move|p2a: Deoxys|Solar Beam||[still]
|-prepare|p2a: Deoxys|Solar Beam
|
|-weather|RainDance|[upkeep]
|upkeep
|turn|15
|
|t:|1759055491
|move|p2a: Deoxys|Solar Beam|p1a: Pelipper|[from] lockedmove
|-damage|p1a: Pelipper|66/100
|move|p1a: Pelipper|Hurricane|p2a: Deoxys
|-damage|p2a: Deoxys|48/100
|
|-weather|RainDance|[upkeep]
|upkeep
|turn|16
|
|t:|1759055497
|switch|p2a: Hatterene|Hatterene, F|100/100
|move|p1a: Pelipper|Hurricane|p2a: Hatterene
|-damage|p2a: Hatterene|78/100
|
|-weather|RainDance|[upkeep]
|upkeep
|turn|17
|
|t:|1759055504
|move|p1a: Pelipper|Roost|p1a: Pelipper
|-heal|p1a: Pelipper|100/100
|-singleturn|p1a: Pelipper|move: Roost
|move|p2a: Hatterene|Nuzzle|p1a: Pelipper
|-supereffective|p1a: Pelipper
|-damage|p1a: Pelipper|94/100
|-status|p1a: Pelipper|par
|
|-weather|RainDance|[upkeep]
|upkeep
|turn|18
|
|t:|1759055513
|switch|p1a: Kingambit|Kingambit, F|100/100
|-activate|p1a: Kingambit|ability: Supreme Overlord
|-start|p1a: Kingambit|fallen3|[silent]
|move|p2a: Hatterene|Draining Kiss|p1a: Kingambit
|-damage|p1a: Kingambit|73/100
|-heal|p2a: Hatterene|100/100|[from] drain|[of] p1a: Kingambit
|
|-weather|RainDance|[upkeep]
|-heal|p1a: Kingambit|79/100|[from] item: Leftovers
|upkeep
|turn|19
|
|t:|1759055519
|move|p1a: Kingambit|Sucker Punch|p2a: Hatterene
|-damage|p2a: Hatterene|50/100
|move|p2a: Hatterene|Mystical Fire|p1a: Kingambit
|-supereffective|p1a: Kingambit
|-damage|p1a: Kingambit|53/100
|-unboost|p1a: Kingambit|spa|1
|
|-weather|RainDance|[upkeep]
|-heal|p1a: Kingambit|59/100|[from] item: Leftovers
|upkeep
|turn|20
|
|t:|1759055527
|switch|p2a: Moltres|Moltres|76/100
|move|p1a: Kingambit|Swords Dance|p1a: Kingambit
|-boost|p1a: Kingambit|atk|2
|
|-weather|RainDance|[upkeep]
|-heal|p1a: Kingambit|65/100|[from] item: Leftovers
|upkeep
|turn|21
|
|t:|1759055534
|move|p1a: Kingambit|Sucker Punch|p2a: Moltres
|-damage|p2a: Moltres|9/100
|-status|p1a: Kingambit|brn|[from] ability: Flame Body|[of] p2a: Moltres
|move|p2a: Moltres|Flamethrower|p1a: Kingambit
|-supereffective|p1a: Kingambit
|-damage|p1a: Kingambit|27/100 brn
|
|-weather|none
|-heal|p1a: Kingambit|33/100 brn|[from] item: Leftovers
|-damage|p1a: Kingambit|27/100 brn|[from] brn
|upkeep
|turn|22
|
|t:|1759055541
|move|p1a: Kingambit|Sucker Punch||[still]
|-fail|p1a: Kingambit
|move|p2a: Moltres|Roost|p2a: Moltres
|-heal|p2a: Moltres|59/100
|-singleturn|p2a: Moltres|move: Roost
|
|-heal|p1a: Kingambit|33/100 brn|[from] item: Leftovers
|-damage|p1a: Kingambit|27/100 brn|[from] brn
|upkeep
|turn|23
|
|t:|1759055547
|move|p2a: Moltres|Roost|p2a: Moltres
|-heal|p2a: Moltres|100/100
|-singleturn|p2a: Moltres|move: Roost
|move|p1a: Kingambit|Kowtow Cleave|p2a: Moltres
|-damage|p2a: Moltres|59/100
|
|-heal|p1a: Kingambit|33/100 brn|[from] item: Leftovers
|-damage|p1a: Kingambit|27/100 brn|[from] brn
|upkeep
|turn|24
|
|t:|1759055551
|move|p1a: Kingambit|Sucker Punch||[still]
|-fail|p1a: Kingambit
|move|p2a: Moltres|Roost|p2a: Moltres
|-heal|p2a: Moltres|100/100
|-singleturn|p2a: Moltres|move: Roost
|
|-heal|p1a: Kingambit|33/100 brn|[from] item: Leftovers
|-damage|p1a: Kingambit|27/100 brn|[from] brn
|upkeep
|turn|25
|
|t:|1759055558
|-end|p1a: Kingambit|fallen3|[silent]
|switch|p1a: Floatzel|Floatzel, M, tera:Water|48/100
|move|p2a: Moltres|Roar|p1a: Floatzel
|drag|p1a: Pelipper|Pelipper, M|94/100 par
|-weather|RainDance|[from] ability: Drizzle|[of] p1a: Pelipper
|
|-weather|RainDance|[upkeep]
|upkeep
|turn|26
|
|t:|1759055571
|switch|p2a: Deoxys|Deoxys-Speed, shiny|48/100
|-ability|p2a: Deoxys|Pressure
|move|p1a: Pelipper|Hydro Pump|p2a: Deoxys
|-damage|p2a: Deoxys|0 fnt
|faint|p2a: Deoxys
|
|-weather|RainDance|[upkeep]
|upkeep
|
|t:|1759055576
|switch|p2a: Hatterene|Hatterene, F|50/100
|turn|27
|
|t:|1759055580
|move|p2a: Hatterene|Draining Kiss|p1a: Pelipper
|-damage|p1a: Pelipper|52/100 par
|-heal|p2a: Hatterene|82/100|[from] drain|[of] p1a: Pelipper
|move|p1a: Pelipper|Hurricane|p2a: Hatterene
|-damage|p2a: Hatterene|59/100
|
|-weather|RainDance|[upkeep]
|upkeep
|turn|28
|
|t:|1759055587
|move|p2a: Hatterene|Draining Kiss|p1a: Pelipper
|-damage|p1a: Pelipper|11/100 par
|-heal|p2a: Hatterene|91/100|[from] drain|[of] p1a: Pelipper
|cant|p1a: Pelipper|par
|
|-weather|RainDance|[upkeep]
|upkeep
|turn|29
|
|t:|1759055592
|move|p2a: Hatterene|Draining Kiss|p1a: Pelipper
|-damage|p1a: Pelipper|0 fnt
|-heal|p2a: Hatterene|99/100|[from] drain|[of] p1a: Pelipper
|faint|p1a: Pelipper
|
|-weather|RainDance|[upkeep]
|upkeep
|
|t:|1759055595
|switch|p1a: Floatzel|Floatzel, M, tera:Water|48/100
|turn|30
|
|t:|1759055599
|move|p1a: Floatzel|Wave Crash|p2a: Hatterene
|-damage|p2a: Hatterene|0 fnt
|faint|p2a: Hatterene
|-damage|p1a: Floatzel|15/100|[from] Recoil
|
|-weather|RainDance|[upkeep]
|upkeep
|
|t:|1759055607
|switch|p2a: Moltres|Moltres|100/100
|turn|31
|
|t:|1759055609
|move|p1a: Floatzel|Wave Crash|p2a: Moltres
|-supereffective|p2a: Moltres
|-damage|p2a: Moltres|0 fnt
|faint|p2a: Moltres
|-damage|p1a: Floatzel|0 fnt|[from] Recoil
|faint|p1a: Floatzel
|
|-weather|RainDance|[upkeep]
|upkeep
|
|t:|1759055612
|switch|p1a: Kingambit|Kingambit, F|27/100 brn
|switch|p2a: Great Tusk|Great Tusk|100/100
|-activate|p1a: Kingambit|ability: Supreme Overlord
|-start|p1a: Kingambit|fallen5|[silent]
|turn|32
|
|t:|1759055616
|move|p1a: Kingambit|Sucker Punch|p2a: Great Tusk
|-resisted|p2a: Great Tusk
|-damage|p2a: Great Tusk|90/100
|move|p2a: Great Tusk|Headlong Rush|p1a: Kingambit
|-supereffective|p1a: Kingambit
|-damage|p1a: Kingambit|0 fnt
|-unboost|p2a: Great Tusk|def|1
|-unboost|p2a: Great Tusk|spd|1
|faint|p1a: Kingambit
|-end|p1a: Kingambit|fallen5|[silent]
|
|win|alejandrao
|raw|akgamerplayerz's rating: 1128 &rarr; <strong>1101</strong><br />(-27 for losing)
|raw|alejandrao's rating: 1095 &rarr; <strong>1123</strong><br />(+28 for winning)
|l|☆alejandrao
|player|p2|
|l|☆akgamerplayerz
|player|p1|
