|j|☆jjyyee
|j|☆Favorite Paradox
|t:|1759027198
|gametype|singles
|player|p1|jjyyee|hiker-gen4|1000
|player|p2|Favorite Paradox|volkner|1000
|gen|9
|tier|[Gen 9] OU
|rated|
|rule|HP Percentage Mod: HP is shown in percentages
|rule|Endless Battle Clause: Forcing endless battles is banned
|rule|Species Clause: Limit one of each Pokémon
|rule|OHKO Clause: OHKO moves are banned
|rule|Evasion Items Clause: Evasion items are banned
|rule|Evasion Moves Clause: Evasion moves are banned
|rule|Evasion Abilities Clause: Evasion abilities are banned
|rule|Sleep Moves Clause: Sleep-inducing moves are banned
|clearpoke
|poke|p1|Cinccino, M|
|poke|p1|Scizor, F|
|poke|p1|Corviknight, M|
|poke|p1|Clodsire, M|
|poke|p1|Psyduck, M|
|poke|p1|Dragapult, F|
|poke|p2|Electivire, M|
|poke|p2|Iron Valiant|
|teampreview
|inactive|Battle timer is ON: inactive players will automatically lose when time's up. (requested by Favorite Paradox)
|
|t:|1759027205
|teamsize|p1|6
|teamsize|p2|2
|start
|switch|p1a: Cinccino|Cinccino, M|100/100
|switch|p2a: Aura Blade|Iron Valiant|100/100
|turn|1
|
|t:|1759027213
|-terastallize|p2a: Aura Blade|Electric
|move|p2a: Aura Blade|Close Combat|p1a: Cinccino
|-supereffective|p1a: Cinccino
|-damage|p1a: Cinccino|0 fnt
|-unboost|p2a: Aura Blade|def|1
|-unboost|p2a: Aura Blade|spd|1
|faint|p1a: Cinccino
|
|upkeep
|
|t:|1759027223
|switch|p1a: Clodsire|Clodsire, M|100/100
|turn|2
|
|t:|1759027228
|move|p2a: Aura Blade|Ice Punch|p1a: Clodsire
|-supereffective|p1a: Clodsire
|-damage|p1a: Clodsire|45/100
|move|p1a: Clodsire|Earthquake|p2a: Aura Blade
|-supereffective|p2a: Aura Blade
|-damage|p2a: Aura Blade|1/100
|
|-heal|p1a: Clodsire|52/100|[from] item: Leftovers
|upkeep
|turn|3
|
|t:|1759027239
|move|p2a: Aura Blade|Ice Punch|p1a: Clodsire
|-supereffective|p1a: Clodsire
|-damage|p1a: Clodsire|0 fnt
|faint|p1a: Clodsire
|
|upkeep
|
|t:|1759027245
|switch|p1a: Scizor|Scizor, F|100/100
|turn|4
|
|t:|1759027253
|-end|p2a: Aura Blade|Quark Drive|[silent]
|switch|p2a: Electro Bolt|Electivire, M|100/100
|move|p1a: Scizor|Bullet Punch|p2a: Electro Bolt
|-resisted|p2a: Electro Bolt
|-damage|p2a: Electro Bolt|71/100
|
|upkeep
|turn|5
|
|t:|1759027261
|move|p2a: Electro Bolt|Fire Punch|p1a: Scizor
|-supereffective|p1a: Scizor
|-damage|p1a: Scizor|7/100
|-status|p1a: Scizor|brn
|-enditem|p1a: Scizor|Sitrus Berry|[eat]
|-heal|p1a: Scizor|32/100 brn|[from] item: Sitrus Berry
|move|p1a: Scizor|Swords Dance|p1a: Scizor
|-boost|p1a: Scizor|atk|2
|
|-damage|p1a: Scizor|26/100 brn|[from] brn
|upkeep
|turn|6
|
|t:|1759027274
|move|p1a: Scizor|Bullet Punch|p2a: Electro Bolt
|-resisted|p2a: Electro Bolt
|-damage|p2a: Electro Bolt|45/100
|move|p2a: Electro Bolt|Thunder Punch|p1a: Scizor
|-crit|p1a: Scizor
|-damage|p1a: Scizor|0 fnt
|faint|p1a: Scizor
|
|upkeep
|
|t:|1759027283
|switch|p1a: Psyduck|Psyduck, M|100/100
|-ability|p1a: Psyduck|Cloud Nine
|turn|7
|inactive|Favorite Paradox has 120 seconds left.
|-message|Favorite Paradox forfeited.
|
|win|jjyyee
|raw|jjyyee's rating: 1000 &rarr; <strong>1040</strong><br />(+40 for winning)
|raw|Favorite Paradox's rating: 1000 &rarr; <strong>1000</strong><br />(+0 for losing)
