|j|☆TresorK
|j|☆missingyat
|t:|1759045081
|gametype|singles
|player|p1|TresorK|iris-gen5bw2|1049
|player|p2|missingyat|unknownf|1056
|gen|9
|tier|[Gen 9] OU
|rated|
|rule|HP Percentage Mod: HP is shown in percentages
|rule|Endless Battle Clause: Forcing endless battles is banned
|rule|Species Clause: Limit one of each Pokémon
|rule|OHKO Clause: OHKO moves are banned
|rule|Evasion Items Clause: Evasion items are banned
|rule|Evasion Moves Clause: Evasion moves are banned
|rule|Evasion Abilities Clause: Evasion abilities are banned
|rule|Sleep Moves Clause: Sleep-inducing moves are banned
|clearpoke
|poke|p1|Gliscor, F|
|poke|p1|Primarina, M|
|poke|p1|Dragapult, M|
|poke|p1|Alomomola, M|
|poke|p1|Great Tusk|
|poke|p1|Zapdos|
|poke|p2|Granbull, M|
|poke|p2|Komala, M|
|poke|p2|Bastiodon, F|
|poke|p2|Conkeldurr, F|
|poke|p2|Galvantula, M|
|poke|p2|Quaquaval, M|
|teampreview
|
|t:|1759045098
|teamsize|p1|6
|teamsize|p2|6
|start
|switch|p1a: Great Tusk|Great Tusk|100/100
|switch|p2a: Bastiodon|Bastiodon, F|100/100
|turn|1
|
|t:|1759045109
|move|p1a: Great Tusk|Stealth Rock|p2a: Bastiodon
|-sidestart|p2: missingyat|move: Stealth Rock
|move|p2a: Bastiodon|Stealth Rock|p1a: Great Tusk
|-sidestart|p1: TresorK|move: Stealth Rock
|
|upkeep
|turn|2
|
|t:|1759045115
|move|p1a: Great Tusk|Rapid Spin|p2a: Bastiodon
|-resisted|p2a: Bastiodon
|-damage|p2a: Bastiodon|97/100
|-boost|p1a: Great Tusk|spe|1
|-sideend|p1: TresorK|Stealth Rock|[from] move: Rapid Spin|[of] p1a: Great Tusk
|move|p2a: Bastiodon|Metal Burst|p1a: Great Tusk
|-damage|p1a: Great Tusk|97/100
|
|upkeep
|turn|3
|
|t:|1759045126
|move|p1a: Great Tusk|Headlong Rush|p2a: Bastiodon
|-supereffective|p2a: Bastiodon
|-damage|p2a: Bastiodon|0 fnt
|-unboost|p1a: Great Tusk|def|1
|-unboost|p1a: Great Tusk|spd|1
|faint|p2a: Bastiodon
|
|upkeep
|
|t:|1759045135
|switch|p2a: Granbull|Granbull, M|100/100
|-damage|p2a: Granbull|88/100|[from] Stealth Rock
|-ability|p2a: Granbull|Intimidate|boost
|-unboost|p1a: Great Tusk|atk|1
|turn|4
|
|t:|1759045143
|-end|p1a: Great Tusk|Protosynthesis|[silent]
|switch|p1a: Gliscor|Gliscor, F|100/100
|move|p2a: Granbull|Play Rough|p1a: Gliscor
|-damage|p1a: Gliscor|72/100
|
|-status|p1a: Gliscor|tox|[from] item: Toxic Orb
|upkeep
|turn|5
|
|t:|1759045162
|switch|p2a: Komala|Komala, M|100/100
|-damage|p2a: Komala|88/100|[from] Stealth Rock
|-ability|p2a: Komala|Comatose
|move|p1a: Gliscor|Knock Off|p2a: Komala
|-damage|p2a: Komala|63/100
|-enditem|p2a: Komala|Assault Vest|[from] move: Knock Off|[of] p1a: Gliscor
|
|-heal|p1a: Gliscor|85/100 tox|[from] ability: Poison Heal
|upkeep
|turn|6
|
|t:|1759045175
|move|p1a: Gliscor|Swords Dance|p1a: Gliscor
|-boost|p1a: Gliscor|atk|2
|move|p2a: Komala|Rapid Spin|p1a: Gliscor
|-damage|p1a: Gliscor|70/100 tox
|-boost|p2a: Komala|spe|1
|-sideend|p2: missingyat|Stealth Rock|[from] move: Rapid Spin|[of] p2a: Komala
|
|-heal|p1a: Gliscor|83/100 tox|[from] ability: Poison Heal
|upkeep
|turn|7
|
|t:|1759045185
|move|p2a: Komala|Body Slam|p1a: Gliscor
|-damage|p1a: Gliscor|56/100 tox
|move|p1a: Gliscor|Swords Dance|p1a: Gliscor
|-boost|p1a: Gliscor|atk|2
|
|-heal|p1a: Gliscor|69/100 tox|[from] ability: Poison Heal
|upkeep
|turn|8
|
|t:|1759045197
|move|p2a: Komala|Body Slam|p1a: Gliscor
|-damage|p1a: Gliscor|43/100 tox
|move|p1a: Gliscor|Facade|p2a: Komala
|-damage|p2a: Komala|0 fnt
|faint|p2a: Komala
|
|-heal|p1a: Gliscor|55/100 tox|[from] ability: Poison Heal
|upkeep
|
|t:|1759045201
|switch|p2a: Quaquaval|Quaquaval, M|100/100
|turn|9
|
|t:|1759045210
|move|p1a: Gliscor|Protect|p1a: Gliscor
|-singleturn|p1a: Gliscor|Protect
|move|p2a: Quaquaval|Triple Axel|p1a: Gliscor
|-activate|p1a: Gliscor|move: Protect
|
|-heal|p1a: Gliscor|68/100 tox|[from] ability: Poison Heal
|upkeep
|turn|10
|
|t:|1759045223
|switch|p1a: Zapdos|Zapdos|100/100
|move|p2a: Quaquaval|Aqua Step|p1a: Zapdos
|-damage|p1a: Zapdos|64/100
|-boost|p2a: Quaquaval|spe|1
|-status|p2a: Quaquaval|par|[from] ability: Static|[of] p1a: Zapdos
|-damage|p2a: Quaquaval|91/100 par|[from] item: Life Orb
|
|upkeep
|turn|11
|
|t:|1759045246
|move|p1a: Zapdos|Volt Switch|p2a: Quaquaval
|-supereffective|p2a: Quaquaval
|-damage|p2a: Quaquaval|1/100 par
|
|t:|1759045249
|switch|p1a: Alomomola|Alomomola, M|100/100|[from] Volt Switch
|cant|p2a: Quaquaval|par
|
|upkeep
|turn|12
|
|t:|1759045261
|move|p2a: Quaquaval|Roost|p2a: Quaquaval
|-heal|p2a: Quaquaval|51/100 par
|-singleturn|p2a: Quaquaval|move: Roost
|move|p1a: Alomomola|Wish|p1a: Alomomola
|
|upkeep
|turn|13
|
|t:|1759045268
|switch|p1a: Zapdos|Zapdos|64/100
|cant|p2a: Quaquaval|par
|
|-heal|p1a: Zapdos|100/100|[from] move: Wish|[wisher] Alomomola
|upkeep
|turn|14
|
|t:|1759045280
|move|p1a: Zapdos|Volt Switch|p2a: Quaquaval
|-supereffective|p2a: Quaquaval
|-damage|p2a: Quaquaval|0 fnt
|faint|p2a: Quaquaval
|
|t:|1759045287
|switch|p1a: Gliscor|Gliscor, F|68/100 tox|[from] Volt Switch
|
|-heal|p1a: Gliscor|80/100 tox|[from] ability: Poison Heal
|upkeep
|
|t:|1759045290
|switch|p2a: Galvantula|Galvantula, M|100/100
|turn|15
|
|t:|1759045301
|switch|p2a: Granbull|Granbull, M|88/100
|-ability|p2a: Granbull|Intimidate|boost
|-unboost|p1a: Gliscor|atk|1
|move|p1a: Gliscor|Knock Off|p2a: Granbull
|-resisted|p2a: Granbull
|-damage|p2a: Granbull|78/100
|-enditem|p2a: Granbull|Assault Vest|[from] move: Knock Off|[of] p1a: Gliscor
|
|-heal|p1a: Gliscor|93/100 tox|[from] ability: Poison Heal
|upkeep
|turn|16
|
|t:|1759045315
|switch|p1a: Zapdos|Zapdos|100/100
|switch|p2a: Galvantula|Galvantula, M|100/100
|
|upkeep
|turn|17
|
|t:|1759045321
|move|p2a: Galvantula|Volt Switch|p1a: Zapdos
|-damage|p1a: Zapdos|57/100
|
|t:|1759045329
|switch|p2a: Conkeldurr|Conkeldurr, F|100/100|[from] Volt Switch
|move|p1a: Zapdos|Hurricane|p2a: Conkeldurr
|-supereffective|p2a: Conkeldurr
|-damage|p2a: Conkeldurr|0 fnt
|faint|p2a: Conkeldurr
|
|upkeep
|
|t:|1759045334
|switch|p2a: Granbull|Granbull, M|78/100
|-ability|p2a: Granbull|Intimidate|boost
|-unboost|p1a: Zapdos|atk|1
|turn|18
|
|t:|1759045342
|move|p1a: Zapdos|Volt Switch|p2a: Granbull
|-damage|p2a: Granbull|46/100
|
|t:|1759045346
|switch|p1a: Great Tusk|Great Tusk|97/100|[from] Volt Switch
|move|p2a: Granbull|Rock Slide|p1a: Great Tusk
|-resisted|p1a: Great Tusk
|-damage|p1a: Great Tusk|93/100
|
|upkeep
|turn|19
|
|t:|1759045356
|move|p1a: Great Tusk|Stealth Rock|p2a: Granbull
|-sidestart|p2: missingyat|move: Stealth Rock
|move|p2a: Granbull|Play Rough|p1a: Great Tusk
|-supereffective|p1a: Great Tusk
|-crit|p1a: Great Tusk
|-damage|p1a: Great Tusk|0 fnt
|faint|p1a: Great Tusk
|-end|p1a: Great Tusk|Protosynthesis|[silent]
|
|upkeep
|
|t:|1759045367
|switch|p1a: Gliscor|Gliscor, F|93/100 tox
|turn|20
|
|t:|1759045373
|move|p1a: Gliscor|Swords Dance|p1a: Gliscor
|-boost|p1a: Gliscor|atk|2
|move|p2a: Granbull|Psychic Fangs|p1a: Gliscor
|-damage|p1a: Gliscor|77/100 tox
|
|-heal|p1a: Gliscor|89/100 tox|[from] ability: Poison Heal
|upkeep
|turn|21
|
|t:|1759045383
|switch|p2a: Galvantula|Galvantula, M|100/100
|-damage|p2a: Galvantula|76/100|[from] Stealth Rock
|move|p1a: Gliscor|Swords Dance|p1a: Gliscor
|-boost|p1a: Gliscor|atk|2
|
|-heal|p1a: Gliscor|100/100 tox|[from] ability: Poison Heal
|upkeep
|turn|22
|
|t:|1759045394
|move|p1a: Gliscor|Protect|p1a: Gliscor
|-singleturn|p1a: Gliscor|Protect
|move|p2a: Galvantula|Energy Ball|p1a: Gliscor
|-activate|p1a: Gliscor|move: Protect
|
|upkeep
|turn|23
|
|t:|1759045408
|switch|p1a: Dragapult|Dragapult, M|100/100
|move|p2a: Galvantula|Energy Ball|p1a: Dragapult
|-resisted|p1a: Dragapult
|-damage|p1a: Dragapult|74/100
|
|upkeep
|turn|24
|
|t:|1759045422
|switch|p2a: Granbull|Granbull, M|46/100
|-damage|p2a: Granbull|34/100|[from] Stealth Rock
|-ability|p2a: Granbull|Intimidate|boost
|-unboost|p1a: Dragapult|atk|1
|move|p1a: Dragapult|Shadow Ball|p2a: Granbull
|-damage|p2a: Granbull|0 fnt
|faint|p2a: Granbull
|
|upkeep
|
|t:|1759045427
|switch|p2a: Galvantula|Galvantula, M|76/100
|-damage|p2a: Galvantula|51/100|[from] Stealth Rock
|turn|25
|-message|missingyat forfeited.
|
|win|TresorK
|raw|TresorK's rating: 1049 &rarr; <strong>1082</strong><br />(+33 for winning)
|raw|missingyat's rating: 1056 &rarr; <strong>1037</strong><br />(-19 for losing)
|l|☆missingyat
|player|p2|
