|j|☆Sturdy_Turtle
|j|☆zeubiii
|t:|1758956118
|gametype|singles
|player|p1|Sturdy_Turtle|roxie|1255
|player|p2|zeubiii|170|1256
|gen|9
|tier|[Gen 9] OU
|rated|
|rule|HP Percentage Mod: HP is shown in percentages
|rule|Endless Battle Clause: Forcing endless battles is banned
|rule|Species Clause: Limit one of each Pokémon
|rule|OHKO Clause: OHKO moves are banned
|rule|Evasion Items Clause: Evasion items are banned
|rule|Evasion Moves Clause: Evasion moves are banned
|rule|Evasion Abilities Clause: Evasion abilities are banned
|rule|Sleep Moves Clause: Sleep-inducing moves are banned
|clearpoke
|poke|p1|Alomomola, M|
|poke|p1|Gholdengo|
|poke|p1|Ting-Lu|
|poke|p1|Weezing-Galar, M|
|poke|p1|Landorus-Therian, M|
|poke|p1|Ogerpon-Wellspring, F|
|poke|p2|Arcanine, F|
|poke|p2|Gliscor, M|
|poke|p2|Corviknight, F|
|poke|p2|Kyurem|
|poke|p2|Dondozo, F|
|poke|p2|Scizor, F|
|teampreview
|
|t:|1758956130
|teamsize|p1|6
|teamsize|p2|6
|start
|switch|p1a: Ogerpon|Ogerpon-Wellspring, F|100/100
|switch|p2a: Gliscor|Gliscor, M|100/100
|turn|1
|
|t:|1758956135
|move|p2a: Gliscor|Protect|p2a: Gliscor
|-singleturn|p2a: Gliscor|Protect
|move|p1a: Ogerpon|Ivy Cudgel|p2a: Gliscor|[anim] Ivy Cudgel Water
|-activate|p2a: Gliscor|move: Protect
|
|-status|p2a: Gliscor|tox|[from] item: Toxic Orb
|upkeep
|turn|2
|
|t:|1758956145
|switch|p2a: Scizor|Scizor, F|100/100
|move|p1a: Ogerpon|U-turn|p2a: Scizor
|-resisted|p2a: Scizor
|-damage|p2a: Scizor|86/100
|
|t:|1758956158
|switch|p1a: Landorus|Landorus-Therian, M|100/100|[from] U-turn
|-ability|p1a: Landorus|Intimidate|boost
|-unboost|p2a: Scizor|atk|1
|
|upkeep
|turn|3
|
|t:|1758956162
|switch|p2a: Gliscor|Gliscor, M|100/100 tox
|move|p1a: Landorus|Earthquake|p2a: Gliscor
|-immune|p2a: Gliscor
|
|upkeep
|turn|4
|
|t:|1758956169
|switch|p1a: Alomomola|Alomomola, M|100/100
|move|p2a: Gliscor|Knock Off|p1a: Alomomola
|-damage|p1a: Alomomola|89/100
|-enditem|p1a: Alomomola|Heavy-Duty Boots|[from] move: Knock Off|[of] p2a: Gliscor
|
|upkeep
|turn|5
|
|t:|1758956178
|move|p2a: Gliscor|Toxic|p1a: Alomomola
|-status|p1a: Alomomola|tox
|move|p1a: Alomomola|Scald|p2a: Gliscor
|-supereffective|p2a: Gliscor
|-damage|p2a: Gliscor|66/100 tox
|
|-heal|p2a: Gliscor|78/100 tox|[from] ability: Poison Heal
|-damage|p1a: Alomomola|83/100 tox|[from] psn
|upkeep
|turn|6
|
|t:|1758956184
|move|p2a: Gliscor|Protect|p2a: Gliscor
|-singleturn|p2a: Gliscor|Protect
|move|p1a: Alomomola|Wish|p1a: Alomomola
|
|-heal|p2a: Gliscor|91/100 tox|[from] ability: Poison Heal
|-damage|p1a: Alomomola|70/100 tox|[from] psn
|upkeep
|turn|7
|
|t:|1758956191
|move|p2a: Gliscor|Knock Off|p1a: Alomomola
|-damage|p1a: Alomomola|62/100 tox
|move|p1a: Alomomola|Flip Turn|p2a: Gliscor
|-supereffective|p2a: Gliscor
|-damage|p2a: Gliscor|64/100 tox
|
|t:|1758956204
|switch|p1a: Landorus|Landorus-Therian, M|100/100|[from] Flip Turn
|-ability|p1a: Landorus|Intimidate|boost
|-unboost|p2a: Gliscor|atk|1
|
|-heal|p2a: Gliscor|76/100 tox|[from] ability: Poison Heal
|upkeep
|turn|8
|
|t:|1758956213
|move|p1a: Landorus|U-turn|p2a: Gliscor
|-resisted|p2a: Gliscor
|-damage|p2a: Gliscor|65/100 tox
|
|t:|1758956216
|switch|p1a: Alomomola|Alomomola, M|95/100 tox|[from] U-turn
|move|p2a: Gliscor|Toxic|p1a: Alomomola
|-fail|p1a: Alomomola|tox
|
|-heal|p2a: Gliscor|78/100 tox|[from] ability: Poison Heal
|-damage|p1a: Alomomola|89/100 tox|[from] psn
|upkeep
|turn|9
|
|t:|1758956225
|move|p2a: Gliscor|Acrobatics|p1a: Alomomola
|-damage|p1a: Alomomola|82/100 tox
|move|p1a: Alomomola|Scald|p2a: Gliscor
|-supereffective|p2a: Gliscor
|-damage|p2a: Gliscor|42/100 tox
|
|-heal|p2a: Gliscor|55/100 tox|[from] ability: Poison Heal
|-damage|p1a: Alomomola|70/100 tox|[from] psn
|upkeep
|turn|10
|
|t:|1758956237
|switch|p2a: Corviknight|Corviknight, F|100/100
|-ability|p2a: Corviknight|Pressure
|move|p1a: Alomomola|Wish|p1a: Alomomola
|
|-damage|p1a: Alomomola|51/100 tox|[from] psn
|upkeep
|turn|11
|
|t:|1758956249
|switch|p1a: Gholdengo|Gholdengo|100/100
|move|p2a: Corviknight|Sunny Day|p2a: Corviknight
|-weather|SunnyDay
|
|-weather|SunnyDay|[upkeep]
|upkeep
|turn|12
|
|t:|1758956268
|move|p1a: Gholdengo|Thunderbolt|p2a: Corviknight
|-supereffective|p2a: Corviknight
|-damage|p2a: Corviknight|48/100
|move|p2a: Corviknight|U-turn|p1a: Gholdengo
|-resisted|p1a: Gholdengo
|-damage|p1a: Gholdengo|97/100
|
|t:|1758956275
|switch|p2a: Arcanine|Arcanine, F|100/100|[from] U-turn
|
|-weather|SunnyDay|[upkeep]
|-heal|p1a: Gholdengo|100/100|[from] item: Leftovers
|upkeep
|turn|13
|
|t:|1758956282
|switch|p1a: Landorus|Landorus-Therian, M|100/100
|-ability|p1a: Landorus|Intimidate|boost
|-unboost|p2a: Arcanine|atk|1
|move|p2a: Arcanine|Flamethrower|p1a: Landorus
|-damage|p1a: Landorus|0 fnt
|faint|p1a: Landorus
|
|-weather|SunnyDay|[upkeep]
|upkeep
|
|t:|1758956299
|switch|p1a: Ting-Lu|Ting-Lu|100/100
|-ability|p1a: Ting-Lu|Vessel of Ruin
|turn|14
|
|t:|1758956305
|switch|p2a: Corviknight|Corviknight, F|48/100
|-ability|p2a: Corviknight|Pressure
|move|p1a: Ting-Lu|Stealth Rock|p2a: Corviknight
|-sidestart|p2: zeubiii|move: Stealth Rock
|
|-weather|SunnyDay|[upkeep]
|upkeep
|turn|15
|
|t:|1758956312
|move|p2a: Corviknight|Defog|p1a: Ting-Lu
|-unboost|p1a: Ting-Lu|evasion|1
|-sideend|p2: zeubiii|Stealth Rock|[from] move: Defog|[of] p2a: Corviknight
|move|p1a: Ting-Lu|Whirlwind|p2a: Corviknight
|drag|p2a: Scizor|Scizor, F|86/100
|
|-weather|SunnyDay|[upkeep]
|upkeep
|turn|16
|
|t:|1758956319
|move|p2a: Scizor|U-turn|p1a: Ting-Lu
|-supereffective|p1a: Ting-Lu
|-damage|p1a: Ting-Lu|32/100
|
|t:|1758956322
|switch|p2a: Gliscor|Gliscor, M|55/100 tox|[from] U-turn
|move|p1a: Ting-Lu|Stealth Rock|p2a: Gliscor
|-sidestart|p2: zeubiii|move: Stealth Rock
|
|-weather|SunnyDay|[upkeep]
|-heal|p1a: Ting-Lu|38/100|[from] item: Leftovers
|-heal|p2a: Gliscor|67/100 tox|[from] ability: Poison Heal
|upkeep
|turn|17
|
|t:|1758956331
|move|p2a: Gliscor|Toxic|p1a: Ting-Lu
|-status|p1a: Ting-Lu|tox
|move|p1a: Ting-Lu|Whirlwind|p2a: Gliscor
|drag|p2a: Arcanine|Arcanine, F|100/100
|-damage|p2a: Arcanine|76/100|[from] Stealth Rock
|
|-weather|SunnyDay|[upkeep]
|-heal|p1a: Ting-Lu|44/100 tox|[from] item: Leftovers
|-damage|p1a: Ting-Lu|38/100 tox|[from] psn
|upkeep
|turn|18
|
|t:|1758956342
|switch|p1a: Alomomola|Alomomola, M|85/100 tox
|move|p2a: Arcanine|Solar Beam||[still]
|-prepare|p2a: Arcanine|Solar Beam
|-anim|p2a: Arcanine|Solar Beam|p1a: Alomomola
|-supereffective|p1a: Alomomola
|-damage|p1a: Alomomola|0 fnt
|faint|p1a: Alomomola
|
|-weather|none
|upkeep
|
|t:|1758956347
|switch|p1a: Ogerpon|Ogerpon-Wellspring, F|100/100
|turn|19
|
|t:|1758956354
|switch|p2a: Scizor|Scizor, F|86/100
|-damage|p2a: Scizor|73/100|[from] Stealth Rock
|move|p1a: Ogerpon|Knock Off|p2a: Scizor
|-damage|p2a: Scizor|35/100
|-enditem|p2a: Scizor|Choice Band|[from] move: Knock Off|[of] p1a: Ogerpon
|
|upkeep
|turn|20
|
|t:|1758956365
|move|p1a: Ogerpon|Ivy Cudgel|p2a: Scizor|[anim] Ivy Cudgel Water
|-damage|p2a: Scizor|0 fnt
|faint|p2a: Scizor
|
|upkeep
|
|t:|1758956377
|switch|p2a: Kyurem|Kyurem, shiny|100/100
|-damage|p2a: Kyurem|76/100|[from] Stealth Rock
|-ability|p2a: Kyurem|Pressure
|turn|21
|
|t:|1758956383
|move|p1a: Ogerpon|U-turn|p2a: Kyurem
|-damage|p2a: Kyurem|45/100
|
|t:|1758956386
|switch|p1a: Gholdengo|Gholdengo|100/100|[from] U-turn
|move|p2a: Kyurem|Dragon Dance|p2a: Kyurem
|-boost|p2a: Kyurem|atk|1
|-boost|p2a: Kyurem|spe|1
|
|upkeep
|turn|22
|
|t:|1758956397
|move|p2a: Kyurem|Icicle Spear|p1a: Gholdengo
|-resisted|p1a: Gholdengo
|-damage|p1a: Gholdengo|89/100
|-resisted|p1a: Gholdengo
|-damage|p1a: Gholdengo|77/100
|-resisted|p1a: Gholdengo
|-damage|p1a: Gholdengo|65/100
|-resisted|p1a: Gholdengo
|-damage|p1a: Gholdengo|54/100
|-hitcount|p1a: Gholdengo|4
|move|p1a: Gholdengo|Make It Rain|p2a: Kyurem
|-supereffective|p2a: Kyurem
|-damage|p2a: Kyurem|0 fnt
|-unboost|p1a: Gholdengo|spa|1
|faint|p2a: Kyurem
|
|-heal|p1a: Gholdengo|60/100|[from] item: Leftovers
|upkeep
|
|t:|1758956416
|switch|p2a: Arcanine|Arcanine, F|76/100
|-damage|p2a: Arcanine|51/100|[from] Stealth Rock
|turn|23
|
|t:|1758956425
|switch|p1a: Weezing|Weezing-Galar, M|100/100
|-ability|p1a: Weezing|Neutralizing Gas
|move|p2a: Arcanine|Flamethrower|p1a: Weezing
|-damage|p1a: Weezing|24/100
|
|upkeep
|turn|24
|
|t:|1758956429
|move|p2a: Arcanine|Flamethrower|p1a: Weezing
|-damage|p1a: Weezing|0 fnt
|faint|p1a: Weezing
|-end|p1a: Weezing|ability: Neutralizing Gas
|
|upkeep
|
|t:|1758956432
|switch|p1a: Ogerpon|Ogerpon-Wellspring, F|100/100
|turn|25
|
|t:|1758956438
|switch|p2a: Corviknight|Corviknight, F|48/100
|-damage|p2a: Corviknight|36/100|[from] Stealth Rock
|-ability|p2a: Corviknight|Pressure
|move|p1a: Ogerpon|Ivy Cudgel|p2a: Corviknight|[anim] Ivy Cudgel Water
|-damage|p2a: Corviknight|0 fnt
|faint|p2a: Corviknight
|
|upkeep
|
|t:|1758956446
|switch|p2a: Dondozo|Dondozo, F|100/100
|-damage|p2a: Dondozo|88/100|[from] Stealth Rock
|turn|26
|
|t:|1758956451
|-terastallize|p2a: Dondozo|Steel
|move|p1a: Ogerpon|Knock Off|p2a: Dondozo
|-damage|p2a: Dondozo|64/100
|-enditem|p2a: Dondozo|Leftovers|[from] move: Knock Off|[of] p1a: Ogerpon
|move|p2a: Dondozo|Curse|p2a: Dondozo
|-unboost|p2a: Dondozo|spe|1
|-boost|p2a: Dondozo|atk|1
|-boost|p2a: Dondozo|def|1
|
|upkeep
|turn|27
|
|t:|1758956462
|move|p1a: Ogerpon|Ivy Cudgel|p2a: Dondozo|[anim] Ivy Cudgel Water
|-damage|p2a: Dondozo|38/100
|move|p2a: Dondozo|Curse|p2a: Dondozo
|-unboost|p2a: Dondozo|spe|1
|-boost|p2a: Dondozo|atk|1
|-boost|p2a: Dondozo|def|1
|
|upkeep
|turn|28
|
|t:|1758956466
|move|p1a: Ogerpon|U-turn|p2a: Dondozo
|-resisted|p2a: Dondozo
|-damage|p2a: Dondozo|34/100
|
|t:|1758956470
|switch|p1a: Gholdengo|Gholdengo|60/100|[from] U-turn
|move|p2a: Dondozo|Rest|p2a: Dondozo
|-status|p2a: Dondozo|slp|[from] move: Rest
|-heal|p2a: Dondozo|100/100 slp|[silent]
|
|-heal|p1a: Gholdengo|66/100|[from] item: Leftovers
|upkeep
|turn|29
|
|t:|1758956474
|move|p1a: Gholdengo|Nasty Plot|p1a: Gholdengo
|-boost|p1a: Gholdengo|spa|2
|cant|p2a: Dondozo|slp
|move|p2a: Dondozo|Sleep Talk|p2a: Dondozo
|move|p2a: Dondozo|Waterfall|p1a: Gholdengo|[from] move: Sleep Talk
|-damage|p1a: Gholdengo|3/100
|
|-heal|p1a: Gholdengo|9/100|[from] item: Leftovers
|upkeep
|turn|30
|
|t:|1758956483
|move|p1a: Gholdengo|Thunderbolt|p2a: Dondozo
|-damage|p2a: Dondozo|80/100 slp
|cant|p2a: Dondozo|slp
|move|p2a: Dondozo|Sleep Talk|p2a: Dondozo
|move|p2a: Dondozo|Rest||[from] move: Sleep Talk|[still]
|-fail|p2a: Dondozo
|
|-heal|p1a: Gholdengo|15/100|[from] item: Leftovers
|upkeep
|turn|31
|
|t:|1758956495
|switch|p1a: Ting-Lu|Ting-Lu|38/100 tox
|-ability|p1a: Ting-Lu|Vessel of Ruin
|-curestatus|p2a: Dondozo|slp|[msg]
|move|p2a: Dondozo|Waterfall|p1a: Ting-Lu
|-supereffective|p1a: Ting-Lu
|-damage|p1a: Ting-Lu|0 fnt
|faint|p1a: Ting-Lu
|
|upkeep
|-message|Sturdy_Turtle forfeited.
|
|win|zeubiii
|raw|Sturdy_Turtle's rating: 1255 &rarr; <strong>1230</strong><br />(-25 for losing)
|raw|zeubiii's rating: 1256 &rarr; <strong>1281</strong><br />(+25 for winning)
|l|☆Sturdy_Turtle
|player|p1|
|l|☆zeubiii
|player|p2|
