|j|☆Azunail
|j|☆Partynparadise
|t:|1758992171
|gametype|singles
|player|p1|Azunail|yellow|1566
|player|p2|Partynparadise|brock|1606
|gen|9
|tier|[Gen 9] OU
|rated|
|rule|HP Percentage Mod: HP is shown in percentages
|rule|Endless Battle Clause: Forcing endless battles is banned
|rule|Species Clause: Limit one of each Pokémon
|rule|OHKO Clause: OHKO moves are banned
|rule|Evasion Items Clause: Evasion items are banned
|rule|Evasion Moves Clause: Evasion moves are banned
|rule|Evasion Abilities Clause: Evasion abilities are banned
|rule|Sleep Moves Clause: Sleep-inducing moves are banned
|clearpoke
|poke|p1|Snorlax, M|
|poke|p1|Gholdengo|
|poke|p1|Landorus-Therian, M|
|poke|p1|Zamazenta-*|
|poke|p1|Rillaboom, F|
|poke|p1|Dragonite, F|
|poke|p2|Great Tusk|
|poke|p2|Kyurem|
|poke|p2|Slowking-Galar, F|
|poke|p2|Moltres|
|poke|p2|Iron Valiant|
|poke|p2|Ogerpon-Wellspring, F|
|teampreview
|inactive|Battle timer is ON: inactive players will automatically lose when time's up. (requested by Partynparadise)
|
|t:|1758992181
|teamsize|p1|6
|teamsize|p2|6
|start
|switch|p1a: Landorus|Landorus-Therian, M|100/100
|switch|p2a: Kyurem|Kyurem, shiny|100/100
|-ability|p1a: Landorus|Intimidate|boost
|-unboost|p2a: Kyurem|atk|1
|-ability|p2a: Kyurem|Pressure
|turn|1
|
|t:|1758992190
|switch|p1a: Snorlax|Snorlax, M, shiny|100/100
|move|p2a: Kyurem|Substitute|p2a: Kyurem
|-start|p2a: Kyurem|Substitute
|-damage|p2a: Kyurem|76/100
|
|-heal|p2a: Kyurem|82/100|[from] item: Leftovers
|upkeep
|turn|2
|
|t:|1758992195
|move|p2a: Kyurem|Freeze-Dry|p1a: Snorlax
|-damage|p1a: Snorlax|91/100
|-status|p1a: Snorlax|frz
|cant|p1a: Snorlax|frz
|
|-heal|p2a: Kyurem|88/100|[from] item: Leftovers
|-heal|p1a: Snorlax|97/100 frz|[from] item: Leftovers
|upkeep
|turn|3
|
|t:|1758992201
|switch|p2a: Great Tusk|Great Tusk|100/100
|-curestatus|p1a: Snorlax|frz|[msg]
|move|p1a: Snorlax|Curse|p1a: Snorlax
|-unboost|p1a: Snorlax|spe|1
|-boost|p1a: Snorlax|atk|1
|-boost|p1a: Snorlax|def|1
|
|-heal|p1a: Snorlax|100/100|[from] item: Leftovers
|upkeep
|turn|4
|
|t:|1758992208
|move|p2a: Great Tusk|Knock Off|p1a: Snorlax
|-damage|p1a: Snorlax|82/100
|-enditem|p1a: Snorlax|Leftovers|[from] move: Knock Off|[of] p2a: Great Tusk
|move|p1a: Snorlax|Body Slam|p2a: Great Tusk
|-damage|p2a: Great Tusk|74/100
|-damage|p1a: Snorlax|65/100|[from] item: Rocky Helmet|[of] p2a: Great Tusk
|
|upkeep
|turn|5
|
|t:|1758992215
|move|p2a: Great Tusk|Close Combat|p1a: Snorlax
|-supereffective|p1a: Snorlax
|-damage|p1a: Snorlax|6/100
|-unboost|p2a: Great Tusk|def|1
|-unboost|p2a: Great Tusk|spd|1
|move|p1a: Snorlax|Curse|p1a: Snorlax
|-unboost|p1a: Snorlax|spe|1
|-boost|p1a: Snorlax|atk|1
|-boost|p1a: Snorlax|def|1
|
|upkeep
|turn|6
|
|t:|1758992220
|move|p2a: Great Tusk|Knock Off|p1a: Snorlax
|-damage|p1a: Snorlax|0 fnt
|faint|p1a: Snorlax
|
|upkeep
|
|t:|1758992229
|switch|p1a: Rillaboom|Rillaboom, F|100/100
|-fieldstart|move: Grassy Terrain|[from] ability: Grassy Surge|[of] p1a: Rillaboom
|turn|7
|
|t:|1758992234
|-end|p2a: Great Tusk|Protosynthesis|[silent]
|switch|p2a: Moltres|Moltres|100/100
|move|p1a: Rillaboom|U-turn|p2a: Moltres
|-resisted|p2a: Moltres
|-damage|p2a: Moltres|93/100
|-status|p1a: Rillaboom|brn|[from] ability: Flame Body|[of] p2a: Moltres
|
|t:|1758992240
|switch|p1a: Dragonite|Dragonite, F|100/100|[from] U-turn
|
|upkeep
|turn|8
|
|t:|1758992243
|move|p1a: Dragonite|Dragon Dance|p1a: Dragonite
|-boost|p1a: Dragonite|atk|1
|-boost|p1a: Dragonite|spe|1
|move|p2a: Moltres|U-turn|p1a: Dragonite
|-resisted|p1a: Dragonite
|-damage|p1a: Dragonite|96/100
|
|t:|1758992245
|switch|p2a: Iron Valiant|Iron Valiant|100/100|[from] U-turn
|-enditem|p2a: Iron Valiant|Booster Energy
|-activate|p2a: Iron Valiant|ability: Quark Drive|[fromitem]
|-start|p2a: Iron Valiant|quarkdrivespe
|
|upkeep
|turn|9
|
|t:|1758992255
|-terastallize|p1a: Dragonite|Normal
|move|p2a: Iron Valiant|Encore|p1a: Dragonite
|-start|p1a: Dragonite|Encore
|move|p1a: Dragonite|Dragon Dance|p1a: Dragonite
|-boost|p1a: Dragonite|atk|1
|-boost|p1a: Dragonite|spe|1
|
|-heal|p1a: Dragonite|100/100|[from] Grassy Terrain
|upkeep
|turn|10
|
|t:|1758992261
|switch|p1a: Rillaboom|Rillaboom, F|100/100 brn
|move|p2a: Iron Valiant|Moonblast|p1a: Rillaboom
|-damage|p1a: Rillaboom|39/100 brn
|
|-heal|p1a: Rillaboom|45/100 brn|[from] Grassy Terrain
|-damage|p1a: Rillaboom|39/100 brn|[from] brn
|upkeep
|turn|11
|
|t:|1758992265
|move|p1a: Rillaboom|Grassy Glide|p2a: Iron Valiant
|-damage|p2a: Iron Valiant|59/100
|move|p2a: Iron Valiant|Moonblast|p1a: Rillaboom
|-damage|p1a: Rillaboom|0 fnt
|faint|p1a: Rillaboom
|
|-heal|p2a: Iron Valiant|65/100|[from] Grassy Terrain
|-fieldend|move: Grassy Terrain
|upkeep
|
|t:|1758992271
|switch|p1a: Dragonite|Dragonite, F, tera:Normal|100/100
|turn|12
|
|t:|1758992276
|move|p2a: Iron Valiant|Close Combat|p1a: Dragonite
|-supereffective|p1a: Dragonite
|-damage|p1a: Dragonite|45/100
|-unboost|p2a: Iron Valiant|def|1
|-unboost|p2a: Iron Valiant|spd|1
|move|p1a: Dragonite|Dragon Dance|p1a: Dragonite
|-boost|p1a: Dragonite|atk|1
|-boost|p1a: Dragonite|spe|1
|
|upkeep
|turn|13
|
|t:|1758992283
|-end|p2a: Iron Valiant|Quark Drive|[silent]
|switch|p2a: Great Tusk|Great Tusk|74/100
|move|p1a: Dragonite|Extreme Speed|p2a: Great Tusk
|-damage|p2a: Great Tusk|37/100
|-damage|p1a: Dragonite|28/100|[from] item: Rocky Helmet|[of] p2a: Great Tusk
|
|upkeep
|turn|14
|
|t:|1758992290
|move|p1a: Dragonite|Ice Spinner|p2a: Great Tusk
|-supereffective|p2a: Great Tusk
|-damage|p2a: Great Tusk|0 fnt
|-damage|p1a: Dragonite|12/100|[from] item: Rocky Helmet|[of] p2a: Great Tusk
|faint|p2a: Great Tusk
|-end|p2a: Great Tusk|Protosynthesis|[silent]
|
|upkeep
|
|t:|1758992297
|switch|p2a: Ogerpon|Ogerpon-Wellspring, F|100/100
|turn|15
|
|t:|1758992302
|move|p1a: Dragonite|Extreme Speed|p2a: Ogerpon
|-damage|p2a: Ogerpon|3/100
|move|p2a: Ogerpon|U-turn|p1a: Dragonite
|-damage|p1a: Dragonite|0 fnt
|faint|p1a: Dragonite
|
|t:|1758992310
|switch|p2a: Slowking|Slowking-Galar, F|100/100|[from] U-turn
|
|upkeep
|
|t:|1758992318
|switch|p1a: Gholdengo|Gholdengo|100/100
|turn|16
|
|t:|1758992322
|move|p1a: Gholdengo|Shadow Ball|p2a: Slowking
|-supereffective|p2a: Slowking
|-damage|p2a: Slowking|53/100
|-prepare|p2a: Slowking|Chilly Reception|[premajor]
|move|p2a: Slowking|Chilly Reception|p2a: Slowking
|-weather|Snowscape
|
|t:|1758992325
|switch|p2a: Moltres|Moltres|93/100|[from] Chilly Reception
|
|-weather|Snowscape|[upkeep]
|upkeep
|turn|17
|
|t:|1758992332
|switch|p1a: Landorus|Landorus-Therian, M|100/100
|-ability|p1a: Landorus|Intimidate|boost
|-unboost|p2a: Moltres|atk|1
|move|p2a: Moltres|Flamethrower|p1a: Landorus
|-damage|p1a: Landorus|59/100
|
|-weather|Snowscape|[upkeep]
|upkeep
|turn|18
|
|t:|1758992338
|move|p1a: Landorus|Stealth Rock|p2a: Moltres
|-sidestart|p2: Partynparadise|move: Stealth Rock
|move|p2a: Moltres|Flamethrower|p1a: Landorus
|-damage|p1a: Landorus|19/100
|
|-weather|Snowscape|[upkeep]
|upkeep
|turn|19
|
|t:|1758992345
|move|p1a: Landorus|Taunt|p2a: Moltres
|-start|p2a: Moltres|move: Taunt
|move|p2a: Moltres|Flamethrower|p1a: Landorus
|-damage|p1a: Landorus|0 fnt
|faint|p1a: Landorus
|
|-weather|Snowscape|[upkeep]
|upkeep
|
|t:|1758992352
|switch|p1a: Zamazenta|Zamazenta|100/100
|-ability|p1a: Zamazenta|Dauntless Shield|boost
|-boost|p1a: Zamazenta|def|1
|turn|20
|
|t:|1758992357
|switch|p2a: Slowking|Slowking-Galar, F|86/100
|move|p1a: Zamazenta|Roar|p2a: Slowking
|drag|p2a: Kyurem|Kyurem, shiny|88/100
|-damage|p2a: Kyurem|63/100|[from] Stealth Rock
|-ability|p2a: Kyurem|Pressure
|
|-weather|none
|-heal|p2a: Kyurem|69/100|[from] item: Leftovers
|upkeep
|turn|21
|
|t:|1758992362
|switch|p2a: Ogerpon|Ogerpon-Wellspring, F|3/100
|-damage|p2a: Ogerpon|0 fnt|[from] Stealth Rock
|faint|p2a: Ogerpon
|move|p1a: Zamazenta|Iron Defense|p1a: Zamazenta
|-boost|p1a: Zamazenta|def|2
|
|upkeep
|
|t:|1758992369
|switch|p2a: Moltres|Moltres|93/100
|turn|22
|
|t:|1758992375
|move|p1a: Zamazenta|Iron Defense|p1a: Zamazenta
|-boost|p1a: Zamazenta|def|2
|move|p2a: Moltres|Scorching Sands|p1a: Zamazenta
|-damage|p1a: Zamazenta|86/100
|
|-heal|p1a: Zamazenta|92/100|[from] item: Leftovers
|upkeep
|turn|23
|
|t:|1758992383
|move|p2a: Moltres|Scorching Sands|p1a: Zamazenta
|-damage|p1a: Zamazenta|77/100
|move|p1a: Zamazenta|Roar|p2a: Moltres
|drag|p2a: Slowking|Slowking-Galar, F|100/100
|
|-heal|p1a: Zamazenta|83/100|[from] item: Leftovers
|upkeep
|turn|24
|
|t:|1758992390
|move|p1a: Zamazenta|Crunch|p2a: Slowking
|-supereffective|p2a: Slowking
|-damage|p2a: Slowking|54/100
|move|p2a: Slowking|Thunder Wave|p1a: Zamazenta|[miss]
|-miss|p2a: Slowking|p1a: Zamazenta
|
|-heal|p1a: Zamazenta|89/100|[from] item: Leftovers
|upkeep
|turn|25
|
|t:|1758992395
|move|p1a: Zamazenta|Crunch|p2a: Slowking
|-supereffective|p2a: Slowking
|-crit|p2a: Slowking
|-damage|p2a: Slowking|0 fnt
|faint|p2a: Slowking
|
|-heal|p1a: Zamazenta|95/100|[from] item: Leftovers
|upkeep
|
|t:|1758992398
|switch|p2a: Moltres|Moltres|93/100
|turn|26
|
|t:|1758992402
|move|p2a: Moltres|Flamethrower|p1a: Zamazenta
|-damage|p1a: Zamazenta|67/100
|move|p1a: Zamazenta|Roar|p2a: Moltres
|drag|p2a: Iron Valiant|Iron Valiant|65/100
|-damage|p2a: Iron Valiant|59/100|[from] Stealth Rock
|
|-heal|p1a: Zamazenta|73/100|[from] item: Leftovers
|upkeep
|turn|27
|
|t:|1758992408
|-end|p2a: Iron Valiant|Quark Drive|[silent]
|switch|p2a: Moltres|Moltres|93/100
|move|p1a: Zamazenta|Body Press|p2a: Moltres
|-resisted|p2a: Moltres
|-damage|p2a: Moltres|58/100
|
|-heal|p1a: Zamazenta|80/100|[from] item: Leftovers
|upkeep
|turn|28
|
|t:|1758992416
|move|p1a: Zamazenta|Iron Defense|p1a: Zamazenta
|-boost|p1a: Zamazenta|def|1
|move|p2a: Moltres|Roost|p2a: Moltres
|-heal|p2a: Moltres|100/100
|-singleturn|p2a: Moltres|move: Roost
|
|-heal|p1a: Zamazenta|86/100|[from] item: Leftovers
|upkeep
|turn|29
|
|t:|1758992421
|move|p2a: Moltres|Scorching Sands|p1a: Zamazenta
|-damage|p1a: Zamazenta|71/100
|move|p1a: Zamazenta|Roar|p2a: Moltres
|drag|p2a: Kyurem|Kyurem, shiny|69/100
|-damage|p2a: Kyurem|44/100|[from] Stealth Rock
|-ability|p2a: Kyurem|Pressure
|
|-heal|p1a: Zamazenta|78/100|[from] item: Leftovers
|-heal|p2a: Kyurem|50/100|[from] item: Leftovers
|upkeep
|turn|30
|
|t:|1758992426
|switch|p2a: Moltres|Moltres|100/100
|move|p1a: Zamazenta|Body Press|p2a: Moltres
|-resisted|p2a: Moltres
|-damage|p2a: Moltres|57/100
|
|-heal|p1a: Zamazenta|84/100|[from] item: Leftovers
|upkeep
|turn|31
|
|t:|1758992437
|move|p1a: Zamazenta|Body Press|p2a: Moltres
|-resisted|p2a: Moltres
|-damage|p2a: Moltres|13/100
|move|p2a: Moltres|Flamethrower|p1a: Zamazenta
|-damage|p1a: Zamazenta|54/100
|
|-heal|p1a: Zamazenta|60/100|[from] item: Leftovers
|upkeep
|turn|32
|
|t:|1758992445
|move|p1a: Zamazenta|Body Press|p2a: Moltres
|-resisted|p2a: Moltres
|-damage|p2a: Moltres|0 fnt
|-status|p1a: Zamazenta|brn|[from] ability: Flame Body|[of] p2a: Moltres
|faint|p2a: Moltres
|
|-heal|p1a: Zamazenta|66/100 brn|[from] item: Leftovers
|-damage|p1a: Zamazenta|60/100 brn|[from] brn
|upkeep
|
|t:|1758992451
|switch|p2a: Iron Valiant|Iron Valiant|59/100
|-damage|p2a: Iron Valiant|53/100|[from] Stealth Rock
|turn|33
|
|t:|1758992456
|move|p1a: Zamazenta|Body Press|p2a: Iron Valiant
|-resisted|p2a: Iron Valiant
|-damage|p2a: Iron Valiant|13/100
|move|p2a: Iron Valiant|Moonblast|p1a: Zamazenta
|-supereffective|p1a: Zamazenta
|-damage|p1a: Zamazenta|0 fnt
|faint|p1a: Zamazenta
|
|upkeep
|
|t:|1758992461
|switch|p1a: Gholdengo|Gholdengo|100/100
|turn|34
|
|t:|1758992467
|move|p1a: Gholdengo|Make It Rain|p2a: Iron Valiant
|-supereffective|p2a: Iron Valiant
|-damage|p2a: Iron Valiant|0 fnt
|-unboost|p1a: Gholdengo|spa|1
|faint|p2a: Iron Valiant
|-end|p2a: Iron Valiant|Quark Drive|[silent]
|
|upkeep
|
|t:|1758992470
|switch|p2a: Kyurem|Kyurem, shiny|50/100
|-damage|p2a: Kyurem|26/100|[from] Stealth Rock
|-ability|p2a: Kyurem|Pressure
|turn|35
|
|t:|1758992487
|-terastallize|p2a: Kyurem|Ground
|move|p2a: Kyurem|Protect|p2a: Kyurem
|-singleturn|p2a: Kyurem|Protect
|move|p1a: Gholdengo|Make It Rain|p2a: Kyurem
|-activate|p2a: Kyurem|move: Protect
|
|-heal|p2a: Kyurem|32/100|[from] item: Leftovers
|upkeep
|turn|36
|
|t:|1758992498
|move|p1a: Gholdengo|Make It Rain|p2a: Kyurem
|-damage|p2a: Kyurem|0 fnt
|-unboost|p1a: Gholdengo|spa|1
|faint|p2a: Kyurem
|
|win|Azunail
|raw|Azunail's rating: 1566 &rarr; <strong>1588</strong><br />(+22 for winning)
|raw|Partynparadise's rating: 1606 &rarr; <strong>1584</strong><br />(-22 for losing)
|l|☆Azunail
|player|p1|
|l|☆Partynparadise
|player|p2|
