|badge|p1|bronze|gen9ou|100-6
|html|<div class="broadcast-red"><strong>This battle is required to be public due to one or more player having a season medal.</strong><br />During the public phase, you can discuss the state of the ladder <a href="/seasondiscussion">in a special chatroom.</a></div>
|uhtml|medal-msg|<div class="broadcast-blue">Curious what those medals under the avatar are? PS now has Ladder Seasons! For more information, check out the <a href="https://www.smogon.com/forums/threads/3740067/">thread on Smogon.</a></div>
|raw|<div class="broadcast-blue"><strong>This battle is required to be public due to a player having a name starting with 'medal'.</div>
|j|☆abravioustinkaton
|j|☆ybah
|t:|1758969289
|gametype|singles
|player|p1|abravioustinkaton|miku-ice|1832
|player|p2|ybah|fisherman-gen6|1808
|gen|9
|tier|[Gen 9] OU
|rated|
|rule|HP Percentage Mod: HP is shown in percentages
|rule|Endless Battle Clause: Forcing endless battles is banned
|rule|Species Clause: Limit one of each Pokémon
|rule|OHKO Clause: OHKO moves are banned
|rule|Evasion Items Clause: Evasion items are banned
|rule|Evasion Moves Clause: Evasion moves are banned
|rule|Evasion Abilities Clause: Evasion abilities are banned
|rule|Sleep Moves Clause: Sleep-inducing moves are banned
|clearpoke
|poke|p1|Zapdos|
|poke|p1|Iron Crown|
|poke|p1|Garganacl, F|
|poke|p1|Great Tusk|
|poke|p1|Samurott-Hisui, M|
|poke|p1|Dragapult, F|
|poke|p2|Lokix, M|
|poke|p2|Alomomola, M|
|poke|p2|Pecharunt|
|poke|p2|Great Tusk|
|poke|p2|Cinderace, M|
|poke|p2|Kyurem|
|teampreview
|inactive|Battle timer is ON: inactive players will automatically lose when time's up. (requested by ybah)
|inactive|ybah has 120 seconds left.
|
|t:|1758969340
|teamsize|p1|6
|teamsize|p2|6
|start
|switch|p1a: Dragapult|Dragapult, F|100/100
|switch|p2a: Kyurem|Kyurem|100/100
|-ability|p2a: Kyurem|Pressure
|turn|1
|
|t:|1758969347
|move|p2a: Kyurem|Protect|p2a: Kyurem
|-singleturn|p2a: Kyurem|Protect
|move|p1a: Dragapult|U-turn|p2a: Kyurem
|-activate|p2a: Kyurem|move: Protect
|
|upkeep
|turn|2
|
|t:|1758969350
|move|p1a: Dragapult|Will-O-Wisp|p2a: Kyurem
|-status|p2a: Kyurem|brn
|move|p2a: Kyurem|Freeze-Dry|p1a: Dragapult
|-supereffective|p1a: Dragapult
|-damage|p1a: Dragapult|0 fnt
|faint|p1a: Dragapult
|
|-damage|p2a: Kyurem|94/100 brn|[from] brn
|upkeep
|
|t:|1758969354
|switch|p1a: Iron Crown|Iron Crown|100/100
|turn|3
|
|t:|1758969356
|switch|p2a: Alomomola|Alomomola, M|100/100
|move|p1a: Iron Crown|Volt Switch|p2a: Alomomola
|-supereffective|p2a: Alomomola
|-damage|p2a: Alomomola|61/100
|
|t:|1758969358
|-end|p1a: Iron Crown|Quark Drive|[silent]
|switch|p1a: Samurott|Samurott-Hisui, M|100/100|[from] Volt Switch
|
|upkeep
|turn|4
|
|t:|1758969362
|move|p1a: Samurott|Knock Off|p2a: Alomomola
|-damage|p2a: Alomomola|29/100
|-enditem|p2a: Alomomola|Assault Vest|[from] move: Knock Off|[of] p1a: Samurott
|move|p2a: Alomomola|Flip Turn|p1a: Samurott
|-resisted|p1a: Samurott
|-damage|p1a: Samurott|92/100
|
|t:|1758969365
|switch|p2a: Kyurem|Kyurem|94/100 brn|[from] Flip Turn
|-ability|p2a: Kyurem|Pressure
|
|-heal|p2a: Kyurem|100/100 brn|[from] item: Leftovers
|-damage|p2a: Kyurem|94/100 brn|[from] brn
|upkeep
|turn|5
|
|t:|1758969370
|move|p2a: Kyurem|Earth Power|p1a: Samurott
|-damage|p1a: Samurott|66/100
|-unboost|p1a: Samurott|spd|1
|move|p1a: Samurott|Ceaseless Edge|p2a: Kyurem
|-damage|p2a: Kyurem|50/100 brn
|-sidestart|p2: ybah|Spikes
|
|-heal|p2a: Kyurem|57/100 brn|[from] item: Leftovers
|-damage|p2a: Kyurem|50/100 brn|[from] brn
|upkeep
|turn|6
|
|t:|1758969374
|switch|p1a: Iron Crown|Iron Crown|100/100
|move|p2a: Kyurem|Freeze-Dry|p1a: Iron Crown
|-resisted|p1a: Iron Crown
|-damage|p1a: Iron Crown|83/100
|
|-heal|p2a: Kyurem|57/100 brn|[from] item: Leftovers
|-damage|p2a: Kyurem|50/100 brn|[from] brn
|upkeep
|turn|7
|
|t:|1758969379
|move|p1a: Iron Crown|Tachyon Cutter|p2a: Kyurem
|-supereffective|p2a: Kyurem
|-damage|p2a: Kyurem|0 fnt
|faint|p2a: Kyurem
|-hitcount|p2: Kyurem|1
|
|upkeep
|j| tabata toxapex
|
|t:|1758969381
|switch|p2a: Cinderace|Cinderace, M|100/100
|turn|8
|j| cryyysneasel
|
|t:|1758969385
|-end|p1a: Iron Crown|Quark Drive|[silent]
|switch|p1a: Great Tusk|Great Tusk|100/100
|move|p2a: Cinderace|Will-O-Wisp|p1a: Great Tusk|[miss]
|-miss|p2a: Cinderace|p1a: Great Tusk
|
|upkeep
|turn|9
|j| wgw2333
|
|t:|1758969391
|move|p2a: Cinderace|Will-O-Wisp|p1a: Great Tusk
|-status|p1a: Great Tusk|brn
|move|p1a: Great Tusk|Headlong Rush|p2a: Cinderace
|-supereffective|p2a: Cinderace
|-damage|p2a: Cinderace|3/100
|-unboost|p1a: Great Tusk|def|1
|-unboost|p1a: Great Tusk|spd|1
|
|-damage|p1a: Great Tusk|94/100 brn|[from] brn
|upkeep
|turn|10
|
|t:|1758969395
|move|p2a: Cinderace|Pyro Ball|p1a: Great Tusk
|-damage|p1a: Great Tusk|0 fnt
|faint|p1a: Great Tusk
|-end|p1a: Great Tusk|Protosynthesis|[silent]
|
|upkeep
|j| larp legion
|
|t:|1758969400
|switch|p1a: Samurott|Samurott-Hisui, M|66/100
|turn|11
|
|t:|1758969411
|move|p2a: Cinderace|Will-O-Wisp|p1a: Samurott
|-status|p1a: Samurott|brn
|move|p1a: Samurott|Ceaseless Edge|p2a: Cinderace|[miss]
|-miss|p1a: Samurott|p2a: Cinderace
|
|-damage|p1a: Samurott|59/100 brn|[from] brn
|upkeep
|turn|12
|l| larp legion
|
|t:|1758969416
|move|p2a: Cinderace|U-turn|p1a: Samurott
|-supereffective|p1a: Samurott
|-damage|p1a: Samurott|10/100 brn
|
|t:|1758969421
|switch|p2a: Great Tusk|Great Tusk|100/100|[from] U-turn
|-damage|p2a: Great Tusk|88/100|[from] Spikes
|move|p1a: Samurott|Ceaseless Edge|p2a: Great Tusk
|-resisted|p2a: Great Tusk
|-damage|p2a: Great Tusk|81/100
|-sidestart|p2: ybah|Spikes
|
|-heal|p2a: Great Tusk|87/100|[from] item: Leftovers
|-damage|p1a: Samurott|4/100 brn|[from] brn
|upkeep
|turn|13
|
|t:|1758969427
|switch|p1a: Club Paratwice|Zapdos|100/100
|move|p2a: Great Tusk|Rapid Spin|p1a: Club Paratwice
|-damage|p1a: Club Paratwice|87/100
|-boost|p2a: Great Tusk|spe|1
|-sideend|p2: ybah|Spikes|[from] move: Rapid Spin|[of] p2a: Great Tusk
|
|-heal|p2a: Great Tusk|93/100|[from] item: Leftovers
|upkeep
|turn|14
|j| Rizzofreko
|
|t:|1758969439
|-end|p2a: Great Tusk|Protosynthesis|[silent]
|switch|p2a: Alomomola|Alomomola, M|63/100
|move|p1a: Club Paratwice|Hurricane|p2a: Alomomola|[miss]
|-miss|p1a: Club Paratwice|p2a: Alomomola
|
|upkeep
|turn|15
|
|t:|1758969443
|move|p1a: Club Paratwice|Thunder Wave|p2a: Alomomola
|-status|p2a: Alomomola|par
|move|p2a: Alomomola|Mirror Coat||[still]
|-fail|p2a: Alomomola
|
|upkeep
|turn|16
|
|t:|1758969445
|move|p1a: Club Paratwice|Volt Switch|p2a: Alomomola
|-supereffective|p2a: Alomomola
|-damage|p2a: Alomomola|16/100 par
|
|t:|1758969448
|switch|p1a: Iron Crown|Iron Crown|83/100|[from] Volt Switch
|move|p2a: Alomomola|Flip Turn|p1a: Iron Crown
|-damage|p1a: Iron Crown|65/100
|
|t:|1758969459
|switch|p2a: Cinderace|Cinderace, M|3/100|[from] Flip Turn
|
|upkeep
|turn|17
|
|t:|1758969462
|-end|p1a: Iron Crown|Quark Drive|[silent]
|switch|p1a: Samurott|Samurott-Hisui, M|4/100 brn
|move|p2a: Cinderace|U-turn|p1a: Samurott
|-supereffective|p1a: Samurott
|-damage|p1a: Samurott|0 fnt
|faint|p1a: Samurott
|l| wgw2333
|inactive|ybah has 120 seconds left.
|
|t:|1758969505
|switch|p2a: Lokix|Lokix, M|100/100|[from] U-turn
|
|upkeep
|
|t:|1758969508
|switch|p1a: Club Paratwice|Zapdos|87/100
|turn|18
|l| Rizzofreko
|
|t:|1758969515
|switch|p2a: Alomomola|Alomomola, M|49/100 par
|move|p1a: Club Paratwice|Volt Switch|p2a: Alomomola
|-supereffective|p2a: Alomomola
|-damage|p2a: Alomomola|3/100 par
|
|t:|1758969519
|switch|p1a: Iron Crown|Iron Crown|65/100|[from] Volt Switch
|
|upkeep
|turn|19
|
|t:|1758969524
|move|p1a: Iron Crown|Tachyon Cutter|p2a: Alomomola
|-resisted|p2a: Alomomola
|-damage|p2a: Alomomola|0 fnt
|faint|p2a: Alomomola
|-hitcount|p2: Alomomola|1
|
|upkeep
|
|t:|1758969545
|switch|p2a: Lokix|Lokix, M|100/100
|turn|20
|
|t:|1758969549
|-end|p1a: Iron Crown|Quark Drive|[silent]
|switch|p1a: Club Paratwice|Zapdos|87/100
|move|p2a: Lokix|Knock Off|p1a: Club Paratwice
|-damage|p1a: Club Paratwice|36/100
|-status|p2a: Lokix|par|[from] ability: Static|[of] p1a: Club Paratwice
|-enditem|p1a: Club Paratwice|Heavy-Duty Boots|[from] move: Knock Off|[of] p2a: Lokix
|
|upkeep
|turn|21
|
|t:|1758969552
|move|p1a: Club Paratwice|Roost|p1a: Club Paratwice
|-heal|p1a: Club Paratwice|86/100
|-singleturn|p1a: Club Paratwice|move: Roost
|move|p2a: Lokix|Knock Off|p1a: Club Paratwice
|-damage|p1a: Club Paratwice|51/100
|
|upkeep
|turn|22
|
|t:|1758969555
|switch|p2a: Cinderace|Cinderace, M|3/100
|move|p1a: Club Paratwice|Roost|p1a: Club Paratwice
|-heal|p1a: Club Paratwice|100/100
|-singleturn|p1a: Club Paratwice|move: Roost
|
|upkeep
|turn|23
|
|t:|1758969559
|move|p2a: Cinderace|Pyro Ball|p1a: Club Paratwice
|-damage|p1a: Club Paratwice|42/100
|move|p1a: Club Paratwice|Thunder Wave|p2a: Cinderace|[miss]
|-miss|p1a: Club Paratwice|p2a: Cinderace
|
|upkeep
|turn|24
|
|t:|1758969564
|move|p2a: Cinderace|Pyro Ball|p1a: Club Paratwice
|-damage|p1a: Club Paratwice|0 fnt
|faint|p1a: Club Paratwice
|
|upkeep
|
|t:|1758969565
|switch|p1a: Garganacl|Garganacl, F|100/100
|turn|25
|
|t:|1758969568
|move|p2a: Cinderace|U-turn|p1a: Garganacl
|-damage|p1a: Garganacl|85/100
|
|t:|1758969570
|switch|p2a: Lokix|Lokix, M|100/100 par|[from] U-turn
|move|p1a: Garganacl|Curse|p1a: Garganacl
|-unboost|p1a: Garganacl|spe|1
|-boost|p1a: Garganacl|atk|1
|-boost|p1a: Garganacl|def|1
|
|-heal|p1a: Garganacl|91/100|[from] item: Leftovers
|upkeep
|turn|26
|
|t:|1758969572
|move|p2a: Lokix|Knock Off|p1a: Garganacl
|-damage|p1a: Garganacl|61/100
|-enditem|p1a: Garganacl|Leftovers|[from] move: Knock Off|[of] p2a: Lokix
|move|p1a: Garganacl|Curse|p1a: Garganacl
|-unboost|p1a: Garganacl|spe|1
|-boost|p1a: Garganacl|atk|1
|-boost|p1a: Garganacl|def|1
|
|upkeep
|turn|27
|
|t:|1758969575
|switch|p2a: Great Tusk|Great Tusk|93/100
|move|p1a: Garganacl|Recover|p1a: Garganacl
|-heal|p1a: Garganacl|100/100
|
|-heal|p2a: Great Tusk|99/100|[from] item: Leftovers
|upkeep
|turn|28
|
|t:|1758969578
|move|p2a: Great Tusk|Bulk Up|p2a: Great Tusk
|-boost|p2a: Great Tusk|atk|1
|-boost|p2a: Great Tusk|def|1
|move|p1a: Garganacl|Recover||[still]
|-fail|p1a: Garganacl|heal
|
|-heal|p2a: Great Tusk|100/100|[from] item: Leftovers
|upkeep
|turn|29
|
|t:|1758969586
|-terastallize|p1a: Garganacl|Water
|move|p2a: Great Tusk|Bulk Up|p2a: Great Tusk
|-boost|p2a: Great Tusk|atk|1
|-boost|p2a: Great Tusk|def|1
|move|p1a: Garganacl|Salt Cure|p2a: Great Tusk
|-resisted|p2a: Great Tusk
|-damage|p2a: Great Tusk|98/100
|-start|p2a: Great Tusk|Salt Cure
|
|-heal|p2a: Great Tusk|100/100|[from] item: Leftovers
|-damage|p2a: Great Tusk|88/100|[from] Salt Cure
|upkeep
|turn|30
|
|t:|1758969590
|move|p2a: Great Tusk|Bulk Up|p2a: Great Tusk
|-boost|p2a: Great Tusk|atk|1
|-boost|p2a: Great Tusk|def|1
|move|p1a: Garganacl|Curse|p1a: Garganacl
|-unboost|p1a: Garganacl|spe|1
|-boost|p1a: Garganacl|atk|1
|-boost|p1a: Garganacl|def|1
|
|-heal|p2a: Great Tusk|94/100|[from] item: Leftovers
|-damage|p2a: Great Tusk|82/100|[from] Salt Cure
|upkeep
|turn|31
|
|t:|1758969592
|move|p2a: Great Tusk|Bulk Up|p2a: Great Tusk
|-boost|p2a: Great Tusk|atk|1
|-boost|p2a: Great Tusk|def|1
|move|p1a: Garganacl|Curse|p1a: Garganacl
|-unboost|p1a: Garganacl|spe|1
|-boost|p1a: Garganacl|atk|1
|-boost|p1a: Garganacl|def|1
|
|-heal|p2a: Great Tusk|88/100|[from] item: Leftovers
|-damage|p2a: Great Tusk|76/100|[from] Salt Cure
|upkeep
|turn|32
|
|t:|1758969594
|move|p2a: Great Tusk|Bulk Up|p2a: Great Tusk
|-boost|p2a: Great Tusk|atk|1
|-boost|p2a: Great Tusk|def|1
|move|p1a: Garganacl|Curse|p1a: Garganacl
|-unboost|p1a: Garganacl|spe|1
|-boost|p1a: Garganacl|atk|1
|-boost|p1a: Garganacl|def|1
|
|-heal|p2a: Great Tusk|82/100|[from] item: Leftovers
|-damage|p2a: Great Tusk|70/100|[from] Salt Cure
|upkeep
|turn|33
|
|t:|1758969597
|move|p2a: Great Tusk|Bulk Up|p2a: Great Tusk
|-boost|p2a: Great Tusk|atk|1
|-boost|p2a: Great Tusk|def|1
|move|p1a: Garganacl|Curse|p1a: Garganacl
|-unboost|p1a: Garganacl|spe|1
|-boost|p1a: Garganacl|atk|1
|-boost|p1a: Garganacl|def|1
|
|-heal|p2a: Great Tusk|76/100|[from] item: Leftovers
|-damage|p2a: Great Tusk|63/100|[from] Salt Cure
|upkeep
|turn|34
|
|t:|1758969599
|move|p2a: Great Tusk|Stone Edge|p1a: Garganacl
|-damage|p1a: Garganacl|77/100
|move|p1a: Garganacl|Earthquake|p2a: Great Tusk
|-damage|p2a: Great Tusk|47/100
|
|-heal|p2a: Great Tusk|53/100|[from] item: Leftovers
|-damage|p2a: Great Tusk|41/100|[from] Salt Cure
|upkeep
|turn|35
|
|t:|1758969602
|move|p2a: Great Tusk|Stone Edge|p1a: Garganacl
|-damage|p1a: Garganacl|54/100
|move|p1a: Garganacl|Recover|p1a: Garganacl
|-heal|p1a: Garganacl|100/100
|
|-heal|p2a: Great Tusk|47/100|[from] item: Leftovers
|-damage|p2a: Great Tusk|34/100|[from] Salt Cure
|upkeep
|turn|36
|
|t:|1758969605
|move|p2a: Great Tusk|Stone Edge|p1a: Garganacl
|-damage|p1a: Garganacl|75/100
|move|p1a: Garganacl|Earthquake|p2a: Great Tusk
|-damage|p2a: Great Tusk|17/100
|
|-heal|p2a: Great Tusk|24/100|[from] item: Leftovers
|-damage|p2a: Great Tusk|11/100|[from] Salt Cure
|upkeep
|turn|37
|
|t:|1758969607
|move|p2a: Great Tusk|Stone Edge|p1a: Garganacl|[miss]
|-miss|p2a: Great Tusk|p1a: Garganacl
|move|p1a: Garganacl|Recover|p1a: Garganacl
|-heal|p1a: Garganacl|100/100
|
|-heal|p2a: Great Tusk|17/100|[from] item: Leftovers
|-damage|p2a: Great Tusk|5/100|[from] Salt Cure
|upkeep
|turn|38
|
|t:|1758969609
|move|p2a: Great Tusk|Stone Edge|p1a: Garganacl
|-crit|p1a: Garganacl
|-damage|p1a: Garganacl|0 fnt
|faint|p1a: Garganacl
|
|-heal|p2a: Great Tusk|11/100|[from] item: Leftovers
|-damage|p2a: Great Tusk|0 fnt|[from] Salt Cure
|faint|p2a: Great Tusk
|-end|p2a: Great Tusk|Protosynthesis|[silent]
|upkeep
|-message|abravioustinkaton forfeited.
|
|win|ybah
|raw|abravioustinkaton's rating: 1832 &rarr; <strong>1809</strong><br />(-23 for losing)
|raw|ybah's rating: 1780 &rarr; <strong>1803</strong><br />(+23 for winning)
|l|☆abravioustinkaton
|player|p1|
|l| cryyysneasel
|l|☆ybah
|player|p2|
|j|☆ybah
|player|p2|ybah|fisherman-gen6|
|l|☆ybah
|player|p2|
