|j|☆GuanJiazz
|j|☆Nameless Moron
|t:|1758979630
|gametype|singles
|player|p1|GuanJiazz|caitlin|1104
|player|p2|Nameless Moron|unknown|1108
|gen|9
|tier|[Gen 9] OU
|rated|
|rule|HP Percentage Mod: HP is shown in percentages
|rule|Endless Battle Clause: Forcing endless battles is banned
|rule|Species Clause: Limit one of each Pokémon
|rule|OHKO Clause: OHKO moves are banned
|rule|Evasion Items Clause: Evasion items are banned
|rule|Evasion Moves Clause: Evasion moves are banned
|rule|Evasion Abilities Clause: Evasion abilities are banned
|rule|Sleep Moves Clause: Sleep-inducing moves are banned
|clearpoke
|poke|p1|Zamazenta-*|
|poke|p1|Ogerpon-Wellspring, F|
|poke|p1|Iron Treads|
|poke|p1|Garganacl, M|
|poke|p1|Moltres|
|poke|p1|Kingambit, F|
|poke|p2|Slowking-Galar, F|
|poke|p2|Zamazenta-*|
|poke|p2|Kyurem|
|poke|p2|Cinderace, M|
|poke|p2|Iron Valiant|
|poke|p2|Great Tusk|
|teampreview
|inactive|Battle timer is ON: inactive players will automatically lose when time's up. (requested by Nameless Moron)
|inactive|Nameless Moron has 120 seconds left.
|
|t:|1758979665
|teamsize|p1|6
|teamsize|p2|6
|start
|switch|p1a: Ogerpon|Ogerpon-Wellspring, F|100/100
|switch|p2a: Cinderace|Cinderace, M|100/100
|turn|1
|
|t:|1758979681
|move|p2a: Cinderace|Trailblaze|p1a: Ogerpon
|-start|p2a: Cinderace|typechange|Grass|[from] ability: Libero
|-damage|p1a: Ogerpon|71/100
|-boost|p2a: Cinderace|spe|1
|move|p1a: Ogerpon|Ivy Cudgel|p2a: Cinderace|[anim] Ivy Cudgel Water
|-resisted|p2a: Cinderace
|-damage|p2a: Cinderace|62/100
|
|upkeep
|turn|2
|
|t:|1758979694
|switch|p1a: Moltres|Moltres|100/100
|-ability|p1a: Moltres|Pressure
|move|p2a: Cinderace|Trailblaze|p1a: Moltres
|-resisted|p1a: Moltres
|-damage|p1a: Moltres|95/100
|-boost|p2a: Cinderace|spe|1
|
|upkeep
|turn|3
|
|t:|1758979705
|move|p2a: Cinderace|U-turn|p1a: Moltres
|-resisted|p1a: Moltres
|-damage|p1a: Moltres|90/100
|
|t:|1758979713
|switch|p2a: Slowking|Slowking-Galar, F|100/100|[from] U-turn
|move|p1a: Moltres|Will-O-Wisp|p2a: Slowking|[miss]
|-miss|p1a: Moltres|p2a: Slowking
|
|upkeep
|turn|4
|
|t:|1758979726
|switch|p1a: Ogerpon|Ogerpon-Wellspring, F|71/100
|move|p2a: Slowking|Future Sight|p1a: Ogerpon
|-start|p2a: Slowking|move: Future Sight
|
|upkeep
|turn|5
|
|t:|1758979741
|move|p1a: Ogerpon|U-turn|p2a: Slowking
|-damage|p2a: Slowking|71/100
|
|t:|1758979764
|switch|p1a: Garganacl|Garganacl, M|100/100|[from] U-turn
|move|p2a: Slowking|Sludge Bomb|p1a: Garganacl
|-resisted|p1a: Garganacl
|-damage|p1a: Garganacl|87/100
|
|-heal|p1a: Garganacl|94/100|[from] item: Leftovers
|-heal|p2a: Slowking|77/100|[from] item: Leftovers
|upkeep
|turn|6
|
|t:|1758979775
|move|p1a: Garganacl|Stealth Rock|p2a: Slowking
|-sidestart|p2: Nameless Moron|move: Stealth Rock
|-prepare|p2a: Slowking|Chilly Reception|[premajor]
|move|p2a: Slowking|Chilly Reception|p2a: Slowking
|-weather|Snowscape
|
|t:|1758979785
|switch|p2a: Great Tusk|Great Tusk|100/100|[from] Chilly Reception
|-damage|p2a: Great Tusk|98/100|[from] Stealth Rock
|-enditem|p2a: Great Tusk|Booster Energy
|-activate|p2a: Great Tusk|ability: Protosynthesis|[fromitem]
|-start|p2a: Great Tusk|protosynthesisspe
|
|-weather|Snowscape|[upkeep]
|-end|p1a: Garganacl|move: Future Sight
|-damage|p1a: Garganacl|63/100
|-heal|p1a: Garganacl|69/100|[from] item: Leftovers
|upkeep
|turn|7
|
|t:|1758979797
|switch|p1a: Moltres|Moltres|90/100
|-ability|p1a: Moltres|Pressure
|move|p2a: Great Tusk|Bulk Up|p2a: Great Tusk
|-boost|p2a: Great Tusk|atk|1
|-boost|p2a: Great Tusk|def|1
|
|-weather|Snowscape|[upkeep]
|upkeep
|turn|8
|
|t:|1758979813
|move|p2a: Great Tusk|Rapid Spin|p1a: Moltres
|-damage|p1a: Moltres|72/100
|-boost|p2a: Great Tusk|spe|1
|-sideend|p2: Nameless Moron|Stealth Rock|[from] move: Rapid Spin|[of] p2a: Great Tusk
|move|p1a: Moltres|Roar|p2a: Great Tusk
|-end|p2a: Great Tusk|Protosynthesis|[silent]
|drag|p2a: Kyurem|Kyurem, shiny|100/100
|-ability|p2a: Kyurem|Pressure
|
|-weather|Snowscape|[upkeep]
|upkeep
|turn|9
|
|t:|1758979832
|switch|p2a: Slowking|Slowking-Galar, F|100/100
|switch|p1a: Garganacl|Garganacl, M|69/100
|
|-weather|Snowscape|[upkeep]
|-heal|p1a: Garganacl|75/100|[from] item: Leftovers
|upkeep
|turn|10
|
|t:|1758979844
|move|p1a: Garganacl|Stealth Rock|p2a: Slowking
|-sidestart|p2: Nameless Moron|move: Stealth Rock
|move|p2a: Slowking|Thunder Wave|p1a: Garganacl
|-immune|p1a: Garganacl|[from] ability: Purifying Salt
|
|-weather|none
|-heal|p1a: Garganacl|82/100|[from] item: Leftovers
|upkeep
|turn|11
|
|t:|1758979853
|move|p1a: Garganacl|Salt Cure|p2a: Slowking
|-damage|p2a: Slowking|85/100
|-start|p2a: Slowking|Salt Cure
|-prepare|p2a: Slowking|Chilly Reception|[premajor]
|move|p2a: Slowking|Chilly Reception|p2a: Slowking
|-weather|Snowscape
|
|t:|1758979862
|switch|p2a: Cinderace|Cinderace, M|62/100|[from] Chilly Reception
|
|-weather|Snowscape|[upkeep]
|-heal|p1a: Garganacl|88/100|[from] item: Leftovers
|upkeep
|turn|12
|
|t:|1758979872
|switch|p1a: Moltres|Moltres|72/100
|-ability|p1a: Moltres|Pressure
|move|p2a: Cinderace|Trailblaze|p1a: Moltres
|-start|p2a: Cinderace|typechange|Grass|[from] ability: Libero
|-resisted|p1a: Moltres
|-damage|p1a: Moltres|67/100
|-boost|p2a: Cinderace|spe|1
|
|-weather|Snowscape|[upkeep]
|upkeep
|turn|13
|
|t:|1758979886
|move|p2a: Cinderace|Court Change|p2a: Cinderace
|-swapsideconditions
|-activate|p2a: Cinderace|move: Court Change
|move|p1a: Moltres|Roost|p1a: Moltres
|-heal|p1a: Moltres|100/100
|-singleturn|p1a: Moltres|move: Roost
|
|-weather|Snowscape|[upkeep]
|upkeep
|turn|14
|
|t:|1758979896
|move|p2a: Cinderace|U-turn|p1a: Moltres
|-resisted|p1a: Moltres
|-damage|p1a: Moltres|96/100
|
|t:|1758979902
|switch|p2a: Slowking|Slowking-Galar, F|100/100|[from] U-turn
|move|p1a: Moltres|Will-O-Wisp|p2a: Slowking
|-status|p2a: Slowking|brn
|
|-weather|Snowscape|[upkeep]
|-damage|p2a: Slowking|94/100 brn|[from] brn
|upkeep
|turn|15
|
|t:|1758979921
|switch|p1a: Iron Treads|Iron Treads|100/100
|-damage|p1a: Iron Treads|98/100|[from] Stealth Rock
|move|p2a: Slowking|Future Sight|p1a: Iron Treads
|-start|p2a: Slowking|move: Future Sight
|
|-weather|none
|-heal|p2a: Slowking|100/100 brn|[from] item: Leftovers
|-damage|p2a: Slowking|94/100 brn|[from] brn
|upkeep
|turn|16
|
|t:|1758979931
|move|p1a: Iron Treads|Rapid Spin|p2a: Slowking
|-damage|p2a: Slowking|78/100 brn
|-boost|p1a: Iron Treads|spe|1
|-sideend|p1: GuanJiazz|Stealth Rock|[from] move: Rapid Spin|[of] p1a: Iron Treads
|-prepare|p2a: Slowking|Chilly Reception|[premajor]
|move|p2a: Slowking|Chilly Reception|p2a: Slowking
|-weather|Snowscape
|
|t:|1758979943
|switch|p2a: Great Tusk|Great Tusk|98/100|[from] Chilly Reception
|
|-weather|Snowscape|[upkeep]
|upkeep
|turn|17
|
|t:|1758979957
|move|p1a: Iron Treads|Earthquake|p2a: Great Tusk
|-damage|p2a: Great Tusk|68/100
|move|p2a: Great Tusk|Ice Spinner|p1a: Iron Treads
|-damage|p1a: Iron Treads|81/100
|
|-weather|Snowscape|[upkeep]
|-end|p1a: Iron Treads|move: Future Sight
|-resisted|p1a: Iron Treads
|-damage|p1a: Iron Treads|54/100
|upkeep
|turn|18
|
|t:|1758979973
|-end|p1a: Iron Treads|Quark Drive|[silent]
|switch|p1a: Moltres|Moltres|96/100
|-ability|p1a: Moltres|Pressure
|move|p2a: Great Tusk|Bulk Up|p2a: Great Tusk
|-boost|p2a: Great Tusk|atk|1
|-boost|p2a: Great Tusk|def|1
|
|-weather|Snowscape|[upkeep]
|upkeep
|turn|19
|
|t:|1758979986
|move|p2a: Great Tusk|Ice Spinner|p1a: Moltres
|-damage|p1a: Moltres|67/100
|move|p1a: Moltres|Will-O-Wisp|p2a: Great Tusk
|-status|p2a: Great Tusk|brn
|
|-weather|Snowscape|[upkeep]
|-damage|p2a: Great Tusk|62/100 brn|[from] brn
|upkeep
|turn|20
|
|t:|1758980001
|move|p2a: Great Tusk|Bulk Up|p2a: Great Tusk
|-boost|p2a: Great Tusk|atk|1
|-boost|p2a: Great Tusk|def|1
|move|p1a: Moltres|Roost|p1a: Moltres
|-heal|p1a: Moltres|100/100
|-singleturn|p1a: Moltres|move: Roost
|
|-weather|none
|-damage|p2a: Great Tusk|56/100 brn|[from] brn
|upkeep
|turn|21
|
|t:|1758980012
|move|p2a: Great Tusk|Ice Spinner|p1a: Moltres
|-damage|p1a: Moltres|80/100
|move|p1a: Moltres|Roar|p2a: Great Tusk
|-end|p2a: Great Tusk|Protosynthesis|[silent]
|drag|p2a: Iron Valiant|Iron Valiant|100/100
|-enditem|p2a: Iron Valiant|Booster Energy
|-activate|p2a: Iron Valiant|ability: Quark Drive|[fromitem]
|-start|p2a: Iron Valiant|quarkdrivespe
|
|upkeep
|turn|22
|
|t:|1758980022
|move|p2a: Iron Valiant|Thunderbolt|p1a: Moltres
|-supereffective|p1a: Moltres
|-damage|p1a: Moltres|31/100
|-status|p1a: Moltres|par
|move|p1a: Moltres|Will-O-Wisp|p2a: Iron Valiant
|-status|p2a: Iron Valiant|brn
|
|-damage|p2a: Iron Valiant|94/100 brn|[from] brn
|upkeep
|turn|23
|
|t:|1758980032
|move|p2a: Iron Valiant|Calm Mind|p2a: Iron Valiant
|-boost|p2a: Iron Valiant|spa|1
|-boost|p2a: Iron Valiant|spd|1
|cant|p1a: Moltres|par
|
|-damage|p2a: Iron Valiant|88/100 brn|[from] brn
|upkeep
|turn|24
|
|t:|1758980048
|move|p2a: Iron Valiant|Shadow Ball|p1a: Moltres
|-damage|p1a: Moltres|0 fnt
|faint|p1a: Moltres
|
|-damage|p2a: Iron Valiant|82/100 brn|[from] brn
|upkeep
|
|t:|1758980068
|switch|p1a: Garganacl|Garganacl, M|88/100
|turn|25
|
|t:|1758980075
|-terastallize|p1a: Garganacl|Water
|move|p2a: Iron Valiant|Moonblast|p1a: Garganacl
|-damage|p1a: Garganacl|43/100
|-unboost|p1a: Garganacl|spa|1
|move|p1a: Garganacl|Salt Cure|p2a: Iron Valiant
|-resisted|p2a: Iron Valiant
|-damage|p2a: Iron Valiant|74/100 brn
|-start|p2a: Iron Valiant|Salt Cure
|
|-heal|p1a: Garganacl|49/100|[from] item: Leftovers
|-damage|p2a: Iron Valiant|67/100 brn|[from] brn
|-damage|p2a: Iron Valiant|55/100 brn|[from] Salt Cure
|upkeep
|turn|26
|
|t:|1758980090
|-terastallize|p2a: Iron Valiant|Electric
|move|p1a: Garganacl|Protect|p1a: Garganacl
|-singleturn|p1a: Garganacl|Protect
|move|p2a: Iron Valiant|Thunderbolt|p1a: Garganacl
|-activate|p1a: Garganacl|move: Protect
|
|-heal|p1a: Garganacl|56/100|[from] item: Leftovers
|-damage|p2a: Iron Valiant|49/100 brn|[from] brn
|-damage|p2a: Iron Valiant|36/100 brn|[from] Salt Cure
|upkeep
|turn|27
|inactive|GuanJiazz has 120 seconds left.
|
|t:|1758980121
|switch|p1a: Iron Treads|Iron Treads|54/100
|move|p2a: Iron Valiant|Calm Mind|p2a: Iron Valiant
|-boost|p2a: Iron Valiant|spa|1
|-boost|p2a: Iron Valiant|spd|1
|
|-damage|p2a: Iron Valiant|30/100 brn|[from] brn
|-damage|p2a: Iron Valiant|17/100 brn|[from] Salt Cure
|upkeep
|turn|28
|inactive|GuanJiazz has 120 seconds left.
|
|t:|1758980134
|move|p2a: Iron Valiant|Shadow Ball|p1a: Iron Treads
|-damage|p1a: Iron Treads|0 fnt
|faint|p1a: Iron Treads
|-end|p1a: Iron Treads|Quark Drive|[silent]
|
|-damage|p2a: Iron Valiant|11/100 brn|[from] brn
|-damage|p2a: Iron Valiant|0 fnt|[from] Salt Cure
|faint|p2a: Iron Valiant
|-end|p2a: Iron Valiant|Quark Drive|[silent]
|upkeep
|inactive|GuanJiazz has 120 seconds left.
|
|t:|1758980153
|switch|p2a: Slowking|Slowking-Galar, F|100/100 brn
|switch|p1a: Ogerpon|Ogerpon-Wellspring, F|71/100
|turn|29
|
|t:|1758980161
|move|p1a: Ogerpon|U-turn|p2a: Slowking
|-damage|p2a: Slowking|72/100 brn
|inactive|GuanJiazz has 120 seconds left.
|
|t:|1758980178
|switch|p1a: Kingambit|Kingambit, F|100/100|[from] U-turn
|-activate|p1a: Kingambit|ability: Supreme Overlord
|-start|p1a: Kingambit|fallen2|[silent]
|move|p2a: Slowking|Thunder Wave|p1a: Kingambit
|-status|p1a: Kingambit|par
|
|-heal|p2a: Slowking|78/100 brn|[from] item: Leftovers
|-damage|p2a: Slowking|72/100 brn|[from] brn
|upkeep
|turn|30
|inactive|GuanJiazz has 120 seconds left.
|
|t:|1758980189
|move|p1a: Kingambit|Kowtow Cleave|p2a: Slowking
|-supereffective|p2a: Slowking
|-damage|p2a: Slowking|0 fnt
|faint|p2a: Slowking
|
|upkeep
|
|t:|1758980199
|switch|p2a: Great Tusk|Great Tusk|56/100 brn
|turn|31
|
|t:|1758980205
|-end|p1a: Kingambit|fallen2|[silent]
|switch|p1a: Ogerpon|Ogerpon-Wellspring, F|71/100
|move|p2a: Great Tusk|Bulk Up|p2a: Great Tusk
|-boost|p2a: Great Tusk|atk|1
|-boost|p2a: Great Tusk|def|1
|
|-damage|p2a: Great Tusk|50/100 brn|[from] brn
|upkeep
|turn|32
|
|t:|1758980213
|move|p1a: Ogerpon|Ivy Cudgel|p2a: Great Tusk|[anim] Ivy Cudgel Water
|-supereffective|p2a: Great Tusk
|-damage|p2a: Great Tusk|0 fnt
|faint|p2a: Great Tusk
|-end|p2a: Great Tusk|Protosynthesis|[silent]
|
|upkeep
|
|t:|1758980225
|switch|p2a: Zamazenta|Zamazenta|100/100
|-ability|p2a: Zamazenta|Dauntless Shield|boost
|-boost|p2a: Zamazenta|def|1
|turn|33
|
|t:|1758980233
|move|p2a: Zamazenta|Iron Defense|p2a: Zamazenta
|-boost|p2a: Zamazenta|def|2
|move|p1a: Ogerpon|U-turn|p2a: Zamazenta
|-resisted|p2a: Zamazenta
|-damage|p2a: Zamazenta|97/100
|
|t:|1758980238
|switch|p1a: Garganacl|Garganacl, M, tera:Water|56/100|[from] U-turn
|
|-heal|p2a: Zamazenta|100/100|[from] item: Leftovers
|-heal|p1a: Garganacl|62/100|[from] item: Leftovers
|upkeep
|turn|34
|
|t:|1758980246
|move|p1a: Garganacl|Protect|p1a: Garganacl
|-singleturn|p1a: Garganacl|Protect
|move|p2a: Zamazenta|Iron Defense|p2a: Zamazenta
|-boost|p2a: Zamazenta|def|2
|
|-heal|p1a: Garganacl|68/100|[from] item: Leftovers
|upkeep
|turn|35
|
|t:|1758980254
|move|p2a: Zamazenta|Body Press|p1a: Garganacl
|-damage|p1a: Garganacl|0 fnt
|faint|p1a: Garganacl
|
|upkeep
|
|t:|1758980265
|switch|p1a: Zamazenta|Zamazenta|100/100
|-ability|p1a: Zamazenta|Dauntless Shield|boost
|-boost|p1a: Zamazenta|def|1
|turn|36
|
|t:|1758980270
|move|p1a: Zamazenta|Roar|p2a: Zamazenta
|drag|p2a: Kyurem|Kyurem, shiny|100/100
|-ability|p2a: Kyurem|Pressure
|
|upkeep
|turn|37
|
|t:|1758980277
|move|p1a: Zamazenta|Iron Defense|p1a: Zamazenta
|-boost|p1a: Zamazenta|def|2
|move|p2a: Kyurem|Draco Meteor|p1a: Zamazenta|[miss]
|-miss|p2a: Kyurem|p1a: Zamazenta
|
|upkeep
|turn|38
|
|t:|1758980286
|switch|p2a: Zamazenta|Zamazenta|100/100
|move|p1a: Zamazenta|Iron Defense|p1a: Zamazenta
|-boost|p1a: Zamazenta|def|2
|
|upkeep
|turn|39
|
|t:|1758980291
|move|p1a: Zamazenta|Body Press|p2a: Zamazenta
|-damage|p2a: Zamazenta|7/100
|move|p2a: Zamazenta|Roar|p1a: Zamazenta
|drag|p1a: Ogerpon|Ogerpon-Wellspring, F|71/100
|
|-heal|p2a: Zamazenta|13/100|[from] item: Leftovers
|upkeep
|turn|40
|
|t:|1758980302
|move|p2a: Zamazenta|Body Press|p1a: Ogerpon
|-damage|p1a: Ogerpon|27/100
|move|p1a: Ogerpon|Ivy Cudgel|p2a: Zamazenta|[anim] Ivy Cudgel Water
|-damage|p2a: Zamazenta|0 fnt
|faint|p2a: Zamazenta
|
|upkeep
|
|t:|1758980310
|switch|p2a: Cinderace|Cinderace, M|62/100
|turn|41
|
|t:|1758980317
|move|p2a: Cinderace|Trailblaze|p1a: Ogerpon
|-start|p2a: Cinderace|typechange|Grass|[from] ability: Libero
|-damage|p1a: Ogerpon|0 fnt
|-boost|p2a: Cinderace|spe|1
|faint|p1a: Ogerpon
|
|upkeep
|
|t:|1758980324
|switch|p1a: Zamazenta|Zamazenta|100/100
|turn|42
|
|t:|1758980333
|move|p2a: Cinderace|Pyro Ball|p1a: Zamazenta
|-damage|p1a: Zamazenta|70/100
|move|p1a: Zamazenta|Iron Defense|p1a: Zamazenta
|-boost|p1a: Zamazenta|def|2
|
|-heal|p1a: Zamazenta|77/100|[from] item: Leftovers
|upkeep
|turn|43
|
|t:|1758980341
|move|p2a: Cinderace|U-turn|p1a: Zamazenta
|-resisted|p1a: Zamazenta
|-damage|p1a: Zamazenta|72/100
|
|t:|1758980345
|switch|p2a: Kyurem|Kyurem, shiny|100/100|[from] U-turn
|-ability|p2a: Kyurem|Pressure
|move|p1a: Zamazenta|Iron Defense|p1a: Zamazenta
|-boost|p1a: Zamazenta|def|2
|
|-heal|p1a: Zamazenta|78/100|[from] item: Leftovers
|upkeep
|turn|44
|
|t:|1758980356
|move|p1a: Zamazenta|Body Press|p2a: Kyurem
|-supereffective|p2a: Kyurem
|-damage|p2a: Kyurem|0 fnt
|faint|p2a: Kyurem
|
|-heal|p1a: Zamazenta|84/100|[from] item: Leftovers
|upkeep
|-message|Nameless Moron forfeited.
|
|win|GuanJiazz
|raw|GuanJiazz's rating: 1104 &rarr; <strong>1129</strong><br />(+25 for winning)
|raw|Nameless Moron's rating: 1108 &rarr; <strong>1083</strong><br />(-25 for losing)
