|j|‽theguyorsmth29
|j|☆thefunbegins
|t:|1758980591
|gametype|singles
|player|p1|theguyorsmth29|allister-masters|1110
|player|p2|thefunbegins|gentleman-gen4|1053
|gen|9
|tier|[Gen 9] OU
|rated|
|rule|HP Percentage Mod: HP is shown in percentages
|rule|Endless Battle Clause: Forcing endless battles is banned
|rule|Species Clause: Limit one of each Pokémon
|rule|OHKO Clause: OHKO moves are banned
|rule|Evasion Items Clause: Evasion items are banned
|rule|Evasion Moves Clause: Evasion moves are banned
|rule|Evasion Abilities Clause: Evasion abilities are banned
|rule|Sleep Moves Clause: Sleep-inducing moves are banned
|clearpoke
|poke|p1|Great Tusk|
|poke|p1|Gliscor, M|
|poke|p1|Pecharunt|
|poke|p1|Quaquaval, F|
|poke|p1|Slowking-Galar, M|
|poke|p1|Dragonite, F|
|poke|p2|Decidueye, M|
|poke|p2|Meowstic-F, F|
|poke|p2|Zapdos|
|poke|p2|Tentacruel, F|
|poke|p2|Cresselia, F|
|poke|p2|Nosepass, M|
|teampreview
|
|t:|1758980600
|teamsize|p1|6
|teamsize|p2|6
|start
|switch|p1a: Gliscor|Gliscor, M|100/100
|switch|p2a: Decidueye|Decidueye, M|100/100
|turn|1
|
|t:|1758980605
|move|p1a: Gliscor|Stealth Rock|p2a: Decidueye
|-sidestart|p2: thefunbegins|move: Stealth Rock
|move|p2a: Decidueye|Knock Off|p1a: Gliscor
|-damage|p1a: Gliscor|76/100
|-enditem|p1a: Gliscor|Toxic Orb|[from] move: Knock Off|[of] p2a: Decidueye
|
|upkeep
|turn|2
|
|t:|1758980617
|switch|p2a: Meowstic|Meowstic-F, F|100/100
|-damage|p2a: Meowstic|88/100|[from] Stealth Rock
|move|p1a: Gliscor|Knock Off|p2a: Meowstic
|-supereffective|p2a: Meowstic
|-damage|p2a: Meowstic|29/100
|-enditem|p2a: Meowstic|Throat Spray|[from] move: Knock Off|[of] p1a: Gliscor
|
|upkeep
|turn|3
|
|t:|1758980625
|move|p2a: Meowstic|Psychic|p1a: Gliscor
|-damage|p1a: Gliscor|43/100
|move|p1a: Gliscor|Knock Off|p2a: Meowstic
|-supereffective|p2a: Meowstic
|-damage|p2a: Meowstic|0 fnt
|faint|p2a: Meowstic
|
|upkeep
|
|t:|1758980638
|switch|p2a: Nosepass|Nosepass, M|100/100
|-damage|p2a: Nosepass|88/100|[from] Stealth Rock
|turn|4
|
|t:|1758980643
|move|p1a: Gliscor|Earthquake|p2a: Nosepass
|-supereffective|p2a: Nosepass
|-damage|p2a: Nosepass|47/100
|move|p2a: Nosepass|Stealth Rock|p1a: Gliscor
|-sidestart|p1: theguyorsmth29|move: Stealth Rock
|
|upkeep
|turn|5
|
|t:|1758980649
|move|p1a: Gliscor|Earthquake|p2a: Nosepass
|-supereffective|p2a: Nosepass
|-damage|p2a: Nosepass|4/100
|move|p2a: Nosepass|Pain Split|p1a: Gliscor
|-sethp|p1a: Gliscor|23/100|[from] move: Pain Split|[silent]
|-sethp|p2a: Nosepass|33/100|[from] move: Pain Split
|
|upkeep
|turn|6
|
|t:|1758980657
|switch|p2a: Cresselia|Cresselia, F|100/100
|-damage|p2a: Cresselia|88/100|[from] Stealth Rock
|move|p1a: Gliscor|Earthquake|p2a: Cresselia
|-immune|p2a: Cresselia|[from] ability: Levitate
|
|-heal|p2a: Cresselia|94/100|[from] item: Leftovers
|upkeep
|turn|7
|
|t:|1758980666
|move|p1a: Gliscor|Knock Off|p2a: Cresselia
|-supereffective|p2a: Cresselia
|-damage|p2a: Cresselia|66/100
|-enditem|p2a: Cresselia|Leftovers|[from] move: Knock Off|[of] p1a: Gliscor
|move|p2a: Cresselia|Ice Beam|p1a: Gliscor
|-supereffective|p1a: Gliscor
|-damage|p1a: Gliscor|0 fnt
|faint|p1a: Gliscor
|
|upkeep
|
|t:|1758980687
|switch|p1a: Quaquaval|Quaquaval, F|100/100
|-damage|p1a: Quaquaval|94/100|[from] Stealth Rock
|turn|8
|
|t:|1758980693
|move|p1a: Quaquaval|Aqua Step|p2a: Cresselia
|-damage|p2a: Cresselia|35/100
|-boost|p1a: Quaquaval|spe|1
|move|p2a: Cresselia|Thunder Wave|p1a: Quaquaval
|-status|p1a: Quaquaval|par
|
|upkeep
|turn|9
|
|t:|1758980701
|move|p2a: Cresselia|Moonlight|p2a: Cresselia
|-heal|p2a: Cresselia|85/100
|move|p1a: Quaquaval|Aqua Step|p2a: Cresselia
|-damage|p2a: Cresselia|56/100
|-boost|p1a: Quaquaval|spe|1
|
|upkeep
|turn|10
|
|t:|1758980710
|move|p1a: Quaquaval|Knock Off|p2a: Cresselia
|-supereffective|p2a: Cresselia
|-damage|p2a: Cresselia|22/100
|move|p2a: Cresselia|Moonlight|p2a: Cresselia
|-heal|p2a: Cresselia|72/100
|
|upkeep
|turn|11
|-message|theguyorsmth29 forfeited.
|
|win|thefunbegins
|raw|theguyorsmth29's rating: 1110 &rarr; <strong>1081</strong><br />(-29 for losing)
|raw|thefunbegins's rating: 1053 &rarr; <strong>1090</strong><br />(+37 for winning)
|l|‽theguyorsmth29
|player|p1|
|l|☆thefunbegins
|player|p2|
