|j|☆rkxks
|j|☆boxhero147
|t:|1759037642
|gametype|singles
|player|p1|rkxks|2|1278
|player|p2|boxhero147|veteran|1266
|gen|9
|tier|[Gen 9] OU
|rated|
|rule|HP Percentage Mod: HP is shown in percentages
|rule|Endless Battle Clause: Forcing endless battles is banned
|rule|Species Clause: Limit one of each Pokémon
|rule|OHKO Clause: OHKO moves are banned
|rule|Evasion Items Clause: Evasion items are banned
|rule|Evasion Moves Clause: Evasion moves are banned
|rule|Evasion Abilities Clause: Evasion abilities are banned
|rule|Sleep Moves Clause: Sleep-inducing moves are banned
|clearpoke
|poke|p1|Meowscarada, F|
|poke|p1|Alomomola, F|
|poke|p1|Gliscor, M|
|poke|p1|Glimmora, M|
|poke|p1|Dondozo, F|
|poke|p1|Kyurem|
|poke|p2|Raikou|
|poke|p2|Suicune|
|poke|p2|Entei|
|poke|p2|Zarude-Dada|
|poke|p2|Zoroark-Hisui, F|
|poke|p2|Jirachi|
|teampreview
|
|t:|1759037654
|teamsize|p1|6
|teamsize|p2|6
|start
|switch|p1a: 킬랖롤|Glimmora, M, shiny|100/100
|switch|p2a: Zarude|Zarude-Dada|100/100
|turn|1
|
|t:|1759037664
|switch|p2a: Suicune|Suicune|100/100
|move|p1a: 킬랖롤|Earth Power|p2a: Suicune
|-damage|p2a: Suicune|75/100
|
|-heal|p2a: Suicune|81/100|[from] item: Leftovers
|upkeep
|turn|2
|
|t:|1759037671
|move|p1a: 킬랖롤|Sludge Wave|p2a: Suicune
|-damage|p2a: Suicune|41/100
|move|p2a: Suicune|Scald|p1a: 킬랖롤
|-supereffective|p1a: 킬랖롤
|-damage|p1a: 킬랖롤|30/100
|-status|p1a: 킬랖롤|brn
|
|-heal|p2a: Suicune|48/100|[from] item: Leftovers
|-damage|p1a: 킬랖롤|24/100 brn|[from] brn
|upkeep
|turn|3
|
|t:|1759037675
|move|p1a: 킬랖롤|Sludge Wave|p2a: Suicune
|-damage|p2a: Suicune|7/100
|move|p2a: Suicune|Scald|p1a: 킬랖롤
|-supereffective|p1a: 킬랖롤
|-damage|p1a: 킬랖롤|0 fnt
|faint|p1a: 킬랖롤
|
|-heal|p2a: Suicune|13/100|[from] item: Leftovers
|upkeep
|
|t:|1759037686
|switch|p1a: 맛칸|Meowscarada, F, shiny|100/100
|turn|4
|
|t:|1759037689
|move|p1a: 맛칸|Knock Off|p2a: Suicune
|-start|p1a: 맛칸|typechange|Dark|[from] ability: Protean
|-damage|p2a: Suicune|0 fnt
|-enditem|p2a: Suicune|Leftovers|[from] move: Knock Off|[of] p1a: 맛칸
|faint|p2a: Suicune
|
|upkeep
|
|t:|1759037695
|switch|p2a: Zarude|Zarude-Dada|100/100
|turn|5
|
|t:|1759037703
|switch|p1a: 글랑온|Gliscor, M, shiny|100/100
|move|p2a: Zarude|U-turn|p1a: 글랑온
|-resisted|p1a: 글랑온
|-damage|p1a: 글랑온|90/100
|
|t:|1759037707
|switch|p2a: Entei|Entei|100/100|[from] U-turn
|
|-status|p1a: 글랑온|tox|[from] item: Toxic Orb
|upkeep
|turn|6
|
|t:|1759037714
|move|p2a: Entei|Hyper Voice|p1a: 글랑온
|-damage|p1a: 글랑온|37/100 tox
|move|p1a: 글랑온|Substitute|p1a: 글랑온
|-start|p1a: 글랑온|Substitute
|-damage|p1a: 글랑온|12/100 tox
|
|-heal|p1a: 글랑온|24/100 tox|[from] ability: Poison Heal
|upkeep
|turn|7
|
|t:|1759037718
|move|p1a: 글랑온|Protect|p1a: 글랑온
|-singleturn|p1a: 글랑온|Protect
|move|p2a: Entei|Hyper Voice|p1a: 글랑온
|-activate|p1a: 글랑온|move: Protect
|
|-heal|p1a: 글랑온|36/100 tox|[from] ability: Poison Heal
|upkeep
|turn|8
|
|t:|1759037726
|switch|p1a: 맘복치|Alomomola, F, shiny|100/100
|move|p2a: Entei|Hyper Voice|p1a: 맘복치
|-damage|p1a: 맘복치|80/100
|
|upkeep
|turn|9
|
|t:|1759037732
|move|p2a: Entei|Nasty Plot|p2a: Entei
|-boost|p2a: Entei|spa|2
|move|p1a: 맘복치|Scald|p2a: Entei
|-crit|p2a: Entei
|-damage|p2a: Entei|61/100
|replace|p2a: Zoroark|Zoroark-Hisui, F
|-end|p2a: Zoroark|Illusion
|
|upkeep
|turn|10
|
|t:|1759037740
|move|p2a: Zoroark|Hyper Voice|p1a: 맘복치
|-damage|p1a: 맘복치|32/100
|move|p1a: 맘복치|Scald|p2a: Zoroark
|-damage|p2a: Zoroark|34/100
|
|upkeep
|turn|11
|
|t:|1759037750
|move|p2a: Zoroark|Hyper Voice|p1a: 맘복치
|-damage|p1a: 맘복치|0 fnt
|faint|p1a: 맘복치
|
|upkeep
|
|t:|1759037753
|switch|p1a: 었럿|Dondozo, F, shiny|100/100
|turn|12
|
|t:|1759037756
|move|p2a: Zoroark|Bitter Malice|p1a: 었럿
|-damage|p1a: 었럿|62/100
|-unboost|p1a: 었럿|atk|1
|move|p1a: 었럿|Wave Crash|p2a: Zoroark
|-damage|p2a: Zoroark|0 fnt
|faint|p2a: Zoroark
|-damage|p1a: 었럿|57/100|[from] Recoil
|
|-heal|p1a: 었럿|63/100|[from] item: Leftovers
|upkeep
|
|t:|1759037759
|switch|p2a: Zarude|Zarude-Dada|100/100
|turn|13
|
|t:|1759037762
|move|p1a: 었럿|Protect|p1a: 었럿
|-singleturn|p1a: 었럿|Protect
|move|p2a: Zarude|Power Whip|p1a: 었럿
|-activate|p1a: 었럿|move: Protect
|
|-heal|p1a: 었럿|69/100|[from] item: Leftovers
|upkeep
|turn|14
|
|t:|1759037770
|switch|p1a: 큘무|Kyurem, shiny|100/100
|-ability|p1a: 큘무|Pressure
|move|p2a: Zarude|Power Whip|p1a: 큘무
|-resisted|p1a: 큘무
|-damage|p1a: 큘무|70/100
|
|upkeep
|turn|15
|
|t:|1759037776
|switch|p2a: Entei|Entei|100/100
|move|p1a: 큘무|Dragon Dance|p1a: 큘무
|-boost|p1a: 큘무|atk|1
|-boost|p1a: 큘무|spe|1
|
|upkeep
|turn|16
|
|t:|1759037782
|move|p1a: 큘무|Scale Shot|p2a: Entei
|-damage|p2a: Entei|81/100
|-damage|p2a: Entei|61/100
|-damage|p2a: Entei|40/100
|-damage|p2a: Entei|18/100
|-damage|p2a: Entei|0 fnt
|faint|p2a: Entei
|-hitcount|p2: Entei|5
|-unboost|p1a: 큘무|def|1
|-boost|p1a: 큘무|spe|1
|
|upkeep
|
|t:|1759037791
|switch|p2a: Jirachi|Jirachi|100/100
|turn|17
|
|t:|1759037796
|-terastallize|p1a: 큘무|Fire
|-terastallize|p2a: Jirachi|Fighting
|move|p1a: 큘무|Tera Blast|p2a: Jirachi|[anim] Tera Blast Fire
|-damage|p2a: Jirachi|42/100
|move|p2a: Jirachi|Body Slam|p1a: 큘무
|-damage|p1a: 큘무|36/100
|-status|p1a: 큘무|par
|
|upkeep
|turn|18
|
|t:|1759037806
|move|p2a: Jirachi|Drain Punch|p1a: 큘무
|-damage|p1a: 큘무|0 fnt
|-heal|p2a: Jirachi|63/100|[from] drain|[of] p1a: 큘무
|faint|p1a: 큘무
|
|upkeep
|
|t:|1759037810
|switch|p1a: 글랑온|Gliscor, M, shiny|36/100 tox
|turn|19
|
|t:|1759037812
|move|p1a: 글랑온|Protect|p1a: 글랑온
|-singleturn|p1a: 글랑온|Protect
|move|p2a: Jirachi|Iron Head|p1a: 글랑온
|-activate|p1a: 글랑온|move: Protect
|
|-heal|p1a: 글랑온|49/100 tox|[from] ability: Poison Heal
|upkeep
|turn|20
|
|t:|1759037815
|move|p2a: Jirachi|Iron Head|p1a: 글랑온
|-damage|p1a: 글랑온|22/100 tox
|move|p1a: 글랑온|Substitute|p1a: 글랑온
|-fail|p1a: 글랑온|move: Substitute|[weak]
|
|-heal|p1a: 글랑온|34/100 tox|[from] ability: Poison Heal
|upkeep
|turn|21
|
|t:|1759037819
|move|p1a: 글랑온|Protect|p1a: 글랑온
|-singleturn|p1a: 글랑온|Protect
|move|p2a: Jirachi|Iron Head|p1a: 글랑온
|-activate|p1a: 글랑온|move: Protect
|
|-heal|p1a: 글랑온|46/100 tox|[from] ability: Poison Heal
|upkeep
|turn|22
|
|t:|1759037822
|move|p2a: Jirachi|Iron Head|p1a: 글랑온
|-damage|p1a: 글랑온|19/100 tox
|cant|p1a: 글랑온|flinch
|
|-heal|p1a: 글랑온|32/100 tox|[from] ability: Poison Heal
|upkeep
|turn|23
|
|t:|1759037827
|move|p1a: 글랑온|Protect|p1a: 글랑온
|-singleturn|p1a: 글랑온|Protect
|move|p2a: Jirachi|Iron Head|p1a: 글랑온
|-activate|p1a: 글랑온|move: Protect
|
|-heal|p1a: 글랑온|44/100 tox|[from] ability: Poison Heal
|upkeep
|turn|24
|
|t:|1759037829
|move|p2a: Jirachi|Iron Head|p1a: 글랑온
|-damage|p1a: 글랑온|19/100 tox
|cant|p1a: 글랑온|flinch
|
|-heal|p1a: 글랑온|32/100 tox|[from] ability: Poison Heal
|upkeep
|turn|25
|
|t:|1759037835
|switch|p2a: Raikou|Raikou|100/100
|move|p1a: 글랑온|Protect||[still]
|-fail|p1a: 글랑온
|
|-heal|p1a: 글랑온|44/100 tox|[from] ability: Poison Heal
|upkeep
|turn|26
|
|t:|1759037842
|move|p1a: 글랑온|Protect|p1a: 글랑온
|-singleturn|p1a: 글랑온|Protect
|move|p2a: Raikou|Scald|p1a: 글랑온
|-activate|p1a: 글랑온|move: Protect
|
|-heal|p1a: 글랑온|56/100 tox|[from] ability: Poison Heal
|upkeep
|turn|27
|
|t:|1759037858
|switch|p1a: 맛칸|Meowscarada, F, shiny|100/100
|move|p2a: Raikou|Scald|p1a: 맛칸
|-resisted|p1a: 맛칸
|-damage|p1a: 맛칸|73/100
|
|upkeep
|turn|28
|
|t:|1759037873
|switch|p2a: Jirachi|Jirachi, tera:Fighting|63/100
|move|p1a: 맛칸|Knock Off|p2a: Jirachi
|-start|p1a: 맛칸|typechange|Dark|[from] ability: Protean
|-resisted|p2a: Jirachi
|-damage|p2a: Jirachi|29/100
|-enditem|p2a: Jirachi|Assault Vest|[from] move: Knock Off|[of] p1a: 맛칸
|
|upkeep
|turn|29
|
|t:|1759037881
|switch|p1a: 었럿|Dondozo, F, shiny|69/100
|move|p2a: Jirachi|Drain Punch|p1a: 었럿
|-damage|p1a: 었럿|55/100
|-heal|p2a: Jirachi|40/100|[from] drain|[of] p1a: 었럿
|
|-heal|p1a: 었럿|61/100|[from] item: Leftovers
|upkeep
|turn|30
|
|t:|1759037888
|move|p1a: 었럿|Protect|p1a: 었럿
|-singleturn|p1a: 었럿|Protect
|move|p2a: Jirachi|Body Slam|p1a: 었럿
|-activate|p1a: 었럿|move: Protect
|
|-heal|p1a: 었럿|67/100|[from] item: Leftovers
|upkeep
|turn|31
|
|t:|1759037893
|move|p2a: Jirachi|Iron Head|p1a: 었럿
|-resisted|p1a: 었럿
|-damage|p1a: 었럿|60/100
|cant|p1a: 었럿|flinch
|
|-heal|p1a: 었럿|66/100|[from] item: Leftovers
|upkeep
|turn|32
|
|t:|1759037897
|move|p2a: Jirachi|Body Slam|p1a: 었럿
|-damage|p1a: 었럿|55/100
|move|p1a: 었럿|Body Press|p2a: Jirachi
|-damage|p2a: Jirachi|12/100
|
|-heal|p1a: 었럿|61/100|[from] item: Leftovers
|upkeep
|turn|33
|
|t:|1759037902
|move|p2a: Jirachi|Body Slam|p1a: 었럿
|-crit|p1a: 었럿
|-damage|p1a: 었럿|45/100
|move|p1a: 었럿|Body Press|p2a: Jirachi
|-damage|p2a: Jirachi|0 fnt
|faint|p2a: Jirachi
|
|-heal|p1a: 었럿|51/100|[from] item: Leftovers
|upkeep
|
|t:|1759037907
|switch|p2a: Zarude|Zarude-Dada|100/100
|turn|34
|
|t:|1759037915
|move|p1a: 었럿|Protect|p1a: 었럿
|-singleturn|p1a: 었럿|Protect
|move|p2a: Zarude|Power Whip|p1a: 었럿
|-activate|p1a: 었럿|move: Protect
|
|-heal|p1a: 었럿|57/100|[from] item: Leftovers
|upkeep
|turn|35
|
|t:|1759037928
|switch|p1a: 맛칸|Meowscarada, F, shiny|73/100
|move|p2a: Zarude|Power Whip|p1a: 맛칸|[miss]
|-miss|p2a: Zarude|p1a: 맛칸
|
|upkeep
|turn|36
|
|t:|1759037941
|move|p2a: Zarude|Power Whip|p1a: 맛칸|[miss]
|-miss|p2a: Zarude|p1a: 맛칸
|move|p1a: 맛칸|Low Kick|p2a: Zarude
|-start|p1a: 맛칸|typechange|Fighting|[from] ability: Protean
|-supereffective|p2a: Zarude
|-damage|p2a: Zarude|0 fnt
|faint|p2a: Zarude
|
|upkeep
|
|t:|1759037947
|switch|p2a: Raikou|Raikou|100/100
|turn|37
|
|t:|1759037953
|move|p1a: 맛칸|Low Kick|p2a: Raikou
|-damage|p2a: Raikou|0 fnt
|faint|p2a: Raikou
|
|win|rkxks
|raw|rkxks's rating: 1278 &rarr; <strong>1302</strong><br />(+24 for winning)
|raw|boxhero147's rating: 1266 &rarr; <strong>1242</strong><br />(-24 for losing)
|l|☆boxhero147
|player|p2|
|l|☆rkxks
|player|p1|
