|badge|p1|bronze|gen9ou|100-6
|html|<div class="broadcast-red"><strong>This battle is required to be public due to one or more player having a season medal.</strong><br />During the public phase, you can discuss the state of the ladder <a href="/seasondiscussion">in a special chatroom.</a></div>
|uhtml|medal-msg|<div class="broadcast-blue">Curious what those medals under the avatar are? PS now has Ladder Seasons! For more information, check out the <a href="https://www.smogon.com/forums/threads/3740067/">thread on Smogon.</a></div>
|raw|<div class="broadcast-blue"><strong>This battle is required to be public due to a player having a name starting with 'medal'.</div>
|j|☆ilytrix
|j|☆puissance du feu
|t:|1759054206
|gametype|singles
|player|p1|ilytrix|n-masters|1865
|player|p2|puissance du feu|teamrocket|1803
|gen|9
|tier|[Gen 9] OU
|rated|
|rule|HP Percentage Mod: HP is shown in percentages
|rule|Endless Battle Clause: Forcing endless battles is banned
|rule|Species Clause: Limit one of each Pokémon
|rule|OHKO Clause: OHKO moves are banned
|rule|Evasion Items Clause: Evasion items are banned
|rule|Evasion Moves Clause: Evasion moves are banned
|rule|Evasion Abilities Clause: Evasion abilities are banned
|rule|Sleep Moves Clause: Sleep-inducing moves are banned
|clearpoke
|poke|p1|Ceruledge, F|
|poke|p1|Raging Bolt|
|poke|p1|Latias, F|
|poke|p1|Kyurem|
|poke|p1|Ninetales-Alola, F|
|poke|p1|Iron Moth|
|poke|p2|Torkoal, F|
|poke|p2|Great Tusk|
|poke|p2|Slither Wing|
|poke|p2|Venusaur, F|
|poke|p2|Walking Wake|
|poke|p2|Ceruledge, M|
|teampreview
|inactive|Battle timer is ON: inactive players will automatically lose when time's up. (requested by puissance du feu)
|
|t:|1759054230
|teamsize|p1|6
|teamsize|p2|6
|start
|switch|p1a: bury the light|Ceruledge, F|100/100
|switch|p2a: Salut|Walking Wake|100/100
|turn|1
|
|t:|1759054235
|move|p2a: Salut|Flip Turn|p1a: bury the light
|-supereffective|p1a: bury the light
|-damage|p1a: bury the light|59/100
|-ability|p1a: bury the light|Weak Armor|boost
|-unboost|p1a: bury the light|def|1
|-boost|p1a: bury the light|spe|2
|
|t:|1759054244
|-end|p2a: Salut|Protosynthesis|[silent]
|switch|p2a: Ranete|Great Tusk|100/100|[from] Flip Turn
|move|p1a: bury the light|Poltergeist|p2a: Ranete
|-activate|p2a: Ranete|move: Poltergeist|Leftovers
|-crit|p2a: Ranete
|-damage|p2a: Ranete|51/100
|
|-heal|p2a: Ranete|57/100|[from] item: Leftovers
|upkeep
|turn|2
|
|t:|1759054254
|-end|p2a: Ranete|Protosynthesis|[silent]
|switch|p2a: Enculoin|Torkoal, F|100/100
|-weather|SunnyDay|[from] ability: Drought|[of] p2a: Enculoin
|move|p1a: bury the light|Bitter Blade|p2a: Enculoin
|-resisted|p2a: Enculoin
|-damage|p2a: Enculoin|71/100
|-heal|p1a: bury the light|74/100|[from] drain|[of] p2a: Enculoin
|
|-weather|SunnyDay|[upkeep]
|upkeep
|turn|3
|
|t:|1759054262
|move|p1a: bury the light|Swords Dance|p1a: bury the light
|-boost|p1a: bury the light|atk|2
|move|p2a: Enculoin|Earthquake|p1a: bury the light
|-supereffective|p1a: bury the light
|-damage|p1a: bury the light|0 fnt
|faint|p1a: bury the light
|
|-weather|SunnyDay|[upkeep]
|upkeep
|
|t:|1759054267
|switch|p1a: snow bunny|Ninetales-Alola, F|100/100
|-weather|Snowscape|[from] ability: Snow Warning|[of] p1a: snow bunny
|turn|4
|
|t:|1759054272
|move|p1a: snow bunny|Aurora Veil|p1a: snow bunny
|-sidestart|p1: ilytrix|move: Aurora Veil
|move|p2a: Enculoin|Stealth Rock|p1a: snow bunny
|-sidestart|p1: ilytrix|move: Stealth Rock
|
|-weather|Snowscape|[upkeep]
|upkeep
|turn|5
|
|t:|1759054276
|switch|p1a: rng my ahh|Kyurem|100/100
|-damage|p1a: rng my ahh|76/100|[from] Stealth Rock
|-ability|p1a: rng my ahh|Pressure
|switch|p2a: Fesse|Slither Wing|100/100
|
|-weather|Snowscape|[upkeep]
|upkeep
|turn|6
|
|t:|1759054280
|move|p1a: rng my ahh|Dragon Dance|p1a: rng my ahh
|-boost|p1a: rng my ahh|atk|1
|-boost|p1a: rng my ahh|spe|1
|move|p2a: Fesse|Brick Break|p1a: rng my ahh
|-sideend|p1: ilytrix|move: Aurora Veil
|-supereffective|p1a: rng my ahh
|-damage|p1a: rng my ahh|14/100
|
|-weather|Snowscape|[upkeep]
|upkeep
|turn|7
|
|t:|1759054286
|-end|p2a: Fesse|Protosynthesis|[silent]
|switch|p2a: Enculoin|Torkoal, F|71/100
|-weather|SunnyDay|[from] ability: Drought|[of] p2a: Enculoin
|move|p1a: rng my ahh|Icicle Spear|p2a: Enculoin
|-resisted|p2a: Enculoin
|-damage|p2a: Enculoin|62/100
|-resisted|p2a: Enculoin
|-damage|p2a: Enculoin|53/100
|-resisted|p2a: Enculoin
|-damage|p2a: Enculoin|43/100
|-resisted|p2a: Enculoin
|-damage|p2a: Enculoin|34/100
|-hitcount|p2a: Enculoin|4
|
|-weather|SunnyDay|[upkeep]
|upkeep
|turn|8
|j| hgivhigi
|
|t:|1759054289
|switch|p2a: Fesse|Slither Wing|100/100
|-activate|p2a: Fesse|ability: Protosynthesis
|-start|p2a: Fesse|protosynthesisatk
|move|p1a: rng my ahh|Scale Shot|p2a: Fesse
|-damage|p2a: Fesse|76/100
|-damage|p2a: Fesse|48/100
|-damage|p2a: Fesse|23/100
|-damage|p2a: Fesse|0 fnt
|faint|p2a: Fesse
|-end|p2a: Fesse|Protosynthesis|[silent]
|-hitcount|p2: Fesse|4
|-unboost|p1a: rng my ahh|def|1
|-boost|p1a: rng my ahh|spe|1
|
|-weather|SunnyDay|[upkeep]
|upkeep
|
|t:|1759054298
|switch|p2a: Sous-couillé|Ceruledge, M|100/100
|-item|p2a: Sous-couillé|Air Balloon
|turn|9
|
|t:|1759054300
|move|p2a: Sous-couillé|Shadow Sneak|p1a: rng my ahh
|-damage|p1a: rng my ahh|0 fnt
|faint|p1a: rng my ahh
|
|-weather|SunnyDay|[upkeep]
|upkeep
|
|t:|1759054302
|switch|p1a: MoveMerchant|Iron Moth|100/100
|-damage|p1a: MoveMerchant|76/100|[from] Stealth Rock
|-enditem|p1a: MoveMerchant|Booster Energy
|-activate|p1a: MoveMerchant|ability: Quark Drive|[fromitem]
|-start|p1a: MoveMerchant|quarkdrivespe
|turn|10
|
|t:|1759054316
|move|p1a: MoveMerchant|Sludge Wave|p2a: Sous-couillé
|-resisted|p2a: Sous-couillé
|-damage|p2a: Sous-couillé|76/100
|-enditem|p2a: Sous-couillé|Air Balloon
|move|p2a: Sous-couillé|Bitter Blade|p1a: MoveMerchant
|-resisted|p1a: MoveMerchant
|-damage|p1a: MoveMerchant|10/100
|-heal|p2a: Sous-couillé|100/100|[from] drain|[of] p1a: MoveMerchant
|
|-weather|SunnyDay|[upkeep]
|upkeep
|turn|11
|
|t:|1759054322
|move|p2a: Sous-couillé|Shadow Sneak|p1a: MoveMerchant
|-damage|p1a: MoveMerchant|0 fnt
|faint|p1a: MoveMerchant
|-end|p1a: MoveMerchant|Quark Drive|[silent]
|
|-weather|SunnyDay|[upkeep]
|upkeep
|
|t:|1759054327
|switch|p1a: snow bunny|Ninetales-Alola, F|100/100
|-damage|p1a: snow bunny|76/100|[from] Stealth Rock
|-weather|Snowscape|[from] ability: Snow Warning|[of] p1a: snow bunny
|turn|12
|
|t:|1759054356
|switch|p1a: 50/50|Raging Bolt|100/100
|-damage|p1a: 50/50|88/100|[from] Stealth Rock
|-enditem|p1a: 50/50|Booster Energy
|-activate|p1a: 50/50|ability: Protosynthesis|[fromitem]
|-start|p1a: 50/50|protosynthesisspa
|switch|p2a: Enculoin|Torkoal, F|34/100
|-weather|SunnyDay|[from] ability: Drought|[of] p2a: Enculoin
|
|-weather|SunnyDay|[upkeep]
|upkeep
|turn|13
|inactive|puissance du feu has 120 seconds left.
|
|t:|1759054372
|switch|p2a: Sous-couillé|Ceruledge, M|100/100
|move|p1a: 50/50|Dragon Pulse|p2a: Sous-couillé
|-damage|p2a: Sous-couillé|34/100
|
|-weather|SunnyDay|[upkeep]
|upkeep
|turn|14
|
|t:|1759054381
|move|p2a: Sous-couillé|Shadow Sneak|p1a: 50/50
|-damage|p1a: 50/50|69/100
|move|p1a: 50/50|Dragon Pulse|p2a: Sous-couillé
|-damage|p2a: Sous-couillé|0 fnt
|faint|p2a: Sous-couillé
|
|-weather|SunnyDay|[upkeep]
|upkeep
|inactive|puissance du feu has 120 seconds left.
|
|t:|1759054394
|switch|p2a: Ayako|Venusaur, F|100/100
|turn|15
|
|t:|1759054399
|move|p2a: Ayako|Sludge Bomb|p1a: 50/50
|-damage|p1a: 50/50|30/100
|-damage|p2a: Ayako|91/100|[from] item: Life Orb
|move|p1a: 50/50|Dragon Pulse|p2a: Ayako
|-damage|p2a: Ayako|19/100
|
|-weather|SunnyDay|[upkeep]
|upkeep
|turn|16
|
|t:|1759054404
|switch|p2a: Ranete|Great Tusk|57/100
|-activate|p2a: Ranete|ability: Protosynthesis
|-start|p2a: Ranete|protosynthesisspe
|move|p1a: 50/50|Thunderclap||[still]
|-fail|p1a: 50/50
|
|-weather|SunnyDay|[upkeep]
|-heal|p2a: Ranete|64/100|[from] item: Leftovers
|upkeep
|turn|17
|
|t:|1759054409
|move|p2a: Ranete|Ice Spinner|p1a: 50/50
|-supereffective|p1a: 50/50
|-damage|p1a: 50/50|0 fnt
|faint|p1a: 50/50
|-end|p1a: 50/50|Protosynthesis|[silent]
|
|-weather|SunnyDay|[upkeep]
|-heal|p2a: Ranete|70/100|[from] item: Leftovers
|upkeep
|
|t:|1759054412
|switch|p1a: snow bunny|Ninetales-Alola, F|76/100
|-damage|p1a: snow bunny|51/100|[from] Stealth Rock
|-weather|Snowscape|[from] ability: Snow Warning|[of] p1a: snow bunny
|-end|p2a: Ranete|Protosynthesis
|turn|18
|
|t:|1759054417
|-end|p2a: Ranete|Protosynthesis|[silent]
|switch|p2a: Enculoin|Torkoal, F|34/100
|-weather|SunnyDay|[from] ability: Drought|[of] p2a: Enculoin
|move|p1a: snow bunny|Moonblast|p2a: Enculoin
|-resisted|p2a: Enculoin
|-damage|p2a: Enculoin|13/100
|-unboost|p2a: Enculoin|spa|1
|
|-weather|SunnyDay|[upkeep]
|upkeep
|turn|19
|j| cynasaurus
|
|t:|1759054442
|switch|p2a: Ranete|Great Tusk|70/100
|-activate|p2a: Ranete|ability: Protosynthesis
|-start|p2a: Ranete|protosynthesisspe
|move|p1a: snow bunny|Moonblast|p2a: Ranete
|-supereffective|p2a: Ranete
|-damage|p2a: Ranete|0 fnt
|faint|p2a: Ranete
|-end|p2a: Ranete|Protosynthesis|[silent]
|
|-weather|SunnyDay|[upkeep]
|upkeep
|
|t:|1759054448
|switch|p2a: Salut|Walking Wake|100/100
|-activate|p2a: Salut|ability: Protosynthesis
|-start|p2a: Salut|protosynthesisspe
|turn|20
|
|t:|1759054456
|-terastallize|p2a: Salut|Water
|move|p2a: Salut|Hydro Steam|p1a: snow bunny
|-damage|p1a: snow bunny|0 fnt
|faint|p1a: snow bunny
|
|-weather|SunnyDay|[upkeep]
|upkeep
|
|t:|1759054460
|switch|p1a: realpsyspam|Latias, F|100/100
|-damage|p1a: realpsyspam|88/100|[from] Stealth Rock
|turn|21
|
|t:|1759054463
|move|p2a: Salut|Hydro Steam|p1a: realpsyspam
|-resisted|p1a: realpsyspam
|-damage|p1a: realpsyspam|35/100
|move|p1a: realpsyspam|Agility|p1a: realpsyspam
|-boost|p1a: realpsyspam|spe|2
|
|-weather|SunnyDay|[upkeep]
|-heal|p1a: realpsyspam|41/100|[from] item: Leftovers
|upkeep
|turn|22
|
|t:|1759054465
|move|p1a: realpsyspam|Calm Mind|p1a: realpsyspam
|-boost|p1a: realpsyspam|spa|1
|-boost|p1a: realpsyspam|spd|1
|move|p2a: Salut|Hydro Steam|p1a: realpsyspam
|-resisted|p1a: realpsyspam
|-damage|p1a: realpsyspam|1/100
|
|-weather|SunnyDay|[upkeep]
|-heal|p1a: realpsyspam|7/100|[from] item: Leftovers
|upkeep
|turn|23
|
|t:|1759054469
|move|p1a: realpsyspam|Stored Power|p2a: Salut
|-damage|p2a: Salut|4/100
|move|p2a: Salut|Hydro Steam|p1a: realpsyspam
|-resisted|p1a: realpsyspam
|-damage|p1a: realpsyspam|0 fnt
|faint|p1a: realpsyspam
|
|win|puissance du feu
|raw|ilytrix's rating: 1865 &rarr; <strong>1841</strong><br />(-24 for losing)
|raw|puissance du feu's rating: 1803 &rarr; <strong>1827</strong><br />(+24 for winning)
|l|☆ilytrix
|player|p1|
|l| cynasaurus
|l| hgivhigi
|l|☆puissance du feu
|player|p2|
