|j|☆Awesomem2005
|j|☆teamrocketgrunt192
|t:|1759057093
|gametype|singles
|player|p1|Awesomem2005|169|1053
|player|p2|teamrocketgrunt192|rocketgruntf|1082
|gen|9
|tier|[Gen 9] OU
|rated|
|rule|HP Percentage Mod: HP is shown in percentages
|rule|Endless Battle Clause: Forcing endless battles is banned
|rule|Species Clause: Limit one of each Pokémon
|rule|OHKO Clause: OHKO moves are banned
|rule|Evasion Items Clause: Evasion items are banned
|rule|Evasion Moves Clause: Evasion moves are banned
|rule|Evasion Abilities Clause: Evasion abilities are banned
|rule|Sleep Moves Clause: Sleep-inducing moves are banned
|clearpoke
|poke|p1|Toxapex, M|
|poke|p1|Pecharunt|
|poke|p1|Iron Moth|
|poke|p1|Gengar, M|
|poke|p1|Munkidori, M|
|poke|p1|Ogerpon-Wellspring, F|
|poke|p2|Serperior, F|
|poke|p2|Lurantis, M|
|poke|p2|Garchomp, F|
|poke|p2|Heatran, F|
|poke|p2|Great Tusk|
|poke|p2|Dragapult, M|
|teampreview
|
|t:|1759057104
|teamsize|p1|6
|teamsize|p2|6
|start
|switch|p1a: Ogerpon|Ogerpon-Wellspring, F|100/100
|switch|p2a: Serperior|Serperior, F|100/100
|turn|1
|
|t:|1759057112
|move|p2a: Serperior|Glare|p1a: Ogerpon
|-status|p1a: Ogerpon|par
|cant|p1a: Ogerpon|par
|
|upkeep
|turn|2
|
|t:|1759057119
|move|p2a: Serperior|Substitute|p2a: Serperior
|-start|p2a: Serperior|Substitute
|-damage|p2a: Serperior|76/100
|cant|p1a: Ogerpon|par
|
|-heal|p2a: Serperior|82/100|[from] item: Leftovers
|upkeep
|turn|3
|
|t:|1759057125
|move|p2a: Serperior|Leaf Storm|p1a: Ogerpon
|-damage|p1a: Ogerpon|41/100 par
|-boost|p2a: Serperior|spa|2
|cant|p1a: Ogerpon|par
|
|-heal|p2a: Serperior|88/100|[from] item: Leftovers
|upkeep
|turn|4
|inactive|Battle timer is ON: inactive players will automatically lose when time's up. (requested by teamrocketgrunt192)
|
|t:|1759057134
|move|p2a: Serperior|Leaf Storm|p1a: Ogerpon
|-damage|p1a: Ogerpon|0 fnt
|-boost|p2a: Serperior|spa|2
|faint|p1a: Ogerpon
|
|-heal|p2a: Serperior|94/100|[from] item: Leftovers
|upkeep
|
|t:|1759057144
|switch|p1a: Iron Moth|Iron Moth|100/100
|-enditem|p1a: Iron Moth|Booster Energy
|-activate|p1a: Iron Moth|ability: Quark Drive|[fromitem]
|-start|p1a: Iron Moth|quarkdrivespe
|turn|5
|
|t:|1759057151
|move|p1a: Iron Moth|Toxic Spikes|p2a: Serperior
|-sidestart|p2: teamrocketgrunt192|move: Toxic Spikes
|move|p2a: Serperior|Dragon Pulse|p1a: Iron Moth
|-damage|p1a: Iron Moth|34/100
|
|-heal|p2a: Serperior|100/100|[from] item: Leftovers
|upkeep
|turn|6
|
|t:|1759057160
|move|p1a: Iron Moth|Fiery Dance|p2a: Serperior
|-supereffective|p2a: Serperior
|-end|p2a: Serperior|Substitute
|move|p2a: Serperior|Dragon Pulse|p1a: Iron Moth
|-damage|p1a: Iron Moth|0 fnt
|faint|p1a: Iron Moth
|-end|p1a: Iron Moth|Quark Drive|[silent]
|
|upkeep
|inactive|Awesomem2005 has 120 seconds left.
|
|t:|1759057214
|switch|p1a: Toxapex|Toxapex, M|100/100
|turn|7
|
|t:|1759057219
|move|p2a: Serperior|Leaf Storm|p1a: Toxapex
|-damage|p1a: Toxapex|0 fnt
|-boost|p2a: Serperior|spa|2
|faint|p1a: Toxapex
|
|upkeep
|
|t:|1759057231
|switch|p1a: Pecharunt|Pecharunt|100/100
|turn|8
|
|t:|1759057238
|move|p2a: Serperior|Substitute|p2a: Serperior
|-start|p2a: Serperior|Substitute
|-damage|p2a: Serperior|76/100
|move|p1a: Pecharunt|Malignant Chain|p2a: Serperior
|-supereffective|p2a: Serperior
|-end|p2a: Serperior|Substitute
|
|-heal|p2a: Serperior|82/100|[from] item: Leftovers
|upkeep
|turn|9
|
|t:|1759057245
|move|p2a: Serperior|Dragon Pulse|p1a: Pecharunt
|-damage|p1a: Pecharunt|23/100
|move|p1a: Pecharunt|Malignant Chain|p2a: Serperior
|-supereffective|p2a: Serperior
|-damage|p2a: Serperior|4/100
|-status|p2a: Serperior|tox
|-start|p2a: Serperior|confusion|[from] ability: Poison Puppeteer|[of] p1a: Pecharunt
|
|-heal|p2a: Serperior|10/100 tox|[from] item: Leftovers
|-damage|p2a: Serperior|4/100 tox|[from] psn
|upkeep
|turn|10
|inactive|Awesomem2005 has 120 seconds left.
|
|t:|1759057261
|-activate|p2a: Serperior|confusion
|-damage|p2a: Serperior|0 fnt|[from] confusion
|faint|p2a: Serperior
|move|p1a: Pecharunt|Recover|p1a: Pecharunt
|-heal|p1a: Pecharunt|73/100
|
|upkeep
|
|t:|1759057268
|switch|p2a: Heatran|Heatran, F|100/100
|turn|11
|inactive|Awesomem2005 has 120 seconds left.
|
|t:|1759057273
|move|p1a: Pecharunt|Malignant Chain|p2a: Heatran
|-immune|p2a: Heatran
|move|p2a: Heatran|Earth Power|p1a: Pecharunt
|-supereffective|p1a: Pecharunt
|-damage|p1a: Pecharunt|17/100
|-unboost|p1a: Pecharunt|spd|1
|
|upkeep
|turn|12
|
|t:|1759057281
|move|p1a: Pecharunt|Parting Shot|p2a: Heatran
|-unboost|p2a: Heatran|atk|1
|-unboost|p2a: Heatran|spa|1
|
|t:|1759057287
|switch|p1a: Munkidori|Munkidori, M|100/100|[from] Parting Shot
|move|p2a: Heatran|Earth Power|p1a: Munkidori
|-supereffective|p1a: Munkidori
|-damage|p1a: Munkidori|56/100
|
|upkeep
|turn|13
|
|t:|1759057303
|move|p2a: Heatran|Protect|p2a: Heatran
|-singleturn|p2a: Heatran|Protect
|move|p1a: Munkidori|Focus Blast|p2a: Heatran
|-activate|p2a: Heatran|move: Protect
|
|upkeep
|turn|14
|inactive|Awesomem2005 has 120 seconds left.
|
|t:|1759057333
|switch|p2a: Garchomp|Garchomp, F|100/100
|-status|p2a: Garchomp|psn
|move|p1a: Munkidori|Focus Blast|p2a: Garchomp
|-damage|p2a: Garchomp|64/100 psn
|
|-damage|p2a: Garchomp|52/100 psn|[from] psn
|upkeep
|turn|15
|
|t:|1759057354
|move|p1a: Munkidori|Psychic|p2a: Garchomp
|-damage|p2a: Garchomp|11/100 psn
|move|p2a: Garchomp|Stealth Rock|p1a: Munkidori
|-sidestart|p1: Awesomem2005|move: Stealth Rock
|
|-damage|p2a: Garchomp|0 fnt|[from] psn
|faint|p2a: Garchomp
|upkeep
|
|t:|1759057361
|switch|p2a: Great Tusk|Great Tusk|100/100
|-status|p2a: Great Tusk|psn
|-enditem|p2a: Great Tusk|Booster Energy
|-activate|p2a: Great Tusk|ability: Protosynthesis|[fromitem]
|-start|p2a: Great Tusk|protosynthesisatk
|turn|16
|
|t:|1759057374
|move|p1a: Munkidori|Psychic|p2a: Great Tusk
|-supereffective|p2a: Great Tusk
|-damage|p2a: Great Tusk|0 fnt
|faint|p2a: Great Tusk
|-end|p2a: Great Tusk|Protosynthesis|[silent]
|
|upkeep
|
|t:|1759057377
|switch|p2a: Lurantis|Lurantis, M|100/100
|-status|p2a: Lurantis|psn
|turn|17
|
|t:|1759057384
|move|p1a: Munkidori|Sludge Wave|p2a: Lurantis
|-supereffective|p2a: Lurantis
|-damage|p2a: Lurantis|53/100 psn
|move|p2a: Lurantis|Knock Off|p1a: Munkidori
|-supereffective|p1a: Munkidori
|-damage|p1a: Munkidori|0 fnt
|-enditem|p1a: Munkidori|Heavy-Duty Boots|[from] move: Knock Off|[of] p2a: Lurantis
|faint|p1a: Munkidori
|
|-damage|p2a: Lurantis|40/100 psn|[from] psn
|upkeep
|
|t:|1759057395
|switch|p1a: Gengar|Gengar, M|100/100
|turn|18
|
|t:|1759057398
|move|p1a: Gengar|Hex|p2a: Lurantis
|-damage|p2a: Lurantis|5/100 psn
|move|p2a: Lurantis|Knock Off|p1a: Gengar
|-supereffective|p1a: Gengar
|-damage|p1a: Gengar|12/100
|-start|p2a: Lurantis|Disable|Knock Off|[from] ability: Cursed Body|[of] p1a: Gengar
|-enditem|p1a: Gengar|Heavy-Duty Boots|[from] move: Knock Off|[of] p2a: Lurantis
|
|-damage|p2a: Lurantis|0 fnt|[from] psn
|faint|p2a: Lurantis
|upkeep
|
|t:|1759057408
|switch|p2a: Heatran|Heatran, F|100/100
|turn|19
|
|t:|1759057416
|move|p1a: Gengar|Will-O-Wisp|p2a: Heatran
|-start|p2a: Heatran|ability: Flash Fire
|move|p2a: Heatran|Flamethrower|p1a: Gengar
|-damage|p1a: Gengar|0 fnt
|faint|p1a: Gengar
|
|upkeep
|
|t:|1759057423
|switch|p1a: Pecharunt|Pecharunt|17/100
|turn|20
|
|t:|1759057427
|move|p1a: Pecharunt|Recover|p1a: Pecharunt
|-heal|p1a: Pecharunt|67/100
|move|p2a: Heatran|Flamethrower|p1a: Pecharunt
|-damage|p1a: Pecharunt|12/100
|-status|p1a: Pecharunt|brn
|
|-damage|p1a: Pecharunt|6/100 brn|[from] brn
|upkeep
|turn|21
|inactive|teamrocketgrunt192 has 120 seconds left.
|inactive|teamrocketgrunt192 has 90 seconds left.
|inactive|teamrocketgrunt192 has 60 seconds left.
|l|☆teamrocketgrunt192
|inactive|teamrocketgrunt192 disconnected and has a minute to reconnect!
|player|p2|
|inactive|teamrocketgrunt192 has 30 seconds left.
|inactive|teamrocketgrunt192 has 20 seconds left.
|inactive|teamrocketgrunt192 has 15 seconds left.
|inactive|teamrocketgrunt192 has 10 seconds left.
|inactive|teamrocketgrunt192 has 5 seconds left.
|-message|teamrocketgrunt192 lost due to inactivity.
|
|win|Awesomem2005
|raw|Awesomem2005's rating: 1053 &rarr; <strong>1088</strong><br />(+35 for winning)
|raw|teamrocketgrunt192's rating: 1082 &rarr; <strong>1058</strong><br />(-24 for losing)
|l|☆Awesomem2005
|player|p1|
