|j|‽DeadlockedTheory
|j|☆Mr_Stonks0406
|t:|1759035651
|gametype|singles
|player|p1|DeadlockedTheory|1|1243
|player|p2|Mr_Stonks0406|rocketgrunt|1210
|gen|9
|tier|[Gen 9] OU
|rated|
|rule|HP Percentage Mod: HP is shown in percentages
|rule|Endless Battle Clause: Forcing endless battles is banned
|rule|Species Clause: Limit one of each Pokémon
|rule|OHKO Clause: OHKO moves are banned
|rule|Evasion Items Clause: Evasion items are banned
|rule|Evasion Moves Clause: Evasion moves are banned
|rule|Evasion Abilities Clause: Evasion abilities are banned
|rule|Sleep Moves Clause: Sleep-inducing moves are banned
|clearpoke
|poke|p1|Lokix, F|
|poke|p1|Cinderace, M|
|poke|p1|Great Tusk|
|poke|p1|Alomomola, M|
|poke|p1|Enamorus, F|
|poke|p1|Slowking-Galar, M|
|poke|p2|Quagsire, F|
|poke|p2|Blissey, F|
|poke|p2|Toxapex, F|
|poke|p2|Sinistcha|
|poke|p2|Gliscor, M|
|poke|p2|Corviknight, F|
|teampreview
|inactive|Battle timer is ON: inactive players will automatically lose when time's up. (requested by Mr_Stonks0406)
|
|t:|1759035653
|teamsize|p1|6
|teamsize|p2|6
|start
|switch|p1a: Lokix|Lokix, F|100/100
|switch|p2a: Greninga|Quagsire, F|100/100
|turn|1
|
|t:|1759035664
|move|p1a: Lokix|Knock Off|p2a: Greninga
|-damage|p2a: Greninga|55/100
|-enditem|p2a: Greninga|Heavy-Duty Boots|[from] move: Knock Off|[of] p1a: Lokix
|move|p2a: Greninga|Toxic|p1a: Lokix|[miss]
|-miss|p2a: Greninga|p1a: Lokix
|
|upkeep
|turn|2
|
|t:|1759035674
|switch|p1a: Slowking|Slowking-Galar, M|100/100
|move|p2a: Greninga|Toxic|p1a: Slowking
|-immune|p1a: Slowking
|
|upkeep
|turn|3
|
|t:|1759035683
|move|p2a: Greninga|Earthquake|p1a: Slowking
|-supereffective|p1a: Slowking
|-enditem|p1a: Slowking|Shuca Berry|[eat]
|-enditem|p1a: Slowking|Shuca Berry|[weaken]
|-damage|p1a: Slowking|78/100
|move|p1a: Slowking|Future Sight|p2a: Greninga
|-start|p1a: Slowking|move: Future Sight
|
|upkeep
|turn|4
|
|t:|1759035691
|move|p2a: Greninga|Earthquake|p1a: Slowking
|-supereffective|p1a: Slowking
|-damage|p1a: Slowking|30/100
|-prepare|p1a: Slowking|Chilly Reception|[premajor]
|move|p1a: Slowking|Chilly Reception|p1a: Slowking
|-weather|Snowscape
|
|t:|1759035709
|switch|p1a: Lokix|Lokix, F|100/100|[from] Chilly Reception
|
|-weather|Snowscape|[upkeep]
|upkeep
|turn|5
|inactive|Mr_Stonks0406 has 120 seconds left.
|
|t:|1759035750
|switch|p2a: Raven|Corviknight, F, shiny|100/100
|-ability|p2a: Raven|Pressure
|move|p1a: Lokix|First Impression|p2a: Raven
|-resisted|p2a: Raven
|-damage|p2a: Raven|77/100
|
|-weather|Snowscape|[upkeep]
|-end|p2a: Raven|move: Future Sight
|-resisted|p2a: Raven
|-damage|p2a: Raven|54/100
|upkeep
|turn|6
|
|t:|1759035764
|switch|p1a: Cinderace|Cinderace, M|100/100
|move|p2a: Raven|Roost|p2a: Raven
|-heal|p2a: Raven|100/100
|-singleturn|p2a: Raven|move: Roost
|
|-weather|Snowscape|[upkeep]
|upkeep
|turn|7
|
|t:|1759035788
|switch|p2a: Greninga|Quagsire, F|55/100
|move|p1a: Cinderace|Will-O-Wisp|p2a: Greninga|[miss]
|-miss|p1a: Cinderace|p2a: Greninga
|
|-weather|Snowscape|[upkeep]
|upkeep
|turn|8
|
|t:|1759035795
|move|p1a: Cinderace|U-turn|p2a: Greninga
|-damage|p2a: Greninga|43/100
|
|t:|1759035798
|switch|p1a: Slowking|Slowking-Galar, M|64/100|[from] U-turn
|move|p2a: Greninga|Recover|p2a: Greninga
|-heal|p2a: Greninga|93/100
|
|-weather|none
|upkeep
|turn|9
|
|t:|1759035808
|move|p2a: Greninga|Stealth Rock|p1a: Slowking
|-sidestart|p1: DeadlockedTheory|move: Stealth Rock
|-prepare|p1a: Slowking|Chilly Reception|[premajor]
|move|p1a: Slowking|Chilly Reception|p1a: Slowking
|-weather|Snowscape
|
|t:|1759035813
|switch|p1a: Cinderace|Cinderace, M|100/100|[from] Chilly Reception
|
|-weather|Snowscape|[upkeep]
|upkeep
|turn|10
|inactive|Mr_Stonks0406 has 120 seconds left.
|
|t:|1759035820
|move|p1a: Cinderace|Will-O-Wisp|p2a: Greninga
|-status|p2a: Greninga|brn
|move|p2a: Greninga|Earthquake|p1a: Cinderace
|-supereffective|p1a: Cinderace
|-damage|p1a: Cinderace|61/100
|
|-weather|Snowscape|[upkeep]
|-damage|p2a: Greninga|87/100 brn|[from] brn
|upkeep
|turn|11
|
|t:|1759035828
|move|p1a: Cinderace|Court Change|p1a: Cinderace
|-swapsideconditions
|-activate|p1a: Cinderace|move: Court Change
|move|p2a: Greninga|Toxic|p1a: Cinderace
|-status|p1a: Cinderace|tox
|
|-weather|Snowscape|[upkeep]
|-damage|p1a: Cinderace|55/100 tox|[from] psn
|-damage|p2a: Greninga|81/100 brn|[from] brn
|upkeep
|turn|12
|
|t:|1759035837
|move|p1a: Cinderace|U-turn|p2a: Greninga
|-damage|p2a: Greninga|68/100 brn
|
|t:|1759035840
|switch|p1a: Slowking|Slowking-Galar, M|97/100|[from] U-turn
|move|p2a: Greninga|Stealth Rock|p1a: Slowking
|-sidestart|p1: DeadlockedTheory|move: Stealth Rock
|
|-weather|Snowscape|[upkeep]
|-damage|p2a: Greninga|62/100 brn|[from] brn
|upkeep
|turn|13
|
|t:|1759035847
|move|p2a: Greninga|Recover|p2a: Greninga
|-heal|p2a: Greninga|100/100 brn
|move|p1a: Slowking|Future Sight|p2a: Greninga
|-start|p1a: Slowking|move: Future Sight
|
|-weather|none
|-damage|p2a: Greninga|94/100 brn|[from] brn
|upkeep
|turn|14
|
|t:|1759035854
|move|p2a: Greninga|Toxic|p1a: Slowking
|-immune|p1a: Slowking
|move|p1a: Slowking|Ice Beam|p2a: Greninga
|-damage|p2a: Greninga|67/100 brn
|
|-damage|p2a: Greninga|61/100 brn|[from] brn
|upkeep
|turn|15
|
|t:|1759035864
|switch|p1a: Cinderace|Cinderace, M|55/100 tox
|move|p2a: Greninga|Recover|p2a: Greninga
|-heal|p2a: Greninga|100/100 brn
|
|-end|p2a: Greninga|move: Future Sight
|-damage|p2a: Greninga|42/100 brn
|-damage|p1a: Cinderace|49/100 tox|[from] psn
|-damage|p2a: Greninga|36/100 brn|[from] brn
|upkeep
|turn|16
|
|t:|1759035876
|move|p1a: Cinderace|U-turn|p2a: Greninga
|-damage|p2a: Greninga|22/100 brn
|
|t:|1759035889
|switch|p1a: Enamorus|Enamorus, F|100/100|[from] U-turn
|-damage|p1a: Enamorus|76/100|[from] Stealth Rock
|move|p2a: Greninga|Recover|p2a: Greninga
|-heal|p2a: Greninga|72/100 brn
|
|-damage|p2a: Greninga|66/100 brn|[from] brn
|upkeep
|turn|17
|
|t:|1759035904
|move|p1a: Enamorus|Moonblast|p2a: Greninga
|-damage|p2a: Greninga|4/100 brn
|move|p2a: Greninga|Toxic|p1a: Enamorus
|-status|p1a: Enamorus|tox
|
|-damage|p1a: Enamorus|69/100 tox|[from] psn
|-damage|p2a: Greninga|0 fnt|[from] brn
|faint|p2a: Greninga
|upkeep
|
|t:|1759035928
|switch|p2a: Prickly|Toxapex, F|100/100
|turn|18
|
|t:|1759035938
|switch|p1a: Cinderace|Cinderace, M|49/100 tox
|move|p2a: Prickly|Toxic|p1a: Cinderace
|-fail|p1a: Cinderace|tox
|
|-damage|p1a: Cinderace|43/100 tox|[from] psn
|upkeep
|turn|19
|
|t:|1759035951
|move|p1a: Cinderace|U-turn|p2a: Prickly
|-resisted|p2a: Prickly
|-damage|p2a: Prickly|94/100
|
|t:|1759035955
|switch|p1a: Alomomola|Alomomola, M|100/100|[from] U-turn
|-damage|p1a: Alomomola|88/100|[from] Stealth Rock
|move|p2a: Prickly|Lunge|p1a: Alomomola
|-damage|p1a: Alomomola|79/100
|-unboost|p1a: Alomomola|atk|1
|
|upkeep
|turn|20
|
|t:|1759035964
|move|p1a: Alomomola|Flip Turn|p2a: Prickly
|-resisted|p2a: Prickly
|-damage|p2a: Prickly|89/100
|
|t:|1759035988
|switch|p1a: Slowking|Slowking-Galar, M|100/100|[from] Flip Turn
|-damage|p1a: Slowking|88/100|[from] Stealth Rock
|move|p2a: Prickly|Toxic|p1a: Slowking
|-immune|p1a: Slowking
|
|upkeep
|turn|21
|
|t:|1759036015
|switch|p2a: Lobster|Gliscor, M|100/100
|-damage|p2a: Lobster|88/100|[from] Stealth Rock
|move|p1a: Slowking|Future Sight|p2a: Lobster
|-start|p1a: Slowking|move: Future Sight
|
|-status|p2a: Lobster|tox|[from] item: Toxic Orb
|upkeep
|turn|22
|
|t:|1759036027
|move|p2a: Lobster|Spikes|p1a: Slowking
|-sidestart|p1: DeadlockedTheory|Spikes
|move|p1a: Slowking|Ice Beam|p2a: Lobster
|-supereffective|p2a: Lobster
|-damage|p2a: Lobster|10/100 tox
|
|-heal|p2a: Lobster|22/100 tox|[from] ability: Poison Heal
|upkeep
|turn|23
|
|t:|1759036041
|switch|p2a: Chungus|Blissey, F|100/100
|switch|p1a: Great Tusk|Great Tusk|100/100
|-damage|p1a: Great Tusk|98/100|[from] Stealth Rock
|-damage|p1a: Great Tusk|85/100|[from] Spikes
|
|-end|p2a: Chungus|move: Future Sight
|-damage|p2a: Chungus|87/100
|-heal|p1a: Great Tusk|91/100|[from] item: Leftovers
|upkeep
|turn|24
|
|t:|1759036058
|switch|p2a: Matcha|Sinistcha|100/100
|move|p1a: Great Tusk|Knock Off|p2a: Matcha
|-supereffective|p2a: Matcha
|-damage|p2a: Matcha|63/100
|-enditem|p2a: Matcha|Heavy-Duty Boots|[from] move: Knock Off|[of] p1a: Great Tusk
|
|-heal|p1a: Great Tusk|98/100|[from] item: Leftovers
|upkeep
|turn|25
|
|t:|1759036076
|-end|p1a: Great Tusk|Protosynthesis|[silent]
|switch|p1a: Cinderace|Cinderace, M|43/100 tox
|move|p2a: Matcha|Strength Sap|p1a: Cinderace
|-unboost|p1a: Cinderace|atk|1
|-heal|p2a: Matcha|100/100
|
|-damage|p1a: Cinderace|37/100 tox|[from] psn
|upkeep
|turn|26
|inactive|Mr_Stonks0406 has 120 seconds left.
|
|t:|1759036099
|switch|p2a: Prickly|Toxapex, F|100/100
|move|p1a: Cinderace|Court Change|p1a: Cinderace
|-swapsideconditions
|-activate|p1a: Cinderace|move: Court Change
|
|-damage|p1a: Cinderace|25/100 tox|[from] psn
|upkeep
|turn|27
|
|t:|1759036109
|switch|p2a: Raven|Corviknight, F, shiny|100/100
|-ability|p2a: Raven|Pressure
|move|p1a: Cinderace|U-turn|p2a: Raven
|-resisted|p2a: Raven
|-damage|p2a: Raven|99/100
|
|t:|1759036124
|switch|p1a: Great Tusk|Great Tusk|98/100|[from] U-turn
|-damage|p1a: Great Tusk|95/100|[from] Stealth Rock
|
|-heal|p1a: Great Tusk|100/100|[from] item: Leftovers
|upkeep
|turn|28
|inactive|Mr_Stonks0406 has 120 seconds left.
|
|t:|1759036152
|move|p1a: Great Tusk|Rapid Spin|p2a: Raven
|-resisted|p2a: Raven
|-damage|p2a: Raven|93/100
|-boost|p1a: Great Tusk|spe|1
|-sideend|p1: DeadlockedTheory|Stealth Rock|[from] move: Rapid Spin|[of] p1a: Great Tusk
|move|p2a: Raven|Defog|p1a: Great Tusk
|-unboost|p1a: Great Tusk|evasion|1
|-sideend|p2: Mr_Stonks0406|Spikes|[from] move: Defog|[of] p2a: Raven
|-sideend|p2: Mr_Stonks0406|Stealth Rock|[from] move: Defog|[of] p2a: Raven
|
|upkeep
|turn|29
|inactive|Mr_Stonks0406 has 120 seconds left.
|
|t:|1759036176
|move|p1a: Great Tusk|Bulk Up|p1a: Great Tusk
|-boost|p1a: Great Tusk|atk|1
|-boost|p1a: Great Tusk|def|1
|move|p2a: Raven|Iron Defense|p2a: Raven
|-boost|p2a: Raven|def|2
|
|upkeep
|turn|30
|
|t:|1759036183
|move|p1a: Great Tusk|Bulk Up|p1a: Great Tusk
|-boost|p1a: Great Tusk|atk|1
|-boost|p1a: Great Tusk|def|1
|move|p2a: Raven|Iron Defense|p2a: Raven
|-boost|p2a: Raven|def|2
|
|upkeep
|turn|31
|inactive|Mr_Stonks0406 has 120 seconds left.
|
|t:|1759036190
|move|p1a: Great Tusk|Bulk Up|p1a: Great Tusk
|-boost|p1a: Great Tusk|atk|1
|-boost|p1a: Great Tusk|def|1
|move|p2a: Raven|Body Press|p1a: Great Tusk
|-damage|p1a: Great Tusk|85/100
|
|-heal|p1a: Great Tusk|91/100|[from] item: Leftovers
|upkeep
|turn|32
|inactive|Mr_Stonks0406 has 120 seconds left.
|
|t:|1759036229
|move|p1a: Great Tusk|Bulk Up|p1a: Great Tusk
|-boost|p1a: Great Tusk|atk|1
|-boost|p1a: Great Tusk|def|1
|move|p2a: Raven|Iron Defense|p2a: Raven
|-boost|p2a: Raven|def|2
|
|-heal|p1a: Great Tusk|98/100|[from] item: Leftovers
|upkeep
|turn|33
|
|t:|1759036237
|move|p1a: Great Tusk|Bulk Up|p1a: Great Tusk
|-boost|p1a: Great Tusk|atk|1
|-boost|p1a: Great Tusk|def|1
|move|p2a: Raven|Body Press|p1a: Great Tusk
|-crit|p1a: Great Tusk
|-damage|p1a: Great Tusk|18/100
|
|-heal|p1a: Great Tusk|24/100|[from] item: Leftovers
|upkeep
|turn|34
|
|t:|1759036246
|move|p1a: Great Tusk|Bulk Up|p1a: Great Tusk
|-boost|p1a: Great Tusk|atk|1
|-boost|p1a: Great Tusk|def|1
|move|p2a: Raven|Body Press|p1a: Great Tusk
|-damage|p1a: Great Tusk|11/100
|
|-heal|p1a: Great Tusk|17/100|[from] item: Leftovers
|upkeep
|turn|35
|
|t:|1759036254
|move|p1a: Great Tusk|Knock Off|p2a: Raven
|-damage|p2a: Raven|73/100
|-enditem|p2a: Raven|Heavy-Duty Boots|[from] move: Knock Off|[of] p1a: Great Tusk
|move|p2a: Raven|Body Press|p1a: Great Tusk
|-damage|p1a: Great Tusk|3/100
|
|-heal|p1a: Great Tusk|9/100|[from] item: Leftovers
|upkeep
|turn|36
|-message|DeadlockedTheory forfeited.
|
|win|Mr_Stonks0406
|raw|DeadlockedTheory's rating: 1243 &rarr; <strong>1216</strong><br />(-27 for losing)
|raw|Mr_Stonks0406's rating: 1210 &rarr; <strong>1237</strong><br />(+27 for winning)
|c|☆Mr_Stonks0406|bruh that crit saved my ass
|l|‽DeadlockedTheory
|player|p1|
|l|☆Mr_Stonks0406
|player|p2|
