|j|☆koljip
|j|☆eliaslsblessed
|t:|1758993171
|gametype|singles
|player|p1|koljip|101|1216
|player|p2|eliaslsblessed|170|1263
|gen|9
|tier|[Gen 9] OU
|rated|
|rule|HP Percentage Mod: HP is shown in percentages
|rule|Endless Battle Clause: Forcing endless battles is banned
|rule|Species Clause: Limit one of each Pokémon
|rule|OHKO Clause: OHKO moves are banned
|rule|Evasion Items Clause: Evasion items are banned
|rule|Evasion Moves Clause: Evasion moves are banned
|rule|Evasion Abilities Clause: Evasion abilities are banned
|rule|Sleep Moves Clause: Sleep-inducing moves are banned
|clearpoke
|poke|p1|Iron Crown|
|poke|p1|Probopass, M|
|poke|p1|Pelipper, M|
|poke|p1|Keldeo-Resolute|
|poke|p1|Overqwil, M|
|poke|p1|Lapras, M|
|poke|p2|Slowking-Galar, M|
|poke|p2|Dragapult, F|
|poke|p2|Garganacl, M|
|poke|p2|Rillaboom, M|
|poke|p2|Great Tusk|
|poke|p2|Darkrai|
|teampreview
|
|t:|1758993183
|teamsize|p1|6
|teamsize|p2|6
|start
|switch|p1a: Pelipper|Pelipper, M|100/100
|switch|p2a: Dragapult|Dragapult, F, shiny|100/100
|-weather|RainDance|[from] ability: Drizzle|[of] p1a: Pelipper
|turn|1
|
|t:|1758993192
|move|p2a: Dragapult|Thunderbolt|p1a: Pelipper
|-supereffective|p1a: Pelipper
|-damage|p1a: Pelipper|0 fnt
|faint|p1a: Pelipper
|
|-weather|RainDance|[upkeep]
|upkeep
|
|t:|1758993195
|switch|p1a: Lapras|Lapras, M|100/100
|turn|2
|
|t:|1758993211
|switch|p2a: Slowking|Slowking-Galar, M, shiny|100/100
|move|p1a: Lapras|Dragon Dance|p1a: Lapras
|-boost|p1a: Lapras|atk|1
|-boost|p1a: Lapras|spe|1
|
|-weather|RainDance|[upkeep]
|upkeep
|turn|3
|
|t:|1758993221
|move|p1a: Lapras|Liquidation|p2a: Slowking
|-damage|p2a: Slowking|20/100
|move|p2a: Slowking|Sludge Bomb|p1a: Lapras
|-damage|p1a: Lapras|74/100
|
|-weather|RainDance|[upkeep]
|upkeep
|turn|4
|
|t:|1758993237
|switch|p2a: Rillaboom|Rillaboom, M, shiny|100/100
|-fieldstart|move: Grassy Terrain|[from] ability: Grassy Surge|[of] p2a: Rillaboom
|move|p1a: Lapras|Dragon Dance|p1a: Lapras
|-boost|p1a: Lapras|atk|1
|-boost|p1a: Lapras|spe|1
|
|-weather|RainDance|[upkeep]
|-heal|p1a: Lapras|80/100|[from] Grassy Terrain
|upkeep
|turn|5
|
|t:|1758993252
|switch|p2a: Garganacl|Garganacl, M, shiny|100/100
|move|p1a: Lapras|Icicle Spear|p2a: Garganacl
|-damage|p2a: Garganacl|88/100
|-damage|p2a: Garganacl|76/100
|-damage|p2a: Garganacl|64/100
|-damage|p2a: Garganacl|50/100
|-damage|p2a: Garganacl|36/100
|-hitcount|p2a: Garganacl|5
|
|-weather|RainDance|[upkeep]
|-heal|p1a: Lapras|86/100|[from] Grassy Terrain
|-heal|p2a: Garganacl|43/100|[from] Grassy Terrain
|-heal|p2a: Garganacl|49/100|[from] item: Leftovers
|upkeep
|turn|6
|
|t:|1758993261
|move|p2a: Garganacl|Protect|p2a: Garganacl
|-singleturn|p2a: Garganacl|Protect
|move|p1a: Lapras|Liquidation|p2a: Garganacl
|-activate|p2a: Garganacl|move: Protect
|
|-weather|RainDance|[upkeep]
|-heal|p1a: Lapras|93/100|[from] Grassy Terrain
|-heal|p2a: Garganacl|55/100|[from] Grassy Terrain
|-heal|p2a: Garganacl|61/100|[from] item: Leftovers
|upkeep
|turn|7
|
|t:|1758993268
|switch|p2a: Rillaboom|Rillaboom, M, shiny|100/100
|move|p1a: Lapras|Liquidation|p2a: Rillaboom
|-resisted|p2a: Rillaboom
|-damage|p2a: Rillaboom|49/100
|
|-weather|RainDance|[upkeep]
|-heal|p1a: Lapras|99/100|[from] Grassy Terrain
|-heal|p2a: Rillaboom|55/100|[from] Grassy Terrain
|upkeep
|turn|8
|inactive|Battle timer is ON: inactive players will automatically lose when time's up. (requested by koljip)
|
|t:|1758993298
|switch|p2a: Slowking|Slowking-Galar, M, shiny|53/100
|move|p1a: Lapras|Dragon Dance|p1a: Lapras
|-boost|p1a: Lapras|atk|1
|-boost|p1a: Lapras|spe|1
|
|-weather|none
|-heal|p1a: Lapras|100/100|[from] Grassy Terrain
|-heal|p2a: Slowking|59/100|[from] Grassy Terrain
|-fieldend|move: Grassy Terrain
|upkeep
|turn|9
|
|t:|1758993304
|move|p1a: Lapras|Liquidation|p2a: Slowking
|-damage|p2a: Slowking|0 fnt
|faint|p2a: Slowking
|
|upkeep
|
|t:|1758993324
|switch|p2a: Dragapult|Dragapult, F, shiny|100/100
|turn|10
|
|t:|1758993328
|move|p2a: Dragapult|Thunderbolt|p1a: Lapras
|-supereffective|p1a: Lapras
|-damage|p1a: Lapras|44/100
|-status|p1a: Lapras|par
|move|p1a: Lapras|Icicle Spear|p2a: Dragapult
|-supereffective|p2a: Dragapult
|-damage|p2a: Dragapult|29/100
|-supereffective|p2a: Dragapult
|-damage|p2a: Dragapult|0 fnt
|faint|p2a: Dragapult
|-hitcount|p2: Dragapult|2
|
|upkeep
|
|t:|1758993340
|switch|p2a: Rillaboom|Rillaboom, M, shiny|55/100
|-fieldstart|move: Grassy Terrain|[from] ability: Grassy Surge|[of] p2a: Rillaboom
|turn|11
|
|t:|1758993344
|move|p2a: Rillaboom|Grassy Glide|p1a: Lapras
|-supereffective|p1a: Lapras
|-damage|p1a: Lapras|0 fnt
|faint|p1a: Lapras
|
|-heal|p2a: Rillaboom|61/100|[from] Grassy Terrain
|upkeep
|
|t:|1758993357
|switch|p1a: Overqwil|Overqwil, M|100/100
|turn|12
|
|t:|1758993362
|switch|p2a: Great Tusk|Great Tusk, shiny|100/100
|move|p1a: Overqwil|Swords Dance|p1a: Overqwil
|-boost|p1a: Overqwil|atk|2
|
|upkeep
|turn|13
|
|t:|1758993369
|-terastallize|p1a: Overqwil|Water
|move|p2a: Great Tusk|Headlong Rush|p1a: Overqwil
|-damage|p1a: Overqwil|23/100
|-unboost|p2a: Great Tusk|def|1
|-unboost|p2a: Great Tusk|spd|1
|move|p1a: Overqwil|Waterfall|p2a: Great Tusk
|-supereffective|p2a: Great Tusk
|-damage|p2a: Great Tusk|0 fnt
|faint|p2a: Great Tusk
|-end|p2a: Great Tusk|Protosynthesis|[silent]
|
|-heal|p1a: Overqwil|29/100|[from] Grassy Terrain
|upkeep
|
|t:|1758993376
|switch|p2a: Rillaboom|Rillaboom, M, shiny|61/100
|turn|14
|
|t:|1758993403
|switch|p1a: Probopass|Probopass, M|100/100
|-terastallize|p2a: Rillaboom|Grass
|move|p2a: Rillaboom|Grassy Glide|p1a: Probopass
|-damage|p1a: Probopass|47/100
|
|-heal|p2a: Rillaboom|67/100|[from] Grassy Terrain
|-heal|p1a: Probopass|53/100|[from] Grassy Terrain
|-heal|p1a: Probopass|59/100|[from] item: Leftovers
|upkeep
|turn|15
|
|t:|1758993423
|switch|p2a: Garganacl|Garganacl, M, shiny|61/100
|move|p1a: Probopass|Body Press|p2a: Garganacl
|-supereffective|p2a: Garganacl
|-damage|p2a: Garganacl|25/100
|
|-heal|p1a: Probopass|65/100|[from] Grassy Terrain
|-heal|p1a: Probopass|71/100|[from] item: Leftovers
|-heal|p2a: Garganacl|31/100|[from] Grassy Terrain
|-heal|p2a: Garganacl|37/100|[from] item: Leftovers
|-fieldend|move: Grassy Terrain
|upkeep
|turn|16
|
|t:|1758993430
|move|p1a: Probopass|Iron Defense|p1a: Probopass
|-boost|p1a: Probopass|def|2
|move|p2a: Garganacl|Recover|p2a: Garganacl
|-heal|p2a: Garganacl|87/100
|
|-heal|p1a: Probopass|78/100|[from] item: Leftovers
|-heal|p2a: Garganacl|94/100|[from] item: Leftovers
|upkeep
|turn|17
|
|t:|1758993437
|move|p1a: Probopass|Body Press|p2a: Garganacl
|-supereffective|p2a: Garganacl
|-damage|p2a: Garganacl|19/100
|move|p2a: Garganacl|Earthquake|p1a: Probopass
|-supereffective|p1a: Probopass
|-damage|p1a: Probopass|47/100
|
|-heal|p1a: Probopass|53/100|[from] item: Leftovers
|-heal|p2a: Garganacl|25/100|[from] item: Leftovers
|upkeep
|turn|18
|
|t:|1758993445
|move|p1a: Probopass|Body Press|p2a: Garganacl
|-supereffective|p2a: Garganacl
|-damage|p2a: Garganacl|0 fnt
|faint|p2a: Garganacl
|
|-heal|p1a: Probopass|59/100|[from] item: Leftovers
|upkeep
|
|t:|1758993450
|switch|p2a: Darkrai|Darkrai, shiny|100/100
|turn|19
|
|t:|1758993456
|move|p2a: Darkrai|Focus Blast|p1a: Probopass|[miss]
|-miss|p2a: Darkrai|p1a: Probopass
|move|p1a: Probopass|Body Press|p2a: Darkrai
|-supereffective|p2a: Darkrai
|-damage|p2a: Darkrai|0 fnt
|faint|p2a: Darkrai
|
|-heal|p1a: Probopass|65/100|[from] item: Leftovers
|upkeep
|
|t:|1758993458
|switch|p2a: Rillaboom|Rillaboom, M, shiny, tera:Grass|67/100
|-fieldstart|move: Grassy Terrain|[from] ability: Grassy Surge|[of] p2a: Rillaboom
|turn|20
|
|t:|1758993467
|move|p2a: Rillaboom|Grassy Glide|p1a: Probopass
|-damage|p1a: Probopass|42/100
|move|p1a: Probopass|Body Press|p2a: Rillaboom
|-damage|p2a: Rillaboom|8/100
|
|-heal|p2a: Rillaboom|14/100|[from] Grassy Terrain
|-heal|p1a: Probopass|48/100|[from] Grassy Terrain
|-heal|p1a: Probopass|54/100|[from] item: Leftovers
|upkeep
|turn|21
|-message|eliaslsblessed forfeited.
|
|win|koljip
|raw|koljip's rating: 1216 &rarr; <strong>1244</strong><br />(+28 for winning)
|raw|eliaslsblessed's rating: 1263 &rarr; <strong>1235</strong><br />(-28 for losing)
|l|☆eliaslsblessed
|player|p2|
|l|☆koljip
|player|p1|
