|j|☆milkgiraffe
|j|☆xoyani.
|t:|1759049734
|gametype|singles
|player|p1|milkgiraffe|colress|1132
|player|p2|xoyani.|steven|1124
|gen|9
|tier|[Gen 9] OU
|rated|
|rule|HP Percentage Mod: HP is shown in percentages
|rule|Endless Battle Clause: Forcing endless battles is banned
|rule|Species Clause: Limit one of each Pokémon
|rule|OHKO Clause: OHKO moves are banned
|rule|Evasion Items Clause: Evasion items are banned
|rule|Evasion Moves Clause: Evasion moves are banned
|rule|Evasion Abilities Clause: Evasion abilities are banned
|rule|Sleep Moves Clause: Sleep-inducing moves are banned
|clearpoke
|poke|p1|Pecharunt|
|poke|p1|Whimsicott, F|
|poke|p1|Ting-Lu|
|poke|p1|Incineroar, F|
|poke|p1|Torkoal, M|
|poke|p1|Araquanid, F|
|poke|p2|Serperior, F|
|poke|p2|Iron Crown|
|poke|p2|Kingambit, F|
|poke|p2|Landorus-Therian, M|
|poke|p2|Primarina, M|
|poke|p2|Pecharunt|
|teampreview
|inactive|Battle timer is ON: inactive players will automatically lose when time's up. (requested by xoyani.)
|c|☆xoyani.|!weak araquanid
|c| xoyani.|/raw <div class="infobox">Araquanid (ignoring abilities):<br /><span class="message-effect-weak">Weaknesses</span>: Electric, Flying, Rock<br /><span class="message-effect-resist">Resistances</span>: Fighting, Ground, Ice, Steel, Water<br /><span class="message-effect-immune">Immunities</span>: <span class="gray">None</span></div>
|
|t:|1759049752
|teamsize|p1|6
|teamsize|p2|6
|start
|switch|p1a: Araquanid|Araquanid, F|100/100
|switch|p2a: Landorus|Landorus-Therian, M|100/100
|-ability|p2a: Landorus|Intimidate|boost
|-unboost|p1a: Araquanid|atk|1
|turn|1
|c|☆xoyani.|!weak landorus
|c| xoyani.|/raw <div class="infobox">Landorus (ignoring abilities):<br /><span class="message-effect-weak">Weaknesses</span>: <b>Ice</b>, Water<br /><span class="message-effect-resist">Resistances</span>: Bug, Fighting, Poison<br /><span class="message-effect-immune">Immunities</span>: Electric, Ground, Sandstorm damage</div>
|
|t:|1759049766
|move|p2a: Landorus|U-turn|p1a: Araquanid
|-damage|p1a: Araquanid|73/100
|
|t:|1759049782
|switch|p2a: Serperior|Serperior, F, shiny|100/100|[from] U-turn
|move|p1a: Araquanid|Sticky Web|p2a: Serperior
|-sidestart|p2: xoyani.|move: Sticky Web
|
|-heal|p1a: Araquanid|79/100|[from] item: Leftovers
|upkeep
|turn|2
|
|t:|1759049788
|move|p2a: Serperior|Leaf Storm|p1a: Araquanid
|-damage|p1a: Araquanid|41/100
|-boost|p2a: Serperior|spa|2
|move|p1a: Araquanid|Aqua Ring|p1a: Araquanid
|-start|p1a: Araquanid|Aqua Ring
|
|-heal|p1a: Araquanid|47/100|[from] item: Leftovers
|-heal|p1a: Araquanid|53/100|[from] Aqua Ring
|upkeep
|turn|3
|
|t:|1759049796
|move|p2a: Serperior|Leaf Storm|p1a: Araquanid
|-damage|p1a: Araquanid|0 fnt
|-boost|p2a: Serperior|spa|2
|faint|p1a: Araquanid
|
|upkeep
|
|t:|1759049802
|switch|p1a: Incineroar|Incineroar, F|100/100
|-ability|p1a: Incineroar|Intimidate|boost
|-boost|p2a: Serperior|atk|1
|turn|4
|
|t:|1759049824
|-terastallize|p2a: Serperior|Stellar
|move|p1a: Incineroar|Fake Out|p2a: Serperior
|-damage|p2a: Serperior|77/100
|-damage|p1a: Incineroar|91/100|[from] item: Life Orb
|cant|p2a: Serperior|flinch
|
|-heal|p2a: Serperior|83/100|[from] item: Leftovers
|upkeep
|turn|5
|
|t:|1759049831
|move|p2a: Serperior|Tera Blast|p1a: Incineroar|[anim] Tera Blast Stellar
|-crit|p1a: Incineroar
|-damage|p1a: Incineroar|0 fnt
|-boost|p2a: Serperior|atk|1
|-boost|p2a: Serperior|spa|1
|faint|p1a: Incineroar
|
|-heal|p2a: Serperior|90/100|[from] item: Leftovers
|upkeep
|
|t:|1759049836
|switch|p1a: Torkoal|Torkoal, M|100/100
|-weather|SunnyDay|[from] ability: Drought|[of] p1a: Torkoal
|turn|6
|
|t:|1759049845
|move|p2a: Serperior|Tera Blast|p1a: Torkoal|[anim] Tera Blast Stellar
|-enditem|p1a: Torkoal|Focus Sash
|-damage|p1a: Torkoal|1/100
|-boost|p2a: Serperior|atk|1
|-boost|p2a: Serperior|spa|1
|move|p1a: Torkoal|Eruption|p2a: Serperior
|-supereffective|p2a: Serperior
|-damage|p2a: Serperior|87/100
|
|-weather|SunnyDay|[upkeep]
|-heal|p2a: Serperior|93/100|[from] item: Leftovers
|upkeep
|turn|7
|
|t:|1759049856
|move|p2a: Serperior|Tera Blast|p1a: Torkoal|[anim] Tera Blast Stellar
|-damage|p1a: Torkoal|0 fnt
|-boost|p2a: Serperior|atk|1
|faint|p1a: Torkoal
|
|-weather|SunnyDay|[upkeep]
|-heal|p2a: Serperior|99/100|[from] item: Leftovers
|upkeep
|
|t:|1759049859
|switch|p1a: Pecharunt|Pecharunt|100/100
|turn|8
|
|t:|1759049865
|move|p2a: Serperior|Tera Blast|p1a: Pecharunt|[anim] Tera Blast Stellar
|-damage|p1a: Pecharunt|9/100
|-boost|p2a: Serperior|atk|1
|move|p1a: Pecharunt|Malignant Chain|p2a: Serperior
|-supereffective|p2a: Serperior
|-damage|p2a: Serperior|0 fnt
|faint|p2a: Serperior
|
|-weather|SunnyDay|[upkeep]
|-heal|p1a: Pecharunt|15/100|[from] item: Leftovers
|upkeep
|
|t:|1759049880
|switch|p2a: Kingambit|Kingambit, F|100/100
|-activate|p2a: Kingambit|move: Sticky Web
|-unboost|p2a: Kingambit|spe|1
|-activate|p2a: Kingambit|ability: Supreme Overlord
|-start|p2a: Kingambit|fallen1|[silent]
|turn|9
|
|t:|1759049885
|move|p1a: Pecharunt|Parting Shot|p2a: Kingambit
|-unboost|p2a: Kingambit|atk|1
|-unboost|p2a: Kingambit|spa|1
|
|t:|1759049888
|switch|p1a: Ting-Lu|Ting-Lu|100/100|[from] Parting Shot
|-ability|p1a: Ting-Lu|Vessel of Ruin
|move|p2a: Kingambit|Kowtow Cleave|p1a: Ting-Lu
|-resisted|p1a: Ting-Lu
|-damage|p1a: Ting-Lu|93/100
|
|-weather|SunnyDay|[upkeep]
|upkeep
|turn|10
|c|☆xoyani.|!weak ting lu
|c| xoyani.|/raw <div class="infobox">Ting-Lu (ignoring abilities):<br /><span class="message-effect-weak">Weaknesses</span>: Bug, Fairy, Fighting, Grass, Ice, Water<br /><span class="message-effect-resist">Resistances</span>: Dark, Ghost, Poison, Rock<br /><span class="message-effect-immune">Immunities</span>: Electric, Psychic, Prankster, Sandstorm damage</div>
|
|t:|1759049903
|-end|p2a: Kingambit|fallen1|[silent]
|switch|p2a: Primarina|Primarina, M|100/100
|-activate|p2a: Primarina|move: Sticky Web
|-unboost|p2a: Primarina|spe|1
|move|p1a: Ting-Lu|Stealth Rock|p2a: Primarina
|-sidestart|p2: xoyani.|move: Stealth Rock
|
|-weather|none
|upkeep
|turn|11
|
|t:|1759049917
|switch|p1a: Whimsicott|Whimsicott, F|100/100
|move|p2a: Primarina|Ice Beam|p1a: Whimsicott
|-supereffective|p1a: Whimsicott
|-damage|p1a: Whimsicott|29/100
|
|upkeep
|turn|12
|
|t:|1759049922
|move|p1a: Whimsicott|Leech Seed|p2a: Primarina
|-start|p2a: Primarina|move: Leech Seed
|move|p2a: Primarina|Ice Beam|p1a: Whimsicott
|-supereffective|p1a: Whimsicott
|-damage|p1a: Whimsicott|0 fnt
|faint|p1a: Whimsicott
|
|upkeep
|
|t:|1759049926
|switch|p1a: Ting-Lu|Ting-Lu|93/100
|-ability|p1a: Ting-Lu|Vessel of Ruin
|turn|13
|
|t:|1759049934
|-terastallize|p1a: Ting-Lu|Dark
|move|p2a: Primarina|Surf|p1a: Ting-Lu
|-damage|p1a: Ting-Lu|67/100
|move|p1a: Ting-Lu|Spikes|p2a: Primarina
|-sidestart|p2: xoyani.|Spikes
|
|-damage|p2a: Primarina|88/100|[from] Leech Seed|[of] p1a: Ting-Lu
|-heal|p1a: Ting-Lu|74/100|[silent]
|upkeep
|turn|14
|c|☆xoyani.|!weak dark
|c| xoyani.|/raw <div class="infobox">Dark:<br /><span class="message-effect-weak">Weaknesses</span>: Bug, Fairy, Fighting<br /><span class="message-effect-resist">Resistances</span>: Dark, Ghost<br /><span class="message-effect-immune">Immunities</span>: Psychic, Prankster</div>
|
|t:|1759049953
|move|p2a: Primarina|Flip Turn|p1a: Ting-Lu
|-damage|p1a: Ting-Lu|68/100
|
|t:|1759049956
|switch|p2a: Pecharunt|Pecharunt|100/100|[from] Flip Turn
|move|p1a: Ting-Lu|Earthquake|p2a: Pecharunt
|-supereffective|p2a: Pecharunt
|-crit|p2a: Pecharunt
|-damage|p2a: Pecharunt|35/100
|-damage|p1a: Ting-Lu|58/100|[from] item: Life Orb
|
|upkeep
|turn|15
|
|t:|1759049966
|move|p2a: Pecharunt|Recover|p2a: Pecharunt
|-heal|p2a: Pecharunt|85/100
|move|p1a: Ting-Lu|Earthquake|p2a: Pecharunt
|-supereffective|p2a: Pecharunt
|-damage|p2a: Pecharunt|35/100
|-damage|p1a: Ting-Lu|48/100|[from] item: Life Orb
|
|upkeep
|turn|16
|
|t:|1759049980
|move|p2a: Pecharunt|Parting Shot|p1a: Ting-Lu
|-unboost|p1a: Ting-Lu|atk|1
|-unboost|p1a: Ting-Lu|spa|1
|
|t:|1759049984
|switch|p2a: Primarina|Primarina, M|88/100|[from] Parting Shot
|-activate|p2a: Primarina|move: Sticky Web
|-unboost|p2a: Primarina|spe|1
|-damage|p2a: Primarina|76/100|[from] Stealth Rock
|-damage|p2a: Primarina|63/100|[from] Spikes
|move|p1a: Ting-Lu|Earthquake|p2a: Primarina
|-crit|p2a: Primarina
|-damage|p2a: Primarina|0 fnt
|faint|p2a: Primarina
|-damage|p1a: Ting-Lu|38/100|[from] item: Life Orb
|
|upkeep
|
|t:|1759049992
|switch|p2a: Landorus|Landorus-Therian, M|100/100
|-damage|p2a: Landorus|88/100|[from] Stealth Rock
|-ability|p2a: Landorus|Intimidate|boost
|-unboost|p1a: Ting-Lu|atk|1
|turn|17
|
|t:|1759050001
|switch|p1a: Pecharunt|Pecharunt|15/100
|move|p2a: Landorus|Earthquake|p1a: Pecharunt
|-supereffective|p1a: Pecharunt
|-damage|p1a: Pecharunt|0 fnt
|faint|p1a: Pecharunt
|
|upkeep
|
|t:|1759050005
|switch|p1a: Ting-Lu|Ting-Lu, tera:Dark|38/100
|-ability|p1a: Ting-Lu|Vessel of Ruin
|turn|18
|c|☆milkgiraffe|gg
|
|t:|1759050012
|move|p2a: Landorus|U-turn|p1a: Ting-Lu
|-supereffective|p1a: Ting-Lu
|-damage|p1a: Ting-Lu|19/100
|
|t:|1759050014
|switch|p2a: Pecharunt|Pecharunt|35/100|[from] U-turn
|move|p1a: Ting-Lu|Body Press|p2a: Pecharunt
|-immune|p2a: Pecharunt
|
|upkeep
|turn|19
|
|t:|1759050019
|move|p2a: Pecharunt|Parting Shot|p1a: Ting-Lu
|-unboost|p1a: Ting-Lu|atk|1
|-unboost|p1a: Ting-Lu|spa|1
|c|☆xoyani.|gg
|
|t:|1759050023
|switch|p2a: Landorus|Landorus-Therian, M|88/100|[from] Parting Shot
|-damage|p2a: Landorus|76/100|[from] Stealth Rock
|-ability|p2a: Landorus|Intimidate|boost
|-unboost|p1a: Ting-Lu|atk|1
|move|p1a: Ting-Lu|Earthquake|p2a: Landorus
|-immune|p2a: Landorus
|
|upkeep
|turn|20
|
|t:|1759050027
|move|p2a: Landorus|U-turn|p1a: Ting-Lu
|-supereffective|p1a: Ting-Lu
|-damage|p1a: Ting-Lu|0 fnt
|faint|p1a: Ting-Lu
|
|win|xoyani.
|raw|milkgiraffe's rating: 1132 &rarr; <strong>1106</strong><br />(-26 for losing)
|raw|xoyani.'s rating: 1124 &rarr; <strong>1150</strong><br />(+26 for winning)
|l|☆milkgiraffe
|player|p1|
