|badge|p1|bronze|gen9ou|100-6
|html|<div class="broadcast-red"><strong>This battle is required to be public due to one or more player having a season medal.</strong><br />During the public phase, you can discuss the state of the ladder <a href="/seasondiscussion">in a special chatroom.</a></div>
|uhtml|medal-msg|<div class="broadcast-blue">Curious what those medals under the avatar are? PS now has Ladder Seasons! For more information, check out the <a href="https://www.smogon.com/forums/threads/3740067/">thread on Smogon.</a></div>
|raw|<div class="broadcast-blue"><strong>This battle is required to be public due to a player having a name starting with 'medal'.</div>
|j|☆Ladder historian
|j|☆king ghidorah
|t:|1759016341
|gametype|singles
|player|p1|Ladder historian|lucas-gen4pt|1862
|player|p2|king ghidorah|169|1764
|gen|9
|tier|[Gen 9] OU
|rated|
|rule|HP Percentage Mod: HP is shown in percentages
|rule|Endless Battle Clause: Forcing endless battles is banned
|rule|Species Clause: Limit one of each Pokémon
|rule|OHKO Clause: OHKO moves are banned
|rule|Evasion Items Clause: Evasion items are banned
|rule|Evasion Moves Clause: Evasion moves are banned
|rule|Evasion Abilities Clause: Evasion abilities are banned
|rule|Sleep Moves Clause: Sleep-inducing moves are banned
|clearpoke
|poke|p1|Dragonite, F|
|poke|p1|Zamazenta-*|
|poke|p1|Iron Valiant|
|poke|p1|Raging Bolt|
|poke|p1|Great Tusk|
|poke|p1|Deoxys-Speed|
|poke|p2|Iron Valiant|
|poke|p2|Ting-Lu|
|poke|p2|Zapdos|
|poke|p2|Dragonite, F|
|poke|p2|Zamazenta-*|
|poke|p2|Gholdengo|
|teampreview
|
|t:|1759016345
|teamsize|p1|6
|teamsize|p2|6
|start
|switch|p1a: Deoxys|Deoxys-Speed|100/100
|switch|p2a: Zapdos|Zapdos|100/100
|-ability|p1a: Deoxys|Pressure
|turn|1
|
|t:|1759016349
|move|p1a: Deoxys|Psycho Boost|p2a: Zapdos|[miss]
|-miss|p1a: Deoxys|p2a: Zapdos
|move|p2a: Zapdos|Volt Switch|p1a: Deoxys
|-damage|p1a: Deoxys|11/100
|
|t:|1759016352
|switch|p2a: Dragonite|Dragonite, F|100/100|[from] Volt Switch
|
|upkeep
|turn|2
|
|t:|1759016358
|switch|p1a: Zamazenta|Zamazenta|100/100
|-ability|p1a: Zamazenta|Dauntless Shield|boost
|-boost|p1a: Zamazenta|def|1
|move|p2a: Dragonite|Extreme Speed|p1a: Zamazenta
|-damage|p1a: Zamazenta|81/100
|
|upkeep
|turn|3
|
|t:|1759016363
|switch|p2a: Gholdengo|Gholdengo|100/100
|move|p1a: Zamazenta|Stone Edge|p2a: Gholdengo
|-resisted|p2a: Gholdengo
|-damage|p2a: Gholdengo|74/100
|-damage|p1a: Zamazenta|71/100|[from] item: Life Orb
|
|upkeep
|turn|4
|j| amefurikoneko
|
|t:|1759016374
|switch|p2a: Zamazenta|Zamazenta|100/100
|-ability|p2a: Zamazenta|Dauntless Shield|boost
|-boost|p2a: Zamazenta|def|1
|move|p1a: Zamazenta|Crunch|p2a: Zamazenta
|-resisted|p2a: Zamazenta
|-damage|p2a: Zamazenta|91/100
|-damage|p1a: Zamazenta|61/100|[from] item: Life Orb
|
|-heal|p2a: Zamazenta|97/100|[from] item: Leftovers
|upkeep
|turn|5
|
|t:|1759016379
|move|p2a: Zamazenta|Body Press|p1a: Zamazenta
|-damage|p1a: Zamazenta|24/100
|move|p1a: Zamazenta|Close Combat|p2a: Zamazenta
|-damage|p2a: Zamazenta|50/100
|-unboost|p1a: Zamazenta|def|1
|-unboost|p1a: Zamazenta|spd|1
|-damage|p1a: Zamazenta|15/100|[from] item: Life Orb
|
|-heal|p2a: Zamazenta|56/100|[from] item: Leftovers
|upkeep
|turn|6
|
|t:|1759016383
|move|p2a: Zamazenta|Body Press|p1a: Zamazenta
|-damage|p1a: Zamazenta|0 fnt
|faint|p1a: Zamazenta
|
|-heal|p2a: Zamazenta|62/100|[from] item: Leftovers
|upkeep
|
|t:|1759016385
|switch|p1a: Deoxys|Deoxys-Speed|11/100
|-ability|p1a: Deoxys|Pressure
|turn|7
|j| Nulato
|
|t:|1759016395
|switch|p2a: Dragonite|Dragonite, F|100/100
|move|p1a: Deoxys|Stealth Rock|p2a: Dragonite
|-sidestart|p2: king ghidorah|move: Stealth Rock
|
|upkeep
|turn|8
|
|t:|1759016403
|move|p2a: Dragonite|Extreme Speed|p1a: Deoxys
|-damage|p1a: Deoxys|0 fnt
|faint|p1a: Deoxys
|
|upkeep
|
|t:|1759016417
|switch|p1a: Raging Bolt|Raging Bolt|100/100
|turn|9
|
|t:|1759016423
|move|p2a: Dragonite|Earthquake|p1a: Raging Bolt
|-supereffective|p1a: Raging Bolt
|-damage|p1a: Raging Bolt|36/100
|move|p1a: Raging Bolt|Dragon Pulse|p2a: Dragonite
|-supereffective|p2a: Dragonite
|-damage|p2a: Dragonite|48/100
|
|-heal|p1a: Raging Bolt|42/100|[from] item: Leftovers
|upkeep
|turn|10
|
|t:|1759016430
|move|p2a: Dragonite|Earthquake|p1a: Raging Bolt
|-supereffective|p1a: Raging Bolt
|-damage|p1a: Raging Bolt|0 fnt
|faint|p1a: Raging Bolt
|-end|p1a: Raging Bolt|Protosynthesis|[silent]
|
|upkeep
|
|t:|1759016435
|switch|p1a: Iron Valiant|Iron Valiant|100/100
|-enditem|p1a: Iron Valiant|Booster Energy
|-activate|p1a: Iron Valiant|ability: Quark Drive|[fromitem]
|-start|p1a: Iron Valiant|quarkdrivespe
|turn|11
|
|t:|1759016449
|-terastallize|p2a: Dragonite|Flying
|move|p1a: Iron Valiant|Moonblast|p2a: Dragonite
|-damage|p2a: Dragonite|2/100
|-unboost|p2a: Dragonite|spa|1
|move|p2a: Dragonite|Tera Blast|p1a: Iron Valiant|[anim] Tera Blast Flying
|-supereffective|p1a: Iron Valiant
|-damage|p1a: Iron Valiant|0 fnt
|faint|p1a: Iron Valiant
|-end|p1a: Iron Valiant|Quark Drive|[silent]
|
|upkeep
|
|t:|1759016462
|switch|p1a: Dragonite|Dragonite, F|100/100
|turn|12
|
|t:|1759016466
|switch|p2a: Gholdengo|Gholdengo|74/100
|-damage|p2a: Gholdengo|68/100|[from] Stealth Rock
|move|p1a: Dragonite|Dragon Dance|p1a: Dragonite
|-boost|p1a: Dragonite|atk|1
|-boost|p1a: Dragonite|spe|1
|
|upkeep
|turn|13
|
|t:|1759016473
|switch|p1a: Great Tusk|Great Tusk|100/100
|-enditem|p1a: Great Tusk|Booster Energy
|-activate|p1a: Great Tusk|ability: Protosynthesis|[fromitem]
|-start|p1a: Great Tusk|protosynthesisspe
|move|p2a: Gholdengo|Trick|p1a: Great Tusk
|-activate|p2a: Gholdengo|move: Trick|[of] p1a: Great Tusk
|-item|p1a: Great Tusk|Choice Scarf|[from] move: Trick
|-enditem|p2a: Gholdengo|Choice Scarf|[silent]|[from] move: Trick
|
|upkeep
|turn|14
|
|t:|1759016484
|switch|p2a: Dragonite|Dragonite, F, tera:Flying|2/100
|move|p1a: Great Tusk|Ice Spinner|p2a: Dragonite
|-supereffective|p2a: Dragonite
|-damage|p2a: Dragonite|0 fnt
|faint|p2a: Dragonite
|
|upkeep
|
|t:|1759016492
|switch|p2a: Gholdengo|Gholdengo|68/100
|-damage|p2a: Gholdengo|62/100|[from] Stealth Rock
|turn|15
|
|t:|1759016496
|move|p1a: Great Tusk|Ice Spinner|p2a: Gholdengo
|-resisted|p2a: Gholdengo
|-damage|p2a: Gholdengo|50/100
|move|p2a: Gholdengo|Nasty Plot|p2a: Gholdengo
|-boost|p2a: Gholdengo|spa|2
|
|upkeep
|turn|16
|
|t:|1759016502
|move|p1a: Great Tusk|Ice Spinner|p2a: Gholdengo
|-resisted|p2a: Gholdengo
|-damage|p2a: Gholdengo|36/100
|move|p2a: Gholdengo|Shadow Ball|p1a: Great Tusk
|-damage|p1a: Great Tusk|0 fnt
|faint|p1a: Great Tusk
|-end|p1a: Great Tusk|Protosynthesis|[silent]
|
|upkeep
|
|t:|1759016505
|switch|p1a: Dragonite|Dragonite, F|100/100
|turn|17
|
|t:|1759016507
|move|p2a: Gholdengo|Make It Rain|p1a: Dragonite
|-crit|p1a: Dragonite
|-damage|p1a: Dragonite|20/100
|-unboost|p2a: Gholdengo|spa|1
|move|p1a: Dragonite|Dragon Dance|p1a: Dragonite
|-boost|p1a: Dragonite|atk|1
|-boost|p1a: Dragonite|spe|1
|
|-heal|p1a: Dragonite|27/100|[from] item: Leftovers
|upkeep
|turn|18
|j| larp legion
|
|t:|1759016533
|move|p1a: Dragonite|Roost|p1a: Dragonite
|-heal|p1a: Dragonite|77/100
|-singleturn|p1a: Dragonite|move: Roost
|move|p2a: Gholdengo|Make It Rain|p1a: Dragonite
|-damage|p1a: Dragonite|0 fnt
|-unboost|p2a: Gholdengo|spa|1
|faint|p1a: Dragonite
|
|win|king ghidorah
|raw|Ladder historian's rating: 1862 &rarr; <strong>1837</strong><br />(-25 for losing)
|raw|king ghidorah's rating: 1764 &rarr; <strong>1789</strong><br />(+25 for winning)
|l|☆king ghidorah
|player|p2|
|l|☆Ladder historian
|player|p1|
