|j|☆Thax8
|j|☆Chromelaser
|t:|1758997719
|gametype|singles
|player|p1|Thax8|102|1107
|player|p2|Chromelaser|marshal|1154
|gen|9
|tier|[Gen 9] OU
|rated|
|rule|HP Percentage Mod: HP is shown in percentages
|rule|Endless Battle Clause: Forcing endless battles is banned
|rule|Species Clause: Limit one of each Pokémon
|rule|OHKO Clause: OHKO moves are banned
|rule|Evasion Items Clause: Evasion items are banned
|rule|Evasion Moves Clause: Evasion moves are banned
|rule|Evasion Abilities Clause: Evasion abilities are banned
|rule|Sleep Moves Clause: Sleep-inducing moves are banned
|clearpoke
|poke|p1|Ceruledge, F|
|poke|p1|Glimmora, M|
|poke|p1|Garganacl, M|
|poke|p1|Pecharunt|
|poke|p1|Veluza, M|
|poke|p1|Cyclizar, M|
|poke|p2|Jirachi|
|poke|p2|Reuniclus, M|
|poke|p2|Rillaboom, M|
|poke|p2|Salamence, F|
|poke|p2|Scizor, M|
|poke|p2|Kommo-o, F|
|teampreview
|
|t:|1758997765
|teamsize|p1|6
|teamsize|p2|6
|start
|switch|p1a: G-G-G|Glimmora, M|100/100
|switch|p2a: Astro|Scizor, M, shiny|100/100
|turn|1
|
|t:|1758997773
|move|p1a: G-G-G|Stealth Rock|p2a: Astro
|-sidestart|p2: Chromelaser|move: Stealth Rock
|move|p2a: Astro|Swords Dance|p2a: Astro
|-boost|p2a: Astro|atk|2
|
|upkeep
|turn|2
|
|t:|1758997783
|move|p1a: G-G-G|Mortal Spin|p2a: Astro
|-immune|p2a: Astro
|move|p2a: Astro|Swords Dance|p2a: Astro
|-boost|p2a: Astro|atk|2
|
|upkeep
|turn|3
|c|☆Chromelaser|??
|
|t:|1758997811
|move|p2a: Astro|Bullet Punch|p1a: G-G-G
|-supereffective|p1a: G-G-G
|-enditem|p1a: G-G-G|Focus Sash
|-damage|p1a: G-G-G|1/100
|-activate|p1a: G-G-G|ability: Toxic Debris
|-sidestart|p2: Chromelaser|move: Toxic Spikes
|move|p1a: G-G-G|Toxic Spikes|p2a: Astro
|-sidestart|p2: Chromelaser|move: Toxic Spikes
|
|upkeep
|turn|4
|
|t:|1758997819
|move|p1a: G-G-G|Spiky Shield|p1a: G-G-G
|-singleturn|p1a: G-G-G|move: Protect
|move|p2a: Astro|Swords Dance|p2a: Astro
|-boost|p2a: Astro|atk|2
|
|upkeep
|turn|5
|
|t:|1758997826
|move|p1a: G-G-G|Mortal Spin|p2a: Astro
|-immune|p2a: Astro
|move|p2a: Astro|Trailblaze|p1a: G-G-G
|-damage|p1a: G-G-G|0 fnt
|-boost|p2a: Astro|spe|1
|faint|p1a: G-G-G
|
|upkeep
|
|t:|1758997842
|switch|p1a: XCOM|Ceruledge, F, shiny|100/100
|turn|6
|
|t:|1758997863
|-terastallize|p2a: Astro|Dragon
|move|p2a: Astro|Dual Wingbeat|p1a: XCOM
|-damage|p1a: XCOM|0 fnt
|faint|p1a: XCOM
|-hitcount|p1: XCOM|1
|
|upkeep
|
|t:|1758997875
|switch|p1a: ROLLIN'|Cyclizar, M|100/100
|turn|7
|
|t:|1758997889
|move|p2a: Astro|Dual Wingbeat|p1a: ROLLIN'
|-damage|p1a: ROLLIN'|0 fnt
|faint|p1a: ROLLIN'
|-hitcount|p1: ROLLIN'|1
|
|upkeep
|
|t:|1758997893
|switch|p1a: Saltin' I|Garganacl, M, shiny|100/100
|turn|8
|
|t:|1758997898
|move|p2a: Astro|Bullet Punch|p1a: Saltin' I
|-supereffective|p1a: Saltin' I
|-ability|p1a: Saltin' I|Sturdy
|-damage|p1a: Saltin' I|1/100
|move|p1a: Saltin' I|Salt Cure|p2a: Astro
|-damage|p2a: Astro|78/100
|-start|p2a: Astro|Salt Cure
|
|-damage|p2a: Astro|65/100|[from] Salt Cure
|upkeep
|turn|9
|
|t:|1758997907
|move|p2a: Astro|Trailblaze|p1a: Saltin' I
|-supereffective|p1a: Saltin' I
|-damage|p1a: Saltin' I|0 fnt
|-boost|p2a: Astro|spe|1
|faint|p1a: Saltin' I
|
|-damage|p2a: Astro|53/100|[from] Salt Cure
|upkeep
|
|t:|1758997916
|switch|p1a: EZEZEZ|Pecharunt|100/100
|turn|10
|
|t:|1758997921
|move|p1a: EZEZEZ|Protect|p1a: EZEZEZ
|-singleturn|p1a: EZEZEZ|Protect
|move|p2a: Astro|Dual Wingbeat|p1a: EZEZEZ
|-activate|p1a: EZEZEZ|move: Protect
|
|-damage|p2a: Astro|41/100|[from] Salt Cure
|upkeep
|turn|11
|
|t:|1758997938
|move|p2a: Astro|Dual Wingbeat|p1a: EZEZEZ
|-damage|p1a: EZEZEZ|51/100
|-damage|p1a: EZEZEZ|0 fnt
|faint|p1a: EZEZEZ
|-hitcount|p1: EZEZEZ|2
|
|-damage|p2a: Astro|28/100|[from] Salt Cure
|upkeep
|
|t:|1758997946
|switch|p1a: Munchy|Veluza, M|100/100
|-ability|p1a: Munchy|Mold Breaker
|turn|12
|c|☆Chromelaser|gg
|
|t:|1758997952
|move|p2a: Astro|Bullet Punch|p1a: Munchy
|-resisted|p1a: Munchy
|-damage|p1a: Munchy|20/100
|move|p1a: Munchy|Aqua Cutter|p2a: Astro
|-resisted|p2a: Astro
|-damage|p2a: Astro|10/100
|
|-damage|p2a: Astro|0 fnt|[from] Salt Cure
|faint|p2a: Astro
|upkeep
|
|t:|1758997962
|switch|p2a: Sensational|Rillaboom, M, shiny|100/100
|-damage|p2a: Sensational|88/100|[from] Stealth Rock
|-status|p2a: Sensational|tox
|-fieldstart|move: Grassy Terrain|[from] ability: Grassy Surge|[of] p2a: Sensational
|-enditem|p2a: Sensational|Grassy Seed
|-boost|p2a: Sensational|def|1|[from] item: Grassy Seed
|turn|13
|
|t:|1758997972
|move|p2a: Sensational|Grassy Glide|p1a: Munchy
|-supereffective|p1a: Munchy
|-damage|p1a: Munchy|0 fnt
|faint|p1a: Munchy
|
|win|Chromelaser
|raw|Thax8's rating: 1107 &rarr; <strong>1085</strong><br />(-22 for losing)
|raw|Chromelaser's rating: 1154 &rarr; <strong>1176</strong><br />(+22 for winning)
|l|☆Thax8
|player|p1|
|l|☆Chromelaser
|player|p2|
