|j|☆Lucyboy808
|j|☆zsu-twink
|t:|1759065762
|gametype|singles
|player|p1|Lucyboy808|265|1148
|player|p2|zsu-twink|skyla|1143
|gen|9
|tier|[Gen 9] OU
|rated|
|rule|HP Percentage Mod: HP is shown in percentages
|rule|Endless Battle Clause: Forcing endless battles is banned
|rule|Species Clause: Limit one of each Pokémon
|rule|OHKO Clause: OHKO moves are banned
|rule|Evasion Items Clause: Evasion items are banned
|rule|Evasion Moves Clause: Evasion moves are banned
|rule|Evasion Abilities Clause: Evasion abilities are banned
|rule|Sleep Moves Clause: Sleep-inducing moves are banned
|clearpoke
|poke|p1|Ceruledge, M|
|poke|p1|Garchomp, M|
|poke|p1|Great Tusk|
|poke|p1|Serperior, M|
|poke|p1|Enamorus, F|
|poke|p1|Rotom-Wash|
|poke|p2|Munkidori, M|
|poke|p2|Raging Bolt|
|poke|p2|Iron Valiant|
|poke|p2|Hitmontop, M|
|poke|p2|Corviknight, F|
|poke|p2|Dondozo, M|
|teampreview
|
|t:|1759065767
|teamsize|p1|6
|teamsize|p2|6
|start
|switch|p1a: Garchomp|Garchomp, M|100/100
|switch|p2a: Munkidori|Munkidori, M|100/100
|-item|p1a: Garchomp|Rocky Helmet|[from] ability: Frisk|[of] p2a: Munkidori
|turn|1
|inactive|Battle timer is ON: inactive players will automatically lose when time's up. (requested by Lucyboy808)
|
|t:|1759065776
|switch|p2a: Corviknight|Corviknight, F|100/100
|move|p1a: Garchomp|Earthquake|p2a: Corviknight
|-immune|p2a: Corviknight
|
|upkeep
|turn|2
|
|t:|1759065787
|switch|p1a: Ceruledge|Ceruledge, M|100/100
|move|p2a: Corviknight|Bulk Up|p2a: Corviknight
|-boost|p2a: Corviknight|atk|1
|-boost|p2a: Corviknight|def|1
|
|upkeep
|turn|3
|
|t:|1759065795
|-terastallize|p2a: Corviknight|Fighting
|move|p1a: Ceruledge|Swords Dance|p1a: Ceruledge
|-boost|p1a: Ceruledge|atk|2
|move|p2a: Corviknight|Brave Bird|p1a: Ceruledge
|-damage|p1a: Ceruledge|20/100
|-ability|p1a: Ceruledge|Weak Armor|boost
|-unboost|p1a: Ceruledge|def|1
|-boost|p1a: Ceruledge|spe|2
|-damage|p2a: Corviknight|79/100|[from] Recoil
|
|upkeep
|turn|4
|
|t:|1759065809
|move|p1a: Ceruledge|Bitter Blade|p2a: Corviknight
|-damage|p2a: Corviknight|43/100
|-heal|p1a: Ceruledge|43/100|[from] drain|[of] p2a: Corviknight
|-damage|p1a: Ceruledge|27/100|[from] item: Rocky Helmet|[of] p2a: Corviknight
|move|p2a: Corviknight|Brave Bird|p1a: Ceruledge
|-damage|p1a: Ceruledge|0 fnt
|faint|p1a: Ceruledge
|-damage|p2a: Corviknight|37/100|[from] Recoil
|
|upkeep
|
|t:|1759065823
|switch|p1a: Serperior|Serperior, M|100/100
|turn|5
|
|t:|1759065827
|switch|p2a: Munkidori|Munkidori, M|100/100
|-item|p1a: Serperior|Sitrus Berry|[from] ability: Frisk|[of] p2a: Munkidori
|move|p1a: Serperior|Leaf Storm|p2a: Munkidori
|-resisted|p2a: Munkidori
|-damage|p2a: Munkidori|74/100
|-boost|p1a: Serperior|spa|2
|
|upkeep
|turn|6
|
|t:|1759065841
|-terastallize|p1a: Serperior|Fire
|move|p2a: Munkidori|Sludge Wave|p1a: Serperior
|-damage|p1a: Serperior|39/100
|-enditem|p1a: Serperior|Sitrus Berry|[eat]
|-heal|p1a: Serperior|64/100|[from] item: Sitrus Berry
|move|p1a: Serperior|Tera Blast|p2a: Munkidori|[anim] Tera Blast Fire
|-damage|p2a: Munkidori|4/100
|
|upkeep
|turn|7
|
|t:|1759065855
|switch|p2a: Raging Bolt|Raging Bolt|100/100
|move|p1a: Serperior|Leaf Storm|p2a: Raging Bolt
|-resisted|p2a: Raging Bolt
|-damage|p2a: Raging Bolt|61/100
|-boost|p1a: Serperior|spa|2
|
|-heal|p2a: Raging Bolt|67/100|[from] item: Leftovers
|upkeep
|turn|8
|
|t:|1759065865
|move|p1a: Serperior|Dragon Pulse|p2a: Raging Bolt
|-supereffective|p2a: Raging Bolt
|-damage|p2a: Raging Bolt|0 fnt
|faint|p2a: Raging Bolt
|-end|p2a: Raging Bolt|Protosynthesis|[silent]
|
|upkeep
|
|t:|1759065870
|switch|p2a: Iron Valiant|Iron Valiant|100/100
|-enditem|p2a: Iron Valiant|Booster Energy
|-activate|p2a: Iron Valiant|ability: Quark Drive|[fromitem]
|-start|p2a: Iron Valiant|quarkdrivespe
|turn|9
|
|t:|1759065878
|move|p2a: Iron Valiant|Encore|p1a: Serperior
|-start|p1a: Serperior|Encore
|move|p1a: Serperior|Dragon Pulse|p2a: Iron Valiant
|-immune|p2a: Iron Valiant
|
|upkeep
|turn|10
|
|t:|1759065891
|switch|p1a: Enamorus|Enamorus, F|100/100
|move|p2a: Iron Valiant|Aura Sphere|p1a: Enamorus
|-resisted|p1a: Enamorus
|-damage|p1a: Enamorus|87/100
|
|upkeep
|turn|11
|
|t:|1759065901
|move|p2a: Iron Valiant|Moonblast|p1a: Enamorus
|-damage|p1a: Enamorus|25/100
|-unboost|p1a: Enamorus|spa|1
|move|p1a: Enamorus|Sludge Bomb|p2a: Iron Valiant
|-supereffective|p2a: Iron Valiant
|-damage|p2a: Iron Valiant|23/100
|
|upkeep
|turn|12
|
|t:|1759065909
|move|p2a: Iron Valiant|Shadow Ball|p1a: Enamorus
|-damage|p1a: Enamorus|0 fnt
|faint|p1a: Enamorus
|
|upkeep
|
|t:|1759065935
|switch|p1a: Rotom|Rotom-Wash|100/100
|turn|13
|
|t:|1759065940
|-end|p2a: Iron Valiant|Quark Drive|[silent]
|switch|p2a: Corviknight|Corviknight, F, tera:Fighting|37/100
|move|p1a: Rotom|Discharge|p2a: Corviknight
|-damage|p2a: Corviknight|2/100
|-status|p2a: Corviknight|par
|
|upkeep
|turn|14
|-activate|p1a: Rotom|item: Quick Claw
|
|t:|1759065960
|move|p1a: Rotom|Discharge|p2a: Corviknight
|-damage|p2a: Corviknight|0 fnt
|faint|p2a: Corviknight
|
|upkeep
|
|t:|1759065966
|switch|p2a: Hitmontop|Hitmontop, M|100/100
|-ability|p2a: Hitmontop|Intimidate|boost
|-unboost|p1a: Rotom|atk|1
|turn|15
|
|t:|1759065974
|move|p1a: Rotom|Discharge|p2a: Hitmontop
|-damage|p2a: Hitmontop|75/100
|-status|p2a: Hitmontop|par
|move|p2a: Hitmontop|Rapid Spin|p1a: Rotom
|-damage|p1a: Rotom|86/100
|-boost|p2a: Hitmontop|spe|1
|
|upkeep
|turn|16
|
|t:|1759065983
|move|p1a: Rotom|Nasty Plot|p1a: Rotom
|-boost|p1a: Rotom|spa|2
|move|p2a: Hitmontop|High Jump Kick|p1a: Rotom
|-damage|p1a: Rotom|32/100
|
|upkeep
|turn|17
|
|t:|1759065995
|move|p1a: Rotom|Hydro Pump|p2a: Hitmontop
|-damage|p2a: Hitmontop|10/100 par
|cant|p2a: Hitmontop|par
|
|upkeep
|turn|18
|
|t:|1759066000
|move|p1a: Rotom|Discharge|p2a: Hitmontop
|-damage|p2a: Hitmontop|0 fnt
|faint|p2a: Hitmontop
|
|upkeep
|
|t:|1759066008
|switch|p2a: Munkidori|Munkidori, M|4/100
|-item|p1a: Rotom|Quick Claw|[from] ability: Frisk|[of] p2a: Munkidori
|turn|19
|-activate|p1a: Rotom|item: Quick Claw
|
|t:|1759066020
|move|p1a: Rotom|Dark Pulse|p2a: Munkidori
|-supereffective|p2a: Munkidori
|-damage|p2a: Munkidori|0 fnt
|faint|p2a: Munkidori
|
|upkeep
|
|t:|1759066024
|switch|p2a: Iron Valiant|Iron Valiant|23/100
|turn|20
|-activate|p1a: Rotom|item: Quick Claw
|
|t:|1759066029
|move|p1a: Rotom|Discharge|p2a: Iron Valiant
|-damage|p2a: Iron Valiant|0 fnt
|faint|p2a: Iron Valiant
|-end|p2a: Iron Valiant|Quark Drive|[silent]
|
|upkeep
|c|☆zsu-twink|What da hell
|c|☆Lucyboy808|Wow
|-message|zsu-twink forfeited.
|
|win|Lucyboy808
|raw|Lucyboy808's rating: 1148 &rarr; <strong>1173</strong><br />(+25 for winning)
|raw|zsu-twink's rating: 1143 &rarr; <strong>1118</strong><br />(-25 for losing)
|l|☆zsu-twink
|player|p2|
|c|☆Lucyboy808|That was really insane
|l|☆Lucyboy808
|player|p1|
