|j|☆CactuSpinoso
|j|☆miscellandorus
|t:|1759046595
|gametype|singles
|player|p1|CactuSpinoso|169|1364
|player|p2|miscellandorus|265|1323
|gen|9
|tier|[Gen 9] OU
|rated|
|rule|HP Percentage Mod: HP is shown in percentages
|rule|Endless Battle Clause: Forcing endless battles is banned
|rule|Species Clause: Limit one of each Pokémon
|rule|OHKO Clause: OHKO moves are banned
|rule|Evasion Items Clause: Evasion items are banned
|rule|Evasion Moves Clause: Evasion moves are banned
|rule|Evasion Abilities Clause: Evasion abilities are banned
|rule|Sleep Moves Clause: Sleep-inducing moves are banned
|clearpoke
|poke|p1|Great Tusk|
|poke|p1|Ceruledge, M|
|poke|p1|Landorus-Therian, M|
|poke|p1|Araquanid, F|
|poke|p1|Raging Bolt|
|poke|p1|Sinistcha|
|poke|p2|Walking Wake|
|poke|p2|Maushold-Four|
|poke|p2|Dragonite, F|
|poke|p2|Weezing-Galar, M|
|poke|p2|Great Tusk|
|poke|p2|Muk-Alola, M|
|teampreview
|inactive|Battle timer is ON: inactive players will automatically lose when time's up. (requested by CactuSpinoso)
|
|t:|1759046611
|teamsize|p1|6
|teamsize|p2|6
|start
|switch|p1a: Landorus|Landorus-Therian, M|100/100
|switch|p2a: Walking Wake|Walking Wake|100/100
|-ability|p1a: Landorus|Intimidate|boost
|-unboost|p2a: Walking Wake|atk|1
|turn|1
|
|t:|1759046615
|switch|p1a: Sinistcha|Sinistcha|100/100
|move|p2a: Walking Wake|Flip Turn|p1a: Sinistcha
|-resisted|p1a: Sinistcha
|-damage|p1a: Sinistcha|97/100
|
|t:|1759046621
|-end|p2a: Walking Wake|Protosynthesis|[silent]
|switch|p2a: Muk|Muk-Alola, M|100/100|[from] Flip Turn
|
|upkeep
|turn|2
|
|t:|1759046626
|switch|p1a: Araquanid|Araquanid, F|100/100
|move|p2a: Muk|Knock Off|p1a: Araquanid
|-damage|p1a: Araquanid|68/100
|-status|p1a: Araquanid|psn|[from] ability: Poison Touch|[of] p2a: Muk
|-enditem|p1a: Araquanid|Custap Berry|[from] move: Knock Off|[of] p2a: Muk
|
|-damage|p1a: Araquanid|55/100 psn|[from] psn
|upkeep
|turn|3
|
|t:|1759046642
|switch|p2a: Maushold|Maushold-Four|100/100
|move|p1a: Araquanid|Sticky Web|p2a: Maushold
|-sidestart|p2: miscellandorus|move: Sticky Web
|
|-damage|p1a: Araquanid|43/100 psn|[from] psn
|upkeep
|turn|4
|
|t:|1759046644
|move|p2a: Maushold|Encore|p1a: Araquanid
|-start|p1a: Araquanid|Encore
|move|p1a: Araquanid|Sticky Web||[still]
|-fail|p1a: Araquanid
|
|-damage|p1a: Araquanid|30/100 psn|[from] psn
|upkeep
|turn|5
|
|t:|1759046651
|switch|p1a: Landorus|Landorus-Therian, M|100/100
|-ability|p1a: Landorus|Intimidate|boost
|-unboost|p2a: Maushold|atk|1
|move|p2a: Maushold|Tidy Up|p2a: Maushold
|-sideend|p2: miscellandorus|Sticky Web
|-activate|p2a: Maushold|move: Tidy Up
|-boost|p2a: Maushold|atk|1
|-boost|p2a: Maushold|spe|1
|
|upkeep
|turn|6
|
|t:|1759046656
|switch|p2a: Weezing|Weezing-Galar, M|100/100
|move|p1a: Landorus|U-turn|p2a: Weezing
|-resisted|p2a: Weezing
|-damage|p2a: Weezing|90/100
|
|t:|1759046663
|switch|p1a: Araquanid|Araquanid, F|30/100 psn|[from] U-turn
|
|-damage|p1a: Araquanid|18/100 psn|[from] psn
|upkeep
|turn|7
|
|t:|1759046686
|move|p2a: Weezing|Shadow Ball|p1a: Araquanid
|-damage|p1a: Araquanid|0 fnt
|faint|p1a: Araquanid
|
|upkeep
|
|t:|1759046691
|switch|p1a: Landorus|Landorus-Therian, M|100/100
|-ability|p1a: Landorus|Intimidate|boost
|-unboost|p2a: Weezing|atk|1
|turn|8
|
|t:|1759046697
|move|p1a: Landorus|U-turn|p2a: Weezing
|-resisted|p2a: Weezing
|-damage|p2a: Weezing|79/100
|
|t:|1759046708
|switch|p1a: Raging Bolt|Raging Bolt|100/100|[from] U-turn
|move|p2a: Weezing|Shadow Ball|p1a: Raging Bolt
|-damage|p1a: Raging Bolt|68/100
|
|upkeep
|turn|9
|
|t:|1759046716
|switch|p2a: Muk|Muk-Alola, M|100/100
|move|p1a: Raging Bolt|Thunderbolt|p2a: Muk
|-damage|p2a: Muk|54/100
|
|-heal|p2a: Muk|60/100|[from] item: Black Sludge
|upkeep
|turn|10
|
|t:|1759046718
|move|p1a: Raging Bolt|Thunderbolt|p2a: Muk
|-damage|p2a: Muk|15/100
|move|p2a: Muk|Poison Jab|p1a: Raging Bolt
|-damage|p1a: Raging Bolt|43/100
|
|-heal|p2a: Muk|21/100|[from] item: Black Sludge
|upkeep
|turn|11
|
|t:|1759046721
|move|p2a: Muk|Protect|p2a: Muk
|-singleturn|p2a: Muk|Protect
|move|p1a: Raging Bolt|Thunderbolt|p2a: Muk
|-activate|p2a: Muk|move: Protect
|
|-heal|p2a: Muk|27/100|[from] item: Black Sludge
|upkeep
|turn|12
|
|t:|1759046724
|switch|p2a: Great Tusk|Great Tusk|100/100
|move|p1a: Raging Bolt|Thunderbolt|p2a: Great Tusk
|-immune|p2a: Great Tusk
|
|upkeep
|turn|13
|
|t:|1759046733
|-end|p1a: Raging Bolt|Protosynthesis|[silent]
|switch|p1a: Ceruledge|Ceruledge, M|100/100
|-item|p1a: Ceruledge|Air Balloon
|move|p2a: Great Tusk|Stealth Rock|p1a: Ceruledge
|-sidestart|p1: CactuSpinoso|move: Stealth Rock
|
|upkeep
|turn|14
|
|t:|1759046738
|move|p1a: Ceruledge|Swords Dance|p1a: Ceruledge
|-boost|p1a: Ceruledge|atk|2
|move|p2a: Great Tusk|Earthquake|p1a: Ceruledge
|-immune|p1a: Ceruledge
|
|upkeep
|turn|15
|
|t:|1759046745
|-end|p2a: Great Tusk|Protosynthesis|[silent]
|switch|p2a: Maushold|Maushold-Four|100/100
|move|p1a: Ceruledge|Close Combat|p2a: Maushold
|-supereffective|p2a: Maushold
|-damage|p2a: Maushold|0 fnt
|-unboost|p1a: Ceruledge|def|1
|-unboost|p1a: Ceruledge|spd|1
|faint|p2a: Maushold
|
|upkeep
|
|t:|1759046748
|switch|p2a: Walking Wake|Walking Wake|100/100
|turn|16
|
|t:|1759046752
|move|p2a: Walking Wake|Hydro Steam|p1a: Ceruledge
|-supereffective|p1a: Ceruledge
|-damage|p1a: Ceruledge|0 fnt
|-enditem|p1a: Ceruledge|Air Balloon
|faint|p1a: Ceruledge
|
|upkeep
|
|t:|1759046759
|switch|p1a: Sinistcha|Sinistcha|97/100
|-damage|p1a: Sinistcha|84/100|[from] Stealth Rock
|turn|17
|
|t:|1759046767
|-end|p2a: Walking Wake|Protosynthesis|[silent]
|switch|p2a: Muk|Muk-Alola, M|27/100
|move|p1a: Sinistcha|Strength Sap|p2a: Muk
|-unboost|p2a: Muk|atk|1
|-heal|p1a: Sinistcha|100/100
|
|-heal|p2a: Muk|33/100|[from] item: Black Sludge
|upkeep
|turn|18
|
|t:|1759046783
|switch|p1a: Horny dog|Great Tusk|100/100
|-damage|p1a: Horny dog|98/100|[from] Stealth Rock
|-enditem|p1a: Horny dog|Booster Energy
|-activate|p1a: Horny dog|ability: Protosynthesis|[fromitem]
|-start|p1a: Horny dog|protosynthesisatk
|move|p2a: Muk|Knock Off|p1a: Horny dog
|-resisted|p1a: Horny dog
|-damage|p1a: Horny dog|93/100
|-status|p1a: Horny dog|psn|[from] ability: Poison Touch|[of] p2a: Muk
|
|-heal|p2a: Muk|39/100|[from] item: Black Sludge
|-damage|p1a: Horny dog|80/100 psn|[from] psn
|upkeep
|turn|19
|
|t:|1759046787
|move|p2a: Muk|Protect|p2a: Muk
|-singleturn|p2a: Muk|Protect
|move|p1a: Horny dog|Rapid Spin|p2a: Muk
|-activate|p2a: Muk|move: Protect
|
|-heal|p2a: Muk|45/100|[from] item: Black Sludge
|-damage|p1a: Horny dog|68/100 psn|[from] psn
|upkeep
|turn|20
|
|t:|1759046794
|switch|p2a: Great Tusk|Great Tusk|100/100
|move|p1a: Horny dog|Rapid Spin|p2a: Great Tusk
|-damage|p2a: Great Tusk|89/100
|-boost|p1a: Horny dog|spe|1
|-damage|p1a: Horny dog|51/100 psn|[from] item: Rocky Helmet|[of] p2a: Great Tusk
|-sideend|p1: CactuSpinoso|Stealth Rock|[from] move: Rapid Spin|[of] p1a: Horny dog
|
|-damage|p1a: Horny dog|38/100 psn|[from] psn
|upkeep
|turn|21
|
|t:|1759046806
|move|p1a: Horny dog|Ice Spinner|p2a: Great Tusk
|-supereffective|p2a: Great Tusk
|-damage|p2a: Great Tusk|53/100
|-damage|p1a: Horny dog|22/100 psn|[from] item: Rocky Helmet|[of] p2a: Great Tusk
|move|p2a: Great Tusk|Stealth Rock|p1a: Horny dog
|-sidestart|p1: CactuSpinoso|move: Stealth Rock
|
|-damage|p1a: Horny dog|9/100 psn|[from] psn
|upkeep
|turn|22
|
|t:|1759046809
|move|p1a: Horny dog|Ice Spinner|p2a: Great Tusk
|-supereffective|p2a: Great Tusk
|-damage|p2a: Great Tusk|15/100
|-damage|p1a: Horny dog|0 fnt|[from] item: Rocky Helmet|[of] p2a: Great Tusk
|faint|p1a: Horny dog
|-end|p1a: Horny dog|Protosynthesis|[silent]
|move|p2a: Great Tusk|Stealth Rock||[still]
|-fail|p2a: Great Tusk
|
|upkeep
|
|t:|1759046818
|switch|p1a: Sinistcha|Sinistcha|100/100
|-damage|p1a: Sinistcha|88/100|[from] Stealth Rock
|turn|23
|
|t:|1759046823
|move|p2a: Great Tusk|Ice Spinner|p1a: Sinistcha
|-supereffective|p1a: Sinistcha
|-damage|p1a: Sinistcha|56/100
|move|p1a: Sinistcha|Calm Mind|p1a: Sinistcha
|-boost|p1a: Sinistcha|spa|1
|-boost|p1a: Sinistcha|spd|1
|
|upkeep
|turn|24
|
|t:|1759046831
|-end|p2a: Great Tusk|Protosynthesis|[silent]
|switch|p2a: Muk|Muk-Alola, M|45/100
|move|p1a: Sinistcha|Strength Sap|p2a: Muk
|-unboost|p2a: Muk|atk|1
|-heal|p1a: Sinistcha|100/100
|
|-heal|p2a: Muk|51/100|[from] item: Black Sludge
|upkeep
|turn|25
|
|t:|1759046837
|move|p1a: Sinistcha|Strength Sap|p2a: Muk
|-unboost|p2a: Muk|atk|1
|move|p2a: Muk|Poison Jab|p1a: Sinistcha
|-damage|p1a: Sinistcha|90/100
|-status|p1a: Sinistcha|psn
|
|-heal|p2a: Muk|57/100|[from] item: Black Sludge
|-damage|p1a: Sinistcha|77/100 psn|[from] psn
|upkeep
|turn|26
|
|t:|1759046844
|move|p1a: Sinistcha|Calm Mind|p1a: Sinistcha
|-boost|p1a: Sinistcha|spa|1
|-boost|p1a: Sinistcha|spd|1
|move|p2a: Muk|Knock Off|p1a: Sinistcha
|-supereffective|p1a: Sinistcha
|-enditem|p1a: Sinistcha|Colbur Berry|[eat]
|-enditem|p1a: Sinistcha|Colbur Berry|[weaken]
|-damage|p1a: Sinistcha|66/100 psn
|
|-heal|p2a: Muk|63/100|[from] item: Black Sludge
|-damage|p1a: Sinistcha|53/100 psn|[from] psn
|upkeep
|turn|27
|
|t:|1759046848
|move|p2a: Muk|Protect|p2a: Muk
|-singleturn|p2a: Muk|Protect
|move|p1a: Sinistcha|Strength Sap|p2a: Muk
|-activate|p2a: Muk|move: Protect
|
|-heal|p2a: Muk|70/100|[from] item: Black Sludge
|-damage|p1a: Sinistcha|41/100 psn|[from] psn
|upkeep
|turn|28
|
|t:|1759046852
|move|p1a: Sinistcha|Strength Sap|p2a: Muk
|-unboost|p2a: Muk|atk|1
|-heal|p1a: Sinistcha|77/100 psn
|move|p2a: Muk|Knock Off|p1a: Sinistcha
|-supereffective|p1a: Sinistcha
|-damage|p1a: Sinistcha|64/100 psn
|
|-heal|p2a: Muk|76/100|[from] item: Black Sludge
|-damage|p1a: Sinistcha|52/100 psn|[from] psn
|upkeep
|turn|29
|
|t:|1759046857
|move|p1a: Sinistcha|Matcha Gotcha|p2a: Muk
|-resisted|p2a: Muk
|-damage|p2a: Muk|57/100
|-heal|p1a: Sinistcha|63/100 psn|[from] drain|[of] p2a: Muk
|move|p2a: Muk|Knock Off|p1a: Sinistcha
|-supereffective|p1a: Sinistcha
|-damage|p1a: Sinistcha|50/100 psn
|
|-heal|p2a: Muk|63/100|[from] item: Black Sludge
|-damage|p1a: Sinistcha|38/100 psn|[from] psn
|upkeep
|turn|30
|
|t:|1759046862
|switch|p1a: Landorus|Landorus-Therian, M|100/100
|-damage|p1a: Landorus|88/100|[from] Stealth Rock
|-ability|p1a: Landorus|Intimidate|boost
|-unboost|p2a: Muk|atk|1
|move|p2a: Muk|Knock Off|p1a: Landorus
|-damage|p1a: Landorus|76/100
|-enditem|p1a: Landorus|Choice Band|[from] move: Knock Off|[of] p2a: Muk
|
|-heal|p2a: Muk|69/100|[from] item: Black Sludge
|upkeep
|turn|31
|
|t:|1759046865
|switch|p2a: Weezing|Weezing-Galar, M|79/100
|move|p1a: Landorus|Earthquake|p2a: Weezing
|-immune|p2a: Weezing|[from] ability: Levitate
|
|upkeep
|turn|32
|
|t:|1759046871
|move|p1a: Landorus|U-turn|p2a: Weezing
|-resisted|p2a: Weezing
|-damage|p2a: Weezing|73/100
|
|t:|1759046874
|switch|p1a: Raging Bolt|Raging Bolt|43/100|[from] U-turn
|-damage|p1a: Raging Bolt|30/100|[from] Stealth Rock
|move|p2a: Weezing|Strange Steam|p1a: Raging Bolt
|-supereffective|p1a: Raging Bolt
|-damage|p1a: Raging Bolt|0 fnt
|faint|p1a: Raging Bolt
|-end|p1a: Raging Bolt|Protosynthesis|[silent]
|
|upkeep
|
|t:|1759046880
|switch|p1a: Sinistcha|Sinistcha|38/100 psn
|-damage|p1a: Sinistcha|26/100 psn|[from] Stealth Rock
|turn|33
|
|t:|1759046889
|move|p2a: Weezing|Strange Steam|p1a: Sinistcha
|-damage|p1a: Sinistcha|0 fnt
|faint|p1a: Sinistcha
|
|upkeep
|
|t:|1759046894
|switch|p1a: Landorus|Landorus-Therian, M|76/100
|-damage|p1a: Landorus|64/100|[from] Stealth Rock
|-ability|p1a: Landorus|Intimidate|boost
|-unboost|p2a: Weezing|atk|1
|turn|34
|
|t:|1759046896
|-terastallize|p1a: Landorus|Ice
|move|p1a: Landorus|Tera Blast|p2a: Weezing|[anim] Tera Blast Ice
|-damage|p2a: Weezing|26/100
|move|p2a: Weezing|Strange Steam|p1a: Landorus
|-damage|p1a: Landorus|0 fnt
|faint|p1a: Landorus
|
|win|miscellandorus
|raw|CactuSpinoso's rating: 1364 &rarr; <strong>1342</strong><br />(-22 for losing)
|raw|miscellandorus's rating: 1323 &rarr; <strong>1345</strong><br />(+22 for winning)
|l|☆CactuSpinoso
|player|p1|
|l|☆miscellandorus
|player|p2|
