|j|☆Evand26
|j|☆MYOPONE
|t:|1759078129
|gametype|singles
|player|p1|Evand26|170|1081
|player|p2|MYOPONE|170|1103
|gen|9
|tier|[Gen 9] OU
|rated|
|rule|HP Percentage Mod: HP is shown in percentages
|rule|Endless Battle Clause: Forcing endless battles is banned
|rule|Species Clause: Limit one of each Pokémon
|rule|OHKO Clause: OHKO moves are banned
|rule|Evasion Items Clause: Evasion items are banned
|rule|Evasion Moves Clause: Evasion moves are banned
|rule|Evasion Abilities Clause: Evasion abilities are banned
|rule|Sleep Moves Clause: Sleep-inducing moves are banned
|clearpoke
|poke|p1|Ursaluna, M|
|poke|p1|Cresselia, F|
|poke|p1|Iron Valiant|
|poke|p1|Hatterene, F|
|poke|p1|Keldeo-Resolute|
|poke|p1|Ogerpon, F|
|poke|p2|Hatterene, F|
|poke|p2|Articuno|
|poke|p2|Conkeldurr, F|
|poke|p2|Fezandipiti, M|
|poke|p2|Dudunsparce-*, F|
|poke|p2|Sawsbuck-Winter, F|
|teampreview
|inactive|Battle timer is ON: inactive players will automatically lose when time's up. (requested by MYOPONE)
|
|t:|1759078133
|teamsize|p1|6
|teamsize|p2|6
|start
|switch|p1a: Hatterene|Hatterene, F, shiny|100/100
|switch|p2a: Sawsbuck|Sawsbuck-Winter, F, shiny|100/100
|turn|1
|
|t:|1759078144
|move|p2a: Sawsbuck|Body Slam|p1a: Hatterene
|-damage|p1a: Hatterene|66/100
|-status|p1a: Hatterene|par
|move|p1a: Hatterene|Trick Room|p1a: Hatterene
|-fieldstart|move: Trick Room|[of] p1a: Hatterene
|
|upkeep
|turn|2
|
|t:|1759078158
|switch|p1a: Ursaluna|Ursaluna, M, shiny|100/100
|move|p2a: Sawsbuck|Headbutt|p1a: Ursaluna
|-damage|p1a: Ursaluna|82/100
|
|-status|p1a: Ursaluna|brn|[from] item: Flame Orb
|upkeep
|turn|3
|
|t:|1759078172
|move|p1a: Ursaluna|Fire Punch|p2a: Sawsbuck
|-supereffective|p2a: Sawsbuck
|-damage|p2a: Sawsbuck|0 fnt
|faint|p2a: Sawsbuck
|
|-damage|p1a: Ursaluna|76/100 brn|[from] brn
|upkeep
|
|t:|1759078180
|switch|p2a: Hatterene|Hatterene, F|100/100
|turn|4
|
|t:|1759078191
|move|p2a: Hatterene|Dazzling Gleam|p1a: Ursaluna
|-damage|p1a: Ursaluna|31/100 brn
|move|p1a: Ursaluna|Facade|p2a: Hatterene
|-enditem|p2a: Hatterene|Focus Sash
|-damage|p2a: Hatterene|1/100
|
|-damage|p1a: Ursaluna|25/100 brn|[from] brn
|upkeep
|turn|5
|
|t:|1759078200
|switch|p1a: Hatterene|Hatterene, F, shiny|66/100 par
|move|p2a: Hatterene|Dazzling Gleam|p1a: Hatterene
|-damage|p1a: Hatterene|17/100 par
|
|-fieldend|move: Trick Room
|upkeep
|turn|6
|
|t:|1759078211
|move|p2a: Hatterene|Dazzling Gleam|p1a: Hatterene
|-damage|p1a: Hatterene|0 fnt
|faint|p1a: Hatterene
|
|upkeep
|
|t:|1759078215
|switch|p1a: Ursaluna|Ursaluna, M, shiny|25/100 brn
|turn|7
|c|☆Evand26|Oops
|
|t:|1759078226
|move|p1a: Ursaluna|Facade|p2a: Hatterene
|-damage|p2a: Hatterene|0 fnt
|faint|p2a: Hatterene
|
|-damage|p1a: Ursaluna|19/100 brn|[from] brn
|upkeep
|
|t:|1759078229
|switch|p2a: Conkeldurr|Conkeldurr, F|100/100
|turn|8
|
|t:|1759078239
|switch|p1a: Cresselia|Cresselia, F, shiny|100/100
|move|p2a: Conkeldurr|Mach Punch|p1a: Cresselia
|-resisted|p1a: Cresselia
|-damage|p1a: Cresselia|95/100
|-damage|p2a: Conkeldurr|84/100|[from] item: Rocky Helmet|[of] p1a: Cresselia
|
|-heal|p2a: Conkeldurr|90/100|[from] item: Leftovers
|upkeep
|turn|9
|
|t:|1759078252
|move|p2a: Conkeldurr|Bulk Up|p2a: Conkeldurr
|-boost|p2a: Conkeldurr|atk|1
|-boost|p2a: Conkeldurr|def|1
|move|p1a: Cresselia|Trick Room|p1a: Cresselia
|-fieldstart|move: Trick Room|[of] p1a: Cresselia
|
|-heal|p2a: Conkeldurr|97/100|[from] item: Leftovers
|upkeep
|turn|10
|
|t:|1759078264
|move|p1a: Cresselia|Psychic|p2a: Conkeldurr
|-supereffective|p2a: Conkeldurr
|-damage|p2a: Conkeldurr|42/100
|move|p2a: Conkeldurr|Thunder Punch|p1a: Cresselia
|-damage|p1a: Cresselia|71/100
|-damage|p2a: Conkeldurr|25/100|[from] item: Rocky Helmet|[of] p1a: Cresselia
|
|-heal|p2a: Conkeldurr|32/100|[from] item: Leftovers
|upkeep
|turn|11
|
|t:|1759078272
|move|p1a: Cresselia|Psychic|p2a: Conkeldurr
|-supereffective|p2a: Conkeldurr
|-damage|p2a: Conkeldurr|0 fnt
|faint|p2a: Conkeldurr
|
|upkeep
|
|t:|1759078279
|switch|p2a: Dudunsparce|Dudunsparce, F|100/100
|turn|12
|
|t:|1759078284
|move|p2a: Dudunsparce|Coil|p2a: Dudunsparce
|-boost|p2a: Dudunsparce|atk|1
|-boost|p2a: Dudunsparce|def|1
|-boost|p2a: Dudunsparce|accuracy|1
|move|p1a: Cresselia|Psychic|p2a: Dudunsparce
|-damage|p2a: Dudunsparce|85/100
|-unboost|p2a: Dudunsparce|spd|1
|
|-heal|p2a: Dudunsparce|91/100|[from] item: Leftovers
|upkeep
|turn|13
|
|t:|1759078297
|switch|p1a: Keldeo|Keldeo-Resolute|100/100
|move|p2a: Dudunsparce|Dragon Tail|p1a: Keldeo
|-damage|p1a: Keldeo|78/100
|drag|p1a: Iron Valiant|Iron Valiant|100/100
|-enditem|p1a: Iron Valiant|Booster Energy
|-activate|p1a: Iron Valiant|ability: Quark Drive|[fromitem]
|-start|p1a: Iron Valiant|quarkdrivespe
|
|-heal|p2a: Dudunsparce|98/100|[from] item: Leftovers
|-fieldend|move: Trick Room
|upkeep
|turn|14
|
|t:|1759078313
|move|p1a: Iron Valiant|Close Combat|p2a: Dudunsparce
|-supereffective|p2a: Dudunsparce
|-damage|p2a: Dudunsparce|35/100
|-unboost|p1a: Iron Valiant|def|1
|-unboost|p1a: Iron Valiant|spd|1
|move|p2a: Dudunsparce|Body Slam|p1a: Iron Valiant
|-damage|p1a: Iron Valiant|10/100
|-status|p1a: Iron Valiant|par
|
|-heal|p2a: Dudunsparce|41/100|[from] item: Leftovers
|upkeep
|turn|15
|
|t:|1759078324
|-end|p1a: Iron Valiant|Quark Drive|[silent]
|switch|p1a: Cresselia|Cresselia, F, shiny|71/100
|move|p2a: Dudunsparce|Roost|p2a: Dudunsparce
|-heal|p2a: Dudunsparce|91/100
|-singleturn|p2a: Dudunsparce|move: Roost
|
|-heal|p2a: Dudunsparce|97/100|[from] item: Leftovers
|upkeep
|turn|16
|
|t:|1759078336
|move|p2a: Dudunsparce|Body Slam|p1a: Cresselia
|-damage|p1a: Cresselia|47/100
|-status|p1a: Cresselia|par
|-damage|p2a: Dudunsparce|81/100|[from] item: Rocky Helmet|[of] p1a: Cresselia
|move|p1a: Cresselia|Trick Room|p1a: Cresselia
|-fieldstart|move: Trick Room|[of] p1a: Cresselia
|
|-heal|p2a: Dudunsparce|87/100|[from] item: Leftovers
|upkeep
|turn|17
|
|t:|1759078347
|move|p1a: Cresselia|Lunar Dance|p1a: Cresselia
|faint|p1a: Cresselia
|move|p2a: Dudunsparce|Body Slam|p1: Cresselia|[notarget]
|-fail|p2a: Dudunsparce
|
|-heal|p2a: Dudunsparce|93/100|[from] item: Leftovers
|upkeep
|
|t:|1759078353
|switch|p1a: Ursaluna|Ursaluna, M, shiny|19/100 brn
|-heal|p1a: Ursaluna|100/100|[from] move: Lunar Dance
|turn|18
|
|t:|1759078364
|move|p1a: Ursaluna|Facade|p2a: Dudunsparce
|-damage|p2a: Dudunsparce|65/100
|move|p2a: Dudunsparce|Dragon Tail|p1a: Ursaluna
|-damage|p1a: Ursaluna|86/100
|drag|p1a: Keldeo|Keldeo-Resolute|78/100
|
|-heal|p2a: Dudunsparce|71/100|[from] item: Leftovers
|upkeep
|turn|19
|
|t:|1759078377
|move|p2a: Dudunsparce|Body Slam|p1a: Keldeo
|-damage|p1a: Keldeo|29/100
|-status|p1a: Keldeo|par
|move|p1a: Keldeo|Secret Sword|p2a: Dudunsparce
|-supereffective|p2a: Dudunsparce
|-damage|p2a: Dudunsparce|0 fnt
|faint|p2a: Dudunsparce
|
|upkeep
|
|t:|1759078394
|switch|p2a: Articuno|Articuno|100/100
|-ability|p2a: Articuno|Pressure
|turn|20
|
|t:|1759078399
|move|p1a: Keldeo|Secret Sword|p2a: Articuno
|-damage|p2a: Articuno|38/100
|move|p2a: Articuno|Freeze-Dry|p1a: Keldeo
|-supereffective|p1a: Keldeo
|-damage|p1a: Keldeo|0 fnt
|faint|p1a: Keldeo
|
|-fieldend|move: Trick Room
|upkeep
|
|t:|1759078411
|switch|p1a: Iron Valiant|Iron Valiant|10/100 par
|turn|21
|
|t:|1759078416
|move|p2a: Articuno|Freeze-Dry|p1a: Iron Valiant
|-damage|p1a: Iron Valiant|0 fnt
|faint|p1a: Iron Valiant
|-end|p1a: Iron Valiant|Quark Drive|[silent]
|
|upkeep
|
|t:|1759078425
|switch|p1a: Ogerpon|Ogerpon, F|100/100
|turn|22
|
|t:|1759078433
|move|p1a: Ogerpon|Knock Off|p2a: Articuno
|-damage|p2a: Articuno|0 fnt
|-enditem|p2a: Articuno|Heavy-Duty Boots|[from] move: Knock Off|[of] p1a: Ogerpon
|faint|p2a: Articuno
|
|upkeep
|
|t:|1759078436
|switch|p2a: Fezandipiti|Fezandipiti, M|100/100
|turn|23
|
|t:|1759078461
|switch|p1a: Ursaluna|Ursaluna, M, shiny|86/100
|move|p2a: Fezandipiti|Beat Up|p1a: Ursaluna
|-damage|p1a: Ursaluna|83/100
|-hitcount|p1a: Ursaluna|1
|
|-status|p1a: Ursaluna|brn|[from] item: Flame Orb
|upkeep
|turn|24
|
|t:|1759078491
|-terastallize|p2a: Fezandipiti|Dark
|-terastallize|p1a: Ursaluna|Normal
|move|p2a: Fezandipiti|Beat Up|p1a: Ursaluna
|-damage|p1a: Ursaluna|78/100 brn
|-hitcount|p1a: Ursaluna|1
|move|p1a: Ursaluna|Facade|p2a: Fezandipiti
|-damage|p2a: Fezandipiti|0 fnt
|faint|p2a: Fezandipiti
|
|win|Evand26
|raw|Evand26's rating: 1081 &rarr; <strong>1111</strong><br />(+30 for winning)
|raw|MYOPONE's rating: 1103 &rarr; <strong>1076</strong><br />(-27 for losing)
|l|☆Evand26
|player|p1|
