|j|☆LaBaleada
|j|☆SocialCreditLover
|t:|1758987020
|gametype|singles
|player|p1|LaBaleada|170|1704
|player|p2|SocialCreditLover|li|1703
|gen|9
|tier|[Gen 9] OU
|rated|
|rule|HP Percentage Mod: HP is shown in percentages
|rule|Endless Battle Clause: Forcing endless battles is banned
|rule|Species Clause: Limit one of each Pokémon
|rule|OHKO Clause: OHKO moves are banned
|rule|Evasion Items Clause: Evasion items are banned
|rule|Evasion Moves Clause: Evasion moves are banned
|rule|Evasion Abilities Clause: Evasion abilities are banned
|rule|Sleep Moves Clause: Sleep-inducing moves are banned
|clearpoke
|poke|p1|Pelipper, M|
|poke|p1|Ogerpon-Wellspring, F|
|poke|p1|Raging Bolt|
|poke|p1|Rillaboom, M|
|poke|p1|Iron Treads|
|poke|p1|Tornadus-Therian, M|
|poke|p2|Pelipper, F|
|poke|p2|Hatterene, F|
|poke|p2|Iron Treads|
|poke|p2|Toxicroak, F|
|poke|p2|Barraskewda, F|
|poke|p2|Zapdos|
|teampreview
|inactive|Battle timer is ON: inactive players will automatically lose when time's up. (requested by LaBaleada)
|
|t:|1758987040
|teamsize|p1|6
|teamsize|p2|6
|start
|switch|p1a: Iron Treads|Iron Treads|100/100
|switch|p2a: Barraskewda|Barraskewda, F|100/100
|turn|1
|
|t:|1758987046
|-end|p1a: Iron Treads|Quark Drive|[silent]
|switch|p1a: Ogerpon|Ogerpon-Wellspring, F|100/100
|move|p2a: Barraskewda|Flip Turn|p1a: Ogerpon
|-immune|p1a: Ogerpon|[from] ability: Water Absorb
|
|upkeep
|turn|2
|
|t:|1758987057
|switch|p2a: Toxicroak|Toxicroak, F|100/100
|switch|p1a: Pelipper|Pelipper, M|100/100
|-weather|RainDance|[from] ability: Drizzle|[of] p1a: Pelipper
|
|-weather|RainDance|[upkeep]
|upkeep
|turn|3
|
|t:|1758987066
|switch|p2a: Hatterene|Hatterene, F|100/100
|move|p1a: Pelipper|Hurricane|p2a: Hatterene
|-damage|p2a: Hatterene|17/100
|-enditem|p2a: Hatterene|Eject Button
|
|t:|1758987069
|switch|p2a: Zapdos|Zapdos|100/100
|
|-weather|RainDance|[upkeep]
|upkeep
|turn|4
|
|t:|1758987078
|switch|p1a: Tornadus|Tornadus-Therian, M|100/100
|move|p2a: Zapdos|Weather Ball|p1a: Tornadus
|-damage|p1a: Tornadus|45/100
|
|-weather|RainDance|[upkeep]
|upkeep
|turn|5
|
|t:|1758987088
|switch|p2a: Iron Treads|Iron Treads|100/100
|move|p1a: Tornadus|U-turn|p2a: Iron Treads
|-resisted|p2a: Iron Treads
|-damage|p2a: Iron Treads|94/100
|
|t:|1758987100
|switch|p1a: Ogerpon|Ogerpon-Wellspring, F|100/100|[from] U-turn
|
|-weather|RainDance|[upkeep]
|-heal|p2a: Iron Treads|100/100|[from] item: Leftovers
|upkeep
|turn|6
|
|t:|1758987104
|-end|p2a: Iron Treads|Quark Drive|[silent]
|switch|p2a: Toxicroak|Toxicroak, F|100/100
|move|p1a: Ogerpon|U-turn|p2a: Toxicroak
|-resisted|p2a: Toxicroak
|-damage|p2a: Toxicroak|94/100
|-damage|p1a: Ogerpon|84/100|[from] item: Rocky Helmet|[of] p2a: Toxicroak
|
|t:|1758987107
|switch|p1a: Tornadus|Tornadus-Therian, M|78/100|[from] U-turn
|
|-weather|none
|upkeep
|turn|7
|
|t:|1758987113
|switch|p2a: Iron Treads|Iron Treads|100/100
|move|p1a: Tornadus|Focus Blast|p2a: Iron Treads|[miss]
|-miss|p1a: Tornadus|p2a: Iron Treads
|
|upkeep
|turn|8
|
|t:|1758987119
|move|p1a: Tornadus|Knock Off|p2a: Iron Treads
|-damage|p2a: Iron Treads|85/100
|-enditem|p2a: Iron Treads|Leftovers|[from] move: Knock Off|[of] p1a: Tornadus
|move|p2a: Iron Treads|Stealth Rock|p1a: Tornadus
|-sidestart|p1: LaBaleada|move: Stealth Rock
|
|upkeep
|turn|9
|
|t:|1758987125
|-end|p2a: Iron Treads|Quark Drive|[silent]
|switch|p2a: Pelipper|Pelipper, F|100/100
|-weather|RainDance|[from] ability: Drizzle|[of] p2a: Pelipper
|move|p1a: Tornadus|Focus Blast|p2a: Pelipper
|-resisted|p2a: Pelipper
|-damage|p2a: Pelipper|87/100
|-unboost|p2a: Pelipper|spd|1
|
|-weather|RainDance|[upkeep]
|upkeep
|turn|10
|
|t:|1758987131
|move|p1a: Tornadus|Hurricane|p2a: Pelipper
|-damage|p2a: Pelipper|32/100
|move|p2a: Pelipper|U-turn|p1a: Tornadus
|-resisted|p1a: Tornadus
|-damage|p1a: Tornadus|73/100
|
|t:|1758987135
|switch|p2a: Zapdos|Zapdos|100/100|[from] U-turn
|
|-weather|RainDance|[upkeep]
|upkeep
|turn|11
|
|t:|1758987148
|switch|p1a: Raging Bolt|Raging Bolt|100/100
|-damage|p1a: Raging Bolt|88/100|[from] Stealth Rock
|move|p2a: Zapdos|Hurricane|p1a: Raging Bolt
|-resisted|p1a: Raging Bolt
|-crit|p1a: Raging Bolt
|-damage|p1a: Raging Bolt|24/100
|
|-weather|RainDance|[upkeep]
|upkeep
|turn|12
|
|t:|1758987153
|move|p1a: Raging Bolt|Thunderclap|p2a: Zapdos
|-damage|p2a: Zapdos|53/100
|move|p2a: Zapdos|Hurricane|p1a: Raging Bolt
|-resisted|p1a: Raging Bolt
|-damage|p1a: Raging Bolt|0 fnt
|faint|p1a: Raging Bolt
|-end|p1a: Raging Bolt|Protosynthesis|[silent]
|
|-weather|RainDance|[upkeep]
|upkeep
|
|t:|1758987157
|switch|p1a: Iron Treads|Iron Treads|100/100
|turn|13
|
|t:|1758987165
|switch|p2a: Hatterene|Hatterene, F|17/100
|move|p1a: Iron Treads|Stealth Rock|p2a: Hatterene
|move|p2a: Hatterene|Stealth Rock||[from] ability: Magic Bounce|[still]
|-fail|p2a: Hatterene
|
|-weather|RainDance|[upkeep]
|upkeep
|turn|14
|
|t:|1758987171
|move|p1a: Iron Treads|Earth Power|p2a: Hatterene
|-damage|p2a: Hatterene|0 fnt
|faint|p2a: Hatterene
|
|-weather|RainDance|[upkeep]
|upkeep
|
|t:|1758987173
|switch|p2a: Barraskewda|Barraskewda, F|100/100
|turn|15
|
|t:|1758987176
|move|p2a: Barraskewda|Close Combat|p1a: Iron Treads
|-supereffective|p1a: Iron Treads
|-damage|p1a: Iron Treads|0 fnt
|-unboost|p2a: Barraskewda|def|1
|-unboost|p2a: Barraskewda|spd|1
|faint|p1a: Iron Treads
|-end|p1a: Iron Treads|Quark Drive|[silent]
|
|-weather|RainDance|[upkeep]
|upkeep
|
|t:|1758987182
|switch|p1a: Tornadus|Tornadus-Therian, M|100/100
|-damage|p1a: Tornadus|76/100|[from] Stealth Rock
|turn|16
|
|t:|1758987188
|switch|p2a: Iron Treads|Iron Treads|85/100
|move|p1a: Tornadus|Hurricane|p2a: Iron Treads
|-resisted|p2a: Iron Treads
|-damage|p2a: Iron Treads|68/100
|-start|p2a: Iron Treads|confusion
|
|-weather|none
|upkeep
|turn|17
|
|t:|1758987192
|-end|p2a: Iron Treads|Quark Drive|[silent]
|switch|p2a: Pelipper|Pelipper, F|32/100
|-weather|RainDance|[from] ability: Drizzle|[of] p2a: Pelipper
|move|p1a: Tornadus|Hurricane|p2a: Pelipper
|-damage|p2a: Pelipper|0 fnt
|faint|p2a: Pelipper
|
|-weather|RainDance|[upkeep]
|upkeep
|j| poison doctor
|
|t:|1758987197
|switch|p2a: Zapdos|Zapdos|53/100
|turn|18
|
|t:|1758987205
|move|p1a: Tornadus|Knock Off|p2a: Zapdos
|-damage|p2a: Zapdos|28/100
|-enditem|p2a: Zapdos|Choice Specs|[from] move: Knock Off|[of] p1a: Tornadus
|move|p2a: Zapdos|Hurricane|p1a: Tornadus
|-damage|p1a: Tornadus|35/100
|
|-weather|RainDance|[upkeep]
|upkeep
|turn|19
|
|t:|1758987216
|move|p1a: Tornadus|Hurricane|p2a: Zapdos
|-resisted|p2a: Zapdos
|-damage|p2a: Zapdos|6/100
|move|p2a: Zapdos|Thunder|p1a: Tornadus
|-supereffective|p1a: Tornadus
|-damage|p1a: Tornadus|0 fnt
|faint|p1a: Tornadus
|
|-weather|RainDance|[upkeep]
|upkeep
|
|t:|1758987225
|switch|p1a: Ogerpon|Ogerpon-Wellspring, F|84/100
|-damage|p1a: Ogerpon|72/100|[from] Stealth Rock
|turn|20
|
|t:|1758987230
|switch|p2a: Toxicroak|Toxicroak, F|94/100
|move|p1a: Ogerpon|U-turn|p2a: Toxicroak
|-resisted|p2a: Toxicroak
|-damage|p2a: Toxicroak|87/100
|-damage|p1a: Ogerpon|55/100|[from] item: Rocky Helmet|[of] p2a: Toxicroak
|
|t:|1758987232
|switch|p1a: Pelipper|Pelipper, M|100/100|[from] U-turn
|-damage|p1a: Pelipper|76/100|[from] Stealth Rock
|
|-weather|RainDance|[upkeep]
|-heal|p2a: Toxicroak|99/100|[from] ability: Dry Skin
|upkeep
|turn|21
|
|t:|1758987240
|switch|p2a: Iron Treads|Iron Treads|68/100
|move|p1a: Pelipper|Hurricane|p2a: Iron Treads
|-resisted|p2a: Iron Treads
|-damage|p2a: Iron Treads|39/100
|
|-weather|RainDance|[upkeep]
|upkeep
|turn|22
|
|t:|1758987245
|move|p2a: Iron Treads|Volt Switch|p1a: Pelipper
|-supereffective|p1a: Pelipper
|-damage|p1a: Pelipper|3/100
|
|t:|1758987250
|-end|p2a: Iron Treads|Quark Drive|[silent]
|switch|p2a: Zapdos|Zapdos|6/100|[from] Volt Switch
|move|p1a: Pelipper|Hurricane|p2a: Zapdos
|-resisted|p2a: Zapdos
|-damage|p2a: Zapdos|0 fnt
|faint|p2a: Zapdos
|
|-weather|RainDance|[upkeep]
|upkeep
|
|t:|1758987256
|switch|p2a: Iron Treads|Iron Treads|39/100
|turn|23
|
|t:|1758987260
|move|p2a: Iron Treads|Volt Switch|p1a: Pelipper
|-supereffective|p1a: Pelipper
|-damage|p1a: Pelipper|0 fnt
|faint|p1a: Pelipper
|
|t:|1758987263
|-end|p2a: Iron Treads|Quark Drive|[silent]
|switch|p2a: Barraskewda|Barraskewda, F|100/100|[from] Volt Switch
|
|-weather|RainDance|[upkeep]
|upkeep
|
|t:|1758987266
|switch|p1a: Rillaboom|Rillaboom, M|100/100
|-damage|p1a: Rillaboom|88/100|[from] Stealth Rock
|-fieldstart|move: Grassy Terrain|[from] ability: Grassy Surge|[of] p1a: Rillaboom
|turn|24
|
|t:|1758987274
|switch|p2a: Iron Treads|Iron Treads|39/100
|move|p1a: Rillaboom|Knock Off|p2a: Iron Treads
|-damage|p2a: Iron Treads|12/100
|
|-weather|none
|-heal|p1a: Rillaboom|94/100|[from] Grassy Terrain
|-heal|p2a: Iron Treads|18/100|[from] Grassy Terrain
|upkeep
|turn|25
|
|t:|1758987282
|move|p1a: Rillaboom|Knock Off|p2a: Iron Treads
|-crit|p2a: Iron Treads
|-damage|p2a: Iron Treads|0 fnt
|faint|p2a: Iron Treads
|-end|p2a: Iron Treads|Quark Drive|[silent]
|
|-heal|p1a: Rillaboom|100/100|[from] Grassy Terrain
|upkeep
|
|t:|1758987283
|switch|p2a: Toxicroak|Toxicroak, F|99/100
|turn|26
|
|t:|1758987288
|switch|p1a: Ogerpon|Ogerpon-Wellspring, F|55/100
|-damage|p1a: Ogerpon|43/100|[from] Stealth Rock
|move|p2a: Toxicroak|Drain Punch|p1a: Ogerpon
|-crit|p1a: Ogerpon
|-damage|p1a: Ogerpon|0 fnt
|-heal|p2a: Toxicroak|100/100|[from] drain|[of] p1a: Ogerpon
|faint|p1a: Ogerpon
|
|upkeep
|
|t:|1758987289
|switch|p1a: Rillaboom|Rillaboom, M|100/100
|-damage|p1a: Rillaboom|88/100|[from] Stealth Rock
|turn|27
|
|t:|1758987303
|-terastallize|p1a: Rillaboom|Grass
|-terastallize|p2a: Toxicroak|Ghost
|move|p1a: Rillaboom|Grassy Glide|p2a: Toxicroak
|-damage|p2a: Toxicroak|21/100
|-damage|p1a: Rillaboom|72/100|[from] item: Rocky Helmet|[of] p2a: Toxicroak
|move|p2a: Toxicroak|Drain Punch|p1a: Rillaboom
|-damage|p1a: Rillaboom|43/100
|-heal|p2a: Toxicroak|34/100|[from] drain|[of] p1a: Rillaboom
|
|-heal|p1a: Rillaboom|49/100|[from] Grassy Terrain
|-heal|p2a: Toxicroak|40/100|[from] Grassy Terrain
|upkeep
|turn|28
|j| ul3
|j| Spider x3
|
|t:|1758987314
|move|p1a: Rillaboom|Grassy Glide|p2a: Toxicroak
|-damage|p2a: Toxicroak|0 fnt
|-damage|p1a: Rillaboom|33/100|[from] item: Rocky Helmet|[of] p2a: Toxicroak
|faint|p2a: Toxicroak
|
|-heal|p1a: Rillaboom|39/100|[from] Grassy Terrain
|-fieldend|move: Grassy Terrain
|upkeep
|
|t:|1758987315
|switch|p2a: Barraskewda|Barraskewda, F|100/100
|turn|29
|
|t:|1758987318
|move|p2a: Barraskewda|Close Combat|p1a: Rillaboom
|-damage|p1a: Rillaboom|0 fnt
|-unboost|p2a: Barraskewda|def|1
|-unboost|p2a: Barraskewda|spd|1
|faint|p1a: Rillaboom
|
|win|SocialCreditLover
|raw|LaBaleada's rating: 1704 &rarr; <strong>1684</strong><br />(-20 for losing)
|raw|SocialCreditLover's rating: 1703 &rarr; <strong>1723</strong><br />(+20 for winning)
|l|☆LaBaleada
|player|p1|
|l|☆SocialCreditLover
|player|p2|
|l| Spider x3
|l| ul3
|l| poison doctor
