|badge|p2|silver|gen9ou|30-6
|html|<div class="broadcast-red"><strong>This battle is required to be public due to one or more player having a season medal.</strong><br />During the public phase, you can discuss the state of the ladder <a href="/seasondiscussion">in a special chatroom.</a></div>
|uhtml|medal-msg|<div class="broadcast-blue">Curious what those medals under the avatar are? PS now has Ladder Seasons! For more information, check out the <a href="https://www.smogon.com/forums/threads/3740067/">thread on Smogon.</a></div>
|raw|<div class="broadcast-blue"><strong>This battle is required to be public due to a player having a name starting with 'medal'.</div>
|j|☆MunchlaxTheGodKing
|j|☆ShinyLucarioXD
|t:|1758988828
|gametype|singles
|player|p1|MunchlaxTheGodKing|furisodegirl-black|1812
|player|p2|ShinyLucarioXD|riley|1929
|gen|9
|tier|[Gen 9] OU
|rated|
|rule|HP Percentage Mod: HP is shown in percentages
|rule|Endless Battle Clause: Forcing endless battles is banned
|rule|Species Clause: Limit one of each Pokémon
|rule|OHKO Clause: OHKO moves are banned
|rule|Evasion Items Clause: Evasion items are banned
|rule|Evasion Moves Clause: Evasion moves are banned
|rule|Evasion Abilities Clause: Evasion abilities are banned
|rule|Sleep Moves Clause: Sleep-inducing moves are banned
|clearpoke
|poke|p1|Zamazenta-*|
|poke|p1|Dragapult, M|
|poke|p1|Raging Bolt|
|poke|p1|Moltres|
|poke|p1|Iron Treads|
|poke|p1|Samurott-Hisui, M|
|poke|p2|Raging Bolt|
|poke|p2|Samurott-Hisui, F|
|poke|p2|Dragonite, F|
|poke|p2|Gholdengo|
|poke|p2|Great Tusk|
|poke|p2|Enamorus, F|
|teampreview
|inactive|Battle timer is ON: inactive players will automatically lose when time's up. (requested by ShinyLucarioXD)
|inactive|MunchlaxTheGodKing also wants the timer to be on.
|j| dsvdv
|
|t:|1758988839
|teamsize|p1|6
|teamsize|p2|6
|start
|switch|p1a: 脑袋尖尖的|Zamazenta|100/100
|switch|p2a: Great Tusk|Great Tusk|100/100
|-ability|p1a: 脑袋尖尖的|Dauntless Shield|boost
|-boost|p1a: 脑袋尖尖的|def|1
|turn|1
|l| dsvdv
|
|t:|1758988845
|switch|p1a: Moltres|Moltres|100/100
|move|p2a: Great Tusk|Knock Off|p1a: Moltres
|-damage|p1a: Moltres|73/100
|-enditem|p1a: Moltres|Heavy-Duty Boots|[from] move: Knock Off|[of] p2a: Great Tusk
|
|upkeep
|turn|2
|
|t:|1758988849
|move|p1a: Moltres|Hurricane|p2a: Great Tusk
|-supereffective|p2a: Great Tusk
|-damage|p2a: Great Tusk|0 fnt
|faint|p2a: Great Tusk
|-end|p2a: Great Tusk|Protosynthesis|[silent]
|
|upkeep
|
|t:|1758988854
|switch|p2a: Raging Bolt|Raging Bolt|100/100
|-enditem|p2a: Raging Bolt|Booster Energy
|-activate|p2a: Raging Bolt|ability: Protosynthesis|[fromitem]
|-start|p2a: Raging Bolt|protosynthesisspa
|turn|3
|
|t:|1758988858
|switch|p1a: 踩踩背|Iron Treads|100/100
|move|p2a: Raging Bolt|Dragon Pulse|p1a: 踩踩背
|-resisted|p1a: 踩踩背
|-damage|p1a: 踩踩背|75/100
|
|-heal|p1a: 踩踩背|81/100|[from] item: Leftovers
|upkeep
|turn|4
|j| Zombini62
|
|t:|1758988865
|-end|p2a: Raging Bolt|Protosynthesis|[silent]
|switch|p2a: Enamorus|Enamorus, F|100/100
|move|p1a: 踩踩背|Rapid Spin|p2a: Enamorus
|-damage|p2a: Enamorus|81/100
|-boost|p1a: 踩踩背|spe|1
|
|-heal|p1a: 踩踩背|87/100|[from] item: Leftovers
|-heal|p2a: Enamorus|87/100|[from] item: Leftovers
|upkeep
|turn|5
|
|t:|1758988869
|move|p1a: 踩踩背|Knock Off|p2a: Enamorus
|-resisted|p2a: Enamorus
|-damage|p2a: Enamorus|68/100
|-enditem|p2a: Enamorus|Leftovers|[from] move: Knock Off|[of] p1a: 踩踩背
|move|p2a: Enamorus|Earth Power|p1a: 踩踩背
|-supereffective|p1a: 踩踩背
|-damage|p1a: 踩踩背|30/100
|
|-heal|p1a: 踩踩背|36/100|[from] item: Leftovers
|upkeep
|turn|6
|
|t:|1758988873
|move|p1a: 踩踩背|Stealth Rock|p2a: Enamorus
|-sidestart|p2: ShinyLucarioXD|move: Stealth Rock
|move|p2a: Enamorus|Earth Power|p1a: 踩踩背
|-supereffective|p1a: 踩踩背
|-damage|p1a: 踩踩背|0 fnt
|faint|p1a: 踩踩背
|-end|p1a: 踩踩背|Quark Drive|[silent]
|
|upkeep
|
|t:|1758988887
|switch|p1a: 脑袋尖尖的|Zamazenta|100/100
|turn|7
|
|t:|1758988890
|move|p1a: 脑袋尖尖的|Ice Fang|p2a: Enamorus
|-supereffective|p2a: Enamorus
|-damage|p2a: Enamorus|0 fnt
|faint|p2a: Enamorus
|-damage|p1a: 脑袋尖尖的|91/100|[from] item: Life Orb
|
|upkeep
|
|t:|1758988893
|switch|p2a: Raging Bolt|Raging Bolt|100/100
|-damage|p2a: Raging Bolt|88/100|[from] Stealth Rock
|turn|8
|
|t:|1758988903
|move|p1a: 脑袋尖尖的|Close Combat|p2a: Raging Bolt
|-crit|p2a: Raging Bolt
|-damage|p2a: Raging Bolt|0 fnt
|-unboost|p1a: 脑袋尖尖的|def|1
|-unboost|p1a: 脑袋尖尖的|spd|1
|faint|p2a: Raging Bolt
|-end|p2a: Raging Bolt|Protosynthesis|[silent]
|-damage|p1a: 脑袋尖尖的|81/100|[from] item: Life Orb
|
|upkeep
|
|t:|1758988907
|switch|p2a: Gholdengo|Gholdengo|100/100
|-damage|p2a: Gholdengo|95/100|[from] Stealth Rock
|turn|9
|
|t:|1758988915
|switch|p1a: 90%≠don't blunder|Samurott-Hisui, M|100/100
|move|p2a: Gholdengo|Focus Blast|p1a: 90%≠don't blunder|[miss]
|-miss|p2a: Gholdengo|p1a: 90%≠don't blunder
|
|upkeep
|turn|10
|
|t:|1758988918
|move|p2a: Gholdengo|Focus Blast|p1a: 90%≠don't blunder
|-supereffective|p1a: 90%≠don't blunder
|-damage|p1a: 90%≠don't blunder|0 fnt
|faint|p1a: 90%≠don't blunder
|
|upkeep
|
|t:|1758988921
|switch|p1a: Moltres|Moltres|73/100
|turn|11
|j| wgw2333
|
|t:|1758988924
|switch|p2a: Samurott|Samurott-Hisui, F, shiny|100/100
|-damage|p2a: Samurott|88/100|[from] Stealth Rock
|move|p1a: Moltres|Hurricane|p2a: Samurott
|-damage|p2a: Samurott|55/100
|
|upkeep
|turn|12
|
|t:|1758988929
|move|p1a: Moltres|U-turn|p2a: Samurott
|-supereffective|p2a: Samurott
|-damage|p2a: Samurott|25/100
|l| wgw2333
|
|t:|1758988931
|switch|p1a: 脑袋尖尖的|Zamazenta|81/100|[from] U-turn
|move|p2a: Samurott|Ceaseless Edge|p1a: 脑袋尖尖的
|-resisted|p1a: 脑袋尖尖的
|-damage|p1a: 脑袋尖尖的|66/100
|-sidestart|p1: MunchlaxTheGodKing|Spikes
|
|upkeep
|turn|13
|j| Squallskip
|
|t:|1758988935
|move|p2a: Samurott|Sucker Punch|p1a: 脑袋尖尖的
|-resisted|p1a: 脑袋尖尖的
|-damage|p1a: 脑袋尖尖的|54/100
|move|p1a: 脑袋尖尖的|Close Combat|p2a: Samurott
|-supereffective|p2a: Samurott
|-damage|p2a: Samurott|0 fnt
|-unboost|p1a: 脑袋尖尖的|def|1
|-unboost|p1a: 脑袋尖尖的|spd|1
|faint|p2a: Samurott
|-damage|p1a: 脑袋尖尖的|44/100|[from] item: Life Orb
|
|upkeep
|
|t:|1758988938
|switch|p2a: Gholdengo|Gholdengo|95/100
|-damage|p2a: Gholdengo|89/100|[from] Stealth Rock
|turn|14
|
|t:|1758988941
|move|p2a: Gholdengo|Shadow Ball|p1a: 脑袋尖尖的
|-damage|p1a: 脑袋尖尖的|0 fnt
|faint|p1a: 脑袋尖尖的
|
|upkeep
|
|t:|1758988943
|switch|p1a: Moltres|Moltres|73/100
|turn|15
|
|t:|1758988945
|move|p2a: Gholdengo|Shadow Ball|p1a: Moltres
|-damage|p1a: Moltres|24/100
|move|p1a: Moltres|Flamethrower|p2a: Gholdengo
|-supereffective|p2a: Gholdengo
|-damage|p2a: Gholdengo|0 fnt
|faint|p2a: Gholdengo
|
|upkeep
|
|t:|1758988948
|switch|p2a: Dragonite|Dragonite, F, shiny|100/100
|-damage|p2a: Dragonite|76/100|[from] Stealth Rock
|turn|16
|
|t:|1758988951
|move|p1a: Moltres|U-turn|p2a: Dragonite
|-resisted|p2a: Dragonite
|-damage|p2a: Dragonite|68/100
|
|t:|1758988954
|switch|p1a: 24岁 喜欢发射孩子|Dragapult, M|100/100|[from] U-turn
|-damage|p1a: 24岁 喜欢发射孩子|88/100|[from] Spikes
|move|p2a: Dragonite|Dragon Dance|p2a: Dragonite
|-boost|p2a: Dragonite|atk|1
|-boost|p2a: Dragonite|spe|1
|
|upkeep
|turn|17
|
|t:|1758988966
|-terastallize|p2a: Dragonite|Normal
|move|p1a: 24岁 喜欢发射孩子|Draco Meteor|p2a: Dragonite|[miss]
|-miss|p1a: 24岁 喜欢发射孩子|p2a: Dragonite
|move|p2a: Dragonite|Dragon Dance|p2a: Dragonite
|-boost|p2a: Dragonite|atk|1
|-boost|p2a: Dragonite|spe|1
|
|upkeep
|turn|18
|
|t:|1758988975
|move|p2a: Dragonite|Roost|p2a: Dragonite
|-heal|p2a: Dragonite|100/100
|move|p1a: 24岁 喜欢发射孩子|Draco Meteor|p2a: Dragonite
|-damage|p2a: Dragonite|60/100
|-unboost|p1a: 24岁 喜欢发射孩子|spa|2
|
|upkeep
|turn|19
|
|t:|1758988979
|switch|p1a: 长脖奶龙|Raging Bolt|100/100
|move|p2a: Dragonite|Roost|p2a: Dragonite
|-heal|p2a: Dragonite|100/100
|
|upkeep
|turn|20
|
|t:|1758988985
|-end|p1a: 长脖奶龙|Protosynthesis|[silent]
|switch|p1a: Moltres|Moltres|24/100
|move|p2a: Dragonite|Ice Spinner|p1a: Moltres
|-damage|p1a: Moltres|0 fnt
|faint|p1a: Moltres
|
|upkeep
|
|t:|1758988990
|switch|p1a: 长脖奶龙|Raging Bolt|100/100
|turn|21
|
|t:|1758989002
|-terastallize|p1a: 长脖奶龙|Fairy
|move|p2a: Dragonite|Extreme Speed|p1a: 长脖奶龙
|-damage|p1a: 长脖奶龙|10/100
|move|p1a: 长脖奶龙|Thunderbolt|p2a: Dragonite
|-damage|p2a: Dragonite|78/100
|
|upkeep
|turn|22
|
|t:|1758989006
|move|p2a: Dragonite|Extreme Speed|p1a: 长脖奶龙
|-damage|p1a: 长脖奶龙|0 fnt
|faint|p1a: 长脖奶龙
|-end|p1a: 长脖奶龙|Protosynthesis|[silent]
|
|upkeep
|
|t:|1758989008
|switch|p1a: 24岁 喜欢发射孩子|Dragapult, M|88/100
|-damage|p1a: 24岁 喜欢发射孩子|76/100|[from] Spikes
|turn|23
|
|t:|1758989011
|move|p2a: Dragonite|Ice Spinner|p1a: 24岁 喜欢发射孩子
|-supereffective|p1a: 24岁 喜欢发射孩子
|-damage|p1a: 24岁 喜欢发射孩子|0 fnt
|faint|p1a: 24岁 喜欢发射孩子
|
|win|ShinyLucarioXD
|raw|MunchlaxTheGodKing's rating: 1812 &rarr; <strong>1798</strong><br />(-14 for losing)
|raw|ShinyLucarioXD's rating: 1929 &rarr; <strong>1943</strong><br />(+14 for winning)
|l|☆MunchlaxTheGodKing
|player|p1|
|l|☆ShinyLucarioXD
|player|p2|
|j|☆MunchlaxTheGodKing
|player|p1|MunchlaxTheGodKing|furisodegirl-black|
|l| Zombini62
|l| Squallskip
|l|☆MunchlaxTheGodKing
|player|p1|
|j| amefurikoneko
