|j|☆Mr Tpen
|j|☆Nikator98
|t:|1759068797
|gametype|singles
|player|p1|Mr Tpen|2|1739
|player|p2|Nikator98|giovanni|1756
|gen|9
|tier|[Gen 9] OU
|rated|
|rule|HP Percentage Mod: HP is shown in percentages
|rule|Endless Battle Clause: Forcing endless battles is banned
|rule|Species Clause: Limit one of each Pokémon
|rule|OHKO Clause: OHKO moves are banned
|rule|Evasion Items Clause: Evasion items are banned
|rule|Evasion Moves Clause: Evasion moves are banned
|rule|Evasion Abilities Clause: Evasion abilities are banned
|rule|Sleep Moves Clause: Sleep-inducing moves are banned
|clearpoke
|poke|p1|Enamorus, F|
|poke|p1|Kyurem|
|poke|p1|Landorus-Therian, M|
|poke|p1|Kingambit, F|
|poke|p1|Ogerpon-Wellspring, F|
|poke|p1|Glimmora, F|
|poke|p2|Metagross|
|poke|p2|Great Tusk|
|poke|p2|Haxorus, M|
|poke|p2|Iron Moth|
|poke|p2|Zoroark-Hisui, M|
|poke|p2|Ninetales-Alola, F|
|teampreview
|inactive|Battle timer is ON: inactive players will automatically lose when time's up. (requested by Mr Tpen)
|j| poor ce
|
|t:|1759068812
|teamsize|p1|6
|teamsize|p2|6
|start
|switch|p1a: Kingambit|Kingambit, F|100/100
|switch|p2a: Arquillian Sentry|Metagross|100/100
|-item|p1a: Kingambit|Air Balloon
|turn|1
|
|t:|1759068820
|switch|p2a: Kumaryia|Great Tusk, shiny|100/100
|-end|p1a: Kingambit|fallenundefined|[silent]
|switch|p1a: Glimmora|Glimmora, F|100/100
|
|upkeep
|turn|2
|
|t:|1759068834
|switch|p1a: Ogerpon|Ogerpon-Wellspring, F|100/100
|move|p2a: Kumaryia|Headlong Rush|p1a: Ogerpon
|-resisted|p1a: Ogerpon
|-damage|p1a: Ogerpon|61/100
|-unboost|p2a: Kumaryia|def|1
|-unboost|p2a: Kumaryia|spd|1
|
|upkeep
|turn|3
|
|t:|1759068843
|-end|p2a: Kumaryia|Protosynthesis|[silent]
|switch|p2a: Arquillian Sentry|Metagross|100/100
|move|p1a: Ogerpon|Knock Off|p2a: Arquillian Sentry
|-supereffective|p2a: Arquillian Sentry
|-damage|p2a: Arquillian Sentry|38/100
|-enditem|p2a: Arquillian Sentry|Custap Berry|[from] move: Knock Off|[of] p1a: Ogerpon
|
|upkeep
|turn|4
|
|t:|1759068856
|move|p1a: Ogerpon|Ivy Cudgel|p2a: Arquillian Sentry|[anim] Ivy Cudgel Water
|-damage|p2a: Arquillian Sentry|0 fnt
|faint|p2a: Arquillian Sentry
|
|upkeep
|
|t:|1759068860
|switch|p2a: Asfaloth|Ninetales-Alola, F, shiny|100/100
|-weather|Snowscape|[from] ability: Snow Warning|[of] p2a: Asfaloth
|turn|5
|
|t:|1759068866
|move|p1a: Ogerpon|Taunt|p2a: Asfaloth
|-start|p2a: Asfaloth|move: Taunt
|cant|p2a: Asfaloth|move: Taunt|Aurora Veil
|
|-weather|Snowscape|[upkeep]
|upkeep
|turn|6
|j| amimec
|
|t:|1759068872
|move|p1a: Ogerpon|U-turn|p2a: Asfaloth
|-resisted|p2a: Asfaloth
|-damage|p2a: Asfaloth|89/100
|
|t:|1759068875
|switch|p1a: Kingambit|Kingambit, F|100/100|[from] U-turn
|-item|p1a: Kingambit|Air Balloon
|move|p2a: Asfaloth|Freeze-Dry|p1a: Kingambit
|-resisted|p1a: Kingambit
|-damage|p1a: Kingambit|87/100
|-enditem|p1a: Kingambit|Air Balloon
|
|-weather|Snowscape|[upkeep]
|upkeep
|turn|7
|
|t:|1759068886
|switch|p2a: Kumaryia|Great Tusk, shiny|100/100
|move|p1a: Kingambit|Iron Head|p2a: Kumaryia
|-damage|p2a: Kumaryia|68/100
|
|-weather|Snowscape|[upkeep]
|upkeep
|turn|8
|
|t:|1759068892
|-end|p1a: Kingambit|fallenundefined|[silent]
|switch|p1a: Landorus|Landorus-Therian, M|100/100
|-ability|p1a: Landorus|Intimidate|boost
|-unboost|p2a: Kumaryia|atk|1
|move|p2a: Kumaryia|Knock Off|p1a: Landorus
|-damage|p1a: Landorus|77/100
|-damage|p2a: Kumaryia|51/100|[from] item: Rocky Helmet|[of] p1a: Landorus
|-enditem|p1a: Landorus|Rocky Helmet|[from] move: Knock Off|[of] p2a: Kumaryia
|
|-weather|Snowscape|[upkeep]
|upkeep
|turn|9
|
|t:|1759068901
|move|p1a: Landorus|Earthquake|p2a: Kumaryia
|-damage|p2a: Kumaryia|16/100
|move|p2a: Kumaryia|Ice Spinner|p1a: Landorus
|-supereffective|p1a: Landorus
|-damage|p1a: Landorus|3/100
|
|-weather|none
|upkeep
|turn|10
|
|t:|1759068910
|-end|p2a: Kumaryia|Protosynthesis|[silent]
|switch|p2a: Asfaloth|Ninetales-Alola, F, shiny|89/100
|-weather|Snowscape|[from] ability: Snow Warning|[of] p2a: Asfaloth
|move|p1a: Landorus|Earthquake|p2a: Asfaloth
|-crit|p2a: Asfaloth
|-damage|p2a: Asfaloth|32/100
|
|-weather|Snowscape|[upkeep]
|upkeep
|turn|11
|
|t:|1759068918
|move|p2a: Asfaloth|Aurora Veil|p2a: Asfaloth
|-sidestart|p2: Nikator98|move: Aurora Veil
|move|p1a: Landorus|Stealth Rock|p2a: Asfaloth
|-sidestart|p2: Nikator98|move: Stealth Rock
|
|-weather|Snowscape|[upkeep]
|upkeep
|turn|12
|
|t:|1759068923
|move|p2a: Asfaloth|Freeze-Dry|p1a: Landorus
|-supereffective|p1a: Landorus
|-damage|p1a: Landorus|0 fnt
|faint|p1a: Landorus
|
|-weather|Snowscape|[upkeep]
|upkeep
|
|t:|1759068927
|switch|p1a: Kingambit|Kingambit, F|87/100
|-activate|p1a: Kingambit|ability: Supreme Overlord
|-start|p1a: Kingambit|fallen1|[silent]
|turn|13
|
|t:|1759068952
|move|p2a: Asfaloth|Moonblast|p1a: Kingambit
|-damage|p1a: Kingambit|48/100
|-unboost|p1a: Kingambit|spa|1
|move|p1a: Kingambit|Iron Head|p2a: Asfaloth
|-supereffective|p2a: Asfaloth
|-damage|p2a: Asfaloth|0 fnt
|faint|p2a: Asfaloth
|
|-weather|Snowscape|[upkeep]
|upkeep
|
|t:|1759068961
|switch|p2a: Kumaryia|Great Tusk, shiny|16/100
|turn|14
|
|t:|1759068964
|move|p1a: Kingambit|Sucker Punch|p2a: Kumaryia
|-resisted|p2a: Kumaryia
|-damage|p2a: Kumaryia|9/100
|move|p2a: Kumaryia|Rapid Spin|p1a: Kingambit
|-resisted|p1a: Kingambit
|-damage|p1a: Kingambit|40/100
|-boost|p2a: Kumaryia|spe|1
|-sideend|p2: Nikator98|Stealth Rock|[from] move: Rapid Spin|[of] p2a: Kumaryia
|
|-weather|none
|upkeep
|turn|15
|
|t:|1759068977
|move|p1a: Kingambit|Sucker Punch|p2a: Kumaryia
|-resisted|p2a: Kumaryia
|-damage|p2a: Kumaryia|2/100
|move|p2a: Kumaryia|Headlong Rush|p1a: Kingambit
|-supereffective|p1a: Kingambit
|-damage|p1a: Kingambit|0 fnt
|-unboost|p2a: Kumaryia|def|1
|-unboost|p2a: Kumaryia|spd|1
|faint|p1a: Kingambit
|-end|p1a: Kingambit|fallen1|[silent]
|
|upkeep
|
|t:|1759068982
|switch|p1a: Ogerpon|Ogerpon-Wellspring, F|61/100
|turn|16
|
|t:|1759068991
|move|p2a: Kumaryia|Ice Spinner|p1a: Ogerpon
|-damage|p1a: Ogerpon|26/100
|move|p1a: Ogerpon|U-turn|p2a: Kumaryia
|-resisted|p2a: Kumaryia
|-damage|p2a: Kumaryia|0 fnt
|faint|p2a: Kumaryia
|-end|p2a: Kumaryia|Protosynthesis|[silent]
|
|t:|1759068996
|switch|p1a: Kyurem|Kyurem|100/100|[from] U-turn
|-ability|p1a: Kyurem|Pressure
|
|upkeep
|
|t:|1759069016
|switch|p2a: Lacelle|Haxorus, M|100/100
|-ability|p2a: Lacelle|Mold Breaker
|turn|17
|
|t:|1759069029
|move|p1a: Kyurem|Ice Beam|p2a: Lacelle
|-supereffective|p2a: Lacelle
|-damage|p2a: Lacelle|13/100
|move|p2a: Lacelle|Scale Shot|p1a: Kyurem
|-supereffective|p1a: Kyurem
|-damage|p1a: Kyurem|73/100
|-supereffective|p1a: Kyurem
|-damage|p1a: Kyurem|47/100
|-supereffective|p1a: Kyurem
|-damage|p1a: Kyurem|21/100
|-supereffective|p1a: Kyurem
|-damage|p1a: Kyurem|0 fnt
|faint|p1a: Kyurem
|-hitcount|p1: Kyurem|4
|-unboost|p2a: Lacelle|def|1
|-boost|p2a: Lacelle|spe|1
|
|upkeep
|
|t:|1759069041
|switch|p1a: Glimmora|Glimmora, F|100/100
|turn|18
|inactive|Mr Tpen has 120 seconds left.
|
|t:|1759069094
|move|p2a: Lacelle|Iron Head|p1a: Glimmora
|-supereffective|p1a: Glimmora
|-damage|p1a: Glimmora|55/100
|-activate|p1a: Glimmora|ability: Toxic Debris
|-sidestart|p2: Nikator98|move: Toxic Spikes
|-enditem|p1a: Glimmora|Red Card|[of] p2a: Lacelle
|drag|p2a: Lacelle|Haxorus, M|100/100
|-status|p2a: Lacelle|psn
|cant|p1a: Glimmora|flinch
|
|-damage|p2a: Lacelle|88/100 psn|[from] psn
|-sideend|p2: Nikator98|move: Aurora Veil
|upkeep
|turn|19
|
|t:|1759069114
|move|p2a: Lacelle|Bitter Malice|p1a: Glimmora
|-damage|p1a: Glimmora|0 fnt
|faint|p1a: Glimmora
|
|-damage|p2a: Lacelle|76/100 psn|[from] psn
|upkeep
|
|t:|1759069116
|switch|p1a: Ogerpon|Ogerpon-Wellspring, F|26/100
|turn|20
|
|t:|1759069122
|move|p1a: Ogerpon|Knock Off|p2a: Lacelle
|-supereffective|p2a: Lacelle
|-damage|p2a: Lacelle|0 fnt
|replace|p2a: Van Helsing|Zoroark-Hisui, M, shiny
|-end|p2a: Van Helsing|Illusion
|-enditem|p2a: Van Helsing|Choice Specs|[from] move: Knock Off|[of] p1a: Ogerpon
|faint|p2a: Van Helsing
|
|upkeep
|inactive|Nikator98 has 120 seconds left.
|
|t:|1759069157
|switch|p2a: Gothmog|Iron Moth|100/100
|-sideend|p2: Nikator98|move: Toxic Spikes|[of] p2a: Gothmog
|-enditem|p2a: Gothmog|Booster Energy
|-activate|p2a: Gothmog|ability: Quark Drive|[fromitem]
|-start|p2a: Gothmog|quarkdrivespe
|turn|21
|inactive|Mr Tpen has 120 seconds left.
|inactive|Nikator98 has 120 seconds left.
|inactive|Nikator98 has 90 seconds left.
|
|t:|1759069223
|-terastallize|p2a: Gothmog|Grass
|move|p2a: Gothmog|Energy Ball|p1a: Ogerpon
|-damage|p1a: Ogerpon|0 fnt
|faint|p1a: Ogerpon
|
|upkeep
|
|t:|1759069226
|switch|p1a: Enamorus|Enamorus, F|100/100
|turn|22
|
|t:|1759069231
|-terastallize|p1a: Enamorus|Stellar
|move|p2a: Gothmog|Sludge Wave|p1a: Enamorus
|-supereffective|p1a: Enamorus
|-damage|p1a: Enamorus|0 fnt
|faint|p1a: Enamorus
|
|win|Nikator98
|raw|Mr Tpen's rating: 1739 &rarr; <strong>1720</strong><br />(-19 for losing)
|raw|Nikator98's rating: 1756 &rarr; <strong>1775</strong><br />(+19 for winning)
|l|☆Mr Tpen
|player|p1|
