|j|☆Yajityyy
|j|☆ayayalaptop
|t:|1758992648
|gametype|singles
|player|p1|Yajityyy|burglar|1321
|player|p2|ayayalaptop|170|1327
|gen|9
|tier|[Gen 9] OU
|rated|
|rule|HP Percentage Mod: HP is shown in percentages
|rule|Endless Battle Clause: Forcing endless battles is banned
|rule|Species Clause: Limit one of each Pokémon
|rule|OHKO Clause: OHKO moves are banned
|rule|Evasion Items Clause: Evasion items are banned
|rule|Evasion Moves Clause: Evasion moves are banned
|rule|Evasion Abilities Clause: Evasion abilities are banned
|rule|Sleep Moves Clause: Sleep-inducing moves are banned
|clearpoke
|poke|p1|Iron Valiant|
|poke|p1|Great Tusk|
|poke|p1|Dragonite, F|
|poke|p1|Deoxys-Speed|
|poke|p1|Glimmora, F|
|poke|p1|Kingambit, F|
|poke|p2|Jirachi|
|poke|p2|Landorus-Therian, M|
|poke|p2|Indeedee, M|
|poke|p2|Incineroar, M|
|poke|p2|Glimmora, M|
|poke|p2|Ogerpon, F|
|teampreview
|inactive|Battle timer is ON: inactive players will automatically lose when time's up. (requested by ayayalaptop)
|
|t:|1758992654
|teamsize|p1|6
|teamsize|p2|6
|start
|switch|p1a: Deoxys|Deoxys-Speed|100/100
|switch|p2a: Indeedee|Indeedee, M|100/100
|-ability|p1a: Deoxys|Pressure
|-fieldstart|move: Psychic Terrain|[from] ability: Psychic Surge|[of] p2a: Indeedee
|turn|1
|
|t:|1758992665
|switch|p2a: Incineroar|Incineroar, M|100/100
|-ability|p2a: Incineroar|Intimidate|boost
|-unboost|p1a: Deoxys|atk|1
|move|p1a: Deoxys|Light Screen|p1a: Deoxys
|-sidestart|p1: Yajityyy|move: Light Screen
|
|upkeep
|turn|2
|
|t:|1758992677
|switch|p1a: Great Tusk|Great Tusk|100/100
|-enditem|p1a: Great Tusk|Booster Energy
|-activate|p1a: Great Tusk|ability: Protosynthesis|[fromitem]
|-start|p1a: Great Tusk|protosynthesisspe
|move|p2a: Incineroar|Knock Off|p1a: Great Tusk
|-resisted|p1a: Great Tusk
|-damage|p1a: Great Tusk|93/100
|
|upkeep
|turn|3
|
|t:|1758992689
|move|p1a: Great Tusk|Bulk Up|p1a: Great Tusk
|-boost|p1a: Great Tusk|atk|1
|-boost|p1a: Great Tusk|def|1
|move|p2a: Incineroar|Will-O-Wisp|p1a: Great Tusk
|-status|p1a: Great Tusk|brn
|
|-damage|p1a: Great Tusk|86/100 brn|[from] brn
|upkeep
|turn|4
|
|t:|1758992695
|switch|p2a: Landorus|Landorus-Therian, M|100/100
|-ability|p2a: Landorus|Intimidate|boost
|-unboost|p1a: Great Tusk|atk|1
|move|p1a: Great Tusk|Bulk Up|p1a: Great Tusk
|-boost|p1a: Great Tusk|atk|1
|-boost|p1a: Great Tusk|def|1
|
|-damage|p1a: Great Tusk|80/100 brn|[from] brn
|upkeep
|turn|5
|
|t:|1758992703
|switch|p2a: Incineroar|Incineroar, M|100/100
|-ability|p2a: Incineroar|Intimidate|boost
|-unboost|p1a: Great Tusk|atk|1
|move|p1a: Great Tusk|Taunt|p2a: Incineroar
|-start|p2a: Incineroar|move: Taunt
|
|-damage|p1a: Great Tusk|74/100 brn|[from] brn
|-fieldend|move: Psychic Terrain
|upkeep
|turn|6
|
|t:|1758992709
|switch|p2a: Indeedee|Indeedee, M|100/100
|-fieldstart|move: Psychic Terrain|[from] ability: Psychic Surge|[of] p2a: Indeedee
|move|p1a: Great Tusk|Headlong Rush|p2a: Indeedee
|-damage|p2a: Indeedee|45/100
|-unboost|p1a: Great Tusk|def|1
|-unboost|p1a: Great Tusk|spd|1
|
|-damage|p1a: Great Tusk|68/100 brn|[from] brn
|upkeep
|turn|7
|
|t:|1758992717
|move|p2a: Indeedee|Expanding Force|p1a: Great Tusk
|-supereffective|p1a: Great Tusk
|-damage|p1a: Great Tusk|0 fnt
|faint|p1a: Great Tusk
|-end|p1a: Great Tusk|Protosynthesis|[silent]
|
|upkeep
|
|t:|1758992739
|switch|p1a: Kingambit|Kingambit, F|100/100
|-activate|p1a: Kingambit|ability: Supreme Overlord
|-start|p1a: Kingambit|fallen1|[silent]
|turn|8
|
|t:|1758992742
|switch|p2a: Incineroar|Incineroar, M|100/100
|-ability|p2a: Incineroar|Intimidate|boost
|-unboost|p1a: Kingambit|atk|1
|move|p1a: Kingambit|Low Kick|p2a: Incineroar
|-supereffective|p2a: Incineroar
|-damage|p2a: Incineroar|68/100
|
|-sideend|p1: Yajityyy|move: Light Screen
|upkeep
|turn|9
|
|t:|1758992766
|-end|p1a: Kingambit|fallen1|[silent]
|switch|p1a: Glimmora|Glimmora, F|100/100
|move|p2a: Incineroar|Will-O-Wisp|p1a: Glimmora
|-status|p1a: Glimmora|brn
|
|-damage|p1a: Glimmora|94/100 brn|[from] brn
|upkeep
|turn|10
|
|t:|1758992771
|switch|p2a: Jirachi|Jirachi|100/100
|move|p1a: Glimmora|Meteor Beam||[still]
|-prepare|p1a: Glimmora|Meteor Beam
|-boost|p1a: Glimmora|spa|1
|-enditem|p1a: Glimmora|Power Herb
|-anim|p1a: Glimmora|Meteor Beam|p2a: Jirachi
|-resisted|p2a: Jirachi
|-damage|p2a: Jirachi|61/100
|
|-heal|p2a: Jirachi|67/100|[from] item: Leftovers
|-damage|p1a: Glimmora|88/100 brn|[from] brn
|-fieldend|move: Psychic Terrain
|upkeep
|turn|11
|
|t:|1758992784
|move|p1a: Glimmora|Earth Power|p2a: Jirachi
|-supereffective|p2a: Jirachi
|-damage|p2a: Jirachi|0 fnt
|faint|p2a: Jirachi
|
|-damage|p1a: Glimmora|82/100 brn|[from] brn
|upkeep
|
|t:|1758992787
|switch|p2a: Indeedee|Indeedee, M|45/100
|-fieldstart|move: Psychic Terrain|[from] ability: Psychic Surge|[of] p2a: Indeedee
|turn|12
|
|t:|1758992807
|switch|p1a: Kingambit|Kingambit, F|100/100
|-activate|p1a: Kingambit|ability: Supreme Overlord
|-start|p1a: Kingambit|fallen1|[silent]
|move|p2a: Indeedee|Trick|p1a: Kingambit
|-activate|p2a: Indeedee|move: Trick|[of] p1a: Kingambit
|-item|p1a: Kingambit|Choice Scarf|[from] move: Trick
|-item|p2a: Indeedee|Lum Berry|[from] move: Trick
|
|upkeep
|turn|13
|
|t:|1758992824
|switch|p2a: Landorus|Landorus-Therian, M|100/100
|-ability|p2a: Landorus|Intimidate|boost
|-unboost|p1a: Kingambit|atk|1
|move|p1a: Kingambit|Iron Head|p2a: Landorus
|-damage|p2a: Landorus|59/100
|
|upkeep
|turn|14
|
|t:|1758992834
|move|p2a: Landorus|Stone Edge|p1a: Kingambit|[miss]
|-miss|p2a: Landorus|p1a: Kingambit
|move|p1a: Kingambit|Iron Head|p2a: Landorus
|-damage|p2a: Landorus|20/100
|
|upkeep
|turn|15
|
|t:|1758992838
|switch|p2a: Incineroar|Incineroar, M|68/100
|-ability|p2a: Incineroar|Intimidate|boost
|-unboost|p1a: Kingambit|atk|1
|move|p1a: Kingambit|Iron Head|p2a: Incineroar
|-resisted|p2a: Incineroar
|-damage|p2a: Incineroar|59/100
|
|upkeep
|turn|16
|
|t:|1758992842
|move|p1a: Kingambit|Iron Head|p2a: Incineroar
|-resisted|p2a: Incineroar
|-damage|p2a: Incineroar|50/100
|cant|p2a: Incineroar|flinch
|
|-fieldend|move: Psychic Terrain
|upkeep
|turn|17
|
|t:|1758992848
|move|p1a: Kingambit|Iron Head|p2a: Incineroar
|-resisted|p2a: Incineroar
|-damage|p2a: Incineroar|42/100
|cant|p2a: Incineroar|flinch
|
|upkeep
|turn|18
|
|t:|1758992852
|move|p1a: Kingambit|Iron Head|p2a: Incineroar
|-resisted|p2a: Incineroar
|-damage|p2a: Incineroar|33/100
|cant|p2a: Incineroar|flinch
|
|upkeep
|turn|19
|c|☆Yajityyy|Lol
|
|t:|1758992861
|move|p1a: Kingambit|Iron Head|p2a: Incineroar
|-resisted|p2a: Incineroar
|-damage|p2a: Incineroar|24/100
|move|p2a: Incineroar|Will-O-Wisp|p1a: Kingambit|[miss]
|-miss|p2a: Incineroar|p1a: Kingambit
|
|upkeep
|turn|20
|
|t:|1758992868
|move|p1a: Kingambit|Iron Head|p2a: Incineroar
|-resisted|p2a: Incineroar
|-damage|p2a: Incineroar|15/100
|cant|p2a: Incineroar|flinch
|
|upkeep
|turn|21
|
|t:|1758992875
|move|p1a: Kingambit|Iron Head|p2a: Incineroar
|-resisted|p2a: Incineroar
|-damage|p2a: Incineroar|6/100
|cant|p2a: Incineroar|flinch
|
|upkeep
|turn|22
|-message|ayayalaptop forfeited.
|
|win|Yajityyy
|raw|Yajityyy's rating: 1321 &rarr; <strong>1341</strong><br />(+20 for winning)
|raw|ayayalaptop's rating: 1327 &rarr; <strong>1307</strong><br />(-20 for losing)
|l|☆ayayalaptop
|player|p2|
