|j|☆Cap2n
|j|☆magikarp soup
|t:|1759022206
|gametype|singles
|player|p1|Cap2n|burglar|1615
|player|p2|magikarp soup|2|1634
|gen|9
|tier|[Gen 9] OU
|rated|
|rule|HP Percentage Mod: HP is shown in percentages
|rule|Endless Battle Clause: Forcing endless battles is banned
|rule|Species Clause: Limit one of each Pokémon
|rule|OHKO Clause: OHKO moves are banned
|rule|Evasion Items Clause: Evasion items are banned
|rule|Evasion Moves Clause: Evasion moves are banned
|rule|Evasion Abilities Clause: Evasion abilities are banned
|rule|Sleep Moves Clause: Sleep-inducing moves are banned
|clearpoke
|poke|p1|Pelipper, M|
|poke|p1|Talonflame, M|
|poke|p1|Iron Treads|
|poke|p1|Zamazenta-*|
|poke|p1|Greninja-*, M|
|poke|p1|Hatterene, F|
|poke|p2|Dondozo, F|
|poke|p2|Clodsire, M|
|poke|p2|Blissey, F|
|poke|p2|Alomomola, F|
|poke|p2|Talonflame, F|
|poke|p2|Goodra-Hisui, F|
|teampreview
|inactive|Battle timer is ON: inactive players will automatically lose when time's up. (requested by magikarp soup)
|
|t:|1759022241
|teamsize|p1|6
|teamsize|p2|6
|start
|switch|p1a: Ranas|Greninja, M|100/100
|switch|p2a: Goodra|Goodra-Hisui, F|100/100
|turn|1
|inactive|magikarp soup has 120 seconds left.
|
|t:|1759022285
|move|p1a: Ranas|U-turn|p2a: Goodra
|-start|p1a: Ranas|typechange|Bug|[from] ability: Protean
|-resisted|p2a: Goodra
|-damage|p2a: Goodra|93/100
|
|t:|1759022292
|switch|p1a: Big Unit 51|Iron Treads|100/100|[from] U-turn
|move|p2a: Goodra|Thunderbolt|p1a: Big Unit 51
|-immune|p1a: Big Unit 51
|
|upkeep
|turn|2
|inactive|magikarp soup has 120 seconds left.
|
|t:|1759022302
|switch|p2a: Talonflame|Talonflame, F|100/100
|move|p1a: Big Unit 51|Earthquake|p2a: Talonflame
|-immune|p2a: Talonflame
|
|upkeep
|turn|3
|
|t:|1759022308
|-end|p1a: Big Unit 51|Quark Drive|[silent]
|switch|p1a: Vendavas|Talonflame, M, shiny|100/100
|move|p2a: Talonflame|Will-O-Wisp|p1a: Vendavas
|-immune|p1a: Vendavas
|
|upkeep
|turn|4
|
|t:|1759022319
|switch|p2a: Goodra|Goodra-Hisui, F|93/100
|move|p1a: Vendavas|Air Slash|p2a: Goodra
|-resisted|p2a: Goodra
|-damage|p2a: Goodra|80/100
|
|upkeep
|turn|5
|inactive|Cap2n has 120 seconds left.
|
|t:|1759022353
|switch|p1a: Big Unit 51|Iron Treads|100/100
|move|p2a: Goodra|Knock Off|p1a: Big Unit 51
|-damage|p1a: Big Unit 51|79/100
|-enditem|p1a: Big Unit 51|Assault Vest|[from] move: Knock Off|[of] p2a: Goodra
|
|upkeep
|turn|6
|
|t:|1759022362
|switch|p2a: Talonflame|Talonflame, F|100/100
|move|p1a: Big Unit 51|Volt Switch|p2a: Talonflame
|-supereffective|p2a: Talonflame
|-crit|p2a: Talonflame
|-damage|p2a: Talonflame|47/100
|
|t:|1759022370
|-end|p1a: Big Unit 51|Quark Drive|[silent]
|switch|p1a: Vendavas|Talonflame, M, shiny|100/100|[from] Volt Switch
|
|upkeep
|turn|7
|
|t:|1759022378
|switch|p2a: Alomomola|Alomomola, F|100/100
|move|p1a: Vendavas|Overheat|p2a: Alomomola
|-resisted|p2a: Alomomola
|-damage|p2a: Alomomola|55/100
|-unboost|p1a: Vendavas|spa|2
|
|upkeep
|turn|8
|
|t:|1759022392
|switch|p1a: STORMBRINGER|Pelipper, M|100/100
|-weather|RainDance|[from] ability: Drizzle|[of] p1a: STORMBRINGER
|move|p2a: Alomomola|Flip Turn|p1a: STORMBRINGER
|-resisted|p1a: STORMBRINGER
|-damage|p1a: STORMBRINGER|87/100
|
|t:|1759022396
|switch|p2a: Blissey|Blissey, F|100/100|[from] Flip Turn
|
|-weather|RainDance|[upkeep]
|upkeep
|turn|9
|
|t:|1759022405
|switch|p1a: Annabelle|Hatterene, F, shiny|100/100
|move|p2a: Blissey|Stealth Rock|p1a: Annabelle
|move|p1a: Annabelle|Stealth Rock|p2a: Blissey|[from] ability: Magic Bounce
|-sidestart|p2: magikarp soup|move: Stealth Rock
|
|-weather|RainDance|[upkeep]
|upkeep
|turn|10
|
|t:|1759022419
|switch|p2a: Goodra|Goodra-Hisui, F|80/100
|switch|p1a: Big Unit 51|Iron Treads|79/100
|
|-weather|RainDance|[upkeep]
|upkeep
|turn|11
|
|t:|1759022434
|move|p1a: Big Unit 51|Earthquake|p2a: Goodra
|-supereffective|p2a: Goodra
|-damage|p2a: Goodra|13/100
|move|p2a: Goodra|Knock Off|p1a: Big Unit 51
|-damage|p1a: Big Unit 51|65/100
|
|-weather|RainDance|[upkeep]
|upkeep
|turn|12
|
|t:|1759022440
|move|p1a: Big Unit 51|Volt Switch|p2a: Goodra
|-resisted|p2a: Goodra
|-damage|p2a: Goodra|10/100
|
|t:|1759022450
|-end|p1a: Big Unit 51|Quark Drive|[silent]
|switch|p1a: Ranas|Greninja, M|100/100|[from] Volt Switch
|move|p2a: Goodra|Rest|p2a: Goodra
|-status|p2a: Goodra|slp|[from] move: Rest
|-heal|p2a: Goodra|100/100 slp|[silent]
|
|-weather|RainDance|[upkeep]
|upkeep
|turn|13
|
|t:|1759022460
|move|p1a: Ranas|U-turn|p2a: Goodra
|-start|p1a: Ranas|typechange|Bug|[from] ability: Protean
|-resisted|p2a: Goodra
|-damage|p2a: Goodra|94/100 slp
|
|t:|1759022471
|switch|p1a: Artemis|Zamazenta|100/100|[from] U-turn
|-ability|p1a: Artemis|Dauntless Shield|boost
|-boost|p1a: Artemis|def|1
|cant|p2a: Goodra|slp
|
|-weather|RainDance|[upkeep]
|upkeep
|turn|14
|inactive|magikarp soup has 120 seconds left.
|
|t:|1759022508
|switch|p2a: Talonflame|Talonflame, F|47/100
|move|p1a: Artemis|Crunch|p2a: Talonflame
|-damage|p2a: Talonflame|10/100
|-status|p1a: Artemis|brn|[from] ability: Flame Body|[of] p2a: Talonflame
|-damage|p1a: Artemis|91/100 brn|[from] item: Life Orb
|
|-weather|RainDance|[upkeep]
|-damage|p1a: Artemis|85/100 brn|[from] brn
|upkeep
|turn|15
|inactive|magikarp soup has 120 seconds left.
|
|t:|1759022517
|switch|p1a: Vendavas|Talonflame, M, shiny|100/100
|switch|p2a: Alomomola|Alomomola, F|89/100
|-damage|p2a: Alomomola|76/100|[from] Stealth Rock
|
|-weather|none
|upkeep
|turn|16
|
|t:|1759022536
|move|p2a: Alomomola|Protect|p2a: Alomomola
|-singleturn|p2a: Alomomola|Protect
|move|p1a: Vendavas|U-turn|p2a: Alomomola
|-activate|p2a: Alomomola|move: Protect
|
|upkeep
|turn|17
|
|t:|1759022566
|move|p1a: Vendavas|U-turn|p2a: Alomomola
|-damage|p2a: Alomomola|68/100
|
|t:|1759022578
|switch|p1a: Artemis|Zamazenta|85/100 brn|[from] U-turn
|move|p2a: Alomomola|Flip Turn|p1a: Artemis
|-damage|p1a: Artemis|65/100 brn
|
|t:|1759022587
|switch|p2a: Clodsire|Clodsire, M|100/100|[from] Flip Turn
|
|-damage|p1a: Artemis|59/100 brn|[from] brn
|upkeep
|turn|18
|
|t:|1759022596
|switch|p2a: Alomomola|Alomomola, F|100/100
|-damage|p2a: Alomomola|88/100|[from] Stealth Rock
|move|p1a: Artemis|Psychic Fangs|p2a: Alomomola
|-damage|p2a: Alomomola|74/100
|-damage|p1a: Artemis|49/100 brn|[from] item: Life Orb
|
|-damage|p1a: Artemis|43/100 brn|[from] brn
|upkeep
|turn|19
|
|t:|1759022611
|move|p1a: Artemis|Close Combat|p2a: Alomomola
|-damage|p2a: Alomomola|46/100
|-unboost|p1a: Artemis|def|1
|-unboost|p1a: Artemis|spd|1
|-damage|p1a: Artemis|33/100 brn|[from] item: Life Orb
|move|p2a: Alomomola|Wish|p2a: Alomomola
|
|-damage|p1a: Artemis|27/100 brn|[from] brn
|upkeep
|turn|20
|
|t:|1759022616
|move|p1a: Artemis|Close Combat|p2a: Alomomola
|-damage|p2a: Alomomola|17/100
|-unboost|p1a: Artemis|def|1
|-unboost|p1a: Artemis|spd|1
|-damage|p1a: Artemis|17/100 brn|[from] item: Life Orb
|move|p2a: Alomomola|Flip Turn|p1a: Artemis
|-damage|p1a: Artemis|0 fnt
|faint|p1a: Artemis
|
|t:|1759022623
|switch|p2a: Talonflame|Talonflame, F|10/100|[from] Flip Turn
|
|-heal|p2a: Talonflame|89/100|[from] move: Wish|[wisher] Alomomola
|upkeep
|
|t:|1759022641
|switch|p1a: Ranas|Greninja, M|100/100
|turn|21
|
|t:|1759022667
|switch|p2a: Blissey|Blissey, F|100/100
|move|p1a: Ranas|U-turn|p2a: Blissey
|-start|p1a: Ranas|typechange|Bug|[from] ability: Protean
|-damage|p2a: Blissey|81/100
|
|t:|1759022674
|switch|p1a: Big Unit 51|Iron Treads|65/100|[from] U-turn
|
|upkeep
|turn|22
|
|t:|1759022682
|move|p1a: Big Unit 51|Volt Switch|p2a: Blissey
|-damage|p2a: Blissey|77/100
|
|t:|1759022684
|-end|p1a: Big Unit 51|Quark Drive|[silent]
|switch|p1a: Annabelle|Hatterene, F, shiny|100/100|[from] Volt Switch
|move|p2a: Blissey|Stealth Rock|p1a: Annabelle
|move|p1a: Annabelle|Stealth Rock||[from] ability: Magic Bounce|[still]
|-fail|p1a: Annabelle
|
|upkeep
|turn|23
|
|t:|1759022709
|switch|p2a: Goodra|Goodra-Hisui, F|94/100 slp
|switch|p1a: Big Unit 51|Iron Treads|65/100
|
|upkeep
|turn|24
|
|t:|1759022724
|switch|p2a: Dondozo|Dondozo, F|100/100
|move|p1a: Big Unit 51|Earthquake|p2a: Dondozo
|-damage|p2a: Dondozo|80/100
|
|upkeep
|turn|25
|
|t:|1759022729
|move|p1a: Big Unit 51|Volt Switch|p2a: Dondozo
|-supereffective|p2a: Dondozo
|-damage|p2a: Dondozo|56/100
|
|t:|1759022732
|-end|p1a: Big Unit 51|Quark Drive|[silent]
|switch|p1a: Ranas|Greninja, M|100/100|[from] Volt Switch
|move|p2a: Dondozo|Wave Crash|p1a: Ranas
|-resisted|p1a: Ranas
|-damage|p1a: Ranas|66/100
|-damage|p2a: Dondozo|50/100|[from] Recoil
|
|upkeep
|turn|26
|
|t:|1759022739
|switch|p2a: Goodra|Goodra-Hisui, F|94/100 slp
|move|p1a: Ranas|Dark Pulse|p2a: Goodra
|-start|p1a: Ranas|typechange|Dark|[from] ability: Protean
|-damage|p2a: Goodra|72/100 slp
|
|upkeep
|turn|27
|inactive|magikarp soup has 120 seconds left.
|
|t:|1759022774
|switch|p1a: Big Unit 51|Iron Treads|65/100
|cant|p2a: Goodra|slp
|
|upkeep
|turn|28
|inactive|magikarp soup has 120 seconds left.
|
|t:|1759022784
|switch|p2a: Talonflame|Talonflame, F|89/100
|move|p1a: Big Unit 51|Volt Switch|p2a: Talonflame
|-supereffective|p2a: Talonflame
|-damage|p2a: Talonflame|52/100
|
|t:|1759022800
|-end|p1a: Big Unit 51|Quark Drive|[silent]
|switch|p1a: Ranas|Greninja, M|66/100|[from] Volt Switch
|
|upkeep
|turn|29
|
|t:|1759022806
|move|p1a: Ranas|U-turn|p2a: Talonflame
|-start|p1a: Ranas|typechange|Bug|[from] ability: Protean
|-resisted|p2a: Talonflame
|-damage|p2a: Talonflame|47/100
|-status|p1a: Ranas|brn|[from] ability: Flame Body|[of] p2a: Talonflame
|
|t:|1759022814
|switch|p1a: Vendavas|Talonflame, M, shiny|100/100|[from] U-turn
|move|p2a: Talonflame|Roost|p2a: Talonflame
|-heal|p2a: Talonflame|97/100
|-singleturn|p2a: Talonflame|move: Roost
|
|upkeep
|turn|30
|inactive|magikarp soup has 120 seconds left.
|
|t:|1759022847
|move|p2a: Talonflame|Roost|p2a: Talonflame
|-heal|p2a: Talonflame|100/100
|-singleturn|p2a: Talonflame|move: Roost
|move|p1a: Vendavas|Overheat|p2a: Talonflame
|-resisted|p2a: Talonflame
|-damage|p2a: Talonflame|39/100
|-unboost|p1a: Vendavas|spa|2
|
|upkeep
|turn|31
|inactive|magikarp soup has 120 seconds left.
|
|t:|1759022863
|switch|p1a: Ranas|Greninja, M|66/100 brn
|move|p2a: Talonflame|Defog|p1a: Ranas
|-unboost|p1a: Ranas|evasion|1
|-sideend|p2: magikarp soup|Stealth Rock|[from] move: Defog|[of] p2a: Talonflame
|
|-damage|p1a: Ranas|60/100 brn|[from] brn
|upkeep
|turn|32
|
|t:|1759022877
|switch|p2a: Alomomola|Alomomola, F|51/100
|move|p1a: Ranas|Ice Beam|p2a: Alomomola
|-start|p1a: Ranas|typechange|Ice|[from] ability: Protean
|-resisted|p2a: Alomomola
|-damage|p2a: Alomomola|24/100
|
|-damage|p1a: Ranas|54/100 brn|[from] brn
|upkeep
|turn|33
|
|t:|1759022885
|move|p2a: Alomomola|Protect|p2a: Alomomola
|-singleturn|p2a: Alomomola|Protect
|move|p1a: Ranas|Ice Beam|p2a: Alomomola
|-activate|p2a: Alomomola|move: Protect
|
|-damage|p1a: Ranas|48/100 brn|[from] brn
|upkeep
|turn|34
|
|t:|1759022891
|switch|p1a: Big Unit 51|Iron Treads|65/100
|switch|p2a: Blissey|Blissey, F|77/100
|
|upkeep
|turn|35
|
|t:|1759022897
|switch|p2a: Alomomola|Alomomola, F|58/100
|move|p1a: Big Unit 51|Earthquake|p2a: Alomomola
|-damage|p2a: Alomomola|28/100
|
|upkeep
|turn|36
|
|t:|1759022904
|switch|p2a: Clodsire|Clodsire, M|100/100
|move|p1a: Big Unit 51|Volt Switch|p2a: Clodsire
|-immune|p2a: Clodsire
|
|upkeep
|turn|37
|
|t:|1759022918
|switch|p2a: Alomomola|Alomomola, F|62/100
|move|p1a: Big Unit 51|Earthquake|p2a: Alomomola
|-damage|p2a: Alomomola|34/100
|
|upkeep
|turn|38
|
|t:|1759022927
|move|p2a: Alomomola|Protect|p2a: Alomomola
|-singleturn|p2a: Alomomola|Protect
|move|p1a: Big Unit 51|Earthquake|p2a: Alomomola
|-activate|p2a: Alomomola|move: Protect
|
|upkeep
|turn|39
|
|t:|1759022932
|switch|p2a: Clodsire|Clodsire, M|100/100
|move|p1a: Big Unit 51|Volt Switch|p2a: Clodsire
|-immune|p2a: Clodsire
|
|upkeep
|turn|40
|
|t:|1759022936
|switch|p2a: Alomomola|Alomomola, F|67/100
|move|p1a: Big Unit 51|Earthquake|p2a: Alomomola
|-damage|p2a: Alomomola|35/100
|
|upkeep
|turn|41
|
|t:|1759022944
|move|p2a: Alomomola|Protect|p2a: Alomomola
|-singleturn|p2a: Alomomola|Protect
|move|p1a: Big Unit 51|Ice Spinner|p2a: Alomomola
|-activate|p2a: Alomomola|move: Protect
|
|upkeep
|turn|42
|
|t:|1759022954
|switch|p2a: Blissey|Blissey, F|77/100
|move|p1a: Big Unit 51|Earthquake|p2a: Blissey
|-damage|p2a: Blissey|36/100
|
|upkeep
|turn|43
|
|t:|1759022966
|switch|p2a: Alomomola|Alomomola, F|68/100
|move|p1a: Big Unit 51|Volt Switch|p2a: Alomomola
|-supereffective|p2a: Alomomola
|-damage|p2a: Alomomola|41/100
|inactive|Cap2n has 120 seconds left.
|
|t:|1759023008
|-end|p1a: Big Unit 51|Quark Drive|[silent]
|switch|p1a: STORMBRINGER|Pelipper, M|87/100|[from] Volt Switch
|-weather|RainDance|[from] ability: Drizzle|[of] p1a: STORMBRINGER
|
|-weather|RainDance|[upkeep]
|upkeep
|turn|44
|
|t:|1759023017
|move|p2a: Alomomola|Protect|p2a: Alomomola
|-singleturn|p2a: Alomomola|Protect
|move|p1a: STORMBRINGER|Hurricane|p2a: Alomomola
|-activate|p2a: Alomomola|move: Protect
|
|-weather|RainDance|[upkeep]
|upkeep
|turn|45
|
|t:|1759023024
|switch|p2a: Goodra|Goodra-Hisui, F|72/100 slp
|move|p1a: STORMBRINGER|Hurricane|p2a: Goodra
|-resisted|p2a: Goodra
|-damage|p2a: Goodra|60/100 slp
|-start|p2a: Goodra|confusion
|
|-weather|RainDance|[upkeep]
|upkeep
|turn|46
|inactive|Cap2n has 120 seconds left.
|
|t:|1759023033
|move|p1a: STORMBRINGER|U-turn|p2a: Goodra
|-resisted|p2a: Goodra
|-damage|p2a: Goodra|57/100 slp
|
|t:|1759023035
|switch|p1a: Big Unit 51|Iron Treads|65/100|[from] U-turn
|-curestatus|p2a: Goodra|slp|[msg]
|-activate|p2a: Goodra|confusion
|-damage|p2a: Goodra|51/100|[from] confusion
|
|-weather|RainDance|[upkeep]
|upkeep
|turn|47
|
|t:|1759023049
|switch|p2a: Alomomola|Alomomola, F|74/100
|move|p1a: Big Unit 51|Earthquake|p2a: Alomomola
|-damage|p2a: Alomomola|42/100
|
|-weather|RainDance|[upkeep]
|upkeep
|turn|48
|
|t:|1759023056
|move|p1a: Big Unit 51|Volt Switch|p2a: Alomomola
|-supereffective|p2a: Alomomola
|-damage|p2a: Alomomola|15/100
|
|t:|1759023058
|-end|p1a: Big Unit 51|Quark Drive|[silent]
|switch|p1a: Ranas|Greninja, M|48/100 brn|[from] Volt Switch
|move|p2a: Alomomola|Flip Turn|p1a: Ranas
|-resisted|p1a: Ranas
|-damage|p1a: Ranas|18/100 brn
|
|t:|1759023063
|switch|p2a: Blissey|Blissey, F|36/100|[from] Flip Turn
|
|-weather|RainDance|[upkeep]
|-damage|p1a: Ranas|12/100 brn|[from] brn
|upkeep
|turn|49
|
|t:|1759023069
|switch|p1a: Big Unit 51|Iron Treads|65/100
|move|p2a: Blissey|Soft-Boiled|p2a: Blissey
|-heal|p2a: Blissey|86/100
|
|-weather|RainDance|[upkeep]
|upkeep
|turn|50
|
|t:|1759023098
|switch|p2a: Alomomola|Alomomola, F|48/100
|move|p1a: Big Unit 51|Earthquake|p2a: Alomomola
|-damage|p2a: Alomomola|17/100
|
|-weather|none
|upkeep
|turn|51
|
|t:|1759023123
|-end|p1a: Big Unit 51|Quark Drive|[silent]
|switch|p1a: STORMBRINGER|Pelipper, M|87/100
|-weather|RainDance|[from] ability: Drizzle|[of] p1a: STORMBRINGER
|move|p2a: Alomomola|Protect||[still]
|-fail|p2a: Alomomola
|
|-weather|RainDance|[upkeep]
|upkeep
|turn|52
|
|t:|1759023128
|switch|p2a: Goodra|Goodra-Hisui, F|51/100
|move|p1a: STORMBRINGER|Hurricane|p2a: Goodra
|-resisted|p2a: Goodra
|-damage|p2a: Goodra|39/100
|-start|p2a: Goodra|confusion
|
|-weather|RainDance|[upkeep]
|upkeep
|turn|53
|
|t:|1759023136
|switch|p1a: Big Unit 51|Iron Treads|65/100
|-activate|p2a: Goodra|confusion
|-damage|p2a: Goodra|33/100|[from] confusion
|
|-weather|RainDance|[upkeep]
|upkeep
|turn|54
|
|t:|1759023145
|switch|p2a: Alomomola|Alomomola, F|51/100
|move|p1a: Big Unit 51|Ice Spinner|p2a: Alomomola
|-resisted|p2a: Alomomola
|-damage|p2a: Alomomola|43/100
|
|-weather|RainDance|[upkeep]
|upkeep
|turn|55
|
|t:|1759023155
|-end|p1a: Big Unit 51|Quark Drive|[silent]
|switch|p1a: Vendavas|Talonflame, M, shiny|100/100
|move|p2a: Alomomola|Wish|p2a: Alomomola
|
|-weather|RainDance|[upkeep]
|upkeep
|turn|56
|
|t:|1759023160
|switch|p2a: Goodra|Goodra-Hisui, F|33/100
|move|p1a: Vendavas|Hurricane|p2a: Goodra
|-resisted|p2a: Goodra
|-damage|p2a: Goodra|11/100
|
|-weather|RainDance|[upkeep]
|-heal|p2a: Goodra|75/100|[from] move: Wish|[wisher] Alomomola
|upkeep
|turn|57
|
|t:|1759023169
|switch|p1a: Big Unit 51|Iron Treads|65/100
|move|p2a: Goodra|Knock Off|p1a: Big Unit 51
|-damage|p1a: Big Unit 51|50/100
|
|-weather|RainDance|[upkeep]
|upkeep
|turn|58
|
|t:|1759023174
|switch|p2a: Alomomola|Alomomola, F|77/100
|move|p1a: Big Unit 51|Volt Switch|p2a: Alomomola
|-supereffective|p2a: Alomomola
|-damage|p2a: Alomomola|51/100
|
|t:|1759023179
|-end|p1a: Big Unit 51|Quark Drive|[silent]
|switch|p1a: Vendavas|Talonflame, M, shiny|100/100|[from] Volt Switch
|
|-weather|none
|upkeep
|turn|59
|
|t:|1759023183
|move|p2a: Alomomola|Protect|p2a: Alomomola
|-singleturn|p2a: Alomomola|Protect
|move|p1a: Vendavas|Air Slash|p2a: Alomomola
|-activate|p2a: Alomomola|move: Protect
|
|upkeep
|turn|60
|
|t:|1759023186
|switch|p2a: Goodra|Goodra-Hisui, F|75/100
|move|p1a: Vendavas|Air Slash|p2a: Goodra
|-resisted|p2a: Goodra
|-damage|p2a: Goodra|62/100
|
|upkeep
|turn|61
|
|t:|1759023190
|switch|p1a: Big Unit 51|Iron Treads|50/100
|move|p2a: Goodra|Knock Off|p1a: Big Unit 51
|-damage|p1a: Big Unit 51|36/100
|
|upkeep
|turn|62
|
|t:|1759023200
|switch|p2a: Alomomola|Alomomola, F|84/100
|move|p1a: Big Unit 51|Volt Switch|p2a: Alomomola
|-supereffective|p2a: Alomomola
|-damage|p2a: Alomomola|59/100
|
|t:|1759023205
|-end|p1a: Big Unit 51|Quark Drive|[silent]
|switch|p1a: Annabelle|Hatterene, F, shiny|100/100|[from] Volt Switch
|
|upkeep
|turn|63
|
|t:|1759023233
|move|p2a: Alomomola|Protect|p2a: Alomomola
|-singleturn|p2a: Alomomola|Protect
|move|p1a: Annabelle|Calm Mind|p1a: Annabelle
|-boost|p1a: Annabelle|spa|1
|-boost|p1a: Annabelle|spd|1
|
|upkeep
|turn|64
|
|t:|1759023245
|move|p2a: Alomomola|Flip Turn|p1a: Annabelle
|-damage|p1a: Annabelle|82/100
|inactive|magikarp soup has 120 seconds left.
|
|t:|1759023269
|switch|p2a: Goodra|Goodra-Hisui, F|62/100|[from] Flip Turn
|move|p1a: Annabelle|Psychic Noise|p2a: Goodra
|-resisted|p2a: Goodra
|-damage|p2a: Goodra|47/100
|-start|p2a: Goodra|move: Heal Block
|
|-heal|p1a: Annabelle|88/100|[from] item: Leftovers
|upkeep
|turn|65
|
|t:|1759023285
|-terastallize|p1a: Annabelle|Water
|move|p2a: Goodra|Heavy Slam|p1a: Annabelle
|-resisted|p1a: Annabelle
|-damage|p1a: Annabelle|71/100
|move|p1a: Annabelle|Draining Kiss|p2a: Goodra
|-damage|p2a: Goodra|25/100
|-heal|p1a: Annabelle|89/100|[from] drain|[of] p2a: Goodra
|
|-heal|p1a: Annabelle|95/100|[from] item: Leftovers
|-end|p2a: Goodra|move: Heal Block
|upkeep
|turn|66
|
|t:|1759023302
|move|p2a: Goodra|Rest|p2a: Goodra
|-status|p2a: Goodra|slp|[from] move: Rest
|-heal|p2a: Goodra|100/100 slp|[silent]
|move|p1a: Annabelle|Draining Kiss|p2a: Goodra
|-damage|p2a: Goodra|77/100 slp
|-heal|p1a: Annabelle|100/100|[from] drain|[of] p2a: Goodra
|
|upkeep
|turn|67
|
|t:|1759023306
|switch|p2a: Clodsire|Clodsire, M|100/100
|move|p1a: Annabelle|Calm Mind|p1a: Annabelle
|-boost|p1a: Annabelle|spa|1
|-boost|p1a: Annabelle|spd|1
|
|upkeep
|turn|68
|
|t:|1759023311
|-terastallize|p2a: Clodsire|Steel
|move|p1a: Annabelle|Psychic Noise|p2a: Clodsire
|-resisted|p2a: Clodsire
|-damage|p2a: Clodsire|91/100
|-start|p2a: Clodsire|move: Heal Block
|move|p2a: Clodsire|Earthquake|p1a: Annabelle
|-damage|p1a: Annabelle|80/100
|
|-heal|p1a: Annabelle|86/100|[from] item: Leftovers
|upkeep
|turn|69
|
|t:|1759023320
|move|p1a: Annabelle|Calm Mind|p1a: Annabelle
|-boost|p1a: Annabelle|spa|1
|-boost|p1a: Annabelle|spd|1
|move|p2a: Clodsire|Earthquake|p1a: Annabelle
|-damage|p1a: Annabelle|65/100
|
|-heal|p1a: Annabelle|71/100|[from] item: Leftovers
|-end|p2a: Clodsire|move: Heal Block
|upkeep
|turn|70
|
|t:|1759023329
|move|p1a: Annabelle|Draining Kiss|p2a: Clodsire
|-resisted|p2a: Clodsire
|-damage|p2a: Clodsire|85/100
|-heal|p1a: Annabelle|78/100|[from] drain|[of] p2a: Clodsire
|move|p2a: Clodsire|Earthquake|p1a: Annabelle
|-damage|p1a: Annabelle|55/100
|
|-heal|p1a: Annabelle|61/100|[from] item: Leftovers
|upkeep
|turn|71
|
|t:|1759023333
|move|p1a: Annabelle|Mystical Fire|p2a: Clodsire
|-supereffective|p2a: Clodsire
|-damage|p2a: Clodsire|60/100
|-unboost|p2a: Clodsire|spa|1
|move|p2a: Clodsire|Earthquake|p1a: Annabelle
|-damage|p1a: Annabelle|39/100
|
|-heal|p1a: Annabelle|45/100|[from] item: Leftovers
|upkeep
|turn|72
|inactive|Cap2n has 120 seconds left.
|
|t:|1759023369
|switch|p1a: Vendavas|Talonflame, M, shiny|100/100
|move|p2a: Clodsire|Recover|p2a: Clodsire
|-heal|p2a: Clodsire|100/100
|
|upkeep
|turn|73
|
|t:|1759023378
|switch|p2a: Alomomola|Alomomola, F|92/100
|move|p1a: Vendavas|U-turn|p2a: Alomomola
|-damage|p2a: Alomomola|85/100
|
|t:|1759023382
|switch|p1a: STORMBRINGER|Pelipper, M|87/100|[from] U-turn
|-weather|RainDance|[from] ability: Drizzle|[of] p1a: STORMBRINGER
|
|-weather|RainDance|[upkeep]
|upkeep
|turn|74
|
|t:|1759023408
|move|p2a: Alomomola|Protect|p2a: Alomomola
|-singleturn|p2a: Alomomola|Protect
|move|p1a: STORMBRINGER|Hurricane|p2a: Alomomola
|-activate|p2a: Alomomola|move: Protect
|
|-weather|RainDance|[upkeep]
|upkeep
|turn|75
|
|t:|1759023414
|move|p1a: STORMBRINGER|Hurricane|p2a: Alomomola
|-damage|p2a: Alomomola|41/100
|-start|p2a: Alomomola|confusion
|-activate|p2a: Alomomola|confusion
|move|p2a: Alomomola|Wish|p2a: Alomomola
|
|-weather|RainDance|[upkeep]
|upkeep
|turn|76
|
|t:|1759023422
|-activate|p2a: Alomomola|confusion
|move|p2a: Alomomola|Protect|p2a: Alomomola
|-singleturn|p2a: Alomomola|Protect
|move|p1a: STORMBRINGER|U-turn|p2a: Alomomola
|-activate|p2a: Alomomola|move: Protect
|
|-weather|RainDance|[upkeep]
|-heal|p2a: Alomomola|91/100|[from] move: Wish|[wisher] Alomomola
|upkeep
|turn|77
|
|t:|1759023427
|move|p1a: STORMBRINGER|Hurricane|p2a: Alomomola
|-damage|p2a: Alomomola|48/100
|-activate|p2a: Alomomola|confusion
|move|p2a: Alomomola|Wish|p2a: Alomomola
|
|-weather|RainDance|[upkeep]
|upkeep
|turn|78
|
|t:|1759023435
|-end|p2a: Alomomola|confusion
|move|p2a: Alomomola|Protect|p2a: Alomomola
|-singleturn|p2a: Alomomola|Protect
|move|p1a: STORMBRINGER|Roost|p1a: STORMBRINGER
|-heal|p1a: STORMBRINGER|100/100
|-singleturn|p1a: STORMBRINGER|move: Roost
|
|-weather|RainDance|[upkeep]
|-heal|p2a: Alomomola|98/100|[from] move: Wish|[wisher] Alomomola
|upkeep
|turn|79
|
|t:|1759023442
|move|p1a: STORMBRINGER|Hurricane|p2a: Alomomola
|-damage|p2a: Alomomola|56/100
|move|p2a: Alomomola|Wish|p2a: Alomomola
|
|-weather|RainDance|[upkeep]
|upkeep
|turn|80
|
|t:|1759023450
|move|p2a: Alomomola|Protect|p2a: Alomomola
|-singleturn|p2a: Alomomola|Protect
|move|p1a: STORMBRINGER|U-turn|p2a: Alomomola
|-activate|p2a: Alomomola|move: Protect
|
|-weather|none
|-heal|p2a: Alomomola|100/100|[from] move: Wish|[wisher] Alomomola
|upkeep
|turn|81
|inactive|magikarp soup has 120 seconds left.
|
|t:|1759023482
|switch|p1a: Ranas|Greninja, M|12/100 brn
|move|p2a: Alomomola|Wish|p2a: Alomomola
|
|-damage|p1a: Ranas|6/100 brn|[from] brn
|upkeep
|turn|82
|
|t:|1759023492
|move|p1a: Ranas|U-turn|p2a: Alomomola
|-start|p1a: Ranas|typechange|Bug|[from] ability: Protean
|-damage|p2a: Alomomola|94/100
|
|t:|1759023495
|switch|p1a: STORMBRINGER|Pelipper, M|100/100|[from] U-turn
|-weather|RainDance|[from] ability: Drizzle|[of] p1a: STORMBRINGER
|move|p2a: Alomomola|Flip Turn|p1a: STORMBRINGER
|-resisted|p1a: STORMBRINGER
|-damage|p1a: STORMBRINGER|88/100
|
|t:|1759023500
|switch|p2a: Dondozo|Dondozo, F|50/100|[from] Flip Turn
|
|-weather|RainDance|[upkeep]
|-heal|p2a: Dondozo|96/100|[from] move: Wish|[wisher] Alomomola
|upkeep
|turn|83
|
|t:|1759023509
|switch|p2a: Alomomola|Alomomola, F|100/100
|move|p1a: STORMBRINGER|Weather Ball|p2a: Alomomola
|-resisted|p2a: Alomomola
|-damage|p2a: Alomomola|71/100
|
|-weather|RainDance|[upkeep]
|upkeep
|turn|84
|
|t:|1759023516
|move|p2a: Alomomola|Protect|p2a: Alomomola
|-singleturn|p2a: Alomomola|Protect
|move|p1a: STORMBRINGER|Hurricane|p2a: Alomomola
|-activate|p2a: Alomomola|move: Protect
|
|-weather|RainDance|[upkeep]
|upkeep
|turn|85
|
|t:|1759023519
|move|p1a: STORMBRINGER|Weather Ball|p2a: Alomomola
|-resisted|p2a: Alomomola
|-damage|p2a: Alomomola|43/100
|move|p2a: Alomomola|Wish|p2a: Alomomola
|
|-weather|RainDance|[upkeep]
|upkeep
|turn|86
|
|t:|1759023529
|switch|p1a: Annabelle|Hatterene, F, shiny, tera:Water|45/100
|switch|p2a: Goodra|Goodra-Hisui, F|77/100 slp
|
|-weather|RainDance|[upkeep]
|-heal|p2a: Goodra|100/100 slp|[from] move: Wish|[wisher] Alomomola
|-heal|p1a: Annabelle|51/100|[from] item: Leftovers
|upkeep
|turn|87
|
|t:|1759023558
|switch|p2a: Clodsire|Clodsire, M, tera:Steel|100/100
|move|p1a: Annabelle|Draining Kiss|p2a: Clodsire
|-resisted|p2a: Clodsire
|-damage|p2a: Clodsire|95/100
|-heal|p1a: Annabelle|58/100|[from] drain|[of] p2a: Clodsire
|
|-weather|RainDance|[upkeep]
|-heal|p1a: Annabelle|64/100|[from] item: Leftovers
|upkeep
|turn|88
|
|t:|1759023569
|switch|p1a: STORMBRINGER|Pelipper, M|88/100
|move|p2a: Clodsire|Earthquake|p1a: STORMBRINGER
|-immune|p1a: STORMBRINGER
|
|-weather|RainDance|[upkeep]
|upkeep
|turn|89
|
|t:|1759023575
|move|p1a: STORMBRINGER|Weather Ball|p2a: Clodsire
|-damage|p2a: Clodsire|69/100
|move|p2a: Clodsire|Spikes|p1a: STORMBRINGER
|-sidestart|p1: Cap2n|Spikes
|
|-weather|none
|upkeep
|turn|90
|
|t:|1759023589
|move|p1a: STORMBRINGER|U-turn|p2a: Clodsire
|-resisted|p2a: Clodsire
|-damage|p2a: Clodsire|64/100
|
|t:|1759023591
|switch|p1a: Big Unit 51|Iron Treads|36/100|[from] U-turn
|-damage|p1a: Big Unit 51|23/100|[from] Spikes
|move|p2a: Clodsire|Earthquake|p1a: Big Unit 51
|-supereffective|p1a: Big Unit 51
|-damage|p1a: Big Unit 51|0 fnt
|faint|p1a: Big Unit 51
|-end|p1a: Big Unit 51|Quark Drive|[silent]
|
|upkeep
|
|t:|1759023595
|switch|p1a: Vendavas|Talonflame, M, shiny|100/100
|turn|91
|
|t:|1759023601
|switch|p2a: Blissey|Blissey, F|86/100
|move|p1a: Vendavas|U-turn|p2a: Blissey
|-damage|p2a: Blissey|75/100
|
|t:|1759023609
|switch|p1a: STORMBRINGER|Pelipper, M|88/100|[from] U-turn
|-weather|RainDance|[from] ability: Drizzle|[of] p1a: STORMBRINGER
|
|-weather|RainDance|[upkeep]
|upkeep
|turn|92
|
|t:|1759023613
|move|p1a: STORMBRINGER|Hurricane|p2a: Blissey
|-damage|p2a: Blissey|63/100
|move|p2a: Blissey|Seismic Toss|p1a: STORMBRINGER
|-damage|p1a: STORMBRINGER|58/100
|
|-weather|RainDance|[upkeep]
|upkeep
|turn|93
|
|t:|1759023624
|move|p1a: STORMBRINGER|Roost|p1a: STORMBRINGER
|-heal|p1a: STORMBRINGER|100/100
|-singleturn|p1a: STORMBRINGER|move: Roost
|move|p2a: Blissey|Stealth Rock|p1a: STORMBRINGER
|-sidestart|p1: Cap2n|move: Stealth Rock
|
|-weather|RainDance|[upkeep]
|upkeep
|turn|94
|
|t:|1759023639
|move|p1a: STORMBRINGER|Hurricane|p2a: Blissey
|-damage|p2a: Blissey|52/100
|move|p2a: Blissey|Heal Bell|p2a: Blissey
|-activate|p2a: Blissey|move: Heal Bell
|-curestatus|p2: Goodra|slp|[msg]
|
|-weather|RainDance|[upkeep]
|upkeep
|turn|95
|inactive|Cap2n has 120 seconds left.
|c|☆Cap2n|so... you like pokemon? or whats going on here
|
|t:|1759023681
|move|p1a: STORMBRINGER|Hurricane|p2a: Blissey
|-damage|p2a: Blissey|40/100
|move|p2a: Blissey|Soft-Boiled|p2a: Blissey
|-heal|p2a: Blissey|90/100
|
|-weather|RainDance|[upkeep]
|upkeep
|turn|96
|
|t:|1759023685
|move|p1a: STORMBRINGER|Hurricane|p2a: Blissey
|-damage|p2a: Blissey|77/100
|-start|p2a: Blissey|confusion
|-activate|p2a: Blissey|confusion
|move|p2a: Blissey|Seismic Toss|p1a: STORMBRINGER
|-damage|p1a: STORMBRINGER|70/100
|
|-weather|RainDance|[upkeep]
|upkeep
|turn|97
|
|t:|1759023691
|switch|p2a: Goodra|Goodra-Hisui, F|100/100
|move|p1a: STORMBRINGER|Weather Ball|p2a: Goodra
|-resisted|p2a: Goodra
|-damage|p2a: Goodra|85/100
|
|-weather|RainDance|[upkeep]
|upkeep
|turn|98
|
|t:|1759023700
|move|p1a: STORMBRINGER|Hurricane|p2a: Goodra
|-resisted|p2a: Goodra
|-damage|p2a: Goodra|73/100
|move|p2a: Goodra|Thunderbolt|p1a: STORMBRINGER
|-supereffective|p1a: STORMBRINGER
|-damage|p1a: STORMBRINGER|0 fnt
|faint|p1a: STORMBRINGER
|
|-weather|none
|upkeep
|
|t:|1759023709
|switch|p1a: Vendavas|Talonflame, M, shiny|100/100
|-damage|p1a: Vendavas|51/100|[from] Stealth Rock
|turn|99
|
|t:|1759023713
|move|p1a: Vendavas|Overheat|p2a: Goodra
|-damage|p2a: Goodra|23/100
|-unboost|p1a: Vendavas|spa|2
|move|p2a: Goodra|Thunderbolt|p1a: Vendavas
|-supereffective|p1a: Vendavas
|-damage|p1a: Vendavas|0 fnt
|faint|p1a: Vendavas
|
|upkeep
|
|t:|1759023719
|switch|p1a: Annabelle|Hatterene, F, shiny, tera:Water|64/100
|-damage|p1a: Annabelle|51/100|[from] Spikes
|-damage|p1a: Annabelle|39/100|[from] Stealth Rock
|turn|100
|
|t:|1759023724
|move|p2a: Goodra|Thunderbolt|p1a: Annabelle
|-supereffective|p1a: Annabelle
|-damage|p1a: Annabelle|0 fnt
|faint|p1a: Annabelle
|
|upkeep
|
|t:|1759023727
|switch|p1a: Ranas|Greninja, M|6/100 brn
|-damage|p1a: Ranas|0 fnt|[from] Spikes
|faint|p1a: Ranas
|
|win|magikarp soup
|raw|Cap2n's rating: 1615 &rarr; <strong>1596</strong><br />(-19 for losing)
|raw|magikarp soup's rating: 1634 &rarr; <strong>1653</strong><br />(+19 for winning)
|l|☆Cap2n
|player|p1|
|j| smore98
|l| smore98
