|j|☆YuZu Aza
|j|☆Eyzen
|t:|1758963924
|gametype|singles
|player|p1|YuZu Aza|janine|1372
|player|p2|Eyzen|lady|1309
|gen|9
|tier|[Gen 9] OU
|rated|
|rule|HP Percentage Mod: HP is shown in percentages
|rule|Endless Battle Clause: Forcing endless battles is banned
|rule|Species Clause: Limit one of each Pokémon
|rule|OHKO Clause: OHKO moves are banned
|rule|Evasion Items Clause: Evasion items are banned
|rule|Evasion Moves Clause: Evasion moves are banned
|rule|Evasion Abilities Clause: Evasion abilities are banned
|rule|Sleep Moves Clause: Sleep-inducing moves are banned
|clearpoke
|poke|p1|Breloom, F|
|poke|p1|Crawdaunt, F|
|poke|p1|Gholdengo|
|poke|p1|Excadrill, F|
|poke|p1|Pelipper, M|
|poke|p1|Gengar, M|
|poke|p2|Landorus-Therian, M|
|poke|p2|Samurott-Hisui, M|
|poke|p2|Pecharunt|
|poke|p2|Scizor, M|
|poke|p2|Latios, M|
|poke|p2|Zamazenta-*|
|teampreview
|c|☆Eyzen|glhf
|inactive|Battle timer is ON: inactive players will automatically lose when time's up. (requested by Eyzen)
|
|t:|1758963938
|teamsize|p1|6
|teamsize|p2|6
|start
|switch|p1a: Pelipper|Pelipper, M|100/100
|switch|p2a: Samurott|Samurott-Hisui, M|100/100
|-weather|RainDance|[from] ability: Drizzle|[of] p1a: Pelipper
|turn|1
|c|☆YuZu Aza|hf
|c|☆Eyzen|thx
|inactive|YuZu Aza has 120 seconds left.
|
|t:|1758963968
|move|p2a: Samurott|Ceaseless Edge|p1a: Pelipper
|-damage|p1a: Pelipper|36/100
|-sidestart|p1: YuZu Aza|Spikes
|move|p1a: Pelipper|U-turn|p2a: Samurott
|-supereffective|p2a: Samurott
|-damage|p2a: Samurott|81/100
|inactive|YuZu Aza has 120 seconds left.
|
|t:|1758963975
|switch|p1a: Breloom|Breloom, F|100/100|[from] U-turn
|-damage|p1a: Breloom|88/100|[from] Spikes
|
|-weather|RainDance|[upkeep]
|-status|p1a: Breloom|tox|[from] item: Toxic Orb
|upkeep
|turn|2
|
|t:|1758963983
|switch|p2a: Zamazenta|Zamazenta|100/100
|-ability|p2a: Zamazenta|Dauntless Shield|boost
|-boost|p2a: Zamazenta|def|1
|move|p1a: Breloom|Leech Seed|p2a: Zamazenta
|-start|p2a: Zamazenta|move: Leech Seed
|
|-weather|RainDance|[upkeep]
|-damage|p2a: Zamazenta|88/100|[from] Leech Seed|[of] p1a: Breloom
|-heal|p1a: Breloom|100/100 tox|[silent]
|upkeep
|turn|3
|inactive|YuZu Aza has 120 seconds left.
|
|t:|1758964003
|switch|p2a: Pecharunt|Pecharunt|100/100
|switch|p1a: Gholdengo|Gholdengo|100/100
|-damage|p1a: Gholdengo|88/100|[from] Spikes
|
|-weather|RainDance|[upkeep]
|upkeep
|turn|4
|inactive|YuZu Aza has 120 seconds left.
|
|t:|1758964015
|move|p2a: Pecharunt|Shadow Ball|p1a: Gholdengo
|-supereffective|p1a: Gholdengo
|-damage|p1a: Gholdengo|33/100
|move|p1a: Gholdengo|Make It Rain|p2a: Pecharunt
|-damage|p2a: Pecharunt|17/100
|-unboost|p1a: Gholdengo|spa|1
|
|-weather|RainDance|[upkeep]
|upkeep
|turn|5
|inactive|YuZu Aza has 120 seconds left.
|
|t:|1758964026
|switch|p1a: Crawdaunt|Crawdaunt, F|100/100
|-damage|p1a: Crawdaunt|88/100|[from] Spikes
|move|p2a: Pecharunt|Recover|p2a: Pecharunt
|-heal|p2a: Pecharunt|67/100
|
|-weather|none
|upkeep
|turn|6
|
|t:|1758964039
|switch|p2a: Zamazenta|Zamazenta|88/100
|move|p1a: Crawdaunt|Knock Off|p2a: Zamazenta
|-resisted|p2a: Zamazenta
|-crit|p2a: Zamazenta
|-damage|p2a: Zamazenta|35/100
|-enditem|p2a: Zamazenta|Leftovers|[from] move: Knock Off|[of] p1a: Crawdaunt
|-damage|p1a: Crawdaunt|78/100|[from] item: Life Orb
|
|upkeep
|turn|7
|
|t:|1758964052
|move|p1a: Crawdaunt|Aqua Jet|p2a: Zamazenta
|-damage|p2a: Zamazenta|6/100
|-damage|p1a: Crawdaunt|69/100|[from] item: Life Orb
|move|p2a: Zamazenta|Body Press|p1a: Crawdaunt
|-supereffective|p1a: Crawdaunt
|-damage|p1a: Crawdaunt|0 fnt
|faint|p1a: Crawdaunt
|
|upkeep
|inactive|YuZu Aza has 120 seconds left.
|
|t:|1758964075
|switch|p1a: Gengar|Gengar, M|100/100
|-damage|p1a: Gengar|88/100|[from] Spikes
|turn|8
|
|t:|1758964079
|move|p1a: Gengar|Shadow Ball|p2a: Zamazenta
|-damage|p2a: Zamazenta|0 fnt
|faint|p2a: Zamazenta
|
|upkeep
|
|t:|1758964085
|switch|p2a: Samurott|Samurott-Hisui, M|81/100
|turn|9
|
|t:|1758964089
|switch|p1a: Breloom|Breloom, F|100/100 tox
|-damage|p1a: Breloom|88/100 tox|[from] Spikes
|move|p2a: Samurott|Ceaseless Edge|p1a: Breloom
|-resisted|p1a: Breloom
|-damage|p1a: Breloom|68/100 tox
|-sidestart|p1: YuZu Aza|Spikes
|
|-heal|p1a: Breloom|81/100 tox|[from] ability: Poison Heal
|upkeep
|turn|10
|
|t:|1758964099
|switch|p2a: Landorus|Landorus-Therian, M|100/100
|-ability|p2a: Landorus|Intimidate|boost
|-unboost|p1a: Breloom|atk|1
|switch|p1a: Excadrill|Excadrill, F|100/100
|-damage|p1a: Excadrill|84/100|[from] Spikes
|-ability|p1a: Excadrill|Mold Breaker
|
|-heal|p1a: Excadrill|90/100|[from] item: Leftovers
|upkeep
|turn|11
|
|t:|1758964112
|switch|p1a: Pelipper|Pelipper, M|36/100
|-weather|RainDance|[from] ability: Drizzle|[of] p1a: Pelipper
|move|p2a: Landorus|Earthquake|p1a: Pelipper
|-immune|p1a: Pelipper
|
|-weather|RainDance|[upkeep]
|upkeep
|turn|12
|
|t:|1758964122
|switch|p2a: Pecharunt|Pecharunt|67/100
|move|p1a: Pelipper|Roost|p1a: Pelipper
|-heal|p1a: Pelipper|86/100
|-singleturn|p1a: Pelipper|move: Roost
|
|-weather|RainDance|[upkeep]
|upkeep
|turn|13
|
|t:|1758964132
|switch|p1a: Excadrill|Excadrill, F|90/100
|-damage|p1a: Excadrill|73/100|[from] Spikes
|-ability|p1a: Excadrill|Mold Breaker
|move|p2a: Pecharunt|Recover|p2a: Pecharunt
|-heal|p2a: Pecharunt|100/100
|
|-weather|RainDance|[upkeep]
|-heal|p1a: Excadrill|80/100|[from] item: Leftovers
|upkeep
|turn|14
|
|t:|1758964142
|switch|p2a: Landorus|Landorus-Therian, M|100/100
|-ability|p2a: Landorus|Intimidate|boost
|-unboost|p1a: Excadrill|atk|1
|move|p1a: Excadrill|Stealth Rock|p2a: Landorus
|-sidestart|p2: Eyzen|move: Stealth Rock
|
|-weather|RainDance|[upkeep]
|-heal|p1a: Excadrill|86/100|[from] item: Leftovers
|upkeep
|turn|15
|
|t:|1758964153
|switch|p1a: Pelipper|Pelipper, M|86/100
|move|p2a: Landorus|Earthquake|p1a: Pelipper
|-immune|p1a: Pelipper
|
|-weather|none
|upkeep
|turn|16
|
|t:|1758964160
|switch|p2a: Pecharunt|Pecharunt|100/100
|move|p1a: Pelipper|U-turn|p2a: Pecharunt
|-resisted|p2a: Pecharunt
|-damage|p2a: Pecharunt|99/100
|
|t:|1758964165
|switch|p1a: Excadrill|Excadrill, F|86/100|[from] U-turn
|-damage|p1a: Excadrill|69/100|[from] Spikes
|-ability|p1a: Excadrill|Mold Breaker
|
|-heal|p1a: Excadrill|75/100|[from] item: Leftovers
|upkeep
|turn|17
|
|t:|1758964172
|move|p2a: Pecharunt|Shadow Ball|p1a: Excadrill
|-damage|p1a: Excadrill|56/100
|-unboost|p1a: Excadrill|spd|1
|move|p1a: Excadrill|Rapid Spin|p2a: Pecharunt
|-immune|p2a: Pecharunt
|
|-heal|p1a: Excadrill|62/100|[from] item: Leftovers
|upkeep
|turn|18
|
|t:|1758964182
|switch|p2a: Landorus|Landorus-Therian, M|100/100
|-damage|p2a: Landorus|88/100|[from] Stealth Rock
|-ability|p2a: Landorus|Intimidate|boost
|-unboost|p1a: Excadrill|atk|1
|move|p1a: Excadrill|Earthquake|p2a: Landorus
|-immune|p2a: Landorus
|
|-heal|p1a: Excadrill|68/100|[from] item: Leftovers
|upkeep
|turn|19
|
|t:|1758964192
|switch|p1a: Breloom|Breloom, F|81/100 tox
|-damage|p1a: Breloom|64/100 tox|[from] Spikes
|move|p2a: Landorus|Smack Down|p1a: Breloom
|-resisted|p1a: Breloom
|-damage|p1a: Breloom|58/100 tox
|
|-heal|p1a: Breloom|70/100 tox|[from] ability: Poison Heal
|upkeep
|turn|20
|
|t:|1758964203
|move|p2a: Landorus|U-turn|p1a: Breloom
|-damage|p1a: Breloom|52/100 tox
|
|t:|1758964206
|switch|p2a: Pecharunt|Pecharunt|99/100|[from] U-turn
|move|p1a: Breloom|Leech Seed|p2a: Pecharunt
|-start|p2a: Pecharunt|move: Leech Seed
|
|-damage|p2a: Pecharunt|87/100|[from] Leech Seed|[of] p1a: Breloom
|-heal|p1a: Breloom|67/100 tox|[silent]
|-heal|p1a: Breloom|79/100 tox|[from] ability: Poison Heal
|upkeep
|turn|21
|
|t:|1758964214
|switch|p1a: Excadrill|Excadrill, F|68/100
|-damage|p1a: Excadrill|52/100|[from] Spikes
|-ability|p1a: Excadrill|Mold Breaker
|move|p2a: Pecharunt|Malignant Chain|p1a: Excadrill
|-immune|p1a: Excadrill
|
|-heal|p1a: Excadrill|58/100|[from] item: Leftovers
|-damage|p2a: Pecharunt|74/100|[from] Leech Seed|[of] p1a: Excadrill
|-heal|p1a: Excadrill|69/100|[silent]
|upkeep
|turn|22
|
|t:|1758964223
|switch|p2a: Landorus|Landorus-Therian, M|88/100
|-damage|p2a: Landorus|76/100|[from] Stealth Rock
|-ability|p2a: Landorus|Intimidate|boost
|-unboost|p1a: Excadrill|atk|1
|move|p1a: Excadrill|Rapid Spin|p2a: Landorus
|-damage|p2a: Landorus|66/100
|-boost|p1a: Excadrill|spe|1
|-damage|p1a: Excadrill|52/100|[from] item: Rocky Helmet|[of] p2a: Landorus
|-sideend|p1: YuZu Aza|Spikes|[from] move: Rapid Spin|[of] p1a: Excadrill
|
|-heal|p1a: Excadrill|58/100|[from] item: Leftovers
|upkeep
|turn|23
|
|t:|1758964233
|switch|p1a: Pelipper|Pelipper, M|86/100
|-weather|RainDance|[from] ability: Drizzle|[of] p1a: Pelipper
|move|p2a: Landorus|Earthquake|p1a: Pelipper
|-immune|p1a: Pelipper
|
|-weather|RainDance|[upkeep]
|upkeep
|turn|24
|
|t:|1758964245
|switch|p2a: Pecharunt|Pecharunt|74/100
|move|p1a: Pelipper|Weather Ball|p2a: Pecharunt
|-crit|p2a: Pecharunt
|-damage|p2a: Pecharunt|0 fnt
|faint|p2a: Pecharunt
|
|-weather|RainDance|[upkeep]
|upkeep
|
|t:|1758964264
|switch|p2a: Scizor|Scizor, M|100/100
|turn|25
|
|t:|1758964273
|-terastallize|p2a: Scizor|Electric
|-terastallize|p1a: Pelipper|Water
|move|p2a: Scizor|Tera Blast|p1a: Pelipper|[anim] Tera Blast Electric
|-supereffective|p1a: Pelipper
|-damage|p1a: Pelipper|0 fnt
|faint|p1a: Pelipper
|
|-weather|RainDance|[upkeep]
|upkeep
|
|t:|1758964301
|switch|p1a: Gholdengo|Gholdengo|33/100
|turn|26
|
|t:|1758964309
|move|p1a: Gholdengo|Recover|p1a: Gholdengo
|-heal|p1a: Gholdengo|83/100
|move|p2a: Scizor|Knock Off|p1a: Gholdengo
|-supereffective|p1a: Gholdengo
|-damage|p1a: Gholdengo|0 fnt
|-enditem|p1a: Gholdengo|Metal Coat|[from] move: Knock Off|[of] p2a: Scizor
|faint|p1a: Gholdengo
|
|-weather|RainDance|[upkeep]
|upkeep
|
|t:|1758964323
|switch|p1a: Excadrill|Excadrill, F|58/100
|-ability|p1a: Excadrill|Mold Breaker
|turn|27
|
|t:|1758964333
|switch|p1a: Breloom|Breloom, F|79/100 tox
|move|p2a: Scizor|Knock Off|p1a: Breloom
|-resisted|p1a: Breloom
|-damage|p1a: Breloom|64/100 tox
|-enditem|p1a: Breloom|Toxic Orb|[from] move: Knock Off|[of] p2a: Scizor
|
|-weather|none
|-heal|p1a: Breloom|77/100 tox|[from] ability: Poison Heal
|upkeep
|turn|28
|
|t:|1758964344
|switch|p2a: Samurott|Samurott-Hisui, M|81/100
|-damage|p2a: Samurott|69/100|[from] Stealth Rock
|move|p1a: Breloom|Bulk Up|p1a: Breloom
|-boost|p1a: Breloom|atk|1
|-boost|p1a: Breloom|def|1
|
|-heal|p1a: Breloom|89/100 tox|[from] ability: Poison Heal
|upkeep
|turn|29
|
|t:|1758964351
|move|p2a: Samurott|Ceaseless Edge|p1a: Breloom
|-resisted|p1a: Breloom
|-damage|p1a: Breloom|74/100 tox
|-sidestart|p1: YuZu Aza|Spikes
|move|p1a: Breloom|Drain Punch|p2a: Samurott
|-supereffective|p2a: Samurott
|-damage|p2a: Samurott|0 fnt
|-heal|p1a: Breloom|100/100 tox|[from] drain|[of] p2a: Samurott
|faint|p2a: Samurott
|
|upkeep
|
|t:|1758964356
|switch|p2a: Latios|Latios, M|100/100
|-damage|p2a: Latios|88/100|[from] Stealth Rock
|turn|30
|
|t:|1758964361
|switch|p1a: Excadrill|Excadrill, F|58/100
|-damage|p1a: Excadrill|46/100|[from] Spikes
|-ability|p1a: Excadrill|Mold Breaker
|move|p2a: Latios|Psychic Noise|p1a: Excadrill
|-resisted|p1a: Excadrill
|-damage|p1a: Excadrill|28/100
|-start|p1a: Excadrill|move: Heal Block
|
|upkeep
|turn|31
|
|t:|1758964371
|move|p2a: Latios|Draco Meteor|p1a: Excadrill
|-resisted|p1a: Excadrill
|-damage|p1a: Excadrill|0 fnt
|-unboost|p2a: Latios|spa|2
|faint|p1a: Excadrill
|
|upkeep
|
|t:|1758964383
|switch|p1a: Gengar|Gengar, M|88/100
|-damage|p1a: Gengar|76/100|[from] Spikes
|turn|32
|
|t:|1758964390
|switch|p2a: Landorus|Landorus-Therian, M|66/100
|-damage|p2a: Landorus|54/100|[from] Stealth Rock
|-ability|p2a: Landorus|Intimidate|boost
|-unboost|p1a: Gengar|atk|1
|move|p1a: Gengar|Shadow Ball|p2a: Landorus
|-damage|p2a: Landorus|7/100
|
|upkeep
|turn|33
|
|t:|1758964400
|move|p1a: Gengar|Shadow Ball|p2a: Landorus
|-damage|p2a: Landorus|0 fnt
|faint|p2a: Landorus
|
|upkeep
|
|t:|1758964404
|switch|p2a: Scizor|Scizor, M, tera:Electric|100/100
|turn|34
|
|t:|1758964410
|switch|p1a: Breloom|Breloom, F|100/100 tox
|-damage|p1a: Breloom|88/100 tox|[from] Spikes
|move|p2a: Scizor|Knock Off|p1a: Breloom
|-resisted|p1a: Breloom
|-damage|p1a: Breloom|77/100 tox
|
|-heal|p1a: Breloom|90/100 tox|[from] ability: Poison Heal
|upkeep
|turn|35
|
|t:|1758964423
|switch|p2a: Latios|Latios, M|88/100
|-damage|p2a: Latios|76/100|[from] Stealth Rock
|move|p1a: Breloom|Leech Seed|p2a: Latios
|-start|p2a: Latios|move: Leech Seed
|
|-damage|p2a: Latios|64/100|[from] Leech Seed|[of] p1a: Breloom
|-heal|p1a: Breloom|100/100 tox|[silent]
|upkeep
|turn|36
|
|t:|1758964447
|move|p2a: Latios|Psychic Noise|p1a: Breloom
|-supereffective|p1a: Breloom
|-damage|p1a: Breloom|0 fnt
|faint|p1a: Breloom
|
|upkeep
|
|t:|1758964451
|switch|p1a: Gengar|Gengar, M|76/100
|-damage|p1a: Gengar|64/100|[from] Spikes
|turn|37
|
|t:|1758964460
|move|p1a: Gengar|Shadow Ball|p2a: Latios
|-supereffective|p2a: Latios
|-damage|p2a: Latios|0 fnt
|faint|p2a: Latios
|
|upkeep
|
|t:|1758964462
|switch|p2a: Scizor|Scizor, M, tera:Electric|100/100
|turn|38
|
|t:|1758964464
|move|p1a: Gengar|Shadow Ball|p2a: Scizor
|-damage|p2a: Scizor|36/100
|-unboost|p2a: Scizor|spd|1
|move|p2a: Scizor|Knock Off|p1a: Gengar
|-supereffective|p1a: Gengar
|-damage|p1a: Gengar|0 fnt
|-start|p2a: Scizor|Disable|Knock Off|[from] ability: Cursed Body|[of] p1a: Gengar
|-enditem|p1a: Gengar|Choice Scarf|[from] move: Knock Off|[of] p2a: Scizor
|faint|p1a: Gengar
|
|win|Eyzen
|raw|YuZu Aza's rating: 1372 &rarr; <strong>1348</strong><br />(-24 for losing)
|raw|Eyzen's rating: 1309 &rarr; <strong>1333</strong><br />(+24 for winning)
|c|☆YuZu Aza|gg
|c|☆Eyzen|gg
|l|☆Eyzen
|player|p2|
|l|☆YuZu Aza
|player|p1|
