|j|☆gen 9 sab truther
|j|☆TrentMercer
|t:|1758967772
|gametype|singles
|player|p1|gen 9 sab truther|morty-masters|1607
|player|p2|TrentMercer|n|1578
|gen|9
|tier|[Gen 9] OU
|rated|
|rule|HP Percentage Mod: HP is shown in percentages
|rule|Endless Battle Clause: Forcing endless battles is banned
|rule|Species Clause: Limit one of each Pokémon
|rule|OHKO Clause: OHKO moves are banned
|rule|Evasion Items Clause: Evasion items are banned
|rule|Evasion Moves Clause: Evasion moves are banned
|rule|Evasion Abilities Clause: Evasion abilities are banned
|rule|Sleep Moves Clause: Sleep-inducing moves are banned
|clearpoke
|poke|p1|Garganacl, F|
|poke|p1|Great Tusk|
|poke|p1|Chesnaught, M|
|poke|p1|Dragapult, M|
|poke|p1|Moltres|
|poke|p1|Kingambit, F|
|poke|p2|Great Tusk|
|poke|p2|Slowking-Galar, M|
|poke|p2|Cinderace, M|
|poke|p2|Crawdaunt, M|
|poke|p2|Zapdos|
|poke|p2|Gholdengo|
|teampreview
|inactive|Battle timer is ON: inactive players will automatically lose when time's up. (requested by gen 9 sab truther)
|
|t:|1758967795
|teamsize|p1|6
|teamsize|p2|6
|start
|switch|p1a: Garganacl|Garganacl, F|100/100
|switch|p2a: Gholdengo|Gholdengo|100/100
|turn|1
|
|t:|1758967798
|move|p1a: Garganacl|Protect|p1a: Garganacl
|-singleturn|p1a: Garganacl|Protect
|move|p2a: Gholdengo|Make It Rain|p1a: Garganacl
|-activate|p1a: Garganacl|move: Protect
|
|upkeep
|turn|2
|
|t:|1758967803
|switch|p1a: Moltres|Moltres|100/100
|move|p2a: Gholdengo|Make It Rain|p1a: Moltres
|-resisted|p1a: Moltres
|-damage|p1a: Moltres|77/100
|-unboost|p2a: Gholdengo|spa|1
|
|upkeep
|turn|3
|
|t:|1758967814
|switch|p2a: Slowking|Slowking-Galar, M|100/100
|move|p1a: Moltres|Flamethrower|p2a: Slowking
|-damage|p2a: Slowking|83/100
|-status|p2a: Slowking|brn
|
|-damage|p2a: Slowking|77/100 brn|[from] brn
|upkeep
|turn|4
|
|t:|1758967826
|move|p1a: Moltres|U-turn|p2a: Slowking
|-damage|p2a: Slowking|62/100 brn
|
|t:|1758967828
|switch|p1a: Garganacl|Garganacl, F|100/100|[from] U-turn
|move|p2a: Slowking|Flamethrower|p1a: Garganacl
|-resisted|p1a: Garganacl
|-damage|p1a: Garganacl|91/100
|
|-heal|p1a: Garganacl|97/100|[from] item: Leftovers
|-damage|p2a: Slowking|56/100 brn|[from] brn
|upkeep
|turn|5
|
|t:|1758967834
|switch|p2a: Great Tusk|Great Tusk|100/100
|-enditem|p2a: Great Tusk|Booster Energy
|-activate|p2a: Great Tusk|ability: Protosynthesis|[fromitem]
|-start|p2a: Great Tusk|protosynthesisatk
|move|p1a: Garganacl|Stealth Rock|p2a: Great Tusk
|-sidestart|p2: TrentMercer|move: Stealth Rock
|
|-heal|p1a: Garganacl|100/100|[from] item: Leftovers
|upkeep
|turn|6
|
|t:|1758967837
|switch|p1a: Chesnaught|Chesnaught, M|100/100
|move|p2a: Great Tusk|Stealth Rock|p1a: Chesnaught
|-sidestart|p1: gen 9 sab truther|move: Stealth Rock
|
|upkeep
|turn|7
|
|t:|1758967847
|move|p2a: Great Tusk|Rapid Spin|p1a: Chesnaught
|-damage|p1a: Chesnaught|88/100
|-boost|p2a: Great Tusk|spe|1
|-damage|p2a: Great Tusk|84/100|[from] item: Rocky Helmet|[of] p1a: Chesnaught
|-sideend|p2: TrentMercer|Stealth Rock|[from] move: Rapid Spin|[of] p2a: Great Tusk
|move|p1a: Chesnaught|Spikes|p2a: Great Tusk
|-sidestart|p2: TrentMercer|Spikes
|
|upkeep
|turn|8
|
|t:|1758967856
|move|p2a: Great Tusk|Ice Spinner|p1a: Chesnaught
|-supereffective|p1a: Chesnaught
|-damage|p1a: Chesnaught|45/100
|-damage|p2a: Great Tusk|68/100|[from] item: Rocky Helmet|[of] p1a: Chesnaught
|move|p1a: Chesnaught|Spikes|p2a: Great Tusk
|-sidestart|p2: TrentMercer|Spikes
|
|upkeep
|turn|9
|
|t:|1758967862
|move|p2a: Great Tusk|Rapid Spin|p1a: Chesnaught
|-damage|p1a: Chesnaught|33/100
|-boost|p2a: Great Tusk|spe|1
|-damage|p2a: Great Tusk|51/100|[from] item: Rocky Helmet|[of] p1a: Chesnaught
|-sideend|p2: TrentMercer|Spikes|[from] move: Rapid Spin|[of] p2a: Great Tusk
|move|p1a: Chesnaught|Synthesis|p1a: Chesnaught
|-heal|p1a: Chesnaught|83/100
|
|upkeep
|turn|10
|
|t:|1758967878
|-end|p2a: Great Tusk|Protosynthesis|[silent]
|switch|p2a: Zapdos|Zapdos|100/100
|move|p1a: Chesnaught|Synthesis|p1a: Chesnaught
|-heal|p1a: Chesnaught|100/100
|
|upkeep
|turn|11
|
|t:|1758967883
|switch|p1a: Garganacl|Garganacl, F|100/100
|-damage|p1a: Garganacl|88/100|[from] Stealth Rock
|move|p2a: Zapdos|Hurricane|p1a: Garganacl
|-resisted|p1a: Garganacl
|-damage|p1a: Garganacl|74/100
|
|-heal|p1a: Garganacl|80/100|[from] item: Leftovers
|upkeep
|turn|12
|
|t:|1758967892
|switch|p2a: Great Tusk|Great Tusk|51/100
|move|p1a: Garganacl|Stealth Rock|p2a: Great Tusk
|-sidestart|p2: TrentMercer|move: Stealth Rock
|
|-heal|p1a: Garganacl|86/100|[from] item: Leftovers
|upkeep
|turn|13
|
|t:|1758967896
|move|p1a: Garganacl|Protect|p1a: Garganacl
|-singleturn|p1a: Garganacl|Protect
|move|p2a: Great Tusk|Ice Spinner|p1a: Garganacl
|-activate|p1a: Garganacl|move: Protect
|
|-heal|p1a: Garganacl|93/100|[from] item: Leftovers
|upkeep
|turn|14
|
|t:|1758967899
|switch|p1a: Chesnaught|Chesnaught, M|100/100
|-damage|p1a: Chesnaught|94/100|[from] Stealth Rock
|move|p2a: Great Tusk|Rapid Spin|p1a: Chesnaught
|-damage|p1a: Chesnaught|85/100
|-boost|p2a: Great Tusk|spe|1
|-damage|p2a: Great Tusk|35/100|[from] item: Rocky Helmet|[of] p1a: Chesnaught
|-sideend|p2: TrentMercer|Stealth Rock|[from] move: Rapid Spin|[of] p2a: Great Tusk
|
|upkeep
|turn|15
|
|t:|1758967902
|-end|p2a: Great Tusk|Protosynthesis|[silent]
|switch|p2a: Zapdos|Zapdos|100/100
|move|p1a: Chesnaught|Spikes|p2a: Zapdos
|-sidestart|p2: TrentMercer|Spikes
|
|upkeep
|turn|16
|
|t:|1758967906
|switch|p1a: Garganacl|Garganacl, F|93/100
|-damage|p1a: Garganacl|80/100|[from] Stealth Rock
|move|p2a: Zapdos|Volt Switch|p1a: Garganacl
|-damage|p1a: Garganacl|60/100
|
|t:|1758967908
|switch|p2a: Crawdaunt|Crawdaunt, M|100/100|[from] Volt Switch
|-damage|p2a: Crawdaunt|88/100|[from] Spikes
|
|-heal|p1a: Garganacl|66/100|[from] item: Leftovers
|upkeep
|turn|17
|
|t:|1758967912
|switch|p1a: Chesnaught|Chesnaught, M|85/100
|-damage|p1a: Chesnaught|79/100|[from] Stealth Rock
|move|p2a: Crawdaunt|Crabhammer|p1a: Chesnaught
|-resisted|p1a: Chesnaught
|-damage|p1a: Chesnaught|50/100
|-damage|p2a: Crawdaunt|72/100|[from] item: Rocky Helmet|[of] p1a: Chesnaught
|
|upkeep
|turn|18
|
|t:|1758967921
|switch|p2a: Cinderace|Cinderace, M|100/100
|move|p1a: Chesnaught|Synthesis|p1a: Chesnaught
|-heal|p1a: Chesnaught|99/100
|
|upkeep
|turn|19
|
|t:|1758967929
|switch|p1a: Moltres|Moltres|77/100
|move|p2a: Cinderace|U-turn|p1a: Moltres
|-start|p2a: Cinderace|typechange|Bug|[from] ability: Libero
|-resisted|p1a: Moltres
|-damage|p1a: Moltres|69/100
|
|t:|1758967933
|switch|p2a: Zapdos|Zapdos|100/100|[from] U-turn
|
|upkeep
|turn|20
|
|t:|1758967940
|move|p2a: Zapdos|Volt Switch|p1a: Moltres
|-supereffective|p1a: Moltres
|-damage|p1a: Moltres|25/100
|
|t:|1758967944
|switch|p2a: Slowking|Slowking-Galar, M|90/100 brn|[from] Volt Switch
|-damage|p2a: Slowking|77/100 brn|[from] Spikes
|move|p1a: Moltres|Roost|p1a: Moltres
|-heal|p1a: Moltres|75/100
|-singleturn|p1a: Moltres|move: Roost
|
|-damage|p2a: Slowking|71/100 brn|[from] brn
|upkeep
|turn|21
|
|t:|1758967948
|move|p1a: Moltres|U-turn|p2a: Slowking
|-damage|p2a: Slowking|55/100 brn
|
|t:|1758967950
|switch|p1a: Garganacl|Garganacl, F|66/100|[from] U-turn
|-damage|p1a: Garganacl|54/100|[from] Stealth Rock
|move|p2a: Slowking|Ice Beam|p1a: Garganacl
|-damage|p1a: Garganacl|35/100
|
|-heal|p1a: Garganacl|41/100|[from] item: Leftovers
|-damage|p2a: Slowking|49/100 brn|[from] brn
|upkeep
|turn|22
|
|t:|1758967968
|switch|p2a: Cinderace|Cinderace, M|100/100
|move|p1a: Garganacl|Recover|p1a: Garganacl
|-heal|p1a: Garganacl|91/100
|
|-heal|p1a: Garganacl|98/100|[from] item: Leftovers
|upkeep
|turn|23
|
|t:|1758967975
|move|p1a: Garganacl|Protect|p1a: Garganacl
|-singleturn|p1a: Garganacl|Protect
|move|p2a: Cinderace|High Jump Kick|p1a: Garganacl
|-start|p2a: Cinderace|typechange|Fighting|[from] ability: Libero
|-activate|p1a: Garganacl|move: Protect
|-damage|p2a: Cinderace|51/100|[from] highjumpkick
|
|-heal|p1a: Garganacl|100/100|[from] item: Leftovers
|upkeep
|turn|24
|
|t:|1758967979
|switch|p2a: Gholdengo|Gholdengo|100/100
|-damage|p2a: Gholdengo|88/100|[from] Spikes
|switch|p1a: Moltres|Moltres|75/100
|
|upkeep
|turn|25
|
|t:|1758967983
|move|p2a: Gholdengo|Trick|p1a: Moltres
|-activate|p2a: Gholdengo|move: Trick|[of] p1a: Moltres
|-item|p1a: Moltres|Choice Scarf|[from] move: Trick
|-item|p2a: Gholdengo|Heavy-Duty Boots|[from] move: Trick
|move|p1a: Moltres|Flamethrower|p2a: Gholdengo
|-supereffective|p2a: Gholdengo
|-damage|p2a: Gholdengo|6/100
|
|upkeep
|turn|26
|-message|TrentMercer forfeited.
|
|win|gen 9 sab truther
|raw|gen 9 sab truther's rating: 1607 &rarr; <strong>1625</strong><br />(+18 for winning)
|raw|TrentMercer's rating: 1578 &rarr; <strong>1560</strong><br />(-18 for losing)
|l|☆TrentMercer
|player|p2|
|l|☆gen 9 sab truther
|player|p1|
