|j|☆pipotron
|j|☆zu 2 the t0p
|t:|1759027093
|gametype|singles
|player|p1|pipotron|2|1568
|player|p2|zu 2 the t0p|dancer|1594
|gen|9
|tier|[Gen 9] OU
|rated|
|rule|HP Percentage Mod: HP is shown in percentages
|rule|Endless Battle Clause: Forcing endless battles is banned
|rule|Species Clause: Limit one of each Pokémon
|rule|OHKO Clause: OHKO moves are banned
|rule|Evasion Items Clause: Evasion items are banned
|rule|Evasion Moves Clause: Evasion moves are banned
|rule|Evasion Abilities Clause: Evasion abilities are banned
|rule|Sleep Moves Clause: Sleep-inducing moves are banned
|clearpoke
|poke|p1|Pecharunt|
|poke|p1|Garganacl, M|
|poke|p1|Goodra, M|
|poke|p1|Ogerpon-Wellspring, F|
|poke|p1|Iron Treads|
|poke|p1|Zamazenta-*|
|poke|p2|Iron Jugulis|
|poke|p2|Avalugg, M|
|poke|p2|Pincurchin, M|
|poke|p2|Clodsire, M|
|poke|p2|Raichu-Alola, M|
|poke|p2|Iron Boulder|
|teampreview
|inactive|Battle timer is ON: inactive players will automatically lose when time's up. (requested by zu 2 the t0p)
|
|t:|1759027126
|teamsize|p1|6
|teamsize|p2|6
|start
|switch|p1a: Ogerpon|Ogerpon-Wellspring, F|100/100
|switch|p2a: Pincurchin|Pincurchin, M, shiny|100/100
|-fieldstart|move: Electric Terrain|[from] ability: Electric Surge|[of] p2a: Pincurchin
|turn|1
|
|t:|1759027131
|switch|p2a: Avalugg|Avalugg, M, shiny|100/100
|move|p1a: Ogerpon|U-turn|p2a: Avalugg
|-damage|p2a: Avalugg|89/100
|
|t:|1759027135
|switch|p1a: Garganacl|Garganacl, M|100/100|[from] U-turn
|
|upkeep
|turn|2
|
|t:|1759027140
|move|p1a: Garganacl|Substitute|p1a: Garganacl
|-start|p1a: Garganacl|Substitute
|-damage|p1a: Garganacl|75/100
|move|p2a: Avalugg|Body Press|p1a: Garganacl
|-supereffective|p1a: Garganacl
|-end|p1a: Garganacl|Substitute
|
|-heal|p1a: Garganacl|82/100|[from] item: Leftovers
|upkeep
|turn|3
|
|t:|1759027145
|switch|p1a: Pecharunt|Pecharunt|100/100
|move|p2a: Avalugg|Body Press|p1a: Pecharunt
|-immune|p1a: Pecharunt
|
|upkeep
|turn|4
|
|t:|1759027151
|switch|p2a: Iron Jugulis|Iron Jugulis, shiny|100/100
|-activate|p2a: Iron Jugulis|ability: Quark Drive
|-start|p2a: Iron Jugulis|quarkdrivespe
|move|p1a: Pecharunt|Nasty Plot|p1a: Pecharunt
|-boost|p1a: Pecharunt|spa|2
|
|upkeep
|turn|5
|
|t:|1759027162
|switch|p1a: Goodra|Goodra, M|100/100
|move|p2a: Iron Jugulis|Dark Pulse|p1a: Goodra
|-damage|p1a: Goodra|79/100
|
|upkeep
|turn|6
|
|t:|1759027178
|move|p2a: Iron Jugulis|Meteor Beam||[still]
|-prepare|p2a: Iron Jugulis|Meteor Beam
|-boost|p2a: Iron Jugulis|spa|1
|-enditem|p2a: Iron Jugulis|Power Herb
|-anim|p2a: Iron Jugulis|Meteor Beam|p1a: Goodra
|-damage|p1a: Goodra|49/100
|move|p1a: Goodra|Draco Meteor|p2a: Iron Jugulis
|-damage|p2a: Iron Jugulis|35/100
|-unboost|p1a: Goodra|spa|2
|
|upkeep
|turn|7
|
|t:|1759027199
|move|p2a: Iron Jugulis|Dark Pulse|p1a: Goodra
|-damage|p1a: Goodra|21/100
|cant|p1a: Goodra|flinch
|
|upkeep
|turn|8
|inactive|pipotron has 120 seconds left.
|
|t:|1759027220
|switch|p1a: Zamazenta|Zamazenta|100/100
|-ability|p1a: Zamazenta|Dauntless Shield|boost
|-boost|p1a: Zamazenta|def|1
|move|p2a: Iron Jugulis|Air Slash|p1a: Zamazenta
|-supereffective|p1a: Zamazenta
|-damage|p1a: Zamazenta|0 fnt
|faint|p1a: Zamazenta
|
|-fieldend|move: Electric Terrain
|-end|p2a: Iron Jugulis|Quark Drive
|upkeep
|inactive|pipotron has 120 seconds left.
|
|t:|1759027226
|switch|p1a: Ogerpon|Ogerpon-Wellspring, F|100/100
|turn|9
|
|t:|1759027231
|-end|p2a: Iron Jugulis|Quark Drive|[silent]
|switch|p2a: Pincurchin|Pincurchin, M, shiny|100/100
|-fieldstart|move: Electric Terrain|[from] ability: Electric Surge|[of] p2a: Pincurchin
|move|p1a: Ogerpon|Ivy Cudgel|p2a: Pincurchin|[anim] Ivy Cudgel Water
|-damage|p2a: Pincurchin|51/100
|
|upkeep
|turn|10
|
|t:|1759027238
|switch|p2a: Avalugg|Avalugg, M, shiny|89/100
|move|p1a: Ogerpon|Ivy Cudgel|p2a: Avalugg|[anim] Ivy Cudgel Water
|-damage|p2a: Avalugg|63/100
|
|upkeep
|turn|11
|
|t:|1759027241
|move|p1a: Ogerpon|U-turn|p2a: Avalugg
|-damage|p2a: Avalugg|53/100
|
|t:|1759027242
|switch|p1a: Pecharunt|Pecharunt|100/100|[from] U-turn
|move|p2a: Avalugg|Recover|p2a: Avalugg
|-heal|p2a: Avalugg|100/100
|
|upkeep
|turn|12
|
|t:|1759027248
|switch|p2a: Clodsire|Clodsire, M, shiny|100/100
|move|p1a: Pecharunt|Malignant Chain|p2a: Clodsire
|-resisted|p2a: Clodsire
|-damage|p2a: Clodsire|96/100
|
|-heal|p2a: Clodsire|100/100|[from] item: Leftovers
|upkeep
|turn|13
|
|t:|1759027260
|switch|p1a: Iron Treads|Iron Treads|100/100
|-activate|p1a: Iron Treads|ability: Quark Drive
|-start|p1a: Iron Treads|quarkdriveatk
|move|p2a: Clodsire|Stealth Rock|p1a: Iron Treads
|-sidestart|p1: pipotron|move: Stealth Rock
|
|upkeep
|turn|14
|
|t:|1759027267
|move|p1a: Iron Treads|Rapid Spin|p2a: Clodsire
|-damage|p2a: Clodsire|74/100
|-boost|p1a: Iron Treads|spe|1
|-sideend|p1: pipotron|Stealth Rock|[from] move: Rapid Spin|[of] p1a: Iron Treads
|move|p2a: Clodsire|Earthquake|p1a: Iron Treads
|-supereffective|p1a: Iron Treads
|-damage|p1a: Iron Treads|55/100
|
|-heal|p2a: Clodsire|81/100|[from] item: Leftovers
|upkeep
|turn|15
|
|t:|1759027278
|switch|p2a: Avalugg|Avalugg, M, shiny|100/100
|move|p1a: Iron Treads|Rapid Spin|p2a: Avalugg
|-damage|p2a: Avalugg|91/100
|-boost|p1a: Iron Treads|spe|1
|
|upkeep
|turn|16
|
|t:|1759027291
|-end|p1a: Iron Treads|Quark Drive|[silent]
|switch|p1a: Pecharunt|Pecharunt|100/100
|move|p2a: Avalugg|Body Press|p1a: Pecharunt
|-immune|p1a: Pecharunt
|
|-fieldend|move: Electric Terrain
|upkeep
|turn|17
|
|t:|1759027295
|switch|p2a: Clodsire|Clodsire, M, shiny|81/100
|move|p1a: Pecharunt|Nasty Plot|p1a: Pecharunt
|-boost|p1a: Pecharunt|spa|2
|
|-heal|p2a: Clodsire|87/100|[from] item: Leftovers
|upkeep
|turn|18
|
|t:|1759027297
|move|p1a: Pecharunt|Shadow Ball|p2a: Clodsire
|-damage|p2a: Clodsire|71/100
|-unboost|p2a: Clodsire|spd|1
|move|p2a: Clodsire|Stealth Rock|p1a: Pecharunt
|-sidestart|p1: pipotron|move: Stealth Rock
|
|-heal|p2a: Clodsire|77/100|[from] item: Leftovers
|upkeep
|turn|19
|
|t:|1759027301
|move|p1a: Pecharunt|Shadow Ball|p2a: Clodsire
|-damage|p2a: Clodsire|52/100
|move|p2a: Clodsire|Earthquake|p1a: Pecharunt
|-supereffective|p1a: Pecharunt
|-damage|p1a: Pecharunt|63/100
|
|-heal|p2a: Clodsire|58/100|[from] item: Leftovers
|upkeep
|turn|20
|
|t:|1759027304
|move|p1a: Pecharunt|Shadow Ball|p2a: Clodsire
|-damage|p2a: Clodsire|33/100
|move|p2a: Clodsire|Recover|p2a: Clodsire
|-heal|p2a: Clodsire|83/100
|
|-heal|p2a: Clodsire|90/100|[from] item: Leftovers
|upkeep
|turn|21
|
|t:|1759027306
|move|p1a: Pecharunt|Shadow Ball|p2a: Clodsire
|-damage|p2a: Clodsire|64/100
|move|p2a: Clodsire|Earthquake|p1a: Pecharunt
|-supereffective|p1a: Pecharunt
|-damage|p1a: Pecharunt|26/100
|
|-heal|p2a: Clodsire|70/100|[from] item: Leftovers
|upkeep
|turn|22
|
|t:|1759027311
|move|p1a: Pecharunt|Recover|p1a: Pecharunt
|-heal|p1a: Pecharunt|76/100
|move|p2a: Clodsire|Earthquake|p1a: Pecharunt
|-supereffective|p1a: Pecharunt
|-damage|p1a: Pecharunt|39/100
|
|-heal|p2a: Clodsire|76/100|[from] item: Leftovers
|upkeep
|turn|23
|
|t:|1759027316
|move|p1a: Pecharunt|Recover|p1a: Pecharunt
|-heal|p1a: Pecharunt|89/100
|move|p2a: Clodsire|Earthquake|p1a: Pecharunt
|-supereffective|p1a: Pecharunt
|-damage|p1a: Pecharunt|53/100
|
|-heal|p2a: Clodsire|83/100|[from] item: Leftovers
|upkeep
|turn|24
|
|t:|1759027318
|switch|p1a: Ogerpon|Ogerpon-Wellspring, F|100/100
|-damage|p1a: Ogerpon|88/100|[from] Stealth Rock
|move|p2a: Clodsire|Earthquake|p1a: Ogerpon
|-resisted|p1a: Ogerpon
|-damage|p1a: Ogerpon|72/100
|
|-heal|p2a: Clodsire|89/100|[from] item: Leftovers
|upkeep
|turn|25
|
|t:|1759027324
|switch|p2a: Avalugg|Avalugg, M, shiny|91/100
|move|p1a: Ogerpon|Knock Off|p2a: Avalugg
|-damage|p2a: Avalugg|76/100
|-enditem|p2a: Avalugg|Heavy-Duty Boots|[from] move: Knock Off|[of] p1a: Ogerpon
|
|upkeep
|turn|26
|
|t:|1759027328
|move|p1a: Ogerpon|U-turn|p2a: Avalugg
|-damage|p2a: Avalugg|64/100
|
|t:|1759027330
|switch|p1a: Pecharunt|Pecharunt|53/100|[from] U-turn
|move|p2a: Avalugg|Avalanche|p1a: Pecharunt
|-damage|p1a: Pecharunt|34/100
|
|upkeep
|turn|27
|
|t:|1759027335
|switch|p2a: Iron Jugulis|Iron Jugulis, shiny|35/100
|move|p1a: Pecharunt|Recover|p1a: Pecharunt
|-heal|p1a: Pecharunt|84/100
|
|upkeep
|turn|28
|
|t:|1759027340
|switch|p1a: Ogerpon|Ogerpon-Wellspring, F|72/100
|-damage|p1a: Ogerpon|60/100|[from] Stealth Rock
|move|p2a: Iron Jugulis|Dark Pulse|p1a: Ogerpon
|-damage|p1a: Ogerpon|15/100
|
|upkeep
|turn|29
|
|t:|1759027346
|-end|p2a: Iron Jugulis|Quark Drive|[silent]
|switch|p2a: Pincurchin|Pincurchin, M, shiny|51/100
|-fieldstart|move: Electric Terrain|[from] ability: Electric Surge|[of] p2a: Pincurchin
|move|p1a: Ogerpon|U-turn|p2a: Pincurchin
|-damage|p2a: Pincurchin|27/100
|
|t:|1759027352
|switch|p1a: Garganacl|Garganacl, M|82/100|[from] U-turn
|-damage|p1a: Garganacl|69/100|[from] Stealth Rock
|
|-heal|p1a: Garganacl|75/100|[from] item: Leftovers
|upkeep
|turn|30
|
|t:|1759027365
|switch|p2a: Avalugg|Avalugg, M, shiny|64/100
|move|p1a: Garganacl|Stealth Rock|p2a: Avalugg
|-sidestart|p2: zu 2 the t0p|move: Stealth Rock
|
|-heal|p1a: Garganacl|82/100|[from] item: Leftovers
|upkeep
|turn|31
|
|t:|1759027370
|move|p1a: Garganacl|Salt Cure|p2a: Avalugg
|-supereffective|p2a: Avalugg
|-damage|p2a: Avalugg|53/100
|-start|p2a: Avalugg|Salt Cure
|move|p2a: Avalugg|Recover|p2a: Avalugg
|-heal|p2a: Avalugg|100/100
|
|-heal|p1a: Garganacl|88/100|[from] item: Leftovers
|-damage|p2a: Avalugg|88/100|[from] Salt Cure
|upkeep
|turn|32
|
|t:|1759027386
|move|p1a: Garganacl|Substitute|p1a: Garganacl
|-start|p1a: Garganacl|Substitute
|-damage|p1a: Garganacl|63/100
|move|p2a: Avalugg|Rapid Spin|p1a: Garganacl
|-resisted|p1a: Garganacl
|-activate|p1a: Garganacl|move: Substitute|[damage]
|-sideend|p2: zu 2 the t0p|Stealth Rock|[from] move: Rapid Spin|[of] p2a: Avalugg
|-boost|p2a: Avalugg|spe|1
|
|-heal|p1a: Garganacl|69/100|[from] item: Leftovers
|-damage|p2a: Avalugg|76/100|[from] Salt Cure
|upkeep
|turn|33
|
|t:|1759027390
|move|p2a: Avalugg|Body Press|p1a: Garganacl
|-supereffective|p1a: Garganacl
|-end|p1a: Garganacl|Substitute
|move|p1a: Garganacl|Stealth Rock|p2a: Avalugg
|-sidestart|p2: zu 2 the t0p|move: Stealth Rock
|
|-heal|p1a: Garganacl|75/100|[from] item: Leftovers
|-damage|p2a: Avalugg|63/100|[from] Salt Cure
|upkeep
|turn|34
|
|t:|1759027394
|switch|p1a: Iron Treads|Iron Treads|55/100
|-damage|p1a: Iron Treads|52/100|[from] Stealth Rock
|-activate|p1a: Iron Treads|ability: Quark Drive
|-start|p1a: Iron Treads|quarkdriveatk
|move|p2a: Avalugg|Recover|p2a: Avalugg
|-heal|p2a: Avalugg|100/100
|
|-damage|p2a: Avalugg|88/100|[from] Salt Cure
|upkeep
|turn|35
|
|t:|1759027401
|move|p1a: Iron Treads|Rapid Spin|p2a: Avalugg
|-damage|p2a: Avalugg|79/100
|-boost|p1a: Iron Treads|spe|1
|-sideend|p1: pipotron|Stealth Rock|[from] move: Rapid Spin|[of] p1a: Iron Treads
|move|p2a: Avalugg|Body Press|p1a: Iron Treads
|-supereffective|p1a: Iron Treads
|-damage|p1a: Iron Treads|0 fnt
|faint|p1a: Iron Treads
|-end|p1a: Iron Treads|Quark Drive|[silent]
|
|-damage|p2a: Avalugg|66/100|[from] Salt Cure
|upkeep
|
|t:|1759027405
|switch|p1a: Pecharunt|Pecharunt|84/100
|turn|36
|
|t:|1759027407
|switch|p1a: Ogerpon|Ogerpon-Wellspring, F|15/100
|switch|p2a: Clodsire|Clodsire, M, shiny|89/100
|-damage|p2a: Clodsire|83/100|[from] Stealth Rock
|
|-heal|p2a: Clodsire|89/100|[from] item: Leftovers
|-fieldend|move: Electric Terrain
|upkeep
|turn|37
|
|t:|1759027419
|switch|p1a: Goodra|Goodra, M|21/100
|switch|p2a: Pincurchin|Pincurchin, M, shiny|27/100
|-damage|p2a: Pincurchin|15/100|[from] Stealth Rock
|-fieldstart|move: Electric Terrain|[from] ability: Electric Surge|[of] p2a: Pincurchin
|
|upkeep
|turn|38
|
|t:|1759027427
|move|p1a: Goodra|Knock Off|p2a: Pincurchin
|-damage|p2a: Pincurchin|0 fnt
|-enditem|p2a: Pincurchin|Terrain Extender|[from] move: Knock Off|[of] p1a: Goodra
|faint|p2a: Pincurchin
|
|upkeep
|
|t:|1759027429
|switch|p2a: Iron Boulder|Iron Boulder|100/100
|-damage|p2a: Iron Boulder|88/100|[from] Stealth Rock
|-activate|p2a: Iron Boulder|ability: Quark Drive
|-start|p2a: Iron Boulder|quarkdrivespe
|turn|39
|
|t:|1759027435
|switch|p1a: Pecharunt|Pecharunt|84/100
|move|p2a: Iron Boulder|Mighty Cleave|p1a: Pecharunt
|-damage|p1a: Pecharunt|34/100
|
|upkeep
|turn|40
|
|t:|1759027443
|move|p2a: Iron Boulder|Mighty Cleave|p1a: Pecharunt
|-damage|p1a: Pecharunt|0 fnt
|faint|p1a: Pecharunt
|
|upkeep
|
|t:|1759027447
|switch|p1a: Garganacl|Garganacl, M|75/100
|turn|41
|
|t:|1759027450
|-terastallize|p2a: Iron Boulder|Rock
|move|p2a: Iron Boulder|Mighty Cleave|p1a: Garganacl
|-damage|p1a: Garganacl|31/100
|move|p1a: Garganacl|Recover|p1a: Garganacl
|-heal|p1a: Garganacl|81/100
|
|-heal|p1a: Garganacl|87/100|[from] item: Leftovers
|upkeep
|turn|42
|
|t:|1759027456
|move|p2a: Iron Boulder|Mighty Cleave|p1a: Garganacl
|-damage|p1a: Garganacl|44/100
|move|p1a: Garganacl|Salt Cure|p2a: Iron Boulder
|-damage|p2a: Iron Boulder|68/100
|-start|p2a: Iron Boulder|Salt Cure
|
|-heal|p1a: Garganacl|50/100|[from] item: Leftovers
|-damage|p2a: Iron Boulder|56/100|[from] Salt Cure
|upkeep
|turn|43
|
|t:|1759027463
|-end|p2a: Iron Boulder|Quark Drive|[silent]
|switch|p2a: Avalugg|Avalugg, M, shiny|66/100
|-damage|p2a: Avalugg|42/100|[from] Stealth Rock
|move|p1a: Garganacl|Recover|p1a: Garganacl
|-heal|p1a: Garganacl|99/100
|
|-heal|p1a: Garganacl|100/100|[from] item: Leftovers
|upkeep
|turn|44
|
|t:|1759027469
|move|p1a: Garganacl|Salt Cure|p2a: Avalugg
|-supereffective|p2a: Avalugg
|-damage|p2a: Avalugg|30/100
|-start|p2a: Avalugg|Salt Cure
|move|p2a: Avalugg|Recover|p2a: Avalugg
|-heal|p2a: Avalugg|80/100
|
|-damage|p2a: Avalugg|68/100|[from] Salt Cure
|-fieldend|move: Electric Terrain
|upkeep
|turn|45
|
|t:|1759027476
|switch|p1a: Goodra|Goodra, M|21/100
|move|p2a: Avalugg|Body Press|p1a: Goodra
|-damage|p1a: Goodra|0 fnt
|faint|p1a: Goodra
|
|-damage|p2a: Avalugg|56/100|[from] Salt Cure
|upkeep
|
|t:|1759027483
|switch|p1a: Ogerpon|Ogerpon-Wellspring, F|15/100
|turn|46
|
|t:|1759027487
|-terastallize|p1a: Ogerpon|Water
|detailschange|p1a: Ogerpon|Ogerpon-Wellspring-Tera, F, tera:Water
|-ability|p1a: Ogerpon|Embody Aspect (Wellspring)|boost
|-boost|p1a: Ogerpon|spd|1
|move|p1a: Ogerpon|Ivy Cudgel|p2a: Avalugg|[anim] Ivy Cudgel Water
|-damage|p2a: Avalugg|21/100
|move|p2a: Avalugg|Recover|p2a: Avalugg
|-heal|p2a: Avalugg|71/100
|
|-damage|p2a: Avalugg|59/100|[from] Salt Cure
|upkeep
|turn|47
|
|t:|1759027494
|move|p1a: Ogerpon|Ivy Cudgel|p2a: Avalugg|[anim] Ivy Cudgel Water
|-damage|p2a: Avalugg|27/100
|move|p2a: Avalugg|Body Press|p1a: Ogerpon
|-damage|p1a: Ogerpon|0 fnt
|faint|p1a: Ogerpon
|detailschange|p1: Ogerpon|Ogerpon-Wellspring, F|[silent]
|
|-damage|p2a: Avalugg|14/100|[from] Salt Cure
|upkeep
|
|t:|1759027496
|switch|p1a: Garganacl|Garganacl, M|100/100
|turn|48
|
|t:|1759027500
|move|p1a: Garganacl|Substitute|p1a: Garganacl
|-start|p1a: Garganacl|Substitute
|-damage|p1a: Garganacl|75/100
|move|p2a: Avalugg|Recover|p2a: Avalugg
|-heal|p2a: Avalugg|64/100
|
|-heal|p1a: Garganacl|82/100|[from] item: Leftovers
|-damage|p2a: Avalugg|52/100|[from] Salt Cure
|upkeep
|turn|49
|
|t:|1759027509
|switch|p2a: Clodsire|Clodsire, M, shiny|89/100
|-damage|p2a: Clodsire|83/100|[from] Stealth Rock
|move|p1a: Garganacl|Substitute|p1a: Garganacl
|-fail|p1a: Garganacl|move: Substitute
|
|-heal|p1a: Garganacl|88/100|[from] item: Leftovers
|-heal|p2a: Clodsire|89/100|[from] item: Leftovers
|upkeep
|turn|50
|
|t:|1759027510
|move|p1a: Garganacl|Salt Cure|p2a: Clodsire
|-resisted|p2a: Clodsire
|-damage|p2a: Clodsire|82/100
|-start|p2a: Clodsire|Salt Cure
|move|p2a: Clodsire|Earthquake|p1a: Garganacl
|-supereffective|p1a: Garganacl
|-end|p1a: Garganacl|Substitute
|
|-heal|p1a: Garganacl|94/100|[from] item: Leftovers
|-heal|p2a: Clodsire|88/100|[from] item: Leftovers
|-damage|p2a: Clodsire|75/100|[from] Salt Cure
|upkeep
|turn|51
|
|t:|1759027513
|move|p1a: Garganacl|Substitute|p1a: Garganacl
|-start|p1a: Garganacl|Substitute
|-damage|p1a: Garganacl|69/100
|move|p2a: Clodsire|Earthquake|p1a: Garganacl
|-supereffective|p1a: Garganacl
|-end|p1a: Garganacl|Substitute
|
|-heal|p1a: Garganacl|75/100|[from] item: Leftovers
|-heal|p2a: Clodsire|82/100|[from] item: Leftovers
|-damage|p2a: Clodsire|69/100|[from] Salt Cure
|upkeep
|turn|52
|
|t:|1759027516
|move|p1a: Garganacl|Substitute|p1a: Garganacl
|-start|p1a: Garganacl|Substitute
|-damage|p1a: Garganacl|50/100
|move|p2a: Clodsire|Earthquake|p1a: Garganacl
|-supereffective|p1a: Garganacl
|-end|p1a: Garganacl|Substitute
|
|-heal|p1a: Garganacl|56/100|[from] item: Leftovers
|-heal|p2a: Clodsire|75/100|[from] item: Leftovers
|-damage|p2a: Clodsire|63/100|[from] Salt Cure
|upkeep
|turn|53
|
|t:|1759027518
|move|p1a: Garganacl|Substitute|p1a: Garganacl
|-start|p1a: Garganacl|Substitute
|-damage|p1a: Garganacl|31/100
|move|p2a: Clodsire|Recover|p2a: Clodsire
|-heal|p2a: Clodsire|100/100
|
|-heal|p1a: Garganacl|38/100|[from] item: Leftovers
|-damage|p2a: Clodsire|88/100|[from] Salt Cure
|upkeep
|turn|54
|
|t:|1759027521
|move|p1a: Garganacl|Recover|p1a: Garganacl
|-heal|p1a: Garganacl|88/100
|move|p2a: Clodsire|Earthquake|p1a: Garganacl
|-supereffective|p1a: Garganacl
|-end|p1a: Garganacl|Substitute
|
|-heal|p1a: Garganacl|94/100|[from] item: Leftovers
|-heal|p2a: Clodsire|94/100|[from] item: Leftovers
|-damage|p2a: Clodsire|82/100|[from] Salt Cure
|upkeep
|turn|55
|
|t:|1759027524
|move|p1a: Garganacl|Substitute|p1a: Garganacl
|-start|p1a: Garganacl|Substitute
|-damage|p1a: Garganacl|69/100
|move|p2a: Clodsire|Earthquake|p1a: Garganacl
|-supereffective|p1a: Garganacl
|-end|p1a: Garganacl|Substitute
|
|-heal|p1a: Garganacl|75/100|[from] item: Leftovers
|-heal|p2a: Clodsire|88/100|[from] item: Leftovers
|-damage|p2a: Clodsire|75/100|[from] Salt Cure
|upkeep
|turn|56
|
|t:|1759027526
|move|p1a: Garganacl|Substitute|p1a: Garganacl
|-start|p1a: Garganacl|Substitute
|-damage|p1a: Garganacl|50/100
|move|p2a: Clodsire|Earthquake|p1a: Garganacl
|-supereffective|p1a: Garganacl
|-end|p1a: Garganacl|Substitute
|
|-heal|p1a: Garganacl|56/100|[from] item: Leftovers
|-heal|p2a: Clodsire|82/100|[from] item: Leftovers
|-damage|p2a: Clodsire|69/100|[from] Salt Cure
|upkeep
|turn|57
|-message|pipotron forfeited.
|
|win|zu 2 the t0p
|raw|pipotron's rating: 1568 &rarr; <strong>1549</strong><br />(-19 for losing)
|raw|zu 2 the t0p's rating: 1594 &rarr; <strong>1613</strong><br />(+19 for winning)
|l|☆pipotron
|player|p1|
