|j|☆redcolorcap
|j|☆xuelidd
|t:|1758957258
|gametype|singles
|player|p1|redcolorcap|gentleman|1333
|player|p2|xuelidd|266|1357
|gen|9
|tier|[Gen 9] OU
|rated|
|rule|HP Percentage Mod: HP is shown in percentages
|rule|Endless Battle Clause: Forcing endless battles is banned
|rule|Species Clause: Limit one of each Pokémon
|rule|OHKO Clause: OHKO moves are banned
|rule|Evasion Items Clause: Evasion items are banned
|rule|Evasion Moves Clause: Evasion moves are banned
|rule|Evasion Abilities Clause: Evasion abilities are banned
|rule|Sleep Moves Clause: Sleep-inducing moves are banned
|clearpoke
|poke|p1|Gengar, M|
|poke|p1|Dondozo, M|
|poke|p1|Cinderace, F|
|poke|p1|Umbreon, F|
|poke|p1|Corviknight, F|
|poke|p1|Slowking-Galar, M|
|poke|p2|Torkoal, F|
|poke|p2|Alomomola, F|
|poke|p2|Moltres|
|poke|p2|Great Tusk|
|poke|p2|Kingambit, M|
|poke|p2|Raging Bolt|
|teampreview
|inactive|Battle timer is ON: inactive players will automatically lose when time's up. (requested by redcolorcap)
|inactive|redcolorcap has 120 seconds left.
|
|t:|1758957302
|teamsize|p1|6
|teamsize|p2|6
|start
|switch|p1a: Cinderace|Cinderace, F, shiny|100/100
|switch|p2a: 大象葱茏凯|Great Tusk|100/100
|turn|1
|
|t:|1758957320
|-end|p2a: 大象葱茏凯|Protosynthesis|[silent]
|switch|p2a: 小明剑魔|Torkoal, F|100/100
|-weather|SunnyDay|[from] ability: Drought|[of] p2a: 小明剑魔
|move|p1a: Cinderace|U-turn|p2a: 小明剑魔
|-start|p1a: Cinderace|typechange|Bug|[from] ability: Libero
|-resisted|p2a: 小明剑魔
|-damage|p2a: 小明剑魔|87/100
|
|t:|1758957334
|switch|p1a: Slowking|Slowking-Galar, M|100/100|[from] U-turn
|
|-weather|SunnyDay|[upkeep]
|upkeep
|turn|2
|
|t:|1758957341
|move|p1a: Slowking|Future Sight|p2a: 小明剑魔
|-start|p1a: Slowking|move: Future Sight
|move|p2a: 小明剑魔|Stealth Rock|p1a: Slowking
|-sidestart|p1: redcolorcap|move: Stealth Rock
|
|-weather|SunnyDay|[upkeep]
|upkeep
|turn|3
|
|t:|1758957352
|move|p1a: Slowking|Sludge Bomb|p2a: 小明剑魔
|-damage|p2a: 小明剑魔|39/100
|move|p2a: 小明剑魔|Eruption|p1a: Slowking
|-damage|p1a: Slowking|83/100
|
|-weather|SunnyDay|[upkeep]
|upkeep
|turn|4
|
|t:|1758957364
|switch|p2a: 哦玛吉利曼波|Alomomola, F|100/100
|move|p1a: Slowking|Flamethrower|p2a: 哦玛吉利曼波
|-resisted|p2a: 哦玛吉利曼波
|-damage|p2a: 哦玛吉利曼波|79/100
|-status|p2a: 哦玛吉利曼波|brn
|
|-weather|SunnyDay|[upkeep]
|-end|p2a: 哦玛吉利曼波|move: Future Sight
|-damage|p2a: 哦玛吉利曼波|17/100 brn
|-damage|p2a: 哦玛吉利曼波|11/100 brn|[from] brn
|upkeep
|turn|5
|
|t:|1758957380
|switch|p2a: 米高·云顿|Moltres|100/100
|move|p1a: Slowking|Future Sight|p2a: 米高·云顿
|-start|p1a: Slowking|move: Future Sight
|
|-weather|SunnyDay|[upkeep]
|upkeep
|turn|6
|
|t:|1758957390
|move|p2a: 米高·云顿|Overheat|p1a: Slowking
|-damage|p1a: Slowking|21/100
|-unboost|p2a: 米高·云顿|spa|2
|move|p1a: Slowking|Sludge Bomb|p2a: 米高·云顿
|-damage|p2a: 米高·云顿|54/100
|-status|p2a: 米高·云顿|psn
|
|-weather|SunnyDay|[upkeep]
|-damage|p2a: 米高·云顿|41/100 psn|[from] psn
|upkeep
|turn|7
|
|t:|1758957400
|switch|p1a: Umbreon|Umbreon, F|100/100
|-damage|p1a: Umbreon|88/100|[from] Stealth Rock
|move|p2a: 米高·云顿|Overheat|p1a: Umbreon|[miss]
|-miss|p2a: 米高·云顿|p1a: Umbreon
|
|-weather|SunnyDay|[upkeep]
|-end|p2a: 米高·云顿|move: Future Sight
|-damage|p2a: 米高·云顿|0 fnt
|faint|p2a: 米高·云顿
|-heal|p1a: Umbreon|94/100|[from] item: Leftovers
|upkeep
|
|t:|1758957420
|switch|p2a: 大象葱茏凯|Great Tusk|100/100
|-activate|p2a: 大象葱茏凯|ability: Protosynthesis
|-start|p2a: 大象葱茏凯|protosynthesisatk
|turn|8
|
|t:|1758957440
|switch|p1a: Corviknight|Corviknight, F|100/100
|-damage|p1a: Corviknight|88/100|[from] Stealth Rock
|move|p2a: 大象葱茏凯|Rapid Spin|p1a: Corviknight
|-resisted|p1a: Corviknight
|-damage|p1a: Corviknight|81/100
|-boost|p2a: 大象葱茏凯|spe|1
|
|-weather|none
|-end|p2a: 大象葱茏凯|Protosynthesis
|-heal|p1a: Corviknight|87/100|[from] item: Leftovers
|upkeep
|turn|9
|
|t:|1758957453
|-terastallize|p2a: 大象葱茏凯|Steel
|move|p2a: 大象葱茏凯|Bulk Up|p2a: 大象葱茏凯
|-boost|p2a: 大象葱茏凯|atk|1
|-boost|p2a: 大象葱茏凯|def|1
|move|p1a: Corviknight|Brave Bird|p2a: 大象葱茏凯
|-resisted|p2a: 大象葱茏凯
|-damage|p2a: 大象葱茏凯|91/100
|-damage|p1a: Corviknight|84/100|[from] Recoil
|
|-heal|p2a: 大象葱茏凯|98/100|[from] item: Leftovers
|-heal|p1a: Corviknight|90/100|[from] item: Leftovers
|upkeep
|turn|10
|
|t:|1758957465
|move|p2a: 大象葱茏凯|Bulk Up|p2a: 大象葱茏凯
|-boost|p2a: 大象葱茏凯|atk|1
|-boost|p2a: 大象葱茏凯|def|1
|move|p1a: Corviknight|U-turn|p2a: 大象葱茏凯
|-resisted|p2a: 大象葱茏凯
|-damage|p2a: 大象葱茏凯|95/100
|
|t:|1758957468
|switch|p1a: Dondozo|Dondozo, M|100/100|[from] U-turn
|-damage|p1a: Dondozo|88/100|[from] Stealth Rock
|
|-heal|p2a: 大象葱茏凯|100/100|[from] item: Leftovers
|-heal|p1a: Dondozo|94/100|[from] item: Leftovers
|upkeep
|turn|11
|
|t:|1758957479
|move|p2a: 大象葱茏凯|Earthquake|p1a: Dondozo
|-damage|p1a: Dondozo|68/100
|move|p1a: Dondozo|Body Press|p2a: 大象葱茏凯
|-supereffective|p2a: 大象葱茏凯
|-damage|p2a: 大象葱茏凯|59/100
|
|-heal|p2a: 大象葱茏凯|65/100|[from] item: Leftovers
|-heal|p1a: Dondozo|74/100|[from] item: Leftovers
|upkeep
|turn|12
|-message|xuelidd forfeited.
|
|win|redcolorcap
|raw|redcolorcap's rating: 1333 &rarr; <strong>1354</strong><br />(+21 for winning)
|raw|xuelidd's rating: 1357 &rarr; <strong>1336</strong><br />(-21 for losing)
|l|☆xuelidd
|player|p2|
|l|☆redcolorcap
|player|p1|
