|j|☆prohunter
|j|☆Bilfd
|t:|1758931731
|gametype|singles
|player|p1|prohunter|veteran|1367
|player|p2|Bilfd|miku-ghost|1335
|gen|9
|tier|[Gen 9] OU
|rated|
|rule|HP Percentage Mod: HP is shown in percentages
|rule|Endless Battle Clause: Forcing endless battles is banned
|rule|Species Clause: Limit one of each Pokémon
|rule|OHKO Clause: OHKO moves are banned
|rule|Evasion Items Clause: Evasion items are banned
|rule|Evasion Moves Clause: Evasion moves are banned
|rule|Evasion Abilities Clause: Evasion abilities are banned
|rule|Sleep Moves Clause: Sleep-inducing moves are banned
|clearpoke
|poke|p1|Great Tusk|
|poke|p1|Heatran, M|
|poke|p1|Weavile, M|
|poke|p1|Primarina, M|
|poke|p1|Ogerpon, F|
|poke|p1|Pecharunt|
|poke|p2|Samurott-Hisui, F|
|poke|p2|Iron Treads|
|poke|p2|Iron Moth|
|poke|p2|Polteageist-Antique|
|poke|p2|Kingambit, F|
|poke|p2|Iron Valiant|
|teampreview
|inactive|Battle timer is ON: inactive players will automatically lose when time's up. (requested by Bilfd)
|
|t:|1758931758
|teamsize|p1|6
|teamsize|p2|6
|start
|switch|p1a: Anonymous|Ogerpon, F|100/100
|switch|p2a: Samurott|Samurott-Hisui, F, shiny|100/100
|turn|1
|
|t:|1758931779
|move|p2a: Samurott|Flip Turn|p1a: Anonymous
|-resisted|p1a: Anonymous
|-damage|p1a: Anonymous|82/100
|
|t:|1758931786
|switch|p2a: Iron Moth|Iron Moth, shiny|100/100|[from] Flip Turn
|-enditem|p2a: Iron Moth|Booster Energy
|-activate|p2a: Iron Moth|ability: Quark Drive|[fromitem]
|-start|p2a: Iron Moth|quarkdrivespe
|move|p1a: Anonymous|U-turn|p2a: Iron Moth
|-resisted|p2a: Iron Moth
|-damage|p2a: Iron Moth|86/100
|
|t:|1758931801
|switch|p1a: Chaos|Heatran, M, shiny|100/100|[from] U-turn
|-item|p1a: Chaos|Air Balloon
|
|upkeep
|turn|2
|
|t:|1758931815
|move|p2a: Iron Moth|Energy Ball|p1a: Chaos
|-resisted|p1a: Chaos
|-crit|p1a: Chaos
|-damage|p1a: Chaos|90/100
|-enditem|p1a: Chaos|Air Balloon
|move|p1a: Chaos|Earth Power|p2a: Iron Moth
|-supereffective|p2a: Iron Moth
|-damage|p2a: Iron Moth|0 fnt
|faint|p2a: Iron Moth
|-end|p2a: Iron Moth|Quark Drive|[silent]
|
|upkeep
|
|t:|1758931818
|switch|p2a: Samurott|Samurott-Hisui, F, shiny|100/100
|turn|3
|
|t:|1758931831
|move|p2a: Samurott|Flip Turn|p1a: Chaos
|-supereffective|p1a: Chaos
|-damage|p1a: Chaos|38/100
|
|t:|1758931840
|switch|p2a: Iron Valiant|Iron Valiant, shiny|100/100|[from] Flip Turn
|-enditem|p2a: Iron Valiant|Booster Energy
|-activate|p2a: Iron Valiant|ability: Quark Drive|[fromitem]
|-start|p2a: Iron Valiant|quarkdrivespe
|move|p1a: Chaos|Stealth Rock|p2a: Iron Valiant
|-sidestart|p2: Bilfd|move: Stealth Rock
|
|upkeep
|turn|4
|
|t:|1758931851
|switch|p1a: Celestine|Primarina, M, shiny|100/100
|move|p2a: Iron Valiant|Focus Blast|p1a: Celestine
|-resisted|p1a: Celestine
|-damage|p1a: Celestine|83/100
|
|upkeep
|turn|5
|
|t:|1758931875
|move|p2a: Iron Valiant|Destiny Bond|p2a: Iron Valiant
|-singlemove|p2a: Iron Valiant|Destiny Bond
|move|p1a: Celestine|Flip Turn|p2a: Iron Valiant
|-damage|p2a: Iron Valiant|83/100
|inactive|prohunter has 120 seconds left.
|
|t:|1758931895
|switch|p1a: Overseer|Pecharunt|100/100|[from] Flip Turn
|
|upkeep
|turn|6
|
|t:|1758931913
|-end|p2a: Iron Valiant|Quark Drive|[silent]
|switch|p2a: Iron Treads|Iron Treads, shiny|100/100
|-damage|p2a: Iron Treads|97/100|[from] Stealth Rock
|-enditem|p2a: Iron Treads|Booster Energy
|-activate|p2a: Iron Treads|ability: Quark Drive|[fromitem]
|-start|p2a: Iron Treads|quarkdrivespe
|move|p1a: Overseer|Malignant Chain|p2a: Iron Treads
|-immune|p2a: Iron Treads
|
|upkeep
|turn|7
|inactive|prohunter has 120 seconds left.
|inactive|Bilfd has 120 seconds left.
|
|t:|1758931942
|move|p2a: Iron Treads|Earthquake|p1a: Overseer
|-supereffective|p1a: Overseer
|-damage|p1a: Overseer|54/100
|move|p1a: Overseer|Parting Shot|p2a: Iron Treads
|-unboost|p2a: Iron Treads|atk|1
|-unboost|p2a: Iron Treads|spa|1
|
|t:|1758931966
|switch|p1a: Behemoth|Great Tusk, shiny|100/100|[from] Parting Shot
|
|upkeep
|turn|8
|
|t:|1758931975
|-end|p2a: Iron Treads|Quark Drive|[silent]
|switch|p2a: Iron Valiant|Iron Valiant, shiny|83/100
|-damage|p2a: Iron Valiant|77/100|[from] Stealth Rock
|move|p1a: Behemoth|Headlong Rush|p2a: Iron Valiant
|-damage|p2a: Iron Valiant|0 fnt
|-unboost|p1a: Behemoth|def|1
|-unboost|p1a: Behemoth|spd|1
|faint|p2a: Iron Valiant
|-end|p2a: Iron Valiant|Quark Drive|[silent]
|
|upkeep
|
|t:|1758931978
|switch|p2a: Iron Treads|Iron Treads, shiny|97/100
|-damage|p2a: Iron Treads|94/100|[from] Stealth Rock
|turn|9
|inactive|prohunter has 120 seconds left.
|
|t:|1758931984
|move|p2a: Iron Treads|Rapid Spin|p1a: Behemoth
|-damage|p1a: Behemoth|84/100
|-boost|p2a: Iron Treads|spe|1
|-sideend|p2: Bilfd|Stealth Rock|[from] move: Rapid Spin|[of] p2a: Iron Treads
|move|p1a: Behemoth|Headlong Rush|p2a: Iron Treads
|-supereffective|p2a: Iron Treads
|-damage|p2a: Iron Treads|0 fnt
|-unboost|p1a: Behemoth|def|1
|-unboost|p1a: Behemoth|spd|1
|faint|p2a: Iron Treads
|-end|p2a: Iron Treads|Quark Drive|[silent]
|
|upkeep
|inactive|Bilfd has 120 seconds left.
|
|t:|1758932015
|switch|p2a: Polteageist|Polteageist-Antique, shiny|100/100
|turn|10
|inactive|prohunter has 120 seconds left.
|
|t:|1758932032
|move|p1a: Behemoth|Headlong Rush|p2a: Polteageist
|-enditem|p2a: Polteageist|Focus Sash
|-damage|p2a: Polteageist|1/100
|-unboost|p1a: Behemoth|def|1
|-unboost|p1a: Behemoth|spd|1
|-ability|p2a: Polteageist|Weak Armor|boost
|-unboost|p2a: Polteageist|def|1
|-boost|p2a: Polteageist|spe|2
|move|p2a: Polteageist|Shell Smash|p2a: Polteageist
|-unboost|p2a: Polteageist|def|1
|-unboost|p2a: Polteageist|spd|1
|-boost|p2a: Polteageist|atk|2
|-boost|p2a: Polteageist|spa|2
|-boost|p2a: Polteageist|spe|2
|
|upkeep
|turn|11
|
|t:|1758932039
|move|p2a: Polteageist|Stored Power|p1a: Behemoth
|-supereffective|p1a: Behemoth
|-damage|p1a: Behemoth|0 fnt
|faint|p1a: Behemoth
|-end|p1a: Behemoth|Protosynthesis|[silent]
|
|upkeep
|
|t:|1758932043
|switch|p1a: Bandit|Weavile, M, shiny|100/100
|-ability|p1a: Bandit|Pressure
|turn|12
|
|t:|1758932056
|move|p1a: Bandit|Ice Shard|p2a: Polteageist
|-damage|p2a: Polteageist|0 fnt
|faint|p2a: Polteageist
|
|upkeep
|
|t:|1758932058
|switch|p2a: Samurott|Samurott-Hisui, F, shiny|100/100
|turn|13
|
|t:|1758932066
|switch|p1a: Overseer|Pecharunt|54/100
|move|p2a: Samurott|X-Scissor|p1a: Overseer
|-resisted|p1a: Overseer
|-damage|p1a: Overseer|50/100
|-damage|p2a: Samurott|84/100|[from] item: Rocky Helmet|[of] p1a: Overseer
|
|upkeep
|turn|14
|
|t:|1758932088
|switch|p2a: Kingambit|Kingambit, F, shiny|100/100
|-activate|p2a: Kingambit|ability: Supreme Overlord
|-start|p2a: Kingambit|fallen4|[silent]
|move|p1a: Overseer|Recover|p1a: Overseer
|-heal|p1a: Overseer|99/100
|
|upkeep
|turn|15
|
|t:|1758932098
|-end|p2a: Kingambit|fallen4|[silent]
|switch|p2a: Samurott|Samurott-Hisui, F, shiny|84/100
|move|p1a: Overseer|Parting Shot|p2a: Samurott
|-unboost|p2a: Samurott|atk|1
|-unboost|p2a: Samurott|spa|1
|
|t:|1758932121
|switch|p1a: Anonymous|Ogerpon, F|82/100|[from] Parting Shot
|
|upkeep
|turn|16
|
|t:|1758932134
|-terastallize|p1a: Anonymous|Grass
|detailschange|p1a: Anonymous|Ogerpon-Teal-Tera, F, tera:Grass
|-ability|p1a: Anonymous|Embody Aspect (Teal)|boost
|-boost|p1a: Anonymous|spe|1
|move|p1a: Anonymous|Ivy Cudgel|p2a: Samurott
|-supereffective|p2a: Samurott
|-damage|p2a: Samurott|0 fnt
|faint|p2a: Samurott
|
|upkeep
|
|t:|1758932137
|switch|p2a: Kingambit|Kingambit, F, shiny|100/100
|-activate|p2a: Kingambit|ability: Supreme Overlord
|-start|p2a: Kingambit|fallen5|[silent]
|turn|17
|
|t:|1758932158
|move|p1a: Anonymous|Ivy Cudgel|p2a: Kingambit
|-resisted|p2a: Kingambit
|-damage|p2a: Kingambit|64/100
|move|p2a: Kingambit|Swords Dance|p2a: Kingambit
|-boost|p2a: Kingambit|atk|2
|
|upkeep
|turn|18
|
|t:|1758932167
|move|p2a: Kingambit|Sucker Punch|p1a: Anonymous
|-damage|p1a: Anonymous|0 fnt
|faint|p1a: Anonymous
|detailschange|p1: Anonymous|Ogerpon, F|[silent]
|
|upkeep
|
|t:|1758932170
|switch|p1a: Bandit|Weavile, M, shiny|100/100
|-ability|p1a: Bandit|Pressure
|turn|19
|
|t:|1758932195
|-terastallize|p2a: Kingambit|Ghost
|move|p1a: Bandit|Low Kick|p2a: Kingambit
|-immune|p2a: Kingambit
|move|p2a: Kingambit|Low Kick|p1a: Bandit
|-supereffective|p1a: Bandit
|-damage|p1a: Bandit|0 fnt
|faint|p1a: Bandit
|
|upkeep
|-message|prohunter forfeited.
|
|win|Bilfd
|raw|prohunter's rating: 1367 &rarr; <strong>1345</strong><br />(-22 for losing)
|raw|Bilfd's rating: 1335 &rarr; <strong>1357</strong><br />(+22 for winning)
