|j|☆Excelio21
|j|☆malpicatepica
|t:|1759053218
|gametype|singles
|player|p1|Excelio21|riley|1344
|player|p2|malpicatepica|266|1429
|gen|9
|tier|[Gen 9] OU
|rated|
|rule|HP Percentage Mod: HP is shown in percentages
|rule|Endless Battle Clause: Forcing endless battles is banned
|rule|Species Clause: Limit one of each Pokémon
|rule|OHKO Clause: OHKO moves are banned
|rule|Evasion Items Clause: Evasion items are banned
|rule|Evasion Moves Clause: Evasion moves are banned
|rule|Evasion Abilities Clause: Evasion abilities are banned
|rule|Sleep Moves Clause: Sleep-inducing moves are banned
|clearpoke
|poke|p1|Grimmsnarl, M|
|poke|p1|Tinkaton, F|
|poke|p1|Zapdos|
|poke|p1|Salamence, F|
|poke|p1|Latios, M|
|poke|p1|Great Tusk|
|poke|p2|Great Tusk|
|poke|p2|Muk-Alola, F|
|poke|p2|Clefable, F|
|poke|p2|Kyurem|
|poke|p2|Landorus-Therian, M|
|poke|p2|Slowking-Galar, M|
|teampreview
|inactive|Battle timer is ON: inactive players will automatically lose when time's up. (requested by Excelio21)
|
|t:|1759053244
|teamsize|p1|6
|teamsize|p2|6
|start
|switch|p1a: Grimmsnarl|Grimmsnarl, M|100/100
|switch|p2a: Clefable|Clefable, F|100/100
|turn|1
|
|t:|1759053250
|move|p1a: Grimmsnarl|Trick|p2a: Clefable
|-activate|p1a: Grimmsnarl|move: Trick|[of] p2a: Clefable
|-item|p2a: Clefable|Choice Band|[from] move: Trick
|-item|p1a: Grimmsnarl|Choice Scarf|[from] move: Trick
|move|p2a: Clefable|Trick|p1a: Grimmsnarl
|-activate|p2a: Clefable|move: Trick|[of] p1a: Grimmsnarl
|-item|p1a: Grimmsnarl|Choice Band|[from] move: Trick
|-item|p2a: Clefable|Choice Scarf|[from] move: Trick
|
|upkeep
|turn|2
|
|t:|1759053255
|move|p2a: Clefable|Moonblast|p1a: Grimmsnarl
|-supereffective|p1a: Grimmsnarl
|-damage|p1a: Grimmsnarl|12/100
|move|p1a: Grimmsnarl|Play Rough|p2a: Clefable
|-damage|p2a: Clefable|4/100
|-unboost|p2a: Clefable|atk|1
|
|upkeep
|turn|3
|
|t:|1759053263
|switch|p2a: Landorus|Landorus-Therian, M|100/100
|-ability|p2a: Landorus|Intimidate|boost
|-unboost|p1a: Grimmsnarl|atk|1
|switch|p1a: Tinkaton|Tinkaton, F|100/100
|-ability|p1a: Tinkaton|Mold Breaker
|-item|p1a: Tinkaton|Air Balloon
|
|upkeep
|turn|4
|
|t:|1759053268
|move|p2a: Landorus|Taunt|p1a: Tinkaton
|-start|p1a: Tinkaton|move: Taunt
|cant|p1a: Tinkaton|move: Taunt|Stealth Rock
|
|upkeep
|turn|5
|
|t:|1759053273
|switch|p1a: Great Tusk|Great Tusk|100/100
|move|p2a: Landorus|Stealth Rock|p1a: Great Tusk
|-sidestart|p1: Excelio21|move: Stealth Rock
|
|upkeep
|turn|6
|
|t:|1759053277
|switch|p2a: Great Tusk|Great Tusk|100/100
|move|p1a: Great Tusk|Rapid Spin|p2a: Great Tusk
|-damage|p2a: Great Tusk|84/100
|-boost|p1a: Great Tusk|spe|1
|-sideend|p1: Excelio21|Stealth Rock|[from] move: Rapid Spin|[of] p1a: Great Tusk
|-damage|p1a: Great Tusk|91/100|[from] item: Life Orb
|
|upkeep
|turn|7
|
|t:|1759053282
|move|p1a: Great Tusk|Ice Spinner|p2a: Great Tusk
|-supereffective|p2a: Great Tusk
|-damage|p2a: Great Tusk|30/100
|-damage|p1a: Great Tusk|81/100|[from] item: Life Orb
|move|p2a: Great Tusk|Ice Spinner|p1a: Great Tusk
|-supereffective|p1a: Great Tusk
|-damage|p1a: Great Tusk|44/100
|
|upkeep
|turn|8
|
|t:|1759053288
|-end|p2a: Great Tusk|Protosynthesis|[silent]
|switch|p2a: Slowking|Slowking-Galar, M|100/100
|move|p1a: Great Tusk|Ice Spinner|p2a: Slowking
|-damage|p2a: Slowking|59/100
|-damage|p1a: Great Tusk|34/100|[from] item: Life Orb
|
|upkeep
|turn|9
|
|t:|1759053292
|switch|p2a: Landorus|Landorus-Therian, M|100/100
|-ability|p2a: Landorus|Intimidate|boost
|-unboost|p1a: Great Tusk|atk|1
|move|p1a: Great Tusk|Ice Spinner|p2a: Landorus
|-supereffective|p2a: Landorus
|-damage|p2a: Landorus|11/100
|-damage|p1a: Great Tusk|18/100|[from] item: Rocky Helmet|[of] p2a: Landorus
|-damage|p1a: Great Tusk|8/100|[from] item: Life Orb
|
|upkeep
|turn|10
|
|t:|1759053303
|switch|p2a: Great Tusk|Great Tusk|30/100
|move|p1a: Great Tusk|Ice Spinner|p2a: Great Tusk
|-supereffective|p2a: Great Tusk
|-crit|p2a: Great Tusk
|-damage|p2a: Great Tusk|0 fnt
|faint|p2a: Great Tusk
|-end|p2a: Great Tusk|Protosynthesis|[silent]
|-damage|p1a: Great Tusk|0 fnt|[from] item: Life Orb
|faint|p1a: Great Tusk
|-end|p1a: Great Tusk|Protosynthesis|[silent]
|
|upkeep
|
|t:|1759053306
|switch|p1a: Latios|Latios, M|100/100
|switch|p2a: Clefable|Clefable, F|4/100
|turn|11
|
|t:|1759053310
|move|p1a: Latios|Luster Purge|p2a: Clefable
|-damage|p2a: Clefable|0 fnt
|faint|p2a: Clefable
|
|upkeep
|
|t:|1759053314
|switch|p2a: Muk|Muk-Alola, F|100/100
|turn|12
|
|t:|1759053324
|switch|p1a: Tinkaton|Tinkaton, F|100/100
|-ability|p1a: Tinkaton|Mold Breaker
|-item|p1a: Tinkaton|Air Balloon
|move|p2a: Muk|Knock Off|p1a: Tinkaton
|-resisted|p1a: Tinkaton
|-damage|p1a: Tinkaton|85/100
|-enditem|p1a: Tinkaton|Air Balloon
|
|upkeep
|turn|13
|
|t:|1759053327
|switch|p2a: Landorus|Landorus-Therian, M|11/100
|-ability|p2a: Landorus|Intimidate|boost
|-unboost|p1a: Tinkaton|atk|1
|move|p1a: Tinkaton|Stealth Rock|p2a: Landorus
|-sidestart|p2: malpicatepica|move: Stealth Rock
|
|upkeep
|turn|14
|
|t:|1759053336
|switch|p1a: Salamence|Salamence, F|100/100
|move|p2a: Landorus|Stealth Rock|p1a: Salamence
|-sidestart|p1: Excelio21|move: Stealth Rock
|
|upkeep
|turn|15
|
|t:|1759053340
|move|p2a: Landorus|Taunt|p1a: Salamence
|-start|p1a: Salamence|move: Taunt
|cant|p1a: Salamence|move: Taunt|Dragon Dance
|
|upkeep
|turn|16
|
|t:|1759053349
|move|p2a: Landorus|Earthquake|p1a: Salamence
|-immune|p1a: Salamence
|move|p1a: Salamence|Dual Wingbeat|p2a: Landorus
|-damage|p2a: Landorus|0 fnt
|-damage|p1a: Salamence|84/100|[from] item: Rocky Helmet|[of] p2a: Landorus
|faint|p2a: Landorus
|-ability|p1a: Salamence|Moxie|boost
|-boost|p1a: Salamence|atk|1
|-hitcount|p2: Landorus|1
|
|-heal|p1a: Salamence|90/100|[from] item: Leftovers
|upkeep
|
|t:|1759053352
|switch|p2a: Kyurem|Kyurem|100/100
|-ability|p2a: Kyurem|Pressure
|turn|17
|
|t:|1759053363
|switch|p1a: Grimmsnarl|Grimmsnarl, M|12/100
|-damage|p1a: Grimmsnarl|0 fnt|[from] Stealth Rock
|faint|p1a: Grimmsnarl
|-terastallize|p2a: Kyurem|Ice
|move|p2a: Kyurem|Freeze-Dry|p1: Grimmsnarl|[notarget]
|-fail|p2a: Kyurem
|
|upkeep
|
|t:|1759053372
|switch|p1a: Tinkaton|Tinkaton, F|85/100
|-damage|p1a: Tinkaton|79/100|[from] Stealth Rock
|-ability|p1a: Tinkaton|Mold Breaker
|turn|18
|
|t:|1759053375
|switch|p2a: Slowking|Slowking-Galar, M|93/100
|move|p1a: Tinkaton|Thunder Wave|p2a: Slowking
|-status|p2a: Slowking|par
|
|upkeep
|turn|19
|
|t:|1759053381
|move|p1a: Tinkaton|Knock Off|p2a: Slowking
|-supereffective|p2a: Slowking
|-damage|p2a: Slowking|53/100 par
|-enditem|p2a: Slowking|Heavy-Duty Boots|[from] move: Knock Off|[of] p1a: Tinkaton
|move|p2a: Slowking|Thunder Wave|p1a: Tinkaton
|-status|p1a: Tinkaton|par
|
|upkeep
|turn|20
|
|t:|1759053388
|move|p1a: Tinkaton|Knock Off|p2a: Slowking
|-supereffective|p2a: Slowking
|-damage|p2a: Slowking|30/100 par
|-prepare|p2a: Slowking|Chilly Reception|[premajor]
|cant|p2a: Slowking|par
|
|upkeep
|turn|21
|
|t:|1759053391
|move|p1a: Tinkaton|Gigaton Hammer|p2a: Slowking
|-damage|p2a: Slowking|0 fnt
|faint|p2a: Slowking
|
|upkeep
|
|t:|1759053394
|switch|p2a: Muk|Muk-Alola, F|100/100
|-damage|p2a: Muk|88/100|[from] Stealth Rock
|turn|22
|
|t:|1759053398
|move|p2a: Muk|Drain Punch|p1a: Tinkaton
|-damage|p1a: Tinkaton|63/100 par
|-heal|p2a: Muk|96/100|[from] drain|[of] p1a: Tinkaton
|cant|p1a: Tinkaton|par
|
|upkeep
|turn|23
|
|t:|1759053401
|move|p2a: Muk|Drain Punch|p1a: Tinkaton
|-damage|p1a: Tinkaton|48/100 par
|-heal|p2a: Muk|100/100|[from] drain|[of] p1a: Tinkaton
|move|p1a: Tinkaton|Thunder Wave|p2a: Muk
|-status|p2a: Muk|par
|
|upkeep
|turn|24
|
|t:|1759053405
|move|p1a: Tinkaton|Knock Off|p2a: Muk
|-resisted|p2a: Muk
|-damage|p2a: Muk|92/100 par
|-enditem|p2a: Muk|Assault Vest|[from] move: Knock Off|[of] p1a: Tinkaton
|move|p2a: Muk|Drain Punch|p1a: Tinkaton
|-damage|p1a: Tinkaton|33/100 par
|-heal|p2a: Muk|99/100 par|[from] drain|[of] p1a: Tinkaton
|
|upkeep
|turn|25
|
|t:|1759053409
|cant|p1a: Tinkaton|par
|move|p2a: Muk|Drain Punch|p1a: Tinkaton
|-damage|p1a: Tinkaton|17/100 par
|-heal|p2a: Muk|100/100 par|[from] drain|[of] p1a: Tinkaton
|
|upkeep
|turn|26
|
|t:|1759053411
|move|p1a: Tinkaton|Gigaton Hammer|p2a: Muk
|-damage|p2a: Muk|52/100 par
|move|p2a: Muk|Drain Punch|p1a: Tinkaton
|-damage|p1a: Tinkaton|2/100 par
|-heal|p2a: Muk|59/100 par|[from] drain|[of] p1a: Tinkaton
|
|upkeep
|turn|27
|
|t:|1759053417
|move|p1a: Tinkaton|Knock Off|p2a: Muk
|-resisted|p2a: Muk
|-damage|p2a: Muk|53/100 par
|cant|p2a: Muk|par
|
|upkeep
|turn|28
|
|t:|1759053420
|cant|p2a: Muk|par
|move|p1a: Tinkaton|Gigaton Hammer|p2a: Muk
|-damage|p2a: Muk|12/100 par
|
|upkeep
|turn|29
|
|t:|1759053425
|move|p1a: Tinkaton|Knock Off|p2a: Muk
|-resisted|p2a: Muk
|-damage|p2a: Muk|6/100 par
|move|p2a: Muk|Drain Punch|p1a: Tinkaton
|-damage|p1a: Tinkaton|0 fnt
|-heal|p2a: Muk|7/100 par|[from] drain|[of] p1a: Tinkaton
|faint|p1a: Tinkaton
|
|upkeep
|
|t:|1759053430
|switch|p1a: Latios|Latios, M|100/100
|-damage|p1a: Latios|88/100|[from] Stealth Rock
|turn|30
|
|t:|1759053433
|move|p2a: Muk|Shadow Sneak|p1a: Latios
|-supereffective|p1a: Latios
|-damage|p1a: Latios|62/100
|move|p1a: Latios|Aura Sphere|p2a: Muk
|-damage|p2a: Muk|0 fnt
|faint|p2a: Muk
|
|upkeep
|
|t:|1759053435
|switch|p2a: Kyurem|Kyurem, tera:Ice|100/100
|-ability|p2a: Kyurem|Pressure
|turn|31
|
|t:|1759053438
|move|p1a: Latios|Aura Sphere|p2a: Kyurem
|-supereffective|p2a: Kyurem
|-damage|p2a: Kyurem|46/100
|move|p2a: Kyurem|Freeze-Dry|p1a: Latios
|-supereffective|p1a: Latios
|-damage|p1a: Latios|0 fnt
|faint|p1a: Latios
|
|upkeep
|
|t:|1759053447
|switch|p1a: Zapdos|Zapdos|100/100
|-damage|p1a: Zapdos|76/100|[from] Stealth Rock
|turn|32
|
|t:|1759053453
|-terastallize|p1a: Zapdos|Electric
|move|p2a: Kyurem|Blizzard|p1a: Zapdos
|-damage|p1a: Zapdos|0 fnt
|faint|p1a: Zapdos
|
|upkeep
|
|t:|1759053457
|switch|p1a: Salamence|Salamence, F|90/100
|-damage|p1a: Salamence|65/100|[from] Stealth Rock
|turn|33
|
|t:|1759053473
|move|p2a: Kyurem|Freeze-Dry|p1a: Salamence
|-supereffective|p1a: Salamence
|-damage|p1a: Salamence|0 fnt
|faint|p1a: Salamence
|
|win|malpicatepica
|raw|Excelio21's rating: 1344 &rarr; <strong>1329</strong><br />(-15 for losing)
|raw|malpicatepica's rating: 1429 &rarr; <strong>1444</strong><br />(+15 for winning)
|l|☆Excelio21
|player|p1|
