|j|☆maziati
|j|☆Denvertzzz
|t:|1758976402
|gametype|singles
|player|p1|maziati|leaf-gen3|1119
|player|p2|Denvertzzz|265|1111
|gen|9
|tier|[Gen 9] OU
|rated|
|rule|HP Percentage Mod: HP is shown in percentages
|rule|Endless Battle Clause: Forcing endless battles is banned
|rule|Species Clause: Limit one of each Pokémon
|rule|OHKO Clause: OHKO moves are banned
|rule|Evasion Items Clause: Evasion items are banned
|rule|Evasion Moves Clause: Evasion moves are banned
|rule|Evasion Abilities Clause: Evasion abilities are banned
|rule|Sleep Moves Clause: Sleep-inducing moves are banned
|clearpoke
|poke|p1|Arcanine-Hisui, F|
|poke|p1|Flareon, F|
|poke|p1|Weavile, F|
|poke|p1|Espeon, F|
|poke|p1|Torkoal, F|
|poke|p1|Lilligant-Hisui, F|
|poke|p2|Shiftry, M|
|poke|p2|Metagross|
|poke|p2|Heatran, M|
|poke|p2|Veluza, F|
|poke|p2|Gengar, M|
|poke|p2|Alomomola, F|
|teampreview
|inactive|Battle timer is ON: inactive players will automatically lose when time's up. (requested by Denvertzzz)
|
|t:|1758976414
|teamsize|p1|6
|teamsize|p2|6
|start
|switch|p1a: Torkoal|Torkoal, F|100/100
|switch|p2a: Vroom vroom|Veluza, F, shiny|100/100
|-weather|SunnyDay|[from] ability: Drought|[of] p1a: Torkoal
|turn|1
|
|t:|1758976432
|switch|p1a: Lilligant|Lilligant-Hisui, F|100/100
|move|p2a: Vroom vroom|Fillet Away|p2a: Vroom vroom
|-boost|p2a: Vroom vroom|atk|2
|-boost|p2a: Vroom vroom|spa|2
|-boost|p2a: Vroom vroom|spe|2
|-damage|p2a: Vroom vroom|50/100
|-enditem|p2a: Vroom vroom|Sitrus Berry|[eat]
|-heal|p2a: Vroom vroom|75/100|[from] item: Sitrus Berry
|
|-weather|SunnyDay|[upkeep]
|upkeep
|turn|2
|
|t:|1758976452
|move|p1a: Lilligant|Solar Blade||[still]
|-prepare|p1a: Lilligant|Solar Blade
|-anim|p1a: Lilligant|Solar Blade|p2a: Vroom vroom
|-supereffective|p2a: Vroom vroom
|-damage|p2a: Vroom vroom|0 fnt
|faint|p2a: Vroom vroom
|-damage|p1a: Lilligant|91/100|[from] item: Life Orb
|
|-weather|SunnyDay|[upkeep]
|upkeep
|
|t:|1758976470
|switch|p2a: Pop pop|Heatran, M, shiny|100/100
|-item|p2a: Pop pop|Air Balloon
|turn|3
|
|t:|1758976489
|-terastallize|p2a: Pop pop|Fire
|move|p1a: Lilligant|Close Combat|p2a: Pop pop
|-damage|p2a: Pop pop|25/100
|-unboost|p1a: Lilligant|def|1
|-unboost|p1a: Lilligant|spd|1
|-enditem|p2a: Pop pop|Air Balloon
|-damage|p1a: Lilligant|81/100|[from] item: Life Orb
|move|p2a: Pop pop|Magma Storm|p1a: Lilligant
|-supereffective|p1a: Lilligant
|-damage|p1a: Lilligant|0 fnt
|faint|p1a: Lilligant
|
|-weather|SunnyDay|[upkeep]
|upkeep
|
|t:|1758976507
|switch|p1a: Flareon|Flareon, F|100/100
|turn|4
|
|t:|1758976520
|move|p2a: Pop pop|Earth Power|p1a: Flareon
|-supereffective|p1a: Flareon
|-damage|p1a: Flareon|37/100
|move|p1a: Flareon|Flare Blitz|p2a: Pop pop
|-start|p2a: Pop pop|ability: Flash Fire
|
|-weather|SunnyDay|[upkeep]
|-status|p1a: Flareon|tox|[from] item: Toxic Orb
|upkeep
|turn|5
|
|t:|1758976531
|move|p1a: Flareon|Quick Attack|p2a: Pop pop
|-damage|p2a: Pop pop|5/100
|move|p2a: Pop pop|Earth Power|p1a: Flareon
|-supereffective|p1a: Flareon
|-damage|p1a: Flareon|0 fnt
|faint|p1a: Flareon
|
|-weather|SunnyDay|[upkeep]
|upkeep
|inactive|maziati has 120 seconds left.
|
|t:|1758976547
|switch|p1a: Weavile|Weavile, F|100/100
|-ability|p1a: Weavile|Pressure
|turn|6
|inactive|maziati has 120 seconds left.
|
|t:|1758976553
|move|p1a: Weavile|Knock Off|p2a: Pop pop
|-crit|p2a: Pop pop
|-damage|p2a: Pop pop|0 fnt
|faint|p2a: Pop pop
|
|-weather|SunnyDay|[upkeep]
|upkeep
|
|t:|1758976560
|switch|p2a: Boom boom|Shiftry, M, shiny|100/100
|turn|7
|
|t:|1758976567
|move|p2a: Boom boom|Solar Blade||[still]
|-prepare|p2a: Boom boom|Solar Blade
|-anim|p2a: Boom boom|Solar Blade|p1a: Weavile
|-damage|p1a: Weavile|3/100
|move|p1a: Weavile|Triple Axel|p2a: Boom boom
|-supereffective|p2a: Boom boom
|-damage|p2a: Boom boom|66/100
|-supereffective|p2a: Boom boom
|-damage|p2a: Boom boom|0 fnt
|faint|p2a: Boom boom
|-hitcount|p2: Boom boom|2
|
|-weather|SunnyDay|[upkeep]
|upkeep
|
|t:|1758976580
|switch|p2a: Bam bam|Alomomola, F, shiny|100/100
|turn|8
|
|t:|1758976590
|switch|p1a: Espeon|Espeon, F|100/100
|move|p2a: Bam bam|Flip Turn|p1a: Espeon
|-damage|p1a: Espeon|86/100
|
|t:|1758976598
|switch|p2a: Thud thud|Gengar, M, shiny|100/100|[from] Flip Turn
|
|-weather|none
|-heal|p1a: Espeon|92/100|[from] item: Leftovers
|upkeep
|turn|9
|
|t:|1758976621
|-terastallize|p1a: Espeon|Fairy
|move|p2a: Thud thud|Shadow Ball|p1a: Espeon
|-damage|p1a: Espeon|34/100
|move|p1a: Espeon|Shadow Ball|p2a: Thud thud
|-supereffective|p2a: Thud thud
|-damage|p2a: Thud thud|6/100
|-unboost|p2a: Thud thud|spd|1
|
|-heal|p1a: Espeon|40/100|[from] item: Leftovers
|upkeep
|turn|10
|inactive|maziati has 120 seconds left.
|
|t:|1758976645
|switch|p1a: Arcanine|Arcanine-Hisui, F|100/100
|move|p2a: Thud thud|Sludge Wave|p1a: Arcanine
|-resisted|p1a: Arcanine
|-damage|p1a: Arcanine|68/100
|
|upkeep
|turn|11
|inactive|maziati has 120 seconds left.
|
|t:|1758976666
|move|p2a: Thud thud|Giga Drain|p1a: Arcanine
|-damage|p1a: Arcanine|34/100
|-heal|p2a: Thud thud|27/100|[from] drain|[of] p1a: Arcanine
|move|p1a: Arcanine|Head Smash|p2a: Thud thud
|-damage|p2a: Thud thud|0 fnt
|-start|p1a: Arcanine|Disable|Head Smash|[from] ability: Cursed Body|[of] p2a: Thud thud
|faint|p2a: Thud thud
|
|upkeep
|
|t:|1758976677
|switch|p2a: Bam bam|Alomomola, F, shiny|100/100
|turn|12
|inactive|maziati has 120 seconds left.
|
|t:|1758976697
|switch|p1a: Torkoal|Torkoal, F|100/100
|-weather|SunnyDay|[from] ability: Drought|[of] p1a: Torkoal
|move|p2a: Bam bam|Flip Turn|p1a: Torkoal
|-supereffective|p1a: Torkoal
|-damage|p1a: Torkoal|90/100
|
|t:|1758976704
|switch|p2a: Bang bang|Metagross, shiny|100/100|[from] Flip Turn
|
|-weather|SunnyDay|[upkeep]
|upkeep
|turn|13
|
|t:|1758976712
|move|p2a: Bang bang|Psychic Fangs|p1a: Torkoal
|-damage|p1a: Torkoal|42/100
|-damage|p2a: Bang bang|91/100|[from] item: Life Orb
|move|p1a: Torkoal|Lava Plume|p2a: Bang bang
|-supereffective|p2a: Bang bang
|-damage|p2a: Bang bang|2/100
|-status|p2a: Bang bang|brn
|
|-weather|SunnyDay|[upkeep]
|-damage|p2a: Bang bang|0 fnt|[from] brn
|faint|p2a: Bang bang
|upkeep
|-message|Denvertzzz forfeited.
|
|win|maziati
|raw|maziati's rating: 1119 &rarr; <strong>1143</strong><br />(+24 for winning)
|raw|Denvertzzz's rating: 1111 &rarr; <strong>1087</strong><br />(-24 for losing)
|l|☆Denvertzzz
|player|p2|
