|j|☆notenoughpp
|j|☆Sungrace
|t:|1758987059
|gametype|singles
|player|p1|notenoughpp|266|1386
|player|p2|Sungrace|swimmerf|1351
|gen|9
|tier|[Gen 9] OU
|rated|
|rule|HP Percentage Mod: HP is shown in percentages
|rule|Endless Battle Clause: Forcing endless battles is banned
|rule|Species Clause: Limit one of each Pokémon
|rule|OHKO Clause: OHKO moves are banned
|rule|Evasion Items Clause: Evasion items are banned
|rule|Evasion Moves Clause: Evasion moves are banned
|rule|Evasion Abilities Clause: Evasion abilities are banned
|rule|Sleep Moves Clause: Sleep-inducing moves are banned
|clearpoke
|poke|p1|Hatterene, F|
|poke|p1|Iron Valiant|
|poke|p1|Kingambit, F|
|poke|p1|Great Tusk|
|poke|p1|Greninja-*, M|
|poke|p1|Ogerpon-Wellspring, F|
|poke|p2|Lilligant-Hisui, F|
|poke|p2|Ninetales, F|
|poke|p2|Florges-Yellow, F|
|poke|p2|Raging Bolt|
|poke|p2|Araquanid, F|
|poke|p2|Darkrai|
|teampreview
|inactive|Battle timer is ON: inactive players will automatically lose when time's up. (requested by notenoughpp)
|
|t:|1758987073
|teamsize|p1|6
|teamsize|p2|6
|start
|switch|p1a: Hatterene|Hatterene, F|100/100
|switch|p2a: Darkrai|Darkrai, shiny|100/100
|turn|1
|
|t:|1758987078
|move|p2a: Darkrai|Sludge Bomb|p1a: Hatterene
|-supereffective|p1a: Hatterene
|-damage|p1a: Hatterene|21/100
|move|p1a: Hatterene|Dazzling Gleam|p2a: Darkrai
|-supereffective|p2a: Darkrai
|-damage|p2a: Darkrai|0 fnt
|faint|p2a: Darkrai
|
|upkeep
|
|t:|1758987086
|switch|p2a: Surskit-Alola|Araquanid, F, shiny|100/100
|turn|2
|
|t:|1758987095
|move|p2a: Surskit-Alola|Surf|p1a: Hatterene
|-damage|p1a: Hatterene|0 fnt
|faint|p1a: Hatterene
|
|upkeep
|
|t:|1758987102
|switch|p1a: Iron Valiant|Iron Valiant|100/100
|turn|3
|
|t:|1758987109
|move|p1a: Iron Valiant|Moonblast|p2a: Surskit-Alola
|-damage|p2a: Surskit-Alola|43/100
|move|p2a: Surskit-Alola|Surf|p1a: Iron Valiant
|-damage|p1a: Iron Valiant|0 fnt
|faint|p1a: Iron Valiant
|-end|p1a: Iron Valiant|Quark Drive|[silent]
|
|upkeep
|
|t:|1758987118
|switch|p1a: Greninja|Greninja, M|100/100
|turn|4
|
|t:|1758987121
|move|p1a: Greninja|Dark Pulse|p2a: Surskit-Alola
|-damage|p2a: Surskit-Alola|5/100
|-damage|p1a: Greninja|91/100|[from] item: Life Orb
|move|p2a: Surskit-Alola|Sticky Web|p1a: Greninja
|-sidestart|p1: notenoughpp|move: Sticky Web
|
|upkeep
|turn|5
|-enditem|p2a: Surskit-Alola|Custap Berry|[eat]
|-activate|p2a: Surskit-Alola|item: Custap Berry|[consumed]
|
|t:|1758987125
|move|p1a: Greninja|Water Shuriken|p2a: Surskit-Alola
|-resisted|p2a: Surskit-Alola
|-damage|p2a: Surskit-Alola|2/100
|-resisted|p2a: Surskit-Alola
|-damage|p2a: Surskit-Alola|0 fnt
|faint|p2a: Surskit-Alola
|-ability|p1a: Greninja|Battle Bond|boost
|-boost|p1a: Greninja|atk|1
|-boost|p1a: Greninja|spa|1
|-boost|p1a: Greninja|spe|1
|-activate|p1a: Greninja|ability: Battle Bond
|-hitcount|p2: Surskit-Alola|2
|-damage|p1a: Greninja|81/100|[from] item: Life Orb
|
|upkeep
|
|t:|1758987131
|switch|p2a: Cringing Gold|Raging Bolt|100/100
|turn|6
|
|t:|1758987144
|move|p1a: Greninja|Water Shuriken|p2a: Cringing Gold
|-resisted|p2a: Cringing Gold
|-damage|p2a: Cringing Gold|95/100
|-resisted|p2a: Cringing Gold
|-damage|p2a: Cringing Gold|88/100
|-resisted|p2a: Cringing Gold
|-damage|p2a: Cringing Gold|82/100
|-resisted|p2a: Cringing Gold
|-damage|p2a: Cringing Gold|76/100
|-hitcount|p2a: Cringing Gold|4
|-damage|p1a: Greninja|71/100|[from] item: Life Orb
|move|p2a: Cringing Gold|Thunderclap||[still]
|-fail|p2a: Cringing Gold
|
|upkeep
|turn|7
|
|t:|1758987155
|move|p1a: Greninja|Dark Pulse|p2a: Cringing Gold
|-damage|p2a: Cringing Gold|11/100
|-damage|p1a: Greninja|61/100|[from] item: Life Orb
|move|p2a: Cringing Gold|Thunderbolt|p1a: Greninja
|-supereffective|p1a: Greninja
|-damage|p1a: Greninja|0 fnt
|faint|p1a: Greninja
|
|upkeep
|
|t:|1758987165
|switch|p1a: Great Tusk|Great Tusk|100/100
|-activate|p1a: Great Tusk|move: Sticky Web
|-unboost|p1a: Great Tusk|spe|1
|-enditem|p1a: Great Tusk|Booster Energy
|-activate|p1a: Great Tusk|ability: Protosynthesis|[fromitem]
|-start|p1a: Great Tusk|protosynthesisatk
|turn|8
|
|t:|1758987169
|move|p2a: Cringing Gold|Dragon Pulse|p1a: Great Tusk
|-damage|p1a: Great Tusk|38/100
|move|p1a: Great Tusk|Rapid Spin|p2a: Cringing Gold
|-damage|p2a: Cringing Gold|0 fnt
|-boost|p1a: Great Tusk|spe|1
|-sideend|p1: notenoughpp|Sticky Web|[from] move: Rapid Spin|[of] p1a: Great Tusk
|faint|p2a: Cringing Gold
|-end|p2a: Cringing Gold|Protosynthesis|[silent]
|
|upkeep
|
|t:|1758987173
|switch|p2a: Angel|Ninetales, F, shiny|100/100
|-weather|SunnyDay|[from] ability: Drought|[of] p2a: Angel
|turn|9
|
|t:|1758987175
|move|p2a: Angel|Weather Ball|p1a: Great Tusk
|-damage|p1a: Great Tusk|0 fnt
|faint|p1a: Great Tusk
|-end|p1a: Great Tusk|Protosynthesis|[silent]
|
|-weather|SunnyDay|[upkeep]
|upkeep
|
|t:|1758987179
|switch|p1a: Ogerpon|Ogerpon-Wellspring, F|100/100
|turn|10
|
|t:|1758987188
|move|p1a: Ogerpon|Swords Dance|p1a: Ogerpon
|-boost|p1a: Ogerpon|atk|2
|move|p2a: Angel|Weather Ball|p1a: Ogerpon
|-damage|p1a: Ogerpon|36/100
|
|-weather|SunnyDay|[upkeep]
|upkeep
|turn|11
|
|t:|1758987191
|move|p1a: Ogerpon|Ivy Cudgel|p2a: Angel|[anim] Ivy Cudgel Water
|-supereffective|p2a: Angel
|-damage|p2a: Angel|0 fnt
|faint|p2a: Angel
|
|-weather|SunnyDay|[upkeep]
|upkeep
|
|t:|1758987194
|switch|p2a: Lesbian|Lilligant-Hisui, F, shiny|100/100
|turn|12
|
|t:|1758987197
|move|p2a: Lesbian|Solar Blade||[still]
|-prepare|p2a: Lesbian|Solar Blade
|-anim|p2a: Lesbian|Solar Blade|p1a: Ogerpon
|-damage|p1a: Ogerpon|0 fnt
|faint|p1a: Ogerpon
|-damage|p2a: Lesbian|91/100|[from] item: Life Orb
|
|-weather|SunnyDay|[upkeep]
|upkeep
|
|t:|1758987200
|switch|p1a: Kingambit|Kingambit, F|100/100
|-activate|p1a: Kingambit|ability: Supreme Overlord
|-start|p1a: Kingambit|fallen5|[silent]
|turn|13
|
|t:|1758987204
|-terastallize|p1a: Kingambit|Ghost
|move|p2a: Lesbian|Close Combat|p1a: Kingambit
|-immune|p1a: Kingambit
|move|p1a: Kingambit|Swords Dance|p1a: Kingambit
|-boost|p1a: Kingambit|atk|2
|
|-weather|SunnyDay|[upkeep]
|upkeep
|turn|14
|
|t:|1758987222
|move|p2a: Lesbian|Solar Blade||[still]
|-prepare|p2a: Lesbian|Solar Blade
|-anim|p2a: Lesbian|Solar Blade|p1a: Kingambit
|-damage|p1a: Kingambit|31/100
|-damage|p2a: Lesbian|81/100|[from] item: Life Orb
|move|p1a: Kingambit|Swords Dance|p1a: Kingambit
|-boost|p1a: Kingambit|atk|2
|
|-weather|SunnyDay|[upkeep]
|-heal|p1a: Kingambit|37/100|[from] item: Leftovers
|upkeep
|turn|15
|
|t:|1758987227
|move|p1a: Kingambit|Sucker Punch|p2a: Lesbian
|-resisted|p2a: Lesbian
|-damage|p2a: Lesbian|0 fnt
|faint|p2a: Lesbian
|
|-weather|SunnyDay|[upkeep]
|-heal|p1a: Kingambit|43/100|[from] item: Leftovers
|upkeep
|
|t:|1758987229
|switch|p2a: Dawnbloom|Florges-Yellow, F, shiny|100/100
|turn|16
|
|t:|1758987232
|-terastallize|p2a: Dawnbloom|Grass
|move|p2a: Dawnbloom|Moonblast|p1a: Kingambit
|-damage|p1a: Kingambit|0 fnt
|faint|p1a: Kingambit
|-end|p1a: Kingambit|fallen5|[silent]
|
|win|Sungrace
|raw|notenoughpp's rating: 1386 &rarr; <strong>1364</strong><br />(-22 for losing)
|raw|Sungrace's rating: 1351 &rarr; <strong>1373</strong><br />(+22 for winning)
|c|☆notenoughpp|Gg
|c|☆Sungrace|gg
|l|☆Sungrace
|player|p2|
|l|☆notenoughpp
|player|p1|
|j|☆notenoughpp
|player|p1|notenoughpp|266|
