|j|☆Joof from space
|j|‽myree
|t:|1758946390
|gametype|singles
|player|p1|Joof from space|ingo|1284
|player|p2|myree|benga|1370
|gen|9
|tier|[Gen 9] OU
|rated|
|rule|HP Percentage Mod: HP is shown in percentages
|rule|Endless Battle Clause: Forcing endless battles is banned
|rule|Species Clause: Limit one of each Pokémon
|rule|OHKO Clause: OHKO moves are banned
|rule|Evasion Items Clause: Evasion items are banned
|rule|Evasion Moves Clause: Evasion moves are banned
|rule|Evasion Abilities Clause: Evasion abilities are banned
|rule|Sleep Moves Clause: Sleep-inducing moves are banned
|clearpoke
|poke|p1|Zamazenta-*|
|poke|p1|Ninetales-Alola, F|
|poke|p1|Darkrai|
|poke|p1|Ceruledge, F|
|poke|p1|Hatterene, F|
|poke|p1|Landorus-Therian, M|
|poke|p2|Scream Tail|
|poke|p2|Iron Crown|
|poke|p2|Iron Boulder|
|poke|p2|Iron Hands|
|poke|p2|Samurott-Hisui, M|
|poke|p2|Enamorus-Therian, F|
|teampreview
|
|t:|1758946396
|teamsize|p1|6
|teamsize|p2|6
|start
|switch|p1a: Ninetales|Ninetales-Alola, F|100/100
|switch|p2a: Scream Tail|Scream Tail|100/100
|-weather|Snowscape|[from] ability: Snow Warning|[of] p1a: Ninetales
|turn|1
|
|t:|1758946407
|switch|p1a: Darkrai|Darkrai|100/100
|move|p2a: Scream Tail|Encore||[still]
|-fail|p2a: Scream Tail
|
|-weather|Snowscape|[upkeep]
|upkeep
|turn|2
|
|t:|1758946415
|switch|p1a: Ninetales|Ninetales-Alola, F|100/100
|-end|p2a: Scream Tail|Protosynthesis|[silent]
|switch|p2a: Samurott|Samurott-Hisui, M|100/100
|
|-weather|Snowscape|[upkeep]
|upkeep
|turn|3
|
|t:|1758946421
|move|p1a: Ninetales|Aurora Veil|p1a: Ninetales
|-sidestart|p1: Joof from space|move: Aurora Veil
|move|p2a: Samurott|Ceaseless Edge|p1a: Ninetales
|-resisted|p1a: Ninetales
|-damage|p1a: Ninetales|90/100
|-sidestart|p1: Joof from space|Spikes
|
|-weather|Snowscape|[upkeep]
|upkeep
|turn|4
|
|t:|1758946426
|switch|p2a: Iron Crown|Iron Crown|100/100
|move|p1a: Ninetales|Freeze-Dry|p2a: Iron Crown
|-resisted|p2a: Iron Crown
|-damage|p2a: Iron Crown|95/100
|-status|p2a: Iron Crown|frz
|
|-weather|Snowscape|[upkeep]
|upkeep
|turn|5
|
|t:|1758946437
|switch|p1a: Landorus|Landorus-Therian, M|100/100
|-ability|p1a: Landorus|Intimidate|boost
|-unboost|p2a: Iron Crown|atk|1
|cant|p2a: Iron Crown|frz
|
|-weather|none
|upkeep
|turn|6
|
|t:|1758946447
|-end|p2a: Iron Crown|Quark Drive|[silent]
|switch|p2a: Scream Tail|Scream Tail|100/100
|move|p1a: Landorus|Swords Dance|p1a: Landorus
|-boost|p1a: Landorus|atk|2
|
|upkeep
|turn|7
|
|t:|1758946455
|move|p2a: Scream Tail|Protect|p2a: Scream Tail
|-singleturn|p2a: Scream Tail|Protect
|move|p1a: Landorus|Stealth Rock|p2a: Scream Tail
|-sidestart|p2: myree|move: Stealth Rock
|
|upkeep
|turn|8
|
|t:|1758946460
|move|p1a: Landorus|Earthquake|p2a: Scream Tail
|-damage|p2a: Scream Tail|26/100
|move|p2a: Scream Tail|Encore|p1a: Landorus
|-start|p1a: Landorus|Encore
|
|upkeep
|turn|9
|
|t:|1758946467
|-end|p2a: Scream Tail|Protosynthesis|[silent]
|switch|p2a: Enamorus|Enamorus-Therian, F|100/100
|move|p1a: Landorus|Earthquake|p2a: Enamorus
|-immune|p2a: Enamorus
|
|upkeep
|turn|10
|
|t:|1758946472
|switch|p1a: Ninetales|Ninetales-Alola, F|90/100
|-damage|p1a: Ninetales|78/100|[from] Spikes
|-weather|Snowscape|[from] ability: Snow Warning|[of] p1a: Ninetales
|move|p2a: Enamorus|Draining Kiss|p1a: Ninetales
|-damage|p1a: Ninetales|63/100
|
|-weather|Snowscape|[upkeep]
|-sideend|p1: Joof from space|move: Aurora Veil
|upkeep
|turn|11
|
|t:|1758946493
|move|p2a: Enamorus|Calm Mind|p2a: Enamorus
|-boost|p2a: Enamorus|spa|1
|-boost|p2a: Enamorus|spd|1
|move|p1a: Ninetales|Roar|p2a: Enamorus
|drag|p2a: Scream Tail|Scream Tail|26/100
|
|-weather|Snowscape|[upkeep]
|upkeep
|turn|12
|
|t:|1758946501
|move|p1a: Ninetales|Freeze-Dry|p2a: Scream Tail
|-damage|p2a: Scream Tail|11/100
|-status|p2a: Scream Tail|frz
|cant|p2a: Scream Tail|frz
|
|-weather|Snowscape|[upkeep]
|upkeep
|turn|13
|
|t:|1758946533
|-end|p2a: Scream Tail|Protosynthesis|[silent]
|switch|p2a: Iron Boulder|Iron Boulder|100/100
|move|p1a: Ninetales|Aurora Veil|p1a: Ninetales
|-sidestart|p1: Joof from space|move: Aurora Veil
|
|-weather|Snowscape|[upkeep]
|upkeep
|turn|14
|
|t:|1758946539
|switch|p1a: Landorus|Landorus-Therian, M|100/100
|-ability|p1a: Landorus|Intimidate|boost
|-unboost|p2a: Iron Boulder|atk|1
|move|p2a: Iron Boulder|Swords Dance|p2a: Iron Boulder
|-boost|p2a: Iron Boulder|atk|2
|
|-weather|none
|upkeep
|turn|15
|
|t:|1758946588
|-end|p2a: Iron Boulder|Quark Drive|[silent]
|switch|p2a: Enamorus|Enamorus-Therian, F|100/100
|move|p1a: Landorus|Earthquake|p2a: Enamorus
|-immune|p2a: Enamorus
|
|upkeep
|turn|16
|
|t:|1758946594
|move|p1a: Landorus|Swords Dance|p1a: Landorus
|-boost|p1a: Landorus|atk|2
|move|p2a: Enamorus|Calm Mind|p2a: Enamorus
|-boost|p2a: Enamorus|spa|1
|-boost|p2a: Enamorus|spd|1
|
|upkeep
|turn|17
|
|t:|1758946600
|move|p1a: Landorus|Stone Edge|p2a: Enamorus
|-supereffective|p2a: Enamorus
|-damage|p2a: Enamorus|0 fnt
|faint|p2a: Enamorus
|
|upkeep
|-message|myree forfeited.
|
|win|Joof from space
|raw|Joof from space's rating: 1284 &rarr; <strong>1315</strong><br />(+31 for winning)
|raw|myree's rating: 1370 &rarr; <strong>1345</strong><br />(-25 for losing)
|l|‽myree
|player|p2|
|l|☆Joof from space
|player|p1|
