|j|☆First Strand Type
|j|☆BIGBODY55
|t:|1758989573
|gametype|singles
|player|p1|First Strand Type|waitress-gen4|1173
|player|p2|BIGBODY55|teacher|1168
|gen|9
|tier|[Gen 9] OU
|rated|
|rule|HP Percentage Mod: HP is shown in percentages
|rule|Endless Battle Clause: Forcing endless battles is banned
|rule|Species Clause: Limit one of each Pokémon
|rule|OHKO Clause: OHKO moves are banned
|rule|Evasion Items Clause: Evasion items are banned
|rule|Evasion Moves Clause: Evasion moves are banned
|rule|Evasion Abilities Clause: Evasion abilities are banned
|rule|Sleep Moves Clause: Sleep-inducing moves are banned
|clearpoke
|poke|p1|Grimmsnarl, M|
|poke|p1|Ogerpon-Wellspring, F|
|poke|p1|Corviknight, F|
|poke|p1|Great Tusk|
|poke|p1|Darkrai|
|poke|p1|Clefable, F|
|poke|p2|Gastrodon, F|
|poke|p2|Slowking-Galar, M|
|poke|p2|Orthworm, M|
|poke|p2|Mismagius, F|
|poke|p2|Ribombee, M|
|poke|p2|Greninja-*, M|
|teampreview
|inactive|Battle timer is ON: inactive players will automatically lose when time's up. (requested by BIGBODY55)
|
|t:|1758989599
|teamsize|p1|6
|teamsize|p2|6
|start
|switch|p1a: Darkrai|Darkrai|100/100
|switch|p2a: Gastrodon|Gastrodon, F|100/100
|turn|1
|
|t:|1758989616
|move|p1a: Darkrai|Knock Off|p2a: Gastrodon
|-damage|p2a: Gastrodon|62/100
|-enditem|p2a: Gastrodon|Choice Specs|[from] move: Knock Off|[of] p1a: Darkrai
|move|p2a: Gastrodon|Stealth Rock|p1a: Darkrai
|-sidestart|p1: First Strand Type|move: Stealth Rock
|
|upkeep
|turn|2
|
|t:|1758989636
|switch|p2a: Orthworm|Orthworm, M, shiny|100/100
|move|p1a: Darkrai|Dark Pulse|p2a: Orthworm
|-damage|p2a: Orthworm|41/100
|
|-heal|p2a: Orthworm|47/100|[from] item: Leftovers
|upkeep
|turn|3
|
|t:|1758989643
|move|p1a: Darkrai|Dark Pulse|p2a: Orthworm
|-damage|p2a: Orthworm|0 fnt
|faint|p2a: Orthworm
|
|upkeep
|
|t:|1758989655
|switch|p2a: Ribombee|Ribombee, M|100/100
|turn|4
|inactive|BIGBODY55 has 120 seconds left.
|
|t:|1758989685
|switch|p1a: Corviknight|Corviknight, F|100/100
|-damage|p1a: Corviknight|88/100|[from] Stealth Rock
|-ability|p1a: Corviknight|Pressure
|-terastallize|p2a: Ribombee|Steel
|move|p2a: Ribombee|Quiver Dance|p2a: Ribombee
|-boost|p2a: Ribombee|spa|1
|-boost|p2a: Ribombee|spd|1
|-boost|p2a: Ribombee|spe|1
|
|upkeep
|turn|5
|inactive|First Strand Type has 120 seconds left.
|inactive|BIGBODY55 has 90 seconds left.
|
|t:|1758989724
|switch|p2a: Slowking|Slowking-Galar, M|100/100
|move|p1a: Corviknight|Defog|p2a: Slowking
|-unboost|p2a: Slowking|evasion|1
|-sideend|p1: First Strand Type|Stealth Rock|[from] move: Defog|[of] p1a: Corviknight
|
|upkeep
|turn|6
|inactive|BIGBODY55 has 90 seconds left.
|
|t:|1758989730
|move|p1a: Corviknight|U-turn|p2a: Slowking
|-damage|p2a: Slowking|88/100
|-damage|p1a: Corviknight|72/100|[from] item: Rocky Helmet|[of] p2a: Slowking
|
|t:|1758989738
|switch|p1a: Great Tusk|Great Tusk|100/100|[from] U-turn
|-enditem|p1a: Great Tusk|Booster Energy
|-activate|p1a: Great Tusk|ability: Protosynthesis|[fromitem]
|-start|p1a: Great Tusk|protosynthesisatk
|move|p2a: Slowking|Trick Room|p2a: Slowking
|-fieldstart|move: Trick Room|[of] p2a: Slowking
|
|upkeep
|turn|7
|inactive|BIGBODY55 has 90 seconds left.
|
|t:|1758989759
|move|p2a: Slowking|Calm Mind|p2a: Slowking
|-boost|p2a: Slowking|spa|1
|-boost|p2a: Slowking|spd|1
|move|p1a: Great Tusk|Headlong Rush|p2a: Slowking
|-supereffective|p2a: Slowking
|-damage|p2a: Slowking|0 fnt
|-unboost|p1a: Great Tusk|def|1
|-unboost|p1a: Great Tusk|spd|1
|-damage|p1a: Great Tusk|84/100|[from] item: Rocky Helmet|[of] p2a: Slowking
|faint|p2a: Slowking
|
|upkeep
|
|t:|1758989768
|switch|p2a: Gastrodon|Gastrodon, F|62/100
|turn|8
|inactive|BIGBODY55 has 90 seconds left.
|inactive|First Strand Type has 120 seconds left.
|
|t:|1758989807
|-end|p1a: Great Tusk|Protosynthesis|[silent]
|switch|p1a: Corviknight|Corviknight, F|72/100
|-ability|p1a: Corviknight|Pressure
|move|p2a: Gastrodon|Surf|p1a: Corviknight
|-damage|p1a: Corviknight|36/100
|
|upkeep
|turn|9
|inactive|BIGBODY55 has 90 seconds left.
|
|t:|1758989818
|move|p2a: Gastrodon|Stealth Rock|p1a: Corviknight
|-sidestart|p1: First Strand Type|move: Stealth Rock
|move|p1a: Corviknight|Roost|p1a: Corviknight
|-heal|p1a: Corviknight|86/100
|-singleturn|p1a: Corviknight|move: Roost
|
|upkeep
|turn|10
|inactive|First Strand Type has 120 seconds left.
|inactive|BIGBODY55 has 90 seconds left.
|
|t:|1758989836
|move|p2a: Gastrodon|Surf|p1a: Corviknight
|-damage|p1a: Corviknight|50/100
|move|p1a: Corviknight|Defog|p2a: Gastrodon
|-unboost|p2a: Gastrodon|evasion|1
|-sideend|p1: First Strand Type|Stealth Rock|[from] move: Defog|[of] p1a: Corviknight
|
|-fieldend|move: Trick Room
|upkeep
|turn|11
|
|t:|1758989844
|switch|p2a: Mismagius|Mismagius, F, shiny|100/100
|move|p1a: Corviknight|Roost|p1a: Corviknight
|-heal|p1a: Corviknight|100/100
|-singleturn|p1a: Corviknight|move: Roost
|
|upkeep
|turn|12
|
|t:|1758989850
|move|p2a: Mismagius|Trick|p1a: Corviknight
|-activate|p2a: Mismagius|move: Trick|[of] p1a: Corviknight
|-item|p1a: Corviknight|Choice Specs|[from] move: Trick
|-item|p2a: Mismagius|Rocky Helmet|[from] move: Trick
|move|p1a: Corviknight|U-turn|p2a: Mismagius
|-resisted|p2a: Mismagius
|-damage|p2a: Mismagius|88/100
|-damage|p1a: Corviknight|84/100|[from] item: Rocky Helmet|[of] p2a: Mismagius
|
|t:|1758989862
|switch|p1a: Darkrai|Darkrai|100/100|[from] U-turn
|
|upkeep
|turn|13
|
|t:|1758989868
|switch|p2a: Ribombee|Ribombee, M, tera:Steel|100/100
|move|p1a: Darkrai|Dark Pulse|p2a: Ribombee
|-damage|p2a: Ribombee|16/100
|
|upkeep
|turn|14
|inactive|BIGBODY55 has 120 seconds left.
|
|t:|1758989876
|move|p1a: Darkrai|Dark Pulse|p2a: Ribombee
|-damage|p2a: Ribombee|0 fnt
|faint|p2a: Ribombee
|
|upkeep
|inactive|BIGBODY55 has 120 seconds left.
|
|t:|1758989884
|switch|p2a: Greninja|Greninja, M, shiny|100/100
|turn|15
|
|t:|1758989893
|move|p1a: Darkrai|Dark Pulse|p2a: Greninja
|-resisted|p2a: Greninja
|-damage|p2a: Greninja|64/100
|move|p2a: Greninja|Hydro Pump|p1a: Darkrai
|-start|p2a: Greninja|typechange|Water|[from] ability: Protean
|-damage|p1a: Darkrai|42/100
|
|upkeep
|turn|16
|
|t:|1758989909
|switch|p1a: Ogerpon|Ogerpon-Wellspring, F|100/100
|move|p2a: Greninja|Hydro Pump|p1a: Ogerpon
|-immune|p1a: Ogerpon|[from] ability: Water Absorb
|
|upkeep
|turn|17
|
|t:|1758989915
|move|p2a: Greninja|Dark Pulse|p1a: Ogerpon
|-crit|p1a: Ogerpon
|-damage|p1a: Ogerpon|64/100
|move|p1a: Ogerpon|Swords Dance|p1a: Ogerpon
|-boost|p1a: Ogerpon|atk|2
|
|upkeep
|turn|18
|inactive|BIGBODY55 has 120 seconds left.
|
|t:|1758989947
|-terastallize|p1a: Ogerpon|Water
|detailschange|p1a: Ogerpon|Ogerpon-Wellspring-Tera, F, tera:Water
|-ability|p1a: Ogerpon|Embody Aspect (Wellspring)|boost
|-boost|p1a: Ogerpon|spd|1
|move|p2a: Greninja|Dark Pulse|p1a: Ogerpon
|-damage|p1a: Ogerpon|47/100
|move|p1a: Ogerpon|Knock Off|p2a: Greninja
|-damage|p2a: Greninja|0 fnt
|-enditem|p2a: Greninja|Expert Belt|[from] move: Knock Off|[of] p1a: Ogerpon
|faint|p2a: Greninja
|
|upkeep
|
|t:|1758989952
|switch|p2a: Mismagius|Mismagius, F, shiny|88/100
|turn|19
|
|t:|1758989958
|move|p1a: Ogerpon|Ivy Cudgel|p2a: Mismagius|[anim] Ivy Cudgel Water
|-damage|p2a: Mismagius|0 fnt
|faint|p2a: Mismagius
|
|upkeep
|
|t:|1758989961
|switch|p2a: Gastrodon|Gastrodon, F|62/100
|turn|20
|
|t:|1758989964
|move|p1a: Ogerpon|Power Whip|p2a: Gastrodon
|-supereffective|p2a: Gastrodon
|-crit|p2a: Gastrodon
|-damage|p2a: Gastrodon|0 fnt
|faint|p2a: Gastrodon
|
|win|First Strand Type
|raw|First Strand Type's rating: 1173 &rarr; <strong>1198</strong><br />(+25 for winning)
|raw|BIGBODY55's rating: 1168 &rarr; <strong>1143</strong><br />(-25 for losing)
|l|☆BIGBODY55
|player|p2|
|l|☆First Strand Type
|player|p1|
