|j|☆labcabincalifornia
|j|☆bluevalinqtine
|t:|1758997248
|gametype|singles
|player|p1|labcabincalifornia|marshal|1000
|player|p2|bluevalinqtine|n|1000
|gen|9
|tier|[Gen 9] OU
|rated|
|rule|HP Percentage Mod: HP is shown in percentages
|rule|Endless Battle Clause: Forcing endless battles is banned
|rule|Species Clause: Limit one of each Pokémon
|rule|OHKO Clause: OHKO moves are banned
|rule|Evasion Items Clause: Evasion items are banned
|rule|Evasion Moves Clause: Evasion moves are banned
|rule|Evasion Abilities Clause: Evasion abilities are banned
|rule|Sleep Moves Clause: Sleep-inducing moves are banned
|clearpoke
|poke|p1|Kyurem|
|poke|p1|Iron Moth|
|poke|p1|Kingambit, M|
|poke|p1|Landorus-Therian, M|
|poke|p1|Hatterene, F|
|poke|p1|Hawlucha, M|
|poke|p2|Greninja-*, M|
|poke|p2|Blaziken, F|
|poke|p2|Metagross|
|poke|p2|Noivern, F|
|poke|p2|Sceptile, M|
|poke|p2|Gengar, M|
|teampreview
|
|t:|1758997260
|teamsize|p1|6
|teamsize|p2|6
|start
|switch|p1a: Landorus|Landorus-Therian, M|100/100
|switch|p2a: Blaziken|Blaziken, F|100/100
|-ability|p1a: Landorus|Intimidate|boost
|-unboost|p2a: Blaziken|atk|1
|turn|1
|
|t:|1758997274
|move|p1a: Landorus|Stealth Rock|p2a: Blaziken
|-sidestart|p2: bluevalinqtine|move: Stealth Rock
|move|p2a: Blaziken|Body Slam|p1a: Landorus
|-damage|p1a: Landorus|83/100
|-status|p1a: Landorus|par
|-damage|p2a: Blaziken|84/100|[from] item: Rocky Helmet|[of] p1a: Landorus
|
|-heal|p2a: Blaziken|90/100|[from] item: Leftovers
|-ability|p2a: Blaziken|Speed Boost|boost
|-boost|p2a: Blaziken|spe|1
|upkeep
|turn|2
|
|t:|1758997284
|move|p2a: Blaziken|Bulk Up|p2a: Blaziken
|-boost|p2a: Blaziken|atk|1
|-boost|p2a: Blaziken|def|1
|cant|p1a: Landorus|par
|
|-heal|p2a: Blaziken|96/100|[from] item: Leftovers
|-ability|p2a: Blaziken|Speed Boost|boost
|-boost|p2a: Blaziken|spe|1
|upkeep
|turn|3
|
|t:|1758997295
|move|p2a: Blaziken|Bulk Up|p2a: Blaziken
|-boost|p2a: Blaziken|atk|1
|-boost|p2a: Blaziken|def|1
|cant|p1a: Landorus|par
|
|-heal|p2a: Blaziken|100/100|[from] item: Leftovers
|-ability|p2a: Blaziken|Speed Boost|boost
|-boost|p2a: Blaziken|spe|1
|upkeep
|turn|4
|
|t:|1758997307
|switch|p1a: Hatterene|Hatterene, F|100/100
|move|p2a: Blaziken|Body Slam|p1a: Hatterene
|-damage|p1a: Hatterene|66/100
|
|-ability|p2a: Blaziken|Speed Boost|boost
|-boost|p2a: Blaziken|spe|1
|upkeep
|turn|5
|inactive|Battle timer is ON: inactive players will automatically lose when time's up. (requested by bluevalinqtine)
|
|t:|1758997327
|move|p2a: Blaziken|Body Slam|p1a: Hatterene
|-damage|p1a: Hatterene|31/100
|move|p1a: Hatterene|Nuzzle|p2a: Blaziken
|-damage|p2a: Blaziken|98/100
|-status|p2a: Blaziken|par
|
|-heal|p2a: Blaziken|100/100 par|[from] item: Leftovers
|-ability|p2a: Blaziken|Speed Boost|boost
|-boost|p2a: Blaziken|spe|1
|upkeep
|turn|6
|
|t:|1758997347
|move|p1a: Hatterene|Dazzling Gleam|p2a: Blaziken
|-damage|p2a: Blaziken|48/100 par
|move|p2a: Blaziken|Roar|p1a: Hatterene
|move|p1a: Hatterene|Roar|p2a: Blaziken|[from] ability: Magic Bounce
|drag|p2a: Metagross|Metagross|100/100
|-damage|p2a: Metagross|95/100|[from] Stealth Rock
|
|upkeep
|turn|7
|
|t:|1758997358
|switch|p1a: Landorus|Landorus-Therian, M|83/100 par
|-ability|p1a: Landorus|Intimidate|boost
|-fail|p2a: Metagross|unboost|[from] ability: Clear Body|[of] p2a: Metagross
|move|p2a: Metagross|Heavy Slam|p1a: Landorus
|-damage|p1a: Landorus|29/100 par
|-damage|p2a: Metagross|78/100|[from] item: Rocky Helmet|[of] p1a: Landorus
|
|upkeep
|turn|8
|
|t:|1758997371
|move|p2a: Metagross|Double-Edge|p1a: Landorus
|-damage|p1a: Landorus|0 fnt
|-damage|p2a: Metagross|61/100|[from] item: Rocky Helmet|[of] p1a: Landorus
|faint|p1a: Landorus
|-damage|p2a: Metagross|49/100|[from] Recoil
|
|upkeep
|
|t:|1758997383
|switch|p1a: Iron Moth|Iron Moth|100/100
|-enditem|p1a: Iron Moth|Booster Energy
|-activate|p1a: Iron Moth|ability: Quark Drive|[fromitem]
|-start|p1a: Iron Moth|quarkdrivespe
|turn|9
|
|t:|1758997399
|move|p1a: Iron Moth|Fiery Dance|p2a: Metagross
|-supereffective|p2a: Metagross
|-damage|p2a: Metagross|0 fnt
|faint|p2a: Metagross
|
|upkeep
|
|t:|1758997406
|switch|p2a: Greninja|Greninja, M|100/100
|-damage|p2a: Greninja|88/100|[from] Stealth Rock
|turn|10
|
|t:|1758997425
|-terastallize|p1a: Iron Moth|Fairy
|move|p2a: Greninja|Water Shuriken|p1a: Iron Moth
|-damage|p1a: Iron Moth|94/100
|-damage|p1a: Iron Moth|88/100
|-damage|p1a: Iron Moth|82/100
|-hitcount|p1a: Iron Moth|3
|move|p1a: Iron Moth|Dazzling Gleam|p2a: Greninja
|-supereffective|p2a: Greninja
|-damage|p2a: Greninja|0 fnt
|faint|p2a: Greninja
|
|upkeep
|
|t:|1758997446
|switch|p2a: Noivern|Noivern, F|100/100
|-damage|p2a: Noivern|76/100|[from] Stealth Rock
|turn|11
|
|t:|1758997455
|move|p1a: Iron Moth|Dazzling Gleam|p2a: Noivern
|-supereffective|p2a: Noivern
|-damage|p2a: Noivern|0 fnt
|faint|p2a: Noivern
|
|upkeep
|
|t:|1758997460
|switch|p2a: Sceptile|Sceptile, M|100/100
|-damage|p2a: Sceptile|88/100|[from] Stealth Rock
|turn|12
|
|t:|1758997465
|move|p1a: Iron Moth|Fiery Dance|p2a: Sceptile
|-supereffective|p2a: Sceptile
|-damage|p2a: Sceptile|0 fnt
|-boost|p1a: Iron Moth|spa|1
|faint|p2a: Sceptile
|
|upkeep
|
|t:|1758997474
|switch|p2a: Gengar|Gengar, M|100/100
|-damage|p2a: Gengar|88/100|[from] Stealth Rock
|turn|13
|
|t:|1758997478
|move|p1a: Iron Moth|Psychic|p2a: Gengar
|-supereffective|p2a: Gengar
|-damage|p2a: Gengar|0 fnt
|faint|p2a: Gengar
|
|upkeep
|
|t:|1758997483
|switch|p2a: Blaziken|Blaziken, F|48/100 par
|-damage|p2a: Blaziken|36/100 par|[from] Stealth Rock
|turn|14
|n|!bluevalinqtine|bluevalinqtine
|
|t:|1758997491
|move|p1a: Iron Moth|Fiery Dance|p2a: Blaziken
|-resisted|p2a: Blaziken
|-damage|p2a: Blaziken|0 fnt
|-boost|p1a: Iron Moth|spa|1
|faint|p2a: Blaziken
|
|win|labcabincalifornia
