|badge|p2|bronze|gen9uu|100-6
|uhtml|medal-msg|<div class="broadcast-blue">Curious what those medals under the avatar are? PS now has Ladder Seasons! For more information, check out the <a href="https://www.smogon.com/forums/threads/3740067/">thread on Smogon.</a></div>
|j|☆Shibuya Arc
|j|☆zDarky
|t:|1758998379
|gametype|singles
|player|p1|Shibuya Arc|169|1742
|player|p2|zDarky|larry|1705
|gen|9
|tier|[Gen 9] OU
|rated|
|rule|HP Percentage Mod: HP is shown in percentages
|rule|Endless Battle Clause: Forcing endless battles is banned
|rule|Species Clause: Limit one of each Pokémon
|rule|OHKO Clause: OHKO moves are banned
|rule|Evasion Items Clause: Evasion items are banned
|rule|Evasion Moves Clause: Evasion moves are banned
|rule|Evasion Abilities Clause: Evasion abilities are banned
|rule|Sleep Moves Clause: Sleep-inducing moves are banned
|clearpoke
|poke|p1|Dragapult, M|
|poke|p1|Dragonite, F|
|poke|p1|Ting-Lu|
|poke|p1|Weezing-Galar, F|
|poke|p1|Iron Crown|
|poke|p1|Zapdos|
|poke|p2|Heatran, M|
|poke|p2|Kyurem|
|poke|p2|Gliscor, F|
|poke|p2|Tornadus-Therian, M|
|poke|p2|Zamazenta-*|
|poke|p2|Hatterene, F|
|teampreview
|inactive|Battle timer is ON: inactive players will automatically lose when time's up. (requested by Shibuya Arc)
|
|t:|1758998402
|teamsize|p1|6
|teamsize|p2|6
|start
|switch|p1a: Ting-Lu|Ting-Lu|100/100
|switch|p2a: Gliscor|Gliscor, F|100/100
|-ability|p1a: Ting-Lu|Vessel of Ruin
|turn|1
|
|t:|1758998409
|switch|p2a: Hatterene|Hatterene, F|100/100
|move|p1a: Ting-Lu|Stealth Rock|p2a: Hatterene
|move|p2a: Hatterene|Stealth Rock|p1a: Ting-Lu|[from] ability: Magic Bounce
|-sidestart|p1: Shibuya Arc|move: Stealth Rock
|
|upkeep
|turn|2
|
|t:|1758998415
|move|p2a: Hatterene|Calm Mind|p2a: Hatterene
|-boost|p2a: Hatterene|spa|1
|-boost|p2a: Hatterene|spd|1
|move|p1a: Ting-Lu|Whirlwind|p2a: Hatterene
|move|p2a: Hatterene|Whirlwind|p1a: Ting-Lu|[from] ability: Magic Bounce
|drag|p1a: Weezing|Weezing-Galar, F|100/100
|-ability|p1a: Weezing|Neutralizing Gas
|
|upkeep
|turn|3
|
|t:|1758998421
|-end|p1a: Weezing|ability: Neutralizing Gas
|switch|p1a: Ting-Lu|Ting-Lu|100/100
|-damage|p1a: Ting-Lu|94/100|[from] Stealth Rock
|-ability|p1a: Ting-Lu|Vessel of Ruin
|move|p2a: Hatterene|Mystical Fire|p1a: Ting-Lu
|-damage|p1a: Ting-Lu|81/100
|-unboost|p1a: Ting-Lu|spa|1
|
|-heal|p1a: Ting-Lu|87/100|[from] item: Leftovers
|upkeep
|turn|4
|
|t:|1758998431
|move|p2a: Hatterene|Calm Mind|p2a: Hatterene
|-boost|p2a: Hatterene|spa|1
|-boost|p2a: Hatterene|spd|1
|move|p1a: Ting-Lu|Whirlwind|p2a: Hatterene
|move|p2a: Hatterene|Whirlwind|p1a: Ting-Lu|[from] ability: Magic Bounce
|drag|p1a: Zapdos|Zapdos|100/100
|
|upkeep
|turn|5
|
|t:|1758998437
|move|p1a: Zapdos|Volt Switch|p2a: Hatterene
|-damage|p2a: Hatterene|83/100
|
|t:|1758998445
|switch|p1a: Ting-Lu|Ting-Lu|87/100|[from] Volt Switch
|-damage|p1a: Ting-Lu|81/100|[from] Stealth Rock
|-ability|p1a: Ting-Lu|Vessel of Ruin
|move|p2a: Hatterene|Mystical Fire|p1a: Ting-Lu
|-damage|p1a: Ting-Lu|63/100
|-unboost|p1a: Ting-Lu|spa|1
|
|-heal|p1a: Ting-Lu|69/100|[from] item: Leftovers
|upkeep
|turn|6
|
|t:|1758998453
|move|p2a: Hatterene|Mystical Fire|p1a: Ting-Lu
|-damage|p1a: Ting-Lu|50/100
|-unboost|p1a: Ting-Lu|spa|1
|move|p1a: Ting-Lu|Whirlwind|p2a: Hatterene
|move|p2a: Hatterene|Whirlwind|p1a: Ting-Lu|[from] ability: Magic Bounce
|drag|p1a: Dragapult|Dragapult, M|100/100
|
|upkeep
|turn|7
|
|t:|1758998460
|move|p1a: Dragapult|U-turn|p2a: Hatterene
|-damage|p2a: Hatterene|66/100
|-damage|p1a: Dragapult|84/100|[from] item: Rocky Helmet|[of] p2a: Hatterene
|
|t:|1758998469
|switch|p1a: Ting-Lu|Ting-Lu|50/100|[from] U-turn
|-damage|p1a: Ting-Lu|44/100|[from] Stealth Rock
|-ability|p1a: Ting-Lu|Vessel of Ruin
|move|p2a: Hatterene|Draining Kiss|p1a: Ting-Lu
|-supereffective|p1a: Ting-Lu
|-damage|p1a: Ting-Lu|6/100
|-heal|p2a: Hatterene|100/100|[from] drain|[of] p1a: Ting-Lu
|
|-heal|p1a: Ting-Lu|12/100|[from] item: Leftovers
|upkeep
|turn|8
|
|t:|1758998476
|move|p1a: Ting-Lu|Ruination|p2a: Hatterene
|-damage|p2a: Hatterene|50/100
|move|p2a: Hatterene|Mystical Fire|p1a: Ting-Lu
|-damage|p1a: Ting-Lu|0 fnt
|faint|p1a: Ting-Lu
|
|upkeep
|
|t:|1758998485
|switch|p1a: Iron Crown|Iron Crown|100/100
|-damage|p1a: Iron Crown|94/100|[from] Stealth Rock
|turn|9
|
|t:|1758998491
|switch|p2a: Heatran|Heatran, M|100/100
|move|p1a: Iron Crown|Tachyon Cutter|p2a: Heatran
|-resisted|p2a: Heatran
|-damage|p2a: Heatran|95/100
|-resisted|p2a: Heatran
|-damage|p2a: Heatran|89/100
|-hitcount|p2a: Heatran|2
|
|-heal|p2a: Heatran|95/100|[from] item: Leftovers
|upkeep
|turn|10
|
|t:|1758998499
|-end|p1a: Iron Crown|Quark Drive|[silent]
|switch|p1a: Dragonite|Dragonite, F|100/100
|move|p2a: Heatran|Magma Storm|p1a: Dragonite
|-resisted|p1a: Dragonite
|-damage|p1a: Dragonite|90/100
|-activate|p1a: Dragonite|move: Magma Storm|[of] p2a: Heatran
|
|-heal|p2a: Heatran|100/100|[from] item: Leftovers
|-damage|p1a: Dragonite|78/100|[from] move: Magma Storm|[partiallytrapped]
|upkeep
|turn|11
|
|t:|1758998509
|switch|p2a: Hatterene|Hatterene, F|50/100
|move|p1a: Dragonite|Earthquake|p2a: Hatterene
|-damage|p2a: Hatterene|16/100
|
|-end|p1a: Dragonite|Magma Storm|[partiallytrapped]|[silent]
|upkeep
|turn|12
|
|t:|1758998517
|move|p1a: Dragonite|Earthquake|p2a: Hatterene
|-damage|p2a: Hatterene|0 fnt
|faint|p2a: Hatterene
|
|upkeep
|
|t:|1758998520
|switch|p2a: Kyurem|Kyurem|100/100
|-ability|p2a: Kyurem|Pressure
|turn|13
|
|t:|1758998528
|switch|p1a: Iron Crown|Iron Crown|94/100
|-damage|p1a: Iron Crown|88/100|[from] Stealth Rock
|move|p2a: Kyurem|Earth Power|p1a: Iron Crown
|-supereffective|p1a: Iron Crown
|-damage|p1a: Iron Crown|27/100
|-unboost|p1a: Iron Crown|spd|1
|
|upkeep
|turn|14
|
|t:|1758998535
|move|p2a: Kyurem|Protect|p2a: Kyurem
|-singleturn|p2a: Kyurem|Protect
|move|p1a: Iron Crown|Focus Blast|p2a: Kyurem
|-activate|p2a: Kyurem|move: Protect
|
|upkeep
|turn|15
|
|t:|1758998541
|switch|p2a: Tornadus|Tornadus-Therian, M|100/100
|move|p1a: Iron Crown|Focus Blast|p2a: Tornadus|[miss]
|-miss|p1a: Iron Crown|p2a: Tornadus
|
|upkeep
|turn|16
|
|t:|1758998546
|-end|p1a: Iron Crown|Quark Drive|[silent]
|switch|p1a: Zapdos|Zapdos|100/100
|move|p2a: Tornadus|U-turn|p1a: Zapdos
|-resisted|p1a: Zapdos
|-damage|p1a: Zapdos|92/100
|-status|p2a: Tornadus|par|[from] ability: Static|[of] p1a: Zapdos
|
|t:|1758998549
|switch|p2a: Kyurem|Kyurem|100/100|[from] U-turn
|-ability|p2a: Kyurem|Pressure
|
|upkeep
|turn|17
|
|t:|1758998555
|move|p1a: Zapdos|Hurricane|p2a: Kyurem
|-damage|p2a: Kyurem|45/100
|move|p2a: Kyurem|Freeze-Dry|p1a: Zapdos
|-supereffective|p1a: Zapdos
|-crit|p1a: Zapdos
|-damage|p1a: Zapdos|0 fnt
|faint|p1a: Zapdos
|
|-heal|p2a: Kyurem|51/100|[from] item: Leftovers
|upkeep
|
|t:|1758998562
|switch|p1a: Iron Crown|Iron Crown|27/100
|-damage|p1a: Iron Crown|21/100|[from] Stealth Rock
|turn|18
|
|t:|1758998568
|move|p2a: Kyurem|Protect|p2a: Kyurem
|-singleturn|p2a: Kyurem|Protect
|move|p1a: Iron Crown|Psyshock|p2a: Kyurem
|-activate|p2a: Kyurem|move: Protect
|
|-heal|p2a: Kyurem|57/100|[from] item: Leftovers
|upkeep
|turn|19
|
|t:|1758998575
|switch|p2a: Heatran|Heatran, M|100/100
|move|p1a: Iron Crown|Psyshock|p2a: Heatran
|-resisted|p2a: Heatran
|-damage|p2a: Heatran|77/100
|
|-heal|p2a: Heatran|83/100|[from] item: Leftovers
|upkeep
|turn|20
|
|t:|1758998582
|move|p1a: Iron Crown|Psyshock|p2a: Heatran
|-resisted|p2a: Heatran
|-damage|p2a: Heatran|59/100
|move|p2a: Heatran|Magma Storm|p1a: Iron Crown|[miss]
|-miss|p2a: Heatran|p1a: Iron Crown
|
|-heal|p2a: Heatran|65/100|[from] item: Leftovers
|upkeep
|turn|21
|
|t:|1758998588
|move|p1a: Iron Crown|Psyshock|p2a: Heatran
|-resisted|p2a: Heatran
|-damage|p2a: Heatran|40/100
|move|p2a: Heatran|Earth Power|p1a: Iron Crown
|-supereffective|p1a: Iron Crown
|-damage|p1a: Iron Crown|0 fnt
|faint|p1a: Iron Crown
|-end|p1a: Iron Crown|Quark Drive|[silent]
|
|-heal|p2a: Heatran|46/100|[from] item: Leftovers
|upkeep
|
|t:|1758998595
|switch|p1a: Dragonite|Dragonite, F|78/100
|turn|22
|
|t:|1758998604
|switch|p2a: Gliscor|Gliscor, F|100/100
|move|p1a: Dragonite|Roost|p1a: Dragonite
|-heal|p1a: Dragonite|100/100
|-singleturn|p1a: Dragonite|move: Roost
|
|-status|p2a: Gliscor|tox|[from] item: Toxic Orb
|upkeep
|turn|23
|
|t:|1758998609
|switch|p1a: Dragapult|Dragapult, M|84/100
|move|p2a: Gliscor|Knock Off|p1a: Dragapult
|-supereffective|p1a: Dragapult
|-damage|p1a: Dragapult|22/100
|-start|p2a: Gliscor|Disable|Knock Off|[from] ability: Cursed Body|[of] p1a: Dragapult
|-enditem|p1a: Dragapult|Heavy-Duty Boots|[from] move: Knock Off|[of] p2a: Gliscor
|
|upkeep
|turn|24
|
|t:|1758998617
|switch|p2a: Heatran|Heatran, M|46/100
|-terastallize|p1a: Dragapult|Dragon
|move|p1a: Dragapult|Hex|p2a: Heatran
|-damage|p2a: Heatran|28/100
|
|-heal|p2a: Heatran|34/100|[from] item: Leftovers
|upkeep
|turn|25
|
|t:|1758998624
|move|p1a: Dragapult|U-turn|p2a: Heatran
|-resisted|p2a: Heatran
|-damage|p2a: Heatran|30/100
|
|t:|1758998630
|switch|p1a: Dragonite|Dragonite, F|100/100|[from] U-turn
|move|p2a: Heatran|Earth Power|p1a: Dragonite
|-immune|p1a: Dragonite
|
|-heal|p2a: Heatran|36/100|[from] item: Leftovers
|upkeep
|turn|26
|
|t:|1758998640
|switch|p1a: Dragapult|Dragapult, M, tera:Dragon|22/100
|-damage|p1a: Dragapult|9/100|[from] Stealth Rock
|switch|p2a: Gliscor|Gliscor, F|100/100 tox
|
|upkeep
|turn|27
|
|t:|1758998645
|switch|p2a: Heatran|Heatran, M|36/100
|move|p1a: Dragapult|Dragon Darts|p2a: Heatran
|-resisted|p2a: Heatran
|-damage|p2a: Heatran|25/100
|-anim|p1a: Dragapult|Dragon Darts|p2a: Heatran
|-resisted|p2a: Heatran
|-damage|p2a: Heatran|13/100
|
|-heal|p2a: Heatran|19/100|[from] item: Leftovers
|upkeep
|turn|28
|
|t:|1758998656
|move|p1a: Dragapult|Dragon Darts|p2a: Heatran
|-resisted|p2a: Heatran
|-damage|p2a: Heatran|6/100
|-anim|p1a: Dragapult|Dragon Darts|p2a: Heatran
|-resisted|p2a: Heatran
|-damage|p2a: Heatran|0 fnt
|faint|p2a: Heatran
|
|upkeep
|
|t:|1758998657
|switch|p2a: Tornadus|Tornadus-Therian, M|100/100 par
|turn|29
|
|t:|1758998664
|move|p1a: Dragapult|Dragon Darts|p2a: Tornadus
|-damage|p2a: Tornadus|70/100 par
|-anim|p1a: Dragapult|Dragon Darts|p2a: Tornadus
|-damage|p2a: Tornadus|38/100 par
|move|p2a: Tornadus|U-turn|p1a: Dragapult
|-damage|p1a: Dragapult|0 fnt
|faint|p1a: Dragapult
|
|t:|1758998666
|switch|p2a: Kyurem|Kyurem|57/100|[from] U-turn
|-ability|p2a: Kyurem|Pressure
|
|-heal|p2a: Kyurem|63/100|[from] item: Leftovers
|upkeep
|
|t:|1758998672
|switch|p1a: Dragonite|Dragonite, F|100/100
|turn|30
|
|t:|1758998677
|switch|p1a: Weezing|Weezing-Galar, F|100/100
|-ability|p1a: Weezing|Neutralizing Gas
|move|p2a: Kyurem|Freeze-Dry|p1a: Weezing
|-damage|p1a: Weezing|48/100
|
|-heal|p2a: Kyurem|69/100|[from] item: Leftovers
|upkeep
|turn|31
|
|t:|1758998683
|move|p2a: Kyurem|Earth Power|p1a: Weezing
|-supereffective|p1a: Weezing
|-damage|p1a: Weezing|0 fnt
|faint|p1a: Weezing
|-end|p1a: Weezing|ability: Neutralizing Gas
|-ability|p2a: Kyurem|Pressure
|
|-heal|p2a: Kyurem|75/100|[from] item: Leftovers
|upkeep
|
|t:|1758998689
|switch|p1a: Dragonite|Dragonite, F|100/100
|turn|32
|
|t:|1758998694
|move|p2a: Kyurem|Freeze-Dry|p1a: Dragonite
|-supereffective|p1a: Dragonite
|-crit|p1a: Dragonite
|-damage|p1a: Dragonite|0 fnt
|faint|p1a: Dragonite
|
|win|zDarky
|raw|Shibuya Arc's rating: 1742 &rarr; <strong>1720</strong><br />(-22 for losing)
|raw|zDarky's rating: 1705 &rarr; <strong>1727</strong><br />(+22 for winning)
