|badge|p2|bronze|gen9ou|100-6
|html|<div class="broadcast-red"><strong>This battle is required to be public due to one or more player having a season medal.</strong><br />During the public phase, you can discuss the state of the ladder <a href="/seasondiscussion">in a special chatroom.</a></div>
|uhtml|medal-msg|<div class="broadcast-blue">Curious what those medals under the avatar are? PS now has Ladder Seasons! For more information, check out the <a href="https://www.smogon.com/forums/threads/3740067/">thread on Smogon.</a></div>
|j|☆GummyDeino
|j|‽JackRG1
|t:|1759016002
|gametype|singles
|player|p1|GummyDeino|2|1686
|player|p2|JackRG1|dawn-gen4pt|1861
|gen|9
|tier|[Gen 9] OU
|rated|
|rule|HP Percentage Mod: HP is shown in percentages
|rule|Endless Battle Clause: Forcing endless battles is banned
|rule|Species Clause: Limit one of each Pokémon
|rule|OHKO Clause: OHKO moves are banned
|rule|Evasion Items Clause: Evasion items are banned
|rule|Evasion Moves Clause: Evasion moves are banned
|rule|Evasion Abilities Clause: Evasion abilities are banned
|rule|Sleep Moves Clause: Sleep-inducing moves are banned
|clearpoke
|poke|p1|Indeedee, M|
|poke|p1|Hatterene, F|
|poke|p1|Ursaluna, F|
|poke|p1|Iron Hands|
|poke|p1|Hoopa-Unbound|
|poke|p1|Mimikyu, F|
|poke|p2|Weezing-Galar, F|
|poke|p2|Ting-Lu|
|poke|p2|Corviknight, F|
|poke|p2|Skeledirge, F|
|poke|p2|Dragapult, F|
|poke|p2|Ogerpon-Wellspring, F|
|teampreview
|inactive|Battle timer is ON: inactive players will automatically lose when time's up. (requested by GummyDeino)
|inactive|JackRG1 also wants the timer to be on.
|j| amefurikoneko
|
|t:|1759016015
|teamsize|p1|6
|teamsize|p2|6
|start
|switch|p1a: Catch These Hands|Iron Hands, shiny|100/100
|switch|p2a: Ogerpon|Ogerpon-Wellspring, F|100/100
|-enditem|p1a: Catch These Hands|Booster Energy
|-activate|p1a: Catch These Hands|ability: Quark Drive|[fromitem]
|-start|p1a: Catch These Hands|quarkdriveatk
|turn|1
|
|t:|1759016031
|switch|p2a: Ting-Lu|Ting-Lu, shiny|100/100
|-ability|p2a: Ting-Lu|Vessel of Ruin
|move|p1a: Catch These Hands|Close Combat|p2a: Ting-Lu
|-supereffective|p2a: Ting-Lu
|-damage|p2a: Ting-Lu|2/100
|-unboost|p1a: Catch These Hands|def|1
|-unboost|p1a: Catch These Hands|spd|1
|
|-heal|p2a: Ting-Lu|8/100|[from] item: Leftovers
|upkeep
|turn|2
|
|t:|1759016041
|move|p1a: Catch These Hands|Ice Punch|p2a: Ting-Lu
|-supereffective|p2a: Ting-Lu
|-damage|p2a: Ting-Lu|0 fnt
|faint|p2a: Ting-Lu
|
|upkeep
|
|t:|1759016043
|switch|p2a: Dragapult|Dragapult, F|100/100
|turn|3
|
|t:|1759016048
|move|p2a: Dragapult|Draco Meteor|p1a: Catch These Hands
|-damage|p1a: Catch These Hands|0 fnt
|-unboost|p2a: Dragapult|spa|2
|faint|p1a: Catch These Hands
|-end|p1a: Catch These Hands|Quark Drive|[silent]
|
|upkeep
|
|t:|1759016054
|switch|p1a: Ayo Doc Heal Me|Indeedee, M, shiny|100/100
|-fieldstart|move: Psychic Terrain|[from] ability: Psychic Surge|[of] p1a: Ayo Doc Heal Me
|turn|4
|
|t:|1759016058
|switch|p2a: Ogerpon|Ogerpon-Wellspring, F|100/100
|move|p1a: Ayo Doc Heal Me|Trick Room|p1a: Ayo Doc Heal Me
|-fieldstart|move: Trick Room|[of] p1a: Ayo Doc Heal Me
|
|upkeep
|turn|5
|
|t:|1759016068
|switch|p1a: Hattsune Miku|Hatterene, F, shiny|100/100
|move|p2a: Ogerpon|Knock Off|p1a: Hattsune Miku
|-damage|p1a: Hattsune Miku|64/100
|-enditem|p1a: Hattsune Miku|Life Orb|[from] move: Knock Off|[of] p2a: Ogerpon
|
|upkeep
|turn|6
|
|t:|1759016075
|-terastallize|p2a: Ogerpon|Water
|detailschange|p2a: Ogerpon|Ogerpon-Wellspring-Tera, F, tera:Water
|-ability|p2a: Ogerpon|Embody Aspect (Wellspring)|boost
|-boost|p2a: Ogerpon|spd|1
|move|p1a: Hattsune Miku|Expanding Force|p2a: Ogerpon
|-damage|p2a: Ogerpon|40/100
|move|p2a: Ogerpon|Ivy Cudgel|p1a: Hattsune Miku|[anim] Ivy Cudgel Water
|-damage|p1a: Hattsune Miku|0 fnt
|faint|p1a: Hattsune Miku
|
|upkeep
|
|t:|1759016085
|switch|p1a: Sukuna|Hoopa-Unbound|100/100
|-enditem|p1a: Sukuna|Psychic Seed
|-boost|p1a: Sukuna|spd|1|[from] item: Psychic Seed
|turn|7
|
|t:|1759016091
|switch|p2a: Skeledirge|Skeledirge, F|100/100
|move|p1a: Sukuna|Expanding Force|p2a: Skeledirge
|-damage|p2a: Skeledirge|23/100
|-item|p1a: Sukuna|Heavy-Duty Boots|[from] ability: Magician|[of] p2a: Skeledirge
|
|upkeep
|turn|8
|
|t:|1759016098
|move|p1a: Sukuna|Expanding Force|p2a: Skeledirge
|-damage|p2a: Skeledirge|0 fnt
|faint|p2a: Skeledirge
|
|-fieldend|move: Trick Room
|upkeep
|
|t:|1759016100
|switch|p2a: Ogerpon|Ogerpon-Wellspring-Tera, F, tera:Water|40/100
|-ability|p2a: Ogerpon|Embody Aspect (Wellspring)|boost
|-boost|p2a: Ogerpon|spd|1
|turn|9
|
|t:|1759016106
|switch|p1a: Mimi :3|Mimikyu, F, shiny|100/100
|move|p2a: Ogerpon|Ivy Cudgel|p1a: Mimi :3|[anim] Ivy Cudgel Water
|-activate|p1a: Mimi :3|ability: Disguise
|-damage|p1a: Mimi :3|100/100
|detailschange|p1a: Mimi :3|Mimikyu-Busted, F, shiny
|-damage|p1a: Mimi :3|88/100|[from] pokemon: Mimikyu-Busted
|-enditem|p1a: Mimi :3|Red Card|[of] p2a: Ogerpon
|drag|p2a: Corviknight|Corviknight, F|100/100
|-ability|p2a: Corviknight|Pressure
|
|upkeep
|turn|10
|
|t:|1759016119
|switch|p2a: Ogerpon|Ogerpon-Wellspring-Tera, F, tera:Water|40/100
|-ability|p2a: Ogerpon|Embody Aspect (Wellspring)|boost
|-boost|p2a: Ogerpon|spd|1
|move|p1a: Mimi :3|Trick Room|p1a: Mimi :3
|-fieldstart|move: Trick Room|[of] p1a: Mimi :3
|
|upkeep
|turn|11
|
|t:|1759016125
|move|p1a: Mimi :3|Curse|p2a: Ogerpon
|-start|p2a: Ogerpon|Curse|[of] p1a: Mimi :3
|-damage|p1a: Mimi :3|38/100
|move|p2a: Ogerpon|Synthesis|p2a: Ogerpon
|-heal|p2a: Ogerpon|90/100
|
|-damage|p2a: Ogerpon|65/100|[from] Curse
|-fieldend|move: Psychic Terrain
|upkeep
|turn|12
|
|t:|1759016133
|switch|p2a: Corviknight|Corviknight, F|100/100
|-ability|p2a: Corviknight|Pressure
|move|p1a: Mimi :3|Destiny Bond|p1a: Mimi :3
|-singlemove|p1a: Mimi :3|Destiny Bond
|
|upkeep
|turn|13
|
|t:|1759016140
|move|p2a: Corviknight|U-turn|p1a: Mimi :3
|-resisted|p1a: Mimi :3
|-damage|p1a: Mimi :3|35/100
|
|t:|1759016143
|switch|p2a: Ogerpon|Ogerpon-Wellspring-Tera, F, tera:Water|65/100|[from] U-turn
|-ability|p2a: Ogerpon|Embody Aspect (Wellspring)|boost
|-boost|p2a: Ogerpon|spd|1
|move|p1a: Mimi :3|Curse|p2a: Ogerpon
|-start|p2a: Ogerpon|Curse|[of] p1a: Mimi :3
|-damage|p1a: Mimi :3|0 fnt
|faint|p1a: Mimi :3
|
|-damage|p2a: Ogerpon|40/100|[from] Curse
|upkeep
|
|t:|1759016152
|switch|p1a: 5 Nights In TR|Ursaluna, F, shiny|100/100
|turn|14
|
|t:|1759016155
|switch|p2a: Corviknight|Corviknight, F|100/100
|-ability|p2a: Corviknight|Pressure
|move|p1a: 5 Nights In TR|Supercell Slam|p2a: Corviknight
|-supereffective|p2a: Corviknight
|-damage|p2a: Corviknight|45/100
|-damage|p1a: 5 Nights In TR|84/100|[from] item: Rocky Helmet|[of] p2a: Corviknight
|
|-fieldend|move: Trick Room
|-status|p1a: 5 Nights In TR|brn|[from] item: Flame Orb
|upkeep
|turn|15
|j| Ctannn
|
|t:|1759016167
|move|p2a: Corviknight|U-turn|p1a: 5 Nights In TR
|-damage|p1a: 5 Nights In TR|74/100 brn
|
|t:|1759016171
|switch|p2a: Dragapult|Dragapult, F|100/100|[from] U-turn
|move|p1a: 5 Nights In TR|Supercell Slam|p2a: Dragapult
|-resisted|p2a: Dragapult
|-damage|p2a: Dragapult|60/100
|
|-damage|p1a: 5 Nights In TR|68/100 brn|[from] brn
|upkeep
|turn|16
|
|t:|1759016179
|switch|p1a: Ayo Doc Heal Me|Indeedee, M, shiny|100/100
|-fieldstart|move: Psychic Terrain|[from] ability: Psychic Surge|[of] p1a: Ayo Doc Heal Me
|move|p2a: Dragapult|Draco Meteor|p1a: Ayo Doc Heal Me
|-damage|p1a: Ayo Doc Heal Me|0 fnt
|-unboost|p2a: Dragapult|spa|2
|faint|p1a: Ayo Doc Heal Me
|
|upkeep
|
|t:|1759016187
|switch|p1a: Sukuna|Hoopa-Unbound|100/100
|turn|17
|
|t:|1759016192
|switch|p2a: Ogerpon|Ogerpon-Wellspring-Tera, F, tera:Water|40/100
|-ability|p2a: Ogerpon|Embody Aspect (Wellspring)|boost
|-boost|p2a: Ogerpon|spd|1
|-terastallize|p1a: Sukuna|Psychic
|move|p1a: Sukuna|Trick Room|p1a: Sukuna
|-fieldstart|move: Trick Room|[of] p1a: Sukuna
|
|upkeep
|turn|18
|
|t:|1759016203
|switch|p2a: Corviknight|Corviknight, F|45/100
|-ability|p2a: Corviknight|Pressure
|move|p1a: Sukuna|Expanding Force|p2a: Corviknight
|-resisted|p2a: Corviknight
|-damage|p2a: Corviknight|0 fnt
|faint|p2a: Corviknight
|
|upkeep
|
|t:|1759016205
|switch|p2a: Weezing|Weezing-Galar, F|100/100
|-ability|p2a: Weezing|Neutralizing Gas
|turn|19
|-message|JackRG1 forfeited.
|
|win|GummyDeino
|raw|GummyDeino's rating: 1686 &rarr; <strong>1715</strong><br />(+29 for winning)
|raw|JackRG1's rating: 1861 &rarr; <strong>1832</strong><br />(-29 for losing)
|l|‽JackRG1
|player|p2|
|l|☆GummyDeino
|player|p1|
