|badge|p2|bronze|gen9ou|100-6
|html|<div class="broadcast-red"><strong>This battle is required to be public due to one or more player having a season medal.</strong><br />During the public phase, you can discuss the state of the ladder <a href="/seasondiscussion">in a special chatroom.</a></div>
|uhtml|medal-msg|<div class="broadcast-blue">Curious what those medals under the avatar are? PS now has Ladder Seasons! For more information, check out the <a href="https://www.smogon.com/forums/threads/3740067/">thread on Smogon.</a></div>
|raw|<div class="broadcast-blue"><strong>This battle is required to be public due to a player having a name starting with 'medal'.</div>
|j|☆lerendezvous
|j|☆LT124 SPEEDRUNNING
|t:|1758986216
|gametype|singles
|player|p1|lerendezvous|101|1739
|player|p2|LT124 SPEEDRUNNING|hiker-gen4|1824
|gen|9
|tier|[Gen 9] OU
|rated|
|rule|HP Percentage Mod: HP is shown in percentages
|rule|Endless Battle Clause: Forcing endless battles is banned
|rule|Species Clause: Limit one of each Pokémon
|rule|OHKO Clause: OHKO moves are banned
|rule|Evasion Items Clause: Evasion items are banned
|rule|Evasion Moves Clause: Evasion moves are banned
|rule|Evasion Abilities Clause: Evasion abilities are banned
|rule|Sleep Moves Clause: Sleep-inducing moves are banned
|clearpoke
|poke|p1|Ogerpon-Wellspring, F|
|poke|p1|Slowking-Galar, M|
|poke|p1|Great Tusk|
|poke|p1|Moltres|
|poke|p1|Dragapult, M|
|poke|p1|Kingambit, F|
|poke|p2|Heatran, F|
|poke|p2|Tornadus-Therian, M|
|poke|p2|Weavile, M|
|poke|p2|Great Tusk|
|poke|p2|Ogerpon-Wellspring, F|
|poke|p2|Pecharunt|
|teampreview
|j| dsvdv
|
|t:|1758986223
|teamsize|p1|6
|teamsize|p2|6
|start
|switch|p1a: Dragapult|Dragapult, M|100/100
|switch|p2a: Tornadus|Tornadus-Therian, M|100/100
|turn|1
|inactive|Battle timer is ON: inactive players will automatically lose when time's up. (requested by lerendezvous)
|l| dsvdv
|
|t:|1758986228
|switch|p2a: Heatran|Heatran, F|100/100
|move|p1a: Dragapult|U-turn|p2a: Heatran
|-resisted|p2a: Heatran
|-damage|p2a: Heatran|96/100
|
|t:|1758986234
|switch|p1a: Ogerpon|Ogerpon-Wellspring, F|100/100|[from] U-turn
|
|-heal|p2a: Heatran|100/100|[from] item: Leftovers
|upkeep
|turn|2
|
|t:|1758986239
|switch|p2a: Pecharunt|Pecharunt|100/100
|move|p1a: Ogerpon|Knock Off|p2a: Pecharunt
|-supereffective|p2a: Pecharunt
|-damage|p2a: Pecharunt|65/100
|-enditem|p2a: Pecharunt|Heavy-Duty Boots|[from] move: Knock Off|[of] p1a: Ogerpon
|
|upkeep
|turn|3
|
|t:|1758986246
|switch|p1a: Kingambit|Kingambit, F|100/100
|move|p2a: Pecharunt|Recover|p2a: Pecharunt
|-heal|p2a: Pecharunt|100/100
|
|upkeep
|turn|4
|j| Bloodhound Q50
|
|t:|1758986251
|move|p2a: Pecharunt|Parting Shot|p1a: Kingambit
|-unboost|p1a: Kingambit|atk|1
|-unboost|p1a: Kingambit|spa|1
|
|t:|1758986253
|switch|p2a: Great Tusk|Great Tusk|100/100|[from] Parting Shot
|move|p1a: Kingambit|Swords Dance|p1a: Kingambit
|-boost|p1a: Kingambit|atk|2
|
|upkeep
|turn|5
|
|t:|1758986257
|move|p2a: Great Tusk|Stealth Rock|p1a: Kingambit
|-sidestart|p1: lerendezvous|move: Stealth Rock
|move|p1a: Kingambit|Swords Dance|p1a: Kingambit
|-boost|p1a: Kingambit|atk|2
|
|upkeep
|turn|6
|
|t:|1758986262
|-terastallize|p1a: Kingambit|Ghost
|move|p2a: Great Tusk|Headlong Rush|p1a: Kingambit
|-damage|p1a: Kingambit|61/100
|-unboost|p2a: Great Tusk|def|1
|-unboost|p2a: Great Tusk|spd|1
|move|p1a: Kingambit|Low Kick|p2a: Great Tusk
|-damage|p2a: Great Tusk|0 fnt
|faint|p2a: Great Tusk
|-end|p2a: Great Tusk|Protosynthesis|[silent]
|
|-heal|p1a: Kingambit|67/100|[from] item: Leftovers
|upkeep
|
|t:|1758986266
|switch|p2a: Weavile|Weavile, M|100/100
|-ability|p2a: Weavile|Pressure
|turn|7
|
|t:|1758986270
|move|p1a: Kingambit|Sucker Punch|p2a: Weavile
|-resisted|p2a: Weavile
|-damage|p2a: Weavile|24/100
|move|p2a: Weavile|Knock Off|p1a: Kingambit
|-supereffective|p1a: Kingambit
|-damage|p1a: Kingambit|0 fnt
|-enditem|p1a: Kingambit|Leftovers|[from] move: Knock Off|[of] p2a: Weavile
|faint|p1a: Kingambit
|-end|p1a: Kingambit|fallenundefined|[silent]
|
|upkeep
|
|t:|1758986280
|switch|p1a: Moltres|Moltres|100/100
|turn|8
|
|t:|1758986286
|switch|p2a: Heatran|Heatran, F|100/100
|move|p1a: Moltres|Roost||[still]
|-fail|p1a: Moltres|heal
|
|upkeep
|turn|9
|
|t:|1758986290
|move|p2a: Heatran|Substitute|p2a: Heatran
|-start|p2a: Heatran|Substitute
|-damage|p2a: Heatran|76/100
|move|p1a: Moltres|Roar|p2a: Heatran
|drag|p2a: Pecharunt|Pecharunt|100/100
|
|upkeep
|turn|10
|
|t:|1758986295
|switch|p1a: Slowking|Slowking-Galar, M|100/100
|-damage|p1a: Slowking|88/100|[from] Stealth Rock
|move|p2a: Pecharunt|Malignant Chain|p1a: Slowking
|-resisted|p1a: Slowking
|-damage|p1a: Slowking|80/100
|
|upkeep
|turn|11
|
|t:|1758986300
|move|p2a: Pecharunt|Parting Shot|p1a: Slowking
|-unboost|p1a: Slowking|atk|1
|-unboost|p1a: Slowking|spa|1
|
|t:|1758986303
|switch|p2a: Heatran|Heatran, F|76/100|[from] Parting Shot
|move|p1a: Slowking|Ice Beam|p2a: Heatran
|-resisted|p2a: Heatran
|-damage|p2a: Heatran|73/100
|
|-heal|p2a: Heatran|79/100|[from] item: Leftovers
|upkeep
|turn|12
|c| Bloodhound Q50|wth was that Heatran doing behind a sub?
|
|t:|1758986310
|switch|p1a: Great Tusk|Great Tusk|100/100
|-damage|p1a: Great Tusk|98/100|[from] Stealth Rock
|move|p2a: Heatran|Substitute|p2a: Heatran
|-start|p2a: Heatran|Substitute
|-damage|p2a: Heatran|54/100
|
|-heal|p2a: Heatran|60/100|[from] item: Leftovers
|upkeep
|turn|13
|
|t:|1758986315
|-end|p1a: Great Tusk|Protosynthesis|[silent]
|switch|p1a: Moltres|Moltres|100/100
|move|p2a: Heatran|Magma Storm|p1a: Moltres
|-resisted|p1a: Moltres
|-damage|p1a: Moltres|77/100
|-activate|p1a: Moltres|move: Magma Storm|[of] p2a: Heatran
|
|-heal|p2a: Heatran|66/100|[from] item: Leftovers
|-damage|p1a: Moltres|65/100|[from] move: Magma Storm|[partiallytrapped]
|upkeep
|turn|14
|
|t:|1758986335
|move|p1a: Moltres|U-turn|p2a: Heatran
|-resisted|p2a: Heatran
|-activate|p2a: Heatran|move: Substitute|[damage]
|j| 365 party girl
|
|t:|1758986340
|switch|p1a: Dragapult|Dragapult, M|100/100|[from] U-turn
|move|p2a: Heatran|Taunt|p1a: Dragapult
|-start|p1a: Dragapult|move: Taunt
|
|-heal|p2a: Heatran|72/100|[from] item: Leftovers
|upkeep
|turn|15
|
|t:|1758986345
|move|p1a: Dragapult|U-turn|p2a: Heatran
|-resisted|p2a: Heatran
|-damage|p2a: Heatran|67/100
|
|t:|1758986351
|switch|p1a: Moltres|Moltres|65/100|[from] U-turn
|move|p2a: Heatran|Earth Power|p1a: Moltres
|-immune|p1a: Moltres
|
|-heal|p2a: Heatran|73/100|[from] item: Leftovers
|upkeep
|turn|16
|
|t:|1758986356
|move|p1a: Moltres|U-turn|p2a: Heatran
|-resisted|p2a: Heatran
|-activate|p2a: Heatran|move: Substitute|[damage]
|
|t:|1758986361
|switch|p1a: Dragapult|Dragapult, M|100/100|[from] U-turn
|move|p2a: Heatran|Taunt|p1a: Dragapult
|-start|p1a: Dragapult|move: Taunt
|
|-heal|p2a: Heatran|79/100|[from] item: Leftovers
|upkeep
|turn|17
|
|t:|1758986365
|move|p1a: Dragapult|U-turn|p2a: Heatran
|-resisted|p2a: Heatran
|-damage|p2a: Heatran|75/100
|
|t:|1758986371
|switch|p1a: Moltres|Moltres|65/100|[from] U-turn
|move|p2a: Heatran|Magma Storm|p1a: Moltres
|-resisted|p1a: Moltres
|-damage|p1a: Moltres|43/100
|-activate|p1a: Moltres|move: Magma Storm|[of] p2a: Heatran
|
|-heal|p2a: Heatran|81/100|[from] item: Leftovers
|-damage|p1a: Moltres|30/100|[from] move: Magma Storm|[partiallytrapped]
|upkeep
|turn|18
|
|t:|1758986379
|move|p1a: Moltres|Roost|p1a: Moltres
|-heal|p1a: Moltres|80/100
|-singleturn|p1a: Moltres|move: Roost
|move|p2a: Heatran|Earth Power|p1a: Moltres
|-supereffective|p1a: Moltres
|-damage|p1a: Moltres|27/100
|
|-heal|p2a: Heatran|87/100|[from] item: Leftovers
|-damage|p1a: Moltres|15/100|[from] move: Magma Storm|[partiallytrapped]
|upkeep
|turn|19
|
|t:|1758986385
|move|p1a: Moltres|Roost|p1a: Moltres
|-heal|p1a: Moltres|65/100
|-singleturn|p1a: Moltres|move: Roost
|move|p2a: Heatran|Taunt|p1a: Moltres
|-start|p1a: Moltres|move: Taunt
|
|-heal|p2a: Heatran|93/100|[from] item: Leftovers
|-damage|p1a: Moltres|53/100|[from] move: Magma Storm|[partiallytrapped]
|upkeep
|turn|20
|
|t:|1758986389
|move|p1a: Moltres|U-turn|p2a: Heatran
|-resisted|p2a: Heatran
|-activate|p2a: Heatran|move: Substitute|[damage]
|
|t:|1758986394
|switch|p1a: Dragapult|Dragapult, M|100/100|[from] U-turn
|move|p2a: Heatran|Earth Power|p1a: Dragapult
|-damage|p1a: Dragapult|62/100
|-unboost|p1a: Dragapult|spd|1
|
|-heal|p2a: Heatran|99/100|[from] item: Leftovers
|upkeep
|turn|21
|
|t:|1758986400
|switch|p1a: Moltres|Moltres|53/100
|move|p2a: Heatran|Magma Storm|p1a: Moltres
|-resisted|p1a: Moltres
|-damage|p1a: Moltres|31/100
|-activate|p1a: Moltres|move: Magma Storm|[of] p2a: Heatran
|
|-heal|p2a: Heatran|100/100|[from] item: Leftovers
|-damage|p1a: Moltres|19/100|[from] move: Magma Storm|[partiallytrapped]
|upkeep
|turn|22
|
|t:|1758986406
|move|p2a: Heatran|Taunt|p1a: Moltres
|-start|p1a: Moltres|move: Taunt
|cant|p1a: Moltres|move: Taunt|Roar
|
|-damage|p1a: Moltres|6/100|[from] move: Magma Storm|[partiallytrapped]
|upkeep
|turn|23
|
|t:|1758986426
|move|p1a: Moltres|Flamethrower|p2a: Heatran
|-start|p2a: Heatran|ability: Flash Fire
|move|p2a: Heatran|Taunt||[still]
|-fail|p2a: Heatran
|
|-damage|p1a: Moltres|0 fnt|[from] move: Magma Storm|[partiallytrapped]
|faint|p1a: Moltres
|upkeep
|
|t:|1758986430
|switch|p1a: Ogerpon|Ogerpon-Wellspring, F|100/100
|-damage|p1a: Ogerpon|88/100|[from] Stealth Rock
|turn|24
|
|t:|1758986435
|move|p1a: Ogerpon|Ivy Cudgel|p2a: Heatran|[anim] Ivy Cudgel Water
|-supereffective|p2a: Heatran
|-end|p2a: Heatran|Substitute
|move|p2a: Heatran|Magma Storm|p1a: Ogerpon
|-crit|p1a: Ogerpon
|-damage|p1a: Ogerpon|0 fnt
|faint|p1a: Ogerpon
|
|upkeep
|
|t:|1758986441
|switch|p1a: Great Tusk|Great Tusk|98/100
|-damage|p1a: Great Tusk|95/100|[from] Stealth Rock
|turn|25
|
|t:|1758986451
|-end|p2a: Heatran|ability: Flash Fire|[silent]
|switch|p2a: Tornadus|Tornadus-Therian, M|100/100
|move|p1a: Great Tusk|Headlong Rush|p2a: Tornadus
|-immune|p2a: Tornadus
|
|upkeep
|turn|26
|
|t:|1758986455
|-end|p1a: Great Tusk|Protosynthesis|[silent]
|switch|p1a: Slowking|Slowking-Galar, M|100/100
|-damage|p1a: Slowking|88/100|[from] Stealth Rock
|move|p2a: Tornadus|Bleakwind Storm|p1a: Slowking
|-damage|p1a: Slowking|68/100
|
|upkeep
|turn|27
|
|t:|1758986461
|switch|p1a: Great Tusk|Great Tusk|95/100
|-damage|p1a: Great Tusk|92/100|[from] Stealth Rock
|move|p2a: Tornadus|U-turn|p1a: Great Tusk
|-resisted|p1a: Great Tusk
|-damage|p1a: Great Tusk|86/100
|-damage|p2a: Tornadus|84/100|[from] item: Rocky Helmet|[of] p1a: Great Tusk
|
|t:|1758986464
|switch|p2a: Ogerpon|Ogerpon-Wellspring, F|100/100|[from] U-turn
|
|upkeep
|turn|28
|
|t:|1758986469
|-end|p1a: Great Tusk|Protosynthesis|[silent]
|switch|p1a: Dragapult|Dragapult, M|62/100
|move|p2a: Ogerpon|Ivy Cudgel|p1a: Dragapult|[anim] Ivy Cudgel Water
|-resisted|p1a: Dragapult
|-damage|p1a: Dragapult|18/100
|
|upkeep
|turn|29
|
|t:|1758986473
|switch|p2a: Heatran|Heatran, F|100/100
|move|p1a: Dragapult|U-turn|p2a: Heatran
|-resisted|p2a: Heatran
|-damage|p2a: Heatran|96/100
|
|t:|1758986479
|switch|p1a: Great Tusk|Great Tusk|86/100|[from] U-turn
|-damage|p1a: Great Tusk|83/100|[from] Stealth Rock
|
|-heal|p2a: Heatran|100/100|[from] item: Leftovers
|upkeep
|turn|30
|
|t:|1758986492
|-end|p1a: Great Tusk|Protosynthesis|[silent]
|switch|p1a: Dragapult|Dragapult, M|18/100
|switch|p2a: Pecharunt|Pecharunt|100/100
|
|upkeep
|turn|31
|
|t:|1758986496
|move|p1a: Dragapult|U-turn|p2a: Pecharunt
|-resisted|p2a: Pecharunt
|-damage|p2a: Pecharunt|98/100
|
|t:|1758986501
|switch|p1a: Slowking|Slowking-Galar, M|100/100|[from] U-turn
|-damage|p1a: Slowking|88/100|[from] Stealth Rock
|move|p2a: Pecharunt|Parting Shot|p1a: Slowking
|-unboost|p1a: Slowking|atk|1
|-unboost|p1a: Slowking|spa|1
|
|t:|1758986505
|switch|p2a: Heatran|Heatran, F|100/100|[from] Parting Shot
|
|upkeep
|turn|32
|c| Bloodhound Q50|Pult that only knows U-turn
|
|t:|1758986510
|switch|p1a: Dragapult|Dragapult, M|18/100
|move|p2a: Heatran|Substitute|p2a: Heatran
|-start|p2a: Heatran|Substitute
|-damage|p2a: Heatran|76/100
|
|-heal|p2a: Heatran|82/100|[from] item: Leftovers
|upkeep
|turn|33
|
|t:|1758986514
|move|p1a: Dragapult|U-turn|p2a: Heatran
|-resisted|p2a: Heatran
|-damage|p2a: Heatran|77/100
|
|t:|1758986520
|switch|p1a: Great Tusk|Great Tusk|83/100|[from] U-turn
|-damage|p1a: Great Tusk|80/100|[from] Stealth Rock
|move|p2a: Heatran|Earth Power|p1a: Great Tusk
|-damage|p1a: Great Tusk|39/100
|
|-heal|p2a: Heatran|83/100|[from] item: Leftovers
|upkeep
|turn|34
|
|t:|1758986526
|move|p1a: Great Tusk|Stealth Rock|p2a: Heatran
|-sidestart|p2: LT124 SPEEDRUNNING|move: Stealth Rock
|move|p2a: Heatran|Earth Power|p1a: Great Tusk
|-damage|p1a: Great Tusk|0 fnt
|faint|p1a: Great Tusk
|-end|p1a: Great Tusk|Protosynthesis|[silent]
|
|-heal|p2a: Heatran|89/100|[from] item: Leftovers
|upkeep
|
|t:|1758986532
|switch|p1a: Slowking|Slowking-Galar, M|100/100
|-damage|p1a: Slowking|88/100|[from] Stealth Rock
|turn|35
|
|t:|1758986542
|switch|p1a: Dragapult|Dragapult, M|18/100
|move|p2a: Heatran|Magma Storm|p1a: Dragapult
|-resisted|p1a: Dragapult
|-damage|p1a: Dragapult|0 fnt
|faint|p1a: Dragapult
|
|-heal|p2a: Heatran|95/100|[from] item: Leftovers
|upkeep
|
|t:|1758986548
|switch|p1a: Slowking|Slowking-Galar, M|100/100
|-damage|p1a: Slowking|88/100|[from] Stealth Rock
|turn|36
|
|t:|1758986553
|move|p2a: Heatran|Magma Storm|p1a: Slowking
|-damage|p1a: Slowking|65/100
|-activate|p1a: Slowking|move: Magma Storm|[of] p2a: Heatran
|move|p1a: Slowking|Psyshock|p2a: Heatran
|-resisted|p2a: Heatran
|-activate|p2a: Heatran|move: Substitute|[damage]
|
|-heal|p2a: Heatran|100/100|[from] item: Leftovers
|-damage|p1a: Slowking|52/100|[from] move: Magma Storm|[partiallytrapped]
|upkeep
|turn|37
|
|t:|1758986558
|move|p2a: Heatran|Earth Power|p1a: Slowking
|-supereffective|p1a: Slowking
|-damage|p1a: Slowking|26/100
|-unboost|p1a: Slowking|spd|1
|move|p1a: Slowking|Ice Beam|p2a: Heatran
|-resisted|p2a: Heatran
|-activate|p2a: Heatran|move: Substitute|[damage]
|
|-damage|p1a: Slowking|14/100|[from] move: Magma Storm|[partiallytrapped]
|upkeep
|turn|38
|
|t:|1758986565
|move|p2a: Heatran|Earth Power|p1a: Slowking
|-supereffective|p1a: Slowking
|-damage|p1a: Slowking|0 fnt
|faint|p1a: Slowking
|
|win|LT124 SPEEDRUNNING
|raw|lerendezvous's rating: 1739 &rarr; <strong>1724</strong><br />(-15 for losing)
|raw|LT124 SPEEDRUNNING's rating: 1824 &rarr; <strong>1839</strong><br />(+15 for winning)
