|j|☆elementpigeon
|j|☆triplemence
|t:|1759070099
|gametype|singles
|player|p1|elementpigeon|lady|1473
|player|p2|triplemence|265|1517
|gen|9
|tier|[Gen 9] OU
|rated|
|rule|HP Percentage Mod: HP is shown in percentages
|rule|Endless Battle Clause: Forcing endless battles is banned
|rule|Species Clause: Limit one of each Pokémon
|rule|OHKO Clause: OHKO moves are banned
|rule|Evasion Items Clause: Evasion items are banned
|rule|Evasion Moves Clause: Evasion moves are banned
|rule|Evasion Abilities Clause: Evasion abilities are banned
|rule|Sleep Moves Clause: Sleep-inducing moves are banned
|clearpoke
|poke|p1|Dragonite, M|
|poke|p1|Gholdengo|
|poke|p1|Slowking-Galar, F|
|poke|p1|Kyurem|
|poke|p1|Great Tusk|
|poke|p1|Dragapult, M|
|poke|p2|Mienshao, M|
|poke|p2|Hydrapple, M|
|poke|p2|Corviknight, F|
|poke|p2|Alomomola, F|
|poke|p2|Skeledirge, M|
|poke|p2|Iron Treads|
|teampreview
|inactive|Battle timer is ON: inactive players will automatically lose when time's up. (requested by elementpigeon)
|inactive|triplemence has 120 seconds left.
|
|t:|1759070138
|teamsize|p1|6
|teamsize|p2|6
|start
|switch|p1a: Great Tusk|Great Tusk|100/100
|switch|p2a: Iron Treads|Iron Treads|100/100
|-enditem|p2a: Iron Treads|Booster Energy
|-activate|p2a: Iron Treads|ability: Quark Drive|[fromitem]
|-start|p2a: Iron Treads|quarkdrivespe
|-enditem|p1a: Great Tusk|Booster Energy
|-activate|p1a: Great Tusk|ability: Protosynthesis|[fromitem]
|-start|p1a: Great Tusk|protosynthesisspe
|turn|1
|
|t:|1759070142
|move|p2a: Iron Treads|Earth Power|p1a: Great Tusk
|-damage|p1a: Great Tusk|59/100
|move|p1a: Great Tusk|Headlong Rush|p2a: Iron Treads
|-supereffective|p2a: Iron Treads
|-damage|p2a: Iron Treads|3/100
|-unboost|p1a: Great Tusk|def|1
|-unboost|p1a: Great Tusk|spd|1
|
|upkeep
|turn|2
|
|t:|1759070150
|-end|p1a: Great Tusk|Protosynthesis|[silent]
|switch|p1a: Slowking|Slowking-Galar, F|100/100
|move|p2a: Iron Treads|Steel Beam|p1a: Slowking
|-damage|p1a: Slowking|80/100
|-damage|p2a: Iron Treads|0 fnt|[from] steelbeam
|faint|p2a: Iron Treads
|-end|p2a: Iron Treads|Quark Drive|[silent]
|
|upkeep
|
|t:|1759070155
|switch|p2a: Mienshao|Mienshao, M|100/100
|turn|3
|
|t:|1759070157
|switch|p1a: Gholdengo|Gholdengo|100/100
|-item|p1a: Gholdengo|Air Balloon
|move|p2a: Mienshao|Knock Off|p1a: Gholdengo
|-supereffective|p1a: Gholdengo
|-damage|p1a: Gholdengo|38/100
|-enditem|p1a: Gholdengo|Air Balloon
|-damage|p2a: Mienshao|91/100|[from] item: Life Orb
|
|upkeep
|turn|4
|
|t:|1759070163
|move|p2a: Mienshao|Knock Off|p1a: Gholdengo
|-supereffective|p1a: Gholdengo
|-damage|p1a: Gholdengo|0 fnt
|faint|p1a: Gholdengo
|-damage|p2a: Mienshao|81/100|[from] item: Life Orb
|
|upkeep
|
|t:|1759070168
|switch|p1a: Dragapult|Dragapult, M|100/100
|turn|5
|
|t:|1759070177
|move|p1a: Dragapult|Draco Meteor|p2a: Mienshao
|-damage|p2a: Mienshao|0 fnt
|-unboost|p1a: Dragapult|spa|2
|faint|p2a: Mienshao
|
|upkeep
|
|t:|1759070181
|switch|p2a: Alomomola|Alomomola, F|100/100
|turn|6
|
|t:|1759070185
|switch|p1a: Slowking|Slowking-Galar, F|100/100
|move|p2a: Alomomola|Flip Turn|p1a: Slowking
|-damage|p1a: Slowking|83/100
|
|t:|1759070194
|switch|p2a: Skeledirge|Skeledirge, M|100/100|[from] Flip Turn
|
|upkeep
|turn|7
|
|t:|1759070215
|move|p2a: Skeledirge|Will-O-Wisp|p1a: Slowking|[miss]
|-miss|p2a: Skeledirge|p1a: Slowking
|move|p1a: Slowking|Sludge Bomb|p2a: Skeledirge
|-resisted|p2a: Skeledirge
|-crit|p2a: Skeledirge
|-damage|p2a: Skeledirge|72/100
|
|upkeep
|turn|8
|
|t:|1759070221
|move|p2a: Skeledirge|Will-O-Wisp|p1a: Slowking
|-status|p1a: Slowking|brn
|move|p1a: Slowking|Sludge Bomb|p2a: Skeledirge
|-resisted|p2a: Skeledirge
|-damage|p2a: Skeledirge|55/100
|
|-damage|p1a: Slowking|77/100 brn|[from] brn
|upkeep
|turn|9
|
|t:|1759070225
|move|p2a: Skeledirge|Slack Off|p2a: Skeledirge
|-heal|p2a: Skeledirge|100/100
|move|p1a: Slowking|Sludge Bomb|p2a: Skeledirge
|-resisted|p2a: Skeledirge
|-damage|p2a: Skeledirge|82/100
|
|-damage|p1a: Slowking|71/100 brn|[from] brn
|upkeep
|turn|10
|
|t:|1759070229
|move|p2a: Skeledirge|Hex|p1a: Slowking
|-supereffective|p1a: Slowking
|-damage|p1a: Slowking|31/100 brn
|move|p1a: Slowking|Sludge Bomb|p2a: Skeledirge
|-resisted|p2a: Skeledirge
|-damage|p2a: Skeledirge|66/100
|
|-damage|p1a: Slowking|25/100 brn|[from] brn
|upkeep
|turn|11
|
|t:|1759070237
|switch|p1a: Great Tusk|Great Tusk|59/100
|move|p2a: Skeledirge|Hex|p1a: Great Tusk
|-crit|p1a: Great Tusk
|-damage|p1a: Great Tusk|15/100
|
|upkeep
|turn|12
|
|t:|1759070241
|switch|p2a: Corviknight|Corviknight, F|100/100
|-ability|p2a: Corviknight|Pressure
|move|p1a: Great Tusk|Stealth Rock|p2a: Corviknight
|-sidestart|p2: triplemence|move: Stealth Rock
|
|upkeep
|turn|13
|
|t:|1759070247
|-end|p1a: Great Tusk|Protosynthesis|[silent]
|switch|p1a: Dragonite|Dragonite, M|100/100
|move|p2a: Corviknight|Defog|p1a: Dragonite
|-unboost|p1a: Dragonite|evasion|1
|-sideend|p2: triplemence|Stealth Rock|[from] move: Defog|[of] p2a: Corviknight
|
|upkeep
|turn|14
|
|t:|1759070252
|move|p1a: Dragonite|Dragon Dance|p1a: Dragonite
|-boost|p1a: Dragonite|atk|1
|-boost|p1a: Dragonite|spe|1
|move|p2a: Corviknight|U-turn|p1a: Dragonite
|-resisted|p1a: Dragonite
|-damage|p1a: Dragonite|97/100
|
|t:|1759070255
|switch|p2a: Skeledirge|Skeledirge, M|66/100|[from] U-turn
|
|upkeep
|turn|15
|
|t:|1759070262
|switch|p1a: Slowking|Slowking-Galar, F|58/100 brn
|-terastallize|p2a: Skeledirge|Fairy
|move|p2a: Skeledirge|Will-O-Wisp|p1a: Slowking|[miss]
|-miss|p2a: Skeledirge|p1a: Slowking
|
|-damage|p1a: Slowking|52/100 brn|[from] brn
|upkeep
|turn|16
|
|t:|1759070271
|move|p2a: Skeledirge|Torch Song|p1a: Slowking
|-damage|p1a: Slowking|40/100 brn
|-boost|p2a: Skeledirge|spa|1
|move|p1a: Slowking|Psychic Noise|p2a: Skeledirge
|-damage|p2a: Skeledirge|37/100
|-start|p2a: Skeledirge|move: Heal Block
|
|-damage|p1a: Slowking|34/100 brn|[from] brn
|upkeep
|turn|17
|
|t:|1759070276
|-terastallize|p1a: Slowking|Water
|move|p2a: Skeledirge|Hex|p1a: Slowking
|-damage|p1a: Slowking|8/100 brn
|move|p1a: Slowking|Sludge Bomb|p2a: Skeledirge
|-supereffective|p2a: Skeledirge
|-damage|p2a: Skeledirge|0 fnt
|faint|p2a: Skeledirge
|
|-damage|p1a: Slowking|2/100 brn|[from] brn
|upkeep
|
|t:|1759070284
|switch|p2a: Corviknight|Corviknight, F|100/100
|-ability|p2a: Corviknight|Pressure
|turn|18
|
|t:|1759070289
|switch|p1a: Great Tusk|Great Tusk|15/100
|move|p2a: Corviknight|U-turn|p1a: Great Tusk
|-resisted|p1a: Great Tusk
|-damage|p1a: Great Tusk|10/100
|
|t:|1759070293
|switch|p2a: Alomomola|Alomomola, F|100/100|[from] U-turn
|
|upkeep
|turn|19
|
|t:|1759070296
|move|p1a: Great Tusk|Stealth Rock|p2a: Alomomola
|-sidestart|p2: triplemence|move: Stealth Rock
|move|p2a: Alomomola|Flip Turn|p1a: Great Tusk
|-supereffective|p1a: Great Tusk
|-damage|p1a: Great Tusk|0 fnt
|faint|p1a: Great Tusk
|-end|p1a: Great Tusk|Protosynthesis|[silent]
|
|t:|1759070304
|switch|p2a: Corviknight|Corviknight, F|100/100|[from] Flip Turn
|-damage|p2a: Corviknight|88/100|[from] Stealth Rock
|-ability|p2a: Corviknight|Pressure
|
|upkeep
|
|t:|1759070308
|switch|p1a: Dragapult|Dragapult, M|100/100
|turn|20
|
|t:|1759070321
|move|p1a: Dragapult|Shadow Ball|p2a: Corviknight
|-damage|p2a: Corviknight|37/100
|move|p2a: Corviknight|Defog|p1a: Dragapult
|-fail|p1a: Dragapult|unboost|[from] ability: Clear Body|[of] p1a: Dragapult
|-sideend|p2: triplemence|Stealth Rock|[from] move: Defog|[of] p2a: Corviknight
|
|upkeep
|turn|21
|
|t:|1759070325
|switch|p2a: Alomomola|Alomomola, F|100/100
|move|p1a: Dragapult|Shadow Ball|p2a: Alomomola
|-damage|p2a: Alomomola|71/100
|-unboost|p2a: Alomomola|spd|1
|
|upkeep
|turn|22
|
|t:|1759070330
|move|p1a: Dragapult|Shadow Ball|p2a: Alomomola
|-damage|p2a: Alomomola|28/100
|move|p2a: Alomomola|Mirror Coat|p1a: Dragapult
|-damage|p1a: Dragapult|0 fnt
|faint|p1a: Dragapult
|
|upkeep
|
|t:|1759070332
|switch|p1a: Kyurem|Kyurem|100/100
|-ability|p1a: Kyurem|Pressure
|turn|23
|
|t:|1759070336
|switch|p2a: Corviknight|Corviknight, F|37/100
|-ability|p2a: Corviknight|Pressure
|move|p1a: Kyurem|Freeze-Dry|p2a: Corviknight
|-damage|p2a: Corviknight|5/100
|
|upkeep
|turn|24
|
|t:|1759070341
|move|p1a: Kyurem|Freeze-Dry|p2a: Corviknight
|-damage|p2a: Corviknight|0 fnt
|faint|p2a: Corviknight
|
|upkeep
|
|t:|1759070343
|switch|p2a: Alomomola|Alomomola, F|61/100
|turn|25
|
|t:|1759070352
|switch|p1a: Slowking|Slowking-Galar, F, tera:Water|35/100 brn
|move|p2a: Alomomola|Mirror Coat||[still]
|-fail|p2a: Alomomola
|
|-damage|p1a: Slowking|29/100 brn|[from] brn
|upkeep
|turn|26
|
|t:|1759070370
|move|p2a: Alomomola|Body Slam|p1a: Slowking
|-damage|p1a: Slowking|12/100 brn
|move|p1a: Slowking|Sludge Bomb|p2a: Alomomola
|-crit|p2a: Alomomola
|-damage|p2a: Alomomola|36/100
|-status|p2a: Alomomola|psn
|
|-damage|p2a: Alomomola|23/100 psn|[from] psn
|-damage|p1a: Slowking|6/100 brn|[from] brn
|upkeep
|turn|27
|
|t:|1759070379
|move|p2a: Alomomola|Body Slam|p1a: Slowking
|-damage|p1a: Slowking|0 fnt
|faint|p1a: Slowking
|
|-damage|p2a: Alomomola|11/100 psn|[from] psn
|upkeep
|
|t:|1759070380
|switch|p1a: Kyurem|Kyurem|100/100
|-ability|p1a: Kyurem|Pressure
|turn|28
|
|t:|1759070387
|move|p1a: Kyurem|Freeze-Dry|p2a: Alomomola
|-supereffective|p2a: Alomomola
|-damage|p2a: Alomomola|0 fnt
|faint|p2a: Alomomola
|
|upkeep
|
|t:|1759070388
|switch|p2a: Hydrapple|Hydrapple, M|100/100
|turn|29
|
|t:|1759070390
|move|p1a: Kyurem|Icicle Spear|p2a: Hydrapple
|-supereffective|p2a: Hydrapple
|-damage|p2a: Hydrapple|57/100
|-supereffective|p2a: Hydrapple
|-damage|p2a: Hydrapple|20/100
|-supereffective|p2a: Hydrapple
|-damage|p2a: Hydrapple|0 fnt
|faint|p2a: Hydrapple
|-hitcount|p2: Hydrapple|3
|
|win|elementpigeon
|raw|elementpigeon's rating: 1473 &rarr; <strong>1494</strong><br />(+21 for winning)
|raw|triplemence's rating: 1499 &rarr; <strong>1478</strong><br />(-21 for losing)
