|j|☆BabyGronkel
|j|☆JumboDorito
|t:|1759031469
|gametype|singles
|player|p1|BabyGronkel|juan|
|player|p2|JumboDorito|170|
|gen|9
|tier|[Gen 9] OU
|rule|HP Percentage Mod: HP is shown in percentages
|rule|Endless Battle Clause: Forcing endless battles is banned
|rule|Species Clause: Limit one of each Pokémon
|rule|OHKO Clause: OHKO moves are banned
|rule|Evasion Items Clause: Evasion items are banned
|rule|Evasion Moves Clause: Evasion moves are banned
|rule|Evasion Abilities Clause: Evasion abilities are banned
|rule|Sleep Moves Clause: Sleep-inducing moves are banned
|clearpoke
|poke|p1|Walking Wake|
|poke|p1|Iron Treads|
|poke|p1|Toedscool, M|
|poke|p1|Furret, M|
|poke|p1|Scrafty, F|
|poke|p1|Regigigas|
|poke|p2|Komala, F|
|poke|p2|Mabosstiff, F|
|poke|p2|Squawkabilly, F|
|poke|p2|Revavroom, F|
|poke|p2|Sunflora, F|
|poke|p2|Ogerpon, F|
|teampreview
|
|t:|1759031519
|teamsize|p1|6
|teamsize|p2|6
|start
|switch|p1a: Toedscool|Toedscool, M|100/100
|switch|p2a: Ford Focus|Revavroom, F|100/100
|turn|1
|
|t:|1759032368
|switch|p1a: Iron Treads|Iron Treads|100/100
|move|p2a: Ford Focus|Shift Gear|p2a: Ford Focus
|-boost|p2a: Ford Focus|spe|2
|-boost|p2a: Ford Focus|atk|1
|
|upkeep
|turn|2
|
|t:|1759032390
|-terastallize|p2a: Ford Focus|Flying
|-terastallize|p1a: Iron Treads|Flying
|move|p2a: Ford Focus|Shift Gear|p2a: Ford Focus
|-boost|p2a: Ford Focus|spe|2
|-boost|p2a: Ford Focus|atk|1
|move|p1a: Iron Treads|Iron Head|p2a: Ford Focus
|-damage|p2a: Ford Focus|52/100
|
|upkeep
|turn|3
|
|t:|1759032401
|move|p2a: Ford Focus|Iron Head|p1a: Iron Treads
|-damage|p1a: Iron Treads|0 fnt
|faint|p1a: Iron Treads
|-end|p1a: Iron Treads|Quark Drive|[silent]
|-damage|p2a: Ford Focus|42/100|[from] item: Life Orb
|
|upkeep
|
|t:|1759032411
|switch|p1a: Regigigas|Regigigas|100/100
|-start|p1a: Regigigas|ability: Slow Start
|turn|4
|
|t:|1759032415
|move|p2a: Ford Focus|Iron Head|p1a: Regigigas
|-damage|p1a: Regigigas|14/100
|-damage|p2a: Ford Focus|32/100|[from] item: Life Orb
|cant|p1a: Regigigas|flinch
|
|upkeep
|turn|5
|
|t:|1759032428
|move|p2a: Ford Focus|Poison Jab|p1a: Regigigas
|-damage|p1a: Regigigas|0 fnt
|faint|p1a: Regigigas
|-damage|p2a: Ford Focus|22/100|[from] item: Life Orb
|
|upkeep
|
|t:|1759032432
|switch|p1a: Furret|Furret, M|100/100
|turn|6
|
|t:|1759032437
|move|p2a: Ford Focus|Iron Head|p1a: Furret
|-damage|p1a: Furret|0 fnt
|faint|p1a: Furret
|-damage|p2a: Ford Focus|12/100|[from] item: Life Orb
|
|upkeep
|
|t:|1759032441
|switch|p1a: Walking Wake|Walking Wake|100/100
|-enditem|p1a: Walking Wake|Booster Energy
|-activate|p1a: Walking Wake|ability: Protosynthesis|[fromitem]
|-start|p1a: Walking Wake|protosynthesisspa
|turn|7
|
|t:|1759032447
|-end|p1a: Walking Wake|Protosynthesis|[silent]
|switch|p1a: Toedscool|Toedscool, M|100/100
|move|p2a: Ford Focus|Poison Jab|p1a: Toedscool
|-damage|p1a: Toedscool|0 fnt
|faint|p1a: Toedscool
|-damage|p2a: Ford Focus|2/100|[from] item: Life Orb
|
|upkeep
|
|t:|1759032463
|switch|p1a: Walking Wake|Walking Wake|100/100
|turn|8
|
|t:|1759032465
|move|p2a: Ford Focus|Poison Jab|p1a: Walking Wake
|-damage|p1a: Walking Wake|0 fnt
|faint|p1a: Walking Wake
|-end|p1a: Walking Wake|Protosynthesis|[silent]
|-damage|p2a: Ford Focus|0 fnt|[from] item: Life Orb
|faint|p2a: Ford Focus
|
|upkeep
|
|t:|1759032471
|switch|p1a: Scrafty|Scrafty, F|100/100
|switch|p2a: Pirates On A Boat|Squawkabilly, F|100/100
|turn|9
|
|t:|1759032478
|move|p2a: Pirates On A Boat|Brave Bird|p1a: Scrafty
|-supereffective|p1a: Scrafty
|-damage|p1a: Scrafty|0 fnt
|faint|p1a: Scrafty
|-damage|p2a: Pirates On A Boat|71/100|[from] Recoil
|
|win|JumboDorito
|l|☆BabyGronkel
|player|p1|
|l|☆JumboDorito
|player|p2|
