|j|☆Phanthom_Ex4
|j|☆Dr. Sparce
|t:|1758983751
|gametype|singles
|player|p1|Phanthom_Ex4|burglar|1420
|player|p2|Dr. Sparce|101|1465
|gen|9
|tier|[Gen 9] OU
|rated|
|rule|HP Percentage Mod: HP is shown in percentages
|rule|Endless Battle Clause: Forcing endless battles is banned
|rule|Species Clause: Limit one of each Pokémon
|rule|OHKO Clause: OHKO moves are banned
|rule|Evasion Items Clause: Evasion items are banned
|rule|Evasion Moves Clause: Evasion moves are banned
|rule|Evasion Abilities Clause: Evasion abilities are banned
|rule|Sleep Moves Clause: Sleep-inducing moves are banned
|clearpoke
|poke|p1|Pelipper, M|
|poke|p1|Grafaiai, M|
|poke|p1|Primarina, F|
|poke|p1|Forretress, M|
|poke|p1|Ogerpon-Wellspring, F|
|poke|p1|Basculegion-F, F|
|poke|p2|Gholdengo|
|poke|p2|Zamazenta-*|
|poke|p2|Ting-Lu|
|poke|p2|Clefable, F|
|poke|p2|Dragonite, M|
|poke|p2|Deoxys-Speed|
|teampreview
|inactive|Battle timer is ON: inactive players will automatically lose when time's up. (requested by Phanthom_Ex4)
|
|t:|1758983766
|teamsize|p1|6
|teamsize|p2|6
|start
|switch|p1a: Pelipper|Pelipper, M|100/100
|switch|p2a: Deoxys|Deoxys-Speed|100/100
|-ability|p2a: Deoxys|Pressure
|-weather|RainDance|[from] ability: Drizzle|[of] p1a: Pelipper
|turn|1
|
|t:|1758983781
|switch|p1a: Primarina|Primarina, F|100/100
|move|p2a: Deoxys|Thunderbolt|p1a: Primarina
|-supereffective|p1a: Primarina
|-damage|p1a: Primarina|77/100
|
|-weather|RainDance|[upkeep]
|upkeep
|turn|2
|
|t:|1758983797
|move|p2a: Deoxys|Thunderbolt|p1a: Primarina
|-supereffective|p1a: Primarina
|-damage|p1a: Primarina|54/100
|move|p1a: Primarina|Flip Turn|p2a: Deoxys
|-damage|p2a: Deoxys|69/100
|
|t:|1758983804
|switch|p1a: Basculegion|Basculegion-F, F|100/100|[from] Flip Turn
|
|-weather|RainDance|[upkeep]
|upkeep
|turn|3
|
|t:|1758983811
|switch|p2a: Dragonite|Dragonite, M|100/100
|move|p1a: Basculegion|Surf|p2a: Dragonite
|-resisted|p2a: Dragonite
|-damage|p2a: Dragonite|77/100
|
|-weather|RainDance|[upkeep]
|upkeep
|turn|4
|
|t:|1758983817
|move|p1a: Basculegion|Surf|p2a: Dragonite
|-resisted|p2a: Dragonite
|-damage|p2a: Dragonite|35/100
|move|p2a: Dragonite|Dragon Tail|p1a: Basculegion
|-damage|p1a: Basculegion|54/100
|drag|p1a: Primarina|Primarina, F|54/100
|
|-weather|RainDance|[upkeep]
|upkeep
|turn|5
|
|t:|1758983827
|switch|p2a: Ting-Lu|Ting-Lu|100/100
|-ability|p2a: Ting-Lu|Vessel of Ruin
|move|p1a: Primarina|Draining Kiss|p2a: Ting-Lu
|-supereffective|p2a: Ting-Lu
|-damage|p2a: Ting-Lu|83/100
|-heal|p1a: Primarina|73/100|[from] drain|[of] p2a: Ting-Lu
|
|-weather|RainDance|[upkeep]
|-heal|p2a: Ting-Lu|89/100|[from] item: Leftovers
|upkeep
|turn|6
|
|t:|1758983833
|move|p1a: Primarina|Psychic Noise|p2a: Ting-Lu
|-supereffective|p2a: Ting-Lu
|-damage|p2a: Ting-Lu|46/100
|-start|p2a: Ting-Lu|move: Heal Block
|move|p2a: Ting-Lu|Spikes|p1a: Primarina
|-sidestart|p1: Phanthom_Ex4|Spikes
|
|-weather|RainDance|[upkeep]
|upkeep
|turn|7
|
|t:|1758983845
|move|p1a: Primarina|Flip Turn|p2a: Ting-Lu
|-supereffective|p2a: Ting-Lu
|-damage|p2a: Ting-Lu|22/100
|
|t:|1758983855
|switch|p1a: Forretress|Forretress, M|100/100|[from] Flip Turn
|move|p2a: Ting-Lu|Ruination|p1a: Forretress
|-damage|p1a: Forretress|50/100
|
|-weather|RainDance|[upkeep]
|-end|p2a: Ting-Lu|move: Heal Block
|upkeep
|turn|8
|
|t:|1758983865
|switch|p2a: Gholdengo|Gholdengo|100/100
|move|p1a: Forretress|Stealth Rock|p2a: Gholdengo
|-sidestart|p2: Dr. Sparce|move: Stealth Rock
|
|-weather|none
|upkeep
|turn|9
|
|t:|1758983872
|switch|p1a: Grafaiai|Grafaiai, M|100/100
|-damage|p1a: Grafaiai|88/100|[from] Spikes
|move|p2a: Gholdengo|Shadow Ball|p1a: Grafaiai
|-immune|p1a: Grafaiai
|
|upkeep
|turn|10
|
|t:|1758983887
|switch|p2a: Clefable|Clefable, F|100/100
|move|p1a: Grafaiai|Knock Off|p2a: Clefable
|-resisted|p2a: Clefable
|-damage|p2a: Clefable|92/100
|-damage|p1a: Grafaiai|71/100|[from] item: Rocky Helmet|[of] p2a: Clefable
|-enditem|p2a: Clefable|Rocky Helmet|[from] move: Knock Off|[of] p1a: Grafaiai
|
|upkeep
|turn|11
|
|t:|1758983905
|move|p1a: Grafaiai|Rain Dance|p1a: Grafaiai
|-weather|RainDance
|move|p2a: Clefable|Stealth Rock|p1a: Grafaiai
|-sidestart|p1: Phanthom_Ex4|move: Stealth Rock
|
|-weather|RainDance|[upkeep]
|upkeep
|turn|12
|
|t:|1758983914
|switch|p2a: Gholdengo|Gholdengo|100/100
|move|p1a: Grafaiai|Encore|p2a: Gholdengo
|-immune|p2a: Gholdengo|[from] ability: Good as Gold
|
|-weather|RainDance|[upkeep]
|upkeep
|turn|13
|
|t:|1758983924
|move|p1a: Grafaiai|Knock Off|p2a: Gholdengo
|-supereffective|p2a: Gholdengo
|-damage|p2a: Gholdengo|67/100
|-enditem|p2a: Gholdengo|Heavy-Duty Boots|[from] move: Knock Off|[of] p1a: Grafaiai
|move|p2a: Gholdengo|Make It Rain|p1a: Grafaiai
|-damage|p1a: Grafaiai|3/100
|-unboost|p2a: Gholdengo|spa|1
|
|-weather|RainDance|[upkeep]
|upkeep
|turn|14
|
|t:|1758983933
|move|p1a: Grafaiai|Knock Off|p2a: Gholdengo
|-supereffective|p2a: Gholdengo
|-damage|p2a: Gholdengo|47/100
|move|p2a: Gholdengo|Nasty Plot|p2a: Gholdengo
|-boost|p2a: Gholdengo|spa|2
|
|-weather|RainDance|[upkeep]
|upkeep
|turn|15
|
|t:|1758983936
|move|p1a: Grafaiai|Knock Off|p2a: Gholdengo
|-supereffective|p2a: Gholdengo
|-damage|p2a: Gholdengo|26/100
|move|p2a: Gholdengo|Recover|p2a: Gholdengo
|-heal|p2a: Gholdengo|76/100
|
|-weather|RainDance|[upkeep]
|upkeep
|turn|16
|
|t:|1758983938
|move|p1a: Grafaiai|Knock Off|p2a: Gholdengo
|-supereffective|p2a: Gholdengo
|-crit|p2a: Gholdengo
|-damage|p2a: Gholdengo|47/100
|move|p2a: Gholdengo|Nasty Plot|p2a: Gholdengo
|-boost|p2a: Gholdengo|spa|2
|
|-weather|RainDance|[upkeep]
|upkeep
|turn|17
|
|t:|1758983941
|move|p1a: Grafaiai|Knock Off|p2a: Gholdengo
|-supereffective|p2a: Gholdengo
|-damage|p2a: Gholdengo|25/100
|move|p2a: Gholdengo|Recover|p2a: Gholdengo
|-heal|p2a: Gholdengo|76/100
|
|-weather|RainDance|[upkeep]
|upkeep
|turn|18
|
|t:|1758983944
|move|p1a: Grafaiai|Knock Off|p2a: Gholdengo
|-supereffective|p2a: Gholdengo
|-damage|p2a: Gholdengo|55/100
|move|p2a: Gholdengo|Recover|p2a: Gholdengo
|-heal|p2a: Gholdengo|100/100
|
|-weather|none
|upkeep
|turn|19
|
|t:|1758983948
|move|p1a: Grafaiai|Rain Dance|p1a: Grafaiai
|-weather|RainDance
|move|p2a: Gholdengo|Nasty Plot|p2a: Gholdengo
|-boost|p2a: Gholdengo|spa|2
|
|-weather|RainDance|[upkeep]
|upkeep
|turn|20
|
|t:|1758983952
|move|p1a: Grafaiai|Knock Off|p2a: Gholdengo
|-supereffective|p2a: Gholdengo
|-damage|p2a: Gholdengo|79/100
|move|p2a: Gholdengo|Nasty Plot|p2a: Gholdengo
|-boost|p2a: Gholdengo|spa|1
|
|-weather|RainDance|[upkeep]
|upkeep
|turn|21
|
|t:|1758983957
|move|p1a: Grafaiai|Knock Off|p2a: Gholdengo
|-supereffective|p2a: Gholdengo
|-damage|p2a: Gholdengo|59/100
|move|p2a: Gholdengo|Nasty Plot|p2a: Gholdengo
|-boost|p2a: Gholdengo|spa|0
|
|-weather|RainDance|[upkeep]
|upkeep
|turn|22
|
|t:|1758983960
|move|p1a: Grafaiai|Knock Off|p2a: Gholdengo
|-supereffective|p2a: Gholdengo
|-damage|p2a: Gholdengo|40/100
|move|p2a: Gholdengo|Recover|p2a: Gholdengo
|-heal|p2a: Gholdengo|90/100
|
|-weather|RainDance|[upkeep]
|upkeep
|turn|23
|
|t:|1758983965
|move|p1a: Grafaiai|Knock Off|p2a: Gholdengo
|-supereffective|p2a: Gholdengo
|-damage|p2a: Gholdengo|70/100
|move|p2a: Gholdengo|Recover|p2a: Gholdengo
|-heal|p2a: Gholdengo|100/100
|
|-weather|RainDance|[upkeep]
|upkeep
|turn|24
|
|t:|1758983970
|move|p1a: Grafaiai|Knock Off|p2a: Gholdengo
|-supereffective|p2a: Gholdengo
|-damage|p2a: Gholdengo|80/100
|move|p2a: Gholdengo|Nasty Plot|p2a: Gholdengo
|-boost|p2a: Gholdengo|spa|0
|
|-weather|RainDance|[upkeep]
|upkeep
|turn|25
|
|t:|1758983975
|move|p1a: Grafaiai|Knock Off|p2a: Gholdengo
|-supereffective|p2a: Gholdengo
|-damage|p2a: Gholdengo|61/100
|move|p2a: Gholdengo|Recover|p2a: Gholdengo
|-heal|p2a: Gholdengo|100/100
|
|-weather|RainDance|[upkeep]
|upkeep
|turn|26
|
|t:|1758983979
|move|p1a: Grafaiai|Knock Off|p2a: Gholdengo
|-supereffective|p2a: Gholdengo
|-damage|p2a: Gholdengo|80/100
|move|p2a: Gholdengo|Make It Rain|p1a: Grafaiai
|-damage|p1a: Grafaiai|0 fnt
|-unboost|p2a: Gholdengo|spa|1
|faint|p1a: Grafaiai
|
|-weather|none
|upkeep
|
|t:|1758983994
|switch|p1a: Pelipper|Pelipper, M|100/100
|-damage|p1a: Pelipper|75/100|[from] Stealth Rock
|-weather|RainDance|[from] ability: Drizzle|[of] p1a: Pelipper
|turn|27
|
|t:|1758983997
|switch|p1a: Forretress|Forretress, M|50/100
|move|p2a: Gholdengo|Shadow Ball|p1a: Forretress
|-damage|p1a: Forretress|0 fnt
|faint|p1a: Forretress
|
|-weather|RainDance|[upkeep]
|upkeep
|inactive|Phanthom_Ex4 has 120 seconds left.
|
|t:|1758984027
|switch|p1a: Basculegion|Basculegion-F, F|54/100
|-damage|p1a: Basculegion|42/100|[from] Spikes
|-damage|p1a: Basculegion|29/100|[from] Stealth Rock
|turn|28
|
|t:|1758984043
|move|p1a: Basculegion|Surf|p2a: Gholdengo
|-damage|p2a: Gholdengo|0 fnt
|faint|p2a: Gholdengo
|
|-weather|RainDance|[upkeep]
|upkeep
|
|t:|1758984051
|switch|p2a: Zamazenta|Zamazenta|100/100
|-ability|p2a: Zamazenta|Dauntless Shield|boost
|-boost|p2a: Zamazenta|def|1
|turn|29
|inactive|Phanthom_Ex4 has 120 seconds left.
|
|t:|1758984079
|move|p1a: Basculegion|Surf|p2a: Zamazenta
|-damage|p2a: Zamazenta|14/100
|move|p2a: Zamazenta|Crunch|p1a: Basculegion
|-supereffective|p1a: Basculegion
|-damage|p1a: Basculegion|0 fnt
|faint|p1a: Basculegion
|
|-weather|RainDance|[upkeep]
|upkeep
|inactive|Phanthom_Ex4 has 120 seconds left.
|
|t:|1758984092
|switch|p1a: Primarina|Primarina, F|73/100
|-damage|p1a: Primarina|61/100|[from] Spikes
|-damage|p1a: Primarina|49/100|[from] Stealth Rock
|turn|30
|
|t:|1758984107
|switch|p2a: Ting-Lu|Ting-Lu|22/100
|-damage|p2a: Ting-Lu|16/100|[from] Stealth Rock
|-ability|p2a: Ting-Lu|Vessel of Ruin
|move|p1a: Primarina|Draining Kiss|p2a: Ting-Lu
|-supereffective|p2a: Ting-Lu
|-damage|p2a: Ting-Lu|0 fnt
|-heal|p1a: Primarina|65/100|[from] drain|[of] p2a: Ting-Lu
|faint|p2a: Ting-Lu
|
|-weather|RainDance|[upkeep]
|upkeep
|
|t:|1758984115
|switch|p2a: Clefable|Clefable, F|92/100
|turn|31
|
|t:|1758984125
|move|p2a: Clefable|Knock Off|p1a: Primarina
|-resisted|p1a: Primarina
|-damage|p1a: Primarina|56/100
|-enditem|p1a: Primarina|Assault Vest|[from] move: Knock Off|[of] p2a: Clefable
|move|p1a: Primarina|Psychic Noise|p2a: Clefable
|-damage|p2a: Clefable|47/100
|-start|p2a: Clefable|move: Heal Block
|
|-weather|RainDance|[upkeep]
|upkeep
|turn|32
|
|t:|1758984134
|move|p1a: Primarina|Flip Turn|p2a: Clefable
|-damage|p2a: Clefable|29/100
|
|t:|1758984139
|switch|p1a: Ogerpon|Ogerpon-Wellspring, F|100/100|[from] Flip Turn
|-damage|p1a: Ogerpon|88/100|[from] Spikes
|-damage|p1a: Ogerpon|76/100|[from] Stealth Rock
|move|p2a: Clefable|Moonblast|p1a: Ogerpon
|-damage|p1a: Ogerpon|39/100
|-unboost|p1a: Ogerpon|spa|1
|
|-weather|RainDance|[upkeep]
|-end|p2a: Clefable|move: Heal Block
|upkeep
|turn|33
|
|t:|1758984150
|move|p1a: Ogerpon|Ivy Cudgel|p2a: Clefable|[anim] Ivy Cudgel Water
|-damage|p2a: Clefable|0 fnt
|faint|p2a: Clefable
|
|-weather|RainDance|[upkeep]
|upkeep
|
|t:|1758984164
|switch|p2a: Deoxys|Deoxys-Speed|69/100
|-ability|p2a: Deoxys|Pressure
|turn|34
|
|t:|1758984177
|-terastallize|p2a: Deoxys|Electric
|move|p2a: Deoxys|Thunderbolt|p1a: Ogerpon
|-damage|p1a: Ogerpon|0 fnt
|faint|p1a: Ogerpon
|
|-weather|none
|upkeep
|
|t:|1758984192
|switch|p1a: Primarina|Primarina, F|56/100
|-damage|p1a: Primarina|44/100|[from] Spikes
|-damage|p1a: Primarina|32/100|[from] Stealth Rock
|turn|35
|
|t:|1758984196
|move|p2a: Deoxys|Thunderbolt|p1a: Primarina
|-supereffective|p1a: Primarina
|-damage|p1a: Primarina|0 fnt
|faint|p1a: Primarina
|
|upkeep
|
|t:|1758984202
|switch|p1a: Pelipper|Pelipper, M|75/100
|-damage|p1a: Pelipper|50/100|[from] Stealth Rock
|-weather|RainDance|[from] ability: Drizzle|[of] p1a: Pelipper
|turn|36
|
|t:|1758984215
|-terastallize|p1a: Pelipper|Grass
|move|p2a: Deoxys|Thunderbolt|p1a: Pelipper
|-resisted|p1a: Pelipper
|-damage|p1a: Pelipper|23/100
|move|p1a: Pelipper|Roost|p1a: Pelipper
|-heal|p1a: Pelipper|73/100
|
|-weather|RainDance|[upkeep]
|upkeep
|turn|37
|
|t:|1758984222
|move|p2a: Deoxys|Ice Beam|p1a: Pelipper
|-supereffective|p1a: Pelipper
|-damage|p1a: Pelipper|0 fnt
|faint|p1a: Pelipper
|
|win|Dr. Sparce
|raw|Phanthom_Ex4's rating: 1420 &rarr; <strong>1403</strong><br />(-17 for losing)
|raw|Dr. Sparce's rating: 1465 &rarr; <strong>1482</strong><br />(+17 for winning)
|l|☆Phanthom_Ex4
|player|p1|
|l|☆Dr. Sparce
|player|p2|
