|j|☆Rokket2510
|j|☆SuperNinjaMan
|t:|1759003175
|gametype|singles
|player|p1|Rokket2510|1|1419
|player|p2|SuperNinjaMan|koga|1338
|gen|9
|tier|[Gen 9] OU
|rated|
|rule|HP Percentage Mod: HP is shown in percentages
|rule|Endless Battle Clause: Forcing endless battles is banned
|rule|Species Clause: Limit one of each Pokémon
|rule|OHKO Clause: OHKO moves are banned
|rule|Evasion Items Clause: Evasion items are banned
|rule|Evasion Moves Clause: Evasion moves are banned
|rule|Evasion Abilities Clause: Evasion abilities are banned
|rule|Sleep Moves Clause: Sleep-inducing moves are banned
|clearpoke
|poke|p1|Garchomp, F|
|poke|p1|Heatran, M|
|poke|p1|Zapdos|
|poke|p1|Primarina, M|
|poke|p1|Ogerpon-Wellspring, F|
|poke|p1|Scizor, M|
|poke|p2|Tyranitar, F|
|poke|p2|Scizor, F|
|poke|p2|Latias, F|
|poke|p2|Excadrill, F|
|poke|p2|Tropius, M|
|poke|p2|Rotom-Heat|
|teampreview
|inactive|Battle timer is ON: inactive players will automatically lose when time's up. (requested by Rokket2510)
|
|t:|1759003195
|teamsize|p1|6
|teamsize|p2|6
|start
|switch|p1a: Garchomp|Garchomp, F|100/100
|switch|p2a: Scizor|Scizor, F|100/100
|turn|1
|
|t:|1759003202
|move|p1a: Garchomp|Swords Dance|p1a: Garchomp
|-boost|p1a: Garchomp|atk|2
|move|p2a: Scizor|U-turn|p1a: Garchomp
|-damage|p1a: Garchomp|43/100
|-damage|p2a: Scizor|88/100|[from] ability: Rough Skin|[of] p1a: Garchomp
|
|t:|1759003210
|switch|p2a: Tyranitar|Tyranitar, F|100/100|[from] U-turn
|-weather|Sandstorm|[from] ability: Sand Stream|[of] p2a: Tyranitar
|
|-weather|Sandstorm|[upkeep]
|upkeep
|turn|2
|
|t:|1759003217
|move|p2a: Tyranitar|Ice Beam|p1a: Garchomp
|-supereffective|p1a: Garchomp
|-damage|p1a: Garchomp|0 fnt
|faint|p1a: Garchomp
|
|-weather|Sandstorm|[upkeep]
|upkeep
|
|t:|1759003233
|switch|p1a: Ogerpon|Ogerpon-Wellspring, F|100/100
|turn|3
|
|t:|1759003237
|switch|p2a: Tropius|Tropius, M|100/100
|move|p1a: Ogerpon|Ivy Cudgel|p2a: Tropius|[anim] Ivy Cudgel Water
|-resisted|p2a: Tropius
|-damage|p2a: Tropius|82/100
|
|-weather|Sandstorm|[upkeep]
|-damage|p1a: Ogerpon|95/100|[from] Sandstorm
|-damage|p2a: Tropius|75/100|[from] Sandstorm
|upkeep
|turn|4
|
|t:|1759003245
|move|p1a: Ogerpon|U-turn|p2a: Tropius
|-damage|p2a: Tropius|57/100
|
|t:|1759003257
|switch|p1a: Heatran|Heatran, M|100/100|[from] U-turn
|-item|p1a: Heatran|Air Balloon
|move|p2a: Tropius|Substitute|p2a: Tropius
|-start|p2a: Tropius|Substitute
|-damage|p2a: Tropius|32/100
|-enditem|p2a: Tropius|Sitrus Berry|[eat]
|-heal|p2a: Tropius|57/100|[from] item: Sitrus Berry
|
|-weather|Sandstorm|[upkeep]
|-damage|p2a: Tropius|51/100|[from] Sandstorm
|upkeep
|turn|5
|
|t:|1759003271
|move|p1a: Heatran|Magma Storm|p2a: Tropius
|-supereffective|p2a: Tropius
|-end|p2a: Tropius|Substitute
|move|p2a: Tropius|Leech Seed|p1a: Heatran
|-start|p1a: Heatran|move: Leech Seed
|
|-weather|none
|-damage|p1a: Heatran|88/100|[from] Leech Seed|[of] p2a: Tropius
|-heal|p2a: Tropius|62/100|[silent]
|upkeep
|turn|6
|
|t:|1759003278
|move|p2a: Tropius|Protect|p2a: Tropius
|-singleturn|p2a: Tropius|Protect
|move|p1a: Heatran|Magma Storm|p2a: Tropius
|-activate|p2a: Tropius|move: Protect
|
|-damage|p1a: Heatran|76/100|[from] Leech Seed|[of] p2a: Tropius
|-heal|p2a: Tropius|74/100|[silent]
|upkeep
|turn|7
|
|t:|1759003286
|switch|p2a: Rotom|Rotom-Heat|100/100
|move|p1a: Heatran|Magma Storm|p2a: Rotom
|-resisted|p2a: Rotom
|-damage|p2a: Rotom|67/100
|-activate|p2a: Rotom|move: Magma Storm|[of] p1a: Heatran
|
|-damage|p1a: Heatran|63/100|[from] Leech Seed|[of] p2a: Rotom
|-heal|p2a: Rotom|86/100|[silent]
|-damage|p2a: Rotom|74/100|[from] move: Magma Storm|[partiallytrapped]
|upkeep
|turn|8
|
|t:|1759003295
|move|p2a: Rotom|Volt Switch|p1a: Heatran
|-damage|p1a: Heatran|20/100
|-enditem|p1a: Heatran|Air Balloon
|
|t:|1759003307
|switch|p2a: Tyranitar|Tyranitar, F|100/100|[from] Volt Switch
|-weather|Sandstorm|[from] ability: Sand Stream|[of] p2a: Tyranitar
|move|p1a: Heatran|Stealth Rock|p2a: Tyranitar
|-sidestart|p2: SuperNinjaMan|move: Stealth Rock
|
|-weather|Sandstorm|[upkeep]
|-damage|p1a: Heatran|7/100|[from] Leech Seed|[of] p2a: Tyranitar
|upkeep
|turn|9
|
|t:|1759003318
|move|p2a: Tyranitar|Stone Edge|p1a: Heatran
|-crit|p1a: Heatran
|-damage|p1a: Heatran|0 fnt
|faint|p1a: Heatran
|
|-weather|Sandstorm|[upkeep]
|upkeep
|
|t:|1759003335
|switch|p1a: Scizor|Scizor, M|100/100
|turn|10
|
|t:|1759003347
|switch|p2a: Scizor|Scizor, F|88/100
|-damage|p2a: Scizor|76/100|[from] Stealth Rock
|-terastallize|p1a: Scizor|Steel
|move|p1a: Scizor|Swords Dance|p1a: Scizor
|-boost|p1a: Scizor|atk|2
|
|-weather|Sandstorm|[upkeep]
|upkeep
|turn|11
|
|t:|1759003355
|move|p2a: Scizor|U-turn|p1a: Scizor
|-resisted|p1a: Scizor
|-damage|p1a: Scizor|75/100
|-damage|p2a: Scizor|60/100|[from] item: Rocky Helmet|[of] p1a: Scizor
|
|t:|1759003366
|switch|p2a: Latias|Latias, F|100/100|[from] U-turn
|-damage|p2a: Latias|88/100|[from] Stealth Rock
|move|p1a: Scizor|Swords Dance|p1a: Scizor
|-boost|p1a: Scizor|atk|2
|
|-weather|Sandstorm|[upkeep]
|-damage|p2a: Latias|82/100|[from] Sandstorm
|-heal|p2a: Latias|88/100|[from] item: Leftovers
|upkeep
|turn|12
|
|t:|1759003376
|move|p1a: Scizor|Bullet Punch|p2a: Latias
|-damage|p2a: Latias|0 fnt
|faint|p2a: Latias
|
|-weather|none
|upkeep
|
|t:|1759003379
|switch|p2a: Rotom|Rotom-Heat|74/100
|-damage|p2a: Rotom|49/100|[from] Stealth Rock
|turn|13
|
|t:|1759003384
|move|p1a: Scizor|Bullet Punch|p2a: Rotom
|-resisted|p2a: Rotom
|-damage|p2a: Rotom|4/100
|move|p2a: Rotom|Overheat|p1a: Scizor
|-supereffective|p1a: Scizor
|-damage|p1a: Scizor|0 fnt
|-unboost|p2a: Rotom|spa|2
|faint|p1a: Scizor
|
|upkeep
|
|t:|1759003398
|switch|p1a: Ogerpon|Ogerpon-Wellspring, F|95/100
|turn|14
|
|t:|1759003402
|switch|p2a: Tropius|Tropius, M|74/100
|-damage|p2a: Tropius|49/100|[from] Stealth Rock
|move|p1a: Ogerpon|Horn Leech|p2a: Tropius
|-resisted|p2a: Tropius
|-damage|p2a: Tropius|41/100
|-heal|p1a: Ogerpon|99/100|[from] drain|[of] p2a: Tropius
|
|-item|p2a: Tropius|Sitrus Berry|[from] ability: Harvest
|upkeep
|-enditem|p2a: Tropius|Sitrus Berry|[eat]
|-heal|p2a: Tropius|66/100|[from] item: Sitrus Berry
|turn|15
|
|t:|1759003415
|move|p1a: Ogerpon|Ivy Cudgel|p2a: Tropius|[anim] Ivy Cudgel Water
|-resisted|p2a: Tropius
|-damage|p2a: Tropius|45/100
|move|p2a: Tropius|Substitute|p2a: Tropius
|-start|p2a: Tropius|Substitute
|-damage|p2a: Tropius|20/100
|
|-item|p2a: Tropius|Sitrus Berry|[from] ability: Harvest
|upkeep
|-enditem|p2a: Tropius|Sitrus Berry|[eat]
|-heal|p2a: Tropius|45/100|[from] item: Sitrus Berry
|turn|16
|
|t:|1759003425
|move|p1a: Ogerpon|Encore|p2a: Tropius
|-start|p2a: Tropius|Encore
|move|p2a: Tropius|Substitute|p2a: Tropius
|-fail|p2a: Tropius|move: Substitute
|
|upkeep
|turn|17
|
|t:|1759003430
|move|p1a: Ogerpon|Ivy Cudgel|p2a: Tropius|[anim] Ivy Cudgel Water
|-resisted|p2a: Tropius
|-activate|p2a: Tropius|move: Substitute|[damage]
|move|p2a: Tropius|Substitute|p2a: Tropius
|-fail|p2a: Tropius|move: Substitute
|
|-item|p2a: Tropius|Sitrus Berry|[from] ability: Harvest
|upkeep
|-enditem|p2a: Tropius|Sitrus Berry|[eat]
|-heal|p2a: Tropius|70/100|[from] item: Sitrus Berry
|turn|18
|
|t:|1759003439
|move|p1a: Ogerpon|Ivy Cudgel|p2a: Tropius|[anim] Ivy Cudgel Water
|-resisted|p2a: Tropius
|-crit|p2a: Tropius
|-end|p2a: Tropius|Substitute
|move|p2a: Tropius|Substitute|p2a: Tropius
|-start|p2a: Tropius|Substitute
|-damage|p2a: Tropius|45/100
|
|-end|p2a: Tropius|Encore
|upkeep
|turn|19
|
|t:|1759003447
|move|p2a: Tropius|Protect|p2a: Tropius
|-singleturn|p2a: Tropius|Protect
|move|p1a: Ogerpon|Encore|p2a: Tropius
|-activate|p2a: Tropius|move: Protect
|
|-item|p2a: Tropius|Sitrus Berry|[from] ability: Harvest
|upkeep
|-enditem|p2a: Tropius|Sitrus Berry|[eat]
|-heal|p2a: Tropius|70/100|[from] item: Sitrus Berry
|turn|20
|
|t:|1759003456
|move|p1a: Ogerpon|U-turn|p2a: Tropius
|-activate|p2a: Tropius|move: Substitute|[damage]
|
|t:|1759003459
|switch|p1a: Zapdos|Zapdos|100/100|[from] U-turn
|move|p2a: Tropius|Air Slash|p1a: Zapdos
|-resisted|p1a: Zapdos
|-damage|p1a: Zapdos|89/100
|
|upkeep
|turn|21
|
|t:|1759003467
|move|p1a: Zapdos|Volt Switch|p2a: Tropius
|-end|p2a: Tropius|Substitute
|
|t:|1759003470
|switch|p1a: Primarina|Primarina, M|100/100|[from] Volt Switch
|move|p2a: Tropius|Leech Seed|p1a: Primarina
|-start|p1a: Primarina|move: Leech Seed
|
|-damage|p1a: Primarina|88/100|[from] Leech Seed|[of] p2a: Tropius
|-heal|p2a: Tropius|80/100|[silent]
|-item|p2a: Tropius|Sitrus Berry|[from] ability: Harvest
|upkeep
|turn|22
|
|t:|1759003479
|switch|p1a: Zapdos|Zapdos|89/100
|move|p2a: Tropius|Protect||[still]
|-fail|p2a: Tropius
|
|upkeep
|turn|23
|
|t:|1759003485
|move|p1a: Zapdos|Hurricane|p2a: Tropius
|-supereffective|p2a: Tropius
|-damage|p2a: Tropius|0 fnt
|faint|p2a: Tropius
|
|upkeep
|
|t:|1759003498
|switch|p2a: Excadrill|Excadrill, F|100/100
|-damage|p2a: Excadrill|97/100|[from] Stealth Rock
|-item|p2a: Excadrill|Air Balloon
|turn|24
|
|t:|1759003519
|move|p1a: Zapdos|Hurricane|p2a: Excadrill
|-resisted|p2a: Excadrill
|-damage|p2a: Excadrill|63/100
|-enditem|p2a: Excadrill|Air Balloon
|move|p2a: Excadrill|Rapid Spin|p1a: Zapdos
|-damage|p1a: Zapdos|65/100
|-boost|p2a: Excadrill|spe|1
|-sideend|p2: SuperNinjaMan|Stealth Rock|[from] move: Rapid Spin|[of] p2a: Excadrill
|
|upkeep
|turn|25
|
|t:|1759003534
|move|p1a: Zapdos|Hurricane|p2a: Excadrill|[miss]
|-miss|p1a: Zapdos|p2a: Excadrill
|move|p2a: Excadrill|Rapid Spin|p1a: Zapdos
|-damage|p1a: Zapdos|41/100
|-boost|p2a: Excadrill|spe|1
|
|upkeep
|turn|26
|
|t:|1759003541
|move|p2a: Excadrill|Stealth Rock|p1a: Zapdos
|-sidestart|p1: Rokket2510|move: Stealth Rock
|move|p1a: Zapdos|Hurricane|p2a: Excadrill
|-resisted|p2a: Excadrill
|-damage|p2a: Excadrill|27/100
|
|upkeep
|turn|27
|
|t:|1759003547
|move|p2a: Excadrill|Iron Head|p1a: Zapdos
|-resisted|p1a: Zapdos
|-damage|p1a: Zapdos|13/100
|move|p1a: Zapdos|Hurricane|p2a: Excadrill|[miss]
|-miss|p1a: Zapdos|p2a: Excadrill
|
|upkeep
|turn|28
|
|t:|1759003553
|move|p2a: Excadrill|Rapid Spin|p1a: Zapdos
|-damage|p1a: Zapdos|0 fnt
|-boost|p2a: Excadrill|spe|1
|-status|p2a: Excadrill|par|[from] ability: Static|[of] p1a: Zapdos
|faint|p1a: Zapdos
|
|upkeep
|
|t:|1759003561
|switch|p1a: Ogerpon|Ogerpon-Wellspring, F|99/100
|-damage|p1a: Ogerpon|88/100|[from] Stealth Rock
|turn|29
|
|t:|1759003568
|move|p1a: Ogerpon|Horn Leech|p2a: Excadrill
|-damage|p2a: Excadrill|0 fnt
|-heal|p1a: Ogerpon|100/100|[from] drain|[of] p2a: Excadrill
|faint|p2a: Excadrill
|
|upkeep
|
|t:|1759003575
|switch|p2a: Tyranitar|Tyranitar, F|100/100
|-weather|Sandstorm|[from] ability: Sand Stream|[of] p2a: Tyranitar
|turn|30
|
|t:|1759003579
|move|p2a: Tyranitar|Stone Edge|p1a: Ogerpon
|-damage|p1a: Ogerpon|35/100
|move|p1a: Ogerpon|Ivy Cudgel|p2a: Tyranitar|[anim] Ivy Cudgel Water
|-supereffective|p2a: Tyranitar
|-damage|p2a: Tyranitar|0 fnt
|faint|p2a: Tyranitar
|
|-weather|Sandstorm|[upkeep]
|-damage|p1a: Ogerpon|29/100|[from] Sandstorm
|upkeep
|
|t:|1759003584
|switch|p2a: Scizor|Scizor, F|60/100
|turn|31
|
|t:|1759003591
|-terastallize|p2a: Scizor|Steel
|move|p2a: Scizor|Bullet Punch|p1a: Ogerpon
|-resisted|p1a: Ogerpon
|-damage|p1a: Ogerpon|0 fnt
|faint|p1a: Ogerpon
|
|-weather|Sandstorm|[upkeep]
|upkeep
|
|t:|1759003597
|switch|p1a: Primarina|Primarina, M|88/100
|-damage|p1a: Primarina|76/100|[from] Stealth Rock
|turn|32
|
|t:|1759003602
|move|p2a: Scizor|Bullet Punch|p1a: Primarina
|-crit|p1a: Primarina
|-damage|p1a: Primarina|0 fnt
|faint|p1a: Primarina
|
|win|SuperNinjaMan
|raw|Rokket2510's rating: 1419 &rarr; <strong>1394</strong><br />(-25 for losing)
|raw|SuperNinjaMan's rating: 1338 &rarr; <strong>1363</strong><br />(+25 for winning)
|l|☆SuperNinjaMan
|player|p2|
|l|☆Rokket2510
|player|p1|
