|j|☆SpearOfCassius
|j|☆qxzwwzxq
|t:|1758947375
|gametype|singles
|player|p1|SpearOfCassius|2|1328
|player|p2|qxzwwzxq|1|1272
|gen|9
|tier|[Gen 9] OU
|rated|
|rule|HP Percentage Mod: HP is shown in percentages
|rule|Endless Battle Clause: Forcing endless battles is banned
|rule|Species Clause: Limit one of each Pokémon
|rule|OHKO Clause: OHKO moves are banned
|rule|Evasion Items Clause: Evasion items are banned
|rule|Evasion Moves Clause: Evasion moves are banned
|rule|Evasion Abilities Clause: Evasion abilities are banned
|rule|Sleep Moves Clause: Sleep-inducing moves are banned
|clearpoke
|poke|p1|Torkoal, F|
|poke|p1|Lilligant-Hisui, F|
|poke|p1|Cinderace, F|
|poke|p1|Walking Wake|
|poke|p1|Moltres|
|poke|p1|Garganacl, M|
|poke|p2|Sandy Shocks|
|poke|p2|Slither Wing|
|poke|p2|Dragonite, M|
|poke|p2|Primarina, M|
|poke|p2|Gholdengo|
|poke|p2|Iron Treads|
|teampreview
|inactive|Battle timer is ON: inactive players will automatically lose when time's up. (requested by qxzwwzxq)
|
|t:|1758947384
|teamsize|p1|6
|teamsize|p2|6
|start
|switch|p1a: Naruto|Cinderace, F|100/100
|switch|p2a: 热知识：这货特防高达105|Slither Wing, shiny|100/100
|turn|1
|
|t:|1758947391
|-end|p2a: 热知识：这货特防高达105|Protosynthesis|[silent]
|switch|p2a: hyh|Primarina, M, shiny|100/100
|move|p1a: Naruto|Pyro Ball|p2a: hyh
|-resisted|p2a: hyh
|-damage|p2a: hyh|67/100
|
|upkeep
|turn|2
|
|t:|1758947401
|move|p1a: Naruto|U-turn|p2a: hyh
|-start|p1a: Naruto|typechange|Bug|[from] ability: Libero
|-resisted|p2a: hyh
|-damage|p2a: hyh|49/100
|
|t:|1758947412
|switch|p1a: Garganacl|Garganacl, M|100/100|[from] U-turn
|move|p2a: hyh|Surf|p1a: Garganacl
|-supereffective|p1a: Garganacl
|-damage|p1a: Garganacl|27/100
|
|-heal|p1a: Garganacl|33/100|[from] item: Leftovers
|upkeep
|turn|3
|
|t:|1758947423
|switch|p1a: Todd|Torkoal, F|100/100
|-weather|SunnyDay|[from] ability: Drought|[of] p1a: Todd
|move|p2a: hyh|Surf|p1a: Todd
|-supereffective|p1a: Todd
|-damage|p1a: Todd|35/100
|
|-weather|SunnyDay|[upkeep]
|upkeep
|turn|4
|
|t:|1758947450
|switch|p1a: Henry|Walking Wake|100/100
|-activate|p1a: Henry|ability: Protosynthesis
|-start|p1a: Henry|protosynthesisspe
|move|p2a: hyh|Flip Turn|p1a: Henry
|-resisted|p1a: Henry
|-damage|p1a: Henry|99/100
|
|t:|1758947461
|switch|p2a: 热知识：这货特防高达105|Slither Wing, shiny|100/100|[from] Flip Turn
|-activate|p2a: 热知识：这货特防高达105|ability: Protosynthesis
|-start|p2a: 热知识：这货特防高达105|protosynthesisatk
|
|-weather|SunnyDay|[upkeep]
|upkeep
|turn|5
|
|t:|1758947470
|move|p2a: 热知识：这货特防高达105|First Impression|p1a: Henry
|-damage|p1a: Henry|42/100
|move|p1a: Henry|Hydro Steam|p2a: 热知识：这货特防高达105
|-damage|p2a: 热知识：这货特防高达105|20/100
|
|-weather|SunnyDay|[upkeep]
|upkeep
|turn|6
|
|t:|1758947486
|move|p1a: Henry|Hydro Steam|p2a: 热知识：这货特防高达105
|-crit|p2a: 热知识：这货特防高达105
|-damage|p2a: 热知识：这货特防高达105|0 fnt
|faint|p2a: 热知识：这货特防高达105
|-end|p2a: 热知识：这货特防高达105|Protosynthesis|[silent]
|
|-weather|SunnyDay|[upkeep]
|upkeep
|
|t:|1758947497
|switch|p2a: 万恶的资本家|Gholdengo|100/100
|turn|7
|
|t:|1758947505
|-end|p1a: Henry|Protosynthesis|[silent]
|switch|p1a: Moltres|Moltres|100/100
|-terastallize|p2a: 万恶的资本家|Water
|move|p2a: 万恶的资本家|Shadow Ball|p1a: Moltres
|-damage|p1a: Moltres|36/100
|
|-weather|SunnyDay|[upkeep]
|upkeep
|turn|8
|
|t:|1758947522
|move|p2a: 万恶的资本家|Shadow Ball|p1a: Moltres
|-damage|p1a: Moltres|0 fnt
|faint|p1a: Moltres
|
|-weather|SunnyDay|[upkeep]
|upkeep
|
|t:|1758947528
|switch|p1a: Kanao|Lilligant-Hisui, F, shiny|100/100
|turn|9
|
|t:|1758947542
|switch|p2a: 温知识：这货速度比爬地翅还慢1点|Dragonite, M, shiny|100/100
|move|p1a: Kanao|Solar Blade||[still]
|-prepare|p1a: Kanao|Solar Blade
|-anim|p1a: Kanao|Solar Blade|p2a: 温知识：这货速度比爬地翅还慢1点
|-resisted|p2a: 温知识：这货速度比爬地翅还慢1点
|-damage|p2a: 温知识：这货速度比爬地翅还慢1点|80/100
|-damage|p1a: Kanao|91/100|[from] item: Life Orb
|
|-weather|SunnyDay|[upkeep]
|upkeep
|turn|10
|
|t:|1758947553
|move|p1a: Kanao|Triple Axel|p2a: 温知识：这货速度比爬地翅还慢1点
|-supereffective|p2a: 温知识：这货速度比爬地翅还慢1点
|-damage|p2a: 温知识：这货速度比爬地翅还慢1点|43/100
|-supereffective|p2a: 温知识：这货速度比爬地翅还慢1点
|-damage|p2a: 温知识：这货速度比爬地翅还慢1点|0 fnt
|faint|p2a: 温知识：这货速度比爬地翅还慢1点
|-hitcount|p2: 温知识：这货速度比爬地翅还慢1点|2
|-damage|p1a: Kanao|81/100|[from] item: Life Orb
|
|-weather|none
|upkeep
|
|t:|1758947569
|switch|p2a: 冷知识：这货物防高达97|Sandy Shocks, shiny|100/100
|turn|11
|
|t:|1758947575
|switch|p1a: Todd|Torkoal, F|35/100
|-weather|SunnyDay|[from] ability: Drought|[of] p1a: Todd
|-activate|p2a: 冷知识：这货物防高达97|ability: Protosynthesis
|-start|p2a: 冷知识：这货物防高达97|protosynthesisdef
|move|p2a: 冷知识：这货物防高达97|Body Press|p1a: Todd
|-damage|p1a: Todd|22/100
|
|-weather|SunnyDay|[upkeep]
|upkeep
|turn|12
|
|t:|1758947593
|move|p2a: 冷知识：这货物防高达97|Iron Defense|p2a: 冷知识：这货物防高达97
|-boost|p2a: 冷知识：这货物防高达97|def|2
|move|p1a: Todd|Will-O-Wisp|p2a: 冷知识：这货物防高达97
|-status|p2a: 冷知识：这货物防高达97|brn
|
|-weather|SunnyDay|[upkeep]
|-damage|p2a: 冷知识：这货物防高达97|94/100 brn|[from] brn
|upkeep
|turn|13
|
|t:|1758947609
|switch|p1a: Garganacl|Garganacl, M|33/100
|move|p2a: 冷知识：这货物防高达97|Iron Defense|p2a: 冷知识：这货物防高达97
|-boost|p2a: 冷知识：这货物防高达97|def|2
|
|-weather|SunnyDay|[upkeep]
|-heal|p2a: 冷知识：这货物防高达97|100/100 brn|[from] item: Leftovers
|-heal|p1a: Garganacl|40/100|[from] item: Leftovers
|-damage|p2a: 冷知识：这货物防高达97|94/100 brn|[from] brn
|upkeep
|turn|14
|
|t:|1758947626
|-terastallize|p1a: Garganacl|Water
|move|p2a: 冷知识：这货物防高达97|Earth Power|p1a: Garganacl
|-damage|p1a: Garganacl|14/100
|move|p1a: Garganacl|Recover|p1a: Garganacl
|-heal|p1a: Garganacl|64/100
|
|-weather|SunnyDay|[upkeep]
|-heal|p2a: 冷知识：这货物防高达97|100/100 brn|[from] item: Leftovers
|-heal|p1a: Garganacl|70/100|[from] item: Leftovers
|-damage|p2a: 冷知识：这货物防高达97|94/100 brn|[from] brn
|upkeep
|turn|15
|inactive|qxzwwzxq has 120 seconds left.
|
|t:|1758947670
|move|p2a: 冷知识：这货物防高达97|Volt Switch|p1a: Garganacl
|-supereffective|p1a: Garganacl
|-damage|p1a: Garganacl|26/100
|
|t:|1758947674
|-end|p2a: 冷知识：这货物防高达97|Protosynthesis|[silent]
|switch|p2a: 能用地震反杀资本家的工人|Iron Treads, shiny|100/100|[from] Volt Switch
|move|p1a: Garganacl|Salt Cure|p2a: 能用地震反杀资本家的工人
|-resisted|p2a: 能用地震反杀资本家的工人
|-damage|p2a: 能用地震反杀资本家的工人|97/100
|-start|p2a: 能用地震反杀资本家的工人|Salt Cure
|
|-weather|SunnyDay|[upkeep]
|-heal|p2a: 能用地震反杀资本家的工人|100/100|[from] item: Leftovers
|-heal|p1a: Garganacl|32/100|[from] item: Leftovers
|-damage|p2a: 能用地震反杀资本家的工人|76/100|[from] Salt Cure
|upkeep
|turn|16
|inactive|qxzwwzxq has 120 seconds left.
|
|t:|1758947687
|move|p2a: 能用地震反杀资本家的工人|Knock Off|p1a: Garganacl
|-crit|p1a: Garganacl
|-damage|p1a: Garganacl|4/100
|-enditem|p1a: Garganacl|Leftovers|[from] move: Knock Off|[of] p2a: 能用地震反杀资本家的工人
|move|p1a: Garganacl|Recover|p1a: Garganacl
|-heal|p1a: Garganacl|54/100
|
|-weather|SunnyDay|[upkeep]
|-heal|p2a: 能用地震反杀资本家的工人|82/100|[from] item: Leftovers
|-damage|p2a: 能用地震反杀资本家的工人|57/100|[from] Salt Cure
|upkeep
|turn|17
|inactive|qxzwwzxq has 120 seconds left.
|
|t:|1758947700
|move|p2a: 能用地震反杀资本家的工人|Rapid Spin|p1a: Garganacl
|-damage|p1a: Garganacl|44/100
|-boost|p2a: 能用地震反杀资本家的工人|spe|1
|move|p1a: Garganacl|Salt Cure|p2a: 能用地震反杀资本家的工人
|-resisted|p2a: 能用地震反杀资本家的工人
|-damage|p2a: 能用地震反杀资本家的工人|54/100
|
|-weather|SunnyDay|[upkeep]
|-heal|p2a: 能用地震反杀资本家的工人|60/100|[from] item: Leftovers
|-damage|p2a: 能用地震反杀资本家的工人|35/100|[from] Salt Cure
|upkeep
|turn|18
|
|t:|1758947709
|move|p2a: 能用地震反杀资本家的工人|Earthquake|p1a: Garganacl
|-damage|p1a: Garganacl|12/100
|move|p1a: Garganacl|Recover|p1a: Garganacl
|-heal|p1a: Garganacl|62/100
|
|-weather|none
|-heal|p2a: 能用地震反杀资本家的工人|42/100|[from] item: Leftovers
|-damage|p2a: 能用地震反杀资本家的工人|17/100|[from] Salt Cure
|upkeep
|turn|19
|
|t:|1758947727
|move|p2a: 能用地震反杀资本家的工人|Earthquake|p1a: Garganacl
|-damage|p1a: Garganacl|34/100
|move|p1a: Garganacl|Recover|p1a: Garganacl
|-heal|p1a: Garganacl|84/100
|
|-heal|p2a: 能用地震反杀资本家的工人|23/100|[from] item: Leftovers
|-damage|p2a: 能用地震反杀资本家的工人|0 fnt|[from] Salt Cure
|faint|p2a: 能用地震反杀资本家的工人
|-end|p2a: 能用地震反杀资本家的工人|Quark Drive|[silent]
|upkeep
|
|t:|1758947739
|switch|p2a: 万恶的资本家|Gholdengo, tera:Water|100/100
|turn|20
|
|t:|1758947747
|move|p2a: 万恶的资本家|Trick|p1a: Garganacl
|-activate|p2a: 万恶的资本家|move: Trick|[of] p1a: Garganacl
|-item|p1a: Garganacl|Choice Specs|[from] move: Trick
|-enditem|p2a: 万恶的资本家|Choice Specs|[silent]|[from] move: Trick
|move|p1a: Garganacl|Salt Cure|p2a: 万恶的资本家
|-damage|p2a: 万恶的资本家|85/100
|-start|p2a: 万恶的资本家|Salt Cure
|
|-damage|p2a: 万恶的资本家|60/100|[from] Salt Cure
|upkeep
|turn|21
|
|t:|1758947757
|switch|p1a: Todd|Torkoal, F|22/100
|-weather|SunnyDay|[from] ability: Drought|[of] p1a: Todd
|move|p2a: 万恶的资本家|Shadow Ball|p1a: Todd
|-damage|p1a: Todd|0 fnt
|faint|p1a: Todd
|
|-weather|SunnyDay|[upkeep]
|-damage|p2a: 万恶的资本家|35/100|[from] Salt Cure
|upkeep
|
|t:|1758947766
|switch|p1a: Kanao|Lilligant-Hisui, F, shiny|81/100
|turn|22
|
|t:|1758947771
|switch|p2a: hyh|Primarina, M, shiny|49/100
|move|p1a: Kanao|Solar Blade||[still]
|-prepare|p1a: Kanao|Solar Blade
|-anim|p1a: Kanao|Solar Blade|p2a: hyh
|-supereffective|p2a: hyh
|-damage|p2a: hyh|0 fnt
|faint|p2a: hyh
|-damage|p1a: Kanao|71/100|[from] item: Life Orb
|
|-weather|SunnyDay|[upkeep]
|upkeep
|
|t:|1758947777
|switch|p2a: 冷知识：这货物防高达97|Sandy Shocks, shiny|94/100 brn
|-activate|p2a: 冷知识：这货物防高达97|ability: Protosynthesis
|-start|p2a: 冷知识：这货物防高达97|protosynthesisdef
|turn|23
|
|t:|1758947783
|move|p1a: Kanao|Solar Blade||[still]
|-prepare|p1a: Kanao|Solar Blade
|-anim|p1a: Kanao|Solar Blade|p2a: 冷知识：这货物防高达97
|-supereffective|p2a: 冷知识：这货物防高达97
|-damage|p2a: 冷知识：这货物防高达97|3/100 brn
|-damage|p1a: Kanao|61/100|[from] item: Life Orb
|move|p2a: 冷知识：这货物防高达97|Iron Defense|p2a: 冷知识：这货物防高达97
|-boost|p2a: 冷知识：这货物防高达97|def|2
|
|-weather|SunnyDay|[upkeep]
|-heal|p2a: 冷知识：这货物防高达97|9/100 brn|[from] item: Leftovers
|-damage|p2a: 冷知识：这货物防高达97|3/100 brn|[from] brn
|upkeep
|turn|24
|c|☆SpearOfCassius|gg
|
|t:|1758947794
|move|p1a: Kanao|Solar Blade||[still]
|-prepare|p1a: Kanao|Solar Blade
|-anim|p1a: Kanao|Solar Blade|p2a: 冷知识：这货物防高达97
|-supereffective|p2a: 冷知识：这货物防高达97
|-damage|p2a: 冷知识：这货物防高达97|0 fnt
|faint|p2a: 冷知识：这货物防高达97
|-end|p2a: 冷知识：这货物防高达97|Protosynthesis|[silent]
|-damage|p1a: Kanao|51/100|[from] item: Life Orb
|
|-weather|SunnyDay|[upkeep]
|upkeep
|-message|qxzwwzxq forfeited.
|
|win|SpearOfCassius
|raw|SpearOfCassius's rating: 1328 &rarr; <strong>1345</strong><br />(+17 for winning)
|raw|qxzwwzxq's rating: 1272 &rarr; <strong>1251</strong><br />(-21 for losing)
|l|☆qxzwwzxq
|player|p2|
|l|☆SpearOfCassius
|player|p1|
