|j|☆TrentMercer
|j|☆jietouxiaoyu
|t:|1758965497
|gametype|singles
|player|p1|TrentMercer|n|1547
|player|p2|jietouxiaoyu|265|1612
|gen|9
|tier|[Gen 9] OU
|rated|
|rule|HP Percentage Mod: HP is shown in percentages
|rule|Endless Battle Clause: Forcing endless battles is banned
|rule|Species Clause: Limit one of each Pokémon
|rule|OHKO Clause: OHKO moves are banned
|rule|Evasion Items Clause: Evasion items are banned
|rule|Evasion Moves Clause: Evasion moves are banned
|rule|Evasion Abilities Clause: Evasion abilities are banned
|rule|Sleep Moves Clause: Sleep-inducing moves are banned
|clearpoke
|poke|p1|Great Tusk|
|poke|p1|Slowking-Galar, F|
|poke|p1|Cinderace, M|
|poke|p1|Crawdaunt, M|
|poke|p1|Zapdos|
|poke|p1|Gholdengo|
|poke|p2|Dragapult, F|
|poke|p2|Primarina, M|
|poke|p2|Great Tusk|
|poke|p2|Moltres|
|poke|p2|Ting-Lu|
|poke|p2|Raging Bolt|
|teampreview
|inactive|Battle timer is ON: inactive players will automatically lose when time's up. (requested by jietouxiaoyu)
|inactive|TrentMercer also wants the timer to be on.
|
|t:|1758965512
|teamsize|p1|6
|teamsize|p2|6
|start
|switch|p1a: Gholdengo|Gholdengo|100/100
|switch|p2a: 多龙巴鲁托|Dragapult, F|100/100
|turn|1
|
|t:|1758965518
|switch|p2a: Ting-Lu|Ting-Lu|100/100
|-ability|p2a: Ting-Lu|Vessel of Ruin
|move|p1a: Gholdengo|Shadow Ball|p2a: Ting-Lu
|-resisted|p2a: Ting-Lu
|-damage|p2a: Ting-Lu|91/100
|
|-heal|p2a: Ting-Lu|97/100|[from] item: Leftovers
|upkeep
|turn|2
|
|t:|1758965528
|switch|p1a: Crawdaunt|Crawdaunt, M|100/100
|move|p2a: Ting-Lu|Stealth Rock|p1a: Crawdaunt
|-sidestart|p1: TrentMercer|move: Stealth Rock
|
|-heal|p2a: Ting-Lu|100/100|[from] item: Leftovers
|upkeep
|turn|3
|
|t:|1758965536
|switch|p2a: Raging Bolt|Raging Bolt|100/100
|-enditem|p2a: Raging Bolt|Booster Energy
|-activate|p2a: Raging Bolt|ability: Protosynthesis|[fromitem]
|-start|p2a: Raging Bolt|protosynthesisspa
|move|p1a: Crawdaunt|Crabhammer|p2a: Raging Bolt
|-resisted|p2a: Raging Bolt
|-damage|p2a: Raging Bolt|57/100
|
|upkeep
|turn|4
|
|t:|1758965544
|switch|p1a: Slowking|Slowking-Galar, F|100/100
|-damage|p1a: Slowking|88/100|[from] Stealth Rock
|move|p2a: Raging Bolt|Dragon Pulse|p1a: Slowking
|-damage|p1a: Slowking|58/100
|
|upkeep
|turn|5
|
|t:|1758965551
|-end|p2a: Raging Bolt|Protosynthesis|[silent]
|switch|p2a: 多龙巴鲁托|Dragapult, F|100/100
|move|p1a: Slowking|Ice Beam|p2a: 多龙巴鲁托
|-supereffective|p2a: 多龙巴鲁托
|-damage|p2a: 多龙巴鲁托|19/100
|-status|p2a: 多龙巴鲁托|frz
|
|upkeep
|turn|6
|
|t:|1758965572
|-curestatus|p2a: 多龙巴鲁托|frz|[msg]
|move|p2a: 多龙巴鲁托|U-turn|p1a: Slowking
|-damage|p1a: Slowking|20/100
|
|t:|1758965578
|switch|p2a: Primarina|Primarina, M|100/100|[from] U-turn
|move|p1a: Slowking|Ice Beam|p2a: Primarina
|-resisted|p2a: Primarina
|-damage|p2a: Primarina|93/100
|
|upkeep
|turn|7
|
|t:|1758965590
|switch|p1a: Zapdos|Zapdos|100/100
|move|p2a: Primarina|Flip Turn|p1a: Zapdos
|-damage|p1a: Zapdos|90/100
|
|t:|1758965605
|switch|p2a: 多龙巴鲁托|Dragapult, F|19/100|[from] Flip Turn
|
|upkeep
|turn|8
|
|t:|1758965613
|move|p2a: 多龙巴鲁托|U-turn|p1a: Zapdos
|-resisted|p1a: Zapdos
|-damage|p1a: Zapdos|77/100
|
|t:|1758965620
|switch|p2a: Ting-Lu|Ting-Lu|100/100|[from] U-turn
|-ability|p2a: Ting-Lu|Vessel of Ruin
|move|p1a: Zapdos|Volt Switch|p2a: Ting-Lu
|-immune|p2a: Ting-Lu
|
|upkeep
|turn|9
|
|t:|1758965628
|switch|p1a: Great Tusk|Great Tusk|100/100
|-damage|p1a: Great Tusk|98/100|[from] Stealth Rock
|-enditem|p1a: Great Tusk|Booster Energy
|-activate|p1a: Great Tusk|ability: Protosynthesis|[fromitem]
|-start|p1a: Great Tusk|protosynthesisatk
|move|p2a: Ting-Lu|Spikes|p1a: Great Tusk
|-sidestart|p1: TrentMercer|Spikes
|
|upkeep
|turn|10
|
|t:|1758965640
|move|p1a: Great Tusk|Ice Spinner|p2a: Ting-Lu
|-supereffective|p2a: Ting-Lu
|-damage|p2a: Ting-Lu|64/100
|move|p2a: Ting-Lu|Whirlwind|p1a: Great Tusk
|-end|p1a: Great Tusk|Protosynthesis|[silent]
|drag|p1a: Slowking|Slowking-Galar, F|53/100
|-damage|p1a: Slowking|40/100|[from] Stealth Rock
|-damage|p1a: Slowking|28/100|[from] Spikes
|
|-heal|p2a: Ting-Lu|70/100|[from] item: Leftovers
|upkeep
|turn|11
|
|t:|1758965650
|switch|p1a: Great Tusk|Great Tusk|98/100
|-damage|p1a: Great Tusk|95/100|[from] Stealth Rock
|-damage|p1a: Great Tusk|82/100|[from] Spikes
|move|p2a: Ting-Lu|Spikes|p1a: Great Tusk
|-sidestart|p1: TrentMercer|Spikes
|
|-heal|p2a: Ting-Lu|76/100|[from] item: Leftovers
|upkeep
|turn|12
|
|t:|1758965658
|move|p1a: Great Tusk|Ice Spinner|p2a: Ting-Lu
|-supereffective|p2a: Ting-Lu
|-damage|p2a: Ting-Lu|44/100
|move|p2a: Ting-Lu|Whirlwind|p1a: Great Tusk
|-end|p1a: Great Tusk|Protosynthesis|[silent]
|drag|p1a: Zapdos|Zapdos|77/100
|
|-heal|p2a: Ting-Lu|50/100|[from] item: Leftovers
|upkeep
|turn|13
|
|t:|1758965668
|switch|p1a: Great Tusk|Great Tusk|82/100
|-damage|p1a: Great Tusk|79/100|[from] Stealth Rock
|-damage|p1a: Great Tusk|63/100|[from] Spikes
|move|p2a: Ting-Lu|Whirlwind|p1a: Great Tusk
|-end|p1a: Great Tusk|Protosynthesis|[silent]
|drag|p1a: Cinderace|Cinderace, M|100/100
|
|-heal|p2a: Ting-Lu|56/100|[from] item: Leftovers
|upkeep
|turn|14
|
|t:|1758965678
|move|p1a: Cinderace|Court Change|p1a: Cinderace
|-start|p1a: Cinderace|typechange|Normal|[from] ability: Libero
|-swapsideconditions
|-activate|p1a: Cinderace|move: Court Change
|move|p2a: Ting-Lu|Earthquake|p1a: Cinderace
|-damage|p1a: Cinderace|51/100
|
|-heal|p2a: Ting-Lu|62/100|[from] item: Leftovers
|upkeep
|turn|15
|c|☆TrentMercer|here you go
|
|t:|1758965687
|move|p1a: Cinderace|U-turn|p2a: Ting-Lu
|-supereffective|p2a: Ting-Lu
|-damage|p2a: Ting-Lu|37/100
|
|t:|1758965690
|switch|p1a: Crawdaunt|Crawdaunt, M|100/100|[from] U-turn
|move|p2a: Ting-Lu|Stealth Rock|p1a: Crawdaunt
|-sidestart|p1: TrentMercer|move: Stealth Rock
|
|-heal|p2a: Ting-Lu|44/100|[from] item: Leftovers
|upkeep
|turn|16
|
|t:|1758965709
|switch|p2a: Raging Bolt|Raging Bolt|57/100
|-damage|p2a: Raging Bolt|44/100|[from] Stealth Rock
|-damage|p2a: Raging Bolt|28/100|[from] Spikes
|move|p1a: Crawdaunt|Crabhammer|p2a: Raging Bolt
|-resisted|p2a: Raging Bolt
|-crit|p2a: Raging Bolt
|-damage|p2a: Raging Bolt|0 fnt
|faint|p2a: Raging Bolt
|-end|p2a: Raging Bolt|Protosynthesis|[silent]
|
|upkeep
|
|t:|1758965718
|switch|p2a: Great Tusk|Great Tusk|100/100
|-damage|p2a: Great Tusk|98/100|[from] Stealth Rock
|-damage|p2a: Great Tusk|81/100|[from] Spikes
|turn|17
|
|t:|1758965724
|switch|p1a: Gholdengo|Gholdengo|100/100
|-damage|p1a: Gholdengo|94/100|[from] Stealth Rock
|move|p2a: Great Tusk|Knock Off|p1a: Gholdengo
|-supereffective|p1a: Gholdengo
|-damage|p1a: Gholdengo|17/100
|-enditem|p1a: Gholdengo|Choice Scarf|[from] move: Knock Off|[of] p2a: Great Tusk
|
|upkeep
|turn|18
|
|t:|1758965735
|move|p2a: Great Tusk|Rapid Spin|p1a: Gholdengo
|-immune|p1a: Gholdengo
|move|p1a: Gholdengo|Make It Rain|p2a: Great Tusk
|-damage|p2a: Great Tusk|0 fnt
|-unboost|p1a: Gholdengo|spa|1
|faint|p2a: Great Tusk
|-end|p2a: Great Tusk|Protosynthesis|[silent]
|
|upkeep
|-message|jietouxiaoyu forfeited.
|
|win|TrentMercer
|raw|TrentMercer's rating: 1547 &rarr; <strong>1571</strong><br />(+24 for winning)
|raw|jietouxiaoyu's rating: 1612 &rarr; <strong>1588</strong><br />(-24 for losing)
|l|☆jietouxiaoyu
|player|p2|
