|j|☆huang_zong
|j|☆Jon Mateo
|t:|1758984196
|gametype|singles
|player|p1|huang_zong|101|1234
|player|p2|Jon Mateo|266|1217
|gen|9
|tier|[Gen 9] OU
|rated|
|rule|HP Percentage Mod: HP is shown in percentages
|rule|Endless Battle Clause: Forcing endless battles is banned
|rule|Species Clause: Limit one of each Pokémon
|rule|OHKO Clause: OHKO moves are banned
|rule|Evasion Items Clause: Evasion items are banned
|rule|Evasion Moves Clause: Evasion moves are banned
|rule|Evasion Abilities Clause: Evasion abilities are banned
|rule|Sleep Moves Clause: Sleep-inducing moves are banned
|clearpoke
|poke|p1|Torkoal, M|
|poke|p1|Walking Wake|
|poke|p1|Great Tusk|
|poke|p1|Brute Bonnet|
|poke|p1|Scizor, M|
|poke|p1|Corviknight, F|
|poke|p2|Ceruledge, M|
|poke|p2|Quaquaval, M|
|poke|p2|Gardevoir, M|
|poke|p2|Garchomp, F|
|poke|p2|Rotom-Frost|
|poke|p2|Kingdra, M|
|teampreview
|j| Woodij55
|inactive|Battle timer is ON: inactive players will automatically lose when time's up. (requested by Jon Mateo)
|
|t:|1758984229
|teamsize|p1|6
|teamsize|p2|6
|start
|switch|p1a: Brute Bonnet|Brute Bonnet|100/100
|switch|p2a: Kingdra|Kingdra, M|100/100
|turn|1
|
|t:|1758984242
|switch|p2a: Garchomp|Garchomp, F|100/100
|move|p1a: Brute Bonnet|Crunch|p2a: Garchomp
|-damage|p2a: Garchomp|58/100
|-damage|p1a: Brute Bonnet|88/100|[from] ability: Rough Skin|[of] p2a: Garchomp
|
|-heal|p1a: Brute Bonnet|94/100|[from] item: Leftovers
|upkeep
|turn|2
|
|t:|1758984260
|move|p2a: Garchomp|Scale Shot|p1a: Brute Bonnet
|-damage|p1a: Brute Bonnet|81/100
|-damage|p1a: Brute Bonnet|70/100
|-damage|p1a: Brute Bonnet|58/100
|-damage|p1a: Brute Bonnet|46/100
|-damage|p1a: Brute Bonnet|33/100
|-hitcount|p1a: Brute Bonnet|5
|-unboost|p2a: Garchomp|def|1
|-boost|p2a: Garchomp|spe|1
|move|p1a: Brute Bonnet|Crunch|p2a: Garchomp
|-damage|p2a: Garchomp|0 fnt
|-damage|p1a: Brute Bonnet|21/100|[from] ability: Rough Skin|[of] p2a: Garchomp
|faint|p2a: Garchomp
|
|-heal|p1a: Brute Bonnet|27/100|[from] item: Leftovers
|upkeep
|
|t:|1758984275
|switch|p2a: Rotom|Rotom-Frost|100/100
|turn|3
|
|t:|1758984283
|-end|p1a: Brute Bonnet|Protosynthesis|[silent]
|switch|p1a: Torkoal|Torkoal, M|100/100
|-weather|SunnyDay|[from] ability: Drought|[of] p1a: Torkoal
|move|p2a: Rotom|Volt Switch|p1a: Torkoal
|-damage|p1a: Torkoal|60/100
|
|t:|1758984287
|switch|p2a: Kingdra|Kingdra, M|100/100|[from] Volt Switch
|
|-weather|SunnyDay|[upkeep]
|upkeep
|turn|4
|
|t:|1758984297
|switch|p1a: Walking Wake|Walking Wake|100/100
|-activate|p1a: Walking Wake|ability: Protosynthesis
|-start|p1a: Walking Wake|protosynthesisspa
|move|p2a: Kingdra|Rain Dance|p2a: Kingdra
|-weather|RainDance
|-end|p1a: Walking Wake|Protosynthesis
|
|-weather|RainDance|[upkeep]
|upkeep
|turn|5
|
|t:|1758984308
|move|p1a: Walking Wake|Draco Meteor|p2a: Kingdra|[miss]
|-miss|p1a: Walking Wake|p2a: Kingdra
|move|p2a: Kingdra|Breaking Swipe|p1a: Walking Wake
|-supereffective|p1a: Walking Wake
|-damage|p1a: Walking Wake|40/100
|-unboost|p1a: Walking Wake|atk|1
|
|-weather|RainDance|[upkeep]
|upkeep
|turn|6
|
|t:|1758984319
|-end|p1a: Walking Wake|Protosynthesis|[silent]
|switch|p1a: Scizor|Scizor, M|100/100
|switch|p2a: Gardevoir|Gardevoir, M|100/100
|-ability|p2a: Gardevoir|Technician|Trace|[from] ability: Trace|[of] p1a: Scizor
|
|-weather|RainDance|[upkeep]
|upkeep
|turn|7
|
|t:|1758984329
|move|p2a: Gardevoir|Mystical Fire|p1a: Scizor
|-supereffective|p1a: Scizor
|-damage|p1a: Scizor|39/100
|-unboost|p1a: Scizor|spa|1
|move|p1a: Scizor|Knock Off|p2a: Gardevoir
|-damage|p2a: Gardevoir|42/100
|-enditem|p2a: Gardevoir|Choice Scarf|[from] move: Knock Off|[of] p1a: Scizor
|
|-weather|RainDance|[upkeep]
|-heal|p1a: Scizor|45/100|[from] item: Leftovers
|upkeep
|turn|8
|
|t:|1758984336
|move|p1a: Scizor|Bullet Punch|p2a: Gardevoir
|-supereffective|p2a: Gardevoir
|-damage|p2a: Gardevoir|0 fnt
|faint|p2a: Gardevoir
|
|-weather|none
|-heal|p1a: Scizor|51/100|[from] item: Leftovers
|upkeep
|
|t:|1758984341
|switch|p2a: Ceruledge|Ceruledge, M|100/100
|turn|9
|
|t:|1758984348
|switch|p1a: Torkoal|Torkoal, M|60/100
|-weather|SunnyDay|[from] ability: Drought|[of] p1a: Torkoal
|-terastallize|p2a: Ceruledge|Fire
|move|p2a: Ceruledge|Swords Dance|p2a: Ceruledge
|-boost|p2a: Ceruledge|atk|2
|
|-weather|SunnyDay|[upkeep]
|upkeep
|turn|10
|
|t:|1758984360
|move|p2a: Ceruledge|Bitter Blade|p1a: Torkoal
|-resisted|p1a: Torkoal
|-damage|p1a: Torkoal|0 fnt
|faint|p1a: Torkoal
|-damage|p2a: Ceruledge|91/100|[from] item: Life Orb
|
|-weather|SunnyDay|[upkeep]
|upkeep
|
|t:|1758984369
|switch|p1a: Walking Wake|Walking Wake|40/100
|-activate|p1a: Walking Wake|ability: Protosynthesis
|-start|p1a: Walking Wake|protosynthesisspa
|turn|11
|
|t:|1758984374
|move|p2a: Ceruledge|Shadow Sneak|p1a: Walking Wake
|-damage|p1a: Walking Wake|0 fnt
|faint|p1a: Walking Wake
|-end|p1a: Walking Wake|Protosynthesis|[silent]
|-damage|p2a: Ceruledge|81/100|[from] item: Life Orb
|
|-weather|SunnyDay|[upkeep]
|upkeep
|
|t:|1758984383
|switch|p1a: Brute Bonnet|Brute Bonnet|27/100
|-activate|p1a: Brute Bonnet|ability: Protosynthesis
|-start|p1a: Brute Bonnet|protosynthesisatk
|turn|12
|
|t:|1758984392
|move|p2a: Ceruledge|Shadow Sneak|p1a: Brute Bonnet
|-resisted|p1a: Brute Bonnet
|-damage|p1a: Brute Bonnet|3/100
|-damage|p2a: Ceruledge|71/100|[from] item: Life Orb
|move|p1a: Brute Bonnet|Sucker Punch||[still]
|-fail|p1a: Brute Bonnet
|
|-weather|SunnyDay|[upkeep]
|-heal|p1a: Brute Bonnet|9/100|[from] item: Leftovers
|upkeep
|turn|13
|inactive|huang_zong has 120 seconds left.
|
|t:|1758984430
|move|p2a: Ceruledge|Shadow Sneak|p1a: Brute Bonnet
|-resisted|p1a: Brute Bonnet
|-damage|p1a: Brute Bonnet|0 fnt
|faint|p1a: Brute Bonnet
|-end|p1a: Brute Bonnet|Protosynthesis|[silent]
|-damage|p2a: Ceruledge|61/100|[from] item: Life Orb
|
|-weather|SunnyDay|[upkeep]
|upkeep
|
|t:|1758984433
|switch|p1a: Great Tusk|Great Tusk|100/100
|-activate|p1a: Great Tusk|ability: Protosynthesis
|-start|p1a: Great Tusk|protosynthesisatk
|turn|14
|inactive|huang_zong has 120 seconds left.
|
|t:|1758984446
|move|p2a: Ceruledge|Shadow Sneak|p1a: Great Tusk
|-damage|p1a: Great Tusk|56/100
|-damage|p2a: Ceruledge|51/100|[from] item: Life Orb
|move|p1a: Great Tusk|Headlong Rush|p2a: Ceruledge
|-supereffective|p2a: Ceruledge
|-crit|p2a: Ceruledge
|-damage|p2a: Ceruledge|0 fnt
|-unboost|p1a: Great Tusk|def|1
|-unboost|p1a: Great Tusk|spd|1
|faint|p2a: Ceruledge
|
|-weather|SunnyDay|[upkeep]
|-heal|p1a: Great Tusk|62/100|[from] item: Leftovers
|upkeep
|
|t:|1758984455
|switch|p2a: Kingdra|Kingdra, M|100/100
|turn|15
|
|t:|1758984465
|move|p1a: Great Tusk|Headlong Rush|p2a: Kingdra
|-damage|p2a: Kingdra|0 fnt
|-unboost|p1a: Great Tusk|def|1
|-unboost|p1a: Great Tusk|spd|1
|faint|p2a: Kingdra
|
|-weather|SunnyDay|[upkeep]
|-heal|p1a: Great Tusk|69/100|[from] item: Leftovers
|upkeep
|
|t:|1758984471
|switch|p2a: Quaquaval|Quaquaval, M|100/100
|turn|16
|
|t:|1758984474
|move|p1a: Great Tusk|Headlong Rush|p2a: Quaquaval
|-damage|p2a: Quaquaval|0 fnt
|-unboost|p1a: Great Tusk|def|1
|-unboost|p1a: Great Tusk|spd|1
|faint|p2a: Quaquaval
|
|-weather|none
|-end|p1a: Great Tusk|Protosynthesis
|-heal|p1a: Great Tusk|75/100|[from] item: Leftovers
|upkeep
|
|t:|1758984477
|switch|p2a: Rotom|Rotom-Frost|100/100
|turn|17
|
|t:|1758984486
|-end|p1a: Great Tusk|Protosynthesis|[silent]
|switch|p1a: Corviknight|Corviknight, F|100/100
|move|p2a: Rotom|Blizzard|p1a: Corviknight|[miss]
|-miss|p2a: Rotom|p1a: Corviknight
|
|upkeep
|turn|18
|
|t:|1758984495
|move|p2a: Rotom|Blizzard|p1a: Corviknight
|-damage|p1a: Corviknight|56/100
|move|p1a: Corviknight|Body Press|p2a: Rotom
|-supereffective|p2a: Rotom
|-damage|p2a: Rotom|35/100
|
|upkeep
|turn|19
|
|t:|1758984501
|move|p2a: Rotom|Blizzard|p1a: Corviknight
|-damage|p1a: Corviknight|15/100
|move|p1a: Corviknight|Body Press|p2a: Rotom
|-supereffective|p2a: Rotom
|-damage|p2a: Rotom|0 fnt
|faint|p2a: Rotom
|
|win|huang_zong
|raw|huang_zong's rating: 1234 &rarr; <strong>1258</strong><br />(+24 for winning)
|raw|Jon Mateo's rating: 1217 &rarr; <strong>1193</strong><br />(-24 for losing)
|l|☆Jon Mateo
|player|p2|
|l|☆huang_zong
|player|p1|
|l| Woodij55
|j|☆huang_zong
|player|p1|huang_zong|101|
|l|☆huang_zong
|player|p1|
