|j|☆pokebrubruh
|j|☆darkfir3_original
|t:|1759032268
|gametype|singles
|player|p1|pokebrubruh|linebacker|1156
|player|p2|darkfir3_original|petrel|1130
|gen|9
|tier|[Gen 9] OU
|rated|
|rule|HP Percentage Mod: HP is shown in percentages
|rule|Endless Battle Clause: Forcing endless battles is banned
|rule|Species Clause: Limit one of each Pokémon
|rule|OHKO Clause: OHKO moves are banned
|rule|Evasion Items Clause: Evasion items are banned
|rule|Evasion Moves Clause: Evasion moves are banned
|rule|Evasion Abilities Clause: Evasion abilities are banned
|rule|Sleep Moves Clause: Sleep-inducing moves are banned
|clearpoke
|poke|p1|Serperior, M|
|poke|p1|Cinderace, F|
|poke|p1|Alomomola, F|
|poke|p1|Kingambit, M|
|poke|p1|Gholdengo|
|poke|p1|Enamorus, F|
|poke|p2|Kommo-o, M|
|poke|p2|Landorus-Therian, M|
|poke|p2|Kingambit, M|
|poke|p2|Hatterene, F|
|poke|p2|Ogerpon-Wellspring, F|
|poke|p2|Gholdengo|
|teampreview
|inactive|Battle timer is ON: inactive players will automatically lose when time's up. (requested by darkfir3_original)
|
|t:|1759032279
|teamsize|p1|6
|teamsize|p2|6
|start
|switch|p1a: Cinderace|Cinderace, F|100/100
|switch|p2a: Landorus|Landorus-Therian, M|100/100
|-ability|p2a: Landorus|Intimidate|boost
|-unboost|p1a: Cinderace|atk|1
|turn|1
|
|t:|1759032287
|move|p1a: Cinderace|U-turn|p2a: Landorus
|-start|p1a: Cinderace|typechange|Bug|[from] ability: Libero
|-resisted|p2a: Landorus
|-damage|p2a: Landorus|89/100
|-damage|p1a: Cinderace|84/100|[from] item: Rocky Helmet|[of] p2a: Landorus
|
|t:|1759032295
|switch|p1a: Alomomola|Alomomola, F|100/100|[from] U-turn
|move|p2a: Landorus|Taunt|p1a: Alomomola
|-start|p1a: Alomomola|move: Taunt
|
|upkeep
|turn|2
|
|t:|1759032304
|switch|p2a: Ogerpon|Ogerpon-Wellspring, F|100/100
|switch|p1a: Cinderace|Cinderace, F|84/100
|
|upkeep
|turn|3
|
|t:|1759032314
|move|p1a: Cinderace|U-turn|p2a: Ogerpon
|-start|p1a: Cinderace|typechange|Bug|[from] ability: Libero
|-supereffective|p2a: Ogerpon
|-damage|p2a: Ogerpon|17/100
|
|t:|1759032320
|switch|p1a: Enamorus|Enamorus, F|100/100|[from] U-turn
|move|p2a: Ogerpon|Knock Off|p1a: Enamorus
|-resisted|p1a: Enamorus
|-damage|p1a: Enamorus|72/100
|-enditem|p1a: Enamorus|Choice Scarf|[from] move: Knock Off|[of] p2a: Ogerpon
|
|upkeep
|turn|4
|
|t:|1759032331
|move|p2a: Ogerpon|Ivy Cudgel|p1a: Enamorus|[anim] Ivy Cudgel Water
|-damage|p1a: Enamorus|0 fnt
|faint|p1a: Enamorus
|
|upkeep
|
|t:|1759032337
|switch|p1a: Cinderace|Cinderace, F|84/100
|turn|5
|
|t:|1759032344
|switch|p2a: Landorus|Landorus-Therian, M|89/100
|-ability|p2a: Landorus|Intimidate|boost
|-unboost|p1a: Cinderace|atk|1
|move|p1a: Cinderace|U-turn|p2a: Landorus
|-start|p1a: Cinderace|typechange|Bug|[from] ability: Libero
|-resisted|p2a: Landorus
|-damage|p2a: Landorus|78/100
|-damage|p1a: Cinderace|67/100|[from] item: Rocky Helmet|[of] p2a: Landorus
|
|t:|1759032347
|switch|p1a: Serperior|Serperior, M, shiny|100/100|[from] U-turn
|
|upkeep
|turn|6
|
|t:|1759032356
|move|p1a: Serperior|Glare|p2a: Landorus
|-status|p2a: Landorus|par
|move|p2a: Landorus|U-turn|p1a: Serperior
|-supereffective|p1a: Serperior
|-damage|p1a: Serperior|52/100
|
|t:|1759032365
|switch|p2a: Gholdengo|Gholdengo|100/100|[from] U-turn
|
|upkeep
|turn|7
|
|t:|1759032385
|-terastallize|p1a: Serperior|Ground
|move|p2a: Gholdengo|Make It Rain|p1a: Serperior
|-damage|p1a: Serperior|0 fnt
|-unboost|p2a: Gholdengo|spa|1
|faint|p1a: Serperior
|
|upkeep
|
|t:|1759032389
|switch|p1a: Cinderace|Cinderace, F|67/100
|turn|8
|
|t:|1759032414
|switch|p2a: Landorus|Landorus-Therian, M|78/100 par
|-ability|p2a: Landorus|Intimidate|boost
|-unboost|p1a: Cinderace|atk|1
|move|p1a: Cinderace|Pyro Ball|p2a: Landorus
|-damage|p2a: Landorus|43/100 par
|
|upkeep
|turn|9
|
|t:|1759032425
|move|p1a: Cinderace|U-turn|p2a: Landorus
|-start|p1a: Cinderace|typechange|Bug|[from] ability: Libero
|-resisted|p2a: Landorus
|-damage|p2a: Landorus|32/100 par
|-damage|p1a: Cinderace|51/100|[from] item: Rocky Helmet|[of] p2a: Landorus
|
|t:|1759032427
|switch|p1a: Gholdengo|Gholdengo|100/100|[from] U-turn
|-item|p1a: Gholdengo|Air Balloon
|move|p2a: Landorus|Earth Power|p1a: Gholdengo
|-immune|p1a: Gholdengo
|
|upkeep
|turn|10
|
|t:|1759032435
|move|p1a: Gholdengo|Nasty Plot|p1a: Gholdengo
|-boost|p1a: Gholdengo|spa|2
|cant|p2a: Landorus|par
|
|upkeep
|turn|11
|
|t:|1759032441
|move|p1a: Gholdengo|Shadow Ball|p2a: Landorus
|-damage|p2a: Landorus|0 fnt
|faint|p2a: Landorus
|
|upkeep
|
|t:|1759032445
|switch|p2a: Gholdengo|Gholdengo|100/100
|turn|12
|
|t:|1759032449
|move|p2a: Gholdengo|Shadow Ball|p1a: Gholdengo
|-supereffective|p1a: Gholdengo
|-damage|p1a: Gholdengo|21/100
|-enditem|p1a: Gholdengo|Air Balloon
|move|p1a: Gholdengo|Shadow Ball|p2a: Gholdengo
|-supereffective|p2a: Gholdengo
|-damage|p2a: Gholdengo|0 fnt
|faint|p2a: Gholdengo
|
|upkeep
|
|t:|1759032455
|switch|p2a: Kingambit|Kingambit, M|100/100
|-activate|p2a: Kingambit|ability: Supreme Overlord
|-start|p2a: Kingambit|fallen2|[silent]
|turn|13
|
|t:|1759032459
|move|p1a: Gholdengo|Recover|p1a: Gholdengo
|-heal|p1a: Gholdengo|71/100
|move|p2a: Kingambit|Kowtow Cleave|p1a: Gholdengo
|-supereffective|p1a: Gholdengo
|-damage|p1a: Gholdengo|0 fnt
|faint|p1a: Gholdengo
|
|upkeep
|
|t:|1759032462
|switch|p1a: Cinderace|Cinderace, F|51/100
|turn|14
|
|t:|1759032468
|move|p2a: Kingambit|Sucker Punch|p1a: Cinderace
|-crit|p1a: Cinderace
|-damage|p1a: Cinderace|0 fnt
|faint|p1a: Cinderace
|
|upkeep
|
|t:|1759032470
|switch|p1a: Alomomola|Alomomola, F|100/100
|turn|15
|
|t:|1759032477
|move|p2a: Kingambit|Swords Dance|p2a: Kingambit
|-boost|p2a: Kingambit|atk|2
|move|p1a: Alomomola|Wish|p1a: Alomomola
|
|upkeep
|turn|16
|
|t:|1759032480
|move|p2a: Kingambit|Swords Dance|p2a: Kingambit
|-boost|p2a: Kingambit|atk|2
|move|p1a: Alomomola|Scald|p2a: Kingambit
|-damage|p2a: Kingambit|84/100
|
|-heal|p2a: Kingambit|90/100|[from] item: Leftovers
|upkeep
|turn|17
|
|t:|1759032487
|move|p2a: Kingambit|Kowtow Cleave|p1a: Alomomola
|-damage|p1a: Alomomola|12/100
|-damage|p2a: Kingambit|74/100|[from] item: Rocky Helmet|[of] p1a: Alomomola
|move|p1a: Alomomola|Scald|p2a: Kingambit
|-damage|p2a: Kingambit|58/100
|-status|p2a: Kingambit|brn
|
|-heal|p2a: Kingambit|64/100 brn|[from] item: Leftovers
|-damage|p2a: Kingambit|58/100 brn|[from] brn
|upkeep
|turn|18
|
|t:|1759032492
|move|p1a: Alomomola|Protect|p1a: Alomomola
|-singleturn|p1a: Alomomola|Protect
|move|p2a: Kingambit|Sucker Punch||[still]
|-fail|p2a: Kingambit
|
|-heal|p2a: Kingambit|64/100 brn|[from] item: Leftovers
|-damage|p2a: Kingambit|58/100 brn|[from] brn
|upkeep
|turn|19
|
|t:|1759032493
|move|p2a: Kingambit|Kowtow Cleave|p1a: Alomomola
|-damage|p1a: Alomomola|0 fnt
|-damage|p2a: Kingambit|42/100 brn|[from] item: Rocky Helmet|[of] p1a: Alomomola
|faint|p1a: Alomomola
|
|-heal|p2a: Kingambit|48/100 brn|[from] item: Leftovers
|-damage|p2a: Kingambit|42/100 brn|[from] brn
|upkeep
|
|t:|1759032495
|switch|p1a: Kingambit|Kingambit, M|100/100
|turn|20
|
|t:|1759032506
|move|p2a: Kingambit|Sucker Punch|p1a: Kingambit
|-resisted|p1a: Kingambit
|-damage|p1a: Kingambit|75/100
|move|p1a: Kingambit|Kowtow Cleave|p2a: Kingambit
|-resisted|p2a: Kingambit
|-damage|p2a: Kingambit|15/100 brn
|
|-heal|p2a: Kingambit|21/100 brn|[from] item: Leftovers
|-damage|p2a: Kingambit|15/100 brn|[from] brn
|upkeep
|turn|21
|
|t:|1759032510
|move|p2a: Kingambit|Sucker Punch|p1a: Kingambit
|-resisted|p1a: Kingambit
|-damage|p1a: Kingambit|48/100
|move|p1a: Kingambit|Kowtow Cleave|p2a: Kingambit
|-resisted|p2a: Kingambit
|-damage|p2a: Kingambit|0 fnt
|faint|p2a: Kingambit
|-end|p2a: Kingambit|fallen2|[silent]
|
|upkeep
|
|t:|1759032518
|switch|p2a: Kommo-o|Kommo-o, M|100/100
|turn|22
|
|t:|1759032520
|move|p2a: Kommo-o|Drain Punch|p1a: Kingambit
|-supereffective|p1a: Kingambit
|-damage|p1a: Kingambit|0 fnt
|faint|p1a: Kingambit
|
|win|darkfir3_original
|raw|pokebrubruh's rating: 1156 &rarr; <strong>1129</strong><br />(-27 for losing)
|raw|darkfir3_original's rating: 1130 &rarr; <strong>1157</strong><br />(+27 for winning)
|l|☆pokebrubruh
|player|p1|
