|j|☆TheCoatOfChaos
|j|☆qiji125
|t:|1759038804
|gametype|singles
|player|p1|TheCoatOfChaos|1|1202
|player|p2|qiji125|n|1242
|gen|9
|tier|[Gen 9] OU
|rated|
|rule|HP Percentage Mod: HP is shown in percentages
|rule|Endless Battle Clause: Forcing endless battles is banned
|rule|Species Clause: Limit one of each Pokémon
|rule|OHKO Clause: OHKO moves are banned
|rule|Evasion Items Clause: Evasion items are banned
|rule|Evasion Moves Clause: Evasion moves are banned
|rule|Evasion Abilities Clause: Evasion abilities are banned
|rule|Sleep Moves Clause: Sleep-inducing moves are banned
|clearpoke
|poke|p1|Araquanid, F|
|poke|p1|Lucario, F|
|poke|p1|Glimmora, M|
|poke|p1|Dragapult, M|
|poke|p1|Oricorio-Pom-Pom, M|
|poke|p1|Garganacl, M|
|poke|p2|Ogerpon-Wellspring, F|
|poke|p2|Pecharunt|
|poke|p2|Zapdos|
|poke|p2|Zamazenta-*|
|poke|p2|Kyurem|
|poke|p2|Gholdengo|
|teampreview
|
|t:|1759038854
|teamsize|p1|6
|teamsize|p2|6
|start
|switch|p1a: Garganacl|Garganacl, M|100/100
|switch|p2a: Pecharunt|Pecharunt|100/100
|turn|1
|
|t:|1759038866
|move|p2a: Pecharunt|Parting Shot|p1a: Garganacl
|-unboost|p1a: Garganacl|atk|1
|-unboost|p1a: Garganacl|spa|1
|
|t:|1759038870
|switch|p2a: Gholdengo|Gholdengo|100/100|[from] Parting Shot
|move|p1a: Garganacl|Salt Cure|p2a: Gholdengo
|-resisted|p2a: Gholdengo
|-damage|p2a: Gholdengo|96/100
|-start|p2a: Gholdengo|Salt Cure
|
|-damage|p2a: Gholdengo|71/100|[from] Salt Cure
|upkeep
|turn|2
|
|t:|1759038884
|switch|p1a: Araquanid|Araquanid, F|100/100
|move|p2a: Gholdengo|Make It Rain|p1a: Araquanid
|-resisted|p1a: Araquanid
|-damage|p1a: Araquanid|84/100
|-unboost|p2a: Gholdengo|spa|1
|
|-damage|p2a: Gholdengo|46/100|[from] Salt Cure
|upkeep
|turn|3
|
|t:|1759038899
|switch|p2a: Ogerpon|Ogerpon-Wellspring, F|100/100
|move|p1a: Araquanid|Body Slam|p2a: Ogerpon
|-damage|p2a: Ogerpon|70/100
|-status|p2a: Ogerpon|par
|
|upkeep
|turn|4
|
|t:|1759038913
|cant|p2a: Ogerpon|par
|move|p1a: Araquanid|Leech Life|p2a: Ogerpon
|-supereffective|p2a: Ogerpon
|-damage|p2a: Ogerpon|0 fnt
|-heal|p1a: Araquanid|100/100|[from] drain|[of] p2a: Ogerpon
|faint|p2a: Ogerpon
|
|upkeep
|
|t:|1759038927
|switch|p2a: Pecharunt|Pecharunt|100/100
|turn|5
|
|t:|1759038933
|switch|p1a: Garganacl|Garganacl, M|100/100
|move|p2a: Pecharunt|Malignant Chain|p1a: Garganacl
|-resisted|p1a: Garganacl
|-damage|p1a: Garganacl|85/100
|
|-heal|p1a: Garganacl|92/100|[from] item: Leftovers
|upkeep
|turn|6
|
|t:|1759038946
|move|p2a: Pecharunt|Parting Shot|p1a: Garganacl
|-unboost|p1a: Garganacl|atk|1
|-unboost|p1a: Garganacl|spa|1
|
|t:|1759038958
|switch|p2a: Zapdos|Zapdos|100/100|[from] Parting Shot
|-ability|p2a: Zapdos|Pressure
|move|p1a: Garganacl|Stealth Rock|p2a: Zapdos
|-sidestart|p2: qiji125|move: Stealth Rock
|
|-heal|p1a: Garganacl|98/100|[from] item: Leftovers
|upkeep
|turn|7
|
|t:|1759038973
|move|p2a: Zapdos|Volt Switch|p1a: Garganacl
|-damage|p1a: Garganacl|45/100
|
|t:|1759038984
|switch|p2a: Zamazenta|Zamazenta|100/100|[from] Volt Switch
|-damage|p2a: Zamazenta|94/100|[from] Stealth Rock
|-ability|p2a: Zamazenta|Dauntless Shield|boost
|-boost|p2a: Zamazenta|def|1
|move|p1a: Garganacl|Salt Cure|p2a: Zamazenta
|-resisted|p2a: Zamazenta
|-damage|p2a: Zamazenta|92/100
|-start|p2a: Zamazenta|Salt Cure
|
|-heal|p2a: Zamazenta|98/100|[from] item: Leftovers
|-heal|p1a: Garganacl|51/100|[from] item: Leftovers
|-damage|p2a: Zamazenta|86/100|[from] Salt Cure
|upkeep
|turn|8
|
|t:|1759039006
|switch|p1a: Dragapult|Dragapult, M|100/100
|move|p2a: Zamazenta|Iron Defense|p2a: Zamazenta
|-boost|p2a: Zamazenta|def|2
|
|-heal|p2a: Zamazenta|92/100|[from] item: Leftovers
|-damage|p2a: Zamazenta|80/100|[from] Salt Cure
|upkeep
|turn|9
|
|t:|1759039020
|move|p1a: Dragapult|Psychic Fangs|p2a: Zamazenta
|-supereffective|p2a: Zamazenta
|-damage|p2a: Zamazenta|62/100
|move|p2a: Zamazenta|Crunch|p1a: Dragapult
|-supereffective|p1a: Dragapult
|-damage|p1a: Dragapult|37/100
|
|-heal|p2a: Zamazenta|68/100|[from] item: Leftovers
|-damage|p2a: Zamazenta|55/100|[from] Salt Cure
|upkeep
|turn|10
|
|t:|1759039036
|move|p1a: Dragapult|Phantom Force||[still]
|-prepare|p1a: Dragapult|Phantom Force
|move|p2a: Zamazenta|Body Press|p1a: Dragapult|[miss]
|-miss|p2a: Zamazenta|p1a: Dragapult
|
|-heal|p2a: Zamazenta|62/100|[from] item: Leftovers
|-damage|p2a: Zamazenta|49/100|[from] Salt Cure
|upkeep
|turn|11
|
|t:|1759039048
|move|p1a: Dragapult|Phantom Force|p2a: Zamazenta|[from] lockedmove
|-damage|p2a: Zamazenta|36/100
|move|p2a: Zamazenta|Crunch|p1a: Dragapult
|-supereffective|p1a: Dragapult
|-damage|p1a: Dragapult|0 fnt
|faint|p1a: Dragapult
|
|-heal|p2a: Zamazenta|42/100|[from] item: Leftovers
|-damage|p2a: Zamazenta|30/100|[from] Salt Cure
|upkeep
|
|t:|1759039078
|switch|p1a: Glimmora|Glimmora, M|100/100
|turn|12
|
|t:|1759039094
|move|p1a: Glimmora|Earth Power|p2a: Zamazenta
|-damage|p2a: Zamazenta|7/100
|move|p2a: Zamazenta|Body Press|p1a: Glimmora
|-crit|p1a: Glimmora
|-damage|p1a: Glimmora|0 fnt
|-activate|p1a: Glimmora|ability: Toxic Debris
|-sidestart|p2: qiji125|move: Toxic Spikes
|faint|p1a: Glimmora
|
|-heal|p2a: Zamazenta|13/100|[from] item: Leftovers
|-damage|p2a: Zamazenta|1/100|[from] Salt Cure
|upkeep
|
|t:|1759039107
|switch|p1a: Lucario|Lucario, F|100/100
|turn|13
|
|t:|1759039114
|move|p1a: Lucario|Bullet Punch|p2a: Zamazenta
|-damage|p2a: Zamazenta|0 fnt
|faint|p2a: Zamazenta
|-damage|p1a: Lucario|91/100|[from] item: Life Orb
|
|upkeep
|
|t:|1759039122
|switch|p2a: Pecharunt|Pecharunt|100/100
|-damage|p2a: Pecharunt|88/100|[from] Stealth Rock
|-sideend|p2: qiji125|move: Toxic Spikes|[of] p2a: Pecharunt
|turn|14
|
|t:|1759039129
|move|p1a: Lucario|Flash Cannon|p2a: Pecharunt
|-damage|p2a: Pecharunt|40/100
|-damage|p1a: Lucario|81/100|[from] item: Life Orb
|move|p2a: Pecharunt|Parting Shot|p1a: Lucario
|-unboost|p1a: Lucario|atk|1
|-unboost|p1a: Lucario|spa|1
|
|t:|1759039146
|switch|p2a: Zapdos|Zapdos|100/100|[from] Parting Shot
|-damage|p2a: Zapdos|76/100|[from] Stealth Rock
|-ability|p2a: Zapdos|Pressure
|
|upkeep
|turn|15
|
|t:|1759039157
|switch|p1a: Oricorio|Oricorio-Pom-Pom, M|100/100
|move|p2a: Zapdos|Heat Wave|p1a: Oricorio
|-damage|p1a: Oricorio|31/100
|
|upkeep
|turn|16
|inactive|Battle timer is ON: inactive players will automatically lose when time's up. (requested by qiji125)
|
|t:|1759039216
|move|p2a: Zapdos|Heat Wave|p1a: Oricorio|[miss]
|-miss|p2a: Zapdos|p1a: Oricorio
|move|p1a: Oricorio|Alluring Voice|p2a: Zapdos
|-damage|p2a: Zapdos|51/100
|
|upkeep
|turn|17
|
|t:|1759039226
|move|p2a: Zapdos|Heat Wave|p1a: Oricorio
|-crit|p1a: Oricorio
|-damage|p1a: Oricorio|0 fnt
|faint|p1a: Oricorio
|
|upkeep
|
|t:|1759039231
|switch|p1a: Garganacl|Garganacl, M|51/100
|turn|18
|
|t:|1759039238
|-terastallize|p2a: Zapdos|Fire
|move|p2a: Zapdos|Heat Wave|p1a: Garganacl
|-resisted|p1a: Garganacl
|-damage|p1a: Garganacl|20/100
|move|p1a: Garganacl|Recover|p1a: Garganacl
|-heal|p1a: Garganacl|70/100
|
|-heal|p1a: Garganacl|76/100|[from] item: Leftovers
|upkeep
|turn|19
|
|t:|1759039261
|switch|p2a: Kyurem|Kyurem|100/100
|-damage|p2a: Kyurem|76/100|[from] Stealth Rock
|-ability|p2a: Kyurem|Pressure
|move|p1a: Garganacl|Salt Cure|p2a: Kyurem
|-supereffective|p2a: Kyurem
|-damage|p2a: Kyurem|43/100
|-start|p2a: Kyurem|Salt Cure
|
|-heal|p1a: Garganacl|82/100|[from] item: Leftovers
|-damage|p2a: Kyurem|31/100|[from] Salt Cure
|upkeep
|turn|20
|
|t:|1759039286
|switch|p1a: Lucario|Lucario, F|81/100
|move|p2a: Kyurem|Earth Power|p1a: Lucario
|-supereffective|p1a: Lucario
|-damage|p1a: Lucario|0 fnt
|faint|p1a: Lucario
|
|-damage|p2a: Kyurem|19/100|[from] Salt Cure
|upkeep
|
|t:|1759039294
|switch|p1a: Araquanid|Araquanid, F|100/100
|turn|21
|
|t:|1759039307
|move|p2a: Kyurem|Freeze-Dry|p1a: Araquanid
|-supereffective|p1a: Araquanid
|-damage|p1a: Araquanid|70/100
|move|p1a: Araquanid|Liquidation|p2a: Kyurem
|-resisted|p2a: Kyurem
|-damage|p2a: Kyurem|0 fnt
|faint|p2a: Kyurem
|
|upkeep
|
|t:|1759039317
|switch|p2a: Zapdos|Zapdos, tera:Fire|51/100
|-damage|p2a: Zapdos|26/100|[from] Stealth Rock
|-ability|p2a: Zapdos|Pressure
|turn|22
|
|t:|1759039326
|move|p2a: Zapdos|Volt Switch|p1a: Araquanid
|-supereffective|p1a: Araquanid
|-crit|p1a: Araquanid
|-damage|p1a: Araquanid|0 fnt
|faint|p1a: Araquanid
|
|t:|1759039333
|switch|p2a: Gholdengo|Gholdengo|46/100|[from] Volt Switch
|-damage|p2a: Gholdengo|40/100|[from] Stealth Rock
|
|upkeep
|
|t:|1759039338
|switch|p1a: Garganacl|Garganacl, M|82/100
|turn|23
|
|t:|1759039346
|-terastallize|p1a: Garganacl|Ghost
|move|p2a: Gholdengo|Make It Rain|p1a: Garganacl
|-damage|p1a: Garganacl|19/100
|-unboost|p2a: Gholdengo|spa|1
|move|p1a: Garganacl|Salt Cure|p2a: Gholdengo
|-resisted|p2a: Gholdengo
|-damage|p2a: Gholdengo|32/100
|-start|p2a: Gholdengo|Salt Cure
|
|-heal|p1a: Garganacl|25/100|[from] item: Leftovers
|-damage|p2a: Gholdengo|7/100|[from] Salt Cure
|upkeep
|turn|24
|
|t:|1759039362
|move|p2a: Gholdengo|Make It Rain|p1a: Garganacl
|-damage|p1a: Garganacl|0 fnt
|-unboost|p2a: Gholdengo|spa|1
|faint|p1a: Garganacl
|
|win|qiji125
|raw|TheCoatOfChaos's rating: 1202 &rarr; <strong>1180</strong><br />(-22 for losing)
|raw|qiji125's rating: 1242 &rarr; <strong>1264</strong><br />(+22 for winning)
|c|☆TheCoatOfChaos|gg
|l|☆TheCoatOfChaos
|player|p1|
|l|☆qiji125
|player|p2|
