|j|☆dezzcargot
|j|☆Labooble
|t:|1758975307
|gametype|singles
|player|p1|dezzcargot|hoopster|1421
|player|p2|Labooble|169|1490
|gen|9
|tier|[Gen 9] OU
|rated|
|rule|HP Percentage Mod: HP is shown in percentages
|rule|Endless Battle Clause: Forcing endless battles is banned
|rule|Species Clause: Limit one of each Pokémon
|rule|OHKO Clause: OHKO moves are banned
|rule|Evasion Items Clause: Evasion items are banned
|rule|Evasion Moves Clause: Evasion moves are banned
|rule|Evasion Abilities Clause: Evasion abilities are banned
|rule|Sleep Moves Clause: Sleep-inducing moves are banned
|clearpoke
|poke|p1|Walking Wake|
|poke|p1|Ceruledge, F|
|poke|p1|Great Tusk|
|poke|p1|Hatterene, F|
|poke|p1|Torkoal, M|
|poke|p1|Raging Bolt|
|poke|p2|Dragapult, F|
|poke|p2|Suicune|
|poke|p2|Zamazenta-*|
|poke|p2|Kyurem|
|poke|p2|Cinderace, M|
|poke|p2|Zapdos|
|teampreview
|inactive|Battle timer is ON: inactive players will automatically lose when time's up. (requested by Labooble)
|
|t:|1758975323
|teamsize|p1|6
|teamsize|p2|6
|start
|switch|p1a: Torkoal|Torkoal, M|100/100
|switch|p2a: Suicune|Suicune|100/100
|-ability|p2a: Suicune|Pressure
|-weather|SunnyDay|[from] ability: Drought|[of] p1a: Torkoal
|turn|1
|
|t:|1758975334
|move|p2a: Suicune|Substitute|p2a: Suicune
|-start|p2a: Suicune|Substitute
|-damage|p2a: Suicune|75/100
|move|p1a: Torkoal|Stealth Rock|p2a: Suicune
|-sidestart|p2: Labooble|move: Stealth Rock
|
|-weather|SunnyDay|[upkeep]
|-heal|p2a: Suicune|82/100|[from] item: Leftovers
|upkeep
|turn|2
|
|t:|1758975352
|move|p2a: Suicune|Calm Mind|p2a: Suicune
|-boost|p2a: Suicune|spa|1
|-boost|p2a: Suicune|spd|1
|move|p1a: Torkoal|Body Press|p2a: Suicune
|-activate|p2a: Suicune|move: Substitute|[damage]
|
|-weather|SunnyDay|[upkeep]
|-heal|p2a: Suicune|88/100|[from] item: Leftovers
|upkeep
|turn|3
|
|t:|1758975359
|move|p2a: Suicune|Calm Mind|p2a: Suicune
|-boost|p2a: Suicune|spa|1
|-boost|p2a: Suicune|spd|1
|move|p1a: Torkoal|Body Press|p2a: Suicune
|-end|p2a: Suicune|Substitute
|
|-weather|SunnyDay|[upkeep]
|-heal|p2a: Suicune|94/100|[from] item: Leftovers
|upkeep
|turn|4
|
|t:|1758975374
|switch|p1a: Raging Bolt|Raging Bolt|100/100
|-activate|p1a: Raging Bolt|ability: Protosynthesis
|-start|p1a: Raging Bolt|protosynthesisspa
|move|p2a: Suicune|Substitute|p2a: Suicune
|-start|p2a: Suicune|Substitute
|-damage|p2a: Suicune|69/100
|
|-weather|SunnyDay|[upkeep]
|-heal|p2a: Suicune|75/100|[from] item: Leftovers
|upkeep
|turn|5
|
|t:|1758975384
|move|p1a: Raging Bolt|Volt Switch|p2a: Suicune
|-supereffective|p2a: Suicune
|-end|p2a: Suicune|Substitute
|
|t:|1758975388
|-end|p1a: Raging Bolt|Protosynthesis|[silent]
|switch|p1a: Hatterene|Hatterene, F|100/100|[from] Volt Switch
|move|p2a: Suicune|Calm Mind|p2a: Suicune
|-boost|p2a: Suicune|spa|1
|-boost|p2a: Suicune|spd|1
|
|-weather|SunnyDay|[upkeep]
|-heal|p2a: Suicune|81/100|[from] item: Leftovers
|upkeep
|turn|6
|
|t:|1758975397
|move|p2a: Suicune|Protect|p2a: Suicune
|-singleturn|p2a: Suicune|Protect
|move|p1a: Hatterene|Nuzzle|p2a: Suicune
|-activate|p2a: Suicune|move: Protect
|
|-weather|SunnyDay|[upkeep]
|-heal|p2a: Suicune|88/100|[from] item: Leftovers
|upkeep
|turn|7
|
|t:|1758975404
|switch|p1a: Raging Bolt|Raging Bolt|100/100
|-activate|p1a: Raging Bolt|ability: Protosynthesis
|-start|p1a: Raging Bolt|protosynthesisspa
|move|p2a: Suicune|Substitute|p2a: Suicune
|-start|p2a: Suicune|Substitute
|-damage|p2a: Suicune|63/100
|
|-weather|SunnyDay|[upkeep]
|-heal|p2a: Suicune|69/100|[from] item: Leftovers
|upkeep
|turn|8
|
|t:|1758975416
|move|p1a: Raging Bolt|Volt Switch|p2a: Suicune
|-supereffective|p2a: Suicune
|-end|p2a: Suicune|Substitute
|
|t:|1758975420
|-end|p1a: Raging Bolt|Protosynthesis|[silent]
|switch|p1a: Hatterene|Hatterene, F|100/100|[from] Volt Switch
|move|p2a: Suicune|Calm Mind|p2a: Suicune
|-boost|p2a: Suicune|spa|1
|-boost|p2a: Suicune|spd|1
|
|-weather|none
|-heal|p2a: Suicune|75/100|[from] item: Leftovers
|upkeep
|turn|9
|
|t:|1758975431
|switch|p1a: Raging Bolt|Raging Bolt|100/100
|move|p2a: Suicune|Substitute|p2a: Suicune
|-start|p2a: Suicune|Substitute
|-damage|p2a: Suicune|50/100
|
|-heal|p2a: Suicune|56/100|[from] item: Leftovers
|upkeep
|turn|10
|
|t:|1758975435
|move|p2a: Suicune|Protect|p2a: Suicune
|-singleturn|p2a: Suicune|Protect
|move|p1a: Raging Bolt|Volt Switch|p2a: Suicune
|-activate|p2a: Suicune|move: Protect
|
|-heal|p2a: Suicune|62/100|[from] item: Leftovers
|upkeep
|turn|11
|
|t:|1758975442
|move|p1a: Raging Bolt|Volt Switch|p2a: Suicune
|-supereffective|p2a: Suicune
|-activate|p2a: Suicune|move: Substitute|[damage]
|
|t:|1758975447
|-end|p1a: Raging Bolt|Protosynthesis|[silent]
|switch|p1a: Great Tusk|Great Tusk|100/100|[from] Volt Switch
|move|p2a: Suicune|Scald|p1a: Great Tusk
|-supereffective|p1a: Great Tusk
|-damage|p1a: Great Tusk|0 fnt
|faint|p1a: Great Tusk
|-end|p1a: Great Tusk|Protosynthesis|[silent]
|
|-heal|p2a: Suicune|69/100|[from] item: Leftovers
|upkeep
|
|t:|1758975452
|switch|p1a: Raging Bolt|Raging Bolt|100/100
|turn|12
|
|t:|1758975458
|move|p2a: Suicune|Protect|p2a: Suicune
|-singleturn|p2a: Suicune|Protect
|move|p1a: Raging Bolt|Volt Switch|p2a: Suicune
|-activate|p2a: Suicune|move: Protect
|
|-heal|p2a: Suicune|75/100|[from] item: Leftovers
|upkeep
|turn|13
|
|t:|1758975463
|move|p1a: Raging Bolt|Volt Switch|p2a: Suicune
|-supereffective|p2a: Suicune
|-end|p2a: Suicune|Substitute
|
|t:|1758975468
|-end|p1a: Raging Bolt|Protosynthesis|[silent]
|switch|p1a: Hatterene|Hatterene, F|100/100|[from] Volt Switch
|move|p2a: Suicune|Substitute|p2a: Suicune
|-start|p2a: Suicune|Substitute
|-damage|p2a: Suicune|50/100
|
|-heal|p2a: Suicune|56/100|[from] item: Leftovers
|upkeep
|turn|14
|n|!dezzcargot|dezzcargot
|-message|dezzcargot forfeited.
|
|win|Labooble
