|j|☆Pikamon333
|j|☆OdenSan19
|t:|1758952151
|gametype|singles
|player|p1|Pikamon333|266|1321
|player|p2|OdenSan19|silver|1393
|gen|9
|tier|[Gen 9] OU
|rated|
|rule|HP Percentage Mod: HP is shown in percentages
|rule|Endless Battle Clause: Forcing endless battles is banned
|rule|Species Clause: Limit one of each Pokémon
|rule|OHKO Clause: OHKO moves are banned
|rule|Evasion Items Clause: Evasion items are banned
|rule|Evasion Moves Clause: Evasion moves are banned
|rule|Evasion Abilities Clause: Evasion abilities are banned
|rule|Sleep Moves Clause: Sleep-inducing moves are banned
|clearpoke
|poke|p1|Iron Crown|
|poke|p1|Kyurem|
|poke|p1|Great Tusk|
|poke|p1|Pecharunt|
|poke|p1|Ting-Lu|
|poke|p1|Iron Valiant|
|poke|p2|Grimmsnarl, M|
|poke|p2|Skarmory, M|
|poke|p2|Iron Boulder|
|poke|p2|Primarina, F|
|poke|p2|Landorus-Therian, M|
|poke|p2|Toxapex, M|
|teampreview
|
|t:|1758952165
|teamsize|p1|6
|teamsize|p2|6
|start
|switch|p1a: Kyurem|Kyurem|100/100
|switch|p2a: Gabara|Grimmsnarl, M|100/100
|-ability|p1a: Kyurem|Pressure
|turn|1
|inactive|Battle timer is ON: inactive players will automatically lose when time's up. (requested by OdenSan19)
|
|t:|1758952184
|move|p2a: Gabara|Light Screen|p2a: Gabara
|-sidestart|p2: OdenSan19|move: Light Screen
|move|p1a: Kyurem|Flash Cannon|p2a: Gabara
|-supereffective|p2a: Gabara
|-damage|p2a: Gabara|79/100
|
|upkeep
|turn|2
|
|t:|1758952191
|move|p1a: Kyurem|Flash Cannon|p2a: Gabara
|-supereffective|p2a: Gabara
|-damage|p2a: Gabara|56/100
|move|p2a: Gabara|Play Rough|p1a: Kyurem
|-supereffective|p1a: Kyurem
|-damage|p1a: Kyurem|54/100
|
|upkeep
|turn|3
|
|t:|1758952201
|switch|p1a: Ting-Lu|Ting-Lu|100/100
|-ability|p1a: Ting-Lu|Vessel of Ruin
|move|p2a: Gabara|Parting Shot|p1a: Ting-Lu
|-hint|Since gen 7, Dark is immune to Prankster moves.
|-immune|p1a: Ting-Lu
|
|upkeep
|turn|4
|
|t:|1758952211
|move|p2a: Gabara|Reflect|p2a: Gabara
|-sidestart|p2: OdenSan19|Reflect
|move|p1a: Ting-Lu|Stealth Rock|p2a: Gabara
|-sidestart|p2: OdenSan19|move: Stealth Rock
|
|upkeep
|turn|5
|
|t:|1758952225
|switch|p2a: Tiamut|Primarina, F|100/100
|-damage|p2a: Tiamut|88/100|[from] Stealth Rock
|move|p1a: Ting-Lu|Ruination|p2a: Tiamut|[miss]
|-miss|p1a: Ting-Lu|p2a: Tiamut
|
|-heal|p2a: Tiamut|94/100|[from] item: Leftovers
|upkeep
|turn|6
|
|t:|1758952235
|move|p2a: Tiamut|Calm Mind|p2a: Tiamut
|-boost|p2a: Tiamut|spa|1
|-boost|p2a: Tiamut|spd|1
|move|p1a: Ting-Lu|Whirlwind|p2a: Tiamut
|drag|p2a: Anguirus|Iron Boulder|100/100
|-damage|p2a: Anguirus|88/100|[from] Stealth Rock
|-enditem|p2a: Anguirus|Booster Energy
|-activate|p2a: Anguirus|ability: Quark Drive|[fromitem]
|-start|p2a: Anguirus|quarkdrivespe
|
|upkeep
|turn|7
|
|t:|1758952249
|move|p2a: Anguirus|Close Combat|p1a: Ting-Lu
|-supereffective|p1a: Ting-Lu
|-crit|p1a: Ting-Lu
|-damage|p1a: Ting-Lu|37/100
|-unboost|p2a: Anguirus|def|1
|-unboost|p2a: Anguirus|spd|1
|move|p1a: Ting-Lu|Whirlwind|p2a: Anguirus
|-end|p2a: Anguirus|Quark Drive|[silent]
|drag|p2a: Rodan|Skarmory, M|100/100
|-damage|p2a: Rodan|88/100|[from] Stealth Rock
|
|-heal|p1a: Ting-Lu|43/100|[from] item: Leftovers
|upkeep
|turn|8
|
|t:|1758952263
|move|p2a: Rodan|Stealth Rock|p1a: Ting-Lu
|-sidestart|p1: Pikamon333|move: Stealth Rock
|move|p1a: Ting-Lu|Ruination|p2a: Rodan
|-damage|p2a: Rodan|45/100
|-enditem|p2a: Rodan|Red Card|[of] p1a: Ting-Lu
|drag|p1a: Iron Crown|Iron Crown|100/100
|-damage|p1a: Iron Crown|94/100|[from] Stealth Rock
|
|-sideend|p2: OdenSan19|move: Light Screen
|upkeep
|turn|9
|
|t:|1758952281
|switch|p2a: Hedorah|Toxapex, M, shiny|100/100
|-damage|p2a: Hedorah|88/100|[from] Stealth Rock
|-terastallize|p1a: Iron Crown|Steel
|move|p1a: Iron Crown|Tachyon Cutter|p2a: Hedorah
|-resisted|p2a: Hedorah
|-damage|p2a: Hedorah|77/100
|-resisted|p2a: Hedorah
|-damage|p2a: Hedorah|66/100
|-hitcount|p2a: Hedorah|2
|
|upkeep
|turn|10
|
|t:|1758952304
|-end|p1a: Iron Crown|Quark Drive|[silent]
|switch|p1a: Great Tusk|Great Tusk|100/100
|-damage|p1a: Great Tusk|98/100|[from] Stealth Rock
|-terastallize|p2a: Hedorah|Water
|move|p2a: Hedorah|Infestation|p1a: Great Tusk
|-resisted|p1a: Great Tusk
|-damage|p1a: Great Tusk|96/100
|-activate|p1a: Great Tusk|move: Infestation|[of] p2a: Hedorah
|
|-heal|p1a: Great Tusk|100/100|[from] item: Leftovers
|-damage|p1a: Great Tusk|88/100|[from] move: Infestation|[partiallytrapped]
|upkeep
|turn|11
|
|t:|1758952318
|move|p1a: Great Tusk|Rapid Spin|p2a: Hedorah
|-crit|p2a: Hedorah
|-damage|p2a: Hedorah|50/100
|-boost|p1a: Great Tusk|spe|1
|-sideend|p1: Pikamon333|Stealth Rock|[from] move: Rapid Spin|[of] p1a: Great Tusk
|-end|p1a: Great Tusk|Infestation|[partiallytrapped]
|move|p2a: Hedorah|Chilling Water|p1a: Great Tusk
|-supereffective|p1a: Great Tusk
|-damage|p1a: Great Tusk|37/100
|-unboost|p1a: Great Tusk|atk|1
|
|-heal|p1a: Great Tusk|43/100|[from] item: Leftovers
|-sideend|p2: OdenSan19|Reflect
|upkeep
|turn|12
|
|t:|1758952336
|-end|p1a: Great Tusk|Protosynthesis|[silent]
|switch|p1a: Iron Crown|Iron Crown, tera:Steel|94/100
|move|p2a: Hedorah|Chilling Water|p1a: Iron Crown
|-damage|p1a: Iron Crown|77/100
|-unboost|p1a: Iron Crown|atk|1
|
|upkeep
|turn|13
|
|t:|1758952346
|move|p1a: Iron Crown|Volt Switch|p2a: Hedorah
|-supereffective|p2a: Hedorah
|-damage|p2a: Hedorah|17/100
|
|t:|1758952350
|-end|p1a: Iron Crown|Quark Drive|[silent]
|switch|p1a: Great Tusk|Great Tusk|43/100|[from] Volt Switch
|move|p2a: Hedorah|Infestation|p1a: Great Tusk
|-resisted|p1a: Great Tusk
|-damage|p1a: Great Tusk|41/100
|-activate|p1a: Great Tusk|move: Infestation|[of] p2a: Hedorah
|
|-heal|p1a: Great Tusk|47/100|[from] item: Leftovers
|-damage|p1a: Great Tusk|35/100|[from] move: Infestation|[partiallytrapped]
|upkeep
|turn|14
|
|t:|1758952364
|switch|p2a: Iris|Landorus-Therian, M, shiny|100/100
|-damage|p2a: Iris|88/100|[from] Stealth Rock
|-ability|p2a: Iris|Intimidate|boost
|-unboost|p1a: Great Tusk|atk|1
|move|p1a: Great Tusk|Headlong Rush|p2a: Iris
|-immune|p2a: Iris
|
|-heal|p1a: Great Tusk|41/100|[from] item: Leftovers
|-end|p1a: Great Tusk|Infestation|[partiallytrapped]|[silent]
|upkeep
|turn|15
|inactive|OdenSan19 has 120 seconds left.
|
|t:|1758952388
|move|p2a: Iris|U-turn|p1a: Great Tusk
|-resisted|p1a: Great Tusk
|-damage|p1a: Great Tusk|32/100
|inactive|OdenSan19 has 120 seconds left.
|
|t:|1758952397
|switch|p2a: Hedorah|Toxapex, M, shiny, tera:Water|50/100|[from] U-turn
|-damage|p2a: Hedorah|38/100|[from] Stealth Rock
|move|p1a: Great Tusk|Ice Spinner|p2a: Hedorah
|-resisted|p2a: Hedorah
|-damage|p2a: Hedorah|32/100
|
|-heal|p1a: Great Tusk|38/100|[from] item: Leftovers
|upkeep
|turn|16
|inactive|OdenSan19 has 120 seconds left.
|
|t:|1758952409
|-end|p1a: Great Tusk|Protosynthesis|[silent]
|switch|p1a: Kyurem|Kyurem|54/100
|-ability|p1a: Kyurem|Pressure
|switch|p2a: Rodan|Skarmory, M|45/100
|-damage|p2a: Rodan|32/100|[from] Stealth Rock
|
|upkeep
|turn|17
|inactive|OdenSan19 has 120 seconds left.
|
|t:|1758952420
|move|p1a: Kyurem|Freeze-Dry|p2a: Rodan
|-damage|p2a: Rodan|0 fnt
|faint|p2a: Rodan
|
|upkeep
|inactive|OdenSan19 has 120 seconds left.
|
|t:|1758952431
|switch|p2a: Anguirus|Iron Boulder|88/100
|-damage|p2a: Anguirus|76/100|[from] Stealth Rock
|turn|18
|inactive|OdenSan19 has 120 seconds left.
|
|t:|1758952439
|move|p2a: Anguirus|Mighty Cleave|p1a: Kyurem
|-supereffective|p1a: Kyurem
|-damage|p1a: Kyurem|0 fnt
|faint|p1a: Kyurem
|
|upkeep
|
|t:|1758952442
|switch|p1a: Pecharunt|Pecharunt|100/100
|turn|19
|
|t:|1758952453
|move|p2a: Anguirus|Earthquake|p1a: Pecharunt
|-supereffective|p1a: Pecharunt
|-damage|p1a: Pecharunt|67/100
|move|p1a: Pecharunt|Malignant Chain|p2a: Anguirus
|-resisted|p2a: Anguirus
|-damage|p2a: Anguirus|61/100
|
|upkeep
|turn|20
|
|t:|1758952461
|move|p2a: Anguirus|Swords Dance|p2a: Anguirus
|-boost|p2a: Anguirus|atk|2
|move|p1a: Pecharunt|Malignant Chain|p2a: Anguirus
|-resisted|p2a: Anguirus
|-damage|p2a: Anguirus|47/100
|-status|p2a: Anguirus|tox
|-start|p2a: Anguirus|confusion|[from] ability: Poison Puppeteer|[of] p1a: Pecharunt
|
|-damage|p2a: Anguirus|40/100 tox|[from] psn
|upkeep
|turn|21
|
|t:|1758952474
|-activate|p2a: Anguirus|confusion
|-damage|p2a: Anguirus|9/100 tox|[from] confusion
|move|p1a: Pecharunt|Hex|p2a: Anguirus
|-supereffective|p2a: Anguirus
|-damage|p2a: Anguirus|0 fnt
|faint|p2a: Anguirus
|-end|p2a: Anguirus|Quark Drive|[silent]
|
|upkeep
|inactive|OdenSan19 has 120 seconds left.
|
|t:|1758952494
|switch|p2a: Hedorah|Toxapex, M, shiny, tera:Water|65/100
|-damage|p2a: Hedorah|52/100|[from] Stealth Rock
|turn|22
|
|t:|1758952502
|switch|p2a: Iris|Landorus-Therian, M, shiny|88/100
|-damage|p2a: Iris|76/100|[from] Stealth Rock
|-ability|p2a: Iris|Intimidate|boost
|-unboost|p1a: Pecharunt|atk|1
|move|p1a: Pecharunt|Recover|p1a: Pecharunt
|-heal|p1a: Pecharunt|100/100
|
|upkeep
|turn|23
|
|t:|1758952512
|move|p2a: Iris|Earthquake|p1a: Pecharunt
|-supereffective|p1a: Pecharunt
|-damage|p1a: Pecharunt|40/100
|move|p1a: Pecharunt|Parting Shot|p2a: Iris
|-unboost|p2a: Iris|atk|1
|-unboost|p2a: Iris|spa|1
|
|t:|1758952518
|switch|p1a: Great Tusk|Great Tusk|38/100|[from] Parting Shot
|
|-heal|p1a: Great Tusk|45/100|[from] item: Leftovers
|upkeep
|turn|24
|
|t:|1758952530
|switch|p2a: Tiamut|Primarina, F|94/100
|-damage|p2a: Tiamut|82/100|[from] Stealth Rock
|move|p1a: Great Tusk|Bulk Up|p1a: Great Tusk
|-boost|p1a: Great Tusk|atk|1
|-boost|p1a: Great Tusk|def|1
|
|-heal|p1a: Great Tusk|51/100|[from] item: Leftovers
|-heal|p2a: Tiamut|88/100|[from] item: Leftovers
|upkeep
|turn|25
|
|t:|1758952540
|move|p1a: Great Tusk|Headlong Rush|p2a: Tiamut
|-damage|p2a: Tiamut|19/100
|-unboost|p1a: Great Tusk|def|1
|-unboost|p1a: Great Tusk|spd|1
|move|p2a: Tiamut|Surf|p1a: Great Tusk
|-supereffective|p1a: Great Tusk
|-damage|p1a: Great Tusk|0 fnt
|faint|p1a: Great Tusk
|-end|p1a: Great Tusk|Protosynthesis|[silent]
|
|-heal|p2a: Tiamut|25/100|[from] item: Leftovers
|upkeep
|
|t:|1758952554
|switch|p1a: Pecharunt|Pecharunt|40/100
|turn|26
|
|t:|1758952560
|move|p1a: Pecharunt|Malignant Chain|p2a: Tiamut
|-supereffective|p2a: Tiamut
|-damage|p2a: Tiamut|0 fnt
|faint|p2a: Tiamut
|
|upkeep
|
|t:|1758952566
|switch|p2a: Iris|Landorus-Therian, M, shiny|76/100
|-damage|p2a: Iris|63/100|[from] Stealth Rock
|-ability|p2a: Iris|Intimidate|boost
|-unboost|p1a: Pecharunt|atk|1
|turn|27
|
|t:|1758952573
|move|p2a: Iris|Earthquake|p1a: Pecharunt
|-supereffective|p1a: Pecharunt
|-crit|p1a: Pecharunt
|-damage|p1a: Pecharunt|0 fnt
|faint|p1a: Pecharunt
|
|upkeep
|
|t:|1758952575
|switch|p1a: Iron Valiant|Iron Valiant|100/100
|-enditem|p1a: Iron Valiant|Booster Energy
|-activate|p1a: Iron Valiant|ability: Quark Drive|[fromitem]
|-start|p1a: Iron Valiant|quarkdrivespe
|turn|28
|
|t:|1758952590
|switch|p2a: Gabara|Grimmsnarl, M|56/100
|-damage|p2a: Gabara|43/100|[from] Stealth Rock
|move|p1a: Iron Valiant|Moonblast|p2a: Gabara
|-supereffective|p2a: Gabara
|-damage|p2a: Gabara|0 fnt
|faint|p2a: Gabara
|
|upkeep
|
|t:|1758952599
|switch|p2a: Hedorah|Toxapex, M, shiny, tera:Water|86/100
|-damage|p2a: Hedorah|73/100|[from] Stealth Rock
|turn|29
|
|t:|1758952611
|move|p1a: Iron Valiant|Moonblast|p2a: Hedorah
|-damage|p2a: Hedorah|52/100
|move|p2a: Hedorah|Infestation|p1a: Iron Valiant
|-resisted|p1a: Iron Valiant
|-damage|p1a: Iron Valiant|99/100
|-activate|p1a: Iron Valiant|move: Infestation|[of] p2a: Hedorah
|
|-damage|p1a: Iron Valiant|87/100|[from] move: Infestation|[partiallytrapped]
|upkeep
|turn|30
|
|t:|1758952621
|move|p1a: Iron Valiant|Close Combat|p2a: Hedorah
|-damage|p2a: Hedorah|13/100
|-unboost|p1a: Iron Valiant|def|1
|-unboost|p1a: Iron Valiant|spd|1
|move|p2a: Hedorah|Sludge Bomb|p1a: Iron Valiant
|-supereffective|p1a: Iron Valiant
|-damage|p1a: Iron Valiant|0 fnt
|faint|p1a: Iron Valiant
|-end|p1a: Iron Valiant|Quark Drive|[silent]
|
|upkeep
|
|t:|1758952625
|switch|p1a: Iron Crown|Iron Crown, tera:Steel|77/100
|turn|31
|
|t:|1758952634
|switch|p2a: Iris|Landorus-Therian, M, shiny|63/100
|-damage|p2a: Iris|51/100|[from] Stealth Rock
|-ability|p2a: Iris|Intimidate|boost
|-unboost|p1a: Iron Crown|atk|1
|move|p1a: Iron Crown|Tachyon Cutter|p2a: Iris
|-damage|p2a: Iris|0 fnt
|faint|p2a: Iris
|-hitcount|p2: Iris|1
|
|upkeep
|
|t:|1758952644
|switch|p2a: Hedorah|Toxapex, M, shiny, tera:Water|47/100
|-damage|p2a: Hedorah|34/100|[from] Stealth Rock
|turn|32
|
|t:|1758952651
|-end|p1a: Iron Crown|Quark Drive|[silent]
|switch|p1a: Ting-Lu|Ting-Lu|43/100
|-ability|p1a: Ting-Lu|Vessel of Ruin
|move|p2a: Hedorah|Infestation|p1a: Ting-Lu
|-supereffective|p1a: Ting-Lu
|-damage|p1a: Ting-Lu|40/100
|-activate|p1a: Ting-Lu|move: Infestation|[of] p2a: Hedorah
|
|-heal|p1a: Ting-Lu|46/100|[from] item: Leftovers
|-damage|p1a: Ting-Lu|34/100|[from] move: Infestation|[partiallytrapped]
|upkeep
|turn|33
|
|t:|1758952662
|move|p1a: Ting-Lu|Earthquake|p2a: Hedorah
|-damage|p2a: Hedorah|8/100
|move|p2a: Hedorah|Chilling Water|p1a: Ting-Lu
|-supereffective|p1a: Ting-Lu
|-damage|p1a: Ting-Lu|18/100
|-unboost|p1a: Ting-Lu|atk|1
|
|-heal|p1a: Ting-Lu|25/100|[from] item: Leftovers
|-damage|p1a: Ting-Lu|12/100|[from] move: Infestation|[partiallytrapped]
|upkeep
|turn|34
|
|t:|1758952673
|move|p1a: Ting-Lu|Earthquake|p2a: Hedorah
|-damage|p2a: Hedorah|0 fnt
|faint|p2a: Hedorah
|
|win|Pikamon333
|raw|Pikamon333's rating: 1321 &rarr; <strong>1345</strong><br />(+24 for winning)
|raw|OdenSan19's rating: 1393 &rarr; <strong>1369</strong><br />(-24 for losing)
|l|☆Pikamon333
|player|p1|
|l|☆OdenSan19
|player|p2|
