|j|☆Wrenyu
|j|☆zeqiangtian
|t:|1758977794
|gametype|singles
|player|p1|Wrenyu|backpackerf|1086
|player|p2|zeqiangtian|cynthia|1132
|gen|9
|tier|[Gen 9] OU
|rated|
|rule|HP Percentage Mod: HP is shown in percentages
|rule|Endless Battle Clause: Forcing endless battles is banned
|rule|Species Clause: Limit one of each Pokémon
|rule|OHKO Clause: OHKO moves are banned
|rule|Evasion Items Clause: Evasion items are banned
|rule|Evasion Moves Clause: Evasion moves are banned
|rule|Evasion Abilities Clause: Evasion abilities are banned
|rule|Sleep Moves Clause: Sleep-inducing moves are banned
|clearpoke
|poke|p1|Ceruledge, F|
|poke|p1|Greninja-*, M|
|poke|p1|Alomomola, F|
|poke|p1|Goodra-Hisui, F|
|poke|p1|Great Tusk|
|poke|p1|Rotom-Fan|
|poke|p2|Ambipom, F|
|poke|p2|Persian, F|
|poke|p2|Alomomola, F|
|poke|p2|Gliscor, F|
|poke|p2|Grimmsnarl, M|
|poke|p2|Tentacruel, F|
|teampreview
|
|t:|1758977806
|teamsize|p1|6
|teamsize|p2|6
|start
|switch|p1a: Great Tusk|Great Tusk|100/100
|switch|p2a: Ambipom|Ambipom, F|100/100
|-enditem|p1a: Great Tusk|Booster Energy
|-activate|p1a: Great Tusk|ability: Protosynthesis|[fromitem]
|-start|p1a: Great Tusk|protosynthesisatk
|turn|1
|
|t:|1758977814
|move|p2a: Ambipom|Fake Out|p1a: Great Tusk
|-damage|p1a: Great Tusk|80/100
|cant|p1a: Great Tusk|flinch
|
|upkeep
|turn|2
|
|t:|1758977837
|-terastallize|p1a: Great Tusk|Fire
|move|p2a: Ambipom|U-turn|p1a: Great Tusk
|-resisted|p1a: Great Tusk
|-damage|p1a: Great Tusk|74/100
|
|t:|1758977842
|switch|p2a: Alomomola|Alomomola, F|100/100|[from] U-turn
|move|p1a: Great Tusk|Close Combat|p2a: Alomomola
|-damage|p2a: Alomomola|51/100
|-unboost|p1a: Great Tusk|def|1
|-unboost|p1a: Great Tusk|spd|1
|
|upkeep
|turn|3
|
|t:|1758977859
|-end|p1a: Great Tusk|Protosynthesis|[silent]
|switch|p1a: Goodra|Goodra-Hisui, F|100/100
|move|p2a: Alomomola|Wish|p2a: Alomomola
|
|upkeep
|turn|4
|
|t:|1758977866
|move|p1a: Goodra|Thunderbolt|p2a: Alomomola
|-supereffective|p2a: Alomomola
|-damage|p2a: Alomomola|0 fnt
|faint|p2a: Alomomola
|
|upkeep
|
|t:|1758977873
|switch|p2a: Ambipom|Ambipom, F|100/100
|turn|5
|
|t:|1758977879
|switch|p1a: Ceruledge|Ceruledge, F|100/100
|move|p2a: Ambipom|Fake Out|p1a: Ceruledge
|-immune|p1a: Ceruledge
|
|upkeep
|turn|6
|
|t:|1758977888
|switch|p2a: Gliscor|Gliscor, F|100/100
|move|p1a: Ceruledge|Swords Dance|p1a: Ceruledge
|-boost|p1a: Ceruledge|atk|2
|
|-status|p2a: Gliscor|tox|[from] item: Toxic Orb
|upkeep
|turn|7
|
|t:|1758977898
|move|p1a: Ceruledge|Swords Dance|p1a: Ceruledge
|-boost|p1a: Ceruledge|atk|2
|move|p2a: Gliscor|Toxic|p1a: Ceruledge
|-status|p1a: Ceruledge|tox
|
|-damage|p1a: Ceruledge|94/100 tox|[from] psn
|upkeep
|turn|8
|
|t:|1758977909
|move|p1a: Ceruledge|Bitter Blade|p2a: Gliscor
|-damage|p2a: Gliscor|18/100 tox
|-heal|p1a: Ceruledge|100/100 tox|[from] drain|[of] p2a: Gliscor
|move|p2a: Gliscor|Knock Off|p1a: Ceruledge
|-supereffective|p1a: Ceruledge
|-damage|p1a: Ceruledge|37/100 tox
|-ability|p1a: Ceruledge|Weak Armor|boost
|-unboost|p1a: Ceruledge|def|1
|-boost|p1a: Ceruledge|spe|2
|-enditem|p1a: Ceruledge|Focus Sash|[from] move: Knock Off|[of] p2a: Gliscor
|
|-damage|p1a: Ceruledge|24/100 tox|[from] psn
|-heal|p2a: Gliscor|30/100 tox|[from] ability: Poison Heal
|upkeep
|turn|9
|
|t:|1758977924
|move|p2a: Gliscor|Protect|p2a: Gliscor
|-singleturn|p2a: Gliscor|Protect
|move|p1a: Ceruledge|Bitter Blade|p2a: Gliscor
|-activate|p2a: Gliscor|move: Protect
|
|-damage|p1a: Ceruledge|6/100 tox|[from] psn
|-heal|p2a: Gliscor|43/100 tox|[from] ability: Poison Heal
|upkeep
|turn|10
|
|t:|1758977937
|move|p2a: Gliscor|Protect||[still]
|-fail|p2a: Gliscor
|move|p1a: Ceruledge|Bitter Blade|p2a: Gliscor
|-damage|p2a: Gliscor|0 fnt
|-heal|p1a: Ceruledge|32/100 tox|[from] drain|[of] p2a: Gliscor
|faint|p2a: Gliscor
|
|-damage|p1a: Ceruledge|7/100 tox|[from] psn
|upkeep
|
|t:|1758977948
|switch|p2a: Grimmsnarl|Grimmsnarl, M|100/100
|turn|11
|
|t:|1758977954
|move|p2a: Grimmsnarl|Sucker Punch|p1a: Ceruledge
|-supereffective|p1a: Ceruledge
|-damage|p1a: Ceruledge|0 fnt
|faint|p1a: Ceruledge
|
|upkeep
|
|t:|1758977961
|switch|p1a: Great Tusk|Great Tusk, tera:Fire|74/100
|turn|12
|
|t:|1758977968
|move|p2a: Grimmsnarl|Parting Shot|p1a: Great Tusk
|-unboost|p1a: Great Tusk|atk|1
|-unboost|p1a: Great Tusk|spa|1
|
|t:|1758977975
|switch|p2a: Tentacruel|Tentacruel, F|100/100|[from] Parting Shot
|move|p1a: Great Tusk|Stealth Rock|p2a: Tentacruel
|-sidestart|p2: zeqiangtian|move: Stealth Rock
|
|upkeep
|turn|13
|
|t:|1758977984
|-end|p1a: Great Tusk|Protosynthesis|[silent]
|switch|p1a: Goodra|Goodra-Hisui, F|100/100
|move|p2a: Tentacruel|Toxic Spikes|p1a: Goodra
|-sidestart|p1: Wrenyu|move: Toxic Spikes
|
|upkeep
|turn|14
|
|t:|1758977993
|move|p2a: Tentacruel|Rapid Spin|p1a: Goodra
|-resisted|p1a: Goodra
|-crit|p1a: Goodra
|-damage|p1a: Goodra|94/100
|-boost|p2a: Tentacruel|spe|1
|-sideend|p2: zeqiangtian|Stealth Rock|[from] move: Rapid Spin|[of] p2a: Tentacruel
|move|p1a: Goodra|Thunderbolt|p2a: Tentacruel
|-supereffective|p2a: Tentacruel
|-damage|p2a: Tentacruel|66/100
|
|-heal|p2a: Tentacruel|72/100|[from] item: Black Sludge
|upkeep
|turn|15
|
|t:|1758978007
|move|p2a: Tentacruel|Flip Turn|p1a: Goodra
|-resisted|p1a: Goodra
|-damage|p1a: Goodra|87/100
|
|t:|1758978014
|switch|p2a: Grimmsnarl|Grimmsnarl, M|100/100|[from] Flip Turn
|move|p1a: Goodra|Thunderbolt|p2a: Grimmsnarl
|-damage|p2a: Grimmsnarl|70/100
|
|-heal|p2a: Grimmsnarl|76/100|[from] item: Leftovers
|upkeep
|turn|16
|
|t:|1758978024
|move|p2a: Grimmsnarl|Fake Out|p1a: Goodra
|-resisted|p1a: Goodra
|-damage|p1a: Goodra|80/100
|cant|p1a: Goodra|flinch
|
|-heal|p2a: Grimmsnarl|82/100|[from] item: Leftovers
|upkeep
|turn|17
|
|t:|1758978033
|move|p2a: Grimmsnarl|Protect|p2a: Grimmsnarl
|-singleturn|p2a: Grimmsnarl|Protect
|move|p1a: Goodra|Flash Cannon|p2a: Grimmsnarl
|-activate|p2a: Grimmsnarl|move: Protect
|
|-heal|p2a: Grimmsnarl|89/100|[from] item: Leftovers
|upkeep
|turn|18
|
|t:|1758978042
|move|p2a: Grimmsnarl|Parting Shot|p1a: Goodra
|-unboost|p1a: Goodra|atk|1
|-unboost|p1a: Goodra|spa|1
|
|t:|1758978049
|switch|p2a: Tentacruel|Tentacruel, F|72/100|[from] Parting Shot
|move|p1a: Goodra|Flash Cannon|p2a: Tentacruel
|-resisted|p2a: Tentacruel
|-damage|p2a: Tentacruel|65/100
|
|-heal|p2a: Tentacruel|71/100|[from] item: Black Sludge
|upkeep
|turn|19
|
|t:|1758978060
|switch|p1a: Alomomola|Alomomola, F|100/100
|-status|p1a: Alomomola|psn
|move|p2a: Tentacruel|Flip Turn|p1a: Alomomola
|-resisted|p1a: Alomomola
|-damage|p1a: Alomomola|96/100 psn
|
|t:|1758978070
|switch|p2a: Ambipom|Ambipom, F|100/100|[from] Flip Turn
|
|-heal|p1a: Alomomola|100/100 psn|[from] item: Leftovers
|-damage|p1a: Alomomola|88/100 psn|[from] psn
|upkeep
|turn|20
|
|t:|1758978078
|move|p1a: Alomomola|Protect|p1a: Alomomola
|-singleturn|p1a: Alomomola|Protect
|move|p2a: Ambipom|Fake Out|p1a: Alomomola
|-activate|p1a: Alomomola|move: Protect
|
|-heal|p1a: Alomomola|94/100 psn|[from] item: Leftovers
|-damage|p1a: Alomomola|82/100 psn|[from] psn
|upkeep
|turn|21
|
|t:|1758978090
|move|p2a: Ambipom|U-turn|p1a: Alomomola
|-damage|p1a: Alomomola|70/100 psn
|
|t:|1758978094
|switch|p2a: Tentacruel|Tentacruel, F|71/100|[from] U-turn
|move|p1a: Alomomola|Wish|p1a: Alomomola
|
|-heal|p2a: Tentacruel|77/100|[from] item: Black Sludge
|-heal|p1a: Alomomola|76/100 psn|[from] item: Leftovers
|-damage|p1a: Alomomola|64/100 psn|[from] psn
|upkeep
|turn|22
|
|t:|1758978105
|move|p2a: Tentacruel|Toxic Spikes|p1a: Alomomola
|-sidestart|p1: Wrenyu|move: Toxic Spikes
|move|p1a: Alomomola|Flip Turn|p2a: Tentacruel
|-resisted|p2a: Tentacruel
|-damage|p2a: Tentacruel|66/100
|
|t:|1758978109
|switch|p1a: Great Tusk|Great Tusk, tera:Fire|74/100|[from] Flip Turn
|-status|p1a: Great Tusk|tox
|
|-heal|p1a: Great Tusk|100/100 tox|[from] move: Wish|[wisher] Alomomola
|-heal|p2a: Tentacruel|72/100|[from] item: Black Sludge
|-damage|p1a: Great Tusk|94/100 tox|[from] psn
|upkeep
|turn|23
|
|t:|1758978120
|move|p2a: Tentacruel|Flip Turn|p1a: Great Tusk
|-supereffective|p1a: Great Tusk
|-damage|p1a: Great Tusk|76/100 tox
|
|t:|1758978126
|switch|p2a: Grimmsnarl|Grimmsnarl, M|89/100|[from] Flip Turn
|move|p1a: Great Tusk|Rapid Spin|p2a: Grimmsnarl
|-damage|p2a: Grimmsnarl|67/100
|-boost|p1a: Great Tusk|spe|1
|-sideend|p1: Wrenyu|Toxic Spikes|[from] move: Rapid Spin|[of] p1a: Great Tusk
|
|-heal|p2a: Grimmsnarl|73/100|[from] item: Leftovers
|-damage|p1a: Great Tusk|64/100 tox|[from] psn
|upkeep
|turn|24
|
|t:|1758978137
|move|p2a: Grimmsnarl|Fake Out|p1a: Great Tusk
|-damage|p1a: Great Tusk|55/100 tox
|cant|p1a: Great Tusk|flinch
|
|-heal|p2a: Grimmsnarl|79/100|[from] item: Leftovers
|-damage|p1a: Great Tusk|37/100 tox|[from] psn
|upkeep
|turn|25
|
|t:|1758978147
|move|p2a: Grimmsnarl|Protect|p2a: Grimmsnarl
|-singleturn|p2a: Grimmsnarl|Protect
|move|p1a: Great Tusk|Close Combat|p2a: Grimmsnarl
|-activate|p2a: Grimmsnarl|move: Protect
|
|-heal|p2a: Grimmsnarl|85/100|[from] item: Leftovers
|-damage|p1a: Great Tusk|12/100 tox|[from] psn
|upkeep
|turn|26
|
|t:|1758978158
|-end|p1a: Great Tusk|Protosynthesis|[silent]
|switch|p1a: Alomomola|Alomomola, F|97/100 psn
|move|p2a: Grimmsnarl|Sucker Punch||[still]
|-fail|p2a: Grimmsnarl
|
|-heal|p1a: Alomomola|100/100 psn|[from] item: Leftovers
|-heal|p2a: Grimmsnarl|91/100|[from] item: Leftovers
|-damage|p1a: Alomomola|88/100 psn|[from] psn
|upkeep
|turn|27
|
|t:|1758978183
|switch|p2a: Ambipom|Ambipom, F|100/100
|move|p1a: Alomomola|Wish|p1a: Alomomola
|
|-heal|p1a: Alomomola|94/100 psn|[from] item: Leftovers
|-damage|p1a: Alomomola|82/100 psn|[from] psn
|upkeep
|turn|28
|
|t:|1758978198
|switch|p1a: Great Tusk|Great Tusk, tera:Fire|12/100 tox
|move|p2a: Ambipom|Fake Out|p1a: Great Tusk
|-damage|p1a: Great Tusk|0 fnt
|faint|p1a: Great Tusk
|-end|p1a: Great Tusk|Protosynthesis|[silent]
|
|upkeep
|
|t:|1758978207
|switch|p1a: Greninja|Greninja, M|100/100
|turn|29
|
|t:|1758978224
|switch|p2a: Grimmsnarl|Grimmsnarl, M|91/100
|move|p1a: Greninja|Hydro Pump|p2a: Grimmsnarl|[miss]
|-miss|p1a: Greninja|p2a: Grimmsnarl
|
|-heal|p2a: Grimmsnarl|97/100|[from] item: Leftovers
|upkeep
|turn|30
|
|t:|1758978242
|move|p2a: Grimmsnarl|Fake Out|p1a: Greninja
|-damage|p1a: Greninja|76/100
|cant|p1a: Greninja|flinch
|
|-heal|p2a: Grimmsnarl|100/100|[from] item: Leftovers
|upkeep
|turn|31
|
|t:|1758978250
|move|p2a: Grimmsnarl|Parting Shot|p1a: Greninja
|-hint|Since gen 7, Dark is immune to Prankster moves.
|-immune|p1a: Greninja
|move|p1a: Greninja|Sludge Wave|p2a: Grimmsnarl
|-supereffective|p2a: Grimmsnarl
|-damage|p2a: Grimmsnarl|24/100
|-damage|p1a: Greninja|66/100|[from] item: Life Orb
|
|-heal|p2a: Grimmsnarl|30/100|[from] item: Leftovers
|upkeep
|turn|32
|
|t:|1758978261
|move|p2a: Grimmsnarl|Protect|p2a: Grimmsnarl
|-singleturn|p2a: Grimmsnarl|Protect
|move|p1a: Greninja|Hydro Pump|p2a: Grimmsnarl
|-activate|p2a: Grimmsnarl|move: Protect
|
|-heal|p2a: Grimmsnarl|36/100|[from] item: Leftovers
|upkeep
|turn|33
|
|t:|1758978277
|switch|p2a: Tentacruel|Tentacruel, F|72/100
|move|p1a: Greninja|Sludge Wave|p2a: Tentacruel
|-resisted|p2a: Tentacruel
|-damage|p2a: Tentacruel|63/100
|-damage|p1a: Greninja|56/100|[from] item: Life Orb
|
|-heal|p2a: Tentacruel|69/100|[from] item: Black Sludge
|upkeep
|turn|34
|
|t:|1758978289
|switch|p1a: Goodra|Goodra-Hisui, F|80/100
|move|p2a: Tentacruel|Toxic Spikes|p1a: Goodra
|-sidestart|p1: Wrenyu|move: Toxic Spikes
|
|-heal|p2a: Tentacruel|75/100|[from] item: Black Sludge
|upkeep
|turn|35
|
|t:|1758978300
|move|p2a: Tentacruel|Flip Turn|p1a: Goodra
|-resisted|p1a: Goodra
|-damage|p1a: Goodra|72/100
|
|t:|1758978305
|switch|p2a: Ambipom|Ambipom, F|100/100|[from] Flip Turn
|move|p1a: Goodra|Thunderbolt|p2a: Ambipom
|-damage|p2a: Ambipom|57/100
|
|upkeep
|turn|36
|
|t:|1758978313
|switch|p1a: Alomomola|Alomomola, F|100/100 psn
|move|p2a: Ambipom|Fake Out|p1a: Alomomola
|-damage|p1a: Alomomola|81/100 psn
|
|-heal|p1a: Alomomola|87/100 psn|[from] item: Leftovers
|-damage|p1a: Alomomola|74/100 psn|[from] psn
|upkeep
|turn|37
|
|t:|1758978323
|move|p2a: Ambipom|Double Hit|p1a: Alomomola
|-damage|p1a: Alomomola|58/100 psn
|-crit|p1a: Alomomola
|-damage|p1a: Alomomola|35/100 psn
|-hitcount|p1a: Alomomola|2
|move|p1a: Alomomola|Wish|p1a: Alomomola
|
|-heal|p1a: Alomomola|41/100 psn|[from] item: Leftovers
|-damage|p1a: Alomomola|29/100 psn|[from] psn
|upkeep
|turn|38
|
|t:|1758978333
|switch|p1a: Goodra|Goodra-Hisui, F|72/100
|move|p2a: Ambipom|Double Hit|p1a: Goodra
|-resisted|p1a: Goodra
|-damage|p1a: Goodra|58/100
|-resisted|p1a: Goodra
|-damage|p1a: Goodra|44/100
|-hitcount|p1a: Goodra|2
|
|-heal|p1a: Goodra|100/100|[from] move: Wish|[wisher] Alomomola
|upkeep
|turn|39
|
|t:|1758978347
|move|p2a: Ambipom|Triple Axel|p1a: Goodra
|-damage|p1a: Goodra|90/100
|-damage|p1a: Goodra|69/100
|-damage|p1a: Goodra|41/100
|-hitcount|p1a: Goodra|3
|move|p1a: Goodra|Flash Cannon|p2a: Ambipom
|-damage|p2a: Ambipom|0 fnt
|faint|p2a: Ambipom
|
|upkeep
|
|t:|1758978358
|switch|p2a: Persian|Persian, F|100/100
|turn|40
|
|t:|1758978364
|switch|p1a: Alomomola|Alomomola, F|62/100 psn
|move|p2a: Persian|Fake Out|p1a: Alomomola
|-damage|p1a: Alomomola|47/100 psn
|-damage|p2a: Persian|91/100|[from] item: Life Orb
|
|-heal|p1a: Alomomola|53/100 psn|[from] item: Leftovers
|-damage|p1a: Alomomola|40/100 psn|[from] psn
|upkeep
|turn|41
|
|t:|1758978379
|move|p2a: Persian|Knock Off|p1a: Alomomola
|-damage|p1a: Alomomola|26/100 psn
|-enditem|p1a: Alomomola|Leftovers|[from] move: Knock Off|[of] p2a: Persian
|-damage|p2a: Persian|81/100|[from] item: Life Orb
|move|p1a: Alomomola|Wish|p1a: Alomomola
|
|-damage|p1a: Alomomola|13/100 psn|[from] psn
|upkeep
|turn|42
|
|t:|1758978419
|switch|p1a: Greninja|Greninja, M|56/100
|-status|p1a: Greninja|psn
|move|p2a: Persian|U-turn|p1a: Greninja
|-supereffective|p1a: Greninja
|-damage|p1a: Greninja|0 fnt
|faint|p1a: Greninja
|-damage|p2a: Persian|71/100|[from] item: Life Orb
|
|t:|1758978432
|switch|p2a: Grimmsnarl|Grimmsnarl, M|36/100|[from] U-turn
|
|-heal|p2a: Grimmsnarl|42/100|[from] item: Leftovers
|upkeep
|
|t:|1758978437
|switch|p1a: Rotom|Rotom-Fan|100/100
|turn|43
|
|t:|1758978449
|move|p2a: Grimmsnarl|Fake Out|p1a: Rotom
|-damage|p1a: Rotom|87/100
|cant|p1a: Rotom|flinch
|
|-heal|p1a: Rotom|93/100|[from] item: Leftovers
|-heal|p2a: Grimmsnarl|48/100|[from] item: Leftovers
|upkeep
|turn|44
|
|t:|1758978458
|move|p2a: Grimmsnarl|Protect|p2a: Grimmsnarl
|-singleturn|p2a: Grimmsnarl|Protect
|move|p1a: Rotom|Will-O-Wisp|p2a: Grimmsnarl
|-activate|p2a: Grimmsnarl|move: Protect
|
|-heal|p1a: Rotom|99/100|[from] item: Leftovers
|-heal|p2a: Grimmsnarl|54/100|[from] item: Leftovers
|upkeep
|turn|45
|
|t:|1758978469
|move|p2a: Grimmsnarl|Parting Shot|p1a: Rotom
|-unboost|p1a: Rotom|atk|1
|-unboost|p1a: Rotom|spa|1
|
|t:|1758978476
|switch|p2a: Tentacruel|Tentacruel, F|75/100|[from] Parting Shot
|move|p1a: Rotom|Will-O-Wisp|p2a: Tentacruel
|-status|p2a: Tentacruel|brn
|
|-heal|p2a: Tentacruel|81/100 brn|[from] item: Black Sludge
|-heal|p1a: Rotom|100/100|[from] item: Leftovers
|-damage|p2a: Tentacruel|75/100 brn|[from] brn
|upkeep
|turn|46
|
|t:|1758978491
|move|p2a: Tentacruel|Flip Turn|p1a: Rotom
|-damage|p1a: Rotom|93/100
|
|t:|1758978502
|switch|p2a: Grimmsnarl|Grimmsnarl, M|54/100|[from] Flip Turn
|move|p1a: Rotom|Volt Switch|p2a: Grimmsnarl
|-damage|p2a: Grimmsnarl|33/100
|
|t:|1758978508
|switch|p1a: Alomomola|Alomomola, F|47/100 psn|[from] Volt Switch
|
|-heal|p2a: Grimmsnarl|39/100|[from] item: Leftovers
|-damage|p1a: Alomomola|34/100 psn|[from] psn
|upkeep
|turn|47
|
|t:|1758978516
|move|p2a: Grimmsnarl|Fake Out|p1a: Alomomola
|-damage|p1a: Alomomola|26/100 psn
|cant|p1a: Alomomola|flinch
|
|-heal|p2a: Grimmsnarl|45/100|[from] item: Leftovers
|-damage|p1a: Alomomola|14/100 psn|[from] psn
|upkeep
|turn|48
|
|t:|1758978528
|switch|p1a: Rotom|Rotom-Fan|93/100
|switch|p2a: Persian|Persian, F|71/100
|
|-heal|p1a: Rotom|99/100|[from] item: Leftovers
|upkeep
|turn|49
|
|t:|1758978537
|move|p2a: Persian|Fake Out|p1a: Rotom
|-damage|p1a: Rotom|75/100
|-damage|p2a: Persian|61/100|[from] item: Life Orb
|cant|p1a: Rotom|flinch
|
|-heal|p1a: Rotom|81/100|[from] item: Leftovers
|upkeep
|turn|50
|
|t:|1758978547
|move|p2a: Persian|Knock Off|p1a: Rotom
|-damage|p1a: Rotom|57/100
|-enditem|p1a: Rotom|Leftovers|[from] move: Knock Off|[of] p2a: Persian
|-damage|p2a: Persian|51/100|[from] item: Life Orb
|move|p1a: Rotom|Will-O-Wisp|p2a: Persian
|-status|p2a: Persian|brn
|
|-damage|p2a: Persian|45/100 brn|[from] brn
|upkeep
|turn|51
|
|t:|1758978559
|move|p2a: Persian|U-turn|p1a: Rotom
|-resisted|p1a: Rotom
|-damage|p1a: Rotom|52/100
|-damage|p2a: Persian|35/100 brn|[from] item: Life Orb
|
|t:|1758978568
|switch|p2a: Grimmsnarl|Grimmsnarl, M|45/100|[from] U-turn
|move|p1a: Rotom|Volt Switch|p2a: Grimmsnarl
|-damage|p2a: Grimmsnarl|16/100
|
|t:|1758978573
|switch|p1a: Alomomola|Alomomola, F|47/100 psn|[from] Volt Switch
|
|-heal|p2a: Grimmsnarl|22/100|[from] item: Leftovers
|-damage|p1a: Alomomola|35/100 psn|[from] psn
|upkeep
|turn|52
|-message|zeqiangtian forfeited.
|
|win|Wrenyu
|raw|Wrenyu's rating: 1086 &rarr; <strong>1117</strong><br />(+31 for winning)
|raw|zeqiangtian's rating: 1132 &rarr; <strong>1104</strong><br />(-28 for losing)
|l|☆zeqiangtian
|player|p2|
|l|☆Wrenyu
|player|p1|
