|j|☆Shell7
|j|☆A Slow Poem
|t:|1758976048
|gametype|singles
|player|p1|Shell7|2|1482
|player|p2|A Slow Poem|lusamine-nihilego|1536
|gen|9
|tier|[Gen 9] OU
|rated|
|rule|HP Percentage Mod: HP is shown in percentages
|rule|Endless Battle Clause: Forcing endless battles is banned
|rule|Species Clause: Limit one of each Pokémon
|rule|OHKO Clause: OHKO moves are banned
|rule|Evasion Items Clause: Evasion items are banned
|rule|Evasion Moves Clause: Evasion moves are banned
|rule|Evasion Abilities Clause: Evasion abilities are banned
|rule|Sleep Moves Clause: Sleep-inducing moves are banned
|clearpoke
|poke|p1|Ting-Lu|
|poke|p1|Hatterene, F|
|poke|p1|Great Tusk|
|poke|p1|Ceruledge, F|
|poke|p1|Dragonite, M|
|poke|p1|Kyurem|
|poke|p2|Clodsire, F|
|poke|p2|Dondozo, F|
|poke|p2|Gliscor, F|
|poke|p2|Alomomola, L99, F|
|poke|p2|Corviknight, M|
|poke|p2|Azumarill, F|
|teampreview
|inactive|Battle timer is ON: inactive players will automatically lose when time's up. (requested by A Slow Poem)
|
|t:|1758976057
|teamsize|p1|6
|teamsize|p2|6
|start
|switch|p1a: Hatterene|Hatterene, F, shiny|100/100
|switch|p2a: Bashō|Gliscor, F|100/100
|turn|1
|
|t:|1758976061
|move|p2a: Bashō|Protect|p2a: Bashō
|-singleturn|p2a: Bashō|Protect
|move|p1a: Hatterene|Psychic Noise|p2a: Bashō
|-activate|p2a: Bashō|move: Protect
|
|-status|p2a: Bashō|tox|[from] item: Toxic Orb
|upkeep
|turn|2
|
|t:|1758976063
|switch|p2a: Baudelaire|Corviknight, M, shiny|100/100
|-ability|p2a: Baudelaire|Pressure
|move|p1a: Hatterene|Psychic Noise|p2a: Baudelaire
|-resisted|p2a: Baudelaire
|-crit|p2a: Baudelaire
|-damage|p2a: Baudelaire|74/100
|-start|p2a: Baudelaire|move: Heal Block
|
|upkeep
|turn|3
|
|t:|1758976067
|move|p2a: Baudelaire|Substitute|p2a: Baudelaire
|-start|p2a: Baudelaire|Substitute
|-damage|p2a: Baudelaire|50/100
|move|p1a: Hatterene|Nuzzle|p2a: Baudelaire
|-supereffective|p2a: Baudelaire
|-activate|p2a: Baudelaire|move: Substitute|[damage]
|
|-end|p2a: Baudelaire|move: Heal Block
|upkeep
|turn|4
|
|t:|1758976070
|move|p2a: Baudelaire|Roost|p2a: Baudelaire
|-heal|p2a: Baudelaire|99/100
|-singleturn|p2a: Baudelaire|move: Roost
|move|p1a: Hatterene|Psychic Noise|p2a: Baudelaire
|-resisted|p2a: Baudelaire
|-damage|p2a: Baudelaire|84/100
|-start|p2a: Baudelaire|move: Heal Block
|
|upkeep
|turn|5
|
|t:|1758976079
|move|p2a: Baudelaire|Protect|p2a: Baudelaire
|-singleturn|p2a: Baudelaire|Protect
|move|p1a: Hatterene|Nuzzle|p2a: Baudelaire
|-activate|p2a: Baudelaire|move: Protect
|
|-end|p2a: Baudelaire|move: Heal Block
|upkeep
|turn|6
|
|t:|1758976090
|move|p2a: Baudelaire|Substitute|p2a: Baudelaire
|-fail|p2a: Baudelaire|move: Substitute
|move|p1a: Hatterene|Psychic Noise|p2a: Baudelaire
|-resisted|p2a: Baudelaire
|-damage|p2a: Baudelaire|68/100
|-start|p2a: Baudelaire|move: Heal Block
|
|upkeep
|turn|7
|
|t:|1758976096
|move|p2a: Baudelaire|Protect|p2a: Baudelaire
|-singleturn|p2a: Baudelaire|Protect
|move|p1a: Hatterene|Psychic Noise|p2a: Baudelaire
|-activate|p2a: Baudelaire|move: Protect
|
|-end|p2a: Baudelaire|move: Heal Block
|upkeep
|turn|8
|
|t:|1758976106
|switch|p1a: Kyurem|Kyurem, shiny|100/100
|-ability|p1a: Kyurem|Pressure
|move|p2a: Baudelaire|Roost|p2a: Baudelaire
|-heal|p2a: Baudelaire|100/100
|-singleturn|p2a: Baudelaire|move: Roost
|
|upkeep
|turn|9
|
|t:|1758976109
|move|p2a: Baudelaire|Protect|p2a: Baudelaire
|-singleturn|p2a: Baudelaire|Protect
|move|p1a: Kyurem|Freeze-Dry|p2a: Baudelaire
|-activate|p2a: Baudelaire|move: Protect
|
|upkeep
|turn|10
|
|t:|1758976118
|move|p1a: Kyurem|Freeze-Dry|p2a: Baudelaire
|-end|p2a: Baudelaire|Substitute
|move|p2a: Baudelaire|Substitute|p2a: Baudelaire
|-start|p2a: Baudelaire|Substitute
|-damage|p2a: Baudelaire|76/100
|
|-heal|p2a: Baudelaire|82/100|[from] item: Leftovers
|upkeep
|turn|11
|
|t:|1758976125
|move|p2a: Baudelaire|Protect|p2a: Baudelaire
|-singleturn|p2a: Baudelaire|Protect
|move|p1a: Kyurem|Freeze-Dry|p2a: Baudelaire
|-activate|p2a: Baudelaire|move: Protect
|
|-heal|p2a: Baudelaire|88/100|[from] item: Leftovers
|upkeep
|turn|12
|
|t:|1758976128
|move|p1a: Kyurem|Freeze-Dry|p2a: Baudelaire
|-end|p2a: Baudelaire|Substitute
|move|p2a: Baudelaire|Substitute|p2a: Baudelaire
|-start|p2a: Baudelaire|Substitute
|-damage|p2a: Baudelaire|63/100
|
|-heal|p2a: Baudelaire|69/100|[from] item: Leftovers
|upkeep
|turn|13
|
|t:|1758976141
|switch|p1a: Ting-Lu|Ting-Lu, shiny|100/100
|-ability|p1a: Ting-Lu|Vessel of Ruin
|move|p2a: Baudelaire|Protect||[still]
|-fail|p2a: Baudelaire
|
|-heal|p2a: Baudelaire|75/100|[from] item: Leftovers
|upkeep
|turn|14
|
|t:|1758976146
|switch|p2a: Bashō|Gliscor, F|100/100 tox
|move|p1a: Ting-Lu|Whirlwind|p2a: Bashō
|drag|p2a: Baudelaire|Corviknight, M, shiny|75/100
|-ability|p2a: Baudelaire|Pressure
|
|-heal|p2a: Baudelaire|81/100|[from] item: Leftovers
|upkeep
|turn|15
|
|t:|1758976150
|switch|p2a: Bashō|Gliscor, F|100/100 tox
|move|p1a: Ting-Lu|Stealth Rock|p2a: Bashō
|-sidestart|p2: A Slow Poem|move: Stealth Rock
|
|upkeep
|turn|16
|
|t:|1758976152
|switch|p1a: Hatterene|Hatterene, F, shiny|100/100
|move|p2a: Bashō|Knock Off|p1a: Hatterene
|-damage|p1a: Hatterene|78/100
|-enditem|p1a: Hatterene|Assault Vest|[from] move: Knock Off|[of] p2a: Bashō
|
|upkeep
|turn|17
|
|t:|1758976158
|switch|p2a: Tagore|Alomomola, L99, F, shiny|100/100
|move|p1a: Hatterene|Psychic Noise|p2a: Tagore
|-damage|p2a: Tagore|72/100
|-start|p2a: Tagore|move: Heal Block
|
|upkeep
|turn|18
|
|t:|1758976161
|move|p2a: Tagore|Flip Turn|p1a: Hatterene
|-damage|p1a: Hatterene|62/100
|
|t:|1758976165
|switch|p2a: Bashō|Gliscor, F|100/100 tox|[from] Flip Turn
|-damage|p2a: Bashō|88/100 tox|[from] Stealth Rock
|move|p1a: Hatterene|Nuzzle|p2a: Bashō
|-immune|p2a: Bashō
|
|-heal|p2a: Bashō|100/100 tox|[from] ability: Poison Heal
|upkeep
|turn|19
|
|t:|1758976169
|switch|p2a: Tagore|Alomomola, L99, F, shiny|100/100
|move|p1a: Hatterene|Psychic Noise|p2a: Tagore
|-damage|p2a: Tagore|73/100
|-start|p2a: Tagore|move: Heal Block
|
|upkeep
|turn|20
|
|t:|1758976174
|move|p2a: Tagore|Protect|p2a: Tagore
|-singleturn|p2a: Tagore|Protect
|move|p1a: Hatterene|Draining Kiss|p2a: Tagore
|-activate|p2a: Tagore|move: Protect
|
|-end|p2a: Tagore|move: Heal Block
|upkeep
|turn|21
|
|t:|1758976179
|move|p2a: Tagore|Wish|p2a: Tagore
|move|p1a: Hatterene|Draining Kiss|p2a: Tagore
|-damage|p2a: Tagore|55/100
|-heal|p1a: Hatterene|85/100|[from] drain|[of] p2a: Tagore
|
|upkeep
|turn|22
|
|t:|1758976186
|move|p2a: Tagore|Protect|p2a: Tagore
|-singleturn|p2a: Tagore|Protect
|move|p1a: Hatterene|Psyshock|p2a: Tagore
|-activate|p2a: Tagore|move: Protect
|
|-heal|p2a: Tagore|100/100|[from] move: Wish|[wisher] Tagore
|upkeep
|turn|23
|
|t:|1758976192
|move|p2a: Tagore|Flip Turn|p1a: Hatterene
|-damage|p1a: Hatterene|68/100
|
|t:|1758976194
|switch|p2a: Bashō|Gliscor, F|100/100 tox|[from] Flip Turn
|-damage|p2a: Bashō|88/100 tox|[from] Stealth Rock
|move|p1a: Hatterene|Nuzzle|p2a: Bashō
|-immune|p2a: Bashō
|
|-heal|p2a: Bashō|100/100 tox|[from] ability: Poison Heal
|upkeep
|turn|24
|
|t:|1758976198
|switch|p2a: Baudelaire|Corviknight, M, shiny|81/100
|-damage|p2a: Baudelaire|69/100|[from] Stealth Rock
|-ability|p2a: Baudelaire|Pressure
|move|p1a: Hatterene|Psychic Noise|p2a: Baudelaire
|-resisted|p2a: Baudelaire
|-damage|p2a: Baudelaire|54/100
|-start|p2a: Baudelaire|move: Heal Block
|
|upkeep
|turn|25
|
|t:|1758976201
|move|p2a: Baudelaire|Substitute|p2a: Baudelaire
|-start|p2a: Baudelaire|Substitute
|-damage|p2a: Baudelaire|29/100
|move|p1a: Hatterene|Nuzzle|p2a: Baudelaire
|-supereffective|p2a: Baudelaire
|-activate|p2a: Baudelaire|move: Substitute|[damage]
|
|-end|p2a: Baudelaire|move: Heal Block
|upkeep
|turn|26
|
|t:|1758976205
|move|p2a: Baudelaire|Roost|p2a: Baudelaire
|-heal|p2a: Baudelaire|79/100
|-singleturn|p2a: Baudelaire|move: Roost
|move|p1a: Hatterene|Psychic Noise|p2a: Baudelaire
|-resisted|p2a: Baudelaire
|-damage|p2a: Baudelaire|64/100
|-start|p2a: Baudelaire|move: Heal Block
|
|upkeep
|turn|27
|
|t:|1758976212
|switch|p1a: Ting-Lu|Ting-Lu, shiny|100/100
|-ability|p1a: Ting-Lu|Vessel of Ruin
|move|p2a: Baudelaire|Substitute|p2a: Baudelaire
|-fail|p2a: Baudelaire|move: Substitute
|
|-end|p2a: Baudelaire|move: Heal Block
|upkeep
|turn|28
|
|t:|1758976214
|move|p2a: Baudelaire|Roost|p2a: Baudelaire
|-heal|p2a: Baudelaire|100/100
|-singleturn|p2a: Baudelaire|move: Roost
|move|p1a: Ting-Lu|Whirlwind|p2a: Baudelaire
|drag|p2a: Rimbaud|Clodsire, F|100/100
|
|upkeep
|turn|29
|
|t:|1758976222
|switch|p2a: Bashō|Gliscor, F|100/100 tox
|-damage|p2a: Bashō|88/100 tox|[from] Stealth Rock
|move|p1a: Ting-Lu|Earthquake|p2a: Bashō
|-immune|p2a: Bashō
|
|-heal|p2a: Bashō|100/100 tox|[from] ability: Poison Heal
|upkeep
|turn|30
|
|t:|1758976224
|move|p2a: Bashō|Knock Off|p1a: Ting-Lu
|-resisted|p1a: Ting-Lu
|-crit|p1a: Ting-Lu
|-damage|p1a: Ting-Lu|92/100
|-enditem|p1a: Ting-Lu|Leftovers|[from] move: Knock Off|[of] p2a: Bashō
|move|p1a: Ting-Lu|Whirlwind|p2a: Bashō
|drag|p2a: Keats|Azumarill, F, shiny|100/100
|
|upkeep
|turn|31
|
|t:|1758976234
|switch|p2a: Bashō|Gliscor, F|100/100 tox
|-damage|p2a: Bashō|88/100 tox|[from] Stealth Rock
|move|p1a: Ting-Lu|Whirlwind|p2a: Bashō
|drag|p2a: Tagore|Alomomola, L99, F, shiny|100/100
|
|upkeep
|turn|32
|
|t:|1758976238
|move|p1a: Ting-Lu|Ruination|p2a: Tagore
|-damage|p2a: Tagore|50/100
|move|p2a: Tagore|Flip Turn|p1a: Ting-Lu
|-supereffective|p1a: Ting-Lu
|-damage|p1a: Ting-Lu|75/100
|
|t:|1758976241
|switch|p2a: Bashō|Gliscor, F|88/100 tox|[from] Flip Turn
|-damage|p2a: Bashō|75/100 tox|[from] Stealth Rock
|
|-heal|p2a: Bashō|88/100 tox|[from] ability: Poison Heal
|upkeep
|turn|33
|
|t:|1758976244
|move|p2a: Bashō|Knock Off|p1a: Ting-Lu
|-resisted|p1a: Ting-Lu
|-damage|p1a: Ting-Lu|71/100
|move|p1a: Ting-Lu|Ruination|p2a: Bashō
|-damage|p2a: Bashō|44/100 tox
|
|-heal|p2a: Bashō|57/100 tox|[from] ability: Poison Heal
|upkeep
|turn|34
|
|t:|1758976248
|move|p2a: Bashō|Toxic|p1a: Ting-Lu
|-status|p1a: Ting-Lu|tox
|move|p1a: Ting-Lu|Whirlwind|p2a: Bashō
|drag|p2a: Whitman|Dondozo, F|100/100
|
|-damage|p1a: Ting-Lu|65/100 tox|[from] psn
|upkeep
|turn|35
|
|t:|1758976251
|switch|p1a: Kyurem|Kyurem, shiny|100/100
|-ability|p1a: Kyurem|Pressure
|switch|p2a: Tagore|Alomomola, L99, F, shiny|84/100
|
|upkeep
|turn|36
|
|t:|1758976253
|move|p2a: Tagore|Protect|p2a: Tagore
|-singleturn|p2a: Tagore|Protect
|move|p1a: Kyurem|Freeze-Dry|p2a: Tagore
|-activate|p2a: Tagore|move: Protect
|
|upkeep
|turn|37
|inactive|A Slow Poem has 120 seconds left.
|
|t:|1758976288
|switch|p2a: Rimbaud|Clodsire, F|100/100
|move|p1a: Kyurem|Freeze-Dry|p2a: Rimbaud
|-supereffective|p2a: Rimbaud
|-damage|p2a: Rimbaud|41/100
|
|upkeep
|turn|38
|
|t:|1758976293
|-terastallize|p2a: Rimbaud|Steel
|move|p1a: Kyurem|Freeze-Dry|p2a: Rimbaud
|-resisted|p2a: Rimbaud
|-damage|p2a: Rimbaud|25/100
|-status|p2a: Rimbaud|frz
|cant|p2a: Rimbaud|frz
|
|upkeep
|turn|39
|
|t:|1758976298
|switch|p1a: Ting-Lu|Ting-Lu, shiny|65/100 tox
|-ability|p1a: Ting-Lu|Vessel of Ruin
|cant|p2a: Rimbaud|frz
|
|-damage|p1a: Ting-Lu|59/100 tox|[from] psn
|upkeep
|turn|40
|
|t:|1758976301
|switch|p2a: Tagore|Alomomola, L99, F, shiny|100/100
|move|p1a: Ting-Lu|Earthquake|p2a: Tagore
|-damage|p2a: Tagore|71/100
|
|-damage|p1a: Ting-Lu|47/100 tox|[from] psn
|upkeep
|turn|41
|
|t:|1758976305
|switch|p1a: Hatterene|Hatterene, F, shiny|68/100
|move|p2a: Tagore|Wish|p2a: Tagore
|
|upkeep
|turn|42
|
|t:|1758976313
|move|p2a: Tagore|Flip Turn|p1a: Hatterene
|-damage|p1a: Hatterene|54/100
|
|t:|1758976315
|switch|p2a: Rimbaud|Clodsire, F, tera:Steel|25/100 frz|[from] Flip Turn
|move|p1a: Hatterene|Draining Kiss|p2a: Rimbaud
|-resisted|p2a: Rimbaud
|-damage|p2a: Rimbaud|18/100 frz
|-heal|p1a: Hatterene|61/100|[from] drain|[of] p2a: Rimbaud
|
|-heal|p2a: Rimbaud|80/100 frz|[from] move: Wish|[wisher] Tagore
|upkeep
|turn|43
|
|t:|1758976325
|switch|p1a: Ceruledge|Ceruledge, F, shiny|100/100
|-curestatus|p2a: Rimbaud|frz|[msg]
|move|p2a: Rimbaud|Recover|p2a: Rimbaud
|-heal|p2a: Rimbaud|100/100
|
|upkeep
|turn|44
|
|t:|1758976331
|switch|p1a: Hatterene|Hatterene, F, shiny|61/100
|switch|p2a: Tagore|Alomomola, L99, F, shiny|100/100
|
|upkeep
|turn|45
|
|t:|1758976336
|move|p2a: Tagore|Flip Turn|p1a: Hatterene
|-damage|p1a: Hatterene|45/100
|
|t:|1758976343
|switch|p2a: Bashō|Gliscor, F|57/100 tox|[from] Flip Turn
|-damage|p2a: Bashō|44/100 tox|[from] Stealth Rock
|move|p1a: Hatterene|Nuzzle|p2a: Bashō
|-immune|p2a: Bashō
|
|-heal|p2a: Bashō|57/100 tox|[from] ability: Poison Heal
|upkeep
|turn|46
|
|t:|1758976348
|move|p2a: Bashō|Protect|p2a: Bashō
|-singleturn|p2a: Bashō|Protect
|move|p1a: Hatterene|Draining Kiss|p2a: Bashō
|-activate|p2a: Bashō|move: Protect
|
|-heal|p2a: Bashō|69/100 tox|[from] ability: Poison Heal
|upkeep
|turn|47
|
|t:|1758976355
|move|p2a: Bashō|Knock Off|p1a: Hatterene
|-damage|p1a: Hatterene|31/100
|move|p1a: Hatterene|Draining Kiss|p2a: Bashō
|-damage|p2a: Bashō|37/100 tox
|-heal|p1a: Hatterene|58/100|[from] drain|[of] p2a: Bashō
|
|-heal|p2a: Bashō|49/100 tox|[from] ability: Poison Heal
|upkeep
|turn|48
|
|t:|1758976362
|move|p2a: Bashō|Protect|p2a: Bashō
|-singleturn|p2a: Bashō|Protect
|move|p1a: Hatterene|Draining Kiss|p2a: Bashō
|-activate|p2a: Bashō|move: Protect
|
|-heal|p2a: Bashō|62/100 tox|[from] ability: Poison Heal
|upkeep
|turn|49
|
|t:|1758976365
|switch|p2a: Baudelaire|Corviknight, M, shiny|100/100
|-damage|p2a: Baudelaire|88/100|[from] Stealth Rock
|-ability|p2a: Baudelaire|Pressure
|move|p1a: Hatterene|Draining Kiss|p2a: Baudelaire
|-resisted|p2a: Baudelaire
|-damage|p2a: Baudelaire|78/100
|-heal|p1a: Hatterene|68/100|[from] drain|[of] p2a: Baudelaire
|
|-heal|p2a: Baudelaire|84/100|[from] item: Leftovers
|upkeep
|turn|50
|
|t:|1758976368
|move|p2a: Baudelaire|Substitute|p2a: Baudelaire
|-start|p2a: Baudelaire|Substitute
|-damage|p2a: Baudelaire|59/100
|move|p1a: Hatterene|Nuzzle|p2a: Baudelaire
|-supereffective|p2a: Baudelaire
|-activate|p2a: Baudelaire|move: Substitute|[damage]
|
|-heal|p2a: Baudelaire|65/100|[from] item: Leftovers
|upkeep
|turn|51
|
|t:|1758976372
|switch|p1a: Ting-Lu|Ting-Lu, shiny|47/100 tox
|-ability|p1a: Ting-Lu|Vessel of Ruin
|move|p2a: Baudelaire|Roost|p2a: Baudelaire
|-heal|p2a: Baudelaire|100/100
|-singleturn|p2a: Baudelaire|move: Roost
|
|-damage|p1a: Ting-Lu|40/100 tox|[from] psn
|upkeep
|turn|52
|
|t:|1758976374
|switch|p2a: Bashō|Gliscor, F|62/100 tox
|-damage|p2a: Bashō|49/100 tox|[from] Stealth Rock
|move|p1a: Ting-Lu|Whirlwind|p2a: Bashō
|drag|p2a: Baudelaire|Corviknight, M, shiny|100/100
|-damage|p2a: Baudelaire|88/100|[from] Stealth Rock
|-ability|p2a: Baudelaire|Pressure
|
|-heal|p2a: Baudelaire|94/100|[from] item: Leftovers
|-damage|p1a: Ting-Lu|28/100 tox|[from] psn
|upkeep
|turn|53
|
|t:|1758976384
|switch|p2a: Tagore|Alomomola, L99, F, shiny|100/100
|switch|p1a: Kyurem|Kyurem, shiny|100/100
|-ability|p1a: Kyurem|Pressure
|
|upkeep
|turn|54
|
|t:|1758976387
|move|p2a: Tagore|Protect|p2a: Tagore
|-singleturn|p2a: Tagore|Protect
|move|p1a: Kyurem|Freeze-Dry|p2a: Tagore
|-activate|p2a: Tagore|move: Protect
|
|upkeep
|turn|55
|
|t:|1758976391
|switch|p2a: Rimbaud|Clodsire, F, tera:Steel|100/100
|move|p1a: Kyurem|Freeze-Dry|p2a: Rimbaud
|-resisted|p2a: Rimbaud
|-damage|p2a: Rimbaud|85/100
|
|upkeep
|turn|56
|
|t:|1758976395
|switch|p1a: Ting-Lu|Ting-Lu, shiny|28/100 tox
|-ability|p1a: Ting-Lu|Vessel of Ruin
|move|p2a: Rimbaud|Toxic|p1a: Ting-Lu
|-fail|p1a: Ting-Lu|tox
|
|-damage|p1a: Ting-Lu|22/100 tox|[from] psn
|upkeep
|turn|57
|
|t:|1758976397
|switch|p2a: Tagore|Alomomola, L99, F, shiny|100/100
|move|p1a: Ting-Lu|Earthquake|p2a: Tagore
|-damage|p2a: Tagore|72/100
|
|-damage|p1a: Ting-Lu|9/100 tox|[from] psn
|upkeep
|turn|58
|
|t:|1758976401
|move|p1a: Ting-Lu|Ruination|p2a: Tagore
|-damage|p2a: Tagore|36/100
|move|p2a: Tagore|Wish|p2a: Tagore
|
|-damage|p1a: Ting-Lu|0 fnt|[from] psn
|faint|p1a: Ting-Lu
|upkeep
|
|t:|1758976421
|switch|p1a: Dragonite|Dragonite, M, shiny|100/100
|turn|59
|
|t:|1758976426
|move|p1a: Dragonite|Dragon Dance|p1a: Dragonite
|-boost|p1a: Dragonite|atk|1
|-boost|p1a: Dragonite|spe|1
|move|p2a: Tagore|Flip Turn|p1a: Dragonite
|-resisted|p1a: Dragonite
|-damage|p1a: Dragonite|96/100
|
|t:|1758976428
|switch|p2a: Bashō|Gliscor, F|49/100 tox|[from] Flip Turn
|-damage|p2a: Bashō|37/100 tox|[from] Stealth Rock
|
|-heal|p2a: Bashō|100/100 tox|[from] move: Wish|[wisher] Tagore
|-heal|p1a: Dragonite|100/100|[from] item: Leftovers
|upkeep
|turn|60
|
|t:|1758976435
|switch|p1a: Hatterene|Hatterene, F, shiny|68/100
|switch|p2a: Whitman|Dondozo, F|100/100
|
|upkeep
|turn|61
|
|t:|1758976440
|switch|p2a: Bashō|Gliscor, F|100/100 tox
|-damage|p2a: Bashō|88/100 tox|[from] Stealth Rock
|move|p1a: Hatterene|Nuzzle|p2a: Bashō
|-immune|p2a: Bashō
|
|-heal|p2a: Bashō|100/100 tox|[from] ability: Poison Heal
|upkeep
|turn|62
|
|t:|1758976444
|switch|p2a: Baudelaire|Corviknight, M, shiny|94/100
|-damage|p2a: Baudelaire|82/100|[from] Stealth Rock
|-ability|p2a: Baudelaire|Pressure
|move|p1a: Hatterene|Psychic Noise|p2a: Baudelaire
|-resisted|p2a: Baudelaire
|-crit|p2a: Baudelaire
|-damage|p2a: Baudelaire|57/100
|-start|p2a: Baudelaire|move: Heal Block
|
|upkeep
|turn|63
|
|t:|1758976450
|switch|p1a: Kyurem|Kyurem, shiny|100/100
|-ability|p1a: Kyurem|Pressure
|move|p2a: Baudelaire|Protect||[still]
|-fail|p2a: Baudelaire
|
|-end|p2a: Baudelaire|move: Heal Block
|upkeep
|turn|64
|
|t:|1758976452
|move|p2a: Baudelaire|Protect|p2a: Baudelaire
|-singleturn|p2a: Baudelaire|Protect
|move|p1a: Kyurem|Freeze-Dry|p2a: Baudelaire
|-activate|p2a: Baudelaire|move: Protect
|
|-heal|p2a: Baudelaire|63/100|[from] item: Leftovers
|upkeep
|turn|65
|
|t:|1758976457
|switch|p2a: Rimbaud|Clodsire, F, tera:Steel|85/100
|move|p1a: Kyurem|Freeze-Dry|p2a: Rimbaud
|-resisted|p2a: Rimbaud
|-damage|p2a: Rimbaud|70/100
|
|upkeep
|turn|66
|
|t:|1758976462
|switch|p1a: Great Tusk|Great Tusk, shiny|100/100
|switch|p2a: Baudelaire|Corviknight, M, shiny|63/100
|-damage|p2a: Baudelaire|51/100|[from] Stealth Rock
|-ability|p2a: Baudelaire|Pressure
|
|-heal|p2a: Baudelaire|57/100|[from] item: Leftovers
|upkeep
|turn|67
|
|t:|1758976466
|move|p2a: Baudelaire|Protect|p2a: Baudelaire
|-singleturn|p2a: Baudelaire|Protect
|move|p1a: Great Tusk|Knock Off|p2a: Baudelaire
|-activate|p2a: Baudelaire|move: Protect
|
|-heal|p2a: Baudelaire|63/100|[from] item: Leftovers
|upkeep
|turn|68
|
|t:|1758976470
|switch|p2a: Bashō|Gliscor, F|100/100 tox
|-damage|p2a: Bashō|88/100 tox|[from] Stealth Rock
|move|p1a: Great Tusk|Knock Off|p2a: Bashō
|-damage|p2a: Bashō|70/100 tox
|-enditem|p2a: Bashō|Toxic Orb|[from] move: Knock Off|[of] p1a: Great Tusk
|
|-heal|p2a: Bashō|82/100 tox|[from] ability: Poison Heal
|upkeep
|turn|69
|
|t:|1758976472
|move|p1a: Great Tusk|Ice Spinner|p2a: Bashō
|-supereffective|p2a: Bashō
|-crit|p2a: Bashō
|-damage|p2a: Bashō|2/100 tox
|move|p2a: Bashō|Toxic|p1a: Great Tusk
|-status|p1a: Great Tusk|tox
|
|-damage|p1a: Great Tusk|94/100 tox|[from] psn
|-heal|p2a: Bashō|15/100 tox|[from] ability: Poison Heal
|upkeep
|turn|70
|
|t:|1758976476
|move|p2a: Bashō|Protect|p2a: Bashō
|-singleturn|p2a: Bashō|Protect
|move|p1a: Great Tusk|Ice Spinner|p2a: Bashō
|-activate|p2a: Bashō|move: Protect
|
|-heal|p1a: Great Tusk|100/100 tox|[from] item: Leftovers
|-damage|p1a: Great Tusk|88/100 tox|[from] psn
|-heal|p2a: Bashō|27/100 tox|[from] ability: Poison Heal
|upkeep
|turn|71
|
|t:|1758976479
|switch|p2a: Keats|Azumarill, F, shiny|100/100
|move|p1a: Great Tusk|Ice Spinner|p2a: Keats
|-resisted|p2a: Keats
|-damage|p2a: Keats|93/100
|
|-heal|p1a: Great Tusk|94/100 tox|[from] item: Leftovers
|-damage|p1a: Great Tusk|76/100 tox|[from] psn
|upkeep
|turn|72
|
|t:|1758976484
|move|p1a: Great Tusk|Knock Off|p2a: Keats
|-resisted|p2a: Keats
|-damage|p2a: Keats|82/100
|-enditem|p2a: Keats|Heavy-Duty Boots|[from] move: Knock Off|[of] p1a: Great Tusk
|move|p2a: Keats|Alluring Voice|p1a: Great Tusk
|-supereffective|p1a: Great Tusk
|-damage|p1a: Great Tusk|28/100 tox
|
|-heal|p1a: Great Tusk|34/100 tox|[from] item: Leftovers
|-damage|p1a: Great Tusk|9/100 tox|[from] psn
|upkeep
|turn|73
|
|t:|1758976487
|move|p1a: Great Tusk|Headlong Rush|p2a: Keats
|-damage|p2a: Keats|46/100
|-unboost|p1a: Great Tusk|def|1
|-unboost|p1a: Great Tusk|spd|1
|move|p2a: Keats|Whirlpool|p1a: Great Tusk
|-supereffective|p1a: Great Tusk
|-damage|p1a: Great Tusk|0 fnt
|faint|p1a: Great Tusk
|-end|p1a: Great Tusk|Protosynthesis|[silent]
|
|upkeep
|
|t:|1758976491
|switch|p1a: Hatterene|Hatterene, F, shiny|68/100
|turn|74
|
|t:|1758976508
|switch|p2a: Rimbaud|Clodsire, F, tera:Steel|70/100
|move|p1a: Hatterene|Draining Kiss|p2a: Rimbaud
|-resisted|p2a: Rimbaud
|-damage|p2a: Rimbaud|62/100
|-heal|p1a: Hatterene|76/100|[from] drain|[of] p2a: Rimbaud
|
|upkeep
|turn|75
|
|t:|1758976520
|switch|p1a: Kyurem|Kyurem, shiny|100/100
|-ability|p1a: Kyurem|Pressure
|move|p2a: Rimbaud|Recover|p2a: Rimbaud
|-heal|p2a: Rimbaud|100/100
|
|upkeep
|turn|76
|
|t:|1758976525
|switch|p1a: Hatterene|Hatterene, F, shiny|76/100
|switch|p2a: Keats|Azumarill, F, shiny|46/100
|-damage|p2a: Keats|33/100|[from] Stealth Rock
|
|upkeep
|turn|77
|
|t:|1758976531
|switch|p2a: Baudelaire|Corviknight, M, shiny|63/100
|-damage|p2a: Baudelaire|51/100|[from] Stealth Rock
|-ability|p2a: Baudelaire|Pressure
|move|p1a: Hatterene|Psyshock|p2a: Baudelaire
|-resisted|p2a: Baudelaire
|-damage|p2a: Baudelaire|34/100
|
|-heal|p2a: Baudelaire|40/100|[from] item: Leftovers
|upkeep
|turn|78
|
|t:|1758976542
|move|p2a: Baudelaire|Substitute|p2a: Baudelaire
|-start|p2a: Baudelaire|Substitute
|-damage|p2a: Baudelaire|15/100
|move|p1a: Hatterene|Nuzzle|p2a: Baudelaire
|-supereffective|p2a: Baudelaire
|-activate|p2a: Baudelaire|move: Substitute|[damage]
|
|-heal|p2a: Baudelaire|21/100|[from] item: Leftovers
|upkeep
|turn|79
|
|t:|1758976554
|switch|p1a: Kyurem|Kyurem, shiny|100/100
|-ability|p1a: Kyurem|Pressure
|move|p2a: Baudelaire|Roost|p2a: Baudelaire
|-heal|p2a: Baudelaire|71/100
|-singleturn|p2a: Baudelaire|move: Roost
|
|-heal|p2a: Baudelaire|77/100|[from] item: Leftovers
|upkeep
|turn|80
|
|t:|1758976557
|move|p2a: Baudelaire|Protect|p2a: Baudelaire
|-singleturn|p2a: Baudelaire|Protect
|move|p1a: Kyurem|Freeze-Dry|p2a: Baudelaire
|-activate|p2a: Baudelaire|move: Protect
|
|-heal|p2a: Baudelaire|83/100|[from] item: Leftovers
|upkeep
|turn|81
|
|t:|1758976561
|move|p1a: Kyurem|Freeze-Dry|p2a: Baudelaire
|-end|p2a: Baudelaire|Substitute
|move|p2a: Baudelaire|Substitute|p2a: Baudelaire
|-start|p2a: Baudelaire|Substitute
|-damage|p2a: Baudelaire|59/100
|
|-heal|p2a: Baudelaire|65/100|[from] item: Leftovers
|upkeep
|turn|82
|
|t:|1758976571
|switch|p1a: Hatterene|Hatterene, F, shiny|76/100
|move|p2a: Baudelaire|Protect||[still]
|-fail|p2a: Baudelaire
|
|-heal|p2a: Baudelaire|71/100|[from] item: Leftovers
|upkeep
|turn|83
|
|t:|1758976574
|move|p2a: Baudelaire|Substitute|p2a: Baudelaire
|-fail|p2a: Baudelaire|move: Substitute
|move|p1a: Hatterene|Nuzzle|p2a: Baudelaire
|-supereffective|p2a: Baudelaire
|-activate|p2a: Baudelaire|move: Substitute|[damage]
|
|-heal|p2a: Baudelaire|77/100|[from] item: Leftovers
|upkeep
|turn|84
|
|t:|1758976580
|switch|p1a: Kyurem|Kyurem, shiny|100/100
|-ability|p1a: Kyurem|Pressure
|move|p2a: Baudelaire|Substitute|p2a: Baudelaire
|-fail|p2a: Baudelaire|move: Substitute
|
|-heal|p2a: Baudelaire|83/100|[from] item: Leftovers
|upkeep
|turn|85
|
|t:|1758976582
|move|p1a: Kyurem|Ice Beam|p2a: Baudelaire
|-end|p2a: Baudelaire|Substitute
|move|p2a: Baudelaire|Substitute|p2a: Baudelaire
|-start|p2a: Baudelaire|Substitute
|-damage|p2a: Baudelaire|58/100
|
|-heal|p2a: Baudelaire|64/100|[from] item: Leftovers
|upkeep
|turn|86
|
|t:|1758976585
|move|p1a: Kyurem|Ice Beam|p2a: Baudelaire
|-end|p2a: Baudelaire|Substitute
|move|p2a: Baudelaire|Roost|p2a: Baudelaire
|-heal|p2a: Baudelaire|100/100
|-singleturn|p2a: Baudelaire|move: Roost
|
|upkeep
|turn|87
|
|t:|1758976588
|move|p2a: Baudelaire|Protect|p2a: Baudelaire
|-singleturn|p2a: Baudelaire|Protect
|move|p1a: Kyurem|Ice Beam|p2a: Baudelaire
|-activate|p2a: Baudelaire|move: Protect
|
|upkeep
|turn|88
|
|t:|1758976591
|switch|p2a: Tagore|Alomomola, L99, F, shiny|70/100
|move|p1a: Kyurem|Ice Beam|p2a: Tagore
|-resisted|p2a: Tagore
|-damage|p2a: Tagore|41/100
|
|upkeep
|turn|89
|
|t:|1758976597
|switch|p1a: Hatterene|Hatterene, F, shiny|76/100
|move|p2a: Tagore|Wish|p2a: Tagore
|
|upkeep
|turn|90
|
|t:|1758976603
|move|p2a: Tagore|Flip Turn|p1a: Hatterene
|-damage|p1a: Hatterene|60/100
|
|t:|1758976613
|switch|p2a: Keats|Azumarill, F, shiny|33/100|[from] Flip Turn
|-damage|p2a: Keats|21/100|[from] Stealth Rock
|move|p1a: Hatterene|Psyshock|p2a: Keats
|-damage|p2a: Keats|0 fnt
|faint|p2a: Keats
|
|upkeep
|
|t:|1758976624
|switch|p2a: Bashō|Gliscor, F|27/100 tox
|-damage|p2a: Bashō|15/100 tox|[from] Stealth Rock
|turn|91
|
|t:|1758976627
|move|p2a: Bashō|Protect|p2a: Bashō
|-singleturn|p2a: Bashō|Protect
|move|p1a: Hatterene|Psyshock|p2a: Bashō
|-activate|p2a: Bashō|move: Protect
|
|-heal|p2a: Bashō|27/100 tox|[from] ability: Poison Heal
|upkeep
|turn|92
|
|t:|1758976632
|switch|p2a: Baudelaire|Corviknight, M, shiny|100/100
|-damage|p2a: Baudelaire|88/100|[from] Stealth Rock
|-ability|p2a: Baudelaire|Pressure
|move|p1a: Hatterene|Psyshock|p2a: Baudelaire
|-resisted|p2a: Baudelaire
|-damage|p2a: Baudelaire|70/100
|
|-heal|p2a: Baudelaire|76/100|[from] item: Leftovers
|upkeep
|turn|93
|
|t:|1758976641
|switch|p2a: Tagore|Alomomola, L99, F, shiny|75/100
|switch|p1a: Ceruledge|Ceruledge, F, shiny|100/100
|
|upkeep
|turn|94
|
|t:|1758976647
|switch|p1a: Hatterene|Hatterene, F, shiny|60/100
|move|p2a: Tagore|Wish|p2a: Tagore
|
|upkeep
|turn|95
|
|t:|1758976656
|move|p2a: Tagore|Flip Turn|p1a: Hatterene
|-damage|p1a: Hatterene|43/100
|
|t:|1758976658
|switch|p2a: Baudelaire|Corviknight, M, shiny|76/100|[from] Flip Turn
|-damage|p2a: Baudelaire|64/100|[from] Stealth Rock
|-ability|p2a: Baudelaire|Pressure
|move|p1a: Hatterene|Nuzzle|p2a: Baudelaire
|-supereffective|p2a: Baudelaire
|-damage|p2a: Baudelaire|58/100
|-status|p2a: Baudelaire|par
|
|-heal|p2a: Baudelaire|100/100 par|[from] move: Wish|[wisher] Tagore
|upkeep
|turn|96
|
|t:|1758976669
|switch|p2a: Tagore|Alomomola, L99, F, shiny|100/100
|switch|p1a: Ceruledge|Ceruledge, F, shiny|100/100
|
|upkeep
|turn|97
|
|t:|1758976674
|switch|p1a: Hatterene|Hatterene, F, shiny|43/100
|move|p2a: Tagore|Wish|p2a: Tagore
|
|upkeep
|turn|98
|
|t:|1758976676
|move|p2a: Tagore|Flip Turn|p1a: Hatterene
|-damage|p1a: Hatterene|27/100
|
|t:|1758976678
|switch|p2a: Baudelaire|Corviknight, M, shiny|100/100 par|[from] Flip Turn
|-damage|p2a: Baudelaire|88/100 par|[from] Stealth Rock
|-ability|p2a: Baudelaire|Pressure
|move|p1a: Hatterene|Draining Kiss|p2a: Baudelaire
|-resisted|p2a: Baudelaire
|-damage|p2a: Baudelaire|77/100 par
|-heal|p1a: Hatterene|38/100|[from] drain|[of] p2a: Baudelaire
|
|-heal|p2a: Baudelaire|100/100 par|[from] move: Wish|[wisher] Tagore
|upkeep
|turn|99
|
|t:|1758976680
|switch|p2a: Tagore|Alomomola, L99, F, shiny|100/100
|move|p1a: Hatterene|Draining Kiss|p2a: Tagore
|-damage|p2a: Tagore|80/100
|-heal|p1a: Hatterene|63/100|[from] drain|[of] p2a: Tagore
|
|upkeep
|turn|100
|
|t:|1758976683
|move|p2a: Tagore|Flip Turn|p1a: Hatterene
|-damage|p1a: Hatterene|46/100
|
|t:|1758976685
|switch|p2a: Baudelaire|Corviknight, M, shiny|100/100 par|[from] Flip Turn
|-damage|p2a: Baudelaire|88/100 par|[from] Stealth Rock
|-ability|p2a: Baudelaire|Pressure
|move|p1a: Hatterene|Draining Kiss|p2a: Baudelaire
|-resisted|p2a: Baudelaire
|-damage|p2a: Baudelaire|77/100 par
|-heal|p1a: Hatterene|57/100|[from] drain|[of] p2a: Baudelaire
|
|-heal|p2a: Baudelaire|83/100 par|[from] item: Leftovers
|upkeep
|turn|101
|
|t:|1758976694
|switch|p2a: Tagore|Alomomola, L99, F, shiny|100/100
|switch|p1a: Kyurem|Kyurem, shiny|100/100
|-ability|p1a: Kyurem|Pressure
|
|upkeep
|turn|102
|
|t:|1758976697
|move|p2a: Tagore|Protect|p2a: Tagore
|-singleturn|p2a: Tagore|Protect
|move|p1a: Kyurem|Freeze-Dry|p2a: Tagore
|-activate|p2a: Tagore|move: Protect
|
|upkeep
|turn|103
|
|t:|1758976701
|switch|p2a: Rimbaud|Clodsire, F, tera:Steel|100/100
|move|p1a: Kyurem|Freeze-Dry|p2a: Rimbaud
|-resisted|p2a: Rimbaud
|-damage|p2a: Rimbaud|85/100
|
|upkeep
|turn|104
|
|t:|1758976715
|switch|p1a: Hatterene|Hatterene, F, shiny|57/100
|move|p2a: Rimbaud|Toxic|p1a: Hatterene
|move|p1a: Hatterene|Toxic|p2a: Rimbaud|[from] ability: Magic Bounce
|-immune|p2a: Rimbaud
|
|upkeep
|turn|105
|
|t:|1758976727
|switch|p2a: Baudelaire|Corviknight, M, shiny|83/100 par
|-damage|p2a: Baudelaire|71/100 par|[from] Stealth Rock
|-ability|p2a: Baudelaire|Pressure
|move|p1a: Hatterene|Nuzzle|p2a: Baudelaire
|-supereffective|p2a: Baudelaire
|-damage|p2a: Baudelaire|64/100 par
|
|-heal|p2a: Baudelaire|70/100 par|[from] item: Leftovers
|upkeep
|turn|106
|
|t:|1758976735
|switch|p2a: Tagore|Alomomola, L99, F, shiny|100/100
|switch|p1a: Kyurem|Kyurem, shiny|100/100
|-ability|p1a: Kyurem|Pressure
|
|upkeep
|turn|107
|
|t:|1758976739
|move|p2a: Tagore|Protect|p2a: Tagore
|-singleturn|p2a: Tagore|Protect
|move|p1a: Kyurem|Draco Meteor|p2a: Tagore
|-activate|p2a: Tagore|move: Protect
|
|upkeep
|turn|108
|
|t:|1758976746
|move|p1a: Kyurem|Draco Meteor|p2a: Tagore|[miss]
|-miss|p1a: Kyurem|p2a: Tagore
|move|p2a: Tagore|Wish|p2a: Tagore
|
|upkeep
|turn|109
|
|t:|1758976748
|switch|p2a: Baudelaire|Corviknight, M, shiny|70/100 par
|-damage|p2a: Baudelaire|58/100 par|[from] Stealth Rock
|-ability|p2a: Baudelaire|Pressure
|move|p1a: Kyurem|Draco Meteor|p2a: Baudelaire
|-resisted|p2a: Baudelaire
|-damage|p2a: Baudelaire|16/100 par
|-unboost|p1a: Kyurem|spa|2
|
|-heal|p2a: Baudelaire|82/100 par|[from] move: Wish|[wisher] Tagore
|-heal|p2a: Baudelaire|88/100 par|[from] item: Leftovers
|upkeep
|turn|110
|
|t:|1758976759
|switch|p1a: Hatterene|Hatterene, F, shiny|57/100
|switch|p2a: Tagore|Alomomola, L99, F, shiny|100/100
|
|upkeep
|turn|111
|
|t:|1758976763
|move|p2a: Tagore|Flip Turn|p1a: Hatterene
|-damage|p1a: Hatterene|41/100
|
|t:|1758976766
|switch|p2a: Baudelaire|Corviknight, M, shiny|88/100 par|[from] Flip Turn
|-damage|p2a: Baudelaire|76/100 par|[from] Stealth Rock
|-ability|p2a: Baudelaire|Pressure
|move|p1a: Hatterene|Draining Kiss|p2a: Baudelaire
|-resisted|p2a: Baudelaire
|-damage|p2a: Baudelaire|65/100 par
|-heal|p1a: Hatterene|51/100|[from] drain|[of] p2a: Baudelaire
|
|-heal|p2a: Baudelaire|71/100 par|[from] item: Leftovers
|upkeep
|turn|112
|
|t:|1758976775
|switch|p2a: Tagore|Alomomola, L99, F, shiny|100/100
|switch|p1a: Ceruledge|Ceruledge, F, shiny|100/100
|
|upkeep
|turn|113
|
|t:|1758976781
|switch|p1a: Hatterene|Hatterene, F, shiny|51/100
|move|p2a: Tagore|Wish|p2a: Tagore
|
|upkeep
|turn|114
|
|t:|1758976783
|move|p2a: Tagore|Flip Turn|p1a: Hatterene
|-damage|p1a: Hatterene|35/100
|
|t:|1758976785
|switch|p2a: Baudelaire|Corviknight, M, shiny|71/100 par|[from] Flip Turn
|-damage|p2a: Baudelaire|59/100 par|[from] Stealth Rock
|-ability|p2a: Baudelaire|Pressure
|move|p1a: Hatterene|Psyshock|p2a: Baudelaire
|-resisted|p2a: Baudelaire
|-damage|p2a: Baudelaire|41/100 par
|
|-heal|p2a: Baudelaire|100/100 par|[from] move: Wish|[wisher] Tagore
|upkeep
|turn|115
|
|t:|1758976798
|move|p2a: Baudelaire|Substitute|p2a: Baudelaire
|-start|p2a: Baudelaire|Substitute
|-damage|p2a: Baudelaire|76/100 par
|move|p1a: Hatterene|Psyshock|p2a: Baudelaire
|-resisted|p2a: Baudelaire
|-activate|p2a: Baudelaire|move: Substitute|[damage]
|
|-heal|p2a: Baudelaire|82/100 par|[from] item: Leftovers
|upkeep
|turn|116
|
|t:|1758976802
|switch|p1a: Kyurem|Kyurem, shiny|100/100
|-ability|p1a: Kyurem|Pressure
|cant|p2a: Baudelaire|par
|
|-heal|p2a: Baudelaire|88/100 par|[from] item: Leftovers
|upkeep
|turn|117
|
|t:|1758976806
|move|p1a: Kyurem|Freeze-Dry|p2a: Baudelaire
|-end|p2a: Baudelaire|Substitute
|move|p2a: Baudelaire|Spite|p1a: Kyurem
|-activate|p1a: Kyurem|move: Spite|Freeze-Dry|4
|
|-heal|p2a: Baudelaire|94/100 par|[from] item: Leftovers
|upkeep
|turn|118
|
|t:|1758976817
|switch|p1a: Hatterene|Hatterene, F, shiny|35/100
|switch|p2a: Rimbaud|Clodsire, F, tera:Steel|85/100
|
|upkeep
|turn|119
|
|t:|1758976829
|switch|p1a: Ceruledge|Ceruledge, F, shiny|100/100
|switch|p2a: Baudelaire|Corviknight, M, shiny|94/100 par
|-damage|p2a: Baudelaire|81/100 par|[from] Stealth Rock
|-ability|p2a: Baudelaire|Pressure
|
|-heal|p2a: Baudelaire|87/100 par|[from] item: Leftovers
|upkeep
|turn|120
|
|t:|1758976832
|switch|p2a: Tagore|Alomomola, L99, F, shiny|100/100
|move|p1a: Ceruledge|Swords Dance|p1a: Ceruledge
|-boost|p1a: Ceruledge|atk|2
|
|upkeep
|turn|121
|
|t:|1758976840
|switch|p2a: Whitman|Dondozo, F|100/100
|move|p1a: Ceruledge|Swords Dance|p1a: Ceruledge
|-boost|p1a: Ceruledge|atk|2
|
|upkeep
|turn|122
|
|t:|1758976843
|switch|p1a: Kyurem|Kyurem, shiny|100/100
|-ability|p1a: Kyurem|Pressure
|move|p2a: Whitman|Avalanche|p1a: Kyurem
|-damage|p1a: Kyurem|88/100
|
|upkeep
|turn|123
|
|t:|1758976850
|switch|p2a: Rimbaud|Clodsire, F, tera:Steel|85/100
|move|p1a: Kyurem|Draco Meteor|p2a: Rimbaud
|-resisted|p2a: Rimbaud
|-damage|p2a: Rimbaud|54/100
|-unboost|p1a: Kyurem|spa|2
|
|upkeep
|turn|124
|
|t:|1758976855
|switch|p1a: Ceruledge|Ceruledge, F, shiny|100/100
|move|p2a: Rimbaud|Recover|p2a: Rimbaud
|-heal|p2a: Rimbaud|100/100
|
|upkeep
|turn|125
|
|t:|1758976860
|switch|p2a: Tagore|Alomomola, L99, F, shiny|100/100
|move|p1a: Ceruledge|Close Combat|p2a: Tagore
|-damage|p2a: Tagore|67/100
|-unboost|p1a: Ceruledge|def|1
|-unboost|p1a: Ceruledge|spd|1
|
|upkeep
|turn|126
|
|t:|1758976864
|switch|p1a: Dragonite|Dragonite, M, shiny|100/100
|move|p2a: Tagore|Wish|p2a: Tagore
|
|upkeep
|turn|127
|
|t:|1758976866
|move|p1a: Dragonite|Dragon Dance|p1a: Dragonite
|-boost|p1a: Dragonite|atk|1
|-boost|p1a: Dragonite|spe|1
|move|p2a: Tagore|Flip Turn|p1a: Dragonite
|-resisted|p1a: Dragonite
|-damage|p1a: Dragonite|97/100
|
|t:|1758976868
|switch|p2a: Bashō|Gliscor, F|27/100 tox|[from] Flip Turn
|-damage|p2a: Bashō|15/100 tox|[from] Stealth Rock
|
|-heal|p2a: Bashō|90/100 tox|[from] move: Wish|[wisher] Tagore
|-heal|p1a: Dragonite|100/100|[from] item: Leftovers
|-heal|p2a: Bashō|100/100 tox|[from] ability: Poison Heal
|upkeep
|turn|128
|
|t:|1758976875
|switch|p1a: Hatterene|Hatterene, F, shiny|35/100
|switch|p2a: Whitman|Dondozo, F|100/100
|
|upkeep
|turn|129
|
|t:|1758976878
|switch|p2a: Baudelaire|Corviknight, M, shiny|87/100 par
|-damage|p2a: Baudelaire|75/100 par|[from] Stealth Rock
|-ability|p2a: Baudelaire|Pressure
|move|p1a: Hatterene|Nuzzle|p2a: Baudelaire
|-supereffective|p2a: Baudelaire
|-damage|p2a: Baudelaire|68/100 par
|
|-heal|p2a: Baudelaire|74/100 par|[from] item: Leftovers
|upkeep
|turn|130
|
|t:|1758976885
|switch|p2a: Bashō|Gliscor, F|100/100 tox
|-damage|p2a: Bashō|88/100 tox|[from] Stealth Rock
|switch|p1a: Ceruledge|Ceruledge, F, shiny|100/100
|
|-heal|p2a: Bashō|100/100 tox|[from] ability: Poison Heal
|upkeep
|turn|131
|
|t:|1758976900
|switch|p1a: Hatterene|Hatterene, F, shiny|35/100
|move|p2a: Bashō|Spikes|p1a: Hatterene
|move|p1a: Hatterene|Spikes|p2a: Bashō|[from] ability: Magic Bounce
|-sidestart|p2: A Slow Poem|Spikes
|
|upkeep
|turn|132
|
|t:|1758976902
|move|p2a: Bashō|Knock Off|p1a: Hatterene
|-damage|p1a: Hatterene|20/100
|move|p1a: Hatterene|Psyshock|p2a: Bashō
|-damage|p2a: Bashō|74/100 tox
|
|-heal|p2a: Bashō|86/100 tox|[from] ability: Poison Heal
|upkeep
|turn|133
|
|t:|1758976911
|switch|p1a: Kyurem|Kyurem, shiny|88/100
|-ability|p1a: Kyurem|Pressure
|move|p2a: Bashō|Protect||[still]
|-fail|p2a: Bashō
|
|-heal|p2a: Bashō|99/100 tox|[from] ability: Poison Heal
|upkeep
|turn|134
|
|t:|1758976915
|move|p2a: Bashō|Protect|p2a: Bashō
|-singleturn|p2a: Bashō|Protect
|move|p1a: Kyurem|Ice Beam|p2a: Bashō
|-activate|p2a: Bashō|move: Protect
|
|-heal|p2a: Bashō|100/100 tox|[from] ability: Poison Heal
|upkeep
|turn|135
|
|t:|1758976918
|switch|p2a: Tagore|Alomomola, L99, F, shiny|100/100
|move|p1a: Kyurem|Ice Beam|p2a: Tagore
|-resisted|p2a: Tagore
|-damage|p2a: Tagore|75/100
|
|upkeep
|turn|136
|
|t:|1758976935
|switch|p1a: Hatterene|Hatterene, F, shiny|20/100
|move|p2a: Tagore|Flip Turn|p1a: Hatterene
|-damage|p1a: Hatterene|6/100
|
|t:|1758976937
|switch|p2a: Bashō|Gliscor, F|100/100 tox|[from] Flip Turn
|-damage|p2a: Bashō|88/100 tox|[from] Stealth Rock
|
|-heal|p2a: Bashō|100/100 tox|[from] ability: Poison Heal
|upkeep
|turn|137
|
|t:|1758976940
|move|p2a: Bashō|Knock Off|p1a: Hatterene
|-damage|p1a: Hatterene|0 fnt
|faint|p1a: Hatterene
|
|upkeep
|
|t:|1758976949
|switch|p1a: Kyurem|Kyurem, shiny|88/100
|-ability|p1a: Kyurem|Pressure
|turn|138
|
|t:|1758976951
|move|p2a: Bashō|Protect|p2a: Bashō
|-singleturn|p2a: Bashō|Protect
|move|p1a: Kyurem|Ice Beam|p2a: Bashō
|-activate|p2a: Bashō|move: Protect
|
|upkeep
|turn|139
|
|t:|1758976955
|switch|p2a: Rimbaud|Clodsire, F, tera:Steel|100/100
|move|p1a: Kyurem|Ice Beam|p2a: Rimbaud
|-resisted|p2a: Rimbaud
|-damage|p2a: Rimbaud|82/100
|
|upkeep
|turn|140
|
|t:|1758976958
|switch|p1a: Ceruledge|Ceruledge, F, shiny|100/100
|move|p2a: Rimbaud|Toxic|p1a: Ceruledge
|-status|p1a: Ceruledge|tox
|
|-damage|p1a: Ceruledge|94/100 tox|[from] psn
|upkeep
|turn|141
|
|t:|1758976962
|switch|p2a: Bashō|Gliscor, F|100/100 tox
|-damage|p2a: Bashō|88/100 tox|[from] Stealth Rock
|move|p1a: Ceruledge|Swords Dance|p1a: Ceruledge
|-boost|p1a: Ceruledge|atk|2
|
|-damage|p1a: Ceruledge|82/100 tox|[from] psn
|-heal|p2a: Bashō|100/100 tox|[from] ability: Poison Heal
|upkeep
|turn|142
|
|t:|1758976964
|move|p1a: Ceruledge|Bitter Blade|p2a: Bashō
|-damage|p2a: Bashō|46/100 tox
|-heal|p1a: Ceruledge|100/100 tox|[from] drain|[of] p2a: Bashō
|move|p2a: Bashō|Spikes|p1a: Ceruledge
|-sidestart|p1: Shell7|Spikes
|
|-damage|p1a: Ceruledge|82/100 tox|[from] psn
|-heal|p2a: Bashō|58/100 tox|[from] ability: Poison Heal
|upkeep
|turn|143
|
|t:|1758976967
|move|p2a: Bashō|Protect|p2a: Bashō
|-singleturn|p2a: Bashō|Protect
|move|p1a: Ceruledge|Bitter Blade|p2a: Bashō
|-activate|p2a: Bashō|move: Protect
|
|-damage|p1a: Ceruledge|57/100 tox|[from] psn
|-heal|p2a: Bashō|71/100 tox|[from] ability: Poison Heal
|upkeep
|turn|144
|
|t:|1758976970
|switch|p2a: Whitman|Dondozo, F|100/100
|move|p1a: Ceruledge|Bitter Blade|p2a: Whitman
|-resisted|p2a: Whitman
|-damage|p2a: Whitman|91/100
|-heal|p1a: Ceruledge|66/100 tox|[from] drain|[of] p2a: Whitman
|
|-damage|p1a: Ceruledge|35/100 tox|[from] psn
|upkeep
|turn|145
|
|t:|1758976974
|switch|p1a: Kyurem|Kyurem, shiny|88/100
|-damage|p1a: Kyurem|76/100|[from] Spikes
|-ability|p1a: Kyurem|Pressure
|move|p2a: Whitman|Avalanche|p1a: Kyurem
|-damage|p1a: Kyurem|62/100
|
|upkeep
|turn|146
|
|t:|1758976981
|switch|p2a: Baudelaire|Corviknight, M, shiny|74/100 par
|-damage|p2a: Baudelaire|62/100 par|[from] Stealth Rock
|-ability|p2a: Baudelaire|Pressure
|move|p1a: Kyurem|Freeze-Dry|p2a: Baudelaire
|-damage|p2a: Baudelaire|17/100 par
|
|-heal|p2a: Baudelaire|23/100 par|[from] item: Leftovers
|upkeep
|turn|147
|
|t:|1758976995
|switch|p1a: Ceruledge|Ceruledge, F, shiny|35/100 tox
|-damage|p1a: Ceruledge|22/100 tox|[from] Spikes
|move|p2a: Baudelaire|Protect||[still]
|-fail|p2a: Baudelaire
|
|-heal|p2a: Baudelaire|29/100 par|[from] item: Leftovers
|-damage|p1a: Ceruledge|16/100 tox|[from] psn
|upkeep
|turn|148
|
|t:|1758976999
|switch|p2a: Tagore|Alomomola, L99, F, shiny|100/100
|move|p1a: Ceruledge|Bitter Blade|p2a: Tagore
|-resisted|p2a: Tagore
|-damage|p2a: Tagore|83/100
|-heal|p1a: Ceruledge|32/100 tox|[from] drain|[of] p2a: Tagore
|
|-damage|p1a: Ceruledge|19/100 tox|[from] psn
|upkeep
|turn|149
|
|t:|1758977016
|move|p1a: Ceruledge|Close Combat|p2a: Tagore
|-damage|p2a: Tagore|54/100
|-unboost|p1a: Ceruledge|def|1
|-unboost|p1a: Ceruledge|spd|1
|move|p2a: Tagore|Wish|p2a: Tagore
|
|-damage|p1a: Ceruledge|1/100 tox|[from] psn
|upkeep
|turn|150
|
|t:|1758977021
|move|p1a: Ceruledge|Close Combat|p2a: Tagore
|-damage|p2a: Tagore|22/100
|-unboost|p1a: Ceruledge|def|1
|-unboost|p1a: Ceruledge|spd|1
|move|p2a: Tagore|Flip Turn|p1a: Ceruledge
|-supereffective|p1a: Ceruledge
|-damage|p1a: Ceruledge|0 fnt
|faint|p1a: Ceruledge
|
|t:|1758977023
|switch|p2a: Baudelaire|Corviknight, M, shiny|29/100 par|[from] Flip Turn
|-damage|p2a: Baudelaire|16/100 par|[from] Stealth Rock
|-ability|p2a: Baudelaire|Pressure
|
|-heal|p2a: Baudelaire|82/100 par|[from] move: Wish|[wisher] Tagore
|-heal|p2a: Baudelaire|88/100 par|[from] item: Leftovers
|upkeep
|
|t:|1758977026
|switch|p1a: Kyurem|Kyurem, shiny|62/100
|-damage|p1a: Kyurem|50/100|[from] Spikes
|-ability|p1a: Kyurem|Pressure
|turn|151
|
|t:|1758977029
|move|p2a: Baudelaire|Protect|p2a: Baudelaire
|-singleturn|p2a: Baudelaire|Protect
|move|p1a: Kyurem|Ice Beam|p2a: Baudelaire
|-activate|p2a: Baudelaire|move: Protect
|
|-heal|p2a: Baudelaire|94/100 par|[from] item: Leftovers
|upkeep
|turn|152
|
|t:|1758977032
|move|p1a: Kyurem|Ice Beam|p2a: Baudelaire
|-damage|p2a: Baudelaire|36/100 par
|move|p2a: Baudelaire|Spite|p1a: Kyurem
|-activate|p1a: Kyurem|move: Spite|Ice Beam|1
|
|-heal|p2a: Baudelaire|42/100 par|[from] item: Leftovers
|upkeep
|turn|153
|
|t:|1758977043
|switch|p1a: Dragonite|Dragonite, M, shiny|100/100
|move|p2a: Baudelaire|Roost|p2a: Baudelaire
|-heal|p2a: Baudelaire|92/100 par
|-singleturn|p2a: Baudelaire|move: Roost
|
|-heal|p2a: Baudelaire|98/100 par|[from] item: Leftovers
|upkeep
|turn|154
|
|t:|1758977048
|switch|p2a: Tagore|Alomomola, L99, F, shiny|56/100
|move|p1a: Dragonite|Dragon Dance|p1a: Dragonite
|-boost|p1a: Dragonite|atk|1
|-boost|p1a: Dragonite|spe|1
|
|upkeep
|turn|155
|
|t:|1758977053
|switch|p2a: Whitman|Dondozo, F|91/100
|move|p1a: Dragonite|Dragon Dance|p1a: Dragonite
|-boost|p1a: Dragonite|atk|1
|-boost|p1a: Dragonite|spe|1
|
|upkeep
|turn|156
|
|t:|1758977057
|move|p1a: Dragonite|Tera Blast|p2a: Whitman
|-damage|p2a: Whitman|75/100
|move|p2a: Whitman|Avalanche|p1a: Dragonite
|-supereffective|p1a: Dragonite
|-damage|p1a: Dragonite|48/100
|
|-heal|p1a: Dragonite|54/100|[from] item: Leftovers
|upkeep
|turn|157
|
|t:|1758977063
|move|p1a: Dragonite|Roost|p1a: Dragonite
|-heal|p1a: Dragonite|100/100
|-singleturn|p1a: Dragonite|move: Roost
|move|p2a: Whitman|Avalanche|p1a: Dragonite
|-supereffective|p1a: Dragonite
|-damage|p1a: Dragonite|88/100
|
|-heal|p1a: Dragonite|94/100|[from] item: Leftovers
|upkeep
|turn|158
|
|t:|1758977073
|switch|p1a: Kyurem|Kyurem, shiny|50/100
|-damage|p1a: Kyurem|38/100|[from] Spikes
|-ability|p1a: Kyurem|Pressure
|move|p2a: Whitman|Avalanche|p1a: Kyurem
|-damage|p1a: Kyurem|25/100
|
|upkeep
|turn|159
|
|t:|1758977077
|switch|p2a: Baudelaire|Corviknight, M, shiny|98/100 par
|-damage|p2a: Baudelaire|86/100 par|[from] Stealth Rock
|-ability|p2a: Baudelaire|Pressure
|move|p1a: Kyurem|Freeze-Dry|p2a: Baudelaire
|-damage|p2a: Baudelaire|40/100 par
|
|-heal|p2a: Baudelaire|46/100 par|[from] item: Leftovers
|upkeep
|turn|160
|
|t:|1758977084
|switch|p1a: Dragonite|Dragonite, M, shiny|94/100
|switch|p2a: Tagore|Alomomola, L99, F, shiny|89/100
|
|-heal|p1a: Dragonite|99/100|[from] item: Leftovers
|upkeep
|turn|161
|
|t:|1758977087
|move|p1a: Dragonite|Dragon Dance|p1a: Dragonite
|-boost|p1a: Dragonite|atk|1
|-boost|p1a: Dragonite|spe|1
|move|p2a: Tagore|Flip Turn|p1a: Dragonite
|-resisted|p1a: Dragonite
|-damage|p1a: Dragonite|93/100
|
|t:|1758977089
|switch|p2a: Bashō|Gliscor, F|71/100 tox|[from] Flip Turn
|-damage|p2a: Bashō|58/100 tox|[from] Stealth Rock
|
|-heal|p1a: Dragonite|99/100|[from] item: Leftovers
|-heal|p2a: Bashō|71/100 tox|[from] ability: Poison Heal
|upkeep
|turn|162
|
|t:|1758977099
|-terastallize|p1a: Dragonite|Fairy
|move|p2a: Bashō|Protect|p2a: Bashō
|-singleturn|p2a: Bashō|Protect
|move|p1a: Dragonite|Tera Blast|p2a: Bashō|[anim] Tera Blast Fairy
|-activate|p2a: Bashō|move: Protect
|
|-heal|p1a: Dragonite|100/100|[from] item: Leftovers
|-heal|p2a: Bashō|83/100 tox|[from] ability: Poison Heal
|upkeep
|turn|163
|
|t:|1758977106
|move|p1a: Dragonite|Dragon Dance|p1a: Dragonite
|-boost|p1a: Dragonite|atk|1
|-boost|p1a: Dragonite|spe|1
|move|p2a: Bashō|Toxic|p1a: Dragonite
|-status|p1a: Dragonite|tox
|
|-damage|p1a: Dragonite|95/100 tox|[from] psn
|-heal|p2a: Bashō|96/100 tox|[from] ability: Poison Heal
|upkeep
|turn|164
|
|t:|1758977109
|move|p2a: Bashō|Protect|p2a: Bashō
|-singleturn|p2a: Bashō|Protect
|move|p1a: Dragonite|Tera Blast|p2a: Bashō|[anim] Tera Blast Fairy
|-activate|p2a: Bashō|move: Protect
|
|-heal|p1a: Dragonite|100/100 tox|[from] item: Leftovers
|-damage|p1a: Dragonite|89/100 tox|[from] psn
|-heal|p2a: Bashō|100/100 tox|[from] ability: Poison Heal
|upkeep
|turn|165
|
|t:|1758977112
|switch|p2a: Whitman|Dondozo, F|75/100
|move|p1a: Dragonite|Tera Blast|p2a: Whitman|[anim] Tera Blast Fairy
|-damage|p2a: Whitman|55/100
|
|-heal|p1a: Dragonite|95/100 tox|[from] item: Leftovers
|-damage|p1a: Dragonite|77/100 tox|[from] psn
|upkeep
|turn|166
|
|t:|1758977116
|move|p1a: Dragonite|Tera Blast|p2a: Whitman|[anim] Tera Blast Fairy
|-damage|p2a: Whitman|37/100
|move|p2a: Whitman|Rest|p2a: Whitman
|-status|p2a: Whitman|slp|[from] move: Rest
|-heal|p2a: Whitman|100/100 slp|[silent]
|
|-heal|p1a: Dragonite|83/100 tox|[from] item: Leftovers
|-damage|p1a: Dragonite|59/100 tox|[from] psn
|upkeep
|turn|167
|-message|Shell7 forfeited.
|
|win|A Slow Poem
|raw|Shell7's rating: 1482 &rarr; <strong>1465</strong><br />(-17 for losing)
|raw|A Slow Poem's rating: 1536 &rarr; <strong>1553</strong><br />(+17 for winning)
|l|☆Shell7
|player|p1|
