|j|☆obezer
|j|☆Wifjvndjwow
|t:|1759053892
|gametype|singles
|player|p1|obezer|marshal|1242
|player|p2|Wifjvndjwow|leaf-masters|1332
|gen|9
|tier|[Gen 9] OU
|rated|
|rule|HP Percentage Mod: HP is shown in percentages
|rule|Endless Battle Clause: Forcing endless battles is banned
|rule|Species Clause: Limit one of each Pokémon
|rule|OHKO Clause: OHKO moves are banned
|rule|Evasion Items Clause: Evasion items are banned
|rule|Evasion Moves Clause: Evasion moves are banned
|rule|Evasion Abilities Clause: Evasion abilities are banned
|rule|Sleep Moves Clause: Sleep-inducing moves are banned
|clearpoke
|poke|p1|Kleavor, F|
|poke|p1|Rillaboom, M|
|poke|p1|Slowking-Galar, F|
|poke|p1|Sinistcha|
|poke|p1|Talonflame, M|
|poke|p1|Oricorio-Sensu, F|
|poke|p2|Tyranitar, F|
|poke|p2|Excadrill, F|
|poke|p2|Zapdos|
|poke|p2|Gholdengo|
|poke|p2|Ogerpon-Wellspring, F|
|poke|p2|Kingambit, F|
|teampreview
|
|t:|1759053902
|teamsize|p1|6
|teamsize|p2|6
|start
|switch|p1a: Kleavor|Kleavor, F|100/100
|switch|p2a: Gholdengo|Gholdengo|100/100
|turn|1
|
|t:|1759053911
|move|p1a: Kleavor|Night Slash|p2a: Gholdengo
|-supereffective|p2a: Gholdengo
|-damage|p2a: Gholdengo|12/100
|move|p2a: Gholdengo|Shadow Ball|p1a: Kleavor
|-damage|p1a: Kleavor|0 fnt
|faint|p1a: Kleavor
|
|upkeep
|
|t:|1759053922
|switch|p1a: Rillaboom|Rillaboom, M|100/100
|-fieldstart|move: Grassy Terrain|[from] ability: Grassy Surge|[of] p1a: Rillaboom
|turn|2
|
|t:|1759053926
|switch|p2a: Zapdos|Zapdos, shiny|100/100
|move|p1a: Rillaboom|U-turn|p2a: Zapdos
|-resisted|p2a: Zapdos
|-damage|p2a: Zapdos|81/100
|-damage|p1a: Rillaboom|91/100|[from] item: Life Orb
|
|t:|1759053934
|switch|p1a: Slowking|Slowking-Galar, F|100/100|[from] U-turn
|
|upkeep
|turn|3
|
|t:|1759053937
|move|p2a: Zapdos|Volt Switch|p1a: Slowking
|-damage|p1a: Slowking|83/100
|
|t:|1759053940
|switch|p2a: Tyranitar|Tyranitar, F, shiny|100/100|[from] Volt Switch
|-weather|Sandstorm|[from] ability: Sand Stream|[of] p2a: Tyranitar
|move|p1a: Slowking|Future Sight|p2a: Tyranitar
|-start|p1a: Slowking|move: Future Sight
|
|-weather|Sandstorm|[upkeep]
|-damage|p1a: Slowking|77/100|[from] Sandstorm
|-heal|p1a: Slowking|83/100|[from] Grassy Terrain
|upkeep
|turn|4
|
|t:|1759053949
|switch|p1a: Rillaboom|Rillaboom, M|91/100
|move|p2a: Tyranitar|Knock Off|p1a: Rillaboom
|-damage|p1a: Rillaboom|0 fnt
|-enditem|p1a: Rillaboom|Life Orb|[from] move: Knock Off|[of] p2a: Tyranitar
|faint|p1a: Rillaboom
|
|-weather|Sandstorm|[upkeep]
|upkeep
|
|t:|1759053953
|switch|p1a: Oricorio|Oricorio-Sensu, F|100/100
|-enditem|p1a: Oricorio|Grassy Seed
|-boost|p1a: Oricorio|def|1|[from] item: Grassy Seed
|turn|5
|
|t:|1759053959
|move|p1a: Oricorio|Charm|p2a: Tyranitar
|-unboost|p2a: Tyranitar|atk|2
|move|p2a: Tyranitar|Knock Off|p1a: Oricorio
|-supereffective|p1a: Oricorio
|-damage|p1a: Oricorio|65/100
|
|-weather|Sandstorm|[upkeep]
|-damage|p1a: Oricorio|59/100|[from] Sandstorm
|-end|p2a: Tyranitar|move: Future Sight
|-immune|p2a: Tyranitar
|upkeep
|turn|6
|
|t:|1759053967
|switch|p2a: Excadrill|Excadrill, F|100/100
|-item|p2a: Excadrill|Air Balloon
|move|p1a: Oricorio|Quiver Dance|p1a: Oricorio
|-boost|p1a: Oricorio|spa|1
|-boost|p1a: Oricorio|spd|1
|-boost|p1a: Oricorio|spe|1
|
|-weather|Sandstorm|[upkeep]
|-damage|p1a: Oricorio|52/100|[from] Sandstorm
|-fieldend|move: Grassy Terrain
|upkeep
|turn|7
|
|t:|1759053975
|move|p2a: Excadrill|Iron Head|p1a: Oricorio
|-damage|p1a: Oricorio|28/100
|move|p1a: Oricorio|Roost|p1a: Oricorio
|-heal|p1a: Oricorio|78/100
|-singleturn|p1a: Oricorio|move: Roost
|
|-weather|none
|upkeep
|turn|8
|
|t:|1759053989
|switch|p2a: Tyranitar|Tyranitar, F, shiny|100/100
|-weather|Sandstorm|[from] ability: Sand Stream|[of] p2a: Tyranitar
|move|p1a: Oricorio|Quiver Dance|p1a: Oricorio
|-boost|p1a: Oricorio|spa|1
|-boost|p1a: Oricorio|spd|1
|-boost|p1a: Oricorio|spe|1
|
|-weather|Sandstorm|[upkeep]
|-damage|p1a: Oricorio|72/100|[from] Sandstorm
|upkeep
|turn|9
|
|t:|1759054000
|-terastallize|p1a: Oricorio|Dark
|move|p1a: Oricorio|Charm|p2a: Tyranitar
|-unboost|p2a: Tyranitar|atk|2
|move|p2a: Tyranitar|Stone Edge|p1a: Oricorio
|-damage|p1a: Oricorio|46/100
|
|-weather|Sandstorm|[upkeep]
|-damage|p1a: Oricorio|40/100|[from] Sandstorm
|upkeep
|turn|10
|
|t:|1759054008
|switch|p2a: Kingambit|Kingambit, F|100/100
|move|p1a: Oricorio|Roost|p1a: Oricorio
|-heal|p1a: Oricorio|90/100
|
|-weather|Sandstorm|[upkeep]
|-damage|p1a: Oricorio|84/100|[from] Sandstorm
|upkeep
|turn|11
|
|t:|1759054014
|move|p1a: Oricorio|Charm|p2a: Kingambit
|-fail|p2a: Kingambit|unboost|[from] item: Clear Amulet|[of] p2a: Kingambit
|move|p2a: Kingambit|Swords Dance|p2a: Kingambit
|-boost|p2a: Kingambit|atk|2
|-activate|p1a: Oricorio|ability: Dancer
|move|p1a: Oricorio|Swords Dance|p1a: Oricorio|[from] ability: Dancer
|-boost|p1a: Oricorio|atk|2
|
|-weather|Sandstorm|[upkeep]
|-damage|p1a: Oricorio|77/100|[from] Sandstorm
|upkeep
|turn|12
|
|t:|1759054024
|move|p1a: Oricorio|Quiver Dance|p1a: Oricorio
|-boost|p1a: Oricorio|spa|1
|-boost|p1a: Oricorio|spd|1
|-boost|p1a: Oricorio|spe|1
|move|p2a: Kingambit|Iron Head|p1a: Oricorio
|-damage|p1a: Oricorio|31/100
|
|-weather|none
|upkeep
|turn|13
|
|t:|1759054031
|move|p1a: Oricorio|Roost|p1a: Oricorio
|-heal|p1a: Oricorio|81/100
|move|p2a: Kingambit|Iron Head|p1a: Oricorio
|-damage|p1a: Oricorio|30/100
|
|upkeep
|turn|14
|
|t:|1759054036
|move|p1a: Oricorio|Roost|p1a: Oricorio
|-heal|p1a: Oricorio|80/100
|move|p2a: Kingambit|Iron Head|p1a: Oricorio
|-damage|p1a: Oricorio|27/100
|
|upkeep
|turn|15
|
|t:|1759054040
|move|p1a: Oricorio|Revelation Dance|p2a: Kingambit
|-resisted|p2a: Kingambit
|-damage|p2a: Kingambit|58/100
|move|p2a: Kingambit|Iron Head|p1a: Oricorio
|-damage|p1a: Oricorio|0 fnt
|faint|p1a: Oricorio
|
|upkeep
|inactive|Battle timer is ON: inactive players will automatically lose when time's up. (requested by Wifjvndjwow)
|-message|obezer forfeited.
|
|win|Wifjvndjwow
|raw|obezer's rating: 1242 &rarr; <strong>1223</strong><br />(-19 for losing)
|raw|Wifjvndjwow's rating: 1332 &rarr; <strong>1347</strong><br />(+15 for winning)
|l|☆obezer
|player|p1|
|l|☆Wifjvndjwow
|player|p2|
