|j|‽vilestinkyswine
|j|☆Attackthegoat
|t:|1759032827
|gametype|singles
|player|p1|vilestinkyswine|guitarist-gen4|1270
|player|p2|Attackthegoat|170|1317
|gen|9
|tier|[Gen 9] OU
|rated|
|rule|HP Percentage Mod: HP is shown in percentages
|rule|Endless Battle Clause: Forcing endless battles is banned
|rule|Species Clause: Limit one of each Pokémon
|rule|OHKO Clause: OHKO moves are banned
|rule|Evasion Items Clause: Evasion items are banned
|rule|Evasion Moves Clause: Evasion moves are banned
|rule|Evasion Abilities Clause: Evasion abilities are banned
|rule|Sleep Moves Clause: Sleep-inducing moves are banned
|clearpoke
|poke|p1|Mimikyu, F|
|poke|p1|Ogerpon-Wellspring, F|
|poke|p1|Skeledirge, F|
|poke|p1|Deoxys-Speed|
|poke|p1|Moltres-Galar|
|poke|p1|Excadrill, M|
|poke|p2|Dragonite, F|
|poke|p2|Great Tusk|
|poke|p2|Latios, M|
|poke|p2|Gardevoir, M|
|poke|p2|Quaquaval, M|
|poke|p2|Galvantula, M|
|teampreview
|
|t:|1759032838
|teamsize|p1|6
|teamsize|p2|6
|start
|switch|p1a: Deoxys|Deoxys-Speed|100/100
|switch|p2a: Quaquaval|Quaquaval, M|100/100
|-ability|p1a: Deoxys|Pressure
|turn|1
|
|t:|1759032849
|move|p1a: Deoxys|Trick|p2a: Quaquaval
|-activate|p1a: Deoxys|move: Trick|[of] p2a: Quaquaval
|-item|p2a: Quaquaval|Choice Band|[from] move: Trick
|-item|p1a: Deoxys|Choice Band|[from] move: Trick
|move|p2a: Quaquaval|U-turn|p1a: Deoxys
|-supereffective|p1a: Deoxys
|-damage|p1a: Deoxys|17/100
|
|t:|1759032858
|switch|p2a: Great Tusk|Great Tusk|100/100|[from] U-turn
|-enditem|p2a: Great Tusk|Booster Energy
|-activate|p2a: Great Tusk|ability: Protosynthesis|[fromitem]
|-start|p2a: Great Tusk|protosynthesisatk
|
|upkeep
|turn|2
|
|t:|1759032870
|move|p1a: Deoxys|Stealth Rock|p2a: Great Tusk
|-sidestart|p2: Attackthegoat|move: Stealth Rock
|move|p2a: Great Tusk|Rapid Spin|p1a: Deoxys
|-damage|p1a: Deoxys|0 fnt
|-boost|p2a: Great Tusk|spe|1
|-sideend|p2: Attackthegoat|Stealth Rock|[from] move: Rapid Spin|[of] p2a: Great Tusk
|faint|p1a: Deoxys
|
|upkeep
|
|t:|1759032884
|switch|p1a: Mimikyu|Mimikyu, F|100/100
|turn|3
|
|t:|1759032891
|-terastallize|p2a: Great Tusk|Normal
|move|p1a: Mimikyu|Play Rough|p2a: Great Tusk
|-damage|p2a: Great Tusk|79/100
|move|p2a: Great Tusk|Earthquake|p1a: Mimikyu
|-activate|p1a: Mimikyu|ability: Disguise
|-damage|p1a: Mimikyu|100/100
|detailschange|p1a: Mimikyu|Mimikyu-Busted, F
|-damage|p1a: Mimikyu|88/100|[from] pokemon: Mimikyu-Busted
|
|upkeep
|turn|4
|
|t:|1759032903
|-terastallize|p1a: Mimikyu|Fighting
|move|p1a: Mimikyu|Drain Punch|p2a: Great Tusk
|-supereffective|p2a: Great Tusk
|-damage|p2a: Great Tusk|42/100
|-heal|p1a: Mimikyu|100/100|[from] drain|[of] p2a: Great Tusk
|move|p2a: Great Tusk|Ice Spinner|p1a: Mimikyu
|-damage|p1a: Mimikyu|38/100
|-damage|p2a: Great Tusk|25/100|[from] item: Rocky Helmet|[of] p1a: Mimikyu
|
|upkeep
|turn|5
|
|t:|1759032912
|move|p1a: Mimikyu|Drain Punch|p2a: Great Tusk
|-supereffective|p2a: Great Tusk
|-damage|p2a: Great Tusk|0 fnt
|-heal|p1a: Mimikyu|56/100|[from] drain|[of] p2a: Great Tusk
|faint|p2a: Great Tusk
|-end|p2a: Great Tusk|Protosynthesis|[silent]
|
|upkeep
|
|t:|1759032919
|switch|p2a: Quaquaval|Quaquaval, M|100/100
|turn|6
|inactive|Battle timer is ON: inactive players will automatically lose when time's up. (requested by vilestinkyswine)
|
|t:|1759032922
|move|p1a: Mimikyu|Play Rough|p2a: Quaquaval
|-supereffective|p2a: Quaquaval
|-damage|p2a: Quaquaval|4/100
|move|p2a: Quaquaval|Brave Bird|p1a: Mimikyu
|-supereffective|p1a: Mimikyu
|-damage|p1a: Mimikyu|0 fnt
|-damage|p2a: Quaquaval|0 fnt|[from] item: Rocky Helmet|[of] p1a: Mimikyu
|faint|p1a: Mimikyu
|faint|p2a: Quaquaval
|
|upkeep
|
|t:|1759032937
|switch|p1a: Skeledirge|Skeledirge, F|100/100
|switch|p2a: Gardevoir|Gardevoir, M|100/100
|-ability|p2a: Gardevoir|Unaware|Trace|[from] ability: Trace|[of] p1a: Skeledirge
|turn|7
|
|t:|1759032943
|move|p2a: Gardevoir|Psychic Noise|p1a: Skeledirge
|-damage|p1a: Skeledirge|63/100
|-start|p1a: Skeledirge|move: Heal Block
|move|p1a: Skeledirge|Torch Song|p2a: Gardevoir
|-damage|p2a: Gardevoir|69/100
|-boost|p1a: Skeledirge|spa|1
|-enditem|p1a: Skeledirge|Throat Spray
|-boost|p1a: Skeledirge|spa|1|[from] item: Throat Spray
|
|-heal|p2a: Gardevoir|75/100|[from] item: Leftovers
|upkeep
|turn|8
|
|t:|1759032956
|move|p2a: Gardevoir|Calm Mind|p2a: Gardevoir
|-boost|p2a: Gardevoir|spa|1
|-boost|p2a: Gardevoir|spd|1
|move|p1a: Skeledirge|Shadow Ball|p2a: Gardevoir
|-supereffective|p2a: Gardevoir
|-damage|p2a: Gardevoir|7/100
|
|-heal|p2a: Gardevoir|13/100|[from] item: Leftovers
|-end|p1a: Skeledirge|move: Heal Block
|upkeep
|turn|9
|
|t:|1759032971
|move|p2a: Gardevoir|Psychic Noise|p1a: Skeledirge
|-damage|p1a: Skeledirge|22/100
|-start|p1a: Skeledirge|move: Heal Block
|move|p1a: Skeledirge|Torch Song|p2a: Gardevoir
|-crit|p2a: Gardevoir
|-damage|p2a: Gardevoir|0 fnt
|-boost|p1a: Skeledirge|spa|1
|faint|p2a: Gardevoir
|
|upkeep
|
|t:|1759032979
|switch|p2a: Galvantula|Galvantula, M|100/100
|turn|10
|
|t:|1759032985
|move|p2a: Galvantula|Thunder|p1a: Skeledirge
|-damage|p1a: Skeledirge|0 fnt
|faint|p1a: Skeledirge
|
|upkeep
|
|t:|1759032990
|switch|p1a: Excadrill|Excadrill, M|100/100
|-ability|p1a: Excadrill|Mold Breaker
|turn|11
|
|t:|1759032994
|switch|p2a: Dragonite|Dragonite, F|100/100
|move|p1a: Excadrill|Drill Run|p2a: Dragonite
|-immune|p2a: Dragonite
|
|upkeep
|turn|12
|
|t:|1759032999
|move|p1a: Excadrill|Shadow Claw|p2a: Dragonite
|-crit|p2a: Dragonite
|-damage|p2a: Dragonite|66/100
|move|p2a: Dragonite|Dragon Claw|p1a: Excadrill
|-resisted|p1a: Excadrill
|-damage|p1a: Excadrill|65/100
|
|upkeep
|turn|13
|
|t:|1759033006
|move|p1a: Excadrill|Shadow Claw|p2a: Dragonite
|-damage|p2a: Dragonite|42/100
|move|p2a: Dragonite|Dragon Claw|p1a: Excadrill
|-resisted|p1a: Excadrill
|-damage|p1a: Excadrill|34/100
|
|upkeep
|turn|14
|
|t:|1759033012
|move|p1a: Excadrill|Shadow Claw|p2a: Dragonite
|-damage|p2a: Dragonite|20/100
|move|p2a: Dragonite|Dragon Claw|p1a: Excadrill
|-resisted|p1a: Excadrill
|-damage|p1a: Excadrill|0 fnt
|faint|p1a: Excadrill
|
|upkeep
|
|t:|1759033025
|switch|p1a: Ogerpon|Ogerpon-Wellspring, F|100/100
|turn|15
|
|t:|1759033036
|move|p2a: Dragonite|Extreme Speed|p1a: Ogerpon
|-damage|p1a: Ogerpon|59/100
|move|p1a: Ogerpon|Ivy Cudgel|p2a: Dragonite|[anim] Ivy Cudgel Water
|-resisted|p2a: Dragonite
|-damage|p2a: Dragonite|0 fnt
|faint|p2a: Dragonite
|
|upkeep
|
|t:|1759033045
|switch|p2a: Latios|Latios, M|100/100
|turn|16
|
|t:|1759033050
|move|p1a: Ogerpon|U-turn|p2a: Latios
|-supereffective|p2a: Latios
|-damage|p2a: Latios|30/100
|
|t:|1759033053
|switch|p1a: Moltres|Moltres-Galar|100/100|[from] U-turn
|move|p2a: Latios|Dragon Pulse|p1a: Moltres
|-damage|p1a: Moltres|53/100
|
|upkeep
|turn|17
|
|t:|1759033065
|move|p2a: Latios|Dragon Pulse|p1a: Moltres
|-damage|p1a: Moltres|4/100
|-ability|p1a: Moltres|Berserk|boost
|-boost|p1a: Moltres|spa|1
|-enditem|p1a: Moltres|Aguav Berry|[eat]
|-heal|p1a: Moltres|37/100|[from] item: Aguav Berry
|move|p1a: Moltres|Fiery Wrath|p2a: Latios
|-supereffective|p2a: Latios
|-damage|p2a: Latios|0 fnt
|faint|p2a: Latios
|
|upkeep
|
|t:|1759033073
|switch|p2a: Galvantula|Galvantula, M|100/100
|turn|18
|
|t:|1759033082
|move|p2a: Galvantula|Thunder|p1a: Moltres|[miss]
|-miss|p2a: Galvantula|p1a: Moltres
|move|p1a: Moltres|Air Slash|p2a: Galvantula
|-damage|p2a: Galvantula|6/100
|
|upkeep
|turn|19
|
|t:|1759033091
|move|p2a: Galvantula|Sticky Web|p1a: Moltres
|-sidestart|p1: vilestinkyswine|move: Sticky Web
|move|p1a: Moltres|Air Slash|p2a: Galvantula
|-damage|p2a: Galvantula|0 fnt
|faint|p2a: Galvantula
|
|win|vilestinkyswine
|raw|vilestinkyswine's rating: 1270 &rarr; <strong>1298</strong><br />(+28 for winning)
|raw|Attackthegoat's rating: 1317 &rarr; <strong>1294</strong><br />(-23 for losing)
|l|☆Attackthegoat
|player|p2|
|l|‽vilestinkyswine
|player|p1|
