|j|☆luoxiasheng
|j|☆biglilcuh
|t:|1758945443
|gametype|singles
|player|p1|luoxiasheng|iris-gen5bw2|1385
|player|p2|biglilcuh|veteran|1440
|gen|9
|tier|[Gen 9] OU
|rated|
|rule|HP Percentage Mod: HP is shown in percentages
|rule|Endless Battle Clause: Forcing endless battles is banned
|rule|Species Clause: Limit one of each Pokémon
|rule|OHKO Clause: OHKO moves are banned
|rule|Evasion Items Clause: Evasion items are banned
|rule|Evasion Moves Clause: Evasion moves are banned
|rule|Evasion Abilities Clause: Evasion abilities are banned
|rule|Sleep Moves Clause: Sleep-inducing moves are banned
|clearpoke
|poke|p1|Tyranitar, M|
|poke|p1|Excadrill, M|
|poke|p1|Keldeo-Resolute|
|poke|p1|Tornadus-Therian, M|
|poke|p1|Heatran, F|
|poke|p1|Hydrapple, F|
|poke|p2|Weavile, M|
|poke|p2|Ogerpon-Wellspring, F|
|poke|p2|Moltres|
|poke|p2|Iron Crown|
|poke|p2|Ting-Lu|
|poke|p2|Great Tusk|
|teampreview
|inactive|Battle timer is ON: inactive players will automatically lose when time's up. (requested by luoxiasheng)
|
|t:|1758945451
|teamsize|p1|6
|teamsize|p2|6
|start
|switch|p1a: Tyranitar|Tyranitar, M, shiny|100/100
|switch|p2a: Weavile|Weavile, M|100/100
|-ability|p2a: Weavile|Pressure
|-weather|Sandstorm|[from] ability: Sand Stream|[of] p1a: Tyranitar
|turn|1
|
|t:|1758945462
|switch|p2a: Great Tusk|Great Tusk|100/100
|-enditem|p2a: Great Tusk|Booster Energy
|-activate|p2a: Great Tusk|ability: Protosynthesis|[fromitem]
|-start|p2a: Great Tusk|protosynthesisatk
|move|p1a: Tyranitar|Knock Off|p2a: Great Tusk
|-resisted|p2a: Great Tusk
|-damage|p2a: Great Tusk|79/100
|
|-weather|Sandstorm|[upkeep]
|upkeep
|turn|2
|
|t:|1758945472
|switch|p1a: Tornadus|Tornadus-Therian, M, shiny|100/100
|move|p2a: Great Tusk|Close Combat|p1a: Tornadus
|-resisted|p1a: Tornadus
|-damage|p1a: Tornadus|60/100
|-unboost|p2a: Great Tusk|def|1
|-unboost|p2a: Great Tusk|spd|1
|
|-weather|Sandstorm|[upkeep]
|-damage|p1a: Tornadus|54/100|[from] Sandstorm
|upkeep
|turn|3
|
|t:|1758945485
|-end|p2a: Great Tusk|Protosynthesis|[silent]
|switch|p2a: Iron Crown|Iron Crown|100/100
|-terastallize|p1a: Tornadus|Steel
|move|p1a: Tornadus|Bleakwind Storm|p2a: Iron Crown
|-resisted|p2a: Iron Crown
|-damage|p2a: Iron Crown|89/100
|
|-weather|Sandstorm|[upkeep]
|upkeep
|turn|4
|
|t:|1758945496
|switch|p1a: Heatran|Heatran, F|100/100
|move|p2a: Iron Crown|Focus Blast|p1a: Heatran|[miss]
|-miss|p2a: Iron Crown|p1a: Heatran
|
|-weather|Sandstorm|[upkeep]
|upkeep
|turn|5
|
|t:|1758945514
|move|p2a: Iron Crown|Volt Switch|p1a: Heatran
|-damage|p1a: Heatran|85/100
|
|t:|1758945517
|-end|p2a: Iron Crown|Quark Drive|[silent]
|switch|p2a: Great Tusk|Great Tusk|79/100|[from] Volt Switch
|move|p1a: Heatran|Stealth Rock|p2a: Great Tusk
|-sidestart|p2: biglilcuh|move: Stealth Rock
|
|-weather|none
|-heal|p1a: Heatran|91/100|[from] item: Leftovers
|upkeep
|turn|6
|
|t:|1758945528
|switch|p1a: Hydrapple|Hydrapple, F, shiny|100/100
|move|p2a: Great Tusk|Close Combat|p1a: Hydrapple
|-damage|p1a: Hydrapple|68/100
|-unboost|p2a: Great Tusk|def|1
|-unboost|p2a: Great Tusk|spd|1
|-damage|p2a: Great Tusk|63/100|[from] item: Rocky Helmet|[of] p1a: Hydrapple
|
|upkeep
|turn|7
|
|t:|1758945538
|-end|p2a: Great Tusk|Protosynthesis|[silent]
|switch|p2a: Iron Crown|Iron Crown|89/100
|-damage|p2a: Iron Crown|83/100|[from] Stealth Rock
|move|p1a: Hydrapple|Giga Drain|p2a: Iron Crown
|-resisted|p2a: Iron Crown
|-damage|p2a: Iron Crown|73/100
|-heal|p1a: Hydrapple|72/100|[from] drain|[of] p2a: Iron Crown
|
|upkeep
|turn|8
|
|t:|1758945557
|move|p2a: Iron Crown|Tachyon Cutter|p1a: Hydrapple
|-damage|p1a: Hydrapple|48/100
|-damage|p1a: Hydrapple|24/100
|-hitcount|p1a: Hydrapple|2
|move|p1a: Hydrapple|Earth Power|p2a: Iron Crown
|-supereffective|p2a: Iron Crown
|-crit|p2a: Iron Crown
|-damage|p2a: Iron Crown|26/100
|
|upkeep
|turn|9
|
|t:|1758945569
|switch|p1a: Heatran|Heatran, F|91/100
|move|p2a: Iron Crown|Focus Blast|p1a: Heatran
|-supereffective|p1a: Heatran
|-damage|p1a: Heatran|42/100
|
|-heal|p1a: Heatran|48/100|[from] item: Leftovers
|upkeep
|turn|10
|
|t:|1758945580
|move|p2a: Iron Crown|Focus Blast|p1a: Heatran
|-supereffective|p1a: Heatran
|-damage|p1a: Heatran|0 fnt
|faint|p1a: Heatran
|
|upkeep
|
|t:|1758945590
|switch|p1a: Keldeo|Keldeo-Resolute, shiny|100/100
|turn|11
|
|t:|1758945598
|move|p1a: Keldeo|Surf|p2a: Iron Crown
|-damage|p2a: Iron Crown|0 fnt
|faint|p2a: Iron Crown
|-end|p2a: Iron Crown|Quark Drive|[silent]
|
|upkeep
|
|t:|1758945601
|switch|p2a: Ogerpon|Ogerpon-Wellspring, F|100/100
|-damage|p2a: Ogerpon|88/100|[from] Stealth Rock
|turn|12
|
|t:|1758945607
|switch|p1a: Hydrapple|Hydrapple, F, shiny|58/100
|move|p2a: Ogerpon|U-turn|p1a: Hydrapple
|-supereffective|p1a: Hydrapple
|-damage|p1a: Hydrapple|27/100
|-damage|p2a: Ogerpon|72/100|[from] item: Rocky Helmet|[of] p1a: Hydrapple
|
|t:|1758945616
|switch|p2a: Weavile|Weavile, M|100/100|[from] U-turn
|-ability|p2a: Weavile|Pressure
|
|upkeep
|turn|13
|
|t:|1758945626
|switch|p1a: Tornadus|Tornadus-Therian, M, shiny, tera:Steel|87/100
|move|p2a: Weavile|Knock Off|p1a: Tornadus
|-damage|p1a: Tornadus|32/100
|-enditem|p1a: Tornadus|Heavy-Duty Boots|[from] move: Knock Off|[of] p2a: Weavile
|
|upkeep
|turn|14
|
|t:|1758945636
|move|p2a: Weavile|Knock Off|p1a: Tornadus
|-damage|p1a: Tornadus|0 fnt
|faint|p1a: Tornadus
|
|upkeep
|
|t:|1758945642
|switch|p1a: Tyranitar|Tyranitar, M, shiny|100/100
|-weather|Sandstorm|[from] ability: Sand Stream|[of] p1a: Tyranitar
|turn|15
|
|t:|1758945647
|switch|p2a: Great Tusk|Great Tusk|63/100
|-damage|p2a: Great Tusk|60/100|[from] Stealth Rock
|move|p1a: Tyranitar|Knock Off|p2a: Great Tusk
|-resisted|p2a: Great Tusk
|-damage|p2a: Great Tusk|41/100
|
|-weather|Sandstorm|[upkeep]
|upkeep
|turn|16
|
|t:|1758945662
|switch|p1a: Hydrapple|Hydrapple, F, shiny|60/100
|move|p2a: Great Tusk|Rapid Spin|p1a: Hydrapple
|-damage|p1a: Hydrapple|51/100
|-boost|p2a: Great Tusk|spe|1
|-damage|p2a: Great Tusk|24/100|[from] item: Rocky Helmet|[of] p1a: Hydrapple
|-sideend|p2: biglilcuh|Stealth Rock|[from] move: Rapid Spin|[of] p2a: Great Tusk
|
|-weather|Sandstorm|[upkeep]
|-damage|p1a: Hydrapple|45/100|[from] Sandstorm
|upkeep
|turn|17
|
|t:|1758945673
|-end|p2a: Great Tusk|Protosynthesis|[silent]
|switch|p2a: Moltres|Moltres|100/100
|move|p1a: Hydrapple|Giga Drain|p2a: Moltres
|-resisted|p2a: Moltres
|-damage|p2a: Moltres|92/100
|-heal|p1a: Hydrapple|49/100|[from] drain|[of] p2a: Moltres
|
|-weather|Sandstorm|[upkeep]
|-damage|p2a: Moltres|86/100|[from] Sandstorm
|-damage|p1a: Hydrapple|43/100|[from] Sandstorm
|upkeep
|turn|18
|
|t:|1758945683
|switch|p1a: Tyranitar|Tyranitar, M, shiny|100/100
|move|p2a: Moltres|Will-O-Wisp|p1a: Tyranitar
|-status|p1a: Tyranitar|brn
|
|-weather|Sandstorm|[upkeep]
|-damage|p2a: Moltres|80/100|[from] Sandstorm
|-damage|p1a: Tyranitar|94/100 brn|[from] brn
|upkeep
|turn|19
|
|t:|1758945695
|move|p1a: Tyranitar|Stone Edge|p2a: Moltres
|-supereffective|p2a: Moltres
|-damage|p2a: Moltres|0 fnt
|faint|p2a: Moltres
|
|-weather|none
|-damage|p1a: Tyranitar|88/100 brn|[from] brn
|upkeep
|
|t:|1758945699
|switch|p2a: Great Tusk|Great Tusk|24/100
|turn|20
|
|t:|1758945705
|switch|p1a: Hydrapple|Hydrapple, F, shiny|76/100
|move|p2a: Great Tusk|Close Combat|p1a: Hydrapple
|-damage|p1a: Hydrapple|43/100
|-unboost|p2a: Great Tusk|def|1
|-unboost|p2a: Great Tusk|spd|1
|-damage|p2a: Great Tusk|8/100|[from] item: Rocky Helmet|[of] p1a: Hydrapple
|
|upkeep
|turn|21
|
|t:|1758945716
|move|p2a: Great Tusk|Close Combat|p1a: Hydrapple
|-damage|p1a: Hydrapple|7/100
|-unboost|p2a: Great Tusk|def|1
|-unboost|p2a: Great Tusk|spd|1
|-damage|p2a: Great Tusk|0 fnt|[from] item: Rocky Helmet|[of] p1a: Hydrapple
|faint|p2a: Great Tusk
|-end|p2a: Great Tusk|Protosynthesis|[silent]
|move|p1a: Hydrapple|Giga Drain|p2: Great Tusk|[notarget]
|-fail|p1a: Hydrapple
|
|upkeep
|
|t:|1758945723
|switch|p2a: Ogerpon|Ogerpon-Wellspring, F|72/100
|turn|22
|
|t:|1758945728
|switch|p1a: Keldeo|Keldeo-Resolute, shiny|100/100
|move|p2a: Ogerpon|U-turn|p1a: Keldeo
|-resisted|p1a: Keldeo
|-damage|p1a: Keldeo|85/100
|
|t:|1758945732
|switch|p2a: Ting-Lu|Ting-Lu|100/100|[from] U-turn
|-ability|p2a: Ting-Lu|Vessel of Ruin
|
|upkeep
|turn|23
|
|t:|1758945751
|-terastallize|p2a: Ting-Lu|Ghost
|move|p1a: Keldeo|Secret Sword|p2a: Ting-Lu
|-immune|p2a: Ting-Lu
|move|p2a: Ting-Lu|Earthquake|p1a: Keldeo
|-damage|p1a: Keldeo|45/100
|
|upkeep
|turn|24
|
|t:|1758945759
|switch|p1a: Tyranitar|Tyranitar, M, shiny|88/100 brn
|-weather|Sandstorm|[from] ability: Sand Stream|[of] p1a: Tyranitar
|move|p2a: Ting-Lu|Whirlwind|p1a: Tyranitar
|drag|p1a: Excadrill|Excadrill, M, shiny|100/100
|-item|p1a: Excadrill|Air Balloon
|
|-weather|Sandstorm|[upkeep]
|-damage|p2a: Ting-Lu|94/100|[from] Sandstorm
|-heal|p2a: Ting-Lu|100/100|[from] item: Leftovers
|upkeep
|turn|25
|
|t:|1758945774
|move|p1a: Excadrill|Swords Dance|p1a: Excadrill
|-boost|p1a: Excadrill|atk|2
|move|p2a: Ting-Lu|Whirlwind|p1a: Excadrill
|drag|p1a: Keldeo|Keldeo-Resolute, shiny|45/100
|
|-weather|Sandstorm|[upkeep]
|-damage|p1a: Keldeo|39/100|[from] Sandstorm
|-damage|p2a: Ting-Lu|94/100|[from] Sandstorm
|-heal|p2a: Ting-Lu|100/100|[from] item: Leftovers
|upkeep
|turn|26
|
|t:|1758945786
|switch|p2a: Ogerpon|Ogerpon-Wellspring, F|72/100
|move|p1a: Keldeo|Flip Turn|p2a: Ogerpon
|-heal|p2a: Ogerpon|97/100|[from] ability: Water Absorb|[of] p1a: Keldeo
|
|-weather|Sandstorm|[upkeep]
|-damage|p2a: Ogerpon|91/100|[from] Sandstorm
|-damage|p1a: Keldeo|33/100|[from] Sandstorm
|upkeep
|turn|27
|
|t:|1758945797
|switch|p1a: Hydrapple|Hydrapple, F, shiny|40/100
|move|p2a: Ogerpon|Ivy Cudgel|p1a: Hydrapple|[anim] Ivy Cudgel Water
|-resisted|p1a: Hydrapple
|-crit|p1a: Hydrapple
|-damage|p1a: Hydrapple|27/100
|
|-weather|Sandstorm|[upkeep]
|-damage|p2a: Ogerpon|85/100|[from] Sandstorm
|-damage|p1a: Hydrapple|21/100|[from] Sandstorm
|upkeep
|turn|28
|
|t:|1758945815
|switch|p1a: Excadrill|Excadrill, M, shiny|100/100
|-item|p1a: Excadrill|Air Balloon
|move|p2a: Ogerpon|U-turn|p1a: Excadrill
|-resisted|p1a: Excadrill
|-damage|p1a: Excadrill|82/100
|-enditem|p1a: Excadrill|Air Balloon
|
|t:|1758945822
|switch|p2a: Ting-Lu|Ting-Lu, tera:Ghost|100/100|[from] U-turn
|-ability|p2a: Ting-Lu|Vessel of Ruin
|
|-weather|none
|upkeep
|turn|29
|
|t:|1758945830
|switch|p1a: Hydrapple|Hydrapple, F, shiny|54/100
|move|p2a: Ting-Lu|Earthquake|p1a: Hydrapple
|-resisted|p1a: Hydrapple
|-damage|p1a: Hydrapple|44/100
|
|upkeep
|turn|30
|
|t:|1758945838
|move|p2a: Ting-Lu|Stealth Rock|p1a: Hydrapple
|-sidestart|p1: luoxiasheng|move: Stealth Rock
|move|p1a: Hydrapple|Giga Drain|p2a: Ting-Lu
|-damage|p2a: Ting-Lu|86/100
|-heal|p1a: Hydrapple|53/100|[from] drain|[of] p2a: Ting-Lu
|
|-heal|p2a: Ting-Lu|93/100|[from] item: Leftovers
|upkeep
|turn|31
|
|t:|1758945847
|switch|p1a: Tyranitar|Tyranitar, M, shiny|88/100 brn
|-damage|p1a: Tyranitar|76/100 brn|[from] Stealth Rock
|-weather|Sandstorm|[from] ability: Sand Stream|[of] p1a: Tyranitar
|move|p2a: Ting-Lu|Ruination|p1a: Tyranitar
|-damage|p1a: Tyranitar|38/100 brn
|
|-weather|Sandstorm|[upkeep]
|-damage|p2a: Ting-Lu|86/100|[from] Sandstorm
|-heal|p2a: Ting-Lu|93/100|[from] item: Leftovers
|-damage|p1a: Tyranitar|32/100 brn|[from] brn
|upkeep
|turn|32
|
|t:|1758945861
|switch|p2a: Ogerpon|Ogerpon-Wellspring, F|85/100
|move|p1a: Tyranitar|Knock Off|p2a: Ogerpon
|-damage|p2a: Ogerpon|48/100
|
|-weather|Sandstorm|[upkeep]
|-damage|p2a: Ogerpon|42/100|[from] Sandstorm
|-damage|p1a: Tyranitar|26/100 brn|[from] brn
|upkeep
|turn|33
|
|t:|1758945876
|switch|p1a: Keldeo|Keldeo-Resolute, shiny|33/100
|-damage|p1a: Keldeo|27/100|[from] Stealth Rock
|move|p2a: Ogerpon|Ivy Cudgel|p1a: Keldeo|[anim] Ivy Cudgel Water
|-resisted|p1a: Keldeo
|-damage|p1a: Keldeo|0 fnt
|faint|p1a: Keldeo
|
|-weather|Sandstorm|[upkeep]
|-damage|p2a: Ogerpon|36/100|[from] Sandstorm
|upkeep
|
|t:|1758945896
|switch|p1a: Excadrill|Excadrill, M, shiny|82/100
|-damage|p1a: Excadrill|79/100|[from] Stealth Rock
|turn|34
|
|t:|1758945900
|move|p1a: Excadrill|Earthquake|p2a: Ogerpon
|-resisted|p2a: Ogerpon
|-damage|p2a: Ogerpon|1/100
|move|p2a: Ogerpon|Ivy Cudgel|p1a: Excadrill|[anim] Ivy Cudgel Water
|-supereffective|p1a: Excadrill
|-crit|p1a: Excadrill
|-damage|p1a: Excadrill|0 fnt
|faint|p1a: Excadrill
|
|-weather|Sandstorm|[upkeep]
|-damage|p2a: Ogerpon|0 fnt|[from] Sandstorm
|faint|p2a: Ogerpon
|upkeep
|
|t:|1758945918
|switch|p2a: Weavile|Weavile, M|100/100
|switch|p1a: Tyranitar|Tyranitar, M, shiny|26/100 brn
|-ability|p2a: Weavile|Pressure
|-damage|p1a: Tyranitar|14/100 brn|[from] Stealth Rock
|turn|35
|
|t:|1758945926
|move|p2a: Weavile|Knock Off|p1a: Tyranitar
|-resisted|p1a: Tyranitar
|-damage|p1a: Tyranitar|0 fnt
|-enditem|p1a: Tyranitar|Choice Band|[from] move: Knock Off|[of] p2a: Weavile
|faint|p1a: Tyranitar
|
|-weather|none
|upkeep
|
|t:|1758945933
|switch|p1a: Hydrapple|Hydrapple, F, shiny|86/100
|-damage|p1a: Hydrapple|74/100|[from] Stealth Rock
|turn|36
|
|t:|1758945939
|move|p2a: Weavile|Triple Axel|p1a: Hydrapple
|-supereffective|p1a: Hydrapple
|-damage|p1a: Hydrapple|52/100
|-damage|p2a: Weavile|84/100|[from] item: Rocky Helmet|[of] p1a: Hydrapple
|-supereffective|p1a: Hydrapple
|-damage|p1a: Hydrapple|6/100
|-damage|p2a: Weavile|68/100|[from] item: Rocky Helmet|[of] p1a: Hydrapple
|-supereffective|p1a: Hydrapple
|-damage|p1a: Hydrapple|0 fnt
|-damage|p2a: Weavile|51/100|[from] item: Rocky Helmet|[of] p1a: Hydrapple
|faint|p1a: Hydrapple
|-hitcount|p1: Hydrapple|3
|
|win|biglilcuh
|raw|luoxiasheng's rating: 1385 &rarr; <strong>1368</strong><br />(-17 for losing)
|raw|biglilcuh's rating: 1440 &rarr; <strong>1457</strong><br />(+17 for winning)
|l|☆biglilcuh
|player|p2|
|l|☆luoxiasheng
|player|p1|
