|j|☆ettiriddure
|j|☆SamiFawad
|t:|1759054665
|gametype|singles
|player|p1|ettiriddure|hilbert|1518
|player|p2|SamiFawad|102|1684
|gen|9
|tier|[Gen 9] OU
|rated|
|rule|HP Percentage Mod: HP is shown in percentages
|rule|Endless Battle Clause: Forcing endless battles is banned
|rule|Species Clause: Limit one of each Pokémon
|rule|OHKO Clause: OHKO moves are banned
|rule|Evasion Items Clause: Evasion items are banned
|rule|Evasion Moves Clause: Evasion moves are banned
|rule|Evasion Abilities Clause: Evasion abilities are banned
|rule|Sleep Moves Clause: Sleep-inducing moves are banned
|clearpoke
|poke|p1|Landorus-Therian, M|
|poke|p1|Scizor, M|
|poke|p1|Walking Wake|
|poke|p1|Zapdos|
|poke|p1|Ceruledge, M|
|poke|p1|Ogerpon-Cornerstone, F|
|poke|p2|Landorus-Therian, M|
|poke|p2|Samurott-Hisui, F|
|poke|p2|Great Tusk|
|poke|p2|Incineroar, M|
|poke|p2|Slowking-Galar, M|
|poke|p2|Darkrai|
|teampreview
|inactive|Battle timer is ON: inactive players will automatically lose when time's up. (requested by ettiriddure)
|
|t:|1759054674
|teamsize|p1|6
|teamsize|p2|6
|start
|switch|p1a: Ogerpon|Ogerpon-Cornerstone, F|100/100
|switch|p2a: Incineroar|Incineroar, M|100/100
|-ability|p2a: Incineroar|Intimidate|boost
|-unboost|p1a: Ogerpon|atk|1
|turn|1
|
|t:|1759054683
|move|p1a: Ogerpon|Spiky Shield|p1a: Ogerpon
|-singleturn|p1a: Ogerpon|move: Protect
|move|p2a: Incineroar|Will-O-Wisp|p1a: Ogerpon
|-activate|p1a: Ogerpon|move: Protect
|
|upkeep
|turn|2
|
|t:|1759054690
|switch|p1a: Ceruledge|Ceruledge, M|100/100
|move|p2a: Incineroar|Will-O-Wisp|p1a: Ceruledge
|-start|p1a: Ceruledge|ability: Flash Fire
|
|upkeep
|turn|3
|
|t:|1759054700
|-end|p1a: Ceruledge|ability: Flash Fire|[silent]
|switch|p1a: Landorus|Landorus-Therian, M|100/100
|-ability|p1a: Landorus|Intimidate|boost
|-unboost|p2a: Incineroar|atk|1
|move|p2a: Incineroar|Knock Off|p1a: Landorus
|-damage|p1a: Landorus|83/100
|-damage|p2a: Incineroar|84/100|[from] item: Rocky Helmet|[of] p1a: Landorus
|-enditem|p1a: Landorus|Rocky Helmet|[from] move: Knock Off|[of] p2a: Incineroar
|
|upkeep
|turn|4
|
|t:|1759054707
|move|p1a: Landorus|Stealth Rock|p2a: Incineroar
|-sidestart|p2: SamiFawad|move: Stealth Rock
|move|p2a: Incineroar|Will-O-Wisp|p1a: Landorus
|-status|p1a: Landorus|brn
|
|-damage|p1a: Landorus|77/100 brn|[from] brn
|upkeep
|turn|5
|
|t:|1759054713
|move|p1a: Landorus|Earthquake|p2a: Incineroar
|-supereffective|p2a: Incineroar
|-damage|p2a: Incineroar|50/100
|move|p2a: Incineroar|Parting Shot|p1a: Landorus
|-unboost|p1a: Landorus|atk|1
|-unboost|p1a: Landorus|spa|1
|
|t:|1759054717
|switch|p2a: Great Tusk|Great Tusk|100/100|[from] Parting Shot
|-damage|p2a: Great Tusk|98/100|[from] Stealth Rock
|
|-damage|p1a: Landorus|71/100 brn|[from] brn
|upkeep
|turn|6
|
|t:|1759054732
|move|p2a: Great Tusk|Stealth Rock|p1a: Landorus
|-sidestart|p1: ettiriddure|move: Stealth Rock
|move|p1a: Landorus|Taunt|p2a: Great Tusk
|-start|p2a: Great Tusk|move: Taunt
|
|-damage|p1a: Landorus|65/100 brn|[from] brn
|upkeep
|turn|7
|
|t:|1759054739
|switch|p1a: Scizor|Scizor, M|100/100
|move|p2a: Great Tusk|Knock Off|p1a: Scizor
|-damage|p1a: Scizor|72/100
|-enditem|p1a: Scizor|Heavy-Duty Boots|[from] move: Knock Off|[of] p2a: Great Tusk
|
|upkeep
|turn|8
|
|t:|1759054744
|move|p2a: Great Tusk|Rapid Spin|p1a: Scizor
|-resisted|p1a: Scizor
|-damage|p1a: Scizor|64/100
|-boost|p2a: Great Tusk|spe|1
|-sideend|p2: SamiFawad|Stealth Rock|[from] move: Rapid Spin|[of] p2a: Great Tusk
|move|p1a: Scizor|Defog|p2a: Great Tusk
|-unboost|p2a: Great Tusk|evasion|1
|-sideend|p1: ettiriddure|Stealth Rock|[from] move: Defog|[of] p1a: Scizor
|
|upkeep
|turn|9
|
|t:|1759054758
|switch|p1a: Landorus|Landorus-Therian, M|65/100 brn
|-ability|p1a: Landorus|Intimidate|boost
|-unboost|p2a: Great Tusk|atk|1
|move|p2a: Great Tusk|Body Press|p1a: Landorus
|-resisted|p1a: Landorus
|-damage|p1a: Landorus|48/100 brn
|
|-damage|p1a: Landorus|42/100 brn|[from] brn
|-end|p2a: Great Tusk|move: Taunt
|upkeep
|turn|10
|
|t:|1759054769
|move|p2a: Great Tusk|Stealth Rock|p1a: Landorus
|-sidestart|p1: ettiriddure|move: Stealth Rock
|move|p1a: Landorus|Grass Knot|p2a: Great Tusk
|-supereffective|p2a: Great Tusk
|-damage|p2a: Great Tusk|13/100
|-damage|p1a: Landorus|25/100 brn|[from] item: Rocky Helmet|[of] p2a: Great Tusk
|
|-damage|p1a: Landorus|19/100 brn|[from] brn
|upkeep
|turn|11
|
|t:|1759054775
|move|p2a: Great Tusk|Body Press|p1a: Landorus
|-resisted|p1a: Landorus
|-damage|p1a: Landorus|3/100 brn
|move|p1a: Landorus|Stealth Rock|p2a: Great Tusk
|-sidestart|p2: SamiFawad|move: Stealth Rock
|
|-damage|p1a: Landorus|0 fnt|[from] brn
|faint|p1a: Landorus
|upkeep
|
|t:|1759054785
|switch|p1a: Walking Wake|Walking Wake|100/100
|-damage|p1a: Walking Wake|88/100|[from] Stealth Rock
|turn|12
|
|t:|1759054789
|move|p1a: Walking Wake|Flip Turn|p2a: Great Tusk
|-supereffective|p2a: Great Tusk
|-damage|p2a: Great Tusk|0 fnt
|-damage|p1a: Walking Wake|72/100|[from] item: Rocky Helmet|[of] p2a: Great Tusk
|faint|p2a: Great Tusk
|-end|p2a: Great Tusk|Protosynthesis|[silent]
|
|t:|1759054797
|-end|p1a: Walking Wake|Protosynthesis|[silent]
|switch|p1a: Ogerpon|Ogerpon-Cornerstone, F|100/100|[from] Flip Turn
|-damage|p1a: Ogerpon|88/100|[from] Stealth Rock
|
|upkeep
|
|t:|1759054800
|switch|p2a: Landorus|Landorus-Therian, M|100/100
|-damage|p2a: Landorus|88/100|[from] Stealth Rock
|-ability|p2a: Landorus|Intimidate|boost
|-unboost|p1a: Ogerpon|atk|1
|turn|13
|
|t:|1759054803
|move|p1a: Ogerpon|Spiky Shield|p1a: Ogerpon
|-singleturn|p1a: Ogerpon|move: Protect
|move|p2a: Landorus|U-turn|p1a: Ogerpon
|-activate|p1a: Ogerpon|move: Protect
|-damage|p2a: Landorus|76/100|[from] Spiky Shield|[of] p1a: Ogerpon
|
|upkeep
|turn|14
|
|t:|1759054808
|switch|p1a: Zapdos|Zapdos|100/100
|move|p2a: Landorus|U-turn|p1a: Zapdos
|-resisted|p1a: Zapdos
|-crit|p1a: Zapdos
|-damage|p1a: Zapdos|79/100
|-status|p2a: Landorus|par|[from] ability: Static|[of] p1a: Zapdos
|
|t:|1759054812
|switch|p2a: Slowking|Slowking-Galar, M|100/100|[from] U-turn
|-damage|p2a: Slowking|88/100|[from] Stealth Rock
|
|upkeep
|turn|15
|
|t:|1759054817
|move|p1a: Zapdos|Volt Switch|p2a: Slowking
|-damage|p2a: Slowking|69/100
|
|t:|1759054820
|switch|p1a: Scizor|Scizor, M|64/100|[from] Volt Switch
|-damage|p1a: Scizor|52/100|[from] Stealth Rock
|move|p2a: Slowking|Future Sight|p1a: Scizor
|-start|p2a: Slowking|move: Future Sight
|
|upkeep
|turn|16
|
|t:|1759054827
|switch|p2a: Incineroar|Incineroar, M|50/100
|-damage|p2a: Incineroar|25/100|[from] Stealth Rock
|-ability|p2a: Incineroar|Intimidate|boost
|-unboost|p1a: Scizor|atk|1
|move|p1a: Scizor|Defog|p2a: Incineroar
|-unboost|p2a: Incineroar|evasion|1
|-sideend|p2: SamiFawad|Stealth Rock|[from] move: Defog|[of] p1a: Scizor
|-sideend|p1: ettiriddure|Stealth Rock|[from] move: Defog|[of] p1a: Scizor
|
|upkeep
|turn|17
|
|t:|1759054840
|switch|p1a: Ogerpon|Ogerpon-Cornerstone, F|88/100
|move|p2a: Incineroar|Parting Shot|p1a: Ogerpon
|-unboost|p1a: Ogerpon|atk|1
|-unboost|p1a: Ogerpon|spa|1
|
|t:|1759054844
|switch|p2a: Landorus|Landorus-Therian, M|76/100 par|[from] Parting Shot
|-ability|p2a: Landorus|Intimidate|boost
|-unboost|p1a: Ogerpon|atk|1
|
|-end|p1a: Ogerpon|move: Future Sight
|-damage|p1a: Ogerpon|18/100
|upkeep
|turn|18
|
|t:|1759054850
|switch|p2a: Incineroar|Incineroar, M|25/100
|-ability|p2a: Incineroar|Intimidate|boost
|-unboost|p1a: Ogerpon|atk|1
|move|p1a: Ogerpon|Spiky Shield||[still]
|-fail|p1a: Ogerpon
|
|upkeep
|turn|19
|
|t:|1759054856
|move|p1a: Ogerpon|Ivy Cudgel|p2a: Incineroar|[anim] Ivy Cudgel Rock
|-supereffective|p2a: Incineroar
|-damage|p2a: Incineroar|0 fnt
|faint|p2a: Incineroar
|
|upkeep
|
|t:|1759054860
|switch|p2a: Darkrai|Darkrai|100/100
|turn|20
|
|t:|1759054870
|move|p2a: Darkrai|Dark Pulse|p1a: Ogerpon
|-damage|p1a: Ogerpon|0 fnt
|faint|p1a: Ogerpon
|
|upkeep
|
|t:|1759054877
|switch|p1a: Scizor|Scizor, M|52/100
|turn|21
|
|t:|1759054880
|move|p1a: Scizor|Bullet Punch|p2a: Darkrai
|-damage|p2a: Darkrai|55/100
|move|p2a: Darkrai|Dark Pulse|p1a: Scizor
|-damage|p1a: Scizor|0 fnt
|faint|p1a: Scizor
|
|upkeep
|
|t:|1759054886
|switch|p1a: Walking Wake|Walking Wake|72/100
|turn|22
|
|t:|1759054900
|move|p1a: Walking Wake|Flip Turn|p2a: Darkrai
|-damage|p2a: Darkrai|31/100
|
|t:|1759054904
|-end|p1a: Walking Wake|Protosynthesis|[silent]
|switch|p1a: Zapdos|Zapdos|79/100|[from] Flip Turn
|move|p2a: Darkrai|Dark Pulse|p1a: Zapdos
|-damage|p1a: Zapdos|20/100
|
|upkeep
|turn|23
|
|t:|1759054916
|move|p2a: Darkrai|Dark Pulse|p1a: Zapdos
|-damage|p1a: Zapdos|0 fnt
|faint|p1a: Zapdos
|
|upkeep
|
|t:|1759054919
|switch|p1a: Walking Wake|Walking Wake|72/100
|turn|24
|
|t:|1759054924
|move|p1a: Walking Wake|Hydro Steam|p2a: Darkrai
|-damage|p2a: Darkrai|0 fnt
|faint|p2a: Darkrai
|
|upkeep
|
|t:|1759054926
|switch|p2a: Samurott|Samurott-Hisui, F|100/100
|turn|25
|
|t:|1759054930
|move|p1a: Walking Wake|Hydro Steam|p2a: Samurott
|-resisted|p2a: Samurott
|-damage|p2a: Samurott|71/100
|move|p2a: Samurott|Ceaseless Edge|p1a: Walking Wake
|-crit|p1a: Walking Wake
|-damage|p1a: Walking Wake|0 fnt
|-sidestart|p1: ettiriddure|Spikes
|faint|p1a: Walking Wake
|-end|p1a: Walking Wake|Protosynthesis|[silent]
|
|upkeep
|
|t:|1759054935
|switch|p1a: Ceruledge|Ceruledge, M|100/100
|-damage|p1a: Ceruledge|88/100|[from] Spikes
|turn|26
|
|t:|1759054943
|-terastallize|p1a: Ceruledge|Grass
|move|p2a: Samurott|Ceaseless Edge|p1a: Ceruledge
|-damage|p1a: Ceruledge|23/100
|-sidestart|p1: ettiriddure|Spikes
|move|p1a: Ceruledge|Bulk Up|p1a: Ceruledge
|-boost|p1a: Ceruledge|atk|1
|-boost|p1a: Ceruledge|def|1
|
|-heal|p1a: Ceruledge|29/100|[from] item: Leftovers
|upkeep
|turn|27
|
|t:|1759054953
|move|p2a: Samurott|Ceaseless Edge|p1a: Ceruledge
|-damage|p1a: Ceruledge|0 fnt
|-sidestart|p1: ettiriddure|Spikes
|faint|p1a: Ceruledge
|
|win|SamiFawad
|raw|ettiriddure's rating: 1518 &rarr; <strong>1507</strong><br />(-11 for losing)
|raw|SamiFawad's rating: 1684 &rarr; <strong>1695</strong><br />(+11 for winning)
|l|☆ettiriddure
|player|p1|
|l|☆SamiFawad
|player|p2|
