|j|☆chuck2025
|j|☆aawwa
|t:|1758952732
|gametype|singles
|player|p1|chuck2025|dawn|1245
|player|p2|aawwa|bianca-masters|1293
|gen|9
|tier|[Gen 9] OU
|rated|
|rule|HP Percentage Mod: HP is shown in percentages
|rule|Endless Battle Clause: Forcing endless battles is banned
|rule|Species Clause: Limit one of each Pokémon
|rule|OHKO Clause: OHKO moves are banned
|rule|Evasion Items Clause: Evasion items are banned
|rule|Evasion Moves Clause: Evasion moves are banned
|rule|Evasion Abilities Clause: Evasion abilities are banned
|rule|Sleep Moves Clause: Sleep-inducing moves are banned
|clearpoke
|poke|p1|Dragonite, M|
|poke|p1|Swampert, M|
|poke|p1|Iron Hands|
|poke|p1|Zamazenta-*|
|poke|p1|Volcanion|
|poke|p1|Slowking-Galar, F|
|poke|p2|Weavile, F|
|poke|p2|Pecharunt|
|poke|p2|Ting-Lu|
|poke|p2|Tinkaton, F|
|poke|p2|Keldeo-Resolute|
|poke|p2|Dragonite, F|
|teampreview
|inactive|Battle timer is ON: inactive players will automatically lose when time's up. (requested by aawwa)
|inactive|chuck2025 also wants the timer to be on.
|
|t:|1758952751
|teamsize|p1|6
|teamsize|p2|6
|start
|switch|p1a: Iron Hands|Iron Hands, shiny|100/100
|switch|p2a: sillie|Tinkaton, F|100/100
|-item|p2a: sillie|Air Balloon
|turn|1
|
|t:|1758952759
|move|p2a: sillie|Stealth Rock|p1a: Iron Hands
|-sidestart|p1: chuck2025|move: Stealth Rock
|move|p1a: Iron Hands|Drain Punch|p2a: sillie
|-damage|p2a: sillie|48/100
|-enditem|p2a: sillie|Air Balloon
|-enditem|p1a: Iron Hands|Rocky Helmet|[silent]|[from] ability: Pickpocket|[of] p1a: Iron Hands
|-item|p2a: sillie|Rocky Helmet|[from] ability: Pickpocket|[of] p1a: Iron Hands
|
|upkeep
|turn|2
|
|t:|1758952770
|switch|p2a: goomie|Pecharunt|100/100
|move|p1a: Iron Hands|Earthquake|p2a: goomie
|-supereffective|p2a: goomie
|-damage|p2a: goomie|65/100
|
|upkeep
|turn|3
|
|t:|1758952776
|-end|p1a: Iron Hands|Quark Drive|[silent]
|switch|p1a: Volcanion|Volcanion|100/100
|move|p2a: goomie|Recover|p2a: goomie
|-heal|p2a: goomie|100/100
|
|upkeep
|turn|4
|
|t:|1758952785
|switch|p2a: horsie|Ting-Lu|100/100
|-ability|p2a: horsie|Vessel of Ruin
|move|p1a: Volcanion|Earth Power|p2a: horsie
|-damage|p2a: horsie|85/100
|
|-heal|p2a: horsie|91/100|[from] item: Leftovers
|upkeep
|turn|5
|
|t:|1758952810
|move|p1a: Volcanion|Steam Eruption|p2a: horsie
|-supereffective|p2a: horsie
|-damage|p2a: horsie|36/100
|move|p2a: horsie|Earthquake|p1a: Volcanion
|-supereffective|p1a: Volcanion
|-damage|p1a: Volcanion|40/100
|
|-heal|p2a: horsie|42/100|[from] item: Leftovers
|upkeep
|turn|6
|
|t:|1758952824
|switch|p2a: ponie|Keldeo-Resolute|100/100
|move|p1a: Volcanion|Steam Eruption|p2a: ponie
|-resisted|p2a: ponie
|-damage|p2a: ponie|65/100
|
|upkeep
|turn|7
|
|t:|1758952833
|switch|p1a: Iron Hands|Iron Hands, shiny|100/100
|-damage|p1a: Iron Hands|94/100|[from] Stealth Rock
|move|p2a: ponie|Secret Sword|p1a: Iron Hands
|-damage|p1a: Iron Hands|66/100
|
|upkeep
|turn|8
|
|t:|1758952841
|switch|p2a: horsie|Ting-Lu|42/100
|-ability|p2a: horsie|Vessel of Ruin
|move|p1a: Iron Hands|Play Rough|p2a: horsie
|-supereffective|p2a: horsie
|-damage|p2a: horsie|6/100
|
|-heal|p2a: horsie|12/100|[from] item: Leftovers
|upkeep
|turn|9
|
|t:|1758952851
|switch|p2a: goomie|Pecharunt|100/100
|move|p1a: Iron Hands|Drain Punch|p2a: goomie
|-immune|p2a: goomie
|
|upkeep
|turn|10
|
|t:|1758952862
|move|p2a: goomie|Malignant Chain|p1a: Iron Hands
|-damage|p1a: Iron Hands|37/100
|move|p1a: Iron Hands|Earthquake|p2a: goomie
|-supereffective|p2a: goomie
|-damage|p2a: goomie|64/100
|
|upkeep
|turn|11
|
|t:|1758952870
|-end|p1a: Iron Hands|Quark Drive|[silent]
|switch|p1a: Volcanion|Volcanion|40/100
|move|p2a: goomie|Recover|p2a: goomie
|-heal|p2a: goomie|100/100
|
|upkeep
|turn|12
|
|t:|1758952885
|move|p2a: goomie|Malignant Chain|p1a: Volcanion
|-damage|p1a: Volcanion|9/100
|-status|p1a: Volcanion|tox
|-start|p1a: Volcanion|confusion|[from] ability: Poison Puppeteer|[of] p2a: goomie
|-activate|p1a: Volcanion|confusion
|move|p1a: Volcanion|Earth Power|p2a: goomie
|-supereffective|p2a: goomie
|-damage|p2a: goomie|35/100
|
|-damage|p1a: Volcanion|3/100 tox|[from] psn
|upkeep
|turn|13
|
|t:|1758952901
|move|p2a: goomie|Recover|p2a: goomie
|-heal|p2a: goomie|85/100
|-activate|p1a: Volcanion|confusion
|move|p1a: Volcanion|Earth Power|p2a: goomie
|-supereffective|p2a: goomie
|-damage|p2a: goomie|22/100
|-unboost|p2a: goomie|spd|1
|
|-damage|p1a: Volcanion|0 fnt|[from] psn
|faint|p1a: Volcanion
|upkeep
|inactive|chuck2025 has 120 seconds left.
|
|t:|1758952928
|switch|p1a: Swampert|Swampert, M|100/100
|turn|14
|
|t:|1758952947
|switch|p2a: barnie|Dragonite, F|100/100
|move|p1a: Swampert|Earthquake|p2a: barnie
|-immune|p2a: barnie
|
|upkeep
|turn|15
|
|t:|1758952961
|move|p2a: barnie|Earthquake|p1a: Swampert
|-damage|p1a: Swampert|64/100
|move|p1a: Swampert|Ice Beam|p2a: barnie
|-supereffective|p2a: barnie
|-damage|p2a: barnie|56/100
|
|upkeep
|turn|16
|
|t:|1758952974
|switch|p2a: ponie|Keldeo-Resolute|65/100
|move|p1a: Swampert|Ice Beam|p2a: ponie
|-resisted|p2a: ponie
|-damage|p2a: ponie|50/100
|
|upkeep
|turn|17
|
|t:|1758952992
|switch|p1a: Slowking|Slowking-Galar, F|100/100
|move|p2a: ponie|Hydro Pump|p1a: Slowking
|-damage|p1a: Slowking|58/100
|
|upkeep
|turn|18
|
|t:|1758953009
|switch|p2a: horsie|Ting-Lu|12/100
|-ability|p2a: horsie|Vessel of Ruin
|move|p1a: Slowking|Psychic|p2a: horsie
|-immune|p2a: horsie
|
|-heal|p2a: horsie|19/100|[from] item: Leftovers
|upkeep
|turn|19
|
|t:|1758953019
|move|p2a: horsie|Earthquake|p1a: Slowking
|-supereffective|p1a: Slowking
|-damage|p1a: Slowking|0 fnt
|faint|p1a: Slowking
|
|-heal|p2a: horsie|25/100|[from] item: Leftovers
|upkeep
|
|t:|1758953026
|switch|p1a: Swampert|Swampert, M|64/100
|turn|20
|
|t:|1758953033
|switch|p2a: sillie|Tinkaton, F|48/100
|move|p1a: Swampert|Surf|p2a: sillie
|-damage|p2a: sillie|14/100
|
|upkeep
|turn|21
|
|t:|1758953041
|move|p2a: sillie|Gigaton Hammer|p1a: Swampert
|-resisted|p1a: Swampert
|-damage|p1a: Swampert|42/100
|move|p1a: Swampert|Surf|p2a: sillie
|-damage|p2a: sillie|0 fnt
|faint|p2a: sillie
|
|upkeep
|
|t:|1758953067
|switch|p2a: chewie|Weavile, F|100/100
|-ability|p2a: chewie|Pressure
|turn|22
|
|t:|1758953085
|move|p2a: chewie|Knock Off|p1a: Swampert
|-damage|p1a: Swampert|0 fnt
|-enditem|p1a: Swampert|Heavy-Duty Boots|[from] move: Knock Off|[of] p2a: chewie
|faint|p1a: Swampert
|
|upkeep
|
|t:|1758953091
|switch|p1a: Iron Hands|Iron Hands, shiny|37/100
|-damage|p1a: Iron Hands|31/100|[from] Stealth Rock
|turn|23
|
|t:|1758953108
|move|p2a: chewie|Triple Axel|p1a: Iron Hands
|-damage|p1a: Iron Hands|24/100
|-damage|p1a: Iron Hands|11/100
|-damage|p1a: Iron Hands|0 fnt
|faint|p1a: Iron Hands
|-end|p1a: Iron Hands|Quark Drive|[silent]
|-hitcount|p1: Iron Hands|3
|
|upkeep
|
|t:|1758953117
|switch|p1a: Zamazenta|Zamazenta|100/100
|-damage|p1a: Zamazenta|94/100|[from] Stealth Rock
|-ability|p1a: Zamazenta|Dauntless Shield|boost
|-boost|p1a: Zamazenta|def|1
|turn|24
|inactive|aawwa has 120 seconds left.
|
|t:|1758953158
|move|p2a: chewie|Knock Off|p1a: Zamazenta
|-resisted|p1a: Zamazenta
|-damage|p1a: Zamazenta|82/100
|-enditem|p1a: Zamazenta|Assault Vest|[from] move: Knock Off|[of] p2a: chewie
|move|p1a: Zamazenta|Body Press|p2a: chewie
|-supereffective|p2a: chewie
|-damage|p2a: chewie|0 fnt
|faint|p2a: chewie
|
|upkeep
|
|t:|1758953172
|switch|p2a: ponie|Keldeo-Resolute|50/100
|turn|25
|
|t:|1758953179
|move|p2a: ponie|Hydro Pump|p1a: Zamazenta
|-damage|p1a: Zamazenta|38/100
|move|p1a: Zamazenta|Play Rough|p2a: ponie
|-supereffective|p2a: ponie
|-damage|p2a: ponie|0 fnt
|faint|p2a: ponie
|
|upkeep
|
|t:|1758953189
|switch|p2a: barnie|Dragonite, F|56/100
|turn|26
|
|t:|1758953204
|move|p1a: Zamazenta|Play Rough|p2a: barnie
|-supereffective|p2a: barnie
|-damage|p2a: barnie|0 fnt
|faint|p2a: barnie
|
|upkeep
|
|t:|1758953212
|switch|p2a: goomie|Pecharunt|22/100
|turn|27
|
|t:|1758953217
|move|p1a: Zamazenta|Crunch|p2a: goomie
|-supereffective|p2a: goomie
|-damage|p2a: goomie|0 fnt
|faint|p2a: goomie
|
|upkeep
|
|t:|1758953219
|switch|p2a: horsie|Ting-Lu|25/100
|-ability|p2a: horsie|Vessel of Ruin
|turn|28
|c|☆aawwa|gg
|c|☆chuck2025|gg i thought i was gonna lose ngl
|
|t:|1758953237
|move|p1a: Zamazenta|Body Press|p2a: horsie
|-supereffective|p2a: horsie
|-damage|p2a: horsie|0 fnt
|faint|p2a: horsie
|
|win|chuck2025
|raw|chuck2025's rating: 1245 &rarr; <strong>1273</strong><br />(+28 for winning)
|raw|aawwa's rating: 1293 &rarr; <strong>1265</strong><br />(-28 for losing)
|c|☆aawwa|another zam w
|l|☆chuck2025
|player|p1|
|l|☆aawwa
|player|p2|
