|j|☆jojosworld
|j|☆4DEF+4SPD=GG
|t:|1758934812
|gametype|singles
|player|p1|jojosworld|cynthia|1672
|player|p2|4DEF+4SPD=GG|preschooler|1610
|gen|9
|tier|[Gen 9] OU
|rated|
|rule|HP Percentage Mod: HP is shown in percentages
|rule|Endless Battle Clause: Forcing endless battles is banned
|rule|Species Clause: Limit one of each Pokémon
|rule|OHKO Clause: OHKO moves are banned
|rule|Evasion Items Clause: Evasion items are banned
|rule|Evasion Moves Clause: Evasion moves are banned
|rule|Evasion Abilities Clause: Evasion abilities are banned
|rule|Sleep Moves Clause: Sleep-inducing moves are banned
|clearpoke
|poke|p1|Alomomola, F|
|poke|p1|Amoonguss, M|
|poke|p1|Gholdengo|
|poke|p1|Great Tusk|
|poke|p1|Goodra-Hisui, F|
|poke|p1|Clefable, F|
|poke|p2|Tyranitar, M|
|poke|p2|Excadrill, M|
|poke|p2|Corviknight, M|
|poke|p2|Glimmora, M|
|poke|p2|Hippowdon, M|
|poke|p2|Scizor, M|
|teampreview
|inactive|Battle timer is ON: inactive players will automatically lose when time's up. (requested by 4DEF+4SPD=GG)
|inactive|jojosworld also wants the timer to be on.
|
|t:|1758934820
|teamsize|p1|6
|teamsize|p2|6
|start
|switch|p1a: Gholdengo|Gholdengo, shiny|100/100
|switch|p2a: Hippowdon|Hippowdon, M|100/100
|-weather|Sandstorm|[from] ability: Sand Stream|[of] p2a: Hippowdon
|turn|1
|
|t:|1758934826
|switch|p1a: Alomomola|Alomomola, F, shiny|100/100
|move|p2a: Hippowdon|Stealth Rock|p1a: Alomomola
|-sidestart|p1: jojosworld|move: Stealth Rock
|
|-weather|Sandstorm|[upkeep]
|-damage|p1a: Alomomola|94/100|[from] Sandstorm
|upkeep
|turn|2
|
|t:|1758934831
|switch|p2a: Glimmora|Glimmora, M|100/100
|move|p1a: Alomomola|Scald|p2a: Glimmora
|-supereffective|p2a: Glimmora
|-damage|p2a: Glimmora|74/100
|-status|p2a: Glimmora|brn
|
|-weather|Sandstorm|[upkeep]
|-damage|p1a: Alomomola|88/100|[from] Sandstorm
|-damage|p2a: Glimmora|68/100 brn|[from] brn
|upkeep
|turn|3
|
|t:|1758934835
|switch|p1a: Goodra|Goodra-Hisui, F, shiny|100/100
|-damage|p1a: Goodra|94/100|[from] Stealth Rock
|move|p2a: Glimmora|Meteor Beam||[still]
|-prepare|p2a: Glimmora|Meteor Beam
|-boost|p2a: Glimmora|spa|1
|-enditem|p2a: Glimmora|Power Herb
|-anim|p2a: Glimmora|Meteor Beam|p1a: Goodra
|-resisted|p1a: Goodra
|-damage|p1a: Goodra|77/100
|
|-weather|Sandstorm|[upkeep]
|-damage|p2a: Glimmora|62/100 brn|[from] brn
|upkeep
|turn|4
|
|t:|1758934855
|switch|p2a: Corviknight|Corviknight, M|100/100
|move|p1a: Goodra|Dragon Tail|p2a: Corviknight
|-resisted|p2a: Corviknight
|-damage|p2a: Corviknight|94/100
|-damage|p1a: Goodra|60/100|[from] item: Rocky Helmet|[of] p2a: Corviknight
|drag|p2a: Excadrill|Excadrill, M|100/100
|
|-weather|Sandstorm|[upkeep]
|upkeep
|turn|5
|
|t:|1758934860
|switch|p1a: Alomomola|Alomomola, F, shiny|100/100
|move|p2a: Excadrill|Swords Dance|p2a: Excadrill
|-boost|p2a: Excadrill|atk|2
|
|-weather|Sandstorm|[upkeep]
|-damage|p1a: Alomomola|94/100|[from] Sandstorm
|upkeep
|turn|6
|
|t:|1758934862
|move|p2a: Excadrill|Earthquake|p1a: Alomomola
|-damage|p1a: Alomomola|37/100
|move|p1a: Alomomola|Flip Turn|p2a: Excadrill
|-supereffective|p2a: Excadrill
|-damage|p2a: Excadrill|57/100
|
|t:|1758934863
|switch|p1a: Amoonguss|Amoonguss, M, shiny|100/100|[from] Flip Turn
|
|-weather|Sandstorm|[upkeep]
|-damage|p1a: Amoonguss|94/100|[from] Sandstorm
|upkeep
|turn|7
|
|t:|1758934865
|move|p2a: Excadrill|Earthquake|p1a: Amoonguss
|-damage|p1a: Amoonguss|7/100
|move|p1a: Amoonguss|Foul Play|p2a: Excadrill
|-damage|p2a: Excadrill|0 fnt
|faint|p2a: Excadrill
|
|-weather|Sandstorm|[upkeep]
|-damage|p1a: Amoonguss|1/100|[from] Sandstorm
|upkeep
|
|t:|1758934875
|switch|p2a: Glimmora|Glimmora, M|62/100 brn
|turn|8
|
|t:|1758934879
|switch|p1a: Alomomola|Alomomola, F, shiny|70/100
|move|p2a: Glimmora|Rock Polish|p2a: Glimmora
|-boost|p2a: Glimmora|spe|2
|
|-weather|none
|-damage|p2a: Glimmora|56/100 brn|[from] brn
|upkeep
|turn|9
|
|t:|1758934884
|move|p2a: Glimmora|Meteor Beam||[still]
|-prepare|p2a: Glimmora|Meteor Beam
|-boost|p2a: Glimmora|spa|1
|move|p1a: Alomomola|Wish|p1a: Alomomola
|
|-damage|p2a: Glimmora|50/100 brn|[from] brn
|upkeep
|turn|10
|
|t:|1758934886
|switch|p1a: Goodra|Goodra-Hisui, F, shiny|60/100
|-damage|p1a: Goodra|54/100|[from] Stealth Rock
|move|p2a: Glimmora|Meteor Beam|p1a: Goodra|[from] lockedmove
|-resisted|p1a: Goodra
|-damage|p1a: Goodra|36/100
|
|-heal|p1a: Goodra|100/100|[from] move: Wish|[wisher] Alomomola
|-damage|p2a: Glimmora|43/100 brn|[from] brn
|upkeep
|turn|11
|
|t:|1758934892
|move|p2a: Glimmora|Earth Power|p1a: Goodra
|-supereffective|p1a: Goodra
|-damage|p1a: Goodra|65/100
|move|p1a: Goodra|Draco Meteor|p2a: Glimmora
|-damage|p2a: Glimmora|0 fnt
|-unboost|p1a: Goodra|spa|2
|faint|p2a: Glimmora
|
|upkeep
|
|t:|1758934908
|switch|p2a: Scizor|Scizor, M|100/100
|turn|12
|
|t:|1758934910
|switch|p1a: Gholdengo|Gholdengo, shiny|100/100
|-damage|p1a: Gholdengo|94/100|[from] Stealth Rock
|move|p2a: Scizor|Knock Off|p1a: Gholdengo
|-supereffective|p1a: Gholdengo
|-damage|p1a: Gholdengo|22/100
|-damage|p2a: Scizor|84/100|[from] item: Rocky Helmet|[of] p1a: Gholdengo
|-enditem|p1a: Gholdengo|Rocky Helmet|[from] move: Knock Off|[of] p2a: Scizor
|
|upkeep
|turn|13
|
|t:|1758934916
|switch|p1a: Clefable|Clefable, F, shiny|100/100
|move|p2a: Scizor|Knock Off|p1a: Clefable
|-resisted|p1a: Clefable
|-damage|p1a: Clefable|79/100
|-enditem|p1a: Clefable|Leftovers|[from] move: Knock Off|[of] p2a: Scizor
|
|upkeep
|turn|14
|
|t:|1758934920
|switch|p2a: Hippowdon|Hippowdon, M|100/100
|-weather|Sandstorm|[from] ability: Sand Stream|[of] p2a: Hippowdon
|move|p1a: Clefable|Stealth Rock|p2a: Hippowdon
|-sidestart|p2: 4DEF+4SPD=GG|move: Stealth Rock
|
|-weather|Sandstorm|[upkeep]
|upkeep
|turn|15
|
|t:|1758934929
|switch|p1a: Alomomola|Alomomola, F, shiny|100/100
|move|p2a: Hippowdon|Whirlwind|p1a: Alomomola
|drag|p1a: Goodra|Goodra-Hisui, F, shiny|65/100
|-damage|p1a: Goodra|59/100|[from] Stealth Rock
|
|-weather|Sandstorm|[upkeep]
|upkeep
|turn|16
|-message|4DEF+4SPD=GG forfeited.
|
|win|jojosworld
|raw|jojosworld's rating: 1672 &rarr; <strong>1688</strong><br />(+16 for winning)
|raw|4DEF+4SPD=GG's rating: 1610 &rarr; <strong>1594</strong><br />(-16 for losing)
|l|☆4DEF+4SPD=GG
|player|p2|
