|j|☆Rinorrudo
|j|☆xail44
|t:|1758969873
|gametype|singles
|player|p1|Rinorrudo|flint|1085
|player|p2|xail44|101|1113
|gen|9
|tier|[Gen 9] OU
|rated|
|rule|HP Percentage Mod: HP is shown in percentages
|rule|Endless Battle Clause: Forcing endless battles is banned
|rule|Species Clause: Limit one of each Pokémon
|rule|OHKO Clause: OHKO moves are banned
|rule|Evasion Items Clause: Evasion items are banned
|rule|Evasion Moves Clause: Evasion moves are banned
|rule|Evasion Abilities Clause: Evasion abilities are banned
|rule|Sleep Moves Clause: Sleep-inducing moves are banned
|clearpoke
|poke|p1|Rillaboom, M|
|poke|p1|Gliscor, M|
|poke|p1|Iron Moth|
|poke|p1|Alomomola, M|
|poke|p1|Iron Treads|
|poke|p1|Ogerpon-Wellspring, F|
|poke|p2|Bombirdier, F|
|poke|p2|Spidops, M|
|poke|p2|Alomomola, M|
|poke|p2|Banette, M|
|poke|p2|Swalot, M|
|poke|p2|Garchomp, M|
|teampreview
|inactive|Battle timer is ON: inactive players will automatically lose when time's up. (requested by xail44)
|inactive|Rinorrudo also wants the timer to be on.
|
|t:|1758969884
|teamsize|p1|6
|teamsize|p2|6
|start
|switch|p1a: Gliscor|Gliscor, M|100/100
|switch|p2a: Garchomp|Garchomp, M|100/100
|turn|1
|inactive|Rinorrudo has 120 seconds left.
|
|t:|1758969922
|move|p1a: Gliscor|Protect|p1a: Gliscor
|-singleturn|p1a: Gliscor|Protect
|move|p2a: Garchomp|Stealth Rock|p1a: Gliscor
|-sidestart|p1: Rinorrudo|move: Stealth Rock
|
|-status|p1a: Gliscor|tox|[from] item: Toxic Orb
|upkeep
|turn|2
|
|t:|1758969932
|move|p2a: Garchomp|Spikes|p1a: Gliscor
|-sidestart|p1: Rinorrudo|Spikes
|move|p1a: Gliscor|Toxic|p2a: Garchomp
|-status|p2a: Garchomp|tox
|
|-damage|p2a: Garchomp|94/100 tox|[from] psn
|upkeep
|turn|3
|
|t:|1758969938
|move|p2a: Garchomp|Spikes|p1a: Gliscor
|-sidestart|p1: Rinorrudo|Spikes
|move|p1a: Gliscor|Stealth Rock|p2a: Garchomp
|-sidestart|p2: xail44|move: Stealth Rock
|
|-damage|p2a: Garchomp|82/100 tox|[from] psn
|upkeep
|turn|4
|
|t:|1758969940
|move|p1a: Gliscor|Knock Off|p2a: Garchomp
|-damage|p2a: Garchomp|60/100 tox
|-damage|p1a: Gliscor|88/100 tox|[from] ability: Rough Skin|[of] p2a: Garchomp
|-damage|p1a: Gliscor|71/100 tox|[from] item: Rocky Helmet|[of] p2a: Garchomp
|-enditem|p2a: Garchomp|Rocky Helmet|[from] move: Knock Off|[of] p1a: Gliscor
|move|p2a: Garchomp|Dragon Tail|p1a: Gliscor
|-damage|p1a: Gliscor|52/100 tox
|drag|p1a: Ogerpon|Ogerpon-Wellspring, F|100/100
|-damage|p1a: Ogerpon|88/100|[from] Stealth Rock
|-damage|p1a: Ogerpon|72/100|[from] Spikes
|
|-damage|p2a: Garchomp|42/100 tox|[from] psn
|upkeep
|turn|5
|
|t:|1758969954
|move|p1a: Ogerpon|Ivy Cudgel|p2a: Garchomp|[anim] Ivy Cudgel Water
|-damage|p2a: Garchomp|0 fnt
|faint|p2a: Garchomp
|
|upkeep
|j| Dab goat 3000
|
|t:|1758969961
|switch|p2a: Spidops|Spidops, M|100/100
|-damage|p2a: Spidops|76/100|[from] Stealth Rock
|turn|6
|
|t:|1758969963
|move|p1a: Ogerpon|U-turn|p2a: Spidops
|-damage|p2a: Spidops|51/100
|
|t:|1758969966
|switch|p1a: Iron Treads|Iron Treads|100/100|[from] U-turn
|move|p2a: Spidops|Sticky Web|p1a: Iron Treads
|-sidestart|p1: Rinorrudo|move: Sticky Web
|
|upkeep
|turn|7
|
|t:|1758969970
|move|p1a: Iron Treads|Rapid Spin|p2a: Spidops
|-damage|p2a: Spidops|35/100
|-boost|p1a: Iron Treads|spe|1
|-sideend|p1: Rinorrudo|Spikes|[from] move: Rapid Spin|[of] p1a: Iron Treads
|-sideend|p1: Rinorrudo|Stealth Rock|[from] move: Rapid Spin|[of] p1a: Iron Treads
|-sideend|p1: Rinorrudo|Sticky Web|[from] move: Rapid Spin|[of] p1a: Iron Treads
|move|p2a: Spidops|Circle Throw|p1a: Iron Treads
|-supereffective|p1a: Iron Treads
|-damage|p1a: Iron Treads|74/100
|-end|p1a: Iron Treads|Quark Drive|[silent]
|drag|p1a: Ogerpon|Ogerpon-Wellspring, F|72/100
|
|upkeep
|turn|8
|
|t:|1758969974
|move|p1a: Ogerpon|Substitute|p1a: Ogerpon
|-start|p1a: Ogerpon|Substitute
|-damage|p1a: Ogerpon|47/100
|move|p2a: Spidops|Sticky Web|p1a: Ogerpon
|-sidestart|p1: Rinorrudo|move: Sticky Web
|
|upkeep
|turn|9
|
|t:|1758969979
|move|p1a: Ogerpon|Leech Seed|p2a: Spidops
|-start|p2a: Spidops|move: Leech Seed
|move|p2a: Spidops|Circle Throw|p1a: Ogerpon
|-activate|p1a: Ogerpon|move: Substitute|[damage]
|
|-damage|p2a: Spidops|23/100|[from] Leech Seed|[of] p1a: Ogerpon
|-heal|p1a: Ogerpon|58/100|[silent]
|upkeep
|turn|10
|
|t:|1758969985
|move|p1a: Ogerpon|U-turn|p2a: Spidops
|-damage|p2a: Spidops|0 fnt
|faint|p2a: Spidops
|
|t:|1758969988
|switch|p1a: Iron Treads|Iron Treads|74/100|[from] U-turn
|
|upkeep
|
|t:|1758970007
|switch|p2a: Swalot|Swalot, M|100/100
|-damage|p2a: Swalot|88/100|[from] Stealth Rock
|turn|11
|
|t:|1758970012
|move|p1a: Iron Treads|Rapid Spin|p2a: Swalot
|-damage|p2a: Swalot|74/100
|-boost|p1a: Iron Treads|spe|1
|-sideend|p1: Rinorrudo|Sticky Web|[from] move: Rapid Spin|[of] p1a: Iron Treads
|move|p2a: Swalot|Stuff Cheeks|p2a: Swalot
|-boost|p2a: Swalot|def|2
|-enditem|p2a: Swalot|Starf Berry|[eat]
|-boost|p2a: Swalot|spe|2|[from] item: Starf Berry
|
|upkeep
|turn|12
|
|t:|1758970024
|move|p1a: Iron Treads|Earthquake|p2a: Swalot
|-supereffective|p2a: Swalot
|-damage|p2a: Swalot|30/100
|move|p2a: Swalot|Body Press|p1a: Iron Treads
|-supereffective|p1a: Iron Treads
|-damage|p1a: Iron Treads|24/100
|
|upkeep
|turn|13
|
|t:|1758970031
|-terastallize|p2a: Swalot|Dark
|move|p1a: Iron Treads|Earthquake|p2a: Swalot
|-damage|p2a: Swalot|11/100
|move|p2a: Swalot|Body Press|p1a: Iron Treads
|-supereffective|p1a: Iron Treads
|-damage|p1a: Iron Treads|0 fnt
|faint|p1a: Iron Treads
|-end|p1a: Iron Treads|Quark Drive|[silent]
|
|upkeep
|
|t:|1758970036
|switch|p1a: Iron Moth|Iron Moth|100/100
|turn|14
|
|t:|1758970038
|move|p1a: Iron Moth|Meteor Beam||[still]
|-prepare|p1a: Iron Moth|Meteor Beam
|-boost|p1a: Iron Moth|spa|1
|-enditem|p1a: Iron Moth|Power Herb
|-anim|p1a: Iron Moth|Meteor Beam|p2a: Swalot
|-damage|p2a: Swalot|0 fnt
|faint|p2a: Swalot
|
|upkeep
|
|t:|1758970044
|switch|p2a: Alomomola|Alomomola, M|100/100
|-damage|p2a: Alomomola|88/100|[from] Stealth Rock
|turn|15
|
|t:|1758970047
|-terastallize|p1a: Iron Moth|Grass
|move|p1a: Iron Moth|Energy Ball|p2a: Alomomola
|-supereffective|p2a: Alomomola
|-damage|p2a: Alomomola|0 fnt
|faint|p2a: Alomomola
|
|upkeep
|
|t:|1758970054
|switch|p2a: Banette|Banette, M|100/100
|-damage|p2a: Banette|88/100|[from] Stealth Rock
|turn|16
|
|t:|1758970067
|move|p2a: Banette|Sucker Punch|p1a: Iron Moth
|-damage|p1a: Iron Moth|57/100
|move|p1a: Iron Moth|Energy Ball|p2a: Banette
|-damage|p2a: Banette|0 fnt
|faint|p2a: Banette
|
|upkeep
|-message|xail44 forfeited.
|
|win|Rinorrudo
|raw|Rinorrudo's rating: 1085 &rarr; <strong>1114</strong><br />(+29 for winning)
|raw|xail44's rating: 1113 &rarr; <strong>1086</strong><br />(-27 for losing)
|l|☆xail44
|player|p2|
|l| Dab goat 3000
|l|☆Rinorrudo
|player|p1|
