|j|☆wolverinegg
|j|☆ihateclodsire
|t:|1758982202
|gametype|singles
|player|p1|wolverinegg|102|1236
|player|p2|ihateclodsire|red|1278
|gen|9
|tier|[Gen 9] OU
|rated|
|rule|HP Percentage Mod: HP is shown in percentages
|rule|Endless Battle Clause: Forcing endless battles is banned
|rule|Species Clause: Limit one of each Pokémon
|rule|OHKO Clause: OHKO moves are banned
|rule|Evasion Items Clause: Evasion items are banned
|rule|Evasion Moves Clause: Evasion moves are banned
|rule|Evasion Abilities Clause: Evasion abilities are banned
|rule|Sleep Moves Clause: Sleep-inducing moves are banned
|clearpoke
|poke|p1|Chansey, F|
|poke|p1|Dondozo, M|
|poke|p1|Corviknight, F|
|poke|p1|Arcanine-Hisui, M|
|poke|p1|Ting-Lu|
|poke|p1|Haxorus, M|
|poke|p2|Venusaur, M|
|poke|p2|Torkoal, M|
|poke|p2|Scovillain, F|
|poke|p2|Great Tusk|
|poke|p2|Primarina, M|
|poke|p2|Skeledirge, F|
|teampreview
|
|t:|1758982216
|teamsize|p1|6
|teamsize|p2|6
|start
|switch|p1a: Arcanine|Arcanine-Hisui, M|100/100
|switch|p2a: PU for some reason|Venusaur, M|100/100
|turn|1
|inactive|Battle timer is ON: inactive players will automatically lose when time's up. (requested by wolverinegg)
|
|t:|1758982242
|move|p1a: Arcanine|Flare Blitz|p2a: PU for some reason
|-supereffective|p2a: PU for some reason
|-damage|p2a: PU for some reason|0 fnt
|faint|p2a: PU for some reason
|
|upkeep
|
|t:|1758982249
|switch|p2a: Black Lung|Torkoal, M|100/100
|-weather|SunnyDay|[from] ability: Drought|[of] p2a: Black Lung
|turn|2
|
|t:|1758982256
|switch|p1a: Ting-Lu|Ting-Lu|100/100
|-ability|p1a: Ting-Lu|Vessel of Ruin
|move|p2a: Black Lung|Stealth Rock|p1a: Ting-Lu
|-sidestart|p1: wolverinegg|move: Stealth Rock
|
|-weather|SunnyDay|[upkeep]
|upkeep
|turn|3
|
|t:|1758982260
|switch|p2a: Scovillain|Scovillain, F|100/100
|move|p1a: Ting-Lu|Ruination|p2a: Scovillain
|-damage|p2a: Scovillain|51/100
|
|-weather|SunnyDay|[upkeep]
|upkeep
|turn|4
|
|t:|1758982266
|switch|p1a: Chansey|Chansey, F|100/100
|-damage|p1a: Chansey|88/100|[from] Stealth Rock
|move|p2a: Scovillain|Growth|p2a: Scovillain
|-boost|p2a: Scovillain|atk|2
|-boost|p2a: Scovillain|spa|2
|
|-weather|SunnyDay|[upkeep]
|upkeep
|turn|5
|
|t:|1758982270
|move|p2a: Scovillain|Flamethrower|p1a: Chansey
|-damage|p1a: Chansey|58/100
|move|p1a: Chansey|Icy Wind|p2a: Scovillain
|-damage|p2a: Scovillain|41/100
|-unboost|p2a: Scovillain|spe|1
|
|-weather|SunnyDay|[upkeep]
|upkeep
|turn|6
|
|t:|1758982274
|move|p2a: Scovillain|Growth|p2a: Scovillain
|-boost|p2a: Scovillain|atk|2
|-boost|p2a: Scovillain|spa|2
|move|p1a: Chansey|Soft-Boiled|p1a: Chansey
|-heal|p1a: Chansey|100/100
|
|-weather|SunnyDay|[upkeep]
|upkeep
|turn|7
|
|t:|1758982278
|move|p2a: Scovillain|Flamethrower|p1a: Chansey
|-damage|p1a: Chansey|56/100
|move|p1a: Chansey|Icy Wind|p2a: Scovillain|[miss]
|-miss|p1a: Chansey|p2a: Scovillain
|
|-weather|SunnyDay|[upkeep]
|upkeep
|turn|8
|
|t:|1758982282
|-terastallize|p2a: Scovillain|Fire
|move|p2a: Scovillain|Flamethrower|p1a: Chansey
|-damage|p1a: Chansey|0 fnt
|faint|p1a: Chansey
|
|-weather|SunnyDay|[upkeep]
|upkeep
|
|t:|1758982288
|switch|p1a: Arcanine|Arcanine-Hisui, M|100/100
|-damage|p1a: Arcanine|75/100|[from] Stealth Rock
|turn|9
|
|t:|1758982294
|switch|p2a: Skeledirge|Skeledirge, F|100/100
|move|p1a: Arcanine|Head Smash|p2a: Skeledirge
|-supereffective|p2a: Skeledirge
|-damage|p2a: Skeledirge|0 fnt
|faint|p2a: Skeledirge
|
|-weather|none
|upkeep
|
|t:|1758982301
|switch|p2a: Black Lung|Torkoal, M|100/100
|-weather|SunnyDay|[from] ability: Drought|[of] p2a: Black Lung
|turn|10
|
|t:|1758982304
|move|p1a: Arcanine|Head Smash|p2a: Black Lung
|-supereffective|p2a: Black Lung
|-damage|p2a: Black Lung|0 fnt
|faint|p2a: Black Lung
|
|-weather|SunnyDay|[upkeep]
|upkeep
|
|t:|1758982310
|switch|p2a: Scovillain|Scovillain, F, tera:Fire|41/100
|turn|11
|
|t:|1758982330
|switch|p1a: Ting-Lu|Ting-Lu|100/100
|-damage|p1a: Ting-Lu|94/100|[from] Stealth Rock
|-ability|p1a: Ting-Lu|Vessel of Ruin
|move|p2a: Scovillain|Stomping Tantrum|p1a: Ting-Lu
|-damage|p1a: Ting-Lu|84/100
|
|-weather|SunnyDay|[upkeep]
|upkeep
|turn|12
|
|t:|1758982338
|switch|p1a: Corviknight|Corviknight, F|100/100
|-damage|p1a: Corviknight|88/100|[from] Stealth Rock
|-ability|p1a: Corviknight|Pressure
|move|p2a: Scovillain|Energy Ball|p1a: Corviknight
|-resisted|p1a: Corviknight
|-damage|p1a: Corviknight|76/100
|-unboost|p1a: Corviknight|spd|1
|
|-weather|SunnyDay|[upkeep]
|upkeep
|turn|13
|
|t:|1758982351
|switch|p1a: Ting-Lu|Ting-Lu|84/100
|-damage|p1a: Ting-Lu|78/100|[from] Stealth Rock
|-ability|p1a: Ting-Lu|Vessel of Ruin
|move|p2a: Scovillain|Growth|p2a: Scovillain
|-boost|p2a: Scovillain|atk|2
|-boost|p2a: Scovillain|spa|2
|
|-weather|SunnyDay|[upkeep]
|upkeep
|turn|14
|
|t:|1758982354
|move|p2a: Scovillain|Flamethrower|p1a: Ting-Lu
|-damage|p1a: Ting-Lu|7/100
|move|p1a: Ting-Lu|Earthquake|p2a: Scovillain
|-supereffective|p2a: Scovillain
|-damage|p2a: Scovillain|0 fnt
|faint|p2a: Scovillain
|
|-weather|SunnyDay|[upkeep]
|upkeep
|-message|ihateclodsire forfeited.
|
|win|wolverinegg
|raw|wolverinegg's rating: 1236 &rarr; <strong>1264</strong><br />(+28 for winning)
|raw|ihateclodsire's rating: 1278 &rarr; <strong>1250</strong><br />(-28 for losing)
|l|☆ihateclodsire
|player|p2|
