|j|☆Gastrodon Jones
|j|☆THRZ_Butter
|t:|1759039457
|gametype|singles
|player|p1|Gastrodon Jones|101|1384
|player|p2|THRZ_Butter|janitor|1379
|gen|9
|tier|[Gen 9] OU
|rated|
|rule|HP Percentage Mod: HP is shown in percentages
|rule|Endless Battle Clause: Forcing endless battles is banned
|rule|Species Clause: Limit one of each Pokémon
|rule|OHKO Clause: OHKO moves are banned
|rule|Evasion Items Clause: Evasion items are banned
|rule|Evasion Moves Clause: Evasion moves are banned
|rule|Evasion Abilities Clause: Evasion abilities are banned
|rule|Sleep Moves Clause: Sleep-inducing moves are banned
|clearpoke
|poke|p1|Iron Crown|
|poke|p1|Ting-Lu|
|poke|p1|Gholdengo|
|poke|p1|Samurott-Hisui, F|
|poke|p1|Corviknight, F|
|poke|p1|Dragonite, F|
|poke|p2|Landorus-Therian, M|
|poke|p2|Hydrapple, M|
|poke|p2|Corviknight, M|
|poke|p2|Slowking-Galar, M|
|poke|p2|Meowscarada, M|
|poke|p2|Zamazenta-*|
|teampreview
|inactive|Battle timer is ON: inactive players will automatically lose when time's up. (requested by THRZ_Butter)
|
|t:|1759039481
|teamsize|p1|6
|teamsize|p2|6
|start
|switch|p1a: Corviknight|Corviknight, F|100/100
|switch|p2a: Hydrapple|Hydrapple, M|100/100
|-ability|p1a: Corviknight|Pressure
|turn|1
|
|t:|1759039493
|switch|p2a: Corviknight|Corviknight, M|100/100
|-ability|p2a: Corviknight|Pressure
|move|p1a: Corviknight|Brave Bird|p2a: Corviknight
|-resisted|p2a: Corviknight
|-damage|p2a: Corviknight|89/100
|-damage|p1a: Corviknight|84/100|[from] item: Rocky Helmet|[of] p2a: Corviknight
|-damage|p1a: Corviknight|80/100|[from] Recoil
|
|-heal|p1a: Corviknight|86/100|[from] item: Leftovers
|upkeep
|turn|2
|
|t:|1759039506
|move|p1a: Corviknight|Roost|p1a: Corviknight
|-heal|p1a: Corviknight|100/100
|-singleturn|p1a: Corviknight|move: Roost
|move|p2a: Corviknight|U-turn|p1a: Corviknight
|-resisted|p1a: Corviknight
|-damage|p1a: Corviknight|96/100
|
|t:|1759039511
|switch|p2a: Slowking|Slowking-Galar, M|100/100|[from] U-turn
|
|-heal|p1a: Corviknight|100/100|[from] item: Leftovers
|upkeep
|turn|3
|
|t:|1759039519
|move|p1a: Corviknight|U-turn|p2a: Slowking
|-damage|p2a: Slowking|84/100
|
|t:|1759039527
|switch|p1a: Samurott|Samurott-Hisui, F|100/100|[from] U-turn
|-prepare|p2a: Slowking|Chilly Reception|[premajor]
|move|p2a: Slowking|Chilly Reception|p2a: Slowking
|-weather|Snowscape
|
|t:|1759039531
|switch|p2a: Hydrapple|Hydrapple, M|100/100|[from] Chilly Reception
|
|-weather|Snowscape|[upkeep]
|upkeep
|turn|4
|
|t:|1759039542
|switch|p1a: Iron Crown|Iron Crown|100/100
|move|p2a: Hydrapple|Giga Drain|p1a: Iron Crown
|-resisted|p1a: Iron Crown
|-damage|p1a: Iron Crown|84/100
|
|-weather|Snowscape|[upkeep]
|upkeep
|turn|5
|
|t:|1759039551
|move|p1a: Iron Crown|Tachyon Cutter|p2a: Hydrapple
|-damage|p2a: Hydrapple|61/100
|-damage|p2a: Hydrapple|24/100
|-hitcount|p2a: Hydrapple|2
|move|p2a: Hydrapple|Earth Power|p1a: Iron Crown
|-supereffective|p1a: Iron Crown
|-damage|p1a: Iron Crown|23/100
|
|-weather|Snowscape|[upkeep]
|upkeep
|turn|6
|
|t:|1759039562
|switch|p2a: Slowking|Slowking-Galar, M|100/100
|move|p1a: Iron Crown|Tachyon Cutter|p2a: Slowking
|-damage|p2a: Slowking|80/100
|-damage|p2a: Slowking|59/100
|-hitcount|p2a: Slowking|2
|
|-weather|Snowscape|[upkeep]
|upkeep
|turn|7
|
|t:|1759039575
|-end|p1a: Iron Crown|Quark Drive|[silent]
|switch|p1a: Samurott|Samurott-Hisui, F|100/100
|-prepare|p2a: Slowking|Chilly Reception|[premajor]
|move|p2a: Slowking|Chilly Reception|p2a: Slowking
|
|t:|1759039578
|switch|p2a: Hydrapple|Hydrapple, M|57/100|[from] Chilly Reception
|
|-weather|none
|upkeep
|turn|8
|
|t:|1759039590
|-terastallize|p1a: Samurott|Poison
|move|p1a: Samurott|Ceaseless Edge|p2a: Hydrapple
|-damage|p2a: Hydrapple|28/100
|-sidestart|p2: THRZ_Butter|Spikes
|move|p2a: Hydrapple|Giga Drain|p1a: Samurott
|-resisted|p1a: Samurott
|-damage|p1a: Samurott|72/100
|-heal|p2a: Hydrapple|39/100|[from] drain|[of] p1a: Samurott
|
|upkeep
|turn|9
|
|t:|1759039602
|move|p1a: Samurott|Encore|p2a: Hydrapple
|-start|p2a: Hydrapple|Encore
|move|p2a: Hydrapple|Giga Drain|p1a: Samurott
|-resisted|p1a: Samurott
|-damage|p1a: Samurott|43/100
|-heal|p2a: Hydrapple|50/100|[from] drain|[of] p1a: Samurott
|
|upkeep
|turn|10
|
|t:|1759039611
|move|p1a: Samurott|Ceaseless Edge|p2a: Hydrapple
|-damage|p2a: Hydrapple|20/100
|-sidestart|p2: THRZ_Butter|Spikes
|move|p2a: Hydrapple|Giga Drain|p1a: Samurott
|-resisted|p1a: Samurott
|-damage|p1a: Samurott|18/100
|-heal|p2a: Hydrapple|30/100|[from] drain|[of] p1a: Samurott
|
|upkeep
|turn|11
|
|t:|1759039620
|move|p1a: Samurott|Ceaseless Edge|p2a: Hydrapple
|-damage|p2a: Hydrapple|0 fnt
|-sidestart|p2: THRZ_Butter|Spikes
|faint|p2a: Hydrapple
|
|upkeep
|
|t:|1759039625
|switch|p2a: Meowscarada|Meowscarada, M|100/100
|turn|12
|
|t:|1759039639
|move|p2a: Meowscarada|Knock Off|p1a: Samurott
|-start|p2a: Meowscarada|typechange|Dark|[from] ability: Protean
|-damage|p1a: Samurott|0 fnt
|-enditem|p1a: Samurott|Heavy-Duty Boots|[from] move: Knock Off|[of] p2a: Meowscarada
|faint|p1a: Samurott
|
|upkeep
|
|t:|1759039646
|switch|p1a: Corviknight|Corviknight, F|100/100
|-ability|p1a: Corviknight|Pressure
|turn|13
|
|t:|1759039652
|move|p2a: Meowscarada|U-turn|p1a: Corviknight
|-resisted|p1a: Corviknight
|-damage|p1a: Corviknight|97/100
|
|t:|1759039654
|switch|p2a: Corviknight|Corviknight, M|89/100|[from] U-turn
|-ability|p2a: Corviknight|Pressure
|move|p1a: Corviknight|U-turn|p2a: Corviknight
|-resisted|p2a: Corviknight
|-damage|p2a: Corviknight|87/100
|-damage|p1a: Corviknight|81/100|[from] item: Rocky Helmet|[of] p2a: Corviknight
|
|t:|1759039664
|switch|p1a: Gholdengo|Gholdengo|100/100|[from] U-turn
|-item|p1a: Gholdengo|Air Balloon
|
|upkeep
|turn|14
|
|t:|1759039671
|move|p1a: Gholdengo|Thunder Wave|p2a: Corviknight
|-status|p2a: Corviknight|par
|move|p2a: Corviknight|U-turn|p1a: Gholdengo
|-resisted|p1a: Gholdengo
|-damage|p1a: Gholdengo|98/100
|-enditem|p1a: Gholdengo|Air Balloon
|
|t:|1759039674
|switch|p2a: Landorus|Landorus-Therian, M|100/100|[from] U-turn
|-ability|p2a: Landorus|Intimidate|boost
|-unboost|p1a: Gholdengo|atk|1
|
|upkeep
|turn|15
|
|t:|1759039686
|switch|p1a: Corviknight|Corviknight, F|81/100
|-ability|p1a: Corviknight|Pressure
|move|p2a: Landorus|Earth Power|p1a: Corviknight
|-immune|p1a: Corviknight
|
|-heal|p1a: Corviknight|87/100|[from] item: Leftovers
|upkeep
|turn|16
|
|t:|1759039696
|move|p2a: Landorus|Stealth Rock|p1a: Corviknight
|-sidestart|p1: Gastrodon Jones|move: Stealth Rock
|move|p1a: Corviknight|U-turn|p2a: Landorus
|-resisted|p2a: Landorus
|-damage|p2a: Landorus|93/100
|
|t:|1759039701
|switch|p1a: Dragonite|Dragonite, F|100/100|[from] U-turn
|
|-heal|p2a: Landorus|99/100|[from] item: Leftovers
|upkeep
|turn|17
|
|t:|1759039710
|move|p2a: Landorus|Taunt|p1a: Dragonite
|-start|p1a: Dragonite|move: Taunt
|move|p1a: Dragonite|Dragon Tail|p2a: Landorus
|-damage|p2a: Landorus|67/100
|drag|p2a: Zamazenta|Zamazenta|100/100
|-damage|p2a: Zamazenta|75/100|[from] Spikes
|-ability|p2a: Zamazenta|Dauntless Shield|boost
|-boost|p2a: Zamazenta|def|1
|
|-heal|p2a: Zamazenta|82/100|[from] item: Leftovers
|upkeep
|turn|18
|
|t:|1759039723
|move|p2a: Zamazenta|Crunch|p1a: Dragonite
|-damage|p1a: Dragonite|91/100
|move|p1a: Dragonite|Dragon Tail|p2a: Zamazenta
|-damage|p2a: Zamazenta|64/100
|drag|p2a: Meowscarada|Meowscarada, M|100/100
|
|upkeep
|turn|19
|
|t:|1759039735
|switch|p1a: Corviknight|Corviknight, F|87/100
|-damage|p1a: Corviknight|75/100|[from] Stealth Rock
|-ability|p1a: Corviknight|Pressure
|move|p2a: Meowscarada|Triple Axel|p1a: Corviknight
|-start|p2a: Meowscarada|typechange|Ice|[from] ability: Protean
|-damage|p1a: Corviknight|69/100
|-crit|p1a: Corviknight
|-damage|p1a: Corviknight|52/100
|-damage|p1a: Corviknight|35/100
|-hitcount|p1a: Corviknight|3
|
|-heal|p1a: Corviknight|41/100|[from] item: Leftovers
|upkeep
|turn|20
|
|t:|1759039751
|move|p2a: Meowscarada|Triple Axel|p1a: Corviknight
|-damage|p1a: Corviknight|36/100
|-damage|p1a: Corviknight|24/100
|-hitcount|p1a: Corviknight|2
|move|p1a: Corviknight|Roost|p1a: Corviknight
|-heal|p1a: Corviknight|74/100
|-singleturn|p1a: Corviknight|move: Roost
|
|-heal|p1a: Corviknight|80/100|[from] item: Leftovers
|upkeep
|turn|21
|
|t:|1759039763
|move|p2a: Meowscarada|U-turn|p1a: Corviknight
|-resisted|p1a: Corviknight
|-damage|p1a: Corviknight|77/100
|
|t:|1759039766
|switch|p2a: Corviknight|Corviknight, M|87/100 par|[from] U-turn
|-ability|p2a: Corviknight|Pressure
|move|p1a: Corviknight|Body Press|p2a: Corviknight
|-damage|p2a: Corviknight|72/100 par
|-damage|p1a: Corviknight|61/100|[from] item: Rocky Helmet|[of] p2a: Corviknight
|
|-heal|p1a: Corviknight|67/100|[from] item: Leftovers
|upkeep
|turn|22
|
|t:|1759039780
|switch|p1a: Gholdengo|Gholdengo|98/100
|-damage|p1a: Gholdengo|92/100|[from] Stealth Rock
|cant|p2a: Corviknight|par
|
|upkeep
|turn|23
|
|t:|1759039795
|switch|p2a: Meowscarada|Meowscarada, M|100/100
|move|p1a: Gholdengo|Hex|p2a: Meowscarada
|-resisted|p2a: Meowscarada
|-damage|p2a: Meowscarada|77/100
|
|upkeep
|turn|24
|
|t:|1759039805
|move|p2a: Meowscarada|U-turn|p1a: Gholdengo
|-start|p2a: Meowscarada|typechange|Bug|[from] ability: Protean
|-resisted|p1a: Gholdengo
|-damage|p1a: Gholdengo|86/100
|
|t:|1759039808
|switch|p2a: Landorus|Landorus-Therian, M|67/100|[from] U-turn
|-ability|p2a: Landorus|Intimidate|boost
|-unboost|p1a: Gholdengo|atk|1
|move|p1a: Gholdengo|Thunder Wave|p2a: Landorus
|-immune|p2a: Landorus
|
|-heal|p2a: Landorus|73/100|[from] item: Leftovers
|upkeep
|turn|25
|
|t:|1759039823
|switch|p1a: Dragonite|Dragonite, F|91/100
|move|p2a: Landorus|U-turn|p1a: Dragonite
|-resisted|p1a: Dragonite
|-damage|p1a: Dragonite|83/100
|
|t:|1759039825
|switch|p2a: Meowscarada|Meowscarada, M|77/100|[from] U-turn
|
|upkeep
|turn|26
|
|t:|1759039834
|move|p1a: Dragonite|Extreme Speed|p2a: Meowscarada
|-damage|p2a: Meowscarada|25/100
|move|p2a: Meowscarada|Knock Off|p1a: Dragonite
|-start|p2a: Meowscarada|typechange|Dark|[from] ability: Protean
|-damage|p1a: Dragonite|42/100
|-enditem|p1a: Dragonite|Heavy-Duty Boots|[from] move: Knock Off|[of] p2a: Meowscarada
|
|upkeep
|turn|27
|
|t:|1759039850
|switch|p2a: Corviknight|Corviknight, M|72/100 par
|-ability|p2a: Corviknight|Pressure
|move|p1a: Dragonite|Roost|p1a: Dragonite
|-heal|p1a: Dragonite|92/100
|-singleturn|p1a: Dragonite|move: Roost
|
|upkeep
|turn|28
|
|t:|1759039861
|switch|p1a: Gholdengo|Gholdengo|86/100
|-damage|p1a: Gholdengo|80/100|[from] Stealth Rock
|move|p2a: Corviknight|Roost|p2a: Corviknight
|-heal|p2a: Corviknight|100/100 par
|-singleturn|p2a: Corviknight|move: Roost
|
|upkeep
|turn|29
|
|t:|1759039871
|switch|p2a: Slowking|Slowking-Galar, M|92/100
|move|p1a: Gholdengo|Make It Rain|p2a: Slowking
|-damage|p2a: Slowking|63/100
|-unboost|p1a: Gholdengo|spa|1
|
|upkeep
|turn|30
|
|t:|1759039881
|switch|p1a: Ting-Lu|Ting-Lu|100/100
|-damage|p1a: Ting-Lu|94/100|[from] Stealth Rock
|-ability|p1a: Ting-Lu|Vessel of Ruin
|move|p2a: Slowking|Flamethrower|p1a: Ting-Lu
|-damage|p1a: Ting-Lu|85/100
|
|-heal|p1a: Ting-Lu|91/100|[from] item: Leftovers
|upkeep
|turn|31
|
|t:|1759039893
|switch|p2a: Corviknight|Corviknight, M|100/100 par
|-ability|p2a: Corviknight|Pressure
|move|p1a: Ting-Lu|Stealth Rock|p2a: Corviknight
|-sidestart|p2: THRZ_Butter|move: Stealth Rock
|
|-heal|p1a: Ting-Lu|97/100|[from] item: Leftovers
|upkeep
|turn|32
|
|t:|1759039904
|switch|p1a: Gholdengo|Gholdengo|80/100
|-damage|p1a: Gholdengo|74/100|[from] Stealth Rock
|move|p2a: Corviknight|U-turn|p1a: Gholdengo
|-resisted|p1a: Gholdengo
|-damage|p1a: Gholdengo|72/100
|
|t:|1759039913
|switch|p2a: Landorus|Landorus-Therian, M|73/100|[from] U-turn
|-damage|p2a: Landorus|60/100|[from] Stealth Rock
|-ability|p2a: Landorus|Intimidate|boost
|-unboost|p1a: Gholdengo|atk|1
|
|-heal|p2a: Landorus|66/100|[from] item: Leftovers
|upkeep
|turn|33
|
|t:|1759039923
|switch|p1a: Corviknight|Corviknight, F|67/100
|-damage|p1a: Corviknight|54/100|[from] Stealth Rock
|-ability|p1a: Corviknight|Pressure
|move|p2a: Landorus|Earth Power|p1a: Corviknight
|-immune|p1a: Corviknight
|
|-heal|p2a: Landorus|72/100|[from] item: Leftovers
|-heal|p1a: Corviknight|60/100|[from] item: Leftovers
|upkeep
|turn|34
|
|t:|1759039935
|switch|p2a: Corviknight|Corviknight, M|100/100 par
|-damage|p2a: Corviknight|88/100 par|[from] Stealth Rock
|-ability|p2a: Corviknight|Pressure
|move|p1a: Corviknight|Brave Bird|p2a: Corviknight
|-resisted|p2a: Corviknight
|-damage|p2a: Corviknight|77/100 par
|-damage|p1a: Corviknight|44/100|[from] item: Rocky Helmet|[of] p2a: Corviknight
|-damage|p1a: Corviknight|40/100|[from] Recoil
|
|-heal|p1a: Corviknight|46/100|[from] item: Leftovers
|upkeep
|turn|35
|
|t:|1759039949
|switch|p1a: Gholdengo|Gholdengo|72/100
|-damage|p1a: Gholdengo|66/100|[from] Stealth Rock
|move|p2a: Corviknight|Body Press|p1a: Gholdengo
|-immune|p1a: Gholdengo
|
|upkeep
|turn|36
|
|t:|1759039961
|switch|p2a: Slowking|Slowking-Galar, M|96/100
|move|p1a: Gholdengo|Make It Rain|p2a: Slowking
|-damage|p2a: Slowking|63/100
|-unboost|p1a: Gholdengo|spa|1
|
|upkeep
|turn|37
|
|t:|1759039971
|switch|p1a: Ting-Lu|Ting-Lu|97/100
|-damage|p1a: Ting-Lu|91/100|[from] Stealth Rock
|-ability|p1a: Ting-Lu|Vessel of Ruin
|-prepare|p2a: Slowking|Chilly Reception|[premajor]
|move|p2a: Slowking|Chilly Reception|p2a: Slowking
|-weather|Snowscape
|
|t:|1759039974
|switch|p2a: Landorus|Landorus-Therian, M|72/100|[from] Chilly Reception
|-damage|p2a: Landorus|60/100|[from] Stealth Rock
|-ability|p2a: Landorus|Intimidate|boost
|-unboost|p1a: Ting-Lu|atk|1
|
|-weather|Snowscape|[upkeep]
|-heal|p2a: Landorus|66/100|[from] item: Leftovers
|-heal|p1a: Ting-Lu|97/100|[from] item: Leftovers
|upkeep
|turn|38
|
|t:|1759039989
|move|p2a: Landorus|U-turn|p1a: Ting-Lu
|-supereffective|p1a: Ting-Lu
|-crit|p1a: Ting-Lu
|-damage|p1a: Ting-Lu|67/100
|
|t:|1759039993
|switch|p2a: Corviknight|Corviknight, M|77/100 par|[from] U-turn
|-damage|p2a: Corviknight|65/100 par|[from] Stealth Rock
|-ability|p2a: Corviknight|Pressure
|move|p1a: Ting-Lu|Ruination|p2a: Corviknight
|-damage|p2a: Corviknight|33/100 par
|
|-weather|Snowscape|[upkeep]
|-heal|p1a: Ting-Lu|73/100|[from] item: Leftovers
|upkeep
|turn|39
|
|t:|1759040006
|switch|p1a: Gholdengo|Gholdengo|66/100
|-damage|p1a: Gholdengo|59/100|[from] Stealth Rock
|move|p2a: Corviknight|Roost|p2a: Corviknight
|-heal|p2a: Corviknight|83/100 par
|-singleturn|p2a: Corviknight|move: Roost
|
|-weather|Snowscape|[upkeep]
|upkeep
|turn|40
|
|t:|1759040017
|switch|p2a: Slowking|Slowking-Galar, M|96/100
|move|p1a: Gholdengo|Recover|p1a: Gholdengo
|-heal|p1a: Gholdengo|100/100
|
|-weather|Snowscape|[upkeep]
|upkeep
|turn|41
|
|t:|1759040030
|switch|p1a: Dragonite|Dragonite, F|92/100
|-damage|p1a: Dragonite|67/100|[from] Stealth Rock
|-prepare|p2a: Slowking|Chilly Reception|[premajor]
|move|p2a: Slowking|Chilly Reception|p2a: Slowking
|
|t:|1759040036
|switch|p2a: Landorus|Landorus-Therian, M|66/100|[from] Chilly Reception
|-damage|p2a: Landorus|54/100|[from] Stealth Rock
|-ability|p2a: Landorus|Intimidate|boost
|-unboost|p1a: Dragonite|atk|1
|
|-weather|none
|-heal|p2a: Landorus|60/100|[from] item: Leftovers
|upkeep
|turn|42
|
|t:|1759040047
|switch|p2a: Corviknight|Corviknight, M|83/100 par
|-damage|p2a: Corviknight|71/100 par|[from] Stealth Rock
|-ability|p2a: Corviknight|Pressure
|move|p1a: Dragonite|Dragon Tail|p2a: Corviknight
|-resisted|p2a: Corviknight
|-damage|p2a: Corviknight|64/100 par
|-damage|p1a: Dragonite|51/100|[from] item: Rocky Helmet|[of] p2a: Corviknight
|drag|p2a: Landorus|Landorus-Therian, M|60/100
|-damage|p2a: Landorus|47/100|[from] Stealth Rock
|-ability|p2a: Landorus|Intimidate|boost
|-unboost|p1a: Dragonite|atk|1
|
|-heal|p2a: Landorus|54/100|[from] item: Leftovers
|upkeep
|turn|43
|
|t:|1759040064
|switch|p1a: Corviknight|Corviknight, F|46/100
|-damage|p1a: Corviknight|34/100|[from] Stealth Rock
|-ability|p1a: Corviknight|Pressure
|move|p2a: Landorus|Taunt|p1a: Corviknight
|-start|p1a: Corviknight|move: Taunt
|
|-heal|p2a: Landorus|60/100|[from] item: Leftovers
|-heal|p1a: Corviknight|40/100|[from] item: Leftovers
|upkeep
|turn|44
|
|t:|1759040076
|switch|p2a: Corviknight|Corviknight, M|64/100 par
|-damage|p2a: Corviknight|51/100 par|[from] Stealth Rock
|-ability|p2a: Corviknight|Pressure
|move|p1a: Corviknight|U-turn|p2a: Corviknight
|-resisted|p2a: Corviknight
|-damage|p2a: Corviknight|49/100 par
|-damage|p1a: Corviknight|23/100|[from] item: Rocky Helmet|[of] p2a: Corviknight
|
|t:|1759040087
|switch|p1a: Iron Crown|Iron Crown|23/100|[from] U-turn
|-damage|p1a: Iron Crown|17/100|[from] Stealth Rock
|
|upkeep
|turn|45
|
|t:|1759040093
|switch|p2a: Slowking|Slowking-Galar, M|100/100
|move|p1a: Iron Crown|Tachyon Cutter|p2a: Slowking
|-damage|p2a: Slowking|77/100
|-damage|p2a: Slowking|55/100
|-hitcount|p2a: Slowking|2
|
|upkeep
|turn|46
|
|t:|1759040101
|move|p1a: Iron Crown|Tachyon Cutter|p2a: Slowking
|-damage|p2a: Slowking|31/100
|-damage|p2a: Slowking|10/100
|-hitcount|p2a: Slowking|2
|-prepare|p2a: Slowking|Chilly Reception|[premajor]
|move|p2a: Slowking|Chilly Reception|p2a: Slowking
|-weather|Snowscape
|
|t:|1759040106
|switch|p2a: Meowscarada|Meowscarada, M|25/100|[from] Chilly Reception
|
|-weather|Snowscape|[upkeep]
|upkeep
|turn|47
|
|t:|1759040113
|move|p2a: Meowscarada|U-turn|p1a: Iron Crown
|-start|p2a: Meowscarada|typechange|Bug|[from] ability: Protean
|-damage|p1a: Iron Crown|0 fnt
|faint|p1a: Iron Crown
|-end|p1a: Iron Crown|Quark Drive|[silent]
|
|t:|1759040115
|switch|p2a: Slowking|Slowking-Galar, M|44/100|[from] U-turn
|
|-weather|Snowscape|[upkeep]
|upkeep
|
|t:|1759040130
|switch|p1a: Ting-Lu|Ting-Lu|73/100
|-damage|p1a: Ting-Lu|67/100|[from] Stealth Rock
|-ability|p1a: Ting-Lu|Vessel of Ruin
|turn|48
|
|t:|1759040138
|switch|p2a: Corviknight|Corviknight, M|49/100 par
|-damage|p2a: Corviknight|37/100 par|[from] Stealth Rock
|-ability|p2a: Corviknight|Pressure
|move|p1a: Ting-Lu|Whirlwind|p2a: Corviknight
|drag|p2a: Meowscarada|Meowscarada, M|25/100
|
|-weather|Snowscape|[upkeep]
|-heal|p1a: Ting-Lu|73/100|[from] item: Leftovers
|upkeep
|turn|49
|
|t:|1759040162
|switch|p1a: Corviknight|Corviknight, F|23/100
|-damage|p1a: Corviknight|11/100|[from] Stealth Rock
|-ability|p1a: Corviknight|Pressure
|move|p2a: Meowscarada|Triple Axel|p1a: Corviknight
|-start|p2a: Meowscarada|typechange|Ice|[from] ability: Protean
|-damage|p1a: Corviknight|6/100
|-damage|p1a: Corviknight|0 fnt
|faint|p1a: Corviknight
|-hitcount|p1: Corviknight|2
|
|-weather|Snowscape|[upkeep]
|upkeep
|inactive|Gastrodon Jones has 120 seconds left.
|
|t:|1759040180
|switch|p1a: Gholdengo|Gholdengo|100/100
|-damage|p1a: Gholdengo|94/100|[from] Stealth Rock
|turn|50
|
|t:|1759040187
|move|p2a: Meowscarada|U-turn|p1a: Gholdengo
|-resisted|p1a: Gholdengo
|-damage|p1a: Gholdengo|91/100
|
|t:|1759040191
|switch|p2a: Slowking|Slowking-Galar, M|77/100|[from] U-turn
|move|p1a: Gholdengo|Hex|p2a: Slowking
|-supereffective|p2a: Slowking
|-damage|p2a: Slowking|43/100
|
|-weather|none
|upkeep
|turn|51
|
|t:|1759040201
|switch|p2a: Zamazenta|Zamazenta|64/100
|-damage|p2a: Zamazenta|39/100|[from] Spikes
|-damage|p2a: Zamazenta|33/100|[from] Stealth Rock
|move|p1a: Gholdengo|Thunder Wave|p2a: Zamazenta
|-status|p2a: Zamazenta|par
|
|-heal|p2a: Zamazenta|39/100 par|[from] item: Leftovers
|upkeep
|turn|52
|
|t:|1759040212
|move|p1a: Gholdengo|Hex|p2a: Zamazenta
|-crit|p2a: Zamazenta
|-damage|p2a: Zamazenta|0 fnt
|faint|p2a: Zamazenta
|
|upkeep
|
|t:|1759040213
|switch|p2a: Landorus|Landorus-Therian, M|60/100
|-damage|p2a: Landorus|47/100|[from] Stealth Rock
|-ability|p2a: Landorus|Intimidate|boost
|-unboost|p1a: Gholdengo|atk|1
|turn|53
|
|t:|1759040223
|switch|p1a: Dragonite|Dragonite, F|51/100
|-damage|p1a: Dragonite|26/100|[from] Stealth Rock
|move|p2a: Landorus|Earth Power|p1a: Dragonite
|-immune|p1a: Dragonite
|
|-heal|p2a: Landorus|53/100|[from] item: Leftovers
|upkeep
|turn|54
|
|t:|1759040237
|move|p2a: Landorus|Taunt|p1a: Dragonite
|-start|p1a: Dragonite|move: Taunt
|cant|p1a: Dragonite|move: Taunt|Roost
|
|-heal|p2a: Landorus|59/100|[from] item: Leftovers
|upkeep
|turn|55
|
|t:|1759040251
|switch|p2a: Corviknight|Corviknight, M|37/100 par
|-damage|p2a: Corviknight|25/100 par|[from] Stealth Rock
|-ability|p2a: Corviknight|Pressure
|switch|p1a: Ting-Lu|Ting-Lu|73/100
|-damage|p1a: Ting-Lu|67/100|[from] Stealth Rock
|-ability|p1a: Ting-Lu|Vessel of Ruin
|
|-heal|p1a: Ting-Lu|73/100|[from] item: Leftovers
|upkeep
|turn|56
|
|t:|1759040265
|switch|p1a: Gholdengo|Gholdengo|91/100
|-damage|p1a: Gholdengo|85/100|[from] Stealth Rock
|cant|p2a: Corviknight|par
|
|upkeep
|turn|57
|
|t:|1759040273
|switch|p2a: Slowking|Slowking-Galar, M|76/100
|move|p1a: Gholdengo|Hex|p2a: Slowking
|-supereffective|p2a: Slowking
|-damage|p2a: Slowking|40/100
|
|upkeep
|turn|58
|
|t:|1759040280
|move|p1a: Gholdengo|Hex|p2a: Slowking
|-supereffective|p2a: Slowking
|-damage|p2a: Slowking|5/100
|move|p2a: Slowking|Flamethrower|p1a: Gholdengo
|-supereffective|p1a: Gholdengo
|-damage|p1a: Gholdengo|37/100
|
|upkeep
|turn|59
|
|t:|1759040289
|move|p1a: Gholdengo|Hex|p2a: Slowking
|-supereffective|p2a: Slowking
|-damage|p2a: Slowking|0 fnt
|faint|p2a: Slowking
|
|upkeep
|
|t:|1759040291
|switch|p2a: Meowscarada|Meowscarada, M|25/100
|turn|60
|
|t:|1759040298
|switch|p1a: Ting-Lu|Ting-Lu|73/100
|-damage|p1a: Ting-Lu|67/100|[from] Stealth Rock
|-ability|p1a: Ting-Lu|Vessel of Ruin
|move|p2a: Meowscarada|Knock Off|p1a: Ting-Lu
|-start|p2a: Meowscarada|typechange|Dark|[from] ability: Protean
|-resisted|p1a: Ting-Lu
|-damage|p1a: Ting-Lu|55/100
|-enditem|p1a: Ting-Lu|Leftovers|[from] move: Knock Off|[of] p2a: Meowscarada
|
|upkeep
|turn|61
|
|t:|1759040312
|move|p2a: Meowscarada|U-turn|p1a: Ting-Lu
|-supereffective|p1a: Ting-Lu
|-damage|p1a: Ting-Lu|31/100
|
|t:|1759040315
|switch|p2a: Corviknight|Corviknight, M|25/100 par|[from] U-turn
|-damage|p2a: Corviknight|13/100 par|[from] Stealth Rock
|-ability|p2a: Corviknight|Pressure
|move|p1a: Ting-Lu|Earthquake|p2a: Corviknight
|-immune|p2a: Corviknight
|
|upkeep
|turn|62
|
|t:|1759040327
|cant|p2a: Corviknight|par
|move|p1a: Ting-Lu|Whirlwind|p2a: Corviknight
|drag|p2a: Landorus|Landorus-Therian, M|59/100
|-damage|p2a: Landorus|47/100|[from] Stealth Rock
|-ability|p2a: Landorus|Intimidate|boost
|-unboost|p1a: Ting-Lu|atk|1
|
|-heal|p2a: Landorus|53/100|[from] item: Leftovers
|upkeep
|turn|63
|
|t:|1759040340
|move|p2a: Landorus|U-turn|p1a: Ting-Lu
|-supereffective|p1a: Ting-Lu
|-damage|p1a: Ting-Lu|8/100
|
|t:|1759040344
|switch|p2a: Corviknight|Corviknight, M|13/100 par|[from] U-turn
|-damage|p2a: Corviknight|0 fnt|[from] Stealth Rock
|faint|p2a: Corviknight
|move|p1a: Ting-Lu|Earthquake|p2: Corviknight|[notarget]
|-fail|p1a: Ting-Lu
|
|upkeep
|
|t:|1759040346
|switch|p2a: Meowscarada|Meowscarada, M|25/100
|turn|64
|
|t:|1759040367
|move|p2a: Meowscarada|Flower Trick|p1a: Ting-Lu
|-start|p2a: Meowscarada|typechange|Grass|[from] ability: Protean
|-supereffective|p1a: Ting-Lu
|-crit|p1a: Ting-Lu
|-damage|p1a: Ting-Lu|0 fnt
|faint|p1a: Ting-Lu
|
|upkeep
|
|t:|1759040379
|switch|p1a: Dragonite|Dragonite, F|26/100
|-damage|p1a: Dragonite|1/100|[from] Stealth Rock
|turn|65
|
|t:|1759040388
|switch|p2a: Landorus|Landorus-Therian, M|53/100
|-damage|p2a: Landorus|41/100|[from] Stealth Rock
|-ability|p2a: Landorus|Intimidate|boost
|-unboost|p1a: Dragonite|atk|1
|move|p1a: Dragonite|Extreme Speed|p2a: Landorus
|-damage|p2a: Landorus|21/100
|
|-heal|p2a: Landorus|28/100|[from] item: Leftovers
|upkeep
|turn|66
|
|t:|1759040406
|move|p1a: Dragonite|Extreme Speed|p2a: Landorus
|-damage|p2a: Landorus|7/100
|move|p2a: Landorus|U-turn|p1a: Dragonite
|-resisted|p1a: Dragonite
|-damage|p1a: Dragonite|0 fnt
|faint|p1a: Dragonite
|
|t:|1759040409
|switch|p2a: Meowscarada|Meowscarada, M|25/100|[from] U-turn
|
|upkeep
|c|☆Gastrodon Jones|Wp
|
|t:|1759040417
|switch|p1a: Gholdengo|Gholdengo|37/100
|-damage|p1a: Gholdengo|31/100|[from] Stealth Rock
|turn|67
|
|t:|1759040423
|move|p2a: Meowscarada|Knock Off|p1a: Gholdengo
|-start|p2a: Meowscarada|typechange|Dark|[from] ability: Protean
|-supereffective|p1a: Gholdengo
|-damage|p1a: Gholdengo|0 fnt
|faint|p1a: Gholdengo
|
|win|THRZ_Butter
|raw|Gastrodon Jones's rating: 1384 &rarr; <strong>1364</strong><br />(-20 for losing)
|raw|THRZ_Butter's rating: 1379 &rarr; <strong>1399</strong><br />(+20 for winning)
|c|☆THRZ_Butter|gg
|l|☆Gastrodon Jones
|player|p1|
