|badge|p1|bronze|gen9ou|100-6
|html|<div class="broadcast-red"><strong>This battle is required to be public due to one or more player having a season medal.</strong><br />During the public phase, you can discuss the state of the ladder <a href="/seasondiscussion">in a special chatroom.</a></div>
|uhtml|medal-msg|<div class="broadcast-blue">Curious what those medals under the avatar are? PS now has Ladder Seasons! For more information, check out the <a href="https://www.smogon.com/forums/threads/3740067/">thread on Smogon.</a></div>
|j|☆WogerHater
|j|☆a calm mind
|t:|1758937327
|gametype|singles
|player|p1|WogerHater|dawn-gen4pt|1851
|player|p2|a calm mind|unknownf|1780
|gen|9
|tier|[Gen 9] OU
|rated|
|rule|HP Percentage Mod: HP is shown in percentages
|rule|Endless Battle Clause: Forcing endless battles is banned
|rule|Species Clause: Limit one of each Pokémon
|rule|OHKO Clause: OHKO moves are banned
|rule|Evasion Items Clause: Evasion items are banned
|rule|Evasion Moves Clause: Evasion moves are banned
|rule|Evasion Abilities Clause: Evasion abilities are banned
|rule|Sleep Moves Clause: Sleep-inducing moves are banned
|clearpoke
|poke|p1|Weezing-Galar, F|
|poke|p1|Ting-Lu|
|poke|p1|Corviknight, M|
|poke|p1|Skeledirge, M|
|poke|p1|Dragapult, M|
|poke|p1|Ogerpon-Wellspring, F|
|poke|p2|Iron Moth|
|poke|p2|Dragonite, M|
|poke|p2|Ogerpon-Wellspring, F|
|poke|p2|Iron Treads|
|poke|p2|Hatterene, F|
|poke|p2|Zamazenta-*|
|teampreview
|inactive|Battle timer is ON: inactive players will automatically lose when time's up. (requested by WogerHater)
|j| chengzun
|j| FaronAan
|j| tiochicodobos
|j|+skymin<3
|l| chengzun
|
|t:|1758937347
|teamsize|p1|6
|teamsize|p2|6
|start
|switch|p1a: Dragapult|Dragapult, M|100/100
|switch|p2a: Hatterene|Hatterene, F|100/100
|turn|1
|
|t:|1758937353
|move|p1a: Dragapult|U-turn|p2a: Hatterene
|-damage|p2a: Hatterene|86/100
|-damage|p1a: Dragapult|84/100|[from] item: Rocky Helmet|[of] p2a: Hatterene
|
|t:|1758937358
|switch|p1a: Ting-Lu|Ting-Lu, shiny|100/100|[from] U-turn
|-ability|p1a: Ting-Lu|Vessel of Ruin
|move|p2a: Hatterene|Draining Kiss|p1a: Ting-Lu
|-supereffective|p1a: Ting-Lu
|-damage|p1a: Ting-Lu|83/100
|-heal|p2a: Hatterene|100/100|[from] drain|[of] p1a: Ting-Lu
|
|-heal|p1a: Ting-Lu|89/100|[from] item: Leftovers
|upkeep
|turn|2
|
|t:|1758937368
|move|p1a: Ting-Lu|Earthquake|p2a: Hatterene
|-damage|p2a: Hatterene|67/100
|move|p2a: Hatterene|Pain Split|p1a: Ting-Lu
|-sethp|p1a: Ting-Lu|65/100|[from] move: Pain Split|[silent]
|-sethp|p2a: Hatterene|100/100|[from] move: Pain Split
|
|-heal|p1a: Ting-Lu|72/100|[from] item: Leftovers
|upkeep
|turn|3
|
|t:|1758937378
|move|p1a: Ting-Lu|Earthquake|p2a: Hatterene
|-damage|p2a: Hatterene|70/100
|move|p2a: Hatterene|Draining Kiss|p1a: Ting-Lu
|-supereffective|p1a: Ting-Lu
|-damage|p1a: Ting-Lu|53/100
|-heal|p2a: Hatterene|94/100|[from] drain|[of] p1a: Ting-Lu
|
|-heal|p1a: Ting-Lu|59/100|[from] item: Leftovers
|upkeep
|turn|4
|
|t:|1758937385
|move|p1a: Ting-Lu|Earthquake|p2a: Hatterene
|-damage|p2a: Hatterene|62/100
|move|p2a: Hatterene|Draining Kiss|p1a: Ting-Lu
|-supereffective|p1a: Ting-Lu
|-damage|p1a: Ting-Lu|39/100
|-heal|p2a: Hatterene|86/100|[from] drain|[of] p1a: Ting-Lu
|
|-heal|p1a: Ting-Lu|45/100|[from] item: Leftovers
|upkeep
|turn|5
|
|t:|1758937399
|move|p1a: Ting-Lu|Earthquake|p2a: Hatterene
|-damage|p2a: Hatterene|53/100
|move|p2a: Hatterene|Draining Kiss|p1a: Ting-Lu
|-supereffective|p1a: Ting-Lu
|-damage|p1a: Ting-Lu|27/100
|-heal|p2a: Hatterene|74/100|[from] drain|[of] p1a: Ting-Lu
|
|-heal|p1a: Ting-Lu|33/100|[from] item: Leftovers
|upkeep
|turn|6
|
|t:|1758937403
|move|p1a: Ting-Lu|Earthquake|p2a: Hatterene
|-damage|p2a: Hatterene|40/100
|move|p2a: Hatterene|Draining Kiss|p1a: Ting-Lu
|-supereffective|p1a: Ting-Lu
|-damage|p1a: Ting-Lu|14/100
|-heal|p2a: Hatterene|64/100|[from] drain|[of] p1a: Ting-Lu
|
|-heal|p1a: Ting-Lu|21/100|[from] item: Leftovers
|upkeep
|turn|7
|l|+skymin<3
|
|t:|1758937406
|move|p1a: Ting-Lu|Rest|p1a: Ting-Lu
|-status|p1a: Ting-Lu|slp|[from] move: Rest
|-heal|p1a: Ting-Lu|100/100 slp|[silent]
|move|p2a: Hatterene|Draining Kiss|p1a: Ting-Lu
|-supereffective|p1a: Ting-Lu
|-damage|p1a: Ting-Lu|81/100 slp
|-heal|p2a: Hatterene|87/100|[from] drain|[of] p1a: Ting-Lu
|
|-heal|p1a: Ting-Lu|88/100 slp|[from] item: Leftovers
|upkeep
|turn|8
|
|t:|1758937414
|cant|p1a: Ting-Lu|slp
|move|p2a: Hatterene|Pain Split|p1a: Ting-Lu
|-sethp|p1a: Ting-Lu|71/100 slp|[from] move: Pain Split|[silent]
|-sethp|p2a: Hatterene|100/100|[from] move: Pain Split
|
|-heal|p1a: Ting-Lu|77/100 slp|[from] item: Leftovers
|upkeep
|turn|9
|
|t:|1758937418
|switch|p2a: Ogerpon|Ogerpon-Wellspring, F|100/100
|cant|p1a: Ting-Lu|slp
|
|-heal|p1a: Ting-Lu|83/100 slp|[from] item: Leftovers
|upkeep
|turn|10
|l| tiochicodobos
|
|t:|1758937421
|switch|p1a: GAS.|Weezing-Galar, F|100/100
|-ability|p1a: GAS.|Neutralizing Gas
|move|p2a: Ogerpon|Knock Off|p1a: GAS.
|-resisted|p1a: GAS.
|-damage|p1a: GAS.|87/100
|-enditem|p1a: GAS.|Heavy-Duty Boots|[from] move: Knock Off|[of] p2a: Ogerpon
|
|upkeep
|turn|11
|
|t:|1758937426
|switch|p2a: Iron Moth|Iron Moth|100/100
|move|p1a: GAS.|Sludge Bomb|p2a: Iron Moth
|-resisted|p2a: Iron Moth
|-damage|p2a: Iron Moth|87/100
|
|upkeep
|turn|12
|
|t:|1758937432
|move|p2a: Iron Moth|Fire Blast|p1a: GAS.|[miss]
|-miss|p2a: Iron Moth|p1a: GAS.
|move|p1a: GAS.|Sludge Bomb|p2a: Iron Moth
|-resisted|p2a: Iron Moth
|-damage|p2a: Iron Moth|73/100
|
|upkeep
|turn|13
|
|t:|1758937436
|-end|p1a: GAS.|ability: Neutralizing Gas
|switch|p1a: Skeledirge|Skeledirge, M|100/100
|move|p2a: Iron Moth|Fire Blast|p1a: Skeledirge
|-resisted|p1a: Skeledirge
|-damage|p1a: Skeledirge|74/100
|
|upkeep
|turn|14
|
|t:|1758937445
|move|p2a: Iron Moth|Overheat|p1a: Skeledirge
|-resisted|p1a: Skeledirge
|-damage|p1a: Skeledirge|43/100
|-unboost|p2a: Iron Moth|spa|2
|move|p1a: Skeledirge|Will-O-Wisp|p2a: Iron Moth
|-immune|p2a: Iron Moth
|
|upkeep
|turn|15
|
|t:|1758937457
|-terastallize|p2a: Iron Moth|Fire
|move|p2a: Iron Moth|Overheat|p1a: Skeledirge
|-resisted|p1a: Skeledirge
|-damage|p1a: Skeledirge|0 fnt
|-unboost|p2a: Iron Moth|spa|2
|faint|p1a: Skeledirge
|
|upkeep
|
|t:|1758937464
|switch|p1a: Ogerpon|Ogerpon-Wellspring, F|100/100
|turn|16
|j| locked in bro
|j| chengzun
|l| chengzun
|
|t:|1758937486
|-end|p2a: Iron Moth|Quark Drive|[silent]
|switch|p2a: Hatterene|Hatterene, F|100/100
|move|p1a: Ogerpon|Spikes|p2a: Hatterene
|move|p2a: Hatterene|Spikes|p1a: Ogerpon|[from] ability: Magic Bounce
|-sidestart|p1: WogerHater|Spikes
|
|upkeep
|turn|17
|
|t:|1758937501
|move|p1a: Ogerpon|Knock Off|p2a: Hatterene
|-damage|p2a: Hatterene|73/100
|-damage|p1a: Ogerpon|84/100|[from] item: Rocky Helmet|[of] p2a: Hatterene
|-enditem|p2a: Hatterene|Rocky Helmet|[from] move: Knock Off|[of] p1a: Ogerpon
|move|p2a: Hatterene|Draining Kiss|p1a: Ogerpon
|-damage|p1a: Ogerpon|63/100
|-heal|p2a: Hatterene|91/100|[from] drain|[of] p1a: Ogerpon
|
|upkeep
|turn|18
|
|t:|1758937507
|move|p1a: Ogerpon|Ivy Cudgel|p2a: Hatterene|[anim] Ivy Cudgel Water
|-damage|p2a: Hatterene|47/100
|move|p2a: Hatterene|Draining Kiss|p1a: Ogerpon
|-damage|p1a: Ogerpon|43/100
|-heal|p2a: Hatterene|64/100|[from] drain|[of] p1a: Ogerpon
|
|upkeep
|turn|19
|
|t:|1758937518
|switch|p2a: Zamazenta|Zamazenta|100/100
|-ability|p2a: Zamazenta|Dauntless Shield|boost
|-boost|p2a: Zamazenta|def|1
|move|p1a: Ogerpon|Synthesis|p1a: Ogerpon
|-heal|p1a: Ogerpon|93/100
|
|upkeep
|turn|20
|
|t:|1758937533
|switch|p1a: GAS.|Weezing-Galar, F|87/100
|-ability|p1a: GAS.|Neutralizing Gas
|-damage|p1a: GAS.|75/100|[from] Spikes
|move|p2a: Zamazenta|Body Press|p1a: GAS.
|-resisted|p1a: GAS.
|-damage|p1a: GAS.|67/100
|
|upkeep
|turn|21
|
|t:|1758937543
|switch|p2a: Iron Moth|Iron Moth, tera:Fire|73/100
|-end|p1a: GAS.|ability: Neutralizing Gas
|switch|p1a: Dragapult|Dragapult, M|84/100
|-damage|p1a: Dragapult|72/100|[from] Spikes
|
|upkeep
|turn|22
|inactive|a calm mind has 120 seconds left.
|
|t:|1758937568
|-end|p2a: Iron Moth|Quark Drive|[silent]
|switch|p2a: Iron Treads|Iron Treads|100/100
|-terastallize|p1a: Dragapult|Ghost
|move|p1a: Dragapult|Shadow Ball|p2a: Iron Treads
|-damage|p2a: Iron Treads|44/100
|
|-heal|p2a: Iron Treads|50/100|[from] item: Leftovers
|upkeep
|turn|23
|inactive|a calm mind has 120 seconds left.
|
|t:|1758937579
|move|p1a: Dragapult|Shadow Ball|p2a: Iron Treads
|-damage|p2a: Iron Treads|0 fnt
|faint|p2a: Iron Treads
|-end|p2a: Iron Treads|Quark Drive|[silent]
|
|upkeep
|inactive|a calm mind has 120 seconds left.
|
|t:|1758937587
|switch|p2a: Dragonite|Dragonite, M|100/100
|turn|24
|
|t:|1758937592
|switch|p1a: Corviknight|Corviknight, M|100/100
|-ability|p1a: Corviknight|Pressure
|move|p2a: Dragonite|Fire Punch|p1a: Corviknight
|-supereffective|p1a: Corviknight
|-damage|p1a: Corviknight|39/100
|-damage|p2a: Dragonite|84/100|[from] item: Rocky Helmet|[of] p1a: Corviknight
|
|upkeep
|turn|25
|
|t:|1758937606
|switch|p2a: Iron Moth|Iron Moth, tera:Fire|73/100
|switch|p1a: Ting-Lu|Ting-Lu, shiny|83/100 slp
|-damage|p1a: Ting-Lu|71/100 slp|[from] Spikes
|-ability|p1a: Ting-Lu|Vessel of Ruin
|
|-heal|p1a: Ting-Lu|77/100 slp|[from] item: Leftovers
|upkeep
|turn|26
|
|t:|1758937622
|-end|p2a: Iron Moth|Quark Drive|[silent]
|switch|p2a: Ogerpon|Ogerpon-Wellspring, F|100/100
|-curestatus|p1a: Ting-Lu|slp|[msg]
|move|p1a: Ting-Lu|Earthquake|p2a: Ogerpon
|-resisted|p2a: Ogerpon
|-damage|p2a: Ogerpon|78/100
|
|-heal|p1a: Ting-Lu|83/100|[from] item: Leftovers
|upkeep
|turn|27
|
|t:|1758937631
|move|p2a: Ogerpon|U-turn|p1a: Ting-Lu
|-supereffective|p1a: Ting-Lu
|-damage|p1a: Ting-Lu|56/100
|
|t:|1758937635
|switch|p2a: Hatterene|Hatterene, F|64/100|[from] U-turn
|move|p1a: Ting-Lu|Stealth Rock|p2a: Hatterene
|move|p2a: Hatterene|Stealth Rock|p1a: Ting-Lu|[from] ability: Magic Bounce
|-sidestart|p1: WogerHater|move: Stealth Rock
|
|-heal|p1a: Ting-Lu|62/100|[from] item: Leftovers
|upkeep
|turn|28
|
|t:|1758937651
|move|p1a: Ting-Lu|Heavy Slam|p2a: Hatterene
|-supereffective|p2a: Hatterene
|-damage|p2a: Hatterene|17/100
|move|p2a: Hatterene|Pain Split|p1a: Ting-Lu
|-sethp|p1a: Ting-Lu|36/100|[from] move: Pain Split|[silent]
|-sethp|p2a: Hatterene|58/100|[from] move: Pain Split
|
|-heal|p1a: Ting-Lu|42/100|[from] item: Leftovers
|upkeep
|turn|29
|
|t:|1758937657
|move|p1a: Ting-Lu|Stealth Rock|p2a: Hatterene
|move|p2a: Hatterene|Stealth Rock||[from] ability: Magic Bounce|[still]
|-fail|p2a: Hatterene
|move|p2a: Hatterene|Draining Kiss|p1a: Ting-Lu
|-supereffective|p1a: Ting-Lu
|-crit|p1a: Ting-Lu
|-damage|p1a: Ting-Lu|15/100
|-heal|p2a: Hatterene|91/100|[from] drain|[of] p1a: Ting-Lu
|
|-heal|p1a: Ting-Lu|21/100|[from] item: Leftovers
|upkeep
|turn|30
|-message|WogerHater forfeited.
|
|win|a calm mind
|raw|WogerHater's rating: 1851 &rarr; <strong>1827</strong><br />(-24 for losing)
|raw|a calm mind's rating: 1780 &rarr; <strong>1804</strong><br />(+24 for winning)
|l|☆WogerHater
|player|p1|
|l| FaronAan
|c|☆a calm mind|tht was bad
|l| locked in bro
