|j|☆you should now
|j|☆pifpof1896
|t:|1758957125
|gametype|singles
|player|p1|you should now|170|1523
|player|p2|pifpof1896|169|1493
|gen|9
|tier|[Gen 9] OU
|rated|
|rule|HP Percentage Mod: HP is shown in percentages
|rule|Endless Battle Clause: Forcing endless battles is banned
|rule|Species Clause: Limit one of each Pokémon
|rule|OHKO Clause: OHKO moves are banned
|rule|Evasion Items Clause: Evasion items are banned
|rule|Evasion Moves Clause: Evasion moves are banned
|rule|Evasion Abilities Clause: Evasion abilities are banned
|rule|Sleep Moves Clause: Sleep-inducing moves are banned
|clearpoke
|poke|p1|Meloetta|
|poke|p1|Iron Moth|
|poke|p1|Corviknight, M|
|poke|p1|Slowking-Galar, M|
|poke|p1|Great Tusk|
|poke|p1|Lokix, M|
|poke|p2|Tyranitar, M|
|poke|p2|Excadrill, M|
|poke|p2|Chesnaught, M|
|poke|p2|Blissey, F|
|poke|p2|Moltres|
|poke|p2|Primarina, F|
|teampreview
|
|t:|1758957218
|teamsize|p1|6
|teamsize|p2|6
|start
|switch|p1a: Lokix|Lokix, M|100/100
|switch|p2a: Moltres|Moltres|100/100
|turn|1
|
|t:|1758957241
|switch|p1a: Slowking|Slowking-Galar, M|100/100
|move|p2a: Moltres|Flamethrower|p1a: Slowking
|-damage|p1a: Slowking|80/100
|
|upkeep
|turn|2
|
|t:|1758957249
|move|p2a: Moltres|Will-O-Wisp|p1a: Slowking
|-status|p1a: Slowking|brn
|-prepare|p1a: Slowking|Chilly Reception|[premajor]
|move|p1a: Slowking|Chilly Reception|p1a: Slowking
|-weather|Snowscape
|
|t:|1758957253
|switch|p1a: Meloetta|Meloetta|100/100|[from] Chilly Reception
|
|-weather|Snowscape|[upkeep]
|upkeep
|turn|3
|
|t:|1758957259
|move|p1a: Meloetta|Knock Off|p2a: Moltres
|-damage|p2a: Moltres|89/100
|-status|p1a: Meloetta|brn|[from] ability: Flame Body|[of] p2a: Moltres
|-enditem|p2a: Moltres|Heavy-Duty Boots|[from] move: Knock Off|[of] p1a: Meloetta
|move|p2a: Moltres|U-turn|p1a: Meloetta
|-supereffective|p1a: Meloetta
|-damage|p1a: Meloetta|64/100 brn
|
|t:|1758957276
|switch|p2a: Chesnaught|Chesnaught, M|100/100|[from] U-turn
|
|-weather|Snowscape|[upkeep]
|-damage|p1a: Meloetta|57/100 brn|[from] brn
|upkeep
|turn|4
|
|t:|1758957293
|switch|p2a: Moltres|Moltres|89/100
|move|p1a: Meloetta|Psychic|p2a: Moltres
|-damage|p2a: Moltres|38/100
|
|-weather|Snowscape|[upkeep]
|-damage|p1a: Meloetta|51/100 brn|[from] brn
|upkeep
|turn|5
|
|t:|1758957316
|switch|p2a: Tyranitar|Tyranitar, M|100/100
|-weather|Sandstorm|[from] ability: Sand Stream|[of] p2a: Tyranitar
|move|p1a: Meloetta|Psychic|p2a: Tyranitar
|-immune|p2a: Tyranitar
|
|-weather|Sandstorm|[upkeep]
|-damage|p1a: Meloetta|45/100 brn|[from] Sandstorm
|-damage|p1a: Meloetta|39/100 brn|[from] brn
|upkeep
|turn|6
|
|t:|1758957332
|move|p1a: Meloetta|Knock Off|p2a: Tyranitar
|-resisted|p2a: Tyranitar
|-damage|p2a: Tyranitar|98/100
|-enditem|p2a: Tyranitar|Smooth Rock|[from] move: Knock Off|[of] p1a: Meloetta
|move|p2a: Tyranitar|Knock Off|p1a: Meloetta
|-supereffective|p1a: Meloetta
|-damage|p1a: Meloetta|0 fnt
|-enditem|p1a: Meloetta|Wise Glasses|[from] move: Knock Off|[of] p2a: Tyranitar
|faint|p1a: Meloetta
|
|-weather|Sandstorm|[upkeep]
|upkeep
|
|t:|1758957340
|switch|p1a: Great Tusk|Great Tusk|100/100
|turn|7
|
|t:|1758957364
|switch|p2a: Moltres|Moltres|38/100
|move|p1a: Great Tusk|Stealth Rock|p2a: Moltres
|-sidestart|p2: pifpof1896|move: Stealth Rock
|
|-weather|Sandstorm|[upkeep]
|-damage|p2a: Moltres|32/100|[from] Sandstorm
|upkeep
|turn|8
|
|t:|1758957374
|-end|p1a: Great Tusk|Protosynthesis|[silent]
|switch|p1a: Iron Moth|Iron Moth|100/100
|move|p2a: Moltres|Roost|p2a: Moltres
|-heal|p2a: Moltres|82/100
|-singleturn|p2a: Moltres|move: Roost
|
|-weather|Sandstorm|[upkeep]
|-damage|p1a: Iron Moth|95/100|[from] Sandstorm
|-damage|p2a: Moltres|76/100|[from] Sandstorm
|upkeep
|turn|9
|
|t:|1758957385
|switch|p2a: Blissey|Blissey, F|100/100
|-damage|p2a: Blissey|88/100|[from] Stealth Rock
|move|p1a: Iron Moth|Sludge Wave|p2a: Blissey
|-damage|p2a: Blissey|61/100
|
|-weather|Sandstorm|[upkeep]
|-damage|p1a: Iron Moth|89/100|[from] Sandstorm
|-damage|p2a: Blissey|55/100|[from] Sandstorm
|upkeep
|turn|10
|
|t:|1758957412
|-end|p1a: Iron Moth|Quark Drive|[silent]
|switch|p1a: Lokix|Lokix, M|100/100
|move|p2a: Blissey|Soft-Boiled|p2a: Blissey
|-heal|p2a: Blissey|100/100
|
|-weather|Sandstorm|[upkeep]
|-damage|p1a: Lokix|94/100|[from] Sandstorm
|-damage|p2a: Blissey|94/100|[from] Sandstorm
|upkeep
|turn|11
|
|t:|1758957427
|switch|p2a: Moltres|Moltres|76/100
|-damage|p2a: Moltres|27/100|[from] Stealth Rock
|move|p1a: Lokix|Knock Off|p2a: Moltres
|-damage|p2a: Moltres|0 fnt
|faint|p2a: Moltres
|
|-weather|Sandstorm|[upkeep]
|-damage|p1a: Lokix|88/100|[from] Sandstorm
|upkeep
|
|t:|1758957444
|switch|p2a: Excadrill|Excadrill, M|100/100
|-damage|p2a: Excadrill|97/100|[from] Stealth Rock
|-item|p2a: Excadrill|Air Balloon
|turn|12
|
|t:|1758957460
|switch|p1a: Corviknight|Corviknight, M|100/100
|-ability|p1a: Corviknight|Pressure
|move|p2a: Excadrill|Iron Head|p1a: Corviknight
|-resisted|p1a: Corviknight
|-damage|p1a: Corviknight|86/100
|-damage|p2a: Excadrill|81/100|[from] item: Rocky Helmet|[of] p1a: Corviknight
|
|-weather|none
|upkeep
|turn|13
|
|t:|1758957468
|move|p2a: Excadrill|Rapid Spin|p1a: Corviknight
|-resisted|p1a: Corviknight
|-crit|p1a: Corviknight
|-damage|p1a: Corviknight|76/100
|-boost|p2a: Excadrill|spe|1
|-damage|p2a: Excadrill|64/100|[from] item: Rocky Helmet|[of] p1a: Corviknight
|-sideend|p2: pifpof1896|Stealth Rock|[from] move: Rapid Spin|[of] p2a: Excadrill
|move|p1a: Corviknight|U-turn|p2a: Excadrill
|-resisted|p2a: Excadrill
|-damage|p2a: Excadrill|55/100
|-enditem|p2a: Excadrill|Air Balloon
|
|t:|1758957480
|switch|p1a: Great Tusk|Great Tusk|100/100|[from] U-turn
|
|upkeep
|turn|14
|
|t:|1758957489
|switch|p2a: Chesnaught|Chesnaught, M|100/100
|move|p1a: Great Tusk|Stealth Rock|p2a: Chesnaught
|-sidestart|p2: pifpof1896|move: Stealth Rock
|
|upkeep
|turn|15
|
|t:|1758957503
|-end|p1a: Great Tusk|Protosynthesis|[silent]
|switch|p1a: Slowking|Slowking-Galar, M|100/100 brn
|move|p2a: Chesnaught|Knock Off|p1a: Slowking
|-supereffective|p1a: Slowking
|-damage|p1a: Slowking|48/100 brn
|-enditem|p1a: Slowking|Heavy-Duty Boots|[from] move: Knock Off|[of] p2a: Chesnaught
|
|-damage|p1a: Slowking|41/100 brn|[from] brn
|upkeep
|turn|16
|
|t:|1758957527
|switch|p2a: Tyranitar|Tyranitar, M|98/100
|-damage|p2a: Tyranitar|85/100|[from] Stealth Rock
|-weather|Sandstorm|[from] ability: Sand Stream|[of] p2a: Tyranitar
|-prepare|p1a: Slowking|Chilly Reception|[premajor]
|move|p1a: Slowking|Chilly Reception|p1a: Slowking
|-weather|Snowscape
|
|t:|1758957535
|switch|p1a: Lokix|Lokix, M|88/100|[from] Chilly Reception
|
|-weather|Snowscape|[upkeep]
|upkeep
|turn|17
|
|t:|1758957547
|-terastallize|p1a: Lokix|Bug
|-terastallize|p2a: Tyranitar|Poison
|move|p1a: Lokix|U-turn|p2a: Tyranitar
|-resisted|p2a: Tyranitar
|-damage|p2a: Tyranitar|35/100
|
|t:|1758957563
|switch|p1a: Great Tusk|Great Tusk|100/100|[from] U-turn
|move|p2a: Tyranitar|Knock Off|p1a: Great Tusk
|-resisted|p1a: Great Tusk
|-damage|p1a: Great Tusk|89/100
|-enditem|p1a: Great Tusk|Leftovers|[from] move: Knock Off|[of] p2a: Tyranitar
|
|-weather|Snowscape|[upkeep]
|upkeep
|turn|18
|
|t:|1758957575
|switch|p2a: Chesnaught|Chesnaught, M|100/100
|-damage|p2a: Chesnaught|94/100|[from] Stealth Rock
|move|p1a: Great Tusk|Headlong Rush|p2a: Chesnaught
|-resisted|p2a: Chesnaught
|-damage|p2a: Chesnaught|78/100
|-unboost|p1a: Great Tusk|def|1
|-unboost|p1a: Great Tusk|spd|1
|
|-weather|Snowscape|[upkeep]
|-heal|p2a: Chesnaught|84/100|[from] item: Leftovers
|upkeep
|turn|19
|
|t:|1758957589
|-end|p1a: Great Tusk|Protosynthesis|[silent]
|switch|p1a: Slowking|Slowking-Galar, M|75/100 brn
|move|p2a: Chesnaught|Trailblaze|p1a: Slowking
|-resisted|p1a: Slowking
|-damage|p1a: Slowking|65/100 brn
|-boost|p2a: Chesnaught|spe|1
|
|-weather|Snowscape|[upkeep]
|-heal|p2a: Chesnaught|90/100|[from] item: Leftovers
|-damage|p1a: Slowking|59/100 brn|[from] brn
|upkeep
|turn|20
|
|t:|1758957600
|move|p2a: Chesnaught|Knock Off|p1a: Slowking
|-supereffective|p1a: Slowking
|-damage|p1a: Slowking|23/100 brn
|move|p1a: Slowking|Ice Beam|p2a: Chesnaught
|-supereffective|p2a: Chesnaught
|-damage|p2a: Chesnaught|31/100
|-status|p2a: Chesnaught|frz
|
|-weather|none
|-heal|p2a: Chesnaught|37/100 frz|[from] item: Leftovers
|-damage|p1a: Slowking|17/100 brn|[from] brn
|upkeep
|turn|21
|
|t:|1758957608
|switch|p1a: Corviknight|Corviknight, M|76/100
|-ability|p1a: Corviknight|Pressure
|cant|p2a: Chesnaught|frz
|
|-heal|p2a: Chesnaught|43/100 frz|[from] item: Leftovers
|upkeep
|turn|22
|
|t:|1758957618
|cant|p2a: Chesnaught|frz
|move|p1a: Corviknight|Brave Bird|p2a: Chesnaught
|-supereffective|p2a: Chesnaught
|-damage|p2a: Chesnaught|0 fnt
|faint|p2a: Chesnaught
|-damage|p1a: Corviknight|65/100|[from] Recoil
|
|upkeep
|
|t:|1758957626
|switch|p2a: Primarina|Primarina, F|100/100
|-damage|p2a: Primarina|88/100|[from] Stealth Rock
|turn|23
|
|t:|1758957647
|move|p2a: Primarina|Calm Mind|p2a: Primarina
|-boost|p2a: Primarina|spa|1
|-boost|p2a: Primarina|spd|1
|move|p1a: Corviknight|Brave Bird|p2a: Primarina
|-damage|p2a: Primarina|57/100
|-damage|p1a: Corviknight|55/100|[from] Recoil
|
|-heal|p2a: Primarina|63/100|[from] item: Leftovers
|upkeep
|turn|24
|
|t:|1758957654
|move|p2a: Primarina|Surf|p1a: Corviknight
|-crit|p1a: Corviknight
|-damage|p1a: Corviknight|0 fnt
|faint|p1a: Corviknight
|
|-heal|p2a: Primarina|69/100|[from] item: Leftovers
|upkeep
|
|t:|1758957666
|switch|p1a: Lokix|Lokix, M, tera:Bug|88/100
|turn|25
|
|t:|1758957681
|move|p1a: Lokix|First Impression|p2a: Primarina
|-resisted|p2a: Primarina
|-damage|p2a: Primarina|0 fnt
|faint|p2a: Primarina
|
|upkeep
|
|t:|1758957685
|switch|p2a: Tyranitar|Tyranitar, M, tera:Poison|35/100
|-damage|p2a: Tyranitar|22/100|[from] Stealth Rock
|-weather|Sandstorm|[from] ability: Sand Stream|[of] p2a: Tyranitar
|turn|26
|
|t:|1758957692
|switch|p1a: Great Tusk|Great Tusk|89/100
|move|p2a: Tyranitar|Stealth Rock|p1a: Great Tusk
|-sidestart|p1: you should now|move: Stealth Rock
|
|-weather|Sandstorm|[upkeep]
|-damage|p2a: Tyranitar|16/100|[from] Sandstorm
|upkeep
|turn|27
|
|t:|1758957698
|move|p1a: Great Tusk|Rapid Spin|p2a: Tyranitar
|-damage|p2a: Tyranitar|5/100
|-boost|p1a: Great Tusk|spe|1
|-sideend|p1: you should now|Stealth Rock|[from] move: Rapid Spin|[of] p1a: Great Tusk
|move|p2a: Tyranitar|Ice Beam|p1a: Great Tusk
|-supereffective|p1a: Great Tusk
|-damage|p1a: Great Tusk|31/100
|
|-weather|Sandstorm|[upkeep]
|-damage|p2a: Tyranitar|0 fnt|[from] Sandstorm
|faint|p2a: Tyranitar
|upkeep
|
|t:|1758957701
|switch|p2a: Excadrill|Excadrill, M|55/100
|-damage|p2a: Excadrill|52/100|[from] Stealth Rock
|turn|28
|
|t:|1758957709
|move|p2a: Excadrill|Earthquake|p1a: Great Tusk
|-crit|p1a: Great Tusk
|-damage|p1a: Great Tusk|0 fnt
|faint|p1a: Great Tusk
|-end|p1a: Great Tusk|Protosynthesis|[silent]
|
|-weather|Sandstorm|[upkeep]
|upkeep
|
|t:|1758957713
|switch|p1a: Lokix|Lokix, M, tera:Bug|88/100
|turn|29
|
|t:|1758957715
|switch|p2a: Blissey|Blissey, F|94/100
|-damage|p2a: Blissey|82/100|[from] Stealth Rock
|move|p1a: Lokix|First Impression|p2a: Blissey
|-damage|p2a: Blissey|0 fnt
|faint|p2a: Blissey
|
|-weather|Sandstorm|[upkeep]
|-damage|p1a: Lokix|82/100|[from] Sandstorm
|upkeep
|
|t:|1758957717
|switch|p2a: Excadrill|Excadrill, M|52/100
|-damage|p2a: Excadrill|49/100|[from] Stealth Rock
|turn|30
|
|t:|1758957724
|switch|p1a: Slowking|Slowking-Galar, M|50/100 brn
|move|p2a: Excadrill|Earthquake|p1a: Slowking
|-supereffective|p1a: Slowking
|-damage|p1a: Slowking|0 fnt
|faint|p1a: Slowking
|
|-weather|none
|upkeep
|-message|pifpof1896 forfeited.
|
|win|you should now
|raw|you should now's rating: 1523 &rarr; <strong>1541</strong><br />(+18 for winning)
|raw|pifpof1896's rating: 1493 &rarr; <strong>1475</strong><br />(-18 for losing)
|l|☆pifpof1896
|player|p2|
|l|☆you should now
|player|p1|
