|j|‽SirPops
|j|☆ece0cijwe0
|t:|1758940635
|gametype|singles
|player|p1|SirPops|red|1106
|player|p2|ece0cijwe0|266|1150
|gen|9
|tier|[Gen 9] OU
|rated|
|rule|HP Percentage Mod: HP is shown in percentages
|rule|Endless Battle Clause: Forcing endless battles is banned
|rule|Species Clause: Limit one of each Pokémon
|rule|OHKO Clause: OHKO moves are banned
|rule|Evasion Items Clause: Evasion items are banned
|rule|Evasion Moves Clause: Evasion moves are banned
|rule|Evasion Abilities Clause: Evasion abilities are banned
|rule|Sleep Moves Clause: Sleep-inducing moves are banned
|clearpoke
|poke|p1|Charizard, M|
|poke|p1|Pawmot, M|
|poke|p1|Sableye, M|
|poke|p1|Basculin-White-Striped, M|
|poke|p1|Weezing-Galar, F|
|poke|p1|Drowzee, F|
|poke|p2|Ogerpon-Wellspring, F|
|poke|p2|Kingambit, M|
|poke|p2|Enamorus, F|
|poke|p2|Great Tusk|
|poke|p2|Kyurem|
|poke|p2|Landorus-Therian, M|
|teampreview
|inactive|Battle timer is ON: inactive players will automatically lose when time's up. (requested by SirPops)
|
|t:|1758940645
|teamsize|p1|6
|teamsize|p2|6
|start
|switch|p1a: Sableye|Sableye, M, shiny|100/100
|switch|p2a: Kyurem|Kyurem|100/100
|-ability|p2a: Kyurem|Pressure
|turn|1
|
|t:|1758940654
|move|p1a: Sableye|Trick|p2a: Kyurem
|-activate|p1a: Sableye|move: Trick|[of] p2a: Kyurem
|-item|p2a: Kyurem|Sticky Barb|[from] move: Trick
|-item|p1a: Sableye|Never-Melt Ice|[from] move: Trick
|move|p2a: Kyurem|Draco Meteor|p1a: Sableye
|-damage|p1a: Sableye|11/100
|-unboost|p2a: Kyurem|spa|2
|
|-damage|p2a: Kyurem|88/100|[from] item: Sticky Barb
|upkeep
|turn|2
|
|t:|1758940674
|move|p1a: Sableye|Recover|p1a: Sableye
|-heal|p1a: Sableye|61/100
|move|p2a: Kyurem|Ice Beam|p1a: Sableye
|-damage|p1a: Sableye|32/100
|
|-damage|p2a: Kyurem|76/100|[from] item: Sticky Barb
|upkeep
|turn|3
|
|t:|1758940681
|switch|p2a: Enamorus|Enamorus, F|100/100
|move|p1a: Sableye|Recover|p1a: Sableye
|-heal|p1a: Sableye|82/100
|
|upkeep
|turn|4
|
|t:|1758940688
|switch|p2a: Kyurem|Kyurem|76/100
|-ability|p2a: Kyurem|Pressure
|move|p1a: Sableye|Trick|p2a: Kyurem
|-activate|p1a: Sableye|move: Trick|[of] p2a: Kyurem
|-item|p2a: Kyurem|Never-Melt Ice|[from] move: Trick
|-item|p1a: Sableye|Sticky Barb|[from] move: Trick
|
|-damage|p1a: Sableye|70/100|[from] item: Sticky Barb
|upkeep
|turn|5
|
|t:|1758940696
|move|p1a: Sableye|Trick|p2a: Kyurem
|-activate|p1a: Sableye|move: Trick|[of] p2a: Kyurem
|-item|p2a: Kyurem|Sticky Barb|[from] move: Trick
|-item|p1a: Sableye|Never-Melt Ice|[from] move: Trick
|move|p2a: Kyurem|Ice Beam|p1a: Sableye
|-damage|p1a: Sableye|10/100
|
|-damage|p2a: Kyurem|64/100|[from] item: Sticky Barb
|upkeep
|turn|6
|
|t:|1758940707
|move|p1a: Sableye|Recover|p1a: Sableye
|-heal|p1a: Sableye|60/100
|move|p2a: Kyurem|Ice Beam|p1a: Sableye
|-damage|p1a: Sableye|0 fnt
|faint|p1a: Sableye
|
|-damage|p2a: Kyurem|51/100|[from] item: Sticky Barb
|upkeep
|
|t:|1758940713
|switch|p1a: Charizard|Charizard, M, shiny|100/100
|turn|7
|
|t:|1758940718
|move|p1a: Charizard|Substitute|p1a: Charizard
|-start|p1a: Charizard|Substitute
|-damage|p1a: Charizard|76/100
|move|p2a: Kyurem|Ice Beam|p1a: Charizard
|-end|p1a: Charizard|Substitute
|
|-damage|p2a: Kyurem|39/100|[from] item: Sticky Barb
|upkeep
|turn|8
|
|t:|1758940729
|move|p1a: Charizard|Fire Blast|p2a: Kyurem
|-damage|p2a: Kyurem|0 fnt
|faint|p2a: Kyurem
|
|upkeep
|
|t:|1758940734
|switch|p2a: Ogerpon|Ogerpon-Wellspring, F|100/100
|turn|9
|
|t:|1758940746
|move|p1a: Charizard|Hurricane|p2a: Ogerpon|[miss]
|-miss|p1a: Charizard|p2a: Ogerpon
|move|p2a: Ogerpon|Ivy Cudgel|p1a: Charizard|[anim] Ivy Cudgel Water
|-supereffective|p1a: Charizard
|-crit|p1a: Charizard
|-damage|p1a: Charizard|0 fnt
|faint|p1a: Charizard
|
|upkeep
|
|t:|1758940749
|switch|p1a: Drowzee|Drowzee, F|100/100
|-activate|p1a: Drowzee|ability: Forewarn|Power Whip|[of] p2a: Ogerpon
|turn|10
|
|t:|1758940756
|move|p2a: Ogerpon|U-turn|p1a: Drowzee
|-supereffective|p1a: Drowzee
|-enditem|p1a: Drowzee|Focus Sash
|-damage|p1a: Drowzee|1/100
|
|t:|1758940759
|switch|p2a: Landorus|Landorus-Therian, M|100/100|[from] U-turn
|-ability|p2a: Landorus|Intimidate|boost
|-unboost|p1a: Drowzee|atk|1
|move|p1a: Drowzee|Thunder Wave|p2a: Landorus
|-immune|p2a: Landorus
|
|upkeep
|turn|11
|
|t:|1758940766
|switch|p1a: Weezing|Weezing-Galar, F|100/100
|move|p2a: Landorus|U-turn|p1a: Weezing
|-resisted|p1a: Weezing
|-damage|p1a: Weezing|96/100
|
|t:|1758940777
|switch|p2a: Kingambit|Kingambit, M|100/100|[from] U-turn
|-activate|p2a: Kingambit|ability: Supreme Overlord
|-start|p2a: Kingambit|fallen1|[silent]
|
|upkeep
|turn|12
|
|t:|1758940780
|move|p2a: Kingambit|Iron Head|p1a: Weezing
|-supereffective|p1a: Weezing
|-damage|p1a: Weezing|2/100
|-enditem|p1a: Weezing|Sitrus Berry|[eat]
|-heal|p1a: Weezing|27/100|[from] item: Sitrus Berry
|move|p1a: Weezing|Heat Wave|p2a: Kingambit
|-supereffective|p2a: Kingambit
|-damage|p2a: Kingambit|54/100
|
|-heal|p2a: Kingambit|60/100|[from] item: Leftovers
|upkeep
|turn|13
|
|t:|1758940788
|move|p2a: Kingambit|Iron Head|p1a: Weezing
|-supereffective|p1a: Weezing
|-damage|p1a: Weezing|0 fnt
|faint|p1a: Weezing
|
|-heal|p2a: Kingambit|66/100|[from] item: Leftovers
|upkeep
|
|t:|1758940805
|switch|p1a: Drowzee|Drowzee, F|1/100
|-activate|p1a: Drowzee|ability: Forewarn|Kowtow Cleave|[of] p2a: Kingambit
|turn|14
|inactive|ece0cijwe0 has 120 seconds left.
|
|t:|1758940862
|move|p1a: Drowzee|Thunder Wave|p2a: Kingambit|[miss]
|-miss|p1a: Drowzee|p2a: Kingambit
|move|p2a: Kingambit|Kowtow Cleave|p1a: Drowzee
|-supereffective|p1a: Drowzee
|-damage|p1a: Drowzee|0 fnt
|faint|p1a: Drowzee
|
|-heal|p2a: Kingambit|73/100|[from] item: Leftovers
|upkeep
|inactive|SirPops has 120 seconds left.
|inactive|SirPops has 90 seconds left.
|inactive|SirPops has 60 seconds left.
|inactive|SirPops has 30 seconds left.
|inactive|SirPops has 20 seconds left.
|inactive|SirPops has 15 seconds left.
|inactive|SirPops has 10 seconds left.
|inactive|SirPops has 5 seconds left.
|-message|SirPops lost due to inactivity.
|
|win|ece0cijwe0
|raw|SirPops's rating: 1079 &rarr; <strong>1062</strong><br />(-17 for losing)
|raw|ece0cijwe0's rating: 1150 &rarr; <strong>1170</strong><br />(+20 for winning)
