|j|☆magical leaves
|j|☆fregene97
|t:|1759072817
|gametype|singles
|player|p1|magical leaves|aromalady|1321
|player|p2|fregene97|acetrainersnow|1318
|gen|9
|tier|[Gen 9] OU
|rated|
|rule|HP Percentage Mod: HP is shown in percentages
|rule|Endless Battle Clause: Forcing endless battles is banned
|rule|Species Clause: Limit one of each Pokémon
|rule|OHKO Clause: OHKO moves are banned
|rule|Evasion Items Clause: Evasion items are banned
|rule|Evasion Moves Clause: Evasion moves are banned
|rule|Evasion Abilities Clause: Evasion abilities are banned
|rule|Sleep Moves Clause: Sleep-inducing moves are banned
|clearpoke
|poke|p1|Indeedee, M|
|poke|p1|Minior|
|poke|p1|Hawlucha, F|
|poke|p1|Hoopa-Unbound|
|poke|p1|Clefable, F|
|poke|p1|Araquanid, M|
|poke|p2|Zapdos|
|poke|p2|Dragapult, M|
|poke|p2|Quaquaval, F|
|poke|p2|Scizor, M|
|poke|p2|Blaziken, M|
|poke|p2|Torterra, F|
|teampreview
|inactive|Battle timer is ON: inactive players will automatically lose when time's up. (requested by fregene97)
|
|t:|1759072829
|teamsize|p1|6
|teamsize|p2|6
|start
|switch|p1a: jig|Indeedee, M|100/100
|switch|p2a: Torterra|Torterra, F|100/100
|-fieldstart|move: Psychic Terrain|[from] ability: Psychic Surge|[of] p1a: jig
|turn|1
|
|t:|1759072847
|-terastallize|p2a: Torterra|Steel
|move|p1a: jig|Expanding Force|p2a: Torterra
|-resisted|p2a: Torterra
|-damage|p2a: Torterra|61/100
|move|p2a: Torterra|Shell Smash|p2a: Torterra
|-unboost|p2a: Torterra|def|1
|-unboost|p2a: Torterra|spd|1
|-boost|p2a: Torterra|atk|2
|-boost|p2a: Torterra|spa|2
|-boost|p2a: Torterra|spe|2
|
|upkeep
|turn|2
|
|t:|1759072867
|switch|p1a: life aquatic|Araquanid, M|100/100
|move|p2a: Torterra|Bullet Seed|p1a: life aquatic
|-damage|p1a: life aquatic|73/100
|-damage|p1a: life aquatic|50/100
|-damage|p1a: life aquatic|22/100
|-damage|p1a: life aquatic|0 fnt
|faint|p1a: life aquatic
|-hitcount|p1: life aquatic|4
|
|upkeep
|inactive|magical leaves has 120 seconds left.
|
|t:|1759072885
|switch|p1a: norman powell|Hawlucha, F|100/100
|-enditem|p1a: norman powell|Psychic Seed
|-boost|p1a: norman powell|spd|1|[from] item: Psychic Seed
|turn|3
|inactive|magical leaves has 120 seconds left.
|
|t:|1759072914
|move|p1a: norman powell|Substitute|p1a: norman powell
|-start|p1a: norman powell|Substitute
|-damage|p1a: norman powell|76/100
|move|p2a: Torterra|Rock Blast|p1a: norman powell
|-activate|p1a: norman powell|move: Substitute|[damage]
|-end|p1a: norman powell|Substitute
|-crit|p1a: norman powell
|-damage|p1a: norman powell|46/100
|-damage|p1a: norman powell|24/100
|-damage|p1a: norman powell|2/100
|-hitcount|p1a: norman powell|5
|
|upkeep
|turn|4
|
|t:|1759072926
|move|p1a: norman powell|Close Combat|p2a: Torterra
|-supereffective|p2a: Torterra
|-damage|p2a: Torterra|0 fnt
|-unboost|p1a: norman powell|def|1
|-unboost|p1a: norman powell|spd|1
|faint|p2a: Torterra
|
|upkeep
|
|t:|1759072930
|switch|p2a: Scizor|Scizor, M|100/100
|turn|5
|
|t:|1759072935
|move|p1a: norman powell|Close Combat|p2a: Scizor
|-damage|p2a: Scizor|42/100
|-unboost|p1a: norman powell|def|1
|-unboost|p1a: norman powell|spd|1
|move|p2a: Scizor|U-turn|p1a: norman powell
|-resisted|p1a: norman powell
|-damage|p1a: norman powell|0 fnt
|faint|p1a: norman powell
|inactive|fregene97 has 120 seconds left.
|
|t:|1759072971
|switch|p2a: Zapdos|Zapdos|100/100|[from] U-turn
|
|upkeep
|
|t:|1759072975
|switch|p1a: anomaly|Hoopa-Unbound|100/100
|turn|6
|inactive|fregene97 has 120 seconds left.
|
|t:|1759072990
|move|p1a: anomaly|Expanding Force|p2a: Zapdos
|-damage|p2a: Zapdos|0 fnt
|faint|p2a: Zapdos
|
|upkeep
|
|t:|1759072993
|switch|p2a: Scizor|Scizor, M|42/100
|turn|7
|
|t:|1759072998
|move|p2a: Scizor|Bullet Punch|p1a: anomaly
|-activate|p1a: anomaly|move: Psychic Terrain
|move|p1a: anomaly|Expanding Force|p2a: Scizor
|-resisted|p2a: Scizor
|-damage|p2a: Scizor|0 fnt
|faint|p2a: Scizor
|
|upkeep
|inactive|fregene97 has 120 seconds left.
|
|t:|1759073038
|switch|p2a: Blaziken|Blaziken, M|100/100
|turn|8
|
|t:|1759073049
|move|p2a: Blaziken|Protect|p2a: Blaziken
|-singleturn|p2a: Blaziken|Protect
|move|p1a: anomaly|Expanding Force|p2a: Blaziken
|-activate|p2a: Blaziken|move: Protect
|
|-fieldend|move: Psychic Terrain
|-ability|p2a: Blaziken|Speed Boost|boost
|-boost|p2a: Blaziken|spe|1
|upkeep
|turn|9
|
|t:|1759073058
|switch|p1a: jig|Indeedee, M|100/100
|-fieldstart|move: Psychic Terrain|[from] ability: Psychic Surge|[of] p1a: jig
|move|p2a: Blaziken|Close Combat|p1a: jig
|-damage|p1a: jig|0 fnt
|-unboost|p2a: Blaziken|def|1
|-unboost|p2a: Blaziken|spd|1
|faint|p1a: jig
|
|-ability|p2a: Blaziken|Speed Boost|boost
|-boost|p2a: Blaziken|spe|1
|upkeep
|
|t:|1759073071
|switch|p1a: anomaly|Hoopa-Unbound|100/100
|turn|10
|
|t:|1759073078
|move|p2a: Blaziken|Close Combat|p1a: anomaly
|-damage|p1a: anomaly|0 fnt
|-unboost|p2a: Blaziken|def|1
|-unboost|p2a: Blaziken|spd|1
|faint|p1a: anomaly
|
|-ability|p2a: Blaziken|Speed Boost|boost
|-boost|p2a: Blaziken|spe|1
|upkeep
|
|t:|1759073086
|switch|p1a: drone|Minior, shiny|100/100
|-formechange|p1a: drone|Minior-Meteor||[from] ability: Shields Down
|turn|11
|
|t:|1759073095
|move|p2a: Blaziken|Close Combat|p1a: drone
|-damage|p1a: drone|9/100
|-unboost|p2a: Blaziken|def|1
|-unboost|p2a: Blaziken|spd|1
|move|p1a: drone|Earthquake|p2a: Blaziken
|-supereffective|p2a: Blaziken
|-damage|p2a: Blaziken|0 fnt
|faint|p2a: Blaziken
|
|-formechange|p1a: drone|Minior||[from] ability: Shields Down
|upkeep
|
|t:|1759073100
|switch|p2a: Quaquaval|Quaquaval, F|100/100
|turn|12
|
|t:|1759073113
|move|p1a: drone|Acrobatics|p2a: Quaquaval
|-supereffective|p2a: Quaquaval
|-damage|p2a: Quaquaval|33/100
|move|p2a: Quaquaval|Aqua Step|p1a: drone
|-supereffective|p1a: drone
|-damage|p1a: drone|0 fnt
|-boost|p2a: Quaquaval|spe|1
|faint|p1a: drone
|-ability|p2a: Quaquaval|Moxie|boost
|-boost|p2a: Quaquaval|atk|1
|
|upkeep
|
|t:|1759073124
|switch|p1a: stro|Clefable, F|100/100
|turn|13
|
|t:|1759073140
|move|p2a: Quaquaval|Aqua Step|p1a: stro
|-damage|p1a: stro|48/100
|-boost|p2a: Quaquaval|spe|1
|move|p1a: stro|Moonblast|p2a: Quaquaval
|-supereffective|p2a: Quaquaval
|-damage|p2a: Quaquaval|0 fnt
|faint|p2a: Quaquaval
|
|-heal|p1a: stro|54/100|[from] item: Leftovers
|upkeep
|
|t:|1759073143
|switch|p2a: Dragapult|Dragapult, M|100/100
|turn|14
|
|t:|1759073154
|move|p2a: Dragapult|Phantom Force||[still]
|-prepare|p2a: Dragapult|Phantom Force
|move|p1a: stro|Moonblast|p2a: Dragapult|[miss]
|-miss|p1a: stro|p2a: Dragapult
|
|-heal|p1a: stro|60/100|[from] item: Leftovers
|upkeep
|turn|15
|
|t:|1759073163
|move|p2a: Dragapult|Phantom Force|p1a: stro|[from] lockedmove
|-damage|p1a: stro|8/100
|move|p1a: stro|Moonblast|p2a: Dragapult
|-supereffective|p2a: Dragapult
|-damage|p2a: Dragapult|13/100
|
|-heal|p1a: stro|14/100|[from] item: Leftovers
|upkeep
|turn|16
|
|t:|1759073172
|move|p2a: Dragapult|Phantom Force||[still]
|-prepare|p2a: Dragapult|Phantom Force
|move|p1a: stro|Moonlight|p1a: stro
|-heal|p1a: stro|64/100
|
|-heal|p1a: stro|70/100|[from] item: Leftovers
|-fieldend|move: Psychic Terrain
|upkeep
|turn|17
|
|t:|1759073180
|move|p2a: Dragapult|Phantom Force|p1a: stro|[from] lockedmove
|-damage|p1a: stro|18/100
|move|p1a: stro|Moonblast|p2a: Dragapult
|-supereffective|p2a: Dragapult
|-damage|p2a: Dragapult|0 fnt
|faint|p2a: Dragapult
|
|win|magical leaves
|raw|magical leaves's rating: 1321 &rarr; <strong>1341</strong><br />(+20 for winning)
|raw|fregene97's rating: 1322 &rarr; <strong>1302</strong><br />(-20 for losing)
|l|☆fregene97
|player|p2|
|l|☆magical leaves
|player|p1|
