|j|☆imnewhere201
|j|☆hcyaiiu
|t:|1758950579
|gametype|singles
|player|p1|imnewhere201|169|1103
|player|p2|hcyaiiu|cynthia|1091
|gen|9
|tier|[Gen 9] OU
|rated|
|rule|HP Percentage Mod: HP is shown in percentages
|rule|Endless Battle Clause: Forcing endless battles is banned
|rule|Species Clause: Limit one of each Pokémon
|rule|OHKO Clause: OHKO moves are banned
|rule|Evasion Items Clause: Evasion items are banned
|rule|Evasion Moves Clause: Evasion moves are banned
|rule|Evasion Abilities Clause: Evasion abilities are banned
|rule|Sleep Moves Clause: Sleep-inducing moves are banned
|clearpoke
|poke|p1|Great Tusk|
|poke|p1|Dragapult, M|
|poke|p1|Dragonite, F|
|poke|p1|Meowscarada, M|
|poke|p1|Slowking-Galar, M|
|poke|p1|Ogerpon-Wellspring, F|
|poke|p2|Gengar, M|
|poke|p2|Dugtrio, F|
|poke|p2|Walking Wake|
|poke|p2|Krookodile, M|
|poke|p2|Arboliva, F|
|poke|p2|Sableye, M|
|teampreview
|inactive|Battle timer is ON: inactive players will automatically lose when time's up. (requested by hcyaiiu)
|
|t:|1758950585
|teamsize|p1|6
|teamsize|p2|6
|start
|switch|p1a: Meowscarada|Meowscarada, M|100/100
|switch|p2a: Sableye|Sableye, M|100/100
|turn|1
|
|t:|1758950594
|move|p1a: Meowscarada|Taunt|p2a: Sableye
|-start|p1a: Meowscarada|typechange|Dark|[from] ability: Protean
|-start|p2a: Sableye|move: Taunt
|move|p2a: Sableye|Foul Play|p1a: Meowscarada
|-resisted|p1a: Meowscarada
|-damage|p1a: Meowscarada|68/100
|
|-heal|p1a: Meowscarada|74/100|[from] item: Leftovers
|upkeep
|turn|2
|
|t:|1758950607
|move|p1a: Meowscarada|Knock Off|p2a: Sableye
|-damage|p2a: Sableye|34/100
|-enditem|p2a: Sableye|Leftovers|[from] move: Knock Off|[of] p1a: Meowscarada
|move|p2a: Sableye|Foul Play|p1a: Meowscarada
|-resisted|p1a: Meowscarada
|-damage|p1a: Meowscarada|41/100
|
|-heal|p1a: Meowscarada|47/100|[from] item: Leftovers
|upkeep
|turn|3
|
|t:|1758950618
|move|p1a: Meowscarada|U-turn|p2a: Sableye
|-damage|p2a: Sableye|4/100
|
|t:|1758950621
|switch|p1a: Great Tusk|Great Tusk|100/100|[from] U-turn
|-enditem|p1a: Great Tusk|Booster Energy
|-activate|p1a: Great Tusk|ability: Protosynthesis|[fromitem]
|-start|p1a: Great Tusk|protosynthesisspe
|move|p2a: Sableye|Foul Play|p1a: Great Tusk
|-resisted|p1a: Great Tusk
|-damage|p1a: Great Tusk|87/100
|
|-end|p2a: Sableye|move: Taunt
|upkeep
|turn|4
|
|t:|1758950639
|move|p2a: Sableye|Recover|p2a: Sableye
|-heal|p2a: Sableye|54/100
|move|p1a: Great Tusk|Stealth Rock|p2a: Sableye
|-sidestart|p2: hcyaiiu|move: Stealth Rock
|
|upkeep
|turn|5
|
|t:|1758950647
|move|p2a: Sableye|Encore|p1a: Great Tusk
|-start|p1a: Great Tusk|Encore
|move|p1a: Great Tusk|Stealth Rock||[still]
|-fail|p1a: Great Tusk
|
|upkeep
|turn|6
|
|t:|1758950655
|-end|p1a: Great Tusk|Protosynthesis|[silent]
|switch|p1a: Ogerpon|Ogerpon-Wellspring, F|100/100
|move|p2a: Sableye|Recover|p2a: Sableye
|-heal|p2a: Sableye|100/100
|
|upkeep
|turn|7
|
|t:|1758950663
|move|p1a: Ogerpon|Knock Off|p2a: Sableye
|-damage|p2a: Sableye|64/100
|move|p2a: Sableye|Foul Play|p1a: Ogerpon
|-damage|p1a: Ogerpon|34/100
|
|upkeep
|turn|8
|
|t:|1758950669
|move|p1a: Ogerpon|U-turn|p2a: Sableye
|-damage|p2a: Sableye|24/100
|
|t:|1758950673
|switch|p1a: Meowscarada|Meowscarada, M|47/100|[from] U-turn
|move|p2a: Sableye|Foul Play|p1a: Meowscarada
|-resisted|p1a: Meowscarada
|-damage|p1a: Meowscarada|14/100
|
|-heal|p1a: Meowscarada|21/100|[from] item: Leftovers
|upkeep
|turn|9
|
|t:|1758950684
|move|p2a: Sableye|Recover|p2a: Sableye
|-heal|p2a: Sableye|74/100
|move|p1a: Meowscarada|Taunt|p2a: Sableye
|-start|p1a: Meowscarada|typechange|Dark|[from] ability: Protean
|-start|p2a: Sableye|move: Taunt
|
|-heal|p1a: Meowscarada|27/100|[from] item: Leftovers
|upkeep
|turn|10
|
|t:|1758950695
|move|p1a: Meowscarada|Flower Trick|p2a: Sableye
|-crit|p2a: Sableye
|-damage|p2a: Sableye|30/100
|move|p2a: Sableye|Foul Play|p1a: Meowscarada
|-resisted|p1a: Meowscarada
|-damage|p1a: Meowscarada|0 fnt
|faint|p1a: Meowscarada
|
|upkeep
|
|t:|1758950710
|switch|p1a: Dragapult|Dragapult, M|100/100
|turn|11
|
|t:|1758950719
|move|p1a: Dragapult|Shadow Ball|p2a: Sableye
|-damage|p2a: Sableye|0 fnt
|faint|p2a: Sableye
|-damage|p1a: Dragapult|91/100|[from] item: Life Orb
|
|upkeep
|
|t:|1758950735
|switch|p2a: Krookodile|Krookodile, M|100/100
|-damage|p2a: Krookodile|94/100|[from] Stealth Rock
|turn|12
|
|t:|1758950740
|move|p2a: Krookodile|Crunch|p1a: Dragapult
|-supereffective|p1a: Dragapult
|-damage|p1a: Dragapult|0 fnt
|faint|p1a: Dragapult
|-ability|p2a: Krookodile|Moxie|boost
|-boost|p2a: Krookodile|atk|1
|
|upkeep
|
|t:|1758950745
|switch|p1a: Great Tusk|Great Tusk|87/100
|turn|13
|
|t:|1758950753
|move|p2a: Krookodile|Crunch|p1a: Great Tusk
|-resisted|p1a: Great Tusk
|-damage|p1a: Great Tusk|65/100
|-unboost|p1a: Great Tusk|def|1
|move|p1a: Great Tusk|Rapid Spin|p2a: Krookodile
|-damage|p2a: Krookodile|77/100
|-boost|p1a: Great Tusk|spe|1
|
|upkeep
|turn|14
|
|t:|1758950762
|move|p1a: Great Tusk|Close Combat|p2a: Krookodile
|-supereffective|p2a: Krookodile
|-damage|p2a: Krookodile|0 fnt
|-unboost|p1a: Great Tusk|def|1
|-unboost|p1a: Great Tusk|spd|1
|faint|p2a: Krookodile
|
|upkeep
|
|t:|1758950773
|switch|p2a: Dugtrio|Dugtrio, F|100/100
|-damage|p2a: Dugtrio|94/100|[from] Stealth Rock
|turn|15
|
|t:|1758950780
|-terastallize|p2a: Dugtrio|Dark
|move|p2a: Dugtrio|Sucker Punch|p1a: Great Tusk
|-resisted|p1a: Great Tusk
|-damage|p1a: Great Tusk|41/100
|move|p1a: Great Tusk|Ice Spinner|p2a: Dugtrio
|-damage|p2a: Dugtrio|22/100
|
|upkeep
|turn|16
|
|t:|1758950790
|move|p2a: Dugtrio|Sucker Punch|p1a: Great Tusk
|-resisted|p1a: Great Tusk
|-damage|p1a: Great Tusk|18/100
|move|p1a: Great Tusk|Close Combat|p2a: Dugtrio
|-supereffective|p2a: Dugtrio
|-damage|p2a: Dugtrio|0 fnt
|-unboost|p1a: Great Tusk|def|1
|-unboost|p1a: Great Tusk|spd|1
|faint|p2a: Dugtrio
|
|upkeep
|
|t:|1758950806
|switch|p2a: Arboliva|Arboliva, F|100/100
|-damage|p2a: Arboliva|88/100|[from] Stealth Rock
|turn|17
|
|t:|1758950811
|move|p1a: Great Tusk|Close Combat|p2a: Arboliva
|-supereffective|p2a: Arboliva
|-damage|p2a: Arboliva|0 fnt
|-unboost|p1a: Great Tusk|def|1
|-unboost|p1a: Great Tusk|spd|1
|faint|p2a: Arboliva
|
|upkeep
|-message|hcyaiiu forfeited.
|
|win|imnewhere201
|raw|imnewhere201's rating: 1103 &rarr; <strong>1127</strong><br />(+24 for winning)
|raw|hcyaiiu's rating: 1091 &rarr; <strong>1068</strong><br />(-23 for losing)
|l|☆hcyaiiu
|player|p2|
|l|☆imnewhere201
|player|p1|
