|j|☆iacidicowl
|j|☆dicolibri
|t:|1758983348
|gametype|singles
|player|p1|iacidicowl|266|1592
|player|p2|dicolibri|hiker|1547
|gen|9
|tier|[Gen 9] OU
|rated|
|rule|HP Percentage Mod: HP is shown in percentages
|rule|Endless Battle Clause: Forcing endless battles is banned
|rule|Species Clause: Limit one of each Pokémon
|rule|OHKO Clause: OHKO moves are banned
|rule|Evasion Items Clause: Evasion items are banned
|rule|Evasion Moves Clause: Evasion moves are banned
|rule|Evasion Abilities Clause: Evasion abilities are banned
|rule|Sleep Moves Clause: Sleep-inducing moves are banned
|clearpoke
|poke|p1|Glimmora, M|
|poke|p1|Iron Valiant|
|poke|p1|Gliscor, M|
|poke|p1|Zamazenta-*|
|poke|p1|Gholdengo|
|poke|p1|Amoonguss, F|
|poke|p2|Mesprit|
|poke|p2|Hatterene, F|
|poke|p2|Kingambit, M|
|poke|p2|Ursaluna, M|
|poke|p2|Iron Hands|
|poke|p2|Hoopa-Unbound|
|teampreview
|
|t:|1758983355
|teamsize|p1|6
|teamsize|p2|6
|start
|switch|p1a: Gliscor|Gliscor, M|100/100
|switch|p2a: Hoopa|Hoopa-Unbound|100/100
|turn|1
|
|t:|1758983381
|move|p1a: Gliscor|Knock Off|p2a: Hoopa
|-damage|p2a: Hoopa|69/100
|-enditem|p2a: Hoopa|Life Orb|[from] move: Knock Off|[of] p1a: Gliscor
|move|p2a: Hoopa|Psychic|p1a: Gliscor
|-damage|p1a: Gliscor|58/100
|-item|p2a: Hoopa|Toxic Orb|[from] ability: Magician|[of] p1a: Gliscor
|
|-status|p2a: Hoopa|tox|[from] item: Toxic Orb
|upkeep
|turn|2
|
|t:|1758983401
|move|p1a: Gliscor|Swords Dance|p1a: Gliscor
|-boost|p1a: Gliscor|atk|2
|move|p2a: Hoopa|Hyperspace Fury|p1a: Gliscor
|-damage|p1a: Gliscor|4/100
|-unboost|p2a: Hoopa|def|1
|
|-damage|p2a: Hoopa|63/100 tox|[from] psn
|upkeep
|turn|3
|
|t:|1758983418
|switch|p2a: Mesprit|Mesprit|100/100
|move|p1a: Gliscor|Knock Off|p2a: Mesprit
|-supereffective|p2a: Mesprit
|-enditem|p2a: Mesprit|Colbur Berry|[eat]
|-enditem|p2a: Mesprit|Colbur Berry|[weaken]
|-damage|p2a: Mesprit|64/100
|
|upkeep
|turn|4
|
|t:|1758983430
|move|p1a: Gliscor|Knock Off|p2a: Mesprit
|-supereffective|p2a: Mesprit
|-damage|p2a: Mesprit|10/100
|move|p2a: Mesprit|Trick Room|p2a: Mesprit
|-fieldstart|move: Trick Room|[of] p2a: Mesprit
|
|upkeep
|turn|5
|
|t:|1758983437
|move|p1a: Gliscor|Protect|p1a: Gliscor
|-singleturn|p1a: Gliscor|Protect
|move|p2a: Mesprit|Stealth Rock|p1a: Gliscor
|-sidestart|p1: iacidicowl|move: Stealth Rock
|
|upkeep
|turn|6
|
|t:|1758983441
|move|p2a: Mesprit|Healing Wish|p2a: Mesprit
|faint|p2a: Mesprit
|move|p1a: Gliscor|Knock Off|p2: Mesprit|[notarget]
|-fail|p1a: Gliscor
|
|upkeep
|
|t:|1758983471
|switch|p2a: Hoopa|Hoopa-Unbound|63/100 tox
|-heal|p2a: Hoopa|100/100|[from] move: Healing Wish
|turn|7
|
|t:|1758983481
|move|p2a: Hoopa|Hyperspace Fury|p1a: Gliscor
|-damage|p1a: Gliscor|0 fnt
|-unboost|p2a: Hoopa|def|1
|faint|p1a: Gliscor
|
|-status|p2a: Hoopa|tox|[from] item: Toxic Orb
|upkeep
|
|t:|1758983500
|switch|p1a: Amoonguss|Amoonguss, F|100/100
|-damage|p1a: Amoonguss|88/100|[from] Stealth Rock
|turn|8
|
|t:|1758983514
|switch|p1a: Gholdengo|Gholdengo|100/100
|-damage|p1a: Gholdengo|94/100|[from] Stealth Rock
|move|p2a: Hoopa|Psychic|p1a: Gholdengo
|-resisted|p1a: Gholdengo
|-damage|p1a: Gholdengo|65/100
|
|-damage|p2a: Hoopa|94/100 tox|[from] psn
|-fieldend|move: Trick Room
|upkeep
|turn|9
|
|t:|1758983523
|move|p1a: Gholdengo|Make It Rain|p2a: Hoopa
|-damage|p2a: Hoopa|50/100 tox
|-unboost|p1a: Gholdengo|spa|1
|move|p2a: Hoopa|Trick Room|p2a: Hoopa
|-fieldstart|move: Trick Room|[of] p2a: Hoopa
|
|-damage|p2a: Hoopa|38/100 tox|[from] psn
|upkeep
|turn|10
|
|t:|1758983547
|switch|p1a: Amoonguss|Amoonguss, F|100/100
|-damage|p1a: Amoonguss|88/100|[from] Stealth Rock
|move|p2a: Hoopa|Hyperspace Fury|p1a: Amoonguss
|-damage|p1a: Amoonguss|39/100
|-unboost|p2a: Hoopa|def|1
|
|-damage|p2a: Hoopa|20/100 tox|[from] psn
|upkeep
|turn|11
|
|t:|1758983576
|switch|p1a: Glimmora|Glimmora, M|100/100
|-damage|p1a: Glimmora|88/100|[from] Stealth Rock
|move|p2a: Hoopa|Psychic|p1a: Glimmora
|-supereffective|p1a: Glimmora
|-damage|p1a: Glimmora|15/100
|-enditem|p1a: Glimmora|Red Card|[of] p2a: Hoopa
|drag|p2a: Kingambit|Kingambit, M|100/100
|-activate|p2a: Kingambit|ability: Supreme Overlord
|-start|p2a: Kingambit|fallen1|[silent]
|
|upkeep
|turn|12
|
|t:|1758983596
|move|p2a: Kingambit|Kowtow Cleave|p1a: Glimmora
|-damage|p1a: Glimmora|0 fnt
|-activate|p1a: Glimmora|ability: Toxic Debris
|-sidestart|p2: dicolibri|move: Toxic Spikes
|faint|p1a: Glimmora
|-damage|p2a: Kingambit|91/100|[from] item: Life Orb
|
|upkeep
|
|t:|1758983605
|switch|p1a: Zamazenta|Zamazenta|100/100
|-damage|p1a: Zamazenta|94/100|[from] Stealth Rock
|-ability|p1a: Zamazenta|Dauntless Shield|boost
|-boost|p1a: Zamazenta|def|1
|turn|13
|
|t:|1758983613
|-end|p2a: Kingambit|fallen1|[silent]
|switch|p2a: Hatterene|Hatterene, F|100/100
|-status|p2a: Hatterene|psn
|move|p1a: Zamazenta|Close Combat|p2a: Hatterene
|-resisted|p2a: Hatterene
|-damage|p2a: Hatterene|83/100 psn
|-unboost|p1a: Zamazenta|def|1
|-unboost|p1a: Zamazenta|spd|1
|
|-heal|p2a: Hatterene|89/100 psn|[from] item: Leftovers
|-damage|p2a: Hatterene|76/100 psn|[from] psn
|-fieldend|move: Trick Room
|upkeep
|turn|14
|
|t:|1758983621
|switch|p1a: Gholdengo|Gholdengo|65/100
|-damage|p1a: Gholdengo|59/100|[from] Stealth Rock
|move|p2a: Hatterene|Trick Room|p2a: Hatterene
|-fieldstart|move: Trick Room|[of] p2a: Hatterene
|
|-heal|p2a: Hatterene|82/100 psn|[from] item: Leftovers
|-damage|p2a: Hatterene|70/100 psn|[from] psn
|upkeep
|turn|15
|j| IM AT MY LIMIT
|
|t:|1758983636
|switch|p2a: Ursaluna|Ursaluna, M|100/100
|-status|p2a: Ursaluna|psn
|move|p1a: Gholdengo|Focus Blast|p2a: Ursaluna|[miss]
|-miss|p1a: Gholdengo|p2a: Ursaluna
|
|-damage|p2a: Ursaluna|88/100 psn|[from] psn
|upkeep
|turn|16
|
|t:|1758983649
|switch|p1a: Amoonguss|Amoonguss, F|72/100
|-damage|p1a: Amoonguss|60/100|[from] Stealth Rock
|move|p2a: Ursaluna|Headlong Rush|p1a: Amoonguss
|-damage|p1a: Amoonguss|0 fnt
|-unboost|p2a: Ursaluna|def|1
|-unboost|p2a: Ursaluna|spd|1
|-damage|p2a: Ursaluna|72/100 psn|[from] item: Rocky Helmet|[of] p1a: Amoonguss
|faint|p1a: Amoonguss
|
|-damage|p2a: Ursaluna|59/100 psn|[from] psn
|upkeep
|
|t:|1758983660
|switch|p1a: Zamazenta|Zamazenta|94/100
|-damage|p1a: Zamazenta|88/100|[from] Stealth Rock
|turn|17
|
|t:|1758983670
|move|p2a: Ursaluna|Facade|p1a: Zamazenta
|-damage|p1a: Zamazenta|0 fnt
|faint|p1a: Zamazenta
|
|-damage|p2a: Ursaluna|47/100 psn|[from] psn
|upkeep
|
|t:|1758983674
|switch|p1a: Gholdengo|Gholdengo|59/100
|-damage|p1a: Gholdengo|53/100|[from] Stealth Rock
|turn|18
|
|t:|1758983690
|move|p2a: Ursaluna|Headlong Rush|p1a: Gholdengo
|-supereffective|p1a: Gholdengo
|-crit|p1a: Gholdengo
|-damage|p1a: Gholdengo|0 fnt
|-unboost|p2a: Ursaluna|def|1
|-unboost|p2a: Ursaluna|spd|1
|faint|p1a: Gholdengo
|
|-damage|p2a: Ursaluna|35/100 psn|[from] psn
|-fieldend|move: Trick Room
|upkeep
|
|t:|1758983693
|switch|p1a: Iron Valiant|Iron Valiant|100/100
|-damage|p1a: Iron Valiant|94/100|[from] Stealth Rock
|-enditem|p1a: Iron Valiant|Booster Energy
|-activate|p1a: Iron Valiant|ability: Quark Drive|[fromitem]
|-start|p1a: Iron Valiant|quarkdrivespe
|turn|19
|
|t:|1758983696
|move|p1a: Iron Valiant|Moonblast|p2a: Ursaluna
|-damage|p2a: Ursaluna|0 fnt
|faint|p2a: Ursaluna
|
|upkeep
|
|t:|1758983703
|switch|p2a: Hatterene|Hatterene, F|70/100 psn
|turn|20
|
|t:|1758983711
|-terastallize|p1a: Iron Valiant|Steel
|move|p1a: Iron Valiant|Moonblast|p2a: Hatterene
|-damage|p2a: Hatterene|30/100 psn
|move|p2a: Hatterene|Trick Room|p2a: Hatterene
|-fieldstart|move: Trick Room|[of] p2a: Hatterene
|
|-heal|p2a: Hatterene|36/100 psn|[from] item: Leftovers
|-damage|p2a: Hatterene|24/100 psn|[from] psn
|upkeep
|turn|21
|
|t:|1758983723
|move|p2a: Hatterene|Healing Wish|p2a: Hatterene
|faint|p2a: Hatterene
|move|p1a: Iron Valiant|Close Combat|p2: Hatterene|[notarget]
|-fail|p1a: Iron Valiant
|
|upkeep
|
|t:|1758983728
|switch|p2a: Iron Hands|Iron Hands|100/100
|-status|p2a: Iron Hands|psn
|-enditem|p2a: Iron Hands|Booster Energy
|-activate|p2a: Iron Hands|ability: Quark Drive|[fromitem]
|-start|p2a: Iron Hands|quarkdriveatk
|turn|22
|l| IM AT MY LIMIT
|inactive|Battle timer is ON: inactive players will automatically lose when time's up. (requested by dicolibri)
|
|t:|1758983746
|move|p2a: Iron Hands|Drain Punch|p1a: Iron Valiant
|-supereffective|p1a: Iron Valiant
|-damage|p1a: Iron Valiant|0 fnt
|faint|p1a: Iron Valiant
|-end|p1a: Iron Valiant|Quark Drive|[silent]
|
|win|dicolibri
|raw|iacidicowl's rating: 1592 &rarr; <strong>1569</strong><br />(-23 for losing)
|raw|dicolibri's rating: 1547 &rarr; <strong>1570</strong><br />(+23 for winning)
|l|☆dicolibri
|player|p2|
