|badge|p1|bronze|gen9ou|100-6
|html|<div class="broadcast-red"><strong>This battle is required to be public due to one or more player having a season medal.</strong><br />During the public phase, you can discuss the state of the ladder <a href="/seasondiscussion">in a special chatroom.</a></div>
|uhtml|medal-msg|<div class="broadcast-blue">Curious what those medals under the avatar are? PS now has Ladder Seasons! For more information, check out the <a href="https://www.smogon.com/forums/threads/3740067/">thread on Smogon.</a></div>
|raw|<div class="broadcast-blue"><strong>This battle is required to be public due to a player having a name starting with 'medal'.</div>
|j|☆Omari P
|j|☆LT123VB 87
|t:|1759063878
|gametype|singles
|player|p1|Omari P|pokemonrangerf|1835
|player|p2|LT123VB 87|dawn|1825
|gen|9
|tier|[Gen 9] OU
|rated|
|rule|HP Percentage Mod: HP is shown in percentages
|rule|Endless Battle Clause: Forcing endless battles is banned
|rule|Species Clause: Limit one of each Pokémon
|rule|OHKO Clause: OHKO moves are banned
|rule|Evasion Items Clause: Evasion items are banned
|rule|Evasion Moves Clause: Evasion moves are banned
|rule|Evasion Abilities Clause: Evasion abilities are banned
|rule|Sleep Moves Clause: Sleep-inducing moves are banned
|clearpoke
|poke|p1|Cinderace, F|
|poke|p1|Volcanion|
|poke|p1|Torkoal, M|
|poke|p1|Mandibuzz, F|
|poke|p1|Great Tusk|
|poke|p1|Fezandipiti, M|
|poke|p2|Dragapult, M|
|poke|p2|Ursaluna, F|
|poke|p2|Ogerpon-Wellspring, F|
|poke|p2|Kingambit, M|
|poke|p2|Glimmora, M|
|poke|p2|Iron Moth|
|teampreview
|inactive|Battle timer is ON: inactive players will automatically lose when time's up. (requested by LT123VB 87)
|j| tiochicodobos
|
|t:|1759063890
|teamsize|p1|6
|teamsize|p2|6
|start
|switch|p1a: Cinderace|Cinderace, F|100/100
|switch|p2a: Dragapult|Dragapult, M|100/100
|turn|1
|
|t:|1759063896
|move|p2a: Dragapult|Thunder Wave|p1a: Cinderace
|-status|p1a: Cinderace|par
|cant|p1a: Cinderace|par
|
|upkeep
|turn|2
|
|t:|1759063917
|move|p2a: Dragapult|Reflect|p2a: Dragapult
|-sidestart|p2: LT123VB 87|Reflect
|move|p1a: Cinderace|Pyro Ball|p2a: Dragapult
|-resisted|p2a: Dragapult
|-damage|p2a: Dragapult|78/100
|
|upkeep
|turn|3
|
|t:|1759063921
|move|p2a: Dragapult|Light Screen|p2a: Dragapult
|-sidestart|p2: LT123VB 87|move: Light Screen
|cant|p1a: Cinderace|par
|
|upkeep
|turn|4
|j| castleintheground
|j| cynasaurus
|inactive|Omari P has 120 seconds left.
|j| cryyysneasel
|inactive|Omari P has 90 seconds left.
|
|t:|1759063994
|move|p2a: Dragapult|Thunder Wave|p1a: Cinderace
|-fail|p1a: Cinderace|par
|move|p1a: Cinderace|Court Change|p1a: Cinderace
|-start|p1a: Cinderace|typechange|Normal|[from] ability: Libero
|-swapsideconditions
|-activate|p1a: Cinderace|move: Court Change
|
|upkeep
|turn|5
|
|t:|1759064004
|move|p2a: Dragapult|Reflect|p2a: Dragapult
|-sidestart|p2: LT123VB 87|Reflect
|move|p1a: Cinderace|Pyro Ball|p2a: Dragapult
|-resisted|p2a: Dragapult
|-damage|p2a: Dragapult|64/100
|-start|p1a: Cinderace|Disable|Pyro Ball|[from] ability: Cursed Body|[of] p2a: Dragapult
|
|upkeep
|turn|6
|
|t:|1759064010
|move|p2a: Dragapult|Light Screen|p2a: Dragapult
|-sidestart|p2: LT123VB 87|move: Light Screen
|move|p1a: Cinderace|Court Change|p1a: Cinderace
|-swapsideconditions
|-activate|p1a: Cinderace|move: Court Change
|
|upkeep
|turn|7
|
|t:|1759064015
|switch|p2a: Ursaluna|Ursaluna, F|100/100
|switch|p1a: Haku|Great Tusk, shiny|100/100
|
|-status|p2a: Ursaluna|brn|[from] item: Flame Orb
|upkeep
|turn|8
|j| IMMAAXX
|
|t:|1759064032
|move|p1a: Haku|Close Combat|p2a: Ursaluna
|-supereffective|p2a: Ursaluna
|-damage|p2a: Ursaluna|54/100 brn
|-unboost|p1a: Haku|def|1
|-unboost|p1a: Haku|spd|1
|move|p2a: Ursaluna|Facade|p1a: Haku
|-damage|p1a: Haku|31/100
|
|-damage|p2a: Ursaluna|47/100 brn|[from] brn
|upkeep
|turn|9
|inactive|Omari P has 120 seconds left.
|
|t:|1759064045
|-end|p1a: Haku|Protosynthesis|[silent]
|switch|p1a: Omari P Bird|Mandibuzz, F, shiny|100/100
|switch|p2a: Dragapult|Dragapult, M|64/100
|
|-sideend|p2: LT123VB 87|Reflect
|upkeep
|turn|10
|
|t:|1759064050
|move|p2a: Dragapult|Reflect|p2a: Dragapult
|-sidestart|p2: LT123VB 87|Reflect
|move|p1a: Omari P Bird|Toxic|p2a: Dragapult
|-status|p2a: Dragapult|tox
|
|-damage|p2a: Dragapult|58/100 tox|[from] psn
|-sideend|p2: LT123VB 87|move: Light Screen
|upkeep
|turn|11
|
|t:|1759064056
|switch|p1a: Cinderace|Cinderace, F|100/100 par
|move|p2a: Dragapult|Light Screen|p2a: Dragapult
|-sidestart|p2: LT123VB 87|move: Light Screen
|
|-damage|p2a: Dragapult|45/100 tox|[from] psn
|upkeep
|turn|12
|
|t:|1759064060
|switch|p2a: Glimmora|Glimmora, M|100/100
|cant|p1a: Cinderace|par
|
|-sideend|p1: Omari P|Reflect
|upkeep
|turn|13
|
|t:|1759064073
|switch|p2a: Ogerpon|Ogerpon-Wellspring, F|100/100
|move|p1a: Cinderace|Court Change|p1a: Cinderace
|-start|p1a: Cinderace|typechange|Normal|[from] ability: Libero
|-swapsideconditions
|-activate|p1a: Cinderace|move: Court Change
|
|-sideend|p2: LT123VB 87|move: Light Screen
|upkeep
|turn|14
|inactive|Omari P has 120 seconds left.
|
|t:|1759064107
|switch|p2a: Glimmora|Glimmora, M|100/100
|switch|p1a: Omari P Bird|Mandibuzz, F, shiny|100/100
|
|upkeep
|turn|15
|
|t:|1759064114
|switch|p1a: Torkoal|Torkoal, M, shiny|100/100
|-weather|SunnyDay|[from] ability: Drought|[of] p1a: Torkoal
|move|p2a: Glimmora|Stealth Rock|p1a: Torkoal
|-sidestart|p1: Omari P|move: Stealth Rock
|
|-weather|SunnyDay|[upkeep]
|upkeep
|turn|16
|
|t:|1759064119
|move|p2a: Glimmora|Meteor Beam||[still]
|-prepare|p2a: Glimmora|Meteor Beam
|-boost|p2a: Glimmora|spa|1
|-enditem|p2a: Glimmora|Power Herb
|-anim|p2a: Glimmora|Meteor Beam|p1a: Torkoal
|-supereffective|p1a: Torkoal
|-damage|p1a: Torkoal|0 fnt
|faint|p1a: Torkoal
|
|-weather|SunnyDay|[upkeep]
|upkeep
|
|t:|1759064123
|switch|p1a: Haku|Great Tusk, shiny|31/100
|-damage|p1a: Haku|28/100|[from] Stealth Rock
|-activate|p1a: Haku|ability: Protosynthesis
|-start|p1a: Haku|protosynthesisatk
|turn|17
|l| castleintheground
|j| Nikator98
|
|t:|1759064138
|move|p1a: Haku|Headlong Rush|p2a: Glimmora
|-supereffective|p2a: Glimmora
|-damage|p2a: Glimmora|0 fnt
|-unboost|p1a: Haku|def|1
|-unboost|p1a: Haku|spd|1
|-activate|p2a: Glimmora|ability: Toxic Debris
|-sidestart|p1: Omari P|move: Toxic Spikes
|faint|p2a: Glimmora
|
|-weather|SunnyDay|[upkeep]
|-sideend|p1: Omari P|Reflect
|upkeep
|j| ADM02
|
|t:|1759064146
|switch|p2a: Iron Moth|Iron Moth|100/100
|-enditem|p2a: Iron Moth|Booster Energy
|-activate|p2a: Iron Moth|ability: Quark Drive|[fromitem]
|-start|p2a: Iron Moth|quarkdrivespe
|turn|18
|
|t:|1759064153
|move|p2a: Iron Moth|Fiery Dance|p1a: Haku
|-damage|p1a: Haku|0 fnt
|faint|p1a: Haku
|-end|p1a: Haku|Protosynthesis|[silent]
|
|-weather|SunnyDay|[upkeep]
|-sideend|p1: Omari P|move: Light Screen
|upkeep
|
|t:|1759064156
|switch|p1a: Chihiro|Fezandipiti, M|100/100
|-damage|p1a: Chihiro|88/100|[from] Stealth Rock
|-sideend|p1: Omari P|move: Toxic Spikes|[of] p1a: Chihiro
|turn|19
|j| ilytrix
|
|t:|1759064160
|-terastallize|p1a: Chihiro|Ground
|move|p2a: Iron Moth|Fiery Dance|p1a: Chihiro
|-damage|p1a: Chihiro|46/100
|-boost|p2a: Iron Moth|spa|1
|move|p1a: Chihiro|Tera Blast|p2a: Iron Moth|[anim] Tera Blast Ground
|-supereffective|p2a: Iron Moth
|-damage|p2a: Iron Moth|0 fnt
|faint|p2a: Iron Moth
|-end|p2a: Iron Moth|Quark Drive|[silent]
|
|-weather|SunnyDay|[upkeep]
|-heal|p1a: Chihiro|52/100|[from] item: Leftovers
|upkeep
|
|t:|1759064186
|switch|p2a: Ogerpon|Ogerpon-Wellspring, F|100/100
|turn|20
|j| Ctannn
|inactive|Omari P has 120 seconds left.
|inactive|Omari P has 90 seconds left.
|inactive|Omari P has 60 seconds left.
|
|t:|1759064281
|move|p2a: Ogerpon|Trailblaze|p1a: Chihiro
|-supereffective|p1a: Chihiro
|-damage|p1a: Chihiro|0 fnt
|-boost|p2a: Ogerpon|spe|1
|faint|p1a: Chihiro
|
|-weather|SunnyDay|[upkeep]
|upkeep
|
|t:|1759064284
|switch|p1a: Omari P Bird|Mandibuzz, F, shiny|100/100
|-damage|p1a: Omari P Bird|76/100|[from] Stealth Rock
|turn|21
|
|t:|1759064294
|move|p2a: Ogerpon|Play Rough|p1a: Omari P Bird
|-supereffective|p1a: Omari P Bird
|-crit|p1a: Omari P Bird
|-damage|p1a: Omari P Bird|11/100
|-damage|p2a: Ogerpon|84/100|[from] item: Rocky Helmet|[of] p1a: Omari P Bird
|move|p1a: Omari P Bird|Foul Play|p2a: Ogerpon
|-damage|p2a: Ogerpon|19/100
|
|-weather|SunnyDay|[upkeep]
|upkeep
|turn|22
|
|t:|1759064301
|move|p2a: Ogerpon|Ivy Cudgel|p1a: Omari P Bird|[anim] Ivy Cudgel Water
|-damage|p1a: Omari P Bird|0 fnt
|faint|p1a: Omari P Bird
|
|-weather|none
|upkeep
|
|t:|1759064304
|switch|p1a: Cinderace|Cinderace, F|100/100 par
|-damage|p1a: Cinderace|76/100 par|[from] Stealth Rock
|turn|23
|
|t:|1759064311
|move|p1a: Cinderace|Sucker Punch|p2a: Ogerpon
|-start|p1a: Cinderace|typechange|Dark|[from] ability: Libero
|-damage|p2a: Ogerpon|0 fnt
|faint|p2a: Ogerpon
|
|upkeep
|
|t:|1759064320
|switch|p2a: Kingambit|Kingambit, M|100/100
|-activate|p2a: Kingambit|ability: Supreme Overlord
|-start|p2a: Kingambit|fallen3|[silent]
|turn|24
|
|t:|1759064325
|-terastallize|p2a: Kingambit|Fairy
|move|p1a: Cinderace|High Jump Kick|p2a: Kingambit
|-resisted|p2a: Kingambit
|-crit|p2a: Kingambit
|-damage|p2a: Kingambit|76/100
|move|p2a: Kingambit|Swords Dance|p2a: Kingambit
|-boost|p2a: Kingambit|atk|2
|
|-heal|p2a: Kingambit|82/100|[from] item: Leftovers
|upkeep
|turn|25
|
|t:|1759064338
|move|p1a: Cinderace|Pyro Ball|p2a: Kingambit
|-damage|p2a: Kingambit|41/100
|move|p2a: Kingambit|Kowtow Cleave|p1a: Cinderace
|-resisted|p1a: Cinderace
|-damage|p1a: Cinderace|0 fnt
|faint|p1a: Cinderace
|
|-heal|p2a: Kingambit|47/100|[from] item: Leftovers
|upkeep
|
|t:|1759064343
|switch|p1a: Volcanion|Volcanion|100/100
|-damage|p1a: Volcanion|76/100|[from] Stealth Rock
|turn|26
|
|t:|1759064346
|move|p2a: Kingambit|Sucker Punch|p1a: Volcanion
|-damage|p1a: Volcanion|0 fnt
|faint|p1a: Volcanion
|
|win|LT123VB 87
|raw|Omari P's rating: 1835 &rarr; <strong>1814</strong><br />(-21 for losing)
|raw|LT123VB 87's rating: 1825 &rarr; <strong>1846</strong><br />(+21 for winning)
|l| tiochicodobos
|l| IMMAAXX
|l|☆LT123VB 87
|player|p2|
|j| tiochicodobos
|l| tiochicodobos
|l| cynasaurus
|l| cryyysneasel
|l| ilytrix
