|j|☆Falconskyline
|j|☆eiio
|t:|1758993739
|gametype|singles
|player|p1|Falconskyline|colress|1496
|player|p2|eiio|169|1555
|gen|9
|tier|[Gen 9] OU
|rated|
|rule|HP Percentage Mod: HP is shown in percentages
|rule|Endless Battle Clause: Forcing endless battles is banned
|rule|Species Clause: Limit one of each Pokémon
|rule|OHKO Clause: OHKO moves are banned
|rule|Evasion Items Clause: Evasion items are banned
|rule|Evasion Moves Clause: Evasion moves are banned
|rule|Evasion Abilities Clause: Evasion abilities are banned
|rule|Sleep Moves Clause: Sleep-inducing moves are banned
|clearpoke
|poke|p1|Alomomola, M|
|poke|p1|Lokix, F|
|poke|p1|Iron Crown|
|poke|p1|Enamorus, F|
|poke|p1|Glimmora, F|
|poke|p1|Zamazenta-*|
|poke|p2|Quagsire, M|
|poke|p2|Blissey, F|
|poke|p2|Toxapex, F|
|poke|p2|Weezing-Galar, F|
|poke|p2|Gliscor, M|
|poke|p2|Corviknight, M|
|teampreview
|inactive|Battle timer is ON: inactive players will automatically lose when time's up. (requested by Falconskyline)
|
|t:|1758993753
|teamsize|p1|6
|teamsize|p2|6
|start
|switch|p1a: Lokix|Lokix, F|100/100
|switch|p2a: Gliscor|Gliscor, M|100/100
|turn|1
|
|t:|1758993756
|move|p2a: Gliscor|Protect|p2a: Gliscor
|-singleturn|p2a: Gliscor|Protect
|move|p1a: Lokix|Knock Off|p2a: Gliscor
|-activate|p2a: Gliscor|move: Protect
|
|-status|p2a: Gliscor|tox|[from] item: Toxic Orb
|upkeep
|turn|2
|
|t:|1758993767
|move|p2a: Gliscor|Knock Off|p1a: Lokix
|-resisted|p1a: Lokix
|-damage|p1a: Lokix|85/100
|-enditem|p1a: Lokix|Choice Band|[from] move: Knock Off|[of] p2a: Gliscor
|move|p1a: Lokix|Knock Off|p2a: Gliscor
|-damage|p2a: Gliscor|63/100 tox
|-enditem|p2a: Gliscor|Toxic Orb|[from] move: Knock Off|[of] p1a: Lokix
|
|-heal|p2a: Gliscor|75/100 tox|[from] ability: Poison Heal
|upkeep
|turn|3
|
|t:|1758993779
|switch|p1a: Glimmora|Glimmora, F, shiny|100/100
|move|p2a: Gliscor|Protect||[still]
|-fail|p2a: Gliscor
|
|-heal|p2a: Gliscor|88/100 tox|[from] ability: Poison Heal
|upkeep
|turn|4
|
|t:|1758993790
|switch|p2a: Quagsire|Quagsire, M|100/100
|move|p1a: Glimmora|Stealth Rock|p2a: Quagsire
|-sidestart|p2: eiio|move: Stealth Rock
|
|upkeep
|turn|5
|
|t:|1758993813
|switch|p1a: Xibi Zlobinmadikov|Alomomola, M|100/100
|move|p2a: Quagsire|Spikes|p1a: Xibi Zlobinmadikov
|-sidestart|p1: Falconskyline|Spikes
|
|upkeep
|turn|6
|
|t:|1758993818
|move|p1a: Xibi Zlobinmadikov|Flip Turn|p2a: Quagsire
|-damage|p2a: Quagsire|90/100
|
|t:|1758993823
|switch|p1a: Enamorus|Enamorus, F|100/100|[from] Flip Turn
|move|p2a: Quagsire|Toxic|p1a: Enamorus
|-status|p1a: Enamorus|tox
|
|-heal|p2a: Quagsire|96/100|[from] item: Leftovers
|-damage|p1a: Enamorus|94/100 tox|[from] psn
|upkeep
|turn|7
|
|t:|1758993836
|switch|p1a: Iron Crown|Iron Crown|100/100
|-damage|p1a: Iron Crown|88/100|[from] Spikes
|switch|p2a: Blissey|Blissey, F|100/100
|-damage|p2a: Blissey|88/100|[from] Stealth Rock
|
|-heal|p2a: Blissey|94/100|[from] item: Leftovers
|upkeep
|turn|8
|
|t:|1758993850
|move|p1a: Iron Crown|Psychic Noise|p2a: Blissey
|-damage|p2a: Blissey|83/100
|-start|p2a: Blissey|move: Heal Block
|move|p2a: Blissey|Stealth Rock|p1a: Iron Crown
|-sidestart|p1: Falconskyline|move: Stealth Rock
|
|upkeep
|turn|9
|
|t:|1758993854
|move|p1a: Iron Crown|Focus Blast|p2a: Blissey
|-supereffective|p2a: Blissey
|-damage|p2a: Blissey|57/100
|move|p2a: Blissey|Shadow Ball|p1a: Iron Crown
|-supereffective|p1a: Iron Crown
|-damage|p1a: Iron Crown|70/100
|
|-end|p2a: Blissey|move: Heal Block
|upkeep
|turn|10
|
|t:|1758993860
|move|p1a: Iron Crown|Psychic Noise|p2a: Blissey
|-damage|p2a: Blissey|44/100
|-start|p2a: Blissey|move: Heal Block
|move|p2a: Blissey|Calm Mind|p2a: Blissey
|-boost|p2a: Blissey|spa|1
|-boost|p2a: Blissey|spd|1
|
|upkeep
|turn|11
|
|t:|1758993863
|move|p1a: Iron Crown|Volt Switch|p2a: Blissey
|-crit|p2a: Blissey
|-damage|p2a: Blissey|33/100
|inactive|Falconskyline has 120 seconds left.
|
|t:|1758993904
|-end|p1a: Iron Crown|Quark Drive|[silent]
|switch|p1a: Zamazenta|Zamazenta|100/100|[from] Volt Switch
|-damage|p1a: Zamazenta|88/100|[from] Spikes
|-damage|p1a: Zamazenta|82/100|[from] Stealth Rock
|-ability|p1a: Zamazenta|Dauntless Shield|boost
|-boost|p1a: Zamazenta|def|1
|move|p2a: Blissey|Shadow Ball|p1a: Zamazenta
|-damage|p1a: Zamazenta|64/100
|-unboost|p1a: Zamazenta|spd|1
|
|-heal|p1a: Zamazenta|70/100|[from] item: Leftovers
|-end|p2a: Blissey|move: Heal Block
|upkeep
|turn|12
|inactive|Falconskyline has 120 seconds left.
|
|t:|1758993932
|switch|p2a: Weezing|Weezing-Galar, F|100/100
|-ability|p2a: Weezing|Neutralizing Gas
|-damage|p2a: Weezing|88/100|[from] Stealth Rock
|move|p1a: Zamazenta|Body Press|p2a: Weezing
|-resisted|p2a: Weezing
|-damage|p2a: Weezing|79/100
|
|-heal|p1a: Zamazenta|76/100|[from] item: Leftovers
|-heal|p2a: Weezing|85/100|[from] item: Leftovers
|upkeep
|turn|13
|inactive|Falconskyline has 120 seconds left.
|
|t:|1758993942
|switch|p1a: Iron Crown|Iron Crown|70/100
|-damage|p1a: Iron Crown|58/100|[from] Spikes
|-damage|p1a: Iron Crown|51/100|[from] Stealth Rock
|move|p2a: Weezing|Will-O-Wisp|p1a: Iron Crown
|-status|p1a: Iron Crown|brn
|
|-heal|p2a: Weezing|91/100|[from] item: Leftovers
|-damage|p1a: Iron Crown|45/100 brn|[from] brn
|upkeep
|turn|14
|
|t:|1758993956
|-end|p2a: Weezing|ability: Neutralizing Gas
|switch|p2a: Blissey|Blissey, F|33/100
|-damage|p2a: Blissey|21/100|[from] Stealth Rock
|move|p1a: Iron Crown|Psychic Noise|p2a: Blissey
|-damage|p2a: Blissey|9/100
|-start|p2a: Blissey|move: Heal Block
|
|-damage|p1a: Iron Crown|39/100 brn|[from] brn
|upkeep
|turn|15
|
|t:|1758993965
|move|p1a: Iron Crown|Psychic Noise|p2a: Blissey
|-damage|p2a: Blissey|0 fnt
|faint|p2a: Blissey
|
|-damage|p1a: Iron Crown|33/100 brn|[from] brn
|upkeep
|
|t:|1758993972
|switch|p2a: Corviknight|Corviknight, M|100/100
|-damage|p2a: Corviknight|88/100|[from] Stealth Rock
|-ability|p2a: Corviknight|Pressure
|turn|16
|
|t:|1758993976
|switch|p2a: Quagsire|Quagsire, M|96/100
|-damage|p2a: Quagsire|90/100|[from] Stealth Rock
|move|p1a: Iron Crown|Volt Switch|p2a: Quagsire
|-immune|p2a: Quagsire
|
|-heal|p2a: Quagsire|96/100|[from] item: Leftovers
|-damage|p1a: Iron Crown|26/100 brn|[from] brn
|upkeep
|turn|17
|
|t:|1758993993
|-end|p1a: Iron Crown|Quark Drive|[silent]
|switch|p1a: Enamorus|Enamorus, F|94/100 tox
|move|p2a: Quagsire|Earthquake|p1a: Enamorus
|-immune|p1a: Enamorus
|
|-heal|p2a: Quagsire|100/100|[from] item: Leftovers
|-damage|p1a: Enamorus|88/100 tox|[from] psn
|upkeep
|turn|18
|
|t:|1758993998
|switch|p2a: Toxapex|Toxapex, F|100/100
|-damage|p2a: Toxapex|88/100|[from] Stealth Rock
|move|p1a: Enamorus|Moonblast|p2a: Toxapex
|-resisted|p2a: Toxapex
|-damage|p2a: Toxapex|71/100
|
|-heal|p2a: Toxapex|77/100|[from] item: Leftovers
|-damage|p1a: Enamorus|76/100 tox|[from] psn
|upkeep
|turn|19
|
|t:|1758994006
|move|p2a: Toxapex|Baneful Bunker|p2a: Toxapex
|-singleturn|p2a: Toxapex|move: Protect
|move|p1a: Enamorus|Earth Power|p2a: Toxapex
|-activate|p2a: Toxapex|move: Protect
|
|-heal|p2a: Toxapex|83/100|[from] item: Leftovers
|-damage|p1a: Enamorus|57/100 tox|[from] psn
|upkeep
|turn|20
|
|t:|1758994025
|move|p1a: Enamorus|Calm Mind|p1a: Enamorus
|-boost|p1a: Enamorus|spa|1
|-boost|p1a: Enamorus|spd|1
|move|p2a: Toxapex|Recover|p2a: Toxapex
|-heal|p2a: Toxapex|100/100
|
|-damage|p1a: Enamorus|32/100 tox|[from] psn
|upkeep
|turn|21
|
|t:|1758994032
|switch|p2a: Gliscor|Gliscor, M|88/100 tox
|-damage|p2a: Gliscor|75/100 tox|[from] Stealth Rock
|move|p1a: Enamorus|Calm Mind|p1a: Enamorus
|-boost|p1a: Enamorus|spa|1
|-boost|p1a: Enamorus|spd|1
|
|-damage|p1a: Enamorus|1/100 tox|[from] psn
|-heal|p2a: Gliscor|88/100 tox|[from] ability: Poison Heal
|upkeep
|turn|22
|
|t:|1758994047
|switch|p1a: Xibi Zlobinmadikov|Alomomola, M|100/100
|-damage|p1a: Xibi Zlobinmadikov|88/100|[from] Spikes
|-damage|p1a: Xibi Zlobinmadikov|76/100|[from] Stealth Rock
|move|p2a: Gliscor|Protect||[still]
|-fail|p2a: Gliscor
|
|-heal|p2a: Gliscor|99/100 tox|[from] ability: Poison Heal
|upkeep
|turn|23
|
|t:|1758994053
|switch|p2a: Toxapex|Toxapex, F|100/100
|-damage|p2a: Toxapex|88/100|[from] Stealth Rock
|move|p1a: Xibi Zlobinmadikov|Scald|p2a: Toxapex
|-resisted|p2a: Toxapex
|-damage|p2a: Toxapex|83/100
|
|-heal|p2a: Toxapex|89/100|[from] item: Leftovers
|upkeep
|turn|24
|
|t:|1758994060
|move|p1a: Xibi Zlobinmadikov|Scald|p2a: Toxapex
|-resisted|p2a: Toxapex
|-damage|p2a: Toxapex|84/100
|-status|p2a: Toxapex|brn
|move|p2a: Toxapex|Toxic|p1a: Xibi Zlobinmadikov
|-status|p1a: Xibi Zlobinmadikov|tox
|
|-heal|p2a: Toxapex|90/100 brn|[from] item: Leftovers
|-damage|p1a: Xibi Zlobinmadikov|70/100 tox|[from] psn
|-damage|p2a: Toxapex|84/100 brn|[from] brn
|upkeep
|turn|25
|
|t:|1758994065
|move|p2a: Toxapex|Baneful Bunker|p2a: Toxapex
|-singleturn|p2a: Toxapex|move: Protect
|move|p1a: Xibi Zlobinmadikov|Wish|p1a: Xibi Zlobinmadikov
|
|-heal|p2a: Toxapex|90/100 brn|[from] item: Leftovers
|-damage|p1a: Xibi Zlobinmadikov|57/100 tox|[from] psn
|-damage|p2a: Toxapex|84/100 brn|[from] brn
|upkeep
|turn|26
|
|t:|1758994073
|switch|p2a: Gliscor|Gliscor, M|99/100 tox
|-damage|p2a: Gliscor|88/100 tox|[from] Stealth Rock
|move|p1a: Xibi Zlobinmadikov|Flip Turn|p2a: Gliscor
|-supereffective|p2a: Gliscor
|-damage|p2a: Gliscor|60/100 tox
|
|t:|1758994080
|switch|p1a: Iron Crown|Iron Crown|26/100 brn|[from] Flip Turn
|-damage|p1a: Iron Crown|14/100 brn|[from] Spikes
|-damage|p1a: Iron Crown|8/100 brn|[from] Stealth Rock
|
|-heal|p1a: Iron Crown|91/100 brn|[from] move: Wish|[wisher] Xibi Zlobinmadikov
|-heal|p2a: Gliscor|72/100 tox|[from] ability: Poison Heal
|-damage|p1a: Iron Crown|85/100 brn|[from] brn
|upkeep
|turn|27
|
|t:|1758994092
|-end|p1a: Iron Crown|Quark Drive|[silent]
|switch|p1a: Enamorus|Enamorus, F|1/100 tox
|move|p2a: Gliscor|Knock Off|p1a: Enamorus
|-resisted|p1a: Enamorus
|-damage|p1a: Enamorus|0 fnt
|-start|p2a: Gliscor|Attract|[from] ability: Cute Charm|[of] p1a: Enamorus
|-enditem|p1a: Enamorus|Heavy-Duty Boots|[from] move: Knock Off|[of] p2a: Gliscor
|faint|p1a: Enamorus
|-end|p2a: Gliscor|Attract|[silent]
|
|-heal|p2a: Gliscor|85/100 tox|[from] ability: Poison Heal
|upkeep
|
|t:|1758994104
|switch|p1a: Zamazenta|Zamazenta|76/100
|-damage|p1a: Zamazenta|64/100|[from] Spikes
|-damage|p1a: Zamazenta|58/100|[from] Stealth Rock
|turn|28
|
|t:|1758994111
|switch|p2a: Corviknight|Corviknight, M|88/100
|-damage|p2a: Corviknight|76/100|[from] Stealth Rock
|-ability|p2a: Corviknight|Pressure
|move|p1a: Zamazenta|Iron Defense|p1a: Zamazenta
|-boost|p1a: Zamazenta|def|2
|
|-heal|p1a: Zamazenta|64/100|[from] item: Leftovers
|upkeep
|turn|29
|
|t:|1758994116
|move|p1a: Zamazenta|Body Press|p2a: Corviknight
|-damage|p2a: Corviknight|31/100
|-damage|p1a: Zamazenta|47/100|[from] item: Rocky Helmet|[of] p2a: Corviknight
|move|p2a: Corviknight|Iron Defense|p2a: Corviknight
|-boost|p2a: Corviknight|def|2
|
|-heal|p1a: Zamazenta|54/100|[from] item: Leftovers
|upkeep
|turn|30
|
|t:|1758994121
|move|p1a: Zamazenta|Body Press|p2a: Corviknight
|-damage|p2a: Corviknight|8/100
|-damage|p1a: Zamazenta|37/100|[from] item: Rocky Helmet|[of] p2a: Corviknight
|move|p2a: Corviknight|Roost|p2a: Corviknight
|-heal|p2a: Corviknight|58/100
|-singleturn|p2a: Corviknight|move: Roost
|
|-heal|p1a: Zamazenta|43/100|[from] item: Leftovers
|upkeep
|turn|31
|
|t:|1758994124
|move|p1a: Zamazenta|Iron Defense|p1a: Zamazenta
|-boost|p1a: Zamazenta|def|2
|move|p2a: Corviknight|Roost|p2a: Corviknight
|-heal|p2a: Corviknight|100/100
|-singleturn|p2a: Corviknight|move: Roost
|
|-heal|p1a: Zamazenta|49/100|[from] item: Leftovers
|upkeep
|turn|32
|
|t:|1758994128
|move|p1a: Zamazenta|Iron Defense|p1a: Zamazenta
|-boost|p1a: Zamazenta|def|2
|move|p2a: Corviknight|Iron Defense|p2a: Corviknight
|-boost|p2a: Corviknight|def|2
|
|-heal|p1a: Zamazenta|56/100|[from] item: Leftovers
|upkeep
|turn|33
|
|t:|1758994133
|move|p1a: Zamazenta|Body Press|p2a: Corviknight
|-damage|p2a: Corviknight|69/100
|-damage|p1a: Zamazenta|39/100|[from] item: Rocky Helmet|[of] p2a: Corviknight
|move|p2a: Corviknight|Body Press|p1a: Zamazenta
|-damage|p1a: Zamazenta|24/100
|
|-heal|p1a: Zamazenta|30/100|[from] item: Leftovers
|upkeep
|turn|34
|
|t:|1758994146
|move|p1a: Zamazenta|Body Press|p2a: Corviknight
|-damage|p2a: Corviknight|39/100
|-damage|p1a: Zamazenta|13/100|[from] item: Rocky Helmet|[of] p2a: Corviknight
|move|p2a: Corviknight|Iron Defense|p2a: Corviknight
|-boost|p2a: Corviknight|def|2
|
|-heal|p1a: Zamazenta|20/100|[from] item: Leftovers
|upkeep
|turn|35
|
|t:|1758994157
|move|p1a: Zamazenta|Body Press|p2a: Corviknight
|-damage|p2a: Corviknight|16/100
|-damage|p1a: Zamazenta|3/100|[from] item: Rocky Helmet|[of] p2a: Corviknight
|move|p2a: Corviknight|Roost|p2a: Corviknight
|-heal|p2a: Corviknight|66/100
|-singleturn|p2a: Corviknight|move: Roost
|
|-heal|p1a: Zamazenta|9/100|[from] item: Leftovers
|upkeep
|turn|36
|
|t:|1758994162
|move|p1a: Zamazenta|Body Press|p2a: Corviknight
|-damage|p2a: Corviknight|44/100
|-damage|p1a: Zamazenta|0 fnt|[from] item: Rocky Helmet|[of] p2a: Corviknight
|faint|p1a: Zamazenta
|move|p2a: Corviknight|Roost|p2a: Corviknight
|-heal|p2a: Corviknight|94/100
|-singleturn|p2a: Corviknight|move: Roost
|
|upkeep
|
|t:|1758994166
|switch|p1a: Iron Crown|Iron Crown|85/100 brn
|-damage|p1a: Iron Crown|72/100 brn|[from] Spikes
|-damage|p1a: Iron Crown|66/100 brn|[from] Stealth Rock
|turn|37
|
|t:|1758994169
|-terastallize|p2a: Corviknight|Fighting
|move|p1a: Iron Crown|Volt Switch|p2a: Corviknight
|-damage|p2a: Corviknight|66/100
|
|t:|1758994176
|-end|p1a: Iron Crown|Quark Drive|[silent]
|switch|p1a: Glimmora|Glimmora, F, shiny|100/100|[from] Volt Switch
|-damage|p1a: Glimmora|88/100|[from] Spikes
|-damage|p1a: Glimmora|76/100|[from] Stealth Rock
|move|p2a: Corviknight|Body Press|p1a: Glimmora
|-damage|p1a: Glimmora|0 fnt
|-activate|p1a: Glimmora|ability: Toxic Debris
|-sidestart|p2: eiio|move: Toxic Spikes
|faint|p1a: Glimmora
|
|upkeep
|
|t:|1758994182
|switch|p1a: Xibi Zlobinmadikov|Alomomola, M|91/100 tox
|-damage|p1a: Xibi Zlobinmadikov|78/100 tox|[from] Spikes
|-damage|p1a: Xibi Zlobinmadikov|66/100 tox|[from] Stealth Rock
|turn|38
|
|t:|1758994186
|move|p2a: Corviknight|Body Press|p1a: Xibi Zlobinmadikov
|-damage|p1a: Xibi Zlobinmadikov|0 fnt
|-damage|p2a: Corviknight|50/100|[from] item: Rocky Helmet|[of] p1a: Xibi Zlobinmadikov
|faint|p1a: Xibi Zlobinmadikov
|
|upkeep
|
|t:|1758994190
|switch|p1a: Iron Crown|Iron Crown|66/100 brn
|-damage|p1a: Iron Crown|53/100 brn|[from] Spikes
|-damage|p1a: Iron Crown|47/100 brn|[from] Stealth Rock
|turn|39
|
|t:|1758994199
|switch|p2a: Toxapex|Toxapex, F|100/100 brn
|-damage|p2a: Toxapex|88/100 brn|[from] Stealth Rock
|-sideend|p2: eiio|move: Toxic Spikes|[of] p2a: Toxapex
|move|p1a: Iron Crown|Psychic Noise|p2a: Toxapex
|-supereffective|p2a: Toxapex
|-damage|p2a: Toxapex|38/100 brn
|-start|p2a: Toxapex|move: Heal Block
|
|-damage|p1a: Iron Crown|41/100 brn|[from] brn
|-damage|p2a: Toxapex|32/100 brn|[from] brn
|upkeep
|turn|40
|
|t:|1758994211
|move|p2a: Toxapex|Baneful Bunker|p2a: Toxapex
|-singleturn|p2a: Toxapex|move: Protect
|move|p1a: Iron Crown|Psychic Noise|p2a: Toxapex
|-activate|p2a: Toxapex|move: Protect
|
|-damage|p1a: Iron Crown|35/100 brn|[from] brn
|-damage|p2a: Toxapex|26/100 brn|[from] brn
|-end|p2a: Toxapex|move: Heal Block
|upkeep
|turn|41
|
|t:|1758994220
|switch|p2a: Corviknight|Corviknight, M, tera:Fighting|50/100
|-damage|p2a: Corviknight|44/100|[from] Stealth Rock
|-ability|p2a: Corviknight|Pressure
|move|p1a: Iron Crown|Psychic Noise|p2a: Corviknight
|-supereffective|p2a: Corviknight
|-damage|p2a: Corviknight|0 fnt
|faint|p2a: Corviknight
|
|-damage|p1a: Iron Crown|29/100 brn|[from] brn
|upkeep
|
|t:|1758994236
|switch|p2a: Gliscor|Gliscor, M|85/100 tox
|-damage|p2a: Gliscor|72/100 tox|[from] Stealth Rock
|turn|42
|
|t:|1758994254
|-end|p1a: Iron Crown|Quark Drive|[silent]
|switch|p1a: Lokix|Lokix, F|85/100
|-damage|p1a: Lokix|73/100|[from] Spikes
|-damage|p1a: Lokix|48/100|[from] Stealth Rock
|move|p2a: Gliscor|Protect||[still]
|-fail|p2a: Gliscor
|
|-heal|p2a: Gliscor|85/100 tox|[from] ability: Poison Heal
|upkeep
|turn|43
|
|t:|1758994275
|-terastallize|p1a: Lokix|Bug
|move|p1a: Lokix|First Impression|p2a: Gliscor
|-resisted|p2a: Gliscor
|-damage|p2a: Gliscor|36/100 tox
|move|p2a: Gliscor|Facade|p1a: Lokix
|-damage|p1a: Lokix|3/100
|
|-heal|p2a: Gliscor|49/100 tox|[from] ability: Poison Heal
|upkeep
|turn|44
|
|t:|1758994287
|move|p2a: Gliscor|Protect|p2a: Gliscor
|-singleturn|p2a: Gliscor|Protect
|move|p1a: Lokix|U-turn|p2a: Gliscor
|-activate|p2a: Gliscor|move: Protect
|
|-heal|p2a: Gliscor|61/100 tox|[from] ability: Poison Heal
|upkeep
|turn|45
|
|t:|1758994292
|move|p2a: Gliscor|Knock Off|p1a: Lokix
|-damage|p1a: Lokix|0 fnt
|faint|p1a: Lokix
|
|-heal|p2a: Gliscor|74/100 tox|[from] ability: Poison Heal
|upkeep
|
|t:|1758994295
|switch|p1a: Iron Crown|Iron Crown|29/100 brn
|-damage|p1a: Iron Crown|16/100 brn|[from] Spikes
|-damage|p1a: Iron Crown|10/100 brn|[from] Stealth Rock
|turn|46
|
|t:|1758994299
|move|p2a: Gliscor|Protect|p2a: Gliscor
|-singleturn|p2a: Gliscor|Protect
|move|p1a: Iron Crown|Psychic Noise|p2a: Gliscor
|-activate|p2a: Gliscor|move: Protect
|
|-heal|p2a: Gliscor|86/100 tox|[from] ability: Poison Heal
|-damage|p1a: Iron Crown|4/100 brn|[from] brn
|upkeep
|turn|47
|
|t:|1758994301
|move|p1a: Iron Crown|Tachyon Cutter|p2a: Gliscor
|-damage|p2a: Gliscor|57/100 tox
|-damage|p2a: Gliscor|28/100 tox
|-hitcount|p2a: Gliscor|2
|move|p2a: Gliscor|Facade|p1a: Iron Crown
|-resisted|p1a: Iron Crown
|-damage|p1a: Iron Crown|0 fnt
|faint|p1a: Iron Crown
|-end|p1a: Iron Crown|Quark Drive|[silent]
|
|win|eiio
|raw|Falconskyline's rating: 1496 &rarr; <strong>1479</strong><br />(-17 for losing)
|raw|eiio's rating: 1555 &rarr; <strong>1572</strong><br />(+17 for winning)
|l|☆Falconskyline
|player|p1|
|l|☆eiio
|player|p2|
