|j|☆2314x
|j|☆loulsaiyantests
|t:|1759067897
|gametype|singles
|player|p1|2314x|266|1074
|player|p2|loulsaiyantests|hiker-gen4|1091
|gen|9
|tier|[Gen 9] OU
|rated|
|rule|HP Percentage Mod: HP is shown in percentages
|rule|Endless Battle Clause: Forcing endless battles is banned
|rule|Species Clause: Limit one of each Pokémon
|rule|OHKO Clause: OHKO moves are banned
|rule|Evasion Items Clause: Evasion items are banned
|rule|Evasion Moves Clause: Evasion moves are banned
|rule|Evasion Abilities Clause: Evasion abilities are banned
|rule|Sleep Moves Clause: Sleep-inducing moves are banned
|clearpoke
|poke|p1|Venusaur, F|
|poke|p1|Jolteon, F|
|poke|p1|Torkoal, F|
|poke|p1|Charizard, M|
|poke|p1|Dragonite, F|
|poke|p1|Swampert, F|
|poke|p2|Regice|
|poke|p2|Ribombee, M|
|poke|p2|Dragapult, M|
|poke|p2|Kingambit, M|
|poke|p2|Iron Valiant|
|poke|p2|Great Tusk|
|teampreview
|inactive|Battle timer is ON: inactive players will automatically lose when time's up. (requested by loulsaiyantests)
|c|☆loulsaiyantests|glhf
|
|t:|1759067914
|teamsize|p1|6
|teamsize|p2|6
|start
|switch|p1a: Torkoal|Torkoal, F|100/100
|switch|p2a: Toothless|Dragapult, M, shiny|100/100
|-weather|SunnyDay|[from] ability: Drought|[of] p1a: Torkoal
|turn|1
|
|t:|1759067933
|move|p2a: Toothless|U-turn|p1a: Torkoal
|-resisted|p1a: Torkoal
|-damage|p1a: Torkoal|91/100
|
|t:|1759067939
|switch|p2a: Sauce Blanche|Great Tusk, shiny|100/100|[from] U-turn
|-activate|p2a: Sauce Blanche|ability: Protosynthesis
|-start|p2a: Sauce Blanche|protosynthesisdef
|move|p1a: Torkoal|Will-O-Wisp|p2a: Sauce Blanche
|-status|p2a: Sauce Blanche|brn
|
|-weather|SunnyDay|[upkeep]
|-damage|p2a: Sauce Blanche|94/100 brn|[from] brn
|upkeep
|turn|2
|
|t:|1759067952
|switch|p1a: Venusaur|Venusaur, F|100/100
|move|p2a: Sauce Blanche|Stealth Rock|p1a: Venusaur
|-sidestart|p1: 2314x|move: Stealth Rock
|
|-weather|SunnyDay|[upkeep]
|-damage|p2a: Sauce Blanche|88/100 brn|[from] brn
|upkeep
|turn|3
|
|t:|1759067961
|move|p1a: Venusaur|Growth|p1a: Venusaur
|-boost|p1a: Venusaur|atk|2
|-boost|p1a: Venusaur|spa|2
|move|p2a: Sauce Blanche|Headlong Rush|p1a: Venusaur
|-damage|p1a: Venusaur|61/100
|-unboost|p2a: Sauce Blanche|def|1
|-unboost|p2a: Sauce Blanche|spd|1
|
|-weather|SunnyDay|[upkeep]
|-damage|p2a: Sauce Blanche|82/100 brn|[from] brn
|upkeep
|turn|4
|
|t:|1759067973
|-end|p2a: Sauce Blanche|Protosynthesis|[silent]
|switch|p2a: Choi|Kingambit, M, shiny|100/100
|move|p1a: Venusaur|Giga Drain|p2a: Choi
|-resisted|p2a: Choi
|-damage|p2a: Choi|54/100
|-heal|p1a: Venusaur|92/100|[from] drain|[of] p2a: Choi
|-damage|p1a: Venusaur|82/100|[from] item: Life Orb
|
|-weather|SunnyDay|[upkeep]
|-heal|p2a: Choi|60/100|[from] item: Leftovers
|upkeep
|turn|5
|
|t:|1759067984
|move|p1a: Venusaur|Weather Ball|p2a: Choi
|-supereffective|p2a: Choi
|-damage|p2a: Choi|0 fnt
|faint|p2a: Choi
|-end|p2a: Choi|fallenundefined|[silent]
|-damage|p1a: Venusaur|72/100|[from] item: Life Orb
|
|-weather|SunnyDay|[upkeep]
|upkeep
|
|t:|1759068000
|switch|p2a: Toothless|Dragapult, M, shiny|100/100
|turn|6
|
|t:|1759068007
|-terastallize|p2a: Toothless|Ghost
|move|p1a: Venusaur|Giga Drain|p2a: Toothless
|-damage|p2a: Toothless|0 fnt
|-heal|p1a: Venusaur|100/100|[from] drain|[of] p2a: Toothless
|faint|p2a: Toothless
|-damage|p1a: Venusaur|91/100|[from] item: Life Orb
|
|-weather|SunnyDay|[upkeep]
|upkeep
|
|t:|1759068016
|switch|p2a: Sauce Harissa|Iron Valiant, shiny|100/100
|-enditem|p2a: Sauce Harissa|Booster Energy
|-activate|p2a: Sauce Harissa|ability: Quark Drive|[fromitem]
|-start|p2a: Sauce Harissa|quarkdrivespe
|turn|7
|
|t:|1759068029
|move|p2a: Sauce Harissa|Destiny Bond|p2a: Sauce Harissa
|-singlemove|p2a: Sauce Harissa|Destiny Bond
|move|p1a: Venusaur|Sludge Bomb|p2a: Sauce Harissa
|-supereffective|p2a: Sauce Harissa
|-damage|p2a: Sauce Harissa|0 fnt
|faint|p2a: Sauce Harissa
|-activate|p2a: Sauce Harissa|move: Destiny Bond
|-end|p2a: Sauce Harissa|Quark Drive|[silent]
|faint|p1a: Venusaur
|
|-weather|SunnyDay|[upkeep]
|upkeep
|
|t:|1759068040
|switch|p2a: MielPops|Ribombee, M, shiny|100/100
|switch|p1a: Charizard|Charizard, M|100/100
|-damage|p1a: Charizard|51/100|[from] Stealth Rock
|turn|8
|
|t:|1759068049
|move|p2a: MielPops|Light Screen|p2a: MielPops
|-sidestart|p2: loulsaiyantests|move: Light Screen
|move|p1a: Charizard|Flamethrower|p2a: MielPops
|-supereffective|p2a: MielPops
|-damage|p2a: MielPops|0 fnt
|faint|p2a: MielPops
|
|-weather|none
|upkeep
|
|t:|1759068057
|switch|p2a: Matpat|Regice, shiny|100/100
|turn|9
|
|t:|1759068061
|move|p1a: Charizard|Flamethrower|p2a: Matpat
|-supereffective|p2a: Matpat
|-damage|p2a: Matpat|67/100
|move|p2a: Matpat|Curse|p2a: Matpat
|-unboost|p2a: Matpat|spe|1
|-boost|p2a: Matpat|atk|1
|-boost|p2a: Matpat|def|1
|
|-heal|p2a: Matpat|73/100|[from] item: Leftovers
|upkeep
|turn|10
|
|t:|1759068072
|move|p1a: Charizard|Flamethrower|p2a: Matpat
|-supereffective|p2a: Matpat
|-damage|p2a: Matpat|43/100
|move|p2a: Matpat|Curse|p2a: Matpat
|-unboost|p2a: Matpat|spe|1
|-boost|p2a: Matpat|atk|1
|-boost|p2a: Matpat|def|1
|
|-heal|p2a: Matpat|49/100|[from] item: Leftovers
|upkeep
|turn|11
|
|t:|1759068084
|move|p1a: Charizard|Flamethrower|p2a: Matpat
|-supereffective|p2a: Matpat
|-damage|p2a: Matpat|15/100
|move|p2a: Matpat|Rest|p2a: Matpat
|-status|p2a: Matpat|slp|[from] move: Rest
|-heal|p2a: Matpat|100/100 slp|[silent]
|
|upkeep
|turn|12
|
|t:|1759068096
|switch|p1a: Torkoal|Torkoal, F|91/100
|-damage|p1a: Torkoal|66/100|[from] Stealth Rock
|-weather|SunnyDay|[from] ability: Drought|[of] p1a: Torkoal
|cant|p2a: Matpat|slp
|move|p2a: Matpat|Sleep Talk|p2a: Matpat
|move|p2a: Matpat|Curse|p2a: Matpat|[from] move: Sleep Talk
|-unboost|p2a: Matpat|spe|1
|-boost|p2a: Matpat|atk|1
|-boost|p2a: Matpat|def|1
|
|-weather|SunnyDay|[upkeep]
|upkeep
|turn|13
|
|t:|1759068110
|move|p1a: Torkoal|Lava Plume|p2a: Matpat
|-supereffective|p2a: Matpat
|-damage|p2a: Matpat|83/100 slp
|cant|p2a: Matpat|slp
|move|p2a: Matpat|Sleep Talk|p2a: Matpat
|move|p2a: Matpat|Body Press|p1a: Torkoal|[from] move: Sleep Talk
|-damage|p1a: Torkoal|28/100
|
|-weather|SunnyDay|[upkeep]
|-heal|p2a: Matpat|89/100 slp|[from] item: Leftovers
|upkeep
|turn|14
|
|t:|1759068124
|move|p1a: Torkoal|Rapid Spin|p2a: Matpat
|-damage|p2a: Matpat|87/100 slp
|-boost|p1a: Torkoal|spe|1
|-sideend|p1: 2314x|Stealth Rock|[from] move: Rapid Spin|[of] p1a: Torkoal
|-curestatus|p2a: Matpat|slp|[msg]
|move|p2a: Matpat|Body Press|p1a: Torkoal
|-damage|p1a: Torkoal|0 fnt
|faint|p1a: Torkoal
|
|-weather|SunnyDay|[upkeep]
|-heal|p2a: Matpat|93/100|[from] item: Leftovers
|upkeep
|
|t:|1759068143
|switch|p1a: Dragonite|Dragonite, F|100/100
|turn|15
|
|t:|1759068149
|move|p1a: Dragonite|Fire Punch|p2a: Matpat
|-supereffective|p2a: Matpat
|-damage|p2a: Matpat|55/100
|move|p2a: Matpat|Body Press|p1a: Dragonite
|-resisted|p1a: Dragonite
|-damage|p1a: Dragonite|83/100
|
|-weather|SunnyDay|[upkeep]
|-heal|p2a: Matpat|61/100|[from] item: Leftovers
|-sideend|p2: loulsaiyantests|move: Light Screen
|upkeep
|turn|16
|
|t:|1759068159
|move|p1a: Dragonite|Fire Punch|p2a: Matpat
|-supereffective|p2a: Matpat
|-damage|p2a: Matpat|27/100
|move|p2a: Matpat|Rest|p2a: Matpat
|-status|p2a: Matpat|slp|[from] move: Rest
|-heal|p2a: Matpat|100/100 slp|[silent]
|
|-weather|SunnyDay|[upkeep]
|upkeep
|turn|17
|
|t:|1759068168
|move|p1a: Dragonite|Fire Punch|p2a: Matpat
|-supereffective|p2a: Matpat
|-damage|p2a: Matpat|66/100 slp
|cant|p2a: Matpat|slp
|move|p2a: Matpat|Sleep Talk|p2a: Matpat
|move|p2a: Matpat|Curse|p2a: Matpat|[from] move: Sleep Talk
|-unboost|p2a: Matpat|spe|1
|-boost|p2a: Matpat|atk|1
|-boost|p2a: Matpat|def|1
|
|-weather|SunnyDay|[upkeep]
|-heal|p2a: Matpat|72/100 slp|[from] item: Leftovers
|upkeep
|turn|18
|
|t:|1759068182
|switch|p1a: Charizard|Charizard, M|51/100
|cant|p2a: Matpat|slp
|move|p2a: Matpat|Sleep Talk|p2a: Matpat
|move|p2a: Matpat|Body Press|p1a: Charizard|[from] move: Sleep Talk
|-resisted|p1a: Charizard
|-damage|p1a: Charizard|1/100
|
|-weather|SunnyDay|[upkeep]
|-damage|p1a: Charizard|0 fnt|[from] ability: Solar Power|[of] p1a: Charizard
|faint|p1a: Charizard
|-heal|p2a: Matpat|79/100 slp|[from] item: Leftovers
|upkeep
|-message|2314x forfeited.
|
|win|loulsaiyantests
|raw|2314x's rating: 1074 &rarr; <strong>1054</strong><br />(-20 for losing)
|raw|loulsaiyantests's rating: 1091 &rarr; <strong>1116</strong><br />(+25 for winning)
|l|☆2314x
|player|p1|
|c|☆loulsaiyantests|gg
