|j|☆Pityplatsch
|j|☆G_Enthusiast
|t:|1758989678
|gametype|singles
|player|p1|Pityplatsch|wallace|1104
|player|p2|G_Enthusiast|red|1147
|gen|9
|tier|[Gen 9] OU
|rated|
|rule|HP Percentage Mod: HP is shown in percentages
|rule|Endless Battle Clause: Forcing endless battles is banned
|rule|Species Clause: Limit one of each Pokémon
|rule|OHKO Clause: OHKO moves are banned
|rule|Evasion Items Clause: Evasion items are banned
|rule|Evasion Moves Clause: Evasion moves are banned
|rule|Evasion Abilities Clause: Evasion abilities are banned
|rule|Sleep Moves Clause: Sleep-inducing moves are banned
|clearpoke
|poke|p1|Alomomola, F|
|poke|p1|Hatterene, F|
|poke|p1|Gliscor, F|
|poke|p1|Comfey, F|
|poke|p1|Slowking-Galar, M|
|poke|p1|Latias, F|
|poke|p2|Charizard, F|
|poke|p2|Dragonite, M|
|poke|p2|Greninja-*, M|
|poke|p2|Venusaur, M|
|poke|p2|Blastoise, M|
|poke|p2|Lucario, F|
|teampreview
|inactive|Battle timer is ON: inactive players will automatically lose when time's up. (requested by G_Enthusiast)
|c|☆Pityplatsch|Glhf
|
|t:|1758989700
|teamsize|p1|6
|teamsize|p2|6
|start
|switch|p1a: Ruhepol|Alomomola, F, shiny|100/100
|switch|p2a: Blastoise|Blastoise, M|100/100
|turn|1
|c|☆Pityplatsch|My Classic friend
|
|t:|1758989710
|move|p2a: Blastoise|Shell Smash|p2a: Blastoise
|-unboost|p2a: Blastoise|def|1
|-unboost|p2a: Blastoise|spd|1
|-boost|p2a: Blastoise|atk|2
|-boost|p2a: Blastoise|spa|2
|-boost|p2a: Blastoise|spe|2
|move|p1a: Ruhepol|Whirlpool|p2a: Blastoise
|-resisted|p2a: Blastoise
|-damage|p2a: Blastoise|95/100
|-activate|p2a: Blastoise|move: Whirlpool|[of] p1a: Ruhepol
|
|-damage|p2a: Blastoise|83/100|[from] move: Whirlpool|[partiallytrapped]
|upkeep
|turn|2
|
|t:|1758989721
|move|p2a: Blastoise|Shell Smash|p2a: Blastoise
|-unboost|p2a: Blastoise|def|1
|-unboost|p2a: Blastoise|spd|1
|-boost|p2a: Blastoise|atk|2
|-boost|p2a: Blastoise|spa|2
|-boost|p2a: Blastoise|spe|2
|move|p1a: Ruhepol|Scald|p2a: Blastoise
|-resisted|p2a: Blastoise
|-damage|p2a: Blastoise|69/100
|
|-damage|p2a: Blastoise|56/100|[from] move: Whirlpool|[partiallytrapped]
|upkeep
|turn|3
|
|t:|1758989733
|move|p2a: Blastoise|Surf|p1a: Ruhepol
|-resisted|p1a: Ruhepol
|-damage|p1a: Ruhepol|28/100
|move|p1a: Ruhepol|Scald|p2a: Blastoise
|-resisted|p2a: Blastoise
|-damage|p2a: Blastoise|43/100
|
|-damage|p2a: Blastoise|30/100|[from] move: Whirlpool|[partiallytrapped]
|upkeep
|turn|4
|
|t:|1758989754
|switch|p1a: Good as Gold|Latias, F, shiny|100/100
|move|p2a: Blastoise|Surf|p1a: Good as Gold
|-resisted|p1a: Good as Gold
|-damage|p1a: Good as Gold|41/100
|
|-end|p2a: Blastoise|Whirlpool|[partiallytrapped]|[silent]
|upkeep
|turn|5
|
|t:|1758989765
|switch|p1a: Ruhepol|Alomomola, F, shiny|61/100
|move|p2a: Blastoise|Surf|p1a: Ruhepol
|-resisted|p1a: Ruhepol
|-damage|p1a: Ruhepol|0 fnt
|faint|p1a: Ruhepol
|
|upkeep
|
|t:|1758989773
|switch|p1a: Showtime Glow|Slowking-Galar, M|100/100
|turn|6
|
|t:|1758989777
|move|p2a: Blastoise|Surf|p1a: Showtime Glow
|-damage|p1a: Showtime Glow|0 fnt
|faint|p1a: Showtime Glow
|
|upkeep
|
|t:|1758989783
|switch|p1a: Light Crown|Comfey, F|100/100
|turn|7
|
|t:|1758989787
|move|p1a: Light Crown|Draining Kiss|p2a: Blastoise
|-crit|p2a: Blastoise
|-damage|p2a: Blastoise|0 fnt
|faint|p2a: Blastoise
|
|upkeep
|
|t:|1758989796
|switch|p2a: Venusaur|Venusaur, M|100/100
|turn|8
|
|t:|1758989802
|switch|p1a: Nachtwache|Gliscor, F|100/100
|move|p2a: Venusaur|Sludge Bomb|p1a: Nachtwache
|-resisted|p1a: Nachtwache
|-damage|p1a: Nachtwache|73/100
|
|-status|p1a: Nachtwache|tox|[from] item: Toxic Orb
|upkeep
|turn|9
|
|t:|1758989810
|move|p1a: Nachtwache|Swords Dance|p1a: Nachtwache
|-boost|p1a: Nachtwache|atk|2
|move|p2a: Venusaur|Giga Drain|p1a: Nachtwache
|-damage|p1a: Nachtwache|22/100 tox
|
|-heal|p1a: Nachtwache|35/100 tox|[from] ability: Poison Heal
|upkeep
|turn|10
|
|t:|1758989821
|move|p1a: Nachtwache|Earthquake|p2a: Venusaur
|-damage|p2a: Venusaur|0 fnt
|faint|p2a: Venusaur
|
|-heal|p1a: Nachtwache|47/100 tox|[from] ability: Poison Heal
|upkeep
|
|t:|1758989827
|switch|p2a: Greninja|Greninja, M|100/100
|turn|11
|
|t:|1758989842
|move|p2a: Greninja|Surf|p1a: Nachtwache
|-supereffective|p1a: Nachtwache
|-damage|p1a: Nachtwache|0 fnt
|faint|p1a: Nachtwache
|-ability|p2a: Greninja|Battle Bond|boost
|-boost|p2a: Greninja|atk|1
|-boost|p2a: Greninja|spa|1
|-boost|p2a: Greninja|spe|1
|-activate|p2a: Greninja|ability: Battle Bond
|-damage|p2a: Greninja|91/100|[from] item: Life Orb
|
|upkeep
|
|t:|1758989848
|switch|p1a: Light Crown|Comfey, F|100/100
|turn|12
|
|t:|1758989854
|move|p1a: Light Crown|Draining Kiss|p2a: Greninja
|-supereffective|p2a: Greninja
|-damage|p2a: Greninja|28/100
|move|p2a: Greninja|Surf|p1a: Light Crown
|-damage|p1a: Light Crown|26/100
|-damage|p2a: Greninja|18/100|[from] item: Life Orb
|
|-heal|p1a: Light Crown|33/100|[from] item: Leftovers
|upkeep
|turn|13
|
|t:|1758989863
|switch|p2a: Lucario|Lucario, F, shiny|100/100
|move|p1a: Light Crown|Draining Kiss|p2a: Lucario
|-crit|p2a: Lucario
|-damage|p2a: Lucario|46/100
|-heal|p1a: Light Crown|71/100|[from] drain|[of] p2a: Lucario
|
|-heal|p1a: Light Crown|77/100|[from] item: Leftovers
|upkeep
|turn|14
|
|t:|1758989874
|-terastallize|p1a: Light Crown|Ground
|move|p2a: Lucario|High Jump Kick|p1a: Light Crown
|-damage|p1a: Light Crown|0 fnt
|faint|p1a: Light Crown
|-damage|p2a: Lucario|36/100|[from] item: Life Orb
|
|upkeep
|
|t:|1758989882
|switch|p1a: Disturbia|Hatterene, F|100/100
|turn|15
|
|t:|1758989887
|move|p2a: Lucario|High Jump Kick|p1a: Disturbia
|-resisted|p1a: Disturbia
|-damage|p1a: Disturbia|77/100
|-damage|p2a: Lucario|26/100|[from] item: Life Orb
|move|p1a: Disturbia|Trick Room|p1a: Disturbia
|-fieldstart|move: Trick Room|[of] p1a: Disturbia
|
|upkeep
|turn|16
|
|t:|1758989896
|move|p1a: Disturbia|Dazzling Gleam|p2a: Lucario
|-damage|p2a: Lucario|0 fnt
|faint|p2a: Lucario
|-damage|p1a: Disturbia|67/100|[from] item: Life Orb
|
|upkeep
|
|t:|1758989903
|switch|p2a: Charizard|Charizard, F|100/100
|turn|17
|
|t:|1758989909
|move|p1a: Disturbia|Psychic|p2a: Charizard
|-damage|p2a: Charizard|9/100
|-damage|p1a: Disturbia|57/100|[from] item: Life Orb
|move|p2a: Charizard|Fire Blast|p1a: Disturbia
|-damage|p1a: Disturbia|0 fnt
|faint|p1a: Disturbia
|
|upkeep
|
|t:|1758989916
|switch|p1a: Good as Gold|Latias, F, shiny|41/100
|turn|18
|
|t:|1758989941
|-terastallize|p2a: Charizard|Fairy
|move|p1a: Good as Gold|Recover|p1a: Good as Gold
|-heal|p1a: Good as Gold|91/100
|move|p2a: Charizard|Tera Blast|p1a: Good as Gold|[anim] Tera Blast Fairy
|-supereffective|p1a: Good as Gold
|-damage|p1a: Good as Gold|35/100
|
|upkeep
|turn|19
|inactive|G_Enthusiast has 120 seconds left.
|
|t:|1758989964
|switch|p2a: Greninja|Greninja, M|18/100
|move|p1a: Good as Gold|Mist Ball|p2a: Greninja
|-immune|p2a: Greninja
|
|-fieldend|move: Trick Room
|upkeep
|turn|20
|
|t:|1758989973
|move|p2a: Greninja|Dark Pulse|p1a: Good as Gold
|-supereffective|p1a: Good as Gold
|-damage|p1a: Good as Gold|0 fnt
|faint|p1a: Good as Gold
|-damage|p2a: Greninja|8/100|[from] item: Life Orb
|
|win|G_Enthusiast
|raw|Pityplatsch's rating: 1104 &rarr; <strong>1082</strong><br />(-22 for losing)
|raw|G_Enthusiast's rating: 1147 &rarr; <strong>1169</strong><br />(+22 for winning)
|c|☆Pityplatsch|Gg
|c|☆G_Enthusiast|gg
