|j|☆findmyhair
|j|☆fcd15936
|t:|1758982135
|gametype|singles
|player|p1|findmyhair|acetrainercouple|1103
|player|p2|fcd15936|101|1095
|gen|9
|tier|[Gen 9] OU
|rated|
|rule|HP Percentage Mod: HP is shown in percentages
|rule|Endless Battle Clause: Forcing endless battles is banned
|rule|Species Clause: Limit one of each Pokémon
|rule|OHKO Clause: OHKO moves are banned
|rule|Evasion Items Clause: Evasion items are banned
|rule|Evasion Moves Clause: Evasion moves are banned
|rule|Evasion Abilities Clause: Evasion abilities are banned
|rule|Sleep Moves Clause: Sleep-inducing moves are banned
|clearpoke
|poke|p1|Cresselia, F|
|poke|p1|Slowking-Galar, M|
|poke|p1|Iron Hands|
|poke|p1|Ursaluna, F|
|poke|p1|Crawdaunt, M|
|poke|p1|Klefki, M|
|poke|p2|Torkoal, F|
|poke|p2|Hatterene, F|
|poke|p2|Raging Bolt|
|poke|p2|Slither Wing|
|poke|p2|Venusaur, M|
|poke|p2|Walking Wake|
|teampreview
|inactive|Battle timer is ON: inactive players will automatically lose when time's up. (requested by findmyhair)
|
|t:|1758982140
|teamsize|p1|6
|teamsize|p2|6
|start
|switch|p1a: Klefki|Klefki, M|100/100
|switch|p2a: Torkoal|Torkoal, F|100/100
|-weather|SunnyDay|[from] ability: Drought|[of] p2a: Torkoal
|turn|1
|j| GruesomeLovelies
|
|t:|1758982151
|switch|p2a: Hatterene|Hatterene, F|100/100
|-item|p2a: Hatterene|Air Balloon
|move|p1a: Klefki|Reflect|p1a: Klefki
|-sidestart|p1: findmyhair|Reflect
|
|-weather|SunnyDay|[upkeep]
|upkeep
|turn|2
|
|t:|1758982177
|move|p1a: Klefki|Light Screen|p1a: Klefki
|-sidestart|p1: findmyhair|move: Light Screen
|move|p2a: Hatterene|Trick Room|p2a: Hatterene
|-fieldstart|move: Trick Room|[of] p2a: Hatterene
|
|-weather|SunnyDay|[upkeep]
|upkeep
|turn|3
|
|t:|1758982188
|switch|p2a: Raging Bolt|Raging Bolt|100/100
|-activate|p2a: Raging Bolt|ability: Protosynthesis
|-start|p2a: Raging Bolt|protosynthesisspa
|switch|p1a: Crawdaunt|Crawdaunt, M|100/100
|
|-weather|SunnyDay|[upkeep]
|upkeep
|turn|4
|
|t:|1758982198
|move|p1a: Crawdaunt|Knock Off|p2a: Raging Bolt
|-damage|p2a: Raging Bolt|19/100
|-enditem|p2a: Raging Bolt|Life Orb|[from] move: Knock Off|[of] p1a: Crawdaunt
|-damage|p1a: Crawdaunt|90/100|[from] item: Life Orb
|move|p2a: Raging Bolt|Solar Beam||[still]
|-prepare|p2a: Raging Bolt|Solar Beam
|-anim|p2a: Raging Bolt|Solar Beam|p1a: Crawdaunt
|-supereffective|p1a: Crawdaunt
|-damage|p1a: Crawdaunt|0 fnt
|faint|p1a: Crawdaunt
|
|-weather|SunnyDay|[upkeep]
|upkeep
|
|t:|1758982213
|switch|p1a: Ursaluna|Ursaluna, F|100/100
|turn|5
|
|t:|1758982227
|-terastallize|p2a: Raging Bolt|Ghost
|move|p1a: Ursaluna|Earthquake|p2a: Raging Bolt
|-damage|p2a: Raging Bolt|0 fnt
|faint|p2a: Raging Bolt
|-end|p2a: Raging Bolt|Protosynthesis|[silent]
|
|-weather|SunnyDay|[upkeep]
|-status|p1a: Ursaluna|brn|[from] item: Flame Orb
|upkeep
|
|t:|1758982235
|switch|p2a: Venusaur|Venusaur, M|100/100
|turn|6
|
|t:|1758982245
|move|p1a: Ursaluna|Facade|p2a: Venusaur
|-damage|p2a: Venusaur|0 fnt
|faint|p2a: Venusaur
|
|-weather|SunnyDay|[upkeep]
|-damage|p1a: Ursaluna|94/100 brn|[from] brn
|-fieldend|move: Trick Room
|upkeep
|-message|fcd15936 forfeited.
|
|win|findmyhair
|raw|findmyhair's rating: 1103 &rarr; <strong>1127</strong><br />(+24 for winning)
|raw|fcd15936's rating: 1095 &rarr; <strong>1071</strong><br />(-24 for losing)
|l|☆fcd15936
|player|p2|
