|j|☆adian
|j|☆lpdfwfwfw
|t:|1758949983
|gametype|singles
|player|p1|adian|harlequin|1294
|player|p2|lpdfwfwfw|dawn-gen4pt|1296
|gen|9
|tier|[Gen 9] OU
|rated|
|rule|HP Percentage Mod: HP is shown in percentages
|rule|Endless Battle Clause: Forcing endless battles is banned
|rule|Species Clause: Limit one of each Pokémon
|rule|OHKO Clause: OHKO moves are banned
|rule|Evasion Items Clause: Evasion items are banned
|rule|Evasion Moves Clause: Evasion moves are banned
|rule|Evasion Abilities Clause: Evasion abilities are banned
|rule|Sleep Moves Clause: Sleep-inducing moves are banned
|clearpoke
|poke|p1|Deoxys-Speed|
|poke|p1|Ceruledge, M|
|poke|p1|Great Tusk|
|poke|p1|Zamazenta-*|
|poke|p1|Iron Valiant|
|poke|p1|Gholdengo|
|poke|p2|Zapdos|
|poke|p2|Basculegion, M|
|poke|p2|Pelipper, F|
|poke|p2|Greninja-*, M|
|poke|p2|Sandy Shocks|
|poke|p2|Scizor, M|
|teampreview
|inactive|Battle timer is ON: inactive players will automatically lose when time's up. (requested by lpdfwfwfw)
|
|t:|1758949998
|teamsize|p1|6
|teamsize|p2|6
|start
|switch|p1a: Deoxys|Deoxys-Speed|100/100
|switch|p2a: Sandy Shocks|Sandy Shocks|100/100
|-ability|p1a: Deoxys|Pressure
|-enditem|p2a: Sandy Shocks|Booster Energy
|-activate|p2a: Sandy Shocks|ability: Protosynthesis|[fromitem]
|-start|p2a: Sandy Shocks|protosynthesisspe
|turn|1
|
|t:|1758950010
|move|p1a: Deoxys|Psycho Boost|p2a: Sandy Shocks
|-damage|p2a: Sandy Shocks|24/100
|-unboost|p1a: Deoxys|spa|2
|move|p2a: Sandy Shocks|Stealth Rock|p1a: Deoxys
|-sidestart|p1: adian|move: Stealth Rock
|
|upkeep
|turn|2
|
|t:|1758950023
|-end|p2a: Sandy Shocks|Protosynthesis|[silent]
|switch|p2a: Greninja|Greninja, M|100/100
|move|p1a: Deoxys|Light Screen|p1a: Deoxys
|-sidestart|p1: adian|move: Light Screen
|
|upkeep
|turn|3
|
|t:|1758950030
|move|p1a: Deoxys|Reflect|p1a: Deoxys
|-sidestart|p1: adian|Reflect
|move|p2a: Greninja|Dark Pulse|p1a: Deoxys
|-supereffective|p1a: Deoxys
|-damage|p1a: Deoxys|25/100
|-damage|p2a: Greninja|91/100|[from] item: Life Orb
|
|upkeep
|turn|4
|
|t:|1758950039
|switch|p1a: Great Tusk|Great Tusk|100/100
|-damage|p1a: Great Tusk|98/100|[from] Stealth Rock
|-enditem|p1a: Great Tusk|Booster Energy
|-activate|p1a: Great Tusk|ability: Protosynthesis|[fromitem]
|-start|p1a: Great Tusk|protosynthesisspe
|move|p2a: Greninja|Dark Pulse|p1a: Great Tusk
|-resisted|p1a: Great Tusk
|-damage|p1a: Great Tusk|80/100
|-damage|p2a: Greninja|81/100|[from] item: Life Orb
|
|upkeep
|turn|5
|
|t:|1758950058
|switch|p2a: Pelipper|Pelipper, F|100/100
|-weather|RainDance|[from] ability: Drizzle|[of] p2a: Pelipper
|move|p1a: Great Tusk|Rapid Spin|p2a: Pelipper
|-damage|p2a: Pelipper|86/100
|-boost|p1a: Great Tusk|spe|1
|-sideend|p1: adian|Stealth Rock|[from] move: Rapid Spin|[of] p1a: Great Tusk
|
|-weather|RainDance|[upkeep]
|upkeep
|turn|6
|
|t:|1758950069
|-end|p1a: Great Tusk|Protosynthesis|[silent]
|switch|p1a: Deoxys|Deoxys-Speed|25/100
|-ability|p1a: Deoxys|Pressure
|move|p2a: Pelipper|Hurricane|p1a: Deoxys
|-damage|p1a: Deoxys|0 fnt
|faint|p1a: Deoxys
|
|-weather|RainDance|[upkeep]
|upkeep
|c|☆lpdfwfwfw|hello
|c|☆lpdfwfwfw|we fight again
|inactive|adian has 120 seconds left.
|
|t:|1758950120
|switch|p1a: Gholdengo|Gholdengo|100/100
|-item|p1a: Gholdengo|Air Balloon
|turn|7
|
|t:|1758950148
|move|p1a: Gholdengo|Shadow Ball|p2a: Pelipper
|-damage|p2a: Pelipper|28/100
|move|p2a: Pelipper|U-turn|p1a: Gholdengo
|-resisted|p1a: Gholdengo
|-damage|p1a: Gholdengo|99/100
|-enditem|p1a: Gholdengo|Air Balloon
|
|t:|1758950157
|switch|p2a: Basculegion|Basculegion, M|100/100|[from] U-turn
|
|-weather|RainDance|[upkeep]
|upkeep
|turn|8
|
|t:|1758950165
|-terastallize|p2a: Basculegion|Water
|move|p2a: Basculegion|Wave Crash|p1a: Gholdengo
|-damage|p1a: Gholdengo|0 fnt
|faint|p1a: Gholdengo
|-damage|p2a: Basculegion|74/100|[from] Recoil
|
|-weather|RainDance|[upkeep]
|upkeep
|
|t:|1758950175
|switch|p1a: Ceruledge|Ceruledge, M|100/100
|turn|9
|
|t:|1758950183
|move|p2a: Basculegion|Wave Crash|p1a: Ceruledge
|-supereffective|p1a: Ceruledge
|-enditem|p1a: Ceruledge|Focus Sash
|-damage|p1a: Ceruledge|1/100
|-ability|p1a: Ceruledge|Weak Armor|boost
|-unboost|p1a: Ceruledge|def|1
|-boost|p1a: Ceruledge|spe|2
|-damage|p2a: Basculegion|48/100|[from] Recoil
|move|p1a: Ceruledge|Swords Dance|p1a: Ceruledge
|-boost|p1a: Ceruledge|atk|2
|
|-weather|RainDance|[upkeep]
|-sideend|p1: adian|move: Light Screen
|upkeep
|turn|10
|inactive|adian has 120 seconds left.
|
|t:|1758950204
|move|p1a: Ceruledge|Shadow Sneak|p2a: Basculegion
|-damage|p2a: Basculegion|0 fnt
|faint|p2a: Basculegion
|
|-weather|RainDance|[upkeep]
|-sideend|p1: adian|Reflect
|upkeep
|
|t:|1758950214
|switch|p2a: Greninja|Greninja, M|81/100
|turn|11
|
|t:|1758950220
|-terastallize|p1a: Ceruledge|Ghost
|move|p1a: Ceruledge|Shadow Sneak|p2a: Greninja
|-resisted|p2a: Greninja
|-damage|p2a: Greninja|28/100
|move|p2a: Greninja|Water Shuriken|p1a: Ceruledge
|-damage|p1a: Ceruledge|0 fnt
|faint|p1a: Ceruledge
|-ability|p2a: Greninja|Battle Bond|boost
|-boost|p2a: Greninja|atk|1
|-boost|p2a: Greninja|spa|1
|-boost|p2a: Greninja|spe|1
|-activate|p2a: Greninja|ability: Battle Bond
|-hitcount|p1: Ceruledge|1
|-damage|p2a: Greninja|18/100|[from] item: Life Orb
|
|-weather|RainDance|[upkeep]
|upkeep
|inactive|adian has 120 seconds left.
|-message|adian forfeited.
|
|win|lpdfwfwfw
|raw|adian's rating: 1294 &rarr; <strong>1269</strong><br />(-25 for losing)
|raw|lpdfwfwfw's rating: 1296 &rarr; <strong>1321</strong><br />(+25 for winning)
|l|☆adian
|player|p1|
|l|☆lpdfwfwfw
|player|p2|
