|j|☆lullaby disk
|j|☆Devn07
|t:|1759047712
|gametype|singles
|player|p1|lullaby disk|roxie-masters|1429
|player|p2|Devn07|102|1349
|gen|9
|tier|[Gen 9] OU
|rated|
|rule|HP Percentage Mod: HP is shown in percentages
|rule|Endless Battle Clause: Forcing endless battles is banned
|rule|Species Clause: Limit one of each Pokémon
|rule|OHKO Clause: OHKO moves are banned
|rule|Evasion Items Clause: Evasion items are banned
|rule|Evasion Moves Clause: Evasion moves are banned
|rule|Evasion Abilities Clause: Evasion abilities are banned
|rule|Sleep Moves Clause: Sleep-inducing moves are banned
|clearpoke
|poke|p1|Tyranitar, F|
|poke|p1|Excadrill, F|
|poke|p1|Ogerpon-Wellspring, F|
|poke|p1|Corviknight, F|
|poke|p1|Iron Valiant|
|poke|p1|Raging Bolt|
|poke|p2|Pelipper, M|
|poke|p2|Barraskewda, M|
|poke|p2|Quaquaval, F|
|poke|p2|Slowking-Galar, M|
|poke|p2|Iron Valiant|
|poke|p2|Garganacl, F|
|teampreview
|inactive|Battle timer is ON: inactive players will automatically lose when time's up. (requested by Devn07)
|
|t:|1759047754
|teamsize|p1|6
|teamsize|p2|6
|start
|switch|p1a: Tyranitar|Tyranitar, F|100/100
|switch|p2a: Iron Valiant|Iron Valiant, shiny|100/100
|-weather|Sandstorm|[from] ability: Sand Stream|[of] p1a: Tyranitar
|turn|1
|inactive|Devn07 has 120 seconds left.
|
|t:|1759047795
|-end|p2a: Iron Valiant|Quark Drive|[silent]
|switch|p2a: Pelipper|Pelipper, M|100/100
|-weather|RainDance|[from] ability: Drizzle|[of] p2a: Pelipper
|switch|p1a: Corviknight|Corviknight, F|100/100
|-ability|p1a: Corviknight|Pressure
|
|-weather|RainDance|[upkeep]
|upkeep
|turn|2
|inactive|lullaby disk has 120 seconds left.
|
|t:|1759047815
|move|p2a: Pelipper|U-turn|p1a: Corviknight
|-resisted|p1a: Corviknight
|-crit|p1a: Corviknight
|-damage|p1a: Corviknight|98/100
|-damage|p2a: Pelipper|84/100|[from] item: Rocky Helmet|[of] p1a: Corviknight
|
|t:|1759047821
|switch|p2a: Garganacl|Garganacl, F|100/100|[from] U-turn
|move|p1a: Corviknight|U-turn|p2a: Garganacl
|-damage|p2a: Garganacl|93/100
|inactive|lullaby disk has 120 seconds left.
|
|t:|1759047830
|switch|p1a: Ogerpon|Ogerpon-Wellspring, F|100/100|[from] U-turn
|
|-weather|RainDance|[upkeep]
|-heal|p2a: Garganacl|99/100|[from] item: Leftovers
|upkeep
|turn|3
|inactive|lullaby disk has 120 seconds left.
|inactive|Devn07 has 120 seconds left.
|inactive|Devn07 has 90 seconds left.
|
|t:|1759047870
|switch|p2a: Pelipper|Pelipper, M|84/100
|move|p1a: Ogerpon|Ivy Cudgel|p2a: Pelipper|[anim] Ivy Cudgel Water
|-resisted|p2a: Pelipper
|-damage|p2a: Pelipper|39/100
|
|-weather|RainDance|[upkeep]
|upkeep
|turn|4
|inactive|Devn07 has 90 seconds left.
|
|t:|1759047886
|switch|p2a: Quaquaval|Quaquaval, F|100/100
|move|p1a: Ogerpon|Ivy Cudgel|p2a: Quaquaval|[anim] Ivy Cudgel Water
|-resisted|p2a: Quaquaval
|-damage|p2a: Quaquaval|37/100
|
|-weather|RainDance|[upkeep]
|upkeep
|turn|5
|
|t:|1759047899
|move|p1a: Ogerpon|Ivy Cudgel|p2a: Quaquaval|[anim] Ivy Cudgel Water
|-resisted|p2a: Quaquaval
|-damage|p2a: Quaquaval|0 fnt
|faint|p2a: Quaquaval
|
|-weather|RainDance|[upkeep]
|upkeep
|inactive|Devn07 has 90 seconds left.
|
|t:|1759047918
|switch|p2a: Garganacl|Garganacl, F|99/100
|turn|6
|inactive|lullaby disk has 120 seconds left.
|
|t:|1759047943
|-terastallize|p1a: Ogerpon|Water
|detailschange|p1a: Ogerpon|Ogerpon-Wellspring-Tera, F, tera:Water
|-ability|p1a: Ogerpon|Embody Aspect (Wellspring)|boost
|-boost|p1a: Ogerpon|spd|1
|-terastallize|p2a: Garganacl|Flying
|move|p1a: Ogerpon|Ivy Cudgel|p2a: Garganacl|[anim] Ivy Cudgel Water
|-damage|p2a: Garganacl|40/100
|move|p2a: Garganacl|Salt Cure|p1a: Ogerpon
|-damage|p1a: Ogerpon|81/100
|-start|p1a: Ogerpon|Salt Cure
|
|-weather|RainDance|[upkeep]
|-heal|p2a: Garganacl|46/100|[from] item: Leftovers
|-damage|p1a: Ogerpon|56/100|[from] Salt Cure
|upkeep
|turn|7
|inactive|lullaby disk has 120 seconds left.
|inactive|Devn07 has 90 seconds left.
|
|t:|1759047959
|move|p2a: Garganacl|Protect|p2a: Garganacl
|-singleturn|p2a: Garganacl|Protect
|move|p1a: Ogerpon|U-turn|p2a: Garganacl
|-activate|p2a: Garganacl|move: Protect
|
|-weather|RainDance|[upkeep]
|-heal|p2a: Garganacl|52/100|[from] item: Leftovers
|-damage|p1a: Ogerpon|31/100|[from] Salt Cure
|upkeep
|turn|8
|inactive|Devn07 has 90 seconds left.
|
|t:|1759047992
|switch|p2a: Pelipper|Pelipper, M|39/100
|move|p1a: Ogerpon|U-turn|p2a: Pelipper
|-resisted|p2a: Pelipper
|-damage|p2a: Pelipper|23/100
|inactive|lullaby disk has 120 seconds left.
|
|t:|1759048027
|switch|p1a: Excadrill|Excadrill, F|100/100|[from] U-turn
|
|-weather|none
|upkeep
|turn|9
|
|t:|1759048036
|switch|p2a: Garganacl|Garganacl, F, tera:Flying|52/100
|move|p1a: Excadrill|Iron Head|p2a: Garganacl
|-damage|p2a: Garganacl|19/100
|
|-heal|p2a: Garganacl|25/100|[from] item: Leftovers
|upkeep
|turn|10
|
|t:|1759048041
|move|p2a: Garganacl|Protect|p2a: Garganacl
|-singleturn|p2a: Garganacl|Protect
|move|p1a: Excadrill|Iron Head|p2a: Garganacl
|-activate|p2a: Garganacl|move: Protect
|
|-heal|p2a: Garganacl|31/100|[from] item: Leftovers
|upkeep
|turn|11
|inactive|Devn07 has 90 seconds left.
|
|t:|1759048071
|switch|p1a: Tyranitar|Tyranitar, F|100/100
|-weather|Sandstorm|[from] ability: Sand Stream|[of] p1a: Tyranitar
|move|p2a: Garganacl|Recover|p2a: Garganacl
|-heal|p2a: Garganacl|81/100
|
|-weather|Sandstorm|[upkeep]
|-damage|p2a: Garganacl|75/100|[from] Sandstorm
|-heal|p2a: Garganacl|81/100|[from] item: Leftovers
|upkeep
|turn|12
|inactive|lullaby disk has 120 seconds left.
|
|t:|1759048082
|switch|p2a: Pelipper|Pelipper, M|23/100
|-weather|RainDance|[from] ability: Drizzle|[of] p2a: Pelipper
|move|p1a: Tyranitar|Stone Edge|p2a: Pelipper
|-supereffective|p2a: Pelipper
|-damage|p2a: Pelipper|0 fnt
|faint|p2a: Pelipper
|
|-weather|RainDance|[upkeep]
|upkeep
|
|t:|1759048087
|switch|p2a: Barraskewda|Barraskewda, M, shiny|100/100
|turn|13
|
|t:|1759048091
|switch|p1a: Ogerpon|Ogerpon-Wellspring-Tera, F, tera:Water|31/100
|-ability|p1a: Ogerpon|Embody Aspect (Wellspring)|boost
|-boost|p1a: Ogerpon|spd|1
|move|p2a: Barraskewda|Close Combat|p1a: Ogerpon
|-damage|p1a: Ogerpon|0 fnt
|-unboost|p2a: Barraskewda|def|1
|-unboost|p2a: Barraskewda|spd|1
|faint|p1a: Ogerpon
|detailschange|p1: Ogerpon|Ogerpon-Wellspring, F|[silent]
|
|-weather|RainDance|[upkeep]
|upkeep
|
|t:|1759048100
|switch|p1a: Raging Bolt|Raging Bolt|100/100
|turn|14
|
|t:|1759048112
|switch|p2a: Slowking|Slowking-Galar, M|100/100
|move|p1a: Raging Bolt|Thunderclap||[still]
|-fail|p1a: Raging Bolt
|
|-weather|RainDance|[upkeep]
|upkeep
|turn|15
|
|t:|1759048131
|-end|p1a: Raging Bolt|Protosynthesis|[silent]
|switch|p1a: Tyranitar|Tyranitar, F|100/100
|-weather|Sandstorm|[from] ability: Sand Stream|[of] p1a: Tyranitar
|move|p2a: Slowking|Ice Beam|p1a: Tyranitar
|-damage|p1a: Tyranitar|92/100
|
|-weather|Sandstorm|[upkeep]
|-damage|p2a: Slowking|94/100|[from] Sandstorm
|upkeep
|turn|16
|inactive|lullaby disk has 120 seconds left.
|
|t:|1759048162
|switch|p2a: Iron Valiant|Iron Valiant, shiny|100/100
|move|p1a: Tyranitar|Knock Off|p2a: Iron Valiant
|-resisted|p2a: Iron Valiant
|-damage|p2a: Iron Valiant|87/100
|-enditem|p2a: Iron Valiant|Choice Specs|[from] move: Knock Off|[of] p1a: Tyranitar
|
|-weather|Sandstorm|[upkeep]
|-damage|p2a: Iron Valiant|81/100|[from] Sandstorm
|upkeep
|turn|17
|
|t:|1759048172
|switch|p1a: Corviknight|Corviknight, F|98/100
|-ability|p1a: Corviknight|Pressure
|move|p2a: Iron Valiant|Vacuum Wave|p1a: Corviknight
|-damage|p1a: Corviknight|79/100
|
|-weather|Sandstorm|[upkeep]
|-damage|p2a: Iron Valiant|75/100|[from] Sandstorm
|upkeep
|turn|18
|
|t:|1759048181
|move|p2a: Iron Valiant|Shadow Ball|p1a: Corviknight
|-damage|p1a: Corviknight|54/100
|-unboost|p1a: Corviknight|spd|1
|move|p1a: Corviknight|U-turn|p2a: Iron Valiant
|-resisted|p2a: Iron Valiant
|-damage|p2a: Iron Valiant|70/100
|
|t:|1759048190
|switch|p1a: Excadrill|Excadrill, F|100/100|[from] U-turn
|
|-weather|Sandstorm|[upkeep]
|-damage|p2a: Iron Valiant|64/100|[from] Sandstorm
|upkeep
|turn|19
|inactive|Devn07 has 120 seconds left.
|
|t:|1759048209
|move|p1a: Excadrill|Iron Head|p2a: Iron Valiant
|-supereffective|p2a: Iron Valiant
|-damage|p2a: Iron Valiant|0 fnt
|faint|p2a: Iron Valiant
|-end|p2a: Iron Valiant|Quark Drive|[silent]
|
|-weather|Sandstorm|[upkeep]
|upkeep
|
|t:|1759048216
|switch|p2a: Garganacl|Garganacl, F, tera:Flying|81/100
|turn|20
|
|t:|1759048219
|move|p1a: Excadrill|Iron Head|p2a: Garganacl
|-damage|p2a: Garganacl|49/100
|move|p2a: Garganacl|Salt Cure|p1a: Excadrill
|-resisted|p1a: Excadrill
|-damage|p1a: Excadrill|96/100
|-start|p1a: Excadrill|Salt Cure
|
|-weather|Sandstorm|[upkeep]
|-damage|p2a: Garganacl|43/100|[from] Sandstorm
|-heal|p2a: Garganacl|49/100|[from] item: Leftovers
|-damage|p1a: Excadrill|71/100|[from] Salt Cure
|upkeep
|turn|21
|inactive|Devn07 has 120 seconds left.
|
|t:|1759048241
|switch|p1a: Raging Bolt|Raging Bolt|100/100
|move|p2a: Garganacl|Recover|p2a: Garganacl
|-heal|p2a: Garganacl|99/100
|
|-weather|Sandstorm|[upkeep]
|-damage|p1a: Raging Bolt|94/100|[from] Sandstorm
|-damage|p2a: Garganacl|93/100|[from] Sandstorm
|-heal|p2a: Garganacl|99/100|[from] item: Leftovers
|upkeep
|turn|22
|inactive|lullaby disk has 120 seconds left.
|
|t:|1759048277
|move|p2a: Garganacl|Protect|p2a: Garganacl
|-singleturn|p2a: Garganacl|Protect
|move|p1a: Raging Bolt|Thunderbolt|p2a: Garganacl
|-activate|p2a: Garganacl|move: Protect
|
|-weather|none
|-heal|p2a: Garganacl|100/100|[from] item: Leftovers
|upkeep
|turn|23
|inactive|Devn07 has 120 seconds left.
|
|t:|1759048291
|move|p1a: Raging Bolt|Thunderbolt|p2a: Garganacl
|-supereffective|p2a: Garganacl
|-damage|p2a: Garganacl|0 fnt
|faint|p2a: Garganacl
|
|upkeep
|
|t:|1759048296
|switch|p2a: Slowking|Slowking-Galar, M|100/100
|turn|24
|
|t:|1759048299
|move|p1a: Raging Bolt|Thunderbolt|p2a: Slowking
|-damage|p2a: Slowking|70/100
|move|p2a: Slowking|Shadow Ball|p1a: Raging Bolt
|-damage|p1a: Raging Bolt|75/100
|-unboost|p1a: Raging Bolt|spd|1
|
|upkeep
|turn|25
|
|t:|1759048305
|move|p1a: Raging Bolt|Thunderbolt|p2a: Slowking
|-damage|p2a: Slowking|36/100
|move|p2a: Slowking|Ice Beam|p1a: Raging Bolt
|-supereffective|p1a: Raging Bolt
|-damage|p1a: Raging Bolt|5/100
|
|upkeep
|turn|26
|
|t:|1759048317
|move|p1a: Raging Bolt|Thunderbolt|p2a: Slowking
|-damage|p2a: Slowking|6/100
|move|p2a: Slowking|Sludge Bomb|p1a: Raging Bolt
|-damage|p1a: Raging Bolt|0 fnt
|faint|p1a: Raging Bolt
|-end|p1a: Raging Bolt|Protosynthesis|[silent]
|
|upkeep
|inactive|lullaby disk has 120 seconds left.
|
|t:|1759048363
|switch|p1a: Tyranitar|Tyranitar, F|92/100
|-weather|Sandstorm|[from] ability: Sand Stream|[of] p1a: Tyranitar
|turn|27
|
|t:|1759048371
|switch|p2a: Barraskewda|Barraskewda, M, shiny|100/100
|move|p1a: Tyranitar|Knock Off|p2a: Barraskewda
|-damage|p2a: Barraskewda|18/100
|-enditem|p2a: Barraskewda|Choice Band|[from] move: Knock Off|[of] p1a: Tyranitar
|
|-weather|Sandstorm|[upkeep]
|-damage|p2a: Barraskewda|12/100|[from] Sandstorm
|upkeep
|turn|28
|
|t:|1759048376
|move|p2a: Barraskewda|Close Combat|p1a: Tyranitar
|-supereffective|p1a: Tyranitar
|-damage|p1a: Tyranitar|0 fnt
|-unboost|p2a: Barraskewda|def|1
|-unboost|p2a: Barraskewda|spd|1
|faint|p1a: Tyranitar
|
|-weather|Sandstorm|[upkeep]
|-damage|p2a: Barraskewda|6/100|[from] Sandstorm
|upkeep
|
|t:|1759048385
|switch|p1a: Excadrill|Excadrill, F|71/100
|turn|29
|inactive|lullaby disk has 120 seconds left.
|
|t:|1759048393
|move|p1a: Excadrill|Earthquake|p2a: Barraskewda
|-damage|p2a: Barraskewda|0 fnt
|faint|p2a: Barraskewda
|
|-weather|Sandstorm|[upkeep]
|upkeep
|
|t:|1759048396
|switch|p2a: Slowking|Slowking-Galar, M|39/100
|turn|30
|
|t:|1759048400
|move|p1a: Excadrill|Earthquake|p2a: Slowking
|-supereffective|p2a: Slowking
|-damage|p2a: Slowking|0 fnt
|faint|p2a: Slowking
|
|win|lullaby disk
|raw|lullaby disk's rating: 1429 &rarr; <strong>1444</strong><br />(+15 for winning)
|raw|Devn07's rating: 1349 &rarr; <strong>1334</strong><br />(-15 for losing)
