|j|☆YumeKasumi76
|j|☆Sotokillerou
|t:|1759058766
|gametype|singles
|player|p1|YumeKasumi76|265|1433
|player|p2|Sotokillerou|lucas|1418
|gen|9
|tier|[Gen 9] OU
|rated|
|rule|HP Percentage Mod: HP is shown in percentages
|rule|Endless Battle Clause: Forcing endless battles is banned
|rule|Species Clause: Limit one of each Pokémon
|rule|OHKO Clause: OHKO moves are banned
|rule|Evasion Items Clause: Evasion items are banned
|rule|Evasion Moves Clause: Evasion moves are banned
|rule|Evasion Abilities Clause: Evasion abilities are banned
|rule|Sleep Moves Clause: Sleep-inducing moves are banned
|clearpoke
|poke|p1|Cobalion|
|poke|p1|Weezing-Galar, M|
|poke|p1|Lokix, F|
|poke|p1|Arboliva, M|
|poke|p1|Ceruledge, F|
|poke|p1|Latios, M|
|poke|p2|Samurott-Hisui, F|
|poke|p2|Tornadus-Therian, M|
|poke|p2|Pecharunt|
|poke|p2|Great Tusk|
|poke|p2|Clefable, M|
|poke|p2|Zamazenta-*|
|teampreview
|inactive|Battle timer is ON: inactive players will automatically lose when time's up. (requested by YumeKasumi76)
|inactive|Sotokillerou also wants the timer to be on.
|
|t:|1759058801
|teamsize|p1|6
|teamsize|p2|6
|start
|switch|p1a: M'affald|Weezing-Galar, M|100/100
|switch|p2a: Pecharunt|Pecharunt|100/100
|-ability|p1a: M'affald|Neutralizing Gas
|turn|1
|
|t:|1759058811
|-end|p1a: M'affald|ability: Neutralizing Gas
|switch|p1a: Ironhyde|Cobalion|100/100
|move|p2a: Pecharunt|Parting Shot|p1a: Ironhyde
|-unboost|p1a: Ironhyde|atk|1
|-unboost|p1a: Ironhyde|spa|1
|
|t:|1759058824
|switch|p2a: Tornadus|Tornadus-Therian, M|100/100|[from] Parting Shot
|
|upkeep
|turn|2
|
|t:|1759058831
|switch|p1a: Jalter|Ceruledge, F|100/100
|move|p2a: Tornadus|Nasty Plot|p2a: Tornadus
|-boost|p2a: Tornadus|spa|2
|
|upkeep
|turn|3
|
|t:|1759058842
|move|p2a: Tornadus|Bleakwind Storm|p1a: Jalter
|-damage|p1a: Jalter|1/100
|-damage|p2a: Tornadus|91/100|[from] item: Life Orb
|move|p1a: Jalter|Bitter Blade|p2a: Tornadus
|-damage|p2a: Tornadus|39/100
|-heal|p1a: Jalter|24/100|[from] drain|[of] p2a: Tornadus
|
|-heal|p1a: Jalter|30/100|[from] item: Leftovers
|upkeep
|turn|4
|
|t:|1759058863
|move|p1a: Jalter|Shadow Sneak|p2a: Tornadus
|-damage|p2a: Tornadus|16/100
|move|p2a: Tornadus|Bleakwind Storm|p1a: Jalter|[miss]
|-miss|p2a: Tornadus|p1a: Jalter
|
|-heal|p1a: Jalter|36/100|[from] item: Leftovers
|upkeep
|turn|5
|
|t:|1759058876
|move|p2a: Tornadus|Bleakwind Storm|p1a: Jalter|[miss]
|-miss|p2a: Tornadus|p1a: Jalter
|move|p1a: Jalter|Bitter Blade|p2a: Tornadus
|-damage|p2a: Tornadus|0 fnt
|-heal|p1a: Jalter|43/100|[from] drain|[of] p2a: Tornadus
|faint|p2a: Tornadus
|
|-heal|p1a: Jalter|49/100|[from] item: Leftovers
|upkeep
|
|t:|1759058890
|switch|p2a: Pecharunt|Pecharunt|100/100
|turn|6
|
|t:|1759058895
|switch|p1a: Ironhyde|Cobalion|100/100
|move|p2a: Pecharunt|Foul Play|p1a: Ironhyde
|-resisted|p1a: Ironhyde
|-damage|p1a: Ironhyde|95/100
|-damage|p2a: Pecharunt|84/100|[from] item: Rocky Helmet|[of] p1a: Ironhyde
|-ability|p1a: Ironhyde|Justified|boost
|-boost|p1a: Ironhyde|atk|1
|
|upkeep
|turn|7
|
|t:|1759058911
|switch|p2a: Great Tusk|Great Tusk|100/100
|move|p1a: Ironhyde|Stealth Rock|p2a: Great Tusk
|-sidestart|p2: Sotokillerou|move: Stealth Rock
|
|upkeep
|turn|8
|
|t:|1759058917
|move|p1a: Ironhyde|Body Press|p2a: Great Tusk
|-damage|p2a: Great Tusk|75/100
|move|p2a: Great Tusk|Rapid Spin|p1a: Ironhyde
|-resisted|p1a: Ironhyde
|-damage|p1a: Ironhyde|90/100
|-boost|p2a: Great Tusk|spe|1
|-damage|p2a: Great Tusk|59/100|[from] item: Rocky Helmet|[of] p1a: Ironhyde
|-sideend|p2: Sotokillerou|Stealth Rock|[from] move: Rapid Spin|[of] p2a: Great Tusk
|
|upkeep
|turn|9
|
|t:|1759058930
|move|p2a: Great Tusk|Headlong Rush|p1a: Ironhyde
|-supereffective|p1a: Ironhyde
|-damage|p1a: Ironhyde|19/100
|-unboost|p2a: Great Tusk|def|1
|-unboost|p2a: Great Tusk|spd|1
|-damage|p2a: Great Tusk|42/100|[from] item: Rocky Helmet|[of] p1a: Ironhyde
|move|p1a: Ironhyde|Steel Beam|p2a: Great Tusk
|-damage|p2a: Great Tusk|0 fnt
|-damage|p1a: Ironhyde|0 fnt|[from] steelbeam
|faint|p1a: Ironhyde
|faint|p2a: Great Tusk
|-end|p2a: Great Tusk|Protosynthesis|[silent]
|
|upkeep
|
|t:|1759058945
|switch|p1a: Satsuki|Lokix, F, shiny|100/100
|switch|p2a: Samurott|Samurott-Hisui, F|100/100
|turn|10
|
|t:|1759058956
|-terastallize|p2a: Samurott|Poison
|move|p1a: Satsuki|U-turn|p2a: Samurott
|-resisted|p2a: Samurott
|-damage|p2a: Samurott|47/100
|
|t:|1759058962
|switch|p1a: M'affald|Weezing-Galar, M|100/100|[from] U-turn
|-ability|p1a: M'affald|Neutralizing Gas
|move|p2a: Samurott|Razor Shell|p1a: M'affald
|-damage|p1a: M'affald|80/100
|-unboost|p1a: M'affald|def|1
|
|upkeep
|turn|11
|
|t:|1759058973
|move|p2a: Samurott|Razor Shell|p1a: M'affald
|-damage|p1a: M'affald|50/100
|move|p1a: M'affald|Will-O-Wisp|p2a: Samurott|[miss]
|-miss|p1a: M'affald|p2a: Samurott
|
|upkeep
|turn|12
|
|t:|1759058983
|switch|p2a: Pecharunt|Pecharunt|84/100
|move|p1a: M'affald|Pain Split|p2a: Pecharunt
|-sethp|p2a: Pecharunt|64/100|[from] move: Pain Split|[silent]
|-sethp|p1a: M'affald|73/100|[from] move: Pain Split
|
|upkeep
|turn|13
|
|t:|1759058991
|-end|p1a: M'affald|ability: Neutralizing Gas
|switch|p1a: Iverson|Latios, M|100/100
|move|p2a: Pecharunt|Malignant Chain|p1a: Iverson
|-damage|p1a: Iverson|68/100
|
|upkeep
|turn|14
|
|t:|1759059001
|move|p1a: Iverson|Luster Purge|p2a: Pecharunt
|-supereffective|p2a: Pecharunt
|-damage|p2a: Pecharunt|0 fnt
|faint|p2a: Pecharunt
|
|upkeep
|
|t:|1759059009
|switch|p2a: Zamazenta|Zamazenta|100/100
|-ability|p2a: Zamazenta|Dauntless Shield|boost
|-boost|p2a: Zamazenta|def|1
|turn|15
|
|t:|1759059016
|move|p1a: Iverson|Luster Purge|p2a: Zamazenta
|-supereffective|p2a: Zamazenta
|-damage|p2a: Zamazenta|33/100
|-unboost|p2a: Zamazenta|spd|1
|move|p2a: Zamazenta|Crunch|p1a: Iverson
|-supereffective|p1a: Iverson
|-damage|p1a: Iverson|0 fnt
|faint|p1a: Iverson
|
|upkeep
|
|t:|1759059019
|switch|p1a: M'affald|Weezing-Galar, M|73/100
|-ability|p1a: M'affald|Neutralizing Gas
|turn|16
|
|t:|1759059030
|switch|p2a: Clefable|Clefable, M|100/100
|move|p1a: M'affald|Sludge Bomb|p2a: Clefable
|-supereffective|p2a: Clefable
|-damage|p2a: Clefable|48/100
|
|-heal|p2a: Clefable|54/100|[from] item: Leftovers
|upkeep
|turn|17
|
|t:|1759059041
|move|p2a: Clefable|Calm Mind|p2a: Clefable
|-boost|p2a: Clefable|spa|1
|-boost|p2a: Clefable|spd|1
|move|p1a: M'affald|Sludge Bomb|p2a: Clefable
|-supereffective|p2a: Clefable
|-damage|p2a: Clefable|21/100
|
|-heal|p2a: Clefable|27/100|[from] item: Leftovers
|upkeep
|turn|18
|
|t:|1759059050
|move|p2a: Clefable|Moonlight|p2a: Clefable
|-heal|p2a: Clefable|77/100
|move|p1a: M'affald|Sludge Bomb|p2a: Clefable
|-supereffective|p2a: Clefable
|-damage|p2a: Clefable|40/100
|-status|p2a: Clefable|psn
|
|-heal|p2a: Clefable|46/100 psn|[from] item: Leftovers
|-damage|p2a: Clefable|34/100 psn|[from] psn
|upkeep
|turn|19
|
|t:|1759059062
|move|p2a: Clefable|Calm Mind|p2a: Clefable
|-boost|p2a: Clefable|spa|1
|-boost|p2a: Clefable|spd|1
|move|p1a: M'affald|Sludge Bomb|p2a: Clefable
|-supereffective|p2a: Clefable
|-damage|p2a: Clefable|7/100 psn
|
|-heal|p2a: Clefable|13/100 psn|[from] item: Leftovers
|-damage|p2a: Clefable|0 fnt|[from] psn
|faint|p2a: Clefable
|upkeep
|
|t:|1759059072
|switch|p2a: Zamazenta|Zamazenta|33/100
|turn|20
|
|t:|1759059081
|-terastallize|p1a: M'affald|Water
|move|p2a: Zamazenta|Heavy Slam|p1a: M'affald
|-resisted|p1a: M'affald
|-damage|p1a: M'affald|61/100
|move|p1a: M'affald|Sludge Bomb|p2a: Zamazenta
|-damage|p2a: Zamazenta|16/100
|-status|p2a: Zamazenta|psn
|
|-damage|p2a: Zamazenta|4/100 psn|[from] psn
|upkeep
|turn|21
|-message|Sotokillerou forfeited.
|
|win|YumeKasumi76
|raw|YumeKasumi76's rating: 1433 &rarr; <strong>1452</strong><br />(+19 for winning)
|raw|Sotokillerou's rating: 1418 &rarr; <strong>1399</strong><br />(-19 for losing)
|l|☆Sotokillerou
|player|p2|
|l|☆YumeKasumi76
|player|p1|
