|j|☆YuZu Aza
|j|☆Lechatlessive6
|t:|1758972405
|gametype|singles
|player|p1|YuZu Aza|janine|1239
|player|p2|Lechatlessive6|skyla|1259
|gen|9
|tier|[Gen 9] OU
|rated|
|rule|HP Percentage Mod: HP is shown in percentages
|rule|Endless Battle Clause: Forcing endless battles is banned
|rule|Species Clause: Limit one of each Pokémon
|rule|OHKO Clause: OHKO moves are banned
|rule|Evasion Items Clause: Evasion items are banned
|rule|Evasion Moves Clause: Evasion moves are banned
|rule|Evasion Abilities Clause: Evasion abilities are banned
|rule|Sleep Moves Clause: Sleep-inducing moves are banned
|clearpoke
|poke|p1|Breloom, F|
|poke|p1|Crawdaunt, M|
|poke|p1|Gholdengo|
|poke|p1|Excadrill, M|
|poke|p1|Pelipper, F|
|poke|p1|Gengar, M|
|poke|p2|Dudunsparce-*, F|
|poke|p2|Azumarill, M|
|poke|p2|Arcanine-Hisui, F|
|poke|p2|Iron Crown|
|poke|p2|Rotom-Wash|
|poke|p2|Iron Valiant|
|teampreview
|inactive|Battle timer is ON: inactive players will automatically lose when time's up. (requested by Lechatlessive6)
|
|t:|1758972422
|teamsize|p1|6
|teamsize|p2|6
|start
|switch|p1a: Excadrill|Excadrill, M|100/100
|switch|p2a: Rotom|Rotom-Wash|100/100
|-ability|p1a: Excadrill|Mold Breaker
|turn|1
|
|t:|1758972437
|move|p2a: Rotom|Will-O-Wisp|p1a: Excadrill
|-status|p1a: Excadrill|brn
|move|p1a: Excadrill|Stealth Rock|p2a: Rotom
|-sidestart|p2: Lechatlessive6|move: Stealth Rock
|
|-damage|p1a: Excadrill|94/100 brn|[from] brn
|upkeep
|turn|2
|
|t:|1758972446
|switch|p1a: Breloom|Breloom, F|100/100
|move|p2a: Rotom|Hydro Pump|p1a: Breloom
|-resisted|p1a: Breloom
|-damage|p1a: Breloom|59/100
|
|-status|p1a: Breloom|tox|[from] item: Toxic Orb
|upkeep
|turn|3
|
|t:|1758972463
|switch|p2a: Iron Crown|Iron Crown|100/100
|-damage|p2a: Iron Crown|94/100|[from] Stealth Rock
|move|p1a: Breloom|Leech Seed|p2a: Iron Crown
|-start|p2a: Iron Crown|move: Leech Seed
|
|-damage|p2a: Iron Crown|82/100|[from] Leech Seed|[of] p1a: Breloom
|-heal|p1a: Breloom|72/100 tox|[silent]
|-heal|p1a: Breloom|84/100 tox|[from] ability: Poison Heal
|upkeep
|turn|4
|
|t:|1758972476
|switch|p1a: Excadrill|Excadrill, M|94/100 brn
|-ability|p1a: Excadrill|Mold Breaker
|move|p2a: Iron Crown|Agility|p2a: Iron Crown
|-boost|p2a: Iron Crown|spe|2
|
|-heal|p1a: Excadrill|100/100 brn|[from] item: Leftovers
|-damage|p2a: Iron Crown|69/100|[from] Leech Seed|[of] p1a: Excadrill
|-damage|p1a: Excadrill|94/100 brn|[from] brn
|upkeep
|turn|5
|
|t:|1758972494
|-end|p2a: Iron Crown|Quark Drive|[silent]
|switch|p2a: Rotom|Rotom-Wash|100/100
|-damage|p2a: Rotom|88/100|[from] Stealth Rock
|switch|p1a: Gholdengo|Gholdengo|100/100
|
|-heal|p2a: Rotom|94/100|[from] item: Leftovers
|upkeep
|turn|6
|
|t:|1758972506
|move|p2a: Rotom|Volt Switch|p1a: Gholdengo
|-damage|p1a: Gholdengo|62/100
|
|t:|1758972509
|switch|p2a: Arcanine|Arcanine-Hisui, F|100/100|[from] Volt Switch
|-damage|p2a: Arcanine|76/100|[from] Stealth Rock
|move|p1a: Gholdengo|Nasty Plot|p1a: Gholdengo
|-boost|p1a: Gholdengo|spa|2
|
|upkeep
|turn|7
|
|t:|1758972520
|switch|p1a: Pelipper|Pelipper, F|100/100
|-weather|RainDance|[from] ability: Drizzle|[of] p1a: Pelipper
|move|p2a: Arcanine|Flare Blitz|p1a: Pelipper
|-resisted|p1a: Pelipper
|-damage|p1a: Pelipper|82/100
|
|-weather|RainDance|[upkeep]
|upkeep
|turn|8
|
|t:|1758972539
|switch|p2a: Rotom|Rotom-Wash|94/100
|-damage|p2a: Rotom|82/100|[from] Stealth Rock
|switch|p1a: Excadrill|Excadrill, M|94/100 brn
|-ability|p1a: Excadrill|Mold Breaker
|
|-weather|RainDance|[upkeep]
|-heal|p2a: Rotom|88/100|[from] item: Leftovers
|-heal|p1a: Excadrill|100/100 brn|[from] item: Leftovers
|-damage|p1a: Excadrill|94/100 brn|[from] brn
|upkeep
|turn|9
|
|t:|1758972557
|switch|p1a: Breloom|Breloom, F|84/100 tox
|move|p2a: Rotom|Hydro Pump|p1a: Breloom
|-resisted|p1a: Breloom
|-damage|p1a: Breloom|23/100 tox
|
|-weather|RainDance|[upkeep]
|-heal|p2a: Rotom|94/100|[from] item: Leftovers
|-heal|p1a: Breloom|35/100 tox|[from] ability: Poison Heal
|upkeep
|turn|10
|inactive|YuZu Aza has 120 seconds left.
|
|t:|1758972580
|move|p2a: Rotom|Hydro Pump|p1a: Breloom
|-resisted|p1a: Breloom
|-damage|p1a: Breloom|0 fnt
|faint|p1a: Breloom
|
|-weather|RainDance|[upkeep]
|-heal|p2a: Rotom|100/100|[from] item: Leftovers
|upkeep
|inactive|YuZu Aza has 120 seconds left.
|
|t:|1758972586
|switch|p1a: Gengar|Gengar, M|100/100
|turn|11
|
|t:|1758972594
|move|p1a: Gengar|Shadow Ball|p2a: Rotom
|-damage|p2a: Rotom|45/100
|move|p2a: Rotom|Thunder Wave|p1a: Gengar
|-status|p1a: Gengar|par
|
|-weather|none
|-heal|p2a: Rotom|52/100|[from] item: Leftovers
|upkeep
|turn|12
|
|t:|1758972610
|switch|p1a: Excadrill|Excadrill, M|94/100 brn
|-ability|p1a: Excadrill|Mold Breaker
|move|p2a: Rotom|Volt Switch|p1a: Excadrill
|-immune|p1a: Excadrill
|
|-heal|p2a: Rotom|58/100|[from] item: Leftovers
|-heal|p1a: Excadrill|100/100 brn|[from] item: Leftovers
|-damage|p1a: Excadrill|94/100 brn|[from] brn
|upkeep
|turn|13
|
|t:|1758972621
|switch|p2a: Azumarill|Azumarill, M|100/100
|-damage|p2a: Azumarill|88/100|[from] Stealth Rock
|move|p1a: Excadrill|Earthquake|p2a: Azumarill
|-crit|p2a: Azumarill
|-damage|p2a: Azumarill|54/100
|
|-heal|p1a: Excadrill|100/100 brn|[from] item: Leftovers
|-damage|p1a: Excadrill|94/100 brn|[from] brn
|upkeep
|turn|14
|
|t:|1758972633
|switch|p1a: Pelipper|Pelipper, F|82/100
|-weather|RainDance|[from] ability: Drizzle|[of] p1a: Pelipper
|move|p2a: Azumarill|Liquidation|p1a: Pelipper
|-resisted|p1a: Pelipper
|-damage|p1a: Pelipper|36/100
|
|-weather|RainDance|[upkeep]
|upkeep
|turn|15
|
|t:|1758972645
|move|p1a: Pelipper|Weather Ball|p2a: Azumarill
|-resisted|p2a: Azumarill
|-damage|p2a: Azumarill|18/100
|move|p2a: Azumarill|Play Rough|p1a: Pelipper
|-damage|p1a: Pelipper|0 fnt
|faint|p1a: Pelipper
|
|-weather|RainDance|[upkeep]
|upkeep
|
|t:|1758972660
|switch|p1a: Crawdaunt|Crawdaunt, M|100/100
|turn|16
|
|t:|1758972670
|switch|p2a: Iron Crown|Iron Crown|69/100
|-damage|p2a: Iron Crown|63/100|[from] Stealth Rock
|move|p1a: Crawdaunt|Aqua Jet|p2a: Iron Crown
|-damage|p2a: Iron Crown|8/100
|-damage|p1a: Crawdaunt|91/100|[from] item: Life Orb
|
|-weather|RainDance|[upkeep]
|upkeep
|turn|17
|
|t:|1758972681
|move|p1a: Crawdaunt|Aqua Jet|p2a: Iron Crown
|-damage|p2a: Iron Crown|0 fnt
|faint|p2a: Iron Crown
|-end|p2a: Iron Crown|Quark Drive|[silent]
|-damage|p1a: Crawdaunt|81/100|[from] item: Life Orb
|
|-weather|RainDance|[upkeep]
|upkeep
|
|t:|1758972688
|switch|p2a: Iron Valiant|Iron Valiant|100/100
|-damage|p2a: Iron Valiant|94/100|[from] Stealth Rock
|-enditem|p2a: Iron Valiant|Booster Energy
|-activate|p2a: Iron Valiant|ability: Quark Drive|[fromitem]
|-start|p2a: Iron Valiant|quarkdrivespe
|turn|18
|
|t:|1758972699
|-terastallize|p1a: Crawdaunt|Water
|move|p1a: Crawdaunt|Aqua Jet|p2a: Iron Valiant
|-damage|p2a: Iron Valiant|10/100
|-damage|p1a: Crawdaunt|71/100|[from] item: Life Orb
|move|p2a: Iron Valiant|Aura Sphere|p1a: Crawdaunt
|-damage|p1a: Crawdaunt|0 fnt
|faint|p1a: Crawdaunt
|
|-weather|none
|upkeep
|
|t:|1758972711
|switch|p1a: Gholdengo|Gholdengo|62/100
|turn|19
|
|t:|1758972720
|move|p2a: Iron Valiant|Thunderbolt|p1a: Gholdengo
|-damage|p1a: Gholdengo|28/100
|move|p1a: Gholdengo|Recover|p1a: Gholdengo
|-heal|p1a: Gholdengo|78/100
|
|upkeep
|turn|20
|
|t:|1758972732
|move|p2a: Iron Valiant|Thunderbolt|p1a: Gholdengo
|-damage|p1a: Gholdengo|43/100
|move|p1a: Gholdengo|Make It Rain|p2a: Iron Valiant
|-supereffective|p2a: Iron Valiant
|-damage|p2a: Iron Valiant|0 fnt
|-unboost|p1a: Gholdengo|spa|1
|faint|p2a: Iron Valiant
|-end|p2a: Iron Valiant|Quark Drive|[silent]
|
|upkeep
|
|t:|1758972742
|switch|p2a: Arcanine|Arcanine-Hisui, F|76/100
|-damage|p2a: Arcanine|51/100|[from] Stealth Rock
|turn|21
|
|t:|1758972754
|switch|p1a: Excadrill|Excadrill, M|94/100 brn
|-ability|p1a: Excadrill|Mold Breaker
|move|p2a: Arcanine|Flare Blitz|p1a: Excadrill
|-supereffective|p1a: Excadrill
|-damage|p1a: Excadrill|0 fnt
|faint|p1a: Excadrill
|
|upkeep
|
|t:|1758972761
|switch|p1a: Gengar|Gengar, M|100/100 par
|turn|22
|
|t:|1758972767
|-terastallize|p2a: Arcanine|Fire
|move|p2a: Arcanine|Flare Blitz|p1a: Gengar
|-damage|p1a: Gengar|0 fnt
|faint|p1a: Gengar
|
|upkeep
|
|t:|1758972771
|switch|p1a: Gholdengo|Gholdengo|43/100
|turn|23
|
|t:|1758972775
|move|p2a: Arcanine|Flare Blitz|p1a: Gholdengo
|-supereffective|p1a: Gholdengo
|-damage|p1a: Gholdengo|0 fnt
|faint|p1a: Gholdengo
|
|win|Lechatlessive6
|raw|YuZu Aza's rating: 1239 &rarr; <strong>1215</strong><br />(-24 for losing)
|raw|Lechatlessive6's rating: 1259 &rarr; <strong>1283</strong><br />(+24 for winning)
|c|☆YuZu Aza|gg
|l|☆YuZu Aza
|player|p1|
