|j|☆toeknee23
|j|☆WolfStern
|t:|1758943378
|gametype|singles
|player|p1|toeknee23|266|1104
|player|p2|WolfStern|n|1070
|gen|9
|tier|[Gen 9] OU
|rated|
|rule|HP Percentage Mod: HP is shown in percentages
|rule|Endless Battle Clause: Forcing endless battles is banned
|rule|Species Clause: Limit one of each Pokémon
|rule|OHKO Clause: OHKO moves are banned
|rule|Evasion Items Clause: Evasion items are banned
|rule|Evasion Moves Clause: Evasion moves are banned
|rule|Evasion Abilities Clause: Evasion abilities are banned
|rule|Sleep Moves Clause: Sleep-inducing moves are banned
|clearpoke
|poke|p1|Walking Wake|
|poke|p1|Torkoal, M|
|poke|p1|Kingambit, M|
|poke|p1|Tinkaton, F|
|poke|p1|Skeledirge, M|
|poke|p1|Zapdos|
|poke|p2|Slowking-Galar, F|
|poke|p2|Lokix, M|
|poke|p2|Great Tusk|
|poke|p2|Cinderace, F|
|poke|p2|Dragapult, F|
|poke|p2|Iron Crown|
|teampreview
|
|t:|1758943400
|teamsize|p1|6
|teamsize|p2|6
|start
|switch|p1a: Walking Wake|Walking Wake|100/100
|switch|p2a: Iron Crown|Iron Crown|100/100
|turn|1
|
|t:|1758943413
|-end|p1a: Walking Wake|Protosynthesis|[silent]
|switch|p1a: Torkoal|Torkoal, M, shiny|100/100
|-weather|SunnyDay|[from] ability: Drought|[of] p1a: Torkoal
|move|p2a: Iron Crown|Volt Switch|p1a: Torkoal
|-damage|p1a: Torkoal|67/100
|
|t:|1758943447
|-end|p2a: Iron Crown|Quark Drive|[silent]
|switch|p2a: Dragapult|Dragapult, F|100/100|[from] Volt Switch
|
|-weather|SunnyDay|[upkeep]
|upkeep
|turn|2
|
|t:|1758943462
|move|p2a: Dragapult|Shadow Ball|p1a: Torkoal
|-damage|p1a: Torkoal|1/100
|move|p1a: Torkoal|Stealth Rock|p2a: Dragapult
|-sidestart|p2: WolfStern|move: Stealth Rock
|
|-weather|SunnyDay|[upkeep]
|upkeep
|turn|3
|
|t:|1758943469
|switch|p1a: Tinkaton|Tinkaton, F, shiny|100/100
|-ability|p1a: Tinkaton|Mold Breaker
|move|p2a: Dragapult|Shadow Ball|p1a: Tinkaton
|-damage|p1a: Tinkaton|77/100
|
|-weather|SunnyDay|[upkeep]
|upkeep
|turn|4
|
|t:|1758943482
|switch|p2a: Great Tusk|Great Tusk|100/100
|-damage|p2a: Great Tusk|98/100|[from] Stealth Rock
|-activate|p2a: Great Tusk|ability: Protosynthesis
|-start|p2a: Great Tusk|protosynthesisdef
|move|p1a: Tinkaton|Play Rough|p2a: Great Tusk
|-supereffective|p2a: Great Tusk
|-damage|p2a: Great Tusk|78/100
|
|-weather|SunnyDay|[upkeep]
|-heal|p2a: Great Tusk|84/100|[from] item: Leftovers
|upkeep
|turn|5
|
|t:|1758943509
|switch|p1a: Zapdos|Zapdos|100/100
|-ability|p1a: Zapdos|Pressure
|move|p2a: Great Tusk|Rapid Spin|p1a: Zapdos
|-damage|p1a: Zapdos|83/100
|-boost|p2a: Great Tusk|spe|1
|-sideend|p2: WolfStern|Stealth Rock|[from] move: Rapid Spin|[of] p2a: Great Tusk
|
|-weather|SunnyDay|[upkeep]
|-heal|p2a: Great Tusk|90/100|[from] item: Leftovers
|upkeep
|turn|6
|
|t:|1758943525
|move|p1a: Zapdos|Brave Bird|p2a: Great Tusk
|-supereffective|p2a: Great Tusk
|-damage|p2a: Great Tusk|64/100
|-damage|p1a: Zapdos|71/100|[from] Recoil
|move|p2a: Great Tusk|Knock Off|p1a: Zapdos
|-damage|p1a: Zapdos|38/100
|-enditem|p1a: Zapdos|Choice Scarf|[from] move: Knock Off|[of] p2a: Great Tusk
|
|-weather|SunnyDay|[upkeep]
|-heal|p2a: Great Tusk|70/100|[from] item: Leftovers
|upkeep
|turn|7
|
|t:|1758943546
|move|p2a: Great Tusk|Close Combat|p1a: Zapdos
|-resisted|p1a: Zapdos
|-damage|p1a: Zapdos|4/100
|-unboost|p2a: Great Tusk|def|1
|-unboost|p2a: Great Tusk|spd|1
|move|p1a: Zapdos|Brave Bird|p2a: Great Tusk
|-supereffective|p2a: Great Tusk
|-damage|p2a: Great Tusk|27/100
|-damage|p1a: Zapdos|0 fnt|[from] Recoil
|faint|p1a: Zapdos
|
|-weather|SunnyDay|[upkeep]
|-heal|p2a: Great Tusk|33/100|[from] item: Leftovers
|upkeep
|
|t:|1758943571
|switch|p1a: Walking Wake|Walking Wake|100/100
|-activate|p1a: Walking Wake|ability: Protosynthesis
|-start|p1a: Walking Wake|protosynthesisspa
|turn|8
|
|t:|1758943604
|-end|p2a: Great Tusk|Protosynthesis|[silent]
|switch|p2a: Slowking|Slowking-Galar, F|100/100
|move|p1a: Walking Wake|Agility|p1a: Walking Wake
|-boost|p1a: Walking Wake|spe|2
|
|-weather|none
|-end|p1a: Walking Wake|Protosynthesis
|upkeep
|turn|9
|
|t:|1758943627
|-terastallize|p2a: Slowking|Fairy
|move|p1a: Walking Wake|Hydro Steam|p2a: Slowking
|-damage|p2a: Slowking|72/100
|-damage|p1a: Walking Wake|90/100|[from] item: Life Orb
|move|p2a: Slowking|Psychic|p1a: Walking Wake
|-damage|p1a: Walking Wake|49/100
|
|-damage|p2a: Slowking|59/100|[from] item: Black Sludge
|upkeep
|turn|10
|
|t:|1758943644
|-end|p1a: Walking Wake|Protosynthesis|[silent]
|switch|p1a: Tinkaton|Tinkaton, F, shiny|77/100
|-ability|p1a: Tinkaton|Mold Breaker
|move|p2a: Slowking|Psychic|p1a: Tinkaton
|-resisted|p1a: Tinkaton
|-damage|p1a: Tinkaton|68/100
|
|-damage|p2a: Slowking|47/100|[from] item: Black Sludge
|upkeep
|turn|11
|
|t:|1758943691
|move|p1a: Tinkaton|Gigaton Hammer|p2a: Slowking
|-supereffective|p2a: Slowking
|-damage|p2a: Slowking|0 fnt
|faint|p2a: Slowking
|
|upkeep
|
|t:|1758943716
|switch|p2a: Cinderace|Cinderace, F|100/100
|turn|12
|
|t:|1758943724
|switch|p1a: Torkoal|Torkoal, M, shiny|1/100
|-weather|SunnyDay|[from] ability: Drought|[of] p1a: Torkoal
|move|p2a: Cinderace|Pyro Ball|p1a: Torkoal
|-resisted|p1a: Torkoal
|-damage|p1a: Torkoal|0 fnt
|faint|p1a: Torkoal
|
|-weather|SunnyDay|[upkeep]
|upkeep
|
|t:|1758943733
|switch|p1a: Walking Wake|Walking Wake|49/100
|-activate|p1a: Walking Wake|ability: Protosynthesis
|-start|p1a: Walking Wake|protosynthesisspa
|turn|13
|
|t:|1758943769
|move|p2a: Cinderace|U-turn|p1a: Walking Wake
|-damage|p1a: Walking Wake|23/100
|
|t:|1758943780
|switch|p2a: Great Tusk|Great Tusk|33/100|[from] U-turn
|-activate|p2a: Great Tusk|ability: Protosynthesis
|-start|p2a: Great Tusk|protosynthesisdef
|move|p1a: Walking Wake|Agility|p1a: Walking Wake
|-boost|p1a: Walking Wake|spe|2
|
|-weather|SunnyDay|[upkeep]
|-heal|p2a: Great Tusk|40/100|[from] item: Leftovers
|upkeep
|turn|14
|
|t:|1758943816
|move|p1a: Walking Wake|Hydro Steam|p2a: Great Tusk
|-supereffective|p2a: Great Tusk
|-damage|p2a: Great Tusk|0 fnt
|faint|p2a: Great Tusk
|-end|p2a: Great Tusk|Protosynthesis|[silent]
|-damage|p1a: Walking Wake|13/100|[from] item: Life Orb
|
|-weather|SunnyDay|[upkeep]
|upkeep
|
|t:|1758943824
|switch|p2a: Lokix|Lokix, M|100/100
|turn|15
|
|t:|1758943838
|-end|p1a: Walking Wake|Protosynthesis|[silent]
|switch|p1a: Tinkaton|Tinkaton, F, shiny|68/100
|-ability|p1a: Tinkaton|Mold Breaker
|move|p2a: Lokix|First Impression|p1a: Tinkaton
|-resisted|p1a: Tinkaton
|-damage|p1a: Tinkaton|39/100
|-damage|p2a: Lokix|91/100|[from] item: Life Orb
|
|-weather|SunnyDay|[upkeep]
|upkeep
|turn|16
|
|t:|1758943855
|move|p2a: Lokix|U-turn|p1a: Tinkaton
|-resisted|p1a: Tinkaton
|-damage|p1a: Tinkaton|18/100
|-damage|p2a: Lokix|81/100|[from] item: Life Orb
|
|t:|1758943861
|switch|p2a: Iron Crown|Iron Crown|100/100|[from] U-turn
|move|p1a: Tinkaton|Gigaton Hammer|p2a: Iron Crown
|-resisted|p2a: Iron Crown
|-damage|p2a: Iron Crown|76/100
|
|-weather|SunnyDay|[upkeep]
|upkeep
|turn|17
|
|t:|1758943885
|move|p2a: Iron Crown|Psyshock|p1a: Tinkaton
|-resisted|p1a: Tinkaton
|-damage|p1a: Tinkaton|0 fnt
|faint|p1a: Tinkaton
|
|-weather|SunnyDay|[upkeep]
|upkeep
|
|t:|1758943895
|switch|p1a: Walking Wake|Walking Wake|13/100
|-activate|p1a: Walking Wake|ability: Protosynthesis
|-start|p1a: Walking Wake|protosynthesisspa
|turn|18
|
|t:|1758943903
|move|p2a: Iron Crown|Psyshock|p1a: Walking Wake
|-damage|p1a: Walking Wake|0 fnt
|faint|p1a: Walking Wake
|-end|p1a: Walking Wake|Protosynthesis|[silent]
|
|-weather|SunnyDay|[upkeep]
|upkeep
|
|t:|1758943908
|switch|p1a: Skeledirge|Skeledirge, M, shiny|100/100
|turn|19
|
|t:|1758943950
|move|p2a: Iron Crown|Psyshock|p1a: Skeledirge
|-damage|p1a: Skeledirge|76/100
|move|p1a: Skeledirge|Torch Song|p2a: Iron Crown
|-supereffective|p2a: Iron Crown
|-damage|p2a: Iron Crown|0 fnt
|-boost|p1a: Skeledirge|spa|1
|faint|p2a: Iron Crown
|-end|p2a: Iron Crown|Quark Drive|[silent]
|
|-weather|none
|-heal|p1a: Skeledirge|82/100|[from] item: Leftovers
|upkeep
|
|t:|1758943970
|switch|p2a: Dragapult|Dragapult, F|100/100
|turn|20
|
|t:|1758943981
|move|p2a: Dragapult|Draco Meteor|p1a: Skeledirge
|-damage|p1a: Skeledirge|0 fnt
|-unboost|p2a: Dragapult|spa|2
|faint|p1a: Skeledirge
|
|upkeep
|
|t:|1758943987
|switch|p1a: Kingambit|Kingambit, M|100/100
|-activate|p1a: Kingambit|ability: Supreme Overlord
|-start|p1a: Kingambit|fallen5|[silent]
|turn|21
|
|t:|1758944000
|switch|p2a: Cinderace|Cinderace, F|100/100
|-terastallize|p1a: Kingambit|Dark
|move|p1a: Kingambit|Sucker Punch||[still]
|-fail|p1a: Kingambit
|
|upkeep
|turn|22
|
|t:|1758944029
|move|p2a: Cinderace|Sucker Punch|p1a: Kingambit
|-resisted|p1a: Kingambit
|-crit|p1a: Kingambit
|-damage|p1a: Kingambit|89/100
|move|p1a: Kingambit|Sucker Punch||[still]
|-fail|p1a: Kingambit
|
|upkeep
|turn|23
|
|t:|1758944044
|move|p1a: Kingambit|Sucker Punch|p2a: Cinderace
|-damage|p2a: Cinderace|0 fnt
|faint|p2a: Cinderace
|
|upkeep
|
|t:|1758944048
|switch|p2a: Lokix|Lokix, M|81/100
|turn|24
|
|t:|1758944052
|move|p2a: Lokix|First Impression|p1a: Kingambit
|-supereffective|p1a: Kingambit
|-damage|p1a: Kingambit|13/100
|-damage|p2a: Lokix|71/100|[from] item: Life Orb
|move|p1a: Kingambit|Sucker Punch||[still]
|-fail|p1a: Kingambit
|
|upkeep
|turn|25
|
|t:|1758944061
|switch|p2a: Dragapult|Dragapult, F|100/100
|move|p1a: Kingambit|Sucker Punch||[still]
|-fail|p1a: Kingambit
|
|upkeep
|turn|26
|
|t:|1758944072
|move|p1a: Kingambit|Sucker Punch|p2a: Dragapult
|-supereffective|p2a: Dragapult
|-damage|p2a: Dragapult|0 fnt
|faint|p2a: Dragapult
|
|upkeep
|
|t:|1758944076
|switch|p2a: Lokix|Lokix, M|71/100
|turn|27
|
|t:|1758944080
|move|p2a: Lokix|First Impression|p1a: Kingambit
|-supereffective|p1a: Kingambit
|-damage|p1a: Kingambit|0 fnt
|faint|p1a: Kingambit
|-end|p1a: Kingambit|fallen5|[silent]
|-damage|p2a: Lokix|61/100|[from] item: Life Orb
|
|win|WolfStern
|raw|toeknee23's rating: 1104 &rarr; <strong>1077</strong><br />(-27 for losing)
|raw|WolfStern's rating: 1070 &rarr; <strong>1102</strong><br />(+32 for winning)
|l|☆toeknee23
|player|p1|
