|j|☆smart samuel
|j|☆Akayagami
|t:|1759006126
|gametype|singles
|player|p1|smart samuel|lucas|1523
|player|p2|Akayagami|266|1495
|gen|9
|tier|[Gen 9] OU
|rated|
|rule|HP Percentage Mod: HP is shown in percentages
|rule|Endless Battle Clause: Forcing endless battles is banned
|rule|Species Clause: Limit one of each Pokémon
|rule|OHKO Clause: OHKO moves are banned
|rule|Evasion Items Clause: Evasion items are banned
|rule|Evasion Moves Clause: Evasion moves are banned
|rule|Evasion Abilities Clause: Evasion abilities are banned
|rule|Sleep Moves Clause: Sleep-inducing moves are banned
|clearpoke
|poke|p1|Garganacl, F|
|poke|p1|Dragapult, F|
|poke|p1|Ogerpon-Wellspring, F|
|poke|p1|Moltres|
|poke|p1|Zamazenta-*|
|poke|p1|Iron Treads|
|poke|p2|Comfey, M|
|poke|p2|Whimsicott, F|
|poke|p2|Iron Moth|
|poke|p2|Walking Wake|
|poke|p2|Great Tusk|
|poke|p2|Ninetales, F|
|teampreview
|inactive|Battle timer is ON: inactive players will automatically lose when time's up. (requested by Akayagami)
|
|t:|1759006156
|teamsize|p1|6
|teamsize|p2|6
|start
|switch|p1a: Garganacl|Garganacl, F|100/100
|switch|p2a: Ninetales|Ninetales, F, shiny|100/100
|-weather|SunnyDay|[from] ability: Drought|[of] p2a: Ninetales
|turn|1
|
|t:|1759006159
|move|p2a: Ninetales|Will-O-Wisp|p1a: Garganacl
|-immune|p1a: Garganacl|[from] ability: Purifying Salt
|move|p1a: Garganacl|Salt Cure|p2a: Ninetales
|-supereffective|p2a: Ninetales
|-damage|p2a: Ninetales|68/100
|-start|p2a: Ninetales|Salt Cure
|
|-weather|SunnyDay|[upkeep]
|-damage|p2a: Ninetales|56/100|[from] Salt Cure
|upkeep
|turn|2
|
|t:|1759006168
|switch|p2a: Walking Wake|Walking Wake|100/100
|-activate|p2a: Walking Wake|ability: Protosynthesis
|-start|p2a: Walking Wake|protosynthesisspe
|move|p1a: Garganacl|Salt Cure|p2a: Walking Wake
|-damage|p2a: Walking Wake|88/100
|-start|p2a: Walking Wake|Salt Cure
|
|-weather|SunnyDay|[upkeep]
|-damage|p2a: Walking Wake|63/100|[from] Salt Cure
|upkeep
|turn|3
|
|t:|1759006174
|switch|p1a: Ogerpon|Ogerpon-Wellspring, F|100/100
|move|p2a: Walking Wake|Flip Turn|p1a: Ogerpon
|-immune|p1a: Ogerpon|[from] ability: Water Absorb
|
|-weather|SunnyDay|[upkeep]
|-damage|p2a: Walking Wake|38/100|[from] Salt Cure
|upkeep
|turn|4
|
|t:|1759006182
|-end|p2a: Walking Wake|Protosynthesis|[silent]
|switch|p2a: Whimsicott|Whimsicott, F, shiny|100/100
|move|p1a: Ogerpon|Synthesis|p1a: Ogerpon
|-fail|p1a: Ogerpon|heal
|
|-weather|SunnyDay|[upkeep]
|upkeep
|turn|5
|
|t:|1759006189
|switch|p1a: Iron Treads|Iron Treads|100/100
|move|p2a: Whimsicott|Growth|p2a: Whimsicott
|-boost|p2a: Whimsicott|atk|2
|-boost|p2a: Whimsicott|spa|2
|
|-weather|SunnyDay|[upkeep]
|upkeep
|turn|6
|
|t:|1759006197
|move|p2a: Whimsicott|Giga Drain|p1a: Iron Treads
|-damage|p1a: Iron Treads|42/100
|-damage|p2a: Whimsicott|91/100|[from] item: Life Orb
|move|p1a: Iron Treads|Knock Off|p2a: Whimsicott
|-resisted|p2a: Whimsicott
|-damage|p2a: Whimsicott|76/100
|-enditem|p2a: Whimsicott|Life Orb|[from] move: Knock Off|[of] p1a: Iron Treads
|
|-weather|SunnyDay|[upkeep]
|-heal|p1a: Iron Treads|48/100|[from] item: Leftovers
|upkeep
|turn|7
|
|t:|1759006216
|-end|p1a: Iron Treads|Quark Drive|[silent]
|switch|p1a: Moltres|Moltres|100/100
|move|p2a: Whimsicott|Shadow Ball|p1a: Moltres
|-crit|p1a: Moltres
|-damage|p1a: Moltres|39/100
|
|-weather|SunnyDay|[upkeep]
|upkeep
|turn|8
|
|t:|1759006222
|move|p2a: Whimsicott|Shadow Ball|p1a: Moltres
|-damage|p1a: Moltres|0 fnt
|faint|p1a: Moltres
|
|-weather|none
|upkeep
|
|t:|1759006225
|switch|p1a: Zamazenta|Zamazenta, shiny|100/100
|-ability|p1a: Zamazenta|Dauntless Shield|boost
|-boost|p1a: Zamazenta|def|1
|turn|9
|
|t:|1759006231
|-terastallize|p2a: Whimsicott|Ghost
|move|p1a: Zamazenta|Heavy Slam|p2a: Whimsicott
|-damage|p2a: Whimsicott|21/100
|move|p2a: Whimsicott|Moonblast|p1a: Zamazenta
|-supereffective|p1a: Zamazenta
|-damage|p1a: Zamazenta|0 fnt
|faint|p1a: Zamazenta
|
|upkeep
|
|t:|1759006235
|switch|p1a: Dragapult|Dragapult, F|100/100
|turn|10
|
|t:|1759006239
|move|p1a: Dragapult|Hex|p2a: Whimsicott
|-supereffective|p2a: Whimsicott
|-damage|p2a: Whimsicott|0 fnt
|faint|p2a: Whimsicott
|
|upkeep
|inactive|Akayagami has 120 seconds left.
|
|t:|1759006272
|switch|p2a: Ninetales|Ninetales, F, shiny|56/100
|-weather|SunnyDay|[from] ability: Drought|[of] p2a: Ninetales
|turn|11
|
|t:|1759006277
|switch|p2a: Comfey|Comfey, M, shiny|100/100
|move|p1a: Dragapult|Draco Meteor|p2a: Comfey
|-immune|p2a: Comfey
|
|-weather|SunnyDay|[upkeep]
|upkeep
|turn|12
|
|t:|1759006289
|switch|p1a: Ogerpon|Ogerpon-Wellspring, F|100/100
|move|p2a: Comfey|Growth|p2a: Comfey
|-boost|p2a: Comfey|atk|2
|-boost|p2a: Comfey|spa|2
|
|-weather|SunnyDay|[upkeep]
|upkeep
|turn|13
|
|t:|1759006301
|-terastallize|p1a: Ogerpon|Water
|detailschange|p1a: Ogerpon|Ogerpon-Wellspring-Tera, F, tera:Water
|-ability|p1a: Ogerpon|Embody Aspect (Wellspring)|boost
|-boost|p1a: Ogerpon|spd|1
|move|p2a: Comfey|Draining Kiss|p1a: Ogerpon
|-damage|p1a: Ogerpon|65/100
|-damage|p2a: Comfey|91/100|[from] item: Life Orb
|move|p1a: Ogerpon|Trailblaze|p2a: Comfey
|-damage|p2a: Comfey|58/100
|-boost|p1a: Ogerpon|spe|1
|
|-weather|SunnyDay|[upkeep]
|upkeep
|turn|14
|
|t:|1759006312
|move|p2a: Comfey|Draining Kiss|p1a: Ogerpon
|-damage|p1a: Ogerpon|29/100
|-heal|p2a: Comfey|90/100|[from] drain|[of] p1a: Ogerpon
|-damage|p2a: Comfey|80/100|[from] item: Life Orb
|move|p1a: Ogerpon|Synthesis|p1a: Ogerpon
|-heal|p1a: Ogerpon|96/100
|
|-weather|SunnyDay|[upkeep]
|upkeep
|turn|15
|
|t:|1759006316
|move|p1a: Ogerpon|Trailblaze|p2a: Comfey
|-damage|p2a: Comfey|46/100
|-boost|p1a: Ogerpon|spe|1
|move|p2a: Comfey|Growth|p2a: Comfey
|-boost|p2a: Comfey|atk|2
|-boost|p2a: Comfey|spa|2
|
|-weather|SunnyDay|[upkeep]
|upkeep
|turn|16
|
|t:|1759006328
|move|p2a: Comfey|Draining Kiss|p1a: Ogerpon
|-damage|p1a: Ogerpon|45/100
|-heal|p2a: Comfey|91/100|[from] drain|[of] p1a: Ogerpon
|-damage|p2a: Comfey|81/100|[from] item: Life Orb
|move|p1a: Ogerpon|Trailblaze|p2a: Comfey
|-damage|p2a: Comfey|44/100
|-boost|p1a: Ogerpon|spe|1
|
|-weather|SunnyDay|[upkeep]
|upkeep
|turn|17
|
|t:|1759006341
|switch|p1a: Iron Treads|Iron Treads|48/100
|move|p2a: Comfey|Draining Kiss|p1a: Iron Treads
|-resisted|p1a: Iron Treads
|-damage|p1a: Iron Treads|13/100
|-heal|p2a: Comfey|77/100|[from] drain|[of] p1a: Iron Treads
|-damage|p2a: Comfey|67/100|[from] item: Life Orb
|
|-weather|SunnyDay|[upkeep]
|-heal|p1a: Iron Treads|19/100|[from] item: Leftovers
|upkeep
|turn|18
|-message|smart samuel forfeited.
|
|win|Akayagami
|raw|smart samuel's rating: 1523 &rarr; <strong>1501</strong><br />(-22 for losing)
|raw|Akayagami's rating: 1495 &rarr; <strong>1517</strong><br />(+22 for winning)
|l|☆smart samuel
|player|p1|
|l|☆Akayagami
|player|p2|
