|j|☆Chromelaser
|j|☆feng2025
|t:|1758970723
|gametype|singles
|player|p1|Chromelaser|marshal|1146
|player|p2|feng2025|1|1161
|gen|9
|tier|[Gen 9] OU
|rated|
|rule|HP Percentage Mod: HP is shown in percentages
|rule|Endless Battle Clause: Forcing endless battles is banned
|rule|Species Clause: Limit one of each Pokémon
|rule|OHKO Clause: OHKO moves are banned
|rule|Evasion Items Clause: Evasion items are banned
|rule|Evasion Moves Clause: Evasion moves are banned
|rule|Evasion Abilities Clause: Evasion abilities are banned
|rule|Sleep Moves Clause: Sleep-inducing moves are banned
|clearpoke
|poke|p1|Smeargle, M|
|poke|p1|Mimikyu, F|
|poke|p1|Froslass, F|
|poke|p1|Houndoom, M|
|poke|p1|Gengar, M|
|poke|p1|Kyurem|
|poke|p2|Torkoal, M|
|poke|p2|Walking Wake|
|poke|p2|Arcanine-Hisui, M|
|poke|p2|Lilligant-Hisui, F|
|poke|p2|Great Tusk|
|poke|p2|Hatterene, F|
|teampreview
|inactive|Battle timer is ON: inactive players will automatically lose when time's up. (requested by Chromelaser)
|c|☆Chromelaser|glhf
|
|t:|1758970752
|teamsize|p1|6
|teamsize|p2|6
|start
|switch|p1a: Omega|Kyurem, shiny|100/100
|switch|p2a: Torkoal|Torkoal, M|100/100
|-ability|p1a: Omega|Pressure
|-weather|SunnyDay|[from] ability: Drought|[of] p2a: Torkoal
|turn|1
|
|t:|1758970767
|switch|p2a: Hatterene|Hatterene, F|100/100
|move|p1a: Omega|Dragon Dance|p1a: Omega
|-boost|p1a: Omega|atk|1
|-boost|p1a: Omega|spe|1
|
|-weather|SunnyDay|[upkeep]
|upkeep
|turn|2
|
|t:|1758970776
|move|p1a: Omega|Iron Head|p2a: Hatterene
|-supereffective|p2a: Hatterene
|-damage|p2a: Hatterene|2/100
|-enditem|p2a: Hatterene|Eject Button
|
|t:|1758970786
|switch|p2a: Lilligant|Lilligant-Hisui, F|100/100
|
|-weather|SunnyDay|[upkeep]
|upkeep
|turn|3
|
|t:|1758970795
|move|p2a: Lilligant|Axe Kick|p1a: Omega
|-supereffective|p1a: Omega
|-damage|p1a: Omega|0 fnt
|faint|p1a: Omega
|
|-weather|SunnyDay|[upkeep]
|upkeep
|
|t:|1758970821
|switch|p1a: Razor|Smeargle, M, shiny|100/100
|turn|4
|
|t:|1758970828
|move|p2a: Lilligant|Triple Axel|p1a: Razor
|-damage|p1a: Razor|82/100
|-damage|p1a: Razor|41/100
|-damage|p1a: Razor|0 fnt
|faint|p1a: Razor
|-hitcount|p1: Razor|3
|
|-weather|SunnyDay|[upkeep]
|upkeep
|
|t:|1758970847
|switch|p1a: Happy|Gengar, M, shiny|100/100
|turn|5
|
|t:|1758970856
|-terastallize|p2a: Lilligant|Steel
|move|p2a: Lilligant|Victory Dance|p2a: Lilligant
|-boost|p2a: Lilligant|atk|1
|-boost|p2a: Lilligant|def|1
|-boost|p2a: Lilligant|spe|1
|move|p1a: Happy|Destiny Bond|p1a: Happy
|-singlemove|p1a: Happy|Destiny Bond
|
|-weather|SunnyDay|[upkeep]
|upkeep
|turn|6
|
|t:|1758970868
|move|p2a: Lilligant|Victory Dance|p2a: Lilligant
|-boost|p2a: Lilligant|atk|1
|-boost|p2a: Lilligant|def|1
|-boost|p2a: Lilligant|spe|1
|move|p1a: Happy|Destiny Bond||[still]
|-fail|p1a: Happy
|
|-weather|SunnyDay|[upkeep]
|upkeep
|turn|7
|
|t:|1758970876
|move|p2a: Lilligant|Triple Axel|p1a: Happy
|-damage|p1a: Happy|73/100
|-start|p2a: Lilligant|Disable|Triple Axel|[from] ability: Cursed Body|[of] p1a: Happy
|-damage|p1a: Happy|17/100
|-damage|p1a: Happy|0 fnt
|faint|p1a: Happy
|-hitcount|p1: Happy|3
|
|-weather|SunnyDay|[upkeep]
|upkeep
|
|t:|1758970885
|switch|p1a: Trainee|Mimikyu, F|100/100
|turn|8
|
|t:|1758970893
|move|p2a: Lilligant|Leaf Blade|p1a: Trainee
|-activate|p1a: Trainee|ability: Disguise
|-damage|p1a: Trainee|100/100
|detailschange|p1a: Trainee|Mimikyu-Busted, F
|-damage|p1a: Trainee|88/100|[from] pokemon: Mimikyu-Busted
|move|p1a: Trainee|Hone Claws|p1a: Trainee
|-boost|p1a: Trainee|atk|1
|-boost|p1a: Trainee|accuracy|1
|
|-weather|none
|upkeep
|turn|9
|
|t:|1758970907
|move|p1a: Trainee|Endure|p1a: Trainee
|-singleturn|p1a: Trainee|move: Endure
|move|p2a: Lilligant|Leaf Blade|p1a: Trainee
|-activate|p1a: Trainee|move: Endure
|-damage|p1a: Trainee|1/100
|-enditem|p1a: Trainee|Salac Berry|[eat]
|-boost|p1a: Trainee|spe|1|[from] item: Salac Berry
|
|upkeep
|turn|10
|
|t:|1758970917
|move|p2a: Lilligant|Leaf Blade|p1a: Trainee
|-crit|p1a: Trainee
|-damage|p1a: Trainee|0 fnt
|faint|p1a: Trainee
|
|-end|p2a: Lilligant|Disable
|upkeep
|-message|Chromelaser forfeited.
|
|win|feng2025
|raw|Chromelaser's rating: 1146 &rarr; <strong>1122</strong><br />(-24 for losing)
|raw|feng2025's rating: 1161 &rarr; <strong>1185</strong><br />(+24 for winning)
|l|☆Chromelaser
|player|p1|
