|j|☆massimo_cpa
|j|☆forestfrost
|t:|1759069673
|gametype|singles
|player|p1|massimo_cpa|steven|1103
|player|p2|forestfrost|169|1077
|gen|9
|tier|[Gen 9] OU
|rated|
|rule|HP Percentage Mod: HP is shown in percentages
|rule|Endless Battle Clause: Forcing endless battles is banned
|rule|Species Clause: Limit one of each Pokémon
|rule|OHKO Clause: OHKO moves are banned
|rule|Evasion Items Clause: Evasion items are banned
|rule|Evasion Moves Clause: Evasion moves are banned
|rule|Evasion Abilities Clause: Evasion abilities are banned
|rule|Sleep Moves Clause: Sleep-inducing moves are banned
|clearpoke
|poke|p1|Ninetales, F|
|poke|p1|Raging Bolt|
|poke|p1|Hatterene, F|
|poke|p1|Walking Wake|
|poke|p1|Great Tusk|
|poke|p1|Scizor, F|
|poke|p2|Jirachi|
|poke|p2|Cottonee, L1, F|
|poke|p2|Gliscor, M|
|poke|p2|Umbreon, M|
|poke|p2|Clefable, F|
|poke|p2|Blissey, F|
|teampreview
|inactive|Battle timer is ON: inactive players will automatically lose when time's up. (requested by massimo_cpa)
|
|t:|1759069686
|teamsize|p1|6
|teamsize|p2|6
|start
|switch|p1a: Scizor|Scizor, F|100/100
|switch|p2a: Clefable|Clefable, F|100/100
|turn|1
|
|t:|1759069698
|switch|p2a: Blissey|Blissey, F|100/100
|move|p1a: Scizor|U-turn|p2a: Blissey
|-damage|p2a: Blissey|48/100
|
|t:|1759069705
|switch|p1a: Great Tusk|Great Tusk, shiny|100/100|[from] U-turn
|
|-heal|p2a: Blissey|54/100|[from] item: Leftovers
|upkeep
|turn|2
|
|t:|1759069719
|-terastallize|p2a: Blissey|Ghost
|move|p1a: Great Tusk|Rapid Spin|p2a: Blissey
|-immune|p2a: Blissey
|move|p2a: Blissey|Shadow Ball|p1a: Great Tusk
|-damage|p1a: Great Tusk|69/100
|
|-heal|p2a: Blissey|60/100|[from] item: Leftovers
|upkeep
|turn|3
|
|t:|1759069735
|move|p1a: Great Tusk|Headlong Rush|p2a: Blissey
|-damage|p2a: Blissey|2/100
|-unboost|p1a: Great Tusk|def|1
|-unboost|p1a: Great Tusk|spd|1
|move|p2a: Blissey|Soft-Boiled|p2a: Blissey
|-heal|p2a: Blissey|52/100
|
|-heal|p2a: Blissey|58/100|[from] item: Leftovers
|upkeep
|turn|4
|
|t:|1759069744
|move|p1a: Great Tusk|Headlong Rush|p2a: Blissey
|-crit|p2a: Blissey
|-damage|p2a: Blissey|0 fnt
|-unboost|p1a: Great Tusk|def|1
|-unboost|p1a: Great Tusk|spd|1
|faint|p2a: Blissey
|
|upkeep
|
|t:|1759069755
|switch|p2a: Clefable|Clefable, F|100/100
|turn|5
|
|t:|1759069764
|-end|p1a: Great Tusk|Protosynthesis|[silent]
|switch|p1a: Ninetales|Ninetales, F, shiny|100/100
|-weather|SunnyDay|[from] ability: Drought|[of] p1a: Ninetales
|move|p2a: Clefable|Moonblast|p1a: Ninetales
|-resisted|p1a: Ninetales
|-damage|p1a: Ninetales|81/100
|-unboost|p1a: Ninetales|spa|1
|
|-weather|SunnyDay|[upkeep]
|upkeep
|turn|6
|
|t:|1759069777
|move|p1a: Ninetales|Encore|p2a: Clefable
|-start|p2a: Clefable|Encore
|move|p2a: Clefable|Moonblast|p1a: Ninetales
|-resisted|p1a: Ninetales
|-damage|p1a: Ninetales|58/100
|
|-weather|SunnyDay|[upkeep]
|upkeep
|turn|7
|
|t:|1759069793
|move|p1a: Ninetales|Weather Ball|p2a: Clefable
|-damage|p2a: Clefable|61/100
|move|p2a: Clefable|Moonblast|p1a: Ninetales
|-resisted|p1a: Ninetales
|-damage|p1a: Ninetales|37/100
|
|-weather|SunnyDay|[upkeep]
|-heal|p2a: Clefable|67/100|[from] item: Leftovers
|upkeep
|turn|8
|
|t:|1759069807
|move|p1a: Ninetales|Weather Ball|p2a: Clefable
|-crit|p2a: Clefable
|-damage|p2a: Clefable|8/100
|move|p2a: Clefable|Moonblast|p1a: Ninetales
|-resisted|p1a: Ninetales
|-damage|p1a: Ninetales|14/100
|-unboost|p1a: Ninetales|spa|1
|
|-weather|SunnyDay|[upkeep]
|-heal|p2a: Clefable|14/100|[from] item: Leftovers
|-end|p2a: Clefable|Encore
|upkeep
|turn|9
|
|t:|1759069830
|move|p1a: Ninetales|Weather Ball|p2a: Clefable
|-damage|p2a: Clefable|0 fnt
|faint|p2a: Clefable
|
|-weather|SunnyDay|[upkeep]
|upkeep
|
|t:|1759069840
|switch|p2a: Gliscor|Gliscor, M|100/100
|turn|10
|
|t:|1759069847
|move|p1a: Ninetales|Will-O-Wisp|p2a: Gliscor|[miss]
|-miss|p1a: Ninetales|p2a: Gliscor
|move|p2a: Gliscor|Earthquake|p1a: Ninetales
|-supereffective|p1a: Ninetales
|-damage|p1a: Ninetales|0 fnt
|faint|p1a: Ninetales
|
|-weather|SunnyDay|[upkeep]
|-status|p2a: Gliscor|tox|[from] item: Toxic Orb
|upkeep
|
|t:|1759069859
|switch|p1a: Great Tusk|Great Tusk, shiny|69/100
|-activate|p1a: Great Tusk|ability: Protosynthesis
|-start|p1a: Great Tusk|protosynthesisatk
|turn|11
|
|t:|1759069864
|move|p2a: Gliscor|Substitute|p2a: Gliscor
|-start|p2a: Gliscor|Substitute
|-damage|p2a: Gliscor|76/100 tox
|move|p1a: Great Tusk|Ice Spinner|p2a: Gliscor
|-supereffective|p2a: Gliscor
|-end|p2a: Gliscor|Substitute
|
|-weather|SunnyDay|[upkeep]
|-heal|p2a: Gliscor|88/100 tox|[from] ability: Poison Heal
|upkeep
|turn|12
|
|t:|1759069878
|move|p2a: Gliscor|Facade|p1a: Great Tusk
|-damage|p1a: Great Tusk|38/100
|-damage|p2a: Gliscor|72/100 tox|[from] item: Rocky Helmet|[of] p1a: Great Tusk
|move|p1a: Great Tusk|Temper Flare|p2a: Gliscor
|-damage|p2a: Gliscor|23/100 tox
|
|-weather|none
|-end|p1a: Great Tusk|Protosynthesis
|-heal|p2a: Gliscor|35/100 tox|[from] ability: Poison Heal
|upkeep
|turn|13
|
|t:|1759069889
|move|p2a: Gliscor|Earthquake|p1a: Great Tusk
|-damage|p1a: Great Tusk|7/100
|move|p1a: Great Tusk|Ice Spinner|p2a: Gliscor
|-supereffective|p2a: Gliscor
|-damage|p2a: Gliscor|0 fnt
|faint|p2a: Gliscor
|
|upkeep
|
|t:|1759069896
|switch|p2a: Cottonee|Cottonee, L1, F, shiny|100/100
|turn|14
|
|t:|1759069903
|move|p2a: Cottonee|Protect|p2a: Cottonee
|-singleturn|p2a: Cottonee|Protect
|move|p1a: Great Tusk|Ice Spinner|p2a: Cottonee
|-activate|p2a: Cottonee|move: Protect
|
|upkeep
|turn|15
|
|t:|1759069908
|move|p1a: Great Tusk|Temper Flare|p2a: Cottonee
|-supereffective|p2a: Cottonee
|-enditem|p2a: Cottonee|Focus Sash
|-damage|p2a: Cottonee|9/100
|move|p2a: Cottonee|Substitute|p2a: Cottonee
|-fail|p2a: Cottonee|move: Substitute|[weak]
|
|upkeep
|turn|16
|
|t:|1759069920
|move|p1a: Great Tusk|Rapid Spin|p2a: Cottonee
|-damage|p2a: Cottonee|0 fnt
|-boost|p1a: Great Tusk|spe|1
|faint|p2a: Cottonee
|
|upkeep
|
|t:|1759069926
|switch|p2a: Umbreon|Umbreon, M|100/100
|turn|17
|
|t:|1759069933
|move|p1a: Great Tusk|Headlong Rush|p2a: Umbreon
|-damage|p2a: Umbreon|66/100
|-unboost|p1a: Great Tusk|def|1
|-unboost|p1a: Great Tusk|spd|1
|move|p2a: Umbreon|Substitute|p2a: Umbreon
|-start|p2a: Umbreon|Substitute
|-damage|p2a: Umbreon|41/100
|
|-heal|p2a: Umbreon|47/100|[from] item: Leftovers
|upkeep
|turn|18
|
|t:|1759069942
|move|p1a: Great Tusk|Headlong Rush|p2a: Umbreon
|-end|p2a: Umbreon|Substitute
|-unboost|p1a: Great Tusk|def|1
|-unboost|p1a: Great Tusk|spd|1
|move|p2a: Umbreon|Calm Mind|p2a: Umbreon
|-boost|p2a: Umbreon|spa|1
|-boost|p2a: Umbreon|spd|1
|
|-heal|p2a: Umbreon|54/100|[from] item: Leftovers
|upkeep
|turn|19
|
|t:|1759069951
|move|p1a: Great Tusk|Headlong Rush|p2a: Umbreon
|-damage|p2a: Umbreon|18/100
|-unboost|p1a: Great Tusk|def|1
|-unboost|p1a: Great Tusk|spd|1
|move|p2a: Umbreon|Calm Mind|p2a: Umbreon
|-boost|p2a: Umbreon|spa|1
|-boost|p2a: Umbreon|spd|1
|
|-heal|p2a: Umbreon|24/100|[from] item: Leftovers
|upkeep
|turn|20
|
|t:|1759069964
|move|p1a: Great Tusk|Headlong Rush|p2a: Umbreon
|-damage|p2a: Umbreon|0 fnt
|-unboost|p1a: Great Tusk|def|1
|-unboost|p1a: Great Tusk|spd|1
|faint|p2a: Umbreon
|
|upkeep
|
|t:|1759069970
|switch|p2a: Jirachi|Jirachi, shiny|100/100
|turn|21
|
|t:|1759069974
|move|p1a: Great Tusk|Temper Flare|p2a: Jirachi
|-supereffective|p2a: Jirachi
|-crit|p2a: Jirachi
|-damage|p2a: Jirachi|37/100
|move|p2a: Jirachi|Dazzling Gleam|p1a: Great Tusk
|-supereffective|p1a: Great Tusk
|-damage|p1a: Great Tusk|0 fnt
|faint|p1a: Great Tusk
|-end|p1a: Great Tusk|Protosynthesis|[silent]
|
|-heal|p2a: Jirachi|43/100|[from] item: Leftovers
|upkeep
|
|t:|1759069981
|switch|p1a: Scizor|Scizor, F|100/100
|turn|22
|
|t:|1759069989
|move|p2a: Jirachi|Substitute|p2a: Jirachi
|-start|p2a: Jirachi|Substitute
|-damage|p2a: Jirachi|18/100
|move|p1a: Scizor|U-turn|p2a: Jirachi
|-end|p2a: Jirachi|Substitute
|
|t:|1759069994
|switch|p1a: Walking Wake|Walking Wake|100/100|[from] U-turn
|
|-heal|p2a: Jirachi|24/100|[from] item: Leftovers
|upkeep
|turn|23
|
|t:|1759070001
|move|p1a: Walking Wake|Flamethrower|p2a: Jirachi
|-supereffective|p2a: Jirachi
|-damage|p2a: Jirachi|0 fnt
|faint|p2a: Jirachi
|
|win|massimo_cpa
|raw|massimo_cpa's rating: 1103 &rarr; <strong>1126</strong><br />(+23 for winning)
|raw|forestfrost's rating: 1077 &rarr; <strong>1057</strong><br />(-20 for losing)
|l|☆massimo_cpa
|player|p1|
|l|☆forestfrost
|player|p2|
