|j|☆rishav1x
|j|☆axunyu
|t:|1758979861
|gametype|singles
|player|p1|rishav1x|nate|1225
|player|p2|axunyu|benga|1220
|gen|9
|tier|[Gen 9] OU
|rated|
|rule|HP Percentage Mod: HP is shown in percentages
|rule|Endless Battle Clause: Forcing endless battles is banned
|rule|Species Clause: Limit one of each Pokémon
|rule|OHKO Clause: OHKO moves are banned
|rule|Evasion Items Clause: Evasion items are banned
|rule|Evasion Moves Clause: Evasion moves are banned
|rule|Evasion Abilities Clause: Evasion abilities are banned
|rule|Sleep Moves Clause: Sleep-inducing moves are banned
|clearpoke
|poke|p1|Dragonite, F|
|poke|p1|Zamazenta-*|
|poke|p1|Landorus-Therian, M|
|poke|p1|Gholdengo|
|poke|p1|Darkrai|
|poke|p1|Hatterene, F|
|poke|p2|Hatterene, F|
|poke|p2|Cresselia, F|
|poke|p2|Torkoal, F|
|poke|p2|Glastrier|
|poke|p2|Azelf|
|poke|p2|Golurk|
|teampreview
|inactive|Battle timer is ON: inactive players will automatically lose when time's up. (requested by rishav1x)
|
|t:|1758979870
|teamsize|p1|6
|teamsize|p2|6
|start
|switch|p1a: Dragonite|Dragonite, F|100/100
|switch|p2a: Hatterene|Hatterene, F|100/100
|turn|1
|
|t:|1758979877
|switch|p1a: Gholdengo|Gholdengo|100/100
|move|p2a: Hatterene|Trick Room|p2a: Hatterene
|-fieldstart|move: Trick Room|[of] p2a: Hatterene
|
|upkeep
|turn|2
|
|t:|1758979886
|-terastallize|p1a: Gholdengo|Steel
|move|p2a: Hatterene|Healing Wish|p2a: Hatterene
|faint|p2a: Hatterene
|move|p1a: Gholdengo|Make It Rain|p2: Hatterene|[notarget]
|-fail|p1a: Gholdengo
|
|upkeep
|
|t:|1758979890
|switch|p2a: Torkoal|Torkoal, F, shiny|100/100
|-weather|SunnyDay|[from] ability: Drought|[of] p2a: Torkoal
|turn|3
|
|t:|1758979898
|move|p2a: Torkoal|Eruption|p1a: Gholdengo
|-supereffective|p1a: Gholdengo
|-damage|p1a: Gholdengo|0 fnt
|faint|p1a: Gholdengo
|
|-weather|SunnyDay|[upkeep]
|upkeep
|
|t:|1758979903
|switch|p1a: Landorus|Landorus-Therian, M|100/100
|-ability|p1a: Landorus|Intimidate|boost
|-unboost|p2a: Torkoal|atk|1
|turn|4
|
|t:|1758979907
|-terastallize|p2a: Torkoal|Fire
|move|p2a: Torkoal|Eruption|p1a: Landorus
|-damage|p1a: Landorus|0 fnt
|faint|p1a: Landorus
|
|-weather|SunnyDay|[upkeep]
|upkeep
|c|☆rishav1x|!data eruption
|raw|<ul class="utilichart"><li class="result"><span class="col movenamecol"><a href="https://dex.pokemonshowdown.com/moves/eruption">Eruption</a></span> <span class="col typecol"><img src="//play.pokemonshowdown.com/sprites/types/Fire.png" alt="Fire" width="32" height="14"><img src="//play.pokemonshowdown.com/sprites/categories/Special.png" alt="Special" width="32" height="14"></span> <span class="col labelcol"><em>Power</em><br>150</span> <span class="col widelabelcol"><em>Accuracy</em><br>100%</span> <span class="col pplabelcol"><em>PP</em><br>8</span> <span class="col movedesccol">Less power as user's HP decreases. Hits foe(s).</span> </li><li style="clear:both"></li></ul>

|
|t:|1758979936
|switch|p1a: Hatterene|Hatterene, F|100/100
|turn|5
|c|☆axunyu|hh
|
|t:|1758979946
|move|p2a: Torkoal|Eruption|p1a: Hatterene
|-damage|p1a: Hatterene|0 fnt
|faint|p1a: Hatterene
|
|-weather|SunnyDay|[upkeep]
|-fieldend|move: Trick Room
|upkeep
|
|t:|1758979956
|switch|p1a: Dragonite|Dragonite, F|100/100
|turn|6
|
|t:|1758979962
|switch|p2a: Golurk|Golurk|100/100
|move|p1a: Dragonite|Earthquake|p2a: Golurk
|-damage|p2a: Golurk|63/100
|
|-weather|SunnyDay|[upkeep]
|upkeep
|turn|7
|
|t:|1758979969
|move|p1a: Dragonite|Dragon Dance|p1a: Dragonite
|-boost|p1a: Dragonite|atk|1
|-boost|p1a: Dragonite|spe|1
|move|p2a: Golurk|Poltergeist|p1a: Dragonite
|-activate|p1a: Dragonite|move: Poltergeist|Lum Berry
|-damage|p1a: Dragonite|54/100
|-damage|p2a: Golurk|53/100|[from] item: Life Orb
|
|-weather|none
|upkeep
|turn|8
|
|t:|1758979977
|move|p1a: Dragonite|Earthquake|p2a: Golurk
|-damage|p2a: Golurk|0 fnt
|faint|p2a: Golurk
|
|upkeep
|
|t:|1758979980
|switch|p2a: Azelf|Azelf|100/100
|turn|9
|
|t:|1758979983
|switch|p1a: Darkrai|Darkrai, shiny|100/100
|move|p2a: Azelf|Trick Room|p2a: Azelf
|-fieldstart|move: Trick Room|[of] p2a: Azelf
|
|upkeep
|turn|10
|
|t:|1758979989
|move|p2a: Azelf|Explosion|p1a: Darkrai
|-damage|p1a: Darkrai|30/100
|faint|p2a: Azelf
|move|p1a: Darkrai|Will-O-Wisp|p2: Azelf|[notarget]
|-fail|p1a: Darkrai
|
|upkeep
|
|t:|1758979991
|switch|p2a: Glastrier|Glastrier|100/100
|turn|11
|
|t:|1758980001
|move|p2a: Glastrier|Icicle Crash|p1a: Darkrai
|-damage|p1a: Darkrai|0 fnt
|faint|p1a: Darkrai
|-ability|p2a: Glastrier|Chilling Neigh|boost
|-boost|p2a: Glastrier|atk|1
|-damage|p2a: Glastrier|91/100|[from] item: Life Orb
|
|upkeep
|
|t:|1758980003
|switch|p1a: Zamazenta|Zamazenta|100/100
|-ability|p1a: Zamazenta|Dauntless Shield|boost
|-boost|p1a: Zamazenta|def|1
|turn|12
|
|t:|1758980016
|move|p2a: Glastrier|High Horsepower|p1a: Zamazenta
|-damage|p1a: Zamazenta|63/100
|-damage|p2a: Glastrier|81/100|[from] item: Life Orb
|move|p1a: Zamazenta|Iron Defense|p1a: Zamazenta
|-boost|p1a: Zamazenta|def|2
|
|-heal|p1a: Zamazenta|69/100|[from] item: Leftovers
|upkeep
|turn|13
|
|t:|1758980026
|move|p2a: Glastrier|Close Combat|p1a: Zamazenta
|-damage|p1a: Zamazenta|37/100
|-unboost|p2a: Glastrier|def|1
|-unboost|p2a: Glastrier|spd|1
|-damage|p2a: Glastrier|71/100|[from] item: Life Orb
|move|p1a: Zamazenta|Iron Defense|p1a: Zamazenta
|-boost|p1a: Zamazenta|def|2
|
|-heal|p1a: Zamazenta|43/100|[from] item: Leftovers
|-fieldend|move: Trick Room
|upkeep
|turn|14
|
|t:|1758980041
|move|p1a: Zamazenta|Body Press|p2a: Glastrier
|-supereffective|p2a: Glastrier
|-damage|p2a: Glastrier|0 fnt
|faint|p2a: Glastrier
|
|-heal|p1a: Zamazenta|50/100|[from] item: Leftovers
|upkeep
|
|t:|1758980044
|switch|p2a: Cresselia|Cresselia, F|100/100
|turn|15
|
|t:|1758980051
|move|p1a: Zamazenta|Crunch|p2a: Cresselia
|-supereffective|p2a: Cresselia
|-damage|p2a: Cresselia|77/100
|move|p2a: Cresselia|Trick Room|p2a: Cresselia
|-fieldstart|move: Trick Room|[of] p2a: Cresselia
|
|-heal|p1a: Zamazenta|56/100|[from] item: Leftovers
|upkeep
|turn|16
|
|t:|1758980065
|move|p2a: Cresselia|Lunar Dance|p2a: Cresselia
|faint|p2a: Cresselia
|move|p1a: Zamazenta|Iron Defense|p1a: Zamazenta
|-boost|p1a: Zamazenta|def|1
|
|-heal|p1a: Zamazenta|62/100|[from] item: Leftovers
|upkeep
|
|t:|1758980067
|switch|p2a: Torkoal|Torkoal, F, shiny, tera:Fire|100/100
|-heal|p2a: Torkoal|100/100|[from] move: Lunar Dance
|-weather|SunnyDay|[from] ability: Drought|[of] p2a: Torkoal
|turn|17
|
|t:|1758980082
|move|p2a: Torkoal|Eruption|p1a: Zamazenta
|-damage|p1a: Zamazenta|0 fnt
|faint|p1a: Zamazenta
|
|-weather|SunnyDay|[upkeep]
|upkeep
|
|t:|1758980085
|switch|p1a: Dragonite|Dragonite, F|54/100
|turn|18
|
|t:|1758980087
|move|p2a: Torkoal|Eruption|p1a: Dragonite
|-resisted|p1a: Dragonite
|-damage|p1a: Dragonite|0 fnt
|faint|p1a: Dragonite
|
|win|axunyu
|raw|rishav1x's rating: 1225 &rarr; <strong>1200</strong><br />(-25 for losing)
|raw|axunyu's rating: 1220 &rarr; <strong>1245</strong><br />(+25 for winning)
|l|☆axunyu
|player|p2|
