|j|☆vghhjg
|j|☆Shibuya Arc
|t:|1758920934
|gametype|singles
|player|p1|vghhjg|2|1528
|player|p2|Shibuya Arc|265|1556
|gen|9
|tier|[Gen 9] OU
|rated|
|rule|HP Percentage Mod: HP is shown in percentages
|rule|Endless Battle Clause: Forcing endless battles is banned
|rule|Species Clause: Limit one of each Pokémon
|rule|OHKO Clause: OHKO moves are banned
|rule|Evasion Items Clause: Evasion items are banned
|rule|Evasion Moves Clause: Evasion moves are banned
|rule|Evasion Abilities Clause: Evasion abilities are banned
|rule|Sleep Moves Clause: Sleep-inducing moves are banned
|clearpoke
|poke|p1|Gholdengo|
|poke|p1|Ribombee, M|
|poke|p1|Dragonite, F|
|poke|p1|Comfey, F|
|poke|p1|Primarina, M|
|poke|p1|Scrafty, M|
|poke|p2|Dragapult, F|
|poke|p2|Dragonite, F|
|poke|p2|Ting-Lu|
|poke|p2|Weezing-Galar, F|
|poke|p2|Iron Crown|
|poke|p2|Zapdos|
|teampreview
|
|t:|1758920943
|teamsize|p1|6
|teamsize|p2|6
|start
|switch|p1a: Ribombee|Ribombee, M|100/100
|switch|p2a: Ting-Lu|Ting-Lu|100/100
|-ability|p2a: Ting-Lu|Vessel of Ruin
|turn|1
|inactive|Battle timer is ON: inactive players will automatically lose when time's up. (requested by Shibuya Arc)
|
|t:|1758920968
|move|p1a: Ribombee|Sticky Web|p2a: Ting-Lu
|-sidestart|p2: Shibuya Arc|move: Sticky Web
|move|p2a: Ting-Lu|Stealth Rock|p1a: Ribombee
|-sidestart|p1: vghhjg|move: Stealth Rock
|
|upkeep
|turn|2
|
|t:|1758920974
|move|p1a: Ribombee|Stun Spore|p2a: Ting-Lu
|-status|p2a: Ting-Lu|par
|move|p2a: Ting-Lu|Ruination|p1a: Ribombee
|-damage|p1a: Ribombee|51/100
|
|upkeep
|turn|3
|
|t:|1758920984
|move|p1a: Ribombee|Skill Swap|p2a: Ting-Lu
|-activate|p1a: Ribombee|move: Skill Swap|Vessel of Ruin|Shield Dust|[of] p2a: Ting-Lu
|-ability|p1a: Ribombee|Vessel of Ruin
|move|p2a: Ting-Lu|Ruination|p1a: Ribombee
|-damage|p1a: Ribombee|26/100
|
|upkeep
|turn|4
|
|t:|1758920995
|move|p1a: Ribombee|Stun Spore|p2a: Ting-Lu
|-fail|p2a: Ting-Lu|par
|move|p2a: Ting-Lu|Earthquake|p1a: Ribombee
|-resisted|p1a: Ribombee
|-damage|p1a: Ribombee|0 fnt
|faint|p1a: Ribombee
|
|upkeep
|
|t:|1758921004
|switch|p1a: Dragonite|Dragonite, F|100/100
|turn|5
|
|t:|1758921010
|move|p1a: Dragonite|Encore|p2a: Ting-Lu
|-start|p2a: Ting-Lu|Encore
|move|p2a: Ting-Lu|Earthquake|p1a: Dragonite
|-immune|p1a: Dragonite
|
|upkeep
|turn|6
|
|t:|1758921020
|switch|p1a: Scrafty|Scrafty, M|100/100
|-damage|p1a: Scrafty|95/100|[from] Stealth Rock
|switch|p2a: Dragapult|Dragapult, F|100/100
|
|upkeep
|turn|7
|
|t:|1758921025
|move|p2a: Dragapult|U-turn|p1a: Scrafty
|-damage|p1a: Scrafty|73/100
|
|t:|1758921037
|switch|p2a: Dragonite|Dragonite, F|100/100|[from] U-turn
|move|p1a: Scrafty|Dragon Dance|p1a: Scrafty
|-boost|p1a: Scrafty|atk|1
|-boost|p1a: Scrafty|spe|1
|
|upkeep
|turn|8
|
|t:|1758921047
|move|p1a: Scrafty|Dragon Dance|p1a: Scrafty
|-boost|p1a: Scrafty|atk|1
|-boost|p1a: Scrafty|spe|1
|move|p2a: Dragonite|Earthquake|p1a: Scrafty
|-damage|p1a: Scrafty|30/100
|
|upkeep
|turn|9
|
|t:|1758921064
|-terastallize|p1a: Scrafty|Flying
|move|p2a: Dragonite|Extreme Speed|p1a: Scrafty
|-damage|p1a: Scrafty|0 fnt
|faint|p1a: Scrafty
|
|upkeep
|-message|vghhjg forfeited.
|
|win|Shibuya Arc
|raw|vghhjg's rating: 1528 &rarr; <strong>1510</strong><br />(-18 for losing)
|raw|Shibuya Arc's rating: 1556 &rarr; <strong>1574</strong><br />(+18 for winning)
|l|☆vghhjg
|player|p1|
|l|☆Shibuya Arc
|player|p2|
