|badge|p1|bronze|gen9ou|100-6
|html|<div class="broadcast-red"><strong>This battle is required to be public due to one or more player having a season medal.</strong><br />During the public phase, you can discuss the state of the ladder <a href="/seasondiscussion">in a special chatroom.</a></div>
|uhtml|medal-msg|<div class="broadcast-blue">Curious what those medals under the avatar are? PS now has Ladder Seasons! For more information, check out the <a href="https://www.smogon.com/forums/threads/3740067/">thread on Smogon.</a></div>
|badge|p2|bronze|gen9ou|100-6
|uhtml|medal-msg|<div class="broadcast-blue">Curious what those medals under the avatar are? PS now has Ladder Seasons! For more information, check out the <a href="https://www.smogon.com/forums/threads/3740067/">thread on Smogon.</a></div>
|raw|<div class="broadcast-blue"><strong>This battle is required to be public due to a player having a name starting with 'medal'.</div>
|j|☆LudwigFrog
|j|☆healorant
|t:|1758989875
|gametype|singles
|player|p1|LudwigFrog|hilbert-wonderlauncher|1869
|player|p2|healorant|alder|1858
|gen|9
|tier|[Gen 9] OU
|rated|
|rule|HP Percentage Mod: HP is shown in percentages
|rule|Endless Battle Clause: Forcing endless battles is banned
|rule|Species Clause: Limit one of each Pokémon
|rule|OHKO Clause: OHKO moves are banned
|rule|Evasion Items Clause: Evasion items are banned
|rule|Evasion Moves Clause: Evasion moves are banned
|rule|Evasion Abilities Clause: Evasion abilities are banned
|rule|Sleep Moves Clause: Sleep-inducing moves are banned
|clearpoke
|poke|p1|Weavile, M|
|poke|p1|Gliscor, M|
|poke|p1|Ting-Lu|
|poke|p1|Zamazenta-*|
|poke|p1|Slowking-Galar, M|
|poke|p1|Rotom-Wash|
|poke|p2|Zamazenta-*|
|poke|p2|Rillaboom, M|
|poke|p2|Heatran, M|
|poke|p2|Ting-Lu|
|poke|p2|Raging Bolt|
|poke|p2|Great Tusk|
|teampreview
|inactive|Battle timer is ON: inactive players will automatically lose when time's up. (requested by LudwigFrog)
|j| amefurikoneko
|
|t:|1758989892
|teamsize|p1|6
|teamsize|p2|6
|start
|switch|p1a: Slowking|Slowking-Galar, M|100/100
|switch|p2a: Heatran|Heatran, M|100/100
|turn|1
|
|t:|1758989897
|move|p2a: Heatran|Stealth Rock|p1a: Slowking
|-sidestart|p1: LudwigFrog|move: Stealth Rock
|-prepare|p1a: Slowking|Chilly Reception|[premajor]
|move|p1a: Slowking|Chilly Reception|p1a: Slowking
|-weather|Snowscape
|
|t:|1758989898
|switch|p1a: Gliscor|Gliscor, M|100/100|[from] Chilly Reception
|-damage|p1a: Gliscor|88/100|[from] Stealth Rock
|
|-weather|Snowscape|[upkeep]
|-status|p1a: Gliscor|tox|[from] item: Toxic Orb
|upkeep
|turn|2
|
|t:|1758989904
|switch|p2a: Great Tusk|Great Tusk|100/100
|move|p1a: Gliscor|Spikes|p2a: Great Tusk
|-sidestart|p2: healorant|Spikes
|
|-weather|Snowscape|[upkeep]
|-heal|p1a: Gliscor|100/100 tox|[from] ability: Poison Heal
|upkeep
|turn|3
|
|t:|1758989909
|move|p2a: Great Tusk|Ice Spinner|p1a: Gliscor
|-supereffective|p1a: Gliscor
|-damage|p1a: Gliscor|12/100 tox
|move|p1a: Gliscor|Toxic|p2a: Great Tusk
|-status|p2a: Great Tusk|tox
|
|-weather|Snowscape|[upkeep]
|-damage|p2a: Great Tusk|94/100 tox|[from] psn
|-heal|p1a: Gliscor|24/100 tox|[from] ability: Poison Heal
|upkeep
|turn|4
|
|t:|1758989916
|move|p1a: Gliscor|Protect|p1a: Gliscor
|-singleturn|p1a: Gliscor|Protect
|move|p2a: Great Tusk|Ice Spinner|p1a: Gliscor
|-activate|p1a: Gliscor|move: Protect
|
|-weather|Snowscape|[upkeep]
|-damage|p2a: Great Tusk|82/100 tox|[from] psn
|-heal|p1a: Gliscor|37/100 tox|[from] ability: Poison Heal
|upkeep
|turn|5
|
|t:|1758989920
|-end|p2a: Great Tusk|Protosynthesis|[silent]
|switch|p2a: Rillaboom|Rillaboom, M|100/100
|-damage|p2a: Rillaboom|88/100|[from] Spikes
|-fieldstart|move: Grassy Terrain|[from] ability: Grassy Surge|[of] p2a: Rillaboom
|switch|p1a: Rotom|Rotom-Wash|100/100
|-damage|p1a: Rotom|88/100|[from] Stealth Rock
|
|-weather|none
|-heal|p2a: Rillaboom|94/100|[from] Grassy Terrain
|-heal|p2a: Rillaboom|99/100|[from] item: Leftovers
|-heal|p1a: Rotom|94/100|[from] item: Leftovers
|upkeep
|turn|6
|
|t:|1758989925
|switch|p2a: Heatran|Heatran, M|100/100
|-damage|p2a: Heatran|88/100|[from] Spikes
|move|p1a: Rotom|Will-O-Wisp|p2a: Heatran
|-start|p2a: Heatran|ability: Flash Fire
|
|-heal|p1a: Rotom|100/100|[from] item: Leftovers
|-heal|p2a: Heatran|94/100|[from] Grassy Terrain
|-heal|p2a: Heatran|100/100|[from] item: Leftovers
|upkeep
|turn|7
|
|t:|1758989928
|move|p1a: Rotom|Hydro Pump|p2a: Heatran
|-supereffective|p2a: Heatran
|-damage|p2a: Heatran|53/100
|move|p2a: Heatran|Lava Plume|p1a: Rotom
|-resisted|p1a: Rotom
|-damage|p1a: Rotom|74/100
|-status|p1a: Rotom|brn
|
|-heal|p1a: Rotom|80/100 brn|[from] item: Leftovers
|-heal|p2a: Heatran|60/100|[from] Grassy Terrain
|-heal|p2a: Heatran|66/100|[from] item: Leftovers
|-damage|p1a: Rotom|74/100 brn|[from] brn
|upkeep
|turn|8
|
|t:|1758989933
|move|p1a: Rotom|Hydro Pump|p2a: Heatran|[miss]
|-miss|p1a: Rotom|p2a: Heatran
|move|p2a: Heatran|Lava Plume|p1a: Rotom
|-resisted|p1a: Rotom
|-crit|p1a: Rotom
|-damage|p1a: Rotom|35/100 brn
|
|-heal|p1a: Rotom|42/100 brn|[from] item: Leftovers
|-heal|p2a: Heatran|72/100|[from] Grassy Terrain
|-heal|p2a: Heatran|78/100|[from] item: Leftovers
|-damage|p1a: Rotom|35/100 brn|[from] brn
|upkeep
|turn|9
|
|t:|1758989937
|move|p1a: Rotom|Pain Split|p2a: Heatran
|-sethp|p2a: Heatran|53/100|[from] move: Pain Split|[silent]
|-sethp|p1a: Rotom|67/100 brn|[from] move: Pain Split
|move|p2a: Heatran|Lava Plume|p1a: Rotom
|-resisted|p1a: Rotom
|-damage|p1a: Rotom|40/100 brn
|
|-heal|p1a: Rotom|46/100 brn|[from] item: Leftovers
|-heal|p2a: Heatran|59/100|[from] Grassy Terrain
|-heal|p2a: Heatran|66/100|[from] item: Leftovers
|-damage|p1a: Rotom|40/100 brn|[from] brn
|-fieldend|move: Grassy Terrain
|upkeep
|turn|10
|j| wgw2333
|
|t:|1758989945
|move|p1a: Rotom|Volt Switch|p2a: Heatran
|-damage|p2a: Heatran|48/100
|
|t:|1758989949
|switch|p1a: Slowking|Slowking-Galar, M|100/100|[from] Volt Switch
|move|p2a: Heatran|Lava Plume|p1a: Slowking
|-damage|p1a: Slowking|62/100
|
|-heal|p2a: Heatran|55/100|[from] item: Leftovers
|upkeep
|turn|11
|
|t:|1758989954
|move|p2a: Heatran|Lava Plume|p1a: Slowking
|-damage|p1a: Slowking|23/100
|-status|p1a: Slowking|brn
|-prepare|p1a: Slowking|Chilly Reception|[premajor]
|move|p1a: Slowking|Chilly Reception|p1a: Slowking
|-weather|Snowscape
|
|t:|1758989957
|switch|p1a: Rotom|Rotom-Wash|40/100 brn|[from] Chilly Reception
|-damage|p1a: Rotom|27/100 brn|[from] Stealth Rock
|
|-weather|Snowscape|[upkeep]
|-heal|p1a: Rotom|34/100 brn|[from] item: Leftovers
|-heal|p2a: Heatran|61/100|[from] item: Leftovers
|-damage|p1a: Rotom|27/100 brn|[from] brn
|upkeep
|turn|12
|
|t:|1758989960
|move|p1a: Rotom|Hydro Pump|p2a: Heatran
|-supereffective|p2a: Heatran
|-damage|p2a: Heatran|10/100
|move|p2a: Heatran|Lava Plume|p1a: Rotom
|-resisted|p1a: Rotom
|-damage|p1a: Rotom|0 fnt
|faint|p1a: Rotom
|
|-weather|Snowscape|[upkeep]
|-heal|p2a: Heatran|16/100|[from] item: Leftovers
|upkeep
|
|t:|1758989963
|switch|p1a: Weavile|Weavile, M|100/100
|-ability|p1a: Weavile|Pressure
|turn|13
|
|t:|1758989966
|move|p1a: Weavile|Knock Off|p2a: Heatran
|-damage|p2a: Heatran|0 fnt
|-enditem|p2a: Heatran|Leftovers|[from] move: Knock Off|[of] p1a: Weavile
|faint|p2a: Heatran
|
|-weather|Snowscape|[upkeep]
|upkeep
|
|t:|1758989976
|switch|p2a: Zamazenta|Zamazenta|100/100
|-damage|p2a: Zamazenta|88/100|[from] Spikes
|-ability|p2a: Zamazenta|Dauntless Shield|boost
|-boost|p2a: Zamazenta|def|1
|turn|14
|
|t:|1758989987
|switch|p1a: Slowking|Slowking-Galar, M|57/100 brn
|move|p2a: Zamazenta|Close Combat|p1a: Slowking
|-resisted|p1a: Slowking
|-damage|p1a: Slowking|42/100 brn
|-unboost|p2a: Zamazenta|def|1
|-unboost|p2a: Zamazenta|spd|1
|-damage|p2a: Zamazenta|78/100|[from] item: Life Orb
|
|-weather|Snowscape|[upkeep]
|-damage|p1a: Slowking|36/100 brn|[from] brn
|upkeep
|turn|15
|
|t:|1758989995
|switch|p1a: Zamazenta|Zamazenta|100/100
|-ability|p1a: Zamazenta|Dauntless Shield|boost
|-boost|p1a: Zamazenta|def|1
|move|p2a: Zamazenta|Crunch|p1a: Zamazenta
|-resisted|p1a: Zamazenta
|-damage|p1a: Zamazenta|90/100
|-damage|p2a: Zamazenta|68/100|[from] item: Life Orb
|
|-weather|none
|upkeep
|turn|16
|
|t:|1758990001
|switch|p2a: Great Tusk|Great Tusk|82/100 tox
|move|p1a: Zamazenta|Close Combat|p2a: Great Tusk
|-damage|p2a: Great Tusk|37/100 tox
|-unboost|p1a: Zamazenta|def|1
|-unboost|p1a: Zamazenta|spd|1
|
|-damage|p2a: Great Tusk|31/100 tox|[from] psn
|upkeep
|turn|17
|
|t:|1758990005
|move|p1a: Zamazenta|Close Combat|p2a: Great Tusk
|-damage|p2a: Great Tusk|0 fnt
|-unboost|p1a: Zamazenta|def|1
|-unboost|p1a: Zamazenta|spd|1
|faint|p2a: Great Tusk
|-end|p2a: Great Tusk|Protosynthesis|[silent]
|
|upkeep
|
|t:|1758990013
|switch|p2a: Rillaboom|Rillaboom, M|99/100
|-damage|p2a: Rillaboom|88/100|[from] Spikes
|-fieldstart|move: Grassy Terrain|[from] ability: Grassy Surge|[of] p2a: Rillaboom
|turn|18
|
|t:|1758990018
|move|p1a: Zamazenta|Close Combat|p2a: Rillaboom
|-damage|p2a: Rillaboom|21/100
|-unboost|p1a: Zamazenta|def|1
|-unboost|p1a: Zamazenta|spd|1
|move|p2a: Rillaboom|Swords Dance|p2a: Rillaboom
|-boost|p2a: Rillaboom|atk|2
|
|-heal|p1a: Zamazenta|96/100|[from] Grassy Terrain
|-heal|p2a: Rillaboom|27/100|[from] Grassy Terrain
|-heal|p2a: Rillaboom|33/100|[from] item: Leftovers
|upkeep
|turn|19
|j| paternozzo
|l| paternozzo
|
|t:|1758990040
|switch|p1a: Gliscor|Gliscor, M|37/100 tox
|-damage|p1a: Gliscor|24/100 tox|[from] Stealth Rock
|move|p2a: Rillaboom|Grassy Glide|p1a: Gliscor
|-damage|p1a: Gliscor|0 fnt
|faint|p1a: Gliscor
|
|-heal|p2a: Rillaboom|40/100|[from] Grassy Terrain
|-heal|p2a: Rillaboom|46/100|[from] item: Leftovers
|upkeep
|
|t:|1758990041
|switch|p1a: Zamazenta|Zamazenta|96/100
|turn|20
|
|t:|1758990051
|-terastallize|p1a: Zamazenta|Steel
|move|p2a: Rillaboom|Grassy Glide|p1a: Zamazenta
|-resisted|p1a: Zamazenta
|-damage|p1a: Zamazenta|61/100
|move|p1a: Zamazenta|Close Combat|p2a: Rillaboom
|-damage|p2a: Rillaboom|0 fnt
|-unboost|p1a: Zamazenta|def|1
|-unboost|p1a: Zamazenta|spd|1
|faint|p2a: Rillaboom
|
|-heal|p1a: Zamazenta|68/100|[from] Grassy Terrain
|upkeep
|
|t:|1758990062
|switch|p2a: Raging Bolt|Raging Bolt|100/100
|-damage|p2a: Raging Bolt|88/100|[from] Spikes
|turn|21
|j| Just Icicle
|
|t:|1758990067
|switch|p1a: Ting-Lu|Ting-Lu|100/100
|-damage|p1a: Ting-Lu|94/100|[from] Stealth Rock
|-ability|p1a: Ting-Lu|Vessel of Ruin
|move|p2a: Raging Bolt|Calm Mind|p2a: Raging Bolt
|-boost|p2a: Raging Bolt|spa|1
|-boost|p2a: Raging Bolt|spd|1
|
|-heal|p2a: Raging Bolt|94/100|[from] Grassy Terrain
|-heal|p2a: Raging Bolt|99/100|[from] item: Leftovers
|-heal|p1a: Ting-Lu|100/100|[from] Grassy Terrain
|upkeep
|turn|22
|
|t:|1758990069
|move|p2a: Raging Bolt|Calm Mind|p2a: Raging Bolt
|-boost|p2a: Raging Bolt|spa|1
|-boost|p2a: Raging Bolt|spd|1
|move|p1a: Ting-Lu|Ruination|p2a: Raging Bolt
|-damage|p2a: Raging Bolt|50/100
|
|-heal|p2a: Raging Bolt|56/100|[from] Grassy Terrain
|-heal|p2a: Raging Bolt|63/100|[from] item: Leftovers
|-fieldend|move: Grassy Terrain
|upkeep
|turn|23
|
|t:|1758990075
|-terastallize|p2a: Raging Bolt|Bug
|move|p2a: Raging Bolt|Dragon Pulse|p1a: Ting-Lu
|-damage|p1a: Ting-Lu|56/100
|move|p1a: Ting-Lu|Earthquake|p2a: Raging Bolt
|-resisted|p2a: Raging Bolt
|-damage|p2a: Raging Bolt|46/100
|
|-heal|p2a: Raging Bolt|52/100|[from] item: Leftovers
|-heal|p1a: Ting-Lu|62/100|[from] item: Leftovers
|upkeep
|turn|24
|
|t:|1758990079
|move|p2a: Raging Bolt|Dragon Pulse|p1a: Ting-Lu
|-damage|p1a: Ting-Lu|21/100
|move|p1a: Ting-Lu|Whirlwind|p2a: Raging Bolt
|-end|p2a: Raging Bolt|Protosynthesis|[silent]
|drag|p2a: Ting-Lu|Ting-Lu|100/100
|-damage|p2a: Ting-Lu|88/100|[from] Spikes
|-ability|p2a: Ting-Lu|Vessel of Ruin
|
|-heal|p1a: Ting-Lu|28/100|[from] item: Leftovers
|-heal|p2a: Ting-Lu|94/100|[from] item: Leftovers
|upkeep
|turn|25
|
|t:|1758990084
|move|p1a: Ting-Lu|Stealth Rock|p2a: Ting-Lu
|-sidestart|p2: healorant|move: Stealth Rock
|move|p2a: Ting-Lu|Earthquake|p1a: Ting-Lu
|-damage|p1a: Ting-Lu|5/100
|
|-heal|p1a: Ting-Lu|12/100|[from] item: Leftovers
|-heal|p2a: Ting-Lu|100/100|[from] item: Leftovers
|upkeep
|turn|26
|j| cryyysneasel
|
|t:|1758990088
|move|p1a: Ting-Lu|Ruination|p2a: Ting-Lu
|-damage|p2a: Ting-Lu|50/100
|move|p2a: Ting-Lu|Earthquake|p1a: Ting-Lu
|-damage|p1a: Ting-Lu|0 fnt
|faint|p1a: Ting-Lu
|
|-heal|p2a: Ting-Lu|57/100|[from] item: Leftovers
|upkeep
|
|t:|1758990090
|switch|p1a: Zamazenta|Zamazenta, tera:Steel|68/100
|turn|27
|
|t:|1758990093
|move|p1a: Zamazenta|Close Combat|p2a: Ting-Lu
|-supereffective|p2a: Ting-Lu
|-crit|p2a: Ting-Lu
|-damage|p2a: Ting-Lu|0 fnt
|-unboost|p1a: Zamazenta|def|1
|-unboost|p1a: Zamazenta|spd|1
|faint|p2a: Ting-Lu
|
|upkeep
|
|t:|1758990095
|switch|p2a: Zamazenta|Zamazenta|68/100
|-damage|p2a: Zamazenta|56/100|[from] Spikes
|-damage|p2a: Zamazenta|50/100|[from] Stealth Rock
|turn|28
|
|t:|1758990097
|switch|p1a: Slowking|Slowking-Galar, M|69/100 brn
|move|p2a: Zamazenta|Crunch|p1a: Slowking
|-supereffective|p1a: Slowking
|-damage|p1a: Slowking|18/100 brn
|-damage|p2a: Zamazenta|40/100|[from] item: Life Orb
|
|-damage|p1a: Slowking|12/100 brn|[from] brn
|upkeep
|turn|29
|
|t:|1758990101
|move|p2a: Zamazenta|Crunch|p1a: Slowking
|-supereffective|p1a: Slowking
|-damage|p1a: Slowking|0 fnt
|faint|p1a: Slowking
|-damage|p2a: Zamazenta|30/100|[from] item: Life Orb
|
|upkeep
|
|t:|1758990118
|switch|p1a: Zamazenta|Zamazenta, tera:Steel|68/100
|turn|30
|
|t:|1758990121
|move|p1a: Zamazenta|Close Combat|p2a: Zamazenta
|-damage|p2a: Zamazenta|0 fnt
|-unboost|p1a: Zamazenta|def|1
|-unboost|p1a: Zamazenta|spd|1
|faint|p2a: Zamazenta
|
|upkeep
|
|t:|1758990122
|switch|p2a: Raging Bolt|Raging Bolt, tera:Bug|52/100
|-damage|p2a: Raging Bolt|39/100|[from] Spikes
|-damage|p2a: Raging Bolt|15/100|[from] Stealth Rock
|turn|31
|
|t:|1758990128
|move|p2a: Raging Bolt|Thunderclap|p1a: Zamazenta
|-damage|p1a: Zamazenta|12/100
|move|p1a: Zamazenta|Close Combat|p2a: Raging Bolt
|-resisted|p2a: Raging Bolt
|-damage|p2a: Raging Bolt|0 fnt
|-unboost|p1a: Zamazenta|def|1
|-unboost|p1a: Zamazenta|spd|1
|faint|p2a: Raging Bolt
|-end|p2a: Raging Bolt|Protosynthesis|[silent]
|
|win|LudwigFrog
|raw|LudwigFrog's rating: 1869 &rarr; <strong>1888</strong><br />(+19 for winning)
|raw|healorant's rating: 1858 &rarr; <strong>1839</strong><br />(-19 for losing)
|l|☆LudwigFrog
|player|p1|
|l| cryyysneasel
|c|☆healorant|gg
|l|☆healorant
|player|p2|
|l| amefurikoneko
