|j|☆Itachicat
|j|☆LastGREATEST
|t:|1759050358
|gametype|singles
|player|p1|Itachicat|169|1330
|player|p2|LastGREATEST|blue-gen7|1251
|gen|9
|tier|[Gen 9] OU
|rated|
|rule|HP Percentage Mod: HP is shown in percentages
|rule|Endless Battle Clause: Forcing endless battles is banned
|rule|Species Clause: Limit one of each Pokémon
|rule|OHKO Clause: OHKO moves are banned
|rule|Evasion Items Clause: Evasion items are banned
|rule|Evasion Moves Clause: Evasion moves are banned
|rule|Evasion Abilities Clause: Evasion abilities are banned
|rule|Sleep Moves Clause: Sleep-inducing moves are banned
|clearpoke
|poke|p1|Dondozo, F|
|poke|p1|Kingambit, M|
|poke|p1|Kyurem|
|poke|p1|Ninetales-Alola, F|
|poke|p1|Ursaluna, F|
|poke|p1|Iron Valiant|
|poke|p2|Primeape, F|
|poke|p2|Rotom-Fan|
|poke|p2|Orthworm, M|
|poke|p2|Pecharunt|
|poke|p2|Samurott-Hisui, F|
|poke|p2|Weezing-Galar, F|
|teampreview
|inactive|Battle timer is ON: inactive players will automatically lose when time's up. (requested by Itachicat)
|inactive|LastGREATEST has 120 seconds left.
|inactive|LastGREATEST has 90 seconds left.
|
|t:|1759050429
|teamsize|p1|6
|teamsize|p2|6
|start
|switch|p1a: Ninetales|Ninetales-Alola, F|100/100
|switch|p2a: Rotom|Rotom-Fan|100/100
|-weather|Snowscape|[from] ability: Snow Warning|[of] p1a: Ninetales
|turn|1
|
|t:|1759050450
|move|p1a: Ninetales|Aurora Veil|p1a: Ninetales
|-sidestart|p1: Itachicat|move: Aurora Veil
|move|p2a: Rotom|Volt Switch|p1a: Ninetales
|-damage|p1a: Ninetales|78/100
|
|t:|1759050457
|switch|p2a: Weezing|Weezing-Galar, F|100/100|[from] Volt Switch
|-ability|p2a: Weezing|Neutralizing Gas
|
|-weather|Snowscape|[upkeep]
|upkeep
|turn|2
|
|t:|1759050482
|switch|p1a: Ursaluna|Ursaluna, F|100/100
|move|p2a: Weezing|Defog|p1a: Ursaluna
|-unboost|p1a: Ursaluna|evasion|1
|-sideend|p1: Itachicat|move: Aurora Veil
|
|-weather|Snowscape|[upkeep]
|-status|p1a: Ursaluna|brn|[from] item: Flame Orb
|upkeep
|turn|3
|
|t:|1759050492
|move|p1a: Ursaluna|Swords Dance|p1a: Ursaluna
|-boost|p1a: Ursaluna|atk|2
|move|p2a: Weezing|Sludge Bomb|p1a: Ursaluna
|-resisted|p1a: Ursaluna
|-damage|p1a: Ursaluna|87/100 brn
|
|-weather|Snowscape|[upkeep]
|-damage|p1a: Ursaluna|81/100 brn|[from] brn
|upkeep
|turn|4
|
|t:|1759050507
|-end|p2a: Weezing|ability: Neutralizing Gas
|switch|p2a: Rotom|Rotom-Fan|100/100
|move|p1a: Ursaluna|Facade|p2a: Rotom
|-damage|p2a: Rotom|0 fnt
|faint|p2a: Rotom
|
|-weather|Snowscape|[upkeep]
|-damage|p1a: Ursaluna|74/100 brn|[from] brn
|upkeep
|
|t:|1759050522
|switch|p2a: Samurott|Samurott-Hisui, F|100/100
|turn|5
|
|t:|1759050527
|-terastallize|p1a: Ursaluna|Normal
|move|p2a: Samurott|Razor Shell|p1a: Ursaluna
|-damage|p1a: Ursaluna|33/100 brn
|-unboost|p1a: Ursaluna|def|1
|move|p1a: Ursaluna|Facade|p2a: Samurott
|-damage|p2a: Samurott|0 fnt
|faint|p2a: Samurott
|
|-weather|none
|-damage|p1a: Ursaluna|27/100 brn|[from] brn
|upkeep
|
|t:|1759050541
|switch|p2a: Orthworm|Orthworm, M|100/100
|turn|6
|
|t:|1759050558
|move|p1a: Ursaluna|Facade|p2a: Orthworm
|-resisted|p2a: Orthworm
|-damage|p2a: Orthworm|0 fnt
|faint|p2a: Orthworm
|
|-damage|p1a: Ursaluna|20/100 brn|[from] brn
|upkeep
|
|t:|1759050568
|switch|p2a: Weezing|Weezing-Galar, F|100/100
|-ability|p2a: Weezing|Neutralizing Gas
|turn|7
|
|t:|1759050571
|move|p1a: Ursaluna|Facade|p2a: Weezing
|-damage|p2a: Weezing|0 fnt
|faint|p2a: Weezing
|-end|p2a: Weezing|ability: Neutralizing Gas
|
|-damage|p1a: Ursaluna|14/100 brn|[from] brn
|upkeep
|
|t:|1759050574
|switch|p2a: Primeape|Primeape, F|100/100
|turn|8
|
|t:|1759050578
|move|p2a: Primeape|Drain Punch|p1a: Ursaluna
|-supereffective|p1a: Ursaluna
|-damage|p1a: Ursaluna|0 fnt
|faint|p1a: Ursaluna
|
|upkeep
|
|t:|1759050582
|switch|p1a: Ninetales|Ninetales-Alola, F|78/100
|-weather|Snowscape|[from] ability: Snow Warning|[of] p1a: Ninetales
|turn|9
|
|t:|1759050591
|-terastallize|p2a: Primeape|Poison
|move|p1a: Ninetales|Aurora Veil|p1a: Ninetales
|-sidestart|p1: Itachicat|move: Aurora Veil
|move|p2a: Primeape|Bulk Up|p2a: Primeape
|-boost|p2a: Primeape|atk|1
|-boost|p2a: Primeape|def|1
|
|-weather|Snowscape|[upkeep]
|upkeep
|turn|10
|
|t:|1759050599
|move|p1a: Ninetales|Encore|p2a: Primeape
|-start|p2a: Primeape|Encore
|move|p2a: Primeape|Bulk Up|p2a: Primeape
|-boost|p2a: Primeape|atk|1
|-boost|p2a: Primeape|def|1
|
|-weather|Snowscape|[upkeep]
|upkeep
|turn|11
|
|t:|1759050602
|switch|p1a: Iron Valiant|Iron Valiant|100/100
|-enditem|p1a: Iron Valiant|Booster Energy
|-activate|p1a: Iron Valiant|ability: Quark Drive|[fromitem]
|-start|p1a: Iron Valiant|quarkdrivespe
|move|p2a: Primeape|Bulk Up|p2a: Primeape
|-boost|p2a: Primeape|atk|1
|-boost|p2a: Primeape|def|1
|
|-weather|Snowscape|[upkeep]
|upkeep
|turn|12
|
|t:|1759050605
|move|p1a: Iron Valiant|Moonblast|p2a: Primeape
|-resisted|p2a: Primeape
|-damage|p2a: Primeape|87/100
|-unboost|p2a: Primeape|spa|1
|-ability|p2a: Primeape|Defiant|boost
|-boost|p2a: Primeape|atk|2
|move|p2a: Primeape|Bulk Up|p2a: Primeape
|-boost|p2a: Primeape|atk|1
|-boost|p2a: Primeape|def|1
|
|-weather|Snowscape|[upkeep]
|-end|p2a: Primeape|Encore
|upkeep
|turn|13
|
|t:|1759050610
|move|p1a: Iron Valiant|Encore|p2a: Primeape
|-start|p2a: Primeape|Encore
|move|p2a: Primeape|Bulk Up|p2a: Primeape
|-boost|p2a: Primeape|atk|0
|-boost|p2a: Primeape|def|1
|
|-weather|none
|upkeep
|turn|14
|
|t:|1759050616
|move|p1a: Iron Valiant|Calm Mind|p1a: Iron Valiant
|-boost|p1a: Iron Valiant|spa|1
|-boost|p1a: Iron Valiant|spd|1
|move|p2a: Primeape|Bulk Up|p2a: Primeape
|-boost|p2a: Primeape|atk|0
|-boost|p2a: Primeape|def|1
|
|upkeep
|turn|15
|
|t:|1759050620
|move|p1a: Iron Valiant|Shadow Ball|p2a: Primeape
|-damage|p2a: Primeape|62/100
|move|p2a: Primeape|Bulk Up|p2a: Primeape
|-boost|p2a: Primeape|atk|0
|-boost|p2a: Primeape|def|0
|
|-end|p2a: Primeape|Encore
|upkeep
|turn|16
|
|t:|1759050624
|switch|p2a: Pecharunt|Pecharunt|100/100
|move|p1a: Iron Valiant|Encore||[still]
|-fail|p1a: Iron Valiant
|
|-sideend|p1: Itachicat|move: Aurora Veil
|upkeep
|turn|17
|
|t:|1759050629
|move|p1a: Iron Valiant|Shadow Ball|p2a: Pecharunt
|-supereffective|p2a: Pecharunt
|-damage|p2a: Pecharunt|10/100
|move|p2a: Pecharunt|Malignant Chain|p1a: Iron Valiant
|-supereffective|p1a: Iron Valiant
|-crit|p1a: Iron Valiant
|-damage|p1a: Iron Valiant|0 fnt
|faint|p1a: Iron Valiant
|-end|p1a: Iron Valiant|Quark Drive|[silent]
|
|-heal|p2a: Pecharunt|16/100|[from] item: Leftovers
|upkeep
|
|t:|1759050635
|switch|p1a: Ninetales|Ninetales-Alola, F|78/100
|-weather|Snowscape|[from] ability: Snow Warning|[of] p1a: Ninetales
|turn|18
|
|t:|1759050640
|move|p1a: Ninetales|Aurora Veil|p1a: Ninetales
|-sidestart|p1: Itachicat|move: Aurora Veil
|move|p2a: Pecharunt|Malignant Chain|p1a: Ninetales
|-supereffective|p1a: Ninetales
|-damage|p1a: Ninetales|40/100
|-status|p1a: Ninetales|tox
|-start|p1a: Ninetales|confusion|[from] ability: Poison Puppeteer|[of] p2a: Pecharunt
|
|-weather|Snowscape|[upkeep]
|-heal|p2a: Pecharunt|22/100|[from] item: Leftovers
|-damage|p1a: Ninetales|34/100 tox|[from] psn
|upkeep
|turn|19
|
|t:|1759050647
|switch|p1a: Kingambit|Kingambit, M|100/100
|-activate|p1a: Kingambit|ability: Supreme Overlord
|-start|p1a: Kingambit|fallen2|[silent]
|move|p2a: Pecharunt|Recover|p2a: Pecharunt
|-heal|p2a: Pecharunt|72/100
|
|-weather|Snowscape|[upkeep]
|-heal|p2a: Pecharunt|78/100|[from] item: Leftovers
|upkeep
|turn|20
|
|t:|1759050654
|switch|p2a: Primeape|Primeape, F, tera:Poison|62/100
|move|p1a: Kingambit|Kowtow Cleave|p2a: Primeape
|-damage|p2a: Primeape|4/100
|
|-weather|Snowscape|[upkeep]
|upkeep
|turn|21
|
|t:|1759050659
|move|p1a: Kingambit|Sucker Punch||[still]
|-fail|p1a: Kingambit
|move|p2a: Primeape|Taunt|p1a: Kingambit
|-start|p1a: Kingambit|move: Taunt
|
|-weather|Snowscape|[upkeep]
|upkeep
|turn|22
|
|t:|1759050666
|-end|p1a: Kingambit|fallen2|[silent]
|switch|p1a: Dondozo|Dondozo, F|100/100
|move|p2a: Primeape|Bulk Up|p2a: Primeape
|-boost|p2a: Primeape|atk|1
|-boost|p2a: Primeape|def|1
|
|-weather|none
|upkeep
|turn|23
|
|t:|1759050683
|switch|p2a: Pecharunt|Pecharunt|78/100
|move|p1a: Dondozo|Waterfall|p2a: Pecharunt
|-crit|p2a: Pecharunt
|-damage|p2a: Pecharunt|46/100
|
|-heal|p2a: Pecharunt|52/100|[from] item: Leftovers
|upkeep
|turn|24
|
|t:|1759050691
|switch|p1a: Kingambit|Kingambit, M|100/100
|-activate|p1a: Kingambit|ability: Supreme Overlord
|-start|p1a: Kingambit|fallen2|[silent]
|move|p2a: Pecharunt|Nasty Plot|p2a: Pecharunt
|-boost|p2a: Pecharunt|spa|2
|
|-heal|p2a: Pecharunt|58/100|[from] item: Leftovers
|upkeep
|turn|25
|
|t:|1759050702
|move|p2a: Pecharunt|Shadow Ball|p1a: Kingambit
|-resisted|p1a: Kingambit
|-damage|p1a: Kingambit|81/100
|move|p1a: Kingambit|Kowtow Cleave|p2a: Pecharunt
|-supereffective|p2a: Pecharunt
|-damage|p2a: Pecharunt|0 fnt
|faint|p2a: Pecharunt
|
|-heal|p1a: Kingambit|87/100|[from] item: Leftovers
|-sideend|p1: Itachicat|move: Aurora Veil
|upkeep
|
|t:|1759050709
|switch|p2a: Primeape|Primeape, F, tera:Poison|4/100
|turn|26
|
|t:|1759050712
|move|p1a: Kingambit|Sucker Punch||[still]
|-fail|p1a: Kingambit
|move|p2a: Primeape|Bulk Up|p2a: Primeape
|-boost|p2a: Primeape|atk|1
|-boost|p2a: Primeape|def|1
|
|-heal|p1a: Kingambit|93/100|[from] item: Leftovers
|upkeep
|turn|27
|
|t:|1759050718
|move|p2a: Primeape|Bulk Up|p2a: Primeape
|-boost|p2a: Primeape|atk|1
|-boost|p2a: Primeape|def|1
|move|p1a: Kingambit|Kowtow Cleave|p2a: Primeape
|-damage|p2a: Primeape|0 fnt
|faint|p2a: Primeape
|
|win|Itachicat
|raw|Itachicat's rating: 1330 &rarr; <strong>1346</strong><br />(+16 for winning)
|raw|LastGREATEST's rating: 1251 &rarr; <strong>1232</strong><br />(-19 for losing)
|l|☆Itachicat
|player|p1|
