|j|☆watsoncj96
|j|☆top ofsilver
|t:|1759037243
|gametype|singles
|player|p1|watsoncj96|169|1270
|player|p2|top ofsilver|red|1276
|gen|9
|tier|[Gen 9] OU
|rated|
|rule|HP Percentage Mod: HP is shown in percentages
|rule|Endless Battle Clause: Forcing endless battles is banned
|rule|Species Clause: Limit one of each Pokémon
|rule|OHKO Clause: OHKO moves are banned
|rule|Evasion Items Clause: Evasion items are banned
|rule|Evasion Moves Clause: Evasion moves are banned
|rule|Evasion Abilities Clause: Evasion abilities are banned
|rule|Sleep Moves Clause: Sleep-inducing moves are banned
|clearpoke
|poke|p1|Skarmory, M|
|poke|p1|Grimmsnarl, M|
|poke|p1|Meowscarada, M|
|poke|p1|Polteageist|
|poke|p1|Great Tusk|
|poke|p1|Skeledirge, M|
|poke|p2|Ninetales, M|
|poke|p2|Great Tusk|
|poke|p2|Walking Wake|
|poke|p2|Sandy Shocks|
|poke|p2|Hatterene, F|
|poke|p2|Kingambit, F|
|teampreview
|inactive|Battle timer is ON: inactive players will automatically lose when time's up. (requested by watsoncj96)
|
|t:|1759037259
|teamsize|p1|6
|teamsize|p2|6
|start
|switch|p1a: Meowscarada|Meowscarada, M, shiny|100/100
|switch|p2a: Walking Wake|Walking Wake|100/100
|turn|1
|
|t:|1759037268
|move|p1a: Meowscarada|U-turn|p2a: Walking Wake
|-start|p1a: Meowscarada|typechange|Bug|[from] ability: Protean
|-damage|p2a: Walking Wake|68/100
|
|t:|1759037277
|switch|p1a: Grimmsnarl|Grimmsnarl, M, shiny|100/100|[from] U-turn
|move|p2a: Walking Wake|Draco Meteor|p1a: Grimmsnarl
|-immune|p1a: Grimmsnarl
|
|upkeep
|turn|2
|
|t:|1759037296
|-end|p2a: Walking Wake|Protosynthesis|[silent]
|switch|p2a: Kingambit|Kingambit, F|100/100
|move|p1a: Grimmsnarl|Light Screen|p1a: Grimmsnarl
|-sidestart|p1: watsoncj96|move: Light Screen
|
|upkeep
|turn|3
|
|t:|1759037301
|move|p1a: Grimmsnarl|Reflect|p1a: Grimmsnarl
|-sidestart|p1: watsoncj96|Reflect
|move|p2a: Kingambit|Brick Break|p1a: Grimmsnarl
|-sideend|p1: watsoncj96|Reflect
|-sideend|p1: watsoncj96|move: Light Screen
|-damage|p1a: Grimmsnarl|74/100
|
|upkeep
|turn|4
|
|t:|1759037313
|-end|p2a: Kingambit|fallenundefined|[silent]
|switch|p2a: Ninetales|Ninetales, M|100/100
|-weather|SunnyDay|[from] ability: Drought|[of] p2a: Ninetales
|move|p1a: Grimmsnarl|Reflect|p1a: Grimmsnarl
|-sidestart|p1: watsoncj96|Reflect
|
|-weather|SunnyDay|[upkeep]
|upkeep
|turn|5
|
|t:|1759037319
|switch|p2a: Kingambit|Kingambit, F|100/100
|move|p1a: Grimmsnarl|Light Screen|p1a: Grimmsnarl
|-sidestart|p1: watsoncj96|move: Light Screen
|
|-weather|SunnyDay|[upkeep]
|upkeep
|turn|6
|
|t:|1759037326
|switch|p1a: Skeledirge|Skeledirge, M, shiny|100/100
|move|p2a: Kingambit|Iron Head|p1a: Skeledirge
|-resisted|p1a: Skeledirge
|-damage|p1a: Skeledirge|91/100
|
|-weather|SunnyDay|[upkeep]
|upkeep
|turn|7
|
|t:|1759037336
|-end|p2a: Kingambit|fallenundefined|[silent]
|switch|p2a: Hatterene|Hatterene, F|100/100
|move|p1a: Skeledirge|Torch Song|p2a: Hatterene
|-damage|p2a: Hatterene|50/100
|-boost|p1a: Skeledirge|spa|1
|-enditem|p2a: Hatterene|Red Card|[of] p1a: Skeledirge
|drag|p1a: Great Tusk|Great Tusk, shiny|100/100
|-activate|p1a: Great Tusk|ability: Protosynthesis
|-start|p1a: Great Tusk|protosynthesisatk
|
|-weather|SunnyDay|[upkeep]
|upkeep
|turn|8
|
|t:|1759037353
|move|p1a: Great Tusk|Headlong Rush|p2a: Hatterene
|-damage|p2a: Hatterene|0 fnt
|-unboost|p1a: Great Tusk|def|1
|-unboost|p1a: Great Tusk|spd|1
|faint|p2a: Hatterene
|
|-weather|SunnyDay|[upkeep]
|upkeep
|
|t:|1759037364
|switch|p2a: Walking Wake|Walking Wake|68/100
|-activate|p2a: Walking Wake|ability: Protosynthesis
|-start|p2a: Walking Wake|protosynthesisspe
|turn|9
|
|t:|1759037369
|move|p2a: Walking Wake|Hydro Steam|p1a: Great Tusk
|-supereffective|p1a: Great Tusk
|-damage|p1a: Great Tusk|0 fnt
|faint|p1a: Great Tusk
|-end|p1a: Great Tusk|Protosynthesis|[silent]
|
|-weather|SunnyDay|[upkeep]
|upkeep
|
|t:|1759037375
|switch|p1a: Skarmory|Skarmory, M, shiny|100/100
|turn|10
|
|t:|1759037379
|move|p2a: Walking Wake|Hydro Steam|p1a: Skarmory
|-damage|p1a: Skarmory|39/100
|move|p1a: Skarmory|Stealth Rock|p2a: Walking Wake
|-sidestart|p2: top ofsilver|move: Stealth Rock
|
|-weather|SunnyDay|[upkeep]
|upkeep
|turn|11
|
|t:|1759037383
|move|p2a: Walking Wake|Hydro Steam|p1a: Skarmory
|-damage|p1a: Skarmory|0 fnt
|faint|p1a: Skarmory
|
|-weather|none
|-end|p2a: Walking Wake|Protosynthesis
|-sideend|p1: watsoncj96|Reflect
|upkeep
|
|t:|1759037386
|switch|p1a: Grimmsnarl|Grimmsnarl, M, shiny|74/100
|turn|12
|
|t:|1759037397
|-end|p2a: Walking Wake|Protosynthesis|[silent]
|switch|p2a: Ninetales|Ninetales, M|100/100
|-damage|p2a: Ninetales|75/100|[from] Stealth Rock
|-weather|SunnyDay|[from] ability: Drought|[of] p2a: Ninetales
|move|p1a: Grimmsnarl|Reflect|p1a: Grimmsnarl
|-sidestart|p1: watsoncj96|Reflect
|
|-weather|SunnyDay|[upkeep]
|-sideend|p1: watsoncj96|move: Light Screen
|upkeep
|turn|13
|
|t:|1759037401
|move|p1a: Grimmsnarl|Light Screen|p1a: Grimmsnarl
|-sidestart|p1: watsoncj96|move: Light Screen
|move|p2a: Ninetales|Encore|p1a: Grimmsnarl
|-start|p1a: Grimmsnarl|Encore
|
|-weather|SunnyDay|[upkeep]
|upkeep
|turn|14
|
|t:|1759037411
|switch|p1a: Skeledirge|Skeledirge, M, shiny|91/100
|move|p2a: Ninetales|Memento|p1a: Skeledirge
|-unboost|p1a: Skeledirge|atk|2
|-unboost|p1a: Skeledirge|spa|2
|faint|p2a: Ninetales
|
|-weather|SunnyDay|[upkeep]
|upkeep
|
|t:|1759037419
|switch|p2a: Walking Wake|Walking Wake|68/100
|-damage|p2a: Walking Wake|55/100|[from] Stealth Rock
|-activate|p2a: Walking Wake|ability: Protosynthesis
|-start|p2a: Walking Wake|protosynthesisspe
|turn|15
|
|t:|1759037428
|switch|p1a: Grimmsnarl|Grimmsnarl, M, shiny|74/100
|move|p2a: Walking Wake|Hydro Steam|p1a: Grimmsnarl
|-damage|p1a: Grimmsnarl|33/100
|
|-weather|SunnyDay|[upkeep]
|upkeep
|turn|16
|
|t:|1759037440
|move|p1a: Grimmsnarl|Parting Shot|p2a: Walking Wake
|-unboost|p2a: Walking Wake|atk|1
|-unboost|p2a: Walking Wake|spa|1
|
|t:|1759037443
|switch|p1a: Meowscarada|Meowscarada, M, shiny|100/100|[from] Parting Shot
|move|p2a: Walking Wake|Hydro Steam|p1a: Meowscarada
|-resisted|p1a: Meowscarada
|-damage|p1a: Meowscarada|77/100
|
|-weather|SunnyDay|[upkeep]
|upkeep
|turn|17
|
|t:|1759037466
|-end|p2a: Walking Wake|Protosynthesis|[silent]
|switch|p2a: Great Tusk|Great Tusk|100/100
|-damage|p2a: Great Tusk|98/100|[from] Stealth Rock
|-activate|p2a: Great Tusk|ability: Protosynthesis
|-start|p2a: Great Tusk|protosynthesisatk
|move|p1a: Meowscarada|Knock Off|p2a: Great Tusk
|-start|p1a: Meowscarada|typechange|Dark|[from] ability: Protean
|-resisted|p2a: Great Tusk
|-crit|p2a: Great Tusk
|-damage|p2a: Great Tusk|78/100
|-enditem|p2a: Great Tusk|Assault Vest|[from] move: Knock Off|[of] p1a: Meowscarada
|
|-weather|SunnyDay|[upkeep]
|upkeep
|turn|18
|
|t:|1759037478
|switch|p1a: Grimmsnarl|Grimmsnarl, M, shiny|33/100
|move|p2a: Great Tusk|Headlong Rush|p1a: Grimmsnarl
|-damage|p1a: Grimmsnarl|0 fnt
|-unboost|p2a: Great Tusk|def|1
|-unboost|p2a: Great Tusk|spd|1
|faint|p1a: Grimmsnarl
|
|-weather|SunnyDay|[upkeep]
|upkeep
|
|t:|1759037486
|switch|p1a: Meowscarada|Meowscarada, M, shiny|77/100
|turn|19
|
|t:|1759037496
|move|p1a: Meowscarada|Flower Trick|p2a: Great Tusk
|-start|p1a: Meowscarada|typechange|Grass|[from] ability: Protean
|-supereffective|p2a: Great Tusk
|-crit|p2a: Great Tusk
|-damage|p2a: Great Tusk|0 fnt
|faint|p2a: Great Tusk
|-end|p2a: Great Tusk|Protosynthesis|[silent]
|
|-weather|none
|-sideend|p1: watsoncj96|Reflect
|upkeep
|
|t:|1759037501
|switch|p2a: Kingambit|Kingambit, F|100/100
|-damage|p2a: Kingambit|94/100|[from] Stealth Rock
|-activate|p2a: Kingambit|ability: Supreme Overlord
|-start|p2a: Kingambit|fallen3|[silent]
|turn|20
|
|t:|1759037507
|switch|p1a: Skeledirge|Skeledirge, M, shiny|91/100
|move|p2a: Kingambit|Swords Dance|p2a: Kingambit
|-boost|p2a: Kingambit|atk|2
|
|-heal|p2a: Kingambit|100/100|[from] item: Leftovers
|-sideend|p1: watsoncj96|move: Light Screen
|upkeep
|turn|21
|
|t:|1759037517
|move|p2a: Kingambit|Sucker Punch|p1a: Skeledirge
|-supereffective|p1a: Skeledirge
|-damage|p1a: Skeledirge|0 fnt
|faint|p1a: Skeledirge
|
|upkeep
|
|t:|1759037525
|switch|p1a: Meowscarada|Meowscarada, M, shiny|77/100
|turn|22
|
|t:|1759037532
|-terastallize|p2a: Kingambit|Fairy
|move|p1a: Meowscarada|Trick|p2a: Kingambit
|-start|p1a: Meowscarada|typechange|Psychic|[from] ability: Protean
|-activate|p1a: Meowscarada|move: Trick|[of] p2a: Kingambit
|-item|p2a: Kingambit|Choice Scarf|[from] move: Trick
|-item|p1a: Meowscarada|Leftovers|[from] move: Trick
|move|p2a: Kingambit|Iron Head|p1a: Meowscarada
|-damage|p1a: Meowscarada|0 fnt
|faint|p1a: Meowscarada
|
|upkeep
|
|t:|1759037541
|switch|p1a: Polteageist|Polteageist, shiny|100/100
|turn|23
|
|t:|1759037551
|move|p1a: Polteageist|Shell Smash|p1a: Polteageist
|-unboost|p1a: Polteageist|def|1
|-unboost|p1a: Polteageist|spd|1
|-boost|p1a: Polteageist|atk|2
|-boost|p1a: Polteageist|spa|2
|-boost|p1a: Polteageist|spe|2
|move|p2a: Kingambit|Iron Head|p1a: Polteageist
|-enditem|p1a: Polteageist|Focus Sash
|-damage|p1a: Polteageist|1/100
|-ability|p1a: Polteageist|Weak Armor|boost
|-unboost|p1a: Polteageist|def|1
|-boost|p1a: Polteageist|spe|2
|
|upkeep
|turn|24
|
|t:|1759037570
|-terastallize|p1a: Polteageist|Ghost
|move|p1a: Polteageist|Stored Power|p2a: Kingambit
|-damage|p2a: Kingambit|0 fnt
|faint|p2a: Kingambit
|-end|p2a: Kingambit|fallen3|[silent]
|
|upkeep
|
|t:|1759037593
|switch|p2a: Sandy Shocks|Sandy Shocks|100/100
|-damage|p2a: Sandy Shocks|94/100|[from] Stealth Rock
|turn|25
|
|t:|1759037603
|move|p1a: Polteageist|Stored Power|p2a: Sandy Shocks
|-damage|p2a: Sandy Shocks|0 fnt
|faint|p2a: Sandy Shocks
|-end|p2a: Sandy Shocks|Protosynthesis|[silent]
|
|upkeep
|
|t:|1759037607
|switch|p2a: Walking Wake|Walking Wake|55/100
|-damage|p2a: Walking Wake|43/100|[from] Stealth Rock
|turn|26
|
|t:|1759037612
|move|p1a: Polteageist|Stored Power|p2a: Walking Wake
|-damage|p2a: Walking Wake|0 fnt
|faint|p2a: Walking Wake
|-end|p2a: Walking Wake|Protosynthesis|[silent]
|
|win|watsoncj96
|raw|watsoncj96's rating: 1270 &rarr; <strong>1295</strong><br />(+25 for winning)
|raw|top ofsilver's rating: 1276 &rarr; <strong>1251</strong><br />(-25 for losing)
|l|☆top ofsilver
|player|p2|
|l|☆watsoncj96
|player|p1|
