|j|☆Havestol
|j|☆mechabicho_14
|t:|1758940386
|gametype|singles
|player|p1|Havestol|mars|1460
|player|p2|mechabicho_14|iris-gen5bw2|1501
|gen|9
|tier|[Gen 9] OU
|rated|
|rule|HP Percentage Mod: HP is shown in percentages
|rule|Endless Battle Clause: Forcing endless battles is banned
|rule|Species Clause: Limit one of each Pokémon
|rule|OHKO Clause: OHKO moves are banned
|rule|Evasion Items Clause: Evasion items are banned
|rule|Evasion Moves Clause: Evasion moves are banned
|rule|Evasion Abilities Clause: Evasion abilities are banned
|rule|Sleep Moves Clause: Sleep-inducing moves are banned
|clearpoke
|poke|p1|Froslass, F|
|poke|p1|Greninja-*, M|
|poke|p1|Great Tusk|
|poke|p1|Ceruledge, F|
|poke|p1|Iron Crown|
|poke|p1|Iron Valiant|
|poke|p2|Dragapult, F|
|poke|p2|Mandibuzz, F|
|poke|p2|Iron Treads|
|poke|p2|Araquanid, M|
|poke|p2|Iron Moth|
|poke|p2|Hatterene, F|
|teampreview
|inactive|Battle timer is ON: inactive players will automatically lose when time's up. (requested by Havestol)
|
|t:|1758940436
|teamsize|p1|6
|teamsize|p2|6
|start
|switch|p1a: Iron Valiant|Iron Valiant|100/100
|switch|p2a: Iron Treads|Iron Treads|100/100
|-enditem|p1a: Iron Valiant|Booster Energy
|-activate|p1a: Iron Valiant|ability: Quark Drive|[fromitem]
|-start|p1a: Iron Valiant|quarkdrivespe
|turn|1
|
|t:|1758940447
|move|p1a: Iron Valiant|Close Combat|p2a: Iron Treads
|-supereffective|p2a: Iron Treads
|-damage|p2a: Iron Treads|18/100
|-unboost|p1a: Iron Valiant|def|1
|-unboost|p1a: Iron Valiant|spd|1
|move|p2a: Iron Treads|Volt Switch|p1a: Iron Valiant
|-damage|p1a: Iron Valiant|63/100
|inactive|mechabicho_14 has 120 seconds left.
|
|t:|1758940483
|-end|p2a: Iron Treads|Quark Drive|[silent]
|switch|p2a: Araquanid|Araquanid, M|100/100|[from] Volt Switch
|
|upkeep
|turn|2
|
|t:|1758940490
|move|p1a: Iron Valiant|Moonblast|p2a: Araquanid
|-damage|p2a: Araquanid|60/100
|move|p2a: Araquanid|Sticky Web|p1a: Iron Valiant
|-sidestart|p1: Havestol|move: Sticky Web
|
|upkeep
|turn|3
|
|t:|1758940497
|move|p1a: Iron Valiant|Destiny Bond|p1a: Iron Valiant
|-singlemove|p1a: Iron Valiant|Destiny Bond
|move|p2a: Araquanid|Surf|p1a: Iron Valiant
|-damage|p1a: Iron Valiant|0 fnt
|faint|p1a: Iron Valiant
|-activate|p1a: Iron Valiant|move: Destiny Bond
|-end|p1a: Iron Valiant|Quark Drive|[silent]
|faint|p2a: Araquanid
|
|upkeep
|inactive|mechabicho_14 has 120 seconds left.
|
|t:|1758940508
|switch|p1a: Great Tusk|Great Tusk|100/100
|switch|p2a: Mandibuzz|Mandibuzz, F|100/100
|-activate|p1a: Great Tusk|move: Sticky Web
|-unboost|p1a: Great Tusk|spe|1
|-enditem|p1a: Great Tusk|Booster Energy
|-activate|p1a: Great Tusk|ability: Protosynthesis|[fromitem]
|-start|p1a: Great Tusk|protosynthesisdef
|turn|4
|
|t:|1758940515
|move|p2a: Mandibuzz|Toxic|p1a: Great Tusk
|-status|p1a: Great Tusk|tox
|move|p1a: Great Tusk|Rapid Spin|p2a: Mandibuzz
|-damage|p2a: Mandibuzz|92/100
|-boost|p1a: Great Tusk|spe|1
|-damage|p1a: Great Tusk|84/100 tox|[from] item: Rocky Helmet|[of] p2a: Mandibuzz
|-sideend|p1: Havestol|Sticky Web|[from] move: Rapid Spin|[of] p1a: Great Tusk
|
|-damage|p1a: Great Tusk|78/100 tox|[from] psn
|upkeep
|turn|5
|
|t:|1758940521
|move|p1a: Great Tusk|Ice Spinner|p2a: Mandibuzz
|-supereffective|p2a: Mandibuzz
|-damage|p2a: Mandibuzz|61/100
|-damage|p1a: Great Tusk|61/100 tox|[from] item: Rocky Helmet|[of] p2a: Mandibuzz
|move|p2a: Mandibuzz|Knock Off|p1a: Great Tusk
|-resisted|p1a: Great Tusk
|-damage|p1a: Great Tusk|57/100 tox
|
|-damage|p1a: Great Tusk|45/100 tox|[from] psn
|upkeep
|turn|6
|
|t:|1758940526
|-end|p1a: Great Tusk|Protosynthesis|[silent]
|switch|p1a: Froslass|Froslass, F|100/100
|move|p2a: Mandibuzz|Roost|p2a: Mandibuzz
|-heal|p2a: Mandibuzz|100/100
|-singleturn|p2a: Mandibuzz|move: Roost
|
|upkeep
|turn|7
|
|t:|1758940532
|switch|p2a: Hatterene|Hatterene, F|100/100
|move|p1a: Froslass|Ice Beam|p2a: Hatterene
|-damage|p2a: Hatterene|77/100
|
|-heal|p2a: Hatterene|83/100|[from] item: Leftovers
|upkeep
|turn|8
|
|t:|1758940539
|switch|p1a: Great Tusk|Great Tusk|45/100 tox
|move|p2a: Hatterene|Nuzzle|p1a: Great Tusk
|-immune|p1a: Great Tusk
|
|-heal|p2a: Hatterene|89/100|[from] item: Leftovers
|-damage|p1a: Great Tusk|39/100 tox|[from] psn
|upkeep
|turn|9
|
|t:|1758940547
|switch|p2a: Mandibuzz|Mandibuzz, F|100/100
|move|p1a: Great Tusk|Earthquake|p2a: Mandibuzz
|-immune|p2a: Mandibuzz
|
|-damage|p1a: Great Tusk|26/100 tox|[from] psn
|upkeep
|turn|10
|
|t:|1758940553
|-end|p1a: Great Tusk|Protosynthesis|[silent]
|switch|p1a: Froslass|Froslass, F|100/100
|move|p2a: Mandibuzz|Whirlwind|p1a: Froslass
|drag|p1a: Iron Crown|Iron Crown|100/100
|-enditem|p1a: Iron Crown|Booster Energy
|-activate|p1a: Iron Crown|ability: Quark Drive|[fromitem]
|-start|p1a: Iron Crown|quarkdrivespe
|
|upkeep
|turn|11
|
|t:|1758940558
|move|p1a: Iron Crown|Tachyon Cutter|p2a: Mandibuzz
|-damage|p2a: Mandibuzz|83/100
|-damage|p2a: Mandibuzz|63/100
|-hitcount|p2a: Mandibuzz|2
|move|p2a: Mandibuzz|Whirlwind|p1a: Iron Crown
|-end|p1a: Iron Crown|Quark Drive|[silent]
|drag|p1a: Greninja|Greninja, M|100/100
|
|upkeep
|turn|12
|
|t:|1758940562
|move|p1a: Greninja|Ice Beam|p2a: Mandibuzz
|-supereffective|p2a: Mandibuzz
|-damage|p2a: Mandibuzz|4/100
|-damage|p1a: Greninja|91/100|[from] item: Life Orb
|move|p2a: Mandibuzz|Toxic|p1a: Greninja
|-status|p1a: Greninja|tox
|
|-damage|p1a: Greninja|85/100 tox|[from] psn
|upkeep
|turn|13
|
|t:|1758940579
|move|p1a: Greninja|Surf|p2a: Mandibuzz
|-damage|p2a: Mandibuzz|0 fnt
|faint|p2a: Mandibuzz
|-ability|p1a: Greninja|Battle Bond|boost
|-boost|p1a: Greninja|atk|1
|-boost|p1a: Greninja|spa|1
|-boost|p1a: Greninja|spe|1
|-activate|p1a: Greninja|ability: Battle Bond
|-damage|p1a: Greninja|75/100 tox|[from] item: Life Orb
|
|-damage|p1a: Greninja|63/100 tox|[from] psn
|upkeep
|
|t:|1758940585
|switch|p2a: Hatterene|Hatterene, F|89/100
|turn|14
|
|t:|1758940593
|move|p1a: Greninja|Surf|p2a: Hatterene
|-damage|p2a: Hatterene|10/100
|-damage|p1a: Greninja|53/100 tox|[from] item: Life Orb
|move|p2a: Hatterene|Draining Kiss|p1a: Greninja
|-supereffective|p1a: Greninja
|-damage|p1a: Greninja|0 fnt
|-heal|p2a: Hatterene|46/100|[from] drain|[of] p1a: Greninja
|faint|p1a: Greninja
|
|-heal|p2a: Hatterene|52/100|[from] item: Leftovers
|upkeep
|
|t:|1758940596
|switch|p1a: Iron Crown|Iron Crown|100/100
|turn|15
|
|t:|1758940613
|move|p1a: Iron Crown|Tachyon Cutter|p2a: Hatterene
|-supereffective|p2a: Hatterene
|-damage|p2a: Hatterene|8/100
|-supereffective|p2a: Hatterene
|-damage|p2a: Hatterene|0 fnt
|faint|p2a: Hatterene
|-hitcount|p2: Hatterene|2
|
|upkeep
|
|t:|1758940615
|switch|p2a: Dragapult|Dragapult, F|100/100
|turn|16
|
|t:|1758940619
|-end|p1a: Iron Crown|Quark Drive|[silent]
|switch|p1a: Great Tusk|Great Tusk|26/100 tox
|move|p2a: Dragapult|Phantom Force||[still]
|-prepare|p2a: Dragapult|Phantom Force
|
|-damage|p1a: Great Tusk|20/100 tox|[from] psn
|upkeep
|turn|17
|
|t:|1758940623
|move|p2a: Dragapult|Phantom Force|p1a: Great Tusk|[from] lockedmove
|-damage|p1a: Great Tusk|0 fnt
|faint|p1a: Great Tusk
|-end|p1a: Great Tusk|Protosynthesis|[silent]
|
|upkeep
|
|t:|1758940627
|switch|p1a: Ceruledge|Ceruledge, F|100/100
|turn|18
|
|t:|1758940630
|-terastallize|p1a: Ceruledge|Bug
|move|p2a: Dragapult|Phantom Force||[still]
|-prepare|p2a: Dragapult|Phantom Force
|move|p1a: Ceruledge|Bulk Up|p1a: Ceruledge
|-boost|p1a: Ceruledge|atk|1
|-boost|p1a: Ceruledge|def|1
|
|upkeep
|turn|19
|
|t:|1758940635
|move|p2a: Dragapult|Phantom Force|p1a: Ceruledge|[from] lockedmove
|-damage|p1a: Ceruledge|47/100
|move|p1a: Ceruledge|Bulk Up|p1a: Ceruledge
|-boost|p1a: Ceruledge|atk|1
|-boost|p1a: Ceruledge|def|1
|
|upkeep
|turn|20
|
|t:|1758940641
|switch|p2a: Iron Treads|Iron Treads|18/100
|move|p1a: Ceruledge|Shadow Sneak|p2a: Iron Treads
|-damage|p2a: Iron Treads|0 fnt
|faint|p2a: Iron Treads
|-end|p2a: Iron Treads|Quark Drive|[silent]
|
|upkeep
|
|t:|1758940648
|switch|p2a: Iron Moth|Iron Moth|100/100
|turn|21
|
|t:|1758940661
|move|p2a: Iron Moth|Sludge Wave|p1a: Ceruledge
|-damage|p1a: Ceruledge|12/100
|move|p1a: Ceruledge|Poltergeist|p2a: Iron Moth
|-activate|p2a: Iron Moth|move: Poltergeist|Heavy-Duty Boots
|-damage|p2a: Iron Moth|0 fnt
|faint|p2a: Iron Moth
|-end|p2a: Iron Moth|Quark Drive|[silent]
|
|upkeep
|
|t:|1758940667
|switch|p2a: Dragapult|Dragapult, F|100/100
|turn|22
|
|t:|1758940672
|-terastallize|p2a: Dragapult|Fairy
|move|p1a: Ceruledge|Shadow Sneak|p2a: Dragapult
|-damage|p2a: Dragapult|55/100
|move|p2a: Dragapult|Phantom Force||[still]
|-prepare|p2a: Dragapult|Phantom Force
|
|upkeep
|turn|23
|
|t:|1758940685
|switch|p1a: Froslass|Froslass, F|100/100
|move|p2a: Dragapult|Phantom Force|p1a: Froslass|[from] lockedmove
|-supereffective|p1a: Froslass
|-crit|p1a: Froslass
|-damage|p1a: Froslass|0 fnt
|faint|p1a: Froslass
|
|upkeep
|
|t:|1758940687
|switch|p1a: Ceruledge|Ceruledge, F, tera:Bug|12/100
|turn|24
|
|t:|1758940692
|move|p1a: Ceruledge|Shadow Sneak|p2a: Dragapult
|-crit|p2a: Dragapult
|-damage|p2a: Dragapult|21/100
|move|p2a: Dragapult|Phantom Force||[still]
|-prepare|p2a: Dragapult|Phantom Force
|
|upkeep
|turn|25
|
|t:|1758940696
|switch|p1a: Iron Crown|Iron Crown|100/100
|move|p2a: Dragapult|Phantom Force|p1a: Iron Crown|[from] lockedmove
|-supereffective|p1a: Iron Crown
|-damage|p1a: Iron Crown|0 fnt
|faint|p1a: Iron Crown
|-end|p1a: Iron Crown|Quark Drive|[silent]
|
|upkeep
|
|t:|1758940699
|switch|p1a: Ceruledge|Ceruledge, F, tera:Bug|12/100
|turn|26
|c|☆mechabicho_14|gg
|
|t:|1758940704
|move|p1a: Ceruledge|Shadow Sneak|p2a: Dragapult
|-damage|p2a: Dragapult|0 fnt
|faint|p2a: Dragapult
|
|win|Havestol
|raw|Havestol's rating: 1460 &rarr; <strong>1482</strong><br />(+22 for winning)
|raw|mechabicho_14's rating: 1501 &rarr; <strong>1479</strong><br />(-22 for losing)
|c|☆Havestol|gg
|l|☆mechabicho_14
|player|p2|
