|j|☆the the green
|j|☆WDMYJM
|t:|1758937190
|gametype|singles
|player|p1|the the green|101|1243
|player|p2|WDMYJM|101|1212
|gen|9
|tier|[Gen 9] OU
|rated|
|rule|HP Percentage Mod: HP is shown in percentages
|rule|Endless Battle Clause: Forcing endless battles is banned
|rule|Species Clause: Limit one of each Pokémon
|rule|OHKO Clause: OHKO moves are banned
|rule|Evasion Items Clause: Evasion items are banned
|rule|Evasion Moves Clause: Evasion moves are banned
|rule|Evasion Abilities Clause: Evasion abilities are banned
|rule|Sleep Moves Clause: Sleep-inducing moves are banned
|clearpoke
|poke|p1|Garganacl, F|
|poke|p1|Iron Treads|
|poke|p1|Hydrapple, M|
|poke|p1|Moltres|
|poke|p1|Zamazenta-*|
|poke|p1|Kyurem|
|poke|p2|Blaziken, M|
|poke|p2|Kingambit, M|
|poke|p2|Pikachu-World, M|
|poke|p2|Maushold-Four|
|poke|p2|Dragapult, M|
|poke|p2|Iron Valiant|
|teampreview
|inactive|Battle timer is ON: inactive players will automatically lose when time's up. (requested by the the green)
|
|t:|1758937201
|teamsize|p1|6
|teamsize|p2|6
|start
|switch|p1a: Kyurem|Kyurem|100/100
|switch|p2a: Dragapult|Dragapult, M|100/100
|-ability|p1a: Kyurem|Pressure
|turn|1
|
|t:|1758937217
|move|p1a: Kyurem|Ice Beam|p2a: Dragapult
|-supereffective|p2a: Dragapult
|-damage|p2a: Dragapult|0 fnt
|faint|p2a: Dragapult
|
|upkeep
|
|t:|1758937232
|switch|p2a: Kingambit|Kingambit, M|100/100
|-activate|p2a: Kingambit|ability: Supreme Overlord
|-start|p2a: Kingambit|fallen1|[silent]
|turn|2
|
|t:|1758937242
|switch|p1a: Moltres|Moltres, shiny|100/100
|move|p2a: Kingambit|Swords Dance|p2a: Kingambit
|-boost|p2a: Kingambit|atk|2
|
|upkeep
|turn|3
|
|t:|1758937248
|-terastallize|p2a: Kingambit|Dark
|move|p2a: Kingambit|Sucker Punch|p1a: Moltres
|-damage|p1a: Moltres|17/100
|move|p1a: Moltres|Flamethrower|p2a: Kingambit
|-damage|p2a: Kingambit|65/100
|-status|p2a: Kingambit|brn
|
|-damage|p2a: Kingambit|59/100 brn|[from] brn
|upkeep
|turn|4
|
|t:|1758937253
|move|p1a: Moltres|Roost|p1a: Moltres
|-heal|p1a: Moltres|67/100
|-singleturn|p1a: Moltres|move: Roost
|move|p2a: Kingambit|Swords Dance|p2a: Kingambit
|-boost|p2a: Kingambit|atk|2
|
|-damage|p2a: Kingambit|52/100 brn|[from] brn
|upkeep
|turn|5
|
|t:|1758937260
|move|p2a: Kingambit|Swords Dance|p2a: Kingambit
|-boost|p2a: Kingambit|atk|2
|move|p1a: Moltres|Roar|p2a: Kingambit
|-end|p2a: Kingambit|fallen1|[silent]
|drag|p2a: Pikachu|Pikachu-World, M|100/100
|
|upkeep
|turn|6
|
|t:|1758937269
|switch|p1a: Hydrapple|Hydrapple, M|100/100
|move|p2a: Pikachu|Thunder|p1a: Hydrapple
|-resisted|p1a: Hydrapple
|-damage|p1a: Hydrapple|88/100
|
|upkeep
|turn|7
|
|t:|1758937276
|switch|p2a: Kingambit|Kingambit, M, tera:Dark|52/100 brn
|-activate|p2a: Kingambit|ability: Supreme Overlord
|-start|p2a: Kingambit|fallen1|[silent]
|move|p1a: Hydrapple|Earth Power|p2a: Kingambit
|-damage|p2a: Kingambit|31/100 brn
|
|-damage|p2a: Kingambit|25/100 brn|[from] brn
|upkeep
|turn|8
|
|t:|1758937283
|move|p2a: Kingambit|Kowtow Cleave|p1a: Hydrapple
|-damage|p1a: Hydrapple|68/100
|move|p1a: Hydrapple|Fickle Beam|p2a: Kingambit
|-damage|p2a: Kingambit|0 fnt
|faint|p2a: Kingambit
|-end|p2a: Kingambit|fallen1|[silent]
|
|upkeep
|
|t:|1758937299
|switch|p2a: Blaziken|Blaziken, M|100/100
|turn|9
|
|t:|1758937303
|move|p2a: Blaziken|Swords Dance|p2a: Blaziken
|-boost|p2a: Blaziken|atk|2
|move|p1a: Hydrapple|Dragon Tail|p2a: Blaziken
|-damage|p2a: Blaziken|77/100
|drag|p2a: Pikachu|Pikachu-World, M|100/100
|
|upkeep
|turn|10
|
|t:|1758937309
|switch|p2a: Blaziken|Blaziken, M|77/100
|move|p1a: Hydrapple|Earth Power|p2a: Blaziken
|-supereffective|p2a: Blaziken
|-damage|p2a: Blaziken|4/100
|
|upkeep
|turn|11
|
|t:|1758937314
|move|p2a: Blaziken|Close Combat|p1a: Hydrapple
|-damage|p1a: Hydrapple|32/100
|-unboost|p2a: Blaziken|def|1
|-unboost|p2a: Blaziken|spd|1
|move|p1a: Hydrapple|Giga Drain|p2a: Blaziken
|-resisted|p2a: Blaziken
|-damage|p2a: Blaziken|0 fnt
|-heal|p1a: Hydrapple|33/100|[from] drain|[of] p2a: Blaziken
|faint|p2a: Blaziken
|
|upkeep
|
|t:|1758937322
|switch|p2a: Maushold|Maushold-Four|100/100
|turn|12
|
|t:|1758937324
|move|p2a: Maushold|Population Bomb|p1a: Hydrapple
|-damage|p1a: Hydrapple|26/100
|-damage|p1a: Hydrapple|20/100
|-damage|p1a: Hydrapple|14/100
|-damage|p1a: Hydrapple|7/100
|-hitcount|p1a: Hydrapple|4
|move|p1a: Hydrapple|Dragon Tail|p2a: Maushold
|-damage|p2a: Maushold|77/100
|drag|p2a: Pikachu|Pikachu-World, M|100/100
|
|upkeep
|turn|13
|
|t:|1758937341
|switch|p2a: Maushold|Maushold-Four|77/100
|move|p1a: Hydrapple|Earth Power|p2a: Maushold
|-damage|p2a: Maushold|40/100
|-unboost|p2a: Maushold|spd|1
|
|upkeep
|turn|14
|
|t:|1758937348
|switch|p1a: Moltres|Moltres, shiny|67/100
|move|p2a: Maushold|Population Bomb|p1a: Moltres|[miss]
|-miss|p2a: Maushold|p1a: Moltres
|
|upkeep
|turn|15
|
|t:|1758937353
|move|p2a: Maushold|Tidy Up|p2a: Maushold
|-boost|p2a: Maushold|atk|1
|-boost|p2a: Maushold|spe|1
|move|p1a: Moltres|Flamethrower|p2a: Maushold
|-damage|p2a: Maushold|0 fnt
|faint|p2a: Maushold
|
|upkeep
|
|t:|1758937362
|switch|p2a: Pikachu|Pikachu-World, M|100/100
|turn|16
|
|t:|1758937368
|switch|p1a: Hydrapple|Hydrapple, M|40/100
|move|p2a: Pikachu|Thunder|p1a: Hydrapple
|-resisted|p1a: Hydrapple
|-damage|p1a: Hydrapple|29/100
|
|upkeep
|turn|17
|
|t:|1758937374
|move|p2a: Pikachu|Agility|p2a: Pikachu
|-boost|p2a: Pikachu|spe|2
|move|p1a: Hydrapple|Giga Drain|p2a: Pikachu
|-damage|p2a: Pikachu|11/100
|-heal|p1a: Hydrapple|52/100|[from] drain|[of] p2a: Pikachu
|
|upkeep
|turn|18
|
|t:|1758937380
|move|p2a: Pikachu|Thunder|p1a: Hydrapple
|-resisted|p1a: Hydrapple
|-damage|p1a: Hydrapple|42/100
|move|p1a: Hydrapple|Giga Drain|p2a: Pikachu
|-damage|p2a: Pikachu|0 fnt
|-heal|p1a: Hydrapple|44/100|[from] drain|[of] p2a: Pikachu
|faint|p2a: Pikachu
|
|upkeep
|
|t:|1758937384
|switch|p2a: Iron Valiant|Iron Valiant|100/100
|-enditem|p2a: Iron Valiant|Booster Energy
|-activate|p2a: Iron Valiant|ability: Quark Drive|[fromitem]
|-start|p2a: Iron Valiant|quarkdrivespe
|turn|19
|
|t:|1758937391
|move|p2a: Iron Valiant|Moonblast|p1a: Hydrapple
|-supereffective|p1a: Hydrapple
|-damage|p1a: Hydrapple|0 fnt
|faint|p1a: Hydrapple
|
|upkeep
|
|t:|1758937398
|switch|p1a: Garganacl|Garganacl, F, shiny|100/100
|turn|20
|
|t:|1758937402
|-terastallize|p1a: Garganacl|Fairy
|move|p2a: Iron Valiant|Aura Sphere|p1a: Garganacl
|-resisted|p1a: Garganacl
|-damage|p1a: Garganacl|87/100
|move|p1a: Garganacl|Salt Cure|p2a: Iron Valiant
|-resisted|p2a: Iron Valiant
|-damage|p2a: Iron Valiant|92/100
|-start|p2a: Iron Valiant|Salt Cure
|
|-heal|p1a: Garganacl|93/100|[from] item: Leftovers
|-damage|p2a: Iron Valiant|79/100|[from] Salt Cure
|upkeep
|turn|21
|
|t:|1758937410
|move|p2a: Iron Valiant|Moonblast|p1a: Garganacl
|-damage|p1a: Garganacl|62/100
|move|p1a: Garganacl|Salt Cure|p2a: Iron Valiant
|-resisted|p2a: Iron Valiant
|-damage|p2a: Iron Valiant|71/100
|
|-heal|p1a: Garganacl|68/100|[from] item: Leftovers
|-damage|p2a: Iron Valiant|59/100|[from] Salt Cure
|upkeep
|turn|22
|
|t:|1758937413
|move|p2a: Iron Valiant|Moonblast|p1a: Garganacl
|-damage|p1a: Garganacl|36/100
|move|p1a: Garganacl|Recover|p1a: Garganacl
|-heal|p1a: Garganacl|86/100
|
|-heal|p1a: Garganacl|92/100|[from] item: Leftovers
|-damage|p2a: Iron Valiant|46/100|[from] Salt Cure
|upkeep
|turn|23
|-message|WDMYJM forfeited.
|
|win|the the green
|raw|the the green's rating: 1243 &rarr; <strong>1268</strong><br />(+25 for winning)
|raw|WDMYJM's rating: 1237 &rarr; <strong>1212</strong><br />(-25 for losing)
|l|☆WDMYJM
|player|p2|
