|j|☆maziati
|j|☆mercurysauce
|t:|1758935262
|gametype|singles
|player|p1|maziati|leaf-gen3|1087
|player|p2|mercurysauce|benga|1052
|gen|9
|tier|[Gen 9] OU
|rated|
|rule|HP Percentage Mod: HP is shown in percentages
|rule|Endless Battle Clause: Forcing endless battles is banned
|rule|Species Clause: Limit one of each Pokémon
|rule|OHKO Clause: OHKO moves are banned
|rule|Evasion Items Clause: Evasion items are banned
|rule|Evasion Moves Clause: Evasion moves are banned
|rule|Evasion Abilities Clause: Evasion abilities are banned
|rule|Sleep Moves Clause: Sleep-inducing moves are banned
|clearpoke
|poke|p1|Arcanine-Hisui, M|
|poke|p1|Flareon, F|
|poke|p1|Weavile, F|
|poke|p1|Espeon, F|
|poke|p1|Torkoal, F|
|poke|p1|Lilligant-Hisui, F|
|poke|p2|Meowscarada, M|
|poke|p2|Garganacl, M|
|poke|p2|Ceruledge, F|
|poke|p2|Gyarados, F|
|poke|p2|Zapdos|
|poke|p2|Hydreigon, M|
|teampreview
|
|t:|1758935285
|teamsize|p1|6
|teamsize|p2|6
|start
|switch|p1a: Flareon|Flareon, F|100/100
|switch|p2a: Augie|Garganacl, M, shiny|100/100
|turn|1
|
|t:|1758935308
|-terastallize|p1a: Flareon|Normal
|move|p1a: Flareon|Facade|p2a: Augie
|-resisted|p2a: Augie
|-damage|p2a: Augie|88/100
|move|p2a: Augie|Stealth Rock|p1a: Flareon
|-sidestart|p1: maziati|move: Stealth Rock
|
|-status|p1a: Flareon|brn|[from] item: Flame Orb
|upkeep
|turn|2
|
|t:|1758935322
|move|p1a: Flareon|Facade|p2a: Augie
|-resisted|p2a: Augie
|-damage|p2a: Augie|47/100
|move|p2a: Augie|Hammer Arm|p1a: Flareon
|-supereffective|p1a: Flareon
|-damage|p1a: Flareon|0 fnt
|-unboost|p2a: Augie|spe|1
|faint|p1a: Flareon
|
|upkeep
|
|t:|1758935338
|switch|p1a: Weavile|Weavile, F|100/100
|-damage|p1a: Weavile|76/100|[from] Stealth Rock
|-ability|p1a: Weavile|Pressure
|turn|3
|
|t:|1758935347
|move|p1a: Weavile|Triple Axel|p2a: Augie
|-damage|p2a: Augie|41/100
|-hitcount|p2a: Augie|1
|move|p2a: Augie|Hammer Arm|p1a: Weavile
|-supereffective|p1a: Weavile
|-damage|p1a: Weavile|0 fnt
|-unboost|p2a: Augie|spe|1
|faint|p1a: Weavile
|
|upkeep
|
|t:|1758935357
|switch|p1a: Torkoal|Torkoal, F|100/100
|-damage|p1a: Torkoal|76/100|[from] Stealth Rock
|-weather|SunnyDay|[from] ability: Drought|[of] p1a: Torkoal
|turn|4
|
|t:|1758935364
|move|p1a: Torkoal|Rapid Spin|p2a: Augie
|-resisted|p2a: Augie
|-damage|p2a: Augie|38/100
|-boost|p1a: Torkoal|spe|1
|-sideend|p1: maziati|Stealth Rock|[from] move: Rapid Spin|[of] p1a: Torkoal
|move|p2a: Augie|Stone Edge|p1a: Torkoal
|-supereffective|p1a: Torkoal
|-damage|p1a: Torkoal|3/100
|
|-weather|SunnyDay|[upkeep]
|upkeep
|turn|5
|
|t:|1758935374
|switch|p1a: Lilligant|Lilligant-Hisui, F|100/100
|move|p2a: Augie|Earthquake|p1a: Lilligant
|-resisted|p1a: Lilligant
|-damage|p1a: Lilligant|76/100
|
|-weather|SunnyDay|[upkeep]
|upkeep
|turn|6
|
|t:|1758935395
|move|p1a: Lilligant|Solar Blade||[still]
|-prepare|p1a: Lilligant|Solar Blade
|-anim|p1a: Lilligant|Solar Blade|p2a: Augie
|-supereffective|p2a: Augie
|-damage|p2a: Augie|0 fnt
|faint|p2a: Augie
|-damage|p1a: Lilligant|66/100|[from] item: Life Orb
|
|-weather|SunnyDay|[upkeep]
|upkeep
|
|t:|1758935402
|switch|p2a: Wraith|Ceruledge, F, shiny|100/100
|turn|7
|
|t:|1758935421
|switch|p1a: Arcanine|Arcanine-Hisui, M|100/100
|-terastallize|p2a: Wraith|Fire
|move|p2a: Wraith|Bitter Blade|p1a: Arcanine
|-resisted|p1a: Arcanine
|-damage|p1a: Arcanine|63/100
|
|-weather|SunnyDay|[upkeep]
|upkeep
|turn|8
|
|t:|1758935445
|move|p1a: Arcanine|Head Smash|p2a: Wraith
|-supereffective|p2a: Wraith
|-damage|p2a: Wraith|0 fnt
|faint|p2a: Wraith
|
|-weather|SunnyDay|[upkeep]
|upkeep
|
|t:|1758935451
|switch|p2a: Serpentine|Gyarados, F, shiny|100/100
|turn|9
|
|t:|1758935476
|switch|p1a: Espeon|Espeon, F|100/100
|move|p2a: Serpentine|Rain Dance|p2a: Serpentine
|-weather|RainDance
|
|-weather|RainDance|[upkeep]
|upkeep
|turn|10
|
|t:|1758935485
|switch|p2a: Raiden|Zapdos, shiny|100/100
|move|p1a: Espeon|Calm Mind|p1a: Espeon
|-boost|p1a: Espeon|spa|1
|-boost|p1a: Espeon|spd|1
|
|-weather|RainDance|[upkeep]
|upkeep
|turn|11
|
|t:|1758935501
|move|p1a: Espeon|Psychic|p2a: Raiden
|-damage|p2a: Raiden|26/100
|move|p2a: Raiden|Hurricane|p1a: Espeon
|-damage|p1a: Espeon|55/100
|
|-weather|RainDance|[upkeep]
|-heal|p1a: Espeon|61/100|[from] item: Leftovers
|upkeep
|turn|12
|
|t:|1758935511
|switch|p2a: Misery|Hydreigon, M, shiny|100/100
|move|p1a: Espeon|Psychic|p2a: Misery
|-immune|p2a: Misery
|
|-weather|RainDance|[upkeep]
|-heal|p1a: Espeon|67/100|[from] item: Leftovers
|upkeep
|turn|13
|
|t:|1758935520
|move|p1a: Espeon|Draining Kiss|p2a: Misery
|-supereffective|p2a: Misery
|-damage|p2a: Misery|10/100
|-heal|p1a: Espeon|100/100|[from] drain|[of] p2a: Misery
|move|p2a: Misery|Nasty Plot|p2a: Misery
|-boost|p2a: Misery|spa|2
|
|-weather|none
|upkeep
|turn|14
|
|t:|1758935538
|move|p1a: Espeon|Draining Kiss|p2a: Misery
|-supereffective|p2a: Misery
|-damage|p2a: Misery|0 fnt
|faint|p2a: Misery
|
|upkeep
|
|t:|1758935544
|switch|p2a: Serpentine|Gyarados, F, shiny|100/100
|turn|15
|
|t:|1758935567
|move|p1a: Espeon|Psychic|p2a: Serpentine
|-damage|p2a: Serpentine|24/100
|move|p2a: Serpentine|Ice Fang|p1a: Espeon
|-damage|p1a: Espeon|59/100
|
|-heal|p1a: Espeon|65/100|[from] item: Leftovers
|upkeep
|turn|16
|
|t:|1758935577
|move|p1a: Espeon|Psychic|p2a: Serpentine
|-damage|p2a: Serpentine|0 fnt
|faint|p2a: Serpentine
|
|-heal|p1a: Espeon|71/100|[from] item: Leftovers
|upkeep
|-message|mercurysauce forfeited.
|
|win|maziati
|raw|maziati's rating: 1087 &rarr; <strong>1111</strong><br />(+24 for winning)
|raw|mercurysauce's rating: 1052 &rarr; <strong>1036</strong><br />(-16 for losing)
|l|☆mercurysauce
|player|p2|
