|j|☆turbotoby95
|j|☆jrg123
|t:|1758937610
|gametype|singles
|player|p1|turbotoby95|102|1544
|player|p2|jrg123|170|1563
|gen|9
|tier|[Gen 9] OU
|rated|
|rule|HP Percentage Mod: HP is shown in percentages
|rule|Endless Battle Clause: Forcing endless battles is banned
|rule|Species Clause: Limit one of each Pokémon
|rule|OHKO Clause: OHKO moves are banned
|rule|Evasion Items Clause: Evasion items are banned
|rule|Evasion Moves Clause: Evasion moves are banned
|rule|Evasion Abilities Clause: Evasion abilities are banned
|rule|Sleep Moves Clause: Sleep-inducing moves are banned
|clearpoke
|poke|p1|Vaporeon, F|
|poke|p1|Ting-Lu|
|poke|p1|Darkrai|
|poke|p1|Gholdengo|
|poke|p1|Ditto|
|poke|p1|Dragonite, M|
|poke|p2|Kyurem|
|poke|p2|Corviknight, M|
|poke|p2|Ting-Lu|
|poke|p2|Dondozo, M|
|poke|p2|Slowking-Galar, L99, F|
|poke|p2|Cinderace, M|
|teampreview
|inactive|Battle timer is ON: inactive players will automatically lose when time's up. (requested by turbotoby95)
|
|t:|1758937627
|teamsize|p1|6
|teamsize|p2|6
|start
|switch|p1a: Yoink!|Ditto, shiny|100/100
|switch|p2a: Slowking|Slowking-Galar, L99, F|100/100
|-transform|p1a: Yoink!|p2a: Slowking|[from] ability: Imposter
|turn|1
|
|t:|1758937636
|move|p1a: Yoink!|Future Sight|p2a: Slowking
|-start|p1a: Yoink!|move: Future Sight
|-prepare|p2a: Slowking|Chilly Reception|[premajor]
|move|p2a: Slowking|Chilly Reception|p2a: Slowking
|-weather|Snowscape
|
|t:|1758937644
|switch|p2a: Cinderace|Cinderace, M|100/100|[from] Chilly Reception
|
|-weather|Snowscape|[upkeep]
|upkeep
|turn|2
|-activate|p1a: Yoink!|item: Quick Claw
|
|t:|1758937652
|move|p1a: Yoink!|Toxic|p2a: Cinderace
|-status|p2a: Cinderace|tox
|move|p2a: Cinderace|U-turn|p1a: Yoink!
|-damage|p1a: Yoink!|75/100
|
|t:|1758937658
|switch|p2a: Ting-Lu|Ting-Lu|100/100|[from] U-turn
|-ability|p2a: Ting-Lu|Vessel of Ruin
|
|-weather|Snowscape|[upkeep]
|upkeep
|turn|3
|
|t:|1758937665
|move|p2a: Ting-Lu|Payback|p1a: Yoink!
|-supereffective|p1a: Yoink!
|-damage|p1a: Yoink!|21/100
|move|p1a: Yoink!|Toxic|p2a: Ting-Lu
|-status|p2a: Ting-Lu|tox
|
|-weather|Snowscape|[upkeep]
|-end|p2a: Ting-Lu|move: Future Sight
|-immune|p2a: Ting-Lu
|-damage|p2a: Ting-Lu|94/100 tox|[from] psn
|upkeep
|turn|4
|
|t:|1758937671
|switch|p1a: Ting-Lu|Ting-Lu|100/100
|-ability|p1a: Ting-Lu|Vessel of Ruin
|move|p2a: Ting-Lu|Payback|p1a: Ting-Lu
|-resisted|p1a: Ting-Lu
|-crit|p1a: Ting-Lu
|-damage|p1a: Ting-Lu|95/100
|
|-weather|Snowscape|[upkeep]
|-heal|p1a: Ting-Lu|100/100|[from] item: Leftovers
|-heal|p2a: Ting-Lu|100/100 tox|[from] item: Leftovers
|-damage|p2a: Ting-Lu|88/100 tox|[from] psn
|upkeep
|turn|5
|
|t:|1758937690
|switch|p2a: Dondozo|Dondozo, M|100/100
|move|p1a: Ting-Lu|Spikes|p2a: Dondozo
|-sidestart|p2: jrg123|Spikes
|
|-weather|none
|upkeep
|turn|6
|
|t:|1758937700
|switch|p1a: Yoink!|Ditto, shiny|54/100
|-transform|p1a: Yoink!|p2a: Dondozo|[from] ability: Imposter
|move|p2a: Dondozo|Body Press|p1a: Yoink!
|-damage|p1a: Yoink!|34/100
|
|upkeep
|turn|7
|
|t:|1758937710
|switch|p2a: Corviknight|Corviknight, M|100/100
|-ability|p2a: Corviknight|Pressure
|move|p1a: Yoink!|Rest|p1a: Yoink!
|-status|p1a: Yoink!|slp|[from] move: Rest
|-heal|p1a: Yoink!|100/100 slp|[silent]
|
|upkeep
|turn|8
|
|t:|1758937716
|move|p2a: Corviknight|U-turn|p1a: Yoink!
|-damage|p1a: Yoink!|89/100 slp
|
|t:|1758937719
|switch|p2a: Kyurem|Kyurem|100/100|[from] U-turn
|-damage|p2a: Kyurem|88/100|[from] Spikes
|-ability|p2a: Kyurem|Pressure
|cant|p1a: Yoink!|slp
|
|-heal|p2a: Kyurem|94/100|[from] item: Leftovers
|upkeep
|turn|9
|
|t:|1758937724
|switch|p1a: Gyatdengo|Gholdengo|100/100
|move|p2a: Kyurem|Substitute|p2a: Kyurem
|-start|p2a: Kyurem|Substitute
|-damage|p2a: Kyurem|69/100
|
|-heal|p2a: Kyurem|75/100|[from] item: Leftovers
|upkeep
|turn|10
|
|t:|1758937732
|-terastallize|p2a: Kyurem|Ground
|move|p1a: Gyatdengo|Make It Rain|p2a: Kyurem
|-end|p2a: Kyurem|Substitute
|-unboost|p1a: Gyatdengo|spa|1
|move|p2a: Kyurem|Earth Power|p1a: Gyatdengo
|-supereffective|p1a: Gyatdengo
|-crit|p1a: Gyatdengo
|-damage|p1a: Gyatdengo|0 fnt
|faint|p1a: Gyatdengo
|
|-heal|p2a: Kyurem|82/100|[from] item: Leftovers
|upkeep
|
|t:|1758937743
|switch|p1a: Darkrai|Darkrai|100/100
|turn|11
|
|t:|1758937746
|move|p1a: Darkrai|Ice Beam|p2a: Kyurem
|-supereffective|p2a: Kyurem
|-damage|p2a: Kyurem|27/100
|move|p2a: Kyurem|Earth Power|p1a: Darkrai
|-damage|p1a: Darkrai|45/100
|
|-heal|p1a: Darkrai|51/100|[from] item: Leftovers
|-heal|p2a: Kyurem|33/100|[from] item: Leftovers
|upkeep
|turn|12
|
|t:|1758937755
|switch|p2a: Slowking|Slowking-Galar, L99, F|100/100
|move|p1a: Darkrai|Dark Pulse|p2a: Slowking
|-supereffective|p2a: Slowking
|-damage|p2a: Slowking|52/100
|
|-heal|p1a: Darkrai|57/100|[from] item: Leftovers
|upkeep
|turn|13
|
|t:|1758937761
|switch|p1a: Yoink!|Ditto, shiny|89/100 slp
|-transform|p1a: Yoink!|p2a: Slowking|[from] ability: Imposter
|move|p2a: Slowking|Toxic||[still]
|-fail|p2a: Slowking
|
|upkeep
|turn|14
|
|t:|1758937766
|cant|p1a: Yoink!|slp
|-prepare|p2a: Slowking|Chilly Reception|[premajor]
|move|p2a: Slowking|Chilly Reception|p2a: Slowking
|-weather|Snowscape
|
|t:|1758937770
|switch|p2a: Kyurem|Kyurem, tera:Ground|33/100|[from] Chilly Reception
|-damage|p2a: Kyurem|21/100|[from] Spikes
|-ability|p2a: Kyurem|Pressure
|
|-weather|Snowscape|[upkeep]
|-heal|p2a: Kyurem|27/100|[from] item: Leftovers
|upkeep
|turn|15
|
|t:|1758937773
|switch|p1a: Ting-Lu|Ting-Lu|100/100
|-ability|p1a: Ting-Lu|Vessel of Ruin
|move|p2a: Kyurem|Earth Power|p1a: Ting-Lu
|-damage|p1a: Ting-Lu|72/100
|
|-weather|Snowscape|[upkeep]
|-heal|p2a: Kyurem|33/100|[from] item: Leftovers
|-heal|p1a: Ting-Lu|79/100|[from] item: Leftovers
|upkeep
|turn|16
|
|t:|1758937782
|move|p2a: Kyurem|Substitute|p2a: Kyurem
|-start|p2a: Kyurem|Substitute
|-damage|p2a: Kyurem|8/100
|move|p1a: Ting-Lu|Earthquake|p2a: Kyurem
|-end|p2a: Kyurem|Substitute
|
|-weather|Snowscape|[upkeep]
|-heal|p2a: Kyurem|14/100|[from] item: Leftovers
|-heal|p1a: Ting-Lu|85/100|[from] item: Leftovers
|upkeep
|turn|17
|
|t:|1758937786
|move|p2a: Kyurem|Protect|p2a: Kyurem
|-singleturn|p2a: Kyurem|Protect
|move|p1a: Ting-Lu|Earthquake|p2a: Kyurem
|-activate|p2a: Kyurem|move: Protect
|
|-weather|Snowscape|[upkeep]
|-heal|p2a: Kyurem|20/100|[from] item: Leftovers
|-heal|p1a: Ting-Lu|91/100|[from] item: Leftovers
|upkeep
|turn|18
|
|t:|1758937791
|move|p2a: Kyurem|Freeze-Dry|p1a: Ting-Lu
|-supereffective|p1a: Ting-Lu
|-damage|p1a: Ting-Lu|49/100
|move|p1a: Ting-Lu|Spikes|p2a: Kyurem
|-sidestart|p2: jrg123|Spikes
|
|-weather|none
|-heal|p2a: Kyurem|26/100|[from] item: Leftovers
|-heal|p1a: Ting-Lu|55/100|[from] item: Leftovers
|upkeep
|turn|19
|
|t:|1758937799
|move|p2a: Kyurem|Freeze-Dry|p1a: Ting-Lu
|-supereffective|p1a: Ting-Lu
|-damage|p1a: Ting-Lu|15/100
|move|p1a: Ting-Lu|Whirlwind|p2a: Kyurem
|drag|p2a: Ting-Lu|Ting-Lu|88/100 tox
|-damage|p2a: Ting-Lu|72/100 tox|[from] Spikes
|-ability|p2a: Ting-Lu|Vessel of Ruin
|
|-heal|p1a: Ting-Lu|22/100|[from] item: Leftovers
|-heal|p2a: Ting-Lu|78/100 tox|[from] item: Leftovers
|-damage|p2a: Ting-Lu|72/100 tox|[from] psn
|upkeep
|turn|20
|
|t:|1758937806
|switch|p1a: Yoink!|Ditto, shiny|100/100 slp
|-transform|p1a: Yoink!|p2a: Ting-Lu|[from] ability: Imposter
|-ability|p1a: Yoink!|Vessel of Ruin
|move|p2a: Ting-Lu|Earthquake|p1a: Yoink!
|-damage|p1a: Yoink!|63/100 slp
|
|-heal|p2a: Ting-Lu|78/100 tox|[from] item: Leftovers
|-damage|p2a: Ting-Lu|65/100 tox|[from] psn
|upkeep
|turn|21
|
|t:|1758937817
|move|p2a: Ting-Lu|Earthquake|p1a: Yoink!
|-damage|p1a: Yoink!|25/100 slp
|-curestatus|p1a: Yoink!|slp|[msg]
|move|p1a: Yoink!|Earthquake|p2a: Ting-Lu
|-damage|p2a: Ting-Lu|44/100 tox
|
|-heal|p2a: Ting-Lu|50/100 tox|[from] item: Leftovers
|-damage|p2a: Ting-Lu|32/100 tox|[from] psn
|upkeep
|turn|22
|
|t:|1758937824
|move|p2a: Ting-Lu|Rest|p2a: Ting-Lu
|-status|p2a: Ting-Lu|slp|[from] move: Rest
|-heal|p2a: Ting-Lu|100/100 slp|[silent]
|move|p1a: Yoink!|Rest|p1a: Yoink!
|-status|p1a: Yoink!|slp|[from] move: Rest
|-heal|p1a: Yoink!|100/100 slp|[silent]
|
|upkeep
|turn|23
|-activate|p1a: Yoink!|item: Quick Claw
|
|t:|1758937832
|switch|p2a: Cinderace|Cinderace, M|100/100 tox
|cant|p1a: Yoink!|slp
|move|p1a: Yoink!|Sleep Talk|p1a: Yoink!
|move|p1a: Yoink!|Rest||[from] move: Sleep Talk|[still]
|-fail|p1a: Yoink!
|
|-damage|p2a: Cinderace|94/100 tox|[from] psn
|upkeep
|turn|24
|
|t:|1758937845
|move|p2a: Cinderace|Court Change|p2a: Cinderace
|-swapsideconditions
|-activate|p2a: Cinderace|move: Court Change
|cant|p1a: Yoink!|slp
|move|p1a: Yoink!|Sleep Talk|p1a: Yoink!
|move|p1a: Yoink!|Earthquake|p2a: Cinderace|[from] move: Sleep Talk
|-supereffective|p2a: Cinderace
|-damage|p2a: Cinderace|2/100 tox
|
|-damage|p2a: Cinderace|0 fnt|[from] psn
|faint|p2a: Cinderace
|upkeep
|
|t:|1758937871
|switch|p2a: Dondozo|Dondozo, M|100/100
|turn|25
|
|t:|1758937883
|switch|p1a: Mom|Vaporeon, F, shiny|100/100
|-damage|p1a: Mom|84/100|[from] Spikes
|move|p2a: Dondozo|Curse|p2a: Dondozo
|-unboost|p2a: Dondozo|spe|1
|-boost|p2a: Dondozo|atk|1
|-boost|p2a: Dondozo|def|1
|
|-heal|p1a: Mom|90/100|[from] item: Leftovers
|upkeep
|turn|26
|
|t:|1758937892
|move|p2a: Dondozo|Body Press|p1a: Mom
|-damage|p1a: Mom|61/100
|move|p1a: Mom|Roar|p2a: Dondozo
|drag|p2a: Corviknight|Corviknight, M|100/100
|-ability|p2a: Corviknight|Pressure
|
|-heal|p1a: Mom|67/100|[from] item: Leftovers
|upkeep
|turn|27
|
|t:|1758937902
|move|p2a: Corviknight|U-turn|p1a: Mom
|-damage|p1a: Mom|57/100
|
|t:|1758937906
|switch|p2a: Slowking|Slowking-Galar, L99, F|86/100|[from] U-turn
|move|p1a: Mom|Wish|p1a: Mom
|
|-heal|p1a: Mom|63/100|[from] item: Leftovers
|upkeep
|turn|28
|
|t:|1758937912
|switch|p1a: Ting-Lu|Ting-Lu|22/100
|-damage|p1a: Ting-Lu|5/100|[from] Spikes
|-ability|p1a: Ting-Lu|Vessel of Ruin
|-prepare|p2a: Slowking|Chilly Reception|[premajor]
|move|p2a: Slowking|Chilly Reception|p2a: Slowking
|-weather|Snowscape
|
|t:|1758937924
|switch|p2a: Kyurem|Kyurem, tera:Ground|26/100|[from] Chilly Reception
|-ability|p2a: Kyurem|Pressure
|
|-weather|Snowscape|[upkeep]
|-heal|p1a: Ting-Lu|50/100|[from] move: Wish|[wisher] Mom
|-heal|p2a: Kyurem|33/100|[from] item: Leftovers
|-heal|p1a: Ting-Lu|57/100|[from] item: Leftovers
|upkeep
|turn|29
|
|t:|1758937928
|move|p2a: Kyurem|Freeze-Dry|p1a: Ting-Lu
|-supereffective|p1a: Ting-Lu
|-damage|p1a: Ting-Lu|11/100
|move|p1a: Ting-Lu|Spikes|p2a: Kyurem
|-sidestart|p2: jrg123|Spikes
|
|-weather|Snowscape|[upkeep]
|-heal|p2a: Kyurem|39/100|[from] item: Leftovers
|-heal|p1a: Ting-Lu|17/100|[from] item: Leftovers
|upkeep
|turn|30
|
|t:|1758937935
|move|p2a: Kyurem|Freeze-Dry|p1a: Ting-Lu
|-supereffective|p1a: Ting-Lu
|-damage|p1a: Ting-Lu|0 fnt
|faint|p1a: Ting-Lu
|
|-weather|Snowscape|[upkeep]
|-heal|p2a: Kyurem|45/100|[from] item: Leftovers
|upkeep
|
|t:|1758937941
|switch|p1a: Darkrai|Darkrai|57/100
|-damage|p1a: Darkrai|41/100|[from] Spikes
|turn|31
|
|t:|1758937945
|move|p2a: Kyurem|Protect|p2a: Kyurem
|-singleturn|p2a: Kyurem|Protect
|move|p1a: Darkrai|Nasty Plot|p1a: Darkrai
|-boost|p1a: Darkrai|spa|2
|
|-weather|Snowscape|[upkeep]
|-heal|p1a: Darkrai|47/100|[from] item: Leftovers
|-heal|p2a: Kyurem|51/100|[from] item: Leftovers
|upkeep
|turn|32
|
|t:|1758937952
|move|p1a: Darkrai|Ice Beam|p2a: Kyurem
|-supereffective|p2a: Kyurem
|-damage|p2a: Kyurem|0 fnt
|faint|p2a: Kyurem
|
|-weather|none
|-heal|p1a: Darkrai|53/100|[from] item: Leftovers
|upkeep
|
|t:|1758937955
|switch|p2a: Corviknight|Corviknight, M|100/100
|-ability|p2a: Corviknight|Pressure
|turn|33
|
|t:|1758937959
|move|p1a: Darkrai|Thunder|p2a: Corviknight|[miss]
|-miss|p1a: Darkrai|p2a: Corviknight
|move|p2a: Corviknight|Brave Bird|p1a: Darkrai
|-damage|p1a: Darkrai|0 fnt
|faint|p1a: Darkrai
|-damage|p2a: Corviknight|88/100|[from] Recoil
|
|upkeep
|c|☆jrg123|lol
|
|t:|1758937966
|switch|p1a: Yoink!|Ditto, shiny|100/100 slp
|-damage|p1a: Yoink!|84/100 slp|[from] Spikes
|-transform|p1a: Yoink!|p2a: Corviknight|[from] ability: Imposter
|-ability|p1a: Yoink!|Pressure
|turn|34
|c|☆jrg123|thats funny
|
|t:|1758937973
|move|p2a: Corviknight|U-turn|p1a: Yoink!
|-resisted|p1a: Yoink!
|-damage|p1a: Yoink!|81/100 slp
|-message|turbotoby95 forfeited.
|
|win|jrg123
|raw|turbotoby95's rating: 1544 &rarr; <strong>1525</strong><br />(-19 for losing)
|raw|jrg123's rating: 1563 &rarr; <strong>1582</strong><br />(+19 for winning)
|l|☆turbotoby95
|player|p1|
|l|☆jrg123
|player|p2|
