|j|☆Aquamonali
|j|☆gregoncalo
|t:|1759053802
|gametype|singles
|player|p1|Aquamonali|miriam|1433
|player|p2|gregoncalo|169|1452
|gen|9
|tier|[Gen 9] OU
|rated|
|rule|HP Percentage Mod: HP is shown in percentages
|rule|Endless Battle Clause: Forcing endless battles is banned
|rule|Species Clause: Limit one of each Pokémon
|rule|OHKO Clause: OHKO moves are banned
|rule|Evasion Items Clause: Evasion items are banned
|rule|Evasion Moves Clause: Evasion moves are banned
|rule|Evasion Abilities Clause: Evasion abilities are banned
|rule|Sleep Moves Clause: Sleep-inducing moves are banned
|clearpoke
|poke|p1|Grimmsnarl, M|
|poke|p1|Tinkaton, F|
|poke|p1|Pecharunt|
|poke|p1|Gliscor, F|
|poke|p1|Cinderace, F|
|poke|p1|Zamazenta-*|
|poke|p2|Samurott-Hisui, M|
|poke|p2|Great Tusk|
|poke|p2|Dragonite, F|
|poke|p2|Skeledirge, F|
|poke|p2|Iron Valiant|
|poke|p2|Amoonguss, M|
|teampreview
|inactive|Battle timer is ON: inactive players will automatically lose when time's up. (requested by Aquamonali)
|
|t:|1759053820
|teamsize|p1|6
|teamsize|p2|6
|start
|switch|p1a: Grimmsnarl|Grimmsnarl, M, shiny|100/100
|switch|p2a: Iron Valiant|Iron Valiant|100/100
|turn|1
|
|t:|1759053828
|move|p1a: Grimmsnarl|Thunder Wave|p2a: Iron Valiant|[miss]
|-miss|p1a: Grimmsnarl|p2a: Iron Valiant
|move|p2a: Iron Valiant|Trick|p1a: Grimmsnarl
|-activate|p2a: Iron Valiant|move: Trick|[of] p1a: Grimmsnarl
|-item|p1a: Grimmsnarl|Choice Scarf|[from] move: Trick
|-item|p2a: Iron Valiant|Heavy-Duty Boots|[from] move: Trick
|
|upkeep
|turn|2
|
|t:|1759053835
|-end|p2a: Iron Valiant|Quark Drive|[silent]
|switch|p2a: Great Tusk|Great Tusk|100/100
|move|p1a: Grimmsnarl|Thunder Wave|p2a: Great Tusk
|-immune|p2a: Great Tusk
|
|upkeep
|turn|3
|
|t:|1759053841
|switch|p1a: Pecharunt|Pecharunt|100/100
|move|p2a: Great Tusk|Stealth Rock|p1a: Pecharunt
|-sidestart|p1: Aquamonali|move: Stealth Rock
|
|upkeep
|turn|4
|
|t:|1759053847
|move|p1a: Pecharunt|Malignant Chain|p2a: Great Tusk
|-resisted|p2a: Great Tusk
|-damage|p2a: Great Tusk|74/100
|-status|p2a: Great Tusk|tox
|-start|p2a: Great Tusk|confusion|[from] ability: Poison Puppeteer|[of] p1a: Pecharunt
|-activate|p2a: Great Tusk|confusion
|-damage|p2a: Great Tusk|69/100 tox|[from] confusion
|
|-heal|p2a: Great Tusk|75/100 tox|[from] item: Leftovers
|-damage|p2a: Great Tusk|69/100 tox|[from] psn
|upkeep
|turn|5
|
|t:|1759053857
|move|p1a: Pecharunt|Hex|p2a: Great Tusk
|-damage|p2a: Great Tusk|0 fnt
|faint|p2a: Great Tusk
|-end|p2a: Great Tusk|Protosynthesis|[silent]
|
|upkeep
|
|t:|1759053866
|switch|p2a: Skeledirge|Skeledirge, F|100/100
|turn|6
|
|t:|1759053870
|move|p1a: Pecharunt|Malignant Chain|p2a: Skeledirge
|-resisted|p2a: Skeledirge
|-damage|p2a: Skeledirge|81/100
|-status|p2a: Skeledirge|tox
|-start|p2a: Skeledirge|confusion|[from] ability: Poison Puppeteer|[of] p1a: Pecharunt
|-activate|p2a: Skeledirge|confusion
|-damage|p2a: Skeledirge|77/100 tox|[from] confusion
|
|-damage|p2a: Skeledirge|71/100 tox|[from] psn
|upkeep
|turn|7
|
|t:|1759053881
|move|p1a: Pecharunt|Hex|p2a: Skeledirge
|-supereffective|p2a: Skeledirge
|-damage|p2a: Skeledirge|0 fnt
|faint|p2a: Skeledirge
|
|upkeep
|
|t:|1759053886
|switch|p2a: Samurott|Samurott-Hisui, M|100/100
|turn|8
|
|t:|1759053889
|move|p1a: Pecharunt|Malignant Chain|p2a: Samurott
|-damage|p2a: Samurott|43/100
|move|p2a: Samurott|Ceaseless Edge|p1a: Pecharunt
|-supereffective|p1a: Pecharunt
|-damage|p1a: Pecharunt|40/100
|-sidestart|p1: Aquamonali|Spikes
|
|upkeep
|turn|9
|
|t:|1759053903
|move|p1a: Pecharunt|Malignant Chain|p2a: Samurott
|-damage|p2a: Samurott|0 fnt
|faint|p2a: Samurott
|
|upkeep
|
|t:|1759053913
|switch|p2a: Dragonite|Dragonite, F|100/100
|turn|10
|
|t:|1759053916
|move|p1a: Pecharunt|Malignant Chain|p2a: Dragonite
|-damage|p2a: Dragonite|80/100
|move|p2a: Dragonite|Earthquake|p1a: Pecharunt
|-supereffective|p1a: Pecharunt
|-damage|p1a: Pecharunt|0 fnt
|faint|p1a: Pecharunt
|
|upkeep
|
|t:|1759053920
|switch|p1a: Tinkaton|Tinkaton, F, shiny|100/100
|-damage|p1a: Tinkaton|94/100|[from] Stealth Rock
|-ability|p1a: Tinkaton|Mold Breaker
|-item|p1a: Tinkaton|Air Balloon
|turn|11
|
|t:|1759053930
|move|p1a: Tinkaton|Thunder Wave|p2a: Dragonite
|-status|p2a: Dragonite|par
|cant|p2a: Dragonite|par
|
|upkeep
|turn|12
|
|t:|1759053946
|move|p1a: Tinkaton|Knock Off|p2a: Dragonite
|-damage|p2a: Dragonite|62/100 par
|-enditem|p2a: Dragonite|Weakness Policy|[from] move: Knock Off|[of] p1a: Tinkaton
|cant|p2a: Dragonite|par
|
|upkeep
|turn|13
|
|t:|1759053952
|move|p1a: Tinkaton|Gigaton Hammer|p2a: Dragonite
|-damage|p2a: Dragonite|13/100 par
|move|p2a: Dragonite|Fire Punch|p1a: Tinkaton
|-supereffective|p1a: Tinkaton
|-damage|p1a: Tinkaton|32/100
|-enditem|p1a: Tinkaton|Air Balloon
|
|upkeep
|turn|14
|
|t:|1759053958
|move|p1a: Tinkaton|Knock Off|p2a: Dragonite
|-damage|p2a: Dragonite|1/100 par
|move|p2a: Dragonite|Fire Punch|p1a: Tinkaton
|-supereffective|p1a: Tinkaton
|-damage|p1a: Tinkaton|0 fnt
|faint|p1a: Tinkaton
|
|upkeep
|
|t:|1759053963
|switch|p1a: Cinderace|Cinderace, F|100/100
|turn|15
|
|t:|1759053967
|cant|p2a: Dragonite|par
|move|p1a: Cinderace|Pyro Ball|p2a: Dragonite
|-resisted|p2a: Dragonite
|-damage|p2a: Dragonite|0 fnt
|faint|p2a: Dragonite
|
|upkeep
|
|t:|1759053972
|switch|p2a: Iron Valiant|Iron Valiant|100/100
|turn|16
|
|t:|1759053978
|move|p1a: Cinderace|Pyro Ball|p2a: Iron Valiant
|-damage|p2a: Iron Valiant|39/100
|move|p2a: Iron Valiant|Close Combat|p1a: Cinderace
|-damage|p1a: Cinderace|41/100
|-unboost|p2a: Iron Valiant|def|1
|-unboost|p2a: Iron Valiant|spd|1
|
|upkeep
|turn|17
|
|t:|1759053987
|move|p1a: Cinderace|Pyro Ball|p2a: Iron Valiant
|-damage|p2a: Iron Valiant|0 fnt
|faint|p2a: Iron Valiant
|-end|p2a: Iron Valiant|Quark Drive|[silent]
|
|upkeep
|
|t:|1759053993
|switch|p2a: Amoonguss|Amoonguss, M|100/100
|turn|18
|
|t:|1759053996
|move|p1a: Cinderace|Pyro Ball|p2a: Amoonguss|[miss]
|-miss|p1a: Cinderace|p2a: Amoonguss
|move|p2a: Amoonguss|Clear Smog|p1a: Cinderace
|-damage|p1a: Cinderace|24/100
|-clearboost|p1a: Cinderace
|
|upkeep
|turn|19
|
|t:|1759054003
|move|p1a: Cinderace|Pyro Ball|p2a: Amoonguss
|-supereffective|p2a: Amoonguss
|-damage|p2a: Amoonguss|0 fnt
|faint|p2a: Amoonguss
|
|win|Aquamonali
|raw|Aquamonali's rating: 1433 &rarr; <strong>1454</strong><br />(+21 for winning)
|raw|gregoncalo's rating: 1452 &rarr; <strong>1431</strong><br />(-21 for losing)
|l|☆Aquamonali
|player|p1|
|l|☆gregoncalo
|player|p2|
