|j|☆Excelio21
|j|☆spiritgun123
|t:|1759063073
|gametype|singles
|player|p1|Excelio21|riley|1226
|player|p2|spiritgun123|1|1258
|gen|9
|tier|[Gen 9] OU
|rated|
|rule|HP Percentage Mod: HP is shown in percentages
|rule|Endless Battle Clause: Forcing endless battles is banned
|rule|Species Clause: Limit one of each Pokémon
|rule|OHKO Clause: OHKO moves are banned
|rule|Evasion Items Clause: Evasion items are banned
|rule|Evasion Moves Clause: Evasion moves are banned
|rule|Evasion Abilities Clause: Evasion abilities are banned
|rule|Sleep Moves Clause: Sleep-inducing moves are banned
|clearpoke
|poke|p1|Pelipper, F|
|poke|p1|Crawdaunt, M|
|poke|p1|Hatterene, F|
|poke|p1|Tinkaton, F|
|poke|p1|Primarina, M|
|poke|p1|Gholdengo|
|poke|p2|Pelipper, F|
|poke|p2|Kingdra, M|
|poke|p2|Pecharunt|
|poke|p2|Zapdos|
|poke|p2|Incineroar, F|
|poke|p2|Zamazenta-*|
|teampreview
|inactive|Battle timer is ON: inactive players will automatically lose when time's up. (requested by Excelio21)
|c|☆spiritgun123|damn double rain
|
|t:|1759063093
|teamsize|p1|6
|teamsize|p2|6
|start
|switch|p1a: Primarina|Primarina, M|100/100
|switch|p2a: Zapdos|Zapdos|100/100
|turn|1
|
|t:|1759063102
|move|p2a: Zapdos|Thunder|p1a: Primarina
|-supereffective|p1a: Primarina
|-damage|p1a: Primarina|4/100
|move|p1a: Primarina|Moonblast|p2a: Zapdos
|-damage|p2a: Zapdos|48/100
|
|upkeep
|turn|2
|
|t:|1759063115
|switch|p1a: Gholdengo|Gholdengo|100/100
|move|p2a: Zapdos|Thunder|p1a: Gholdengo|[miss]
|-miss|p2a: Zapdos|p1a: Gholdengo
|
|upkeep
|turn|3
|
|t:|1759063121
|switch|p2a: Pelipper|Pelipper, F|100/100
|-weather|RainDance|[from] ability: Drizzle|[of] p2a: Pelipper
|move|p1a: Gholdengo|Shadow Ball|p2a: Pelipper
|-damage|p2a: Pelipper|35/100
|
|-weather|RainDance|[upkeep]
|upkeep
|turn|4
|
|t:|1759063138
|switch|p2a: Incineroar|Incineroar, F|100/100
|-ability|p2a: Incineroar|Intimidate|boost
|-unboost|p1a: Gholdengo|atk|1
|move|p1a: Gholdengo|Shadow Ball|p2a: Incineroar
|-resisted|p2a: Incineroar
|-damage|p2a: Incineroar|78/100
|
|-weather|RainDance|[upkeep]
|upkeep
|turn|5
|
|t:|1759063152
|switch|p1a: Primarina|Primarina, M|4/100
|move|p2a: Incineroar|Parting Shot|p1a: Primarina
|-unboost|p1a: Primarina|atk|1
|-unboost|p1a: Primarina|spa|1
|
|t:|1759063168
|switch|p2a: Pecharunt|Pecharunt|100/100|[from] Parting Shot
|-item|p2a: Pecharunt|Air Balloon
|
|-weather|RainDance|[upkeep]
|upkeep
|turn|6
|
|t:|1759063179
|switch|p1a: Gholdengo|Gholdengo|100/100
|move|p2a: Pecharunt|Parting Shot|p1a: Gholdengo
|-immune|p1a: Gholdengo|[from] ability: Good as Gold
|
|-weather|RainDance|[upkeep]
|upkeep
|turn|7
|
|t:|1759063195
|move|p1a: Gholdengo|Make It Rain|p2a: Pecharunt
|-damage|p2a: Pecharunt|35/100
|-unboost|p1a: Gholdengo|spa|1
|-enditem|p2a: Pecharunt|Air Balloon
|move|p2a: Pecharunt|Hex|p1a: Gholdengo
|-supereffective|p1a: Gholdengo
|-damage|p1a: Gholdengo|57/100
|
|-weather|RainDance|[upkeep]
|upkeep
|turn|8
|inactive|spiritgun123 has 120 seconds left.
|
|t:|1759063210
|switch|p1a: Hatterene|Hatterene, F|100/100
|move|p2a: Pecharunt|Recover|p2a: Pecharunt
|-heal|p2a: Pecharunt|85/100
|
|-weather|RainDance|[upkeep]
|upkeep
|turn|9
|
|t:|1759063216
|switch|p1a: Gholdengo|Gholdengo|57/100
|move|p2a: Pecharunt|Malignant Chain|p1a: Gholdengo
|-immune|p1a: Gholdengo
|
|-weather|RainDance|[upkeep]
|upkeep
|turn|10
|inactive|spiritgun123 has 120 seconds left.
|
|t:|1759063232
|switch|p2a: Incineroar|Incineroar, F|78/100
|-ability|p2a: Incineroar|Intimidate|boost
|-unboost|p1a: Gholdengo|atk|1
|move|p1a: Gholdengo|Shadow Ball|p2a: Incineroar
|-resisted|p2a: Incineroar
|-damage|p2a: Incineroar|55/100
|
|-weather|none
|upkeep
|turn|11
|inactive|spiritgun123 has 120 seconds left.
|
|t:|1759063244
|switch|p1a: Pelipper|Pelipper, F|100/100
|-weather|RainDance|[from] ability: Drizzle|[of] p1a: Pelipper
|move|p2a: Incineroar|Darkest Lariat|p1a: Pelipper
|-damage|p1a: Pelipper|56/100
|
|-weather|RainDance|[upkeep]
|upkeep
|turn|12
|inactive|spiritgun123 has 120 seconds left.
|
|t:|1759063264
|switch|p2a: Kingdra|Kingdra, M|100/100
|move|p1a: Pelipper|Hurricane|p2a: Kingdra
|-crit|p2a: Kingdra
|-damage|p2a: Kingdra|0 fnt
|faint|p2a: Kingdra
|
|-weather|RainDance|[upkeep]
|upkeep
|inactive|spiritgun123 has 90 seconds left.
|
|t:|1759063296
|switch|p2a: Zapdos|Zapdos|48/100
|turn|13
|
|t:|1759063306
|switch|p1a: Hatterene|Hatterene, F|100/100
|move|p2a: Zapdos|Thunder|p1a: Hatterene
|-damage|p1a: Hatterene|33/100
|-enditem|p1a: Hatterene|Eject Button
|
|t:|1759063313
|switch|p1a: Crawdaunt|Crawdaunt, M|100/100
|
|-weather|RainDance|[upkeep]
|upkeep
|turn|14
|
|t:|1759063324
|move|p1a: Crawdaunt|Aqua Jet|p2a: Zapdos
|-damage|p2a: Zapdos|0 fnt
|faint|p2a: Zapdos
|-damage|p1a: Crawdaunt|90/100|[from] item: Life Orb
|
|-weather|RainDance|[upkeep]
|upkeep
|
|t:|1759063336
|switch|p2a: Zamazenta|Zamazenta|100/100
|-ability|p2a: Zamazenta|Dauntless Shield|boost
|-boost|p2a: Zamazenta|def|1
|turn|15
|
|t:|1759063344
|-terastallize|p1a: Crawdaunt|Water
|move|p2a: Zamazenta|Iron Defense|p2a: Zamazenta
|-boost|p2a: Zamazenta|def|2
|move|p1a: Crawdaunt|Liquidation|p2a: Zamazenta
|-damage|p2a: Zamazenta|55/100
|-damage|p1a: Crawdaunt|80/100|[from] item: Life Orb
|
|-weather|none
|upkeep
|turn|16
|
|t:|1759063358
|switch|p1a: Gholdengo|Gholdengo|57/100
|move|p2a: Zamazenta|Body Press|p1a: Gholdengo
|-immune|p1a: Gholdengo
|
|upkeep
|turn|17
|
|t:|1759063374
|switch|p2a: Incineroar|Incineroar, F|55/100
|-ability|p2a: Incineroar|Intimidate|boost
|-unboost|p1a: Gholdengo|atk|1
|move|p1a: Gholdengo|Trick|p2a: Incineroar
|-activate|p1a: Gholdengo|move: Trick|[of] p2a: Incineroar
|-item|p2a: Incineroar|Choice Scarf|[from] move: Trick
|-item|p1a: Gholdengo|Rocky Helmet|[from] move: Trick
|
|upkeep
|turn|18
|
|t:|1759063385
|switch|p1a: Primarina|Primarina, M|4/100
|move|p2a: Incineroar|Darkest Lariat|p1a: Primarina
|-resisted|p1a: Primarina
|-damage|p1a: Primarina|0 fnt
|faint|p1a: Primarina
|
|upkeep
|
|t:|1759063391
|switch|p1a: Pelipper|Pelipper, F|56/100
|-weather|RainDance|[from] ability: Drizzle|[of] p1a: Pelipper
|turn|19
|
|t:|1759063397
|move|p2a: Incineroar|Darkest Lariat|p1a: Pelipper
|-damage|p1a: Pelipper|7/100
|move|p1a: Pelipper|Surf|p2a: Incineroar
|-supereffective|p2a: Incineroar
|-damage|p2a: Incineroar|0 fnt
|faint|p2a: Incineroar
|
|-weather|RainDance|[upkeep]
|upkeep
|
|t:|1759063409
|switch|p2a: Pecharunt|Pecharunt|85/100
|turn|20
|
|t:|1759063419
|move|p2a: Pecharunt|Hex|p1a: Pelipper
|-damage|p1a: Pelipper|0 fnt
|faint|p1a: Pelipper
|
|-weather|RainDance|[upkeep]
|upkeep
|
|t:|1759063427
|switch|p1a: Tinkaton|Tinkaton, F|100/100
|-item|p1a: Tinkaton|Air Balloon
|turn|21
|inactive|spiritgun123 has 120 seconds left.
|
|t:|1759063442
|move|p1a: Tinkaton|Thunder Wave|p2a: Pecharunt|[miss]
|-miss|p1a: Tinkaton|p2a: Pecharunt
|move|p2a: Pecharunt|Hex|p1a: Tinkaton
|-damage|p1a: Tinkaton|84/100
|-enditem|p1a: Tinkaton|Air Balloon
|
|-weather|RainDance|[upkeep]
|upkeep
|turn|22
|inactive|spiritgun123 has 120 seconds left.
|
|t:|1759063458
|move|p1a: Tinkaton|Thunder Wave|p2a: Pecharunt
|-status|p2a: Pecharunt|par
|move|p2a: Pecharunt|Parting Shot|p1a: Tinkaton
|-unboost|p1a: Tinkaton|atk|1
|-unboost|p1a: Tinkaton|spa|1
|
|t:|1759063469
|switch|p2a: Pelipper|Pelipper, F|35/100|[from] Parting Shot
|
|-weather|RainDance|[upkeep]
|upkeep
|turn|23
|
|t:|1759063498
|switch|p1a: Hatterene|Hatterene, F|33/100
|move|p2a: Pelipper|Hydro Pump|p1a: Hatterene
|-damage|p1a: Hatterene|0 fnt
|faint|p1a: Hatterene
|
|-weather|none
|upkeep
|
|t:|1759063503
|switch|p1a: Gholdengo|Gholdengo|57/100
|turn|24
|inactive|spiritgun123 has 120 seconds left.
|
|t:|1759063517
|switch|p2a: Pecharunt|Pecharunt|85/100 par
|move|p1a: Gholdengo|Shadow Ball|p2a: Pecharunt
|-supereffective|p2a: Pecharunt
|-damage|p2a: Pecharunt|0 fnt
|faint|p2a: Pecharunt
|
|upkeep
|inactive|spiritgun123 has 120 seconds left.
|
|t:|1759063527
|switch|p2a: Pelipper|Pelipper, F|35/100
|-weather|RainDance|[from] ability: Drizzle|[of] p2a: Pelipper
|turn|25
|
|t:|1759063533
|move|p1a: Gholdengo|Shadow Ball|p2a: Pelipper
|-damage|p2a: Pelipper|0 fnt
|faint|p2a: Pelipper
|
|-weather|RainDance|[upkeep]
|upkeep
|
|t:|1759063538
|switch|p2a: Zamazenta|Zamazenta|55/100
|turn|26
|
|t:|1759063546
|move|p2a: Zamazenta|Iron Head|p1a: Gholdengo
|-resisted|p1a: Gholdengo
|-damage|p1a: Gholdengo|41/100
|-damage|p2a: Zamazenta|38/100|[from] item: Rocky Helmet|[of] p1a: Gholdengo
|cant|p1a: Gholdengo|flinch
|
|-weather|RainDance|[upkeep]
|upkeep
|turn|27
|
|t:|1759063553
|-terastallize|p2a: Zamazenta|Steel
|move|p2a: Zamazenta|Iron Head|p1a: Gholdengo
|-resisted|p1a: Gholdengo
|-damage|p1a: Gholdengo|19/100
|-damage|p2a: Zamazenta|22/100|[from] item: Rocky Helmet|[of] p1a: Gholdengo
|move|p1a: Gholdengo|Make It Rain|p2a: Zamazenta
|-resisted|p2a: Zamazenta
|-crit|p2a: Zamazenta
|-damage|p2a: Zamazenta|0 fnt
|-unboost|p1a: Gholdengo|spa|1
|faint|p2a: Zamazenta
|
|win|Excelio21
|raw|Excelio21's rating: 1226 &rarr; <strong>1253</strong><br />(+27 for winning)
|raw|spiritgun123's rating: 1258 &rarr; <strong>1231</strong><br />(-27 for losing)
|c|☆spiritgun123|gg
|l|☆spiritgun123
|player|p2|
