|j|☆will-i-am2
|j|☆golisopod enjoyer
|t:|1758936509
|gametype|singles
|player|p1|will-i-am2|265|1576
|player|p2|golisopod enjoyer|170|1604
|gen|9
|tier|[Gen 9] OU
|rated|
|rule|HP Percentage Mod: HP is shown in percentages
|rule|Endless Battle Clause: Forcing endless battles is banned
|rule|Species Clause: Limit one of each Pokémon
|rule|OHKO Clause: OHKO moves are banned
|rule|Evasion Items Clause: Evasion items are banned
|rule|Evasion Moves Clause: Evasion moves are banned
|rule|Evasion Abilities Clause: Evasion abilities are banned
|rule|Sleep Moves Clause: Sleep-inducing moves are banned
|clearpoke
|poke|p1|Registeel|
|poke|p1|Mamoswine, M|
|poke|p1|Mimikyu, F|
|poke|p1|Hydreigon, F|
|poke|p1|Slowbro, M|
|poke|p1|Mandibuzz, F|
|poke|p2|Ting-Lu|
|poke|p2|Tornadus-Therian, M|
|poke|p2|Sinistcha|
|poke|p2|Garganacl, M|
|poke|p2|Great Tusk|
|poke|p2|Iron Crown|
|teampreview
|inactive|Battle timer is ON: inactive players will automatically lose when time's up. (requested by will-i-am2)
|
|t:|1758936540
|teamsize|p1|6
|teamsize|p2|6
|start
|switch|p1a: Slowbro|Slowbro, M|100/100
|switch|p2a: Garganacl|Garganacl, M|100/100
|turn|1
|inactive|will-i-am2 has 120 seconds left.
|
|t:|1758936570
|move|p2a: Garganacl|Stealth Rock|p1a: Slowbro
|-sidestart|p1: will-i-am2|move: Stealth Rock
|move|p1a: Slowbro|Scald|p2a: Garganacl
|-supereffective|p2a: Garganacl
|-damage|p2a: Garganacl|46/100
|
|-heal|p2a: Garganacl|52/100|[from] item: Leftovers
|upkeep
|turn|2
|
|t:|1758936582
|switch|p2a: Tornadus|Tornadus-Therian, M|100/100
|move|p1a: Slowbro|Scald|p2a: Tornadus
|-damage|p2a: Tornadus|73/100
|
|upkeep
|turn|3
|
|t:|1758936594
|move|p2a: Tornadus|Knock Off|p1a: Slowbro
|-supereffective|p1a: Slowbro
|-crit|p1a: Slowbro
|-damage|p1a: Slowbro|50/100
|-enditem|p1a: Slowbro|Leftovers|[from] move: Knock Off|[of] p2a: Tornadus
|move|p1a: Slowbro|Scald|p2a: Tornadus
|-damage|p2a: Tornadus|42/100
|
|upkeep
|turn|4
|
|t:|1758936602
|switch|p1a: Registeel|Registeel|100/100
|-damage|p1a: Registeel|94/100|[from] Stealth Rock
|move|p2a: Tornadus|Bleakwind Storm|p1a: Registeel
|-resisted|p1a: Registeel
|-damage|p1a: Registeel|82/100
|
|-heal|p1a: Registeel|88/100|[from] item: Leftovers
|upkeep
|turn|5
|
|t:|1758936608
|move|p2a: Tornadus|U-turn|p1a: Registeel
|-resisted|p1a: Registeel
|-damage|p1a: Registeel|83/100
|
|t:|1758936611
|switch|p2a: Sinistcha|Sinistcha|100/100|[from] U-turn
|move|p1a: Registeel|Stealth Rock|p2a: Sinistcha
|-sidestart|p2: golisopod enjoyer|move: Stealth Rock
|
|-heal|p1a: Registeel|89/100|[from] item: Leftovers
|upkeep
|turn|6
|
|t:|1758936622
|switch|p2a: Great Tusk|Great Tusk|100/100
|switch|p1a: Hydreigon|Hydreigon, F|100/100
|-damage|p1a: Hydreigon|88/100|[from] Stealth Rock
|
|upkeep
|turn|7
|
|t:|1758936631
|-end|p2a: Great Tusk|Protosynthesis|[silent]
|switch|p2a: Ting-Lu|Ting-Lu|100/100
|-damage|p2a: Ting-Lu|94/100|[from] Stealth Rock
|-ability|p2a: Ting-Lu|Vessel of Ruin
|switch|p1a: Mandibuzz|Mandibuzz, F|100/100
|-damage|p1a: Mandibuzz|76/100|[from] Stealth Rock
|
|upkeep
|turn|8
|
|t:|1758936636
|switch|p2a: Garganacl|Garganacl, M|52/100
|-damage|p2a: Garganacl|39/100|[from] Stealth Rock
|move|p1a: Mandibuzz|Taunt|p2a: Garganacl
|-start|p2a: Garganacl|move: Taunt
|
|-heal|p2a: Garganacl|46/100|[from] item: Leftovers
|upkeep
|turn|9
|
|t:|1758936639
|move|p1a: Mandibuzz|Defog|p2a: Garganacl
|-unboost|p2a: Garganacl|evasion|1
|-sideend|p2: golisopod enjoyer|Stealth Rock|[from] move: Defog|[of] p1a: Mandibuzz
|-sideend|p1: will-i-am2|Stealth Rock|[from] move: Defog|[of] p1a: Mandibuzz
|move|p2a: Garganacl|Salt Cure|p1a: Mandibuzz
|-supereffective|p1a: Mandibuzz
|-damage|p1a: Mandibuzz|60/100
|-start|p1a: Mandibuzz|Salt Cure
|
|-heal|p2a: Garganacl|52/100|[from] item: Leftovers
|-damage|p1a: Mandibuzz|47/100|[from] Salt Cure
|upkeep
|turn|10
|
|t:|1758936644
|switch|p1a: Slowbro|Slowbro, M|83/100
|move|p2a: Garganacl|Salt Cure|p1a: Slowbro
|-damage|p1a: Slowbro|72/100
|-start|p1a: Slowbro|Salt Cure
|
|-heal|p2a: Garganacl|58/100|[from] item: Leftovers
|-damage|p1a: Slowbro|47/100|[from] Salt Cure
|-end|p2a: Garganacl|move: Taunt
|upkeep
|turn|11
|
|t:|1758936647
|move|p2a: Garganacl|Recover|p2a: Garganacl
|-heal|p2a: Garganacl|100/100
|move|p1a: Slowbro|Scald|p2a: Garganacl
|-supereffective|p2a: Garganacl
|-damage|p2a: Garganacl|51/100
|
|-heal|p2a: Garganacl|58/100|[from] item: Leftovers
|-damage|p1a: Slowbro|22/100|[from] Salt Cure
|upkeep
|turn|12
|
|t:|1758936653
|move|p2a: Garganacl|Stealth Rock|p1a: Slowbro
|-sidestart|p1: will-i-am2|move: Stealth Rock
|move|p1a: Slowbro|Scald|p2a: Garganacl
|-supereffective|p2a: Garganacl
|-damage|p2a: Garganacl|6/100
|
|-heal|p2a: Garganacl|12/100|[from] item: Leftovers
|-damage|p1a: Slowbro|0 fnt|[from] Salt Cure
|faint|p1a: Slowbro
|upkeep
|
|t:|1758936662
|switch|p1a: Mamoswine|Mamoswine, M|100/100
|-damage|p1a: Mamoswine|88/100|[from] Stealth Rock
|turn|13
|
|t:|1758936676
|move|p1a: Mamoswine|Icicle Crash|p2a: Garganacl
|-damage|p2a: Garganacl|0 fnt
|faint|p2a: Garganacl
|
|upkeep
|
|t:|1758936678
|switch|p2a: Iron Crown|Iron Crown|100/100
|-enditem|p2a: Iron Crown|Booster Energy
|-activate|p2a: Iron Crown|ability: Quark Drive|[fromitem]
|-start|p2a: Iron Crown|quarkdrivespe
|turn|14
|
|t:|1758936688
|switch|p1a: Mandibuzz|Mandibuzz, F|47/100
|-damage|p1a: Mandibuzz|22/100|[from] Stealth Rock
|-terastallize|p2a: Iron Crown|Fighting
|move|p2a: Iron Crown|Calm Mind|p2a: Iron Crown
|-boost|p2a: Iron Crown|spa|1
|-boost|p2a: Iron Crown|spd|1
|
|upkeep
|turn|15
|
|t:|1758936695
|move|p2a: Iron Crown|Tachyon Cutter|p1a: Mandibuzz
|-damage|p1a: Mandibuzz|0 fnt
|faint|p1a: Mandibuzz
|-hitcount|p1: Mandibuzz|1
|
|upkeep
|
|t:|1758936699
|switch|p1a: Mimikyu|Mimikyu, F|100/100
|-damage|p1a: Mimikyu|88/100|[from] Stealth Rock
|turn|16
|
|t:|1758936706
|move|p2a: Iron Crown|Tachyon Cutter|p1a: Mimikyu
|-activate|p1a: Mimikyu|ability: Disguise
|-damage|p1a: Mimikyu|88/100
|detailschange|p1a: Mimikyu|Mimikyu-Busted, F
|-damage|p1a: Mimikyu|76/100|[from] pokemon: Mimikyu-Busted
|-supereffective|p1a: Mimikyu
|-damage|p1a: Mimikyu|0 fnt
|faint|p1a: Mimikyu
|-hitcount|p1: Mimikyu|2
|
|upkeep
|l|☆will-i-am2
|inactive|will-i-am2 disconnected and has a minute to reconnect!
|player|p1|
|inactive|will-i-am2 has 30 seconds to reconnect!
|inactive|will-i-am2 has 20 seconds to reconnect!
|inactive|will-i-am2 has 15 seconds to reconnect!
|inactive|will-i-am2 has 10 seconds to reconnect!
|inactive|will-i-am2 has 5 seconds to reconnect!
|-message|will-i-am2 lost due to inactivity.
|
|win|golisopod enjoyer
|raw|will-i-am2's rating: 1576 &rarr; <strong>1558</strong><br />(-18 for losing)
|raw|golisopod enjoyer's rating: 1604 &rarr; <strong>1622</strong><br />(+18 for winning)
|l|☆golisopod enjoyer
|player|p2|
