|j|☆celestial_dubkun
|j|☆IJustLostMyDuck
|t:|1758948599
|gametype|singles
|player|p1|celestial_dubkun|hiker-gen4|1563
|player|p2|IJustLostMyDuck|youngster-gen6xy|1554
|gen|9
|tier|[Gen 9] OU
|rated|
|rule|HP Percentage Mod: HP is shown in percentages
|rule|Endless Battle Clause: Forcing endless battles is banned
|rule|Species Clause: Limit one of each Pokémon
|rule|OHKO Clause: OHKO moves are banned
|rule|Evasion Items Clause: Evasion items are banned
|rule|Evasion Moves Clause: Evasion moves are banned
|rule|Evasion Abilities Clause: Evasion abilities are banned
|rule|Sleep Moves Clause: Sleep-inducing moves are banned
|clearpoke
|poke|p1|Toxapex, F|
|poke|p1|Goodra-Hisui, F|
|poke|p1|Corviknight, M|
|poke|p1|Great Tusk|
|poke|p1|Enamorus, F|
|poke|p1|Darkrai|
|poke|p2|Dragapult, F|
|poke|p2|Pelipper, M|
|poke|p2|Hatterene, F|
|poke|p2|Tornadus-Therian, M|
|poke|p2|Iron Treads|
|poke|p2|Overqwil, F|
|teampreview
|
|t:|1758948610
|teamsize|p1|6
|teamsize|p2|6
|start
|switch|p1a: Enamorus|Enamorus, F|100/100
|switch|p2a: Pelipper|Pelipper, M|100/100
|-weather|RainDance|[from] ability: Drizzle|[of] p2a: Pelipper
|turn|1
|
|t:|1758948619
|switch|p2a: Hatterene|Hatterene, F|100/100
|move|p1a: Enamorus|Moonblast|p2a: Hatterene
|-damage|p2a: Hatterene|24/100
|-enditem|p2a: Hatterene|Eject Button
|
|t:|1758948623
|switch|p2a: Iron Treads|Iron Treads|100/100
|
|-weather|RainDance|[upkeep]
|upkeep
|turn|2
|
|t:|1758948632
|switch|p1a: Great Tusk|Great Tusk|100/100
|move|p2a: Iron Treads|Stealth Rock|p1a: Great Tusk
|-sidestart|p1: celestial_dubkun|move: Stealth Rock
|
|-weather|RainDance|[upkeep]
|upkeep
|turn|3
|
|t:|1758948638
|-end|p2a: Iron Treads|Quark Drive|[silent]
|switch|p2a: Tornadus|Tornadus-Therian, M|100/100
|move|p1a: Great Tusk|Headlong Rush|p2a: Tornadus
|-immune|p2a: Tornadus
|
|-weather|RainDance|[upkeep]
|upkeep
|turn|4
|
|t:|1758948643
|-end|p1a: Great Tusk|Protosynthesis|[silent]
|switch|p1a: Goodra|Goodra-Hisui, F|100/100
|-damage|p1a: Goodra|94/100|[from] Stealth Rock
|move|p2a: Tornadus|U-turn|p1a: Goodra
|-resisted|p1a: Goodra
|-damage|p1a: Goodra|87/100
|
|t:|1758948647
|switch|p2a: Iron Treads|Iron Treads|100/100|[from] U-turn
|
|-weather|RainDance|[upkeep]
|upkeep
|turn|5
|
|t:|1758948651
|switch|p1a: Corviknight|Corviknight, M|100/100
|-damage|p1a: Corviknight|88/100|[from] Stealth Rock
|-ability|p1a: Corviknight|Pressure
|move|p2a: Iron Treads|Earthquake|p1a: Corviknight
|-immune|p1a: Corviknight
|
|-weather|RainDance|[upkeep]
|upkeep
|turn|6
|
|t:|1758948658
|move|p2a: Iron Treads|Volt Switch|p1a: Corviknight
|-supereffective|p1a: Corviknight
|-crit|p1a: Corviknight
|-damage|p1a: Corviknight|58/100
|
|t:|1758948660
|-end|p2a: Iron Treads|Quark Drive|[silent]
|switch|p2a: Dragapult|Dragapult, F|100/100|[from] Volt Switch
|move|p1a: Corviknight|Defog|p2a: Dragapult
|-fail|p2a: Dragapult|unboost|[from] ability: Clear Body|[of] p2a: Dragapult
|-sideend|p1: celestial_dubkun|Stealth Rock|[from] move: Defog|[of] p1a: Corviknight
|
|-weather|RainDance|[upkeep]
|upkeep
|turn|7
|
|t:|1758948666
|move|p2a: Dragapult|Thunder|p1a: Corviknight
|-supereffective|p1a: Corviknight
|-damage|p1a: Corviknight|0 fnt
|faint|p1a: Corviknight
|-damage|p2a: Dragapult|91/100|[from] item: Life Orb
|
|-weather|RainDance|[upkeep]
|upkeep
|
|t:|1758948681
|switch|p1a: Darkrai|Darkrai|100/100
|turn|8
|
|t:|1758948687
|switch|p2a: Overqwil|Overqwil, F|100/100
|move|p1a: Darkrai|Dark Pulse|p2a: Overqwil
|-resisted|p2a: Overqwil
|-damage|p2a: Overqwil|79/100
|
|-weather|none
|upkeep
|turn|9
|
|t:|1758948694
|switch|p1a: Toxapex|Toxapex, F|100/100
|switch|p2a: Pelipper|Pelipper, M|100/100
|-weather|RainDance|[from] ability: Drizzle|[of] p2a: Pelipper
|
|-weather|RainDance|[upkeep]
|upkeep
|turn|10
|
|t:|1758948710
|switch|p1a: Enamorus|Enamorus, F|100/100
|switch|p2a: Hatterene|Hatterene, F|24/100
|
|-weather|RainDance|[upkeep]
|upkeep
|turn|11
|
|t:|1758948716
|move|p1a: Enamorus|Moonblast|p2a: Hatterene
|-damage|p2a: Hatterene|0 fnt
|faint|p2a: Hatterene
|
|-weather|RainDance|[upkeep]
|upkeep
|
|t:|1758948721
|switch|p2a: Tornadus|Tornadus-Therian, M|100/100
|turn|12
|
|t:|1758948727
|switch|p1a: Goodra|Goodra-Hisui, F|87/100
|move|p2a: Tornadus|Hurricane|p1a: Goodra
|-resisted|p1a: Goodra
|-damage|p1a: Goodra|71/100
|
|-weather|RainDance|[upkeep]
|upkeep
|turn|13
|
|t:|1758948742
|move|p2a: Tornadus|Hurricane|p1a: Goodra
|-resisted|p1a: Goodra
|-damage|p1a: Goodra|55/100
|-start|p1a: Goodra|confusion
|-activate|p1a: Goodra|confusion
|-damage|p1a: Goodra|44/100|[from] confusion
|
|-weather|RainDance|[upkeep]
|upkeep
|turn|14
|
|t:|1758948753
|switch|p2a: Iron Treads|Iron Treads|100/100
|-activate|p1a: Goodra|confusion
|-damage|p1a: Goodra|32/100|[from] confusion
|
|-weather|RainDance|[upkeep]
|upkeep
|turn|15
|
|t:|1758948759
|switch|p1a: Great Tusk|Great Tusk|100/100
|move|p2a: Iron Treads|Earthquake|p1a: Great Tusk
|-damage|p1a: Great Tusk|74/100
|
|-weather|RainDance|[upkeep]
|upkeep
|turn|16
|
|t:|1758948769
|-end|p2a: Iron Treads|Quark Drive|[silent]
|switch|p2a: Tornadus|Tornadus-Therian, M|100/100
|move|p1a: Great Tusk|Ice Spinner|p2a: Tornadus
|-supereffective|p2a: Tornadus
|-damage|p2a: Tornadus|24/100
|
|-weather|none
|upkeep
|turn|17
|
|t:|1758948788
|-end|p1a: Great Tusk|Protosynthesis|[silent]
|switch|p1a: Goodra|Goodra-Hisui, F|32/100
|move|p2a: Tornadus|U-turn|p1a: Goodra
|-resisted|p1a: Goodra
|-damage|p1a: Goodra|24/100
|
|t:|1758948792
|switch|p2a: Dragapult|Dragapult, F|91/100|[from] U-turn
|
|upkeep
|turn|18
|
|t:|1758948795
|move|p2a: Dragapult|Dragon Darts|p1a: Goodra
|-damage|p1a: Goodra|0 fnt
|faint|p1a: Goodra
|-damage|p2a: Dragapult|81/100|[from] item: Life Orb
|
|upkeep
|
|t:|1758948799
|switch|p1a: Enamorus|Enamorus, F|100/100
|turn|19
|
|t:|1758948806
|switch|p2a: Iron Treads|Iron Treads|100/100
|move|p1a: Enamorus|Earth Power|p2a: Iron Treads
|-supereffective|p2a: Iron Treads
|-damage|p2a: Iron Treads|19/100
|
|-heal|p2a: Iron Treads|25/100|[from] item: Leftovers
|upkeep
|turn|20
|
|t:|1758948812
|switch|p1a: Darkrai|Darkrai|100/100
|-end|p2a: Iron Treads|Quark Drive|[silent]
|switch|p2a: Pelipper|Pelipper, M|100/100
|-weather|RainDance|[from] ability: Drizzle|[of] p2a: Pelipper
|
|-weather|RainDance|[upkeep]
|upkeep
|turn|21
|
|t:|1758948815
|switch|p2a: Iron Treads|Iron Treads|25/100
|move|p1a: Darkrai|Dark Pulse|p2a: Iron Treads
|-damage|p2a: Iron Treads|0 fnt
|faint|p2a: Iron Treads
|-end|p2a: Iron Treads|Quark Drive|[silent]
|
|-weather|RainDance|[upkeep]
|upkeep
|
|t:|1758948817
|switch|p2a: Overqwil|Overqwil, F|79/100
|turn|22
|
|t:|1758948824
|switch|p2a: Dragapult|Dragapult, F|81/100
|switch|p1a: Toxapex|Toxapex, F|100/100
|
|-weather|RainDance|[upkeep]
|upkeep
|turn|23
|
|t:|1758948833
|-terastallize|p1a: Toxapex|Dark
|move|p2a: Dragapult|Thunder|p1a: Toxapex
|-damage|p1a: Toxapex|65/100
|-damage|p2a: Dragapult|71/100|[from] item: Life Orb
|move|p1a: Toxapex|Toxic|p2a: Dragapult
|-status|p2a: Dragapult|tox
|
|-weather|RainDance|[upkeep]
|-heal|p1a: Toxapex|72/100|[from] item: Leftovers
|-damage|p2a: Dragapult|65/100 tox|[from] psn
|upkeep
|turn|24
|
|t:|1758948852
|move|p2a: Dragapult|Draco Meteor|p1a: Toxapex|[miss]
|-miss|p2a: Dragapult|p1a: Toxapex
|move|p1a: Toxapex|Recover|p1a: Toxapex
|-heal|p1a: Toxapex|100/100
|
|-weather|RainDance|[upkeep]
|-damage|p2a: Dragapult|53/100 tox|[from] psn
|upkeep
|turn|25
|
|t:|1758948860
|move|p2a: Dragapult|Dragon Darts|p1a: Toxapex
|-damage|p1a: Toxapex|83/100
|-anim|p2a: Dragapult|Dragon Darts|p1a: Toxapex
|-damage|p1a: Toxapex|65/100
|-damage|p2a: Dragapult|43/100 tox|[from] item: Life Orb
|move|p1a: Toxapex|Infestation|p2a: Dragapult
|-resisted|p2a: Dragapult
|-damage|p2a: Dragapult|42/100 tox
|-activate|p2a: Dragapult|move: Infestation|[of] p1a: Toxapex
|
|-weather|RainDance|[upkeep]
|-heal|p1a: Toxapex|72/100|[from] item: Leftovers
|-damage|p2a: Dragapult|24/100 tox|[from] psn
|-damage|p2a: Dragapult|11/100 tox|[from] move: Infestation|[partiallytrapped]
|upkeep
|turn|26
|
|t:|1758948864
|move|p2a: Dragapult|Draco Meteor|p1a: Toxapex
|-damage|p1a: Toxapex|7/100
|-unboost|p2a: Dragapult|spa|2
|-damage|p2a: Dragapult|1/100 tox|[from] item: Life Orb
|move|p1a: Toxapex|Recover|p1a: Toxapex
|-heal|p1a: Toxapex|57/100
|
|-weather|RainDance|[upkeep]
|-heal|p1a: Toxapex|64/100|[from] item: Leftovers
|-damage|p2a: Dragapult|0 fnt|[from] psn
|faint|p2a: Dragapult
|upkeep
|
|t:|1758948866
|switch|p2a: Tornadus|Tornadus-Therian, M|57/100
|turn|27
|
|t:|1758948897
|switch|p1a: Darkrai|Darkrai|100/100
|move|p2a: Tornadus|Hurricane|p1a: Darkrai
|-damage|p1a: Darkrai|0 fnt
|faint|p1a: Darkrai
|
|-weather|none
|upkeep
|
|t:|1758948905
|switch|p1a: Toxapex|Toxapex, F, tera:Dark|97/100
|turn|28
|
|t:|1758948925
|switch|p2a: Pelipper|Pelipper, M|100/100
|-weather|RainDance|[from] ability: Drizzle|[of] p2a: Pelipper
|switch|p1a: Enamorus|Enamorus, F|100/100
|
|-weather|RainDance|[upkeep]
|upkeep
|turn|29
|
|t:|1758948932
|move|p1a: Enamorus|Moonblast|p2a: Pelipper
|-damage|p2a: Pelipper|6/100
|-unboost|p2a: Pelipper|spa|1
|move|p2a: Pelipper|U-turn|p1a: Enamorus
|-resisted|p1a: Enamorus
|-damage|p1a: Enamorus|97/100
|
|t:|1758948934
|switch|p2a: Overqwil|Overqwil, F|79/100|[from] U-turn
|
|-weather|RainDance|[upkeep]
|upkeep
|turn|30
|
|t:|1758948948
|switch|p1a: Toxapex|Toxapex, F, tera:Dark|100/100
|move|p2a: Overqwil|Gunk Shot|p1a: Toxapex|[miss]
|-miss|p2a: Overqwil|p1a: Toxapex
|
|-weather|RainDance|[upkeep]
|upkeep
|turn|31
|
|t:|1758948957
|-terastallize|p2a: Overqwil|Stellar
|move|p2a: Overqwil|Gunk Shot|p1a: Toxapex
|-damage|p1a: Toxapex|48/100
|move|p1a: Toxapex|Infestation|p2a: Overqwil
|-damage|p2a: Overqwil|77/100
|-activate|p2a: Overqwil|move: Infestation|[of] p1a: Toxapex
|
|-weather|RainDance|[upkeep]
|-heal|p1a: Toxapex|54/100|[from] item: Leftovers
|-damage|p2a: Overqwil|64/100|[from] move: Infestation|[partiallytrapped]
|upkeep
|turn|32
|
|t:|1758948967
|move|p2a: Overqwil|Gunk Shot|p1a: Toxapex
|-damage|p1a: Toxapex|15/100
|move|p1a: Toxapex|Recover|p1a: Toxapex
|-heal|p1a: Toxapex|65/100
|
|-weather|RainDance|[upkeep]
|-heal|p1a: Toxapex|71/100|[from] item: Leftovers
|-damage|p2a: Overqwil|52/100|[from] move: Infestation|[partiallytrapped]
|upkeep
|turn|33
|
|t:|1758948977
|move|p2a: Overqwil|Gunk Shot|p1a: Toxapex
|-damage|p1a: Toxapex|32/100
|move|p1a: Toxapex|Recover|p1a: Toxapex
|-heal|p1a: Toxapex|82/100
|
|-weather|RainDance|[upkeep]
|-heal|p1a: Toxapex|89/100|[from] item: Leftovers
|-damage|p2a: Overqwil|40/100|[from] move: Infestation|[partiallytrapped]
|upkeep
|turn|34
|
|t:|1758948992
|move|p2a: Overqwil|Gunk Shot|p1a: Toxapex
|-damage|p1a: Toxapex|53/100
|-status|p1a: Toxapex|psn
|move|p1a: Toxapex|Recover|p1a: Toxapex
|-heal|p1a: Toxapex|100/100 psn
|
|-weather|RainDance|[upkeep]
|-damage|p1a: Toxapex|88/100 psn|[from] psn
|-damage|p2a: Overqwil|28/100|[from] move: Infestation|[partiallytrapped]
|upkeep
|turn|35
|
|t:|1758949003
|switch|p1a: Great Tusk|Great Tusk|74/100
|move|p2a: Overqwil|Fell Stinger|p1a: Great Tusk
|-resisted|p1a: Great Tusk
|-damage|p1a: Great Tusk|65/100
|
|-weather|none
|-end|p2a: Overqwil|Infestation|[partiallytrapped]|[silent]
|upkeep
|turn|36
|
|t:|1758949017
|switch|p2a: Pelipper|Pelipper, M|6/100
|-weather|RainDance|[from] ability: Drizzle|[of] p2a: Pelipper
|move|p1a: Great Tusk|Rapid Spin|p2a: Pelipper
|-damage|p2a: Pelipper|0 fnt
|-boost|p1a: Great Tusk|spe|1
|faint|p2a: Pelipper
|
|-weather|RainDance|[upkeep]
|upkeep
|
|t:|1758949021
|switch|p2a: Tornadus|Tornadus-Therian, M|90/100
|turn|37
|
|t:|1758949035
|move|p1a: Great Tusk|Ice Spinner|p2a: Tornadus
|-supereffective|p2a: Tornadus
|-damage|p2a: Tornadus|21/100
|move|p2a: Tornadus|Hurricane|p1a: Great Tusk
|-supereffective|p1a: Great Tusk
|-damage|p1a: Great Tusk|0 fnt
|faint|p1a: Great Tusk
|-end|p1a: Great Tusk|Protosynthesis|[silent]
|
|-weather|RainDance|[upkeep]
|upkeep
|
|t:|1758949040
|switch|p1a: Toxapex|Toxapex, F, tera:Dark|100/100 psn
|turn|38
|
|t:|1758949043
|move|p2a: Tornadus|Hurricane|p1a: Toxapex
|-damage|p1a: Toxapex|31/100 psn
|-start|p1a: Toxapex|confusion
|-activate|p1a: Toxapex|confusion
|-damage|p1a: Toxapex|28/100 psn|[from] confusion
|
|-weather|RainDance|[upkeep]
|-heal|p1a: Toxapex|34/100 psn|[from] item: Leftovers
|-damage|p1a: Toxapex|22/100 psn|[from] psn
|upkeep
|turn|39
|-message|celestial_dubkun forfeited.
|
|win|IJustLostMyDuck
|raw|celestial_dubkun's rating: 1563 &rarr; <strong>1542</strong><br />(-21 for losing)
|raw|IJustLostMyDuck's rating: 1554 &rarr; <strong>1575</strong><br />(+21 for winning)
|l|☆celestial_dubkun
|player|p1|
