|j|‽Mafia Cynthia
|j|☆thepablo09
|t:|1758981924
|gametype|singles
|player|p1|Mafia Cynthia|cynthia|1258
|player|p2|thepablo09|266|1262
|gen|9
|tier|[Gen 9] OU
|rated|
|rule|HP Percentage Mod: HP is shown in percentages
|rule|Endless Battle Clause: Forcing endless battles is banned
|rule|Species Clause: Limit one of each Pokémon
|rule|OHKO Clause: OHKO moves are banned
|rule|Evasion Items Clause: Evasion items are banned
|rule|Evasion Moves Clause: Evasion moves are banned
|rule|Evasion Abilities Clause: Evasion abilities are banned
|rule|Sleep Moves Clause: Sleep-inducing moves are banned
|clearpoke
|poke|p1|Garchomp, M|
|poke|p1|Lucario, M|
|poke|p1|Enamorus, F|
|poke|p1|Manaphy|
|poke|p1|Diancie|
|poke|p1|Overqwil, M|
|poke|p2|Dragapult, F|
|poke|p2|Iron Moth|
|poke|p2|Slowking-Galar, M|
|poke|p2|Corviknight, M|
|poke|p2|Pecharunt|
|poke|p2|Gliscor, F|
|teampreview
|inactive|Battle timer is ON: inactive players will automatically lose when time's up. (requested by thepablo09)
|
|t:|1758981937
|teamsize|p1|6
|teamsize|p2|6
|start
|switch|p1a: Garchomp|Garchomp, M|100/100
|switch|p2a: Dragapult|Dragapult, F|100/100
|turn|1
|
|t:|1758981946
|switch|p2a: Corviknight|Corviknight, M|100/100
|-ability|p2a: Corviknight|Pressure
|move|p1a: Garchomp|Stealth Rock|p2a: Corviknight
|-sidestart|p2: thepablo09|move: Stealth Rock
|
|upkeep
|turn|2
|
|t:|1758981959
|move|p1a: Garchomp|Swords Dance|p1a: Garchomp
|-boost|p1a: Garchomp|atk|2
|move|p2a: Corviknight|U-turn|p1a: Garchomp
|-damage|p1a: Garchomp|91/100
|-damage|p2a: Corviknight|88/100|[from] ability: Rough Skin|[of] p1a: Garchomp
|-damage|p2a: Corviknight|72/100|[from] item: Rocky Helmet|[of] p1a: Garchomp
|
|t:|1758981961
|switch|p2a: Dragapult|Dragapult, F|100/100|[from] U-turn
|-damage|p2a: Dragapult|88/100|[from] Stealth Rock
|
|-heal|p2a: Dragapult|94/100|[from] item: Leftovers
|upkeep
|turn|3
|
|t:|1758981971
|-terastallize|p1a: Garchomp|Ghost
|move|p2a: Dragapult|Dragon Darts|p1a: Garchomp
|-crit|p1a: Garchomp
|-damage|p1a: Garchomp|70/100
|-anim|p2a: Dragapult|Dragon Darts|p1a: Garchomp
|-damage|p1a: Garchomp|54/100
|move|p1a: Garchomp|Dragon Tail|p2a: Dragapult
|-supereffective|p2a: Dragapult
|-damage|p2a: Dragapult|0 fnt
|faint|p2a: Dragapult
|
|upkeep
|
|t:|1758981989
|switch|p2a: Gliscor|Gliscor, F|100/100
|-damage|p2a: Gliscor|88/100|[from] Stealth Rock
|turn|4
|
|t:|1758981993
|move|p2a: Gliscor|Protect|p2a: Gliscor
|-singleturn|p2a: Gliscor|Protect
|move|p1a: Garchomp|Swords Dance|p1a: Garchomp
|-boost|p1a: Garchomp|atk|2
|
|-status|p2a: Gliscor|tox|[from] item: Toxic Orb
|upkeep
|turn|5
|
|t:|1758982000
|move|p2a: Gliscor|Knock Off|p1a: Garchomp
|-supereffective|p1a: Garchomp
|-damage|p1a: Garchomp|27/100
|-damage|p2a: Gliscor|75/100 tox|[from] ability: Rough Skin|[of] p1a: Garchomp
|-damage|p2a: Gliscor|59/100 tox|[from] item: Rocky Helmet|[of] p1a: Garchomp
|-enditem|p1a: Garchomp|Rocky Helmet|[from] move: Knock Off|[of] p2a: Gliscor
|move|p1a: Garchomp|Dragon Tail|p2a: Gliscor|[miss]
|-miss|p1a: Garchomp|p2a: Gliscor
|
|-heal|p2a: Gliscor|72/100 tox|[from] ability: Poison Heal
|upkeep
|turn|6
|
|t:|1758982010
|move|p2a: Gliscor|Knock Off|p1a: Garchomp
|-supereffective|p1a: Garchomp
|-damage|p1a: Garchomp|10/100
|-damage|p2a: Gliscor|59/100 tox|[from] ability: Rough Skin|[of] p1a: Garchomp
|move|p1a: Garchomp|Dragon Tail|p2a: Gliscor
|-damage|p2a: Gliscor|1/100 tox
|drag|p2a: Corviknight|Corviknight, M|72/100
|-damage|p2a: Corviknight|59/100|[from] Stealth Rock
|-ability|p2a: Corviknight|Pressure
|
|upkeep
|turn|7
|
|t:|1758982020
|move|p2a: Corviknight|Brave Bird|p1a: Garchomp
|-damage|p1a: Garchomp|0 fnt
|-damage|p2a: Corviknight|47/100|[from] ability: Rough Skin|[of] p1a: Garchomp
|faint|p1a: Garchomp
|-damage|p2a: Corviknight|44/100|[from] Recoil
|
|upkeep
|
|t:|1758982029
|switch|p1a: Manaphy|Manaphy|100/100
|turn|8
|
|t:|1758982033
|move|p1a: Manaphy|Tail Glow|p1a: Manaphy
|-boost|p1a: Manaphy|spa|3
|move|p2a: Corviknight|Defog|p1a: Manaphy
|-unboost|p1a: Manaphy|evasion|1
|-sideend|p2: thepablo09|Stealth Rock|[from] move: Defog|[of] p2a: Corviknight
|
|upkeep
|turn|9
|
|t:|1758982039
|move|p1a: Manaphy|Surf|p2a: Corviknight
|-damage|p2a: Corviknight|0 fnt
|faint|p2a: Corviknight
|
|upkeep
|
|t:|1758982049
|switch|p2a: Slowking|Slowking-Galar, M|100/100
|turn|10
|
|t:|1758982053
|move|p1a: Manaphy|Surf|p2a: Slowking
|-damage|p2a: Slowking|56/100
|move|p2a: Slowking|Sludge Bomb|p1a: Manaphy
|-damage|p1a: Manaphy|56/100
|-status|p1a: Manaphy|psn
|
|-damage|p1a: Manaphy|43/100 psn|[from] psn
|upkeep
|turn|11
|
|t:|1758982065
|switch|p2a: Gliscor|Gliscor, F|1/100 tox
|move|p1a: Manaphy|Surf|p2a: Gliscor
|-supereffective|p2a: Gliscor
|-damage|p2a: Gliscor|0 fnt
|faint|p2a: Gliscor
|
|-damage|p1a: Manaphy|31/100 psn|[from] psn
|upkeep
|
|t:|1758982078
|switch|p2a: Iron Moth|Iron Moth|100/100
|-enditem|p2a: Iron Moth|Booster Energy
|-activate|p2a: Iron Moth|ability: Quark Drive|[fromitem]
|-start|p2a: Iron Moth|quarkdrivespe
|turn|12
|
|t:|1758982083
|move|p2a: Iron Moth|Sludge Wave|p1a: Manaphy
|-damage|p1a: Manaphy|0 fnt
|faint|p1a: Manaphy
|
|upkeep
|
|t:|1758982091
|switch|p1a: Diancie|Diancie|100/100
|turn|13
|
|t:|1758982096
|-end|p2a: Iron Moth|Quark Drive|[silent]
|switch|p2a: Slowking|Slowking-Galar, M|90/100
|move|p1a: Diancie|Earth Power|p2a: Slowking
|-supereffective|p2a: Slowking
|-damage|p2a: Slowking|64/100
|
|upkeep
|turn|14
|
|t:|1758982103
|move|p1a: Diancie|Calm Mind|p1a: Diancie
|-boost|p1a: Diancie|spa|1
|-boost|p1a: Diancie|spd|1
|move|p2a: Slowking|Psyshock|p1a: Diancie
|-damage|p1a: Diancie|70/100
|
|-heal|p1a: Diancie|76/100|[from] item: Leftovers
|upkeep
|turn|15
|
|t:|1758982110
|move|p1a: Diancie|Calm Mind|p1a: Diancie
|-boost|p1a: Diancie|spa|1
|-boost|p1a: Diancie|spd|1
|move|p2a: Slowking|Sludge Bomb|p1a: Diancie
|-damage|p1a: Diancie|60/100
|-status|p1a: Diancie|psn
|
|-heal|p1a: Diancie|66/100 psn|[from] item: Leftovers
|-damage|p1a: Diancie|53/100 psn|[from] psn
|upkeep
|turn|16
|
|t:|1758982119
|move|p1a: Diancie|Earth Power|p2a: Slowking
|-supereffective|p2a: Slowking
|-damage|p2a: Slowking|4/100
|move|p2a: Slowking|Psyshock|p1a: Diancie
|-damage|p1a: Diancie|26/100 psn
|
|-heal|p1a: Diancie|32/100 psn|[from] item: Leftovers
|-damage|p1a: Diancie|20/100 psn|[from] psn
|upkeep
|turn|17
|
|t:|1758982127
|move|p1a: Diancie|Earth Power|p2a: Slowking
|-supereffective|p2a: Slowking
|-damage|p2a: Slowking|0 fnt
|faint|p2a: Slowking
|
|-heal|p1a: Diancie|26/100 psn|[from] item: Leftovers
|-damage|p1a: Diancie|13/100 psn|[from] psn
|upkeep
|
|t:|1758982129
|switch|p2a: Iron Moth|Iron Moth|100/100
|turn|18
|
|t:|1758982138
|move|p2a: Iron Moth|Substitute|p2a: Iron Moth
|-start|p2a: Iron Moth|Substitute
|-damage|p2a: Iron Moth|76/100
|move|p1a: Diancie|Earth Power|p2a: Iron Moth
|-supereffective|p2a: Iron Moth
|-end|p2a: Iron Moth|Substitute
|
|-heal|p1a: Diancie|20/100 psn|[from] item: Leftovers
|-damage|p1a: Diancie|7/100 psn|[from] psn
|upkeep
|turn|19
|
|t:|1758982147
|move|p2a: Iron Moth|Fiery Dance|p1a: Diancie
|-resisted|p1a: Diancie
|-damage|p1a: Diancie|0 fnt
|faint|p1a: Diancie
|
|upkeep
|
|t:|1758982154
|switch|p1a: Enamorus|Enamorus, F|100/100
|turn|20
|
|t:|1758982157
|move|p1a: Enamorus|Earth Power|p2a: Iron Moth
|-supereffective|p2a: Iron Moth
|-damage|p2a: Iron Moth|0 fnt
|faint|p2a: Iron Moth
|-end|p2a: Iron Moth|Quark Drive|[silent]
|
|upkeep
|
|t:|1758982161
|switch|p2a: Pecharunt|Pecharunt|100/100
|turn|21
|
|t:|1758982168
|move|p1a: Enamorus|Earth Power|p2a: Pecharunt
|-supereffective|p2a: Pecharunt
|-damage|p2a: Pecharunt|38/100
|move|p2a: Pecharunt|Malignant Chain|p1a: Enamorus
|-supereffective|p1a: Enamorus
|-damage|p1a: Enamorus|20/100
|-status|p1a: Enamorus|tox
|-start|p1a: Enamorus|confusion|[from] ability: Poison Puppeteer|[of] p2a: Pecharunt
|
|-damage|p1a: Enamorus|13/100 tox|[from] psn
|upkeep
|turn|22
|
|t:|1758982178
|-activate|p1a: Enamorus|confusion
|move|p1a: Enamorus|Earth Power|p2a: Pecharunt
|-supereffective|p2a: Pecharunt
|-damage|p2a: Pecharunt|0 fnt
|faint|p2a: Pecharunt
|
|win|Mafia Cynthia
|raw|Mafia Cynthia's rating: 1258 &rarr; <strong>1283</strong><br />(+25 for winning)
|raw|thepablo09's rating: 1262 &rarr; <strong>1237</strong><br />(-25 for losing)
|l|‽Mafia Cynthia
|player|p1|
