|j|☆UserJexx
|j|☆spreadcrosser
|t:|1758993560
|gametype|singles
|player|p1|UserJexx|lusamine-nihilego|1480
|player|p2|spreadcrosser|102|1518
|gen|9
|tier|[Gen 9] OU
|rated|
|rule|HP Percentage Mod: HP is shown in percentages
|rule|Endless Battle Clause: Forcing endless battles is banned
|rule|Species Clause: Limit one of each Pokémon
|rule|OHKO Clause: OHKO moves are banned
|rule|Evasion Items Clause: Evasion items are banned
|rule|Evasion Moves Clause: Evasion moves are banned
|rule|Evasion Abilities Clause: Evasion abilities are banned
|rule|Sleep Moves Clause: Sleep-inducing moves are banned
|clearpoke
|poke|p1|Hatterene, F|
|poke|p1|Goodra-Hisui, F|
|poke|p1|Corviknight, M|
|poke|p1|Gastrodon-East, M|
|poke|p1|Ditto|
|poke|p1|Ceruledge, M|
|poke|p2|Serperior, M|
|poke|p2|Kingambit, F|
|poke|p2|Excadrill, F|
|poke|p2|Iron Hands|
|poke|p2|Ceruledge, F|
|poke|p2|Raging Bolt|
|teampreview
|inactive|Battle timer is ON: inactive players will automatically lose when time's up. (requested by spreadcrosser)
|
|t:|1758993566
|teamsize|p1|6
|teamsize|p2|6
|start
|switch|p1a: Respiration III|Gastrodon-East, M|100/100
|switch|p2a: Iron Hands|Iron Hands|100/100
|-enditem|p2a: Iron Hands|Booster Energy
|-activate|p2a: Iron Hands|ability: Quark Drive|[fromitem]
|-start|p2a: Iron Hands|quarkdriveatk
|turn|1
|
|t:|1758993573
|move|p2a: Iron Hands|Swords Dance|p2a: Iron Hands
|-boost|p2a: Iron Hands|atk|2
|move|p1a: Respiration III|Earth Power|p2a: Iron Hands
|-supereffective|p2a: Iron Hands
|-damage|p2a: Iron Hands|15/100
|
|upkeep
|turn|2
|
|t:|1758993580
|switch|p1a: Thorns II|Corviknight, M|100/100
|-ability|p1a: Thorns II|Pressure
|-terastallize|p2a: Iron Hands|Flying
|move|p2a: Iron Hands|Swords Dance|p2a: Iron Hands
|-boost|p2a: Iron Hands|atk|2
|
|upkeep
|turn|3
|
|t:|1758993587
|switch|p1a: Respiration III|Gastrodon-East, M|100/100
|move|p2a: Iron Hands|Supercell Slam|p1a: Respiration III
|-immune|p1a: Respiration III
|-damage|p2a: Iron Hands|0 fnt|[from] supercellslam
|faint|p2a: Iron Hands
|-end|p2a: Iron Hands|Quark Drive|[silent]
|
|upkeep
|
|t:|1758993591
|switch|p2a: Serperior|Serperior, M|100/100
|turn|4
|
|t:|1758993593
|switch|p1a: Protection IV|Goodra-Hisui, F|100/100
|move|p2a: Serperior|Glare|p1a: Protection IV
|-status|p1a: Protection IV|par
|
|upkeep
|turn|5
|
|t:|1758993595
|move|p2a: Serperior|Substitute|p2a: Serperior
|-start|p2a: Serperior|Substitute
|-damage|p2a: Serperior|76/100
|move|p1a: Protection IV|Draco Meteor|p2a: Serperior
|-end|p2a: Serperior|Substitute
|-unboost|p1a: Protection IV|spa|2
|
|upkeep
|turn|6
|
|t:|1758993605
|move|p2a: Serperior|Glare|p1a: Protection IV
|-fail|p1a: Protection IV|par
|move|p1a: Protection IV|Ice Spinner|p2a: Serperior
|-supereffective|p2a: Serperior
|-damage|p2a: Serperior|10/100
|
|upkeep
|turn|7
|
|t:|1758993614
|move|p2a: Serperior|Synthesis|p2a: Serperior
|-heal|p2a: Serperior|60/100
|move|p1a: Protection IV|Earthquake|p2a: Serperior
|-resisted|p2a: Serperior
|-damage|p2a: Serperior|41/100
|
|upkeep
|turn|8
|
|t:|1758993618
|move|p2a: Serperior|Synthesis|p2a: Serperior
|-heal|p2a: Serperior|91/100
|move|p1a: Protection IV|Ice Spinner|p2a: Serperior
|-supereffective|p2a: Serperior
|-damage|p2a: Serperior|30/100
|
|upkeep
|turn|9
|
|t:|1758993625
|move|p2a: Serperior|Synthesis|p2a: Serperior
|-heal|p2a: Serperior|80/100
|move|p1a: Protection IV|Ice Spinner|p2a: Serperior
|-supereffective|p2a: Serperior
|-damage|p2a: Serperior|13/100
|
|upkeep
|turn|10
|
|t:|1758993629
|move|p2a: Serperior|Synthesis|p2a: Serperior
|-heal|p2a: Serperior|62/100
|move|p1a: Protection IV|Ice Spinner|p2a: Serperior
|-supereffective|p2a: Serperior
|-damage|p2a: Serperior|0 fnt
|faint|p2a: Serperior
|
|upkeep
|
|t:|1758993633
|switch|p2a: Excadrill|Excadrill, F|100/100
|-ability|p2a: Excadrill|Mold Breaker
|turn|11
|
|t:|1758993637
|move|p2a: Excadrill|Stealth Rock|p1a: Protection IV
|-sidestart|p1: UserJexx|move: Stealth Rock
|move|p1a: Protection IV|Earthquake|p2a: Excadrill
|-supereffective|p2a: Excadrill
|-damage|p2a: Excadrill|12/100
|
|upkeep
|turn|12
|
|t:|1758993641
|move|p2a: Excadrill|Earthquake|p1a: Protection IV
|-supereffective|p1a: Protection IV
|-damage|p1a: Protection IV|0 fnt
|faint|p1a: Protection IV
|
|upkeep
|
|t:|1758993643
|switch|p1a: Thorns II|Corviknight, M|100/100
|-damage|p1a: Thorns II|88/100|[from] Stealth Rock
|-ability|p1a: Thorns II|Pressure
|turn|13
|
|t:|1758993646
|move|p2a: Excadrill|Stealth Rock||[still]
|-fail|p2a: Excadrill
|move|p1a: Thorns II|Defog|p2a: Excadrill
|-unboost|p2a: Excadrill|evasion|1
|-sideend|p1: UserJexx|Stealth Rock|[from] move: Defog|[of] p1a: Thorns II
|
|upkeep
|turn|14
|
|t:|1758993649
|switch|p1a: Looting II|Hatterene, F, shiny|100/100
|move|p2a: Excadrill|Stealth Rock|p1a: Looting II
|-sidestart|p1: UserJexx|move: Stealth Rock
|
|upkeep
|turn|15
|
|t:|1758993652
|switch|p1a: Thorns II|Corviknight, M|88/100
|-damage|p1a: Thorns II|76/100|[from] Stealth Rock
|-ability|p1a: Thorns II|Pressure
|move|p2a: Excadrill|Earthquake|p1a: Thorns II
|-immune|p1a: Thorns II
|
|upkeep
|turn|16
|
|t:|1758993655
|move|p2a: Excadrill|Stealth Rock||[still]
|-fail|p2a: Excadrill
|move|p1a: Thorns II|Defog|p2a: Excadrill
|-unboost|p2a: Excadrill|evasion|1
|-sideend|p1: UserJexx|Stealth Rock|[from] move: Defog|[of] p1a: Thorns II
|
|upkeep
|turn|17
|
|t:|1758993663
|move|p2a: Excadrill|Stealth Rock|p1a: Thorns II
|-sidestart|p1: UserJexx|move: Stealth Rock
|move|p1a: Thorns II|Roost|p1a: Thorns II
|-heal|p1a: Thorns II|100/100
|-singleturn|p1a: Thorns II|move: Roost
|
|upkeep
|turn|18
|
|t:|1758993668
|move|p2a: Excadrill|Rock Tomb|p1a: Thorns II
|-damage|p1a: Thorns II|83/100
|-unboost|p1a: Thorns II|spe|1
|move|p1a: Thorns II|Defog|p2a: Excadrill
|-unboost|p2a: Excadrill|evasion|1
|-sideend|p1: UserJexx|Stealth Rock|[from] move: Defog|[of] p1a: Thorns II
|
|upkeep
|turn|19
|
|t:|1758993673
|move|p2a: Excadrill|Stealth Rock|p1a: Thorns II
|-sidestart|p1: UserJexx|move: Stealth Rock
|move|p1a: Thorns II|Body Press|p2a: Excadrill
|-supereffective|p2a: Excadrill
|-damage|p2a: Excadrill|0 fnt
|faint|p2a: Excadrill
|
|upkeep
|
|t:|1758993679
|switch|p2a: Raging Bolt|Raging Bolt|100/100
|turn|20
|
|t:|1758993682
|switch|p1a: Respiration III|Gastrodon-East, M|100/100
|-damage|p1a: Respiration III|94/100|[from] Stealth Rock
|move|p2a: Raging Bolt|Thunderbolt|p1a: Respiration III
|-immune|p1a: Respiration III
|
|-heal|p1a: Respiration III|100/100|[from] item: Leftovers
|upkeep
|turn|21
|
|t:|1758993685
|move|p2a: Raging Bolt|Calm Mind|p2a: Raging Bolt
|-boost|p2a: Raging Bolt|spa|1
|-boost|p2a: Raging Bolt|spd|1
|move|p1a: Respiration III|Earth Power|p2a: Raging Bolt
|-supereffective|p2a: Raging Bolt
|-damage|p2a: Raging Bolt|52/100
|
|-heal|p2a: Raging Bolt|59/100|[from] item: Leftovers
|upkeep
|turn|22
|
|t:|1758993691
|-terastallize|p1a: Respiration III|Fairy
|move|p2a: Raging Bolt|Calm Mind|p2a: Raging Bolt
|-boost|p2a: Raging Bolt|spa|1
|-boost|p2a: Raging Bolt|spd|1
|move|p1a: Respiration III|Earth Power|p2a: Raging Bolt
|-supereffective|p2a: Raging Bolt
|-damage|p2a: Raging Bolt|27/100
|
|-heal|p2a: Raging Bolt|33/100|[from] item: Leftovers
|upkeep
|turn|23
|
|t:|1758993698
|move|p2a: Raging Bolt|Thunderbolt|p1a: Respiration III
|-damage|p1a: Respiration III|0 fnt
|faint|p1a: Respiration III
|
|-heal|p2a: Raging Bolt|39/100|[from] item: Leftovers
|upkeep
|
|t:|1758993701
|switch|p1a: Curse of Binding|Ditto|100/100
|-damage|p1a: Curse of Binding|88/100|[from] Stealth Rock
|-transform|p1a: Curse of Binding|p2a: Raging Bolt|[from] ability: Imposter
|turn|24
|
|t:|1758993707
|-end|p2a: Raging Bolt|Protosynthesis|[silent]
|switch|p2a: Kingambit|Kingambit, F|100/100
|-item|p2a: Kingambit|Air Balloon
|move|p1a: Curse of Binding|Dragon Pulse|p2a: Kingambit
|-resisted|p2a: Kingambit
|-damage|p2a: Kingambit|53/100
|-enditem|p2a: Kingambit|Air Balloon
|
|upkeep
|turn|25
|
|t:|1758993714
|move|p1a: Curse of Binding|Dragon Pulse|p2a: Kingambit
|-resisted|p2a: Kingambit
|-damage|p2a: Kingambit|2/100
|move|p2a: Kingambit|Kowtow Cleave|p1a: Curse of Binding
|-damage|p1a: Curse of Binding|24/100
|
|upkeep
|turn|26
|
|t:|1758993722
|-end|p1a: Curse of Binding|Protosynthesis|[silent]
|switch|p1a: Thorns II|Corviknight, M|83/100
|-damage|p1a: Thorns II|71/100|[from] Stealth Rock
|-ability|p1a: Thorns II|Pressure
|move|p2a: Kingambit|Kowtow Cleave|p1a: Thorns II
|-damage|p1a: Thorns II|33/100
|-damage|p2a: Kingambit|0 fnt|[from] item: Rocky Helmet|[of] p1a: Thorns II
|faint|p2a: Kingambit
|
|upkeep
|
|t:|1758993727
|switch|p2a: Ceruledge|Ceruledge, F|100/100
|turn|27
|
|t:|1758993734
|move|p2a: Ceruledge|Swords Dance|p2a: Ceruledge
|-boost|p2a: Ceruledge|atk|2
|move|p1a: Thorns II|Defog|p2a: Ceruledge
|-unboost|p2a: Ceruledge|evasion|1
|-sideend|p1: UserJexx|Stealth Rock|[from] move: Defog|[of] p1a: Thorns II
|
|upkeep
|turn|28
|
|t:|1758993743
|move|p2a: Ceruledge|Swords Dance|p2a: Ceruledge
|-boost|p2a: Ceruledge|atk|2
|move|p1a: Thorns II|Roost|p1a: Thorns II
|-heal|p1a: Thorns II|83/100
|-singleturn|p1a: Thorns II|move: Roost
|
|upkeep
|turn|29
|
|t:|1758993748
|move|p2a: Ceruledge|Bitter Blade|p1a: Thorns II
|-supereffective|p1a: Thorns II
|-damage|p1a: Thorns II|0 fnt
|-damage|p2a: Ceruledge|84/100|[from] item: Rocky Helmet|[of] p1a: Thorns II
|faint|p1a: Thorns II
|
|upkeep
|
|t:|1758993751
|switch|p1a: Curse of Binding|Ditto|24/100
|-transform|p1a: Curse of Binding|p2a: Ceruledge|[from] ability: Imposter
|turn|30
|
|t:|1758993765
|move|p1a: Curse of Binding|Shadow Sneak|p2a: Ceruledge
|-supereffective|p2a: Ceruledge
|-crit|p2a: Ceruledge
|-damage|p2a: Ceruledge|0 fnt
|faint|p2a: Ceruledge
|
|upkeep
|
|t:|1758993766
|switch|p2a: Raging Bolt|Raging Bolt|39/100
|turn|31
|
|t:|1758993773
|move|p1a: Curse of Binding|Shadow Sneak|p2a: Raging Bolt
|-damage|p2a: Raging Bolt|0 fnt
|faint|p2a: Raging Bolt
|-end|p2a: Raging Bolt|Protosynthesis|[silent]
|
|win|UserJexx
|raw|UserJexx's rating: 1480 &rarr; <strong>1502</strong><br />(+22 for winning)
|raw|spreadcrosser's rating: 1518 &rarr; <strong>1496</strong><br />(-22 for losing)
|l|☆spreadcrosser
|player|p2|
|l|☆UserJexx
|player|p1|
