|j|☆homerac
|j|☆Made in BraziL
|t:|1759069378
|gametype|singles
|player|p1|homerac|266|1318
|player|p2|Made in BraziL|gentleman|1280
|gen|9
|tier|[Gen 9] OU
|rated|
|rule|HP Percentage Mod: HP is shown in percentages
|rule|Endless Battle Clause: Forcing endless battles is banned
|rule|Species Clause: Limit one of each Pokémon
|rule|OHKO Clause: OHKO moves are banned
|rule|Evasion Items Clause: Evasion items are banned
|rule|Evasion Moves Clause: Evasion moves are banned
|rule|Evasion Abilities Clause: Evasion abilities are banned
|rule|Sleep Moves Clause: Sleep-inducing moves are banned
|clearpoke
|poke|p1|Araquanid, M|
|poke|p1|Darkrai|
|poke|p1|Garchomp, F|
|poke|p1|Primarina, F|
|poke|p1|Breloom, F|
|poke|p1|Oricorio-Pom-Pom, F|
|poke|p2|Gyarados, F|
|poke|p2|Serperior, M|
|poke|p2|Blissey, F|
|poke|p2|Hippowdon, F|
|poke|p2|Jirachi|
|poke|p2|Garchomp, M|
|teampreview
|inactive|Battle timer is ON: inactive players will automatically lose when time's up. (requested by Made in BraziL)
|
|t:|1759069384
|teamsize|p1|6
|teamsize|p2|6
|start
|switch|p1a: Breloom|Breloom, F|100/100
|switch|p2a: Serperior|Serperior, M|100/100
|turn|1
|
|t:|1759069397
|move|p1a: Breloom|Mach Punch|p2a: Serperior
|-damage|p2a: Serperior|63/100
|move|p2a: Serperior|Glare|p1a: Breloom
|-status|p1a: Breloom|par
|
|-heal|p2a: Serperior|69/100|[from] item: Leftovers
|upkeep
|turn|2
|
|t:|1759069404
|switch|p2a: Hippowdon|Hippowdon, F|100/100
|-weather|Sandstorm|[from] ability: Sand Stream|[of] p2a: Hippowdon
|move|p1a: Breloom|Bullet Seed|p2a: Hippowdon
|-supereffective|p2a: Hippowdon
|-damage|p2a: Hippowdon|75/100
|-supereffective|p2a: Hippowdon
|-damage|p2a: Hippowdon|49/100
|-supereffective|p2a: Hippowdon
|-damage|p2a: Hippowdon|22/100
|-supereffective|p2a: Hippowdon
|-damage|p2a: Hippowdon|0 fnt
|faint|p2a: Hippowdon
|-hitcount|p2: Hippowdon|4
|
|-weather|Sandstorm|[upkeep]
|-damage|p1a: Breloom|94/100 par|[from] Sandstorm
|upkeep
|
|t:|1759069421
|switch|p2a: Jirachi|Jirachi|100/100
|turn|3
|
|t:|1759069424
|switch|p1a: Garchomp|Garchomp, F|100/100
|move|p2a: Jirachi|Iron Head|p1a: Garchomp
|-damage|p1a: Garchomp|71/100
|-damage|p2a: Jirachi|88/100|[from] ability: Rough Skin|[of] p1a: Garchomp
|-damage|p2a: Jirachi|72/100|[from] item: Rocky Helmet|[of] p1a: Garchomp
|
|-weather|Sandstorm|[upkeep]
|-heal|p2a: Jirachi|78/100|[from] item: Leftovers
|upkeep
|turn|4
|
|t:|1759069434
|move|p2a: Jirachi|Body Slam|p1a: Garchomp
|-damage|p1a: Garchomp|52/100
|-status|p1a: Garchomp|par
|-damage|p2a: Jirachi|65/100|[from] ability: Rough Skin|[of] p1a: Garchomp
|-damage|p2a: Jirachi|49/100|[from] item: Rocky Helmet|[of] p1a: Garchomp
|move|p1a: Garchomp|Stealth Rock|p2a: Jirachi
|-sidestart|p2: Made in BraziL|move: Stealth Rock
|
|-weather|Sandstorm|[upkeep]
|-heal|p2a: Jirachi|55/100|[from] item: Leftovers
|upkeep
|turn|5
|
|t:|1759069451
|move|p2a: Jirachi|Iron Head|p1a: Garchomp
|-damage|p1a: Garchomp|24/100 par
|-damage|p2a: Jirachi|43/100|[from] ability: Rough Skin|[of] p1a: Garchomp
|-damage|p2a: Jirachi|26/100|[from] item: Rocky Helmet|[of] p1a: Garchomp
|move|p1a: Garchomp|Earthquake|p2a: Jirachi
|-supereffective|p2a: Jirachi
|-damage|p2a: Jirachi|0 fnt
|faint|p2a: Jirachi
|
|-weather|Sandstorm|[upkeep]
|upkeep
|inactive|Made in BraziL has 120 seconds left.
|
|t:|1759069472
|switch|p2a: Serperior|Serperior, M|69/100
|-damage|p2a: Serperior|56/100|[from] Stealth Rock
|turn|6
|
|t:|1759069485
|move|p2a: Serperior|Leaf Storm|p1a: Garchomp
|-damage|p1a: Garchomp|0 fnt
|-boost|p2a: Serperior|spa|2
|faint|p1a: Garchomp
|
|-weather|Sandstorm|[upkeep]
|-damage|p2a: Serperior|50/100|[from] Sandstorm
|-heal|p2a: Serperior|56/100|[from] item: Leftovers
|upkeep
|
|t:|1759069495
|switch|p1a: Araquanid|Araquanid, M|100/100
|turn|7
|
|t:|1759069500
|move|p2a: Serperior|Glare|p1a: Araquanid
|-status|p1a: Araquanid|par
|move|p1a: Araquanid|Lunge|p2a: Serperior
|-supereffective|p2a: Serperior
|-damage|p2a: Serperior|0 fnt
|faint|p2a: Serperior
|
|-weather|Sandstorm|[upkeep]
|-damage|p1a: Araquanid|94/100 par|[from] Sandstorm
|-heal|p1a: Araquanid|100/100 par|[from] item: Leftovers
|upkeep
|
|t:|1759069513
|switch|p2a: UtGyarados|Gyarados, F, shiny|100/100
|-damage|p2a: UtGyarados|76/100|[from] Stealth Rock
|turn|8
|
|t:|1759069524
|move|p2a: UtGyarados|Dragon Dance|p2a: UtGyarados
|-boost|p2a: UtGyarados|atk|1
|-boost|p2a: UtGyarados|spe|1
|move|p1a: Araquanid|Lunge|p2a: UtGyarados
|-resisted|p2a: UtGyarados
|-damage|p2a: UtGyarados|57/100
|-unboost|p2a: UtGyarados|atk|1
|
|-weather|Sandstorm|[upkeep]
|-damage|p2a: UtGyarados|51/100|[from] Sandstorm
|-damage|p1a: Araquanid|94/100 par|[from] Sandstorm
|-heal|p2a: UtGyarados|57/100|[from] item: Leftovers
|-heal|p1a: Araquanid|100/100 par|[from] item: Leftovers
|upkeep
|turn|9
|
|t:|1759069535
|move|p2a: UtGyarados|Stone Edge|p1a: Araquanid
|-supereffective|p1a: Araquanid
|-damage|p1a: Araquanid|17/100 par
|cant|p1a: Araquanid|par
|
|-weather|none
|-heal|p2a: UtGyarados|63/100|[from] item: Leftovers
|-heal|p1a: Araquanid|23/100 par|[from] item: Leftovers
|upkeep
|turn|10
|
|t:|1759069542
|move|p2a: UtGyarados|Earthquake|p1a: Araquanid
|-resisted|p1a: Araquanid
|-damage|p1a: Araquanid|0 fnt
|faint|p1a: Araquanid
|-ability|p2a: UtGyarados|Moxie|boost
|-boost|p2a: UtGyarados|atk|1
|
|-heal|p2a: UtGyarados|69/100|[from] item: Leftovers
|upkeep
|
|t:|1759069563
|switch|p1a: Oricorio|Oricorio-Pom-Pom, F|100/100
|turn|11
|
|t:|1759069571
|-terastallize|p2a: UtGyarados|Ground
|-terastallize|p1a: Oricorio|Electric
|move|p2a: UtGyarados|Stone Edge|p1a: Oricorio
|-damage|p1a: Oricorio|23/100
|move|p1a: Oricorio|Quiver Dance|p1a: Oricorio
|-boost|p1a: Oricorio|spa|1
|-boost|p1a: Oricorio|spd|1
|-boost|p1a: Oricorio|spe|1
|
|-heal|p2a: UtGyarados|75/100|[from] item: Leftovers
|upkeep
|turn|12
|
|t:|1759069581
|move|p2a: UtGyarados|Earthquake|p1a: Oricorio
|-supereffective|p1a: Oricorio
|-damage|p1a: Oricorio|0 fnt
|faint|p1a: Oricorio
|-ability|p2a: UtGyarados|Moxie|boost
|-boost|p2a: UtGyarados|atk|1
|
|-heal|p2a: UtGyarados|81/100|[from] item: Leftovers
|upkeep
|-message|homerac forfeited.
|
|win|Made in BraziL
|raw|homerac's rating: 1318 &rarr; <strong>1296</strong><br />(-22 for losing)
|raw|Made in BraziL's rating: 1280 &rarr; <strong>1308</strong><br />(+28 for winning)
|l|☆homerac
|player|p1|
|l|☆Made in BraziL
|player|p2|
