|j|☆PjSand
|j|☆Shibuya Arc
|t:|1758922062
|gametype|singles
|player|p1|PjSand|266|1557
|player|p2|Shibuya Arc|265|1603
|gen|9
|tier|[Gen 9] OU
|rated|
|rule|HP Percentage Mod: HP is shown in percentages
|rule|Endless Battle Clause: Forcing endless battles is banned
|rule|Species Clause: Limit one of each Pokémon
|rule|OHKO Clause: OHKO moves are banned
|rule|Evasion Items Clause: Evasion items are banned
|rule|Evasion Moves Clause: Evasion moves are banned
|rule|Evasion Abilities Clause: Evasion abilities are banned
|rule|Sleep Moves Clause: Sleep-inducing moves are banned
|clearpoke
|poke|p1|Ninetales, F|
|poke|p1|Ceruledge, M|
|poke|p1|Venusaur, M|
|poke|p1|Hatterene, F|
|poke|p1|Great Tusk|
|poke|p1|Walking Wake|
|poke|p2|Dragapult, F|
|poke|p2|Dragonite, F|
|poke|p2|Ting-Lu|
|poke|p2|Weezing-Galar, F|
|poke|p2|Iron Crown|
|poke|p2|Zapdos|
|teampreview
|inactive|Battle timer is ON: inactive players will automatically lose when time's up. (requested by PjSand)
|inactive|Shibuya Arc also wants the timer to be on.
|
|t:|1758922073
|teamsize|p1|6
|teamsize|p2|6
|start
|switch|p1a: Slayboi Carti|Ceruledge, M|100/100
|switch|p2a: Ting-Lu|Ting-Lu|100/100
|-ability|p2a: Ting-Lu|Vessel of Ruin
|turn|1
|
|t:|1758922078
|switch|p1a: Die w A Smile|Hatterene, F|100/100
|move|p2a: Ting-Lu|Ruination|p1a: Die w A Smile
|-damage|p1a: Die w A Smile|50/100
|-enditem|p1a: Die w A Smile|Eject Button
|
|t:|1758922083
|switch|p1a: Kurama Chakra Mode|Ninetales, F|100/100
|-weather|SunnyDay|[from] ability: Drought|[of] p1a: Kurama Chakra Mode
|
|-weather|SunnyDay|[upkeep]
|upkeep
|turn|2
|
|t:|1758922089
|switch|p1a: Die w A Smile|Hatterene, F|50/100
|move|p2a: Ting-Lu|Ruination|p1a: Die w A Smile
|-damage|p1a: Die w A Smile|26/100
|
|-weather|SunnyDay|[upkeep]
|upkeep
|turn|3
|
|t:|1758922099
|move|p2a: Ting-Lu|Earthquake|p1a: Die w A Smile
|-damage|p1a: Die w A Smile|0 fnt
|faint|p1a: Die w A Smile
|
|-weather|SunnyDay|[upkeep]
|upkeep
|
|t:|1758922102
|switch|p1a: Dubya|Walking Wake|100/100
|-activate|p1a: Dubya|ability: Protosynthesis
|-start|p1a: Dubya|protosynthesisspa
|turn|4
|
|t:|1758922107
|-terastallize|p2a: Ting-Lu|Water
|move|p1a: Dubya|Dragon Pulse|p2a: Ting-Lu
|-damage|p2a: Ting-Lu|60/100
|move|p2a: Ting-Lu|Ruination|p1a: Dubya
|-damage|p1a: Dubya|51/100
|
|-weather|SunnyDay|[upkeep]
|-heal|p2a: Ting-Lu|66/100|[from] item: Leftovers
|upkeep
|turn|5
|
|t:|1758922115
|move|p1a: Dubya|Dragon Pulse|p2a: Ting-Lu
|-damage|p2a: Ting-Lu|28/100
|move|p2a: Ting-Lu|Stealth Rock|p1a: Dubya
|-sidestart|p1: PjSand|move: Stealth Rock
|
|-weather|SunnyDay|[upkeep]
|-heal|p2a: Ting-Lu|34/100|[from] item: Leftovers
|upkeep
|turn|6
|
|t:|1758922121
|switch|p2a: Iron Crown|Iron Crown|100/100
|move|p1a: Dubya|Dragon Pulse|p2a: Iron Crown
|-resisted|p2a: Iron Crown
|-damage|p2a: Iron Crown|58/100
|
|-weather|SunnyDay|[upkeep]
|upkeep
|turn|7
|
|t:|1758922129
|move|p2a: Iron Crown|Psyshock|p1a: Dubya
|-damage|p1a: Dubya|0 fnt
|faint|p1a: Dubya
|-end|p1a: Dubya|Protosynthesis|[silent]
|
|-weather|SunnyDay|[upkeep]
|upkeep
|
|t:|1758922135
|switch|p1a: Slayboi Carti|Ceruledge, M|100/100
|-damage|p1a: Slayboi Carti|76/100|[from] Stealth Rock
|turn|8
|
|t:|1758922140
|move|p2a: Iron Crown|Psyshock|p1a: Slayboi Carti
|-damage|p1a: Slayboi Carti|0 fnt
|faint|p1a: Slayboi Carti
|
|-weather|none
|upkeep
|
|t:|1758922144
|switch|p1a: Kurama Chakra Mode|Ninetales, F|100/100
|-damage|p1a: Kurama Chakra Mode|76/100|[from] Stealth Rock
|-weather|SunnyDay|[from] ability: Drought|[of] p1a: Kurama Chakra Mode
|turn|9
|
|t:|1758922150
|-end|p2a: Iron Crown|Quark Drive|[silent]
|switch|p2a: Ting-Lu|Ting-Lu, tera:Water|34/100
|-ability|p2a: Ting-Lu|Vessel of Ruin
|move|p1a: Kurama Chakra Mode|Will-O-Wisp|p2a: Ting-Lu
|-status|p2a: Ting-Lu|brn
|
|-weather|SunnyDay|[upkeep]
|-heal|p2a: Ting-Lu|41/100 brn|[from] item: Leftovers
|-damage|p2a: Ting-Lu|34/100 brn|[from] brn
|upkeep
|turn|10
|
|t:|1758922158
|move|p1a: Kurama Chakra Mode|Healing Wish|p1a: Kurama Chakra Mode
|faint|p1a: Kurama Chakra Mode
|move|p2a: Ting-Lu|Ruination|p1: Kurama Chakra Mode|[notarget]
|-fail|p2a: Ting-Lu
|
|-weather|SunnyDay|[upkeep]
|-heal|p2a: Ting-Lu|41/100 brn|[from] item: Leftovers
|-damage|p2a: Ting-Lu|34/100 brn|[from] brn
|upkeep
|
|t:|1758922162
|switch|p1a: Lynrd Spynrd|Great Tusk|100/100
|-damage|p1a: Lynrd Spynrd|98/100|[from] Stealth Rock
|-activate|p1a: Lynrd Spynrd|ability: Protosynthesis
|-start|p1a: Lynrd Spynrd|protosynthesisspe
|turn|11
|
|t:|1758922168
|switch|p2a: Zapdos|Zapdos|100/100
|move|p1a: Lynrd Spynrd|Rapid Spin|p2a: Zapdos
|-damage|p2a: Zapdos|82/100
|-boost|p1a: Lynrd Spynrd|spe|1
|-status|p1a: Lynrd Spynrd|par|[from] ability: Static|[of] p2a: Zapdos
|-sideend|p1: PjSand|Stealth Rock|[from] move: Rapid Spin|[of] p1a: Lynrd Spynrd
|
|-weather|SunnyDay|[upkeep]
|upkeep
|turn|12
|
|t:|1758922176
|switch|p2a: Ting-Lu|Ting-Lu, tera:Water|34/100 brn
|-ability|p2a: Ting-Lu|Vessel of Ruin
|move|p1a: Lynrd Spynrd|Ice Spinner|p2a: Ting-Lu
|-resisted|p2a: Ting-Lu
|-damage|p2a: Ting-Lu|28/100 brn
|
|-weather|SunnyDay|[upkeep]
|-heal|p2a: Ting-Lu|34/100 brn|[from] item: Leftovers
|-damage|p2a: Ting-Lu|28/100 brn|[from] brn
|upkeep
|turn|13
|
|t:|1758922183
|-end|p1a: Lynrd Spynrd|Protosynthesis|[silent]
|switch|p1a: Venu Vidi Vici|Venusaur, M|100/100
|move|p2a: Ting-Lu|Ruination|p1a: Venu Vidi Vici
|-damage|p1a: Venu Vidi Vici|51/100
|
|-weather|SunnyDay|[upkeep]
|-heal|p2a: Ting-Lu|34/100 brn|[from] item: Leftovers
|-damage|p2a: Ting-Lu|28/100 brn|[from] brn
|upkeep
|turn|14
|
|t:|1758922191
|move|p1a: Venu Vidi Vici|Growth|p1a: Venu Vidi Vici
|-boost|p1a: Venu Vidi Vici|atk|2
|-boost|p1a: Venu Vidi Vici|spa|2
|move|p2a: Ting-Lu|Ruination|p1a: Venu Vidi Vici
|-damage|p1a: Venu Vidi Vici|26/100
|
|-weather|SunnyDay|[upkeep]
|-heal|p2a: Ting-Lu|34/100 brn|[from] item: Leftovers
|-damage|p2a: Ting-Lu|28/100 brn|[from] brn
|upkeep
|turn|15
|
|t:|1758922200
|move|p1a: Venu Vidi Vici|Giga Drain|p2a: Ting-Lu
|-supereffective|p2a: Ting-Lu
|-damage|p2a: Ting-Lu|0 fnt
|-heal|p1a: Venu Vidi Vici|49/100|[from] drain|[of] p2a: Ting-Lu
|faint|p2a: Ting-Lu
|-damage|p1a: Venu Vidi Vici|39/100|[from] item: Life Orb
|
|-weather|SunnyDay|[upkeep]
|upkeep
|
|t:|1758922209
|switch|p2a: Dragonite|Dragonite, F|100/100
|turn|16
|
|t:|1758922214
|switch|p2a: Iron Crown|Iron Crown|58/100
|move|p1a: Venu Vidi Vici|Sludge Bomb|p2a: Iron Crown
|-immune|p2a: Iron Crown
|
|-weather|none
|upkeep
|turn|17
|
|t:|1758922220
|move|p2a: Iron Crown|Tachyon Cutter|p1a: Venu Vidi Vici
|-damage|p1a: Venu Vidi Vici|0 fnt
|faint|p1a: Venu Vidi Vici
|-hitcount|p1: Venu Vidi Vici|1
|
|upkeep
|
|t:|1758922222
|switch|p1a: Lynrd Spynrd|Great Tusk|98/100 par
|-heal|p1a: Lynrd Spynrd|100/100|[from] move: Healing Wish
|turn|18
|
|t:|1758922228
|move|p2a: Iron Crown|Tachyon Cutter|p1a: Lynrd Spynrd
|-damage|p1a: Lynrd Spynrd|50/100
|-damage|p1a: Lynrd Spynrd|3/100
|-hitcount|p1a: Lynrd Spynrd|2
|move|p1a: Lynrd Spynrd|Rapid Spin|p2a: Iron Crown
|-resisted|p2a: Iron Crown
|-damage|p2a: Iron Crown|52/100
|-boost|p1a: Lynrd Spynrd|spe|1
|
|upkeep
|turn|19
|
|t:|1758922233
|move|p1a: Lynrd Spynrd|Headlong Rush|p2a: Iron Crown
|-supereffective|p2a: Iron Crown
|-damage|p2a: Iron Crown|0 fnt
|-unboost|p1a: Lynrd Spynrd|def|1
|-unboost|p1a: Lynrd Spynrd|spd|1
|faint|p2a: Iron Crown
|-end|p2a: Iron Crown|Quark Drive|[silent]
|
|upkeep
|
|t:|1758922239
|switch|p2a: Dragapult|Dragapult, F|100/100
|turn|20
|
|t:|1758922242
|move|p1a: Lynrd Spynrd|Ice Spinner|p2a: Dragapult
|-supereffective|p2a: Dragapult
|-damage|p2a: Dragapult|33/100
|-start|p1a: Lynrd Spynrd|Disable|Ice Spinner|[from] ability: Cursed Body|[of] p2a: Dragapult
|move|p2a: Dragapult|Dragon Darts|p1a: Lynrd Spynrd
|-damage|p1a: Lynrd Spynrd|0 fnt
|faint|p1a: Lynrd Spynrd
|-end|p1a: Lynrd Spynrd|Protosynthesis|[silent]
|
|win|Shibuya Arc
|raw|PjSand's rating: 1557 &rarr; <strong>1540</strong><br />(-17 for losing)
|raw|Shibuya Arc's rating: 1603 &rarr; <strong>1620</strong><br />(+17 for winning)
