|j|☆kenzo123456
|j|☆Danxsh17
|t:|1758956388
|gametype|singles
|player|p1|kenzo123456|pokemonbreederf-gen4|1474
|player|p2|Danxsh17|blue|1491
|gen|9
|tier|[Gen 9] OU
|rated|
|rule|HP Percentage Mod: HP is shown in percentages
|rule|Endless Battle Clause: Forcing endless battles is banned
|rule|Species Clause: Limit one of each Pokémon
|rule|OHKO Clause: OHKO moves are banned
|rule|Evasion Items Clause: Evasion items are banned
|rule|Evasion Moves Clause: Evasion moves are banned
|rule|Evasion Abilities Clause: Evasion abilities are banned
|rule|Sleep Moves Clause: Sleep-inducing moves are banned
|clearpoke
|poke|p1|Raikou|
|poke|p1|Slowking-Galar, F|
|poke|p1|Samurott-Hisui, F|
|poke|p1|Iron Treads|
|poke|p1|Hydrapple, F|
|poke|p1|Zamazenta-*|
|poke|p2|Iron Moth|
|poke|p2|Great Tusk|
|poke|p2|Pecharunt|
|poke|p2|Rotom-Wash|
|poke|p2|Ceruledge, F|
|poke|p2|Samurott-Hisui, F|
|teampreview
|inactive|Battle timer is ON: inactive players will automatically lose when time's up. (requested by Danxsh17)
|inactive|Danxsh17 has 120 seconds left.
|
|t:|1758956440
|teamsize|p1|6
|teamsize|p2|6
|start
|switch|p1a: Rai Charles|Raikou|100/100
|switch|p2a: Samurott|Samurott-Hisui, F|100/100
|-ability|p1a: Rai Charles|Pressure
|turn|1
|
|t:|1758956448
|move|p1a: Rai Charles|Volt Switch|p2a: Samurott
|-supereffective|p2a: Samurott
|-damage|p2a: Samurott|35/100
|
|t:|1758956455
|switch|p1a: Die Sekiro|Samurott-Hisui, F|100/100|[from] Volt Switch
|move|p2a: Samurott|Ceaseless Edge|p1a: Die Sekiro
|-resisted|p1a: Die Sekiro
|-damage|p1a: Die Sekiro|71/100
|-sidestart|p1: kenzo123456|Spikes
|
|upkeep
|turn|2
|
|t:|1758956460
|move|p1a: Die Sekiro|Ceaseless Edge|p2a: Samurott
|-resisted|p2a: Samurott
|-damage|p2a: Samurott|8/100
|-sidestart|p2: Danxsh17|Spikes
|move|p2a: Samurott|Sacred Sword|p1a: Die Sekiro
|-supereffective|p1a: Die Sekiro
|-crit|p1a: Die Sekiro
|-damage|p1a: Die Sekiro|0 fnt
|faint|p1a: Die Sekiro
|
|upkeep
|
|t:|1758956466
|switch|p1a: Rai Charles|Raikou|100/100
|-ability|p1a: Rai Charles|Pressure
|turn|3
|
|t:|1758956472
|switch|p2a: Rotom|Rotom-Wash|100/100
|move|p1a: Rai Charles|Scald|p2a: Rotom
|-resisted|p2a: Rotom
|-damage|p2a: Rotom|91/100
|
|-heal|p2a: Rotom|98/100|[from] item: Leftovers
|upkeep
|turn|4
|
|t:|1758956478
|move|p1a: Rai Charles|Volt Switch|p2a: Rotom
|-crit|p2a: Rotom
|-damage|p2a: Rotom|60/100
|
|t:|1758956480
|switch|p1a: TalkingHeads|Hydrapple, F|100/100|[from] Volt Switch
|move|p2a: Rotom|Will-O-Wisp|p1a: TalkingHeads
|-status|p1a: TalkingHeads|brn
|
|-heal|p2a: Rotom|66/100|[from] item: Leftovers
|-damage|p1a: TalkingHeads|94/100 brn|[from] brn
|upkeep
|turn|5
|
|t:|1758956485
|move|p2a: Rotom|Volt Switch|p1a: TalkingHeads
|-resisted|p1a: TalkingHeads
|-damage|p1a: TalkingHeads|87/100 brn
|
|t:|1758956488
|switch|p2a: Pecharunt|Pecharunt|100/100|[from] Volt Switch
|-damage|p2a: Pecharunt|88/100|[from] Spikes
|move|p1a: TalkingHeads|Fickle Beam|p2a: Pecharunt|[anim] Fickle Beam All Out
|-activate|p1a: TalkingHeads|move: Fickle Beam
|-damage|p2a: Pecharunt|2/100
|
|-damage|p1a: TalkingHeads|81/100 brn|[from] brn
|upkeep
|turn|6
|
|t:|1758956495
|switch|p1a: Treadmill Tungsten|Iron Treads|100/100
|move|p2a: Pecharunt|Recover|p2a: Pecharunt
|-heal|p2a: Pecharunt|52/100
|
|upkeep
|turn|7
|
|t:|1758956499
|move|p1a: Treadmill Tungsten|Earthquake|p2a: Pecharunt
|-supereffective|p2a: Pecharunt
|-damage|p2a: Pecharunt|11/100
|move|p2a: Pecharunt|Parting Shot|p1a: Treadmill Tungsten
|-unboost|p1a: Treadmill Tungsten|atk|1
|-unboost|p1a: Treadmill Tungsten|spa|1
|
|t:|1758956506
|switch|p2a: Rotom|Rotom-Wash|66/100|[from] Parting Shot
|
|-heal|p2a: Rotom|73/100|[from] item: Leftovers
|upkeep
|turn|8
|
|t:|1758956514
|move|p1a: Treadmill Tungsten|Stealth Rock|p2a: Rotom
|-sidestart|p2: Danxsh17|move: Stealth Rock
|move|p2a: Rotom|Volt Switch|p1a: Treadmill Tungsten
|-immune|p1a: Treadmill Tungsten
|
|-heal|p2a: Rotom|79/100|[from] item: Leftovers
|upkeep
|turn|9
|
|t:|1758956516
|-end|p1a: Treadmill Tungsten|Quark Drive|[silent]
|switch|p1a: TalkingHeads|Hydrapple, F|100/100 brn
|move|p2a: Rotom|Volt Switch|p1a: TalkingHeads
|-resisted|p1a: TalkingHeads
|-damage|p1a: TalkingHeads|94/100 brn
|
|t:|1758956519
|switch|p2a: Pecharunt|Pecharunt|11/100|[from] Volt Switch
|-damage|p2a: Pecharunt|0 fnt|[from] Spikes
|faint|p2a: Pecharunt
|
|-damage|p1a: TalkingHeads|88/100 brn|[from] brn
|upkeep
|
|t:|1758956523
|switch|p2a: Great Tusk|Great Tusk|100/100
|-damage|p2a: Great Tusk|88/100|[from] Spikes
|-damage|p2a: Great Tusk|85/100|[from] Stealth Rock
|-enditem|p2a: Great Tusk|Booster Energy
|-activate|p2a: Great Tusk|ability: Protosynthesis|[fromitem]
|-start|p2a: Great Tusk|protosynthesisspe
|turn|10
|
|t:|1758956532
|-terastallize|p2a: Great Tusk|Steel
|-terastallize|p1a: TalkingHeads|Poison
|move|p2a: Great Tusk|Bulk Up|p2a: Great Tusk
|-boost|p2a: Great Tusk|atk|1
|-boost|p2a: Great Tusk|def|1
|move|p1a: TalkingHeads|Giga Drain|p2a: Great Tusk
|-resisted|p2a: Great Tusk
|-damage|p2a: Great Tusk|60/100
|-heal|p1a: TalkingHeads|100/100 brn|[from] drain|[of] p2a: Great Tusk
|
|-damage|p1a: TalkingHeads|94/100 brn|[from] brn
|upkeep
|turn|11
|
|t:|1758956550
|switch|p1a: Rai Charles|Raikou|100/100
|-ability|p1a: Rai Charles|Pressure
|move|p2a: Great Tusk|Headlong Rush|p1a: Rai Charles
|-supereffective|p1a: Rai Charles
|-damage|p1a: Rai Charles|0 fnt
|-unboost|p2a: Great Tusk|def|1
|-unboost|p2a: Great Tusk|spd|1
|faint|p1a: Rai Charles
|
|upkeep
|
|t:|1758956551
|switch|p1a: Fighting Master|Zamazenta|100/100
|-damage|p1a: Fighting Master|88/100|[from] Spikes
|-ability|p1a: Fighting Master|Dauntless Shield|boost
|-boost|p1a: Fighting Master|def|1
|turn|12
|
|t:|1758956556
|move|p2a: Great Tusk|Rapid Spin|p1a: Fighting Master
|-damage|p1a: Fighting Master|78/100
|-boost|p2a: Great Tusk|spe|1
|-sideend|p2: Danxsh17|Spikes|[from] move: Rapid Spin|[of] p2a: Great Tusk
|-sideend|p2: Danxsh17|Stealth Rock|[from] move: Rapid Spin|[of] p2a: Great Tusk
|move|p1a: Fighting Master|Body Press|p2a: Great Tusk
|-supereffective|p2a: Great Tusk
|-damage|p2a: Great Tusk|0 fnt
|faint|p2a: Great Tusk
|-end|p2a: Great Tusk|Protosynthesis|[silent]
|
|-heal|p1a: Fighting Master|84/100|[from] item: Leftovers
|upkeep
|
|t:|1758956561
|switch|p2a: Iron Moth|Iron Moth|100/100
|-enditem|p2a: Iron Moth|Booster Energy
|-activate|p2a: Iron Moth|ability: Quark Drive|[fromitem]
|-start|p2a: Iron Moth|quarkdrivespa
|turn|13
|
|t:|1758956563
|switch|p1a: The Chillionaire|Slowking-Galar, F|100/100
|move|p2a: Iron Moth|Fiery Dance|p1a: The Chillionaire
|-damage|p1a: The Chillionaire|61/100
|
|upkeep
|turn|14
|
|t:|1758956569
|-end|p2a: Iron Moth|Quark Drive|[silent]
|switch|p2a: Samurott|Samurott-Hisui, F|8/100
|move|p1a: The Chillionaire|Thunder Wave|p2a: Samurott
|-status|p2a: Samurott|par
|
|upkeep
|turn|15
|
|t:|1758956575
|switch|p1a: Fighting Master|Zamazenta|84/100
|-damage|p1a: Fighting Master|72/100|[from] Spikes
|move|p2a: Samurott|Aqua Cutter|p1a: Fighting Master
|-damage|p1a: Fighting Master|37/100
|
|-heal|p1a: Fighting Master|43/100|[from] item: Leftovers
|upkeep
|turn|16
|
|t:|1758956581
|move|p1a: Fighting Master|Crunch|p2a: Samurott
|-resisted|p2a: Samurott
|-damage|p2a: Samurott|0 fnt
|faint|p2a: Samurott
|
|-heal|p1a: Fighting Master|49/100|[from] item: Leftovers
|upkeep
|
|t:|1758956584
|switch|p2a: Iron Moth|Iron Moth|100/100
|turn|17
|
|t:|1758956592
|switch|p1a: The Chillionaire|Slowking-Galar, F|94/100
|move|p2a: Iron Moth|Fiery Dance|p1a: The Chillionaire
|-damage|p1a: The Chillionaire|62/100
|
|upkeep
|turn|18
|
|t:|1758956598
|-end|p2a: Iron Moth|Quark Drive|[silent]
|switch|p2a: Rotom|Rotom-Wash|79/100
|move|p1a: The Chillionaire|Future Sight|p2a: Rotom
|-start|p1a: The Chillionaire|move: Future Sight
|
|-heal|p2a: Rotom|85/100|[from] item: Leftovers
|upkeep
|turn|19
|
|t:|1758956602
|move|p2a: Rotom|Will-O-Wisp|p1a: The Chillionaire
|-status|p1a: The Chillionaire|brn
|-prepare|p1a: The Chillionaire|Chilly Reception|[premajor]
|move|p1a: The Chillionaire|Chilly Reception|p1a: The Chillionaire
|-weather|Snowscape
|
|t:|1758956607
|switch|p1a: TalkingHeads|Hydrapple, F, tera:Poison|100/100 brn|[from] Chilly Reception
|
|-weather|Snowscape|[upkeep]
|-heal|p2a: Rotom|91/100|[from] item: Leftovers
|-damage|p1a: TalkingHeads|94/100 brn|[from] brn
|upkeep
|turn|20
|
|t:|1758956611
|move|p2a: Rotom|Hydro Pump|p1a: TalkingHeads
|-damage|p1a: TalkingHeads|51/100 brn
|move|p1a: TalkingHeads|Nasty Plot|p1a: TalkingHeads
|-boost|p1a: TalkingHeads|spa|2
|
|-weather|Snowscape|[upkeep]
|-end|p2a: Rotom|move: Future Sight
|-damage|p2a: Rotom|55/100
|-heal|p2a: Rotom|61/100|[from] item: Leftovers
|-damage|p1a: TalkingHeads|45/100 brn|[from] brn
|upkeep
|turn|21
|
|t:|1758956617
|switch|p2a: Iron Moth|Iron Moth|100/100
|move|p1a: TalkingHeads|Giga Drain|p2a: Iron Moth
|-resisted|p2a: Iron Moth
|-damage|p2a: Iron Moth|80/100
|-heal|p1a: TalkingHeads|53/100 brn|[from] drain|[of] p2a: Iron Moth
|
|-weather|Snowscape|[upkeep]
|-damage|p1a: TalkingHeads|47/100 brn|[from] brn
|upkeep
|turn|22
|
|t:|1758956625
|move|p2a: Iron Moth|Fiery Dance|p1a: TalkingHeads
|-damage|p1a: TalkingHeads|0 fnt
|faint|p1a: TalkingHeads
|
|-weather|Snowscape|[upkeep]
|upkeep
|
|t:|1758956636
|switch|p1a: The Chillionaire|Slowking-Galar, F|95/100 brn
|turn|23
|
|t:|1758956639
|move|p2a: Iron Moth|Substitute|p2a: Iron Moth
|-start|p2a: Iron Moth|Substitute
|-damage|p2a: Iron Moth|55/100
|move|p1a: The Chillionaire|Future Sight|p2a: Iron Moth
|-start|p1a: The Chillionaire|move: Future Sight
|
|-weather|none
|-damage|p1a: The Chillionaire|89/100 brn|[from] brn
|upkeep
|turn|24
|
|t:|1758956648
|move|p2a: Iron Moth|Fiery Dance|p1a: The Chillionaire
|-damage|p1a: The Chillionaire|56/100 brn
|-boost|p2a: Iron Moth|spa|1
|-prepare|p1a: The Chillionaire|Chilly Reception|[premajor]
|move|p1a: The Chillionaire|Chilly Reception|p1a: The Chillionaire
|-weather|Snowscape
|
|t:|1758956650
|switch|p1a: Fighting Master|Zamazenta|49/100|[from] Chilly Reception
|-damage|p1a: Fighting Master|37/100|[from] Spikes
|
|-weather|Snowscape|[upkeep]
|-heal|p1a: Fighting Master|43/100|[from] item: Leftovers
|upkeep
|turn|25
|
|t:|1758956655
|move|p1a: Fighting Master|Crunch|p2a: Iron Moth
|-end|p2a: Iron Moth|Substitute
|move|p2a: Iron Moth|Substitute|p2a: Iron Moth
|-start|p2a: Iron Moth|Substitute
|-damage|p2a: Iron Moth|30/100
|
|-weather|Snowscape|[upkeep]
|-end|p2a: Iron Moth|move: Future Sight
|-supereffective|p2a: Iron Moth
|-end|p2a: Iron Moth|Substitute
|-heal|p1a: Fighting Master|49/100|[from] item: Leftovers
|upkeep
|turn|26
|
|t:|1758956668
|move|p1a: Fighting Master|Crunch|p2a: Iron Moth
|-damage|p2a: Iron Moth|0 fnt
|faint|p2a: Iron Moth
|-end|p2a: Iron Moth|Quark Drive|[silent]
|
|-weather|Snowscape|[upkeep]
|-heal|p1a: Fighting Master|55/100|[from] item: Leftovers
|upkeep
|
|t:|1758956674
|switch|p2a: Rotom|Rotom-Wash|61/100
|turn|27
|
|t:|1758956679
|switch|p1a: The Chillionaire|Slowking-Galar, F|89/100 brn
|move|p2a: Rotom|Volt Switch|p1a: The Chillionaire
|-damage|p1a: The Chillionaire|74/100 brn
|
|t:|1758956681
|switch|p2a: Ceruledge|Ceruledge, F|100/100|[from] Volt Switch
|
|-weather|Snowscape|[upkeep]
|-damage|p1a: The Chillionaire|68/100 brn|[from] brn
|upkeep
|turn|28
|
|t:|1758956683
|move|p2a: Ceruledge|Poltergeist|p1a: The Chillionaire
|-activate|p1a: The Chillionaire|move: Poltergeist|Heavy-Duty Boots
|-supereffective|p1a: The Chillionaire
|-damage|p1a: The Chillionaire|0 fnt
|faint|p1a: The Chillionaire
|
|-weather|none
|upkeep
|
|t:|1758956685
|switch|p1a: Fighting Master|Zamazenta|55/100
|-damage|p1a: Fighting Master|43/100|[from] Spikes
|turn|29
|
|t:|1758956691
|move|p1a: Fighting Master|Iron Defense|p1a: Fighting Master
|-boost|p1a: Fighting Master|def|2
|move|p2a: Ceruledge|Swords Dance|p2a: Ceruledge
|-boost|p2a: Ceruledge|atk|2
|
|-heal|p1a: Fighting Master|49/100|[from] item: Leftovers
|upkeep
|turn|30
|
|t:|1758956693
|move|p1a: Fighting Master|Iron Defense|p1a: Fighting Master
|-boost|p1a: Fighting Master|def|2
|move|p2a: Ceruledge|Swords Dance|p2a: Ceruledge
|-boost|p2a: Ceruledge|atk|2
|
|-heal|p1a: Fighting Master|55/100|[from] item: Leftovers
|upkeep
|turn|31
|
|t:|1758956697
|move|p1a: Fighting Master|Iron Defense|p1a: Fighting Master
|-boost|p1a: Fighting Master|def|2
|move|p2a: Ceruledge|Swords Dance|p2a: Ceruledge
|-boost|p2a: Ceruledge|atk|2
|
|-heal|p1a: Fighting Master|61/100|[from] item: Leftovers
|upkeep
|turn|32
|
|t:|1758956699
|move|p1a: Fighting Master|Crunch|p2a: Ceruledge
|-supereffective|p2a: Ceruledge
|-damage|p2a: Ceruledge|45/100
|-ability|p2a: Ceruledge|Weak Armor|boost
|-unboost|p2a: Ceruledge|def|1
|-boost|p2a: Ceruledge|spe|2
|move|p2a: Ceruledge|Bitter Blade|p1a: Fighting Master
|-damage|p1a: Fighting Master|26/100
|-heal|p2a: Ceruledge|69/100|[from] drain|[of] p1a: Fighting Master
|
|-heal|p1a: Fighting Master|32/100|[from] item: Leftovers
|upkeep
|turn|33
|
|t:|1758956704
|move|p2a: Ceruledge|Bitter Blade|p1a: Fighting Master
|-damage|p1a: Fighting Master|0 fnt
|-heal|p2a: Ceruledge|90/100|[from] drain|[of] p1a: Fighting Master
|faint|p1a: Fighting Master
|
|upkeep
|
|t:|1758956707
|switch|p1a: Treadmill Tungsten|Iron Treads|100/100
|turn|34
|
|t:|1758956708
|move|p2a: Ceruledge|Bitter Blade|p1a: Treadmill Tungsten
|-supereffective|p1a: Treadmill Tungsten
|-damage|p1a: Treadmill Tungsten|0 fnt
|-heal|p2a: Ceruledge|100/100|[from] drain|[of] p1a: Treadmill Tungsten
|faint|p1a: Treadmill Tungsten
|-end|p1a: Treadmill Tungsten|Quark Drive|[silent]
|
|win|Danxsh17
|raw|kenzo123456's rating: 1474 &rarr; <strong>1455</strong><br />(-19 for losing)
|raw|Danxsh17's rating: 1491 &rarr; <strong>1510</strong><br />(+19 for winning)
|l|☆kenzo123456
|player|p1|
|l|☆Danxsh17
|player|p2|
