|j|☆napkin_56
|j|☆Toxic Smite
|t:|1759037287
|gametype|singles
|player|p1|napkin_56|policeman-gen4|1247
|player|p2|Toxic Smite|gambler|1314
|gen|9
|tier|[Gen 9] OU
|rated|
|rule|HP Percentage Mod: HP is shown in percentages
|rule|Endless Battle Clause: Forcing endless battles is banned
|rule|Species Clause: Limit one of each Pokémon
|rule|OHKO Clause: OHKO moves are banned
|rule|Evasion Items Clause: Evasion items are banned
|rule|Evasion Moves Clause: Evasion moves are banned
|rule|Evasion Abilities Clause: Evasion abilities are banned
|rule|Sleep Moves Clause: Sleep-inducing moves are banned
|clearpoke
|poke|p1|Rillaboom, F|
|poke|p1|Great Tusk|
|poke|p1|Ogerpon-Wellspring, F|
|poke|p1|Clefable, M|
|poke|p1|Dragapult, M|
|poke|p1|Cinderace, F|
|poke|p2|Rhydon, F|
|poke|p2|Ogerpon-Wellspring, F|
|poke|p2|Moltres|
|poke|p2|Raging Bolt|
|poke|p2|Weezing-Galar, M|
|poke|p2|Grimmsnarl, M|
|teampreview
|inactive|Battle timer is ON: inactive players will automatically lose when time's up. (requested by napkin_56)
|
|t:|1759037305
|teamsize|p1|6
|teamsize|p2|6
|start
|switch|p1a: Rillaboom|Rillaboom, F|100/100
|switch|p2a: Moltres|Moltres|100/100
|-fieldstart|move: Grassy Terrain|[from] ability: Grassy Surge|[of] p1a: Rillaboom
|turn|1
|
|t:|1759037311
|switch|p1a: Cinderace|Cinderace, F|100/100
|move|p2a: Moltres|Substitute|p2a: Moltres
|-start|p2a: Moltres|Substitute
|-damage|p2a: Moltres|75/100
|
|upkeep
|turn|2
|
|t:|1759037319
|switch|p1a: Dragapult|Dragapult, M|100/100
|move|p2a: Moltres|Fire Spin|p1a: Dragapult|[miss]
|-miss|p2a: Moltres|p1a: Dragapult
|
|upkeep
|turn|3
|
|t:|1759037328
|switch|p2a: Grimmsnarl|Grimmsnarl, M|100/100
|move|p1a: Dragapult|Shadow Ball|p2a: Grimmsnarl
|-resisted|p2a: Grimmsnarl
|-damage|p2a: Grimmsnarl|69/100
|-unboost|p2a: Grimmsnarl|spd|1
|-damage|p1a: Dragapult|91/100|[from] item: Life Orb
|
|-heal|p1a: Dragapult|97/100|[from] Grassy Terrain
|-heal|p2a: Grimmsnarl|75/100|[from] Grassy Terrain
|upkeep
|turn|4
|
|t:|1759037357
|switch|p1a: Clefable|Clefable, M|100/100
|move|p2a: Grimmsnarl|Parting Shot|p1a: Clefable
|-unboost|p1a: Clefable|atk|1
|-unboost|p1a: Clefable|spa|1
|
|t:|1759037381
|switch|p2a: Weezing|Weezing-Galar, M|100/100|[from] Parting Shot
|
|upkeep
|turn|5
|
|t:|1759037398
|move|p2a: Weezing|Toxic Spikes|p1a: Clefable
|-sidestart|p1: napkin_56|move: Toxic Spikes
|move|p1a: Clefable|Stealth Rock|p2a: Weezing
|-sidestart|p2: Toxic Smite|move: Stealth Rock
|
|upkeep
|turn|6
|
|t:|1759037405
|switch|p1a: Cinderace|Cinderace, F|100/100
|move|p2a: Weezing|Toxic Spikes|p1a: Cinderace
|-sidestart|p1: napkin_56|move: Toxic Spikes
|
|upkeep
|turn|7
|
|t:|1759037416
|move|p1a: Cinderace|Court Change|p1a: Cinderace
|-start|p1a: Cinderace|typechange|Normal|[from] ability: Libero
|-swapsideconditions
|-activate|p1a: Cinderace|move: Court Change
|move|p2a: Weezing|Toxic|p1a: Cinderace
|-status|p1a: Cinderace|tox
|
|-damage|p1a: Cinderace|94/100 tox|[from] psn
|upkeep
|turn|8
|
|t:|1759037434
|move|p1a: Cinderace|Pyro Ball|p2a: Weezing
|-damage|p2a: Weezing|71/100
|move|p2a: Weezing|Defog|p1a: Cinderace
|-unboost|p1a: Cinderace|evasion|1
|-sideend|p1: napkin_56|Stealth Rock|[from] move: Defog|[of] p2a: Weezing
|-sideend|p2: Toxic Smite|Toxic Spikes|[from] move: Defog|[of] p2a: Weezing
|-fieldend|move: Grassy Terrain
|
|-damage|p1a: Cinderace|82/100 tox|[from] psn
|upkeep
|turn|9
|
|t:|1759037441
|switch|p2a: Moltres|Moltres|75/100
|move|p1a: Cinderace|U-turn|p2a: Moltres
|-resisted|p2a: Moltres
|-damage|p2a: Moltres|72/100
|
|t:|1759037445
|switch|p1a: Ogerpon|Ogerpon-Wellspring, F|100/100|[from] U-turn
|
|upkeep
|turn|10
|
|t:|1759037451
|switch|p2a: Ogerpon|Ogerpon-Wellspring, F|100/100
|move|p1a: Ogerpon|Ivy Cudgel|p2a: Ogerpon|[anim] Ivy Cudgel Water
|-immune|p2a: Ogerpon|[from] ability: Water Absorb
|
|upkeep
|turn|11
|
|t:|1759037455
|switch|p1a: Rillaboom|Rillaboom, F|100/100
|-fieldstart|move: Grassy Terrain|[from] ability: Grassy Surge|[of] p1a: Rillaboom
|move|p2a: Ogerpon|Swords Dance|p2a: Ogerpon
|-boost|p2a: Ogerpon|atk|2
|
|upkeep
|turn|12
|
|t:|1759037468
|move|p2a: Ogerpon|Knock Off|p1a: Rillaboom
|-damage|p1a: Rillaboom|39/100
|-enditem|p1a: Rillaboom|Terrain Extender|[from] move: Knock Off|[of] p2a: Ogerpon
|move|p1a: Rillaboom|U-turn|p2a: Ogerpon
|-supereffective|p2a: Ogerpon
|-damage|p2a: Ogerpon|42/100
|
|t:|1759037470
|switch|p1a: Ogerpon|Ogerpon-Wellspring, F|100/100|[from] U-turn
|
|-heal|p2a: Ogerpon|48/100|[from] Grassy Terrain
|upkeep
|turn|13
|
|t:|1759037476
|move|p1a: Ogerpon|Grassy Glide|p2a: Ogerpon
|-crit|p2a: Ogerpon
|-damage|p2a: Ogerpon|0 fnt
|faint|p2a: Ogerpon
|
|upkeep
|
|t:|1759037494
|switch|p2a: Raging Bolt|Raging Bolt|100/100
|turn|14
|inactive|napkin_56 has 120 seconds left.
|
|t:|1759037530
|switch|p1a: Great Tusk|Great Tusk|100/100
|move|p2a: Raging Bolt|Substitute|p2a: Raging Bolt
|-start|p2a: Raging Bolt|Substitute
|-damage|p2a: Raging Bolt|76/100
|
|-heal|p2a: Raging Bolt|82/100|[from] Grassy Terrain
|-heal|p2a: Raging Bolt|88/100|[from] item: Leftovers
|upkeep
|turn|15
|
|t:|1759037538
|move|p1a: Great Tusk|Headlong Rush|p2a: Raging Bolt
|-supereffective|p2a: Raging Bolt
|-end|p2a: Raging Bolt|Substitute
|-unboost|p1a: Great Tusk|def|1
|-unboost|p1a: Great Tusk|spd|1
|move|p2a: Raging Bolt|Dragon Pulse|p1a: Great Tusk
|-damage|p1a: Great Tusk|0 fnt
|faint|p1a: Great Tusk
|-end|p1a: Great Tusk|Protosynthesis|[silent]
|
|-heal|p2a: Raging Bolt|94/100|[from] Grassy Terrain
|-heal|p2a: Raging Bolt|99/100|[from] item: Leftovers
|upkeep
|
|t:|1759037540
|switch|p1a: Dragapult|Dragapult, M|97/100
|turn|16
|
|t:|1759037551
|-end|p2a: Raging Bolt|Protosynthesis|[silent]
|switch|p2a: Weezing|Weezing-Galar, M|71/100
|move|p1a: Dragapult|Draco Meteor|p2a: Weezing
|-immune|p2a: Weezing
|
|-heal|p1a: Dragapult|100/100|[from] Grassy Terrain
|upkeep
|turn|17
|
|t:|1759037559
|move|p1a: Dragapult|Shadow Ball|p2a: Weezing
|-crit|p2a: Weezing
|-damage|p2a: Weezing|6/100
|-damage|p1a: Dragapult|91/100|[from] item: Life Orb
|move|p2a: Weezing|Dazzling Gleam|p1a: Dragapult
|-supereffective|p1a: Dragapult
|-damage|p1a: Dragapult|15/100
|
|-heal|p1a: Dragapult|21/100|[from] Grassy Terrain
|upkeep
|turn|18
|c|☆Toxic Smite|2 crits smh
|
|t:|1759037581
|switch|p2a: Grimmsnarl|Grimmsnarl, M|75/100
|move|p1a: Dragapult|Shadow Ball|p2a: Grimmsnarl
|-resisted|p2a: Grimmsnarl
|-damage|p2a: Grimmsnarl|48/100
|-damage|p1a: Dragapult|11/100|[from] item: Life Orb
|
|-heal|p1a: Dragapult|17/100|[from] Grassy Terrain
|-heal|p2a: Grimmsnarl|54/100|[from] Grassy Terrain
|-fieldend|move: Grassy Terrain
|upkeep
|turn|19
|
|t:|1759037596
|switch|p1a: Clefable|Clefable, M|100/100
|move|p2a: Grimmsnarl|Trick|p1a: Clefable
|-activate|p2a: Grimmsnarl|move: Trick|[of] p1a: Clefable
|-item|p1a: Clefable|Choice Scarf|[from] move: Trick
|-item|p2a: Grimmsnarl|Leftovers|[from] move: Trick
|
|-heal|p2a: Grimmsnarl|60/100|[from] item: Leftovers
|upkeep
|turn|20
|
|t:|1759037604
|move|p2a: Grimmsnarl|Parting Shot|p1a: Clefable
|-unboost|p1a: Clefable|atk|1
|-unboost|p1a: Clefable|spa|1
|
|t:|1759037610
|switch|p2a: Rhydon|Rhydon, F|100/100|[from] Parting Shot
|move|p1a: Clefable|Stealth Rock|p2a: Rhydon
|-sidestart|p2: Toxic Smite|move: Stealth Rock
|
|upkeep
|turn|21
|
|t:|1759037616
|switch|p1a: Cinderace|Cinderace, F|82/100 tox
|move|p2a: Rhydon|Rock Polish|p2a: Rhydon
|-boost|p2a: Rhydon|spe|2
|
|-damage|p1a: Cinderace|76/100 tox|[from] psn
|upkeep
|turn|22
|
|t:|1759037631
|move|p1a: Cinderace|Will-O-Wisp|p2a: Rhydon
|-status|p2a: Rhydon|brn
|move|p2a: Rhydon|Rock Polish|p2a: Rhydon
|-boost|p2a: Rhydon|spe|2
|
|-damage|p1a: Cinderace|64/100 tox|[from] psn
|-damage|p2a: Rhydon|95/100 brn|[from] brn
|upkeep
|turn|23
|
|t:|1759037640
|switch|p1a: Rillaboom|Rillaboom, F|39/100
|-fieldstart|move: Grassy Terrain|[from] ability: Grassy Surge|[of] p1a: Rillaboom
|move|p2a: Rhydon|Stealth Rock|p1a: Rillaboom
|-sidestart|p1: napkin_56|move: Stealth Rock
|
|-heal|p2a: Rhydon|100/100 brn|[from] Grassy Terrain
|-heal|p1a: Rillaboom|45/100|[from] Grassy Terrain
|-damage|p2a: Rhydon|95/100 brn|[from] brn
|upkeep
|turn|24
|
|t:|1759037656
|switch|p2a: Moltres|Moltres|72/100
|switch|p1a: Ogerpon|Ogerpon-Wellspring, F|100/100
|-damage|p1a: Ogerpon|88/100|[from] Stealth Rock
|
|-heal|p1a: Ogerpon|94/100|[from] Grassy Terrain
|upkeep
|turn|25
|
|t:|1759037675
|-terastallize|p2a: Moltres|Grass
|move|p1a: Ogerpon|Swords Dance|p1a: Ogerpon
|-boost|p1a: Ogerpon|atk|2
|move|p2a: Moltres|Substitute|p2a: Moltres
|-start|p2a: Moltres|Substitute
|-damage|p2a: Moltres|47/100
|
|-heal|p1a: Ogerpon|100/100|[from] Grassy Terrain
|-heal|p2a: Moltres|53/100|[from] Grassy Terrain
|upkeep
|turn|26
|
|t:|1759037690
|switch|p1a: Cinderace|Cinderace, F|64/100 tox
|move|p2a: Moltres|Roar|p1a: Cinderace
|drag|p1a: Rillaboom|Rillaboom, F|45/100
|-damage|p1a: Rillaboom|33/100|[from] Stealth Rock
|
|-heal|p2a: Moltres|59/100|[from] Grassy Terrain
|-heal|p1a: Rillaboom|39/100|[from] Grassy Terrain
|upkeep
|turn|27
|
|t:|1759037700
|move|p2a: Moltres|Roost|p2a: Moltres
|-heal|p2a: Moltres|100/100
|move|p1a: Rillaboom|U-turn|p2a: Moltres
|-supereffective|p2a: Moltres
|-end|p2a: Moltres|Substitute
|
|t:|1759037706
|switch|p1a: Dragapult|Dragapult, M|17/100|[from] U-turn
|-damage|p1a: Dragapult|5/100|[from] Stealth Rock
|
|-heal|p1a: Dragapult|11/100|[from] Grassy Terrain
|-fieldend|move: Grassy Terrain
|upkeep
|turn|28
|
|t:|1759037726
|switch|p1a: Cinderace|Cinderace, F|64/100 tox
|switch|p2a: Weezing|Weezing-Galar, M|6/100
|-damage|p2a: Weezing|0 fnt|[from] Stealth Rock
|faint|p2a: Weezing
|
|-damage|p1a: Cinderace|57/100 tox|[from] psn
|upkeep
|
|t:|1759037738
|switch|p2a: Raging Bolt|Raging Bolt|99/100
|-damage|p2a: Raging Bolt|88/100|[from] Stealth Rock
|turn|29
|
|t:|1759037744
|switch|p1a: Clefable|Clefable, M|100/100
|move|p2a: Raging Bolt|Substitute|p2a: Raging Bolt
|-start|p2a: Raging Bolt|Substitute
|-damage|p2a: Raging Bolt|63/100
|
|-heal|p2a: Raging Bolt|69/100|[from] item: Leftovers
|upkeep
|turn|30
|
|t:|1759037752
|move|p1a: Clefable|Flamethrower|p2a: Raging Bolt
|-resisted|p2a: Raging Bolt
|-activate|p2a: Raging Bolt|move: Substitute|[damage]
|move|p2a: Raging Bolt|Dragon Pulse|p1a: Clefable
|-immune|p1a: Clefable
|
|-heal|p2a: Raging Bolt|75/100|[from] item: Leftovers
|upkeep
|turn|31
|inactive|napkin_56 has 120 seconds left.
|
|t:|1759037794
|switch|p1a: Cinderace|Cinderace, F|57/100 tox
|move|p2a: Raging Bolt|Discharge|p1a: Cinderace
|-damage|p1a: Cinderace|0 fnt
|faint|p1a: Cinderace
|
|-heal|p2a: Raging Bolt|82/100|[from] item: Leftovers
|upkeep
|
|t:|1759037796
|switch|p1a: Clefable|Clefable, M|100/100
|turn|32
|
|t:|1759037801
|move|p1a: Clefable|Moonblast|p2a: Raging Bolt
|-supereffective|p2a: Raging Bolt
|-end|p2a: Raging Bolt|Substitute
|move|p2a: Raging Bolt|Discharge|p1a: Clefable
|-crit|p1a: Clefable
|-damage|p1a: Clefable|55/100
|-status|p1a: Clefable|par
|
|-heal|p2a: Raging Bolt|88/100|[from] item: Leftovers
|upkeep
|turn|33
|
|t:|1759037813
|switch|p1a: Rillaboom|Rillaboom, F|39/100
|-damage|p1a: Rillaboom|27/100|[from] Stealth Rock
|-fieldstart|move: Grassy Terrain|[from] ability: Grassy Surge|[of] p1a: Rillaboom
|move|p2a: Raging Bolt|Substitute|p2a: Raging Bolt
|-start|p2a: Raging Bolt|Substitute
|-damage|p2a: Raging Bolt|63/100
|
|-heal|p1a: Rillaboom|33/100|[from] Grassy Terrain
|-heal|p2a: Raging Bolt|69/100|[from] Grassy Terrain
|-heal|p2a: Raging Bolt|75/100|[from] item: Leftovers
|upkeep
|turn|34
|
|t:|1759037820
|move|p1a: Rillaboom|U-turn|p2a: Raging Bolt
|-activate|p2a: Raging Bolt|move: Substitute|[damage]
|
|t:|1759037823
|switch|p1a: Clefable|Clefable, M|55/100 par|[from] U-turn
|move|p2a: Raging Bolt|Dragon Pulse|p1a: Clefable
|-immune|p1a: Clefable
|
|-heal|p2a: Raging Bolt|81/100|[from] Grassy Terrain
|-heal|p2a: Raging Bolt|87/100|[from] item: Leftovers
|-heal|p1a: Clefable|61/100 par|[from] Grassy Terrain
|upkeep
|turn|35
|
|t:|1759037829
|move|p2a: Raging Bolt|Discharge|p1a: Clefable
|-crit|p1a: Clefable
|-damage|p1a: Clefable|16/100 par
|move|p1a: Clefable|Moonblast|p2a: Raging Bolt
|-supereffective|p2a: Raging Bolt
|-end|p2a: Raging Bolt|Substitute
|
|-heal|p2a: Raging Bolt|94/100|[from] Grassy Terrain
|-heal|p2a: Raging Bolt|99/100|[from] item: Leftovers
|-heal|p1a: Clefable|22/100 par|[from] Grassy Terrain
|upkeep
|turn|36
|
|t:|1759037836
|move|p2a: Raging Bolt|Discharge|p1a: Clefable
|-damage|p1a: Clefable|0 fnt
|faint|p1a: Clefable
|
|-heal|p2a: Raging Bolt|100/100|[from] Grassy Terrain
|upkeep
|
|t:|1759037839
|switch|p1a: Dragapult|Dragapult, M|11/100
|-damage|p1a: Dragapult|0 fnt|[from] Stealth Rock
|faint|p1a: Dragapult
|
|t:|1759037844
|switch|p1a: Ogerpon|Ogerpon-Wellspring, F|100/100
|-damage|p1a: Ogerpon|88/100|[from] Stealth Rock
|turn|37
|
|t:|1759037848
|move|p1a: Ogerpon|Play Rough|p2a: Raging Bolt
|-supereffective|p2a: Raging Bolt
|-damage|p2a: Raging Bolt|36/100
|move|p2a: Raging Bolt|Substitute|p2a: Raging Bolt
|-start|p2a: Raging Bolt|Substitute
|-damage|p2a: Raging Bolt|11/100
|
|-heal|p1a: Ogerpon|94/100|[from] Grassy Terrain
|-heal|p2a: Raging Bolt|17/100|[from] Grassy Terrain
|-heal|p2a: Raging Bolt|24/100|[from] item: Leftovers
|-fieldend|move: Grassy Terrain
|upkeep
|turn|38
|
|t:|1759037863
|move|p1a: Ogerpon|Play Rough|p2a: Raging Bolt
|-supereffective|p2a: Raging Bolt
|-end|p2a: Raging Bolt|Substitute
|move|p2a: Raging Bolt|Discharge|p1a: Ogerpon
|-damage|p1a: Ogerpon|44/100
|
|-heal|p2a: Raging Bolt|30/100|[from] item: Leftovers
|upkeep
|turn|39
|
|t:|1759037882
|-end|p2a: Raging Bolt|Protosynthesis|[silent]
|switch|p2a: Moltres|Moltres, tera:Grass|100/100
|move|p1a: Ogerpon|Play Rough|p2a: Moltres
|-damage|p2a: Moltres|75/100
|
|upkeep
|turn|40
|
|t:|1759037910
|-terastallize|p1a: Ogerpon|Water
|detailschange|p1a: Ogerpon|Ogerpon-Wellspring-Tera, F, tera:Water
|-ability|p1a: Ogerpon|Embody Aspect (Wellspring)|boost
|-boost|p1a: Ogerpon|spd|1
|move|p1a: Ogerpon|Swords Dance|p1a: Ogerpon
|-boost|p1a: Ogerpon|atk|2
|move|p2a: Moltres|Substitute|p2a: Moltres
|-start|p2a: Moltres|Substitute
|-damage|p2a: Moltres|50/100
|
|upkeep
|turn|41
|
|t:|1759037918
|move|p1a: Ogerpon|Play Rough|p2a: Moltres
|-end|p2a: Moltres|Substitute
|move|p2a: Moltres|Roar|p1a: Ogerpon
|drag|p1a: Rillaboom|Rillaboom, F|33/100
|-damage|p1a: Rillaboom|21/100|[from] Stealth Rock
|-fieldstart|move: Grassy Terrain|[from] ability: Grassy Surge|[of] p1a: Rillaboom
|
|-heal|p2a: Moltres|56/100|[from] Grassy Terrain
|-heal|p1a: Rillaboom|27/100|[from] Grassy Terrain
|upkeep
|turn|42
|
|t:|1759037930
|move|p2a: Moltres|Roost|p2a: Moltres
|-heal|p2a: Moltres|100/100
|move|p1a: Rillaboom|U-turn|p2a: Moltres
|-supereffective|p2a: Moltres
|-damage|p2a: Moltres|65/100
|
|t:|1759037932
|switch|p1a: Ogerpon|Ogerpon-Wellspring-Tera, F, tera:Water|44/100|[from] U-turn
|-damage|p1a: Ogerpon|32/100|[from] Stealth Rock
|-ability|p1a: Ogerpon|Embody Aspect (Wellspring)|boost
|-boost|p1a: Ogerpon|spd|1
|
|-heal|p1a: Ogerpon|38/100|[from] Grassy Terrain
|-heal|p2a: Moltres|71/100|[from] Grassy Terrain
|upkeep
|turn|43
|
|t:|1759037944
|move|p1a: Ogerpon|Play Rough|p2a: Moltres
|-crit|p2a: Moltres
|-damage|p2a: Moltres|30/100
|move|p2a: Moltres|Fire Spin|p1a: Ogerpon
|-resisted|p1a: Ogerpon
|-damage|p1a: Ogerpon|32/100
|-activate|p1a: Ogerpon|move: Fire Spin|[of] p2a: Moltres
|
|-heal|p1a: Ogerpon|38/100|[from] Grassy Terrain
|-heal|p2a: Moltres|36/100|[from] Grassy Terrain
|-damage|p1a: Ogerpon|26/100|[from] move: Fire Spin|[partiallytrapped]
|upkeep
|turn|44
|
|t:|1759037954
|move|p1a: Ogerpon|Play Rough|p2a: Moltres
|-damage|p2a: Moltres|9/100
|move|p2a: Moltres|Roost|p2a: Moltres
|-heal|p2a: Moltres|59/100
|
|-heal|p1a: Ogerpon|32/100|[from] Grassy Terrain
|-heal|p2a: Moltres|65/100|[from] Grassy Terrain
|-damage|p1a: Ogerpon|19/100|[from] move: Fire Spin|[partiallytrapped]
|upkeep
|turn|45
|
|t:|1759037963
|move|p1a: Ogerpon|Swords Dance|p1a: Ogerpon
|-boost|p1a: Ogerpon|atk|2
|move|p2a: Moltres|Roost|p2a: Moltres
|-heal|p2a: Moltres|100/100
|
|-heal|p1a: Ogerpon|26/100|[from] Grassy Terrain
|-damage|p1a: Ogerpon|13/100|[from] move: Fire Spin|[partiallytrapped]
|-fieldend|move: Grassy Terrain
|upkeep
|turn|46
|
|t:|1759037969
|move|p1a: Ogerpon|Play Rough|p2a: Moltres
|-damage|p2a: Moltres|50/100
|-status|p1a: Ogerpon|brn|[from] ability: Flame Body|[of] p2a: Moltres
|move|p2a: Moltres|Roar|p1a: Ogerpon
|drag|p1a: Rillaboom|Rillaboom, F|27/100
|-damage|p1a: Rillaboom|15/100|[from] Stealth Rock
|-fieldstart|move: Grassy Terrain|[from] ability: Grassy Surge|[of] p1a: Rillaboom
|
|-heal|p2a: Moltres|56/100|[from] Grassy Terrain
|-heal|p1a: Rillaboom|21/100|[from] Grassy Terrain
|upkeep
|turn|47
|
|t:|1759037975
|move|p2a: Moltres|Fire Spin|p1a: Rillaboom|[miss]
|-miss|p2a: Moltres|p1a: Rillaboom
|move|p1a: Rillaboom|U-turn|p2a: Moltres
|-supereffective|p2a: Moltres
|-damage|p2a: Moltres|18/100
|
|t:|1759037978
|switch|p1a: Ogerpon|Ogerpon-Wellspring-Tera, F, tera:Water|13/100 brn|[from] U-turn
|-damage|p1a: Ogerpon|1/100 brn|[from] Stealth Rock
|-ability|p1a: Ogerpon|Embody Aspect (Wellspring)|boost
|-boost|p1a: Ogerpon|spd|1
|
|-heal|p1a: Ogerpon|7/100 brn|[from] Grassy Terrain
|-heal|p2a: Moltres|24/100|[from] Grassy Terrain
|-damage|p1a: Ogerpon|1/100 brn|[from] brn
|upkeep
|turn|48
|-message|napkin_56 forfeited.
|
|win|Toxic Smite
|raw|napkin_56's rating: 1247 &rarr; <strong>1227</strong><br />(-20 for losing)
|raw|Toxic Smite's rating: 1314 &rarr; <strong>1330</strong><br />(+16 for winning)
|l|☆napkin_56
|player|p1|
|l|☆Toxic Smite
|player|p2|
