|j|☆Carlos132
|j|☆jawz_ate_cereal
|t:|1758991359
|gametype|singles
|player|p1|Carlos132|byron|1158
|player|p2|jawz_ate_cereal|silver|1125
|gen|9
|tier|[Gen 9] OU
|rated|
|rule|HP Percentage Mod: HP is shown in percentages
|rule|Endless Battle Clause: Forcing endless battles is banned
|rule|Species Clause: Limit one of each Pokémon
|rule|OHKO Clause: OHKO moves are banned
|rule|Evasion Items Clause: Evasion items are banned
|rule|Evasion Moves Clause: Evasion moves are banned
|rule|Evasion Abilities Clause: Evasion abilities are banned
|rule|Sleep Moves Clause: Sleep-inducing moves are banned
|clearpoke
|poke|p1|Meowscarada, M|
|poke|p1|Clodsire, M|
|poke|p1|Hatterene, F|
|poke|p1|Rotom-Wash|
|poke|p1|Flamigo, F|
|poke|p1|Froslass, F|
|poke|p2|Gliscor, M|
|poke|p2|Ogerpon-Wellspring, F|
|poke|p2|Gholdengo|
|poke|p2|Lokix, M|
|poke|p2|Kingambit, M|
|poke|p2|Deoxys-Speed|
|teampreview
|inactive|Battle timer is ON: inactive players will automatically lose when time's up. (requested by Carlos132)
|
|t:|1758991383
|teamsize|p1|6
|teamsize|p2|6
|start
|switch|p1a: Flamigo|Flamigo, F|100/100
|switch|p2a: Ogerpon|Ogerpon-Wellspring, F|100/100
|turn|1
|
|t:|1758991396
|move|p1a: Flamigo|Brave Bird|p2a: Ogerpon
|-supereffective|p2a: Ogerpon
|-damage|p2a: Ogerpon|0 fnt
|faint|p2a: Ogerpon
|-damage|p1a: Flamigo|68/100|[from] Recoil
|
|upkeep
|
|t:|1758991412
|switch|p2a: Deoxys|Deoxys-Speed|100/100
|-ability|p2a: Deoxys|Pressure
|turn|2
|
|t:|1758991420
|switch|p1a: Hatterene|Hatterene, F|100/100
|move|p2a: Deoxys|Psycho Boost|p1a: Hatterene
|-resisted|p1a: Hatterene
|-damage|p1a: Hatterene|75/100
|-unboost|p2a: Deoxys|spa|2
|
|upkeep
|turn|3
|
|t:|1758991432
|switch|p2a: Gholdengo|Gholdengo|100/100
|move|p1a: Hatterene|Nuzzle|p2a: Gholdengo
|-damage|p2a: Gholdengo|94/100
|-status|p2a: Gholdengo|par
|-damage|p1a: Hatterene|66/100|[from] item: Life Orb
|
|-heal|p2a: Gholdengo|99/100 par|[from] item: Leftovers
|upkeep
|turn|4
|
|t:|1758991441
|switch|p1a: Clodsire|Clodsire, M|100/100
|move|p2a: Gholdengo|Shadow Ball|p1a: Clodsire
|-damage|p1a: Clodsire|77/100
|
|-heal|p2a: Gholdengo|100/100 par|[from] item: Leftovers
|-heal|p1a: Clodsire|83/100|[from] item: Black Sludge
|upkeep
|turn|5
|
|t:|1758991456
|cant|p2a: Gholdengo|par
|move|p1a: Clodsire|Stealth Rock|p2a: Gholdengo
|-sidestart|p2: jawz_ate_cereal|move: Stealth Rock
|
|-heal|p1a: Clodsire|90/100|[from] item: Black Sludge
|upkeep
|turn|6
|
|t:|1758991461
|cant|p2a: Gholdengo|par
|move|p1a: Clodsire|Earthquake|p2a: Gholdengo
|-supereffective|p2a: Gholdengo
|-damage|p2a: Gholdengo|36/100 par
|
|-heal|p2a: Gholdengo|42/100 par|[from] item: Leftovers
|-heal|p1a: Clodsire|96/100|[from] item: Black Sludge
|upkeep
|turn|7
|inactive|Carlos132 has 120 seconds left.
|
|t:|1758991493
|cant|p2a: Gholdengo|par
|move|p1a: Clodsire|Earthquake|p2a: Gholdengo
|-supereffective|p2a: Gholdengo
|-damage|p2a: Gholdengo|0 fnt
|faint|p2a: Gholdengo
|
|-heal|p1a: Clodsire|100/100|[from] item: Black Sludge
|upkeep
|
|t:|1758991503
|switch|p2a: Deoxys|Deoxys-Speed|100/100
|-ability|p2a: Deoxys|Pressure
|turn|8
|
|t:|1758991515
|switch|p1a: Hatterene|Hatterene, F|66/100
|move|p2a: Deoxys|Stealth Rock|p1a: Hatterene
|move|p1a: Hatterene|Stealth Rock||[from] ability: Magic Bounce|[still]
|-fail|p1a: Hatterene
|
|upkeep
|turn|9
|-message|jawz_ate_cereal forfeited.
|
|win|Carlos132
|raw|Carlos132's rating: 1158 &rarr; <strong>1181</strong><br />(+23 for winning)
|raw|jawz_ate_cereal's rating: 1125 &rarr; <strong>1102</strong><br />(-23 for losing)
|l|☆jawz_ate_cereal
|player|p2|
|l|☆Carlos132
|player|p1|
