|j|☆v1shnu17
|j|☆Joof from space
|t:|1758996154
|gametype|singles
|player|p1|v1shnu17|miku-ghost|1320
|player|p2|Joof from space|ingo|1319
|gen|9
|tier|[Gen 9] OU
|rated|
|rule|HP Percentage Mod: HP is shown in percentages
|rule|Endless Battle Clause: Forcing endless battles is banned
|rule|Species Clause: Limit one of each Pokémon
|rule|OHKO Clause: OHKO moves are banned
|rule|Evasion Items Clause: Evasion items are banned
|rule|Evasion Moves Clause: Evasion moves are banned
|rule|Evasion Abilities Clause: Evasion abilities are banned
|rule|Sleep Moves Clause: Sleep-inducing moves are banned
|clearpoke
|poke|p1|Meowscarada, F|
|poke|p1|Darkrai|
|poke|p1|Pecharunt|
|poke|p1|Iron Crown|
|poke|p1|Talonflame, M|
|poke|p1|Lucario, M|
|poke|p2|Tyranitar, M|
|poke|p2|Excadrill, F|
|poke|p2|Kingambit, M|
|poke|p2|Garchomp, M|
|poke|p2|Pecharunt|
|poke|p2|Rotom-Wash|
|teampreview
|inactive|Battle timer is ON: inactive players will automatically lose when time's up. (requested by v1shnu17)
|
|t:|1758996171
|teamsize|p1|6
|teamsize|p2|6
|start
|switch|p1a: Meowscarada|Meowscarada, F|100/100
|switch|p2a: Rotom|Rotom-Wash|100/100
|turn|1
|
|t:|1758996175
|-terastallize|p2a: Rotom|Steel
|move|p1a: Meowscarada|Flower Trick|p2a: Rotom
|-start|p1a: Meowscarada|typechange|Grass|[from] ability: Protean
|-resisted|p2a: Rotom
|-crit|p2a: Rotom
|-damage|p2a: Rotom|71/100
|move|p2a: Rotom|Will-O-Wisp|p1a: Meowscarada
|-status|p1a: Meowscarada|brn
|
|-heal|p2a: Rotom|77/100|[from] item: Leftovers
|-damage|p1a: Meowscarada|94/100 brn|[from] brn
|upkeep
|turn|2
|
|t:|1758996188
|move|p1a: Meowscarada|Flower Trick|p2a: Rotom
|-resisted|p2a: Rotom
|-crit|p2a: Rotom
|-damage|p2a: Rotom|62/100
|move|p2a: Rotom|Volt Switch|p1a: Meowscarada
|-resisted|p1a: Meowscarada
|-damage|p1a: Meowscarada|77/100 brn
|
|t:|1758996194
|switch|p2a: Pecharunt|Pecharunt|100/100|[from] Volt Switch
|-item|p2a: Pecharunt|Air Balloon
|
|-damage|p1a: Meowscarada|70/100 brn|[from] brn
|upkeep
|turn|3
|
|t:|1758996204
|switch|p1a: Iron Crown|Iron Crown|100/100
|move|p2a: Pecharunt|Parting Shot|p1a: Iron Crown
|-unboost|p1a: Iron Crown|atk|1
|-unboost|p1a: Iron Crown|spa|1
|
|t:|1758996210
|switch|p2a: Garchomp|Garchomp, M|100/100|[from] Parting Shot
|
|upkeep
|turn|4
|
|t:|1758996213
|move|p2a: Garchomp|Swords Dance|p2a: Garchomp
|-boost|p2a: Garchomp|atk|2
|move|p1a: Iron Crown|Future Sight|p2a: Garchomp
|-start|p1a: Iron Crown|move: Future Sight
|
|upkeep
|turn|5
|
|t:|1758996218
|-end|p1a: Iron Crown|Quark Drive|[silent]
|switch|p1a: Talonflame|Talonflame, M|100/100
|move|p2a: Garchomp|Scale Shot|p1a: Talonflame
|-damage|p1a: Talonflame|64/100
|-damage|p1a: Talonflame|31/100
|-damage|p1a: Talonflame|0 fnt
|faint|p1a: Talonflame
|-hitcount|p1: Talonflame|3
|-unboost|p2a: Garchomp|def|1
|-boost|p2a: Garchomp|spe|1
|
|upkeep
|
|t:|1758996236
|switch|p1a: Meowscarada|Meowscarada, F|70/100 brn
|turn|6
|
|t:|1758996241
|switch|p2a: Rotom|Rotom-Wash, tera:Steel|62/100
|move|p1a: Meowscarada|Flower Trick|p2a: Rotom
|-start|p1a: Meowscarada|typechange|Grass|[from] ability: Protean
|-resisted|p2a: Rotom
|-crit|p2a: Rotom
|-damage|p2a: Rotom|48/100
|
|-end|p2a: Rotom|move: Future Sight
|-resisted|p2a: Rotom
|-damage|p2a: Rotom|16/100
|-heal|p2a: Rotom|22/100|[from] item: Leftovers
|-damage|p1a: Meowscarada|64/100 brn|[from] brn
|upkeep
|turn|7
|
|t:|1758996249
|move|p1a: Meowscarada|Flower Trick|p2a: Rotom
|-resisted|p2a: Rotom
|-crit|p2a: Rotom
|-damage|p2a: Rotom|7/100
|move|p2a: Rotom|Pain Split|p1a: Meowscarada
|-sethp|p1a: Meowscarada|36/100 brn|[from] move: Pain Split|[silent]
|-sethp|p2a: Rotom|35/100|[from] move: Pain Split
|
|-heal|p2a: Rotom|41/100|[from] item: Leftovers
|-damage|p1a: Meowscarada|30/100 brn|[from] brn
|upkeep
|turn|8
|
|t:|1758996279
|switch|p2a: Pecharunt|Pecharunt|100/100
|-item|p2a: Pecharunt|Air Balloon
|move|p1a: Meowscarada|Flower Trick|p2a: Pecharunt
|-resisted|p2a: Pecharunt
|-crit|p2a: Pecharunt
|-damage|p2a: Pecharunt|93/100
|-enditem|p2a: Pecharunt|Air Balloon
|
|-damage|p1a: Meowscarada|24/100 brn|[from] brn
|upkeep
|turn|9
|
|t:|1758996288
|move|p1a: Meowscarada|Flower Trick|p2a: Pecharunt
|-resisted|p2a: Pecharunt
|-crit|p2a: Pecharunt
|-damage|p2a: Pecharunt|84/100
|move|p2a: Pecharunt|Parting Shot|p1a: Meowscarada
|-unboost|p1a: Meowscarada|atk|1
|-unboost|p1a: Meowscarada|spa|1
|
|t:|1758996302
|switch|p2a: Garchomp|Garchomp, M|100/100|[from] Parting Shot
|
|-damage|p1a: Meowscarada|18/100 brn|[from] brn
|upkeep
|turn|10
|
|t:|1758996319
|move|p1a: Meowscarada|Flower Trick|p2a: Garchomp
|-crit|p2a: Garchomp
|-damage|p2a: Garchomp|66/100
|move|p2a: Garchomp|Swords Dance|p2a: Garchomp
|-boost|p2a: Garchomp|atk|2
|
|-damage|p1a: Meowscarada|11/100 brn|[from] brn
|upkeep
|turn|11
|
|t:|1758996321
|move|p1a: Meowscarada|Flower Trick|p2a: Garchomp
|-crit|p2a: Garchomp
|-damage|p2a: Garchomp|29/100
|move|p2a: Garchomp|Scale Shot|p1a: Meowscarada
|-damage|p1a: Meowscarada|0 fnt
|faint|p1a: Meowscarada
|-hitcount|p1: Meowscarada|1
|-unboost|p2a: Garchomp|def|1
|-boost|p2a: Garchomp|spe|1
|
|upkeep
|
|t:|1758996326
|switch|p1a: Lucario|Lucario, M|100/100
|turn|12
|
|t:|1758996329
|move|p1a: Lucario|Extreme Speed|p2a: Garchomp
|-damage|p2a: Garchomp|0 fnt
|-damage|p1a: Lucario|88/100|[from] ability: Rough Skin|[of] p2a: Garchomp
|faint|p2a: Garchomp
|-damage|p1a: Lucario|78/100|[from] item: Life Orb
|
|upkeep
|
|t:|1758996334
|switch|p2a: Pecharunt|Pecharunt|84/100
|turn|13
|
|t:|1758996340
|move|p1a: Lucario|Swords Dance|p1a: Lucario
|-boost|p1a: Lucario|atk|2
|move|p2a: Pecharunt|Parting Shot|p1a: Lucario
|-unboost|p1a: Lucario|atk|1
|-unboost|p1a: Lucario|spa|1
|
|t:|1758996345
|switch|p2a: Rotom|Rotom-Wash, tera:Steel|41/100|[from] Parting Shot
|
|-heal|p2a: Rotom|47/100|[from] item: Leftovers
|upkeep
|turn|14
|
|t:|1758996353
|move|p1a: Lucario|Close Combat|p2a: Rotom
|-supereffective|p2a: Rotom
|-damage|p2a: Rotom|0 fnt
|-unboost|p1a: Lucario|def|1
|-unboost|p1a: Lucario|spd|1
|faint|p2a: Rotom
|-damage|p1a: Lucario|68/100|[from] item: Life Orb
|
|upkeep
|
|t:|1758996355
|switch|p2a: Pecharunt|Pecharunt|84/100
|turn|15
|
|t:|1758996358
|move|p1a: Lucario|Swords Dance|p1a: Lucario
|-boost|p1a: Lucario|atk|2
|move|p2a: Pecharunt|Shadow Ball|p1a: Lucario
|-damage|p1a: Lucario|8/100
|
|upkeep
|turn|16
|
|t:|1758996363
|move|p1a: Lucario|Earthquake|p2a: Pecharunt
|-supereffective|p2a: Pecharunt
|-damage|p2a: Pecharunt|0 fnt
|faint|p2a: Pecharunt
|-damage|p1a: Lucario|0 fnt|[from] item: Life Orb
|faint|p1a: Lucario
|
|upkeep
|
|t:|1758996369
|switch|p1a: Iron Crown|Iron Crown|100/100
|switch|p2a: Tyranitar|Tyranitar, M|100/100
|-weather|Sandstorm|[from] ability: Sand Stream|[of] p2a: Tyranitar
|turn|17
|
|t:|1758996376
|move|p1a: Iron Crown|Focus Blast|p2a: Tyranitar
|-supereffective|p2a: Tyranitar
|-damage|p2a: Tyranitar|40/100
|move|p2a: Tyranitar|Thunder Wave|p1a: Iron Crown
|-status|p1a: Iron Crown|par
|
|-weather|Sandstorm|[upkeep]
|upkeep
|turn|18
|
|t:|1758996381
|move|p1a: Iron Crown|Focus Blast|p2a: Tyranitar
|-supereffective|p2a: Tyranitar
|-damage|p2a: Tyranitar|0 fnt
|faint|p2a: Tyranitar
|
|-weather|Sandstorm|[upkeep]
|upkeep
|
|t:|1758996382
|switch|p2a: Excadrill|Excadrill, F|100/100
|turn|19
|
|t:|1758996385
|move|p2a: Excadrill|Earthquake|p1a: Iron Crown
|-supereffective|p1a: Iron Crown
|-damage|p1a: Iron Crown|0 fnt
|faint|p1a: Iron Crown
|-end|p1a: Iron Crown|Quark Drive|[silent]
|-damage|p2a: Excadrill|91/100|[from] item: Life Orb
|
|-weather|Sandstorm|[upkeep]
|upkeep
|
|t:|1758996395
|switch|p1a: Pecharunt|Pecharunt|100/100
|turn|20
|
|t:|1758996399
|move|p2a: Excadrill|Swords Dance|p2a: Excadrill
|-boost|p2a: Excadrill|atk|2
|move|p1a: Pecharunt|Shadow Ball|p2a: Excadrill
|-damage|p2a: Excadrill|59/100
|-unboost|p2a: Excadrill|spd|1
|
|-weather|Sandstorm|[upkeep]
|-damage|p1a: Pecharunt|94/100|[from] Sandstorm
|-heal|p1a: Pecharunt|100/100|[from] item: Leftovers
|upkeep
|turn|21
|
|t:|1758996402
|move|p2a: Excadrill|Earthquake|p1a: Pecharunt
|-supereffective|p1a: Pecharunt
|-damage|p1a: Pecharunt|0 fnt
|faint|p1a: Pecharunt
|-damage|p2a: Excadrill|49/100|[from] item: Life Orb
|
|-weather|Sandstorm|[upkeep]
|upkeep
|
|t:|1758996405
|switch|p1a: Darkrai|Darkrai|100/100
|turn|22
|
|t:|1758996410
|move|p2a: Excadrill|Earthquake|p1a: Darkrai
|-damage|p1a: Darkrai|0 fnt
|faint|p1a: Darkrai
|-damage|p2a: Excadrill|39/100|[from] item: Life Orb
|
|win|Joof from space
|raw|v1shnu17's rating: 1320 &rarr; <strong>1300</strong><br />(-20 for losing)
|raw|Joof from space's rating: 1319 &rarr; <strong>1339</strong><br />(+20 for winning)
|l|☆Joof from space
|player|p2|
