|j|☆olee64
|j|☆homerac
|t:|1758988887
|gametype|singles
|player|p1|olee64|266|1290
|player|p2|homerac|169|1285
|gen|9
|tier|[Gen 9] OU
|rated|
|rule|HP Percentage Mod: HP is shown in percentages
|rule|Endless Battle Clause: Forcing endless battles is banned
|rule|Species Clause: Limit one of each Pokémon
|rule|OHKO Clause: OHKO moves are banned
|rule|Evasion Items Clause: Evasion items are banned
|rule|Evasion Moves Clause: Evasion moves are banned
|rule|Evasion Abilities Clause: Evasion abilities are banned
|rule|Sleep Moves Clause: Sleep-inducing moves are banned
|clearpoke
|poke|p1|Gholdengo|
|poke|p1|Great Tusk|
|poke|p1|Araquanid, M|
|poke|p1|Hatterene, F|
|poke|p1|Iron Moth|
|poke|p1|Deoxys-Speed|
|poke|p2|Araquanid, M|
|poke|p2|Darkrai|
|poke|p2|Garchomp, F|
|poke|p2|Primarina, F|
|poke|p2|Breloom, F|
|poke|p2|Oricorio-Pom-Pom, M|
|teampreview
|
|t:|1758988904
|teamsize|p1|6
|teamsize|p2|6
|start
|switch|p1a: Deoxys|Deoxys-Speed|100/100
|switch|p2a: Primarina|Primarina, F|100/100
|-ability|p1a: Deoxys|Pressure
|turn|1
|inactive|Battle timer is ON: inactive players will automatically lose when time's up. (requested by homerac)
|
|t:|1758988930
|move|p1a: Deoxys|Taunt|p2a: Primarina
|-start|p2a: Primarina|move: Taunt
|move|p2a: Primarina|Moonblast|p1a: Deoxys
|-damage|p1a: Deoxys|40/100
|-unboost|p1a: Deoxys|spa|1
|
|upkeep
|turn|2
|
|t:|1758988936
|move|p1a: Deoxys|Stealth Rock|p2a: Primarina
|-sidestart|p2: homerac|move: Stealth Rock
|move|p2a: Primarina|Moonblast|p1a: Deoxys
|-damage|p1a: Deoxys|0 fnt
|faint|p1a: Deoxys
|
|upkeep
|
|t:|1758988965
|switch|p1a: Araquanid|Araquanid, M|100/100
|turn|3
|
|t:|1758988980
|switch|p2a: Breloom|Breloom, F|100/100
|-damage|p2a: Breloom|94/100|[from] Stealth Rock
|move|p1a: Araquanid|Sticky Web|p2a: Breloom
|-sidestart|p2: homerac|move: Sticky Web
|
|upkeep
|turn|4
|
|t:|1758988989
|switch|p1a: Hatterene|Hatterene, F|100/100
|move|p2a: Breloom|Bullet Seed|p1a: Hatterene
|-damage|p1a: Hatterene|75/100
|-damage|p1a: Hatterene|52/100
|-damage|p1a: Hatterene|27/100
|-damage|p1a: Hatterene|5/100
|-damage|p1a: Hatterene|0 fnt
|faint|p1a: Hatterene
|-hitcount|p1: Hatterene|5
|
|upkeep
|
|t:|1758988993
|switch|p1a: Iron Moth|Iron Moth|100/100
|-enditem|p1a: Iron Moth|Booster Energy
|-activate|p1a: Iron Moth|ability: Quark Drive|[fromitem]
|-start|p1a: Iron Moth|quarkdrivespa
|turn|5
|
|t:|1758989016
|move|p1a: Iron Moth|Fiery Dance|p2a: Breloom
|-supereffective|p2a: Breloom
|-damage|p2a: Breloom|0 fnt
|-boost|p1a: Iron Moth|spa|1
|faint|p2a: Breloom
|
|upkeep
|
|t:|1758989021
|switch|p2a: Araquanid|Araquanid, M|100/100
|-damage|p2a: Araquanid|76/100|[from] Stealth Rock
|-activate|p2a: Araquanid|move: Sticky Web
|-unboost|p2a: Araquanid|spe|1
|turn|6
|
|t:|1758989031
|-terastallize|p1a: Iron Moth|Grass
|move|p1a: Iron Moth|Energy Ball|p2a: Araquanid
|-damage|p2a: Araquanid|3/100
|move|p2a: Araquanid|Liquidation|p1a: Iron Moth
|-resisted|p1a: Iron Moth
|-damage|p1a: Iron Moth|41/100
|
|-heal|p2a: Araquanid|9/100|[from] item: Leftovers
|upkeep
|turn|7
|
|t:|1758989040
|move|p1a: Iron Moth|Fiery Dance|p2a: Araquanid
|-damage|p2a: Araquanid|0 fnt
|-boost|p1a: Iron Moth|spa|1
|faint|p2a: Araquanid
|
|upkeep
|
|t:|1758989050
|switch|p2a: Primarina|Primarina, F|100/100
|-damage|p2a: Primarina|88/100|[from] Stealth Rock
|-activate|p2a: Primarina|move: Sticky Web
|-unboost|p2a: Primarina|spe|1
|turn|8
|inactive|olee64 has 120 seconds left.
|
|t:|1758989093
|-terastallize|p2a: Primarina|Steel
|move|p1a: Iron Moth|Energy Ball|p2a: Primarina
|-resisted|p2a: Primarina
|-damage|p2a: Primarina|56/100
|move|p2a: Primarina|Moonblast|p1a: Iron Moth
|-damage|p1a: Iron Moth|0 fnt
|faint|p1a: Iron Moth
|-end|p1a: Iron Moth|Quark Drive|[silent]
|
|upkeep
|
|t:|1758989095
|switch|p1a: Araquanid|Araquanid, M|100/100
|turn|9
|
|t:|1758989108
|move|p1a: Araquanid|Liquidation|p2a: Primarina
|-damage|p2a: Primarina|0 fnt
|faint|p2a: Primarina
|
|upkeep
|
|t:|1758989112
|switch|p2a: Oricorio|Oricorio-Pom-Pom, M|100/100
|turn|10
|inactive|olee64 has 120 seconds left.
|
|t:|1758989132
|move|p2a: Oricorio|Quiver Dance|p2a: Oricorio
|-boost|p2a: Oricorio|spa|1
|-boost|p2a: Oricorio|spd|1
|-boost|p2a: Oricorio|spe|1
|move|p1a: Araquanid|Liquidation|p2a: Oricorio
|-damage|p2a: Oricorio|0 fnt
|faint|p2a: Oricorio
|
|upkeep
|-message|homerac forfeited.
|
|win|olee64
|raw|olee64's rating: 1290 &rarr; <strong>1315</strong><br />(+25 for winning)
|raw|homerac's rating: 1285 &rarr; <strong>1260</strong><br />(-25 for losing)
|l|☆homerac
|player|p2|
|l|☆olee64
|player|p1|
