|j|☆gigapoophater
|j|☆pikachuplanet
|t:|1759011617
|gametype|singles
|player|p1|gigapoophater|swimmer|1233
|player|p2|pikachuplanet|pokekid|1242
|gen|9
|tier|[Gen 9] OU
|rated|
|rule|HP Percentage Mod: HP is shown in percentages
|rule|Endless Battle Clause: Forcing endless battles is banned
|rule|Species Clause: Limit one of each Pokémon
|rule|OHKO Clause: OHKO moves are banned
|rule|Evasion Items Clause: Evasion items are banned
|rule|Evasion Moves Clause: Evasion moves are banned
|rule|Evasion Abilities Clause: Evasion abilities are banned
|rule|Sleep Moves Clause: Sleep-inducing moves are banned
|clearpoke
|poke|p1|Iron Boulder|
|poke|p1|Skeledirge, M|
|poke|p1|Orthworm, F|
|poke|p1|Breloom, M|
|poke|p1|Milotic, F|
|poke|p1|Zebstrika, F|
|poke|p2|Darkrai|
|poke|p2|Garchomp, M|
|poke|p2|Moltres|
|poke|p2|Ogerpon-Wellspring, F|
|poke|p2|Gholdengo|
|poke|p2|Great Tusk|
|teampreview
|inactive|Battle timer is ON: inactive players will automatically lose when time's up. (requested by gigapoophater)
|
|t:|1759011630
|teamsize|p1|6
|teamsize|p2|6
|start
|switch|p1a: Milotic|Milotic, F|100/100
|switch|p2a: Garchomp|Garchomp, M|100/100
|turn|1
|
|t:|1759011636
|move|p2a: Garchomp|Stealth Rock|p1a: Milotic
|-sidestart|p1: gigapoophater|move: Stealth Rock
|move|p1a: Milotic|Ice Beam|p2a: Garchomp
|-supereffective|p2a: Garchomp
|-damage|p2a: Garchomp|0 fnt
|faint|p2a: Garchomp
|
|upkeep
|
|t:|1759011641
|switch|p2a: Ogerpon|Ogerpon-Wellspring, F|100/100
|turn|2
|
|t:|1759011646
|switch|p1a: Orthworm|Orthworm, F|100/100
|-damage|p1a: Orthworm|94/100|[from] Stealth Rock
|move|p2a: Ogerpon|Swords Dance|p2a: Ogerpon
|-boost|p2a: Ogerpon|atk|2
|
|upkeep
|turn|3
|
|t:|1759011653
|move|p2a: Ogerpon|Ivy Cudgel|p1a: Orthworm|[anim] Ivy Cudgel Water
|-damage|p1a: Orthworm|31/100
|move|p1a: Orthworm|Body Press|p2a: Ogerpon
|-damage|p2a: Ogerpon|53/100
|
|upkeep
|turn|4
|
|t:|1759011659
|move|p2a: Ogerpon|Ivy Cudgel|p1a: Orthworm|[anim] Ivy Cudgel Water
|-damage|p1a: Orthworm|0 fnt
|faint|p1a: Orthworm
|
|upkeep
|
|t:|1759011674
|switch|p1a: Zebstrika|Zebstrika, F|100/100
|-damage|p1a: Zebstrika|88/100|[from] Stealth Rock
|turn|5
|
|t:|1759011686
|-terastallize|p1a: Zebstrika|Ice
|move|p1a: Zebstrika|Tera Blast|p2a: Ogerpon|[anim] Tera Blast Ice
|-damage|p2a: Ogerpon|0 fnt
|faint|p2a: Ogerpon
|-damage|p1a: Zebstrika|78/100|[from] item: Life Orb
|
|upkeep
|
|t:|1759011693
|switch|p2a: Moltres|Moltres|100/100
|turn|6
|
|t:|1759011696
|switch|p2a: Great Tusk|Great Tusk|100/100
|-enditem|p2a: Great Tusk|Booster Energy
|-activate|p2a: Great Tusk|ability: Protosynthesis|[fromitem]
|-start|p2a: Great Tusk|protosynthesisatk
|move|p1a: Zebstrika|Supercell Slam|p2a: Great Tusk
|-immune|p2a: Great Tusk
|-damage|p1a: Zebstrika|28/100|[from] supercellslam
|
|upkeep
|turn|7
|
|t:|1759011705
|-terastallize|p2a: Great Tusk|Steel
|move|p1a: Zebstrika|Tera Blast|p2a: Great Tusk|[anim] Tera Blast Ice
|-resisted|p2a: Great Tusk
|-damage|p2a: Great Tusk|83/100
|-damage|p1a: Zebstrika|18/100|[from] item: Life Orb
|move|p2a: Great Tusk|Knock Off|p1a: Zebstrika
|-damage|p1a: Zebstrika|0 fnt
|-enditem|p1a: Zebstrika|Life Orb|[from] move: Knock Off|[of] p2a: Great Tusk
|faint|p1a: Zebstrika
|
|upkeep
|
|t:|1759011714
|switch|p1a: Skeledirge|Skeledirge, M|100/100
|-damage|p1a: Skeledirge|76/100|[from] Stealth Rock
|turn|8
|
|t:|1759011733
|move|p1a: Skeledirge|Torch Song|p2a: Great Tusk
|-supereffective|p2a: Great Tusk
|-damage|p2a: Great Tusk|0 fnt
|-boost|p1a: Skeledirge|spa|1
|faint|p2a: Great Tusk
|-end|p2a: Great Tusk|Protosynthesis|[silent]
|
|upkeep
|
|t:|1759011741
|switch|p2a: Darkrai|Darkrai|100/100
|turn|9
|
|t:|1759011744
|move|p2a: Darkrai|Nasty Plot|p2a: Darkrai
|-boost|p2a: Darkrai|spa|2
|move|p1a: Skeledirge|Torch Song|p2a: Darkrai
|-damage|p2a: Darkrai|38/100
|-boost|p1a: Skeledirge|spa|1
|
|-heal|p2a: Darkrai|45/100|[from] item: Leftovers
|upkeep
|turn|10
|
|t:|1759011755
|move|p2a: Darkrai|Dark Pulse|p1a: Skeledirge
|-supereffective|p1a: Skeledirge
|-damage|p1a: Skeledirge|0 fnt
|faint|p1a: Skeledirge
|
|-heal|p2a: Darkrai|51/100|[from] item: Leftovers
|upkeep
|
|t:|1759011761
|switch|p1a: Breloom|Breloom, M|100/100
|-damage|p1a: Breloom|94/100|[from] Stealth Rock
|turn|11
|
|t:|1759011768
|switch|p2a: Moltres|Moltres|100/100
|move|p1a: Breloom|Rock Tomb|p2a: Moltres
|-supereffective|p2a: Moltres
|-damage|p2a: Moltres|0 fnt
|faint|p2a: Moltres
|
|upkeep
|inactive|pikachuplanet has 120 seconds left.
|
|t:|1759011822
|switch|p2a: Gholdengo|Gholdengo|100/100
|turn|12
|
|t:|1759011830
|switch|p1a: Milotic|Milotic, F|100/100
|-damage|p1a: Milotic|88/100|[from] Stealth Rock
|move|p2a: Gholdengo|Shadow Ball|p1a: Milotic
|-damage|p1a: Milotic|58/100
|
|upkeep
|turn|13
|
|t:|1759011856
|move|p2a: Gholdengo|Shadow Ball|p1a: Milotic
|-damage|p1a: Milotic|24/100
|move|p1a: Milotic|Scald|p2a: Gholdengo
|-damage|p2a: Gholdengo|28/100
|
|upkeep
|turn|14
|
|t:|1759011863
|move|p2a: Gholdengo|Shadow Ball|p1a: Milotic
|-crit|p1a: Milotic
|-damage|p1a: Milotic|0 fnt
|faint|p1a: Milotic
|
|upkeep
|
|t:|1759011865
|switch|p1a: Iron Boulder|Iron Boulder|100/100
|-damage|p1a: Iron Boulder|88/100|[from] Stealth Rock
|-enditem|p1a: Iron Boulder|Booster Energy
|-activate|p1a: Iron Boulder|ability: Quark Drive|[fromitem]
|-start|p1a: Iron Boulder|quarkdrivespe
|turn|15
|
|t:|1759011890
|move|p1a: Iron Boulder|Mighty Cleave|p2a: Gholdengo
|-resisted|p2a: Gholdengo
|-damage|p2a: Gholdengo|3/100
|move|p2a: Gholdengo|Shadow Ball|p1a: Iron Boulder
|-supereffective|p1a: Iron Boulder
|-damage|p1a: Iron Boulder|0 fnt
|faint|p1a: Iron Boulder
|-end|p1a: Iron Boulder|Quark Drive|[silent]
|
|upkeep
|
|t:|1759011897
|switch|p1a: Breloom|Breloom, M|94/100
|-damage|p1a: Breloom|88/100|[from] Stealth Rock
|turn|16
|
|t:|1759011905
|move|p2a: Gholdengo|Shadow Ball|p1a: Breloom
|-damage|p1a: Breloom|0 fnt
|faint|p1a: Breloom
|
|win|pikachuplanet
|raw|gigapoophater's rating: 1233 &rarr; <strong>1209</strong><br />(-24 for losing)
|raw|pikachuplanet's rating: 1242 &rarr; <strong>1266</strong><br />(+24 for winning)
|l|☆gigapoophater
|player|p1|
|l|☆pikachuplanet
|player|p2|
