|j|☆lucasquaque
|j|☆hina uwu
|t:|1758939558
|gametype|singles
|player|p1|lucasquaque|lucas|
|player|p2|hina uwu|dawn|
|gen|9
|tier|[Gen 9] OU
|rule|HP Percentage Mod: HP is shown in percentages
|rule|Endless Battle Clause: Forcing endless battles is banned
|rule|Species Clause: Limit one of each Pokémon
|rule|OHKO Clause: OHKO moves are banned
|rule|Evasion Items Clause: Evasion items are banned
|rule|Evasion Moves Clause: Evasion moves are banned
|rule|Evasion Abilities Clause: Evasion abilities are banned
|rule|Sleep Moves Clause: Sleep-inducing moves are banned
|clearpoke
|poke|p1|Scizor, F|
|poke|p1|Iron Valiant|
|poke|p1|Kyurem|
|poke|p1|Ting-Lu|
|poke|p1|Gholdengo|
|poke|p1|Deoxys-Speed|
|poke|p2|Ribombee, F|
|poke|p2|Raging Bolt|
|poke|p2|Gholdengo|
|poke|p2|Enamorus, F|
|poke|p2|Kingambit, F|
|poke|p2|Iron Moth|
|teampreview
|c|☆hina uwu|lembra?
|c|☆lucasquaque|Claro
|
|t:|1758939581
|teamsize|p1|6
|teamsize|p2|6
|start
|switch|p1a: Deoxys|Deoxys-Speed|100/100
|switch|p2a: Ribombee|Ribombee, F|100/100
|-ability|p1a: Deoxys|Pressure
|turn|1
|
|t:|1758939589
|switch|p2a: Gholdengo|Gholdengo|100/100
|-item|p2a: Gholdengo|Air Balloon
|move|p1a: Deoxys|Taunt|p2a: Gholdengo
|-immune|p2a: Gholdengo|[from] ability: Good as Gold
|
|upkeep
|turn|2
|
|t:|1758939601
|move|p1a: Deoxys|Stealth Rock|p2a: Gholdengo
|-sidestart|p2: hina uwu|move: Stealth Rock
|move|p2a: Gholdengo|Make It Rain|p1a: Deoxys
|-damage|p1a: Deoxys|12/100
|-unboost|p2a: Gholdengo|spa|1
|-enditem|p1a: Deoxys|Red Card|[of] p2a: Gholdengo
|drag|p2a: Iron Moth|Iron Moth|100/100
|-damage|p2a: Iron Moth|76/100|[from] Stealth Rock
|-enditem|p2a: Iron Moth|Booster Energy
|-activate|p2a: Iron Moth|ability: Quark Drive|[fromitem]
|-start|p2a: Iron Moth|quarkdrivespa
|
|upkeep
|turn|3
|
|t:|1758939621
|-terastallize|p2a: Iron Moth|Fairy
|move|p1a: Deoxys|Psycho Boost|p2a: Iron Moth
|-damage|p2a: Iron Moth|14/100
|-unboost|p1a: Deoxys|spa|2
|move|p2a: Iron Moth|Fiery Dance|p1a: Deoxys
|-damage|p1a: Deoxys|0 fnt
|-boost|p2a: Iron Moth|spa|1
|faint|p1a: Deoxys
|
|upkeep
|
|t:|1758939632
|switch|p1a: Iron Valiant|Iron Valiant|100/100
|-enditem|p1a: Iron Valiant|Booster Energy
|-activate|p1a: Iron Valiant|ability: Quark Drive|[fromitem]
|-start|p1a: Iron Valiant|quarkdrivespe
|turn|4
|
|t:|1758939641
|-end|p2a: Iron Moth|Quark Drive|[silent]
|switch|p2a: Kingambit|Kingambit, F|100/100
|-damage|p2a: Kingambit|94/100|[from] Stealth Rock
|-item|p2a: Kingambit|Air Balloon
|move|p1a: Iron Valiant|Knock Off|p2a: Kingambit
|-resisted|p2a: Kingambit
|-damage|p2a: Kingambit|82/100
|-enditem|p2a: Kingambit|Air Balloon
|
|upkeep
|turn|5
|
|t:|1758939650
|-end|p2a: Kingambit|fallenundefined|[silent]
|switch|p2a: Enamorus|Enamorus, F|100/100
|-damage|p2a: Enamorus|76/100|[from] Stealth Rock
|move|p1a: Iron Valiant|Close Combat|p2a: Enamorus
|-resisted|p2a: Enamorus
|-crit|p2a: Enamorus
|-damage|p2a: Enamorus|40/100
|-unboost|p1a: Iron Valiant|def|1
|-unboost|p1a: Iron Valiant|spd|1
|
|upkeep
|turn|6
|
|t:|1758939662
|switch|p2a: Gholdengo|Gholdengo|100/100
|-damage|p2a: Gholdengo|94/100|[from] Stealth Rock
|-item|p2a: Gholdengo|Air Balloon
|move|p1a: Iron Valiant|Moonblast|p2a: Gholdengo
|-resisted|p2a: Gholdengo
|-damage|p2a: Gholdengo|69/100
|-enditem|p2a: Gholdengo|Air Balloon
|
|upkeep
|turn|7
|
|t:|1758939669
|-end|p1a: Iron Valiant|Quark Drive|[silent]
|switch|p1a: Ting-Lu|Ting-Lu|100/100
|-ability|p1a: Ting-Lu|Vessel of Ruin
|move|p2a: Gholdengo|Shadow Ball|p1a: Ting-Lu
|-resisted|p1a: Ting-Lu
|-damage|p1a: Ting-Lu|86/100
|
|upkeep
|turn|8
|c|☆hina uwu|ai gay
|
|t:|1758939681
|switch|p2a: Enamorus|Enamorus, F|40/100
|-damage|p2a: Enamorus|15/100|[from] Stealth Rock
|move|p1a: Ting-Lu|Spikes|p2a: Enamorus
|-sidestart|p2: hina uwu|Spikes
|
|upkeep
|turn|9
|
|t:|1758939688
|move|p2a: Enamorus|Moonblast|p1a: Ting-Lu
|-supereffective|p1a: Ting-Lu
|-damage|p1a: Ting-Lu|20/100
|move|p1a: Ting-Lu|Spikes|p2a: Enamorus
|-sidestart|p2: hina uwu|Spikes
|
|upkeep
|turn|10
|
|t:|1758939695
|move|p2a: Enamorus|Moonblast|p1a: Ting-Lu
|-supereffective|p1a: Ting-Lu
|-damage|p1a: Ting-Lu|0 fnt
|faint|p1a: Ting-Lu
|
|upkeep
|
|t:|1758939699
|switch|p1a: Scizor|Scizor, F|100/100
|turn|11
|
|t:|1758939706
|move|p2a: Enamorus|Moonblast|p1a: Scizor
|-resisted|p1a: Scizor
|-damage|p1a: Scizor|69/100
|move|p1a: Scizor|Swords Dance|p1a: Scizor
|-boost|p1a: Scizor|atk|2
|
|upkeep
|turn|12
|
|t:|1758939713
|move|p1a: Scizor|Bullet Punch|p2a: Enamorus
|-supereffective|p2a: Enamorus
|-damage|p2a: Enamorus|0 fnt
|faint|p2a: Enamorus
|
|upkeep
|
|t:|1758939716
|switch|p2a: Raging Bolt|Raging Bolt|100/100
|-damage|p2a: Raging Bolt|88/100|[from] Stealth Rock
|-damage|p2a: Raging Bolt|72/100|[from] Spikes
|-enditem|p2a: Raging Bolt|Booster Energy
|-activate|p2a: Raging Bolt|ability: Protosynthesis|[fromitem]
|-start|p2a: Raging Bolt|protosynthesisspa
|turn|13
|
|t:|1758939726
|move|p2a: Raging Bolt|Thunderbolt|p1a: Scizor
|-damage|p1a: Scizor|0 fnt
|faint|p1a: Scizor
|
|upkeep
|
|t:|1758939732
|switch|p1a: Kyurem|Kyurem|100/100
|-ability|p1a: Kyurem|Pressure
|turn|14
|
|t:|1758939742
|-terastallize|p1a: Kyurem|Ground
|move|p1a: Kyurem|Dragon Dance|p1a: Kyurem
|-boost|p1a: Kyurem|atk|1
|-boost|p1a: Kyurem|spe|1
|move|p2a: Raging Bolt|Dragon Pulse|p1a: Kyurem
|-damage|p1a: Kyurem|36/100
|
|upkeep
|turn|15
|
|t:|1758939750
|move|p1a: Kyurem|Tera Blast|p2a: Raging Bolt|[anim] Tera Blast Ground
|-supereffective|p2a: Raging Bolt
|-damage|p2a: Raging Bolt|0 fnt
|faint|p2a: Raging Bolt
|-end|p2a: Raging Bolt|Protosynthesis|[silent]
|
|upkeep
|
|t:|1758939764
|switch|p2a: Kingambit|Kingambit, F|82/100
|-damage|p2a: Kingambit|76/100|[from] Stealth Rock
|-damage|p2a: Kingambit|59/100|[from] Spikes
|-activate|p2a: Kingambit|ability: Supreme Overlord
|-start|p2a: Kingambit|fallen2|[silent]
|turn|16
|
|t:|1758939770
|move|p1a: Kyurem|Substitute|p1a: Kyurem
|-start|p1a: Kyurem|Substitute
|-damage|p1a: Kyurem|11/100
|move|p2a: Kingambit|Swords Dance|p2a: Kingambit
|-boost|p2a: Kingambit|atk|2
|
|upkeep
|turn|17
|c|☆hina uwu|gay
|
|t:|1758939779
|move|p1a: Kyurem|Tera Blast|p2a: Kingambit|[anim] Tera Blast Ground
|-supereffective|p2a: Kingambit
|-damage|p2a: Kingambit|0 fnt
|faint|p2a: Kingambit
|-end|p2a: Kingambit|fallen2|[silent]
|
|upkeep
|
|t:|1758939782
|switch|p2a: Ribombee|Ribombee, F|100/100
|-damage|p2a: Ribombee|76/100|[from] Stealth Rock
|-damage|p2a: Ribombee|59/100|[from] Spikes
|turn|18
|
|t:|1758939788
|move|p1a: Kyurem|Icicle Spear|p2a: Ribombee
|-damage|p2a: Ribombee|15/100
|-damage|p2a: Ribombee|0 fnt
|faint|p2a: Ribombee
|-hitcount|p2: Ribombee|2
|
|upkeep
|
|t:|1758939791
|switch|p2a: Gholdengo|Gholdengo|69/100
|-damage|p2a: Gholdengo|63/100|[from] Stealth Rock
|-damage|p2a: Gholdengo|46/100|[from] Spikes
|turn|19
|
|t:|1758939797
|switch|p2a: Iron Moth|Iron Moth, tera:Fairy|14/100
|-damage|p2a: Iron Moth|2/100|[from] Stealth Rock
|-damage|p2a: Iron Moth|0 fnt|[from] Spikes
|faint|p2a: Iron Moth
|-end|p2a: Iron Moth|Quark Drive|[silent]
|move|p1a: Kyurem|Tera Blast|p2: Iron Moth|[notarget]
|-fail|p1a: Kyurem
|
|upkeep
|
|t:|1758939800
|switch|p2a: Gholdengo|Gholdengo|46/100
|-damage|p2a: Gholdengo|40/100|[from] Stealth Rock
|-damage|p2a: Gholdengo|24/100|[from] Spikes
|turn|20
|
|t:|1758939806
|move|p1a: Kyurem|Tera Blast|p2a: Gholdengo|[anim] Tera Blast Ground
|-supereffective|p2a: Gholdengo
|-damage|p2a: Gholdengo|0 fnt
|faint|p2a: Gholdengo
|
|win|lucasquaque
