|j|☆hungrymane
|j|☆Gulptubus
|t:|1759033090
|gametype|singles
|player|p1|hungrymane|102|1509
|player|p2|Gulptubus|pokemonranger-gen4|1501
|gen|9
|tier|[Gen 9] OU
|rated|
|rule|HP Percentage Mod: HP is shown in percentages
|rule|Endless Battle Clause: Forcing endless battles is banned
|rule|Species Clause: Limit one of each Pokémon
|rule|OHKO Clause: OHKO moves are banned
|rule|Evasion Items Clause: Evasion items are banned
|rule|Evasion Moves Clause: Evasion moves are banned
|rule|Evasion Abilities Clause: Evasion abilities are banned
|rule|Sleep Moves Clause: Sleep-inducing moves are banned
|clearpoke
|poke|p1|Greninja-*, M|
|poke|p1|Weavile, M|
|poke|p1|Enamorus, F|
|poke|p1|Volcanion|
|poke|p1|Garchomp, M|
|poke|p1|Iron Treads|
|poke|p2|Garganacl, F|
|poke|p2|Gliscor, M|
|poke|p2|Heatran, M|
|poke|p2|Sinistcha-Masterpiece|
|poke|p2|Darkrai|
|poke|p2|Slowbro-Galar, M|
|teampreview
|
|t:|1759033099
|teamsize|p1|6
|teamsize|p2|6
|start
|switch|p1a: Greninja|Greninja, M|100/100
|switch|p2a: Salty Snack|Garganacl, F|100/100
|turn|1
|
|t:|1759033104
|move|p1a: Greninja|Grass Knot|p2a: Salty Snack
|-start|p1a: Greninja|typechange|Grass|[from] ability: Protean
|-supereffective|p2a: Salty Snack
|-damage|p2a: Salty Snack|20/100
|move|p2a: Salty Snack|Stealth Rock|p1a: Greninja
|-sidestart|p1: hungrymane|move: Stealth Rock
|
|-heal|p2a: Salty Snack|26/100|[from] item: Leftovers
|upkeep
|turn|2
|
|t:|1759033109
|move|p2a: Salty Snack|Protect|p2a: Salty Snack
|-singleturn|p2a: Salty Snack|Protect
|move|p1a: Greninja|Grass Knot|p2a: Salty Snack
|-activate|p2a: Salty Snack|move: Protect
|
|-heal|p2a: Salty Snack|33/100|[from] item: Leftovers
|upkeep
|turn|3
|
|t:|1759033121
|switch|p2a: Gliscor|Gliscor, M|100/100
|move|p1a: Greninja|Grass Knot|p2a: Gliscor
|-damage|p2a: Gliscor|78/100
|
|-status|p2a: Gliscor|tox|[from] item: Toxic Orb
|upkeep
|turn|4
|
|t:|1759033126
|move|p1a: Greninja|Taunt|p2a: Gliscor
|-start|p2a: Gliscor|move: Taunt
|cant|p2a: Gliscor|move: Taunt|Spikes
|
|-heal|p2a: Gliscor|90/100 tox|[from] ability: Poison Heal
|upkeep
|turn|5
|
|t:|1759033128
|move|p1a: Greninja|Spikes|p2a: Gliscor
|-sidestart|p2: Gulptubus|Spikes
|move|p2a: Gliscor|Knock Off|p1a: Greninja
|-damage|p1a: Greninja|64/100
|-damage|p2a: Gliscor|73/100 tox|[from] item: Rocky Helmet|[of] p1a: Greninja
|-enditem|p1a: Greninja|Rocky Helmet|[from] move: Knock Off|[of] p2a: Gliscor
|
|-heal|p2a: Gliscor|86/100 tox|[from] ability: Poison Heal
|upkeep
|turn|6
|
|t:|1759033135
|move|p1a: Greninja|Spikes|p2a: Gliscor
|-sidestart|p2: Gulptubus|Spikes
|move|p2a: Gliscor|U-turn|p1a: Greninja
|-supereffective|p1a: Greninja
|-damage|p1a: Greninja|13/100
|
|t:|1759033142
|switch|p2a: Darkrai|Darkrai|100/100|[from] U-turn
|
|upkeep
|turn|7
|
|t:|1759033147
|move|p2a: Darkrai|Dark Pulse|p1a: Greninja
|-damage|p1a: Greninja|0 fnt
|faint|p1a: Greninja
|
|upkeep
|
|t:|1759033160
|switch|p1a: Enamorus|Enamorus, F|100/100
|turn|8
|
|t:|1759033166
|-terastallize|p2a: Darkrai|Poison
|move|p2a: Darkrai|Sludge Bomb|p1a: Enamorus
|-supereffective|p1a: Enamorus
|-damage|p1a: Enamorus|0 fnt
|faint|p1a: Enamorus
|
|upkeep
|
|t:|1759033173
|switch|p1a: Garchomp|Garchomp, M|100/100
|-damage|p1a: Garchomp|94/100|[from] Stealth Rock
|turn|9
|
|t:|1759033178
|move|p2a: Darkrai|Will-O-Wisp|p1a: Garchomp
|-status|p1a: Garchomp|brn
|move|p1a: Garchomp|Earthquake|p2a: Darkrai
|-supereffective|p2a: Darkrai
|-damage|p2a: Darkrai|42/100
|
|-damage|p1a: Garchomp|88/100 brn|[from] brn
|upkeep
|turn|10
|
|t:|1759033188
|switch|p2a: Gliscor|Gliscor, M|86/100 tox
|switch|p1a: Weavile|Weavile, M|100/100
|-damage|p1a: Weavile|76/100|[from] Stealth Rock
|
|-heal|p2a: Gliscor|98/100 tox|[from] ability: Poison Heal
|upkeep
|turn|11
|
|t:|1759033194
|move|p2a: Gliscor|Protect|p2a: Gliscor
|-singleturn|p2a: Gliscor|Protect
|move|p1a: Weavile|Triple Axel|p2a: Gliscor
|-activate|p2a: Gliscor|move: Protect
|
|-heal|p2a: Gliscor|100/100 tox|[from] ability: Poison Heal
|upkeep
|turn|12
|
|t:|1759033206
|switch|p2a: Heatran|Heatran, M|100/100
|-damage|p2a: Heatran|84/100|[from] Spikes
|move|p1a: Weavile|Triple Axel|p2a: Heatran
|-resisted|p2a: Heatran
|-damage|p2a: Heatran|81/100
|-resisted|p2a: Heatran
|-damage|p2a: Heatran|75/100
|-resisted|p2a: Heatran
|-damage|p2a: Heatran|65/100
|-hitcount|p2a: Heatran|3
|
|-heal|p2a: Heatran|71/100|[from] item: Leftovers
|upkeep
|turn|13
|
|t:|1759033213
|switch|p1a: Garchomp|Garchomp, M|88/100 brn
|-damage|p1a: Garchomp|82/100 brn|[from] Stealth Rock
|move|p2a: Heatran|Protect||[still]
|-fail|p2a: Heatran
|
|-heal|p2a: Heatran|78/100|[from] item: Leftovers
|-damage|p1a: Garchomp|76/100 brn|[from] brn
|upkeep
|turn|14
|
|t:|1759033217
|switch|p1a: Volcanion|Volcanion|100/100
|-damage|p1a: Volcanion|75/100|[from] Stealth Rock
|move|p2a: Heatran|Protect||[still]
|-fail|p2a: Heatran
|
|-heal|p2a: Heatran|84/100|[from] item: Leftovers
|upkeep
|turn|15
|
|t:|1759033221
|move|p2a: Heatran|Protect|p2a: Heatran
|-singleturn|p2a: Heatran|Protect
|move|p1a: Volcanion|Steam Eruption|p2a: Heatran
|-activate|p2a: Heatran|move: Protect
|
|-heal|p2a: Heatran|90/100|[from] item: Leftovers
|upkeep
|turn|16
|
|t:|1759033234
|switch|p2a: Salty Snack|Garganacl, F|33/100
|-damage|p2a: Salty Snack|16/100|[from] Spikes
|move|p1a: Volcanion|Steam Eruption|p2a: Salty Snack
|-supereffective|p2a: Salty Snack
|-damage|p2a: Salty Snack|0 fnt
|faint|p2a: Salty Snack
|
|upkeep
|
|t:|1759033246
|switch|p2a: Sinistcha|Sinistcha-Masterpiece, shiny|100/100
|turn|17
|
|t:|1759033253
|move|p2a: Sinistcha|Matcha Gotcha|p1a: Volcanion
|-damage|p1a: Volcanion|43/100
|move|p1a: Volcanion|Flamethrower|p2a: Sinistcha
|-supereffective|p2a: Sinistcha
|-damage|p2a: Sinistcha|43/100
|
|upkeep
|turn|18
|
|t:|1759033261
|move|p2a: Sinistcha|Calm Mind|p2a: Sinistcha
|-boost|p2a: Sinistcha|spa|1
|-boost|p2a: Sinistcha|spd|1
|move|p1a: Volcanion|Flamethrower|p2a: Sinistcha
|-supereffective|p2a: Sinistcha
|-damage|p2a: Sinistcha|4/100
|
|upkeep
|turn|19
|
|t:|1759033264
|move|p2a: Sinistcha|Matcha Gotcha|p1a: Volcanion|[miss]
|-miss|p2a: Sinistcha|p1a: Volcanion
|move|p1a: Volcanion|Flamethrower|p2a: Sinistcha
|-supereffective|p2a: Sinistcha
|-damage|p2a: Sinistcha|0 fnt
|faint|p2a: Sinistcha
|
|upkeep
|
|t:|1759033269
|switch|p2a: Darkrai|Darkrai, tera:Poison|42/100
|turn|20
|
|t:|1759033274
|move|p2a: Darkrai|Sludge Bomb|p1a: Volcanion
|-damage|p1a: Volcanion|5/100
|move|p1a: Volcanion|Flamethrower|p2a: Darkrai
|-damage|p2a: Darkrai|0 fnt
|faint|p2a: Darkrai
|
|upkeep
|
|t:|1759033279
|switch|p2a: Slowbro|Slowbro-Galar, M|100/100
|-damage|p2a: Slowbro|84/100|[from] Spikes
|turn|21
|
|t:|1759033289
|move|p1a: Volcanion|Steam Eruption|p2a: Slowbro
|-crit|p2a: Slowbro
|-damage|p2a: Slowbro|0 fnt
|faint|p2a: Slowbro
|
|upkeep
|
|t:|1759033294
|switch|p2a: Gliscor|Gliscor, M|100/100 tox
|turn|22
|
|t:|1759033301
|move|p2a: Gliscor|Protect|p2a: Gliscor
|-singleturn|p2a: Gliscor|Protect
|move|p1a: Volcanion|Steam Eruption|p2a: Gliscor
|-activate|p2a: Gliscor|move: Protect
|
|upkeep
|turn|23
|
|t:|1759033306
|move|p2a: Gliscor|Knock Off|p1a: Volcanion
|-damage|p1a: Volcanion|0 fnt
|-damage|p2a: Gliscor|84/100 tox|[from] item: Rocky Helmet|[of] p1a: Volcanion
|-enditem|p1a: Volcanion|Rocky Helmet|[from] move: Knock Off|[of] p2a: Gliscor
|faint|p1a: Volcanion
|
|-heal|p2a: Gliscor|96/100 tox|[from] ability: Poison Heal
|upkeep
|
|t:|1759033308
|switch|p1a: Iron Treads|Iron Treads|100/100
|-damage|p1a: Iron Treads|97/100|[from] Stealth Rock
|-enditem|p1a: Iron Treads|Booster Energy
|-activate|p1a: Iron Treads|ability: Quark Drive|[fromitem]
|-start|p1a: Iron Treads|quarkdrivespe
|turn|24
|
|t:|1759033313
|move|p1a: Iron Treads|Iron Defense|p1a: Iron Treads
|-boost|p1a: Iron Treads|def|2
|move|p2a: Gliscor|Knock Off|p1a: Iron Treads
|-damage|p1a: Iron Treads|92/100
|
|-heal|p2a: Gliscor|100/100 tox|[from] ability: Poison Heal
|upkeep
|turn|25
|
|t:|1759033315
|switch|p2a: Heatran|Heatran, M|90/100
|-damage|p2a: Heatran|74/100|[from] Spikes
|move|p1a: Iron Treads|Iron Defense|p1a: Iron Treads
|-boost|p1a: Iron Treads|def|2
|
|-heal|p2a: Heatran|80/100|[from] item: Leftovers
|upkeep
|turn|26
|
|t:|1759033321
|move|p1a: Iron Treads|Earthquake|p2a: Heatran
|-supereffective|p2a: Heatran
|-damage|p2a: Heatran|0 fnt
|faint|p2a: Heatran
|
|upkeep
|-message|Gulptubus forfeited.
|
|win|hungrymane
|raw|hungrymane's rating: 1509 &rarr; <strong>1529</strong><br />(+20 for winning)
|raw|Gulptubus's rating: 1501 &rarr; <strong>1481</strong><br />(-20 for losing)
|l|☆Gulptubus
|player|p2|
|l|☆hungrymane
|player|p1|
