|j|☆Sirpumpkinalot
|j|☆mechabicho_14
|t:|1758949252
|gametype|singles
|player|p1|Sirpumpkinalot|guitarist-gen4|1417
|player|p2|mechabicho_14|iris-gen5bw2|1460
|gen|9
|tier|[Gen 9] OU
|rated|
|rule|HP Percentage Mod: HP is shown in percentages
|rule|Endless Battle Clause: Forcing endless battles is banned
|rule|Species Clause: Limit one of each Pokémon
|rule|OHKO Clause: OHKO moves are banned
|rule|Evasion Items Clause: Evasion items are banned
|rule|Evasion Moves Clause: Evasion moves are banned
|rule|Evasion Abilities Clause: Evasion abilities are banned
|rule|Sleep Moves Clause: Sleep-inducing moves are banned
|clearpoke
|poke|p1|Alomomola, M|
|poke|p1|Dragalge, F|
|poke|p1|Lokix, F|
|poke|p1|Great Tusk|
|poke|p1|Gholdengo|
|poke|p1|Moltres|
|poke|p2|Great Tusk|
|poke|p2|Raging Bolt|
|poke|p2|Gholdengo|
|poke|p2|Moltres|
|poke|p2|Ogerpon-Wellspring, F|
|poke|p2|Weavile, M|
|teampreview
|c|☆Sirpumpkinalot|blunder fan?
|
|t:|1758949292
|teamsize|p1|6
|teamsize|p2|6
|start
|switch|p1a: Alomomola|Alomomola, M|100/100
|switch|p2a: Weavile|Weavile, M|100/100
|-ability|p2a: Weavile|Pressure
|turn|1
|
|t:|1758949303
|switch|p2a: Ogerpon|Ogerpon-Wellspring, F|100/100
|move|p1a: Alomomola|Body Slam|p2a: Ogerpon
|-damage|p2a: Ogerpon|81/100
|-status|p2a: Ogerpon|par
|
|upkeep
|turn|2
|
|t:|1758949319
|switch|p1a: Moltres|Moltres|100/100
|move|p2a: Ogerpon|Knock Off|p1a: Moltres
|-damage|p1a: Moltres|68/100
|-enditem|p1a: Moltres|Heavy-Duty Boots|[from] move: Knock Off|[of] p2a: Ogerpon
|
|upkeep
|turn|3
|
|t:|1758949329
|switch|p1a: Dragalge|Dragalge, F|100/100
|move|p2a: Ogerpon|Ivy Cudgel|p1a: Dragalge|[anim] Ivy Cudgel Water
|-resisted|p1a: Dragalge
|-damage|p1a: Dragalge|72/100
|
|upkeep
|turn|4
|
|t:|1758949346
|move|p2a: Ogerpon|Knock Off|p1a: Dragalge
|-damage|p1a: Dragalge|31/100
|-enditem|p1a: Dragalge|Choice Specs|[from] move: Knock Off|[of] p2a: Ogerpon
|move|p1a: Dragalge|Toxic Spikes|p2a: Ogerpon
|-sidestart|p2: mechabicho_14|move: Toxic Spikes
|
|upkeep
|turn|5
|
|t:|1758949364
|move|p2a: Ogerpon|Knock Off|p1a: Dragalge
|-damage|p1a: Dragalge|2/100
|move|p1a: Dragalge|Draco Meteor|p2a: Ogerpon
|-damage|p2a: Ogerpon|0 fnt
|-unboost|p1a: Dragalge|spa|2
|faint|p2a: Ogerpon
|
|upkeep
|
|t:|1758949374
|switch|p2a: Gholdengo|Gholdengo|100/100
|turn|6
|
|t:|1758949385
|move|p2a: Gholdengo|Shadow Ball|p1a: Dragalge
|-damage|p1a: Dragalge|0 fnt
|faint|p1a: Dragalge
|
|upkeep
|inactive|Battle timer is ON: inactive players will automatically lose when time's up. (requested by mechabicho_14)
|
|t:|1758949413
|switch|p1a: Lokix|Lokix, F|100/100
|turn|7
|
|t:|1758949420
|switch|p2a: Great Tusk|Great Tusk|100/100
|-status|p2a: Great Tusk|psn
|move|p1a: Lokix|Knock Off|p2a: Great Tusk
|-resisted|p2a: Great Tusk
|-damage|p2a: Great Tusk|69/100 psn
|-damage|p1a: Lokix|84/100|[from] item: Rocky Helmet|[of] p2a: Great Tusk
|-enditem|p2a: Great Tusk|Rocky Helmet|[from] move: Knock Off|[of] p1a: Lokix
|
|-damage|p2a: Great Tusk|57/100 psn|[from] psn
|upkeep
|turn|8
|
|t:|1758949447
|switch|p1a: Gholdengo|Gholdengo|100/100
|move|p2a: Great Tusk|Ice Spinner|p1a: Gholdengo
|-resisted|p1a: Gholdengo
|-damage|p1a: Gholdengo|86/100
|
|-damage|p2a: Great Tusk|45/100 psn|[from] psn
|upkeep
|turn|9
|
|t:|1758949456
|-end|p2a: Great Tusk|Protosynthesis|[silent]
|switch|p2a: Moltres|Moltres|100/100
|move|p1a: Gholdengo|Make It Rain|p2a: Moltres
|-resisted|p2a: Moltres
|-damage|p2a: Moltres|75/100
|-unboost|p1a: Gholdengo|spa|1
|
|upkeep
|turn|10
|
|t:|1758949465
|switch|p1a: Alomomola|Alomomola, M|100/100
|move|p2a: Moltres|U-turn|p1a: Alomomola
|-damage|p1a: Alomomola|90/100
|
|t:|1758949472
|switch|p2a: Gholdengo|Gholdengo|100/100|[from] U-turn
|
|upkeep
|turn|11
|inactive|Sirpumpkinalot has 120 seconds left.
|
|t:|1758949510
|switch|p1a: Great Tusk|Great Tusk|100/100
|move|p2a: Gholdengo|Nasty Plot|p2a: Gholdengo
|-boost|p2a: Gholdengo|spa|2
|
|upkeep
|turn|12
|inactive|Sirpumpkinalot has 120 seconds left.
|
|t:|1758949522
|-terastallize|p2a: Gholdengo|Flying
|move|p1a: Great Tusk|Headlong Rush|p2a: Gholdengo
|-immune|p2a: Gholdengo
|move|p2a: Gholdengo|Shadow Ball|p1a: Great Tusk
|-damage|p1a: Great Tusk|0 fnt
|faint|p1a: Great Tusk
|-end|p1a: Great Tusk|Protosynthesis|[silent]
|
|upkeep
|
|t:|1758949537
|switch|p1a: Alomomola|Alomomola, M|100/100
|turn|13
|
|t:|1758949547
|move|p2a: Gholdengo|Shadow Ball|p1a: Alomomola
|-damage|p1a: Alomomola|62/100
|-unboost|p1a: Alomomola|spd|1
|move|p1a: Alomomola|Mirror Coat|p2a: Gholdengo
|-damage|p2a: Gholdengo|0 fnt
|faint|p2a: Gholdengo
|
|upkeep
|
|t:|1758949561
|switch|p2a: Great Tusk|Great Tusk|45/100 psn
|turn|14
|
|t:|1758949580
|move|p2a: Great Tusk|Rapid Spin|p1a: Alomomola
|-damage|p1a: Alomomola|53/100
|-boost|p2a: Great Tusk|spe|1
|-sideend|p2: mechabicho_14|Toxic Spikes|[from] move: Rapid Spin|[of] p2a: Great Tusk
|move|p1a: Alomomola|Flip Turn|p2a: Great Tusk
|-supereffective|p2a: Great Tusk
|-damage|p2a: Great Tusk|30/100 psn
|inactive|Sirpumpkinalot has 90 seconds left.
|
|t:|1758949603
|switch|p1a: Gholdengo|Gholdengo|86/100|[from] Flip Turn
|
|-damage|p2a: Great Tusk|18/100 psn|[from] psn
|upkeep
|turn|15
|
|t:|1758949610
|move|p1a: Gholdengo|Shadow Ball|p2a: Great Tusk
|-damage|p2a: Great Tusk|0 fnt
|faint|p2a: Great Tusk
|-end|p2a: Great Tusk|Protosynthesis|[silent]
|
|upkeep
|
|t:|1758949617
|switch|p2a: Moltres|Moltres|75/100
|turn|16
|
|t:|1758949626
|switch|p1a: Alomomola|Alomomola, M|86/100
|move|p2a: Moltres|Flamethrower|p1a: Alomomola
|-resisted|p1a: Alomomola
|-damage|p1a: Alomomola|76/100
|
|upkeep
|turn|17
|
|t:|1758949652
|move|p2a: Moltres|U-turn|p1a: Alomomola
|-damage|p1a: Alomomola|66/100
|
|t:|1758949659
|switch|p2a: Raging Bolt|Raging Bolt|100/100|[from] U-turn
|move|p1a: Alomomola|Scald|p2a: Raging Bolt
|-resisted|p2a: Raging Bolt
|-damage|p2a: Raging Bolt|94/100
|
|upkeep
|turn|18
|inactive|Sirpumpkinalot has 90 seconds left.
|
|t:|1758949691
|switch|p1a: Gholdengo|Gholdengo|86/100
|move|p2a: Raging Bolt|Discharge|p1a: Gholdengo
|-crit|p1a: Gholdengo
|-damage|p1a: Gholdengo|0 fnt
|faint|p1a: Gholdengo
|
|upkeep
|
|t:|1758949710
|switch|p1a: Alomomola|Alomomola, M|99/100
|turn|19
|
|t:|1758949716
|-end|p2a: Raging Bolt|Protosynthesis|[silent]
|switch|p2a: Weavile|Weavile, M|100/100
|-ability|p2a: Weavile|Pressure
|move|p1a: Alomomola|Mirror Coat||[still]
|-fail|p1a: Alomomola
|
|upkeep
|turn|20
|
|t:|1758949723
|switch|p1a: Moltres|Moltres|68/100
|move|p2a: Weavile|Knock Off|p1a: Moltres
|-damage|p1a: Moltres|18/100
|
|upkeep
|turn|21
|
|t:|1758949736
|move|p2a: Weavile|Knock Off|p1a: Moltres
|-crit|p1a: Moltres
|-damage|p1a: Moltres|0 fnt
|-status|p2a: Weavile|brn|[from] ability: Flame Body|[of] p1a: Moltres
|faint|p1a: Moltres
|
|-damage|p2a: Weavile|94/100 brn|[from] brn
|upkeep
|
|t:|1758949751
|switch|p1a: Lokix|Lokix, F|84/100
|turn|22
|
|t:|1758949762
|switch|p2a: Moltres|Moltres|75/100
|switch|p1a: Alomomola|Alomomola, M|100/100
|
|upkeep
|turn|23
|
|t:|1758949782
|move|p2a: Moltres|U-turn|p1a: Alomomola
|-damage|p1a: Alomomola|91/100
|
|t:|1758949797
|switch|p2a: Weavile|Weavile, M|94/100 brn|[from] U-turn
|-ability|p2a: Weavile|Pressure
|move|p1a: Alomomola|Flip Turn|p2a: Weavile
|-damage|p2a: Weavile|65/100 brn
|
|t:|1758949804
|switch|p1a: Lokix|Lokix, F|84/100|[from] Flip Turn
|
|-damage|p2a: Weavile|59/100 brn|[from] brn
|upkeep
|turn|24
|
|t:|1758949814
|switch|p2a: Moltres|Moltres|75/100
|switch|p1a: Alomomola|Alomomola, M|100/100
|
|upkeep
|turn|25
|
|t:|1758949824
|switch|p2a: Weavile|Weavile, M|59/100 brn
|-ability|p2a: Weavile|Pressure
|move|p1a: Alomomola|Scald|p2a: Weavile
|-damage|p2a: Weavile|40/100 brn
|
|-damage|p2a: Weavile|33/100 brn|[from] brn
|upkeep
|turn|26
|inactive|Sirpumpkinalot has 60 seconds left.
|
|t:|1758949850
|switch|p1a: Lokix|Lokix, F|84/100
|move|p2a: Weavile|Knock Off|p1a: Lokix
|-resisted|p1a: Lokix
|-damage|p1a: Lokix|56/100
|-enditem|p1a: Lokix|Choice Band|[from] move: Knock Off|[of] p2a: Weavile
|
|-damage|p2a: Weavile|27/100 brn|[from] brn
|upkeep
|turn|27
|inactive|Sirpumpkinalot has 60 seconds left.
|
|t:|1758949880
|switch|p2a: Moltres|Moltres|75/100
|move|p1a: Lokix|Knock Off|p2a: Moltres
|-damage|p2a: Moltres|28/100
|-enditem|p2a: Moltres|Heavy-Duty Boots|[from] move: Knock Off|[of] p1a: Lokix
|
|upkeep
|turn|28
|
|t:|1758949895
|move|p1a: Lokix|Knock Off|p2a: Moltres
|-crit|p2a: Moltres
|-damage|p2a: Moltres|0 fnt
|faint|p2a: Moltres
|
|upkeep
|
|t:|1758949905
|switch|p2a: Raging Bolt|Raging Bolt|94/100
|turn|29
|
|t:|1758949916
|move|p2a: Raging Bolt|Thunderclap|p1a: Lokix
|-damage|p1a: Lokix|0 fnt
|faint|p1a: Lokix
|
|upkeep
|
|t:|1758949919
|switch|p1a: Alomomola|Alomomola, M|100/100
|turn|30
|inactive|Sirpumpkinalot has 30 seconds left.
|
|t:|1758949951
|-end|p2a: Raging Bolt|Protosynthesis|[silent]
|switch|p2a: Weavile|Weavile, M|27/100 brn
|-ability|p2a: Weavile|Pressure
|-terastallize|p1a: Alomomola|Normal
|move|p1a: Alomomola|Scald|p2a: Weavile
|-damage|p2a: Weavile|9/100 brn
|
|-damage|p2a: Weavile|3/100 brn|[from] brn
|upkeep
|turn|31
|inactive|Sirpumpkinalot has 30 seconds left.
|
|t:|1758949965
|move|p2a: Weavile|Knock Off|p1a: Alomomola
|-damage|p1a: Alomomola|78/100
|-enditem|p1a: Alomomola|Assault Vest|[from] move: Knock Off|[of] p2a: Weavile
|move|p1a: Alomomola|Flip Turn|p2a: Weavile
|-damage|p2a: Weavile|0 fnt
|faint|p2a: Weavile
|
|upkeep
|
|t:|1758949973
|switch|p2a: Raging Bolt|Raging Bolt|94/100
|turn|32
|
|t:|1758949981
|move|p2a: Raging Bolt|Draco Meteor|p1a: Alomomola
|-damage|p1a: Alomomola|0 fnt
|-unboost|p2a: Raging Bolt|spa|2
|faint|p1a: Alomomola
|
|win|mechabicho_14
|raw|Sirpumpkinalot's rating: 1417 &rarr; <strong>1399</strong><br />(-18 for losing)
|raw|mechabicho_14's rating: 1460 &rarr; <strong>1478</strong><br />(+18 for winning)
|l|☆mechabicho_14
|player|p2|
|l|☆Sirpumpkinalot
|player|p1|
