|j|☆breadnoob
|j|☆Ramoneblue2015
|t:|1759020657
|gametype|singles
|player|p1|breadnoob|265|1000
|player|p2|Ramoneblue2015|clair|1045
|gen|9
|tier|[Gen 9] OU
|rated|
|rule|HP Percentage Mod: HP is shown in percentages
|rule|Endless Battle Clause: Forcing endless battles is banned
|rule|Species Clause: Limit one of each Pokémon
|rule|OHKO Clause: OHKO moves are banned
|rule|Evasion Items Clause: Evasion items are banned
|rule|Evasion Moves Clause: Evasion moves are banned
|rule|Evasion Abilities Clause: Evasion abilities are banned
|rule|Sleep Moves Clause: Sleep-inducing moves are banned
|clearpoke
|poke|p1|Venusaur, F|
|poke|p1|Torkoal, F|
|poke|p1|Camerupt, F|
|poke|p1|Exeggutor-Alola, F|
|poke|p1|Zapdos|
|poke|p1|Araquanid, F|
|poke|p2|Dragonite, M|
|poke|p2|Blaziken, F|
|poke|p2|Iron Valiant|
|poke|p2|Gholdengo|
|poke|p2|Primarina, F|
|poke|p2|Great Tusk|
|teampreview
|inactive|Battle timer is ON: inactive players will automatically lose when time's up. (requested by breadnoob)
|
|t:|1759020669
|teamsize|p1|6
|teamsize|p2|6
|start
|switch|p1a: Torkoal|Torkoal, F|100/100
|switch|p2a: Great Tusk|Great Tusk|100/100
|-weather|SunnyDay|[from] ability: Drought|[of] p1a: Torkoal
|-activate|p2a: Great Tusk|ability: Protosynthesis
|-start|p2a: Great Tusk|protosynthesisatk
|turn|1
|
|t:|1759020683
|move|p2a: Great Tusk|Headlong Rush|p1a: Torkoal
|-supereffective|p1a: Torkoal
|-damage|p1a: Torkoal|0 fnt
|-unboost|p2a: Great Tusk|def|1
|-unboost|p2a: Great Tusk|spd|1
|faint|p1a: Torkoal
|
|-weather|SunnyDay|[upkeep]
|upkeep
|
|t:|1759020692
|switch|p1a: Venusaur|Venusaur, F|100/100
|turn|2
|
|t:|1759020697
|move|p1a: Venusaur|Swords Dance|p1a: Venusaur
|-boost|p1a: Venusaur|atk|2
|move|p2a: Great Tusk|Ice Spinner|p1a: Venusaur
|-supereffective|p1a: Venusaur
|-damage|p1a: Venusaur|27/100
|
|-weather|SunnyDay|[upkeep]
|upkeep
|turn|3
|
|t:|1759020707
|move|p1a: Venusaur|Power Whip|p2a: Great Tusk
|-supereffective|p2a: Great Tusk
|-damage|p2a: Great Tusk|0 fnt
|faint|p2a: Great Tusk
|-end|p2a: Great Tusk|Protosynthesis|[silent]
|-damage|p1a: Venusaur|17/100|[from] item: Life Orb
|
|-weather|SunnyDay|[upkeep]
|upkeep
|
|t:|1759020713
|switch|p2a: Blaziken|Blaziken, F|100/100
|turn|4
|
|t:|1759020719
|move|p1a: Venusaur|Earthquake|p2a: Blaziken
|-supereffective|p2a: Blaziken
|-damage|p2a: Blaziken|0 fnt
|faint|p2a: Blaziken
|-damage|p1a: Venusaur|7/100|[from] item: Life Orb
|
|-weather|SunnyDay|[upkeep]
|upkeep
|
|t:|1759020731
|switch|p2a: Iron Valiant|Iron Valiant, shiny|100/100
|-enditem|p2a: Iron Valiant|Booster Energy
|-activate|p2a: Iron Valiant|ability: Quark Drive|[fromitem]
|-start|p2a: Iron Valiant|quarkdrivespe
|turn|5
|
|t:|1759020738
|move|p2a: Iron Valiant|Close Combat|p1a: Venusaur
|-resisted|p1a: Venusaur
|-damage|p1a: Venusaur|0 fnt
|-unboost|p2a: Iron Valiant|def|1
|-unboost|p2a: Iron Valiant|spd|1
|faint|p1a: Venusaur
|
|-weather|SunnyDay|[upkeep]
|upkeep
|
|t:|1759020752
|switch|p1a: Araquanid|Araquanid, F|100/100
|turn|6
|
|t:|1759020760
|move|p2a: Iron Valiant|Moonblast|p1a: Araquanid
|-damage|p1a: Araquanid|73/100
|move|p1a: Araquanid|Sticky Web|p2a: Iron Valiant
|-sidestart|p2: Ramoneblue2015|move: Sticky Web
|
|-weather|SunnyDay|[upkeep]
|-heal|p1a: Araquanid|80/100|[from] item: Leftovers
|upkeep
|turn|7
|
|t:|1759020768
|move|p2a: Iron Valiant|Close Combat|p1a: Araquanid
|-resisted|p1a: Araquanid
|-damage|p1a: Araquanid|51/100
|-unboost|p2a: Iron Valiant|def|1
|-unboost|p2a: Iron Valiant|spd|1
|move|p1a: Araquanid|X-Scissor|p2a: Iron Valiant
|-resisted|p2a: Iron Valiant
|-damage|p2a: Iron Valiant|87/100
|
|-weather|SunnyDay|[upkeep]
|-heal|p1a: Araquanid|57/100|[from] item: Leftovers
|upkeep
|turn|8
|
|t:|1759020781
|-end|p2a: Iron Valiant|Quark Drive|[silent]
|switch|p2a: Gholdengo|Gholdengo|100/100
|-activate|p2a: Gholdengo|move: Sticky Web
|-unboost|p2a: Gholdengo|spe|1
|move|p1a: Araquanid|Liquidation|p2a: Gholdengo
|-damage|p2a: Gholdengo|75/100
|
|-weather|none
|-heal|p1a: Araquanid|63/100|[from] item: Leftovers
|upkeep
|turn|9
|
|t:|1759020793
|move|p2a: Gholdengo|Thunderbolt|p1a: Araquanid
|-supereffective|p1a: Araquanid
|-damage|p1a: Araquanid|10/100
|move|p1a: Araquanid|Liquidation|p2a: Gholdengo
|-damage|p2a: Gholdengo|30/100
|
|-heal|p1a: Araquanid|16/100|[from] item: Leftovers
|upkeep
|turn|10
|
|t:|1759020802
|switch|p1a: Zapdos|Zapdos|100/100
|move|p2a: Gholdengo|Thunderbolt|p1a: Zapdos
|-damage|p1a: Zapdos|71/100
|
|-heal|p1a: Zapdos|78/100|[from] item: Leftovers
|upkeep
|turn|11
|
|t:|1759020816
|move|p1a: Zapdos|Thunder Wave|p2a: Gholdengo
|-immune|p2a: Gholdengo|[from] ability: Good as Gold
|move|p2a: Gholdengo|Recover|p2a: Gholdengo
|-heal|p2a: Gholdengo|80/100
|
|-heal|p1a: Zapdos|84/100|[from] item: Leftovers
|upkeep
|turn|12
|
|t:|1759020833
|switch|p1a: Exeggutor|Exeggutor-Alola, F|100/100
|move|p2a: Gholdengo|Make It Rain|p1a: Exeggutor
|-damage|p1a: Exeggutor|21/100
|-unboost|p2a: Gholdengo|spa|1
|-enditem|p1a: Exeggutor|Petaya Berry|[eat]
|-boost|p1a: Exeggutor|spa|1|[from] item: Petaya Berry
|
|-item|p1a: Exeggutor|Petaya Berry|[from] ability: Harvest
|upkeep
|-enditem|p1a: Exeggutor|Petaya Berry|[eat]
|-boost|p1a: Exeggutor|spa|1|[from] item: Petaya Berry
|turn|13
|inactive|breadnoob has 120 seconds left.
|
|t:|1759020864
|switch|p1a: Araquanid|Araquanid, F|16/100
|move|p2a: Gholdengo|Make It Rain|p1a: Araquanid
|-resisted|p1a: Araquanid
|-damage|p1a: Araquanid|0 fnt
|-unboost|p2a: Gholdengo|spa|1
|faint|p1a: Araquanid
|
|upkeep
|
|t:|1759020872
|switch|p1a: Zapdos|Zapdos|84/100
|turn|14
|inactive|breadnoob has 120 seconds left.
|
|t:|1759020879
|move|p1a: Zapdos|Tailwind|p1a: Zapdos
|-sidestart|p1: breadnoob|move: Tailwind
|move|p2a: Gholdengo|Nasty Plot|p2a: Gholdengo
|-boost|p2a: Gholdengo|spa|2
|
|-heal|p1a: Zapdos|90/100|[from] item: Leftovers
|upkeep
|turn|15
|
|t:|1759020889
|move|p1a: Zapdos|Thunder|p2a: Gholdengo
|-damage|p2a: Gholdengo|26/100
|move|p2a: Gholdengo|Make It Rain|p1a: Zapdos
|-resisted|p1a: Zapdos
|-damage|p1a: Zapdos|55/100
|-unboost|p2a: Gholdengo|spa|1
|
|-heal|p1a: Zapdos|61/100|[from] item: Leftovers
|upkeep
|turn|16
|
|t:|1759020899
|move|p1a: Zapdos|Thunder|p2a: Gholdengo
|-damage|p2a: Gholdengo|0 fnt
|faint|p2a: Gholdengo
|
|-heal|p1a: Zapdos|67/100|[from] item: Leftovers
|upkeep
|
|t:|1759020907
|switch|p2a: Iron Valiant|Iron Valiant, shiny|87/100
|-activate|p2a: Iron Valiant|move: Sticky Web
|-unboost|p2a: Iron Valiant|spe|1
|turn|17
|
|t:|1759020913
|move|p1a: Zapdos|Thunder Wave|p2a: Iron Valiant
|-status|p2a: Iron Valiant|par
|move|p2a: Iron Valiant|Knock Off|p1a: Zapdos
|-damage|p1a: Zapdos|40/100
|-enditem|p1a: Zapdos|Leftovers|[from] move: Knock Off|[of] p2a: Iron Valiant
|
|-sideend|p1: breadnoob|move: Tailwind
|upkeep
|turn|18
|
|t:|1759020921
|move|p1a: Zapdos|Tailwind|p1a: Zapdos
|-sidestart|p1: breadnoob|move: Tailwind
|cant|p2a: Iron Valiant|par
|
|upkeep
|turn|19
|
|t:|1759020926
|move|p1a: Zapdos|Roost|p1a: Zapdos
|-heal|p1a: Zapdos|90/100
|-singleturn|p1a: Zapdos|move: Roost
|cant|p2a: Iron Valiant|par
|
|upkeep
|turn|20
|
|t:|1759020936
|switch|p1a: Camerupt|Camerupt, F|100/100
|move|p2a: Iron Valiant|Moonblast|p1a: Camerupt
|-resisted|p1a: Camerupt
|-damage|p1a: Camerupt|78/100
|-unboost|p1a: Camerupt|spa|1
|
|upkeep
|turn|21
|
|t:|1759020944
|move|p1a: Camerupt|Sunny Day|p1a: Camerupt
|-weather|SunnyDay
|move|p2a: Iron Valiant|Close Combat|p1a: Camerupt
|-damage|p1a: Camerupt|20/100
|-unboost|p2a: Iron Valiant|def|1
|-unboost|p2a: Iron Valiant|spd|1
|
|-weather|SunnyDay|[upkeep]
|-sideend|p1: breadnoob|move: Tailwind
|upkeep
|turn|22
|
|t:|1759020973
|switch|p1a: Exeggutor|Exeggutor-Alola, F|21/100
|move|p2a: Iron Valiant|Close Combat|p1a: Exeggutor
|-damage|p1a: Exeggutor|0 fnt
|-unboost|p2a: Iron Valiant|def|1
|-unboost|p2a: Iron Valiant|spd|1
|faint|p1a: Exeggutor
|
|-weather|SunnyDay|[upkeep]
|upkeep
|inactive|breadnoob has 120 seconds left.
|
|t:|1759020988
|switch|p1a: Camerupt|Camerupt, F|20/100
|turn|23
|
|t:|1759020993
|move|p2a: Iron Valiant|Close Combat|p1a: Camerupt
|-damage|p1a: Camerupt|0 fnt
|-unboost|p2a: Iron Valiant|def|1
|-unboost|p2a: Iron Valiant|spd|1
|faint|p1a: Camerupt
|
|-weather|SunnyDay|[upkeep]
|upkeep
|
|t:|1759021000
|switch|p1a: Zapdos|Zapdos|90/100
|turn|24
|inactive|breadnoob has 120 seconds left.
|
|t:|1759021019
|-terastallize|p1a: Zapdos|Electric
|move|p1a: Zapdos|Thunder|p2a: Iron Valiant
|-damage|p2a: Iron Valiant|0 fnt
|faint|p2a: Iron Valiant
|-end|p2a: Iron Valiant|Quark Drive|[silent]
|
|-weather|SunnyDay|[upkeep]
|upkeep
|
|t:|1759021027
|switch|p2a: Dragonite|Dragonite, M|100/100
|turn|25
|
|t:|1759021032
|-terastallize|p2a: Dragonite|Fairy
|move|p2a: Dragonite|Dragon Dance|p2a: Dragonite
|-boost|p2a: Dragonite|atk|1
|-boost|p2a: Dragonite|spe|1
|move|p1a: Zapdos|Thunder|p2a: Dragonite
|-damage|p2a: Dragonite|67/100
|-status|p2a: Dragonite|par
|
|-weather|SunnyDay|[upkeep]
|upkeep
|turn|26
|
|t:|1759021042
|move|p1a: Zapdos|Tailwind|p1a: Zapdos
|-sidestart|p1: breadnoob|move: Tailwind
|move|p2a: Dragonite|Tera Blast|p1a: Zapdos|[anim] Tera Blast Fairy
|-damage|p1a: Zapdos|33/100
|
|-weather|SunnyDay|[upkeep]
|upkeep
|turn|27
|
|t:|1759021048
|move|p1a: Zapdos|Roost|p1a: Zapdos
|-heal|p1a: Zapdos|83/100
|move|p2a: Dragonite|Tera Blast|p1a: Zapdos|[anim] Tera Blast Fairy
|-damage|p1a: Zapdos|33/100
|
|-weather|SunnyDay|[upkeep]
|upkeep
|turn|28
|
|t:|1759021055
|move|p1a: Zapdos|Roost|p1a: Zapdos
|-heal|p1a: Zapdos|83/100
|move|p2a: Dragonite|Tera Blast|p1a: Zapdos|[anim] Tera Blast Fairy
|-damage|p1a: Zapdos|29/100
|
|-weather|none
|upkeep
|turn|29
|
|t:|1759021062
|move|p1a: Zapdos|Roost|p1a: Zapdos
|-heal|p1a: Zapdos|79/100
|move|p2a: Dragonite|Tera Blast|p1a: Zapdos|[anim] Tera Blast Fairy
|-damage|p1a: Zapdos|31/100
|
|-sideend|p1: breadnoob|move: Tailwind
|upkeep
|turn|30
|
|t:|1759021069
|move|p1a: Zapdos|Roost|p1a: Zapdos
|-heal|p1a: Zapdos|81/100
|move|p2a: Dragonite|Tera Blast|p1a: Zapdos|[anim] Tera Blast Fairy
|-damage|p1a: Zapdos|28/100
|
|upkeep
|turn|31
|
|t:|1759021075
|move|p1a: Zapdos|Roost|p1a: Zapdos
|-heal|p1a: Zapdos|78/100
|move|p2a: Dragonite|Tera Blast|p1a: Zapdos|[anim] Tera Blast Fairy
|-damage|p1a: Zapdos|27/100
|
|upkeep
|turn|32
|c|☆breadnoob|wtf
|
|t:|1759021093
|move|p1a: Zapdos|Roost|p1a: Zapdos
|-heal|p1a: Zapdos|77/100
|cant|p2a: Dragonite|par
|
|upkeep
|turn|33
|
|t:|1759021100
|move|p1a: Zapdos|Thunder|p2a: Dragonite|[miss]
|-miss|p1a: Zapdos|p2a: Dragonite
|move|p2a: Dragonite|Earthquake|p1a: Zapdos
|-supereffective|p1a: Zapdos
|-damage|p1a: Zapdos|0 fnt
|faint|p1a: Zapdos
|
|win|Ramoneblue2015
|raw|breadnoob's rating: 1000 &rarr; <strong>1000</strong><br />(+0 for losing)
|raw|Ramoneblue2015's rating: 1045 &rarr; <strong>1074</strong><br />(+29 for winning)
|l|☆breadnoob
|player|p1|
