|j|☆Lupinteh3
|j|☆CatIsGoodBTW
|t:|1758972291
|gametype|singles
|player|p1|Lupinteh3|ethan|1080
|player|p2|CatIsGoodBTW|hiker-gen4|1116
|gen|9
|tier|[Gen 9] OU
|rated|
|rule|HP Percentage Mod: HP is shown in percentages
|rule|Endless Battle Clause: Forcing endless battles is banned
|rule|Species Clause: Limit one of each Pokémon
|rule|OHKO Clause: OHKO moves are banned
|rule|Evasion Items Clause: Evasion items are banned
|rule|Evasion Moves Clause: Evasion moves are banned
|rule|Evasion Abilities Clause: Evasion abilities are banned
|rule|Sleep Moves Clause: Sleep-inducing moves are banned
|clearpoke
|poke|p1|Venomoth, M|
|poke|p1|Kleavor, F|
|poke|p1|Heracross, F|
|poke|p1|Yanmega, F|
|poke|p1|Slither Wing|
|poke|p1|Lokix, M|
|poke|p2|Clefable, F|
|poke|p2|Blissey, F|
|poke|p2|Gliscor, M|
|poke|p2|Slowking-Galar, F|
|poke|p2|Skeledirge, F|
|poke|p2|Clodsire, M|
|teampreview
|c|☆CatIsGoodBTW|hi
|c|☆CatIsGoodBTW|nice bugs
|
|t:|1758972321
|teamsize|p1|6
|teamsize|p2|6
|start
|switch|p1a: Kleavor|Kleavor, F|100/100
|switch|p2a: Gliscor|Gliscor, M|100/100
|turn|1
|
|t:|1758972331
|move|p1a: Kleavor|Stone Axe|p2a: Gliscor
|-damage|p2a: Gliscor|61/100
|-sidestart|p2: CatIsGoodBTW|move: Stealth Rock
|move|p2a: Gliscor|Spikes|p1a: Kleavor
|-sidestart|p1: Lupinteh3|Spikes
|
|-status|p2a: Gliscor|tox|[from] item: Toxic Orb
|upkeep
|turn|2
|
|t:|1758972342
|move|p1a: Kleavor|Stone Axe|p2a: Gliscor
|-damage|p2a: Gliscor|10/100 tox
|move|p2a: Gliscor|Toxic|p1a: Kleavor
|-status|p1a: Kleavor|tox
|
|-damage|p1a: Kleavor|94/100 tox|[from] psn
|-heal|p2a: Gliscor|22/100 tox|[from] ability: Poison Heal
|upkeep
|turn|3
|
|t:|1758972352
|move|p2a: Gliscor|Protect|p2a: Gliscor
|-singleturn|p2a: Gliscor|Protect
|move|p1a: Kleavor|Stone Axe|p2a: Gliscor
|-activate|p2a: Gliscor|move: Protect
|
|-damage|p1a: Kleavor|82/100 tox|[from] psn
|-heal|p2a: Gliscor|35/100 tox|[from] ability: Poison Heal
|upkeep
|turn|4
|
|t:|1758972371
|switch|p2a: Clodsire|Clodsire, M|100/100
|-damage|p2a: Clodsire|94/100|[from] Stealth Rock
|move|p1a: Kleavor|Stone Axe|p2a: Clodsire|[miss]
|-miss|p1a: Kleavor|p2a: Clodsire
|
|-heal|p2a: Clodsire|100/100|[from] item: Leftovers
|-damage|p1a: Kleavor|64/100 tox|[from] psn
|upkeep
|turn|5
|
|t:|1758972397
|switch|p1a: Venomoth|Venomoth, M|100/100
|-damage|p1a: Venomoth|88/100|[from] Spikes
|move|p2a: Clodsire|Spikes|p1a: Venomoth
|-sidestart|p1: Lupinteh3|Spikes
|
|-heal|p1a: Venomoth|94/100|[from] item: Leftovers
|upkeep
|turn|6
|
|t:|1758972410
|switch|p2a: Skeledirge|Skeledirge, F|100/100
|move|p1a: Venomoth|Psychic|p2a: Skeledirge
|-damage|p2a: Skeledirge|76/100
|
|-heal|p1a: Venomoth|99/100|[from] item: Leftovers
|upkeep
|turn|7
|
|t:|1758972429
|switch|p1a: Kleavor|Kleavor, F|64/100 tox
|-damage|p1a: Kleavor|48/100 tox|[from] Spikes
|move|p2a: Skeledirge|Torch Song|p1a: Kleavor
|-damage|p1a: Kleavor|0 fnt
|-boost|p2a: Skeledirge|spa|1
|faint|p1a: Kleavor
|
|upkeep
|
|t:|1758972440
|switch|p1a: Venomoth|Venomoth, M|99/100
|-damage|p1a: Venomoth|84/100|[from] Spikes
|turn|8
|
|t:|1758972449
|move|p1a: Venomoth|Sludge Wave|p2a: Skeledirge
|-resisted|p2a: Skeledirge
|-damage|p2a: Skeledirge|42/100
|move|p2a: Skeledirge|Torch Song|p1a: Venomoth
|-supereffective|p1a: Venomoth
|-damage|p1a: Venomoth|0 fnt
|-boost|p2a: Skeledirge|spa|1
|faint|p1a: Venomoth
|
|upkeep
|
|t:|1758972461
|switch|p1a: Heracross|Heracross, F|100/100
|-damage|p1a: Heracross|84/100|[from] Spikes
|turn|9
|
|t:|1758972470
|-terastallize|p1a: Heracross|Normal
|move|p1a: Heracross|Stone Edge|p2a: Skeledirge|[miss]
|-miss|p1a: Heracross|p2a: Skeledirge
|move|p2a: Skeledirge|Slack Off|p2a: Skeledirge
|-heal|p2a: Skeledirge|92/100
|
|-status|p1a: Heracross|brn|[from] item: Flame Orb
|upkeep
|turn|10
|
|t:|1758972487
|move|p1a: Heracross|Stone Edge|p2a: Skeledirge
|-supereffective|p2a: Skeledirge
|-damage|p2a: Skeledirge|10/100
|move|p2a: Skeledirge|Torch Song|p1a: Heracross
|-damage|p1a: Heracross|8/100 brn
|-boost|p2a: Skeledirge|spa|1
|
|-damage|p1a: Heracross|2/100 brn|[from] brn
|upkeep
|turn|11
|
|t:|1758972500
|move|p1a: Heracross|Stone Edge|p2a: Skeledirge|[miss]
|-miss|p1a: Heracross|p2a: Skeledirge
|move|p2a: Skeledirge|Slack Off|p2a: Skeledirge
|-heal|p2a: Skeledirge|60/100
|
|-damage|p1a: Heracross|0 fnt|[from] brn
|faint|p1a: Heracross
|upkeep
|c|☆CatIsGoodBTW|uhhhh
|
|t:|1758972510
|switch|p1a: Volcarona at home|Slither Wing|100/100
|-damage|p1a: Volcarona at home|84/100|[from] Spikes
|-enditem|p1a: Volcarona at home|Booster Energy
|-activate|p1a: Volcarona at home|ability: Protosynthesis|[fromitem]
|-start|p1a: Volcarona at home|protosynthesisatk
|turn|12
|c|☆CatIsGoodBTW|gg?
|
|t:|1758972568
|move|p1a: Volcarona at home|First Impression|p2a: Skeledirge
|-resisted|p2a: Skeledirge
|-damage|p2a: Skeledirge|47/100
|move|p2a: Skeledirge|Will-O-Wisp|p1a: Volcarona at home
|-status|p1a: Volcarona at home|brn
|
|-damage|p1a: Volcarona at home|78/100 brn|[from] brn
|upkeep
|turn|13
|
|t:|1758972581
|-end|p1a: Volcarona at home|Protosynthesis|[silent]
|switch|p1a: Lokix|Lokix, M|100/100
|-damage|p1a: Lokix|84/100|[from] Spikes
|move|p2a: Skeledirge|Slack Off|p2a: Skeledirge
|-heal|p2a: Skeledirge|97/100
|
|upkeep
|turn|14
|
|t:|1758972596
|-terastallize|p2a: Skeledirge|Fairy
|move|p1a: Lokix|Knock Off|p2a: Skeledirge
|-resisted|p2a: Skeledirge
|-damage|p2a: Skeledirge|63/100
|-enditem|p2a: Skeledirge|Heavy-Duty Boots|[from] move: Knock Off|[of] p1a: Lokix
|move|p2a: Skeledirge|Torch Song|p1a: Lokix
|-supereffective|p1a: Lokix
|-damage|p1a: Lokix|0 fnt
|-boost|p2a: Skeledirge|spa|1
|faint|p1a: Lokix
|
|upkeep
|
|t:|1758972609
|switch|p1a: Volcarona at home|Slither Wing|78/100 brn
|-damage|p1a: Volcarona at home|62/100 brn|[from] Spikes
|turn|15
|
|t:|1758972614
|move|p1a: Volcarona at home|First Impression|p2a: Skeledirge
|-resisted|p2a: Skeledirge
|-damage|p2a: Skeledirge|54/100
|move|p2a: Skeledirge|Slack Off|p2a: Skeledirge
|-heal|p2a: Skeledirge|100/100
|
|-damage|p1a: Volcarona at home|55/100 brn|[from] brn
|upkeep
|turn|16
|inactive|Battle timer is ON: inactive players will automatically lose when time's up. (requested by CatIsGoodBTW)
|
|t:|1758972625
|move|p1a: Volcarona at home|Flame Charge|p2a: Skeledirge
|-crit|p2a: Skeledirge
|-damage|p2a: Skeledirge|89/100
|-boost|p1a: Volcarona at home|spe|1
|move|p2a: Skeledirge|Torch Song|p1a: Volcarona at home
|-supereffective|p1a: Volcarona at home
|-damage|p1a: Volcarona at home|0 fnt
|-boost|p2a: Skeledirge|spa|1
|faint|p1a: Volcarona at home
|-end|p1a: Volcarona at home|Protosynthesis|[silent]
|
|upkeep
|
|t:|1758972636
|switch|p1a: Yanmega|Yanmega, F|100/100
|turn|17
|
|t:|1758972641
|move|p1a: Yanmega|Protect|p1a: Yanmega
|-singleturn|p1a: Yanmega|Protect
|move|p2a: Skeledirge|Torch Song|p1a: Yanmega
|-activate|p1a: Yanmega|move: Protect
|
|-ability|p1a: Yanmega|Speed Boost|boost
|-boost|p1a: Yanmega|spe|1
|upkeep
|turn|18
|
|t:|1758972656
|move|p1a: Yanmega|Air Slash|p2a: Skeledirge
|-damage|p2a: Skeledirge|57/100
|move|p2a: Skeledirge|Torch Song|p1a: Yanmega
|-supereffective|p1a: Yanmega
|-damage|p1a: Yanmega|0 fnt
|-boost|p2a: Skeledirge|spa|1
|faint|p1a: Yanmega
|
|win|CatIsGoodBTW
|raw|Lupinteh3's rating: 1080 &rarr; <strong>1060</strong><br />(-20 for losing)
|raw|CatIsGoodBTW's rating: 1116 &rarr; <strong>1138</strong><br />(+22 for winning)
|c|☆CatIsGoodBTW|gg
|l|☆Lupinteh3
|player|p1|
|l|☆CatIsGoodBTW
|player|p2|
