|j|☆Tyrtle li
|j|☆master ball rus
|t:|1758945593
|gametype|singles
|player|p1|Tyrtle li|266|1623
|player|p2|master ball rus|swimmer-gen4|1606
|gen|9
|tier|[Gen 9] OU
|rated|
|rule|HP Percentage Mod: HP is shown in percentages
|rule|Endless Battle Clause: Forcing endless battles is banned
|rule|Species Clause: Limit one of each Pokémon
|rule|OHKO Clause: OHKO moves are banned
|rule|Evasion Items Clause: Evasion items are banned
|rule|Evasion Moves Clause: Evasion moves are banned
|rule|Evasion Abilities Clause: Evasion abilities are banned
|rule|Sleep Moves Clause: Sleep-inducing moves are banned
|clearpoke
|poke|p1|Landorus-Therian, M|
|poke|p1|Samurott-Hisui, F|
|poke|p1|Pecharunt|
|poke|p1|Scizor, M|
|poke|p1|Latios, M|
|poke|p1|Zamazenta-*|
|poke|p2|Gholdengo|
|poke|p2|Zamazenta-*|
|poke|p2|Ting-Lu|
|poke|p2|Clefable, F|
|poke|p2|Dragonite, M|
|poke|p2|Deoxys-Speed|
|teampreview
|inactive|Battle timer is ON: inactive players will automatically lose when time's up. (requested by Tyrtle li)
|inactive|Tyrtle li has 120 seconds left.
|
|t:|1758945657
|teamsize|p1|6
|teamsize|p2|6
|start
|switch|p1a: Scizor|Scizor, M|100/100
|switch|p2a: Ting-Lu|Ting-Lu|100/100
|-ability|p2a: Ting-Lu|Vessel of Ruin
|turn|1
|
|t:|1758945673
|switch|p2a: Clefable|Clefable, F|100/100
|move|p1a: Scizor|Knock Off|p2a: Clefable
|-resisted|p2a: Clefable
|-damage|p2a: Clefable|86/100
|-damage|p1a: Scizor|84/100|[from] item: Rocky Helmet|[of] p2a: Clefable
|-enditem|p2a: Clefable|Rocky Helmet|[from] move: Knock Off|[of] p1a: Scizor
|
|upkeep
|turn|2
|
|t:|1758945686
|switch|p1a: Pecharunt|Pecharunt|100/100
|move|p2a: Clefable|Stealth Rock|p1a: Pecharunt
|-sidestart|p1: Tyrtle li|move: Stealth Rock
|
|upkeep
|turn|3
|
|t:|1758945691
|move|p1a: Pecharunt|Parting Shot|p2a: Clefable
|-unboost|p2a: Clefable|atk|1
|-unboost|p2a: Clefable|spa|1
|
|t:|1758945696
|switch|p1a: Scizor|Scizor, M|84/100|[from] Parting Shot
|move|p2a: Clefable|Knock Off|p1a: Scizor
|-damage|p1a: Scizor|71/100
|-enditem|p1a: Scizor|Heavy-Duty Boots|[from] move: Knock Off|[of] p2a: Clefable
|
|upkeep
|turn|4
|
|t:|1758945705
|switch|p2a: Zamazenta|Zamazenta|100/100
|-ability|p2a: Zamazenta|Dauntless Shield|boost
|-boost|p2a: Zamazenta|def|1
|move|p1a: Scizor|Swords Dance|p1a: Scizor
|-boost|p1a: Scizor|atk|2
|
|upkeep
|turn|5
|
|t:|1758945714
|switch|p1a: Pecharunt|Pecharunt|100/100
|move|p2a: Zamazenta|Close Combat|p1a: Pecharunt
|-immune|p1a: Pecharunt
|
|upkeep
|turn|6
|
|t:|1758945722
|switch|p2a: Gholdengo|Gholdengo|100/100
|-item|p2a: Gholdengo|Air Balloon
|move|p1a: Pecharunt|Parting Shot|p2a: Gholdengo
|-immune|p2a: Gholdengo|[from] ability: Good as Gold
|
|upkeep
|turn|7
|
|t:|1758945727
|switch|p1a: Samurott|Samurott-Hisui, F|100/100
|-damage|p1a: Samurott|88/100|[from] Stealth Rock
|move|p2a: Gholdengo|Shadow Ball|p1a: Samurott
|-resisted|p1a: Samurott
|-damage|p1a: Samurott|73/100
|
|upkeep
|turn|8
|
|t:|1758945733
|switch|p2a: Zamazenta|Zamazenta|100/100
|move|p1a: Samurott|Ceaseless Edge|p2a: Zamazenta
|-resisted|p2a: Zamazenta
|-damage|p2a: Zamazenta|79/100
|-sidestart|p2: master ball rus|Spikes
|
|upkeep
|turn|9
|
|t:|1758945743
|move|p2a: Zamazenta|Crunch|p1a: Samurott
|-resisted|p1a: Samurott
|-damage|p1a: Samurott|58/100
|move|p1a: Samurott|Ceaseless Edge|p2a: Zamazenta|[miss]
|-miss|p1a: Samurott|p2a: Zamazenta
|
|upkeep
|turn|10
|
|t:|1758945750
|switch|p1a: Pecharunt|Pecharunt|100/100
|move|p2a: Zamazenta|Crunch|p1a: Pecharunt
|-supereffective|p1a: Pecharunt
|-damage|p1a: Pecharunt|67/100
|
|upkeep
|turn|11
|
|t:|1758945755
|move|p2a: Zamazenta|Crunch|p1a: Pecharunt
|-supereffective|p1a: Pecharunt
|-damage|p1a: Pecharunt|35/100
|move|p1a: Pecharunt|Recover|p1a: Pecharunt
|-heal|p1a: Pecharunt|85/100
|
|upkeep
|turn|12
|
|t:|1758945764
|switch|p2a: Gholdengo|Gholdengo|100/100
|-item|p2a: Gholdengo|Air Balloon
|move|p1a: Pecharunt|Shadow Ball|p2a: Gholdengo
|-supereffective|p2a: Gholdengo
|-damage|p2a: Gholdengo|59/100
|-enditem|p2a: Gholdengo|Air Balloon
|
|upkeep
|turn|13
|
|t:|1758945771
|switch|p1a: Samurott|Samurott-Hisui, F|58/100
|-damage|p1a: Samurott|46/100|[from] Stealth Rock
|move|p2a: Gholdengo|Nasty Plot|p2a: Gholdengo
|-boost|p2a: Gholdengo|spa|2
|
|upkeep
|turn|14
|
|t:|1758945778
|move|p1a: Samurott|Ceaseless Edge|p2a: Gholdengo
|-supereffective|p2a: Gholdengo
|-damage|p2a: Gholdengo|0 fnt
|-sidestart|p2: master ball rus|Spikes
|faint|p2a: Gholdengo
|
|upkeep
|
|t:|1758945781
|switch|p2a: Zamazenta|Zamazenta|79/100
|turn|15
|
|t:|1758945785
|switch|p1a: Landorus|Landorus-Therian, M|100/100
|-damage|p1a: Landorus|88/100|[from] Stealth Rock
|-ability|p1a: Landorus|Intimidate|boost
|-unboost|p2a: Zamazenta|atk|1
|move|p2a: Zamazenta|Crunch|p1a: Landorus
|-damage|p1a: Landorus|72/100
|-unboost|p1a: Landorus|def|1
|-damage|p2a: Zamazenta|63/100|[from] item: Rocky Helmet|[of] p1a: Landorus
|
|upkeep
|turn|16
|
|t:|1758945790
|switch|p1a: Pecharunt|Pecharunt|85/100
|move|p2a: Zamazenta|Ice Fang|p1a: Pecharunt
|-damage|p1a: Pecharunt|76/100
|
|upkeep
|turn|17
|
|t:|1758945794
|switch|p2a: Clefable|Clefable, F|86/100
|move|p1a: Pecharunt|Malignant Chain|p2a: Clefable
|-supereffective|p2a: Clefable
|-damage|p2a: Clefable|32/100
|-status|p2a: Clefable|tox
|-start|p2a: Clefable|confusion|[from] ability: Poison Puppeteer|[of] p1a: Pecharunt
|
|upkeep
|turn|18
|
|t:|1758945798
|move|p1a: Pecharunt|Malignant Chain|p2a: Clefable
|-supereffective|p2a: Clefable
|-damage|p2a: Clefable|0 fnt
|faint|p2a: Clefable
|
|upkeep
|
|t:|1758945803
|switch|p2a: Deoxys|Deoxys-Speed|100/100
|-ability|p2a: Deoxys|Pressure
|turn|19
|
|t:|1758945809
|switch|p1a: Samurott|Samurott-Hisui, F|46/100
|-damage|p1a: Samurott|33/100|[from] Stealth Rock
|move|p2a: Deoxys|Nasty Plot|p2a: Deoxys
|-boost|p2a: Deoxys|spa|2
|
|upkeep
|turn|20
|
|t:|1758945814
|move|p1a: Samurott|Aqua Jet|p2a: Deoxys
|-damage|p2a: Deoxys|69/100
|move|p2a: Deoxys|Thunderbolt|p1a: Samurott
|-supereffective|p1a: Samurott
|-damage|p1a: Samurott|0 fnt
|faint|p1a: Samurott
|
|upkeep
|
|t:|1758945826
|switch|p1a: Latios|Latios, M|100/100
|-damage|p1a: Latios|88/100|[from] Stealth Rock
|turn|21
|
|t:|1758945831
|switch|p2a: Ting-Lu|Ting-Lu|100/100
|-damage|p2a: Ting-Lu|84/100|[from] Spikes
|-ability|p2a: Ting-Lu|Vessel of Ruin
|move|p1a: Latios|Draco Meteor|p2a: Ting-Lu
|-damage|p2a: Ting-Lu|48/100
|-unboost|p1a: Latios|spa|2
|
|-heal|p2a: Ting-Lu|55/100|[from] item: Leftovers
|upkeep
|turn|22
|
|t:|1758945844
|move|p1a: Latios|Calm Mind|p1a: Latios
|-boost|p1a: Latios|spa|1
|-boost|p1a: Latios|spd|1
|move|p2a: Ting-Lu|Spikes|p1a: Latios
|-sidestart|p1: Tyrtle li|Spikes
|
|-heal|p2a: Ting-Lu|61/100|[from] item: Leftovers
|upkeep
|turn|23
|
|t:|1758945848
|move|p1a: Latios|Draco Meteor|p2a: Ting-Lu
|-damage|p2a: Ting-Lu|39/100
|-unboost|p1a: Latios|spa|2
|move|p2a: Ting-Lu|Whirlwind|p1a: Latios
|drag|p1a: Pecharunt|Pecharunt|76/100
|
|-heal|p2a: Ting-Lu|45/100|[from] item: Leftovers
|upkeep
|turn|24
|
|t:|1758945854
|move|p1a: Pecharunt|Malignant Chain|p2a: Ting-Lu
|-resisted|p2a: Ting-Lu
|-damage|p2a: Ting-Lu|38/100
|-status|p2a: Ting-Lu|tox
|-start|p2a: Ting-Lu|confusion|[from] ability: Poison Puppeteer|[of] p1a: Pecharunt
|-activate|p2a: Ting-Lu|confusion
|move|p2a: Ting-Lu|Ruination|p1a: Pecharunt
|-damage|p1a: Pecharunt|38/100
|
|-heal|p2a: Ting-Lu|44/100 tox|[from] item: Leftovers
|-damage|p2a: Ting-Lu|38/100 tox|[from] psn
|upkeep
|turn|25
|
|t:|1758945858
|move|p1a: Pecharunt|Recover|p1a: Pecharunt
|-heal|p1a: Pecharunt|89/100
|-activate|p2a: Ting-Lu|confusion
|move|p2a: Ting-Lu|Whirlwind|p1a: Pecharunt
|drag|p1a: Latios|Latios, M|88/100
|-damage|p1a: Latios|76/100|[from] Stealth Rock
|
|-heal|p2a: Ting-Lu|44/100 tox|[from] item: Leftovers
|-damage|p2a: Ting-Lu|32/100 tox|[from] psn
|upkeep
|turn|26
|
|t:|1758945862
|move|p1a: Latios|Draco Meteor|p2a: Ting-Lu
|-damage|p2a: Ting-Lu|0 fnt
|-unboost|p1a: Latios|spa|2
|faint|p2a: Ting-Lu
|
|upkeep
|
|t:|1758945868
|switch|p2a: Deoxys|Deoxys-Speed|69/100
|-ability|p2a: Deoxys|Pressure
|turn|27
|
|t:|1758945877
|move|p2a: Deoxys|Nasty Plot|p2a: Deoxys
|-boost|p2a: Deoxys|spa|2
|move|p1a: Latios|Draco Meteor|p2a: Deoxys
|-damage|p2a: Deoxys|8/100
|-unboost|p1a: Latios|spa|2
|
|upkeep
|turn|28
|
|t:|1758945882
|move|p2a: Deoxys|Ice Beam|p1a: Latios
|-supereffective|p1a: Latios
|-damage|p1a: Latios|0 fnt
|faint|p1a: Latios
|
|upkeep
|
|t:|1758945886
|switch|p1a: Scizor|Scizor, M|71/100
|-damage|p1a: Scizor|58/100|[from] Stealth Rock
|-damage|p1a: Scizor|46/100|[from] Spikes
|turn|29
|
|t:|1758945890
|switch|p2a: Dragonite|Dragonite, M|100/100
|move|p1a: Scizor|Bullet Punch|p2a: Dragonite
|-damage|p2a: Dragonite|86/100
|
|upkeep
|turn|30
|
|t:|1758945894
|switch|p1a: Pecharunt|Pecharunt|89/100
|move|p2a: Dragonite|Dragon Tail|p1a: Pecharunt
|-damage|p1a: Pecharunt|68/100
|drag|p1a: Zamazenta|Zamazenta|100/100
|-damage|p1a: Zamazenta|94/100|[from] Stealth Rock
|-damage|p1a: Zamazenta|82/100|[from] Spikes
|-ability|p1a: Zamazenta|Dauntless Shield|boost
|-boost|p1a: Zamazenta|def|1
|
|-heal|p1a: Zamazenta|88/100|[from] item: Leftovers
|upkeep
|turn|31
|
|t:|1758945902
|move|p1a: Zamazenta|Roar|p2a: Dragonite
|drag|p2a: Zamazenta|Zamazenta|63/100
|
|-heal|p1a: Zamazenta|94/100|[from] item: Leftovers
|upkeep
|turn|32
|
|t:|1758945906
|move|p1a: Zamazenta|Iron Defense|p1a: Zamazenta
|-boost|p1a: Zamazenta|def|2
|move|p2a: Zamazenta|Crunch|p1a: Zamazenta
|-resisted|p1a: Zamazenta
|-damage|p1a: Zamazenta|90/100
|-unboost|p1a: Zamazenta|def|1
|
|-heal|p1a: Zamazenta|96/100|[from] item: Leftovers
|upkeep
|turn|33
|
|t:|1758945909
|move|p1a: Zamazenta|Iron Defense|p1a: Zamazenta
|-boost|p1a: Zamazenta|def|2
|move|p2a: Zamazenta|Ice Fang|p1a: Zamazenta
|-damage|p1a: Zamazenta|91/100
|
|-heal|p1a: Zamazenta|97/100|[from] item: Leftovers
|upkeep
|turn|34
|
|t:|1758945911
|move|p1a: Zamazenta|Iron Defense|p1a: Zamazenta
|-boost|p1a: Zamazenta|def|2
|move|p2a: Zamazenta|Ice Fang|p1a: Zamazenta
|-damage|p1a: Zamazenta|93/100
|
|-heal|p1a: Zamazenta|99/100|[from] item: Leftovers
|upkeep
|turn|35
|
|t:|1758945913
|move|p1a: Zamazenta|Body Press|p2a: Zamazenta
|-damage|p2a: Zamazenta|0 fnt
|faint|p2a: Zamazenta
|
|-heal|p1a: Zamazenta|100/100|[from] item: Leftovers
|upkeep
|
|t:|1758945915
|switch|p2a: Deoxys|Deoxys-Speed|8/100
|-ability|p2a: Deoxys|Pressure
|turn|36
|
|t:|1758945919
|-terastallize|p1a: Zamazenta|Fire
|move|p2a: Deoxys|Psycho Boost|p1a: Zamazenta
|-damage|p1a: Zamazenta|42/100
|-unboost|p2a: Deoxys|spa|2
|move|p1a: Zamazenta|Body Press|p2a: Deoxys
|-resisted|p2a: Deoxys
|-damage|p2a: Deoxys|0 fnt
|faint|p2a: Deoxys
|
|-heal|p1a: Zamazenta|48/100|[from] item: Leftovers
|upkeep
|
|t:|1758945925
|switch|p2a: Dragonite|Dragonite, M|86/100
|turn|37
|
|t:|1758945932
|-terastallize|p2a: Dragonite|Normal
|move|p2a: Dragonite|Extreme Speed|p1a: Zamazenta
|-damage|p1a: Zamazenta|39/100
|move|p1a: Zamazenta|Body Press|p2a: Dragonite
|-supereffective|p2a: Dragonite
|-damage|p2a: Dragonite|0 fnt
|faint|p2a: Dragonite
|
|win|Tyrtle li
|raw|Tyrtle li's rating: 1623 &rarr; <strong>1642</strong><br />(+19 for winning)
|raw|master ball rus's rating: 1606 &rarr; <strong>1587</strong><br />(-19 for losing)
|l|☆master ball rus
|player|p2|
|l|☆Tyrtle li
|player|p1|
