|j|☆asphyxiuh
|j|☆MrZakDoe
|t:|1758924298
|gametype|singles
|player|p1|asphyxiuh|n-masters|1350
|player|p2|MrZakDoe|hilbert-wonderlauncher|1349
|gen|9
|tier|[Gen 9] OU
|rated|
|rule|HP Percentage Mod: HP is shown in percentages
|rule|Endless Battle Clause: Forcing endless battles is banned
|rule|Species Clause: Limit one of each Pokémon
|rule|OHKO Clause: OHKO moves are banned
|rule|Evasion Items Clause: Evasion items are banned
|rule|Evasion Moves Clause: Evasion moves are banned
|rule|Evasion Abilities Clause: Evasion abilities are banned
|rule|Sleep Moves Clause: Sleep-inducing moves are banned
|clearpoke
|poke|p1|Bellibolt, F|
|poke|p1|Rillaboom, M|
|poke|p1|Alomomola, M|
|poke|p1|Tinkaton, F|
|poke|p1|Great Tusk|
|poke|p1|Dragapult, M|
|poke|p2|Dragapult, F|
|poke|p2|Gliscor, M|
|poke|p2|Glimmora, F|
|poke|p2|Gholdengo|
|poke|p2|Enamorus, F|
|poke|p2|Samurott-Hisui, M|
|teampreview
|inactive|Battle timer is ON: inactive players will automatically lose when time's up. (requested by asphyxiuh)
|c|☆asphyxiuh|hf
|c|☆MrZakDoe|u 2
|
|t:|1758924324
|teamsize|p1|6
|teamsize|p2|6
|start
|switch|p1a: RAGNAROK|Tinkaton, F|100/100
|switch|p2a: Enamorus|Enamorus, F|100/100
|-item|p1a: RAGNAROK|Air Balloon
|turn|1
|
|t:|1758924332
|move|p2a: Enamorus|Mystical Fire|p1a: RAGNAROK
|-supereffective|p1a: RAGNAROK
|-damage|p1a: RAGNAROK|62/100
|-unboost|p1a: RAGNAROK|spa|1
|-enditem|p1a: RAGNAROK|Air Balloon
|move|p1a: RAGNAROK|Thunder Wave|p2a: Enamorus
|-status|p2a: Enamorus|par
|
|upkeep
|turn|2
|
|t:|1758924343
|move|p1a: RAGNAROK|Gigaton Hammer|p2a: Enamorus
|-supereffective|p2a: Enamorus
|-damage|p2a: Enamorus|0 fnt
|faint|p2a: Enamorus
|
|upkeep
|
|t:|1758924349
|switch|p2a: Glimmora|Glimmora, F|100/100
|turn|3
|
|t:|1758924354
|move|p2a: Glimmora|Stealth Rock|p1a: RAGNAROK
|-sidestart|p1: asphyxiuh|move: Stealth Rock
|move|p1a: RAGNAROK|Stealth Rock|p2a: Glimmora
|-sidestart|p2: MrZakDoe|move: Stealth Rock
|
|upkeep
|turn|4
|
|t:|1758924358
|move|p2a: Glimmora|Earth Power|p1a: RAGNAROK
|-supereffective|p1a: RAGNAROK
|-damage|p1a: RAGNAROK|25/100
|move|p1a: RAGNAROK|Gigaton Hammer|p2a: Glimmora
|-supereffective|p2a: Glimmora
|-damage|p2a: Glimmora|8/100
|-activate|p2a: Glimmora|ability: Toxic Debris
|-sidestart|p1: asphyxiuh|move: Toxic Spikes
|
|upkeep
|turn|5
|
|t:|1758924371
|switch|p1a: ASAC TANK SCHRADER|Great Tusk|100/100
|move|p2a: Glimmora|Earth Power|p1a: ASAC TANK SCHRADER
|-damage|p1a: ASAC TANK SCHRADER|60/100
|
|upkeep
|turn|6
|
|t:|1758924377
|switch|p2a: Gholdengo|Gholdengo|100/100
|-damage|p2a: Gholdengo|94/100|[from] Stealth Rock
|-item|p2a: Gholdengo|Air Balloon
|move|p1a: ASAC TANK SCHRADER|Rapid Spin|p2a: Gholdengo
|-immune|p2a: Gholdengo
|
|upkeep
|turn|7
|
|t:|1758924389
|-end|p1a: ASAC TANK SCHRADER|Protosynthesis|[silent]
|switch|p1a: RAGNAROK|Tinkaton, F|25/100
|-damage|p1a: RAGNAROK|19/100|[from] Stealth Rock
|move|p2a: Gholdengo|Shadow Ball|p1a: RAGNAROK
|-damage|p1a: RAGNAROK|0 fnt
|faint|p1a: RAGNAROK
|
|upkeep
|j| WelpYouWin
|
|t:|1758924407
|switch|p1a: BOLTENHEIMER|Bellibolt, F|100/100
|turn|8
|
|t:|1758924412
|move|p2a: Gholdengo|Nasty Plot|p2a: Gholdengo
|-boost|p2a: Gholdengo|spa|2
|move|p1a: BOLTENHEIMER|Soak|p2a: Gholdengo
|-immune|p2a: Gholdengo|[from] ability: Good as Gold
|
|upkeep
|turn|9
|
|t:|1758924418
|move|p2a: Gholdengo|Shadow Ball|p1a: BOLTENHEIMER
|-damage|p1a: BOLTENHEIMER|38/100
|-start|p1a: BOLTENHEIMER|Charge|Shadow Ball|[from] ability: Electromorphosis
|move|p1a: BOLTENHEIMER|Discharge|p2a: Gholdengo
|-damage|p2a: Gholdengo|34/100
|-enditem|p2a: Gholdengo|Air Balloon
|-end|p1a: BOLTENHEIMER|Charge|[silent]
|
|upkeep
|turn|10
|
|t:|1758924430
|move|p2a: Gholdengo|Shadow Ball|p1a: BOLTENHEIMER
|-damage|p1a: BOLTENHEIMER|0 fnt
|faint|p1a: BOLTENHEIMER
|
|upkeep
|l| WelpYouWin
|
|t:|1758924453
|switch|p1a: METRO BOOMER|Rillaboom, M|100/100
|-damage|p1a: METRO BOOMER|88/100|[from] Stealth Rock
|-status|p1a: METRO BOOMER|psn
|-fieldstart|move: Grassy Terrain|[from] ability: Grassy Surge|[of] p1a: METRO BOOMER
|turn|11
|
|t:|1758924463
|switch|p2a: Glimmora|Glimmora, F|8/100
|-damage|p2a: Glimmora|0 fnt|[from] Stealth Rock
|faint|p2a: Glimmora
|move|p1a: METRO BOOMER|Grassy Glide|p2: Glimmora|[notarget]
|-fail|p1a: METRO BOOMER
|
|-heal|p1a: METRO BOOMER|94/100 psn|[from] Grassy Terrain
|-damage|p1a: METRO BOOMER|82/100 psn|[from] psn
|upkeep
|
|t:|1758924474
|switch|p2a: Gliscor|Gliscor, M|100/100
|-damage|p2a: Gliscor|88/100|[from] Stealth Rock
|turn|12
|
|t:|1758924481
|switch|p1a: ASAC TANK SCHRADER|Great Tusk|60/100
|move|p2a: Gliscor|Protect||[still]
|-fail|p2a: Gliscor
|
|-heal|p1a: ASAC TANK SCHRADER|66/100|[from] Grassy Terrain
|-status|p2a: Gliscor|tox|[from] item: Toxic Orb
|upkeep
|turn|13
|
|t:|1758924491
|move|p1a: ASAC TANK SCHRADER|Headlong Rush|p2a: Gliscor
|-immune|p2a: Gliscor
|move|p2a: Gliscor|Toxic|p1a: ASAC TANK SCHRADER
|-status|p1a: ASAC TANK SCHRADER|tox
|
|-heal|p1a: ASAC TANK SCHRADER|72/100 tox|[from] Grassy Terrain
|-damage|p1a: ASAC TANK SCHRADER|66/100 tox|[from] psn
|-heal|p2a: Gliscor|100/100 tox|[from] ability: Poison Heal
|upkeep
|turn|14
|
|t:|1758924494
|move|p2a: Gliscor|Protect|p2a: Gliscor
|-singleturn|p2a: Gliscor|Protect
|move|p1a: ASAC TANK SCHRADER|Rapid Spin|p2a: Gliscor
|-activate|p2a: Gliscor|move: Protect
|
|-heal|p1a: ASAC TANK SCHRADER|72/100 tox|[from] Grassy Terrain
|-damage|p1a: ASAC TANK SCHRADER|60/100 tox|[from] psn
|upkeep
|turn|15
|
|t:|1758924501
|switch|p2a: Gholdengo|Gholdengo|34/100
|-damage|p2a: Gholdengo|28/100|[from] Stealth Rock
|move|p1a: ASAC TANK SCHRADER|Headlong Rush|p2a: Gholdengo
|-supereffective|p2a: Gholdengo
|-damage|p2a: Gholdengo|0 fnt
|-unboost|p1a: ASAC TANK SCHRADER|def|1
|-unboost|p1a: ASAC TANK SCHRADER|spd|1
|faint|p2a: Gholdengo
|
|-heal|p1a: ASAC TANK SCHRADER|66/100 tox|[from] Grassy Terrain
|-damage|p1a: ASAC TANK SCHRADER|48/100 tox|[from] psn
|-fieldend|move: Grassy Terrain
|upkeep
|
|t:|1758924523
|switch|p2a: Samurott|Samurott-Hisui, M|100/100
|-damage|p2a: Samurott|88/100|[from] Stealth Rock
|turn|16
|
|t:|1758924530
|move|p2a: Samurott|Flip Turn|p1a: ASAC TANK SCHRADER
|-supereffective|p1a: ASAC TANK SCHRADER
|-damage|p1a: ASAC TANK SCHRADER|0 fnt
|faint|p1a: ASAC TANK SCHRADER
|-end|p1a: ASAC TANK SCHRADER|Protosynthesis|[silent]
|
|t:|1758924534
|switch|p2a: Gliscor|Gliscor, M|100/100 tox|[from] Flip Turn
|-damage|p2a: Gliscor|88/100 tox|[from] Stealth Rock
|
|-heal|p2a: Gliscor|100/100 tox|[from] ability: Poison Heal
|upkeep
|
|t:|1758924547
|switch|p1a: SHAMONEAMOLA|Alomomola, M|100/100
|turn|17
|
|t:|1758924553
|move|p2a: Gliscor|Toxic|p1a: SHAMONEAMOLA
|-status|p1a: SHAMONEAMOLA|tox
|move|p1a: SHAMONEAMOLA|Tickle|p2a: Gliscor
|-unboost|p2a: Gliscor|atk|1
|-unboost|p2a: Gliscor|def|1
|
|-damage|p1a: SHAMONEAMOLA|94/100 tox|[from] psn
|upkeep
|turn|18
|
|t:|1758924559
|move|p2a: Gliscor|Substitute|p2a: Gliscor
|-start|p2a: Gliscor|Substitute
|-damage|p2a: Gliscor|76/100 tox
|move|p1a: SHAMONEAMOLA|Flip Turn|p2a: Gliscor
|-supereffective|p2a: Gliscor
|-end|p2a: Gliscor|Substitute
|
|t:|1758924571
|switch|p1a: NIGHTWING|Dragapult, M|100/100|[from] Flip Turn
|-damage|p1a: NIGHTWING|88/100|[from] Stealth Rock
|-status|p1a: NIGHTWING|psn
|
|-damage|p1a: NIGHTWING|76/100 psn|[from] psn
|-heal|p2a: Gliscor|88/100 tox|[from] ability: Poison Heal
|upkeep
|turn|19
|
|t:|1758924576
|move|p1a: NIGHTWING|Hex|p2a: Gliscor
|-damage|p2a: Gliscor|0 fnt
|faint|p2a: Gliscor
|
|-damage|p1a: NIGHTWING|64/100 psn|[from] psn
|upkeep
|
|t:|1758924580
|switch|p2a: Samurott|Samurott-Hisui, M|88/100
|-damage|p2a: Samurott|76/100|[from] Stealth Rock
|turn|20
|
|t:|1758924585
|switch|p1a: SHAMONEAMOLA|Alomomola, M|100/100 tox
|move|p2a: Samurott|Ceaseless Edge|p1a: SHAMONEAMOLA
|-damage|p1a: SHAMONEAMOLA|75/100 tox
|-sidestart|p1: asphyxiuh|Spikes
|
|-damage|p1a: SHAMONEAMOLA|69/100 tox|[from] psn
|upkeep
|turn|21
|
|t:|1758924593
|switch|p2a: Dragapult|Dragapult, F|100/100
|-damage|p2a: Dragapult|88/100|[from] Stealth Rock
|move|p1a: SHAMONEAMOLA|Flip Turn|p2a: Dragapult
|-resisted|p2a: Dragapult
|-damage|p2a: Dragapult|79/100
|
|t:|1758924608
|switch|p1a: NIGHTWING|Dragapult, M|64/100 psn|[from] Flip Turn
|-damage|p1a: NIGHTWING|51/100 psn|[from] Stealth Rock
|-damage|p1a: NIGHTWING|39/100 psn|[from] Spikes
|
|-heal|p2a: Dragapult|85/100|[from] item: Leftovers
|-damage|p1a: NIGHTWING|27/100 psn|[from] psn
|upkeep
|turn|22
|
|t:|1758924617
|move|p2a: Dragapult|Hex|p1a: NIGHTWING
|-supereffective|p1a: NIGHTWING
|-damage|p1a: NIGHTWING|0 fnt
|faint|p1a: NIGHTWING
|
|-heal|p2a: Dragapult|91/100|[from] item: Leftovers
|upkeep
|
|t:|1758924637
|switch|p1a: SHAMONEAMOLA|Alomomola, M|100/100 tox
|turn|23
|
|t:|1758924652
|move|p2a: Dragapult|U-turn|p1a: SHAMONEAMOLA
|-damage|p1a: SHAMONEAMOLA|89/100 tox
|
|t:|1758924655
|switch|p2a: Samurott|Samurott-Hisui, M|76/100|[from] U-turn
|-damage|p2a: Samurott|63/100|[from] Stealth Rock
|move|p1a: SHAMONEAMOLA|Tickle|p2a: Samurott
|-unboost|p2a: Samurott|atk|1
|-unboost|p2a: Samurott|def|1
|
|-damage|p1a: SHAMONEAMOLA|83/100 tox|[from] psn
|upkeep
|turn|24
|
|t:|1758924664
|move|p2a: Samurott|Ceaseless Edge|p1a: SHAMONEAMOLA
|-damage|p1a: SHAMONEAMOLA|65/100 tox
|-sidestart|p1: asphyxiuh|Spikes
|move|p1a: SHAMONEAMOLA|Wish|p1a: SHAMONEAMOLA
|
|-damage|p1a: SHAMONEAMOLA|53/100 tox|[from] psn
|upkeep
|turn|25
|
|t:|1758924671
|move|p2a: Samurott|Ceaseless Edge|p1a: SHAMONEAMOLA
|-damage|p1a: SHAMONEAMOLA|35/100 tox
|-sidestart|p1: asphyxiuh|Spikes
|move|p1a: SHAMONEAMOLA|Flip Turn|p2a: Samurott
|-resisted|p2a: Samurott
|-damage|p2a: Samurott|46/100
|
|t:|1758924676
|switch|p1a: METRO BOOMER|Rillaboom, M|82/100 psn|[from] Flip Turn
|-damage|p1a: METRO BOOMER|69/100 psn|[from] Stealth Rock
|-damage|p1a: METRO BOOMER|44/100 psn|[from] Spikes
|-fieldstart|move: Grassy Terrain|[from] ability: Grassy Surge|[of] p1a: METRO BOOMER
|
|-heal|p1a: METRO BOOMER|100/100 psn|[from] move: Wish|[wisher] SHAMONEAMOLA
|-heal|p2a: Samurott|53/100|[from] Grassy Terrain
|-damage|p1a: METRO BOOMER|88/100 psn|[from] psn
|upkeep
|turn|26
|
|t:|1758924690
|move|p1a: METRO BOOMER|Grassy Glide|p2a: Samurott
|-supereffective|p2a: Samurott
|-damage|p2a: Samurott|0 fnt
|faint|p2a: Samurott
|
|-heal|p1a: METRO BOOMER|94/100 psn|[from] Grassy Terrain
|-damage|p1a: METRO BOOMER|82/100 psn|[from] psn
|upkeep
|
|t:|1758924693
|switch|p2a: Dragapult|Dragapult, F|91/100
|-damage|p2a: Dragapult|78/100|[from] Stealth Rock
|turn|27
|
|t:|1758924703
|-terastallize|p1a: METRO BOOMER|Grass
|move|p1a: METRO BOOMER|Grassy Glide|p2a: Dragapult
|-resisted|p2a: Dragapult
|-damage|p2a: Dragapult|29/100
|move|p2a: Dragapult|Hex|p1a: METRO BOOMER
|-damage|p1a: METRO BOOMER|21/100 psn
|
|-heal|p2a: Dragapult|35/100|[from] Grassy Terrain
|-heal|p2a: Dragapult|42/100|[from] item: Leftovers
|-heal|p1a: METRO BOOMER|27/100 psn|[from] Grassy Terrain
|-damage|p1a: METRO BOOMER|14/100 psn|[from] psn
|upkeep
|turn|28
|
|t:|1758924720
|move|p1a: METRO BOOMER|Grassy Glide|p2a: Dragapult
|-resisted|p2a: Dragapult
|-damage|p2a: Dragapult|0 fnt
|faint|p2a: Dragapult
|
|win|asphyxiuh
|raw|asphyxiuh's rating: 1350 &rarr; <strong>1370</strong><br />(+20 for winning)
|raw|MrZakDoe's rating: 1349 &rarr; <strong>1329</strong><br />(-20 for losing)
|c|☆asphyxiuh|wow gg
|c|☆MrZakDoe|gg
|l|☆MrZakDoe
|player|p2|
|l|☆asphyxiuh
|player|p1|
