|j|‽SirPops
|j|☆douadyrabbit
|t:|1758924197
|gametype|singles
|player|p1|SirPops|red|1111
|player|p2|douadyrabbit|pokefanf-gen2|1101
|gen|9
|tier|[Gen 9] OU
|rated|
|rule|HP Percentage Mod: HP is shown in percentages
|rule|Endless Battle Clause: Forcing endless battles is banned
|rule|Species Clause: Limit one of each Pokémon
|rule|OHKO Clause: OHKO moves are banned
|rule|Evasion Items Clause: Evasion items are banned
|rule|Evasion Moves Clause: Evasion moves are banned
|rule|Evasion Abilities Clause: Evasion abilities are banned
|rule|Sleep Moves Clause: Sleep-inducing moves are banned
|clearpoke
|poke|p1|Charizard, M|
|poke|p1|Pawmot, M|
|poke|p1|Sableye, M|
|poke|p1|Basculin-White-Striped, M|
|poke|p1|Weezing-Galar, F|
|poke|p1|Drowzee, M|
|poke|p2|Slowking, F|
|poke|p2|Blissey, F|
|poke|p2|Alomomola, M|
|poke|p2|Clefable, M|
|poke|p2|Hatterene, F|
|poke|p2|Slowbro, M|
|teampreview
|
|t:|1758924216
|teamsize|p1|6
|teamsize|p2|6
|start
|switch|p1a: Sableye|Sableye, M, shiny|100/100
|switch|p2a: Hatterene|Hatterene, F|100/100
|turn|1
|c|☆douadyrabbit|cool team
|
|t:|1758924223
|move|p1a: Sableye|Trick|p2a: Hatterene
|-activate|p1a: Sableye|move: Trick|[of] p2a: Hatterene
|-item|p2a: Hatterene|Sticky Barb|[from] move: Trick
|-item|p1a: Sableye|Leftovers|[from] move: Trick
|move|p2a: Hatterene|Calm Mind|p2a: Hatterene
|-boost|p2a: Hatterene|spa|1
|-boost|p2a: Hatterene|spd|1
|
|-damage|p2a: Hatterene|88/100|[from] item: Sticky Barb
|upkeep
|turn|2
|
|t:|1758924239
|switch|p1a: Charizard|Charizard, M, shiny|100/100
|move|p2a: Hatterene|Draining Kiss|p1a: Charizard
|-resisted|p1a: Charizard
|-damage|p1a: Charizard|74/100
|-heal|p2a: Hatterene|100/100|[from] drain|[of] p1a: Charizard
|
|-damage|p2a: Hatterene|88/100|[from] item: Sticky Barb
|upkeep
|turn|3
|
|t:|1758924248
|move|p1a: Charizard|Substitute|p1a: Charizard
|-start|p1a: Charizard|Substitute
|-damage|p1a: Charizard|49/100
|move|p2a: Hatterene|Psyshock|p1a: Charizard
|-end|p1a: Charizard|Substitute
|
|-damage|p2a: Hatterene|76/100|[from] item: Sticky Barb
|upkeep
|turn|4
|
|t:|1758924254
|switch|p1a: Sableye|Sableye, M, shiny|100/100
|move|p2a: Hatterene|Psyshock|p1a: Sableye
|-immune|p1a: Sableye
|
|-damage|p2a: Hatterene|64/100|[from] item: Sticky Barb
|upkeep
|turn|5
|
|t:|1758924268
|move|p1a: Sableye|Foul Play|p2a: Hatterene
|-damage|p2a: Hatterene|34/100
|move|p2a: Hatterene|Draining Kiss|p1a: Sableye
|-supereffective|p1a: Sableye
|-damage|p1a: Sableye|0 fnt
|-heal|p2a: Hatterene|91/100|[from] drain|[of] p1a: Sableye
|faint|p1a: Sableye
|
|-damage|p2a: Hatterene|79/100|[from] item: Sticky Barb
|upkeep
|
|t:|1758924280
|switch|p1a: Charizard|Charizard, M, shiny|49/100
|turn|6
|
|t:|1758924284
|move|p1a: Charizard|Fire Blast|p2a: Hatterene
|-damage|p2a: Hatterene|43/100
|move|p2a: Hatterene|Psyshock|p1a: Charizard
|-damage|p1a: Charizard|0 fnt
|faint|p1a: Charizard
|
|-damage|p2a: Hatterene|31/100|[from] item: Sticky Barb
|upkeep
|
|t:|1758924291
|switch|p1a: Basculin|Basculin-White-Striped, M|100/100
|turn|7
|
|t:|1758924296
|switch|p2a: Alomomola|Alomomola, M|100/100
|move|p1a: Basculin|Waterfall|p2a: Alomomola
|-resisted|p2a: Alomomola
|-damage|p2a: Alomomola|88/100
|
|upkeep
|turn|8
|
|t:|1758924303
|switch|p1a: Drowzee|Drowzee, M|100/100
|-activate|p1a: Drowzee|ability: Forewarn|Scald|[of] p2a: Alomomola
|move|p2a: Alomomola|Wish|p2a: Alomomola
|
|upkeep
|turn|9
|
|t:|1758924310
|move|p1a: Drowzee|Night Shade|p2a: Alomomola
|-damage|p2a: Alomomola|69/100
|move|p2a: Alomomola|Flip Turn|p1a: Drowzee
|-damage|p1a: Drowzee|70/100
|
|t:|1758924315
|switch|p2a: Hatterene|Hatterene, F|31/100|[from] Flip Turn
|
|-heal|p2a: Hatterene|100/100|[from] move: Wish|[wisher] Alomomola
|-damage|p2a: Hatterene|88/100|[from] item: Sticky Barb
|upkeep
|turn|10
|
|t:|1758924323
|move|p1a: Drowzee|Night Shade|p2a: Hatterene
|-damage|p2a: Hatterene|57/100
|move|p2a: Hatterene|Mystical Fire|p1a: Drowzee
|-damage|p1a: Drowzee|33/100
|-unboost|p1a: Drowzee|spa|1
|
|-damage|p2a: Hatterene|45/100|[from] item: Sticky Barb
|upkeep
|turn|11
|
|t:|1758924333
|move|p1a: Drowzee|Night Shade|p2a: Hatterene
|-damage|p2a: Hatterene|13/100
|move|p2a: Hatterene|Draining Kiss|p1a: Drowzee
|-damage|p1a: Drowzee|0 fnt
|-heal|p2a: Hatterene|38/100|[from] drain|[of] p1a: Drowzee
|faint|p1a: Drowzee
|
|-damage|p2a: Hatterene|26/100|[from] item: Sticky Barb
|upkeep
|
|t:|1758924337
|switch|p1a: Basculin|Basculin-White-Striped, M|100/100
|turn|12
|
|t:|1758924344
|switch|p2a: Alomomola|Alomomola, M|100/100
|move|p1a: Basculin|Waterfall|p2a: Alomomola
|-resisted|p2a: Alomomola
|-damage|p2a: Alomomola|89/100
|
|upkeep
|turn|13
|
|t:|1758924351
|switch|p1a: Weezing|Weezing-Galar, F|100/100
|move|p2a: Alomomola|Wish|p2a: Alomomola
|
|upkeep
|turn|14
|
|t:|1758924355
|move|p2a: Alomomola|Flip Turn|p1a: Weezing
|-damage|p1a: Weezing|87/100
|
|t:|1758924360
|switch|p2a: Slowking|Slowking, F|100/100|[from] Flip Turn
|move|p1a: Weezing|Toxic|p2a: Slowking
|-status|p2a: Slowking|tox
|
|-damage|p2a: Slowking|94/100 tox|[from] psn
|upkeep
|turn|15
|
|t:|1758924369
|switch|p1a: Basculin|Basculin-White-Striped, M|100/100
|move|p2a: Slowking|Future Sight|p1a: Basculin
|-start|p2a: Slowking|move: Future Sight
|
|-damage|p2a: Slowking|82/100 tox|[from] psn
|upkeep
|turn|16
|
|t:|1758924378
|switch|p2a: Alomomola|Alomomola, M|100/100
|-terastallize|p1a: Basculin|Dark
|move|p1a: Basculin|Agility|p1a: Basculin
|-boost|p1a: Basculin|spe|2
|
|upkeep
|turn|17
|
|t:|1758924386
|move|p1a: Basculin|Crunch|p2a: Alomomola
|-damage|p2a: Alomomola|76/100
|move|p2a: Alomomola|Scald|p1a: Basculin
|-damage|p1a: Basculin|78/100
|
|-end|p1a: Basculin|move: Future Sight
|-immune|p1a: Basculin
|upkeep
|turn|18
|
|t:|1758924394
|switch|p1a: Weezing|Weezing-Galar, F|87/100
|move|p2a: Alomomola|Scald|p1a: Weezing
|-damage|p1a: Weezing|71/100
|
|upkeep
|turn|19
|
|t:|1758924400
|move|p2a: Alomomola|Flip Turn|p1a: Weezing
|-damage|p1a: Weezing|58/100
|
|t:|1758924406
|switch|p2a: Slowbro|Slowbro, M|100/100|[from] Flip Turn
|move|p1a: Weezing|Venoshock|p2a: Slowbro
|-damage|p2a: Slowbro|75/100
|
|upkeep
|turn|20
|
|t:|1758924413
|move|p1a: Weezing|Toxic|p2a: Slowbro
|-status|p2a: Slowbro|tox
|move|p2a: Slowbro|Psychic Noise|p1a: Weezing
|-supereffective|p1a: Weezing
|-damage|p1a: Weezing|0 fnt
|faint|p1a: Weezing
|
|-damage|p2a: Slowbro|69/100 tox|[from] psn
|upkeep
|
|t:|1758924417
|switch|p1a: Basculin|Basculin-White-Striped, M, tera:Dark|78/100
|turn|21
|
|t:|1758924425
|switch|p2a: Alomomola|Alomomola, M|100/100
|move|p1a: Basculin|Crunch|p2a: Alomomola
|-damage|p2a: Alomomola|74/100
|
|upkeep
|turn|22
|
|t:|1758924431
|switch|p1a: Pawmot|Pawmot, M|100/100
|move|p2a: Alomomola|Wish|p2a: Alomomola
|
|upkeep
|turn|23
|
|t:|1758924436
|move|p1a: Pawmot|Thunder Punch|p2a: Alomomola
|-supereffective|p2a: Alomomola
|-damage|p2a: Alomomola|27/100
|-status|p2a: Alomomola|par
|cant|p2a: Alomomola|par
|
|-heal|p2a: Alomomola|77/100 par|[from] move: Wish|[wisher] Alomomola
|upkeep
|turn|24
|
|t:|1758924447
|switch|p2a: Clefable|Clefable, M|100/100
|move|p1a: Pawmot|Thunder Punch|p2a: Clefable
|-crit|p2a: Clefable
|-damage|p2a: Clefable|44/100
|
|-heal|p2a: Clefable|50/100|[from] item: Leftovers
|upkeep
|turn|25
|
|t:|1758924455
|switch|p1a: Basculin|Basculin-White-Striped, M, tera:Dark|78/100
|move|p2a: Clefable|Wish|p2a: Clefable
|
|-heal|p2a: Clefable|56/100|[from] item: Leftovers
|upkeep
|turn|26
|
|t:|1758924460
|move|p1a: Basculin|Agility|p1a: Basculin
|-boost|p1a: Basculin|spe|2
|move|p2a: Clefable|Moonblast|p1a: Basculin
|-supereffective|p1a: Basculin
|-damage|p1a: Basculin|0 fnt
|faint|p1a: Basculin
|
|-heal|p2a: Clefable|100/100|[from] move: Wish|[wisher] Clefable
|upkeep
|
|t:|1758924462
|switch|p1a: Pawmot|Pawmot, M|100/100
|turn|27
|inactive|Battle timer is ON: inactive players will automatically lose when time's up. (requested by douadyrabbit)
|inactive|SirPops has 120 seconds left.
|inactive|SirPops has 90 seconds left.
|inactive|SirPops has 60 seconds left.
|inactive|SirPops has 30 seconds left.
|inactive|SirPops has 20 seconds left.
|inactive|SirPops has 15 seconds left.
|
|t:|1758924631
|-terastallize|p2a: Clefable|Grass
|move|p1a: Pawmot|Thunder Punch|p2a: Clefable
|-resisted|p2a: Clefable
|-damage|p2a: Clefable|81/100
|move|p2a: Clefable|Moonblast|p1a: Pawmot
|-supereffective|p1a: Pawmot
|-damage|p1a: Pawmot|0 fnt
|faint|p1a: Pawmot
|
|win|douadyrabbit
|raw|SirPops's rating: 1133 &rarr; <strong>1106</strong><br />(-27 for losing)
|raw|douadyrabbit's rating: 1101 &rarr; <strong>1128</strong><br />(+27 for winning)
|l|‽SirPops
|player|p1|
|l|☆douadyrabbit
|player|p2|
