|j|☆remmyymmer
|j|☆magikarp soup
|t:|1759021061
|gametype|singles
|player|p1|remmyymmer|miku-ghost|1637
|player|p2|magikarp soup|2|1660
|gen|9
|tier|[Gen 9] OU
|rated|
|rule|HP Percentage Mod: HP is shown in percentages
|rule|Endless Battle Clause: Forcing endless battles is banned
|rule|Species Clause: Limit one of each Pokémon
|rule|OHKO Clause: OHKO moves are banned
|rule|Evasion Items Clause: Evasion items are banned
|rule|Evasion Moves Clause: Evasion moves are banned
|rule|Evasion Abilities Clause: Evasion abilities are banned
|rule|Sleep Moves Clause: Sleep-inducing moves are banned
|clearpoke
|poke|p1|Tyranitar, F|
|poke|p1|Excadrill, F|
|poke|p1|Kingambit, M|
|poke|p1|Garchomp, M|
|poke|p1|Pecharunt|
|poke|p1|Rotom-Wash|
|poke|p2|Ninetales, M|
|poke|p2|Walking Wake|
|poke|p2|Great Tusk|
|poke|p2|Brute Bonnet|
|poke|p2|Kingambit, M|
|poke|p2|Hatterene, F|
|teampreview
|inactive|Battle timer is ON: inactive players will automatically lose when time's up. (requested by remmyymmer)
|
|t:|1759021073
|teamsize|p1|6
|teamsize|p2|6
|start
|switch|p1a: Tyranitar|Tyranitar, F|100/100
|switch|p2a: Great Tusk|Great Tusk|100/100
|-weather|Sandstorm|[from] ability: Sand Stream|[of] p1a: Tyranitar
|turn|1
|
|t:|1759021080
|-end|p2a: Great Tusk|Protosynthesis|[silent]
|switch|p2a: Ninetales|Ninetales, M|100/100
|-weather|SunnyDay|[from] ability: Drought|[of] p2a: Ninetales
|switch|p1a: Rotom|Rotom-Wash|100/100
|
|-weather|SunnyDay|[upkeep]
|upkeep
|turn|2
|
|t:|1759021086
|switch|p2a: Brute Bonnet|Brute Bonnet|100/100
|-activate|p2a: Brute Bonnet|ability: Protosynthesis
|-start|p2a: Brute Bonnet|protosynthesisatk
|move|p1a: Rotom|Volt Switch|p2a: Brute Bonnet
|-resisted|p2a: Brute Bonnet
|-damage|p2a: Brute Bonnet|90/100
|
|t:|1759021105
|switch|p1a: Pecharunt|Pecharunt|100/100|[from] Volt Switch
|-item|p1a: Pecharunt|Air Balloon
|
|-weather|SunnyDay|[upkeep]
|upkeep
|turn|3
|j| firecharmander004
|
|t:|1759021111
|move|p1a: Pecharunt|Malignant Chain|p2a: Brute Bonnet
|-supereffective|p2a: Brute Bonnet
|-damage|p2a: Brute Bonnet|39/100
|-status|p2a: Brute Bonnet|tox
|-start|p2a: Brute Bonnet|confusion|[from] ability: Poison Puppeteer|[of] p1a: Pecharunt
|-activate|p2a: Brute Bonnet|confusion
|-damage|p2a: Brute Bonnet|26/100 tox|[from] confusion
|
|-weather|SunnyDay|[upkeep]
|-damage|p2a: Brute Bonnet|20/100 tox|[from] psn
|upkeep
|turn|4
|
|t:|1759021121
|-end|p2a: Brute Bonnet|Protosynthesis|[silent]
|switch|p2a: Kingambit|Kingambit, M|100/100
|move|p1a: Pecharunt|Shadow Ball|p2a: Kingambit
|-resisted|p2a: Kingambit
|-damage|p2a: Kingambit|89/100
|-unboost|p2a: Kingambit|spd|1
|
|-weather|SunnyDay|[upkeep]
|upkeep
|turn|5
|
|t:|1759021130
|switch|p1a: Rotom|Rotom-Wash|100/100
|move|p2a: Kingambit|Kowtow Cleave|p1a: Rotom
|-damage|p1a: Rotom|55/100
|
|-weather|SunnyDay|[upkeep]
|-heal|p1a: Rotom|61/100|[from] item: Leftovers
|upkeep
|turn|6
|
|t:|1759021134
|-end|p2a: Kingambit|fallenundefined|[silent]
|switch|p2a: Walking Wake|Walking Wake|100/100
|-activate|p2a: Walking Wake|ability: Protosynthesis
|-start|p2a: Walking Wake|protosynthesisspe
|move|p1a: Rotom|Pain Split|p2a: Walking Wake
|-sethp|p2a: Walking Wake|77/100|[from] move: Pain Split|[silent]
|-sethp|p1a: Rotom|86/100|[from] move: Pain Split
|
|-weather|SunnyDay|[upkeep]
|-heal|p1a: Rotom|93/100|[from] item: Leftovers
|upkeep
|turn|7
|
|t:|1759021144
|switch|p1a: Tyranitar|Tyranitar, F|100/100
|-weather|Sandstorm|[from] ability: Sand Stream|[of] p1a: Tyranitar
|-end|p2a: Walking Wake|Protosynthesis
|move|p2a: Walking Wake|Flip Turn|p1a: Tyranitar
|-supereffective|p1a: Tyranitar
|-damage|p1a: Tyranitar|75/100
|
|t:|1759021147
|-end|p2a: Walking Wake|Protosynthesis|[silent]
|switch|p2a: Ninetales|Ninetales, M|100/100|[from] Flip Turn
|-weather|SunnyDay|[from] ability: Drought|[of] p2a: Ninetales
|
|-weather|SunnyDay|[upkeep]
|upkeep
|turn|8
|
|t:|1759021149
|move|p2a: Ninetales|Will-O-Wisp|p1a: Tyranitar
|-status|p1a: Tyranitar|brn
|move|p1a: Tyranitar|Stealth Rock|p2a: Ninetales
|-sidestart|p2: magikarp soup|move: Stealth Rock
|
|-weather|SunnyDay|[upkeep]
|-damage|p1a: Tyranitar|69/100 brn|[from] brn
|upkeep
|turn|9
|
|t:|1759021155
|switch|p2a: Great Tusk|Great Tusk|100/100
|-damage|p2a: Great Tusk|98/100|[from] Stealth Rock
|-activate|p2a: Great Tusk|ability: Protosynthesis
|-start|p2a: Great Tusk|protosynthesisatk
|switch|p1a: Rotom|Rotom-Wash|93/100
|
|-weather|SunnyDay|[upkeep]
|-heal|p1a: Rotom|99/100|[from] item: Leftovers
|upkeep
|turn|10
|
|t:|1759021163
|move|p2a: Great Tusk|Rapid Spin|p1a: Rotom
|-damage|p1a: Rotom|79/100
|-boost|p2a: Great Tusk|spe|1
|-sideend|p2: magikarp soup|Stealth Rock|[from] move: Rapid Spin|[of] p2a: Great Tusk
|move|p1a: Rotom|Will-O-Wisp|p2a: Great Tusk|[miss]
|-miss|p1a: Rotom|p2a: Great Tusk
|
|-weather|SunnyDay|[upkeep]
|-heal|p1a: Rotom|85/100|[from] item: Leftovers
|upkeep
|turn|11
|
|t:|1759021172
|-end|p2a: Great Tusk|Protosynthesis|[silent]
|switch|p2a: Walking Wake|Walking Wake|77/100
|-activate|p2a: Walking Wake|ability: Protosynthesis
|-start|p2a: Walking Wake|protosynthesisspe
|move|p1a: Rotom|Volt Switch|p2a: Walking Wake
|-crit|p2a: Walking Wake
|-damage|p2a: Walking Wake|30/100
|
|t:|1759021179
|switch|p1a: Kingambit|Kingambit, M|100/100|[from] Volt Switch
|
|-weather|SunnyDay|[upkeep]
|upkeep
|turn|12
|
|t:|1759021194
|-end|p2a: Walking Wake|Protosynthesis|[silent]
|switch|p2a: Great Tusk|Great Tusk|98/100
|-activate|p2a: Great Tusk|ability: Protosynthesis
|-start|p2a: Great Tusk|protosynthesisatk
|-end|p1a: Kingambit|fallenundefined|[silent]
|switch|p1a: Tyranitar|Tyranitar, F|69/100 brn
|-weather|Sandstorm|[from] ability: Sand Stream|[of] p1a: Tyranitar
|-end|p2a: Great Tusk|Protosynthesis
|
|-weather|Sandstorm|[upkeep]
|-damage|p1a: Tyranitar|62/100 brn|[from] brn
|upkeep
|turn|13
|
|t:|1759021200
|switch|p1a: Rotom|Rotom-Wash|85/100
|move|p2a: Great Tusk|Headlong Rush|p1a: Rotom
|-immune|p1a: Rotom|[from] ability: Levitate
|
|-weather|Sandstorm|[upkeep]
|-damage|p1a: Rotom|79/100|[from] Sandstorm
|-heal|p1a: Rotom|85/100|[from] item: Leftovers
|upkeep
|turn|14
|
|t:|1759021203
|-end|p2a: Great Tusk|Protosynthesis|[silent]
|switch|p2a: Ninetales|Ninetales, M|100/100
|-weather|SunnyDay|[from] ability: Drought|[of] p2a: Ninetales
|move|p1a: Rotom|Volt Switch|p2a: Ninetales
|-damage|p2a: Ninetales|70/100
|
|t:|1759021206
|switch|p1a: Tyranitar|Tyranitar, F|62/100 brn|[from] Volt Switch
|-weather|Sandstorm|[from] ability: Sand Stream|[of] p1a: Tyranitar
|
|-weather|Sandstorm|[upkeep]
|-damage|p2a: Ninetales|64/100|[from] Sandstorm
|-damage|p1a: Tyranitar|56/100 brn|[from] brn
|upkeep
|turn|15
|
|t:|1759021210
|switch|p2a: Great Tusk|Great Tusk|98/100
|move|p1a: Tyranitar|Knock Off|p2a: Great Tusk
|-resisted|p2a: Great Tusk
|-damage|p2a: Great Tusk|90/100
|-enditem|p2a: Great Tusk|Expert Belt|[from] move: Knock Off|[of] p1a: Tyranitar
|
|-weather|Sandstorm|[upkeep]
|-damage|p1a: Tyranitar|50/100 brn|[from] brn
|upkeep
|turn|16
|
|t:|1759021215
|switch|p1a: Rotom|Rotom-Wash|85/100
|move|p2a: Great Tusk|Rapid Spin|p1a: Rotom
|-damage|p1a: Rotom|72/100
|-boost|p2a: Great Tusk|spe|1
|
|-weather|Sandstorm|[upkeep]
|-damage|p1a: Rotom|65/100|[from] Sandstorm
|-heal|p1a: Rotom|72/100|[from] item: Leftovers
|upkeep
|turn|17
|
|t:|1759021224
|-end|p2a: Great Tusk|Protosynthesis|[silent]
|switch|p2a: Hatterene|Hatterene, F|100/100
|move|p1a: Rotom|Hydro Pump|p2a: Hatterene|[miss]
|-miss|p1a: Rotom|p2a: Hatterene
|
|-weather|Sandstorm|[upkeep]
|-damage|p1a: Rotom|65/100|[from] Sandstorm
|-damage|p2a: Hatterene|95/100|[from] Sandstorm
|-heal|p1a: Rotom|72/100|[from] item: Leftovers
|upkeep
|turn|18
|
|t:|1759021241
|move|p1a: Rotom|Volt Switch|p2a: Hatterene
|-damage|p2a: Hatterene|78/100
|
|t:|1759021244
|switch|p1a: Excadrill|Excadrill, F|100/100|[from] Volt Switch
|move|p2a: Hatterene|Mystical Fire|p1a: Excadrill
|-supereffective|p1a: Excadrill
|-damage|p1a: Excadrill|32/100
|-unboost|p1a: Excadrill|spa|1
|
|-weather|Sandstorm|[upkeep]
|-damage|p2a: Hatterene|72/100|[from] Sandstorm
|upkeep
|turn|19
|
|t:|1759021265
|-terastallize|p2a: Hatterene|Water
|move|p1a: Excadrill|Earthquake|p2a: Hatterene
|-damage|p2a: Hatterene|0 fnt
|faint|p2a: Hatterene
|-damage|p1a: Excadrill|22/100|[from] item: Life Orb
|
|-weather|Sandstorm|[upkeep]
|upkeep
|
|t:|1759021269
|switch|p2a: Great Tusk|Great Tusk|90/100
|turn|20
|
|t:|1759021274
|-end|p2a: Great Tusk|Protosynthesis|[silent]
|switch|p2a: Ninetales|Ninetales, M|64/100
|-weather|SunnyDay|[from] ability: Drought|[of] p2a: Ninetales
|move|p1a: Excadrill|Earthquake|p2a: Ninetales
|-supereffective|p2a: Ninetales
|-damage|p2a: Ninetales|0 fnt
|faint|p2a: Ninetales
|-damage|p1a: Excadrill|12/100|[from] item: Life Orb
|
|-weather|SunnyDay|[upkeep]
|upkeep
|
|t:|1759021278
|switch|p2a: Great Tusk|Great Tusk|90/100
|-activate|p2a: Great Tusk|ability: Protosynthesis
|-start|p2a: Great Tusk|protosynthesisatk
|turn|21
|
|t:|1759021286
|switch|p1a: Tyranitar|Tyranitar, F|50/100 brn
|-weather|Sandstorm|[from] ability: Sand Stream|[of] p1a: Tyranitar
|-end|p2a: Great Tusk|Protosynthesis
|move|p2a: Great Tusk|Rapid Spin|p1a: Tyranitar
|-resisted|p1a: Tyranitar
|-damage|p1a: Tyranitar|43/100 brn
|-boost|p2a: Great Tusk|spe|1
|
|-weather|Sandstorm|[upkeep]
|-damage|p1a: Tyranitar|37/100 brn|[from] brn
|upkeep
|turn|22
|l| firecharmander004
|
|t:|1759021290
|switch|p1a: Rotom|Rotom-Wash|72/100
|move|p2a: Great Tusk|Headlong Rush|p1a: Rotom
|-immune|p1a: Rotom|[from] ability: Levitate
|
|-weather|Sandstorm|[upkeep]
|-damage|p1a: Rotom|65/100|[from] Sandstorm
|-heal|p1a: Rotom|72/100|[from] item: Leftovers
|upkeep
|turn|23
|
|t:|1759021294
|move|p2a: Great Tusk|Temper Flare|p1a: Rotom
|-resisted|p1a: Rotom
|-damage|p1a: Rotom|50/100
|move|p1a: Rotom|Hydro Pump|p2a: Great Tusk|[miss]
|-miss|p1a: Rotom|p2a: Great Tusk
|
|-weather|Sandstorm|[upkeep]
|-damage|p1a: Rotom|44/100|[from] Sandstorm
|-heal|p1a: Rotom|50/100|[from] item: Leftovers
|upkeep
|turn|24
|
|t:|1759021302
|-end|p2a: Great Tusk|Protosynthesis|[silent]
|switch|p2a: Brute Bonnet|Brute Bonnet|20/100 tox
|move|p1a: Rotom|Pain Split|p2a: Brute Bonnet
|-sethp|p2a: Brute Bonnet|28/100 tox|[from] move: Pain Split|[silent]
|-sethp|p1a: Rotom|39/100|[from] move: Pain Split
|
|-weather|Sandstorm|[upkeep]
|-damage|p1a: Rotom|33/100|[from] Sandstorm
|-damage|p2a: Brute Bonnet|22/100 tox|[from] Sandstorm
|-heal|p1a: Rotom|39/100|[from] item: Leftovers
|-damage|p2a: Brute Bonnet|16/100 tox|[from] psn
|upkeep
|turn|25
|
|t:|1759021311
|move|p2a: Brute Bonnet|Sucker Punch|p1a: Rotom
|-damage|p1a: Rotom|2/100
|move|p1a: Rotom|Volt Switch|p2a: Brute Bonnet
|-resisted|p2a: Brute Bonnet
|-damage|p2a: Brute Bonnet|6/100 tox
|
|t:|1759021318
|switch|p1a: Garchomp|Garchomp, M|100/100|[from] Volt Switch
|
|-weather|Sandstorm|[upkeep]
|-damage|p2a: Brute Bonnet|0 fnt|[from] Sandstorm
|faint|p2a: Brute Bonnet
|-end|p2a: Brute Bonnet|Protosynthesis|[silent]
|upkeep
|
|t:|1759021323
|switch|p2a: Walking Wake|Walking Wake|30/100
|turn|26
|
|t:|1759021329
|switch|p1a: Rotom|Rotom-Wash|2/100
|move|p2a: Walking Wake|Draco Meteor|p1a: Rotom
|-damage|p1a: Rotom|0 fnt
|-unboost|p2a: Walking Wake|spa|2
|faint|p1a: Rotom
|
|-weather|Sandstorm|[upkeep]
|-damage|p2a: Walking Wake|24/100|[from] Sandstorm
|upkeep
|
|t:|1759021333
|switch|p1a: Excadrill|Excadrill, F|12/100
|turn|27
|
|t:|1759021337
|move|p1a: Excadrill|Earthquake|p2a: Walking Wake
|-damage|p2a: Walking Wake|0 fnt
|faint|p2a: Walking Wake
|-end|p2a: Walking Wake|Protosynthesis|[silent]
|-damage|p1a: Excadrill|2/100|[from] item: Life Orb
|
|-weather|Sandstorm|[upkeep]
|upkeep
|
|t:|1759021342
|switch|p2a: Kingambit|Kingambit, M|89/100
|-activate|p2a: Kingambit|ability: Supreme Overlord
|-start|p2a: Kingambit|fallen4|[silent]
|turn|28
|
|t:|1759021346
|move|p2a: Kingambit|Sucker Punch||[still]
|-fail|p2a: Kingambit
|move|p1a: Excadrill|Swords Dance|p1a: Excadrill
|-boost|p1a: Excadrill|atk|2
|
|-weather|none
|upkeep
|turn|29
|
|t:|1759021348
|move|p2a: Kingambit|Sucker Punch||[still]
|-fail|p2a: Kingambit
|move|p1a: Excadrill|Swords Dance|p1a: Excadrill
|-boost|p1a: Excadrill|atk|2
|
|upkeep
|turn|30
|
|t:|1759021349
|move|p2a: Kingambit|Sucker Punch||[still]
|-fail|p2a: Kingambit
|move|p1a: Excadrill|Swords Dance|p1a: Excadrill
|-boost|p1a: Excadrill|atk|2
|
|upkeep
|turn|31
|
|t:|1759021350
|move|p1a: Excadrill|Swords Dance|p1a: Excadrill
|-boost|p1a: Excadrill|atk|0
|move|p2a: Kingambit|Kowtow Cleave|p1a: Excadrill
|-damage|p1a: Excadrill|0 fnt
|faint|p1a: Excadrill
|
|upkeep
|
|t:|1759021358
|switch|p1a: Garchomp|Garchomp, M|100/100
|turn|32
|
|t:|1759021362
|move|p1a: Garchomp|Earthquake|p2a: Kingambit
|-supereffective|p2a: Kingambit
|-damage|p2a: Kingambit|19/100
|move|p2a: Kingambit|Swords Dance|p2a: Kingambit
|-boost|p2a: Kingambit|atk|2
|
|upkeep
|turn|33
|
|t:|1759021371
|switch|p1a: Tyranitar|Tyranitar, F|37/100 brn
|-weather|Sandstorm|[from] ability: Sand Stream|[of] p1a: Tyranitar
|move|p2a: Kingambit|Sucker Punch||[still]
|-fail|p2a: Kingambit
|
|-weather|Sandstorm|[upkeep]
|-damage|p1a: Tyranitar|31/100 brn|[from] brn
|upkeep
|turn|34
|
|t:|1759021376
|move|p2a: Kingambit|Sucker Punch|p1a: Tyranitar
|-resisted|p1a: Tyranitar
|-damage|p1a: Tyranitar|0 fnt
|faint|p1a: Tyranitar
|
|-weather|Sandstorm|[upkeep]
|upkeep
|
|t:|1759021382
|switch|p1a: Kingambit|Kingambit, M|100/100
|-activate|p1a: Kingambit|ability: Supreme Overlord
|-start|p1a: Kingambit|fallen3|[silent]
|turn|35
|
|t:|1759021385
|move|p2a: Kingambit|Sucker Punch|p1a: Kingambit
|-resisted|p1a: Kingambit
|-damage|p1a: Kingambit|45/100
|move|p1a: Kingambit|Kowtow Cleave|p2a: Kingambit
|-resisted|p2a: Kingambit
|-damage|p2a: Kingambit|0 fnt
|faint|p2a: Kingambit
|-end|p2a: Kingambit|fallen4|[silent]
|
|-weather|Sandstorm|[upkeep]
|upkeep
|
|t:|1759021389
|switch|p2a: Great Tusk|Great Tusk|90/100
|turn|36
|
|t:|1759021392
|move|p2a: Great Tusk|Rapid Spin|p1a: Kingambit
|-resisted|p1a: Kingambit
|-damage|p1a: Kingambit|38/100
|-boost|p2a: Great Tusk|spe|1
|move|p1a: Kingambit|Iron Head|p2a: Great Tusk
|-damage|p2a: Great Tusk|42/100
|
|-weather|Sandstorm|[upkeep]
|upkeep
|turn|37
|
|t:|1759021397
|move|p1a: Kingambit|Sucker Punch|p2a: Great Tusk
|-resisted|p2a: Great Tusk
|-damage|p2a: Great Tusk|19/100
|move|p2a: Great Tusk|Headlong Rush|p1a: Kingambit
|-supereffective|p1a: Kingambit
|-damage|p1a: Kingambit|0 fnt
|-unboost|p2a: Great Tusk|def|1
|-unboost|p2a: Great Tusk|spd|1
|faint|p1a: Kingambit
|-end|p1a: Kingambit|fallen3|[silent]
|
|-weather|Sandstorm|[upkeep]
|upkeep
|
|t:|1759021400
|switch|p1a: Pecharunt|Pecharunt|100/100
|-item|p1a: Pecharunt|Air Balloon
|turn|38
|
|t:|1759021403
|-terastallize|p1a: Pecharunt|Grass
|move|p2a: Great Tusk|Ice Spinner|p1a: Pecharunt
|-supereffective|p1a: Pecharunt
|-damage|p1a: Pecharunt|75/100
|-enditem|p1a: Pecharunt|Air Balloon
|move|p1a: Pecharunt|Shadow Ball|p2a: Great Tusk
|-damage|p2a: Great Tusk|0 fnt
|faint|p2a: Great Tusk
|-end|p2a: Great Tusk|Protosynthesis|[silent]
|
|win|remmyymmer
|raw|remmyymmer's rating: 1637 &rarr; <strong>1658</strong><br />(+21 for winning)
|raw|magikarp soup's rating: 1660 &rarr; <strong>1639</strong><br />(-21 for losing)
|l|☆magikarp soup
|player|p2|
|l|☆remmyymmer
|player|p1|
