|j|☆hungrymane
|j|☆UserJexx
|t:|1759032839
|gametype|singles
|player|p1|hungrymane|102|1487
|player|p2|UserJexx|lusamine-nihilego|1527
|gen|9
|tier|[Gen 9] OU
|rated|
|rule|HP Percentage Mod: HP is shown in percentages
|rule|Endless Battle Clause: Forcing endless battles is banned
|rule|Species Clause: Limit one of each Pokémon
|rule|OHKO Clause: OHKO moves are banned
|rule|Evasion Items Clause: Evasion items are banned
|rule|Evasion Moves Clause: Evasion moves are banned
|rule|Evasion Abilities Clause: Evasion abilities are banned
|rule|Sleep Moves Clause: Sleep-inducing moves are banned
|clearpoke
|poke|p1|Greninja-*, F|
|poke|p1|Weavile, M|
|poke|p1|Enamorus, F|
|poke|p1|Volcanion|
|poke|p1|Garchomp, M|
|poke|p1|Iron Treads|
|poke|p2|Hatterene, F|
|poke|p2|Goodra-Hisui, F|
|poke|p2|Corviknight, F|
|poke|p2|Gastrodon-East, M|
|poke|p2|Ditto|
|poke|p2|Ceruledge, F|
|teampreview
|inactive|Battle timer is ON: inactive players will automatically lose when time's up. (requested by UserJexx)
|
|t:|1759032850
|teamsize|p1|6
|teamsize|p2|6
|start
|switch|p1a: Garchomp|Garchomp, M|100/100
|switch|p2a: Respiration III|Gastrodon-East, M|100/100
|turn|1
|
|t:|1759032862
|move|p1a: Garchomp|Earthquake|p2a: Respiration III
|-damage|p2a: Respiration III|44/100
|move|p2a: Respiration III|Ice Beam|p1a: Garchomp
|-supereffective|p1a: Garchomp
|-damage|p1a: Garchomp|22/100
|-status|p1a: Garchomp|frz
|
|-heal|p2a: Respiration III|50/100|[from] item: Leftovers
|upkeep
|turn|2
|
|t:|1759032871
|switch|p1a: Greninja|Greninja, F|100/100
|move|p2a: Respiration III|Surf|p1a: Greninja
|-resisted|p1a: Greninja
|-damage|p1a: Greninja|67/100
|
|-heal|p2a: Respiration III|56/100|[from] item: Leftovers
|upkeep
|turn|3
|
|t:|1759032879
|move|p1a: Greninja|Grass Knot|p2a: Respiration III
|-start|p1a: Greninja|typechange|Grass|[from] ability: Protean
|-supereffective|p2a: Respiration III
|-damage|p2a: Respiration III|0 fnt
|faint|p2a: Respiration III
|
|upkeep
|
|t:|1759032882
|switch|p2a: Sharpness V|Ceruledge, F|100/100
|turn|4
|
|t:|1759032885
|move|p2a: Sharpness V|Bitter Blade|p1a: Greninja
|-supereffective|p1a: Greninja
|-damage|p1a: Greninja|0 fnt
|-damage|p2a: Sharpness V|84/100|[from] item: Rocky Helmet|[of] p1a: Greninja
|faint|p1a: Greninja
|
|upkeep
|
|t:|1759032897
|switch|p1a: Volcanion|Volcanion|100/100
|turn|5
|
|t:|1759032900
|switch|p2a: Protection IV|Goodra-Hisui, F|100/100
|move|p1a: Volcanion|Flamethrower|p2a: Protection IV
|-damage|p2a: Protection IV|80/100
|
|upkeep
|turn|6
|
|t:|1759032907
|move|p1a: Volcanion|Flamethrower|p2a: Protection IV
|-damage|p2a: Protection IV|59/100
|move|p2a: Protection IV|Draco Meteor|p1a: Volcanion|[miss]
|-miss|p2a: Protection IV|p1a: Volcanion
|
|upkeep
|turn|7
|
|t:|1759032913
|switch|p1a: Enamorus|Enamorus, F|100/100
|move|p2a: Protection IV|Earthquake|p1a: Enamorus
|-immune|p1a: Enamorus
|
|upkeep
|turn|8
|
|t:|1759032922
|switch|p1a: Iron Treads|Iron Treads|100/100
|-enditem|p1a: Iron Treads|Booster Energy
|-activate|p1a: Iron Treads|ability: Quark Drive|[fromitem]
|-start|p1a: Iron Treads|quarkdrivespe
|move|p2a: Protection IV|Heavy Slam|p1a: Iron Treads
|-resisted|p1a: Iron Treads
|-damage|p1a: Iron Treads|93/100
|
|upkeep
|turn|9
|
|t:|1759032929
|switch|p2a: Thorns II|Corviknight, F|100/100
|-ability|p2a: Thorns II|Pressure
|move|p1a: Iron Treads|Iron Defense|p1a: Iron Treads
|-boost|p1a: Iron Treads|def|2
|
|upkeep
|turn|10
|
|t:|1759032933
|move|p1a: Iron Treads|Iron Defense|p1a: Iron Treads
|-boost|p1a: Iron Treads|def|2
|move|p2a: Thorns II|Iron Defense|p2a: Thorns II
|-boost|p2a: Thorns II|def|2
|
|upkeep
|turn|11
|
|t:|1759032937
|move|p1a: Iron Treads|Iron Defense|p1a: Iron Treads
|-boost|p1a: Iron Treads|def|2
|move|p2a: Thorns II|Body Press|p1a: Iron Treads
|-supereffective|p1a: Iron Treads
|-damage|p1a: Iron Treads|79/100
|
|upkeep
|turn|12
|
|t:|1759032944
|move|p1a: Iron Treads|Knock Off|p2a: Thorns II
|-damage|p2a: Thorns II|91/100
|-damage|p1a: Iron Treads|62/100|[from] item: Rocky Helmet|[of] p2a: Thorns II
|-enditem|p2a: Thorns II|Rocky Helmet|[from] move: Knock Off|[of] p1a: Iron Treads
|move|p2a: Thorns II|Iron Defense|p2a: Thorns II
|-boost|p2a: Thorns II|def|2
|
|upkeep
|turn|13
|
|t:|1759032947
|-terastallize|p1a: Iron Treads|Fighting
|move|p1a: Iron Treads|Body Press|p2a: Thorns II
|-crit|p2a: Thorns II
|-damage|p2a: Thorns II|0 fnt
|faint|p2a: Thorns II
|
|upkeep
|
|t:|1759032960
|switch|p2a: Curse of Binding|Ditto|100/100
|-transform|p2a: Curse of Binding|p1a: Iron Treads|[from] ability: Imposter
|-start|p2a: Curse of Binding|typechange|Ground/Steel|[silent]
|turn|14
|
|t:|1759032967
|move|p2a: Curse of Binding|Body Press|p1a: Iron Treads
|-damage|p1a: Iron Treads|47/100
|move|p1a: Iron Treads|Body Press|p2a: Curse of Binding
|-supereffective|p2a: Curse of Binding
|-damage|p2a: Curse of Binding|36/100
|
|upkeep
|turn|15
|
|t:|1759032974
|-end|p2a: Curse of Binding|Quark Drive|[silent]
|switch|p2a: Sharpness V|Ceruledge, F|84/100
|move|p1a: Iron Treads|Knock Off|p2a: Sharpness V
|-supereffective|p2a: Sharpness V
|-damage|p2a: Sharpness V|20/100
|-enditem|p2a: Sharpness V|Choice Scarf|[from] move: Knock Off|[of] p1a: Iron Treads
|
|upkeep
|turn|16
|
|t:|1759032982
|move|p1a: Iron Treads|Earthquake|p2a: Sharpness V
|-supereffective|p2a: Sharpness V
|-damage|p2a: Sharpness V|0 fnt
|faint|p2a: Sharpness V
|
|upkeep
|
|t:|1759032985
|switch|p2a: Looting II|Hatterene, F, shiny|100/100
|turn|17
|
|t:|1759032991
|-end|p1a: Iron Treads|Quark Drive|[silent]
|switch|p1a: Volcanion|Volcanion|100/100
|move|p2a: Looting II|Draining Kiss|p1a: Volcanion
|-resisted|p1a: Volcanion
|-damage|p1a: Volcanion|86/100
|-damage|p2a: Looting II|84/100|[from] item: Rocky Helmet|[of] p1a: Volcanion
|
|upkeep
|turn|18
|
|t:|1759032997
|switch|p2a: Protection IV|Goodra-Hisui, F|59/100
|move|p1a: Volcanion|Flamethrower|p2a: Protection IV
|-damage|p2a: Protection IV|39/100
|
|upkeep
|turn|19
|
|t:|1759033006
|switch|p1a: Garchomp|Garchomp, M|22/100 frz
|move|p2a: Protection IV|Heavy Slam|p1a: Garchomp
|-damage|p1a: Garchomp|0 fnt
|-damage|p2a: Protection IV|27/100|[from] ability: Rough Skin|[of] p1a: Garchomp
|faint|p1a: Garchomp
|
|upkeep
|
|t:|1759033010
|switch|p1a: Enamorus|Enamorus, F|100/100
|turn|20
|
|t:|1759033013
|move|p1a: Enamorus|Earth Power|p2a: Protection IV
|-supereffective|p2a: Protection IV
|-damage|p2a: Protection IV|0 fnt
|faint|p2a: Protection IV
|
|upkeep
|
|t:|1759033018
|switch|p2a: Looting II|Hatterene, F, shiny|84/100
|turn|21
|
|t:|1759033024
|switch|p1a: Volcanion|Volcanion|86/100
|move|p2a: Looting II|Draining Kiss|p1a: Volcanion
|-resisted|p1a: Volcanion
|-damage|p1a: Volcanion|71/100
|-heal|p2a: Looting II|100/100|[from] drain|[of] p1a: Volcanion
|-damage|p2a: Looting II|84/100|[from] item: Rocky Helmet|[of] p1a: Volcanion
|
|upkeep
|turn|22
|
|t:|1759033031
|switch|p2a: Curse of Binding|Ditto|36/100
|-transform|p2a: Curse of Binding|p1a: Volcanion|[from] ability: Imposter
|move|p1a: Volcanion|Steam Eruption|p2a: Curse of Binding
|-heal|p2a: Curse of Binding|60/100|[from] ability: Water Absorb|[of] p1a: Volcanion
|
|upkeep
|turn|23
|
|t:|1759033056
|-terastallize|p2a: Curse of Binding|Normal
|move|p2a: Curse of Binding|Tera Blast|p1a: Volcanion|[anim] Tera Blast Normal
|-damage|p1a: Volcanion|30/100
|move|p1a: Volcanion|Tera Blast|p2a: Curse of Binding
|-damage|p2a: Curse of Binding|26/100
|
|upkeep
|turn|24
|
|t:|1759033065
|switch|p1a: Enamorus|Enamorus, F|100/100
|move|p2a: Curse of Binding|Tera Blast|p1a: Enamorus|[anim] Tera Blast Normal
|-damage|p1a: Enamorus|44/100
|
|upkeep
|turn|25
|
|t:|1759033069
|move|p1a: Enamorus|Moonblast|p2a: Curse of Binding
|-damage|p2a: Curse of Binding|0 fnt
|faint|p2a: Curse of Binding
|
|upkeep
|
|t:|1759033072
|switch|p2a: Looting II|Hatterene, F, shiny|84/100
|turn|26
|
|t:|1759033074
|move|p1a: Enamorus|Moonblast|p2a: Looting II
|-damage|p2a: Looting II|28/100
|-unboost|p2a: Looting II|spa|1
|move|p2a: Looting II|Draining Kiss|p1a: Enamorus
|-damage|p1a: Enamorus|15/100
|-heal|p2a: Looting II|56/100|[from] drain|[of] p1a: Enamorus
|
|upkeep
|turn|27
|-message|UserJexx forfeited.
|
|win|hungrymane
|raw|hungrymane's rating: 1487 &rarr; <strong>1509</strong><br />(+22 for winning)
|raw|UserJexx's rating: 1527 &rarr; <strong>1505</strong><br />(-22 for losing)
|l|☆UserJexx
|player|p2|
|l|☆hungrymane
|player|p1|
