|j|☆Perola Z
|j|☆FizzyXD
|t:|1759076259
|gametype|singles
|player|p1|Perola Z|elesa|1464
|player|p2|FizzyXD|swimmerf-gen4dp|1445
|gen|9
|tier|[Gen 9] OU
|rated|
|rule|HP Percentage Mod: HP is shown in percentages
|rule|Endless Battle Clause: Forcing endless battles is banned
|rule|Species Clause: Limit one of each Pokémon
|rule|OHKO Clause: OHKO moves are banned
|rule|Evasion Items Clause: Evasion items are banned
|rule|Evasion Moves Clause: Evasion moves are banned
|rule|Evasion Abilities Clause: Evasion abilities are banned
|rule|Sleep Moves Clause: Sleep-inducing moves are banned
|clearpoke
|poke|p1|Landorus-Therian, M|
|poke|p1|Enamorus, F|
|poke|p1|Latios, M|
|poke|p1|Cinderace, F|
|poke|p1|Gengar, M|
|poke|p1|Primarina, F|
|poke|p2|Dragonite, F|
|poke|p2|Magnezone|
|poke|p2|Regidrago|
|poke|p2|Scizor, F|
|poke|p2|Ting-Lu|
|poke|p2|Weezing-Galar, M|
|teampreview
|inactive|Battle timer is ON: inactive players will automatically lose when time's up. (requested by FizzyXD)
|
|t:|1759076275
|teamsize|p1|6
|teamsize|p2|6
|start
|switch|p1a: Primarina|Primarina, F|100/100
|switch|p2a: Scizor|Scizor, F|100/100
|turn|1
|
|t:|1759076283
|move|p1a: Primarina|Sparkling Aria|p2a: Scizor
|-damage|p2a: Scizor|3/100
|move|p2a: Scizor|Knock Off|p1a: Primarina
|-resisted|p1a: Primarina
|-damage|p1a: Primarina|74/100
|-enditem|p1a: Primarina|Choice Specs|[from] move: Knock Off|[of] p2a: Scizor
|
|upkeep
|turn|2
|
|t:|1759076295
|move|p2a: Scizor|Bullet Punch|p1a: Primarina
|-damage|p1a: Primarina|22/100
|move|p1a: Primarina|Moonblast|p2a: Scizor
|-resisted|p2a: Scizor
|-damage|p2a: Scizor|0 fnt
|faint|p2a: Scizor
|
|upkeep
|
|t:|1759076316
|switch|p2a: Magnezone|Magnezone|100/100
|-item|p2a: Magnezone|Air Balloon
|turn|3
|
|t:|1759076326
|move|p2a: Magnezone|Flash Cannon|p1a: Primarina
|-damage|p1a: Primarina|0 fnt
|faint|p1a: Primarina
|
|upkeep
|
|t:|1759076340
|switch|p1a: Cinderace|Cinderace, F|100/100
|turn|4
|
|t:|1759076358
|move|p1a: Cinderace|U-turn|p2a: Magnezone
|-start|p1a: Cinderace|typechange|Bug|[from] ability: Libero
|-resisted|p2a: Magnezone
|-damage|p2a: Magnezone|81/100
|-enditem|p2a: Magnezone|Air Balloon
|
|t:|1759076364
|switch|p1a: Landorus|Landorus-Therian, M|100/100|[from] U-turn
|-ability|p1a: Landorus|Intimidate|boost
|-unboost|p2a: Magnezone|atk|1
|move|p2a: Magnezone|Discharge|p1a: Landorus
|-immune|p1a: Landorus
|
|upkeep
|turn|5
|
|t:|1759076371
|move|p1a: Landorus|U-turn|p2a: Magnezone
|-resisted|p2a: Magnezone
|-damage|p2a: Magnezone|60/100
|
|t:|1759076375
|switch|p1a: Cinderace|Cinderace, F|100/100|[from] U-turn
|move|p2a: Magnezone|Flash Cannon|p1a: Cinderace
|-resisted|p1a: Cinderace
|-damage|p1a: Cinderace|68/100
|
|upkeep
|turn|6
|
|t:|1759076384
|move|p1a: Cinderace|Pyro Ball|p2a: Magnezone
|-supereffective|p2a: Magnezone
|-damage|p2a: Magnezone|0 fnt
|faint|p2a: Magnezone
|
|upkeep
|
|t:|1759076399
|switch|p2a: Ting-Lu|Ting-Lu|100/100
|-ability|p2a: Ting-Lu|Vessel of Ruin
|turn|7
|
|t:|1759076405
|move|p1a: Cinderace|U-turn|p2a: Ting-Lu
|-start|p1a: Cinderace|typechange|Bug|[from] ability: Libero
|-supereffective|p2a: Ting-Lu
|-damage|p2a: Ting-Lu|64/100
|-damage|p1a: Cinderace|51/100|[from] item: Rocky Helmet|[of] p2a: Ting-Lu
|
|t:|1759076410
|switch|p1a: Landorus|Landorus-Therian, M|100/100|[from] U-turn
|-ability|p1a: Landorus|Intimidate|boost
|-unboost|p2a: Ting-Lu|atk|1
|move|p2a: Ting-Lu|Ruination|p1a: Landorus|[miss]
|-miss|p2a: Ting-Lu|p1a: Landorus
|
|upkeep
|turn|8
|
|t:|1759076421
|move|p1a: Landorus|U-turn|p2a: Ting-Lu
|-supereffective|p2a: Ting-Lu
|-damage|p2a: Ting-Lu|20/100
|-damage|p1a: Landorus|84/100|[from] item: Rocky Helmet|[of] p2a: Ting-Lu
|
|t:|1759076427
|switch|p1a: Cinderace|Cinderace, F|51/100|[from] U-turn
|move|p2a: Ting-Lu|Ruination|p1a: Cinderace
|-damage|p1a: Cinderace|26/100
|
|upkeep
|turn|9
|
|t:|1759076432
|move|p1a: Cinderace|U-turn|p2a: Ting-Lu
|-start|p1a: Cinderace|typechange|Bug|[from] ability: Libero
|-supereffective|p2a: Ting-Lu
|-damage|p2a: Ting-Lu|0 fnt
|-damage|p1a: Cinderace|9/100|[from] item: Rocky Helmet|[of] p2a: Ting-Lu
|faint|p2a: Ting-Lu
|
|t:|1759076444
|switch|p1a: Gengar|Gengar, M|100/100|[from] U-turn
|
|upkeep
|
|t:|1759076449
|switch|p2a: Weezing|Weezing-Galar, M|100/100
|-ability|p2a: Weezing|Neutralizing Gas
|turn|10
|
|t:|1759076454
|move|p1a: Gengar|Shadow Ball|p2a: Weezing
|-damage|p2a: Weezing|21/100
|-damage|p1a: Gengar|91/100|[from] item: Life Orb
|move|p2a: Weezing|Will-O-Wisp|p1a: Gengar|[miss]
|-miss|p2a: Weezing|p1a: Gengar
|
|upkeep
|turn|11
|
|t:|1759076461
|move|p1a: Gengar|Shadow Ball|p2a: Weezing
|-damage|p2a: Weezing|0 fnt
|faint|p2a: Weezing
|-end|p2a: Weezing|ability: Neutralizing Gas
|-damage|p1a: Gengar|81/100|[from] item: Life Orb
|
|upkeep
|
|t:|1759076471
|switch|p2a: Dragonite|Dragonite, F|100/100
|turn|12
|
|t:|1759076479
|move|p1a: Gengar|Dazzling Gleam|p2a: Dragonite
|-supereffective|p2a: Dragonite
|-damage|p2a: Dragonite|62/100
|-damage|p1a: Gengar|71/100|[from] item: Life Orb
|move|p2a: Dragonite|Dragon Dance|p2a: Dragonite
|-boost|p2a: Dragonite|atk|1
|-boost|p2a: Dragonite|spe|1
|
|upkeep
|turn|13
|
|t:|1759076494
|move|p2a: Dragonite|Earthquake|p1a: Gengar
|-supereffective|p1a: Gengar
|-damage|p1a: Gengar|0 fnt
|-start|p2a: Dragonite|Disable|Earthquake|[from] ability: Cursed Body|[of] p1a: Gengar
|faint|p1a: Gengar
|
|upkeep
|
|t:|1759076502
|switch|p1a: Enamorus|Enamorus, F|100/100
|turn|14
|
|t:|1759076509
|-terastallize|p1a: Enamorus|Fairy
|-terastallize|p2a: Dragonite|Normal
|move|p2a: Dragonite|Extreme Speed|p1a: Enamorus
|-damage|p1a: Enamorus|0 fnt
|faint|p1a: Enamorus
|
|upkeep
|
|t:|1759076524
|switch|p1a: Landorus|Landorus-Therian, M|84/100
|-ability|p1a: Landorus|Intimidate|boost
|-unboost|p2a: Dragonite|atk|1
|turn|15
|
|t:|1759076540
|move|p2a: Dragonite|Extreme Speed|p1a: Landorus
|-damage|p1a: Landorus|31/100
|move|p1a: Landorus|Earthquake|p2a: Dragonite
|-damage|p2a: Dragonite|0 fnt
|faint|p2a: Dragonite
|
|upkeep
|
|t:|1759076546
|switch|p2a: Regidrago|Regidrago, shiny|100/100
|turn|16
|
|t:|1759076549
|move|p2a: Regidrago|Dragon Energy|p1a: Landorus
|-damage|p1a: Landorus|0 fnt
|faint|p1a: Landorus
|
|upkeep
|
|t:|1759076567
|switch|p1a: Latios|Latios, M|100/100
|turn|17
|
|t:|1759076573
|move|p2a: Regidrago|Dragon Energy|p1a: Latios
|-supereffective|p1a: Latios
|-damage|p1a: Latios|0 fnt
|faint|p1a: Latios
|
|upkeep
|
|t:|1759076578
|switch|p1a: Cinderace|Cinderace, F|9/100
|turn|18
|
|t:|1759076582
|move|p2a: Regidrago|Dragon Energy|p1a: Cinderace
|-damage|p1a: Cinderace|0 fnt
|faint|p1a: Cinderace
|
|win|FizzyXD
|raw|Perola Z's rating: 1464 &rarr; <strong>1443</strong><br />(-21 for losing)
|raw|FizzyXD's rating: 1445 &rarr; <strong>1466</strong><br />(+21 for winning)
|l|☆Perola Z
|player|p1|
|c|☆FizzyXD|Gg
|l|☆FizzyXD
|player|p2|
