|j|☆FlytrapLeafeon
|j|☆merqry1
|t:|1758998201
|gametype|singles
|player|p1|FlytrapLeafeon|170|1118
|player|p2|merqry1|n|1145
|gen|9
|tier|[Gen 9] OU
|rated|
|rule|HP Percentage Mod: HP is shown in percentages
|rule|Endless Battle Clause: Forcing endless battles is banned
|rule|Species Clause: Limit one of each Pokémon
|rule|OHKO Clause: OHKO moves are banned
|rule|Evasion Items Clause: Evasion items are banned
|rule|Evasion Moves Clause: Evasion moves are banned
|rule|Evasion Abilities Clause: Evasion abilities are banned
|rule|Sleep Moves Clause: Sleep-inducing moves are banned
|clearpoke
|poke|p1|Lycanroc, F|
|poke|p1|Espeon, F|
|poke|p1|Kingdra, F|
|poke|p1|Shaymin|
|poke|p1|Chandelure, F|
|poke|p1|Heracross, F|
|poke|p2|Moltres|
|poke|p2|Zamazenta-*|
|poke|p2|Darkrai|
|poke|p2|Hydrapple, M|
|poke|p2|Ting-Lu|
|poke|p2|Tinkaton, F|
|teampreview
|
|t:|1758998212
|teamsize|p1|6
|teamsize|p2|6
|start
|switch|p1a: Lycanroc|Lycanroc, F|100/100
|switch|p2a: Tinkaton|Tinkaton, F|100/100
|-ability|p2a: Tinkaton|Mold Breaker
|-item|p2a: Tinkaton|Air Balloon
|turn|1
|
|t:|1758998220
|move|p1a: Lycanroc|Stealth Rock|p2a: Tinkaton
|-sidestart|p2: merqry1|move: Stealth Rock
|move|p2a: Tinkaton|Stealth Rock|p1a: Lycanroc
|-sidestart|p1: FlytrapLeafeon|move: Stealth Rock
|
|upkeep
|turn|2
|
|t:|1758998227
|move|p1a: Lycanroc|Taunt|p2a: Tinkaton
|-start|p2a: Tinkaton|move: Taunt
|cant|p2a: Tinkaton|move: Taunt|Thunder Wave
|
|upkeep
|turn|3
|
|t:|1758998234
|move|p1a: Lycanroc|Sucker Punch|p2a: Tinkaton
|-resisted|p2a: Tinkaton
|-damage|p2a: Tinkaton|87/100
|-enditem|p2a: Tinkaton|Air Balloon
|move|p2a: Tinkaton|Gigaton Hammer|p1a: Lycanroc
|-supereffective|p1a: Lycanroc
|-enditem|p1a: Lycanroc|Focus Sash
|-damage|p1a: Lycanroc|1/100
|
|upkeep
|turn|4
|
|t:|1758998243
|move|p1a: Lycanroc|Endeavor|p2a: Tinkaton
|-damage|p2a: Tinkaton|1/100
|-activate|p2a: Tinkaton|move: Struggle
|move|p2a: Tinkaton|Struggle|p1a: Lycanroc
|-damage|p1a: Lycanroc|0 fnt
|faint|p1a: Lycanroc
|-damage|p2a: Tinkaton|0 fnt|[from] recoil
|faint|p2a: Tinkaton
|
|upkeep
|
|t:|1758998254
|switch|p1a: Espeon|Espeon, F|100/100
|switch|p2a: Zamazenta|Zamazenta|100/100
|-ability|p2a: Zamazenta|Dauntless Shield|boost
|-boost|p2a: Zamazenta|def|1
|-damage|p1a: Espeon|88/100|[from] Stealth Rock
|turn|5
|
|t:|1758998263
|move|p2a: Zamazenta|Crunch|p1a: Espeon
|-supereffective|p1a: Espeon
|-damage|p1a: Espeon|0 fnt
|faint|p1a: Espeon
|
|upkeep
|
|t:|1758998274
|switch|p1a: Heracross|Heracross, F|100/100
|-damage|p1a: Heracross|88/100|[from] Stealth Rock
|turn|6
|
|t:|1758998281
|move|p2a: Zamazenta|Close Combat|p1a: Heracross
|-resisted|p1a: Heracross
|-damage|p1a: Heracross|49/100
|-unboost|p2a: Zamazenta|def|1
|-unboost|p2a: Zamazenta|spd|1
|move|p1a: Heracross|Swords Dance|p1a: Heracross
|-boost|p1a: Heracross|atk|2
|
|-status|p1a: Heracross|brn|[from] item: Flame Orb
|upkeep
|turn|7
|
|t:|1758998291
|move|p2a: Zamazenta|Stone Edge|p1a: Heracross
|-crit|p1a: Heracross
|-damage|p1a: Heracross|0 fnt
|faint|p1a: Heracross
|
|upkeep
|
|t:|1758998303
|switch|p1a: Kingdra|Kingdra, F, shiny|100/100
|-damage|p1a: Kingdra|88/100|[from] Stealth Rock
|turn|8
|
|t:|1758998308
|move|p2a: Zamazenta|Ice Fang|p1a: Kingdra
|-damage|p1a: Kingdra|64/100
|move|p1a: Kingdra|Liquidation|p2a: Zamazenta
|-damage|p2a: Zamazenta|68/100
|-unboost|p2a: Zamazenta|def|1
|
|upkeep
|turn|9
|
|t:|1758998317
|move|p2a: Zamazenta|Close Combat|p1a: Kingdra
|-damage|p1a: Kingdra|0 fnt
|-unboost|p2a: Zamazenta|def|1
|-unboost|p2a: Zamazenta|spd|1
|faint|p1a: Kingdra
|
|upkeep
|
|t:|1758998324
|switch|p1a: Chandelure|Chandelure, F, shiny|100/100
|-damage|p1a: Chandelure|76/100|[from] Stealth Rock
|turn|10
|
|t:|1758998330
|move|p2a: Zamazenta|Crunch|p1a: Chandelure
|-supereffective|p1a: Chandelure
|-damage|p1a: Chandelure|0 fnt
|faint|p1a: Chandelure
|
|upkeep
|
|t:|1758998334
|switch|p1a: Shaymin|Shaymin, shiny|100/100
|-damage|p1a: Shaymin|88/100|[from] Stealth Rock
|turn|11
|
|t:|1758998340
|move|p2a: Zamazenta|Close Combat|p1a: Shaymin
|-damage|p1a: Shaymin|37/100
|-unboost|p2a: Zamazenta|def|1
|-unboost|p2a: Zamazenta|spd|1
|move|p1a: Shaymin|Seed Flare|p2a: Zamazenta|[miss]
|-miss|p1a: Shaymin|p2a: Zamazenta
|
|-heal|p1a: Shaymin|43/100|[from] item: Leftovers
|upkeep
|turn|12
|
|t:|1758998348
|move|p2a: Zamazenta|Close Combat|p1a: Shaymin
|-damage|p1a: Shaymin|0 fnt
|-unboost|p2a: Zamazenta|def|1
|-unboost|p2a: Zamazenta|spd|1
|faint|p1a: Shaymin
|
|win|merqry1
|raw|FlytrapLeafeon's rating: 1118 &rarr; <strong>1095</strong><br />(-23 for losing)
|raw|merqry1's rating: 1145 &rarr; <strong>1168</strong><br />(+23 for winning)
|l|☆FlytrapLeafeon
|player|p1|
|l|☆merqry1
|player|p2|
