|j|☆erupting fury
|j|☆crasherman3124
|t:|1758917382
|gametype|singles
|player|p1|erupting fury|veteranf|1110
|player|p2|crasherman3124|bruno|1145
|gen|9
|tier|[Gen 9] OU
|rated|
|rule|HP Percentage Mod: HP is shown in percentages
|rule|Endless Battle Clause: Forcing endless battles is banned
|rule|Species Clause: Limit one of each Pokémon
|rule|OHKO Clause: OHKO moves are banned
|rule|Evasion Items Clause: Evasion items are banned
|rule|Evasion Moves Clause: Evasion moves are banned
|rule|Evasion Abilities Clause: Evasion abilities are banned
|rule|Sleep Moves Clause: Sleep-inducing moves are banned
|clearpoke
|poke|p1|Grimmsnarl, M|
|poke|p1|Mismagius, F|
|poke|p1|Iron Hands|
|poke|p1|Gligar, M|
|poke|p1|Great Tusk|
|poke|p1|Regidrago|
|poke|p2|Iron Jugulis|
|poke|p2|Arcanine-Hisui, M|
|poke|p2|Kingambit, M|
|poke|p2|Exeggutor-Alola, F|
|poke|p2|Metagross|
|poke|p2|Ceruledge, M|
|teampreview
|inactive|Battle timer is ON: inactive players will automatically lose when time's up. (requested by erupting fury)
|inactive|crasherman3124 also wants the timer to be on.
|
|t:|1758917393
|teamsize|p1|6
|teamsize|p2|6
|start
|switch|p1a: Regidrago|Regidrago|100/100
|switch|p2a: Iron Jugulis|Iron Jugulis|100/100
|-enditem|p2a: Iron Jugulis|Booster Energy
|-activate|p2a: Iron Jugulis|ability: Quark Drive|[fromitem]
|-start|p2a: Iron Jugulis|quarkdrivespe
|turn|1
|
|t:|1758917401
|switch|p1a: Grimmsnarl|Grimmsnarl, M|100/100
|move|p2a: Iron Jugulis|Dark Pulse|p1a: Grimmsnarl
|-resisted|p1a: Grimmsnarl
|-damage|p1a: Grimmsnarl|93/100
|
|upkeep
|turn|2
|
|t:|1758917407
|move|p1a: Grimmsnarl|Light Screen|p1a: Grimmsnarl
|-sidestart|p1: erupting fury|move: Light Screen
|move|p2a: Iron Jugulis|Taunt|p1a: Grimmsnarl
|-start|p1a: Grimmsnarl|move: Taunt
|
|upkeep
|turn|3
|
|t:|1758917426
|-end|p2a: Iron Jugulis|Quark Drive|[silent]
|switch|p2a: Exeggutor|Exeggutor-Alola, F|100/100
|-item|p1a: Grimmsnarl|Light Clay|[from] ability: Frisk|[of] p2a: Exeggutor
|switch|p1a: Gligar|Gligar, M|100/100
|
|upkeep
|turn|4
|
|t:|1758917432
|move|p1a: Gligar|Spikes|p2a: Exeggutor
|-sidestart|p2: crasherman3124|Spikes
|move|p2a: Exeggutor|Trick Room|p2a: Exeggutor
|-fieldstart|move: Trick Room|[of] p2a: Exeggutor
|
|upkeep
|turn|5
|
|t:|1758917439
|move|p2a: Exeggutor|Draco Meteor|p1a: Gligar
|-damage|p1a: Gligar|68/100
|-unboost|p2a: Exeggutor|spa|2
|-enditem|p2a: Exeggutor|Eject Pack
|
|t:|1758917447
|switch|p2a: Ceruledge|Ceruledge, M|100/100
|-damage|p2a: Ceruledge|88/100|[from] Spikes
|move|p1a: Gligar|Spikes|p2a: Ceruledge
|-sidestart|p2: crasherman3124|Spikes
|
|upkeep
|turn|6
|
|t:|1758917453
|move|p1a: Gligar|Knock Off|p2a: Ceruledge
|-supereffective|p2a: Ceruledge
|-damage|p2a: Ceruledge|41/100
|-ability|p2a: Ceruledge|Weak Armor|boost
|-unboost|p2a: Ceruledge|def|1
|-boost|p2a: Ceruledge|spe|2
|-enditem|p2a: Ceruledge|Focus Sash|[from] move: Knock Off|[of] p1a: Gligar
|move|p2a: Ceruledge|Swords Dance|p2a: Ceruledge
|-boost|p2a: Ceruledge|atk|2
|
|upkeep
|turn|7
|
|t:|1758917458
|move|p1a: Gligar|Knock Off|p2a: Ceruledge
|-supereffective|p2a: Ceruledge
|-damage|p2a: Ceruledge|0 fnt
|faint|p2a: Ceruledge
|
|upkeep
|
|t:|1758917464
|switch|p2a: Exeggutor|Exeggutor-Alola, F|100/100
|-damage|p2a: Exeggutor|84/100|[from] Spikes
|-item|p1a: Gligar|Eviolite|[from] ability: Frisk|[of] p2a: Exeggutor
|turn|8
|
|t:|1758917472
|move|p2a: Exeggutor|Giga Drain|p1a: Gligar
|-damage|p1a: Gligar|47/100
|-heal|p2a: Exeggutor|93/100|[from] drain|[of] p1a: Gligar
|move|p1a: Gligar|Spikes|p2a: Exeggutor
|-sidestart|p2: crasherman3124|Spikes
|
|-fieldend|move: Trick Room
|upkeep
|turn|9
|
|t:|1758917482
|switch|p1a: Grimmsnarl|Grimmsnarl, M|93/100
|move|p2a: Exeggutor|Giga Drain|p1a: Grimmsnarl
|-damage|p1a: Grimmsnarl|77/100
|-heal|p2a: Exeggutor|100/100|[from] drain|[of] p1a: Grimmsnarl
|
|-sideend|p1: erupting fury|move: Light Screen
|upkeep
|turn|10
|
|t:|1758917490
|move|p1a: Grimmsnarl|Taunt|p2a: Exeggutor
|-start|p2a: Exeggutor|move: Taunt
|move|p2a: Exeggutor|Flamethrower|p1a: Grimmsnarl
|-damage|p1a: Grimmsnarl|52/100
|
|upkeep
|turn|11
|
|t:|1758917499
|move|p1a: Grimmsnarl|Parting Shot|p2a: Exeggutor
|-unboost|p2a: Exeggutor|atk|1
|-unboost|p2a: Exeggutor|spa|1
|
|t:|1758917502
|switch|p1a: Gligar|Gligar, M|47/100|[from] Parting Shot
|move|p2a: Exeggutor|Flamethrower|p1a: Gligar
|-damage|p1a: Gligar|24/100
|
|upkeep
|turn|12
|
|t:|1758917515
|move|p1a: Gligar|Toxic Spikes|p2a: Exeggutor
|-sidestart|p2: crasherman3124|move: Toxic Spikes
|move|p2a: Exeggutor|Draco Meteor|p1a: Gligar
|-damage|p1a: Gligar|0 fnt
|-unboost|p2a: Exeggutor|spa|2
|faint|p1a: Gligar
|
|-end|p2a: Exeggutor|move: Taunt
|upkeep
|
|t:|1758917523
|switch|p1a: Regidrago|Regidrago|100/100
|turn|13
|
|t:|1758917527
|switch|p2a: Metagross|Metagross|100/100
|-damage|p2a: Metagross|76/100|[from] Spikes
|-terastallize|p1a: Regidrago|Dragon
|move|p1a: Regidrago|Dragon Energy|p2a: Metagross
|-resisted|p2a: Metagross
|-damage|p2a: Metagross|0 fnt
|faint|p2a: Metagross
|
|upkeep
|
|t:|1758917538
|switch|p2a: Arcanine|Arcanine-Hisui, M|100/100
|-damage|p2a: Arcanine|76/100|[from] Spikes
|-status|p2a: Arcanine|psn
|turn|14
|
|t:|1758917542
|switch|p1a: Mismagius|Mismagius, F|100/100
|-terastallize|p2a: Arcanine|Normal
|move|p2a: Arcanine|Extreme Speed|p1a: Mismagius
|-immune|p1a: Mismagius
|
|-damage|p2a: Arcanine|63/100 psn|[from] psn
|upkeep
|turn|15
|
|t:|1758917549
|switch|p2a: Kingambit|Kingambit, M|100/100
|-damage|p2a: Kingambit|76/100|[from] Spikes
|-activate|p2a: Kingambit|ability: Supreme Overlord
|-start|p2a: Kingambit|fallen2|[silent]
|move|p1a: Mismagius|Hex|p2a: Kingambit
|-resisted|p2a: Kingambit
|-crit|p2a: Kingambit
|-damage|p2a: Kingambit|43/100
|
|upkeep
|turn|16
|
|t:|1758917557
|switch|p1a: Iron Hands|Iron Hands|100/100
|move|p2a: Kingambit|Kowtow Cleave|p1a: Iron Hands
|-resisted|p1a: Iron Hands
|-damage|p1a: Iron Hands|76/100
|
|upkeep
|turn|17
|
|t:|1758917564
|-end|p2a: Kingambit|fallen2|[silent]
|switch|p2a: Exeggutor|Exeggutor-Alola, F|100/100
|-damage|p2a: Exeggutor|76/100|[from] Spikes
|-status|p2a: Exeggutor|psn
|-item|p1a: Iron Hands|Choice Band|[from] ability: Frisk|[of] p2a: Exeggutor
|move|p1a: Iron Hands|Close Combat|p2a: Exeggutor
|-damage|p2a: Exeggutor|0 fnt
|-unboost|p1a: Iron Hands|def|1
|-unboost|p1a: Iron Hands|spd|1
|faint|p2a: Exeggutor
|
|upkeep
|
|t:|1758917575
|switch|p2a: Iron Jugulis|Iron Jugulis|100/100
|turn|18
|
|t:|1758917580
|-end|p1a: Iron Hands|Quark Drive|[silent]
|switch|p1a: Grimmsnarl|Grimmsnarl, M|52/100
|move|p2a: Iron Jugulis|Hurricane|p1a: Grimmsnarl
|-damage|p1a: Grimmsnarl|11/100
|
|upkeep
|turn|19
|
|t:|1758917587
|move|p1a: Grimmsnarl|Light Screen|p1a: Grimmsnarl
|-sidestart|p1: erupting fury|move: Light Screen
|move|p2a: Iron Jugulis|Earth Power|p1a: Grimmsnarl
|-damage|p1a: Grimmsnarl|0 fnt
|faint|p1a: Grimmsnarl
|
|upkeep
|
|t:|1758917593
|switch|p1a: Regidrago|Regidrago, tera:Dragon|100/100
|turn|20
|
|t:|1758917599
|move|p1a: Regidrago|Dragon Energy|p2a: Iron Jugulis
|-damage|p2a: Iron Jugulis|0 fnt
|faint|p2a: Iron Jugulis
|-end|p2a: Iron Jugulis|Quark Drive|[silent]
|
|upkeep
|
|t:|1758917603
|switch|p2a: Arcanine|Arcanine-Hisui, M, tera:Normal|63/100 psn
|-damage|p2a: Arcanine|39/100 psn|[from] Spikes
|turn|21
|
|t:|1758917608
|switch|p1a: Mismagius|Mismagius, F|100/100
|move|p2a: Arcanine|Flare Blitz|p1a: Mismagius
|-damage|p1a: Mismagius|0 fnt
|faint|p1a: Mismagius
|
|-damage|p2a: Arcanine|26/100 psn|[from] psn
|upkeep
|
|t:|1758917611
|switch|p1a: Regidrago|Regidrago, tera:Dragon|100/100
|turn|22
|
|t:|1758917618
|move|p1a: Regidrago|Dragon Energy|p2a: Arcanine
|-damage|p2a: Arcanine|0 fnt
|faint|p2a: Arcanine
|
|upkeep
|
|t:|1758917620
|switch|p2a: Kingambit|Kingambit, M|43/100
|-damage|p2a: Kingambit|18/100|[from] Spikes
|-activate|p2a: Kingambit|ability: Supreme Overlord
|-start|p2a: Kingambit|fallen5|[silent]
|turn|23
|
|t:|1758917625
|move|p2a: Kingambit|Sucker Punch|p1a: Regidrago
|-damage|p1a: Regidrago|7/100
|move|p1a: Regidrago|Dragon Energy|p2a: Kingambit
|-resisted|p2a: Kingambit
|-damage|p2a: Kingambit|14/100
|
|upkeep
|turn|24
|
|t:|1758917628
|move|p2a: Kingambit|Sucker Punch|p1a: Regidrago
|-crit|p1a: Regidrago
|-damage|p1a: Regidrago|0 fnt
|faint|p1a: Regidrago
|
|upkeep
|
|t:|1758917632
|switch|p1a: Great Tusk|Great Tusk|100/100
|turn|25
|
|t:|1758917638
|move|p2a: Kingambit|Sucker Punch|p1a: Great Tusk
|-resisted|p1a: Great Tusk
|-damage|p1a: Great Tusk|76/100
|move|p1a: Great Tusk|Headlong Rush|p2a: Kingambit
|-supereffective|p2a: Kingambit
|-damage|p2a: Kingambit|0 fnt
|-unboost|p1a: Great Tusk|def|1
|-unboost|p1a: Great Tusk|spd|1
|faint|p2a: Kingambit
|-end|p2a: Kingambit|fallen5|[silent]
|
|win|erupting fury
|raw|erupting fury's rating: 1110 &rarr; <strong>1138</strong><br />(+28 for winning)
|raw|crasherman3124's rating: 1145 &rarr; <strong>1117</strong><br />(-28 for losing)
|l|☆erupting fury
|player|p1|
|l|☆crasherman3124
|player|p2|
