|badge|p2|bronze|gen9ou|100-6
|uhtml|medal-msg|<div class="broadcast-blue">Curious what those medals under the avatar are? PS now has Ladder Seasons! For more information, check out the <a href="https://www.smogon.com/forums/threads/3740067/">thread on Smogon.</a></div>
|j|☆Halfgallon67
|j|☆tokiwakano
|t:|1758921014
|gametype|singles
|player|p1|Halfgallon67|102|1755
|player|p2|tokiwakano|acetrainerf|1777
|gen|9
|tier|[Gen 9] OU
|rated|
|rule|HP Percentage Mod: HP is shown in percentages
|rule|Endless Battle Clause: Forcing endless battles is banned
|rule|Species Clause: Limit one of each Pokémon
|rule|OHKO Clause: OHKO moves are banned
|rule|Evasion Items Clause: Evasion items are banned
|rule|Evasion Moves Clause: Evasion moves are banned
|rule|Evasion Abilities Clause: Evasion abilities are banned
|rule|Sleep Moves Clause: Sleep-inducing moves are banned
|clearpoke
|poke|p1|Pelipper, F|
|poke|p1|Hatterene, F|
|poke|p1|Iron Treads|
|poke|p1|Toxicroak, F|
|poke|p1|Barraskewda, F|
|poke|p1|Zapdos|
|poke|p2|Primarina, F|
|poke|p2|Iron Crown|
|poke|p2|Glimmora, M|
|poke|p2|Gholdengo|
|poke|p2|Landorus-Therian, M|
|poke|p2|Kyurem|
|teampreview
|inactive|Battle timer is ON: inactive players will automatically lose when time's up. (requested by tokiwakano)
|
|t:|1758921030
|teamsize|p1|6
|teamsize|p2|6
|start
|switch|p1a: Storm|Zapdos|100/100
|switch|p2a: Primarina|Primarina, F|100/100
|turn|1
|
|t:|1758921039
|move|p1a: Storm|Hurricane|p2a: Primarina|[miss]
|-miss|p1a: Storm|p2a: Primarina
|move|p2a: Primarina|Moonblast|p1a: Storm
|-damage|p1a: Storm|42/100
|
|upkeep
|turn|2
|
|t:|1758921046
|switch|p1a: I.B.Gulpin|Pelipper, F|100/100
|-weather|RainDance|[from] ability: Drizzle|[of] p1a: I.B.Gulpin
|move|p2a: Primarina|Moonblast|p1a: I.B.Gulpin
|-damage|p1a: I.B.Gulpin|50/100
|
|-weather|RainDance|[upkeep]
|upkeep
|turn|3
|
|t:|1758921064
|switch|p1a: Miss Maker|Hatterene, F|100/100
|move|p2a: Primarina|Moonblast|p1a: Miss Maker
|-damage|p1a: Miss Maker|47/100
|-enditem|p1a: Miss Maker|Eject Button
|
|t:|1758921068
|switch|p1a: Storm|Zapdos|42/100
|
|-weather|RainDance|[upkeep]
|upkeep
|turn|4
|
|t:|1758921078
|move|p1a: Storm|Volt Switch|p2a: Primarina
|-supereffective|p2a: Primarina
|-damage|p2a: Primarina|29/100
|
|t:|1758921081
|switch|p1a: Miss Maker|Hatterene, F|47/100|[from] Volt Switch
|move|p2a: Primarina|Moonblast|p1a: Miss Maker
|-damage|p1a: Miss Maker|0 fnt
|faint|p1a: Miss Maker
|
|-weather|RainDance|[upkeep]
|upkeep
|
|t:|1758921084
|switch|p1a: Storm|Zapdos|42/100
|turn|5
|
|t:|1758921088
|switch|p2a: Gholdengo|Gholdengo|100/100
|move|p1a: Storm|Hurricane|p2a: Gholdengo
|-resisted|p2a: Gholdengo
|-damage|p2a: Gholdengo|53/100
|
|-weather|RainDance|[upkeep]
|upkeep
|turn|6
|
|t:|1758921093
|-terastallize|p1a: Storm|Flying
|move|p2a: Gholdengo|Shadow Ball|p1a: Storm
|-damage|p1a: Storm|0 fnt
|faint|p1a: Storm
|
|-weather|RainDance|[upkeep]
|upkeep
|
|t:|1758921096
|switch|p1a: Laminar Flow|Barraskewda, F|100/100
|turn|7
|
|t:|1758921103
|move|p1a: Laminar Flow|Flip Turn|p2a: Gholdengo
|-damage|p2a: Gholdengo|0 fnt
|faint|p2a: Gholdengo
|
|t:|1758921112
|switch|p1a: Ramsay|Iron Treads|100/100|[from] Flip Turn
|
|-weather|RainDance|[upkeep]
|upkeep
|
|t:|1758921114
|switch|p2a: Landorus|Landorus-Therian, M|100/100
|-ability|p2a: Landorus|Intimidate|boost
|-unboost|p1a: Ramsay|atk|1
|turn|8
|
|t:|1758921132
|-end|p1a: Ramsay|Quark Drive|[silent]
|switch|p1a: Laminar Flow|Barraskewda, F|100/100
|move|p2a: Landorus|Earthquake|p1a: Laminar Flow
|-damage|p1a: Laminar Flow|3/100
|
|-weather|RainDance|[upkeep]
|upkeep
|turn|9
|
|t:|1758921140
|switch|p2a: Glimmora|Glimmora, M|100/100
|move|p1a: Laminar Flow|Flip Turn|p2a: Glimmora
|-supereffective|p2a: Glimmora
|-damage|p2a: Glimmora|0 fnt
|-activate|p2a: Glimmora|ability: Toxic Debris
|-sidestart|p1: Halfgallon67|move: Toxic Spikes
|faint|p2a: Glimmora
|
|t:|1758921144
|switch|p1a: Agent Oso|Toxicroak, F|100/100|[from] Flip Turn
|-sideend|p1: Halfgallon67|move: Toxic Spikes|[of] p1a: Agent Oso
|
|-weather|none
|upkeep
|
|t:|1758921148
|switch|p2a: Landorus|Landorus-Therian, M|100/100
|-ability|p2a: Landorus|Intimidate|boost
|-unboost|p1a: Agent Oso|atk|1
|turn|10
|
|t:|1758921151
|switch|p1a: I.B.Gulpin|Pelipper, F|50/100
|-weather|RainDance|[from] ability: Drizzle|[of] p1a: I.B.Gulpin
|move|p2a: Landorus|Stealth Rock|p1a: I.B.Gulpin
|-sidestart|p1: Halfgallon67|move: Stealth Rock
|
|-weather|RainDance|[upkeep]
|upkeep
|turn|11
|
|t:|1758921157
|move|p2a: Landorus|U-turn|p1a: I.B.Gulpin
|-resisted|p1a: I.B.Gulpin
|-damage|p1a: I.B.Gulpin|39/100
|
|t:|1758921159
|switch|p2a: Primarina|Primarina, F|29/100|[from] U-turn
|move|p1a: I.B.Gulpin|U-turn|p2a: Primarina
|-resisted|p2a: Primarina
|-crit|p2a: Primarina
|-damage|p2a: Primarina|19/100
|
|t:|1758921171
|switch|p1a: Ramsay|Iron Treads|100/100|[from] U-turn
|-damage|p1a: Ramsay|98/100|[from] Stealth Rock
|
|-weather|RainDance|[upkeep]
|-heal|p1a: Ramsay|100/100|[from] item: Leftovers
|upkeep
|turn|12
|
|t:|1758921173
|move|p1a: Ramsay|Rapid Spin|p2a: Primarina
|-damage|p2a: Primarina|4/100
|-boost|p1a: Ramsay|spe|1
|-sideend|p1: Halfgallon67|Stealth Rock|[from] move: Rapid Spin|[of] p1a: Ramsay
|move|p2a: Primarina|Surf|p1a: Ramsay
|-supereffective|p1a: Ramsay
|-damage|p1a: Ramsay|0 fnt
|faint|p1a: Ramsay
|-end|p1a: Ramsay|Quark Drive|[silent]
|
|-weather|RainDance|[upkeep]
|upkeep
|
|t:|1758921179
|switch|p1a: Laminar Flow|Barraskewda, F|3/100
|turn|13
|
|t:|1758921198
|move|p1a: Laminar Flow|Liquidation|p2a: Primarina
|-resisted|p2a: Primarina
|-crit|p2a: Primarina
|-damage|p2a: Primarina|0 fnt
|faint|p2a: Primarina
|
|-weather|RainDance|[upkeep]
|upkeep
|
|t:|1758921200
|switch|p2a: Kyurem|Kyurem|100/100
|-ability|p2a: Kyurem|Pressure
|turn|14
|
|t:|1758921211
|switch|p1a: I.B.Gulpin|Pelipper, F|39/100
|move|p2a: Kyurem|Earth Power|p1a: I.B.Gulpin
|-immune|p1a: I.B.Gulpin
|
|-weather|RainDance|[upkeep]
|upkeep
|turn|15
|
|t:|1758921217
|move|p2a: Kyurem|Freeze-Dry|p1a: I.B.Gulpin
|-supereffective|p1a: I.B.Gulpin
|-crit|p1a: I.B.Gulpin
|-damage|p1a: I.B.Gulpin|0 fnt
|faint|p1a: I.B.Gulpin
|
|-weather|RainDance|[upkeep]
|upkeep
|
|t:|1758921220
|switch|p1a: Laminar Flow|Barraskewda, F|3/100
|turn|16
|
|t:|1758921227
|switch|p2a: Landorus|Landorus-Therian, M|100/100
|-ability|p2a: Landorus|Intimidate|boost
|-unboost|p1a: Laminar Flow|atk|1
|move|p1a: Laminar Flow|Liquidation|p2a: Landorus
|-supereffective|p2a: Landorus
|-damage|p2a: Landorus|0 fnt
|-damage|p1a: Laminar Flow|0 fnt|[from] item: Rocky Helmet|[of] p2a: Landorus
|faint|p2a: Landorus
|faint|p1a: Laminar Flow
|
|-weather|RainDance|[upkeep]
|upkeep
|
|t:|1758921235
|switch|p1a: Agent Oso|Toxicroak, F|100/100
|switch|p2a: Iron Crown|Iron Crown|100/100
|-enditem|p2a: Iron Crown|Booster Energy
|-activate|p2a: Iron Crown|ability: Quark Drive|[fromitem]
|-start|p2a: Iron Crown|quarkdrivespe
|turn|17
|
|t:|1758921240
|move|p2a: Iron Crown|Psyshock|p1a: Agent Oso
|-supereffective|p1a: Agent Oso
|-damage|p1a: Agent Oso|0 fnt
|faint|p1a: Agent Oso
|
|win|tokiwakano
|raw|Halfgallon67's rating: 1755 &rarr; <strong>1736</strong><br />(-19 for losing)
|raw|tokiwakano's rating: 1777 &rarr; <strong>1796</strong><br />(+19 for winning)
|l|☆Halfgallon67
|player|p1|
|l|☆tokiwakano
|player|p2|
