|badge|p1|silver|gen9ou|30-6
|html|<div class="broadcast-red"><strong>This battle is required to be public due to one or more player having a season medal.</strong><br />During the public phase, you can discuss the state of the ladder <a href="/seasondiscussion">in a special chatroom.</a></div>
|uhtml|medal-msg|<div class="broadcast-blue">Curious what those medals under the avatar are? PS now has Ladder Seasons! For more information, check out the <a href="https://www.smogon.com/forums/threads/3740067/">thread on Smogon.</a></div>
|raw|<div class="broadcast-blue"><strong>This battle is required to be public due to a player having a name starting with 'medal'.</div>
|j|☆ShinyLucarioXD
|j|☆PCB O'mba
|t:|1759069285
|gametype|singles
|player|p1|ShinyLucarioXD|riley|1969
|player|p2|PCB O'mba|aaron|1735
|gen|9
|tier|[Gen 9] OU
|rated|
|rule|HP Percentage Mod: HP is shown in percentages
|rule|Endless Battle Clause: Forcing endless battles is banned
|rule|Species Clause: Limit one of each Pokémon
|rule|OHKO Clause: OHKO moves are banned
|rule|Evasion Items Clause: Evasion items are banned
|rule|Evasion Moves Clause: Evasion moves are banned
|rule|Evasion Abilities Clause: Evasion abilities are banned
|rule|Sleep Moves Clause: Sleep-inducing moves are banned
|clearpoke
|poke|p1|Raging Bolt|
|poke|p1|Samurott-Hisui, F|
|poke|p1|Dragonite, F|
|poke|p1|Gholdengo|
|poke|p1|Great Tusk|
|poke|p1|Enamorus, F|
|poke|p2|Great Tusk|
|poke|p2|Ninetales, M|
|poke|p2|Raging Bolt|
|poke|p2|Hatterene, F|
|poke|p2|Walking Wake|
|poke|p2|Venusaur, F|
|teampreview
|inactive|Battle timer is ON: inactive players will automatically lose when time's up. (requested by ShinyLucarioXD)
|inactive|PCB O'mba also wants the timer to be on.
|
|t:|1759069307
|teamsize|p1|6
|teamsize|p2|6
|start
|switch|p1a: Gholdengo|Gholdengo|100/100
|switch|p2a: Ninetales|Ninetales, M|100/100
|-weather|SunnyDay|[from] ability: Drought|[of] p2a: Ninetales
|turn|1
|
|t:|1759069325
|switch|p1a: Raging Bolt|Raging Bolt|100/100
|-activate|p1a: Raging Bolt|ability: Protosynthesis
|-start|p1a: Raging Bolt|protosynthesisspa
|switch|p2a: Raging Bolt|Raging Bolt|100/100
|-activate|p2a: Raging Bolt|ability: Protosynthesis
|-start|p2a: Raging Bolt|protosynthesisspa
|
|-weather|SunnyDay|[upkeep]
|upkeep
|turn|2
|
|t:|1759069336
|-end|p2a: Raging Bolt|Protosynthesis|[silent]
|switch|p2a: Hatterene|Hatterene, F|100/100
|-terastallize|p1a: Raging Bolt|Fairy
|move|p1a: Raging Bolt|Dragon Pulse|p2a: Hatterene
|-immune|p2a: Hatterene
|
|-weather|SunnyDay|[upkeep]
|upkeep
|turn|3
|
|t:|1759069353
|switch|p2a: Venusaur|Venusaur, F|100/100
|move|p1a: Raging Bolt|Thunderbolt|p2a: Venusaur
|-resisted|p2a: Venusaur
|-damage|p2a: Venusaur|60/100
|
|-weather|SunnyDay|[upkeep]
|upkeep
|turn|4
|
|t:|1759069361
|-end|p1a: Raging Bolt|Protosynthesis|[silent]
|switch|p1a: Gholdengo|Gholdengo|100/100
|move|p2a: Venusaur|Sludge Bomb|p1a: Gholdengo
|-immune|p1a: Gholdengo
|
|-weather|SunnyDay|[upkeep]
|upkeep
|turn|5
|
|t:|1759069371
|switch|p1a: Samurott|Samurott-Hisui, F, shiny|100/100
|move|p2a: Venusaur|Sludge Bomb|p1a: Samurott
|-damage|p1a: Samurott|71/100
|-status|p1a: Samurott|psn
|-damage|p2a: Venusaur|50/100|[from] item: Life Orb
|
|-weather|SunnyDay|[upkeep]
|-damage|p1a: Samurott|59/100 psn|[from] psn
|upkeep
|turn|6
|j| IM AT MY LIMIT!
|
|t:|1759069378
|switch|p1a: Dragonite|Dragonite, F, shiny|100/100
|move|p2a: Venusaur|Giga Drain|p1a: Dragonite
|-resisted|p1a: Dragonite
|-damage|p1a: Dragonite|95/100
|-heal|p2a: Venusaur|53/100|[from] drain|[of] p1a: Dragonite
|-damage|p2a: Venusaur|43/100|[from] item: Life Orb
|
|-weather|SunnyDay|[upkeep]
|upkeep
|turn|7
|
|t:|1759069381
|move|p1a: Dragonite|Extreme Speed|p2a: Venusaur
|-damage|p2a: Venusaur|0 fnt
|faint|p2a: Venusaur
|
|-weather|SunnyDay|[upkeep]
|upkeep
|j| Bobaba
|j| ouww miguel o hara
|
|t:|1759069395
|switch|p2a: Great Tusk|Great Tusk|100/100
|-activate|p2a: Great Tusk|ability: Protosynthesis
|-start|p2a: Great Tusk|protosynthesisspe
|turn|8
|
|t:|1759069401
|-end|p2a: Great Tusk|Protosynthesis|[silent]
|switch|p2a: Walking Wake|Walking Wake|100/100
|-activate|p2a: Walking Wake|ability: Protosynthesis
|-start|p2a: Walking Wake|protosynthesisspa
|switch|p1a: Great Tusk|Great Tusk|100/100
|-activate|p1a: Great Tusk|ability: Protosynthesis
|-start|p1a: Great Tusk|protosynthesisdef
|
|-weather|none
|-end|p2a: Walking Wake|Protosynthesis
|-end|p1a: Great Tusk|Protosynthesis
|upkeep
|turn|9
|
|t:|1759069416
|-end|p1a: Great Tusk|Protosynthesis|[silent]
|switch|p1a: Samurott|Samurott-Hisui, F, shiny|59/100 psn
|move|p2a: Walking Wake|Hydro Steam|p1a: Samurott
|-resisted|p1a: Samurott
|-damage|p1a: Samurott|39/100 psn
|
|-damage|p1a: Samurott|27/100 psn|[from] psn
|upkeep
|turn|10
|
|t:|1759069422
|-terastallize|p2a: Walking Wake|Water
|move|p2a: Walking Wake|Hydro Steam|p1a: Samurott
|-resisted|p1a: Samurott
|-damage|p1a: Samurott|0 fnt
|faint|p1a: Samurott
|
|upkeep
|l| IM AT MY LIMIT!
|
|t:|1759069430
|switch|p1a: Dragonite|Dragonite, F, shiny|95/100
|turn|11
|
|t:|1759069436
|move|p1a: Dragonite|Extreme Speed|p2a: Walking Wake
|-damage|p2a: Walking Wake|56/100
|move|p2a: Walking Wake|Hydro Steam|p1a: Dragonite
|-resisted|p1a: Dragonite
|-damage|p1a: Dragonite|51/100
|
|upkeep
|turn|12
|
|t:|1759069442
|-end|p2a: Walking Wake|Protosynthesis|[silent]
|switch|p2a: Great Tusk|Great Tusk|100/100
|move|p1a: Dragonite|Roost|p1a: Dragonite
|-heal|p1a: Dragonite|100/100
|-singleturn|p1a: Dragonite|move: Roost
|
|upkeep
|turn|13
|
|t:|1759069457
|-end|p2a: Great Tusk|Protosynthesis|[silent]
|switch|p2a: Walking Wake|Walking Wake, tera:Water|56/100
|switch|p1a: Great Tusk|Great Tusk|100/100
|
|upkeep
|turn|14
|
|t:|1759069469
|-end|p1a: Great Tusk|Protosynthesis|[silent]
|switch|p1a: Dragonite|Dragonite, F, shiny|100/100
|move|p2a: Walking Wake|Hydro Steam|p1a: Dragonite
|-resisted|p1a: Dragonite
|-damage|p1a: Dragonite|79/100
|
|upkeep
|turn|15
|
|t:|1759069475
|-end|p2a: Walking Wake|Protosynthesis|[silent]
|switch|p2a: Great Tusk|Great Tusk|100/100
|move|p1a: Dragonite|Extreme Speed|p2a: Great Tusk
|-damage|p2a: Great Tusk|75/100
|-damage|p1a: Dragonite|62/100|[from] item: Rocky Helmet|[of] p2a: Great Tusk
|
|upkeep
|turn|16
|
|t:|1759069481
|switch|p1a: Great Tusk|Great Tusk|100/100
|move|p2a: Great Tusk|Ice Spinner|p1a: Great Tusk
|-supereffective|p1a: Great Tusk
|-damage|p1a: Great Tusk|78/100
|
|-heal|p1a: Great Tusk|84/100|[from] item: Leftovers
|upkeep
|turn|17
|
|t:|1759069500
|-end|p2a: Great Tusk|Protosynthesis|[silent]
|switch|p2a: Hatterene|Hatterene, F|100/100
|move|p1a: Great Tusk|Knock Off|p2a: Hatterene
|-damage|p2a: Hatterene|76/100
|-enditem|p2a: Hatterene|Eject Button|[from] move: Knock Off|[of] p1a: Great Tusk
|
|-heal|p1a: Great Tusk|90/100|[from] item: Leftovers
|upkeep
|turn|18
|
|t:|1759069515
|-end|p1a: Great Tusk|Protosynthesis|[silent]
|switch|p1a: Gholdengo|Gholdengo|100/100
|move|p2a: Hatterene|Nuzzle|p1a: Gholdengo
|-damage|p1a: Gholdengo|96/100
|-status|p1a: Gholdengo|par
|
|upkeep
|turn|19
|
|t:|1759069528
|switch|p2a: Ninetales|Ninetales, M|100/100
|-weather|SunnyDay|[from] ability: Drought|[of] p2a: Ninetales
|move|p1a: Gholdengo|Shadow Ball|p2a: Ninetales
|-crit|p2a: Ninetales
|-damage|p2a: Ninetales|41/100
|
|-weather|SunnyDay|[upkeep]
|upkeep
|turn|20
|
|t:|1759069541
|switch|p2a: Raging Bolt|Raging Bolt|100/100
|-activate|p2a: Raging Bolt|ability: Protosynthesis
|-start|p2a: Raging Bolt|protosynthesisspa
|move|p1a: Gholdengo|Shadow Ball|p2a: Raging Bolt
|-damage|p2a: Raging Bolt|60/100
|
|-weather|SunnyDay|[upkeep]
|-heal|p2a: Raging Bolt|66/100|[from] item: Leftovers
|upkeep
|turn|21
|j| lpgm10
|
|t:|1759069549
|switch|p1a: Great Tusk|Great Tusk|90/100
|-activate|p1a: Great Tusk|ability: Protosynthesis
|-start|p1a: Great Tusk|protosynthesisdef
|move|p2a: Raging Bolt|Thunderbolt|p1a: Great Tusk
|-immune|p1a: Great Tusk
|
|-weather|SunnyDay|[upkeep]
|-heal|p2a: Raging Bolt|72/100|[from] item: Leftovers
|-heal|p1a: Great Tusk|96/100|[from] item: Leftovers
|upkeep
|turn|22
|j| IM AT MY LIMIT!
|
|t:|1759069557
|move|p2a: Raging Bolt|Dragon Pulse|p1a: Great Tusk
|-damage|p1a: Great Tusk|13/100
|move|p1a: Great Tusk|Knock Off|p2a: Raging Bolt
|-damage|p2a: Raging Bolt|50/100
|-enditem|p2a: Raging Bolt|Leftovers|[from] move: Knock Off|[of] p1a: Great Tusk
|
|-weather|SunnyDay|[upkeep]
|-heal|p1a: Great Tusk|19/100|[from] item: Leftovers
|upkeep
|turn|23
|
|t:|1759069563
|move|p2a: Raging Bolt|Thunderbolt|p1a: Great Tusk
|-immune|p1a: Great Tusk
|move|p1a: Great Tusk|Stealth Rock|p2a: Raging Bolt
|-sidestart|p2: PCB O'mba|move: Stealth Rock
|
|-weather|SunnyDay|[upkeep]
|-heal|p1a: Great Tusk|25/100|[from] item: Leftovers
|upkeep
|turn|24
|
|t:|1759069566
|move|p2a: Raging Bolt|Dragon Pulse|p1a: Great Tusk
|-damage|p1a: Great Tusk|0 fnt
|faint|p1a: Great Tusk
|-end|p1a: Great Tusk|Protosynthesis|[silent]
|
|-weather|SunnyDay|[upkeep]
|upkeep
|
|t:|1759069568
|switch|p1a: Enamorus|Enamorus, F|100/100
|turn|25
|
|t:|1759069574
|move|p2a: Raging Bolt|Thunderclap||[still]
|-fail|p2a: Raging Bolt
|move|p1a: Enamorus|Substitute|p1a: Enamorus
|-start|p1a: Enamorus|Substitute
|-damage|p1a: Enamorus|76/100
|
|-weather|SunnyDay|[upkeep]
|-heal|p1a: Enamorus|82/100|[from] item: Leftovers
|upkeep
|turn|26
|
|t:|1759069579
|move|p2a: Raging Bolt|Thunderclap|p1a: Enamorus
|-supereffective|p1a: Enamorus
|-end|p1a: Enamorus|Substitute
|move|p1a: Enamorus|Moonblast|p2a: Raging Bolt
|-supereffective|p2a: Raging Bolt
|-damage|p2a: Raging Bolt|0 fnt
|faint|p2a: Raging Bolt
|-end|p2a: Raging Bolt|Protosynthesis|[silent]
|
|-weather|none
|-heal|p1a: Enamorus|88/100|[from] item: Leftovers
|upkeep
|
|t:|1759069595
|switch|p2a: Hatterene|Hatterene, F|76/100
|-damage|p2a: Hatterene|63/100|[from] Stealth Rock
|turn|27
|
|t:|1759069609
|move|p1a: Enamorus|Substitute|p1a: Enamorus
|-start|p1a: Enamorus|Substitute
|-damage|p1a: Enamorus|63/100
|move|p2a: Hatterene|Nuzzle|p1a: Enamorus
|-supereffective|p1a: Enamorus
|-activate|p1a: Enamorus|move: Substitute|[damage]
|
|-heal|p1a: Enamorus|69/100|[from] item: Leftovers
|upkeep
|turn|28
|-message|PCB O'mba forfeited.
|
|win|ShinyLucarioXD
|raw|ShinyLucarioXD's rating: 1969 &rarr; <strong>1977</strong><br />(+8 for winning)
|raw|PCB O&apos;mba's rating: 1735 &rarr; <strong>1727</strong><br />(-8 for losing)
|l|☆PCB O'mba
|player|p2|
|l| ouww miguel o hara
|l| Bobaba
|l| lpgm10
|j| idk helloge hhhh
|l| idk helloge hhhh
|l|☆ShinyLucarioXD
|player|p1|
|j| cryyysneasel
|l| cryyysneasel
