|j|☆two rat man
|j|☆ElPrincipeMilito
|t:|1759032735
|gametype|singles
|player|p1|two rat man|266|1542
|player|p2|ElPrincipeMilito|n|1551
|gen|9
|tier|[Gen 9] OU
|rated|
|rule|HP Percentage Mod: HP is shown in percentages
|rule|Endless Battle Clause: Forcing endless battles is banned
|rule|Species Clause: Limit one of each Pokémon
|rule|OHKO Clause: OHKO moves are banned
|rule|Evasion Items Clause: Evasion items are banned
|rule|Evasion Moves Clause: Evasion moves are banned
|rule|Evasion Abilities Clause: Evasion abilities are banned
|rule|Sleep Moves Clause: Sleep-inducing moves are banned
|clearpoke
|poke|p1|Rillaboom, M|
|poke|p1|Ogerpon, F|
|poke|p1|Gholdengo|
|poke|p1|Great Tusk|
|poke|p1|Volcanion|
|poke|p1|Glimmora, M|
|poke|p2|Samurott-Hisui, F|
|poke|p2|Raging Bolt|
|poke|p2|Great Tusk|
|poke|p2|Ogerpon-Wellspring, F|
|poke|p2|Heatran, F|
|poke|p2|Gholdengo|
|teampreview
|inactive|Battle timer is ON: inactive players will automatically lose when time's up. (requested by two rat man)
|
|t:|1759032755
|teamsize|p1|6
|teamsize|p2|6
|start
|switch|p1a: Ogerpon|Ogerpon, F|100/100
|switch|p2a: Heart of Gold|Gholdengo|100/100
|turn|1
|inactive|ElPrincipeMilito has 120 seconds left.
|inactive|ElPrincipeMilito has 90 seconds left.
|inactive|ElPrincipeMilito has 60 seconds left.
|
|t:|1759032858
|switch|p2a: THE FIRE GOAT|Heatran, F|100/100
|-item|p2a: THE FIRE GOAT|Air Balloon
|move|p1a: Ogerpon|Knock Off|p2a: THE FIRE GOAT
|-damage|p2a: THE FIRE GOAT|66/100
|-enditem|p2a: THE FIRE GOAT|Air Balloon
|
|upkeep
|turn|2
|
|t:|1759032869
|switch|p1a: Volcanion|Volcanion|100/100
|move|p2a: THE FIRE GOAT|Magma Storm|p1a: Volcanion|[miss]
|-miss|p2a: THE FIRE GOAT|p1a: Volcanion
|
|upkeep
|turn|3
|
|t:|1759032890
|switch|p2a: The Last Ronin|Samurott-Hisui, F|100/100
|move|p1a: Volcanion|Steam Eruption|p2a: The Last Ronin
|-resisted|p2a: The Last Ronin
|-crit|p2a: The Last Ronin
|-damage|p2a: The Last Ronin|64/100
|
|upkeep
|turn|4
|
|t:|1759032898
|switch|p1a: Glimmora|Glimmora, M|100/100
|move|p2a: The Last Ronin|Ceaseless Edge|p1a: Glimmora
|-damage|p1a: Glimmora|61/100
|-activate|p1a: Glimmora|ability: Toxic Debris
|-sidestart|p2: ElPrincipeMilito|move: Toxic Spikes
|-sidestart|p1: two rat man|Spikes
|-enditem|p1a: Glimmora|Red Card|[of] p2a: The Last Ronin
|drag|p2a: Heart of Gold|Gholdengo|100/100
|
|upkeep
|turn|5
|
|t:|1759032914
|switch|p1a: Volcanion|Volcanion|100/100
|move|p2a: Heart of Gold|Make It Rain|p1a: Volcanion
|-resisted|p1a: Volcanion
|-damage|p1a: Volcanion|80/100
|-unboost|p2a: Heart of Gold|spa|1
|
|upkeep
|turn|6
|
|t:|1759032926
|switch|p2a: The Last Ronin|Samurott-Hisui, F|64/100
|-status|p2a: The Last Ronin|psn
|move|p1a: Volcanion|Earth Power|p2a: The Last Ronin
|-damage|p2a: The Last Ronin|35/100 psn
|
|-damage|p2a: The Last Ronin|23/100 psn|[from] psn
|upkeep
|turn|7
|
|t:|1759032938
|move|p1a: Volcanion|Earth Power|p2a: The Last Ronin
|-crit|p2a: The Last Ronin
|-damage|p2a: The Last Ronin|0 fnt
|faint|p2a: The Last Ronin
|
|upkeep
|inactive|ElPrincipeMilito has 90 seconds left.
|
|t:|1759032963
|switch|p2a: THE THUNDERBOLT|Raging Bolt|100/100
|turn|8
|
|t:|1759032972
|switch|p1a: Rillaboom|Rillaboom, M|100/100
|-damage|p1a: Rillaboom|88/100|[from] Spikes
|-fieldstart|move: Grassy Terrain|[from] ability: Grassy Surge|[of] p1a: Rillaboom
|move|p2a: THE THUNDERBOLT|Draco Meteor|p1a: Rillaboom
|-damage|p1a: Rillaboom|3/100
|-unboost|p2a: THE THUNDERBOLT|spa|2
|
|-heal|p1a: Rillaboom|9/100|[from] Grassy Terrain
|upkeep
|turn|9
|inactive|ElPrincipeMilito has 90 seconds left.
|
|t:|1759032986
|move|p2a: THE THUNDERBOLT|Thunderclap|p1a: Rillaboom
|-resisted|p1a: Rillaboom
|-damage|p1a: Rillaboom|0 fnt
|faint|p1a: Rillaboom
|
|upkeep
|inactive|two rat man has 120 seconds left.
|
|t:|1759033020
|switch|p1a: Great Tusk|Great Tusk|100/100
|-damage|p1a: Great Tusk|88/100|[from] Spikes
|turn|10
|inactive|two rat man has 120 seconds left.
|inactive|ElPrincipeMilito has 90 seconds left.
|
|t:|1759033046
|-end|p2a: THE THUNDERBOLT|Protosynthesis|[silent]
|switch|p2a: Objective:Spin|Great Tusk|100/100
|-status|p2a: Objective:Spin|psn
|-enditem|p2a: Objective:Spin|Booster Energy
|-activate|p2a: Objective:Spin|ability: Protosynthesis|[fromitem]
|-start|p2a: Objective:Spin|protosynthesisatk
|-terastallize|p1a: Great Tusk|Ground
|move|p1a: Great Tusk|Headlong Rush|p2a: Objective:Spin
|-damage|p2a: Objective:Spin|34/100 psn
|-unboost|p1a: Great Tusk|def|1
|-unboost|p1a: Great Tusk|spd|1
|
|-heal|p1a: Great Tusk|94/100|[from] Grassy Terrain
|-heal|p2a: Objective:Spin|40/100 psn|[from] Grassy Terrain
|-damage|p2a: Objective:Spin|27/100 psn|[from] psn
|upkeep
|turn|11
|
|t:|1759033050
|move|p1a: Great Tusk|Headlong Rush|p2a: Objective:Spin
|-damage|p2a: Objective:Spin|0 fnt
|-unboost|p1a: Great Tusk|def|1
|-unboost|p1a: Great Tusk|spd|1
|faint|p2a: Objective:Spin
|-end|p2a: Objective:Spin|Protosynthesis|[silent]
|
|-heal|p1a: Great Tusk|100/100|[from] Grassy Terrain
|upkeep
|
|t:|1759033052
|switch|p2a: Tusk Buster|Ogerpon-Wellspring, F|100/100
|-status|p2a: Tusk Buster|psn
|turn|12
|inactive|two rat man has 120 seconds left.
|
|t:|1759033067
|-end|p1a: Great Tusk|Protosynthesis|[silent]
|switch|p1a: Volcanion|Volcanion|80/100
|move|p2a: Tusk Buster|Trailblaze|p1a: Volcanion
|-damage|p1a: Volcanion|38/100
|-boost|p2a: Tusk Buster|spe|1
|
|-heal|p1a: Volcanion|44/100|[from] Grassy Terrain
|-damage|p2a: Tusk Buster|88/100 psn|[from] psn
|upkeep
|turn|13
|inactive|two rat man has 120 seconds left.
|
|t:|1759033077
|move|p2a: Tusk Buster|Power Whip|p1a: Volcanion
|-damage|p1a: Volcanion|0 fnt
|faint|p1a: Volcanion
|
|-heal|p2a: Tusk Buster|94/100 psn|[from] Grassy Terrain
|-damage|p2a: Tusk Buster|82/100 psn|[from] psn
|upkeep
|
|t:|1759033099
|switch|p1a: Ogerpon|Ogerpon, F|100/100
|-damage|p1a: Ogerpon|88/100|[from] Spikes
|turn|14
|
|t:|1759033122
|switch|p2a: THE FIRE GOAT|Heatran, F|66/100
|move|p1a: Ogerpon|Ivy Cudgel|p2a: THE FIRE GOAT
|-resisted|p2a: THE FIRE GOAT
|-crit|p2a: THE FIRE GOAT
|-damage|p2a: THE FIRE GOAT|37/100
|
|-heal|p1a: Ogerpon|94/100|[from] Grassy Terrain
|-heal|p2a: THE FIRE GOAT|44/100|[from] Grassy Terrain
|upkeep
|turn|15
|
|t:|1759033127
|switch|p1a: Glimmora|Glimmora, M|61/100
|-damage|p1a: Glimmora|48/100|[from] Spikes
|move|p2a: THE FIRE GOAT|Magma Storm|p1a: Glimmora
|-resisted|p1a: Glimmora
|-damage|p1a: Glimmora|29/100
|-activate|p1a: Glimmora|move: Magma Storm|[of] p2a: THE FIRE GOAT
|
|-heal|p1a: Glimmora|36/100|[from] Grassy Terrain
|-heal|p2a: THE FIRE GOAT|50/100|[from] Grassy Terrain
|-damage|p1a: Glimmora|23/100|[from] move: Magma Storm|[partiallytrapped]
|-fieldend|move: Grassy Terrain
|upkeep
|turn|16
|inactive|two rat man has 120 seconds left.
|
|t:|1759033140
|move|p1a: Glimmora|Earth Power|p2a: THE FIRE GOAT
|-supereffective|p2a: THE FIRE GOAT
|-crit|p2a: THE FIRE GOAT
|-damage|p2a: THE FIRE GOAT|0 fnt
|faint|p2a: THE FIRE GOAT
|
|-end|p1a: Glimmora|Magma Storm|[partiallytrapped]|[silent]
|upkeep
|
|t:|1759033142
|switch|p2a: Heart of Gold|Gholdengo|100/100
|turn|17
|inactive|ElPrincipeMilito has 120 seconds left.
|inactive|two rat man has 120 seconds left.
|
|t:|1759033165
|-terastallize|p2a: Heart of Gold|Ghost
|move|p2a: Heart of Gold|Shadow Ball|p1a: Glimmora
|-damage|p1a: Glimmora|0 fnt
|faint|p1a: Glimmora
|
|upkeep
|inactive|two rat man has 120 seconds left.
|
|t:|1759033183
|switch|p1a: Ogerpon|Ogerpon, F|94/100
|-damage|p1a: Ogerpon|82/100|[from] Spikes
|turn|18
|inactive|ElPrincipeMilito has 120 seconds left.
|
|t:|1759033192
|switch|p2a: THE THUNDERBOLT|Raging Bolt|100/100
|move|p1a: Ogerpon|Ivy Cudgel|p2a: THE THUNDERBOLT
|-resisted|p2a: THE THUNDERBOLT
|-damage|p2a: THE THUNDERBOLT|63/100
|
|upkeep
|turn|19
|inactive|two rat man has 120 seconds left.
|
|t:|1759033197
|switch|p1a: Gholdengo|Gholdengo|100/100
|-damage|p1a: Gholdengo|88/100|[from] Spikes
|move|p2a: THE THUNDERBOLT|Volt Switch|p1a: Gholdengo
|-damage|p1a: Gholdengo|40/100
|
|t:|1759033201
|-end|p2a: THE THUNDERBOLT|Protosynthesis|[silent]
|switch|p2a: Heart of Gold|Gholdengo, tera:Ghost|100/100|[from] Volt Switch
|-status|p2a: Heart of Gold|psn
|
|-damage|p2a: Heart of Gold|88/100 psn|[from] psn
|upkeep
|turn|20
|
|t:|1759033208
|move|p2a: Heart of Gold|Shadow Ball|p1a: Gholdengo
|-supereffective|p1a: Gholdengo
|-damage|p1a: Gholdengo|0 fnt
|faint|p1a: Gholdengo
|
|-damage|p2a: Heart of Gold|76/100 psn|[from] psn
|upkeep
|
|t:|1759033222
|switch|p1a: Ogerpon|Ogerpon, F|82/100
|-damage|p1a: Ogerpon|70/100|[from] Spikes
|turn|21
|
|t:|1759033234
|move|p2a: Heart of Gold|Shadow Ball|p1a: Ogerpon
|-damage|p1a: Ogerpon|3/100
|move|p1a: Ogerpon|Ivy Cudgel|p2a: Heart of Gold
|-damage|p2a: Heart of Gold|0 fnt
|faint|p2a: Heart of Gold
|
|upkeep
|
|t:|1759033238
|switch|p2a: THE THUNDERBOLT|Raging Bolt|63/100
|turn|22
|inactive|two rat man has 120 seconds left.
|
|t:|1759033267
|move|p2a: THE THUNDERBOLT|Thunderclap|p1a: Ogerpon
|-resisted|p1a: Ogerpon
|-damage|p1a: Ogerpon|0 fnt
|faint|p1a: Ogerpon
|
|upkeep
|
|t:|1759033269
|switch|p1a: Great Tusk|Great Tusk, tera:Ground|100/100
|-damage|p1a: Great Tusk|88/100|[from] Spikes
|turn|23
|
|t:|1759033276
|move|p1a: Great Tusk|Close Combat|p2a: THE THUNDERBOLT
|-damage|p2a: THE THUNDERBOLT|5/100
|-unboost|p1a: Great Tusk|def|1
|-unboost|p1a: Great Tusk|spd|1
|move|p2a: THE THUNDERBOLT|Draco Meteor|p1a: Great Tusk
|-damage|p1a: Great Tusk|0 fnt
|-unboost|p2a: THE THUNDERBOLT|spa|2
|faint|p1a: Great Tusk
|-end|p1a: Great Tusk|Protosynthesis|[silent]
|
|win|ElPrincipeMilito
|raw|two rat man's rating: 1542 &rarr; <strong>1523</strong><br />(-19 for losing)
|raw|ElPrincipeMilito's rating: 1551 &rarr; <strong>1570</strong><br />(+19 for winning)
|c|☆ElPrincipeMilito|gg
|l|☆two rat man
|player|p1|
|l|☆ElPrincipeMilito
|player|p2|
