|badge|p1|bronze|gen9ou|100-6
|html|<div class="broadcast-red"><strong>This battle is required to be public due to one or more player having a season medal.</strong><br />During the public phase, you can discuss the state of the ladder <a href="/seasondiscussion">in a special chatroom.</a></div>
|uhtml|medal-msg|<div class="broadcast-blue">Curious what those medals under the avatar are? PS now has Ladder Seasons! For more information, check out the <a href="https://www.smogon.com/forums/threads/3740067/">thread on Smogon.</a></div>
|badge|p2|silver|gen9ou|30-6
|uhtml|medal-msg|<div class="broadcast-blue">Curious what those medals under the avatar are? PS now has Ladder Seasons! For more information, check out the <a href="https://www.smogon.com/forums/threads/3740067/">thread on Smogon.</a></div>
|raw|<div class="broadcast-blue"><strong>This battle is required to be public due to a player having a name starting with 'medal'.</div>
|j|☆yesterdaymister
|j|☆grand return
|t:|1759019680
|gametype|singles
|player|p1|yesterdaymister|striker|1853
|player|p2|grand return|265|1978
|gen|9
|tier|[Gen 9] OU
|rated|
|rule|HP Percentage Mod: HP is shown in percentages
|rule|Endless Battle Clause: Forcing endless battles is banned
|rule|Species Clause: Limit one of each Pokémon
|rule|OHKO Clause: OHKO moves are banned
|rule|Evasion Items Clause: Evasion items are banned
|rule|Evasion Moves Clause: Evasion moves are banned
|rule|Evasion Abilities Clause: Evasion abilities are banned
|rule|Sleep Moves Clause: Sleep-inducing moves are banned
|clearpoke
|poke|p1|Ninetales, M|
|poke|p1|Ceruledge, M|
|poke|p1|Venusaur, M|
|poke|p1|Hatterene, F|
|poke|p1|Great Tusk|
|poke|p1|Walking Wake|
|poke|p2|Tyranitar, M|
|poke|p2|Gholdengo|
|poke|p2|Zamazenta-*|
|poke|p2|Rillaboom, M|
|poke|p2|Garchomp, F|
|poke|p2|Zapdos|
|teampreview
|inactive|Battle timer is ON: inactive players will automatically lose when time's up. (requested by yesterdaymister)
|j| PG Spectating
|j| larp legion
|j| Dedenne Job
|inactive|yesterdaymister has 120 seconds left.
|inactive|grand return has 120 seconds left.
|
|t:|1759019732
|teamsize|p1|6
|teamsize|p2|6
|start
|switch|p1a: chama|Walking Wake|100/100
|switch|p2a: Garchomp|Garchomp, F|100/100
|turn|1
|
|t:|1759019742
|-end|p1a: chama|Protosynthesis|[silent]
|switch|p1a: mignolet|Great Tusk|100/100
|switch|p2a: Gholdengo|Gholdengo|100/100
|-item|p2a: Gholdengo|Air Balloon
|
|upkeep
|turn|2
|l| Dedenne Job
|
|t:|1759019769
|move|p1a: mignolet|Ice Spinner|p2a: Gholdengo
|-resisted|p2a: Gholdengo
|-damage|p2a: Gholdengo|92/100
|-enditem|p2a: Gholdengo|Air Balloon
|move|p2a: Gholdengo|Make It Rain|p1a: mignolet
|-damage|p1a: mignolet|34/100
|-unboost|p2a: Gholdengo|spa|1
|
|upkeep
|turn|3
|
|t:|1759019784
|-end|p1a: mignolet|Protosynthesis|[silent]
|switch|p1a: arda guler|Ninetales, M|100/100
|-weather|SunnyDay|[from] ability: Drought|[of] p1a: arda guler
|move|p2a: Gholdengo|Make It Rain|p1a: arda guler
|-resisted|p1a: arda guler
|-damage|p1a: arda guler|84/100
|-unboost|p2a: Gholdengo|spa|1
|
|-weather|SunnyDay|[upkeep]
|upkeep
|turn|4
|
|t:|1759019797
|switch|p1a: chama|Walking Wake|100/100
|-activate|p1a: chama|ability: Protosynthesis
|-start|p1a: chama|protosynthesisspa
|switch|p2a: Tyranitar|Tyranitar, M|100/100
|-weather|Sandstorm|[from] ability: Sand Stream|[of] p2a: Tyranitar
|-end|p1a: chama|Protosynthesis
|
|-weather|Sandstorm|[upkeep]
|-damage|p1a: chama|94/100|[from] Sandstorm
|upkeep
|turn|5
|
|t:|1759019807
|move|p1a: chama|Hydro Steam|p2a: Tyranitar
|-supereffective|p2a: Tyranitar
|-damage|p2a: Tyranitar|17/100
|move|p2a: Tyranitar|Knock Off|p1a: chama
|-damage|p1a: chama|41/100
|-enditem|p1a: chama|Choice Specs|[from] move: Knock Off|[of] p2a: Tyranitar
|
|-weather|Sandstorm|[upkeep]
|-damage|p1a: chama|35/100|[from] Sandstorm
|upkeep
|turn|6
|j| chengzun
|
|t:|1759019811
|switch|p2a: Gholdengo|Gholdengo|92/100
|move|p1a: chama|Hydro Steam|p2a: Gholdengo
|-damage|p2a: Gholdengo|49/100
|
|-weather|Sandstorm|[upkeep]
|-damage|p1a: chama|29/100|[from] Sandstorm
|upkeep
|turn|7
|
|t:|1759019818
|switch|p2a: Zamazenta|Zamazenta|100/100
|-ability|p2a: Zamazenta|Dauntless Shield|boost
|-boost|p2a: Zamazenta|def|1
|move|p1a: chama|Hydro Steam|p2a: Zamazenta
|-damage|p2a: Zamazenta|59/100
|
|-weather|Sandstorm|[upkeep]
|-damage|p2a: Zamazenta|52/100|[from] Sandstorm
|-damage|p1a: chama|23/100|[from] Sandstorm
|upkeep
|turn|8
|
|t:|1759019825
|-end|p1a: chama|Protosynthesis|[silent]
|switch|p1a: maccabi|Hatterene, F|100/100
|move|p2a: Zamazenta|Heavy Slam|p1a: maccabi
|-supereffective|p1a: maccabi
|-damage|p1a: maccabi|30/100
|-enditem|p1a: maccabi|Eject Button
|
|t:|1759019834
|switch|p1a: arda guler|Ninetales, M|84/100
|-weather|SunnyDay|[from] ability: Drought|[of] p1a: arda guler
|
|-weather|SunnyDay|[upkeep]
|upkeep
|turn|9
|
|t:|1759019838
|switch|p2a: Tyranitar|Tyranitar, M|17/100
|-weather|Sandstorm|[from] ability: Sand Stream|[of] p2a: Tyranitar
|switch|p1a: maccabi|Hatterene, F|30/100
|
|-weather|Sandstorm|[upkeep]
|-damage|p1a: maccabi|24/100|[from] Sandstorm
|upkeep
|turn|10
|
|t:|1759019843
|move|p2a: Tyranitar|Ice Punch|p1a: maccabi
|-damage|p1a: maccabi|1/100
|move|p1a: maccabi|Dazzling Gleam|p2a: Tyranitar
|-supereffective|p2a: Tyranitar
|-damage|p2a: Tyranitar|0 fnt
|faint|p2a: Tyranitar
|
|-weather|Sandstorm|[upkeep]
|-damage|p1a: maccabi|0 fnt|[from] Sandstorm
|faint|p1a: maccabi
|upkeep
|
|t:|1759019853
|switch|p2a: Garchomp|Garchomp, F|100/100
|switch|p1a: arda guler|Ninetales, M|84/100
|-weather|SunnyDay|[from] ability: Drought|[of] p1a: arda guler
|turn|11
|
|t:|1759019860
|switch|p1a: mignolet|Great Tusk|34/100
|-activate|p1a: mignolet|ability: Protosynthesis
|-start|p1a: mignolet|protosynthesisspe
|move|p2a: Garchomp|Earthquake|p1a: mignolet
|-damage|p1a: mignolet|7/100
|
|-weather|SunnyDay|[upkeep]
|upkeep
|turn|12
|
|t:|1759019866
|move|p1a: mignolet|Ice Spinner|p2a: Garchomp
|-supereffective|p2a: Garchomp
|-damage|p2a: Garchomp|37/100
|-damage|p1a: mignolet|0 fnt|[from] ability: Rough Skin|[of] p2a: Garchomp
|faint|p1a: mignolet
|-end|p1a: mignolet|Protosynthesis|[silent]
|move|p2a: Garchomp|Stealth Rock|p1: mignolet
|-sidestart|p1: yesterdaymister|move: Stealth Rock
|
|-weather|SunnyDay|[upkeep]
|upkeep
|
|t:|1759019876
|switch|p1a: hans vanaken|Venusaur, M|100/100
|-damage|p1a: hans vanaken|88/100|[from] Stealth Rock
|turn|13
|
|t:|1759019882
|move|p1a: hans vanaken|Giga Drain|p2a: Garchomp
|-damage|p2a: Garchomp|0 fnt
|-heal|p1a: hans vanaken|100/100|[from] drain|[of] p2a: Garchomp
|faint|p2a: Garchomp
|-damage|p1a: hans vanaken|91/100|[from] item: Life Orb
|
|-weather|SunnyDay|[upkeep]
|upkeep
|
|t:|1759019886
|switch|p2a: Zapdos|Zapdos|100/100
|turn|14
|
|t:|1759019895
|-terastallize|p1a: hans vanaken|Fire
|move|p1a: hans vanaken|Growth|p1a: hans vanaken
|-boost|p1a: hans vanaken|atk|2
|-boost|p1a: hans vanaken|spa|2
|move|p2a: Zapdos|Heat Wave|p1a: hans vanaken|[miss]
|-miss|p2a: Zapdos|p1a: hans vanaken
|
|-weather|SunnyDay|[upkeep]
|upkeep
|turn|15
|
|t:|1759019903
|-terastallize|p2a: Zapdos|Fire
|move|p1a: hans vanaken|Weather Ball|p2a: Zapdos
|-resisted|p2a: Zapdos
|-damage|p2a: Zapdos|0 fnt
|faint|p2a: Zapdos
|-damage|p1a: hans vanaken|81/100|[from] item: Life Orb
|
|-weather|SunnyDay|[upkeep]
|upkeep
|-message|grand return forfeited.
|
|win|yesterdaymister
|raw|yesterdaymister's rating: 1853 &rarr; <strong>1880</strong><br />(+27 for winning)
|raw|grand return's rating: 1978 &rarr; <strong>1951</strong><br />(-27 for losing)
|l|☆grand return
|player|p2|
|l| chengzun
