|j|☆potipot
|j|☆toddyvg
|t:|1758981264
|gametype|singles
|player|p1|potipot|psychic-gen4|1157
|player|p2|toddyvg|n|1218
|gen|9
|tier|[Gen 9] OU
|rated|
|rule|HP Percentage Mod: HP is shown in percentages
|rule|Endless Battle Clause: Forcing endless battles is banned
|rule|Species Clause: Limit one of each Pokémon
|rule|OHKO Clause: OHKO moves are banned
|rule|Evasion Items Clause: Evasion items are banned
|rule|Evasion Moves Clause: Evasion moves are banned
|rule|Evasion Abilities Clause: Evasion abilities are banned
|rule|Sleep Moves Clause: Sleep-inducing moves are banned
|clearpoke
|poke|p1|Donphan, F|
|poke|p1|Meowscarada, F|
|poke|p1|Cinderace, F|
|poke|p1|Pelipper, M|
|poke|p1|Zapdos|
|poke|p1|Drednaw, M|
|poke|p2|Cinderace, F|
|poke|p2|Alomomola, M|
|poke|p2|Ribombee, M|
|poke|p2|Kingambit, F|
|poke|p2|Gliscor, M|
|poke|p2|Goodra-Hisui, M|
|teampreview
|inactive|Battle timer is ON: inactive players will automatically lose when time's up. (requested by potipot)
|inactive|toddyvg also wants the timer to be on.
|
|t:|1758981269
|teamsize|p1|6
|teamsize|p2|6
|start
|switch|p1a: Donphan|Donphan, F|100/100
|switch|p2a: Gliscor|Gliscor, M|100/100
|turn|1
|
|t:|1758981275
|move|p2a: Gliscor|Protect|p2a: Gliscor
|-singleturn|p2a: Gliscor|Protect
|move|p1a: Donphan|Stealth Rock|p2a: Gliscor
|-sidestart|p2: toddyvg|move: Stealth Rock
|
|-status|p2a: Gliscor|tox|[from] item: Toxic Orb
|upkeep
|turn|2
|
|t:|1758981285
|move|p2a: Gliscor|Stealth Rock|p1a: Donphan
|-sidestart|p1: potipot|move: Stealth Rock
|move|p1a: Donphan|Encore|p2a: Gliscor
|-start|p2a: Gliscor|Encore
|
|upkeep
|turn|3
|
|t:|1758981291
|switch|p2a: Alomomola|Alomomola, M|100/100
|-damage|p2a: Alomomola|88/100|[from] Stealth Rock
|move|p1a: Donphan|Rapid Spin|p2a: Alomomola
|-damage|p2a: Alomomola|81/100
|-boost|p1a: Donphan|spe|1
|-damage|p1a: Donphan|84/100|[from] item: Rocky Helmet|[of] p2a: Alomomola
|-sideend|p1: potipot|Stealth Rock|[from] move: Rapid Spin|[of] p1a: Donphan
|
|upkeep
|turn|4
|
|t:|1758981303
|switch|p1a: Iris|Meowscarada, F, shiny|100/100
|move|p2a: Alomomola|Flip Turn|p1a: Iris
|-resisted|p1a: Iris
|-damage|p1a: Iris|90/100
|
|t:|1758981311
|switch|p2a: Cinderace|Cinderace, F|100/100|[from] Flip Turn
|
|upkeep
|turn|5
|
|t:|1758981324
|move|p1a: Iris|Knock Off|p2a: Cinderace
|-start|p1a: Iris|typechange|Dark|[from] ability: Protean
|-damage|p2a: Cinderace|40/100
|-enditem|p2a: Cinderace|Heavy-Duty Boots|[from] move: Knock Off|[of] p1a: Iris
|move|p2a: Cinderace|Court Change|p2a: Cinderace
|-start|p2a: Cinderace|typechange|Normal|[from] ability: Libero
|-swapsideconditions
|-activate|p2a: Cinderace|move: Court Change
|
|upkeep
|turn|6
|
|t:|1758981335
|move|p1a: Iris|Flower Trick|p2a: Cinderace
|-crit|p2a: Cinderace
|-damage|p2a: Cinderace|0 fnt
|faint|p2a: Cinderace
|
|upkeep
|
|t:|1758981342
|switch|p2a: Ribombee|Ribombee, M|100/100
|turn|7
|
|t:|1758981352
|move|p2a: Ribombee|Stun Spore|p1a: Iris
|-status|p1a: Iris|par
|-enditem|p1a: Iris|Lum Berry|[eat]
|-curestatus|p1a: Iris|par|[msg]
|move|p1a: Iris|Knock Off|p2a: Ribombee
|-resisted|p2a: Ribombee
|-damage|p2a: Ribombee|57/100
|-enditem|p2a: Ribombee|Focus Sash|[from] move: Knock Off|[of] p1a: Iris
|
|upkeep
|turn|8
|
|t:|1758981364
|switch|p1a: Donphan|Donphan, F|84/100
|-damage|p1a: Donphan|78/100|[from] Stealth Rock
|move|p2a: Ribombee|Stun Spore|p1a: Donphan
|-status|p1a: Donphan|par
|
|upkeep
|turn|9
|
|t:|1758981373
|move|p2a: Ribombee|Moonblast|p1a: Donphan
|-damage|p1a: Donphan|24/100 par
|move|p1a: Donphan|Rapid Spin|p2a: Ribombee
|-damage|p2a: Ribombee|30/100
|-boost|p1a: Donphan|spe|1
|-sideend|p1: potipot|Stealth Rock|[from] move: Rapid Spin|[of] p1a: Donphan
|
|upkeep
|turn|10
|-enditem|p1a: Donphan|Custap Berry|[eat]
|-activate|p1a: Donphan|item: Custap Berry|[consumed]
|
|t:|1758981382
|move|p1a: Donphan|Stealth Rock|p2a: Ribombee
|-sidestart|p2: toddyvg|move: Stealth Rock
|move|p2a: Ribombee|Moonblast|p1a: Donphan
|-damage|p1a: Donphan|0 fnt
|faint|p1a: Donphan
|
|upkeep
|
|t:|1758981388
|switch|p1a: Toilet|Pelipper, M|100/100
|-weather|RainDance|[from] ability: Drizzle|[of] p1a: Toilet
|turn|11
|
|t:|1758981393
|move|p2a: Ribombee|Sticky Web|p1a: Toilet
|-sidestart|p1: potipot|move: Sticky Web
|move|p1a: Toilet|Hurricane|p2a: Ribombee
|-supereffective|p2a: Ribombee
|-damage|p2a: Ribombee|0 fnt
|faint|p2a: Ribombee
|
|-weather|RainDance|[upkeep]
|upkeep
|
|t:|1758981400
|switch|p2a: Goodra|Goodra-Hisui, M|100/100
|-damage|p2a: Goodra|94/100|[from] Stealth Rock
|turn|12
|
|t:|1758981408
|move|p1a: Toilet|Ice Beam|p2a: Goodra
|-damage|p2a: Goodra|86/100
|move|p2a: Goodra|Thunderbolt|p1a: Toilet
|-supereffective|p1a: Toilet
|-damage|p1a: Toilet|0 fnt
|faint|p1a: Toilet
|
|-weather|RainDance|[upkeep]
|upkeep
|
|t:|1758981415
|switch|p1a: Red Shell|Drednaw, M|100/100
|-activate|p1a: Red Shell|move: Sticky Web
|-unboost|p1a: Red Shell|spe|1
|turn|13
|
|t:|1758981432
|move|p1a: Red Shell|Earthquake|p2a: Goodra
|-supereffective|p2a: Goodra
|-damage|p2a: Goodra|5/100
|move|p2a: Goodra|Flash Cannon|p1a: Red Shell
|-damage|p1a: Red Shell|45/100
|
|-weather|RainDance|[upkeep]
|upkeep
|turn|14
|
|t:|1758981440
|move|p1a: Red Shell|Ice Spinner|p2a: Goodra
|-damage|p2a: Goodra|0 fnt
|faint|p2a: Goodra
|
|-weather|RainDance|[upkeep]
|upkeep
|
|t:|1758981443
|switch|p2a: Alomomola|Alomomola, M|100/100
|-damage|p2a: Alomomola|88/100|[from] Stealth Rock
|turn|15
|
|t:|1758981448
|move|p1a: Red Shell|Swords Dance|p1a: Red Shell
|-boost|p1a: Red Shell|atk|2
|move|p2a: Alomomola|Scald|p1a: Red Shell
|-damage|p1a: Red Shell|16/100
|-status|p1a: Red Shell|brn
|
|-weather|RainDance|[upkeep]
|-damage|p1a: Red Shell|10/100 brn|[from] brn
|upkeep
|turn|16
|
|t:|1758981459
|move|p1a: Red Shell|Earthquake|p2a: Alomomola
|-damage|p2a: Alomomola|70/100
|move|p2a: Alomomola|Flip Turn|p1a: Red Shell
|-crit|p1a: Red Shell
|-damage|p1a: Red Shell|0 fnt
|faint|p1a: Red Shell
|
|t:|1758981463
|switch|p2a: Gliscor|Gliscor, M|100/100 tox|[from] Flip Turn
|-damage|p2a: Gliscor|88/100 tox|[from] Stealth Rock
|
|-weather|RainDance|[upkeep]
|-heal|p2a: Gliscor|100/100 tox|[from] ability: Poison Heal
|upkeep
|
|t:|1758981470
|switch|p1a: Zapdos|Zapdos|100/100
|turn|17
|
|t:|1758981474
|move|p2a: Gliscor|Protect|p2a: Gliscor
|-singleturn|p2a: Gliscor|Protect
|move|p1a: Zapdos|Weather Ball|p2a: Gliscor
|-activate|p2a: Gliscor|move: Protect
|
|-weather|RainDance|[upkeep]
|upkeep
|turn|18
|
|t:|1758981480
|switch|p2a: Alomomola|Alomomola, M|100/100
|-damage|p2a: Alomomola|88/100|[from] Stealth Rock
|move|p1a: Zapdos|Weather Ball|p2a: Alomomola
|-resisted|p2a: Alomomola
|-damage|p2a: Alomomola|60/100
|
|-weather|none
|upkeep
|turn|19
|
|t:|1758981488
|switch|p2a: Gliscor|Gliscor, M|100/100 tox
|-damage|p2a: Gliscor|88/100 tox|[from] Stealth Rock
|move|p1a: Zapdos|Volt Switch|p2a: Gliscor
|-immune|p2a: Gliscor
|
|-heal|p2a: Gliscor|100/100 tox|[from] ability: Poison Heal
|upkeep
|turn|20
|
|t:|1758981498
|move|p1a: Zapdos|Weather Ball|p2a: Gliscor
|-damage|p2a: Gliscor|81/100 tox
|move|p2a: Gliscor|Stealth Rock|p1a: Zapdos
|-sidestart|p1: potipot|move: Stealth Rock
|
|-heal|p2a: Gliscor|94/100 tox|[from] ability: Poison Heal
|upkeep
|turn|21
|
|t:|1758981506
|move|p1a: Zapdos|Weather Ball|p2a: Gliscor
|-damage|p2a: Gliscor|73/100 tox
|move|p2a: Gliscor|Knock Off|p1a: Zapdos
|-damage|p1a: Zapdos|73/100
|-enditem|p1a: Zapdos|Focus Sash|[from] move: Knock Off|[of] p2a: Gliscor
|
|-heal|p2a: Gliscor|86/100 tox|[from] ability: Poison Heal
|upkeep
|turn|22
|
|t:|1758981514
|move|p1a: Zapdos|Weather Ball|p2a: Gliscor
|-damage|p2a: Gliscor|64/100 tox
|move|p2a: Gliscor|Taunt|p1a: Zapdos
|-start|p1a: Zapdos|move: Taunt
|
|-heal|p2a: Gliscor|77/100 tox|[from] ability: Poison Heal
|upkeep
|turn|23
|
|t:|1758981522
|move|p1a: Zapdos|Weather Ball|p2a: Gliscor
|-damage|p2a: Gliscor|56/100 tox
|move|p2a: Gliscor|Knock Off|p1a: Zapdos
|-damage|p1a: Zapdos|56/100
|
|-heal|p2a: Gliscor|68/100 tox|[from] ability: Poison Heal
|upkeep
|turn|24
|
|t:|1758981529
|move|p1a: Zapdos|Weather Ball|p2a: Gliscor
|-damage|p2a: Gliscor|46/100 tox
|move|p2a: Gliscor|Knock Off|p1a: Zapdos
|-damage|p1a: Zapdos|39/100
|
|-heal|p2a: Gliscor|58/100 tox|[from] ability: Poison Heal
|upkeep
|turn|25
|
|t:|1758981536
|move|p1a: Zapdos|Weather Ball|p2a: Gliscor
|-damage|p2a: Gliscor|38/100 tox
|move|p2a: Gliscor|Knock Off|p1a: Zapdos
|-damage|p1a: Zapdos|22/100
|
|-heal|p2a: Gliscor|51/100 tox|[from] ability: Poison Heal
|-end|p1a: Zapdos|move: Taunt
|upkeep
|turn|26
|
|t:|1758981544
|move|p1a: Zapdos|Weather Ball|p2a: Gliscor
|-damage|p2a: Gliscor|32/100 tox
|move|p2a: Gliscor|Knock Off|p1a: Zapdos
|-damage|p1a: Zapdos|5/100
|
|-heal|p2a: Gliscor|44/100 tox|[from] ability: Poison Heal
|upkeep
|turn|27
|
|t:|1758981552
|move|p2a: Gliscor|Protect|p2a: Gliscor
|-singleturn|p2a: Gliscor|Protect
|move|p1a: Zapdos|Weather Ball|p2a: Gliscor
|-activate|p2a: Gliscor|move: Protect
|
|-heal|p2a: Gliscor|56/100 tox|[from] ability: Poison Heal
|upkeep
|turn|28
|
|t:|1758981559
|move|p1a: Zapdos|Weather Ball|p2a: Gliscor
|-damage|p2a: Gliscor|34/100 tox
|move|p2a: Gliscor|Knock Off|p1a: Zapdos
|-damage|p1a: Zapdos|0 fnt
|faint|p1a: Zapdos
|
|-heal|p2a: Gliscor|47/100 tox|[from] ability: Poison Heal
|upkeep
|
|t:|1758981567
|switch|p1a: Iris|Meowscarada, F, shiny|90/100
|-activate|p1a: Iris|move: Sticky Web
|-unboost|p1a: Iris|spe|1
|-damage|p1a: Iris|78/100|[from] Stealth Rock
|turn|29
|
|t:|1758981572
|move|p2a: Gliscor|Protect|p2a: Gliscor
|-singleturn|p2a: Gliscor|Protect
|move|p1a: Iris|Knock Off|p2a: Gliscor
|-start|p1a: Iris|typechange|Dark|[from] ability: Protean
|-activate|p2a: Gliscor|move: Protect
|
|-heal|p2a: Gliscor|59/100 tox|[from] ability: Poison Heal
|upkeep
|turn|30
|
|t:|1758981589
|move|p1a: Iris|Triple Axel|p2a: Gliscor
|-supereffective|p2a: Gliscor
|-crit|p2a: Gliscor
|-damage|p2a: Gliscor|37/100 tox
|-supereffective|p2a: Gliscor
|-damage|p2a: Gliscor|7/100 tox
|-supereffective|p2a: Gliscor
|-damage|p2a: Gliscor|0 fnt
|faint|p2a: Gliscor
|-hitcount|p2: Gliscor|3
|
|upkeep
|
|t:|1758981592
|switch|p2a: Kingambit|Kingambit, F|100/100
|-damage|p2a: Kingambit|94/100|[from] Stealth Rock
|turn|31
|
|t:|1758981603
|move|p1a: Iris|Knock Off|p2a: Kingambit
|-resisted|p2a: Kingambit
|-damage|p2a: Kingambit|77/100
|-enditem|p2a: Kingambit|Leftovers|[from] move: Knock Off|[of] p1a: Iris
|move|p2a: Kingambit|Swords Dance|p2a: Kingambit
|-boost|p2a: Kingambit|atk|2
|
|upkeep
|turn|32
|
|t:|1758981615
|move|p1a: Iris|U-turn|p2a: Kingambit
|-damage|p2a: Kingambit|61/100
|
|t:|1758981618
|switch|p1a: Cinderace|Cinderace, F|100/100|[from] U-turn
|-activate|p1a: Cinderace|move: Sticky Web
|-unboost|p1a: Cinderace|spe|1
|-damage|p1a: Cinderace|76/100|[from] Stealth Rock
|move|p2a: Kingambit|Swords Dance|p2a: Kingambit
|-boost|p2a: Kingambit|atk|2
|
|upkeep
|turn|33
|
|t:|1758981631
|-terastallize|p1a: Cinderace|Steel
|move|p2a: Kingambit|Sucker Punch|p1a: Cinderace
|-damage|p1a: Cinderace|0 fnt
|faint|p1a: Cinderace
|
|upkeep
|
|t:|1758981635
|switch|p1a: Iris|Meowscarada, F, shiny|78/100
|-activate|p1a: Iris|move: Sticky Web
|-unboost|p1a: Iris|spe|1
|-damage|p1a: Iris|65/100|[from] Stealth Rock
|turn|34
|
|t:|1758981646
|move|p2a: Kingambit|Sucker Punch|p1a: Iris
|-resisted|p1a: Iris
|-damage|p1a: Iris|0 fnt
|faint|p1a: Iris
|
|win|toddyvg
|raw|potipot's rating: 1157 &rarr; <strong>1136</strong><br />(-21 for losing)
|raw|toddyvg's rating: 1218 &rarr; <strong>1239</strong><br />(+21 for winning)
|c|☆potipot|ggwp
|l|☆potipot
|player|p1|
|l|☆toddyvg
|player|p2|
