|j|☆DBJota
|j|☆virgilestrate
|t:|1758972418
|gametype|singles
|player|p1|DBJota|scientist|1270
|player|p2|virgilestrate|2|1316
|gen|9
|tier|[Gen 9] OU
|rated|
|rule|HP Percentage Mod: HP is shown in percentages
|rule|Endless Battle Clause: Forcing endless battles is banned
|rule|Species Clause: Limit one of each Pokémon
|rule|OHKO Clause: OHKO moves are banned
|rule|Evasion Items Clause: Evasion items are banned
|rule|Evasion Moves Clause: Evasion moves are banned
|rule|Evasion Abilities Clause: Evasion abilities are banned
|rule|Sleep Moves Clause: Sleep-inducing moves are banned
|clearpoke
|poke|p1|Quaquaval, M|
|poke|p1|Glimmora, M|
|poke|p1|Dragonite, M|
|poke|p1|Meowscarada, M|
|poke|p1|Ceruledge, M|
|poke|p1|Scyther, M|
|poke|p2|Exeggutor, M|
|poke|p2|Ninetales, M|
|poke|p2|Hatterene, F|
|poke|p2|Raging Bolt|
|poke|p2|Great Tusk|
|poke|p2|Walking Wake|
|teampreview
|
|t:|1758972424
|teamsize|p1|6
|teamsize|p2|6
|start
|switch|p1a: Glimmora|Glimmora, M, shiny|100/100
|switch|p2a: Ninetales|Ninetales, M, shiny|100/100
|-weather|SunnyDay|[from] ability: Drought|[of] p2a: Ninetales
|turn|1
|inactive|Battle timer is ON: inactive players will automatically lose when time's up. (requested by virgilestrate)
|
|t:|1758972427
|switch|p2a: Hatterene|Hatterene, F, shiny|100/100
|move|p1a: Glimmora|Meteor Beam||[still]
|-prepare|p1a: Glimmora|Meteor Beam
|-boost|p1a: Glimmora|spa|1
|-enditem|p1a: Glimmora|Power Herb
|-anim|p1a: Glimmora|Meteor Beam|p2a: Hatterene
|-damage|p2a: Hatterene|20/100
|-enditem|p2a: Hatterene|Eject Button
|
|t:|1758972431
|switch|p2a: Walking Wake|Walking Wake|100/100
|-activate|p2a: Walking Wake|ability: Protosynthesis
|-start|p2a: Walking Wake|protosynthesisspa
|
|-weather|SunnyDay|[upkeep]
|upkeep
|turn|2
|
|t:|1758972436
|-terastallize|p1a: Glimmora|Dark
|move|p2a: Walking Wake|Hydro Steam|p1a: Glimmora
|-damage|p1a: Glimmora|3/100
|move|p1a: Glimmora|Sludge Wave|p2a: Walking Wake
|-damage|p2a: Walking Wake|31/100
|
|-weather|SunnyDay|[upkeep]
|upkeep
|turn|3
|
|t:|1758972444
|switch|p1a: Quaquaval|Quaquaval, M|100/100
|move|p2a: Walking Wake|Hydro Steam|p1a: Quaquaval
|-resisted|p1a: Quaquaval
|-damage|p1a: Quaquaval|67/100
|
|-weather|SunnyDay|[upkeep]
|upkeep
|turn|4
|
|t:|1758972449
|-end|p2a: Walking Wake|Protosynthesis|[silent]
|switch|p2a: Raging Bolt|Raging Bolt|100/100
|-activate|p2a: Raging Bolt|ability: Protosynthesis
|-start|p2a: Raging Bolt|protosynthesisspa
|move|p1a: Quaquaval|Aqua Step|p2a: Raging Bolt
|-resisted|p2a: Raging Bolt
|-damage|p2a: Raging Bolt|92/100
|-boost|p1a: Quaquaval|spe|1
|
|-weather|SunnyDay|[upkeep]
|upkeep
|turn|5
|
|t:|1758972456
|move|p1a: Quaquaval|Triple Axel|p2a: Raging Bolt
|-supereffective|p2a: Raging Bolt
|-damage|p2a: Raging Bolt|81/100
|-supereffective|p2a: Raging Bolt
|-damage|p2a: Raging Bolt|58/100
|-supereffective|p2a: Raging Bolt
|-damage|p2a: Raging Bolt|26/100
|-hitcount|p2a: Raging Bolt|3
|move|p2a: Raging Bolt|Volt Switch|p1a: Quaquaval
|-supereffective|p1a: Quaquaval
|-damage|p1a: Quaquaval|0 fnt
|faint|p1a: Quaquaval
|
|t:|1758972464
|-end|p2a: Raging Bolt|Protosynthesis|[silent]
|switch|p2a: Exeggutor|Exeggutor, M, shiny|100/100|[from] Volt Switch
|
|-weather|SunnyDay|[upkeep]
|upkeep
|
|t:|1758972470
|switch|p1a: Ceruledge|Ceruledge, M|100/100
|turn|6
|
|t:|1758972475
|move|p2a: Exeggutor|Psychic|p1a: Ceruledge
|-damage|p1a: Ceruledge|46/100
|-damage|p2a: Exeggutor|91/100|[from] item: Life Orb
|move|p1a: Ceruledge|Bulk Up|p1a: Ceruledge
|-boost|p1a: Ceruledge|atk|1
|-boost|p1a: Ceruledge|def|1
|
|-weather|SunnyDay|[upkeep]
|upkeep
|turn|7
|
|t:|1758972482
|move|p2a: Exeggutor|Psychic|p1a: Ceruledge
|-damage|p1a: Ceruledge|0 fnt
|faint|p1a: Ceruledge
|-damage|p2a: Exeggutor|81/100|[from] item: Life Orb
|
|-weather|SunnyDay|[upkeep]
|upkeep
|
|t:|1758972485
|switch|p1a: Glimmora|Glimmora, M, shiny, tera:Dark|3/100
|turn|8
|
|t:|1758972490
|move|p2a: Exeggutor|Solar Beam||[still]
|-prepare|p2a: Exeggutor|Solar Beam
|-anim|p2a: Exeggutor|Solar Beam|p1a: Glimmora
|-damage|p1a: Glimmora|0 fnt
|faint|p1a: Glimmora
|-damage|p2a: Exeggutor|71/100|[from] item: Life Orb
|
|-weather|none
|upkeep
|
|t:|1758972498
|switch|p1a: Dragonite|Dragonite, M|100/100
|turn|9
|
|t:|1758972502
|move|p1a: Dragonite|Dragon Dance|p1a: Dragonite
|-boost|p1a: Dragonite|atk|1
|-boost|p1a: Dragonite|spe|1
|move|p2a: Exeggutor|Psychic|p1a: Dragonite
|-damage|p1a: Dragonite|71/100
|-damage|p2a: Exeggutor|61/100|[from] item: Life Orb
|
|-heal|p1a: Dragonite|77/100|[from] item: Leftovers
|upkeep
|turn|10
|
|t:|1758972506
|switch|p2a: Ninetales|Ninetales, M, shiny|100/100
|-weather|SunnyDay|[from] ability: Drought|[of] p2a: Ninetales
|move|p1a: Dragonite|Dragon Dance|p1a: Dragonite
|-boost|p1a: Dragonite|atk|1
|-boost|p1a: Dragonite|spe|1
|
|-weather|SunnyDay|[upkeep]
|-heal|p1a: Dragonite|83/100|[from] item: Leftovers
|upkeep
|turn|11
|
|t:|1758972509
|move|p1a: Dragonite|Earthquake|p2a: Ninetales
|-supereffective|p2a: Ninetales
|-damage|p2a: Ninetales|0 fnt
|faint|p2a: Ninetales
|
|-weather|SunnyDay|[upkeep]
|-heal|p1a: Dragonite|89/100|[from] item: Leftovers
|upkeep
|
|t:|1758972514
|switch|p2a: Great Tusk|Great Tusk|100/100
|-activate|p2a: Great Tusk|ability: Protosynthesis
|-start|p2a: Great Tusk|protosynthesisspe
|turn|12
|
|t:|1758972518
|move|p1a: Dragonite|Earthquake|p2a: Great Tusk
|-damage|p2a: Great Tusk|55/100
|move|p2a: Great Tusk|Close Combat|p1a: Dragonite
|-resisted|p1a: Dragonite
|-damage|p1a: Dragonite|53/100
|-unboost|p2a: Great Tusk|def|1
|-unboost|p2a: Great Tusk|spd|1
|
|-weather|SunnyDay|[upkeep]
|-heal|p1a: Dragonite|59/100|[from] item: Leftovers
|upkeep
|turn|13
|
|t:|1758972523
|-end|p2a: Great Tusk|Protosynthesis|[silent]
|switch|p2a: Hatterene|Hatterene, F, shiny|20/100
|move|p1a: Dragonite|Earthquake|p2a: Hatterene
|-damage|p2a: Hatterene|0 fnt
|faint|p2a: Hatterene
|
|-weather|SunnyDay|[upkeep]
|-heal|p1a: Dragonite|65/100|[from] item: Leftovers
|upkeep
|
|t:|1758972525
|switch|p2a: Great Tusk|Great Tusk|55/100
|-activate|p2a: Great Tusk|ability: Protosynthesis
|-start|p2a: Great Tusk|protosynthesisspe
|turn|14
|
|t:|1758972530
|move|p1a: Dragonite|Earthquake|p2a: Great Tusk
|-damage|p2a: Great Tusk|15/100
|move|p2a: Great Tusk|Ice Spinner|p1a: Dragonite
|-supereffective|p1a: Dragonite
|-damage|p1a: Dragonite|0 fnt
|faint|p1a: Dragonite
|
|-weather|SunnyDay|[upkeep]
|upkeep
|
|t:|1758972533
|switch|p1a: Meowscarada|Meowscarada, M|100/100
|turn|15
|
|t:|1758972536
|move|p2a: Great Tusk|Ice Spinner|p1a: Meowscarada
|-supereffective|p1a: Meowscarada
|-damage|p1a: Meowscarada|0 fnt
|faint|p1a: Meowscarada
|
|-weather|SunnyDay|[upkeep]
|upkeep
|
|t:|1758972538
|switch|p1a: Scyther|Scyther, M|100/100
|turn|16
|
|t:|1758972556
|move|p2a: Great Tusk|Ice Spinner|p1a: Scyther
|-supereffective|p1a: Scyther
|-damage|p1a: Scyther|39/100
|move|p1a: Scyther|Trailblaze|p2a: Great Tusk
|-supereffective|p2a: Great Tusk
|-damage|p2a: Great Tusk|0 fnt
|-boost|p1a: Scyther|spe|1
|faint|p2a: Great Tusk
|-end|p2a: Great Tusk|Protosynthesis|[silent]
|
|-weather|SunnyDay|[upkeep]
|upkeep
|
|t:|1758972560
|switch|p2a: Exeggutor|Exeggutor, M, shiny|61/100
|turn|17
|
|t:|1758972563
|-terastallize|p2a: Exeggutor|Fire
|move|p1a: Scyther|Dual Wingbeat|p2a: Exeggutor
|-damage|p2a: Exeggutor|27/100
|-damage|p2a: Exeggutor|0 fnt
|faint|p2a: Exeggutor
|-hitcount|p2: Exeggutor|2
|
|-weather|none
|upkeep
|
|t:|1758972565
|switch|p2a: Raging Bolt|Raging Bolt|26/100
|turn|18
|
|t:|1758972568
|move|p2a: Raging Bolt|Thunderclap||[still]
|-fail|p2a: Raging Bolt
|move|p1a: Scyther|Swords Dance|p1a: Scyther
|-boost|p1a: Scyther|atk|2
|
|upkeep
|turn|19
|
|t:|1758972570
|move|p2a: Raging Bolt|Thunderclap||[still]
|-fail|p2a: Raging Bolt
|move|p1a: Scyther|Swords Dance|p1a: Scyther
|-boost|p1a: Scyther|atk|2
|
|upkeep
|turn|20
|
|t:|1758972575
|move|p2a: Raging Bolt|Thunderclap|p1a: Scyther
|-supereffective|p1a: Scyther
|-damage|p1a: Scyther|0 fnt
|faint|p1a: Scyther
|
|win|virgilestrate
|raw|DBJota's rating: 1270 &rarr; <strong>1248</strong><br />(-22 for losing)
|raw|virgilestrate's rating: 1316 &rarr; <strong>1333</strong><br />(+17 for winning)
|l|☆DBJota
|player|p1|
|l|☆virgilestrate
|player|p2|
