|j|☆sonicjara
|j|☆BearFirst
|t:|1759042021
|gametype|singles
|player|p1|sonicjara|1|1359
|player|p2|BearFirst|lucas|1290
|gen|9
|tier|[Gen 9] OU
|rated|
|rule|HP Percentage Mod: HP is shown in percentages
|rule|Endless Battle Clause: Forcing endless battles is banned
|rule|Species Clause: Limit one of each Pokémon
|rule|OHKO Clause: OHKO moves are banned
|rule|Evasion Items Clause: Evasion items are banned
|rule|Evasion Moves Clause: Evasion moves are banned
|rule|Evasion Abilities Clause: Evasion abilities are banned
|rule|Sleep Moves Clause: Sleep-inducing moves are banned
|clearpoke
|poke|p1|Meowscarada, F|
|poke|p1|Slowking-Galar, M|
|poke|p1|Corviknight, F|
|poke|p1|Cinderace, F|
|poke|p1|Great Tusk|
|poke|p1|Dragapult, F|
|poke|p2|Samurott-Hisui, F|
|poke|p2|Mamoswine, M|
|poke|p2|Volcanion|
|poke|p2|Hydrapple, M|
|poke|p2|Gholdengo|
|poke|p2|Landorus-Therian, M|
|teampreview
|inactive|Battle timer is ON: inactive players will automatically lose when time's up. (requested by BearFirst)
|
|t:|1759042027
|teamsize|p1|6
|teamsize|p2|6
|start
|switch|p1a: Meowscarada|Meowscarada, F, shiny|100/100
|switch|p2a: Ground Cat|Landorus-Therian, M|100/100
|-ability|p2a: Ground Cat|Intimidate|boost
|-unboost|p1a: Meowscarada|atk|1
|turn|1
|
|t:|1759042034
|move|p1a: Meowscarada|Triple Axel|p2a: Ground Cat
|-start|p1a: Meowscarada|typechange|Ice|[from] ability: Protean
|-supereffective|p2a: Ground Cat
|-damage|p2a: Ground Cat|69/100
|-supereffective|p2a: Ground Cat
|-damage|p2a: Ground Cat|11/100
|-supereffective|p2a: Ground Cat
|-damage|p2a: Ground Cat|0 fnt
|faint|p2a: Ground Cat
|-hitcount|p2: Ground Cat|3
|
|upkeep
|
|t:|1759042040
|switch|p2a: Samurott|Samurott-Hisui, F|100/100
|turn|2
|
|t:|1759042049
|switch|p1a: Corviknight|Corviknight, F, shiny|100/100
|-ability|p1a: Corviknight|Pressure
|move|p2a: Samurott|Ceaseless Edge|p1a: Corviknight
|-crit|p1a: Corviknight
|-damage|p1a: Corviknight|54/100
|-damage|p2a: Samurott|84/100|[from] item: Rocky Helmet|[of] p1a: Corviknight
|-sidestart|p1: sonicjara|Spikes
|
|upkeep
|turn|3
|
|t:|1759042060
|switch|p2a: Gholdengo|Gholdengo|100/100
|-item|p2a: Gholdengo|Air Balloon
|move|p1a: Corviknight|Roost|p1a: Corviknight
|-heal|p1a: Corviknight|100/100
|-singleturn|p1a: Corviknight|move: Roost
|
|upkeep
|turn|4
|
|t:|1759042074
|move|p2a: Gholdengo|Thunder Wave|p1a: Corviknight
|-status|p1a: Corviknight|par
|cant|p1a: Corviknight|par
|
|upkeep
|turn|5
|
|t:|1759042088
|switch|p2a: Water-Fire|Volcanion|100/100
|switch|p1a: Slowking|Slowking-Galar, M, shiny|100/100
|
|upkeep
|turn|6
|
|t:|1759042094
|switch|p2a: Gholdengo|Gholdengo|100/100
|-item|p2a: Gholdengo|Air Balloon
|move|p1a: Slowking|Thunder Wave|p2a: Gholdengo
|-immune|p2a: Gholdengo|[from] ability: Good as Gold
|
|upkeep
|turn|7
|
|t:|1759042104
|switch|p2a: Water-Fire|Volcanion|100/100
|-prepare|p1a: Slowking|Chilly Reception|[premajor]
|move|p1a: Slowking|Chilly Reception|p1a: Slowking
|-weather|Snowscape
|
|t:|1759042123
|switch|p1a: Cinderace|Cinderace, F, shiny|100/100|[from] Chilly Reception
|
|-weather|Snowscape|[upkeep]
|upkeep
|turn|8
|
|t:|1759042129
|move|p1a: Cinderace|U-turn|p2a: Water-Fire
|-start|p1a: Cinderace|typechange|Bug|[from] ability: Libero
|-resisted|p2a: Water-Fire
|-damage|p2a: Water-Fire|86/100
|
|t:|1759042135
|switch|p1a: Slowking|Slowking-Galar, M, shiny|100/100|[from] U-turn
|move|p2a: Water-Fire|Steam Eruption|p1a: Slowking
|-damage|p1a: Slowking|67/100
|
|-weather|Snowscape|[upkeep]
|upkeep
|turn|9
|
|t:|1759042144
|move|p2a: Water-Fire|Will-O-Wisp|p1a: Slowking
|-status|p1a: Slowking|brn
|-prepare|p1a: Slowking|Chilly Reception|[premajor]
|move|p1a: Slowking|Chilly Reception|p1a: Slowking
|
|t:|1759042155
|switch|p1a: Cinderace|Cinderace, F, shiny|100/100|[from] Chilly Reception
|
|-weather|Snowscape|[upkeep]
|upkeep
|turn|10
|
|t:|1759042161
|move|p1a: Cinderace|U-turn|p2a: Water-Fire
|-start|p1a: Cinderace|typechange|Bug|[from] ability: Libero
|-resisted|p2a: Water-Fire
|-damage|p2a: Water-Fire|74/100
|
|t:|1759042166
|switch|p1a: Slowking|Slowking-Galar, M, shiny|99/100 brn|[from] U-turn
|move|p2a: Water-Fire|Steam Eruption|p1a: Slowking
|-damage|p1a: Slowking|68/100 brn
|
|-weather|Snowscape|[upkeep]
|-damage|p1a: Slowking|61/100 brn|[from] brn
|upkeep
|turn|11
|
|t:|1759042179
|switch|p2a: Samurott|Samurott-Hisui, F|84/100
|-prepare|p1a: Slowking|Chilly Reception|[premajor]
|move|p1a: Slowking|Chilly Reception|p1a: Slowking
|
|t:|1759042186
|switch|p1a: Cinderace|Cinderace, F, shiny|100/100|[from] Chilly Reception
|
|-weather|none
|upkeep
|turn|12
|
|t:|1759042209
|-terastallize|p2a: Samurott|Fairy
|move|p2a: Samurott|Aqua Jet|p1a: Cinderace
|-supereffective|p1a: Cinderace
|-damage|p1a: Cinderace|47/100
|move|p1a: Cinderace|U-turn|p2a: Samurott
|-start|p1a: Cinderace|typechange|Bug|[from] ability: Libero
|-resisted|p2a: Samurott
|-damage|p2a: Samurott|65/100
|
|t:|1759042219
|switch|p1a: Corviknight|Corviknight, F, shiny|100/100 par|[from] U-turn
|-ability|p1a: Corviknight|Pressure
|
|upkeep
|turn|13
|
|t:|1759042230
|switch|p2a: Gholdengo|Gholdengo|100/100
|-item|p2a: Gholdengo|Air Balloon
|move|p1a: Corviknight|Brave Bird|p2a: Gholdengo
|-resisted|p2a: Gholdengo
|-crit|p2a: Gholdengo
|-damage|p2a: Gholdengo|73/100
|-enditem|p2a: Gholdengo|Air Balloon
|-damage|p1a: Corviknight|92/100 par|[from] Recoil
|
|upkeep
|turn|14
|
|t:|1759042242
|move|p2a: Gholdengo|Hex|p1a: Corviknight
|-damage|p1a: Corviknight|35/100 par
|move|p1a: Corviknight|U-turn|p2a: Gholdengo
|-resisted|p2a: Gholdengo
|-damage|p2a: Gholdengo|70/100
|
|t:|1759042249
|switch|p1a: Great Tusk|Great Tusk, shiny|100/100|[from] U-turn
|-damage|p1a: Great Tusk|88/100|[from] Spikes
|
|upkeep
|turn|15
|
|t:|1759042256
|switch|p2a: Hydrapple|Hydrapple, M|100/100
|move|p1a: Great Tusk|Ice Spinner|p2a: Hydrapple
|-supereffective|p2a: Hydrapple
|-damage|p2a: Hydrapple|10/100
|-damage|p1a: Great Tusk|72/100|[from] item: Rocky Helmet|[of] p2a: Hydrapple
|
|upkeep
|turn|16
|
|t:|1759042269
|move|p1a: Great Tusk|Ice Spinner|p2a: Hydrapple
|-supereffective|p2a: Hydrapple
|-damage|p2a: Hydrapple|0 fnt
|-damage|p1a: Great Tusk|55/100|[from] item: Rocky Helmet|[of] p2a: Hydrapple
|faint|p2a: Hydrapple
|
|upkeep
|
|t:|1759042271
|switch|p2a: Great Pig|Mamoswine, M|100/100
|turn|17
|
|t:|1759042280
|-end|p1a: Great Tusk|Protosynthesis|[silent]
|switch|p1a: Corviknight|Corviknight, F, shiny|35/100 par
|-ability|p1a: Corviknight|Pressure
|move|p2a: Great Pig|Ice Shard|p1a: Corviknight
|-damage|p1a: Corviknight|16/100 par
|-damage|p2a: Great Pig|91/100|[from] item: Life Orb
|
|upkeep
|turn|18
|
|t:|1759042289
|move|p2a: Great Pig|Ice Shard|p1a: Corviknight
|-damage|p1a: Corviknight|0 fnt
|faint|p1a: Corviknight
|-damage|p2a: Great Pig|81/100|[from] item: Life Orb
|
|upkeep
|
|t:|1759042309
|switch|p1a: Cinderace|Cinderace, F, shiny|47/100
|turn|19
|
|t:|1759042313
|switch|p2a: Water-Fire|Volcanion|74/100
|move|p1a: Cinderace|Pyro Ball|p2a: Water-Fire
|-resisted|p2a: Water-Fire
|-damage|p2a: Water-Fire|63/100
|
|upkeep
|turn|20
|
|t:|1759042330
|move|p1a: Cinderace|U-turn|p2a: Water-Fire
|-start|p1a: Cinderace|typechange|Bug|[from] ability: Libero
|-resisted|p2a: Water-Fire
|-damage|p2a: Water-Fire|49/100
|
|t:|1759042336
|switch|p1a: Slowking|Slowking-Galar, M, shiny|95/100 brn|[from] U-turn
|move|p2a: Water-Fire|Earth Power|p1a: Slowking
|-supereffective|p1a: Slowking
|-damage|p1a: Slowking|59/100 brn
|
|-damage|p1a: Slowking|53/100 brn|[from] brn
|upkeep
|turn|21
|
|t:|1759042345
|switch|p2a: Samurott|Samurott-Hisui, F, tera:Fairy|65/100
|move|p1a: Slowking|Thunder Wave|p2a: Samurott
|-status|p2a: Samurott|par
|
|-damage|p1a: Slowking|47/100 brn|[from] brn
|upkeep
|turn|22
|
|t:|1759042357
|move|p2a: Samurott|Ceaseless Edge|p1a: Slowking
|-supereffective|p1a: Slowking
|-damage|p1a: Slowking|0 fnt
|-sidestart|p1: sonicjara|Spikes
|faint|p1a: Slowking
|
|upkeep
|
|t:|1759042377
|switch|p1a: Great Tusk|Great Tusk, shiny|55/100
|-damage|p1a: Great Tusk|39/100|[from] Spikes
|turn|23
|
|t:|1759042389
|-terastallize|p1a: Great Tusk|Steel
|move|p2a: Samurott|Aqua Jet|p1a: Great Tusk
|-damage|p1a: Great Tusk|25/100
|move|p1a: Great Tusk|Headlong Rush|p2a: Samurott
|-damage|p2a: Samurott|0 fnt
|-unboost|p1a: Great Tusk|def|1
|-unboost|p1a: Great Tusk|spd|1
|faint|p2a: Samurott
|
|upkeep
|inactive|BearFirst has 120 seconds left.
|
|t:|1759042422
|switch|p2a: Great Pig|Mamoswine, M|81/100
|turn|24
|inactive|BearFirst has 120 seconds left.
|
|t:|1759042433
|move|p2a: Great Pig|Ice Shard|p1a: Great Tusk
|-resisted|p1a: Great Tusk
|-damage|p1a: Great Tusk|8/100
|-damage|p2a: Great Pig|71/100|[from] item: Life Orb
|move|p1a: Great Tusk|Headlong Rush|p2a: Great Pig
|-damage|p2a: Great Pig|0 fnt
|-unboost|p1a: Great Tusk|def|1
|-unboost|p1a: Great Tusk|spd|1
|faint|p2a: Great Pig
|
|upkeep
|-message|BearFirst forfeited.
|
|win|sonicjara
|raw|sonicjara's rating: 1359 &rarr; <strong>1375</strong><br />(+16 for winning)
|raw|BearFirst's rating: 1290 &rarr; <strong>1270</strong><br />(-20 for losing)
|l|☆BearFirst
|player|p2|
|l|☆sonicjara
|player|p1|
