|j|☆DeimosDemon
|j|☆yeyibu
|t:|1759029076
|gametype|singles
|player|p1|DeimosDemon|lance|1447
|player|p2|yeyibu|miku-ghost|1442
|gen|9
|tier|[Gen 9] OU
|rated|
|rule|HP Percentage Mod: HP is shown in percentages
|rule|Endless Battle Clause: Forcing endless battles is banned
|rule|Species Clause: Limit one of each Pokémon
|rule|OHKO Clause: OHKO moves are banned
|rule|Evasion Items Clause: Evasion items are banned
|rule|Evasion Moves Clause: Evasion moves are banned
|rule|Evasion Abilities Clause: Evasion abilities are banned
|rule|Sleep Moves Clause: Sleep-inducing moves are banned
|clearpoke
|poke|p1|Primarina, F|
|poke|p1|Armarouge, M|
|poke|p1|Indeedee-F, F|
|poke|p1|Great Tusk|
|poke|p1|Landorus-Therian, M|
|poke|p1|Alomomola, M|
|poke|p2|Deoxys-Speed|
|poke|p2|Dragonite, F|
|poke|p2|Darkrai|
|poke|p2|Iron Moth|
|poke|p2|Scizor, M|
|poke|p2|Great Tusk|
|teampreview
|inactive|Battle timer is ON: inactive players will automatically lose when time's up. (requested by yeyibu)
|inactive|DeimosDemon has 120 seconds left.
|
|t:|1759029130
|teamsize|p1|6
|teamsize|p2|6
|start
|switch|p1a: Landorus|Landorus-Therian, M|100/100
|switch|p2a: Deoxys|Deoxys-Speed|100/100
|-ability|p2a: Deoxys|Pressure
|-ability|p1a: Landorus|Intimidate|boost
|-unboost|p2a: Deoxys|atk|1
|turn|1
|
|t:|1759029140
|move|p2a: Deoxys|Ice Beam|p1a: Landorus
|-supereffective|p1a: Landorus
|-damage|p1a: Landorus|0 fnt
|faint|p1a: Landorus
|
|upkeep
|
|t:|1759029145
|switch|p1a: Alomomola|Alomomola, M|100/100
|turn|2
|
|t:|1759029151
|move|p2a: Deoxys|Taunt|p1a: Alomomola
|-start|p1a: Alomomola|move: Taunt
|move|p1a: Alomomola|Flip Turn|p2a: Deoxys
|-damage|p2a: Deoxys|82/100
|-damage|p1a: Alomomola|84/100|[from] item: Rocky Helmet|[of] p2a: Deoxys
|
|t:|1759029153
|switch|p1a: Primarina|Primarina, F|100/100|[from] Flip Turn
|
|upkeep
|turn|3
|
|t:|1759029163
|move|p2a: Deoxys|Stealth Rock|p1a: Primarina
|-sidestart|p1: DeimosDemon|move: Stealth Rock
|move|p1a: Primarina|Whirlpool|p2a: Deoxys
|-damage|p2a: Deoxys|63/100
|-activate|p2a: Deoxys|move: Whirlpool|[of] p1a: Primarina
|
|-damage|p2a: Deoxys|50/100|[from] move: Whirlpool|[partiallytrapped]
|upkeep
|turn|4
|
|t:|1759029170
|move|p1a: Primarina|Protect|p1a: Primarina
|-singleturn|p1a: Primarina|Protect
|move|p2a: Deoxys|Psycho Boost|p1a: Primarina
|-activate|p1a: Primarina|move: Protect
|
|-damage|p2a: Deoxys|38/100|[from] move: Whirlpool|[partiallytrapped]
|upkeep
|turn|5
|
|t:|1759029181
|move|p2a: Deoxys|Psycho Boost|p1a: Primarina
|-damage|p1a: Primarina|59/100
|-unboost|p2a: Deoxys|spa|2
|move|p1a: Primarina|Moonblast|p2a: Deoxys
|-damage|p2a: Deoxys|0 fnt
|faint|p2a: Deoxys
|
|-heal|p1a: Primarina|65/100|[from] item: Leftovers
|upkeep
|
|t:|1759029191
|switch|p2a: Iron Moth|Iron Moth|100/100
|-enditem|p2a: Iron Moth|Booster Energy
|-activate|p2a: Iron Moth|ability: Quark Drive|[fromitem]
|-start|p2a: Iron Moth|quarkdrivespe
|turn|6
|
|t:|1759029205
|switch|p1a: Alomomola|Alomomola, M|100/100
|-damage|p1a: Alomomola|88/100|[from] Stealth Rock
|move|p2a: Iron Moth|Sludge Wave|p1a: Alomomola
|-damage|p1a: Alomomola|64/100
|
|upkeep
|turn|7
|
|t:|1759029211
|move|p2a: Iron Moth|Toxic Spikes|p1a: Alomomola
|-sidestart|p1: DeimosDemon|move: Toxic Spikes
|move|p1a: Alomomola|Mirror Coat||[still]
|-fail|p1a: Alomomola
|
|upkeep
|turn|8
|
|t:|1759029223
|move|p2a: Iron Moth|Toxic Spikes|p1a: Alomomola
|-sidestart|p1: DeimosDemon|move: Toxic Spikes
|move|p1a: Alomomola|Scald|p2a: Iron Moth
|-supereffective|p2a: Iron Moth
|-damage|p2a: Iron Moth|70/100
|
|upkeep
|turn|9
|
|t:|1759029229
|move|p2a: Iron Moth|Fiery Dance|p1a: Alomomola
|-resisted|p1a: Alomomola
|-damage|p1a: Alomomola|54/100
|move|p1a: Alomomola|Mirror Coat|p2a: Iron Moth
|-damage|p2a: Iron Moth|34/100
|
|upkeep
|turn|10
|
|t:|1759029244
|move|p2a: Iron Moth|Fiery Dance|p1a: Alomomola
|-resisted|p1a: Alomomola
|-damage|p1a: Alomomola|44/100
|-boost|p2a: Iron Moth|spa|1
|move|p1a: Alomomola|Scald|p2a: Iron Moth
|-supereffective|p2a: Iron Moth
|-damage|p2a: Iron Moth|5/100
|
|upkeep
|turn|11
|
|t:|1759029258
|move|p2a: Iron Moth|Sludge Wave|p1a: Alomomola
|-damage|p1a: Alomomola|9/100
|move|p1a: Alomomola|Flip Turn|p2a: Iron Moth
|-supereffective|p2a: Iron Moth
|-damage|p2a: Iron Moth|0 fnt
|faint|p2a: Iron Moth
|-end|p2a: Iron Moth|Quark Drive|[silent]
|
|t:|1759029277
|switch|p1a: Indeedee|Indeedee-F, F|100/100|[from] Flip Turn
|-damage|p1a: Indeedee|88/100|[from] Stealth Rock
|-status|p1a: Indeedee|tox
|-fieldstart|move: Psychic Terrain|[from] ability: Psychic Surge|[of] p1a: Indeedee
|
|-damage|p1a: Indeedee|82/100 tox|[from] psn
|upkeep
|
|t:|1759029295
|switch|p2a: Scizor|Scizor, M|100/100
|turn|12
|
|t:|1759029306
|switch|p1a: Great Tusk|Great Tusk|100/100
|-damage|p1a: Great Tusk|98/100|[from] Stealth Rock
|-status|p1a: Great Tusk|tox
|move|p2a: Scizor|U-turn|p1a: Great Tusk
|-resisted|p1a: Great Tusk
|-damage|p1a: Great Tusk|82/100 tox
|
|t:|1759029332
|switch|p2a: Dragonite|Dragonite, F|100/100|[from] U-turn
|
|-heal|p1a: Great Tusk|89/100 tox|[from] item: Leftovers
|-damage|p1a: Great Tusk|82/100 tox|[from] psn
|upkeep
|turn|13
|
|t:|1759029336
|-terastallize|p2a: Dragonite|Ghost
|move|p2a: Dragonite|Dragon Dance|p2a: Dragonite
|-boost|p2a: Dragonite|atk|1
|-boost|p2a: Dragonite|spe|1
|move|p1a: Great Tusk|Rapid Spin|p2a: Dragonite
|-immune|p2a: Dragonite
|
|-heal|p1a: Great Tusk|89/100 tox|[from] item: Leftovers
|-damage|p1a: Great Tusk|76/100 tox|[from] psn
|upkeep
|turn|14
|
|t:|1759029347
|move|p2a: Dragonite|Encore|p1a: Great Tusk
|-start|p1a: Great Tusk|Encore
|move|p1a: Great Tusk|Rapid Spin|p2a: Dragonite
|-immune|p2a: Dragonite
|
|-heal|p1a: Great Tusk|82/100 tox|[from] item: Leftovers
|-damage|p1a: Great Tusk|64/100 tox|[from] psn
|upkeep
|turn|15
|
|t:|1759029361
|-end|p1a: Great Tusk|Protosynthesis|[silent]
|switch|p1a: Indeedee|Indeedee-F, F|82/100 tox
|-damage|p1a: Indeedee|69/100 tox|[from] Stealth Rock
|move|p2a: Dragonite|Dragon Dance|p2a: Dragonite
|-boost|p2a: Dragonite|atk|1
|-boost|p2a: Dragonite|spe|1
|
|-damage|p1a: Indeedee|63/100 tox|[from] psn
|upkeep
|turn|16
|
|t:|1759029372
|move|p2a: Dragonite|Low Kick|p1a: Indeedee
|-damage|p1a: Indeedee|25/100 tox
|move|p1a: Indeedee|Alluring Voice|p2a: Dragonite
|-damage|p2a: Dragonite|91/100
|
|-damage|p1a: Indeedee|13/100 tox|[from] psn
|upkeep
|turn|17
|
|t:|1759029375
|move|p2a: Dragonite|Low Kick|p1a: Indeedee
|-damage|p1a: Indeedee|0 fnt
|faint|p1a: Indeedee
|
|upkeep
|
|t:|1759029379
|switch|p1a: Great Tusk|Great Tusk|64/100 tox
|-damage|p1a: Great Tusk|61/100 tox|[from] Stealth Rock
|turn|18
|
|t:|1759029385
|move|p2a: Dragonite|Tera Blast|p1a: Great Tusk|[anim] Tera Blast Ghost
|-damage|p1a: Great Tusk|16/100 tox
|move|p1a: Great Tusk|Knock Off|p2a: Dragonite
|-supereffective|p2a: Dragonite
|-damage|p2a: Dragonite|25/100
|-enditem|p2a: Dragonite|Spell Tag|[from] move: Knock Off|[of] p1a: Great Tusk
|
|-heal|p1a: Great Tusk|22/100 tox|[from] item: Leftovers
|-damage|p1a: Great Tusk|16/100 tox|[from] psn
|-fieldend|move: Psychic Terrain
|upkeep
|turn|19
|
|t:|1759029391
|move|p2a: Dragonite|Tera Blast|p1a: Great Tusk|[anim] Tera Blast Ghost
|-damage|p1a: Great Tusk|0 fnt
|faint|p1a: Great Tusk
|-end|p1a: Great Tusk|Protosynthesis|[silent]
|
|upkeep
|
|t:|1759029395
|switch|p1a: Alomomola|Alomomola, M|42/100
|-damage|p1a: Alomomola|30/100|[from] Stealth Rock
|-status|p1a: Alomomola|tox
|turn|20
|
|t:|1759029405
|move|p2a: Dragonite|Tera Blast|p1a: Alomomola|[anim] Tera Blast Ghost
|-damage|p1a: Alomomola|0 fnt
|faint|p1a: Alomomola
|
|upkeep
|
|t:|1759029408
|switch|p1a: Primarina|Primarina, F|65/100
|-damage|p1a: Primarina|53/100|[from] Stealth Rock
|-status|p1a: Primarina|tox
|turn|21
|
|t:|1759029411
|move|p2a: Dragonite|Tera Blast|p1a: Primarina|[anim] Tera Blast Ghost
|-damage|p1a: Primarina|0 fnt
|faint|p1a: Primarina
|
|upkeep
|-message|DeimosDemon forfeited.
|
|win|yeyibu
|raw|DeimosDemon's rating: 1447 &rarr; <strong>1427</strong><br />(-20 for losing)
|raw|yeyibu's rating: 1442 &rarr; <strong>1462</strong><br />(+20 for winning)
|l|☆DeimosDemon
|player|p1|
|l|☆yeyibu
|player|p2|
