|j|☆Minerva206
|j|☆apotato135
|t:|1758993409
|gametype|singles
|player|p1|Minerva206|serena|1448
|player|p2|apotato135|swimmer-gen4dp|1532
|gen|9
|tier|[Gen 9] OU
|rated|
|rule|HP Percentage Mod: HP is shown in percentages
|rule|Endless Battle Clause: Forcing endless battles is banned
|rule|Species Clause: Limit one of each Pokémon
|rule|OHKO Clause: OHKO moves are banned
|rule|Evasion Items Clause: Evasion items are banned
|rule|Evasion Moves Clause: Evasion moves are banned
|rule|Evasion Abilities Clause: Evasion abilities are banned
|rule|Sleep Moves Clause: Sleep-inducing moves are banned
|clearpoke
|poke|p1|Meowscarada, F|
|poke|p1|Cobalion|
|poke|p1|Primarina, F|
|poke|p1|Slowking-Galar, F|
|poke|p1|Weezing-Galar, M|
|poke|p1|Great Tusk|
|poke|p2|Ninetales-Alola, F|
|poke|p2|Kyurem|
|poke|p2|Primeape, F|
|poke|p2|Enamorus, F|
|poke|p2|Moltres-Galar|
|poke|p2|Iron Treads|
|teampreview
|
|t:|1758993437
|teamsize|p1|6
|teamsize|p2|6
|start
|switch|p1a: Meowscarada|Meowscarada, F|100/100
|switch|p2a: Kyurem|Kyurem|100/100
|-ability|p2a: Kyurem|Pressure
|turn|1
|inactive|Battle timer is ON: inactive players will automatically lose when time's up. (requested by apotato135)
|
|t:|1758993445
|move|p1a: Meowscarada|U-turn|p2a: Kyurem
|-start|p1a: Meowscarada|typechange|Bug|[from] ability: Protean
|-damage|p2a: Kyurem|71/100
|
|t:|1758993452
|switch|p1a: Slowking|Slowking-Galar, F|100/100|[from] U-turn
|move|p2a: Kyurem|Dragon Dance|p2a: Kyurem
|-boost|p2a: Kyurem|atk|1
|-boost|p2a: Kyurem|spe|1
|
|upkeep
|turn|2
|
|t:|1758993464
|move|p2a: Kyurem|Icicle Spear|p1a: Slowking
|-damage|p1a: Slowking|78/100
|-damage|p1a: Slowking|57/100
|-damage|p1a: Slowking|33/100
|-damage|p1a: Slowking|13/100
|-damage|p1a: Slowking|0 fnt
|faint|p1a: Slowking
|-hitcount|p1: Slowking|5
|
|upkeep
|
|t:|1758993474
|switch|p1a: Primarina|Primarina, F|100/100
|turn|3
|
|t:|1758993479
|-terastallize|p2a: Kyurem|Electric
|move|p2a: Kyurem|Tera Blast|p1a: Primarina|[anim] Tera Blast Electric
|-supereffective|p1a: Primarina
|-damage|p1a: Primarina|0 fnt
|faint|p1a: Primarina
|
|upkeep
|
|t:|1758993485
|switch|p1a: Cobalion|Cobalion|100/100
|turn|4
|
|t:|1758993493
|switch|p2a: Iron Treads|Iron Treads|100/100
|-enditem|p2a: Iron Treads|Booster Energy
|-activate|p2a: Iron Treads|ability: Quark Drive|[fromitem]
|-start|p2a: Iron Treads|quarkdrivespe
|move|p1a: Cobalion|Body Press|p2a: Iron Treads
|-supereffective|p2a: Iron Treads
|-damage|p2a: Iron Treads|12/100
|
|upkeep
|turn|5
|
|t:|1758993502
|switch|p1a: Great Tusk|Great Tusk|100/100
|move|p2a: Iron Treads|Earth Power|p1a: Great Tusk
|-crit|p1a: Great Tusk
|-damage|p1a: Great Tusk|27/100
|
|-heal|p1a: Great Tusk|33/100|[from] item: Leftovers
|upkeep
|turn|6
|
|t:|1758993510
|-end|p1a: Great Tusk|Protosynthesis|[silent]
|switch|p1a: Meowscarada|Meowscarada, F|100/100
|move|p2a: Iron Treads|Earth Power|p1a: Meowscarada
|-resisted|p1a: Meowscarada
|-damage|p1a: Meowscarada|78/100
|
|upkeep
|turn|7
|
|t:|1758993518
|move|p2a: Iron Treads|Stealth Rock|p1a: Meowscarada
|-sidestart|p1: Minerva206|move: Stealth Rock
|move|p1a: Meowscarada|Flower Trick|p2a: Iron Treads
|-start|p1a: Meowscarada|typechange|Grass|[from] ability: Protean
|-crit|p2a: Iron Treads
|-damage|p2a: Iron Treads|0 fnt
|faint|p2a: Iron Treads
|-end|p2a: Iron Treads|Quark Drive|[silent]
|
|upkeep
|
|t:|1758993525
|switch|p2a: Enamorus|Enamorus, F|100/100
|turn|8
|
|t:|1758993531
|switch|p1a: Weezing|Weezing-Galar, M|100/100
|-damage|p1a: Weezing|88/100|[from] Stealth Rock
|move|p2a: Enamorus|Moonblast|p1a: Weezing
|-resisted|p1a: Weezing
|-damage|p1a: Weezing|48/100
|
|upkeep
|turn|9
|
|t:|1758993539
|move|p2a: Enamorus|Moonblast|p1a: Weezing
|-resisted|p1a: Weezing
|-damage|p1a: Weezing|10/100
|move|p1a: Weezing|Defog|p2a: Enamorus
|-boost|p2a: Enamorus|evasion|1
|-sideend|p1: Minerva206|Stealth Rock|[from] move: Defog|[of] p1a: Weezing
|
|upkeep
|turn|10
|
|t:|1758993547
|move|p2a: Enamorus|Moonblast|p1a: Weezing
|-resisted|p1a: Weezing
|-damage|p1a: Weezing|0 fnt
|faint|p1a: Weezing
|
|upkeep
|
|t:|1758993552
|switch|p1a: Meowscarada|Meowscarada, F|78/100
|turn|11
|
|t:|1758993559
|move|p2a: Enamorus|Moonblast|p1a: Meowscarada
|-supereffective|p1a: Meowscarada
|-damage|p1a: Meowscarada|0 fnt
|faint|p1a: Meowscarada
|
|upkeep
|-message|Minerva206 forfeited.
|
|win|apotato135
|raw|Minerva206's rating: 1448 &rarr; <strong>1433</strong><br />(-15 for losing)
|raw|apotato135's rating: 1532 &rarr; <strong>1547</strong><br />(+15 for winning)
|l|☆Minerva206
|player|p1|
|l|☆apotato135
|player|p2|
