|j|☆polo4569
|j|☆Supmydude93
|t:|1759033040
|gametype|singles
|player|p1|polo4569|102|1299
|player|p2|Supmydude93|101|1344
|gen|9
|tier|[Gen 9] OU
|rated|
|rule|HP Percentage Mod: HP is shown in percentages
|rule|Endless Battle Clause: Forcing endless battles is banned
|rule|Species Clause: Limit one of each Pokémon
|rule|OHKO Clause: OHKO moves are banned
|rule|Evasion Items Clause: Evasion items are banned
|rule|Evasion Moves Clause: Evasion moves are banned
|rule|Evasion Abilities Clause: Evasion abilities are banned
|rule|Sleep Moves Clause: Sleep-inducing moves are banned
|clearpoke
|poke|p1|Garchomp, M|
|poke|p1|Revavroom, M|
|poke|p1|Samurott-Hisui, F|
|poke|p1|Zapdos|
|poke|p1|Sinistcha-Masterpiece|
|poke|p1|Arcanine-Hisui, M|
|poke|p2|Greninja-*, F|
|poke|p2|Cinderace, M|
|poke|p2|Slowking-Galar, M|
|poke|p2|Kyurem|
|poke|p2|Gholdengo|
|poke|p2|Mandibuzz, F|
|teampreview
|l|☆Supmydude93
|player|p2|
|inactive|Battle timer is ON: inactive players will automatically lose when time's up. (requested by polo4569)
|j|☆Supmydude93
|inactive|Supmydude93 reconnected and has 145 seconds left.
|player|p2|Supmydude93|101|
|inactive|Supmydude93 also wants the timer to be on.
|
|t:|1759033068
|teamsize|p1|6
|teamsize|p2|6
|start
|switch|p1a: Samurott|Samurott-Hisui, F|100/100
|switch|p2a: Greninja|Greninja, F|100/100
|turn|1
|
|t:|1759033077
|switch|p2a: Mandibuzz|Mandibuzz, F|100/100
|move|p1a: Samurott|Sacred Sword|p2a: Mandibuzz
|-damage|p2a: Mandibuzz|78/100
|
|upkeep
|turn|2
|
|t:|1759033087
|switch|p1a: Zapdos|Zapdos|100/100
|move|p2a: Mandibuzz|U-turn|p1a: Zapdos
|-resisted|p1a: Zapdos
|-damage|p1a: Zapdos|95/100
|
|t:|1759033094
|switch|p2a: Kyurem|Kyurem|100/100|[from] U-turn
|-ability|p2a: Kyurem|Pressure
|
|-heal|p1a: Zapdos|100/100|[from] item: Leftovers
|upkeep
|turn|3
|
|t:|1759033104
|move|p2a: Kyurem|Draco Meteor|p1a: Zapdos
|-damage|p1a: Zapdos|10/100
|-unboost|p2a: Kyurem|spa|2
|move|p1a: Zapdos|Thunder Wave|p2a: Kyurem
|-status|p2a: Kyurem|par
|
|-heal|p1a: Zapdos|16/100|[from] item: Leftovers
|upkeep
|turn|4
|
|t:|1759033115
|move|p1a: Zapdos|Roost|p1a: Zapdos
|-heal|p1a: Zapdos|66/100
|-singleturn|p1a: Zapdos|move: Roost
|move|p2a: Kyurem|Draco Meteor|p1a: Zapdos
|-damage|p1a: Zapdos|17/100
|-unboost|p2a: Kyurem|spa|2
|
|-heal|p1a: Zapdos|23/100|[from] item: Leftovers
|upkeep
|turn|5
|
|t:|1759033132
|switch|p2a: Cinderace|Cinderace, M|100/100
|move|p1a: Zapdos|Roost|p1a: Zapdos
|-heal|p1a: Zapdos|73/100
|-singleturn|p1a: Zapdos|move: Roost
|
|-heal|p1a: Zapdos|79/100|[from] item: Leftovers
|upkeep
|turn|6
|
|t:|1759033146
|switch|p1a: Garchomp|Garchomp, M|100/100
|-terastallize|p2a: Cinderace|Fire
|move|p2a: Cinderace|Pyro Ball|p1a: Garchomp
|-resisted|p1a: Garchomp
|-damage|p1a: Garchomp|57/100
|
|upkeep
|turn|7
|
|t:|1759033155
|switch|p2a: Mandibuzz|Mandibuzz, F|78/100
|move|p1a: Garchomp|Stealth Rock|p2a: Mandibuzz
|-sidestart|p2: Supmydude93|move: Stealth Rock
|
|upkeep
|turn|8
|
|t:|1759033162
|move|p1a: Garchomp|Dragon Claw|p2a: Mandibuzz
|-damage|p2a: Mandibuzz|56/100
|move|p2a: Mandibuzz|Defog|p1a: Garchomp
|-unboost|p1a: Garchomp|evasion|1
|-sideend|p2: Supmydude93|Stealth Rock|[from] move: Defog|[of] p2a: Mandibuzz
|
|upkeep
|turn|9
|
|t:|1759033172
|move|p1a: Garchomp|Dragon Claw|p2a: Mandibuzz
|-damage|p2a: Mandibuzz|35/100
|move|p2a: Mandibuzz|Foul Play|p1a: Garchomp
|-damage|p1a: Garchomp|23/100
|-damage|p2a: Mandibuzz|23/100|[from] ability: Rough Skin|[of] p1a: Garchomp
|-damage|p2a: Mandibuzz|7/100|[from] item: Rocky Helmet|[of] p1a: Garchomp
|
|upkeep
|turn|10
|
|t:|1759033181
|move|p1a: Garchomp|Stealth Rock|p2a: Mandibuzz
|-sidestart|p2: Supmydude93|move: Stealth Rock
|move|p2a: Mandibuzz|Defog|p1a: Garchomp
|-unboost|p1a: Garchomp|evasion|1
|-sideend|p2: Supmydude93|Stealth Rock|[from] move: Defog|[of] p2a: Mandibuzz
|
|upkeep
|turn|11
|
|t:|1759033188
|move|p1a: Garchomp|Dragon Claw|p2a: Mandibuzz
|-damage|p2a: Mandibuzz|0 fnt
|faint|p2a: Mandibuzz
|
|upkeep
|
|t:|1759033195
|switch|p2a: Cinderace|Cinderace, M, tera:Fire|100/100
|turn|12
|
|t:|1759033203
|move|p2a: Cinderace|Low Kick|p1a: Garchomp
|-damage|p1a: Garchomp|0 fnt
|-damage|p2a: Cinderace|88/100|[from] ability: Rough Skin|[of] p1a: Garchomp
|-damage|p2a: Cinderace|72/100|[from] item: Rocky Helmet|[of] p1a: Garchomp
|faint|p1a: Garchomp
|
|upkeep
|
|t:|1759033207
|switch|p1a: Samurott|Samurott-Hisui, F|100/100
|turn|13
|
|t:|1759033217
|switch|p2a: Kyurem|Kyurem|100/100 par
|-ability|p2a: Kyurem|Pressure
|move|p1a: Samurott|Aqua Cutter|p2a: Kyurem
|-resisted|p2a: Kyurem
|-crit|p2a: Kyurem
|-damage|p2a: Kyurem|68/100 par
|
|upkeep
|turn|14
|
|t:|1759033226
|switch|p1a: Revavroom|Revavroom, M|100/100
|cant|p2a: Kyurem|par
|
|upkeep
|turn|15
|
|t:|1759033234
|switch|p2a: Gholdengo|Gholdengo|100/100
|move|p1a: Revavroom|Shift Gear|p1a: Revavroom
|-boost|p1a: Revavroom|spe|2
|-boost|p1a: Revavroom|atk|1
|
|upkeep
|turn|16
|
|t:|1759033241
|move|p1a: Revavroom|High Horsepower|p2a: Gholdengo
|-supereffective|p2a: Gholdengo
|-damage|p2a: Gholdengo|0 fnt
|faint|p2a: Gholdengo
|
|upkeep
|-message|Supmydude93 forfeited.
|
|win|polo4569
|raw|polo4569's rating: 1299 &rarr; <strong>1327</strong><br />(+28 for winning)
|raw|Supmydude93's rating: 1344 &rarr; <strong>1321</strong><br />(-23 for losing)
|l|☆Supmydude93
|player|p2|
|l|☆polo4569
|player|p1|
