|j|☆SamiFawad
|j|☆stysccc
|t:|1758963575
|gametype|singles
|player|p1|SamiFawad|169|1387
|player|p2|stysccc|rosa|1396
|gen|9
|tier|[Gen 9] OU
|rated|
|rule|HP Percentage Mod: HP is shown in percentages
|rule|Endless Battle Clause: Forcing endless battles is banned
|rule|Species Clause: Limit one of each Pokémon
|rule|OHKO Clause: OHKO moves are banned
|rule|Evasion Items Clause: Evasion items are banned
|rule|Evasion Moves Clause: Evasion moves are banned
|rule|Evasion Abilities Clause: Evasion abilities are banned
|rule|Sleep Moves Clause: Sleep-inducing moves are banned
|clearpoke
|poke|p1|Landorus-Therian, M|
|poke|p1|Samurott-Hisui, M|
|poke|p1|Great Tusk|
|poke|p1|Basculegion-F, F|
|poke|p1|Slowking-Galar, F|
|poke|p1|Zamazenta-*|
|poke|p2|Walking Wake|
|poke|p2|Gliscor, F|
|poke|p2|Dragapult, F|
|poke|p2|Kingambit, F|
|poke|p2|Torkoal, F|
|poke|p2|Great Tusk|
|teampreview
|
|t:|1758963601
|teamsize|p1|6
|teamsize|p2|6
|start
|switch|p1a: Samurott|Samurott-Hisui, M|100/100
|switch|p2a: Gliscor|Gliscor, F|100/100
|turn|1
|
|t:|1758963605
|move|p2a: Gliscor|Protect|p2a: Gliscor
|-singleturn|p2a: Gliscor|Protect
|move|p1a: Samurott|Ceaseless Edge|p2a: Gliscor
|-activate|p2a: Gliscor|move: Protect
|
|-status|p2a: Gliscor|tox|[from] item: Toxic Orb
|upkeep
|turn|2
|
|t:|1758963612
|move|p1a: Samurott|Razor Shell|p2a: Gliscor
|-supereffective|p2a: Gliscor
|-crit|p2a: Gliscor
|-damage|p2a: Gliscor|0 fnt
|faint|p2a: Gliscor
|
|upkeep
|
|t:|1758963620
|switch|p2a: Torkoal|Torkoal, F, shiny|100/100
|-weather|SunnyDay|[from] ability: Drought|[of] p2a: Torkoal
|turn|3
|
|t:|1758963627
|switch|p1a: Slowking|Slowking-Galar, F|100/100
|move|p2a: Torkoal|Will-O-Wisp|p1a: Slowking
|-status|p1a: Slowking|brn
|
|-weather|SunnyDay|[upkeep]
|-damage|p1a: Slowking|94/100 brn|[from] brn
|upkeep
|turn|4
|inactive|Battle timer is ON: inactive players will automatically lose when time's up. (requested by SamiFawad)
|
|t:|1758963645
|switch|p2a: Kingambit|Kingambit, F|100/100
|move|p1a: Slowking|Future Sight|p2a: Kingambit
|-start|p1a: Slowking|move: Future Sight
|
|-weather|SunnyDay|[upkeep]
|-damage|p1a: Slowking|88/100 brn|[from] brn
|upkeep
|turn|5
|
|t:|1758963654
|switch|p1a: Great Tusk|Great Tusk|100/100
|-activate|p1a: Great Tusk|ability: Protosynthesis
|-start|p1a: Great Tusk|protosynthesisdef
|move|p2a: Kingambit|Swords Dance|p2a: Kingambit
|-boost|p2a: Kingambit|atk|2
|
|-weather|SunnyDay|[upkeep]
|upkeep
|turn|6
|
|t:|1758963681
|switch|p2a: Great Tusk|Great Tusk|100/100
|-activate|p2a: Great Tusk|ability: Protosynthesis
|-start|p2a: Great Tusk|protosynthesisatk
|move|p1a: Great Tusk|Body Press|p2a: Great Tusk
|-damage|p2a: Great Tusk|74/100
|
|-weather|SunnyDay|[upkeep]
|-end|p2a: Great Tusk|move: Future Sight
|-supereffective|p2a: Great Tusk
|-damage|p2a: Great Tusk|0 fnt
|faint|p2a: Great Tusk
|-end|p2a: Great Tusk|Protosynthesis|[silent]
|upkeep
|
|t:|1758963684
|switch|p2a: Walking Wake|Walking Wake|100/100
|-activate|p2a: Walking Wake|ability: Protosynthesis
|-start|p2a: Walking Wake|protosynthesisspe
|turn|7
|
|t:|1758963694
|-end|p1a: Great Tusk|Protosynthesis|[silent]
|switch|p1a: Slowking|Slowking-Galar, F|100/100 brn
|move|p2a: Walking Wake|Hydro Steam|p1a: Slowking
|-damage|p1a: Slowking|59/100 brn
|-damage|p2a: Walking Wake|91/100|[from] item: Life Orb
|
|-weather|SunnyDay|[upkeep]
|-damage|p1a: Slowking|53/100 brn|[from] brn
|upkeep
|turn|8
|
|t:|1758963702
|-terastallize|p2a: Walking Wake|Water
|move|p2a: Walking Wake|Hydro Steam|p1a: Slowking
|-damage|p1a: Slowking|0 fnt
|faint|p1a: Slowking
|-damage|p2a: Walking Wake|81/100|[from] item: Life Orb
|
|-weather|SunnyDay|[upkeep]
|upkeep
|l|☆SamiFawad
|inactive|SamiFawad disconnected and has a minute to reconnect!
|player|p1|
|j|☆SamiFawad
|inactive|SamiFawad reconnected and has 135 seconds left.
|player|p1|SamiFawad|169|
|inactive|SamiFawad has 120 seconds left.
|
|t:|1758963757
|switch|p1a: Samurott|Samurott-Hisui, M|100/100
|turn|9
|
|t:|1758963778
|move|p2a: Walking Wake|Draco Meteor|p1a: Samurott
|-enditem|p1a: Samurott|Focus Sash
|-damage|p1a: Samurott|1/100
|-unboost|p2a: Walking Wake|spa|2
|-damage|p2a: Walking Wake|71/100|[from] item: Life Orb
|move|p1a: Samurott|Ceaseless Edge|p2a: Walking Wake
|-damage|p2a: Walking Wake|20/100
|-sidestart|p2: stysccc|Spikes
|
|-weather|SunnyDay|[upkeep]
|upkeep
|turn|10
|
|t:|1758963787
|move|p2a: Walking Wake|Aqua Jet|p1a: Samurott
|-resisted|p1a: Samurott
|-damage|p1a: Samurott|0 fnt
|faint|p1a: Samurott
|-damage|p2a: Walking Wake|10/100|[from] item: Life Orb
|
|-weather|none
|-end|p2a: Walking Wake|Protosynthesis
|upkeep
|
|t:|1758963791
|switch|p1a: Landorus|Landorus-Therian, M|100/100
|-ability|p1a: Landorus|Intimidate|boost
|-unboost|p2a: Walking Wake|atk|1
|turn|11
|
|t:|1758963802
|move|p1a: Landorus|U-turn|p2a: Walking Wake
|-damage|p2a: Walking Wake|0 fnt
|faint|p2a: Walking Wake
|-end|p2a: Walking Wake|Protosynthesis|[silent]
|
|t:|1758963808
|switch|p1a: Great Tusk|Great Tusk|100/100|[from] U-turn
|
|upkeep
|
|t:|1758963816
|switch|p2a: Torkoal|Torkoal, F, shiny|100/100
|-damage|p2a: Torkoal|88/100|[from] Spikes
|-weather|SunnyDay|[from] ability: Drought|[of] p2a: Torkoal
|-activate|p1a: Great Tusk|ability: Protosynthesis
|-start|p1a: Great Tusk|protosynthesisdef
|turn|12
|
|t:|1758963822
|-end|p1a: Great Tusk|Protosynthesis|[silent]
|switch|p1a: Basculegion|Basculegion-F, F|100/100
|move|p2a: Torkoal|Will-O-Wisp|p1a: Basculegion
|-status|p1a: Basculegion|brn
|
|-weather|SunnyDay|[upkeep]
|-damage|p1a: Basculegion|94/100 brn|[from] brn
|upkeep
|turn|13
|
|t:|1758963828
|move|p1a: Basculegion|Shadow Ball|p2a: Torkoal
|-damage|p2a: Torkoal|0 fnt
|faint|p2a: Torkoal
|
|-weather|SunnyDay|[upkeep]
|-damage|p1a: Basculegion|88/100 brn|[from] brn
|upkeep
|
|t:|1758963837
|switch|p2a: Dragapult|Dragapult, F|100/100
|-damage|p2a: Dragapult|88/100|[from] Spikes
|turn|14
|
|t:|1758963839
|move|p2a: Dragapult|Hex|p1a: Basculegion
|-supereffective|p1a: Basculegion
|-crit|p1a: Basculegion
|-damage|p1a: Basculegion|0 fnt
|faint|p1a: Basculegion
|-damage|p2a: Dragapult|78/100|[from] item: Life Orb
|
|-weather|SunnyDay|[upkeep]
|upkeep
|
|t:|1758963850
|switch|p1a: Great Tusk|Great Tusk|100/100
|-activate|p1a: Great Tusk|ability: Protosynthesis
|-start|p1a: Great Tusk|protosynthesisdef
|turn|15
|
|t:|1758963857
|move|p2a: Dragapult|Draco Meteor|p1a: Great Tusk
|-damage|p1a: Great Tusk|0 fnt
|-unboost|p2a: Dragapult|spa|2
|faint|p1a: Great Tusk
|-end|p1a: Great Tusk|Protosynthesis|[silent]
|-damage|p2a: Dragapult|69/100|[from] item: Life Orb
|
|-weather|SunnyDay|[upkeep]
|upkeep
|
|t:|1758963862
|switch|p1a: Landorus|Landorus-Therian, M|100/100
|-ability|p1a: Landorus|Intimidate|boost
|-fail|p2a: Dragapult|unboost|[from] ability: Clear Body|[of] p2a: Dragapult
|turn|16
|
|t:|1758963871
|move|p1a: Landorus|Earthquake|p2a: Dragapult
|-damage|p2a: Dragapult|0 fnt
|faint|p2a: Dragapult
|
|-weather|SunnyDay|[upkeep]
|upkeep
|
|t:|1758963876
|switch|p2a: Kingambit|Kingambit, F|100/100
|-damage|p2a: Kingambit|88/100|[from] Spikes
|turn|17
|
|t:|1758963883
|move|p1a: Landorus|Earthquake|p2a: Kingambit
|-supereffective|p2a: Kingambit
|-damage|p2a: Kingambit|6/100
|move|p2a: Kingambit|Kowtow Cleave|p1a: Landorus
|-damage|p1a: Landorus|42/100
|
|-weather|SunnyDay|[upkeep]
|-heal|p2a: Kingambit|12/100|[from] item: Leftovers
|upkeep
|turn|18
|
|t:|1758963892
|move|p2a: Kingambit|Sucker Punch|p1a: Landorus
|-damage|p1a: Landorus|0 fnt
|faint|p1a: Landorus
|
|-weather|SunnyDay|[upkeep]
|-heal|p2a: Kingambit|18/100|[from] item: Leftovers
|upkeep
|
|t:|1758963895
|switch|p1a: Zamazenta|Zamazenta|100/100
|-ability|p1a: Zamazenta|Dauntless Shield|boost
|-boost|p1a: Zamazenta|def|1
|turn|19
|-message|stysccc forfeited.
|
|win|SamiFawad
|raw|SamiFawad's rating: 1387 &rarr; <strong>1408</strong><br />(+21 for winning)
|raw|stysccc's rating: 1396 &rarr; <strong>1375</strong><br />(-21 for losing)
|l|☆stysccc
|player|p2|
|l|☆SamiFawad
|player|p1|
