|badge|p1|silver|gen9ou|30-6
|badge|p1|silver|gen9uu|30-6
|badge|p1|bronze|gen9ru|100-6
|html|<div class="broadcast-red"><strong>This battle is required to be public due to one or more player having a season medal.</strong><br />During the public phase, you can discuss the state of the ladder <a href="/seasondiscussion">in a special chatroom.</a></div>
|uhtml|medal-msg|<div class="broadcast-blue">Curious what those medals under the avatar are? PS now has Ladder Seasons! For more information, check out the <a href="https://www.smogon.com/forums/threads/3740067/">thread on Smogon.</a></div>
|raw|<div class="broadcast-blue"><strong>This battle is required to be public due to a player having a name starting with 'medal'.</div>
|j|☆Sirpeanutcronch
|j|☆PortugalTheDude
|t:|1759052744
|gametype|singles
|player|p1|Sirpeanutcronch|#wcop2025africa|1880
|player|p2|PortugalTheDude|ghetsis|1796
|gen|9
|tier|[Gen 9] OU
|rated|
|rule|HP Percentage Mod: HP is shown in percentages
|rule|Endless Battle Clause: Forcing endless battles is banned
|rule|Species Clause: Limit one of each Pokémon
|rule|OHKO Clause: OHKO moves are banned
|rule|Evasion Items Clause: Evasion items are banned
|rule|Evasion Moves Clause: Evasion moves are banned
|rule|Evasion Abilities Clause: Evasion abilities are banned
|rule|Sleep Moves Clause: Sleep-inducing moves are banned
|clearpoke
|poke|p1|Samurott-Hisui, F|
|poke|p1|Pecharunt|
|poke|p1|Zamazenta-*|
|poke|p1|Ogerpon-Cornerstone, F|
|poke|p1|Tornadus-Therian, M|
|poke|p1|Iron Treads|
|poke|p2|Keldeo-Resolute|
|poke|p2|Dragapult, M|
|poke|p2|Slowking-Galar, M|
|poke|p2|Kingambit, F|
|poke|p2|Zapdos|
|poke|p2|Great Tusk|
|teampreview
|inactive|Battle timer is ON: inactive players will automatically lose when time's up. (requested by Sirpeanutcronch)
|j| locked in bro
|j| cynasaurus
|inactive|PortugalTheDude has 120 seconds left.
|inactive|PortugalTheDude has 90 seconds left.
|
|t:|1759052816
|teamsize|p1|6
|teamsize|p2|6
|start
|switch|p1a: Iron Treads|Iron Treads|100/100
|switch|p2a: Ascended Phantom|Dragapult, M|100/100
|turn|1
|
|t:|1759052821
|switch|p2a: Raijin Kaiōken|Zapdos|100/100
|move|p1a: Iron Treads|Earthquake|p2a: Raijin Kaiōken
|-immune|p2a: Raijin Kaiōken
|
|upkeep
|turn|2
|
|t:|1759052851
|move|p1a: Iron Treads|Stealth Rock|p2a: Raijin Kaiōken
|-sidestart|p2: PortugalTheDude|move: Stealth Rock
|move|p2a: Raijin Kaiōken|U-turn|p1a: Iron Treads
|-resisted|p1a: Iron Treads
|-damage|p1a: Iron Treads|94/100
|inactive|PortugalTheDude has 120 seconds left.
|
|t:|1759052908
|switch|p2a: Trunks’ Resolve|Keldeo-Resolute|100/100|[from] U-turn
|-damage|p2a: Trunks’ Resolve|94/100|[from] Stealth Rock
|
|-heal|p1a: Iron Treads|100/100|[from] item: Leftovers
|-heal|p2a: Trunks’ Resolve|100/100|[from] item: Leftovers
|upkeep
|turn|3
|
|t:|1759052922
|-end|p1a: Iron Treads|Quark Drive|[silent]
|switch|p1a: Tornadus|Tornadus-Therian, M|100/100
|move|p2a: Trunks’ Resolve|Substitute|p2a: Trunks’ Resolve
|-start|p2a: Trunks’ Resolve|Substitute
|-damage|p2a: Trunks’ Resolve|76/100
|
|-heal|p2a: Trunks’ Resolve|82/100|[from] item: Leftovers
|upkeep
|turn|4
|
|t:|1759052927
|move|p1a: Tornadus|Grass Knot|p2a: Trunks’ Resolve
|-supereffective|p2a: Trunks’ Resolve
|-end|p2a: Trunks’ Resolve|Substitute
|-damage|p1a: Tornadus|91/100|[from] item: Life Orb
|move|p2a: Trunks’ Resolve|Surf|p1a: Tornadus
|-damage|p1a: Tornadus|42/100
|
|-heal|p2a: Trunks’ Resolve|88/100|[from] item: Leftovers
|upkeep
|turn|5
|
|t:|1759052937
|switch|p2a: Kami’s Vision|Slowking-Galar, M|100/100
|-damage|p2a: Kami’s Vision|88/100|[from] Stealth Rock
|move|p1a: Tornadus|Bleakwind Storm|p2a: Kami’s Vision
|-damage|p2a: Kami’s Vision|54/100
|-unboost|p2a: Kami’s Vision|spe|1
|-damage|p1a: Tornadus|32/100|[from] item: Life Orb
|
|-heal|p2a: Kami’s Vision|60/100|[from] item: Black Sludge
|upkeep
|turn|6
|
|t:|1759052949
|switch|p1a: Pecharunt|Pecharunt|100/100
|move|p2a: Kami’s Vision|Trick|p1a: Pecharunt
|-activate|p2a: Kami’s Vision|move: Trick|[of] p1a: Pecharunt
|-item|p1a: Pecharunt|Black Sludge|[from] move: Trick
|-item|p2a: Kami’s Vision|Heavy-Duty Boots|[from] move: Trick
|
|upkeep
|turn|7
|
|t:|1759052955
|move|p1a: Pecharunt|Foul Play|p2a: Kami’s Vision
|-supereffective|p2a: Kami’s Vision
|-damage|p2a: Kami’s Vision|33/100
|-prepare|p2a: Kami’s Vision|Chilly Reception|[premajor]
|move|p2a: Kami’s Vision|Chilly Reception|p2a: Kami’s Vision
|-weather|Snowscape
|
|t:|1759052964
|switch|p2a: Trunks’ Resolve|Keldeo-Resolute|88/100|[from] Chilly Reception
|-damage|p2a: Trunks’ Resolve|82/100|[from] Stealth Rock
|
|-weather|Snowscape|[upkeep]
|-heal|p2a: Trunks’ Resolve|88/100|[from] item: Leftovers
|upkeep
|turn|8
|
|t:|1759052968
|move|p2a: Trunks’ Resolve|Substitute|p2a: Trunks’ Resolve
|-start|p2a: Trunks’ Resolve|Substitute
|-damage|p2a: Trunks’ Resolve|63/100
|move|p1a: Pecharunt|Malignant Chain|p2a: Trunks’ Resolve
|-end|p2a: Trunks’ Resolve|Substitute
|
|-weather|Snowscape|[upkeep]
|-heal|p2a: Trunks’ Resolve|69/100|[from] item: Leftovers
|upkeep
|turn|9
|
|t:|1759052973
|-terastallize|p2a: Trunks’ Resolve|Steel
|move|p2a: Trunks’ Resolve|Substitute|p2a: Trunks’ Resolve
|-start|p2a: Trunks’ Resolve|Substitute
|-damage|p2a: Trunks’ Resolve|44/100
|move|p1a: Pecharunt|Malignant Chain|p2a: Trunks’ Resolve
|-immune|p2a: Trunks’ Resolve
|
|-weather|Snowscape|[upkeep]
|-heal|p2a: Trunks’ Resolve|50/100|[from] item: Leftovers
|upkeep
|turn|10
|
|t:|1759052975
|move|p2a: Trunks’ Resolve|Calm Mind|p2a: Trunks’ Resolve
|-boost|p2a: Trunks’ Resolve|spa|1
|-boost|p2a: Trunks’ Resolve|spd|1
|move|p1a: Pecharunt|Parting Shot|p2a: Trunks’ Resolve
|-unboost|p2a: Trunks’ Resolve|atk|1
|-unboost|p2a: Trunks’ Resolve|spa|1
|
|t:|1759052988
|switch|p1a: Zamazenta|Zamazenta|100/100|[from] Parting Shot
|-ability|p1a: Zamazenta|Dauntless Shield|boost
|-boost|p1a: Zamazenta|def|1
|
|-weather|Snowscape|[upkeep]
|-heal|p2a: Trunks’ Resolve|56/100|[from] item: Leftovers
|upkeep
|turn|11
|
|t:|1759052992
|move|p1a: Zamazenta|Body Press|p2a: Trunks’ Resolve
|-supereffective|p2a: Trunks’ Resolve
|-end|p2a: Trunks’ Resolve|Substitute
|move|p2a: Trunks’ Resolve|Surf|p1a: Zamazenta
|-damage|p1a: Zamazenta|61/100
|
|-weather|none
|-heal|p1a: Zamazenta|67/100|[from] item: Leftovers
|-heal|p2a: Trunks’ Resolve|62/100|[from] item: Leftovers
|upkeep
|turn|12
|
|t:|1759052998
|switch|p2a: Kami’s Vision|Slowking-Galar, M|66/100
|move|p1a: Zamazenta|Roar|p2a: Kami’s Vision
|drag|p2a: Wrath of Broly|Great Tusk|100/100
|-damage|p2a: Wrath of Broly|98/100|[from] Stealth Rock
|-enditem|p2a: Wrath of Broly|Booster Energy
|-activate|p2a: Wrath of Broly|ability: Protosynthesis|[fromitem]
|-start|p2a: Wrath of Broly|protosynthesisatk
|
|-heal|p1a: Zamazenta|73/100|[from] item: Leftovers
|upkeep
|turn|13
|
|t:|1759053005
|move|p1a: Zamazenta|Body Press|p2a: Wrath of Broly
|-damage|p2a: Wrath of Broly|52/100
|move|p2a: Wrath of Broly|Headlong Rush|p1a: Zamazenta
|-damage|p1a: Zamazenta|35/100
|-unboost|p2a: Wrath of Broly|def|1
|-unboost|p2a: Wrath of Broly|spd|1
|
|-heal|p1a: Zamazenta|41/100|[from] item: Leftovers
|upkeep
|turn|14
|
|t:|1759053010
|-end|p2a: Wrath of Broly|Protosynthesis|[silent]
|switch|p2a: Raijin Kaiōken|Zapdos|100/100
|move|p1a: Zamazenta|Body Press|p2a: Raijin Kaiōken
|-resisted|p2a: Raijin Kaiōken
|-damage|p2a: Raijin Kaiōken|82/100
|
|-heal|p1a: Zamazenta|47/100|[from] item: Leftovers
|upkeep
|turn|15
|
|t:|1759053016
|switch|p1a: Iron Treads|Iron Treads|100/100
|move|p2a: Raijin Kaiōken|U-turn|p1a: Iron Treads
|-resisted|p1a: Iron Treads
|-damage|p1a: Iron Treads|95/100
|
|t:|1759053028
|switch|p2a: Trunks’ Resolve|Keldeo-Resolute, tera:Steel|62/100|[from] U-turn
|-damage|p2a: Trunks’ Resolve|56/100|[from] Stealth Rock
|
|-heal|p1a: Iron Treads|100/100|[from] item: Leftovers
|-heal|p2a: Trunks’ Resolve|62/100|[from] item: Leftovers
|upkeep
|turn|16
|
|t:|1759053042
|move|p1a: Iron Treads|Earthquake|p2a: Trunks’ Resolve
|-supereffective|p2a: Trunks’ Resolve
|-damage|p2a: Trunks’ Resolve|0 fnt
|faint|p2a: Trunks’ Resolve
|
|upkeep
|
|t:|1759053048
|switch|p2a: Wrath of Broly|Great Tusk|52/100
|-damage|p2a: Wrath of Broly|49/100|[from] Stealth Rock
|turn|17
|inactive|Sirpeanutcronch has 120 seconds left.
|
|t:|1759053094
|move|p1a: Iron Treads|Ice Spinner|p2a: Wrath of Broly
|-supereffective|p2a: Wrath of Broly
|-damage|p2a: Wrath of Broly|18/100
|move|p2a: Wrath of Broly|Headlong Rush|p1a: Iron Treads
|-supereffective|p1a: Iron Treads
|-damage|p1a: Iron Treads|0 fnt
|-unboost|p2a: Wrath of Broly|def|1
|-unboost|p2a: Wrath of Broly|spd|1
|faint|p1a: Iron Treads
|-end|p1a: Iron Treads|Quark Drive|[silent]
|
|upkeep
|
|t:|1759053100
|switch|p1a: Ogerpon|Ogerpon-Cornerstone, F|100/100
|turn|18
|inactive|PortugalTheDude has 120 seconds left.
|
|t:|1759053140
|-end|p2a: Wrath of Broly|Protosynthesis|[silent]
|switch|p2a: Crutch Gambit|Kingambit, F|100/100
|-damage|p2a: Crutch Gambit|94/100|[from] Stealth Rock
|-activate|p2a: Crutch Gambit|ability: Supreme Overlord
|-start|p2a: Crutch Gambit|fallen1|[silent]
|move|p1a: Ogerpon|Horn Leech|p2a: Crutch Gambit
|-resisted|p2a: Crutch Gambit
|-damage|p2a: Crutch Gambit|78/100
|
|-heal|p2a: Crutch Gambit|84/100|[from] item: Leftovers
|upkeep
|turn|19
|inactive|Sirpeanutcronch has 120 seconds left.
|inactive|PortugalTheDude has 120 seconds left.
|
|t:|1759053148
|switch|p1a: Samurott|Samurott-Hisui, F|100/100
|move|p2a: Crutch Gambit|Iron Head|p1a: Samurott
|-resisted|p1a: Samurott
|-crit|p1a: Samurott
|-damage|p1a: Samurott|54/100
|
|-heal|p2a: Crutch Gambit|90/100|[from] item: Leftovers
|upkeep
|turn|20
|
|t:|1759053156
|-end|p2a: Crutch Gambit|fallen1|[silent]
|switch|p2a: Raijin Kaiōken|Zapdos|82/100
|move|p1a: Samurott|Razor Shell|p2a: Raijin Kaiōken
|-crit|p2a: Raijin Kaiōken
|-damage|p2a: Raijin Kaiōken|28/100
|-unboost|p2a: Raijin Kaiōken|def|1
|
|upkeep
|turn|21
|
|t:|1759053167
|move|p2a: Raijin Kaiōken|Discharge|p1a: Samurott
|-supereffective|p1a: Samurott
|-damage|p1a: Samurott|2/100
|-status|p1a: Samurott|par
|move|p1a: Samurott|Knock Off|p2a: Raijin Kaiōken
|-damage|p2a: Raijin Kaiōken|0 fnt
|-enditem|p2a: Raijin Kaiōken|Heavy-Duty Boots|[from] move: Knock Off|[of] p1a: Samurott
|faint|p2a: Raijin Kaiōken
|
|upkeep
|inactive|PortugalTheDude has 120 seconds left.
|
|t:|1759053184
|switch|p2a: Wrath of Broly|Great Tusk|18/100
|-damage|p2a: Wrath of Broly|15/100|[from] Stealth Rock
|turn|22
|
|t:|1759053189
|move|p1a: Samurott|Sucker Punch|p2a: Wrath of Broly
|-resisted|p2a: Wrath of Broly
|-crit|p2a: Wrath of Broly
|-damage|p2a: Wrath of Broly|0 fnt
|faint|p2a: Wrath of Broly
|-end|p2a: Wrath of Broly|Protosynthesis|[silent]
|
|upkeep
|
|t:|1759053194
|switch|p2a: Crutch Gambit|Kingambit, F|90/100
|-damage|p2a: Crutch Gambit|84/100|[from] Stealth Rock
|-activate|p2a: Crutch Gambit|ability: Supreme Overlord
|-start|p2a: Crutch Gambit|fallen3|[silent]
|turn|23
|
|t:|1759053197
|move|p2a: Crutch Gambit|Swords Dance|p2a: Crutch Gambit
|-boost|p2a: Crutch Gambit|atk|2
|move|p1a: Samurott|Razor Shell|p2a: Crutch Gambit
|-damage|p2a: Crutch Gambit|45/100
|-unboost|p2a: Crutch Gambit|def|1
|
|-heal|p2a: Crutch Gambit|51/100|[from] item: Leftovers
|upkeep
|turn|24
|
|t:|1759053203
|move|p2a: Crutch Gambit|Swords Dance|p2a: Crutch Gambit
|-boost|p2a: Crutch Gambit|atk|2
|cant|p1a: Samurott|par
|
|-heal|p2a: Crutch Gambit|57/100|[from] item: Leftovers
|upkeep
|turn|25
|
|t:|1759053209
|move|p2a: Crutch Gambit|Swords Dance|p2a: Crutch Gambit
|-boost|p2a: Crutch Gambit|atk|2
|cant|p1a: Samurott|par
|
|-heal|p2a: Crutch Gambit|63/100|[from] item: Leftovers
|upkeep
|turn|26
|
|t:|1759053213
|move|p2a: Crutch Gambit|Sucker Punch|p1a: Samurott
|-resisted|p1a: Samurott
|-damage|p1a: Samurott|0 fnt
|faint|p1a: Samurott
|
|-heal|p2a: Crutch Gambit|69/100|[from] item: Leftovers
|upkeep
|
|t:|1759053218
|switch|p1a: Pecharunt|Pecharunt|100/100
|turn|27
|
|t:|1759053224
|-terastallize|p1a: Pecharunt|Dark
|move|p1a: Pecharunt|Foul Play|p2a: Crutch Gambit
|-resisted|p2a: Crutch Gambit
|-damage|p2a: Crutch Gambit|0 fnt
|faint|p2a: Crutch Gambit
|-end|p2a: Crutch Gambit|fallen3|[silent]
|
|-damage|p1a: Pecharunt|88/100|[from] item: Black Sludge
|upkeep
|c|☆PortugalTheDude|gg
|-message|PortugalTheDude forfeited.
|
|win|Sirpeanutcronch
|raw|Sirpeanutcronch's rating: 1880 &rarr; <strong>1895</strong><br />(+15 for winning)
|raw|PortugalTheDude's rating: 1796 &rarr; <strong>1781</strong><br />(-15 for losing)
|l|☆PortugalTheDude
|player|p2|
|l|☆Sirpeanutcronch
|player|p1|
|l| cynasaurus
