|badge|p2|silver|gen9uu|30-6
|uhtml|medal-msg|<div class="broadcast-blue">Curious what those medals under the avatar are? PS now has Ladder Seasons! For more information, check out the <a href="https://www.smogon.com/forums/threads/3740067/">thread on Smogon.</a></div>
|j|☆sunnysoon
|j|☆ulky
|t:|1758997130
|gametype|singles
|player|p1|sunnysoon|dancer|1636
|player|p2|ulky|rosa|1693
|gen|9
|tier|[Gen 9] OU
|rated|
|rule|HP Percentage Mod: HP is shown in percentages
|rule|Endless Battle Clause: Forcing endless battles is banned
|rule|Species Clause: Limit one of each Pokémon
|rule|OHKO Clause: OHKO moves are banned
|rule|Evasion Items Clause: Evasion items are banned
|rule|Evasion Moves Clause: Evasion moves are banned
|rule|Evasion Abilities Clause: Evasion abilities are banned
|rule|Sleep Moves Clause: Sleep-inducing moves are banned
|clearpoke
|poke|p1|Mamoswine, M|
|poke|p1|Glimmora, M|
|poke|p1|Iron Crown|
|poke|p1|Zamazenta-*|
|poke|p1|Sinistcha|
|poke|p1|Samurott-Hisui, M|
|poke|p2|Kingambit, F|
|poke|p2|Deoxys-Speed|
|poke|p2|Great Tusk|
|poke|p2|Dragonite, M|
|poke|p2|Iron Moth|
|poke|p2|Primarina, F|
|teampreview
|
|t:|1758997148
|teamsize|p1|6
|teamsize|p2|6
|start
|switch|p1a: Iron Crown|Iron Crown|100/100
|switch|p2a: Anomaly|Great Tusk|100/100
|-enditem|p2a: Anomaly|Booster Energy
|-activate|p2a: Anomaly|ability: Protosynthesis|[fromitem]
|-start|p2a: Anomaly|protosynthesisatk
|turn|1
|
|t:|1758997152
|move|p1a: Iron Crown|Psychic Noise|p2a: Anomaly
|-supereffective|p2a: Anomaly
|-damage|p2a: Anomaly|0 fnt
|faint|p2a: Anomaly
|-end|p2a: Anomaly|Protosynthesis|[silent]
|
|upkeep
|
|t:|1758997156
|switch|p2a: Meruem|Kingambit, F|100/100
|-activate|p2a: Meruem|ability: Supreme Overlord
|-start|p2a: Meruem|fallen1|[silent]
|turn|2
|
|t:|1758997163
|-end|p1a: Iron Crown|Quark Drive|[silent]
|switch|p1a: Glimmora|Glimmora, M, shiny|100/100
|move|p2a: Meruem|Iron Head|p1a: Glimmora
|-supereffective|p1a: Glimmora
|-damage|p1a: Glimmora|13/100
|-activate|p1a: Glimmora|ability: Toxic Debris
|-sidestart|p2: ulky|move: Toxic Spikes
|-enditem|p1a: Glimmora|Red Card|[of] p2a: Meruem
|-end|p2a: Meruem|fallen1|[silent]
|drag|p2a: Anomаly|Iron Moth|100/100
|-sideend|p2: ulky|move: Toxic Spikes|[of] p2a: Anomаly
|-enditem|p2a: Anomаly|Booster Energy
|-activate|p2a: Anomаly|ability: Quark Drive|[fromitem]
|-start|p2a: Anomаly|quarkdrivespe
|
|upkeep
|turn|3
|
|t:|1758997181
|move|p2a: Anomаly|Fiery Dance|p1a: Glimmora
|-resisted|p1a: Glimmora
|-damage|p1a: Glimmora|0 fnt
|faint|p1a: Glimmora
|
|upkeep
|
|t:|1758997185
|switch|p1a: Samurott|Samurott-Hisui, M, shiny|100/100
|turn|4
|
|t:|1758997217
|move|p2a: Anomаly|Toxic Spikes|p1a: Samurott
|-sidestart|p1: sunnysoon|move: Toxic Spikes
|move|p1a: Samurott|Ceaseless Edge|p2a: Anomаly
|-damage|p2a: Anomаly|11/100
|-sidestart|p2: ulky|Spikes
|
|upkeep
|turn|5
|
|t:|1758997224
|move|p1a: Samurott|Sucker Punch|p2a: Anomаly
|-damage|p2a: Anomаly|0 fnt
|faint|p2a: Anomаly
|-end|p2a: Anomаly|Quark Drive|[silent]
|
|upkeep
|
|t:|1758997238
|switch|p2a: Siren|Primarina, F|100/100
|-damage|p2a: Siren|88/100|[from] Spikes
|turn|6
|
|t:|1758997244
|move|p1a: Samurott|Flip Turn|p2a: Siren
|-resisted|p2a: Siren
|-damage|p2a: Siren|67/100
|
|t:|1758997248
|switch|p1a: Iron Crown|Iron Crown|100/100|[from] Flip Turn
|move|p2a: Siren|Moonblast|p1a: Iron Crown
|-resisted|p1a: Iron Crown
|-damage|p1a: Iron Crown|72/100
|
|upkeep
|turn|7
|
|t:|1758997261
|move|p1a: Iron Crown|Volt Switch|p2a: Siren
|-supereffective|p2a: Siren
|-damage|p2a: Siren|20/100
|
|t:|1758997269
|-end|p1a: Iron Crown|Quark Drive|[silent]
|switch|p1a: Samurott|Samurott-Hisui, M, shiny|100/100|[from] Volt Switch
|-status|p1a: Samurott|psn
|move|p2a: Siren|Surf|p1a: Samurott
|-resisted|p1a: Samurott
|-damage|p1a: Samurott|39/100 psn
|
|-damage|p1a: Samurott|27/100 psn|[from] psn
|upkeep
|turn|8
|
|t:|1758997336
|move|p1a: Samurott|Ceaseless Edge|p2a: Siren
|-resisted|p2a: Siren
|-damage|p2a: Siren|0 fnt
|-sidestart|p2: ulky|Spikes
|faint|p2a: Siren
|
|-damage|p1a: Samurott|15/100 psn|[from] psn
|upkeep
|
|t:|1758997346
|switch|p2a: Meruem|Kingambit, F|100/100
|-damage|p2a: Meruem|84/100|[from] Spikes
|-activate|p2a: Meruem|ability: Supreme Overlord
|-start|p2a: Meruem|fallen3|[silent]
|turn|9
|
|t:|1758997354
|move|p1a: Samurott|Ceaseless Edge|p2a: Meruem
|-resisted|p2a: Meruem
|-damage|p2a: Meruem|61/100
|-sidestart|p2: ulky|Spikes
|move|p2a: Meruem|Swords Dance|p2a: Meruem
|-boost|p2a: Meruem|atk|2
|
|-heal|p2a: Meruem|67/100|[from] item: Leftovers
|-damage|p1a: Samurott|2/100 psn|[from] psn
|upkeep
|turn|10
|
|t:|1758997359
|move|p1a: Samurott|Sucker Punch|p2a: Meruem
|-resisted|p2a: Meruem
|-damage|p2a: Meruem|49/100
|move|p2a: Meruem|Sucker Punch||[still]
|-fail|p2a: Meruem
|
|-heal|p2a: Meruem|55/100|[from] item: Leftovers
|-damage|p1a: Samurott|0 fnt|[from] psn
|faint|p1a: Samurott
|upkeep
|
|t:|1758997392
|switch|p1a: Zamazenta|Zamazenta, shiny|100/100
|-status|p1a: Zamazenta|psn
|-ability|p1a: Zamazenta|Dauntless Shield|boost
|-boost|p1a: Zamazenta|def|1
|turn|11
|
|t:|1758997399
|switch|p1a: Iron Crown|Iron Crown|72/100
|-terastallize|p2a: Meruem|Ghost
|move|p2a: Meruem|Iron Head|p1a: Iron Crown
|-resisted|p1a: Iron Crown
|-damage|p1a: Iron Crown|8/100
|
|-heal|p2a: Meruem|61/100|[from] item: Leftovers
|upkeep
|turn|12
|
|t:|1758997405
|move|p2a: Meruem|Sucker Punch|p1a: Iron Crown
|-supereffective|p1a: Iron Crown
|-damage|p1a: Iron Crown|0 fnt
|faint|p1a: Iron Crown
|-end|p1a: Iron Crown|Quark Drive|[silent]
|
|-heal|p2a: Meruem|68/100|[from] item: Leftovers
|upkeep
|
|t:|1758997408
|switch|p1a: Zamazenta|Zamazenta, shiny|100/100 psn
|turn|13
|
|t:|1758997411
|move|p1a: Zamazenta|Crunch|p2a: Meruem
|-supereffective|p2a: Meruem
|-damage|p2a: Meruem|7/100
|move|p2a: Meruem|Iron Head|p1a: Zamazenta
|-damage|p1a: Zamazenta|0 fnt
|faint|p1a: Zamazenta
|
|-heal|p2a: Meruem|13/100|[from] item: Leftovers
|upkeep
|
|t:|1758997417
|switch|p1a: Mamoswine|Mamoswine, M, shiny|100/100
|-status|p1a: Mamoswine|psn
|turn|14
|
|t:|1758997420
|move|p1a: Mamoswine|Ice Shard|p2a: Meruem
|-damage|p2a: Meruem|0 fnt
|faint|p2a: Meruem
|-end|p2a: Meruem|fallen3|[silent]
|
|-damage|p1a: Mamoswine|88/100 psn|[from] psn
|upkeep
|
|t:|1758997423
|switch|p2a: Moebius|Deoxys-Speed|100/100
|-damage|p2a: Moebius|75/100|[from] Spikes
|-ability|p2a: Moebius|Pressure
|turn|15
|
|t:|1758997428
|move|p1a: Mamoswine|Ice Shard|p2a: Moebius
|-damage|p2a: Moebius|27/100
|move|p2a: Moebius|Psycho Boost|p1a: Mamoswine
|-damage|p1a: Mamoswine|0 fnt
|-unboost|p2a: Moebius|spa|2
|faint|p1a: Mamoswine
|-damage|p2a: Moebius|17/100|[from] item: Life Orb
|
|upkeep
|
|t:|1758997433
|switch|p1a: Sinistcha|Sinistcha, shiny|100/100
|turn|16
|
|t:|1758997437
|move|p2a: Moebius|Shadow Ball|p1a: Sinistcha
|-supereffective|p1a: Sinistcha
|-damage|p1a: Sinistcha|66/100
|-damage|p2a: Moebius|8/100|[from] item: Life Orb
|move|p1a: Sinistcha|Calm Mind|p1a: Sinistcha
|-boost|p1a: Sinistcha|spa|1
|-boost|p1a: Sinistcha|spd|1
|
|upkeep
|turn|17
|
|t:|1758997441
|move|p2a: Moebius|Shadow Ball|p1a: Sinistcha
|-supereffective|p1a: Sinistcha
|-damage|p1a: Sinistcha|40/100
|-damage|p2a: Moebius|0 fnt|[from] item: Life Orb
|faint|p2a: Moebius
|move|p1a: Sinistcha|Calm Mind|p1a: Sinistcha
|-boost|p1a: Sinistcha|spa|1
|-boost|p1a: Sinistcha|spd|1
|
|upkeep
|
|t:|1758997443
|switch|p2a: Yoshi|Dragonite, M, shiny|100/100
|turn|18
|
|t:|1758997447
|-terastallize|p1a: Sinistcha|Fairy
|move|p2a: Yoshi|Outrage|p1a: Sinistcha
|-immune|p1a: Sinistcha
|move|p1a: Sinistcha|Strength Sap|p2a: Yoshi
|-unboost|p2a: Yoshi|atk|1
|-heal|p1a: Sinistcha|100/100
|
|upkeep
|turn|19
|-message|ulky forfeited.
|
|win|sunnysoon
|raw|sunnysoon's rating: 1636 &rarr; <strong>1657</strong><br />(+21 for winning)
|raw|ulky's rating: 1657 &rarr; <strong>1636</strong><br />(-21 for losing)
|l|☆sunnysoon
|player|p1|
|l|☆ulky
|player|p2|
