|j|☆Havestol
|j|☆yoke tv
|t:|1759032246
|gametype|singles
|player|p1|Havestol|mars|1485
|player|p2|yoke tv|266|1544
|gen|9
|tier|[Gen 9] OU
|rated|
|rule|HP Percentage Mod: HP is shown in percentages
|rule|Endless Battle Clause: Forcing endless battles is banned
|rule|Species Clause: Limit one of each Pokémon
|rule|OHKO Clause: OHKO moves are banned
|rule|Evasion Items Clause: Evasion items are banned
|rule|Evasion Moves Clause: Evasion moves are banned
|rule|Evasion Abilities Clause: Evasion abilities are banned
|rule|Sleep Moves Clause: Sleep-inducing moves are banned
|clearpoke
|poke|p1|Salazzle, F|
|poke|p1|Dragapult, F|
|poke|p1|Weezing-Galar, M|
|poke|p1|Gliscor, M|
|poke|p1|Alomomola, F|
|poke|p1|Iron Crown|
|poke|p2|Walking Wake|
|poke|p2|Ninetales, M|
|poke|p2|Raging Bolt|
|poke|p2|Great Tusk|
|poke|p2|Hatterene, F|
|poke|p2|Venusaur, F|
|teampreview
|inactive|Battle timer is ON: inactive players will automatically lose when time's up. (requested by yoke tv)
|
|t:|1759032275
|teamsize|p1|6
|teamsize|p2|6
|start
|switch|p1a: Salazzle|Salazzle, F|100/100
|switch|p2a: Ninetales|Ninetales, M|100/100
|-weather|SunnyDay|[from] ability: Drought|[of] p2a: Ninetales
|turn|1
|
|t:|1759032286
|switch|p2a: Raging Bolt|Raging Bolt|100/100
|-activate|p2a: Raging Bolt|ability: Protosynthesis
|-start|p2a: Raging Bolt|protosynthesisspa
|move|p1a: Salazzle|Substitute|p1a: Salazzle
|-start|p1a: Salazzle|Substitute
|-damage|p1a: Salazzle|76/100
|
|-weather|SunnyDay|[upkeep]
|-heal|p1a: Salazzle|82/100|[from] item: Leftovers
|upkeep
|turn|2
|
|t:|1759032290
|move|p1a: Salazzle|Toxic|p2a: Raging Bolt
|-status|p2a: Raging Bolt|tox
|move|p2a: Raging Bolt|Thunderbolt|p1a: Salazzle
|-end|p1a: Salazzle|Substitute
|
|-weather|SunnyDay|[upkeep]
|-heal|p1a: Salazzle|88/100|[from] item: Leftovers
|-damage|p2a: Raging Bolt|94/100 tox|[from] psn
|upkeep
|turn|3
|
|t:|1759032293
|move|p1a: Salazzle|Substitute|p1a: Salazzle
|-start|p1a: Salazzle|Substitute
|-damage|p1a: Salazzle|63/100
|move|p2a: Raging Bolt|Thunderbolt|p1a: Salazzle
|-end|p1a: Salazzle|Substitute
|
|-weather|SunnyDay|[upkeep]
|-heal|p1a: Salazzle|69/100|[from] item: Leftovers
|-damage|p2a: Raging Bolt|82/100 tox|[from] psn
|upkeep
|turn|4
|
|t:|1759032304
|-end|p2a: Raging Bolt|Protosynthesis|[silent]
|switch|p2a: Venusaur|Venusaur, F|100/100
|move|p1a: Salazzle|Substitute|p1a: Salazzle
|-start|p1a: Salazzle|Substitute
|-damage|p1a: Salazzle|44/100
|
|-weather|SunnyDay|[upkeep]
|-heal|p1a: Salazzle|50/100|[from] item: Leftovers
|upkeep
|turn|5
|
|t:|1759032310
|-terastallize|p2a: Venusaur|Ground
|move|p2a: Venusaur|Earth Power|p1a: Salazzle
|-supereffective|p1a: Salazzle
|-end|p1a: Salazzle|Substitute
|-damage|p2a: Venusaur|91/100|[from] item: Life Orb
|move|p1a: Salazzle|Toxic|p2a: Venusaur
|-status|p2a: Venusaur|tox
|
|-weather|SunnyDay|[upkeep]
|-heal|p1a: Salazzle|56/100|[from] item: Leftovers
|-damage|p2a: Venusaur|85/100 tox|[from] psn
|upkeep
|turn|6
|
|t:|1759032322
|switch|p1a: Gliscor|Gliscor, M|100/100
|move|p2a: Venusaur|Earth Power|p1a: Gliscor
|-immune|p1a: Gliscor
|
|-weather|SunnyDay|[upkeep]
|-damage|p2a: Venusaur|73/100 tox|[from] psn
|-status|p1a: Gliscor|tox|[from] item: Toxic Orb
|upkeep
|turn|7
|
|t:|1759032326
|move|p2a: Venusaur|Growth|p2a: Venusaur
|-boost|p2a: Venusaur|atk|2
|-boost|p2a: Venusaur|spa|2
|move|p1a: Gliscor|Earthquake|p2a: Venusaur
|-damage|p2a: Venusaur|31/100 tox
|
|-weather|SunnyDay|[upkeep]
|-damage|p2a: Venusaur|13/100 tox|[from] psn
|upkeep
|turn|8
|
|t:|1759032332
|switch|p2a: Hatterene|Hatterene, F|100/100
|move|p1a: Gliscor|Protect||[still]
|-fail|p1a: Gliscor
|
|-weather|none
|upkeep
|turn|9
|
|t:|1759032338
|move|p1a: Gliscor|U-turn|p2a: Hatterene
|-crit|p2a: Hatterene
|-damage|p2a: Hatterene|80/100
|
|t:|1759032343
|switch|p1a: Iron Crown|Iron Crown|100/100|[from] U-turn
|move|p2a: Hatterene|Calm Mind|p2a: Hatterene
|-boost|p2a: Hatterene|spa|1
|-boost|p2a: Hatterene|spd|1
|
|-heal|p2a: Hatterene|86/100|[from] item: Leftovers
|upkeep
|turn|10
|
|t:|1759032346
|switch|p2a: Ninetales|Ninetales, M|100/100
|-weather|SunnyDay|[from] ability: Drought|[of] p2a: Ninetales
|move|p1a: Iron Crown|Tachyon Cutter|p2a: Ninetales
|-resisted|p2a: Ninetales
|-damage|p2a: Ninetales|88/100
|-resisted|p2a: Ninetales
|-damage|p2a: Ninetales|75/100
|-hitcount|p2a: Ninetales|2
|
|-weather|SunnyDay|[upkeep]
|upkeep
|turn|11
|
|t:|1759032351
|switch|p2a: Walking Wake|Walking Wake|100/100
|-activate|p2a: Walking Wake|ability: Protosynthesis
|-start|p2a: Walking Wake|protosynthesisspe
|move|p1a: Iron Crown|Volt Switch|p2a: Walking Wake
|-damage|p2a: Walking Wake|72/100
|
|t:|1759032355
|-end|p1a: Iron Crown|Quark Drive|[silent]
|switch|p1a: Alomomola|Alomomola, F|100/100|[from] Volt Switch
|
|-weather|SunnyDay|[upkeep]
|upkeep
|turn|12
|
|t:|1759032361
|-end|p2a: Walking Wake|Protosynthesis|[silent]
|switch|p2a: Raging Bolt|Raging Bolt|82/100 tox
|-activate|p2a: Raging Bolt|ability: Protosynthesis
|-start|p2a: Raging Bolt|protosynthesisspa
|move|p1a: Alomomola|Mirror Coat||[still]
|-fail|p1a: Alomomola
|
|-weather|SunnyDay|[upkeep]
|-damage|p2a: Raging Bolt|76/100 tox|[from] psn
|upkeep
|turn|13
|
|t:|1759032367
|move|p2a: Raging Bolt|Thunderbolt|p1a: Alomomola
|-supereffective|p1a: Alomomola
|-damage|p1a: Alomomola|22/100
|move|p1a: Alomomola|Mirror Coat|p2a: Raging Bolt
|-damage|p2a: Raging Bolt|0 fnt
|faint|p2a: Raging Bolt
|-end|p2a: Raging Bolt|Protosynthesis|[silent]
|
|-weather|SunnyDay|[upkeep]
|upkeep
|
|t:|1759032370
|switch|p2a: Venusaur|Venusaur, F, tera:Ground|13/100 tox
|turn|14
|
|t:|1759032390
|move|p2a: Venusaur|Giga Drain|p1a: Alomomola
|-supereffective|p1a: Alomomola
|-damage|p1a: Alomomola|0 fnt
|-heal|p2a: Venusaur|31/100 tox|[from] drain|[of] p1a: Alomomola
|faint|p1a: Alomomola
|-damage|p2a: Venusaur|21/100 tox|[from] item: Life Orb
|
|-weather|SunnyDay|[upkeep]
|-damage|p2a: Venusaur|15/100 tox|[from] psn
|upkeep
|
|t:|1759032394
|switch|p1a: Gliscor|Gliscor, M|100/100 tox
|turn|15
|
|t:|1759032400
|switch|p2a: Walking Wake|Walking Wake|72/100
|-activate|p2a: Walking Wake|ability: Protosynthesis
|-start|p2a: Walking Wake|protosynthesisspe
|move|p1a: Gliscor|Earthquake|p2a: Walking Wake
|-damage|p2a: Walking Wake|34/100
|
|-weather|SunnyDay|[upkeep]
|upkeep
|turn|16
|
|t:|1759032407
|move|p1a: Gliscor|Protect|p1a: Gliscor
|-singleturn|p1a: Gliscor|Protect
|move|p2a: Walking Wake|Hydro Steam|p1a: Gliscor
|-activate|p1a: Gliscor|move: Protect
|
|-weather|SunnyDay|[upkeep]
|upkeep
|turn|17
|
|t:|1759032412
|switch|p1a: Dragapult|Dragapult, F|100/100
|move|p2a: Walking Wake|Hydro Steam|p1a: Dragapult
|-resisted|p1a: Dragapult
|-damage|p1a: Dragapult|38/100
|
|-weather|none
|-end|p2a: Walking Wake|Protosynthesis
|upkeep
|turn|18
|
|t:|1759032419
|-end|p2a: Walking Wake|Protosynthesis|[silent]
|switch|p2a: Ninetales|Ninetales, M|75/100
|-weather|SunnyDay|[from] ability: Drought|[of] p2a: Ninetales
|move|p1a: Dragapult|Shadow Ball|p2a: Ninetales
|-damage|p2a: Ninetales|22/100
|
|-weather|SunnyDay|[upkeep]
|upkeep
|turn|19
|
|t:|1759032424
|switch|p2a: Venusaur|Venusaur, F, tera:Ground|15/100 tox
|move|p1a: Dragapult|Shadow Ball|p2a: Venusaur
|-damage|p2a: Venusaur|0 fnt
|faint|p2a: Venusaur
|
|-weather|SunnyDay|[upkeep]
|upkeep
|
|t:|1759032427
|switch|p2a: Walking Wake|Walking Wake|34/100
|-activate|p2a: Walking Wake|ability: Protosynthesis
|-start|p2a: Walking Wake|protosynthesisspe
|turn|20
|
|t:|1759032439
|move|p2a: Walking Wake|Hydro Steam|p1a: Dragapult
|-resisted|p1a: Dragapult
|-damage|p1a: Dragapult|0 fnt
|faint|p1a: Dragapult
|
|-weather|SunnyDay|[upkeep]
|upkeep
|
|t:|1759032443
|switch|p1a: Iron Crown|Iron Crown|100/100
|turn|21
|
|t:|1759032452
|move|p2a: Walking Wake|Hydro Steam|p1a: Iron Crown
|-damage|p1a: Iron Crown|35/100
|move|p1a: Iron Crown|Psychic Noise|p2a: Walking Wake
|-damage|p2a: Walking Wake|0 fnt
|faint|p2a: Walking Wake
|-end|p2a: Walking Wake|Protosynthesis|[silent]
|
|-weather|SunnyDay|[upkeep]
|upkeep
|
|t:|1759032456
|switch|p2a: Ninetales|Ninetales, M|22/100
|turn|22
|
|t:|1759032459
|move|p2a: Ninetales|Flamethrower|p1a: Iron Crown
|-supereffective|p1a: Iron Crown
|-damage|p1a: Iron Crown|0 fnt
|faint|p1a: Iron Crown
|-end|p1a: Iron Crown|Quark Drive|[silent]
|
|-weather|SunnyDay|[upkeep]
|upkeep
|
|t:|1759032463
|switch|p1a: Gliscor|Gliscor, M|100/100 tox
|turn|23
|
|t:|1759032469
|switch|p2a: Great Tusk|Great Tusk|100/100
|-activate|p2a: Great Tusk|ability: Protosynthesis
|-start|p2a: Great Tusk|protosynthesisatk
|move|p1a: Gliscor|Earthquake|p2a: Great Tusk
|-damage|p2a: Great Tusk|75/100
|
|-weather|SunnyDay|[upkeep]
|upkeep
|turn|24
|
|t:|1759032480
|-terastallize|p1a: Gliscor|Fairy
|move|p2a: Great Tusk|Rapid Spin|p1a: Gliscor
|-damage|p1a: Gliscor|81/100 tox
|-boost|p2a: Great Tusk|spe|1
|move|p1a: Gliscor|U-turn|p2a: Great Tusk
|-resisted|p2a: Great Tusk
|-damage|p2a: Great Tusk|69/100
|-damage|p1a: Gliscor|65/100 tox|[from] item: Rocky Helmet|[of] p2a: Great Tusk
|
|t:|1759032485
|switch|p1a: Weezing|Weezing-Galar, M|100/100|[from] U-turn
|-ability|p1a: Weezing|Neutralizing Gas
|
|-weather|SunnyDay|[upkeep]
|upkeep
|turn|25
|
|t:|1759032494
|move|p2a: Great Tusk|Headlong Rush|p1a: Weezing
|-supereffective|p1a: Weezing
|-crit|p1a: Weezing
|-enditem|p1a: Weezing|Shuca Berry|[eat]
|-enditem|p1a: Weezing|Shuca Berry|[weaken]
|-damage|p1a: Weezing|42/100
|-unboost|p2a: Great Tusk|def|1
|-unboost|p2a: Great Tusk|spd|1
|move|p1a: Weezing|Will-O-Wisp|p2a: Great Tusk
|-status|p2a: Great Tusk|brn
|
|-weather|none
|-damage|p2a: Great Tusk|63/100 brn|[from] brn
|upkeep
|turn|26
|inactive|Havestol has 120 seconds left.
|
|t:|1759032530
|-end|p2a: Great Tusk|Protosynthesis|[silent]
|switch|p2a: Hatterene|Hatterene, F|86/100
|move|p1a: Weezing|Strange Steam|p2a: Hatterene
|-damage|p2a: Hatterene|58/100
|
|-heal|p2a: Hatterene|64/100|[from] item: Leftovers
|upkeep
|turn|27
|inactive|Havestol has 120 seconds left.
|
|t:|1759032537
|move|p1a: Weezing|Strange Steam|p2a: Hatterene
|-damage|p2a: Hatterene|37/100
|-start|p2a: Hatterene|confusion
|-activate|p2a: Hatterene|confusion
|move|p2a: Hatterene|Psyshock|p1a: Weezing
|-supereffective|p1a: Weezing
|-damage|p1a: Weezing|0 fnt
|faint|p1a: Weezing
|-end|p1a: Weezing|ability: Neutralizing Gas
|
|-heal|p2a: Hatterene|43/100|[from] item: Leftovers
|upkeep
|
|t:|1759032542
|switch|p1a: Salazzle|Salazzle, F|56/100
|turn|28
|
|t:|1759032544
|move|p1a: Salazzle|Substitute|p1a: Salazzle
|-start|p1a: Salazzle|Substitute
|-damage|p1a: Salazzle|32/100
|-activate|p2a: Hatterene|confusion
|-damage|p2a: Hatterene|38/100|[from] confusion
|
|-heal|p1a: Salazzle|38/100|[from] item: Leftovers
|-heal|p2a: Hatterene|44/100|[from] item: Leftovers
|upkeep
|turn|29
|
|t:|1759032549
|move|p1a: Salazzle|Flamethrower|p2a: Hatterene
|-damage|p2a: Hatterene|5/100
|-end|p2a: Hatterene|confusion
|move|p2a: Hatterene|Psyshock|p1a: Salazzle
|-supereffective|p1a: Salazzle
|-end|p1a: Salazzle|Substitute
|
|-heal|p1a: Salazzle|44/100|[from] item: Leftovers
|-heal|p2a: Hatterene|11/100|[from] item: Leftovers
|upkeep
|turn|30
|
|t:|1759032552
|move|p1a: Salazzle|Substitute|p1a: Salazzle
|-start|p1a: Salazzle|Substitute
|-damage|p1a: Salazzle|19/100
|move|p2a: Hatterene|Psyshock|p1a: Salazzle
|-supereffective|p1a: Salazzle
|-end|p1a: Salazzle|Substitute
|
|-heal|p1a: Salazzle|25/100|[from] item: Leftovers
|-heal|p2a: Hatterene|17/100|[from] item: Leftovers
|upkeep
|turn|31
|
|t:|1759032556
|move|p1a: Salazzle|Flamethrower|p2a: Hatterene
|-damage|p2a: Hatterene|0 fnt
|faint|p2a: Hatterene
|
|-heal|p1a: Salazzle|31/100|[from] item: Leftovers
|upkeep
|
|t:|1759032561
|switch|p2a: Great Tusk|Great Tusk|63/100 brn
|turn|32
|inactive|Havestol has 120 seconds left.
|
|t:|1759032614
|move|p1a: Salazzle|Substitute|p1a: Salazzle
|-start|p1a: Salazzle|Substitute
|-damage|p1a: Salazzle|6/100
|move|p2a: Great Tusk|Headlong Rush|p1a: Salazzle
|-supereffective|p1a: Salazzle
|-end|p1a: Salazzle|Substitute
|-unboost|p2a: Great Tusk|def|1
|-unboost|p2a: Great Tusk|spd|1
|
|-heal|p1a: Salazzle|12/100|[from] item: Leftovers
|-damage|p2a: Great Tusk|57/100 brn|[from] brn
|upkeep
|turn|33
|-message|yoke tv forfeited.
|
|win|Havestol
|raw|Havestol's rating: 1485 &rarr; <strong>1508</strong><br />(+23 for winning)
|raw|yoke tv's rating: 1544 &rarr; <strong>1521</strong><br />(-23 for losing)
|l|☆yoke tv
|player|p2|
