|j|☆DomCat
|j|☆ihave_0idea
|t:|1758921243
|gametype|singles
|player|p1|DomCat|lady-gen4|1402
|player|p2|ihave_0idea|veteran|1333
|gen|9
|tier|[Gen 9] OU
|rated|
|rule|HP Percentage Mod: HP is shown in percentages
|rule|Endless Battle Clause: Forcing endless battles is banned
|rule|Species Clause: Limit one of each Pokémon
|rule|OHKO Clause: OHKO moves are banned
|rule|Evasion Items Clause: Evasion items are banned
|rule|Evasion Moves Clause: Evasion moves are banned
|rule|Evasion Abilities Clause: Evasion abilities are banned
|rule|Sleep Moves Clause: Sleep-inducing moves are banned
|clearpoke
|poke|p1|Heatran, M|
|poke|p1|Quaquaval, M|
|poke|p1|Garganacl, M|
|poke|p1|Gliscor, F|
|poke|p1|Zapdos|
|poke|p1|Walking Wake|
|poke|p2|Scizor, M|
|poke|p2|Gliscor, M|
|poke|p2|Slowking-Galar, M|
|poke|p2|Zamazenta-*|
|poke|p2|Ogerpon-Wellspring, F|
|poke|p2|Gholdengo|
|teampreview
|inactive|Battle timer is ON: inactive players will automatically lose when time's up. (requested by ihave_0idea)
|
|t:|1758921248
|teamsize|p1|6
|teamsize|p2|6
|start
|switch|p1a: Boiling Dragon|Walking Wake|100/100
|switch|p2a: Ogerpon|Ogerpon-Wellspring, F|100/100
|turn|1
|
|t:|1758921272
|switch|p2a: Slowking|Slowking-Galar, M|100/100
|move|p1a: Boiling Dragon|Draco Meteor|p2a: Slowking
|-damage|p2a: Slowking|45/100
|-unboost|p1a: Boiling Dragon|spa|2
|
|upkeep
|turn|2
|
|t:|1758921280
|-end|p1a: Boiling Dragon|Protosynthesis|[silent]
|switch|p1a: Himalayan Salt|Garganacl, M|100/100
|move|p2a: Slowking|Future Sight|p1a: Himalayan Salt
|-start|p2a: Slowking|move: Future Sight
|
|upkeep
|turn|3
|
|t:|1758921289
|switch|p2a: Gliscor|Gliscor, M|100/100
|move|p1a: Himalayan Salt|Salt Cure|p2a: Gliscor
|-damage|p2a: Gliscor|89/100
|-start|p2a: Gliscor|Salt Cure
|
|-damage|p2a: Gliscor|76/100|[from] Salt Cure
|-status|p2a: Gliscor|tox|[from] item: Toxic Orb
|upkeep
|turn|4
|
|t:|1758921297
|switch|p1a: Joker 2019|Quaquaval, M|100/100
|move|p2a: Gliscor|Spikes|p1a: Joker 2019
|-sidestart|p1: DomCat|Spikes
|
|-end|p1a: Joker 2019|move: Future Sight
|-supereffective|p1a: Joker 2019
|-damage|p1a: Joker 2019|0 fnt
|faint|p1a: Joker 2019
|-heal|p2a: Gliscor|89/100 tox|[from] ability: Poison Heal
|-damage|p2a: Gliscor|76/100 tox|[from] Salt Cure
|upkeep
|
|t:|1758921309
|switch|p1a: Boiling Dragon|Walking Wake|100/100
|-damage|p1a: Boiling Dragon|88/100|[from] Spikes
|turn|5
|
|t:|1758921315
|move|p2a: Gliscor|Protect|p2a: Gliscor
|-singleturn|p2a: Gliscor|Protect
|move|p1a: Boiling Dragon|Draco Meteor|p2a: Gliscor
|-activate|p2a: Gliscor|move: Protect
|
|-heal|p2a: Gliscor|89/100 tox|[from] ability: Poison Heal
|-damage|p2a: Gliscor|76/100 tox|[from] Salt Cure
|upkeep
|turn|6
|
|t:|1758921334
|-end|p1a: Boiling Dragon|Protosynthesis|[silent]
|switch|p1a: Himalayan Salt|Garganacl, M|100/100
|-damage|p1a: Himalayan Salt|88/100|[from] Spikes
|switch|p2a: Slowking|Slowking-Galar, M|79/100
|
|-heal|p1a: Himalayan Salt|94/100|[from] item: Leftovers
|upkeep
|turn|7
|
|t:|1758921344
|switch|p1a: Sparkuno|Zapdos|100/100
|move|p2a: Slowking|Future Sight|p1a: Sparkuno
|-start|p2a: Slowking|move: Future Sight
|
|upkeep
|turn|8
|
|t:|1758921349
|move|p1a: Sparkuno|Hurricane|p2a: Slowking|[miss]
|-miss|p1a: Sparkuno|p2a: Slowking
|move|p2a: Slowking|Ice Beam|p1a: Sparkuno
|-supereffective|p1a: Sparkuno
|-damage|p1a: Sparkuno|59/100
|
|upkeep
|turn|9
|
|t:|1758921355
|move|p1a: Sparkuno|Hurricane|p2a: Slowking|[miss]
|-miss|p1a: Sparkuno|p2a: Slowking
|-prepare|p2a: Slowking|Chilly Reception|[premajor]
|move|p2a: Slowking|Chilly Reception|p2a: Slowking
|-weather|Snowscape
|
|t:|1758921373
|switch|p2a: Gliscor|Gliscor, M|76/100 tox|[from] Chilly Reception
|
|-weather|Snowscape|[upkeep]
|-end|p1a: Sparkuno|move: Future Sight
|-damage|p1a: Sparkuno|17/100
|-heal|p2a: Gliscor|89/100 tox|[from] ability: Poison Heal
|upkeep
|turn|10
|
|t:|1758921380
|move|p1a: Sparkuno|Hurricane|p2a: Gliscor
|-damage|p2a: Gliscor|22/100 tox
|move|p2a: Gliscor|Spikes|p1a: Sparkuno
|-sidestart|p1: DomCat|Spikes
|
|-weather|Snowscape|[upkeep]
|-heal|p2a: Gliscor|35/100 tox|[from] ability: Poison Heal
|upkeep
|turn|11
|
|t:|1758921387
|move|p2a: Gliscor|Protect|p2a: Gliscor
|-singleturn|p2a: Gliscor|Protect
|move|p1a: Sparkuno|Roost|p1a: Sparkuno
|-heal|p1a: Sparkuno|67/100
|-singleturn|p1a: Sparkuno|move: Roost
|
|-weather|Snowscape|[upkeep]
|-heal|p2a: Gliscor|47/100 tox|[from] ability: Poison Heal
|upkeep
|turn|12
|
|t:|1758921395
|switch|p2a: Slowking|Slowking-Galar, M|100/100
|move|p1a: Sparkuno|Hurricane|p2a: Slowking|[miss]
|-miss|p1a: Sparkuno|p2a: Slowking
|
|-weather|Snowscape|[upkeep]
|upkeep
|turn|13
|
|t:|1758921402
|move|p1a: Sparkuno|Roost|p1a: Sparkuno
|-heal|p1a: Sparkuno|100/100
|-singleturn|p1a: Sparkuno|move: Roost
|move|p2a: Slowking|Future Sight|p1a: Sparkuno
|-start|p2a: Slowking|move: Future Sight
|
|-weather|none
|upkeep
|turn|14
|
|t:|1758921408
|move|p1a: Sparkuno|Volt Switch|p2a: Slowking
|-damage|p2a: Slowking|79/100
|
|t:|1758921411
|switch|p1a: Molten Salt|Heatran, M|100/100|[from] Volt Switch
|-damage|p1a: Molten Salt|84/100|[from] Spikes
|move|p2a: Slowking|Ice Beam|p1a: Molten Salt
|-resisted|p1a: Molten Salt
|-damage|p1a: Molten Salt|80/100
|-status|p1a: Molten Salt|frz
|
|-heal|p1a: Molten Salt|86/100 frz|[from] item: Leftovers
|upkeep
|turn|15
|
|t:|1758921421
|cant|p1a: Molten Salt|frz
|-prepare|p2a: Slowking|Chilly Reception|[premajor]
|move|p2a: Slowking|Chilly Reception|p2a: Slowking
|-weather|Snowscape
|
|t:|1758921430
|switch|p2a: Ogerpon|Ogerpon-Wellspring, F|100/100|[from] Chilly Reception
|
|-weather|Snowscape|[upkeep]
|-end|p1a: Molten Salt|move: Future Sight
|-resisted|p1a: Molten Salt
|-damage|p1a: Molten Salt|67/100 frz
|-heal|p1a: Molten Salt|73/100 frz|[from] item: Leftovers
|upkeep
|turn|16
|
|t:|1758921440
|switch|p1a: Sparkuno|Zapdos|100/100
|move|p2a: Ogerpon|Power Whip|p1a: Sparkuno|[miss]
|-miss|p2a: Ogerpon|p1a: Sparkuno
|
|-weather|Snowscape|[upkeep]
|upkeep
|turn|17
|
|t:|1758921446
|switch|p2a: Slowking|Slowking-Galar, M|100/100
|move|p1a: Sparkuno|Hurricane|p2a: Slowking
|-damage|p2a: Slowking|64/100
|-start|p2a: Slowking|confusion
|
|-weather|Snowscape|[upkeep]
|upkeep
|turn|18
|
|t:|1758921457
|move|p1a: Sparkuno|Volt Switch|p2a: Slowking
|-damage|p2a: Slowking|40/100
|
|t:|1758921461
|switch|p1a: Molten Salt|Heatran, M|73/100 frz|[from] Volt Switch
|-damage|p1a: Molten Salt|56/100 frz|[from] Spikes
|-activate|p2a: Slowking|confusion
|move|p2a: Slowking|Future Sight|p1a: Molten Salt
|-start|p2a: Slowking|move: Future Sight
|
|-weather|Snowscape|[upkeep]
|-heal|p1a: Molten Salt|63/100 frz|[from] item: Leftovers
|upkeep
|turn|19
|
|t:|1758921470
|cant|p1a: Molten Salt|frz
|-prepare|p2a: Slowking|Chilly Reception|[premajor]
|-activate|p2a: Slowking|confusion
|move|p2a: Slowking|Chilly Reception|p2a: Slowking
|
|t:|1758921490
|switch|p2a: Gholdengo|Gholdengo|100/100|[from] Chilly Reception
|-item|p2a: Gholdengo|Air Balloon
|
|-weather|none
|-heal|p1a: Molten Salt|69/100 frz|[from] item: Leftovers
|upkeep
|turn|20
|
|t:|1758921497
|move|p2a: Gholdengo|Nasty Plot|p2a: Gholdengo
|-boost|p2a: Gholdengo|spa|2
|cant|p1a: Molten Salt|frz
|
|-end|p1a: Molten Salt|move: Future Sight
|-resisted|p1a: Molten Salt
|-damage|p1a: Molten Salt|50/100 frz
|-heal|p1a: Molten Salt|56/100 frz|[from] item: Leftovers
|upkeep
|turn|21
|
|t:|1758921509
|move|p2a: Gholdengo|Shadow Ball|p1a: Molten Salt
|-damage|p1a: Molten Salt|0 fnt
|faint|p1a: Molten Salt
|
|upkeep
|
|t:|1758921514
|switch|p1a: Boiling Dragon|Walking Wake|88/100
|-damage|p1a: Boiling Dragon|72/100|[from] Spikes
|turn|22
|c|☆ihave_0idea|rip molten salt
|
|t:|1758921528
|switch|p2a: Slowking|Slowking-Galar, M|73/100
|move|p1a: Boiling Dragon|Flamethrower|p2a: Slowking
|-damage|p2a: Slowking|49/100
|
|upkeep
|turn|23
|
|t:|1758921534
|-end|p1a: Boiling Dragon|Protosynthesis|[silent]
|switch|p1a: Himalayan Salt|Garganacl, M|94/100
|-damage|p1a: Himalayan Salt|78/100|[from] Spikes
|move|p2a: Slowking|Future Sight|p1a: Himalayan Salt
|-start|p2a: Slowking|move: Future Sight
|
|-heal|p1a: Himalayan Salt|84/100|[from] item: Leftovers
|upkeep
|turn|24
|
|t:|1758921541
|move|p1a: Himalayan Salt|Salt Cure|p2a: Slowking
|-damage|p2a: Slowking|30/100
|-start|p2a: Slowking|Salt Cure
|-prepare|p2a: Slowking|Chilly Reception|[premajor]
|move|p2a: Slowking|Chilly Reception|p2a: Slowking
|-weather|Snowscape
|
|t:|1758921547
|switch|p2a: Scizor|Scizor, M|100/100|[from] Chilly Reception
|
|-weather|Snowscape|[upkeep]
|-heal|p1a: Himalayan Salt|90/100|[from] item: Leftovers
|upkeep
|turn|25
|
|t:|1758921553
|-terastallize|p1a: Himalayan Salt|Flying
|move|p2a: Scizor|Close Combat|p1a: Himalayan Salt
|-resisted|p1a: Himalayan Salt
|-damage|p1a: Himalayan Salt|64/100
|-unboost|p2a: Scizor|def|1
|-unboost|p2a: Scizor|spd|1
|move|p1a: Himalayan Salt|Salt Cure|p2a: Scizor
|-damage|p2a: Scizor|75/100
|-start|p2a: Scizor|Salt Cure
|
|-weather|Snowscape|[upkeep]
|-end|p1a: Himalayan Salt|move: Future Sight
|-damage|p1a: Himalayan Salt|27/100
|-heal|p1a: Himalayan Salt|33/100|[from] item: Leftovers
|-damage|p2a: Scizor|50/100|[from] Salt Cure
|upkeep
|turn|26
|
|t:|1758921567
|switch|p2a: Zamazenta|Zamazenta|100/100
|-ability|p2a: Zamazenta|Dauntless Shield|boost
|-boost|p2a: Zamazenta|def|1
|move|p1a: Himalayan Salt|Protect||[still]
|-fail|p1a: Himalayan Salt
|
|-weather|Snowscape|[upkeep]
|-heal|p1a: Himalayan Salt|40/100|[from] item: Leftovers
|upkeep
|turn|27
|
|t:|1758921578
|move|p2a: Zamazenta|Stone Edge|p1a: Himalayan Salt|[miss]
|-miss|p2a: Zamazenta|p1a: Himalayan Salt
|move|p1a: Himalayan Salt|Recover|p1a: Himalayan Salt
|-heal|p1a: Himalayan Salt|90/100
|
|-weather|Snowscape|[upkeep]
|-heal|p1a: Himalayan Salt|96/100|[from] item: Leftovers
|upkeep
|turn|28
|
|t:|1758921586
|switch|p2a: Slowking|Slowking-Galar, M|63/100
|move|p1a: Himalayan Salt|Salt Cure|p2a: Slowking
|-damage|p2a: Slowking|45/100
|-start|p2a: Slowking|Salt Cure
|
|-weather|none
|-heal|p1a: Himalayan Salt|100/100|[from] item: Leftovers
|-damage|p2a: Slowking|32/100|[from] Salt Cure
|upkeep
|turn|29
|
|t:|1758921594
|move|p1a: Himalayan Salt|Earthquake|p2a: Slowking
|-supereffective|p2a: Slowking
|-damage|p2a: Slowking|0 fnt
|faint|p2a: Slowking
|
|upkeep
|
|t:|1758921606
|switch|p2a: Gholdengo|Gholdengo|100/100
|-item|p2a: Gholdengo|Air Balloon
|turn|30
|
|t:|1758921617
|-terastallize|p2a: Gholdengo|Steel
|move|p2a: Gholdengo|Make It Rain|p1a: Himalayan Salt
|-damage|p1a: Himalayan Salt|37/100
|-unboost|p2a: Gholdengo|spa|1
|move|p1a: Himalayan Salt|Salt Cure|p2a: Gholdengo
|-resisted|p2a: Gholdengo
|-damage|p2a: Gholdengo|91/100
|-start|p2a: Gholdengo|Salt Cure
|-enditem|p2a: Gholdengo|Air Balloon
|
|-heal|p1a: Himalayan Salt|43/100|[from] item: Leftovers
|-damage|p2a: Gholdengo|66/100|[from] Salt Cure
|upkeep
|turn|31
|
|t:|1758921630
|move|p2a: Gholdengo|Nasty Plot|p2a: Gholdengo
|-boost|p2a: Gholdengo|spa|2
|move|p1a: Himalayan Salt|Recover|p1a: Himalayan Salt
|-heal|p1a: Himalayan Salt|93/100
|
|-heal|p1a: Himalayan Salt|99/100|[from] item: Leftovers
|-damage|p2a: Gholdengo|41/100|[from] Salt Cure
|upkeep
|turn|32
|
|t:|1758921641
|move|p2a: Gholdengo|Make It Rain|p1a: Himalayan Salt
|-damage|p1a: Himalayan Salt|9/100
|-unboost|p2a: Gholdengo|spa|1
|move|p1a: Himalayan Salt|Recover|p1a: Himalayan Salt
|-heal|p1a: Himalayan Salt|59/100
|
|-heal|p1a: Himalayan Salt|66/100|[from] item: Leftovers
|-damage|p2a: Gholdengo|17/100|[from] Salt Cure
|upkeep
|turn|33
|
|t:|1758921655
|move|p1a: Himalayan Salt|Protect|p1a: Himalayan Salt
|-singleturn|p1a: Himalayan Salt|Protect
|move|p2a: Gholdengo|Make It Rain|p1a: Himalayan Salt
|-activate|p1a: Himalayan Salt|move: Protect
|
|-heal|p1a: Himalayan Salt|72/100|[from] item: Leftovers
|-damage|p2a: Gholdengo|0 fnt|[from] Salt Cure
|faint|p2a: Gholdengo
|upkeep
|
|t:|1758921666
|switch|p2a: Gliscor|Gliscor, M|47/100 tox
|turn|34
|
|t:|1758921669
|move|p2a: Gliscor|Spikes|p1a: Himalayan Salt
|-sidestart|p1: DomCat|Spikes
|move|p1a: Himalayan Salt|Salt Cure|p2a: Gliscor
|-damage|p2a: Gliscor|33/100 tox
|-start|p2a: Gliscor|Salt Cure
|
|-heal|p1a: Himalayan Salt|78/100|[from] item: Leftovers
|-heal|p2a: Gliscor|45/100 tox|[from] ability: Poison Heal
|-damage|p2a: Gliscor|33/100 tox|[from] Salt Cure
|upkeep
|turn|35
|
|t:|1758921678
|switch|p2a: Zamazenta|Zamazenta|100/100
|switch|p1a: Sparkuno|Zapdos|100/100
|
|upkeep
|turn|36
|
|t:|1758921685
|move|p2a: Zamazenta|Stone Edge|p1a: Sparkuno
|-supereffective|p1a: Sparkuno
|-damage|p1a: Sparkuno|8/100
|move|p1a: Sparkuno|Hurricane|p2a: Zamazenta
|-supereffective|p2a: Zamazenta
|-damage|p2a: Zamazenta|0 fnt
|faint|p2a: Zamazenta
|
|upkeep
|
|t:|1758921692
|switch|p2a: Scizor|Scizor, M|50/100
|turn|37
|
|t:|1758921710
|move|p2a: Scizor|Bullet Punch|p1a: Sparkuno
|-resisted|p1a: Sparkuno
|-damage|p1a: Sparkuno|0 fnt
|faint|p1a: Sparkuno
|
|upkeep
|
|t:|1758921718
|switch|p1a: Himalayan Salt|Garganacl, M, tera:Flying|78/100
|turn|38
|
|t:|1758921723
|move|p2a: Scizor|Bullet Punch|p1a: Himalayan Salt
|-damage|p1a: Himalayan Salt|37/100
|move|p1a: Himalayan Salt|Recover|p1a: Himalayan Salt
|-heal|p1a: Himalayan Salt|88/100
|
|-heal|p1a: Himalayan Salt|94/100|[from] item: Leftovers
|upkeep
|turn|39
|
|t:|1758921730
|move|p2a: Scizor|Bullet Punch|p1a: Himalayan Salt
|-damage|p1a: Himalayan Salt|49/100
|move|p1a: Himalayan Salt|Salt Cure|p2a: Scizor
|-crit|p2a: Scizor
|-damage|p2a: Scizor|22/100
|-start|p2a: Scizor|Salt Cure
|
|-heal|p1a: Himalayan Salt|55/100|[from] item: Leftovers
|-damage|p2a: Scizor|0 fnt|[from] Salt Cure
|faint|p2a: Scizor
|upkeep
|
|t:|1758921740
|switch|p2a: Ogerpon|Ogerpon-Wellspring, F|100/100
|turn|40
|
|t:|1758921743
|move|p2a: Ogerpon|Knock Off|p1a: Himalayan Salt
|-damage|p1a: Himalayan Salt|24/100
|-enditem|p1a: Himalayan Salt|Leftovers|[from] move: Knock Off|[of] p2a: Ogerpon
|move|p1a: Himalayan Salt|Salt Cure|p2a: Ogerpon
|-damage|p2a: Ogerpon|77/100
|-start|p2a: Ogerpon|Salt Cure
|
|-damage|p2a: Ogerpon|52/100|[from] Salt Cure
|upkeep
|turn|41
|
|t:|1758921758
|move|p1a: Himalayan Salt|Protect|p1a: Himalayan Salt
|-singleturn|p1a: Himalayan Salt|Protect
|move|p2a: Ogerpon|Ivy Cudgel|p1a: Himalayan Salt|[anim] Ivy Cudgel Water
|-activate|p1a: Himalayan Salt|move: Protect
|
|-damage|p2a: Ogerpon|27/100|[from] Salt Cure
|upkeep
|turn|42
|
|t:|1758921767
|switch|p1a: Boiling Dragon|Walking Wake|72/100
|-damage|p1a: Boiling Dragon|47/100|[from] Spikes
|move|p2a: Ogerpon|Ivy Cudgel|p1a: Boiling Dragon|[anim] Ivy Cudgel Water
|-resisted|p1a: Boiling Dragon
|-damage|p1a: Boiling Dragon|30/100
|
|-damage|p2a: Ogerpon|2/100|[from] Salt Cure
|upkeep
|turn|43
|
|t:|1758921777
|switch|p2a: Gliscor|Gliscor, M|33/100 tox
|move|p1a: Boiling Dragon|Flamethrower|p2a: Gliscor
|-damage|p2a: Gliscor|0 fnt
|faint|p2a: Gliscor
|
|upkeep
|c|☆ihave_0idea|ggwp
|-message|ihave_0idea forfeited.
|
|win|DomCat
|raw|DomCat's rating: 1402 &rarr; <strong>1418</strong><br />(+16 for winning)
|raw|ihave_0idea's rating: 1333 &rarr; <strong>1317</strong><br />(-16 for losing)
|l|☆ihave_0idea
|player|p2|
