|badge|p2|silver|gen9ou|30-6
|html|<div class="broadcast-red"><strong>This battle is required to be public due to one or more player having a season medal.</strong><br />During the public phase, you can discuss the state of the ladder <a href="/seasondiscussion">in a special chatroom.</a></div>
|uhtml|medal-msg|<div class="broadcast-blue">Curious what those medals under the avatar are? PS now has Ladder Seasons! For more information, check out the <a href="https://www.smogon.com/forums/threads/3740067/">thread on Smogon.</a></div>
|raw|<div class="broadcast-blue"><strong>This battle is required to be public due to a player having a name starting with 'medal'.</div>
|j|☆kazt 5
|j|☆WogerHater
|t:|1758946040
|gametype|singles
|player|p1|kazt 5|acetrainersnowf|1795
|player|p2|WogerHater|dawn-gen4pt|1955
|gen|9
|tier|[Gen 9] OU
|rated|
|rule|HP Percentage Mod: HP is shown in percentages
|rule|Endless Battle Clause: Forcing endless battles is banned
|rule|Species Clause: Limit one of each Pokémon
|rule|OHKO Clause: OHKO moves are banned
|rule|Evasion Items Clause: Evasion items are banned
|rule|Evasion Moves Clause: Evasion moves are banned
|rule|Evasion Abilities Clause: Evasion abilities are banned
|rule|Sleep Moves Clause: Sleep-inducing moves are banned
|clearpoke
|poke|p1|Hatterene, F|
|poke|p1|Iron Moth|
|poke|p1|Enamorus, F|
|poke|p1|Scizor, M|
|poke|p1|Dragonite, F|
|poke|p1|Sinistcha|
|poke|p2|Weezing-Galar, F|
|poke|p2|Ting-Lu|
|poke|p2|Corviknight, F|
|poke|p2|Skeledirge, M|
|poke|p2|Dragapult, M|
|poke|p2|Ogerpon-Wellspring, F|
|teampreview
|inactive|Battle timer is ON: inactive players will automatically lose when time's up. (requested by WogerHater)
|c|☆kazt 5|hf
|j| IM AT MY LIMIT
|c|☆WogerHater|hf
|
|t:|1758946053
|teamsize|p1|6
|teamsize|p2|6
|start
|switch|p1a: Iron Moth|Iron Moth|100/100
|switch|p2a: GAS.|Weezing-Galar, F|100/100
|-ability|p2a: GAS.|Neutralizing Gas
|turn|1
|
|t:|1758946057
|-end|p2a: GAS.|ability: Neutralizing Gas
|switch|p2a: Ting-Lu|Ting-Lu, shiny|100/100
|-ability|p2a: Ting-Lu|Vessel of Ruin
|move|p1a: Iron Moth|Toxic Spikes|p2a: Ting-Lu
|-sidestart|p2: WogerHater|move: Toxic Spikes
|
|upkeep
|turn|2
|j| amefurikoneko
|
|t:|1758946061
|-end|p1a: Iron Moth|Quark Drive|[silent]
|switch|p1a: Hatterene|Hatterene, F|100/100
|move|p2a: Ting-Lu|Heavy Slam|p1a: Hatterene
|-supereffective|p1a: Hatterene
|-damage|p1a: Hatterene|45/100
|
|upkeep
|turn|3
|
|t:|1758946064
|move|p1a: Hatterene|Pain Split|p2a: Ting-Lu
|-sethp|p2a: Ting-Lu|64/100|[from] move: Pain Split|[silent]
|-sethp|p1a: Hatterene|100/100|[from] move: Pain Split
|move|p2a: Ting-Lu|Heavy Slam|p1a: Hatterene
|-supereffective|p1a: Hatterene
|-damage|p1a: Hatterene|43/100
|
|-heal|p2a: Ting-Lu|70/100|[from] item: Leftovers
|upkeep
|turn|4
|
|t:|1758946068
|move|p1a: Hatterene|Pain Split|p2a: Ting-Lu
|-sethp|p2a: Ting-Lu|48/100|[from] move: Pain Split|[silent]
|-sethp|p1a: Hatterene|78/100|[from] move: Pain Split
|move|p2a: Ting-Lu|Heavy Slam|p1a: Hatterene
|-supereffective|p1a: Hatterene
|-damage|p1a: Hatterene|21/100
|
|-heal|p2a: Ting-Lu|55/100|[from] item: Leftovers
|upkeep
|turn|5
|
|t:|1758946071
|move|p1a: Hatterene|Pain Split|p2a: Ting-Lu
|-sethp|p2a: Ting-Lu|34/100|[from] move: Pain Split|[silent]
|-sethp|p1a: Hatterene|55/100|[from] move: Pain Split
|move|p2a: Ting-Lu|Heavy Slam|p1a: Hatterene
|-supereffective|p1a: Hatterene
|-damage|p1a: Hatterene|2/100
|
|-heal|p2a: Ting-Lu|40/100|[from] item: Leftovers
|upkeep
|turn|6
|
|t:|1758946076
|move|p1a: Hatterene|Draining Kiss|p2a: Ting-Lu
|-supereffective|p2a: Ting-Lu
|-damage|p2a: Ting-Lu|21/100
|-heal|p1a: Hatterene|25/100|[from] drain|[of] p2a: Ting-Lu
|move|p2a: Ting-Lu|Rest|p2a: Ting-Lu
|-status|p2a: Ting-Lu|slp|[from] move: Rest
|-heal|p2a: Ting-Lu|100/100 slp|[silent]
|
|upkeep
|turn|7
|j| 1989 tour
|
|t:|1758946081
|switch|p2a: GAS.|Weezing-Galar, F|100/100
|-ability|p2a: GAS.|Neutralizing Gas
|-sideend|p2: WogerHater|move: Toxic Spikes|[of] p2a: GAS.
|move|p1a: Hatterene|Pain Split|p2a: GAS.
|-sethp|p2a: GAS.|62/100|[from] move: Pain Split|[silent]
|-sethp|p1a: Hatterene|65/100|[from] move: Pain Split
|
|upkeep
|turn|8
|
|t:|1758946084
|move|p2a: GAS.|Sludge Bomb|p1a: Hatterene
|-supereffective|p1a: Hatterene
|-damage|p1a: Hatterene|12/100
|move|p1a: Hatterene|Psyshock|p2a: GAS.
|-supereffective|p2a: GAS.
|-damage|p2a: GAS.|17/100
|
|upkeep
|turn|9
|
|t:|1758946090
|switch|p1a: Scizor|Scizor, M|100/100
|move|p2a: GAS.|Sludge Bomb|p1a: Scizor
|-immune|p1a: Scizor
|
|upkeep
|turn|10
|
|t:|1758946094
|move|p1a: Scizor|Bullet Punch|p2a: GAS.
|-supereffective|p2a: GAS.
|-damage|p2a: GAS.|0 fnt
|faint|p2a: GAS.
|-end|p2a: GAS.|ability: Neutralizing Gas
|
|upkeep
|
|t:|1758946097
|switch|p2a: Ogerpon|Ogerpon-Wellspring, F|100/100
|turn|11
|
|t:|1758946100
|switch|p1a: Sinistcha|Sinistcha|100/100
|move|p2a: Ogerpon|Ivy Cudgel|p1a: Sinistcha|[anim] Ivy Cudgel Water
|-resisted|p1a: Sinistcha
|-damage|p1a: Sinistcha|79/100
|
|upkeep
|turn|12
|
|t:|1758946104
|move|p2a: Ogerpon|Spikes|p1a: Sinistcha
|-sidestart|p1: kazt 5|Spikes
|move|p1a: Sinistcha|Strength Sap|p2a: Ogerpon
|-unboost|p2a: Ogerpon|atk|1
|-heal|p1a: Sinistcha|100/100
|
|upkeep
|turn|13
|
|t:|1758946107
|switch|p2a: Dragapult|Dragapult, M|100/100
|move|p1a: Sinistcha|Curse|p2a: Dragapult
|-start|p2a: Dragapult|Curse|[of] p1a: Sinistcha
|-damage|p1a: Sinistcha|50/100
|
|-damage|p2a: Dragapult|76/100|[from] Curse
|upkeep
|turn|14
|
|t:|1758946113
|move|p2a: Dragapult|Shadow Ball|p1a: Sinistcha
|-supereffective|p1a: Sinistcha
|-damage|p1a: Sinistcha|0 fnt
|faint|p1a: Sinistcha
|
|-damage|p2a: Dragapult|51/100|[from] Curse
|upkeep
|j| ruined chapel
|
|t:|1758946121
|switch|p1a: Scizor|Scizor, M|100/100
|-damage|p1a: Scizor|88/100|[from] Spikes
|turn|15
|
|t:|1758946125
|switch|p2a: Corviknight|Corviknight, F|100/100
|-ability|p2a: Corviknight|Pressure
|move|p1a: Scizor|Knock Off|p2a: Corviknight
|-damage|p2a: Corviknight|61/100
|-damage|p1a: Scizor|72/100|[from] item: Rocky Helmet|[of] p2a: Corviknight
|-enditem|p2a: Corviknight|Rocky Helmet|[from] move: Knock Off|[of] p1a: Scizor
|
|upkeep
|turn|16
|
|t:|1758946131
|switch|p1a: Iron Moth|Iron Moth|100/100
|move|p2a: Corviknight|U-turn|p1a: Iron Moth
|-resisted|p1a: Iron Moth
|-damage|p1a: Iron Moth|95/100
|
|t:|1758946133
|switch|p2a: Dragapult|Dragapult, M|51/100|[from] U-turn
|
|upkeep
|turn|17
|
|t:|1758946138
|-end|p1a: Iron Moth|Quark Drive|[silent]
|switch|p1a: Hatterene|Hatterene, F|12/100
|-damage|p1a: Hatterene|0 fnt|[from] Spikes
|faint|p1a: Hatterene
|move|p2a: Dragapult|Shadow Ball|p1: Hatterene|[notarget]
|-fail|p2a: Dragapult
|
|upkeep
|l| ruined chapel
|
|t:|1758946141
|switch|p1a: Enamorus|Enamorus, F|100/100
|turn|18
|j| ruined chapel
|
|t:|1758946146
|switch|p2a: Skeledirge|Skeledirge, M|100/100
|move|p1a: Enamorus|Moonblast|p2a: Skeledirge
|-resisted|p2a: Skeledirge
|-damage|p2a: Skeledirge|79/100
|-unboost|p2a: Skeledirge|spa|1
|
|upkeep
|turn|19
|
|t:|1758946151
|switch|p1a: Dragonite|Dragonite, F|100/100
|move|p2a: Skeledirge|Torch Song|p1a: Dragonite
|-resisted|p1a: Dragonite
|-damage|p1a: Dragonite|96/100
|-boost|p2a: Skeledirge|spa|1
|
|upkeep
|turn|20
|
|t:|1758946154
|move|p1a: Dragonite|Earthquake|p2a: Skeledirge
|-supereffective|p2a: Skeledirge
|-damage|p2a: Skeledirge|10/100
|move|p2a: Skeledirge|Will-O-Wisp|p1a: Dragonite
|-status|p1a: Dragonite|brn
|
|-damage|p1a: Dragonite|90/100 brn|[from] brn
|upkeep
|turn|21
|
|t:|1758946157
|move|p1a: Dragonite|Earthquake|p2a: Skeledirge
|-supereffective|p2a: Skeledirge
|-damage|p2a: Skeledirge|0 fnt
|faint|p2a: Skeledirge
|
|-damage|p1a: Dragonite|84/100 brn|[from] brn
|upkeep
|
|t:|1758946160
|switch|p2a: Ting-Lu|Ting-Lu, shiny|100/100 slp
|-ability|p2a: Ting-Lu|Vessel of Ruin
|turn|22
|
|t:|1758946168
|switch|p1a: Scizor|Scizor, M|72/100
|-damage|p1a: Scizor|59/100|[from] Spikes
|cant|p2a: Ting-Lu|slp
|
|upkeep
|turn|23
|j| Shucklepilled
|
|t:|1758946172
|switch|p2a: Corviknight|Corviknight, F|61/100
|-ability|p2a: Corviknight|Pressure
|move|p1a: Scizor|U-turn|p2a: Corviknight
|-resisted|p2a: Corviknight
|-damage|p2a: Corviknight|52/100
|
|t:|1758946174
|switch|p1a: Iron Moth|Iron Moth|95/100|[from] U-turn
|
|upkeep
|turn|24
|
|t:|1758946179
|switch|p2a: Ting-Lu|Ting-Lu, shiny|100/100 slp
|-ability|p2a: Ting-Lu|Vessel of Ruin
|move|p1a: Iron Moth|Toxic Spikes|p2a: Ting-Lu
|-sidestart|p2: WogerHater|move: Toxic Spikes
|
|upkeep
|turn|25
|
|t:|1758946183
|-end|p1a: Iron Moth|Quark Drive|[silent]
|switch|p1a: Scizor|Scizor, M|59/100
|-damage|p1a: Scizor|47/100|[from] Spikes
|cant|p2a: Ting-Lu|slp
|
|upkeep
|turn|26
|
|t:|1758946186
|move|p1a: Scizor|Close Combat|p2a: Ting-Lu
|-supereffective|p2a: Ting-Lu
|-damage|p2a: Ting-Lu|31/100 slp
|-unboost|p1a: Scizor|def|1
|-unboost|p1a: Scizor|spd|1
|-curestatus|p2a: Ting-Lu|slp|[msg]
|move|p2a: Ting-Lu|Stealth Rock|p1a: Scizor
|-sidestart|p1: kazt 5|move: Stealth Rock
|
|-heal|p2a: Ting-Lu|37/100|[from] item: Leftovers
|upkeep
|turn|27
|
|t:|1758946193
|-terastallize|p2a: Ting-Lu|Fairy
|move|p1a: Scizor|Close Combat|p2a: Ting-Lu
|-resisted|p2a: Ting-Lu
|-damage|p2a: Ting-Lu|18/100
|-unboost|p1a: Scizor|def|1
|-unboost|p1a: Scizor|spd|1
|move|p2a: Ting-Lu|Rest|p2a: Ting-Lu
|-status|p2a: Ting-Lu|slp|[from] move: Rest
|-heal|p2a: Ting-Lu|100/100 slp|[silent]
|
|upkeep
|turn|28
|
|t:|1758946200
|switch|p1a: Dragonite|Dragonite, F|84/100 brn
|cant|p2a: Ting-Lu|slp
|
|-damage|p1a: Dragonite|78/100 brn|[from] brn
|upkeep
|turn|29
|
|t:|1758946203
|switch|p2a: Corviknight|Corviknight, F|52/100
|-ability|p2a: Corviknight|Pressure
|move|p1a: Dragonite|Roost|p1a: Dragonite
|-heal|p1a: Dragonite|100/100 brn
|-singleturn|p1a: Dragonite|move: Roost
|
|-damage|p1a: Dragonite|94/100 brn|[from] brn
|upkeep
|turn|30
|
|t:|1758946209
|move|p2a: Corviknight|U-turn|p1a: Dragonite
|-resisted|p1a: Dragonite
|-damage|p1a: Dragonite|87/100 brn
|
|t:|1758946211
|switch|p2a: Ting-Lu|Ting-Lu, shiny, tera:Fairy|100/100 slp|[from] U-turn
|-ability|p2a: Ting-Lu|Vessel of Ruin
|move|p1a: Dragonite|Dragon Tail|p2a: Ting-Lu
|-immune|p2a: Ting-Lu
|
|-damage|p1a: Dragonite|81/100 brn|[from] brn
|upkeep
|turn|31
|
|t:|1758946214
|switch|p1a: Scizor|Scizor, M|47/100
|-damage|p1a: Scizor|34/100|[from] Spikes
|-damage|p1a: Scizor|22/100|[from] Stealth Rock
|cant|p2a: Ting-Lu|slp
|
|upkeep
|turn|32
|
|t:|1758946222
|switch|p2a: Corviknight|Corviknight, F|52/100
|-ability|p2a: Corviknight|Pressure
|move|p1a: Scizor|U-turn|p2a: Corviknight
|-resisted|p2a: Corviknight
|-damage|p2a: Corviknight|42/100
|
|t:|1758946223
|switch|p1a: Iron Moth|Iron Moth|95/100|[from] U-turn
|
|upkeep
|turn|33
|
|t:|1758946229
|move|p1a: Iron Moth|Fiery Dance|p2a: Corviknight
|-supereffective|p2a: Corviknight
|-damage|p2a: Corviknight|0 fnt
|-boost|p1a: Iron Moth|spa|1
|faint|p2a: Corviknight
|
|upkeep
|
|t:|1758946230
|switch|p2a: Ting-Lu|Ting-Lu, shiny, tera:Fairy|100/100 slp
|-ability|p2a: Ting-Lu|Vessel of Ruin
|turn|34
|
|t:|1758946232
|move|p1a: Iron Moth|Sludge Wave|p2a: Ting-Lu
|-supereffective|p2a: Ting-Lu
|-damage|p2a: Ting-Lu|31/100 slp
|-curestatus|p2a: Ting-Lu|slp|[msg]
|move|p2a: Ting-Lu|Earthquake|p1a: Iron Moth
|-supereffective|p1a: Iron Moth
|-damage|p1a: Iron Moth|0 fnt
|faint|p1a: Iron Moth
|-end|p1a: Iron Moth|Quark Drive|[silent]
|
|-heal|p2a: Ting-Lu|37/100|[from] item: Leftovers
|upkeep
|
|t:|1758946243
|switch|p1a: Scizor|Scizor, M|22/100
|-damage|p1a: Scizor|9/100|[from] Spikes
|-damage|p1a: Scizor|0 fnt|[from] Stealth Rock
|faint|p1a: Scizor
|
|t:|1758946246
|switch|p1a: Enamorus|Enamorus, F|100/100
|-damage|p1a: Enamorus|76/100|[from] Stealth Rock
|turn|35
|
|t:|1758946265
|-terastallize|p1a: Enamorus|Fairy
|move|p1a: Enamorus|Moonblast|p2a: Ting-Lu
|-damage|p2a: Ting-Lu|7/100
|move|p2a: Ting-Lu|Heavy Slam|p1a: Enamorus
|-supereffective|p1a: Enamorus
|-damage|p1a: Enamorus|0 fnt
|faint|p1a: Enamorus
|
|-heal|p2a: Ting-Lu|13/100|[from] item: Leftovers
|upkeep
|
|t:|1758946267
|switch|p1a: Dragonite|Dragonite, F|81/100 brn
|turn|36
|
|t:|1758946272
|move|p1a: Dragonite|Roost|p1a: Dragonite
|-heal|p1a: Dragonite|100/100 brn
|-singleturn|p1a: Dragonite|move: Roost
|move|p2a: Ting-Lu|Heavy Slam|p1a: Dragonite
|-damage|p1a: Dragonite|90/100 brn
|
|-heal|p2a: Ting-Lu|19/100|[from] item: Leftovers
|-damage|p1a: Dragonite|84/100 brn|[from] brn
|upkeep
|turn|37
|
|t:|1758946275
|move|p1a: Dragonite|Earthquake|p2a: Ting-Lu
|-damage|p2a: Ting-Lu|9/100
|move|p2a: Ting-Lu|Heavy Slam|p1a: Dragonite
|-damage|p1a: Dragonite|64/100 brn
|
|-heal|p2a: Ting-Lu|15/100|[from] item: Leftovers
|-damage|p1a: Dragonite|58/100 brn|[from] brn
|upkeep
|turn|38
|c|☆kazt 5|gg
|-message|kazt 5 forfeited.
|
|win|WogerHater
|raw|kazt 5's rating: 1795 &rarr; <strong>1784</strong><br />(-11 for losing)
|raw|WogerHater's rating: 1955 &rarr; <strong>1966</strong><br />(+11 for winning)
|c|☆WogerHater|gg
|l|☆kazt 5
|player|p1|
|l|☆WogerHater
|player|p2|
|l| amefurikoneko
|l| 1989 tour
|j| amefurikoneko
|l| amefurikoneko
|l| Shucklepilled
