|j|☆sailormooo
|j|☆bittington
|t:|1758957634
|gametype|singles
|player|p1|sailormooo|whitney-gen2|1156
|player|p2|bittington|rocketgrunt|1158
|gen|9
|tier|[Gen 9] OU
|rated|
|rule|HP Percentage Mod: HP is shown in percentages
|rule|Endless Battle Clause: Forcing endless battles is banned
|rule|Species Clause: Limit one of each Pokémon
|rule|OHKO Clause: OHKO moves are banned
|rule|Evasion Items Clause: Evasion items are banned
|rule|Evasion Moves Clause: Evasion moves are banned
|rule|Evasion Abilities Clause: Evasion abilities are banned
|rule|Sleep Moves Clause: Sleep-inducing moves are banned
|clearpoke
|poke|p1|Toxtricity-Low-Key, F|
|poke|p1|Eelektross, F|
|poke|p1|Sandy Shocks|
|poke|p1|Pincurchin, F|
|poke|p1|Raichu-Alola, F|
|poke|p1|Iron Hands|
|poke|p2|Mimikyu, F|
|poke|p2|Weezing, M|
|poke|p2|Meowth, M|
|poke|p2|Yanmega, M|
|poke|p2|Arbok, F|
|poke|p2|Victreebel, F|
|teampreview
|inactive|Battle timer is ON: inactive players will automatically lose when time's up. (requested by sailormooo)
|
|t:|1758957638
|teamsize|p1|6
|teamsize|p2|6
|start
|switch|p1a: Pincurchin|Pincurchin, F, shiny|100/100
|switch|p2a: Mimikyu|Mimikyu, F|100/100
|-fieldstart|move: Electric Terrain|[from] ability: Electric Surge|[of] p1a: Pincurchin
|-enditem|p1a: Pincurchin|Electric Seed
|-boost|p1a: Pincurchin|def|1|[from] item: Electric Seed
|turn|1
|
|t:|1758957648
|move|p2a: Mimikyu|Swords Dance|p2a: Mimikyu
|-boost|p2a: Mimikyu|atk|2
|move|p1a: Pincurchin|Body Slam|p2a: Mimikyu
|-immune|p2a: Mimikyu
|
|upkeep
|turn|2
|
|t:|1758957655
|move|p2a: Mimikyu|Swords Dance|p2a: Mimikyu
|-boost|p2a: Mimikyu|atk|2
|move|p1a: Pincurchin|Poison Jab|p2a: Mimikyu
|-activate|p2a: Mimikyu|ability: Disguise
|-damage|p2a: Mimikyu|100/100
|-status|p2a: Mimikyu|psn
|detailschange|p2a: Mimikyu|Mimikyu-Busted, F
|-damage|p2a: Mimikyu|88/100 psn|[from] pokemon: Mimikyu-Busted
|
|-damage|p2a: Mimikyu|76/100 psn|[from] psn
|upkeep
|turn|3
|
|t:|1758957669
|move|p2a: Mimikyu|Swords Dance|p2a: Mimikyu
|-boost|p2a: Mimikyu|atk|2
|move|p1a: Pincurchin|Thunder Wave||[still]
|-fail|p1a: Pincurchin
|
|-damage|p2a: Mimikyu|63/100 psn|[from] psn
|upkeep
|turn|4
|
|t:|1758957684
|move|p2a: Mimikyu|Shadow Claw|p1a: Pincurchin
|-damage|p1a: Pincurchin|0 fnt
|faint|p1a: Pincurchin
|-damage|p2a: Mimikyu|53/100 psn|[from] item: Life Orb
|
|-damage|p2a: Mimikyu|41/100 psn|[from] psn
|upkeep
|
|t:|1758957688
|switch|p1a: Raichu|Raichu-Alola, F, shiny|100/100
|turn|5
|
|t:|1758957696
|move|p2a: Mimikyu|Shadow Sneak|p1a: Raichu
|-supereffective|p1a: Raichu
|-damage|p1a: Raichu|0 fnt
|faint|p1a: Raichu
|-damage|p2a: Mimikyu|31/100 psn|[from] item: Life Orb
|
|-damage|p2a: Mimikyu|19/100 psn|[from] psn
|-fieldend|move: Electric Terrain
|upkeep
|
|t:|1758957699
|switch|p1a: Iron Hands|Iron Hands|100/100
|turn|6
|
|t:|1758957706
|move|p2a: Mimikyu|Play Rough|p1a: Iron Hands
|-supereffective|p1a: Iron Hands
|-damage|p1a: Iron Hands|0 fnt
|faint|p1a: Iron Hands
|-end|p1a: Iron Hands|Quark Drive|[silent]
|-damage|p2a: Mimikyu|9/100 psn|[from] item: Life Orb
|
|-damage|p2a: Mimikyu|0 fnt|[from] psn
|faint|p2a: Mimikyu
|upkeep
|
|t:|1758957729
|switch|p2a: Yanmega|Yanmega, M|100/100
|switch|p1a: Eelektross|Eelektross, F, shiny|100/100
|turn|7
|
|t:|1758957738
|move|p2a: Yanmega|Ancient Power|p1a: Eelektross
|-damage|p1a: Eelektross|78/100
|move|p1a: Eelektross|Coil|p1a: Eelektross
|-boost|p1a: Eelektross|atk|1
|-boost|p1a: Eelektross|def|1
|-boost|p1a: Eelektross|accuracy|1
|
|-ability|p2a: Yanmega|Speed Boost|boost
|-boost|p2a: Yanmega|spe|1
|upkeep
|turn|8
|
|t:|1758957751
|move|p2a: Yanmega|Bug Buzz|p1a: Eelektross
|-crit|p1a: Eelektross
|-damage|p1a: Eelektross|0 fnt
|faint|p1a: Eelektross
|
|-ability|p2a: Yanmega|Speed Boost|boost
|-boost|p2a: Yanmega|spe|1
|upkeep
|
|t:|1758957754
|switch|p1a: Sandy Shocks|Sandy Shocks, shiny|100/100
|-enditem|p1a: Sandy Shocks|Booster Energy
|-activate|p1a: Sandy Shocks|ability: Protosynthesis|[fromitem]
|-start|p1a: Sandy Shocks|protosynthesisspa
|turn|9
|
|t:|1758957764
|move|p2a: Yanmega|Bug Buzz|p1a: Sandy Shocks
|-damage|p1a: Sandy Shocks|40/100
|move|p1a: Sandy Shocks|Power Gem|p2a: Yanmega
|-supereffective|p2a: Yanmega
|-enditem|p2a: Yanmega|Focus Sash
|-damage|p2a: Yanmega|1/100
|
|-ability|p2a: Yanmega|Speed Boost|boost
|-boost|p2a: Yanmega|spe|1
|upkeep
|turn|10
|
|t:|1758957781
|move|p2a: Yanmega|Bug Buzz|p1a: Sandy Shocks
|-damage|p1a: Sandy Shocks|0 fnt
|faint|p1a: Sandy Shocks
|-end|p1a: Sandy Shocks|Protosynthesis|[silent]
|
|-ability|p2a: Yanmega|Speed Boost|boost
|-boost|p2a: Yanmega|spe|1
|upkeep
|c|☆bittington|My other team is mono electric too
|inactive|sailormooo has 120 seconds left.
|c|☆bittington|felt like team rocket cosplaying today tho
|
|t:|1758957806
|switch|p1a: Toxtricity|Toxtricity-Low-Key, F, shiny|100/100
|turn|11
|
|t:|1758957815
|move|p2a: Yanmega|Bug Buzz|p1a: Toxtricity
|-resisted|p1a: Toxtricity
|-damage|p1a: Toxtricity|85/100
|move|p1a: Toxtricity|Psychic Noise|p2a: Yanmega
|-damage|p2a: Yanmega|0 fnt
|faint|p2a: Yanmega
|-enditem|p1a: Toxtricity|Throat Spray
|-boost|p1a: Toxtricity|spa|1|[from] item: Throat Spray
|
|upkeep
|
|t:|1758957827
|switch|p2a: Arbok|Arbok, F|100/100
|-ability|p2a: Arbok|Intimidate|boost
|-unboost|p1a: Toxtricity|atk|1
|turn|12
|
|t:|1758957839
|-terastallize|p1a: Toxtricity|Flying
|move|p2a: Arbok|Earthquake|p1a: Toxtricity
|-immune|p1a: Toxtricity
|move|p1a: Toxtricity|Psychic Noise|p2a: Arbok
|-supereffective|p2a: Arbok
|-damage|p2a: Arbok|0 fnt
|faint|p2a: Arbok
|
|upkeep
|
|t:|1758957850
|switch|p2a: Meowth|Meowth, M|100/100
|turn|13
|
|t:|1758957855
|move|p2a: Meowth|Fake Out|p1a: Toxtricity
|-damage|p1a: Toxtricity|63/100
|cant|p1a: Toxtricity|flinch
|
|upkeep
|turn|14
|
|t:|1758957861
|move|p2a: Meowth|Endeavor|p1a: Toxtricity
|-immune|p1a: Toxtricity
|move|p1a: Toxtricity|Boomburst|p2a: Meowth
|-enditem|p2a: Meowth|Focus Sash
|-damage|p2a: Meowth|1/100
|
|upkeep
|turn|15
|
|t:|1758957870
|move|p2a: Meowth|Endeavor|p1a: Toxtricity
|-damage|p1a: Toxtricity|1/100
|move|p1a: Toxtricity|Boomburst|p2a: Meowth
|-damage|p2a: Meowth|0 fnt
|faint|p2a: Meowth
|
|upkeep
|
|t:|1758957878
|switch|p2a: Victreebel|Victreebel, F|100/100
|turn|16
|
|t:|1758957881
|move|p2a: Victreebel|Sucker Punch|p1a: Toxtricity
|-damage|p1a: Toxtricity|0 fnt
|faint|p1a: Toxtricity
|
|win|bittington
|raw|sailormooo's rating: 1156 &rarr; <strong>1131</strong><br />(-25 for losing)
|raw|bittington's rating: 1158 &rarr; <strong>1183</strong><br />(+25 for winning)
|l|☆sailormooo
|player|p1|
|l|☆bittington
|player|p2|
