|j|‽amypoehker
|j|☆Js8m
|t:|1758947718
|gametype|singles
|player|p1|amypoehker|pokemaniac|1126
|player|p2|Js8m|steven|1131
|gen|9
|tier|[Gen 9] OU
|rated|
|rule|HP Percentage Mod: HP is shown in percentages
|rule|Endless Battle Clause: Forcing endless battles is banned
|rule|Species Clause: Limit one of each Pokémon
|rule|OHKO Clause: OHKO moves are banned
|rule|Evasion Items Clause: Evasion items are banned
|rule|Evasion Moves Clause: Evasion moves are banned
|rule|Evasion Abilities Clause: Evasion abilities are banned
|rule|Sleep Moves Clause: Sleep-inducing moves are banned
|clearpoke
|poke|p1|Samurott-Hisui, F|
|poke|p1|Tornadus-Therian, M|
|poke|p1|Pecharunt|
|poke|p1|Great Tusk|
|poke|p1|Clefable, M|
|poke|p1|Zamazenta-*|
|poke|p2|Ceruledge, M|
|poke|p2|Great Tusk|
|poke|p2|Iron Valiant|
|poke|p2|Dondozo, F|
|poke|p2|Zapdos|
|poke|p2|Salamence, F|
|teampreview
|inactive|Battle timer is ON: inactive players will automatically lose when time's up. (requested by amypoehker)
|inactive|Js8m has 120 seconds left.
|
|t:|1758947749
|teamsize|p1|6
|teamsize|p2|6
|start
|switch|p1a: Tornadus|Tornadus-Therian, M|100/100
|switch|p2a: Iron Valiant|Iron Valiant|100/100
|-enditem|p2a: Iron Valiant|Booster Energy
|-activate|p2a: Iron Valiant|ability: Quark Drive|[fromitem]
|-start|p2a: Iron Valiant|quarkdrivespe
|turn|1
|
|t:|1758947761
|switch|p1a: Clefable|Clefable, M|100/100
|-terastallize|p2a: Iron Valiant|Steel
|move|p2a: Iron Valiant|Ice Punch|p1a: Clefable
|-damage|p1a: Clefable|81/100
|
|-heal|p1a: Clefable|87/100|[from] item: Leftovers
|upkeep
|turn|2
|
|t:|1758947771
|move|p2a: Iron Valiant|Swords Dance|p2a: Iron Valiant
|-boost|p2a: Iron Valiant|atk|2
|move|p1a: Clefable|Flamethrower|p2a: Iron Valiant
|-supereffective|p2a: Iron Valiant
|-damage|p2a: Iron Valiant|29/100
|
|-heal|p1a: Clefable|93/100|[from] item: Leftovers
|upkeep
|turn|3
|
|t:|1758947800
|-end|p2a: Iron Valiant|Quark Drive|[silent]
|switch|p2a: Great Tusk|Great Tusk|100/100
|move|p1a: Clefable|Flamethrower|p2a: Great Tusk
|-damage|p2a: Great Tusk|68/100
|-status|p2a: Great Tusk|brn
|
|-heal|p2a: Great Tusk|75/100 brn|[from] item: Leftovers
|-heal|p1a: Clefable|99/100|[from] item: Leftovers
|-damage|p2a: Great Tusk|68/100 brn|[from] brn
|upkeep
|turn|4
|
|t:|1758947815
|move|p2a: Great Tusk|Earthquake|p1a: Clefable
|-damage|p1a: Clefable|77/100
|move|p1a: Clefable|Moonblast|p2a: Great Tusk
|-supereffective|p2a: Great Tusk
|-damage|p2a: Great Tusk|0 fnt
|faint|p2a: Great Tusk
|-end|p2a: Great Tusk|Protosynthesis|[silent]
|
|-heal|p1a: Clefable|83/100|[from] item: Leftovers
|upkeep
|
|t:|1758947824
|switch|p2a: Dondozo|Dondozo, F|100/100
|turn|5
|
|t:|1758947829
|move|p1a: Clefable|Calm Mind|p1a: Clefable
|-boost|p1a: Clefable|spa|1
|-boost|p1a: Clefable|spd|1
|move|p2a: Dondozo|Curse|p2a: Dondozo
|-unboost|p2a: Dondozo|spe|1
|-boost|p2a: Dondozo|atk|1
|-boost|p2a: Dondozo|def|1
|
|-heal|p1a: Clefable|89/100|[from] item: Leftovers
|upkeep
|turn|6
|
|t:|1758947837
|move|p1a: Clefable|Moonblast|p2a: Dondozo
|-damage|p2a: Dondozo|72/100
|move|p2a: Dondozo|Heavy Slam|p1a: Clefable
|-supereffective|p1a: Clefable
|-damage|p1a: Clefable|19/100
|
|-heal|p1a: Clefable|25/100|[from] item: Leftovers
|upkeep
|turn|7
|
|t:|1758947846
|switch|p1a: Pecharunt|Pecharunt|100/100
|move|p2a: Dondozo|Curse|p2a: Dondozo
|-unboost|p2a: Dondozo|spe|1
|-boost|p2a: Dondozo|atk|1
|-boost|p2a: Dondozo|def|1
|
|upkeep
|turn|8
|
|t:|1758947857
|move|p1a: Pecharunt|Malignant Chain|p2a: Dondozo
|-damage|p2a: Dondozo|44/100
|-status|p2a: Dondozo|tox
|-start|p2a: Dondozo|confusion|[from] ability: Poison Puppeteer|[of] p1a: Pecharunt
|-activate|p2a: Dondozo|confusion
|move|p2a: Dondozo|Hydro Pump|p1a: Pecharunt
|-damage|p1a: Pecharunt|75/100
|
|-damage|p2a: Dondozo|38/100 tox|[from] psn
|upkeep
|turn|9
|
|t:|1758947867
|move|p1a: Pecharunt|Foul Play|p2a: Dondozo
|-damage|p2a: Dondozo|33/100 tox
|-activate|p2a: Dondozo|confusion
|move|p2a: Dondozo|Rest|p2a: Dondozo
|-status|p2a: Dondozo|slp|[from] move: Rest
|-heal|p2a: Dondozo|100/100 slp|[silent]
|-enditem|p2a: Dondozo|Chesto Berry|[eat]
|-curestatus|p2a: Dondozo|slp|[msg]
|
|upkeep
|turn|10
|
|t:|1758947882
|move|p1a: Pecharunt|Malignant Chain|p2a: Dondozo
|-damage|p2a: Dondozo|68/100
|-status|p2a: Dondozo|tox
|-activate|p2a: Dondozo|confusion
|move|p2a: Dondozo|Heavy Slam|p1a: Pecharunt
|-damage|p1a: Pecharunt|49/100
|
|-damage|p2a: Dondozo|62/100 tox|[from] psn
|upkeep
|turn|11
|
|t:|1758947903
|switch|p1a: Tornadus|Tornadus-Therian, M|100/100
|-activate|p2a: Dondozo|confusion
|move|p2a: Dondozo|Rest|p2a: Dondozo
|-status|p2a: Dondozo|slp|[from] move: Rest
|-heal|p2a: Dondozo|100/100 slp|[silent]
|
|upkeep
|turn|12
|
|t:|1758947925
|switch|p2a: Salamence|Salamence, F|100/100
|-ability|p2a: Salamence|Intimidate|boost
|-unboost|p1a: Tornadus|atk|1
|move|p1a: Tornadus|Grass Knot|p2a: Salamence
|-resisted|p2a: Salamence
|-damage|p2a: Salamence|88/100
|-damage|p1a: Tornadus|91/100|[from] item: Life Orb
|
|upkeep
|turn|13
|
|t:|1758947938
|switch|p1a: Clefable|Clefable, M|25/100
|move|p2a: Salamence|Dragon Dance|p2a: Salamence
|-boost|p2a: Salamence|atk|1
|-boost|p2a: Salamence|spe|1
|
|-heal|p1a: Clefable|31/100|[from] item: Leftovers
|upkeep
|turn|14
|
|t:|1758947947
|move|p2a: Salamence|Air Slash|p1a: Clefable
|-damage|p1a: Clefable|0 fnt
|faint|p1a: Clefable
|-damage|p2a: Salamence|78/100|[from] item: Life Orb
|
|upkeep
|
|t:|1758947957
|switch|p1a: Pecharunt|Pecharunt|49/100
|turn|15
|
|t:|1758947967
|move|p2a: Salamence|Draco Meteor|p1a: Pecharunt
|-damage|p1a: Pecharunt|0 fnt
|-unboost|p2a: Salamence|spa|2
|faint|p1a: Pecharunt
|-damage|p2a: Salamence|68/100|[from] item: Life Orb
|
|upkeep
|
|t:|1758947975
|switch|p1a: Samurott|Samurott-Hisui, F|100/100
|turn|16
|
|t:|1758947983
|move|p2a: Salamence|Roost|p2a: Salamence
|-heal|p2a: Salamence|100/100
|-singleturn|p2a: Salamence|move: Roost
|move|p1a: Samurott|Ceaseless Edge|p2a: Salamence
|-damage|p2a: Salamence|52/100
|-sidestart|p2: Js8m|Spikes
|
|upkeep
|turn|17
|
|t:|1758947999
|move|p2a: Salamence|Air Slash|p1a: Samurott
|-damage|p1a: Samurott|84/100
|-damage|p2a: Salamence|42/100|[from] item: Life Orb
|cant|p1a: Samurott|flinch
|
|upkeep
|turn|18
|
|t:|1758948005
|move|p2a: Salamence|Draco Meteor|p1a: Samurott
|-damage|p1a: Samurott|51/100
|-unboost|p2a: Salamence|spa|2
|-damage|p2a: Salamence|32/100|[from] item: Life Orb
|move|p1a: Samurott|Ceaseless Edge|p2a: Salamence
|-damage|p2a: Salamence|0 fnt
|-sidestart|p2: Js8m|Spikes
|faint|p2a: Salamence
|
|upkeep
|
|t:|1758948021
|switch|p2a: Iron Valiant|Iron Valiant, tera:Steel|29/100
|-damage|p2a: Iron Valiant|12/100|[from] Spikes
|turn|19
|
|t:|1758948025
|move|p1a: Samurott|Sucker Punch|p2a: Iron Valiant
|-damage|p2a: Iron Valiant|0 fnt
|faint|p2a: Iron Valiant
|-end|p2a: Iron Valiant|Quark Drive|[silent]
|
|upkeep
|
|t:|1758948035
|switch|p2a: Zapdos|Zapdos|100/100
|turn|20
|
|t:|1758948042
|switch|p1a: Great Tusk|Great Tusk|100/100
|move|p2a: Zapdos|U-turn|p1a: Great Tusk
|-resisted|p1a: Great Tusk
|-damage|p1a: Great Tusk|94/100
|-damage|p2a: Zapdos|91/100|[from] item: Life Orb
|
|t:|1758948049
|switch|p2a: Dondozo|Dondozo, F|100/100 slp|[from] U-turn
|-damage|p2a: Dondozo|84/100 slp|[from] Spikes
|
|upkeep
|turn|21
|
|t:|1758948057
|-end|p1a: Great Tusk|Protosynthesis|[silent]
|switch|p1a: Tornadus|Tornadus-Therian, M|100/100
|cant|p2a: Dondozo|slp
|
|upkeep
|turn|22
|
|t:|1758948069
|switch|p2a: Zapdos|Zapdos|91/100
|move|p1a: Tornadus|Nasty Plot|p1a: Tornadus
|-boost|p1a: Tornadus|spa|2
|
|upkeep
|turn|23
|
|t:|1758948075
|move|p1a: Tornadus|Heat Wave|p2a: Zapdos|[miss]
|-miss|p1a: Tornadus|p2a: Zapdos
|move|p2a: Zapdos|Thunderbolt|p1a: Tornadus
|-supereffective|p1a: Tornadus
|-crit|p1a: Tornadus
|-damage|p1a: Tornadus|0 fnt
|faint|p1a: Tornadus
|-damage|p2a: Zapdos|81/100|[from] item: Life Orb
|
|upkeep
|
|t:|1758948083
|switch|p1a: Zamazenta|Zamazenta|100/100
|-ability|p1a: Zamazenta|Dauntless Shield|boost
|-boost|p1a: Zamazenta|def|1
|turn|24
|
|t:|1758948099
|move|p1a: Zamazenta|Stone Edge|p2a: Zapdos|[miss]
|-miss|p1a: Zamazenta|p2a: Zapdos
|move|p2a: Zapdos|Thunderbolt|p1a: Zamazenta
|-damage|p1a: Zamazenta|64/100
|-damage|p2a: Zapdos|71/100|[from] item: Life Orb
|
|upkeep
|turn|25
|
|t:|1758948109
|move|p1a: Zamazenta|Stone Edge|p2a: Zapdos|[miss]
|-miss|p1a: Zamazenta|p2a: Zapdos
|move|p2a: Zapdos|Roost|p2a: Zapdos
|-heal|p2a: Zapdos|100/100
|-singleturn|p2a: Zapdos|move: Roost
|
|upkeep
|turn|26
|
|t:|1758948118
|move|p1a: Zamazenta|Stone Edge|p2a: Zapdos|[miss]
|-miss|p1a: Zamazenta|p2a: Zapdos
|move|p2a: Zapdos|Thunderbolt|p1a: Zamazenta
|-damage|p1a: Zamazenta|26/100
|-damage|p2a: Zapdos|91/100|[from] item: Life Orb
|
|upkeep
|turn|27
|
|t:|1758948126
|move|p1a: Zamazenta|Stone Edge|p2a: Zapdos
|-supereffective|p2a: Zapdos
|-damage|p2a: Zapdos|10/100
|move|p2a: Zapdos|Thunderbolt|p1a: Zamazenta
|-damage|p1a: Zamazenta|0 fnt
|faint|p1a: Zamazenta
|-damage|p2a: Zapdos|0 fnt|[from] item: Life Orb
|faint|p2a: Zapdos
|
|upkeep
|
|t:|1758948141
|switch|p1a: Samurott|Samurott-Hisui, F|51/100
|switch|p2a: Dondozo|Dondozo, F|84/100 slp
|-damage|p2a: Dondozo|67/100 slp|[from] Spikes
|turn|28
|
|t:|1758948152
|move|p1a: Samurott|Ceaseless Edge|p2a: Dondozo
|-damage|p2a: Dondozo|48/100 slp
|-sidestart|p2: Js8m|Spikes
|cant|p2a: Dondozo|slp
|
|upkeep
|turn|29
|
|t:|1758948157
|move|p1a: Samurott|Ceaseless Edge|p2a: Dondozo
|-damage|p2a: Dondozo|30/100 slp
|-curestatus|p2a: Dondozo|slp|[msg]
|move|p2a: Dondozo|Rest|p2a: Dondozo
|-status|p2a: Dondozo|slp|[from] move: Rest
|-heal|p2a: Dondozo|100/100 slp|[silent]
|
|upkeep
|turn|30
|
|t:|1758948169
|move|p1a: Samurott|Ceaseless Edge|p2a: Dondozo|[miss]
|-miss|p1a: Samurott|p2a: Dondozo
|cant|p2a: Dondozo|slp
|
|upkeep
|turn|31
|-message|amypoehker forfeited.
|
|win|Js8m
|raw|amypoehker's rating: 1126 &rarr; <strong>1101</strong><br />(-25 for losing)
|raw|Js8m's rating: 1131 &rarr; <strong>1156</strong><br />(+25 for winning)
|l|‽amypoehker
|player|p1|
