|j|☆DanzuoBear
|j|☆Vangnex
|t:|1758982626
|gametype|singles
|player|p1|DanzuoBear|cynthia|1113
|player|p2|Vangnex|lady|1145
|gen|9
|tier|[Gen 9] OU
|rated|
|rule|HP Percentage Mod: HP is shown in percentages
|rule|Endless Battle Clause: Forcing endless battles is banned
|rule|Species Clause: Limit one of each Pokémon
|rule|OHKO Clause: OHKO moves are banned
|rule|Evasion Items Clause: Evasion items are banned
|rule|Evasion Moves Clause: Evasion moves are banned
|rule|Evasion Abilities Clause: Evasion abilities are banned
|rule|Sleep Moves Clause: Sleep-inducing moves are banned
|clearpoke
|poke|p1|Garchomp, F|
|poke|p1|Enamorus, F|
|poke|p1|Ogerpon-Wellspring, F|
|poke|p1|Clefable, M|
|poke|p1|Deoxys-Speed|
|poke|p1|Quaquaval, M|
|poke|p2|Glimmora, M|
|poke|p2|Cinderace, F|
|poke|p2|Ursaluna, F|
|poke|p2|Jolteon, M|
|poke|p2|Zangoose, F|
|poke|p2|Conkeldurr, M|
|teampreview
|
|t:|1758982632
|teamsize|p1|6
|teamsize|p2|6
|start
|switch|p1a: Quaquaval|Quaquaval, M|100/100
|switch|p2a: Glimmora|Glimmora, M|100/100
|turn|1
|
|t:|1758982638
|move|p1a: Quaquaval|Aqua Step|p2a: Glimmora
|-supereffective|p2a: Glimmora
|-damage|p2a: Glimmora|6/100
|-boost|p1a: Quaquaval|spe|1
|-activate|p2a: Glimmora|ability: Toxic Debris
|-sidestart|p1: DanzuoBear|move: Toxic Spikes
|move|p2a: Glimmora|Energy Ball|p1a: Quaquaval
|-supereffective|p1a: Quaquaval
|-damage|p1a: Quaquaval|37/100
|
|upkeep
|turn|2
|
|t:|1758982654
|move|p1a: Quaquaval|Aqua Step|p2a: Glimmora
|-supereffective|p2a: Glimmora
|-damage|p2a: Glimmora|0 fnt
|-boost|p1a: Quaquaval|spe|1
|-activate|p2a: Glimmora|ability: Toxic Debris
|-sidestart|p1: DanzuoBear|move: Toxic Spikes
|faint|p2a: Glimmora
|-ability|p1a: Quaquaval|Moxie|boost
|-boost|p1a: Quaquaval|atk|1
|
|upkeep
|
|t:|1758982662
|switch|p2a: Conkeldurr|Conkeldurr, M|100/100
|turn|3
|
|t:|1758982669
|move|p2a: Conkeldurr|Mach Punch|p1a: Quaquaval
|-damage|p1a: Quaquaval|3/100
|move|p1a: Quaquaval|Aqua Step|p2a: Conkeldurr
|-damage|p2a: Conkeldurr|49/100
|-boost|p1a: Quaquaval|spe|1
|
|upkeep
|turn|4
|
|t:|1758982683
|move|p2a: Conkeldurr|Mach Punch|p1a: Quaquaval
|-damage|p1a: Quaquaval|0 fnt
|faint|p1a: Quaquaval
|
|upkeep
|
|t:|1758982696
|switch|p1a: Enamorus|Enamorus, F|100/100
|turn|5
|
|t:|1758982708
|switch|p2a: Cinderace|Cinderace, F|100/100
|move|p1a: Enamorus|Alluring Voice|p2a: Cinderace
|-resisted|p2a: Cinderace
|-damage|p2a: Cinderace|72/100
|
|upkeep
|turn|6
|
|t:|1758982711
|move|p2a: Cinderace|Court Change|p2a: Cinderace
|-start|p2a: Cinderace|typechange|Normal|[from] ability: Libero
|-swapsideconditions
|-activate|p2a: Cinderace|move: Court Change
|move|p1a: Enamorus|Tailwind|p1a: Enamorus
|-sidestart|p1: DanzuoBear|move: Tailwind
|
|upkeep
|turn|7
|
|t:|1758982726
|move|p1a: Enamorus|Focus Blast|p2a: Cinderace
|-supereffective|p2a: Cinderace
|-damage|p2a: Cinderace|0 fnt
|faint|p2a: Cinderace
|
|upkeep
|
|t:|1758982734
|switch|p2a: Conkeldurr|Conkeldurr, M|49/100
|-status|p2a: Conkeldurr|tox
|turn|8
|
|t:|1758982741
|move|p2a: Conkeldurr|Protect|p2a: Conkeldurr
|-singleturn|p2a: Conkeldurr|Protect
|move|p1a: Enamorus|Alluring Voice|p2a: Conkeldurr
|-activate|p2a: Conkeldurr|move: Protect
|
|-damage|p2a: Conkeldurr|43/100 tox|[from] psn
|upkeep
|turn|9
|
|t:|1758982750
|move|p1a: Enamorus|Alluring Voice|p2a: Conkeldurr
|-supereffective|p2a: Conkeldurr
|-damage|p2a: Conkeldurr|0 fnt
|faint|p2a: Conkeldurr
|
|-sideend|p1: DanzuoBear|move: Tailwind
|upkeep
|
|t:|1758982753
|switch|p2a: Jolteon|Jolteon, M|100/100
|-status|p2a: Jolteon|tox
|turn|10
|
|t:|1758982757
|switch|p1a: Ubi Bear|Garchomp, F|100/100
|-terastallize|p2a: Jolteon|Ice
|move|p2a: Jolteon|Tera Blast|p1a: Ubi Bear|[anim] Tera Blast Ice
|-supereffective|p1a: Ubi Bear
|-damage|p1a: Ubi Bear|0 fnt
|faint|p1a: Ubi Bear
|
|-damage|p2a: Jolteon|94/100 tox|[from] psn
|upkeep
|
|t:|1758982764
|switch|p1a: Ogerpon|Ogerpon-Wellspring, F|100/100
|turn|11
|
|t:|1758982773
|switch|p2a: Ursaluna|Ursaluna, F|100/100
|-status|p2a: Ursaluna|tox
|switch|p1a: Enamorus|Enamorus, F|100/100
|
|-damage|p2a: Ursaluna|94/100 tox|[from] psn
|upkeep
|turn|12
|
|t:|1758982781
|move|p1a: Enamorus|Focus Blast|p2a: Ursaluna
|-supereffective|p2a: Ursaluna
|-damage|p2a: Ursaluna|46/100 tox
|move|p2a: Ursaluna|Facade|p1a: Enamorus
|-enditem|p1a: Enamorus|Focus Sash
|-damage|p1a: Enamorus|1/100
|
|-damage|p2a: Ursaluna|33/100 tox|[from] psn
|upkeep
|turn|13
|
|t:|1758982792
|move|p1a: Enamorus|Tailwind|p1a: Enamorus
|-sidestart|p1: DanzuoBear|move: Tailwind
|move|p2a: Ursaluna|Facade|p1a: Enamorus
|-damage|p1a: Enamorus|0 fnt
|faint|p1a: Enamorus
|
|-damage|p2a: Ursaluna|15/100 tox|[from] psn
|upkeep
|
|t:|1758982796
|switch|p1a: Ogerpon|Ogerpon-Wellspring, F|100/100
|turn|14
|
|t:|1758982809
|move|p1a: Ogerpon|Spikes|p2a: Ursaluna
|-sidestart|p2: Vangnex|Spikes
|move|p2a: Ursaluna|Facade|p1a: Ogerpon
|-damage|p1a: Ogerpon|0 fnt
|faint|p1a: Ogerpon
|
|-damage|p2a: Ursaluna|0 fnt|[from] psn
|faint|p2a: Ursaluna
|upkeep
|
|t:|1758982820
|switch|p1a: Deoxys|Deoxys-Speed|100/100
|switch|p2a: Zangoose|Zangoose, F|100/100
|-ability|p1a: Deoxys|Pressure
|-status|p2a: Zangoose|tox
|-damage|p2a: Zangoose|88/100 tox|[from] Spikes
|turn|15
|
|t:|1758982824
|move|p1a: Deoxys|Knock Off|p2a: Zangoose
|-damage|p2a: Zangoose|38/100 tox
|-enditem|p2a: Zangoose|Choice Scarf|[from] move: Knock Off|[of] p1a: Deoxys
|move|p2a: Zangoose|Knock Off|p1a: Deoxys
|-supereffective|p1a: Deoxys
|-damage|p1a: Deoxys|0 fnt
|-enditem|p1a: Deoxys|Heavy-Duty Boots|[from] move: Knock Off|[of] p2a: Zangoose
|faint|p1a: Deoxys
|
|-damage|p2a: Zangoose|32/100 tox|[from] psn
|upkeep
|
|t:|1758982826
|switch|p1a: Clefable|Clefable, M|100/100
|turn|16
|
|t:|1758982829
|move|p1a: Clefable|Moonblast|p2a: Zangoose
|-damage|p2a: Zangoose|0 fnt
|faint|p2a: Zangoose
|
|-sideend|p1: DanzuoBear|move: Tailwind
|upkeep
|
|t:|1758982831
|switch|p2a: Jolteon|Jolteon, M, tera:Ice|94/100 tox
|-damage|p2a: Jolteon|82/100 tox|[from] Spikes
|turn|17
|
|t:|1758982836
|move|p2a: Jolteon|Thunderbolt|p1a: Clefable
|-damage|p1a: Clefable|38/100
|move|p1a: Clefable|Moonlight|p1a: Clefable
|-heal|p1a: Clefable|88/100
|
|-heal|p1a: Clefable|94/100|[from] item: Leftovers
|-damage|p2a: Jolteon|76/100 tox|[from] psn
|upkeep
|turn|18
|
|t:|1758982844
|move|p2a: Jolteon|Thunderbolt|p1a: Clefable
|-damage|p1a: Clefable|30/100
|move|p1a: Clefable|Moonlight|p1a: Clefable
|-heal|p1a: Clefable|80/100
|
|-heal|p1a: Clefable|86/100|[from] item: Leftovers
|-damage|p2a: Jolteon|64/100 tox|[from] psn
|upkeep
|turn|19
|
|t:|1758982848
|move|p2a: Jolteon|Thunderbolt|p1a: Clefable
|-damage|p1a: Clefable|26/100
|move|p1a: Clefable|Moonlight|p1a: Clefable
|-heal|p1a: Clefable|76/100
|
|-heal|p1a: Clefable|82/100|[from] item: Leftovers
|-damage|p2a: Jolteon|45/100 tox|[from] psn
|upkeep
|turn|20
|
|t:|1758982851
|move|p2a: Jolteon|Thunderbolt|p1a: Clefable
|-crit|p1a: Clefable
|-damage|p1a: Clefable|0 fnt
|faint|p1a: Clefable
|
|win|Vangnex
|raw|DanzuoBear's rating: 1113 &rarr; <strong>1090</strong><br />(-23 for losing)
|raw|Vangnex's rating: 1145 &rarr; <strong>1168</strong><br />(+23 for winning)
|l|☆Vangnex
|player|p2|
|l|☆DanzuoBear
|player|p1|
