|j|☆grayscaless
|j|☆burningpain
|t:|1759034592
|gametype|singles
|player|p1|grayscaless|palmer|1204
|player|p2|burningpain|red|1206
|gen|9
|tier|[Gen 9] OU
|rated|
|rule|HP Percentage Mod: HP is shown in percentages
|rule|Endless Battle Clause: Forcing endless battles is banned
|rule|Species Clause: Limit one of each Pokémon
|rule|OHKO Clause: OHKO moves are banned
|rule|Evasion Items Clause: Evasion items are banned
|rule|Evasion Moves Clause: Evasion moves are banned
|rule|Evasion Abilities Clause: Evasion abilities are banned
|rule|Sleep Moves Clause: Sleep-inducing moves are banned
|clearpoke
|poke|p1|Dragonite, F|
|poke|p1|Gholdengo|
|poke|p1|Clefable, M|
|poke|p1|Ting-Lu|
|poke|p1|Ogerpon, F|
|poke|p1|Gliscor, M|
|poke|p2|Wo-Chien|
|poke|p2|Iron Treads|
|poke|p2|Weezing-Galar, F|
|poke|p2|Blissey, F|
|poke|p2|Alomomola, M|
|poke|p2|Talonflame, M|
|teampreview
|
|t:|1759034618
|teamsize|p1|6
|teamsize|p2|6
|start
|switch|p1a: Ting-Lu|Ting-Lu|100/100
|switch|p2a: Alomomola|Alomomola, M|100/100
|-ability|p1a: Ting-Lu|Vessel of Ruin
|turn|1
|inactive|Battle timer is ON: inactive players will automatically lose when time's up. (requested by grayscaless)
|
|t:|1759034633
|switch|p1a: Clefable|Clefable, M|100/100
|move|p2a: Alomomola|Flip Turn|p1a: Clefable
|-damage|p1a: Clefable|88/100
|-damage|p2a: Alomomola|84/100|[from] item: Rocky Helmet|[of] p1a: Clefable
|
|t:|1759034647
|switch|p2a: Weezing|Weezing-Galar, F|100/100|[from] Flip Turn
|-ability|p2a: Weezing|Neutralizing Gas
|
|upkeep
|turn|2
|
|t:|1759034655
|move|p2a: Weezing|Will-O-Wisp|p1a: Clefable
|-status|p1a: Clefable|brn
|move|p1a: Clefable|Stealth Rock|p2a: Weezing
|-sidestart|p2: burningpain|move: Stealth Rock
|
|-damage|p1a: Clefable|81/100 brn|[from] brn
|upkeep
|turn|3
|
|t:|1759034671
|switch|p1a: Ting-Lu|Ting-Lu|100/100
|move|p2a: Weezing|Defog|p1a: Ting-Lu
|-unboost|p1a: Ting-Lu|evasion|1
|-sideend|p2: burningpain|Stealth Rock|[from] move: Defog|[of] p2a: Weezing
|
|upkeep
|turn|4
|
|t:|1759034680
|-end|p2a: Weezing|ability: Neutralizing Gas
|-ability|p1a: Ting-Lu|Vessel of Ruin
|switch|p2a: Talonflame|Talonflame, M|100/100
|move|p1a: Ting-Lu|Spikes|p2a: Talonflame
|-sidestart|p2: burningpain|Spikes
|
|upkeep
|turn|5
|
|t:|1759034689
|move|p2a: Talonflame|Will-O-Wisp|p1a: Ting-Lu
|-status|p1a: Ting-Lu|brn
|move|p1a: Ting-Lu|Spikes|p2a: Talonflame
|-sidestart|p2: burningpain|Spikes
|
|-damage|p1a: Ting-Lu|94/100 brn|[from] brn
|upkeep
|turn|6
|
|t:|1759034698
|move|p2a: Talonflame|Defog|p1a: Ting-Lu
|-unboost|p1a: Ting-Lu|evasion|1
|-sideend|p2: burningpain|Spikes|[from] move: Defog|[of] p2a: Talonflame
|move|p1a: Ting-Lu|Spikes|p2a: Talonflame
|-sidestart|p2: burningpain|Spikes
|
|-heal|p1a: Ting-Lu|100/100 brn|[from] item: Leftovers
|-damage|p1a: Ting-Lu|94/100 brn|[from] brn
|upkeep
|turn|7
|
|t:|1759034710
|switch|p1a: Clefable|Clefable, M|81/100 brn
|move|p2a: Talonflame|Flamethrower|p1a: Clefable
|-damage|p1a: Clefable|58/100 brn
|
|upkeep
|turn|8
|c|☆grayscaless|How many defog do you have lmao
|
|t:|1759034729
|switch|p2a: Iron Treads|Iron Treads|100/100
|-damage|p2a: Iron Treads|88/100|[from] Spikes
|move|p1a: Clefable|Knock Off|p2a: Iron Treads
|-damage|p2a: Iron Treads|82/100
|-enditem|p2a: Iron Treads|Leftovers|[from] move: Knock Off|[of] p1a: Clefable
|
|upkeep
|turn|9
|
|t:|1759034739
|switch|p1a: Gholdengo|Gholdengo|100/100
|move|p2a: Iron Treads|Knock Off|p1a: Gholdengo
|-supereffective|p1a: Gholdengo
|-damage|p1a: Gholdengo|55/100
|-enditem|p1a: Gholdengo|Heavy-Duty Boots|[from] move: Knock Off|[of] p2a: Iron Treads
|
|upkeep
|turn|10
|
|t:|1759034749
|move|p2a: Iron Treads|Earthquake|p1a: Gholdengo
|-supereffective|p1a: Gholdengo
|-damage|p1a: Gholdengo|0 fnt
|faint|p1a: Gholdengo
|
|upkeep
|
|t:|1759034755
|switch|p1a: Gliscor|Gliscor, M|100/100
|turn|11
|
|t:|1759034760
|move|p2a: Iron Treads|Knock Off|p1a: Gliscor
|-damage|p1a: Gliscor|80/100
|-enditem|p1a: Gliscor|Toxic Orb|[from] move: Knock Off|[of] p2a: Iron Treads
|move|p1a: Gliscor|Earthquake|p2a: Iron Treads
|-supereffective|p2a: Iron Treads
|-damage|p2a: Iron Treads|34/100
|
|upkeep
|turn|12
|
|t:|1759034775
|-end|p2a: Iron Treads|Quark Drive|[silent]
|switch|p2a: Talonflame|Talonflame, M|100/100
|move|p1a: Gliscor|Earthquake|p2a: Talonflame
|-immune|p2a: Talonflame
|
|upkeep
|turn|13
|
|t:|1759034789
|move|p2a: Talonflame|Defog|p1a: Gliscor
|-unboost|p1a: Gliscor|evasion|1
|-sideend|p2: burningpain|Spikes|[from] move: Defog|[of] p2a: Talonflame
|move|p1a: Gliscor|U-turn|p2a: Talonflame
|-resisted|p2a: Talonflame
|-damage|p2a: Talonflame|97/100
|
|t:|1759034797
|switch|p1a: Dragonite|Dragonite, F|100/100|[from] U-turn
|
|upkeep
|turn|14
|
|t:|1759034812
|switch|p2a: Wo-Chien|Wo-Chien|100/100
|-ability|p2a: Wo-Chien|Tablets of Ruin
|move|p1a: Dragonite|Dragon Dance|p1a: Dragonite
|-boost|p1a: Dragonite|atk|1
|-boost|p1a: Dragonite|spe|1
|
|upkeep
|turn|15
|
|t:|1759034839
|-terastallize|p1a: Dragonite|Fairy
|-terastallize|p2a: Wo-Chien|Water
|move|p1a: Dragonite|Dragon Dance|p1a: Dragonite
|-boost|p1a: Dragonite|atk|1
|-boost|p1a: Dragonite|spe|1
|move|p2a: Wo-Chien|Knock Off|p1a: Dragonite
|-resisted|p1a: Dragonite
|-damage|p1a: Dragonite|93/100
|-enditem|p1a: Dragonite|Heavy-Duty Boots|[from] move: Knock Off|[of] p2a: Wo-Chien
|
|upkeep
|turn|16
|inactive|burningpain has 120 seconds left.
|
|t:|1759034855
|move|p1a: Dragonite|Tera Blast|p2a: Wo-Chien|[anim] Tera Blast Fairy
|-damage|p2a: Wo-Chien|50/100
|move|p2a: Wo-Chien|Foul Play|p1a: Dragonite
|-resisted|p1a: Dragonite
|-damage|p1a: Dragonite|37/100
|
|-heal|p2a: Wo-Chien|56/100|[from] item: Leftovers
|upkeep
|turn|17
|
|t:|1759034866
|move|p1a: Dragonite|Roost|p1a: Dragonite
|-heal|p1a: Dragonite|87/100
|move|p2a: Wo-Chien|Foul Play|p1a: Dragonite
|-resisted|p1a: Dragonite
|-damage|p1a: Dragonite|35/100
|
|-heal|p2a: Wo-Chien|62/100|[from] item: Leftovers
|upkeep
|turn|18
|
|t:|1759034877
|switch|p1a: Ogerpon|Ogerpon, F|100/100
|move|p2a: Wo-Chien|Foul Play|p1a: Ogerpon
|-damage|p1a: Ogerpon|34/100
|
|-heal|p2a: Wo-Chien|68/100|[from] item: Leftovers
|upkeep
|turn|19
|
|t:|1759034889
|switch|p2a: Weezing|Weezing-Galar, F|100/100
|-ability|p2a: Weezing|Neutralizing Gas
|move|p1a: Ogerpon|Ivy Cudgel|p2a: Weezing
|-resisted|p2a: Weezing
|-damage|p2a: Weezing|85/100
|
|-heal|p2a: Weezing|91/100|[from] item: Leftovers
|upkeep
|turn|20
|
|t:|1759034901
|move|p1a: Ogerpon|Encore||[still]
|-fail|p1a: Ogerpon
|move|p2a: Weezing|Sludge Bomb|p1a: Ogerpon
|-supereffective|p1a: Ogerpon
|-damage|p1a: Ogerpon|0 fnt
|faint|p1a: Ogerpon
|
|-heal|p2a: Weezing|97/100|[from] item: Leftovers
|upkeep
|
|t:|1759034912
|switch|p1a: Gliscor|Gliscor, M|80/100
|turn|21
|
|t:|1759034916
|-end|p2a: Weezing|ability: Neutralizing Gas
|switch|p2a: Talonflame|Talonflame, M|97/100
|move|p1a: Gliscor|Earthquake|p2a: Talonflame
|-immune|p2a: Talonflame
|
|upkeep
|turn|22
|
|t:|1759034924
|move|p2a: Talonflame|Flamethrower|p1a: Gliscor
|-damage|p1a: Gliscor|60/100
|move|p1a: Gliscor|Toxic|p2a: Talonflame
|-status|p2a: Talonflame|tox
|
|-damage|p2a: Talonflame|91/100 tox|[from] psn
|upkeep
|turn|23
|
|t:|1759034940
|move|p2a: Talonflame|Will-O-Wisp|p1a: Gliscor
|-status|p1a: Gliscor|brn
|move|p1a: Gliscor|U-turn|p2a: Talonflame
|-resisted|p2a: Talonflame
|-damage|p2a: Talonflame|89/100 tox
|
|t:|1759034948
|switch|p1a: Ting-Lu|Ting-Lu|94/100 brn|[from] U-turn
|-ability|p1a: Ting-Lu|Vessel of Ruin
|
|-heal|p1a: Ting-Lu|100/100 brn|[from] item: Leftovers
|-damage|p2a: Talonflame|77/100 tox|[from] psn
|-damage|p1a: Ting-Lu|94/100 brn|[from] brn
|upkeep
|turn|24
|
|t:|1759034963
|switch|p2a: Alomomola|Alomomola, M|100/100
|move|p1a: Ting-Lu|Ruination|p2a: Alomomola
|-damage|p2a: Alomomola|50/100
|
|-heal|p1a: Ting-Lu|100/100 brn|[from] item: Leftovers
|-damage|p1a: Ting-Lu|94/100 brn|[from] brn
|upkeep
|turn|25
|
|t:|1759034974
|move|p1a: Ting-Lu|Ruination|p2a: Alomomola
|-damage|p2a: Alomomola|26/100
|move|p2a: Alomomola|Wish|p2a: Alomomola
|
|-heal|p1a: Ting-Lu|100/100 brn|[from] item: Leftovers
|-damage|p1a: Ting-Lu|94/100 brn|[from] brn
|upkeep
|turn|26
|
|t:|1759034983
|move|p1a: Ting-Lu|Earthquake|p2a: Alomomola
|-damage|p2a: Alomomola|14/100
|move|p2a: Alomomola|Flip Turn|p1a: Ting-Lu
|-supereffective|p1a: Ting-Lu
|-damage|p1a: Ting-Lu|77/100 brn
|
|t:|1759034989
|switch|p2a: Iron Treads|Iron Treads|34/100|[from] Flip Turn
|
|-heal|p2a: Iron Treads|96/100|[from] move: Wish|[wisher] Alomomola
|-heal|p1a: Ting-Lu|83/100 brn|[from] item: Leftovers
|-damage|p1a: Ting-Lu|77/100 brn|[from] brn
|upkeep
|turn|27
|
|t:|1759034998
|move|p2a: Iron Treads|Knock Off|p1a: Ting-Lu
|-resisted|p1a: Ting-Lu
|-damage|p1a: Ting-Lu|70/100 brn
|-enditem|p1a: Ting-Lu|Leftovers|[from] move: Knock Off|[of] p2a: Iron Treads
|move|p1a: Ting-Lu|Earthquake|p2a: Iron Treads
|-supereffective|p2a: Iron Treads
|-damage|p2a: Iron Treads|67/100
|
|-damage|p1a: Ting-Lu|63/100 brn|[from] brn
|upkeep
|turn|28
|
|t:|1759035009
|-end|p2a: Iron Treads|Quark Drive|[silent]
|switch|p2a: Alomomola|Alomomola, M|47/100
|move|p1a: Ting-Lu|Earthquake|p2a: Alomomola
|-damage|p2a: Alomomola|36/100
|
|-damage|p1a: Ting-Lu|57/100 brn|[from] brn
|upkeep
|turn|29
|
|t:|1759035021
|move|p1a: Ting-Lu|Ruination|p2a: Alomomola
|-damage|p2a: Alomomola|18/100
|move|p2a: Alomomola|Wish|p2a: Alomomola
|
|-damage|p1a: Ting-Lu|51/100 brn|[from] brn
|upkeep
|turn|30
|
|t:|1759035029
|move|p2a: Alomomola|Protect|p2a: Alomomola
|-singleturn|p2a: Alomomola|Protect
|move|p1a: Ting-Lu|Earthquake|p2a: Alomomola
|-activate|p2a: Alomomola|move: Protect
|
|-heal|p2a: Alomomola|68/100|[from] move: Wish|[wisher] Alomomola
|-damage|p1a: Ting-Lu|45/100 brn|[from] brn
|upkeep
|turn|31
|
|t:|1759035041
|move|p1a: Ting-Lu|Earthquake|p2a: Alomomola
|-damage|p2a: Alomomola|57/100
|move|p2a: Alomomola|Wish|p2a: Alomomola
|
|-damage|p1a: Ting-Lu|38/100 brn|[from] brn
|upkeep
|turn|32
|c|☆grayscaless|Stop stalling
|-message|grayscaless forfeited.
|
|win|burningpain
|raw|grayscaless's rating: 1204 &rarr; <strong>1179</strong><br />(-25 for losing)
|raw|burningpain's rating: 1206 &rarr; <strong>1231</strong><br />(+25 for winning)
|l|☆grayscaless
|player|p1|
|c|☆burningpain|kek
|l|☆burningpain
|player|p2|
