|j|☆El weon del norte
|j|☆yonderfarer
|inactive|Battle timer is ON: inactive players will automatically lose when time's up.
|t:|1759067050
|gametype|singles
|player|p1|El weon del norte|clown|
|player|p2|yonderfarer|blue|
|gen|9
|tier|[Gen 9] OU
|rated|Tournament battle
|rule|HP Percentage Mod: HP is shown in percentages
|rule|Endless Battle Clause: Forcing endless battles is banned
|rule|Species Clause: Limit one of each Pokémon
|rule|OHKO Clause: OHKO moves are banned
|rule|Evasion Items Clause: Evasion items are banned
|rule|Evasion Moves Clause: Evasion moves are banned
|rule|Evasion Abilities Clause: Evasion abilities are banned
|rule|Sleep Moves Clause: Sleep-inducing moves are banned
|clearpoke
|poke|p1|Gholdengo|
|poke|p1|Zamazenta-*|
|poke|p1|Ting-Lu|
|poke|p1|Clefable, F|
|poke|p1|Dragonite, M|
|poke|p1|Deoxys-Speed|
|poke|p2|Ogerpon-Wellspring, F|
|poke|p2|Polteageist-Antique|
|poke|p2|Great Tusk|
|poke|p2|Hatterene, F|
|poke|p2|Gholdengo|
|poke|p2|Kingambit, M|
|teampreview
|j|*Lady Monita ☀
|
|t:|1759067071
|teamsize|p1|6
|teamsize|p2|6
|start
|switch|p1a: Clefable|Clefable, F|100/100
|switch|p2a: Gholdengo|Gholdengo|100/100
|turn|1
|j| Albrtix
|
|t:|1759067085
|switch|p1a: Ting-Lu|Ting-Lu|100/100
|-ability|p1a: Ting-Lu|Vessel of Ruin
|move|p2a: Gholdengo|Nasty Plot|p2a: Gholdengo
|-boost|p2a: Gholdengo|spa|2
|
|upkeep
|turn|2
|l|☆yonderfarer
|inactive|yonderfarer disconnected and has a minute to reconnect!
|player|p2|
|inactive|yonderfarer has 30 seconds to reconnect!
|j|☆yonderfarer
|inactive|yonderfarer reconnected and has 115 seconds left.
|player|p2|yonderfarer|blue|
|
|t:|1759067126
|move|p2a: Gholdengo|Make It Rain|p1a: Ting-Lu
|-crit|p1a: Ting-Lu
|-damage|p1a: Ting-Lu|16/100
|-unboost|p2a: Gholdengo|spa|1
|move|p1a: Ting-Lu|Earthquake|p2a: Gholdengo
|-supereffective|p2a: Gholdengo
|-damage|p2a: Gholdengo|15/100
|
|-heal|p2a: Gholdengo|21/100|[from] item: Leftovers
|-heal|p1a: Ting-Lu|22/100|[from] item: Leftovers
|upkeep
|turn|3
|l|☆yonderfarer
|inactive|yonderfarer disconnected and has a minute to reconnect!
|player|p2|
|
|t:|1759067145
|move|p2a: Gholdengo|Make It Rain|p1a: Ting-Lu
|-damage|p1a: Ting-Lu|0 fnt
|-unboost|p2a: Gholdengo|spa|1
|faint|p1a: Ting-Lu
|
|-heal|p2a: Gholdengo|27/100|[from] item: Leftovers
|upkeep
|
|t:|1759067148
|switch|p1a: Deoxys|Deoxys-Speed|100/100
|-ability|p1a: Deoxys|Pressure
|turn|4
|j|☆yonderfarer
|inactive|yonderfarer reconnected and has 110 seconds left.
|player|p2|yonderfarer|blue|
|
|t:|1759067187
|move|p1a: Deoxys|Psycho Boost|p2a: Gholdengo
|-resisted|p2a: Gholdengo
|-damage|p2a: Gholdengo|0 fnt
|-unboost|p1a: Deoxys|spa|2
|faint|p2a: Gholdengo
|
|upkeep
|
|t:|1759067195
|switch|p2a: Vanessa|Hatterene, F|100/100
|turn|5
|
|t:|1759067200
|switch|p1a: Gholdengo|Gholdengo|100/100
|move|p2a: Vanessa|Calm Mind|p2a: Vanessa
|-boost|p2a: Vanessa|spa|1
|-boost|p2a: Vanessa|spd|1
|
|upkeep
|turn|6
|inactive|yonderfarer has 120 seconds left.
|
|t:|1759067206
|-terastallize|p2a: Vanessa|Fire
|move|p1a: Gholdengo|Nasty Plot|p1a: Gholdengo
|-boost|p1a: Gholdengo|spa|2
|move|p2a: Vanessa|Mystical Fire|p1a: Gholdengo
|-supereffective|p1a: Gholdengo
|-damage|p1a: Gholdengo|0 fnt
|faint|p1a: Gholdengo
|
|upkeep
|
|t:|1759067217
|switch|p1a: Dragonite|Dragonite, M|100/100
|turn|7
|l|☆yonderfarer
|inactive|yonderfarer disconnected and has a minute to reconnect!
|player|p2|
|j|☆yonderfarer
|inactive|yonderfarer reconnected and has 125 seconds left.
|player|p2|yonderfarer|blue|
|inactive|yonderfarer has 120 seconds left.
|
|t:|1759067236
|-terastallize|p1a: Dragonite|Normal
|move|p1a: Dragonite|Earthquake|p2a: Vanessa
|-supereffective|p2a: Vanessa
|-damage|p2a: Vanessa|12/100
|move|p2a: Vanessa|Draining Kiss|p1a: Dragonite
|-damage|p1a: Dragonite|80/100
|-heal|p2a: Vanessa|30/100|[from] drain|[of] p1a: Dragonite
|
|-heal|p2a: Vanessa|36/100|[from] item: Leftovers
|upkeep
|turn|8
|
|t:|1759067245
|move|p1a: Dragonite|Earthquake|p2a: Vanessa
|-supereffective|p2a: Vanessa
|-damage|p2a: Vanessa|0 fnt
|faint|p2a: Vanessa
|
|upkeep
|
|t:|1759067252
|switch|p2a: Sosuke|Polteageist-Antique|100/100
|turn|9
|
|t:|1759067257
|move|p2a: Sosuke|Shell Smash|p2a: Sosuke
|-unboost|p2a: Sosuke|def|1
|-unboost|p2a: Sosuke|spd|1
|-boost|p2a: Sosuke|atk|2
|-boost|p2a: Sosuke|spa|2
|-boost|p2a: Sosuke|spe|2
|move|p1a: Dragonite|Dragon Tail|p2a: Sosuke
|-damage|p2a: Sosuke|5/100
|-ability|p2a: Sosuke|Weak Armor|boost
|-unboost|p2a: Sosuke|def|1
|-boost|p2a: Sosuke|spe|2
|drag|p2a: Zunesha|Great Tusk|100/100
|
|upkeep
|turn|10
|
|t:|1759067269
|switch|p1a: Clefable|Clefable, F|100/100
|move|p2a: Zunesha|Headlong Rush|p1a: Clefable
|-crit|p1a: Clefable
|-damage|p1a: Clefable|24/100
|-unboost|p2a: Zunesha|def|1
|-unboost|p2a: Zunesha|spd|1
|-damage|p2a: Zunesha|84/100|[from] item: Rocky Helmet|[of] p1a: Clefable
|
|upkeep
|turn|11
|
|t:|1759067278
|move|p2a: Zunesha|Headlong Rush|p1a: Clefable
|-damage|p1a: Clefable|0 fnt
|-unboost|p2a: Zunesha|def|1
|-unboost|p2a: Zunesha|spd|1
|-damage|p2a: Zunesha|68/100|[from] item: Rocky Helmet|[of] p1a: Clefable
|faint|p1a: Clefable
|
|upkeep
|
|t:|1759067285
|switch|p1a: Deoxys|Deoxys-Speed|100/100
|-ability|p1a: Deoxys|Pressure
|turn|12
|j|+Tarrembeau
|
|t:|1759067300
|move|p1a: Deoxys|Ice Beam|p2a: Zunesha
|-supereffective|p2a: Zunesha
|-damage|p2a: Zunesha|0 fnt
|faint|p2a: Zunesha
|-end|p2a: Zunesha|Protosynthesis|[silent]
|
|upkeep
|l|+Tarrembeau
|
|t:|1759067306
|switch|p2a: Sosuke|Polteageist-Antique|5/100
|turn|13
|
|t:|1759067311
|move|p1a: Deoxys|Thunderbolt|p2a: Sosuke
|-damage|p2a: Sosuke|0 fnt
|faint|p2a: Sosuke
|
|upkeep
|
|t:|1759067315
|switch|p2a: Ogerpon|Ogerpon-Wellspring, F|100/100
|turn|14
|
|t:|1759067320
|move|p1a: Deoxys|Psycho Boost|p2a: Ogerpon
|-damage|p2a: Ogerpon|25/100
|-unboost|p1a: Deoxys|spa|2
|move|p2a: Ogerpon|Horn Leech|p1a: Deoxys
|-damage|p1a: Deoxys|32/100
|-heal|p2a: Ogerpon|55/100|[from] drain|[of] p1a: Deoxys
|
|upkeep
|turn|15
|
|t:|1759067332
|move|p1a: Deoxys|Psycho Boost|p2a: Ogerpon
|-damage|p2a: Ogerpon|18/100
|-unboost|p1a: Deoxys|spa|2
|move|p2a: Ogerpon|Horn Leech|p1a: Deoxys
|-crit|p1a: Deoxys
|-damage|p1a: Deoxys|0 fnt
|-heal|p2a: Ogerpon|31/100|[from] drain|[of] p1a: Deoxys
|faint|p1a: Deoxys
|
|upkeep
|
|t:|1759067337
|switch|p1a: Dragonite|Dragonite, M, tera:Normal|80/100
|turn|16
|
|t:|1759067349
|switch|p1a: Zamazenta|Zamazenta|100/100
|-ability|p1a: Zamazenta|Dauntless Shield|boost
|-boost|p1a: Zamazenta|def|1
|move|p2a: Ogerpon|Brick Break|p1a: Zamazenta
|-damage|p1a: Zamazenta|84/100
|
|upkeep
|turn|17
|
|t:|1759067374
|move|p1a: Zamazenta|Crunch|p2a: Ogerpon
|-damage|p2a: Ogerpon|0 fnt
|faint|p2a: Ogerpon
|
|upkeep
|
|t:|1759067379
|switch|p2a: Gambit|Kingambit, M|100/100
|-activate|p2a: Gambit|ability: Supreme Overlord
|-start|p2a: Gambit|fallen5|[silent]
|turn|18
|
|t:|1759067386
|move|p2a: Gambit|Sucker Punch|p1a: Zamazenta
|-resisted|p1a: Zamazenta
|-damage|p1a: Zamazenta|67/100
|move|p1a: Zamazenta|Close Combat|p2a: Gambit
|-supereffective|p2a: Gambit
|-enditem|p2a: Gambit|Focus Sash
|-damage|p2a: Gambit|1/100
|-unboost|p1a: Zamazenta|def|1
|-unboost|p1a: Zamazenta|spd|1
|
|upkeep
|turn|19
|
|t:|1759067392
|move|p2a: Gambit|Sucker Punch|p1a: Zamazenta
|-resisted|p1a: Zamazenta
|-damage|p1a: Zamazenta|41/100
|move|p1a: Zamazenta|Close Combat|p2a: Gambit
|-supereffective|p2a: Gambit
|-damage|p2a: Gambit|0 fnt
|-unboost|p1a: Zamazenta|def|1
|-unboost|p1a: Zamazenta|spd|1
|faint|p2a: Gambit
|-end|p2a: Gambit|fallen5|[silent]
|
|win|El weon del norte
|n|☆El weon del norte|elweondelnorte
|n|*Lady Monita ☀|ladymonita
|n| Albrtix|albrtix
|n|☆yonderfarer|yonderfarer
|l|*Lady Monita ☀
|l|☆yonderfarer
|player|p2|
