|j|☆darkassasinb2
|j|☆MattW9900
|t:|1759061068
|gametype|singles
|player|p1|darkassasinb2|169|1117
|player|p2|MattW9900|102|1070
|gen|9
|tier|[Gen 9] OU
|rated|
|rule|HP Percentage Mod: HP is shown in percentages
|rule|Endless Battle Clause: Forcing endless battles is banned
|rule|Species Clause: Limit one of each Pokémon
|rule|OHKO Clause: OHKO moves are banned
|rule|Evasion Items Clause: Evasion items are banned
|rule|Evasion Moves Clause: Evasion moves are banned
|rule|Evasion Abilities Clause: Evasion abilities are banned
|rule|Sleep Moves Clause: Sleep-inducing moves are banned
|clearpoke
|poke|p1|Dragapult, F|
|poke|p1|Lucario, M|
|poke|p1|Greninja-*, M|
|poke|p1|Ceruledge, M|
|poke|p1|Gallade, M|
|poke|p1|Dragonite, M|
|poke|p2|Zamazenta-*|
|poke|p2|Enamorus, F|
|poke|p2|Toxapex, F|
|poke|p2|Kingambit, M|
|poke|p2|Corviknight, M|
|poke|p2|Rotom-Wash|
|teampreview
|
|t:|1759061097
|teamsize|p1|6
|teamsize|p2|6
|start
|switch|p1a: Dragonite|Dragonite, M|100/100
|switch|p2a: Toxapex|Toxapex, F, shiny|100/100
|turn|1
|
|t:|1759061107
|move|p1a: Dragonite|Dragon Dance|p1a: Dragonite
|-boost|p1a: Dragonite|atk|1
|-boost|p1a: Dragonite|spe|1
|move|p2a: Toxapex|Toxic|p1a: Dragonite
|-status|p1a: Dragonite|tox
|
|-damage|p1a: Dragonite|94/100 tox|[from] psn
|upkeep
|turn|2
|
|t:|1759061118
|move|p1a: Dragonite|Dragon Dance|p1a: Dragonite
|-boost|p1a: Dragonite|atk|1
|-boost|p1a: Dragonite|spe|1
|move|p2a: Toxapex|Infestation|p1a: Dragonite
|-resisted|p1a: Dragonite
|-damage|p1a: Dragonite|93/100 tox
|-activate|p1a: Dragonite|move: Infestation|[of] p2a: Toxapex
|
|-damage|p1a: Dragonite|80/100 tox|[from] psn
|-damage|p1a: Dragonite|68/100 tox|[from] move: Infestation|[partiallytrapped]
|upkeep
|turn|3
|
|t:|1759061130
|move|p2a: Toxapex|Baneful Bunker|p2a: Toxapex
|-singleturn|p2a: Toxapex|move: Protect
|move|p1a: Dragonite|Earthquake|p2a: Toxapex
|-activate|p2a: Toxapex|move: Protect
|
|-damage|p1a: Dragonite|50/100 tox|[from] psn
|-damage|p1a: Dragonite|37/100 tox|[from] move: Infestation|[partiallytrapped]
|upkeep
|turn|4
|
|t:|1759061148
|-terastallize|p1a: Dragonite|Ground
|move|p2a: Toxapex|Baneful Bunker||[still]
|-fail|p2a: Toxapex
|move|p1a: Dragonite|Earthquake|p2a: Toxapex
|-supereffective|p2a: Toxapex
|-damage|p2a: Toxapex|0 fnt
|faint|p2a: Toxapex
|
|-damage|p1a: Dragonite|13/100 tox|[from] psn
|-end|p1a: Dragonite|Infestation|[partiallytrapped]|[silent]
|upkeep
|
|t:|1759061171
|switch|p2a: Zamazenta|Zamazenta|100/100
|-ability|p2a: Zamazenta|Dauntless Shield|boost
|-boost|p2a: Zamazenta|def|1
|turn|5
|
|t:|1759061186
|move|p1a: Dragonite|Earthquake|p2a: Zamazenta
|-damage|p2a: Zamazenta|43/100
|move|p2a: Zamazenta|Substitute|p2a: Zamazenta
|-start|p2a: Zamazenta|Substitute
|-damage|p2a: Zamazenta|18/100
|
|-heal|p2a: Zamazenta|24/100|[from] item: Leftovers
|-damage|p1a: Dragonite|0 fnt|[from] psn
|faint|p1a: Dragonite
|upkeep
|
|t:|1759061206
|switch|p1a: Ceruledge|Ceruledge, M|100/100
|turn|6
|
|t:|1759061218
|move|p2a: Zamazenta|Crunch|p1a: Ceruledge
|-supereffective|p1a: Ceruledge
|-damage|p1a: Ceruledge|35/100
|-ability|p1a: Ceruledge|Weak Armor|boost
|-unboost|p1a: Ceruledge|def|1
|-boost|p1a: Ceruledge|spe|2
|-enditem|p1a: Ceruledge|Sitrus Berry|[eat]
|-heal|p1a: Ceruledge|60/100|[from] item: Sitrus Berry
|move|p1a: Ceruledge|Bitter Blade|p2a: Zamazenta
|-activate|p2a: Zamazenta|move: Substitute|[damage]
|-heal|p1a: Ceruledge|71/100|[from] drain|[of] p2a: Zamazenta
|
|-heal|p2a: Zamazenta|31/100|[from] item: Leftovers
|upkeep
|turn|7
|
|t:|1759061237
|move|p1a: Ceruledge|Destiny Bond|p1a: Ceruledge
|-singlemove|p1a: Ceruledge|Destiny Bond
|move|p2a: Zamazenta|Crunch|p1a: Ceruledge
|-supereffective|p1a: Ceruledge
|-damage|p1a: Ceruledge|0 fnt
|faint|p1a: Ceruledge
|-activate|p1a: Ceruledge|move: Destiny Bond
|faint|p2a: Zamazenta
|
|upkeep
|
|t:|1759061268
|switch|p2a: Rotom|Rotom-Wash|100/100
|switch|p1a: Dragapult|Dragapult, F|100/100
|turn|8
|
|t:|1759061278
|move|p1a: Dragapult|Dragon Darts|p2a: Rotom
|-damage|p2a: Rotom|68/100
|-anim|p1a: Dragapult|Dragon Darts|p2a: Rotom
|-damage|p2a: Rotom|37/100
|-damage|p1a: Dragapult|91/100|[from] item: Life Orb
|move|p2a: Rotom|Thunder Wave|p1a: Dragapult
|-status|p1a: Dragapult|par
|
|upkeep
|turn|9
|
|t:|1759061298
|switch|p2a: Enamorus|Enamorus, F, shiny|100/100
|move|p1a: Dragapult|Dragon Darts|p2a: Enamorus
|-immune|p2a: Enamorus
|
|upkeep
|turn|10
|
|t:|1759061312
|move|p2a: Enamorus|Moonblast|p1a: Dragapult
|-supereffective|p1a: Dragapult
|-damage|p1a: Dragapult|0 fnt
|faint|p1a: Dragapult
|
|upkeep
|
|t:|1759061327
|switch|p1a: Gallade|Gallade, M|100/100
|turn|11
|
|t:|1759061336
|move|p2a: Enamorus|Moonblast|p1a: Gallade
|-supereffective|p1a: Gallade
|-damage|p1a: Gallade|2/100
|move|p1a: Gallade|Psycho Cut|p2a: Enamorus
|-damage|p2a: Enamorus|13/100
|
|upkeep
|turn|12
|
|t:|1759061344
|move|p2a: Enamorus|Moonblast|p1a: Gallade
|-supereffective|p1a: Gallade
|-damage|p1a: Gallade|0 fnt
|faint|p1a: Gallade
|
|upkeep
|
|t:|1759061351
|switch|p1a: Greninja|Greninja, M|100/100
|turn|13
|
|t:|1759061356
|move|p1a: Greninja|Water Shuriken|p2a: Enamorus
|-damage|p2a: Enamorus|4/100
|-damage|p2a: Enamorus|0 fnt
|faint|p2a: Enamorus
|-ability|p1a: Greninja|Battle Bond|boost
|-boost|p1a: Greninja|atk|1
|-boost|p1a: Greninja|spa|1
|-boost|p1a: Greninja|spe|1
|-activate|p1a: Greninja|ability: Battle Bond
|-hitcount|p2: Enamorus|2
|
|upkeep
|
|t:|1759061384
|switch|p2a: Corviknight|Corviknight, M, shiny|100/100
|-ability|p2a: Corviknight|Pressure
|turn|14
|
|t:|1759061389
|move|p1a: Greninja|Dark Pulse|p2a: Corviknight
|-damage|p2a: Corviknight|42/100
|cant|p2a: Corviknight|flinch
|
|upkeep
|turn|15
|
|t:|1759061395
|move|p1a: Greninja|Dark Pulse|p2a: Corviknight
|-damage|p2a: Corviknight|0 fnt
|faint|p2a: Corviknight
|
|upkeep
|
|t:|1759061410
|switch|p2a: Rotom|Rotom-Wash|37/100
|turn|16
|
|t:|1759061415
|move|p1a: Greninja|Dark Pulse|p2a: Rotom
|-damage|p2a: Rotom|0 fnt
|faint|p2a: Rotom
|
|upkeep
|
|t:|1759061420
|switch|p2a: Kingambit|Kingambit, M|100/100
|-activate|p2a: Kingambit|ability: Supreme Overlord
|-start|p2a: Kingambit|fallen5|[silent]
|turn|17
|
|t:|1759061441
|move|p1a: Greninja|Water Shuriken|p2a: Kingambit
|-damage|p2a: Kingambit|89/100
|-damage|p2a: Kingambit|77/100
|-damage|p2a: Kingambit|66/100
|-damage|p2a: Kingambit|55/100
|-hitcount|p2a: Kingambit|4
|move|p2a: Kingambit|Tera Blast|p1a: Greninja
|-damage|p1a: Greninja|77/100
|
|upkeep
|turn|18
|
|t:|1759061457
|move|p1a: Greninja|Water Shuriken|p2a: Kingambit
|-damage|p2a: Kingambit|43/100
|-damage|p2a: Kingambit|31/100
|-damage|p2a: Kingambit|21/100
|-damage|p2a: Kingambit|11/100
|-damage|p2a: Kingambit|0 fnt
|faint|p2a: Kingambit
|-end|p2a: Kingambit|fallen5|[silent]
|-hitcount|p2: Kingambit|5
|
|win|darkassasinb2
|raw|darkassasinb2's rating: 1117 &rarr; <strong>1139</strong><br />(+22 for winning)
|raw|MattW9900's rating: 1070 &rarr; <strong>1052</strong><br />(-18 for losing)
