|j|☆romeo30001
|j|☆philbob101
|t:|1758929210
|gametype|singles
|player|p1|romeo30001|266|1177
|player|p2|philbob101|ghetsis|1178
|gen|9
|tier|[Gen 9] OU
|rated|
|rule|HP Percentage Mod: HP is shown in percentages
|rule|Endless Battle Clause: Forcing endless battles is banned
|rule|Species Clause: Limit one of each Pokémon
|rule|OHKO Clause: OHKO moves are banned
|rule|Evasion Items Clause: Evasion items are banned
|rule|Evasion Moves Clause: Evasion moves are banned
|rule|Evasion Abilities Clause: Evasion abilities are banned
|rule|Sleep Moves Clause: Sleep-inducing moves are banned
|clearpoke
|poke|p1|Iron Crown|
|poke|p1|Ninetales-Alola, M|
|poke|p1|Alomomola, F|
|poke|p1|Cyclizar, M|
|poke|p1|Tornadus-Therian, M|
|poke|p1|Hydrapple, M|
|poke|p2|Haxorus, F|
|poke|p2|Samurott-Hisui, F|
|poke|p2|Florges-Blue, F|
|poke|p2|Braviary-Hisui, M|
|poke|p2|Zapdos-Galar|
|poke|p2|Magmortar, M|
|teampreview
|inactive|Battle timer is ON: inactive players will automatically lose when time's up. (requested by romeo30001)
|
|t:|1758929230
|teamsize|p1|6
|teamsize|p2|6
|start
|switch|p1a: Ninetales|Ninetales-Alola, M|100/100
|switch|p2a: Samurott|Samurott-Hisui, F, shiny|100/100
|-weather|Snowscape|[from] ability: Snow Warning|[of] p1a: Ninetales
|turn|1
|
|t:|1758929236
|switch|p2a: Magmortar|Magmortar, M, shiny|100/100
|move|p1a: Ninetales|Aurora Veil|p1a: Ninetales
|-sidestart|p1: romeo30001|move: Aurora Veil
|
|-weather|Snowscape|[upkeep]
|upkeep
|turn|2
|
|t:|1758929243
|switch|p1a: Cyclizar|Cyclizar, M|100/100
|move|p2a: Magmortar|Thunderbolt|p1a: Cyclizar
|-resisted|p1a: Cyclizar
|-damage|p1a: Cyclizar|95/100
|-status|p1a: Cyclizar|par
|
|-weather|Snowscape|[upkeep]
|upkeep
|turn|3
|
|t:|1758929251
|move|p2a: Magmortar|Focus Blast|p1a: Cyclizar
|-supereffective|p1a: Cyclizar
|-damage|p1a: Cyclizar|63/100 par
|move|p1a: Cyclizar|Knock Off|p2a: Magmortar
|-damage|p2a: Magmortar|66/100
|-enditem|p2a: Magmortar|Wide Lens|[from] move: Knock Off|[of] p1a: Cyclizar
|
|-weather|Snowscape|[upkeep]
|upkeep
|turn|4
|c|☆romeo30001|lol
|inactive|philbob101 has 120 seconds left.
|
|t:|1758929285
|move|p2a: Magmortar|Focus Blast|p1a: Cyclizar
|-supereffective|p1a: Cyclizar
|-damage|p1a: Cyclizar|31/100 par
|cant|p1a: Cyclizar|par
|
|-weather|Snowscape|[upkeep]
|upkeep
|turn|5
|
|t:|1758929294
|switch|p1a: Tornadus|Tornadus-Therian, M|100/100
|move|p2a: Magmortar|Focus Blast|p1a: Tornadus|[miss]
|-miss|p2a: Magmortar|p1a: Tornadus
|
|-weather|none
|-sideend|p1: romeo30001|move: Aurora Veil
|upkeep
|turn|6
|
|t:|1758929302
|move|p1a: Tornadus|U-turn|p2a: Magmortar
|-resisted|p2a: Magmortar
|-damage|p2a: Magmortar|54/100
|-status|p1a: Tornadus|brn|[from] ability: Flame Body|[of] p2a: Magmortar
|
|t:|1758929311
|switch|p1a: Alomomola|Alomomola, F|100/100|[from] U-turn
|move|p2a: Magmortar|Thunderbolt|p1a: Alomomola
|-supereffective|p1a: Alomomola
|-damage|p1a: Alomomola|34/100
|
|upkeep
|turn|7
|
|t:|1758929329
|switch|p1a: Hydrapple|Hydrapple, M|100/100
|move|p2a: Magmortar|Thunderbolt|p1a: Hydrapple
|-resisted|p1a: Hydrapple
|-damage|p1a: Hydrapple|93/100
|
|upkeep
|turn|8
|
|t:|1758929336
|move|p2a: Magmortar|Overheat|p1a: Hydrapple
|-damage|p1a: Hydrapple|33/100
|-unboost|p2a: Magmortar|spa|2
|move|p1a: Hydrapple|Earth Power|p2a: Magmortar
|-supereffective|p2a: Magmortar
|-damage|p2a: Magmortar|0 fnt
|faint|p2a: Magmortar
|
|upkeep
|
|t:|1758929343
|switch|p2a: Haxorus|Haxorus, F, shiny|100/100
|-ability|p2a: Haxorus|Mold Breaker
|turn|9
|
|t:|1758929357
|switch|p1a: Alomomola|Alomomola, F|68/100
|-terastallize|p2a: Haxorus|Poison
|move|p2a: Haxorus|Dragon Dance|p2a: Haxorus
|-boost|p2a: Haxorus|atk|1
|-boost|p2a: Haxorus|spe|1
|
|upkeep
|turn|10
|
|t:|1758929367
|move|p2a: Haxorus|Dragon Claw|p1a: Alomomola
|-damage|p1a: Alomomola|25/100
|move|p1a: Alomomola|Wish|p1a: Alomomola
|
|upkeep
|turn|11
|
|t:|1758929374
|move|p2a: Haxorus|Poison Jab|p1a: Alomomola
|-damage|p1a: Alomomola|0 fnt
|faint|p1a: Alomomola
|
|upkeep
|
|t:|1758929381
|switch|p1a: Iron Crown|Iron Crown|100/100
|turn|12
|
|t:|1758929385
|move|p1a: Iron Crown|Psychic Noise|p2a: Haxorus
|-supereffective|p2a: Haxorus
|-damage|p2a: Haxorus|0 fnt
|faint|p2a: Haxorus
|
|upkeep
|
|t:|1758929396
|switch|p2a: Samurott|Samurott-Hisui, F, shiny|100/100
|turn|13
|
|t:|1758929402
|-end|p1a: Iron Crown|Quark Drive|[silent]
|switch|p1a: Hydrapple|Hydrapple, M|66/100
|move|p2a: Samurott|Ceaseless Edge|p1a: Hydrapple
|-damage|p1a: Hydrapple|40/100
|-sidestart|p1: romeo30001|Spikes
|
|upkeep
|turn|14
|
|t:|1758929409
|move|p2a: Samurott|Blizzard|p1a: Hydrapple
|-supereffective|p1a: Hydrapple
|-damage|p1a: Hydrapple|0 fnt
|faint|p1a: Hydrapple
|
|upkeep
|
|t:|1758929418
|switch|p1a: Ninetales|Ninetales-Alola, M|100/100
|-damage|p1a: Ninetales|88/100|[from] Spikes
|-weather|Snowscape|[from] ability: Snow Warning|[of] p1a: Ninetales
|turn|15
|
|t:|1758929443
|switch|p2a: Florges|Florges-Blue, F, shiny|100/100
|move|p1a: Ninetales|Moonblast|p2a: Florges
|-damage|p2a: Florges|78/100
|
|-weather|Snowscape|[upkeep]
|upkeep
|turn|16
|
|t:|1758929458
|switch|p1a: Iron Crown|Iron Crown|100/100
|-damage|p1a: Iron Crown|88/100|[from] Spikes
|move|p2a: Florges|Trick|p1a: Iron Crown
|-activate|p2a: Florges|move: Trick|[of] p1a: Iron Crown
|-item|p1a: Iron Crown|Choice Specs|[from] move: Trick
|-item|p2a: Florges|Choice Scarf|[from] move: Trick
|
|-weather|Snowscape|[upkeep]
|upkeep
|turn|17
|inactive|philbob101 has 120 seconds left.
|
|t:|1758929489
|move|p1a: Iron Crown|Tachyon Cutter|p2a: Florges
|-supereffective|p2a: Florges
|-damage|p2a: Florges|29/100
|-supereffective|p2a: Florges
|-damage|p2a: Florges|0 fnt
|faint|p2a: Florges
|-hitcount|p2: Florges|2
|
|-weather|Snowscape|[upkeep]
|upkeep
|
|t:|1758929496
|switch|p2a: Samurott|Samurott-Hisui, F, shiny|100/100
|turn|18
|inactive|philbob101 has 120 seconds left.
|
|t:|1758929503
|-end|p1a: Iron Crown|Quark Drive|[silent]
|switch|p1a: Tornadus|Tornadus-Therian, M|100/100 brn
|move|p2a: Samurott|Ceaseless Edge|p1a: Tornadus
|-damage|p1a: Tornadus|58/100 brn
|-sidestart|p1: romeo30001|Spikes
|
|-weather|Snowscape|[upkeep]
|-damage|p1a: Tornadus|52/100 brn|[from] brn
|upkeep
|turn|19
|
|t:|1758929519
|move|p1a: Tornadus|Bleakwind Storm|p2a: Samurott
|-damage|p2a: Samurott|49/100
|-unboost|p2a: Samurott|spe|1
|move|p2a: Samurott|Ceaseless Edge|p1a: Tornadus
|-damage|p1a: Tornadus|11/100 brn
|-sidestart|p1: romeo30001|Spikes
|
|-weather|none
|-damage|p1a: Tornadus|5/100 brn|[from] brn
|upkeep
|turn|20
|
|t:|1758929532
|move|p2a: Samurott|Aqua Jet|p1a: Tornadus
|-damage|p1a: Tornadus|0 fnt
|faint|p1a: Tornadus
|
|upkeep
|
|t:|1758929547
|switch|p1a: Iron Crown|Iron Crown|88/100
|-damage|p1a: Iron Crown|63/100|[from] Spikes
|turn|21
|
|t:|1758929557
|move|p1a: Iron Crown|Volt Switch|p2a: Samurott
|-supereffective|p2a: Samurott
|-damage|p2a: Samurott|0 fnt
|faint|p2a: Samurott
|
|t:|1758929562
|-end|p1a: Iron Crown|Quark Drive|[silent]
|switch|p1a: Cyclizar|Cyclizar, M|64/100 par|[from] Volt Switch
|-damage|p1a: Cyclizar|39/100 par|[from] Spikes
|
|upkeep
|
|t:|1758929569
|switch|p2a: Braviary|Braviary-Hisui, M, shiny|100/100
|turn|22
|
|t:|1758929574
|move|p2a: Braviary|Agility|p2a: Braviary
|-boost|p2a: Braviary|spe|2
|move|p1a: Cyclizar|Rapid Spin|p2a: Braviary
|-damage|p2a: Braviary|79/100
|-boost|p1a: Cyclizar|spe|1
|-sideend|p1: romeo30001|Spikes|[from] move: Rapid Spin|[of] p1a: Cyclizar
|
|upkeep
|turn|23
|
|t:|1758929580
|move|p2a: Braviary|Psychic|p1a: Cyclizar
|-damage|p1a: Cyclizar|1/100 par
|move|p1a: Cyclizar|Knock Off|p2a: Braviary
|-supereffective|p2a: Braviary
|-damage|p2a: Braviary|20/100
|-enditem|p2a: Braviary|Expert Belt|[from] move: Knock Off|[of] p1a: Cyclizar
|
|upkeep
|turn|24
|
|t:|1758929596
|move|p2a: Braviary|Psychic|p1a: Cyclizar
|-damage|p1a: Cyclizar|0 fnt
|faint|p1a: Cyclizar
|
|upkeep
|
|t:|1758929606
|switch|p1a: Iron Crown|Iron Crown|63/100
|turn|25
|
|t:|1758929621
|-end|p1a: Iron Crown|Quark Drive|[silent]
|switch|p1a: Ninetales|Ninetales-Alola, M|88/100
|-weather|Snowscape|[from] ability: Snow Warning|[of] p1a: Ninetales
|move|p2a: Braviary|Heat Wave|p1a: Ninetales
|-supereffective|p1a: Ninetales
|-damage|p1a: Ninetales|16/100
|
|-weather|Snowscape|[upkeep]
|upkeep
|turn|26
|
|t:|1758929629
|move|p2a: Braviary|Psychic|p1a: Ninetales
|-damage|p1a: Ninetales|0 fnt
|faint|p1a: Ninetales
|
|-weather|Snowscape|[upkeep]
|upkeep
|
|t:|1758929633
|switch|p1a: Iron Crown|Iron Crown|63/100
|turn|27
|c|☆romeo30001|kmt
|
|t:|1758929646
|-terastallize|p1a: Iron Crown|Water
|move|p2a: Braviary|Heat Wave|p1a: Iron Crown|[miss]
|-miss|p2a: Braviary|p1a: Iron Crown
|move|p1a: Iron Crown|Psychic Noise|p2a: Braviary
|-resisted|p2a: Braviary
|-damage|p2a: Braviary|0 fnt
|faint|p2a: Braviary
|
|-weather|Snowscape|[upkeep]
|upkeep
|
|t:|1758929656
|switch|p2a: Zapdos|Zapdos-Galar|100/100
|turn|28
|
|t:|1758929660
|move|p2a: Zapdos|Brave Bird|p1a: Iron Crown
|-damage|p1a: Iron Crown|0 fnt
|faint|p1a: Iron Crown
|-end|p1a: Iron Crown|Quark Drive|[silent]
|-damage|p2a: Zapdos|80/100|[from] Recoil
|
|win|philbob101
|raw|romeo30001's rating: 1177 &rarr; <strong>1152</strong><br />(-25 for losing)
|raw|philbob101's rating: 1178 &rarr; <strong>1203</strong><br />(+25 for winning)
|l|☆romeo30001
|player|p1|
|l|☆philbob101
|player|p2|
