|j|☆vondvtch
|j|☆Di Lancer
|t:|1758985616
|gametype|singles
|player|p1|vondvtch|cheren-gen5bw2|1110
|player|p2|Di Lancer|n|1108
|gen|9
|tier|[Gen 9] OU
|rated|
|rule|HP Percentage Mod: HP is shown in percentages
|rule|Endless Battle Clause: Forcing endless battles is banned
|rule|Species Clause: Limit one of each Pokémon
|rule|OHKO Clause: OHKO moves are banned
|rule|Evasion Items Clause: Evasion items are banned
|rule|Evasion Moves Clause: Evasion moves are banned
|rule|Evasion Abilities Clause: Evasion abilities are banned
|rule|Sleep Moves Clause: Sleep-inducing moves are banned
|clearpoke
|poke|p1|Comfey, F|
|poke|p1|Rillaboom, F|
|poke|p1|Garganacl, M|
|poke|p1|Cinderace, M|
|poke|p1|Iron Moth|
|poke|p1|Alomomola, M|
|poke|p2|Torterra, M|
|poke|p2|Kilowattrel, F|
|poke|p2|Avalugg, M|
|poke|p2|Tentacruel, F|
|poke|p2|Incineroar, M|
|poke|p2|Cinccino, F|
|teampreview
|
|t:|1758985624
|teamsize|p1|6
|teamsize|p2|6
|start
|switch|p1a: Rillaboom|Rillaboom, F|100/100
|switch|p2a: Kilowattrel|Kilowattrel, F, shiny|100/100
|-fieldstart|move: Grassy Terrain|[from] ability: Grassy Surge|[of] p1a: Rillaboom
|turn|1
|
|t:|1758985628
|move|p2a: Kilowattrel|Air Slash|p1a: Rillaboom|[miss]
|-miss|p2a: Kilowattrel|p1a: Rillaboom
|move|p1a: Rillaboom|Knock Off|p2a: Kilowattrel
|-damage|p2a: Kilowattrel|18/100
|-enditem|p2a: Kilowattrel|Choice Scarf|[from] move: Knock Off|[of] p1a: Rillaboom
|
|upkeep
|turn|2
|
|t:|1758985633
|switch|p1a: Garganacl|Garganacl, M|100/100
|move|p2a: Kilowattrel|Air Slash|p1a: Garganacl
|-resisted|p1a: Garganacl
|-damage|p1a: Garganacl|90/100
|
|-heal|p1a: Garganacl|96/100|[from] Grassy Terrain
|upkeep
|turn|3
|
|t:|1758985636
|move|p2a: Kilowattrel|Volt Switch|p1a: Garganacl
|-damage|p1a: Garganacl|76/100
|inactive|Battle timer is ON: inactive players will automatically lose when time's up. (requested by vondvtch)
|
|t:|1758985657
|switch|p2a: Cinccino|Cinccino, F, shiny|100/100|[from] Volt Switch
|move|p1a: Garganacl|Salt Cure|p2a: Cinccino
|-damage|p2a: Cinccino|77/100
|-start|p2a: Cinccino|Salt Cure
|
|-heal|p2a: Cinccino|84/100|[from] Grassy Terrain
|-heal|p1a: Garganacl|82/100|[from] Grassy Terrain
|-damage|p2a: Cinccino|71/100|[from] Salt Cure
|upkeep
|turn|4
|
|t:|1758985664
|switch|p1a: Comfey|Comfey, F, shiny|100/100
|-enditem|p1a: Comfey|Grassy Seed
|-boost|p1a: Comfey|def|1|[from] item: Grassy Seed
|move|p2a: Cinccino|Tidy Up|p2a: Cinccino
|-boost|p2a: Cinccino|atk|1
|-boost|p2a: Cinccino|spe|1
|
|-heal|p2a: Cinccino|77/100|[from] Grassy Terrain
|-damage|p2a: Cinccino|65/100|[from] Salt Cure
|upkeep
|turn|5
|
|t:|1758985668
|move|p2a: Cinccino|Bullet Seed|p1a: Comfey
|-damage|p1a: Comfey|93/100
|-damage|p1a: Comfey|84/100
|-damage|p1a: Comfey|76/100
|-damage|p1a: Comfey|67/100
|-damage|p1a: Comfey|58/100
|-hitcount|p1a: Comfey|5
|move|p1a: Comfey|Calm Mind|p1a: Comfey
|-boost|p1a: Comfey|spa|1
|-boost|p1a: Comfey|spd|1
|
|-heal|p2a: Cinccino|71/100|[from] Grassy Terrain
|-heal|p1a: Comfey|64/100|[from] Grassy Terrain
|-damage|p2a: Cinccino|59/100|[from] Salt Cure
|-fieldend|move: Grassy Terrain
|upkeep
|turn|6
|
|t:|1758985678
|move|p1a: Comfey|Draining Kiss|p2a: Cinccino
|-damage|p2a: Cinccino|24/100
|-heal|p1a: Comfey|89/100|[from] drain|[of] p2a: Cinccino
|move|p2a: Cinccino|Tail Slap|p1a: Comfey
|-damage|p1a: Comfey|80/100
|-damage|p1a: Comfey|71/100
|-crit|p1a: Comfey
|-damage|p1a: Comfey|50/100
|-damage|p1a: Comfey|42/100
|-damage|p1a: Comfey|33/100
|-hitcount|p1a: Comfey|5
|
|-damage|p2a: Cinccino|11/100|[from] Salt Cure
|upkeep
|turn|7
|
|t:|1758985685
|move|p1a: Comfey|Draining Kiss|p2a: Cinccino
|-damage|p2a: Cinccino|0 fnt
|-heal|p1a: Comfey|40/100|[from] drain|[of] p2a: Cinccino
|faint|p2a: Cinccino
|
|upkeep
|
|t:|1758985696
|switch|p2a: Tentacruel|Tentacruel, F, shiny|100/100
|turn|8
|
|t:|1758985700
|-terastallize|p1a: Comfey|Steel
|move|p1a: Comfey|Stored Power|p2a: Tentacruel
|-supereffective|p2a: Tentacruel
|-damage|p2a: Tentacruel|75/100
|move|p2a: Tentacruel|Toxic Spikes|p1a: Comfey
|-sidestart|p1: vondvtch|move: Toxic Spikes
|
|-heal|p2a: Tentacruel|81/100|[from] item: Leftovers
|upkeep
|turn|9
|
|t:|1758985710
|move|p2a: Tentacruel|Toxic Spikes|p1a: Comfey
|-sidestart|p1: vondvtch|move: Toxic Spikes
|move|p1a: Comfey|Calm Mind|p1a: Comfey
|-boost|p1a: Comfey|spa|1
|-boost|p1a: Comfey|spd|1
|
|-heal|p2a: Tentacruel|87/100|[from] item: Leftovers
|upkeep
|turn|10
|
|t:|1758985721
|move|p2a: Tentacruel|Haze|p2a: Tentacruel
|-clearallboost
|move|p1a: Comfey|Stored Power|p2a: Tentacruel
|-supereffective|p2a: Tentacruel
|-damage|p2a: Tentacruel|81/100
|
|-heal|p2a: Tentacruel|87/100|[from] item: Leftovers
|upkeep
|turn|11
|l|☆vondvtch
|inactive|vondvtch disconnected and has a minute to reconnect!
|player|p1|
|inactive|vondvtch has 30 seconds to reconnect!
|inactive|vondvtch has 20 seconds to reconnect!
|inactive|vondvtch has 15 seconds to reconnect!
|inactive|vondvtch has 10 seconds to reconnect!
|inactive|vondvtch has 5 seconds to reconnect!
|-message|vondvtch lost due to inactivity.
|
|win|Di Lancer
|raw|vondvtch's rating: 1110 &rarr; <strong>1085</strong><br />(-25 for losing)
|raw|Di Lancer's rating: 1108 &rarr; <strong>1133</strong><br />(+25 for winning)
|l|☆Di Lancer
|player|p2|
|j|☆vondvtch
|player|p1|vondvtch|cheren-gen5bw2|
|l|☆vondvtch
|player|p1|
