|j|☆xiaoqian123
|j|☆v4lbu-p0k3
|t:|1759022638
|gametype|singles
|player|p1|xiaoqian123|1|1310
|player|p2|v4lbu-p0k3|ingo|1327
|gen|9
|tier|[Gen 9] OU
|rated|
|rule|HP Percentage Mod: HP is shown in percentages
|rule|Endless Battle Clause: Forcing endless battles is banned
|rule|Species Clause: Limit one of each Pokémon
|rule|OHKO Clause: OHKO moves are banned
|rule|Evasion Items Clause: Evasion items are banned
|rule|Evasion Moves Clause: Evasion moves are banned
|rule|Evasion Abilities Clause: Evasion abilities are banned
|rule|Sleep Moves Clause: Sleep-inducing moves are banned
|clearpoke
|poke|p1|Suicune|
|poke|p1|Scream Tail|
|poke|p1|Amoonguss, M|
|poke|p1|Dragonite, M|
|poke|p1|Tyranitar, M|
|poke|p1|Skeledirge, M|
|poke|p2|Metagross|
|poke|p2|Ceruledge, M|
|poke|p2|Kingambit, M|
|poke|p2|Qwilfish-Hisui, M|
|poke|p2|Iron Valiant|
|poke|p2|Kyurem|
|teampreview
|inactive|Battle timer is ON: inactive players will automatically lose when time's up. (requested by v4lbu-p0k3)
|inactive|xiaoqian123 also wants the timer to be on.
|inactive|v4lbu-p0k3 has 120 seconds left.
|
|t:|1759022680
|teamsize|p1|6
|teamsize|p2|6
|start
|switch|p1a: Tyranitar|Tyranitar, M, shiny|100/100
|switch|p2a: Roll|Iron Valiant, shiny|100/100
|-weather|Sandstorm|[from] ability: Sand Stream|[of] p1a: Tyranitar
|-enditem|p2a: Roll|Booster Energy
|-activate|p2a: Roll|ability: Quark Drive|[fromitem]
|-start|p2a: Roll|quarkdrivespe
|turn|1
|
|t:|1759022693
|switch|p1a: Scream Tail|Scream Tail|100/100
|move|p2a: Roll|Swords Dance|p2a: Roll
|-boost|p2a: Roll|atk|2
|
|-weather|Sandstorm|[upkeep]
|-damage|p2a: Roll|94/100|[from] Sandstorm
|-damage|p1a: Scream Tail|94/100|[from] Sandstorm
|-heal|p1a: Scream Tail|100/100|[from] item: Leftovers
|upkeep
|turn|2
|
|t:|1759022698
|move|p2a: Roll|Spirit Break|p1a: Scream Tail
|-damage|p1a: Scream Tail|42/100
|-unboost|p1a: Scream Tail|spa|1
|move|p1a: Scream Tail|Thunder Wave|p2a: Roll
|-status|p2a: Roll|par
|
|-weather|Sandstorm|[upkeep]
|-damage|p2a: Roll|88/100 par|[from] Sandstorm
|-damage|p1a: Scream Tail|35/100|[from] Sandstorm
|-heal|p1a: Scream Tail|42/100|[from] item: Leftovers
|upkeep
|turn|3
|
|t:|1759022723
|move|p2a: Roll|Spirit Break|p1a: Scream Tail
|-damage|p1a: Scream Tail|0 fnt
|faint|p1a: Scream Tail
|-end|p1a: Scream Tail|Protosynthesis|[silent]
|
|-weather|Sandstorm|[upkeep]
|-damage|p2a: Roll|82/100 par|[from] Sandstorm
|upkeep
|
|t:|1759022726
|switch|p1a: Skeledirge|Skeledirge, M|100/100
|turn|4
|
|t:|1759022746
|move|p2a: Roll|Knock Off|p1a: Skeledirge
|-supereffective|p1a: Skeledirge
|-damage|p1a: Skeledirge|49/100
|-enditem|p1a: Skeledirge|Heavy-Duty Boots|[from] move: Knock Off|[of] p2a: Roll
|move|p1a: Skeledirge|Torch Song|p2a: Roll
|-damage|p2a: Roll|20/100 par
|-boost|p1a: Skeledirge|spa|1
|
|-weather|Sandstorm|[upkeep]
|-damage|p2a: Roll|13/100 par|[from] Sandstorm
|-damage|p1a: Skeledirge|42/100|[from] Sandstorm
|upkeep
|turn|5
|inactive|v4lbu-p0k3 has 120 seconds left.
|
|t:|1759022769
|move|p2a: Roll|Spirit Break|p1a: Skeledirge
|-resisted|p1a: Skeledirge
|-damage|p1a: Skeledirge|28/100
|-unboost|p1a: Skeledirge|spa|1
|move|p1a: Skeledirge|Rest|p1a: Skeledirge
|-status|p1a: Skeledirge|slp|[from] move: Rest
|-heal|p1a: Skeledirge|100/100 slp|[silent]
|
|-weather|none
|upkeep
|turn|6
|inactive|v4lbu-p0k3 has 120 seconds left.
|
|t:|1759022783
|move|p2a: Roll|Spirit Break|p1a: Skeledirge
|-resisted|p1a: Skeledirge
|-damage|p1a: Skeledirge|86/100 slp
|-unboost|p1a: Skeledirge|spa|1
|cant|p1a: Skeledirge|slp
|move|p1a: Skeledirge|Sleep Talk|p1a: Skeledirge
|move|p1a: Skeledirge|Torch Song|p2a: Roll|[from] move: Sleep Talk
|-damage|p2a: Roll|0 fnt
|-boost|p1a: Skeledirge|spa|1
|faint|p2a: Roll
|-end|p2a: Roll|Quark Drive|[silent]
|
|upkeep
|inactive|v4lbu-p0k3 has 120 seconds left.
|
|t:|1759022798
|switch|p2a: Paladín|Ceruledge, M, shiny|100/100
|turn|7
|
|t:|1759022801
|move|p2a: Paladín|Swords Dance|p2a: Paladín
|-boost|p2a: Paladín|atk|2
|cant|p1a: Skeledirge|slp
|move|p1a: Skeledirge|Sleep Talk|p1a: Skeledirge
|move|p1a: Skeledirge|Shadow Ball|p2a: Paladín|[from] move: Sleep Talk
|-supereffective|p2a: Paladín
|-damage|p2a: Paladín|19/100
|
|upkeep
|turn|8
|inactive|v4lbu-p0k3 has 120 seconds left.
|
|t:|1759022817
|move|p2a: Paladín|Bitter Blade|p1a: Skeledirge
|-resisted|p1a: Skeledirge
|-damage|p1a: Skeledirge|68/100 slp
|-heal|p2a: Paladín|32/100|[from] drain|[of] p1a: Skeledirge
|-curestatus|p1a: Skeledirge|slp|[msg]
|move|p1a: Skeledirge|Shadow Ball|p2a: Paladín
|-supereffective|p2a: Paladín
|-damage|p2a: Paladín|0 fnt
|faint|p2a: Paladín
|
|upkeep
|
|t:|1759022822
|switch|p2a: Máximo|Metagross, shiny|100/100
|turn|9
|
|t:|1759022825
|move|p2a: Máximo|Agility|p2a: Máximo
|-boost|p2a: Máximo|spe|2
|move|p1a: Skeledirge|Torch Song|p2a: Máximo
|-supereffective|p2a: Máximo
|-damage|p2a: Máximo|18/100
|-boost|p1a: Skeledirge|spa|1
|-enditem|p2a: Máximo|Weakness Policy
|-boost|p2a: Máximo|atk|2|[from] item: Weakness Policy
|-boost|p2a: Máximo|spa|2|[from] item: Weakness Policy
|
|upkeep
|turn|10
|
|t:|1759022830
|-terastallize|p2a: Máximo|Ground
|move|p2a: Máximo|Earthquake|p1a: Skeledirge
|-supereffective|p1a: Skeledirge
|-damage|p1a: Skeledirge|0 fnt
|faint|p1a: Skeledirge
|
|upkeep
|
|t:|1759022840
|switch|p1a: Dragonite|Dragonite, M, shiny|100/100
|turn|11
|
|t:|1759022850
|move|p1a: Dragonite|Extreme Speed|p2a: Máximo
|-damage|p2a: Máximo|0 fnt
|faint|p2a: Máximo
|
|upkeep
|
|t:|1759022853
|switch|p2a: Aegon|Kyurem, shiny|100/100
|-ability|p2a: Aegon|Pressure
|turn|12
|l|☆v4lbu-p0k3
|inactive|v4lbu-p0k3 disconnected and has a minute to reconnect!
|player|p2|
|j|☆v4lbu-p0k3
|inactive|v4lbu-p0k3 reconnected and has 125 seconds left.
|player|p2|v4lbu-p0k3|ingo|
|
|t:|1759022883
|-terastallize|p1a: Dragonite|Normal
|move|p2a: Aegon|Icicle Spear|p1a: Dragonite
|-damage|p1a: Dragonite|93/100
|-damage|p1a: Dragonite|78/100
|-damage|p1a: Dragonite|62/100
|-damage|p1a: Dragonite|47/100
|-hitcount|p1a: Dragonite|4
|move|p1a: Dragonite|Dragon Dance|p1a: Dragonite
|-boost|p1a: Dragonite|atk|1
|-boost|p1a: Dragonite|spe|1
|
|upkeep
|turn|13
|
|t:|1759022898
|switch|p2a: Van Loon|Qwilfish-Hisui, M|100/100
|-ability|p2a: Van Loon|Intimidate|boost
|-unboost|p1a: Dragonite|atk|1
|move|p1a: Dragonite|Extreme Speed|p2a: Van Loon
|-damage|p2a: Van Loon|75/100
|
|upkeep
|turn|14
|
|t:|1759022908
|move|p1a: Dragonite|Earthquake|p2a: Van Loon
|-supereffective|p2a: Van Loon
|-damage|p2a: Van Loon|35/100
|move|p2a: Van Loon|Toxic|p1a: Dragonite
|-status|p1a: Dragonite|tox
|
|-damage|p1a: Dragonite|41/100 tox|[from] psn
|upkeep
|turn|15
|
|t:|1759022915
|switch|p2a: Aegon|Kyurem, shiny|100/100
|-ability|p2a: Aegon|Pressure
|move|p1a: Dragonite|Earthquake|p2a: Aegon
|-damage|p2a: Aegon|62/100
|
|-damage|p1a: Dragonite|29/100 tox|[from] psn
|upkeep
|turn|16
|
|t:|1759022922
|switch|p2a: Van Loon|Qwilfish-Hisui, M|35/100
|-ability|p2a: Van Loon|Intimidate|boost
|-unboost|p1a: Dragonite|atk|1
|move|p1a: Dragonite|Extreme Speed|p2a: Van Loon
|-damage|p2a: Van Loon|17/100
|
|-damage|p1a: Dragonite|10/100 tox|[from] psn
|upkeep
|turn|17
|
|t:|1759022932
|switch|p1a: Amoonguss|Amoonguss, M|100/100
|move|p2a: Van Loon|Taunt|p1a: Amoonguss
|-start|p1a: Amoonguss|move: Taunt
|
|upkeep
|turn|18
|
|t:|1759022936
|move|p2a: Van Loon|Pain Split|p1a: Amoonguss
|-sethp|p1a: Amoonguss|57/100|[from] move: Pain Split|[silent]
|-sethp|p2a: Van Loon|74/100|[from] move: Pain Split
|move|p1a: Amoonguss|Giga Drain|p2a: Van Loon
|-resisted|p2a: Van Loon
|-damage|p2a: Van Loon|61/100
|-heal|p1a: Amoonguss|62/100|[from] drain|[of] p2a: Van Loon
|
|upkeep
|turn|19
|
|t:|1759022948
|switch|p2a: Aegon|Kyurem, shiny|62/100
|-ability|p2a: Aegon|Pressure
|switch|p1a: Tyranitar|Tyranitar, M, shiny|100/100
|-weather|Sandstorm|[from] ability: Sand Stream|[of] p1a: Tyranitar
|
|-weather|Sandstorm|[upkeep]
|-damage|p2a: Aegon|56/100|[from] Sandstorm
|upkeep
|turn|20
|
|t:|1759022955
|switch|p1a: Suicune|Suicune|100/100
|-ability|p1a: Suicune|Pressure
|move|p2a: Aegon|Scale Shot|p1a: Suicune
|-damage|p1a: Suicune|92/100
|-damage|p1a: Suicune|84/100
|-damage|p1a: Suicune|75/100
|-damage|p1a: Suicune|68/100
|-damage|p1a: Suicune|60/100
|-hitcount|p1a: Suicune|5
|-unboost|p2a: Aegon|def|1
|-boost|p2a: Aegon|spe|1
|
|-weather|Sandstorm|[upkeep]
|-damage|p2a: Aegon|50/100|[from] Sandstorm
|-damage|p1a: Suicune|53/100|[from] Sandstorm
|-heal|p1a: Suicune|60/100|[from] item: Leftovers
|upkeep
|turn|21
|
|t:|1759022962
|move|p2a: Aegon|Scale Shot|p1a: Suicune
|-damage|p1a: Suicune|51/100
|-damage|p1a: Suicune|44/100
|-damage|p1a: Suicune|36/100
|-damage|p1a: Suicune|28/100
|-hitcount|p1a: Suicune|4
|-unboost|p2a: Aegon|def|1
|-boost|p2a: Aegon|spe|1
|move|p1a: Suicune|Calm Mind|p1a: Suicune
|-boost|p1a: Suicune|spa|1
|-boost|p1a: Suicune|spd|1
|
|-weather|Sandstorm|[upkeep]
|-damage|p2a: Aegon|44/100|[from] Sandstorm
|-damage|p1a: Suicune|22/100|[from] Sandstorm
|-heal|p1a: Suicune|28/100|[from] item: Leftovers
|upkeep
|turn|22
|
|t:|1759022967
|move|p2a: Aegon|Scale Shot|p1a: Suicune
|-damage|p1a: Suicune|19/100
|-damage|p1a: Suicune|11/100
|-damage|p1a: Suicune|2/100
|-damage|p1a: Suicune|0 fnt
|faint|p1a: Suicune
|-hitcount|p1: Suicune|4
|-unboost|p2a: Aegon|def|1
|-boost|p2a: Aegon|spe|1
|
|-weather|Sandstorm|[upkeep]
|-damage|p2a: Aegon|38/100|[from] Sandstorm
|upkeep
|
|t:|1759022968
|switch|p1a: Dragonite|Dragonite, M, shiny, tera:Normal|10/100 tox
|turn|23
|
|t:|1759022973
|switch|p2a: Van Loon|Qwilfish-Hisui, M|61/100
|-ability|p2a: Van Loon|Intimidate|boost
|-unboost|p1a: Dragonite|atk|1
|move|p1a: Dragonite|Extreme Speed|p2a: Van Loon
|-damage|p2a: Van Loon|44/100
|
|-weather|none
|-damage|p1a: Dragonite|4/100 tox|[from] psn
|upkeep
|turn|24
|
|t:|1759022977
|move|p1a: Dragonite|Earthquake|p2a: Van Loon
|-supereffective|p2a: Van Loon
|-damage|p2a: Van Loon|16/100
|move|p2a: Van Loon|Taunt|p1a: Dragonite
|-start|p1a: Dragonite|move: Taunt
|
|-damage|p1a: Dragonite|0 fnt|[from] psn
|faint|p1a: Dragonite
|upkeep
|
|t:|1759022981
|switch|p1a: Tyranitar|Tyranitar, M, shiny|100/100
|-weather|Sandstorm|[from] ability: Sand Stream|[of] p1a: Tyranitar
|turn|25
|
|t:|1759022988
|move|p2a: Van Loon|Pain Split|p1a: Tyranitar
|-sethp|p1a: Tyranitar|58/100|[from] move: Pain Split|[silent]
|-sethp|p2a: Van Loon|59/100|[from] move: Pain Split
|move|p1a: Tyranitar|Earthquake|p2a: Van Loon
|-supereffective|p2a: Van Loon
|-damage|p2a: Van Loon|14/100
|
|-weather|Sandstorm|[upkeep]
|-damage|p2a: Van Loon|8/100|[from] Sandstorm
|upkeep
|turn|26
|
|t:|1759022998
|move|p2a: Van Loon|Pain Split|p1a: Tyranitar
|-sethp|p1a: Tyranitar|33/100|[from] move: Pain Split|[silent]
|-sethp|p2a: Van Loon|33/100|[from] move: Pain Split
|move|p1a: Tyranitar|Earthquake|p2a: Van Loon
|-supereffective|p2a: Van Loon
|-damage|p2a: Van Loon|0 fnt
|faint|p2a: Van Loon
|
|-weather|Sandstorm|[upkeep]
|upkeep
|
|t:|1759023005
|switch|p2a: Aegon|Kyurem, shiny|38/100
|-ability|p2a: Aegon|Pressure
|turn|27
|
|t:|1759023008
|move|p2a: Aegon|Scale Shot|p1a: Tyranitar
|-damage|p1a: Tyranitar|21/100
|-damage|p1a: Tyranitar|10/100
|-damage|p1a: Tyranitar|0 fnt
|faint|p1a: Tyranitar
|-hitcount|p1: Tyranitar|3
|-unboost|p2a: Aegon|def|1
|-boost|p2a: Aegon|spe|1
|
|-weather|Sandstorm|[upkeep]
|-damage|p2a: Aegon|31/100|[from] Sandstorm
|upkeep
|
|t:|1759023010
|switch|p1a: Amoonguss|Amoonguss, M|95/100
|turn|28
|
|t:|1759023013
|move|p2a: Aegon|Icicle Spear|p1a: Amoonguss
|-supereffective|p1a: Amoonguss
|-damage|p1a: Amoonguss|74/100
|-supereffective|p1a: Amoonguss
|-damage|p1a: Amoonguss|55/100
|-supereffective|p1a: Amoonguss
|-damage|p1a: Amoonguss|35/100
|-supereffective|p1a: Amoonguss
|-damage|p1a: Amoonguss|15/100
|-supereffective|p1a: Amoonguss
|-damage|p1a: Amoonguss|0 fnt
|faint|p1a: Amoonguss
|-hitcount|p1: Amoonguss|5
|
|win|v4lbu-p0k3
|raw|xiaoqian123's rating: 1310 &rarr; <strong>1291</strong><br />(-19 for losing)
|raw|v4lbu-p0k3's rating: 1327 &rarr; <strong>1346</strong><br />(+19 for winning)
|l|☆xiaoqian123
|player|p1|
|l|☆v4lbu-p0k3
|player|p2|
