|j|☆yangtao
|j|☆turbotoby95
|t:|1758955664
|gametype|singles
|player|p1|yangtao|reporter|1536
|player|p2|turbotoby95|1|1508
|gen|9
|tier|[Gen 9] OU
|rated|
|rule|HP Percentage Mod: HP is shown in percentages
|rule|Endless Battle Clause: Forcing endless battles is banned
|rule|Species Clause: Limit one of each Pokémon
|rule|OHKO Clause: OHKO moves are banned
|rule|Evasion Items Clause: Evasion items are banned
|rule|Evasion Moves Clause: Evasion moves are banned
|rule|Evasion Abilities Clause: Evasion abilities are banned
|rule|Sleep Moves Clause: Sleep-inducing moves are banned
|clearpoke
|poke|p1|Hydreigon, F|
|poke|p1|Great Tusk|
|poke|p1|Meowscarada, M|
|poke|p1|Sinistcha|
|poke|p1|Gholdengo|
|poke|p1|Cinderace, M|
|poke|p2|Vaporeon, F|
|poke|p2|Ting-Lu|
|poke|p2|Darkrai|
|poke|p2|Gholdengo|
|poke|p2|Ditto|
|poke|p2|Dragonite, M|
|teampreview
|c|☆yangtao|hf
|inactive|Battle timer is ON: inactive players will automatically lose when time's up. (requested by yangtao)
|
|t:|1758955698
|teamsize|p1|6
|teamsize|p2|6
|start
|switch|p1a: Meowscarada|Meowscarada, M, shiny|100/100
|switch|p2a: Yoink!|Ditto, shiny|100/100
|-transform|p2a: Yoink!|p1a: Meowscarada|[from] ability: Imposter
|turn|1
|inactive|yangtao has 120 seconds left.
|
|t:|1758955733
|switch|p1a: Cinderace|Cinderace, M|100/100
|move|p2a: Yoink!|Knock Off|p1a: Cinderace
|-start|p2a: Yoink!|typechange|Dark|[from] ability: Protean
|-damage|p1a: Cinderace|47/100
|-enditem|p1a: Cinderace|Heavy-Duty Boots|[from] move: Knock Off|[of] p2a: Yoink!
|
|upkeep
|turn|2
|inactive|yangtao has 120 seconds left.
|
|t:|1758955747
|switch|p2a: Gyatdengo|Gholdengo|100/100
|move|p1a: Cinderace|Will-O-Wisp|p2a: Gyatdengo
|-immune|p2a: Gyatdengo|[from] ability: Good as Gold
|
|upkeep
|turn|3
|
|t:|1758955751
|move|p2a: Gyatdengo|Shadow Ball|p1a: Cinderace
|-damage|p1a: Cinderace|0 fnt
|faint|p1a: Cinderace
|
|upkeep
|
|t:|1758955758
|switch|p1a: Hydreigon|Hydreigon, F, shiny|100/100
|turn|4
|
|t:|1758955761
|switch|p2a: Ting-Lu|Ting-Lu|100/100
|-ability|p2a: Ting-Lu|Vessel of Ruin
|move|p1a: Hydreigon|U-turn|p2a: Ting-Lu
|-supereffective|p2a: Ting-Lu
|-damage|p2a: Ting-Lu|87/100
|
|t:|1758955765
|switch|p1a: Great Tusk|Great Tusk|100/100|[from] U-turn
|
|-heal|p2a: Ting-Lu|93/100|[from] item: Leftovers
|upkeep
|turn|5
|
|t:|1758955770
|move|p1a: Great Tusk|Close Combat|p2a: Ting-Lu
|-supereffective|p2a: Ting-Lu
|-damage|p2a: Ting-Lu|38/100
|-unboost|p1a: Great Tusk|def|1
|-unboost|p1a: Great Tusk|spd|1
|move|p2a: Ting-Lu|Spikes|p1a: Great Tusk
|-sidestart|p1: yangtao|Spikes
|
|-heal|p2a: Ting-Lu|44/100|[from] item: Leftovers
|upkeep
|turn|6
|
|t:|1758955775
|switch|p2a: Gyatdengo|Gholdengo|100/100
|move|p1a: Great Tusk|Ice Spinner|p2a: Gyatdengo
|-resisted|p2a: Gyatdengo
|-damage|p2a: Gyatdengo|85/100
|
|upkeep
|turn|7
|
|t:|1758955778
|-end|p1a: Great Tusk|Protosynthesis|[silent]
|switch|p1a: Hydreigon|Hydreigon, F, shiny|100/100
|move|p2a: Gyatdengo|Make It Rain|p1a: Hydreigon
|-damage|p1a: Hydreigon|53/100
|-unboost|p2a: Gyatdengo|spa|1
|
|-heal|p1a: Hydreigon|60/100|[from] item: Leftovers
|upkeep
|turn|8
|
|t:|1758955787
|switch|p2a: Ting-Lu|Ting-Lu|44/100
|-ability|p2a: Ting-Lu|Vessel of Ruin
|move|p1a: Hydreigon|Stealth Rock|p2a: Ting-Lu
|-sidestart|p2: turbotoby95|move: Stealth Rock
|
|-heal|p1a: Hydreigon|66/100|[from] item: Leftovers
|-heal|p2a: Ting-Lu|50/100|[from] item: Leftovers
|upkeep
|turn|9
|
|t:|1758955795
|switch|p2a: Gyatdengo|Gholdengo|85/100
|-damage|p2a: Gyatdengo|79/100|[from] Stealth Rock
|move|p1a: Hydreigon|U-turn|p2a: Gyatdengo
|-resisted|p2a: Gyatdengo
|-damage|p2a: Gyatdengo|75/100
|
|t:|1758955799
|switch|p1a: Great Tusk|Great Tusk|100/100|[from] U-turn
|
|upkeep
|turn|10
|
|t:|1758955802
|move|p2a: Gyatdengo|Make It Rain|p1a: Great Tusk
|-damage|p1a: Great Tusk|1/100
|-unboost|p2a: Gyatdengo|spa|1
|move|p1a: Great Tusk|Headlong Rush|p2a: Gyatdengo
|-supereffective|p2a: Gyatdengo
|-damage|p2a: Gyatdengo|0 fnt
|-unboost|p1a: Great Tusk|def|1
|-unboost|p1a: Great Tusk|spd|1
|faint|p2a: Gyatdengo
|
|upkeep
|
|t:|1758955805
|switch|p2a: Yoink!|Ditto, shiny|100/100
|-damage|p2a: Yoink!|88/100|[from] Stealth Rock
|-transform|p2a: Yoink!|p1a: Great Tusk|[from] ability: Imposter
|turn|11
|-activate|p2a: Yoink!|item: Quick Claw
|
|t:|1758955814
|-end|p1a: Great Tusk|Protosynthesis|[silent]
|switch|p1a: Gholdengo|Gholdengo|100/100
|-damage|p1a: Gholdengo|88/100|[from] Spikes
|move|p2a: Yoink!|Rapid Spin|p1a: Gholdengo
|-immune|p1a: Gholdengo
|
|-heal|p1a: Gholdengo|94/100|[from] item: Leftovers
|upkeep
|turn|12
|-activate|p2a: Yoink!|item: Quick Claw
|
|t:|1758955826
|switch|p1a: Sinistcha|Sinistcha|100/100
|move|p2a: Yoink!|Headlong Rush|p1a: Sinistcha
|-resisted|p1a: Sinistcha
|-damage|p1a: Sinistcha|76/100
|-unboost|p2a: Yoink!|def|1
|-unboost|p2a: Yoink!|spd|1
|
|upkeep
|turn|13
|
|t:|1758955833
|-end|p2a: Yoink!|Protosynthesis|[silent]
|switch|p2a: Ting-Lu|Ting-Lu|50/100
|-damage|p2a: Ting-Lu|44/100|[from] Stealth Rock
|-ability|p2a: Ting-Lu|Vessel of Ruin
|move|p1a: Sinistcha|Matcha Gotcha|p2a: Ting-Lu
|-supereffective|p2a: Ting-Lu
|-damage|p2a: Ting-Lu|3/100
|-heal|p1a: Sinistcha|100/100|[from] drain|[of] p2a: Ting-Lu
|
|-heal|p2a: Ting-Lu|9/100|[from] item: Leftovers
|upkeep
|turn|14
|
|t:|1758955843
|switch|p2a: Darkrai|Darkrai|100/100
|-damage|p2a: Darkrai|88/100|[from] Stealth Rock
|move|p1a: Sinistcha|Matcha Gotcha|p2a: Darkrai
|-damage|p2a: Darkrai|44/100
|
|-heal|p2a: Darkrai|50/100|[from] item: Leftovers
|upkeep
|turn|15
|
|t:|1758955850
|switch|p1a: Hydreigon|Hydreigon, F, shiny|66/100
|move|p2a: Darkrai|Dark Pulse|p1a: Hydreigon
|-resisted|p1a: Hydreigon
|-damage|p1a: Hydreigon|52/100
|
|-heal|p2a: Darkrai|56/100|[from] item: Leftovers
|-heal|p1a: Hydreigon|58/100|[from] item: Leftovers
|upkeep
|turn|16
|
|t:|1758955854
|move|p2a: Darkrai|Ice Beam|p1a: Hydreigon
|-supereffective|p1a: Hydreigon
|-damage|p1a: Hydreigon|11/100
|move|p1a: Hydreigon|Thunder Wave|p2a: Darkrai
|-status|p2a: Darkrai|par
|
|-heal|p1a: Hydreigon|17/100|[from] item: Leftovers
|-heal|p2a: Darkrai|62/100 par|[from] item: Leftovers
|upkeep
|turn|17
|
|t:|1758955860
|move|p1a: Hydreigon|U-turn|p2a: Darkrai
|-supereffective|p2a: Darkrai
|-damage|p2a: Darkrai|25/100 par
|
|t:|1758955865
|switch|p1a: Gholdengo|Gholdengo|94/100|[from] U-turn
|-damage|p1a: Gholdengo|82/100|[from] Spikes
|move|p2a: Darkrai|Ice Beam|p1a: Gholdengo
|-resisted|p1a: Gholdengo
|-damage|p1a: Gholdengo|65/100
|
|-heal|p1a: Gholdengo|72/100|[from] item: Leftovers
|-heal|p2a: Darkrai|31/100 par|[from] item: Leftovers
|upkeep
|turn|18
|
|t:|1758955868
|move|p1a: Gholdengo|Hex|p2a: Darkrai
|-resisted|p2a: Darkrai
|-damage|p2a: Darkrai|0 fnt
|faint|p2a: Darkrai
|
|-heal|p1a: Gholdengo|78/100|[from] item: Leftovers
|upkeep
|
|t:|1758955872
|switch|p2a: Yoink!|Ditto, shiny|88/100
|-damage|p2a: Yoink!|76/100|[from] Stealth Rock
|-transform|p2a: Yoink!|p1a: Gholdengo|[from] ability: Imposter
|turn|19
|
|t:|1758955880
|switch|p1a: Hydreigon|Hydreigon, F, shiny|17/100
|move|p2a: Yoink!|Hex|p1a: Hydreigon
|-resisted|p1a: Hydreigon
|-damage|p1a: Hydreigon|5/100
|
|-heal|p1a: Hydreigon|11/100|[from] item: Leftovers
|upkeep
|turn|20
|
|t:|1758955886
|switch|p2a: Ting-Lu|Ting-Lu|9/100
|-damage|p2a: Ting-Lu|3/100|[from] Stealth Rock
|-ability|p2a: Ting-Lu|Vessel of Ruin
|move|p1a: Hydreigon|Dark Pulse|p2a: Ting-Lu
|-resisted|p2a: Ting-Lu
|-damage|p2a: Ting-Lu|0 fnt
|faint|p2a: Ting-Lu
|
|-heal|p1a: Hydreigon|17/100|[from] item: Leftovers
|upkeep
|
|t:|1758955890
|switch|p2a: Yoink!|Ditto, shiny|76/100
|-damage|p2a: Yoink!|63/100|[from] Stealth Rock
|-transform|p2a: Yoink!|p1a: Hydreigon|[from] ability: Imposter
|turn|21
|
|t:|1758955895
|move|p2a: Yoink!|U-turn|p1a: Hydreigon
|-supereffective|p1a: Hydreigon
|-damage|p1a: Hydreigon|0 fnt
|faint|p1a: Hydreigon
|
|t:|1758955898
|switch|p2a: Mom|Vaporeon, F, shiny|100/100|[from] U-turn
|-damage|p2a: Mom|88/100|[from] Stealth Rock
|
|-heal|p2a: Mom|94/100|[from] item: Leftovers
|upkeep
|
|t:|1758955910
|switch|p1a: Gholdengo|Gholdengo|78/100
|-damage|p1a: Gholdengo|65/100|[from] Spikes
|turn|22
|
|t:|1758955917
|switch|p2a: Yoink!|Ditto, shiny|63/100
|-damage|p2a: Yoink!|51/100|[from] Stealth Rock
|-transform|p2a: Yoink!|p1a: Gholdengo|[from] ability: Imposter
|move|p1a: Gholdengo|Recover|p1a: Gholdengo
|-heal|p1a: Gholdengo|100/100
|
|upkeep
|turn|23
|
|t:|1758955923
|-terastallize|p1a: Gholdengo|Fairy
|move|p1a: Gholdengo|Hex|p2a: Yoink!
|-supereffective|p2a: Yoink!
|-damage|p2a: Yoink!|0 fnt
|faint|p2a: Yoink!
|
|upkeep
|
|t:|1758955928
|switch|p2a: Swagonite|Dragonite, M|100/100
|-damage|p2a: Swagonite|75/100|[from] Stealth Rock
|turn|24
|
|t:|1758955931
|move|p2a: Swagonite|Dragon Dance|p2a: Swagonite
|-boost|p2a: Swagonite|atk|1
|-boost|p2a: Swagonite|spe|1
|move|p1a: Gholdengo|Thunder Wave|p2a: Swagonite
|-status|p2a: Swagonite|par
|
|-heal|p2a: Swagonite|82/100 par|[from] item: Leftovers
|upkeep
|turn|25
|
|t:|1758955934
|move|p1a: Gholdengo|Hex|p2a: Swagonite
|-damage|p2a: Swagonite|14/100 par
|move|p2a: Swagonite|Dragon Dance|p2a: Swagonite
|-boost|p2a: Swagonite|atk|1
|-boost|p2a: Swagonite|spe|1
|
|-heal|p2a: Swagonite|20/100 par|[from] item: Leftovers
|upkeep
|turn|26
|
|t:|1758955938
|move|p2a: Swagonite|Earthquake|p1a: Gholdengo
|-damage|p1a: Gholdengo|35/100
|move|p1a: Gholdengo|Hex|p2a: Swagonite
|-damage|p2a: Swagonite|0 fnt
|faint|p2a: Swagonite
|
|-heal|p1a: Gholdengo|41/100|[from] item: Leftovers
|upkeep
|-message|turbotoby95 forfeited.
|
|win|yangtao
|raw|yangtao's rating: 1536 &rarr; <strong>1554</strong><br />(+18 for winning)
|raw|turbotoby95's rating: 1508 &rarr; <strong>1490</strong><br />(-18 for losing)
|l|☆turbotoby95
|player|p2|
