|j|☆rawbraines
|j|☆Zap_btw
|t:|1758983641
|gametype|singles
|player|p1|rawbraines|smasher|1185
|player|p2|Zap_btw|hilbert|1174
|gen|9
|tier|[Gen 9] OU
|rated|
|rule|HP Percentage Mod: HP is shown in percentages
|rule|Endless Battle Clause: Forcing endless battles is banned
|rule|Species Clause: Limit one of each Pokémon
|rule|OHKO Clause: OHKO moves are banned
|rule|Evasion Items Clause: Evasion items are banned
|rule|Evasion Moves Clause: Evasion moves are banned
|rule|Evasion Abilities Clause: Evasion abilities are banned
|rule|Sleep Moves Clause: Sleep-inducing moves are banned
|clearpoke
|poke|p1|Meowscarada, M|
|poke|p1|Weezing, F|
|poke|p1|Avalugg-Hisui, F|
|poke|p1|Suicune|
|poke|p1|Latias, F|
|poke|p1|Ursaluna, F|
|poke|p2|Garganacl, M|
|poke|p2|Gholdengo|
|poke|p2|Clodsire, F|
|poke|p2|Kingambit, F|
|poke|p2|Blaziken, M|
|poke|p2|Lokix, F|
|teampreview
|
|t:|1758983653
|teamsize|p1|6
|teamsize|p2|6
|start
|switch|p1a: Avalugg|Avalugg-Hisui, F|100/100
|switch|p2a: Garganacl|Garganacl, M|100/100
|turn|1
|
|t:|1758983661
|-terastallize|p1a: Avalugg|Fairy
|move|p1a: Avalugg|Stealth Rock|p2a: Garganacl
|-sidestart|p2: Zap_btw|move: Stealth Rock
|move|p2a: Garganacl|Stealth Rock|p1a: Avalugg
|-sidestart|p1: rawbraines|move: Stealth Rock
|
|upkeep
|turn|2
|
|t:|1758983666
|move|p1a: Avalugg|Rapid Spin|p2a: Garganacl
|-resisted|p2a: Garganacl
|-damage|p2a: Garganacl|97/100
|-boost|p1a: Avalugg|spe|1
|-sideend|p1: rawbraines|Stealth Rock|[from] move: Rapid Spin|[of] p1a: Avalugg
|move|p2a: Garganacl|Salt Cure|p1a: Avalugg
|-damage|p1a: Avalugg|95/100
|-start|p1a: Avalugg|Salt Cure
|
|-heal|p2a: Garganacl|100/100|[from] item: Leftovers
|-damage|p1a: Avalugg|82/100|[from] Salt Cure
|upkeep
|turn|3
|
|t:|1758983678
|switch|p2a: Gholdengo|Gholdengo|100/100
|-damage|p2a: Gholdengo|94/100|[from] Stealth Rock
|move|p1a: Avalugg|Earthquake|p2a: Gholdengo
|-supereffective|p2a: Gholdengo
|-damage|p2a: Gholdengo|28/100
|
|-damage|p1a: Avalugg|70/100|[from] Salt Cure
|upkeep
|turn|4
|
|t:|1758983689
|switch|p1a: Ursaluna|Ursaluna, F|100/100
|move|p2a: Gholdengo|Make It Rain|p1a: Ursaluna
|-damage|p1a: Ursaluna|62/100
|-unboost|p2a: Gholdengo|spa|1
|
|upkeep
|turn|5
|
|t:|1758983698
|move|p2a: Gholdengo|Make It Rain|p1a: Ursaluna
|-crit|p1a: Ursaluna
|-damage|p1a: Ursaluna|3/100
|-unboost|p2a: Gholdengo|spa|1
|move|p1a: Ursaluna|Headlong Rush|p2a: Gholdengo
|-supereffective|p2a: Gholdengo
|-damage|p2a: Gholdengo|0 fnt
|-unboost|p1a: Ursaluna|def|1
|-unboost|p1a: Ursaluna|spd|1
|faint|p2a: Gholdengo
|
|upkeep
|
|t:|1758983733
|switch|p2a: Blaziken|Blaziken, M|100/100
|-damage|p2a: Blaziken|88/100|[from] Stealth Rock
|turn|6
|
|t:|1758983740
|move|p2a: Blaziken|Earthquake|p1a: Ursaluna
|-damage|p1a: Ursaluna|0 fnt
|faint|p1a: Ursaluna
|
|-ability|p2a: Blaziken|Speed Boost|boost
|-boost|p2a: Blaziken|spe|1
|upkeep
|
|t:|1758983769
|switch|p1a: Avalugg|Avalugg-Hisui, F, tera:Fairy|70/100
|turn|7
|
|t:|1758983775
|move|p2a: Blaziken|Focus Energy|p2a: Blaziken
|-start|p2a: Blaziken|move: Focus Energy
|move|p1a: Avalugg|Earthquake|p2a: Blaziken
|-supereffective|p2a: Blaziken
|-damage|p2a: Blaziken|0 fnt
|faint|p2a: Blaziken
|
|upkeep
|
|t:|1758983781
|switch|p2a: Lokix|Lokix, F|100/100
|-damage|p2a: Lokix|76/100|[from] Stealth Rock
|turn|8
|
|t:|1758983788
|move|p2a: Lokix|First Impression|p1a: Avalugg
|-resisted|p1a: Avalugg
|-damage|p1a: Avalugg|48/100
|-damage|p2a: Lokix|66/100|[from] item: Life Orb
|move|p1a: Avalugg|Recover|p1a: Avalugg
|-heal|p1a: Avalugg|98/100
|
|upkeep
|turn|9
|
|t:|1758983801
|move|p2a: Lokix|Leech Life|p1a: Avalugg
|-resisted|p1a: Avalugg
|-crit|p1a: Avalugg
|-damage|p1a: Avalugg|66/100
|-heal|p2a: Lokix|84/100|[from] drain|[of] p1a: Avalugg
|-damage|p2a: Lokix|74/100|[from] item: Life Orb
|move|p1a: Avalugg|Earthquake|p2a: Lokix
|-resisted|p2a: Lokix
|-damage|p2a: Lokix|56/100
|
|upkeep
|turn|10
|
|t:|1758983810
|move|p2a: Lokix|Leech Life|p1a: Avalugg
|-resisted|p1a: Avalugg
|-damage|p1a: Avalugg|48/100
|-heal|p2a: Lokix|67/100|[from] drain|[of] p1a: Avalugg
|-damage|p2a: Lokix|57/100|[from] item: Life Orb
|move|p1a: Avalugg|Recover|p1a: Avalugg
|-heal|p1a: Avalugg|98/100
|
|upkeep
|turn|11
|
|t:|1758983831
|switch|p2a: Clodsire|Clodsire, F|100/100
|-damage|p2a: Clodsire|94/100|[from] Stealth Rock
|switch|p1a: Weezing|Weezing, F|100/100
|
|upkeep
|turn|12
|
|t:|1758983850
|switch|p1a: Latias|Latias, F|100/100
|switch|p2a: Kingambit|Kingambit, F|100/100
|-damage|p2a: Kingambit|94/100|[from] Stealth Rock
|-activate|p2a: Kingambit|ability: Supreme Overlord
|-start|p2a: Kingambit|fallen2|[silent]
|
|upkeep
|turn|13
|
|t:|1758983861
|switch|p1a: Avalugg|Avalugg-Hisui, F, tera:Fairy|98/100
|move|p2a: Kingambit|Sucker Punch||[still]
|-fail|p2a: Kingambit
|
|upkeep
|turn|14
|
|t:|1758983867
|-end|p2a: Kingambit|fallen2|[silent]
|switch|p2a: Clodsire|Clodsire, F|94/100
|-damage|p2a: Clodsire|88/100|[from] Stealth Rock
|move|p1a: Avalugg|Earthquake|p2a: Clodsire
|-supereffective|p2a: Clodsire
|-damage|p2a: Clodsire|20/100
|
|upkeep
|turn|15
|
|t:|1758983876
|move|p1a: Avalugg|Earthquake|p2a: Clodsire
|-supereffective|p2a: Clodsire
|-damage|p2a: Clodsire|0 fnt
|faint|p2a: Clodsire
|
|upkeep
|
|t:|1758983880
|switch|p2a: Garganacl|Garganacl, M|100/100
|-damage|p2a: Garganacl|88/100|[from] Stealth Rock
|turn|16
|
|t:|1758983888
|move|p1a: Avalugg|Earthquake|p2a: Garganacl
|-supereffective|p2a: Garganacl
|-damage|p2a: Garganacl|57/100
|move|p2a: Garganacl|Salt Cure|p1a: Avalugg
|-damage|p1a: Avalugg|92/100
|-start|p1a: Avalugg|Salt Cure
|
|-heal|p2a: Garganacl|64/100|[from] item: Leftovers
|-damage|p1a: Avalugg|80/100|[from] Salt Cure
|upkeep
|turn|17
|
|t:|1758983901
|switch|p1a: Suicune|Suicune|100/100
|-ability|p1a: Suicune|Pressure
|move|p2a: Garganacl|Salt Cure|p1a: Suicune
|-damage|p1a: Suicune|91/100
|-start|p1a: Suicune|Salt Cure
|
|-heal|p1a: Suicune|97/100|[from] item: Leftovers
|-heal|p2a: Garganacl|70/100|[from] item: Leftovers
|-damage|p1a: Suicune|72/100|[from] Salt Cure
|upkeep
|turn|18
|
|t:|1758983909
|move|p1a: Suicune|Scald|p2a: Garganacl
|-supereffective|p2a: Garganacl
|-damage|p2a: Garganacl|25/100
|-status|p2a: Garganacl|brn
|move|p2a: Garganacl|Recover|p2a: Garganacl
|-heal|p2a: Garganacl|75/100 brn
|
|-heal|p1a: Suicune|78/100|[from] item: Leftovers
|-heal|p2a: Garganacl|81/100 brn|[from] item: Leftovers
|-damage|p2a: Garganacl|75/100 brn|[from] brn
|-damage|p1a: Suicune|53/100|[from] Salt Cure
|upkeep
|turn|19
|inactive|Battle timer is ON: inactive players will automatically lose when time's up. (requested by Zap_btw)
|
|t:|1758983933
|switch|p1a: Avalugg|Avalugg-Hisui, F, tera:Fairy|80/100
|move|p2a: Garganacl|Recover|p2a: Garganacl
|-heal|p2a: Garganacl|100/100 brn
|
|-damage|p2a: Garganacl|94/100 brn|[from] brn
|upkeep
|turn|20
|
|t:|1758983939
|move|p1a: Avalugg|Earthquake|p2a: Garganacl
|-supereffective|p2a: Garganacl
|-damage|p2a: Garganacl|63/100 brn
|move|p2a: Garganacl|Salt Cure|p1a: Avalugg
|-damage|p1a: Avalugg|77/100
|-start|p1a: Avalugg|Salt Cure
|
|-heal|p2a: Garganacl|69/100 brn|[from] item: Leftovers
|-damage|p2a: Garganacl|63/100 brn|[from] brn
|-damage|p1a: Avalugg|65/100|[from] Salt Cure
|upkeep
|turn|21
|
|t:|1758983944
|move|p1a: Avalugg|Earthquake|p2a: Garganacl
|-supereffective|p2a: Garganacl
|-damage|p2a: Garganacl|34/100 brn
|move|p2a: Garganacl|Salt Cure|p1a: Avalugg
|-damage|p1a: Avalugg|62/100
|
|-heal|p2a: Garganacl|41/100 brn|[from] item: Leftovers
|-damage|p2a: Garganacl|34/100 brn|[from] brn
|-damage|p1a: Avalugg|50/100|[from] Salt Cure
|upkeep
|turn|22
|
|t:|1758983950
|move|p1a: Avalugg|Recover|p1a: Avalugg
|-heal|p1a: Avalugg|99/100
|move|p2a: Garganacl|Recover|p2a: Garganacl
|-heal|p2a: Garganacl|84/100 brn
|
|-heal|p2a: Garganacl|91/100 brn|[from] item: Leftovers
|-damage|p2a: Garganacl|84/100 brn|[from] brn
|-damage|p1a: Avalugg|87/100|[from] Salt Cure
|upkeep
|turn|23
|
|t:|1758983962
|move|p1a: Avalugg|Earthquake|p2a: Garganacl
|-supereffective|p2a: Garganacl
|-damage|p2a: Garganacl|55/100 brn
|move|p2a: Garganacl|Salt Cure|p1a: Avalugg
|-damage|p1a: Avalugg|84/100
|
|-heal|p2a: Garganacl|61/100 brn|[from] item: Leftovers
|-damage|p2a: Garganacl|55/100 brn|[from] brn
|-damage|p1a: Avalugg|72/100|[from] Salt Cure
|upkeep
|turn|24
|
|t:|1758983968
|move|p1a: Avalugg|Earthquake|p2a: Garganacl
|-supereffective|p2a: Garganacl
|-damage|p2a: Garganacl|25/100 brn
|move|p2a: Garganacl|Recover|p2a: Garganacl
|-heal|p2a: Garganacl|75/100 brn
|
|-heal|p2a: Garganacl|81/100 brn|[from] item: Leftovers
|-damage|p2a: Garganacl|75/100 brn|[from] brn
|-damage|p1a: Avalugg|59/100|[from] Salt Cure
|upkeep
|turn|25
|
|t:|1758983985
|move|p1a: Avalugg|Earthquake|p2a: Garganacl
|-supereffective|p2a: Garganacl
|-damage|p2a: Garganacl|45/100 brn
|move|p2a: Garganacl|Stealth Rock|p1a: Avalugg
|-sidestart|p1: rawbraines|move: Stealth Rock
|
|-heal|p2a: Garganacl|51/100 brn|[from] item: Leftovers
|-damage|p2a: Garganacl|45/100 brn|[from] brn
|-damage|p1a: Avalugg|47/100|[from] Salt Cure
|upkeep
|turn|26
|
|t:|1758983990
|move|p1a: Avalugg|Recover|p1a: Avalugg
|-heal|p1a: Avalugg|97/100
|move|p2a: Garganacl|Recover|p2a: Garganacl
|-heal|p2a: Garganacl|95/100 brn
|
|-heal|p2a: Garganacl|100/100 brn|[from] item: Leftovers
|-damage|p2a: Garganacl|94/100 brn|[from] brn
|-damage|p1a: Avalugg|85/100|[from] Salt Cure
|upkeep
|turn|27
|
|t:|1758983998
|move|p1a: Avalugg|Rapid Spin|p2a: Garganacl
|-resisted|p2a: Garganacl
|-damage|p2a: Garganacl|91/100 brn
|-boost|p1a: Avalugg|spe|1
|-sideend|p1: rawbraines|Stealth Rock|[from] move: Rapid Spin|[of] p1a: Avalugg
|move|p2a: Garganacl|Body Press|p1a: Avalugg
|-resisted|p1a: Avalugg
|-damage|p1a: Avalugg|81/100
|
|-heal|p2a: Garganacl|97/100 brn|[from] item: Leftovers
|-damage|p2a: Garganacl|91/100 brn|[from] brn
|-damage|p1a: Avalugg|69/100|[from] Salt Cure
|upkeep
|turn|28
|
|t:|1758984005
|move|p1a: Avalugg|Earthquake|p2a: Garganacl
|-supereffective|p2a: Garganacl
|-damage|p2a: Garganacl|62/100 brn
|move|p2a: Garganacl|Stealth Rock|p1a: Avalugg
|-sidestart|p1: rawbraines|move: Stealth Rock
|
|-heal|p2a: Garganacl|68/100 brn|[from] item: Leftovers
|-damage|p2a: Garganacl|62/100 brn|[from] brn
|-damage|p1a: Avalugg|57/100|[from] Salt Cure
|upkeep
|turn|29
|
|t:|1758984010
|move|p1a: Avalugg|Rapid Spin|p2a: Garganacl
|-resisted|p2a: Garganacl
|-damage|p2a: Garganacl|58/100 brn
|-boost|p1a: Avalugg|spe|1
|-sideend|p1: rawbraines|Stealth Rock|[from] move: Rapid Spin|[of] p1a: Avalugg
|move|p2a: Garganacl|Salt Cure|p1a: Avalugg
|-damage|p1a: Avalugg|54/100
|
|-heal|p2a: Garganacl|64/100 brn|[from] item: Leftovers
|-damage|p2a: Garganacl|58/100 brn|[from] brn
|-damage|p1a: Avalugg|41/100|[from] Salt Cure
|upkeep
|turn|30
|
|t:|1758984020
|move|p1a: Avalugg|Earthquake|p2a: Garganacl
|-supereffective|p2a: Garganacl
|-damage|p2a: Garganacl|30/100 brn
|move|p2a: Garganacl|Recover|p2a: Garganacl
|-heal|p2a: Garganacl|80/100 brn
|
|-heal|p2a: Garganacl|86/100 brn|[from] item: Leftovers
|-damage|p2a: Garganacl|80/100 brn|[from] brn
|-damage|p1a: Avalugg|29/100|[from] Salt Cure
|upkeep
|turn|31
|
|t:|1758984028
|move|p1a: Avalugg|Recover|p1a: Avalugg
|-heal|p1a: Avalugg|79/100
|move|p2a: Garganacl|Salt Cure|p1a: Avalugg
|-damage|p1a: Avalugg|76/100
|
|-heal|p2a: Garganacl|86/100 brn|[from] item: Leftovers
|-damage|p2a: Garganacl|80/100 brn|[from] brn
|-damage|p1a: Avalugg|64/100|[from] Salt Cure
|upkeep
|turn|32
|
|t:|1758984034
|move|p1a: Avalugg|Earthquake|p2a: Garganacl
|-supereffective|p2a: Garganacl
|-damage|p2a: Garganacl|48/100 brn
|move|p2a: Garganacl|Stealth Rock|p1a: Avalugg
|-sidestart|p1: rawbraines|move: Stealth Rock
|
|-heal|p2a: Garganacl|54/100 brn|[from] item: Leftovers
|-damage|p2a: Garganacl|48/100 brn|[from] brn
|-damage|p1a: Avalugg|52/100|[from] Salt Cure
|upkeep
|turn|33
|
|t:|1758984038
|move|p1a: Avalugg|Earthquake|p2a: Garganacl
|-supereffective|p2a: Garganacl
|-damage|p2a: Garganacl|18/100 brn
|move|p2a: Garganacl|Recover|p2a: Garganacl
|-heal|p2a: Garganacl|68/100 brn
|
|-heal|p2a: Garganacl|74/100 brn|[from] item: Leftovers
|-damage|p2a: Garganacl|68/100 brn|[from] brn
|-damage|p1a: Avalugg|39/100|[from] Salt Cure
|upkeep
|turn|34
|
|t:|1758984047
|move|p1a: Avalugg|Recover|p1a: Avalugg
|-heal|p1a: Avalugg|89/100
|move|p2a: Garganacl|Salt Cure|p1a: Avalugg
|-damage|p1a: Avalugg|86/100
|
|-heal|p2a: Garganacl|74/100 brn|[from] item: Leftovers
|-damage|p2a: Garganacl|68/100 brn|[from] brn
|-damage|p1a: Avalugg|74/100|[from] Salt Cure
|upkeep
|turn|35
|
|t:|1758984053
|move|p1a: Avalugg|Earthquake|p2a: Garganacl
|-supereffective|p2a: Garganacl
|-damage|p2a: Garganacl|37/100 brn
|move|p2a: Garganacl|Salt Cure|p1a: Avalugg
|-damage|p1a: Avalugg|71/100
|
|-heal|p2a: Garganacl|43/100 brn|[from] item: Leftovers
|-damage|p2a: Garganacl|37/100 brn|[from] brn
|-damage|p1a: Avalugg|59/100|[from] Salt Cure
|upkeep
|turn|36
|
|t:|1758984061
|move|p1a: Avalugg|Rapid Spin|p2a: Garganacl
|-resisted|p2a: Garganacl
|-damage|p2a: Garganacl|33/100 brn
|-boost|p1a: Avalugg|spe|1
|-sideend|p1: rawbraines|Stealth Rock|[from] move: Rapid Spin|[of] p1a: Avalugg
|move|p2a: Garganacl|Recover|p2a: Garganacl
|-heal|p2a: Garganacl|83/100 brn
|
|-heal|p2a: Garganacl|89/100 brn|[from] item: Leftovers
|-damage|p2a: Garganacl|83/100 brn|[from] brn
|-damage|p1a: Avalugg|46/100|[from] Salt Cure
|upkeep
|turn|37
|
|t:|1758984067
|switch|p2a: Lokix|Lokix, F|57/100
|-damage|p2a: Lokix|32/100|[from] Stealth Rock
|move|p1a: Avalugg|Recover|p1a: Avalugg
|-heal|p1a: Avalugg|96/100
|
|-damage|p1a: Avalugg|84/100|[from] Salt Cure
|upkeep
|turn|38
|
|t:|1758984076
|switch|p1a: Weezing|Weezing, F|100/100
|move|p2a: Lokix|First Impression|p1a: Weezing
|-resisted|p1a: Weezing
|-damage|p1a: Weezing|51/100
|-damage|p2a: Lokix|22/100|[from] item: Life Orb
|
|upkeep
|turn|39
|
|t:|1758984086
|move|p2a: Lokix|Sucker Punch|p1a: Weezing
|-damage|p1a: Weezing|14/100
|-damage|p2a: Lokix|12/100|[from] item: Life Orb
|move|p1a: Weezing|Flamethrower|p2a: Lokix
|-supereffective|p2a: Lokix
|-damage|p2a: Lokix|0 fnt
|faint|p2a: Lokix
|
|upkeep
|
|t:|1758984108
|switch|p2a: Kingambit|Kingambit, F|94/100
|-damage|p2a: Kingambit|88/100|[from] Stealth Rock
|-activate|p2a: Kingambit|ability: Supreme Overlord
|-start|p2a: Kingambit|fallen4|[silent]
|turn|40
|
|t:|1758984116
|move|p2a: Kingambit|Sucker Punch||[still]
|-fail|p2a: Kingambit
|move|p1a: Weezing|Pain Split|p2a: Kingambit
|-sethp|p2a: Kingambit|50/100|[from] move: Pain Split|[silent]
|-sethp|p1a: Weezing|60/100|[from] move: Pain Split
|
|upkeep
|turn|41
|
|t:|1758984136
|move|p1a: Weezing|Flamethrower|p2a: Kingambit
|-supereffective|p2a: Kingambit
|-damage|p2a: Kingambit|28/100
|move|p2a: Kingambit|Iron Head|p1a: Weezing
|-damage|p1a: Weezing|0 fnt
|faint|p1a: Weezing
|
|upkeep
|
|t:|1758984153
|switch|p1a: Meowscarada|Meowscarada, M|100/100
|turn|42
|
|t:|1758984177
|move|p1a: Meowscarada|U-turn|p2a: Kingambit
|-start|p1a: Meowscarada|typechange|Bug|[from] ability: Protean
|-damage|p2a: Kingambit|6/100
|
|t:|1758984185
|switch|p1a: Avalugg|Avalugg-Hisui, F, tera:Fairy|84/100|[from] U-turn
|move|p2a: Kingambit|Poison Jab|p1a: Avalugg
|-supereffective|p1a: Avalugg
|-damage|p1a: Avalugg|49/100
|
|upkeep
|turn|43
|
|t:|1758984192
|move|p2a: Kingambit|Iron Head|p1a: Avalugg
|-supereffective|p1a: Avalugg
|-damage|p1a: Avalugg|0 fnt
|faint|p1a: Avalugg
|
|upkeep
|
|t:|1758984196
|switch|p1a: Meowscarada|Meowscarada, M|100/100
|turn|44
|
|t:|1758984210
|move|p2a: Kingambit|Sucker Punch|p1a: Meowscarada
|-resisted|p1a: Meowscarada
|-damage|p1a: Meowscarada|54/100
|move|p1a: Meowscarada|U-turn|p2a: Kingambit
|-start|p1a: Meowscarada|typechange|Bug|[from] ability: Protean
|-damage|p2a: Kingambit|0 fnt
|faint|p2a: Kingambit
|-end|p2a: Kingambit|fallen4|[silent]
|-message|Zap_btw forfeited.
|
|win|rawbraines
|raw|rawbraines's rating: 1185 &rarr; <strong>1209</strong><br />(+24 for winning)
|raw|Zap_btw's rating: 1174 &rarr; <strong>1150</strong><br />(-24 for losing)
|l|☆Zap_btw
|player|p2|
|l|☆rawbraines
|player|p1|
