|j|☆crazey19
|j|☆bytor19
|t:|1758985466
|gametype|singles
|player|p1|crazey19|101|1303
|player|p2|bytor19|caitlin|1338
|gen|9
|tier|[Gen 9] OU
|rated|
|rule|HP Percentage Mod: HP is shown in percentages
|rule|Endless Battle Clause: Forcing endless battles is banned
|rule|Species Clause: Limit one of each Pokémon
|rule|OHKO Clause: OHKO moves are banned
|rule|Evasion Items Clause: Evasion items are banned
|rule|Evasion Moves Clause: Evasion moves are banned
|rule|Evasion Abilities Clause: Evasion abilities are banned
|rule|Sleep Moves Clause: Sleep-inducing moves are banned
|clearpoke
|poke|p1|Scizor, F|
|poke|p1|Heatran, F|
|poke|p1|Garchomp, M|
|poke|p1|Thundurus-Therian, M|
|poke|p1|Glimmora, M|
|poke|p1|Zarude-Dada|
|poke|p2|Serperior, F|
|poke|p2|Great Tusk|
|poke|p2|Glimmora, F|
|poke|p2|Gholdengo|
|poke|p2|Raging Bolt|
|poke|p2|Iron Valiant|
|teampreview
|
|t:|1758985486
|teamsize|p1|6
|teamsize|p2|6
|start
|switch|p1a: Glimmora|Glimmora, M, shiny|100/100
|switch|p2a: Serperior|Serperior, F, shiny|100/100
|turn|1
|
|t:|1758985496
|move|p2a: Serperior|Glare|p1a: Glimmora
|-status|p1a: Glimmora|par
|cant|p1a: Glimmora|par
|
|upkeep
|turn|2
|
|t:|1758985506
|switch|p2a: Glimmora|Glimmora, F, shiny|100/100
|move|p1a: Glimmora|Power Gem|p2a: Glimmora
|-damage|p2a: Glimmora|43/100
|
|upkeep
|turn|3
|
|t:|1758985512
|move|p2a: Glimmora|Stealth Rock|p1a: Glimmora
|-sidestart|p1: crazey19|move: Stealth Rock
|move|p1a: Glimmora|Stealth Rock|p2a: Glimmora
|-sidestart|p2: bytor19|move: Stealth Rock
|
|upkeep
|turn|4
|
|t:|1758985516
|move|p2a: Glimmora|Mortal Spin|p1a: Glimmora
|-resisted|p1a: Glimmora
|-damage|p1a: Glimmora|99/100 par
|-activate|p1a: Glimmora|ability: Toxic Debris
|-sidestart|p2: bytor19|move: Toxic Spikes
|-sideend|p2: bytor19|Toxic Spikes|[from] move: Mortal Spin|[of] p2a: Glimmora
|-sideend|p2: bytor19|Stealth Rock|[from] move: Mortal Spin|[of] p2a: Glimmora
|move|p1a: Glimmora|Earth Power|p2a: Glimmora
|-supereffective|p2a: Glimmora
|-damage|p2a: Glimmora|0 fnt
|faint|p2a: Glimmora
|
|upkeep
|
|t:|1758985522
|switch|p2a: Great Tusk|Great Tusk, shiny|100/100
|turn|5
|
|t:|1758985533
|move|p2a: Great Tusk|Headlong Rush|p1a: Glimmora
|-supereffective|p1a: Glimmora
|-damage|p1a: Glimmora|0 fnt
|-unboost|p2a: Great Tusk|def|1
|-unboost|p2a: Great Tusk|spd|1
|-activate|p1a: Glimmora|ability: Toxic Debris
|-sidestart|p2: bytor19|move: Toxic Spikes
|faint|p1a: Glimmora
|
|upkeep
|
|t:|1758985535
|switch|p1a: Thundurus|Thundurus-Therian, M, shiny|100/100
|-damage|p1a: Thundurus|76/100|[from] Stealth Rock
|turn|6
|
|t:|1758985545
|-terastallize|p1a: Thundurus|Flying
|move|p1a: Thundurus|Tera Blast|p2a: Great Tusk|[anim] Tera Blast Flying
|-supereffective|p2a: Great Tusk
|-damage|p2a: Great Tusk|0 fnt
|faint|p2a: Great Tusk
|-end|p2a: Great Tusk|Protosynthesis|[silent]
|
|upkeep
|
|t:|1758985555
|switch|p2a: Raging Bolt|Raging Bolt|100/100
|-status|p2a: Raging Bolt|psn
|turn|7
|
|t:|1758985584
|switch|p1a: Zarude|Zarude-Dada|100/100
|move|p2a: Raging Bolt|Draco Meteor|p1a: Zarude
|-damage|p1a: Zarude|25/100
|-unboost|p2a: Raging Bolt|spa|2
|
|-damage|p2a: Raging Bolt|88/100 psn|[from] psn
|upkeep
|turn|8
|
|t:|1758985607
|-end|p2a: Raging Bolt|Protosynthesis|[silent]
|switch|p2a: Serperior|Serperior, F, shiny|100/100
|-status|p2a: Serperior|psn
|move|p1a: Zarude|Knock Off|p2a: Serperior
|-damage|p2a: Serperior|44/100 psn
|-enditem|p2a: Serperior|Wide Lens|[from] move: Knock Off|[of] p1a: Zarude
|
|-damage|p2a: Serperior|32/100 psn|[from] psn
|upkeep
|turn|9
|inactive|Battle timer is ON: inactive players will automatically lose when time's up. (requested by crazey19)
|
|t:|1758985625
|-terastallize|p2a: Serperior|Fire
|move|p2a: Serperior|Tera Blast|p1a: Zarude|[anim] Tera Blast Fire
|-supereffective|p1a: Zarude
|-damage|p1a: Zarude|0 fnt
|faint|p1a: Zarude
|
|-damage|p2a: Serperior|20/100 psn|[from] psn
|upkeep
|
|t:|1758985635
|switch|p1a: Scizor|Scizor, F|100/100
|-damage|p1a: Scizor|88/100|[from] Stealth Rock
|turn|10
|
|t:|1758985642
|move|p1a: Scizor|Bullet Punch|p2a: Serperior
|-resisted|p2a: Serperior
|-damage|p2a: Serperior|0 fnt
|faint|p2a: Serperior
|
|upkeep
|
|t:|1758985650
|switch|p2a: Gholdengo|Gholdengo|100/100
|-item|p2a: Gholdengo|Air Balloon
|turn|11
|inactive|crazey19 has 120 seconds left.
|
|t:|1758985682
|move|p2a: Gholdengo|Nasty Plot|p2a: Gholdengo
|-boost|p2a: Gholdengo|spa|2
|move|p1a: Scizor|Knock Off|p2a: Gholdengo
|-supereffective|p2a: Gholdengo
|-crit|p2a: Gholdengo
|-damage|p2a: Gholdengo|0 fnt
|-enditem|p2a: Gholdengo|Air Balloon
|faint|p2a: Gholdengo
|
|upkeep
|
|t:|1758985687
|switch|p2a: Raging Bolt|Raging Bolt|88/100 psn
|turn|12
|
|t:|1758985693
|move|p2a: Raging Bolt|Thunderbolt|p1a: Scizor
|-damage|p1a: Scizor|10/100
|-enditem|p1a: Scizor|Sitrus Berry|[eat]
|-heal|p1a: Scizor|35/100|[from] item: Sitrus Berry
|move|p1a: Scizor|Knock Off|p2a: Raging Bolt
|-damage|p2a: Raging Bolt|60/100 psn
|-enditem|p2a: Raging Bolt|Zap Plate|[from] move: Knock Off|[of] p1a: Scizor
|
|-damage|p2a: Raging Bolt|47/100 psn|[from] psn
|upkeep
|turn|13
|l|☆bytor19
|inactive|bytor19 disconnected and has a minute to reconnect!
|player|p2|
|j|☆bytor19
|inactive|bytor19 reconnected and has 115 seconds left.
|player|p2|bytor19|caitlin|
|
|t:|1758985739
|move|p1a: Scizor|Bullet Punch|p2a: Raging Bolt
|-resisted|p2a: Raging Bolt
|-damage|p2a: Raging Bolt|34/100 psn
|move|p2a: Raging Bolt|Draco Meteor|p1a: Scizor
|-resisted|p1a: Scizor
|-damage|p1a: Scizor|0 fnt
|-unboost|p2a: Raging Bolt|spa|2
|faint|p1a: Scizor
|
|-damage|p2a: Raging Bolt|21/100 psn|[from] psn
|upkeep
|inactive|crazey19 has 120 seconds left.
|
|t:|1758985754
|switch|p1a: Garchomp|Garchomp, M|100/100
|-damage|p1a: Garchomp|94/100|[from] Stealth Rock
|turn|14
|
|t:|1758985757
|move|p1a: Garchomp|Scale Shot|p2a: Raging Bolt
|-supereffective|p2a: Raging Bolt
|-damage|p2a: Raging Bolt|0 fnt
|faint|p2a: Raging Bolt
|-end|p2a: Raging Bolt|Protosynthesis|[silent]
|-hitcount|p2: Raging Bolt|1
|-unboost|p1a: Garchomp|def|1
|-boost|p1a: Garchomp|spe|1
|
|upkeep
|
|t:|1758985759
|switch|p2a: Iron Valiant|Iron Valiant|100/100
|-status|p2a: Iron Valiant|psn
|-enditem|p2a: Iron Valiant|Booster Energy
|-activate|p2a: Iron Valiant|ability: Quark Drive|[fromitem]
|-start|p2a: Iron Valiant|quarkdrivespe
|turn|15
|
|t:|1758985775
|move|p2a: Iron Valiant|Calm Mind|p2a: Iron Valiant
|-boost|p2a: Iron Valiant|spa|1
|-boost|p2a: Iron Valiant|spd|1
|move|p1a: Garchomp|Earthquake|p2a: Iron Valiant
|-damage|p2a: Iron Valiant|32/100 psn
|
|-damage|p2a: Iron Valiant|19/100 psn|[from] psn
|upkeep
|turn|16
|
|t:|1758985781
|move|p2a: Iron Valiant|Moonblast|p1a: Garchomp
|-supereffective|p1a: Garchomp
|-damage|p1a: Garchomp|0 fnt
|faint|p1a: Garchomp
|
|-damage|p2a: Iron Valiant|7/100 psn|[from] psn
|upkeep
|
|t:|1758985786
|switch|p1a: Thundurus|Thundurus-Therian, M, shiny, tera:Flying|76/100
|-damage|p1a: Thundurus|51/100|[from] Stealth Rock
|turn|17
|
|t:|1758985788
|move|p2a: Iron Valiant|Moonblast|p1a: Thundurus
|-damage|p1a: Thundurus|0 fnt
|faint|p1a: Thundurus
|
|-damage|p2a: Iron Valiant|0 fnt|[from] psn
|faint|p2a: Iron Valiant
|-end|p2a: Iron Valiant|Quark Drive|[silent]
|
|win|crazey19
|raw|crazey19's rating: 1303 &rarr; <strong>1325</strong><br />(+22 for winning)
|raw|bytor19's rating: 1338 &rarr; <strong>1316</strong><br />(-22 for losing)
|l|☆bytor19
|player|p2|
|l|☆crazey19
|player|p1|
