|j|☆geigeidragon
|j|☆lustereob
|t:|1759041028
|gametype|singles
|player|p1|geigeidragon|dawn-gen4pt|1542
|player|p2|lustereob|102|1510
|gen|9
|tier|[Gen 9] OU
|rated|
|rule|HP Percentage Mod: HP is shown in percentages
|rule|Endless Battle Clause: Forcing endless battles is banned
|rule|Species Clause: Limit one of each Pokémon
|rule|OHKO Clause: OHKO moves are banned
|rule|Evasion Items Clause: Evasion items are banned
|rule|Evasion Moves Clause: Evasion moves are banned
|rule|Evasion Abilities Clause: Evasion abilities are banned
|rule|Sleep Moves Clause: Sleep-inducing moves are banned
|clearpoke
|poke|p1|Tyranitar, M|
|poke|p1|Excadrill, M|
|poke|p1|Keldeo-Resolute|
|poke|p1|Tornadus-Therian, M|
|poke|p1|Heatran, F|
|poke|p1|Hydrapple, M|
|poke|p2|Ninetales, F|
|poke|p2|Ceruledge, M|
|poke|p2|Venusaur, M|
|poke|p2|Hatterene, F|
|poke|p2|Great Tusk|
|poke|p2|Walking Wake|
|teampreview
|inactive|Battle timer is ON: inactive players will automatically lose when time's up. (requested by geigeidragon)
|
|t:|1759041055
|teamsize|p1|6
|teamsize|p2|6
|start
|switch|p1a: Tornadus|Tornadus-Therian, M|100/100
|switch|p2a: Great Tusk|Great Tusk|100/100
|turn|1
|
|t:|1759041067
|-end|p2a: Great Tusk|Protosynthesis|[silent]
|switch|p2a: Ninetales|Ninetales, F, shiny|100/100
|-weather|SunnyDay|[from] ability: Drought|[of] p2a: Ninetales
|move|p1a: Tornadus|Bleakwind Storm|p2a: Ninetales
|-damage|p2a: Ninetales|64/100
|
|-weather|SunnyDay|[upkeep]
|upkeep
|turn|2
|
|t:|1759041076
|move|p1a: Tornadus|U-turn|p2a: Ninetales
|-resisted|p2a: Ninetales
|-damage|p2a: Ninetales|56/100
|
|t:|1759041079
|switch|p1a: Tyranitar|Tyranitar, M|100/100|[from] U-turn
|-weather|Sandstorm|[from] ability: Sand Stream|[of] p1a: Tyranitar
|move|p2a: Ninetales|Will-O-Wisp|p1a: Tyranitar
|-status|p1a: Tyranitar|brn
|
|-weather|Sandstorm|[upkeep]
|-damage|p2a: Ninetales|49/100|[from] Sandstorm
|-damage|p1a: Tyranitar|94/100 brn|[from] brn
|upkeep
|turn|3
|
|t:|1759041100
|switch|p2a: Great Tusk|Great Tusk|100/100
|switch|p1a: Keldeo|Keldeo-Resolute|100/100
|
|-weather|Sandstorm|[upkeep]
|-damage|p1a: Keldeo|94/100|[from] Sandstorm
|upkeep
|turn|4
|
|t:|1759041108
|-end|p2a: Great Tusk|Protosynthesis|[silent]
|switch|p2a: Hatterene|Hatterene, F, shiny|100/100
|move|p1a: Keldeo|Flip Turn|p2a: Hatterene
|-damage|p2a: Hatterene|89/100
|-enditem|p2a: Hatterene|Eject Button
|
|t:|1759041120
|switch|p2a: Walking Wake|Walking Wake|100/100
|
|-weather|Sandstorm|[upkeep]
|-damage|p2a: Walking Wake|94/100|[from] Sandstorm
|-damage|p1a: Keldeo|88/100|[from] Sandstorm
|upkeep
|turn|5
|
|t:|1759041132
|switch|p1a: Heatran|Heatran, F|100/100
|move|p2a: Walking Wake|Draco Meteor|p1a: Heatran
|-resisted|p1a: Heatran
|-damage|p1a: Heatran|67/100
|-unboost|p2a: Walking Wake|spa|2
|
|-weather|Sandstorm|[upkeep]
|-damage|p2a: Walking Wake|88/100|[from] Sandstorm
|-heal|p1a: Heatran|73/100|[from] item: Leftovers
|upkeep
|turn|6
|
|t:|1759041140
|-end|p2a: Walking Wake|Protosynthesis|[silent]
|switch|p2a: Ninetales|Ninetales, F, shiny|49/100
|-weather|SunnyDay|[from] ability: Drought|[of] p2a: Ninetales
|move|p1a: Heatran|Magma Storm|p2a: Ninetales|[miss]
|-miss|p1a: Heatran|p2a: Ninetales
|
|-weather|SunnyDay|[upkeep]
|-heal|p1a: Heatran|80/100|[from] item: Leftovers
|upkeep
|turn|7
|
|t:|1759041151
|switch|p2a: Walking Wake|Walking Wake|88/100
|-activate|p2a: Walking Wake|ability: Protosynthesis
|-start|p2a: Walking Wake|protosynthesisspa
|move|p1a: Heatran|Magma Storm|p2a: Walking Wake
|-resisted|p2a: Walking Wake
|-damage|p2a: Walking Wake|70/100
|-activate|p2a: Walking Wake|move: Magma Storm|[of] p1a: Heatran
|
|-weather|SunnyDay|[upkeep]
|-heal|p1a: Heatran|86/100|[from] item: Leftovers
|-damage|p2a: Walking Wake|57/100|[from] move: Magma Storm|[partiallytrapped]
|upkeep
|turn|8
|
|t:|1759041166
|switch|p1a: Hydrapple|Hydrapple, M|100/100
|move|p2a: Walking Wake|Hydro Steam|p1a: Hydrapple
|-resisted|p1a: Hydrapple
|-damage|p1a: Hydrapple|69/100
|
|-weather|SunnyDay|[upkeep]
|-end|p2a: Walking Wake|Magma Storm|[partiallytrapped]|[silent]
|upkeep
|turn|9
|
|t:|1759041181
|-end|p2a: Walking Wake|Protosynthesis|[silent]
|switch|p2a: Venusaur|Venusaur, M|100/100
|switch|p1a: Keldeo|Keldeo-Resolute|88/100
|
|-weather|SunnyDay|[upkeep]
|upkeep
|turn|10
|
|t:|1759041193
|switch|p1a: Tyranitar|Tyranitar, M|94/100 brn
|-weather|Sandstorm|[from] ability: Sand Stream|[of] p1a: Tyranitar
|move|p2a: Venusaur|Growth|p2a: Venusaur
|-boost|p2a: Venusaur|atk|1
|-boost|p2a: Venusaur|spa|1
|
|-weather|Sandstorm|[upkeep]
|-damage|p2a: Venusaur|95/100|[from] Sandstorm
|-damage|p1a: Tyranitar|88/100 brn|[from] brn
|upkeep
|turn|11
|
|t:|1759041198
|move|p2a: Venusaur|Giga Drain|p1a: Tyranitar
|-supereffective|p1a: Tyranitar
|-damage|p1a: Tyranitar|0 fnt
|-heal|p2a: Venusaur|100/100|[from] drain|[of] p1a: Tyranitar
|faint|p1a: Tyranitar
|-damage|p2a: Venusaur|91/100|[from] item: Life Orb
|
|-weather|Sandstorm|[upkeep]
|-damage|p2a: Venusaur|85/100|[from] Sandstorm
|upkeep
|
|t:|1759041214
|switch|p1a: Tornadus|Tornadus-Therian, M|100/100
|turn|12
|
|t:|1759041221
|-terastallize|p2a: Venusaur|Fire
|move|p1a: Tornadus|Bleakwind Storm|p2a: Venusaur
|-damage|p2a: Venusaur|42/100
|move|p2a: Venusaur|Weather Ball|p1a: Tornadus
|-supereffective|p1a: Tornadus
|-damage|p1a: Tornadus|0 fnt
|faint|p1a: Tornadus
|-damage|p2a: Venusaur|32/100|[from] item: Life Orb
|
|-weather|Sandstorm|[upkeep]
|-damage|p2a: Venusaur|26/100|[from] Sandstorm
|upkeep
|
|t:|1759041229
|switch|p1a: Excadrill|Excadrill, M|100/100
|-item|p1a: Excadrill|Air Balloon
|turn|13
|
|t:|1759041238
|switch|p2a: Great Tusk|Great Tusk|100/100
|move|p1a: Excadrill|Swords Dance|p1a: Excadrill
|-boost|p1a: Excadrill|atk|2
|
|-weather|Sandstorm|[upkeep]
|upkeep
|turn|14
|
|t:|1759041248
|move|p1a: Excadrill|Rapid Spin|p2a: Great Tusk
|-damage|p2a: Great Tusk|74/100
|-boost|p1a: Excadrill|spe|1
|-damage|p1a: Excadrill|84/100|[from] item: Rocky Helmet|[of] p2a: Great Tusk
|move|p2a: Great Tusk|Rapid Spin|p1a: Excadrill
|-resisted|p1a: Excadrill
|-damage|p1a: Excadrill|74/100
|-boost|p2a: Great Tusk|spe|1
|-enditem|p1a: Excadrill|Air Balloon
|
|-weather|none
|upkeep
|turn|15
|
|t:|1759041258
|-end|p2a: Great Tusk|Protosynthesis|[silent]
|switch|p2a: Ninetales|Ninetales, F, shiny|49/100
|-weather|SunnyDay|[from] ability: Drought|[of] p2a: Ninetales
|move|p1a: Excadrill|Earthquake|p2a: Ninetales
|-supereffective|p2a: Ninetales
|-damage|p2a: Ninetales|0 fnt
|faint|p2a: Ninetales
|
|-weather|SunnyDay|[upkeep]
|upkeep
|
|t:|1759041264
|switch|p2a: Venusaur|Venusaur, M, tera:Fire|26/100
|turn|16
|
|t:|1759041290
|switch|p2a: Great Tusk|Great Tusk|74/100
|-activate|p2a: Great Tusk|ability: Protosynthesis
|-start|p2a: Great Tusk|protosynthesisspe
|switch|p1a: Heatran|Heatran, F|86/100
|
|-weather|SunnyDay|[upkeep]
|-heal|p1a: Heatran|92/100|[from] item: Leftovers
|upkeep
|turn|17
|
|t:|1759041302
|switch|p1a: Hydrapple|Hydrapple, M|100/100
|move|p2a: Great Tusk|Rapid Spin|p1a: Hydrapple
|-damage|p1a: Hydrapple|93/100
|-boost|p2a: Great Tusk|spe|1
|-damage|p2a: Great Tusk|58/100|[from] item: Rocky Helmet|[of] p1a: Hydrapple
|
|-weather|SunnyDay|[upkeep]
|upkeep
|turn|18
|
|t:|1759041306
|move|p2a: Great Tusk|Ice Spinner|p1a: Hydrapple
|-supereffective|p1a: Hydrapple
|-damage|p1a: Hydrapple|38/100
|-damage|p2a: Great Tusk|41/100|[from] item: Rocky Helmet|[of] p1a: Hydrapple
|move|p1a: Hydrapple|Giga Drain|p2a: Great Tusk
|-supereffective|p2a: Great Tusk
|-damage|p2a: Great Tusk|0 fnt
|-heal|p1a: Hydrapple|59/100|[from] drain|[of] p2a: Great Tusk
|faint|p2a: Great Tusk
|-end|p2a: Great Tusk|Protosynthesis|[silent]
|
|-weather|SunnyDay|[upkeep]
|upkeep
|
|t:|1759041313
|switch|p2a: Walking Wake|Walking Wake|57/100
|-activate|p2a: Walking Wake|ability: Protosynthesis
|-start|p2a: Walking Wake|protosynthesisspa
|turn|19
|
|t:|1759041318
|-terastallize|p1a: Hydrapple|Fairy
|move|p2a: Walking Wake|Hydro Steam|p1a: Hydrapple
|-damage|p1a: Hydrapple|0 fnt
|faint|p1a: Hydrapple
|
|-weather|SunnyDay|[upkeep]
|upkeep
|
|t:|1759041325
|switch|p1a: Keldeo|Keldeo-Resolute|88/100
|turn|20
|inactive|lustereob has 120 seconds left.
|
|t:|1759041359
|-end|p2a: Walking Wake|Protosynthesis|[silent]
|switch|p2a: Hatterene|Hatterene, F, shiny|89/100
|move|p1a: Keldeo|Surf|p2a: Hatterene
|-damage|p2a: Hatterene|54/100
|
|-weather|SunnyDay|[upkeep]
|upkeep
|turn|21
|
|t:|1759041368
|switch|p1a: Heatran|Heatran, F|92/100
|move|p2a: Hatterene|Healing Wish|p2a: Hatterene
|faint|p2a: Hatterene
|
|-weather|SunnyDay|[upkeep]
|-heal|p1a: Heatran|98/100|[from] item: Leftovers
|upkeep
|inactive|lustereob has 120 seconds left.
|
|t:|1759041383
|switch|p2a: Walking Wake|Walking Wake|57/100
|-heal|p2a: Walking Wake|100/100|[from] move: Healing Wish
|-activate|p2a: Walking Wake|ability: Protosynthesis
|-start|p2a: Walking Wake|protosynthesisspa
|turn|22
|
|t:|1759041389
|switch|p1a: Excadrill|Excadrill, M|74/100
|move|p2a: Walking Wake|Hydro Steam|p1a: Excadrill
|-supereffective|p1a: Excadrill
|-damage|p1a: Excadrill|0 fnt
|faint|p1a: Excadrill
|
|-weather|none
|-end|p2a: Walking Wake|Protosynthesis
|upkeep
|
|t:|1759041401
|switch|p1a: Keldeo|Keldeo-Resolute|88/100
|turn|23
|
|t:|1759041406
|move|p2a: Walking Wake|Hydro Steam|p1a: Keldeo
|-resisted|p1a: Keldeo
|-crit|p1a: Keldeo
|-damage|p1a: Keldeo|40/100
|move|p1a: Keldeo|Surf|p2a: Walking Wake
|-resisted|p2a: Walking Wake
|-damage|p2a: Walking Wake|81/100
|
|upkeep
|turn|24
|
|t:|1759041414
|move|p2a: Walking Wake|Hydro Steam|p1a: Keldeo
|-resisted|p1a: Keldeo
|-damage|p1a: Keldeo|6/100
|move|p1a: Keldeo|Surf|p2a: Walking Wake
|-resisted|p2a: Walking Wake
|-damage|p2a: Walking Wake|60/100
|
|upkeep
|turn|25
|
|t:|1759041420
|move|p2a: Walking Wake|Hydro Steam|p1a: Keldeo
|-resisted|p1a: Keldeo
|-damage|p1a: Keldeo|0 fnt
|faint|p1a: Keldeo
|
|upkeep
|c|☆lustereob|gg
|c|☆geigeidragon|gg
|-message|geigeidragon forfeited.
|
|win|lustereob
|raw|geigeidragon's rating: 1542 &rarr; <strong>1520</strong><br />(-22 for losing)
|raw|lustereob's rating: 1510 &rarr; <strong>1532</strong><br />(+22 for winning)
|l|☆geigeidragon
|player|p1|
