|inactive|Battle timer is ON: inactive players will automatically lose when time's up.
|t:|1758920343
|gametype|singles
|player|p1|sire clod|#scl5machines|
|player|p2|Lava Poseidon|#wcop2025netherlands|
|gen|9
|tier|[Gen 9] OU
|rule|HP Percentage Mod: HP is shown in percentages
|rule|Endless Battle Clause: Forcing endless battles is banned
|rule|Species Clause: Limit one of each Pokémon
|rule|OHKO Clause: OHKO moves are banned
|rule|Evasion Items Clause: Evasion items are banned
|rule|Evasion Moves Clause: Evasion moves are banned
|rule|Evasion Abilities Clause: Evasion abilities are banned
|rule|Sleep Moves Clause: Sleep-inducing moves are banned
|clearpoke
|poke|p1|Rillaboom, M|
|poke|p1|Fezandipiti, M|
|poke|p1|Samurott-Hisui, F|
|poke|p1|Cobalion|
|poke|p1|Gliscor, M|
|poke|p1|Dragapult, M|
|poke|p2|Gholdengo|
|poke|p2|Zamazenta-*|
|poke|p2|Ting-Lu|
|poke|p2|Clefable, F|
|poke|p2|Dragonite, M|
|poke|p2|Deoxys-Speed|
|teampreview
|c|☆sire clod|hf
|c|☆Lava Poseidon|hf
|inactive|sire clod has 270 seconds left.
|inactive|Lava Poseidon has 270 seconds left.
|c|☆sire clod|is this a bo3 or bo1
|c|☆Lava Poseidon|lmao i have no clue
|inactive|sire clod has 240 seconds left.
|c|☆sire clod|lemme check
|c|☆sire clod|looks like bo3
|c|☆Lava Poseidon|bet
|inactive|sire clod has 210 seconds left.
|
|t:|1758920447
|teamsize|p1|6
|teamsize|p2|6
|start
|switch|p1a: Rillaboom|Rillaboom, M|100/100
|switch|p2a: Clefable|Clefable, F|100/100
|-fieldstart|move: Grassy Terrain|[from] ability: Grassy Surge|[of] p1a: Rillaboom
|turn|1
|
|t:|1758920469
|move|p1a: Rillaboom|Taunt|p2a: Clefable
|-start|p2a: Clefable|move: Taunt
|move|p2a: Clefable|Knock Off|p1a: Rillaboom
|-damage|p1a: Rillaboom|87/100
|-enditem|p1a: Rillaboom|Terrain Extender|[from] move: Knock Off|[of] p2a: Clefable
|
|-heal|p1a: Rillaboom|93/100|[from] Grassy Terrain
|upkeep
|turn|2
|inactive|sire clod has 270 seconds left.
|
|t:|1758920478
|move|p1a: Rillaboom|Knock Off|p2a: Clefable
|-resisted|p2a: Clefable
|-damage|p2a: Clefable|87/100
|-damage|p1a: Rillaboom|76/100|[from] item: Rocky Helmet|[of] p2a: Clefable
|-enditem|p2a: Clefable|Rocky Helmet|[from] move: Knock Off|[of] p1a: Rillaboom
|move|p2a: Clefable|Moonblast|p1a: Rillaboom
|-damage|p1a: Rillaboom|40/100
|
|-heal|p1a: Rillaboom|46/100|[from] Grassy Terrain
|-heal|p2a: Clefable|93/100|[from] Grassy Terrain
|upkeep
|turn|3
|
|t:|1758920484
|move|p1a: Rillaboom|U-turn|p2a: Clefable
|-resisted|p2a: Clefable
|-damage|p2a: Clefable|83/100
|
|t:|1758920486
|switch|p1a: Cobalion|Cobalion|100/100|[from] U-turn
|move|p2a: Clefable|Moonblast|p1a: Cobalion
|-damage|p1a: Cobalion|66/100
|
|-heal|p1a: Cobalion|72/100|[from] Grassy Terrain
|-heal|p2a: Clefable|89/100|[from] Grassy Terrain
|-end|p2a: Clefable|move: Taunt
|upkeep
|turn|4
|inactive|Lava Poseidon has 270 seconds left.
|
|t:|1758920525
|switch|p2a: Ting|Ting-Lu|100/100
|-ability|p2a: Ting|Vessel of Ruin
|move|p1a: Cobalion|Stealth Rock|p2a: Ting
|-sidestart|p2: Lava Poseidon|move: Stealth Rock
|
|-heal|p1a: Cobalion|78/100|[from] Grassy Terrain
|upkeep
|turn|5
|inactive|Lava Poseidon has 270 seconds left.
|
|t:|1758920531
|move|p1a: Cobalion|Body Press|p2a: Ting
|-supereffective|p2a: Ting
|-damage|p2a: Ting|47/100
|move|p2a: Ting|Spikes|p1a: Cobalion
|-sidestart|p1: sire clod|Spikes
|
|-heal|p1a: Cobalion|85/100|[from] Grassy Terrain
|-heal|p2a: Ting|53/100|[from] Grassy Terrain
|-heal|p2a: Ting|59/100|[from] item: Leftovers
|upkeep
|turn|6
|
|t:|1758920541
|move|p1a: Cobalion|Body Press|p2a: Ting
|-supereffective|p2a: Ting
|-damage|p2a: Ting|11/100
|move|p2a: Ting|Ruination|p1a: Cobalion
|-damage|p1a: Cobalion|43/100
|-ability|p1a: Cobalion|Justified|boost
|-boost|p1a: Cobalion|atk|1
|
|-heal|p1a: Cobalion|49/100|[from] Grassy Terrain
|-heal|p2a: Ting|18/100|[from] Grassy Terrain
|-heal|p2a: Ting|24/100|[from] item: Leftovers
|upkeep
|turn|7
|inactive|Lava Poseidon has 270 seconds left.
|
|t:|1758920557
|switch|p1a: Samurott|Samurott-Hisui, F|100/100
|-damage|p1a: Samurott|88/100|[from] Spikes
|move|p2a: Ting|Spikes|p1a: Samurott
|-sidestart|p1: sire clod|Spikes
|
|-heal|p1a: Samurott|94/100|[from] Grassy Terrain
|-heal|p2a: Ting|30/100|[from] Grassy Terrain
|-heal|p2a: Ting|36/100|[from] item: Leftovers
|upkeep
|turn|8
|inactive|Lava Poseidon has 270 seconds left.
|
|t:|1758920567
|move|p1a: Samurott|Razor Shell|p2a: Ting
|-supereffective|p2a: Ting
|-damage|p2a: Ting|0 fnt
|faint|p2a: Ting
|
|-heal|p1a: Samurott|100/100|[from] Grassy Terrain
|-fieldend|move: Grassy Terrain
|upkeep
|inactive|Lava Poseidon has 270 seconds left.
|
|t:|1758920573
|switch|p2a: Clefable|Clefable, F|89/100
|turn|9
|
|t:|1758920591
|switch|p1a: Rillaboom|Rillaboom, M|46/100
|-damage|p1a: Rillaboom|29/100|[from] Spikes
|-fieldstart|move: Grassy Terrain|[from] ability: Grassy Surge|[of] p1a: Rillaboom
|move|p2a: Clefable|Stealth Rock|p1a: Rillaboom
|-sidestart|p1: sire clod|move: Stealth Rock
|
|-heal|p1a: Rillaboom|35/100|[from] Grassy Terrain
|-heal|p2a: Clefable|95/100|[from] Grassy Terrain
|upkeep
|turn|10
|
|t:|1758920597
|move|p1a: Rillaboom|U-turn|p2a: Clefable
|-resisted|p2a: Clefable
|-damage|p2a: Clefable|86/100
|
|t:|1758920598
|switch|p1a: Fezandipiti|Fezandipiti, M|100/100|[from] U-turn
|-damage|p1a: Fezandipiti|84/100|[from] Spikes
|-damage|p1a: Fezandipiti|72/100|[from] Stealth Rock
|-enditem|p1a: Fezandipiti|Grassy Seed
|-boost|p1a: Fezandipiti|def|1|[from] item: Grassy Seed
|move|p2a: Clefable|Moonblast|p1a: Fezandipiti
|-resisted|p1a: Fezandipiti
|-damage|p1a: Fezandipiti|60/100
|-unboost|p1a: Fezandipiti|spa|1
|
|-heal|p1a: Fezandipiti|66/100|[from] Grassy Terrain
|-heal|p2a: Clefable|92/100|[from] Grassy Terrain
|upkeep
|turn|11
|inactive|Lava Poseidon has 270 seconds left.
|
|t:|1758920629
|switch|p2a: Ghold|Gholdengo|100/100
|-damage|p2a: Ghold|94/100|[from] Stealth Rock
|-item|p2a: Ghold|Air Balloon
|move|p1a: Fezandipiti|Calm Mind|p1a: Fezandipiti
|-boost|p1a: Fezandipiti|spa|1
|-boost|p1a: Fezandipiti|spd|1
|
|-heal|p1a: Fezandipiti|73/100|[from] Grassy Terrain
|upkeep
|turn|12
|inactive|Lava Poseidon has 270 seconds left.
|
|t:|1758920650
|move|p1a: Fezandipiti|Calm Mind|p1a: Fezandipiti
|-boost|p1a: Fezandipiti|spa|1
|-boost|p1a: Fezandipiti|spd|1
|move|p2a: Ghold|Make It Rain|p1a: Fezandipiti
|-supereffective|p1a: Fezandipiti
|-damage|p1a: Fezandipiti|32/100
|-unboost|p2a: Ghold|spa|1
|
|-heal|p1a: Fezandipiti|39/100|[from] Grassy Terrain
|upkeep
|turn|13
|
|t:|1758920654
|move|p1a: Fezandipiti|Roost|p1a: Fezandipiti
|-heal|p1a: Fezandipiti|89/100
|-singleturn|p1a: Fezandipiti|move: Roost
|move|p2a: Ghold|Nasty Plot|p2a: Ghold
|-boost|p2a: Ghold|spa|2
|
|-heal|p1a: Fezandipiti|95/100|[from] Grassy Terrain
|-fieldend|move: Grassy Terrain
|upkeep
|turn|14
|
|t:|1758920660
|move|p1a: Fezandipiti|Calm Mind|p1a: Fezandipiti
|-boost|p1a: Fezandipiti|spa|1
|-boost|p1a: Fezandipiti|spd|1
|move|p2a: Ghold|Nasty Plot|p2a: Ghold
|-boost|p2a: Ghold|spa|2
|
|upkeep
|turn|15
|
|t:|1758920682
|move|p1a: Fezandipiti|Calm Mind|p1a: Fezandipiti
|-boost|p1a: Fezandipiti|spa|1
|-boost|p1a: Fezandipiti|spd|1
|move|p2a: Ghold|Make It Rain|p1a: Fezandipiti
|-supereffective|p1a: Fezandipiti
|-crit|p1a: Fezandipiti
|-damage|p1a: Fezandipiti|0 fnt
|-unboost|p2a: Ghold|spa|1
|faint|p1a: Fezandipiti
|
|upkeep
|c|☆Lava Poseidon|mb
|c|☆sire clod|noo
|c|☆sire clod|fez :(
|inactive|sire clod has 270 seconds left.
|
|t:|1758920719
|switch|p1a: Samurott|Samurott-Hisui, F|100/100
|-damage|p1a: Samurott|84/100|[from] Spikes
|-damage|p1a: Samurott|72/100|[from] Stealth Rock
|turn|16
|
|t:|1758920743
|move|p1a: Samurott|Razor Shell|p2a: Ghold
|-damage|p2a: Ghold|52/100
|-enditem|p2a: Ghold|Air Balloon
|move|p2a: Ghold|Make It Rain|p1a: Samurott
|-resisted|p1a: Samurott
|-damage|p1a: Samurott|0 fnt
|-unboost|p2a: Ghold|spa|1
|faint|p1a: Samurott
|
|upkeep
|inactive|sire clod has 270 seconds left.
|
|t:|1758920756
|switch|p1a: Dragapult|Dragapult, M|100/100
|-damage|p1a: Dragapult|84/100|[from] Spikes
|-damage|p1a: Dragapult|72/100|[from] Stealth Rock
|turn|17
|inactive|Lava Poseidon has 270 seconds left.
|
|t:|1758920792
|switch|p2a: Clefable|Clefable, F|92/100
|move|p1a: Dragapult|Hex|p2a: Clefable
|-damage|p2a: Clefable|67/100
|
|upkeep
|turn|18
|
|t:|1758920798
|switch|p1a: Rillaboom|Rillaboom, M|35/100
|-damage|p1a: Rillaboom|19/100|[from] Spikes
|-damage|p1a: Rillaboom|6/100|[from] Stealth Rock
|-fieldstart|move: Grassy Terrain|[from] ability: Grassy Surge|[of] p1a: Rillaboom
|move|p2a: Clefable|Moonlight|p2a: Clefable
|-heal|p2a: Clefable|100/100
|
|-heal|p1a: Rillaboom|13/100|[from] Grassy Terrain
|upkeep
|turn|19
|
|t:|1758920804
|move|p1a: Rillaboom|Grassy Glide|p2a: Clefable
|-damage|p2a: Clefable|69/100
|move|p2a: Clefable|Moonblast|p1a: Rillaboom
|-damage|p1a: Rillaboom|0 fnt
|faint|p1a: Rillaboom
|
|-heal|p2a: Clefable|75/100|[from] Grassy Terrain
|upkeep
|
|t:|1758920807
|switch|p1a: Gliscor|Gliscor, M|100/100
|-damage|p1a: Gliscor|88/100|[from] Stealth Rock
|turn|20
|
|t:|1758920809
|move|p1a: Gliscor|Protect|p1a: Gliscor
|-singleturn|p1a: Gliscor|Protect
|move|p2a: Clefable|Knock Off|p1a: Gliscor
|-activate|p1a: Gliscor|move: Protect
|
|-heal|p2a: Clefable|81/100|[from] Grassy Terrain
|-status|p1a: Gliscor|tox|[from] item: Toxic Orb
|upkeep
|turn|21
|
|t:|1758920818
|switch|p2a: Zama|Zamazenta|100/100
|-ability|p2a: Zama|Dauntless Shield|boost
|-boost|p2a: Zama|def|1
|move|p1a: Gliscor|Swords Dance|p1a: Gliscor
|-boost|p1a: Gliscor|atk|2
|
|-heal|p1a: Gliscor|100/100 tox|[from] ability: Poison Heal
|upkeep
|turn|22
|
|t:|1758920822
|move|p2a: Zama|Ice Fang|p1a: Gliscor
|-supereffective|p1a: Gliscor
|-damage|p1a: Gliscor|37/100 tox
|move|p1a: Gliscor|Knock Off|p2a: Zama
|-resisted|p2a: Zama
|-damage|p2a: Zama|89/100
|-enditem|p2a: Zama|Heavy-Duty Boots|[from] move: Knock Off|[of] p1a: Gliscor
|
|-heal|p2a: Zama|95/100|[from] Grassy Terrain
|-heal|p1a: Gliscor|49/100 tox|[from] ability: Poison Heal
|-fieldend|move: Grassy Terrain
|upkeep
|turn|23
|
|t:|1758920827
|move|p1a: Gliscor|Protect|p1a: Gliscor
|-singleturn|p1a: Gliscor|Protect
|move|p2a: Zama|Crunch|p1a: Gliscor
|-activate|p1a: Gliscor|move: Protect
|
|-heal|p1a: Gliscor|62/100 tox|[from] ability: Poison Heal
|upkeep
|turn|24
|
|t:|1758920830
|switch|p1a: Cobalion|Cobalion|49/100
|-damage|p1a: Cobalion|32/100|[from] Spikes
|-damage|p1a: Cobalion|29/100|[from] Stealth Rock
|move|p2a: Zama|Ice Fang|p1a: Cobalion
|-resisted|p1a: Cobalion
|-damage|p1a: Cobalion|23/100
|-damage|p2a: Zama|78/100|[from] item: Rocky Helmet|[of] p1a: Cobalion
|
|upkeep
|turn|25
|
|t:|1758920835
|switch|p1a: Dragapult|Dragapult, M|72/100
|-damage|p1a: Dragapult|55/100|[from] Spikes
|-damage|p1a: Dragapult|43/100|[from] Stealth Rock
|move|p2a: Zama|Close Combat|p1a: Dragapult
|-immune|p1a: Dragapult
|
|upkeep
|turn|26
|inactive|Lava Poseidon has 270 seconds left.
|
|t:|1758920878
|switch|p2a: Clefable|Clefable, F|81/100
|move|p1a: Dragapult|Thunder Wave|p2a: Clefable
|-status|p2a: Clefable|par
|
|upkeep
|turn|27
|
|t:|1758920888
|move|p1a: Dragapult|Hex|p2a: Clefable
|-damage|p2a: Clefable|29/100 par
|move|p2a: Clefable|Moonblast|p1a: Dragapult
|-supereffective|p1a: Dragapult
|-damage|p1a: Dragapult|0 fnt
|faint|p1a: Dragapult
|
|upkeep
|
|t:|1758920891
|switch|p1a: Cobalion|Cobalion|23/100
|-damage|p1a: Cobalion|6/100|[from] Spikes
|-damage|p1a: Cobalion|3/100|[from] Stealth Rock
|turn|28
|
|t:|1758920894
|move|p1a: Cobalion|Thunder Wave|p2a: Clefable
|-fail|p2a: Clefable|par
|move|p2a: Clefable|Moonblast|p1a: Cobalion
|-damage|p1a: Cobalion|0 fnt
|faint|p1a: Cobalion
|
|upkeep
|
|t:|1758920896
|switch|p1a: Gliscor|Gliscor, M|62/100 tox
|-damage|p1a: Gliscor|49/100 tox|[from] Stealth Rock
|turn|29
|
|t:|1758920905
|switch|p2a: Deoxys|Deoxys-Speed|100/100
|-ability|p2a: Deoxys|Pressure
|move|p1a: Gliscor|Swords Dance|p1a: Gliscor
|-boost|p1a: Gliscor|atk|2
|
|-heal|p1a: Gliscor|62/100 tox|[from] ability: Poison Heal
|upkeep
|turn|30
|
|t:|1758920909
|move|p1a: Gliscor|Protect|p1a: Gliscor
|-singleturn|p1a: Gliscor|Protect
|move|p2a: Deoxys|Ice Beam|p1a: Gliscor
|-activate|p1a: Gliscor|move: Protect
|
|-heal|p1a: Gliscor|74/100 tox|[from] ability: Poison Heal
|upkeep
|turn|31
|
|t:|1758920921
|-terastallize|p1a: Gliscor|Normal
|move|p2a: Deoxys|Psycho Boost|p1a: Gliscor
|-damage|p1a: Gliscor|0 fnt
|-unboost|p2a: Deoxys|spa|2
|faint|p1a: Gliscor
|
|win|Lava Poseidon
|c|☆sire clod|gg
|c|☆Lava Poseidon|gg
|player|p2|
|player|p1|
|player|p1|sire clod|#scl5machines|
