|j|☆Extazia47
|j|☆Bobdyy
|t:|1759058615
|gametype|singles
|player|p1|Extazia47|janitor|1207
|player|p2|Bobdyy|170|1189
|gen|9
|tier|[Gen 9] OU
|rated|
|rule|HP Percentage Mod: HP is shown in percentages
|rule|Endless Battle Clause: Forcing endless battles is banned
|rule|Species Clause: Limit one of each Pokémon
|rule|OHKO Clause: OHKO moves are banned
|rule|Evasion Items Clause: Evasion items are banned
|rule|Evasion Moves Clause: Evasion moves are banned
|rule|Evasion Abilities Clause: Evasion abilities are banned
|rule|Sleep Moves Clause: Sleep-inducing moves are banned
|clearpoke
|poke|p1|Lycanroc-Dusk, F|
|poke|p1|Dachsbun, M|
|poke|p1|Mabosstiff, M|
|poke|p1|Okidogi, M|
|poke|p1|Zamazenta-*|
|poke|p1|Arcanine-Hisui, F|
|poke|p2|Iron Crown|
|poke|p2|Samurott-Hisui, M|
|poke|p2|Great Tusk|
|poke|p2|Clefable, F|
|poke|p2|Staraptor, M|
|poke|p2|Rotom-Heat|
|teampreview
|
|t:|1759058630
|teamsize|p1|6
|teamsize|p2|6
|start
|switch|p1a: BarkBoy|Lycanroc-Dusk, F, shiny|100/100
|switch|p2a: Samurott|Samurott-Hisui, M, shiny|100/100
|turn|1
|
|t:|1759058637
|move|p1a: BarkBoy|Close Combat|p2a: Samurott
|-supereffective|p2a: Samurott
|-damage|p2a: Samurott|0 fnt
|-unboost|p1a: BarkBoy|def|1
|-unboost|p1a: BarkBoy|spd|1
|faint|p2a: Samurott
|
|upkeep
|
|t:|1759058643
|switch|p2a: Great Tusk|Great Tusk, shiny|100/100
|turn|2
|
|t:|1759058651
|switch|p1a: SassyBoy|Zamazenta|100/100
|-ability|p1a: SassyBoy|Dauntless Shield|boost
|-boost|p1a: SassyBoy|def|1
|move|p2a: Great Tusk|Knock Off|p1a: SassyBoy
|-resisted|p1a: SassyBoy
|-damage|p1a: SassyBoy|93/100
|-enditem|p1a: SassyBoy|Leftovers|[from] move: Knock Off|[of] p2a: Great Tusk
|
|upkeep
|turn|3
|
|t:|1759058661
|-end|p2a: Great Tusk|Protosynthesis|[silent]
|switch|p2a: Rotom|Rotom-Heat, shiny|100/100
|move|p1a: SassyBoy|Iron Defense|p1a: SassyBoy
|-boost|p1a: SassyBoy|def|2
|
|upkeep
|turn|4
|
|t:|1759058668
|-terastallize|p1a: SassyBoy|Fire
|move|p1a: SassyBoy|Substitute|p1a: SassyBoy
|-start|p1a: SassyBoy|Substitute
|-damage|p1a: SassyBoy|68/100
|move|p2a: Rotom|Will-O-Wisp||[still]
|-fail|p2a: Rotom
|
|upkeep
|turn|5
|
|t:|1759058674
|move|p1a: SassyBoy|Body Press|p2a: Rotom
|-damage|p2a: Rotom|16/100
|move|p2a: Rotom|Volt Switch|p1a: SassyBoy
|-activate|p1a: SassyBoy|move: Substitute|[damage]
|
|t:|1759058681
|switch|p2a: Clefable|Clefable, F, shiny|100/100|[from] Volt Switch
|
|upkeep
|turn|6
|
|t:|1759058700
|move|p1a: SassyBoy|Body Press|p2a: Clefable
|-resisted|p2a: Clefable
|-damage|p2a: Clefable|85/100
|move|p2a: Clefable|Moonblast|p1a: SassyBoy
|-resisted|p1a: SassyBoy
|-end|p1a: SassyBoy|Substitute
|
|upkeep
|turn|7
|
|t:|1759058712
|move|p1a: SassyBoy|Body Press|p2a: Clefable
|-resisted|p2a: Clefable
|-damage|p2a: Clefable|69/100
|move|p2a: Clefable|Calm Mind|p2a: Clefable
|-boost|p2a: Clefable|spa|1
|-boost|p2a: Clefable|spd|1
|
|upkeep
|turn|8
|
|t:|1759058718
|switch|p1a: BarkBoy|Lycanroc-Dusk, F, shiny|100/100
|move|p2a: Clefable|Calm Mind|p2a: Clefable
|-boost|p2a: Clefable|spa|1
|-boost|p2a: Clefable|spd|1
|
|upkeep
|turn|9
|
|t:|1759058731
|move|p1a: BarkBoy|Accelerock|p2a: Clefable
|-damage|p2a: Clefable|44/100
|move|p2a: Clefable|Moonblast|p1a: BarkBoy
|-enditem|p1a: BarkBoy|Focus Sash
|-damage|p1a: BarkBoy|1/100
|
|upkeep
|turn|10
|
|t:|1759058741
|move|p1a: BarkBoy|Endeavor|p2a: Clefable
|-damage|p2a: Clefable|1/100
|move|p2a: Clefable|Moonblast|p1a: BarkBoy
|-damage|p1a: BarkBoy|0 fnt
|faint|p1a: BarkBoy
|
|upkeep
|
|t:|1759058746
|switch|p1a: Sadboy|Mabosstiff, M, shiny|100/100
|turn|11
|
|t:|1759058753
|move|p1a: Sadboy|Crunch|p2a: Clefable
|-resisted|p2a: Clefable
|-damage|p2a: Clefable|0 fnt
|faint|p2a: Clefable
|
|upkeep
|
|t:|1759058758
|switch|p2a: Great Tusk|Great Tusk, shiny|100/100
|turn|12
|
|t:|1759058807
|switch|p1a: GoodBoy|Dachsbun, M|100/100
|-end|p2a: Great Tusk|Protosynthesis|[silent]
|switch|p2a: Staraptor|Staraptor, M, shiny|100/100
|-ability|p2a: Staraptor|Intimidate|boost
|-unboost|p1a: GoodBoy|atk|1
|
|upkeep
|turn|13
|
|t:|1759058814
|move|p2a: Staraptor|Tailwind|p2a: Staraptor
|-sidestart|p2: Bobdyy|move: Tailwind
|move|p1a: GoodBoy|Wish|p1a: GoodBoy
|
|upkeep
|turn|14
|
|t:|1759058827
|switch|p1a: ToughBoy|Arcanine-Hisui, F, shiny|100/100
|move|p2a: Staraptor|U-turn|p1a: ToughBoy
|-resisted|p1a: ToughBoy
|-damage|p1a: ToughBoy|85/100
|
|t:|1759058838
|switch|p2a: Great Tusk|Great Tusk, shiny|100/100|[from] U-turn
|
|-heal|p1a: ToughBoy|100/100|[from] move: Wish|[wisher] GoodBoy
|upkeep
|turn|15
|
|t:|1759058855
|-end|p2a: Great Tusk|Protosynthesis|[silent]
|switch|p2a: Staraptor|Staraptor, M, shiny|100/100
|-ability|p2a: Staraptor|Intimidate|boost
|-unboost|p1a: ToughBoy|atk|1
|switch|p1a: GoodBoy|Dachsbun, M|100/100
|
|upkeep
|turn|16
|
|t:|1759058863
|move|p2a: Staraptor|Dual Wingbeat|p1a: GoodBoy|[miss]
|-miss|p2a: Staraptor|p1a: GoodBoy
|move|p1a: GoodBoy|Play Rough|p2a: Staraptor
|-damage|p2a: Staraptor|65/100
|
|-sideend|p2: Bobdyy|move: Tailwind
|upkeep
|turn|17
|
|t:|1759058875
|move|p2a: Staraptor|Tailwind|p2a: Staraptor
|-sidestart|p2: Bobdyy|move: Tailwind
|move|p1a: GoodBoy|Play Rough|p2a: Staraptor
|-damage|p2a: Staraptor|29/100
|
|upkeep
|turn|18
|
|t:|1759058885
|move|p1a: GoodBoy|Protect|p1a: GoodBoy
|-singleturn|p1a: GoodBoy|Protect
|move|p2a: Staraptor|Dual Wingbeat|p1a: GoodBoy
|-activate|p1a: GoodBoy|move: Protect
|
|upkeep
|turn|19
|
|t:|1759058890
|move|p2a: Staraptor|Dual Wingbeat|p1a: GoodBoy
|-damage|p1a: GoodBoy|86/100
|-damage|p1a: GoodBoy|72/100
|-hitcount|p1a: GoodBoy|2
|move|p1a: GoodBoy|Play Rough|p2a: Staraptor
|-damage|p2a: Staraptor|0 fnt
|faint|p2a: Staraptor
|
|-heal|p1a: GoodBoy|78/100|[from] item: Leftovers
|upkeep
|
|t:|1759058900
|switch|p2a: Iron Crown|Iron Crown|100/100
|-enditem|p2a: Iron Crown|Booster Energy
|-activate|p2a: Iron Crown|ability: Quark Drive|[fromitem]
|-start|p2a: Iron Crown|quarkdrivespa
|turn|20
|
|t:|1759058905
|move|p1a: GoodBoy|Protect|p1a: GoodBoy
|-singleturn|p1a: GoodBoy|Protect
|move|p2a: Iron Crown|Tachyon Cutter|p1a: GoodBoy
|-activate|p1a: GoodBoy|move: Protect
|
|-heal|p1a: GoodBoy|84/100|[from] item: Leftovers
|-sideend|p2: Bobdyy|move: Tailwind
|upkeep
|turn|21
|
|t:|1759058920
|move|p2a: Iron Crown|Psychic|p1a: GoodBoy
|-damage|p1a: GoodBoy|2/100
|-unboost|p1a: GoodBoy|spd|1
|move|p1a: GoodBoy|Body Press|p2a: Iron Crown
|-damage|p2a: Iron Crown|73/100
|
|-heal|p1a: GoodBoy|8/100|[from] item: Leftovers
|upkeep
|turn|22
|
|t:|1759058931
|switch|p1a: Sadboy|Mabosstiff, M, shiny|100/100
|move|p2a: Iron Crown|Psychic|p1a: Sadboy
|-immune|p1a: Sadboy
|
|upkeep
|turn|23
|
|t:|1759058946
|move|p1a: Sadboy|Crunch|p2a: Iron Crown
|-supereffective|p2a: Iron Crown
|-damage|p2a: Iron Crown|0 fnt
|faint|p2a: Iron Crown
|-end|p2a: Iron Crown|Quark Drive|[silent]
|
|upkeep
|
|t:|1759058951
|switch|p2a: Great Tusk|Great Tusk, shiny|100/100
|turn|24
|
|t:|1759058960
|switch|p1a: GoodBoy|Dachsbun, M|8/100
|move|p2a: Great Tusk|Headlong Rush|p1a: GoodBoy
|-damage|p1a: GoodBoy|0 fnt
|-unboost|p2a: Great Tusk|def|1
|-unboost|p2a: Great Tusk|spd|1
|faint|p1a: GoodBoy
|
|upkeep
|
|t:|1759058990
|switch|p1a: Badboy|Okidogi, M|100/100
|turn|25
|
|t:|1759058995
|-end|p2a: Great Tusk|Protosynthesis|[silent]
|switch|p2a: Rotom|Rotom-Heat, shiny|16/100
|move|p1a: Badboy|Close Combat|p2a: Rotom
|-damage|p2a: Rotom|0 fnt
|-unboost|p1a: Badboy|def|1
|-unboost|p1a: Badboy|spd|1
|faint|p2a: Rotom
|
|upkeep
|
|t:|1759059002
|switch|p2a: Great Tusk|Great Tusk, shiny|100/100
|turn|26
|inactive|Battle timer is ON: inactive players will automatically lose when time's up. (requested by Bobdyy)
|
|t:|1759059056
|move|p2a: Great Tusk|Rapid Spin|p1a: Badboy
|-damage|p1a: Badboy|84/100
|-boost|p2a: Great Tusk|spe|1
|move|p1a: Badboy|Close Combat|p2a: Great Tusk
|-damage|p2a: Great Tusk|55/100
|-unboost|p1a: Badboy|def|1
|-unboost|p1a: Badboy|spd|1
|-damage|p1a: Badboy|67/100|[from] item: Rocky Helmet|[of] p2a: Great Tusk
|
|upkeep
|turn|27
|
|t:|1759059083
|move|p2a: Great Tusk|Headlong Rush|p1a: Badboy
|-supereffective|p1a: Badboy
|-damage|p1a: Badboy|0 fnt
|-unboost|p2a: Great Tusk|def|1
|-unboost|p2a: Great Tusk|spd|1
|faint|p1a: Badboy
|
|upkeep
|
|t:|1759059086
|switch|p1a: Sadboy|Mabosstiff, M, shiny|100/100
|turn|28
|
|t:|1759059094
|move|p2a: Great Tusk|Headlong Rush|p1a: Sadboy
|-damage|p1a: Sadboy|34/100
|-unboost|p2a: Great Tusk|def|1
|-unboost|p2a: Great Tusk|spd|1
|move|p1a: Sadboy|Psychic Fangs|p2a: Great Tusk
|-supereffective|p2a: Great Tusk
|-damage|p2a: Great Tusk|0 fnt
|-damage|p1a: Sadboy|18/100|[from] item: Rocky Helmet|[of] p2a: Great Tusk
|faint|p2a: Great Tusk
|-end|p2a: Great Tusk|Protosynthesis|[silent]
|
|win|Extazia47
|raw|Extazia47's rating: 1207 &rarr; <strong>1231</strong><br />(+24 for winning)
|raw|Bobdyy's rating: 1189 &rarr; <strong>1165</strong><br />(-24 for losing)
|l|☆Bobdyy
|player|p2|
|l|☆Extazia47
|player|p1|
