|badge|p1|silver|gen9ou|30-6
|badge|p1|bronze|gen9randombattle|100-6
|html|<div class="broadcast-red"><strong>This battle is required to be public due to one or more player having a season medal.</strong><br />During the public phase, you can discuss the state of the ladder <a href="/seasondiscussion">in a special chatroom.</a></div>
|uhtml|medal-msg|<div class="broadcast-blue">Curious what those medals under the avatar are? PS now has Ladder Seasons! For more information, check out the <a href="https://www.smogon.com/forums/threads/3740067/">thread on Smogon.</a></div>
|raw|<div class="broadcast-blue"><strong>This battle is required to be public due to a player having a name starting with 'medal'.</div>
|j|☆Ctannn
|j|☆1-800 mouse
|t:|1758935717
|gametype|singles
|player|p1|Ctannn|265|1950
|player|p2|1-800 mouse|pokemonrangerf-gen4|1806
|gen|9
|tier|[Gen 9] OU
|rated|
|rule|HP Percentage Mod: HP is shown in percentages
|rule|Endless Battle Clause: Forcing endless battles is banned
|rule|Species Clause: Limit one of each Pokémon
|rule|OHKO Clause: OHKO moves are banned
|rule|Evasion Items Clause: Evasion items are banned
|rule|Evasion Moves Clause: Evasion moves are banned
|rule|Evasion Abilities Clause: Evasion abilities are banned
|rule|Sleep Moves Clause: Sleep-inducing moves are banned
|clearpoke
|poke|p1|Rillaboom, F|
|poke|p1|Garganacl, M|
|poke|p1|Cinderace, M|
|poke|p1|Raging Bolt|
|poke|p1|Slowking-Galar, M|
|poke|p1|Landorus-Therian, M|
|poke|p2|Dragonite, M|
|poke|p2|Ting-Lu|
|poke|p2|Scizor, F|
|poke|p2|Pecharunt|
|poke|p2|Volcanion|
|poke|p2|Zamazenta-*|
|teampreview
|inactive|Battle timer is ON: inactive players will automatically lose when time's up. (requested by Ctannn)
|inactive|Ctannn has 120 seconds left.
|
|t:|1758935769
|teamsize|p1|6
|teamsize|p2|6
|start
|switch|p1a: Slowking|Slowking-Galar, M|100/100
|switch|p2a: Volcanion|Volcanion|100/100
|turn|1
|
|t:|1758935776
|move|p2a: Volcanion|Steam Eruption|p1a: Slowking
|-damage|p1a: Slowking|49/100
|move|p1a: Slowking|Psychic|p2a: Volcanion
|-damage|p2a: Volcanion|66/100
|
|upkeep
|turn|2
|
|t:|1758935782
|switch|p1a: Raging Bolt|Raging Bolt|100/100
|move|p2a: Volcanion|Steam Eruption|p1a: Raging Bolt
|-resisted|p1a: Raging Bolt
|-damage|p1a: Raging Bolt|68/100
|
|upkeep
|turn|3
|j| butts99999
|
|t:|1758935787
|switch|p2a: Ting-Lu|Ting-Lu|100/100
|-ability|p2a: Ting-Lu|Vessel of Ruin
|move|p1a: Raging Bolt|Draco Meteor|p2a: Ting-Lu
|-damage|p2a: Ting-Lu|51/100
|-unboost|p1a: Raging Bolt|spa|2
|
|-heal|p2a: Ting-Lu|57/100|[from] item: Leftovers
|upkeep
|turn|4
|
|t:|1758935806
|-end|p1a: Raging Bolt|Protosynthesis|[silent]
|switch|p1a: Landorus|Landorus-Therian, M|100/100
|-ability|p1a: Landorus|Intimidate|boost
|-unboost|p2a: Ting-Lu|atk|1
|move|p2a: Ting-Lu|Stealth Rock|p1a: Landorus
|-sidestart|p1: Ctannn|move: Stealth Rock
|
|-heal|p2a: Ting-Lu|63/100|[from] item: Leftovers
|upkeep
|turn|5
|
|t:|1758935813
|move|p1a: Landorus|U-turn|p2a: Ting-Lu
|-supereffective|p2a: Ting-Lu
|-damage|p2a: Ting-Lu|39/100
|
|t:|1758935827
|switch|p1a: Slowking|Slowking-Galar, M|82/100|[from] U-turn
|-damage|p1a: Slowking|70/100|[from] Stealth Rock
|move|p2a: Ting-Lu|Ruination|p1a: Slowking
|-damage|p1a: Slowking|35/100
|
|-heal|p2a: Ting-Lu|46/100|[from] item: Leftovers
|upkeep
|turn|6
|
|t:|1758935832
|switch|p2a: Pecharunt|Pecharunt|100/100
|-prepare|p1a: Slowking|Chilly Reception|[premajor]
|move|p1a: Slowking|Chilly Reception|p1a: Slowking
|-weather|Snowscape
|l| butts99999
|
|t:|1758935841
|switch|p1a: Garganacl|Garganacl, M|100/100|[from] Chilly Reception
|-damage|p1a: Garganacl|88/100|[from] Stealth Rock
|
|-weather|Snowscape|[upkeep]
|-heal|p1a: Garganacl|94/100|[from] item: Leftovers
|upkeep
|turn|7
|
|t:|1758935844
|move|p2a: Pecharunt|Parting Shot|p1a: Garganacl
|-unboost|p1a: Garganacl|atk|1
|-unboost|p1a: Garganacl|spa|1
|
|t:|1758935850
|switch|p2a: Ting-Lu|Ting-Lu|46/100|[from] Parting Shot
|-ability|p2a: Ting-Lu|Vessel of Ruin
|move|p1a: Garganacl|Salt Cure|p2a: Ting-Lu
|-resisted|p2a: Ting-Lu
|-damage|p2a: Ting-Lu|43/100
|-start|p2a: Ting-Lu|Salt Cure
|
|-weather|Snowscape|[upkeep]
|-heal|p2a: Ting-Lu|50/100|[from] item: Leftovers
|-heal|p1a: Garganacl|100/100|[from] item: Leftovers
|-damage|p2a: Ting-Lu|37/100|[from] Salt Cure
|upkeep
|turn|8
|
|t:|1758935866
|switch|p2a: Scizor|Scizor, F|100/100
|move|p1a: Garganacl|Curse|p1a: Garganacl
|-unboost|p1a: Garganacl|spe|1
|-boost|p1a: Garganacl|atk|1
|-boost|p1a: Garganacl|def|1
|
|-weather|Snowscape|[upkeep]
|upkeep
|turn|9
|
|t:|1758935875
|move|p2a: Scizor|U-turn|p1a: Garganacl
|-damage|p1a: Garganacl|80/100
|
|t:|1758935876
|switch|p2a: Pecharunt|Pecharunt|100/100|[from] U-turn
|move|p1a: Garganacl|Salt Cure|p2a: Pecharunt
|-damage|p2a: Pecharunt|93/100
|-start|p2a: Pecharunt|Salt Cure
|
|-weather|Snowscape|[upkeep]
|-heal|p1a: Garganacl|87/100|[from] item: Leftovers
|-damage|p2a: Pecharunt|81/100|[from] Salt Cure
|upkeep
|turn|10
|
|t:|1758935891
|move|p2a: Pecharunt|Parting Shot|p1a: Garganacl
|-unboost|p1a: Garganacl|atk|1
|-unboost|p1a: Garganacl|spa|1
|
|t:|1758935894
|switch|p2a: Ting-Lu|Ting-Lu|37/100|[from] Parting Shot
|-ability|p2a: Ting-Lu|Vessel of Ruin
|move|p1a: Garganacl|Salt Cure|p2a: Ting-Lu
|-resisted|p2a: Ting-Lu
|-damage|p2a: Ting-Lu|35/100
|-start|p2a: Ting-Lu|Salt Cure
|
|-weather|none
|-heal|p2a: Ting-Lu|41/100|[from] item: Leftovers
|-heal|p1a: Garganacl|93/100|[from] item: Leftovers
|-damage|p2a: Ting-Lu|29/100|[from] Salt Cure
|upkeep
|turn|11
|
|t:|1758935905
|switch|p2a: Pecharunt|Pecharunt|81/100
|move|p1a: Garganacl|Protect||[still]
|-fail|p1a: Garganacl
|
|-heal|p1a: Garganacl|99/100|[from] item: Leftovers
|upkeep
|turn|12
|
|t:|1758935911
|move|p2a: Pecharunt|Parting Shot|p1a: Garganacl
|-unboost|p1a: Garganacl|atk|1
|-unboost|p1a: Garganacl|spa|1
|
|t:|1758935917
|switch|p2a: Ting-Lu|Ting-Lu|29/100|[from] Parting Shot
|-ability|p2a: Ting-Lu|Vessel of Ruin
|move|p1a: Garganacl|Salt Cure|p2a: Ting-Lu
|-resisted|p2a: Ting-Lu
|-damage|p2a: Ting-Lu|26/100
|-start|p2a: Ting-Lu|Salt Cure
|
|-heal|p2a: Ting-Lu|33/100|[from] item: Leftovers
|-heal|p1a: Garganacl|100/100|[from] item: Leftovers
|-damage|p2a: Ting-Lu|20/100|[from] Salt Cure
|upkeep
|turn|13
|j| Poltzor
|
|t:|1758935930
|switch|p2a: Volcanion|Volcanion|66/100
|move|p1a: Garganacl|Curse|p1a: Garganacl
|-unboost|p1a: Garganacl|spe|1
|-boost|p1a: Garganacl|atk|1
|-boost|p1a: Garganacl|def|1
|
|upkeep
|turn|14
|
|t:|1758935936
|move|p1a: Garganacl|Protect|p1a: Garganacl
|-singleturn|p1a: Garganacl|Protect
|move|p2a: Volcanion|Steam Eruption|p1a: Garganacl
|-activate|p1a: Garganacl|move: Protect
|
|upkeep
|turn|15
|
|t:|1758935941
|-terastallize|p1a: Garganacl|Fairy
|move|p2a: Volcanion|Steam Eruption|p1a: Garganacl
|-damage|p1a: Garganacl|58/100
|move|p1a: Garganacl|Salt Cure|p2a: Volcanion
|-supereffective|p2a: Volcanion
|-damage|p2a: Volcanion|53/100
|-start|p2a: Volcanion|Salt Cure
|
|-heal|p1a: Garganacl|64/100|[from] item: Leftovers
|-damage|p2a: Volcanion|28/100|[from] Salt Cure
|upkeep
|turn|16
|
|t:|1758935947
|switch|p2a: Pecharunt|Pecharunt|81/100
|move|p1a: Garganacl|Recover|p1a: Garganacl
|-heal|p1a: Garganacl|100/100
|
|upkeep
|turn|17
|
|t:|1758935954
|move|p2a: Pecharunt|Parting Shot|p1a: Garganacl
|-unboost|p1a: Garganacl|atk|1
|-unboost|p1a: Garganacl|spa|1
|
|t:|1758935962
|switch|p2a: Scizor|Scizor, F|100/100|[from] Parting Shot
|move|p1a: Garganacl|Salt Cure|p2a: Scizor
|-damage|p2a: Scizor|94/100
|-start|p2a: Scizor|Salt Cure
|
|-damage|p2a: Scizor|69/100|[from] Salt Cure
|upkeep
|turn|18
|
|t:|1758935972
|switch|p2a: Pecharunt|Pecharunt|81/100
|move|p1a: Garganacl|Curse|p1a: Garganacl
|-unboost|p1a: Garganacl|spe|1
|-boost|p1a: Garganacl|atk|1
|-boost|p1a: Garganacl|def|1
|
|upkeep
|turn|19
|
|t:|1758935978
|move|p2a: Pecharunt|Parting Shot|p1a: Garganacl
|-unboost|p1a: Garganacl|atk|1
|-unboost|p1a: Garganacl|spa|1
|
|t:|1758935981
|switch|p2a: Ting-Lu|Ting-Lu|20/100|[from] Parting Shot
|-ability|p2a: Ting-Lu|Vessel of Ruin
|move|p1a: Garganacl|Salt Cure|p2a: Ting-Lu
|-resisted|p2a: Ting-Lu
|-damage|p2a: Ting-Lu|18/100
|-start|p2a: Ting-Lu|Salt Cure
|
|-heal|p2a: Ting-Lu|25/100|[from] item: Leftovers
|-damage|p2a: Ting-Lu|12/100|[from] Salt Cure
|upkeep
|turn|20
|
|t:|1758935986
|switch|p2a: Pecharunt|Pecharunt|81/100
|move|p1a: Garganacl|Curse|p1a: Garganacl
|-unboost|p1a: Garganacl|spe|1
|-boost|p1a: Garganacl|atk|1
|-boost|p1a: Garganacl|def|1
|
|upkeep
|turn|21
|
|t:|1758935990
|move|p2a: Pecharunt|Recover|p2a: Pecharunt
|-heal|p2a: Pecharunt|100/100
|move|p1a: Garganacl|Salt Cure|p2a: Pecharunt
|-damage|p2a: Pecharunt|96/100
|-start|p2a: Pecharunt|Salt Cure
|
|-damage|p2a: Pecharunt|84/100|[from] Salt Cure
|upkeep
|turn|22
|
|t:|1758935994
|move|p2a: Pecharunt|Parting Shot|p1a: Garganacl
|-unboost|p1a: Garganacl|atk|1
|-unboost|p1a: Garganacl|spa|1
|
|t:|1758935998
|switch|p2a: Ting-Lu|Ting-Lu|12/100|[from] Parting Shot
|-ability|p2a: Ting-Lu|Vessel of Ruin
|move|p1a: Garganacl|Curse|p1a: Garganacl
|-unboost|p1a: Garganacl|spe|1
|-boost|p1a: Garganacl|atk|1
|-boost|p1a: Garganacl|def|1
|
|-heal|p2a: Ting-Lu|18/100|[from] item: Leftovers
|upkeep
|turn|23
|
|t:|1758936001
|switch|p2a: Pecharunt|Pecharunt|84/100
|move|p1a: Garganacl|Salt Cure|p2a: Pecharunt
|-damage|p2a: Pecharunt|80/100
|-start|p2a: Pecharunt|Salt Cure
|
|-damage|p2a: Pecharunt|67/100|[from] Salt Cure
|upkeep
|turn|24
|
|t:|1758936009
|move|p2a: Pecharunt|Parting Shot|p1a: Garganacl
|-unboost|p1a: Garganacl|atk|1
|-unboost|p1a: Garganacl|spa|0
|
|t:|1758936011
|switch|p2a: Zamazenta|Zamazenta|100/100|[from] Parting Shot
|-ability|p2a: Zamazenta|Dauntless Shield|boost
|-boost|p2a: Zamazenta|def|1
|move|p1a: Garganacl|Curse|p1a: Garganacl
|-unboost|p1a: Garganacl|spe|1
|-boost|p1a: Garganacl|atk|1
|-boost|p1a: Garganacl|def|1
|
|upkeep
|turn|25
|
|t:|1758936015
|switch|p2a: Pecharunt|Pecharunt|67/100
|move|p1a: Garganacl|Salt Cure|p2a: Pecharunt
|-damage|p2a: Pecharunt|63/100
|-start|p2a: Pecharunt|Salt Cure
|
|-damage|p2a: Pecharunt|50/100|[from] Salt Cure
|upkeep
|turn|26
|
|t:|1758936019
|switch|p1a: Slowking|Slowking-Galar, M|69/100
|-damage|p1a: Slowking|56/100|[from] Stealth Rock
|move|p2a: Pecharunt|Recover|p2a: Pecharunt
|-heal|p2a: Pecharunt|99/100
|
|-damage|p2a: Pecharunt|88/100|[from] Salt Cure
|upkeep
|turn|27
|
|t:|1758936026
|move|p2a: Pecharunt|Foul Play|p1a: Slowking
|-supereffective|p1a: Slowking
|-damage|p1a: Slowking|36/100
|-damage|p2a: Pecharunt|71/100|[from] item: Rocky Helmet|[of] p1a: Slowking
|move|p1a: Slowking|Future Sight|p2a: Pecharunt
|-start|p1a: Slowking|move: Future Sight
|
|-damage|p2a: Pecharunt|59/100|[from] Salt Cure
|upkeep
|turn|28
|
|t:|1758936032
|move|p2a: Pecharunt|Foul Play|p1a: Slowking
|-supereffective|p1a: Slowking
|-damage|p1a: Slowking|18/100
|-damage|p2a: Pecharunt|42/100|[from] item: Rocky Helmet|[of] p1a: Slowking
|-prepare|p1a: Slowking|Chilly Reception|[premajor]
|move|p1a: Slowking|Chilly Reception|p1a: Slowking
|-weather|Snowscape
|
|t:|1758936039
|switch|p1a: Rillaboom|Rillaboom, F|100/100|[from] Chilly Reception
|-damage|p1a: Rillaboom|88/100|[from] Stealth Rock
|-fieldstart|move: Grassy Terrain|[from] ability: Grassy Surge|[of] p1a: Rillaboom
|
|-weather|Snowscape|[upkeep]
|-heal|p1a: Rillaboom|94/100|[from] Grassy Terrain
|-heal|p2a: Pecharunt|48/100|[from] Grassy Terrain
|-damage|p2a: Pecharunt|36/100|[from] Salt Cure
|upkeep
|turn|29
|
|t:|1758936044
|switch|p2a: Ting-Lu|Ting-Lu|18/100
|-ability|p2a: Ting-Lu|Vessel of Ruin
|move|p1a: Rillaboom|Wood Hammer|p2a: Ting-Lu
|-supereffective|p2a: Ting-Lu
|-damage|p2a: Ting-Lu|0 fnt
|faint|p2a: Ting-Lu
|-damage|p1a: Rillaboom|86/100|[from] Recoil
|
|-weather|Snowscape|[upkeep]
|-hint|Future Sight did not hit because the target is fainted.
|-heal|p1a: Rillaboom|92/100|[from] Grassy Terrain
|upkeep
|
|t:|1758936048
|switch|p2a: Scizor|Scizor, F|69/100
|turn|30
|
|t:|1758936063
|switch|p1a: Landorus|Landorus-Therian, M|100/100
|-damage|p1a: Landorus|88/100|[from] Stealth Rock
|-ability|p1a: Landorus|Intimidate|boost
|-unboost|p2a: Scizor|atk|1
|move|p2a: Scizor|U-turn|p1a: Landorus
|-resisted|p1a: Landorus
|-damage|p1a: Landorus|78/100
|-damage|p2a: Scizor|53/100|[from] item: Rocky Helmet|[of] p1a: Landorus
|
|t:|1758936066
|switch|p2a: Volcanion|Volcanion|28/100|[from] U-turn
|
|-weather|Snowscape|[upkeep]
|-heal|p2a: Volcanion|34/100|[from] Grassy Terrain
|upkeep
|turn|31
|j| locked in bro
|
|t:|1758936071
|switch|p1a: Raging Bolt|Raging Bolt|68/100
|-damage|p1a: Raging Bolt|56/100|[from] Stealth Rock
|move|p2a: Volcanion|Steam Eruption|p1a: Raging Bolt
|-resisted|p1a: Raging Bolt
|-damage|p1a: Raging Bolt|26/100
|-status|p1a: Raging Bolt|brn
|
|-weather|Snowscape|[upkeep]
|-heal|p1a: Raging Bolt|32/100 brn|[from] Grassy Terrain
|-heal|p2a: Volcanion|40/100|[from] Grassy Terrain
|-damage|p1a: Raging Bolt|26/100 brn|[from] brn
|upkeep
|turn|32
|
|t:|1758936075
|move|p1a: Raging Bolt|Thunderbolt|p2a: Volcanion
|-supereffective|p2a: Volcanion
|-damage|p2a: Volcanion|0 fnt
|faint|p2a: Volcanion
|
|-weather|none
|-heal|p1a: Raging Bolt|32/100 brn|[from] Grassy Terrain
|-damage|p1a: Raging Bolt|26/100 brn|[from] brn
|-fieldend|move: Grassy Terrain
|upkeep
|
|t:|1758936081
|switch|p2a: Dragonite|Dragonite, M|100/100
|turn|33
|
|t:|1758936084
|move|p2a: Dragonite|Dragon Dance|p2a: Dragonite
|-boost|p2a: Dragonite|atk|1
|-boost|p2a: Dragonite|spe|1
|move|p1a: Raging Bolt|Thunderbolt|p2a: Dragonite
|-damage|p2a: Dragonite|57/100
|-status|p2a: Dragonite|par
|
|-damage|p1a: Raging Bolt|20/100 brn|[from] brn
|upkeep
|turn|34
|-message|1-800 mouse forfeited.
|
|win|Ctannn
|raw|Ctannn's rating: 1950 &rarr; <strong>1962</strong><br />(+12 for winning)
|raw|1-800 mouse's rating: 1806 &rarr; <strong>1794</strong><br />(-12 for losing)
|l|☆1-800 mouse
|player|p2|
|l|☆Ctannn
|player|p1|
|l| Poltzor
|l| locked in bro
