|j|☆UchihaSusgay
|j|☆bellaisokay
|t:|1758946127
|gametype|singles
|player|p1|UchihaSusgay|roxie|1526
|player|p2|bellaisokay|sabrina|1521
|gen|9
|tier|[Gen 9] OU
|rated|
|rule|HP Percentage Mod: HP is shown in percentages
|rule|Endless Battle Clause: Forcing endless battles is banned
|rule|Species Clause: Limit one of each Pokémon
|rule|OHKO Clause: OHKO moves are banned
|rule|Evasion Items Clause: Evasion items are banned
|rule|Evasion Moves Clause: Evasion moves are banned
|rule|Evasion Abilities Clause: Evasion abilities are banned
|rule|Sleep Moves Clause: Sleep-inducing moves are banned
|clearpoke
|poke|p1|Flygon, F|
|poke|p1|Alomomola, F|
|poke|p1|Weezing-Galar, F|
|poke|p1|Rotom-Heat|
|poke|p1|Enamorus, F|
|poke|p1|Kingambit, F|
|poke|p2|Gholdengo|
|poke|p2|Zamazenta-*|
|poke|p2|Ting-Lu|
|poke|p2|Clefable, F|
|poke|p2|Dragonite, M|
|poke|p2|Deoxys-Speed|
|teampreview
|
|t:|1758946165
|teamsize|p1|6
|teamsize|p2|6
|start
|switch|p1a: Rotom|Rotom-Heat|100/100
|switch|p2a: Up Bowl On Em|Ting-Lu|100/100
|-ability|p2a: Up Bowl On Em|Vessel of Ruin
|turn|1
|
|t:|1758946190
|move|p1a: Rotom|Will-O-Wisp|p2a: Up Bowl On Em
|-status|p2a: Up Bowl On Em|brn
|move|p2a: Up Bowl On Em|Spikes|p1a: Rotom
|-sidestart|p1: UchihaSusgay|Spikes
|
|-damage|p2a: Up Bowl On Em|94/100 brn|[from] brn
|upkeep
|turn|2
|inactive|Battle timer is ON: inactive players will automatically lose when time's up. (requested by bellaisokay)
|
|t:|1758946195
|switch|p1a: Flygon|Flygon, F|100/100
|move|p2a: Up Bowl On Em|Spikes|p1a: Flygon
|-sidestart|p1: UchihaSusgay|Spikes
|
|-heal|p2a: Up Bowl On Em|100/100 brn|[from] item: Leftovers
|-damage|p2a: Up Bowl On Em|94/100 brn|[from] brn
|upkeep
|turn|3
|inactive|UchihaSusgay has 120 seconds left.
|
|t:|1758946236
|move|p1a: Flygon|U-turn|p2a: Up Bowl On Em
|-supereffective|p2a: Up Bowl On Em
|-damage|p2a: Up Bowl On Em|59/100 brn
|
|t:|1758946238
|switch|p1a: Weezing|Weezing-Galar, F|100/100|[from] U-turn
|-ability|p1a: Weezing|Neutralizing Gas
|move|p2a: Up Bowl On Em|Spikes|p1a: Weezing
|-sidestart|p1: UchihaSusgay|Spikes
|
|-heal|p2a: Up Bowl On Em|65/100 brn|[from] item: Leftovers
|-damage|p2a: Up Bowl On Em|59/100 brn|[from] brn
|upkeep
|turn|4
|
|t:|1758946241
|switch|p2a: Djengo Unrained|Gholdengo|100/100
|move|p1a: Weezing|Defog|p2a: Djengo Unrained
|-immune|p2a: Djengo Unrained|[from] ability: Good as Gold
|
|upkeep
|turn|5
|inactive|UchihaSusgay has 120 seconds left.
|c|☆UchihaSusgay|What the
|c|☆UchihaSusgay|The item huh?
|c|☆UchihaSusgay|Cool
|c|☆bellaisokay|:)
|
|t:|1758946278
|-end|p1a: Weezing|ability: Neutralizing Gas
|switch|p1a: Rotom|Rotom-Heat|100/100
|move|p2a: Djengo Unrained|Shadow Ball|p1a: Rotom
|-damage|p1a: Rotom|58/100
|
|upkeep
|turn|6
|
|t:|1758946285
|switch|p2a: Up Bowl On Em|Ting-Lu|59/100 brn
|-ability|p2a: Up Bowl On Em|Vessel of Ruin
|move|p1a: Rotom|Overheat|p2a: Up Bowl On Em
|-damage|p2a: Up Bowl On Em|17/100 brn
|-unboost|p1a: Rotom|spa|2
|
|-heal|p2a: Up Bowl On Em|23/100 brn|[from] item: Leftovers
|-damage|p2a: Up Bowl On Em|17/100 brn|[from] brn
|upkeep
|turn|7
|
|t:|1758946290
|move|p1a: Rotom|Overheat|p2a: Up Bowl On Em
|-damage|p2a: Up Bowl On Em|0 fnt
|-unboost|p1a: Rotom|spa|2
|faint|p2a: Up Bowl On Em
|
|upkeep
|
|t:|1758946292
|switch|p2a: Moonrock 350|Clefable, F|100/100
|turn|8
|inactive|UchihaSusgay has 120 seconds left.
|
|t:|1758946327
|switch|p1a: Enamorus|Enamorus, F|100/100
|move|p2a: Moonrock 350|Stealth Rock|p1a: Enamorus
|-sidestart|p1: UchihaSusgay|move: Stealth Rock
|
|upkeep
|turn|9
|
|t:|1758946346
|move|p1a: Enamorus|Sludge Bomb|p2a: Moonrock 350
|-supereffective|p2a: Moonrock 350
|-damage|p2a: Moonrock 350|40/100
|-status|p2a: Moonrock 350|psn
|move|p2a: Moonrock 350|Knock Off|p1a: Enamorus
|-resisted|p1a: Enamorus
|-damage|p1a: Enamorus|89/100
|-enditem|p1a: Enamorus|Choice Scarf|[from] move: Knock Off|[of] p2a: Moonrock 350
|
|upkeep
|turn|10
|
|t:|1758946364
|switch|p1a: Flygon|Flygon, F|100/100
|-damage|p1a: Flygon|95/100|[from] Stealth Rock
|move|p2a: Moonrock 350|Moonblast|p1a: Flygon
|-supereffective|p1a: Flygon
|-damage|p1a: Flygon|5/100
|-unboost|p1a: Flygon|spa|1
|
|upkeep
|turn|11
|
|t:|1758946373
|move|p1a: Flygon|Earthquake|p2a: Moonrock 350
|-damage|p2a: Moonrock 350|0 fnt
|faint|p2a: Moonrock 350
|
|upkeep
|
|t:|1758946376
|switch|p2a: Secret Service|Dragonite, M|100/100
|turn|12
|
|t:|1758946381
|switch|p1a: Weezing|Weezing-Galar, F|100/100
|-ability|p1a: Weezing|Neutralizing Gas
|move|p2a: Secret Service|Dragon Tail|p1a: Weezing
|-immune|p1a: Weezing
|
|upkeep
|turn|13
|
|t:|1758946384
|switch|p2a: Djengo Unrained|Gholdengo|100/100
|move|p1a: Weezing|Will-O-Wisp|p2a: Djengo Unrained
|-immune|p2a: Djengo Unrained|[from] ability: Good as Gold
|
|upkeep
|turn|14
|
|t:|1758946387
|-end|p1a: Weezing|ability: Neutralizing Gas
|switch|p1a: Rotom|Rotom-Heat|58/100
|-damage|p1a: Rotom|33/100|[from] Stealth Rock
|move|p2a: Djengo Unrained|Shadow Ball|p1a: Rotom
|-damage|p1a: Rotom|0 fnt
|faint|p1a: Rotom
|
|upkeep
|
|t:|1758946402
|switch|p1a: Kingambit|Kingambit, F|100/100
|-damage|p1a: Kingambit|76/100|[from] Spikes
|-damage|p1a: Kingambit|69/100|[from] Stealth Rock
|-activate|p1a: Kingambit|ability: Supreme Overlord
|-start|p1a: Kingambit|fallen1|[silent]
|turn|15
|
|t:|1758946415
|switch|p2a: CClifford|Zamazenta|100/100
|-ability|p2a: CClifford|Dauntless Shield|boost
|-boost|p2a: CClifford|def|1
|move|p1a: Kingambit|Iron Head|p2a: CClifford
|-damage|p2a: CClifford|69/100
|
|upkeep
|turn|16
|
|t:|1758946419
|-end|p1a: Kingambit|fallen1|[silent]
|switch|p1a: Alomomola|Alomomola, F|100/100
|move|p2a: CClifford|Close Combat|p1a: Alomomola
|-damage|p1a: Alomomola|67/100
|-unboost|p2a: CClifford|def|1
|-unboost|p2a: CClifford|spd|1
|
|upkeep
|turn|17
|
|t:|1758946434
|move|p2a: CClifford|Close Combat|p1a: Alomomola
|-damage|p1a: Alomomola|34/100
|-unboost|p2a: CClifford|def|1
|-unboost|p2a: CClifford|spd|1
|move|p1a: Alomomola|Wish|p1a: Alomomola
|
|upkeep
|turn|18
|
|t:|1758946437
|switch|p2a: Djengo Unrained|Gholdengo|100/100
|move|p1a: Alomomola|Flip Turn|p2a: Djengo Unrained
|-damage|p2a: Djengo Unrained|89/100
|
|t:|1758946442
|switch|p1a: Kingambit|Kingambit, F|69/100|[from] Flip Turn
|-damage|p1a: Kingambit|44/100|[from] Spikes
|-damage|p1a: Kingambit|38/100|[from] Stealth Rock
|-activate|p1a: Kingambit|ability: Supreme Overlord
|-start|p1a: Kingambit|fallen1|[silent]
|
|-heal|p1a: Kingambit|100/100|[from] move: Wish|[wisher] Alomomola
|upkeep
|turn|19
|
|t:|1758946456
|switch|p2a: CClifford|Zamazenta|69/100
|move|p1a: Kingambit|Iron Head|p2a: CClifford
|-damage|p2a: CClifford|24/100
|
|upkeep
|turn|20
|
|t:|1758946459
|-terastallize|p1a: Kingambit|Dark
|move|p1a: Kingambit|Sucker Punch|p2a: CClifford
|-resisted|p2a: CClifford
|-damage|p2a: CClifford|0 fnt
|faint|p2a: CClifford
|
|upkeep
|
|t:|1758946467
|switch|p2a: Secret Service|Dragonite, M|100/100
|turn|21
|
|t:|1758946476
|-end|p1a: Kingambit|fallen1|[silent]
|switch|p1a: Weezing|Weezing-Galar, F|100/100
|-ability|p1a: Weezing|Neutralizing Gas
|move|p2a: Secret Service|Dragon Tail|p1a: Weezing
|-immune|p1a: Weezing
|
|upkeep
|turn|22
|
|t:|1758946479
|switch|p2a: Djengo Unrained|Gholdengo|89/100
|move|p1a: Weezing|Will-O-Wisp|p2a: Djengo Unrained
|-immune|p2a: Djengo Unrained|[from] ability: Good as Gold
|
|upkeep
|turn|23
|
|t:|1758946481
|-end|p1a: Weezing|ability: Neutralizing Gas
|switch|p1a: Flygon|Flygon, F|5/100
|-damage|p1a: Flygon|0 fnt|[from] Stealth Rock
|faint|p1a: Flygon
|move|p2a: Djengo Unrained|Nasty Plot|p2a: Djengo Unrained
|-boost|p2a: Djengo Unrained|spa|2
|
|upkeep
|
|t:|1758946488
|switch|p1a: Enamorus|Enamorus, F|89/100
|-damage|p1a: Enamorus|64/100|[from] Stealth Rock
|turn|24
|
|t:|1758946494
|switch|p2a: Secret Service|Dragonite, M|100/100
|move|p1a: Enamorus|Earth Power|p2a: Secret Service
|-immune|p2a: Secret Service
|
|upkeep
|turn|25
|
|t:|1758946498
|switch|p1a: Weezing|Weezing-Galar, F|100/100
|-ability|p1a: Weezing|Neutralizing Gas
|move|p2a: Secret Service|Extreme Speed|p1a: Weezing
|-damage|p1a: Weezing|74/100
|
|upkeep
|turn|26
|
|t:|1758946502
|switch|p2a: Djengo Unrained|Gholdengo|89/100
|move|p1a: Weezing|Will-O-Wisp|p2a: Djengo Unrained
|-immune|p2a: Djengo Unrained|[from] ability: Good as Gold
|
|upkeep
|turn|27
|
|t:|1758946505
|-end|p1a: Weezing|ability: Neutralizing Gas
|switch|p1a: Alomomola|Alomomola, F|67/100
|move|p2a: Djengo Unrained|Make It Rain|p1a: Alomomola
|-resisted|p1a: Alomomola
|-damage|p1a: Alomomola|44/100
|-unboost|p2a: Djengo Unrained|spa|1
|
|upkeep
|turn|28
|
|t:|1758946512
|move|p2a: Djengo Unrained|Nasty Plot|p2a: Djengo Unrained
|-boost|p2a: Djengo Unrained|spa|2
|move|p1a: Alomomola|Flip Turn|p2a: Djengo Unrained
|-damage|p2a: Djengo Unrained|76/100
|
|t:|1758946516
|switch|p1a: Kingambit|Kingambit, F, tera:Dark|100/100|[from] Flip Turn
|-damage|p1a: Kingambit|76/100|[from] Spikes
|-damage|p1a: Kingambit|63/100|[from] Stealth Rock
|-activate|p1a: Kingambit|ability: Supreme Overlord
|-start|p1a: Kingambit|fallen2|[silent]
|
|upkeep
|turn|29
|
|t:|1758946519
|-terastallize|p2a: Djengo Unrained|Fairy
|move|p1a: Kingambit|Sucker Punch|p2a: Djengo Unrained
|-resisted|p2a: Djengo Unrained
|-damage|p2a: Djengo Unrained|49/100
|move|p2a: Djengo Unrained|Make It Rain|p1a: Kingambit
|-damage|p1a: Kingambit|0 fnt
|-unboost|p2a: Djengo Unrained|spa|1
|faint|p1a: Kingambit
|-end|p1a: Kingambit|fallen2|[silent]
|
|upkeep
|
|t:|1758946525
|switch|p1a: Enamorus|Enamorus, F|64/100
|-damage|p1a: Enamorus|39/100|[from] Stealth Rock
|turn|30
|
|t:|1758946538
|switch|p2a: Secret Service|Dragonite, M|100/100
|move|p1a: Enamorus|Moonblast|p2a: Secret Service
|-supereffective|p2a: Secret Service
|-damage|p2a: Secret Service|49/100
|
|upkeep
|turn|31
|
|t:|1758946550
|move|p2a: Secret Service|Extreme Speed|p1a: Enamorus
|-damage|p1a: Enamorus|0 fnt
|faint|p1a: Enamorus
|
|upkeep
|
|t:|1758946555
|switch|p1a: Weezing|Weezing-Galar, F|74/100
|-ability|p1a: Weezing|Neutralizing Gas
|turn|32
|
|t:|1758946558
|switch|p2a: Dude Nasty Asf|Deoxys-Speed|100/100
|move|p1a: Weezing|Sludge Bomb|p2a: Dude Nasty Asf
|-damage|p2a: Dude Nasty Asf|62/100
|
|upkeep
|turn|33
|
|t:|1758946562
|-end|p1a: Weezing|ability: Neutralizing Gas
|-ability|p2a: Dude Nasty Asf|Pressure
|switch|p1a: Alomomola|Alomomola, F|77/100
|move|p2a: Dude Nasty Asf|Psycho Boost|p1a: Alomomola
|-damage|p1a: Alomomola|17/100
|-unboost|p2a: Dude Nasty Asf|spa|2
|
|upkeep
|turn|34
|
|t:|1758946566
|move|p1a: Alomomola|Protect|p1a: Alomomola
|-singleturn|p1a: Alomomola|Protect
|move|p2a: Dude Nasty Asf|Thunderbolt|p1a: Alomomola
|-activate|p1a: Alomomola|move: Protect
|
|upkeep
|turn|35
|
|t:|1758946569
|move|p2a: Dude Nasty Asf|Thunderbolt|p1a: Alomomola
|-supereffective|p1a: Alomomola
|-damage|p1a: Alomomola|0 fnt
|faint|p1a: Alomomola
|
|upkeep
|
|t:|1758946571
|switch|p1a: Weezing|Weezing-Galar, F|74/100
|-ability|p1a: Weezing|Neutralizing Gas
|turn|36
|
|t:|1758946573
|move|p2a: Dude Nasty Asf|Psycho Boost|p1a: Weezing
|-supereffective|p1a: Weezing
|-damage|p1a: Weezing|0 fnt
|-unboost|p2a: Dude Nasty Asf|spa|2
|faint|p1a: Weezing
|-end|p1a: Weezing|ability: Neutralizing Gas
|-ability|p2a: Dude Nasty Asf|Pressure
|
|win|bellaisokay
|raw|UchihaSusgay's rating: 1509 &rarr; <strong>1490</strong><br />(-19 for losing)
|raw|bellaisokay's rating: 1521 &rarr; <strong>1540</strong><br />(+19 for winning)
|c|☆bellaisokay|ggs lol
|c|☆UchihaSusgay|Gg
|l|☆bellaisokay
|player|p2|
|l|☆UchihaSusgay
|player|p1|
