|j|☆poison doctor
|j|☆WetWaterTypes
|t:|1758986600
|gametype|singles
|player|p1|poison doctor|policeman-gen4|1443
|player|p2|WetWaterTypes|yellow|1377
|gen|9
|tier|[Gen 9] OU
|rated|
|rule|HP Percentage Mod: HP is shown in percentages
|rule|Endless Battle Clause: Forcing endless battles is banned
|rule|Species Clause: Limit one of each Pokémon
|rule|OHKO Clause: OHKO moves are banned
|rule|Evasion Items Clause: Evasion items are banned
|rule|Evasion Moves Clause: Evasion moves are banned
|rule|Evasion Abilities Clause: Evasion abilities are banned
|rule|Sleep Moves Clause: Sleep-inducing moves are banned
|clearpoke
|poke|p1|Pelipper, M|
|poke|p1|Clodsire, F|
|poke|p1|Iron Jugulis|
|poke|p1|Great Tusk|
|poke|p1|Basculegion, M|
|poke|p1|Ribombee, M|
|poke|p2|Bruxish, F|
|poke|p2|Alomomola, F|
|poke|p2|Pecharunt|
|poke|p2|Iron Treads|
|poke|p2|Meowscarada, F|
|poke|p2|Darkrai|
|teampreview
|inactive|Battle timer is ON: inactive players will automatically lose when time's up. (requested by poison doctor)
|c|☆WetWaterTypes|Cool team
|inactive|poison doctor has 120 seconds left.
|
|t:|1758986635
|teamsize|p1|6
|teamsize|p2|6
|start
|switch|p1a: Ribombee|Ribombee, M|100/100
|switch|p2a: Iron Treads|Iron Treads|100/100
|turn|1
|
|t:|1758986646
|switch|p1a: Great Tusk|Great Tusk|100/100
|move|p2a: Iron Treads|Rapid Spin|p1a: Great Tusk
|-damage|p1a: Great Tusk|94/100
|-boost|p2a: Iron Treads|spe|1
|-damage|p2a: Iron Treads|84/100|[from] item: Rocky Helmet|[of] p1a: Great Tusk
|
|-heal|p2a: Iron Treads|90/100|[from] item: Leftovers
|upkeep
|turn|2
|
|t:|1758986659
|-end|p2a: Iron Treads|Quark Drive|[silent]
|switch|p2a: Alomomola|Alomomola, F|100/100
|move|p1a: Great Tusk|Stealth Rock|p2a: Alomomola
|-sidestart|p2: WetWaterTypes|move: Stealth Rock
|
|upkeep
|turn|3
|
|t:|1758986670
|-end|p1a: Great Tusk|Protosynthesis|[silent]
|switch|p1a: Clodsire|Clodsire, F|100/100
|move|p2a: Alomomola|Scald|p1a: Clodsire
|-immune|p1a: Clodsire|[from] ability: Water Absorb
|
|upkeep
|turn|4
|
|t:|1758986685
|switch|p2a: Pecharunt|Pecharunt|100/100
|switch|p1a: Great Tusk|Great Tusk|94/100
|
|upkeep
|turn|5
|
|t:|1758986701
|-end|p1a: Great Tusk|Protosynthesis|[silent]
|switch|p1a: Ribombee|Ribombee, M|100/100
|move|p2a: Pecharunt|Malignant Chain|p1a: Ribombee
|-supereffective|p1a: Ribombee
|-crit|p1a: Ribombee
|-enditem|p1a: Ribombee|Focus Sash
|-damage|p1a: Ribombee|1/100
|
|upkeep
|turn|6
|
|t:|1758986709
|move|p1a: Ribombee|Sticky Web|p2a: Pecharunt
|-sidestart|p2: WetWaterTypes|move: Sticky Web
|move|p2a: Pecharunt|Hex|p1a: Ribombee
|-damage|p1a: Ribombee|0 fnt
|faint|p1a: Ribombee
|
|upkeep
|
|t:|1758986714
|switch|p1a: Great Tusk|Great Tusk|94/100
|turn|7
|
|t:|1758986723
|move|p2a: Pecharunt|Malignant Chain|p1a: Great Tusk
|-resisted|p1a: Great Tusk
|-damage|p1a: Great Tusk|75/100
|move|p1a: Great Tusk|Headlong Rush|p2a: Pecharunt
|-supereffective|p2a: Pecharunt
|-damage|p2a: Pecharunt|55/100
|-unboost|p1a: Great Tusk|def|1
|-unboost|p1a: Great Tusk|spd|1
|
|upkeep
|turn|8
|
|t:|1758986736
|-end|p1a: Great Tusk|Protosynthesis|[silent]
|switch|p1a: Clodsire|Clodsire, F|100/100
|move|p2a: Pecharunt|Recover|p2a: Pecharunt
|-heal|p2a: Pecharunt|100/100
|
|upkeep
|turn|9
|
|t:|1758986754
|move|p2a: Pecharunt|Parting Shot|p1a: Clodsire
|-unboost|p1a: Clodsire|atk|1
|-unboost|p1a: Clodsire|spa|1
|
|t:|1758986758
|switch|p2a: Iron Treads|Iron Treads|90/100|[from] Parting Shot
|-damage|p2a: Iron Treads|87/100|[from] Stealth Rock
|-activate|p2a: Iron Treads|move: Sticky Web
|-unboost|p2a: Iron Treads|spe|1
|move|p1a: Clodsire|Earthquake|p2a: Iron Treads
|-supereffective|p2a: Iron Treads
|-damage|p2a: Iron Treads|59/100
|
|-heal|p2a: Iron Treads|65/100|[from] item: Leftovers
|upkeep
|turn|10
|
|t:|1758986771
|switch|p1a: Pelipper|Pelipper, M|100/100
|-weather|RainDance|[from] ability: Drizzle|[of] p1a: Pelipper
|move|p2a: Iron Treads|Knock Off|p1a: Pelipper
|-damage|p1a: Pelipper|66/100
|-enditem|p1a: Pelipper|Choice Scarf|[from] move: Knock Off|[of] p2a: Iron Treads
|
|-weather|RainDance|[upkeep]
|-heal|p2a: Iron Treads|71/100|[from] item: Leftovers
|upkeep
|turn|11
|
|t:|1758986780
|move|p1a: Pelipper|Weather Ball|p2a: Iron Treads
|-supereffective|p2a: Iron Treads
|-damage|p2a: Iron Treads|0 fnt
|faint|p2a: Iron Treads
|-end|p2a: Iron Treads|Quark Drive|[silent]
|
|-weather|RainDance|[upkeep]
|upkeep
|
|t:|1758986788
|switch|p2a: Alomomola|Alomomola, F|100/100
|-damage|p2a: Alomomola|88/100|[from] Stealth Rock
|-activate|p2a: Alomomola|move: Sticky Web
|-unboost|p2a: Alomomola|spe|1
|turn|12
|
|t:|1758986794
|move|p1a: Pelipper|U-turn|p2a: Alomomola
|-damage|p2a: Alomomola|82/100
|
|t:|1758986797
|switch|p1a: Clodsire|Clodsire, F|100/100|[from] U-turn
|move|p2a: Alomomola|Body Slam|p1a: Clodsire
|-damage|p1a: Clodsire|85/100
|-status|p1a: Clodsire|par
|
|-weather|RainDance|[upkeep]
|upkeep
|turn|13
|
|t:|1758986807
|switch|p2a: Bruxish|Bruxish, F|100/100
|-damage|p2a: Bruxish|88/100|[from] Stealth Rock
|-activate|p2a: Bruxish|move: Sticky Web
|-unboost|p2a: Bruxish|spe|1
|cant|p1a: Clodsire|par
|
|-weather|RainDance|[upkeep]
|upkeep
|turn|14
|
|t:|1758986828
|-terastallize|p1a: Clodsire|Steel
|move|p2a: Bruxish|Wave Crash|p1a: Clodsire
|-heal|p1a: Clodsire|100/100 par|[from] ability: Water Absorb|[of] p2a: Bruxish
|move|p1a: Clodsire|Toxic|p2a: Bruxish
|-status|p2a: Bruxish|tox
|
|-weather|none
|-damage|p2a: Bruxish|82/100 tox|[from] psn
|upkeep
|turn|15
|
|t:|1758986839
|switch|p2a: Pecharunt|Pecharunt|100/100
|move|p1a: Clodsire|Spikes|p2a: Pecharunt
|-sidestart|p2: WetWaterTypes|Spikes
|
|upkeep
|turn|16
|inactive|WetWaterTypes has 120 seconds left.
|l|☆WetWaterTypes
|inactive|WetWaterTypes disconnected and has a minute to reconnect!
|player|p2|
|j|☆WetWaterTypes
|inactive|WetWaterTypes reconnected and has 100 seconds left.
|player|p2|WetWaterTypes|yellow|
|inactive|WetWaterTypes has 90 seconds left.
|
|t:|1758986898
|switch|p1a: Iron Jugulis|Iron Jugulis|100/100
|move|p2a: Pecharunt|Hex|p1a: Iron Jugulis
|-resisted|p1a: Iron Jugulis
|-damage|p1a: Iron Jugulis|88/100
|
|upkeep
|turn|17
|inactive|poison doctor has 120 seconds left.
|
|t:|1758986921
|-terastallize|p2a: Pecharunt|Fairy
|move|p1a: Iron Jugulis|Dark Pulse|p2a: Pecharunt
|-resisted|p2a: Pecharunt
|-damage|p2a: Pecharunt|71/100
|move|p2a: Pecharunt|Malignant Chain|p1a: Iron Jugulis
|-damage|p1a: Iron Jugulis|48/100
|-status|p1a: Iron Jugulis|tox
|-start|p1a: Iron Jugulis|confusion|[from] ability: Poison Puppeteer|[of] p2a: Pecharunt
|
|-damage|p1a: Iron Jugulis|42/100 tox|[from] psn
|upkeep
|turn|18
|inactive|poison doctor has 120 seconds left.
|inactive|WetWaterTypes has 90 seconds left.
|l|☆WetWaterTypes
|inactive|WetWaterTypes disconnected and has a minute to reconnect!
|player|p2|
|j|☆WetWaterTypes
|inactive|WetWaterTypes reconnected and has 65 seconds left.
|player|p2|WetWaterTypes|yellow|
|inactive|WetWaterTypes has 60 seconds left.
|
|t:|1758986986
|-end|p1a: Iron Jugulis|Quark Drive|[silent]
|switch|p1a: Clodsire|Clodsire, F, tera:Steel|100/100 par
|move|p2a: Pecharunt|Recover|p2a: Pecharunt
|-heal|p2a: Pecharunt|100/100
|
|upkeep
|turn|19
|
|t:|1758987010
|move|p2a: Pecharunt|Hex|p1a: Clodsire
|-damage|p1a: Clodsire|79/100 par
|move|p1a: Clodsire|Toxic|p2a: Pecharunt
|-status|p2a: Pecharunt|tox
|
|-damage|p2a: Pecharunt|94/100 tox|[from] psn
|upkeep
|turn|20
|
|t:|1758987019
|move|p2a: Pecharunt|Parting Shot|p1a: Clodsire
|-unboost|p1a: Clodsire|atk|1
|-unboost|p1a: Clodsire|spa|1
|
|t:|1758987028
|switch|p2a: Meowscarada|Meowscarada, F|100/100|[from] Parting Shot
|-damage|p2a: Meowscarada|88/100|[from] Stealth Rock
|-activate|p2a: Meowscarada|move: Sticky Web
|-unboost|p2a: Meowscarada|spe|1
|-damage|p2a: Meowscarada|76/100|[from] Spikes
|move|p1a: Clodsire|Recover|p1a: Clodsire
|-heal|p1a: Clodsire|100/100 par
|
|upkeep
|turn|21
|
|t:|1758987041
|switch|p1a: Pelipper|Pelipper, M|66/100
|-weather|RainDance|[from] ability: Drizzle|[of] p1a: Pelipper
|move|p2a: Meowscarada|Knock Off|p1a: Pelipper
|-start|p2a: Meowscarada|typechange|Dark|[from] ability: Protean
|-damage|p1a: Pelipper|10/100
|
|-weather|RainDance|[upkeep]
|upkeep
|turn|22
|inactive|WetWaterTypes has 60 seconds left.
|
|t:|1758987063
|switch|p2a: Alomomola|Alomomola, F|100/100
|-damage|p2a: Alomomola|88/100|[from] Stealth Rock
|-activate|p2a: Alomomola|move: Sticky Web
|-unboost|p2a: Alomomola|spe|1
|-damage|p2a: Alomomola|76/100|[from] Spikes
|move|p1a: Pelipper|Hurricane|p2a: Alomomola
|-damage|p2a: Alomomola|49/100
|-start|p2a: Alomomola|confusion
|
|-weather|RainDance|[upkeep]
|upkeep
|turn|23
|
|t:|1758987080
|switch|p1a: Clodsire|Clodsire, F, tera:Steel|100/100 par
|switch|p2a: Bruxish|Bruxish, F|82/100 tox
|-damage|p2a: Bruxish|70/100 tox|[from] Stealth Rock
|-activate|p2a: Bruxish|move: Sticky Web
|-unboost|p2a: Bruxish|spe|1
|-damage|p2a: Bruxish|58/100 tox|[from] Spikes
|
|-weather|RainDance|[upkeep]
|-damage|p2a: Bruxish|51/100 tox|[from] psn
|upkeep
|turn|24
|
|t:|1758987091
|move|p2a: Bruxish|Psychic Fangs|p1a: Clodsire
|-resisted|p1a: Clodsire
|-damage|p1a: Clodsire|71/100 par
|move|p1a: Clodsire|Recover|p1a: Clodsire
|-heal|p1a: Clodsire|100/100 par
|
|-weather|RainDance|[upkeep]
|-damage|p2a: Bruxish|39/100 tox|[from] psn
|upkeep
|turn|25
|inactive|WetWaterTypes has 60 seconds left.
|l|☆WetWaterTypes
|inactive|WetWaterTypes disconnected and has a minute to reconnect!
|player|p2|
|inactive|WetWaterTypes has 30 seconds to reconnect!
|inactive|WetWaterTypes has 20 seconds to reconnect!
|inactive|WetWaterTypes has 15 seconds to reconnect!
|inactive|WetWaterTypes has 10 seconds to reconnect!
|inactive|WetWaterTypes has 5 seconds to reconnect!
|-message|WetWaterTypes lost due to inactivity.
|
|win|poison doctor
|raw|poison doctor's rating: 1443 &rarr; <strong>1459</strong><br />(+16 for winning)
|raw|WetWaterTypes's rating: 1377 &rarr; <strong>1361</strong><br />(-16 for losing)
|l|☆poison doctor
|player|p1|
