|j|☆Nijujinkaku
|j|‽Otherthero
|t:|1758983600
|gametype|singles
|player|p1|Nijujinkaku|2|1219
|player|p2|Otherthero|265|1267
|gen|9
|tier|[Gen 9] OU
|rated|
|rule|HP Percentage Mod: HP is shown in percentages
|rule|Endless Battle Clause: Forcing endless battles is banned
|rule|Species Clause: Limit one of each Pokémon
|rule|OHKO Clause: OHKO moves are banned
|rule|Evasion Items Clause: Evasion items are banned
|rule|Evasion Moves Clause: Evasion moves are banned
|rule|Evasion Abilities Clause: Evasion abilities are banned
|rule|Sleep Moves Clause: Sleep-inducing moves are banned
|clearpoke
|poke|p1|Landorus-Therian, M|
|poke|p1|Dragapult, F|
|poke|p1|Garchomp, F|
|poke|p1|Kingambit, M|
|poke|p1|Scizor, M|
|poke|p1|Zapdos|
|poke|p2|Heracross, M|
|poke|p2|Piloswine, M|
|poke|p2|Amoonguss, M|
|poke|p2|Bombirdier, F|
|poke|p2|Ribombee, F|
|poke|p2|Goodra-Hisui, M|
|teampreview
|inactive|Battle timer is ON: inactive players will automatically lose when time's up. (requested by Otherthero)
|
|t:|1758983618
|teamsize|p1|6
|teamsize|p2|6
|start
|switch|p1a: Landorus|Landorus-Therian, M|100/100
|switch|p2a: Ribombee|Ribombee, F|100/100
|-ability|p1a: Landorus|Intimidate|boost
|-unboost|p2a: Ribombee|atk|1
|turn|1
|
|t:|1758983626
|move|p2a: Ribombee|Quiver Dance|p2a: Ribombee
|-boost|p2a: Ribombee|spa|1
|-boost|p2a: Ribombee|spd|1
|-boost|p2a: Ribombee|spe|1
|move|p1a: Landorus|U-turn|p2a: Ribombee
|-resisted|p2a: Ribombee
|-damage|p2a: Ribombee|80/100
|
|t:|1758983632
|switch|p1a: Scizor|Scizor, M|100/100|[from] U-turn
|
|upkeep
|turn|2
|
|t:|1758983641
|move|p1a: Scizor|Bullet Punch|p2a: Ribombee
|-supereffective|p2a: Ribombee
|-damage|p2a: Ribombee|0 fnt
|faint|p2a: Ribombee
|-damage|p1a: Scizor|91/100|[from] item: Life Orb
|
|upkeep
|
|t:|1758983649
|switch|p2a: Piloswine|Piloswine, M|100/100
|turn|3
|
|t:|1758983658
|move|p1a: Scizor|Close Combat|p2a: Piloswine
|-supereffective|p2a: Piloswine
|-damage|p2a: Piloswine|41/100
|-unboost|p1a: Scizor|def|1
|-unboost|p1a: Scizor|spd|1
|-damage|p1a: Scizor|81/100|[from] item: Life Orb
|move|p2a: Piloswine|Stealth Rock|p1a: Scizor
|-sidestart|p1: Nijujinkaku|move: Stealth Rock
|
|upkeep
|turn|4
|
|t:|1758983669
|move|p1a: Scizor|Close Combat|p2a: Piloswine
|-supereffective|p2a: Piloswine
|-damage|p2a: Piloswine|0 fnt
|-unboost|p1a: Scizor|def|1
|-unboost|p1a: Scizor|spd|1
|faint|p2a: Piloswine
|-damage|p1a: Scizor|71/100|[from] item: Life Orb
|
|upkeep
|
|t:|1758983687
|switch|p2a: Heracross|Heracross, M|100/100
|turn|5
|
|t:|1758983699
|move|p2a: Heracross|Earthquake|p1a: Scizor
|-damage|p1a: Scizor|0 fnt
|faint|p1a: Scizor
|-ability|p2a: Heracross|Moxie|boost
|-boost|p2a: Heracross|atk|1
|
|upkeep
|
|t:|1758983704
|switch|p1a: Landorus|Landorus-Therian, M|100/100
|-damage|p1a: Landorus|88/100|[from] Stealth Rock
|-ability|p1a: Landorus|Intimidate|boost
|-unboost|p2a: Heracross|atk|1
|turn|6
|
|t:|1758983707
|switch|p2a: Amoonguss|Amoonguss, M|100/100
|move|p1a: Landorus|Stealth Rock|p2a: Amoonguss
|-sidestart|p2: Otherthero|move: Stealth Rock
|
|upkeep
|turn|7
|
|t:|1758983724
|move|p1a: Landorus|U-turn|p2a: Amoonguss
|-damage|p2a: Amoonguss|77/100
|
|t:|1758983730
|switch|p1a: Zapdos|Zapdos|100/100|[from] U-turn
|move|p2a: Amoonguss|Giga Drain|p1a: Zapdos
|-resisted|p1a: Zapdos
|-damage|p1a: Zapdos|88/100
|-heal|p2a: Amoonguss|82/100|[from] drain|[of] p1a: Zapdos
|
|upkeep
|turn|8
|
|t:|1758983737
|move|p1a: Zapdos|Heat Wave|p2a: Amoonguss
|-supereffective|p2a: Amoonguss
|-damage|p2a: Amoonguss|51/100
|move|p2a: Amoonguss|Sludge Bomb|p1a: Zapdos
|-damage|p1a: Zapdos|58/100
|
|upkeep
|turn|9
|
|t:|1758983749
|move|p1a: Zapdos|Hurricane|p2a: Amoonguss
|-supereffective|p2a: Amoonguss
|-damage|p2a: Amoonguss|0 fnt
|faint|p2a: Amoonguss
|
|upkeep
|
|t:|1758983763
|switch|p2a: Goodra|Goodra-Hisui, M|100/100
|-damage|p2a: Goodra|94/100|[from] Stealth Rock
|turn|10
|
|t:|1758983780
|move|p1a: Zapdos|Heat Wave|p2a: Goodra
|-damage|p2a: Goodra|83/100
|move|p2a: Goodra|Ice Beam|p1a: Zapdos
|-supereffective|p1a: Zapdos
|-damage|p1a: Zapdos|6/100
|
|upkeep
|turn|11
|
|t:|1758983787
|move|p1a: Zapdos|Volt Switch|p2a: Goodra
|-resisted|p2a: Goodra
|-damage|p2a: Goodra|77/100
|
|t:|1758983798
|switch|p1a: Landorus|Landorus-Therian, M|88/100|[from] Volt Switch
|-damage|p1a: Landorus|76/100|[from] Stealth Rock
|-ability|p1a: Landorus|Intimidate|boost
|-unboost|p2a: Goodra|atk|1
|move|p2a: Goodra|Ice Beam|p1a: Landorus
|-supereffective|p1a: Landorus
|-damage|p1a: Landorus|0 fnt
|faint|p1a: Landorus
|
|upkeep
|
|t:|1758983803
|switch|p1a: Cream|Garchomp, F, shiny|100/100
|-damage|p1a: Cream|94/100|[from] Stealth Rock
|turn|12
|
|t:|1758983810
|move|p1a: Cream|Earthquake|p2a: Goodra
|-supereffective|p2a: Goodra
|-damage|p2a: Goodra|0 fnt
|faint|p2a: Goodra
|
|upkeep
|
|t:|1758983822
|switch|p2a: Bombirdier|Bombirdier, F|100/100
|-damage|p2a: Bombirdier|76/100|[from] Stealth Rock
|turn|13
|
|t:|1758983829
|move|p1a: Cream|Scale Shot|p2a: Bombirdier
|-damage|p2a: Bombirdier|57/100
|-damage|p2a: Bombirdier|38/100
|-damage|p2a: Bombirdier|20/100
|-damage|p2a: Bombirdier|1/100
|-damage|p2a: Bombirdier|0 fnt
|faint|p2a: Bombirdier
|-hitcount|p2: Bombirdier|5
|-unboost|p1a: Cream|def|1
|-boost|p1a: Cream|spe|1
|
|upkeep
|
|t:|1758983836
|switch|p2a: Heracross|Heracross, M|100/100
|-damage|p2a: Heracross|88/100|[from] Stealth Rock
|turn|14
|
|t:|1758983848
|move|p1a: Cream|Fire Fang|p2a: Heracross
|-supereffective|p2a: Heracross
|-damage|p2a: Heracross|23/100
|-status|p2a: Heracross|brn
|move|p2a: Heracross|Megahorn|p1a: Cream
|-damage|p1a: Cream|46/100
|-damage|p2a: Heracross|10/100 brn|[from] ability: Rough Skin|[of] p1a: Cream
|
|-damage|p2a: Heracross|4/100 brn|[from] brn
|upkeep
|turn|15
|-message|Otherthero forfeited.
|
|win|Nijujinkaku
|raw|Nijujinkaku's rating: 1219 &rarr; <strong>1247</strong><br />(+28 for winning)
|raw|Otherthero's rating: 1267 &rarr; <strong>1239</strong><br />(-28 for losing)
|l|‽Otherthero
|player|p2|
|l|☆Nijujinkaku
|player|p1|
