|j|☆xerkxes
|j|☆Lordstrat
|t:|1758976736
|gametype|singles
|player|p1|xerkxes|maid|1245
|player|p2|Lordstrat|red|1186
|gen|9
|tier|[Gen 9] OU
|rated|
|rule|HP Percentage Mod: HP is shown in percentages
|rule|Endless Battle Clause: Forcing endless battles is banned
|rule|Species Clause: Limit one of each Pokémon
|rule|OHKO Clause: OHKO moves are banned
|rule|Evasion Items Clause: Evasion items are banned
|rule|Evasion Moves Clause: Evasion moves are banned
|rule|Evasion Abilities Clause: Evasion abilities are banned
|rule|Sleep Moves Clause: Sleep-inducing moves are banned
|clearpoke
|poke|p1|Ogerpon-Wellspring, F|
|poke|p1|Kingambit, M|
|poke|p1|Glimmora, M|
|poke|p1|Dragapult, M|
|poke|p1|Iron Valiant|
|poke|p1|Gliscor, M|
|poke|p2|Avalugg, F|
|poke|p2|Ninetales-Alola, M|
|poke|p2|Gliscor, M|
|poke|p2|Grimmsnarl, M|
|poke|p2|Regice|
|poke|p2|Toxapex, M|
|teampreview
|
|t:|1758976745
|teamsize|p1|6
|teamsize|p2|6
|start
|switch|p1a: Glimmora|Glimmora, M|100/100
|switch|p2a: Grimmsnarl|Grimmsnarl, M|100/100
|turn|1
|
|t:|1758976753
|move|p2a: Grimmsnarl|Reflect|p2a: Grimmsnarl
|-sidestart|p2: Lordstrat|Reflect
|move|p1a: Glimmora|Spikes|p2a: Grimmsnarl
|-sidestart|p2: Lordstrat|Spikes
|
|upkeep
|turn|2
|
|t:|1758976763
|move|p2a: Grimmsnarl|Light Screen|p2a: Grimmsnarl
|-sidestart|p2: Lordstrat|move: Light Screen
|move|p1a: Glimmora|Meteor Beam||[still]
|-prepare|p1a: Glimmora|Meteor Beam
|-boost|p1a: Glimmora|spa|1
|-enditem|p1a: Glimmora|Power Herb
|-anim|p1a: Glimmora|Meteor Beam|p2a: Grimmsnarl
|-damage|p2a: Grimmsnarl|49/100
|
|upkeep
|turn|3
|
|t:|1758976771
|move|p2a: Grimmsnarl|Parting Shot|p1a: Glimmora
|-unboost|p1a: Glimmora|atk|1
|-unboost|p1a: Glimmora|spa|1
|
|t:|1758976781
|switch|p2a: Toxapex|Toxapex, M|100/100|[from] Parting Shot
|-damage|p2a: Toxapex|88/100|[from] Spikes
|move|p1a: Glimmora|Spikes|p2a: Toxapex
|-sidestart|p2: Lordstrat|Spikes
|
|upkeep
|turn|4
|
|t:|1758976792
|move|p1a: Glimmora|Earth Power|p2a: Toxapex
|-supereffective|p2a: Toxapex
|-damage|p2a: Toxapex|66/100
|move|p2a: Toxapex|Chilling Water|p1a: Glimmora
|-supereffective|p1a: Glimmora
|-damage|p1a: Glimmora|71/100
|-unboost|p1a: Glimmora|atk|1
|
|upkeep
|turn|5
|
|t:|1758976805
|switch|p2a: Ninetales|Ninetales-Alola, M|100/100
|-damage|p2a: Ninetales|84/100|[from] Spikes
|-weather|Snowscape|[from] ability: Snow Warning|[of] p2a: Ninetales
|move|p1a: Glimmora|Spikes|p2a: Ninetales
|-sidestart|p2: Lordstrat|Spikes
|
|-weather|Snowscape|[upkeep]
|upkeep
|turn|6
|
|t:|1758976815
|switch|p2a: Avalugg|Avalugg, F|100/100
|-damage|p2a: Avalugg|76/100|[from] Spikes
|move|p1a: Glimmora|Mortal Spin|p2a: Avalugg
|-damage|p2a: Avalugg|75/100
|-status|p2a: Avalugg|psn
|
|-weather|Snowscape|[upkeep]
|-heal|p2a: Avalugg|81/100 psn|[from] ability: Ice Body
|-heal|p2a: Avalugg|87/100 psn|[from] item: Leftovers
|-damage|p2a: Avalugg|75/100 psn|[from] psn
|upkeep
|turn|7
|
|t:|1758976830
|move|p1a: Glimmora|Earth Power|p2a: Avalugg
|-damage|p2a: Avalugg|48/100 psn
|move|p2a: Avalugg|Rapid Spin|p1a: Glimmora
|-resisted|p1a: Glimmora
|-damage|p1a: Glimmora|64/100
|-boost|p2a: Avalugg|spe|1
|-activate|p1a: Glimmora|ability: Toxic Debris
|-sidestart|p2: Lordstrat|move: Toxic Spikes
|-sideend|p2: Lordstrat|Spikes|[from] move: Rapid Spin|[of] p2a: Avalugg
|-sideend|p2: Lordstrat|Toxic Spikes|[from] move: Rapid Spin|[of] p2a: Avalugg
|
|-weather|Snowscape|[upkeep]
|-heal|p2a: Avalugg|54/100 psn|[from] ability: Ice Body
|-heal|p2a: Avalugg|60/100 psn|[from] item: Leftovers
|-damage|p2a: Avalugg|48/100 psn|[from] psn
|upkeep
|turn|8
|
|t:|1758976844
|move|p1a: Glimmora|Spikes|p2a: Avalugg
|-sidestart|p2: Lordstrat|Spikes
|move|p2a: Avalugg|Body Press|p1a: Glimmora
|-damage|p1a: Glimmora|12/100
|-activate|p1a: Glimmora|ability: Toxic Debris
|-sidestart|p2: Lordstrat|move: Toxic Spikes
|
|-weather|Snowscape|[upkeep]
|-heal|p2a: Avalugg|54/100 psn|[from] ability: Ice Body
|-heal|p2a: Avalugg|60/100 psn|[from] item: Leftovers
|-damage|p2a: Avalugg|48/100 psn|[from] psn
|-sideend|p2: Lordstrat|Reflect
|upkeep
|turn|9
|
|t:|1758976868
|switch|p1a: Dragapult|Dragapult, M|100/100
|move|p2a: Avalugg|Rapid Spin|p1a: Dragapult
|-immune|p1a: Dragapult
|
|-weather|none
|-heal|p2a: Avalugg|54/100 psn|[from] item: Leftovers
|-damage|p2a: Avalugg|41/100 psn|[from] psn
|-sideend|p2: Lordstrat|move: Light Screen
|upkeep
|turn|10
|
|t:|1758976880
|move|p1a: Dragapult|Draco Meteor|p2a: Avalugg
|-damage|p2a: Avalugg|0 fnt
|-unboost|p1a: Dragapult|spa|2
|faint|p2a: Avalugg
|
|upkeep
|
|t:|1758976886
|switch|p2a: Ninetales|Ninetales-Alola, M|84/100
|-damage|p2a: Ninetales|72/100|[from] Spikes
|-status|p2a: Ninetales|psn
|-weather|Snowscape|[from] ability: Snow Warning|[of] p2a: Ninetales
|turn|11
|
|t:|1758976895
|switch|p1a: Glimmora|Glimmora, M|12/100
|move|p2a: Ninetales|Aurora Veil|p2a: Ninetales
|-sidestart|p2: Lordstrat|move: Aurora Veil
|
|-weather|Snowscape|[upkeep]
|-damage|p2a: Ninetales|59/100 psn|[from] psn
|upkeep
|turn|12
|
|t:|1758976904
|move|p2a: Ninetales|Moonblast|p1a: Glimmora
|-resisted|p1a: Glimmora
|-damage|p1a: Glimmora|0 fnt
|faint|p1a: Glimmora
|
|-weather|Snowscape|[upkeep]
|-damage|p2a: Ninetales|47/100 psn|[from] psn
|upkeep
|
|t:|1758976914
|switch|p1a: Dragapult|Dragapult, M|100/100
|turn|13
|
|t:|1758976922
|switch|p2a: Grimmsnarl|Grimmsnarl, M|49/100
|-damage|p2a: Grimmsnarl|37/100|[from] Spikes
|-status|p2a: Grimmsnarl|psn
|move|p1a: Dragapult|Flamethrower|p2a: Grimmsnarl
|-damage|p2a: Grimmsnarl|16/100 psn
|
|-weather|Snowscape|[upkeep]
|-damage|p2a: Grimmsnarl|4/100 psn|[from] psn
|upkeep
|turn|14
|
|t:|1758976941
|switch|p1a: Gliscor|Gliscor, M|100/100
|move|p2a: Grimmsnarl|Parting Shot|p1a: Gliscor
|-unboost|p1a: Gliscor|atk|1
|-unboost|p1a: Gliscor|spa|1
|
|t:|1758976950
|switch|p2a: Ninetales|Ninetales-Alola, M|47/100 psn|[from] Parting Shot
|-damage|p2a: Ninetales|35/100 psn|[from] Spikes
|
|-weather|Snowscape|[upkeep]
|-damage|p2a: Ninetales|22/100 psn|[from] psn
|-status|p1a: Gliscor|tox|[from] item: Toxic Orb
|upkeep
|turn|15
|
|t:|1758976960
|switch|p1a: Ogerpon|Ogerpon-Wellspring, F|100/100
|move|p2a: Ninetales|Blizzard|p1a: Ogerpon
|-damage|p1a: Ogerpon|62/100
|
|-weather|none
|-damage|p2a: Ninetales|10/100 psn|[from] psn
|upkeep
|turn|16
|
|t:|1758976978
|switch|p2a: Grimmsnarl|Grimmsnarl, M|4/100 psn
|-damage|p2a: Grimmsnarl|0 fnt|[from] Spikes
|faint|p2a: Grimmsnarl
|move|p1a: Ogerpon|Horn Leech|p2: Grimmsnarl|[notarget]
|-fail|p1a: Ogerpon
|
|upkeep
|
|t:|1758976985
|switch|p2a: Ninetales|Ninetales-Alola, M|10/100 psn
|-damage|p2a: Ninetales|0 fnt|[from] Spikes
|faint|p2a: Ninetales
|
|t:|1758976991
|switch|p2a: Regice|Regice|100/100
|-damage|p2a: Regice|88/100|[from] Spikes
|-status|p2a: Regice|psn
|turn|17
|
|t:|1758977008
|move|p1a: Ogerpon|Ivy Cudgel|p2a: Regice|[anim] Ivy Cudgel Water
|-damage|p2a: Regice|64/100 psn
|move|p2a: Regice|Thunder Wave|p1a: Ogerpon
|-status|p1a: Ogerpon|par
|
|-heal|p2a: Regice|70/100 psn|[from] item: Leftovers
|-damage|p2a: Regice|57/100 psn|[from] psn
|upkeep
|turn|18
|
|t:|1758977037
|move|p1a: Ogerpon|Taunt|p2a: Regice
|-start|p2a: Regice|move: Taunt
|move|p2a: Regice|Blizzard|p1a: Ogerpon
|-damage|p1a: Ogerpon|17/100 par
|
|-heal|p2a: Regice|63/100 psn|[from] item: Leftovers
|-damage|p2a: Regice|51/100 psn|[from] psn
|-sideend|p2: Lordstrat|move: Aurora Veil
|upkeep
|turn|19
|
|t:|1758977049
|move|p1a: Ogerpon|Ivy Cudgel|p2a: Regice|[anim] Ivy Cudgel Water
|-damage|p2a: Regice|0 fnt
|faint|p2a: Regice
|
|upkeep
|
|t:|1758977058
|switch|p2a: Gliscor|Gliscor, M|100/100
|turn|20
|
|t:|1758977067
|-terastallize|p2a: Gliscor|Water
|move|p2a: Gliscor|Protect|p2a: Gliscor
|-singleturn|p2a: Gliscor|Protect
|move|p1a: Ogerpon|Ivy Cudgel|p2a: Gliscor|[anim] Ivy Cudgel Water
|-activate|p2a: Gliscor|move: Protect
|
|-status|p2a: Gliscor|tox|[from] item: Toxic Orb
|upkeep
|turn|21
|
|t:|1758977109
|move|p2a: Gliscor|Knock Off|p1a: Ogerpon
|-damage|p1a: Ogerpon|0 fnt
|faint|p1a: Ogerpon
|
|upkeep
|
|t:|1758977118
|switch|p1a: Iron Valiant|Iron Valiant|100/100
|-enditem|p1a: Iron Valiant|Booster Energy
|-activate|p1a: Iron Valiant|ability: Quark Drive|[fromitem]
|-start|p1a: Iron Valiant|quarkdrivespe
|turn|22
|
|t:|1758977125
|move|p1a: Iron Valiant|Encore|p2a: Gliscor
|-start|p2a: Gliscor|Encore
|move|p2a: Gliscor|Knock Off|p1a: Iron Valiant
|-resisted|p1a: Iron Valiant
|-damage|p1a: Iron Valiant|96/100
|
|upkeep
|turn|23
|
|t:|1758977131
|switch|p2a: Toxapex|Toxapex, M|99/100
|-damage|p2a: Toxapex|87/100|[from] Spikes
|-sideend|p2: Lordstrat|move: Toxic Spikes|[of] p2a: Toxapex
|move|p1a: Iron Valiant|Swords Dance|p1a: Iron Valiant
|-boost|p1a: Iron Valiant|atk|2
|
|upkeep
|turn|24
|
|t:|1758977141
|-terastallize|p1a: Iron Valiant|Steel
|move|p1a: Iron Valiant|Swords Dance|p1a: Iron Valiant
|-boost|p1a: Iron Valiant|atk|2
|move|p2a: Toxapex|Haze|p2a: Toxapex
|-clearallboost
|
|upkeep
|turn|25
|
|t:|1758977149
|move|p1a: Iron Valiant|Swords Dance|p1a: Iron Valiant
|-boost|p1a: Iron Valiant|atk|2
|move|p2a: Toxapex|Chilling Water|p1a: Iron Valiant
|-damage|p1a: Iron Valiant|78/100
|-unboost|p1a: Iron Valiant|atk|1
|
|upkeep
|turn|26
|
|t:|1758977156
|move|p1a: Iron Valiant|Encore|p2a: Toxapex
|-start|p2a: Toxapex|Encore
|move|p2a: Toxapex|Chilling Water|p1a: Iron Valiant
|-damage|p1a: Iron Valiant|60/100
|-unboost|p1a: Iron Valiant|atk|1
|
|upkeep
|turn|27
|
|t:|1758977161
|move|p1a: Iron Valiant|Swords Dance|p1a: Iron Valiant
|-boost|p1a: Iron Valiant|atk|2
|move|p2a: Toxapex|Chilling Water|p1a: Iron Valiant
|-damage|p1a: Iron Valiant|42/100
|-unboost|p1a: Iron Valiant|atk|1
|
|upkeep
|turn|28
|
|t:|1758977168
|move|p1a: Iron Valiant|Knock Off|p2a: Toxapex
|-damage|p2a: Toxapex|48/100
|-damage|p1a: Iron Valiant|25/100|[from] item: Rocky Helmet|[of] p2a: Toxapex
|-enditem|p2a: Toxapex|Rocky Helmet|[from] move: Knock Off|[of] p1a: Iron Valiant
|move|p2a: Toxapex|Chilling Water|p1a: Iron Valiant
|-damage|p1a: Iron Valiant|6/100
|-unboost|p1a: Iron Valiant|atk|1
|
|-end|p2a: Toxapex|Encore
|upkeep
|turn|29
|
|t:|1758977182
|move|p1a: Iron Valiant|Knock Off|p2a: Toxapex
|-damage|p2a: Toxapex|30/100
|move|p2a: Toxapex|Chilling Water|p1a: Iron Valiant
|-damage|p1a: Iron Valiant|0 fnt
|faint|p1a: Iron Valiant
|-end|p1a: Iron Valiant|Quark Drive|[silent]
|
|upkeep
|
|t:|1758977191
|switch|p1a: Kingambit|Kingambit, M|100/100
|-activate|p1a: Kingambit|ability: Supreme Overlord
|-start|p1a: Kingambit|fallen3|[silent]
|turn|30
|
|t:|1758977202
|move|p2a: Toxapex|Baneful Bunker|p2a: Toxapex
|-singleturn|p2a: Toxapex|move: Protect
|move|p1a: Kingambit|Kowtow Cleave|p2a: Toxapex
|-activate|p2a: Toxapex|move: Protect
|
|upkeep
|turn|31
|
|t:|1758977208
|switch|p2a: Gliscor|Gliscor, M, tera:Water|100/100 tox
|-damage|p2a: Gliscor|88/100 tox|[from] Spikes
|move|p1a: Kingambit|Swords Dance|p1a: Kingambit
|-boost|p1a: Kingambit|atk|2
|
|-heal|p2a: Gliscor|100/100 tox|[from] ability: Poison Heal
|upkeep
|turn|32
|
|t:|1758977218
|move|p2a: Gliscor|Earthquake|p1a: Kingambit
|-supereffective|p1a: Kingambit
|-damage|p1a: Kingambit|51/100
|move|p1a: Kingambit|Kowtow Cleave|p2a: Gliscor
|-damage|p2a: Gliscor|7/100 tox
|
|-heal|p1a: Kingambit|57/100|[from] item: Leftovers
|-heal|p2a: Gliscor|20/100 tox|[from] ability: Poison Heal
|upkeep
|turn|33
|
|t:|1758977226
|move|p1a: Kingambit|Sucker Punch|p2a: Gliscor
|-damage|p2a: Gliscor|0 fnt
|faint|p2a: Gliscor
|
|-heal|p1a: Kingambit|64/100|[from] item: Leftovers
|upkeep
|
|t:|1758977232
|switch|p2a: Toxapex|Toxapex, M|63/100
|-damage|p2a: Toxapex|51/100|[from] Spikes
|turn|34
|
|t:|1758977241
|move|p1a: Kingambit|Kowtow Cleave|p2a: Toxapex
|-damage|p2a: Toxapex|0 fnt
|faint|p2a: Toxapex
|
|win|xerkxes
|raw|xerkxes's rating: 1245 &rarr; <strong>1266</strong><br />(+21 for winning)
|raw|Lordstrat's rating: 1186 &rarr; <strong>1165</strong><br />(-21 for losing)
|l|☆Lordstrat
|player|p2|
|l|☆xerkxes
|player|p1|
