|j|☆gen 9 sab truther
|j|☆Lasker
|t:|1758975446
|gametype|singles
|player|p1|gen 9 sab truther|morty-masters|1668
|player|p2|Lasker|brycen|1604
|gen|9
|tier|[Gen 9] OU
|rated|
|rule|HP Percentage Mod: HP is shown in percentages
|rule|Endless Battle Clause: Forcing endless battles is banned
|rule|Species Clause: Limit one of each Pokémon
|rule|OHKO Clause: OHKO moves are banned
|rule|Evasion Items Clause: Evasion items are banned
|rule|Evasion Moves Clause: Evasion moves are banned
|rule|Evasion Abilities Clause: Evasion abilities are banned
|rule|Sleep Moves Clause: Sleep-inducing moves are banned
|clearpoke
|poke|p1|Dipplin, M|
|poke|p1|Gholdengo|
|poke|p1|Ting-Lu|
|poke|p1|Hatterene, F|
|poke|p1|Moltres|
|poke|p1|Blissey, F|
|poke|p2|Iron Valiant|
|poke|p2|Cinderace, F|
|poke|p2|Ting-Lu|
|poke|p2|Incineroar, M|
|poke|p2|Kyurem|
|poke|p2|Dragapult, F|
|teampreview
|inactive|Battle timer is ON: inactive players will automatically lose when time's up. (requested by gen 9 sab truther)
|j| moodrandom
|inactive|Lasker has 120 seconds left.
|
|t:|1758975500
|teamsize|p1|6
|teamsize|p2|6
|start
|switch|p1a: Moltres|Moltres|100/100
|switch|p2a: Angry Winnie|Incineroar, M|100/100
|-ability|p2a: Angry Winnie|Intimidate|boost
|-unboost|p1a: Moltres|atk|1
|turn|1
|
|t:|1758975511
|switch|p1a: Dipplin|Dipplin, M|100/100
|move|p2a: Angry Winnie|Knock Off|p1a: Dipplin
|-damage|p1a: Dipplin|85/100
|-activate|p1a: Dipplin|ability: Sticky Hold
|
|upkeep
|turn|2
|
|t:|1758975518
|move|p2a: Angry Winnie|Will-O-Wisp|p1a: Dipplin
|-status|p1a: Dipplin|brn
|move|p1a: Dipplin|Infestation|p2a: Angry Winnie
|-damage|p2a: Angry Winnie|96/100
|-activate|p2a: Angry Winnie|move: Infestation|[of] p1a: Dipplin
|
|-heal|p2a: Angry Winnie|100/100|[from] item: Leftovers
|-damage|p1a: Dipplin|79/100 brn|[from] brn
|-damage|p2a: Angry Winnie|88/100|[from] move: Infestation|[partiallytrapped]
|upkeep
|turn|3
|
|t:|1758975527
|move|p2a: Angry Winnie|Parting Shot|p1a: Dipplin
|-unboost|p1a: Dipplin|atk|1
|-unboost|p1a: Dipplin|spa|1
|
|t:|1758975537
|switch|p2a: Bang Bus|Cinderace, F|100/100|[from] Parting Shot
|move|p1a: Dipplin|Infestation|p2a: Bang Bus
|-resisted|p2a: Bang Bus
|-damage|p2a: Bang Bus|99/100
|-activate|p2a: Bang Bus|move: Infestation|[of] p1a: Dipplin
|
|-damage|p1a: Dipplin|73/100 brn|[from] brn
|-damage|p2a: Bang Bus|86/100|[from] move: Infestation|[partiallytrapped]
|upkeep
|turn|4
|
|t:|1758975547
|move|p2a: Bang Bus|U-turn|p1a: Dipplin
|-start|p2a: Bang Bus|typechange|Bug|[from] ability: Libero
|-supereffective|p1a: Dipplin
|-damage|p1a: Dipplin|32/100 brn
|
|t:|1758975552
|switch|p2a: Angry Winnie|Incineroar, M|88/100|[from] U-turn
|-ability|p2a: Angry Winnie|Intimidate|boost
|-unboost|p1a: Dipplin|atk|1
|move|p1a: Dipplin|Recover|p1a: Dipplin
|-heal|p1a: Dipplin|82/100 brn
|
|-heal|p2a: Angry Winnie|94/100|[from] item: Leftovers
|-damage|p1a: Dipplin|76/100 brn|[from] brn
|upkeep
|turn|5
|
|t:|1758975585
|move|p2a: Angry Winnie|Taunt|p1a: Dipplin
|-start|p1a: Dipplin|move: Taunt
|cant|p1a: Dipplin|move: Taunt|Recover
|
|-heal|p2a: Angry Winnie|99/100|[from] item: Leftovers
|-damage|p1a: Dipplin|70/100 brn|[from] brn
|upkeep
|turn|6
|inactive|Lasker has 120 seconds left.
|
|t:|1758975601
|switch|p1a: Hatterene|Hatterene, F|100/100
|move|p2a: Angry Winnie|Parting Shot|p1a: Hatterene
|move|p1a: Hatterene|Parting Shot|p2a: Angry Winnie|[from] ability: Magic Bounce
|-unboost|p2a: Angry Winnie|atk|1
|-unboost|p2a: Angry Winnie|spa|1
|
|t:|1758975611
|switch|p1a: Ting-Lu|Ting-Lu|100/100|[from] Parting Shot
|-ability|p1a: Ting-Lu|Vessel of Ruin
|
|-heal|p2a: Angry Winnie|100/100|[from] item: Leftovers
|upkeep
|turn|7
|inactive|Lasker has 120 seconds left.
|inactive|Lasker has 90 seconds left.
|l| moodrandom
|
|t:|1758975680
|move|p2a: Angry Winnie|Knock Off|p1a: Ting-Lu
|-resisted|p1a: Ting-Lu
|-damage|p1a: Ting-Lu|95/100
|-enditem|p1a: Ting-Lu|Leftovers|[from] move: Knock Off|[of] p2a: Angry Winnie
|move|p1a: Ting-Lu|Ruination|p2a: Angry Winnie
|-damage|p2a: Angry Winnie|50/100
|
|-heal|p2a: Angry Winnie|57/100|[from] item: Leftovers
|upkeep
|turn|8
|inactive|Lasker has 60 seconds left.
|inactive|gen 9 sab truther has 120 seconds left.
|inactive|Lasker has 30 seconds left.
|inactive|Lasker has 20 seconds left.
|inactive|Lasker has 15 seconds left.
|inactive|Lasker has 10 seconds left.
|inactive|Lasker has 5 seconds left.
|
|t:|1758975759
|move|p2a: Angry Winnie|Will-O-Wisp|p1a: Ting-Lu
|-status|p1a: Ting-Lu|brn
|move|p1a: Ting-Lu|Ruination|p2a: Angry Winnie|[miss]
|-miss|p1a: Ting-Lu|p2a: Angry Winnie
|
|-heal|p2a: Angry Winnie|63/100|[from] item: Leftovers
|-damage|p1a: Ting-Lu|89/100 brn|[from] brn
|upkeep
|turn|9
|inactive|Lasker has 15 seconds left this turn.
|inactive|Lasker has 10 seconds left.
|
|t:|1758975768
|move|p2a: Angry Winnie|Parting Shot|p1a: Ting-Lu
|-unboost|p1a: Ting-Lu|atk|1
|-unboost|p1a: Ting-Lu|spa|1
|inactive|Lasker has 15 seconds left this turn.
|inactive|Lasker has 10 seconds left.
|inactive|Lasker has 5 seconds left.
|
|t:|1758975780
|switch|p2a: Bang Bus|Cinderace, F|86/100|[from] Parting Shot
|move|p1a: Ting-Lu|Ruination|p2a: Bang Bus|[miss]
|-miss|p1a: Ting-Lu|p2a: Bang Bus
|
|-damage|p1a: Ting-Lu|83/100 brn|[from] brn
|upkeep
|turn|10
|inactive|Lasker has 15 seconds left this turn.
|inactive|Lasker has 10 seconds left.
|
|t:|1758975788
|switch|p1a: Moltres|Moltres|100/100
|move|p2a: Bang Bus|U-turn|p1a: Moltres
|-start|p2a: Bang Bus|typechange|Bug|[from] ability: Libero
|-resisted|p1a: Moltres
|-damage|p1a: Moltres|90/100
|-status|p2a: Bang Bus|brn|[from] ability: Flame Body|[of] p1a: Moltres
|inactive|Lasker has 15 seconds left this turn.
|inactive|Lasker has 10 seconds left.
|inactive|Lasker has 5 seconds left.
|-message|Lasker lost due to inactivity.
|
|win|gen 9 sab truther
|raw|gen 9 sab truther's rating: 1668 &rarr; <strong>1684</strong><br />(+16 for winning)
|raw|Lasker's rating: 1604 &rarr; <strong>1588</strong><br />(-16 for losing)
|l|☆gen 9 sab truther
|player|p1|
|l|☆Lasker
|player|p2|
