|j|☆Pachydon
|j|‽ayerbe
|t:|1759012841
|gametype|singles
|player|p1|Pachydon|2|1332
|player|p2|ayerbe|blackbelt-gen4dp|1410
|gen|9
|tier|[Gen 9] OU
|rated|
|rule|HP Percentage Mod: HP is shown in percentages
|rule|Endless Battle Clause: Forcing endless battles is banned
|rule|Species Clause: Limit one of each Pokémon
|rule|OHKO Clause: OHKO moves are banned
|rule|Evasion Items Clause: Evasion items are banned
|rule|Evasion Moves Clause: Evasion moves are banned
|rule|Evasion Abilities Clause: Evasion abilities are banned
|rule|Sleep Moves Clause: Sleep-inducing moves are banned
|clearpoke
|poke|p1|Gholdengo|
|poke|p1|Iron Treads|
|poke|p1|Moltres|
|poke|p1|Samurott-Hisui, F|
|poke|p1|Sinistcha|
|poke|p1|Ting-Lu|
|poke|p2|Scizor, M|
|poke|p2|Garganacl, M|
|poke|p2|Great Tusk|
|poke|p2|Raging Bolt|
|poke|p2|Ting-Lu|
|poke|p2|Gholdengo|
|teampreview
|inactive|Battle timer is ON: inactive players will automatically lose when time's up. (requested by ayerbe)
|
|t:|1759012848
|teamsize|p1|6
|teamsize|p2|6
|start
|switch|p1a: Moltres|Moltres|100/100
|switch|p2a: Scizor|Scizor, M|100/100
|turn|1
|
|t:|1759012854
|switch|p2a: Ting-Lu|Ting-Lu|100/100
|-ability|p2a: Ting-Lu|Vessel of Ruin
|move|p1a: Moltres|Will-O-Wisp|p2a: Ting-Lu
|-status|p2a: Ting-Lu|brn
|
|-damage|p2a: Ting-Lu|94/100 brn|[from] brn
|upkeep
|turn|2
|
|t:|1759012863
|move|p1a: Moltres|U-turn|p2a: Ting-Lu
|-supereffective|p2a: Ting-Lu
|-damage|p2a: Ting-Lu|79/100 brn
|
|t:|1759012866
|switch|p1a: Samurott|Samurott-Hisui, F|100/100|[from] U-turn
|move|p2a: Ting-Lu|Stealth Rock|p1a: Samurott
|-sidestart|p1: Pachydon|move: Stealth Rock
|
|-heal|p2a: Ting-Lu|85/100 brn|[from] item: Leftovers
|-damage|p2a: Ting-Lu|79/100 brn|[from] brn
|upkeep
|turn|3
|
|t:|1759012876
|switch|p2a: Raging Bolt|Raging Bolt|100/100
|move|p1a: Samurott|Ceaseless Edge|p2a: Raging Bolt
|-damage|p2a: Raging Bolt|65/100
|-sidestart|p2: ayerbe|Spikes
|
|upkeep
|turn|4
|
|t:|1759012884
|switch|p1a: Ting-Lu|Ting-Lu, shiny|100/100
|-damage|p1a: Ting-Lu|94/100|[from] Stealth Rock
|-ability|p1a: Ting-Lu|Vessel of Ruin
|move|p2a: Raging Bolt|Volt Switch|p1a: Ting-Lu
|-immune|p1a: Ting-Lu
|
|-heal|p1a: Ting-Lu|100/100|[from] item: Leftovers
|upkeep
|turn|5
|
|t:|1759012898
|-end|p2a: Raging Bolt|Protosynthesis|[silent]
|switch|p2a: Ting-Lu|Ting-Lu|79/100 brn
|-damage|p2a: Ting-Lu|66/100 brn|[from] Spikes
|-ability|p2a: Ting-Lu|Vessel of Ruin
|move|p1a: Ting-Lu|Ruination|p2a: Ting-Lu
|-damage|p2a: Ting-Lu|33/100 brn
|
|-heal|p2a: Ting-Lu|40/100 brn|[from] item: Leftovers
|-damage|p2a: Ting-Lu|33/100 brn|[from] brn
|upkeep
|turn|6
|
|t:|1759012908
|move|p2a: Ting-Lu|Spikes|p1a: Ting-Lu
|-sidestart|p1: Pachydon|Spikes
|move|p1a: Ting-Lu|Stealth Rock|p2a: Ting-Lu
|-sidestart|p2: ayerbe|move: Stealth Rock
|
|-heal|p2a: Ting-Lu|40/100 brn|[from] item: Leftovers
|-damage|p2a: Ting-Lu|33/100 brn|[from] brn
|upkeep
|turn|7
|
|t:|1759012914
|move|p2a: Ting-Lu|Spikes|p1a: Ting-Lu
|-sidestart|p1: Pachydon|Spikes
|move|p1a: Ting-Lu|Whirlwind|p2a: Ting-Lu
|drag|p2a: Raging Bolt|Raging Bolt|65/100
|-damage|p2a: Raging Bolt|53/100|[from] Spikes
|-damage|p2a: Raging Bolt|40/100|[from] Stealth Rock
|
|upkeep
|turn|8
|
|t:|1759012925
|move|p2a: Raging Bolt|Dragon Pulse|p1a: Ting-Lu
|-damage|p1a: Ting-Lu|81/100
|move|p1a: Ting-Lu|Earthquake|p2a: Raging Bolt
|-supereffective|p2a: Raging Bolt
|-damage|p2a: Raging Bolt|0 fnt
|faint|p2a: Raging Bolt
|-end|p2a: Raging Bolt|Protosynthesis|[silent]
|
|-heal|p1a: Ting-Lu|87/100|[from] item: Leftovers
|upkeep
|
|t:|1759012927
|switch|p2a: Great Tusk|Great Tusk|100/100
|turn|9
|
|t:|1759012931
|switch|p1a: Moltres|Moltres|100/100
|move|p2a: Great Tusk|Knock Off|p1a: Moltres
|-damage|p1a: Moltres|82/100
|-enditem|p1a: Moltres|Heavy-Duty Boots|[from] move: Knock Off|[of] p2a: Great Tusk
|
|upkeep
|turn|10
|
|t:|1759012939
|move|p2a: Great Tusk|Knock Off|p1a: Moltres
|-damage|p1a: Moltres|68/100
|-status|p2a: Great Tusk|brn|[from] ability: Flame Body|[of] p1a: Moltres
|move|p1a: Moltres|Will-O-Wisp|p2a: Great Tusk
|-fail|p2a: Great Tusk|brn
|
|-damage|p2a: Great Tusk|94/100 brn|[from] brn
|upkeep
|turn|11
|
|t:|1759012944
|move|p2a: Great Tusk|Knock Off|p1a: Moltres
|-damage|p1a: Moltres|61/100
|move|p1a: Moltres|Roost|p1a: Moltres
|-heal|p1a: Moltres|100/100
|-singleturn|p1a: Moltres|move: Roost
|
|-damage|p2a: Great Tusk|88/100 brn|[from] brn
|upkeep
|turn|12
|
|t:|1759012954
|move|p2a: Great Tusk|Knock Off|p1a: Moltres
|-damage|p1a: Moltres|94/100
|move|p1a: Moltres|Flamethrower|p2a: Great Tusk
|-damage|p2a: Great Tusk|41/100 brn
|
|-damage|p2a: Great Tusk|35/100 brn|[from] brn
|upkeep
|turn|13
|
|t:|1759012958
|move|p2a: Great Tusk|Rapid Spin|p1a: Moltres
|-damage|p1a: Moltres|89/100
|-boost|p2a: Great Tusk|spe|1
|-sideend|p2: ayerbe|Spikes|[from] move: Rapid Spin|[of] p2a: Great Tusk
|-sideend|p2: ayerbe|Stealth Rock|[from] move: Rapid Spin|[of] p2a: Great Tusk
|move|p1a: Moltres|Flamethrower|p2a: Great Tusk
|-damage|p2a: Great Tusk|0 fnt
|faint|p2a: Great Tusk
|-end|p2a: Great Tusk|Protosynthesis|[silent]
|
|upkeep
|
|t:|1759012966
|switch|p2a: Garganacl|Garganacl, M|100/100
|turn|14
|
|t:|1759012973
|switch|p1a: Sinistcha|Sinistcha|100/100
|move|p2a: Garganacl|Salt Cure|p1a: Sinistcha
|-damage|p1a: Sinistcha|90/100
|-start|p1a: Sinistcha|Salt Cure
|
|-damage|p1a: Sinistcha|78/100|[from] Salt Cure
|upkeep
|turn|15
|
|t:|1759012979
|switch|p2a: Scizor|Scizor, M|100/100
|move|p1a: Sinistcha|Matcha Gotcha|p2a: Scizor
|-resisted|p2a: Scizor
|-damage|p2a: Scizor|90/100
|-heal|p1a: Sinistcha|83/100|[from] drain|[of] p2a: Scizor
|-status|p2a: Scizor|brn
|
|-damage|p2a: Scizor|83/100 brn|[from] brn
|-damage|p1a: Sinistcha|70/100|[from] Salt Cure
|upkeep
|turn|16
|
|t:|1759012987
|switch|p1a: Iron Treads|Iron Treads|100/100
|-damage|p1a: Iron Treads|98/100|[from] Stealth Rock
|-damage|p1a: Iron Treads|81/100|[from] Spikes
|move|p2a: Scizor|Dual Wingbeat|p1a: Iron Treads
|-resisted|p1a: Iron Treads
|-damage|p1a: Iron Treads|77/100
|-resisted|p1a: Iron Treads
|-damage|p1a: Iron Treads|73/100
|-hitcount|p1a: Iron Treads|2
|
|-damage|p2a: Scizor|77/100 brn|[from] brn
|upkeep
|turn|17
|
|t:|1759012993
|switch|p2a: Gholdengo|Gholdengo|100/100
|move|p1a: Iron Treads|Megahorn|p2a: Gholdengo|[miss]
|-miss|p1a: Iron Treads|p2a: Gholdengo
|
|upkeep
|turn|18
|
|t:|1759012998
|switch|p2a: Garganacl|Garganacl, M|100/100
|move|p1a: Iron Treads|Earthquake|p2a: Garganacl
|-supereffective|p2a: Garganacl
|-damage|p2a: Garganacl|64/100
|
|-heal|p2a: Garganacl|71/100|[from] item: Leftovers
|upkeep
|turn|19
|
|t:|1759013004
|-terastallize|p2a: Garganacl|Ghost
|move|p1a: Iron Treads|Rapid Spin|p2a: Garganacl
|-immune|p2a: Garganacl
|move|p2a: Garganacl|Block|p1a: Iron Treads
|-activate|p1a: Iron Treads|trapped
|
|-heal|p2a: Garganacl|77/100|[from] item: Leftovers
|upkeep
|turn|20
|
|t:|1759013010
|move|p1a: Iron Treads|Earthquake|p2a: Garganacl
|-damage|p2a: Garganacl|59/100
|move|p2a: Garganacl|Salt Cure|p1a: Iron Treads
|-resisted|p1a: Iron Treads
|-damage|p1a: Iron Treads|71/100
|
|-heal|p2a: Garganacl|65/100|[from] item: Leftovers
|upkeep
|turn|21
|
|t:|1759013017
|move|p1a: Iron Treads|Earthquake|p2a: Garganacl
|-crit|p2a: Garganacl
|-damage|p2a: Garganacl|38/100
|move|p2a: Garganacl|Recover|p2a: Garganacl
|-heal|p2a: Garganacl|88/100
|
|-heal|p2a: Garganacl|94/100|[from] item: Leftovers
|upkeep
|turn|22
|
|t:|1759013020
|move|p1a: Iron Treads|Earthquake|p2a: Garganacl
|-damage|p2a: Garganacl|76/100
|move|p2a: Garganacl|Curse|p1a: Iron Treads
|-start|p1a: Iron Treads|Curse|[of] p2a: Garganacl
|-damage|p2a: Garganacl|26/100
|
|-heal|p2a: Garganacl|32/100|[from] item: Leftovers
|-damage|p1a: Iron Treads|46/100|[from] Curse
|upkeep
|turn|23
|
|t:|1759013024
|move|p1a: Iron Treads|Earthquake|p2a: Garganacl
|-damage|p2a: Garganacl|12/100
|move|p2a: Garganacl|Recover|p2a: Garganacl
|-heal|p2a: Garganacl|62/100
|
|-heal|p2a: Garganacl|68/100|[from] item: Leftovers
|-damage|p1a: Iron Treads|21/100|[from] Curse
|upkeep
|turn|24
|
|t:|1759013028
|move|p1a: Iron Treads|Earthquake|p2a: Garganacl
|-damage|p2a: Garganacl|48/100
|move|p2a: Garganacl|Recover|p2a: Garganacl
|-heal|p2a: Garganacl|98/100
|
|-heal|p2a: Garganacl|100/100|[from] item: Leftovers
|-damage|p1a: Iron Treads|0 fnt|[from] Curse
|faint|p1a: Iron Treads
|-end|p1a: Iron Treads|Quark Drive|[silent]
|upkeep
|
|t:|1759013033
|switch|p1a: Sinistcha|Sinistcha|70/100
|turn|25
|
|t:|1759013039
|switch|p2a: Ting-Lu|Ting-Lu|33/100 brn
|-ability|p2a: Ting-Lu|Vessel of Ruin
|move|p1a: Sinistcha|Shadow Ball|p2a: Ting-Lu
|-resisted|p2a: Ting-Lu
|-damage|p2a: Ting-Lu|27/100 brn
|-unboost|p2a: Ting-Lu|spd|1
|
|-heal|p2a: Ting-Lu|33/100 brn|[from] item: Leftovers
|-damage|p2a: Ting-Lu|27/100 brn|[from] brn
|upkeep
|turn|26
|
|t:|1759013045
|move|p1a: Sinistcha|Calm Mind|p1a: Sinistcha
|-boost|p1a: Sinistcha|spa|1
|-boost|p1a: Sinistcha|spd|1
|move|p2a: Ting-Lu|Spikes|p1a: Sinistcha
|-sidestart|p1: Pachydon|Spikes
|
|-heal|p2a: Ting-Lu|33/100 brn|[from] item: Leftovers
|-damage|p2a: Ting-Lu|27/100 brn|[from] brn
|upkeep
|turn|27
|
|t:|1759013047
|move|p1a: Sinistcha|Calm Mind|p1a: Sinistcha
|-boost|p1a: Sinistcha|spa|1
|-boost|p1a: Sinistcha|spd|1
|move|p2a: Ting-Lu|Whirlwind|p1a: Sinistcha
|drag|p1a: Ting-Lu|Ting-Lu, shiny|87/100
|-damage|p1a: Ting-Lu|81/100|[from] Stealth Rock
|-damage|p1a: Ting-Lu|56/100|[from] Spikes
|-ability|p1a: Ting-Lu|Vessel of Ruin
|
|-heal|p1a: Ting-Lu|62/100|[from] item: Leftovers
|-heal|p2a: Ting-Lu|33/100 brn|[from] item: Leftovers
|-damage|p2a: Ting-Lu|27/100 brn|[from] brn
|upkeep
|turn|28
|
|t:|1759013055
|move|p1a: Ting-Lu|Earthquake|p2a: Ting-Lu
|-damage|p2a: Ting-Lu|7/100 brn
|move|p2a: Ting-Lu|Whirlwind|p1a: Ting-Lu
|drag|p1a: Sinistcha|Sinistcha|70/100
|
|-heal|p2a: Ting-Lu|13/100 brn|[from] item: Leftovers
|-damage|p2a: Ting-Lu|7/100 brn|[from] brn
|upkeep
|turn|29
|
|t:|1759013060
|move|p1a: Sinistcha|Matcha Gotcha|p2a: Ting-Lu
|-supereffective|p2a: Ting-Lu
|-damage|p2a: Ting-Lu|0 fnt
|-heal|p1a: Sinistcha|75/100|[from] drain|[of] p2a: Ting-Lu
|faint|p2a: Ting-Lu
|
|upkeep
|
|t:|1759013062
|switch|p2a: Scizor|Scizor, M|77/100 brn
|turn|30
|
|t:|1759013070
|-terastallize|p1a: Sinistcha|Poison
|move|p2a: Scizor|Knock Off|p1a: Sinistcha
|-damage|p1a: Sinistcha|62/100
|-enditem|p1a: Sinistcha|Heavy-Duty Boots|[from] move: Knock Off|[of] p2a: Scizor
|move|p1a: Sinistcha|Calm Mind|p1a: Sinistcha
|-boost|p1a: Sinistcha|spa|1
|-boost|p1a: Sinistcha|spd|1
|
|-damage|p2a: Scizor|71/100 brn|[from] brn
|upkeep
|turn|31
|
|t:|1759013079
|move|p2a: Scizor|Bullet Punch|p1a: Sinistcha
|-damage|p1a: Sinistcha|50/100
|move|p1a: Sinistcha|Calm Mind|p1a: Sinistcha
|-boost|p1a: Sinistcha|spa|1
|-boost|p1a: Sinistcha|spd|1
|
|-damage|p2a: Scizor|65/100 brn|[from] brn
|upkeep
|turn|32
|
|t:|1759013083
|move|p2a: Scizor|U-turn|p1a: Sinistcha
|-resisted|p1a: Sinistcha
|-damage|p1a: Sinistcha|43/100
|
|t:|1759013085
|switch|p2a: Gholdengo|Gholdengo|100/100|[from] U-turn
|move|p1a: Sinistcha|Strength Sap|p2a: Gholdengo
|-immune|p2a: Gholdengo|[from] ability: Good as Gold
|
|upkeep
|turn|33
|
|t:|1759013095
|move|p2a: Gholdengo|Trick|p1a: Sinistcha
|-activate|p2a: Gholdengo|move: Trick|[of] p1a: Sinistcha
|-item|p1a: Sinistcha|Choice Scarf|[from] move: Trick
|-enditem|p2a: Gholdengo|Choice Scarf|[silent]|[from] move: Trick
|move|p1a: Sinistcha|Shadow Ball|p2a: Gholdengo
|-supereffective|p2a: Gholdengo
|-damage|p2a: Gholdengo|0 fnt
|faint|p2a: Gholdengo
|
|upkeep
|
|t:|1759013098
|switch|p2a: Scizor|Scizor, M|65/100 brn
|turn|34
|
|t:|1759013103
|move|p1a: Sinistcha|Shadow Ball|p2a: Scizor
|-damage|p2a: Scizor|0 fnt
|faint|p2a: Scizor
|
|upkeep
|
|t:|1759013104
|switch|p2a: Garganacl|Garganacl, M, tera:Ghost|100/100
|turn|35
|
|t:|1759013111
|move|p1a: Sinistcha|Shadow Ball|p2a: Garganacl
|-supereffective|p2a: Garganacl
|-damage|p2a: Garganacl|35/100
|move|p2a: Garganacl|Salt Cure|p1a: Sinistcha
|-damage|p1a: Sinistcha|34/100
|-start|p1a: Sinistcha|Salt Cure
|
|-heal|p2a: Garganacl|41/100|[from] item: Leftovers
|-damage|p1a: Sinistcha|21/100|[from] Salt Cure
|upkeep
|turn|36
|
|t:|1759013116
|move|p1a: Sinistcha|Shadow Ball|p2a: Garganacl
|-supereffective|p2a: Garganacl
|-crit|p2a: Garganacl
|-damage|p2a: Garganacl|0 fnt
|faint|p2a: Garganacl
|
|win|Pachydon
|raw|Pachydon's rating: 1332 &rarr; <strong>1356</strong><br />(+24 for winning)
|raw|ayerbe's rating: 1410 &rarr; <strong>1386</strong><br />(-24 for losing)
