|j|☆panzershock
|j|☆revolution is now
|t:|1758987025
|gametype|singles
|player|p1|panzershock|170|1205
|player|p2|revolution is now|170|1235
|gen|9
|tier|[Gen 9] OU
|rated|
|rule|HP Percentage Mod: HP is shown in percentages
|rule|Endless Battle Clause: Forcing endless battles is banned
|rule|Species Clause: Limit one of each Pokémon
|rule|OHKO Clause: OHKO moves are banned
|rule|Evasion Items Clause: Evasion items are banned
|rule|Evasion Moves Clause: Evasion moves are banned
|rule|Evasion Abilities Clause: Evasion abilities are banned
|rule|Sleep Moves Clause: Sleep-inducing moves are banned
|clearpoke
|poke|p1|Enamorus, F|
|poke|p1|Arcanine-Hisui, F|
|poke|p1|Scizor, M|
|poke|p1|Diancie|
|poke|p1|Houndstone, F|
|poke|p1|Decidueye-Hisui, F|
|poke|p2|Masquerain, F|
|poke|p2|Mimikyu, F|
|poke|p2|Primarina, M|
|poke|p2|Garchomp, M|
|poke|p2|Mandibuzz, F|
|poke|p2|Toxapex, M|
|teampreview
|
|t:|1758987057
|teamsize|p1|6
|teamsize|p2|6
|start
|switch|p1a: Arcanine|Arcanine-Hisui, F|100/100
|switch|p2a: Masquerain|Masquerain, F|100/100
|-ability|p2a: Masquerain|Intimidate|boost
|-unboost|p1a: Arcanine|atk|1
|turn|1
|inactive|Battle timer is ON: inactive players will automatically lose when time's up. (requested by revolution is now)
|
|t:|1758987071
|move|p1a: Arcanine|Head Smash|p2a: Masquerain|[miss]
|-miss|p1a: Arcanine|p2a: Masquerain
|move|p2a: Masquerain|Sticky Web|p1a: Arcanine
|-sidestart|p1: panzershock|move: Sticky Web
|
|upkeep
|turn|2
|
|t:|1758987075
|move|p1a: Arcanine|Head Smash|p2a: Masquerain
|-supereffective|p2a: Masquerain
|-enditem|p2a: Masquerain|Focus Sash
|-damage|p2a: Masquerain|1/100
|-damage|p1a: Arcanine|91/100|[from] item: Life Orb
|move|p2a: Masquerain|Hurricane|p1a: Arcanine|[miss]
|-miss|p2a: Masquerain|p1a: Arcanine
|
|upkeep
|turn|3
|
|t:|1758987086
|move|p2a: Masquerain|Protect|p2a: Masquerain
|-singleturn|p2a: Masquerain|Protect
|move|p1a: Arcanine|Flare Blitz|p2a: Masquerain
|-activate|p2a: Masquerain|move: Protect
|
|upkeep
|turn|4
|
|t:|1758987094
|switch|p2a: Garchomp|Garchomp, M|100/100
|move|p1a: Arcanine|Head Smash|p2a: Garchomp
|-resisted|p2a: Garchomp
|-damage|p2a: Garchomp|70/100
|-damage|p1a: Arcanine|78/100|[from] ability: Rough Skin|[of] p2a: Garchomp
|-damage|p1a: Arcanine|62/100|[from] item: Rocky Helmet|[of] p2a: Garchomp
|-damage|p1a: Arcanine|52/100|[from] item: Life Orb
|
|upkeep
|turn|5
|
|t:|1758987105
|switch|p1a: Enamorus|Enamorus, F|100/100
|move|p2a: Garchomp|Stealth Rock|p1a: Enamorus
|-sidestart|p1: panzershock|move: Stealth Rock
|
|upkeep
|turn|6
|
|t:|1758987120
|switch|p2a: Toxapex|Toxapex, M|100/100
|move|p1a: Enamorus|Superpower|p2a: Toxapex
|-resisted|p2a: Toxapex
|-damage|p2a: Toxapex|88/100
|-boost|p1a: Enamorus|atk|1
|-boost|p1a: Enamorus|def|1
|
|-heal|p2a: Toxapex|94/100|[from] item: Black Sludge
|upkeep
|turn|7
|inactive|panzershock has 120 seconds left.
|
|t:|1758987156
|-terastallize|p1a: Enamorus|Steel
|move|p1a: Enamorus|Superpower|p2a: Toxapex
|-resisted|p2a: Toxapex
|-damage|p2a: Toxapex|77/100
|-boost|p1a: Enamorus|atk|1
|-boost|p1a: Enamorus|def|1
|move|p2a: Toxapex|Toxic|p1a: Enamorus
|-immune|p1a: Enamorus
|
|-heal|p2a: Toxapex|83/100|[from] item: Black Sludge
|upkeep
|turn|8
|inactive|panzershock has 120 seconds left.
|
|t:|1758987174
|move|p1a: Enamorus|Iron Head|p2a: Toxapex
|-resisted|p2a: Toxapex
|-damage|p2a: Toxapex|57/100
|move|p2a: Toxapex|Ice Beam|p1a: Enamorus
|-resisted|p1a: Enamorus
|-damage|p1a: Enamorus|94/100
|-status|p1a: Enamorus|frz
|
|-heal|p2a: Toxapex|63/100|[from] item: Black Sludge
|upkeep
|turn|9
|
|t:|1758987185
|switch|p2a: Garchomp|Garchomp, M|70/100
|-curestatus|p1a: Enamorus|frz|[msg]
|move|p1a: Enamorus|Mystical Fire|p2a: Garchomp
|-resisted|p2a: Garchomp
|-damage|p2a: Garchomp|55/100
|-unboost|p2a: Garchomp|spa|1
|
|upkeep
|turn|10
|
|t:|1758987197
|move|p1a: Enamorus|Iron Head|p2a: Garchomp
|-damage|p2a: Garchomp|0 fnt
|-damage|p1a: Enamorus|82/100|[from] ability: Rough Skin|[of] p2a: Garchomp
|-damage|p1a: Enamorus|65/100|[from] item: Rocky Helmet|[of] p2a: Garchomp
|faint|p2a: Garchomp
|
|upkeep
|
|t:|1758987206
|switch|p2a: Primarina|Primarina, M|100/100
|turn|11
|
|t:|1758987212
|move|p1a: Enamorus|Iron Head|p2a: Primarina
|-damage|p2a: Primarina|36/100
|move|p2a: Primarina|Sparkling Aria|p1a: Enamorus
|-damage|p1a: Enamorus|0 fnt
|faint|p1a: Enamorus
|
|upkeep
|
|t:|1758987231
|switch|p1a: Arcanine|Arcanine-Hisui, F|52/100
|-activate|p1a: Arcanine|move: Sticky Web
|-unboost|p1a: Arcanine|spe|1
|-damage|p1a: Arcanine|27/100|[from] Stealth Rock
|turn|12
|
|t:|1758987242
|switch|p2a: Masquerain|Masquerain, F|1/100
|-ability|p2a: Masquerain|Intimidate|boost
|-unboost|p1a: Arcanine|atk|1
|move|p1a: Arcanine|Flare Blitz|p2a: Masquerain
|-supereffective|p2a: Masquerain
|-damage|p2a: Masquerain|0 fnt
|faint|p2a: Masquerain
|-damage|p1a: Arcanine|17/100|[from] item: Life Orb
|
|upkeep
|
|t:|1758987251
|switch|p2a: Mimikyu|Mimikyu, F|100/100
|turn|13
|
|t:|1758987256
|move|p2a: Mimikyu|Shadow Sneak|p1a: Arcanine
|-damage|p1a: Arcanine|0 fnt
|faint|p1a: Arcanine
|-damage|p2a: Mimikyu|91/100|[from] item: Life Orb
|
|upkeep
|
|t:|1758987267
|switch|p1a: Diancie|Diancie|100/100
|-activate|p1a: Diancie|move: Sticky Web
|-fail|p1a: Diancie|unboost|[from] ability: Clear Body|[of] p1a: Diancie
|-damage|p1a: Diancie|88/100|[from] Stealth Rock
|turn|14
|
|t:|1758987280
|switch|p2a: Toxapex|Toxapex, M|96/100
|move|p1a: Diancie|Diamond Storm|p2a: Toxapex
|-crit|p2a: Toxapex
|-damage|p2a: Toxapex|59/100
|-boost|p1a: Diancie|def|2
|
|-heal|p2a: Toxapex|65/100|[from] item: Black Sludge
|upkeep
|turn|15
|
|t:|1758987290
|move|p1a: Diancie|Earth Power|p2a: Toxapex
|-supereffective|p2a: Toxapex
|-damage|p2a: Toxapex|22/100
|move|p2a: Toxapex|Toxic|p1a: Diancie
|-status|p1a: Diancie|tox
|
|-heal|p2a: Toxapex|28/100|[from] item: Black Sludge
|-damage|p1a: Diancie|82/100 tox|[from] psn
|upkeep
|turn|16
|
|t:|1758987300
|move|p2a: Toxapex|Baneful Bunker|p2a: Toxapex
|-singleturn|p2a: Toxapex|move: Protect
|move|p1a: Diancie|Earth Power|p2a: Toxapex
|-activate|p2a: Toxapex|move: Protect
|
|-heal|p2a: Toxapex|34/100|[from] item: Black Sludge
|-damage|p1a: Diancie|69/100 tox|[from] psn
|upkeep
|turn|17
|
|t:|1758987308
|switch|p2a: Mandibuzz|Mandibuzz, F|100/100
|move|p1a: Diancie|Draining Kiss|p2a: Mandibuzz
|-supereffective|p2a: Mandibuzz
|-damage|p2a: Mandibuzz|62/100
|-heal|p1a: Diancie|100/100 tox|[from] drain|[of] p2a: Mandibuzz
|
|-heal|p2a: Mandibuzz|68/100|[from] item: Leftovers
|-damage|p1a: Diancie|82/100 tox|[from] psn
|upkeep
|turn|18
|
|t:|1758987323
|move|p2a: Mandibuzz|Knock Off|p1a: Diancie
|-resisted|p1a: Diancie
|-damage|p1a: Diancie|77/100 tox
|-enditem|p1a: Diancie|Mirror Herb|[from] move: Knock Off|[of] p2a: Mandibuzz
|move|p1a: Diancie|Diamond Storm|p2a: Mandibuzz
|-supereffective|p2a: Mandibuzz
|-damage|p2a: Mandibuzz|24/100
|
|-heal|p2a: Mandibuzz|30/100|[from] item: Leftovers
|-damage|p1a: Diancie|52/100 tox|[from] psn
|upkeep
|turn|19
|
|t:|1758987335
|switch|p2a: Toxapex|Toxapex, M|67/100
|move|p1a: Diancie|Body Press|p2a: Toxapex
|-resisted|p2a: Toxapex
|-damage|p2a: Toxapex|45/100
|
|-heal|p2a: Toxapex|51/100|[from] item: Black Sludge
|-damage|p1a: Diancie|21/100 tox|[from] psn
|upkeep
|turn|20
|
|t:|1758987343
|switch|p1a: Houndstone|Houndstone, F|100/100
|-activate|p1a: Houndstone|move: Sticky Web
|-unboost|p1a: Houndstone|spe|1
|-damage|p1a: Houndstone|88/100|[from] Stealth Rock
|move|p2a: Toxapex|Baneful Bunker||[still]
|-fail|p2a: Toxapex
|
|-heal|p1a: Houndstone|94/100|[from] item: Leftovers
|-heal|p2a: Toxapex|58/100|[from] item: Black Sludge
|upkeep
|turn|21
|
|t:|1758987353
|move|p1a: Houndstone|Substitute|p1a: Houndstone
|-start|p1a: Houndstone|Substitute
|-damage|p1a: Houndstone|69/100
|move|p2a: Toxapex|Toxic||[still]
|-fail|p2a: Toxapex
|
|-heal|p1a: Houndstone|75/100|[from] item: Leftovers
|-heal|p2a: Toxapex|64/100|[from] item: Black Sludge
|upkeep
|turn|22
|
|t:|1758987364
|move|p1a: Houndstone|Will-O-Wisp|p2a: Toxapex
|-status|p2a: Toxapex|brn
|move|p2a: Toxapex|Ice Beam|p1a: Houndstone
|-activate|p1a: Houndstone|move: Substitute|[damage]
|
|-heal|p1a: Houndstone|81/100|[from] item: Leftovers
|-heal|p2a: Toxapex|70/100 brn|[from] item: Black Sludge
|-damage|p2a: Toxapex|64/100 brn|[from] brn
|upkeep
|turn|23
|
|t:|1758987373
|move|p1a: Houndstone|Night Shade|p2a: Toxapex
|-damage|p2a: Toxapex|22/100 brn
|move|p2a: Toxapex|Ice Beam|p1a: Houndstone
|-end|p1a: Houndstone|Substitute
|
|-heal|p1a: Houndstone|87/100|[from] item: Leftovers
|-heal|p2a: Toxapex|29/100 brn|[from] item: Black Sludge
|-damage|p2a: Toxapex|22/100 brn|[from] brn
|upkeep
|turn|24
|
|t:|1758987385
|move|p1a: Houndstone|Substitute|p1a: Houndstone
|-start|p1a: Houndstone|Substitute
|-damage|p1a: Houndstone|62/100
|move|p2a: Toxapex|Toxic||[still]
|-fail|p2a: Toxapex
|
|-heal|p1a: Houndstone|68/100|[from] item: Leftovers
|-heal|p2a: Toxapex|29/100 brn|[from] item: Black Sludge
|-damage|p2a: Toxapex|22/100 brn|[from] brn
|upkeep
|turn|25
|
|t:|1758987394
|move|p1a: Houndstone|Night Shade|p2a: Toxapex
|-damage|p2a: Toxapex|0 fnt
|faint|p2a: Toxapex
|
|-heal|p1a: Houndstone|74/100|[from] item: Leftovers
|upkeep
|
|t:|1758987400
|switch|p2a: Mimikyu|Mimikyu, F|91/100
|turn|26
|
|t:|1758987406
|move|p2a: Mimikyu|Shadow Claw|p1a: Houndstone
|-supereffective|p1a: Houndstone
|-end|p1a: Houndstone|Substitute
|-damage|p2a: Mimikyu|81/100|[from] item: Life Orb
|move|p1a: Houndstone|Will-O-Wisp|p2a: Mimikyu
|-status|p2a: Mimikyu|brn
|
|-heal|p1a: Houndstone|80/100|[from] item: Leftovers
|-damage|p2a: Mimikyu|75/100 brn|[from] brn
|upkeep
|turn|27
|
|t:|1758987416
|move|p2a: Mimikyu|Shadow Claw|p1a: Houndstone
|-supereffective|p1a: Houndstone
|-damage|p1a: Houndstone|66/100
|-damage|p2a: Mimikyu|65/100 brn|[from] item: Life Orb
|move|p1a: Houndstone|Substitute|p1a: Houndstone
|-start|p1a: Houndstone|Substitute
|-damage|p1a: Houndstone|41/100
|
|-heal|p1a: Houndstone|47/100|[from] item: Leftovers
|-damage|p2a: Mimikyu|59/100 brn|[from] brn
|upkeep
|turn|28
|-message|revolution is now forfeited.
|
|win|panzershock
|raw|panzershock's rating: 1205 &rarr; <strong>1232</strong><br />(+27 for winning)
|raw|revolution is now's rating: 1235 &rarr; <strong>1208</strong><br />(-27 for losing)
|l|☆revolution is now
|player|p2|
|l|☆panzershock
|player|p1|
