|j|☆Extazia47
|j|☆fororapide
|t:|1759058099
|gametype|singles
|player|p1|Extazia47|janitor|1207
|player|p2|fororapide|169|1188
|gen|9
|tier|[Gen 9] OU
|rated|
|rule|HP Percentage Mod: HP is shown in percentages
|rule|Endless Battle Clause: Forcing endless battles is banned
|rule|Species Clause: Limit one of each Pokémon
|rule|OHKO Clause: OHKO moves are banned
|rule|Evasion Items Clause: Evasion items are banned
|rule|Evasion Moves Clause: Evasion moves are banned
|rule|Evasion Abilities Clause: Evasion abilities are banned
|rule|Sleep Moves Clause: Sleep-inducing moves are banned
|clearpoke
|poke|p1|Lycanroc-Dusk, F|
|poke|p1|Dachsbun, M|
|poke|p1|Mabosstiff, F|
|poke|p1|Okidogi, M|
|poke|p1|Zamazenta-*|
|poke|p1|Arcanine-Hisui, M|
|poke|p2|Ogerpon-Wellspring, F|
|poke|p2|Kyurem|
|poke|p2|Dragapult, F|
|poke|p2|Corviknight, M|
|poke|p2|Ting-Lu|
|poke|p2|Gholdengo|
|teampreview
|inactive|Battle timer is ON: inactive players will automatically lose when time's up. (requested by Extazia47)
|
|t:|1759058123
|teamsize|p1|6
|teamsize|p2|6
|start
|switch|p1a: BarkBoy|Lycanroc-Dusk, F, shiny|100/100
|switch|p2a: Ting-Lu|Ting-Lu|100/100
|-ability|p2a: Ting-Lu|Vessel of Ruin
|turn|1
|inactive|Extazia47 has 120 seconds left.
|
|t:|1759058166
|move|p1a: BarkBoy|Stealth Rock|p2a: Ting-Lu
|-sidestart|p2: fororapide|move: Stealth Rock
|move|p2a: Ting-Lu|Earthquake|p1a: BarkBoy
|-supereffective|p1a: BarkBoy
|-enditem|p1a: BarkBoy|Focus Sash
|-damage|p1a: BarkBoy|1/100
|
|upkeep
|turn|2
|
|t:|1759058181
|move|p1a: BarkBoy|Endeavor|p2a: Ting-Lu
|-damage|p2a: Ting-Lu|1/100
|move|p2a: Ting-Lu|Earthquake|p1a: BarkBoy
|-supereffective|p1a: BarkBoy
|-damage|p1a: BarkBoy|0 fnt
|faint|p1a: BarkBoy
|
|-heal|p2a: Ting-Lu|7/100|[from] item: Leftovers
|upkeep
|inactive|Extazia47 has 120 seconds left.
|
|t:|1759058198
|switch|p1a: Sadboy|Mabosstiff, F, shiny|100/100
|turn|3
|
|t:|1759058206
|move|p1a: Sadboy|Crunch|p2a: Ting-Lu
|-resisted|p2a: Ting-Lu
|-damage|p2a: Ting-Lu|0 fnt
|faint|p2a: Ting-Lu
|
|upkeep
|
|t:|1759058213
|switch|p2a: Gholdengo|Gholdengo|100/100
|-damage|p2a: Gholdengo|94/100|[from] Stealth Rock
|-item|p2a: Gholdengo|Air Balloon
|turn|4
|inactive|Extazia47 has 120 seconds left.
|
|t:|1759058238
|move|p1a: Sadboy|Crunch|p2a: Gholdengo
|-supereffective|p2a: Gholdengo
|-damage|p2a: Gholdengo|13/100
|-unboost|p2a: Gholdengo|def|1
|-enditem|p2a: Gholdengo|Air Balloon
|move|p2a: Gholdengo|Focus Blast|p1a: Sadboy
|-supereffective|p1a: Sadboy
|-damage|p1a: Sadboy|0 fnt
|faint|p1a: Sadboy
|
|upkeep
|
|t:|1759058247
|switch|p1a: SassyBoy|Zamazenta|100/100
|-ability|p1a: SassyBoy|Dauntless Shield|boost
|-boost|p1a: SassyBoy|def|1
|turn|5
|
|t:|1759058264
|switch|p2a: Dragapult|Dragapult, F|100/100
|move|p1a: SassyBoy|Crunch|p2a: Dragapult
|-supereffective|p2a: Dragapult
|-damage|p2a: Dragapult|36/100
|-unboost|p2a: Dragapult|def|1
|
|upkeep
|turn|6
|inactive|Extazia47 has 120 seconds left.
|
|t:|1759058289
|switch|p2a: Corviknight|Corviknight, M|100/100
|-damage|p2a: Corviknight|88/100|[from] Stealth Rock
|-ability|p2a: Corviknight|Pressure
|switch|p1a: GoodBoy|Dachsbun, M|100/100
|
|-heal|p2a: Corviknight|94/100|[from] item: Leftovers
|upkeep
|turn|7
|inactive|fororapide has 120 seconds left.
|
|t:|1759058307
|move|p1a: GoodBoy|Wish|p1a: GoodBoy
|move|p2a: Corviknight|Brave Bird|p1a: GoodBoy
|-damage|p1a: GoodBoy|74/100
|-damage|p2a: Corviknight|87/100|[from] Recoil
|
|-heal|p1a: GoodBoy|80/100|[from] item: Leftovers
|-heal|p2a: Corviknight|93/100|[from] item: Leftovers
|upkeep
|turn|8
|inactive|fororapide has 120 seconds left.
|inactive|Extazia47 has 120 seconds left.
|
|t:|1759058329
|switch|p1a: ToughBoy|Arcanine-Hisui, M, shiny|100/100
|move|p2a: Corviknight|Brave Bird|p1a: ToughBoy
|-resisted|p1a: ToughBoy
|-damage|p1a: ToughBoy|78/100
|-damage|p2a: Corviknight|87/100|[from] Recoil
|
|-heal|p1a: ToughBoy|100/100|[from] move: Wish|[wisher] GoodBoy
|-heal|p2a: Corviknight|93/100|[from] item: Leftovers
|upkeep
|turn|9
|inactive|Extazia47 has 120 seconds left.
|inactive|fororapide has 120 seconds left.
|
|t:|1759058341
|switch|p2a: Ogerpon|Ogerpon-Wellspring, F|100/100
|-damage|p2a: Ogerpon|88/100|[from] Stealth Rock
|move|p1a: ToughBoy|Head Smash|p2a: Ogerpon
|-damage|p2a: Ogerpon|0 fnt
|faint|p2a: Ogerpon
|
|upkeep
|inactive|fororapide has 120 seconds left.
|
|t:|1759058356
|switch|p2a: Dragapult|Dragapult, F|36/100
|turn|10
|inactive|fororapide has 120 seconds left.
|
|t:|1759058365
|move|p2a: Dragapult|Hex|p1a: ToughBoy
|-damage|p1a: ToughBoy|67/100
|move|p1a: ToughBoy|Head Smash|p2a: Dragapult
|-damage|p2a: Dragapult|0 fnt
|faint|p2a: Dragapult
|
|upkeep
|inactive|fororapide has 120 seconds left.
|inactive|fororapide has 90 seconds left.
|c|☆fororapide|You already won
|
|t:|1759058415
|switch|p2a: Kyurem|Kyurem|100/100
|-damage|p2a: Kyurem|76/100|[from] Stealth Rock
|-ability|p2a: Kyurem|Pressure
|turn|11
|
|t:|1759058428
|move|p2a: Kyurem|Draco Meteor|p1a: ToughBoy
|-damage|p1a: ToughBoy|0 fnt
|-unboost|p2a: Kyurem|spa|2
|faint|p1a: ToughBoy
|
|upkeep
|
|t:|1759058434
|switch|p1a: SassyBoy|Zamazenta|100/100
|turn|12
|
|t:|1759058440
|move|p1a: SassyBoy|Iron Defense|p1a: SassyBoy
|-boost|p1a: SassyBoy|def|2
|move|p2a: Kyurem|Draco Meteor|p1a: SassyBoy
|-damage|p1a: SassyBoy|62/100
|-unboost|p2a: Kyurem|spa|2
|
|-heal|p1a: SassyBoy|68/100|[from] item: Leftovers
|upkeep
|turn|13
|
|t:|1759058455
|switch|p2a: Corviknight|Corviknight, M|93/100
|-damage|p2a: Corviknight|81/100|[from] Stealth Rock
|-ability|p2a: Corviknight|Pressure
|move|p1a: SassyBoy|Substitute|p1a: SassyBoy
|-start|p1a: SassyBoy|Substitute
|-damage|p1a: SassyBoy|43/100
|
|-heal|p1a: SassyBoy|49/100|[from] item: Leftovers
|-heal|p2a: Corviknight|87/100|[from] item: Leftovers
|upkeep
|turn|14
|
|t:|1759058468
|move|p1a: SassyBoy|Body Press|p2a: Corviknight
|-damage|p2a: Corviknight|52/100
|move|p2a: Corviknight|Brave Bird|p1a: SassyBoy
|-supereffective|p1a: SassyBoy
|-end|p1a: SassyBoy|Substitute
|-damage|p2a: Corviknight|44/100|[from] Recoil|[of] p1a: SassyBoy
|
|-heal|p1a: SassyBoy|55/100|[from] item: Leftovers
|-heal|p2a: Corviknight|50/100|[from] item: Leftovers
|upkeep
|turn|15
|
|t:|1759058488
|move|p1a: SassyBoy|Body Press|p2a: Corviknight
|-damage|p2a: Corviknight|15/100
|move|p2a: Corviknight|Roost|p2a: Corviknight
|-heal|p2a: Corviknight|65/100
|-singleturn|p2a: Corviknight|move: Roost
|
|-heal|p1a: SassyBoy|61/100|[from] item: Leftovers
|-heal|p2a: Corviknight|71/100|[from] item: Leftovers
|upkeep
|turn|16
|
|t:|1759058499
|move|p1a: SassyBoy|Iron Defense|p1a: SassyBoy
|-boost|p1a: SassyBoy|def|2
|move|p2a: Corviknight|Roost|p2a: Corviknight
|-heal|p2a: Corviknight|100/100
|-singleturn|p2a: Corviknight|move: Roost
|
|-heal|p1a: SassyBoy|68/100|[from] item: Leftovers
|upkeep
|turn|17
|
|t:|1759058513
|move|p1a: SassyBoy|Body Press|p2a: Corviknight
|-damage|p2a: Corviknight|46/100
|move|p2a: Corviknight|Brave Bird|p1a: SassyBoy
|-supereffective|p1a: SassyBoy
|-damage|p1a: SassyBoy|47/100
|-damage|p2a: Corviknight|40/100|[from] Recoil
|
|-heal|p1a: SassyBoy|53/100|[from] item: Leftovers
|-heal|p2a: Corviknight|46/100|[from] item: Leftovers
|upkeep
|turn|18
|inactive|fororapide has 90 seconds left.
|
|t:|1759058537
|move|p1a: SassyBoy|Substitute|p1a: SassyBoy
|-start|p1a: SassyBoy|Substitute
|-damage|p1a: SassyBoy|28/100
|move|p2a: Corviknight|Roost|p2a: Corviknight
|-heal|p2a: Corviknight|96/100
|-singleturn|p2a: Corviknight|move: Roost
|
|-heal|p1a: SassyBoy|34/100|[from] item: Leftovers
|-heal|p2a: Corviknight|100/100|[from] item: Leftovers
|upkeep
|turn|19
|inactive|fororapide has 90 seconds left.
|
|t:|1759058551
|move|p1a: SassyBoy|Iron Defense|p1a: SassyBoy
|-boost|p1a: SassyBoy|def|2
|move|p2a: Corviknight|Brave Bird|p1a: SassyBoy
|-supereffective|p1a: SassyBoy
|-activate|p1a: SassyBoy|move: Substitute|[damage]
|-damage|p2a: Corviknight|96/100|[from] Recoil|[of] p1a: SassyBoy
|
|-heal|p1a: SassyBoy|40/100|[from] item: Leftovers
|-heal|p2a: Corviknight|100/100|[from] item: Leftovers
|upkeep
|turn|20
|inactive|fororapide has 90 seconds left.
|
|t:|1759058568
|switch|p2a: Kyurem|Kyurem|76/100
|-damage|p2a: Kyurem|51/100|[from] Stealth Rock
|-ability|p2a: Kyurem|Pressure
|move|p1a: SassyBoy|Body Press|p2a: Kyurem
|-supereffective|p2a: Kyurem
|-damage|p2a: Kyurem|0 fnt
|faint|p2a: Kyurem
|
|-heal|p1a: SassyBoy|47/100|[from] item: Leftovers
|upkeep
|c|☆fororapide|What
|inactive|fororapide has 60 seconds left.
|-message|fororapide forfeited.
|
|win|Extazia47
|raw|Extazia47's rating: 1182 &rarr; <strong>1207</strong><br />(+25 for winning)
|raw|fororapide's rating: 1188 &rarr; <strong>1163</strong><br />(-25 for losing)
|l|☆fororapide
|player|p2|
|l|☆Extazia47
|player|p1|
