|j|☆Wontonsoup420
|j|☆Keivankov237
|t:|1758957586
|gametype|singles
|player|p1|Wontonsoup420|1|1174
|player|p2|Keivankov237|2|1196
|gen|9
|tier|[Gen 9] OU
|rated|
|rule|HP Percentage Mod: HP is shown in percentages
|rule|Endless Battle Clause: Forcing endless battles is banned
|rule|Species Clause: Limit one of each Pokémon
|rule|OHKO Clause: OHKO moves are banned
|rule|Evasion Items Clause: Evasion items are banned
|rule|Evasion Moves Clause: Evasion moves are banned
|rule|Evasion Abilities Clause: Evasion abilities are banned
|rule|Sleep Moves Clause: Sleep-inducing moves are banned
|clearpoke
|poke|p1|Dragapult, F|
|poke|p1|Excadrill, F|
|poke|p1|Tyranitar, F|
|poke|p1|Latios, M|
|poke|p1|Corviknight, F|
|poke|p1|Iron Valiant|
|poke|p2|Grafaiai, F|
|poke|p2|Mew|
|poke|p2|Salamence, M|
|poke|p2|Zoroark, F|
|poke|p2|Houndoom, F|
|poke|p2|Scyther, M|
|teampreview
|inactive|Battle timer is ON: inactive players will automatically lose when time's up. (requested by Wontonsoup420)
|inactive|Keivankov237 also wants the timer to be on.
|
|t:|1758957608
|teamsize|p1|6
|teamsize|p2|6
|start
|switch|p1a: Dragapult|Dragapult, F, shiny|100/100
|switch|p2a: Houndoom|Houndoom, F|100/100
|turn|1
|c|☆Wontonsoup420|I like the team glhf
|
|t:|1758957618
|switch|p1a: Tyranitar|Tyranitar, F, shiny|100/100
|-weather|Sandstorm|[from] ability: Sand Stream|[of] p1a: Tyranitar
|move|p2a: Houndoom|Swords Dance|p2a: Houndoom
|-boost|p2a: Houndoom|atk|2
|
|-weather|Sandstorm|[upkeep]
|-damage|p2a: Houndoom|94/100|[from] Sandstorm
|upkeep
|turn|2
|
|t:|1758957629
|move|p2a: Houndoom|Low Kick|p1a: Tyranitar
|-supereffective|p1a: Tyranitar
|-damage|p1a: Tyranitar|0 fnt
|faint|p1a: Tyranitar
|
|-weather|Sandstorm|[upkeep]
|-damage|p2a: Houndoom|88/100|[from] Sandstorm
|upkeep
|
|t:|1758957635
|switch|p1a: Excadrill|Excadrill, F, shiny|100/100
|-ability|p1a: Excadrill|Mold Breaker
|-item|p1a: Excadrill|Air Balloon
|turn|3
|
|t:|1758957646
|move|p2a: Houndoom|Low Kick|p1a: Excadrill
|-supereffective|p1a: Excadrill
|-damage|p1a: Excadrill|0 fnt
|-enditem|p1a: Excadrill|Air Balloon
|faint|p1a: Excadrill
|
|-weather|Sandstorm|[upkeep]
|-damage|p2a: Houndoom|82/100|[from] Sandstorm
|upkeep
|
|t:|1758957662
|switch|p1a: Dragapult|Dragapult, F, shiny|100/100
|turn|4
|c|☆Wontonsoup420|lol wrong ability
|
|t:|1758957676
|move|p2a: Houndoom|Sucker Punch|p1a: Dragapult
|-supereffective|p1a: Dragapult
|-damage|p1a: Dragapult|0 fnt
|faint|p1a: Dragapult
|
|-weather|Sandstorm|[upkeep]
|-damage|p2a: Houndoom|76/100|[from] Sandstorm
|upkeep
|
|t:|1758957679
|switch|p1a: Latios|Latios, M|100/100
|turn|5
|
|t:|1758957689
|-terastallize|p1a: Latios|Fighting
|move|p1a: Latios|Aura Sphere|p2a: Houndoom
|-supereffective|p2a: Houndoom
|-damage|p2a: Houndoom|0 fnt
|replace|p2a: Zoroark|Zoroark, F
|-end|p2a: Zoroark|Illusion
|faint|p2a: Zoroark
|
|-weather|none
|upkeep
|
|t:|1758957694
|switch|p2a: Grafaiai|Grafaiai, F|100/100
|turn|6
|
|t:|1758957703
|switch|p1a: Corviknight|Corviknight, F|100/100
|-ability|p1a: Corviknight|Pressure
|move|p2a: Grafaiai|Encore||[still]
|-fail|p2a: Grafaiai
|
|upkeep
|turn|7
|
|t:|1758957712
|move|p2a: Grafaiai|Knock Off|p1a: Corviknight
|-damage|p1a: Corviknight|82/100
|-damage|p2a: Grafaiai|84/100|[from] item: Rocky Helmet|[of] p1a: Corviknight
|-enditem|p1a: Corviknight|Rocky Helmet|[from] move: Knock Off|[of] p2a: Grafaiai
|move|p1a: Corviknight|Iron Defense|p1a: Corviknight
|-boost|p1a: Corviknight|def|2
|
|upkeep
|turn|8
|
|t:|1758957722
|switch|p1a: Latios|Latios, M, tera:Fighting|100/100
|move|p2a: Grafaiai|Parting Shot|p1a: Latios
|-unboost|p1a: Latios|atk|1
|-unboost|p1a: Latios|spa|1
|
|t:|1758957731
|switch|p2a: Mew|Mew|100/100|[from] Parting Shot
|
|upkeep
|turn|9
|
|t:|1758957736
|move|p1a: Latios|Flip Turn|p2a: Mew
|-damage|p2a: Mew|92/100
|
|t:|1758957740
|switch|p1a: Corviknight|Corviknight, F|82/100|[from] Flip Turn
|-ability|p1a: Corviknight|Pressure
|move|p2a: Mew|Stealth Rock|p1a: Corviknight
|-sidestart|p1: Wontonsoup420|move: Stealth Rock
|
|upkeep
|turn|10
|
|t:|1758957744
|move|p2a: Mew|Thunder Wave|p1a: Corviknight
|-status|p1a: Corviknight|par
|cant|p1a: Corviknight|par
|
|upkeep
|turn|11
|
|t:|1758957750
|move|p1a: Corviknight|Defog|p2a: Mew
|-unboost|p2a: Mew|evasion|1
|-sideend|p1: Wontonsoup420|Stealth Rock|[from] move: Defog|[of] p1a: Corviknight
|move|p2a: Mew|Dragon Tail|p1a: Corviknight
|-resisted|p1a: Corviknight
|-damage|p1a: Corviknight|79/100 par
|drag|p1a: Iron Valiant|Iron Valiant|100/100
|-enditem|p1a: Iron Valiant|Booster Energy
|-activate|p1a: Iron Valiant|ability: Quark Drive|[fromitem]
|-start|p1a: Iron Valiant|quarkdrivespe
|
|upkeep
|turn|12
|
|t:|1758957758
|move|p1a: Iron Valiant|Encore|p2a: Mew
|-start|p2a: Mew|Encore
|move|p2a: Mew|Dragon Tail|p1a: Iron Valiant
|-immune|p1a: Iron Valiant
|
|upkeep
|turn|13
|
|t:|1758957765
|switch|p2a: Grafaiai|Grafaiai, F|84/100
|move|p1a: Iron Valiant|Calm Mind|p1a: Iron Valiant
|-boost|p1a: Iron Valiant|spa|1
|-boost|p1a: Iron Valiant|spd|1
|
|upkeep
|turn|14
|
|t:|1758957773
|move|p2a: Grafaiai|Encore|p1a: Iron Valiant
|-start|p1a: Iron Valiant|Encore
|move|p1a: Iron Valiant|Calm Mind|p1a: Iron Valiant
|-boost|p1a: Iron Valiant|spa|1
|-boost|p1a: Iron Valiant|spd|1
|
|upkeep
|turn|15
|
|t:|1758957780
|-end|p1a: Iron Valiant|Quark Drive|[silent]
|switch|p1a: Corviknight|Corviknight, F|79/100 par
|-ability|p1a: Corviknight|Pressure
|move|p2a: Grafaiai|Gunk Shot|p1a: Corviknight
|-immune|p1a: Corviknight
|
|upkeep
|turn|16
|
|t:|1758957789
|move|p2a: Grafaiai|Parting Shot|p1a: Corviknight
|-unboost|p1a: Corviknight|atk|1
|-unboost|p1a: Corviknight|spa|1
|
|t:|1758957794
|switch|p2a: Houndoom|Houndoom, F|100/100|[from] Parting Shot
|move|p1a: Corviknight|Body Press|p2a: Houndoom
|-supereffective|p2a: Houndoom
|-crit|p2a: Houndoom
|-damage|p2a: Houndoom|0 fnt
|faint|p2a: Houndoom
|
|upkeep
|
|t:|1758957821
|switch|p2a: Mew|Mew|92/100
|turn|17
|
|t:|1758957828
|move|p2a: Mew|Stealth Rock|p1a: Corviknight
|-sidestart|p1: Wontonsoup420|move: Stealth Rock
|move|p1a: Corviknight|Defog|p2a: Mew
|-unboost|p2a: Mew|evasion|1
|-sideend|p1: Wontonsoup420|Stealth Rock|[from] move: Defog|[of] p1a: Corviknight
|
|upkeep
|turn|18
|
|t:|1758957836
|move|p2a: Mew|Stealth Rock|p1a: Corviknight
|-sidestart|p1: Wontonsoup420|move: Stealth Rock
|move|p1a: Corviknight|Defog|p2a: Mew
|-unboost|p2a: Mew|evasion|1
|-sideend|p1: Wontonsoup420|Stealth Rock|[from] move: Defog|[of] p1a: Corviknight
|
|upkeep
|turn|19
|
|t:|1758957840
|move|p1a: Corviknight|Defog|p2a: Mew
|-unboost|p2a: Mew|evasion|1
|move|p2a: Mew|Dragon Tail|p1a: Corviknight
|-resisted|p1a: Corviknight
|-damage|p1a: Corviknight|75/100 par
|drag|p1a: Latios|Latios, M, tera:Fighting|100/100
|
|upkeep
|turn|20
|
|t:|1758957856
|move|p1a: Latios|Flip Turn|p2a: Mew
|-damage|p2a: Mew|81/100
|
|t:|1758957861
|switch|p1a: Corviknight|Corviknight, F|75/100 par|[from] Flip Turn
|-ability|p1a: Corviknight|Pressure
|move|p2a: Mew|Stealth Rock|p1a: Corviknight
|-sidestart|p1: Wontonsoup420|move: Stealth Rock
|
|upkeep
|turn|21
|
|t:|1758957874
|switch|p2a: Grafaiai|Grafaiai, F|84/100
|cant|p1a: Corviknight|par
|
|upkeep
|turn|22
|
|t:|1758957886
|move|p2a: Grafaiai|Parting Shot|p1a: Corviknight
|-unboost|p1a: Corviknight|atk|1
|-unboost|p1a: Corviknight|spa|1
|
|t:|1758957890
|switch|p2a: Salamence|Salamence, M|100/100|[from] Parting Shot
|move|p1a: Corviknight|Body Press|p2a: Salamence
|-resisted|p2a: Salamence
|-damage|p2a: Salamence|85/100
|
|upkeep
|turn|23
|
|t:|1758957900
|move|p2a: Salamence|Dragon Dance|p2a: Salamence
|-boost|p2a: Salamence|atk|1
|-boost|p2a: Salamence|spe|1
|move|p1a: Corviknight|Iron Defense|p1a: Corviknight
|-boost|p1a: Corviknight|def|2
|
|upkeep
|turn|24
|
|t:|1758957906
|switch|p2a: Mew|Mew|81/100
|move|p1a: Corviknight|Body Press|p2a: Mew
|-resisted|p2a: Mew
|-damage|p2a: Mew|53/100
|
|upkeep
|turn|25
|
|t:|1758957917
|cant|p1a: Corviknight|par
|move|p2a: Mew|Dragon Tail|p1a: Corviknight
|-resisted|p1a: Corviknight
|-damage|p1a: Corviknight|74/100 par
|drag|p1a: Iron Valiant|Iron Valiant|100/100
|-damage|p1a: Iron Valiant|94/100|[from] Stealth Rock
|
|upkeep
|turn|26
|
|t:|1758957922
|move|p1a: Iron Valiant|Shadow Ball|p2a: Mew
|-supereffective|p2a: Mew
|-damage|p2a: Mew|0 fnt
|faint|p2a: Mew
|
|upkeep
|
|t:|1758957937
|switch|p2a: Grafaiai|Grafaiai, F|84/100
|turn|27
|
|t:|1758957943
|-end|p1a: Iron Valiant|Quark Drive|[silent]
|switch|p1a: Corviknight|Corviknight, F|74/100 par
|-damage|p1a: Corviknight|61/100 par|[from] Stealth Rock
|-ability|p1a: Corviknight|Pressure
|move|p2a: Grafaiai|Encore||[still]
|-fail|p2a: Grafaiai
|
|upkeep
|turn|28
|
|t:|1758957957
|-terastallize|p2a: Grafaiai|Poison
|move|p2a: Grafaiai|Knock Off|p1a: Corviknight
|-damage|p1a: Corviknight|49/100 par
|move|p1a: Corviknight|Roost|p1a: Corviknight
|-heal|p1a: Corviknight|99/100 par
|-singleturn|p1a: Corviknight|move: Roost
|
|upkeep
|turn|29
|
|t:|1758957964
|switch|p1a: Latios|Latios, M, tera:Fighting|100/100
|-damage|p1a: Latios|95/100|[from] Stealth Rock
|move|p2a: Grafaiai|Encore||[still]
|-fail|p2a: Grafaiai
|
|upkeep
|turn|30
|
|t:|1758957972
|switch|p1a: Corviknight|Corviknight, F|99/100 par
|-damage|p1a: Corviknight|87/100 par|[from] Stealth Rock
|-ability|p1a: Corviknight|Pressure
|move|p2a: Grafaiai|Parting Shot|p1a: Corviknight
|-unboost|p1a: Corviknight|atk|1
|-unboost|p1a: Corviknight|spa|1
|
|t:|1758957989
|switch|p2a: Scyther|Scyther, M|100/100|[from] Parting Shot
|
|upkeep
|turn|31
|
|t:|1758957997
|move|p2a: Scyther|Swords Dance|p2a: Scyther
|-boost|p2a: Scyther|atk|2
|move|p1a: Corviknight|Iron Defense|p1a: Corviknight
|-boost|p1a: Corviknight|def|2
|
|upkeep
|turn|32
|
|t:|1758958009
|switch|p2a: Grafaiai|Grafaiai, F, tera:Poison|84/100
|move|p1a: Corviknight|Defog|p2a: Grafaiai
|-unboost|p2a: Grafaiai|evasion|1
|-sideend|p1: Wontonsoup420|Stealth Rock|[from] move: Defog|[of] p1a: Corviknight
|
|upkeep
|turn|33
|
|t:|1758958022
|move|p2a: Grafaiai|Knock Off|p1a: Corviknight
|-damage|p1a: Corviknight|81/100 par
|move|p1a: Corviknight|Iron Defense|p1a: Corviknight
|-boost|p1a: Corviknight|def|2
|
|upkeep
|turn|34
|
|t:|1758958027
|switch|p1a: Latios|Latios, M, tera:Fighting|95/100
|move|p2a: Grafaiai|Encore||[still]
|-fail|p2a: Grafaiai
|
|upkeep
|turn|35
|
|t:|1758958032
|move|p2a: Grafaiai|Parting Shot|p1a: Latios
|-unboost|p1a: Latios|atk|1
|-unboost|p1a: Latios|spa|1
|c|☆Wontonsoup420|Gg outplayed
|
|t:|1758958045
|switch|p2a: Scyther|Scyther, M|100/100|[from] Parting Shot
|move|p1a: Latios|Luster Purge|p2a: Scyther
|-damage|p2a: Scyther|52/100
|-unboost|p2a: Scyther|spd|1
|
|upkeep
|turn|36
|
|t:|1758958057
|move|p1a: Latios|Luster Purge|p2a: Scyther
|-damage|p2a: Scyther|0 fnt
|faint|p2a: Scyther
|
|upkeep
|
|t:|1758958060
|switch|p2a: Salamence|Salamence, M|85/100
|turn|37
|-message|Keivankov237 forfeited.
|
|win|Wontonsoup420
|raw|Wontonsoup420's rating: 1174 &rarr; <strong>1201</strong><br />(+27 for winning)
|raw|Keivankov237's rating: 1196 &rarr; <strong>1169</strong><br />(-27 for losing)
|l|☆Keivankov237
|player|p2|
|l|☆Wontonsoup420
|player|p1|
