|j|☆roryta
|j|☆Crimley~
|t:|1759073448
|gametype|singles
|player|p1|roryta|hilbert|1110
|player|p2|Crimley~|gardenia|1120
|gen|9
|tier|[Gen 9] OU
|rated|
|rule|HP Percentage Mod: HP is shown in percentages
|rule|Endless Battle Clause: Forcing endless battles is banned
|rule|Species Clause: Limit one of each Pokémon
|rule|OHKO Clause: OHKO moves are banned
|rule|Evasion Items Clause: Evasion items are banned
|rule|Evasion Moves Clause: Evasion moves are banned
|rule|Evasion Abilities Clause: Evasion abilities are banned
|rule|Sleep Moves Clause: Sleep-inducing moves are banned
|clearpoke
|poke|p1|Kyurem|
|poke|p1|Darkrai|
|poke|p1|Iron Treads|
|poke|p1|Primarina, F|
|poke|p1|Whiscash, F|
|poke|p1|Infernape, M|
|poke|p2|Primeape, F|
|poke|p2|Iron Treads|
|poke|p2|Hawlucha, M|
|poke|p2|Serperior, M|
|poke|p2|Diancie|
|poke|p2|Malamar, M|
|teampreview
|inactive|Battle timer is ON: inactive players will automatically lose when time's up. (requested by roryta)
|
|t:|1759073459
|teamsize|p1|6
|teamsize|p2|6
|start
|switch|p1a: Darkrai|Darkrai|100/100
|switch|p2a: Malamar|Malamar, M|100/100
|turn|1
|
|t:|1759073466
|move|p1a: Darkrai|Nasty Plot|p1a: Darkrai
|-boost|p1a: Darkrai|spa|2
|move|p2a: Malamar|Superpower|p1a: Darkrai
|-supereffective|p1a: Darkrai
|-damage|p1a: Darkrai|0 fnt
|-boost|p2a: Malamar|atk|1
|-boost|p2a: Malamar|def|1
|faint|p1a: Darkrai
|
|upkeep
|c|☆roryta|Oh
|
|t:|1759073477
|switch|p1a: Primarina|Primarina, F, shiny|100/100
|turn|2
|
|t:|1759073492
|move|p1a: Primarina|Moonblast|p2a: Malamar
|-supereffective|p2a: Malamar
|-damage|p2a: Malamar|0 fnt
|faint|p2a: Malamar
|
|upkeep
|
|t:|1759073494
|switch|p2a: Diancie|Diancie|100/100
|turn|3
|
|t:|1759073500
|switch|p2a: Serperior|Serperior, M|100/100
|move|p1a: Primarina|Surf|p2a: Serperior
|-resisted|p2a: Serperior
|-damage|p2a: Serperior|69/100
|
|-heal|p2a: Serperior|75/100|[from] item: Leftovers
|upkeep
|turn|4
|
|t:|1759073506
|-terastallize|p1a: Primarina|Poison
|move|p2a: Serperior|Leaf Storm|p1a: Primarina
|-resisted|p1a: Primarina
|-damage|p1a: Primarina|86/100
|-boost|p2a: Serperior|spa|2
|move|p1a: Primarina|Moonblast|p2a: Serperior
|-damage|p2a: Serperior|7/100
|
|-heal|p2a: Serperior|14/100|[from] item: Leftovers
|upkeep
|turn|5
|
|t:|1759073515
|-terastallize|p2a: Serperior|Ground
|move|p2a: Serperior|Tera Blast|p1a: Primarina|[anim] Tera Blast Ground
|-supereffective|p1a: Primarina
|-damage|p1a: Primarina|8/100
|move|p1a: Primarina|Moonblast|p2a: Serperior
|-damage|p2a: Serperior|0 fnt
|faint|p2a: Serperior
|
|upkeep
|
|t:|1759073525
|switch|p2a: Hawlucha|Hawlucha, M|100/100
|turn|6
|
|t:|1759073528
|move|p2a: Hawlucha|Acrobatics|p1a: Primarina
|-damage|p1a: Primarina|0 fnt
|faint|p1a: Primarina
|
|upkeep
|
|t:|1759073551
|switch|p1a: Whiscash|Whiscash, F|100/100
|turn|7
|
|t:|1759073563
|move|p2a: Hawlucha|Swords Dance|p2a: Hawlucha
|-boost|p2a: Hawlucha|atk|2
|move|p1a: Whiscash|Curse|p1a: Whiscash
|-unboost|p1a: Whiscash|spe|1
|-boost|p1a: Whiscash|atk|1
|-boost|p1a: Whiscash|def|1
|
|upkeep
|turn|8
|
|t:|1759073567
|move|p2a: Hawlucha|Iron Head|p1a: Whiscash
|-resisted|p1a: Whiscash
|-damage|p1a: Whiscash|85/100
|move|p1a: Whiscash|Curse|p1a: Whiscash
|-unboost|p1a: Whiscash|spe|1
|-boost|p1a: Whiscash|atk|1
|-boost|p1a: Whiscash|def|1
|
|-heal|p1a: Whiscash|91/100|[from] item: Leftovers
|upkeep
|turn|9
|
|t:|1759073575
|switch|p2a: Primeape|Primeape, F|100/100
|move|p1a: Whiscash|Liquidation|p2a: Primeape
|-damage|p2a: Primeape|48/100
|
|-heal|p1a: Whiscash|97/100|[from] item: Leftovers
|upkeep
|turn|10
|
|t:|1759073584
|move|p2a: Primeape|Rage Fist|p1a: Whiscash
|-damage|p1a: Whiscash|80/100
|move|p1a: Whiscash|Curse|p1a: Whiscash
|-unboost|p1a: Whiscash|spe|1
|-boost|p1a: Whiscash|atk|1
|-boost|p1a: Whiscash|def|1
|
|-heal|p1a: Whiscash|86/100|[from] item: Leftovers
|upkeep
|turn|11
|
|t:|1759073589
|move|p2a: Primeape|Bulk Up|p2a: Primeape
|-boost|p2a: Primeape|atk|1
|-boost|p2a: Primeape|def|1
|move|p1a: Whiscash|Curse|p1a: Whiscash
|-unboost|p1a: Whiscash|spe|1
|-boost|p1a: Whiscash|atk|1
|-boost|p1a: Whiscash|def|1
|
|-heal|p1a: Whiscash|92/100|[from] item: Leftovers
|upkeep
|turn|12
|
|t:|1759073593
|move|p2a: Primeape|Bulk Up|p2a: Primeape
|-boost|p2a: Primeape|atk|1
|-boost|p2a: Primeape|def|1
|move|p1a: Whiscash|Liquidation|p2a: Primeape
|-damage|p2a: Primeape|10/100
|
|-heal|p1a: Whiscash|98/100|[from] item: Leftovers
|upkeep
|turn|13
|
|t:|1759073596
|move|p2a: Primeape|Drain Punch|p1a: Whiscash
|-damage|p1a: Whiscash|74/100
|-heal|p2a: Primeape|26/100|[from] drain|[of] p1a: Whiscash
|move|p1a: Whiscash|Liquidation|p2a: Primeape
|-damage|p2a: Primeape|0 fnt
|faint|p2a: Primeape
|
|-heal|p1a: Whiscash|80/100|[from] item: Leftovers
|upkeep
|
|t:|1759073603
|switch|p2a: Diancie|Diancie|100/100
|turn|14
|
|t:|1759073608
|move|p2a: Diancie|Draining Kiss|p1a: Whiscash
|-damage|p1a: Whiscash|63/100
|move|p1a: Whiscash|Liquidation|p2a: Diancie
|-supereffective|p2a: Diancie
|-enditem|p2a: Diancie|Focus Sash
|-damage|p2a: Diancie|1/100
|
|-heal|p1a: Whiscash|70/100|[from] item: Leftovers
|upkeep
|turn|15
|
|t:|1759073614
|move|p2a: Diancie|Diamond Storm|p1a: Whiscash
|-resisted|p1a: Whiscash
|-damage|p1a: Whiscash|63/100
|-boost|p2a: Diancie|def|2
|move|p1a: Whiscash|Liquidation|p2a: Diancie
|-supereffective|p2a: Diancie
|-damage|p2a: Diancie|0 fnt
|faint|p2a: Diancie
|
|-heal|p1a: Whiscash|70/100|[from] item: Leftovers
|upkeep
|
|t:|1759073617
|switch|p2a: Iron Treads|Iron Treads|100/100
|-enditem|p2a: Iron Treads|Booster Energy
|-activate|p2a: Iron Treads|ability: Quark Drive|[fromitem]
|-start|p2a: Iron Treads|quarkdrivespe
|turn|16
|
|t:|1759073622
|move|p2a: Iron Treads|Knock Off|p1a: Whiscash
|-damage|p1a: Whiscash|58/100
|-enditem|p1a: Whiscash|Leftovers|[from] move: Knock Off|[of] p2a: Iron Treads
|move|p1a: Whiscash|Liquidation|p2a: Iron Treads
|-supereffective|p2a: Iron Treads
|-damage|p2a: Iron Treads|0 fnt
|faint|p2a: Iron Treads
|-end|p2a: Iron Treads|Quark Drive|[silent]
|
|upkeep
|
|t:|1759073626
|switch|p2a: Hawlucha|Hawlucha, M|100/100
|turn|17
|
|t:|1759073647
|move|p2a: Hawlucha|Brick Break|p1a: Whiscash
|-damage|p1a: Whiscash|47/100
|move|p1a: Whiscash|Liquidation|p2a: Hawlucha
|-damage|p2a: Hawlucha|0 fnt
|faint|p2a: Hawlucha
|
|win|roryta
|raw|roryta's rating: 1110 &rarr; <strong>1136</strong><br />(+26 for winning)
|raw|Crimley~'s rating: 1120 &rarr; <strong>1094</strong><br />(-26 for losing)
|l|☆Crimley~
|player|p2|
|l|☆roryta
|player|p1|
