|j|☆pkamash1
|j|☆polowogy
|t:|1759003230
|gametype|singles
|player|p1|pkamash1|102|1349
|player|p2|polowogy|silver|1292
|gen|9
|tier|[Gen 9] OU
|rated|
|rule|HP Percentage Mod: HP is shown in percentages
|rule|Endless Battle Clause: Forcing endless battles is banned
|rule|Species Clause: Limit one of each Pokémon
|rule|OHKO Clause: OHKO moves are banned
|rule|Evasion Items Clause: Evasion items are banned
|rule|Evasion Moves Clause: Evasion moves are banned
|rule|Evasion Abilities Clause: Evasion abilities are banned
|rule|Sleep Moves Clause: Sleep-inducing moves are banned
|clearpoke
|poke|p1|Gliscor, F|
|poke|p1|Ogerpon-Wellspring, F|
|poke|p1|Ninetales-Alola, F|
|poke|p1|Moltres|
|poke|p1|Iron Treads|
|poke|p1|Kyurem|
|poke|p2|Hariyama, M|
|poke|p2|Torterra, F|
|poke|p2|Great Tusk|
|poke|p2|Dragapult, F|
|poke|p2|Kingambit, F|
|poke|p2|Alomomola, M|
|teampreview
|inactive|Battle timer is ON: inactive players will automatically lose when time's up. (requested by polowogy)
|
|t:|1759003238
|teamsize|p1|6
|teamsize|p2|6
|start
|switch|p1a: Ninetales|Ninetales-Alola, F|100/100
|switch|p2a: Hariyama|Hariyama, M|100/100
|-weather|Snowscape|[from] ability: Snow Warning|[of] p1a: Ninetales
|turn|1
|
|t:|1759003244
|move|p1a: Ninetales|Aurora Veil|p1a: Ninetales
|-sidestart|p1: pkamash1|move: Aurora Veil
|move|p2a: Hariyama|Close Combat|p1a: Ninetales
|-damage|p1a: Ninetales|70/100
|-unboost|p2a: Hariyama|def|1
|-unboost|p2a: Hariyama|spd|1
|
|-weather|Snowscape|[upkeep]
|upkeep
|turn|2
|
|t:|1759003255
|switch|p2a: Kingambit|Kingambit, F|100/100
|move|p1a: Ninetales|Moonblast|p2a: Kingambit
|-damage|p2a: Kingambit|75/100
|-unboost|p2a: Kingambit|spa|1
|
|-weather|Snowscape|[upkeep]
|upkeep
|turn|3
|
|t:|1759003263
|move|p1a: Ninetales|Moonblast|p2a: Kingambit
|-damage|p2a: Kingambit|53/100
|move|p2a: Kingambit|Low Kick|p1a: Ninetales
|-damage|p1a: Ninetales|62/100
|
|-weather|Snowscape|[upkeep]
|upkeep
|turn|4
|
|t:|1759003268
|move|p1a: Ninetales|Blizzard|p2a: Kingambit
|-resisted|p2a: Kingambit
|-damage|p2a: Kingambit|41/100
|move|p2a: Kingambit|Iron Head|p1a: Ninetales
|-supereffective|p1a: Ninetales
|-damage|p1a: Ninetales|0 fnt
|faint|p1a: Ninetales
|
|-weather|Snowscape|[upkeep]
|upkeep
|
|t:|1759003276
|switch|p1a: Kyurem|Kyurem|100/100
|-ability|p1a: Kyurem|Pressure
|turn|5
|
|t:|1759003286
|move|p1a: Kyurem|Dragon Dance|p1a: Kyurem
|-boost|p1a: Kyurem|atk|1
|-boost|p1a: Kyurem|spe|1
|move|p2a: Kingambit|Iron Head|p1a: Kyurem
|-supereffective|p1a: Kyurem
|-damage|p1a: Kyurem|70/100
|
|-weather|none
|upkeep
|turn|6
|
|t:|1759003299
|move|p1a: Kyurem|Icicle Spear|p2a: Kingambit
|-resisted|p2a: Kingambit
|-crit|p2a: Kingambit
|-damage|p2a: Kingambit|29/100
|-resisted|p2a: Kingambit
|-damage|p2a: Kingambit|22/100
|-resisted|p2a: Kingambit
|-damage|p2a: Kingambit|15/100
|-resisted|p2a: Kingambit
|-damage|p2a: Kingambit|7/100
|-hitcount|p2a: Kingambit|4
|move|p2a: Kingambit|Iron Head|p1a: Kyurem
|-supereffective|p1a: Kyurem
|-damage|p1a: Kyurem|24/100
|
|upkeep
|turn|7
|
|t:|1759003310
|move|p2a: Kingambit|Sucker Punch|p1a: Kyurem
|-damage|p1a: Kyurem|5/100
|move|p1a: Kyurem|Icicle Spear|p2a: Kingambit
|-resisted|p2a: Kingambit
|-damage|p2a: Kingambit|0 fnt
|faint|p2a: Kingambit
|-end|p2a: Kingambit|fallenundefined|[silent]
|-hitcount|p2: Kingambit|1
|
|upkeep
|
|t:|1759003338
|switch|p2a: Alomomola|Alomomola, M|100/100
|turn|8
|
|t:|1759003341
|move|p1a: Kyurem|Scale Shot|p2a: Alomomola
|-damage|p2a: Alomomola|88/100
|-damage|p2a: Alomomola|77/100
|-crit|p2a: Alomomola
|-damage|p2a: Alomomola|61/100
|-damage|p2a: Alomomola|49/100
|-hitcount|p2a: Alomomola|4
|-unboost|p1a: Kyurem|def|1
|-boost|p1a: Kyurem|spe|1
|move|p2a: Alomomola|Flip Turn|p1a: Kyurem
|-resisted|p1a: Kyurem
|-damage|p1a: Kyurem|0 fnt
|faint|p1a: Kyurem
|
|t:|1759003346
|switch|p2a: Torterra|Torterra, F|100/100|[from] Flip Turn
|
|-sideend|p1: pkamash1|move: Aurora Veil
|upkeep
|
|t:|1759003365
|switch|p1a: Moltres|Moltres|100/100
|turn|9
|
|t:|1759003367
|move|p2a: Torterra|Stone Edge|p1a: Moltres
|-supereffective|p1a: Moltres
|-damage|p1a: Moltres|0 fnt
|faint|p1a: Moltres
|
|upkeep
|
|t:|1759003372
|switch|p1a: Gliscor|Gliscor, F|100/100
|turn|10
|
|t:|1759003377
|move|p2a: Torterra|Shell Smash|p2a: Torterra
|-unboost|p2a: Torterra|def|1
|-unboost|p2a: Torterra|spd|1
|-boost|p2a: Torterra|atk|2
|-boost|p2a: Torterra|spa|2
|-boost|p2a: Torterra|spe|2
|-enditem|p2a: Torterra|White Herb
|-clearnegativeboost|p2a: Torterra|[silent]
|move|p1a: Gliscor|Toxic|p2a: Torterra
|-status|p2a: Torterra|tox
|
|-damage|p2a: Torterra|94/100 tox|[from] psn
|-status|p1a: Gliscor|tox|[from] item: Toxic Orb
|upkeep
|turn|11
|
|t:|1759003388
|move|p1a: Gliscor|Protect|p1a: Gliscor
|-singleturn|p1a: Gliscor|Protect
|move|p2a: Torterra|Wood Hammer|p1a: Gliscor
|-activate|p1a: Gliscor|move: Protect
|
|-damage|p2a: Torterra|82/100 tox|[from] psn
|upkeep
|turn|12
|
|t:|1759003406
|move|p2a: Torterra|Wood Hammer|p1a: Gliscor
|-damage|p1a: Gliscor|32/100 tox
|-damage|p2a: Torterra|58/100 tox|[from] Recoil
|move|p1a: Gliscor|Knock Off|p2a: Torterra
|-damage|p2a: Torterra|44/100 tox
|
|-damage|p2a: Torterra|26/100 tox|[from] psn
|-heal|p1a: Gliscor|44/100 tox|[from] ability: Poison Heal
|upkeep
|turn|13
|
|t:|1759003416
|move|p2a: Torterra|Wood Hammer|p1a: Gliscor
|-damage|p1a: Gliscor|0 fnt
|faint|p1a: Gliscor
|-damage|p2a: Torterra|10/100 tox|[from] Recoil
|
|-damage|p2a: Torterra|0 fnt|[from] psn
|faint|p2a: Torterra
|upkeep
|
|t:|1759003429
|switch|p2a: Dragapult|Dragapult, F|100/100
|switch|p1a: Ogerpon|Ogerpon-Wellspring, F|100/100
|turn|14
|
|t:|1759003438
|switch|p1a: Iron Treads|Iron Treads|100/100
|-terastallize|p2a: Dragapult|Dragon
|move|p2a: Dragapult|Draco Meteor|p1a: Iron Treads
|-resisted|p1a: Iron Treads
|-damage|p1a: Iron Treads|50/100
|-unboost|p2a: Dragapult|spa|2
|-damage|p2a: Dragapult|91/100|[from] item: Life Orb
|
|upkeep
|turn|15
|
|t:|1759003450
|switch|p2a: Alomomola|Alomomola, M|83/100
|move|p1a: Iron Treads|Knock Off|p2a: Alomomola
|-damage|p2a: Alomomola|66/100
|-enditem|p2a: Alomomola|Leftovers|[from] move: Knock Off|[of] p1a: Iron Treads
|
|upkeep
|turn|16
|
|t:|1759003458
|-end|p1a: Iron Treads|Quark Drive|[silent]
|switch|p1a: Ogerpon|Ogerpon-Wellspring, F|100/100
|move|p2a: Alomomola|Flip Turn|p1a: Ogerpon
|-immune|p1a: Ogerpon|[from] ability: Water Absorb
|
|upkeep
|turn|17
|
|t:|1759003468
|move|p1a: Ogerpon|Trailblaze|p2a: Alomomola
|-supereffective|p2a: Alomomola
|-damage|p2a: Alomomola|35/100
|-boost|p1a: Ogerpon|spe|1
|move|p2a: Alomomola|Scald|p1a: Ogerpon
|-immune|p1a: Ogerpon|[from] ability: Water Absorb
|
|upkeep
|turn|18
|
|t:|1759003476
|move|p1a: Ogerpon|Swords Dance|p1a: Ogerpon
|-boost|p1a: Ogerpon|atk|2
|move|p2a: Alomomola|Scald|p1a: Ogerpon
|-immune|p1a: Ogerpon|[from] ability: Water Absorb
|
|upkeep
|turn|19
|
|t:|1759003489
|switch|p2a: Great Tusk|Great Tusk|100/100
|-enditem|p2a: Great Tusk|Booster Energy
|-activate|p2a: Great Tusk|ability: Protosynthesis|[fromitem]
|-start|p2a: Great Tusk|protosynthesisatk
|move|p1a: Ogerpon|Swords Dance|p1a: Ogerpon
|-boost|p1a: Ogerpon|atk|2
|
|upkeep
|turn|20
|
|t:|1759003496
|move|p1a: Ogerpon|Horn Leech|p2a: Great Tusk
|-supereffective|p2a: Great Tusk
|-damage|p2a: Great Tusk|0 fnt
|faint|p2a: Great Tusk
|-end|p2a: Great Tusk|Protosynthesis|[silent]
|
|upkeep
|
|t:|1759003500
|switch|p2a: Dragapult|Dragapult, F, tera:Dragon|91/100
|turn|21
|
|t:|1759003502
|move|p1a: Ogerpon|Ivy Cudgel|p2a: Dragapult|[anim] Ivy Cudgel Water
|-resisted|p2a: Dragapult
|-damage|p2a: Dragapult|0 fnt
|faint|p2a: Dragapult
|
|upkeep
|
|t:|1759003505
|switch|p2a: Hariyama|Hariyama, M|100/100
|turn|22
|
|t:|1759003508
|move|p1a: Ogerpon|Ivy Cudgel|p2a: Hariyama|[anim] Ivy Cudgel Water
|-damage|p2a: Hariyama|0 fnt
|faint|p2a: Hariyama
|
|upkeep
|-message|polowogy forfeited.
|
|win|pkamash1
|raw|pkamash1's rating: 1349 &rarr; <strong>1366</strong><br />(+17 for winning)
|raw|polowogy's rating: 1292 &rarr; <strong>1271</strong><br />(-21 for losing)
|l|☆polowogy
|player|p2|
|l|☆pkamash1
|player|p1|
