|j|☆pelana7
|j|☆St. Saturn
|t:|1759032269
|gametype|singles
|player|p1|pelana7|1|1364
|player|p2|St. Saturn|veteran|1344
|gen|9
|tier|[Gen 9] OU
|rated|
|rule|HP Percentage Mod: HP is shown in percentages
|rule|Endless Battle Clause: Forcing endless battles is banned
|rule|Species Clause: Limit one of each Pokémon
|rule|OHKO Clause: OHKO moves are banned
|rule|Evasion Items Clause: Evasion items are banned
|rule|Evasion Moves Clause: Evasion moves are banned
|rule|Evasion Abilities Clause: Evasion abilities are banned
|rule|Sleep Moves Clause: Sleep-inducing moves are banned
|clearpoke
|poke|p1|Samurott-Hisui, M|
|poke|p1|Pecharunt|
|poke|p1|Araquanid, M|
|poke|p1|Great Tusk|
|poke|p1|Deoxys-Speed|
|poke|p1|Hydrapple, M|
|poke|p2|Gliscor, M|
|poke|p2|Blissey, F|
|poke|p2|Dondozo, M|
|poke|p2|Weezing-Galar, F|
|poke|p2|Clodsire, M|
|poke|p2|Clefable, F|
|teampreview
|inactive|Battle timer is ON: inactive players will automatically lose when time's up. (requested by St. Saturn)
|
|t:|1759032279
|teamsize|p1|6
|teamsize|p2|6
|start
|switch|p1a: Samurott|Samurott-Hisui, M|100/100
|switch|p2a: Clefable|Clefable, F|100/100
|turn|1
|
|t:|1759032283
|move|p1a: Samurott|Flip Turn|p2a: Clefable
|-damage|p2a: Clefable|81/100
|
|t:|1759032289
|switch|p1a: Pecharunt|Pecharunt|100/100|[from] Flip Turn
|move|p2a: Clefable|Moonblast|p1a: Pecharunt
|-resisted|p1a: Pecharunt
|-damage|p1a: Pecharunt|86/100
|
|-heal|p2a: Clefable|87/100|[from] item: Leftovers
|upkeep
|turn|2
|
|t:|1759032303
|switch|p1a: Great Tusk|Great Tusk|100/100
|switch|p2a: Gliscor|Gliscor, M|100/100
|
|-status|p2a: Gliscor|tox|[from] item: Toxic Orb
|upkeep
|turn|3
|
|t:|1759032329
|-end|p1a: Great Tusk|Protosynthesis|[silent]
|switch|p1a: Samurott|Samurott-Hisui, M|100/100
|-terastallize|p2a: Gliscor|Ghost
|move|p2a: Gliscor|Toxic|p1a: Samurott
|-status|p1a: Samurott|tox
|
|-damage|p1a: Samurott|94/100 tox|[from] psn
|upkeep
|turn|4
|
|t:|1759032339
|move|p2a: Gliscor|Protect|p2a: Gliscor
|-singleturn|p2a: Gliscor|Protect
|move|p1a: Samurott|Ceaseless Edge|p2a: Gliscor
|-activate|p2a: Gliscor|move: Protect
|
|-damage|p1a: Samurott|82/100 tox|[from] psn
|upkeep
|turn|5
|
|t:|1759032349
|switch|p2a: Clefable|Clefable, F|87/100
|move|p1a: Samurott|Ceaseless Edge|p2a: Clefable
|-resisted|p2a: Clefable
|-damage|p2a: Clefable|69/100
|-sidestart|p2: St. Saturn|Spikes
|
|-heal|p2a: Clefable|75/100|[from] item: Leftovers
|-damage|p1a: Samurott|63/100 tox|[from] psn
|upkeep
|turn|6
|
|t:|1759032357
|switch|p1a: Pecharunt|Pecharunt|86/100
|move|p2a: Clefable|Knock Off|p1a: Pecharunt
|-supereffective|p1a: Pecharunt
|-damage|p1a: Pecharunt|65/100
|-enditem|p1a: Pecharunt|Rocky Helmet|[from] move: Knock Off|[of] p2a: Clefable
|
|-heal|p2a: Clefable|81/100|[from] item: Leftovers
|upkeep
|turn|7
|
|t:|1759032365
|move|p2a: Clefable|Protect|p2a: Clefable
|-singleturn|p2a: Clefable|Protect
|move|p1a: Pecharunt|Nasty Plot|p1a: Pecharunt
|-boost|p1a: Pecharunt|spa|2
|
|-heal|p2a: Clefable|88/100|[from] item: Leftovers
|upkeep
|turn|8
|
|t:|1759032372
|switch|p2a: Clodsire|Clodsire, M|100/100
|move|p1a: Pecharunt|Malignant Chain|p2a: Clodsire
|-resisted|p2a: Clodsire
|-damage|p2a: Clodsire|95/100
|
|upkeep
|turn|9
|
|t:|1759032383
|switch|p1a: Araquanid|Araquanid, M|100/100
|move|p2a: Clodsire|Stealth Rock|p1a: Araquanid
|-sidestart|p1: pelana7|move: Stealth Rock
|
|upkeep
|turn|10
|
|t:|1759032389
|switch|p2a: Gliscor|Gliscor, M, tera:Ghost|100/100 tox
|-damage|p2a: Gliscor|88/100 tox|[from] Spikes
|move|p1a: Araquanid|Sticky Web|p2a: Gliscor
|-sidestart|p2: St. Saturn|move: Sticky Web
|
|-heal|p2a: Gliscor|100/100 tox|[from] ability: Poison Heal
|upkeep
|turn|11
|
|t:|1759032406
|switch|p1a: Samurott|Samurott-Hisui, M|63/100 tox
|-damage|p1a: Samurott|51/100 tox|[from] Stealth Rock
|move|p2a: Gliscor|Spikes|p1a: Samurott
|-sidestart|p1: pelana7|Spikes
|
|-damage|p1a: Samurott|45/100 tox|[from] psn
|upkeep
|turn|12
|
|t:|1759032412
|move|p2a: Gliscor|Protect|p2a: Gliscor
|-singleturn|p2a: Gliscor|Protect
|move|p1a: Samurott|Ceaseless Edge|p2a: Gliscor
|-activate|p2a: Gliscor|move: Protect
|
|-damage|p1a: Samurott|32/100 tox|[from] psn
|upkeep
|turn|13
|
|t:|1759032419
|switch|p2a: Clefable|Clefable, F|88/100
|-activate|p2a: Clefable|move: Sticky Web
|-unboost|p2a: Clefable|spe|1
|move|p1a: Samurott|Ceaseless Edge|p2a: Clefable
|-resisted|p2a: Clefable
|-crit|p2a: Clefable
|-damage|p2a: Clefable|64/100
|-sidestart|p2: St. Saturn|Spikes
|
|-heal|p2a: Clefable|70/100|[from] item: Leftovers
|-damage|p1a: Samurott|14/100 tox|[from] psn
|upkeep
|turn|14
|
|t:|1759032426
|move|p1a: Samurott|Ceaseless Edge|p2a: Clefable|[miss]
|-miss|p1a: Samurott|p2a: Clefable
|move|p2a: Clefable|Wish|p2a: Clefable
|
|-heal|p2a: Clefable|76/100|[from] item: Leftovers
|-damage|p1a: Samurott|0 fnt|[from] psn
|faint|p1a: Samurott
|upkeep
|
|t:|1759032429
|switch|p1a: Great Tusk|Great Tusk|100/100
|turn|15
|
|t:|1759032436
|switch|p2a: Gliscor|Gliscor, M, tera:Ghost|100/100 tox
|-damage|p2a: Gliscor|84/100 tox|[from] Spikes
|-activate|p2a: Gliscor|move: Sticky Web
|-unboost|p2a: Gliscor|spe|1
|-terastallize|p1a: Great Tusk|Water
|move|p1a: Great Tusk|Rapid Spin|p2a: Gliscor
|-immune|p2a: Gliscor
|
|-heal|p2a: Gliscor|100/100 tox|[from] move: Wish|[wisher] Clefable
|upkeep
|turn|16
|
|t:|1759032446
|move|p1a: Great Tusk|Earthquake|p2a: Gliscor
|-damage|p2a: Gliscor|64/100 tox
|move|p2a: Gliscor|Toxic|p1a: Great Tusk
|-status|p1a: Great Tusk|tox
|
|-damage|p1a: Great Tusk|94/100 tox|[from] psn
|-heal|p2a: Gliscor|76/100 tox|[from] ability: Poison Heal
|upkeep
|turn|17
|
|t:|1759032450
|move|p2a: Gliscor|Protect|p2a: Gliscor
|-singleturn|p2a: Gliscor|Protect
|move|p1a: Great Tusk|Bulk Up|p1a: Great Tusk
|-boost|p1a: Great Tusk|atk|1
|-boost|p1a: Great Tusk|def|1
|
|-damage|p1a: Great Tusk|82/100 tox|[from] psn
|-heal|p2a: Gliscor|89/100 tox|[from] ability: Poison Heal
|upkeep
|turn|18
|
|t:|1759032459
|move|p1a: Great Tusk|Earthquake|p2a: Gliscor
|-damage|p2a: Gliscor|37/100 tox
|move|p2a: Gliscor|Knock Off|p1a: Great Tusk
|-damage|p1a: Great Tusk|72/100 tox
|-enditem|p1a: Great Tusk|Heavy-Duty Boots|[from] move: Knock Off|[of] p2a: Gliscor
|
|-damage|p1a: Great Tusk|54/100 tox|[from] psn
|-heal|p2a: Gliscor|50/100 tox|[from] ability: Poison Heal
|upkeep
|turn|19
|
|t:|1759032464
|move|p2a: Gliscor|Protect|p2a: Gliscor
|-singleturn|p2a: Gliscor|Protect
|move|p1a: Great Tusk|Earthquake|p2a: Gliscor
|-activate|p2a: Gliscor|move: Protect
|
|-damage|p1a: Great Tusk|29/100 tox|[from] psn
|-heal|p2a: Gliscor|62/100 tox|[from] ability: Poison Heal
|upkeep
|turn|20
|
|t:|1759032474
|-end|p1a: Great Tusk|Protosynthesis|[silent]
|switch|p1a: Araquanid|Araquanid, M|100/100
|move|p2a: Gliscor|Protect||[still]
|-fail|p2a: Gliscor
|
|-heal|p2a: Gliscor|75/100 tox|[from] ability: Poison Heal
|upkeep
|turn|21
|
|t:|1759032479
|move|p2a: Gliscor|Toxic|p1a: Araquanid
|-status|p1a: Araquanid|tox
|move|p1a: Araquanid|Waterfall|p2a: Gliscor
|-damage|p2a: Gliscor|52/100 tox
|
|-heal|p2a: Gliscor|64/100 tox|[from] ability: Poison Heal
|-damage|p1a: Araquanid|94/100 tox|[from] psn
|upkeep
|turn|22
|
|t:|1759032493
|switch|p1a: Pecharunt|Pecharunt|65/100
|-damage|p1a: Pecharunt|53/100|[from] Stealth Rock
|-damage|p1a: Pecharunt|41/100|[from] Spikes
|move|p2a: Gliscor|Spikes|p1a: Pecharunt
|-sidestart|p1: pelana7|Spikes
|
|-heal|p2a: Gliscor|77/100 tox|[from] ability: Poison Heal
|upkeep
|turn|23
|
|t:|1759032502
|move|p2a: Gliscor|Protect|p2a: Gliscor
|-singleturn|p2a: Gliscor|Protect
|move|p1a: Pecharunt|Hex|p2a: Gliscor
|-activate|p2a: Gliscor|move: Protect
|
|-heal|p2a: Gliscor|89/100 tox|[from] ability: Poison Heal
|upkeep
|turn|24
|
|t:|1759032507
|switch|p1a: Great Tusk|Great Tusk, tera:Water|29/100 tox
|-damage|p1a: Great Tusk|17/100 tox|[from] Stealth Rock
|-damage|p1a: Great Tusk|0 fnt|[from] Spikes
|faint|p1a: Great Tusk
|-end|p1a: Great Tusk|Protosynthesis|[silent]
|switch|p2a: Clodsire|Clodsire, M|95/100
|
|upkeep
|
|t:|1759032520
|switch|p1a: Deoxys|Deoxys-Speed|100/100
|-damage|p1a: Deoxys|88/100|[from] Stealth Rock
|-damage|p1a: Deoxys|72/100|[from] Spikes
|-ability|p1a: Deoxys|Pressure
|turn|25
|
|t:|1759032528
|switch|p2a: Blissey|Blissey, F|100/100
|move|p1a: Deoxys|Stealth Rock|p2a: Blissey
|-sidestart|p2: St. Saturn|move: Stealth Rock
|
|upkeep
|turn|26
|
|t:|1759032536
|move|p1a: Deoxys|Knock Off|p2a: Blissey
|-damage|p2a: Blissey|80/100
|-enditem|p2a: Blissey|Heavy-Duty Boots|[from] move: Knock Off|[of] p1a: Deoxys
|move|p2a: Blissey|Shadow Ball|p1a: Deoxys
|-supereffective|p1a: Deoxys
|-damage|p1a: Deoxys|28/100
|
|upkeep
|turn|27
|
|t:|1759032548
|switch|p1a: Araquanid|Araquanid, M|94/100 tox
|move|p2a: Blissey|Shadow Ball|p1a: Araquanid
|-damage|p1a: Araquanid|83/100 tox
|
|-damage|p1a: Araquanid|77/100 tox|[from] psn
|upkeep
|turn|28
|
|t:|1759032556
|switch|p2a: Gliscor|Gliscor, M, tera:Ghost|89/100 tox
|-damage|p2a: Gliscor|73/100 tox|[from] Spikes
|-activate|p2a: Gliscor|move: Sticky Web
|-unboost|p2a: Gliscor|spe|1
|-damage|p2a: Gliscor|60/100 tox|[from] Stealth Rock
|move|p1a: Araquanid|Waterfall|p2a: Gliscor
|-damage|p2a: Gliscor|37/100 tox
|
|-heal|p2a: Gliscor|49/100 tox|[from] ability: Poison Heal
|-damage|p1a: Araquanid|65/100 tox|[from] psn
|upkeep
|turn|29
|
|t:|1759032566
|move|p2a: Gliscor|Protect|p2a: Gliscor
|-singleturn|p2a: Gliscor|Protect
|move|p1a: Araquanid|Waterfall|p2a: Gliscor
|-activate|p2a: Gliscor|move: Protect
|
|-heal|p2a: Gliscor|62/100 tox|[from] ability: Poison Heal
|-damage|p1a: Araquanid|47/100 tox|[from] psn
|upkeep
|turn|30
|
|t:|1759032569
|move|p2a: Gliscor|Knock Off|p1a: Araquanid
|-damage|p1a: Araquanid|26/100 tox
|-enditem|p1a: Araquanid|Heavy-Duty Boots|[from] move: Knock Off|[of] p2a: Gliscor
|move|p1a: Araquanid|Waterfall|p2a: Gliscor
|-damage|p2a: Gliscor|38/100 tox
|
|-heal|p2a: Gliscor|50/100 tox|[from] ability: Poison Heal
|-damage|p1a: Araquanid|2/100 tox|[from] psn
|upkeep
|turn|31
|
|t:|1759032580
|switch|p1a: Deoxys|Deoxys-Speed|28/100
|-damage|p1a: Deoxys|15/100|[from] Stealth Rock
|-damage|p1a: Deoxys|0 fnt|[from] Spikes
|faint|p1a: Deoxys
|move|p2a: Gliscor|Protect||[still]
|-fail|p2a: Gliscor
|
|-heal|p2a: Gliscor|63/100 tox|[from] ability: Poison Heal
|upkeep
|
|t:|1759032586
|switch|p1a: Hydrapple|Hydrapple, M|100/100
|-damage|p1a: Hydrapple|88/100|[from] Stealth Rock
|-damage|p1a: Hydrapple|71/100|[from] Spikes
|turn|32
|
|t:|1759032592
|move|p2a: Gliscor|Toxic|p1a: Hydrapple
|-status|p1a: Hydrapple|tox
|move|p1a: Hydrapple|Fickle Beam|p2a: Gliscor
|-damage|p2a: Gliscor|18/100 tox
|
|-heal|p2a: Gliscor|31/100 tox|[from] ability: Poison Heal
|-damage|p1a: Hydrapple|65/100 tox|[from] psn
|upkeep
|turn|33
|
|t:|1759032599
|move|p2a: Gliscor|Protect|p2a: Gliscor
|-singleturn|p2a: Gliscor|Protect
|move|p1a: Hydrapple|Fickle Beam|p2a: Gliscor
|-activate|p2a: Gliscor|move: Protect
|
|-heal|p2a: Gliscor|43/100 tox|[from] ability: Poison Heal
|-damage|p1a: Hydrapple|53/100 tox|[from] psn
|upkeep
|turn|34
|
|t:|1759032607
|switch|p2a: Blissey|Blissey, F|80/100
|-damage|p2a: Blissey|64/100|[from] Spikes
|-activate|p2a: Blissey|move: Sticky Web
|-unboost|p2a: Blissey|spe|1
|-damage|p2a: Blissey|51/100|[from] Stealth Rock
|move|p1a: Hydrapple|Energy Ball|p2a: Blissey
|-damage|p2a: Blissey|40/100
|
|-damage|p1a: Hydrapple|34/100 tox|[from] psn
|upkeep
|turn|35
|
|t:|1759032615
|move|p2a: Blissey|Soft-Boiled|p2a: Blissey
|-heal|p2a: Blissey|90/100
|move|p1a: Hydrapple|Dragon Tail|p2a: Blissey|[miss]
|-miss|p1a: Hydrapple|p2a: Blissey
|
|-damage|p1a: Hydrapple|9/100 tox|[from] psn
|upkeep
|turn|36
|-message|pelana7 forfeited.
|
|win|St. Saturn
|raw|pelana7's rating: 1364 &rarr; <strong>1343</strong><br />(-21 for losing)
|raw|St. Saturn's rating: 1344 &rarr; <strong>1365</strong><br />(+21 for winning)
|l|☆pelana7
|player|p1|
|l|☆St. Saturn
|player|p2|
