|j|☆PokeMasterEN
|j|☆mljm
|t:|1759050785
|gametype|singles
|player|p1|PokeMasterEN|102|1352
|player|p2|mljm|lady|1312
|gen|9
|tier|[Gen 9] OU
|rated|
|rule|HP Percentage Mod: HP is shown in percentages
|rule|Endless Battle Clause: Forcing endless battles is banned
|rule|Species Clause: Limit one of each Pokémon
|rule|OHKO Clause: OHKO moves are banned
|rule|Evasion Items Clause: Evasion items are banned
|rule|Evasion Moves Clause: Evasion moves are banned
|rule|Evasion Abilities Clause: Evasion abilities are banned
|rule|Sleep Moves Clause: Sleep-inducing moves are banned
|clearpoke
|poke|p1|Ogerpon-Wellspring, F|
|poke|p1|Kingambit, F|
|poke|p1|Landorus-Therian, M|
|poke|p1|Glimmora, M|
|poke|p1|Dragapult, M|
|poke|p1|Iron Valiant|
|poke|p2|Zamazenta-*|
|poke|p2|Weezing-Galar, M|
|poke|p2|Ting-Lu|
|poke|p2|Meloetta|
|poke|p2|Alomomola, F|
|poke|p2|Kingambit, F|
|teampreview
|inactive|Battle timer is ON: inactive players will automatically lose when time's up. (requested by PokeMasterEN)
|
|t:|1759050821
|teamsize|p1|6
|teamsize|p2|6
|start
|switch|p1a: Glimmora|Glimmora, M|100/100
|switch|p2a: GABELLY|Kingambit, F|100/100
|turn|1
|
|t:|1759050840
|move|p1a: Glimmora|Earth Power|p2a: GABELLY
|-supereffective|p2a: GABELLY
|-damage|p2a: GABELLY|21/100
|move|p2a: GABELLY|Kowtow Cleave|p1a: Glimmora
|-damage|p1a: Glimmora|36/100
|-activate|p1a: Glimmora|ability: Toxic Debris
|-sidestart|p2: mljm|move: Toxic Spikes
|
|-heal|p2a: GABELLY|27/100|[from] item: Leftovers
|upkeep
|turn|2
|
|t:|1759050853
|move|p2a: GABELLY|Sucker Punch|p1a: Glimmora
|-damage|p1a: Glimmora|0 fnt
|-activate|p1a: Glimmora|ability: Toxic Debris
|-sidestart|p2: mljm|move: Toxic Spikes
|faint|p1a: Glimmora
|
|-heal|p2a: GABELLY|34/100|[from] item: Leftovers
|upkeep
|
|t:|1759050863
|switch|p1a: Landorus|Landorus-Therian, M|100/100
|-ability|p1a: Landorus|Intimidate|boost
|-unboost|p2a: GABELLY|atk|1
|turn|3
|
|t:|1759050871
|-end|p2a: GABELLY|fallenundefined|[silent]
|switch|p2a: TwT|Weezing-Galar, M|100/100
|-ability|p2a: TwT|Neutralizing Gas
|-sideend|p2: mljm|move: Toxic Spikes|[of] p2a: TwT
|move|p1a: Landorus|Earthquake|p2a: TwT
|-supereffective|p2a: TwT
|-damage|p2a: TwT|42/100
|
|-heal|p2a: TwT|48/100|[from] item: Leftovers
|upkeep
|turn|4
|
|t:|1759050889
|-end|p2a: TwT|ability: Neutralizing Gas
|-ability|p1a: Landorus|Intimidate|boost
|-unboost|p2a: TwT|atk|1
|switch|p2a: :3|Alomomola, F|100/100
|move|p1a: Landorus|Earthquake|p2a: :3
|-damage|p2a: :3|71/100
|
|upkeep
|turn|5
|
|t:|1759050901
|move|p1a: Landorus|U-turn|p2a: :3
|-damage|p2a: :3|58/100
|-damage|p1a: Landorus|84/100|[from] item: Rocky Helmet|[of] p2a: :3
|
|t:|1759050905
|switch|p1a: Ogerpon|Ogerpon-Wellspring, F|100/100|[from] U-turn
|move|p2a: :3|Wish|p2a: :3
|
|upkeep
|turn|6
|
|t:|1759050918
|switch|p2a: TwT|Weezing-Galar, M|48/100
|-ability|p2a: TwT|Neutralizing Gas
|move|p1a: Ogerpon|Horn Leech|p2a: TwT
|-resisted|p2a: TwT
|-damage|p2a: TwT|34/100
|
|-heal|p2a: TwT|100/100|[from] move: Wish|[wisher] :3
|upkeep
|turn|7
|
|t:|1759050932
|move|p1a: Ogerpon|Taunt|p2a: TwT
|-start|p2a: TwT|move: Taunt
|cant|p2a: TwT|move: Taunt|Will-O-Wisp
|
|upkeep
|turn|8
|
|t:|1759050939
|move|p1a: Ogerpon|Ivy Cudgel|p2a: TwT|[anim] Ivy Cudgel Water
|-crit|p2a: TwT
|-damage|p2a: TwT|47/100
|move|p2a: TwT|Strange Steam|p1a: Ogerpon
|-damage|p1a: Ogerpon|68/100
|-start|p1a: Ogerpon|confusion
|
|-heal|p2a: TwT|53/100|[from] item: Leftovers
|upkeep
|turn|9
|
|t:|1759050948
|-activate|p1a: Ogerpon|confusion
|move|p1a: Ogerpon|Ivy Cudgel|p2a: TwT|[anim] Ivy Cudgel Water
|-damage|p2a: TwT|13/100
|move|p2a: TwT|Strange Steam|p1a: Ogerpon
|-damage|p1a: Ogerpon|35/100
|
|-heal|p2a: TwT|19/100|[from] item: Leftovers
|-end|p2a: TwT|move: Taunt
|upkeep
|turn|10
|
|t:|1759050969
|-end|p1a: Ogerpon|confusion
|move|p1a: Ogerpon|Ivy Cudgel|p2a: TwT|[anim] Ivy Cudgel Water
|-damage|p2a: TwT|0 fnt
|faint|p2a: TwT
|-end|p2a: TwT|ability: Neutralizing Gas
|
|upkeep
|inactive|mljm has 120 seconds left.
|
|t:|1759050986
|switch|p2a: GABELLY|Kingambit, F|34/100
|-activate|p2a: GABELLY|ability: Supreme Overlord
|-start|p2a: GABELLY|fallen1|[silent]
|turn|11
|inactive|mljm has 120 seconds left.
|
|t:|1759051007
|switch|p1a: Landorus|Landorus-Therian, M|84/100
|-ability|p1a: Landorus|Intimidate|boost
|-unboost|p2a: GABELLY|atk|1
|move|p2a: GABELLY|Kowtow Cleave|p1a: Landorus
|-damage|p1a: Landorus|47/100
|-damage|p2a: GABELLY|17/100|[from] item: Rocky Helmet|[of] p1a: Landorus
|
|-heal|p2a: GABELLY|23/100|[from] item: Leftovers
|upkeep
|turn|12
|
|t:|1759051022
|-end|p2a: GABELLY|fallen1|[silent]
|switch|p2a: :3|Alomomola, F|91/100
|move|p1a: Landorus|Earthquake|p2a: :3
|-damage|p2a: :3|63/100
|
|upkeep
|turn|13
|
|t:|1759051029
|move|p1a: Landorus|U-turn|p2a: :3
|-damage|p2a: :3|51/100
|-damage|p1a: Landorus|31/100|[from] item: Rocky Helmet|[of] p2a: :3
|
|t:|1759051034
|switch|p1a: Ogerpon|Ogerpon-Wellspring, F|35/100|[from] U-turn
|move|p2a: :3|Wish|p2a: :3
|
|upkeep
|turn|14
|inactive|mljm has 120 seconds left.
|
|t:|1759051052
|switch|p2a: :c|Zamazenta|100/100
|-ability|p2a: :c|Dauntless Shield|boost
|-boost|p2a: :c|def|1
|move|p1a: Ogerpon|Play Rough|p2a: :c
|-supereffective|p2a: :c
|-damage|p2a: :c|65/100
|-unboost|p2a: :c|atk|1
|
|-heal|p2a: :c|100/100|[from] move: Wish|[wisher] :3
|upkeep
|turn|15
|inactive|mljm has 120 seconds left.
|
|t:|1759051070
|switch|p1a: Landorus|Landorus-Therian, M|31/100
|-ability|p1a: Landorus|Intimidate|boost
|-unboost|p2a: :c|atk|1
|move|p2a: :c|Crunch|p1a: Landorus
|-damage|p1a: Landorus|20/100
|-damage|p2a: :c|84/100|[from] item: Rocky Helmet|[of] p1a: Landorus
|
|-heal|p2a: :c|90/100|[from] item: Leftovers
|upkeep
|turn|16
|inactive|mljm has 120 seconds left.
|
|t:|1759051083
|switch|p2a: GABELLY|Kingambit, F|23/100
|-activate|p2a: GABELLY|ability: Supreme Overlord
|-start|p2a: GABELLY|fallen1|[silent]
|move|p1a: Landorus|Stealth Rock|p2a: GABELLY
|-sidestart|p2: mljm|move: Stealth Rock
|
|-heal|p2a: GABELLY|30/100|[from] item: Leftovers
|upkeep
|turn|17
|inactive|mljm has 120 seconds left.
|
|t:|1759051108
|move|p2a: GABELLY|Sucker Punch||[still]
|-fail|p2a: GABELLY
|move|p1a: Landorus|Taunt|p2a: GABELLY
|-start|p2a: GABELLY|move: Taunt
|
|-heal|p2a: GABELLY|36/100|[from] item: Leftovers
|upkeep
|turn|18
|inactive|mljm has 120 seconds left.
|
|t:|1759051119
|switch|p1a: Kingambit|Kingambit, F|100/100
|-activate|p1a: Kingambit|ability: Supreme Overlord
|-start|p1a: Kingambit|fallen1|[silent]
|move|p2a: GABELLY|Sucker Punch||[still]
|-fail|p2a: GABELLY
|
|-heal|p2a: GABELLY|42/100|[from] item: Leftovers
|upkeep
|turn|19
|inactive|mljm has 120 seconds left.
|
|t:|1759051132
|-end|p2a: GABELLY|fallen1|[silent]
|switch|p2a: :3|Alomomola, F|84/100
|-damage|p2a: :3|72/100|[from] Stealth Rock
|-end|p1a: Kingambit|fallen1|[silent]
|switch|p1a: Landorus|Landorus-Therian, M|20/100
|-ability|p1a: Landorus|Intimidate|boost
|-unboost|p2a: :3|atk|1
|
|upkeep
|turn|20
|inactive|mljm has 120 seconds left.
|
|t:|1759051141
|move|p1a: Landorus|U-turn|p2a: :3
|-damage|p2a: :3|57/100
|-damage|p1a: Landorus|4/100|[from] item: Rocky Helmet|[of] p2a: :3
|
|t:|1759051148
|switch|p1a: Dragapult|Dragapult, M|100/100|[from] U-turn
|move|p2a: :3|Wish|p2a: :3
|
|upkeep
|turn|21
|
|t:|1759051166
|switch|p2a: MIKU|Meloetta|100/100
|-damage|p2a: MIKU|88/100|[from] Stealth Rock
|move|p1a: Dragapult|Draco Meteor|p2a: MIKU
|-damage|p2a: MIKU|47/100
|-unboost|p1a: Dragapult|spa|2
|
|-heal|p2a: MIKU|100/100|[from] move: Wish|[wisher] :3
|upkeep
|turn|22
|
|t:|1759051183
|switch|p1a: Kingambit|Kingambit, F|100/100
|-activate|p1a: Kingambit|ability: Supreme Overlord
|-start|p1a: Kingambit|fallen1|[silent]
|move|p2a: MIKU|Shadow Ball|p1a: Kingambit
|-resisted|p1a: Kingambit
|-damage|p1a: Kingambit|87/100
|
|-heal|p1a: Kingambit|93/100|[from] item: Leftovers
|upkeep
|turn|23
|inactive|mljm has 120 seconds left.
|
|t:|1759051198
|-terastallize|p2a: MIKU|Fairy
|move|p2a: MIKU|Focus Blast|p1a: Kingambit
|-supereffective|p1a: Kingambit
|-damage|p1a: Kingambit|0 fnt
|faint|p1a: Kingambit
|-end|p1a: Kingambit|fallen1|[silent]
|
|upkeep
|
|t:|1759051205
|switch|p1a: Landorus|Landorus-Therian, M|4/100
|-ability|p1a: Landorus|Intimidate|boost
|-unboost|p2a: MIKU|atk|1
|turn|24
|inactive|mljm has 120 seconds left.
|
|t:|1759051226
|switch|p2a: :3|Alomomola, F|91/100
|-damage|p2a: :3|78/100|[from] Stealth Rock
|move|p1a: Landorus|Earthquake|p2a: :3
|-damage|p2a: :3|50/100
|
|upkeep
|turn|25
|inactive|mljm has 120 seconds left.
|
|t:|1759051233
|move|p1a: Landorus|Taunt|p2a: :3
|-start|p2a: :3|move: Taunt
|cant|p2a: :3|move: Taunt|Wish
|
|upkeep
|turn|26
|inactive|mljm has 120 seconds left.
|
|t:|1759051246
|switch|p2a: :c|Zamazenta|90/100
|-damage|p2a: :c|84/100|[from] Stealth Rock
|move|p1a: Landorus|Earthquake|p2a: :c
|-damage|p2a: :c|47/100
|
|-heal|p2a: :c|53/100|[from] item: Leftovers
|upkeep
|turn|27
|inactive|mljm has 120 seconds left.
|
|t:|1759051267
|move|p2a: :c|Body Press|p1a: Landorus
|-resisted|p1a: Landorus
|-damage|p1a: Landorus|0 fnt
|-damage|p2a: :c|36/100|[from] item: Rocky Helmet|[of] p1a: Landorus
|faint|p1a: Landorus
|
|-heal|p2a: :c|43/100|[from] item: Leftovers
|upkeep
|
|t:|1759051275
|switch|p1a: Iron Valiant|Iron Valiant|100/100
|-enditem|p1a: Iron Valiant|Booster Energy
|-activate|p1a: Iron Valiant|ability: Quark Drive|[fromitem]
|-start|p1a: Iron Valiant|quarkdrivespe
|turn|28
|inactive|mljm has 120 seconds left.
|
|t:|1759051298
|move|p1a: Iron Valiant|Swords Dance|p1a: Iron Valiant
|-boost|p1a: Iron Valiant|atk|2
|move|p2a: :c|Roar|p1a: Iron Valiant
|-end|p1a: Iron Valiant|Quark Drive|[silent]
|drag|p1a: Ogerpon|Ogerpon-Wellspring, F|35/100
|
|-heal|p2a: :c|49/100|[from] item: Leftovers
|upkeep
|turn|29
|
|t:|1759051320
|move|p2a: :c|Crunch|p1a: Ogerpon
|-crit|p1a: Ogerpon
|-damage|p1a: Ogerpon|0 fnt
|faint|p1a: Ogerpon
|
|-heal|p2a: :c|55/100|[from] item: Leftovers
|upkeep
|
|t:|1759051323
|switch|p1a: Dragapult|Dragapult, M|100/100
|turn|30
|inactive|mljm has 120 seconds left.
|
|t:|1759051333
|switch|p2a: MIKU|Meloetta, tera:Fairy|100/100
|-damage|p2a: MIKU|88/100|[from] Stealth Rock
|move|p1a: Dragapult|Draco Meteor|p2a: MIKU
|-immune|p2a: MIKU
|
|upkeep
|turn|31
|inactive|mljm has 120 seconds left.
|
|t:|1759051349
|switch|p1a: Iron Valiant|Iron Valiant|100/100
|move|p2a: MIKU|Shadow Ball|p1a: Iron Valiant
|-damage|p1a: Iron Valiant|51/100
|-unboost|p1a: Iron Valiant|spd|1
|
|upkeep
|turn|32
|
|t:|1759051361
|move|p1a: Iron Valiant|Spirit Break|p2a: MIKU
|-damage|p2a: MIKU|41/100
|-unboost|p2a: MIKU|spa|1
|move|p2a: MIKU|Psychic|p1a: Iron Valiant
|-supereffective|p1a: Iron Valiant
|-damage|p1a: Iron Valiant|0 fnt
|faint|p1a: Iron Valiant
|-end|p1a: Iron Valiant|Quark Drive|[silent]
|
|upkeep
|
|t:|1759051365
|switch|p1a: Dragapult|Dragapult, M|100/100
|turn|33
|inactive|mljm has 120 seconds left.
|
|t:|1759051380
|-terastallize|p1a: Dragapult|Ghost
|move|p1a: Dragapult|Shadow Ball|p2a: MIKU
|-damage|p2a: MIKU|8/100
|move|p2a: MIKU|Shadow Ball|p1a: Dragapult
|-supereffective|p1a: Dragapult
|-damage|p1a: Dragapult|46/100
|
|upkeep
|turn|34
|inactive|mljm has 120 seconds left.
|
|t:|1759051394
|move|p1a: Dragapult|Shadow Ball|p2a: MIKU
|-damage|p2a: MIKU|0 fnt
|faint|p2a: MIKU
|
|upkeep
|
|t:|1759051401
|switch|p2a: GABELLY|Kingambit, F|42/100
|-damage|p2a: GABELLY|36/100|[from] Stealth Rock
|-activate|p2a: GABELLY|ability: Supreme Overlord
|-start|p2a: GABELLY|fallen2|[silent]
|turn|35
|inactive|mljm has 120 seconds left.
|
|t:|1759051406
|move|p2a: GABELLY|Sucker Punch|p1a: Dragapult
|-supereffective|p1a: Dragapult
|-damage|p1a: Dragapult|0 fnt
|faint|p1a: Dragapult
|
|win|mljm
|raw|PokeMasterEN's rating: 1352 &rarr; <strong>1330</strong><br />(-22 for losing)
|raw|mljm's rating: 1312 &rarr; <strong>1334</strong><br />(+22 for winning)
|l|☆PokeMasterEN
|player|p1|
|l|☆mljm
|player|p2|
