|j|☆chufaworld
|j|☆Standab
|t:|1759067637
|gametype|singles
|player|p1|chufaworld|169|1364
|player|p2|Standab|artist|1376
|gen|9
|tier|[Gen 9] OU
|rated|
|rule|HP Percentage Mod: HP is shown in percentages
|rule|Endless Battle Clause: Forcing endless battles is banned
|rule|Species Clause: Limit one of each Pokémon
|rule|OHKO Clause: OHKO moves are banned
|rule|Evasion Items Clause: Evasion items are banned
|rule|Evasion Moves Clause: Evasion moves are banned
|rule|Evasion Abilities Clause: Evasion abilities are banned
|rule|Sleep Moves Clause: Sleep-inducing moves are banned
|clearpoke
|poke|p1|Blaziken, M|
|poke|p1|Indeedee, M|
|poke|p1|Iron Treads|
|poke|p1|Gallade, M|
|poke|p1|Gliscor, M|
|poke|p1|Ogerpon-Wellspring, F|
|poke|p2|Iron Moth|
|poke|p2|Kingambit, F|
|poke|p2|Dragonite, F|
|poke|p2|Ogerpon-Cornerstone, F|
|poke|p2|Iron Valiant|
|poke|p2|Raging Bolt|
|teampreview
|
|t:|1759067648
|teamsize|p1|6
|teamsize|p2|6
|start
|switch|p1a: Indeedee|Indeedee, M|100/100
|switch|p2a: Ton Ex|Ogerpon-Cornerstone, F|100/100
|-fieldstart|move: Psychic Terrain|[from] ability: Psychic Surge|[of] p1a: Indeedee
|turn|1
|inactive|Battle timer is ON: inactive players will automatically lose when time's up. (requested by Standab)
|c|☆Standab|glhf
|
|t:|1759067665
|switch|p1a: Gliscor|Gliscor, M|100/100
|move|p2a: Ton Ex|Knock Off|p1a: Gliscor
|-damage|p1a: Gliscor|69/100
|-enditem|p1a: Gliscor|Toxic Orb|[from] move: Knock Off|[of] p2a: Ton Ex
|
|upkeep
|turn|2
|
|t:|1759067673
|move|p2a: Ton Ex|Power Whip|p1a: Gliscor
|-damage|p1a: Gliscor|13/100
|move|p1a: Gliscor|U-turn|p2a: Ton Ex
|-supereffective|p2a: Ton Ex
|-damage|p2a: Ton Ex|57/100
|
|t:|1759067687
|switch|p1a: Blaziken|Blaziken, M|100/100|[from] U-turn
|
|upkeep
|turn|3
|l|☆chufaworld
|inactive|chufaworld disconnected and has a minute to reconnect!
|player|p1|
|
|t:|1759067702
|move|p2a: Ton Ex|Ivy Cudgel|p1a: Blaziken|[anim] Ivy Cudgel Rock
|-damage|p1a: Blaziken|3/100
|move|p1a: Blaziken|Swords Dance|p1a: Blaziken
|-boost|p1a: Blaziken|atk|2
|
|-ability|p1a: Blaziken|Speed Boost|boost
|-boost|p1a: Blaziken|spe|1
|upkeep
|turn|4
|inactive|chufaworld has 30 seconds to reconnect!
|inactive|chufaworld has 20 seconds to reconnect!
|inactive|chufaworld has 15 seconds to reconnect!
|j|☆chufaworld
|inactive|chufaworld reconnected and has 105 seconds left.
|player|p1|chufaworld|169|
|
|t:|1759067754
|move|p1a: Blaziken|Earthquake|p2a: Ton Ex
|-damage|p2a: Ton Ex|0 fnt
|faint|p2a: Ton Ex
|
|-ability|p1a: Blaziken|Speed Boost|boost
|-boost|p1a: Blaziken|spe|1
|upkeep
|inactive|Standab has 120 seconds left.
|
|t:|1759067784
|switch|p2a: PapyLusion|Dragonite, F|100/100
|turn|5
|
|t:|1759067791
|move|p2a: PapyLusion|Extreme Speed|p1a: Blaziken
|-activate|p1a: Blaziken|move: Psychic Terrain
|move|p1a: Blaziken|Close Combat|p2a: PapyLusion
|-resisted|p2a: PapyLusion
|-damage|p2a: PapyLusion|66/100
|-unboost|p1a: Blaziken|def|1
|-unboost|p1a: Blaziken|spd|1
|
|-ability|p1a: Blaziken|Speed Boost|boost
|-boost|p1a: Blaziken|spe|1
|upkeep
|turn|6
|
|t:|1759067817
|move|p1a: Blaziken|Close Combat|p2a: PapyLusion
|-resisted|p2a: PapyLusion
|-damage|p2a: PapyLusion|0 fnt
|-unboost|p1a: Blaziken|def|1
|-unboost|p1a: Blaziken|spd|1
|faint|p2a: PapyLusion
|
|-ability|p1a: Blaziken|Speed Boost|boost
|-boost|p1a: Blaziken|spe|1
|upkeep
|inactive|Standab has 120 seconds left.
|
|t:|1759067835
|switch|p2a: Volcacanion|Iron Valiant|100/100
|-enditem|p2a: Volcacanion|Booster Energy
|-activate|p2a: Volcacanion|ability: Quark Drive|[fromitem]
|-start|p2a: Volcacanion|quarkdrivespe
|turn|7
|
|t:|1759067844
|move|p1a: Blaziken|Earthquake|p2a: Volcacanion
|-damage|p2a: Volcacanion|12/100
|move|p2a: Volcacanion|Knock Off|p1a: Blaziken
|-resisted|p1a: Blaziken
|-damage|p1a: Blaziken|0 fnt
|-enditem|p1a: Blaziken|Focus Sash|[from] move: Knock Off|[of] p2a: Volcacanion
|faint|p1a: Blaziken
|
|upkeep
|inactive|chufaworld has 90 seconds left.
|
|t:|1759067868
|switch|p1a: Iron Treads|Iron Treads|100/100
|-enditem|p1a: Iron Treads|Booster Energy
|-activate|p1a: Iron Treads|ability: Quark Drive|[fromitem]
|-start|p1a: Iron Treads|quarkdrivespe
|turn|8
|
|t:|1759067876
|-terastallize|p1a: Iron Treads|Ground
|move|p2a: Volcacanion|Destiny Bond|p2a: Volcacanion
|-singlemove|p2a: Volcacanion|Destiny Bond
|move|p1a: Iron Treads|Rapid Spin|p2a: Volcacanion
|-damage|p2a: Volcacanion|0 fnt
|-boost|p1a: Iron Treads|spe|1
|faint|p2a: Volcacanion
|-activate|p2a: Volcacanion|move: Destiny Bond
|-end|p2a: Volcacanion|Quark Drive|[silent]
|faint|p1a: Iron Treads
|-end|p1a: Iron Treads|Quark Drive|[silent]
|
|-fieldend|move: Psychic Terrain
|upkeep
|
|t:|1759067893
|switch|p2a: BuggyStyleMod|Iron Moth|100/100
|switch|p1a: Indeedee|Indeedee, M|100/100
|-fieldstart|move: Psychic Terrain|[from] ability: Psychic Surge|[of] p1a: Indeedee
|-enditem|p2a: BuggyStyleMod|Booster Energy
|-activate|p2a: BuggyStyleMod|ability: Quark Drive|[fromitem]
|-start|p2a: BuggyStyleMod|quarkdrivespe
|turn|9
|
|t:|1759067903
|move|p2a: BuggyStyleMod|Fiery Dance|p1a: Indeedee
|-damage|p1a: Indeedee|46/100
|-boost|p2a: BuggyStyleMod|spa|1
|move|p1a: Indeedee|Expanding Force|p2a: BuggyStyleMod
|-supereffective|p2a: BuggyStyleMod
|-damage|p2a: BuggyStyleMod|0 fnt
|faint|p2a: BuggyStyleMod
|-end|p2a: BuggyStyleMod|Quark Drive|[silent]
|
|upkeep
|
|t:|1759067912
|switch|p2a: La Vitesse|Raging Bolt|100/100
|-enditem|p2a: La Vitesse|Booster Energy
|-activate|p2a: La Vitesse|ability: Protosynthesis|[fromitem]
|-start|p2a: La Vitesse|protosynthesisspa
|turn|10
|inactive|chufaworld has 120 seconds left.
|
|t:|1759067922
|move|p1a: Indeedee|Expanding Force|p2a: La Vitesse
|-damage|p2a: La Vitesse|27/100
|move|p2a: La Vitesse|Dragon Pulse|p1a: Indeedee
|-damage|p1a: Indeedee|0 fnt
|faint|p1a: Indeedee
|
|upkeep
|inactive|chufaworld has 120 seconds left.
|
|t:|1759067932
|switch|p1a: Gliscor|Gliscor, M|13/100
|turn|11
|
|t:|1759067937
|move|p1a: Gliscor|Earthquake|p2a: La Vitesse
|-supereffective|p2a: La Vitesse
|-damage|p2a: La Vitesse|0 fnt
|faint|p2a: La Vitesse
|-end|p2a: La Vitesse|Protosynthesis|[silent]
|
|upkeep
|
|t:|1759067940
|switch|p2a: MF Bitchy|Kingambit, F|100/100
|-activate|p2a: MF Bitchy|ability: Supreme Overlord
|-start|p2a: MF Bitchy|fallen5|[silent]
|turn|12
|
|t:|1759067945
|-terastallize|p2a: MF Bitchy|Ghost
|move|p1a: Gliscor|Earthquake|p2a: MF Bitchy
|-damage|p2a: MF Bitchy|72/100
|move|p2a: MF Bitchy|Swords Dance|p2a: MF Bitchy
|-boost|p2a: MF Bitchy|atk|2
|
|upkeep
|turn|13
|
|t:|1759067954
|move|p1a: Gliscor|Earthquake|p2a: MF Bitchy
|-damage|p2a: MF Bitchy|43/100
|move|p2a: MF Bitchy|Kowtow Cleave|p1a: Gliscor
|-damage|p1a: Gliscor|0 fnt
|faint|p1a: Gliscor
|
|upkeep
|
|t:|1759067961
|switch|p1a: Gallade|Gallade, M|100/100
|turn|14
|
|t:|1759067966
|move|p1a: Gallade|Psycho Cut|p2a: MF Bitchy
|-damage|p2a: MF Bitchy|0 fnt
|faint|p2a: MF Bitchy
|-end|p2a: MF Bitchy|fallen5|[silent]
|
|win|chufaworld
|raw|chufaworld's rating: 1364 &rarr; <strong>1385</strong><br />(+21 for winning)
|raw|Standab's rating: 1376 &rarr; <strong>1355</strong><br />(-21 for losing)
|l|☆Standab
|player|p2|
