|j|☆Auburn Hills
|j|☆will-i-am2
|t:|1759022538
|gametype|singles
|player|p1|Auburn Hills|alder|1723
|player|p2|will-i-am2|266|1690
|gen|9
|tier|[Gen 9] OU
|rated|
|rule|HP Percentage Mod: HP is shown in percentages
|rule|Endless Battle Clause: Forcing endless battles is banned
|rule|Species Clause: Limit one of each Pokémon
|rule|OHKO Clause: OHKO moves are banned
|rule|Evasion Items Clause: Evasion items are banned
|rule|Evasion Moves Clause: Evasion moves are banned
|rule|Evasion Abilities Clause: Evasion abilities are banned
|rule|Sleep Moves Clause: Sleep-inducing moves are banned
|clearpoke
|poke|p1|Iron Moth|
|poke|p1|Umbreon, M|
|poke|p1|Garchomp, M|
|poke|p1|Glimmora, F|
|poke|p1|Gholdengo|
|poke|p1|Dragonite, M|
|poke|p2|Registeel|
|poke|p2|Mamoswine, F|
|poke|p2|Mimikyu, F|
|poke|p2|Hydreigon, M|
|poke|p2|Slowbro, F|
|poke|p2|Mandibuzz, F|
|teampreview
|inactive|Battle timer is ON: inactive players will automatically lose when time's up. (requested by will-i-am2)
|c|☆will-i-am2|gl hf
|
|t:|1759022560
|teamsize|p1|6
|teamsize|p2|6
|start
|switch|p1a: Smino|Gholdengo|100/100
|switch|p2a: Mamoswine|Mamoswine, F|100/100
|turn|1
|
|t:|1759022565
|switch|p2a: Registeel|Registeel|100/100
|move|p1a: Smino|Make It Rain|p2a: Registeel
|-resisted|p2a: Registeel
|-damage|p2a: Registeel|83/100
|-unboost|p1a: Smino|spa|1
|
|-heal|p2a: Registeel|89/100|[from] item: Leftovers
|upkeep
|turn|2
|
|t:|1759022570
|switch|p1a: Julia Jacklin|Glimmora, F|100/100
|switch|p2a: Mamoswine|Mamoswine, F|100/100
|
|upkeep
|turn|3
|
|t:|1759022574
|move|p1a: Julia Jacklin|Stealth Rock|p2a: Mamoswine
|-sidestart|p2: will-i-am2|move: Stealth Rock
|move|p2a: Mamoswine|Earthquake|p1a: Julia Jacklin
|-supereffective|p1a: Julia Jacklin
|-enditem|p1a: Julia Jacklin|Focus Sash
|-damage|p1a: Julia Jacklin|1/100
|-activate|p1a: Julia Jacklin|ability: Toxic Debris
|-sidestart|p2: will-i-am2|move: Toxic Spikes
|
|upkeep
|turn|4
|
|t:|1759022582
|move|p1a: Julia Jacklin|Earth Power|p2a: Mamoswine
|-damage|p2a: Mamoswine|58/100
|move|p2a: Mamoswine|Earthquake|p1a: Julia Jacklin
|-supereffective|p1a: Julia Jacklin
|-damage|p1a: Julia Jacklin|0 fnt
|-activate|p1a: Julia Jacklin|ability: Toxic Debris
|-sidestart|p2: will-i-am2|move: Toxic Spikes
|faint|p1a: Julia Jacklin
|
|upkeep
|
|t:|1759022586
|switch|p1a: Smino|Gholdengo|100/100
|turn|5
|
|t:|1759022592
|switch|p2a: Registeel|Registeel|89/100
|-damage|p2a: Registeel|83/100|[from] Stealth Rock
|move|p1a: Smino|Trick|p2a: Registeel
|-activate|p1a: Smino|move: Trick|[of] p2a: Registeel
|-item|p2a: Registeel|Choice Scarf|[from] move: Trick
|-item|p1a: Smino|Leftovers|[from] move: Trick
|
|upkeep
|turn|6
|
|t:|1759022599
|move|p1a: Smino|Shadow Ball|p2a: Registeel
|-damage|p2a: Registeel|61/100
|move|p2a: Registeel|Stealth Rock|p1a: Smino
|-sidestart|p1: Auburn Hills|move: Stealth Rock
|
|upkeep
|turn|7
|
|t:|1759022604
|move|p1a: Smino|Make It Rain|p2a: Registeel
|-resisted|p2a: Registeel
|-damage|p2a: Registeel|45/100
|-unboost|p1a: Smino|spa|1
|move|p2a: Registeel|Stealth Rock||[still]
|-fail|p2a: Registeel
|
|upkeep
|turn|8
|
|t:|1759022607
|switch|p2a: Hydreigon|Hydreigon, M|100/100
|-damage|p2a: Hydreigon|88/100|[from] Stealth Rock
|move|p1a: Smino|Shadow Ball|p2a: Hydreigon
|-resisted|p2a: Hydreigon
|-damage|p2a: Hydreigon|72/100
|
|upkeep
|turn|9
|
|t:|1759022615
|switch|p2a: Mandibuzz|Mandibuzz, F|100/100
|-damage|p2a: Mandibuzz|76/100|[from] Stealth Rock
|switch|p1a: Alvvays|Umbreon, M|100/100
|-damage|p1a: Alvvays|88/100|[from] Stealth Rock
|
|-heal|p1a: Alvvays|94/100|[from] item: Leftovers
|upkeep
|turn|10
|
|t:|1759022624
|switch|p1a: Smino|Gholdengo|100/100
|-damage|p1a: Smino|94/100|[from] Stealth Rock
|move|p2a: Mandibuzz|Foul Play|p1a: Smino
|-supereffective|p1a: Smino
|-damage|p1a: Smino|63/100
|
|-heal|p1a: Smino|69/100|[from] item: Leftovers
|upkeep
|turn|11
|
|t:|1759022630
|move|p1a: Smino|Shadow Ball|p2a: Mandibuzz
|-resisted|p2a: Mandibuzz
|-damage|p2a: Mandibuzz|58/100
|move|p2a: Mandibuzz|Roost|p2a: Mandibuzz
|-heal|p2a: Mandibuzz|100/100
|-singleturn|p2a: Mandibuzz|move: Roost
|
|-heal|p1a: Smino|75/100|[from] item: Leftovers
|upkeep
|turn|12
|
|t:|1759022635
|move|p1a: Smino|Shadow Ball|p2a: Mandibuzz
|-resisted|p2a: Mandibuzz
|-damage|p2a: Mandibuzz|82/100
|move|p2a: Mandibuzz|Foul Play|p1a: Smino
|-supereffective|p1a: Smino
|-damage|p1a: Smino|44/100
|
|-heal|p1a: Smino|50/100|[from] item: Leftovers
|upkeep
|turn|13
|
|t:|1759022640
|move|p1a: Smino|Shadow Ball|p2a: Mandibuzz
|-resisted|p2a: Mandibuzz
|-damage|p2a: Mandibuzz|65/100
|move|p2a: Mandibuzz|Foul Play|p1a: Smino
|-supereffective|p1a: Smino
|-damage|p1a: Smino|17/100
|
|-heal|p1a: Smino|23/100|[from] item: Leftovers
|upkeep
|turn|14
|
|t:|1759022645
|move|p1a: Smino|Make It Rain|p2a: Mandibuzz
|-damage|p2a: Mandibuzz|7/100
|-unboost|p1a: Smino|spa|1
|move|p2a: Mandibuzz|Roost|p2a: Mandibuzz
|-heal|p2a: Mandibuzz|57/100
|-singleturn|p2a: Mandibuzz|move: Roost
|
|-heal|p1a: Smino|29/100|[from] item: Leftovers
|upkeep
|turn|15
|
|t:|1759022660
|move|p1a: Smino|Make It Rain|p2a: Mandibuzz
|-damage|p2a: Mandibuzz|22/100
|-unboost|p1a: Smino|spa|1
|move|p2a: Mandibuzz|Defog|p1a: Smino
|-immune|p1a: Smino|[from] ability: Good as Gold
|
|-heal|p1a: Smino|35/100|[from] item: Leftovers
|upkeep
|turn|16
|
|t:|1759022665
|move|p1a: Smino|Make It Rain|p2a: Mandibuzz
|-damage|p2a: Mandibuzz|0 fnt
|-unboost|p1a: Smino|spa|1
|faint|p2a: Mandibuzz
|
|-heal|p1a: Smino|41/100|[from] item: Leftovers
|upkeep
|
|t:|1759022675
|switch|p2a: Hydreigon|Hydreigon, M|72/100
|-damage|p2a: Hydreigon|60/100|[from] Stealth Rock
|turn|17
|
|t:|1759022679
|switch|p1a: Alvvays|Umbreon, M|94/100
|-damage|p1a: Alvvays|82/100|[from] Stealth Rock
|move|p2a: Hydreigon|Nasty Plot|p2a: Hydreigon
|-boost|p2a: Hydreigon|spa|2
|
|-heal|p1a: Alvvays|88/100|[from] item: Leftovers
|upkeep
|turn|18
|
|t:|1759022683
|move|p2a: Hydreigon|Draco Meteor|p1a: Alvvays
|-damage|p1a: Alvvays|14/100
|-unboost|p2a: Hydreigon|spa|2
|move|p1a: Alvvays|Thunder Wave|p2a: Hydreigon
|-status|p2a: Hydreigon|par
|
|-heal|p1a: Alvvays|20/100|[from] item: Leftovers
|upkeep
|turn|19
|
|t:|1759022688
|move|p1a: Alvvays|Wish|p1a: Alvvays
|cant|p2a: Hydreigon|par
|
|-heal|p1a: Alvvays|26/100|[from] item: Leftovers
|upkeep
|turn|20
|
|t:|1759022694
|switch|p2a: Mimikyu|Mimikyu, F|100/100
|-damage|p2a: Mimikyu|88/100|[from] Stealth Rock
|-status|p2a: Mimikyu|tox
|move|p1a: Alvvays|Foul Play|p2a: Mimikyu
|-activate|p2a: Mimikyu|ability: Disguise
|-damage|p2a: Mimikyu|88/100 tox
|detailschange|p2a: Mimikyu|Mimikyu-Busted, F
|-damage|p2a: Mimikyu|76/100 tox|[from] pokemon: Mimikyu-Busted
|
|-heal|p1a: Alvvays|76/100|[from] move: Wish|[wisher] Alvvays
|-heal|p1a: Alvvays|82/100|[from] item: Leftovers
|-damage|p2a: Mimikyu|70/100 tox|[from] psn
|upkeep
|turn|21
|
|t:|1759022703
|move|p2a: Mimikyu|Play Rough|p1a: Alvvays
|-supereffective|p1a: Alvvays
|-damage|p1a: Alvvays|0 fnt
|faint|p1a: Alvvays
|-damage|p2a: Mimikyu|60/100 tox|[from] item: Life Orb
|
|-damage|p2a: Mimikyu|48/100 tox|[from] psn
|upkeep
|
|t:|1759022709
|switch|p1a: Rat Tally|Garchomp, M|100/100
|-damage|p1a: Rat Tally|94/100|[from] Stealth Rock
|turn|22
|
|t:|1759022719
|switch|p2a: Registeel|Registeel|45/100
|-damage|p2a: Registeel|39/100|[from] Stealth Rock
|move|p1a: Rat Tally|Earthquake|p2a: Registeel
|-supereffective|p2a: Registeel
|-damage|p2a: Registeel|0 fnt
|faint|p2a: Registeel
|
|upkeep
|
|t:|1759022732
|switch|p2a: Mamoswine|Mamoswine, F|58/100
|-damage|p2a: Mamoswine|45/100|[from] Stealth Rock
|-status|p2a: Mamoswine|tox
|turn|23
|
|t:|1759022741
|-terastallize|p1a: Rat Tally|Electric
|move|p2a: Mamoswine|Ice Shard|p1a: Rat Tally
|-damage|p1a: Rat Tally|61/100
|move|p1a: Rat Tally|Scale Shot|p2a: Mamoswine
|-damage|p2a: Mamoswine|30/100 tox
|-damage|p2a: Mamoswine|14/100 tox
|-damage|p2a: Mamoswine|0 fnt
|faint|p2a: Mamoswine
|-hitcount|p2: Mamoswine|3
|-unboost|p1a: Rat Tally|def|1
|-boost|p1a: Rat Tally|spe|1
|
|upkeep
|
|t:|1759022750
|switch|p2a: Slowbro|Slowbro, F|100/100
|-damage|p2a: Slowbro|88/100|[from] Stealth Rock
|-status|p2a: Slowbro|tox
|turn|24
|
|t:|1759022755
|move|p1a: Rat Tally|Tera Blast|p2a: Slowbro|[anim] Tera Blast Electric
|-supereffective|p2a: Slowbro
|-damage|p2a: Slowbro|27/100 tox
|move|p2a: Slowbro|Psychic|p1a: Rat Tally
|-damage|p1a: Rat Tally|16/100
|
|-heal|p2a: Slowbro|33/100 tox|[from] item: Leftovers
|-damage|p2a: Slowbro|27/100 tox|[from] psn
|upkeep
|turn|25
|
|t:|1759022762
|switch|p2a: Hydreigon|Hydreigon, M|60/100 par
|-damage|p2a: Hydreigon|48/100 par|[from] Stealth Rock
|move|p1a: Rat Tally|Tera Blast|p2a: Hydreigon|[anim] Tera Blast Electric
|-resisted|p2a: Hydreigon
|-damage|p2a: Hydreigon|24/100 par
|
|upkeep
|turn|26
|
|t:|1759022765
|move|p1a: Rat Tally|Tera Blast|p2a: Hydreigon|[anim] Tera Blast Electric
|-resisted|p2a: Hydreigon
|-damage|p2a: Hydreigon|0 fnt
|faint|p2a: Hydreigon
|
|upkeep
|
|t:|1759022768
|switch|p2a: Slowbro|Slowbro, F|60/100 tox
|-damage|p2a: Slowbro|48/100 tox|[from] Stealth Rock
|turn|27
|
|t:|1759022773
|-terastallize|p2a: Slowbro|Ground
|move|p1a: Rat Tally|Tera Blast|p2a: Slowbro|[anim] Tera Blast Electric
|-immune|p2a: Slowbro
|move|p2a: Slowbro|Trick Room|p2a: Slowbro
|-fieldstart|move: Trick Room|[of] p2a: Slowbro
|
|-heal|p2a: Slowbro|54/100 tox|[from] item: Leftovers
|-damage|p2a: Slowbro|48/100 tox|[from] psn
|upkeep
|turn|28
|
|t:|1759022778
|move|p2a: Slowbro|Scald|p1a: Rat Tally
|-crit|p1a: Rat Tally
|-damage|p1a: Rat Tally|0 fnt
|faint|p1a: Rat Tally
|
|-heal|p2a: Slowbro|54/100 tox|[from] item: Leftovers
|-damage|p2a: Slowbro|41/100 tox|[from] psn
|upkeep
|
|t:|1759022781
|switch|p1a: Elucid|Dragonite, M|100/100
|turn|29
|
|t:|1759022789
|switch|p2a: Mimikyu|Mimikyu-Busted, F|48/100 tox
|-damage|p2a: Mimikyu|36/100 tox|[from] Stealth Rock
|move|p1a: Elucid|Ice Spinner|p2a: Mimikyu
|-damage|p2a: Mimikyu|0 fnt
|faint|p2a: Mimikyu
|
|upkeep
|
|t:|1759022792
|switch|p2a: Slowbro|Slowbro, F, tera:Ground|75/100 tox
|-damage|p2a: Slowbro|68/100 tox|[from] Stealth Rock
|turn|30
|
|t:|1759022794
|move|p2a: Slowbro|Scald|p1a: Elucid
|-resisted|p1a: Elucid
|-damage|p1a: Elucid|91/100
|-status|p1a: Elucid|brn
|move|p1a: Elucid|Ice Spinner|p2a: Slowbro
|-supereffective|p2a: Slowbro
|-damage|p2a: Slowbro|43/100 tox
|
|-heal|p2a: Slowbro|49/100 tox|[from] item: Leftovers
|-damage|p2a: Slowbro|43/100 tox|[from] psn
|-damage|p1a: Elucid|84/100 brn|[from] brn
|upkeep
|turn|31
|
|t:|1759022799
|move|p2a: Slowbro|Psychic|p1a: Elucid
|-damage|p1a: Elucid|42/100 brn
|move|p1a: Elucid|Ice Spinner|p2a: Slowbro
|-supereffective|p2a: Slowbro
|-damage|p2a: Slowbro|20/100 tox
|
|-heal|p2a: Slowbro|27/100 tox|[from] item: Leftovers
|-damage|p2a: Slowbro|14/100 tox|[from] psn
|-damage|p1a: Elucid|36/100 brn|[from] brn
|-fieldend|move: Trick Room
|upkeep
|turn|32
|
|t:|1759022803
|move|p1a: Elucid|Ice Spinner|p2a: Slowbro
|-supereffective|p2a: Slowbro
|-damage|p2a: Slowbro|0 fnt
|faint|p2a: Slowbro
|
|win|Auburn Hills
|raw|Auburn Hills's rating: 1723 &rarr; <strong>1741</strong><br />(+18 for winning)
|raw|will-i-am2's rating: 1690 &rarr; <strong>1672</strong><br />(-18 for losing)
|l|☆will-i-am2
|player|p2|
|l|☆Auburn Hills
|player|p1|
