|j|☆Mky27
|j|☆wittyphoshop
|t:|1758985096
|gametype|singles
|player|p1|Mky27|ltsurge|1471
|player|p2|wittyphoshop|cyclist-gen4|1452
|gen|9
|tier|[Gen 9] OU
|rated|
|rule|HP Percentage Mod: HP is shown in percentages
|rule|Endless Battle Clause: Forcing endless battles is banned
|rule|Species Clause: Limit one of each Pokémon
|rule|OHKO Clause: OHKO moves are banned
|rule|Evasion Items Clause: Evasion items are banned
|rule|Evasion Moves Clause: Evasion moves are banned
|rule|Evasion Abilities Clause: Evasion abilities are banned
|rule|Sleep Moves Clause: Sleep-inducing moves are banned
|clearpoke
|poke|p1|Walking Wake|
|poke|p1|Great Tusk|
|poke|p1|Torkoal, F|
|poke|p1|Indeedee, M|
|poke|p1|Exeggutor, M|
|poke|p1|Kingambit, M|
|poke|p2|Dragapult, M|
|poke|p2|Dragonite, F|
|poke|p2|Ting-Lu|
|poke|p2|Weezing-Galar, M|
|poke|p2|Iron Crown|
|poke|p2|Zapdos|
|teampreview
|inactive|Battle timer is ON: inactive players will automatically lose when time's up. (requested by Mky27)
|
|t:|1758985102
|teamsize|p1|6
|teamsize|p2|6
|start
|switch|p1a: Indimacho|Indeedee, M|100/100
|switch|p2a: Phillip Morris|Weezing-Galar, M|100/100
|-ability|p2a: Phillip Morris|Neutralizing Gas
|turn|1
|
|t:|1758985113
|move|p1a: Indimacho|Expanding Force|p2a: Phillip Morris
|-supereffective|p2a: Phillip Morris
|-damage|p2a: Phillip Morris|0 fnt
|faint|p2a: Phillip Morris
|-end|p2a: Phillip Morris|ability: Neutralizing Gas
|-fieldstart|move: Psychic Terrain|[from] ability: Psychic Surge|[of] p1a: Indimacho
|
|upkeep
|
|t:|1758985130
|switch|p2a: Omar|Iron Crown|100/100
|turn|2
|
|t:|1758985136
|switch|p1a: Kingsharp|Kingambit, M|100/100
|move|p2a: Omar|Focus Blast|p1a: Kingsharp
|-supereffective|p1a: Kingsharp
|-damage|p1a: Kingsharp|0 fnt
|faint|p1a: Kingsharp
|
|upkeep
|
|t:|1758985145
|switch|p1a: Exxegcutor|Exeggutor, M, shiny|100/100
|turn|3
|
|t:|1758985158
|-end|p2a: Omar|Quark Drive|[silent]
|switch|p2a: Kakaw!|Zapdos, shiny|100/100
|move|p1a: Exxegcutor|Energy Ball|p2a: Kakaw!
|-resisted|p2a: Kakaw!
|-damage|p2a: Kakaw!|71/100
|
|upkeep
|turn|4
|
|t:|1758985165
|move|p2a: Kakaw!|Hurricane|p1a: Exxegcutor|[miss]
|-miss|p2a: Kakaw!|p1a: Exxegcutor
|move|p1a: Exxegcutor|Expanding Force|p2a: Kakaw!
|-damage|p2a: Kakaw!|0 fnt
|faint|p2a: Kakaw!
|
|upkeep
|
|t:|1758985169
|switch|p2a: Guacamole|Ting-Lu|100/100
|-ability|p2a: Guacamole|Vessel of Ruin
|turn|5
|
|t:|1758985178
|move|p1a: Exxegcutor|Energy Ball|p2a: Guacamole
|-supereffective|p2a: Guacamole
|-damage|p2a: Guacamole|55/100
|move|p2a: Guacamole|Ruination|p1a: Exxegcutor
|-damage|p1a: Exxegcutor|51/100
|
|-heal|p2a: Guacamole|61/100|[from] item: Leftovers
|-fieldend|move: Psychic Terrain
|upkeep
|turn|6
|
|t:|1758985188
|switch|p2a: Omar|Iron Crown|100/100
|move|p1a: Exxegcutor|Energy Ball|p2a: Omar
|-resisted|p2a: Omar
|-damage|p2a: Omar|78/100
|
|upkeep
|turn|7
|
|t:|1758985199
|move|p1a: Exxegcutor|Endure|p1a: Exxegcutor
|-singleturn|p1a: Exxegcutor|move: Endure
|move|p2a: Omar|Psyshock|p1a: Exxegcutor
|-resisted|p1a: Exxegcutor
|-crit|p1a: Exxegcutor
|-activate|p1a: Exxegcutor|move: Endure
|-damage|p1a: Exxegcutor|1/100
|
|upkeep
|turn|8
|-enditem|p1a: Exxegcutor|Custap Berry|[eat]
|-activate|p1a: Exxegcutor|item: Custap Berry|[consumed]
|
|t:|1758985216
|-terastallize|p1a: Exxegcutor|Fire
|move|p1a: Exxegcutor|Tera Blast|p2a: Omar|[anim] Tera Blast Fire
|-supereffective|p2a: Omar
|-damage|p2a: Omar|0 fnt
|faint|p2a: Omar
|-end|p2a: Omar|Quark Drive|[silent]
|
|upkeep
|
|t:|1758985229
|switch|p2a: Air Force Juan|Dragapult, M, shiny|100/100
|turn|9
|
|t:|1758985237
|move|p1a: Exxegcutor|Endure|p1a: Exxegcutor
|-singleturn|p1a: Exxegcutor|move: Endure
|move|p2a: Air Force Juan|U-turn|p1a: Exxegcutor
|-resisted|p1a: Exxegcutor
|-activate|p1a: Exxegcutor|move: Endure
|-damage|p1a: Exxegcutor|1/100
|
|t:|1758985242
|switch|p2a: Marge|Dragonite, F|100/100|[from] U-turn
|
|-item|p1a: Exxegcutor|Custap Berry|[from] ability: Harvest
|upkeep
|turn|10
|
|t:|1758985252
|switch|p1a: Indimacho|Indeedee, M|100/100
|-fieldstart|move: Psychic Terrain|[from] ability: Psychic Surge|[of] p1a: Indimacho
|move|p2a: Marge|Extreme Speed|p1a: Indimacho
|-activate|p1a: Indimacho|move: Psychic Terrain
|
|upkeep
|turn|11
|
|t:|1758985260
|switch|p2a: Guacamole|Ting-Lu|61/100
|-ability|p2a: Guacamole|Vessel of Ruin
|move|p1a: Indimacho|Expanding Force|p2a: Guacamole
|-immune|p2a: Guacamole
|
|-heal|p2a: Guacamole|67/100|[from] item: Leftovers
|upkeep
|turn|12
|
|t:|1758985278
|switch|p1a: PaleoRaptor|Walking Wake|100/100
|move|p2a: Guacamole|Earth Power|p1a: PaleoRaptor
|-damage|p1a: PaleoRaptor|79/100
|
|-heal|p2a: Guacamole|74/100|[from] item: Leftovers
|upkeep
|turn|13
|
|t:|1758985288
|-terastallize|p2a: Guacamole|Water
|move|p1a: PaleoRaptor|Hydro Steam|p2a: Guacamole
|-resisted|p2a: Guacamole
|-damage|p2a: Guacamole|64/100
|move|p2a: Guacamole|Stealth Rock|p1a: PaleoRaptor
|-sidestart|p1: Mky27|move: Stealth Rock
|
|-heal|p2a: Guacamole|70/100|[from] item: Leftovers
|upkeep
|turn|14
|
|t:|1758985299
|move|p1a: PaleoRaptor|Draco Meteor|p2a: Guacamole
|-damage|p2a: Guacamole|45/100
|-unboost|p1a: PaleoRaptor|spa|2
|move|p2a: Guacamole|Whirlwind|p1a: PaleoRaptor
|-end|p1a: PaleoRaptor|Protosynthesis|[silent]
|drag|p1a: Trollkoal|Torkoal, F, shiny|100/100
|-damage|p1a: Trollkoal|76/100|[from] Stealth Rock
|-weather|SunnyDay|[from] ability: Drought|[of] p1a: Trollkoal
|
|-weather|SunnyDay|[upkeep]
|-heal|p2a: Guacamole|51/100|[from] item: Leftovers
|-fieldend|move: Psychic Terrain
|upkeep
|turn|15
|
|t:|1758985317
|move|p2a: Guacamole|Earth Power|p1a: Trollkoal
|-supereffective|p1a: Trollkoal
|-damage|p1a: Trollkoal|30/100
|move|p1a: Trollkoal|Rapid Spin|p2a: Guacamole
|-damage|p2a: Guacamole|45/100
|-boost|p1a: Trollkoal|spe|1
|-sideend|p1: Mky27|Stealth Rock|[from] move: Rapid Spin|[of] p1a: Trollkoal
|
|-weather|SunnyDay|[upkeep]
|-heal|p2a: Guacamole|51/100|[from] item: Leftovers
|upkeep
|turn|16
|
|t:|1758985332
|switch|p1a: Indimacho|Indeedee, M|100/100
|-fieldstart|move: Psychic Terrain|[from] ability: Psychic Surge|[of] p1a: Indimacho
|move|p2a: Guacamole|Stealth Rock|p1a: Indimacho
|-sidestart|p1: Mky27|move: Stealth Rock
|
|-weather|SunnyDay|[upkeep]
|-heal|p2a: Guacamole|58/100|[from] item: Leftovers
|upkeep
|turn|17
|
|t:|1758985342
|move|p1a: Indimacho|Expanding Force|p2a: Guacamole
|-damage|p2a: Guacamole|26/100
|move|p2a: Guacamole|Whirlwind|p1a: Indimacho
|drag|p1a: PaleoRaptor|Walking Wake|79/100
|-damage|p1a: PaleoRaptor|66/100|[from] Stealth Rock
|-activate|p1a: PaleoRaptor|ability: Protosynthesis
|-start|p1a: PaleoRaptor|protosynthesisspe
|
|-weather|SunnyDay|[upkeep]
|-heal|p2a: Guacamole|32/100|[from] item: Leftovers
|upkeep
|turn|18
|
|t:|1758985365
|move|p1a: PaleoRaptor|Draco Meteor|p2a: Guacamole|[miss]
|-miss|p1a: PaleoRaptor|p2a: Guacamole
|move|p2a: Guacamole|Whirlwind|p1a: PaleoRaptor
|-end|p1a: PaleoRaptor|Protosynthesis|[silent]
|drag|p1a: Trollkoal|Torkoal, F, shiny|30/100
|-damage|p1a: Trollkoal|5/100|[from] Stealth Rock
|
|-weather|SunnyDay|[upkeep]
|-heal|p2a: Guacamole|39/100|[from] item: Leftovers
|upkeep
|turn|19
|inactive|Mky27 has 120 seconds left.
|
|t:|1758985386
|switch|p1a: Paleomut|Great Tusk, shiny|100/100
|-damage|p1a: Paleomut|97/100|[from] Stealth Rock
|-activate|p1a: Paleomut|ability: Protosynthesis
|-start|p1a: Paleomut|protosynthesisspe
|move|p2a: Guacamole|Earth Power|p1a: Paleomut
|-damage|p1a: Paleomut|73/100
|
|-weather|SunnyDay|[upkeep]
|-heal|p1a: Paleomut|79/100|[from] item: Leftovers
|-heal|p2a: Guacamole|45/100|[from] item: Leftovers
|upkeep
|turn|20
|inactive|Mky27 has 120 seconds left.
|
|t:|1758985398
|switch|p2a: Air Force Juan|Dragapult, M, shiny|100/100
|move|p1a: Paleomut|Rapid Spin|p2a: Air Force Juan
|-immune|p2a: Air Force Juan
|
|-weather|SunnyDay|[upkeep]
|-heal|p1a: Paleomut|86/100|[from] item: Leftovers
|-fieldend|move: Psychic Terrain
|upkeep
|turn|21
|inactive|Mky27 has 120 seconds left.
|
|t:|1758985409
|move|p1a: Paleomut|Ice Spinner|p2a: Air Force Juan
|-supereffective|p2a: Air Force Juan
|-damage|p2a: Air Force Juan|42/100
|move|p2a: Air Force Juan|Dragon Darts|p1a: Paleomut
|-crit|p1a: Paleomut
|-damage|p1a: Paleomut|65/100
|-anim|p2a: Air Force Juan|Dragon Darts|p1a: Paleomut
|-damage|p1a: Paleomut|50/100
|
|-weather|none
|-end|p1a: Paleomut|Protosynthesis
|-heal|p1a: Paleomut|57/100|[from] item: Leftovers
|upkeep
|turn|22
|inactive|Mky27 has 120 seconds left.
|
|t:|1758985428
|move|p2a: Air Force Juan|Will-O-Wisp|p1a: Paleomut|[miss]
|-miss|p2a: Air Force Juan|p1a: Paleomut
|move|p1a: Paleomut|Ice Spinner|p2a: Air Force Juan
|-supereffective|p2a: Air Force Juan
|-damage|p2a: Air Force Juan|0 fnt
|-start|p1a: Paleomut|Disable|Ice Spinner|[from] ability: Cursed Body|[of] p2a: Air Force Juan
|faint|p2a: Air Force Juan
|
|-heal|p1a: Paleomut|63/100|[from] item: Leftovers
|upkeep
|-message|wittyphoshop forfeited.
|
|win|Mky27
|raw|Mky27's rating: 1471 &rarr; <strong>1490</strong><br />(+19 for winning)
|raw|wittyphoshop's rating: 1452 &rarr; <strong>1433</strong><br />(-19 for losing)
|l|☆wittyphoshop
|player|p2|
|l|☆Mky27
|player|p1|
