|j|☆Auburn Hills
|j|☆Segahay
|t:|1759067090
|gametype|singles
|player|p1|Auburn Hills|alder|1773
|player|p2|Segahay|1|1730
|gen|9
|tier|[Gen 9] OU
|rated|
|rule|HP Percentage Mod: HP is shown in percentages
|rule|Endless Battle Clause: Forcing endless battles is banned
|rule|Species Clause: Limit one of each Pokémon
|rule|OHKO Clause: OHKO moves are banned
|rule|Evasion Items Clause: Evasion items are banned
|rule|Evasion Moves Clause: Evasion moves are banned
|rule|Evasion Abilities Clause: Evasion abilities are banned
|rule|Sleep Moves Clause: Sleep-inducing moves are banned
|clearpoke
|poke|p1|Iron Moth|
|poke|p1|Umbreon, F|
|poke|p1|Garchomp, M|
|poke|p1|Glimmora, M|
|poke|p1|Gholdengo|
|poke|p1|Dragonite, M|
|poke|p2|Rillaboom, F|
|poke|p2|Hawlucha, F|
|poke|p2|Feraligatr, M|
|poke|p2|Slowbro-Galar, M|
|poke|p2|Glimmora, F|
|poke|p2|Mew|
|teampreview
|inactive|Battle timer is ON: inactive players will automatically lose when time's up. (requested by Segahay)
|
|t:|1759067096
|teamsize|p1|6
|teamsize|p2|6
|start
|switch|p1a: Julia Jacklin|Glimmora, M|100/100
|switch|p2a: Feraligatr|Feraligatr, M|100/100
|turn|1
|
|t:|1759067100
|move|p1a: Julia Jacklin|Stealth Rock|p2a: Feraligatr
|-sidestart|p2: Segahay|move: Stealth Rock
|move|p2a: Feraligatr|Liquidation|p1a: Julia Jacklin
|-supereffective|p1a: Julia Jacklin
|-enditem|p1a: Julia Jacklin|Focus Sash
|-damage|p1a: Julia Jacklin|1/100
|-activate|p1a: Julia Jacklin|ability: Toxic Debris
|-sidestart|p2: Segahay|move: Toxic Spikes
|
|upkeep
|turn|2
|
|t:|1759067104
|move|p2a: Feraligatr|Aqua Jet|p1a: Julia Jacklin
|-supereffective|p1a: Julia Jacklin
|-damage|p1a: Julia Jacklin|0 fnt
|-activate|p1a: Julia Jacklin|ability: Toxic Debris
|-sidestart|p2: Segahay|move: Toxic Spikes
|faint|p1a: Julia Jacklin
|-damage|p2a: Feraligatr|91/100|[from] item: Life Orb
|
|upkeep
|
|t:|1759067106
|switch|p1a: Rat Tally|Garchomp, M|100/100
|turn|3
|
|t:|1759067109
|-terastallize|p1a: Rat Tally|Electric
|move|p1a: Rat Tally|Tera Blast|p2a: Feraligatr|[anim] Tera Blast Electric
|-supereffective|p2a: Feraligatr
|-damage|p2a: Feraligatr|3/100
|move|p2a: Feraligatr|Ice Punch|p1a: Rat Tally
|-damage|p1a: Rat Tally|59/100
|-damage|p2a: Feraligatr|0 fnt|[from] ability: Rough Skin|[of] p1a: Rat Tally
|faint|p2a: Feraligatr
|
|upkeep
|
|t:|1759067113
|switch|p2a: Slowbro|Slowbro-Galar, M, shiny|100/100
|-damage|p2a: Slowbro|88/100|[from] Stealth Rock
|-sideend|p2: Segahay|move: Toxic Spikes|[of] p2a: Slowbro
|turn|4
|-activate|p2a: Slowbro|ability: Quick Draw
|
|t:|1759067116
|move|p2a: Slowbro|Shell Side Arm|p1a: Rat Tally|[anim] Shell Side Arm Special
|-damage|p1a: Rat Tally|8/100
|-hint|Special Shell Side Arm
|-status|p1a: Rat Tally|psn
|move|p1a: Rat Tally|Earthquake|p2a: Slowbro
|-supereffective|p2a: Slowbro
|-damage|p2a: Slowbro|0 fnt
|faint|p2a: Slowbro
|
|-damage|p1a: Rat Tally|0 fnt|[from] psn
|faint|p1a: Rat Tally
|upkeep
|
|t:|1759067125
|switch|p1a: Smino|Gholdengo|100/100
|switch|p2a: Glimmora|Glimmora, F|100/100
|-damage|p2a: Glimmora|88/100|[from] Stealth Rock
|turn|5
|
|t:|1759067127
|move|p1a: Smino|Make It Rain|p2a: Glimmora
|-supereffective|p2a: Glimmora
|-damage|p2a: Glimmora|0 fnt
|-unboost|p1a: Smino|spa|1
|faint|p2a: Glimmora
|
|upkeep
|
|t:|1759067130
|switch|p2a: Mew|Mew|100/100
|-damage|p2a: Mew|88/100|[from] Stealth Rock
|turn|6
|
|t:|1759067133
|switch|p1a: Alvvays|Umbreon, F|100/100
|move|p2a: Mew|Agility|p2a: Mew
|-boost|p2a: Mew|spe|2
|
|upkeep
|turn|7
|
|t:|1759067137
|move|p2a: Mew|Agility|p2a: Mew
|-boost|p2a: Mew|spe|2
|move|p1a: Alvvays|Thunder Wave|p2a: Mew
|-status|p2a: Mew|par
|-activate|p2a: Mew|ability: Synchronize
|-status|p1a: Alvvays|par
|
|upkeep
|turn|8
|
|t:|1759067139
|move|p2a: Mew|Agility|p2a: Mew
|-boost|p2a: Mew|spe|2
|cant|p1a: Alvvays|par
|
|upkeep
|turn|9
|
|t:|1759067143
|move|p2a: Mew|Draining Kiss|p1a: Alvvays
|-supereffective|p1a: Alvvays
|-damage|p1a: Alvvays|85/100 par
|-heal|p2a: Mew|100/100 par|[from] drain|[of] p1a: Alvvays
|move|p1a: Alvvays|Foul Play|p2a: Mew
|-supereffective|p2a: Mew
|-damage|p2a: Mew|61/100 par
|-enditem|p2a: Mew|Weakness Policy
|-boost|p2a: Mew|atk|2|[from] item: Weakness Policy
|-boost|p2a: Mew|spa|2|[from] item: Weakness Policy
|
|-heal|p1a: Alvvays|91/100 par|[from] item: Leftovers
|upkeep
|turn|10
|j| Nikator98
|
|t:|1759067147
|-terastallize|p2a: Mew|Fairy
|cant|p2a: Mew|par
|cant|p1a: Alvvays|par
|
|-heal|p1a: Alvvays|97/100 par|[from] item: Leftovers
|upkeep
|turn|11
|
|t:|1759067150
|move|p2a: Mew|Draining Kiss|p1a: Alvvays
|-supereffective|p1a: Alvvays
|-damage|p1a: Alvvays|34/100 par
|-heal|p2a: Mew|100/100 par|[from] drain|[of] p1a: Alvvays
|move|p1a: Alvvays|Foul Play|p2a: Mew
|-resisted|p2a: Mew
|-damage|p2a: Mew|79/100 par
|
|-heal|p1a: Alvvays|40/100 par|[from] item: Leftovers
|upkeep
|turn|12
|l| Nikator98
|
|t:|1759067156
|cant|p2a: Mew|par
|move|p1a: Alvvays|Foul Play|p2a: Mew
|-resisted|p2a: Mew
|-damage|p2a: Mew|60/100 par
|
|-heal|p1a: Alvvays|47/100 par|[from] item: Leftovers
|upkeep
|turn|13
|
|t:|1759067161
|move|p2a: Mew|Draining Kiss|p1a: Alvvays
|-supereffective|p1a: Alvvays
|-damage|p1a: Alvvays|0 fnt
|-heal|p2a: Mew|99/100 par|[from] drain|[of] p1a: Alvvays
|faint|p1a: Alvvays
|
|upkeep
|
|t:|1759067166
|switch|p1a: Smino|Gholdengo|100/100
|turn|14
|
|t:|1759067167
|move|p2a: Mew|Stored Power|p1a: Smino
|-resisted|p1a: Smino
|-damage|p1a: Smino|0 fnt
|faint|p1a: Smino
|
|upkeep
|-message|Auburn Hills forfeited.
|
|win|Segahay
|raw|Auburn Hills's rating: 1773 &rarr; <strong>1751</strong><br />(-22 for losing)
|raw|Segahay's rating: 1730 &rarr; <strong>1752</strong><br />(+22 for winning)
|l|☆Auburn Hills
|player|p1|
|l|☆Segahay
|player|p2|
