|j|☆panzershock
|j|☆kuraiyagare
|t:|1758991477
|gametype|singles
|player|p1|panzershock|170|1300
|player|p2|kuraiyagare|mars|1290
|gen|9
|tier|[Gen 9] OU
|rated|
|rule|HP Percentage Mod: HP is shown in percentages
|rule|Endless Battle Clause: Forcing endless battles is banned
|rule|Species Clause: Limit one of each Pokémon
|rule|OHKO Clause: OHKO moves are banned
|rule|Evasion Items Clause: Evasion items are banned
|rule|Evasion Moves Clause: Evasion moves are banned
|rule|Evasion Abilities Clause: Evasion abilities are banned
|rule|Sleep Moves Clause: Sleep-inducing moves are banned
|clearpoke
|poke|p1|Tornadus-Therian, M|
|poke|p1|Decidueye, M|
|poke|p1|Oinkologne-F, F|
|poke|p1|Dusclops, M|
|poke|p1|Jirachi|
|poke|p1|Toxtricity-Low-Key, F|
|poke|p2|Talonflame, F|
|poke|p2|Drifblim, F|
|poke|p2|Bastiodon, F|
|poke|p2|Lokix, F|
|poke|p2|Gardevoir, M|
|poke|p2|Sudowoodo, F|
|teampreview
|
|t:|1758991497
|teamsize|p1|6
|teamsize|p2|6
|start
|switch|p1a: Tornadus|Tornadus-Therian, M|100/100
|switch|p2a: Sudowoodo|Sudowoodo, F|100/100
|turn|1
|inactive|Battle timer is ON: inactive players will automatically lose when time's up. (requested by kuraiyagare)
|
|t:|1758991505
|move|p1a: Tornadus|U-turn|p2a: Sudowoodo
|-damage|p2a: Sudowoodo|80/100
|
|t:|1758991508
|switch|p1a: Dusclops|Dusclops, M|100/100|[from] U-turn
|-ability|p1a: Dusclops|Pressure
|move|p2a: Sudowoodo|Spikes|p1a: Dusclops
|-sidestart|p1: panzershock|Spikes
|
|upkeep
|turn|2
|
|t:|1758991516
|move|p2a: Sudowoodo|Spikes|p1a: Dusclops
|-sidestart|p1: panzershock|Spikes
|move|p1a: Dusclops|Poltergeist|p2a: Sudowoodo
|-activate|p2a: Sudowoodo|move: Poltergeist|Custap Berry
|-damage|p2a: Sudowoodo|33/100
|
|upkeep
|turn|3
|
|t:|1758991524
|move|p2a: Sudowoodo|Endeavor|p1a: Dusclops
|-immune|p1a: Dusclops
|move|p1a: Dusclops|Poltergeist|p2a: Sudowoodo
|-activate|p2a: Sudowoodo|move: Poltergeist|Custap Berry
|-crit|p2a: Sudowoodo
|-damage|p2a: Sudowoodo|0 fnt
|faint|p2a: Sudowoodo
|
|upkeep
|
|t:|1758991528
|switch|p2a: avg linux user|Lokix, F|100/100
|turn|4
|
|t:|1758991540
|move|p2a: avg linux user|Knock Off|p1a: Dusclops
|-supereffective|p1a: Dusclops
|-damage|p1a: Dusclops|14/100
|-enditem|p1a: Dusclops|Eviolite|[from] move: Knock Off|[of] p2a: avg linux user
|move|p1a: Dusclops|Curse|p2a: avg linux user
|-start|p2a: avg linux user|Curse|[of] p1a: Dusclops
|-damage|p1a: Dusclops|0 fnt
|faint|p1a: Dusclops
|
|-damage|p2a: avg linux user|76/100|[from] Curse
|upkeep
|inactive|panzershock has 120 seconds left.
|
|t:|1758991566
|switch|p1a: Tornadus|Tornadus-Therian, M|100/100
|turn|5
|
|t:|1758991578
|move|p1a: Tornadus|Acrobatics|p2a: avg linux user
|-supereffective|p2a: avg linux user
|-damage|p2a: avg linux user|0 fnt
|faint|p2a: avg linux user
|
|upkeep
|
|t:|1758991583
|switch|p2a: Drifflim|Drifblim, F|100/100
|turn|6
|
|t:|1758991592
|move|p1a: Tornadus|Taunt|p2a: Drifflim
|-start|p2a: Drifflim|move: Taunt
|cant|p2a: Drifflim|move: Taunt|Calm Mind
|
|upkeep
|turn|7
|
|t:|1758991598
|move|p1a: Tornadus|Acrobatics|p2a: Drifflim
|-damage|p2a: Drifflim|43/100
|move|p2a: Drifflim|Thunderbolt|p1a: Tornadus
|-supereffective|p1a: Tornadus
|-damage|p1a: Tornadus|33/100
|
|upkeep
|turn|8
|
|t:|1758991606
|move|p1a: Tornadus|Acrobatics|p2a: Drifflim
|-damage|p2a: Drifflim|0 fnt
|faint|p2a: Drifflim
|
|upkeep
|
|t:|1758991609
|switch|p2a: Vatra|Talonflame, F|100/100
|turn|9
|
|t:|1758991616
|switch|p1a: Oinkologne|Oinkologne-F, F|100/100
|-damage|p1a: Oinkologne|84/100|[from] Spikes
|move|p2a: Vatra|Flare Blitz|p1a: Oinkologne
|-damage|p1a: Oinkologne|59/100
|-damage|p2a: Vatra|88/100|[from] Recoil
|
|upkeep
|turn|10
|
|t:|1758991624
|move|p2a: Vatra|Will-O-Wisp|p1a: Oinkologne
|-status|p1a: Oinkologne|brn
|move|p1a: Oinkologne|Body Slam|p2a: Vatra
|-damage|p2a: Vatra|58/100
|
|-damage|p1a: Oinkologne|53/100 brn|[from] brn
|upkeep
|turn|11
|
|t:|1758991632
|switch|p2a: Bastiodon|Bastiodon, F|100/100
|move|p1a: Oinkologne|Super Fang|p2a: Bastiodon
|-damage|p2a: Bastiodon|50/100
|
|-damage|p1a: Oinkologne|46/100 brn|[from] brn
|upkeep
|turn|12
|
|t:|1758991640
|switch|p2a: Vatra|Talonflame, F|58/100
|move|p1a: Oinkologne|High Horsepower|p2a: Vatra
|-immune|p2a: Vatra
|
|-damage|p1a: Oinkologne|40/100 brn|[from] brn
|upkeep
|turn|13
|
|t:|1758991647
|switch|p2a: Bastiodon|Bastiodon, F|50/100
|move|p1a: Oinkologne|Super Fang|p2a: Bastiodon
|-damage|p2a: Bastiodon|25/100
|
|-damage|p1a: Oinkologne|34/100 brn|[from] brn
|upkeep
|turn|14
|
|t:|1758991653
|move|p1a: Oinkologne|High Horsepower|p2a: Bastiodon
|-supereffective|p2a: Bastiodon
|-crit|p2a: Bastiodon
|-damage|p2a: Bastiodon|0 fnt
|faint|p2a: Bastiodon
|
|-damage|p1a: Oinkologne|28/100 brn|[from] brn
|upkeep
|
|t:|1758991658
|switch|p2a: Gardenia|Gardevoir, M|100/100
|-ability|p2a: Gardenia|Thick Fat|Trace|[from] ability: Trace|[of] p1a: Oinkologne
|turn|15
|
|t:|1758991665
|move|p2a: Gardenia|Psyshock|p1a: Oinkologne
|-damage|p1a: Oinkologne|0 fnt
|faint|p1a: Oinkologne
|
|upkeep
|
|t:|1758991673
|switch|p1a: Decidueye|Decidueye, M|100/100
|-item|p1a: Decidueye|Air Balloon
|turn|16
|inactive|kuraiyagare has 120 seconds left.
|
|t:|1758991721
|-terastallize|p2a: Gardenia|Psychic
|move|p2a: Gardenia|Psyshock|p1a: Decidueye
|-damage|p1a: Decidueye|32/100
|-enditem|p1a: Decidueye|Air Balloon
|move|p1a: Decidueye|Spirit Shackle|p2a: Gardenia
|-supereffective|p2a: Gardenia
|-enditem|p2a: Gardenia|Focus Sash
|-damage|p2a: Gardenia|1/100
|-activate|p2a: Gardenia|trapped
|
|upkeep
|turn|17
|
|t:|1758991741
|move|p2a: Gardenia|Psyshock|p1a: Decidueye
|-damage|p1a: Decidueye|0 fnt
|faint|p1a: Decidueye
|
|upkeep
|
|t:|1758991748
|switch|p1a: Tornadus|Tornadus-Therian, M|66/100
|turn|18
|inactive|kuraiyagare has 120 seconds left.
|
|t:|1758991760
|move|p2a: Gardenia|Vacuum Wave|p1a: Tornadus
|-resisted|p1a: Tornadus
|-damage|p1a: Tornadus|57/100
|move|p1a: Tornadus|U-turn|p2a: Gardenia
|-supereffective|p2a: Gardenia
|-damage|p2a: Gardenia|0 fnt
|faint|p2a: Gardenia
|
|t:|1758991768
|switch|p1a: Toxtricity|Toxtricity-Low-Key, F|100/100|[from] U-turn
|-damage|p1a: Toxtricity|84/100|[from] Spikes
|
|-heal|p1a: Toxtricity|90/100|[from] item: Black Sludge
|upkeep
|-message|kuraiyagare forfeited.
|
|win|panzershock
|raw|panzershock's rating: 1300 &rarr; <strong>1324</strong><br />(+24 for winning)
|raw|kuraiyagare's rating: 1290 &rarr; <strong>1266</strong><br />(-24 for losing)
|l|☆kuraiyagare
|player|p2|
|l|☆panzershock
|player|p1|
