|j|☆Excelio21
|j|☆Clefamphetamine
|t:|1759004440
|gametype|singles
|player|p1|Excelio21|riley|1442
|player|p2|Clefamphetamine|emma|1375
|gen|9
|tier|[Gen 9] OU
|rated|
|rule|HP Percentage Mod: HP is shown in percentages
|rule|Endless Battle Clause: Forcing endless battles is banned
|rule|Species Clause: Limit one of each Pokémon
|rule|OHKO Clause: OHKO moves are banned
|rule|Evasion Items Clause: Evasion items are banned
|rule|Evasion Moves Clause: Evasion moves are banned
|rule|Evasion Abilities Clause: Evasion abilities are banned
|rule|Sleep Moves Clause: Sleep-inducing moves are banned
|clearpoke
|poke|p1|Ogerpon-Wellspring, F|
|poke|p1|Blissey, F|
|poke|p1|Weezing-Galar, F|
|poke|p1|Primarina, F|
|poke|p1|Weavile, M|
|poke|p1|Pelipper, F|
|poke|p2|Veluza, F|
|poke|p2|Tornadus-Therian, M|
|poke|p2|Blissey, F|
|poke|p2|Gliscor, M|
|poke|p2|Iron Valiant|
|poke|p2|Scizor, M|
|teampreview
|inactive|Battle timer is ON: inactive players will automatically lose when time's up. (requested by Excelio21)
|
|t:|1759004496
|teamsize|p1|6
|teamsize|p2|6
|start
|switch|p1a: Weavile|Weavile, M|100/100
|switch|p2a: Veluza|Veluza, F|100/100
|-ability|p2a: Veluza|Mold Breaker
|-ability|p1a: Weavile|Pressure
|turn|1
|
|t:|1759004507
|move|p2a: Veluza|Final Gambit|p1a: Weavile
|-damage|p1a: Weavile|0 fnt
|faint|p2a: Veluza
|faint|p1a: Weavile
|
|upkeep
|
|t:|1759004514
|switch|p1a: Primarina|Primarina, F|100/100
|switch|p2a: Blissey|Blissey, F|100/100
|turn|2
|
|t:|1759004522
|move|p2a: Blissey|Copycat|p2a: Blissey
|move|p2a: Blissey|Final Gambit|p1a: Primarina|[from] move: Copycat
|-damage|p1a: Primarina|0 fnt
|faint|p2a: Blissey
|faint|p1a: Primarina
|
|upkeep
|
|t:|1759004534
|switch|p2a: Tornadus|Tornadus-Therian, M|100/100
|switch|p1a: Weezing|Weezing-Galar, F|100/100
|turn|3
|
|t:|1759004540
|move|p2a: Tornadus|Bleakwind Storm|p1a: Weezing
|-damage|p1a: Weezing|60/100
|move|p1a: Weezing|Will-O-Wisp|p2a: Tornadus
|-status|p2a: Tornadus|brn
|
|-heal|p1a: Weezing|66/100|[from] item: Black Sludge
|-damage|p2a: Tornadus|94/100 brn|[from] brn
|upkeep
|turn|4
|
|t:|1759004551
|switch|p2a: Scizor|Scizor, M|100/100
|move|p1a: Weezing|Will-O-Wisp|p2a: Scizor
|-status|p2a: Scizor|brn
|
|-heal|p1a: Weezing|72/100|[from] item: Black Sludge
|-damage|p2a: Scizor|94/100 brn|[from] brn
|upkeep
|turn|5
|
|t:|1759004561
|switch|p1a: Pelipper|Pelipper, F|100/100
|-weather|RainDance|[from] ability: Drizzle|[of] p1a: Pelipper
|move|p2a: Scizor|Swords Dance|p2a: Scizor
|-boost|p2a: Scizor|atk|2
|
|-weather|RainDance|[upkeep]
|-damage|p2a: Scizor|88/100 brn|[from] brn
|upkeep
|turn|6
|
|t:|1759004566
|switch|p2a: Tornadus|Tornadus-Therian, M|100/100 brn
|move|p1a: Pelipper|Surf|p2a: Tornadus
|-damage|p2a: Tornadus|0 fnt
|faint|p2a: Tornadus
|
|-weather|RainDance|[upkeep]
|upkeep
|
|t:|1759004573
|switch|p2a: Gliscor|Gliscor, M|100/100
|turn|7
|
|t:|1759004578
|-terastallize|p2a: Gliscor|Water
|move|p2a: Gliscor|Toxic|p1a: Pelipper
|-status|p1a: Pelipper|tox
|move|p1a: Pelipper|Surf|p2a: Gliscor
|-resisted|p2a: Gliscor
|-damage|p2a: Gliscor|61/100
|
|-weather|RainDance|[upkeep]
|-damage|p1a: Pelipper|94/100 tox|[from] psn
|-status|p2a: Gliscor|tox|[from] item: Toxic Orb
|upkeep
|turn|8
|
|t:|1759004587
|move|p2a: Gliscor|Earthquake|p1a: Pelipper
|-immune|p1a: Pelipper
|move|p1a: Pelipper|Surf|p2a: Gliscor
|-resisted|p2a: Gliscor
|-damage|p2a: Gliscor|22/100 tox
|
|-weather|RainDance|[upkeep]
|-heal|p2a: Gliscor|35/100 tox|[from] ability: Poison Heal
|-damage|p1a: Pelipper|82/100 tox|[from] psn
|upkeep
|turn|9
|
|t:|1759004593
|switch|p2a: Scizor|Scizor, M|88/100 brn
|switch|p1a: Ogerpon|Ogerpon-Wellspring, F|100/100
|
|-weather|none
|-damage|p2a: Scizor|82/100 brn|[from] brn
|upkeep
|turn|10
|
|t:|1759004598
|move|p1a: Ogerpon|Ivy Cudgel|p2a: Scizor|[anim] Ivy Cudgel Water
|-damage|p2a: Scizor|15/100 brn
|move|p2a: Scizor|Close Combat|p1a: Ogerpon
|-damage|p1a: Ogerpon|61/100
|-unboost|p2a: Scizor|def|1
|-unboost|p2a: Scizor|spd|1
|-damage|p2a: Scizor|5/100 brn|[from] item: Life Orb
|
|-damage|p2a: Scizor|0 fnt|[from] brn
|faint|p2a: Scizor
|upkeep
|
|t:|1759004603
|switch|p2a: Iron Valiant|Iron Valiant|100/100
|-enditem|p2a: Iron Valiant|Booster Energy
|-activate|p2a: Iron Valiant|ability: Quark Drive|[fromitem]
|-start|p2a: Iron Valiant|quarkdrivespe
|turn|11
|
|t:|1759004608
|move|p2a: Iron Valiant|Moonblast|p1a: Ogerpon
|-damage|p1a: Ogerpon|7/100
|-unboost|p1a: Ogerpon|spa|1
|move|p1a: Ogerpon|Ivy Cudgel|p2a: Iron Valiant|[anim] Ivy Cudgel Water
|-damage|p2a: Iron Valiant|17/100
|
|upkeep
|turn|12
|
|t:|1759004617
|switch|p1a: Weezing|Weezing-Galar, F|72/100
|move|p2a: Iron Valiant|Moonblast|p1a: Weezing
|-resisted|p1a: Weezing
|-damage|p1a: Weezing|50/100
|-unboost|p1a: Weezing|spa|1
|
|-heal|p1a: Weezing|56/100|[from] item: Black Sludge
|upkeep
|turn|13
|
|t:|1759004622
|move|p2a: Iron Valiant|Shadow Ball|p1a: Weezing
|-damage|p1a: Weezing|33/100
|move|p1a: Weezing|Sludge Wave|p2a: Iron Valiant
|-supereffective|p2a: Iron Valiant
|-damage|p2a: Iron Valiant|0 fnt
|faint|p2a: Iron Valiant
|-end|p2a: Iron Valiant|Quark Drive|[silent]
|
|-heal|p1a: Weezing|39/100|[from] item: Black Sludge
|upkeep
|
|t:|1759004627
|switch|p2a: Gliscor|Gliscor, M, tera:Water|35/100 tox
|turn|14
|
|t:|1759004631
|move|p2a: Gliscor|Earthquake|p1a: Weezing
|-immune|p1a: Weezing|[from] ability: Levitate
|move|p1a: Weezing|Memento|p2a: Gliscor
|-unboost|p2a: Gliscor|atk|2
|-unboost|p2a: Gliscor|spa|2
|faint|p1a: Weezing
|
|-heal|p2a: Gliscor|47/100 tox|[from] ability: Poison Heal
|upkeep
|
|t:|1759004635
|switch|p1a: Ogerpon|Ogerpon-Wellspring, F|7/100
|turn|15
|
|t:|1759004638
|move|p1a: Ogerpon|Horn Leech|p2a: Gliscor
|-supereffective|p2a: Gliscor
|-damage|p2a: Gliscor|0 fnt
|-heal|p1a: Ogerpon|34/100|[from] drain|[of] p2a: Gliscor
|faint|p2a: Gliscor
|
|win|Excelio21
|raw|Excelio21's rating: 1442 &rarr; <strong>1458</strong><br />(+16 for winning)
|raw|Clefamphetamine's rating: 1375 &rarr; <strong>1359</strong><br />(-16 for losing)
|l|☆Excelio21
|player|p1|
