|j|☆dracoopes
|j|☆erupting fury
|t:|1758918048
|gametype|singles
|player|p1|dracoopes|ethan|1181
|player|p2|erupting fury|veteranf|1190
|gen|9
|tier|[Gen 9] OU
|rated|
|rule|HP Percentage Mod: HP is shown in percentages
|rule|Endless Battle Clause: Forcing endless battles is banned
|rule|Species Clause: Limit one of each Pokémon
|rule|OHKO Clause: OHKO moves are banned
|rule|Evasion Items Clause: Evasion items are banned
|rule|Evasion Moves Clause: Evasion moves are banned
|rule|Evasion Abilities Clause: Evasion abilities are banned
|rule|Sleep Moves Clause: Sleep-inducing moves are banned
|clearpoke
|poke|p1|Corviknight, M|
|poke|p1|Great Tusk|
|poke|p1|Garganacl, M|
|poke|p1|Glimmora, F|
|poke|p1|Zapdos|
|poke|p1|Kingambit, M|
|poke|p2|Grimmsnarl, M|
|poke|p2|Mismagius, M|
|poke|p2|Iron Hands|
|poke|p2|Gligar, M|
|poke|p2|Great Tusk|
|poke|p2|Regidrago|
|teampreview
|inactive|Battle timer is ON: inactive players will automatically lose when time's up. (requested by erupting fury)
|
|t:|1758918063
|teamsize|p1|6
|teamsize|p2|6
|start
|switch|p1a: Glimmora|Glimmora, F, shiny|100/100
|switch|p2a: Grimmsnarl|Grimmsnarl, M|100/100
|turn|1
|
|t:|1758918070
|move|p2a: Grimmsnarl|Taunt|p1a: Glimmora
|-start|p1a: Glimmora|move: Taunt
|cant|p1a: Glimmora|move: Taunt|Stealth Rock
|
|upkeep
|turn|2
|
|t:|1758918083
|switch|p2a: Gligar|Gligar, M|100/100
|move|p1a: Glimmora|Sludge Bomb|p2a: Gligar
|-resisted|p2a: Gligar
|-damage|p2a: Gligar|77/100
|
|upkeep
|turn|3
|
|t:|1758918094
|move|p1a: Glimmora|Power Gem|p2a: Gligar
|-damage|p2a: Gligar|34/100
|move|p2a: Gligar|Stealth Rock|p1a: Glimmora
|-sidestart|p1: dracoopes|move: Stealth Rock
|
|-end|p1a: Glimmora|move: Taunt
|upkeep
|turn|4
|
|t:|1758918102
|move|p1a: Glimmora|Power Gem|p2a: Gligar
|-damage|p2a: Gligar|0 fnt
|faint|p2a: Gligar
|
|upkeep
|
|t:|1758918108
|switch|p2a: Great Tusk|Great Tusk|100/100
|turn|5
|
|t:|1758918115
|move|p2a: Great Tusk|Headlong Rush|p1a: Glimmora
|-supereffective|p1a: Glimmora
|-enditem|p1a: Glimmora|Focus Sash
|-damage|p1a: Glimmora|1/100
|-unboost|p2a: Great Tusk|def|1
|-unboost|p2a: Great Tusk|spd|1
|-activate|p1a: Glimmora|ability: Toxic Debris
|-sidestart|p2: erupting fury|move: Toxic Spikes
|move|p1a: Glimmora|Stealth Rock|p2a: Great Tusk
|-sidestart|p2: erupting fury|move: Stealth Rock
|
|upkeep
|turn|6
|
|t:|1758918121
|move|p2a: Great Tusk|Rapid Spin|p1a: Glimmora
|-resisted|p1a: Glimmora
|-damage|p1a: Glimmora|0 fnt
|-boost|p2a: Great Tusk|spe|1
|-activate|p1a: Glimmora|ability: Toxic Debris
|-sidestart|p2: erupting fury|move: Toxic Spikes
|-sideend|p2: erupting fury|Toxic Spikes|[from] move: Rapid Spin|[of] p2a: Great Tusk
|-sideend|p2: erupting fury|Stealth Rock|[from] move: Rapid Spin|[of] p2a: Great Tusk
|faint|p1a: Glimmora
|
|upkeep
|inactive|dracoopes has 120 seconds left.
|
|t:|1758918152
|switch|p1a: Corviknight|Corviknight, M, shiny|100/100
|-damage|p1a: Corviknight|88/100|[from] Stealth Rock
|-ability|p1a: Corviknight|Pressure
|turn|7
|
|t:|1758918167
|-end|p2a: Great Tusk|Protosynthesis|[silent]
|switch|p2a: Iron Hands|Iron Hands|100/100
|move|p1a: Corviknight|Bulk Up|p1a: Corviknight
|-boost|p1a: Corviknight|atk|1
|-boost|p1a: Corviknight|def|1
|
|-heal|p1a: Corviknight|94/100|[from] item: Leftovers
|upkeep
|turn|8
|
|t:|1758918177
|-terastallize|p2a: Iron Hands|Fighting
|move|p1a: Corviknight|Bulk Up|p1a: Corviknight
|-boost|p1a: Corviknight|atk|1
|-boost|p1a: Corviknight|def|1
|move|p2a: Iron Hands|Close Combat|p1a: Corviknight
|-damage|p1a: Corviknight|46/100
|-unboost|p2a: Iron Hands|def|1
|-unboost|p2a: Iron Hands|spd|1
|
|-heal|p1a: Corviknight|52/100|[from] item: Leftovers
|upkeep
|turn|9
|
|t:|1758918189
|-end|p2a: Iron Hands|Quark Drive|[silent]
|switch|p2a: Grimmsnarl|Grimmsnarl, M|100/100
|move|p1a: Corviknight|Roost|p1a: Corviknight
|-heal|p1a: Corviknight|100/100
|-singleturn|p1a: Corviknight|move: Roost
|
|upkeep
|turn|10
|
|t:|1758918199
|move|p2a: Grimmsnarl|Taunt|p1a: Corviknight
|-start|p1a: Corviknight|move: Taunt
|move|p1a: Corviknight|Drill Peck|p2a: Grimmsnarl
|-damage|p2a: Grimmsnarl|38/100
|
|upkeep
|turn|11
|
|t:|1758918204
|move|p2a: Grimmsnarl|Reflect|p2a: Grimmsnarl
|-sidestart|p2: erupting fury|Reflect
|move|p1a: Corviknight|Drill Peck|p2a: Grimmsnarl
|-damage|p2a: Grimmsnarl|8/100
|
|upkeep
|turn|12
|
|t:|1758918211
|move|p2a: Grimmsnarl|Parting Shot|p1a: Corviknight
|-unboost|p1a: Corviknight|atk|1
|-unboost|p1a: Corviknight|spa|1
|
|t:|1758918213
|switch|p2a: Mismagius|Mismagius, M|100/100|[from] Parting Shot
|move|p1a: Corviknight|Drill Peck|p2a: Mismagius
|-damage|p2a: Mismagius|67/100
|
|-end|p1a: Corviknight|move: Taunt
|upkeep
|turn|13
|
|t:|1758918233
|switch|p1a: Garganacl|Garganacl, M|100/100
|-damage|p1a: Garganacl|88/100|[from] Stealth Rock
|move|p2a: Mismagius|Hex|p1a: Garganacl
|-damage|p1a: Garganacl|69/100
|
|-heal|p1a: Garganacl|75/100|[from] item: Leftovers
|upkeep
|turn|14
|
|t:|1758918248
|switch|p2a: Great Tusk|Great Tusk|100/100
|move|p1a: Garganacl|Salt Cure|p2a: Great Tusk
|-resisted|p2a: Great Tusk
|-damage|p2a: Great Tusk|99/100
|-start|p2a: Great Tusk|Salt Cure
|
|-heal|p1a: Garganacl|81/100|[from] item: Leftovers
|-damage|p2a: Great Tusk|87/100|[from] Salt Cure
|upkeep
|turn|15
|
|t:|1758918255
|move|p1a: Garganacl|Protect|p1a: Garganacl
|-singleturn|p1a: Garganacl|Protect
|move|p2a: Great Tusk|Rapid Spin|p1a: Garganacl
|-activate|p1a: Garganacl|move: Protect
|
|-heal|p1a: Garganacl|87/100|[from] item: Leftovers
|-damage|p2a: Great Tusk|75/100|[from] Salt Cure
|upkeep
|turn|16
|
|t:|1758918264
|move|p2a: Great Tusk|Rapid Spin|p1a: Garganacl
|-resisted|p1a: Garganacl
|-damage|p1a: Garganacl|83/100
|-boost|p2a: Great Tusk|spe|1
|move|p1a: Garganacl|Curse|p1a: Garganacl
|-unboost|p1a: Garganacl|spe|1
|-boost|p1a: Garganacl|atk|1
|-boost|p1a: Garganacl|def|1
|
|-heal|p1a: Garganacl|89/100|[from] item: Leftovers
|-damage|p2a: Great Tusk|62/100|[from] Salt Cure
|upkeep
|turn|17
|
|t:|1758918269
|move|p1a: Garganacl|Protect|p1a: Garganacl
|-singleturn|p1a: Garganacl|Protect
|move|p2a: Great Tusk|Headlong Rush|p1a: Garganacl
|-activate|p1a: Garganacl|move: Protect
|
|-heal|p1a: Garganacl|95/100|[from] item: Leftovers
|-damage|p2a: Great Tusk|50/100|[from] Salt Cure
|upkeep
|turn|18
|
|t:|1758918277
|move|p2a: Great Tusk|Headlong Rush|p1a: Garganacl
|-supereffective|p1a: Garganacl
|-damage|p1a: Garganacl|53/100
|-unboost|p2a: Great Tusk|def|1
|-unboost|p2a: Great Tusk|spd|1
|move|p1a: Garganacl|Curse|p1a: Garganacl
|-unboost|p1a: Garganacl|spe|1
|-boost|p1a: Garganacl|atk|1
|-boost|p1a: Garganacl|def|1
|
|-heal|p1a: Garganacl|59/100|[from] item: Leftovers
|-damage|p2a: Great Tusk|37/100|[from] Salt Cure
|-sideend|p2: erupting fury|Reflect
|upkeep
|turn|19
|
|t:|1758918282
|-end|p2a: Great Tusk|Protosynthesis|[silent]
|switch|p2a: Regidrago|Regidrago|100/100
|move|p1a: Garganacl|Protect||[still]
|-fail|p1a: Garganacl
|
|-heal|p1a: Garganacl|65/100|[from] item: Leftovers
|upkeep
|turn|20
|
|t:|1758918289
|move|p1a: Garganacl|Protect|p1a: Garganacl
|-singleturn|p1a: Garganacl|Protect
|move|p2a: Regidrago|Dragon Energy|p1a: Garganacl
|-activate|p1a: Garganacl|move: Protect
|
|-heal|p1a: Garganacl|72/100|[from] item: Leftovers
|upkeep
|turn|21
|inactive|dracoopes has 120 seconds left.
|
|t:|1758918333
|move|p2a: Regidrago|Dragon Energy|p1a: Garganacl
|-damage|p1a: Garganacl|0 fnt
|faint|p1a: Garganacl
|
|upkeep
|
|t:|1758918349
|switch|p1a: Great Tusk|Great Tusk|100/100
|-damage|p1a: Great Tusk|98/100|[from] Stealth Rock
|turn|22
|
|t:|1758918364
|switch|p2a: Mismagius|Mismagius, M|67/100
|move|p1a: Great Tusk|Ice Spinner|p2a: Mismagius
|-damage|p2a: Mismagius|11/100
|
|-heal|p1a: Great Tusk|100/100|[from] item: Leftovers
|upkeep
|turn|23
|
|t:|1758918369
|move|p2a: Mismagius|Energy Ball|p1a: Great Tusk
|-supereffective|p1a: Great Tusk
|-damage|p1a: Great Tusk|0 fnt
|faint|p1a: Great Tusk
|-end|p1a: Great Tusk|Protosynthesis|[silent]
|
|upkeep
|
|t:|1758918379
|switch|p1a: Corviknight|Corviknight, M, shiny|100/100
|-damage|p1a: Corviknight|88/100|[from] Stealth Rock
|-ability|p1a: Corviknight|Pressure
|turn|24
|
|t:|1758918384
|move|p2a: Mismagius|Energy Ball|p1a: Corviknight
|-resisted|p1a: Corviknight
|-damage|p1a: Corviknight|79/100
|move|p1a: Corviknight|Bulk Up|p1a: Corviknight
|-boost|p1a: Corviknight|atk|1
|-boost|p1a: Corviknight|def|1
|
|-heal|p1a: Corviknight|85/100|[from] item: Leftovers
|upkeep
|turn|25
|
|t:|1758918391
|switch|p2a: Grimmsnarl|Grimmsnarl, M|8/100
|move|p1a: Corviknight|Drill Peck|p2a: Grimmsnarl
|-damage|p2a: Grimmsnarl|0 fnt
|faint|p2a: Grimmsnarl
|
|-heal|p1a: Corviknight|91/100|[from] item: Leftovers
|upkeep
|
|t:|1758918397
|switch|p2a: Mismagius|Mismagius, M|11/100
|turn|26
|
|t:|1758918400
|move|p2a: Mismagius|Hex|p1a: Corviknight
|-damage|p1a: Corviknight|55/100
|move|p1a: Corviknight|Drill Peck|p2a: Mismagius
|-crit|p2a: Mismagius
|-damage|p2a: Mismagius|0 fnt
|faint|p2a: Mismagius
|
|-heal|p1a: Corviknight|61/100|[from] item: Leftovers
|upkeep
|
|t:|1758918405
|switch|p2a: Iron Hands|Iron Hands, tera:Fighting|100/100
|turn|27
|
|t:|1758918410
|move|p1a: Corviknight|Roost|p1a: Corviknight
|-heal|p1a: Corviknight|100/100
|-singleturn|p1a: Corviknight|move: Roost
|move|p2a: Iron Hands|Supercell Slam|p1a: Corviknight
|-damage|p1a: Corviknight|60/100
|
|-heal|p1a: Corviknight|67/100|[from] item: Leftovers
|upkeep
|turn|28
|
|t:|1758918417
|move|p1a: Corviknight|Bulk Up|p1a: Corviknight
|-boost|p1a: Corviknight|atk|1
|-boost|p1a: Corviknight|def|1
|move|p2a: Iron Hands|Supercell Slam|p1a: Corviknight
|-supereffective|p1a: Corviknight
|-damage|p1a: Corviknight|1/100
|
|-heal|p1a: Corviknight|7/100|[from] item: Leftovers
|upkeep
|turn|29
|
|t:|1758918427
|-end|p2a: Iron Hands|Quark Drive|[silent]
|switch|p2a: Regidrago|Regidrago|100/100
|move|p1a: Corviknight|Roost|p1a: Corviknight
|-heal|p1a: Corviknight|57/100
|-singleturn|p1a: Corviknight|move: Roost
|
|-heal|p1a: Corviknight|63/100|[from] item: Leftovers
|upkeep
|turn|30
|
|t:|1758918435
|move|p2a: Regidrago|Dragon Energy|p1a: Corviknight
|-resisted|p1a: Corviknight
|-damage|p1a: Corviknight|24/100
|move|p1a: Corviknight|Roost|p1a: Corviknight
|-heal|p1a: Corviknight|74/100
|-singleturn|p1a: Corviknight|move: Roost
|
|-heal|p1a: Corviknight|81/100|[from] item: Leftovers
|upkeep
|turn|31
|
|t:|1758918443
|switch|p2a: Great Tusk|Great Tusk|37/100
|move|p1a: Corviknight|Roost|p1a: Corviknight
|-heal|p1a: Corviknight|100/100
|-singleturn|p1a: Corviknight|move: Roost
|
|upkeep
|turn|32
|
|t:|1758918449
|move|p2a: Great Tusk|Headlong Rush|p1a: Corviknight
|-immune|p1a: Corviknight
|move|p1a: Corviknight|Drill Peck|p2a: Great Tusk
|-supereffective|p2a: Great Tusk
|-damage|p2a: Great Tusk|0 fnt
|faint|p2a: Great Tusk
|-end|p2a: Great Tusk|Protosynthesis|[silent]
|
|upkeep
|
|t:|1758918451
|switch|p2a: Iron Hands|Iron Hands, tera:Fighting|100/100
|turn|33
|
|t:|1758918459
|move|p1a: Corviknight|Drill Peck|p2a: Iron Hands
|-supereffective|p2a: Iron Hands
|-damage|p2a: Iron Hands|38/100
|move|p2a: Iron Hands|Supercell Slam|p1a: Corviknight
|-supereffective|p1a: Corviknight
|-damage|p1a: Corviknight|34/100
|
|-heal|p1a: Corviknight|41/100|[from] item: Leftovers
|upkeep
|turn|34
|
|t:|1758918464
|move|p1a: Corviknight|Roost|p1a: Corviknight
|-heal|p1a: Corviknight|91/100
|-singleturn|p1a: Corviknight|move: Roost
|move|p2a: Iron Hands|Supercell Slam|p1a: Corviknight
|-damage|p1a: Corviknight|60/100
|
|-heal|p1a: Corviknight|66/100|[from] item: Leftovers
|upkeep
|turn|35
|
|t:|1758918472
|move|p1a: Corviknight|Drill Peck|p2a: Iron Hands
|-supereffective|p2a: Iron Hands
|-damage|p2a: Iron Hands|0 fnt
|faint|p2a: Iron Hands
|-end|p2a: Iron Hands|Quark Drive|[silent]
|
|-heal|p1a: Corviknight|72/100|[from] item: Leftovers
|upkeep
|
|t:|1758918475
|switch|p2a: Regidrago|Regidrago|100/100
|turn|36
|
|t:|1758918484
|move|p2a: Regidrago|Dragon Energy|p1a: Corviknight
|-resisted|p1a: Corviknight
|-damage|p1a: Corviknight|34/100
|move|p1a: Corviknight|Roost|p1a: Corviknight
|-heal|p1a: Corviknight|84/100
|-singleturn|p1a: Corviknight|move: Roost
|
|-heal|p1a: Corviknight|90/100|[from] item: Leftovers
|upkeep
|turn|37
|
|t:|1758918488
|move|p2a: Regidrago|Dragon Energy|p1a: Corviknight
|-resisted|p1a: Corviknight
|-damage|p1a: Corviknight|47/100
|move|p1a: Corviknight|Drill Peck|p2a: Regidrago
|-damage|p2a: Regidrago|44/100
|
|-heal|p1a: Corviknight|53/100|[from] item: Leftovers
|upkeep
|turn|38
|-message|erupting fury forfeited.
|
|win|dracoopes
|raw|dracoopes's rating: 1181 &rarr; <strong>1207</strong><br />(+26 for winning)
|raw|erupting fury's rating: 1190 &rarr; <strong>1164</strong><br />(-26 for losing)
|l|☆erupting fury
|player|p2|
|c|☆dracoopes|GG
|l|☆dracoopes
|player|p1|
