|j|☆mucino
|j|☆SuchA_Nerd
|t:|1758949483
|gametype|singles
|player|p1|mucino|169|1336
|player|p2|SuchA_Nerd|2|1286
|gen|9
|tier|[Gen 9] OU
|rated|
|rule|HP Percentage Mod: HP is shown in percentages
|rule|Endless Battle Clause: Forcing endless battles is banned
|rule|Species Clause: Limit one of each Pokémon
|rule|OHKO Clause: OHKO moves are banned
|rule|Evasion Items Clause: Evasion items are banned
|rule|Evasion Moves Clause: Evasion moves are banned
|rule|Evasion Abilities Clause: Evasion abilities are banned
|rule|Sleep Moves Clause: Sleep-inducing moves are banned
|clearpoke
|poke|p1|Clodsire, M|
|poke|p1|Kingambit, F|
|poke|p1|Dragonite, M|
|poke|p1|Chandelure, F|
|poke|p1|Primarina, M|
|poke|p1|Grimmsnarl, M|
|poke|p2|Poliwrath, F|
|poke|p2|Gliscor, M|
|poke|p2|Talonflame, M|
|poke|p2|Blastoise, M|
|poke|p2|Rotom-Frost|
|poke|p2|Iron Moth|
|teampreview
|inactive|Battle timer is ON: inactive players will automatically lose when time's up. (requested by mucino)
|inactive|SuchA_Nerd has 120 seconds left.
|
|t:|1758949533
|teamsize|p1|6
|teamsize|p2|6
|start
|switch|p1a: Chandelure|Chandelure, F|100/100
|switch|p2a: Talonflame|Talonflame, M|100/100
|turn|1
|
|t:|1758949547
|move|p1a: Chandelure|Trick|p2a: Talonflame
|-activate|p1a: Chandelure|move: Trick|[of] p2a: Talonflame
|-item|p2a: Talonflame|Choice Scarf|[from] move: Trick
|-item|p1a: Chandelure|Heavy-Duty Boots|[from] move: Trick
|move|p2a: Talonflame|U-turn|p1a: Chandelure
|-resisted|p1a: Chandelure
|-damage|p1a: Chandelure|96/100
|
|t:|1758949560
|switch|p2a: Gliscor|Gliscor, M|100/100|[from] U-turn
|
|-status|p2a: Gliscor|tox|[from] item: Toxic Orb
|upkeep
|turn|2
|
|t:|1758949569
|switch|p1a: Primarina|Primarina, M|100/100
|move|p2a: Gliscor|Knock Off|p1a: Primarina
|-resisted|p1a: Primarina
|-damage|p1a: Primarina|88/100
|-enditem|p1a: Primarina|Assault Vest|[from] move: Knock Off|[of] p2a: Gliscor
|
|upkeep
|turn|3
|
|t:|1758949581
|switch|p2a: Poliwrath|Poliwrath, F|100/100
|move|p1a: Primarina|Moonblast|p2a: Poliwrath
|-supereffective|p2a: Poliwrath
|-damage|p2a: Poliwrath|23/100
|
|-heal|p2a: Poliwrath|30/100|[from] item: Leftovers
|upkeep
|turn|4
|
|t:|1758949590
|move|p2a: Poliwrath|Knock Off|p1a: Primarina
|-resisted|p1a: Primarina
|-damage|p1a: Primarina|79/100
|move|p1a: Primarina|Moonblast|p2a: Poliwrath
|-supereffective|p2a: Poliwrath
|-damage|p2a: Poliwrath|0 fnt
|faint|p2a: Poliwrath
|
|upkeep
|
|t:|1758949600
|switch|p2a: Iron Moth|Iron Moth|100/100
|-enditem|p2a: Iron Moth|Booster Energy
|-activate|p2a: Iron Moth|ability: Quark Drive|[fromitem]
|-start|p2a: Iron Moth|quarkdrivespa
|turn|5
|
|t:|1758949606
|-terastallize|p1a: Primarina|Ground
|move|p2a: Iron Moth|Fiery Dance|p1a: Primarina
|-damage|p1a: Primarina|27/100
|-boost|p2a: Iron Moth|spa|1
|move|p1a: Primarina|Tera Blast|p2a: Iron Moth|[anim] Tera Blast Ground
|-supereffective|p2a: Iron Moth
|-damage|p2a: Iron Moth|0 fnt
|faint|p2a: Iron Moth
|-end|p2a: Iron Moth|Quark Drive|[silent]
|
|upkeep
|inactive|SuchA_Nerd has 120 seconds left.
|
|t:|1758949646
|switch|p2a: Blastoise|Blastoise, M|100/100
|turn|6
|
|t:|1758949649
|move|p2a: Blastoise|Liquidation|p1a: Primarina
|-supereffective|p1a: Primarina
|-damage|p1a: Primarina|0 fnt
|faint|p1a: Primarina
|
|upkeep
|
|t:|1758949659
|switch|p1a: Grimmsnarl|Grimmsnarl, M|100/100
|turn|7
|
|t:|1758949678
|move|p2a: Blastoise|Liquidation|p1a: Grimmsnarl
|-damage|p1a: Grimmsnarl|56/100
|move|p1a: Grimmsnarl|Spirit Break|p2a: Blastoise
|-damage|p2a: Blastoise|65/100
|-unboost|p2a: Blastoise|spa|1
|
|upkeep
|turn|8
|
|t:|1758949686
|move|p1a: Grimmsnarl|Reflect|p1a: Grimmsnarl
|-sidestart|p1: mucino|Reflect
|move|p2a: Blastoise|Liquidation|p1a: Grimmsnarl
|-damage|p1a: Grimmsnarl|33/100
|
|upkeep
|turn|9
|
|t:|1758949691
|switch|p1a: Clodsire|Clodsire, M|100/100
|move|p2a: Blastoise|Liquidation|p1a: Clodsire
|-supereffective|p1a: Clodsire
|-damage|p1a: Clodsire|75/100
|
|-heal|p1a: Clodsire|81/100|[from] item: Leftovers
|upkeep
|turn|10
|
|t:|1758949701
|move|p2a: Blastoise|Liquidation|p1a: Clodsire
|-supereffective|p1a: Clodsire
|-damage|p1a: Clodsire|54/100
|move|p1a: Clodsire|Stealth Rock|p2a: Blastoise
|-sidestart|p2: SuchA_Nerd|move: Stealth Rock
|
|-heal|p1a: Clodsire|61/100|[from] item: Leftovers
|upkeep
|turn|11
|
|t:|1758949709
|move|p2a: Blastoise|Liquidation|p1a: Clodsire
|-supereffective|p1a: Clodsire
|-damage|p1a: Clodsire|37/100
|move|p1a: Clodsire|Toxic|p2a: Blastoise
|-status|p2a: Blastoise|tox
|
|-heal|p1a: Clodsire|43/100|[from] item: Leftovers
|-damage|p2a: Blastoise|59/100 tox|[from] psn
|upkeep
|turn|12
|
|t:|1758949723
|move|p2a: Blastoise|Rapid Spin|p1a: Clodsire
|-damage|p1a: Clodsire|38/100
|-boost|p2a: Blastoise|spe|1
|-sideend|p2: SuchA_Nerd|Stealth Rock|[from] move: Rapid Spin|[of] p2a: Blastoise
|move|p1a: Clodsire|Recover|p1a: Clodsire
|-heal|p1a: Clodsire|88/100
|
|-heal|p1a: Clodsire|94/100|[from] item: Leftovers
|-damage|p2a: Blastoise|47/100 tox|[from] psn
|upkeep
|turn|13
|
|t:|1758949736
|switch|p2a: Rotom|Rotom-Frost|100/100
|move|p1a: Clodsire|Stealth Rock|p2a: Rotom
|-sidestart|p2: SuchA_Nerd|move: Stealth Rock
|
|-heal|p1a: Clodsire|99/100|[from] item: Leftovers
|upkeep
|turn|14
|
|t:|1758949745
|switch|p1a: Chandelure|Chandelure, F|96/100
|move|p2a: Rotom|Blizzard|p1a: Chandelure
|-resisted|p1a: Chandelure
|-damage|p1a: Chandelure|66/100
|
|upkeep
|turn|15
|inactive|SuchA_Nerd has 120 seconds left.
|
|t:|1758949784
|switch|p2a: Talonflame|Talonflame, M|100/100
|-damage|p2a: Talonflame|51/100|[from] Stealth Rock
|move|p1a: Chandelure|Flamethrower|p2a: Talonflame
|-resisted|p2a: Talonflame
|-damage|p2a: Talonflame|13/100
|
|-sideend|p1: mucino|Reflect
|upkeep
|turn|16
|inactive|SuchA_Nerd has 120 seconds left.
|
|t:|1758949808
|switch|p1a: Grimmsnarl|Grimmsnarl, M|33/100
|move|p2a: Talonflame|U-turn|p1a: Grimmsnarl
|-damage|p1a: Grimmsnarl|18/100
|inactive|SuchA_Nerd has 90 seconds left.
|
|t:|1758949847
|switch|p2a: Blastoise|Blastoise, M|47/100 tox|[from] U-turn
|-damage|p2a: Blastoise|34/100 tox|[from] Stealth Rock
|
|-damage|p2a: Blastoise|28/100 tox|[from] psn
|upkeep
|turn|17
|
|t:|1758949855
|switch|p1a: Chandelure|Chandelure, F|66/100
|move|p2a: Blastoise|Rapid Spin|p1a: Chandelure
|-immune|p1a: Chandelure
|
|-damage|p2a: Blastoise|16/100 tox|[from] psn
|upkeep
|turn|18
|inactive|SuchA_Nerd has 60 seconds left.
|-enditem|p2a: Blastoise|Custap Berry|[eat]
|-activate|p2a: Blastoise|item: Custap Berry|[consumed]
|
|t:|1758949904
|move|p2a: Blastoise|Liquidation|p1a: Chandelure
|-supereffective|p1a: Chandelure
|-damage|p1a: Chandelure|0 fnt
|faint|p1a: Chandelure
|
|-damage|p2a: Blastoise|0 fnt|[from] psn
|faint|p2a: Blastoise
|upkeep
|inactive|SuchA_Nerd has 30 seconds left.
|inactive|mucino has 120 seconds left.
|inactive|SuchA_Nerd has 20 seconds left.
|inactive|SuchA_Nerd has 15 seconds left.
|inactive|SuchA_Nerd has 10 seconds left.
|
|t:|1758949945
|switch|p1a: Grimmsnarl|Grimmsnarl, M|18/100
|switch|p2a: Gliscor|Gliscor, M|100/100 tox
|-damage|p2a: Gliscor|88/100 tox|[from] Stealth Rock
|turn|19
|inactive|SuchA_Nerd has 20 seconds left this turn.
|inactive|SuchA_Nerd has 15 seconds left.
|inactive|SuchA_Nerd has 10 seconds left.
|
|t:|1758949956
|move|p1a: Grimmsnarl|Taunt|p2a: Gliscor
|-start|p2a: Gliscor|move: Taunt
|move|p2a: Gliscor|Earthquake|p1a: Grimmsnarl
|-damage|p1a: Grimmsnarl|0 fnt
|faint|p1a: Grimmsnarl
|
|-heal|p2a: Gliscor|100/100 tox|[from] ability: Poison Heal
|upkeep
|
|t:|1758949961
|switch|p1a: Dragonite|Dragonite, M|100/100
|turn|20
|inactive|SuchA_Nerd has 25 seconds left this turn.
|inactive|SuchA_Nerd has 20 seconds left.
|
|t:|1758949968
|move|p1a: Dragonite|Dragon Dance|p1a: Dragonite
|-boost|p1a: Dragonite|atk|1
|-boost|p1a: Dragonite|spe|1
|move|p2a: Gliscor|Knock Off|p1a: Dragonite
|-damage|p1a: Dragonite|90/100
|-enditem|p1a: Dragonite|Heavy-Duty Boots|[from] move: Knock Off|[of] p2a: Gliscor
|
|upkeep
|turn|21
|inactive|SuchA_Nerd has 30 seconds left this turn.
|
|t:|1758949978
|switch|p2a: Talonflame|Talonflame, M|13/100
|-damage|p2a: Talonflame|0 fnt|[from] Stealth Rock
|faint|p2a: Talonflame
|move|p1a: Dragonite|Dragon Dance|p1a: Dragonite
|-boost|p1a: Dragonite|atk|1
|-boost|p1a: Dragonite|spe|1
|
|upkeep
|inactive|SuchA_Nerd has 30 seconds left this turn.
|
|t:|1758949986
|switch|p2a: Rotom|Rotom-Frost|100/100
|-damage|p2a: Rotom|75/100|[from] Stealth Rock
|turn|22
|
|t:|1758949991
|move|p1a: Dragonite|Extreme Speed|p2a: Rotom
|-damage|p2a: Rotom|6/100
|move|p2a: Rotom|Will-O-Wisp|p1a: Dragonite
|-status|p1a: Dragonite|brn
|
|-heal|p2a: Rotom|12/100|[from] item: Leftovers
|-damage|p1a: Dragonite|83/100 brn|[from] brn
|upkeep
|turn|23
|
|t:|1758950001
|move|p1a: Dragonite|Extreme Speed|p2a: Rotom
|-crit|p2a: Rotom
|-damage|p2a: Rotom|0 fnt
|faint|p2a: Rotom
|
|-damage|p1a: Dragonite|77/100 brn|[from] brn
|upkeep
|
|t:|1758950008
|switch|p2a: Gliscor|Gliscor, M|100/100 tox
|-damage|p2a: Gliscor|88/100 tox|[from] Stealth Rock
|turn|24
|
|t:|1758950015
|move|p1a: Dragonite|Dragon Dance|p1a: Dragonite
|-boost|p1a: Dragonite|atk|1
|-boost|p1a: Dragonite|spe|1
|move|p2a: Gliscor|Knock Off|p1a: Dragonite
|-damage|p1a: Dragonite|61/100 brn
|
|-heal|p2a: Gliscor|100/100 tox|[from] ability: Poison Heal
|-damage|p1a: Dragonite|55/100 brn|[from] brn
|upkeep
|turn|25
|
|t:|1758950028
|move|p2a: Gliscor|Protect|p2a: Gliscor
|-singleturn|p2a: Gliscor|Protect
|move|p1a: Dragonite|Dragon Dance|p1a: Dragonite
|-boost|p1a: Dragonite|atk|1
|-boost|p1a: Dragonite|spe|1
|
|-damage|p1a: Dragonite|48/100 brn|[from] brn
|upkeep
|turn|26
|
|t:|1758950036
|move|p1a: Dragonite|Extreme Speed|p2a: Gliscor
|-damage|p2a: Gliscor|70/100 tox
|move|p2a: Gliscor|Knock Off|p1a: Dragonite
|-damage|p1a: Dragonite|32/100 brn
|
|-heal|p2a: Gliscor|83/100 tox|[from] ability: Poison Heal
|-damage|p1a: Dragonite|26/100 brn|[from] brn
|upkeep
|turn|27
|
|t:|1758950046
|move|p1a: Dragonite|Extreme Speed|p2a: Gliscor
|-crit|p2a: Gliscor
|-damage|p2a: Gliscor|35/100 tox
|move|p2a: Gliscor|Knock Off|p1a: Dragonite
|-damage|p1a: Dragonite|10/100 brn
|
|-heal|p2a: Gliscor|48/100 tox|[from] ability: Poison Heal
|-damage|p1a: Dragonite|4/100 brn|[from] brn
|upkeep
|turn|28
|
|t:|1758950056
|move|p2a: Gliscor|Protect|p2a: Gliscor
|-singleturn|p2a: Gliscor|Protect
|move|p1a: Dragonite|Extreme Speed|p2a: Gliscor
|-activate|p2a: Gliscor|move: Protect
|
|-heal|p2a: Gliscor|60/100 tox|[from] ability: Poison Heal
|-damage|p1a: Dragonite|0 fnt|[from] brn
|faint|p1a: Dragonite
|upkeep
|
|t:|1758950060
|switch|p1a: Kingambit|Kingambit, F|100/100
|-activate|p1a: Kingambit|ability: Supreme Overlord
|-start|p1a: Kingambit|fallen4|[silent]
|turn|29
|inactive|SuchA_Nerd has 60 seconds left.
|
|t:|1758950078
|move|p1a: Kingambit|Sucker Punch|p2a: Gliscor
|-damage|p2a: Gliscor|21/100 tox
|move|p2a: Gliscor|Earthquake|p1a: Kingambit
|-supereffective|p1a: Kingambit
|-damage|p1a: Kingambit|54/100
|
|-heal|p2a: Gliscor|33/100 tox|[from] ability: Poison Heal
|upkeep
|turn|30
|
|t:|1758950086
|move|p2a: Gliscor|Protect|p2a: Gliscor
|-singleturn|p2a: Gliscor|Protect
|move|p1a: Kingambit|Swords Dance|p1a: Kingambit
|-boost|p1a: Kingambit|atk|2
|
|-heal|p2a: Gliscor|46/100 tox|[from] ability: Poison Heal
|upkeep
|turn|31
|inactive|SuchA_Nerd has 60 seconds left.
|
|t:|1758950097
|move|p1a: Kingambit|Sucker Punch||[still]
|-fail|p1a: Kingambit
|move|p2a: Gliscor|Toxic|p1a: Kingambit
|-immune|p1a: Kingambit
|
|-heal|p2a: Gliscor|58/100 tox|[from] ability: Poison Heal
|upkeep
|turn|32
|inactive|SuchA_Nerd has 60 seconds left.
|
|t:|1758950105
|move|p1a: Kingambit|Sucker Punch|p2a: Gliscor
|-damage|p2a: Gliscor|0 fnt
|faint|p2a: Gliscor
|
|win|mucino
|raw|mucino's rating: 1336 &rarr; <strong>1353</strong><br />(+17 for winning)
|raw|SuchA_Nerd's rating: 1286 &rarr; <strong>1265</strong><br />(-21 for losing)
|l|☆SuchA_Nerd
|player|p2|
|l|☆mucino
|player|p1|
