|j|☆Cyrozen
|j|☆Isu98
|t:|1758998097
|gametype|singles
|player|p1|Cyrozen|101|1264
|player|p2|Isu98|colress|1284
|gen|9
|tier|[Gen 9] OU
|rated|
|rule|HP Percentage Mod: HP is shown in percentages
|rule|Endless Battle Clause: Forcing endless battles is banned
|rule|Species Clause: Limit one of each Pokémon
|rule|OHKO Clause: OHKO moves are banned
|rule|Evasion Items Clause: Evasion items are banned
|rule|Evasion Moves Clause: Evasion moves are banned
|rule|Evasion Abilities Clause: Evasion abilities are banned
|rule|Sleep Moves Clause: Sleep-inducing moves are banned
|clearpoke
|poke|p1|Cinderace, F|
|poke|p1|Kingambit, F|
|poke|p1|Dragapult, M|
|poke|p1|Iron Valiant|
|poke|p1|Okidogi, M|
|poke|p1|Greninja-*, M|
|poke|p2|Malamar, F|
|poke|p2|Chandelure, F|
|poke|p2|Mandibuzz, F|
|poke|p2|Garchomp, M|
|poke|p2|Thundurus-Therian, M|
|poke|p2|Araquanid, F|
|teampreview
|inactive|Battle timer is ON: inactive players will automatically lose when time's up. (requested by Isu98)
|
|t:|1758998111
|teamsize|p1|6
|teamsize|p2|6
|start
|switch|p1a: Dragapult|Dragapult, M|100/100
|switch|p2a: Malamar|Malamar, F|100/100
|turn|1
|inactive|Cyrozen has 120 seconds left.
|
|t:|1758998145
|-terastallize|p1a: Dragapult|Dragon
|move|p1a: Dragapult|Flamethrower|p2a: Malamar
|-damage|p2a: Malamar|69/100
|move|p2a: Malamar|Knock Off|p1a: Dragapult
|-damage|p1a: Dragapult|60/100
|-enditem|p1a: Dragapult|Choice Specs|[from] move: Knock Off|[of] p2a: Malamar
|
|upkeep
|turn|2
|inactive|Cyrozen has 120 seconds left.
|
|t:|1758998156
|move|p1a: Dragapult|Hydro Pump|p2a: Malamar
|-crit|p2a: Malamar
|-damage|p2a: Malamar|31/100
|move|p2a: Malamar|Superpower|p1a: Dragapult
|-damage|p1a: Dragapult|26/100
|-boost|p2a: Malamar|atk|1
|-boost|p2a: Malamar|def|1
|
|upkeep
|turn|3
|
|t:|1758998164
|move|p1a: Dragapult|Hydro Pump|p2a: Malamar
|-damage|p2a: Malamar|6/100
|move|p2a: Malamar|Psycho Cut|p1a: Dragapult
|-damage|p1a: Dragapult|0 fnt
|faint|p1a: Dragapult
|
|upkeep
|
|t:|1758998170
|switch|p1a: Greninja|Greninja, M|100/100
|turn|4
|
|t:|1758998181
|switch|p2a: Araquanid|Araquanid, F|100/100
|move|p1a: Greninja|Ice Beam|p2a: Araquanid
|-resisted|p2a: Araquanid
|-damage|p2a: Araquanid|92/100
|
|upkeep
|turn|5
|inactive|Cyrozen has 120 seconds left.
|
|t:|1758998201
|move|p1a: Greninja|Gunk Shot|p2a: Araquanid
|-damage|p2a: Araquanid|64/100
|move|p2a: Araquanid|Sticky Web|p1a: Greninja
|-sidestart|p1: Cyrozen|move: Sticky Web
|
|upkeep
|turn|6
|
|t:|1758998206
|move|p1a: Greninja|Gunk Shot|p2a: Araquanid
|-damage|p2a: Araquanid|34/100
|-status|p2a: Araquanid|psn
|-enditem|p2a: Araquanid|Sitrus Berry|[eat]
|-heal|p2a: Araquanid|59/100 psn|[from] item: Sitrus Berry
|move|p2a: Araquanid|Leech Life|p1a: Greninja
|-supereffective|p1a: Greninja
|-damage|p1a: Greninja|10/100
|-heal|p2a: Araquanid|97/100 psn|[from] drain|[of] p1a: Greninja
|
|-damage|p2a: Araquanid|84/100 psn|[from] psn
|upkeep
|turn|7
|
|t:|1758998218
|move|p1a: Greninja|Gunk Shot|p2a: Araquanid
|-damage|p2a: Araquanid|57/100 psn
|move|p2a: Araquanid|Leech Life|p1a: Greninja
|-supereffective|p1a: Greninja
|-damage|p1a: Greninja|0 fnt
|-heal|p2a: Araquanid|62/100 psn|[from] drain|[of] p1a: Greninja
|faint|p1a: Greninja
|
|-damage|p2a: Araquanid|49/100 psn|[from] psn
|upkeep
|inactive|Cyrozen has 120 seconds left.
|
|t:|1758998252
|switch|p1a: Okidogi|Okidogi, M|100/100
|-activate|p1a: Okidogi|move: Sticky Web
|-unboost|p1a: Okidogi|spe|1
|turn|8
|
|t:|1758998268
|move|p1a: Okidogi|Gunk Shot|p2a: Araquanid|[miss]
|-miss|p1a: Okidogi|p2a: Araquanid
|move|p2a: Araquanid|Liquidation|p1a: Okidogi
|-damage|p1a: Okidogi|59/100
|
|-damage|p2a: Araquanid|37/100 psn|[from] psn
|upkeep
|turn|9
|
|t:|1758998279
|move|p1a: Okidogi|Gunk Shot|p2a: Araquanid
|-damage|p2a: Araquanid|0 fnt
|faint|p2a: Araquanid
|
|upkeep
|
|t:|1758998287
|switch|p2a: Garchomp|Garchomp, M|100/100
|turn|10
|
|t:|1758998293
|move|p2a: Garchomp|Earthquake|p1a: Okidogi
|-supereffective|p1a: Okidogi
|-damage|p1a: Okidogi|0 fnt
|faint|p1a: Okidogi
|
|upkeep
|
|t:|1758998296
|switch|p1a: Iron Valiant|Iron Valiant|100/100
|-activate|p1a: Iron Valiant|move: Sticky Web
|-unboost|p1a: Iron Valiant|spe|1
|-enditem|p1a: Iron Valiant|Booster Energy
|-activate|p1a: Iron Valiant|ability: Quark Drive|[fromitem]
|-start|p1a: Iron Valiant|quarkdrivespa
|turn|11
|inactive|Cyrozen has 120 seconds left.
|
|t:|1758998316
|switch|p2a: Malamar|Malamar, F|6/100
|move|p1a: Iron Valiant|Moonblast|p2a: Malamar
|-supereffective|p2a: Malamar
|-damage|p2a: Malamar|0 fnt
|faint|p2a: Malamar
|
|upkeep
|
|t:|1758998322
|switch|p2a: Chandelure|Chandelure, F|100/100
|turn|12
|inactive|Cyrozen has 120 seconds left.
|
|t:|1758998328
|move|p2a: Chandelure|Flamethrower|p1a: Iron Valiant
|-damage|p1a: Iron Valiant|0 fnt
|faint|p1a: Iron Valiant
|-end|p1a: Iron Valiant|Quark Drive|[silent]
|
|upkeep
|inactive|Cyrozen has 120 seconds left.
|
|t:|1758998334
|switch|p1a: Cinderace|Cinderace, F|100/100
|-activate|p1a: Cinderace|move: Sticky Web
|-unboost|p1a: Cinderace|spe|1
|turn|13
|
|t:|1758998339
|switch|p2a: Mandibuzz|Mandibuzz, F|100/100
|move|p1a: Cinderace|Swords Dance|p1a: Cinderace
|-start|p1a: Cinderace|typechange|Normal|[from] ability: Libero
|-boost|p1a: Cinderace|atk|2
|
|upkeep
|turn|14
|
|t:|1758998351
|move|p1a: Cinderace|Pyro Ball|p2a: Mandibuzz
|-damage|p2a: Mandibuzz|56/100
|move|p2a: Mandibuzz|Foul Play|p1a: Cinderace
|-enditem|p1a: Cinderace|Focus Sash
|-damage|p1a: Cinderace|1/100
|
|upkeep
|turn|15
|
|t:|1758998370
|move|p1a: Cinderace|High Jump Kick|p2a: Mandibuzz
|-damage|p2a: Mandibuzz|6/100
|move|p2a: Mandibuzz|Foul Play|p1a: Cinderace
|-damage|p1a: Cinderace|0 fnt
|faint|p1a: Cinderace
|
|upkeep
|
|t:|1758998376
|switch|p1a: Kingambit|Kingambit, F|100/100
|-activate|p1a: Kingambit|move: Sticky Web
|-unboost|p1a: Kingambit|spe|1
|-activate|p1a: Kingambit|ability: Supreme Overlord
|-start|p1a: Kingambit|fallen5|[silent]
|turn|16
|inactive|Cyrozen has 120 seconds left.
|
|t:|1758998397
|move|p2a: Mandibuzz|Foul Play|p1a: Kingambit
|-resisted|p1a: Kingambit
|-damage|p1a: Kingambit|80/100
|move|p1a: Kingambit|Iron Head|p2a: Mandibuzz
|-damage|p2a: Mandibuzz|0 fnt
|faint|p2a: Mandibuzz
|
|upkeep
|
|t:|1758998403
|switch|p2a: Chandelure|Chandelure, F|100/100
|turn|17
|
|t:|1758998406
|move|p1a: Kingambit|Sucker Punch||[still]
|-fail|p1a: Kingambit
|move|p2a: Chandelure|Trick|p1a: Kingambit
|-activate|p2a: Chandelure|move: Trick|[of] p1a: Kingambit
|-item|p1a: Kingambit|Choice Specs|[from] move: Trick
|-item|p2a: Chandelure|Assault Vest|[from] move: Trick
|
|upkeep
|turn|18
|
|t:|1758998419
|move|p2a: Chandelure|Flamethrower|p1a: Kingambit
|-supereffective|p1a: Kingambit
|-damage|p1a: Kingambit|0 fnt
|faint|p1a: Kingambit
|-end|p1a: Kingambit|fallen5|[silent]
|
|win|Isu98
|raw|Cyrozen's rating: 1264 &rarr; <strong>1240</strong><br />(-24 for losing)
|raw|Isu98's rating: 1284 &rarr; <strong>1308</strong><br />(+24 for winning)
|l|☆Cyrozen
|player|p1|
|l|☆Isu98
|player|p2|
