|badge|p2|bronze|gen9ou|100-6
|html|<div class="broadcast-red"><strong>This battle is required to be public due to one or more player having a season medal.</strong><br />During the public phase, you can discuss the state of the ladder <a href="/seasondiscussion">in a special chatroom.</a></div>
|uhtml|medal-msg|<div class="broadcast-blue">Curious what those medals under the avatar are? PS now has Ladder Seasons! For more information, check out the <a href="https://www.smogon.com/forums/threads/3740067/">thread on Smogon.</a></div>
|raw|<div class="broadcast-blue"><strong>This battle is required to be public due to a player having a name starting with 'medal'.</div>
|j|☆Omari P
|j|☆sentinental
|t:|1759015483
|gametype|singles
|player|p1|Omari P|pokemonrangerf|1760
|player|p2|sentinental|blue-gen7|1822
|gen|9
|tier|[Gen 9] OU
|rated|
|rule|HP Percentage Mod: HP is shown in percentages
|rule|Endless Battle Clause: Forcing endless battles is banned
|rule|Species Clause: Limit one of each Pokémon
|rule|OHKO Clause: OHKO moves are banned
|rule|Evasion Items Clause: Evasion items are banned
|rule|Evasion Moves Clause: Evasion moves are banned
|rule|Evasion Abilities Clause: Evasion abilities are banned
|rule|Sleep Moves Clause: Sleep-inducing moves are banned
|clearpoke
|poke|p1|Cinderace, F|
|poke|p1|Volcanion|
|poke|p1|Torkoal, M|
|poke|p1|Mandibuzz, F|
|poke|p1|Great Tusk|
|poke|p1|Fezandipiti, M|
|poke|p2|Weavile, F|
|poke|p2|Primarina, F|
|poke|p2|Moltres|
|poke|p2|Great Tusk|
|poke|p2|Ting-Lu|
|poke|p2|Pecharunt|
|teampreview
|inactive|Battle timer is ON: inactive players will automatically lose when time's up. (requested by sentinental)
|j| amefurikoneko
|
|t:|1759015498
|teamsize|p1|6
|teamsize|p2|6
|start
|switch|p1a: Volcanion|Volcanion|100/100
|switch|p2a: Moltres|Moltres|100/100
|turn|1
|
|t:|1759015502
|switch|p2a: Primarina|Primarina, F|100/100
|move|p1a: Volcanion|Steam Eruption|p2a: Primarina
|-resisted|p2a: Primarina
|-damage|p2a: Primarina|60/100
|
|-heal|p2a: Primarina|66/100|[from] item: Leftovers
|upkeep
|turn|2
|
|t:|1759015505
|move|p1a: Volcanion|Steam Eruption|p2a: Primarina
|-resisted|p2a: Primarina
|-damage|p2a: Primarina|24/100
|move|p2a: Primarina|Calm Mind|p2a: Primarina
|-boost|p2a: Primarina|spa|1
|-boost|p2a: Primarina|spd|1
|
|-heal|p2a: Primarina|31/100|[from] item: Leftovers
|upkeep
|turn|3
|
|t:|1759015510
|move|p1a: Volcanion|Steam Eruption|p2a: Primarina
|-resisted|p2a: Primarina
|-damage|p2a: Primarina|3/100
|move|p2a: Primarina|Draining Kiss|p1a: Volcanion
|-resisted|p1a: Volcanion
|-damage|p1a: Volcanion|83/100
|-heal|p2a: Primarina|15/100|[from] drain|[of] p1a: Volcanion
|
|-heal|p2a: Primarina|21/100|[from] item: Leftovers
|upkeep
|turn|4
|
|t:|1759015513
|move|p1a: Volcanion|Steam Eruption|p2a: Primarina
|-resisted|p2a: Primarina
|-damage|p2a: Primarina|0 fnt
|faint|p2a: Primarina
|
|upkeep
|
|t:|1759015515
|switch|p2a: Great Tusk|Great Tusk|100/100
|turn|5
|
|t:|1759015517
|switch|p1a: Omari P Bird|Mandibuzz, F, shiny|100/100
|move|p2a: Great Tusk|Headlong Rush|p1a: Omari P Bird
|-immune|p1a: Omari P Bird
|
|upkeep
|turn|6
|
|t:|1759015520
|-end|p2a: Great Tusk|Protosynthesis|[silent]
|switch|p2a: Moltres|Moltres|100/100
|move|p1a: Omari P Bird|Toxic|p2a: Moltres
|-status|p2a: Moltres|tox
|
|-damage|p2a: Moltres|94/100 tox|[from] psn
|upkeep
|turn|7
|j| dsvdv
|
|t:|1759015525
|switch|p1a: Volcanion|Volcanion|83/100
|move|p2a: Moltres|Hurricane|p1a: Volcanion
|-damage|p1a: Volcanion|18/100
|-start|p1a: Volcanion|confusion
|
|-damage|p2a: Moltres|82/100 tox|[from] psn
|upkeep
|turn|8
|
|t:|1759015529
|move|p2a: Moltres|Scorching Sands|p1a: Volcanion
|-supereffective|p1a: Volcanion
|-damage|p1a: Volcanion|0 fnt
|faint|p1a: Volcanion
|
|-damage|p2a: Moltres|63/100 tox|[from] psn
|upkeep
|j| Rizzofreko
|
|t:|1759015531
|switch|p1a: Torkoal|Torkoal, M, shiny|100/100
|-weather|SunnyDay|[from] ability: Drought|[of] p1a: Torkoal
|turn|9
|
|t:|1759015533
|move|p2a: Moltres|Scorching Sands|p1a: Torkoal
|-supereffective|p1a: Torkoal
|-crit|p1a: Torkoal
|-damage|p1a: Torkoal|11/100
|move|p1a: Torkoal|Stealth Rock|p2a: Moltres
|-sidestart|p2: sentinental|move: Stealth Rock
|
|-weather|SunnyDay|[upkeep]
|-damage|p2a: Moltres|38/100 tox|[from] psn
|upkeep
|turn|10
|
|t:|1759015536
|move|p2a: Moltres|Flamethrower|p1a: Torkoal
|-resisted|p1a: Torkoal
|-damage|p1a: Torkoal|0 fnt
|faint|p1a: Torkoal
|
|-weather|SunnyDay|[upkeep]
|-damage|p2a: Moltres|7/100 tox|[from] psn
|upkeep
|
|t:|1759015538
|switch|p1a: Cinderace|Cinderace, F|100/100
|turn|11
|
|t:|1759015543
|move|p1a: Cinderace|Pyro Ball|p2a: Moltres
|-resisted|p2a: Moltres
|-damage|p2a: Moltres|0 fnt
|faint|p2a: Moltres
|
|-weather|SunnyDay|[upkeep]
|upkeep
|
|t:|1759015545
|switch|p2a: Great Tusk|Great Tusk|100/100
|-damage|p2a: Great Tusk|98/100|[from] Stealth Rock
|-activate|p2a: Great Tusk|ability: Protosynthesis
|-start|p2a: Great Tusk|protosynthesisatk
|turn|12
|
|t:|1759015548
|-terastallize|p1a: Cinderace|Fire
|move|p2a: Great Tusk|Close Combat|p1a: Cinderace
|-damage|p1a: Cinderace|0 fnt
|-unboost|p2a: Great Tusk|def|1
|-unboost|p2a: Great Tusk|spd|1
|faint|p1a: Cinderace
|
|-weather|SunnyDay|[upkeep]
|upkeep
|
|t:|1759015553
|switch|p1a: Haku|Great Tusk, shiny|100/100
|-activate|p1a: Haku|ability: Protosynthesis
|-start|p1a: Haku|protosynthesisatk
|turn|13
|
|t:|1759015559
|move|p2a: Great Tusk|Close Combat|p1a: Haku
|-damage|p1a: Haku|37/100
|-unboost|p2a: Great Tusk|def|1
|-unboost|p2a: Great Tusk|spd|1
|move|p1a: Haku|Headlong Rush|p2a: Great Tusk
|-damage|p2a: Great Tusk|0 fnt
|-unboost|p1a: Haku|def|1
|-unboost|p1a: Haku|spd|1
|faint|p2a: Great Tusk
|-end|p2a: Great Tusk|Protosynthesis|[silent]
|
|-weather|SunnyDay|[upkeep]
|upkeep
|
|t:|1759015564
|switch|p2a: Weavile|Weavile, F|100/100
|-damage|p2a: Weavile|76/100|[from] Stealth Rock
|-ability|p2a: Weavile|Pressure
|turn|14
|l| Rizzofreko
|
|t:|1759015568
|-terastallize|p2a: Weavile|Ice
|move|p2a: Weavile|Ice Shard|p1a: Haku
|-supereffective|p1a: Haku
|-damage|p1a: Haku|0 fnt
|faint|p1a: Haku
|-end|p1a: Haku|Protosynthesis|[silent]
|
|-weather|SunnyDay|[upkeep]
|upkeep
|
|t:|1759015572
|switch|p1a: Chihiro|Fezandipiti, M|100/100
|turn|15
|
|t:|1759015575
|switch|p2a: Ting-Lu|Ting-Lu|100/100
|-damage|p2a: Ting-Lu|94/100|[from] Stealth Rock
|-ability|p2a: Ting-Lu|Vessel of Ruin
|move|p1a: Chihiro|Moonblast|p2a: Ting-Lu
|-supereffective|p2a: Ting-Lu
|-damage|p2a: Ting-Lu|66/100
|
|-weather|SunnyDay|[upkeep]
|-heal|p2a: Ting-Lu|72/100|[from] item: Leftovers
|upkeep
|turn|16
|
|t:|1759015577
|switch|p1a: Omari P Bird|Mandibuzz, F, shiny|100/100
|move|p2a: Ting-Lu|Earthquake|p1a: Omari P Bird
|-immune|p1a: Omari P Bird
|
|-weather|none
|-heal|p2a: Ting-Lu|78/100|[from] item: Leftovers
|upkeep
|turn|17
|
|t:|1759015579
|move|p1a: Omari P Bird|Foul Play|p2a: Ting-Lu
|-resisted|p2a: Ting-Lu
|-damage|p2a: Ting-Lu|69/100
|move|p2a: Ting-Lu|Stealth Rock|p1a: Omari P Bird
|-sidestart|p1: Omari P|move: Stealth Rock
|
|-heal|p2a: Ting-Lu|75/100|[from] item: Leftovers
|upkeep
|turn|18
|
|t:|1759015581
|move|p1a: Omari P Bird|Toxic|p2a: Ting-Lu
|-status|p2a: Ting-Lu|tox
|move|p2a: Ting-Lu|Ruination|p1a: Omari P Bird
|-damage|p1a: Omari P Bird|50/100
|
|-heal|p2a: Ting-Lu|81/100 tox|[from] item: Leftovers
|-damage|p2a: Ting-Lu|75/100 tox|[from] psn
|upkeep
|turn|19
|
|t:|1759015585
|switch|p2a: Weavile|Weavile, F, tera:Ice|76/100
|-damage|p2a: Weavile|51/100|[from] Stealth Rock
|-ability|p2a: Weavile|Pressure
|move|p1a: Omari P Bird|Roost|p1a: Omari P Bird
|-heal|p1a: Omari P Bird|100/100
|-singleturn|p1a: Omari P Bird|move: Roost
|
|upkeep
|turn|20
|
|t:|1759015587
|move|p2a: Weavile|Icicle Crash|p1a: Omari P Bird
|-supereffective|p1a: Omari P Bird
|-damage|p1a: Omari P Bird|4/100
|move|p1a: Omari P Bird|Foul Play|p2a: Weavile
|-damage|p2a: Weavile|0 fnt
|faint|p2a: Weavile
|
|upkeep
|
|t:|1759015590
|switch|p2a: Pecharunt|Pecharunt|100/100
|turn|21
|
|t:|1759015593
|switch|p1a: Chihiro|Fezandipiti, M|100/100
|-damage|p1a: Chihiro|88/100|[from] Stealth Rock
|move|p2a: Pecharunt|Malignant Chain|p1a: Chihiro
|-damage|p1a: Chihiro|65/100
|
|-heal|p1a: Chihiro|71/100|[from] item: Leftovers
|upkeep
|turn|22
|
|t:|1759015598
|move|p1a: Chihiro|Nasty Plot|p1a: Chihiro
|-boost|p1a: Chihiro|spa|2
|move|p2a: Pecharunt|Malignant Chain|p1a: Chihiro
|-damage|p1a: Chihiro|48/100
|
|-heal|p1a: Chihiro|54/100|[from] item: Leftovers
|upkeep
|turn|23
|
|t:|1759015604
|move|p1a: Chihiro|Nasty Plot|p1a: Chihiro
|-boost|p1a: Chihiro|spa|2
|move|p2a: Pecharunt|Malignant Chain|p1a: Chihiro
|-damage|p1a: Chihiro|32/100
|
|-heal|p1a: Chihiro|38/100|[from] item: Leftovers
|upkeep
|turn|24
|
|t:|1759015609
|switch|p2a: Ting-Lu|Ting-Lu|75/100 tox
|-damage|p2a: Ting-Lu|69/100 tox|[from] Stealth Rock
|-ability|p2a: Ting-Lu|Vessel of Ruin
|move|p1a: Chihiro|Moonblast|p2a: Ting-Lu
|-supereffective|p2a: Ting-Lu
|-damage|p2a: Ting-Lu|0 fnt
|faint|p2a: Ting-Lu
|
|-heal|p1a: Chihiro|44/100|[from] item: Leftovers
|upkeep
|-message|sentinental forfeited.
|
|win|Omari P
|raw|Omari P's rating: 1760 &rarr; <strong>1784</strong><br />(+24 for winning)
|raw|sentinental's rating: 1822 &rarr; <strong>1798</strong><br />(-24 for losing)
|l|☆sentinental
|player|p2|
