|j|☆sveinung12321
|j|☆Perola Z
|t:|1759077046
|gametype|singles
|player|p1|sveinung12321|101|1487
|player|p2|Perola Z|elesa|1443
|gen|9
|tier|[Gen 9] OU
|rated|
|rule|HP Percentage Mod: HP is shown in percentages
|rule|Endless Battle Clause: Forcing endless battles is banned
|rule|Species Clause: Limit one of each Pokémon
|rule|OHKO Clause: OHKO moves are banned
|rule|Evasion Items Clause: Evasion items are banned
|rule|Evasion Moves Clause: Evasion moves are banned
|rule|Evasion Abilities Clause: Evasion abilities are banned
|rule|Sleep Moves Clause: Sleep-inducing moves are banned
|clearpoke
|poke|p1|Dragapult, F|
|poke|p1|Zamazenta-*|
|poke|p1|Landorus-Therian, M|
|poke|p1|Weezing-Galar, M|
|poke|p1|Corviknight, M|
|poke|p1|Raging Bolt|
|poke|p2|Landorus-Therian, M|
|poke|p2|Enamorus, F|
|poke|p2|Latios, M|
|poke|p2|Cinderace, F|
|poke|p2|Gengar, F|
|poke|p2|Primarina, F|
|teampreview
|inactive|Battle timer is ON: inactive players will automatically lose when time's up. (requested by sveinung12321)
|
|t:|1759077069
|teamsize|p1|6
|teamsize|p2|6
|start
|switch|p1a: Dragapult|Dragapult, F|100/100
|switch|p2a: Primarina|Primarina, F|100/100
|turn|1
|
|t:|1759077078
|move|p1a: Dragapult|U-turn|p2a: Primarina
|-resisted|p2a: Primarina
|-damage|p2a: Primarina|88/100
|
|t:|1759077084
|switch|p1a: Corviknight|Corviknight, M|100/100|[from] U-turn
|-ability|p1a: Corviknight|Pressure
|move|p2a: Primarina|Flip Turn|p1a: Corviknight
|-damage|p1a: Corviknight|89/100
|
|t:|1759077087
|switch|p2a: Gengar|Gengar, F|100/100|[from] Flip Turn
|
|-heal|p1a: Corviknight|95/100|[from] item: Leftovers
|upkeep
|turn|2
|
|t:|1759077090
|move|p2a: Gengar|Shadow Ball|p1a: Corviknight
|-damage|p1a: Corviknight|60/100
|-damage|p2a: Gengar|91/100|[from] item: Life Orb
|move|p1a: Corviknight|U-turn|p2a: Gengar
|-resisted|p2a: Gengar
|-damage|p2a: Gengar|83/100
|
|t:|1759077094
|switch|p1a: Dragapult|Dragapult, F|100/100|[from] U-turn
|
|upkeep
|turn|3
|
|t:|1759077104
|switch|p2a: Primarina|Primarina, F|88/100
|move|p1a: Dragapult|Shadow Ball|p2a: Primarina
|-damage|p2a: Primarina|38/100
|
|upkeep
|turn|4
|
|t:|1759077120
|switch|p2a: Enamorus|Enamorus, F|100/100
|move|p1a: Dragapult|Shadow Ball|p2a: Enamorus
|-damage|p2a: Enamorus|30/100
|
|upkeep
|turn|5
|
|t:|1759077125
|switch|p1a: Corviknight|Corviknight, M|60/100
|-ability|p1a: Corviknight|Pressure
|move|p2a: Enamorus|Moonblast|p1a: Corviknight
|-resisted|p1a: Corviknight
|-damage|p1a: Corviknight|42/100
|-unboost|p1a: Corviknight|spa|1
|
|-heal|p1a: Corviknight|48/100|[from] item: Leftovers
|upkeep
|turn|6
|
|t:|1759077136
|switch|p2a: Gengar|Gengar, F|83/100
|move|p1a: Corviknight|U-turn|p2a: Gengar
|-resisted|p2a: Gengar
|-damage|p2a: Gengar|76/100
|
|t:|1759077138
|switch|p1a: Dragapult|Dragapult, F|100/100|[from] U-turn
|
|upkeep
|turn|7
|
|t:|1759077145
|switch|p2a: Primarina|Primarina, F|38/100
|move|p1a: Dragapult|Shadow Ball|p2a: Primarina
|-damage|p2a: Primarina|0 fnt
|faint|p2a: Primarina
|
|upkeep
|
|t:|1759077151
|switch|p2a: Enamorus|Enamorus, F|30/100
|turn|8
|
|t:|1759077161
|switch|p1a: Corviknight|Corviknight, M|48/100
|-ability|p1a: Corviknight|Pressure
|move|p2a: Enamorus|Mystical Fire|p1a: Corviknight
|-supereffective|p1a: Corviknight
|-damage|p1a: Corviknight|13/100
|-unboost|p1a: Corviknight|spa|1
|
|-heal|p1a: Corviknight|20/100|[from] item: Leftovers
|upkeep
|turn|9
|
|t:|1759077169
|move|p2a: Enamorus|Mystical Fire|p1a: Corviknight
|-supereffective|p1a: Corviknight
|-damage|p1a: Corviknight|0 fnt
|faint|p1a: Corviknight
|
|upkeep
|inactive|sveinung12321 has 120 seconds left.
|
|t:|1759077203
|switch|p1a: Weezing|Weezing-Galar, M|100/100
|-ability|p1a: Weezing|Neutralizing Gas
|turn|10
|
|t:|1759077214
|switch|p2a: Gengar|Gengar, F|76/100
|move|p1a: Weezing|Sludge Bomb|p2a: Gengar
|-resisted|p2a: Gengar
|-damage|p2a: Gengar|66/100
|
|upkeep
|turn|11
|
|t:|1759077222
|-end|p1a: Weezing|ability: Neutralizing Gas
|switch|p1a: Landorus|Landorus-Therian, M|100/100
|-ability|p1a: Landorus|Intimidate|boost
|-unboost|p2a: Gengar|atk|1
|move|p2a: Gengar|Shadow Ball|p1a: Landorus
|-damage|p1a: Landorus|57/100
|-damage|p2a: Gengar|56/100|[from] item: Life Orb
|
|-heal|p1a: Landorus|63/100|[from] item: Leftovers
|upkeep
|turn|12
|
|t:|1759077241
|move|p2a: Gengar|Shadow Ball|p1a: Landorus
|-damage|p1a: Landorus|21/100
|-damage|p2a: Gengar|46/100|[from] item: Life Orb
|move|p1a: Landorus|U-turn|p2a: Gengar
|-resisted|p2a: Gengar
|-damage|p2a: Gengar|33/100
|
|t:|1759077244
|switch|p1a: Dragapult|Dragapult, F|100/100|[from] U-turn
|
|upkeep
|turn|13
|
|t:|1759077252
|switch|p2a: Cinderace|Cinderace, F|100/100
|move|p1a: Dragapult|Shadow Ball|p2a: Cinderace
|-damage|p2a: Cinderace|32/100
|
|upkeep
|turn|14
|
|t:|1759077256
|switch|p1a: Landorus|Landorus-Therian, M|21/100
|-ability|p1a: Landorus|Intimidate|boost
|-unboost|p2a: Cinderace|atk|1
|move|p2a: Cinderace|U-turn|p1a: Landorus
|-start|p2a: Cinderace|typechange|Bug|[from] ability: Libero
|-resisted|p1a: Landorus
|-damage|p1a: Landorus|11/100
|
|t:|1759077272
|switch|p2a: Enamorus|Enamorus, F|30/100|[from] U-turn
|
|-heal|p1a: Landorus|17/100|[from] item: Leftovers
|upkeep
|turn|15
|
|t:|1759077277
|move|p2a: Enamorus|Moonblast|p1a: Landorus
|-damage|p1a: Landorus|0 fnt
|faint|p1a: Landorus
|
|upkeep
|
|t:|1759077280
|switch|p1a: Dragapult|Dragapult, F|100/100
|turn|16
|
|t:|1759077289
|switch|p1a: Weezing|Weezing-Galar, M|100/100
|-ability|p1a: Weezing|Neutralizing Gas
|move|p2a: Enamorus|Moonblast|p1a: Weezing
|-resisted|p1a: Weezing
|-damage|p1a: Weezing|68/100
|
|upkeep
|turn|17
|
|t:|1759077300
|switch|p2a: Gengar|Gengar, F|33/100
|-end|p1a: Weezing|ability: Neutralizing Gas
|switch|p1a: Dragapult|Dragapult, F|100/100
|
|upkeep
|turn|18
|
|t:|1759077305
|switch|p2a: Cinderace|Cinderace, F|32/100
|move|p1a: Dragapult|Shadow Ball|p2a: Cinderace
|-damage|p2a: Cinderace|0 fnt
|faint|p2a: Cinderace
|
|upkeep
|
|t:|1759077307
|switch|p2a: Enamorus|Enamorus, F|30/100
|turn|19
|
|t:|1759077311
|switch|p1a: Weezing|Weezing-Galar, M|68/100
|-ability|p1a: Weezing|Neutralizing Gas
|-terastallize|p2a: Enamorus|Fairy
|move|p2a: Enamorus|Moonblast|p1a: Weezing
|-resisted|p1a: Weezing
|-damage|p1a: Weezing|23/100
|
|upkeep
|turn|20
|
|t:|1759077319
|move|p2a: Enamorus|Moonblast|p1a: Weezing
|-resisted|p1a: Weezing
|-damage|p1a: Weezing|0 fnt
|faint|p1a: Weezing
|-end|p1a: Weezing|ability: Neutralizing Gas
|
|upkeep
|
|t:|1759077320
|switch|p1a: Raging Bolt|Raging Bolt|100/100
|-enditem|p1a: Raging Bolt|Booster Energy
|-activate|p1a: Raging Bolt|ability: Protosynthesis|[fromitem]
|-start|p1a: Raging Bolt|protosynthesisspa
|turn|21
|
|t:|1759077327
|switch|p2a: Gengar|Gengar, F|33/100
|move|p1a: Raging Bolt|Dragon Pulse|p2a: Gengar
|-damage|p2a: Gengar|0 fnt
|-start|p1a: Raging Bolt|Disable|Dragon Pulse|[from] ability: Cursed Body|[of] p2a: Gengar
|faint|p2a: Gengar
|
|upkeep
|
|t:|1759077339
|switch|p2a: Latios|Latios, M|100/100
|turn|22
|
|t:|1759077364
|-end|p1a: Raging Bolt|Protosynthesis|[silent]
|switch|p1a: Zamazenta|Zamazenta|100/100
|-ability|p1a: Zamazenta|Dauntless Shield|boost
|-boost|p1a: Zamazenta|def|1
|move|p2a: Latios|Draco Meteor|p1a: Zamazenta
|-damage|p1a: Zamazenta|2/100
|-unboost|p2a: Latios|spa|2
|
|-heal|p1a: Zamazenta|8/100|[from] item: Leftovers
|upkeep
|turn|23
|
|t:|1759077375
|move|p1a: Zamazenta|Crunch|p2a: Latios
|-supereffective|p2a: Latios
|-damage|p2a: Latios|25/100
|-unboost|p2a: Latios|def|1
|move|p2a: Latios|Draco Meteor|p1a: Zamazenta
|-damage|p1a: Zamazenta|0 fnt
|-unboost|p2a: Latios|spa|2
|faint|p1a: Zamazenta
|
|upkeep
|
|t:|1759077379
|switch|p1a: Dragapult|Dragapult, F|100/100
|turn|24
|
|t:|1759077387
|move|p1a: Dragapult|U-turn|p2a: Latios
|-supereffective|p2a: Latios
|-damage|p2a: Latios|0 fnt
|faint|p2a: Latios
|
|t:|1759077389
|switch|p1a: Raging Bolt|Raging Bolt|100/100|[from] U-turn
|
|upkeep
|
|t:|1759077400
|switch|p2a: Landorus|Landorus-Therian, M|100/100
|-ability|p2a: Landorus|Intimidate|boost
|-unboost|p1a: Raging Bolt|atk|1
|turn|25
|
|t:|1759077405
|-end|p1a: Raging Bolt|Protosynthesis|[silent]
|switch|p1a: Dragapult|Dragapult, F|100/100
|move|p2a: Landorus|Earthquake|p1a: Dragapult
|-damage|p1a: Dragapult|0 fnt
|faint|p1a: Dragapult
|
|upkeep
|-message|sveinung12321 forfeited.
|
|win|Perola Z
|raw|sveinung12321's rating: 1487 &rarr; <strong>1463</strong><br />(-24 for losing)
|raw|Perola Z's rating: 1420 &rarr; <strong>1444</strong><br />(+24 for winning)
|l|☆sveinung12321
|player|p1|
