|j|☆Swagataka
|j|☆SCiZ0rking
|t:|1758922996
|gametype|singles
|player|p1|Swagataka|byron|1647
|player|p2|SCiZ0rking|youngster-gen4dp|1557
|gen|9
|tier|[Gen 9] OU
|rated|
|rule|HP Percentage Mod: HP is shown in percentages
|rule|Endless Battle Clause: Forcing endless battles is banned
|rule|Species Clause: Limit one of each Pokémon
|rule|OHKO Clause: OHKO moves are banned
|rule|Evasion Items Clause: Evasion items are banned
|rule|Evasion Moves Clause: Evasion moves are banned
|rule|Evasion Abilities Clause: Evasion abilities are banned
|rule|Sleep Moves Clause: Sleep-inducing moves are banned
|clearpoke
|poke|p1|Quaquaval, F|
|poke|p1|Pecharunt|
|poke|p1|Great Tusk|
|poke|p1|Iron Crown|
|poke|p1|Lokix, M|
|poke|p1|Kingambit, F|
|poke|p2|Scizor, M|
|poke|p2|Garchomp, F|
|poke|p2|Dragapult, F|
|poke|p2|Moltres-Galar|
|poke|p2|Hatterene, F|
|poke|p2|Iron Treads|
|teampreview
|inactive|Battle timer is ON: inactive players will automatically lose when time's up. (requested by SCiZ0rking)
|
|t:|1758923026
|teamsize|p1|6
|teamsize|p2|6
|start
|switch|p1a: Steely Don|Great Tusk|100/100
|switch|p2a: Dragapult|Dragapult, F|100/100
|turn|1
|
|t:|1758923033
|-end|p1a: Steely Don|Protosynthesis|[silent]
|switch|p1a: Irönhead|Kingambit, F|100/100
|-item|p1a: Irönhead|Air Balloon
|move|p2a: Dragapult|Will-O-Wisp|p1a: Irönhead
|-status|p1a: Irönhead|brn
|
|-damage|p1a: Irönhead|94/100 brn|[from] brn
|upkeep
|turn|2
|
|t:|1758923050
|switch|p2a: Garchomp|Garchomp, F|100/100
|move|p1a: Irönhead|Stealth Rock|p2a: Garchomp
|-sidestart|p2: SCiZ0rking|move: Stealth Rock
|
|-damage|p1a: Irönhead|88/100 brn|[from] brn
|upkeep
|turn|3
|
|t:|1758923060
|switch|p1a: Steely Don|Great Tusk|100/100
|move|p2a: Garchomp|Stealth Rock|p1a: Steely Don
|-sidestart|p1: Swagataka|move: Stealth Rock
|
|upkeep
|turn|4
|
|t:|1758923073
|-terastallize|p2a: Garchomp|Ghost
|move|p1a: Steely Don|Ice Spinner|p2a: Garchomp
|-damage|p2a: Garchomp|82/100
|-damage|p1a: Steely Don|88/100|[from] ability: Rough Skin|[of] p2a: Garchomp
|-damage|p1a: Steely Don|72/100|[from] item: Rocky Helmet|[of] p2a: Garchomp
|move|p2a: Garchomp|Spikes|p1a: Steely Don
|-sidestart|p1: Swagataka|Spikes
|
|upkeep
|turn|5
|
|t:|1758923079
|move|p1a: Steely Don|Knock Off|p2a: Garchomp
|-supereffective|p2a: Garchomp
|-damage|p2a: Garchomp|39/100
|-damage|p1a: Steely Don|59/100|[from] ability: Rough Skin|[of] p2a: Garchomp
|-damage|p1a: Steely Don|43/100|[from] item: Rocky Helmet|[of] p2a: Garchomp
|-enditem|p2a: Garchomp|Rocky Helmet|[from] move: Knock Off|[of] p1a: Steely Don
|move|p2a: Garchomp|Spikes|p1a: Steely Don
|-sidestart|p1: Swagataka|Spikes
|
|upkeep
|turn|6
|
|t:|1758923100
|switch|p2a: Hatterene|Hatterene, F|100/100
|-damage|p2a: Hatterene|88/100|[from] Stealth Rock
|move|p1a: Steely Don|Headlong Rush|p2a: Hatterene
|-damage|p2a: Hatterene|39/100
|-unboost|p1a: Steely Don|def|1
|-unboost|p1a: Steely Don|spd|1
|
|-heal|p2a: Hatterene|45/100|[from] item: Leftovers
|upkeep
|turn|7
|
|t:|1758923105
|switch|p2a: Moltres|Moltres-Galar|100/100
|-damage|p2a: Moltres|76/100|[from] Stealth Rock
|move|p1a: Steely Don|Headlong Rush|p2a: Moltres
|-immune|p2a: Moltres
|
|upkeep
|turn|8
|
|t:|1758923114
|move|p1a: Steely Don|Rapid Spin|p2a: Moltres
|-damage|p2a: Moltres|57/100
|-boost|p1a: Steely Don|spe|1
|-sideend|p1: Swagataka|Spikes|[from] move: Rapid Spin|[of] p1a: Steely Don
|-sideend|p1: Swagataka|Stealth Rock|[from] move: Rapid Spin|[of] p1a: Steely Don
|move|p2a: Moltres|U-turn|p1a: Steely Don
|-resisted|p1a: Steely Don
|-damage|p1a: Steely Don|36/100
|
|t:|1758923135
|switch|p2a: Scizor|Scizor, M|100/100|[from] U-turn
|-damage|p2a: Scizor|88/100|[from] Stealth Rock
|
|upkeep
|turn|9
|
|t:|1758923155
|-end|p1a: Steely Don|Protosynthesis|[silent]
|switch|p1a: Apacherunt|Pecharunt|100/100
|move|p2a: Scizor|Bullet Punch|p1a: Apacherunt
|-damage|p1a: Apacherunt|80/100
|-damage|p2a: Scizor|78/100|[from] item: Life Orb
|
|upkeep
|turn|10
|
|t:|1758923166
|move|p1a: Apacherunt|Shadow Ball|p2a: Scizor
|-damage|p2a: Scizor|48/100
|move|p2a: Scizor|Swords Dance|p2a: Scizor
|-boost|p2a: Scizor|atk|2
|
|upkeep
|turn|11
|
|t:|1758923174
|move|p1a: Apacherunt|Shadow Ball|p2a: Scizor
|-damage|p2a: Scizor|14/100
|move|p2a: Scizor|Knock Off|p1a: Apacherunt
|-supereffective|p1a: Apacherunt
|-damage|p1a: Apacherunt|0 fnt
|-enditem|p1a: Apacherunt|Heavy-Duty Boots|[from] move: Knock Off|[of] p2a: Scizor
|faint|p1a: Apacherunt
|-damage|p2a: Scizor|4/100|[from] item: Life Orb
|
|upkeep
|
|t:|1758923188
|switch|p1a: Quack Sabbath|Quaquaval, F|100/100
|turn|12
|
|t:|1758923204
|switch|p2a: Dragapult|Dragapult, F|100/100
|move|p1a: Quack Sabbath|Bulk Up|p1a: Quack Sabbath
|-boost|p1a: Quack Sabbath|atk|1
|-boost|p1a: Quack Sabbath|def|1
|
|upkeep
|turn|13
|
|t:|1758923210
|-terastallize|p1a: Quack Sabbath|Fire
|move|p2a: Dragapult|Will-O-Wisp|p1a: Quack Sabbath
|-immune|p1a: Quack Sabbath
|move|p1a: Quack Sabbath|Aqua Step|p2a: Dragapult
|-resisted|p2a: Dragapult
|-damage|p2a: Dragapult|62/100
|-boost|p1a: Quack Sabbath|spe|1
|
|upkeep
|turn|14
|inactive|SCiZ0rking has 120 seconds left.
|
|t:|1758923256
|move|p2a: Dragapult|Dragon Darts|p1a: Quack Sabbath
|-damage|p1a: Quack Sabbath|86/100
|-anim|p2a: Dragapult|Dragon Darts|p1a: Quack Sabbath
|-damage|p1a: Quack Sabbath|70/100
|move|p1a: Quack Sabbath|Aqua Step|p2a: Dragapult
|-resisted|p2a: Dragapult
|-crit|p2a: Dragapult
|-damage|p2a: Dragapult|5/100
|-boost|p1a: Quack Sabbath|spe|1
|
|-heal|p1a: Quack Sabbath|76/100|[from] item: Leftovers
|upkeep
|turn|15
|
|t:|1758923266
|move|p1a: Quack Sabbath|Bulk Up|p1a: Quack Sabbath
|-boost|p1a: Quack Sabbath|atk|1
|-boost|p1a: Quack Sabbath|def|1
|move|p2a: Dragapult|Dragon Darts|p1a: Quack Sabbath
|-damage|p1a: Quack Sabbath|63/100
|-anim|p2a: Dragapult|Dragon Darts|p1a: Quack Sabbath
|-damage|p1a: Quack Sabbath|52/100
|
|-heal|p1a: Quack Sabbath|59/100|[from] item: Leftovers
|upkeep
|turn|16
|
|t:|1758923271
|move|p1a: Quack Sabbath|Aqua Step|p2a: Dragapult
|-resisted|p2a: Dragapult
|-damage|p2a: Dragapult|0 fnt
|-boost|p1a: Quack Sabbath|spe|1
|faint|p2a: Dragapult
|-ability|p1a: Quack Sabbath|Moxie|boost
|-boost|p1a: Quack Sabbath|atk|1
|
|-heal|p1a: Quack Sabbath|65/100|[from] item: Leftovers
|upkeep
|-message|SCiZ0rking forfeited.
|
|win|Swagataka
|raw|Swagataka's rating: 1647 &rarr; <strong>1662</strong><br />(+15 for winning)
|raw|SCiZ0rking's rating: 1557 &rarr; <strong>1542</strong><br />(-15 for losing)
|l|☆SCiZ0rking
|player|p2|
|l|☆Swagataka
|player|p1|
