|j|☆RobloxLoser
|j|☆lerendezvous
|t:|1758989334
|gametype|singles
|player|p1|RobloxLoser|hugh|1703
|player|p2|lerendezvous|101|1743
|gen|9
|tier|[Gen 9] OU
|rated|
|rule|HP Percentage Mod: HP is shown in percentages
|rule|Endless Battle Clause: Forcing endless battles is banned
|rule|Species Clause: Limit one of each Pokémon
|rule|OHKO Clause: OHKO moves are banned
|rule|Evasion Items Clause: Evasion items are banned
|rule|Evasion Moves Clause: Evasion moves are banned
|rule|Evasion Abilities Clause: Evasion abilities are banned
|rule|Sleep Moves Clause: Sleep-inducing moves are banned
|clearpoke
|poke|p1|Dragonite, F|
|poke|p1|Weezing-Galar, M|
|poke|p1|Alomomola, F|
|poke|p1|Gholdengo|
|poke|p1|Latios, M|
|poke|p1|Great Tusk|
|poke|p2|Ogerpon-Wellspring, F|
|poke|p2|Slowking-Galar, F|
|poke|p2|Great Tusk|
|poke|p2|Moltres|
|poke|p2|Dragapult, F|
|poke|p2|Kingambit, F|
|teampreview
|j| GracieVGC
|inactive|Battle timer is ON: inactive players will automatically lose when time's up. (requested by lerendezvous)
|c|☆RobloxLoser|not you for the 99999th time
|j| Squallskip
|
|t:|1758989365
|teamsize|p1|6
|teamsize|p2|6
|start
|switch|p1a: Great Tusk|Great Tusk|100/100
|switch|p2a: Slowking|Slowking-Galar, F|100/100
|turn|1
|
|t:|1758989371
|-terastallize|p2a: Slowking|Water
|move|p1a: Great Tusk|Stealth Rock|p2a: Slowking
|-sidestart|p2: lerendezvous|move: Stealth Rock
|move|p2a: Slowking|Ice Beam|p1a: Great Tusk
|-supereffective|p1a: Great Tusk
|-damage|p1a: Great Tusk|19/100
|
|upkeep
|turn|2
|j| Just Icicle
|c| Squallskip|Who thought it was a good idea to run the exact same team thousands of times
|c|☆RobloxLoser|is that for me or him
|
|t:|1758989393
|-end|p1a: Great Tusk|Protosynthesis|[silent]
|switch|p1a: Alomomola|Alomomola, F|100/100
|move|p2a: Slowking|Ice Beam|p1a: Alomomola
|-resisted|p1a: Alomomola
|-damage|p1a: Alomomola|94/100
|
|upkeep
|turn|3
|
|t:|1758989403
|move|p1a: Alomomola|Body Slam|p2a: Slowking
|-damage|p2a: Slowking|87/100
|move|p2a: Slowking|Flamethrower|p1a: Alomomola
|-resisted|p1a: Alomomola
|-damage|p1a: Alomomola|86/100
|
|upkeep
|turn|4
|c| Squallskip|I saw Lerendezvous' team alrady like 50 times
|
|t:|1758989408
|move|p1a: Alomomola|Body Slam|p2a: Slowking
|-damage|p2a: Slowking|70/100
|move|p2a: Slowking|Sludge Bomb|p1a: Alomomola
|-damage|p1a: Alomomola|66/100
|-status|p1a: Alomomola|psn
|
|-damage|p1a: Alomomola|54/100 psn|[from] psn
|upkeep
|turn|5
|
|t:|1758989414
|move|p1a: Alomomola|Body Slam|p2a: Slowking
|-damage|p2a: Slowking|56/100
|move|p2a: Slowking|Psyshock|p1a: Alomomola
|-damage|p1a: Alomomola|24/100 psn
|
|-damage|p1a: Alomomola|12/100 psn|[from] psn
|upkeep
|turn|6
|
|t:|1758989419
|move|p1a: Alomomola|Flip Turn|p2a: Slowking
|-resisted|p2a: Slowking
|-damage|p2a: Slowking|48/100
|j| FaronAan
|
|t:|1758989424
|switch|p1a: Gholdengo|Gholdengo|100/100|[from] Flip Turn
|move|p2a: Slowking|Ice Beam|p1a: Gholdengo
|-resisted|p1a: Gholdengo
|-damage|p1a: Gholdengo|84/100
|
|upkeep
|turn|7
|
|t:|1758989443
|switch|p1a: Latios|Latios, M|100/100
|move|p2a: Slowking|Flamethrower|p1a: Latios
|-resisted|p1a: Latios
|-damage|p1a: Latios|85/100
|-status|p1a: Latios|brn
|
|-damage|p1a: Latios|79/100 brn|[from] brn
|upkeep
|turn|8
|c| FaronAan|lerendezvous and I think it's one other person that are bots
|c| FaronAan|they load up the same teams and insta click every turn
|c|☆RobloxLoser|this guy made this same exact play like 3 times
|c|☆RobloxLoser|against me
|inactive|RobloxLoser has 120 seconds left.
|
|t:|1758989475
|switch|p1a: Alomomola|Alomomola, F|45/100 psn
|move|p2a: Slowking|Ice Beam|p1a: Alomomola
|-resisted|p1a: Alomomola
|-damage|p1a: Alomomola|38/100 psn
|
|-damage|p1a: Alomomola|26/100 psn|[from] psn
|upkeep
|turn|9
|inactive|RobloxLoser has 120 seconds left.
|
|t:|1758989493
|move|p1a: Alomomola|Body Slam|p2a: Slowking
|-damage|p2a: Slowking|33/100
|-status|p2a: Slowking|par
|move|p2a: Slowking|Psyshock|p1a: Alomomola
|-damage|p1a: Alomomola|0 fnt
|faint|p1a: Alomomola
|
|upkeep
|
|t:|1758989501
|switch|p1a: Great Tusk|Great Tusk|19/100
|turn|10
|
|t:|1758989505
|switch|p2a: Moltres|Moltres|100/100
|move|p1a: Great Tusk|Headlong Rush|p2a: Moltres
|-immune|p2a: Moltres
|
|upkeep
|turn|11
|c| FaronAan|oh right it's lerendezvous and sunny dancing
|
|t:|1758989514
|-end|p1a: Great Tusk|Protosynthesis|[silent]
|switch|p1a: Dragonite|Dragonite, F|100/100
|move|p2a: Moltres|Flamethrower|p1a: Dragonite
|-resisted|p1a: Dragonite
|-damage|p1a: Dragonite|91/100
|
|upkeep
|turn|12
|c| FaronAan|exact same teams and play the exact same way
|
|t:|1758989523
|switch|p1a: Weezing|Weezing-Galar, M|100/100
|-ability|p1a: Weezing|Neutralizing Gas
|move|p2a: Moltres|Flamethrower|p1a: Weezing
|-damage|p1a: Weezing|46/100
|
|upkeep
|turn|13
|c| Squallskip|So at least you know the sets
|
|t:|1758989533
|-end|p1a: Weezing|ability: Neutralizing Gas
|switch|p1a: Dragonite|Dragonite, F|91/100
|move|p2a: Moltres|Flamethrower|p1a: Dragonite
|-resisted|p1a: Dragonite
|-damage|p1a: Dragonite|72/100
|
|upkeep
|turn|14
|
|t:|1758989539
|move|p1a: Dragonite|Roost|p1a: Dragonite
|-heal|p1a: Dragonite|100/100
|-singleturn|p1a: Dragonite|move: Roost
|move|p2a: Moltres|Flamethrower|p1a: Dragonite
|-resisted|p1a: Dragonite
|-damage|p1a: Dragonite|92/100
|
|upkeep
|turn|15
|c|☆RobloxLoser|is this going to spam flamethrower for 5 years
|
|t:|1758989550
|move|p2a: Moltres|Flamethrower|p1a: Dragonite
|-resisted|p1a: Dragonite
|-damage|p1a: Dragonite|73/100
|move|p1a: Dragonite|Dragon Tail|p2a: Moltres
|-damage|p2a: Moltres|78/100
|drag|p2a: Dragapult|Dragapult, F|100/100
|
|upkeep
|turn|16
|c| FaronAan|I think if you dd it roars?
|c| FaronAan|idr
|
|t:|1758989564
|switch|p1a: Weezing|Weezing-Galar, M|46/100
|-ability|p1a: Weezing|Neutralizing Gas
|move|p2a: Dragapult|Dragon Darts|p1a: Weezing
|-immune|p1a: Weezing
|
|upkeep
|turn|17
|
|t:|1758989571
|switch|p2a: Slowking|Slowking-Galar, F, tera:Water|66/100 par
|-damage|p2a: Slowking|54/100 par|[from] Stealth Rock
|move|p1a: Weezing|Pain Split|p2a: Slowking
|-sethp|p2a: Slowking|46/100 par|[from] move: Pain Split|[silent]
|-sethp|p1a: Weezing|54/100|[from] move: Pain Split
|
|upkeep
|turn|18
|c| Squallskip|You could just run a Dragonite that beats the team
|
|t:|1758989589
|move|p1a: Weezing|Sludge Bomb|p2a: Slowking
|-damage|p2a: Slowking|33/100 par
|cant|p2a: Slowking|par
|
|upkeep
|turn|19
|
|t:|1758989596
|move|p1a: Weezing|Sludge Bomb|p2a: Slowking
|-crit|p2a: Slowking
|-damage|p2a: Slowking|10/100 par
|move|p2a: Slowking|Ice Beam|p1a: Weezing
|-damage|p1a: Weezing|16/100
|
|upkeep
|turn|20
|
|t:|1758989605
|move|p1a: Weezing|Sludge Bomb|p2a: Slowking
|-damage|p2a: Slowking|0 fnt
|faint|p2a: Slowking
|
|upkeep
|
|t:|1758989611
|switch|p2a: Kingambit|Kingambit, F|100/100
|-damage|p2a: Kingambit|94/100|[from] Stealth Rock
|turn|21
|c| FaronAan|if you want to snipe this team
|
|t:|1758989617
|move|p2a: Kingambit|Iron Head|p1a: Weezing
|-supereffective|p1a: Weezing
|-damage|p1a: Weezing|0 fnt
|faint|p1a: Weezing
|-end|p1a: Weezing|ability: Neutralizing Gas
|-activate|p2a: Kingambit|ability: Supreme Overlord
|-start|p2a: Kingambit|fallen1|[silent]
|
|-heal|p2a: Kingambit|100/100|[from] item: Leftovers
|upkeep
|c| FaronAan|just bring a sub woger
|
|t:|1758989623
|switch|p1a: Great Tusk|Great Tusk|19/100
|turn|22
|
|t:|1758989629
|-end|p1a: Great Tusk|Protosynthesis|[silent]
|switch|p1a: Latios|Latios, M|79/100 brn
|-end|p2a: Kingambit|fallen1|[silent]
|switch|p2a: Moltres|Moltres|78/100
|
|-damage|p1a: Latios|73/100 brn|[from] brn
|upkeep
|turn|23
|
|t:|1758989633
|move|p1a: Latios|Calm Mind|p1a: Latios
|-boost|p1a: Latios|spa|1
|-boost|p1a: Latios|spd|1
|move|p2a: Moltres|Roost|p2a: Moltres
|-heal|p2a: Moltres|100/100
|-singleturn|p2a: Moltres|move: Roost
|
|-damage|p1a: Latios|67/100 brn|[from] brn
|upkeep
|turn|24
|
|t:|1758989638
|switch|p2a: Kingambit|Kingambit, F|100/100
|-damage|p2a: Kingambit|94/100|[from] Stealth Rock
|-activate|p2a: Kingambit|ability: Supreme Overlord
|-start|p2a: Kingambit|fallen1|[silent]
|move|p1a: Latios|Calm Mind|p1a: Latios
|-boost|p1a: Latios|spa|1
|-boost|p1a: Latios|spd|1
|
|-heal|p2a: Kingambit|100/100|[from] item: Leftovers
|-damage|p1a: Latios|61/100 brn|[from] brn
|upkeep
|turn|25
|
|t:|1758989643
|move|p1a: Latios|Draco Meteor|p2a: Kingambit
|-resisted|p2a: Kingambit
|-damage|p2a: Kingambit|18/100
|-unboost|p1a: Latios|spa|2
|move|p2a: Kingambit|Iron Head|p1a: Latios
|-damage|p1a: Latios|0 fnt
|faint|p1a: Latios
|
|-heal|p2a: Kingambit|24/100|[from] item: Leftovers
|upkeep
|
|t:|1758989653
|switch|p1a: Dragonite|Dragonite, F|73/100
|turn|26
|
|t:|1758989657
|move|p1a: Dragonite|Roost|p1a: Dragonite
|-heal|p1a: Dragonite|100/100
|-singleturn|p1a: Dragonite|move: Roost
|move|p2a: Kingambit|Iron Head|p1a: Dragonite
|-damage|p1a: Dragonite|76/100
|
|-heal|p2a: Kingambit|31/100|[from] item: Leftovers
|upkeep
|turn|27
|
|t:|1758989663
|move|p1a: Dragonite|Earthquake|p2a: Kingambit
|-supereffective|p2a: Kingambit
|-damage|p2a: Kingambit|0 fnt
|faint|p2a: Kingambit
|-end|p2a: Kingambit|fallen1|[silent]
|
|upkeep
|
|t:|1758989669
|switch|p2a: Great Tusk|Great Tusk|100/100
|-damage|p2a: Great Tusk|98/100|[from] Stealth Rock
|turn|28
|
|t:|1758989677
|-terastallize|p1a: Dragonite|Normal
|move|p2a: Great Tusk|Ice Spinner|p1a: Dragonite
|-damage|p1a: Dragonite|49/100
|move|p1a: Dragonite|Roost|p1a: Dragonite
|-heal|p1a: Dragonite|99/100
|
|upkeep
|turn|29
|
|t:|1758989683
|move|p2a: Great Tusk|Headlong Rush|p1a: Dragonite
|-damage|p1a: Dragonite|40/100
|-unboost|p2a: Great Tusk|def|1
|-unboost|p2a: Great Tusk|spd|1
|move|p1a: Dragonite|Roost|p1a: Dragonite
|-heal|p1a: Dragonite|90/100
|
|upkeep
|turn|30
|
|t:|1758989688
|move|p2a: Great Tusk|Headlong Rush|p1a: Dragonite
|-damage|p1a: Dragonite|27/100
|-unboost|p2a: Great Tusk|def|1
|-unboost|p2a: Great Tusk|spd|1
|move|p1a: Dragonite|Roost|p1a: Dragonite
|-heal|p1a: Dragonite|77/100
|
|upkeep
|turn|31
|
|t:|1758989693
|move|p1a: Dragonite|Extreme Speed|p2a: Great Tusk
|-damage|p2a: Great Tusk|24/100
|-damage|p1a: Dragonite|61/100|[from] item: Rocky Helmet|[of] p2a: Great Tusk
|move|p2a: Great Tusk|Headlong Rush|p1a: Dragonite
|-damage|p1a: Dragonite|0 fnt
|-unboost|p2a: Great Tusk|def|1
|-unboost|p2a: Great Tusk|spd|1
|faint|p1a: Dragonite
|
|upkeep
|
|t:|1758989698
|switch|p1a: Gholdengo|Gholdengo|84/100
|turn|32
|
|t:|1758989702
|move|p1a: Gholdengo|Shadow Ball|p2a: Great Tusk
|-damage|p2a: Great Tusk|0 fnt
|faint|p2a: Great Tusk
|-end|p2a: Great Tusk|Protosynthesis|[silent]
|
|upkeep
|
|t:|1758989708
|switch|p2a: Moltres|Moltres|100/100
|turn|33
|
|t:|1758989712
|move|p1a: Gholdengo|Shadow Ball|p2a: Moltres
|-damage|p2a: Moltres|54/100
|move|p2a: Moltres|Flamethrower|p1a: Gholdengo
|-supereffective|p1a: Gholdengo
|-damage|p1a: Gholdengo|0 fnt
|faint|p1a: Gholdengo
|
|upkeep
|
|t:|1758989715
|switch|p1a: Great Tusk|Great Tusk|19/100
|turn|34
|
|t:|1758989719
|move|p1a: Great Tusk|Ice Spinner|p2a: Moltres
|-damage|p2a: Moltres|34/100
|move|p2a: Moltres|Flamethrower|p1a: Great Tusk
|-damage|p1a: Great Tusk|0 fnt
|faint|p1a: Great Tusk
|-end|p1a: Great Tusk|Protosynthesis|[silent]
|
|win|lerendezvous
|raw|RobloxLoser's rating: 1703 &rarr; <strong>1685</strong><br />(-18 for losing)
|raw|lerendezvous's rating: 1743 &rarr; <strong>1761</strong><br />(+18 for winning)
