|j|☆isk2
|j|☆vonia
|t:|1758947359
|gametype|singles
|player|p1|isk2|cyrus|1256
|player|p2|vonia|101|1305
|gen|9
|tier|[Gen 9] OU
|rated|
|rule|HP Percentage Mod: HP is shown in percentages
|rule|Endless Battle Clause: Forcing endless battles is banned
|rule|Species Clause: Limit one of each Pokémon
|rule|OHKO Clause: OHKO moves are banned
|rule|Evasion Items Clause: Evasion items are banned
|rule|Evasion Moves Clause: Evasion moves are banned
|rule|Evasion Abilities Clause: Evasion abilities are banned
|rule|Sleep Moves Clause: Sleep-inducing moves are banned
|clearpoke
|poke|p1|Meowscarada, F|
|poke|p1|Dragonite, M|
|poke|p1|Corviknight, M|
|poke|p1|Samurott-Hisui, F|
|poke|p1|Thundurus-Therian, M|
|poke|p1|Iron Moth|
|poke|p2|Gyarados, M|
|poke|p2|Incineroar, M|
|poke|p2|Corviknight, M|
|poke|p2|Umbreon, M|
|poke|p2|Clodsire, M|
|poke|p2|Hatterene, F|
|teampreview
|inactive|Battle timer is ON: inactive players will automatically lose when time's up. (requested by vonia)
|inactive|isk2 also wants the timer to be on.
|
|t:|1758947370
|teamsize|p1|6
|teamsize|p2|6
|start
|switch|p1a: Samurott|Samurott-Hisui, F|100/100
|switch|p2a: Incineroar|Incineroar, M|100/100
|-ability|p2a: Incineroar|Intimidate|boost
|-unboost|p1a: Samurott|atk|1
|turn|1
|
|t:|1758947377
|switch|p1a: Corviknight|Corviknight, M|100/100
|-ability|p1a: Corviknight|Pressure
|move|p2a: Incineroar|Will-O-Wisp|p1a: Corviknight
|-status|p1a: Corviknight|brn
|
|-damage|p1a: Corviknight|94/100 brn|[from] brn
|upkeep
|turn|2
|
|t:|1758947384
|switch|p1a: Samurott|Samurott-Hisui, F|100/100
|move|p2a: Incineroar|Knock Off|p1a: Samurott
|-resisted|p1a: Samurott
|-damage|p1a: Samurott|79/100
|-enditem|p1a: Samurott|Assault Vest|[from] move: Knock Off|[of] p2a: Incineroar
|
|upkeep
|turn|3
|
|t:|1758947386
|move|p1a: Samurott|Sacred Sword|p2a: Incineroar
|-supereffective|p2a: Incineroar
|-damage|p2a: Incineroar|39/100
|move|p2a: Incineroar|Will-O-Wisp|p1a: Samurott|[miss]
|-miss|p2a: Incineroar|p1a: Samurott
|
|upkeep
|turn|4
|
|t:|1758947393
|switch|p2a: Hatterene|Hatterene, F, shiny|100/100
|move|p1a: Samurott|Ceaseless Edge|p2a: Hatterene|[miss]
|-miss|p1a: Samurott|p2a: Hatterene
|
|upkeep
|turn|5
|inactive|vonia has 120 seconds left.
|l|☆vonia
|inactive|vonia disconnected and has a minute to reconnect!
|player|p2|
|inactive|vonia has 30 seconds to reconnect!
|j|☆vonia
|inactive|vonia reconnected and has 90 seconds left.
|player|p2|vonia|101|
|
|t:|1758947459
|switch|p1a: Iron Moth|Iron Moth|100/100
|-enditem|p1a: Iron Moth|Booster Energy
|-activate|p1a: Iron Moth|ability: Quark Drive|[fromitem]
|-start|p1a: Iron Moth|quarkdrivespa
|move|p2a: Hatterene|Calm Mind|p2a: Hatterene
|-boost|p2a: Hatterene|spa|1
|-boost|p2a: Hatterene|spd|1
|
|upkeep
|turn|6
|
|t:|1758947463
|move|p1a: Iron Moth|Sludge Wave|p2a: Hatterene
|-supereffective|p2a: Hatterene
|-damage|p2a: Hatterene|36/100
|move|p2a: Hatterene|Psyshock|p1a: Iron Moth
|-supereffective|p1a: Iron Moth
|-damage|p1a: Iron Moth|0 fnt
|faint|p1a: Iron Moth
|-end|p1a: Iron Moth|Quark Drive|[silent]
|
|-heal|p2a: Hatterene|42/100|[from] item: Leftovers
|upkeep
|
|t:|1758947473
|switch|p1a: Meowscarada|Meowscarada, F|100/100
|turn|7
|
|t:|1758947476
|switch|p2a: Corviknight|Corviknight, M|100/100
|-ability|p2a: Corviknight|Pressure
|move|p1a: Meowscarada|Flower Trick|p2a: Corviknight
|-resisted|p2a: Corviknight
|-crit|p2a: Corviknight
|-damage|p2a: Corviknight|91/100
|-damage|p1a: Meowscarada|91/100|[from] item: Life Orb
|
|-heal|p2a: Corviknight|97/100|[from] item: Leftovers
|upkeep
|turn|8
|
|t:|1758947483
|switch|p1a: Thundurus|Thundurus-Therian, M|100/100
|move|p2a: Corviknight|Body Press|p1a: Thundurus
|-resisted|p1a: Thundurus
|-damage|p1a: Thundurus|82/100
|
|-heal|p2a: Corviknight|100/100|[from] item: Leftovers
|upkeep
|turn|9
|inactive|vonia has 120 seconds left.
|
|t:|1758947490
|switch|p1a: Meowscarada|Meowscarada, F|91/100
|switch|p2a: Clodsire|Clodsire, M, shiny|100/100
|
|upkeep
|turn|10
|
|t:|1758947495
|switch|p2a: Corviknight|Corviknight, M|100/100
|-ability|p2a: Corviknight|Pressure
|move|p1a: Meowscarada|Triple Axel|p2a: Corviknight
|-damage|p2a: Corviknight|95/100
|-crit|p2a: Corviknight
|-damage|p2a: Corviknight|80/100
|-hitcount|p2a: Corviknight|2
|-damage|p1a: Meowscarada|81/100|[from] item: Life Orb
|
|-heal|p2a: Corviknight|86/100|[from] item: Leftovers
|upkeep
|turn|11
|
|t:|1758947501
|move|p1a: Meowscarada|Knock Off|p2a: Corviknight
|-damage|p2a: Corviknight|54/100
|-enditem|p2a: Corviknight|Leftovers|[from] move: Knock Off|[of] p1a: Meowscarada
|-damage|p1a: Meowscarada|71/100|[from] item: Life Orb
|move|p2a: Corviknight|Body Press|p1a: Meowscarada
|-supereffective|p1a: Meowscarada
|-damage|p1a: Meowscarada|0 fnt
|faint|p1a: Meowscarada
|
|upkeep
|
|t:|1758947513
|switch|p1a: Thundurus|Thundurus-Therian, M|82/100
|turn|12
|
|t:|1758947517
|switch|p2a: Clodsire|Clodsire, M, shiny|100/100
|move|p1a: Thundurus|Volt Switch|p2a: Clodsire
|-immune|p2a: Clodsire
|
|upkeep
|turn|13
|-message|isk2 forfeited.
|
|win|vonia
|raw|isk2's rating: 1256 &rarr; <strong>1235</strong><br />(-21 for losing)
|raw|vonia's rating: 1305 &rarr; <strong>1322</strong><br />(+17 for winning)
|l|☆isk2
|player|p1|
