|j|☆Yorushika666
|j|☆CatfishAquarium
|t:|1758983154
|gametype|singles
|player|p1|Yorushika666|lass-gen4dp|1117
|player|p2|CatfishAquarium|saturn|1174
|gen|9
|tier|[Gen 9] OU
|rated|
|rule|HP Percentage Mod: HP is shown in percentages
|rule|Endless Battle Clause: Forcing endless battles is banned
|rule|Species Clause: Limit one of each Pokémon
|rule|OHKO Clause: OHKO moves are banned
|rule|Evasion Items Clause: Evasion items are banned
|rule|Evasion Moves Clause: Evasion moves are banned
|rule|Evasion Abilities Clause: Evasion abilities are banned
|rule|Sleep Moves Clause: Sleep-inducing moves are banned
|clearpoke
|poke|p1|Clefable, F|
|poke|p1|Articuno|
|poke|p1|Ursaring, F|
|poke|p1|Hydreigon, F|
|poke|p1|Ninetales, F|
|poke|p1|Decidueye, M|
|poke|p2|Raging Bolt|
|poke|p2|Dragonite, F|
|poke|p2|Ninetales-Alola, M|
|poke|p2|Araquanid, M|
|poke|p2|Typhlosion-Hisui, F|
|poke|p2|Corviknight, M|
|teampreview
|inactive|Battle timer is ON: inactive players will automatically lose when time's up. (requested by Yorushika666)
|inactive|CatfishAquarium also wants the timer to be on.
|
|t:|1758983177
|teamsize|p1|6
|teamsize|p2|6
|start
|switch|p1a: Articuno|Articuno|100/100
|switch|p2a: Araquanid|Araquanid, M|100/100
|-ability|p1a: Articuno|Pressure
|turn|1
|
|t:|1758983188
|move|p1a: Articuno|Air Slash|p2a: Araquanid
|-supereffective|p2a: Araquanid
|-damage|p2a: Araquanid|49/100
|-enditem|p2a: Araquanid|Red Card|[of] p1a: Articuno
|drag|p1a: Hydreigon|Hydreigon, F|100/100
|cant|p2a: Araquanid|flinch
|
|upkeep
|turn|2
|
|t:|1758983198
|move|p1a: Hydreigon|Substitute|p1a: Hydreigon
|-start|p1a: Hydreigon|Substitute
|-damage|p1a: Hydreigon|76/100
|move|p2a: Araquanid|Leech Life|p1a: Hydreigon
|-supereffective|p1a: Hydreigon
|-end|p1a: Hydreigon|Substitute
|-heal|p2a: Araquanid|61/100|[from] drain|[of] p1a: Hydreigon
|
|-heal|p1a: Hydreigon|82/100|[from] item: Leftovers
|upkeep
|turn|3
|
|t:|1758983210
|move|p1a: Hydreigon|Draco Meteor|p2a: Araquanid
|-damage|p2a: Araquanid|12/100
|-unboost|p1a: Hydreigon|spa|2
|move|p2a: Araquanid|Leech Life|p1a: Hydreigon
|-supereffective|p1a: Hydreigon
|-damage|p1a: Hydreigon|15/100
|-heal|p2a: Araquanid|44/100|[from] drain|[of] p1a: Hydreigon
|
|-heal|p1a: Hydreigon|21/100|[from] item: Leftovers
|upkeep
|turn|4
|
|t:|1758983231
|switch|p1a: Articuno|Articuno|100/100
|-ability|p1a: Articuno|Pressure
|move|p2a: Araquanid|Sticky Web|p1a: Articuno
|-sidestart|p1: Yorushika666|move: Sticky Web
|
|upkeep
|turn|5
|
|t:|1758983242
|move|p1a: Articuno|Ice Beam|p2a: Araquanid
|-resisted|p2a: Araquanid
|-damage|p2a: Araquanid|28/100
|move|p2a: Araquanid|Liquidation|p1a: Articuno
|-damage|p1a: Articuno|32/100
|
|upkeep
|turn|6
|
|t:|1758983253
|move|p1a: Articuno|Ice Beam|p2a: Araquanid
|-resisted|p2a: Araquanid
|-damage|p2a: Araquanid|13/100
|move|p2a: Araquanid|Liquidation|p1a: Articuno
|-damage|p1a: Articuno|0 fnt
|faint|p1a: Articuno
|
|upkeep
|
|t:|1758983264
|switch|p1a: Decidueye|Decidueye, M|100/100
|-activate|p1a: Decidueye|move: Sticky Web
|-unboost|p1a: Decidueye|spe|1
|turn|7
|
|t:|1758983270
|move|p1a: Decidueye|Shadow Sneak|p2a: Araquanid
|-damage|p2a: Araquanid|0 fnt
|faint|p2a: Araquanid
|
|upkeep
|
|t:|1758983273
|switch|p2a: Ninetales|Ninetales-Alola, M|100/100
|-weather|Snowscape|[from] ability: Snow Warning|[of] p2a: Ninetales
|turn|8
|
|t:|1758983280
|switch|p1a: Ninetales|Ninetales, F|100/100
|-activate|p1a: Ninetales|move: Sticky Web
|-unboost|p1a: Ninetales|spe|1
|move|p2a: Ninetales|Moonblast|p1a: Ninetales
|-resisted|p1a: Ninetales
|-damage|p1a: Ninetales|81/100
|
|-weather|Snowscape|[upkeep]
|-heal|p1a: Ninetales|87/100|[from] item: Leftovers
|upkeep
|turn|9
|
|t:|1758983306
|switch|p2a: Raging Bolt|Raging Bolt|100/100
|switch|p1a: Clefable|Clefable, F|100/100
|-activate|p1a: Clefable|move: Sticky Web
|-unboost|p1a: Clefable|spe|1
|
|-weather|Snowscape|[upkeep]
|upkeep
|turn|10
|
|t:|1758983315
|move|p2a: Raging Bolt|Volt Switch|p1a: Clefable
|-damage|p1a: Clefable|60/100
|
|t:|1758983321
|-end|p2a: Raging Bolt|Protosynthesis|[silent]
|switch|p2a: Ninetales|Ninetales-Alola, M|100/100|[from] Volt Switch
|move|p1a: Clefable|Calm Mind|p1a: Clefable
|-boost|p1a: Clefable|spa|1
|-boost|p1a: Clefable|spd|1
|
|-weather|Snowscape|[upkeep]
|-heal|p1a: Clefable|66/100|[from] item: Leftovers
|upkeep
|turn|11
|
|t:|1758983340
|move|p2a: Ninetales|Aurora Veil|p2a: Ninetales
|-sidestart|p2: CatfishAquarium|move: Aurora Veil
|move|p1a: Clefable|Moonlight|p1a: Clefable
|-heal|p1a: Clefable|91/100
|
|-weather|Snowscape|[upkeep]
|-heal|p1a: Clefable|97/100|[from] item: Leftovers
|upkeep
|turn|12
|
|t:|1758983363
|switch|p2a: Corviknight|Corviknight, M|100/100
|-ability|p2a: Corviknight|Pressure
|move|p1a: Clefable|Thunder Wave|p2a: Corviknight
|-status|p2a: Corviknight|par
|
|-weather|none
|-heal|p1a: Clefable|100/100|[from] item: Leftovers
|upkeep
|turn|13
|
|t:|1758983378
|-terastallize|p1a: Clefable|Steel
|move|p1a: Clefable|Calm Mind|p1a: Clefable
|-boost|p1a: Clefable|spa|1
|-boost|p1a: Clefable|spd|1
|move|p2a: Corviknight|Iron Defense|p2a: Corviknight
|-boost|p2a: Corviknight|def|2
|
|upkeep
|turn|14
|
|t:|1758983396
|move|p1a: Clefable|Moonblast|p2a: Corviknight
|-resisted|p2a: Corviknight
|-damage|p2a: Corviknight|86/100 par
|-unboost|p2a: Corviknight|spa|1
|move|p2a: Corviknight|Iron Defense|p2a: Corviknight
|-boost|p2a: Corviknight|def|2
|
|upkeep
|turn|15
|
|t:|1758983406
|move|p1a: Clefable|Moonblast|p2a: Corviknight
|-resisted|p2a: Corviknight
|-damage|p2a: Corviknight|70/100 par
|move|p2a: Corviknight|Iron Defense|p2a: Corviknight
|-boost|p2a: Corviknight|def|2
|
|upkeep
|turn|16
|
|t:|1758983414
|move|p1a: Clefable|Moonblast|p2a: Corviknight
|-resisted|p2a: Corviknight
|-damage|p2a: Corviknight|55/100 par
|-unboost|p2a: Corviknight|spa|1
|move|p2a: Corviknight|Body Press|p1a: Clefable
|-supereffective|p1a: Clefable
|-damage|p1a: Clefable|61/100
|
|-heal|p1a: Clefable|68/100|[from] item: Leftovers
|upkeep
|turn|17
|
|t:|1758983437
|move|p1a: Clefable|Moonlight|p1a: Clefable
|-heal|p1a: Clefable|100/100
|cant|p2a: Corviknight|par
|
|upkeep
|turn|18
|
|t:|1758983445
|move|p1a: Clefable|Calm Mind|p1a: Clefable
|-boost|p1a: Clefable|spa|1
|-boost|p1a: Clefable|spd|1
|cant|p2a: Corviknight|par
|
|-sideend|p2: CatfishAquarium|move: Aurora Veil
|upkeep
|turn|19
|
|t:|1758983453
|move|p1a: Clefable|Calm Mind|p1a: Clefable
|-boost|p1a: Clefable|spa|1
|-boost|p1a: Clefable|spd|1
|move|p2a: Corviknight|Roost|p2a: Corviknight
|-heal|p2a: Corviknight|100/100 par
|-singleturn|p2a: Corviknight|move: Roost
|
|upkeep
|turn|20
|
|t:|1758983461
|move|p1a: Clefable|Calm Mind|p1a: Clefable
|-boost|p1a: Clefable|spa|1
|-boost|p1a: Clefable|spd|1
|cant|p2a: Corviknight|par
|
|upkeep
|turn|21
|
|t:|1758983467
|move|p1a: Clefable|Calm Mind|p1a: Clefable
|-boost|p1a: Clefable|spa|1
|-boost|p1a: Clefable|spd|1
|move|p2a: Corviknight|Body Press|p1a: Clefable
|-supereffective|p1a: Clefable
|-damage|p1a: Clefable|57/100
|
|-heal|p1a: Clefable|63/100|[from] item: Leftovers
|upkeep
|turn|22
|
|t:|1758983478
|move|p1a: Clefable|Moonblast|p2a: Corviknight
|-resisted|p2a: Corviknight
|-damage|p2a: Corviknight|39/100 par
|-unboost|p2a: Corviknight|spa|1
|cant|p2a: Corviknight|par
|
|-heal|p1a: Clefable|70/100|[from] item: Leftovers
|upkeep
|turn|23
|
|t:|1758983487
|move|p1a: Clefable|Moonblast|p2a: Corviknight
|-resisted|p2a: Corviknight
|-crit|p2a: Corviknight
|-damage|p2a: Corviknight|0 fnt
|faint|p2a: Corviknight
|
|-heal|p1a: Clefable|76/100|[from] item: Leftovers
|upkeep
|
|t:|1758983490
|switch|p2a: Dragonite|Dragonite, F, shiny|100/100
|turn|24
|
|t:|1758983507
|move|p2a: Dragonite|Earthquake|p1a: Clefable
|-supereffective|p1a: Clefable
|-damage|p1a: Clefable|11/100
|move|p1a: Clefable|Moonblast|p2a: Dragonite
|-supereffective|p2a: Dragonite
|-damage|p2a: Dragonite|0 fnt
|faint|p2a: Dragonite
|
|-heal|p1a: Clefable|17/100|[from] item: Leftovers
|upkeep
|
|t:|1758983512
|switch|p2a: Typhlosion|Typhlosion-Hisui, F|100/100
|turn|25
|
|t:|1758983520
|switch|p1a: Ninetales|Ninetales, F|87/100
|-activate|p1a: Ninetales|move: Sticky Web
|-unboost|p1a: Ninetales|spe|1
|move|p2a: Typhlosion|Eruption|p1a: Ninetales
|-start|p1a: Ninetales|ability: Flash Fire
|
|-heal|p1a: Ninetales|93/100|[from] item: Leftovers
|upkeep
|turn|26
|
|t:|1758983531
|switch|p2a: Raging Bolt|Raging Bolt|100/100
|move|p1a: Ninetales|Fire Spin|p2a: Raging Bolt
|-resisted|p2a: Raging Bolt
|-damage|p2a: Raging Bolt|96/100
|-activate|p2a: Raging Bolt|move: Fire Spin|[of] p1a: Ninetales
|
|-heal|p1a: Ninetales|99/100|[from] item: Leftovers
|-damage|p2a: Raging Bolt|84/100|[from] move: Fire Spin|[partiallytrapped]
|upkeep
|turn|27
|inactive|Yorushika666 has 120 seconds left.
|
|t:|1758983568
|-end|p1a: Ninetales|ability: Flash Fire|[silent]
|switch|p1a: Ursaring|Ursaring, F|100/100
|-activate|p1a: Ursaring|move: Sticky Web
|-unboost|p1a: Ursaring|spe|1
|move|p2a: Raging Bolt|Volt Switch|p1a: Ursaring
|-damage|p1a: Ursaring|71/100
|
|t:|1758983575
|-end|p2a: Raging Bolt|Protosynthesis|[silent]
|switch|p2a: Typhlosion|Typhlosion-Hisui, F|100/100|[from] Volt Switch
|
|upkeep
|turn|28
|
|t:|1758983580
|move|p2a: Typhlosion|Focus Blast|p1a: Ursaring|[miss]
|-miss|p2a: Typhlosion|p1a: Ursaring
|move|p1a: Ursaring|Earthquake|p2a: Typhlosion
|-supereffective|p2a: Typhlosion
|-damage|p2a: Typhlosion|0 fnt
|faint|p2a: Typhlosion
|
|upkeep
|
|t:|1758983584
|switch|p2a: Raging Bolt|Raging Bolt|84/100
|turn|29
|
|t:|1758983591
|move|p2a: Raging Bolt|Draco Meteor|p1a: Ursaring
|-damage|p1a: Ursaring|8/100
|-unboost|p2a: Raging Bolt|spa|2
|move|p1a: Ursaring|Earthquake|p2a: Raging Bolt
|-supereffective|p2a: Raging Bolt
|-damage|p2a: Raging Bolt|20/100
|
|upkeep
|turn|30
|
|t:|1758983600
|move|p2a: Raging Bolt|Volt Switch|p1a: Ursaring
|-damage|p1a: Ursaring|0 fnt
|faint|p1a: Ursaring
|
|t:|1758983602
|-end|p2a: Raging Bolt|Protosynthesis|[silent]
|switch|p2a: Ninetales|Ninetales-Alola, M|100/100|[from] Volt Switch
|-weather|Snowscape|[from] ability: Snow Warning|[of] p2a: Ninetales
|
|-weather|Snowscape|[upkeep]
|upkeep
|
|t:|1758983615
|switch|p1a: Ninetales|Ninetales, F|99/100
|-activate|p1a: Ninetales|move: Sticky Web
|-unboost|p1a: Ninetales|spe|1
|turn|31
|
|t:|1758983620
|move|p2a: Ninetales|Moonblast|p1a: Ninetales
|-resisted|p1a: Ninetales
|-damage|p1a: Ninetales|81/100
|move|p1a: Ninetales|Fire Spin|p2a: Ninetales
|-supereffective|p2a: Ninetales
|-damage|p2a: Ninetales|77/100
|-activate|p2a: Ninetales|move: Fire Spin|[of] p1a: Ninetales
|
|-weather|Snowscape|[upkeep]
|-heal|p1a: Ninetales|87/100|[from] item: Leftovers
|-damage|p2a: Ninetales|65/100|[from] move: Fire Spin|[partiallytrapped]
|upkeep
|turn|32
|-message|CatfishAquarium forfeited.
|
|win|Yorushika666
|raw|Yorushika666's rating: 1117 &rarr; <strong>1146</strong><br />(+29 for winning)
|raw|CatfishAquarium's rating: 1174 &rarr; <strong>1145</strong><br />(-29 for losing)
|l|☆CatfishAquarium
|player|p2|
|l|☆Yorushika666
|player|p1|
