|j|☆hungrymane
|j|☆apotato135
|t:|1759009884
|gametype|singles
|player|p1|hungrymane|101|1559
|player|p2|apotato135|swimmer-gen4dp|1601
|gen|9
|tier|[Gen 9] OU
|rated|
|rule|HP Percentage Mod: HP is shown in percentages
|rule|Endless Battle Clause: Forcing endless battles is banned
|rule|Species Clause: Limit one of each Pokémon
|rule|OHKO Clause: OHKO moves are banned
|rule|Evasion Items Clause: Evasion items are banned
|rule|Evasion Moves Clause: Evasion moves are banned
|rule|Evasion Abilities Clause: Evasion abilities are banned
|rule|Sleep Moves Clause: Sleep-inducing moves are banned
|clearpoke
|poke|p1|Gengar, F|
|poke|p1|Greninja-*, F|
|poke|p1|Ribombee, M|
|poke|p1|Drifblim, M|
|poke|p1|Gyarados, F|
|poke|p1|Necrozma|
|poke|p2|Ninetales-Alola, M|
|poke|p2|Kyurem|
|poke|p2|Primeape, F|
|poke|p2|Enamorus, F|
|poke|p2|Moltres-Galar|
|poke|p2|Iron Treads|
|teampreview
|
|t:|1759009893
|teamsize|p1|6
|teamsize|p2|6
|start
|switch|p1a: Greninja|Greninja, F|100/100
|switch|p2a: Iron Treads|Iron Treads|100/100
|-enditem|p2a: Iron Treads|Booster Energy
|-activate|p2a: Iron Treads|ability: Quark Drive|[fromitem]
|-start|p2a: Iron Treads|quarkdrivespe
|turn|1
|
|t:|1759009898
|-end|p2a: Iron Treads|Quark Drive|[silent]
|switch|p2a: Ninetales|Ninetales-Alola, M|100/100
|-weather|Snowscape|[from] ability: Snow Warning|[of] p2a: Ninetales
|move|p1a: Greninja|Spikes|p2a: Ninetales
|-start|p1a: Greninja|typechange|Ground|[from] ability: Protean
|-sidestart|p2: apotato135|Spikes
|
|-weather|Snowscape|[upkeep]
|upkeep
|turn|2
|
|t:|1759009904
|move|p1a: Greninja|Taunt|p2a: Ninetales
|-start|p2a: Ninetales|move: Taunt
|move|p2a: Ninetales|Freeze-Dry|p1a: Greninja
|-supereffective|p1a: Greninja
|-damage|p1a: Greninja|35/100
|-status|p1a: Greninja|frz
|
|-weather|Snowscape|[upkeep]
|upkeep
|turn|3
|
|t:|1759009907
|cant|p1a: Greninja|frz
|move|p2a: Ninetales|Freeze-Dry|p1a: Greninja
|-supereffective|p1a: Greninja
|-damage|p1a: Greninja|0 fnt
|faint|p1a: Greninja
|
|-weather|Snowscape|[upkeep]
|upkeep
|
|t:|1759009909
|switch|p1a: Ribombee|Ribombee, M|100/100
|turn|4
|
|t:|1759009913
|move|p2a: Ninetales|Freeze-Dry|p1a: Ribombee
|-damage|p1a: Ribombee|68/100
|move|p1a: Ribombee|Quiver Dance|p1a: Ribombee
|-boost|p1a: Ribombee|spa|1
|-boost|p1a: Ribombee|spd|1
|-boost|p1a: Ribombee|spe|1
|
|-weather|Snowscape|[upkeep]
|-end|p2a: Ninetales|move: Taunt
|upkeep
|turn|5
|
|t:|1759009917
|move|p1a: Ribombee|Moonblast|p2a: Ninetales
|-damage|p2a: Ninetales|42/100
|move|p2a: Ninetales|Encore|p1a: Ribombee
|-start|p1a: Ribombee|Encore
|
|-weather|none
|upkeep
|turn|6
|
|t:|1759009920
|switch|p2a: Iron Treads|Iron Treads|100/100
|-damage|p2a: Iron Treads|88/100|[from] Spikes
|move|p1a: Ribombee|Moonblast|p2a: Iron Treads
|-resisted|p2a: Iron Treads
|-damage|p2a: Iron Treads|42/100
|
|upkeep
|turn|7
|
|t:|1759009926
|move|p1a: Ribombee|Moonblast|p2a: Iron Treads
|-resisted|p2a: Iron Treads
|-damage|p2a: Iron Treads|0 fnt
|faint|p2a: Iron Treads
|-end|p2a: Iron Treads|Quark Drive|[silent]
|
|upkeep
|
|t:|1759009934
|switch|p2a: Primeape|Primeape, F|100/100
|-damage|p2a: Primeape|88/100|[from] Spikes
|turn|8
|
|t:|1759009940
|-terastallize|p2a: Primeape|Fire
|move|p1a: Ribombee|Moonblast|p2a: Primeape
|-resisted|p2a: Primeape
|-damage|p2a: Primeape|67/100
|move|p2a: Primeape|Taunt|p1a: Ribombee
|-start|p1a: Ribombee|move: Taunt
|
|-end|p1a: Ribombee|Encore
|upkeep
|turn|9
|
|t:|1759009947
|switch|p1a: Drifblim|Drifblim, M|100/100
|move|p2a: Primeape|Bulk Up|p2a: Primeape
|-boost|p2a: Primeape|atk|1
|-boost|p2a: Primeape|def|1
|
|upkeep
|turn|10
|
|t:|1759009953
|move|p1a: Drifblim|Tailwind|p1a: Drifblim
|-sidestart|p1: hungrymane|move: Tailwind
|move|p2a: Primeape|Taunt|p1a: Drifblim
|-start|p1a: Drifblim|move: Taunt
|
|upkeep
|turn|11
|
|t:|1759009958
|move|p1a: Drifblim|Explosion|p2a: Primeape
|-damage|p2a: Primeape|33/100
|faint|p1a: Drifblim
|move|p2a: Primeape|Bulk Up|p2a: Primeape
|-boost|p2a: Primeape|atk|1
|-boost|p2a: Primeape|def|1
|
|upkeep
|inactive|Battle timer is ON: inactive players will automatically lose when time's up. (requested by apotato135)
|
|t:|1759009973
|switch|p1a: Gengar|Gengar, F|100/100
|turn|12
|
|t:|1759009979
|move|p1a: Gengar|Sludge Wave|p2a: Primeape
|-damage|p2a: Primeape|0 fnt
|faint|p2a: Primeape
|
|upkeep
|
|t:|1759009985
|switch|p2a: Moltres|Moltres-Galar|100/100
|turn|13
|
|t:|1759009994
|switch|p1a: Necrozma|Necrozma|100/100
|move|p2a: Moltres|Agility|p2a: Moltres
|-boost|p2a: Moltres|spe|2
|
|-sideend|p1: hungrymane|move: Tailwind
|upkeep
|turn|14
|
|t:|1759010006
|move|p2a: Moltres|Nasty Plot|p2a: Moltres
|-boost|p2a: Moltres|spa|2
|move|p1a: Necrozma|Meteor Beam||[still]
|-prepare|p1a: Necrozma|Meteor Beam
|-boost|p1a: Necrozma|spa|1
|-enditem|p1a: Necrozma|Power Herb
|-anim|p1a: Necrozma|Meteor Beam|p2a: Moltres
|-supereffective|p2a: Moltres
|-damage|p2a: Moltres|0 fnt
|faint|p2a: Moltres
|
|upkeep
|
|t:|1759010011
|switch|p2a: Ninetales|Ninetales-Alola, M|42/100
|-damage|p2a: Ninetales|29/100|[from] Spikes
|-weather|Snowscape|[from] ability: Snow Warning|[of] p2a: Ninetales
|turn|15
|
|t:|1759010025
|switch|p1a: Gengar|Gengar, F|100/100
|move|p2a: Ninetales|Encore||[still]
|-fail|p2a: Ninetales
|
|-weather|Snowscape|[upkeep]
|upkeep
|turn|16
|
|t:|1759010036
|switch|p1a: Ribombee|Ribombee, M|68/100
|move|p2a: Ninetales|Aurora Veil|p2a: Ninetales
|-sidestart|p2: apotato135|move: Aurora Veil
|
|-weather|Snowscape|[upkeep]
|upkeep
|turn|17
|
|t:|1759010043
|switch|p2a: Kyurem|Kyurem|100/100
|-damage|p2a: Kyurem|88/100|[from] Spikes
|-ability|p2a: Kyurem|Pressure
|move|p1a: Ribombee|Quiver Dance|p1a: Ribombee
|-boost|p1a: Ribombee|spa|1
|-boost|p1a: Ribombee|spd|1
|-boost|p1a: Ribombee|spe|1
|
|-weather|Snowscape|[upkeep]
|upkeep
|turn|18
|
|t:|1759010050
|move|p1a: Ribombee|Moonblast|p2a: Kyurem
|-supereffective|p2a: Kyurem
|-damage|p2a: Kyurem|24/100
|-unboost|p2a: Kyurem|spa|1
|move|p2a: Kyurem|Icicle Spear|p1a: Ribombee
|-damage|p1a: Ribombee|40/100
|-damage|p1a: Ribombee|12/100
|-damage|p1a: Ribombee|0 fnt
|faint|p1a: Ribombee
|-hitcount|p1: Ribombee|3
|
|-weather|Snowscape|[upkeep]
|upkeep
|
|t:|1759010056
|switch|p1a: Gengar|Gengar, F|100/100
|turn|19
|
|t:|1759010064
|move|p1a: Gengar|Trick|p2a: Kyurem
|-activate|p1a: Gengar|move: Trick|[of] p2a: Kyurem
|-item|p2a: Kyurem|Choice Specs|[from] move: Trick
|-item|p1a: Gengar|Loaded Dice|[from] move: Trick
|move|p2a: Kyurem|Scale Shot|p1a: Gengar
|-damage|p1a: Gengar|74/100
|-damage|p1a: Gengar|45/100
|-damage|p1a: Gengar|18/100
|-hitcount|p1a: Gengar|3
|-unboost|p2a: Kyurem|def|1
|-boost|p2a: Kyurem|spe|1
|
|-weather|none
|upkeep
|turn|20
|
|t:|1759010078
|move|p2a: Kyurem|Scale Shot|p1a: Gengar
|-damage|p1a: Gengar|0 fnt
|faint|p1a: Gengar
|-hitcount|p1: Gengar|1
|-unboost|p2a: Kyurem|def|1
|-boost|p2a: Kyurem|spe|1
|
|upkeep
|
|t:|1759010098
|switch|p1a: Necrozma|Necrozma|100/100
|turn|21
|
|t:|1759010102
|switch|p2a: Ninetales|Ninetales-Alola, M|29/100
|-damage|p2a: Ninetales|17/100|[from] Spikes
|-weather|Snowscape|[from] ability: Snow Warning|[of] p2a: Ninetales
|move|p1a: Necrozma|Photon Geyser|p2a: Ninetales
|-damage|p2a: Ninetales|0 fnt
|faint|p2a: Ninetales
|
|-weather|Snowscape|[upkeep]
|upkeep
|
|t:|1759010107
|switch|p2a: Enamorus|Enamorus, F|100/100
|turn|22
|
|t:|1759010111
|move|p2a: Enamorus|Moonblast|p1a: Necrozma
|-damage|p1a: Necrozma|40/100
|move|p1a: Necrozma|Photon Geyser|p2a: Enamorus
|-damage|p2a: Enamorus|61/100
|
|-weather|Snowscape|[upkeep]
|upkeep
|turn|23
|
|t:|1759010114
|move|p2a: Enamorus|Moonblast|p1a: Necrozma
|-damage|p1a: Necrozma|0 fnt
|faint|p1a: Necrozma
|
|-weather|Snowscape|[upkeep]
|-sideend|p2: apotato135|move: Aurora Veil
|upkeep
|
|t:|1759010125
|switch|p1a: Gyarados|Gyarados, F|100/100
|turn|24
|
|t:|1759010128
|move|p2a: Enamorus|Moonblast|p1a: Gyarados
|-damage|p1a: Gyarados|42/100
|move|p1a: Gyarados|Dragon Dance|p1a: Gyarados
|-boost|p1a: Gyarados|atk|1
|-boost|p1a: Gyarados|spe|1
|
|-weather|Snowscape|[upkeep]
|upkeep
|turn|25
|
|t:|1759010131
|move|p2a: Enamorus|Moonblast|p1a: Gyarados
|-damage|p1a: Gyarados|0 fnt
|faint|p1a: Gyarados
|
|win|apotato135
|raw|hungrymane's rating: 1559 &rarr; <strong>1541</strong><br />(-18 for losing)
|raw|apotato135's rating: 1601 &rarr; <strong>1619</strong><br />(+18 for winning)
|l|☆hungrymane
|player|p1|
|l|☆apotato135
|player|p2|
