|j|☆50022132t
|j|☆greatesttuskethy
|t:|1759038734
|gametype|singles
|player|p1|50022132t|169|1389
|player|p2|greatesttuskethy|265|1381
|gen|9
|tier|[Gen 9] OU
|rated|
|rule|HP Percentage Mod: HP is shown in percentages
|rule|Endless Battle Clause: Forcing endless battles is banned
|rule|Species Clause: Limit one of each Pokémon
|rule|OHKO Clause: OHKO moves are banned
|rule|Evasion Items Clause: Evasion items are banned
|rule|Evasion Moves Clause: Evasion moves are banned
|rule|Evasion Abilities Clause: Evasion abilities are banned
|rule|Sleep Moves Clause: Sleep-inducing moves are banned
|clearpoke
|poke|p1|Ninetales, M|
|poke|p1|Walking Wake|
|poke|p1|Great Tusk|
|poke|p1|Raging Bolt|
|poke|p1|Scizor, F|
|poke|p1|Hatterene, F|
|poke|p2|Ogerpon-Wellspring, F|
|poke|p2|Slowking-Galar, M|
|poke|p2|Ting-Lu|
|poke|p2|Corviknight, M|
|poke|p2|Weezing-Galar, M|
|poke|p2|Zamazenta-*|
|teampreview
|inactive|Battle timer is ON: inactive players will automatically lose when time's up. (requested by 50022132t)
|
|t:|1759038767
|teamsize|p1|6
|teamsize|p2|6
|start
|switch|p1a: Scizor|Scizor, F, shiny|100/100
|switch|p2a: Ting-Lu|Ting-Lu|100/100
|-ability|p2a: Ting-Lu|Vessel of Ruin
|turn|1
|inactive|greatesttuskethy has 120 seconds left.
|
|t:|1759038800
|switch|p2a: Corviknight|Corviknight, M, shiny|100/100
|-ability|p2a: Corviknight|Pressure
|move|p1a: Scizor|U-turn|p2a: Corviknight
|-resisted|p2a: Corviknight
|-damage|p2a: Corviknight|92/100
|
|t:|1759038808
|switch|p1a: Ninetales|Ninetales, M, shiny|100/100|[from] U-turn
|-weather|SunnyDay|[from] ability: Drought|[of] p1a: Ninetales
|
|-weather|SunnyDay|[upkeep]
|upkeep
|turn|2
|inactive|greatesttuskethy has 120 seconds left.
|
|t:|1759038838
|switch|p1a: Walking Wake|Walking Wake|100/100
|-activate|p1a: Walking Wake|ability: Protosynthesis
|-start|p1a: Walking Wake|protosynthesisspe
|switch|p2a: Slowking|Slowking-Galar, M|100/100
|
|-weather|SunnyDay|[upkeep]
|upkeep
|turn|3
|
|t:|1759038846
|move|p1a: Walking Wake|Hydro Steam|p2a: Slowking
|-damage|p2a: Slowking|59/100
|-damage|p1a: Walking Wake|91/100|[from] item: Life Orb
|move|p2a: Slowking|Sludge Bomb|p1a: Walking Wake
|-damage|p1a: Walking Wake|48/100
|
|-weather|SunnyDay|[upkeep]
|upkeep
|turn|4
|
|t:|1759038853
|-end|p1a: Walking Wake|Protosynthesis|[silent]
|switch|p1a: Scizor|Scizor, F, shiny|100/100
|move|p2a: Slowking|Flamethrower|p1a: Scizor
|-supereffective|p1a: Scizor
|-damage|p1a: Scizor|0 fnt
|faint|p1a: Scizor
|
|-weather|SunnyDay|[upkeep]
|upkeep
|
|t:|1759038858
|switch|p1a: Great Tusk|Great Tusk, shiny|100/100
|-activate|p1a: Great Tusk|ability: Protosynthesis
|-start|p1a: Great Tusk|protosynthesisatk
|turn|5
|inactive|greatesttuskethy has 120 seconds left.
|
|t:|1759038879
|switch|p2a: Weezing|Weezing-Galar, M|100/100
|-ability|p2a: Weezing|Neutralizing Gas
|move|p1a: Great Tusk|Headlong Rush|p2a: Weezing
|-supereffective|p2a: Weezing
|-damage|p2a: Weezing|23/100
|-unboost|p1a: Great Tusk|def|1
|-unboost|p1a: Great Tusk|spd|1
|
|-weather|SunnyDay|[upkeep]
|upkeep
|turn|6
|
|t:|1759038887
|-end|p2a: Weezing|ability: Neutralizing Gas
|switch|p2a: Corviknight|Corviknight, M, shiny|92/100
|-ability|p2a: Corviknight|Pressure
|move|p1a: Great Tusk|Headlong Rush|p2a: Corviknight
|-immune|p2a: Corviknight
|
|-weather|SunnyDay|[upkeep]
|upkeep
|turn|7
|
|t:|1759038891
|switch|p2a: Weezing|Weezing-Galar, M|23/100
|-ability|p2a: Weezing|Neutralizing Gas
|move|p1a: Great Tusk|Temper Flare|p2a: Weezing
|-damage|p2a: Weezing|0 fnt
|faint|p2a: Weezing
|-end|p2a: Weezing|ability: Neutralizing Gas
|
|-weather|SunnyDay|[upkeep]
|upkeep
|
|t:|1759038900
|switch|p2a: Ogerpon|Ogerpon-Wellspring, F|100/100
|turn|8
|
|t:|1759038906
|-end|p1a: Great Tusk|Protosynthesis|[silent]
|switch|p1a: Raging Bolt|Raging Bolt|100/100
|-activate|p1a: Raging Bolt|ability: Protosynthesis
|-start|p1a: Raging Bolt|protosynthesisspa
|move|p2a: Ogerpon|Spikes|p1a: Raging Bolt
|-sidestart|p1: 50022132t|Spikes
|
|-weather|none
|-end|p1a: Raging Bolt|Protosynthesis
|upkeep
|turn|9
|
|t:|1759038915
|switch|p2a: Ting-Lu|Ting-Lu|100/100
|-ability|p2a: Ting-Lu|Vessel of Ruin
|move|p1a: Raging Bolt|Thunderbolt|p2a: Ting-Lu
|-immune|p2a: Ting-Lu
|
|upkeep
|turn|10
|
|t:|1759038924
|-end|p1a: Raging Bolt|Protosynthesis|[silent]
|switch|p1a: Hatterene|Hatterene, F, shiny|100/100
|-damage|p1a: Hatterene|88/100|[from] Spikes
|move|p2a: Ting-Lu|Earthquake|p1a: Hatterene
|-damage|p1a: Hatterene|57/100
|
|upkeep
|turn|11
|
|t:|1759038931
|switch|p2a: Slowking|Slowking-Galar, M|92/100
|move|p1a: Hatterene|Calm Mind|p1a: Hatterene
|-boost|p1a: Hatterene|spa|1
|-boost|p1a: Hatterene|spd|1
|
|upkeep
|turn|12
|
|t:|1759038941
|move|p1a: Hatterene|Psyshock|p2a: Slowking
|-damage|p2a: Slowking|53/100
|move|p2a: Slowking|Sludge Bomb|p1a: Hatterene
|-supereffective|p1a: Hatterene
|-damage|p1a: Hatterene|10/100
|
|upkeep
|turn|13
|
|t:|1759038956
|move|p1a: Hatterene|Psyshock|p2a: Slowking
|-crit|p2a: Slowking
|-damage|p2a: Slowking|0 fnt
|faint|p2a: Slowking
|
|upkeep
|
|t:|1759038962
|switch|p2a: Ogerpon|Ogerpon-Wellspring, F|100/100
|turn|14
|
|t:|1759038966
|move|p2a: Ogerpon|Knock Off|p1a: Hatterene
|-damage|p1a: Hatterene|0 fnt
|-enditem|p1a: Hatterene|Covert Cloak|[from] move: Knock Off|[of] p2a: Ogerpon
|faint|p1a: Hatterene
|
|upkeep
|
|t:|1759038974
|switch|p1a: Ninetales|Ninetales, M, shiny|100/100
|-damage|p1a: Ninetales|88/100|[from] Spikes
|-weather|SunnyDay|[from] ability: Drought|[of] p1a: Ninetales
|turn|15
|
|t:|1759038997
|switch|p2a: Zamazenta|Zamazenta, shiny|100/100
|-ability|p2a: Zamazenta|Dauntless Shield|boost
|-boost|p2a: Zamazenta|def|1
|move|p1a: Ninetales|Will-O-Wisp|p2a: Zamazenta|[miss]
|-miss|p1a: Ninetales|p2a: Zamazenta
|
|-weather|SunnyDay|[upkeep]
|upkeep
|turn|16
|inactive|greatesttuskethy has 120 seconds left.
|
|t:|1759039032
|move|p2a: Zamazenta|Close Combat|p1a: Ninetales
|-damage|p1a: Ninetales|16/100
|-unboost|p2a: Zamazenta|def|1
|-unboost|p2a: Zamazenta|spd|1
|move|p1a: Ninetales|Will-O-Wisp|p2a: Zamazenta
|-status|p2a: Zamazenta|brn
|
|-weather|SunnyDay|[upkeep]
|-damage|p2a: Zamazenta|94/100 brn|[from] brn
|upkeep
|turn|17
|
|t:|1759039043
|-terastallize|p1a: Ninetales|Ghost
|move|p2a: Zamazenta|Close Combat|p1a: Ninetales
|-immune|p1a: Ninetales
|move|p1a: Ninetales|Healing Wish|p1a: Ninetales
|faint|p1a: Ninetales
|
|-weather|SunnyDay|[upkeep]
|-heal|p2a: Zamazenta|100/100 brn|[from] item: Leftovers
|-damage|p2a: Zamazenta|94/100 brn|[from] brn
|upkeep
|
|t:|1759039055
|switch|p1a: Walking Wake|Walking Wake|48/100
|-heal|p1a: Walking Wake|100/100|[from] move: Healing Wish
|-damage|p1a: Walking Wake|88/100|[from] Spikes
|-activate|p1a: Walking Wake|ability: Protosynthesis
|-start|p1a: Walking Wake|protosynthesisspe
|turn|18
|
|t:|1759039065
|move|p1a: Walking Wake|Flamethrower|p2a: Zamazenta
|-damage|p2a: Zamazenta|20/100 brn
|-damage|p1a: Walking Wake|78/100|[from] item: Life Orb
|move|p2a: Zamazenta|Close Combat|p1a: Walking Wake
|-damage|p1a: Walking Wake|47/100
|-unboost|p2a: Zamazenta|def|1
|-unboost|p2a: Zamazenta|spd|1
|
|-weather|SunnyDay|[upkeep]
|-heal|p2a: Zamazenta|26/100 brn|[from] item: Leftovers
|-damage|p2a: Zamazenta|20/100 brn|[from] brn
|upkeep
|turn|19
|
|t:|1759039073
|move|p1a: Walking Wake|Flamethrower|p2a: Zamazenta
|-damage|p2a: Zamazenta|0 fnt
|faint|p2a: Zamazenta
|-damage|p1a: Walking Wake|37/100|[from] item: Life Orb
|
|-weather|SunnyDay|[upkeep]
|upkeep
|inactive|greatesttuskethy has 120 seconds left.
|
|t:|1759039098
|switch|p2a: Ogerpon|Ogerpon-Wellspring, F|100/100
|turn|20
|inactive|greatesttuskethy has 120 seconds left.
|
|t:|1759039125
|-terastallize|p2a: Ogerpon|Water
|detailschange|p2a: Ogerpon|Ogerpon-Wellspring-Tera, F, tera:Water
|-ability|p2a: Ogerpon|Embody Aspect (Wellspring)|boost
|-boost|p2a: Ogerpon|spd|1
|move|p1a: Walking Wake|Draco Meteor|p2a: Ogerpon
|-damage|p2a: Ogerpon|37/100
|-unboost|p1a: Walking Wake|spa|2
|-damage|p1a: Walking Wake|27/100|[from] item: Life Orb
|move|p2a: Ogerpon|Horn Leech|p1a: Walking Wake
|-damage|p1a: Walking Wake|0 fnt
|-heal|p2a: Ogerpon|52/100|[from] drain|[of] p1a: Walking Wake
|faint|p1a: Walking Wake
|-end|p1a: Walking Wake|Protosynthesis|[silent]
|
|-weather|SunnyDay|[upkeep]
|upkeep
|
|t:|1759039137
|switch|p1a: Raging Bolt|Raging Bolt|100/100
|-damage|p1a: Raging Bolt|88/100|[from] Spikes
|-activate|p1a: Raging Bolt|ability: Protosynthesis
|-start|p1a: Raging Bolt|protosynthesisspa
|turn|21
|
|t:|1759039149
|move|p2a: Ogerpon|Knock Off|p1a: Raging Bolt
|-damage|p1a: Raging Bolt|49/100
|-enditem|p1a: Raging Bolt|Assault Vest|[from] move: Knock Off|[of] p2a: Ogerpon
|move|p1a: Raging Bolt|Draco Meteor|p2a: Ogerpon
|-damage|p2a: Ogerpon|0 fnt
|-unboost|p1a: Raging Bolt|spa|2
|faint|p2a: Ogerpon
|detailschange|p2: Ogerpon|Ogerpon-Wellspring, F|[silent]
|
|-weather|SunnyDay|[upkeep]
|upkeep
|
|t:|1759039156
|switch|p2a: Ting-Lu|Ting-Lu|100/100
|-ability|p2a: Ting-Lu|Vessel of Ruin
|turn|22
|inactive|greatesttuskethy has 90 seconds left.
|
|t:|1759039186
|-end|p1a: Raging Bolt|Protosynthesis|[silent]
|switch|p1a: Great Tusk|Great Tusk, shiny|100/100
|-damage|p1a: Great Tusk|88/100|[from] Spikes
|-activate|p1a: Great Tusk|ability: Protosynthesis
|-start|p1a: Great Tusk|protosynthesisatk
|switch|p2a: Corviknight|Corviknight, M, shiny|92/100
|-ability|p2a: Corviknight|Pressure
|
|-weather|none
|-end|p1a: Great Tusk|Protosynthesis
|upkeep
|turn|23
|inactive|greatesttuskethy has 90 seconds left.
|
|t:|1759039196
|move|p1a: Great Tusk|Rapid Spin|p2a: Corviknight
|-resisted|p2a: Corviknight
|-damage|p2a: Corviknight|86/100
|-boost|p1a: Great Tusk|spe|1
|-sideend|p1: 50022132t|Spikes|[from] move: Rapid Spin|[of] p1a: Great Tusk
|move|p2a: Corviknight|U-turn|p1a: Great Tusk
|-resisted|p1a: Great Tusk
|-crit|p1a: Great Tusk
|-damage|p1a: Great Tusk|80/100
|-damage|p2a: Corviknight|70/100|[from] item: Rocky Helmet|[of] p1a: Great Tusk
|
|t:|1759039198
|switch|p2a: Ting-Lu|Ting-Lu|100/100|[from] U-turn
|-ability|p2a: Ting-Lu|Vessel of Ruin
|
|upkeep
|turn|24
|
|t:|1759039207
|move|p1a: Great Tusk|Ice Spinner|p2a: Ting-Lu
|-supereffective|p2a: Ting-Lu
|-damage|p2a: Ting-Lu|72/100
|move|p2a: Ting-Lu|Ruination|p1a: Great Tusk|[miss]
|-miss|p2a: Ting-Lu|p1a: Great Tusk
|
|-heal|p2a: Ting-Lu|78/100|[from] item: Leftovers
|upkeep
|turn|25
|
|t:|1759039214
|switch|p2a: Corviknight|Corviknight, M, shiny|70/100
|-ability|p2a: Corviknight|Pressure
|move|p1a: Great Tusk|Ice Spinner|p2a: Corviknight
|-damage|p2a: Corviknight|54/100
|
|upkeep
|turn|26
|
|t:|1759039221
|move|p1a: Great Tusk|Temper Flare|p2a: Corviknight
|-supereffective|p2a: Corviknight
|-damage|p2a: Corviknight|20/100
|move|p2a: Corviknight|Roost|p2a: Corviknight
|-heal|p2a: Corviknight|70/100
|-singleturn|p2a: Corviknight|move: Roost
|
|upkeep
|turn|27
|
|t:|1759039229
|move|p1a: Great Tusk|Temper Flare|p2a: Corviknight
|-supereffective|p2a: Corviknight
|-damage|p2a: Corviknight|39/100
|move|p2a: Corviknight|Roost|p2a: Corviknight
|-heal|p2a: Corviknight|89/100
|-singleturn|p2a: Corviknight|move: Roost
|
|upkeep
|turn|28
|
|t:|1759039236
|move|p1a: Great Tusk|Temper Flare|p2a: Corviknight
|-supereffective|p2a: Corviknight
|-damage|p2a: Corviknight|57/100
|move|p2a: Corviknight|Bulk Up|p2a: Corviknight
|-boost|p2a: Corviknight|atk|1
|-boost|p2a: Corviknight|def|1
|
|upkeep
|turn|29
|
|t:|1759039243
|move|p1a: Great Tusk|Temper Flare|p2a: Corviknight
|-supereffective|p2a: Corviknight
|-damage|p2a: Corviknight|37/100
|move|p2a: Corviknight|Roost|p2a: Corviknight
|-heal|p2a: Corviknight|87/100
|-singleturn|p2a: Corviknight|move: Roost
|
|upkeep
|turn|30
|
|t:|1759039249
|-end|p1a: Great Tusk|Protosynthesis|[silent]
|switch|p1a: Raging Bolt|Raging Bolt|49/100
|move|p2a: Corviknight|Brave Bird|p1a: Raging Bolt
|-resisted|p1a: Raging Bolt
|-damage|p1a: Raging Bolt|23/100
|-damage|p2a: Corviknight|79/100|[from] Recoil
|
|upkeep
|turn|31
|
|t:|1759039252
|switch|p2a: Ting-Lu|Ting-Lu|78/100
|-ability|p2a: Ting-Lu|Vessel of Ruin
|move|p1a: Raging Bolt|Draco Meteor|p2a: Ting-Lu
|-damage|p2a: Ting-Lu|48/100
|-unboost|p1a: Raging Bolt|spa|2
|
|-heal|p2a: Ting-Lu|54/100|[from] item: Leftovers
|upkeep
|turn|32
|
|t:|1759039260
|-end|p1a: Raging Bolt|Protosynthesis|[silent]
|switch|p1a: Great Tusk|Great Tusk, shiny|80/100
|move|p2a: Ting-Lu|Ruination|p1a: Great Tusk
|-damage|p1a: Great Tusk|40/100
|
|-heal|p2a: Ting-Lu|60/100|[from] item: Leftovers
|upkeep
|turn|33
|
|t:|1759039267
|switch|p2a: Corviknight|Corviknight, M, shiny|79/100
|-ability|p2a: Corviknight|Pressure
|move|p1a: Great Tusk|Headlong Rush|p2a: Corviknight
|-immune|p2a: Corviknight
|
|upkeep
|turn|34
|
|t:|1759039272
|move|p1a: Great Tusk|Temper Flare|p2a: Corviknight
|-supereffective|p2a: Corviknight
|-damage|p2a: Corviknight|21/100
|move|p2a: Corviknight|Brave Bird|p1a: Great Tusk
|-supereffective|p1a: Great Tusk
|-damage|p1a: Great Tusk|0 fnt
|-damage|p2a: Corviknight|4/100|[from] item: Rocky Helmet|[of] p1a: Great Tusk
|faint|p1a: Great Tusk
|-end|p1a: Great Tusk|Protosynthesis|[silent]
|-damage|p2a: Corviknight|0 fnt|[from] Recoil
|faint|p2a: Corviknight
|
|upkeep
|
|t:|1759039276
|switch|p1a: Raging Bolt|Raging Bolt|23/100
|switch|p2a: Ting-Lu|Ting-Lu|60/100
|-ability|p2a: Ting-Lu|Vessel of Ruin
|turn|35
|
|t:|1759039284
|move|p1a: Raging Bolt|Draco Meteor|p2a: Ting-Lu
|-damage|p2a: Ting-Lu|29/100
|-unboost|p1a: Raging Bolt|spa|2
|move|p2a: Ting-Lu|Earthquake|p1a: Raging Bolt
|-supereffective|p1a: Raging Bolt
|-damage|p1a: Raging Bolt|0 fnt
|faint|p1a: Raging Bolt
|-end|p1a: Raging Bolt|Protosynthesis|[silent]
|
|win|greatesttuskethy
|raw|50022132t's rating: 1389 &rarr; <strong>1369</strong><br />(-20 for losing)
|raw|greatesttuskethy's rating: 1381 &rarr; <strong>1401</strong><br />(+20 for winning)
