|badge|p1|silver|gen9ou|30-6
|html|<div class="broadcast-red"><strong>This battle is required to be public due to one or more player having a season medal.</strong><br />During the public phase, you can discuss the state of the ladder <a href="/seasondiscussion">in a special chatroom.</a></div>
|uhtml|medal-msg|<div class="broadcast-blue">Curious what those medals under the avatar are? PS now has Ladder Seasons! For more information, check out the <a href="https://www.smogon.com/forums/threads/3740067/">thread on Smogon.</a></div>
|badge|p2|bronze|gen9ou|100-6
|uhtml|medal-msg|<div class="broadcast-blue">Curious what those medals under the avatar are? PS now has Ladder Seasons! For more information, check out the <a href="https://www.smogon.com/forums/threads/3740067/">thread on Smogon.</a></div>
|raw|<div class="broadcast-blue"><strong>This battle is required to be public due to a player having a name starting with 'medal'.</div>
|j|☆WogerHater
|j|☆grtingstrvelr
|t:|1758948113
|gametype|singles
|player|p1|WogerHater|dawn-gen4pt|1940
|player|p2|grtingstrvelr|170|1818
|gen|9
|tier|[Gen 9] OU
|rated|
|rule|HP Percentage Mod: HP is shown in percentages
|rule|Endless Battle Clause: Forcing endless battles is banned
|rule|Species Clause: Limit one of each Pokémon
|rule|OHKO Clause: OHKO moves are banned
|rule|Evasion Items Clause: Evasion items are banned
|rule|Evasion Moves Clause: Evasion moves are banned
|rule|Evasion Abilities Clause: Evasion abilities are banned
|rule|Sleep Moves Clause: Sleep-inducing moves are banned
|clearpoke
|poke|p1|Weezing-Galar, F|
|poke|p1|Ting-Lu|
|poke|p1|Corviknight, M|
|poke|p1|Skeledirge, F|
|poke|p1|Dragapult, F|
|poke|p1|Ogerpon-Wellspring, F|
|poke|p2|Rillaboom, F|
|poke|p2|Ogerpon-Wellspring, F|
|poke|p2|Great Tusk|
|poke|p2|Hatterene, F|
|poke|p2|Heatran, M|
|poke|p2|Raging Bolt|
|teampreview
|inactive|Battle timer is ON: inactive players will automatically lose when time's up. (requested by grtingstrvelr)
|inactive|WogerHater also wants the timer to be on.
|j| amefurikoneko
|j| yrmpa
|
|t:|1758948125
|teamsize|p1|6
|teamsize|p2|6
|start
|switch|p1a: Dragapult|Dragapult, F|100/100
|switch|p2a: Rillaboom|Rillaboom, F|100/100
|-fieldstart|move: Grassy Terrain|[from] ability: Grassy Surge|[of] p2a: Rillaboom
|turn|1
|
|t:|1758948130
|switch|p2a: Heatran|Heatran, M|100/100
|-item|p2a: Heatran|Air Balloon
|move|p1a: Dragapult|Shadow Ball|p2a: Heatran
|-crit|p2a: Heatran
|-damage|p2a: Heatran|33/100
|-enditem|p2a: Heatran|Air Balloon
|
|-heal|p2a: Heatran|39/100|[from] Grassy Terrain
|upkeep
|turn|2
|
|t:|1758948141
|switch|p2a: Raging Bolt|Raging Bolt|100/100
|move|p1a: Dragapult|Shadow Ball|p2a: Raging Bolt
|-damage|p2a: Raging Bolt|73/100
|
|-heal|p2a: Raging Bolt|79/100|[from] Grassy Terrain
|upkeep
|turn|3
|
|t:|1758948147
|switch|p1a: Ting-Lu|Ting-Lu, shiny|100/100
|-ability|p1a: Ting-Lu|Vessel of Ruin
|-end|p2a: Raging Bolt|Protosynthesis|[silent]
|switch|p2a: Heatran|Heatran, M|39/100
|
|-heal|p2a: Heatran|45/100|[from] Grassy Terrain
|upkeep
|turn|4
|j| 1989 tour
|
|t:|1758948150
|move|p2a: Heatran|Will-O-Wisp|p1a: Ting-Lu
|-status|p1a: Ting-Lu|brn
|move|p1a: Ting-Lu|Earthquake|p2a: Heatran
|-supereffective|p2a: Heatran
|-damage|p2a: Heatran|23/100
|
|-heal|p2a: Heatran|29/100|[from] Grassy Terrain
|-damage|p1a: Ting-Lu|94/100 brn|[from] brn
|upkeep
|turn|5
|
|t:|1758948156
|move|p2a: Heatran|Stealth Rock|p1a: Ting-Lu
|-sidestart|p1: WogerHater|move: Stealth Rock
|move|p1a: Ting-Lu|Earthquake|p2a: Heatran
|-supereffective|p2a: Heatran
|-damage|p2a: Heatran|4/100
|
|-heal|p2a: Heatran|10/100|[from] Grassy Terrain
|-heal|p1a: Ting-Lu|100/100 brn|[from] Grassy Terrain
|-damage|p1a: Ting-Lu|94/100 brn|[from] brn
|upkeep
|turn|6
|j| HBooks
|
|t:|1758948164
|move|p2a: Heatran|Magma Storm|p1a: Ting-Lu
|-damage|p1a: Ting-Lu|78/100 brn
|-activate|p1a: Ting-Lu|move: Magma Storm|[of] p2a: Heatran
|move|p1a: Ting-Lu|Rest|p1a: Ting-Lu
|-status|p1a: Ting-Lu|slp|[from] move: Rest
|-heal|p1a: Ting-Lu|100/100 slp|[silent]
|
|-heal|p2a: Heatran|16/100|[from] Grassy Terrain
|-damage|p1a: Ting-Lu|88/100 slp|[from] move: Magma Storm|[partiallytrapped]
|upkeep
|turn|7
|j| Ctannn
|
|t:|1758948178
|switch|p2a: Hatterene|Hatterene, F|100/100
|-enditem|p2a: Hatterene|Grassy Seed
|-boost|p2a: Hatterene|def|1|[from] item: Grassy Seed
|cant|p1a: Ting-Lu|slp
|
|-heal|p1a: Ting-Lu|94/100 slp|[from] Grassy Terrain
|-heal|p1a: Ting-Lu|100/100 slp|[from] item: Leftovers
|-end|p1a: Ting-Lu|Magma Storm|[partiallytrapped]|[silent]
|upkeep
|turn|8
|
|t:|1758948183
|switch|p1a: Skeledirge|Skeledirge, F|100/100
|move|p2a: Hatterene|Calm Mind|p2a: Hatterene
|-boost|p2a: Hatterene|spa|1
|-boost|p2a: Hatterene|spd|1
|
|-fieldend|move: Grassy Terrain
|upkeep
|turn|9
|
|t:|1758948190
|move|p1a: Skeledirge|Torch Song|p2a: Hatterene
|-damage|p2a: Hatterene|72/100
|-boost|p1a: Skeledirge|spa|1
|move|p2a: Hatterene|Calm Mind|p2a: Hatterene
|-boost|p2a: Hatterene|spa|1
|-boost|p2a: Hatterene|spd|1
|
|upkeep
|turn|10
|
|t:|1758948194
|move|p1a: Skeledirge|Torch Song|p2a: Hatterene
|-crit|p2a: Hatterene
|-damage|p2a: Hatterene|3/100
|-boost|p1a: Skeledirge|spa|1
|move|p2a: Hatterene|Stored Power|p1a: Skeledirge
|-damage|p1a: Skeledirge|57/100
|
|upkeep
|turn|11
|
|t:|1758948204
|move|p1a: Skeledirge|Earth Power|p2a: Hatterene
|-crit|p2a: Hatterene
|-damage|p2a: Hatterene|0 fnt
|faint|p2a: Hatterene
|
|upkeep
|j| larp legion
|
|t:|1758948207
|switch|p2a: Ogerpon|Ogerpon-Wellspring, F|100/100
|turn|12
|
|t:|1758948215
|move|p2a: Ogerpon|Ivy Cudgel|p1a: Skeledirge|[anim] Ivy Cudgel Water
|-supereffective|p1a: Skeledirge
|-damage|p1a: Skeledirge|0 fnt
|faint|p1a: Skeledirge
|
|upkeep
|
|t:|1758948218
|switch|p1a: Dragapult|Dragapult, F|100/100
|-damage|p1a: Dragapult|88/100|[from] Stealth Rock
|turn|13
|
|t:|1758948235
|switch|p2a: Heatran|Heatran, M|16/100
|move|p1a: Dragapult|Draco Meteor|p2a: Heatran|[miss]
|-miss|p1a: Dragapult|p2a: Heatran
|
|upkeep
|turn|14
|
|t:|1758948241
|move|p1a: Dragapult|Draco Meteor|p2a: Heatran
|-resisted|p2a: Heatran
|-damage|p2a: Heatran|0 fnt
|-unboost|p1a: Dragapult|spa|2
|faint|p2a: Heatran
|
|upkeep
|
|t:|1758948243
|switch|p2a: Rillaboom|Rillaboom, F|100/100
|-fieldstart|move: Grassy Terrain|[from] ability: Grassy Surge|[of] p2a: Rillaboom
|turn|15
|
|t:|1758948247
|switch|p1a: GAS.|Weezing-Galar, F|100/100
|-ability|p1a: GAS.|Neutralizing Gas
|move|p2a: Rillaboom|U-turn|p1a: GAS.
|-resisted|p1a: GAS.
|-damage|p1a: GAS.|97/100
|
|t:|1758948252
|switch|p2a: Great Tusk|Great Tusk|100/100|[from] U-turn
|
|-heal|p1a: GAS.|100/100|[from] Grassy Terrain
|upkeep
|turn|16
|j| Shucklepilled
|
|t:|1758948255
|-terastallize|p1a: GAS.|Grass
|move|p2a: Great Tusk|Taunt|p1a: GAS.
|-start|p1a: GAS.|move: Taunt
|cant|p1a: GAS.|move: Taunt|Will-O-Wisp
|
|upkeep
|turn|17
|
|t:|1758948261
|move|p2a: Great Tusk|Bulk Up|p2a: Great Tusk
|-boost|p2a: Great Tusk|atk|1
|-boost|p2a: Great Tusk|def|1
|move|p1a: GAS.|Sludge Bomb|p2a: Great Tusk
|-resisted|p2a: Great Tusk
|-damage|p2a: Great Tusk|82/100
|
|-heal|p2a: Great Tusk|89/100|[from] Grassy Terrain
|upkeep
|turn|18
|
|t:|1758948269
|-terastallize|p2a: Great Tusk|Poison
|move|p2a: Great Tusk|Bulk Up|p2a: Great Tusk
|-boost|p2a: Great Tusk|atk|1
|-boost|p2a: Great Tusk|def|1
|move|p1a: GAS.|Sludge Bomb|p2a: Great Tusk
|-resisted|p2a: Great Tusk
|-damage|p2a: Great Tusk|71/100
|
|-heal|p2a: Great Tusk|77/100|[from] Grassy Terrain
|-end|p1a: GAS.|move: Taunt
|upkeep
|turn|19
|
|t:|1758948273
|-end|p1a: GAS.|ability: Neutralizing Gas
|switch|p1a: Dragapult|Dragapult, F|88/100
|-enditem|p2a: Great Tusk|Booster Energy
|-activate|p2a: Great Tusk|ability: Protosynthesis|[fromitem]
|-start|p2a: Great Tusk|protosynthesisatk
|-damage|p1a: Dragapult|76/100|[from] Stealth Rock
|move|p2a: Great Tusk|Taunt|p1a: Dragapult
|-start|p1a: Dragapult|move: Taunt
|
|-heal|p1a: Dragapult|82/100|[from] Grassy Terrain
|-heal|p2a: Great Tusk|83/100|[from] Grassy Terrain
|upkeep
|turn|20
|c|☆grtingstrvelr|O shit it's no longer booster speed
|c|☆grtingstrvelr|I forgot
|inactive|grtingstrvelr has 120 seconds left.
|
|t:|1758948303
|-end|p2a: Great Tusk|Protosynthesis|[silent]
|switch|p2a: Raging Bolt|Raging Bolt|79/100
|move|p1a: Dragapult|Draco Meteor|p2a: Raging Bolt
|-supereffective|p2a: Raging Bolt
|-damage|p2a: Raging Bolt|0 fnt
|-unboost|p1a: Dragapult|spa|2
|faint|p2a: Raging Bolt
|-end|p2a: Raging Bolt|Protosynthesis|[silent]
|
|-heal|p1a: Dragapult|88/100|[from] Grassy Terrain
|upkeep
|
|t:|1758948305
|switch|p2a: Ogerpon|Ogerpon-Wellspring, F|100/100
|turn|21
|c|☆WogerHater|avg ladder mu fish
|inactive|grtingstrvelr has 120 seconds left.
|
|t:|1758948322
|switch|p1a: GAS.|Weezing-Galar, F, tera:Grass|100/100
|-ability|p1a: GAS.|Neutralizing Gas
|move|p2a: Ogerpon|Swords Dance|p2a: Ogerpon
|-boost|p2a: Ogerpon|atk|2
|
|upkeep
|turn|22
|
|t:|1758948327
|move|p2a: Ogerpon|Play Rough|p1a: GAS.
|-damage|p1a: GAS.|53/100
|move|p1a: GAS.|Sludge Bomb|p2a: Ogerpon
|-supereffective|p2a: Ogerpon
|-damage|p2a: Ogerpon|38/100
|
|-heal|p2a: Ogerpon|44/100|[from] Grassy Terrain
|-heal|p1a: GAS.|59/100|[from] Grassy Terrain
|-fieldend|move: Grassy Terrain
|upkeep
|turn|23
|
|t:|1758948334
|move|p2a: Ogerpon|Play Rough|p1a: GAS.|[miss]
|-miss|p2a: Ogerpon|p1a: GAS.
|move|p1a: GAS.|Sludge Bomb|p2a: Ogerpon
|-supereffective|p2a: Ogerpon
|-damage|p2a: Ogerpon|0 fnt
|faint|p2a: Ogerpon
|
|upkeep
|-message|grtingstrvelr forfeited.
|
|win|WogerHater
|raw|WogerHater's rating: 1940 &rarr; <strong>1953</strong><br />(+13 for winning)
|raw|grtingstrvelr's rating: 1818 &rarr; <strong>1805</strong><br />(-13 for losing)
|l|☆grtingstrvelr
|player|p2|
|l|☆WogerHater
|player|p1|
|l| 1989 tour
|l| HBooks
