|j|☆Gruff Scrimms
|j|☆The Moz
|t:|1758953059
|gametype|singles
|player|p1|Gruff Scrimms|bugcatcher-gen4dp|1179
|player|p2|The Moz|brock|1280
|gen|9
|tier|[Gen 9] OU
|rated|
|rule|HP Percentage Mod: HP is shown in percentages
|rule|Endless Battle Clause: Forcing endless battles is banned
|rule|Species Clause: Limit one of each Pokémon
|rule|OHKO Clause: OHKO moves are banned
|rule|Evasion Items Clause: Evasion items are banned
|rule|Evasion Moves Clause: Evasion moves are banned
|rule|Evasion Abilities Clause: Evasion abilities are banned
|rule|Sleep Moves Clause: Sleep-inducing moves are banned
|clearpoke
|poke|p1|Weezing-Galar, M|
|poke|p1|Carbink, L1|
|poke|p1|Glimmora, F|
|poke|p1|Tyranitar, F|
|poke|p1|Rillaboom, F|
|poke|p1|Gliscor, M|
|poke|p2|Blastoise, M|
|poke|p2|Scizor, F|
|poke|p2|Arcanine-Hisui, F|
|poke|p2|Sinistcha-Masterpiece|
|poke|p2|Conkeldurr, M|
|poke|p2|Great Tusk|
|teampreview
|
|t:|1758953074
|teamsize|p1|6
|teamsize|p2|6
|start
|switch|p1a: Glimmora|Glimmora, F|100/100
|switch|p2a: Blastoise|Blastoise, M|100/100
|turn|1
|inactive|Battle timer is ON: inactive players will automatically lose when time's up. (requested by Gruff Scrimms)
|inactive|The Moz has 120 seconds left.
|
|t:|1758953138
|move|p1a: Glimmora|Energy Ball|p2a: Blastoise
|-supereffective|p2a: Blastoise
|-crit|p2a: Blastoise
|-damage|p2a: Blastoise|15/100
|move|p2a: Blastoise|Shell Smash|p2a: Blastoise
|-unboost|p2a: Blastoise|def|1
|-unboost|p2a: Blastoise|spd|1
|-boost|p2a: Blastoise|atk|2
|-boost|p2a: Blastoise|spa|2
|-boost|p2a: Blastoise|spe|2
|-enditem|p2a: Blastoise|White Herb
|-clearnegativeboost|p2a: Blastoise|[silent]
|
|upkeep
|turn|2
|
|t:|1758953153
|move|p2a: Blastoise|Hydro Pump|p1a: Glimmora|[miss]
|-miss|p2a: Blastoise|p1a: Glimmora
|move|p1a: Glimmora|Energy Ball|p2a: Blastoise
|-supereffective|p2a: Blastoise
|-damage|p2a: Blastoise|0 fnt
|faint|p2a: Blastoise
|
|upkeep
|
|t:|1758953160
|switch|p2a: Sinistcha|Sinistcha-Masterpiece|100/100
|turn|3
|
|t:|1758953165
|switch|p1a: Tyranitar|Tyranitar, F|100/100
|-weather|Sandstorm|[from] ability: Sand Stream|[of] p1a: Tyranitar
|move|p2a: Sinistcha|Matcha Gotcha|p1a: Tyranitar
|-supereffective|p1a: Tyranitar
|-damage|p1a: Tyranitar|76/100
|-status|p1a: Tyranitar|brn
|
|-weather|Sandstorm|[upkeep]
|-damage|p2a: Sinistcha|94/100|[from] Sandstorm
|-damage|p1a: Tyranitar|70/100 brn|[from] brn
|upkeep
|turn|4
|
|t:|1758953178
|switch|p2a: Scizor|Scizor, F|100/100
|move|p1a: Tyranitar|Knock Off|p2a: Scizor
|-damage|p2a: Scizor|73/100
|-enditem|p2a: Scizor|Assault Vest|[from] move: Knock Off|[of] p1a: Tyranitar
|
|-weather|Sandstorm|[upkeep]
|-damage|p1a: Tyranitar|64/100 brn|[from] brn
|upkeep
|turn|5
|
|t:|1758953188
|switch|p1a: Glimmora|Glimmora, F|100/100
|move|p2a: Scizor|Close Combat|p1a: Glimmora
|-crit|p1a: Glimmora
|-damage|p1a: Glimmora|33/100
|-unboost|p2a: Scizor|def|1
|-unboost|p2a: Scizor|spd|1
|-activate|p1a: Glimmora|ability: Toxic Debris
|-sidestart|p2: The Moz|move: Toxic Spikes
|
|-weather|Sandstorm|[upkeep]
|upkeep
|turn|6
|
|t:|1758953205
|switch|p1a: Gliscor|Gliscor, M|100/100
|move|p2a: Scizor|Bullet Punch|p1a: Gliscor
|-damage|p1a: Gliscor|77/100
|
|-weather|Sandstorm|[upkeep]
|-status|p1a: Gliscor|tox|[from] item: Toxic Orb
|upkeep
|turn|7
|
|t:|1758953213
|switch|p2a: Sinistcha|Sinistcha-Masterpiece|94/100
|move|p1a: Gliscor|High Horsepower|p2a: Sinistcha
|-resisted|p2a: Sinistcha
|-damage|p2a: Sinistcha|83/100
|
|-weather|none
|-heal|p1a: Gliscor|90/100 tox|[from] ability: Poison Heal
|upkeep
|turn|8
|
|t:|1758953222
|move|p1a: Gliscor|Knock Off|p2a: Sinistcha
|-supereffective|p2a: Sinistcha
|-damage|p2a: Sinistcha|55/100
|-enditem|p2a: Sinistcha|Heavy-Duty Boots|[from] move: Knock Off|[of] p1a: Gliscor
|move|p2a: Sinistcha|Strength Sap|p1a: Gliscor
|-unboost|p1a: Gliscor|atk|1
|-heal|p2a: Sinistcha|100/100
|
|-heal|p1a: Gliscor|100/100 tox|[from] ability: Poison Heal
|upkeep
|turn|9
|
|t:|1758953239
|switch|p1a: Weezing|Weezing-Galar, M|100/100
|move|p2a: Sinistcha|Calm Mind|p2a: Sinistcha
|-boost|p2a: Sinistcha|spa|1
|-boost|p2a: Sinistcha|spd|1
|
|upkeep
|turn|10
|
|t:|1758953260
|move|p2a: Sinistcha|Shadow Ball|p1a: Weezing
|-damage|p1a: Weezing|55/100
|move|p1a: Weezing|Fire Blast|p2a: Sinistcha
|-supereffective|p2a: Sinistcha
|-damage|p2a: Sinistcha|82/100
|
|-heal|p1a: Weezing|61/100|[from] item: Leftovers
|upkeep
|turn|11
|
|t:|1758953273
|switch|p1a: Tyranitar|Tyranitar, F|64/100 brn
|-weather|Sandstorm|[from] ability: Sand Stream|[of] p1a: Tyranitar
|move|p2a: Sinistcha|Calm Mind|p2a: Sinistcha
|-boost|p2a: Sinistcha|spa|1
|-boost|p2a: Sinistcha|spd|1
|
|-weather|Sandstorm|[upkeep]
|-damage|p2a: Sinistcha|76/100|[from] Sandstorm
|-damage|p1a: Tyranitar|58/100 brn|[from] brn
|upkeep
|turn|12
|
|t:|1758953283
|move|p2a: Sinistcha|Matcha Gotcha|p1a: Tyranitar|[miss]
|-miss|p2a: Sinistcha|p1a: Tyranitar
|move|p1a: Tyranitar|Dragon Tail|p2a: Sinistcha
|-damage|p2a: Sinistcha|68/100
|drag|p2a: Great Tusk|Great Tusk|100/100
|-status|p2a: Great Tusk|psn
|
|-weather|Sandstorm|[upkeep]
|-damage|p2a: Great Tusk|88/100 psn|[from] psn
|-damage|p1a: Tyranitar|51/100 brn|[from] brn
|upkeep
|turn|13
|
|t:|1758953299
|switch|p1a: Gliscor|Gliscor, M|100/100 tox
|move|p2a: Great Tusk|Ice Spinner|p1a: Gliscor
|-supereffective|p1a: Gliscor
|-damage|p1a: Gliscor|42/100 tox
|
|-weather|Sandstorm|[upkeep]
|-heal|p2a: Great Tusk|94/100 psn|[from] item: Leftovers
|-damage|p2a: Great Tusk|82/100 psn|[from] psn
|-heal|p1a: Gliscor|54/100 tox|[from] ability: Poison Heal
|upkeep
|turn|14
|
|t:|1758953313
|move|p1a: Gliscor|Protect|p1a: Gliscor
|-singleturn|p1a: Gliscor|Protect
|move|p2a: Great Tusk|Rapid Spin|p1a: Gliscor
|-activate|p1a: Gliscor|move: Protect
|
|-weather|Sandstorm|[upkeep]
|-heal|p2a: Great Tusk|88/100 psn|[from] item: Leftovers
|-damage|p2a: Great Tusk|76/100 psn|[from] psn
|-heal|p1a: Gliscor|67/100 tox|[from] ability: Poison Heal
|upkeep
|turn|15
|
|t:|1758953322
|switch|p1a: Weezing|Weezing-Galar, M|61/100
|move|p2a: Great Tusk|Ice Spinner|p1a: Weezing
|-crit|p1a: Weezing
|-damage|p1a: Weezing|29/100
|
|-weather|none
|-heal|p2a: Great Tusk|82/100 psn|[from] item: Leftovers
|-heal|p1a: Weezing|35/100|[from] item: Leftovers
|-damage|p2a: Great Tusk|69/100 psn|[from] psn
|upkeep
|turn|16
|
|t:|1758953335
|move|p2a: Great Tusk|Rapid Spin|p1a: Weezing
|-damage|p1a: Weezing|22/100
|-boost|p2a: Great Tusk|spe|1
|-sideend|p2: The Moz|Toxic Spikes|[from] move: Rapid Spin|[of] p2a: Great Tusk
|move|p1a: Weezing|Fire Blast|p2a: Great Tusk
|-damage|p2a: Great Tusk|38/100 psn
|
|-heal|p2a: Great Tusk|44/100 psn|[from] item: Leftovers
|-heal|p1a: Weezing|28/100|[from] item: Leftovers
|-damage|p2a: Great Tusk|32/100 psn|[from] psn
|upkeep
|turn|17
|
|t:|1758953356
|move|p2a: Great Tusk|Ice Spinner|p1a: Weezing
|-damage|p1a: Weezing|7/100
|move|p1a: Weezing|Fire Blast|p2a: Great Tusk|[miss]
|-miss|p1a: Weezing|p2a: Great Tusk
|
|-heal|p2a: Great Tusk|38/100 psn|[from] item: Leftovers
|-heal|p1a: Weezing|13/100|[from] item: Leftovers
|-damage|p2a: Great Tusk|26/100 psn|[from] psn
|upkeep
|turn|18
|
|t:|1758953370
|move|p2a: Great Tusk|Ice Spinner|p1a: Weezing
|-damage|p1a: Weezing|0 fnt
|faint|p1a: Weezing
|
|-heal|p2a: Great Tusk|32/100 psn|[from] item: Leftovers
|-damage|p2a: Great Tusk|19/100 psn|[from] psn
|upkeep
|
|t:|1758953379
|switch|p1a: Rillaboom|Rillaboom, F|100/100
|-fieldstart|move: Grassy Terrain|[from] ability: Grassy Surge|[of] p1a: Rillaboom
|turn|19
|
|t:|1758953384
|move|p1a: Rillaboom|Grassy Glide|p2a: Great Tusk
|-supereffective|p2a: Great Tusk
|-damage|p2a: Great Tusk|0 fnt
|faint|p2a: Great Tusk
|-end|p2a: Great Tusk|Protosynthesis|[silent]
|
|upkeep
|
|t:|1758953394
|switch|p2a: Arcanine|Arcanine-Hisui, F|100/100
|turn|20
|
|t:|1758953413
|switch|p2a: Scizor|Scizor, F|73/100
|switch|p1a: Glimmora|Glimmora, F|33/100
|
|-heal|p1a: Glimmora|39/100|[from] Grassy Terrain
|-heal|p2a: Scizor|79/100|[from] Grassy Terrain
|upkeep
|turn|21
|
|t:|1758953422
|move|p2a: Scizor|Bullet Punch|p1a: Glimmora
|-supereffective|p1a: Glimmora
|-damage|p1a: Glimmora|0 fnt
|-activate|p1a: Glimmora|ability: Toxic Debris
|-sidestart|p2: The Moz|move: Toxic Spikes
|faint|p1a: Glimmora
|
|-heal|p2a: Scizor|85/100|[from] Grassy Terrain
|upkeep
|
|t:|1758953430
|switch|p1a: Gliscor|Gliscor, M|67/100 tox
|turn|22
|
|t:|1758953438
|move|p1a: Gliscor|High Horsepower|p2a: Scizor
|-damage|p2a: Scizor|54/100
|move|p2a: Scizor|U-turn|p1a: Gliscor
|-resisted|p1a: Gliscor
|-damage|p1a: Gliscor|54/100 tox
|
|t:|1758953446
|switch|p2a: Sinistcha|Sinistcha-Masterpiece|68/100|[from] U-turn
|-status|p2a: Sinistcha|psn
|
|-heal|p2a: Sinistcha|74/100 psn|[from] Grassy Terrain
|-heal|p1a: Gliscor|66/100 tox|[from] ability: Poison Heal
|-damage|p2a: Sinistcha|61/100 psn|[from] psn
|upkeep
|turn|23
|
|t:|1758953455
|switch|p1a: Tyranitar|Tyranitar, F|51/100 brn
|-weather|Sandstorm|[from] ability: Sand Stream|[of] p1a: Tyranitar
|move|p2a: Sinistcha|Calm Mind|p2a: Sinistcha
|-boost|p2a: Sinistcha|spa|1
|-boost|p2a: Sinistcha|spd|1
|
|-weather|Sandstorm|[upkeep]
|-damage|p2a: Sinistcha|55/100 psn|[from] Sandstorm
|-heal|p2a: Sinistcha|61/100 psn|[from] Grassy Terrain
|-heal|p1a: Tyranitar|58/100 brn|[from] Grassy Terrain
|-damage|p2a: Sinistcha|49/100 psn|[from] psn
|-damage|p1a: Tyranitar|51/100 brn|[from] brn
|-fieldend|move: Grassy Terrain
|upkeep
|turn|24
|
|t:|1758953469
|move|p2a: Sinistcha|Matcha Gotcha|p1a: Tyranitar
|-supereffective|p1a: Tyranitar
|-damage|p1a: Tyranitar|14/100 brn
|-heal|p2a: Sinistcha|71/100 psn|[from] drain|[of] p1a: Tyranitar
|move|p1a: Tyranitar|Dragon Tail|p2a: Sinistcha
|-damage|p2a: Sinistcha|63/100 psn
|drag|p2a: Scizor|Scizor, F|54/100
|
|-weather|Sandstorm|[upkeep]
|-damage|p1a: Tyranitar|8/100 brn|[from] brn
|upkeep
|turn|25
|
|t:|1758953492
|move|p2a: Scizor|Bullet Punch|p1a: Tyranitar
|-supereffective|p1a: Tyranitar
|-damage|p1a: Tyranitar|0 fnt
|faint|p1a: Tyranitar
|
|-weather|Sandstorm|[upkeep]
|upkeep
|
|t:|1758953501
|switch|p1a: Gliscor|Gliscor, M|66/100 tox
|turn|26
|
|t:|1758953508
|move|p1a: Gliscor|High Horsepower|p2a: Scizor
|-damage|p2a: Scizor|24/100
|move|p2a: Scizor|Knock Off|p1a: Gliscor
|-damage|p1a: Gliscor|41/100 tox
|-enditem|p1a: Gliscor|Toxic Orb|[from] move: Knock Off|[of] p2a: Scizor
|
|-weather|Sandstorm|[upkeep]
|-heal|p1a: Gliscor|54/100 tox|[from] ability: Poison Heal
|upkeep
|turn|27
|
|t:|1758953519
|move|p2a: Scizor|Bullet Punch|p1a: Gliscor
|-damage|p1a: Gliscor|33/100 tox
|move|p1a: Gliscor|High Horsepower|p2a: Scizor
|-damage|p2a: Scizor|0 fnt
|faint|p2a: Scizor
|
|-weather|none
|-heal|p1a: Gliscor|46/100 tox|[from] ability: Poison Heal
|upkeep
|
|t:|1758953531
|switch|p2a: Arcanine|Arcanine-Hisui, F|100/100
|-status|p2a: Arcanine|psn
|turn|28
|
|t:|1758953541
|move|p1a: Gliscor|Protect|p1a: Gliscor
|-singleturn|p1a: Gliscor|Protect
|move|p2a: Arcanine|Head Smash|p1a: Gliscor
|-activate|p1a: Gliscor|move: Protect
|
|-damage|p2a: Arcanine|88/100 psn|[from] psn
|-heal|p1a: Gliscor|58/100 tox|[from] ability: Poison Heal
|upkeep
|turn|29
|
|t:|1758953550
|move|p2a: Arcanine|Head Smash|p1a: Gliscor
|-damage|p1a: Gliscor|11/100 tox
|move|p1a: Gliscor|High Horsepower|p2a: Arcanine
|-supereffective|p2a: Arcanine
|-damage|p2a: Arcanine|0 fnt
|faint|p2a: Arcanine
|
|-heal|p1a: Gliscor|24/100 tox|[from] ability: Poison Heal
|upkeep
|
|t:|1758953561
|switch|p2a: Conkeldurr|Conkeldurr, M|100/100
|-status|p2a: Conkeldurr|psn
|turn|30
|
|t:|1758953574
|move|p1a: Gliscor|Protect|p1a: Gliscor
|-singleturn|p1a: Gliscor|Protect
|move|p2a: Conkeldurr|Facade|p1a: Gliscor
|-activate|p1a: Gliscor|move: Protect
|
|-heal|p1a: Gliscor|36/100 tox|[from] ability: Poison Heal
|-damage|p2a: Conkeldurr|88/100 psn|[from] psn
|upkeep
|turn|31
|
|t:|1758953598
|move|p1a: Gliscor|High Horsepower|p2a: Conkeldurr
|-damage|p2a: Conkeldurr|54/100 psn
|move|p2a: Conkeldurr|Facade|p1a: Gliscor
|-damage|p1a: Gliscor|0 fnt
|faint|p1a: Gliscor
|
|-damage|p2a: Conkeldurr|42/100 psn|[from] psn
|upkeep
|
|t:|1758953603
|switch|p1a: Carbink|Carbink, L1, shiny|100/100
|turn|32
|
|t:|1758953614
|-terastallize|p2a: Conkeldurr|Normal
|move|p2a: Conkeldurr|Close Combat|p1a: Carbink
|-ability|p1a: Carbink|Sturdy
|-damage|p1a: Carbink|9/100
|-unboost|p2a: Conkeldurr|def|1
|-unboost|p2a: Conkeldurr|spd|1
|move|p1a: Carbink|Endeavor|p2a: Conkeldurr
|-damage|p2a: Conkeldurr|1/100 psn
|-heal|p1a: Carbink|100/100|[from] item: Shell Bell|[of] p2a: Conkeldurr
|
|-damage|p2a: Conkeldurr|0 fnt|[from] psn
|faint|p2a: Conkeldurr
|upkeep
|
|t:|1758953627
|switch|p2a: Sinistcha|Sinistcha-Masterpiece|63/100 psn
|turn|33
|
|t:|1758953639
|move|p2a: Sinistcha|Matcha Gotcha|p1a: Carbink
|-supereffective|p1a: Carbink
|-ability|p1a: Carbink|Sturdy
|-damage|p1a: Carbink|9/100
|-heal|p2a: Sinistcha|65/100 psn|[from] drain|[of] p1a: Carbink
|move|p1a: Carbink|Sandstorm|p1a: Carbink
|-weather|Sandstorm
|
|-weather|Sandstorm|[upkeep]
|-damage|p2a: Sinistcha|59/100 psn|[from] Sandstorm
|-damage|p2a: Sinistcha|46/100 psn|[from] psn
|upkeep
|turn|34
|
|t:|1758953656
|switch|p1a: Rillaboom|Rillaboom, F|100/100
|-fieldstart|move: Grassy Terrain|[from] ability: Grassy Surge|[of] p1a: Rillaboom
|move|p2a: Sinistcha|Matcha Gotcha|p1a: Rillaboom
|-resisted|p1a: Rillaboom
|-damage|p1a: Rillaboom|74/100
|-heal|p2a: Sinistcha|59/100 psn|[from] drain|[of] p1a: Rillaboom
|
|-weather|Sandstorm|[upkeep]
|-damage|p1a: Rillaboom|68/100|[from] Sandstorm
|-damage|p2a: Sinistcha|53/100 psn|[from] Sandstorm
|-heal|p1a: Rillaboom|74/100|[from] Grassy Terrain
|-heal|p2a: Sinistcha|59/100 psn|[from] Grassy Terrain
|-damage|p2a: Sinistcha|47/100 psn|[from] psn
|upkeep
|turn|35
|
|t:|1758953670
|move|p1a: Rillaboom|Knock Off|p2a: Sinistcha
|-supereffective|p2a: Sinistcha
|-damage|p2a: Sinistcha|0 fnt
|faint|p2a: Sinistcha
|
|win|Gruff Scrimms
|raw|Gruff Scrimms's rating: 1179 &rarr; <strong>1211</strong><br />(+32 for winning)
|raw|The Moz's rating: 1280 &rarr; <strong>1248</strong><br />(-32 for losing)
|l|☆The Moz
|player|p2|
|l|☆Gruff Scrimms
|player|p1|
