|j|☆jsjfmwnmdd
|j|☆peach boy test
|t:|1758960748
|gametype|singles
|player|p1|jsjfmwnmdd|266|1156
|player|p2|peach boy test|drayden|1191
|gen|9
|tier|[Gen 9] OU
|rated|
|rule|HP Percentage Mod: HP is shown in percentages
|rule|Endless Battle Clause: Forcing endless battles is banned
|rule|Species Clause: Limit one of each Pokémon
|rule|OHKO Clause: OHKO moves are banned
|rule|Evasion Items Clause: Evasion items are banned
|rule|Evasion Moves Clause: Evasion moves are banned
|rule|Evasion Abilities Clause: Evasion abilities are banned
|rule|Sleep Moves Clause: Sleep-inducing moves are banned
|clearpoke
|poke|p1|Gliscor, M|
|poke|p1|Walking Wake|
|poke|p1|Slowking-Galar, M|
|poke|p1|Zamazenta-*|
|poke|p1|Ting-Lu|
|poke|p1|Kingambit, F|
|poke|p2|Iron Hands|
|poke|p2|Moltres|
|poke|p2|Oricorio-Sensu, F|
|poke|p2|Weezing-Galar, F|
|poke|p2|Garchomp, M|
|poke|p2|Lokix, M|
|teampreview
|inactive|Battle timer is ON: inactive players will automatically lose when time's up. (requested by peach boy test)
|c|☆peach boy test|glhf!
|
|t:|1758960761
|teamsize|p1|6
|teamsize|p2|6
|start
|switch|p1a: Ting-Lu|Ting-Lu|100/100
|switch|p2a: Garth Champ|Garchomp, M|100/100
|-ability|p1a: Ting-Lu|Vessel of Ruin
|turn|1
|
|t:|1758960778
|switch|p2a: walling Geezer|Weezing-Galar, F|100/100
|-ability|p2a: walling Geezer|Neutralizing Gas
|switch|p1a: Gliscor|Gliscor, M|100/100
|
|-status|p1a: Gliscor|tox|[from] item: Toxic Orb
|upkeep
|turn|2
|
|t:|1758960789
|move|p1a: Gliscor|Swords Dance|p1a: Gliscor
|-boost|p1a: Gliscor|atk|2
|move|p2a: walling Geezer|Strange Steam|p1a: Gliscor
|-crit|p1a: Gliscor
|-damage|p1a: Gliscor|55/100 tox
|
|-damage|p1a: Gliscor|49/100 tox|[from] psn
|upkeep
|turn|3
|
|t:|1758960798
|-end|p2a: walling Geezer|ability: Neutralizing Gas
|switch|p2a: Ollie Corio|Oricorio-Sensu, F|100/100
|move|p1a: Gliscor|Earthquake|p2a: Ollie Corio
|-immune|p2a: Ollie Corio
|
|-heal|p1a: Gliscor|62/100 tox|[from] ability: Poison Heal
|upkeep
|turn|4
|
|t:|1758960810
|switch|p2a: walling Geezer|Weezing-Galar, F|100/100
|-ability|p2a: walling Geezer|Neutralizing Gas
|move|p1a: Gliscor|Ice Fang|p2a: walling Geezer
|-damage|p2a: walling Geezer|78/100
|
|-damage|p1a: Gliscor|43/100 tox|[from] psn
|upkeep
|turn|5
|
|t:|1758960820
|-end|p2a: walling Geezer|ability: Neutralizing Gas
|switch|p2a: Ollie Corio|Oricorio-Sensu, F|100/100
|move|p1a: Gliscor|Earthquake|p2a: Ollie Corio
|-immune|p2a: Ollie Corio
|
|-heal|p1a: Gliscor|55/100 tox|[from] ability: Poison Heal
|upkeep
|turn|6
|
|t:|1758960840
|move|p1a: Gliscor|Ice Fang|p2a: Ollie Corio
|-supereffective|p2a: Ollie Corio
|-damage|p2a: Ollie Corio|39/100
|-status|p2a: Ollie Corio|frz
|-damage|p1a: Gliscor|39/100 tox|[from] item: Rocky Helmet|[of] p2a: Ollie Corio
|cant|p2a: Ollie Corio|frz
|
|-heal|p1a: Gliscor|51/100 tox|[from] ability: Poison Heal
|upkeep
|turn|7
|
|t:|1758960847
|switch|p2a: walling Geezer|Weezing-Galar, F|78/100
|-ability|p2a: walling Geezer|Neutralizing Gas
|move|p1a: Gliscor|Ice Fang|p2a: walling Geezer
|-damage|p2a: walling Geezer|53/100
|
|-damage|p1a: Gliscor|14/100 tox|[from] psn
|upkeep
|turn|8
|
|t:|1758960857
|-end|p2a: walling Geezer|ability: Neutralizing Gas
|switch|p2a: Ollie Corio|Oricorio-Sensu, F|39/100 frz
|move|p1a: Gliscor|Earthquake|p2a: Ollie Corio
|-immune|p2a: Ollie Corio
|
|-heal|p1a: Gliscor|26/100 tox|[from] ability: Poison Heal
|upkeep
|turn|9
|
|t:|1758960870
|move|p1a: Gliscor|Ice Fang|p2a: Ollie Corio
|-supereffective|p2a: Ollie Corio
|-damage|p2a: Ollie Corio|0 fnt
|-damage|p1a: Gliscor|10/100 tox|[from] item: Rocky Helmet|[of] p2a: Ollie Corio
|faint|p2a: Ollie Corio
|
|-heal|p1a: Gliscor|22/100 tox|[from] ability: Poison Heal
|upkeep
|
|t:|1758960872
|switch|p2a: walling Geezer|Weezing-Galar, F|53/100
|-ability|p2a: walling Geezer|Neutralizing Gas
|turn|10
|
|t:|1758960879
|-end|p2a: walling Geezer|ability: Neutralizing Gas
|switch|p2a: trawl mez|Moltres|100/100
|move|p1a: Gliscor|Earthquake|p2a: trawl mez
|-immune|p2a: trawl mez
|
|-heal|p1a: Gliscor|35/100 tox|[from] ability: Poison Heal
|upkeep
|turn|11
|
|t:|1758960883
|switch|p2a: walling Geezer|Weezing-Galar, F|53/100
|-ability|p2a: walling Geezer|Neutralizing Gas
|move|p1a: Gliscor|Protect||[still]
|-fail|p1a: Gliscor
|
|-damage|p1a: Gliscor|0 fnt|[from] psn
|faint|p1a: Gliscor
|upkeep
|inactive|jsjfmwnmdd has 120 seconds left.
|
|t:|1758960920
|switch|p1a: Slowking|Slowking-Galar, M|100/100
|turn|12
|
|t:|1758960927
|-end|p2a: walling Geezer|ability: Neutralizing Gas
|switch|p2a: Garth Champ|Garchomp, M|100/100
|move|p1a: Slowking|Future Sight|p2a: Garth Champ
|-start|p1a: Slowking|move: Future Sight
|
|upkeep
|turn|13
|inactive|jsjfmwnmdd has 120 seconds left.
|
|t:|1758960949
|move|p2a: Garth Champ|Stealth Rock|p1a: Slowking
|-sidestart|p1: jsjfmwnmdd|move: Stealth Rock
|-prepare|p1a: Slowking|Chilly Reception|[premajor]
|move|p1a: Slowking|Chilly Reception|p1a: Slowking
|-weather|Snowscape
|inactive|jsjfmwnmdd has 120 seconds left.
|
|t:|1758960955
|switch|p1a: Walking Wake|Walking Wake|100/100|[from] Chilly Reception
|
|-weather|Snowscape|[upkeep]
|upkeep
|turn|14
|
|t:|1758960968
|switch|p2a: walling Geezer|Weezing-Galar, F|53/100
|-ability|p2a: walling Geezer|Neutralizing Gas
|move|p1a: Walking Wake|Draco Meteor|p2a: walling Geezer
|-immune|p2a: walling Geezer
|
|-weather|Snowscape|[upkeep]
|-end|p2a: walling Geezer|move: Future Sight
|-supereffective|p2a: walling Geezer
|-damage|p2a: walling Geezer|0 fnt
|faint|p2a: walling Geezer
|-end|p2a: walling Geezer|ability: Neutralizing Gas
|upkeep
|c|☆peach boy test|surprised you didn't expect weezing
|
|t:|1758960987
|switch|p2a: Brian Hands|Iron Hands|100/100
|-enditem|p2a: Brian Hands|Booster Energy
|-activate|p2a: Brian Hands|ability: Quark Drive|[fromitem]
|-start|p2a: Brian Hands|quarkdriveatk
|turn|15
|
|t:|1758960999
|move|p1a: Walking Wake|Draco Meteor|p2a: Brian Hands
|-damage|p2a: Brian Hands|45/100
|-unboost|p1a: Walking Wake|spa|2
|move|p2a: Brian Hands|Drain Punch|p1a: Walking Wake
|-damage|p1a: Walking Wake|34/100
|-heal|p2a: Brian Hands|70/100|[from] drain|[of] p1a: Walking Wake
|
|-weather|Snowscape|[upkeep]
|upkeep
|turn|16
|
|t:|1758961007
|move|p1a: Walking Wake|Draco Meteor|p2a: Brian Hands
|-damage|p2a: Brian Hands|44/100
|-unboost|p1a: Walking Wake|spa|2
|move|p2a: Brian Hands|Drain Punch|p1a: Walking Wake
|-damage|p1a: Walking Wake|0 fnt
|-heal|p2a: Brian Hands|57/100|[from] drain|[of] p1a: Walking Wake
|faint|p1a: Walking Wake
|-end|p1a: Walking Wake|Protosynthesis|[silent]
|
|-weather|Snowscape|[upkeep]
|upkeep
|
|t:|1758961023
|switch|p1a: Ting-Lu|Ting-Lu|100/100
|-damage|p1a: Ting-Lu|94/100|[from] Stealth Rock
|-ability|p1a: Ting-Lu|Vessel of Ruin
|turn|17
|
|t:|1758961028
|-terastallize|p1a: Ting-Lu|Ghost
|move|p2a: Brian Hands|Drain Punch|p1a: Ting-Lu
|-immune|p1a: Ting-Lu
|move|p1a: Ting-Lu|Stealth Rock|p2a: Brian Hands
|-sidestart|p2: peach boy test|move: Stealth Rock
|
|-weather|none
|-heal|p1a: Ting-Lu|100/100|[from] item: Leftovers
|upkeep
|turn|18
|c|☆peach boy test|great tera
|
|t:|1758961044
|move|p2a: Brian Hands|Thunder Punch|p1a: Ting-Lu
|-damage|p1a: Ting-Lu|70/100
|move|p1a: Ting-Lu|Earthquake|p2a: Brian Hands
|-supereffective|p2a: Brian Hands
|-damage|p2a: Brian Hands|8/100
|
|-heal|p1a: Ting-Lu|76/100|[from] item: Leftovers
|upkeep
|turn|19
|
|t:|1758961053
|-terastallize|p2a: Brian Hands|Flying
|move|p2a: Brian Hands|Swords Dance|p2a: Brian Hands
|-boost|p2a: Brian Hands|atk|2
|move|p1a: Ting-Lu|Spikes|p2a: Brian Hands
|-sidestart|p2: peach boy test|Spikes
|
|-heal|p1a: Ting-Lu|82/100|[from] item: Leftovers
|upkeep
|turn|20
|
|t:|1758961062
|move|p2a: Brian Hands|Thunder Punch|p1a: Ting-Lu
|-damage|p1a: Ting-Lu|22/100
|move|p1a: Ting-Lu|Spikes|p2a: Brian Hands
|-sidestart|p2: peach boy test|Spikes
|
|-heal|p1a: Ting-Lu|29/100|[from] item: Leftovers
|upkeep
|turn|21
|
|t:|1758961081
|move|p2a: Brian Hands|Thunder Punch|p1a: Ting-Lu
|-damage|p1a: Ting-Lu|0 fnt
|faint|p1a: Ting-Lu
|
|upkeep
|l|☆peach boy test
|inactive|peach boy test disconnected and has a minute to reconnect!
|player|p2|
|j|☆peach boy test
|inactive|peach boy test reconnected.
|player|p2|peach boy test|drayden|
|inactive|jsjfmwnmdd has 120 seconds left.
|
|t:|1758961114
|switch|p1a: Slowking|Slowking-Galar, M|100/100
|turn|22
|
|t:|1758961122
|move|p2a: Brian Hands|Thunder Punch|p1a: Slowking
|-damage|p1a: Slowking|0 fnt
|faint|p1a: Slowking
|
|upkeep
|
|t:|1758961130
|switch|p1a: Zamazenta|Zamazenta|100/100
|-ability|p1a: Zamazenta|Dauntless Shield|boost
|-boost|p1a: Zamazenta|def|1
|turn|23
|
|t:|1758961134
|move|p1a: Zamazenta|Crunch|p2a: Brian Hands
|-damage|p2a: Brian Hands|0 fnt
|faint|p2a: Brian Hands
|-end|p2a: Brian Hands|Quark Drive|[silent]
|
|upkeep
|
|t:|1758961137
|switch|p2a: Garth Champ|Garchomp, M|100/100
|-damage|p2a: Garth Champ|94/100|[from] Stealth Rock
|-damage|p2a: Garth Champ|78/100|[from] Spikes
|turn|24
|
|t:|1758961152
|move|p1a: Zamazenta|Close Combat|p2a: Garth Champ
|-crit|p2a: Garth Champ
|-damage|p2a: Garth Champ|25/100
|-unboost|p1a: Zamazenta|def|1
|-unboost|p1a: Zamazenta|spd|1
|-damage|p1a: Zamazenta|88/100|[from] ability: Rough Skin|[of] p2a: Garth Champ
|-damage|p1a: Zamazenta|72/100|[from] item: Rocky Helmet|[of] p2a: Garth Champ
|move|p2a: Garth Champ|Dragon Tail|p1a: Zamazenta
|-damage|p1a: Zamazenta|48/100
|drag|p1a: Kingambit|Kingambit, F|100/100
|-damage|p1a: Kingambit|94/100|[from] Stealth Rock
|-activate|p1a: Kingambit|ability: Supreme Overlord
|-start|p1a: Kingambit|fallen4|[silent]
|
|upkeep
|turn|25
|inactive|jsjfmwnmdd has 120 seconds left.
|
|t:|1758961179
|move|p2a: Garth Champ|Earthquake|p1a: Kingambit
|-supereffective|p1a: Kingambit
|-damage|p1a: Kingambit|13/100
|move|p1a: Kingambit|Kowtow Cleave|p2a: Garth Champ
|-damage|p2a: Garth Champ|0 fnt
|-damage|p1a: Kingambit|1/100|[from] ability: Rough Skin|[of] p2a: Garth Champ
|-damage|p1a: Kingambit|0 fnt|[from] item: Rocky Helmet|[of] p2a: Garth Champ
|faint|p2a: Garth Champ
|faint|p1a: Kingambit
|-end|p1a: Kingambit|fallen4|[silent]
|
|upkeep
|
|t:|1758961189
|switch|p2a: trawl mez|Moltres|100/100
|switch|p1a: Zamazenta|Zamazenta|48/100
|turn|26
|
|t:|1758961194
|move|p1a: Zamazenta|Close Combat|p2a: trawl mez
|-resisted|p2a: trawl mez
|-damage|p2a: trawl mez|79/100
|-unboost|p1a: Zamazenta|def|1
|-unboost|p1a: Zamazenta|spd|1
|move|p2a: trawl mez|Flamethrower|p1a: Zamazenta
|-crit|p1a: Zamazenta
|-damage|p1a: Zamazenta|0 fnt
|faint|p1a: Zamazenta
|
|win|peach boy test
|raw|jsjfmwnmdd's rating: 1156 &rarr; <strong>1135</strong><br />(-21 for losing)
|raw|peach boy test's rating: 1213 &rarr; <strong>1234</strong><br />(+21 for winning)
|c|☆peach boy test|gg
|l|☆jsjfmwnmdd
|player|p1|
|l|☆peach boy test
|player|p2|
