|j|☆ranski
|j|☆PickleTree3700
|t:|1758951390
|gametype|singles
|player|p1|ranski|hilbert-wonderlauncher|1024
|player|p2|PickleTree3700|265|1071
|gen|9
|tier|[Gen 9] OU
|rated|
|rule|HP Percentage Mod: HP is shown in percentages
|rule|Endless Battle Clause: Forcing endless battles is banned
|rule|Species Clause: Limit one of each Pokémon
|rule|OHKO Clause: OHKO moves are banned
|rule|Evasion Items Clause: Evasion items are banned
|rule|Evasion Moves Clause: Evasion moves are banned
|rule|Evasion Abilities Clause: Evasion abilities are banned
|rule|Sleep Moves Clause: Sleep-inducing moves are banned
|clearpoke
|poke|p1|Blastoise, F|
|poke|p1|Arcanine-Hisui, M|
|poke|p1|Dragonite, M|
|poke|p1|Gengar, M|
|poke|p1|Gliscor, F|
|poke|p1|Galvantula, F|
|poke|p2|Samurott-Hisui, M|
|poke|p2|Vileplume, F|
|poke|p2|Latios, M|
|poke|p2|Chandelure, F|
|poke|p2|Ninetales-Alola, F|
|poke|p2|Magnezone|
|teampreview
|
|t:|1758951421
|teamsize|p1|6
|teamsize|p2|6
|start
|switch|p1a: Arcanine|Arcanine-Hisui, M|100/100
|switch|p2a: Chandelure|Chandelure, F|100/100
|turn|1
|
|t:|1758951439
|switch|p2a: Samurott|Samurott-Hisui, M|100/100
|move|p1a: Arcanine|Head Smash|p2a: Samurott
|-damage|p2a: Samurott|29/100
|
|upkeep
|turn|2
|
|t:|1758951452
|move|p1a: Arcanine|Extreme Speed|p2a: Samurott
|-damage|p2a: Samurott|5/100
|move|p2a: Samurott|Aqua Cutter|p1a: Arcanine
|-supereffective|p1a: Arcanine
|-damage|p1a: Arcanine|0 fnt
|faint|p1a: Arcanine
|
|upkeep
|
|t:|1758951471
|switch|p1a: Blastoise|Blastoise, F|100/100
|turn|3
|
|t:|1758951480
|move|p2a: Samurott|Encore||[still]
|-fail|p2a: Samurott
|move|p1a: Blastoise|Ice Beam|p2a: Samurott
|-resisted|p2a: Samurott
|-crit|p2a: Samurott
|-damage|p2a: Samurott|0 fnt
|faint|p2a: Samurott
|
|upkeep
|
|t:|1758951489
|switch|p2a: Vileplume|Vileplume, F|100/100
|turn|4
|inactive|Battle timer is ON: inactive players will automatically lose when time's up. (requested by PickleTree3700)
|
|t:|1758951528
|switch|p1a: Gliscor|Gliscor, F|100/100
|-terastallize|p2a: Vileplume|Fairy
|move|p2a: Vileplume|Giga Drain|p1a: Gliscor
|-damage|p1a: Gliscor|61/100
|
|-status|p1a: Gliscor|tox|[from] item: Toxic Orb
|upkeep
|turn|5
|
|t:|1758951547
|move|p1a: Gliscor|Protect|p1a: Gliscor
|-singleturn|p1a: Gliscor|Protect
|move|p2a: Vileplume|Giga Drain|p1a: Gliscor
|-activate|p1a: Gliscor|move: Protect
|
|-heal|p1a: Gliscor|74/100 tox|[from] ability: Poison Heal
|upkeep
|turn|6
|
|t:|1758951565
|switch|p1a: Gengar|Gengar, M|100/100
|switch|p2a: Ninetales|Ninetales-Alola, F|100/100
|-weather|Snowscape|[from] ability: Snow Warning|[of] p2a: Ninetales
|
|-weather|Snowscape|[upkeep]
|upkeep
|turn|7
|
|t:|1758951582
|move|p1a: Gengar|Sludge Bomb|p2a: Ninetales
|-supereffective|p2a: Ninetales
|-damage|p2a: Ninetales|0 fnt
|faint|p2a: Ninetales
|
|-weather|Snowscape|[upkeep]
|upkeep
|
|t:|1758951588
|switch|p2a: Chandelure|Chandelure, F|100/100
|turn|8
|inactive|ranski has 120 seconds left.
|
|t:|1758951630
|switch|p1a: Blastoise|Blastoise, F|100/100
|move|p2a: Chandelure|Shadow Ball|p1a: Blastoise
|-damage|p1a: Blastoise|62/100
|-unboost|p1a: Blastoise|spd|1
|
|-weather|Snowscape|[upkeep]
|-heal|p1a: Blastoise|68/100|[from] item: Leftovers
|upkeep
|turn|9
|
|t:|1758951640
|switch|p2a: Vileplume|Vileplume, F, tera:Fairy|100/100
|move|p1a: Blastoise|Surf|p2a: Vileplume
|-damage|p2a: Vileplume|72/100
|
|-weather|Snowscape|[upkeep]
|-heal|p1a: Blastoise|74/100|[from] item: Leftovers
|upkeep
|turn|10
|
|t:|1758951655
|move|p1a: Blastoise|Ice Beam|p2a: Vileplume
|-damage|p2a: Vileplume|52/100
|move|p2a: Vileplume|Giga Drain|p1a: Blastoise
|-supereffective|p1a: Blastoise
|-damage|p1a: Blastoise|0 fnt
|-heal|p2a: Vileplume|90/100|[from] drain|[of] p1a: Blastoise
|faint|p1a: Blastoise
|
|-weather|none
|upkeep
|
|t:|1758951669
|switch|p1a: Gengar|Gengar, M|100/100
|turn|11
|
|t:|1758951688
|switch|p2a: Latios|Latios, M, shiny|100/100
|move|p1a: Gengar|Sludge Bomb|p2a: Latios
|-damage|p2a: Latios|51/100
|-status|p2a: Latios|psn
|
|-damage|p2a: Latios|39/100 psn|[from] psn
|upkeep
|turn|12
|
|t:|1758951700
|move|p1a: Gengar|Sludge Bomb|p2a: Latios
|-damage|p2a: Latios|0 fnt
|faint|p2a: Latios
|
|upkeep
|
|t:|1758951705
|switch|p2a: Chandelure|Chandelure, F|100/100
|turn|13
|
|t:|1758951710
|switch|p1a: Galvantula|Galvantula, F|100/100
|move|p2a: Chandelure|Shadow Ball|p1a: Galvantula
|-damage|p1a: Galvantula|20/100
|
|upkeep
|turn|14
|
|t:|1758951718
|move|p2a: Chandelure|Shadow Ball|p1a: Galvantula
|-damage|p1a: Galvantula|0 fnt
|faint|p1a: Galvantula
|
|upkeep
|
|t:|1758951724
|switch|p1a: Gliscor|Gliscor, F|74/100 tox
|turn|15
|
|t:|1758951728
|move|p1a: Gliscor|Protect|p1a: Gliscor
|-singleturn|p1a: Gliscor|Protect
|move|p2a: Chandelure|Shadow Ball|p1a: Gliscor
|-activate|p1a: Gliscor|move: Protect
|
|-heal|p1a: Gliscor|86/100 tox|[from] ability: Poison Heal
|upkeep
|turn|16
|
|t:|1758951744
|switch|p2a: Vileplume|Vileplume, F, tera:Fairy|90/100
|move|p1a: Gliscor|Knock Off|p2a: Vileplume
|-resisted|p2a: Vileplume
|-damage|p2a: Vileplume|78/100
|-damage|p1a: Gliscor|70/100 tox|[from] item: Rocky Helmet|[of] p2a: Vileplume
|-enditem|p2a: Vileplume|Rocky Helmet|[from] move: Knock Off|[of] p1a: Gliscor
|
|-heal|p1a: Gliscor|82/100 tox|[from] ability: Poison Heal
|upkeep
|turn|17
|
|t:|1758951760
|switch|p1a: Gengar|Gengar, M|100/100
|move|p2a: Vileplume|Giga Drain|p1a: Gengar
|-resisted|p1a: Gengar
|-damage|p1a: Gengar|67/100
|-heal|p2a: Vileplume|91/100|[from] drain|[of] p1a: Gengar
|
|upkeep
|turn|18
|
|t:|1758951769
|move|p1a: Gengar|Sludge Bomb|p2a: Vileplume
|-supereffective|p2a: Vileplume
|-damage|p2a: Vileplume|0 fnt
|faint|p2a: Vileplume
|
|upkeep
|
|t:|1758951773
|switch|p2a: Magnezone|Magnezone|100/100
|-item|p2a: Magnezone|Air Balloon
|turn|19
|
|t:|1758951779
|switch|p1a: Gliscor|Gliscor, F|82/100 tox
|move|p2a: Magnezone|Flash Cannon|p1a: Gliscor
|-damage|p1a: Gliscor|26/100 tox
|-unboost|p1a: Gliscor|spd|1
|
|-heal|p1a: Gliscor|39/100 tox|[from] ability: Poison Heal
|upkeep
|turn|20
|
|t:|1758951789
|move|p1a: Gliscor|Protect|p1a: Gliscor
|-singleturn|p1a: Gliscor|Protect
|move|p2a: Magnezone|Flash Cannon|p1a: Gliscor
|-activate|p1a: Gliscor|move: Protect
|
|-heal|p1a: Gliscor|51/100 tox|[from] ability: Poison Heal
|upkeep
|turn|21
|
|t:|1758951803
|move|p1a: Gliscor|Earthquake|p2a: Magnezone
|-immune|p2a: Magnezone
|move|p2a: Magnezone|Tera Blast|p1a: Gliscor
|-damage|p1a: Gliscor|0 fnt
|faint|p1a: Gliscor
|
|upkeep
|
|t:|1758951811
|switch|p1a: Dragonite|Dragonite, M|100/100
|turn|22
|
|t:|1758951825
|move|p1a: Dragonite|Outrage|p2a: Magnezone
|-resisted|p2a: Magnezone
|-crit|p2a: Magnezone
|-damage|p2a: Magnezone|60/100
|-enditem|p2a: Magnezone|Air Balloon
|move|p2a: Magnezone|Discharge|p1a: Dragonite
|-damage|p1a: Dragonite|72/100
|-status|p1a: Dragonite|par
|
|upkeep
|turn|23
|
|t:|1758951841
|move|p2a: Magnezone|Flash Cannon|p1a: Dragonite
|-damage|p1a: Dragonite|21/100 par
|move|p1a: Dragonite|Outrage|p2a: Magnezone|[from] lockedmove
|-resisted|p2a: Magnezone
|-damage|p2a: Magnezone|32/100
|
|upkeep
|turn|24
|
|t:|1758951850
|move|p2a: Magnezone|Discharge|p1a: Dragonite
|-damage|p1a: Dragonite|0 fnt
|faint|p1a: Dragonite
|
|upkeep
|
|t:|1758951854
|switch|p1a: Gengar|Gengar, M|67/100
|turn|25
|
|t:|1758951859
|move|p1a: Gengar|Shadow Ball|p2a: Magnezone
|-damage|p2a: Magnezone|0 fnt
|faint|p2a: Magnezone
|
|upkeep
|
|t:|1758951863
|switch|p2a: Chandelure|Chandelure, F|100/100
|turn|26
|
|t:|1758951868
|move|p1a: Gengar|Shadow Ball|p2a: Chandelure
|-supereffective|p2a: Chandelure
|-damage|p2a: Chandelure|0 fnt
|faint|p2a: Chandelure
|
|win|ranski
|raw|ranski's rating: 1024 &rarr; <strong>1065</strong><br />(+41 for winning)
|raw|PickleTree3700's rating: 1071 &rarr; <strong>1048</strong><br />(-23 for losing)
|c|☆ranski|gg
|c|☆PickleTree3700|huh
|c|☆PickleTree3700|how
|c|☆PickleTree3700|my chandelure is scarfed
|c|☆PickleTree3700|obviously
|c|☆ranski|get gud
|c|☆PickleTree3700|no lowk im curisu
|l|☆ranski
|player|p1|
|c|☆PickleTree3700|holy spelling
|c|☆PickleTree3700|curious
