|j|☆banjin
|j|☆ccncn123
|t:|1758943724
|gametype|singles
|player|p1|banjin|beauty-gen6xy|1294
|player|p2|ccncn123|265|1307
|gen|9
|tier|[Gen 9] OU
|rated|
|rule|HP Percentage Mod: HP is shown in percentages
|rule|Endless Battle Clause: Forcing endless battles is banned
|rule|Species Clause: Limit one of each Pokémon
|rule|OHKO Clause: OHKO moves are banned
|rule|Evasion Items Clause: Evasion items are banned
|rule|Evasion Moves Clause: Evasion moves are banned
|rule|Evasion Abilities Clause: Evasion abilities are banned
|rule|Sleep Moves Clause: Sleep-inducing moves are banned
|clearpoke
|poke|p1|Minior-Blue|
|poke|p1|Lokix, F|
|poke|p1|Thundurus-Therian, M|
|poke|p1|Muk-Alola, F|
|poke|p1|Emboar, M|
|poke|p1|Ditto|
|poke|p2|Okidogi, M|
|poke|p2|Latios, M|
|poke|p2|Alomomola, M|
|poke|p2|Slowking-Galar, M|
|poke|p2|Great Tusk|
|poke|p2|Deoxys-Speed|
|teampreview
|inactive|Battle timer is ON: inactive players will automatically lose when time's up. (requested by banjin)
|
|t:|1758943733
|teamsize|p1|6
|teamsize|p2|6
|start
|switch|p1a: Beppo|Muk-Alola, F|100/100
|switch|p2a: Okidogi|Okidogi, M|100/100
|turn|1
|
|t:|1758943745
|switch|p1a: Dragmire|Emboar, M, shiny|100/100
|move|p2a: Okidogi|Knock Off|p1a: Dragmire
|-resisted|p1a: Dragmire
|-damage|p1a: Dragmire|81/100
|-enditem|p1a: Dragmire|Focus Sash|[from] move: Knock Off|[of] p2a: Okidogi
|
|upkeep
|turn|2
|
|t:|1758943760
|switch|p2a: Alomomola|Alomomola, M|100/100
|-terastallize|p1a: Dragmire|Ground
|move|p1a: Dragmire|Earthquake|p2a: Alomomola
|-damage|p2a: Alomomola|66/100
|
|upkeep
|turn|3
|
|t:|1758943765
|move|p1a: Dragmire|Wild Charge|p2a: Alomomola
|-supereffective|p2a: Alomomola
|-damage|p2a: Alomomola|19/100
|-damage|p1a: Dragmire|64/100|[from] item: Rocky Helmet|[of] p2a: Alomomola
|-damage|p1a: Dragmire|48/100|[from] Recoil
|move|p2a: Alomomola|Flip Turn|p1a: Dragmire
|-supereffective|p1a: Dragmire
|-damage|p1a: Dragmire|4/100
|
|t:|1758943772
|switch|p2a: Deoxys|Deoxys-Speed|100/100|[from] Flip Turn
|-ability|p2a: Deoxys|Pressure
|
|upkeep
|turn|4
|
|t:|1758943778
|switch|p1a: Beppo|Muk-Alola, F|100/100
|move|p2a: Deoxys|Ice Beam|p1a: Beppo
|-damage|p1a: Beppo|81/100
|
|upkeep
|turn|5
|
|t:|1758943786
|switch|p2a: Okidogi|Okidogi, M|100/100
|move|p1a: Beppo|Knock Off|p2a: Okidogi
|-resisted|p2a: Okidogi
|-damage|p2a: Okidogi|82/100
|-enditem|p2a: Okidogi|Assault Vest|[from] move: Knock Off|[of] p1a: Beppo
|
|upkeep
|turn|6
|
|t:|1758943791
|switch|p1a: Dragmire|Emboar, M, shiny, tera:Ground|4/100
|move|p2a: Okidogi|Knock Off|p1a: Dragmire
|-damage|p1a: Dragmire|0 fnt
|faint|p1a: Dragmire
|
|upkeep
|
|t:|1758943796
|switch|p1a: Paws|Thundurus-Therian, M|100/100
|turn|7
|
|t:|1758943800
|move|p1a: Paws|Thunderbolt|p2a: Okidogi
|-damage|p2a: Okidogi|40/100
|move|p2a: Okidogi|Knock Off|p1a: Paws
|-damage|p1a: Paws|60/100
|-enditem|p1a: Paws|Focus Sash|[from] move: Knock Off|[of] p2a: Okidogi
|
|upkeep
|turn|8
|
|t:|1758943807
|move|p1a: Paws|Nasty Plot|p1a: Paws
|-boost|p1a: Paws|spa|2
|move|p2a: Okidogi|Ice Punch|p1a: Paws
|-supereffective|p1a: Paws
|-damage|p1a: Paws|0 fnt
|faint|p1a: Paws
|
|upkeep
|
|t:|1758943814
|switch|p1a: Mr. Brightside|Minior-Blue|100/100
|-formechange|p1a: Mr. Brightside|Minior-Meteor||[from] ability: Shields Down
|turn|9
|
|t:|1758943821
|move|p1a: Mr. Brightside|Shell Smash|p1a: Mr. Brightside
|-unboost|p1a: Mr. Brightside|def|1
|-unboost|p1a: Mr. Brightside|spd|1
|-boost|p1a: Mr. Brightside|atk|2
|-boost|p1a: Mr. Brightside|spa|2
|-boost|p1a: Mr. Brightside|spe|2
|-enditem|p1a: Mr. Brightside|White Herb
|-clearnegativeboost|p1a: Mr. Brightside|[silent]
|move|p2a: Okidogi|Knock Off|p1a: Mr. Brightside
|-damage|p1a: Mr. Brightside|78/100
|
|upkeep
|turn|10
|
|t:|1758943827
|move|p1a: Mr. Brightside|Acrobatics|p2a: Okidogi
|-supereffective|p2a: Okidogi
|-damage|p2a: Okidogi|0 fnt
|faint|p2a: Okidogi
|
|upkeep
|
|t:|1758943836
|switch|p2a: Slowking|Slowking-Galar, M|100/100
|turn|11
|
|t:|1758943848
|move|p1a: Mr. Brightside|Substitute|p1a: Mr. Brightside
|-start|p1a: Mr. Brightside|Substitute
|-damage|p1a: Mr. Brightside|53/100
|move|p2a: Slowking|Thunder Wave||[still]
|-fail|p2a: Slowking
|
|upkeep
|turn|12
|
|t:|1758943858
|move|p1a: Mr. Brightside|Earthquake|p2a: Slowking
|-supereffective|p2a: Slowking
|-damage|p2a: Slowking|17/100
|move|p2a: Slowking|Sludge Bomb|p1a: Mr. Brightside
|-resisted|p1a: Mr. Brightside
|-activate|p1a: Mr. Brightside|move: Substitute|[damage]
|
|upkeep
|turn|13
|
|t:|1758943865
|move|p1a: Mr. Brightside|Acrobatics|p2a: Slowking
|-damage|p2a: Slowking|0 fnt
|faint|p2a: Slowking
|
|upkeep
|
|t:|1758943873
|switch|p2a: Latios|Latios, M|100/100
|turn|14
|
|t:|1758943879
|move|p2a: Latios|Luster Purge|p1a: Mr. Brightside
|-end|p1a: Mr. Brightside|Substitute
|move|p1a: Mr. Brightside|Shell Smash|p1a: Mr. Brightside
|-unboost|p1a: Mr. Brightside|def|1
|-unboost|p1a: Mr. Brightside|spd|1
|-boost|p1a: Mr. Brightside|atk|2
|-boost|p1a: Mr. Brightside|spa|2
|-boost|p1a: Mr. Brightside|spe|2
|
|upkeep
|turn|15
|
|t:|1758943885
|move|p1a: Mr. Brightside|Substitute|p1a: Mr. Brightside
|-start|p1a: Mr. Brightside|Substitute
|-damage|p1a: Mr. Brightside|28/100
|move|p2a: Latios|Luster Purge|p1a: Mr. Brightside
|-end|p1a: Mr. Brightside|Substitute
|
|-formechange|p1a: Mr. Brightside|Minior-Blue||[from] ability: Shields Down
|upkeep
|turn|16
|
|t:|1758943890
|move|p1a: Mr. Brightside|Acrobatics|p2a: Latios
|-damage|p2a: Latios|0 fnt
|faint|p2a: Latios
|
|upkeep
|
|t:|1758943896
|switch|p2a: Alomomola|Alomomola, M|53/100
|turn|17
|
|t:|1758943898
|move|p1a: Mr. Brightside|Acrobatics|p2a: Alomomola
|-damage|p2a: Alomomola|0 fnt
|-damage|p1a: Mr. Brightside|11/100|[from] item: Rocky Helmet|[of] p2a: Alomomola
|faint|p2a: Alomomola
|
|upkeep
|
|t:|1758943902
|switch|p2a: Great Tusk|Great Tusk|100/100
|turn|18
|
|t:|1758943910
|move|p1a: Mr. Brightside|Acrobatics|p2a: Great Tusk
|-supereffective|p2a: Great Tusk
|-damage|p2a: Great Tusk|0 fnt
|-damage|p1a: Mr. Brightside|0 fnt|[from] item: Rocky Helmet|[of] p2a: Great Tusk
|faint|p2a: Great Tusk
|-end|p2a: Great Tusk|Protosynthesis|[silent]
|faint|p1a: Mr. Brightside
|
|upkeep
|
|t:|1758943915
|switch|p1a: Beppo|Muk-Alola, F|81/100
|switch|p2a: Deoxys|Deoxys-Speed|100/100
|-ability|p2a: Deoxys|Pressure
|turn|19
|
|t:|1758943921
|-terastallize|p2a: Deoxys|Fighting
|move|p2a: Deoxys|Superpower|p1a: Beppo
|-damage|p1a: Beppo|39/100
|-unboost|p2a: Deoxys|atk|1
|-unboost|p2a: Deoxys|def|1
|move|p1a: Beppo|Knock Off|p2a: Deoxys
|-resisted|p2a: Deoxys
|-damage|p2a: Deoxys|36/100
|-status|p2a: Deoxys|psn|[from] ability: Poison Touch|[of] p1a: Beppo
|-enditem|p2a: Deoxys|Heavy-Duty Boots|[from] move: Knock Off|[of] p1a: Beppo
|
|-damage|p2a: Deoxys|24/100 psn|[from] psn
|upkeep
|turn|20
|-message|ccncn123 forfeited.
|
|win|banjin
|raw|banjin's rating: 1294 &rarr; <strong>1320</strong><br />(+26 for winning)
|raw|ccncn123's rating: 1307 &rarr; <strong>1286</strong><br />(-21 for losing)
|l|☆ccncn123
|player|p2|
|l|☆banjin
|player|p1|
