|j|☆zyh13888
|j|☆bellerophon01
|t:|1758965345
|gametype|singles
|player|p1|zyh13888|170|1238
|player|p2|bellerophon01|lady-gen4|1143
|gen|9
|tier|[Gen 9] OU
|rated|
|rule|HP Percentage Mod: HP is shown in percentages
|rule|Endless Battle Clause: Forcing endless battles is banned
|rule|Species Clause: Limit one of each Pokémon
|rule|OHKO Clause: OHKO moves are banned
|rule|Evasion Items Clause: Evasion items are banned
|rule|Evasion Moves Clause: Evasion moves are banned
|rule|Evasion Abilities Clause: Evasion abilities are banned
|rule|Sleep Moves Clause: Sleep-inducing moves are banned
|clearpoke
|poke|p1|Dragonite, F|
|poke|p1|Kingambit, M|
|poke|p1|Scizor, M|
|poke|p1|Enamorus, F|
|poke|p1|Great Tusk|
|poke|p1|Dragapult, F|
|poke|p2|Corviknight, F|
|poke|p2|Hatterene, F|
|poke|p2|Dragonite, F|
|poke|p2|Hydrapple, F|
|poke|p2|Malamar, M|
|poke|p2|Skeledirge, M|
|teampreview
|inactive|Battle timer is ON: inactive players will automatically lose when time's up. (requested by zyh13888)
|j| Rizzofreko
|
|t:|1758965357
|teamsize|p1|6
|teamsize|p2|6
|start
|switch|p1a: Dragapult|Dragapult, F, shiny|100/100
|switch|p2a: Malamar|Malamar, M|100/100
|turn|1
|l| Rizzofreko
|
|t:|1758965373
|move|p1a: Dragapult|Draco Meteor|p2a: Malamar
|-damage|p2a: Malamar|0 fnt
|-unboost|p1a: Dragapult|spa|2
|faint|p2a: Malamar
|
|upkeep
|
|t:|1758965388
|switch|p2a: Dragonite|Dragonite, F|100/100
|turn|2
|
|t:|1758965393
|switch|p1a: Enamorus|Enamorus, F|100/100
|move|p2a: Dragonite|Dragon Claw|p1a: Enamorus
|-immune|p1a: Enamorus
|
|upkeep
|turn|3
|
|t:|1758965399
|move|p1a: Enamorus|Moonblast|p2a: Dragonite
|-supereffective|p2a: Dragonite
|-damage|p2a: Dragonite|42/100
|move|p2a: Dragonite|Rain Dance|p2a: Dragonite
|-weather|RainDance
|
|-weather|RainDance|[upkeep]
|upkeep
|turn|4
|
|t:|1758965411
|-terastallize|p2a: Dragonite|Water
|move|p1a: Enamorus|Moonblast|p2a: Dragonite
|-damage|p2a: Dragonite|0 fnt
|faint|p2a: Dragonite
|
|-weather|RainDance|[upkeep]
|upkeep
|inactive|bellerophon01 has 120 seconds left.
|
|t:|1758965437
|switch|p2a: Corviknight|Corviknight, F|100/100
|turn|5
|
|t:|1758965445
|switch|p1a: Scizor|Scizor, M, shiny|100/100
|move|p2a: Corviknight|Iron Defense|p2a: Corviknight
|-boost|p2a: Corviknight|def|2
|
|-weather|RainDance|[upkeep]
|upkeep
|turn|6
|
|t:|1758965454
|move|p2a: Corviknight|Iron Defense|p2a: Corviknight
|-boost|p2a: Corviknight|def|2
|move|p1a: Scizor|U-turn|p2a: Corviknight
|-resisted|p2a: Corviknight
|-damage|p2a: Corviknight|97/100
|
|t:|1758965456
|switch|p1a: Dragapult|Dragapult, F, shiny|100/100|[from] U-turn
|
|-weather|RainDance|[upkeep]
|upkeep
|turn|7
|
|t:|1758965471
|move|p1a: Dragapult|Thunder|p2a: Corviknight
|-supereffective|p2a: Corviknight
|-damage|p2a: Corviknight|1/100
|-status|p2a: Corviknight|par
|move|p2a: Corviknight|U-turn|p1a: Dragapult
|-resisted|p1a: Dragapult
|-damage|p1a: Dragapult|87/100
|-damage|p2a: Corviknight|0 fnt|[from] item: Life Orb
|faint|p2a: Corviknight
|
|-weather|none
|upkeep
|
|t:|1758965481
|switch|p2a: Skeledirge|Skeledirge, M|100/100
|turn|8
|
|t:|1758965484
|switch|p1a: Great Tusk|Great Tusk, shiny|100/100
|-enditem|p1a: Great Tusk|Booster Energy
|-activate|p1a: Great Tusk|ability: Protosynthesis|[fromitem]
|-start|p1a: Great Tusk|protosynthesisatk
|move|p2a: Skeledirge|Alluring Voice|p1a: Great Tusk
|-supereffective|p1a: Great Tusk
|-damage|p1a: Great Tusk|31/100
|
|upkeep
|turn|9
|
|t:|1758965493
|move|p1a: Great Tusk|Headlong Rush|p2a: Skeledirge
|-supereffective|p2a: Skeledirge
|-damage|p2a: Skeledirge|0 fnt
|-unboost|p1a: Great Tusk|def|1
|-unboost|p1a: Great Tusk|spd|1
|faint|p2a: Skeledirge
|
|upkeep
|
|t:|1758965498
|switch|p2a: Hydrapple|Hydrapple, F|100/100
|turn|10
|
|t:|1758965502
|move|p1a: Great Tusk|Ice Spinner|p2a: Hydrapple
|-supereffective|p2a: Hydrapple
|-damage|p2a: Hydrapple|0 fnt
|faint|p2a: Hydrapple
|
|upkeep
|
|t:|1758965504
|switch|p2a: Hatterene|Hatterene, F|100/100
|turn|11
|
|t:|1758965508
|move|p1a: Great Tusk|Headlong Rush|p2a: Hatterene
|-damage|p2a: Hatterene|0 fnt
|-unboost|p1a: Great Tusk|def|1
|-unboost|p1a: Great Tusk|spd|1
|faint|p2a: Hatterene
|
|win|zyh13888
|raw|zyh13888's rating: 1238 &rarr; <strong>1256</strong><br />(+18 for winning)
|raw|bellerophon01's rating: 1143 &rarr; <strong>1125</strong><br />(-18 for losing)
|l|☆zyh13888
|player|p1|
|j|☆zyh13888
|player|p1|zyh13888|170|
|l|☆zyh13888
|player|p1|
|l|☆bellerophon01
|player|p2|
