|j|☆Shibuya Arc
|j|☆jojosworld
|t:|1758953949
|gametype|singles
|player|p1|Shibuya Arc|265|1586
|player|p2|jojosworld|cynthia|1774
|gen|9
|tier|[Gen 9] OU
|rated|
|rule|HP Percentage Mod: HP is shown in percentages
|rule|Endless Battle Clause: Forcing endless battles is banned
|rule|Species Clause: Limit one of each Pokémon
|rule|OHKO Clause: OHKO moves are banned
|rule|Evasion Items Clause: Evasion items are banned
|rule|Evasion Moves Clause: Evasion moves are banned
|rule|Evasion Abilities Clause: Evasion abilities are banned
|rule|Sleep Moves Clause: Sleep-inducing moves are banned
|clearpoke
|poke|p1|Dragapult, F|
|poke|p1|Dragonite, F|
|poke|p1|Ting-Lu|
|poke|p1|Weezing-Galar, F|
|poke|p1|Iron Crown|
|poke|p1|Zapdos|
|poke|p2|Alomomola, F|
|poke|p2|Amoonguss, M|
|poke|p2|Great Tusk|
|poke|p2|Goodra-Hisui, F|
|poke|p2|Clefable, F|
|poke|p2|Dragapult, F|
|teampreview
|inactive|Battle timer is ON: inactive players will automatically lose when time's up. (requested by jojosworld)
|inactive|Shibuya Arc also wants the timer to be on.
|
|t:|1758953961
|teamsize|p1|6
|teamsize|p2|6
|start
|switch|p1a: Ting-Lu|Ting-Lu|100/100
|switch|p2a: Dragapult|Dragapult, F, shiny|100/100
|-ability|p1a: Ting-Lu|Vessel of Ruin
|turn|1
|
|t:|1758953968
|move|p2a: Dragapult|Will-O-Wisp|p1a: Ting-Lu
|-status|p1a: Ting-Lu|brn
|move|p1a: Ting-Lu|Ruination|p2a: Dragapult
|-damage|p2a: Dragapult|51/100
|
|-damage|p1a: Ting-Lu|94/100 brn|[from] brn
|upkeep
|turn|2
|
|t:|1758953978
|switch|p2a: Clefable|Clefable, F, shiny|100/100
|move|p1a: Ting-Lu|Ruination|p2a: Clefable
|-damage|p2a: Clefable|50/100
|
|-heal|p2a: Clefable|57/100|[from] item: Leftovers
|-heal|p1a: Ting-Lu|100/100 brn|[from] item: Leftovers
|-damage|p1a: Ting-Lu|94/100 brn|[from] brn
|upkeep
|turn|3
|
|t:|1758953988
|switch|p1a: Iron Crown|Iron Crown|100/100
|move|p2a: Clefable|Stealth Rock|p1a: Iron Crown
|-sidestart|p1: Shibuya Arc|move: Stealth Rock
|
|-heal|p2a: Clefable|63/100|[from] item: Leftovers
|upkeep
|turn|4
|
|t:|1758953995
|switch|p2a: Alomomola|Alomomola, F, shiny|100/100
|move|p1a: Iron Crown|Focus Blast|p2a: Alomomola
|-damage|p2a: Alomomola|32/100
|
|upkeep
|turn|5
|
|t:|1758954006
|-end|p1a: Iron Crown|Quark Drive|[silent]
|switch|p1a: Weezing|Weezing-Galar, F|100/100
|-ability|p1a: Weezing|Neutralizing Gas
|switch|p2a: Dragapult|Dragapult, F, shiny|51/100
|
|upkeep
|turn|6
|
|t:|1758954013
|-terastallize|p2a: Dragapult|Ghost
|move|p2a: Dragapult|Shadow Ball|p1a: Weezing
|-damage|p1a: Weezing|2/100
|move|p1a: Weezing|Will-O-Wisp|p2a: Dragapult
|-status|p2a: Dragapult|brn
|
|-damage|p2a: Dragapult|45/100 brn|[from] brn
|upkeep
|turn|7
|
|t:|1758954023
|switch|p2a: Alomomola|Alomomola, F, shiny|32/100
|-end|p1a: Weezing|ability: Neutralizing Gas
|switch|p1a: Ting-Lu|Ting-Lu|94/100 brn
|-damage|p1a: Ting-Lu|88/100 brn|[from] Stealth Rock
|-ability|p1a: Ting-Lu|Vessel of Ruin
|
|-heal|p1a: Ting-Lu|94/100 brn|[from] item: Leftovers
|-damage|p1a: Ting-Lu|88/100 brn|[from] brn
|upkeep
|turn|8
|
|t:|1758954030
|move|p1a: Ting-Lu|Stealth Rock|p2a: Alomomola
|-sidestart|p2: jojosworld|move: Stealth Rock
|move|p2a: Alomomola|Flip Turn|p1a: Ting-Lu
|-supereffective|p1a: Ting-Lu
|-damage|p1a: Ting-Lu|70/100 brn
|
|t:|1758954032
|switch|p2a: Clefable|Clefable, F, shiny|63/100|[from] Flip Turn
|
|-heal|p2a: Clefable|69/100|[from] item: Leftovers
|-heal|p1a: Ting-Lu|76/100 brn|[from] item: Leftovers
|-damage|p1a: Ting-Lu|70/100 brn|[from] brn
|upkeep
|turn|9
|
|t:|1758954040
|switch|p2a: Alomomola|Alomomola, F, shiny|66/100
|switch|p1a: Iron Crown|Iron Crown|100/100
|-damage|p1a: Iron Crown|94/100|[from] Stealth Rock
|
|upkeep
|turn|10
|
|t:|1758954046
|move|p2a: Alomomola|Protect|p2a: Alomomola
|-singleturn|p2a: Alomomola|Protect
|move|p1a: Iron Crown|Focus Blast|p2a: Alomomola
|-activate|p2a: Alomomola|move: Protect
|
|upkeep
|turn|11
|
|t:|1758954053
|-end|p1a: Iron Crown|Quark Drive|[silent]
|switch|p1a: Weezing|Weezing-Galar, F|2/100
|-ability|p1a: Weezing|Neutralizing Gas
|switch|p2a: Clefable|Clefable, F, shiny|69/100
|-damage|p2a: Clefable|56/100|[from] Stealth Rock
|
|-heal|p2a: Clefable|62/100|[from] item: Leftovers
|upkeep
|turn|12
|
|t:|1758954060
|move|p1a: Weezing|Pain Split|p2a: Clefable
|-sethp|p2a: Clefable|32/100|[from] move: Pain Split|[silent]
|-sethp|p1a: Weezing|38/100|[from] move: Pain Split
|move|p2a: Clefable|Moonblast|p1a: Weezing
|-resisted|p1a: Weezing
|-damage|p1a: Weezing|18/100
|-unboost|p1a: Weezing|spa|1
|
|-heal|p2a: Clefable|38/100|[from] item: Leftovers
|upkeep
|turn|13
|
|t:|1758954070
|-end|p1a: Weezing|ability: Neutralizing Gas
|switch|p1a: Iron Crown|Iron Crown|94/100
|-damage|p1a: Iron Crown|88/100|[from] Stealth Rock
|move|p2a: Clefable|Moonblast|p1a: Iron Crown
|-resisted|p1a: Iron Crown
|-damage|p1a: Iron Crown|73/100
|-unboost|p1a: Iron Crown|spa|1
|
|-heal|p2a: Clefable|44/100|[from] item: Leftovers
|upkeep
|turn|14
|
|t:|1758954080
|switch|p2a: Amoonguss|Amoonguss, M, shiny|100/100
|move|p1a: Iron Crown|Focus Blast|p2a: Amoonguss|[miss]
|-miss|p1a: Iron Crown|p2a: Amoonguss
|
|upkeep
|turn|15
|
|t:|1758954087
|-end|p1a: Iron Crown|Quark Drive|[silent]
|switch|p1a: Ting-Lu|Ting-Lu|70/100 brn
|-damage|p1a: Ting-Lu|64/100 brn|[from] Stealth Rock
|-ability|p1a: Ting-Lu|Vessel of Ruin
|switch|p2a: Clefable|Clefable, F, shiny|44/100
|
|-heal|p2a: Clefable|50/100|[from] item: Leftovers
|-heal|p1a: Ting-Lu|70/100 brn|[from] item: Leftovers
|-damage|p1a: Ting-Lu|64/100 brn|[from] brn
|upkeep
|turn|16
|
|t:|1758954093
|switch|p1a: Iron Crown|Iron Crown|73/100
|-damage|p1a: Iron Crown|67/100|[from] Stealth Rock
|move|p2a: Clefable|Moonlight|p2a: Clefable
|-heal|p2a: Clefable|99/100
|
|-heal|p2a: Clefable|100/100|[from] item: Leftovers
|upkeep
|turn|17
|
|t:|1758954100
|switch|p2a: Goodra|Goodra-Hisui, F, shiny|100/100
|-damage|p2a: Goodra|94/100|[from] Stealth Rock
|move|p1a: Iron Crown|Psyshock|p2a: Goodra
|-resisted|p2a: Goodra
|-damage|p2a: Goodra|68/100
|
|upkeep
|turn|18
|
|t:|1758954111
|move|p1a: Iron Crown|Psyshock|p2a: Goodra
|-resisted|p2a: Goodra
|-damage|p2a: Goodra|40/100
|move|p2a: Goodra|Knock Off|p1a: Iron Crown
|-supereffective|p1a: Iron Crown
|-damage|p1a: Iron Crown|22/100
|-enditem|p1a: Iron Crown|Choice Specs|[from] move: Knock Off|[of] p2a: Goodra
|
|upkeep
|turn|19
|
|t:|1758954124
|move|p1a: Iron Crown|Focus Blast|p2a: Goodra
|-supereffective|p2a: Goodra
|-damage|p2a: Goodra|11/100
|move|p2a: Goodra|Knock Off|p1a: Iron Crown
|-supereffective|p1a: Iron Crown
|-damage|p1a: Iron Crown|0 fnt
|faint|p1a: Iron Crown
|-end|p1a: Iron Crown|Quark Drive|[silent]
|
|upkeep
|
|t:|1758954133
|switch|p1a: Dragonite|Dragonite, F|100/100
|turn|20
|
|t:|1758954140
|switch|p2a: Great Tusk|Great Tusk, shiny|100/100
|move|p1a: Dragonite|Earthquake|p2a: Great Tusk
|-damage|p2a: Great Tusk|74/100
|
|upkeep
|turn|21
|
|t:|1758954148
|-terastallize|p1a: Dragonite|Normal
|move|p2a: Great Tusk|Ice Spinner|p1a: Dragonite
|-damage|p1a: Dragonite|85/100
|move|p1a: Dragonite|Dragon Dance|p1a: Dragonite
|-boost|p1a: Dragonite|atk|1
|-boost|p1a: Dragonite|spe|1
|
|upkeep
|turn|22
|
|t:|1758954156
|move|p1a: Dragonite|Roost|p1a: Dragonite
|-heal|p1a: Dragonite|100/100
|move|p2a: Great Tusk|Close Combat|p1a: Dragonite
|-supereffective|p1a: Dragonite
|-damage|p1a: Dragonite|25/100
|-unboost|p2a: Great Tusk|def|1
|-unboost|p2a: Great Tusk|spd|1
|
|upkeep
|turn|23
|
|t:|1758954165
|move|p1a: Dragonite|Earthquake|p2a: Great Tusk
|-damage|p2a: Great Tusk|7/100
|move|p2a: Great Tusk|Rapid Spin|p1a: Dragonite
|-damage|p1a: Dragonite|3/100
|-boost|p2a: Great Tusk|spe|1
|-sideend|p2: jojosworld|Stealth Rock|[from] move: Rapid Spin|[of] p2a: Great Tusk
|
|upkeep
|turn|24
|
|t:|1758954172
|-end|p2a: Great Tusk|Protosynthesis|[silent]
|switch|p2a: Clefable|Clefable, F, shiny|100/100
|move|p1a: Dragonite|Extreme Speed|p2a: Clefable
|-damage|p2a: Clefable|45/100
|
|-heal|p2a: Clefable|52/100|[from] item: Leftovers
|upkeep
|turn|25
|
|t:|1758954182
|move|p1a: Dragonite|Roost|p1a: Dragonite
|-heal|p1a: Dragonite|54/100
|move|p2a: Clefable|Moonblast|p1a: Dragonite
|-damage|p1a: Dragonite|25/100
|
|-heal|p2a: Clefable|58/100|[from] item: Leftovers
|upkeep
|turn|26
|
|t:|1758954190
|move|p1a: Dragonite|Roost|p1a: Dragonite
|-heal|p1a: Dragonite|75/100
|move|p2a: Clefable|Thunder Wave|p1a: Dragonite
|-status|p1a: Dragonite|par
|
|-heal|p2a: Clefable|64/100|[from] item: Leftovers
|upkeep
|turn|27
|
|t:|1758954197
|switch|p2a: Amoonguss|Amoonguss, M, shiny|100/100
|move|p1a: Dragonite|Roost|p1a: Dragonite
|-heal|p1a: Dragonite|100/100 par
|
|upkeep
|turn|28
|
|t:|1758954204
|cant|p1a: Dragonite|par
|move|p2a: Amoonguss|Clear Smog|p1a: Dragonite
|-damage|p1a: Dragonite|93/100 par
|-clearboost|p1a: Dragonite
|
|upkeep
|turn|29
|
|t:|1758954213
|cant|p1a: Dragonite|par
|move|p2a: Amoonguss|Foul Play|p1a: Dragonite
|-damage|p1a: Dragonite|55/100 par
|
|upkeep
|turn|30
|
|t:|1758954221
|switch|p2a: Alomomola|Alomomola, F, shiny|66/100
|move|p1a: Dragonite|Roost|p1a: Dragonite
|-heal|p1a: Dragonite|100/100 par
|
|upkeep
|turn|31
|
|t:|1758954227
|move|p1a: Dragonite|Extreme Speed|p2a: Alomomola
|-damage|p2a: Alomomola|42/100
|move|p2a: Alomomola|Flip Turn|p1a: Dragonite
|-damage|p1a: Dragonite|93/100 par
|
|t:|1758954229
|switch|p2a: Clefable|Clefable, F, shiny|64/100|[from] Flip Turn
|
|-heal|p2a: Clefable|70/100|[from] item: Leftovers
|upkeep
|turn|32
|
|t:|1758954236
|move|p2a: Clefable|Moonlight|p2a: Clefable
|-heal|p2a: Clefable|100/100
|cant|p1a: Dragonite|par
|
|upkeep
|turn|33
|
|t:|1758954243
|switch|p2a: Alomomola|Alomomola, F, shiny|75/100
|move|p1a: Dragonite|Dragon Dance|p1a: Dragonite
|-boost|p1a: Dragonite|atk|1
|-boost|p1a: Dragonite|spe|1
|
|upkeep
|turn|34
|
|t:|1758954251
|move|p1a: Dragonite|Earthquake|p2a: Alomomola
|-damage|p2a: Alomomola|42/100
|move|p2a: Alomomola|Flip Turn|p1a: Dragonite
|-damage|p1a: Dragonite|75/100 par
|
|t:|1758954253
|switch|p2a: Amoonguss|Amoonguss, M, shiny|100/100|[from] Flip Turn
|
|upkeep
|turn|35
|
|t:|1758954260
|switch|p1a: Zapdos|Zapdos|100/100
|move|p2a: Amoonguss|Foul Play|p1a: Zapdos
|-crit|p1a: Zapdos
|-damage|p1a: Zapdos|73/100
|
|upkeep
|turn|36
|
|t:|1758954267
|move|p1a: Zapdos|Hurricane|p2a: Amoonguss|[miss]
|-miss|p1a: Zapdos|p2a: Amoonguss
|move|p2a: Amoonguss|Toxic|p1a: Zapdos
|-status|p1a: Zapdos|tox
|
|-damage|p1a: Zapdos|67/100 tox|[from] psn
|upkeep
|turn|37
|
|t:|1758954273
|switch|p2a: Clefable|Clefable, F, shiny|100/100
|move|p1a: Zapdos|Hurricane|p2a: Clefable|[miss]
|-miss|p1a: Zapdos|p2a: Clefable
|
|-damage|p1a: Zapdos|55/100 tox|[from] psn
|upkeep
|turn|38
|
|t:|1758954280
|move|p1a: Zapdos|Volt Switch|p2a: Clefable
|-damage|p2a: Clefable|65/100
|
|t:|1758954288
|switch|p1a: Dragonite|Dragonite, F, tera:Normal|75/100 par|[from] Volt Switch
|move|p2a: Clefable|Moonblast|p1a: Dragonite
|-damage|p1a: Dragonite|46/100 par
|
|-heal|p2a: Clefable|71/100|[from] item: Leftovers
|upkeep
|turn|39
|
|t:|1758954296
|move|p2a: Clefable|Moonblast|p1a: Dragonite
|-damage|p1a: Dragonite|14/100 par
|-unboost|p1a: Dragonite|spa|1
|cant|p1a: Dragonite|par
|
|-heal|p2a: Clefable|77/100|[from] item: Leftovers
|upkeep
|turn|40
|
|t:|1758954303
|move|p1a: Dragonite|Extreme Speed|p2a: Clefable
|-damage|p2a: Clefable|40/100
|move|p2a: Clefable|Moonblast|p1a: Dragonite
|-damage|p1a: Dragonite|0 fnt
|faint|p1a: Dragonite
|
|-heal|p2a: Clefable|46/100|[from] item: Leftovers
|upkeep
|
|t:|1758954311
|switch|p1a: Zapdos|Zapdos|55/100 tox
|turn|41
|
|t:|1758954318
|move|p1a: Zapdos|Hurricane|p2a: Clefable
|-damage|p2a: Clefable|0 fnt
|faint|p2a: Clefable
|
|-damage|p1a: Zapdos|49/100 tox|[from] psn
|upkeep
|
|t:|1758954324
|switch|p2a: Dragapult|Dragapult, F, shiny, tera:Ghost|45/100 brn
|turn|42
|
|t:|1758954331
|switch|p1a: Ting-Lu|Ting-Lu|64/100 brn
|-damage|p1a: Ting-Lu|58/100 brn|[from] Stealth Rock
|-ability|p1a: Ting-Lu|Vessel of Ruin
|move|p2a: Dragapult|Shadow Ball|p1a: Ting-Lu
|-resisted|p1a: Ting-Lu
|-damage|p1a: Ting-Lu|41/100 brn
|-unboost|p1a: Ting-Lu|spd|1
|
|-heal|p1a: Ting-Lu|47/100 brn|[from] item: Leftovers
|-damage|p2a: Dragapult|39/100 brn|[from] brn
|-damage|p1a: Ting-Lu|41/100 brn|[from] brn
|upkeep
|turn|43
|
|t:|1758954339
|move|p2a: Dragapult|Shadow Ball|p1a: Ting-Lu
|-resisted|p1a: Ting-Lu
|-damage|p1a: Ting-Lu|19/100 brn
|move|p1a: Ting-Lu|Earthquake|p2a: Dragapult
|-damage|p2a: Dragapult|13/100 brn
|
|-heal|p1a: Ting-Lu|25/100 brn|[from] item: Leftovers
|-damage|p2a: Dragapult|7/100 brn|[from] brn
|-damage|p1a: Ting-Lu|19/100 brn|[from] brn
|upkeep
|turn|44
|
|t:|1758954347
|move|p2a: Dragapult|Shadow Ball|p1a: Ting-Lu
|-resisted|p1a: Ting-Lu
|-damage|p1a: Ting-Lu|0 fnt
|faint|p1a: Ting-Lu
|
|-damage|p2a: Dragapult|1/100 brn|[from] brn
|upkeep
|
|t:|1758954354
|switch|p1a: Weezing|Weezing-Galar, F|18/100
|-ability|p1a: Weezing|Neutralizing Gas
|turn|45
|
|t:|1758954364
|switch|p2a: Great Tusk|Great Tusk, shiny|7/100
|move|p1a: Weezing|Will-O-Wisp|p2a: Great Tusk
|-status|p2a: Great Tusk|brn
|
|-damage|p2a: Great Tusk|1/100 brn|[from] brn
|upkeep
|turn|46
|
|t:|1758954371
|-end|p1a: Weezing|ability: Neutralizing Gas
|switch|p1a: Zapdos|Zapdos|49/100 tox
|move|p2a: Great Tusk|Ice Spinner|p1a: Zapdos
|-supereffective|p1a: Zapdos
|-damage|p1a: Zapdos|14/100 tox
|
|-damage|p1a: Zapdos|8/100 tox|[from] psn
|-damage|p2a: Great Tusk|0 fnt|[from] brn
|faint|p2a: Great Tusk
|-end|p2a: Great Tusk|Protosynthesis|[silent]
|upkeep
|
|t:|1758954385
|switch|p2a: Alomomola|Alomomola, F, shiny|76/100
|turn|47
|
|t:|1758954392
|move|p1a: Zapdos|Roost|p1a: Zapdos
|-heal|p1a: Zapdos|58/100 tox
|-singleturn|p1a: Zapdos|move: Roost
|move|p2a: Alomomola|Wish|p2a: Alomomola
|
|-damage|p1a: Zapdos|46/100 tox|[from] psn
|upkeep
|turn|48
|
|t:|1758954399
|switch|p2a: Goodra|Goodra-Hisui, F, shiny|11/100
|move|p1a: Zapdos|Heat Wave|p2a: Goodra
|-damage|p2a: Goodra|0 fnt
|faint|p2a: Goodra
|
|-damage|p1a: Zapdos|28/100 tox|[from] psn
|upkeep
|
|t:|1758954405
|switch|p2a: Alomomola|Alomomola, F, shiny|100/100
|turn|49
|
|t:|1758954412
|move|p1a: Zapdos|Volt Switch|p2a: Alomomola
|-supereffective|p2a: Alomomola
|-damage|p2a: Alomomola|10/100
|
|t:|1758954419
|switch|p1a: Dragapult|Dragapult, F|100/100|[from] Volt Switch
|move|p2a: Alomomola|Wish|p2a: Alomomola
|
|upkeep
|turn|50
|
|t:|1758954426
|switch|p2a: Amoonguss|Amoonguss, M, shiny|100/100
|move|p1a: Dragapult|U-turn|p2a: Amoonguss
|-damage|p2a: Amoonguss|87/100
|
|t:|1758954436
|switch|p1a: Zapdos|Zapdos|28/100 tox|[from] U-turn
|
|-heal|p2a: Amoonguss|100/100|[from] move: Wish|[wisher] Alomomola
|-damage|p1a: Zapdos|22/100 tox|[from] psn
|upkeep
|turn|51
|
|t:|1758954442
|move|p1a: Zapdos|Roost|p1a: Zapdos
|-heal|p1a: Zapdos|72/100 tox
|-singleturn|p1a: Zapdos|move: Roost
|move|p2a: Amoonguss|Giga Drain|p1a: Zapdos
|-damage|p1a: Zapdos|45/100 tox
|
|-damage|p1a: Zapdos|33/100 tox|[from] psn
|upkeep
|turn|52
|
|t:|1758954450
|move|p1a: Zapdos|Hurricane|p2a: Amoonguss|[miss]
|-miss|p1a: Zapdos|p2a: Amoonguss
|move|p2a: Amoonguss|Giga Drain|p1a: Zapdos
|-resisted|p1a: Zapdos
|-damage|p1a: Zapdos|20/100 tox
|
|-damage|p1a: Zapdos|2/100 tox|[from] psn
|upkeep
|turn|53
|
|t:|1758954457
|move|p1a: Zapdos|Hurricane|p2a: Amoonguss|[miss]
|-miss|p1a: Zapdos|p2a: Amoonguss
|move|p2a: Amoonguss|Giga Drain|p1a: Zapdos
|-resisted|p1a: Zapdos
|-damage|p1a: Zapdos|0 fnt
|faint|p1a: Zapdos
|
|upkeep
|
|t:|1758954465
|switch|p1a: Dragapult|Dragapult, F|100/100
|turn|54
|
|t:|1758954473
|move|p1a: Dragapult|Will-O-Wisp|p2a: Amoonguss
|-status|p2a: Amoonguss|brn
|move|p2a: Amoonguss|Toxic|p1a: Dragapult
|-status|p1a: Dragapult|tox
|
|-damage|p1a: Dragapult|95/100 tox|[from] psn
|-damage|p2a: Amoonguss|94/100 brn|[from] brn
|upkeep
|turn|55
|
|t:|1758954479
|move|p1a: Dragapult|Dragon Darts|p2a: Amoonguss
|-damage|p2a: Amoonguss|80/100 brn
|-anim|p1a: Dragapult|Dragon Darts|p2a: Amoonguss
|-damage|p2a: Amoonguss|63/100 brn
|move|p2a: Amoonguss|Foul Play|p1a: Dragapult
|-supereffective|p1a: Dragapult
|-damage|p1a: Dragapult|58/100 tox
|
|-damage|p1a: Dragapult|46/100 tox|[from] psn
|-damage|p2a: Amoonguss|57/100 brn|[from] brn
|upkeep
|turn|56
|
|t:|1758954486
|move|p1a: Dragapult|Hex|p2a: Amoonguss
|-damage|p2a: Amoonguss|5/100 brn
|move|p2a: Amoonguss|Foul Play|p1a: Dragapult
|-supereffective|p1a: Dragapult
|-damage|p1a: Dragapult|12/100 tox
|-start|p2a: Amoonguss|Disable|Foul Play|[from] ability: Cursed Body|[of] p1a: Dragapult
|
|-damage|p1a: Dragapult|0 fnt|[from] psn
|faint|p1a: Dragapult
|-damage|p2a: Amoonguss|0 fnt|[from] brn
|faint|p2a: Amoonguss
|upkeep
|
|t:|1758954493
|switch|p1a: Weezing|Weezing-Galar, F|18/100
|switch|p2a: Alomomola|Alomomola, F, shiny|44/100
|-ability|p1a: Weezing|Neutralizing Gas
|turn|57
|
|t:|1758954499
|move|p1a: Weezing|Toxic Spikes|p2a: Alomomola
|-sidestart|p2: jojosworld|move: Toxic Spikes
|move|p2a: Alomomola|Scald|p1a: Weezing
|-damage|p1a: Weezing|0 fnt
|faint|p1a: Weezing
|-end|p1a: Weezing|ability: Neutralizing Gas
|
|win|jojosworld
|raw|Shibuya Arc's rating: 1586 &rarr; <strong>1576</strong><br />(-10 for losing)
|raw|jojosworld's rating: 1774 &rarr; <strong>1784</strong><br />(+10 for winning)
