|j|☆Red Icigool
|j|☆Beegcrispy
|t:|1759066563
|gametype|singles
|player|p1|Red Icigool|swimmerf-gen4|1213
|player|p2|Beegcrispy|sailor|1174
|gen|9
|tier|[Gen 9] OU
|rated|
|rule|HP Percentage Mod: HP is shown in percentages
|rule|Endless Battle Clause: Forcing endless battles is banned
|rule|Species Clause: Limit one of each Pokémon
|rule|OHKO Clause: OHKO moves are banned
|rule|Evasion Items Clause: Evasion items are banned
|rule|Evasion Moves Clause: Evasion moves are banned
|rule|Evasion Abilities Clause: Evasion abilities are banned
|rule|Sleep Moves Clause: Sleep-inducing moves are banned
|clearpoke
|poke|p1|Forretress, F|
|poke|p1|Scizor, M|
|poke|p1|Kleavor, F|
|poke|p1|Araquanid, F|
|poke|p1|Vikavolt, F|
|poke|p1|Venomoth, M|
|poke|p2|Clefable, M|
|poke|p2|Ceruledge, M|
|poke|p2|Garganacl, F|
|poke|p2|Dragonite, F|
|poke|p2|Corviknight, F|
|poke|p2|Kingambit, M|
|teampreview
|
|t:|1759066569
|teamsize|p1|6
|teamsize|p2|6
|start
|switch|p1a: Venomoth|Venomoth, M|100/100
|switch|p2a: Clefable|Clefable, M|100/100
|turn|1
|
|t:|1759066574
|-terastallize|p2a: Clefable|Steel
|move|p1a: Venomoth|Quiver Dance|p1a: Venomoth
|-boost|p1a: Venomoth|spa|1
|-boost|p1a: Venomoth|spd|1
|-boost|p1a: Venomoth|spe|1
|move|p2a: Clefable|Calm Mind|p2a: Clefable
|-boost|p2a: Clefable|spa|1
|-boost|p2a: Clefable|spd|1
|
|upkeep
|turn|2
|
|t:|1759066584
|move|p1a: Venomoth|Psychic Noise|p2a: Clefable
|-resisted|p2a: Clefable
|-damage|p2a: Clefable|86/100
|-start|p2a: Clefable|move: Heal Block
|move|p2a: Clefable|Calm Mind|p2a: Clefable
|-boost|p2a: Clefable|spa|1
|-boost|p2a: Clefable|spd|1
|
|upkeep
|turn|3
|
|t:|1759066592
|move|p1a: Venomoth|Quiver Dance|p1a: Venomoth
|-boost|p1a: Venomoth|spa|1
|-boost|p1a: Venomoth|spd|1
|-boost|p1a: Venomoth|spe|1
|move|p2a: Clefable|Moonblast|p1a: Venomoth
|-resisted|p1a: Venomoth
|-damage|p1a: Venomoth|56/100
|
|-heal|p1a: Venomoth|62/100|[from] item: Black Sludge
|-end|p2a: Clefable|move: Heal Block
|upkeep
|turn|4
|
|t:|1759066595
|move|p1a: Venomoth|Bug Buzz|p2a: Clefable
|-resisted|p2a: Clefable
|-damage|p2a: Clefable|66/100
|move|p2a: Clefable|Substitute|p2a: Clefable
|-start|p2a: Clefable|Substitute
|-damage|p2a: Clefable|41/100
|
|-heal|p1a: Venomoth|68/100|[from] item: Black Sludge
|-heal|p2a: Clefable|47/100|[from] item: Leftovers
|upkeep
|turn|5
|
|t:|1759066600
|move|p1a: Venomoth|Psychic Noise|p2a: Clefable
|-resisted|p2a: Clefable
|-damage|p2a: Clefable|37/100
|-start|p2a: Clefable|move: Heal Block
|move|p2a: Clefable|Calm Mind|p2a: Clefable
|-boost|p2a: Clefable|spa|1
|-boost|p2a: Clefable|spd|1
|
|-heal|p1a: Venomoth|74/100|[from] item: Black Sludge
|upkeep
|turn|6
|
|t:|1759066608
|move|p1a: Venomoth|Bug Buzz|p2a: Clefable
|-resisted|p2a: Clefable
|-damage|p2a: Clefable|21/100
|move|p2a: Clefable|Calm Mind|p2a: Clefable
|-boost|p2a: Clefable|spa|1
|-boost|p2a: Clefable|spd|1
|
|-heal|p1a: Venomoth|80/100|[from] item: Black Sludge
|-end|p2a: Clefable|move: Heal Block
|upkeep
|turn|7
|
|t:|1759066614
|move|p1a: Venomoth|Psychic Noise|p2a: Clefable
|-resisted|p2a: Clefable
|-damage|p2a: Clefable|14/100
|-start|p2a: Clefable|move: Heal Block
|cant|p2a: Clefable|move: Heal Block|Moonlight
|
|-heal|p1a: Venomoth|86/100|[from] item: Black Sludge
|upkeep
|turn|8
|
|t:|1759066622
|move|p1a: Venomoth|Bug Buzz|p2a: Clefable
|-resisted|p2a: Clefable
|-crit|p2a: Clefable
|-damage|p2a: Clefable|0 fnt
|faint|p2a: Clefable
|
|-heal|p1a: Venomoth|92/100|[from] item: Black Sludge
|upkeep
|
|t:|1759066625
|switch|p2a: Ceruledge|Ceruledge, M|100/100
|turn|9
|
|t:|1759066637
|move|p1a: Venomoth|Sludge Wave|p2a: Ceruledge
|-resisted|p2a: Ceruledge
|-damage|p2a: Ceruledge|0 fnt
|faint|p2a: Ceruledge
|
|-heal|p1a: Venomoth|98/100|[from] item: Black Sludge
|upkeep
|-message|Beegcrispy forfeited.
|
|win|Red Icigool
|raw|Red Icigool's rating: 1213 &rarr; <strong>1235</strong><br />(+22 for winning)
|raw|Beegcrispy's rating: 1174 &rarr; <strong>1152</strong><br />(-22 for losing)
|l|☆Beegcrispy
|player|p2|
|l|☆Red Icigool
|player|p1|
