|j|☆SamiFawad
|j|☆ChiefGreenLeaf3
|t:|1759007233
|gametype|singles
|player|p1|SamiFawad|2|1562
|player|p2|ChiefGreenLeaf3|giovanni-gen1|1638
|gen|9
|tier|[Gen 9] OU
|rated|
|rule|HP Percentage Mod: HP is shown in percentages
|rule|Endless Battle Clause: Forcing endless battles is banned
|rule|Species Clause: Limit one of each Pokémon
|rule|OHKO Clause: OHKO moves are banned
|rule|Evasion Items Clause: Evasion items are banned
|rule|Evasion Moves Clause: Evasion moves are banned
|rule|Evasion Abilities Clause: Evasion abilities are banned
|rule|Sleep Moves Clause: Sleep-inducing moves are banned
|clearpoke
|poke|p1|Landorus-Therian, M|
|poke|p1|Samurott-Hisui, F|
|poke|p1|Great Tusk|
|poke|p1|Iron Moth|
|poke|p1|Slowking-Galar, M|
|poke|p1|Chesnaught, F|
|poke|p2|Torkoal, M|
|poke|p2|Hatterene, F|
|poke|p2|Tornadus-Therian, M|
|poke|p2|Great Tusk|
|poke|p2|Kingambit, M|
|poke|p2|Walking Wake|
|teampreview
|
|t:|1759007245
|teamsize|p1|6
|teamsize|p2|6
|start
|switch|p1a: Samurott|Samurott-Hisui, F|100/100
|switch|p2a: Torkoal|Torkoal, M|100/100
|-weather|SunnyDay|[from] ability: Drought|[of] p2a: Torkoal
|turn|1
|
|t:|1759007248
|move|p1a: Samurott|Ceaseless Edge|p2a: Torkoal
|-damage|p2a: Torkoal|74/100
|-sidestart|p2: ChiefGreenLeaf3|Spikes
|move|p2a: Torkoal|Will-O-Wisp|p1a: Samurott
|-status|p1a: Samurott|brn
|
|-weather|SunnyDay|[upkeep]
|-damage|p1a: Samurott|94/100 brn|[from] brn
|upkeep
|turn|2
|
|t:|1759007250
|move|p1a: Samurott|Ceaseless Edge|p2a: Torkoal
|-damage|p2a: Torkoal|61/100
|-sidestart|p2: ChiefGreenLeaf3|Spikes
|move|p2a: Torkoal|Stealth Rock|p1a: Samurott
|-sidestart|p1: SamiFawad|move: Stealth Rock
|
|-weather|SunnyDay|[upkeep]
|-damage|p1a: Samurott|88/100 brn|[from] brn
|upkeep
|turn|3
|
|t:|1759007252
|switch|p2a: Great Tusk|Great Tusk|100/100
|-damage|p2a: Great Tusk|84/100|[from] Spikes
|-activate|p2a: Great Tusk|ability: Protosynthesis
|-start|p2a: Great Tusk|protosynthesisatk
|move|p1a: Samurott|Ceaseless Edge|p2a: Great Tusk|[miss]
|-miss|p1a: Samurott|p2a: Great Tusk
|
|-weather|SunnyDay|[upkeep]
|-damage|p1a: Samurott|82/100 brn|[from] brn
|upkeep
|turn|4
|
|t:|1759007257
|switch|p1a: Chesnaught|Chesnaught, F|100/100
|-damage|p1a: Chesnaught|94/100|[from] Stealth Rock
|move|p2a: Great Tusk|Rapid Spin|p1a: Chesnaught
|-damage|p1a: Chesnaught|79/100
|-boost|p2a: Great Tusk|spe|1
|-damage|p2a: Great Tusk|68/100|[from] item: Rocky Helmet|[of] p1a: Chesnaught
|-sideend|p2: ChiefGreenLeaf3|Spikes|[from] move: Rapid Spin|[of] p2a: Great Tusk
|
|-weather|SunnyDay|[upkeep]
|upkeep
|turn|5
|
|t:|1759007285
|-end|p2a: Great Tusk|Protosynthesis|[silent]
|switch|p2a: Hatterene|Hatterene, F|100/100
|move|p1a: Chesnaught|Roar|p2a: Hatterene
|move|p2a: Hatterene|Roar|p1a: Chesnaught|[from] ability: Magic Bounce
|drag|p1a: Landorus|Landorus-Therian, M|100/100
|-damage|p1a: Landorus|88/100|[from] Stealth Rock
|-ability|p1a: Landorus|Intimidate|boost
|-unboost|p2a: Hatterene|atk|1
|
|-weather|SunnyDay|[upkeep]
|upkeep
|turn|6
|
|t:|1759007293
|move|p1a: Landorus|U-turn|p2a: Hatterene
|-damage|p2a: Hatterene|66/100
|
|t:|1759007299
|switch|p1a: Slowking|Slowking-Galar, M|100/100|[from] U-turn
|-damage|p1a: Slowking|88/100|[from] Stealth Rock
|move|p2a: Hatterene|Future Sight|p1a: Slowking
|-start|p2a: Hatterene|move: Future Sight
|
|-weather|SunnyDay|[upkeep]
|upkeep
|turn|7
|
|t:|1759007305
|switch|p2a: Tornadus|Tornadus-Therian, M|100/100
|move|p1a: Slowking|Future Sight|p2a: Tornadus
|-start|p1a: Slowking|move: Future Sight
|
|-weather|SunnyDay|[upkeep]
|upkeep
|turn|8
|
|t:|1759007308
|move|p2a: Tornadus|Knock Off|p1a: Slowking
|-supereffective|p1a: Slowking
|-damage|p1a: Slowking|42/100
|-enditem|p1a: Slowking|Assault Vest|[from] move: Knock Off|[of] p2a: Tornadus
|move|p1a: Slowking|Flamethrower|p2a: Tornadus
|-damage|p2a: Tornadus|68/100
|
|-weather|none
|-end|p1a: Slowking|move: Future Sight
|-damage|p1a: Slowking|0 fnt
|faint|p1a: Slowking
|upkeep
|
|t:|1759007317
|switch|p1a: Samurott|Samurott-Hisui, F|82/100 brn
|-damage|p1a: Samurott|69/100 brn|[from] Stealth Rock
|turn|9
|
|t:|1759007325
|move|p2a: Tornadus|U-turn|p1a: Samurott
|-supereffective|p1a: Samurott
|-damage|p1a: Samurott|30/100 brn
|
|t:|1759007335
|switch|p2a: Great Tusk|Great Tusk|68/100|[from] U-turn
|move|p1a: Samurott|Ceaseless Edge|p2a: Great Tusk
|-resisted|p2a: Great Tusk
|-damage|p2a: Great Tusk|60/100
|-sidestart|p2: ChiefGreenLeaf3|Spikes
|
|-end|p2a: Great Tusk|move: Future Sight
|-supereffective|p2a: Great Tusk
|-damage|p2a: Great Tusk|0 fnt
|faint|p2a: Great Tusk
|-end|p2a: Great Tusk|Protosynthesis|[silent]
|-damage|p1a: Samurott|24/100 brn|[from] brn
|upkeep
|
|t:|1759007340
|switch|p2a: Torkoal|Torkoal, M|61/100
|-damage|p2a: Torkoal|49/100|[from] Spikes
|-weather|SunnyDay|[from] ability: Drought|[of] p2a: Torkoal
|turn|10
|
|t:|1759007343
|move|p1a: Samurott|Ceaseless Edge|p2a: Torkoal
|-damage|p2a: Torkoal|36/100
|-sidestart|p2: ChiefGreenLeaf3|Spikes
|move|p2a: Torkoal|Stealth Rock||[still]
|-fail|p2a: Torkoal
|
|-weather|SunnyDay|[upkeep]
|-damage|p1a: Samurott|18/100 brn|[from] brn
|upkeep
|turn|11
|
|t:|1759007346
|move|p1a: Samurott|Ceaseless Edge|p2a: Torkoal
|-damage|p2a: Torkoal|24/100
|-sidestart|p2: ChiefGreenLeaf3|Spikes
|move|p2a: Torkoal|Rapid Spin|p1a: Samurott
|-damage|p1a: Samurott|7/100 brn
|-boost|p2a: Torkoal|spe|1
|-sideend|p2: ChiefGreenLeaf3|Spikes|[from] move: Rapid Spin|[of] p2a: Torkoal
|
|-weather|SunnyDay|[upkeep]
|-damage|p1a: Samurott|0 fnt|[from] brn
|faint|p1a: Samurott
|upkeep
|
|t:|1759007349
|switch|p1a: Great Tusk|Great Tusk|100/100
|-damage|p1a: Great Tusk|98/100|[from] Stealth Rock
|-activate|p1a: Great Tusk|ability: Protosynthesis
|-start|p1a: Great Tusk|protosynthesisdef
|turn|12
|
|t:|1759007351
|move|p1a: Great Tusk|Rapid Spin|p2a: Torkoal
|-damage|p2a: Torkoal|15/100
|-boost|p1a: Great Tusk|spe|1
|-sideend|p1: SamiFawad|Stealth Rock|[from] move: Rapid Spin|[of] p1a: Great Tusk
|move|p2a: Torkoal|Overheat|p1a: Great Tusk|[miss]
|-miss|p2a: Torkoal|p1a: Great Tusk
|
|-weather|SunnyDay|[upkeep]
|upkeep
|turn|13
|c|☆ChiefGreenLeaf3|wp
|
|t:|1759007365
|switch|p2a: Tornadus|Tornadus-Therian, M|100/100
|move|p1a: Great Tusk|Knock Off|p2a: Tornadus
|-damage|p2a: Tornadus|70/100
|-enditem|p2a: Tornadus|Assault Vest|[from] move: Knock Off|[of] p1a: Great Tusk
|
|-weather|SunnyDay|[upkeep]
|upkeep
|turn|14
|
|t:|1759007375
|-end|p1a: Great Tusk|Protosynthesis|[silent]
|switch|p1a: Chesnaught|Chesnaught, F|79/100
|move|p2a: Tornadus|Bleakwind Storm|p1a: Chesnaught|[miss]
|-miss|p2a: Tornadus|p1a: Chesnaught
|
|-weather|SunnyDay|[upkeep]
|upkeep
|turn|15
|
|t:|1759007386
|move|p2a: Tornadus|Bleakwind Storm|p1a: Chesnaught|[miss]
|-miss|p2a: Tornadus|p1a: Chesnaught
|move|p1a: Chesnaught|Leech Seed|p2a: Tornadus
|-start|p2a: Tornadus|move: Leech Seed
|
|-weather|SunnyDay|[upkeep]
|-damage|p2a: Tornadus|57/100|[from] Leech Seed|[of] p1a: Chesnaught
|-heal|p1a: Chesnaught|91/100|[silent]
|upkeep
|turn|16
|
|t:|1759007396
|switch|p2a: Hatterene|Hatterene, F|66/100
|move|p1a: Chesnaught|Body Press|p2a: Hatterene
|-resisted|p2a: Hatterene
|-damage|p2a: Hatterene|53/100
|
|-weather|SunnyDay|[upkeep]
|upkeep
|turn|17
|
|t:|1759007429
|move|p2a: Hatterene|Future Sight|p1a: Chesnaught
|-start|p2a: Hatterene|move: Future Sight
|move|p1a: Chesnaught|Roar|p2a: Hatterene
|move|p2a: Hatterene|Roar|p1a: Chesnaught|[from] ability: Magic Bounce
|drag|p1a: Iron Moth|Iron Moth|100/100
|-enditem|p1a: Iron Moth|Booster Energy
|-activate|p1a: Iron Moth|ability: Quark Drive|[fromitem]
|-start|p1a: Iron Moth|quarkdrivespe
|
|-weather|none
|upkeep
|turn|18
|
|t:|1759007499
|switch|p2a: Tornadus|Tornadus-Therian, M|91/100
|move|p1a: Iron Moth|Sludge Wave|p2a: Tornadus
|-damage|p2a: Tornadus|42/100
|
|upkeep
|turn|19
|
|t:|1759007524
|switch|p2a: Kingambit|Kingambit, M|100/100
|-activate|p2a: Kingambit|ability: Supreme Overlord
|-start|p2a: Kingambit|fallen1|[silent]
|-terastallize|p1a: Iron Moth|Ground
|move|p1a: Iron Moth|Fiery Dance|p2a: Kingambit
|-supereffective|p2a: Kingambit
|-damage|p2a: Kingambit|18/100
|-boost|p1a: Iron Moth|spa|1
|
|-end|p1a: Iron Moth|move: Future Sight
|-damage|p1a: Iron Moth|36/100
|-heal|p2a: Kingambit|24/100|[from] item: Leftovers
|upkeep
|turn|20
|
|t:|1759007527
|move|p2a: Kingambit|Sucker Punch|p1a: Iron Moth
|-damage|p1a: Iron Moth|0 fnt
|faint|p1a: Iron Moth
|-end|p1a: Iron Moth|Quark Drive|[silent]
|
|-heal|p2a: Kingambit|30/100|[from] item: Leftovers
|upkeep
|
|t:|1759007530
|switch|p1a: Landorus|Landorus-Therian, M|88/100
|-ability|p1a: Landorus|Intimidate|boost
|-unboost|p2a: Kingambit|atk|1
|turn|21
|
|t:|1759007538
|-end|p2a: Kingambit|fallen1|[silent]
|switch|p2a: Torkoal|Torkoal, M|15/100
|-weather|SunnyDay|[from] ability: Drought|[of] p2a: Torkoal
|move|p1a: Landorus|U-turn|p2a: Torkoal
|-resisted|p2a: Torkoal
|-damage|p2a: Torkoal|8/100
|
|t:|1759007541
|switch|p1a: Great Tusk|Great Tusk|98/100|[from] U-turn
|-activate|p1a: Great Tusk|ability: Protosynthesis
|-start|p1a: Great Tusk|protosynthesisdef
|
|-weather|SunnyDay|[upkeep]
|upkeep
|turn|22
|
|t:|1759007545
|move|p1a: Great Tusk|Knock Off|p2a: Torkoal
|-damage|p2a: Torkoal|0 fnt
|-enditem|p2a: Torkoal|Heat Rock|[from] move: Knock Off|[of] p1a: Great Tusk
|faint|p2a: Torkoal
|
|-weather|SunnyDay|[upkeep]
|upkeep
|
|t:|1759007551
|switch|p2a: Walking Wake|Walking Wake|100/100
|-activate|p2a: Walking Wake|ability: Protosynthesis
|-start|p2a: Walking Wake|protosynthesisspa
|turn|23
|
|t:|1759007554
|-end|p1a: Great Tusk|Protosynthesis|[silent]
|switch|p1a: Chesnaught|Chesnaught, F|91/100
|move|p2a: Walking Wake|Hydro Steam|p1a: Chesnaught
|-resisted|p1a: Chesnaught
|-damage|p1a: Chesnaught|44/100
|
|-weather|SunnyDay|[upkeep]
|upkeep
|turn|24
|
|t:|1759007557
|move|p2a: Walking Wake|Hydro Steam|p1a: Chesnaught
|-resisted|p1a: Chesnaught
|-damage|p1a: Chesnaught|0 fnt
|faint|p1a: Chesnaught
|
|-weather|SunnyDay|[upkeep]
|upkeep
|
|t:|1759007561
|switch|p1a: Landorus|Landorus-Therian, M|88/100
|-ability|p1a: Landorus|Intimidate|boost
|-unboost|p2a: Walking Wake|atk|1
|turn|25
|-message|SamiFawad forfeited.
|
|win|ChiefGreenLeaf3
|raw|SamiFawad's rating: 1562 &rarr; <strong>1545</strong><br />(-17 for losing)
|raw|ChiefGreenLeaf3's rating: 1613 &rarr; <strong>1630</strong><br />(+17 for winning)
|l|☆SamiFawad
|player|p1|
|l|☆ChiefGreenLeaf3
|player|p2|
