|j|☆Shabooya1
|j|‽Maka_cutie
|t:|1759063852
|gametype|singles
|player|p1|Shabooya1|unknown|1487
|player|p2|Maka_cutie|266|1474
|gen|9
|tier|[Gen 9] OU
|rated|
|rule|HP Percentage Mod: HP is shown in percentages
|rule|Endless Battle Clause: Forcing endless battles is banned
|rule|Species Clause: Limit one of each Pokémon
|rule|OHKO Clause: OHKO moves are banned
|rule|Evasion Items Clause: Evasion items are banned
|rule|Evasion Moves Clause: Evasion moves are banned
|rule|Evasion Abilities Clause: Evasion abilities are banned
|rule|Sleep Moves Clause: Sleep-inducing moves are banned
|clearpoke
|poke|p1|Rillaboom, M|
|poke|p1|Great Tusk|
|poke|p1|Hatterene, F|
|poke|p1|Grimmsnarl, M|
|poke|p1|Raging Bolt|
|poke|p1|Kyurem|
|poke|p2|Great Tusk|
|poke|p2|Blaziken, M|
|poke|p2|Ninetales-Alola, F|
|poke|p2|Dragapult, M|
|poke|p2|Primarina, F|
|poke|p2|Corviknight, F|
|teampreview
|
|t:|1759063861
|teamsize|p1|6
|teamsize|p2|6
|start
|switch|p1a: Grimmsnarl|Grimmsnarl, M|100/100
|switch|p2a: Blaziken|Blaziken, M|100/100
|turn|1
|inactive|Battle timer is ON: inactive players will automatically lose when time's up. (requested by Maka_cutie)
|
|t:|1759063865
|move|p1a: Grimmsnarl|Taunt|p2a: Blaziken
|-start|p2a: Blaziken|move: Taunt
|move|p2a: Blaziken|Flare Blitz|p1a: Grimmsnarl
|-damage|p1a: Grimmsnarl|19/100
|-damage|p2a: Blaziken|65/100|[from] Recoil
|
|-heal|p2a: Blaziken|71/100|[from] item: Leftovers
|-ability|p2a: Blaziken|Speed Boost|boost
|-boost|p2a: Blaziken|spe|1
|upkeep
|turn|2
|
|t:|1759063874
|move|p1a: Grimmsnarl|Parting Shot|p2a: Blaziken
|-unboost|p2a: Blaziken|atk|1
|-unboost|p2a: Blaziken|spa|1
|
|t:|1759063878
|switch|p1a: Rillaboom|Rillaboom, M|100/100|[from] Parting Shot
|-fieldstart|move: Grassy Terrain|[from] ability: Grassy Surge|[of] p1a: Rillaboom
|move|p2a: Blaziken|Flare Blitz|p1a: Rillaboom
|-supereffective|p1a: Rillaboom
|-damage|p1a: Rillaboom|13/100
|-damage|p2a: Blaziken|36/100|[from] Recoil
|
|-heal|p2a: Blaziken|42/100|[from] Grassy Terrain
|-heal|p2a: Blaziken|48/100|[from] item: Leftovers
|-heal|p1a: Rillaboom|19/100|[from] Grassy Terrain
|-ability|p2a: Blaziken|Speed Boost|boost
|-boost|p2a: Blaziken|spe|1
|upkeep
|turn|3
|
|t:|1759063885
|move|p1a: Rillaboom|Grassy Glide|p2a: Blaziken
|-resisted|p2a: Blaziken
|-damage|p2a: Blaziken|22/100
|move|p2a: Blaziken|Flare Blitz|p1a: Rillaboom
|-supereffective|p1a: Rillaboom
|-damage|p1a: Rillaboom|0 fnt
|faint|p1a: Rillaboom
|-damage|p2a: Blaziken|14/100|[from] Recoil
|
|-heal|p2a: Blaziken|20/100|[from] Grassy Terrain
|-heal|p2a: Blaziken|26/100|[from] item: Leftovers
|-end|p2a: Blaziken|move: Taunt
|-ability|p2a: Blaziken|Speed Boost|boost
|-boost|p2a: Blaziken|spe|1
|upkeep
|
|t:|1759063887
|switch|p1a: Grimmsnarl|Grimmsnarl, M|19/100
|turn|4
|
|t:|1759063893
|move|p1a: Grimmsnarl|Reflect|p1a: Grimmsnarl
|-sidestart|p1: Shabooya1|Reflect
|move|p2a: Blaziken|Earthquake|p1a: Grimmsnarl
|-damage|p1a: Grimmsnarl|12/100
|
|-heal|p2a: Blaziken|32/100|[from] Grassy Terrain
|-heal|p2a: Blaziken|38/100|[from] item: Leftovers
|-heal|p1a: Grimmsnarl|18/100|[from] Grassy Terrain
|-ability|p2a: Blaziken|Speed Boost|boost
|-boost|p2a: Blaziken|spe|1
|upkeep
|turn|5
|
|t:|1759063902
|move|p1a: Grimmsnarl|Light Screen|p1a: Grimmsnarl
|-sidestart|p1: Shabooya1|move: Light Screen
|move|p2a: Blaziken|Flare Blitz|p1a: Grimmsnarl
|-damage|p1a: Grimmsnarl|0 fnt
|faint|p1a: Grimmsnarl
|-damage|p2a: Blaziken|31/100|[from] Recoil
|
|-heal|p2a: Blaziken|37/100|[from] Grassy Terrain
|-heal|p2a: Blaziken|43/100|[from] item: Leftovers
|-ability|p2a: Blaziken|Speed Boost|boost
|-boost|p2a: Blaziken|spe|1
|upkeep
|
|t:|1759063906
|switch|p1a: Hatterene|Hatterene, F, shiny|100/100
|-enditem|p1a: Hatterene|Grassy Seed
|-boost|p1a: Hatterene|def|1|[from] item: Grassy Seed
|turn|6
|
|t:|1759063922
|switch|p2a: Ninetales|Ninetales-Alola, F|100/100
|-weather|Snowscape|[from] ability: Snow Warning|[of] p2a: Ninetales
|move|p1a: Hatterene|Calm Mind|p1a: Hatterene
|-boost|p1a: Hatterene|spa|1
|-boost|p1a: Hatterene|spd|1
|
|-weather|Snowscape|[upkeep]
|upkeep
|turn|7
|
|t:|1759063931
|move|p2a: Ninetales|Aurora Veil|p2a: Ninetales
|-sidestart|p2: Maka_cutie|move: Aurora Veil
|move|p1a: Hatterene|Calm Mind|p1a: Hatterene
|-boost|p1a: Hatterene|spa|1
|-boost|p1a: Hatterene|spd|1
|
|-weather|Snowscape|[upkeep]
|upkeep
|turn|8
|
|t:|1759063941
|switch|p2a: Blaziken|Blaziken, M|43/100
|move|p1a: Hatterene|Calm Mind|p1a: Hatterene
|-boost|p1a: Hatterene|spa|1
|-boost|p1a: Hatterene|spd|1
|
|-weather|Snowscape|[upkeep]
|-heal|p2a: Blaziken|49/100|[from] Grassy Terrain
|-heal|p2a: Blaziken|55/100|[from] item: Leftovers
|upkeep
|turn|9
|
|t:|1759063945
|move|p2a: Blaziken|Swords Dance|p2a: Blaziken
|-boost|p2a: Blaziken|atk|2
|move|p1a: Hatterene|Psyshock|p2a: Blaziken
|-supereffective|p2a: Blaziken
|-damage|p2a: Blaziken|0 fnt
|faint|p2a: Blaziken
|
|-weather|Snowscape|[upkeep]
|-fieldend|move: Grassy Terrain
|upkeep
|
|t:|1759063955
|switch|p2a: Dragapult|Dragapult, M|100/100
|turn|10
|
|t:|1759063962
|move|p2a: Dragapult|Shadow Ball|p1a: Hatterene
|-supereffective|p1a: Hatterene
|-damage|p1a: Hatterene|60/100
|-unboost|p1a: Hatterene|spd|1
|move|p1a: Hatterene|Draining Kiss|p2a: Dragapult
|-supereffective|p2a: Dragapult
|-damage|p2a: Dragapult|21/100
|-heal|p1a: Hatterene|100/100|[from] drain|[of] p2a: Dragapult
|
|-weather|none
|upkeep
|turn|11
|
|t:|1759063968
|switch|p2a: Corviknight|Corviknight, F|100/100
|-ability|p2a: Corviknight|Pressure
|move|p1a: Hatterene|Draining Kiss|p2a: Corviknight
|-resisted|p2a: Corviknight
|-damage|p2a: Corviknight|86/100
|-damage|p1a: Hatterene|84/100|[from] item: Rocky Helmet|[of] p2a: Corviknight
|
|-sideend|p1: Shabooya1|Reflect
|upkeep
|turn|12
|
|t:|1759063975
|move|p2a: Corviknight|Defog|p1a: Hatterene
|move|p1a: Hatterene|Defog|p2a: Corviknight|[from] ability: Magic Bounce
|-unboost|p2a: Corviknight|evasion|1
|-sideend|p2: Maka_cutie|move: Aurora Veil
|move|p1a: Hatterene|Mystical Fire|p2a: Corviknight
|-supereffective|p2a: Corviknight
|-damage|p2a: Corviknight|0 fnt
|faint|p2a: Corviknight
|
|-sideend|p1: Shabooya1|move: Light Screen
|upkeep
|
|t:|1759063981
|switch|p2a: Great Tusk|Great Tusk|100/100
|-enditem|p2a: Great Tusk|Booster Energy
|-activate|p2a: Great Tusk|ability: Protosynthesis|[fromitem]
|-start|p2a: Great Tusk|protosynthesisspe
|turn|13
|
|t:|1759063992
|move|p2a: Great Tusk|Earthquake|p1a: Hatterene
|-damage|p1a: Hatterene|57/100
|move|p1a: Hatterene|Draining Kiss|p2a: Great Tusk
|-supereffective|p2a: Great Tusk
|-damage|p2a: Great Tusk|0 fnt
|-heal|p1a: Hatterene|100/100|[from] drain|[of] p2a: Great Tusk
|faint|p2a: Great Tusk
|-end|p2a: Great Tusk|Protosynthesis|[silent]
|
|upkeep
|-message|Maka_cutie forfeited.
|
|win|Shabooya1
|raw|Shabooya1's rating: 1487 &rarr; <strong>1506</strong><br />(+19 for winning)
|raw|Maka_cutie's rating: 1474 &rarr; <strong>1455</strong><br />(-19 for losing)
|l|‽Maka_cutie
|player|p2|
|l|☆Shabooya1
|player|p1|
