|j|☆Tylericous
|j|☆Yellowgo
|t:|1758961371
|gametype|singles
|player|p1|Tylericous|102|1320
|player|p2|Yellowgo|1|1331
|gen|9
|tier|[Gen 9] OU
|rated|
|rule|HP Percentage Mod: HP is shown in percentages
|rule|Endless Battle Clause: Forcing endless battles is banned
|rule|Species Clause: Limit one of each Pokémon
|rule|OHKO Clause: OHKO moves are banned
|rule|Evasion Items Clause: Evasion items are banned
|rule|Evasion Moves Clause: Evasion moves are banned
|rule|Evasion Abilities Clause: Evasion abilities are banned
|rule|Sleep Moves Clause: Sleep-inducing moves are banned
|clearpoke
|poke|p1|Sunflora, F|
|poke|p1|Torkoal, F|
|poke|p1|Walking Wake|
|poke|p1|Alomomola, M|
|poke|p1|Cinderace, M|
|poke|p1|Iron Hands|
|poke|p2|Meowscarada, F|
|poke|p2|Rotom-Wash|
|poke|p2|Kyurem|
|poke|p2|Landorus-Therian, M|
|poke|p2|Scizor, F|
|poke|p2|Iron Valiant|
|teampreview
|
|t:|1758961385
|teamsize|p1|6
|teamsize|p2|6
|start
|switch|p1a: Alomomola|Alomomola, M|100/100
|switch|p2a: Rotom|Rotom-Wash|100/100
|turn|1
|inactive|Battle timer is ON: inactive players will automatically lose when time's up. (requested by Yellowgo)
|
|t:|1758961394
|move|p2a: Rotom|Thunderbolt|p1a: Alomomola
|-supereffective|p1a: Alomomola
|-damage|p1a: Alomomola|16/100
|move|p1a: Alomomola|Flip Turn|p2a: Rotom
|-resisted|p2a: Rotom
|-damage|p2a: Rotom|92/100
|
|t:|1758961401
|switch|p1a: Sunflora|Sunflora, F|100/100|[from] Flip Turn
|
|-heal|p2a: Rotom|98/100|[from] item: Leftovers
|upkeep
|turn|2
|
|t:|1758961411
|switch|p2a: Kyurem|Kyurem|100/100
|-ability|p2a: Kyurem|Pressure
|move|p1a: Sunflora|Leaf Storm|p2a: Kyurem
|-resisted|p2a: Kyurem
|-damage|p2a: Kyurem|76/100
|-unboost|p1a: Sunflora|spa|2
|
|upkeep
|turn|3
|
|t:|1758961423
|switch|p1a: Torkoal|Torkoal, F|100/100
|-weather|SunnyDay|[from] ability: Drought|[of] p1a: Torkoal
|move|p2a: Kyurem|Freeze-Dry|p1a: Torkoal
|-resisted|p1a: Torkoal
|-damage|p1a: Torkoal|80/100
|
|-weather|SunnyDay|[upkeep]
|upkeep
|turn|4
|
|t:|1758961435
|move|p2a: Kyurem|Earth Power|p1a: Torkoal
|-supereffective|p1a: Torkoal
|-damage|p1a: Torkoal|19/100
|move|p1a: Torkoal|Stealth Rock|p2a: Kyurem
|-sidestart|p2: Yellowgo|move: Stealth Rock
|
|-weather|SunnyDay|[upkeep]
|upkeep
|turn|5
|
|t:|1758961452
|switch|p1a: Sunflora|Sunflora, F|100/100
|-terastallize|p2a: Kyurem|Fairy
|move|p2a: Kyurem|Tera Blast|p1a: Sunflora|[anim] Tera Blast Fairy
|-crit|p1a: Sunflora
|-damage|p1a: Sunflora|27/100
|
|-weather|SunnyDay|[upkeep]
|-damage|p1a: Sunflora|15/100|[from] ability: Solar Power|[of] p1a: Sunflora
|upkeep
|turn|6
|
|t:|1758961465
|switch|p2a: Rotom|Rotom-Wash|98/100
|-damage|p2a: Rotom|86/100|[from] Stealth Rock
|move|p1a: Sunflora|Sludge Bomb|p2a: Rotom
|-damage|p2a: Rotom|34/100
|-status|p2a: Rotom|psn
|
|-weather|SunnyDay|[upkeep]
|-damage|p1a: Sunflora|2/100|[from] ability: Solar Power|[of] p1a: Sunflora
|-heal|p2a: Rotom|39/100 psn|[from] item: Leftovers
|-damage|p2a: Rotom|27/100 psn|[from] psn
|upkeep
|turn|7
|
|t:|1758961487
|move|p2a: Rotom|Volt Switch|p1a: Sunflora
|-resisted|p1a: Sunflora
|-damage|p1a: Sunflora|0 fnt
|faint|p1a: Sunflora
|inactive|Yellowgo has 120 seconds left.
|
|t:|1758961506
|switch|p2a: Landorus|Landorus-Therian, M|100/100|[from] Volt Switch
|-damage|p2a: Landorus|88/100|[from] Stealth Rock
|
|-weather|SunnyDay|[upkeep]
|upkeep
|
|t:|1758961512
|switch|p1a: Walking Wake|Walking Wake|100/100
|-activate|p1a: Walking Wake|ability: Protosynthesis
|-start|p1a: Walking Wake|protosynthesisspe
|turn|8
|
|t:|1758961521
|switch|p2a: Rotom|Rotom-Wash|27/100 psn
|-damage|p2a: Rotom|15/100 psn|[from] Stealth Rock
|move|p1a: Walking Wake|Hydro Steam|p2a: Rotom
|-resisted|p2a: Rotom
|-damage|p2a: Rotom|0 fnt
|faint|p2a: Rotom
|
|-weather|SunnyDay|[upkeep]
|upkeep
|inactive|Yellowgo has 120 seconds left.
|
|t:|1758961535
|switch|p2a: Iron Valiant|Iron Valiant|100/100
|-damage|p2a: Iron Valiant|94/100|[from] Stealth Rock
|-enditem|p2a: Iron Valiant|Booster Energy
|-activate|p2a: Iron Valiant|ability: Quark Drive|[fromitem]
|-start|p2a: Iron Valiant|quarkdrivespe
|turn|9
|
|t:|1758961543
|-end|p1a: Walking Wake|Protosynthesis|[silent]
|switch|p1a: Alomomola|Alomomola, M|50/100
|move|p2a: Iron Valiant|Moonblast|p1a: Alomomola
|-damage|p1a: Alomomola|0 fnt
|faint|p1a: Alomomola
|
|-weather|SunnyDay|[upkeep]
|upkeep
|
|t:|1758961549
|switch|p1a: Cinderace|Cinderace, M|100/100
|turn|10
|
|t:|1758961563
|move|p2a: Iron Valiant|Aura Sphere|p1a: Cinderace
|-damage|p1a: Cinderace|47/100
|move|p1a: Cinderace|Pyro Ball|p2a: Iron Valiant
|-damage|p2a: Iron Valiant|0 fnt
|faint|p2a: Iron Valiant
|-end|p2a: Iron Valiant|Quark Drive|[silent]
|
|-weather|none
|upkeep
|
|t:|1758961573
|switch|p2a: Landorus|Landorus-Therian, M|88/100
|-damage|p2a: Landorus|76/100|[from] Stealth Rock
|-ability|p2a: Landorus|Intimidate|boost
|-unboost|p1a: Cinderace|atk|1
|turn|11
|
|t:|1758961578
|switch|p1a: Torkoal|Torkoal, F|19/100
|-weather|SunnyDay|[from] ability: Drought|[of] p1a: Torkoal
|move|p2a: Landorus|Earthquake|p1a: Torkoal
|-supereffective|p1a: Torkoal
|-damage|p1a: Torkoal|0 fnt
|faint|p1a: Torkoal
|
|-weather|SunnyDay|[upkeep]
|upkeep
|
|t:|1758961587
|switch|p1a: Walking Wake|Walking Wake|100/100
|-activate|p1a: Walking Wake|ability: Protosynthesis
|-start|p1a: Walking Wake|protosynthesisspe
|turn|12
|
|t:|1758961592
|move|p1a: Walking Wake|Hydro Steam|p2a: Landorus
|-supereffective|p2a: Landorus
|-damage|p2a: Landorus|0 fnt
|faint|p2a: Landorus
|
|-weather|SunnyDay|[upkeep]
|upkeep
|
|t:|1758961600
|switch|p2a: Meowscarada|Meowscarada, F|100/100
|turn|13
|
|t:|1758961604
|move|p1a: Walking Wake|Flamethrower|p2a: Meowscarada
|-supereffective|p2a: Meowscarada
|-damage|p2a: Meowscarada|0 fnt
|faint|p2a: Meowscarada
|
|-weather|SunnyDay|[upkeep]
|upkeep
|
|t:|1758961610
|switch|p2a: Kyurem|Kyurem, tera:Fairy|76/100
|-damage|p2a: Kyurem|64/100|[from] Stealth Rock
|-ability|p2a: Kyurem|Pressure
|turn|14
|
|t:|1758961618
|-terastallize|p1a: Walking Wake|Water
|move|p1a: Walking Wake|Hydro Steam|p2a: Kyurem
|-damage|p2a: Kyurem|22/100
|move|p2a: Kyurem|Draco Meteor|p1a: Walking Wake
|-damage|p1a: Walking Wake|8/100
|-unboost|p2a: Kyurem|spa|2
|
|-weather|SunnyDay|[upkeep]
|upkeep
|turn|15
|
|t:|1758961631
|move|p1a: Walking Wake|Hydro Steam|p2a: Kyurem
|-damage|p2a: Kyurem|0 fnt
|faint|p2a: Kyurem
|
|-weather|SunnyDay|[upkeep]
|upkeep
|
|t:|1758961637
|switch|p2a: Scizor|Scizor, F|100/100
|-damage|p2a: Scizor|88/100|[from] Stealth Rock
|turn|16
|
|t:|1758961643
|move|p2a: Scizor|Bullet Punch|p1a: Walking Wake
|-resisted|p1a: Walking Wake
|-damage|p1a: Walking Wake|0 fnt
|faint|p1a: Walking Wake
|-end|p1a: Walking Wake|Protosynthesis|[silent]
|
|-weather|SunnyDay|[upkeep]
|-heal|p2a: Scizor|94/100|[from] item: Leftovers
|upkeep
|
|t:|1758961644
|switch|p1a: Cinderace|Cinderace, M|47/100
|turn|17
|
|t:|1758961652
|move|p2a: Scizor|Bullet Punch|p1a: Cinderace
|-resisted|p1a: Cinderace
|-crit|p1a: Cinderace
|-damage|p1a: Cinderace|12/100
|move|p1a: Cinderace|Pyro Ball|p2a: Scizor
|-supereffective|p2a: Scizor
|-damage|p2a: Scizor|0 fnt
|faint|p2a: Scizor
|
|win|Tylericous
|raw|Tylericous's rating: 1320 &rarr; <strong>1341</strong><br />(+21 for winning)
|raw|Yellowgo's rating: 1331 &rarr; <strong>1310</strong><br />(-21 for losing)
|l|☆Yellowgo
|player|p2|
|l|☆Tylericous
|player|p1|
