|j|☆witdflow
|j|☆YumeKasumi76
|t:|1758955955
|gametype|singles
|player|p1|witdflow|norman|1318
|player|p2|YumeKasumi76|170|1365
|gen|9
|tier|[Gen 9] OU
|rated|
|rule|HP Percentage Mod: HP is shown in percentages
|rule|Endless Battle Clause: Forcing endless battles is banned
|rule|Species Clause: Limit one of each Pokémon
|rule|OHKO Clause: OHKO moves are banned
|rule|Evasion Items Clause: Evasion items are banned
|rule|Evasion Moves Clause: Evasion moves are banned
|rule|Evasion Abilities Clause: Evasion abilities are banned
|rule|Sleep Moves Clause: Sleep-inducing moves are banned
|clearpoke
|poke|p1|Clefable, F|
|poke|p1|Weezing-Galar, M|
|poke|p1|Alomomola, F|
|poke|p1|Ting-Lu|
|poke|p1|Ditto|
|poke|p1|Vileplume, M|
|poke|p2|Cobalion|
|poke|p2|Weezing-Galar, M|
|poke|p2|Lokix, F|
|poke|p2|Arboliva, M|
|poke|p2|Ceruledge, F|
|poke|p2|Latios, M|
|teampreview
|
|t:|1758955962
|teamsize|p1|6
|teamsize|p2|6
|start
|switch|p1a: Ditto|Ditto, shiny|100/100
|switch|p2a: Iverson|Latios, M|100/100
|-transform|p1a: Ditto|p2a: Iverson|[from] ability: Imposter
|turn|1
|inactive|Battle timer is ON: inactive players will automatically lose when time's up. (requested by YumeKasumi76)
|
|t:|1758955974
|move|p2a: Iverson|Draco Meteor|p1a: Ditto
|-supereffective|p1a: Ditto
|-damage|p1a: Ditto|0 fnt
|-unboost|p2a: Iverson|spa|2
|faint|p1a: Ditto
|
|upkeep
|
|t:|1758955991
|switch|p1a: Clefable|Clefable, F, shiny|100/100
|turn|2
|
|t:|1758955995
|switch|p2a: Jalter|Ceruledge, F|100/100
|move|p1a: Clefable|Cosmic Power|p1a: Clefable
|-boost|p1a: Clefable|def|1
|-boost|p1a: Clefable|spd|1
|
|upkeep
|turn|3
|
|t:|1758955999
|switch|p2a: Iverson|Latios, M|100/100
|move|p1a: Clefable|Cosmic Power|p1a: Clefable
|-boost|p1a: Clefable|def|1
|-boost|p1a: Clefable|spd|1
|
|upkeep
|turn|4
|
|t:|1758956005
|move|p2a: Iverson|Trick|p1a: Clefable
|-activate|p2a: Iverson|move: Trick|[of] p1a: Clefable
|-item|p1a: Clefable|Choice Scarf|[from] move: Trick
|-item|p2a: Iverson|Leftovers|[from] move: Trick
|move|p1a: Clefable|Charge Beam|p2a: Iverson|[miss]
|-miss|p1a: Clefable|p2a: Iverson
|
|upkeep
|turn|5
|
|t:|1758956021
|switch|p2a: Ironhyde|Cobalion|100/100
|move|p1a: Clefable|Charge Beam|p2a: Ironhyde
|-damage|p2a: Ironhyde|86/100
|-boost|p1a: Clefable|spa|1
|
|upkeep
|turn|6
|
|t:|1758956026
|-terastallize|p1a: Clefable|Steel
|move|p2a: Ironhyde|Stealth Rock|p1a: Clefable
|-sidestart|p1: witdflow|move: Stealth Rock
|move|p1a: Clefable|Charge Beam|p2a: Ironhyde
|-damage|p2a: Ironhyde|66/100
|
|upkeep
|turn|7
|
|t:|1758956030
|move|p2a: Ironhyde|Body Press|p1a: Clefable
|-supereffective|p1a: Clefable
|-damage|p1a: Clefable|55/100
|move|p1a: Clefable|Charge Beam|p2a: Ironhyde
|-damage|p2a: Ironhyde|45/100
|
|upkeep
|turn|8
|
|t:|1758956033
|move|p2a: Ironhyde|Body Press|p1a: Clefable
|-supereffective|p1a: Clefable
|-damage|p1a: Clefable|8/100
|move|p1a: Clefable|Charge Beam|p2a: Ironhyde
|-damage|p2a: Ironhyde|24/100
|
|upkeep
|turn|9
|
|t:|1758956037
|move|p2a: Ironhyde|Body Press|p1a: Clefable
|-supereffective|p1a: Clefable
|-damage|p1a: Clefable|0 fnt
|faint|p1a: Clefable
|
|upkeep
|
|t:|1758956043
|switch|p1a: Vileplume|Vileplume, M, shiny|100/100
|-damage|p1a: Vileplume|88/100|[from] Stealth Rock
|turn|10
|
|t:|1758956046
|move|p2a: Ironhyde|Volt Switch|p1a: Vileplume
|-resisted|p1a: Vileplume
|-damage|p1a: Vileplume|82/100
|
|t:|1758956047
|switch|p2a: Jalter|Ceruledge, F|100/100|[from] Volt Switch
|move|p1a: Vileplume|Substitute|p1a: Vileplume
|-start|p1a: Vileplume|Substitute
|-damage|p1a: Vileplume|58/100
|
|-heal|p1a: Vileplume|64/100|[from] item: Leftovers
|upkeep
|turn|11
|
|t:|1758956057
|move|p2a: Jalter|Bulk Up|p2a: Jalter
|-boost|p2a: Jalter|atk|1
|-boost|p2a: Jalter|def|1
|move|p1a: Vileplume|Leech Seed|p2a: Jalter
|-start|p2a: Jalter|move: Leech Seed
|
|-heal|p1a: Vileplume|70/100|[from] item: Leftovers
|-damage|p2a: Jalter|88/100|[from] Leech Seed|[of] p1a: Vileplume
|-heal|p1a: Vileplume|82/100|[silent]
|upkeep
|turn|12
|
|t:|1758956065
|move|p2a: Jalter|Bitter Blade|p1a: Vileplume
|-supereffective|p1a: Vileplume
|-crit|p1a: Vileplume
|-end|p1a: Vileplume|Substitute
|-heal|p2a: Jalter|100/100|[from] drain|[of] p1a: Vileplume
|move|p1a: Vileplume|Substitute|p1a: Vileplume
|-start|p1a: Vileplume|Substitute
|-damage|p1a: Vileplume|57/100
|
|-heal|p1a: Vileplume|63/100|[from] item: Leftovers
|-damage|p2a: Jalter|88/100|[from] Leech Seed|[of] p1a: Vileplume
|-heal|p1a: Vileplume|75/100|[silent]
|upkeep
|turn|13
|
|t:|1758956075
|move|p2a: Jalter|Bitter Blade|p1a: Vileplume
|-supereffective|p1a: Vileplume
|-end|p1a: Vileplume|Substitute
|-heal|p2a: Jalter|100/100|[from] drain|[of] p1a: Vileplume
|move|p1a: Vileplume|Substitute|p1a: Vileplume
|-start|p1a: Vileplume|Substitute
|-damage|p1a: Vileplume|50/100
|
|-heal|p1a: Vileplume|56/100|[from] item: Leftovers
|-damage|p2a: Jalter|88/100|[from] Leech Seed|[of] p1a: Vileplume
|-heal|p1a: Vileplume|68/100|[silent]
|upkeep
|turn|14
|
|t:|1758956082
|move|p2a: Jalter|Bitter Blade|p1a: Vileplume
|-supereffective|p1a: Vileplume
|-end|p1a: Vileplume|Substitute
|-heal|p2a: Jalter|100/100|[from] drain|[of] p1a: Vileplume
|move|p1a: Vileplume|Substitute|p1a: Vileplume
|-start|p1a: Vileplume|Substitute
|-damage|p1a: Vileplume|43/100
|
|-heal|p1a: Vileplume|50/100|[from] item: Leftovers
|-damage|p2a: Jalter|88/100|[from] Leech Seed|[of] p1a: Vileplume
|-heal|p1a: Vileplume|62/100|[silent]
|upkeep
|turn|15
|
|t:|1758956088
|move|p2a: Jalter|Bitter Blade|p1a: Vileplume
|-supereffective|p1a: Vileplume
|-end|p1a: Vileplume|Substitute
|-heal|p2a: Jalter|100/100|[from] drain|[of] p1a: Vileplume
|move|p1a: Vileplume|Substitute|p1a: Vileplume
|-start|p1a: Vileplume|Substitute
|-damage|p1a: Vileplume|37/100
|
|-heal|p1a: Vileplume|43/100|[from] item: Leftovers
|-damage|p2a: Jalter|88/100|[from] Leech Seed|[of] p1a: Vileplume
|-heal|p1a: Vileplume|55/100|[silent]
|upkeep
|turn|16
|
|t:|1758956098
|move|p2a: Jalter|Bitter Blade|p1a: Vileplume
|-supereffective|p1a: Vileplume
|-end|p1a: Vileplume|Substitute
|-heal|p2a: Jalter|100/100|[from] drain|[of] p1a: Vileplume
|move|p1a: Vileplume|Substitute|p1a: Vileplume
|-start|p1a: Vileplume|Substitute
|-damage|p1a: Vileplume|30/100
|
|-heal|p1a: Vileplume|36/100|[from] item: Leftovers
|-damage|p2a: Jalter|88/100|[from] Leech Seed|[of] p1a: Vileplume
|-heal|p1a: Vileplume|48/100|[silent]
|upkeep
|turn|17
|
|t:|1758956102
|move|p2a: Jalter|Bitter Blade|p1a: Vileplume
|-supereffective|p1a: Vileplume
|-end|p1a: Vileplume|Substitute
|-heal|p2a: Jalter|100/100|[from] drain|[of] p1a: Vileplume
|move|p1a: Vileplume|Substitute|p1a: Vileplume
|-start|p1a: Vileplume|Substitute
|-damage|p1a: Vileplume|23/100
|
|-heal|p1a: Vileplume|29/100|[from] item: Leftovers
|-damage|p2a: Jalter|88/100|[from] Leech Seed|[of] p1a: Vileplume
|-heal|p1a: Vileplume|41/100|[silent]
|upkeep
|turn|18
|
|t:|1758956105
|move|p2a: Jalter|Poltergeist|p1a: Vileplume
|-activate|p1a: Vileplume|move: Poltergeist|Leftovers
|-end|p1a: Vileplume|Substitute
|move|p1a: Vileplume|Substitute|p1a: Vileplume
|-start|p1a: Vileplume|Substitute
|-damage|p1a: Vileplume|16/100
|
|-heal|p2a: Jalter|94/100|[from] item: Leftovers
|-heal|p1a: Vileplume|23/100|[from] item: Leftovers
|-damage|p2a: Jalter|82/100|[from] Leech Seed|[of] p1a: Vileplume
|-heal|p1a: Vileplume|34/100|[silent]
|upkeep
|turn|19
|
|t:|1758956110
|move|p2a: Jalter|Bitter Blade|p1a: Vileplume
|-supereffective|p1a: Vileplume
|-end|p1a: Vileplume|Substitute
|-heal|p2a: Jalter|95/100|[from] drain|[of] p1a: Vileplume
|move|p1a: Vileplume|Substitute|p1a: Vileplume
|-start|p1a: Vileplume|Substitute
|-damage|p1a: Vileplume|10/100
|
|-heal|p2a: Jalter|100/100|[from] item: Leftovers
|-heal|p1a: Vileplume|16/100|[from] item: Leftovers
|-damage|p2a: Jalter|88/100|[from] Leech Seed|[of] p1a: Vileplume
|-heal|p1a: Vileplume|28/100|[silent]
|upkeep
|turn|20
|
|t:|1758956114
|move|p2a: Jalter|Poltergeist|p1a: Vileplume
|-activate|p1a: Vileplume|move: Poltergeist|Leftovers
|-end|p1a: Vileplume|Substitute
|move|p1a: Vileplume|Substitute|p1a: Vileplume
|-start|p1a: Vileplume|Substitute
|-damage|p1a: Vileplume|3/100
|
|-heal|p2a: Jalter|94/100|[from] item: Leftovers
|-heal|p1a: Vileplume|9/100|[from] item: Leftovers
|-damage|p2a: Jalter|82/100|[from] Leech Seed|[of] p1a: Vileplume
|-heal|p1a: Vileplume|21/100|[silent]
|upkeep
|turn|21
|
|t:|1758956117
|move|p2a: Jalter|Bitter Blade|p1a: Vileplume
|-supereffective|p1a: Vileplume
|-crit|p1a: Vileplume
|-end|p1a: Vileplume|Substitute
|-heal|p2a: Jalter|95/100|[from] drain|[of] p1a: Vileplume
|move|p1a: Vileplume|Strength Sap|p2a: Jalter
|-unboost|p2a: Jalter|atk|1
|-heal|p1a: Vileplume|100/100
|
|-heal|p2a: Jalter|100/100|[from] item: Leftovers
|-damage|p2a: Jalter|88/100|[from] Leech Seed|[of] p1a: Vileplume
|upkeep
|turn|22
|
|t:|1758956129
|move|p2a: Jalter|Bitter Blade|p1a: Vileplume
|-supereffective|p1a: Vileplume
|-damage|p1a: Vileplume|17/100
|-heal|p2a: Jalter|100/100|[from] drain|[of] p1a: Vileplume
|move|p1a: Vileplume|Strength Sap|p2a: Jalter
|-unboost|p2a: Jalter|atk|1
|-heal|p1a: Vileplume|100/100
|
|-damage|p2a: Jalter|88/100|[from] Leech Seed|[of] p1a: Vileplume
|upkeep
|turn|23
|
|t:|1758956138
|switch|p2a: Iverson|Latios, M|100/100
|move|p1a: Vileplume|Substitute|p1a: Vileplume
|-start|p1a: Vileplume|Substitute
|-damage|p1a: Vileplume|76/100
|
|-heal|p1a: Vileplume|82/100|[from] item: Leftovers
|upkeep
|turn|24
|
|t:|1758956143
|move|p2a: Iverson|Luster Purge|p1a: Vileplume
|-supereffective|p1a: Vileplume
|-end|p1a: Vileplume|Substitute
|move|p1a: Vileplume|Leech Seed|p2a: Iverson
|-start|p2a: Iverson|move: Leech Seed
|
|-heal|p1a: Vileplume|88/100|[from] item: Leftovers
|-damage|p2a: Iverson|88/100|[from] Leech Seed|[of] p1a: Vileplume
|-heal|p1a: Vileplume|99/100|[silent]
|upkeep
|turn|25
|
|t:|1758956150
|move|p2a: Iverson|Luster Purge|p1a: Vileplume
|-supereffective|p1a: Vileplume
|-damage|p1a: Vileplume|14/100
|-unboost|p1a: Vileplume|spd|1
|move|p1a: Vileplume|Strength Sap|p2a: Iverson
|-unboost|p2a: Iverson|atk|1
|-heal|p1a: Vileplume|69/100
|
|-heal|p2a: Iverson|94/100|[from] item: Leftovers
|-heal|p1a: Vileplume|75/100|[from] item: Leftovers
|-damage|p2a: Iverson|82/100|[from] Leech Seed|[of] p1a: Vileplume
|-heal|p1a: Vileplume|85/100|[silent]
|upkeep
|turn|26
|
|t:|1758956160
|move|p2a: Iverson|Luster Purge|p1a: Vileplume
|-supereffective|p1a: Vileplume
|-damage|p1a: Vileplume|0 fnt
|faint|p1a: Vileplume
|
|-heal|p2a: Iverson|88/100|[from] item: Leftovers
|upkeep
|-message|witdflow forfeited.
|
|win|YumeKasumi76
|raw|witdflow's rating: 1318 &rarr; <strong>1301</strong><br />(-17 for losing)
|raw|YumeKasumi76's rating: 1365 &rarr; <strong>1382</strong><br />(+17 for winning)
|l|☆witdflow
|player|p1|
|l|☆YumeKasumi76
|player|p2|
