|j|☆OTvoid
|j|☆go b3yond
|t:|1758990642
|gametype|singles
|player|p1|OTvoid|steven|1419
|player|p2|go b3yond|eusine|1406
|gen|9
|tier|[Gen 9] OU
|rated|
|rule|HP Percentage Mod: HP is shown in percentages
|rule|Endless Battle Clause: Forcing endless battles is banned
|rule|Species Clause: Limit one of each Pokémon
|rule|OHKO Clause: OHKO moves are banned
|rule|Evasion Items Clause: Evasion items are banned
|rule|Evasion Moves Clause: Evasion moves are banned
|rule|Evasion Abilities Clause: Evasion abilities are banned
|rule|Sleep Moves Clause: Sleep-inducing moves are banned
|clearpoke
|poke|p1|Deoxys-Speed|
|poke|p1|Raging Bolt|
|poke|p1|Iron Valiant|
|poke|p1|Gliscor, M|
|poke|p1|Corviknight, F|
|poke|p1|Skeledirge, F|
|poke|p2|Torkoal, F|
|poke|p2|Brute Bonnet|
|poke|p2|Walking Wake|
|poke|p2|Hatterene, F|
|poke|p2|Leavanny, M|
|poke|p2|Ceruledge, F|
|teampreview
|inactive|Battle timer is ON: inactive players will automatically lose when time's up. (requested by OTvoid)
|
|t:|1758990666
|teamsize|p1|6
|teamsize|p2|6
|start
|switch|p1a: Gliscor|Gliscor, M|100/100
|switch|p2a: Torkoal|Torkoal, F|100/100
|-weather|SunnyDay|[from] ability: Drought|[of] p2a: Torkoal
|turn|1
|
|t:|1758990671
|move|p1a: Gliscor|Toxic|p2a: Torkoal
|-status|p2a: Torkoal|tox
|move|p2a: Torkoal|Stealth Rock|p1a: Gliscor
|-sidestart|p1: OTvoid|move: Stealth Rock
|
|-weather|SunnyDay|[upkeep]
|-damage|p2a: Torkoal|94/100 tox|[from] psn
|-status|p1a: Gliscor|tox|[from] item: Toxic Orb
|upkeep
|turn|2
|
|t:|1758990674
|switch|p2a: Witch|Hatterene, F, shiny|100/100
|move|p1a: Gliscor|Earthquake|p2a: Witch
|-damage|p2a: Witch|71/100
|-enditem|p2a: Witch|Eject Button
|
|t:|1758990679
|switch|p2a: Leavanny|Leavanny, M|100/100
|
|-weather|SunnyDay|[upkeep]
|upkeep
|turn|3
|
|t:|1758990682
|move|p2a: Leavanny|Triple Axel|p1a: Gliscor
|-supereffective|p1a: Gliscor
|-damage|p1a: Gliscor|83/100 tox
|-supereffective|p1a: Gliscor
|-damage|p1a: Gliscor|49/100 tox
|-supereffective|p1a: Gliscor
|-damage|p1a: Gliscor|0 fnt
|faint|p1a: Gliscor
|-hitcount|p1: Gliscor|3
|
|-weather|SunnyDay|[upkeep]
|upkeep
|
|t:|1758990689
|switch|p1a: Skeledirge|Skeledirge, F|100/100
|turn|4
|
|t:|1758990693
|move|p2a: Leavanny|Leaf Storm|p1a: Skeledirge
|-resisted|p1a: Skeledirge
|-crit|p1a: Skeledirge
|-damage|p1a: Skeledirge|79/100
|-unboost|p2a: Leavanny|spa|2
|-enditem|p2a: Leavanny|Eject Pack
|
|t:|1758990700
|switch|p2a: Shark|Walking Wake|100/100
|-activate|p2a: Shark|ability: Protosynthesis
|-start|p2a: Shark|protosynthesisspe
|move|p1a: Skeledirge|Will-O-Wisp|p2a: Shark
|-status|p2a: Shark|brn
|
|-weather|SunnyDay|[upkeep]
|-damage|p2a: Shark|94/100 brn|[from] brn
|upkeep
|turn|5
|
|t:|1758990707
|switch|p1a: Corviknight|Corviknight, F|100/100
|-damage|p1a: Corviknight|88/100|[from] Stealth Rock
|-ability|p1a: Corviknight|Pressure
|move|p2a: Shark|Hydro Steam|p1a: Corviknight
|-damage|p1a: Corviknight|0 fnt
|faint|p1a: Corviknight
|
|-weather|SunnyDay|[upkeep]
|-damage|p2a: Shark|88/100 brn|[from] brn
|upkeep
|
|t:|1758990709
|switch|p1a: Raging Bolt|Raging Bolt|100/100
|-damage|p1a: Raging Bolt|88/100|[from] Stealth Rock
|-activate|p1a: Raging Bolt|ability: Protosynthesis
|-start|p1a: Raging Bolt|protosynthesisspa
|turn|6
|
|t:|1758990713
|-end|p2a: Shark|Protosynthesis|[silent]
|switch|p2a: Witch|Hatterene, F, shiny|71/100
|move|p1a: Raging Bolt|Thunderclap||[still]
|-fail|p1a: Raging Bolt
|
|-weather|SunnyDay|[upkeep]
|upkeep
|turn|7
|
|t:|1758990717
|move|p1a: Raging Bolt|Thunderclap|p2a: Witch
|-damage|p2a: Witch|0 fnt
|faint|p2a: Witch
|
|-weather|SunnyDay|[upkeep]
|upkeep
|
|t:|1758990725
|switch|p2a: Leavanny|Leavanny, M|100/100
|turn|8
|
|t:|1758990729
|move|p1a: Raging Bolt|Thunderclap|p2a: Leavanny
|-resisted|p2a: Leavanny
|-damage|p2a: Leavanny|34/100
|move|p2a: Leavanny|Triple Axel|p1a: Raging Bolt
|-supereffective|p1a: Raging Bolt
|-damage|p1a: Raging Bolt|77/100
|-supereffective|p1a: Raging Bolt
|-damage|p1a: Raging Bolt|54/100
|-supereffective|p1a: Raging Bolt
|-damage|p1a: Raging Bolt|22/100
|-hitcount|p1a: Raging Bolt|3
|
|-weather|none
|-end|p1a: Raging Bolt|Protosynthesis
|upkeep
|turn|9
|
|t:|1758990735
|move|p1a: Raging Bolt|Thunderclap||[still]
|-fail|p1a: Raging Bolt
|move|p2a: Leavanny|Sticky Web|p1a: Raging Bolt
|-sidestart|p1: OTvoid|move: Sticky Web
|
|upkeep
|turn|10
|
|t:|1758990739
|move|p1a: Raging Bolt|Thunderclap|p2a: Leavanny
|-resisted|p2a: Leavanny
|-crit|p2a: Leavanny
|-damage|p2a: Leavanny|0 fnt
|faint|p2a: Leavanny
|
|upkeep
|
|t:|1758990744
|switch|p2a: Ceruledge|Ceruledge, F|100/100
|turn|11
|
|t:|1758990752
|-end|p1a: Raging Bolt|Protosynthesis|[silent]
|switch|p1a: Skeledirge|Skeledirge, F|79/100
|-terastallize|p2a: Ceruledge|Ghost
|move|p2a: Ceruledge|Shadow Sneak|p1a: Skeledirge
|-supereffective|p1a: Skeledirge
|-damage|p1a: Skeledirge|37/100
|
|upkeep
|turn|12
|
|t:|1758990757
|-terastallize|p1a: Skeledirge|Fairy
|move|p2a: Ceruledge|Shadow Sneak|p1a: Skeledirge
|-damage|p1a: Skeledirge|15/100
|move|p1a: Skeledirge|Slack Off|p1a: Skeledirge
|-heal|p1a: Skeledirge|65/100
|
|upkeep
|turn|13
|
|t:|1758990760
|move|p2a: Ceruledge|Poltergeist|p1a: Skeledirge
|-activate|p1a: Skeledirge|move: Poltergeist|Heavy-Duty Boots
|-damage|p1a: Skeledirge|0 fnt
|faint|p1a: Skeledirge
|
|upkeep
|
|t:|1758990766
|switch|p1a: Raging Bolt|Raging Bolt|22/100
|-damage|p1a: Raging Bolt|10/100|[from] Stealth Rock
|-activate|p1a: Raging Bolt|move: Sticky Web
|-unboost|p1a: Raging Bolt|spe|1
|turn|14
|
|t:|1758990779
|move|p2a: Ceruledge|Shadow Sneak|p1a: Raging Bolt
|-damage|p1a: Raging Bolt|0 fnt
|faint|p1a: Raging Bolt
|-end|p1a: Raging Bolt|Protosynthesis|[silent]
|
|upkeep
|-message|OTvoid forfeited.
|
|win|go b3yond
|raw|OTvoid's rating: 1419 &rarr; <strong>1398</strong><br />(-21 for losing)
|raw|go b3yond's rating: 1406 &rarr; <strong>1427</strong><br />(+21 for winning)
|l|☆OTvoid
|player|p1|
|l|☆go b3yond
|player|p2|
