|j|☆Dogerunner
|j|☆Rin1604
|t:|1758950538
|gametype|singles
|player|p1|Dogerunner|battlegirl-gen4|1266
|player|p2|Rin1604|miku-ghost|1243
|gen|9
|tier|[Gen 9] OU
|rated|
|rule|HP Percentage Mod: HP is shown in percentages
|rule|Endless Battle Clause: Forcing endless battles is banned
|rule|Species Clause: Limit one of each Pokémon
|rule|OHKO Clause: OHKO moves are banned
|rule|Evasion Items Clause: Evasion items are banned
|rule|Evasion Moves Clause: Evasion moves are banned
|rule|Evasion Abilities Clause: Evasion abilities are banned
|rule|Sleep Moves Clause: Sleep-inducing moves are banned
|clearpoke
|poke|p1|Heatran, M|
|poke|p1|Pecharunt|
|poke|p1|Dragonite, M|
|poke|p1|Great Tusk|
|poke|p1|Iron Treads|
|poke|p1|Garganacl, M|
|poke|p2|Kommo-o, M|
|poke|p2|Gholdengo|
|poke|p2|Ninetales-Alola, M|
|poke|p2|Hatterene, F|
|poke|p2|Zamazenta-*|
|poke|p2|Kingambit, M|
|teampreview
|c|☆Dogerunner|Howdy
|
|t:|1758950578
|teamsize|p1|6
|teamsize|p2|6
|start
|switch|p1a: Heatran|Heatran, M|100/100
|switch|p2a: Zamazenta|Zamazenta|100/100
|-ability|p2a: Zamazenta|Dauntless Shield|boost
|-boost|p2a: Zamazenta|def|1
|turn|1
|
|t:|1758950588
|switch|p1a: Pecharunt|Pecharunt|100/100
|move|p2a: Zamazenta|Close Combat|p1a: Pecharunt
|-immune|p1a: Pecharunt
|
|upkeep
|turn|2
|
|t:|1758950597
|switch|p2a: Gholdengo|Gholdengo|100/100
|switch|p1a: Heatran|Heatran, M|100/100
|
|upkeep
|turn|3
|
|t:|1758950603
|move|p2a: Gholdengo|Focus Blast|p1a: Heatran
|-supereffective|p1a: Heatran
|-damage|p1a: Heatran|40/100
|move|p1a: Heatran|Magma Storm|p2a: Gholdengo
|-supereffective|p2a: Gholdengo
|-damage|p2a: Gholdengo|0 fnt
|faint|p2a: Gholdengo
|
|-heal|p1a: Heatran|47/100|[from] item: Leftovers
|upkeep
|
|t:|1758950611
|switch|p2a: Zamazenta|Zamazenta|100/100
|turn|4
|
|t:|1758950613
|move|p1a: Heatran|Protect|p1a: Heatran
|-singleturn|p1a: Heatran|Protect
|move|p2a: Zamazenta|Crunch|p1a: Heatran
|-activate|p1a: Heatran|move: Protect
|
|-heal|p1a: Heatran|53/100|[from] item: Leftovers
|upkeep
|turn|5
|
|t:|1758950618
|switch|p1a: Great Tusk|Great Tusk|100/100
|move|p2a: Zamazenta|Crunch|p1a: Great Tusk
|-resisted|p1a: Great Tusk
|-damage|p1a: Great Tusk|89/100
|-damage|p2a: Zamazenta|91/100|[from] item: Life Orb
|
|upkeep
|turn|6
|
|t:|1758950625
|switch|p2a: Hatterene|Hatterene, F|100/100
|move|p1a: Great Tusk|Knock Off|p2a: Hatterene
|-damage|p2a: Hatterene|72/100
|-enditem|p2a: Hatterene|Covert Cloak|[from] move: Knock Off|[of] p1a: Great Tusk
|
|upkeep
|turn|7
|
|t:|1758950632
|-end|p1a: Great Tusk|Protosynthesis|[silent]
|switch|p1a: Garganacl|Garganacl, M|100/100
|move|p2a: Hatterene|Calm Mind|p2a: Hatterene
|-boost|p2a: Hatterene|spa|1
|-boost|p2a: Hatterene|spd|1
|
|upkeep
|turn|8
|
|t:|1758950640
|move|p2a: Hatterene|Psychic Noise|p1a: Garganacl
|-damage|p1a: Garganacl|66/100
|-start|p1a: Garganacl|move: Heal Block
|move|p1a: Garganacl|Salt Cure|p2a: Hatterene
|-damage|p2a: Hatterene|61/100
|-start|p2a: Hatterene|Salt Cure
|
|-damage|p2a: Hatterene|49/100|[from] Salt Cure
|upkeep
|turn|9
|
|t:|1758950647
|move|p1a: Garganacl|Protect|p1a: Garganacl
|-singleturn|p1a: Garganacl|Protect
|move|p2a: Hatterene|Calm Mind|p2a: Hatterene
|-boost|p2a: Hatterene|spa|1
|-boost|p2a: Hatterene|spd|1
|
|-damage|p2a: Hatterene|36/100|[from] Salt Cure
|-end|p1a: Garganacl|move: Heal Block
|upkeep
|turn|10
|
|t:|1758950653
|switch|p1a: Iron Treads|Iron Treads|100/100
|-enditem|p1a: Iron Treads|Booster Energy
|-activate|p1a: Iron Treads|ability: Quark Drive|[fromitem]
|-start|p1a: Iron Treads|quarkdrivespe
|move|p2a: Hatterene|Psychic Noise|p1a: Iron Treads
|-resisted|p1a: Iron Treads
|-damage|p1a: Iron Treads|45/100
|-start|p1a: Iron Treads|move: Heal Block
|
|-damage|p2a: Hatterene|24/100|[from] Salt Cure
|upkeep
|turn|11
|
|t:|1758950667
|switch|p2a: Zamazenta|Zamazenta|91/100
|move|p1a: Iron Treads|Earthquake|p2a: Zamazenta
|-damage|p2a: Zamazenta|49/100
|
|-end|p1a: Iron Treads|move: Heal Block
|upkeep
|turn|12
|
|t:|1758950683
|move|p1a: Iron Treads|Stealth Rock|p2a: Zamazenta
|-sidestart|p2: Rin1604|move: Stealth Rock
|move|p2a: Zamazenta|Stone Edge|p1a: Iron Treads
|-resisted|p1a: Iron Treads
|-damage|p1a: Iron Treads|35/100
|-damage|p2a: Zamazenta|39/100|[from] item: Life Orb
|
|upkeep
|turn|13
|
|t:|1758950689
|move|p1a: Iron Treads|Steel Beam|p2a: Zamazenta
|-damage|p2a: Zamazenta|3/100
|-damage|p1a: Iron Treads|0 fnt|[from] steelbeam
|faint|p1a: Iron Treads
|-end|p1a: Iron Treads|Quark Drive|[silent]
|move|p2a: Zamazenta|Close Combat|p1: Iron Treads|[notarget]
|-fail|p2a: Zamazenta
|
|upkeep
|
|t:|1758950694
|switch|p1a: Dragonite|Dragonite, M|100/100
|turn|14
|
|t:|1758950697
|move|p1a: Dragonite|Extreme Speed|p2a: Zamazenta
|-damage|p2a: Zamazenta|0 fnt
|faint|p2a: Zamazenta
|
|upkeep
|
|t:|1758950700
|switch|p2a: Ninetales|Ninetales-Alola, M|100/100
|-damage|p2a: Ninetales|76/100|[from] Stealth Rock
|-weather|Snowscape|[from] ability: Snow Warning|[of] p2a: Ninetales
|turn|15
|
|t:|1758950704
|switch|p1a: Heatran|Heatran, M|53/100
|move|p2a: Ninetales|Aurora Veil|p2a: Ninetales
|-sidestart|p2: Rin1604|move: Aurora Veil
|
|-weather|Snowscape|[upkeep]
|-heal|p1a: Heatran|59/100|[from] item: Leftovers
|upkeep
|turn|16
|l|☆Dogerunner
|player|p1|
|j|☆Dogerunner
|player|p1|Dogerunner|battlegirl-gen4|
|inactive|Battle timer is ON: inactive players will automatically lose when time's up. (requested by Dogerunner)
|
|t:|1758950750
|switch|p2a: Hatterene|Hatterene, F|24/100
|-damage|p2a: Hatterene|12/100|[from] Stealth Rock
|move|p1a: Heatran|Taunt|p2a: Hatterene
|move|p2a: Hatterene|Taunt|p1a: Heatran|[from] ability: Magic Bounce
|-start|p1a: Heatran|move: Taunt
|
|-weather|Snowscape|[upkeep]
|-heal|p1a: Heatran|65/100|[from] item: Leftovers
|upkeep
|turn|17
|
|t:|1758950760
|switch|p1a: Garganacl|Garganacl, M|66/100
|move|p2a: Hatterene|Nuzzle|p1a: Garganacl
|-damage|p1a: Garganacl|64/100
|
|-weather|Snowscape|[upkeep]
|-heal|p1a: Garganacl|70/100|[from] item: Leftovers
|upkeep
|turn|18
|
|t:|1758950766
|move|p2a: Hatterene|Psychic Noise|p1a: Garganacl
|-damage|p1a: Garganacl|49/100
|-start|p1a: Garganacl|move: Heal Block
|move|p1a: Garganacl|Curse|p1a: Garganacl
|-unboost|p1a: Garganacl|spe|1
|-boost|p1a: Garganacl|atk|1
|-boost|p1a: Garganacl|def|1
|
|-weather|Snowscape|[upkeep]
|upkeep
|turn|19
|
|t:|1758950774
|move|p2a: Hatterene|Draining Kiss|p1a: Garganacl
|-damage|p1a: Garganacl|33/100
|-heal|p2a: Hatterene|27/100|[from] drain|[of] p1a: Garganacl
|move|p1a: Garganacl|Salt Cure|p2a: Hatterene
|-damage|p2a: Hatterene|19/100
|-start|p2a: Hatterene|Salt Cure
|
|-weather|none
|-damage|p2a: Hatterene|7/100|[from] Salt Cure
|-end|p1a: Garganacl|move: Heal Block
|upkeep
|turn|20
|
|t:|1758950780
|move|p1a: Garganacl|Protect|p1a: Garganacl
|-singleturn|p1a: Garganacl|Protect
|move|p2a: Hatterene|Draining Kiss|p1a: Garganacl
|-activate|p1a: Garganacl|move: Protect
|
|-heal|p1a: Garganacl|39/100|[from] item: Leftovers
|-damage|p2a: Hatterene|0 fnt|[from] Salt Cure
|faint|p2a: Hatterene
|upkeep
|
|t:|1758950782
|switch|p2a: Kommo-o|Kommo-o, M|100/100
|-damage|p2a: Kommo-o|94/100|[from] Stealth Rock
|turn|21
|
|t:|1758950800
|move|p2a: Kommo-o|Boomburst|p1a: Garganacl
|-resisted|p1a: Garganacl
|-damage|p1a: Garganacl|25/100
|-enditem|p2a: Kommo-o|Throat Spray
|-boost|p2a: Kommo-o|spa|1|[from] item: Throat Spray
|move|p1a: Garganacl|Salt Cure|p2a: Kommo-o
|-resisted|p2a: Kommo-o
|-damage|p2a: Kommo-o|89/100
|-start|p2a: Kommo-o|Salt Cure
|
|-heal|p1a: Garganacl|31/100|[from] item: Leftovers
|-damage|p2a: Kommo-o|77/100|[from] Salt Cure
|upkeep
|turn|22
|
|t:|1758950814
|move|p2a: Kommo-o|Clangorous Soul|p2a: Kommo-o
|-boost|p2a: Kommo-o|atk|1
|-boost|p2a: Kommo-o|def|1
|-boost|p2a: Kommo-o|spa|1
|-boost|p2a: Kommo-o|spd|1
|-boost|p2a: Kommo-o|spe|1
|-damage|p2a: Kommo-o|44/100
|move|p1a: Garganacl|Recover|p1a: Garganacl
|-heal|p1a: Garganacl|81/100
|
|-heal|p1a: Garganacl|87/100|[from] item: Leftovers
|-damage|p2a: Kommo-o|31/100|[from] Salt Cure
|-sideend|p2: Rin1604|move: Aurora Veil
|upkeep
|turn|23
|
|t:|1758950827
|move|p1a: Garganacl|Protect|p1a: Garganacl
|-singleturn|p1a: Garganacl|Protect
|move|p2a: Kommo-o|Boomburst|p1a: Garganacl
|-activate|p1a: Garganacl|move: Protect
|
|-heal|p1a: Garganacl|94/100|[from] item: Leftovers
|-damage|p2a: Kommo-o|19/100|[from] Salt Cure
|upkeep
|turn|24
|
|t:|1758950831
|move|p2a: Kommo-o|Clanging Scales|p1a: Garganacl
|-crit|p1a: Garganacl
|-damage|p1a: Garganacl|0 fnt
|faint|p1a: Garganacl
|-unboost|p2a: Kommo-o|def|1
|
|-damage|p2a: Kommo-o|7/100|[from] Salt Cure
|upkeep
|
|t:|1758950834
|switch|p1a: Dragonite|Dragonite, M|100/100
|turn|25
|
|t:|1758950839
|move|p1a: Dragonite|Extreme Speed|p2a: Kommo-o
|-damage|p2a: Kommo-o|0 fnt
|faint|p2a: Kommo-o
|
|upkeep
|
|t:|1758950841
|switch|p2a: Ninetales|Ninetales-Alola, M|76/100
|-damage|p2a: Ninetales|51/100|[from] Stealth Rock
|-weather|Snowscape|[from] ability: Snow Warning|[of] p2a: Ninetales
|turn|26
|
|t:|1758950845
|switch|p1a: Heatran|Heatran, M|65/100
|move|p2a: Ninetales|Aurora Veil|p2a: Ninetales
|-sidestart|p2: Rin1604|move: Aurora Veil
|
|-weather|Snowscape|[upkeep]
|-heal|p1a: Heatran|71/100|[from] item: Leftovers
|upkeep
|turn|27
|
|t:|1758950849
|move|p2a: Ninetales|Freeze-Dry|p1a: Heatran
|-resisted|p1a: Heatran
|-damage|p1a: Heatran|68/100
|-status|p1a: Heatran|frz
|cant|p1a: Heatran|frz
|
|-weather|Snowscape|[upkeep]
|-heal|p1a: Heatran|74/100 frz|[from] item: Leftovers
|upkeep
|turn|28
|
|t:|1758950856
|switch|p2a: Kingambit|Kingambit, M|100/100
|-damage|p2a: Kingambit|94/100|[from] Stealth Rock
|-activate|p2a: Kingambit|ability: Supreme Overlord
|-start|p2a: Kingambit|fallen4|[silent]
|-item|p2a: Kingambit|Air Balloon
|cant|p1a: Heatran|frz
|
|-weather|Snowscape|[upkeep]
|-heal|p1a: Heatran|81/100 frz|[from] item: Leftovers
|upkeep
|turn|29
|
|t:|1758950859
|switch|p1a: Great Tusk|Great Tusk|89/100
|move|p2a: Kingambit|Swords Dance|p2a: Kingambit
|-boost|p2a: Kingambit|atk|2
|
|-weather|Snowscape|[upkeep]
|upkeep
|turn|30
|
|t:|1758950865
|move|p1a: Great Tusk|Close Combat|p2a: Kingambit
|-supereffective|p2a: Kingambit
|-damage|p2a: Kingambit|5/100
|-unboost|p1a: Great Tusk|def|1
|-unboost|p1a: Great Tusk|spd|1
|-enditem|p2a: Kingambit|Air Balloon
|move|p2a: Kingambit|Iron Head|p1a: Great Tusk
|-damage|p1a: Great Tusk|0 fnt
|faint|p1a: Great Tusk
|-end|p1a: Great Tusk|Protosynthesis|[silent]
|
|-weather|none
|upkeep
|
|t:|1758950867
|switch|p1a: Dragonite|Dragonite, M|100/100
|turn|31
|
|t:|1758950877
|switch|p1a: Heatran|Heatran, M|81/100 frz
|-terastallize|p2a: Kingambit|Ghost
|move|p2a: Kingambit|Kowtow Cleave|p1a: Heatran
|-damage|p1a: Heatran|0 fnt
|faint|p1a: Heatran
|
|upkeep
|
|t:|1758950889
|switch|p1a: Dragonite|Dragonite, M|100/100
|turn|32
|
|t:|1758950914
|move|p1a: Dragonite|Earthquake|p2a: Kingambit
|-damage|p2a: Kingambit|0 fnt
|faint|p2a: Kingambit
|-end|p2a: Kingambit|fallen4|[silent]
|
|upkeep
|
|t:|1758950919
|switch|p2a: Ninetales|Ninetales-Alola, M|51/100
|-damage|p2a: Ninetales|26/100|[from] Stealth Rock
|-weather|Snowscape|[from] ability: Snow Warning|[of] p2a: Ninetales
|turn|33
|inactive|Dogerunner has 120 seconds left.
|
|t:|1758950940
|move|p2a: Ninetales|Freeze-Dry|p1a: Dragonite
|-supereffective|p1a: Dragonite
|-damage|p1a: Dragonite|61/100
|move|p1a: Dragonite|Earthquake|p2a: Ninetales
|-damage|p2a: Ninetales|10/100
|
|-weather|Snowscape|[upkeep]
|-heal|p1a: Dragonite|67/100|[from] item: Leftovers
|-sideend|p2: Rin1604|move: Aurora Veil
|upkeep
|turn|34
|
|t:|1758950946
|move|p1a: Dragonite|Extreme Speed|p2a: Ninetales
|-damage|p2a: Ninetales|0 fnt
|faint|p2a: Ninetales
|
|win|Dogerunner
|raw|Dogerunner's rating: 1266 &rarr; <strong>1289</strong><br />(+23 for winning)
|raw|Rin1604's rating: 1243 &rarr; <strong>1220</strong><br />(-23 for losing)
|l|☆Rin1604
|player|p2|
|l|☆Dogerunner
|player|p1|
