|j|☆Call me victini
|j|☆trrzno3
|t:|1758949935
|gametype|singles
|player|p1|Call me victini|102|1419
|player|p2|trrzno3|artist|1469
|gen|9
|tier|[Gen 9] OU
|rated|
|rule|HP Percentage Mod: HP is shown in percentages
|rule|Endless Battle Clause: Forcing endless battles is banned
|rule|Species Clause: Limit one of each Pokémon
|rule|OHKO Clause: OHKO moves are banned
|rule|Evasion Items Clause: Evasion items are banned
|rule|Evasion Moves Clause: Evasion moves are banned
|rule|Evasion Abilities Clause: Evasion abilities are banned
|rule|Sleep Moves Clause: Sleep-inducing moves are banned
|clearpoke
|poke|p1|Dragapult, M|
|poke|p1|Moltres|
|poke|p1|Ogerpon, F|
|poke|p1|Great Tusk|
|poke|p1|Hatterene, F|
|poke|p1|Kingambit, M|
|poke|p2|Iron Moth|
|poke|p2|Ribombee, F|
|poke|p2|Ogerpon-Cornerstone, F|
|poke|p2|Gholdengo|
|poke|p2|Salamence, M|
|poke|p2|Great Tusk|
|teampreview
|inactive|Battle timer is ON: inactive players will automatically lose when time's up. (requested by trrzno3)
|
|t:|1758949965
|teamsize|p1|6
|teamsize|p2|6
|start
|switch|p1a: Dragapult|Dragapult, M|100/100
|switch|p2a: Gholdengo|Gholdengo|100/100
|-item|p2a: Gholdengo|Air Balloon
|turn|1
|
|t:|1758949973
|move|p1a: Dragapult|U-turn|p2a: Gholdengo
|-resisted|p2a: Gholdengo
|-damage|p2a: Gholdengo|89/100
|-enditem|p2a: Gholdengo|Air Balloon
|
|t:|1758949976
|switch|p1a: Moltres|Moltres|100/100|[from] U-turn
|move|p2a: Gholdengo|Make It Rain|p1a: Moltres
|-resisted|p1a: Moltres
|-damage|p1a: Moltres|78/100
|-unboost|p2a: Gholdengo|spa|1
|
|upkeep
|turn|2
|
|t:|1758949986
|switch|p2a: Salamence|Salamence, M|100/100
|-ability|p2a: Salamence|Intimidate|boost
|-unboost|p1a: Moltres|atk|1
|move|p1a: Moltres|U-turn|p2a: Salamence
|-resisted|p2a: Salamence
|-damage|p2a: Salamence|95/100
|
|t:|1758949989
|switch|p1a: Great Tusk|Great Tusk|100/100|[from] U-turn
|
|upkeep
|turn|3
|
|t:|1758949996
|switch|p2a: Great Tusk|Great Tusk|100/100
|-enditem|p2a: Great Tusk|Booster Energy
|-activate|p2a: Great Tusk|ability: Protosynthesis|[fromitem]
|-start|p2a: Great Tusk|protosynthesisspe
|move|p1a: Great Tusk|Stealth Rock|p2a: Great Tusk
|-sidestart|p2: trrzno3|move: Stealth Rock
|
|upkeep
|turn|4
|
|t:|1758950014
|move|p2a: Great Tusk|Bulk Up|p2a: Great Tusk
|-boost|p2a: Great Tusk|atk|1
|-boost|p2a: Great Tusk|def|1
|move|p1a: Great Tusk|Ice Spinner|p2a: Great Tusk
|-supereffective|p2a: Great Tusk
|-damage|p2a: Great Tusk|83/100
|
|upkeep
|turn|5
|
|t:|1758950025
|move|p2a: Great Tusk|Bulk Up|p2a: Great Tusk
|-boost|p2a: Great Tusk|atk|1
|-boost|p2a: Great Tusk|def|1
|move|p1a: Great Tusk|Ice Spinner|p2a: Great Tusk
|-supereffective|p2a: Great Tusk
|-damage|p2a: Great Tusk|68/100
|
|upkeep
|turn|6
|
|t:|1758950027
|move|p2a: Great Tusk|Bulk Up|p2a: Great Tusk
|-boost|p2a: Great Tusk|atk|1
|-boost|p2a: Great Tusk|def|1
|move|p1a: Great Tusk|Ice Spinner|p2a: Great Tusk
|-supereffective|p2a: Great Tusk
|-damage|p2a: Great Tusk|56/100
|
|upkeep
|turn|7
|
|t:|1758950029
|move|p2a: Great Tusk|Bulk Up|p2a: Great Tusk
|-boost|p2a: Great Tusk|atk|1
|-boost|p2a: Great Tusk|def|1
|move|p1a: Great Tusk|Ice Spinner|p2a: Great Tusk
|-supereffective|p2a: Great Tusk
|-damage|p2a: Great Tusk|46/100
|
|upkeep
|turn|8
|
|t:|1758950033
|move|p2a: Great Tusk|Rapid Spin|p1a: Great Tusk
|-damage|p1a: Great Tusk|79/100
|-boost|p2a: Great Tusk|spe|1
|-damage|p2a: Great Tusk|29/100|[from] item: Rocky Helmet|[of] p1a: Great Tusk
|-sideend|p2: trrzno3|Stealth Rock|[from] move: Rapid Spin|[of] p2a: Great Tusk
|move|p1a: Great Tusk|Ice Spinner|p2a: Great Tusk
|-supereffective|p2a: Great Tusk
|-damage|p2a: Great Tusk|19/100
|
|upkeep
|turn|9
|
|t:|1758950035
|move|p2a: Great Tusk|Ice Spinner|p1a: Great Tusk
|-supereffective|p1a: Great Tusk
|-damage|p1a: Great Tusk|15/100
|-damage|p2a: Great Tusk|2/100|[from] item: Rocky Helmet|[of] p1a: Great Tusk
|move|p1a: Great Tusk|Ice Spinner|p2a: Great Tusk
|-supereffective|p2a: Great Tusk
|-damage|p2a: Great Tusk|0 fnt
|faint|p2a: Great Tusk
|-end|p2a: Great Tusk|Protosynthesis|[silent]
|
|upkeep
|
|t:|1758950049
|switch|p2a: Ribombee|Ribombee, F|100/100
|turn|10
|
|t:|1758950052
|move|p2a: Ribombee|Moonblast|p1a: Great Tusk
|-supereffective|p1a: Great Tusk
|-damage|p1a: Great Tusk|0 fnt
|faint|p1a: Great Tusk
|-end|p1a: Great Tusk|Protosynthesis|[silent]
|
|upkeep
|
|t:|1758950057
|switch|p1a: Dragapult|Dragapult, M|100/100
|turn|11
|
|t:|1758950060
|move|p1a: Dragapult|U-turn|p2a: Ribombee
|-resisted|p2a: Ribombee
|-damage|p2a: Ribombee|61/100
|
|t:|1758950062
|switch|p1a: Hatterene|Hatterene, F|100/100|[from] U-turn
|move|p2a: Ribombee|Moonblast|p1a: Hatterene
|-damage|p1a: Hatterene|71/100
|-unboost|p1a: Hatterene|spa|1
|
|upkeep
|turn|12
|
|t:|1758950068
|switch|p2a: Gholdengo|Gholdengo|89/100
|move|p1a: Hatterene|Psychic Noise|p2a: Gholdengo
|-resisted|p2a: Gholdengo
|-damage|p2a: Gholdengo|72/100
|-start|p2a: Gholdengo|move: Heal Block
|
|upkeep
|turn|13
|
|t:|1758950075
|switch|p1a: Moltres|Moltres|78/100
|move|p2a: Gholdengo|Nasty Plot|p2a: Gholdengo
|-boost|p2a: Gholdengo|spa|2
|
|-end|p2a: Gholdengo|move: Heal Block
|upkeep
|turn|14
|
|t:|1758950081
|move|p2a: Gholdengo|Psyshock|p1a: Moltres
|-damage|p1a: Moltres|23/100
|move|p1a: Moltres|Flamethrower|p2a: Gholdengo
|-supereffective|p2a: Gholdengo
|-damage|p2a: Gholdengo|0 fnt
|faint|p2a: Gholdengo
|
|upkeep
|
|t:|1758950097
|switch|p2a: Ribombee|Ribombee, F|61/100
|turn|15
|
|t:|1758950100
|switch|p1a: Hatterene|Hatterene, F|71/100
|move|p2a: Ribombee|Psychic Noise|p1a: Hatterene
|-resisted|p1a: Hatterene
|-damage|p1a: Hatterene|64/100
|-start|p1a: Hatterene|move: Heal Block
|
|upkeep
|turn|16
|
|t:|1758950105
|move|p2a: Ribombee|Moonblast|p1a: Hatterene
|-damage|p1a: Hatterene|34/100
|move|p1a: Hatterene|Future Sight|p2a: Ribombee
|-start|p1a: Hatterene|move: Future Sight
|
|-end|p1a: Hatterene|move: Heal Block
|upkeep
|turn|17
|
|t:|1758950110
|move|p2a: Ribombee|Moonblast|p1a: Hatterene
|-damage|p1a: Hatterene|5/100
|move|p1a: Hatterene|Psychic Noise|p2a: Ribombee
|-damage|p2a: Ribombee|0 fnt
|faint|p2a: Ribombee
|
|upkeep
|
|t:|1758950121
|switch|p2a: Ogerpon|Ogerpon-Cornerstone, F|100/100
|turn|18
|
|t:|1758950127
|move|p2a: Ogerpon|Ivy Cudgel|p1a: Hatterene|[anim] Ivy Cudgel Rock
|-damage|p1a: Hatterene|0 fnt
|faint|p1a: Hatterene
|
|-end|p2a: Ogerpon|move: Future Sight
|-damage|p2a: Ogerpon|13/100
|upkeep
|
|t:|1758950131
|switch|p1a: Dragapult|Dragapult, M|100/100
|turn|19
|-message|trrzno3 forfeited.
|
|win|Call me victini
|raw|Call me victini's rating: 1419 &rarr; <strong>1442</strong><br />(+23 for winning)
|raw|trrzno3's rating: 1469 &rarr; <strong>1446</strong><br />(-23 for losing)
|l|☆trrzno3
|player|p2|
|l|☆Call me victini
|player|p1|
