|j|☆ShinyMythics
|j|☆Evilmantube
|t:|1759033484
|gametype|singles
|player|p1|ShinyMythics|leon-tower|1089
|player|p2|Evilmantube|blackbelt|1086
|gen|9
|tier|[Gen 9] OU
|rated|
|rule|HP Percentage Mod: HP is shown in percentages
|rule|Endless Battle Clause: Forcing endless battles is banned
|rule|Species Clause: Limit one of each Pokémon
|rule|OHKO Clause: OHKO moves are banned
|rule|Evasion Items Clause: Evasion items are banned
|rule|Evasion Moves Clause: Evasion moves are banned
|rule|Evasion Abilities Clause: Evasion abilities are banned
|rule|Sleep Moves Clause: Sleep-inducing moves are banned
|clearpoke
|poke|p1|Quaquaval, M|
|poke|p1|Scizor, F|
|poke|p1|Cinderace, M|
|poke|p1|Serperior, F|
|poke|p1|Comfey, M|
|poke|p1|Leavanny, M|
|poke|p2|Ninetales-Alola, F|
|poke|p2|Gliscor, F|
|poke|p2|Houndstone, M|
|poke|p2|Kleavor, F|
|poke|p2|Dragapult, M|
|poke|p2|Iron Treads|
|teampreview
|
|t:|1759033501
|teamsize|p1|6
|teamsize|p2|6
|start
|switch|p1a: Destroyer Mode|Quaquaval, M|100/100
|switch|p2a: Houndstone|Houndstone, M|100/100
|turn|1
|
|t:|1759033507
|move|p1a: Destroyer Mode|Aqua Step|p2a: Houndstone
|-damage|p2a: Houndstone|70/100
|-boost|p1a: Destroyer Mode|spe|1
|move|p2a: Houndstone|Will-O-Wisp|p1a: Destroyer Mode
|-status|p1a: Destroyer Mode|brn
|
|-heal|p2a: Houndstone|76/100|[from] item: Leftovers
|-damage|p1a: Destroyer Mode|94/100 brn|[from] brn
|upkeep
|turn|2
|
|t:|1759033515
|switch|p2a: Ninetales|Ninetales-Alola, F|100/100
|-weather|Snowscape|[from] ability: Snow Warning|[of] p2a: Ninetales
|move|p1a: Destroyer Mode|Aqua Step|p2a: Ninetales
|-damage|p2a: Ninetales|72/100
|-boost|p1a: Destroyer Mode|spe|1
|
|-weather|Snowscape|[upkeep]
|-damage|p1a: Destroyer Mode|88/100 brn|[from] brn
|upkeep
|turn|3
|inactive|Battle timer is ON: inactive players will automatically lose when time's up. (requested by ShinyMythics)
|
|t:|1759033543
|move|p1a: Destroyer Mode|Aqua Step|p2a: Ninetales
|-damage|p2a: Ninetales|45/100
|-boost|p1a: Destroyer Mode|spe|1
|move|p2a: Ninetales|Disable|p1a: Destroyer Mode
|-start|p1a: Destroyer Mode|Disable|Aqua Step
|
|-weather|Snowscape|[upkeep]
|-damage|p1a: Destroyer Mode|82/100 brn|[from] brn
|upkeep
|turn|4
|
|t:|1759033547
|-activate|p1a: Destroyer Mode|move: Struggle
|move|p1a: Destroyer Mode|Struggle|p2a: Ninetales
|-damage|p2a: Ninetales|34/100
|-damage|p1a: Destroyer Mode|57/100 brn|[from] recoil
|move|p2a: Ninetales|Aurora Veil|p2a: Ninetales
|-sidestart|p2: Evilmantube|move: Aurora Veil
|
|-weather|Snowscape|[upkeep]
|-damage|p1a: Destroyer Mode|51/100 brn|[from] brn
|upkeep
|turn|5
|
|t:|1759033555
|switch|p2a: Houndstone|Houndstone, M|76/100
|-activate|p1a: Destroyer Mode|move: Struggle
|move|p1a: Destroyer Mode|Struggle|p2a: Houndstone
|-damage|p2a: Houndstone|73/100
|-damage|p1a: Destroyer Mode|26/100 brn|[from] recoil
|
|-weather|Snowscape|[upkeep]
|-heal|p2a: Houndstone|79/100|[from] item: Leftovers
|-damage|p1a: Destroyer Mode|20/100 brn|[from] brn
|upkeep
|turn|6
|
|t:|1759033564
|-activate|p1a: Destroyer Mode|move: Struggle
|move|p1a: Destroyer Mode|Struggle|p2a: Houndstone
|-damage|p2a: Houndstone|76/100
|-damage|p1a: Destroyer Mode|0 fnt|[from] recoil
|faint|p1a: Destroyer Mode
|move|p2a: Houndstone|Will-O-Wisp|p1: Destroyer Mode|[notarget]
|-fail|p2a: Houndstone
|
|-weather|none
|-heal|p2a: Houndstone|82/100|[from] item: Leftovers
|upkeep
|
|t:|1759033575
|switch|p1a: Lazy Genius|Cinderace, M|100/100
|turn|7
|
|t:|1759033578
|move|p1a: Lazy Genius|Pyro Ball|p2a: Houndstone
|-damage|p2a: Houndstone|0 fnt
|faint|p2a: Houndstone
|
|upkeep
|
|t:|1759033583
|switch|p2a: Gliscor|Gliscor, F|100/100
|turn|8
|
|t:|1759033588
|move|p2a: Gliscor|Protect|p2a: Gliscor
|-singleturn|p2a: Gliscor|Protect
|move|p1a: Lazy Genius|Pyro Ball|p2a: Gliscor
|-activate|p2a: Gliscor|move: Protect
|
|-status|p2a: Gliscor|tox|[from] item: Toxic Orb
|upkeep
|turn|9
|
|t:|1759033591
|move|p1a: Lazy Genius|Pyro Ball|p2a: Gliscor
|-damage|p2a: Gliscor|69/100 tox
|move|p2a: Gliscor|Fling|p1a: Lazy Genius
|-damage|p1a: Lazy Genius|90/100
|-status|p1a: Lazy Genius|tox
|-enditem|p2a: Gliscor|Toxic Orb|[from] move: Fling
|
|-damage|p1a: Lazy Genius|84/100 tox|[from] psn
|-heal|p2a: Gliscor|81/100 tox|[from] ability: Poison Heal
|upkeep
|turn|10
|
|t:|1759033597
|move|p1a: Lazy Genius|Pyro Ball|p2a: Gliscor|[miss]
|-miss|p1a: Lazy Genius|p2a: Gliscor
|move|p2a: Gliscor|Thief|p1a: Lazy Genius
|-damage|p1a: Lazy Genius|65/100 tox
|-enditem|p1a: Lazy Genius|Choice Band|[silent]|[from] move: Thief|[of] p2a: Gliscor
|-item|p2a: Gliscor|Choice Band|[from] move: Thief|[of] p1a: Lazy Genius
|
|-damage|p1a: Lazy Genius|53/100 tox|[from] psn
|-heal|p2a: Gliscor|94/100 tox|[from] ability: Poison Heal
|upkeep
|turn|11
|
|t:|1759033609
|move|p1a: Lazy Genius|U-turn|p2a: Gliscor
|-start|p1a: Lazy Genius|typechange|Bug|[from] ability: Libero
|-resisted|p2a: Gliscor
|-damage|p2a: Gliscor|87/100 tox
|
|t:|1759033617
|switch|p1a: Stealth|Serperior, F|100/100|[from] U-turn
|move|p2a: Gliscor|Fling|p1a: Stealth
|-damage|p1a: Stealth|96/100
|-enditem|p2a: Gliscor|Choice Band|[from] move: Fling
|
|-heal|p2a: Gliscor|99/100 tox|[from] ability: Poison Heal
|-sideend|p2: Evilmantube|move: Aurora Veil
|upkeep
|turn|12
|
|t:|1759033622
|-terastallize|p1a: Stealth|Grass
|move|p1a: Stealth|Leaf Storm|p2a: Gliscor
|-damage|p2a: Gliscor|7/100 tox
|-boost|p1a: Stealth|spa|2
|move|p2a: Gliscor|Acrobatics|p1a: Stealth
|-supereffective|p1a: Stealth
|-damage|p1a: Stealth|12/100
|
|-heal|p2a: Gliscor|20/100 tox|[from] ability: Poison Heal
|upkeep
|turn|13
|
|t:|1759033633
|switch|p2a: Ninetales|Ninetales-Alola, F|34/100
|-weather|Snowscape|[from] ability: Snow Warning|[of] p2a: Ninetales
|move|p1a: Stealth|Leaf Storm|p2a: Ninetales
|-damage|p2a: Ninetales|0 fnt
|-boost|p1a: Stealth|spa|2
|faint|p2a: Ninetales
|
|-weather|Snowscape|[upkeep]
|upkeep
|
|t:|1759033634
|switch|p2a: Dragapult|Dragapult, M|100/100
|turn|14
|
|t:|1759033644
|move|p2a: Dragapult|Shadow Ball|p1a: Stealth
|-damage|p1a: Stealth|0 fnt
|faint|p1a: Stealth
|
|-weather|Snowscape|[upkeep]
|upkeep
|
|t:|1759033651
|switch|p1a: Sadist|Comfey, M|100/100
|turn|15
|
|t:|1759033654
|switch|p2a: Iron Treads|Iron Treads|100/100
|move|p1a: Sadist|Draining Kiss|p2a: Iron Treads
|-resisted|p2a: Iron Treads
|-damage|p2a: Iron Treads|89/100
|
|-weather|Snowscape|[upkeep]
|-heal|p2a: Iron Treads|95/100|[from] item: Leftovers
|upkeep
|turn|16
|
|t:|1759033660
|move|p1a: Sadist|Giga Drain|p2a: Iron Treads
|-damage|p2a: Iron Treads|70/100
|move|p2a: Iron Treads|Rapid Spin|p1a: Sadist
|-damage|p1a: Sadist|85/100
|-boost|p2a: Iron Treads|spe|1
|
|-weather|Snowscape|[upkeep]
|-heal|p2a: Iron Treads|76/100|[from] item: Leftovers
|-heal|p1a: Sadist|91/100|[from] item: Leftovers
|upkeep
|turn|17
|
|t:|1759033668
|move|p2a: Iron Treads|Protect|p2a: Iron Treads
|-singleturn|p2a: Iron Treads|Protect
|move|p1a: Sadist|Giga Drain|p2a: Iron Treads
|-activate|p2a: Iron Treads|move: Protect
|
|-weather|none
|-heal|p2a: Iron Treads|83/100|[from] item: Leftovers
|-heal|p1a: Sadist|97/100|[from] item: Leftovers
|upkeep
|turn|18
|
|t:|1759033693
|-end|p2a: Iron Treads|Quark Drive|[silent]
|switch|p2a: Kleavor|Kleavor, F|100/100
|move|p1a: Sadist|Giga Drain|p2a: Kleavor
|-damage|p2a: Kleavor|71/100
|-heal|p1a: Sadist|100/100|[from] drain|[of] p2a: Kleavor
|
|upkeep
|turn|19
|
|t:|1759033701
|move|p1a: Sadist|Giga Drain|p2a: Kleavor
|-damage|p2a: Kleavor|39/100
|move|p2a: Kleavor|Stone Axe|p1a: Sadist
|-damage|p1a: Sadist|35/100
|-sidestart|p1: ShinyMythics|move: Stealth Rock
|
|-heal|p1a: Sadist|41/100|[from] item: Leftovers
|upkeep
|turn|20
|
|t:|1759033712
|move|p1a: Sadist|Giga Drain|p2a: Kleavor
|-damage|p2a: Kleavor|6/100
|-heal|p1a: Sadist|62/100|[from] drain|[of] p2a: Kleavor
|move|p2a: Kleavor|Stone Axe|p1a: Sadist
|-damage|p1a: Sadist|0 fnt
|faint|p1a: Sadist
|
|upkeep
|
|t:|1759033715
|switch|p1a: Wild Card|Scizor, F|100/100
|-damage|p1a: Wild Card|88/100|[from] Stealth Rock
|turn|21
|
|t:|1759033722
|move|p1a: Wild Card|Bullet Punch|p2a: Kleavor
|-supereffective|p2a: Kleavor
|-damage|p2a: Kleavor|0 fnt
|faint|p2a: Kleavor
|
|upkeep
|
|t:|1759033724
|switch|p2a: Gliscor|Gliscor, F|20/100 tox
|turn|22
|
|t:|1759033730
|move|p2a: Gliscor|Protect|p2a: Gliscor
|-singleturn|p2a: Gliscor|Protect
|move|p1a: Wild Card|Bullet Punch|p2a: Gliscor
|-activate|p2a: Gliscor|move: Protect
|
|-heal|p2a: Gliscor|32/100 tox|[from] ability: Poison Heal
|upkeep
|turn|23
|
|t:|1759033738
|switch|p2a: Iron Treads|Iron Treads|83/100
|move|p1a: Wild Card|Bullet Punch|p2a: Iron Treads
|-resisted|p2a: Iron Treads
|-damage|p2a: Iron Treads|63/100
|
|-heal|p2a: Iron Treads|69/100|[from] item: Leftovers
|upkeep
|turn|24
|
|t:|1759033746
|move|p1a: Wild Card|Bullet Punch|p2a: Iron Treads
|-resisted|p2a: Iron Treads
|-damage|p2a: Iron Treads|49/100
|move|p2a: Iron Treads|Earthquake|p1a: Wild Card
|-damage|p1a: Wild Card|44/100
|
|-heal|p2a: Iron Treads|55/100|[from] item: Leftovers
|upkeep
|turn|25
|
|t:|1759033750
|move|p2a: Iron Treads|Protect|p2a: Iron Treads
|-singleturn|p2a: Iron Treads|Protect
|move|p1a: Wild Card|Bullet Punch|p2a: Iron Treads
|-activate|p2a: Iron Treads|move: Protect
|
|-heal|p2a: Iron Treads|61/100|[from] item: Leftovers
|upkeep
|turn|26
|
|t:|1759033754
|move|p1a: Wild Card|Bullet Punch|p2a: Iron Treads
|-resisted|p2a: Iron Treads
|-damage|p2a: Iron Treads|40/100
|move|p2a: Iron Treads|Earthquake|p1a: Wild Card
|-damage|p1a: Wild Card|0 fnt
|faint|p1a: Wild Card
|
|-heal|p2a: Iron Treads|46/100|[from] item: Leftovers
|upkeep
|
|t:|1759033757
|switch|p1a: Leavanny|Leavanny, M|100/100
|-damage|p1a: Leavanny|75/100|[from] Stealth Rock
|turn|27
|
|t:|1759033762
|move|p2a: Iron Treads|Ice Spinner|p1a: Leavanny
|-supereffective|p1a: Leavanny
|-damage|p1a: Leavanny|19/100
|move|p1a: Leavanny|Leaf Blade|p2a: Iron Treads
|-crit|p2a: Iron Treads
|-damage|p2a: Iron Treads|5/100
|
|-heal|p2a: Iron Treads|11/100|[from] item: Leftovers
|upkeep
|turn|28
|
|t:|1759033771
|move|p2a: Iron Treads|Earthquake|p1a: Leavanny
|-resisted|p1a: Leavanny
|-damage|p1a: Leavanny|6/100
|move|p1a: Leavanny|Fell Stinger|p2a: Iron Treads
|-resisted|p2a: Iron Treads
|-damage|p2a: Iron Treads|0 fnt
|faint|p2a: Iron Treads
|-end|p2a: Iron Treads|Quark Drive|[silent]
|-boost|p1a: Leavanny|atk|3
|
|upkeep
|
|t:|1759033774
|switch|p2a: Dragapult|Dragapult, M|100/100
|turn|29
|
|t:|1759033779
|move|p2a: Dragapult|Surf|p1a: Leavanny
|-resisted|p1a: Leavanny
|-damage|p1a: Leavanny|0 fnt
|faint|p1a: Leavanny
|
|upkeep
|
|t:|1759033782
|switch|p1a: Lazy Genius|Cinderace, M|53/100 tox
|-damage|p1a: Lazy Genius|28/100 tox|[from] Stealth Rock
|turn|30
|
|t:|1759033785
|move|p2a: Dragapult|Surf|p1a: Lazy Genius
|-supereffective|p1a: Lazy Genius
|-damage|p1a: Lazy Genius|0 fnt
|faint|p1a: Lazy Genius
|
|win|Evilmantube
|raw|ShinyMythics's rating: 1089 &rarr; <strong>1065</strong><br />(-24 for losing)
|raw|Evilmantube's rating: 1086 &rarr; <strong>1113</strong><br />(+27 for winning)
|c|☆Evilmantube|gg
|l|☆Evilmantube
|player|p2|
|l|☆ShinyMythics
|player|p1|
