|j|‽Hunter_of_Keys
|j|☆Shibuya Arc
|t:|1758927186
|gametype|singles
|player|p1|Hunter_of_Keys|veteran|1548
|player|p2|Shibuya Arc|265|1520
|gen|9
|tier|[Gen 9] OU
|rated|
|rule|HP Percentage Mod: HP is shown in percentages
|rule|Endless Battle Clause: Forcing endless battles is banned
|rule|Species Clause: Limit one of each Pokémon
|rule|OHKO Clause: OHKO moves are banned
|rule|Evasion Items Clause: Evasion items are banned
|rule|Evasion Moves Clause: Evasion moves are banned
|rule|Evasion Abilities Clause: Evasion abilities are banned
|rule|Sleep Moves Clause: Sleep-inducing moves are banned
|clearpoke
|poke|p1|Espeon, F|
|poke|p1|Indeedee, M|
|poke|p1|Armarouge, F|
|poke|p1|Gallade, M|
|poke|p1|Cresselia, F|
|poke|p1|Rabsca, M|
|poke|p2|Dragapult, M|
|poke|p2|Dragonite, F|
|poke|p2|Ting-Lu|
|poke|p2|Weezing-Galar, F|
|poke|p2|Iron Crown|
|poke|p2|Zapdos|
|teampreview
|inactive|Battle timer is ON: inactive players will automatically lose when time's up. (requested by Hunter_of_Keys)
|
|t:|1758927194
|teamsize|p1|6
|teamsize|p2|6
|start
|switch|p1a: Indeedee|Indeedee, M|100/100
|switch|p2a: Iron Crown|Iron Crown|100/100
|-fieldstart|move: Psychic Terrain|[from] ability: Psychic Surge|[of] p1a: Indeedee
|turn|1
|inactive|Shibuya Arc also wants the timer to be on.
|
|t:|1758927212
|move|p2a: Iron Crown|Tachyon Cutter|p1a: Indeedee
|-damage|p1a: Indeedee|45/100
|-damage|p1a: Indeedee|0 fnt
|faint|p1a: Indeedee
|-hitcount|p1: Indeedee|2
|
|upkeep
|
|t:|1758927215
|switch|p1a: Armarouge|Armarouge, F|100/100
|turn|2
|
|t:|1758927221
|move|p2a: Iron Crown|Tachyon Cutter|p1a: Armarouge
|-resisted|p1a: Armarouge
|-damage|p1a: Armarouge|77/100
|-resisted|p1a: Armarouge
|-damage|p1a: Armarouge|50/100
|-hitcount|p1a: Armarouge|2
|move|p1a: Armarouge|Expanding Force|p2a: Iron Crown
|-resisted|p2a: Iron Crown
|-damage|p2a: Iron Crown|80/100
|
|upkeep
|turn|3
|
|t:|1758927232
|-terastallize|p2a: Iron Crown|Steel
|move|p2a: Iron Crown|Tachyon Cutter|p1a: Armarouge
|-resisted|p1a: Armarouge
|-damage|p1a: Armarouge|18/100
|-resisted|p1a: Armarouge
|-damage|p1a: Armarouge|0 fnt
|faint|p1a: Armarouge
|-hitcount|p1: Armarouge|2
|
|upkeep
|
|t:|1758927233
|switch|p1a: Cresselia|Cresselia, F|100/100
|turn|4
|
|t:|1758927239
|move|p2a: Iron Crown|Tachyon Cutter|p1a: Cresselia
|-damage|p1a: Cresselia|70/100
|-damage|p1a: Cresselia|41/100
|-hitcount|p1a: Cresselia|2
|move|p1a: Cresselia|Thunder Wave|p2a: Iron Crown
|-status|p2a: Iron Crown|par
|
|upkeep
|turn|5
|
|t:|1758927247
|move|p1a: Cresselia|Lunar Dance|p1a: Cresselia
|faint|p1a: Cresselia
|cant|p2a: Iron Crown|par
|
|upkeep
|
|t:|1758927248
|switch|p1a: Gallade|Gallade, M|100/100
|turn|6
|
|t:|1758927255
|move|p1a: Gallade|Psycho Cut|p2a: Iron Crown
|-resisted|p2a: Iron Crown
|-damage|p2a: Iron Crown|42/100 par
|move|p2a: Iron Crown|Tachyon Cutter|p1a: Gallade
|-damage|p1a: Gallade|44/100
|-damage|p1a: Gallade|0 fnt
|faint|p1a: Gallade
|-hitcount|p1: Gallade|2
|
|upkeep
|
|t:|1758927257
|switch|p1a: Rabsca|Rabsca, M|100/100
|turn|7
|
|t:|1758927263
|move|p2a: Iron Crown|Tachyon Cutter|p1a: Rabsca
|-damage|p1a: Rabsca|54/100
|-crit|p1a: Rabsca
|-damage|p1a: Rabsca|0 fnt
|faint|p1a: Rabsca
|-hitcount|p1: Rabsca|2
|
|upkeep
|
|t:|1758927266
|switch|p1a: Espeon|Espeon, F|100/100
|turn|8
|
|t:|1758927272
|move|p1a: Espeon|Psychic Noise|p2a: Iron Crown
|-resisted|p2a: Iron Crown
|-damage|p2a: Iron Crown|20/100 par
|-start|p2a: Iron Crown|move: Heal Block
|move|p2a: Iron Crown|Tachyon Cutter|p1a: Espeon
|-damage|p1a: Espeon|50/100
|-damage|p1a: Espeon|0 fnt
|faint|p1a: Espeon
|-hitcount|p1: Espeon|2
|
|win|Shibuya Arc
|raw|Hunter_of_Keys's rating: 1548 &rarr; <strong>1526</strong><br />(-22 for losing)
|raw|Shibuya Arc's rating: 1520 &rarr; <strong>1542</strong><br />(+22 for winning)
|l|☆Shibuya Arc
|player|p2|
|l|‽Hunter_of_Keys
|player|p1|
