|j|☆thefunbegins
|j|☆clouddaearth
|t:|1759063448
|gametype|singles
|player|p1|thefunbegins|gentleman-gen4|1241
|player|p2|clouddaearth|265|1295
|gen|9
|tier|[Gen 9] OU
|rated|
|rule|HP Percentage Mod: HP is shown in percentages
|rule|Endless Battle Clause: Forcing endless battles is banned
|rule|Species Clause: Limit one of each Pokémon
|rule|OHKO Clause: OHKO moves are banned
|rule|Evasion Items Clause: Evasion items are banned
|rule|Evasion Moves Clause: Evasion moves are banned
|rule|Evasion Abilities Clause: Evasion abilities are banned
|rule|Sleep Moves Clause: Sleep-inducing moves are banned
|clearpoke
|poke|p1|Ambipom, M|
|poke|p1|Regidrago|
|poke|p1|Delphox, F|
|poke|p1|Registeel|
|poke|p1|Furret, M|
|poke|p1|Latios, M|
|poke|p2|Tauros-Paldea-Blaze, M|
|poke|p2|Vikavolt, M|
|poke|p2|Clefable, M|
|poke|p2|Houndstone, M|
|poke|p2|Hippowdon, F|
|poke|p2|Tentacruel, M|
|teampreview
|inactive|Battle timer is ON: inactive players will automatically lose when time's up. (requested by clouddaearth)
|
|t:|1759063458
|teamsize|p1|6
|teamsize|p2|6
|start
|switch|p1a: Delphox|Delphox, F|100/100
|switch|p2a: Vikavolt|Vikavolt, M|100/100
|turn|1
|
|t:|1759063474
|switch|p2a: Tauros|Tauros-Paldea-Blaze, M|100/100
|-ability|p2a: Tauros|Intimidate|boost
|-unboost|p1a: Delphox|atk|1
|-enditem|p1a: Delphox|Eject Pack
|
|t:|1759063481
|switch|p1a: Latios|Latios, M|100/100
|
|upkeep
|turn|2
|
|t:|1759063491
|switch|p2a: Clefable|Clefable, M|100/100
|move|p1a: Latios|Dragon Dance|p1a: Latios
|-boost|p1a: Latios|atk|1
|-boost|p1a: Latios|spe|1
|
|upkeep
|turn|3
|
|t:|1759063504
|switch|p1a: Ambipom|Ambipom, M|100/100
|move|p2a: Clefable|Moonblast|p1a: Ambipom
|-damage|p1a: Ambipom|31/100
|-unboost|p1a: Ambipom|spa|1
|
|upkeep
|turn|4
|
|t:|1759063514
|switch|p2a: Houndstone|Houndstone, M|100/100
|move|p1a: Ambipom|Fake Out|p2a: Houndstone
|-immune|p2a: Houndstone
|
|upkeep
|turn|5
|
|t:|1759063521
|switch|p1a: Registeel|Registeel|100/100
|switch|p2a: Hippowdon|Hippowdon, F|100/100
|-weather|Sandstorm|[from] ability: Sand Stream|[of] p2a: Hippowdon
|
|-weather|Sandstorm|[upkeep]
|upkeep
|turn|6
|
|t:|1759063529
|move|p2a: Hippowdon|Ice Fang|p1a: Registeel
|-resisted|p1a: Registeel
|-damage|p1a: Registeel|94/100
|move|p1a: Registeel|Stealth Rock|p2a: Hippowdon
|-sidestart|p2: clouddaearth|move: Stealth Rock
|
|-weather|Sandstorm|[upkeep]
|-heal|p1a: Registeel|99/100|[from] item: Leftovers
|upkeep
|turn|7
|
|t:|1759063537
|switch|p1a: Latios|Latios, M|100/100
|move|p2a: Hippowdon|Stealth Rock|p1a: Latios
|-sidestart|p1: thefunbegins|move: Stealth Rock
|
|-weather|Sandstorm|[upkeep]
|-damage|p1a: Latios|95/100|[from] Sandstorm
|upkeep
|turn|8
|
|t:|1759063547
|move|p1a: Latios|Zen Headbutt|p2a: Hippowdon|[miss]
|-miss|p1a: Latios|p2a: Hippowdon
|move|p2a: Hippowdon|Ice Fang|p1a: Latios
|-supereffective|p1a: Latios
|-damage|p1a: Latios|29/100
|
|-weather|Sandstorm|[upkeep]
|-damage|p1a: Latios|23/100|[from] Sandstorm
|upkeep
|turn|9
|
|t:|1759063557
|move|p1a: Latios|Zen Headbutt|p2a: Hippowdon
|-damage|p2a: Hippowdon|72/100
|move|p2a: Hippowdon|Ice Fang|p1a: Latios
|-supereffective|p1a: Latios
|-damage|p1a: Latios|0 fnt
|faint|p1a: Latios
|
|-weather|none
|upkeep
|
|t:|1759063567
|switch|p1a: Regidrago|Regidrago|100/100
|-damage|p1a: Regidrago|88/100|[from] Stealth Rock
|turn|10
|
|t:|1759063573
|switch|p2a: Clefable|Clefable, M|100/100
|-damage|p2a: Clefable|88/100|[from] Stealth Rock
|move|p1a: Regidrago|Draco Meteor|p2a: Clefable
|-immune|p2a: Clefable
|
|-heal|p2a: Clefable|94/100|[from] item: Leftovers
|upkeep
|turn|11
|
|t:|1759063583
|-terastallize|p1a: Regidrago|Steel
|move|p1a: Regidrago|Tera Blast|p2a: Clefable|[anim] Tera Blast Steel
|-supereffective|p2a: Clefable
|-damage|p2a: Clefable|27/100
|move|p2a: Clefable|Moonblast|p1a: Regidrago
|-resisted|p1a: Regidrago
|-damage|p1a: Regidrago|68/100
|-unboost|p1a: Regidrago|spa|1
|-enditem|p1a: Regidrago|Eject Pack
|
|t:|1759063593
|switch|p1a: Delphox|Delphox, F|100/100
|-damage|p1a: Delphox|76/100|[from] Stealth Rock
|
|-heal|p2a: Clefable|33/100|[from] item: Leftovers
|upkeep
|turn|12
|inactive|clouddaearth has 120 seconds left.
|
|t:|1759063625
|switch|p2a: Hippowdon|Hippowdon, F|72/100
|-damage|p2a: Hippowdon|65/100|[from] Stealth Rock
|-weather|Sandstorm|[from] ability: Sand Stream|[of] p2a: Hippowdon
|move|p1a: Delphox|Overheat|p2a: Hippowdon
|-crit|p2a: Hippowdon
|-damage|p2a: Hippowdon|0 fnt
|-unboost|p1a: Delphox|spa|2
|faint|p2a: Hippowdon
|-item|p1a: Delphox|Lum Berry|[from] ability: Magician|[of] p2: Hippowdon
|
|-weather|Sandstorm|[upkeep]
|-damage|p1a: Delphox|70/100|[from] Sandstorm
|upkeep
|
|t:|1759063627
|switch|p2a: Houndstone|Houndstone, M|100/100
|-damage|p2a: Houndstone|88/100|[from] Stealth Rock
|turn|13
|
|t:|1759063645
|-terastallize|p2a: Houndstone|Ghost
|move|p2a: Houndstone|Poltergeist|p1a: Delphox|[miss]
|-miss|p2a: Houndstone|p1a: Delphox
|move|p1a: Delphox|Psychic|p2a: Houndstone
|-damage|p2a: Houndstone|62/100
|
|-weather|Sandstorm|[upkeep]
|-damage|p1a: Delphox|63/100|[from] Sandstorm
|upkeep
|turn|14
|
|t:|1759063657
|switch|p1a: Furret|Furret, M, shiny|100/100
|-damage|p1a: Furret|88/100|[from] Stealth Rock
|move|p2a: Houndstone|Poltergeist|p1a: Furret
|-immune|p1a: Furret
|
|-weather|Sandstorm|[upkeep]
|-damage|p1a: Furret|82/100|[from] Sandstorm
|upkeep
|turn|15
|
|t:|1759063663
|move|p2a: Houndstone|Play Rough|p1a: Furret
|-damage|p1a: Furret|28/100
|-damage|p2a: Houndstone|52/100|[from] item: Life Orb
|move|p1a: Furret|Tidy Up|p1a: Furret
|-sideend|p1: thefunbegins|Stealth Rock
|-sideend|p2: clouddaearth|Stealth Rock
|-activate|p1a: Furret|move: Tidy Up
|-boost|p1a: Furret|atk|1
|-boost|p1a: Furret|spe|1
|
|-weather|Sandstorm|[upkeep]
|-damage|p1a: Furret|22/100|[from] Sandstorm
|upkeep
|turn|16
|
|t:|1759063672
|move|p2a: Houndstone|Play Rough|p1a: Furret
|-damage|p1a: Furret|0 fnt
|faint|p1a: Furret
|-damage|p2a: Houndstone|42/100|[from] item: Life Orb
|
|-weather|none
|upkeep
|
|t:|1759063677
|switch|p1a: Registeel|Registeel|99/100
|turn|17
|
|t:|1759063684
|move|p2a: Houndstone|Will-O-Wisp|p1a: Registeel
|-status|p1a: Registeel|brn
|move|p1a: Registeel|Stealth Rock|p2a: Houndstone
|-sidestart|p2: clouddaearth|move: Stealth Rock
|
|-heal|p1a: Registeel|100/100 brn|[from] item: Leftovers
|-damage|p1a: Registeel|94/100 brn|[from] brn
|upkeep
|turn|18
|
|t:|1759063693
|switch|p2a: Tentacruel|Tentacruel, M|100/100
|move|p1a: Registeel|Flash Cannon|p2a: Tentacruel
|-resisted|p2a: Tentacruel
|-damage|p2a: Tentacruel|90/100
|
|-heal|p1a: Registeel|100/100 brn|[from] item: Leftovers
|-damage|p1a: Registeel|94/100 brn|[from] brn
|upkeep
|turn|19
|
|t:|1759063698
|move|p2a: Tentacruel|Rapid Spin|p1a: Registeel
|-resisted|p1a: Registeel
|-damage|p1a: Registeel|92/100 brn
|-boost|p2a: Tentacruel|spe|1
|-sideend|p2: clouddaearth|Stealth Rock|[from] move: Rapid Spin|[of] p2a: Tentacruel
|move|p1a: Registeel|Thunder Wave|p2a: Tentacruel
|-status|p2a: Tentacruel|par
|
|-heal|p1a: Registeel|98/100 brn|[from] item: Leftovers
|-damage|p1a: Registeel|92/100 brn|[from] brn
|upkeep
|turn|20
|
|t:|1759063705
|move|p2a: Tentacruel|Toxic Spikes|p1a: Registeel
|-sidestart|p1: thefunbegins|move: Toxic Spikes
|move|p1a: Registeel|Thunderbolt|p2a: Tentacruel
|-supereffective|p2a: Tentacruel
|-damage|p2a: Tentacruel|56/100 par
|
|-heal|p1a: Registeel|98/100 brn|[from] item: Leftovers
|-damage|p1a: Registeel|92/100 brn|[from] brn
|upkeep
|turn|21
|
|t:|1759063715
|switch|p1a: Ambipom|Ambipom, M|31/100
|-status|p1a: Ambipom|psn
|move|p2a: Tentacruel|Toxic Spikes|p1a: Ambipom
|-sidestart|p1: thefunbegins|move: Toxic Spikes
|
|-damage|p1a: Ambipom|19/100 psn|[from] psn
|upkeep
|turn|22
|
|t:|1759063725
|move|p1a: Ambipom|Double Hit|p2a: Tentacruel
|-damage|p2a: Tentacruel|6/100 par
|-damage|p2a: Tentacruel|0 fnt
|faint|p2a: Tentacruel
|-hitcount|p2: Tentacruel|2
|-damage|p1a: Ambipom|9/100 psn|[from] item: Life Orb
|
|-damage|p1a: Ambipom|0 fnt|[from] psn
|faint|p1a: Ambipom
|upkeep
|
|t:|1759063737
|switch|p1a: Regidrago|Regidrago, tera:Steel|68/100
|switch|p2a: Tauros|Tauros-Paldea-Blaze, M|100/100
|-ability|p2a: Tauros|Intimidate|boost
|-unboost|p1a: Regidrago|atk|1
|turn|23
|
|t:|1759063753
|switch|p1a: Registeel|Registeel|92/100 brn
|move|p2a: Tauros|Close Combat|p1a: Registeel
|-supereffective|p1a: Registeel
|-damage|p1a: Registeel|28/100 brn
|-unboost|p2a: Tauros|def|1
|-unboost|p2a: Tauros|spd|1
|
|-heal|p1a: Registeel|34/100 brn|[from] item: Leftovers
|-damage|p1a: Registeel|28/100 brn|[from] brn
|upkeep
|turn|24
|
|t:|1759063760
|move|p2a: Tauros|Close Combat|p1a: Registeel
|-supereffective|p1a: Registeel
|-damage|p1a: Registeel|0 fnt
|-unboost|p2a: Tauros|def|1
|-unboost|p2a: Tauros|spd|1
|faint|p1a: Registeel
|
|upkeep
|
|t:|1759063762
|switch|p1a: Delphox|Delphox, F|63/100
|-status|p1a: Delphox|tox
|-enditem|p1a: Delphox|Lum Berry|[eat]
|-curestatus|p1a: Delphox|tox|[msg]
|turn|25
|
|t:|1759063778
|switch|p2a: Clefable|Clefable, M|33/100
|move|p1a: Delphox|Psychic|p2a: Clefable
|-damage|p2a: Clefable|0 fnt
|faint|p2a: Clefable
|-item|p1a: Delphox|Leftovers|[from] ability: Magician|[of] p2: Clefable
|
|-heal|p1a: Delphox|70/100|[from] item: Leftovers
|upkeep
|
|t:|1759063781
|switch|p2a: Houndstone|Houndstone, M, tera:Ghost|42/100
|turn|26
|
|t:|1759063789
|switch|p1a: Regidrago|Regidrago, tera:Steel|68/100
|move|p2a: Houndstone|Shadow Sneak|p1a: Regidrago
|-damage|p1a: Regidrago|34/100
|-damage|p2a: Houndstone|32/100|[from] item: Life Orb
|
|upkeep
|turn|27
|
|t:|1759063800
|move|p2a: Houndstone|Shadow Sneak|p1a: Regidrago
|-damage|p1a: Regidrago|0 fnt
|faint|p1a: Regidrago
|-damage|p2a: Houndstone|23/100|[from] item: Life Orb
|
|upkeep
|
|t:|1759063803
|switch|p1a: Delphox|Delphox, F|70/100
|-status|p1a: Delphox|tox
|turn|28
|
|t:|1759063807
|move|p2a: Houndstone|Shadow Sneak|p1a: Delphox
|-supereffective|p1a: Delphox
|-damage|p1a: Delphox|0 fnt
|faint|p1a: Delphox
|-damage|p2a: Houndstone|13/100|[from] item: Life Orb
|
|win|clouddaearth
|raw|thefunbegins's rating: 1241 &rarr; <strong>1220</strong><br />(-21 for losing)
|raw|clouddaearth's rating: 1295 &rarr; <strong>1316</strong><br />(+21 for winning)
|l|☆thefunbegins
|player|p1|
|l|☆clouddaearth
|player|p2|
