|j|☆TrentMercer
|j|☆hungrymane
|t:|1758937664
|gametype|singles
|player|p1|TrentMercer|n|1663
|player|p2|hungrymane|169|1759
|gen|9
|tier|[Gen 9] OU
|rated|
|rule|HP Percentage Mod: HP is shown in percentages
|rule|Endless Battle Clause: Forcing endless battles is banned
|rule|Species Clause: Limit one of each Pokémon
|rule|OHKO Clause: OHKO moves are banned
|rule|Evasion Items Clause: Evasion items are banned
|rule|Evasion Moves Clause: Evasion moves are banned
|rule|Evasion Abilities Clause: Evasion abilities are banned
|rule|Sleep Moves Clause: Sleep-inducing moves are banned
|clearpoke
|poke|p1|Great Tusk|
|poke|p1|Slowking-Galar, M|
|poke|p1|Cinderace, M|
|poke|p1|Crawdaunt, M|
|poke|p1|Zapdos|
|poke|p1|Gholdengo|
|poke|p2|Torkoal, M|
|poke|p2|Whimsicott, M|
|poke|p2|Cinderace, F|
|poke|p2|Walking Wake|
|poke|p2|Sandy Shocks|
|poke|p2|Great Tusk|
|teampreview
|
|t:|1758937675
|teamsize|p1|6
|teamsize|p2|6
|start
|switch|p1a: Slowking|Slowking-Galar, M|100/100
|switch|p2a: Walking Wake|Walking Wake|100/100
|turn|1
|inactive|Battle timer is ON: inactive players will automatically lose when time's up. (requested by TrentMercer)
|
|t:|1758937684
|-end|p2a: Walking Wake|Protosynthesis|[silent]
|switch|p2a: Great Tusk|Great Tusk|100/100
|move|p1a: Slowking|Sludge Bomb|p2a: Great Tusk
|-resisted|p2a: Great Tusk
|-damage|p2a: Great Tusk|85/100
|
|upkeep
|turn|2
|
|t:|1758937692
|-end|p2a: Great Tusk|Protosynthesis|[silent]
|switch|p2a: Torkoal|Torkoal, M|100/100
|-weather|SunnyDay|[from] ability: Drought|[of] p2a: Torkoal
|switch|p1a: Zapdos|Zapdos|100/100
|
|-weather|SunnyDay|[upkeep]
|upkeep
|turn|3
|
|t:|1758937701
|switch|p2a: Sandy Shocks|Sandy Shocks|100/100
|-activate|p2a: Sandy Shocks|ability: Protosynthesis
|-start|p2a: Sandy Shocks|protosynthesisspa
|move|p1a: Zapdos|Volt Switch|p2a: Sandy Shocks
|-immune|p2a: Sandy Shocks
|
|-weather|SunnyDay|[upkeep]
|upkeep
|turn|4
|
|t:|1758937708
|-terastallize|p2a: Sandy Shocks|Fire
|move|p2a: Sandy Shocks|Tera Blast|p1a: Zapdos|[anim] Tera Blast Fire
|-damage|p1a: Zapdos|0 fnt
|faint|p1a: Zapdos
|
|-weather|SunnyDay|[upkeep]
|upkeep
|
|t:|1758937735
|switch|p1a: Cinderace|Cinderace, M|100/100
|turn|5
|
|t:|1758937739
|-end|p2a: Sandy Shocks|Protosynthesis|[silent]
|switch|p2a: Walking Wake|Walking Wake|100/100
|-activate|p2a: Walking Wake|ability: Protosynthesis
|-start|p2a: Walking Wake|protosynthesisspa
|move|p1a: Cinderace|High Jump Kick|p2a: Walking Wake
|-start|p1a: Cinderace|typechange|Fighting|[from] ability: Libero
|-damage|p2a: Walking Wake|46/100
|-damage|p1a: Cinderace|84/100|[from] item: Rocky Helmet|[of] p2a: Walking Wake
|
|-weather|SunnyDay|[upkeep]
|upkeep
|turn|6
|
|t:|1758937753
|-end|p2a: Walking Wake|Protosynthesis|[silent]
|switch|p2a: Great Tusk|Great Tusk|85/100
|-activate|p2a: Great Tusk|ability: Protosynthesis
|-start|p2a: Great Tusk|protosynthesisdef
|move|p1a: Cinderace|High Jump Kick|p2a: Great Tusk
|-damage|p2a: Great Tusk|54/100
|
|-weather|SunnyDay|[upkeep]
|upkeep
|turn|7
|
|t:|1758937762
|switch|p1a: Great Tusk|Great Tusk|100/100
|-activate|p1a: Great Tusk|ability: Protosynthesis
|-start|p1a: Great Tusk|protosynthesisatk
|move|p2a: Great Tusk|Headlong Rush|p1a: Great Tusk
|-damage|p1a: Great Tusk|59/100
|-unboost|p2a: Great Tusk|def|1
|-unboost|p2a: Great Tusk|spd|1
|
|-weather|SunnyDay|[upkeep]
|upkeep
|turn|8
|
|t:|1758937774
|move|p1a: Great Tusk|Stealth Rock|p2a: Great Tusk
|-sidestart|p2: hungrymane|move: Stealth Rock
|move|p2a: Great Tusk|Headlong Rush|p1a: Great Tusk
|-damage|p1a: Great Tusk|20/100
|-unboost|p2a: Great Tusk|def|1
|-unboost|p2a: Great Tusk|spd|1
|
|-weather|SunnyDay|[upkeep]
|upkeep
|turn|9
|
|t:|1758937779
|move|p1a: Great Tusk|Ice Spinner|p2a: Great Tusk
|-supereffective|p2a: Great Tusk
|-damage|p2a: Great Tusk|0 fnt
|faint|p2a: Great Tusk
|-end|p2a: Great Tusk|Protosynthesis|[silent]
|
|-weather|none
|-end|p1a: Great Tusk|Protosynthesis
|upkeep
|-enditem|p1a: Great Tusk|Booster Energy
|-activate|p1a: Great Tusk|ability: Protosynthesis|[fromitem]
|-start|p1a: Great Tusk|protosynthesisatk
|
|t:|1758937784
|switch|p2a: Cinderace|Cinderace, F|100/100
|turn|10
|
|t:|1758937798
|move|p2a: Cinderace|Pyro Ball|p1a: Great Tusk
|-damage|p1a: Great Tusk|0 fnt
|faint|p1a: Great Tusk
|-end|p1a: Great Tusk|Protosynthesis|[silent]
|
|upkeep
|
|t:|1758937801
|switch|p1a: Crawdaunt|Crawdaunt, M|100/100
|turn|11
|
|t:|1758937811
|switch|p2a: Walking Wake|Walking Wake|46/100
|-damage|p2a: Walking Wake|34/100|[from] Stealth Rock
|move|p1a: Crawdaunt|Aqua Jet|p2a: Walking Wake
|-resisted|p2a: Walking Wake
|-damage|p2a: Walking Wake|23/100
|-damage|p1a: Crawdaunt|84/100|[from] item: Rocky Helmet|[of] p2a: Walking Wake
|
|upkeep
|turn|12
|j| FaronAan
|
|t:|1758937819
|switch|p1a: Slowking|Slowking-Galar, M|100/100
|move|p2a: Walking Wake|Flip Turn|p1a: Slowking
|-damage|p1a: Slowking|85/100
|
|t:|1758937824
|-end|p2a: Walking Wake|Protosynthesis|[silent]
|switch|p2a: Cinderace|Cinderace, F|100/100|[from] Flip Turn
|
|upkeep
|turn|13
|
|t:|1758937828
|move|p2a: Cinderace|Court Change|p2a: Cinderace
|-swapsideconditions
|-activate|p2a: Cinderace|move: Court Change
|move|p1a: Slowking|Sludge Bomb|p2a: Cinderace
|-damage|p2a: Cinderace|44/100
|-status|p2a: Cinderace|psn
|
|-damage|p2a: Cinderace|31/100 psn|[from] psn
|upkeep
|turn|14
|
|t:|1758937835
|switch|p1a: Cinderace|Cinderace, M|84/100
|move|p2a: Cinderace|Pyro Ball|p1a: Cinderace|[miss]
|-miss|p2a: Cinderace|p1a: Cinderace
|
|-damage|p2a: Cinderace|19/100 psn|[from] psn
|upkeep
|turn|15
|
|t:|1758937840
|move|p1a: Cinderace|Court Change|p1a: Cinderace
|-start|p1a: Cinderace|typechange|Normal|[from] ability: Libero
|-swapsideconditions
|-activate|p1a: Cinderace|move: Court Change
|move|p2a: Cinderace|Pyro Ball|p1a: Cinderace
|-damage|p1a: Cinderace|0 fnt
|faint|p1a: Cinderace
|
|-damage|p2a: Cinderace|6/100 psn|[from] psn
|upkeep
|
|t:|1758937851
|switch|p1a: Gholdengo|Gholdengo|100/100
|turn|16
|
|t:|1758937863
|move|p1a: Gholdengo|Shadow Ball|p2a: Cinderace
|-damage|p2a: Cinderace|0 fnt
|faint|p2a: Cinderace
|
|upkeep
|
|t:|1758937873
|switch|p2a: Torkoal|Torkoal, M|100/100
|-damage|p2a: Torkoal|75/100|[from] Stealth Rock
|-weather|SunnyDay|[from] ability: Drought|[of] p2a: Torkoal
|turn|17
|
|t:|1758937881
|switch|p1a: Slowking|Slowking-Galar, M|100/100
|move|p2a: Torkoal|Lava Plume|p1a: Slowking
|-damage|p1a: Slowking|82/100
|
|-weather|SunnyDay|[upkeep]
|upkeep
|turn|18
|
|t:|1758937888
|move|p1a: Slowking|Psyshock|p2a: Torkoal
|-damage|p2a: Torkoal|48/100
|move|p2a: Torkoal|Sunny Day||[still]
|-fail|p2a: Torkoal
|
|-weather|SunnyDay|[upkeep]
|upkeep
|turn|19
|
|t:|1758937893
|move|p1a: Slowking|Psyshock|p2a: Torkoal
|-damage|p2a: Torkoal|25/100
|move|p2a: Torkoal|Rapid Spin|p1a: Slowking
|-damage|p1a: Slowking|72/100
|-boost|p2a: Torkoal|spe|1
|-sideend|p2: hungrymane|Stealth Rock|[from] move: Rapid Spin|[of] p2a: Torkoal
|
|-weather|SunnyDay|[upkeep]
|upkeep
|turn|20
|
|t:|1758937901
|switch|p2a: Sandy Shocks|Sandy Shocks, tera:Fire|100/100
|-activate|p2a: Sandy Shocks|ability: Protosynthesis
|-start|p2a: Sandy Shocks|protosynthesisspa
|move|p1a: Slowking|Sludge Bomb|p2a: Sandy Shocks
|-damage|p2a: Sandy Shocks|50/100
|
|-weather|SunnyDay|[upkeep]
|upkeep
|turn|21
|
|t:|1758937918
|-terastallize|p1a: Slowking|Water
|move|p2a: Sandy Shocks|Earth Power|p1a: Slowking
|-damage|p1a: Slowking|28/100
|move|p1a: Slowking|Sludge Bomb|p2a: Sandy Shocks
|-damage|p2a: Sandy Shocks|0 fnt
|faint|p2a: Sandy Shocks
|-end|p2a: Sandy Shocks|Protosynthesis|[silent]
|
|-weather|SunnyDay|[upkeep]
|upkeep
|
|t:|1758937927
|switch|p2a: Whimsicott|Whimsicott, M|100/100
|turn|22
|
|t:|1758937932
|switch|p1a: Gholdengo|Gholdengo|100/100
|move|p2a: Whimsicott|Shadow Ball|p1a: Gholdengo
|-supereffective|p1a: Gholdengo
|-damage|p1a: Gholdengo|22/100
|-unboost|p1a: Gholdengo|spd|1
|
|-weather|SunnyDay|[upkeep]
|upkeep
|turn|23
|
|t:|1758937943
|switch|p2a: Walking Wake|Walking Wake|23/100
|-activate|p2a: Walking Wake|ability: Protosynthesis
|-start|p2a: Walking Wake|protosynthesisspa
|move|p1a: Gholdengo|Make It Rain|p2a: Walking Wake
|-resisted|p2a: Walking Wake
|-damage|p2a: Walking Wake|0 fnt
|-unboost|p1a: Gholdengo|spa|1
|faint|p2a: Walking Wake
|-end|p2a: Walking Wake|Protosynthesis|[silent]
|
|-weather|SunnyDay|[upkeep]
|upkeep
|
|t:|1758937944
|switch|p2a: Whimsicott|Whimsicott, M|100/100
|turn|24
|
|t:|1758937947
|move|p2a: Whimsicott|Solar Beam||[still]
|-prepare|p2a: Whimsicott|Solar Beam
|-anim|p2a: Whimsicott|Solar Beam|p1a: Gholdengo
|-resisted|p1a: Gholdengo
|-damage|p1a: Gholdengo|0 fnt
|faint|p1a: Gholdengo
|
|-weather|none
|upkeep
|
|t:|1758937958
|switch|p1a: Slowking|Slowking-Galar, M, tera:Water|61/100
|turn|25
|
|t:|1758937962
|move|p2a: Whimsicott|Solar Beam||[still]
|-prepare|p2a: Whimsicott|Solar Beam
|move|p1a: Slowking|Sludge Bomb|p2a: Whimsicott
|-supereffective|p2a: Whimsicott
|-damage|p2a: Whimsicott|0 fnt
|faint|p2a: Whimsicott
|
|upkeep
|-message|hungrymane forfeited.
|
|win|TrentMercer
|raw|TrentMercer's rating: 1663 &rarr; <strong>1688</strong><br />(+25 for winning)
|raw|hungrymane's rating: 1759 &rarr; <strong>1734</strong><br />(-25 for losing)
|l|☆hungrymane
|player|p2|
|l| FaronAan
|l|☆TrentMercer
|player|p1|
