|j|☆LousiV
|j|☆madermen
|t:|1759019445
|gametype|singles
|player|p1|LousiV|ltsurge|1266
|player|p2|madermen|jasmine|1240
|gen|9
|tier|[Gen 9] OU
|rated|
|rule|HP Percentage Mod: HP is shown in percentages
|rule|Endless Battle Clause: Forcing endless battles is banned
|rule|Species Clause: Limit one of each Pokémon
|rule|OHKO Clause: OHKO moves are banned
|rule|Evasion Items Clause: Evasion items are banned
|rule|Evasion Moves Clause: Evasion moves are banned
|rule|Evasion Abilities Clause: Evasion abilities are banned
|rule|Sleep Moves Clause: Sleep-inducing moves are banned
|clearpoke
|poke|p1|Reuniclus, F|
|poke|p1|Conkeldurr, M|
|poke|p1|Thundurus, M|
|poke|p1|Dusknoir, M|
|poke|p1|Forretress, M|
|poke|p1|Azumarill, F|
|poke|p2|Scizor, M|
|poke|p2|Heatran, M|
|poke|p2|Rotom-Wash|
|poke|p2|Vileplume, M|
|poke|p2|Rampardos, M|
|poke|p2|Gliscor, M|
|teampreview
|inactive|Battle timer is ON: inactive players will automatically lose when time's up. (requested by madermen)
|
|t:|1759019452
|teamsize|p1|6
|teamsize|p2|6
|start
|switch|p1a: Dusknoir|Dusknoir, M|100/100
|switch|p2a: Scizor|Scizor, M|100/100
|-ability|p1a: Dusknoir|Pressure
|turn|1
|
|t:|1759019459
|move|p2a: Scizor|Knock Off|p1a: Dusknoir
|-supereffective|p1a: Dusknoir
|-damage|p1a: Dusknoir|34/100
|-enditem|p1a: Dusknoir|Leftovers|[from] move: Knock Off|[of] p2a: Scizor
|move|p1a: Dusknoir|Will-O-Wisp|p2a: Scizor
|-status|p2a: Scizor|brn
|
|-damage|p2a: Scizor|94/100 brn|[from] brn
|upkeep
|turn|2
|
|t:|1759019464
|move|p2a: Scizor|U-turn|p1a: Dusknoir
|-resisted|p1a: Dusknoir
|-damage|p1a: Dusknoir|25/100
|
|t:|1759019468
|switch|p2a: Gliscor|Gliscor, M|100/100|[from] U-turn
|move|p1a: Dusknoir|Trick Room|p1a: Dusknoir
|-fieldstart|move: Trick Room|[of] p1a: Dusknoir
|
|-status|p2a: Gliscor|tox|[from] item: Toxic Orb
|upkeep
|turn|3
|
|t:|1759019475
|move|p1a: Dusknoir|Pain Split|p2a: Gliscor
|-sethp|p2a: Gliscor|61/100 tox|[from] move: Pain Split|[silent]
|-sethp|p1a: Dusknoir|73/100|[from] move: Pain Split
|move|p2a: Gliscor|Spikes|p1a: Dusknoir
|-sidestart|p1: LousiV|Spikes
|
|-heal|p2a: Gliscor|73/100 tox|[from] ability: Poison Heal
|upkeep
|turn|4
|
|t:|1759019480
|move|p1a: Dusknoir|Poltergeist|p2a: Gliscor
|-activate|p2a: Gliscor|move: Poltergeist|Toxic Orb
|-damage|p2a: Gliscor|49/100 tox
|move|p2a: Gliscor|Spikes|p1a: Dusknoir
|-sidestart|p1: LousiV|Spikes
|
|-heal|p2a: Gliscor|62/100 tox|[from] ability: Poison Heal
|upkeep
|turn|5
|
|t:|1759019484
|switch|p1a: Forretress|Forretress, M|100/100
|-damage|p1a: Forretress|84/100|[from] Spikes
|move|p2a: Gliscor|Spikes|p1a: Forretress
|-sidestart|p1: LousiV|Spikes
|
|-heal|p1a: Forretress|90/100|[from] item: Leftovers
|-heal|p2a: Gliscor|74/100 tox|[from] ability: Poison Heal
|upkeep
|turn|6
|
|t:|1759019488
|move|p1a: Forretress|Rapid Spin|p2a: Gliscor
|-damage|p2a: Gliscor|68/100 tox
|-boost|p1a: Forretress|spe|1
|-sideend|p1: LousiV|Spikes|[from] move: Rapid Spin|[of] p1a: Forretress
|move|p2a: Gliscor|Knock Off|p1a: Forretress
|-crit|p1a: Forretress
|-damage|p1a: Forretress|73/100
|-enditem|p1a: Forretress|Leftovers|[from] move: Knock Off|[of] p2a: Gliscor
|
|-heal|p2a: Gliscor|80/100 tox|[from] ability: Poison Heal
|-fieldend|move: Trick Room
|upkeep
|turn|7
|
|t:|1759019493
|move|p2a: Gliscor|U-turn|p1a: Forretress
|-resisted|p1a: Forretress
|-damage|p1a: Forretress|69/100
|
|t:|1759019495
|switch|p2a: Vileplume|Vileplume, M|100/100|[from] U-turn
|move|p1a: Forretress|Stealth Rock|p2a: Vileplume
|-sidestart|p2: madermen|move: Stealth Rock
|
|upkeep
|turn|8
|
|t:|1759019501
|switch|p2a: Rotom|Rotom-Wash|100/100
|-damage|p2a: Rotom|88/100|[from] Stealth Rock
|move|p1a: Forretress|Volt Switch|p2a: Rotom
|-damage|p2a: Rotom|79/100
|
|t:|1759019504
|switch|p1a: Dusknoir|Dusknoir, M|73/100|[from] Volt Switch
|-ability|p1a: Dusknoir|Pressure
|
|-heal|p2a: Rotom|86/100|[from] item: Leftovers
|upkeep
|turn|9
|
|t:|1759019510
|move|p2a: Rotom|Volt Switch|p1a: Dusknoir
|-damage|p1a: Dusknoir|57/100
|
|t:|1759019520
|switch|p2a: Gliscor|Gliscor, M|80/100 tox|[from] Volt Switch
|-damage|p2a: Gliscor|68/100 tox|[from] Stealth Rock
|move|p1a: Dusknoir|Trick Room|p1a: Dusknoir
|-fieldstart|move: Trick Room|[of] p1a: Dusknoir
|
|-heal|p2a: Gliscor|80/100 tox|[from] ability: Poison Heal
|upkeep
|turn|10
|
|t:|1759019533
|switch|p1a: Azumarill|Azumarill, F|100/100
|move|p2a: Gliscor|Knock Off|p1a: Azumarill
|-resisted|p1a: Azumarill
|-damage|p1a: Azumarill|90/100
|-enditem|p1a: Azumarill|Choice Band|[from] move: Knock Off|[of] p2a: Gliscor
|
|-heal|p2a: Gliscor|93/100 tox|[from] ability: Poison Heal
|upkeep
|turn|11
|
|t:|1759019538
|switch|p2a: Vileplume|Vileplume, M|100/100
|-damage|p2a: Vileplume|88/100|[from] Stealth Rock
|move|p1a: Azumarill|Liquidation|p2a: Vileplume
|-resisted|p2a: Vileplume
|-damage|p2a: Vileplume|59/100
|
|-heal|p2a: Vileplume|65/100|[from] item: Leftovers
|upkeep
|turn|12
|
|t:|1759019551
|move|p1a: Azumarill|Knock Off|p2a: Vileplume
|-damage|p2a: Vileplume|27/100
|-enditem|p2a: Vileplume|Leftovers|[from] move: Knock Off|[of] p1a: Azumarill
|move|p2a: Vileplume|Strength Sap|p1a: Azumarill
|-unboost|p1a: Azumarill|atk|1
|-heal|p2a: Vileplume|88/100
|
|upkeep
|turn|13
|
|t:|1759019559
|switch|p1a: Reuniclus|Reuniclus, F|100/100
|move|p2a: Vileplume|Sludge Bomb|p1a: Reuniclus
|-damage|p1a: Reuniclus|78/100
|
|-fieldend|move: Trick Room
|upkeep
|turn|14
|
|t:|1759019567
|switch|p2a: Scizor|Scizor, M|94/100 brn
|move|p1a: Reuniclus|Trick Room|p1a: Reuniclus
|-fieldstart|move: Trick Room|[of] p1a: Reuniclus
|
|-damage|p2a: Scizor|88/100 brn|[from] brn
|upkeep
|turn|15
|
|t:|1759019571
|move|p1a: Reuniclus|Focus Blast|p2a: Scizor|[miss]
|-miss|p1a: Reuniclus|p2a: Scizor
|move|p2a: Scizor|Defog|p1a: Reuniclus
|-unboost|p1a: Reuniclus|evasion|1
|-sideend|p2: madermen|Stealth Rock|[from] move: Defog|[of] p2a: Scizor
|
|-damage|p2a: Scizor|82/100 brn|[from] brn
|upkeep
|turn|16
|
|t:|1759019575
|move|p1a: Reuniclus|Focus Blast|p2a: Scizor|[miss]
|-miss|p1a: Reuniclus|p2a: Scizor
|move|p2a: Scizor|U-turn|p1a: Reuniclus
|-supereffective|p1a: Reuniclus
|-damage|p1a: Reuniclus|34/100
|
|t:|1759019579
|switch|p2a: Gliscor|Gliscor, M|93/100 tox|[from] U-turn
|
|-heal|p2a: Gliscor|100/100 tox|[from] ability: Poison Heal
|upkeep
|turn|17
|
|t:|1759019587
|move|p1a: Reuniclus|Recover|p1a: Reuniclus
|-heal|p1a: Reuniclus|84/100
|move|p2a: Gliscor|U-turn|p1a: Reuniclus
|-supereffective|p1a: Reuniclus
|-damage|p1a: Reuniclus|55/100
|
|t:|1759019593
|switch|p2a: Heatran|Heatran, M|100/100|[from] U-turn
|
|upkeep
|turn|18
|
|t:|1759019598
|move|p1a: Reuniclus|Focus Blast|p2a: Heatran
|-supereffective|p2a: Heatran
|-damage|p2a: Heatran|42/100
|move|p2a: Heatran|Magma Storm|p1a: Reuniclus
|-damage|p1a: Reuniclus|26/100
|-activate|p1a: Reuniclus|move: Magma Storm|[of] p2a: Heatran
|
|-heal|p2a: Heatran|49/100|[from] item: Leftovers
|-fieldend|move: Trick Room
|upkeep
|turn|19
|
|t:|1759019608
|move|p2a: Heatran|Magma Storm|p1a: Reuniclus
|-damage|p1a: Reuniclus|0 fnt
|faint|p1a: Reuniclus
|
|-heal|p2a: Heatran|55/100|[from] item: Leftovers
|upkeep
|
|t:|1759019612
|switch|p1a: Dusknoir|Dusknoir, M|57/100
|-ability|p1a: Dusknoir|Pressure
|turn|20
|
|t:|1759019617
|move|p2a: Heatran|Taunt|p1a: Dusknoir
|-start|p1a: Dusknoir|move: Taunt
|cant|p1a: Dusknoir|move: Taunt|Trick Room
|
|-heal|p2a: Heatran|61/100|[from] item: Leftovers
|upkeep
|turn|21
|
|t:|1759019623
|switch|p1a: Azumarill|Azumarill, F|90/100
|move|p2a: Heatran|Magma Storm|p1a: Azumarill
|-resisted|p1a: Azumarill
|-damage|p1a: Azumarill|67/100
|-activate|p1a: Azumarill|move: Magma Storm|[of] p2a: Heatran
|
|-heal|p2a: Heatran|67/100|[from] item: Leftovers
|-damage|p1a: Azumarill|54/100|[from] move: Magma Storm|[partiallytrapped]
|upkeep
|turn|22
|
|t:|1759019630
|switch|p2a: Vileplume|Vileplume, M|88/100
|move|p1a: Azumarill|Liquidation|p2a: Vileplume
|-resisted|p2a: Vileplume
|-damage|p2a: Vileplume|63/100
|
|-end|p1a: Azumarill|Magma Storm|[partiallytrapped]|[silent]
|upkeep
|turn|23
|
|t:|1759019639
|switch|p1a: Forretress|Forretress, M|69/100
|move|p2a: Vileplume|Strength Sap|p1a: Forretress
|-unboost|p1a: Forretress|atk|1
|-heal|p2a: Vileplume|100/100
|
|upkeep
|turn|24
|
|t:|1759019645
|switch|p2a: Heatran|Heatran, M|67/100
|move|p1a: Forretress|Stealth Rock|p2a: Heatran
|-sidestart|p2: madermen|move: Stealth Rock
|
|-heal|p2a: Heatran|74/100|[from] item: Leftovers
|upkeep
|turn|25
|
|t:|1759019648
|move|p2a: Heatran|Magma Storm|p1a: Forretress
|-supereffective|p1a: Forretress
|-damage|p1a: Forretress|0 fnt
|faint|p1a: Forretress
|
|-heal|p2a: Heatran|80/100|[from] item: Leftovers
|upkeep
|
|t:|1759019652
|switch|p1a: Azumarill|Azumarill, F|54/100
|turn|26
|
|t:|1759019655
|switch|p2a: Vileplume|Vileplume, M|100/100
|-damage|p2a: Vileplume|88/100|[from] Stealth Rock
|move|p1a: Azumarill|Knock Off|p2a: Vileplume
|-damage|p2a: Vileplume|62/100
|
|upkeep
|turn|27
|
|t:|1759019663
|switch|p1a: Conkeldurr|Conkeldurr, M|100/100
|move|p2a: Vileplume|Strength Sap|p1a: Conkeldurr
|-unboost|p1a: Conkeldurr|atk|1
|-heal|p2a: Vileplume|100/100
|
|-status|p1a: Conkeldurr|brn|[from] item: Flame Orb
|upkeep
|turn|28
|
|t:|1759019670
|move|p2a: Vileplume|Moonblast|p1a: Conkeldurr
|-supereffective|p1a: Conkeldurr
|-damage|p1a: Conkeldurr|49/100 brn
|move|p1a: Conkeldurr|Facade|p2a: Vileplume
|-damage|p2a: Vileplume|44/100
|
|-damage|p1a: Conkeldurr|43/100 brn|[from] brn
|upkeep
|turn|29
|
|t:|1759019677
|switch|p1a: Thundurus|Thundurus, M|100/100
|move|p2a: Vileplume|Strength Sap|p1a: Thundurus
|-unboost|p1a: Thundurus|atk|1
|-heal|p2a: Vileplume|100/100
|
|upkeep
|turn|30
|
|t:|1759019681
|move|p1a: Thundurus|Thunder Wave|p2a: Vileplume
|-status|p2a: Vileplume|par
|cant|p2a: Vileplume|par
|
|upkeep
|turn|31
|
|t:|1759019686
|move|p1a: Thundurus|Substitute|p1a: Thundurus
|-start|p1a: Thundurus|Substitute
|-damage|p1a: Thundurus|76/100
|move|p2a: Vileplume|Toxic||[still]
|-fail|p2a: Vileplume
|
|upkeep
|turn|32
|
|t:|1759019691
|move|p1a: Thundurus|Grass Knot|p2a: Vileplume
|-resisted|p2a: Vileplume
|-damage|p2a: Vileplume|98/100 par
|move|p2a: Vileplume|Sludge Bomb|p1a: Thundurus
|-end|p1a: Thundurus|Substitute
|
|upkeep
|turn|33
|
|t:|1759019697
|move|p1a: Thundurus|Volt Switch|p2a: Vileplume
|-resisted|p2a: Vileplume
|-damage|p2a: Vileplume|83/100 par
|
|t:|1759019701
|switch|p1a: Conkeldurr|Conkeldurr, M|43/100 brn|[from] Volt Switch
|move|p2a: Vileplume|Sludge Bomb|p1a: Conkeldurr
|-damage|p1a: Conkeldurr|0 fnt
|faint|p1a: Conkeldurr
|
|upkeep
|
|t:|1759019702
|switch|p1a: Dusknoir|Dusknoir, M|57/100
|-ability|p1a: Dusknoir|Pressure
|turn|34
|
|t:|1759019705
|cant|p2a: Vileplume|par
|move|p1a: Dusknoir|Trick Room|p1a: Dusknoir
|-fieldstart|move: Trick Room|[of] p1a: Dusknoir
|
|upkeep
|turn|35
|
|t:|1759019710
|move|p2a: Vileplume|Sludge Bomb|p1a: Dusknoir
|-resisted|p1a: Dusknoir
|-damage|p1a: Dusknoir|47/100
|-status|p1a: Dusknoir|psn
|move|p1a: Dusknoir|Poltergeist||[still]
|-fail|p1a: Dusknoir
|
|-damage|p1a: Dusknoir|35/100 psn|[from] psn
|upkeep
|turn|36
|
|t:|1759019716
|move|p2a: Vileplume|Sludge Bomb|p1a: Dusknoir
|-resisted|p1a: Dusknoir
|-damage|p1a: Dusknoir|23/100 psn
|move|p1a: Dusknoir|Pain Split|p2a: Vileplume
|-sethp|p2a: Vileplume|51/100 par|[from] move: Pain Split|[silent]
|-sethp|p1a: Dusknoir|61/100 psn|[from] move: Pain Split
|
|-damage|p1a: Dusknoir|49/100 psn|[from] psn
|upkeep
|turn|37
|-message|LousiV forfeited.
|
|win|madermen
|raw|LousiV's rating: 1266 &rarr; <strong>1239</strong><br />(-27 for losing)
|raw|madermen's rating: 1240 &rarr; <strong>1267</strong><br />(+27 for winning)
|l|☆LousiV
|player|p1|
|l|☆madermen
|player|p2|
