|j|☆heatraniac
|j|☆Blaziken666
|t:|1758967558
|gametype|singles
|player|p1|heatraniac|miku-flying|1588
|player|p2|Blaziken666|265|1568
|gen|9
|tier|[Gen 9] OU
|rated|
|rule|HP Percentage Mod: HP is shown in percentages
|rule|Endless Battle Clause: Forcing endless battles is banned
|rule|Species Clause: Limit one of each Pokémon
|rule|OHKO Clause: OHKO moves are banned
|rule|Evasion Items Clause: Evasion items are banned
|rule|Evasion Moves Clause: Evasion moves are banned
|rule|Evasion Abilities Clause: Evasion abilities are banned
|rule|Sleep Moves Clause: Sleep-inducing moves are banned
|clearpoke
|poke|p1|Dondozo, M|
|poke|p1|Blissey, F|
|poke|p1|Corviknight, M|
|poke|p1|Weezing-Galar, F|
|poke|p1|Gliscor, M|
|poke|p1|Toxapex, M|
|poke|p2|Blaziken, M|
|poke|p2|Deoxys-Speed|
|poke|p2|Dragonite, F|
|poke|p2|Gyarados, M|
|poke|p2|Excadrill, M|
|poke|p2|Grimmsnarl, M|
|teampreview
|inactive|Battle timer is ON: inactive players will automatically lose when time's up. (requested by heatraniac)
|
|t:|1758967571
|teamsize|p1|6
|teamsize|p2|6
|start
|switch|p1a: Gliscor|Gliscor, M|100/100
|switch|p2a: Deoxys|Deoxys-Speed, shiny|100/100
|-ability|p2a: Deoxys|Pressure
|turn|1
|
|t:|1758967573
|move|p1a: Gliscor|Protect|p1a: Gliscor
|-singleturn|p1a: Gliscor|Protect
|move|p2a: Deoxys|Stealth Rock|p1a: Gliscor
|-sidestart|p1: heatraniac|move: Stealth Rock
|
|-status|p1a: Gliscor|tox|[from] item: Toxic Orb
|upkeep
|turn|2
|
|t:|1758967582
|switch|p1a: Blissey|Blissey, F|100/100
|-damage|p1a: Blissey|88/100|[from] Stealth Rock
|move|p2a: Deoxys|Psycho Boost|p1a: Blissey|[miss]
|-miss|p2a: Deoxys|p1a: Blissey
|
|-heal|p1a: Blissey|94/100|[from] item: Leftovers
|upkeep
|turn|3
|
|t:|1758967601
|switch|p2a: Grimmsnarl|Grimmsnarl, M|100/100
|switch|p1a: Gliscor|Gliscor, M|100/100 tox
|-damage|p1a: Gliscor|88/100 tox|[from] Stealth Rock
|
|-heal|p1a: Gliscor|100/100 tox|[from] ability: Poison Heal
|upkeep
|turn|4
|
|t:|1758967607
|move|p2a: Grimmsnarl|Taunt|p1a: Gliscor
|-start|p1a: Gliscor|move: Taunt
|move|p1a: Gliscor|Knock Off|p2a: Grimmsnarl
|-resisted|p2a: Grimmsnarl
|-damage|p2a: Grimmsnarl|94/100
|-enditem|p2a: Grimmsnarl|Light Clay|[from] move: Knock Off|[of] p1a: Gliscor
|
|upkeep
|turn|5
|
|t:|1758967614
|move|p2a: Grimmsnarl|Parting Shot|p1a: Gliscor
|-unboost|p1a: Gliscor|atk|1
|-unboost|p1a: Gliscor|spa|1
|
|t:|1758967623
|switch|p2a: Blaziken|Blaziken, M|100/100|[from] Parting Shot
|move|p1a: Gliscor|Earthquake|p2a: Blaziken
|-supereffective|p2a: Blaziken
|-damage|p2a: Blaziken|30/100
|
|-heal|p2a: Blaziken|36/100|[from] item: Leftovers
|upkeep
|turn|6
|
|t:|1758967628
|move|p2a: Blaziken|Swords Dance|p2a: Blaziken
|-boost|p2a: Blaziken|atk|2
|move|p1a: Gliscor|Knock Off|p2a: Blaziken
|-resisted|p2a: Blaziken
|-damage|p2a: Blaziken|26/100
|-enditem|p2a: Blaziken|Leftovers|[from] move: Knock Off|[of] p1a: Gliscor
|
|-end|p1a: Gliscor|move: Taunt
|-ability|p2a: Blaziken|Speed Boost|boost
|-boost|p2a: Blaziken|spe|1
|upkeep
|turn|7
|
|t:|1758967631
|switch|p1a: Dondozo|Dondozo, M|100/100
|-damage|p1a: Dondozo|88/100|[from] Stealth Rock
|move|p2a: Blaziken|Close Combat|p1a: Dondozo
|-damage|p1a: Dondozo|57/100
|-unboost|p2a: Blaziken|def|1
|-unboost|p2a: Blaziken|spd|1
|
|-heal|p1a: Dondozo|64/100|[from] item: Leftovers
|-ability|p2a: Blaziken|Speed Boost|boost
|-boost|p2a: Blaziken|spe|1
|upkeep
|turn|8
|
|t:|1758967635
|move|p2a: Blaziken|Close Combat|p1a: Dondozo
|-damage|p1a: Dondozo|33/100
|-unboost|p2a: Blaziken|def|1
|-unboost|p2a: Blaziken|spd|1
|move|p1a: Dondozo|Rest|p1a: Dondozo
|-status|p1a: Dondozo|slp|[from] move: Rest
|-heal|p1a: Dondozo|100/100 slp|[silent]
|
|-ability|p2a: Blaziken|Speed Boost|boost
|-boost|p2a: Blaziken|spe|1
|upkeep
|turn|9
|
|t:|1758967644
|move|p2a: Blaziken|Close Combat|p1a: Dondozo
|-damage|p1a: Dondozo|71/100 slp
|-unboost|p2a: Blaziken|def|1
|-unboost|p2a: Blaziken|spd|1
|cant|p1a: Dondozo|slp
|move|p1a: Dondozo|Sleep Talk|p1a: Dondozo
|move|p1a: Dondozo|Body Press|p2a: Blaziken|[from] move: Sleep Talk
|-damage|p2a: Blaziken|0 fnt
|faint|p2a: Blaziken
|
|-heal|p1a: Dondozo|77/100 slp|[from] item: Leftovers
|upkeep
|
|t:|1758967657
|switch|p2a: Gyarados|Gyarados, M, shiny|100/100
|turn|10
|
|t:|1758967661
|switch|p1a: Toxapex|Toxapex, M|100/100
|-damage|p1a: Toxapex|88/100|[from] Stealth Rock
|move|p2a: Gyarados|Taunt|p1a: Toxapex
|-start|p1a: Toxapex|move: Taunt
|
|-heal|p1a: Toxapex|94/100|[from] item: Leftovers
|upkeep
|turn|11
|
|t:|1758967676
|switch|p1a: Corviknight|Corviknight, M|100/100
|-damage|p1a: Corviknight|88/100|[from] Stealth Rock
|-ability|p1a: Corviknight|Pressure
|move|p2a: Gyarados|Dragon Dance|p2a: Gyarados
|-boost|p2a: Gyarados|atk|1
|-boost|p2a: Gyarados|spe|1
|
|-heal|p1a: Corviknight|94/100|[from] item: Leftovers
|upkeep
|turn|12
|
|t:|1758967680
|move|p2a: Gyarados|Taunt|p1a: Corviknight
|-start|p1a: Corviknight|move: Taunt
|cant|p1a: Corviknight|move: Taunt|Iron Defense
|
|-heal|p1a: Corviknight|100/100|[from] item: Leftovers
|upkeep
|turn|13
|
|t:|1758967684
|switch|p1a: Dondozo|Dondozo, M|77/100 slp
|-damage|p1a: Dondozo|65/100 slp|[from] Stealth Rock
|move|p2a: Gyarados|Dragon Dance|p2a: Gyarados
|-boost|p2a: Gyarados|atk|1
|-boost|p2a: Gyarados|spe|1
|
|-heal|p1a: Dondozo|71/100 slp|[from] item: Leftovers
|upkeep
|turn|14
|
|t:|1758967687
|move|p2a: Gyarados|Taunt|p1a: Dondozo
|-start|p1a: Dondozo|move: Taunt
|cant|p1a: Dondozo|slp
|cant|p1a: Dondozo|move: Taunt|Sleep Talk
|
|-heal|p1a: Dondozo|77/100 slp|[from] item: Leftovers
|upkeep
|turn|15
|
|t:|1758967691
|move|p2a: Gyarados|Waterfall|p1a: Dondozo
|-resisted|p1a: Dondozo
|-damage|p1a: Dondozo|68/100 slp
|-curestatus|p1a: Dondozo|slp|[msg]
|cant|p1a: Dondozo|flinch
|
|-heal|p1a: Dondozo|74/100|[from] item: Leftovers
|upkeep
|turn|16
|
|t:|1758967694
|move|p2a: Gyarados|Waterfall|p1a: Dondozo
|-resisted|p1a: Dondozo
|-damage|p1a: Dondozo|66/100
|move|p1a: Dondozo|Avalanche|p2a: Gyarados
|-damage|p2a: Gyarados|66/100
|
|-heal|p2a: Gyarados|72/100|[from] item: Leftovers
|-heal|p1a: Dondozo|72/100|[from] item: Leftovers
|-end|p1a: Dondozo|move: Taunt
|upkeep
|turn|17
|
|t:|1758967699
|move|p2a: Gyarados|Waterfall|p1a: Dondozo
|-resisted|p1a: Dondozo
|-damage|p1a: Dondozo|63/100
|move|p1a: Dondozo|Avalanche|p2a: Gyarados
|-damage|p2a: Gyarados|38/100
|
|-heal|p2a: Gyarados|44/100|[from] item: Leftovers
|-heal|p1a: Dondozo|69/100|[from] item: Leftovers
|upkeep
|turn|18
|
|t:|1758967701
|move|p2a: Gyarados|Taunt|p1a: Dondozo
|-start|p1a: Dondozo|move: Taunt
|move|p1a: Dondozo|Avalanche|p2a: Gyarados
|-damage|p2a: Gyarados|27/100
|
|-heal|p2a: Gyarados|33/100|[from] item: Leftovers
|-heal|p1a: Dondozo|75/100|[from] item: Leftovers
|upkeep
|turn|19
|
|t:|1758967705
|move|p2a: Gyarados|Waterfall|p1a: Dondozo
|-resisted|p1a: Dondozo
|-damage|p1a: Dondozo|65/100
|move|p1a: Dondozo|Avalanche|p2a: Gyarados
|-damage|p2a: Gyarados|1/100
|
|-heal|p2a: Gyarados|7/100|[from] item: Leftovers
|-heal|p1a: Dondozo|72/100|[from] item: Leftovers
|upkeep
|turn|20
|
|t:|1758967715
|switch|p2a: Grimmsnarl|Grimmsnarl, M|94/100
|move|p1a: Dondozo|Avalanche|p2a: Grimmsnarl
|-damage|p2a: Grimmsnarl|78/100
|
|-heal|p1a: Dondozo|78/100|[from] item: Leftovers
|-end|p1a: Dondozo|move: Taunt
|upkeep
|turn|21
|
|t:|1758967718
|switch|p1a: Blissey|Blissey, F|94/100
|-damage|p1a: Blissey|82/100|[from] Stealth Rock
|move|p2a: Grimmsnarl|Reflect|p2a: Grimmsnarl
|-sidestart|p2: Blaziken666|Reflect
|
|-heal|p1a: Blissey|88/100|[from] item: Leftovers
|upkeep
|turn|22
|
|t:|1758967720
|move|p2a: Grimmsnarl|Taunt|p1a: Blissey
|-start|p1a: Blissey|move: Taunt
|cant|p1a: Blissey|move: Taunt|Stealth Rock
|
|-heal|p1a: Blissey|94/100|[from] item: Leftovers
|upkeep
|turn|23
|
|t:|1758967724
|move|p2a: Grimmsnarl|Parting Shot|p1a: Blissey
|-unboost|p1a: Blissey|atk|1
|-unboost|p1a: Blissey|spa|1
|
|t:|1758967731
|switch|p2a: Excadrill|Excadrill, M|100/100|[from] Parting Shot
|-ability|p2a: Excadrill|Mold Breaker
|-item|p2a: Excadrill|Air Balloon
|move|p1a: Blissey|Seismic Toss|p2a: Excadrill
|-damage|p2a: Excadrill|73/100
|-enditem|p2a: Excadrill|Air Balloon
|
|-heal|p1a: Blissey|99/100|[from] item: Leftovers
|upkeep
|turn|24
|
|t:|1758967737
|switch|p1a: Weezing|Weezing-Galar, F|100/100
|-ability|p1a: Weezing|Neutralizing Gas
|move|p2a: Excadrill|Swords Dance|p2a: Excadrill
|-boost|p2a: Excadrill|atk|2
|
|upkeep
|turn|25
|
|t:|1758967741
|-terastallize|p1a: Weezing|Ghost
|move|p2a: Excadrill|Iron Head|p1a: Weezing
|-damage|p1a: Weezing|48/100
|move|p1a: Weezing|Will-O-Wisp|p2a: Excadrill
|-status|p2a: Excadrill|brn
|
|-damage|p2a: Excadrill|67/100 brn|[from] brn
|-sideend|p2: Blaziken666|Reflect
|upkeep
|turn|26
|
|t:|1758967746
|move|p2a: Excadrill|Iron Head|p1a: Weezing
|-damage|p1a: Weezing|23/100
|move|p1a: Weezing|Pain Split|p2a: Excadrill
|-sethp|p2a: Excadrill|44/100 brn|[from] move: Pain Split|[silent]
|-sethp|p1a: Weezing|48/100|[from] move: Pain Split
|
|-damage|p2a: Excadrill|38/100 brn|[from] brn
|upkeep
|turn|27
|j| Rizzofreko
|
|t:|1758967759
|switch|p2a: Deoxys|Deoxys-Speed, shiny|100/100
|-end|p1a: Weezing|ability: Neutralizing Gas
|-ability|p2a: Deoxys|Pressure
|switch|p1a: Gliscor|Gliscor, M|100/100 tox
|-damage|p1a: Gliscor|88/100 tox|[from] Stealth Rock
|
|-heal|p1a: Gliscor|100/100 tox|[from] ability: Poison Heal
|upkeep
|turn|28
|
|t:|1758967765
|move|p1a: Gliscor|Protect|p1a: Gliscor
|-singleturn|p1a: Gliscor|Protect
|move|p2a: Deoxys|Reflect|p2a: Deoxys
|-sidestart|p2: Blaziken666|Reflect
|
|upkeep
|turn|29
|
|t:|1758967772
|switch|p2a: Grimmsnarl|Grimmsnarl, M|78/100
|move|p1a: Gliscor|Spikes|p2a: Grimmsnarl
|-sidestart|p2: Blaziken666|Spikes
|
|upkeep
|turn|30
|
|t:|1758967775
|move|p2a: Grimmsnarl|Taunt|p1a: Gliscor
|-start|p1a: Gliscor|move: Taunt
|move|p1a: Gliscor|Earthquake|p2a: Grimmsnarl
|-damage|p2a: Grimmsnarl|58/100
|
|upkeep
|turn|31
|
|t:|1758967777
|move|p2a: Grimmsnarl|Parting Shot|p1a: Gliscor
|-unboost|p1a: Gliscor|atk|1
|-unboost|p1a: Gliscor|spa|1
|
|t:|1758967785
|switch|p2a: Dragonite|Dragonite, F|100/100|[from] Parting Shot
|move|p1a: Gliscor|Earthquake|p2a: Dragonite
|-immune|p2a: Dragonite
|
|upkeep
|turn|32
|
|t:|1758967789
|move|p2a: Dragonite|Substitute|p2a: Dragonite
|-start|p2a: Dragonite|Substitute
|-damage|p2a: Dragonite|76/100
|move|p1a: Gliscor|Knock Off|p2a: Dragonite
|-activate|p2a: Dragonite|move: Substitute|[damage]
|
|-heal|p2a: Dragonite|82/100|[from] item: Leftovers
|-end|p1a: Gliscor|move: Taunt
|upkeep
|turn|33
|
|t:|1758967792
|move|p2a: Dragonite|Dragon Dance|p2a: Dragonite
|-boost|p2a: Dragonite|atk|1
|-boost|p2a: Dragonite|spe|1
|move|p1a: Gliscor|Knock Off|p2a: Dragonite
|-activate|p2a: Dragonite|move: Substitute|[damage]
|
|-heal|p2a: Dragonite|88/100|[from] item: Leftovers
|upkeep
|turn|34
|
|t:|1758967798
|switch|p1a: Dondozo|Dondozo, M|78/100
|-damage|p1a: Dondozo|65/100|[from] Stealth Rock
|move|p2a: Dragonite|Dragon Dance|p2a: Dragonite
|-boost|p2a: Dragonite|atk|1
|-boost|p2a: Dragonite|spe|1
|
|-heal|p2a: Dragonite|94/100|[from] item: Leftovers
|-heal|p1a: Dondozo|71/100|[from] item: Leftovers
|upkeep
|turn|35
|
|t:|1758967804
|move|p2a: Dragonite|Earthquake|p1a: Dondozo
|-damage|p1a: Dondozo|54/100
|move|p1a: Dondozo|Avalanche|p2a: Dragonite
|-supereffective|p2a: Dragonite
|-end|p2a: Dragonite|Substitute
|
|-heal|p2a: Dragonite|100/100|[from] item: Leftovers
|-heal|p1a: Dondozo|60/100|[from] item: Leftovers
|-sideend|p2: Blaziken666|Reflect
|upkeep
|turn|36
|
|t:|1758967809
|move|p2a: Dragonite|Earthquake|p1a: Dondozo
|-damage|p1a: Dondozo|43/100
|move|p1a: Dondozo|Body Press|p2a: Dragonite
|-resisted|p2a: Dragonite
|-damage|p2a: Dragonite|92/100
|
|-heal|p2a: Dragonite|99/100|[from] item: Leftovers
|-heal|p1a: Dondozo|49/100|[from] item: Leftovers
|upkeep
|turn|37
|
|t:|1758967812
|move|p2a: Dragonite|Earthquake|p1a: Dondozo
|-damage|p1a: Dondozo|32/100
|move|p1a: Dondozo|Rest|p1a: Dondozo
|-status|p1a: Dondozo|slp|[from] move: Rest
|-heal|p1a: Dondozo|100/100 slp|[silent]
|
|-heal|p2a: Dragonite|100/100|[from] item: Leftovers
|upkeep
|turn|38
|
|t:|1758967815
|move|p2a: Dragonite|Earthquake|p1a: Dondozo
|-damage|p1a: Dondozo|85/100 slp
|cant|p1a: Dondozo|slp
|move|p1a: Dondozo|Sleep Talk|p1a: Dondozo
|move|p1a: Dondozo|Body Press|p2a: Dragonite|[from] move: Sleep Talk
|-resisted|p2a: Dragonite
|-damage|p2a: Dragonite|92/100
|
|-heal|p2a: Dragonite|99/100|[from] item: Leftovers
|-heal|p1a: Dondozo|92/100 slp|[from] item: Leftovers
|upkeep
|turn|39
|
|t:|1758967818
|switch|p2a: Deoxys|Deoxys-Speed, shiny|100/100
|-damage|p2a: Deoxys|88/100|[from] Spikes
|-ability|p2a: Deoxys|Pressure
|cant|p1a: Dondozo|slp
|move|p1a: Dondozo|Sleep Talk|p1a: Dondozo
|move|p1a: Dondozo|Body Press|p2a: Deoxys|[from] move: Sleep Talk
|-resisted|p2a: Deoxys
|-damage|p2a: Deoxys|74/100
|
|-heal|p1a: Dondozo|98/100 slp|[from] item: Leftovers
|upkeep
|turn|40
|
|t:|1758967824
|switch|p1a: Gliscor|Gliscor, M|100/100 tox
|-damage|p1a: Gliscor|88/100 tox|[from] Stealth Rock
|move|p2a: Deoxys|Reflect|p2a: Deoxys
|-sidestart|p2: Blaziken666|Reflect
|
|-heal|p1a: Gliscor|100/100 tox|[from] ability: Poison Heal
|upkeep
|turn|41
|-message|Blaziken666 forfeited.
|
|win|heatraniac
|raw|heatraniac's rating: 1588 &rarr; <strong>1607</strong><br />(+19 for winning)
|raw|Blaziken666's rating: 1568 &rarr; <strong>1549</strong><br />(-19 for losing)
|l|☆Blaziken666
|player|p2|
|l| Rizzofreko
|l|☆heatraniac
|player|p1|
