|j|☆damedesyo
|j|☆VorTeK42
|t:|1759050299
|gametype|singles
|player|p1|damedesyo|102|1133
|player|p2|VorTeK42|cynthia-gen4|1115
|gen|9
|tier|[Gen 9] OU
|rated|
|rule|HP Percentage Mod: HP is shown in percentages
|rule|Endless Battle Clause: Forcing endless battles is banned
|rule|Species Clause: Limit one of each Pokémon
|rule|OHKO Clause: OHKO moves are banned
|rule|Evasion Items Clause: Evasion items are banned
|rule|Evasion Moves Clause: Evasion moves are banned
|rule|Evasion Abilities Clause: Evasion abilities are banned
|rule|Sleep Moves Clause: Sleep-inducing moves are banned
|clearpoke
|poke|p1|Landorus-Therian, M|
|poke|p1|Corviknight, M|
|poke|p1|Heatran, M|
|poke|p1|Weavile, M|
|poke|p1|Raging Bolt|
|poke|p1|Slowking-Galar, M|
|poke|p2|Great Tusk|
|poke|p2|Slowking-Galar, M|
|poke|p2|Alomomola, M|
|poke|p2|Kingambit, M|
|poke|p2|Dragapult, M|
|poke|p2|Toucannon, M|
|teampreview
|
|t:|1759050313
|teamsize|p1|6
|teamsize|p2|6
|start
|switch|p1a: Landorus|Landorus-Therian, M|100/100
|switch|p2a: Great Tusk|Great Tusk, shiny|100/100
|-ability|p1a: Landorus|Intimidate|boost
|-unboost|p2a: Great Tusk|atk|1
|turn|1
|
|t:|1759050320
|move|p1a: Landorus|U-turn|p2a: Great Tusk
|-resisted|p2a: Great Tusk
|-damage|p2a: Great Tusk|93/100
|-damage|p1a: Landorus|84/100|[from] item: Rocky Helmet|[of] p2a: Great Tusk
|
|t:|1759050323
|switch|p1a: Corviknight|Corviknight, M|100/100|[from] U-turn
|-ability|p1a: Corviknight|Pressure
|move|p2a: Great Tusk|Stealth Rock|p1a: Corviknight
|-sidestart|p1: damedesyo|move: Stealth Rock
|
|upkeep
|turn|2
|
|t:|1759050348
|-end|p2a: Great Tusk|Protosynthesis|[silent]
|switch|p2a: Toucannon|Toucannon, M, shiny|100/100
|move|p1a: Corviknight|U-turn|p2a: Toucannon
|-resisted|p2a: Toucannon
|-damage|p2a: Toucannon|91/100
|
|t:|1759050354
|switch|p1a: Weavile|Weavile, M|100/100|[from] U-turn
|-ability|p1a: Weavile|Pressure
|
|upkeep
|turn|3
|
|t:|1759050363
|-terastallize|p2a: Toucannon|Fire
|move|p1a: Weavile|Triple Axel|p2a: Toucannon
|-resisted|p2a: Toucannon
|-damage|p2a: Toucannon|84/100
|-resisted|p2a: Toucannon
|-damage|p2a: Toucannon|69/100
|-resisted|p2a: Toucannon
|-damage|p2a: Toucannon|48/100
|-hitcount|p2a: Toucannon|3
|move|p2a: Toucannon|Tera Blast|p1a: Weavile|[anim] Tera Blast Fire
|-supereffective|p1a: Weavile
|-damage|p1a: Weavile|0 fnt
|faint|p1a: Weavile
|
|upkeep
|
|t:|1759050369
|switch|p1a: Raging Bolt|Raging Bolt|100/100
|turn|4
|
|t:|1759050381
|switch|p2a: Great Tusk|Great Tusk, shiny|93/100
|move|p1a: Raging Bolt|Volt Switch|p2a: Great Tusk
|-immune|p2a: Great Tusk
|
|upkeep
|turn|5
|
|t:|1759050391
|-end|p1a: Raging Bolt|Protosynthesis|[silent]
|switch|p1a: Corviknight|Corviknight, M|100/100
|-damage|p1a: Corviknight|88/100|[from] Stealth Rock
|-ability|p1a: Corviknight|Pressure
|move|p2a: Great Tusk|Ice Spinner|p1a: Corviknight
|-damage|p1a: Corviknight|73/100
|
|-heal|p1a: Corviknight|79/100|[from] item: Leftovers
|upkeep
|turn|6
|
|t:|1759050407
|-end|p2a: Great Tusk|Protosynthesis|[silent]
|switch|p2a: Alomomola|Alomomola, M, shiny|100/100
|move|p1a: Corviknight|U-turn|p2a: Alomomola
|-damage|p2a: Alomomola|93/100
|
|t:|1759050410
|switch|p1a: Raging Bolt|Raging Bolt|100/100|[from] U-turn
|
|upkeep
|turn|7
|
|t:|1759050424
|switch|p2a: Great Tusk|Great Tusk, shiny|93/100
|move|p1a: Raging Bolt|Dragon Pulse|p2a: Great Tusk
|-damage|p2a: Great Tusk|32/100
|
|upkeep
|turn|8
|
|t:|1759050433
|-end|p2a: Great Tusk|Protosynthesis|[silent]
|switch|p2a: Alomomola|Alomomola, M, shiny|100/100
|-end|p1a: Raging Bolt|Protosynthesis|[silent]
|switch|p1a: Corviknight|Corviknight, M|79/100
|-damage|p1a: Corviknight|67/100|[from] Stealth Rock
|-ability|p1a: Corviknight|Pressure
|
|-heal|p1a: Corviknight|73/100|[from] item: Leftovers
|upkeep
|turn|9
|
|t:|1759050442
|move|p1a: Corviknight|Roost|p1a: Corviknight
|-heal|p1a: Corviknight|100/100
|-singleturn|p1a: Corviknight|move: Roost
|move|p2a: Alomomola|Wish|p2a: Alomomola
|
|upkeep
|turn|10
|
|t:|1759050451
|switch|p2a: Toucannon|Toucannon, M, shiny, tera:Fire|48/100
|move|p1a: Corviknight|U-turn|p2a: Toucannon
|-resisted|p2a: Toucannon
|-damage|p2a: Toucannon|37/100
|
|t:|1759050465
|switch|p1a: Landorus|Landorus-Therian, M|84/100|[from] U-turn
|-damage|p1a: Landorus|72/100|[from] Stealth Rock
|-ability|p1a: Landorus|Intimidate|boost
|-unboost|p2a: Toucannon|atk|1
|
|-heal|p2a: Toucannon|100/100|[from] move: Wish|[wisher] Alomomola
|upkeep
|turn|11
|
|t:|1759050477
|move|p1a: Landorus|Earthquake|p2a: Toucannon
|-supereffective|p2a: Toucannon
|-damage|p2a: Toucannon|0 fnt
|faint|p2a: Toucannon
|
|upkeep
|
|t:|1759050486
|switch|p2a: Dragapult|Dragapult, M, shiny|100/100
|turn|12
|
|t:|1759050491
|switch|p1a: Heatran|Heatran, M|100/100
|-damage|p1a: Heatran|88/100|[from] Stealth Rock
|move|p2a: Dragapult|U-turn|p1a: Heatran
|-resisted|p1a: Heatran
|-damage|p1a: Heatran|84/100
|
|t:|1759050499
|switch|p2a: Alomomola|Alomomola, M, shiny|100/100|[from] U-turn
|
|-heal|p1a: Heatran|90/100|[from] item: Leftovers
|upkeep
|turn|13
|
|t:|1759050507
|move|p1a: Heatran|Taunt|p2a: Alomomola
|-start|p2a: Alomomola|move: Taunt
|move|p2a: Alomomola|Flip Turn|p1a: Heatran
|-supereffective|p1a: Heatran
|-damage|p1a: Heatran|62/100
|
|t:|1759050514
|switch|p2a: Great Tusk|Great Tusk, shiny|32/100|[from] Flip Turn
|
|-heal|p1a: Heatran|68/100|[from] item: Leftovers
|upkeep
|turn|14
|
|t:|1759050524
|switch|p1a: Corviknight|Corviknight, M|100/100
|-damage|p1a: Corviknight|88/100|[from] Stealth Rock
|-ability|p1a: Corviknight|Pressure
|move|p2a: Great Tusk|Headlong Rush|p1a: Corviknight
|-immune|p1a: Corviknight
|
|-heal|p1a: Corviknight|94/100|[from] item: Leftovers
|upkeep
|turn|15
|
|t:|1759050538
|-end|p2a: Great Tusk|Protosynthesis|[silent]
|switch|p2a: Dragapult|Dragapult, M, shiny|100/100
|move|p1a: Corviknight|U-turn|p2a: Dragapult
|-resisted|p2a: Dragapult
|-damage|p2a: Dragapult|92/100
|
|t:|1759050550
|switch|p1a: Heatran|Heatran, M|68/100|[from] U-turn
|-damage|p1a: Heatran|56/100|[from] Stealth Rock
|
|-heal|p1a: Heatran|62/100|[from] item: Leftovers
|upkeep
|turn|16
|
|t:|1759050558
|move|p2a: Dragapult|Dragon Darts|p1a: Heatran
|-resisted|p1a: Heatran
|-damage|p1a: Heatran|53/100
|-anim|p2a: Dragapult|Dragon Darts|p1a: Heatran
|-resisted|p1a: Heatran
|-crit|p1a: Heatran
|-damage|p1a: Heatran|39/100
|move|p1a: Heatran|Stealth Rock|p2a: Dragapult
|-sidestart|p2: VorTeK42|move: Stealth Rock
|
|-heal|p1a: Heatran|46/100|[from] item: Leftovers
|upkeep
|turn|17
|
|t:|1759050571
|move|p2a: Dragapult|U-turn|p1a: Heatran
|-resisted|p1a: Heatran
|-damage|p1a: Heatran|41/100
|
|t:|1759050573
|switch|p2a: Alomomola|Alomomola, M, shiny|100/100|[from] U-turn
|move|p1a: Heatran|Magma Storm|p2a: Alomomola
|-resisted|p2a: Alomomola
|-damage|p2a: Alomomola|74/100
|-activate|p2a: Alomomola|move: Magma Storm|[of] p1a: Heatran
|
|-heal|p1a: Heatran|47/100|[from] item: Leftovers
|-damage|p2a: Alomomola|61/100|[from] move: Magma Storm|[partiallytrapped]
|upkeep
|turn|18
|
|t:|1759050588
|-terastallize|p1a: Heatran|Grass
|move|p1a: Heatran|Taunt|p2a: Alomomola
|-start|p2a: Alomomola|move: Taunt
|cant|p2a: Alomomola|move: Taunt|Wish
|
|-heal|p1a: Heatran|54/100|[from] item: Leftovers
|-damage|p2a: Alomomola|49/100|[from] move: Magma Storm|[partiallytrapped]
|upkeep
|turn|19
|
|t:|1759050596
|move|p1a: Heatran|Earth Power|p2a: Alomomola
|-damage|p2a: Alomomola|16/100
|move|p2a: Alomomola|Flip Turn|p1a: Heatran
|-resisted|p1a: Heatran
|-damage|p1a: Heatran|47/100
|
|t:|1759050607
|switch|p2a: Dragapult|Dragapult, M, shiny|92/100|[from] Flip Turn
|
|-heal|p1a: Heatran|54/100|[from] item: Leftovers
|upkeep
|turn|20
|
|t:|1759050614
|move|p2a: Dragapult|Will-O-Wisp|p1a: Heatran
|-start|p1a: Heatran|ability: Flash Fire
|move|p1a: Heatran|Magma Storm|p2a: Dragapult
|-resisted|p2a: Dragapult
|-damage|p2a: Dragapult|42/100
|-activate|p2a: Dragapult|move: Magma Storm|[of] p1a: Heatran
|
|-heal|p1a: Heatran|60/100|[from] item: Leftovers
|-damage|p2a: Dragapult|29/100|[from] move: Magma Storm|[partiallytrapped]
|upkeep
|turn|21
|
|t:|1759050625
|move|p2a: Dragapult|U-turn|p1a: Heatran
|-supereffective|p1a: Heatran
|-damage|p1a: Heatran|24/100
|
|t:|1759050631
|switch|p2a: Slowking|Slowking-Galar, M, shiny|100/100|[from] U-turn
|move|p1a: Heatran|Earth Power|p2a: Slowking
|-supereffective|p2a: Slowking
|-damage|p2a: Slowking|70/100
|
|-heal|p1a: Heatran|30/100|[from] item: Leftovers
|upkeep
|turn|22
|
|t:|1759050643
|move|p1a: Heatran|Earth Power|p2a: Slowking
|-supereffective|p2a: Slowking
|-damage|p2a: Slowking|38/100
|move|p2a: Slowking|Sludge Bomb|p1a: Heatran
|-supereffective|p1a: Heatran
|-damage|p1a: Heatran|0 fnt
|faint|p1a: Heatran
|
|upkeep
|
|t:|1759050652
|switch|p1a: Landorus|Landorus-Therian, M|72/100
|-damage|p1a: Landorus|59/100|[from] Stealth Rock
|-ability|p1a: Landorus|Intimidate|boost
|-unboost|p2a: Slowking|atk|1
|turn|23
|
|t:|1759050661
|move|p1a: Landorus|Earthquake|p2a: Slowking
|-supereffective|p2a: Slowking
|-damage|p2a: Slowking|0 fnt
|faint|p2a: Slowking
|
|upkeep
|
|t:|1759050674
|switch|p2a: Kingambit|Kingambit, M, shiny|100/100
|-damage|p2a: Kingambit|94/100|[from] Stealth Rock
|-activate|p2a: Kingambit|ability: Supreme Overlord
|-start|p2a: Kingambit|fallen2|[silent]
|turn|24
|
|t:|1759050683
|switch|p1a: Slowking|Slowking-Galar, M|100/100
|move|p2a: Kingambit|Sucker Punch||[still]
|-fail|p2a: Kingambit
|
|-heal|p2a: Kingambit|100/100|[from] item: Leftovers
|upkeep
|turn|25
|
|t:|1759050698
|move|p2a: Kingambit|Sucker Punch||[still]
|-fail|p2a: Kingambit
|move|p1a: Slowking|Thunder Wave|p2a: Kingambit
|-status|p2a: Kingambit|par
|
|upkeep
|turn|26
|
|t:|1759050706
|move|p2a: Kingambit|Sucker Punch||[still]
|-fail|p2a: Kingambit
|-prepare|p1a: Slowking|Chilly Reception|[premajor]
|move|p1a: Slowking|Chilly Reception|p1a: Slowking
|-weather|Snowscape
|
|t:|1759050710
|switch|p1a: Raging Bolt|Raging Bolt|100/100|[from] Chilly Reception
|
|-weather|Snowscape|[upkeep]
|upkeep
|turn|27
|
|t:|1759050723
|-end|p2a: Kingambit|fallen2|[silent]
|switch|p2a: Great Tusk|Great Tusk, shiny|32/100
|-damage|p2a: Great Tusk|29/100|[from] Stealth Rock
|move|p1a: Raging Bolt|Dragon Pulse|p2a: Great Tusk
|-damage|p2a: Great Tusk|0 fnt
|faint|p2a: Great Tusk
|-end|p2a: Great Tusk|Protosynthesis|[silent]
|
|-weather|Snowscape|[upkeep]
|upkeep
|
|t:|1759050734
|switch|p2a: Alomomola|Alomomola, M, shiny|50/100
|turn|28
|
|t:|1759050738
|move|p1a: Raging Bolt|Volt Switch|p2a: Alomomola
|-supereffective|p2a: Alomomola
|-crit|p2a: Alomomola
|-damage|p2a: Alomomola|0 fnt
|faint|p2a: Alomomola
|
|t:|1759050747
|-end|p1a: Raging Bolt|Protosynthesis|[silent]
|switch|p1a: Slowking|Slowking-Galar, M|100/100|[from] Volt Switch
|
|-weather|Snowscape|[upkeep]
|upkeep
|
|t:|1759050817
|switch|p2a: Dragapult|Dragapult, M, shiny|29/100
|turn|29
|
|t:|1759050830
|move|p2a: Dragapult|Dragon Darts|p1a: Slowking
|-damage|p1a: Slowking|78/100
|-anim|p2a: Dragapult|Dragon Darts|p1a: Slowking
|-damage|p1a: Slowking|55/100
|move|p1a: Slowking|Future Sight|p2a: Dragapult
|-start|p1a: Slowking|move: Future Sight
|
|-weather|Snowscape|[upkeep]
|upkeep
|turn|30
|
|t:|1759050839
|move|p2a: Dragapult|Dragon Darts|p1a: Slowking
|-crit|p1a: Slowking
|-damage|p1a: Slowking|24/100
|-anim|p2a: Dragapult|Dragon Darts|p1a: Slowking
|-damage|p1a: Slowking|0 fnt
|faint|p1a: Slowking
|
|-weather|none
|upkeep
|
|t:|1759050843
|switch|p1a: Landorus|Landorus-Therian, M|59/100
|-damage|p1a: Landorus|47/100|[from] Stealth Rock
|-ability|p1a: Landorus|Intimidate|boost
|-unboost|p2a: Dragapult|atk|1
|turn|31
|
|t:|1759050849
|move|p1a: Landorus|Earthquake|p2a: Dragapult
|-damage|p2a: Dragapult|0 fnt
|faint|p2a: Dragapult
|
|-hint|Future Sight did not hit because the target is fainted.
|upkeep
|
|t:|1759050854
|switch|p2a: Kingambit|Kingambit, M, shiny|100/100 par
|-damage|p2a: Kingambit|94/100 par|[from] Stealth Rock
|-activate|p2a: Kingambit|ability: Supreme Overlord
|-start|p2a: Kingambit|fallen5|[silent]
|turn|32
|
|t:|1759050859
|move|p2a: Kingambit|Sucker Punch|p1a: Landorus
|-damage|p1a: Landorus|0 fnt
|faint|p1a: Landorus
|
|-heal|p2a: Kingambit|100/100 par|[from] item: Leftovers
|upkeep
|
|t:|1759050863
|switch|p1a: Corviknight|Corviknight, M|94/100
|-damage|p1a: Corviknight|82/100|[from] Stealth Rock
|-ability|p1a: Corviknight|Pressure
|turn|33
|
|t:|1759050876
|move|p1a: Corviknight|Roost|p1a: Corviknight
|-heal|p1a: Corviknight|100/100
|-singleturn|p1a: Corviknight|move: Roost
|cant|p2a: Kingambit|par
|
|upkeep
|turn|34
|
|t:|1759050886
|move|p1a: Corviknight|Defog|p2a: Kingambit
|-unboost|p2a: Kingambit|evasion|1
|-sideend|p2: VorTeK42|Stealth Rock|[from] move: Defog|[of] p1a: Corviknight
|-sideend|p1: damedesyo|Stealth Rock|[from] move: Defog|[of] p1a: Corviknight
|move|p2a: Kingambit|Kowtow Cleave|p1a: Corviknight
|-damage|p1a: Corviknight|58/100
|
|-heal|p1a: Corviknight|64/100|[from] item: Leftovers
|upkeep
|turn|35
|
|t:|1759050895
|move|p2a: Kingambit|Sucker Punch||[still]
|-fail|p2a: Kingambit
|move|p1a: Corviknight|Roost|p1a: Corviknight
|-heal|p1a: Corviknight|100/100
|-singleturn|p1a: Corviknight|move: Roost
|
|upkeep
|turn|36
|
|t:|1759050900
|move|p1a: Corviknight|U-turn|p2a: Kingambit
|-damage|p2a: Kingambit|87/100 par
|
|t:|1759050904
|switch|p1a: Raging Bolt|Raging Bolt|100/100|[from] U-turn
|move|p2a: Kingambit|Swords Dance|p2a: Kingambit
|-boost|p2a: Kingambit|atk|2
|
|-heal|p2a: Kingambit|93/100 par|[from] item: Leftovers
|upkeep
|turn|37
|
|t:|1759050912
|move|p1a: Raging Bolt|Thunderbolt|p2a: Kingambit
|-damage|p2a: Kingambit|34/100 par
|cant|p2a: Kingambit|par
|
|-heal|p2a: Kingambit|40/100 par|[from] item: Leftovers
|upkeep
|turn|38
|
|t:|1759050919
|move|p1a: Raging Bolt|Thunderclap|p2a: Kingambit
|-damage|p2a: Kingambit|0 fnt
|faint|p2a: Kingambit
|-end|p2a: Kingambit|fallen5|[silent]
|
|win|damedesyo
|raw|damedesyo's rating: 1133 &rarr; <strong>1157</strong><br />(+24 for winning)
|raw|VorTeK42's rating: 1115 &rarr; <strong>1091</strong><br />(-24 for losing)
|l|☆VorTeK42
|player|p2|
|l|☆damedesyo
|player|p1|
|j|☆damedesyo
|player|p1|damedesyo|102|
|l|☆damedesyo
|player|p1|
