|j|☆LordFueg
|j|☆Charle_phate
|t:|1758948463
|gametype|singles
|player|p1|LordFueg|170|1408
|player|p2|Charle_phate|blue|1418
|gen|9
|tier|[Gen 9] OU
|rated|
|rule|HP Percentage Mod: HP is shown in percentages
|rule|Endless Battle Clause: Forcing endless battles is banned
|rule|Species Clause: Limit one of each Pokémon
|rule|OHKO Clause: OHKO moves are banned
|rule|Evasion Items Clause: Evasion items are banned
|rule|Evasion Moves Clause: Evasion moves are banned
|rule|Evasion Abilities Clause: Evasion abilities are banned
|rule|Sleep Moves Clause: Sleep-inducing moves are banned
|clearpoke
|poke|p1|Cresselia, F|
|poke|p1|Hatterene, F|
|poke|p1|Iron Hands|
|poke|p1|Ursaluna, M|
|poke|p1|Torkoal, M|
|poke|p1|Scream Tail|
|poke|p2|Serperior, F|
|poke|p2|Rotom-Wash|
|poke|p2|Zapdos|
|poke|p2|Heatran, F|
|poke|p2|Clefable, M|
|poke|p2|Landorus-Therian, M|
|teampreview
|inactive|Battle timer is ON: inactive players will automatically lose when time's up. (requested by LordFueg)
|inactive|LordFueg has 120 seconds left.
|inactive|Charle_phate has 120 seconds left.
|
|t:|1758948516
|teamsize|p1|6
|teamsize|p2|6
|start
|switch|p1a: Hatterene|Hatterene, F|100/100
|switch|p2a: Rotom|Rotom-Wash|100/100
|turn|1
|inactive|LordFueg has 120 seconds left.
|
|t:|1758948547
|move|p2a: Rotom|Charge Beam|p1a: Hatterene
|-damage|p1a: Hatterene|76/100
|-boost|p2a: Rotom|spa|1
|move|p1a: Hatterene|Trick Room|p1a: Hatterene
|-fieldstart|move: Trick Room|[of] p1a: Hatterene
|
|upkeep
|turn|2
|inactive|LordFueg has 120 seconds left.
|l|☆Charle_phate
|inactive|Charle_phate disconnected and has a minute to reconnect!
|player|p2|
|inactive|Charle_phate has 30 seconds to reconnect!
|j|☆Charle_phate
|inactive|Charle_phate reconnected and has 95 seconds left.
|player|p2|Charle_phate|blue|
|inactive|Charle_phate has 90 seconds left.
|
|t:|1758948629
|move|p1a: Hatterene|Misty Explosion|p2a: Rotom
|-damage|p2a: Rotom|34/100
|faint|p1a: Hatterene
|move|p2a: Rotom|Charge Beam|p1: Hatterene|[notarget]
|-fail|p2a: Rotom
|
|-heal|p2a: Rotom|41/100|[from] item: Leftovers
|upkeep
|
|t:|1758948651
|switch|p1a: Ursaluna|Ursaluna, M|100/100
|turn|3
|
|t:|1758948659
|move|p1a: Ursaluna|Facade|p2a: Rotom
|-crit|p2a: Rotom
|-damage|p2a: Rotom|0 fnt
|faint|p2a: Rotom
|
|-status|p1a: Ursaluna|brn|[from] item: Flame Orb
|upkeep
|inactive|Charle_phate has 60 seconds left.
|
|t:|1758948695
|switch|p2a: Zapdos|Zapdos|100/100
|turn|4
|
|t:|1758948712
|move|p1a: Ursaluna|Facade|p2a: Zapdos
|-damage|p2a: Zapdos|0 fnt
|faint|p2a: Zapdos
|
|-damage|p1a: Ursaluna|94/100 brn|[from] brn
|upkeep
|
|t:|1758948718
|switch|p2a: Landorus|Landorus-Therian, M|100/100
|-ability|p2a: Landorus|Intimidate|boost
|-unboost|p1a: Ursaluna|atk|1
|turn|5
|inactive|Charle_phate has 30 seconds left.
|
|t:|1758948743
|move|p1a: Ursaluna|Facade|p2a: Landorus
|-damage|p2a: Landorus|1/100
|move|p2a: Landorus|Stealth Rock|p1a: Ursaluna
|-sidestart|p1: LordFueg|move: Stealth Rock
|
|-heal|p2a: Landorus|7/100|[from] item: Leftovers
|-damage|p1a: Ursaluna|88/100 brn|[from] brn
|-fieldend|move: Trick Room
|upkeep
|turn|6
|inactive|Charle_phate has 30 seconds left.
|inactive|Charle_phate has 20 seconds left.
|
|t:|1758948765
|move|p2a: Landorus|Stealth Rock||[still]
|-fail|p2a: Landorus
|move|p1a: Ursaluna|Facade|p2a: Landorus
|-damage|p2a: Landorus|0 fnt
|faint|p2a: Landorus
|
|-damage|p1a: Ursaluna|82/100 brn|[from] brn
|upkeep
|inactive|Charle_phate has 25 seconds left this turn.
|
|t:|1758948769
|switch|p2a: Serperior|Serperior, F|100/100
|turn|7
|inactive|LordFueg has 120 seconds left.
|
|t:|1758948779
|switch|p1a: Cresselia|Cresselia, F|100/100
|-damage|p1a: Cresselia|88/100|[from] Stealth Rock
|move|p2a: Serperior|Substitute|p2a: Serperior
|-start|p2a: Serperior|Substitute
|-damage|p2a: Serperior|75/100
|
|-heal|p2a: Serperior|82/100|[from] item: Leftovers
|upkeep
|turn|8
|
|t:|1758948787
|move|p2a: Serperior|Glare|p1a: Cresselia
|-status|p1a: Cresselia|par
|cant|p1a: Cresselia|par
|
|-heal|p2a: Serperior|88/100|[from] item: Leftovers
|upkeep
|turn|9
|
|t:|1758948795
|move|p2a: Serperior|Leech Seed|p1a: Cresselia
|-start|p1a: Cresselia|move: Leech Seed
|move|p1a: Cresselia|Psychic|p2a: Serperior
|-end|p2a: Serperior|Substitute
|
|-heal|p2a: Serperior|94/100|[from] item: Leftovers
|-damage|p1a: Cresselia|76/100 par|[from] Leech Seed|[of] p2a: Serperior
|-heal|p2a: Serperior|100/100|[silent]
|upkeep
|turn|10
|
|t:|1758948817
|switch|p1a: Scream Tail|Scream Tail|100/100
|-damage|p1a: Scream Tail|88/100|[from] Stealth Rock
|move|p2a: Serperior|Substitute|p2a: Serperior
|-start|p2a: Serperior|Substitute
|-damage|p2a: Serperior|75/100
|
|-heal|p2a: Serperior|82/100|[from] item: Leftovers
|upkeep
|turn|11
|
|t:|1758948827
|move|p2a: Serperior|Glare|p1a: Scream Tail
|-status|p1a: Scream Tail|par
|move|p1a: Scream Tail|Roar|p2a: Serperior
|drag|p2a: Heatran|Heatran, F|100/100
|
|upkeep
|turn|12
|
|t:|1758948835
|move|p2a: Heatran|Substitute|p2a: Heatran
|-start|p2a: Heatran|Substitute
|-damage|p2a: Heatran|76/100
|cant|p1a: Scream Tail|par
|
|-heal|p2a: Heatran|82/100|[from] item: Leftovers
|upkeep
|turn|13
|
|t:|1758948862
|move|p2a: Heatran|Ancient Power|p1a: Scream Tail
|-damage|p1a: Scream Tail|79/100 par
|cant|p1a: Scream Tail|par
|
|-heal|p2a: Heatran|88/100|[from] item: Leftovers
|upkeep
|turn|14
|
|t:|1758948867
|move|p2a: Heatran|Ancient Power|p1a: Scream Tail
|-damage|p1a: Scream Tail|69/100 par
|cant|p1a: Scream Tail|par
|
|-heal|p2a: Heatran|94/100|[from] item: Leftovers
|upkeep
|turn|15
|
|t:|1758948875
|move|p2a: Heatran|Ancient Power|p1a: Scream Tail
|-damage|p1a: Scream Tail|58/100 par
|move|p1a: Scream Tail|Trick Room|p1a: Scream Tail
|-fieldstart|move: Trick Room|[of] p1a: Scream Tail
|
|-heal|p2a: Heatran|100/100|[from] item: Leftovers
|upkeep
|turn|16
|
|t:|1758948880
|move|p2a: Heatran|Ancient Power|p1a: Scream Tail
|-damage|p1a: Scream Tail|48/100 par
|move|p1a: Scream Tail|Roar|p2a: Heatran
|drag|p2a: Serperior|Serperior, F|82/100
|
|-heal|p2a: Serperior|88/100|[from] item: Leftovers
|upkeep
|turn|17
|inactive|Charle_phate has 60 seconds left.
|
|t:|1758948904
|move|p1a: Scream Tail|Misty Explosion|p2a: Serperior
|-damage|p2a: Serperior|58/100
|faint|p1a: Scream Tail
|-end|p1a: Scream Tail|Protosynthesis|[silent]
|move|p2a: Serperior|Substitute|p2a: Serperior
|-start|p2a: Serperior|Substitute
|-damage|p2a: Serperior|33/100
|
|-heal|p2a: Serperior|39/100|[from] item: Leftovers
|upkeep
|
|t:|1758948909
|switch|p1a: Ursaluna|Ursaluna, M|82/100 brn
|-damage|p1a: Ursaluna|75/100 brn|[from] Stealth Rock
|turn|18
|inactive|Charle_phate has 60 seconds left.
|
|t:|1758948928
|move|p1a: Ursaluna|Facade|p2a: Serperior
|-end|p2a: Serperior|Substitute
|move|p2a: Serperior|Substitute|p2a: Serperior
|-start|p2a: Serperior|Substitute
|-damage|p2a: Serperior|14/100
|
|-heal|p2a: Serperior|20/100|[from] item: Leftovers
|-damage|p1a: Ursaluna|69/100 brn|[from] brn
|upkeep
|turn|19
|
|t:|1758948936
|move|p1a: Ursaluna|Facade|p2a: Serperior
|-end|p2a: Serperior|Substitute
|move|p2a: Serperior|Leaf Storm|p1a: Ursaluna
|-supereffective|p1a: Ursaluna
|-damage|p1a: Ursaluna|0 fnt
|-boost|p2a: Serperior|spa|2
|faint|p1a: Ursaluna
|
|-heal|p2a: Serperior|26/100|[from] item: Leftovers
|-fieldend|move: Trick Room
|upkeep
|
|t:|1758948946
|switch|p1a: Cresselia|Cresselia, F|76/100 par
|-damage|p1a: Cresselia|63/100 par|[from] Stealth Rock
|turn|20
|-message|LordFueg forfeited.
|
|win|Charle_phate
|raw|LordFueg's rating: 1408 &rarr; <strong>1389</strong><br />(-19 for losing)
|raw|Charle_phate's rating: 1418 &rarr; <strong>1437</strong><br />(+19 for winning)
|l|☆LordFueg
|player|p1|
|l|☆Charle_phate
|player|p2|
