|badge|p2|bronze|gen9ou|100-6
|html|<div class="broadcast-red"><strong>This battle is required to be public due to one or more player having a season medal.</strong><br />During the public phase, you can discuss the state of the ladder <a href="/seasondiscussion">in a special chatroom.</a></div>
|uhtml|medal-msg|<div class="broadcast-blue">Curious what those medals under the avatar are? PS now has Ladder Seasons! For more information, check out the <a href="https://www.smogon.com/forums/threads/3740067/">thread on Smogon.</a></div>
|raw|<div class="broadcast-blue"><strong>This battle is required to be public due to a player having a name starting with 'medal'.</div>
|j|☆Light SV
|j|☆healorant
|t:|1759011500
|gametype|singles
|player|p1|Light SV|blue-gen7|1832
|player|p2|healorant|alder|1894
|gen|9
|tier|[Gen 9] OU
|rated|
|rule|HP Percentage Mod: HP is shown in percentages
|rule|Endless Battle Clause: Forcing endless battles is banned
|rule|Species Clause: Limit one of each Pokémon
|rule|OHKO Clause: OHKO moves are banned
|rule|Evasion Items Clause: Evasion items are banned
|rule|Evasion Moves Clause: Evasion moves are banned
|rule|Evasion Abilities Clause: Evasion abilities are banned
|rule|Sleep Moves Clause: Sleep-inducing moves are banned
|clearpoke
|poke|p1|Clefable, M|
|poke|p1|Gliscor, M|
|poke|p1|Milotic, F|
|poke|p1|Mandibuzz, F|
|poke|p1|Skeledirge, F|
|poke|p1|Dragapult, F|
|poke|p2|Tornadus-Therian, M|
|poke|p2|Rillaboom, F|
|poke|p2|Garganacl, M|
|poke|p2|Kingambit, M|
|poke|p2|Gholdengo|
|poke|p2|Great Tusk|
|teampreview
|inactive|Battle timer is ON: inactive players will automatically lose when time's up. (requested by Light SV)
|
|t:|1759011515
|teamsize|p1|6
|teamsize|p2|6
|start
|switch|p1a: Gliscor|Gliscor, M|100/100
|switch|p2a: Tornadus|Tornadus-Therian, M|100/100
|turn|1
|
|t:|1759011518
|move|p1a: Gliscor|Protect|p1a: Gliscor
|-singleturn|p1a: Gliscor|Protect
|move|p2a: Tornadus|Nasty Plot|p2a: Tornadus
|-boost|p2a: Tornadus|spa|2
|
|-status|p1a: Gliscor|tox|[from] item: Toxic Orb
|upkeep
|turn|2
|
|t:|1759011521
|switch|p1a: Milotic|Milotic, F|100/100
|move|p2a: Tornadus|Bleakwind Storm|p1a: Milotic
|-damage|p1a: Milotic|52/100
|
|upkeep
|turn|3
|
|t:|1759011526
|move|p2a: Tornadus|Bleakwind Storm|p1a: Milotic
|-damage|p1a: Milotic|0 fnt
|faint|p1a: Milotic
|
|upkeep
|
|t:|1759011530
|switch|p1a: Skeledirge|Skeledirge, F|100/100
|turn|4
|
|t:|1759011534
|move|p2a: Tornadus|Bleakwind Storm|p1a: Skeledirge
|-damage|p1a: Skeledirge|59/100
|-unboost|p1a: Skeledirge|spe|1
|move|p1a: Skeledirge|Torch Song|p2a: Tornadus
|-damage|p2a: Tornadus|62/100
|-boost|p1a: Skeledirge|spa|1
|
|upkeep
|turn|5
|
|t:|1759011538
|move|p2a: Tornadus|Taunt|p1a: Skeledirge
|-start|p1a: Skeledirge|move: Taunt
|move|p1a: Skeledirge|Torch Song|p2a: Tornadus
|-damage|p2a: Tornadus|7/100
|-boost|p1a: Skeledirge|spa|1
|
|upkeep
|turn|6
|
|t:|1759011540
|switch|p2a: Garganacl|Garganacl, M|100/100
|move|p1a: Skeledirge|Torch Song|p2a: Garganacl
|-resisted|p2a: Garganacl
|-damage|p2a: Garganacl|81/100
|-boost|p1a: Skeledirge|spa|1
|
|-heal|p2a: Garganacl|88/100|[from] item: Leftovers
|upkeep
|turn|7
|
|t:|1759011544
|switch|p1a: Clefable|Clefable, M|100/100
|move|p2a: Garganacl|Salt Cure|p1a: Clefable
|-damage|p1a: Clefable|90/100
|-start|p1a: Clefable|Salt Cure
|
|-heal|p2a: Garganacl|94/100|[from] item: Leftovers
|upkeep
|turn|8
|
|t:|1759011547
|move|p1a: Clefable|Stealth Rock|p2a: Garganacl
|-sidestart|p2: healorant|move: Stealth Rock
|move|p2a: Garganacl|Stealth Rock|p1a: Clefable
|-sidestart|p1: Light SV|move: Stealth Rock
|
|-heal|p2a: Garganacl|99/100|[from] item: Leftovers
|upkeep
|turn|9
|
|t:|1759011551
|switch|p1a: Gliscor|Gliscor, M|100/100 tox
|-damage|p1a: Gliscor|88/100 tox|[from] Stealth Rock
|switch|p2a: Kingambit|Kingambit, M|100/100
|-damage|p2a: Kingambit|94/100|[from] Stealth Rock
|
|-heal|p2a: Kingambit|100/100|[from] item: Leftovers
|-heal|p1a: Gliscor|100/100 tox|[from] ability: Poison Heal
|upkeep
|turn|10
|
|t:|1759011555
|-end|p2a: Kingambit|fallenundefined|[silent]
|switch|p2a: Tornadus|Tornadus-Therian, M|40/100
|move|p1a: Gliscor|Earthquake|p2a: Tornadus
|-immune|p2a: Tornadus
|
|upkeep
|turn|11
|
|t:|1759011560
|switch|p1a: Dragapult|Dragapult, F|100/100
|move|p2a: Tornadus|Nasty Plot|p2a: Tornadus
|-boost|p2a: Tornadus|spa|2
|
|upkeep
|turn|12
|j| chachechi
|
|t:|1759011562
|switch|p2a: Garganacl|Garganacl, M|99/100
|-damage|p2a: Garganacl|88/100|[from] Stealth Rock
|move|p1a: Dragapult|Draco Meteor|p2a: Garganacl
|-damage|p2a: Garganacl|47/100
|-unboost|p1a: Dragapult|spa|2
|
|-heal|p2a: Garganacl|53/100|[from] item: Leftovers
|upkeep
|turn|13
|
|t:|1759011565
|move|p1a: Dragapult|U-turn|p2a: Garganacl
|-damage|p2a: Garganacl|43/100
|
|t:|1759011569
|switch|p1a: Gliscor|Gliscor, M|100/100 tox|[from] U-turn
|-damage|p1a: Gliscor|88/100 tox|[from] Stealth Rock
|move|p2a: Garganacl|Recover|p2a: Garganacl
|-heal|p2a: Garganacl|93/100
|
|-heal|p2a: Garganacl|99/100|[from] item: Leftovers
|-heal|p1a: Gliscor|100/100 tox|[from] ability: Poison Heal
|upkeep
|turn|14
|
|t:|1759011571
|move|p1a: Gliscor|Spikes|p2a: Garganacl
|-sidestart|p2: healorant|Spikes
|move|p2a: Garganacl|Salt Cure|p1a: Gliscor
|-damage|p1a: Gliscor|90/100 tox
|-start|p1a: Gliscor|Salt Cure
|
|-heal|p2a: Garganacl|100/100|[from] item: Leftovers
|-heal|p1a: Gliscor|100/100 tox|[from] ability: Poison Heal
|-damage|p1a: Gliscor|88/100 tox|[from] Salt Cure
|upkeep
|turn|15
|
|t:|1759011574
|switch|p1a: Mandibuzz|Mandibuzz, F|100/100
|switch|p2a: Tornadus|Tornadus-Therian, M|73/100
|
|upkeep
|turn|16
|
|t:|1759011580
|move|p2a: Tornadus|Nasty Plot|p2a: Tornadus
|-boost|p2a: Tornadus|spa|2
|move|p1a: Mandibuzz|Knock Off|p2a: Tornadus
|-damage|p2a: Tornadus|41/100
|-enditem|p2a: Tornadus|Heavy-Duty Boots|[from] move: Knock Off|[of] p1a: Mandibuzz
|
|upkeep
|turn|17
|
|t:|1759011594
|switch|p1a: Skeledirge|Skeledirge, F|59/100
|move|p2a: Tornadus|Bleakwind Storm|p1a: Skeledirge
|-damage|p1a: Skeledirge|23/100
|-unboost|p1a: Skeledirge|spe|1
|
|upkeep
|turn|18
|
|t:|1759011599
|move|p2a: Tornadus|Bleakwind Storm|p1a: Skeledirge
|-damage|p1a: Skeledirge|0 fnt
|faint|p1a: Skeledirge
|
|upkeep
|
|t:|1759011602
|switch|p1a: Dragapult|Dragapult, F|100/100
|turn|19
|j| maria marauders
|
|t:|1759011605
|switch|p2a: Garganacl|Garganacl, M|100/100
|-damage|p2a: Garganacl|88/100|[from] Stealth Rock
|-damage|p2a: Garganacl|76/100|[from] Spikes
|move|p1a: Dragapult|Draco Meteor|p2a: Garganacl
|-damage|p2a: Garganacl|34/100
|-unboost|p1a: Dragapult|spa|2
|
|-heal|p2a: Garganacl|40/100|[from] item: Leftovers
|upkeep
|turn|20
|
|t:|1759011608
|move|p1a: Dragapult|U-turn|p2a: Garganacl
|-damage|p2a: Garganacl|28/100
|
|t:|1759011610
|switch|p1a: Gliscor|Gliscor, M|88/100 tox|[from] U-turn
|-damage|p1a: Gliscor|75/100 tox|[from] Stealth Rock
|move|p2a: Garganacl|Recover|p2a: Garganacl
|-heal|p2a: Garganacl|78/100
|
|-heal|p2a: Garganacl|84/100|[from] item: Leftovers
|-heal|p1a: Gliscor|88/100 tox|[from] ability: Poison Heal
|upkeep
|turn|21
|
|t:|1759011612
|move|p1a: Gliscor|Spikes|p2a: Garganacl
|-sidestart|p2: healorant|Spikes
|move|p2a: Garganacl|Salt Cure|p1a: Gliscor
|-damage|p1a: Gliscor|77/100 tox
|-start|p1a: Gliscor|Salt Cure
|
|-heal|p2a: Garganacl|91/100|[from] item: Leftovers
|-heal|p1a: Gliscor|89/100 tox|[from] ability: Poison Heal
|-damage|p1a: Gliscor|77/100 tox|[from] Salt Cure
|upkeep
|turn|22
|j| hacksareus10
|
|t:|1759011616
|switch|p1a: Clefable|Clefable, M|90/100
|move|p2a: Garganacl|Salt Cure|p1a: Clefable
|-damage|p1a: Clefable|79/100
|-start|p1a: Clefable|Salt Cure
|
|-heal|p2a: Garganacl|97/100|[from] item: Leftovers
|upkeep
|turn|23
|
|t:|1759011625
|switch|p2a: Tornadus|Tornadus-Therian, M|74/100
|-damage|p2a: Tornadus|49/100|[from] Stealth Rock
|move|p1a: Clefable|Moonblast|p2a: Tornadus
|-damage|p2a: Tornadus|14/100
|-unboost|p2a: Tornadus|spa|1
|
|upkeep
|turn|24
|
|t:|1759011627
|move|p2a: Tornadus|Bleakwind Storm|p1a: Clefable
|-damage|p1a: Clefable|51/100
|-unboost|p1a: Clefable|spe|1
|move|p1a: Clefable|Moonblast|p2a: Tornadus
|-damage|p2a: Tornadus|0 fnt
|faint|p2a: Tornadus
|
|upkeep
|
|t:|1759011636
|switch|p2a: Rillaboom|Rillaboom, F|100/100
|-damage|p2a: Rillaboom|88/100|[from] Stealth Rock
|-damage|p2a: Rillaboom|72/100|[from] Spikes
|-fieldstart|move: Grassy Terrain|[from] ability: Grassy Surge|[of] p2a: Rillaboom
|turn|25
|j| Xcbbtsxcve
|
|t:|1759011647
|switch|p1a: Mandibuzz|Mandibuzz, F|100/100
|move|p2a: Rillaboom|Wood Hammer|p1a: Mandibuzz
|-resisted|p1a: Mandibuzz
|-damage|p1a: Mandibuzz|65/100
|-damage|p2a: Rillaboom|57/100|[from] Recoil
|
|-heal|p2a: Rillaboom|63/100|[from] Grassy Terrain
|upkeep
|turn|26
|
|t:|1759011652
|move|p2a: Rillaboom|Wood Hammer|p1a: Mandibuzz
|-resisted|p1a: Mandibuzz
|-damage|p1a: Mandibuzz|27/100
|-damage|p2a: Rillaboom|48/100|[from] Recoil
|move|p1a: Mandibuzz|Knock Off|p2a: Rillaboom
|-damage|p2a: Rillaboom|23/100
|-enditem|p2a: Rillaboom|Choice Band|[from] move: Knock Off|[of] p1a: Mandibuzz
|
|-heal|p2a: Rillaboom|29/100|[from] Grassy Terrain
|upkeep
|turn|27
|
|t:|1759011665
|move|p2a: Rillaboom|Wood Hammer|p1a: Mandibuzz
|-resisted|p1a: Mandibuzz
|-damage|p1a: Mandibuzz|4/100
|-damage|p2a: Rillaboom|20/100|[from] Recoil
|move|p1a: Mandibuzz|Roost|p1a: Mandibuzz
|-heal|p1a: Mandibuzz|54/100
|-singleturn|p1a: Mandibuzz|move: Roost
|
|-heal|p2a: Rillaboom|26/100|[from] Grassy Terrain
|-heal|p1a: Mandibuzz|60/100|[from] Grassy Terrain
|upkeep
|turn|28
|
|t:|1759011667
|move|p2a: Rillaboom|Knock Off|p1a: Mandibuzz
|-resisted|p1a: Mandibuzz
|-damage|p1a: Mandibuzz|50/100
|-enditem|p1a: Mandibuzz|Heavy-Duty Boots|[from] move: Knock Off|[of] p2a: Rillaboom
|move|p1a: Mandibuzz|Roost|p1a: Mandibuzz
|-heal|p1a: Mandibuzz|99/100
|-singleturn|p1a: Mandibuzz|move: Roost
|
|-heal|p2a: Rillaboom|32/100|[from] Grassy Terrain
|-heal|p1a: Mandibuzz|100/100|[from] Grassy Terrain
|upkeep
|turn|29
|
|t:|1759011676
|move|p2a: Rillaboom|U-turn|p1a: Mandibuzz
|-damage|p1a: Mandibuzz|86/100
|
|t:|1759011681
|switch|p2a: Garganacl|Garganacl, M|97/100|[from] U-turn
|-damage|p2a: Garganacl|84/100|[from] Stealth Rock
|-damage|p2a: Garganacl|68/100|[from] Spikes
|move|p1a: Mandibuzz|Iron Defense|p1a: Mandibuzz
|-boost|p1a: Mandibuzz|def|2
|
|-heal|p2a: Garganacl|74/100|[from] Grassy Terrain
|-heal|p2a: Garganacl|80/100|[from] item: Leftovers
|-fieldend|move: Grassy Terrain
|upkeep
|turn|30
|
|t:|1759011684
|move|p1a: Mandibuzz|Knock Off|p2a: Garganacl
|-damage|p2a: Garganacl|65/100
|-enditem|p2a: Garganacl|Leftovers|[from] move: Knock Off|[of] p1a: Mandibuzz
|move|p2a: Garganacl|Salt Cure|p1a: Mandibuzz
|-supereffective|p1a: Mandibuzz
|-damage|p1a: Mandibuzz|79/100
|-start|p1a: Mandibuzz|Salt Cure
|
|-damage|p1a: Mandibuzz|66/100|[from] Salt Cure
|upkeep
|turn|31
|
|t:|1759011689
|switch|p2a: Rillaboom|Rillaboom, F|32/100
|-damage|p2a: Rillaboom|20/100|[from] Stealth Rock
|-damage|p2a: Rillaboom|3/100|[from] Spikes
|-fieldstart|move: Grassy Terrain|[from] ability: Grassy Surge|[of] p2a: Rillaboom
|move|p1a: Mandibuzz|Roost|p1a: Mandibuzz
|-heal|p1a: Mandibuzz|100/100
|-singleturn|p1a: Mandibuzz|move: Roost
|
|-heal|p2a: Rillaboom|10/100|[from] Grassy Terrain
|-damage|p1a: Mandibuzz|88/100|[from] Salt Cure
|upkeep
|turn|32
|
|t:|1759011692
|move|p2a: Rillaboom|Wood Hammer|p1a: Mandibuzz
|-resisted|p1a: Mandibuzz
|-damage|p1a: Mandibuzz|76/100
|-damage|p2a: Rillaboom|5/100|[from] Recoil
|move|p1a: Mandibuzz|Knock Off|p2a: Rillaboom
|-damage|p2a: Rillaboom|0 fnt
|faint|p2a: Rillaboom
|
|-damage|p1a: Mandibuzz|64/100|[from] Salt Cure
|upkeep
|
|t:|1759011697
|switch|p2a: Great Tusk|Great Tusk|100/100
|-damage|p2a: Great Tusk|98/100|[from] Stealth Rock
|-damage|p2a: Great Tusk|81/100|[from] Spikes
|turn|33
|
|t:|1759011701
|switch|p1a: Dragapult|Dragapult, F|100/100
|move|p2a: Great Tusk|Knock Off|p1a: Dragapult
|-supereffective|p1a: Dragapult
|-damage|p1a: Dragapult|22/100
|-enditem|p1a: Dragapult|Heavy-Duty Boots|[from] move: Knock Off|[of] p2a: Great Tusk
|
|-heal|p1a: Dragapult|28/100|[from] Grassy Terrain
|-heal|p2a: Great Tusk|87/100|[from] Grassy Terrain
|-heal|p2a: Great Tusk|93/100|[from] item: Leftovers
|upkeep
|turn|34
|
|t:|1759011707
|move|p1a: Dragapult|Will-O-Wisp|p2a: Great Tusk
|-status|p2a: Great Tusk|brn
|move|p2a: Great Tusk|Knock Off|p1a: Dragapult
|-supereffective|p1a: Dragapult
|-damage|p1a: Dragapult|3/100
|
|-heal|p1a: Dragapult|9/100|[from] Grassy Terrain
|-heal|p2a: Great Tusk|99/100 brn|[from] Grassy Terrain
|-heal|p2a: Great Tusk|100/100 brn|[from] item: Leftovers
|-damage|p2a: Great Tusk|94/100 brn|[from] brn
|upkeep
|turn|35
|
|t:|1759011712
|-terastallize|p1a: Dragapult|Dragon
|move|p1a: Dragapult|Draco Meteor|p2a: Great Tusk
|-damage|p2a: Great Tusk|0 fnt
|-unboost|p1a: Dragapult|spa|2
|faint|p2a: Great Tusk
|-end|p2a: Great Tusk|Protosynthesis|[silent]
|
|-heal|p1a: Dragapult|15/100|[from] Grassy Terrain
|-fieldend|move: Grassy Terrain
|upkeep
|
|t:|1759011720
|switch|p2a: Garganacl|Garganacl, M|65/100
|-damage|p2a: Garganacl|53/100|[from] Stealth Rock
|-damage|p2a: Garganacl|36/100|[from] Spikes
|turn|36
|
|t:|1759011723
|move|p1a: Dragapult|U-turn|p2a: Garganacl
|-damage|p2a: Garganacl|25/100
|
|t:|1759011725
|switch|p1a: Clefable|Clefable, M|51/100|[from] U-turn
|move|p2a: Garganacl|Salt Cure|p1a: Clefable
|-damage|p1a: Clefable|40/100
|-start|p1a: Clefable|Salt Cure
|
|upkeep
|turn|37
|
|t:|1759011727
|move|p1a: Clefable|Moonlight|p1a: Clefable
|-heal|p1a: Clefable|90/100
|move|p2a: Garganacl|Recover|p2a: Garganacl
|-heal|p2a: Garganacl|75/100
|
|upkeep
|turn|38
|j| TussiOld
|
|t:|1759011732
|move|p1a: Clefable|Moonblast|p2a: Garganacl
|-damage|p2a: Garganacl|53/100
|move|p2a: Garganacl|Recover|p2a: Garganacl
|-heal|p2a: Garganacl|100/100
|
|upkeep
|turn|39
|j| Lamp0821
|
|t:|1759011734
|switch|p2a: Kingambit|Kingambit, M|100/100
|-damage|p2a: Kingambit|94/100|[from] Stealth Rock
|-damage|p2a: Kingambit|78/100|[from] Spikes
|-activate|p2a: Kingambit|ability: Supreme Overlord
|-start|p2a: Kingambit|fallen3|[silent]
|move|p1a: Clefable|Moonblast|p2a: Kingambit
|-damage|p2a: Kingambit|44/100
|
|-heal|p2a: Kingambit|50/100|[from] item: Leftovers
|upkeep
|turn|40
|l| Lamp0821
|
|t:|1759011737
|switch|p1a: Gliscor|Gliscor, M|77/100 tox
|-damage|p1a: Gliscor|64/100 tox|[from] Stealth Rock
|move|p2a: Kingambit|Iron Head|p1a: Gliscor
|-damage|p1a: Gliscor|23/100 tox
|
|-heal|p2a: Kingambit|56/100|[from] item: Leftovers
|-heal|p1a: Gliscor|36/100 tox|[from] ability: Poison Heal
|upkeep
|turn|41
|
|t:|1759011744
|move|p2a: Kingambit|Sucker Punch|p1a: Gliscor
|-damage|p1a: Gliscor|0 fnt
|faint|p1a: Gliscor
|
|-heal|p2a: Kingambit|62/100|[from] item: Leftovers
|upkeep
|
|t:|1759011747
|switch|p1a: Mandibuzz|Mandibuzz, F|64/100
|-damage|p1a: Mandibuzz|39/100|[from] Stealth Rock
|turn|42
|
|t:|1759011750
|move|p1a: Mandibuzz|Iron Defense|p1a: Mandibuzz
|-boost|p1a: Mandibuzz|def|2
|move|p2a: Kingambit|Swords Dance|p2a: Kingambit
|-boost|p2a: Kingambit|atk|2
|
|-heal|p2a: Kingambit|68/100|[from] item: Leftovers
|upkeep
|turn|43
|
|t:|1759011752
|move|p1a: Mandibuzz|Roost|p1a: Mandibuzz
|-heal|p1a: Mandibuzz|89/100
|-singleturn|p1a: Mandibuzz|move: Roost
|move|p2a: Kingambit|Iron Head|p1a: Mandibuzz
|-damage|p1a: Mandibuzz|54/100
|
|-heal|p2a: Kingambit|74/100|[from] item: Leftovers
|upkeep
|turn|44
|
|t:|1759011755
|move|p1a: Mandibuzz|Iron Defense|p1a: Mandibuzz
|-boost|p1a: Mandibuzz|def|2
|move|p2a: Kingambit|Iron Head|p1a: Mandibuzz
|-damage|p1a: Mandibuzz|31/100
|
|-heal|p2a: Kingambit|81/100|[from] item: Leftovers
|upkeep
|turn|45
|
|t:|1759011757
|move|p1a: Mandibuzz|Roost|p1a: Mandibuzz
|-heal|p1a: Mandibuzz|82/100
|-singleturn|p1a: Mandibuzz|move: Roost
|move|p2a: Kingambit|Iron Head|p1a: Mandibuzz
|-damage|p1a: Mandibuzz|60/100
|
|-heal|p2a: Kingambit|87/100|[from] item: Leftovers
|upkeep
|turn|46
|
|t:|1759011760
|move|p1a: Mandibuzz|Iron Defense|p1a: Mandibuzz
|-boost|p1a: Mandibuzz|def|2
|move|p2a: Kingambit|Iron Head|p1a: Mandibuzz
|-crit|p1a: Mandibuzz
|-damage|p1a: Mandibuzz|0 fnt
|faint|p1a: Mandibuzz
|
|-heal|p2a: Kingambit|93/100|[from] item: Leftovers
|upkeep
|-message|Light SV forfeited.
|
|win|healorant
|raw|Light SV's rating: 1832 &rarr; <strong>1816</strong><br />(-16 for losing)
|raw|healorant's rating: 1894 &rarr; <strong>1910</strong><br />(+16 for winning)
|l|☆Light SV
|player|p1|
|l|☆healorant
|player|p2|
|l| chachechi
|j| Nikator98
|l| maria marauders
|l| Xcbbtsxcve
