|j|☆magmarpanzer
|j|☆RAGGNNAR
|t:|1759073457
|gametype|singles
|player|p1|magmarpanzer|1|1289
|player|p2|RAGGNNAR|ruinmaniac|1295
|gen|9
|tier|[Gen 9] OU
|rated|
|rule|HP Percentage Mod: HP is shown in percentages
|rule|Endless Battle Clause: Forcing endless battles is banned
|rule|Species Clause: Limit one of each Pokémon
|rule|OHKO Clause: OHKO moves are banned
|rule|Evasion Items Clause: Evasion items are banned
|rule|Evasion Moves Clause: Evasion moves are banned
|rule|Evasion Abilities Clause: Evasion abilities are banned
|rule|Sleep Moves Clause: Sleep-inducing moves are banned
|clearpoke
|poke|p1|Weezing-Galar, F|
|poke|p1|Iron Crown|
|poke|p1|Meowscarada, F|
|poke|p1|Dondozo, M|
|poke|p1|Ogerpon-Wellspring, F|
|poke|p1|Garchomp, M|
|poke|p2|Goodra, F|
|poke|p2|Ogerpon-Wellspring, F|
|poke|p2|Weezing, M|
|poke|p2|Muk-Alola, M|
|poke|p2|Great Tusk|
|poke|p2|Clefable, F|
|teampreview
|inactive|Battle timer is ON: inactive players will automatically lose when time's up. (requested by magmarpanzer)
|inactive|magmarpanzer has 120 seconds left.
|
|t:|1759073490
|teamsize|p1|6
|teamsize|p2|6
|start
|switch|p1a: Meowscarada|Meowscarada, F|100/100
|switch|p2a: Clefable|Clefable, F, shiny|100/100
|turn|1
|
|t:|1759073502
|move|p1a: Meowscarada|U-turn|p2a: Clefable
|-start|p1a: Meowscarada|typechange|Bug|[from] ability: Protean
|-resisted|p2a: Clefable
|-damage|p2a: Clefable|66/100
|
|t:|1759073505
|switch|p1a: Iron Crown|Iron Crown|100/100|[from] U-turn
|move|p2a: Clefable|Stealth Rock|p1a: Iron Crown
|-sidestart|p1: magmarpanzer|move: Stealth Rock
|
|upkeep
|turn|2
|
|t:|1759073516
|switch|p2a: Muk|Muk-Alola, M, shiny|100/100
|move|p1a: Iron Crown|Tachyon Cutter|p2a: Muk
|-damage|p2a: Muk|76/100
|-damage|p2a: Muk|52/100
|-hitcount|p2a: Muk|2
|
|upkeep
|turn|3
|
|t:|1759073533
|-terastallize|p1a: Iron Crown|Steel
|move|p1a: Iron Crown|Tachyon Cutter|p2a: Muk
|-damage|p2a: Muk|22/100
|-damage|p2a: Muk|0 fnt
|faint|p2a: Muk
|-hitcount|p2: Muk|2
|
|upkeep
|
|t:|1759073542
|switch|p2a: Ogerpon|Ogerpon-Wellspring, F|100/100
|turn|4
|
|t:|1759073546
|-end|p1a: Iron Crown|Quark Drive|[silent]
|switch|p1a: Weezing|Weezing-Galar, F|100/100
|move|p2a: Ogerpon|U-turn|p1a: Weezing
|-resisted|p1a: Weezing
|-damage|p1a: Weezing|97/100
|
|t:|1759073561
|switch|p2a: Goodra|Goodra, F, shiny|100/100|[from] U-turn
|
|upkeep
|turn|5
|
|t:|1759073572
|move|p2a: Goodra|Flamethrower|p1a: Weezing
|-damage|p1a: Weezing|44/100
|move|p1a: Weezing|Defog|p2a: Goodra
|-unboost|p2a: Goodra|evasion|1
|-sideend|p1: magmarpanzer|Stealth Rock|[from] move: Defog|[of] p1a: Weezing
|
|upkeep
|turn|6
|
|t:|1759073580
|switch|p1a: Garchomp|Garchomp, M|100/100
|move|p2a: Goodra|Flamethrower|p1a: Garchomp
|-resisted|p1a: Garchomp
|-damage|p1a: Garchomp|82/100
|
|upkeep
|turn|7
|
|t:|1759073589
|switch|p2a: Clefable|Clefable, F, shiny|66/100
|move|p1a: Garchomp|Stealth Rock|p2a: Clefable
|-sidestart|p2: RAGGNNAR|move: Stealth Rock
|
|upkeep
|turn|8
|
|t:|1759073594
|switch|p1a: Iron Crown|Iron Crown, tera:Steel|100/100
|move|p2a: Clefable|Moonblast|p1a: Iron Crown
|-resisted|p1a: Iron Crown
|-damage|p1a: Iron Crown|76/100
|
|upkeep
|turn|9
|
|t:|1759073600
|-terastallize|p2a: Clefable|Fire
|move|p1a: Iron Crown|Tachyon Cutter|p2a: Clefable
|-resisted|p2a: Clefable
|-damage|p2a: Clefable|37/100
|-resisted|p2a: Clefable
|-damage|p2a: Clefable|7/100
|-hitcount|p2a: Clefable|2
|move|p2a: Clefable|Flamethrower|p1a: Iron Crown
|-supereffective|p1a: Iron Crown
|-damage|p1a: Iron Crown|0 fnt
|faint|p1a: Iron Crown
|-end|p1a: Iron Crown|Quark Drive|[silent]
|
|upkeep
|
|t:|1759073606
|switch|p1a: Meowscarada|Meowscarada, F|100/100
|turn|10
|
|t:|1759073612
|switch|p2a: Weezing|Weezing, M, shiny|100/100
|-damage|p2a: Weezing|88/100|[from] Stealth Rock
|move|p1a: Meowscarada|U-turn|p2a: Weezing
|-start|p1a: Meowscarada|typechange|Bug|[from] ability: Protean
|-resisted|p2a: Weezing
|-damage|p2a: Weezing|72/100
|-damage|p1a: Meowscarada|84/100|[from] item: Rocky Helmet|[of] p2a: Weezing
|
|t:|1759073620
|switch|p1a: Ogerpon|Ogerpon-Wellspring, F|100/100|[from] U-turn
|
|upkeep
|turn|11
|
|t:|1759073624
|move|p1a: Ogerpon|Ivy Cudgel|p2a: Weezing|[anim] Ivy Cudgel Water
|-damage|p2a: Weezing|30/100
|move|p2a: Weezing|Will-O-Wisp|p1a: Ogerpon
|-status|p1a: Ogerpon|brn
|
|-damage|p1a: Ogerpon|95/100 brn|[from] brn
|upkeep
|turn|12
|
|t:|1759073631
|move|p1a: Ogerpon|Ivy Cudgel|p2a: Weezing|[anim] Ivy Cudgel Water
|-damage|p2a: Weezing|10/100
|move|p2a: Weezing|Pain Split|p1a: Ogerpon
|-sethp|p1a: Ogerpon|53/100 brn|[from] move: Pain Split|[silent]
|-sethp|p2a: Weezing|48/100|[from] move: Pain Split
|
|-damage|p1a: Ogerpon|47/100 brn|[from] brn
|upkeep
|turn|13
|
|t:|1759073640
|switch|p2a: Ogerpon|Ogerpon-Wellspring, F|100/100
|-damage|p2a: Ogerpon|88/100|[from] Stealth Rock
|move|p1a: Ogerpon|Knock Off|p2a: Ogerpon
|-damage|p2a: Ogerpon|74/100
|
|-damage|p1a: Ogerpon|41/100 brn|[from] brn
|upkeep
|turn|14
|
|t:|1759073650
|move|p1a: Ogerpon|U-turn|p2a: Ogerpon
|-supereffective|p2a: Ogerpon
|-damage|p2a: Ogerpon|43/100
|
|t:|1759073654
|switch|p1a: Weezing|Weezing-Galar, F|44/100|[from] U-turn
|move|p2a: Ogerpon|Horn Leech|p1a: Weezing
|-resisted|p1a: Weezing
|-damage|p1a: Weezing|32/100
|-heal|p2a: Ogerpon|48/100|[from] drain|[of] p1a: Weezing
|
|upkeep
|turn|15
|
|t:|1759073664
|move|p2a: Ogerpon|U-turn|p1a: Weezing
|-resisted|p1a: Weezing
|-damage|p1a: Weezing|28/100
|
|t:|1759073668
|switch|p2a: Great Tusk|Great Tusk, shiny|100/100|[from] U-turn
|move|p1a: Weezing|Pain Split|p2a: Great Tusk
|-sethp|p2a: Great Tusk|63/100|[from] move: Pain Split|[silent]
|-sethp|p1a: Weezing|70/100|[from] move: Pain Split
|
|upkeep
|turn|16
|
|t:|1759073677
|-end|p2a: Great Tusk|Protosynthesis|[silent]
|switch|p2a: Clefable|Clefable, F, shiny, tera:Fire|7/100
|move|p1a: Weezing|Will-O-Wisp|p2a: Clefable
|-immune|p2a: Clefable
|
|upkeep
|turn|17
|
|t:|1759073683
|move|p2a: Clefable|Stealth Rock|p1a: Weezing
|-sidestart|p1: magmarpanzer|move: Stealth Rock
|move|p1a: Weezing|Strange Steam|p2a: Clefable
|-resisted|p2a: Clefable
|-damage|p2a: Clefable|0 fnt
|faint|p2a: Clefable
|
|upkeep
|
|t:|1759073696
|switch|p2a: Goodra|Goodra, F, shiny|100/100
|-damage|p2a: Goodra|88/100|[from] Stealth Rock
|turn|18
|
|t:|1759073701
|switch|p1a: Garchomp|Garchomp, M|82/100
|-damage|p1a: Garchomp|76/100|[from] Stealth Rock
|move|p2a: Goodra|Flamethrower|p1a: Garchomp
|-resisted|p1a: Garchomp
|-damage|p1a: Garchomp|56/100
|
|upkeep
|turn|19
|
|t:|1759073711
|switch|p2a: Weezing|Weezing, M, shiny|48/100
|-damage|p2a: Weezing|36/100|[from] Stealth Rock
|move|p1a: Garchomp|Spikes|p2a: Weezing
|-sidestart|p2: RAGGNNAR|Spikes
|
|upkeep
|turn|20
|
|t:|1759073718
|switch|p2a: Great Tusk|Great Tusk, shiny|63/100
|move|p1a: Garchomp|Dragon Tail|p2a: Great Tusk
|-damage|p2a: Great Tusk|43/100
|-end|p2a: Great Tusk|Protosynthesis|[silent]
|drag|p2a: Weezing|Weezing, M, shiny|36/100
|-damage|p2a: Weezing|23/100|[from] Stealth Rock
|
|upkeep
|turn|21
|
|t:|1759073729
|move|p2a: Weezing|Will-O-Wisp|p1a: Garchomp
|-status|p1a: Garchomp|brn
|move|p1a: Garchomp|Dragon Tail|p2a: Weezing
|-damage|p2a: Weezing|15/100
|-damage|p1a: Garchomp|40/100 brn|[from] item: Rocky Helmet|[of] p2a: Weezing
|drag|p2a: Great Tusk|Great Tusk, shiny|43/100
|
|-damage|p1a: Garchomp|33/100 brn|[from] brn
|upkeep
|turn|22
|
|t:|1759073739
|move|p2a: Great Tusk|Rapid Spin|p1a: Garchomp
|-damage|p1a: Garchomp|23/100 brn
|-boost|p2a: Great Tusk|spe|1
|-damage|p2a: Great Tusk|31/100|[from] ability: Rough Skin|[of] p1a: Garchomp
|-damage|p2a: Great Tusk|14/100|[from] item: Rocky Helmet|[of] p1a: Garchomp
|-sideend|p2: RAGGNNAR|Spikes|[from] move: Rapid Spin|[of] p2a: Great Tusk
|-sideend|p2: RAGGNNAR|Stealth Rock|[from] move: Rapid Spin|[of] p2a: Great Tusk
|move|p1a: Garchomp|Dragon Tail|p2a: Great Tusk
|-damage|p2a: Great Tusk|5/100
|-end|p2a: Great Tusk|Protosynthesis|[silent]
|drag|p2a: Ogerpon|Ogerpon-Wellspring, F|48/100
|
|-damage|p1a: Garchomp|16/100 brn|[from] brn
|upkeep
|turn|23
|
|t:|1759073750
|move|p2a: Ogerpon|Ivy Cudgel|p1a: Garchomp|[anim] Ivy Cudgel Water
|-damage|p1a: Garchomp|0 fnt
|faint|p1a: Garchomp
|
|upkeep
|
|t:|1759073755
|switch|p1a: Meowscarada|Meowscarada, F|84/100
|-damage|p1a: Meowscarada|72/100|[from] Stealth Rock
|turn|24
|
|t:|1759073768
|switch|p2a: Great Tusk|Great Tusk, shiny|5/100
|move|p1a: Meowscarada|Flower Trick|p2a: Great Tusk
|-start|p1a: Meowscarada|typechange|Grass|[from] ability: Protean
|-supereffective|p2a: Great Tusk
|-crit|p2a: Great Tusk
|-damage|p2a: Great Tusk|0 fnt
|faint|p2a: Great Tusk
|-end|p2a: Great Tusk|Protosynthesis|[silent]
|
|upkeep
|
|t:|1759073776
|switch|p2a: Goodra|Goodra, F, shiny|88/100
|turn|25
|
|t:|1759073781
|switch|p1a: Weezing|Weezing-Galar, F|70/100
|move|p2a: Goodra|Flamethrower|p1a: Weezing
|-damage|p1a: Weezing|13/100
|
|upkeep
|turn|26
|
|t:|1759073786
|move|p2a: Goodra|Flamethrower|p1a: Weezing
|-damage|p1a: Weezing|0 fnt
|faint|p1a: Weezing
|
|upkeep
|
|t:|1759073791
|switch|p1a: Ogerpon|Ogerpon-Wellspring, F|41/100 brn
|-damage|p1a: Ogerpon|29/100 brn|[from] Stealth Rock
|turn|27
|
|t:|1759073795
|move|p1a: Ogerpon|Knock Off|p2a: Goodra
|-crit|p2a: Goodra
|-damage|p2a: Goodra|49/100
|-ability|p2a: Goodra|Gooey
|-unboost|p1a: Ogerpon|spe|1
|-enditem|p2a: Goodra|Choice Specs|[from] move: Knock Off|[of] p1a: Ogerpon
|move|p2a: Goodra|Flamethrower|p1a: Ogerpon
|-damage|p1a: Ogerpon|0 fnt
|faint|p1a: Ogerpon
|
|upkeep
|
|t:|1759073803
|switch|p1a: Meowscarada|Meowscarada, F|72/100
|-damage|p1a: Meowscarada|60/100|[from] Stealth Rock
|turn|28
|
|t:|1759073813
|switch|p2a: Ogerpon|Ogerpon-Wellspring, F|48/100
|move|p1a: Meowscarada|U-turn|p2a: Ogerpon
|-start|p1a: Meowscarada|typechange|Bug|[from] ability: Protean
|-supereffective|p2a: Ogerpon
|-damage|p2a: Ogerpon|0 fnt
|faint|p2a: Ogerpon
|
|t:|1759073816
|switch|p1a: Dondozo|Dondozo, M|100/100|[from] U-turn
|
|upkeep
|
|t:|1759073826
|switch|p2a: Weezing|Weezing, M, shiny|15/100
|turn|29
|inactive|magmarpanzer has 120 seconds left.
|
|t:|1759073857
|move|p2a: Weezing|Pain Split|p1a: Dondozo
|-sethp|p1a: Dondozo|55/100|[from] move: Pain Split|[silent]
|-sethp|p2a: Weezing|83/100|[from] move: Pain Split
|move|p1a: Dondozo|Curse|p1a: Dondozo
|-unboost|p1a: Dondozo|spe|1
|-boost|p1a: Dondozo|atk|1
|-boost|p1a: Dondozo|def|1
|
|upkeep
|turn|30
|
|t:|1759073868
|move|p2a: Weezing|Will-O-Wisp|p1a: Dondozo
|-status|p1a: Dondozo|brn
|move|p1a: Dondozo|Curse|p1a: Dondozo
|-unboost|p1a: Dondozo|spe|1
|-boost|p1a: Dondozo|atk|1
|-boost|p1a: Dondozo|def|1
|
|-damage|p1a: Dondozo|49/100 brn|[from] brn
|upkeep
|turn|31
|
|t:|1759073877
|switch|p2a: Goodra|Goodra, F, shiny|49/100
|move|p1a: Dondozo|Rest|p1a: Dondozo
|-status|p1a: Dondozo|slp|[from] move: Rest
|-heal|p1a: Dondozo|100/100 slp|[silent]
|
|upkeep
|turn|32
|
|t:|1759073882
|move|p2a: Goodra|Draco Meteor|p1a: Dondozo
|-damage|p1a: Dondozo|39/100 slp
|-unboost|p2a: Goodra|spa|2
|cant|p1a: Dondozo|slp
|move|p1a: Dondozo|Sleep Talk|p1a: Dondozo
|move|p1a: Dondozo|Curse|p1a: Dondozo|[from] move: Sleep Talk
|-unboost|p1a: Dondozo|spe|1
|-boost|p1a: Dondozo|atk|1
|-boost|p1a: Dondozo|def|1
|
|upkeep
|turn|33
|
|t:|1759073887
|move|p2a: Goodra|Draco Meteor|p1a: Dondozo|[miss]
|-miss|p2a: Goodra|p1a: Dondozo
|cant|p1a: Dondozo|slp
|move|p1a: Dondozo|Sleep Talk|p1a: Dondozo
|move|p1a: Dondozo|Rest||[from] move: Sleep Talk|[still]
|-fail|p1a: Dondozo
|
|upkeep
|turn|34
|
|t:|1759073890
|move|p2a: Goodra|Draco Meteor|p1a: Dondozo
|-damage|p1a: Dondozo|0 fnt
|-unboost|p2a: Goodra|spa|2
|faint|p1a: Dondozo
|
|upkeep
|
|t:|1759073892
|switch|p1a: Meowscarada|Meowscarada, F|60/100
|-damage|p1a: Meowscarada|47/100|[from] Stealth Rock
|turn|35
|
|t:|1759073899
|move|p1a: Meowscarada|Flower Trick|p2a: Goodra
|-start|p1a: Meowscarada|typechange|Grass|[from] ability: Protean
|-resisted|p2a: Goodra
|-crit|p2a: Goodra
|-damage|p2a: Goodra|0 fnt
|faint|p2a: Goodra
|
|upkeep
|
|t:|1759073904
|switch|p2a: Weezing|Weezing, M, shiny|83/100
|turn|36
|
|t:|1759073909
|move|p1a: Meowscarada|Flower Trick|p2a: Weezing
|-resisted|p2a: Weezing
|-crit|p2a: Weezing
|-damage|p2a: Weezing|60/100
|move|p2a: Weezing|Will-O-Wisp|p1a: Meowscarada
|-status|p1a: Meowscarada|brn
|
|-damage|p1a: Meowscarada|41/100 brn|[from] brn
|upkeep
|turn|37
|-message|magmarpanzer forfeited.
|
|win|RAGGNNAR
|raw|magmarpanzer's rating: 1289 &rarr; <strong>1264</strong><br />(-25 for losing)
|raw|RAGGNNAR's rating: 1295 &rarr; <strong>1320</strong><br />(+25 for winning)
|l|☆magmarpanzer
|player|p1|
|l|☆RAGGNNAR
|player|p2|
