|j|☆Neo Mythic
|j|☆Supersayan999
|t:|1758923911
|gametype|singles
|player|p1|Neo Mythic|unknown|1310
|player|p2|Supersayan999|palmer|1313
|gen|9
|tier|[Gen 9] OU
|rated|
|rule|HP Percentage Mod: HP is shown in percentages
|rule|Endless Battle Clause: Forcing endless battles is banned
|rule|Species Clause: Limit one of each Pokémon
|rule|OHKO Clause: OHKO moves are banned
|rule|Evasion Items Clause: Evasion items are banned
|rule|Evasion Moves Clause: Evasion moves are banned
|rule|Evasion Abilities Clause: Evasion abilities are banned
|rule|Sleep Moves Clause: Sleep-inducing moves are banned
|clearpoke
|poke|p1|Dragonite, F|
|poke|p1|Gliscor, F|
|poke|p1|Darkrai|
|poke|p1|Dondozo, F|
|poke|p1|Slowking-Galar, F|
|poke|p1|Raging Bolt|
|poke|p2|Scizor, F|
|poke|p2|Great Tusk|
|poke|p2|Araquanid, M|
|poke|p2|Regice|
|poke|p2|Regirock|
|poke|p2|Dragapult, M|
|teampreview
|
|t:|1758923926
|teamsize|p1|6
|teamsize|p2|6
|start
|switch|p1a: Slowking|Slowking-Galar, F|100/100
|switch|p2a: Regice|Regice|100/100
|turn|1
|
|t:|1758923933
|move|p2a: Regice|Charge Beam|p1a: Slowking
|-damage|p1a: Slowking|92/100
|-boost|p2a: Regice|spa|1
|move|p1a: Slowking|Flamethrower|p2a: Regice
|-supereffective|p2a: Regice
|-damage|p2a: Regice|72/100
|
|-heal|p2a: Regice|78/100|[from] item: Leftovers
|upkeep
|turn|2
|
|t:|1758923943
|move|p2a: Regice|Charge Beam|p1a: Slowking
|-damage|p1a: Slowking|80/100
|-boost|p2a: Regice|spa|1
|move|p1a: Slowking|Flamethrower|p2a: Regice
|-supereffective|p2a: Regice
|-damage|p2a: Regice|45/100
|
|-heal|p2a: Regice|51/100|[from] item: Leftovers
|upkeep
|turn|3
|
|t:|1758923953
|move|p2a: Regice|Ice Beam|p1a: Slowking
|-damage|p1a: Slowking|34/100
|move|p1a: Slowking|Flamethrower|p2a: Regice
|-supereffective|p2a: Regice
|-damage|p2a: Regice|22/100
|
|-heal|p2a: Regice|29/100|[from] item: Leftovers
|upkeep
|turn|4
|
|t:|1758923962
|switch|p1a: Dondozo|Dondozo, F|100/100
|move|p2a: Regice|Rest|p2a: Regice
|-status|p2a: Regice|slp|[from] move: Rest
|-heal|p2a: Regice|100/100 slp|[silent]
|
|upkeep
|turn|5
|
|t:|1758923970
|cant|p2a: Regice|slp
|move|p2a: Regice|Sleep Talk|p2a: Regice
|move|p2a: Regice|Charge Beam|p1a: Dondozo|[from] move: Sleep Talk
|-supereffective|p1a: Dondozo
|-damage|p1a: Dondozo|72/100
|-boost|p2a: Regice|spa|1
|move|p1a: Dondozo|Liquidation|p2a: Regice
|-damage|p2a: Regice|65/100 slp
|
|-heal|p2a: Regice|71/100 slp|[from] item: Leftovers
|-heal|p1a: Dondozo|78/100|[from] item: Leftovers
|upkeep
|turn|6
|
|t:|1758923983
|move|p1a: Dondozo|Protect|p1a: Dondozo
|-singleturn|p1a: Dondozo|Protect
|cant|p2a: Regice|slp
|move|p2a: Regice|Sleep Talk|p2a: Regice
|move|p2a: Regice|Charge Beam|p1a: Dondozo|[from] move: Sleep Talk
|-activate|p1a: Dondozo|move: Protect
|
|-heal|p2a: Regice|77/100 slp|[from] item: Leftovers
|-heal|p1a: Dondozo|85/100|[from] item: Leftovers
|upkeep
|turn|7
|
|t:|1758923995
|switch|p1a: Gliscor|Gliscor, F|100/100
|-curestatus|p2a: Regice|slp|[msg]
|move|p2a: Regice|Charge Beam|p1a: Gliscor
|-immune|p1a: Gliscor
|
|-heal|p2a: Regice|83/100|[from] item: Leftovers
|-status|p1a: Gliscor|tox|[from] item: Toxic Orb
|upkeep
|turn|8
|
|t:|1758924009
|move|p1a: Gliscor|Protect|p1a: Gliscor
|-singleturn|p1a: Gliscor|Protect
|move|p2a: Regice|Charge Beam|p1a: Gliscor
|-activate|p1a: Gliscor|move: Protect
|
|-heal|p2a: Regice|89/100|[from] item: Leftovers
|upkeep
|turn|9
|
|t:|1758924022
|move|p1a: Gliscor|Knock Off|p2a: Regice
|-crit|p2a: Regice
|-damage|p2a: Regice|61/100
|-enditem|p2a: Regice|Leftovers|[from] move: Knock Off|[of] p1a: Gliscor
|move|p2a: Regice|Ice Beam|p1a: Gliscor
|-supereffective|p1a: Gliscor
|-damage|p1a: Gliscor|0 fnt
|faint|p1a: Gliscor
|
|upkeep
|
|t:|1758924031
|switch|p1a: Darkrai|Darkrai|100/100
|turn|10
|
|t:|1758924035
|move|p1a: Darkrai|Dark Pulse|p2a: Regice
|-damage|p2a: Regice|27/100
|cant|p2a: Regice|flinch
|
|upkeep
|turn|11
|
|t:|1758924047
|switch|p2a: Great Tusk|Great Tusk|100/100
|move|p1a: Darkrai|Dark Pulse|p2a: Great Tusk
|-resisted|p2a: Great Tusk
|-damage|p2a: Great Tusk|56/100
|
|upkeep
|turn|12
|
|t:|1758924058
|switch|p1a: Dondozo|Dondozo, F|85/100
|move|p2a: Great Tusk|Rapid Spin|p1a: Dondozo
|-damage|p1a: Dondozo|72/100
|-boost|p2a: Great Tusk|spe|1
|
|-heal|p1a: Dondozo|78/100|[from] item: Leftovers
|upkeep
|turn|13
|
|t:|1758924069
|-end|p2a: Great Tusk|Protosynthesis|[silent]
|switch|p2a: Araquanid|Araquanid, M|100/100
|move|p1a: Dondozo|Liquidation|p2a: Araquanid
|-immune|p2a: Araquanid|[from] ability: Water Absorb
|
|-heal|p1a: Dondozo|85/100|[from] item: Leftovers
|upkeep
|turn|14
|
|t:|1758924080
|switch|p1a: Darkrai|Darkrai|100/100
|move|p2a: Araquanid|Sticky Web|p1a: Darkrai
|-sidestart|p1: Neo Mythic|move: Sticky Web
|
|upkeep
|turn|15
|
|t:|1758924088
|move|p1a: Darkrai|Trick|p2a: Araquanid
|-activate|p1a: Darkrai|move: Trick|[of] p2a: Araquanid
|-item|p2a: Araquanid|Choice Specs|[from] move: Trick
|-item|p1a: Darkrai|Heavy-Duty Boots|[from] move: Trick
|move|p2a: Araquanid|Leech Life|p1a: Darkrai
|-supereffective|p1a: Darkrai
|-damage|p1a: Darkrai|36/100
|
|upkeep
|turn|16
|
|t:|1758924101
|switch|p1a: Dondozo|Dondozo, F|85/100
|-activate|p1a: Dondozo|move: Sticky Web
|-unboost|p1a: Dondozo|spe|1
|move|p2a: Araquanid|Leech Life|p1a: Dondozo
|-damage|p1a: Dondozo|70/100
|
|-heal|p1a: Dondozo|76/100|[from] item: Leftovers
|upkeep
|turn|17
|
|t:|1758924116
|switch|p2a: Dragapult|Dragapult, M|100/100
|move|p1a: Dondozo|Earthquake|p2a: Dragapult
|-damage|p2a: Dragapult|57/100
|
|-heal|p1a: Dondozo|83/100|[from] item: Leftovers
|upkeep
|turn|18
|
|t:|1758924128
|move|p1a: Dondozo|Protect|p1a: Dondozo
|-singleturn|p1a: Dondozo|Protect
|move|p2a: Dragapult|Shadow Ball|p1a: Dondozo
|-activate|p1a: Dondozo|move: Protect
|
|-heal|p1a: Dondozo|89/100|[from] item: Leftovers
|upkeep
|turn|19
|
|t:|1758924137
|move|p2a: Dragapult|Shadow Ball|p1a: Dondozo
|-damage|p1a: Dondozo|53/100
|move|p1a: Dondozo|Avalanche|p2a: Dragapult
|-supereffective|p2a: Dragapult
|-damage|p2a: Dragapult|0 fnt
|faint|p2a: Dragapult
|
|-heal|p1a: Dondozo|59/100|[from] item: Leftovers
|upkeep
|
|t:|1758924147
|switch|p2a: Araquanid|Araquanid, M|100/100
|turn|20
|
|t:|1758924151
|move|p1a: Dondozo|Protect|p1a: Dondozo
|-singleturn|p1a: Dondozo|Protect
|move|p2a: Araquanid|Lunge|p1a: Dondozo
|-activate|p1a: Dondozo|move: Protect
|
|-heal|p1a: Dondozo|65/100|[from] item: Leftovers
|upkeep
|turn|21
|
|t:|1758924159
|switch|p1a: Slowking|Slowking-Galar, F|67/100
|-activate|p1a: Slowking|move: Sticky Web
|-unboost|p1a: Slowking|spe|1
|move|p2a: Araquanid|Lunge|p1a: Slowking
|-damage|p1a: Slowking|43/100
|-unboost|p1a: Slowking|atk|1
|
|upkeep
|turn|22
|
|t:|1758924168
|move|p2a: Araquanid|Lunge|p1a: Slowking
|-damage|p1a: Slowking|18/100
|-unboost|p1a: Slowking|atk|1
|move|p1a: Slowking|Sludge Bomb|p2a: Araquanid
|-damage|p2a: Araquanid|69/100
|
|upkeep
|turn|23
|
|t:|1758924176
|switch|p1a: Dragonite|Dragonite, F|100/100
|move|p2a: Araquanid|Lunge|p1a: Dragonite
|-resisted|p1a: Dragonite
|-damage|p1a: Dragonite|94/100
|-unboost|p1a: Dragonite|atk|1
|
|upkeep
|turn|24
|
|t:|1758924185
|switch|p1a: Raging Bolt|Raging Bolt|100/100
|-activate|p1a: Raging Bolt|move: Sticky Web
|-unboost|p1a: Raging Bolt|spe|1
|move|p2a: Araquanid|Lunge|p1a: Raging Bolt
|-crit|p1a: Raging Bolt
|-damage|p1a: Raging Bolt|71/100
|-unboost|p1a: Raging Bolt|atk|1
|
|-heal|p1a: Raging Bolt|77/100|[from] item: Leftovers
|upkeep
|turn|25
|
|t:|1758924207
|switch|p2a: Great Tusk|Great Tusk|56/100
|move|p1a: Raging Bolt|Dragon Pulse|p2a: Great Tusk
|-damage|p2a: Great Tusk|0 fnt
|faint|p2a: Great Tusk
|-end|p2a: Great Tusk|Protosynthesis|[silent]
|
|-heal|p1a: Raging Bolt|83/100|[from] item: Leftovers
|upkeep
|
|t:|1758924217
|switch|p2a: Regice|Regice|27/100
|turn|26
|
|t:|1758924222
|-end|p1a: Raging Bolt|Protosynthesis|[silent]
|switch|p1a: Slowking|Slowking-Galar, F|52/100
|-activate|p1a: Slowking|move: Sticky Web
|-unboost|p1a: Slowking|spe|1
|move|p2a: Regice|Rest|p2a: Regice
|-status|p2a: Regice|slp|[from] move: Rest
|-heal|p2a: Regice|100/100 slp|[silent]
|
|upkeep
|turn|27
|
|t:|1758924232
|switch|p1a: Dragonite|Dragonite, F|94/100
|cant|p2a: Regice|slp
|move|p2a: Regice|Sleep Talk|p2a: Regice
|move|p2a: Regice|Rest||[from] move: Sleep Talk|[still]
|-fail|p2a: Regice
|
|upkeep
|turn|28
|
|t:|1758924241
|move|p1a: Dragonite|Dragon Dance|p1a: Dragonite
|-boost|p1a: Dragonite|atk|1
|-boost|p1a: Dragonite|spe|1
|cant|p2a: Regice|slp
|move|p2a: Regice|Sleep Talk|p2a: Regice
|move|p2a: Regice|Ice Beam|p1a: Dragonite|[from] move: Sleep Talk
|-supereffective|p1a: Dragonite
|-damage|p1a: Dragonite|0 fnt
|faint|p1a: Dragonite
|
|upkeep
|
|t:|1758924247
|switch|p1a: Raging Bolt|Raging Bolt|83/100
|-activate|p1a: Raging Bolt|move: Sticky Web
|-unboost|p1a: Raging Bolt|spe|1
|turn|29
|
|t:|1758924256
|-curestatus|p2a: Regice|slp|[msg]
|move|p2a: Regice|Ice Beam|p1a: Raging Bolt
|-supereffective|p1a: Raging Bolt
|-damage|p1a: Raging Bolt|12/100
|move|p1a: Raging Bolt|Calm Mind|p1a: Raging Bolt
|-boost|p1a: Raging Bolt|spa|1
|-boost|p1a: Raging Bolt|spd|1
|
|-heal|p1a: Raging Bolt|19/100|[from] item: Leftovers
|upkeep
|turn|30
|
|t:|1758924267
|move|p1a: Raging Bolt|Thunderclap|p2a: Regice
|-damage|p2a: Regice|68/100
|move|p2a: Regice|Ice Beam|p1a: Raging Bolt
|-supereffective|p1a: Raging Bolt
|-damage|p1a: Raging Bolt|0 fnt
|faint|p1a: Raging Bolt
|-end|p1a: Raging Bolt|Protosynthesis|[silent]
|
|upkeep
|
|t:|1758924278
|switch|p1a: Dondozo|Dondozo, F|65/100
|-activate|p1a: Dondozo|move: Sticky Web
|-unboost|p1a: Dondozo|spe|1
|turn|31
|
|t:|1758924282
|move|p1a: Dondozo|Protect|p1a: Dondozo
|-singleturn|p1a: Dondozo|Protect
|move|p2a: Regice|Charge Beam|p1a: Dondozo
|-activate|p1a: Dondozo|move: Protect
|
|-heal|p1a: Dondozo|72/100|[from] item: Leftovers
|upkeep
|turn|32
|
|t:|1758924291
|move|p2a: Regice|Charge Beam|p1a: Dondozo
|-supereffective|p1a: Dondozo
|-damage|p1a: Dondozo|43/100
|-boost|p2a: Regice|spa|1
|move|p1a: Dondozo|Liquidation|p2a: Regice
|-damage|p2a: Regice|33/100
|
|-heal|p1a: Dondozo|49/100|[from] item: Leftovers
|upkeep
|turn|33
|
|t:|1758924301
|switch|p2a: Scizor|Scizor, F|100/100
|move|p1a: Dondozo|Liquidation|p2a: Scizor
|-damage|p2a: Scizor|57/100
|
|-heal|p2a: Scizor|63/100|[from] item: Leftovers
|-heal|p1a: Dondozo|55/100|[from] item: Leftovers
|upkeep
|turn|34
|
|t:|1758924310
|move|p1a: Dondozo|Protect|p1a: Dondozo
|-singleturn|p1a: Dondozo|Protect
|move|p2a: Scizor|Knock Off|p1a: Dondozo
|-activate|p1a: Dondozo|move: Protect
|
|-heal|p2a: Scizor|69/100|[from] item: Leftovers
|-heal|p1a: Dondozo|61/100|[from] item: Leftovers
|upkeep
|turn|35
|
|t:|1758924320
|move|p2a: Scizor|Swords Dance|p2a: Scizor
|-boost|p2a: Scizor|atk|2
|move|p1a: Dondozo|Liquidation|p2a: Scizor
|-damage|p2a: Scizor|29/100
|
|-heal|p2a: Scizor|35/100|[from] item: Leftovers
|-heal|p1a: Dondozo|68/100|[from] item: Leftovers
|upkeep
|turn|36
|
|t:|1758924329
|move|p2a: Scizor|Knock Off|p1a: Dondozo
|-damage|p1a: Dondozo|47/100
|-enditem|p1a: Dondozo|Leftovers|[from] move: Knock Off|[of] p2a: Scizor
|move|p1a: Dondozo|Liquidation|p2a: Scizor
|-damage|p2a: Scizor|0 fnt
|faint|p2a: Scizor
|
|upkeep
|
|t:|1758924341
|switch|p2a: Regice|Regice|33/100
|turn|37
|
|t:|1758924345
|move|p2a: Regice|Rest|p2a: Regice
|-status|p2a: Regice|slp|[from] move: Rest
|-heal|p2a: Regice|100/100 slp|[silent]
|move|p1a: Dondozo|Liquidation|p2a: Regice
|-damage|p2a: Regice|65/100 slp
|
|upkeep
|turn|38
|
|t:|1758924355
|switch|p2a: Araquanid|Araquanid, M|69/100
|move|p1a: Dondozo|Liquidation|p2a: Araquanid
|-heal|p2a: Araquanid|93/100|[from] ability: Water Absorb|[of] p1a: Dondozo
|
|upkeep
|turn|39
|
|t:|1758924364
|switch|p1a: Slowking|Slowking-Galar, F|85/100
|-activate|p1a: Slowking|move: Sticky Web
|-unboost|p1a: Slowking|spe|1
|move|p2a: Araquanid|Leech Life|p1a: Slowking
|-damage|p1a: Slowking|59/100
|-heal|p2a: Araquanid|100/100|[from] drain|[of] p1a: Slowking
|
|upkeep
|turn|40
|
|t:|1758924374
|move|p2a: Araquanid|Leech Life|p1a: Slowking
|-damage|p1a: Slowking|32/100
|move|p1a: Slowking|Psychic Noise|p2a: Araquanid
|-damage|p2a: Araquanid|76/100
|-start|p2a: Araquanid|move: Heal Block
|
|upkeep
|turn|41
|
|t:|1758924384
|switch|p2a: Regirock|Regirock|100/100
|move|p1a: Slowking|Sludge Bomb|p2a: Regirock
|-resisted|p2a: Regirock
|-damage|p2a: Regirock|80/100
|
|-heal|p2a: Regirock|86/100|[from] item: Leftovers
|upkeep
|turn|42
|
|t:|1758924394
|switch|p1a: Dondozo|Dondozo, F|47/100
|-activate|p1a: Dondozo|move: Sticky Web
|-unboost|p1a: Dondozo|spe|1
|move|p2a: Regirock|Stealth Rock|p1a: Dondozo
|-sidestart|p1: Neo Mythic|move: Stealth Rock
|
|-heal|p2a: Regirock|93/100|[from] item: Leftovers
|upkeep
|turn|43
|
|t:|1758924404
|switch|p2a: Araquanid|Araquanid, M|76/100
|move|p1a: Dondozo|Earthquake|p2a: Araquanid
|-resisted|p2a: Araquanid
|-damage|p2a: Araquanid|59/100
|
|upkeep
|turn|44
|
|t:|1758924411
|switch|p1a: Slowking|Slowking-Galar, F|66/100
|-activate|p1a: Slowking|move: Sticky Web
|-unboost|p1a: Slowking|spe|1
|-damage|p1a: Slowking|53/100|[from] Stealth Rock
|move|p2a: Araquanid|Leech Life|p1a: Slowking
|-damage|p1a: Slowking|27/100
|-heal|p2a: Araquanid|74/100|[from] drain|[of] p1a: Slowking
|
|upkeep
|turn|45
|
|t:|1758924421
|move|p2a: Araquanid|Leech Life|p1a: Slowking
|-damage|p1a: Slowking|1/100
|-heal|p2a: Araquanid|89/100|[from] drain|[of] p1a: Slowking
|move|p1a: Slowking|Psychic Noise|p2a: Araquanid
|-damage|p2a: Araquanid|66/100
|-start|p2a: Araquanid|move: Heal Block
|
|upkeep
|turn|46
|
|t:|1758924430
|switch|p2a: Regirock|Regirock|93/100
|move|p1a: Slowking|Sludge Bomb|p2a: Regirock
|-resisted|p2a: Regirock
|-damage|p2a: Regirock|72/100
|
|-heal|p2a: Regirock|78/100|[from] item: Leftovers
|upkeep
|turn|47
|
|t:|1758924443
|move|p2a: Regirock|Earthquake|p1a: Slowking
|-supereffective|p1a: Slowking
|-damage|p1a: Slowking|0 fnt
|faint|p1a: Slowking
|
|-heal|p2a: Regirock|84/100|[from] item: Leftovers
|upkeep
|
|t:|1758924446
|switch|p1a: Dondozo|Dondozo, F|47/100
|-activate|p1a: Dondozo|move: Sticky Web
|-unboost|p1a: Dondozo|spe|1
|-damage|p1a: Dondozo|34/100|[from] Stealth Rock
|turn|48
|
|t:|1758924455
|switch|p2a: Araquanid|Araquanid, M|66/100
|move|p1a: Dondozo|Earthquake|p2a: Araquanid
|-resisted|p2a: Araquanid
|-damage|p2a: Araquanid|49/100
|
|upkeep
|turn|49
|
|t:|1758924463
|move|p1a: Dondozo|Protect|p1a: Dondozo
|-singleturn|p1a: Dondozo|Protect
|move|p2a: Araquanid|Leech Life|p1a: Dondozo
|-activate|p1a: Dondozo|move: Protect
|
|upkeep
|turn|50
|
|t:|1758924473
|move|p2a: Araquanid|Leech Life|p1a: Dondozo
|-damage|p1a: Dondozo|20/100
|-heal|p2a: Araquanid|59/100|[from] drain|[of] p1a: Dondozo
|move|p1a: Dondozo|Earthquake|p2a: Araquanid
|-resisted|p2a: Araquanid
|-damage|p2a: Araquanid|41/100
|
|upkeep
|turn|51
|
|t:|1758924482
|move|p1a: Dondozo|Protect|p1a: Dondozo
|-singleturn|p1a: Dondozo|Protect
|move|p2a: Araquanid|Leech Life|p1a: Dondozo
|-activate|p1a: Dondozo|move: Protect
|
|upkeep
|turn|52
|
|t:|1758924488
|move|p2a: Araquanid|Leech Life|p1a: Dondozo
|-damage|p1a: Dondozo|6/100
|-heal|p2a: Araquanid|51/100|[from] drain|[of] p1a: Dondozo
|move|p1a: Dondozo|Earthquake|p2a: Araquanid
|-resisted|p2a: Araquanid
|-damage|p2a: Araquanid|33/100
|
|upkeep
|turn|53
|
|t:|1758924498
|switch|p2a: Regirock|Regirock|84/100
|move|p1a: Dondozo|Earthquake|p2a: Regirock
|-supereffective|p2a: Regirock
|-damage|p2a: Regirock|54/100
|
|-heal|p2a: Regirock|60/100|[from] item: Leftovers
|upkeep
|turn|54
|
|t:|1758924508
|move|p2a: Regirock|Smack Down|p1a: Dondozo
|-damage|p1a: Dondozo|0 fnt
|faint|p1a: Dondozo
|
|-heal|p2a: Regirock|66/100|[from] item: Leftovers
|upkeep
|
|t:|1758924510
|switch|p1a: Darkrai|Darkrai|36/100
|turn|55
|
|t:|1758924520
|-terastallize|p1a: Darkrai|Poison
|move|p1a: Darkrai|Dark Pulse|p2a: Regirock
|-damage|p2a: Regirock|28/100
|cant|p2a: Regirock|flinch
|
|-heal|p2a: Regirock|34/100|[from] item: Leftovers
|upkeep
|turn|56
|
|t:|1758924531
|move|p1a: Darkrai|Dark Pulse|p2a: Regirock
|-damage|p2a: Regirock|0 fnt
|faint|p2a: Regirock
|
|upkeep
|
|t:|1758924536
|switch|p2a: Araquanid|Araquanid, M|33/100
|turn|57
|
|t:|1758924541
|move|p1a: Darkrai|Dark Pulse|p2a: Araquanid
|-damage|p2a: Araquanid|7/100
|move|p2a: Araquanid|Liquidation|p1a: Darkrai
|-damage|p1a: Darkrai|1/100
|
|upkeep
|turn|58
|
|t:|1758924548
|move|p1a: Darkrai|Dark Pulse|p2a: Araquanid
|-damage|p2a: Araquanid|0 fnt
|faint|p2a: Araquanid
|
|upkeep
|
|t:|1758924553
|switch|p2a: Regice|Regice|65/100 slp
|turn|59
|
|t:|1758924557
|move|p1a: Darkrai|Dark Pulse|p2a: Regice
|-damage|p2a: Regice|43/100 slp
|cant|p2a: Regice|slp
|move|p2a: Regice|Sleep Talk|p2a: Regice
|move|p2a: Regice|Rest||[from] move: Sleep Talk|[still]
|-fail|p2a: Regice
|
|-damage|p2a: Regice|31/100 slp|[from] ability: Bad Dreams|[of] p1a: Darkrai
|upkeep
|turn|60
|
|t:|1758924568
|move|p1a: Darkrai|Dark Pulse|p2a: Regice
|-damage|p2a: Regice|11/100 slp
|cant|p2a: Regice|slp
|move|p2a: Regice|Sleep Talk|p2a: Regice
|move|p2a: Regice|Ice Beam|p1a: Darkrai|[from] move: Sleep Talk
|-damage|p1a: Darkrai|0 fnt
|faint|p1a: Darkrai
|
|win|Supersayan999
|raw|Neo Mythic's rating: 1310 &rarr; <strong>1290</strong><br />(-20 for losing)
|raw|Supersayan999's rating: 1313 &rarr; <strong>1333</strong><br />(+20 for winning)
|l|☆Neo Mythic
|player|p1|
|l|☆Supersayan999
|player|p2|
