|j|☆wealthy feminist
|j|☆james897_yt
|t:|1758953853
|gametype|singles
|player|p1|wealthy feminist|169|1170
|player|p2|james897_yt|teamrocket|1129
|gen|9
|tier|[Gen 9] OU
|rated|
|rule|HP Percentage Mod: HP is shown in percentages
|rule|Endless Battle Clause: Forcing endless battles is banned
|rule|Species Clause: Limit one of each Pokémon
|rule|OHKO Clause: OHKO moves are banned
|rule|Evasion Items Clause: Evasion items are banned
|rule|Evasion Moves Clause: Evasion moves are banned
|rule|Evasion Abilities Clause: Evasion abilities are banned
|rule|Sleep Moves Clause: Sleep-inducing moves are banned
|clearpoke
|poke|p1|Great Tusk|
|poke|p1|Kingambit, M|
|poke|p1|Raging Bolt|
|poke|p1|Walking Wake|
|poke|p1|Ninetales, M|
|poke|p1|Ceruledge, F|
|poke|p2|Talonflame, M|
|poke|p2|Gliscor, M|
|poke|p2|Conkeldurr, F|
|poke|p2|Latios, M|
|poke|p2|Hydrapple, F|
|poke|p2|Toxapex, F|
|teampreview
|inactive|Battle timer is ON: inactive players will automatically lose when time's up. (requested by james897_yt)
|
|t:|1758953883
|teamsize|p1|6
|teamsize|p2|6
|start
|switch|p1a: Ninetales|Ninetales, M|100/100
|switch|p2a: Latios|Latios, M|100/100
|-weather|SunnyDay|[from] ability: Drought|[of] p1a: Ninetales
|turn|1
|
|t:|1758953891
|move|p1a: Ninetales|Encore||[still]
|-fail|p1a: Ninetales
|move|p2a: Latios|Dragon Dance|p2a: Latios
|-boost|p2a: Latios|atk|1
|-boost|p2a: Latios|spe|1
|
|-weather|SunnyDay|[upkeep]
|upkeep
|turn|2
|
|t:|1758953897
|move|p2a: Latios|Earthquake|p1a: Ninetales
|-supereffective|p1a: Ninetales
|-damage|p1a: Ninetales|0 fnt
|faint|p1a: Ninetales
|
|-weather|SunnyDay|[upkeep]
|upkeep
|
|t:|1758953904
|switch|p1a: Great Tusk|Great Tusk|100/100
|-activate|p1a: Great Tusk|ability: Protosynthesis
|-start|p1a: Great Tusk|protosynthesisatk
|turn|3
|
|t:|1758953910
|move|p2a: Latios|Zen Headbutt|p1a: Great Tusk
|-supereffective|p1a: Great Tusk
|-damage|p1a: Great Tusk|15/100
|cant|p1a: Great Tusk|flinch
|
|-weather|SunnyDay|[upkeep]
|upkeep
|turn|4
|
|t:|1758953918
|-end|p1a: Great Tusk|Protosynthesis|[silent]
|switch|p1a: Ceruledge|Ceruledge, F|100/100
|move|p2a: Latios|Earthquake|p1a: Ceruledge
|-supereffective|p1a: Ceruledge
|-damage|p1a: Ceruledge|0 fnt
|faint|p1a: Ceruledge
|
|-weather|SunnyDay|[upkeep]
|upkeep
|
|t:|1758953924
|switch|p1a: Kingambit|Kingambit, M|100/100
|-activate|p1a: Kingambit|ability: Supreme Overlord
|-start|p1a: Kingambit|fallen2|[silent]
|-item|p1a: Kingambit|Air Balloon
|turn|5
|
|t:|1758953929
|move|p2a: Latios|Dragon Dance|p2a: Latios
|-boost|p2a: Latios|atk|1
|-boost|p2a: Latios|spe|1
|move|p1a: Kingambit|Swords Dance|p1a: Kingambit
|-boost|p1a: Kingambit|atk|2
|
|-weather|SunnyDay|[upkeep]
|upkeep
|turn|6
|
|t:|1758953934
|move|p1a: Kingambit|Sucker Punch|p2a: Latios
|-supereffective|p2a: Latios
|-damage|p2a: Latios|0 fnt
|faint|p2a: Latios
|
|-weather|SunnyDay|[upkeep]
|upkeep
|
|t:|1758953937
|switch|p2a: Conkeldurr|Conkeldurr, F|100/100
|turn|7
|
|t:|1758953944
|-end|p1a: Kingambit|fallen2|[silent]
|switch|p1a: Great Tusk|Great Tusk|15/100
|-activate|p1a: Great Tusk|ability: Protosynthesis
|-start|p1a: Great Tusk|protosynthesisatk
|move|p2a: Conkeldurr|Dynamic Punch|p1a: Great Tusk
|-damage|p1a: Great Tusk|0 fnt
|faint|p1a: Great Tusk
|-end|p1a: Great Tusk|Protosynthesis|[silent]
|
|-weather|SunnyDay|[upkeep]
|upkeep
|
|t:|1758953947
|switch|p1a: Walking Wake|Walking Wake|100/100
|-activate|p1a: Walking Wake|ability: Protosynthesis
|-start|p1a: Walking Wake|protosynthesisspe
|turn|8
|
|t:|1758953953
|switch|p2a: Toxapex|Toxapex, F|100/100
|move|p1a: Walking Wake|Hydro Steam|p2a: Toxapex
|-resisted|p2a: Toxapex
|-damage|p2a: Toxapex|74/100
|
|-weather|none
|-end|p1a: Walking Wake|Protosynthesis
|-heal|p2a: Toxapex|80/100|[from] item: Leftovers
|upkeep
|turn|9
|
|t:|1758953958
|-end|p1a: Walking Wake|Protosynthesis|[silent]
|switch|p1a: Raging Bolt|Raging Bolt|100/100
|move|p2a: Toxapex|Infestation|p1a: Raging Bolt
|-damage|p1a: Raging Bolt|97/100
|-activate|p1a: Raging Bolt|move: Infestation|[of] p2a: Toxapex
|
|-heal|p2a: Toxapex|87/100|[from] item: Leftovers
|-damage|p1a: Raging Bolt|85/100|[from] move: Infestation|[partiallytrapped]
|upkeep
|turn|10
|
|t:|1758953964
|move|p1a: Raging Bolt|Solar Beam||[still]
|-prepare|p1a: Raging Bolt|Solar Beam
|move|p2a: Toxapex|Toxic|p1a: Raging Bolt
|-status|p1a: Raging Bolt|tox
|
|-heal|p2a: Toxapex|93/100|[from] item: Leftovers
|-damage|p1a: Raging Bolt|79/100 tox|[from] psn
|-damage|p1a: Raging Bolt|67/100 tox|[from] move: Infestation|[partiallytrapped]
|upkeep
|turn|11
|
|t:|1758953968
|move|p2a: Toxapex|Baneful Bunker|p2a: Toxapex
|-singleturn|p2a: Toxapex|move: Protect
|move|p1a: Raging Bolt|Solar Beam|p2a: Toxapex|[from] lockedmove
|-activate|p2a: Toxapex|move: Protect
|
|-heal|p2a: Toxapex|99/100|[from] item: Leftovers
|-damage|p1a: Raging Bolt|54/100 tox|[from] psn
|-damage|p1a: Raging Bolt|42/100 tox|[from] move: Infestation|[partiallytrapped]
|upkeep
|turn|12
|
|t:|1758953973
|move|p1a: Raging Bolt|Dragon Pulse|p2a: Toxapex
|-damage|p2a: Toxapex|40/100
|-damage|p1a: Raging Bolt|32/100 tox|[from] item: Life Orb
|move|p2a: Toxapex|Infestation|p1a: Raging Bolt
|-damage|p1a: Raging Bolt|29/100 tox
|
|-heal|p2a: Toxapex|46/100|[from] item: Leftovers
|-damage|p1a: Raging Bolt|11/100 tox|[from] psn
|-damage|p1a: Raging Bolt|0 fnt|[from] move: Infestation|[partiallytrapped]
|faint|p1a: Raging Bolt
|-end|p1a: Raging Bolt|Protosynthesis|[silent]
|upkeep
|
|t:|1758953979
|switch|p1a: Kingambit|Kingambit, M|100/100
|-activate|p1a: Kingambit|ability: Supreme Overlord
|-start|p1a: Kingambit|fallen4|[silent]
|-item|p1a: Kingambit|Air Balloon
|turn|13
|
|t:|1758953987
|switch|p2a: Talonflame|Talonflame, M|100/100
|move|p1a: Kingambit|Swords Dance|p1a: Kingambit
|-boost|p1a: Kingambit|atk|2
|
|upkeep
|turn|14
|
|t:|1758953997
|-terastallize|p1a: Kingambit|Ghost
|move|p2a: Talonflame|Will-O-Wisp|p1a: Kingambit
|-status|p1a: Kingambit|brn
|move|p1a: Kingambit|Kowtow Cleave|p2a: Talonflame
|-damage|p2a: Talonflame|0 fnt
|faint|p2a: Talonflame
|
|-damage|p1a: Kingambit|94/100 brn|[from] brn
|upkeep
|
|t:|1758954003
|switch|p2a: Conkeldurr|Conkeldurr, F|100/100
|turn|15
|
|t:|1758954011
|switch|p2a: Gliscor|Gliscor, M|100/100
|move|p1a: Kingambit|Low Kick|p2a: Gliscor
|-resisted|p2a: Gliscor
|-damage|p2a: Gliscor|91/100
|
|-damage|p1a: Kingambit|88/100 brn|[from] brn
|-status|p2a: Gliscor|tox|[from] item: Toxic Orb
|upkeep
|turn|16
|
|t:|1758954017
|move|p2a: Gliscor|Earthquake|p1a: Kingambit
|-immune|p1a: Kingambit
|move|p1a: Kingambit|Kowtow Cleave|p2a: Gliscor
|-damage|p2a: Gliscor|49/100 tox
|
|-heal|p2a: Gliscor|61/100 tox|[from] ability: Poison Heal
|-damage|p1a: Kingambit|82/100 brn|[from] brn
|upkeep
|turn|17
|
|t:|1758954025
|switch|p2a: Toxapex|Toxapex, F|79/100
|move|p1a: Kingambit|Swords Dance|p1a: Kingambit
|-boost|p1a: Kingambit|atk|2
|
|-heal|p2a: Toxapex|85/100|[from] item: Leftovers
|-damage|p1a: Kingambit|76/100 brn|[from] brn
|upkeep
|turn|18
|
|t:|1758954028
|move|p1a: Kingambit|Kowtow Cleave|p2a: Toxapex
|-damage|p2a: Toxapex|26/100
|move|p2a: Toxapex|Infestation|p1a: Kingambit
|-resisted|p1a: Kingambit
|-damage|p1a: Kingambit|74/100 brn
|-activate|p1a: Kingambit|move: Infestation|[of] p2a: Toxapex
|-enditem|p1a: Kingambit|Air Balloon
|
|-heal|p2a: Toxapex|32/100|[from] item: Leftovers
|-damage|p1a: Kingambit|68/100 brn|[from] brn
|-damage|p1a: Kingambit|56/100 brn|[from] move: Infestation|[partiallytrapped]
|upkeep
|turn|19
|
|t:|1758954036
|move|p1a: Kingambit|Kowtow Cleave|p2a: Toxapex
|-damage|p2a: Toxapex|0 fnt
|faint|p2a: Toxapex
|
|-damage|p1a: Kingambit|50/100 brn|[from] brn
|-end|p1a: Kingambit|Infestation|[partiallytrapped]|[silent]
|upkeep
|
|t:|1758954041
|switch|p2a: Gliscor|Gliscor, M|61/100 tox
|turn|20
|
|t:|1758954051
|move|p2a: Gliscor|Protect|p2a: Gliscor
|-singleturn|p2a: Gliscor|Protect
|move|p1a: Kingambit|Sucker Punch||[still]
|-fail|p1a: Kingambit
|
|-heal|p2a: Gliscor|73/100 tox|[from] ability: Poison Heal
|-damage|p1a: Kingambit|44/100 brn|[from] brn
|upkeep
|turn|21
|
|t:|1758954055
|move|p1a: Kingambit|Sucker Punch|p2a: Gliscor
|-crit|p2a: Gliscor
|-damage|p2a: Gliscor|0 fnt
|faint|p2a: Gliscor
|
|-damage|p1a: Kingambit|38/100 brn|[from] brn
|upkeep
|
|t:|1758954058
|switch|p2a: Hydrapple|Hydrapple, F|100/100
|turn|22
|
|t:|1758954066
|move|p1a: Kingambit|Kowtow Cleave|p2a: Hydrapple
|-damage|p2a: Hydrapple|25/100
|move|p2a: Hydrapple|Leaf Storm|p1a: Kingambit
|-damage|p1a: Kingambit|0 fnt
|-unboost|p2a: Hydrapple|spa|2
|faint|p1a: Kingambit
|-end|p1a: Kingambit|fallen4|[silent]
|-enditem|p2a: Hydrapple|Eject Pack
|
|t:|1758954068
|switch|p2a: Conkeldurr|Conkeldurr, F|100/100
|
|upkeep
|
|t:|1758954072
|switch|p1a: Walking Wake|Walking Wake|100/100
|turn|23
|
|t:|1758954075
|move|p1a: Walking Wake|Hydro Steam|p2a: Conkeldurr
|-damage|p2a: Conkeldurr|36/100
|move|p2a: Conkeldurr|Dynamic Punch|p1a: Walking Wake|[miss]
|-miss|p2a: Conkeldurr|p1a: Walking Wake
|-enditem|p2a: Conkeldurr|Blunder Policy
|-boost|p2a: Conkeldurr|spe|2
|
|upkeep
|turn|24
|
|t:|1758954080
|-terastallize|p2a: Conkeldurr|Fighting
|move|p2a: Conkeldurr|Drain Punch|p1a: Walking Wake
|-damage|p1a: Walking Wake|30/100
|-heal|p2a: Conkeldurr|70/100|[from] drain|[of] p1a: Walking Wake
|move|p1a: Walking Wake|Hydro Steam|p2a: Conkeldurr
|-damage|p2a: Conkeldurr|6/100
|
|upkeep
|turn|25
|
|t:|1758954090
|move|p2a: Conkeldurr|Drain Punch|p1a: Walking Wake
|-damage|p1a: Walking Wake|0 fnt
|-heal|p2a: Conkeldurr|20/100|[from] drain|[of] p1a: Walking Wake
|faint|p1a: Walking Wake
|-end|p1a: Walking Wake|Protosynthesis|[silent]
|
|win|james897_yt
|raw|wealthy feminist's rating: 1170 &rarr; <strong>1142</strong><br />(-28 for losing)
|raw|james897_yt's rating: 1129 &rarr; <strong>1157</strong><br />(+28 for winning)
|l|☆wealthy feminist
|player|p1|
|l|☆james897_yt
|player|p2|
