|j|☆benji le troll
|j|☆dellee
|t:|1758999340
|gametype|singles
|player|p1|benji le troll|twins-gen4|1095
|player|p2|dellee|shauntal|1104
|gen|9
|tier|[Gen 9] OU
|rated|
|rule|HP Percentage Mod: HP is shown in percentages
|rule|Endless Battle Clause: Forcing endless battles is banned
|rule|Species Clause: Limit one of each Pokémon
|rule|OHKO Clause: OHKO moves are banned
|rule|Evasion Items Clause: Evasion items are banned
|rule|Evasion Moves Clause: Evasion moves are banned
|rule|Evasion Abilities Clause: Evasion abilities are banned
|rule|Sleep Moves Clause: Sleep-inducing moves are banned
|clearpoke
|poke|p1|Electrode-Hisui|
|poke|p1|Spiritomb, F|
|poke|p1|Pikachu, M|
|poke|p1|Porygon-Z|
|poke|p1|Munkidori, M|
|poke|p1|Decidueye-Hisui, M|
|poke|p2|Skeledirge, M|
|poke|p2|Sinistcha|
|poke|p2|Skarmory, M|
|poke|p2|Great Tusk|
|poke|p2|Walking Wake|
|poke|p2|Lokix, M|
|teampreview
|inactive|Battle timer is ON: inactive players will automatically lose when time's up. (requested by benji le troll)
|
|t:|1758999349
|teamsize|p1|6
|teamsize|p2|6
|start
|switch|p1a: Electrode|Electrode-Hisui|100/100
|switch|p2a: Lokix|Lokix, M|100/100
|turn|1
|
|t:|1758999359
|switch|p2a: Great Tusk|Great Tusk|100/100
|move|p1a: Electrode|Leech Seed|p2a: Great Tusk
|-start|p2a: Great Tusk|move: Leech Seed
|
|-damage|p2a: Great Tusk|88/100|[from] Leech Seed|[of] p1a: Electrode
|upkeep
|turn|2
|
|t:|1758999383
|move|p1a: Electrode|Giga Drain|p2a: Great Tusk
|-supereffective|p2a: Great Tusk
|-damage|p2a: Great Tusk|0 fnt
|faint|p2a: Great Tusk
|-end|p2a: Great Tusk|Protosynthesis|[silent]
|
|upkeep
|
|t:|1758999387
|switch|p2a: Lokix|Lokix, M|100/100
|turn|3
|
|t:|1758999397
|move|p2a: Lokix|First Impression|p1a: Electrode
|-supereffective|p1a: Electrode
|-damage|p1a: Electrode|0 fnt
|faint|p1a: Electrode
|-damage|p2a: Lokix|91/100|[from] item: Life Orb
|
|upkeep
|
|t:|1758999401
|switch|p1a: Spiritomb|Spiritomb, F|100/100
|-ability|p1a: Spiritomb|Pressure
|turn|4
|
|t:|1758999410
|move|p2a: Lokix|Knock Off|p1a: Spiritomb
|-damage|p1a: Spiritomb|58/100
|-enditem|p1a: Spiritomb|Leftovers|[from] move: Knock Off|[of] p2a: Lokix
|-damage|p2a: Lokix|81/100|[from] item: Life Orb
|move|p1a: Spiritomb|Night Shade|p2a: Lokix
|-damage|p2a: Lokix|46/100
|
|upkeep
|turn|5
|
|t:|1758999418
|move|p2a: Lokix|U-turn|p1a: Spiritomb
|-damage|p1a: Spiritomb|28/100
|-damage|p2a: Lokix|36/100|[from] item: Life Orb
|
|t:|1758999425
|switch|p2a: Skarmory|Skarmory, M|100/100|[from] U-turn
|move|p1a: Spiritomb|Foul Play|p2a: Skarmory
|-damage|p2a: Skarmory|81/100
|-damage|p1a: Spiritomb|12/100|[from] item: Rocky Helmet|[of] p2a: Skarmory
|
|upkeep
|turn|6
|
|t:|1758999435
|move|p2a: Skarmory|Stealth Rock|p1a: Spiritomb
|-sidestart|p1: benji le troll|move: Stealth Rock
|move|p1a: Spiritomb|Pain Split|p2a: Skarmory
|-sethp|p2a: Skarmory|46/100|[from] move: Pain Split|[silent]
|-sethp|p1a: Spiritomb|50/100|[from] move: Pain Split
|
|upkeep
|turn|7
|
|t:|1758999445
|move|p1a: Spiritomb|Night Shade|p2a: Skarmory
|-damage|p2a: Skarmory|16/100
|move|p2a: Skarmory|Whirlwind|p1a: Spiritomb
|drag|p1a: Munkidori|Munkidori, M|100/100
|-damage|p1a: Munkidori|88/100|[from] Stealth Rock
|
|upkeep
|turn|8
|
|t:|1758999453
|move|p1a: Munkidori|Psychic Noise|p2a: Skarmory
|-resisted|p2a: Skarmory
|-damage|p2a: Skarmory|0 fnt
|faint|p2a: Skarmory
|
|upkeep
|
|t:|1758999458
|switch|p2a: Lokix|Lokix, M|36/100
|turn|9
|
|t:|1758999465
|switch|p1a: Spiritomb|Spiritomb, F|50/100
|-damage|p1a: Spiritomb|38/100|[from] Stealth Rock
|-ability|p1a: Spiritomb|Pressure
|move|p2a: Lokix|Knock Off|p1a: Spiritomb
|-damage|p1a: Spiritomb|7/100
|-damage|p2a: Lokix|26/100|[from] item: Life Orb
|
|upkeep
|turn|10
|
|t:|1758999474
|move|p2a: Lokix|Sucker Punch|p1a: Spiritomb
|-damage|p1a: Spiritomb|0 fnt
|faint|p1a: Spiritomb
|-damage|p2a: Lokix|16/100|[from] item: Life Orb
|
|upkeep
|
|t:|1758999482
|switch|p1a: Munkidori|Munkidori, M|88/100
|-damage|p1a: Munkidori|76/100|[from] Stealth Rock
|turn|11
|
|t:|1758999486
|move|p1a: Munkidori|Fake Out|p2a: Lokix
|-damage|p2a: Lokix|5/100
|cant|p2a: Lokix|flinch
|
|upkeep
|turn|12
|
|t:|1758999493
|move|p2a: Lokix|Sucker Punch|p1a: Munkidori
|-supereffective|p1a: Munkidori
|-damage|p1a: Munkidori|0 fnt
|faint|p1a: Munkidori
|-damage|p2a: Lokix|0 fnt|[from] item: Life Orb
|faint|p2a: Lokix
|
|upkeep
|
|t:|1758999498
|switch|p1a: Porygon-Z|Porygon-Z|100/100
|switch|p2a: Walking Wake|Walking Wake|100/100
|-damage|p1a: Porygon-Z|88/100|[from] Stealth Rock
|-enditem|p2a: Walking Wake|Booster Energy
|-activate|p2a: Walking Wake|ability: Protosynthesis|[fromitem]
|-start|p2a: Walking Wake|protosynthesisspa
|turn|13
|
|t:|1758999506
|move|p1a: Porygon-Z|Tera Blast|p2a: Walking Wake
|-damage|p2a: Walking Wake|33/100
|move|p2a: Walking Wake|Hydro Steam|p1a: Porygon-Z
|-damage|p1a: Porygon-Z|13/100
|
|upkeep
|turn|14
|
|t:|1758999517
|switch|p1a: Decidueye|Decidueye-Hisui, M|100/100
|-damage|p1a: Decidueye|95/100|[from] Stealth Rock
|-terastallize|p2a: Walking Wake|Steel
|move|p2a: Walking Wake|Hydro Steam|p1a: Decidueye
|-resisted|p1a: Decidueye
|-damage|p1a: Decidueye|67/100
|
|-heal|p1a: Decidueye|73/100|[from] item: Leftovers
|upkeep
|turn|15
|
|t:|1758999528
|move|p2a: Walking Wake|Flamethrower|p1a: Decidueye
|-supereffective|p1a: Decidueye
|-damage|p1a: Decidueye|0 fnt
|faint|p1a: Decidueye
|
|upkeep
|
|t:|1758999534
|switch|p1a: Pikachu|Pikachu, M|100/100
|-damage|p1a: Pikachu|88/100|[from] Stealth Rock
|turn|16
|
|t:|1758999539
|move|p2a: Walking Wake|Draco Meteor|p1a: Pikachu
|-damage|p1a: Pikachu|0 fnt
|-unboost|p2a: Walking Wake|spa|2
|faint|p1a: Pikachu
|
|upkeep
|
|t:|1758999545
|switch|p1a: Porygon-Z|Porygon-Z|13/100
|-damage|p1a: Porygon-Z|0 fnt|[from] Stealth Rock
|faint|p1a: Porygon-Z
|
|win|dellee
|raw|benji le troll's rating: 1095 &rarr; <strong>1071</strong><br />(-24 for losing)
|raw|dellee's rating: 1104 &rarr; <strong>1128</strong><br />(+24 for winning)
|c|☆benji le troll|What
|l|☆benji le troll
|player|p1|
