|j|☆RobinMuister
|j|‽Otherthero
|t:|1758984134
|gametype|singles
|player|p1|RobinMuister|blackbelt|1199
|player|p2|Otherthero|265|1261
|gen|9
|tier|[Gen 9] OU
|rated|
|rule|HP Percentage Mod: HP is shown in percentages
|rule|Endless Battle Clause: Forcing endless battles is banned
|rule|Species Clause: Limit one of each Pokémon
|rule|OHKO Clause: OHKO moves are banned
|rule|Evasion Items Clause: Evasion items are banned
|rule|Evasion Moves Clause: Evasion moves are banned
|rule|Evasion Abilities Clause: Evasion abilities are banned
|rule|Sleep Moves Clause: Sleep-inducing moves are banned
|clearpoke
|poke|p1|Pincurchin, M|
|poke|p1|Iron Valiant|
|poke|p1|Hawlucha, F|
|poke|p1|Iron Treads|
|poke|p1|Iron Boulder|
|poke|p1|Raging Bolt|
|poke|p2|Heracross, F|
|poke|p2|Piloswine, F|
|poke|p2|Amoonguss, F|
|poke|p2|Bombirdier, F|
|poke|p2|Ribombee, F|
|poke|p2|Goodra-Hisui, M|
|teampreview
|inactive|Battle timer is ON: inactive players will automatically lose when time's up. (requested by Otherthero)
|
|t:|1758984141
|teamsize|p1|6
|teamsize|p2|6
|start
|switch|p1a: Pincurchin|Pincurchin, M|100/100
|switch|p2a: Bombirdier|Bombirdier, F|100/100
|-fieldstart|move: Electric Terrain|[from] ability: Electric Surge|[of] p1a: Pincurchin
|turn|1
|
|t:|1758984152
|-terastallize|p2a: Bombirdier|Rock
|move|p2a: Bombirdier|Stone Edge|p1a: Pincurchin
|-damage|p1a: Pincurchin|9/100
|move|p1a: Pincurchin|Thunder Wave|p2a: Bombirdier
|-status|p2a: Bombirdier|par
|
|upkeep
|turn|2
|
|t:|1758984162
|move|p2a: Bombirdier|Stone Edge|p1a: Pincurchin
|-damage|p1a: Pincurchin|0 fnt
|faint|p1a: Pincurchin
|
|upkeep
|
|t:|1758984175
|switch|p1a: Iron Treads|Iron Treads|100/100
|-activate|p1a: Iron Treads|ability: Quark Drive
|-start|p1a: Iron Treads|quarkdriveatk
|turn|3
|j| chewfive
|
|t:|1758984199
|move|p1a: Iron Treads|Earthquake|p2a: Bombirdier
|-supereffective|p2a: Bombirdier
|-damage|p2a: Bombirdier|0 fnt
|faint|p2a: Bombirdier
|-damage|p1a: Iron Treads|91/100|[from] item: Life Orb
|
|upkeep
|
|t:|1758984206
|switch|p2a: Heracross|Heracross, F|100/100
|turn|4
|c| chewfive|go otherhero
|
|t:|1758984214
|move|p2a: Heracross|Close Combat|p1a: Iron Treads
|-supereffective|p1a: Iron Treads
|-damage|p1a: Iron Treads|0 fnt
|-unboost|p2a: Heracross|def|1
|-unboost|p2a: Heracross|spd|1
|faint|p1a: Iron Treads
|-end|p1a: Iron Treads|Quark Drive|[silent]
|-ability|p2a: Heracross|Moxie|boost
|-boost|p2a: Heracross|atk|1
|
|upkeep
|c| chewfive|show the meta chaser whos boss
|
|t:|1758984219
|switch|p1a: Hawlucha|Hawlucha, F|100/100
|-enditem|p1a: Hawlucha|Electric Seed
|-boost|p1a: Hawlucha|def|1|[from] item: Electric Seed
|turn|5
|
|t:|1758984228
|move|p1a: Hawlucha|Swords Dance|p1a: Hawlucha
|-boost|p1a: Hawlucha|atk|2
|move|p2a: Heracross|Close Combat|p1a: Hawlucha
|-resisted|p1a: Hawlucha
|-damage|p1a: Hawlucha|60/100
|-unboost|p2a: Heracross|def|1
|-unboost|p2a: Heracross|spd|1
|
|upkeep
|turn|6
|
|t:|1758984234
|move|p1a: Hawlucha|Acrobatics|p2a: Heracross
|-supereffective|p2a: Heracross
|-damage|p2a: Heracross|0 fnt
|faint|p2a: Heracross
|
|upkeep
|
|t:|1758984237
|switch|p2a: Ribombee|Ribombee, F|100/100
|turn|7
|
|t:|1758984241
|move|p1a: Hawlucha|Acrobatics|p2a: Ribombee
|-supereffective|p2a: Ribombee
|-enditem|p2a: Ribombee|Focus Sash
|-damage|p2a: Ribombee|1/100
|move|p2a: Ribombee|Moonblast|p1a: Hawlucha
|-supereffective|p1a: Hawlucha
|-damage|p1a: Hawlucha|0 fnt
|faint|p1a: Hawlucha
|
|upkeep
|
|t:|1758984246
|switch|p1a: Iron Boulder|Iron Boulder|100/100
|-activate|p1a: Iron Boulder|ability: Quark Drive
|-start|p1a: Iron Boulder|quarkdrivespe
|turn|8
|
|t:|1758984258
|move|p1a: Iron Boulder|Mighty Cleave|p2a: Ribombee
|-supereffective|p2a: Ribombee
|-damage|p2a: Ribombee|0 fnt
|faint|p2a: Ribombee
|-damage|p1a: Iron Boulder|91/100|[from] item: Life Orb
|
|-fieldend|move: Electric Terrain
|-end|p1a: Iron Boulder|Quark Drive
|upkeep
|
|t:|1758984266
|switch|p2a: Piloswine|Piloswine, F|100/100
|turn|9
|
|t:|1758984270
|move|p1a: Iron Boulder|Swords Dance|p1a: Iron Boulder
|-boost|p1a: Iron Boulder|atk|2
|move|p2a: Piloswine|Earthquake|p1a: Iron Boulder
|-supereffective|p1a: Iron Boulder
|-damage|p1a: Iron Boulder|0 fnt
|faint|p1a: Iron Boulder
|-end|p1a: Iron Boulder|Quark Drive|[silent]
|
|upkeep
|
|t:|1758984280
|switch|p1a: Raging Bolt|Raging Bolt|100/100
|-enditem|p1a: Raging Bolt|Booster Energy
|-activate|p1a: Raging Bolt|ability: Protosynthesis|[fromitem]
|-start|p1a: Raging Bolt|protosynthesisspa
|turn|10
|
|t:|1758984290
|-terastallize|p1a: Raging Bolt|Water
|move|p1a: Raging Bolt|Dragon Pulse|p2a: Piloswine
|-damage|p2a: Piloswine|43/100
|move|p2a: Piloswine|Avalanche|p1a: Raging Bolt
|-resisted|p1a: Raging Bolt
|-damage|p1a: Raging Bolt|85/100
|
|upkeep
|turn|11
|
|t:|1758984301
|move|p1a: Raging Bolt|Dragon Pulse|p2a: Piloswine
|-damage|p2a: Piloswine|0 fnt
|faint|p2a: Piloswine
|
|upkeep
|
|t:|1758984304
|switch|p2a: Amoonguss|Amoonguss, F|100/100
|turn|12
|
|t:|1758984309
|move|p1a: Raging Bolt|Dragon Pulse|p2a: Amoonguss
|-damage|p2a: Amoonguss|73/100
|move|p2a: Amoonguss|Giga Drain|p1a: Raging Bolt
|-supereffective|p1a: Raging Bolt
|-damage|p1a: Raging Bolt|46/100
|-heal|p2a: Amoonguss|93/100|[from] drain|[of] p1a: Raging Bolt
|
|upkeep
|turn|13
|
|t:|1758984316
|move|p1a: Raging Bolt|Dragon Pulse|p2a: Amoonguss
|-crit|p2a: Amoonguss
|-damage|p2a: Amoonguss|47/100
|move|p2a: Amoonguss|Giga Drain|p1a: Raging Bolt
|-supereffective|p1a: Raging Bolt
|-damage|p1a: Raging Bolt|12/100
|-heal|p2a: Amoonguss|65/100|[from] drain|[of] p1a: Raging Bolt
|
|upkeep
|turn|14
|
|t:|1758984323
|switch|p2a: Goodra|Goodra-Hisui, M|100/100
|move|p1a: Raging Bolt|Dragon Pulse|p2a: Goodra
|-damage|p2a: Goodra|77/100
|
|upkeep
|turn|15
|
|t:|1758984331
|switch|p2a: Amoonguss|Amoonguss, F|98/100
|move|p1a: Raging Bolt|Dragon Pulse|p2a: Amoonguss
|-damage|p2a: Amoonguss|72/100
|
|upkeep
|turn|16
|
|t:|1758984337
|move|p1a: Raging Bolt|Dragon Pulse|p2a: Amoonguss
|-damage|p2a: Amoonguss|44/100
|move|p2a: Amoonguss|Giga Drain|p1a: Raging Bolt
|-supereffective|p1a: Raging Bolt
|-damage|p1a: Raging Bolt|0 fnt
|-heal|p2a: Amoonguss|50/100|[from] drain|[of] p1a: Raging Bolt
|faint|p1a: Raging Bolt
|-end|p1a: Raging Bolt|Protosynthesis|[silent]
|
|upkeep
|
|t:|1758984342
|switch|p1a: Iron Valiant|Iron Valiant|100/100
|turn|17
|
|t:|1758984352
|move|p1a: Iron Valiant|Shadow Ball|p2a: Amoonguss
|-damage|p2a: Amoonguss|34/100
|-damage|p1a: Iron Valiant|91/100|[from] item: Life Orb
|move|p2a: Amoonguss|Sludge Bomb|p1a: Iron Valiant
|-supereffective|p1a: Iron Valiant
|-damage|p1a: Iron Valiant|0 fnt
|faint|p1a: Iron Valiant
|-end|p1a: Iron Valiant|Quark Drive|[silent]
|
|win|Otherthero
|raw|RobinMuister's rating: 1199 &rarr; <strong>1178</strong><br />(-21 for losing)
|raw|Otherthero's rating: 1261 &rarr; <strong>1282</strong><br />(+21 for winning)
|l|☆RobinMuister
|player|p1|
|l|‽Otherthero
|player|p2|
|l| chewfive
