|j|☆guerrero105
|j|☆bertoskyT
|t:|1758981021
|gametype|singles
|player|p1|guerrero105|266|1505
|player|p2|bertoskyT|ethan|1641
|gen|9
|tier|[Gen 9] OU
|rated|
|rule|HP Percentage Mod: HP is shown in percentages
|rule|Endless Battle Clause: Forcing endless battles is banned
|rule|Species Clause: Limit one of each Pokémon
|rule|OHKO Clause: OHKO moves are banned
|rule|Evasion Items Clause: Evasion items are banned
|rule|Evasion Moves Clause: Evasion moves are banned
|rule|Evasion Abilities Clause: Evasion abilities are banned
|rule|Sleep Moves Clause: Sleep-inducing moves are banned
|clearpoke
|poke|p1|Sinistcha-Masterpiece|
|poke|p1|Mandibuzz, F|
|poke|p1|Tinkaton, F|
|poke|p1|Slowking-Galar, M|
|poke|p1|Great Tusk|
|poke|p1|Araquanid, M|
|poke|p2|Dragapult, M|
|poke|p2|Landorus-Therian, M|
|poke|p2|Ogerpon-Wellspring, F|
|poke|p2|Greninja-*, M|
|poke|p2|Slowking-Galar, M|
|poke|p2|Forretress, F|
|teampreview
|
|t:|1758981058
|teamsize|p1|6
|teamsize|p2|6
|start
|switch|p1a: Araquanid|Araquanid, M|100/100
|switch|p2a: Landorus|Landorus-Therian, M|100/100
|-ability|p2a: Landorus|Intimidate|boost
|-unboost|p1a: Araquanid|atk|1
|turn|1
|l|☆bertoskyT
|player|p2|
|j|☆bertoskyT
|player|p2|bertoskyT|ethan|
|l|☆bertoskyT
|player|p2|
|j| a6ni
|l| a6ni
|j| a6ni
|j|☆bertoskyT
|player|p2|bertoskyT|ethan|
|l| a6ni
|
|t:|1758981121
|move|p2a: Landorus|Taunt|p1a: Araquanid
|-start|p1a: Araquanid|move: Taunt
|move|p1a: Araquanid|Surf|p2a: Landorus
|-supereffective|p2a: Landorus
|-damage|p2a: Landorus|7/100
|
|upkeep
|turn|2
|
|t:|1758981151
|move|p2a: Landorus|U-turn|p1a: Araquanid
|-damage|p1a: Araquanid|79/100
|
|t:|1758981153
|switch|p2a: Ogerpon|Ogerpon-Wellspring, F|100/100|[from] U-turn
|move|p1a: Araquanid|Infestation|p2a: Ogerpon
|-supereffective|p2a: Ogerpon
|-damage|p2a: Ogerpon|88/100
|-activate|p2a: Ogerpon|move: Infestation|[of] p1a: Araquanid
|
|-damage|p2a: Ogerpon|76/100|[from] move: Infestation|[partiallytrapped]
|upkeep
|turn|3
|
|t:|1758981163
|move|p2a: Ogerpon|Swords Dance|p2a: Ogerpon
|-boost|p2a: Ogerpon|atk|2
|move|p1a: Araquanid|Infestation|p2a: Ogerpon
|-supereffective|p2a: Ogerpon
|-damage|p2a: Ogerpon|62/100
|
|-damage|p2a: Ogerpon|50/100|[from] move: Infestation|[partiallytrapped]
|-end|p1a: Araquanid|move: Taunt
|upkeep
|turn|4
|
|t:|1758981186
|move|p2a: Ogerpon|Horn Leech|p1a: Araquanid
|-crit|p1a: Araquanid
|-damage|p1a: Araquanid|0 fnt
|-heal|p2a: Ogerpon|91/100|[from] drain|[of] p1a: Araquanid
|faint|p1a: Araquanid
|
|-end|p2a: Ogerpon|Infestation|[partiallytrapped]|[silent]
|upkeep
|
|t:|1758981194
|switch|p1a: Mandibuzz|Mandibuzz, F|100/100
|turn|5
|
|t:|1758981203
|-terastallize|p2a: Ogerpon|Water
|detailschange|p2a: Ogerpon|Ogerpon-Wellspring-Tera, F, tera:Water
|-ability|p2a: Ogerpon|Embody Aspect (Wellspring)|boost
|-boost|p2a: Ogerpon|spd|1
|move|p2a: Ogerpon|Ivy Cudgel|p1a: Mandibuzz|[anim] Ivy Cudgel Water
|-damage|p1a: Mandibuzz|10/100
|move|p1a: Mandibuzz|Foul Play|p2a: Ogerpon
|-damage|p2a: Ogerpon|0 fnt
|faint|p2a: Ogerpon
|detailschange|p2: Ogerpon|Ogerpon-Wellspring, F|[silent]
|
|upkeep
|
|t:|1758981205
|switch|p2a: Greninja|Greninja, M|100/100
|turn|6
|
|t:|1758981219
|switch|p1a: Tinkaton|Tinkaton, F|100/100
|-ability|p1a: Tinkaton|Mold Breaker
|-item|p1a: Tinkaton|Air Balloon
|move|p2a: Greninja|Surf|p1a: Tinkaton
|-damage|p1a: Tinkaton|46/100
|-enditem|p1a: Tinkaton|Air Balloon
|-damage|p2a: Greninja|91/100|[from] item: Life Orb
|
|upkeep
|turn|7
|
|t:|1758981229
|-terastallize|p1a: Tinkaton|Water
|move|p2a: Greninja|Surf|p1a: Tinkaton
|-resisted|p1a: Tinkaton
|-damage|p1a: Tinkaton|18/100
|-damage|p2a: Greninja|81/100|[from] item: Life Orb
|move|p1a: Tinkaton|Thunder Wave|p2a: Greninja
|-status|p2a: Greninja|par
|
|upkeep
|turn|8
|
|t:|1758981242
|move|p1a: Tinkaton|Encore|p2a: Greninja
|-start|p2a: Greninja|Encore
|move|p2a: Greninja|Surf|p1a: Tinkaton
|-resisted|p1a: Tinkaton
|-damage|p1a: Tinkaton|0 fnt
|faint|p1a: Tinkaton
|-ability|p2a: Greninja|Battle Bond|boost
|-boost|p2a: Greninja|atk|1
|-boost|p2a: Greninja|spa|1
|-boost|p2a: Greninja|spe|1
|-activate|p2a: Greninja|ability: Battle Bond
|-damage|p2a: Greninja|71/100 par|[from] item: Life Orb
|
|upkeep
|
|t:|1758981249
|switch|p1a: Sinistcha|Sinistcha-Masterpiece|100/100
|turn|9
|
|t:|1758981254
|switch|p2a: Slowking|Slowking-Galar, M|100/100
|move|p1a: Sinistcha|Calm Mind|p1a: Sinistcha
|-boost|p1a: Sinistcha|spa|1
|-boost|p1a: Sinistcha|spd|1
|
|upkeep
|turn|10
|
|t:|1758981257
|move|p1a: Sinistcha|Shadow Ball|p2a: Slowking
|-supereffective|p2a: Slowking
|-crit|p2a: Slowking
|-damage|p2a: Slowking|6/100
|move|p2a: Slowking|Thunder Wave|p1a: Sinistcha
|-status|p1a: Sinistcha|par
|
|upkeep
|turn|11
|
|t:|1758981265
|switch|p2a: Greninja|Greninja, M|71/100 par
|move|p1a: Sinistcha|Shadow Ball|p2a: Greninja
|-resisted|p2a: Greninja
|-damage|p2a: Greninja|30/100 par
|
|upkeep
|turn|12
|
|t:|1758981272
|cant|p2a: Greninja|par
|cant|p1a: Sinistcha|par
|
|upkeep
|turn|13
|
|t:|1758981277
|move|p2a: Greninja|Dark Pulse|p1a: Sinistcha
|-supereffective|p1a: Sinistcha
|-damage|p1a: Sinistcha|18/100 par
|-damage|p2a: Greninja|20/100 par|[from] item: Life Orb
|move|p1a: Sinistcha|Matcha Gotcha|p2a: Greninja
|-supereffective|p2a: Greninja
|-damage|p2a: Greninja|0 fnt
|-heal|p1a: Sinistcha|28/100 par|[from] drain|[of] p2a: Greninja
|faint|p2a: Greninja
|
|-heal|p1a: Sinistcha|34/100 par|[from] item: Leftovers
|upkeep
|
|t:|1758981290
|switch|p2a: Dragapult|Dragapult, M|100/100
|turn|14
|
|t:|1758981318
|move|p2a: Dragapult|Dragon Darts|p1a: Sinistcha
|-damage|p1a: Sinistcha|0 fnt
|faint|p1a: Sinistcha
|
|upkeep
|
|t:|1758981324
|switch|p1a: Great Tusk|Great Tusk|100/100
|-enditem|p1a: Great Tusk|Booster Energy
|-activate|p1a: Great Tusk|ability: Protosynthesis|[fromitem]
|-start|p1a: Great Tusk|protosynthesisspe
|turn|15
|
|t:|1758981336
|switch|p2a: Landorus|Landorus-Therian, M|7/100
|-ability|p2a: Landorus|Intimidate|boost
|-unboost|p1a: Great Tusk|atk|1
|move|p1a: Great Tusk|Bulk Up|p1a: Great Tusk
|-boost|p1a: Great Tusk|atk|1
|-boost|p1a: Great Tusk|def|1
|
|upkeep
|turn|16
|
|t:|1758981340
|move|p1a: Great Tusk|Bulk Up|p1a: Great Tusk
|-boost|p1a: Great Tusk|atk|1
|-boost|p1a: Great Tusk|def|1
|move|p2a: Landorus|Earth Power|p1a: Great Tusk
|-damage|p1a: Great Tusk|57/100
|
|upkeep
|turn|17
|
|t:|1758981349
|move|p1a: Great Tusk|Ice Spinner|p2a: Landorus
|-supereffective|p2a: Landorus
|-damage|p2a: Landorus|0 fnt
|-damage|p1a: Great Tusk|41/100|[from] item: Rocky Helmet|[of] p2a: Landorus
|faint|p2a: Landorus
|
|upkeep
|
|t:|1758981366
|switch|p2a: Dragapult|Dragapult, M|100/100
|turn|18
|
|t:|1758981370
|move|p1a: Great Tusk|Headlong Rush|p2a: Dragapult
|-damage|p2a: Dragapult|0 fnt
|-unboost|p1a: Great Tusk|def|1
|-unboost|p1a: Great Tusk|spd|1
|faint|p2a: Dragapult
|
|upkeep
|-message|bertoskyT forfeited.
|
|win|guerrero105
|raw|guerrero105's rating: 1505 &rarr; <strong>1532</strong><br />(+27 for winning)
|raw|bertoskyT's rating: 1641 &rarr; <strong>1614</strong><br />(-27 for losing)
|l|☆bertoskyT
|player|p2|
|l|☆guerrero105
|player|p1|
