|j|☆crasherman3124
|j|☆quartzion
|t:|1758917032
|gametype|singles
|player|p1|crasherman3124|bruno|1116
|player|p2|quartzion|169|1170
|gen|9
|tier|[Gen 9] OU
|rated|
|rule|HP Percentage Mod: HP is shown in percentages
|rule|Endless Battle Clause: Forcing endless battles is banned
|rule|Species Clause: Limit one of each Pokémon
|rule|OHKO Clause: OHKO moves are banned
|rule|Evasion Items Clause: Evasion items are banned
|rule|Evasion Moves Clause: Evasion moves are banned
|rule|Evasion Abilities Clause: Evasion abilities are banned
|rule|Sleep Moves Clause: Sleep-inducing moves are banned
|clearpoke
|poke|p1|Iron Jugulis|
|poke|p1|Arcanine-Hisui, M|
|poke|p1|Kingambit, M|
|poke|p1|Exeggutor-Alola, M|
|poke|p1|Metagross|
|poke|p1|Ceruledge, F|
|poke|p2|Cinccino, F|
|poke|p2|Serperior, M|
|poke|p2|Skeledirge, F|
|poke|p2|Quaquaval, M|
|poke|p2|Toxapex, F|
|poke|p2|Oricorio-Pom-Pom, F|
|teampreview
|inactive|Battle timer is ON: inactive players will automatically lose when time's up. (requested by crasherman3124)
|
|t:|1758917055
|teamsize|p1|6
|teamsize|p2|6
|start
|switch|p1a: Iron Jugulis|Iron Jugulis|100/100
|switch|p2a: Oricorio|Oricorio-Pom-Pom, F|100/100
|-enditem|p1a: Iron Jugulis|Booster Energy
|-activate|p1a: Iron Jugulis|ability: Quark Drive|[fromitem]
|-start|p1a: Iron Jugulis|quarkdrivespe
|turn|1
|
|t:|1758917066
|move|p1a: Iron Jugulis|Dark Pulse|p2a: Oricorio
|-damage|p2a: Oricorio|32/100
|move|p2a: Oricorio|Quiver Dance|p2a: Oricorio
|-boost|p2a: Oricorio|spa|1
|-boost|p2a: Oricorio|spd|1
|-boost|p2a: Oricorio|spe|1
|
|-heal|p2a: Oricorio|39/100|[from] item: Leftovers
|upkeep
|turn|2
|
|t:|1758917077
|move|p1a: Iron Jugulis|Taunt|p2a: Oricorio
|-start|p2a: Oricorio|move: Taunt
|cant|p2a: Oricorio|move: Taunt|Quiver Dance
|
|-heal|p2a: Oricorio|45/100|[from] item: Leftovers
|upkeep
|turn|3
|
|t:|1758917082
|move|p1a: Iron Jugulis|Dark Pulse|p2a: Oricorio
|-damage|p2a: Oricorio|2/100
|move|p2a: Oricorio|Revelation Dance|p1a: Iron Jugulis
|-supereffective|p1a: Iron Jugulis
|-damage|p1a: Iron Jugulis|0 fnt
|faint|p1a: Iron Jugulis
|-end|p1a: Iron Jugulis|Quark Drive|[silent]
|
|-heal|p2a: Oricorio|8/100|[from] item: Leftovers
|upkeep
|
|t:|1758917094
|switch|p1a: Arcanine|Arcanine-Hisui, M|100/100
|turn|4
|
|t:|1758917099
|move|p1a: Arcanine|Extreme Speed|p2a: Oricorio
|-damage|p2a: Oricorio|0 fnt
|faint|p2a: Oricorio
|
|upkeep
|
|t:|1758917104
|switch|p2a: Quaquaval|Quaquaval, M|100/100
|turn|5
|
|t:|1758917117
|switch|p1a: Exeggutor|Exeggutor-Alola, M|100/100
|-item|p2a: Quaquaval|White Herb|[from] ability: Frisk|[of] p1a: Exeggutor
|move|p2a: Quaquaval|Aqua Step|p1a: Exeggutor
|-resisted|p1a: Exeggutor
|-damage|p1a: Exeggutor|91/100
|-boost|p2a: Quaquaval|spe|1
|
|upkeep
|turn|6
|
|t:|1758917135
|move|p2a: Quaquaval|Ice Spinner|p1a: Exeggutor
|-supereffective|p1a: Exeggutor
|-damage|p1a: Exeggutor|0 fnt
|faint|p1a: Exeggutor
|-ability|p2a: Quaquaval|Moxie|boost
|-boost|p2a: Quaquaval|atk|1
|
|upkeep
|
|t:|1758917150
|switch|p1a: Arcanine|Arcanine-Hisui, M|100/100
|turn|7
|
|t:|1758917178
|-terastallize|p1a: Arcanine|Normal
|move|p2a: Quaquaval|Aqua Step|p1a: Arcanine
|-damage|p1a: Arcanine|28/100
|-boost|p2a: Quaquaval|spe|1
|move|p1a: Arcanine|Close Combat|p2a: Quaquaval
|-crit|p2a: Quaquaval
|-damage|p2a: Quaquaval|0 fnt
|-unboost|p1a: Arcanine|def|1
|-unboost|p1a: Arcanine|spd|1
|faint|p2a: Quaquaval
|
|upkeep
|inactive|quartzion has 120 seconds left.
|
|t:|1758917188
|switch|p2a: Serperior|Serperior, M|100/100
|turn|8
|
|t:|1758917193
|move|p2a: Serperior|Leaf Storm|p1a: Arcanine
|-damage|p1a: Arcanine|0 fnt
|-boost|p2a: Serperior|spa|2
|faint|p1a: Arcanine
|
|upkeep
|
|t:|1758917198
|switch|p1a: Ceruledge|Ceruledge, F|100/100
|turn|9
|
|t:|1758917222
|-terastallize|p2a: Serperior|Rock
|move|p2a: Serperior|Tera Blast|p1a: Ceruledge|[anim] Tera Blast Rock
|-supereffective|p1a: Ceruledge
|-crit|p1a: Ceruledge
|-enditem|p1a: Ceruledge|Focus Sash
|-damage|p1a: Ceruledge|1/100
|move|p1a: Ceruledge|Swords Dance|p1a: Ceruledge
|-boost|p1a: Ceruledge|atk|2
|
|upkeep
|turn|10
|
|t:|1758917249
|move|p1a: Ceruledge|Shadow Sneak|p2a: Serperior
|-crit|p2a: Serperior
|-damage|p2a: Serperior|25/100
|move|p2a: Serperior|Tera Blast|p1a: Ceruledge|[anim] Tera Blast Rock
|-supereffective|p1a: Ceruledge
|-damage|p1a: Ceruledge|0 fnt
|faint|p1a: Ceruledge
|
|-heal|p2a: Serperior|31/100|[from] item: Leftovers
|upkeep
|
|t:|1758917253
|switch|p1a: Kingambit|Kingambit, M|100/100
|-activate|p1a: Kingambit|ability: Supreme Overlord
|-start|p1a: Kingambit|fallen4|[silent]
|turn|11
|
|t:|1758917269
|move|p1a: Kingambit|Sucker Punch|p2a: Serperior
|-damage|p2a: Serperior|0 fnt
|faint|p2a: Serperior
|
|upkeep
|
|t:|1758917272
|switch|p2a: Skeledirge|Skeledirge, F|100/100
|turn|12
|
|t:|1758917280
|move|p2a: Skeledirge|Torch Song|p1a: Kingambit
|-supereffective|p1a: Kingambit
|-damage|p1a: Kingambit|24/100
|-boost|p2a: Skeledirge|spa|1
|move|p1a: Kingambit|Kowtow Cleave|p2a: Skeledirge
|-supereffective|p2a: Skeledirge
|-damage|p2a: Skeledirge|0 fnt
|faint|p2a: Skeledirge
|
|upkeep
|
|t:|1758917289
|switch|p2a: Toxapex|Toxapex, F|100/100
|turn|13
|
|t:|1758917295
|move|p1a: Kingambit|Kowtow Cleave|p2a: Toxapex
|-damage|p2a: Toxapex|44/100
|move|p2a: Toxapex|Liquidation|p1a: Kingambit
|-damage|p1a: Kingambit|9/100
|
|-heal|p2a: Toxapex|50/100|[from] item: Leftovers
|upkeep
|turn|14
|inactive|quartzion has 120 seconds left.
|
|t:|1758917348
|move|p1a: Kingambit|Kowtow Cleave|p2a: Toxapex
|-damage|p2a: Toxapex|0 fnt
|faint|p2a: Toxapex
|
|upkeep
|
|t:|1758917351
|switch|p2a: Cinccino|Cinccino, F|100/100
|turn|15
|
|t:|1758917359
|move|p1a: Kingambit|Sucker Punch||[still]
|-fail|p1a: Kingambit
|move|p2a: Cinccino|Tidy Up|p2a: Cinccino
|-boost|p2a: Cinccino|atk|1
|-boost|p2a: Cinccino|spe|1
|
|upkeep
|turn|16
|
|t:|1758917365
|move|p1a: Kingambit|Sucker Punch|p2a: Cinccino
|-damage|p2a: Cinccino|0 fnt
|faint|p2a: Cinccino
|
|win|crasherman3124
|raw|crasherman3124's rating: 1116 &rarr; <strong>1145</strong><br />(+29 for winning)
|raw|quartzion's rating: 1170 &rarr; <strong>1141</strong><br />(-29 for losing)
|l|☆crasherman3124
|player|p1|
|l|☆quartzion
|player|p2|
