|j|☆Panther56
|j|☆Havestol
|t:|1759032724
|gametype|singles
|player|p1|Panther56|burglar|1477
|player|p2|Havestol|mars|1508
|gen|9
|tier|[Gen 9] OU
|rated|
|rule|HP Percentage Mod: HP is shown in percentages
|rule|Endless Battle Clause: Forcing endless battles is banned
|rule|Species Clause: Limit one of each Pokémon
|rule|OHKO Clause: OHKO moves are banned
|rule|Evasion Items Clause: Evasion items are banned
|rule|Evasion Moves Clause: Evasion moves are banned
|rule|Evasion Abilities Clause: Evasion abilities are banned
|rule|Sleep Moves Clause: Sleep-inducing moves are banned
|clearpoke
|poke|p1|Moltres|
|poke|p1|Zamazenta-*|
|poke|p1|Darkrai|
|poke|p1|Hydrapple, M|
|poke|p1|Ting-Lu|
|poke|p1|Tinkaton, F|
|poke|p2|Salazzle, F|
|poke|p2|Dragapult, M|
|poke|p2|Weezing-Galar, F|
|poke|p2|Gliscor, M|
|poke|p2|Alomomola, M|
|poke|p2|Iron Crown|
|teampreview
|j| s0njcs
|
|t:|1759032755
|teamsize|p1|6
|teamsize|p2|6
|start
|switch|p1a: Tinkaton|Tinkaton, F|100/100
|switch|p2a: Salazzle|Salazzle, F|100/100
|-ability|p1a: Tinkaton|Mold Breaker
|-item|p1a: Tinkaton|Air Balloon
|turn|1
|
|t:|1759032768
|switch|p1a: Ting-Lu|Ting-Lu|100/100
|-ability|p1a: Ting-Lu|Vessel of Ruin
|move|p2a: Salazzle|Substitute|p2a: Salazzle
|-start|p2a: Salazzle|Substitute
|-damage|p2a: Salazzle|76/100
|
|-heal|p2a: Salazzle|82/100|[from] item: Leftovers
|upkeep
|turn|2
|
|t:|1759032782
|move|p2a: Salazzle|Toxic|p1a: Ting-Lu
|-status|p1a: Ting-Lu|tox
|move|p1a: Ting-Lu|Spikes|p2a: Salazzle
|-sidestart|p2: Havestol|Spikes
|
|-heal|p2a: Salazzle|88/100|[from] item: Leftovers
|-damage|p1a: Ting-Lu|94/100 tox|[from] psn
|upkeep
|turn|3
|inactive|Battle timer is ON: inactive players will automatically lose when time's up. (requested by Panther56)
|
|t:|1759032814
|move|p2a: Salazzle|Knock Off|p1a: Ting-Lu
|-resisted|p1a: Ting-Lu
|-damage|p1a: Ting-Lu|90/100 tox
|-enditem|p1a: Ting-Lu|Leftovers|[from] move: Knock Off|[of] p2a: Salazzle
|move|p1a: Ting-Lu|Whirlwind|p2a: Salazzle
|drag|p2a: Iron Crown|Iron Crown|100/100
|-damage|p2a: Iron Crown|88/100|[from] Spikes
|
|-damage|p1a: Ting-Lu|78/100 tox|[from] psn
|upkeep
|turn|4
|inactive|Havestol has 120 seconds left.
|l| s0njcs
|
|t:|1759032872
|-end|p2a: Iron Crown|Quark Drive|[silent]
|switch|p2a: Gliscor|Gliscor, M|100/100
|switch|p1a: Tinkaton|Tinkaton, F|100/100
|-ability|p1a: Tinkaton|Mold Breaker
|-item|p1a: Tinkaton|Air Balloon
|
|-status|p2a: Gliscor|tox|[from] item: Toxic Orb
|upkeep
|turn|5
|
|t:|1759032885
|move|p1a: Tinkaton|Stealth Rock|p2a: Gliscor
|-sidestart|p2: Havestol|move: Stealth Rock
|move|p2a: Gliscor|U-turn|p1a: Tinkaton
|-resisted|p1a: Tinkaton
|-damage|p1a: Tinkaton|96/100
|-enditem|p1a: Tinkaton|Air Balloon
|
|t:|1759032898
|switch|p2a: Salazzle|Salazzle, F|88/100|[from] U-turn
|-damage|p2a: Salazzle|76/100|[from] Spikes
|-damage|p2a: Salazzle|51/100|[from] Stealth Rock
|
|-heal|p2a: Salazzle|57/100|[from] item: Leftovers
|upkeep
|turn|6
|
|t:|1759032906
|switch|p1a: Ting-Lu|Ting-Lu|78/100 tox
|-ability|p1a: Ting-Lu|Vessel of Ruin
|move|p2a: Salazzle|Flamethrower|p1a: Ting-Lu
|-damage|p1a: Ting-Lu|60/100 tox
|
|-heal|p2a: Salazzle|63/100|[from] item: Leftovers
|-damage|p1a: Ting-Lu|54/100 tox|[from] psn
|upkeep
|turn|7
|
|t:|1759032913
|move|p2a: Salazzle|Substitute|p2a: Salazzle
|-start|p2a: Salazzle|Substitute
|-damage|p2a: Salazzle|38/100
|move|p1a: Ting-Lu|Whirlwind|p2a: Salazzle
|drag|p2a: Gliscor|Gliscor, M|100/100 tox
|-damage|p2a: Gliscor|88/100 tox|[from] Stealth Rock
|
|-heal|p2a: Gliscor|100/100 tox|[from] ability: Poison Heal
|-damage|p1a: Ting-Lu|42/100 tox|[from] psn
|upkeep
|turn|8
|inactive|Havestol has 120 seconds left.
|
|t:|1759032955
|move|p2a: Gliscor|Spikes|p1a: Ting-Lu
|-sidestart|p1: Panther56|Spikes
|move|p1a: Ting-Lu|Ruination|p2a: Gliscor
|-damage|p2a: Gliscor|50/100 tox
|
|-heal|p2a: Gliscor|63/100 tox|[from] ability: Poison Heal
|-damage|p1a: Ting-Lu|23/100 tox|[from] psn
|upkeep
|turn|9
|
|t:|1759032963
|switch|p1a: Moltres|Moltres|100/100
|move|p2a: Gliscor|Spikes|p1a: Moltres
|-sidestart|p1: Panther56|Spikes
|
|-heal|p2a: Gliscor|75/100 tox|[from] ability: Poison Heal
|upkeep
|turn|10
|
|t:|1759032971
|move|p2a: Gliscor|Spikes|p1a: Moltres
|-sidestart|p1: Panther56|Spikes
|move|p1a: Moltres|Flamethrower|p2a: Gliscor
|-damage|p2a: Gliscor|46/100 tox
|
|-heal|p2a: Gliscor|58/100 tox|[from] ability: Poison Heal
|upkeep
|turn|11
|
|t:|1759032977
|move|p2a: Gliscor|Protect|p2a: Gliscor
|-singleturn|p2a: Gliscor|Protect
|move|p1a: Moltres|Flamethrower|p2a: Gliscor
|-activate|p2a: Gliscor|move: Protect
|
|-heal|p2a: Gliscor|71/100 tox|[from] ability: Poison Heal
|upkeep
|turn|12
|
|t:|1759032983
|move|p2a: Gliscor|U-turn|p1a: Moltres
|-resisted|p1a: Moltres
|-damage|p1a: Moltres|98/100
|
|t:|1759032989
|switch|p2a: Alomomola|Alomomola, M|100/100|[from] U-turn
|-damage|p2a: Alomomola|88/100|[from] Spikes
|-damage|p2a: Alomomola|76/100|[from] Stealth Rock
|move|p1a: Moltres|Flamethrower|p2a: Alomomola
|-resisted|p2a: Alomomola
|-damage|p2a: Alomomola|65/100
|
|upkeep
|turn|13
|
|t:|1759032999
|move|p2a: Alomomola|Flip Turn|p1a: Moltres
|-supereffective|p1a: Moltres
|-damage|p1a: Moltres|76/100
|inactive|Havestol has 120 seconds left.
|
|t:|1759033045
|switch|p2a: Weezing|Weezing-Galar, F|100/100|[from] Flip Turn
|-ability|p2a: Weezing|Neutralizing Gas
|-damage|p2a: Weezing|88/100|[from] Spikes
|-damage|p2a: Weezing|76/100|[from] Stealth Rock
|move|p1a: Moltres|Roar|p2a: Weezing
|-end|p2a: Weezing|ability: Neutralizing Gas
|drag|p2a: Alomomola|Alomomola, M|98/100
|-damage|p2a: Alomomola|86/100|[from] Spikes
|-damage|p2a: Alomomola|73/100|[from] Stealth Rock
|
|upkeep
|turn|14
|
|t:|1759033058
|move|p2a: Alomomola|Scald|p1a: Moltres
|-supereffective|p1a: Moltres
|-damage|p1a: Moltres|47/100
|move|p1a: Moltres|Roar|p2a: Alomomola
|drag|p2a: Dragapult|Dragapult, M|100/100
|-damage|p2a: Dragapult|88/100|[from] Spikes
|-damage|p2a: Dragapult|76/100|[from] Stealth Rock
|
|upkeep
|turn|15
|inactive|Panther56 has 120 seconds left.
|
|t:|1759033089
|switch|p1a: Ting-Lu|Ting-Lu|23/100 tox
|-damage|p1a: Ting-Lu|0 fnt|[from] Spikes
|faint|p1a: Ting-Lu
|-terastallize|p2a: Dragapult|Ghost
|move|p2a: Dragapult|Shadow Ball|p1: Ting-Lu|[notarget]
|-fail|p2a: Dragapult
|
|upkeep
|inactive|Panther56 has 120 seconds left.
|
|t:|1759033099
|switch|p1a: Tinkaton|Tinkaton, F|96/100
|-damage|p1a: Tinkaton|72/100|[from] Spikes
|-ability|p1a: Tinkaton|Mold Breaker
|turn|16
|inactive|Panther56 has 120 seconds left.
|
|t:|1759033106
|move|p2a: Dragapult|Shadow Ball|p1a: Tinkaton
|-damage|p1a: Tinkaton|11/100
|move|p1a: Tinkaton|Thunder Wave|p2a: Dragapult
|-status|p2a: Dragapult|par
|
|upkeep
|turn|17
|inactive|Panther56 has 120 seconds left.
|
|t:|1759033119
|move|p1a: Tinkaton|Gigaton Hammer|p2a: Dragapult
|-damage|p2a: Dragapult|16/100 par
|move|p2a: Dragapult|Shadow Ball|p1a: Tinkaton
|-damage|p1a: Tinkaton|0 fnt
|faint|p1a: Tinkaton
|
|upkeep
|inactive|Panther56 has 120 seconds left.
|
|t:|1759033136
|switch|p1a: Moltres|Moltres|47/100
|turn|18
|
|t:|1759033140
|move|p1a: Moltres|Flamethrower|p2a: Dragapult
|-damage|p2a: Dragapult|0 fnt
|faint|p2a: Dragapult
|
|upkeep
|inactive|Havestol has 120 seconds left.
|inactive|Havestol has 90 seconds left.
|
|t:|1759033207
|switch|p2a: Weezing|Weezing-Galar, F|76/100
|-ability|p2a: Weezing|Neutralizing Gas
|-damage|p2a: Weezing|64/100|[from] Spikes
|-damage|p2a: Weezing|51/100|[from] Stealth Rock
|turn|19
|
|t:|1759033217
|move|p1a: Moltres|Roost|p1a: Moltres
|-heal|p1a: Moltres|97/100
|-singleturn|p1a: Moltres|move: Roost
|move|p2a: Weezing|Defog|p1a: Moltres
|-unboost|p1a: Moltres|evasion|1
|-sideend|p1: Panther56|Spikes|[from] move: Defog|[of] p2a: Weezing
|-sideend|p2: Havestol|Spikes|[from] move: Defog|[of] p2a: Weezing
|-sideend|p2: Havestol|Stealth Rock|[from] move: Defog|[of] p2a: Weezing
|
|upkeep
|turn|20
|
|t:|1759033230
|move|p1a: Moltres|Flamethrower|p2a: Weezing
|-damage|p2a: Weezing|0 fnt
|faint|p2a: Weezing
|-end|p2a: Weezing|ability: Neutralizing Gas
|
|upkeep
|
|t:|1759033239
|switch|p2a: Alomomola|Alomomola, M|100/100
|turn|21
|
|t:|1759033255
|move|p1a: Moltres|Flamethrower|p2a: Alomomola
|-resisted|p2a: Alomomola
|-damage|p2a: Alomomola|90/100
|move|p2a: Alomomola|Scald|p1a: Moltres
|-supereffective|p1a: Moltres
|-damage|p1a: Moltres|69/100
|
|upkeep
|turn|22
|inactive|Havestol has 90 seconds left.
|
|t:|1759033276
|move|p1a: Moltres|Flamethrower|p2a: Alomomola
|-resisted|p2a: Alomomola
|-crit|p2a: Alomomola
|-damage|p2a: Alomomola|74/100
|move|p2a: Alomomola|Scald|p1a: Moltres
|-supereffective|p1a: Moltres
|-damage|p1a: Moltres|42/100
|
|upkeep
|turn|23
|
|t:|1759033287
|move|p1a: Moltres|Roost|p1a: Moltres
|-heal|p1a: Moltres|92/100
|-singleturn|p1a: Moltres|move: Roost
|move|p2a: Alomomola|Body Slam|p1a: Moltres
|-damage|p1a: Moltres|82/100
|
|upkeep
|turn|24
|
|t:|1759033296
|move|p1a: Moltres|U-turn|p2a: Alomomola
|-damage|p2a: Alomomola|64/100
|
|t:|1759033298
|switch|p1a: Hydrapple|Hydrapple, M|100/100|[from] U-turn
|move|p2a: Alomomola|Scald|p1a: Hydrapple
|-resisted|p1a: Hydrapple
|-damage|p1a: Hydrapple|97/100
|-status|p1a: Hydrapple|brn
|
|-damage|p1a: Hydrapple|91/100 brn|[from] brn
|upkeep
|turn|25
|
|t:|1759033309
|switch|p2a: Iron Crown|Iron Crown|88/100
|move|p1a: Hydrapple|Nasty Plot|p1a: Hydrapple
|-boost|p1a: Hydrapple|spa|2
|
|-damage|p1a: Hydrapple|85/100 brn|[from] brn
|upkeep
|turn|26
|
|t:|1759033320
|move|p2a: Iron Crown|Tachyon Cutter|p1a: Hydrapple
|-crit|p1a: Hydrapple
|-damage|p1a: Hydrapple|44/100 brn
|-damage|p1a: Hydrapple|20/100 brn
|-hitcount|p1a: Hydrapple|2
|move|p1a: Hydrapple|Earth Power|p2a: Iron Crown
|-supereffective|p2a: Iron Crown
|-damage|p2a: Iron Crown|18/100
|
|-damage|p1a: Hydrapple|14/100 brn|[from] brn
|upkeep
|turn|27
|inactive|Havestol has 120 seconds left.
|inactive|Havestol has 90 seconds left.
|
|t:|1759033361
|switch|p1a: Moltres|Moltres|82/100
|move|p2a: Iron Crown|Psychic Noise|p1a: Moltres
|-damage|p1a: Moltres|43/100
|-start|p1a: Moltres|move: Heal Block
|
|upkeep
|turn|28
|
|t:|1759033385
|switch|p1a: Hydrapple|Hydrapple, M|47/100 brn
|move|p2a: Iron Crown|Volt Switch|p1a: Hydrapple
|-resisted|p1a: Hydrapple
|-damage|p1a: Hydrapple|41/100 brn
|
|t:|1759033396
|-end|p2a: Iron Crown|Quark Drive|[silent]
|switch|p2a: Salazzle|Salazzle, F|38/100|[from] Volt Switch
|
|-heal|p2a: Salazzle|44/100|[from] item: Leftovers
|-damage|p1a: Hydrapple|35/100 brn|[from] brn
|upkeep
|turn|29
|
|t:|1759033414
|switch|p1a: Darkrai|Darkrai|100/100
|move|p2a: Salazzle|Substitute|p2a: Salazzle
|-start|p2a: Salazzle|Substitute
|-damage|p2a: Salazzle|19/100
|
|-heal|p2a: Salazzle|25/100|[from] item: Leftovers
|upkeep
|turn|30
|inactive|Havestol has 90 seconds left.
|
|t:|1759033439
|move|p1a: Darkrai|Dark Pulse|p2a: Salazzle
|-end|p2a: Salazzle|Substitute
|move|p2a: Salazzle|Toxic|p1a: Darkrai
|-status|p1a: Darkrai|tox
|
|-heal|p2a: Salazzle|32/100|[from] item: Leftovers
|-damage|p1a: Darkrai|94/100 tox|[from] psn
|upkeep
|turn|31
|inactive|Havestol has 90 seconds left.
|
|t:|1759033473
|switch|p2a: Alomomola|Alomomola, M|98/100
|move|p1a: Darkrai|Knock Off|p2a: Alomomola
|-damage|p2a: Alomomola|81/100
|-enditem|p2a: Alomomola|Assault Vest|[from] move: Knock Off|[of] p1a: Darkrai
|
|-damage|p1a: Darkrai|82/100 tox|[from] psn
|upkeep
|turn|32
|
|t:|1759033481
|switch|p1a: Hydrapple|Hydrapple, M|68/100 brn
|move|p2a: Alomomola|Scald|p1a: Hydrapple
|-resisted|p1a: Hydrapple
|-damage|p1a: Hydrapple|65/100 brn
|
|-damage|p1a: Hydrapple|59/100 brn|[from] brn
|upkeep
|turn|33
|
|t:|1759033490
|move|p2a: Alomomola|Flip Turn|p1a: Hydrapple
|-resisted|p1a: Hydrapple
|-damage|p1a: Hydrapple|57/100 brn
|inactive|Havestol has 60 seconds left.
|
|t:|1759033527
|switch|p2a: Gliscor|Gliscor, M|71/100 tox|[from] Flip Turn
|move|p1a: Hydrapple|Giga Drain|p2a: Gliscor
|-damage|p2a: Gliscor|43/100 tox
|-heal|p1a: Hydrapple|68/100 brn|[from] drain|[of] p2a: Gliscor
|
|-heal|p2a: Gliscor|56/100 tox|[from] ability: Poison Heal
|-damage|p1a: Hydrapple|62/100 brn|[from] brn
|upkeep
|turn|34
|
|t:|1759033542
|switch|p1a: Moltres|Moltres|43/100
|move|p2a: Gliscor|Spikes|p1a: Moltres
|-sidestart|p1: Panther56|Spikes
|
|-heal|p2a: Gliscor|68/100 tox|[from] ability: Poison Heal
|upkeep
|turn|35
|
|t:|1759033549
|move|p2a: Gliscor|U-turn|p1a: Moltres
|-resisted|p1a: Moltres
|-damage|p1a: Moltres|40/100
|
|t:|1759033550
|switch|p2a: Alomomola|Alomomola, M|100/100|[from] U-turn
|move|p1a: Moltres|Roost|p1a: Moltres
|-heal|p1a: Moltres|90/100
|-singleturn|p1a: Moltres|move: Roost
|
|upkeep
|turn|36
|
|t:|1759033564
|switch|p1a: Hydrapple|Hydrapple, M|96/100 brn
|move|p2a: Alomomola|Flip Turn|p1a: Hydrapple
|-resisted|p1a: Hydrapple
|-damage|p1a: Hydrapple|93/100 brn
|inactive|Havestol has 60 seconds left.
|
|t:|1759033576
|switch|p2a: Iron Crown|Iron Crown|18/100|[from] Flip Turn
|
|-damage|p1a: Hydrapple|87/100 brn|[from] brn
|upkeep
|turn|37
|
|t:|1759033584
|move|p2a: Iron Crown|Tachyon Cutter|p1a: Hydrapple
|-damage|p1a: Hydrapple|61/100 brn
|-damage|p1a: Hydrapple|36/100 brn
|-hitcount|p1a: Hydrapple|2
|move|p1a: Hydrapple|Earth Power|p2a: Iron Crown
|-supereffective|p2a: Iron Crown
|-damage|p2a: Iron Crown|0 fnt
|faint|p2a: Iron Crown
|-end|p2a: Iron Crown|Quark Drive|[silent]
|
|-damage|p1a: Hydrapple|29/100 brn|[from] brn
|upkeep
|
|t:|1759033590
|switch|p2a: Salazzle|Salazzle, F|32/100
|turn|38
|
|t:|1759033595
|switch|p1a: Moltres|Moltres|90/100
|move|p2a: Salazzle|Substitute|p2a: Salazzle
|-start|p2a: Salazzle|Substitute
|-damage|p2a: Salazzle|7/100
|
|-heal|p2a: Salazzle|13/100|[from] item: Leftovers
|upkeep
|turn|39
|
|t:|1759033601
|move|p2a: Salazzle|Toxic|p1a: Moltres
|-status|p1a: Moltres|tox
|move|p1a: Moltres|Roar|p2a: Salazzle
|drag|p2a: Gliscor|Gliscor, M|68/100 tox
|
|-heal|p2a: Gliscor|80/100 tox|[from] ability: Poison Heal
|-damage|p1a: Moltres|84/100 tox|[from] psn
|upkeep
|turn|40
|inactive|Havestol has 90 seconds left.
|
|t:|1759033632
|move|p2a: Gliscor|U-turn|p1a: Moltres
|-resisted|p1a: Moltres
|-damage|p1a: Moltres|81/100 tox
|
|t:|1759033634
|switch|p2a: Alomomola|Alomomola, M|100/100|[from] U-turn
|move|p1a: Moltres|Flamethrower|p2a: Alomomola
|-resisted|p2a: Alomomola
|-damage|p2a: Alomomola|86/100
|
|-damage|p1a: Moltres|69/100 tox|[from] psn
|upkeep
|turn|41
|
|t:|1759033642
|move|p1a: Moltres|U-turn|p2a: Alomomola
|-damage|p2a: Alomomola|75/100
|
|t:|1759033646
|switch|p1a: Zamazenta|Zamazenta|100/100|[from] U-turn
|-ability|p1a: Zamazenta|Dauntless Shield|boost
|-boost|p1a: Zamazenta|def|1
|move|p2a: Alomomola|Flip Turn|p1a: Zamazenta
|-damage|p1a: Zamazenta|90/100
|
|t:|1759033654
|switch|p2a: Salazzle|Salazzle, F|13/100|[from] Flip Turn
|
|-heal|p2a: Salazzle|19/100|[from] item: Leftovers
|upkeep
|turn|42
|
|t:|1759033660
|switch|p2a: Alomomola|Alomomola, M|100/100
|move|p1a: Zamazenta|Crunch|p2a: Alomomola
|-damage|p2a: Alomomola|81/100
|
|upkeep
|turn|43
|
|t:|1759033672
|switch|p1a: Hydrapple|Hydrapple, M|63/100 brn
|move|p2a: Alomomola|Scald|p1a: Hydrapple
|-resisted|p1a: Hydrapple
|-damage|p1a: Hydrapple|60/100 brn
|
|-damage|p1a: Hydrapple|54/100 brn|[from] brn
|upkeep
|turn|44
|
|t:|1759033685
|switch|p1a: Darkrai|Darkrai|82/100 tox
|move|p2a: Alomomola|Mirror Coat||[still]
|-fail|p2a: Alomomola
|
|-damage|p1a: Darkrai|76/100 tox|[from] psn
|upkeep
|turn|45
|
|t:|1759033693
|move|p1a: Darkrai|Dark Pulse|p2a: Alomomola
|-damage|p2a: Alomomola|48/100
|move|p2a: Alomomola|Flip Turn|p1a: Darkrai
|-damage|p1a: Darkrai|56/100 tox
|
|t:|1759033698
|switch|p2a: Gliscor|Gliscor, M|80/100 tox|[from] Flip Turn
|
|-damage|p1a: Darkrai|44/100 tox|[from] psn
|-heal|p2a: Gliscor|93/100 tox|[from] ability: Poison Heal
|upkeep
|turn|46
|
|t:|1759033704
|move|p2a: Gliscor|Protect|p2a: Gliscor
|-singleturn|p2a: Gliscor|Protect
|move|p1a: Darkrai|Ice Beam|p2a: Gliscor
|-activate|p2a: Gliscor|move: Protect
|
|-damage|p1a: Darkrai|25/100 tox|[from] psn
|-heal|p2a: Gliscor|100/100 tox|[from] ability: Poison Heal
|upkeep
|turn|47
|
|t:|1759033724
|switch|p2a: Alomomola|Alomomola, M|81/100
|-terastallize|p1a: Darkrai|Poison
|move|p1a: Darkrai|Ice Beam|p2a: Alomomola
|-resisted|p2a: Alomomola
|-damage|p2a: Alomomola|69/100
|
|-damage|p1a: Darkrai|1/100 tox|[from] psn
|upkeep
|turn|48
|
|t:|1759033735
|move|p1a: Darkrai|Sludge Bomb|p2a: Alomomola
|-damage|p2a: Alomomola|31/100
|move|p2a: Alomomola|Flip Turn|p1a: Darkrai
|-damage|p1a: Darkrai|0 fnt
|faint|p1a: Darkrai
|
|t:|1759033745
|switch|p2a: Salazzle|Salazzle, F|19/100|[from] Flip Turn
|
|-heal|p2a: Salazzle|25/100|[from] item: Leftovers
|upkeep
|
|t:|1759033754
|switch|p1a: Moltres|Moltres|69/100 tox
|turn|49
|
|t:|1759033757
|switch|p2a: Gliscor|Gliscor, M|100/100 tox
|move|p1a: Moltres|U-turn|p2a: Gliscor
|-resisted|p2a: Gliscor
|-damage|p2a: Gliscor|95/100 tox
|
|t:|1759033763
|switch|p1a: Hydrapple|Hydrapple, M|87/100 brn|[from] U-turn
|
|-heal|p2a: Gliscor|100/100 tox|[from] ability: Poison Heal
|-damage|p1a: Hydrapple|81/100 brn|[from] brn
|upkeep
|turn|50
|
|t:|1759033777
|move|p2a: Gliscor|Spikes|p1a: Hydrapple
|-sidestart|p1: Panther56|Spikes
|move|p1a: Hydrapple|Nasty Plot|p1a: Hydrapple
|-boost|p1a: Hydrapple|spa|2
|
|-damage|p1a: Hydrapple|75/100 brn|[from] brn
|upkeep
|turn|51
|
|t:|1759033797
|move|p2a: Gliscor|U-turn|p1a: Hydrapple
|-supereffective|p1a: Hydrapple
|-damage|p1a: Hydrapple|56/100 brn
|
|t:|1759033804
|switch|p2a: Alomomola|Alomomola, M|65/100|[from] U-turn
|move|p1a: Hydrapple|Giga Drain|p2a: Alomomola
|-supereffective|p2a: Alomomola
|-damage|p2a: Alomomola|0 fnt
|-heal|p1a: Hydrapple|93/100 brn|[from] drain|[of] p2a: Alomomola
|faint|p2a: Alomomola
|
|-damage|p1a: Hydrapple|86/100 brn|[from] brn
|upkeep
|
|t:|1759033808
|switch|p2a: Salazzle|Salazzle, F|25/100
|turn|52
|
|t:|1759033814
|move|p2a: Salazzle|Flamethrower|p1a: Hydrapple
|-damage|p1a: Hydrapple|43/100 brn
|move|p1a: Hydrapple|Giga Drain|p2a: Salazzle
|-resisted|p2a: Salazzle
|-damage|p2a: Salazzle|0 fnt
|-heal|p1a: Hydrapple|51/100 brn|[from] drain|[of] p2a: Salazzle
|faint|p2a: Salazzle
|
|-damage|p1a: Hydrapple|45/100 brn|[from] brn
|upkeep
|
|t:|1759033816
|switch|p2a: Gliscor|Gliscor, M|100/100 tox
|turn|53
|
|t:|1759033827
|move|p2a: Gliscor|U-turn|p1a: Hydrapple
|-supereffective|p1a: Hydrapple
|-damage|p1a: Hydrapple|27/100 brn
|move|p1a: Hydrapple|Giga Drain|p2a: Gliscor
|-damage|p2a: Gliscor|49/100 tox
|-heal|p1a: Hydrapple|49/100 brn|[from] drain|[of] p2a: Gliscor
|
|-heal|p2a: Gliscor|61/100 tox|[from] ability: Poison Heal
|-damage|p1a: Hydrapple|43/100 brn|[from] brn
|upkeep
|turn|54
|
|t:|1759033832
|move|p2a: Gliscor|Protect|p2a: Gliscor
|-singleturn|p2a: Gliscor|Protect
|move|p1a: Hydrapple|Giga Drain|p2a: Gliscor
|-activate|p2a: Gliscor|move: Protect
|
|-heal|p2a: Gliscor|74/100 tox|[from] ability: Poison Heal
|-damage|p1a: Hydrapple|37/100 brn|[from] brn
|upkeep
|turn|55
|
|t:|1759033834
|move|p2a: Gliscor|U-turn|p1a: Hydrapple
|-supereffective|p1a: Hydrapple
|-damage|p1a: Hydrapple|20/100 brn
|move|p1a: Hydrapple|Giga Drain|p2a: Gliscor
|-damage|p2a: Gliscor|16/100 tox
|-heal|p1a: Hydrapple|45/100 brn|[from] drain|[of] p2a: Gliscor
|
|-heal|p2a: Gliscor|28/100 tox|[from] ability: Poison Heal
|-damage|p1a: Hydrapple|39/100 brn|[from] brn
|upkeep
|turn|56
|
|t:|1759033838
|switch|p1a: Zamazenta|Zamazenta|90/100
|move|p2a: Gliscor|U-turn|p1a: Zamazenta
|-resisted|p1a: Zamazenta
|-damage|p1a: Zamazenta|84/100
|
|-heal|p2a: Gliscor|41/100 tox|[from] ability: Poison Heal
|upkeep
|turn|57
|
|t:|1759033842
|move|p1a: Zamazenta|Ice Fang|p2a: Gliscor
|-supereffective|p2a: Gliscor
|-crit|p2a: Gliscor
|-damage|p2a: Gliscor|0 fnt
|faint|p2a: Gliscor
|
|win|Panther56
|raw|Panther56's rating: 1477 &rarr; <strong>1499</strong><br />(+22 for winning)
|raw|Havestol's rating: 1508 &rarr; <strong>1486</strong><br />(-22 for losing)
|c|☆Panther56|gg
|c|☆Havestol|gg
|l|☆Havestol
|player|p2|
|l|☆Panther56
|player|p1|
