|badge|p2|silver|gen9randombattle|30-6
|uhtml|medal-msg|<div class="broadcast-blue">Curious what those medals under the avatar are? PS now has Ladder Seasons! For more information, check out the <a href="https://www.smogon.com/forums/threads/3740067/">thread on Smogon.</a></div>
|j|‽MyNameJeeeeff
|j|☆LordST
|t:|1759033098
|gametype|singles
|player|p1|MyNameJeeeeff|266|1401
|player|p2|LordST|#pu|1397
|gen|9
|tier|[Gen 9] OU
|rated|
|rule|HP Percentage Mod: HP is shown in percentages
|rule|Endless Battle Clause: Forcing endless battles is banned
|rule|Species Clause: Limit one of each Pokémon
|rule|OHKO Clause: OHKO moves are banned
|rule|Evasion Items Clause: Evasion items are banned
|rule|Evasion Moves Clause: Evasion moves are banned
|rule|Evasion Abilities Clause: Evasion abilities are banned
|rule|Sleep Moves Clause: Sleep-inducing moves are banned
|clearpoke
|poke|p1|Garganacl, M|
|poke|p1|Kyurem|
|poke|p1|Enamorus, F|
|poke|p1|Rillaboom, F|
|poke|p1|Talonflame, M|
|poke|p1|Excadrill, M|
|poke|p2|Samurott-Hisui, F|
|poke|p2|Iron Treads|
|poke|p2|Iron Valiant|
|poke|p2|Volcanion|
|poke|p2|Gholdengo|
|poke|p2|Tornadus-Therian, M|
|teampreview
|inactive|Battle timer is ON: inactive players will automatically lose when time's up. (requested by MyNameJeeeeff)
|
|t:|1759033115
|teamsize|p1|6
|teamsize|p2|6
|start
|switch|p1a: Excadrill|Excadrill, M|100/100
|switch|p2a: Tornadus|Tornadus-Therian, M|100/100
|-ability|p1a: Excadrill|Mold Breaker
|turn|1
|
|t:|1759033120
|move|p2a: Tornadus|Taunt|p1a: Excadrill
|-start|p1a: Excadrill|move: Taunt
|cant|p1a: Excadrill|move: Taunt|Stealth Rock
|
|upkeep
|turn|2
|
|t:|1759033123
|move|p2a: Tornadus|Knock Off|p1a: Excadrill
|-damage|p1a: Excadrill|73/100
|-enditem|p1a: Excadrill|Focus Sash|[from] move: Knock Off|[of] p2a: Tornadus
|move|p1a: Excadrill|Rock Slide|p2a: Tornadus
|-supereffective|p2a: Tornadus
|-damage|p2a: Tornadus|39/100
|
|upkeep
|turn|3
|
|t:|1759033127
|move|p2a: Tornadus|U-turn|p1a: Excadrill
|-resisted|p1a: Excadrill
|-damage|p1a: Excadrill|63/100
|
|t:|1759033138
|switch|p2a: Samurott|Samurott-Hisui, F|100/100|[from] U-turn
|move|p1a: Excadrill|Rock Slide|p2a: Samurott
|-damage|p2a: Samurott|72/100
|
|-end|p1a: Excadrill|move: Taunt
|upkeep
|turn|4
|
|t:|1759033143
|move|p1a: Excadrill|Stealth Rock|p2a: Samurott
|-sidestart|p2: LordST|move: Stealth Rock
|move|p2a: Samurott|Ceaseless Edge|p1a: Excadrill
|-damage|p1a: Excadrill|0 fnt
|-sidestart|p1: MyNameJeeeeff|Spikes
|faint|p1a: Excadrill
|
|upkeep
|
|t:|1759033149
|switch|p1a: Rillaboom|Rillaboom, F|100/100
|-damage|p1a: Rillaboom|88/100|[from] Spikes
|-fieldstart|move: Grassy Terrain|[from] ability: Grassy Surge|[of] p1a: Rillaboom
|turn|5
|
|t:|1759033165
|move|p2a: Samurott|Knock Off|p1a: Rillaboom
|-damage|p1a: Rillaboom|43/100
|-enditem|p1a: Rillaboom|Life Orb|[from] move: Knock Off|[of] p2a: Samurott
|move|p1a: Rillaboom|Swords Dance|p1a: Rillaboom
|-boost|p1a: Rillaboom|atk|2
|
|-heal|p2a: Samurott|78/100|[from] Grassy Terrain
|-heal|p1a: Rillaboom|49/100|[from] Grassy Terrain
|upkeep
|turn|6
|inactive|LordST has 120 seconds left.
|
|t:|1759033205
|-terastallize|p2a: Samurott|Poison
|move|p2a: Samurott|Ceaseless Edge|p1a: Rillaboom
|-damage|p1a: Rillaboom|8/100
|-sidestart|p1: MyNameJeeeeff|Spikes
|move|p1a: Rillaboom|Drain Punch|p2a: Samurott
|-resisted|p2a: Samurott
|-damage|p2a: Samurott|46/100
|-heal|p1a: Rillaboom|24/100|[from] drain|[of] p2a: Samurott
|
|-heal|p2a: Samurott|52/100|[from] Grassy Terrain
|-heal|p1a: Rillaboom|30/100|[from] Grassy Terrain
|upkeep
|turn|7
|
|t:|1759033218
|move|p2a: Samurott|Sucker Punch|p1a: Rillaboom
|-damage|p1a: Rillaboom|1/100
|move|p1a: Rillaboom|Grassy Glide|p2a: Samurott
|-resisted|p2a: Samurott
|-damage|p2a: Samurott|8/100
|
|-heal|p2a: Samurott|14/100|[from] Grassy Terrain
|-heal|p1a: Rillaboom|7/100|[from] Grassy Terrain
|upkeep
|turn|8
|
|t:|1759033224
|move|p2a: Samurott|Sucker Punch|p1a: Rillaboom
|-damage|p1a: Rillaboom|0 fnt
|faint|p1a: Rillaboom
|
|-heal|p2a: Samurott|20/100|[from] Grassy Terrain
|upkeep
|
|t:|1759033227
|switch|p1a: Talonflame|Talonflame, M|100/100
|turn|9
|inactive|LordST has 120 seconds left.
|
|t:|1759033237
|move|p1a: Talonflame|Brave Bird|p2a: Samurott
|-damage|p2a: Samurott|0 fnt
|faint|p2a: Samurott
|-damage|p1a: Talonflame|92/100|[from] Recoil
|
|-fieldend|move: Grassy Terrain
|upkeep
|inactive|LordST has 120 seconds left.
|
|t:|1759033244
|switch|p2a: Volcanion|Volcanion|100/100
|turn|10
|
|t:|1759033248
|move|p1a: Talonflame|Defog|p2a: Volcanion
|-unboost|p2a: Volcanion|evasion|1
|-sideend|p2: LordST|Stealth Rock|[from] move: Defog|[of] p1a: Talonflame
|-sideend|p1: MyNameJeeeeff|Spikes|[from] move: Defog|[of] p1a: Talonflame
|move|p2a: Volcanion|Steam Eruption|p1a: Talonflame
|-supereffective|p1a: Talonflame
|-damage|p1a: Talonflame|0 fnt
|faint|p1a: Talonflame
|
|upkeep
|
|t:|1759033256
|switch|p1a: Kyurem|Kyurem|100/100
|-ability|p1a: Kyurem|Pressure
|turn|11
|
|t:|1759033262
|move|p1a: Kyurem|Dragon Dance|p1a: Kyurem
|-boost|p1a: Kyurem|atk|1
|-boost|p1a: Kyurem|spe|1
|move|p2a: Volcanion|Flamethrower|p1a: Kyurem
|-damage|p1a: Kyurem|51/100
|
|upkeep
|turn|12
|
|t:|1759033284
|move|p1a: Kyurem|Freeze-Dry|p2a: Volcanion
|-damage|p2a: Volcanion|64/100
|move|p2a: Volcanion|Flamethrower|p1a: Kyurem
|-damage|p1a: Kyurem|0 fnt
|faint|p1a: Kyurem
|
|upkeep
|
|t:|1759033290
|switch|p1a: Enamorus|Enamorus, F|100/100
|turn|13
|
|t:|1759033300
|switch|p2a: Tornadus|Tornadus-Therian, M|72/100
|move|p1a: Enamorus|Springtide Storm|p2a: Tornadus|[miss]
|-miss|p1a: Enamorus|p2a: Tornadus
|
|upkeep
|turn|14
|
|t:|1759033307
|move|p1a: Enamorus|Springtide Storm|p2a: Tornadus
|-damage|p2a: Tornadus|11/100
|move|p2a: Tornadus|Knock Off|p1a: Enamorus
|-resisted|p1a: Enamorus
|-damage|p1a: Enamorus|87/100
|-enditem|p1a: Enamorus|Choice Scarf|[from] move: Knock Off|[of] p2a: Tornadus
|
|upkeep
|turn|15
|
|t:|1759033315
|move|p2a: Tornadus|U-turn|p1a: Enamorus
|-resisted|p1a: Enamorus
|-damage|p1a: Enamorus|83/100
|
|t:|1759033318
|switch|p2a: Gholdengo|Gholdengo|100/100|[from] U-turn
|move|p1a: Enamorus|Sludge Bomb|p2a: Gholdengo
|-immune|p2a: Gholdengo
|
|upkeep
|turn|16
|
|t:|1759033321
|move|p2a: Gholdengo|Make It Rain|p1a: Enamorus
|-supereffective|p1a: Enamorus
|-damage|p1a: Enamorus|0 fnt
|-unboost|p2a: Gholdengo|spa|1
|faint|p1a: Enamorus
|
|upkeep
|
|t:|1759033324
|switch|p1a: Garganacl|Garganacl, M|100/100
|turn|17
|
|t:|1759033327
|-terastallize|p1a: Garganacl|Water
|move|p2a: Gholdengo|Make It Rain|p1a: Garganacl
|-resisted|p1a: Garganacl
|-damage|p1a: Garganacl|87/100
|-unboost|p2a: Gholdengo|spa|1
|move|p1a: Garganacl|Iron Defense|p1a: Garganacl
|-boost|p1a: Garganacl|def|2
|
|-heal|p1a: Garganacl|93/100|[from] item: Leftovers
|upkeep
|turn|18
|
|t:|1759033336
|switch|p2a: Tornadus|Tornadus-Therian, M|44/100
|move|p1a: Garganacl|Salt Cure|p2a: Tornadus
|-supereffective|p2a: Tornadus
|-damage|p2a: Tornadus|12/100
|-start|p2a: Tornadus|Salt Cure
|
|-heal|p1a: Garganacl|99/100|[from] item: Leftovers
|-damage|p2a: Tornadus|0 fnt|[from] Salt Cure
|faint|p2a: Tornadus
|upkeep
|
|t:|1759033339
|switch|p2a: Gholdengo|Gholdengo|100/100
|turn|19
|
|t:|1759033344
|move|p2a: Gholdengo|Trick|p1a: Garganacl
|-activate|p2a: Gholdengo|move: Trick|[of] p1a: Garganacl
|-item|p1a: Garganacl|Choice Scarf|[from] move: Trick
|-item|p2a: Gholdengo|Leftovers|[from] move: Trick
|move|p1a: Garganacl|Recover|p1a: Garganacl
|-heal|p1a: Garganacl|100/100
|
|upkeep
|turn|20
|-message|MyNameJeeeeff forfeited.
|
|win|LordST
|raw|MyNameJeeeeff's rating: 1401 &rarr; <strong>1381</strong><br />(-20 for losing)
|raw|LordST's rating: 1397 &rarr; <strong>1417</strong><br />(+20 for winning)
|l|‽MyNameJeeeeff
|player|p1|
|l|☆LordST
|player|p2|
