|j|‽cacao1
|j|☆LastGREATEST
|t:|1759049394
|gametype|singles
|player|p1|cacao1|170|1262
|player|p2|LastGREATEST|blue-gen7|1254
|gen|9
|tier|[Gen 9] OU
|rated|
|rule|HP Percentage Mod: HP is shown in percentages
|rule|Endless Battle Clause: Forcing endless battles is banned
|rule|Species Clause: Limit one of each Pokémon
|rule|OHKO Clause: OHKO moves are banned
|rule|Evasion Items Clause: Evasion items are banned
|rule|Evasion Moves Clause: Evasion moves are banned
|rule|Evasion Abilities Clause: Evasion abilities are banned
|rule|Sleep Moves Clause: Sleep-inducing moves are banned
|clearpoke
|poke|p1|Cinderace, M|
|poke|p1|Rillaboom, M|
|poke|p1|Greninja-*, M|
|poke|p1|Meowscarada, F|
|poke|p1|Primarina, M|
|poke|p1|Infernape, M|
|poke|p2|Primeape, M|
|poke|p2|Rotom-Fan|
|poke|p2|Orthworm, F|
|poke|p2|Pecharunt|
|poke|p2|Samurott-Hisui, F|
|poke|p2|Weezing-Galar, F|
|teampreview
|inactive|Battle timer is ON: inactive players will automatically lose when time's up. (requested by cacao1)
|
|t:|1759049405
|teamsize|p1|6
|teamsize|p2|6
|start
|switch|p1a: Infernape|Infernape, M|100/100
|switch|p2a: Rotom|Rotom-Fan|100/100
|turn|1
|c|☆LastGREATEST|Nice starter team!
|
|t:|1759049414
|switch|p1a: Primarina|Primarina, M|100/100
|move|p2a: Rotom|Air Slash|p1a: Primarina
|-damage|p1a: Primarina|71/100
|
|upkeep
|turn|2
|
|t:|1759049422
|move|p2a: Rotom|Air Slash|p1a: Primarina
|-damage|p1a: Primarina|43/100
|move|p1a: Primarina|Flip Turn|p2a: Rotom
|-damage|p2a: Rotom|80/100
|
|t:|1759049431
|switch|p1a: Greninja|Greninja, M|100/100|[from] Flip Turn
|
|upkeep
|turn|3
|
|t:|1759049439
|switch|p2a: Samurott|Samurott-Hisui, F|100/100
|move|p1a: Greninja|Dark Pulse|p2a: Samurott
|-resisted|p2a: Samurott
|-damage|p2a: Samurott|72/100
|
|upkeep
|turn|4
|
|t:|1759049458
|move|p1a: Greninja|Dark Pulse|p2a: Samurott
|-resisted|p2a: Samurott
|-damage|p2a: Samurott|48/100
|move|p2a: Samurott|Ceaseless Edge|p1a: Greninja
|-resisted|p1a: Greninja
|-damage|p1a: Greninja|60/100
|-sidestart|p1: cacao1|Spikes
|
|upkeep
|turn|5
|l|‽cacao1
|inactive|cacao1 disconnected and has a minute to reconnect!
|player|p1|
|inactive|cacao1 has 30 seconds to reconnect!
|j|‽cacao1
|inactive|cacao1 reconnected and has 95 seconds left.
|player|p1|cacao1|170|
|n|‽cacao1|cacao1
|inactive|cacao1 has 90 seconds left.
|
|t:|1759049514
|switch|p1a: Infernape|Infernape, M|100/100
|-damage|p1a: Infernape|88/100|[from] Spikes
|move|p2a: Samurott|Ceaseless Edge|p1a: Infernape
|-resisted|p1a: Infernape
|-damage|p1a: Infernape|52/100
|-sidestart|p1: cacao1|Spikes
|
|upkeep
|turn|6
|inactive|cacao1 has 90 seconds left.
|
|t:|1759049527
|switch|p2a: Weezing|Weezing-Galar, F|100/100
|-ability|p2a: Weezing|Neutralizing Gas
|move|p1a: Infernape|Nasty Plot|p1a: Infernape
|-boost|p1a: Infernape|spa|2
|
|upkeep
|turn|7
|
|t:|1759049536
|move|p1a: Infernape|Fire Blast|p2a: Weezing
|-damage|p2a: Weezing|0 fnt
|faint|p2a: Weezing
|-end|p2a: Weezing|ability: Neutralizing Gas
|-damage|p1a: Infernape|42/100|[from] item: Life Orb
|
|upkeep
|
|t:|1759049554
|switch|p2a: Primeape|Primeape, M|100/100
|turn|8
|
|t:|1759049559
|move|p1a: Infernape|Fire Blast|p2a: Primeape
|-damage|p2a: Primeape|25/100
|-damage|p1a: Infernape|33/100|[from] item: Life Orb
|move|p2a: Primeape|Drain Punch|p1a: Infernape
|-damage|p1a: Infernape|0 fnt
|-heal|p2a: Primeape|39/100|[from] drain|[of] p1a: Infernape
|faint|p1a: Infernape
|
|upkeep
|
|t:|1759049570
|switch|p1a: Cinderace|Cinderace, M|100/100
|turn|9
|
|t:|1759049588
|move|p1a: Cinderace|Pyro Ball|p2a: Primeape
|-damage|p2a: Primeape|0 fnt
|faint|p2a: Primeape
|
|upkeep
|
|t:|1759049592
|switch|p2a: Pecharunt|Pecharunt|100/100
|turn|10
|inactive|cacao1 has 120 seconds left.
|
|t:|1759049605
|move|p1a: Cinderace|Court Change|p1a: Cinderace
|-start|p1a: Cinderace|typechange|Normal|[from] ability: Libero
|-swapsideconditions
|-activate|p1a: Cinderace|move: Court Change
|move|p2a: Pecharunt|Nasty Plot|p2a: Pecharunt
|-boost|p2a: Pecharunt|spa|2
|
|upkeep
|turn|11
|inactive|cacao1 has 120 seconds left.
|
|t:|1759049619
|move|p1a: Cinderace|U-turn|p2a: Pecharunt
|-resisted|p2a: Pecharunt
|-damage|p2a: Pecharunt|97/100
|inactive|cacao1 has 120 seconds left.
|
|t:|1759049624
|switch|p1a: Primarina|Primarina, M|43/100|[from] U-turn
|move|p2a: Pecharunt|Malignant Chain|p1a: Primarina
|-supereffective|p1a: Primarina
|-damage|p1a: Primarina|0 fnt
|faint|p1a: Primarina
|
|-heal|p2a: Pecharunt|100/100|[from] item: Leftovers
|upkeep
|
|t:|1759049626
|switch|p1a: Greninja|Greninja, M|60/100
|turn|12
|
|t:|1759049635
|-terastallize|p2a: Pecharunt|Poison
|move|p1a: Greninja|Dark Pulse|p2a: Pecharunt
|-damage|p2a: Pecharunt|31/100
|move|p2a: Pecharunt|Malignant Chain|p1a: Greninja
|-damage|p1a: Greninja|0 fnt
|faint|p1a: Greninja
|
|-heal|p2a: Pecharunt|37/100|[from] item: Leftovers
|upkeep
|
|t:|1759049650
|switch|p1a: Meowscarada|Meowscarada, F|100/100
|turn|13
|inactive|LastGREATEST has 120 seconds left.
|
|t:|1759049685
|move|p1a: Meowscarada|Knock Off|p2a: Pecharunt
|-start|p1a: Meowscarada|typechange|Dark|[from] ability: Protean
|-damage|p2a: Pecharunt|4/100
|-enditem|p2a: Pecharunt|Leftovers|[from] move: Knock Off|[of] p1a: Meowscarada
|move|p2a: Pecharunt|Recover|p2a: Pecharunt
|-heal|p2a: Pecharunt|54/100
|
|upkeep
|turn|14
|-message|cacao1 forfeited.
|
|win|LastGREATEST
|raw|cacao1's rating: 1262 &rarr; <strong>1236</strong><br />(-26 for losing)
|raw|LastGREATEST's rating: 1254 &rarr; <strong>1280</strong><br />(+26 for winning)
|l|‽cacao1
|player|p1|
