|j|☆ReishiramX
|j|☆jynmfh
|t:|1758994417
|gametype|singles
|player|p1|ReishiramX|falkner|1169
|player|p2|jynmfh|rocketgrunt|1208
|gen|9
|tier|[Gen 9] OU
|rated|
|rule|HP Percentage Mod: HP is shown in percentages
|rule|Endless Battle Clause: Forcing endless battles is banned
|rule|Species Clause: Limit one of each Pokémon
|rule|OHKO Clause: OHKO moves are banned
|rule|Evasion Items Clause: Evasion items are banned
|rule|Evasion Moves Clause: Evasion moves are banned
|rule|Evasion Abilities Clause: Evasion abilities are banned
|rule|Sleep Moves Clause: Sleep-inducing moves are banned
|clearpoke
|poke|p1|Gyarados, F|
|poke|p1|Ceruledge, M|
|poke|p1|Hitmontop, M|
|poke|p1|Toxapex, F|
|poke|p1|Gliscor, F|
|poke|p1|Ogerpon-Wellspring, F|
|poke|p2|Alomomola, F|
|poke|p2|Iron Hands|
|poke|p2|Cinderace, F|
|poke|p2|Kingambit, F|
|poke|p2|Scovillain, M|
|poke|p2|Muk, M|
|teampreview
|inactive|Battle timer is ON: inactive players will automatically lose when time's up. (requested by jynmfh)
|
|t:|1758994454
|teamsize|p1|6
|teamsize|p2|6
|start
|switch|p1a: Ogerpon|Ogerpon-Wellspring, F|100/100
|switch|p2a: Muk|Muk, M|100/100
|turn|1
|
|t:|1758994471
|switch|p1a: Gliscor|Gliscor, F|100/100
|move|p2a: Muk|Knock Off|p1a: Gliscor
|-damage|p1a: Gliscor|77/100
|-enditem|p1a: Gliscor|Toxic Orb|[from] move: Knock Off|[of] p2a: Muk
|-damage|p2a: Muk|91/100|[from] item: Life Orb
|
|upkeep
|turn|2
|
|t:|1758994496
|switch|p2a: Alomomola|Alomomola, F, shiny|100/100
|move|p1a: Gliscor|Stealth Rock|p2a: Alomomola
|-sidestart|p2: jynmfh|move: Stealth Rock
|
|upkeep
|turn|3
|
|t:|1758994503
|switch|p1a: Gyarados|Gyarados, F|100/100
|move|p2a: Alomomola|Scald|p1a: Gyarados
|-resisted|p1a: Gyarados
|-damage|p1a: Gyarados|93/100
|
|-heal|p1a: Gyarados|99/100|[from] item: Leftovers
|upkeep
|turn|4
|inactive|ReishiramX has 120 seconds left.
|
|t:|1758994523
|move|p1a: Gyarados|Dragon Dance|p1a: Gyarados
|-boost|p1a: Gyarados|atk|1
|-boost|p1a: Gyarados|spe|1
|move|p2a: Alomomola|Scald|p1a: Gyarados
|-resisted|p1a: Gyarados
|-damage|p1a: Gyarados|92/100
|
|-heal|p1a: Gyarados|98/100|[from] item: Leftovers
|upkeep
|turn|5
|inactive|ReishiramX has 120 seconds left.
|
|t:|1758994540
|-terastallize|p1a: Gyarados|Ground
|move|p1a: Gyarados|Earthquake|p2a: Alomomola
|-damage|p2a: Alomomola|59/100
|move|p2a: Alomomola|Scald|p1a: Gyarados
|-supereffective|p1a: Gyarados
|-damage|p1a: Gyarados|69/100
|-status|p1a: Gyarados|brn
|
|-heal|p1a: Gyarados|75/100 brn|[from] item: Leftovers
|-heal|p2a: Alomomola|65/100|[from] item: Leftovers
|-damage|p1a: Gyarados|69/100 brn|[from] brn
|upkeep
|turn|6
|inactive|ReishiramX has 120 seconds left.
|
|t:|1758994552
|move|p1a: Gyarados|Dragon Dance|p1a: Gyarados
|-boost|p1a: Gyarados|atk|1
|-boost|p1a: Gyarados|spe|1
|move|p2a: Alomomola|Wish|p2a: Alomomola
|
|-heal|p1a: Gyarados|75/100 brn|[from] item: Leftovers
|-heal|p2a: Alomomola|71/100|[from] item: Leftovers
|-damage|p1a: Gyarados|69/100 brn|[from] brn
|upkeep
|turn|7
|inactive|ReishiramX has 120 seconds left.
|
|t:|1758994559
|move|p1a: Gyarados|Dragon Dance|p1a: Gyarados
|-boost|p1a: Gyarados|atk|1
|-boost|p1a: Gyarados|spe|1
|move|p2a: Alomomola|Scald|p1a: Gyarados
|-supereffective|p1a: Gyarados
|-damage|p1a: Gyarados|40/100 brn
|
|-heal|p2a: Alomomola|100/100|[from] move: Wish|[wisher] Alomomola
|-heal|p1a: Gyarados|46/100 brn|[from] item: Leftovers
|-damage|p1a: Gyarados|40/100 brn|[from] brn
|upkeep
|turn|8
|inactive|ReishiramX has 120 seconds left.
|
|t:|1758994580
|move|p1a: Gyarados|Earthquake|p2a: Alomomola
|-damage|p2a: Alomomola|62/100
|move|p2a: Alomomola|Scald|p1a: Gyarados
|-supereffective|p1a: Gyarados
|-damage|p1a: Gyarados|13/100 brn
|
|-heal|p1a: Gyarados|19/100 brn|[from] item: Leftovers
|-heal|p2a: Alomomola|68/100|[from] item: Leftovers
|-damage|p1a: Gyarados|13/100 brn|[from] brn
|upkeep
|turn|9
|
|t:|1758994589
|move|p1a: Gyarados|Earthquake|p2a: Alomomola
|-damage|p2a: Alomomola|30/100
|move|p2a: Alomomola|Wish|p2a: Alomomola
|
|-heal|p1a: Gyarados|19/100 brn|[from] item: Leftovers
|-heal|p2a: Alomomola|36/100|[from] item: Leftovers
|-damage|p1a: Gyarados|13/100 brn|[from] brn
|upkeep
|turn|10
|inactive|ReishiramX has 120 seconds left.
|
|t:|1758994599
|move|p2a: Alomomola|Protect|p2a: Alomomola
|-singleturn|p2a: Alomomola|Protect
|move|p1a: Gyarados|Earthquake|p2a: Alomomola
|-activate|p2a: Alomomola|move: Protect
|
|-heal|p2a: Alomomola|86/100|[from] move: Wish|[wisher] Alomomola
|-heal|p1a: Gyarados|19/100 brn|[from] item: Leftovers
|-heal|p2a: Alomomola|92/100|[from] item: Leftovers
|-damage|p1a: Gyarados|13/100 brn|[from] brn
|upkeep
|turn|11
|
|t:|1758994608
|move|p1a: Gyarados|Earthquake|p2a: Alomomola
|-damage|p2a: Alomomola|58/100
|move|p2a: Alomomola|Flip Turn|p1a: Gyarados
|-supereffective|p1a: Gyarados
|-damage|p1a: Gyarados|0 fnt
|faint|p1a: Gyarados
|
|t:|1758994634
|switch|p2a: Cinderace|Cinderace, F|100/100|[from] Flip Turn
|
|upkeep
|
|t:|1758994641
|switch|p1a: Ogerpon|Ogerpon-Wellspring, F|100/100
|turn|12
|
|t:|1758994653
|move|p2a: Cinderace|U-turn|p1a: Ogerpon
|-start|p2a: Cinderace|typechange|Bug|[from] ability: Libero
|-supereffective|p1a: Ogerpon
|-damage|p1a: Ogerpon|13/100
|
|t:|1758994657
|switch|p2a: Muk|Muk, M|91/100|[from] U-turn
|-damage|p2a: Muk|78/100|[from] Stealth Rock
|move|p1a: Ogerpon|Swords Dance|p1a: Ogerpon
|-boost|p1a: Ogerpon|atk|2
|
|upkeep
|turn|13
|
|t:|1758994670
|move|p2a: Muk|Shadow Sneak|p1a: Ogerpon
|-damage|p1a: Ogerpon|0 fnt
|faint|p1a: Ogerpon
|-damage|p2a: Muk|68/100|[from] item: Life Orb
|
|upkeep
|
|t:|1758994679
|switch|p1a: Gliscor|Gliscor, F|77/100
|turn|14
|
|t:|1758994704
|switch|p2a: Alomomola|Alomomola, F, shiny|92/100
|-damage|p2a: Alomomola|79/100|[from] Stealth Rock
|move|p1a: Gliscor|Earthquake|p2a: Alomomola
|-damage|p2a: Alomomola|63/100
|
|-heal|p2a: Alomomola|69/100|[from] item: Leftovers
|upkeep
|turn|15
|
|t:|1758994721
|switch|p1a: Toxapex|Toxapex, F|100/100
|move|p2a: Alomomola|Scald|p1a: Toxapex
|-resisted|p1a: Toxapex
|-damage|p1a: Toxapex|95/100
|
|-heal|p2a: Alomomola|75/100|[from] item: Leftovers
|-heal|p1a: Toxapex|100/100|[from] item: Black Sludge
|upkeep
|turn|16
|inactive|ReishiramX has 120 seconds left.
|inactive|ReishiramX has 90 seconds left.
|
|t:|1758994776
|move|p2a: Alomomola|Flip Turn|p1a: Toxapex
|-resisted|p1a: Toxapex
|-damage|p1a: Toxapex|96/100
|
|t:|1758994801
|switch|p2a: Cinderace|Cinderace, F|100/100|[from] Flip Turn
|move|p1a: Toxapex|Infestation|p2a: Cinderace
|-resisted|p2a: Cinderace
|-damage|p2a: Cinderace|99/100
|-activate|p2a: Cinderace|move: Infestation|[of] p1a: Toxapex
|
|-heal|p1a: Toxapex|100/100|[from] item: Black Sludge
|-damage|p2a: Cinderace|86/100|[from] move: Infestation|[partiallytrapped]
|upkeep
|turn|17
|inactive|ReishiramX has 90 seconds left.
|inactive|ReishiramX has 60 seconds left.
|inactive|ReishiramX has 30 seconds left.
|inactive|ReishiramX has 20 seconds left.
|inactive|ReishiramX has 15 seconds left.
|inactive|ReishiramX has 10 seconds left.
|
|t:|1758994899
|move|p1a: Toxapex|Baneful Bunker|p1a: Toxapex
|-singleturn|p1a: Toxapex|move: Protect
|move|p2a: Cinderace|Court Change|p2a: Cinderace
|-start|p2a: Cinderace|typechange|Normal|[from] ability: Libero
|-swapsideconditions
|-activate|p2a: Cinderace|move: Court Change
|
|-damage|p2a: Cinderace|74/100|[from] move: Infestation|[partiallytrapped]
|upkeep
|turn|18
|inactive|ReishiramX has 20 seconds left this turn.
|inactive|ReishiramX has 15 seconds left.
|inactive|ReishiramX has 10 seconds left.
|
|t:|1758994911
|switch|p1a: Ceruledge|Ceruledge, M|100/100
|-damage|p1a: Ceruledge|76/100|[from] Stealth Rock
|move|p2a: Cinderace|U-turn|p1a: Ceruledge
|-resisted|p1a: Ceruledge
|-crit|p1a: Ceruledge
|-damage|p1a: Ceruledge|66/100
|
|t:|1758994915
|switch|p2a: Muk|Muk, M|68/100|[from] U-turn
|
|-heal|p1a: Ceruledge|73/100|[from] item: Leftovers
|upkeep
|turn|19
|inactive|ReishiramX has 25 seconds left this turn.
|inactive|ReishiramX has 20 seconds left.
|inactive|ReishiramX has 15 seconds left.
|inactive|ReishiramX has 10 seconds left.
|
|t:|1758994935
|move|p1a: Ceruledge|Will-O-Wisp|p2a: Muk
|-status|p2a: Muk|brn
|move|p2a: Muk|Curse|p2a: Muk
|-unboost|p2a: Muk|spe|1
|-boost|p2a: Muk|atk|1
|-boost|p2a: Muk|def|1
|
|-heal|p1a: Ceruledge|79/100|[from] item: Leftovers
|-damage|p2a: Muk|62/100 brn|[from] brn
|upkeep
|turn|20
|inactive|ReishiramX has 20 seconds left this turn.
|inactive|ReishiramX has 15 seconds left.
|inactive|ReishiramX has 10 seconds left.
|
|t:|1758994946
|switch|p1a: Hitmontop|Hitmontop, M|100/100
|-damage|p1a: Hitmontop|94/100|[from] Stealth Rock
|-ability|p1a: Hitmontop|Intimidate|boost
|-unboost|p2a: Muk|atk|1
|move|p2a: Muk|Knock Off|p1a: Hitmontop
|-resisted|p1a: Hitmontop
|-damage|p1a: Hitmontop|83/100
|-enditem|p1a: Hitmontop|Leftovers|[from] move: Knock Off|[of] p2a: Muk
|-damage|p2a: Muk|52/100 brn|[from] item: Life Orb
|
|-damage|p2a: Muk|46/100 brn|[from] brn
|upkeep
|turn|21
|inactive|ReishiramX has 20 seconds left this turn.
|inactive|ReishiramX has 15 seconds left.
|inactive|ReishiramX has 10 seconds left.
|inactive|ReishiramX has 5 seconds left.
|-message|ReishiramX lost due to inactivity.
|
|win|jynmfh
|raw|ReishiramX's rating: 1141 &rarr; <strong>1121</strong><br />(-20 for losing)
|raw|jynmfh's rating: 1208 &rarr; <strong>1228</strong><br />(+20 for winning)
|l|☆ReishiramX
|player|p1|
|l|☆jynmfh
|player|p2|
