|j|☆LightBlueYoshi711
|j|☆X Star_Sun Y
|t:|1758955984
|gametype|singles
|player|p1|LightBlueYoshi711|cress|1189
|player|p2|X Star_Sun Y|169|1246
|gen|9
|tier|[Gen 9] OU
|rated|
|rule|HP Percentage Mod: HP is shown in percentages
|rule|Endless Battle Clause: Forcing endless battles is banned
|rule|Species Clause: Limit one of each Pokémon
|rule|OHKO Clause: OHKO moves are banned
|rule|Evasion Items Clause: Evasion items are banned
|rule|Evasion Moves Clause: Evasion moves are banned
|rule|Evasion Abilities Clause: Evasion abilities are banned
|rule|Sleep Moves Clause: Sleep-inducing moves are banned
|clearpoke
|poke|p1|Torkoal, M|
|poke|p1|Coalossal, F|
|poke|p1|Houndoom, M|
|poke|p1|Arcanine, M|
|poke|p1|Armarouge, M|
|poke|p1|Revavroom, F|
|poke|p2|Rillaboom, M|
|poke|p2|Alomomola, F|
|poke|p2|Clodsire, F|
|poke|p2|Great Tusk|
|poke|p2|Ditto|
|poke|p2|Walking Wake|
|teampreview
|inactive|Battle timer is ON: inactive players will automatically lose when time's up. (requested by LightBlueYoshi711)
|
|t:|1758956009
|teamsize|p1|6
|teamsize|p2|6
|start
|switch|p1a: Torkoal|Torkoal, M|100/100
|switch|p2a: Walking Wake|Walking Wake|100/100
|-weather|SunnyDay|[from] ability: Drought|[of] p1a: Torkoal
|-activate|p2a: Walking Wake|ability: Protosynthesis
|-start|p2a: Walking Wake|protosynthesisspa
|turn|1
|
|t:|1758956020
|move|p2a: Walking Wake|Surf|p1a: Torkoal
|-supereffective|p1a: Torkoal
|-damage|p1a: Torkoal|46/100
|move|p1a: Torkoal|Will-O-Wisp|p2a: Walking Wake
|-status|p2a: Walking Wake|brn
|
|-weather|SunnyDay|[upkeep]
|-damage|p2a: Walking Wake|94/100 brn|[from] brn
|upkeep
|turn|2
|
|t:|1758956033
|move|p2a: Walking Wake|Surf|p1a: Torkoal
|-supereffective|p1a: Torkoal
|-damage|p1a: Torkoal|0 fnt
|faint|p1a: Torkoal
|
|-weather|SunnyDay|[upkeep]
|-damage|p2a: Walking Wake|88/100 brn|[from] brn
|upkeep
|
|t:|1758956050
|switch|p1a: Houndoom|Houndoom, M|100/100
|turn|3
|
|t:|1758956055
|move|p2a: Walking Wake|Surf|p1a: Houndoom
|-supereffective|p1a: Houndoom
|-damage|p1a: Houndoom|19/100
|move|p1a: Houndoom|Dark Pulse|p2a: Walking Wake
|-damage|p2a: Walking Wake|19/100 brn
|
|-weather|SunnyDay|[upkeep]
|-damage|p2a: Walking Wake|13/100 brn|[from] brn
|upkeep
|turn|4
|
|t:|1758956066
|move|p2a: Walking Wake|Surf|p1a: Houndoom
|-supereffective|p1a: Houndoom
|-damage|p1a: Houndoom|0 fnt
|faint|p1a: Houndoom
|
|-weather|SunnyDay|[upkeep]
|-damage|p2a: Walking Wake|7/100 brn|[from] brn
|upkeep
|
|t:|1758956086
|switch|p1a: Revavroom|Revavroom, F|100/100
|turn|5
|
|t:|1758956104
|-terastallize|p1a: Revavroom|Fire
|move|p2a: Walking Wake|Flamethrower|p1a: Revavroom
|-resisted|p1a: Revavroom
|-damage|p1a: Revavroom|63/100
|move|p1a: Revavroom|Spin Out|p2a: Walking Wake
|-resisted|p2a: Walking Wake
|-damage|p2a: Walking Wake|0 fnt
|-unboost|p1a: Revavroom|spe|2
|faint|p2a: Walking Wake
|-end|p2a: Walking Wake|Protosynthesis|[silent]
|-damage|p1a: Revavroom|53/100|[from] item: Life Orb
|
|-weather|SunnyDay|[upkeep]
|upkeep
|
|t:|1758956112
|switch|p2a: Ditto|Ditto|100/100
|-transform|p2a: Ditto|p1a: Revavroom|[from] ability: Imposter
|-start|p2a: Ditto|typechange|Steel/Poison|[silent]
|turn|6
|
|t:|1758956125
|move|p2a: Ditto|Gunk Shot|p1a: Revavroom
|-damage|p1a: Revavroom|0 fnt
|faint|p1a: Revavroom
|
|-weather|SunnyDay|[upkeep]
|upkeep
|inactive|LightBlueYoshi711 has 120 seconds left.
|
|t:|1758956152
|switch|p1a: Armarouge|Armarouge, M|100/100
|turn|7
|
|t:|1758956161
|switch|p2a: Alomomola|Alomomola, F|100/100
|move|p1a: Armarouge|Psyshock|p2a: Alomomola
|-damage|p2a: Alomomola|80/100
|
|-weather|SunnyDay|[upkeep]
|-heal|p2a: Alomomola|86/100|[from] item: Leftovers
|upkeep
|turn|8
|inactive|LightBlueYoshi711 has 120 seconds left.
|
|t:|1758956173
|move|p1a: Armarouge|Meteor Beam||[still]
|-prepare|p1a: Armarouge|Meteor Beam
|-boost|p1a: Armarouge|spa|1
|-enditem|p1a: Armarouge|Power Herb
|-anim|p1a: Armarouge|Meteor Beam|p2a: Alomomola
|-damage|p2a: Alomomola|17/100
|move|p2a: Alomomola|Flip Turn|p1a: Armarouge
|-supereffective|p1a: Armarouge
|-damage|p1a: Armarouge|81/100
|-ability|p1a: Armarouge|Weak Armor|boost
|-unboost|p1a: Armarouge|def|1
|-boost|p1a: Armarouge|spe|2
|
|t:|1758956187
|switch|p2a: Great Tusk|Great Tusk|100/100|[from] Flip Turn
|-activate|p2a: Great Tusk|ability: Protosynthesis
|-start|p2a: Great Tusk|protosynthesisatk
|
|-weather|none
|-end|p2a: Great Tusk|Protosynthesis
|upkeep
|turn|9
|inactive|LightBlueYoshi711 has 120 seconds left.
|
|t:|1758956200
|move|p1a: Armarouge|Energy Ball|p2a: Great Tusk
|-supereffective|p2a: Great Tusk
|-damage|p2a: Great Tusk|0 fnt
|faint|p2a: Great Tusk
|-end|p2a: Great Tusk|Protosynthesis|[silent]
|
|upkeep
|
|t:|1758956211
|switch|p2a: Clodsire|Clodsire, F|100/100
|turn|10
|
|t:|1758956216
|move|p1a: Armarouge|Psyshock|p2a: Clodsire
|-supereffective|p2a: Clodsire
|-damage|p2a: Clodsire|16/100
|move|p2a: Clodsire|Earthquake|p1a: Armarouge
|-supereffective|p1a: Armarouge
|-damage|p1a: Armarouge|21/100
|-ability|p1a: Armarouge|Weak Armor|boost
|-unboost|p1a: Armarouge|def|1
|-boost|p1a: Armarouge|spe|2
|
|-heal|p2a: Clodsire|23/100|[from] item: Black Sludge
|upkeep
|turn|11
|
|t:|1758956229
|move|p1a: Armarouge|Psyshock|p2a: Clodsire
|-supereffective|p2a: Clodsire
|-damage|p2a: Clodsire|0 fnt
|faint|p2a: Clodsire
|
|upkeep
|
|t:|1758956232
|switch|p2a: Ditto|Ditto|100/100
|-transform|p2a: Ditto|p1a: Armarouge|[from] ability: Imposter
|turn|12
|
|t:|1758956251
|move|p2a: Ditto|Psyshock|p1a: Armarouge
|-resisted|p1a: Armarouge
|-damage|p1a: Armarouge|0 fnt
|faint|p1a: Armarouge
|
|upkeep
|
|t:|1758956257
|switch|p1a: Arcanine|Arcanine, M|100/100
|-ability|p1a: Arcanine|Intimidate|boost
|-unboost|p2a: Ditto|atk|1
|turn|13
|
|t:|1758956264
|-terastallize|p2a: Ditto|Normal
|move|p2a: Ditto|Psyshock|p1a: Arcanine
|-damage|p1a: Arcanine|20/100
|move|p1a: Arcanine|Scorching Sands|p2a: Ditto
|-damage|p2a: Ditto|66/100
|-damage|p1a: Arcanine|10/100|[from] item: Life Orb
|
|upkeep
|turn|14
|
|t:|1758956276
|move|p2a: Ditto|Psyshock|p1a: Arcanine
|-damage|p1a: Arcanine|0 fnt
|faint|p1a: Arcanine
|
|upkeep
|
|t:|1758956281
|switch|p1a: Coalossal|Coalossal, F|100/100
|turn|15
|
|t:|1758956287
|move|p2a: Ditto|Psyshock|p1a: Coalossal
|-damage|p1a: Coalossal|61/100
|move|p1a: Coalossal|Meteor Beam||[still]
|-prepare|p1a: Coalossal|Meteor Beam
|-boost|p1a: Coalossal|spa|1
|-enditem|p1a: Coalossal|Power Herb
|-anim|p1a: Coalossal|Meteor Beam|p2a: Ditto|[miss]
|-miss|p1a: Coalossal|p2a: Ditto
|
|upkeep
|turn|16
|
|t:|1758956298
|switch|p2a: Rillaboom|Rillaboom, M|100/100
|-fieldstart|move: Grassy Terrain|[from] ability: Grassy Surge|[of] p2a: Rillaboom
|move|p1a: Coalossal|Earth Power|p2a: Rillaboom
|-resisted|p2a: Rillaboom
|-damage|p2a: Rillaboom|81/100
|-unboost|p2a: Rillaboom|spd|1
|
|-heal|p2a: Rillaboom|87/100|[from] Grassy Terrain
|-heal|p2a: Rillaboom|93/100|[from] item: Leftovers
|-heal|p1a: Coalossal|67/100|[from] Grassy Terrain
|upkeep
|turn|17
|
|t:|1758956313
|move|p2a: Rillaboom|Drain Punch|p1a: Coalossal
|-supereffective|p1a: Coalossal
|-damage|p1a: Coalossal|26/100
|-heal|p2a: Rillaboom|100/100|[from] drain|[of] p1a: Coalossal
|move|p1a: Coalossal|Flamethrower|p2a: Rillaboom
|-supereffective|p2a: Rillaboom
|-damage|p2a: Rillaboom|0 fnt
|faint|p2a: Rillaboom
|
|-heal|p1a: Coalossal|32/100|[from] Grassy Terrain
|upkeep
|
|t:|1758956320
|switch|p2a: Ditto|Ditto, tera:Normal|66/100
|-transform|p2a: Ditto|p1a: Coalossal|[from] ability: Imposter
|turn|18
|
|t:|1758956331
|move|p2a: Ditto|Earth Power|p1a: Coalossal
|-supereffective|p1a: Coalossal
|-damage|p1a: Coalossal|0 fnt
|faint|p1a: Coalossal
|
|win|X Star_Sun Y
|raw|LightBlueYoshi711's rating: 1189 &rarr; <strong>1168</strong><br />(-21 for losing)
|raw|X Star_Sun Y's rating: 1246 &rarr; <strong>1267</strong><br />(+21 for winning)
|l|☆LightBlueYoshi711
|player|p1|
|l|☆X Star_Sun Y
|player|p2|
