|j|☆BigBungusBong
|j|☆redner bo
|t:|1759033739
|gametype|singles
|player|p1|BigBungusBong|blackbelt-gen4dp|1444
|player|p2|redner bo|266|1480
|gen|9
|tier|[Gen 9] OU
|rated|
|rule|HP Percentage Mod: HP is shown in percentages
|rule|Endless Battle Clause: Forcing endless battles is banned
|rule|Species Clause: Limit one of each Pokémon
|rule|OHKO Clause: OHKO moves are banned
|rule|Evasion Items Clause: Evasion items are banned
|rule|Evasion Moves Clause: Evasion moves are banned
|rule|Evasion Abilities Clause: Evasion abilities are banned
|rule|Sleep Moves Clause: Sleep-inducing moves are banned
|clearpoke
|poke|p1|Gengar, M|
|poke|p1|Cinderace, F|
|poke|p1|Ting-Lu|
|poke|p1|Zamazenta-*|
|poke|p1|Ogerpon-Wellspring, F|
|poke|p1|Iron Valiant|
|poke|p2|Primarina, M|
|poke|p2|Latios, M|
|poke|p2|Weavile, F|
|poke|p2|Ceruledge, F|
|poke|p2|Corviknight, M|
|poke|p2|Garganacl, F|
|teampreview
|
|t:|1759033755
|teamsize|p1|6
|teamsize|p2|6
|start
|switch|p1a: Ting-Lu|Ting-Lu|100/100
|switch|p2a: Weavile|Weavile, F|100/100
|-ability|p2a: Weavile|Pressure
|-ability|p1a: Ting-Lu|Vessel of Ruin
|turn|1
|
|t:|1759033764
|move|p2a: Weavile|Triple Axel|p1a: Ting-Lu
|-supereffective|p1a: Ting-Lu
|-damage|p1a: Ting-Lu|90/100
|-supereffective|p1a: Ting-Lu
|-damage|p1a: Ting-Lu|67/100
|-hitcount|p1a: Ting-Lu|2
|move|p1a: Ting-Lu|Earthquake|p2a: Weavile
|-damage|p2a: Weavile|33/100
|
|-heal|p1a: Ting-Lu|73/100|[from] item: Leftovers
|upkeep
|turn|2
|
|t:|1759033781
|switch|p1a: Zamazenta|Zamazenta|100/100
|-ability|p1a: Zamazenta|Dauntless Shield|boost
|-boost|p1a: Zamazenta|def|1
|move|p2a: Weavile|Triple Axel|p1a: Zamazenta
|-damage|p1a: Zamazenta|96/100
|-damage|p1a: Zamazenta|85/100
|-damage|p1a: Zamazenta|70/100
|-hitcount|p1a: Zamazenta|3
|
|-heal|p1a: Zamazenta|77/100|[from] item: Leftovers
|upkeep
|turn|3
|
|t:|1759033796
|move|p1a: Zamazenta|Body Press|p2a: Weavile
|-supereffective|p2a: Weavile
|-damage|p2a: Weavile|0 fnt
|faint|p2a: Weavile
|
|-heal|p1a: Zamazenta|83/100|[from] item: Leftovers
|upkeep
|
|t:|1759033800
|switch|p2a: Primarina|Primarina, M|100/100
|turn|4
|
|t:|1759033809
|switch|p1a: Gengar|Gengar, M|100/100
|move|p2a: Primarina|Moonblast|p1a: Gengar
|-resisted|p1a: Gengar
|-damage|p1a: Gengar|37/100
|-start|p2a: Primarina|Disable|Moonblast|[from] ability: Cursed Body|[of] p1a: Gengar
|
|upkeep
|turn|5
|
|t:|1759033817
|switch|p2a: Garganacl|Garganacl, F, shiny|100/100
|move|p1a: Gengar|Destiny Bond|p1a: Gengar
|-singlemove|p1a: Gengar|Destiny Bond
|
|upkeep
|turn|6
|
|t:|1759033833
|switch|p1a: Ogerpon|Ogerpon-Wellspring, F|100/100
|move|p2a: Garganacl|Salt Cure|p1a: Ogerpon
|-damage|p1a: Ogerpon|82/100
|-start|p1a: Ogerpon|Salt Cure
|
|-damage|p1a: Ogerpon|57/100|[from] Salt Cure
|upkeep
|turn|7
|
|t:|1759033842
|switch|p2a: Corviknight|Corviknight, M, shiny|100/100
|-ability|p2a: Corviknight|Pressure
|move|p1a: Ogerpon|Ivy Cudgel|p2a: Corviknight|[anim] Ivy Cudgel Water
|-damage|p2a: Corviknight|68/100
|
|-heal|p2a: Corviknight|74/100|[from] item: Leftovers
|-damage|p1a: Ogerpon|32/100|[from] Salt Cure
|upkeep
|turn|8
|
|t:|1759033845
|move|p1a: Ogerpon|U-turn|p2a: Corviknight
|-resisted|p2a: Corviknight
|-damage|p2a: Corviknight|70/100
|
|t:|1759033848
|switch|p1a: Cinderace|Cinderace, F|100/100|[from] U-turn
|move|p2a: Corviknight|Roost|p2a: Corviknight
|-heal|p2a: Corviknight|100/100
|-singleturn|p2a: Corviknight|move: Roost
|
|upkeep
|turn|9
|
|t:|1759033853
|switch|p2a: Ceruledge|Ceruledge, F|100/100
|move|p1a: Cinderace|U-turn|p2a: Ceruledge
|-start|p1a: Cinderace|typechange|Bug|[from] ability: Libero
|-resisted|p2a: Ceruledge
|-damage|p2a: Ceruledge|90/100
|
|t:|1759033872
|switch|p1a: Gengar|Gengar, M|37/100|[from] U-turn
|
|upkeep
|turn|10
|
|t:|1759033877
|switch|p2a: Garganacl|Garganacl, F, shiny|100/100
|move|p1a: Gengar|Shadow Ball|p2a: Garganacl
|-damage|p2a: Garganacl|87/100
|-unboost|p2a: Garganacl|spd|1
|
|-heal|p2a: Garganacl|93/100|[from] item: Leftovers
|upkeep
|turn|11
|
|t:|1759033901
|switch|p1a: Ting-Lu|Ting-Lu|73/100
|-ability|p1a: Ting-Lu|Vessel of Ruin
|move|p2a: Garganacl|Stealth Rock|p1a: Ting-Lu
|-sidestart|p1: BigBungusBong|move: Stealth Rock
|
|-heal|p1a: Ting-Lu|79/100|[from] item: Leftovers
|-heal|p2a: Garganacl|99/100|[from] item: Leftovers
|upkeep
|turn|12
|
|t:|1759033913
|switch|p2a: Primarina|Primarina, M|100/100
|move|p1a: Ting-Lu|Ruination|p2a: Primarina
|-damage|p2a: Primarina|51/100
|
|-heal|p1a: Ting-Lu|85/100|[from] item: Leftovers
|upkeep
|turn|13
|
|t:|1759033922
|switch|p1a: Ogerpon|Ogerpon-Wellspring, F|32/100
|-damage|p1a: Ogerpon|19/100|[from] Stealth Rock
|move|p2a: Primarina|Draining Kiss|p1a: Ogerpon
|-damage|p1a: Ogerpon|0 fnt
|-heal|p2a: Primarina|64/100|[from] drain|[of] p1a: Ogerpon
|faint|p1a: Ogerpon
|
|upkeep
|
|t:|1759033927
|switch|p1a: Cinderace|Cinderace, F|100/100
|turn|14
|
|t:|1759033931
|switch|p2a: Ceruledge|Ceruledge, F|90/100
|move|p1a: Cinderace|Court Change|p1a: Cinderace
|-start|p1a: Cinderace|typechange|Normal|[from] ability: Libero
|-swapsideconditions
|-activate|p1a: Cinderace|move: Court Change
|
|upkeep
|turn|15
|
|t:|1759033938
|move|p1a: Cinderace|Pyro Ball|p2a: Ceruledge
|-start|p2a: Ceruledge|ability: Flash Fire
|move|p2a: Ceruledge|Bitter Blade|p1a: Cinderace
|-damage|p1a: Cinderace|9/100
|-heal|p2a: Ceruledge|100/100|[from] drain|[of] p1a: Cinderace
|
|upkeep
|turn|16
|
|t:|1759033944
|move|p1a: Cinderace|Sucker Punch|p2a: Ceruledge
|-supereffective|p2a: Ceruledge
|-damage|p2a: Ceruledge|38/100
|move|p2a: Ceruledge|Bitter Blade|p1a: Cinderace
|-damage|p1a: Cinderace|0 fnt
|-heal|p2a: Ceruledge|43/100|[from] drain|[of] p1a: Cinderace
|faint|p1a: Cinderace
|
|upkeep
|
|t:|1759033952
|switch|p1a: Gengar|Gengar, M|37/100
|turn|17
|
|t:|1759033959
|-end|p2a: Ceruledge|ability: Flash Fire|[silent]
|switch|p2a: Garganacl|Garganacl, F, shiny|99/100
|-damage|p2a: Garganacl|87/100|[from] Stealth Rock
|move|p1a: Gengar|Shadow Ball|p2a: Garganacl
|-damage|p2a: Garganacl|73/100
|
|-heal|p2a: Garganacl|79/100|[from] item: Leftovers
|upkeep
|turn|18
|
|t:|1759033962
|move|p1a: Gengar|Shadow Ball|p2a: Garganacl
|-damage|p2a: Garganacl|65/100
|-unboost|p2a: Garganacl|spd|1
|move|p2a: Garganacl|Stealth Rock|p1a: Gengar
|-sidestart|p1: BigBungusBong|move: Stealth Rock
|
|-heal|p2a: Garganacl|71/100|[from] item: Leftovers
|upkeep
|turn|19
|
|t:|1759033967
|move|p1a: Gengar|Encore|p2a: Garganacl
|-start|p2a: Garganacl|Encore
|move|p2a: Garganacl|Stealth Rock||[still]
|-fail|p2a: Garganacl
|
|-heal|p2a: Garganacl|77/100|[from] item: Leftovers
|upkeep
|turn|20
|
|t:|1759033978
|switch|p2a: Ceruledge|Ceruledge, F|43/100
|move|p1a: Gengar|Shadow Ball|p2a: Ceruledge
|-supereffective|p2a: Ceruledge
|-damage|p2a: Ceruledge|0 fnt
|faint|p2a: Ceruledge
|
|upkeep
|
|t:|1759033985
|switch|p2a: Garganacl|Garganacl, F, shiny|77/100
|-damage|p2a: Garganacl|65/100|[from] Stealth Rock
|turn|21
|
|t:|1759033996
|move|p1a: Gengar|Destiny Bond|p1a: Gengar
|-singlemove|p1a: Gengar|Destiny Bond
|move|p2a: Garganacl|Salt Cure|p1a: Gengar
|-damage|p1a: Gengar|9/100
|-start|p1a: Gengar|Salt Cure
|-start|p2a: Garganacl|Disable|Salt Cure|[from] ability: Cursed Body|[of] p1a: Gengar
|
|-heal|p2a: Garganacl|71/100|[from] item: Leftovers
|-damage|p1a: Gengar|0 fnt|[from] Salt Cure
|faint|p1a: Gengar
|upkeep
|
|t:|1759034015
|switch|p1a: Iron Valiant|Iron Valiant|100/100
|-damage|p1a: Iron Valiant|94/100|[from] Stealth Rock
|-enditem|p1a: Iron Valiant|Booster Energy
|-activate|p1a: Iron Valiant|ability: Quark Drive|[fromitem]
|-start|p1a: Iron Valiant|quarkdrivespe
|turn|22
|
|t:|1759034019
|switch|p2a: Primarina|Primarina, M|64/100
|-damage|p2a: Primarina|52/100|[from] Stealth Rock
|move|p1a: Iron Valiant|Calm Mind|p1a: Iron Valiant
|-boost|p1a: Iron Valiant|spa|1
|-boost|p1a: Iron Valiant|spd|1
|
|upkeep
|turn|23
|
|t:|1759034032
|move|p1a: Iron Valiant|Moonblast|p2a: Primarina
|-crit|p2a: Primarina
|-damage|p2a: Primarina|0 fnt
|faint|p2a: Primarina
|
|upkeep
|
|t:|1759034035
|switch|p2a: Corviknight|Corviknight, M, shiny|100/100
|-damage|p2a: Corviknight|88/100|[from] Stealth Rock
|-ability|p2a: Corviknight|Pressure
|turn|24
|
|t:|1759034045
|-terastallize|p1a: Iron Valiant|Ghost
|move|p1a: Iron Valiant|Calm Mind|p1a: Iron Valiant
|-boost|p1a: Iron Valiant|spa|1
|-boost|p1a: Iron Valiant|spd|1
|move|p2a: Corviknight|Brave Bird|p1a: Iron Valiant
|-damage|p1a: Iron Valiant|43/100
|-damage|p2a: Corviknight|76/100|[from] Recoil
|
|-heal|p2a: Corviknight|82/100|[from] item: Leftovers
|upkeep
|turn|25
|
|t:|1759034049
|move|p1a: Iron Valiant|Shadow Ball|p2a: Corviknight
|-damage|p2a: Corviknight|3/100
|-unboost|p2a: Corviknight|spd|1
|move|p2a: Corviknight|Brave Bird|p1a: Iron Valiant
|-damage|p1a: Iron Valiant|0 fnt
|faint|p1a: Iron Valiant
|-end|p1a: Iron Valiant|Quark Drive|[silent]
|-damage|p2a: Corviknight|0 fnt|[from] Recoil
|faint|p2a: Corviknight
|
|upkeep
|
|t:|1759034058
|switch|p1a: Zamazenta|Zamazenta|83/100
|switch|p2a: Latios|Latios, M|100/100
|-damage|p2a: Latios|88/100|[from] Stealth Rock
|-damage|p1a: Zamazenta|77/100|[from] Stealth Rock
|turn|26
|
|t:|1759034063
|-terastallize|p2a: Latios|Dragon
|move|p2a: Latios|Draco Meteor|p1a: Zamazenta
|-damage|p1a: Zamazenta|8/100
|-unboost|p2a: Latios|spa|2
|move|p1a: Zamazenta|Crunch|p2a: Latios
|-damage|p2a: Latios|58/100
|
|-heal|p1a: Zamazenta|15/100|[from] item: Leftovers
|upkeep
|turn|27
|
|t:|1759034068
|move|p2a: Latios|Draco Meteor|p1a: Zamazenta
|-damage|p1a: Zamazenta|0 fnt
|-unboost|p2a: Latios|spa|2
|faint|p1a: Zamazenta
|
|upkeep
|
|t:|1759034070
|switch|p1a: Ting-Lu|Ting-Lu|85/100
|-damage|p1a: Ting-Lu|79/100|[from] Stealth Rock
|-ability|p1a: Ting-Lu|Vessel of Ruin
|turn|28
|
|t:|1759034077
|switch|p2a: Garganacl|Garganacl, F, shiny|71/100
|-damage|p2a: Garganacl|59/100|[from] Stealth Rock
|move|p1a: Ting-Lu|Ruination|p2a: Garganacl
|-damage|p2a: Garganacl|30/100
|
|-heal|p1a: Ting-Lu|85/100|[from] item: Leftovers
|-heal|p2a: Garganacl|36/100|[from] item: Leftovers
|upkeep
|turn|29
|
|t:|1759034079
|move|p1a: Ting-Lu|Earthquake|p2a: Garganacl
|-supereffective|p2a: Garganacl
|-damage|p2a: Garganacl|0 fnt
|faint|p2a: Garganacl
|
|-heal|p1a: Ting-Lu|92/100|[from] item: Leftovers
|upkeep
|
|t:|1759034082
|switch|p2a: Latios|Latios, M, tera:Dragon|58/100
|-damage|p2a: Latios|45/100|[from] Stealth Rock
|turn|30
|
|t:|1759034084
|move|p2a: Latios|Trick|p1a: Ting-Lu
|-activate|p2a: Latios|move: Trick|[of] p1a: Ting-Lu
|-item|p1a: Ting-Lu|Choice Scarf|[from] move: Trick
|-item|p2a: Latios|Leftovers|[from] move: Trick
|move|p1a: Ting-Lu|Rest|p1a: Ting-Lu
|-status|p1a: Ting-Lu|slp|[from] move: Rest
|-heal|p1a: Ting-Lu|100/100 slp|[silent]
|
|-heal|p2a: Latios|51/100|[from] item: Leftovers
|upkeep
|turn|31
|
|t:|1759034088
|move|p2a: Latios|Flip Turn|p1a: Ting-Lu
|-supereffective|p1a: Ting-Lu
|-damage|p1a: Ting-Lu|86/100 slp
|cant|p1a: Ting-Lu|slp
|
|-heal|p2a: Latios|57/100|[from] item: Leftovers
|upkeep
|turn|32
|-message|BigBungusBong forfeited.
|
|win|redner bo
|raw|BigBungusBong's rating: 1444 &rarr; <strong>1426</strong><br />(-18 for losing)
|raw|redner bo's rating: 1480 &rarr; <strong>1498</strong><br />(+18 for winning)
|l|☆BigBungusBong
|player|p1|
|l|☆redner bo
|player|p2|
