|j|☆daigurren87
|j|☆Veronyl
|t:|1758994119
|gametype|singles
|player|p1|daigurren87|n|1299
|player|p2|Veronyl|candice|1228
|gen|9
|tier|[Gen 9] OU
|rated|
|rule|HP Percentage Mod: HP is shown in percentages
|rule|Endless Battle Clause: Forcing endless battles is banned
|rule|Species Clause: Limit one of each Pokémon
|rule|OHKO Clause: OHKO moves are banned
|rule|Evasion Items Clause: Evasion items are banned
|rule|Evasion Moves Clause: Evasion moves are banned
|rule|Evasion Abilities Clause: Evasion abilities are banned
|rule|Sleep Moves Clause: Sleep-inducing moves are banned
|clearpoke
|poke|p1|Indeedee, M|
|poke|p1|Hoopa-Unbound|
|poke|p1|Iron Hands|
|poke|p1|Mimikyu, M|
|poke|p1|Hatterene, F|
|poke|p1|Ursaluna, M|
|poke|p2|Glaceon, F|
|poke|p2|Abomasnow, M|
|poke|p2|Rhyperior, M|
|poke|p2|Kingambit, M|
|poke|p2|Armarouge, F|
|poke|p2|Garchomp, M|
|teampreview
|inactive|Battle timer is ON: inactive players will automatically lose when time's up. (requested by daigurren87)
|
|t:|1758994130
|teamsize|p1|6
|teamsize|p2|6
|start
|switch|p1a: iron BANDS|Iron Hands, shiny|100/100
|switch|p2a: Abomasnow|Abomasnow, M|100/100
|-weather|Snowscape|[from] ability: Snow Warning|[of] p2a: Abomasnow
|-enditem|p1a: iron BANDS|Booster Energy
|-activate|p1a: iron BANDS|ability: Quark Drive|[fromitem]
|-start|p1a: iron BANDS|quarkdriveatk
|turn|1
|
|t:|1758994140
|move|p2a: Abomasnow|Aurora Veil|p2a: Abomasnow
|-sidestart|p2: Veronyl|move: Aurora Veil
|move|p1a: iron BANDS|Fire Punch|p2a: Abomasnow
|-supereffective|p2a: Abomasnow
|-damage|p2a: Abomasnow|42/100
|
|-weather|Snowscape|[upkeep]
|upkeep
|turn|2
|
|t:|1758994148
|switch|p2a: Armarouge|Armarouge, F|100/100
|move|p1a: iron BANDS|Fire Punch|p2a: Armarouge
|-start|p2a: Armarouge|ability: Flash Fire
|
|-weather|Snowscape|[upkeep]
|upkeep
|turn|3
|
|t:|1758994156
|-end|p1a: iron BANDS|Quark Drive|[silent]
|switch|p1a: Indiddle|Indeedee, M, shiny|100/100
|-fieldstart|move: Psychic Terrain|[from] ability: Psychic Surge|[of] p1a: Indiddle
|move|p2a: Armarouge|Trick Room|p2a: Armarouge
|-fieldstart|move: Trick Room|[of] p2a: Armarouge
|
|-weather|Snowscape|[upkeep]
|upkeep
|turn|4
|
|t:|1758994173
|move|p2a: Armarouge|Heat Wave|p1a: Indiddle
|-damage|p1a: Indiddle|13/100
|-damage|p2a: Armarouge|91/100|[from] item: Life Orb
|move|p1a: Indiddle|Encore|p2a: Armarouge
|-start|p2a: Armarouge|Encore
|
|-weather|Snowscape|[upkeep]
|upkeep
|turn|5
|
|t:|1758994177
|move|p2a: Armarouge|Heat Wave|p1a: Indiddle
|-damage|p1a: Indiddle|0 fnt
|faint|p1a: Indiddle
|-damage|p2a: Armarouge|81/100|[from] item: Life Orb
|
|-weather|none
|upkeep
|
|t:|1758994179
|switch|p1a: Mitochondria|Mimikyu, M, shiny|100/100
|turn|6
|
|t:|1758994183
|move|p2a: Armarouge|Heat Wave|p1a: Mitochondria
|-activate|p1a: Mitochondria|ability: Disguise
|-damage|p1a: Mitochondria|100/100
|detailschange|p1a: Mitochondria|Mimikyu-Busted, M, shiny
|-damage|p1a: Mitochondria|88/100|[from] pokemon: Mimikyu-Busted
|-damage|p2a: Armarouge|71/100|[from] item: Life Orb
|move|p1a: Mitochondria|Curse|p2a: Armarouge
|-start|p2a: Armarouge|Curse|[of] p1a: Mitochondria
|-damage|p1a: Mitochondria|38/100
|
|-damage|p2a: Armarouge|46/100|[from] Curse
|upkeep
|turn|7
|
|t:|1758994187
|move|p2a: Armarouge|Heat Wave|p1a: Mitochondria|[miss]
|-miss|p2a: Armarouge|p1a: Mitochondria
|move|p1a: Mitochondria|Destiny Bond|p1a: Mitochondria
|-singlemove|p1a: Mitochondria|Destiny Bond
|
|-damage|p2a: Armarouge|21/100|[from] Curse
|-end|p2a: Armarouge|Encore
|-fieldend|move: Trick Room
|upkeep
|turn|8
|
|t:|1758994192
|move|p2a: Armarouge|Heat Wave|p1a: Mitochondria
|-damage|p1a: Mitochondria|0 fnt
|faint|p1a: Mitochondria
|-activate|p1a: Mitochondria|move: Destiny Bond
|faint|p2a: Armarouge
|
|-sideend|p2: Veronyl|move: Aurora Veil
|upkeep
|
|t:|1758994198
|switch|p1a: iron BANDS|Iron Hands, shiny|100/100
|switch|p2a: Abomasnow|Abomasnow, M|42/100
|-weather|Snowscape|[from] ability: Snow Warning|[of] p2a: Abomasnow
|turn|9
|
|t:|1758994201
|move|p2a: Abomasnow|Aurora Veil|p2a: Abomasnow
|-sidestart|p2: Veronyl|move: Aurora Veil
|move|p1a: iron BANDS|Fire Punch|p2a: Abomasnow
|-supereffective|p2a: Abomasnow
|-damage|p2a: Abomasnow|0 fnt
|faint|p2a: Abomasnow
|
|-weather|Snowscape|[upkeep]
|upkeep
|
|t:|1758994207
|switch|p2a: Glaceon|Glaceon, F|100/100
|turn|10
|
|t:|1758994210
|move|p2a: Glaceon|Blizzard|p1a: iron BANDS
|-damage|p1a: iron BANDS|8/100
|move|p1a: iron BANDS|Close Combat|p2a: Glaceon
|-supereffective|p2a: Glaceon
|-damage|p2a: Glaceon|53/100
|-unboost|p1a: iron BANDS|def|1
|-unboost|p1a: iron BANDS|spd|1
|
|-weather|Snowscape|[upkeep]
|-heal|p2a: Glaceon|59/100|[from] ability: Ice Body
|-fieldend|move: Psychic Terrain
|upkeep
|turn|11
|
|t:|1758994213
|move|p2a: Glaceon|Blizzard|p1a: iron BANDS
|-damage|p1a: iron BANDS|0 fnt
|faint|p1a: iron BANDS
|-end|p1a: iron BANDS|Quark Drive|[silent]
|
|-weather|Snowscape|[upkeep]
|-heal|p2a: Glaceon|65/100|[from] ability: Ice Body
|upkeep
|
|t:|1758994216
|switch|p1a: POOPA|Hoopa-Unbound|100/100
|turn|12
|
|t:|1758994219
|move|p2a: Glaceon|Blizzard|p1a: POOPA
|-damage|p1a: POOPA|33/100
|move|p1a: POOPA|Trick Room|p1a: POOPA
|-fieldstart|move: Trick Room|[of] p1a: POOPA
|
|-weather|Snowscape|[upkeep]
|-heal|p2a: Glaceon|71/100|[from] ability: Ice Body
|upkeep
|turn|13
|
|t:|1758994222
|move|p2a: Glaceon|Blizzard|p1a: POOPA
|-damage|p1a: POOPA|0 fnt
|faint|p1a: POOPA
|
|-weather|none
|upkeep
|
|t:|1758994229
|switch|p1a: rANNI|Hatterene, F, shiny|100/100
|turn|14
|
|t:|1758994233
|move|p1a: rANNI|Draining Kiss|p2a: Glaceon
|-damage|p2a: Glaceon|51/100
|-damage|p1a: rANNI|91/100|[from] item: Life Orb
|move|p2a: Glaceon|Blizzard|p1a: rANNI
|-damage|p1a: rANNI|0 fnt
|faint|p1a: rANNI
|
|upkeep
|
|t:|1758994236
|switch|p1a: gABOOLI|Ursaluna, M|100/100
|turn|15
|
|t:|1758994239
|-terastallize|p1a: gABOOLI|Normal
|move|p1a: gABOOLI|Facade|p2a: Glaceon
|-damage|p2a: Glaceon|26/100
|move|p2a: Glaceon|Blizzard|p1a: gABOOLI
|-damage|p1a: gABOOLI|16/100
|
|-status|p1a: gABOOLI|brn|[from] item: Flame Orb
|upkeep
|turn|16
|-message|daigurren87 forfeited.
|
|win|Veronyl
|raw|daigurren87's rating: 1299 &rarr; <strong>1269</strong><br />(-30 for losing)
|raw|Veronyl's rating: 1228 &rarr; <strong>1258</strong><br />(+30 for winning)
|l|☆daigurren87
|player|p1|
|l|☆Veronyl
|player|p2|
