|j|☆venator
|j|☆HatredHades
|t:|1758983344
|gametype|singles
|player|p1|venator|acetrainer-gen4dp|1135
|player|p2|HatredHades|rood|1085
|gen|9
|tier|[Gen 9] OU
|rated|
|rule|HP Percentage Mod: HP is shown in percentages
|rule|Endless Battle Clause: Forcing endless battles is banned
|rule|Species Clause: Limit one of each Pokémon
|rule|OHKO Clause: OHKO moves are banned
|rule|Evasion Items Clause: Evasion items are banned
|rule|Evasion Moves Clause: Evasion moves are banned
|rule|Evasion Abilities Clause: Evasion abilities are banned
|rule|Sleep Moves Clause: Sleep-inducing moves are banned
|clearpoke
|poke|p1|Magmortar, M|
|poke|p1|Azumarill, F|
|poke|p1|Vileplume, F|
|poke|p1|Clefable, F|
|poke|p1|Mightyena, F|
|poke|p1|Metagross|
|poke|p2|Kingambit, M|
|poke|p2|Great Tusk|
|poke|p2|Dragonite, M|
|poke|p2|Corviknight, M|
|poke|p2|Reuniclus, F|
|poke|p2|Kyurem|
|teampreview
|
|t:|1758983347
|teamsize|p1|6
|teamsize|p2|6
|start
|switch|p1a: Mightyena|Mightyena, F|100/100
|switch|p2a: Reuniclus|Reuniclus, F|100/100
|-ability|p1a: Mightyena|Intimidate|boost
|-unboost|p2a: Reuniclus|atk|1
|turn|1
|
|t:|1758983354
|move|p1a: Mightyena|Taunt|p2a: Reuniclus
|-start|p2a: Reuniclus|move: Taunt
|move|p2a: Reuniclus|Future Sight|p1a: Mightyena
|-start|p2a: Reuniclus|move: Future Sight
|
|upkeep
|turn|2
|
|t:|1758983369
|switch|p2a: Great Tusk|Great Tusk|100/100
|-enditem|p2a: Great Tusk|Booster Energy
|-activate|p2a: Great Tusk|ability: Protosynthesis|[fromitem]
|-start|p2a: Great Tusk|protosynthesisatk
|move|p1a: Mightyena|Charm|p2a: Great Tusk
|-unboost|p2a: Great Tusk|atk|2
|
|upkeep
|turn|3
|
|t:|1758983381
|move|p2a: Great Tusk|Earthquake|p1a: Mightyena
|-damage|p1a: Mightyena|42/100
|move|p1a: Mightyena|Charm|p2a: Great Tusk
|-unboost|p2a: Great Tusk|atk|2
|
|-end|p1a: Mightyena|move: Future Sight
|-immune|p1a: Mightyena
|upkeep
|turn|4
|
|t:|1758983391
|move|p2a: Great Tusk|Earthquake|p1a: Mightyena
|-damage|p1a: Mightyena|7/100
|move|p1a: Mightyena|Charm|p2a: Great Tusk
|-unboost|p2a: Great Tusk|atk|2
|
|upkeep
|turn|5
|
|t:|1758983403
|switch|p1a: Clefable|Clefable, F|100/100
|move|p2a: Great Tusk|Bulk Up|p2a: Great Tusk
|-boost|p2a: Great Tusk|atk|1
|-boost|p2a: Great Tusk|def|1
|
|upkeep
|turn|6
|
|t:|1758983415
|move|p2a: Great Tusk|Ice Spinner|p1a: Clefable
|-damage|p1a: Clefable|88/100
|move|p1a: Clefable|Calm Mind|p1a: Clefable
|-boost|p1a: Clefable|spa|1
|-boost|p1a: Clefable|spd|1
|
|upkeep
|turn|7
|
|t:|1758983422
|move|p2a: Great Tusk|Body Press|p1a: Clefable
|-resisted|p1a: Clefable
|-damage|p1a: Clefable|50/100
|move|p1a: Clefable|Calm Mind|p1a: Clefable
|-boost|p1a: Clefable|spa|1
|-boost|p1a: Clefable|spd|1
|
|upkeep
|turn|8
|
|t:|1758983429
|move|p2a: Great Tusk|Body Press|p1a: Clefable
|-resisted|p1a: Clefable
|-damage|p1a: Clefable|8/100
|move|p1a: Clefable|Blizzard|p2a: Great Tusk
|-supereffective|p2a: Great Tusk
|-damage|p2a: Great Tusk|0 fnt
|faint|p2a: Great Tusk
|-end|p2a: Great Tusk|Protosynthesis|[silent]
|
|upkeep
|
|t:|1758983441
|switch|p2a: Dragonite|Dragonite, M|100/100
|turn|9
|
|t:|1758983445
|switch|p1a: Magmortar|Magmortar, M|100/100
|move|p2a: Dragonite|Earthquake|p1a: Magmortar
|-supereffective|p1a: Magmortar
|-crit|p1a: Magmortar
|-damage|p1a: Magmortar|0 fnt
|faint|p1a: Magmortar
|
|upkeep
|
|t:|1758983454
|switch|p1a: Mightyena|Mightyena, F|7/100
|-ability|p1a: Mightyena|Intimidate|boost
|-unboost|p2a: Dragonite|atk|1
|turn|10
|
|t:|1758983460
|switch|p1a: Vileplume|Vileplume, F|100/100
|move|p2a: Dragonite|Outrage|p1a: Vileplume
|-damage|p1a: Vileplume|41/100
|-damage|p2a: Dragonite|84/100|[from] item: Rocky Helmet|[of] p1a: Vileplume
|
|upkeep
|turn|11
|
|t:|1758983468
|switch|p1a: Clefable|Clefable, F|8/100
|move|p2a: Dragonite|Outrage|p1a: Clefable|[from] lockedmove
|-immune|p1a: Clefable
|
|upkeep
|turn|12
|
|t:|1758983478
|move|p2a: Dragonite|Earthquake|p1a: Clefable
|-damage|p1a: Clefable|0 fnt
|faint|p1a: Clefable
|
|upkeep
|
|t:|1758983483
|switch|p1a: Mightyena|Mightyena, F|7/100
|-ability|p1a: Mightyena|Intimidate|boost
|-unboost|p2a: Dragonite|atk|1
|turn|13
|
|t:|1758983488
|switch|p1a: Vileplume|Vileplume, F|41/100
|move|p2a: Dragonite|Outrage|p1a: Vileplume
|-damage|p1a: Vileplume|0 fnt
|-damage|p2a: Dragonite|67/100|[from] item: Rocky Helmet|[of] p1a: Vileplume
|faint|p1a: Vileplume
|
|upkeep
|
|t:|1758983496
|switch|p1a: Mightyena|Mightyena, F|7/100
|-ability|p1a: Mightyena|Intimidate|boost
|-unboost|p2a: Dragonite|atk|1
|turn|14
|
|t:|1758983512
|-terastallize|p1a: Mightyena|Ghost
|move|p2a: Dragonite|Outrage|p1a: Mightyena|[from] lockedmove
|-damage|p1a: Mightyena|0 fnt
|faint|p1a: Mightyena
|-start|p2a: Dragonite|confusion|[fatigue]
|
|upkeep
|
|t:|1758983521
|switch|p1a: Metagross|Metagross|100/100
|turn|15
|
|t:|1758983528
|switch|p2a: Reuniclus|Reuniclus, F|100/100
|move|p1a: Metagross|Heavy Slam|p2a: Reuniclus
|-damage|p2a: Reuniclus|54/100
|
|upkeep
|turn|16
|
|t:|1758983534
|move|p1a: Metagross|Heavy Slam|p2a: Reuniclus
|-damage|p2a: Reuniclus|4/100
|move|p2a: Reuniclus|Future Sight|p1a: Metagross
|-start|p2a: Reuniclus|move: Future Sight
|
|upkeep
|turn|17
|
|t:|1758983541
|move|p1a: Metagross|Heavy Slam|p2a: Reuniclus
|-damage|p2a: Reuniclus|0 fnt
|faint|p2a: Reuniclus
|
|upkeep
|
|t:|1758983549
|switch|p2a: Kyurem|Kyurem|100/100
|-ability|p2a: Kyurem|Pressure
|turn|18
|
|t:|1758983554
|move|p2a: Kyurem|Freeze-Dry|p1a: Metagross
|-resisted|p1a: Metagross
|-damage|p1a: Metagross|78/100
|move|p1a: Metagross|Heavy Slam|p2a: Kyurem
|-supereffective|p2a: Kyurem
|-damage|p2a: Kyurem|53/100
|
|-end|p1a: Metagross|move: Future Sight
|-resisted|p1a: Metagross
|-damage|p1a: Metagross|66/100
|-heal|p1a: Metagross|72/100|[from] item: Leftovers
|upkeep
|turn|19
|
|t:|1758983565
|move|p2a: Kyurem|Blizzard|p1a: Metagross
|-resisted|p1a: Metagross
|-damage|p1a: Metagross|34/100
|move|p1a: Metagross|Heavy Slam|p2a: Kyurem
|-supereffective|p2a: Kyurem
|-damage|p2a: Kyurem|0 fnt
|faint|p2a: Kyurem
|
|-heal|p1a: Metagross|40/100|[from] item: Leftovers
|upkeep
|
|t:|1758983574
|switch|p2a: Dragonite|Dragonite, M|67/100
|turn|20
|
|t:|1758983584
|move|p1a: Metagross|Bullet Punch|p2a: Dragonite
|-damage|p2a: Dragonite|41/100
|move|p2a: Dragonite|Earthquake|p1a: Metagross
|-supereffective|p1a: Metagross
|-damage|p1a: Metagross|0 fnt
|faint|p1a: Metagross
|
|upkeep
|
|t:|1758983591
|switch|p1a: Azumarill|Azumarill, F|100/100
|turn|21
|
|t:|1758983596
|move|p2a: Dragonite|Earthquake|p1a: Azumarill
|-damage|p1a: Azumarill|61/100
|move|p1a: Azumarill|Liquidation|p2a: Dragonite
|-resisted|p2a: Dragonite
|-damage|p2a: Dragonite|1/100
|
|upkeep
|turn|22
|
|t:|1758983603
|move|p2a: Dragonite|Earthquake|p1a: Azumarill
|-damage|p1a: Azumarill|25/100
|move|p1a: Azumarill|Liquidation|p2a: Dragonite
|-resisted|p2a: Dragonite
|-damage|p2a: Dragonite|0 fnt
|faint|p2a: Dragonite
|
|upkeep
|
|t:|1758983610
|switch|p2a: Corviknight|Corviknight, M|100/100
|turn|23
|
|t:|1758983615
|move|p2a: Corviknight|Brave Bird|p1a: Azumarill
|-damage|p1a: Azumarill|0 fnt
|faint|p1a: Azumarill
|-damage|p2a: Corviknight|91/100|[from] Recoil
|
|win|HatredHades
|raw|venator's rating: 1135 &rarr; <strong>1106</strong><br />(-29 for losing)
|raw|HatredHades's rating: 1085 &rarr; <strong>1116</strong><br />(+31 for winning)
|l|☆venator
|player|p1|
|l|☆HatredHades
|player|p2|
