|j|☆AnOriginalName3
|j|☆kebab.ixx
|t:|1759026765
|gametype|singles
|player|p1|AnOriginalName3|265|1501
|player|p2|kebab.ixx|102|1556
|gen|9
|tier|[Gen 9] OU
|rated|
|rule|HP Percentage Mod: HP is shown in percentages
|rule|Endless Battle Clause: Forcing endless battles is banned
|rule|Species Clause: Limit one of each Pokémon
|rule|OHKO Clause: OHKO moves are banned
|rule|Evasion Items Clause: Evasion items are banned
|rule|Evasion Moves Clause: Evasion moves are banned
|rule|Evasion Abilities Clause: Evasion abilities are banned
|rule|Sleep Moves Clause: Sleep-inducing moves are banned
|clearpoke
|poke|p1|Samurott-Hisui, F|
|poke|p1|Electivire, F|
|poke|p1|Ceruledge, F|
|poke|p1|Great Tusk|
|poke|p1|Rillaboom, F|
|poke|p1|Bellossom, M|
|poke|p2|Kleavor, M|
|poke|p2|Iron Crown|
|poke|p2|Cinderace, M|
|poke|p2|Pecharunt|
|poke|p2|Dragonite, M|
|poke|p2|Garchomp, M|
|teampreview
|l|☆kebab.ixx
|player|p2|
|j|☆kebab.ixx
|player|p2|kebab.ixx|102|
|
|t:|1759026782
|teamsize|p1|6
|teamsize|p2|6
|start
|switch|p1a: Samurott|Samurott-Hisui, F|100/100
|switch|p2a: Kleavor|Kleavor, M|100/100
|turn|1
|
|t:|1759026803
|move|p1a: Samurott|Ceaseless Edge|p2a: Kleavor
|-damage|p2a: Kleavor|41/100
|-sidestart|p2: kebab.ixx|Spikes
|move|p2a: Kleavor|Stone Axe|p1a: Samurott
|-damage|p1a: Samurott|24/100
|-sidestart|p1: AnOriginalName3|move: Stealth Rock
|
|upkeep
|turn|2
|
|t:|1759026808
|move|p1a: Samurott|Aqua Jet|p2a: Kleavor
|-supereffective|p2a: Kleavor
|-damage|p2a: Kleavor|0 fnt
|faint|p2a: Kleavor
|
|upkeep
|
|t:|1759026830
|switch|p2a: Dragonite|Dragonite, M|100/100
|turn|3
|
|t:|1759026850
|move|p2a: Dragonite|Extreme Speed|p1a: Samurott
|-crit|p1a: Samurott
|-damage|p1a: Samurott|0 fnt
|faint|p1a: Samurott
|
|upkeep
|
|t:|1759026853
|switch|p1a: Great Tusk|Great Tusk|100/100
|turn|4
|
|t:|1759026855
|switch|p2a: Pecharunt|Pecharunt|100/100
|-item|p2a: Pecharunt|Air Balloon
|move|p1a: Great Tusk|Headlong Rush|p2a: Pecharunt
|-immune|p2a: Pecharunt
|
|upkeep
|turn|5
|
|t:|1759026864
|move|p2a: Pecharunt|Nasty Plot|p2a: Pecharunt
|-boost|p2a: Pecharunt|spa|2
|move|p1a: Great Tusk|Ice Spinner|p2a: Pecharunt
|-damage|p2a: Pecharunt|79/100
|-enditem|p2a: Pecharunt|Air Balloon
|
|upkeep
|turn|6
|
|t:|1759026871
|-terastallize|p2a: Pecharunt|Fairy
|move|p2a: Pecharunt|Tera Blast|p1a: Great Tusk|[anim] Tera Blast Fairy
|-supereffective|p1a: Great Tusk
|-damage|p1a: Great Tusk|0 fnt
|faint|p1a: Great Tusk
|-end|p1a: Great Tusk|Protosynthesis|[silent]
|
|upkeep
|
|t:|1759026878
|switch|p1a: Electivire|Electivire, F|100/100
|-damage|p1a: Electivire|88/100|[from] Stealth Rock
|turn|7
|
|t:|1759026884
|move|p2a: Pecharunt|Malignant Chain|p1a: Electivire
|-damage|p1a: Electivire|17/100
|move|p1a: Electivire|Supercell Slam|p2a: Pecharunt
|-damage|p2a: Pecharunt|51/100
|
|upkeep
|turn|8
|-message|AnOriginalName3 forfeited.
|
|win|kebab.ixx
|raw|AnOriginalName3's rating: 1501 &rarr; <strong>1484</strong><br />(-17 for losing)
|raw|kebab.ixx's rating: 1556 &rarr; <strong>1573</strong><br />(+17 for winning)
|l|☆AnOriginalName3
|player|p1|
|l|☆kebab.ixx
|player|p2|
