|j|☆cookbayz
|j|☆xiaoqian123
|t:|1759053179
|gametype|singles
|player|p1|cookbayz|sailor-gen3rs|1349
|player|p2|xiaoqian123|169|1364
|gen|9
|tier|[Gen 9] OU
|rated|
|rule|HP Percentage Mod: HP is shown in percentages
|rule|Endless Battle Clause: Forcing endless battles is banned
|rule|Species Clause: Limit one of each Pokémon
|rule|OHKO Clause: OHKO moves are banned
|rule|Evasion Items Clause: Evasion items are banned
|rule|Evasion Moves Clause: Evasion moves are banned
|rule|Evasion Abilities Clause: Evasion abilities are banned
|rule|Sleep Moves Clause: Sleep-inducing moves are banned
|clearpoke
|poke|p1|Gholdengo|
|poke|p1|Zapdos|
|poke|p1|Araquanid, M|
|poke|p1|Great Tusk|
|poke|p1|Dragonite, F|
|poke|p1|Weezing-Galar, M|
|poke|p2|Suicune|
|poke|p2|Scream Tail|
|poke|p2|Amoonguss, F|
|poke|p2|Dragonite, F|
|poke|p2|Tyranitar, M|
|poke|p2|Skeledirge, F|
|teampreview
|inactive|Battle timer is ON: inactive players will automatically lose when time's up. (requested by xiaoqian123)
|inactive|cookbayz also wants the timer to be on.
|
|t:|1759053207
|teamsize|p1|6
|teamsize|p2|6
|start
|switch|p1a: Gholdengo|Gholdengo|100/100
|switch|p2a: Amoonguss|Amoonguss, F|100/100
|turn|1
|
|t:|1759053222
|switch|p2a: Skeledirge|Skeledirge, F|100/100
|move|p1a: Gholdengo|Trick|p2a: Skeledirge
|-activate|p1a: Gholdengo|move: Trick|[of] p2a: Skeledirge
|-item|p2a: Skeledirge|Choice Scarf|[from] move: Trick
|-item|p1a: Gholdengo|Heavy-Duty Boots|[from] move: Trick
|
|upkeep
|turn|2
|
|t:|1759053238
|switch|p1a: Araquanid|Araquanid, M|100/100
|move|p2a: Skeledirge|Torch Song|p1a: Araquanid
|-damage|p1a: Araquanid|84/100
|-boost|p2a: Skeledirge|spa|1
|
|upkeep
|turn|3
|
|t:|1759053244
|move|p2a: Skeledirge|Torch Song|p1a: Araquanid
|-damage|p1a: Araquanid|64/100
|-boost|p2a: Skeledirge|spa|1
|move|p1a: Araquanid|Sticky Web|p2a: Skeledirge
|-sidestart|p2: xiaoqian123|move: Sticky Web
|
|upkeep
|turn|4
|
|t:|1759053247
|move|p2a: Skeledirge|Torch Song|p1a: Araquanid
|-damage|p1a: Araquanid|33/100
|-boost|p2a: Skeledirge|spa|1
|move|p1a: Araquanid|Surf|p2a: Skeledirge
|-supereffective|p2a: Skeledirge
|-damage|p2a: Skeledirge|0 fnt
|faint|p2a: Skeledirge
|
|upkeep
|
|t:|1759053252
|switch|p2a: Amoonguss|Amoonguss, F|100/100
|-activate|p2a: Amoonguss|move: Sticky Web
|-unboost|p2a: Amoonguss|spe|1
|turn|5
|
|t:|1759053259
|switch|p1a: Gholdengo|Gholdengo|100/100
|move|p2a: Amoonguss|Toxic|p1a: Gholdengo
|-immune|p1a: Gholdengo|[from] ability: Good as Gold
|
|upkeep
|turn|6
|
|t:|1759053267
|switch|p2a: Scream Tail|Scream Tail|100/100
|-activate|p2a: Scream Tail|move: Sticky Web
|-unboost|p2a: Scream Tail|spe|1
|move|p1a: Gholdengo|Shadow Ball|p2a: Scream Tail
|-supereffective|p2a: Scream Tail
|-damage|p2a: Scream Tail|57/100
|-unboost|p2a: Scream Tail|spd|1
|
|-heal|p2a: Scream Tail|63/100|[from] item: Leftovers
|upkeep
|turn|7
|
|t:|1759053273
|move|p1a: Gholdengo|Shadow Ball|p2a: Scream Tail
|-supereffective|p2a: Scream Tail
|-damage|p2a: Scream Tail|0 fnt
|faint|p2a: Scream Tail
|-end|p2a: Scream Tail|Protosynthesis|[silent]
|
|upkeep
|
|t:|1759053288
|switch|p2a: Dragonite|Dragonite, F, shiny|100/100
|turn|8
|
|t:|1759053293
|switch|p1a: Weezing|Weezing-Galar, M|100/100
|-ability|p1a: Weezing|Neutralizing Gas
|move|p2a: Dragonite|Dragon Dance|p2a: Dragonite
|-boost|p2a: Dragonite|atk|1
|-boost|p2a: Dragonite|spe|1
|
|upkeep
|turn|9
|
|t:|1759053302
|-terastallize|p2a: Dragonite|Normal
|move|p2a: Dragonite|Dragon Dance|p2a: Dragonite
|-boost|p2a: Dragonite|atk|1
|-boost|p2a: Dragonite|spe|1
|move|p1a: Weezing|Will-O-Wisp|p2a: Dragonite
|-status|p2a: Dragonite|brn
|
|-damage|p2a: Dragonite|94/100 brn|[from] brn
|upkeep
|turn|10
|
|t:|1759053311
|move|p2a: Dragonite|Earthquake|p1a: Weezing
|-supereffective|p1a: Weezing
|-damage|p1a: Weezing|53/100
|move|p1a: Weezing|Sludge Bomb|p2a: Dragonite
|-damage|p2a: Dragonite|66/100 brn
|
|-damage|p2a: Dragonite|59/100 brn|[from] brn
|upkeep
|turn|11
|
|t:|1759053314
|move|p2a: Dragonite|Earthquake|p1a: Weezing
|-supereffective|p1a: Weezing
|-damage|p1a: Weezing|0 fnt
|faint|p1a: Weezing
|-end|p1a: Weezing|ability: Neutralizing Gas
|
|-damage|p2a: Dragonite|53/100 brn|[from] brn
|upkeep
|
|t:|1759053330
|switch|p1a: Araquanid|Araquanid, M|33/100
|turn|12
|
|t:|1759053335
|move|p1a: Araquanid|Endure|p1a: Araquanid
|-singleturn|p1a: Araquanid|move: Endure
|move|p2a: Dragonite|Extreme Speed|p1a: Araquanid
|-activate|p1a: Araquanid|move: Endure
|-damage|p1a: Araquanid|1/100
|
|-damage|p2a: Dragonite|47/100 brn|[from] brn
|upkeep
|turn|13
|-enditem|p1a: Araquanid|Custap Berry|[eat]
|-activate|p1a: Araquanid|item: Custap Berry|[consumed]
|
|t:|1759053339
|move|p2a: Dragonite|Extreme Speed|p1a: Araquanid
|-damage|p1a: Araquanid|0 fnt
|faint|p1a: Araquanid
|
|-damage|p2a: Dragonite|41/100 brn|[from] brn
|upkeep
|
|t:|1759053344
|switch|p1a: Great Tusk|Great Tusk|100/100
|turn|14
|
|t:|1759053348
|move|p2a: Dragonite|Ice Spinner|p1a: Great Tusk
|-supereffective|p1a: Great Tusk
|-damage|p1a: Great Tusk|53/100
|move|p1a: Great Tusk|Knock Off|p2a: Dragonite
|-damage|p2a: Dragonite|3/100 brn
|-enditem|p2a: Dragonite|Heavy-Duty Boots|[from] move: Knock Off|[of] p1a: Great Tusk
|
|-damage|p2a: Dragonite|0 fnt|[from] brn
|faint|p2a: Dragonite
|upkeep
|
|t:|1759053352
|switch|p2a: Suicune|Suicune|100/100
|-activate|p2a: Suicune|move: Sticky Web
|-unboost|p2a: Suicune|spe|1
|-ability|p2a: Suicune|Pressure
|turn|15
|
|t:|1759053357
|move|p1a: Great Tusk|Close Combat|p2a: Suicune
|-damage|p2a: Suicune|66/100
|-unboost|p1a: Great Tusk|def|1
|-unboost|p1a: Great Tusk|spd|1
|move|p2a: Suicune|Calm Mind|p2a: Suicune
|-boost|p2a: Suicune|spa|1
|-boost|p2a: Suicune|spd|1
|
|-heal|p2a: Suicune|73/100|[from] item: Leftovers
|upkeep
|turn|16
|
|t:|1759053363
|move|p1a: Great Tusk|Close Combat|p2a: Suicune
|-damage|p2a: Suicune|38/100
|-unboost|p1a: Great Tusk|def|1
|-unboost|p1a: Great Tusk|spd|1
|move|p2a: Suicune|Calm Mind|p2a: Suicune
|-boost|p2a: Suicune|spa|1
|-boost|p2a: Suicune|spd|1
|
|-heal|p2a: Suicune|44/100|[from] item: Leftovers
|upkeep
|turn|17
|
|t:|1759053369
|move|p1a: Great Tusk|Close Combat|p2a: Suicune
|-damage|p2a: Suicune|6/100
|-unboost|p1a: Great Tusk|def|1
|-unboost|p1a: Great Tusk|spd|1
|move|p2a: Suicune|Rest|p2a: Suicune
|-status|p2a: Suicune|slp|[from] move: Rest
|-heal|p2a: Suicune|100/100 slp|[silent]
|
|upkeep
|turn|18
|
|t:|1759053374
|-end|p1a: Great Tusk|Protosynthesis|[silent]
|switch|p1a: Dragonite|Dragonite, F|100/100
|cant|p2a: Suicune|slp
|move|p2a: Suicune|Sleep Talk|p2a: Suicune
|move|p2a: Suicune|Rest||[from] move: Sleep Talk|[still]
|-fail|p2a: Suicune
|
|upkeep
|turn|19
|
|t:|1759053381
|move|p1a: Dragonite|Dragon Dance|p1a: Dragonite
|-boost|p1a: Dragonite|atk|1
|-boost|p1a: Dragonite|spe|1
|cant|p2a: Suicune|slp
|move|p2a: Suicune|Sleep Talk|p2a: Suicune
|move|p2a: Suicune|Calm Mind|p2a: Suicune|[from] move: Sleep Talk
|-boost|p2a: Suicune|spa|1
|-boost|p2a: Suicune|spd|1
|
|upkeep
|turn|20
|
|t:|1759053389
|move|p1a: Dragonite|Encore||[still]
|-fail|p1a: Dragonite
|-curestatus|p2a: Suicune|slp|[msg]
|move|p2a: Suicune|Scald|p1a: Dragonite
|-resisted|p1a: Dragonite
|-damage|p1a: Dragonite|83/100
|
|upkeep
|turn|21
|
|t:|1759053395
|move|p1a: Dragonite|Dragon Dance|p1a: Dragonite
|-boost|p1a: Dragonite|atk|1
|-boost|p1a: Dragonite|spe|1
|move|p2a: Suicune|Scald|p1a: Dragonite
|-resisted|p1a: Dragonite
|-damage|p1a: Dragonite|49/100
|
|upkeep
|turn|22
|
|t:|1759053402
|move|p1a: Dragonite|Earthquake|p2a: Suicune
|-damage|p2a: Suicune|59/100
|move|p2a: Suicune|Scald|p1a: Dragonite
|-resisted|p1a: Dragonite
|-damage|p1a: Dragonite|17/100
|
|-heal|p2a: Suicune|65/100|[from] item: Leftovers
|upkeep
|turn|23
|
|t:|1759053406
|move|p1a: Dragonite|Dragon Dance|p1a: Dragonite
|-boost|p1a: Dragonite|atk|1
|-boost|p1a: Dragonite|spe|1
|move|p2a: Suicune|Scald|p1a: Dragonite
|-resisted|p1a: Dragonite
|-damage|p1a: Dragonite|0 fnt
|faint|p1a: Dragonite
|
|-heal|p2a: Suicune|71/100|[from] item: Leftovers
|upkeep
|
|t:|1759053409
|switch|p1a: Zapdos|Zapdos|100/100
|turn|24
|
|t:|1759053412
|move|p1a: Zapdos|Thunder Wave|p2a: Suicune
|-status|p2a: Suicune|par
|move|p2a: Suicune|Calm Mind|p2a: Suicune
|-boost|p2a: Suicune|spa|1
|-boost|p2a: Suicune|spd|1
|
|-heal|p2a: Suicune|77/100 par|[from] item: Leftovers
|upkeep
|turn|25
|
|t:|1759053416
|move|p1a: Zapdos|Volt Switch|p2a: Suicune
|-supereffective|p2a: Suicune
|-damage|p2a: Suicune|62/100 par
|
|t:|1759053419
|switch|p1a: Great Tusk|Great Tusk|53/100|[from] Volt Switch
|move|p2a: Suicune|Rest|p2a: Suicune
|-status|p2a: Suicune|slp|[from] move: Rest
|-heal|p2a: Suicune|100/100 slp|[silent]
|
|upkeep
|turn|26
|
|t:|1759053425
|move|p1a: Great Tusk|Knock Off|p2a: Suicune
|-damage|p2a: Suicune|82/100 slp
|-enditem|p2a: Suicune|Leftovers|[from] move: Knock Off|[of] p1a: Great Tusk
|cant|p2a: Suicune|slp
|move|p2a: Suicune|Sleep Talk|p2a: Suicune
|move|p2a: Suicune|Calm Mind|p2a: Suicune|[from] move: Sleep Talk
|-boost|p2a: Suicune|spa|1
|-boost|p2a: Suicune|spd|1
|
|upkeep
|turn|27
|
|t:|1759053436
|move|p1a: Great Tusk|Close Combat|p2a: Suicune
|-damage|p2a: Suicune|48/100 slp
|-unboost|p1a: Great Tusk|def|1
|-unboost|p1a: Great Tusk|spd|1
|cant|p2a: Suicune|slp
|move|p2a: Suicune|Sleep Talk|p2a: Suicune
|move|p2a: Suicune|Rest||[from] move: Sleep Talk|[still]
|-fail|p2a: Suicune
|
|upkeep
|turn|28
|
|t:|1759053446
|move|p1a: Great Tusk|Headlong Rush|p2a: Suicune
|-damage|p2a: Suicune|15/100 slp
|-unboost|p1a: Great Tusk|def|1
|-unboost|p1a: Great Tusk|spd|1
|-curestatus|p2a: Suicune|slp|[msg]
|move|p2a: Suicune|Scald|p1a: Great Tusk
|-supereffective|p1a: Great Tusk
|-damage|p1a: Great Tusk|0 fnt
|faint|p1a: Great Tusk
|-end|p1a: Great Tusk|Protosynthesis|[silent]
|
|upkeep
|
|t:|1759053449
|switch|p1a: Gholdengo|Gholdengo|100/100
|turn|29
|
|t:|1759053456
|-terastallize|p1a: Gholdengo|Fighting
|move|p1a: Gholdengo|Focus Blast|p2a: Suicune
|-damage|p2a: Suicune|2/100
|-unboost|p2a: Suicune|spd|1
|move|p2a: Suicune|Rest|p2a: Suicune
|-status|p2a: Suicune|slp|[from] move: Rest
|-heal|p2a: Suicune|100/100 slp|[silent]
|
|upkeep
|turn|30
|-message|cookbayz forfeited.
|
|win|xiaoqian123
|raw|cookbayz's rating: 1349 &rarr; <strong>1330</strong><br />(-19 for losing)
|raw|xiaoqian123's rating: 1364 &rarr; <strong>1383</strong><br />(+19 for winning)
|l|☆cookbayz
|player|p1|
|c|☆xiaoqian123|gg
|l|☆xiaoqian123
|player|p2|
