|j|☆kinsword
|j|☆infectious melody
|t:|1759073204
|gametype|singles
|player|p1|kinsword|102|1427
|player|p2|infectious melody|miku-flying|1409
|gen|9
|tier|[Gen 9] OU
|rated|
|rule|HP Percentage Mod: HP is shown in percentages
|rule|Endless Battle Clause: Forcing endless battles is banned
|rule|Species Clause: Limit one of each Pokémon
|rule|OHKO Clause: OHKO moves are banned
|rule|Evasion Items Clause: Evasion items are banned
|rule|Evasion Moves Clause: Evasion moves are banned
|rule|Evasion Abilities Clause: Evasion abilities are banned
|rule|Sleep Moves Clause: Sleep-inducing moves are banned
|clearpoke
|poke|p1|Typhlosion-Hisui, F|
|poke|p1|Suicune|
|poke|p1|Zarude-Dada|
|poke|p1|Empoleon, M|
|poke|p1|Mandibuzz, F|
|poke|p1|Latios, M|
|poke|p2|Thundurus-Therian, M|
|poke|p2|Landorus-Therian, M|
|poke|p2|Samurott-Hisui, M|
|poke|p2|Gholdengo|
|poke|p2|Zamazenta-*|
|poke|p2|Scizor, M|
|teampreview
|inactive|Battle timer is ON: inactive players will automatically lose when time's up. (requested by kinsword)
|
|t:|1759073222
|teamsize|p1|6
|teamsize|p2|6
|start
|switch|p1a: Zarude|Zarude-Dada|100/100
|switch|p2a: Thundurus|Thundurus-Therian, M|100/100
|turn|1
|
|t:|1759073241
|switch|p1a: Empoleon|Empoleon, M|100/100
|switch|p2a: Landorus|Landorus-Therian, M|100/100
|-ability|p2a: Landorus|Intimidate|boost
|-unboost|p1a: Empoleon|atk|1
|-ability|p1a: Empoleon|Competitive|boost
|-boost|p1a: Empoleon|spa|2
|
|upkeep
|turn|2
|
|t:|1759073257
|move|p2a: Landorus|U-turn|p1a: Empoleon
|-resisted|p1a: Empoleon
|-crit|p1a: Empoleon
|-damage|p1a: Empoleon|87/100
|
|t:|1759073259
|switch|p2a: Samurott|Samurott-Hisui, M|100/100|[from] U-turn
|move|p1a: Empoleon|Surf|p2a: Samurott
|-resisted|p2a: Samurott
|-damage|p2a: Samurott|69/100
|
|upkeep
|turn|3
|
|t:|1759073273
|move|p2a: Samurott|Ceaseless Edge|p1a: Empoleon
|-damage|p1a: Empoleon|44/100
|-sidestart|p1: kinsword|Spikes
|move|p1a: Empoleon|Surf|p2a: Samurott
|-resisted|p2a: Samurott
|-damage|p2a: Samurott|34/100
|
|upkeep
|turn|4
|
|t:|1759073280
|move|p1a: Empoleon|Vacuum Wave|p2a: Samurott
|-supereffective|p2a: Samurott
|-damage|p2a: Samurott|0 fnt
|faint|p2a: Samurott
|
|upkeep
|
|t:|1759073285
|switch|p2a: Thundurus|Thundurus-Therian, M|100/100
|turn|5
|
|t:|1759073293
|-terastallize|p1a: Empoleon|Grass
|move|p2a: Thundurus|Thunderbolt|p1a: Empoleon
|-resisted|p1a: Empoleon
|-damage|p1a: Empoleon|28/100
|move|p1a: Empoleon|Ice Beam|p2a: Thundurus
|-supereffective|p2a: Thundurus
|-damage|p2a: Thundurus|0 fnt
|faint|p2a: Thundurus
|
|upkeep
|
|t:|1759073314
|switch|p2a: Scizor|Scizor, M|100/100
|turn|6
|
|t:|1759073322
|move|p2a: Scizor|Bullet Punch|p1a: Empoleon
|-damage|p1a: Empoleon|0 fnt
|faint|p1a: Empoleon
|
|upkeep
|
|t:|1759073334
|switch|p1a: Mandibuzz|Mandibuzz, F|100/100
|turn|7
|
|t:|1759073351
|switch|p2a: Landorus|Landorus-Therian, M|100/100
|-ability|p2a: Landorus|Intimidate|boost
|-unboost|p1a: Mandibuzz|atk|1
|move|p1a: Mandibuzz|U-turn|p2a: Landorus
|-resisted|p2a: Landorus
|-damage|p2a: Landorus|97/100
|-damage|p1a: Mandibuzz|84/100|[from] item: Rocky Helmet|[of] p2a: Landorus
|
|t:|1759073359
|switch|p1a: Suicune|Suicune|100/100|[from] U-turn
|-damage|p1a: Suicune|88/100|[from] Spikes
|-ability|p1a: Suicune|Pressure
|
|-heal|p1a: Suicune|94/100|[from] item: Leftovers
|upkeep
|turn|8
|
|t:|1759073369
|move|p2a: Landorus|Stealth Rock|p1a: Suicune
|-sidestart|p1: kinsword|move: Stealth Rock
|move|p1a: Suicune|Calm Mind|p1a: Suicune
|-boost|p1a: Suicune|spa|1
|-boost|p1a: Suicune|spd|1
|
|-heal|p1a: Suicune|100/100|[from] item: Leftovers
|upkeep
|turn|9
|
|t:|1759073377
|move|p2a: Landorus|Grass Knot|p1a: Suicune
|-supereffective|p1a: Suicune
|-damage|p1a: Suicune|79/100
|move|p1a: Suicune|Scald|p2a: Landorus
|-supereffective|p2a: Landorus
|-damage|p2a: Landorus|4/100
|
|-heal|p1a: Suicune|85/100|[from] item: Leftovers
|upkeep
|turn|10
|
|t:|1759073387
|move|p2a: Landorus|Grass Knot|p1a: Suicune
|-supereffective|p1a: Suicune
|-damage|p1a: Suicune|66/100
|move|p1a: Suicune|Calm Mind|p1a: Suicune
|-boost|p1a: Suicune|spa|1
|-boost|p1a: Suicune|spd|1
|
|-heal|p1a: Suicune|72/100|[from] item: Leftovers
|upkeep
|turn|11
|
|t:|1759073396
|move|p2a: Landorus|Grass Knot|p1a: Suicune
|-supereffective|p1a: Suicune
|-damage|p1a: Suicune|58/100
|move|p1a: Suicune|Scald|p2a: Landorus
|-supereffective|p2a: Landorus
|-damage|p2a: Landorus|0 fnt
|faint|p2a: Landorus
|
|-heal|p1a: Suicune|65/100|[from] item: Leftovers
|upkeep
|
|t:|1759073416
|switch|p2a: Zamazenta|Zamazenta|100/100
|-ability|p2a: Zamazenta|Dauntless Shield|boost
|-boost|p2a: Zamazenta|def|1
|turn|12
|
|t:|1759073435
|move|p1a: Suicune|Scald|p2a: Zamazenta
|-damage|p2a: Zamazenta|52/100
|move|p2a: Zamazenta|Roar|p1a: Suicune
|drag|p1a: Zarude|Zarude-Dada|100/100
|-damage|p1a: Zarude|88/100|[from] Spikes
|-damage|p1a: Zarude|76/100|[from] Stealth Rock
|
|upkeep
|turn|13
|
|t:|1759073449
|switch|p1a: Mandibuzz|Mandibuzz, F|84/100
|move|p2a: Zamazenta|Iron Defense|p2a: Zamazenta
|-boost|p2a: Zamazenta|def|2
|
|upkeep
|turn|14
|
|t:|1759073462
|move|p2a: Zamazenta|Body Press|p1a: Mandibuzz
|-damage|p1a: Mandibuzz|34/100
|move|p1a: Mandibuzz|Defog|p2a: Zamazenta
|-unboost|p2a: Zamazenta|evasion|1
|-sideend|p1: kinsword|Spikes|[from] move: Defog|[of] p1a: Mandibuzz
|-sideend|p1: kinsword|Stealth Rock|[from] move: Defog|[of] p1a: Mandibuzz
|
|upkeep
|turn|15
|
|t:|1759073469
|move|p2a: Zamazenta|Body Press|p1a: Mandibuzz
|-damage|p1a: Mandibuzz|0 fnt
|faint|p1a: Mandibuzz
|
|upkeep
|
|t:|1759073482
|switch|p1a: Typhlosion|Typhlosion-Hisui, F|100/100
|-item|p2a: Zamazenta|Heavy-Duty Boots|[from] ability: Frisk|[of] p1a: Typhlosion
|turn|16
|inactive|infectious melody has 120 seconds left.
|
|t:|1759073518
|move|p1a: Typhlosion|Eruption|p2a: Zamazenta
|-damage|p2a: Zamazenta|0 fnt
|faint|p2a: Zamazenta
|
|upkeep
|
|t:|1759073526
|switch|p2a: Scizor|Scizor, M|100/100
|turn|17
|-message|infectious melody forfeited.
|
|win|kinsword
|raw|kinsword's rating: 1427 &rarr; <strong>1446</strong><br />(+19 for winning)
|raw|infectious melody's rating: 1409 &rarr; <strong>1390</strong><br />(-19 for losing)
|l|☆infectious melody
|player|p2|
|l|☆kinsword
|player|p1|
