|j|☆3GearsTurning
|j|☆Sunshinne
|t:|1759034303
|gametype|singles
|player|p1|3GearsTurning|cyclist|1460
|player|p2|Sunshinne|lacey|1456
|gen|9
|tier|[Gen 9] OU
|rated|
|rule|HP Percentage Mod: HP is shown in percentages
|rule|Endless Battle Clause: Forcing endless battles is banned
|rule|Species Clause: Limit one of each Pokémon
|rule|OHKO Clause: OHKO moves are banned
|rule|Evasion Items Clause: Evasion items are banned
|rule|Evasion Moves Clause: Evasion moves are banned
|rule|Evasion Abilities Clause: Evasion abilities are banned
|rule|Sleep Moves Clause: Sleep-inducing moves are banned
|clearpoke
|poke|p1|Rillaboom, M|
|poke|p1|Okidogi, M|
|poke|p1|Zamazenta-*|
|poke|p1|Iron Treads|
|poke|p1|Clefable, F|
|poke|p1|Walking Wake|
|poke|p2|Ribombee, F|
|poke|p2|Glimmora, F|
|poke|p2|Manaphy|
|poke|p2|Zamazenta-*|
|poke|p2|Gholdengo|
|poke|p2|Kingambit, M|
|teampreview
|inactive|Battle timer is ON: inactive players will automatically lose when time's up. (requested by Sunshinne)
|inactive|3GearsTurning has 120 seconds left.
|
|t:|1759034342
|teamsize|p1|6
|teamsize|p2|6
|start
|switch|p1a: Iron Treads|Iron Treads|100/100
|switch|p2a: Ribombee|Ribombee, F|100/100
|turn|1
|
|t:|1759034345
|move|p2a: Ribombee|Stun Spore|p1a: Iron Treads|[miss]
|-miss|p2a: Ribombee|p1a: Iron Treads
|move|p1a: Iron Treads|Rapid Spin|p2a: Ribombee
|-damage|p2a: Ribombee|79/100
|-boost|p1a: Iron Treads|spe|1
|
|upkeep
|turn|2
|j| Mwoon
|
|t:|1759034361
|move|p1a: Iron Treads|High Horsepower|p2a: Ribombee
|-resisted|p2a: Ribombee
|-damage|p2a: Ribombee|51/100
|move|p2a: Ribombee|Stun Spore|p1a: Iron Treads
|-status|p1a: Iron Treads|par
|
|upkeep
|turn|3
|
|t:|1759034367
|move|p2a: Ribombee|Sticky Web|p1a: Iron Treads
|-sidestart|p1: 3GearsTurning|move: Sticky Web
|move|p1a: Iron Treads|Rapid Spin|p2a: Ribombee
|-damage|p2a: Ribombee|32/100
|-boost|p1a: Iron Treads|spe|1
|-sideend|p1: 3GearsTurning|Sticky Web|[from] move: Rapid Spin|[of] p1a: Iron Treads
|
|upkeep
|turn|4
|
|t:|1759034371
|move|p2a: Ribombee|Sticky Web|p1a: Iron Treads
|-sidestart|p1: 3GearsTurning|move: Sticky Web
|move|p1a: Iron Treads|Rapid Spin|p2a: Ribombee
|-damage|p2a: Ribombee|10/100
|-boost|p1a: Iron Treads|spe|1
|-sideend|p1: 3GearsTurning|Sticky Web|[from] move: Rapid Spin|[of] p1a: Iron Treads
|
|upkeep
|turn|5
|
|t:|1759034375
|move|p1a: Iron Treads|Rapid Spin|p2a: Ribombee
|-damage|p2a: Ribombee|0 fnt
|-boost|p1a: Iron Treads|spe|1
|faint|p2a: Ribombee
|
|upkeep
|
|t:|1759034381
|switch|p2a: Gholdengo|Gholdengo|100/100
|-item|p2a: Gholdengo|Air Balloon
|turn|6
|
|t:|1759034384
|cant|p1a: Iron Treads|par
|move|p2a: Gholdengo|Hex|p1a: Iron Treads
|-crit|p1a: Iron Treads
|-damage|p1a: Iron Treads|0 fnt
|faint|p1a: Iron Treads
|-end|p1a: Iron Treads|Quark Drive|[silent]
|
|upkeep
|
|t:|1759034390
|switch|p1a: Walking Wake|Walking Wake|100/100
|turn|7
|
|t:|1759034393
|move|p1a: Walking Wake|Flip Turn|p2a: Gholdengo
|-damage|p2a: Gholdengo|86/100
|-enditem|p2a: Gholdengo|Air Balloon
|
|t:|1759034415
|-end|p1a: Walking Wake|Protosynthesis|[silent]
|switch|p1a: Zamazenta|Zamazenta|100/100|[from] Flip Turn
|-ability|p1a: Zamazenta|Dauntless Shield|boost
|-boost|p1a: Zamazenta|def|1
|move|p2a: Gholdengo|Thunder Wave|p1a: Zamazenta
|-status|p1a: Zamazenta|par
|
|upkeep
|turn|8
|
|t:|1759034421
|move|p2a: Gholdengo|Hex|p1a: Zamazenta
|-damage|p1a: Zamazenta|34/100 par
|move|p1a: Zamazenta|Crunch|p2a: Gholdengo
|-supereffective|p2a: Gholdengo
|-damage|p2a: Gholdengo|38/100
|
|-heal|p1a: Zamazenta|40/100 par|[from] item: Leftovers
|upkeep
|turn|9
|
|t:|1759034425
|move|p2a: Gholdengo|Hex|p1a: Zamazenta
|-damage|p1a: Zamazenta|0 fnt
|faint|p1a: Zamazenta
|
|upkeep
|
|t:|1759034428
|switch|p1a: Walking Wake|Walking Wake|100/100
|turn|10
|
|t:|1759034430
|move|p1a: Walking Wake|Surf|p2a: Gholdengo
|-damage|p2a: Gholdengo|0 fnt
|faint|p2a: Gholdengo
|
|upkeep
|
|t:|1759034434
|switch|p2a: Manaphy|Manaphy|100/100
|turn|11
|
|t:|1759034437
|-end|p1a: Walking Wake|Protosynthesis|[silent]
|switch|p1a: Rillaboom|Rillaboom, M|100/100
|-fieldstart|move: Grassy Terrain|[from] ability: Grassy Surge|[of] p1a: Rillaboom
|move|p2a: Manaphy|Acid Armor|p2a: Manaphy
|-boost|p2a: Manaphy|def|2
|
|upkeep
|turn|12
|
|t:|1759034449
|move|p2a: Manaphy|Tail Glow|p2a: Manaphy
|-boost|p2a: Manaphy|spa|3
|move|p1a: Rillaboom|Swords Dance|p1a: Rillaboom
|-boost|p1a: Rillaboom|atk|2
|
|upkeep
|turn|13
|
|t:|1759034453
|move|p1a: Rillaboom|Grassy Glide|p2a: Manaphy
|-supereffective|p2a: Manaphy
|-damage|p2a: Manaphy|22/100
|move|p2a: Manaphy|Stored Power|p1a: Rillaboom
|-damage|p1a: Rillaboom|0 fnt
|faint|p1a: Rillaboom
|
|-heal|p2a: Manaphy|28/100|[from] Grassy Terrain
|-heal|p2a: Manaphy|34/100|[from] item: Leftovers
|upkeep
|
|t:|1759034458
|switch|p1a: Walking Wake|Walking Wake|100/100
|turn|14
|
|t:|1759034460
|move|p1a: Walking Wake|Draco Meteor|p2a: Manaphy|[miss]
|-miss|p1a: Walking Wake|p2a: Manaphy
|move|p2a: Manaphy|Stored Power|p1a: Walking Wake
|-crit|p1a: Walking Wake
|-damage|p1a: Walking Wake|0 fnt
|faint|p1a: Walking Wake
|-end|p1a: Walking Wake|Protosynthesis|[silent]
|
|-heal|p2a: Manaphy|41/100|[from] Grassy Terrain
|-heal|p2a: Manaphy|47/100|[from] item: Leftovers
|upkeep
|
|t:|1759034463
|switch|p1a: Clefable|Clefable, F|100/100
|turn|15
|
|t:|1759034468
|move|p2a: Manaphy|Tail Glow|p2a: Manaphy
|-boost|p2a: Manaphy|spa|3
|move|p1a: Clefable|Moonblast|p2a: Manaphy
|-damage|p2a: Manaphy|16/100
|
|-heal|p2a: Manaphy|22/100|[from] Grassy Terrain
|-heal|p2a: Manaphy|28/100|[from] item: Leftovers
|upkeep
|turn|16
|
|t:|1759034473
|move|p2a: Manaphy|Stored Power|p1a: Clefable
|-damage|p1a: Clefable|0 fnt
|faint|p1a: Clefable
|
|-heal|p2a: Manaphy|35/100|[from] Grassy Terrain
|-heal|p2a: Manaphy|41/100|[from] item: Leftovers
|upkeep
|
|t:|1759034475
|switch|p1a: Okidogi|Okidogi, M|100/100
|turn|17
|
|t:|1759034478
|move|p2a: Manaphy|Stored Power|p1a: Okidogi
|-supereffective|p1a: Okidogi
|-damage|p1a: Okidogi|0 fnt
|faint|p1a: Okidogi
|
|win|Sunshinne
|raw|3GearsTurning's rating: 1460 &rarr; <strong>1440</strong><br />(-20 for losing)
|raw|Sunshinne's rating: 1456 &rarr; <strong>1476</strong><br />(+20 for winning)
|l|☆3GearsTurning
|player|p1|
|l|☆Sunshinne
|player|p2|
