|j|☆coping walrus
|j|☆Xdhi
|t:|1759069519
|gametype|singles
|player|p1|coping walrus|wattson|1175
|player|p2|Xdhi|169|1190
|gen|9
|tier|[Gen 9] OU
|rated|
|rule|HP Percentage Mod: HP is shown in percentages
|rule|Endless Battle Clause: Forcing endless battles is banned
|rule|Species Clause: Limit one of each Pokémon
|rule|OHKO Clause: OHKO moves are banned
|rule|Evasion Items Clause: Evasion items are banned
|rule|Evasion Moves Clause: Evasion moves are banned
|rule|Evasion Abilities Clause: Evasion abilities are banned
|rule|Sleep Moves Clause: Sleep-inducing moves are banned
|clearpoke
|poke|p1|Abomasnow, F|
|poke|p1|Diancie|
|poke|p1|Staraptor, F|
|poke|p1|Volcanion|
|poke|p1|Polteageist|
|poke|p1|Donphan, F|
|poke|p2|Gholdengo|
|poke|p2|Clefable, F|
|poke|p2|Rotom-Wash|
|poke|p2|Deoxys-Speed|
|poke|p2|Cinderace, M|
|poke|p2|Garganacl, F|
|teampreview
|inactive|Battle timer is ON: inactive players will automatically lose when time's up. (requested by Xdhi)
|inactive|coping walrus also wants the timer to be on.
|
|t:|1759069529
|teamsize|p1|6
|teamsize|p2|6
|start
|switch|p1a: Bagga Hot Cheetos|Volcanion|100/100
|switch|p2a: Rotom|Rotom-Wash|100/100
|turn|1
|
|t:|1759069545
|switch|p1a: Mûmakil|Donphan, F, shiny|100/100
|move|p2a: Rotom|Discharge|p1a: Mûmakil
|-immune|p1a: Mûmakil
|
|upkeep
|turn|2
|
|t:|1759069559
|switch|p1a: Yukon Cornelius|Abomasnow, F, shiny|100/100
|-weather|Snowscape|[from] ability: Snow Warning|[of] p1a: Yukon Cornelius
|move|p2a: Rotom|Hydro Pump|p1a: Yukon Cornelius|[miss]
|-miss|p2a: Rotom|p1a: Yukon Cornelius
|
|-weather|Snowscape|[upkeep]
|upkeep
|turn|3
|
|t:|1759069568
|move|p2a: Rotom|Discharge|p1a: Yukon Cornelius
|-resisted|p1a: Yukon Cornelius
|-damage|p1a: Yukon Cornelius|82/100
|move|p1a: Yukon Cornelius|Giga Drain|p2a: Rotom
|-supereffective|p2a: Rotom
|-damage|p2a: Rotom|40/100
|-heal|p1a: Yukon Cornelius|100/100|[from] drain|[of] p2a: Rotom
|
|-weather|Snowscape|[upkeep]
|upkeep
|turn|4
|
|t:|1759069575
|move|p2a: Rotom|Discharge|p1a: Yukon Cornelius
|-resisted|p1a: Yukon Cornelius
|-damage|p1a: Yukon Cornelius|82/100
|move|p1a: Yukon Cornelius|Giga Drain|p2a: Rotom
|-supereffective|p2a: Rotom
|-damage|p2a: Rotom|0 fnt
|-heal|p1a: Yukon Cornelius|95/100|[from] drain|[of] p2a: Rotom
|faint|p2a: Rotom
|
|-weather|Snowscape|[upkeep]
|upkeep
|
|t:|1759069579
|switch|p2a: Cinderace|Cinderace, M|100/100
|turn|5
|
|t:|1759069587
|-terastallize|p1a: Yukon Cornelius|Ground
|move|p2a: Cinderace|U-turn|p1a: Yukon Cornelius
|-start|p2a: Cinderace|typechange|Bug|[from] ability: Libero
|-damage|p1a: Yukon Cornelius|38/100
|
|t:|1759069595
|switch|p2a: Clefable|Clefable, F|100/100|[from] U-turn
|move|p1a: Yukon Cornelius|Earth Power|p2a: Clefable
|-damage|p2a: Clefable|60/100
|
|-weather|Snowscape|[upkeep]
|-heal|p2a: Clefable|66/100|[from] item: Leftovers
|upkeep
|turn|6
|
|t:|1759069613
|move|p2a: Clefable|Moonblast|p1a: Yukon Cornelius
|-damage|p1a: Yukon Cornelius|0 fnt
|faint|p1a: Yukon Cornelius
|
|-weather|none
|-heal|p2a: Clefable|72/100|[from] item: Leftovers
|upkeep
|
|t:|1759069619
|switch|p1a: Bagga Hot Cheetos|Volcanion|100/100
|turn|7
|
|t:|1759069625
|move|p1a: Bagga Hot Cheetos|Sludge Bomb|p2a: Clefable
|-supereffective|p2a: Clefable
|-damage|p2a: Clefable|0 fnt
|faint|p2a: Clefable
|
|upkeep
|
|t:|1759069636
|switch|p2a: Deoxys|Deoxys-Speed|100/100
|-ability|p2a: Deoxys|Pressure
|turn|8
|
|t:|1759069651
|switch|p1a: Private Dancer|Diancie, shiny|100/100
|move|p2a: Deoxys|Meteor Beam||[still]
|-prepare|p2a: Deoxys|Meteor Beam
|-boost|p2a: Deoxys|spa|1
|-enditem|p2a: Deoxys|Power Herb
|-anim|p2a: Deoxys|Meteor Beam|p1a: Private Dancer
|-crit|p1a: Private Dancer
|-damage|p1a: Private Dancer|42/100
|
|-heal|p1a: Private Dancer|48/100|[from] item: Leftovers
|upkeep
|turn|9
|
|t:|1759069662
|move|p2a: Deoxys|Psychic|p1a: Private Dancer
|-damage|p1a: Private Dancer|8/100
|move|p1a: Private Dancer|Draining Kiss|p2a: Deoxys
|-damage|p2a: Deoxys|81/100
|-heal|p1a: Private Dancer|26/100|[from] drain|[of] p2a: Deoxys
|
|-heal|p1a: Private Dancer|32/100|[from] item: Leftovers
|upkeep
|turn|10
|
|t:|1759069672
|move|p2a: Deoxys|Psychic|p1a: Private Dancer
|-damage|p1a: Private Dancer|0 fnt
|faint|p1a: Private Dancer
|
|upkeep
|
|t:|1759069676
|switch|p1a: Mrs. Potts|Polteageist, shiny|100/100
|turn|11
|
|t:|1759069684
|move|p2a: Deoxys|Psychic|p1a: Mrs. Potts
|-damage|p1a: Mrs. Potts|38/100
|move|p1a: Mrs. Potts|Shell Smash|p1a: Mrs. Potts
|-unboost|p1a: Mrs. Potts|def|1
|-unboost|p1a: Mrs. Potts|spd|1
|-boost|p1a: Mrs. Potts|atk|2
|-boost|p1a: Mrs. Potts|spa|2
|-boost|p1a: Mrs. Potts|spe|2
|
|upkeep
|turn|12
|
|t:|1759069698
|move|p1a: Mrs. Potts|Shadow Ball|p2a: Deoxys
|-supereffective|p2a: Deoxys
|-damage|p2a: Deoxys|0 fnt
|faint|p2a: Deoxys
|
|upkeep
|
|t:|1759069703
|switch|p2a: Garganacl|Garganacl, F|100/100
|turn|13
|
|t:|1759069711
|move|p1a: Mrs. Potts|Stored Power|p2a: Garganacl
|-damage|p2a: Garganacl|5/100
|move|p2a: Garganacl|Salt Cure|p1a: Mrs. Potts
|-damage|p1a: Mrs. Potts|0 fnt
|faint|p1a: Mrs. Potts
|
|upkeep
|
|t:|1759069718
|switch|p1a: Bagga Hot Cheetos|Volcanion|100/100
|turn|14
|
|t:|1759069721
|move|p1a: Bagga Hot Cheetos|Steam Eruption|p2a: Garganacl
|-supereffective|p2a: Garganacl
|-damage|p2a: Garganacl|0 fnt
|faint|p2a: Garganacl
|
|upkeep
|
|t:|1759069728
|switch|p2a: Cinderace|Cinderace, M|100/100
|turn|15
|
|t:|1759069733
|move|p2a: Cinderace|Gunk Shot|p1a: Bagga Hot Cheetos
|-start|p2a: Cinderace|typechange|Poison|[from] ability: Libero
|-damage|p1a: Bagga Hot Cheetos|15/100
|move|p1a: Bagga Hot Cheetos|Steam Eruption|p2a: Cinderace
|-damage|p2a: Cinderace|0 fnt
|faint|p2a: Cinderace
|
|upkeep
|
|t:|1759069735
|switch|p2a: Gholdengo|Gholdengo|100/100
|turn|16
|
|t:|1759069751
|move|p2a: Gholdengo|Shadow Ball|p1a: Bagga Hot Cheetos
|-damage|p1a: Bagga Hot Cheetos|0 fnt
|faint|p1a: Bagga Hot Cheetos
|
|upkeep
|
|t:|1759069755
|switch|p1a: Hawk Tuah|Staraptor, F, shiny|100/100
|turn|17
|
|t:|1759069759
|move|p2a: Gholdengo|Shadow Ball|p1a: Hawk Tuah
|-immune|p1a: Hawk Tuah
|move|p1a: Hawk Tuah|Brave Bird|p2a: Gholdengo
|-resisted|p2a: Gholdengo
|-damage|p2a: Gholdengo|37/100
|-damage|p1a: Hawk Tuah|79/100|[from] Recoil
|
|upkeep
|turn|18
|-message|Xdhi forfeited.
|
|win|coping walrus
|raw|coping walrus's rating: 1175 &rarr; <strong>1201</strong><br />(+26 for winning)
|raw|Xdhi's rating: 1190 &rarr; <strong>1164</strong><br />(-26 for losing)
|l|☆coping walrus
|player|p1|
