|badge|p1|bronze|gen9ou|100-6
|html|<div class="broadcast-red"><strong>This battle is required to be public due to one or more player having a season medal.</strong><br />During the public phase, you can discuss the state of the ladder <a href="/seasondiscussion">in a special chatroom.</a></div>
|uhtml|medal-msg|<div class="broadcast-blue">Curious what those medals under the avatar are? PS now has Ladder Seasons! For more information, check out the <a href="https://www.smogon.com/forums/threads/3740067/">thread on Smogon.</a></div>
|badge|p2|bronze|gen9ou|100-6
|uhtml|medal-msg|<div class="broadcast-blue">Curious what those medals under the avatar are? PS now has Ladder Seasons! For more information, check out the <a href="https://www.smogon.com/forums/threads/3740067/">thread on Smogon.</a></div>
|raw|<div class="broadcast-blue"><strong>This battle is required to be public due to a player having a name starting with 'medal'.</div>
|j|☆DivineGabriel
|j|☆MunchlaxTheGodKing
|t:|1758984984
|gametype|singles
|player|p1|DivineGabriel|rye|1895
|player|p2|MunchlaxTheGodKing|furisodegirl-black|1758
|gen|9
|tier|[Gen 9] OU
|rated|
|rule|HP Percentage Mod: HP is shown in percentages
|rule|Endless Battle Clause: Forcing endless battles is banned
|rule|Species Clause: Limit one of each Pokémon
|rule|OHKO Clause: OHKO moves are banned
|rule|Evasion Items Clause: Evasion items are banned
|rule|Evasion Moves Clause: Evasion moves are banned
|rule|Evasion Abilities Clause: Evasion abilities are banned
|rule|Sleep Moves Clause: Sleep-inducing moves are banned
|clearpoke
|poke|p1|Typhlosion-Hisui, M|
|poke|p1|Great Tusk|
|poke|p1|Torkoal, M|
|poke|p1|Walking Wake|
|poke|p1|Hatterene, F|
|poke|p1|Meowscarada, F|
|poke|p2|Zamazenta-*|
|poke|p2|Dragapult, M|
|poke|p2|Raging Bolt|
|poke|p2|Moltres|
|poke|p2|Iron Treads|
|poke|p2|Samurott-Hisui, M|
|teampreview
|inactive|Battle timer is ON: inactive players will automatically lose when time's up. (requested by MunchlaxTheGodKing)
|
|t:|1758985005
|teamsize|p1|6
|teamsize|p2|6
|start
|switch|p1a: Vulcan|Torkoal, M|100/100
|switch|p2a: 踩踩背|Iron Treads|100/100
|-weather|SunnyDay|[from] ability: Drought|[of] p1a: Vulcan
|turn|1
|
|t:|1758985008
|move|p2a: 踩踩背|Knock Off|p1a: Vulcan
|-damage|p1a: Vulcan|86/100
|-enditem|p1a: Vulcan|Heat Rock|[from] move: Knock Off|[of] p2a: 踩踩背
|move|p1a: Vulcan|Flamethrower|p2a: 踩踩背
|-supereffective|p2a: 踩踩背
|-crit|p2a: 踩踩背
|-damage|p2a: 踩踩背|0 fnt
|faint|p2a: 踩踩背
|-end|p2a: 踩踩背|Quark Drive|[silent]
|
|-weather|SunnyDay|[upkeep]
|upkeep
|
|t:|1758985011
|switch|p2a: 长脖奶龙|Raging Bolt|100/100
|-activate|p2a: 长脖奶龙|ability: Protosynthesis
|-start|p2a: 长脖奶龙|protosynthesisspa
|turn|2
|
|t:|1758985015
|switch|p1a: Hibana|Hatterene, F|100/100
|move|p2a: 长脖奶龙|Thunderbolt|p1a: Hibana
|-damage|p1a: Hibana|31/100
|-enditem|p1a: Hibana|Eject Button
|
|t:|1758985026
|switch|p1a: Obi|Great Tusk|100/100
|-activate|p1a: Obi|ability: Protosynthesis
|-start|p1a: Obi|protosynthesisspe
|
|-weather|SunnyDay|[upkeep]
|upkeep
|turn|3
|
|t:|1758985030
|-end|p2a: 长脖奶龙|Protosynthesis|[silent]
|switch|p2a: Moltres|Moltres|100/100
|move|p1a: Obi|Earthquake|p2a: Moltres
|-immune|p2a: Moltres
|
|-weather|SunnyDay|[upkeep]
|upkeep
|turn|4
|
|t:|1758985035
|move|p1a: Obi|Stealth Rock|p2a: Moltres
|-sidestart|p2: MunchlaxTheGodKing|move: Stealth Rock
|move|p2a: Moltres|U-turn|p1a: Obi
|-resisted|p1a: Obi
|-damage|p1a: Obi|96/100
|
|t:|1758985039
|switch|p2a: 长脖奶龙|Raging Bolt|100/100|[from] U-turn
|-activate|p2a: 长脖奶龙|ability: Protosynthesis
|-start|p2a: 长脖奶龙|protosynthesisspa
|
|-weather|SunnyDay|[upkeep]
|-heal|p1a: Obi|100/100|[from] item: Leftovers
|upkeep
|turn|5
|
|t:|1758985043
|-end|p2a: 长脖奶龙|Protosynthesis|[silent]
|switch|p2a: Moltres|Moltres|100/100
|move|p1a: Obi|Earthquake|p2a: Moltres
|-immune|p2a: Moltres
|
|-weather|SunnyDay|[upkeep]
|upkeep
|turn|6
|
|t:|1758985045
|move|p1a: Obi|Knock Off|p2a: Moltres
|-damage|p2a: Moltres|71/100
|-enditem|p2a: Moltres|Heavy-Duty Boots|[from] move: Knock Off|[of] p1a: Obi
|move|p2a: Moltres|Hurricane|p1a: Obi|[miss]
|-miss|p2a: Moltres|p1a: Obi
|
|-weather|SunnyDay|[upkeep]
|upkeep
|turn|7
|
|t:|1758985051
|-end|p1a: Obi|Protosynthesis|[silent]
|switch|p1a: Hibana|Hatterene, F|31/100
|move|p2a: Moltres|Hurricane|p1a: Hibana
|-damage|p1a: Hibana|0 fnt
|faint|p1a: Hibana
|
|-weather|SunnyDay|[upkeep]
|upkeep
|
|t:|1758985058
|switch|p1a: Benimaru|Typhlosion-Hisui, M|100/100
|turn|8
|
|t:|1758985066
|move|p1a: Benimaru|Eruption|p2a: Moltres
|-resisted|p2a: Moltres
|-damage|p2a: Moltres|0 fnt
|faint|p2a: Moltres
|
|-weather|none
|upkeep
|j| Le Bouquetin
|j| cryyysneasel
|
|t:|1758985070
|switch|p2a: 24岁 喜欢发射孩子|Dragapult, M|100/100
|-damage|p2a: 24岁 喜欢发射孩子|88/100|[from] Stealth Rock
|turn|9
|
|t:|1758985078
|move|p2a: 24岁 喜欢发射孩子|Draco Meteor|p1a: Benimaru
|-damage|p1a: Benimaru|0 fnt
|-unboost|p2a: 24岁 喜欢发射孩子|spa|2
|faint|p1a: Benimaru
|
|upkeep
|
|t:|1758985080
|switch|p1a: Tamaki|Meowscarada, F|100/100
|turn|10
|
|t:|1758985088
|switch|p2a: 脑袋尖尖的|Zamazenta|100/100
|-damage|p2a: 脑袋尖尖的|94/100|[from] Stealth Rock
|-ability|p2a: 脑袋尖尖的|Dauntless Shield|boost
|-boost|p2a: 脑袋尖尖的|def|1
|move|p1a: Tamaki|U-turn|p2a: 脑袋尖尖的
|-start|p1a: Tamaki|typechange|Bug|[from] ability: Protean
|-resisted|p2a: 脑袋尖尖的
|-damage|p2a: 脑袋尖尖的|85/100
|
|t:|1758985091
|switch|p1a: Vulcan|Torkoal, M|86/100|[from] U-turn
|-weather|SunnyDay|[from] ability: Drought|[of] p1a: Vulcan
|
|-weather|SunnyDay|[upkeep]
|upkeep
|turn|11
|j| tiochicodobos
|
|t:|1758985102
|switch|p2a: 长脖奶龙|Raging Bolt|100/100
|-activate|p2a: 长脖奶龙|ability: Protosynthesis
|-start|p2a: 长脖奶龙|protosynthesisspa
|move|p1a: Vulcan|Flamethrower|p2a: 长脖奶龙
|-resisted|p2a: 长脖奶龙
|-damage|p2a: 长脖奶龙|81/100
|
|-weather|SunnyDay|[upkeep]
|upkeep
|turn|12
|
|t:|1758985107
|switch|p1a: Tamaki|Meowscarada, F|100/100
|move|p2a: 长脖奶龙|Draco Meteor|p1a: Tamaki
|-damage|p1a: Tamaki|0 fnt
|-unboost|p2a: 长脖奶龙|spa|2
|faint|p1a: Tamaki
|
|-weather|SunnyDay|[upkeep]
|upkeep
|
|t:|1758985112
|switch|p1a: Obi|Great Tusk|100/100
|-activate|p1a: Obi|ability: Protosynthesis
|-start|p1a: Obi|protosynthesisspe
|turn|13
|
|t:|1758985125
|-end|p2a: 长脖奶龙|Protosynthesis|[silent]
|switch|p2a: 90%≠don't blunder|Samurott-Hisui, M|100/100
|-damage|p2a: 90%≠don't blunder|88/100|[from] Stealth Rock
|move|p1a: Obi|Earthquake|p2a: 90%≠don't blunder
|-damage|p2a: 90%≠don't blunder|35/100
|
|-weather|SunnyDay|[upkeep]
|upkeep
|turn|14
|
|t:|1758985130
|move|p2a: 90%≠don't blunder|Aqua Jet|p1a: Obi
|-supereffective|p1a: Obi
|-damage|p1a: Obi|82/100
|move|p1a: Obi|Rapid Spin|p2a: 90%≠don't blunder
|-damage|p2a: 90%≠don't blunder|17/100
|-boost|p1a: Obi|spe|1
|
|-weather|none
|-end|p1a: Obi|Protosynthesis
|-heal|p1a: Obi|88/100|[from] item: Leftovers
|upkeep
|turn|15
|
|t:|1758985136
|move|p2a: 90%≠don't blunder|Aqua Jet|p1a: Obi
|-supereffective|p1a: Obi
|-damage|p1a: Obi|48/100
|move|p1a: Obi|Earthquake|p2a: 90%≠don't blunder
|-damage|p2a: 90%≠don't blunder|0 fnt
|faint|p2a: 90%≠don't blunder
|
|-heal|p1a: Obi|54/100|[from] item: Leftovers
|upkeep
|
|t:|1758985140
|switch|p2a: 脑袋尖尖的|Zamazenta|85/100
|-damage|p2a: 脑袋尖尖的|79/100|[from] Stealth Rock
|turn|16
|
|t:|1758985143
|move|p1a: Obi|Earthquake|p2a: 脑袋尖尖的
|-damage|p2a: 脑袋尖尖的|40/100
|move|p2a: 脑袋尖尖的|Psychic Fangs|p1a: Obi
|-supereffective|p1a: Obi
|-damage|p1a: Obi|8/100
|-damage|p2a: 脑袋尖尖的|30/100|[from] item: Life Orb
|
|-heal|p1a: Obi|14/100|[from] item: Leftovers
|upkeep
|turn|17
|
|t:|1758985149
|move|p1a: Obi|Earthquake|p2a: 脑袋尖尖的
|-damage|p2a: 脑袋尖尖的|0 fnt
|faint|p2a: 脑袋尖尖的
|
|-heal|p1a: Obi|20/100|[from] item: Leftovers
|upkeep
|
|t:|1758985150
|switch|p2a: 24岁 喜欢发射孩子|Dragapult, M|88/100
|-damage|p2a: 24岁 喜欢发射孩子|76/100|[from] Stealth Rock
|turn|18
|
|t:|1758985154
|move|p1a: Obi|Knock Off|p2a: 24岁 喜欢发射孩子
|-supereffective|p2a: 24岁 喜欢发射孩子
|-damage|p2a: 24岁 喜欢发射孩子|4/100
|-enditem|p2a: 24岁 喜欢发射孩子|Choice Specs|[from] move: Knock Off|[of] p1a: Obi
|move|p2a: 24岁 喜欢发射孩子|Shadow Ball|p1a: Obi
|-damage|p1a: Obi|0 fnt
|faint|p1a: Obi
|-end|p1a: Obi|Protosynthesis|[silent]
|
|upkeep
|
|t:|1758985158
|switch|p1a: Vulcan|Torkoal, M|86/100
|-weather|SunnyDay|[from] ability: Drought|[of] p1a: Vulcan
|turn|19
|l| Le Bouquetin
|
|t:|1758985160
|move|p2a: 24岁 喜欢发射孩子|Shadow Ball|p1a: Vulcan
|-damage|p1a: Vulcan|42/100
|move|p1a: Vulcan|Flamethrower|p2a: 24岁 喜欢发射孩子
|-resisted|p2a: 24岁 喜欢发射孩子
|-damage|p2a: 24岁 喜欢发射孩子|0 fnt
|faint|p2a: 24岁 喜欢发射孩子
|
|-weather|SunnyDay|[upkeep]
|upkeep
|
|t:|1758985162
|switch|p2a: 长脖奶龙|Raging Bolt|81/100
|-activate|p2a: 长脖奶龙|ability: Protosynthesis
|-start|p2a: 长脖奶龙|protosynthesisspa
|turn|20
|
|t:|1758985164
|move|p2a: 长脖奶龙|Thunderbolt|p1a: Vulcan
|-damage|p1a: Vulcan|0 fnt
|faint|p1a: Vulcan
|
|-weather|SunnyDay|[upkeep]
|upkeep
|
|t:|1758985166
|switch|p1a: Leonardo|Walking Wake|100/100
|-activate|p1a: Leonardo|ability: Protosynthesis
|-start|p1a: Leonardo|protosynthesisspe
|turn|21
|
|t:|1758985170
|-terastallize|p2a: 长脖奶龙|Fairy
|move|p1a: Leonardo|Hydro Steam|p2a: 长脖奶龙
|-damage|p2a: 长脖奶龙|0 fnt
|faint|p2a: 长脖奶龙
|-end|p2a: 长脖奶龙|Protosynthesis|[silent]
|
|win|DivineGabriel
|raw|DivineGabriel's rating: 1895 &rarr; <strong>1907</strong><br />(+12 for winning)
|raw|MunchlaxTheGodKing's rating: 1739 &rarr; <strong>1727</strong><br />(-12 for losing)
|l|☆DivineGabriel
|player|p1|
|l|☆MunchlaxTheGodKing
|player|p2|
|l| tiochicodobos
|l| cryyysneasel
