|j|☆Szpp
|j|☆LikeEmerald
|t:|1759077913
|gametype|singles
|player|p1|Szpp|101|1108
|player|p2|LikeEmerald|265|1120
|gen|9
|tier|[Gen 9] OU
|rated|
|rule|HP Percentage Mod: HP is shown in percentages
|rule|Endless Battle Clause: Forcing endless battles is banned
|rule|Species Clause: Limit one of each Pokémon
|rule|OHKO Clause: OHKO moves are banned
|rule|Evasion Items Clause: Evasion items are banned
|rule|Evasion Moves Clause: Evasion moves are banned
|rule|Evasion Abilities Clause: Evasion abilities are banned
|rule|Sleep Moves Clause: Sleep-inducing moves are banned
|clearpoke
|poke|p1|Greninja-*, M|
|poke|p1|Garchomp, F|
|poke|p1|Hatterene, F|
|poke|p1|Rillaboom, M|
|poke|p1|Skarmory, F|
|poke|p1|Hawlucha, M|
|poke|p2|Deoxys-Speed|
|poke|p2|Pikachu, F|
|poke|p2|Moltres|
|poke|p2|Haunter, F|
|poke|p2|Hydrapple, M|
|poke|p2|Empoleon, F|
|teampreview
|
|t:|1759077921
|teamsize|p1|6
|teamsize|p2|6
|start
|switch|p1a: Garchomp|Garchomp, F|100/100
|switch|p2a: Deoxys|Deoxys-Speed|100/100
|-ability|p2a: Deoxys|Pressure
|turn|1
|
|t:|1759077928
|move|p2a: Deoxys|Psycho Boost|p1a: Garchomp
|-damage|p1a: Garchomp|42/100
|-unboost|p2a: Deoxys|spa|2
|move|p1a: Garchomp|Stealth Rock|p2a: Deoxys
|-sidestart|p2: LikeEmerald|move: Stealth Rock
|
|upkeep
|turn|2
|
|t:|1759077935
|move|p2a: Deoxys|Psycho Boost|p1a: Garchomp|[miss]
|-miss|p2a: Deoxys|p1a: Garchomp
|move|p1a: Garchomp|Spikes|p2a: Deoxys
|-sidestart|p2: LikeEmerald|Spikes
|
|upkeep
|turn|3
|
|t:|1759077946
|switch|p2a: Haunter|Haunter, F|100/100
|-damage|p2a: Haunter|88/100|[from] Stealth Rock
|move|p1a: Garchomp|Spikes|p2a: Haunter
|-sidestart|p2: LikeEmerald|Spikes
|
|upkeep
|turn|4
|
|t:|1759077950
|move|p2a: Haunter|Icy Wind|p1a: Garchomp
|-supereffective|p1a: Garchomp
|-damage|p1a: Garchomp|0 fnt
|faint|p1a: Garchomp
|
|upkeep
|
|t:|1759077954
|switch|p1a: Skarmory|Skarmory, F|100/100
|turn|5
|
|t:|1759077962
|move|p2a: Haunter|Toxic Spikes|p1a: Skarmory
|-sidestart|p1: Szpp|move: Toxic Spikes
|move|p1a: Skarmory|Whirlwind|p2a: Haunter
|drag|p2a: Pikachu|Pikachu, F|100/100
|-damage|p2a: Pikachu|88/100|[from] Stealth Rock
|-damage|p2a: Pikachu|72/100|[from] Spikes
|
|upkeep
|turn|6
|
|t:|1759077968
|move|p2a: Pikachu|Volt Tackle|p1a: Skarmory
|-supereffective|p1a: Skarmory
|-damage|p1a: Skarmory|6/100
|-damage|p2a: Pikachu|55/100|[from] item: Rocky Helmet|[of] p1a: Skarmory
|-damage|p2a: Pikachu|6/100|[from] Recoil
|move|p1a: Skarmory|Spikes|p2a: Pikachu
|-sidestart|p2: LikeEmerald|Spikes
|
|upkeep
|turn|7
|
|t:|1759077974
|move|p2a: Pikachu|Knock Off|p1a: Skarmory
|-damage|p1a: Skarmory|0 fnt
|-damage|p2a: Pikachu|0 fnt|[from] item: Rocky Helmet|[of] p1a: Skarmory
|faint|p1a: Skarmory
|faint|p2a: Pikachu
|
|upkeep
|
|t:|1759077983
|switch|p2a: Deoxys|Deoxys-Speed|100/100
|switch|p1a: Rillaboom|Rillaboom, M|100/100
|-damage|p2a: Deoxys|88/100|[from] Stealth Rock
|-damage|p2a: Deoxys|63/100|[from] Spikes
|-ability|p2a: Deoxys|Pressure
|-status|p1a: Rillaboom|psn
|-fieldstart|move: Grassy Terrain|[from] ability: Grassy Surge|[of] p1a: Rillaboom
|turn|8
|
|t:|1759077986
|switch|p2a: Hydrapple|Hydrapple, M|100/100
|move|p1a: Rillaboom|U-turn|p2a: Hydrapple
|-supereffective|p2a: Hydrapple
|-damage|p2a: Hydrapple|64/100
|
|t:|1759077988
|switch|p1a: Hawlucha|Hawlucha, M|100/100|[from] U-turn
|-enditem|p1a: Hawlucha|Grassy Seed
|-boost|p1a: Hawlucha|def|1|[from] item: Grassy Seed
|
|-heal|p2a: Hydrapple|70/100|[from] Grassy Terrain
|upkeep
|turn|9
|
|t:|1759077997
|move|p1a: Hawlucha|Acrobatics|p2a: Hydrapple
|-supereffective|p2a: Hydrapple
|-damage|p2a: Hydrapple|0 fnt
|faint|p2a: Hydrapple
|
|upkeep
|
|t:|1759078005
|switch|p2a: Moltres|Moltres|100/100
|turn|10
|
|t:|1759078038
|switch|p1a: Hatterene|Hatterene, F|100/100
|-status|p1a: Hatterene|psn
|move|p2a: Moltres|Air Slash|p1a: Hatterene
|-damage|p1a: Hatterene|67/100 psn
|
|-heal|p1a: Hatterene|73/100 psn|[from] Grassy Terrain
|-heal|p1a: Hatterene|79/100 psn|[from] item: Leftovers
|-damage|p1a: Hatterene|67/100 psn|[from] psn
|upkeep
|turn|11
|
|t:|1759078056
|move|p2a: Moltres|Air Slash|p1a: Hatterene
|-damage|p1a: Hatterene|34/100 psn
|move|p1a: Hatterene|Draining Kiss|p2a: Moltres
|-resisted|p2a: Moltres
|-damage|p2a: Moltres|89/100
|-heal|p1a: Hatterene|44/100 psn|[from] drain|[of] p2a: Moltres
|
|-heal|p1a: Hatterene|50/100 psn|[from] Grassy Terrain
|-heal|p1a: Hatterene|56/100 psn|[from] item: Leftovers
|-damage|p1a: Hatterene|44/100 psn|[from] psn
|upkeep
|turn|12
|
|t:|1759078064
|move|p2a: Moltres|Air Slash|p1a: Hatterene
|-damage|p1a: Hatterene|9/100 psn
|cant|p1a: Hatterene|flinch
|
|-heal|p1a: Hatterene|15/100 psn|[from] Grassy Terrain
|-heal|p1a: Hatterene|21/100 psn|[from] item: Leftovers
|-damage|p1a: Hatterene|9/100 psn|[from] psn
|upkeep
|turn|13
|
|t:|1759078069
|move|p2a: Moltres|Flamethrower|p1a: Hatterene
|-damage|p1a: Hatterene|0 fnt
|faint|p1a: Hatterene
|
|upkeep
|
|t:|1759078072
|switch|p1a: Greninja|Greninja, M|100/100
|-status|p1a: Greninja|psn
|turn|14
|
|t:|1759078080
|switch|p2a: Deoxys|Deoxys-Speed|63/100
|-damage|p2a: Deoxys|51/100|[from] Stealth Rock
|-damage|p2a: Deoxys|26/100|[from] Spikes
|-ability|p2a: Deoxys|Pressure
|move|p1a: Greninja|Hydro Pump|p2a: Deoxys|[miss]
|-miss|p1a: Greninja|p2a: Deoxys
|
|-heal|p2a: Deoxys|32/100|[from] Grassy Terrain
|-damage|p1a: Greninja|88/100 psn|[from] psn
|upkeep
|turn|15
|
|t:|1759078088
|move|p1a: Greninja|Water Shuriken|p2a: Deoxys
|-damage|p2a: Deoxys|20/100
|-damage|p2a: Deoxys|7/100
|-damage|p2a: Deoxys|0 fnt
|faint|p2a: Deoxys
|-ability|p1a: Greninja|Battle Bond|boost
|-boost|p1a: Greninja|atk|1
|-boost|p1a: Greninja|spa|1
|-boost|p1a: Greninja|spe|1
|-activate|p1a: Greninja|ability: Battle Bond
|-hitcount|p2: Deoxys|3
|-damage|p1a: Greninja|78/100 psn|[from] item: Life Orb
|
|-heal|p1a: Greninja|84/100 psn|[from] Grassy Terrain
|-damage|p1a: Greninja|72/100 psn|[from] psn
|-fieldend|move: Grassy Terrain
|upkeep
|
|t:|1759078102
|switch|p2a: Empoleon|Empoleon, F|100/100
|-damage|p2a: Empoleon|94/100|[from] Stealth Rock
|-damage|p2a: Empoleon|69/100|[from] Spikes
|turn|16
|
|t:|1759078131
|move|p1a: Greninja|Hydro Pump|p2a: Empoleon
|-resisted|p2a: Empoleon
|-damage|p2a: Empoleon|13/100
|-damage|p1a: Greninja|62/100 psn|[from] item: Life Orb
|move|p2a: Empoleon|Surf|p1a: Greninja
|-resisted|p1a: Greninja
|-damage|p1a: Greninja|22/100 psn
|
|-damage|p1a: Greninja|9/100 psn|[from] psn
|upkeep
|turn|17
|
|t:|1759078138
|move|p2a: Empoleon|Protect|p2a: Empoleon
|-singleturn|p2a: Empoleon|Protect
|move|p1a: Greninja|Hydro Pump|p2a: Empoleon
|-activate|p2a: Empoleon|move: Protect
|
|-damage|p1a: Greninja|0 fnt|[from] psn
|faint|p1a: Greninja
|upkeep
|
|t:|1759078140
|switch|p1a: Rillaboom|Rillaboom, M|100/100 psn
|-fieldstart|move: Grassy Terrain|[from] ability: Grassy Surge|[of] p1a: Rillaboom
|turn|18
|
|t:|1759078148
|move|p2a: Empoleon|Protect||[still]
|-fail|p2a: Empoleon
|move|p1a: Rillaboom|Grassy Glide|p2a: Empoleon
|-damage|p2a: Empoleon|0 fnt
|faint|p2a: Empoleon
|
|-damage|p1a: Rillaboom|88/100 psn|[from] psn
|upkeep
|
|t:|1759078155
|switch|p2a: Haunter|Haunter, F|88/100
|-damage|p2a: Haunter|76/100|[from] Stealth Rock
|turn|19
|
|t:|1759078162
|move|p2a: Haunter|Icy Wind|p1a: Rillaboom
|-supereffective|p1a: Rillaboom
|-damage|p1a: Rillaboom|52/100 psn
|-unboost|p1a: Rillaboom|spe|1
|move|p1a: Rillaboom|U-turn|p2a: Haunter
|-resisted|p2a: Haunter
|-damage|p2a: Haunter|67/100
|
|t:|1759078164
|switch|p1a: Hawlucha|Hawlucha, M|100/100|[from] U-turn
|
|upkeep
|turn|20
|
|t:|1759078173
|move|p2a: Haunter|Icy Wind|p1a: Hawlucha
|-supereffective|p1a: Hawlucha
|-damage|p1a: Hawlucha|59/100
|-unboost|p1a: Hawlucha|spe|1
|move|p1a: Hawlucha|Acrobatics|p2a: Haunter
|-damage|p2a: Haunter|0 fnt
|faint|p2a: Haunter
|
|upkeep
|
|t:|1759078177
|switch|p2a: Moltres|Moltres|89/100
|turn|21
|
|t:|1759078185
|move|p2a: Moltres|Air Slash|p1a: Hawlucha
|-supereffective|p1a: Hawlucha
|-damage|p1a: Hawlucha|0 fnt
|faint|p1a: Hawlucha
|
|upkeep
|
|t:|1759078192
|switch|p1a: Rillaboom|Rillaboom, M|52/100 psn
|turn|22
|
|t:|1759078198
|-terastallize|p1a: Rillaboom|Grass
|move|p2a: Moltres|Flamethrower|p1a: Rillaboom
|-supereffective|p1a: Rillaboom
|-damage|p1a: Rillaboom|0 fnt
|faint|p1a: Rillaboom
|
|win|LikeEmerald
|raw|Szpp's rating: 1108 &rarr; <strong>1084</strong><br />(-24 for losing)
|raw|LikeEmerald's rating: 1120 &rarr; <strong>1144</strong><br />(+24 for winning)
|c|☆LikeEmerald|gg
|l|☆Szpp
|player|p1|
|j|☆Szpp
|player|p1|Szpp|101|
|l|☆Szpp
|player|p1|
|j|☆Szpp
|player|p1|Szpp|101|
|l|☆Szpp
|player|p1|
