|j|☆pakkji
|j|☆Retalon
|t:|1759024579
|gametype|singles
|player|p1|pakkji|170|1185
|player|p2|Retalon|102|1143
|gen|9
|tier|[Gen 9] OU
|rated|
|rule|HP Percentage Mod: HP is shown in percentages
|rule|Endless Battle Clause: Forcing endless battles is banned
|rule|Species Clause: Limit one of each Pokémon
|rule|OHKO Clause: OHKO moves are banned
|rule|Evasion Items Clause: Evasion items are banned
|rule|Evasion Moves Clause: Evasion moves are banned
|rule|Evasion Abilities Clause: Evasion abilities are banned
|rule|Sleep Moves Clause: Sleep-inducing moves are banned
|clearpoke
|poke|p1|Umbreon, M|
|poke|p1|Great Tusk|
|poke|p1|Corviknight, F|
|poke|p1|Slowking-Galar, M|
|poke|p1|Hydrapple, M|
|poke|p1|Florges, F|
|poke|p2|Ogerpon, F|
|poke|p2|Articuno-Galar|
|poke|p2|Arcanine-Hisui, M|
|poke|p2|Greninja-*, M|
|poke|p2|Conkeldurr, M|
|poke|p2|Gligar, M|
|teampreview
|inactive|Battle timer is ON: inactive players will automatically lose when time's up. (requested by pakkji)
|
|t:|1759024599
|teamsize|p1|6
|teamsize|p2|6
|start
|switch|p1a: Umbreon|Umbreon, M|100/100
|switch|p2a: Gligar|Gligar, M|100/100
|turn|1
|
|t:|1759024611
|switch|p1a: Corviknight|Corviknight, F|100/100
|-ability|p1a: Corviknight|Pressure
|move|p2a: Gligar|Stealth Rock|p1a: Corviknight
|-sidestart|p1: pakkji|move: Stealth Rock
|
|upkeep
|turn|2
|
|t:|1759024618
|move|p2a: Gligar|Knock Off|p1a: Corviknight
|-damage|p1a: Corviknight|90/100
|-damage|p2a: Gligar|84/100|[from] item: Rocky Helmet|[of] p1a: Corviknight
|-enditem|p1a: Corviknight|Rocky Helmet|[from] move: Knock Off|[of] p2a: Gligar
|move|p1a: Corviknight|Defog|p2a: Gligar
|-unboost|p2a: Gligar|evasion|1
|-sideend|p1: pakkji|Stealth Rock|[from] move: Defog|[of] p1a: Corviknight
|
|upkeep
|turn|3
|
|t:|1759024626
|move|p2a: Gligar|Stealth Rock|p1a: Corviknight
|-sidestart|p1: pakkji|move: Stealth Rock
|move|p1a: Corviknight|Iron Defense|p1a: Corviknight
|-boost|p1a: Corviknight|def|2
|
|upkeep
|turn|4
|
|t:|1759024632
|move|p2a: Gligar|Stealth Rock||[still]
|-fail|p2a: Gligar
|move|p1a: Corviknight|Defog|p2a: Gligar
|-unboost|p2a: Gligar|evasion|1
|-sideend|p1: pakkji|Stealth Rock|[from] move: Defog|[of] p1a: Corviknight
|
|upkeep
|turn|5
|
|t:|1759024640
|move|p2a: Gligar|Stealth Rock|p1a: Corviknight
|-sidestart|p1: pakkji|move: Stealth Rock
|move|p1a: Corviknight|Body Press|p2a: Gligar
|-resisted|p2a: Gligar
|-damage|p2a: Gligar|66/100
|
|upkeep
|turn|6
|
|t:|1759024663
|switch|p2a: Greninja|Greninja, M|100/100
|move|p1a: Corviknight|Defog|p2a: Greninja
|-unboost|p2a: Greninja|evasion|1
|-sideend|p1: pakkji|Stealth Rock|[from] move: Defog|[of] p1a: Corviknight
|
|upkeep
|turn|7
|
|t:|1759024670
|switch|p1a: Florges|Florges, F|100/100
|move|p2a: Greninja|Dark Pulse|p1a: Florges
|-resisted|p1a: Florges
|-damage|p1a: Florges|91/100
|
|-heal|p1a: Florges|97/100|[from] item: Leftovers
|upkeep
|turn|8
|
|t:|1759024676
|move|p2a: Greninja|Sludge Wave|p1a: Florges
|-supereffective|p1a: Florges
|-damage|p1a: Florges|68/100
|move|p1a: Florges|Alluring Voice|p2a: Greninja
|-supereffective|p2a: Greninja
|-damage|p2a: Greninja|6/100
|
|-heal|p1a: Florges|74/100|[from] item: Leftovers
|upkeep
|turn|9
|
|t:|1759024689
|switch|p2a: Arcanine|Arcanine-Hisui, M|100/100
|move|p1a: Florges|Protect||[still]
|-fail|p1a: Florges
|
|-heal|p1a: Florges|80/100|[from] item: Leftovers
|upkeep
|turn|10
|
|t:|1759024698
|switch|p1a: Umbreon|Umbreon, M|100/100
|move|p2a: Arcanine|Flare Blitz|p1a: Umbreon
|-damage|p1a: Umbreon|52/100
|
|-heal|p1a: Umbreon|58/100|[from] item: Leftovers
|upkeep
|turn|11
|
|t:|1759024704
|move|p1a: Umbreon|Protect|p1a: Umbreon
|-singleturn|p1a: Umbreon|Protect
|move|p2a: Arcanine|Head Smash|p1a: Umbreon
|-activate|p1a: Umbreon|move: Protect
|
|-heal|p1a: Umbreon|64/100|[from] item: Leftovers
|upkeep
|turn|12
|
|t:|1759024713
|switch|p1a: Hydrapple|Hydrapple, M|100/100
|move|p2a: Arcanine|Head Smash|p1a: Hydrapple|[miss]
|-miss|p2a: Arcanine|p1a: Hydrapple
|
|upkeep
|turn|13
|
|t:|1759024719
|move|p2a: Arcanine|Head Smash|p1a: Hydrapple|[miss]
|-miss|p2a: Arcanine|p1a: Hydrapple
|move|p1a: Hydrapple|Earth Power|p2a: Arcanine
|-supereffective|p2a: Arcanine
|-damage|p2a: Arcanine|0 fnt
|faint|p2a: Arcanine
|
|upkeep
|c|☆pakkji|xddx
|
|t:|1759024726
|switch|p2a: Greninja|Greninja, M|6/100
|turn|14
|
|t:|1759024732
|switch|p1a: Slowking|Slowking-Galar, M|100/100
|move|p2a: Greninja|Ice Beam|p1a: Slowking
|-damage|p1a: Slowking|87/100
|
|upkeep
|turn|15
|
|t:|1759024739
|move|p2a: Greninja|Dark Pulse|p1a: Slowking
|-supereffective|p1a: Slowking
|-crit|p1a: Slowking
|-damage|p1a: Slowking|36/100
|move|p1a: Slowking|Sludge Wave|p2a: Greninja
|-damage|p2a: Greninja|0 fnt
|faint|p2a: Greninja
|
|upkeep
|
|t:|1759024747
|switch|p2a: Articuno|Articuno-Galar|100/100
|turn|16
|
|t:|1759024757
|switch|p1a: Umbreon|Umbreon, M|64/100
|move|p2a: Articuno|Calm Mind|p2a: Articuno
|-boost|p2a: Articuno|spa|1
|-boost|p2a: Articuno|spd|1
|
|-heal|p1a: Umbreon|70/100|[from] item: Leftovers
|upkeep
|turn|17
|
|t:|1759024765
|move|p2a: Articuno|Air Slash|p1a: Umbreon
|-damage|p1a: Umbreon|37/100
|cant|p1a: Umbreon|flinch
|
|-heal|p1a: Umbreon|43/100|[from] item: Leftovers
|upkeep
|turn|18
|
|t:|1759024773
|move|p2a: Articuno|Air Slash|p1a: Umbreon
|-damage|p1a: Umbreon|13/100
|move|p1a: Umbreon|Toxic|p2a: Articuno
|-status|p2a: Articuno|tox
|
|-heal|p1a: Umbreon|19/100|[from] item: Leftovers
|-damage|p2a: Articuno|94/100 tox|[from] psn
|upkeep
|turn|19
|
|t:|1759024781
|move|p1a: Umbreon|Protect|p1a: Umbreon
|-singleturn|p1a: Umbreon|Protect
|move|p2a: Articuno|Calm Mind|p2a: Articuno
|-boost|p2a: Articuno|spa|1
|-boost|p2a: Articuno|spd|1
|
|-heal|p1a: Umbreon|25/100|[from] item: Leftovers
|-damage|p2a: Articuno|82/100 tox|[from] psn
|upkeep
|turn|20
|
|t:|1759024789
|switch|p1a: Slowking|Slowking-Galar, M|69/100
|move|p2a: Articuno|Air Slash|p1a: Slowking
|-damage|p1a: Slowking|35/100
|
|-damage|p2a: Articuno|64/100 tox|[from] psn
|upkeep
|turn|21
|
|t:|1759024796
|switch|p1a: Florges|Florges, F|80/100
|move|p2a: Articuno|Air Slash|p1a: Florges
|-damage|p1a: Florges|35/100
|
|-heal|p1a: Florges|41/100|[from] item: Leftovers
|-damage|p2a: Articuno|40/100 tox|[from] psn
|upkeep
|turn|22
|
|t:|1759024803
|move|p1a: Florges|Protect|p1a: Florges
|-singleturn|p1a: Florges|Protect
|move|p2a: Articuno|Stored Power|p1a: Florges
|-activate|p1a: Florges|move: Protect
|
|-heal|p1a: Florges|47/100|[from] item: Leftovers
|-damage|p2a: Articuno|10/100 tox|[from] psn
|upkeep
|turn|23
|
|t:|1759024811
|switch|p1a: Umbreon|Umbreon, M|25/100
|move|p2a: Articuno|Air Slash|p1a: Umbreon
|-damage|p1a: Umbreon|0 fnt
|faint|p1a: Umbreon
|
|-damage|p2a: Articuno|0 fnt|[from] psn
|faint|p2a: Articuno
|upkeep
|
|t:|1759024821
|switch|p2a: Ogerpon|Ogerpon, F|100/100
|switch|p1a: Corviknight|Corviknight, F|90/100
|-ability|p1a: Corviknight|Pressure
|turn|24
|
|t:|1759024826
|move|p2a: Ogerpon|Swords Dance|p2a: Ogerpon
|-boost|p2a: Ogerpon|atk|2
|move|p1a: Corviknight|Iron Defense|p1a: Corviknight
|-boost|p1a: Corviknight|def|2
|
|upkeep
|turn|25
|
|t:|1759024831
|move|p2a: Ogerpon|Swords Dance|p2a: Ogerpon
|-boost|p2a: Ogerpon|atk|2
|move|p1a: Corviknight|Iron Defense|p1a: Corviknight
|-boost|p1a: Corviknight|def|2
|
|upkeep
|turn|26
|
|t:|1759024836
|move|p2a: Ogerpon|Swords Dance|p2a: Ogerpon
|-boost|p2a: Ogerpon|atk|2
|move|p1a: Corviknight|Iron Defense|p1a: Corviknight
|-boost|p1a: Corviknight|def|2
|
|upkeep
|turn|27
|
|t:|1759024848
|-terastallize|p2a: Ogerpon|Grass
|detailschange|p2a: Ogerpon|Ogerpon-Teal-Tera, F, tera:Grass
|-ability|p2a: Ogerpon|Embody Aspect (Teal)|boost
|-boost|p2a: Ogerpon|spe|1
|move|p2a: Ogerpon|Brick Break|p1a: Corviknight
|-damage|p1a: Corviknight|75/100
|move|p1a: Corviknight|Body Press|p2a: Ogerpon
|-enditem|p2a: Ogerpon|Focus Sash
|-damage|p2a: Ogerpon|1/100
|
|upkeep
|turn|28
|
|t:|1759024860
|switch|p2a: Gligar|Gligar, M|66/100
|move|p1a: Corviknight|Body Press|p2a: Gligar
|-resisted|p2a: Gligar
|-damage|p2a: Gligar|29/100
|
|upkeep
|turn|29
|-message|Retalon forfeited.
|
|win|pakkji
|raw|pakkji's rating: 1185 &rarr; <strong>1207</strong><br />(+22 for winning)
|raw|Retalon's rating: 1143 &rarr; <strong>1121</strong><br />(-22 for losing)
|l|☆Retalon
|player|p2|
|l|☆pakkji
|player|p1|
