|j|☆Shibuya Arc
|j|☆TRIPLE RILABOOM
|t:|1758927274
|gametype|singles
|player|p1|Shibuya Arc|265|1542
|player|p2|TRIPLE RILABOOM|lucas|1554
|gen|9
|tier|[Gen 9] OU
|rated|
|rule|HP Percentage Mod: HP is shown in percentages
|rule|Endless Battle Clause: Forcing endless battles is banned
|rule|Species Clause: Limit one of each Pokémon
|rule|OHKO Clause: OHKO moves are banned
|rule|Evasion Items Clause: Evasion items are banned
|rule|Evasion Moves Clause: Evasion moves are banned
|rule|Evasion Abilities Clause: Evasion abilities are banned
|rule|Sleep Moves Clause: Sleep-inducing moves are banned
|clearpoke
|poke|p1|Dragapult, F|
|poke|p1|Dragonite, F|
|poke|p1|Ting-Lu|
|poke|p1|Weezing-Galar, F|
|poke|p1|Iron Crown|
|poke|p1|Zapdos|
|poke|p2|Rillaboom, M|
|poke|p2|Ursaluna, F|
|poke|p2|Raging Bolt|
|poke|p2|Kyurem|
|poke|p2|Iron Treads|
|poke|p2|Keldeo-Resolute|
|teampreview
|inactive|Battle timer is ON: inactive players will automatically lose when time's up. (requested by TRIPLE RILABOOM)
|
|t:|1758927283
|teamsize|p1|6
|teamsize|p2|6
|start
|switch|p1a: Iron Crown|Iron Crown|100/100
|switch|p2a: Keldeo|Keldeo-Resolute|100/100
|turn|1
|inactive|Shibuya Arc also wants the timer to be on.
|
|t:|1758927289
|-end|p1a: Iron Crown|Quark Drive|[silent]
|switch|p1a: Dragonite|Dragonite, F|100/100
|move|p2a: Keldeo|Flip Turn|p1a: Dragonite
|-resisted|p1a: Dragonite
|-damage|p1a: Dragonite|97/100
|
|t:|1758927291
|switch|p2a: Kyurem|Kyurem, shiny|100/100|[from] Flip Turn
|-ability|p2a: Kyurem|Pressure
|
|upkeep
|turn|2
|
|t:|1758927297
|switch|p1a: Iron Crown|Iron Crown|100/100
|move|p2a: Kyurem|Scale Shot|p1a: Iron Crown
|-resisted|p1a: Iron Crown
|-damage|p1a: Iron Crown|93/100
|-resisted|p1a: Iron Crown
|-damage|p1a: Iron Crown|86/100
|-resisted|p1a: Iron Crown
|-damage|p1a: Iron Crown|77/100
|-resisted|p1a: Iron Crown
|-damage|p1a: Iron Crown|70/100
|-resisted|p1a: Iron Crown
|-damage|p1a: Iron Crown|62/100
|-hitcount|p1a: Iron Crown|5
|-unboost|p2a: Kyurem|def|1
|-boost|p2a: Kyurem|spe|1
|
|upkeep
|turn|3
|
|t:|1758927307
|-end|p1a: Iron Crown|Quark Drive|[silent]
|switch|p1a: Ting-Lu|Ting-Lu|100/100
|-ability|p1a: Ting-Lu|Vessel of Ruin
|-terastallize|p2a: Kyurem|Fire
|move|p2a: Kyurem|Dragon Dance|p2a: Kyurem
|-boost|p2a: Kyurem|atk|1
|-boost|p2a: Kyurem|spe|1
|
|upkeep
|turn|4
|
|t:|1758927313
|move|p2a: Kyurem|Icicle Spear|p1a: Ting-Lu
|-supereffective|p1a: Ting-Lu
|-damage|p1a: Ting-Lu|78/100
|-supereffective|p1a: Ting-Lu
|-damage|p1a: Ting-Lu|54/100
|-supereffective|p1a: Ting-Lu
|-damage|p1a: Ting-Lu|29/100
|-supereffective|p1a: Ting-Lu
|-damage|p1a: Ting-Lu|4/100
|-supereffective|p1a: Ting-Lu
|-damage|p1a: Ting-Lu|0 fnt
|faint|p1a: Ting-Lu
|-hitcount|p1: Ting-Lu|5
|
|upkeep
|
|t:|1758927320
|switch|p1a: Dragonite|Dragonite, F|97/100
|turn|5
|
|t:|1758927326
|-terastallize|p1a: Dragonite|Normal
|move|p2a: Kyurem|Icicle Spear|p1a: Dragonite
|-crit|p1a: Dragonite
|-damage|p1a: Dragonite|66/100
|-damage|p1a: Dragonite|44/100
|-damage|p1a: Dragonite|22/100
|-damage|p1a: Dragonite|0 fnt
|faint|p1a: Dragonite
|-hitcount|p1: Dragonite|4
|
|upkeep
|
|t:|1758927332
|switch|p1a: Weezing|Weezing-Galar, F|100/100
|-ability|p1a: Weezing|Neutralizing Gas
|turn|6
|
|t:|1758927341
|move|p2a: Kyurem|Dragon Dance|p2a: Kyurem
|-boost|p2a: Kyurem|atk|1
|-boost|p2a: Kyurem|spe|1
|move|p1a: Weezing|Pain Split|p2a: Kyurem
|-sethp|p2a: Kyurem|93/100|[from] move: Pain Split|[silent]
|-sethp|p1a: Weezing|100/100|[from] move: Pain Split
|
|upkeep
|turn|7
|
|t:|1758927347
|move|p2a: Kyurem|Icicle Spear|p1a: Weezing
|-damage|p1a: Weezing|82/100
|-damage|p1a: Weezing|62/100
|-damage|p1a: Weezing|42/100
|-crit|p1a: Weezing
|-damage|p1a: Weezing|13/100
|-damage|p1a: Weezing|0 fnt
|faint|p1a: Weezing
|-end|p1a: Weezing|ability: Neutralizing Gas
|-ability|p2a: Kyurem|Pressure
|-hitcount|p1: Weezing|5
|
|upkeep
|
|t:|1758927353
|switch|p1a: Zapdos|Zapdos|100/100
|turn|8
|
|t:|1758927359
|switch|p1a: Iron Crown|Iron Crown|62/100
|move|p2a: Kyurem|Scale Shot|p1a: Iron Crown|[miss]
|-miss|p2a: Kyurem|p1a: Iron Crown
|
|upkeep
|turn|9
|
|t:|1758927364
|-end|p1a: Iron Crown|Quark Drive|[silent]
|switch|p1a: Dragapult|Dragapult, F|100/100
|move|p2a: Kyurem|Tera Blast|p1a: Dragapult|[anim] Tera Blast Fire
|-resisted|p1a: Dragapult
|-damage|p1a: Dragapult|36/100
|-start|p2a: Kyurem|Disable|Tera Blast|[from] ability: Cursed Body|[of] p1a: Dragapult
|
|upkeep
|turn|10
|
|t:|1758927370
|switch|p1a: Zapdos|Zapdos|100/100
|move|p2a: Kyurem|Icicle Spear|p1a: Zapdos
|-supereffective|p1a: Zapdos
|-damage|p1a: Zapdos|27/100
|-supereffective|p1a: Zapdos
|-damage|p1a: Zapdos|0 fnt
|faint|p1a: Zapdos
|-hitcount|p1: Zapdos|2
|
|upkeep
|
|t:|1758927376
|switch|p1a: Iron Crown|Iron Crown|62/100
|turn|11
|
|t:|1758927381
|move|p2a: Kyurem|Icicle Spear|p1a: Iron Crown
|-resisted|p1a: Iron Crown
|-damage|p1a: Iron Crown|46/100
|-resisted|p1a: Iron Crown
|-damage|p1a: Iron Crown|32/100
|-resisted|p1a: Iron Crown
|-damage|p1a: Iron Crown|15/100
|-resisted|p1a: Iron Crown
|-damage|p1a: Iron Crown|0 fnt
|faint|p1a: Iron Crown
|-end|p1a: Iron Crown|Quark Drive|[silent]
|-hitcount|p1: Iron Crown|4
|
|upkeep
|
|t:|1758927386
|switch|p1a: Dragapult|Dragapult, F|36/100
|turn|12
|
|t:|1758927389
|move|p2a: Kyurem|Scale Shot|p1a: Dragapult
|-supereffective|p1a: Dragapult
|-damage|p1a: Dragapult|0 fnt
|faint|p1a: Dragapult
|-hitcount|p1: Dragapult|1
|
|win|TRIPLE RILABOOM
|raw|Shibuya Arc's rating: 1542 &rarr; <strong>1523</strong><br />(-19 for losing)
|raw|TRIPLE RILABOOM's rating: 1554 &rarr; <strong>1573</strong><br />(+19 for winning)
