|j|☆nosymegahugo
|j|☆Paradox Luxray
|t:|1759030029
|gametype|singles
|player|p1|nosymegahugo|265|1135
|player|p2|Paradox Luxray|colress|1185
|gen|9
|tier|[Gen 9] OU
|rated|
|rule|HP Percentage Mod: HP is shown in percentages
|rule|Endless Battle Clause: Forcing endless battles is banned
|rule|Species Clause: Limit one of each Pokémon
|rule|OHKO Clause: OHKO moves are banned
|rule|Evasion Items Clause: Evasion items are banned
|rule|Evasion Moves Clause: Evasion moves are banned
|rule|Evasion Abilities Clause: Evasion abilities are banned
|rule|Sleep Moves Clause: Sleep-inducing moves are banned
|clearpoke
|poke|p1|Ninetales, M|
|poke|p1|Charizard, F|
|poke|p1|Venusaur, F|
|poke|p1|Tentacruel, M|
|poke|p1|Clefable, F|
|poke|p1|Dragonite, M|
|poke|p2|Iron Moth|
|poke|p2|Slowking-Galar, F|
|poke|p2|Dragonite, F|
|poke|p2|Kingambit, F|
|poke|p2|Quaquaval, M|
|poke|p2|Landorus-Therian, M|
|teampreview
|inactive|Battle timer is ON: inactive players will automatically lose when time's up. (requested by nosymegahugo)
|
|t:|1759030039
|teamsize|p1|6
|teamsize|p2|6
|start
|switch|p1a: Ninetales|Ninetales, M|100/100
|switch|p2a: Quaquaval|Quaquaval, M|100/100
|-weather|SunnyDay|[from] ability: Drought|[of] p1a: Ninetales
|turn|1
|
|t:|1759030044
|move|p1a: Ninetales|Overheat|p2a: Quaquaval
|-resisted|p2a: Quaquaval
|-damage|p2a: Quaquaval|75/100
|-unboost|p1a: Ninetales|spa|2
|-enditem|p1a: Ninetales|Eject Pack
|
|t:|1759030048
|switch|p1a: Venusaur|Venusaur, F|100/100
|move|p2a: Quaquaval|Aqua Step|p1a: Venusaur
|-resisted|p1a: Venusaur
|-damage|p1a: Venusaur|88/100
|-boost|p2a: Quaquaval|spe|1
|
|-weather|SunnyDay|[upkeep]
|upkeep
|turn|2
|
|t:|1759030064
|switch|p2a: Iron Moth|Iron Moth|100/100
|move|p1a: Venusaur|Giga Drain|p2a: Iron Moth
|-resisted|p2a: Iron Moth
|-damage|p2a: Iron Moth|89/100
|-heal|p1a: Venusaur|94/100|[from] drain|[of] p2a: Iron Moth
|-damage|p1a: Venusaur|84/100|[from] item: Life Orb
|
|-weather|SunnyDay|[upkeep]
|upkeep
|turn|3
|
|t:|1759030091
|switch|p1a: Tentacruel|Tentacruel, M|100/100
|move|p2a: Iron Moth|Overheat|p1a: Tentacruel
|-resisted|p1a: Tentacruel
|-damage|p1a: Tentacruel|55/100
|-unboost|p2a: Iron Moth|spa|2
|
|-weather|SunnyDay|[upkeep]
|upkeep
|turn|4
|
|t:|1759030106
|-end|p2a: Iron Moth|Quark Drive|[silent]
|switch|p2a: Slowking|Slowking-Galar, F|100/100
|move|p1a: Tentacruel|Flip Turn|p2a: Slowking
|-damage|p2a: Slowking|93/100
|
|t:|1759030112
|switch|p1a: Clefable|Clefable, F|100/100|[from] Flip Turn
|
|-weather|SunnyDay|[upkeep]
|upkeep
|turn|5
|
|t:|1759030117
|move|p1a: Clefable|Stealth Rock|p2a: Slowking
|-sidestart|p2: Paradox Luxray|move: Stealth Rock
|move|p2a: Slowking|Sludge Bomb|p1a: Clefable
|-supereffective|p1a: Clefable
|-damage|p1a: Clefable|35/100
|
|-weather|none
|upkeep
|turn|6
|
|t:|1759030126
|switch|p1a: Tentacruel|Tentacruel, M|55/100
|move|p2a: Slowking|Future Sight|p1a: Tentacruel
|-start|p2a: Slowking|move: Future Sight
|
|upkeep
|turn|7
|
|t:|1759030132
|move|p1a: Tentacruel|Flip Turn|p2a: Slowking
|-damage|p2a: Slowking|76/100
|
|t:|1759030134
|switch|p1a: Ninetales|Ninetales, M|100/100|[from] Flip Turn
|-weather|SunnyDay|[from] ability: Drought|[of] p1a: Ninetales
|move|p2a: Slowking|Psychic Noise|p1a: Ninetales
|-damage|p1a: Ninetales|74/100
|-start|p1a: Ninetales|move: Heal Block
|
|-weather|SunnyDay|[upkeep]
|upkeep
|turn|8
|
|t:|1759030148
|switch|p2a: Landorus|Landorus-Therian, M|100/100
|-damage|p2a: Landorus|88/100|[from] Stealth Rock
|-ability|p2a: Landorus|Intimidate|boost
|-unboost|p1a: Ninetales|atk|1
|move|p1a: Ninetales|Substitute|p1a: Ninetales
|-start|p1a: Ninetales|Substitute
|-damage|p1a: Ninetales|49/100
|
|-weather|SunnyDay|[upkeep]
|-end|p1a: Ninetales|move: Future Sight
|-end|p1a: Ninetales|Substitute
|-end|p1a: Ninetales|move: Heal Block
|upkeep
|turn|9
|
|t:|1759030158
|move|p1a: Ninetales|Healing Wish|p1a: Ninetales
|faint|p1a: Ninetales
|move|p2a: Landorus|Earth Power|p1: Ninetales|[notarget]
|-fail|p2a: Landorus
|
|-weather|SunnyDay|[upkeep]
|upkeep
|
|t:|1759030161
|switch|p1a: Charizard|Charizard, F|100/100
|turn|10
|
|t:|1759030164
|move|p1a: Charizard|Overheat|p2a: Landorus
|-damage|p2a: Landorus|0 fnt
|-unboost|p1a: Charizard|spa|2
|faint|p2a: Landorus
|-enditem|p1a: Charizard|Eject Pack
|
|t:|1759030167
|switch|p1a: Clefable|Clefable, F|35/100
|-heal|p1a: Clefable|100/100|[from] move: Healing Wish
|
|-weather|SunnyDay|[upkeep]
|upkeep
|
|t:|1759030176
|switch|p2a: Kingambit|Kingambit, F|100/100
|-damage|p2a: Kingambit|94/100|[from] Stealth Rock
|-activate|p2a: Kingambit|ability: Supreme Overlord
|-start|p2a: Kingambit|fallen1|[silent]
|turn|11
|
|t:|1759030182
|move|p2a: Kingambit|Swords Dance|p2a: Kingambit
|-boost|p2a: Kingambit|atk|2
|move|p1a: Clefable|Flamethrower|p2a: Kingambit
|-supereffective|p2a: Kingambit
|-damage|p2a: Kingambit|13/100
|
|-weather|none
|-heal|p2a: Kingambit|19/100|[from] item: Leftovers
|upkeep
|turn|12
|
|t:|1759030194
|move|p2a: Kingambit|Iron Head|p1a: Clefable
|-supereffective|p1a: Clefable
|-damage|p1a: Clefable|0 fnt
|faint|p1a: Clefable
|
|-heal|p2a: Kingambit|25/100|[from] item: Leftovers
|upkeep
|
|t:|1759030197
|switch|p1a: Dragonite|Dragonite, M|100/100
|turn|13
|
|t:|1759030205
|move|p1a: Dragonite|Earthquake|p2a: Kingambit
|-supereffective|p2a: Kingambit
|-damage|p2a: Kingambit|0 fnt
|faint|p2a: Kingambit
|-end|p2a: Kingambit|fallen1|[silent]
|
|upkeep
|inactive|Paradox Luxray has 120 seconds left.
|
|t:|1759030248
|switch|p2a: Dragonite|Dragonite, F|100/100
|turn|14
|
|t:|1759030254
|move|p1a: Dragonite|Ice Spinner|p2a: Dragonite
|-supereffective|p2a: Dragonite
|-damage|p2a: Dragonite|26/100
|move|p2a: Dragonite|Ice Spinner|p1a: Dragonite
|-supereffective|p1a: Dragonite
|-damage|p1a: Dragonite|27/100
|
|upkeep
|turn|15
|
|t:|1759030261
|-terastallize|p2a: Dragonite|Normal
|move|p1a: Dragonite|Extreme Speed|p2a: Dragonite
|-damage|p2a: Dragonite|0 fnt
|faint|p2a: Dragonite
|
|upkeep
|
|t:|1759030267
|switch|p2a: Quaquaval|Quaquaval, M|75/100
|-damage|p2a: Quaquaval|69/100|[from] Stealth Rock
|turn|16
|
|t:|1759030279
|switch|p1a: Tentacruel|Tentacruel, M|55/100
|move|p2a: Quaquaval|Knock Off|p1a: Tentacruel
|-damage|p1a: Tentacruel|13/100
|-enditem|p1a: Tentacruel|Assault Vest|[from] move: Knock Off|[of] p2a: Quaquaval
|
|upkeep
|turn|17
|
|t:|1759030287
|move|p2a: Quaquaval|Rapid Spin|p1a: Tentacruel
|-damage|p1a: Tentacruel|0 fnt
|-boost|p2a: Quaquaval|spe|1
|-sideend|p2: Paradox Luxray|Stealth Rock|[from] move: Rapid Spin|[of] p2a: Quaquaval
|faint|p1a: Tentacruel
|-ability|p2a: Quaquaval|Moxie|boost
|-boost|p2a: Quaquaval|atk|1
|
|upkeep
|
|t:|1759030289
|switch|p1a: Venusaur|Venusaur, F|84/100
|turn|18
|
|t:|1759030303
|switch|p2a: Iron Moth|Iron Moth|89/100
|move|p1a: Venusaur|Giga Drain|p2a: Iron Moth
|-resisted|p2a: Iron Moth
|-damage|p2a: Iron Moth|77/100
|-heal|p1a: Venusaur|90/100|[from] drain|[of] p2a: Iron Moth
|-damage|p1a: Venusaur|80/100|[from] item: Life Orb
|
|upkeep
|turn|19
|
|t:|1759030313
|switch|p1a: Charizard|Charizard, F|100/100
|move|p2a: Iron Moth|Sludge Wave|p1a: Charizard
|-damage|p1a: Charizard|0 fnt
|faint|p1a: Charizard
|
|upkeep
|
|t:|1759030319
|switch|p1a: Dragonite|Dragonite, M|27/100
|turn|20
|
|t:|1759030322
|-terastallize|p1a: Dragonite|Normal
|move|p1a: Dragonite|Extreme Speed|p2a: Iron Moth
|-damage|p2a: Iron Moth|0 fnt
|faint|p2a: Iron Moth
|-end|p2a: Iron Moth|Quark Drive|[silent]
|
|upkeep
|
|t:|1759030339
|switch|p2a: Quaquaval|Quaquaval, M|69/100
|turn|21
|
|t:|1759030343
|switch|p1a: Venusaur|Venusaur, F|80/100
|move|p2a: Quaquaval|Aqua Step|p1a: Venusaur
|-resisted|p1a: Venusaur
|-damage|p1a: Venusaur|54/100
|-boost|p2a: Quaquaval|spe|1
|
|upkeep
|turn|22
|
|t:|1759030349
|switch|p2a: Slowking|Slowking-Galar, F|100/100
|move|p1a: Venusaur|Giga Drain|p2a: Slowking
|-resisted|p2a: Slowking
|-damage|p2a: Slowking|88/100
|-heal|p1a: Venusaur|62/100|[from] drain|[of] p2a: Slowking
|-damage|p1a: Venusaur|52/100|[from] item: Life Orb
|
|upkeep
|turn|23
|
|t:|1759030355
|move|p1a: Venusaur|Sludge Bomb|p2a: Slowking
|-resisted|p2a: Slowking
|-damage|p2a: Slowking|72/100
|-damage|p1a: Venusaur|42/100|[from] item: Life Orb
|move|p2a: Slowking|Future Sight|p1a: Venusaur
|-start|p2a: Slowking|move: Future Sight
|
|upkeep
|turn|24
|
|t:|1759030359
|move|p1a: Venusaur|Weather Ball|p2a: Slowking
|-damage|p2a: Slowking|59/100
|-damage|p1a: Venusaur|32/100|[from] item: Life Orb
|move|p2a: Slowking|Psychic Noise|p1a: Venusaur
|-supereffective|p1a: Venusaur
|-damage|p1a: Venusaur|0 fnt
|faint|p1a: Venusaur
|
|upkeep
|
|t:|1759030362
|switch|p1a: Dragonite|Dragonite, M, tera:Normal|27/100
|turn|25
|
|t:|1759030366
|move|p1a: Dragonite|Earthquake|p2a: Slowking
|-supereffective|p2a: Slowking
|-damage|p2a: Slowking|0 fnt
|faint|p2a: Slowking
|
|-end|p1a: Dragonite|move: Future Sight
|-damage|p1a: Dragonite|0 fnt
|faint|p1a: Dragonite
|
|win|Paradox Luxray
|raw|nosymegahugo's rating: 1135 &rarr; <strong>1114</strong><br />(-21 for losing)
|raw|Paradox Luxray's rating: 1185 &rarr; <strong>1206</strong><br />(+21 for winning)
