|j|☆Buttologist
|j|☆m3rch3r
|t:|1758945830
|gametype|singles
|player|p1|Buttologist|beauty-gen6xy|1323
|player|p2|m3rch3r|veteranf|1319
|gen|9
|tier|[Gen 9] OU
|rated|
|rule|HP Percentage Mod: HP is shown in percentages
|rule|Endless Battle Clause: Forcing endless battles is banned
|rule|Species Clause: Limit one of each Pokémon
|rule|OHKO Clause: OHKO moves are banned
|rule|Evasion Items Clause: Evasion items are banned
|rule|Evasion Moves Clause: Evasion moves are banned
|rule|Evasion Abilities Clause: Evasion abilities are banned
|rule|Sleep Moves Clause: Sleep-inducing moves are banned
|clearpoke
|poke|p1|Iron Valiant|
|poke|p1|Great Tusk|
|poke|p1|Dragonite, M|
|poke|p1|Deoxys-Speed|
|poke|p1|Glimmora, M|
|poke|p1|Kingambit, M|
|poke|p2|Weavile, M|
|poke|p2|Garganacl, M|
|poke|p2|Gholdengo|
|poke|p2|Slowking-Galar, M|
|poke|p2|Walking Wake|
|poke|p2|Cinderace, M|
|teampreview
|inactive|Battle timer is ON: inactive players will automatically lose when time's up. (requested by m3rch3r)
|inactive|Buttologist also wants the timer to be on.
|
|t:|1758945855
|teamsize|p1|6
|teamsize|p2|6
|start
|switch|p1a: Deoxys|Deoxys-Speed|100/100
|switch|p2a: Garganacl|Garganacl, M|100/100
|-ability|p1a: Deoxys|Pressure
|turn|1
|
|t:|1758945868
|switch|p1a: Glimmora|Glimmora, M|100/100
|move|p2a: Garganacl|Stealth Rock|p1a: Glimmora
|-sidestart|p1: Buttologist|move: Stealth Rock
|
|upkeep
|turn|2
|
|t:|1758945874
|move|p1a: Glimmora|Mortal Spin|p2a: Garganacl
|-resisted|p2a: Garganacl
|-damage|p2a: Garganacl|99/100
|-sideend|p1: Buttologist|Stealth Rock|[from] move: Mortal Spin|[of] p1a: Glimmora
|move|p2a: Garganacl|Salt Cure|p1a: Glimmora
|-damage|p1a: Glimmora|85/100
|-start|p1a: Glimmora|Salt Cure
|-activate|p1a: Glimmora|ability: Toxic Debris
|-sidestart|p2: m3rch3r|move: Toxic Spikes
|
|-heal|p2a: Garganacl|100/100|[from] item: Leftovers
|-damage|p1a: Glimmora|72/100|[from] Salt Cure
|upkeep
|turn|3
|
|t:|1758945882
|move|p1a: Glimmora|Stealth Rock|p2a: Garganacl
|-sidestart|p2: m3rch3r|move: Stealth Rock
|move|p2a: Garganacl|Stealth Rock|p1a: Glimmora
|-sidestart|p1: Buttologist|move: Stealth Rock
|
|-damage|p1a: Glimmora|60/100|[from] Salt Cure
|upkeep
|turn|4
|
|t:|1758945903
|switch|p2a: Slowking|Slowking-Galar, M|100/100
|-sideend|p2: m3rch3r|move: Toxic Spikes|[of] p2a: Slowking
|-damage|p2a: Slowking|88/100|[from] Stealth Rock
|move|p1a: Glimmora|Meteor Beam||[still]
|-prepare|p1a: Glimmora|Meteor Beam
|-boost|p1a: Glimmora|spa|1
|-enditem|p1a: Glimmora|Power Herb
|-anim|p1a: Glimmora|Meteor Beam|p2a: Slowking
|-damage|p2a: Slowking|19/100
|
|-damage|p1a: Glimmora|47/100|[from] Salt Cure
|upkeep
|turn|5
|
|t:|1758945915
|switch|p2a: Gholdengo|Gholdengo|100/100
|-damage|p2a: Gholdengo|94/100|[from] Stealth Rock
|-item|p2a: Gholdengo|Air Balloon
|move|p1a: Glimmora|Earth Power|p2a: Gholdengo
|-immune|p2a: Gholdengo
|
|-damage|p1a: Glimmora|35/100|[from] Salt Cure
|upkeep
|turn|6
|
|t:|1758945925
|switch|p1a: Kingambit|Kingambit, M|100/100
|-damage|p1a: Kingambit|94/100|[from] Stealth Rock
|move|p2a: Gholdengo|Thunder Wave|p1a: Kingambit|[miss]
|-miss|p2a: Gholdengo|p1a: Kingambit
|
|upkeep
|turn|7
|
|t:|1758945947
|switch|p2a: Garganacl|Garganacl, M|100/100
|-damage|p2a: Garganacl|88/100|[from] Stealth Rock
|-end|p1a: Kingambit|fallenundefined|[silent]
|switch|p1a: Glimmora|Glimmora, M|35/100
|-damage|p1a: Glimmora|23/100|[from] Stealth Rock
|
|-heal|p2a: Garganacl|94/100|[from] item: Leftovers
|upkeep
|turn|8
|
|t:|1758945955
|move|p1a: Glimmora|Mortal Spin|p2a: Garganacl
|-resisted|p2a: Garganacl
|-damage|p2a: Garganacl|93/100
|-sideend|p1: Buttologist|Stealth Rock|[from] move: Mortal Spin|[of] p1a: Glimmora
|move|p2a: Garganacl|Salt Cure|p1a: Glimmora
|-damage|p1a: Glimmora|5/100
|-start|p1a: Glimmora|Salt Cure
|-activate|p1a: Glimmora|ability: Toxic Debris
|-sidestart|p2: m3rch3r|move: Toxic Spikes
|
|-heal|p2a: Garganacl|99/100|[from] item: Leftovers
|-damage|p1a: Glimmora|0 fnt|[from] Salt Cure
|faint|p1a: Glimmora
|upkeep
|
|t:|1758945962
|switch|p1a: Great Tusk|Great Tusk|100/100
|-enditem|p1a: Great Tusk|Booster Energy
|-activate|p1a: Great Tusk|ability: Protosynthesis|[fromitem]
|-start|p1a: Great Tusk|protosynthesisspe
|turn|9
|
|t:|1758945977
|move|p1a: Great Tusk|Head Smash|p2a: Garganacl|[miss]
|-miss|p1a: Great Tusk|p2a: Garganacl
|move|p2a: Garganacl|Curse|p2a: Garganacl
|-unboost|p2a: Garganacl|spe|1
|-boost|p2a: Garganacl|atk|1
|-boost|p2a: Garganacl|def|1
|
|-heal|p2a: Garganacl|100/100|[from] item: Leftovers
|upkeep
|turn|10
|
|t:|1758945987
|move|p1a: Great Tusk|Taunt|p2a: Garganacl
|-start|p2a: Garganacl|move: Taunt
|move|p2a: Garganacl|Salt Cure|p1a: Great Tusk
|-resisted|p1a: Great Tusk
|-damage|p1a: Great Tusk|97/100
|-start|p1a: Great Tusk|Salt Cure
|
|-damage|p1a: Great Tusk|85/100|[from] Salt Cure
|upkeep
|turn|11
|
|t:|1758945997
|move|p1a: Great Tusk|Bulk Up|p1a: Great Tusk
|-boost|p1a: Great Tusk|atk|1
|-boost|p1a: Great Tusk|def|1
|move|p2a: Garganacl|Salt Cure|p1a: Great Tusk
|-resisted|p1a: Great Tusk
|-damage|p1a: Great Tusk|83/100
|
|-damage|p1a: Great Tusk|70/100|[from] Salt Cure
|upkeep
|turn|12
|
|t:|1758946017
|switch|p2a: Walking Wake|Walking Wake|100/100
|-damage|p2a: Walking Wake|88/100|[from] Stealth Rock
|-status|p2a: Walking Wake|psn
|-enditem|p2a: Walking Wake|Booster Energy
|-activate|p2a: Walking Wake|ability: Protosynthesis|[fromitem]
|-start|p2a: Walking Wake|protosynthesisspe
|move|p1a: Great Tusk|Headlong Rush|p2a: Walking Wake
|-damage|p2a: Walking Wake|0 fnt
|-unboost|p1a: Great Tusk|def|1
|-unboost|p1a: Great Tusk|spd|1
|faint|p2a: Walking Wake
|-end|p2a: Walking Wake|Protosynthesis|[silent]
|
|-damage|p1a: Great Tusk|58/100|[from] Salt Cure
|upkeep
|
|t:|1758946023
|switch|p2a: Gholdengo|Gholdengo|94/100
|-damage|p2a: Gholdengo|88/100|[from] Stealth Rock
|-item|p2a: Gholdengo|Air Balloon
|turn|13
|
|t:|1758946039
|-end|p1a: Great Tusk|Protosynthesis|[silent]
|switch|p1a: Deoxys|Deoxys-Speed|100/100
|-ability|p1a: Deoxys|Pressure
|move|p2a: Gholdengo|Shadow Ball|p1a: Deoxys
|-supereffective|p1a: Deoxys
|-damage|p1a: Deoxys|0 fnt
|faint|p1a: Deoxys
|
|upkeep
|
|t:|1758946051
|switch|p1a: Great Tusk|Great Tusk|58/100
|turn|14
|
|t:|1758946067
|switch|p2a: Slowking|Slowking-Galar, M|52/100
|-damage|p2a: Slowking|39/100|[from] Stealth Rock
|-sideend|p2: m3rch3r|move: Toxic Spikes|[of] p2a: Slowking
|move|p1a: Great Tusk|Head Smash|p2a: Slowking|[miss]
|-miss|p1a: Great Tusk|p2a: Slowking
|
|upkeep
|turn|15
|
|t:|1758946092
|switch|p2a: Gholdengo|Gholdengo|88/100
|-damage|p2a: Gholdengo|82/100|[from] Stealth Rock
|-item|p2a: Gholdengo|Air Balloon
|move|p1a: Great Tusk|Headlong Rush|p2a: Gholdengo
|-immune|p2a: Gholdengo
|
|upkeep
|turn|16
|
|t:|1758946102
|move|p1a: Great Tusk|Head Smash|p2a: Gholdengo|[miss]
|-miss|p1a: Great Tusk|p2a: Gholdengo
|move|p2a: Gholdengo|Shadow Ball|p1a: Great Tusk
|-damage|p1a: Great Tusk|0 fnt
|faint|p1a: Great Tusk
|-end|p1a: Great Tusk|Protosynthesis|[silent]
|
|upkeep
|
|t:|1758946106
|switch|p1a: Iron Valiant|Iron Valiant|100/100
|-enditem|p1a: Iron Valiant|Booster Energy
|-activate|p1a: Iron Valiant|ability: Quark Drive|[fromitem]
|-start|p1a: Iron Valiant|quarkdrivespe
|turn|17
|
|t:|1758946118
|move|p1a: Iron Valiant|Knock Off|p2a: Gholdengo
|-supereffective|p2a: Gholdengo
|-damage|p2a: Gholdengo|13/100
|-enditem|p2a: Gholdengo|Air Balloon
|move|p2a: Gholdengo|Thunder Wave|p1a: Iron Valiant
|-status|p1a: Iron Valiant|par
|
|upkeep
|turn|18
|inactive|Buttologist has 120 seconds left.
|inactive|Buttologist has 90 seconds left.
|
|t:|1758946188
|move|p2a: Gholdengo|Make It Rain|p1a: Iron Valiant
|-supereffective|p1a: Iron Valiant
|-damage|p1a: Iron Valiant|0 fnt
|-unboost|p2a: Gholdengo|spa|1
|faint|p1a: Iron Valiant
|-end|p1a: Iron Valiant|Quark Drive|[silent]
|
|upkeep
|
|t:|1758946192
|switch|p1a: Dragonite|Dragonite, M|100/100
|turn|19
|inactive|Buttologist has 90 seconds left.
|
|t:|1758946198
|move|p2a: Gholdengo|Thunder Wave|p1a: Dragonite
|-status|p1a: Dragonite|par
|move|p1a: Dragonite|Dragon Dance|p1a: Dragonite
|-boost|p1a: Dragonite|atk|1
|-boost|p1a: Dragonite|spe|1
|
|upkeep
|turn|20
|
|t:|1758946207
|switch|p2a: Garganacl|Garganacl, M|100/100
|-damage|p2a: Garganacl|88/100|[from] Stealth Rock
|move|p1a: Dragonite|Substitute|p1a: Dragonite
|-start|p1a: Dragonite|Substitute
|-damage|p1a: Dragonite|76/100 par
|
|-heal|p1a: Dragonite|82/100 par|[from] item: Leftovers
|-heal|p2a: Garganacl|94/100|[from] item: Leftovers
|upkeep
|turn|21
|
|t:|1758946213
|switch|p2a: Weavile|Weavile, M|100/100
|-damage|p2a: Weavile|76/100|[from] Stealth Rock
|move|p1a: Dragonite|Earthquake|p2a: Weavile
|-damage|p2a: Weavile|0 fnt
|faint|p2a: Weavile
|
|-heal|p1a: Dragonite|88/100 par|[from] item: Leftovers
|upkeep
|
|t:|1758946222
|switch|p2a: Gholdengo|Gholdengo|13/100
|-damage|p2a: Gholdengo|7/100|[from] Stealth Rock
|turn|22
|
|t:|1758946230
|move|p2a: Gholdengo|Shadow Ball|p1a: Dragonite
|-end|p1a: Dragonite|Substitute
|move|p1a: Dragonite|Dragon Dance|p1a: Dragonite
|-boost|p1a: Dragonite|atk|1
|-boost|p1a: Dragonite|spe|1
|
|-heal|p1a: Dragonite|94/100 par|[from] item: Leftovers
|upkeep
|turn|23
|
|t:|1758946234
|move|p2a: Gholdengo|Make It Rain|p1a: Dragonite
|-crit|p1a: Dragonite
|-damage|p1a: Dragonite|0 fnt
|-unboost|p2a: Gholdengo|spa|1
|faint|p1a: Dragonite
|
|upkeep
|c|☆Buttologist|Ofc
|
|t:|1758946249
|switch|p1a: Kingambit|Kingambit, M|94/100
|-activate|p1a: Kingambit|ability: Supreme Overlord
|-start|p1a: Kingambit|fallen5|[silent]
|turn|24
|
|t:|1758946256
|move|p2a: Gholdengo|Thunder Wave|p1a: Kingambit
|-status|p1a: Kingambit|par
|-enditem|p1a: Kingambit|Lum Berry|[eat]
|-curestatus|p1a: Kingambit|par|[msg]
|move|p1a: Kingambit|Swords Dance|p1a: Kingambit
|-boost|p1a: Kingambit|atk|2
|
|upkeep
|turn|25
|
|t:|1758946263
|switch|p2a: Garganacl|Garganacl, M|94/100
|-damage|p2a: Garganacl|82/100|[from] Stealth Rock
|move|p1a: Kingambit|Swords Dance|p1a: Kingambit
|-boost|p1a: Kingambit|atk|2
|
|-heal|p2a: Garganacl|88/100|[from] item: Leftovers
|upkeep
|turn|26
|
|t:|1758946271
|-terastallize|p1a: Kingambit|Fighting
|-terastallize|p2a: Garganacl|Grass
|move|p1a: Kingambit|Low Kick|p2a: Garganacl
|-damage|p2a: Garganacl|0 fnt
|faint|p2a: Garganacl
|
|upkeep
|
|t:|1758946279
|switch|p2a: Cinderace|Cinderace, M|100/100
|-damage|p2a: Cinderace|76/100|[from] Stealth Rock
|turn|27
|
|t:|1758946285
|move|p2a: Cinderace|Flare Blitz|p1a: Kingambit
|-damage|p1a: Kingambit|24/100
|-damage|p2a: Cinderace|49/100|[from] Recoil
|move|p1a: Kingambit|Low Kick|p2a: Cinderace
|-damage|p2a: Cinderace|0 fnt
|faint|p2a: Cinderace
|
|upkeep
|
|t:|1758946292
|switch|p2a: Gholdengo|Gholdengo|7/100
|-damage|p2a: Gholdengo|1/100|[from] Stealth Rock
|turn|28
|
|t:|1758946298
|move|p1a: Kingambit|Sucker Punch||[still]
|-fail|p1a: Kingambit
|move|p2a: Gholdengo|Thunder Wave|p1a: Kingambit
|-status|p1a: Kingambit|par
|
|upkeep
|turn|29
|
|t:|1758946304
|move|p1a: Kingambit|Sucker Punch|p2a: Gholdengo
|-supereffective|p2a: Gholdengo
|-damage|p2a: Gholdengo|0 fnt
|faint|p2a: Gholdengo
|
|upkeep
|
|t:|1758946307
|switch|p2a: Slowking|Slowking-Galar, M|73/100
|-damage|p2a: Slowking|60/100|[from] Stealth Rock
|turn|30
|
|t:|1758946312
|move|p1a: Kingambit|Iron Head|p2a: Slowking
|-damage|p2a: Slowking|0 fnt
|-damage|p1a: Kingambit|7/100 par|[from] item: Rocky Helmet|[of] p2a: Slowking
|faint|p2a: Slowking
|
|win|Buttologist
|raw|Buttologist's rating: 1323 &rarr; <strong>1343</strong><br />(+20 for winning)
|raw|m3rch3r's rating: 1319 &rarr; <strong>1299</strong><br />(-20 for losing)
|l|☆Buttologist
|player|p1|
