|j|☆chaheed
|j|☆jojosworld
|t:|1758956750
|gametype|singles
|player|p1|chaheed|ninjaboy|1731
|player|p2|jojosworld|cynthia|1755
|gen|9
|tier|[Gen 9] OU
|rated|
|rule|HP Percentage Mod: HP is shown in percentages
|rule|Endless Battle Clause: Forcing endless battles is banned
|rule|Species Clause: Limit one of each Pokémon
|rule|OHKO Clause: OHKO moves are banned
|rule|Evasion Items Clause: Evasion items are banned
|rule|Evasion Moves Clause: Evasion moves are banned
|rule|Evasion Abilities Clause: Evasion abilities are banned
|rule|Sleep Moves Clause: Sleep-inducing moves are banned
|clearpoke
|poke|p1|Dragonite, F|
|poke|p1|Dragapult, F|
|poke|p1|Iron Moth|
|poke|p1|Greninja-*, M|
|poke|p1|Serperior, M|
|poke|p1|Iron Treads|
|poke|p2|Alomomola, F|
|poke|p2|Amoonguss, M|
|poke|p2|Great Tusk|
|poke|p2|Goodra-Hisui, F|
|poke|p2|Dragapult, F|
|poke|p2|Garganacl, F|
|teampreview
|inactive|Battle timer is ON: inactive players will automatically lose when time's up. (requested by jojosworld)
|
|t:|1758956756
|teamsize|p1|6
|teamsize|p2|6
|start
|switch|p1a: Greninja|Greninja, M|100/100
|switch|p2a: Garganacl|Garganacl, F, shiny|100/100
|turn|1
|
|t:|1758956760
|move|p1a: Greninja|Surf|p2a: Garganacl
|-supereffective|p2a: Garganacl
|-damage|p2a: Garganacl|32/100
|-damage|p1a: Greninja|91/100|[from] item: Life Orb
|move|p2a: Garganacl|Salt Cure|p1a: Greninja
|-damage|p1a: Greninja|68/100
|-start|p1a: Greninja|Salt Cure
|
|-heal|p2a: Garganacl|38/100|[from] item: Leftovers
|-damage|p1a: Greninja|44/100|[from] Salt Cure
|upkeep
|turn|2
|
|t:|1758956770
|switch|p2a: Alomomola|Alomomola, F, shiny|100/100
|move|p1a: Greninja|Ice Beam|p2a: Alomomola
|-resisted|p2a: Alomomola
|-damage|p2a: Alomomola|79/100
|-damage|p1a: Greninja|34/100|[from] item: Life Orb
|
|-damage|p1a: Greninja|9/100|[from] Salt Cure
|upkeep
|turn|3
|
|t:|1758956778
|move|p1a: Greninja|Dark Pulse|p2a: Alomomola
|-damage|p2a: Alomomola|20/100
|-damage|p1a: Greninja|0 fnt|[from] item: Life Orb
|faint|p1a: Greninja
|move|p2a: Alomomola|Wish|p2a: Alomomola
|
|upkeep
|
|t:|1758956784
|switch|p1a: Dragonite|Dragonite, F|100/100
|turn|4
|j| wgw2333
|
|t:|1758956792
|switch|p2a: Amoonguss|Amoonguss, M, shiny|100/100
|move|p1a: Dragonite|Encore||[still]
|-fail|p1a: Dragonite
|
|upkeep
|turn|5
|
|t:|1758956798
|switch|p1a: Iron Moth|Iron Moth|100/100
|-enditem|p1a: Iron Moth|Booster Energy
|-activate|p1a: Iron Moth|ability: Quark Drive|[fromitem]
|-start|p1a: Iron Moth|quarkdrivespe
|move|p2a: Amoonguss|Toxic|p1a: Iron Moth
|-immune|p1a: Iron Moth
|
|upkeep
|turn|6
|
|t:|1758956805
|switch|p2a: Goodra|Goodra-Hisui, F, shiny|100/100
|move|p1a: Iron Moth|Fiery Dance|p2a: Goodra
|-damage|p2a: Goodra|87/100
|-boost|p1a: Iron Moth|spa|1
|
|upkeep
|turn|7
|
|t:|1758956811
|move|p1a: Iron Moth|Fiery Dance|p2a: Goodra
|-damage|p2a: Goodra|67/100
|-boost|p1a: Iron Moth|spa|1
|move|p2a: Goodra|Dragon Tail|p1a: Iron Moth
|-crit|p1a: Iron Moth
|-damage|p1a: Iron Moth|55/100
|-end|p1a: Iron Moth|Quark Drive|[silent]
|drag|p1a: Iron Treads|Iron Treads|100/100
|-enditem|p1a: Iron Treads|Booster Energy
|-activate|p1a: Iron Treads|ability: Quark Drive|[fromitem]
|-start|p1a: Iron Treads|quarkdrivespe
|
|upkeep
|turn|8
|
|t:|1758956822
|switch|p2a: Alomomola|Alomomola, F, shiny|53/100
|move|p1a: Iron Treads|Earthquake|p2a: Alomomola
|-damage|p2a: Alomomola|29/100
|
|upkeep
|turn|9
|
|t:|1758956829
|-end|p1a: Iron Treads|Quark Drive|[silent]
|switch|p1a: Dragonite|Dragonite, F|100/100
|move|p2a: Alomomola|Wish|p2a: Alomomola
|
|upkeep
|turn|10
|
|t:|1758956833
|move|p2a: Alomomola|Protect|p2a: Alomomola
|-singleturn|p2a: Alomomola|Protect
|move|p1a: Dragonite|Dragon Dance|p1a: Dragonite
|-boost|p1a: Dragonite|atk|1
|-boost|p1a: Dragonite|spe|1
|
|-heal|p2a: Alomomola|79/100|[from] move: Wish|[wisher] Alomomola
|upkeep
|turn|11
|
|t:|1758956841
|switch|p2a: Amoonguss|Amoonguss, M, shiny|100/100
|move|p1a: Dragonite|Scale Shot|p2a: Amoonguss
|-damage|p2a: Amoonguss|86/100
|-damage|p2a: Amoonguss|71/100
|-damage|p2a: Amoonguss|55/100
|-damage|p2a: Amoonguss|39/100
|-hitcount|p2a: Amoonguss|4
|-unboost|p1a: Dragonite|def|1
|-boost|p1a: Dragonite|spe|1
|
|upkeep
|turn|12
|
|t:|1758956854
|move|p1a: Dragonite|Scale Shot|p2a: Amoonguss
|-damage|p2a: Amoonguss|24/100
|-damage|p2a: Amoonguss|8/100
|-damage|p2a: Amoonguss|0 fnt
|faint|p2a: Amoonguss
|-hitcount|p2: Amoonguss|3
|-unboost|p1a: Dragonite|def|1
|-boost|p1a: Dragonite|spe|1
|
|upkeep
|
|t:|1758956857
|switch|p2a: Great Tusk|Great Tusk, shiny|100/100
|turn|13
|
|t:|1758956864
|-terastallize|p1a: Dragonite|Fire
|move|p1a: Dragonite|Scale Shot|p2a: Great Tusk
|-damage|p2a: Great Tusk|85/100
|-damage|p2a: Great Tusk|68/100
|-damage|p2a: Great Tusk|53/100
|-damage|p2a: Great Tusk|37/100
|-damage|p2a: Great Tusk|22/100
|-hitcount|p2a: Great Tusk|5
|-unboost|p1a: Dragonite|def|1
|-boost|p1a: Dragonite|spe|1
|move|p2a: Great Tusk|Ice Spinner|p1a: Dragonite
|-resisted|p1a: Dragonite
|-damage|p1a: Dragonite|80/100
|
|upkeep
|turn|14
|
|t:|1758956878
|move|p1a: Dragonite|Scale Shot|p2a: Great Tusk
|-damage|p2a: Great Tusk|6/100
|-crit|p2a: Great Tusk
|-damage|p2a: Great Tusk|0 fnt
|faint|p2a: Great Tusk
|-end|p2a: Great Tusk|Protosynthesis|[silent]
|-hitcount|p2: Great Tusk|2
|-unboost|p1a: Dragonite|def|1
|-boost|p1a: Dragonite|spe|1
|
|upkeep
|
|t:|1758956879
|switch|p2a: Alomomola|Alomomola, F, shiny|100/100
|turn|15
|
|t:|1758956890
|move|p1a: Dragonite|Scale Shot|p2a: Alomomola
|-damage|p2a: Alomomola|88/100
|-damage|p2a: Alomomola|77/100
|-damage|p2a: Alomomola|65/100
|-damage|p2a: Alomomola|53/100
|-hitcount|p2a: Alomomola|4
|-unboost|p1a: Dragonite|def|1
|-boost|p1a: Dragonite|spe|1
|move|p2a: Alomomola|Flip Turn|p1a: Dragonite
|-supereffective|p1a: Dragonite
|-damage|p1a: Dragonite|0 fnt
|faint|p1a: Dragonite
|
|t:|1758956893
|switch|p2a: Garganacl|Garganacl, F, shiny|38/100|[from] Flip Turn
|
|-heal|p2a: Garganacl|45/100|[from] item: Leftovers
|upkeep
|
|t:|1758956917
|switch|p1a: Serperior|Serperior, M|100/100
|turn|16
|
|t:|1758956921
|switch|p1a: Iron Treads|Iron Treads|100/100
|switch|p2a: Goodra|Goodra-Hisui, F, shiny|67/100
|
|upkeep
|turn|17
|
|t:|1758956926
|switch|p2a: Alomomola|Alomomola, F, shiny|87/100
|move|p1a: Iron Treads|Earthquake|p2a: Alomomola
|-damage|p2a: Alomomola|61/100
|
|upkeep
|turn|18
|
|t:|1758956932
|-end|p1a: Iron Treads|Quark Drive|[silent]
|switch|p1a: Dragapult|Dragapult, F|100/100
|move|p2a: Alomomola|Wish|p2a: Alomomola
|
|upkeep
|turn|19
|
|t:|1758956939
|switch|p2a: Goodra|Goodra-Hisui, F, shiny|67/100
|move|p1a: Dragapult|Dragon Darts|p2a: Goodra
|-damage|p2a: Goodra|47/100
|-anim|p1a: Dragapult|Dragon Darts|p2a: Goodra
|-damage|p2a: Goodra|29/100
|
|-heal|p2a: Goodra|100/100|[from] move: Wish|[wisher] Alomomola
|upkeep
|turn|20
|
|t:|1758956948
|move|p1a: Dragapult|Dragon Darts|p2a: Goodra
|-damage|p2a: Goodra|82/100
|-anim|p1a: Dragapult|Dragon Darts|p2a: Goodra
|-damage|p2a: Goodra|62/100
|move|p2a: Goodra|Draco Meteor|p1a: Dragapult|[miss]
|-miss|p2a: Goodra|p1a: Dragapult
|
|upkeep
|turn|21
|
|t:|1758956955
|move|p1a: Dragapult|Will-O-Wisp|p2a: Goodra
|-status|p2a: Goodra|brn
|move|p2a: Goodra|Draco Meteor|p1a: Dragapult
|-supereffective|p1a: Dragapult
|-enditem|p1a: Dragapult|Focus Sash
|-damage|p1a: Dragapult|1/100
|-unboost|p2a: Goodra|spa|2
|
|-damage|p2a: Goodra|56/100 brn|[from] brn
|upkeep
|turn|22
|
|t:|1758956964
|move|p1a: Dragapult|Dragon Darts|p2a: Goodra
|-damage|p2a: Goodra|35/100 brn
|-anim|p1a: Dragapult|Dragon Darts|p2a: Goodra
|-damage|p2a: Goodra|12/100 brn
|move|p2a: Goodra|Knock Off|p1a: Dragapult
|-supereffective|p1a: Dragapult
|-damage|p1a: Dragapult|0 fnt
|faint|p1a: Dragapult
|
|-damage|p2a: Goodra|6/100 brn|[from] brn
|upkeep
|
|t:|1758956974
|switch|p1a: Iron Moth|Iron Moth|55/100
|turn|23
|
|t:|1758956976
|move|p1a: Iron Moth|Fiery Dance|p2a: Goodra
|-damage|p2a: Goodra|0 fnt
|faint|p2a: Goodra
|
|upkeep
|
|t:|1758956977
|switch|p2a: Dragapult|Dragapult, F, shiny|100/100
|turn|24
|
|t:|1758956983
|-end|p1a: Iron Moth|Quark Drive|[silent]
|switch|p1a: Iron Treads|Iron Treads|100/100
|-terastallize|p2a: Dragapult|Ghost
|move|p2a: Dragapult|Shadow Ball|p1a: Iron Treads
|-damage|p1a: Iron Treads|0 fnt
|faint|p1a: Iron Treads
|-end|p1a: Iron Treads|Quark Drive|[silent]
|
|upkeep
|
|t:|1758956991
|switch|p1a: Serperior|Serperior, M|100/100
|turn|25
|j| amefurikoneko
|
|t:|1758956993
|switch|p2a: Garganacl|Garganacl, F, shiny|45/100
|move|p1a: Serperior|Leaf Storm|p2a: Garganacl
|-supereffective|p2a: Garganacl
|-damage|p2a: Garganacl|0 fnt
|-boost|p1a: Serperior|spa|2
|faint|p2a: Garganacl
|
|upkeep
|
|t:|1758956995
|switch|p2a: Dragapult|Dragapult, F, shiny, tera:Ghost|100/100
|turn|26
|
|t:|1758957003
|move|p2a: Dragapult|U-turn|p1a: Serperior
|-supereffective|p1a: Serperior
|-damage|p1a: Serperior|56/100
|
|t:|1758957005
|switch|p2a: Alomomola|Alomomola, F, shiny|94/100|[from] U-turn
|move|p1a: Serperior|Leaf Storm|p2a: Alomomola
|-supereffective|p2a: Alomomola
|-damage|p2a: Alomomola|0 fnt
|-boost|p1a: Serperior|spa|2
|faint|p2a: Alomomola
|
|upkeep
|
|t:|1758957006
|switch|p2a: Dragapult|Dragapult, F, shiny, tera:Ghost|100/100
|turn|27
|
|t:|1758957014
|move|p1a: Serperior|Endure|p1a: Serperior
|-singleturn|p1a: Serperior|move: Endure
|move|p2a: Dragapult|Shadow Ball|p1a: Serperior
|-activate|p1a: Serperior|move: Endure
|-damage|p1a: Serperior|1/100
|
|upkeep
|turn|28
|-enditem|p1a: Serperior|Custap Berry|[eat]
|-activate|p1a: Serperior|item: Custap Berry|[consumed]
|
|t:|1758957021
|move|p1a: Serperior|Leaf Storm|p2a: Dragapult
|-damage|p2a: Dragapult|0 fnt
|-boost|p1a: Serperior|spa|2
|faint|p2a: Dragapult
|
|win|chaheed
|raw|chaheed's rating: 1731 &rarr; <strong>1752</strong><br />(+21 for winning)
|raw|jojosworld's rating: 1755 &rarr; <strong>1734</strong><br />(-21 for losing)
|l|☆jojosworld
|player|p2|
|l|☆chaheed
|player|p1|
|l| amefurikoneko
|l| wgw2333
