|j|☆alexismarelli
|j|☆mutcaa34
|t:|1758923798
|gametype|singles
|player|p1|alexismarelli|102|1077
|player|p2|mutcaa34|hilda-wonderlauncher|1110
|gen|9
|tier|[Gen 9] OU
|rated|
|rule|HP Percentage Mod: HP is shown in percentages
|rule|Endless Battle Clause: Forcing endless battles is banned
|rule|Species Clause: Limit one of each Pokémon
|rule|OHKO Clause: OHKO moves are banned
|rule|Evasion Items Clause: Evasion items are banned
|rule|Evasion Moves Clause: Evasion moves are banned
|rule|Evasion Abilities Clause: Evasion abilities are banned
|rule|Sleep Moves Clause: Sleep-inducing moves are banned
|clearpoke
|poke|p1|Smeargle, M|
|poke|p1|Furret, M|
|poke|p1|Gumshoos, M|
|poke|p1|Persian, M|
|poke|p1|Zangoose, M|
|poke|p1|Greedent, F|
|poke|p2|Basculegion, M|
|poke|p2|Pelipper, M|
|poke|p2|Iron Valiant|
|poke|p2|Gliscor, M|
|poke|p2|Arcanine-Hisui, M|
|poke|p2|Kyurem|
|teampreview
|
|t:|1758923814
|teamsize|p1|6
|teamsize|p2|6
|start
|switch|p1a: Smeargle|Smeargle, M|100/100
|switch|p2a: Gliscor|Gliscor, M|100/100
|turn|1
|
|t:|1758923822
|move|p1a: Smeargle|Shell Smash|p1a: Smeargle
|-unboost|p1a: Smeargle|def|1
|-unboost|p1a: Smeargle|spd|1
|-boost|p1a: Smeargle|atk|2
|-boost|p1a: Smeargle|spa|2
|-boost|p1a: Smeargle|spe|2
|move|p2a: Gliscor|Stealth Rock|p1a: Smeargle
|-sidestart|p1: alexismarelli|move: Stealth Rock
|
|-status|p2a: Gliscor|tox|[from] item: Toxic Orb
|upkeep
|turn|2
|
|t:|1758923836
|move|p1a: Smeargle|Population Bomb|p2a: Gliscor
|-damage|p2a: Gliscor|90/100 tox
|-damage|p2a: Gliscor|79/100 tox
|-damage|p2a: Gliscor|69/100 tox
|-damage|p2a: Gliscor|59/100 tox
|-damage|p2a: Gliscor|47/100 tox
|-damage|p2a: Gliscor|37/100 tox
|-damage|p2a: Gliscor|27/100 tox
|-damage|p2a: Gliscor|16/100 tox
|-damage|p2a: Gliscor|5/100 tox
|-damage|p2a: Gliscor|0 fnt
|faint|p2a: Gliscor
|-hitcount|p2: Gliscor|10
|
|upkeep
|
|t:|1758923860
|switch|p2a: Iron Valiant|Iron Valiant|100/100
|-enditem|p2a: Iron Valiant|Booster Energy
|-activate|p2a: Iron Valiant|ability: Quark Drive|[fromitem]
|-start|p2a: Iron Valiant|quarkdrivespe
|turn|3
|
|t:|1758923870
|move|p1a: Smeargle|Burning Bulwark|p1a: Smeargle
|-singleturn|p1a: Smeargle|move: Protect
|move|p2a: Iron Valiant|Low Kick|p1a: Smeargle
|-activate|p1a: Smeargle|move: Protect
|-status|p2a: Iron Valiant|brn
|
|-damage|p2a: Iron Valiant|94/100 brn|[from] brn
|upkeep
|turn|4
|
|t:|1758923883
|-terastallize|p1a: Smeargle|Ghost
|move|p2a: Iron Valiant|Encore|p1a: Smeargle
|-start|p1a: Smeargle|Encore
|move|p1a: Smeargle|Burning Bulwark||[still]
|-fail|p1a: Smeargle
|
|-damage|p2a: Iron Valiant|88/100 brn|[from] brn
|upkeep
|turn|5
|
|t:|1758923897
|move|p1a: Smeargle|Burning Bulwark|p1a: Smeargle
|-singleturn|p1a: Smeargle|move: Protect
|move|p2a: Iron Valiant|Knock Off|p1a: Smeargle
|-activate|p1a: Smeargle|move: Protect
|
|-damage|p2a: Iron Valiant|82/100 brn|[from] brn
|upkeep
|turn|6
|
|t:|1758923907
|switch|p1a: Persian|Persian, M|100/100
|-damage|p1a: Persian|88/100|[from] Stealth Rock
|move|p2a: Iron Valiant|Knock Off|p1a: Persian
|-damage|p1a: Persian|56/100
|-enditem|p1a: Persian|Silk Scarf|[from] move: Knock Off|[of] p2a: Iron Valiant
|
|-damage|p2a: Iron Valiant|76/100 brn|[from] brn
|upkeep
|turn|7
|
|t:|1758923921
|move|p1a: Persian|Fake Out|p2a: Iron Valiant
|-damage|p2a: Iron Valiant|48/100 brn
|cant|p2a: Iron Valiant|flinch
|
|-damage|p2a: Iron Valiant|42/100 brn|[from] brn
|upkeep
|turn|8
|
|t:|1758923931
|switch|p1a: Gumshoos|Gumshoos, M|100/100
|-damage|p1a: Gumshoos|88/100|[from] Stealth Rock
|move|p2a: Iron Valiant|Encore||[still]
|-fail|p2a: Iron Valiant
|
|-damage|p2a: Iron Valiant|36/100 brn|[from] brn
|upkeep
|turn|9
|
|t:|1758923944
|move|p2a: Iron Valiant|Knock Off|p1a: Gumshoos
|-damage|p1a: Gumshoos|65/100
|-enditem|p1a: Gumshoos|Choice Band|[from] move: Knock Off|[of] p2a: Iron Valiant
|move|p1a: Gumshoos|Psychic Fangs|p2a: Iron Valiant
|-supereffective|p2a: Iron Valiant
|-damage|p2a: Iron Valiant|0 fnt
|faint|p2a: Iron Valiant
|-end|p2a: Iron Valiant|Quark Drive|[silent]
|
|upkeep
|
|t:|1758923957
|switch|p2a: Pelipper|Pelipper, M|100/100
|-weather|RainDance|[from] ability: Drizzle|[of] p2a: Pelipper
|turn|10
|
|t:|1758923965
|move|p1a: Gumshoos|Thunder Fang|p2a: Pelipper
|-supereffective|p2a: Pelipper
|-damage|p2a: Pelipper|5/100
|move|p2a: Pelipper|Weather Ball|p1a: Gumshoos
|-crit|p1a: Gumshoos
|-damage|p1a: Gumshoos|0 fnt
|faint|p1a: Gumshoos
|
|-weather|RainDance|[upkeep]
|upkeep
|
|t:|1758923973
|switch|p1a: Furret|Furret, M|100/100
|-damage|p1a: Furret|88/100|[from] Stealth Rock
|-item|p2a: Pelipper|Damp Rock|[from] ability: Frisk|[of] p1a: Furret
|turn|11
|
|t:|1758923981
|move|p1a: Furret|Tidy Up|p1a: Furret
|-sideend|p1: alexismarelli|Stealth Rock
|-activate|p1a: Furret|move: Tidy Up
|-boost|p1a: Furret|atk|1
|-boost|p1a: Furret|spe|1
|move|p2a: Pelipper|Weather Ball|p1a: Furret
|-damage|p1a: Furret|0 fnt
|faint|p1a: Furret
|
|-weather|RainDance|[upkeep]
|upkeep
|
|t:|1758923994
|switch|p1a: Greedent|Greedent, F|100/100
|turn|12
|
|t:|1758923998
|move|p2a: Pelipper|Weather Ball|p1a: Greedent
|-damage|p1a: Greedent|51/100
|move|p1a: Greedent|Swords Dance|p1a: Greedent
|-boost|p1a: Greedent|atk|2
|
|-weather|RainDance|[upkeep]
|upkeep
|turn|13
|
|t:|1758924004
|move|p2a: Pelipper|Weather Ball|p1a: Greedent
|-damage|p1a: Greedent|4/100
|-enditem|p1a: Greedent|Sitrus Berry|[eat]
|-heal|p1a: Greedent|29/100|[from] item: Sitrus Berry
|-heal|p1a: Greedent|62/100|[from] ability: Cheek Pouch
|move|p1a: Greedent|Body Slam|p2a: Pelipper
|-damage|p2a: Pelipper|0 fnt
|faint|p2a: Pelipper
|
|-weather|RainDance|[upkeep]
|upkeep
|
|t:|1758924013
|switch|p2a: Basculegion|Basculegion, M|100/100
|turn|14
|
|t:|1758924019
|move|p2a: Basculegion|Wave Crash|p1a: Greedent
|-damage|p1a: Greedent|0 fnt
|faint|p1a: Greedent
|-damage|p2a: Basculegion|77/100|[from] Recoil
|
|-weather|RainDance|[upkeep]
|upkeep
|
|t:|1758924028
|switch|p1a: Smeargle|Smeargle, M, tera:Ghost|100/100
|turn|15
|
|t:|1758924034
|move|p2a: Basculegion|Wave Crash|p1a: Smeargle
|-enditem|p1a: Smeargle|Focus Sash
|-damage|p1a: Smeargle|1/100
|-damage|p2a: Basculegion|55/100|[from] Recoil
|move|p1a: Smeargle|Shell Smash|p1a: Smeargle
|-unboost|p1a: Smeargle|def|1
|-unboost|p1a: Smeargle|spd|1
|-boost|p1a: Smeargle|atk|2
|-boost|p1a: Smeargle|spa|2
|-boost|p1a: Smeargle|spe|2
|
|-weather|RainDance|[upkeep]
|upkeep
|turn|16
|
|t:|1758924046
|move|p1a: Smeargle|Burning Bulwark|p1a: Smeargle
|-singleturn|p1a: Smeargle|move: Protect
|move|p2a: Basculegion|Wave Crash|p1a: Smeargle
|-activate|p1a: Smeargle|move: Protect
|-status|p2a: Basculegion|brn
|
|-weather|RainDance|[upkeep]
|-damage|p2a: Basculegion|49/100 brn|[from] brn
|upkeep
|turn|17
|
|t:|1758924058
|move|p1a: Smeargle|Burning Bulwark||[still]
|-fail|p1a: Smeargle
|move|p2a: Basculegion|Wave Crash|p1a: Smeargle
|-damage|p1a: Smeargle|0 fnt
|faint|p1a: Smeargle
|-damage|p2a: Basculegion|49/100 brn|[from] Recoil
|
|-weather|none
|-damage|p2a: Basculegion|43/100 brn|[from] brn
|upkeep
|
|t:|1758924063
|switch|p1a: Persian|Persian, M|56/100
|turn|18
|
|t:|1758924068
|move|p1a: Persian|Foul Play|p2a: Basculegion
|-supereffective|p2a: Basculegion
|-damage|p2a: Basculegion|0 fnt
|faint|p2a: Basculegion
|
|upkeep
|
|t:|1758924077
|switch|p2a: Arcanine|Arcanine-Hisui, M|100/100
|turn|19
|
|t:|1758924088
|move|p1a: Persian|Thunder Wave|p2a: Arcanine
|-status|p2a: Arcanine|par
|move|p2a: Arcanine|Agility|p2a: Arcanine
|-boost|p2a: Arcanine|spe|2
|
|upkeep
|turn|20
|
|t:|1758924098
|move|p1a: Persian|Foul Play|p2a: Arcanine
|-damage|p2a: Arcanine|62/100 par
|move|p2a: Arcanine|Head Smash|p1a: Persian|[miss]
|-miss|p2a: Arcanine|p1a: Persian
|
|upkeep
|turn|21
|
|t:|1758924105
|move|p1a: Persian|Foul Play|p2a: Arcanine
|-damage|p2a: Arcanine|26/100 par
|cant|p2a: Arcanine|par
|
|upkeep
|turn|22
|
|t:|1758924111
|cant|p2a: Arcanine|par
|move|p1a: Persian|Foul Play|p2a: Arcanine
|-damage|p2a: Arcanine|0 fnt
|faint|p2a: Arcanine
|
|upkeep
|
|t:|1758924117
|switch|p2a: Kyurem|Kyurem|100/100
|-ability|p2a: Kyurem|Pressure
|turn|23
|
|t:|1758924124
|-terastallize|p2a: Kyurem|Fire
|move|p1a: Persian|Thunder Wave|p2a: Kyurem
|-status|p2a: Kyurem|par
|move|p2a: Kyurem|Scale Shot|p1a: Persian
|-damage|p1a: Persian|32/100
|-damage|p1a: Persian|8/100
|-damage|p1a: Persian|0 fnt
|faint|p1a: Persian
|-hitcount|p1: Persian|3
|-unboost|p2a: Kyurem|def|1
|-boost|p2a: Kyurem|spe|1
|
|upkeep
|
|t:|1758924142
|switch|p1a: Zangoose|Zangoose, M|100/100
|turn|24
|
|t:|1758924165
|move|p1a: Zangoose|Knock Off|p2a: Kyurem
|-damage|p2a: Kyurem|57/100 par
|-enditem|p2a: Kyurem|Loaded Dice|[from] move: Knock Off|[of] p1a: Zangoose
|move|p2a: Kyurem|Scale Shot|p1a: Zangoose
|-damage|p1a: Zangoose|78/100
|-damage|p1a: Zangoose|55/100
|-damage|p1a: Zangoose|28/100
|-hitcount|p1a: Zangoose|3
|-unboost|p2a: Kyurem|def|1
|-boost|p2a: Kyurem|spe|1
|
|-status|p1a: Zangoose|tox|[from] item: Toxic Orb
|upkeep
|turn|25
|
|t:|1758924184
|move|p1a: Zangoose|Quick Attack|p2a: Kyurem
|-damage|p2a: Kyurem|0 fnt
|faint|p2a: Kyurem
|
|win|alexismarelli
|raw|alexismarelli's rating: 1077 &rarr; <strong>1108</strong><br />(+31 for winning)
|raw|mutcaa34's rating: 1110 &rarr; <strong>1083</strong><br />(-27 for losing)
|l|☆alexismarelli
|player|p1|
|l|☆mutcaa34
|player|p2|
