|j|☆M.C.9
|j|☆xpp233
|t:|1758983310
|gametype|singles
|player|p1|M.C.9|n|1270
|player|p2|xpp233|preschooler|1251
|gen|9
|tier|[Gen 9] OU
|rated|
|rule|HP Percentage Mod: HP is shown in percentages
|rule|Endless Battle Clause: Forcing endless battles is banned
|rule|Species Clause: Limit one of each Pokémon
|rule|OHKO Clause: OHKO moves are banned
|rule|Evasion Items Clause: Evasion items are banned
|rule|Evasion Moves Clause: Evasion moves are banned
|rule|Evasion Abilities Clause: Evasion abilities are banned
|rule|Sleep Moves Clause: Sleep-inducing moves are banned
|clearpoke
|poke|p1|Ogerpon-Cornerstone, F|
|poke|p1|Meowscarada, F|
|poke|p1|Rillaboom, M|
|poke|p1|Iron Leaves|
|poke|p1|Rotom-Mow|
|poke|p1|Hydrapple, M|
|poke|p2|Rillaboom, F|
|poke|p2|Raging Bolt|
|poke|p2|Gholdengo|
|poke|p2|Kingambit, M|
|poke|p2|Pecharunt|
|poke|p2|Rotom-Wash|
|teampreview
|inactive|Battle timer is ON: inactive players will automatically lose when time's up. (requested by M.C.9)
|
|t:|1758983341
|teamsize|p1|6
|teamsize|p2|6
|start
|switch|p1a: Meowscarada|Meowscarada, F|100/100
|switch|p2a: Pecharunt|Pecharunt|100/100
|turn|1
|
|t:|1758983353
|move|p2a: Pecharunt|Protect|p2a: Pecharunt
|-singleturn|p2a: Pecharunt|Protect
|move|p1a: Meowscarada|Knock Off|p2a: Pecharunt
|-start|p1a: Meowscarada|typechange|Dark|[from] ability: Protean
|-activate|p2a: Pecharunt|move: Protect
|
|upkeep
|turn|2
|
|t:|1758983366
|switch|p2a: 长颈鹿|Raging Bolt|100/100
|-enditem|p2a: 长颈鹿|Booster Energy
|-activate|p2a: 长颈鹿|ability: Protosynthesis|[fromitem]
|-start|p2a: 长颈鹿|protosynthesisspa
|move|p1a: Meowscarada|Knock Off|p2a: 长颈鹿
|-damage|p2a: 长颈鹿|76/100
|
|upkeep
|turn|3
|inactive|M.C.9 has 120 seconds left.
|
|t:|1758983403
|switch|p1a: Rillaboom|Rillaboom, M|100/100
|-fieldstart|move: Grassy Terrain|[from] ability: Grassy Surge|[of] p1a: Rillaboom
|move|p2a: 长颈鹿|Draco Meteor|p1a: Rillaboom
|-damage|p1a: Rillaboom|0 fnt
|-unboost|p2a: 长颈鹿|spa|2
|faint|p1a: Rillaboom
|
|-heal|p2a: 长颈鹿|83/100|[from] Grassy Terrain
|upkeep
|
|t:|1758983421
|switch|p1a: Iron Leaves|Iron Leaves|100/100
|-enditem|p1a: Iron Leaves|Booster Energy
|-activate|p1a: Iron Leaves|ability: Quark Drive|[fromitem]
|-start|p1a: Iron Leaves|quarkdrivespe
|turn|4
|
|t:|1758983439
|-terastallize|p1a: Iron Leaves|Steel
|move|p1a: Iron Leaves|Swords Dance|p1a: Iron Leaves
|-boost|p1a: Iron Leaves|atk|2
|move|p2a: 长颈鹿|Volt Switch|p1a: Iron Leaves
|-damage|p1a: Iron Leaves|73/100
|
|t:|1758983456
|-end|p2a: 长颈鹿|Protosynthesis|[silent]
|switch|p2a: 大酱|Kingambit, M|100/100|[from] Volt Switch
|
|-heal|p1a: Iron Leaves|79/100|[from] Grassy Terrain
|upkeep
|turn|5
|inactive|M.C.9 has 120 seconds left.
|
|t:|1758983462
|move|p1a: Iron Leaves|Close Combat|p2a: 大酱
|-supereffective|p2a: 大酱
|-damage|p2a: 大酱|0 fnt
|-unboost|p1a: Iron Leaves|def|1
|-unboost|p1a: Iron Leaves|spd|1
|faint|p2a: 大酱
|-end|p2a: 大酱|fallenundefined|[silent]
|
|-heal|p1a: Iron Leaves|85/100|[from] Grassy Terrain
|upkeep
|inactive|xpp233 has 120 seconds left.
|
|t:|1758983491
|switch|p2a: 水衣机|Rotom-Wash|100/100
|turn|6
|
|t:|1758983501
|move|p1a: Iron Leaves|Leaf Blade|p2a: 水衣机
|-supereffective|p2a: 水衣机
|-damage|p2a: 水衣机|0 fnt
|-damage|p1a: Iron Leaves|69/100|[from] item: Rocky Helmet|[of] p2a: 水衣机
|faint|p2a: 水衣机
|
|-heal|p1a: Iron Leaves|75/100|[from] Grassy Terrain
|upkeep
|
|t:|1758983514
|switch|p2a: 卡普•猩猩|Rillaboom, F|100/100
|turn|7
|
|t:|1758983523
|move|p2a: 卡普•猩猩|Grassy Glide|p1a: Iron Leaves
|-resisted|p1a: Iron Leaves
|-damage|p1a: Iron Leaves|40/100
|move|p1a: Iron Leaves|Psyblade|p2a: 卡普•猩猩
|-damage|p2a: 卡普•猩猩|8/100
|
|-heal|p1a: Iron Leaves|46/100|[from] Grassy Terrain
|-heal|p2a: 卡普•猩猩|14/100|[from] Grassy Terrain
|upkeep
|turn|8
|inactive|xpp233 has 120 seconds left.
|
|t:|1758983539
|move|p1a: Iron Leaves|Psyblade|p2a: 卡普•猩猩
|-damage|p2a: 卡普•猩猩|0 fnt
|faint|p2a: 卡普•猩猩
|
|-heal|p1a: Iron Leaves|52/100|[from] Grassy Terrain
|upkeep
|
|t:|1758983546
|switch|p2a: 长颈鹿|Raging Bolt|83/100
|turn|9
|
|t:|1758983568
|move|p1a: Iron Leaves|Close Combat|p2a: 长颈鹿
|-damage|p2a: 长颈鹿|18/100
|-unboost|p1a: Iron Leaves|def|1
|-unboost|p1a: Iron Leaves|spd|1
|move|p2a: 长颈鹿|Thunderbolt|p1a: Iron Leaves
|-damage|p1a: Iron Leaves|0 fnt
|faint|p1a: Iron Leaves
|-end|p1a: Iron Leaves|Quark Drive|[silent]
|
|-heal|p2a: 长颈鹿|24/100|[from] Grassy Terrain
|upkeep
|inactive|M.C.9 has 120 seconds left.
|
|t:|1758983606
|switch|p1a: Ogerpon|Ogerpon-Cornerstone, F|100/100
|turn|10
|
|t:|1758983629
|move|p1a: Ogerpon|Swords Dance|p1a: Ogerpon
|-boost|p1a: Ogerpon|atk|2
|move|p2a: 长颈鹿|Draco Meteor|p1a: Ogerpon
|-damage|p1a: Ogerpon|14/100
|-unboost|p2a: 长颈鹿|spa|2
|
|-heal|p1a: Ogerpon|20/100|[from] Grassy Terrain
|-heal|p2a: 长颈鹿|30/100|[from] Grassy Terrain
|-fieldend|move: Grassy Terrain
|upkeep
|turn|11
|
|t:|1758983644
|move|p1a: Ogerpon|Horn Leech|p2a: 长颈鹿
|-resisted|p2a: 长颈鹿
|-damage|p2a: 长颈鹿|0 fnt
|-heal|p1a: Ogerpon|42/100|[from] drain|[of] p2a: 长颈鹿
|faint|p2a: 长颈鹿
|-end|p2a: 长颈鹿|Protosynthesis|[silent]
|
|upkeep
|
|t:|1758983657
|switch|p2a: 赛哥们|Gholdengo|100/100
|turn|12
|inactive|M.C.9 has 120 seconds left.
|
|t:|1758983668
|move|p1a: Ogerpon|Horn Leech|p2a: 赛哥们
|-resisted|p2a: 赛哥们
|-damage|p2a: 赛哥们|46/100
|-heal|p1a: Ogerpon|71/100|[from] drain|[of] p2a: 赛哥们
|move|p2a: 赛哥们|Dazzling Gleam|p1a: Ogerpon
|-damage|p1a: Ogerpon|24/100
|
|upkeep
|turn|13
|-message|xpp233 forfeited.
|
|win|M.C.9
|raw|M.C.9's rating: 1270 &rarr; <strong>1294</strong><br />(+24 for winning)
|raw|xpp233's rating: 1251 &rarr; <strong>1227</strong><br />(-24 for losing)
|l|☆xpp233
|player|p2|
|l|☆M.C.9
|player|p1|
