|j|☆thefunbegins
|j|☆MANNYHELLYEAH
|t:|1758980725
|gametype|singles
|player|p1|thefunbegins|gentleman-gen4|1090
|player|p2|MANNYHELLYEAH|acetrainer-gen4|1100
|gen|9
|tier|[Gen 9] OU
|rated|
|rule|HP Percentage Mod: HP is shown in percentages
|rule|Endless Battle Clause: Forcing endless battles is banned
|rule|Species Clause: Limit one of each Pokémon
|rule|OHKO Clause: OHKO moves are banned
|rule|Evasion Items Clause: Evasion items are banned
|rule|Evasion Moves Clause: Evasion moves are banned
|rule|Evasion Abilities Clause: Evasion abilities are banned
|rule|Sleep Moves Clause: Sleep-inducing moves are banned
|clearpoke
|poke|p1|Decidueye, F|
|poke|p1|Meowstic-F, F|
|poke|p1|Zapdos|
|poke|p1|Tentacruel, F|
|poke|p1|Cresselia, F|
|poke|p1|Nosepass, F|
|poke|p2|Blastoise, M|
|poke|p2|Krookodile, M|
|poke|p2|Kommo-o, M|
|poke|p2|Arcanine-Hisui, F|
|poke|p2|Hydrapple, M|
|poke|p2|Mimikyu, M|
|teampreview
|
|t:|1758980738
|teamsize|p1|6
|teamsize|p2|6
|start
|switch|p1a: Nosepass|Nosepass, F|100/100
|switch|p2a: Kommo-o|Kommo-o, M|100/100
|turn|1
|
|t:|1758980748
|move|p2a: Kommo-o|Belly Drum|p2a: Kommo-o
|-damage|p2a: Kommo-o|51/100
|-setboost|p2a: Kommo-o|atk|6|[from] move: Belly Drum
|move|p1a: Nosepass|Stealth Rock|p2a: Kommo-o
|-sidestart|p2: MANNYHELLYEAH|move: Stealth Rock
|
|upkeep
|turn|2
|
|t:|1758980756
|move|p2a: Kommo-o|Drain Punch|p1a: Nosepass
|-supereffective|p1a: Nosepass
|-ability|p1a: Nosepass|Sturdy
|-damage|p1a: Nosepass|1/100
|-heal|p2a: Kommo-o|85/100|[from] drain|[of] p1a: Nosepass
|move|p1a: Nosepass|Thunder Wave|p2a: Kommo-o
|-status|p2a: Kommo-o|par
|
|upkeep
|turn|3
|
|t:|1758980764
|cant|p2a: Kommo-o|par
|move|p1a: Nosepass|Pain Split|p2a: Kommo-o
|-sethp|p2a: Kommo-o|43/100 par|[from] move: Pain Split|[silent]
|-sethp|p1a: Nosepass|62/100|[from] move: Pain Split
|
|upkeep
|turn|4
|
|t:|1758980771
|switch|p1a: Decidueye|Decidueye, F|100/100
|cant|p2a: Kommo-o|par
|
|upkeep
|turn|5
|
|t:|1758980787
|switch|p2a: Arcanine|Arcanine-Hisui, F|100/100
|-damage|p2a: Arcanine|76/100|[from] Stealth Rock
|move|p1a: Decidueye|Spirit Shackle|p2a: Arcanine
|-damage|p2a: Arcanine|29/100
|-activate|p2a: Arcanine|trapped
|
|upkeep
|turn|6
|
|t:|1758980799
|switch|p1a: Nosepass|Nosepass, F|62/100
|move|p2a: Arcanine|Flare Blitz|p1a: Nosepass
|-resisted|p1a: Nosepass
|-damage|p1a: Nosepass|44/100
|
|upkeep
|turn|7
|
|t:|1758980810
|move|p2a: Arcanine|Flare Blitz|p1a: Nosepass
|-resisted|p1a: Nosepass
|-damage|p1a: Nosepass|25/100
|move|p1a: Nosepass|Body Press|p2a: Arcanine
|-supereffective|p2a: Arcanine
|-damage|p2a: Arcanine|0 fnt
|faint|p2a: Arcanine
|
|upkeep
|
|t:|1758980817
|switch|p2a: Hydrapple|Hydrapple, M|100/100
|-damage|p2a: Hydrapple|88/100|[from] Stealth Rock
|turn|8
|
|t:|1758980823
|move|p2a: Hydrapple|Nasty Plot|p2a: Hydrapple
|-boost|p2a: Hydrapple|spa|2
|move|p1a: Nosepass|Thunder Wave|p2a: Hydrapple
|-status|p2a: Hydrapple|par
|
|-heal|p2a: Hydrapple|94/100 par|[from] item: Leftovers
|upkeep
|turn|9
|
|t:|1758980833
|move|p1a: Nosepass|Pain Split|p2a: Hydrapple
|-sethp|p2a: Hydrapple|53/100 par|[from] move: Pain Split|[silent]
|-sethp|p1a: Nosepass|100/100|[from] move: Pain Split
|move|p2a: Hydrapple|Giga Drain|p1a: Nosepass
|-supereffective|p1a: Nosepass
|-ability|p1a: Nosepass|Sturdy
|-damage|p1a: Nosepass|1/100
|-heal|p2a: Hydrapple|77/100 par|[from] drain|[of] p1a: Nosepass
|
|-heal|p2a: Hydrapple|84/100 par|[from] item: Leftovers
|upkeep
|turn|10
|
|t:|1758980844
|move|p1a: Nosepass|Pain Split|p2a: Hydrapple
|-sethp|p2a: Hydrapple|42/100 par|[from] move: Pain Split|[silent]
|-sethp|p1a: Nosepass|86/100|[from] move: Pain Split
|cant|p2a: Hydrapple|par
|
|-heal|p2a: Hydrapple|48/100 par|[from] item: Leftovers
|upkeep
|turn|11
|
|t:|1758980855
|move|p1a: Nosepass|Body Press|p2a: Hydrapple
|-damage|p2a: Hydrapple|32/100 par
|move|p2a: Hydrapple|Giga Drain|p1a: Nosepass
|-supereffective|p1a: Nosepass
|-damage|p1a: Nosepass|0 fnt
|-heal|p2a: Hydrapple|52/100 par|[from] drain|[of] p1a: Nosepass
|faint|p1a: Nosepass
|
|-heal|p2a: Hydrapple|59/100 par|[from] item: Leftovers
|upkeep
|
|t:|1758980865
|switch|p1a: Meowstic|Meowstic-F, F|100/100
|turn|12
|
|t:|1758980873
|switch|p2a: Mimikyu|Mimikyu, M|100/100
|-damage|p2a: Mimikyu|88/100|[from] Stealth Rock
|move|p1a: Meowstic|Alluring Voice|p2a: Mimikyu
|-activate|p2a: Mimikyu|ability: Disguise
|-damage|p2a: Mimikyu|88/100
|detailschange|p2a: Mimikyu|Mimikyu-Busted, M
|-damage|p2a: Mimikyu|76/100|[from] pokemon: Mimikyu-Busted
|-enditem|p1a: Meowstic|Throat Spray
|-boost|p1a: Meowstic|spa|1|[from] item: Throat Spray
|
|upkeep
|turn|13
|
|t:|1758980890
|-terastallize|p1a: Meowstic|Fairy
|move|p1a: Meowstic|Shadow Ball|p2a: Mimikyu
|-supereffective|p2a: Mimikyu
|-damage|p2a: Mimikyu|0 fnt
|faint|p2a: Mimikyu
|
|upkeep
|
|t:|1758980896
|switch|p2a: Blastoise|Blastoise, M|100/100
|-damage|p2a: Blastoise|88/100|[from] Stealth Rock
|turn|14
|
|t:|1758980901
|move|p1a: Meowstic|Psychic|p2a: Blastoise
|-damage|p2a: Blastoise|35/100
|-unboost|p2a: Blastoise|spd|1
|-enditem|p2a: Blastoise|White Herb
|-clearnegativeboost|p2a: Blastoise|[silent]
|move|p2a: Blastoise|Shell Smash|p2a: Blastoise
|-unboost|p2a: Blastoise|def|1
|-unboost|p2a: Blastoise|spd|1
|-boost|p2a: Blastoise|atk|2
|-boost|p2a: Blastoise|spa|2
|-boost|p2a: Blastoise|spe|2
|
|upkeep
|turn|15
|
|t:|1758980912
|move|p2a: Blastoise|Flash Cannon|p1a: Meowstic
|-supereffective|p1a: Meowstic
|-damage|p1a: Meowstic|0 fnt
|faint|p1a: Meowstic
|
|upkeep
|
|t:|1758980917
|switch|p1a: Tentacruel|Tentacruel, F|100/100
|turn|16
|
|t:|1758980927
|move|p2a: Blastoise|Hydro Pump|p1a: Tentacruel|[miss]
|-miss|p2a: Blastoise|p1a: Tentacruel
|move|p1a: Tentacruel|Rapid Spin|p2a: Blastoise
|-crit|p2a: Blastoise
|-damage|p2a: Blastoise|14/100
|-boost|p1a: Tentacruel|spe|1
|
|upkeep
|turn|17
|
|t:|1758980937
|move|p2a: Blastoise|Hydro Pump|p1a: Tentacruel
|-resisted|p1a: Tentacruel
|-damage|p1a: Tentacruel|71/100
|move|p1a: Tentacruel|Surf|p2a: Blastoise
|-resisted|p2a: Blastoise
|-damage|p2a: Blastoise|0 fnt
|faint|p2a: Blastoise
|
|upkeep
|
|t:|1758980945
|switch|p2a: Krookodile|Krookodile, M|100/100
|-damage|p2a: Krookodile|94/100|[from] Stealth Rock
|turn|18
|
|t:|1758980952
|move|p2a: Krookodile|Stone Edge|p1a: Tentacruel|[miss]
|-miss|p2a: Krookodile|p1a: Tentacruel
|move|p1a: Tentacruel|Surf|p2a: Krookodile
|-supereffective|p2a: Krookodile
|-damage|p2a: Krookodile|17/100
|
|upkeep
|turn|19
|
|t:|1758980963
|move|p2a: Krookodile|Stone Edge|p1a: Tentacruel
|-damage|p1a: Tentacruel|21/100
|move|p1a: Tentacruel|Surf|p2a: Krookodile
|-supereffective|p2a: Krookodile
|-damage|p2a: Krookodile|0 fnt
|faint|p2a: Krookodile
|
|upkeep
|-message|MANNYHELLYEAH forfeited.
|
|win|thefunbegins
|raw|thefunbegins's rating: 1090 &rarr; <strong>1117</strong><br />(+27 for winning)
|raw|MANNYHELLYEAH's rating: 1100 &rarr; <strong>1074</strong><br />(-26 for losing)
|l|☆MANNYHELLYEAH
|player|p2|
|l|☆thefunbegins
|player|p1|
