|j|☆RighteousHideous
|j|☆Crocodile E
|t:|1759075911
|gametype|singles
|player|p1|RighteousHideous|169|1373
|player|p2|Crocodile E|depotagent|1417
|gen|9
|tier|[Gen 9] OU
|rated|
|rule|HP Percentage Mod: HP is shown in percentages
|rule|Endless Battle Clause: Forcing endless battles is banned
|rule|Species Clause: Limit one of each Pokémon
|rule|OHKO Clause: OHKO moves are banned
|rule|Evasion Items Clause: Evasion items are banned
|rule|Evasion Moves Clause: Evasion moves are banned
|rule|Evasion Abilities Clause: Evasion abilities are banned
|rule|Sleep Moves Clause: Sleep-inducing moves are banned
|clearpoke
|poke|p1|Lycanroc-Dusk, M|
|poke|p1|Iron Treads|
|poke|p1|Hoopa-Unbound|
|poke|p1|Dragapult, M|
|poke|p1|Gliscor, M|
|poke|p1|Zapdos|
|poke|p2|Deoxys-Speed|
|poke|p2|Gholdengo|
|poke|p2|Ting-Lu|
|poke|p2|Ogerpon-Wellspring, F|
|poke|p2|Kingambit, M|
|poke|p2|Raging Bolt|
|teampreview
|inactive|Battle timer is ON: inactive players will automatically lose when time's up. (requested by Crocodile E)
|
|t:|1759075927
|teamsize|p1|6
|teamsize|p2|6
|start
|switch|p1a: Hoopa|Hoopa-Unbound|100/100
|switch|p2a: Deoxys|Deoxys-Speed|100/100
|-ability|p2a: Deoxys|Pressure
|turn|1
|
|t:|1759075931
|switch|p2a: Ting-Lu|Ting-Lu|100/100
|-ability|p2a: Ting-Lu|Vessel of Ruin
|move|p1a: Hoopa|Knock Off|p2a: Ting-Lu
|-resisted|p2a: Ting-Lu
|-damage|p2a: Ting-Lu|88/100
|-enditem|p2a: Ting-Lu|Leftovers|[from] move: Knock Off|[of] p1a: Hoopa
|
|upkeep
|turn|2
|
|t:|1759075938
|move|p1a: Hoopa|Drain Punch|p2a: Ting-Lu
|-supereffective|p2a: Ting-Lu
|-damage|p2a: Ting-Lu|62/100
|move|p2a: Ting-Lu|Stealth Rock|p1a: Hoopa
|-sidestart|p1: RighteousHideous|move: Stealth Rock
|
|upkeep
|turn|3
|
|t:|1759075948
|switch|p1a: Iron Treads|Iron Treads|100/100
|-damage|p1a: Iron Treads|97/100|[from] Stealth Rock
|move|p2a: Ting-Lu|Ruination|p1a: Iron Treads
|-damage|p1a: Iron Treads|49/100
|
|-heal|p1a: Iron Treads|55/100|[from] item: Leftovers
|upkeep
|turn|4
|
|t:|1759075952
|move|p1a: Iron Treads|Rapid Spin|p2a: Ting-Lu
|-damage|p2a: Ting-Lu|56/100
|-boost|p1a: Iron Treads|spe|1
|-sideend|p1: RighteousHideous|Stealth Rock|[from] move: Rapid Spin|[of] p1a: Iron Treads
|move|p2a: Ting-Lu|Earthquake|p1a: Iron Treads
|-supereffective|p1a: Iron Treads
|-crit|p1a: Iron Treads
|-damage|p1a: Iron Treads|0 fnt
|faint|p1a: Iron Treads
|-end|p1a: Iron Treads|Quark Drive|[silent]
|
|upkeep
|
|t:|1759075960
|switch|p1a: Lycanroc|Lycanroc-Dusk, M|100/100
|turn|5
|
|t:|1759075964
|move|p1a: Lycanroc|Close Combat|p2a: Ting-Lu
|-supereffective|p2a: Ting-Lu
|-damage|p2a: Ting-Lu|0 fnt
|-unboost|p1a: Lycanroc|def|1
|-unboost|p1a: Lycanroc|spd|1
|faint|p2a: Ting-Lu
|
|upkeep
|
|t:|1759075972
|switch|p2a: Gholdengo|Gholdengo|100/100
|-item|p2a: Gholdengo|Air Balloon
|turn|6
|
|t:|1759075981
|switch|p1a: Hoopa|Hoopa-Unbound|100/100
|move|p2a: Gholdengo|Shadow Ball|p1a: Hoopa
|-damage|p1a: Hoopa|82/100
|
|upkeep
|turn|7
|
|t:|1759075991
|-terastallize|p2a: Gholdengo|Fairy
|move|p2a: Gholdengo|Nasty Plot|p2a: Gholdengo
|-boost|p2a: Gholdengo|spa|2
|move|p1a: Hoopa|Knock Off|p2a: Gholdengo
|-resisted|p2a: Gholdengo
|-damage|p2a: Gholdengo|82/100
|-enditem|p2a: Gholdengo|Air Balloon
|
|upkeep
|turn|8
|inactive|RighteousHideous has 120 seconds left.
|
|t:|1759076022
|-terastallize|p1a: Hoopa|Fairy
|move|p2a: Gholdengo|Shadow Ball|p1a: Hoopa
|-damage|p1a: Hoopa|44/100
|move|p1a: Hoopa|Psychic Noise|p2a: Gholdengo
|-damage|p2a: Gholdengo|33/100
|-start|p2a: Gholdengo|move: Heal Block
|
|upkeep
|turn|9
|inactive|RighteousHideous has 120 seconds left.
|
|t:|1759076034
|switch|p2a: Kingambit|Kingambit, M|100/100
|-activate|p2a: Kingambit|ability: Supreme Overlord
|-start|p2a: Kingambit|fallen1|[silent]
|move|p1a: Hoopa|Psychic Noise|p2a: Kingambit
|-immune|p2a: Kingambit
|
|upkeep
|turn|10
|
|t:|1759076042
|-end|p2a: Kingambit|fallen1|[silent]
|switch|p2a: Gholdengo|Gholdengo, tera:Fairy|33/100
|switch|p1a: Zapdos|Zapdos|100/100
|
|upkeep
|turn|11
|
|t:|1759076046
|move|p1a: Zapdos|Volt Switch|p2a: Gholdengo
|-damage|p2a: Gholdengo|2/100
|
|t:|1759076053
|switch|p1a: Gliscor|Gliscor, M|100/100|[from] Volt Switch
|move|p2a: Gholdengo|Recover|p2a: Gholdengo
|-heal|p2a: Gholdengo|52/100
|
|-status|p1a: Gliscor|tox|[from] item: Toxic Orb
|upkeep
|turn|12
|
|t:|1759076060
|move|p2a: Gholdengo|Recover|p2a: Gholdengo
|-heal|p2a: Gholdengo|100/100
|move|p1a: Gliscor|Knock Off|p2a: Gholdengo
|-resisted|p2a: Gholdengo
|-damage|p2a: Gholdengo|95/100
|
|upkeep
|turn|13
|
|t:|1759076065
|move|p2a: Gholdengo|Nasty Plot|p2a: Gholdengo
|-boost|p2a: Gholdengo|spa|2
|move|p1a: Gliscor|Toxic|p2a: Gholdengo
|-immune|p2a: Gholdengo|[from] ability: Good as Gold
|
|upkeep
|turn|14
|-message|RighteousHideous forfeited.
|
|win|Crocodile E
|raw|RighteousHideous's rating: 1373 &rarr; <strong>1356</strong><br />(-17 for losing)
|raw|Crocodile E's rating: 1417 &rarr; <strong>1434</strong><br />(+17 for winning)
|l|☆RighteousHideous
|player|p1|
|l|☆Crocodile E
|player|p2|
