|j|☆will-i-am2
|j|☆Falconskyline
|t:|1758925931
|gametype|singles
|player|p1|will-i-am2|169|1558
|player|p2|Falconskyline|colress|1510
|gen|9
|tier|[Gen 9] OU
|rated|
|rule|HP Percentage Mod: HP is shown in percentages
|rule|Endless Battle Clause: Forcing endless battles is banned
|rule|Species Clause: Limit one of each Pokémon
|rule|OHKO Clause: OHKO moves are banned
|rule|Evasion Items Clause: Evasion items are banned
|rule|Evasion Moves Clause: Evasion moves are banned
|rule|Evasion Abilities Clause: Evasion abilities are banned
|rule|Sleep Moves Clause: Sleep-inducing moves are banned
|clearpoke
|poke|p1|Registeel|
|poke|p1|Mamoswine, F|
|poke|p1|Mimikyu, F|
|poke|p1|Hydreigon, F|
|poke|p1|Slowbro, M|
|poke|p1|Mandibuzz, F|
|poke|p2|Alomomola, F|
|poke|p2|Lokix, M|
|poke|p2|Iron Crown|
|poke|p2|Enamorus, F|
|poke|p2|Glimmora, M|
|poke|p2|Zamazenta-*|
|teampreview
|inactive|Battle timer is ON: inactive players will automatically lose when time's up. (requested by Falconskyline)
|inactive|will-i-am2 has 120 seconds left.
|inactive|will-i-am2 has 90 seconds left.
|
|t:|1758926000
|teamsize|p1|6
|teamsize|p2|6
|start
|switch|p1a: Mamoswine|Mamoswine, F|100/100
|switch|p2a: Glimmora|Glimmora, M, shiny|100/100
|turn|1
|
|t:|1758926008
|switch|p1a: Registeel|Registeel|100/100
|move|p2a: Glimmora|Stealth Rock|p1a: Registeel
|-sidestart|p1: will-i-am2|move: Stealth Rock
|
|upkeep
|turn|2
|
|t:|1758926012
|move|p2a: Glimmora|Earth Power|p1a: Registeel
|-supereffective|p1a: Registeel
|-damage|p1a: Registeel|64/100
|move|p1a: Registeel|Iron Head|p2a: Glimmora
|-supereffective|p2a: Glimmora
|-damage|p2a: Glimmora|42/100
|-activate|p2a: Glimmora|ability: Toxic Debris
|-sidestart|p1: will-i-am2|move: Toxic Spikes
|
|-heal|p1a: Registeel|70/100|[from] item: Leftovers
|upkeep
|turn|3
|
|t:|1758926024
|switch|p2a: Xibi Zlobinmadikov|Alomomola, F|100/100
|move|p1a: Registeel|Stealth Rock|p2a: Xibi Zlobinmadikov
|-sidestart|p2: Falconskyline|move: Stealth Rock
|
|-heal|p1a: Registeel|76/100|[from] item: Leftovers
|upkeep
|turn|4
|
|t:|1758926037
|move|p1a: Registeel|Thunder Wave|p2a: Xibi Zlobinmadikov
|-status|p2a: Xibi Zlobinmadikov|par
|move|p2a: Xibi Zlobinmadikov|Flip Turn|p1a: Registeel
|-damage|p1a: Registeel|66/100
|
|t:|1758926039
|switch|p2a: Glimmora|Glimmora, M, shiny|42/100|[from] Flip Turn
|-damage|p2a: Glimmora|29/100|[from] Stealth Rock
|
|-heal|p1a: Registeel|72/100|[from] item: Leftovers
|upkeep
|turn|5
|inactive|will-i-am2 has 120 seconds left.
|j| Nikator98
|
|t:|1758926083
|move|p2a: Glimmora|Earth Power|p1a: Registeel
|-supereffective|p1a: Registeel
|-damage|p1a: Registeel|37/100
|move|p1a: Registeel|Iron Head|p2a: Glimmora
|-supereffective|p2a: Glimmora
|-crit|p2a: Glimmora
|-damage|p2a: Glimmora|0 fnt
|-activate|p2a: Glimmora|ability: Toxic Debris
|-sidestart|p1: will-i-am2|move: Toxic Spikes
|faint|p2a: Glimmora
|
|-heal|p1a: Registeel|43/100|[from] item: Leftovers
|upkeep
|
|t:|1758926099
|switch|p2a: Iron Crown|Iron Crown|100/100
|-damage|p2a: Iron Crown|94/100|[from] Stealth Rock
|turn|6
|inactive|will-i-am2 has 120 seconds left.
|
|t:|1758926109
|move|p2a: Iron Crown|Focus Blast|p1a: Registeel
|-supereffective|p1a: Registeel
|-damage|p1a: Registeel|2/100
|move|p1a: Registeel|Thunder Wave|p2a: Iron Crown
|-status|p2a: Iron Crown|par
|
|-heal|p1a: Registeel|8/100|[from] item: Leftovers
|upkeep
|turn|7
|inactive|will-i-am2 has 120 seconds left.
|
|t:|1758926115
|move|p2a: Iron Crown|Tachyon Cutter|p1a: Registeel
|-resisted|p1a: Registeel
|-damage|p1a: Registeel|1/100
|-resisted|p1a: Registeel
|-damage|p1a: Registeel|0 fnt
|faint|p1a: Registeel
|-hitcount|p1: Registeel|2
|
|upkeep
|inactive|will-i-am2 has 120 seconds left.
|
|t:|1758926122
|switch|p1a: Mandibuzz|Mandibuzz, F|100/100
|-damage|p1a: Mandibuzz|76/100|[from] Stealth Rock
|turn|8
|
|t:|1758926127
|move|p1a: Mandibuzz|Defog|p2a: Iron Crown
|-unboost|p2a: Iron Crown|evasion|1
|-sideend|p2: Falconskyline|Stealth Rock|[from] move: Defog|[of] p1a: Mandibuzz
|-sideend|p1: will-i-am2|Toxic Spikes|[from] move: Defog|[of] p1a: Mandibuzz
|-sideend|p1: will-i-am2|Stealth Rock|[from] move: Defog|[of] p1a: Mandibuzz
|move|p2a: Iron Crown|Volt Switch|p1a: Mandibuzz
|-supereffective|p1a: Mandibuzz
|-damage|p1a: Mandibuzz|36/100
|
|t:|1758926134
|-end|p2a: Iron Crown|Quark Drive|[silent]
|switch|p2a: Enamorus|Enamorus, F|100/100|[from] Volt Switch
|
|upkeep
|turn|9
|
|t:|1758926139
|move|p2a: Enamorus|Moonblast|p1a: Mandibuzz
|-supereffective|p1a: Mandibuzz
|-damage|p1a: Mandibuzz|0 fnt
|faint|p1a: Mandibuzz
|
|upkeep
|
|t:|1758926141
|switch|p1a: Mamoswine|Mamoswine, F|100/100
|turn|10
|
|t:|1758926147
|switch|p2a: Xibi Zlobinmadikov|Alomomola, F|100/100 par
|move|p1a: Mamoswine|Earthquake|p2a: Xibi Zlobinmadikov
|-damage|p2a: Xibi Zlobinmadikov|59/100 par
|
|upkeep
|turn|11
|
|t:|1758926154
|switch|p1a: Slowbro|Slowbro, M|100/100
|move|p2a: Xibi Zlobinmadikov|Scald|p1a: Slowbro
|-resisted|p1a: Slowbro
|-damage|p1a: Slowbro|94/100
|
|-heal|p1a: Slowbro|99/100|[from] item: Leftovers
|upkeep
|turn|12
|
|t:|1758926168
|switch|p2a: Iron Crown|Iron Crown|94/100 par
|move|p1a: Slowbro|Scald|p2a: Iron Crown
|-damage|p2a: Iron Crown|68/100 par
|
|-heal|p1a: Slowbro|100/100|[from] item: Leftovers
|upkeep
|turn|13
|
|t:|1758926174
|move|p2a: Iron Crown|Psychic Noise|p1a: Slowbro
|-resisted|p1a: Slowbro
|-damage|p1a: Slowbro|82/100
|-start|p1a: Slowbro|move: Heal Block
|move|p1a: Slowbro|Scald|p2a: Iron Crown
|-damage|p2a: Iron Crown|43/100 par
|
|upkeep
|turn|14
|
|t:|1758926183
|cant|p2a: Iron Crown|par
|move|p1a: Slowbro|Scald|p2a: Iron Crown
|-damage|p2a: Iron Crown|15/100 par
|
|-end|p1a: Slowbro|move: Heal Block
|upkeep
|turn|15
|
|t:|1758926188
|move|p2a: Iron Crown|Volt Switch|p1a: Slowbro
|-supereffective|p1a: Slowbro
|-damage|p1a: Slowbro|31/100
|
|t:|1758926195
|-end|p2a: Iron Crown|Quark Drive|[silent]
|switch|p2a: Lokix|Lokix, M|100/100|[from] Volt Switch
|move|p1a: Slowbro|Scald|p2a: Lokix
|-damage|p2a: Lokix|28/100
|
|-heal|p1a: Slowbro|38/100|[from] item: Leftovers
|upkeep
|turn|16
|
|t:|1758926201
|switch|p1a: Mimikyu|Mimikyu, F|100/100
|move|p2a: Lokix|U-turn|p1a: Mimikyu
|-activate|p1a: Mimikyu|ability: Disguise
|-damage|p1a: Mimikyu|100/100
|detailschange|p1a: Mimikyu|Mimikyu-Busted, F
|-damage|p1a: Mimikyu|88/100|[from] pokemon: Mimikyu-Busted
|
|t:|1758926217
|switch|p2a: Xibi Zlobinmadikov|Alomomola, F|92/100 par|[from] U-turn
|
|upkeep
|turn|17
|
|t:|1758926225
|move|p1a: Mimikyu|Swords Dance|p1a: Mimikyu
|-boost|p1a: Mimikyu|atk|2
|move|p2a: Xibi Zlobinmadikov|Scald|p1a: Mimikyu
|-damage|p1a: Mimikyu|71/100
|
|upkeep
|turn|18
|
|t:|1758926233
|move|p1a: Mimikyu|Play Rough|p2a: Xibi Zlobinmadikov
|-damage|p2a: Xibi Zlobinmadikov|40/100 par
|-damage|p1a: Mimikyu|55/100|[from] item: Rocky Helmet|[of] p2a: Xibi Zlobinmadikov
|-damage|p1a: Mimikyu|45/100|[from] item: Life Orb
|move|p2a: Xibi Zlobinmadikov|Scald|p1a: Mimikyu
|-damage|p1a: Mimikyu|26/100
|-status|p1a: Mimikyu|brn
|
|-damage|p1a: Mimikyu|20/100 brn|[from] brn
|upkeep
|turn|19
|
|t:|1758926247
|switch|p1a: Hydreigon|Hydreigon, F|100/100
|move|p2a: Xibi Zlobinmadikov|Protect||[still]
|-fail|p2a: Xibi Zlobinmadikov
|
|upkeep
|turn|20
|
|t:|1758926254
|switch|p2a: Iron Crown|Iron Crown|15/100 par
|move|p1a: Hydreigon|Dark Pulse|p2a: Iron Crown
|-supereffective|p2a: Iron Crown
|-damage|p2a: Iron Crown|0 fnt
|faint|p2a: Iron Crown
|-end|p2a: Iron Crown|Quark Drive|[silent]
|
|upkeep
|
|t:|1758926258
|switch|p2a: Lokix|Lokix, M|28/100
|turn|21
|
|t:|1758926266
|switch|p1a: Mimikyu|Mimikyu-Busted, F|20/100 brn
|-terastallize|p2a: Lokix|Bug
|move|p2a: Lokix|First Impression|p1a: Mimikyu
|-resisted|p1a: Mimikyu
|-damage|p1a: Mimikyu|0 fnt
|faint|p1a: Mimikyu
|
|upkeep
|
|t:|1758926275
|switch|p1a: Hydreigon|Hydreigon, F|100/100
|turn|22
|
|t:|1758926294
|switch|p2a: Enamorus|Enamorus, F|100/100
|move|p1a: Hydreigon|Dark Pulse|p2a: Enamorus
|-resisted|p2a: Enamorus
|-damage|p2a: Enamorus|71/100
|
|upkeep
|turn|23
|
|t:|1758926306
|-terastallize|p1a: Hydreigon|Steel
|move|p2a: Enamorus|Moonblast|p1a: Hydreigon
|-resisted|p1a: Hydreigon
|-crit|p1a: Hydreigon
|-damage|p1a: Hydreigon|55/100
|move|p1a: Hydreigon|Flash Cannon|p2a: Enamorus
|-supereffective|p2a: Enamorus
|-damage|p2a: Enamorus|0 fnt
|faint|p2a: Enamorus
|
|upkeep
|
|t:|1758926314
|switch|p2a: Zamazenta|Zamazenta|100/100
|-ability|p2a: Zamazenta|Dauntless Shield|boost
|-boost|p2a: Zamazenta|def|1
|turn|24
|
|t:|1758926317
|switch|p1a: Slowbro|Slowbro, M|71/100
|move|p2a: Zamazenta|Body Press|p1a: Slowbro
|-resisted|p1a: Slowbro
|-damage|p1a: Slowbro|52/100
|
|-heal|p1a: Slowbro|58/100|[from] item: Leftovers
|upkeep
|turn|25
|
|t:|1758926326
|move|p2a: Zamazenta|Crunch|p1a: Slowbro
|-supereffective|p1a: Slowbro
|-damage|p1a: Slowbro|26/100
|-unboost|p1a: Slowbro|def|1
|move|p1a: Slowbro|Psychic|p2a: Zamazenta
|-supereffective|p2a: Zamazenta
|-damage|p2a: Zamazenta|38/100
|
|-heal|p2a: Zamazenta|44/100|[from] item: Leftovers
|-heal|p1a: Slowbro|32/100|[from] item: Leftovers
|upkeep
|turn|26
|
|t:|1758926339
|switch|p1a: Mamoswine|Mamoswine, F|100/100
|move|p2a: Zamazenta|Crunch|p1a: Mamoswine
|-damage|p1a: Mamoswine|78/100
|
|-heal|p2a: Zamazenta|50/100|[from] item: Leftovers
|upkeep
|turn|27
|
|t:|1758926345
|switch|p1a: Slowbro|Slowbro, M|65/100
|move|p2a: Zamazenta|Body Press|p1a: Slowbro
|-resisted|p1a: Slowbro
|-damage|p1a: Slowbro|46/100
|
|-heal|p2a: Zamazenta|57/100|[from] item: Leftovers
|-heal|p1a: Slowbro|53/100|[from] item: Leftovers
|upkeep
|turn|28
|
|t:|1758926353
|move|p2a: Zamazenta|Body Press|p1a: Slowbro
|-resisted|p1a: Slowbro
|-damage|p1a: Slowbro|32/100
|move|p1a: Slowbro|Scald|p2a: Zamazenta
|-damage|p2a: Zamazenta|25/100
|
|-heal|p2a: Zamazenta|31/100|[from] item: Leftovers
|-heal|p1a: Slowbro|38/100|[from] item: Leftovers
|upkeep
|turn|29
|
|t:|1758926368
|move|p2a: Zamazenta|Crunch|p1a: Slowbro
|-supereffective|p1a: Slowbro
|-damage|p1a: Slowbro|6/100
|move|p1a: Slowbro|Scald|p2a: Zamazenta
|-damage|p2a: Zamazenta|1/100
|-status|p2a: Zamazenta|brn
|
|-heal|p2a: Zamazenta|7/100 brn|[from] item: Leftovers
|-heal|p1a: Slowbro|13/100|[from] item: Leftovers
|-damage|p2a: Zamazenta|1/100 brn|[from] brn
|upkeep
|turn|30
|
|t:|1758926379
|switch|p1a: Mamoswine|Mamoswine, F|78/100
|move|p2a: Zamazenta|Body Press|p1a: Mamoswine
|-supereffective|p1a: Mamoswine
|-damage|p1a: Mamoswine|19/100
|
|-heal|p2a: Zamazenta|7/100 brn|[from] item: Leftovers
|-damage|p2a: Zamazenta|1/100 brn|[from] brn
|upkeep
|turn|31
|
|t:|1758926391
|move|p1a: Mamoswine|Ice Shard|p2a: Zamazenta
|-damage|p2a: Zamazenta|0 fnt
|faint|p2a: Zamazenta
|
|upkeep
|
|t:|1758926394
|switch|p2a: Xibi Zlobinmadikov|Alomomola, F|74/100 par
|turn|32
|
|t:|1758926398
|switch|p1a: Slowbro|Slowbro, M|46/100
|move|p2a: Xibi Zlobinmadikov|Flip Turn|p1a: Slowbro
|-resisted|p1a: Slowbro
|-damage|p1a: Slowbro|40/100
|
|t:|1758926400
|switch|p2a: Lokix|Lokix, M, tera:Bug|28/100|[from] Flip Turn
|
|-heal|p1a: Slowbro|46/100|[from] item: Leftovers
|upkeep
|turn|33
|
|t:|1758926408
|switch|p1a: Mamoswine|Mamoswine, F|19/100
|move|p2a: Lokix|U-turn|p1a: Mamoswine
|-damage|p1a: Mamoswine|0 fnt
|faint|p1a: Mamoswine
|
|t:|1758926414
|switch|p2a: Xibi Zlobinmadikov|Alomomola, F|100/100 par|[from] U-turn
|
|upkeep
|
|t:|1758926416
|switch|p1a: Hydreigon|Hydreigon, F, tera:Steel|55/100
|turn|34
|
|t:|1758926420
|move|p1a: Hydreigon|Nasty Plot|p1a: Hydreigon
|-boost|p1a: Hydreigon|spa|2
|cant|p2a: Xibi Zlobinmadikov|par
|
|upkeep
|turn|35
|
|t:|1758926424
|move|p1a: Hydreigon|Dark Pulse|p2a: Xibi Zlobinmadikov
|-damage|p2a: Xibi Zlobinmadikov|0 fnt
|faint|p2a: Xibi Zlobinmadikov
|
|upkeep
|
|t:|1758926426
|switch|p2a: Lokix|Lokix, M, tera:Bug|28/100
|turn|36
|
|t:|1758926443
|move|p2a: Lokix|Sucker Punch|p1a: Hydreigon
|-damage|p1a: Hydreigon|0 fnt
|faint|p1a: Hydreigon
|
|upkeep
|
|t:|1758926446
|switch|p1a: Slowbro|Slowbro, M|79/100
|turn|37
|
|t:|1758926455
|move|p2a: Lokix|Sucker Punch||[still]
|-fail|p2a: Lokix
|move|p1a: Slowbro|Trick Room|p1a: Slowbro
|-fieldstart|move: Trick Room|[of] p1a: Slowbro
|
|-heal|p1a: Slowbro|85/100|[from] item: Leftovers
|upkeep
|turn|38
|c|☆will-i-am2|gg
|
|t:|1758926461
|move|p2a: Lokix|Sucker Punch||[still]
|-fail|p2a: Lokix
|move|p1a: Slowbro|Trick Room|p1a: Slowbro
|-fieldend|move: Trick Room
|
|-heal|p1a: Slowbro|92/100|[from] item: Leftovers
|upkeep
|turn|39
|c|☆Falconskyline|gg
|
|t:|1758926466
|move|p2a: Lokix|Sucker Punch||[still]
|-fail|p2a: Lokix
|move|p1a: Slowbro|Trick Room|p1a: Slowbro
|-fieldstart|move: Trick Room|[of] p1a: Slowbro
|
|-heal|p1a: Slowbro|98/100|[from] item: Leftovers
|upkeep
|turn|40
|c|☆will-i-am2|very wp
|
|t:|1758926472
|move|p2a: Lokix|Sucker Punch||[still]
|-fail|p2a: Lokix
|move|p1a: Slowbro|Trick Room|p1a: Slowbro
|-fieldend|move: Trick Room
|
|-heal|p1a: Slowbro|100/100|[from] item: Leftovers
|upkeep
|turn|41
|c|☆Falconskyline|U2
|
|t:|1758926477
|move|p2a: Lokix|Sucker Punch||[still]
|-fail|p2a: Lokix
|move|p1a: Slowbro|Trick Room|p1a: Slowbro
|-fieldstart|move: Trick Room|[of] p1a: Slowbro
|
|upkeep
|turn|42
|
|t:|1758926485
|move|p2a: Lokix|Sucker Punch||[still]
|-fail|p2a: Lokix
|move|p1a: Slowbro|Trick Room|p1a: Slowbro
|-fieldend|move: Trick Room
|
|upkeep
|turn|43
|c|☆will-i-am2|thanks
|
|t:|1758926489
|move|p2a: Lokix|Sucker Punch||[still]
|-fail|p2a: Lokix
|move|p1a: Slowbro|Trick Room|p1a: Slowbro
|-fieldstart|move: Trick Room|[of] p1a: Slowbro
|
|upkeep
|turn|44
|
|t:|1758926493
|move|p1a: Slowbro|Scald|p2a: Lokix
|-damage|p2a: Lokix|0 fnt
|faint|p2a: Lokix
|
|win|will-i-am2
|raw|will-i-am2's rating: 1558 &rarr; <strong>1575</strong><br />(+17 for winning)
|raw|Falconskyline's rating: 1510 &rarr; <strong>1493</strong><br />(-17 for losing)
|c|☆will-i-am2|gg
|c|☆Falconskyline|gg
