|j|☆romeo30001
|j|☆findmyhair
|t:|1758929670
|gametype|singles
|player|p1|romeo30001|266|1152
|player|p2|findmyhair|acetrainercouple|1205
|gen|9
|tier|[Gen 9] OU
|rated|
|rule|HP Percentage Mod: HP is shown in percentages
|rule|Endless Battle Clause: Forcing endless battles is banned
|rule|Species Clause: Limit one of each Pokémon
|rule|OHKO Clause: OHKO moves are banned
|rule|Evasion Items Clause: Evasion items are banned
|rule|Evasion Moves Clause: Evasion moves are banned
|rule|Evasion Abilities Clause: Evasion abilities are banned
|rule|Sleep Moves Clause: Sleep-inducing moves are banned
|clearpoke
|poke|p1|Iron Crown|
|poke|p1|Ninetales-Alola, M|
|poke|p1|Alomomola, M|
|poke|p1|Cyclizar, M|
|poke|p1|Tornadus-Therian, M|
|poke|p1|Hydrapple, F|
|poke|p2|Cresselia, F|
|poke|p2|Slowking-Galar, M|
|poke|p2|Iron Hands|
|poke|p2|Ursaluna, F|
|poke|p2|Crawdaunt, F|
|poke|p2|Klefki, M|
|teampreview
|inactive|Battle timer is ON: inactive players will automatically lose when time's up. (requested by findmyhair)
|inactive|romeo30001 also wants the timer to be on.
|inactive|romeo30001 has 120 seconds left.
|
|t:|1758929728
|teamsize|p1|6
|teamsize|p2|6
|start
|switch|p1a: Iron Crown|Iron Crown|100/100
|switch|p2a: Klefki|Klefki, M|100/100
|turn|1
|
|t:|1758929734
|move|p2a: Klefki|Reflect|p2a: Klefki
|-sidestart|p2: findmyhair|Reflect
|move|p1a: Iron Crown|Tachyon Cutter|p2a: Klefki
|-damage|p2a: Klefki|72/100
|-damage|p2a: Klefki|39/100
|-hitcount|p2a: Klefki|2
|
|upkeep
|turn|2
|
|t:|1758929754
|move|p2a: Klefki|Light Screen|p2a: Klefki
|-sidestart|p2: findmyhair|move: Light Screen
|move|p1a: Iron Crown|Tachyon Cutter|p2a: Klefki
|-damage|p2a: Klefki|24/100
|-damage|p2a: Klefki|8/100
|-hitcount|p2a: Klefki|2
|
|upkeep
|turn|3
|
|t:|1758929762
|switch|p2a: Slowking|Slowking-Galar, M|100/100
|move|p1a: Iron Crown|Tachyon Cutter|p2a: Slowking
|-damage|p2a: Slowking|91/100
|-damage|p2a: Slowking|81/100
|-hitcount|p2a: Slowking|2
|
|-heal|p2a: Slowking|88/100|[from] item: Black Sludge
|upkeep
|turn|4
|
|t:|1758929769
|-end|p1a: Iron Crown|Quark Drive|[silent]
|switch|p1a: Tornadus|Tornadus-Therian, M|100/100
|move|p2a: Slowking|Trick Room|p2a: Slowking
|-fieldstart|move: Trick Room|[of] p2a: Slowking
|
|-heal|p2a: Slowking|94/100|[from] item: Black Sludge
|upkeep
|turn|5
|
|t:|1758929777
|move|p2a: Slowking|Nasty Plot|p2a: Slowking
|-boost|p2a: Slowking|spa|2
|move|p1a: Tornadus|Knock Off|p2a: Slowking
|-supereffective|p2a: Slowking
|-damage|p2a: Slowking|71/100
|-enditem|p2a: Slowking|Black Sludge|[from] move: Knock Off|[of] p1a: Tornadus
|
|upkeep
|turn|6
|
|t:|1758929784
|move|p2a: Slowking|Nasty Plot|p2a: Slowking
|-boost|p2a: Slowking|spa|2
|move|p1a: Tornadus|U-turn|p2a: Slowking
|-damage|p2a: Slowking|64/100
|
|t:|1758929799
|switch|p1a: Iron Crown|Iron Crown|100/100|[from] U-turn
|
|upkeep
|turn|7
|
|t:|1758929804
|-end|p1a: Iron Crown|Quark Drive|[silent]
|switch|p1a: Tornadus|Tornadus-Therian, M|100/100
|move|p2a: Slowking|Fire Blast|p1a: Tornadus|[miss]
|-miss|p2a: Slowking|p1a: Tornadus
|
|upkeep
|turn|8
|
|t:|1758929818
|switch|p1a: Cyclizar|Cyclizar, M|100/100
|move|p2a: Slowking|Fire Blast|p1a: Cyclizar|[miss]
|-miss|p2a: Slowking|p1a: Cyclizar
|
|-sideend|p2: findmyhair|Reflect
|-fieldend|move: Trick Room
|upkeep
|turn|9
|
|t:|1758929839
|move|p1a: Cyclizar|Knock Off|p2a: Slowking
|-supereffective|p2a: Slowking
|-damage|p2a: Slowking|33/100
|move|p2a: Slowking|Trick Room|p2a: Slowking
|-fieldstart|move: Trick Room|[of] p2a: Slowking
|
|-sideend|p2: findmyhair|move: Light Screen
|upkeep
|turn|10
|
|t:|1758929845
|move|p2a: Slowking|Sludge Bomb|p1a: Cyclizar
|-damage|p1a: Cyclizar|0 fnt
|faint|p1a: Cyclizar
|
|upkeep
|inactive|romeo30001 has 120 seconds left.
|
|t:|1758929869
|switch|p1a: Tornadus|Tornadus-Therian, M|100/100
|turn|11
|
|t:|1758929878
|move|p2a: Slowking|Fire Blast|p1a: Tornadus
|-damage|p1a: Tornadus|0 fnt
|faint|p1a: Tornadus
|
|upkeep
|
|t:|1758929885
|switch|p1a: Alomomola|Alomomola, M|100/100
|turn|12
|
|t:|1758929914
|switch|p1a: Iron Crown|Iron Crown|100/100
|move|p2a: Slowking|Fire Blast|p1a: Iron Crown
|-supereffective|p1a: Iron Crown
|-damage|p1a: Iron Crown|0 fnt
|faint|p1a: Iron Crown
|-end|p1a: Iron Crown|Quark Drive|[silent]
|
|upkeep
|-message|romeo30001 forfeited.
|
|win|findmyhair
|raw|romeo30001's rating: 1152 &rarr; <strong>1131</strong><br />(-21 for losing)
|raw|findmyhair's rating: 1205 &rarr; <strong>1226</strong><br />(+21 for winning)
|l|☆romeo30001
|player|p1|
