|j|☆buhbbi
|j|☆sebatata
|inactive|Battle timer is ON: inactive players will automatically lose when time's up.
|t:|1758998961
|gametype|singles
|player|p1|buhbbi|1|
|player|p2|sebatata|bruno|
|gen|9
|tier|[Gen 9] OU
|rated|Tournament battle
|rule|HP Percentage Mod: HP is shown in percentages
|rule|Endless Battle Clause: Forcing endless battles is banned
|rule|Species Clause: Limit one of each Pokémon
|rule|OHKO Clause: OHKO moves are banned
|rule|Evasion Items Clause: Evasion items are banned
|rule|Evasion Moves Clause: Evasion moves are banned
|rule|Evasion Abilities Clause: Evasion abilities are banned
|rule|Sleep Moves Clause: Sleep-inducing moves are banned
|raw|<div class="infobox"><details class="readmore"><summary><strong>15 custom rules:</strong></summary> -burmy, -caterpie, -combee, -kricketot, -magikarp, -scatterbug, -sunkern, -tynamo, -typenull, -weedle, -wurmple, -cosmog, -blipbug, -snom, -wynaut</details></div>
|clearpoke
|poke|p1|Lilligant-Hisui, F|
|poke|p1|Yanmega, M|
|poke|p1|Skuntank, F|
|poke|p2|Croconaw, M|
|poke|p2|Polteageist-Antique|
|poke|p2|Excadrill, F|
|teampreview
|j|*Lady Monita ☀
|inactive|buhbbi also wants the timer to be on.
|c|☆buhbbi|glhf
|c|☆sebatata|Gl
|
|t:|1758998982
|teamsize|p1|3
|teamsize|p2|3
|start
|switch|p1a: Skuntank|Skuntank, F|100/100
|switch|p2a: Excadrill|Excadrill, F|100/100
|turn|1
|
|t:|1758998992
|move|p1a: Skuntank|Knock Off|p2a: Excadrill
|-damage|p2a: Excadrill|20/100
|-enditem|p2a: Excadrill|Life Orb|[from] move: Knock Off|[of] p1a: Skuntank
|-damage|p1a: Skuntank|91/100|[from] item: Life Orb
|move|p2a: Excadrill|Sandstorm|p2a: Excadrill
|-weather|Sandstorm
|
|-weather|Sandstorm|[upkeep]
|-damage|p1a: Skuntank|85/100|[from] Sandstorm
|upkeep
|turn|2
|
|t:|1758999003
|move|p1a: Skuntank|Sucker Punch|p2a: Excadrill
|-damage|p2a: Excadrill|0 fnt
|faint|p2a: Excadrill
|-damage|p1a: Skuntank|75/100|[from] item: Life Orb
|
|-weather|Sandstorm|[upkeep]
|-damage|p1a: Skuntank|69/100|[from] Sandstorm
|upkeep
|
|t:|1758999011
|switch|p2a: Croconaw|Croconaw, M|100/100
|turn|3
|
|t:|1758999023
|switch|p1a: Lilligant|Lilligant-Hisui, F|100/100
|move|p2a: Croconaw|Dragon Dance|p2a: Croconaw
|-boost|p2a: Croconaw|atk|1
|-boost|p2a: Croconaw|spe|1
|
|-weather|Sandstorm|[upkeep]
|-damage|p2a: Croconaw|95/100|[from] Sandstorm
|-damage|p1a: Lilligant|94/100|[from] Sandstorm
|upkeep
|turn|4
|
|t:|1758999037
|-terastallize|p2a: Croconaw|Fire
|move|p2a: Croconaw|Dragon Dance|p2a: Croconaw
|-boost|p2a: Croconaw|atk|1
|-boost|p2a: Croconaw|spe|1
|move|p1a: Lilligant|Victory Dance|p1a: Lilligant
|-boost|p1a: Lilligant|atk|1
|-boost|p1a: Lilligant|def|1
|-boost|p1a: Lilligant|spe|1
|
|-weather|Sandstorm|[upkeep]
|-damage|p1a: Lilligant|88/100|[from] Sandstorm
|-damage|p2a: Croconaw|89/100|[from] Sandstorm
|upkeep
|turn|5
|
|t:|1758999048
|move|p1a: Lilligant|Close Combat|p2a: Croconaw
|-damage|p2a: Croconaw|0 fnt
|-unboost|p1a: Lilligant|def|1
|-unboost|p1a: Lilligant|spd|1
|faint|p2a: Croconaw
|-damage|p1a: Lilligant|78/100|[from] item: Life Orb
|
|-weather|none
|upkeep
|
|t:|1758999052
|switch|p2a: Polteageist|Polteageist-Antique|100/100
|turn|6
|
|t:|1758999059
|move|p1a: Lilligant|Leaf Blade|p2a: Polteageist|[miss]
|-miss|p1a: Lilligant|p2a: Polteageist
|move|p2a: Polteageist|Shell Smash|p2a: Polteageist
|-unboost|p2a: Polteageist|def|1
|-unboost|p2a: Polteageist|spd|1
|-boost|p2a: Polteageist|atk|2
|-boost|p2a: Polteageist|spa|2
|-boost|p2a: Polteageist|spe|2
|-enditem|p2a: Polteageist|White Herb
|-clearnegativeboost|p2a: Polteageist|[silent]
|
|upkeep
|turn|7
|
|t:|1758999064
|move|p2a: Polteageist|Psychic|p1a: Lilligant
|-supereffective|p1a: Lilligant
|-damage|p1a: Lilligant|0 fnt
|faint|p1a: Lilligant
|
|upkeep
|
|t:|1758999067
|switch|p1a: Skuntank|Skuntank, F|69/100
|turn|8
|
|t:|1758999076
|move|p2a: Polteageist|Shell Smash|p2a: Polteageist
|-unboost|p2a: Polteageist|def|1
|-unboost|p2a: Polteageist|spd|1
|-boost|p2a: Polteageist|atk|2
|-boost|p2a: Polteageist|spa|2
|-boost|p2a: Polteageist|spe|2
|move|p1a: Skuntank|Knock Off|p2a: Polteageist
|-supereffective|p2a: Polteageist
|-damage|p2a: Polteageist|0 fnt
|faint|p2a: Polteageist
|-damage|p1a: Skuntank|59/100|[from] item: Life Orb
|
|win|buhbbi
|n|☆buhbbi|buhbbi
|n|☆sebatata|sebatata
|n|*Lady Monita ☀|ladymonita
