|j|☆Burro91
|j|☆Acuamen
|t:|1759014428
|gametype|singles
|player|p1|Burro91|169|1204
|player|p2|Acuamen|1|1211
|gen|9
|tier|[Gen 9] OU
|rated|
|rule|HP Percentage Mod: HP is shown in percentages
|rule|Endless Battle Clause: Forcing endless battles is banned
|rule|Species Clause: Limit one of each Pokémon
|rule|OHKO Clause: OHKO moves are banned
|rule|Evasion Items Clause: Evasion items are banned
|rule|Evasion Moves Clause: Evasion moves are banned
|rule|Evasion Abilities Clause: Evasion abilities are banned
|rule|Sleep Moves Clause: Sleep-inducing moves are banned
|clearpoke
|poke|p1|Lokix, M|
|poke|p1|Iron Crown|
|poke|p1|Gliscor, M|
|poke|p1|Garganacl, F|
|poke|p1|Pecharunt|
|poke|p1|Cinderace, M|
|poke|p2|Lycanroc, M|
|poke|p2|Hippowdon, M|
|poke|p2|Cacturne, M|
|poke|p2|Tyranitar, M|
|poke|p2|Heatran, M|
|poke|p2|Goodra-Hisui, M|
|teampreview
|inactive|Battle timer is ON: inactive players will automatically lose when time's up. (requested by Acuamen)
|
|t:|1759014441
|teamsize|p1|6
|teamsize|p2|6
|start
|switch|p1a: Cinderace|Cinderace, M|100/100
|switch|p2a: Potas|Hippowdon, M, shiny|100/100
|-weather|Sandstorm|[from] ability: Sand Stream|[of] p2a: Potas
|turn|1
|
|t:|1759014458
|move|p1a: Cinderace|U-turn|p2a: Potas
|-start|p1a: Cinderace|typechange|Bug|[from] ability: Libero
|-damage|p2a: Potas|83/100
|
|t:|1759014460
|switch|p1a: Gliscor|Gliscor, M|100/100|[from] U-turn
|move|p2a: Potas|Earthquake|p1a: Gliscor
|-immune|p1a: Gliscor
|
|-weather|Sandstorm|[upkeep]
|-status|p1a: Gliscor|tox|[from] item: Toxic Orb
|upkeep
|turn|2
|
|t:|1759014470
|move|p1a: Gliscor|Swords Dance|p1a: Gliscor
|-boost|p1a: Gliscor|atk|2
|move|p2a: Potas|Stealth Rock|p1a: Gliscor
|-sidestart|p1: Burro91|move: Stealth Rock
|
|-weather|Sandstorm|[upkeep]
|upkeep
|turn|3
|
|t:|1759014480
|switch|p2a: Buble|Lycanroc, M, shiny|100/100
|move|p1a: Gliscor|Facade|p2a: Buble
|-resisted|p2a: Buble
|-damage|p2a: Buble|39/100
|
|-weather|Sandstorm|[upkeep]
|upkeep
|turn|4
|
|t:|1759014489
|move|p2a: Buble|Stone Edge|p1a: Gliscor
|-damage|p1a: Gliscor|31/100 tox
|move|p1a: Gliscor|Facade|p2a: Buble
|-resisted|p2a: Buble
|-damage|p2a: Buble|0 fnt
|faint|p2a: Buble
|
|-weather|Sandstorm|[upkeep]
|-heal|p1a: Gliscor|44/100 tox|[from] ability: Poison Heal
|upkeep
|
|t:|1759014501
|switch|p2a: Tytar|Tyranitar, M, shiny|100/100
|turn|5
|
|t:|1759014508
|move|p1a: Gliscor|Earthquake|p2a: Tytar
|-supereffective|p2a: Tytar
|-crit|p2a: Tytar
|-damage|p2a: Tytar|0 fnt
|faint|p2a: Tytar
|
|-weather|Sandstorm|[upkeep]
|-heal|p1a: Gliscor|56/100 tox|[from] ability: Poison Heal
|upkeep
|-message|Acuamen forfeited.
|
|win|Burro91
|raw|Burro91's rating: 1204 &rarr; <strong>1230</strong><br />(+26 for winning)
|raw|Acuamen's rating: 1211 &rarr; <strong>1185</strong><br />(-26 for losing)
|l|☆Acuamen
|player|p2|
|l|☆Burro91
|player|p1|
