|j|☆Sunshinne
|j|☆hnhgjmmkn
|t:|1759057795
|gametype|singles
|player|p1|Sunshinne|caitlin|1662
|player|p2|hnhgjmmkn|102|1678
|gen|9
|tier|[Gen 9] OU
|rated|
|rule|HP Percentage Mod: HP is shown in percentages
|rule|Endless Battle Clause: Forcing endless battles is banned
|rule|Species Clause: Limit one of each Pokémon
|rule|OHKO Clause: OHKO moves are banned
|rule|Evasion Items Clause: Evasion items are banned
|rule|Evasion Moves Clause: Evasion moves are banned
|rule|Evasion Abilities Clause: Evasion abilities are banned
|rule|Sleep Moves Clause: Sleep-inducing moves are banned
|clearpoke
|poke|p1|Ribombee, F|
|poke|p1|Glimmora, M|
|poke|p1|Manaphy|
|poke|p1|Zamazenta-*|
|poke|p1|Gholdengo|
|poke|p1|Kingambit, F|
|poke|p2|Raging Bolt|
|poke|p2|Torkoal, M|
|poke|p2|Gliscor, F|
|poke|p2|Walking Wake|
|poke|p2|Scizor, F|
|poke|p2|Hatterene, F|
|teampreview
|inactive|Battle timer is ON: inactive players will automatically lose when time's up. (requested by Sunshinne)
|
|t:|1759057814
|teamsize|p1|6
|teamsize|p2|6
|start
|switch|p1a: Glimmora|Glimmora, M|100/100
|switch|p2a: Walking Wake|Walking Wake|100/100
|turn|1
|
|t:|1759057821
|-end|p2a: Walking Wake|Protosynthesis|[silent]
|switch|p2a: Hatterene|Hatterene, F|100/100
|move|p1a: Glimmora|Meteor Beam||[still]
|-prepare|p1a: Glimmora|Meteor Beam
|-boost|p1a: Glimmora|spa|1
|-enditem|p1a: Glimmora|Power Herb
|-anim|p1a: Glimmora|Meteor Beam|p2a: Hatterene
|-damage|p2a: Hatterene|28/100
|
|upkeep
|turn|2
|
|t:|1759057839
|switch|p2a: Torkoal|Torkoal, M|100/100
|-weather|SunnyDay|[from] ability: Drought|[of] p2a: Torkoal
|move|p1a: Glimmora|Sludge Bomb|p2a: Torkoal
|-damage|p2a: Torkoal|0 fnt
|faint|p2a: Torkoal
|
|-weather|SunnyDay|[upkeep]
|upkeep
|
|t:|1759057850
|switch|p2a: Walking Wake|Walking Wake|100/100
|-activate|p2a: Walking Wake|ability: Protosynthesis
|-start|p2a: Walking Wake|protosynthesisspe
|turn|3
|
|t:|1759057869
|move|p2a: Walking Wake|Hydro Steam|p1a: Glimmora
|-supereffective|p1a: Glimmora
|-damage|p1a: Glimmora|0 fnt
|faint|p1a: Glimmora
|
|-weather|SunnyDay|[upkeep]
|upkeep
|
|t:|1759057873
|switch|p1a: Ribombee|Ribombee, F|100/100
|turn|4
|
|t:|1759057879
|-end|p2a: Walking Wake|Protosynthesis|[silent]
|switch|p2a: Hatterene|Hatterene, F|28/100
|move|p1a: Ribombee|Moonblast|p2a: Hatterene
|-damage|p2a: Hatterene|3/100
|
|-weather|SunnyDay|[upkeep]
|upkeep
|turn|5
|
|t:|1759057887
|switch|p2a: Scizor|Scizor, F|100/100
|move|p1a: Ribombee|Moonblast|p2a: Scizor
|-resisted|p2a: Scizor
|-damage|p2a: Scizor|79/100
|
|-weather|SunnyDay|[upkeep]
|upkeep
|turn|6
|
|t:|1759057895
|move|p1a: Ribombee|Stun Spore|p2a: Scizor
|-status|p2a: Scizor|par
|cant|p2a: Scizor|par
|
|-weather|SunnyDay|[upkeep]
|upkeep
|turn|7
|
|t:|1759057902
|switch|p2a: Hatterene|Hatterene, F|3/100
|move|p1a: Ribombee|Moonblast|p2a: Hatterene
|-damage|p2a: Hatterene|0 fnt
|faint|p2a: Hatterene
|
|-weather|SunnyDay|[upkeep]
|upkeep
|
|t:|1759057911
|switch|p2a: Walking Wake|Walking Wake|100/100
|-activate|p2a: Walking Wake|ability: Protosynthesis
|-start|p2a: Walking Wake|protosynthesisspe
|turn|8
|
|t:|1759057916
|move|p2a: Walking Wake|Flip Turn|p1a: Ribombee
|-damage|p1a: Ribombee|89/100
|
|t:|1759057919
|-end|p2a: Walking Wake|Protosynthesis|[silent]
|switch|p2a: Scizor|Scizor, F|79/100 par|[from] Flip Turn
|move|p1a: Ribombee|Sticky Web|p2a: Scizor
|-sidestart|p2: hnhgjmmkn|move: Sticky Web
|
|-weather|SunnyDay|[upkeep]
|upkeep
|turn|9
|
|t:|1759057927
|move|p1a: Ribombee|Moonblast|p2a: Scizor
|-resisted|p2a: Scizor
|-damage|p2a: Scizor|56/100 par
|cant|p2a: Scizor|par
|
|-weather|none
|upkeep
|turn|10
|-message|hnhgjmmkn forfeited.
|
|win|Sunshinne
|raw|Sunshinne's rating: 1679 &rarr; <strong>1699</strong><br />(+20 for winning)
|raw|hnhgjmmkn's rating: 1678 &rarr; <strong>1658</strong><br />(-20 for losing)
|l|☆hnhgjmmkn
|player|p2|
|l|☆Sunshinne
|player|p1|
