|j|☆spidawida07
|j|☆spin24tr
|t:|1758993812
|gametype|singles
|player|p1|spidawida07|1|1315
|player|p2|spin24tr|chili|1252
|gen|9
|tier|[Gen 9] OU
|rated|
|rule|HP Percentage Mod: HP is shown in percentages
|rule|Endless Battle Clause: Forcing endless battles is banned
|rule|Species Clause: Limit one of each Pokémon
|rule|OHKO Clause: OHKO moves are banned
|rule|Evasion Items Clause: Evasion items are banned
|rule|Evasion Moves Clause: Evasion moves are banned
|rule|Evasion Abilities Clause: Evasion abilities are banned
|rule|Sleep Moves Clause: Sleep-inducing moves are banned
|clearpoke
|poke|p1|Kyurem|
|poke|p1|Corviknight, M|
|poke|p1|Ting-Lu|
|poke|p1|Dondozo, M|
|poke|p1|Slowking-Galar, L99, F|
|poke|p1|Cinderace, F|
|poke|p2|Iron Treads|
|poke|p2|Alomomola, M|
|poke|p2|Garganacl, M|
|poke|p2|Weezing-Galar, F|
|poke|p2|Hoopa-Unbound|
|poke|p2|Dragapult, F|
|teampreview
|
|t:|1758993825
|teamsize|p1|6
|teamsize|p2|6
|start
|switch|p1a: Ting-Lu|Ting-Lu|100/100
|switch|p2a: Garganacl|Garganacl, M|100/100
|-ability|p1a: Ting-Lu|Vessel of Ruin
|turn|1
|inactive|Battle timer is ON: inactive players will automatically lose when time's up. (requested by spidawida07)
|inactive|spin24tr also wants the timer to be on.
|
|t:|1758993832
|move|p1a: Ting-Lu|Earthquake|p2a: Garganacl
|-supereffective|p2a: Garganacl
|-damage|p2a: Garganacl|54/100
|move|p2a: Garganacl|Stealth Rock|p1a: Ting-Lu
|-sidestart|p1: spidawida07|move: Stealth Rock
|
|-heal|p2a: Garganacl|60/100|[from] item: Leftovers
|upkeep
|turn|2
|
|t:|1758993845
|switch|p2a: Alomomola|Alomomola, M|100/100
|move|p1a: Ting-Lu|Earthquake|p2a: Alomomola
|-damage|p2a: Alomomola|80/100
|
|upkeep
|turn|3
|
|t:|1758993865
|switch|p1a: Slowking|Slowking-Galar, L99, F|100/100
|move|p2a: Alomomola|Wish|p2a: Alomomola
|
|upkeep
|turn|4
|
|t:|1758993870
|move|p2a: Alomomola|Flip Turn|p1a: Slowking
|-damage|p1a: Slowking|84/100
|
|t:|1758993873
|switch|p2a: Garganacl|Garganacl, M|60/100|[from] Flip Turn
|move|p1a: Slowking|Toxic|p2a: Garganacl
|-immune|p2a: Garganacl|[from] ability: Purifying Salt
|
|-heal|p2a: Garganacl|100/100|[from] move: Wish|[wisher] Alomomola
|upkeep
|turn|5
|
|t:|1758993878
|move|p2a: Garganacl|Salt Cure|p1a: Slowking
|-damage|p1a: Slowking|69/100
|-start|p1a: Slowking|Salt Cure
|-prepare|p1a: Slowking|Chilly Reception|[premajor]
|move|p1a: Slowking|Chilly Reception|p1a: Slowking
|-weather|Snowscape
|
|t:|1758993892
|switch|p1a: Cinderace|Cinderace, F|100/100|[from] Chilly Reception
|
|-weather|Snowscape|[upkeep]
|upkeep
|turn|6
|
|t:|1758993896
|move|p1a: Cinderace|Court Change|p1a: Cinderace
|-swapsideconditions
|-activate|p1a: Cinderace|move: Court Change
|move|p2a: Garganacl|Salt Cure|p1a: Cinderace
|-supereffective|p1a: Cinderace
|-damage|p1a: Cinderace|69/100
|-start|p1a: Cinderace|Salt Cure
|
|-weather|Snowscape|[upkeep]
|-damage|p1a: Cinderace|56/100|[from] Salt Cure
|upkeep
|turn|7
|
|t:|1758993899
|move|p1a: Cinderace|U-turn|p2a: Garganacl
|-damage|p2a: Garganacl|89/100
|
|t:|1758993909
|switch|p1a: Ting-Lu|Ting-Lu|100/100|[from] U-turn
|-ability|p1a: Ting-Lu|Vessel of Ruin
|move|p2a: Garganacl|Stealth Rock|p1a: Ting-Lu
|-sidestart|p1: spidawida07|move: Stealth Rock
|
|-weather|Snowscape|[upkeep]
|-heal|p2a: Garganacl|95/100|[from] item: Leftovers
|upkeep
|turn|8
|
|t:|1758993915
|move|p1a: Ting-Lu|Earthquake|p2a: Garganacl
|-supereffective|p2a: Garganacl
|-damage|p2a: Garganacl|49/100
|move|p2a: Garganacl|Salt Cure|p1a: Ting-Lu
|-resisted|p1a: Ting-Lu
|-damage|p1a: Ting-Lu|97/100
|-start|p1a: Ting-Lu|Salt Cure
|
|-weather|Snowscape|[upkeep]
|-heal|p1a: Ting-Lu|100/100|[from] item: Leftovers
|-heal|p2a: Garganacl|55/100|[from] item: Leftovers
|-damage|p1a: Ting-Lu|88/100|[from] Salt Cure
|upkeep
|turn|9
|
|t:|1758993924
|switch|p1a: Dondozo|Dondozo, M|100/100
|-damage|p1a: Dondozo|88/100|[from] Stealth Rock
|move|p2a: Garganacl|Protect||[still]
|-fail|p2a: Garganacl
|
|-weather|none
|-heal|p2a: Garganacl|61/100|[from] item: Leftovers
|-heal|p1a: Dondozo|94/100|[from] item: Leftovers
|upkeep
|turn|10
|
|t:|1758993929
|switch|p2a: Alomomola|Alomomola, M|100/100
|-damage|p2a: Alomomola|88/100|[from] Stealth Rock
|move|p1a: Dondozo|Waterfall|p2a: Alomomola
|-resisted|p2a: Alomomola
|-damage|p2a: Alomomola|81/100
|-damage|p1a: Dondozo|78/100|[from] item: Rocky Helmet|[of] p2a: Alomomola
|
|-heal|p1a: Dondozo|84/100|[from] item: Leftovers
|upkeep
|turn|11
|
|t:|1758993946
|switch|p1a: Corviknight|Corviknight, M|100/100
|-damage|p1a: Corviknight|88/100|[from] Stealth Rock
|-ability|p1a: Corviknight|Pressure
|move|p2a: Alomomola|Wish|p2a: Alomomola
|
|upkeep
|turn|12
|
|t:|1758993951
|move|p1a: Corviknight|Defog|p2a: Alomomola
|-unboost|p2a: Alomomola|evasion|1
|-sideend|p2: spin24tr|Stealth Rock|[from] move: Defog|[of] p1a: Corviknight
|-sideend|p1: spidawida07|Stealth Rock|[from] move: Defog|[of] p1a: Corviknight
|move|p2a: Alomomola|Flip Turn|p1a: Corviknight
|-damage|p1a: Corviknight|78/100
|-damage|p2a: Alomomola|65/100|[from] item: Rocky Helmet|[of] p1a: Corviknight
|
|t:|1758993953
|switch|p2a: Garganacl|Garganacl, M|61/100|[from] Flip Turn
|
|-heal|p2a: Garganacl|100/100|[from] move: Wish|[wisher] Alomomola
|upkeep
|turn|13
|
|t:|1758993955
|move|p1a: Corviknight|U-turn|p2a: Garganacl
|-damage|p2a: Garganacl|91/100
|
|t:|1758993958
|switch|p1a: Slowking|Slowking-Galar, L99, F|100/100|[from] U-turn
|move|p2a: Garganacl|Salt Cure|p1a: Slowking
|-damage|p1a: Slowking|86/100
|-start|p1a: Slowking|Salt Cure
|
|-heal|p2a: Garganacl|97/100|[from] item: Leftovers
|-damage|p1a: Slowking|74/100|[from] Salt Cure
|upkeep
|turn|14
|
|t:|1758993966
|switch|p1a: Kyurem|Kyurem|100/100
|-ability|p1a: Kyurem|Pressure
|move|p2a: Garganacl|Stealth Rock|p1a: Kyurem
|-sidestart|p1: spidawida07|move: Stealth Rock
|
|-heal|p2a: Garganacl|100/100|[from] item: Leftovers
|upkeep
|turn|15
|
|t:|1758993971
|move|p1a: Kyurem|Substitute|p1a: Kyurem
|-start|p1a: Kyurem|Substitute
|-damage|p1a: Kyurem|75/100
|move|p2a: Garganacl|Salt Cure|p1a: Kyurem
|-supereffective|p1a: Kyurem
|-end|p1a: Kyurem|Substitute
|
|-heal|p1a: Kyurem|82/100|[from] item: Leftovers
|upkeep
|turn|16
|
|t:|1758993975
|move|p1a: Kyurem|Protect|p1a: Kyurem
|-singleturn|p1a: Kyurem|Protect
|move|p2a: Garganacl|Salt Cure|p1a: Kyurem
|-activate|p1a: Kyurem|move: Protect
|
|-heal|p1a: Kyurem|88/100|[from] item: Leftovers
|upkeep
|turn|17
|
|t:|1758993978
|move|p1a: Kyurem|Substitute|p1a: Kyurem
|-start|p1a: Kyurem|Substitute
|-damage|p1a: Kyurem|63/100
|move|p2a: Garganacl|Salt Cure|p1a: Kyurem
|-supereffective|p1a: Kyurem
|-end|p1a: Kyurem|Substitute
|
|-heal|p1a: Kyurem|69/100|[from] item: Leftovers
|upkeep
|turn|18
|
|t:|1758993983
|move|p1a: Kyurem|Protect|p1a: Kyurem
|-singleturn|p1a: Kyurem|Protect
|move|p2a: Garganacl|Protect||[still]
|-fail|p2a: Garganacl
|
|-heal|p1a: Kyurem|75/100|[from] item: Leftovers
|upkeep
|turn|19
|
|t:|1758993989
|move|p1a: Kyurem|Substitute|p1a: Kyurem
|-start|p1a: Kyurem|Substitute
|-damage|p1a: Kyurem|50/100
|move|p2a: Garganacl|Salt Cure|p1a: Kyurem
|-supereffective|p1a: Kyurem
|-end|p1a: Kyurem|Substitute
|
|-heal|p1a: Kyurem|56/100|[from] item: Leftovers
|upkeep
|turn|20
|
|t:|1758993995
|move|p1a: Kyurem|Substitute|p1a: Kyurem
|-start|p1a: Kyurem|Substitute
|-damage|p1a: Kyurem|31/100
|move|p2a: Garganacl|Stealth Rock||[still]
|-fail|p2a: Garganacl
|
|-heal|p1a: Kyurem|38/100|[from] item: Leftovers
|upkeep
|turn|21
|
|t:|1758994000
|move|p1a: Kyurem|Protect|p1a: Kyurem
|-singleturn|p1a: Kyurem|Protect
|move|p2a: Garganacl|Salt Cure|p1a: Kyurem
|-activate|p1a: Kyurem|move: Protect
|
|-heal|p1a: Kyurem|44/100|[from] item: Leftovers
|upkeep
|turn|22
|
|t:|1758994005
|move|p1a: Kyurem|Earth Power|p2a: Garganacl
|-supereffective|p2a: Garganacl
|-damage|p2a: Garganacl|59/100
|move|p2a: Garganacl|Salt Cure|p1a: Kyurem
|-supereffective|p1a: Kyurem
|-end|p1a: Kyurem|Substitute
|
|-heal|p1a: Kyurem|50/100|[from] item: Leftovers
|-heal|p2a: Garganacl|66/100|[from] item: Leftovers
|upkeep
|turn|23
|
|t:|1758994012
|move|p1a: Kyurem|Protect|p1a: Kyurem
|-singleturn|p1a: Kyurem|Protect
|move|p2a: Garganacl|Recover|p2a: Garganacl
|-heal|p2a: Garganacl|100/100
|
|-heal|p1a: Kyurem|56/100|[from] item: Leftovers
|upkeep
|turn|24
|
|t:|1758994019
|move|p1a: Kyurem|Substitute|p1a: Kyurem
|-start|p1a: Kyurem|Substitute
|-damage|p1a: Kyurem|31/100
|move|p2a: Garganacl|Salt Cure|p1a: Kyurem
|-supereffective|p1a: Kyurem
|-end|p1a: Kyurem|Substitute
|
|-heal|p1a: Kyurem|37/100|[from] item: Leftovers
|upkeep
|turn|25
|
|t:|1758994027
|switch|p2a: Iron Treads|Iron Treads|100/100
|move|p1a: Kyurem|Substitute|p1a: Kyurem
|-start|p1a: Kyurem|Substitute
|-damage|p1a: Kyurem|12/100
|
|-heal|p1a: Kyurem|19/100|[from] item: Leftovers
|upkeep
|turn|26
|
|t:|1758994032
|move|p1a: Kyurem|Earth Power|p2a: Iron Treads
|-supereffective|p2a: Iron Treads
|-damage|p2a: Iron Treads|48/100
|-unboost|p2a: Iron Treads|spd|1
|move|p2a: Iron Treads|Iron Head|p1a: Kyurem
|-supereffective|p1a: Kyurem
|-end|p1a: Kyurem|Substitute
|
|-heal|p1a: Kyurem|25/100|[from] item: Leftovers
|upkeep
|turn|27
|
|t:|1758994043
|-end|p2a: Iron Treads|Quark Drive|[silent]
|switch|p2a: Hoopa|Hoopa-Unbound|100/100
|move|p1a: Kyurem|Earth Power|p2a: Hoopa
|-damage|p2a: Hoopa|85/100
|
|-heal|p1a: Kyurem|31/100|[from] item: Leftovers
|upkeep
|turn|28
|
|t:|1758994049
|move|p1a: Kyurem|Protect|p1a: Kyurem
|-singleturn|p1a: Kyurem|Protect
|move|p2a: Hoopa|Drain Punch|p1a: Kyurem
|-activate|p1a: Kyurem|move: Protect
|
|-heal|p1a: Kyurem|37/100|[from] item: Leftovers
|upkeep
|turn|29
|
|t:|1758994063
|switch|p1a: Dondozo|Dondozo, M|84/100
|-damage|p1a: Dondozo|72/100|[from] Stealth Rock
|move|p2a: Hoopa|Knock Off|p1a: Dondozo
|-damage|p1a: Dondozo|50/100
|-enditem|p1a: Dondozo|Leftovers|[from] move: Knock Off|[of] p2a: Hoopa
|
|upkeep
|turn|30
|
|t:|1758994069
|move|p2a: Hoopa|Thunderbolt|p1a: Dondozo
|-supereffective|p1a: Dondozo
|-damage|p1a: Dondozo|0 fnt
|faint|p1a: Dondozo
|
|upkeep
|
|t:|1758994084
|switch|p1a: Cinderace|Cinderace, F|56/100
|turn|31
|
|t:|1758994090
|switch|p2a: Alomomola|Alomomola, M|98/100
|move|p1a: Cinderace|U-turn|p2a: Alomomola
|-damage|p2a: Alomomola|88/100
|-damage|p1a: Cinderace|40/100|[from] item: Rocky Helmet|[of] p2a: Alomomola
|
|t:|1758994098
|switch|p1a: Slowking|Slowking-Galar, L99, F|100/100|[from] U-turn
|
|upkeep
|turn|32
|
|t:|1758994103
|move|p2a: Alomomola|Wish|p2a: Alomomola
|move|p1a: Slowking|Future Sight|p2a: Alomomola
|-start|p1a: Slowking|move: Future Sight
|
|upkeep
|turn|33
|
|t:|1758994110
|move|p2a: Alomomola|Flip Turn|p1a: Slowking
|-damage|p1a: Slowking|83/100
|
|t:|1758994114
|switch|p2a: Iron Treads|Iron Treads|48/100|[from] Flip Turn
|-prepare|p1a: Slowking|Chilly Reception|[premajor]
|move|p1a: Slowking|Chilly Reception|p1a: Slowking
|-weather|Snowscape
|
|t:|1758994120
|switch|p1a: Ting-Lu|Ting-Lu|88/100|[from] Chilly Reception
|-damage|p1a: Ting-Lu|82/100|[from] Stealth Rock
|-ability|p1a: Ting-Lu|Vessel of Ruin
|
|-weather|Snowscape|[upkeep]
|-heal|p2a: Iron Treads|100/100|[from] move: Wish|[wisher] Alomomola
|-heal|p1a: Ting-Lu|88/100|[from] item: Leftovers
|upkeep
|turn|34
|
|t:|1758994130
|-end|p2a: Iron Treads|Quark Drive|[silent]
|switch|p2a: Hoopa|Hoopa-Unbound|85/100
|move|p1a: Ting-Lu|Earthquake|p2a: Hoopa
|-damage|p2a: Hoopa|46/100
|
|-weather|Snowscape|[upkeep]
|-end|p2a: Hoopa|move: Future Sight
|-immune|p2a: Hoopa
|-heal|p1a: Ting-Lu|94/100|[from] item: Leftovers
|upkeep
|turn|35
|
|t:|1758994143
|switch|p1a: Corviknight|Corviknight, M|78/100
|-damage|p1a: Corviknight|66/100|[from] Stealth Rock
|-ability|p1a: Corviknight|Pressure
|move|p2a: Hoopa|Drain Punch|p1a: Corviknight
|-damage|p1a: Corviknight|50/100
|-heal|p2a: Hoopa|55/100|[from] drain|[of] p1a: Corviknight
|-damage|p2a: Hoopa|39/100|[from] item: Rocky Helmet|[of] p1a: Corviknight
|
|-weather|Snowscape|[upkeep]
|upkeep
|turn|36
|
|t:|1758994157
|switch|p2a: Alomomola|Alomomola, M|100/100
|switch|p1a: Ting-Lu|Ting-Lu|94/100
|-damage|p1a: Ting-Lu|88/100|[from] Stealth Rock
|-ability|p1a: Ting-Lu|Vessel of Ruin
|
|-weather|Snowscape|[upkeep]
|-heal|p1a: Ting-Lu|94/100|[from] item: Leftovers
|upkeep
|turn|37
|
|t:|1758994172
|switch|p1a: Corviknight|Corviknight, M|50/100
|-damage|p1a: Corviknight|38/100|[from] Stealth Rock
|-ability|p1a: Corviknight|Pressure
|move|p2a: Alomomola|Flip Turn|p1a: Corviknight
|-damage|p1a: Corviknight|28/100
|-damage|p2a: Alomomola|84/100|[from] item: Rocky Helmet|[of] p1a: Corviknight
|
|t:|1758994179
|switch|p2a: Dragapult|Dragapult, F|100/100|[from] Flip Turn
|
|-weather|none
|upkeep
|turn|38
|
|t:|1758994186
|switch|p1a: Ting-Lu|Ting-Lu|94/100
|-damage|p1a: Ting-Lu|88/100|[from] Stealth Rock
|-ability|p1a: Ting-Lu|Vessel of Ruin
|move|p2a: Dragapult|Hex|p1a: Ting-Lu
|-resisted|p1a: Ting-Lu
|-damage|p1a: Ting-Lu|83/100
|
|-heal|p1a: Ting-Lu|89/100|[from] item: Leftovers
|upkeep
|turn|39
|
|t:|1758994195
|switch|p1a: Slowking|Slowking-Galar, L99, F|100/100
|move|p2a: Dragapult|Substitute|p2a: Dragapult
|-start|p2a: Dragapult|Substitute
|-damage|p2a: Dragapult|76/100
|
|-heal|p2a: Dragapult|82/100|[from] item: Leftovers
|upkeep
|turn|40
|
|t:|1758994202
|move|p2a: Dragapult|Will-O-Wisp|p1a: Slowking
|-status|p1a: Slowking|brn
|move|p1a: Slowking|Future Sight|p2a: Dragapult
|-start|p1a: Slowking|move: Future Sight
|
|-heal|p2a: Dragapult|88/100|[from] item: Leftovers
|-damage|p1a: Slowking|94/100 brn|[from] brn
|upkeep
|turn|41
|
|t:|1758994213
|switch|p1a: Ting-Lu|Ting-Lu|89/100
|-damage|p1a: Ting-Lu|83/100|[from] Stealth Rock
|-ability|p1a: Ting-Lu|Vessel of Ruin
|move|p2a: Dragapult|Hex|p1a: Ting-Lu
|-resisted|p1a: Ting-Lu
|-damage|p1a: Ting-Lu|78/100
|
|-heal|p2a: Dragapult|94/100|[from] item: Leftovers
|-heal|p1a: Ting-Lu|84/100|[from] item: Leftovers
|upkeep
|turn|42
|
|t:|1758994224
|move|p2a: Dragapult|Will-O-Wisp|p1a: Ting-Lu
|-status|p1a: Ting-Lu|brn
|move|p1a: Ting-Lu|Payback|p2a: Dragapult
|-supereffective|p2a: Dragapult
|-end|p2a: Dragapult|Substitute
|
|-end|p2a: Dragapult|move: Future Sight
|-damage|p2a: Dragapult|48/100
|-heal|p2a: Dragapult|54/100|[from] item: Leftovers
|-heal|p1a: Ting-Lu|90/100 brn|[from] item: Leftovers
|-damage|p1a: Ting-Lu|84/100 brn|[from] brn
|upkeep
|turn|43
|
|t:|1758994235
|switch|p2a: Alomomola|Alomomola, M|100/100
|switch|p1a: Cinderace|Cinderace, F|40/100
|
|upkeep
|turn|44
|
|t:|1758994238
|move|p1a: Cinderace|Court Change|p1a: Cinderace
|-swapsideconditions
|-activate|p1a: Cinderace|move: Court Change
|move|p2a: Alomomola|Flip Turn|p1a: Cinderace
|-supereffective|p1a: Cinderace
|-damage|p1a: Cinderace|0 fnt
|faint|p1a: Cinderace
|
|t:|1758994245
|switch|p2a: Iron Treads|Iron Treads|100/100|[from] Flip Turn
|
|upkeep
|
|t:|1758994262
|switch|p1a: Corviknight|Corviknight, M|28/100
|-ability|p1a: Corviknight|Pressure
|turn|45
|
|t:|1758994265
|move|p2a: Iron Treads|Knock Off|p1a: Corviknight
|-damage|p1a: Corviknight|12/100
|-damage|p2a: Iron Treads|84/100|[from] item: Rocky Helmet|[of] p1a: Corviknight
|-enditem|p1a: Corviknight|Rocky Helmet|[from] move: Knock Off|[of] p2a: Iron Treads
|move|p1a: Corviknight|Roost|p1a: Corviknight
|-heal|p1a: Corviknight|62/100
|-singleturn|p1a: Corviknight|move: Roost
|
|upkeep
|turn|46
|
|t:|1758994268
|move|p2a: Iron Treads|Rapid Spin|p1a: Corviknight
|-resisted|p1a: Corviknight
|-damage|p1a: Corviknight|58/100
|-boost|p2a: Iron Treads|spe|1
|-sideend|p2: spin24tr|Stealth Rock|[from] move: Rapid Spin|[of] p2a: Iron Treads
|move|p1a: Corviknight|Roost|p1a: Corviknight
|-heal|p1a: Corviknight|100/100
|-singleturn|p1a: Corviknight|move: Roost
|
|upkeep
|turn|47
|
|t:|1758994274
|-end|p2a: Iron Treads|Quark Drive|[silent]
|switch|p2a: Alomomola|Alomomola, M|100/100
|move|p1a: Corviknight|U-turn|p2a: Alomomola
|-damage|p2a: Alomomola|92/100
|-damage|p1a: Corviknight|84/100|[from] item: Rocky Helmet|[of] p2a: Alomomola
|
|t:|1758994278
|switch|p1a: Kyurem|Kyurem|37/100|[from] U-turn
|-ability|p1a: Kyurem|Pressure
|
|-heal|p1a: Kyurem|43/100|[from] item: Leftovers
|upkeep
|turn|48
|
|t:|1758994283
|move|p1a: Kyurem|Freeze-Dry|p2a: Alomomola
|-supereffective|p2a: Alomomola
|-damage|p2a: Alomomola|5/100
|move|p2a: Alomomola|Wish|p2a: Alomomola
|
|-heal|p1a: Kyurem|50/100|[from] item: Leftovers
|upkeep
|turn|49
|
|t:|1758994298
|switch|p2a: Hoopa|Hoopa-Unbound|39/100
|move|p1a: Kyurem|Substitute|p1a: Kyurem
|-start|p1a: Kyurem|Substitute
|-damage|p1a: Kyurem|25/100
|
|-heal|p2a: Hoopa|100/100|[from] move: Wish|[wisher] Alomomola
|-heal|p1a: Kyurem|31/100|[from] item: Leftovers
|upkeep
|turn|50
|
|t:|1758994308
|move|p1a: Kyurem|Protect|p1a: Kyurem
|-singleturn|p1a: Kyurem|Protect
|move|p2a: Hoopa|Psychic Noise|p1a: Kyurem
|-activate|p1a: Kyurem|move: Protect
|
|-heal|p1a: Kyurem|37/100|[from] item: Leftovers
|upkeep
|turn|51
|
|t:|1758994335
|switch|p1a: Ting-Lu|Ting-Lu|84/100 brn
|-ability|p1a: Ting-Lu|Vessel of Ruin
|move|p2a: Hoopa|Drain Punch|p1a: Ting-Lu
|-supereffective|p1a: Ting-Lu
|-damage|p1a: Ting-Lu|56/100 brn
|
|-heal|p1a: Ting-Lu|62/100 brn|[from] item: Leftovers
|-damage|p1a: Ting-Lu|56/100 brn|[from] brn
|upkeep
|turn|52
|
|t:|1758994352
|switch|p2a: Alomomola|Alomomola, M|39/100
|move|p1a: Ting-Lu|Rest|p1a: Ting-Lu
|-status|p1a: Ting-Lu|slp|[from] move: Rest
|-heal|p1a: Ting-Lu|100/100 slp|[silent]
|
|upkeep
|turn|53
|
|t:|1758994364
|switch|p1a: Slowking|Slowking-Galar, L99, F|100/100 brn
|move|p2a: Alomomola|Wish|p2a: Alomomola
|
|-damage|p1a: Slowking|94/100 brn|[from] brn
|upkeep
|turn|54
|
|t:|1758994370
|move|p2a: Alomomola|Protect|p2a: Alomomola
|-singleturn|p2a: Alomomola|Protect
|move|p1a: Slowking|Future Sight|p2a: Alomomola
|-start|p1a: Slowking|move: Future Sight
|
|-heal|p2a: Alomomola|89/100|[from] move: Wish|[wisher] Alomomola
|-damage|p1a: Slowking|88/100 brn|[from] brn
|upkeep
|turn|55
|
|t:|1758994377
|move|p2a: Alomomola|Flip Turn|p1a: Slowking
|-crit|p1a: Slowking
|-damage|p1a: Slowking|63/100 brn
|
|t:|1758994381
|switch|p2a: Hoopa|Hoopa-Unbound|100/100|[from] Flip Turn
|-prepare|p1a: Slowking|Chilly Reception|[premajor]
|move|p1a: Slowking|Chilly Reception|p1a: Slowking
|-weather|Snowscape
|
|t:|1758994384
|switch|p1a: Corviknight|Corviknight, M|84/100|[from] Chilly Reception
|-ability|p1a: Corviknight|Pressure
|
|-weather|Snowscape|[upkeep]
|upkeep
|turn|56
|
|t:|1758994387
|switch|p1a: Kyurem|Kyurem|37/100
|-ability|p1a: Kyurem|Pressure
|move|p2a: Hoopa|Thunderbolt|p1a: Kyurem
|-resisted|p1a: Kyurem
|-damage|p1a: Kyurem|20/100
|
|-weather|Snowscape|[upkeep]
|-end|p2a: Hoopa|move: Future Sight
|-immune|p2a: Hoopa
|-heal|p1a: Kyurem|26/100|[from] item: Leftovers
|upkeep
|turn|57
|
|t:|1758994395
|move|p1a: Kyurem|Freeze-Dry|p2a: Hoopa
|-damage|p2a: Hoopa|82/100
|move|p2a: Hoopa|Drain Punch|p1a: Kyurem
|-supereffective|p1a: Kyurem
|-damage|p1a: Kyurem|0 fnt
|-heal|p2a: Hoopa|96/100|[from] drain|[of] p1a: Kyurem
|faint|p1a: Kyurem
|
|-weather|Snowscape|[upkeep]
|upkeep
|-message|spidawida07 forfeited.
|
|win|spin24tr
|raw|spidawida07's rating: 1315 &rarr; <strong>1291</strong><br />(-24 for losing)
|raw|spin24tr's rating: 1252 &rarr; <strong>1281</strong><br />(+29 for winning)
|l|☆spidawida07
|player|p1|
