|j|☆its8teyffir
|j|☆moutisma-water
|t:|1759066108
|gametype|singles
|player|p1|its8teyffir|101|1188
|player|p2|moutisma-water|lucas|1148
|gen|9
|tier|[Gen 9] OU
|rated|
|rule|HP Percentage Mod: HP is shown in percentages
|rule|Endless Battle Clause: Forcing endless battles is banned
|rule|Species Clause: Limit one of each Pokémon
|rule|OHKO Clause: OHKO moves are banned
|rule|Evasion Items Clause: Evasion items are banned
|rule|Evasion Moves Clause: Evasion moves are banned
|rule|Evasion Abilities Clause: Evasion abilities are banned
|rule|Sleep Moves Clause: Sleep-inducing moves are banned
|clearpoke
|poke|p1|Araquanid, F|
|poke|p1|Scizor, M|
|poke|p1|Landorus-Therian, M|
|poke|p1|Gholdengo|
|poke|p1|Clefable, M|
|poke|p1|Ninetales-Alola, M|
|poke|p2|Meowscarada, M|
|poke|p2|Incineroar, M|
|poke|p2|Raikou|
|poke|p2|Perrserker, F|
|poke|p2|Mew|
|poke|p2|Persian-Alola, F|
|teampreview
|inactive|Battle timer is ON: inactive players will automatically lose when time's up. (requested by its8teyffir)
|
|t:|1759066132
|teamsize|p1|6
|teamsize|p2|6
|start
|switch|p1a: Landorus|Landorus-Therian, M|100/100
|switch|p2a: Miaw 🧱|Perrserker, F|100/100
|-ability|p1a: Landorus|Intimidate|boost
|-unboost|p2a: Miaw 🧱|atk|1
|turn|1
|
|t:|1759066137
|move|p1a: Landorus|Earth Power|p2a: Miaw 🧱
|-supereffective|p2a: Miaw 🧱
|-damage|p2a: Miaw 🧱|0 fnt
|faint|p2a: Miaw 🧱
|
|upkeep
|
|t:|1759066156
|switch|p2a: Miiiiiaaaaw|Meowscarada, M|100/100
|turn|2
|
|t:|1759066160
|switch|p1a: Scizor|Scizor, M|100/100
|move|p2a: Miiiiiaaaaw|Triple Axel|p1a: Scizor
|-start|p2a: Miiiiiaaaaw|typechange|Ice|[from] ability: Protean
|-resisted|p1a: Scizor
|-damage|p1a: Scizor|95/100
|-damage|p2a: Miiiiiaaaaw|84/100|[from] item: Rocky Helmet|[of] p1a: Scizor
|-resisted|p1a: Scizor
|-damage|p1a: Scizor|84/100
|-damage|p2a: Miiiiiaaaaw|68/100|[from] item: Rocky Helmet|[of] p1a: Scizor
|-resisted|p1a: Scizor
|-damage|p1a: Scizor|69/100
|-damage|p2a: Miiiiiaaaaw|51/100|[from] item: Rocky Helmet|[of] p1a: Scizor
|-hitcount|p1a: Scizor|3
|
|upkeep
|turn|3
|
|t:|1759066174
|switch|p2a: MIOW|Incineroar, M|100/100
|-ability|p2a: MIOW|Intimidate|boost
|-unboost|p1a: Scizor|atk|1
|move|p1a: Scizor|Bullet Punch|p2a: MIOW
|-resisted|p2a: MIOW
|-crit|p2a: MIOW
|-damage|p2a: MIOW|79/100
|
|upkeep
|turn|4
|
|t:|1759066203
|switch|p1a: Landorus|Landorus-Therian, M|100/100
|-ability|p1a: Landorus|Intimidate|boost
|-unboost|p2a: MIOW|atk|1
|move|p2a: MIOW|Flame Charge|p1a: Landorus
|-damage|p1a: Landorus|81/100
|-boost|p2a: MIOW|spe|1
|-damage|p2a: MIOW|62/100|[from] item: Rocky Helmet|[of] p1a: Landorus
|
|upkeep
|turn|5
|
|t:|1759066216
|switch|p2a: Persian|Persian-Alola, F|100/100
|move|p1a: Landorus|Earth Power|p2a: Persian
|-damage|p2a: Persian|37/100
|
|upkeep
|turn|6
|
|t:|1759066223
|switch|p1a: Scizor|Scizor, M|69/100
|move|p2a: Persian|Parting Shot|p1a: Scizor
|-unboost|p1a: Scizor|atk|1
|-unboost|p1a: Scizor|spa|1
|
|t:|1759066225
|switch|p2a: MIOW|Incineroar, M|62/100|[from] Parting Shot
|-ability|p2a: MIOW|Intimidate|boost
|-unboost|p1a: Scizor|atk|1
|
|upkeep
|turn|7
|
|t:|1759066232
|switch|p2a: Persian|Persian-Alola, F|37/100
|switch|p1a: Landorus|Landorus-Therian, M|81/100
|-ability|p1a: Landorus|Intimidate|boost
|-unboost|p2a: Persian|atk|1
|
|upkeep
|turn|8
|
|t:|1759066238
|move|p2a: Persian|Parting Shot|p1a: Landorus
|-unboost|p1a: Landorus|atk|1
|-unboost|p1a: Landorus|spa|1
|
|t:|1759066241
|switch|p2a: MIOW|Incineroar, M|62/100|[from] Parting Shot
|-ability|p2a: MIOW|Intimidate|boost
|-unboost|p1a: Landorus|atk|1
|move|p1a: Landorus|U-turn|p2a: MIOW
|-damage|p2a: MIOW|50/100
|
|t:|1759066246
|switch|p1a: Araquanid|Araquanid, F|100/100|[from] U-turn
|
|upkeep
|turn|9
|
|t:|1759066251
|switch|p2a: MIAW|Raikou|100/100
|-ability|p2a: MIAW|Pressure
|-terastallize|p1a: Araquanid|Water
|move|p1a: Araquanid|Liquidation|p2a: MIAW
|-damage|p2a: MIAW|0 fnt
|faint|p2a: MIAW
|-damage|p1a: Araquanid|91/100|[from] item: Life Orb
|
|upkeep
|
|t:|1759066261
|switch|p2a: Miiiiiaaaaw|Meowscarada, M|51/100
|turn|10
|
|t:|1759066268
|switch|p1a: Landorus|Landorus-Therian, M|81/100
|-ability|p1a: Landorus|Intimidate|boost
|-unboost|p2a: Miiiiiaaaaw|atk|1
|move|p2a: Miiiiiaaaaw|U-turn|p1a: Landorus
|-start|p2a: Miiiiiaaaaw|typechange|Bug|[from] ability: Protean
|-resisted|p1a: Landorus
|-damage|p1a: Landorus|64/100
|-damage|p2a: Miiiiiaaaaw|35/100|[from] item: Rocky Helmet|[of] p1a: Landorus
|
|t:|1759066273
|switch|p2a: Persian|Persian-Alola, F|37/100|[from] U-turn
|
|upkeep
|turn|11
|
|t:|1759066283
|move|p2a: Persian|Parting Shot|p1a: Landorus
|-unboost|p1a: Landorus|atk|1
|-unboost|p1a: Landorus|spa|1
|
|t:|1759066287
|switch|p2a: Mew mew|Mew|100/100|[from] Parting Shot
|move|p1a: Landorus|Earth Power|p2a: Mew mew
|-crit|p2a: Mew mew
|-damage|p2a: Mew mew|37/100
|
|upkeep
|turn|12
|
|t:|1759066297
|move|p2a: Mew mew|Psychic|p1a: Landorus
|-damage|p1a: Landorus|0 fnt
|faint|p1a: Landorus
|-damage|p2a: Mew mew|27/100|[from] item: Life Orb
|
|upkeep
|
|t:|1759066304
|switch|p1a: Ninetales|Ninetales-Alola, M|100/100
|-weather|Snowscape|[from] ability: Snow Warning|[of] p1a: Ninetales
|turn|13
|
|t:|1759066320
|switch|p2a: MIOW|Incineroar, M|50/100
|-ability|p2a: MIOW|Intimidate|boost
|-unboost|p1a: Ninetales|atk|1
|move|p1a: Ninetales|Aurora Veil|p1a: Ninetales
|-sidestart|p1: its8teyffir|move: Aurora Veil
|
|-weather|Snowscape|[upkeep]
|upkeep
|turn|14
|
|t:|1759066332
|switch|p1a: Araquanid|Araquanid, F, tera:Water|91/100
|move|p2a: MIOW|Flame Charge|p1a: Araquanid
|-resisted|p1a: Araquanid
|-damage|p1a: Araquanid|88/100
|-boost|p2a: MIOW|spe|1
|
|-weather|Snowscape|[upkeep]
|upkeep
|turn|15
|
|t:|1759066340
|switch|p2a: Persian|Persian-Alola, F|37/100
|move|p1a: Araquanid|Liquidation|p2a: Persian
|-damage|p2a: Persian|0 fnt
|faint|p2a: Persian
|-damage|p1a: Araquanid|78/100|[from] item: Life Orb
|
|-weather|Snowscape|[upkeep]
|upkeep
|
|t:|1759066347
|switch|p2a: Miiiiiaaaaw|Meowscarada, M|35/100
|turn|16
|
|t:|1759066351
|switch|p1a: Scizor|Scizor, M|69/100
|move|p2a: Miiiiiaaaaw|Flower Trick|p1a: Scizor
|-start|p2a: Miiiiiaaaaw|typechange|Grass|[from] ability: Protean
|-resisted|p1a: Scizor
|-crit|p1a: Scizor
|-damage|p1a: Scizor|54/100
|
|-weather|Snowscape|[upkeep]
|upkeep
|turn|17
|
|t:|1759066360
|switch|p2a: MIOW|Incineroar, M|50/100
|-ability|p2a: MIOW|Intimidate|boost
|-unboost|p1a: Scizor|atk|1
|move|p1a: Scizor|Dual Wingbeat|p2a: MIOW
|-damage|p2a: MIOW|39/100
|-damage|p2a: MIOW|25/100
|-hitcount|p2a: MIOW|2
|
|-weather|none
|upkeep
|turn|18
|inactive|moutisma-water has 120 seconds left.
|
|t:|1759066398
|move|p2a: MIOW|Flame Charge|p1a: Scizor
|-supereffective|p1a: Scizor
|-damage|p1a: Scizor|19/100
|-boost|p2a: MIOW|spe|1
|-damage|p2a: MIOW|9/100|[from] item: Rocky Helmet|[of] p1a: Scizor
|move|p1a: Scizor|Knock Off|p2a: MIOW
|-resisted|p2a: MIOW
|-damage|p2a: MIOW|0 fnt
|-enditem|p2a: MIOW|Heavy-Duty Boots|[from] move: Knock Off|[of] p1a: Scizor
|faint|p2a: MIOW
|
|upkeep
|
|t:|1759066404
|switch|p2a: Mew mew|Mew|27/100
|turn|19
|
|t:|1759066413
|switch|p1a: Ninetales|Ninetales-Alola, M|100/100
|-weather|Snowscape|[from] ability: Snow Warning|[of] p1a: Ninetales
|move|p2a: Mew mew|Vacuum Wave|p1a: Ninetales
|-damage|p1a: Ninetales|92/100
|-damage|p2a: Mew mew|17/100|[from] item: Life Orb
|
|-weather|Snowscape|[upkeep]
|upkeep
|turn|20
|inactive|moutisma-water has 120 seconds left.
|
|t:|1759066429
|move|p1a: Ninetales|Moonblast|p2a: Mew mew
|-damage|p2a: Mew mew|0 fnt
|faint|p2a: Mew mew
|
|-weather|Snowscape|[upkeep]
|-sideend|p1: its8teyffir|move: Aurora Veil
|upkeep
|
|t:|1759066432
|switch|p2a: Miiiiiaaaaw|Meowscarada, M|35/100
|turn|21
|
|t:|1759066444
|move|p2a: Miiiiiaaaaw|Shadow Claw|p1a: Ninetales
|-start|p2a: Miiiiiaaaaw|typechange|Ghost|[from] ability: Protean
|-damage|p1a: Ninetales|44/100
|move|p1a: Ninetales|Moonblast|p2a: Miiiiiaaaaw
|-damage|p2a: Miiiiiaaaaw|0 fnt
|faint|p2a: Miiiiiaaaaw
|
|win|its8teyffir
|raw|its8teyffir's rating: 1188 &rarr; <strong>1210</strong><br />(+22 for winning)
|raw|moutisma-water's rating: 1148 &rarr; <strong>1126</strong><br />(-22 for losing)
|l|☆its8teyffir
|player|p1|
|l|☆moutisma-water
|player|p2|
