|j|☆Kaz2109
|j|☆Rising Ursaring
|t:|1759070305
|gametype|singles
|player|p1|Kaz2109|lady-gen4|1478
|player|p2|Rising Ursaring|burglar|1456
|gen|9
|tier|[Gen 9] OU
|rated|
|rule|HP Percentage Mod: HP is shown in percentages
|rule|Endless Battle Clause: Forcing endless battles is banned
|rule|Species Clause: Limit one of each Pokémon
|rule|OHKO Clause: OHKO moves are banned
|rule|Evasion Items Clause: Evasion items are banned
|rule|Evasion Moves Clause: Evasion moves are banned
|rule|Evasion Abilities Clause: Evasion abilities are banned
|rule|Sleep Moves Clause: Sleep-inducing moves are banned
|clearpoke
|poke|p1|Slowking, F|
|poke|p1|Weezing-Galar, F|
|poke|p1|Weavile, F|
|poke|p1|Garganacl, F|
|poke|p1|Latios, M|
|poke|p1|Zamazenta-*|
|poke|p2|Raging Bolt|
|poke|p2|Wo-Chien|
|poke|p2|Empoleon, M|
|poke|p2|Ceruledge, F|
|poke|p2|Weezing-Galar, F|
|poke|p2|Landorus-Therian, M|
|teampreview
|inactive|Battle timer is ON: inactive players will automatically lose when time's up. (requested by Rising Ursaring)
|
|t:|1759070312
|teamsize|p1|6
|teamsize|p2|6
|start
|switch|p1a: Latios|Latios, M|100/100
|switch|p2a: Landorus|Landorus-Therian, M|100/100
|-ability|p2a: Landorus|Intimidate|boost
|-unboost|p1a: Latios|atk|1
|turn|1
|
|t:|1759070319
|-terastallize|p2a: Landorus|Ice
|move|p2a: Landorus|Tera Blast|p1a: Latios|[anim] Tera Blast Ice
|-supereffective|p1a: Latios
|-damage|p1a: Latios|0 fnt
|faint|p1a: Latios
|
|upkeep
|
|t:|1759070326
|switch|p1a: Slowking|Slowking, F|100/100
|turn|2
|c|☆Rising Ursaring|BANH
|c|☆Rising Ursaring|BANH
|c|☆Rising Ursaring|BANG
|
|t:|1759070351
|switch|p2a: Wo-Chien|Wo-Chien|100/100
|-ability|p2a: Wo-Chien|Tablets of Ruin
|move|p1a: Slowking|Thunder Wave|p2a: Wo-Chien|[miss]
|-miss|p1a: Slowking|p2a: Wo-Chien
|
|upkeep
|turn|3
|
|t:|1759070359
|move|p2a: Wo-Chien|Leech Seed|p1a: Slowking
|-start|p1a: Slowking|move: Leech Seed
|move|p1a: Slowking|Thunder Wave|p2a: Wo-Chien
|-status|p2a: Wo-Chien|par
|
|-damage|p1a: Slowking|88/100|[from] Leech Seed|[of] p2a: Wo-Chien
|upkeep
|turn|4
|
|t:|1759070368
|switch|p1a: Weezing|Weezing-Galar, F|100/100
|-ability|p1a: Weezing|Neutralizing Gas
|move|p2a: Wo-Chien|Knock Off|p1a: Weezing
|-resisted|p1a: Weezing
|-damage|p1a: Weezing|92/100
|-enditem|p1a: Weezing|Heavy-Duty Boots|[from] move: Knock Off|[of] p2a: Wo-Chien
|
|upkeep
|turn|5
|
|t:|1759070377
|move|p1a: Weezing|Strange Steam|p2a: Wo-Chien
|-supereffective|p2a: Wo-Chien
|-damage|p2a: Wo-Chien|72/100 par
|cant|p2a: Wo-Chien|par
|
|-heal|p2a: Wo-Chien|78/100 par|[from] item: Leftovers
|upkeep
|turn|6
|
|t:|1759070382
|move|p1a: Weezing|Strange Steam|p2a: Wo-Chien
|-supereffective|p2a: Wo-Chien
|-damage|p2a: Wo-Chien|47/100 par
|-start|p2a: Wo-Chien|confusion
|-activate|p2a: Wo-Chien|confusion
|cant|p2a: Wo-Chien|par
|
|-heal|p2a: Wo-Chien|53/100 par|[from] item: Leftovers
|upkeep
|turn|7
|
|t:|1759070393
|-activate|p2a: Wo-Chien|confusion
|cant|p2a: Wo-Chien|par
|move|p1a: Weezing|Will-O-Wisp||[still]
|-fail|p1a: Weezing
|
|-heal|p2a: Wo-Chien|60/100 par|[from] item: Leftovers
|upkeep
|turn|8
|
|t:|1759070397
|move|p1a: Weezing|Strange Steam|p2a: Wo-Chien
|-supereffective|p2a: Wo-Chien
|-damage|p2a: Wo-Chien|31/100 par
|-activate|p2a: Wo-Chien|confusion
|move|p2a: Wo-Chien|Leech Seed|p1a: Weezing
|-start|p1a: Weezing|move: Leech Seed
|
|-heal|p2a: Wo-Chien|37/100 par|[from] item: Leftovers
|-damage|p1a: Weezing|80/100|[from] Leech Seed|[of] p2a: Wo-Chien
|-heal|p2a: Wo-Chien|48/100 par|[silent]
|upkeep
|turn|9
|
|t:|1759070406
|-end|p1a: Weezing|ability: Neutralizing Gas
|-ability|p2a: Wo-Chien|Tablets of Ruin
|switch|p1a: Garganacl|Garganacl, F|100/100
|-end|p2a: Wo-Chien|confusion
|move|p2a: Wo-Chien|Protect||[still]
|-fail|p2a: Wo-Chien
|
|-heal|p2a: Wo-Chien|54/100 par|[from] item: Leftovers
|upkeep
|turn|10
|
|t:|1759070410
|move|p1a: Garganacl|Salt Cure|p2a: Wo-Chien
|-damage|p2a: Wo-Chien|44/100 par
|-start|p2a: Wo-Chien|Salt Cure
|cant|p2a: Wo-Chien|par
|
|-heal|p2a: Wo-Chien|50/100 par|[from] item: Leftovers
|-damage|p2a: Wo-Chien|38/100 par|[from] Salt Cure
|upkeep
|turn|11
|
|t:|1759070414
|switch|p1a: Slowking|Slowking, F|100/100
|move|p2a: Wo-Chien|Leech Seed|p1a: Slowking
|-start|p1a: Slowking|move: Leech Seed
|
|-heal|p2a: Wo-Chien|44/100 par|[from] item: Leftovers
|-damage|p1a: Slowking|88/100|[from] Leech Seed|[of] p2a: Wo-Chien
|-heal|p2a: Wo-Chien|57/100 par|[silent]
|-damage|p2a: Wo-Chien|45/100 par|[from] Salt Cure
|upkeep
|turn|12
|
|t:|1759070420
|switch|p2a: Landorus|Landorus-Therian, M, tera:Ice|100/100
|-ability|p2a: Landorus|Intimidate|boost
|-unboost|p1a: Slowking|atk|1
|-prepare|p1a: Slowking|Chilly Reception|[premajor]
|move|p1a: Slowking|Chilly Reception|p1a: Slowking
|-weather|Snowscape
|
|t:|1759070427
|switch|p1a: Zamazenta|Zamazenta|100/100|[from] Chilly Reception
|-ability|p1a: Zamazenta|Dauntless Shield|boost
|-boost|p1a: Zamazenta|def|1
|
|-weather|Snowscape|[upkeep]
|upkeep
|turn|13
|
|t:|1759070439
|move|p2a: Landorus|U-turn|p1a: Zamazenta
|-resisted|p1a: Zamazenta
|-damage|p1a: Zamazenta|93/100
|
|t:|1759070443
|switch|p2a: Weezing|Weezing-Galar, F|100/100|[from] U-turn
|-ability|p2a: Weezing|Neutralizing Gas
|move|p1a: Zamazenta|Stone Edge|p2a: Weezing
|-damage|p2a: Weezing|71/100
|-damage|p1a: Zamazenta|83/100|[from] item: Life Orb
|
|-weather|Snowscape|[upkeep]
|upkeep
|turn|14
|
|t:|1759070454
|-terastallize|p1a: Zamazenta|Steel
|move|p1a: Zamazenta|Heavy Slam|p2a: Weezing
|-supereffective|p2a: Weezing
|-damage|p2a: Weezing|0 fnt
|-damage|p1a: Zamazenta|66/100|[from] item: Rocky Helmet|[of] p2a: Weezing
|faint|p2a: Weezing
|-end|p2a: Weezing|ability: Neutralizing Gas
|-damage|p1a: Zamazenta|56/100|[from] item: Life Orb
|
|-weather|Snowscape|[upkeep]
|upkeep
|
|t:|1759070460
|switch|p2a: Ceruledge|Ceruledge, F|100/100
|turn|15
|
|t:|1759070466
|move|p1a: Zamazenta|Stone Edge|p2a: Ceruledge
|-supereffective|p2a: Ceruledge
|-enditem|p2a: Ceruledge|Focus Sash
|-damage|p2a: Ceruledge|1/100
|-ability|p2a: Ceruledge|Weak Armor|boost
|-unboost|p2a: Ceruledge|def|1
|-boost|p2a: Ceruledge|spe|2
|-damage|p1a: Zamazenta|47/100|[from] item: Life Orb
|move|p2a: Ceruledge|Swords Dance|p2a: Ceruledge
|-boost|p2a: Ceruledge|atk|2
|
|-weather|Snowscape|[upkeep]
|upkeep
|turn|16
|
|t:|1759070474
|switch|p1a: Garganacl|Garganacl, F|100/100
|move|p2a: Ceruledge|Bitter Blade|p1a: Garganacl
|-resisted|p1a: Garganacl
|-damage|p1a: Garganacl|70/100
|-heal|p2a: Ceruledge|22/100|[from] drain|[of] p1a: Garganacl
|
|-weather|none
|-heal|p1a: Garganacl|76/100|[from] item: Leftovers
|upkeep
|turn|17
|
|t:|1759070477
|move|p2a: Ceruledge|Poltergeist|p1a: Garganacl
|-activate|p1a: Garganacl|move: Poltergeist|Leftovers
|-damage|p1a: Garganacl|37/100
|move|p1a: Garganacl|Salt Cure|p2a: Ceruledge
|-supereffective|p2a: Ceruledge
|-damage|p2a: Ceruledge|0 fnt
|faint|p2a: Ceruledge
|
|-heal|p1a: Garganacl|43/100|[from] item: Leftovers
|upkeep
|
|t:|1759070486
|switch|p2a: Raging Bolt|Raging Bolt|100/100
|turn|18
|
|t:|1759070489
|move|p1a: Garganacl|Protect|p1a: Garganacl
|-singleturn|p1a: Garganacl|Protect
|move|p2a: Raging Bolt|Thunderbolt|p1a: Garganacl
|-activate|p1a: Garganacl|move: Protect
|
|-heal|p1a: Garganacl|50/100|[from] item: Leftovers
|upkeep
|turn|19
|
|t:|1759070492
|move|p2a: Raging Bolt|Thunderbolt|p1a: Garganacl
|-damage|p1a: Garganacl|14/100
|move|p1a: Garganacl|Recover|p1a: Garganacl
|-heal|p1a: Garganacl|64/100
|
|-heal|p1a: Garganacl|71/100|[from] item: Leftovers
|upkeep
|turn|20
|
|t:|1759070497
|-end|p2a: Raging Bolt|Protosynthesis|[silent]
|switch|p2a: Wo-Chien|Wo-Chien|45/100 par
|-ability|p2a: Wo-Chien|Tablets of Ruin
|move|p1a: Garganacl|Salt Cure|p2a: Wo-Chien
|-damage|p2a: Wo-Chien|36/100 par
|-start|p2a: Wo-Chien|Salt Cure
|
|-heal|p1a: Garganacl|77/100|[from] item: Leftovers
|-heal|p2a: Wo-Chien|42/100 par|[from] item: Leftovers
|-damage|p2a: Wo-Chien|30/100 par|[from] Salt Cure
|upkeep
|turn|21
|
|t:|1759070500
|move|p1a: Garganacl|Protect|p1a: Garganacl
|-singleturn|p1a: Garganacl|Protect
|move|p2a: Wo-Chien|Leech Seed|p1a: Garganacl
|-activate|p1a: Garganacl|move: Protect
|
|-heal|p1a: Garganacl|83/100|[from] item: Leftovers
|-heal|p2a: Wo-Chien|36/100 par|[from] item: Leftovers
|-damage|p2a: Wo-Chien|23/100 par|[from] Salt Cure
|upkeep
|turn|22
|
|t:|1759070512
|switch|p1a: Weezing|Weezing-Galar, F|80/100
|-ability|p1a: Weezing|Neutralizing Gas
|move|p2a: Wo-Chien|Leech Seed|p1a: Weezing
|-start|p1a: Weezing|move: Leech Seed
|
|-heal|p2a: Wo-Chien|30/100 par|[from] item: Leftovers
|-damage|p1a: Weezing|67/100|[from] Leech Seed|[of] p2a: Wo-Chien
|-heal|p2a: Wo-Chien|41/100 par|[silent]
|-damage|p2a: Wo-Chien|28/100 par|[from] Salt Cure
|upkeep
|turn|23
|
|t:|1759070518
|switch|p2a: Empoleon|Empoleon, M|100/100
|move|p1a: Weezing|Strange Steam|p2a: Empoleon
|-resisted|p2a: Empoleon
|-damage|p2a: Empoleon|91/100
|
|-heal|p2a: Empoleon|97/100|[from] item: Leftovers
|-damage|p1a: Weezing|55/100|[from] Leech Seed|[of] p2a: Empoleon
|-heal|p2a: Empoleon|100/100|[silent]
|upkeep
|turn|24
|
|t:|1759070521
|move|p1a: Weezing|Will-O-Wisp|p2a: Empoleon
|-status|p2a: Empoleon|brn
|move|p2a: Empoleon|Stealth Rock|p1a: Weezing
|-sidestart|p1: Kaz2109|move: Stealth Rock
|
|-damage|p1a: Weezing|43/100|[from] Leech Seed|[of] p2a: Empoleon
|-damage|p2a: Empoleon|94/100 brn|[from] brn
|upkeep
|turn|25
|
|t:|1759070530
|-end|p1a: Weezing|ability: Neutralizing Gas
|switch|p1a: Slowking|Slowking, F|100/100
|move|p2a: Empoleon|Surf|p1a: Slowking
|-resisted|p1a: Slowking
|-damage|p1a: Slowking|91/100
|
|-heal|p2a: Empoleon|100/100 brn|[from] item: Leftovers
|-damage|p2a: Empoleon|94/100 brn|[from] brn
|upkeep
|turn|26
|
|t:|1759070537
|move|p2a: Empoleon|Knock Off|p1a: Slowking
|-supereffective|p1a: Slowking
|-damage|p1a: Slowking|75/100
|-enditem|p1a: Slowking|Heavy-Duty Boots|[from] move: Knock Off|[of] p2a: Empoleon
|-prepare|p1a: Slowking|Chilly Reception|[premajor]
|move|p1a: Slowking|Chilly Reception|p1a: Slowking
|-weather|Snowscape
|
|t:|1759070540
|switch|p1a: Weavile|Weavile, F|100/100|[from] Chilly Reception
|-damage|p1a: Weavile|76/100|[from] Stealth Rock
|-ability|p1a: Weavile|Pressure
|
|-weather|Snowscape|[upkeep]
|-heal|p2a: Empoleon|100/100 brn|[from] item: Leftovers
|-damage|p2a: Empoleon|94/100 brn|[from] brn
|upkeep
|turn|27
|
|t:|1759070544
|move|p1a: Weavile|Low Kick|p2a: Empoleon
|-supereffective|p2a: Empoleon
|-damage|p2a: Empoleon|18/100 brn
|move|p2a: Empoleon|Surf|p1a: Weavile
|-damage|p1a: Weavile|24/100
|
|-weather|Snowscape|[upkeep]
|-heal|p2a: Empoleon|24/100 brn|[from] item: Leftovers
|-damage|p2a: Empoleon|18/100 brn|[from] brn
|upkeep
|turn|28
|
|t:|1759070549
|move|p1a: Weavile|Low Kick|p2a: Empoleon
|-supereffective|p2a: Empoleon
|-damage|p2a: Empoleon|0 fnt
|faint|p2a: Empoleon
|
|-weather|Snowscape|[upkeep]
|upkeep
|
|t:|1759070551
|switch|p2a: Landorus|Landorus-Therian, M, tera:Ice|100/100
|-ability|p2a: Landorus|Intimidate|boost
|-unboost|p1a: Weavile|atk|1
|turn|29
|
|t:|1759070556
|move|p2a: Landorus|Earthquake|p1a: Weavile
|-damage|p1a: Weavile|0 fnt
|faint|p1a: Weavile
|
|-weather|Snowscape|[upkeep]
|upkeep
|
|t:|1759070561
|switch|p1a: Slowking|Slowking, F|100/100
|-damage|p1a: Slowking|88/100|[from] Stealth Rock
|turn|30
|
|t:|1759070567
|switch|p2a: Raging Bolt|Raging Bolt|100/100
|move|p1a: Slowking|Scald|p2a: Raging Bolt
|-resisted|p2a: Raging Bolt
|-damage|p2a: Raging Bolt|86/100
|
|-weather|none
|upkeep
|turn|31
|
|t:|1759070570
|move|p2a: Raging Bolt|Thunderbolt|p1a: Slowking
|-supereffective|p1a: Slowking
|-damage|p1a: Slowking|22/100
|move|p1a: Slowking|Future Sight|p2a: Raging Bolt
|-start|p1a: Slowking|move: Future Sight
|
|upkeep
|turn|32
|
|t:|1759070575
|switch|p1a: Garganacl|Garganacl, F|83/100
|-damage|p1a: Garganacl|71/100|[from] Stealth Rock
|move|p2a: Raging Bolt|Thunderbolt|p1a: Garganacl
|-damage|p1a: Garganacl|32/100
|
|-heal|p1a: Garganacl|38/100|[from] item: Leftovers
|upkeep
|turn|33
|
|t:|1759070581
|-end|p2a: Raging Bolt|Protosynthesis|[silent]
|switch|p2a: Wo-Chien|Wo-Chien|28/100 par
|-ability|p2a: Wo-Chien|Tablets of Ruin
|move|p1a: Garganacl|Protect||[still]
|-fail|p1a: Garganacl
|
|-end|p2a: Wo-Chien|move: Future Sight
|-immune|p2a: Wo-Chien
|-heal|p1a: Garganacl|44/100|[from] item: Leftovers
|-heal|p2a: Wo-Chien|34/100 par|[from] item: Leftovers
|upkeep
|turn|34
|
|t:|1759070584
|move|p1a: Garganacl|Salt Cure|p2a: Wo-Chien
|-damage|p2a: Wo-Chien|24/100 par
|-start|p2a: Wo-Chien|Salt Cure
|cant|p2a: Wo-Chien|par
|
|-heal|p1a: Garganacl|50/100|[from] item: Leftovers
|-heal|p2a: Wo-Chien|30/100 par|[from] item: Leftovers
|-damage|p2a: Wo-Chien|18/100 par|[from] Salt Cure
|upkeep
|turn|35
|
|t:|1759070594
|move|p1a: Garganacl|Protect|p1a: Garganacl
|-singleturn|p1a: Garganacl|Protect
|move|p2a: Wo-Chien|Leech Seed|p1a: Garganacl
|-activate|p1a: Garganacl|move: Protect
|
|-heal|p1a: Garganacl|57/100|[from] item: Leftovers
|-heal|p2a: Wo-Chien|24/100 par|[from] item: Leftovers
|-damage|p2a: Wo-Chien|12/100 par|[from] Salt Cure
|upkeep
|turn|36
|
|t:|1759070597
|move|p1a: Garganacl|Salt Cure|p2a: Wo-Chien
|-damage|p2a: Wo-Chien|2/100 par
|move|p2a: Wo-Chien|Leech Seed|p1a: Garganacl
|-start|p1a: Garganacl|move: Leech Seed
|
|-heal|p1a: Garganacl|63/100|[from] item: Leftovers
|-heal|p2a: Wo-Chien|8/100 par|[from] item: Leftovers
|-damage|p1a: Garganacl|50/100|[from] Leech Seed|[of] p2a: Wo-Chien
|-heal|p2a: Wo-Chien|22/100 par|[silent]
|-damage|p2a: Wo-Chien|9/100 par|[from] Salt Cure
|upkeep
|turn|37
|
|t:|1759070601
|move|p2a: Wo-Chien|Protect|p2a: Wo-Chien
|-singleturn|p2a: Wo-Chien|Protect
|move|p1a: Garganacl|Salt Cure|p2a: Wo-Chien
|-activate|p2a: Wo-Chien|move: Protect
|
|-heal|p1a: Garganacl|57/100|[from] item: Leftovers
|-heal|p2a: Wo-Chien|15/100 par|[from] item: Leftovers
|-damage|p1a: Garganacl|44/100|[from] Leech Seed|[of] p2a: Wo-Chien
|-heal|p2a: Wo-Chien|29/100 par|[silent]
|-damage|p2a: Wo-Chien|17/100 par|[from] Salt Cure
|upkeep
|turn|38
|
|t:|1759070607
|move|p1a: Garganacl|Salt Cure|p2a: Wo-Chien
|-damage|p2a: Wo-Chien|7/100 par
|cant|p2a: Wo-Chien|par
|
|-heal|p1a: Garganacl|50/100|[from] item: Leftovers
|-heal|p2a: Wo-Chien|13/100 par|[from] item: Leftovers
|-damage|p1a: Garganacl|38/100|[from] Leech Seed|[of] p2a: Wo-Chien
|-heal|p2a: Wo-Chien|26/100 par|[silent]
|-damage|p2a: Wo-Chien|14/100 par|[from] Salt Cure
|upkeep
|turn|39
|
|t:|1759070615
|move|p1a: Garganacl|Recover|p1a: Garganacl
|-heal|p1a: Garganacl|88/100
|move|p2a: Wo-Chien|Knock Off|p1a: Garganacl
|-crit|p1a: Garganacl
|-damage|p1a: Garganacl|61/100
|-enditem|p1a: Garganacl|Leftovers|[from] move: Knock Off|[of] p2a: Wo-Chien
|
|-heal|p2a: Wo-Chien|20/100 par|[from] item: Leftovers
|-damage|p1a: Garganacl|49/100|[from] Leech Seed|[of] p2a: Wo-Chien
|-heal|p2a: Wo-Chien|33/100 par|[silent]
|-damage|p2a: Wo-Chien|21/100 par|[from] Salt Cure
|upkeep
|turn|40
|
|t:|1759070620
|move|p1a: Garganacl|Recover|p1a: Garganacl
|-heal|p1a: Garganacl|99/100
|move|p2a: Wo-Chien|Ruination|p1a: Garganacl
|-damage|p1a: Garganacl|50/100
|
|-heal|p2a: Wo-Chien|27/100 par|[from] item: Leftovers
|-damage|p1a: Garganacl|37/100|[from] Leech Seed|[of] p2a: Wo-Chien
|-heal|p2a: Wo-Chien|41/100 par|[silent]
|-damage|p2a: Wo-Chien|28/100 par|[from] Salt Cure
|upkeep
|turn|41
|
|t:|1759070625
|switch|p1a: Slowking|Slowking, F|56/100
|-damage|p1a: Slowking|43/100|[from] Stealth Rock
|move|p2a: Wo-Chien|Leech Seed|p1a: Slowking
|-start|p1a: Slowking|move: Leech Seed
|
|-heal|p2a: Wo-Chien|34/100 par|[from] item: Leftovers
|-damage|p1a: Slowking|31/100|[from] Leech Seed|[of] p2a: Wo-Chien
|-heal|p2a: Wo-Chien|48/100 par|[silent]
|-damage|p2a: Wo-Chien|35/100 par|[from] Salt Cure
|upkeep
|turn|42
|
|t:|1759070629
|cant|p2a: Wo-Chien|par
|-prepare|p1a: Slowking|Chilly Reception|[premajor]
|move|p1a: Slowking|Chilly Reception|p1a: Slowking
|-weather|Snowscape
|
|t:|1759070632
|switch|p1a: Weezing|Weezing-Galar, F|43/100|[from] Chilly Reception
|-ability|p1a: Weezing|Neutralizing Gas
|-damage|p1a: Weezing|30/100|[from] Stealth Rock
|
|-weather|Snowscape|[upkeep]
|-heal|p2a: Wo-Chien|41/100 par|[from] item: Leftovers
|-damage|p2a: Wo-Chien|29/100 par|[from] Salt Cure
|upkeep
|turn|43
|
|t:|1759070641
|move|p1a: Weezing|Strange Steam|p2a: Wo-Chien
|-supereffective|p2a: Wo-Chien
|-damage|p2a: Wo-Chien|2/100 par
|cant|p2a: Wo-Chien|par
|
|-weather|Snowscape|[upkeep]
|-heal|p2a: Wo-Chien|8/100 par|[from] item: Leftovers
|-damage|p2a: Wo-Chien|0 fnt|[from] Salt Cure
|faint|p2a: Wo-Chien
|upkeep
|
|t:|1759070644
|switch|p2a: Landorus|Landorus-Therian, M, tera:Ice|100/100
|turn|44
|
|t:|1759070648
|move|p2a: Landorus|Earthquake|p1a: Weezing
|-supereffective|p1a: Weezing
|-damage|p1a: Weezing|0 fnt
|faint|p1a: Weezing
|-end|p1a: Weezing|ability: Neutralizing Gas
|
|-weather|Snowscape|[upkeep]
|upkeep
|
|t:|1759070652
|switch|p1a: Slowking|Slowking, F|64/100
|-damage|p1a: Slowking|52/100|[from] Stealth Rock
|turn|45
|
|t:|1759070656
|switch|p2a: Raging Bolt|Raging Bolt|86/100
|move|p1a: Slowking|Scald|p2a: Raging Bolt
|-resisted|p2a: Raging Bolt
|-damage|p2a: Raging Bolt|72/100
|
|-weather|Snowscape|[upkeep]
|upkeep
|turn|46
|
|t:|1759070661
|switch|p1a: Zamazenta|Zamazenta, tera:Steel|47/100
|-damage|p1a: Zamazenta|40/100|[from] Stealth Rock
|move|p2a: Raging Bolt|Thunderbolt|p1a: Zamazenta
|-damage|p1a: Zamazenta|0 fnt
|faint|p1a: Zamazenta
|
|-weather|none
|upkeep
|
|t:|1759070663
|switch|p1a: Garganacl|Garganacl, F|37/100
|-damage|p1a: Garganacl|25/100|[from] Stealth Rock
|turn|47
|
|t:|1759070665
|move|p2a: Raging Bolt|Thunderbolt|p1a: Garganacl
|-damage|p1a: Garganacl|0 fnt
|faint|p1a: Garganacl
|
|upkeep
|-message|Kaz2109 forfeited.
|
|win|Rising Ursaring
|raw|Kaz2109's rating: 1478 &rarr; <strong>1457</strong><br />(-21 for losing)
|raw|Rising Ursaring's rating: 1456 &rarr; <strong>1477</strong><br />(+21 for winning)
|l|☆Kaz2109
|player|p1|
|c|☆Rising Ursaring|gg
|l|☆Rising Ursaring
|player|p2|
