|j|☆theironpikachu
|j|☆Arcanine numbers
|inactive|Battle timer is ON: inactive players will automatically lose when time's up.
|t:|1759067058
|gametype|singles
|player|p1|theironpikachu|#lcbcsummerdeerling|
|player|p2|Arcanine numbers|#lcbcsummerdeerling|
|gen|9
|tier|[Gen 9] OU
|rated|Tournament battle
|rule|HP Percentage Mod: HP is shown in percentages
|rule|Endless Battle Clause: Forcing endless battles is banned
|rule|Species Clause: Limit one of each Pokémon
|rule|OHKO Clause: OHKO moves are banned
|rule|Evasion Items Clause: Evasion items are banned
|rule|Evasion Moves Clause: Evasion moves are banned
|rule|Evasion Abilities Clause: Evasion abilities are banned
|rule|Sleep Moves Clause: Sleep-inducing moves are banned
|clearpoke
|poke|p1|Samurott-Hisui, F|
|poke|p1|Ninetales-Alola, F|
|poke|p1|Kyurem|
|poke|p1|Zamazenta-*|
|poke|p1|Ogerpon-Wellspring, F|
|poke|p1|Iron Valiant|
|poke|p2|Hoopa-Unbound|
|poke|p2|Mimikyu, F|
|poke|p2|Indeedee, M|
|poke|p2|Hatterene, F|
|poke|p2|Ursaluna, F|
|poke|p2|Iron Hands|
|teampreview
|j|*Lady Monita ☀
|inactive|theironpikachu also wants the timer to be on.
|inactive|Arcanine numbers also wants the timer to be on.
|c|☆theironpikachu|glhf
|
|t:|1759067073
|teamsize|p1|6
|teamsize|p2|6
|start
|switch|p1a: Ninetales|Ninetales-Alola, F|100/100
|switch|p2a: Iron Hands|Iron Hands|100/100
|-weather|Snowscape|[from] ability: Snow Warning|[of] p1a: Ninetales
|-enditem|p2a: Iron Hands|Booster Energy
|-activate|p2a: Iron Hands|ability: Quark Drive|[fromitem]
|-start|p2a: Iron Hands|quarkdriveatk
|turn|1
|c|☆Arcanine numbers|hf
|
|t:|1759067076
|move|p1a: Ninetales|Aurora Veil|p1a: Ninetales
|-sidestart|p1: theironpikachu|move: Aurora Veil
|move|p2a: Iron Hands|Heavy Slam|p1a: Ninetales
|-supereffective|p1a: Ninetales
|-damage|p1a: Ninetales|0 fnt
|faint|p1a: Ninetales
|
|-weather|Snowscape|[upkeep]
|upkeep
|j| Albrtix
|
|t:|1759067096
|switch|p1a: Samurott|Samurott-Hisui, F|100/100
|turn|2
|j| inertialinitiative
|
|t:|1759067099
|move|p1a: Samurott|Encore|p2a: Iron Hands
|-start|p2a: Iron Hands|Encore
|move|p2a: Iron Hands|Heavy Slam|p1a: Samurott
|-resisted|p1a: Samurott
|-damage|p1a: Samurott|81/100
|
|-weather|Snowscape|[upkeep]
|-heal|p1a: Samurott|87/100|[from] item: Leftovers
|upkeep
|turn|3
|
|t:|1759067104
|-end|p2a: Iron Hands|Quark Drive|[silent]
|switch|p2a: Mimikyu|Mimikyu, F|100/100
|move|p1a: Samurott|Swords Dance|p1a: Samurott
|-boost|p1a: Samurott|atk|2
|
|-weather|Snowscape|[upkeep]
|-heal|p1a: Samurott|93/100|[from] item: Leftovers
|upkeep
|turn|4
|
|t:|1759067108
|move|p1a: Samurott|Ceaseless Edge|p2a: Mimikyu
|-activate|p2a: Mimikyu|ability: Disguise
|-damage|p2a: Mimikyu|100/100
|-sidestart|p2: Arcanine numbers|Spikes
|detailschange|p2a: Mimikyu|Mimikyu-Busted, F
|-damage|p2a: Mimikyu|88/100|[from] pokemon: Mimikyu-Busted
|-enditem|p2a: Mimikyu|Red Card|[of] p1a: Samurott
|drag|p1a: Ogerpon|Ogerpon-Wellspring, F|100/100
|move|p2a: Mimikyu|Trick Room|p2a: Mimikyu
|-fieldstart|move: Trick Room|[of] p2a: Mimikyu
|
|-weather|Snowscape|[upkeep]
|upkeep
|turn|5
|
|t:|1759067112
|move|p2a: Mimikyu|Curse|p1a: Ogerpon
|-start|p1a: Ogerpon|Curse|[of] p2a: Mimikyu
|-damage|p2a: Mimikyu|38/100
|move|p1a: Ogerpon|Ivy Cudgel|p2a: Mimikyu|[anim] Ivy Cudgel Water
|-damage|p2a: Mimikyu|0 fnt
|faint|p2a: Mimikyu
|
|-weather|none
|-damage|p1a: Ogerpon|76/100|[from] Curse
|upkeep
|c| inertialinitiative|tip vs Arcanine numbers using mrh tr
|c| inertialinitiative|I've seen everything
|
|t:|1759067126
|switch|p2a: Iron Hands|Iron Hands|100/100
|-damage|p2a: Iron Hands|88/100|[from] Spikes
|turn|6
|
|t:|1759067131
|move|p2a: Iron Hands|Supercell Slam|p1a: Ogerpon
|-damage|p1a: Ogerpon|37/100
|move|p1a: Ogerpon|Play Rough|p2a: Iron Hands
|-supereffective|p2a: Iron Hands
|-damage|p2a: Iron Hands|36/100
|
|-damage|p1a: Ogerpon|12/100|[from] Curse
|upkeep
|turn|7
|c|☆Arcanine numbers|i got lazy what can i say... also my reguar ou teams are the absolute worst
|
|t:|1759067147
|move|p2a: Iron Hands|Ice Punch|p1a: Ogerpon
|-damage|p1a: Ogerpon|0 fnt
|faint|p1a: Ogerpon
|
|upkeep
|j| nick(mygold)
|
|t:|1759067164
|switch|p1a: Zamazenta|Zamazenta|100/100
|-ability|p1a: Zamazenta|Dauntless Shield|boost
|-boost|p1a: Zamazenta|def|1
|turn|8
|c| nick(mygold)|Oh tip vs arc
|
|t:|1759067168
|-end|p2a: Iron Hands|Quark Drive|[silent]
|switch|p2a: Hatterene|Hatterene, F|100/100
|-damage|p2a: Hatterene|88/100|[from] Spikes
|move|p1a: Zamazenta|Substitute|p1a: Zamazenta
|-start|p1a: Zamazenta|Substitute
|-damage|p1a: Zamazenta|75/100
|
|-heal|p1a: Zamazenta|82/100|[from] item: Leftovers
|-sideend|p1: theironpikachu|move: Aurora Veil
|-fieldend|move: Trick Room
|upkeep
|turn|9
|
|t:|1759067172
|move|p1a: Zamazenta|Heavy Slam|p2a: Hatterene
|-supereffective|p2a: Hatterene
|-damage|p2a: Hatterene|18/100
|move|p2a: Hatterene|Trick Room|p2a: Hatterene
|-fieldstart|move: Trick Room|[of] p2a: Hatterene
|
|-heal|p1a: Zamazenta|88/100|[from] item: Leftovers
|upkeep
|turn|10
|
|t:|1759067177
|move|p2a: Hatterene|Draining Kiss|p1a: Zamazenta
|-supereffective|p1a: Zamazenta
|-crit|p1a: Zamazenta
|-end|p1a: Zamazenta|Substitute
|-heal|p2a: Hatterene|41/100|[from] drain|[of] p1a: Zamazenta
|-damage|p2a: Hatterene|31/100|[from] item: Life Orb
|move|p1a: Zamazenta|Substitute|p1a: Zamazenta
|-start|p1a: Zamazenta|Substitute
|-damage|p1a: Zamazenta|63/100
|
|-heal|p1a: Zamazenta|69/100|[from] item: Leftovers
|upkeep
|turn|11
|
|t:|1759067182
|move|p2a: Hatterene|Draining Kiss|p1a: Zamazenta
|-supereffective|p1a: Zamazenta
|-end|p1a: Zamazenta|Substitute
|-heal|p2a: Hatterene|54/100|[from] drain|[of] p1a: Zamazenta
|-damage|p2a: Hatterene|44/100|[from] item: Life Orb
|move|p1a: Zamazenta|Substitute|p1a: Zamazenta
|-start|p1a: Zamazenta|Substitute
|-damage|p1a: Zamazenta|44/100
|
|-heal|p1a: Zamazenta|50/100|[from] item: Leftovers
|upkeep
|turn|12
|
|t:|1759067185
|move|p2a: Hatterene|Draining Kiss|p1a: Zamazenta
|-supereffective|p1a: Zamazenta
|-end|p1a: Zamazenta|Substitute
|-heal|p2a: Hatterene|67/100|[from] drain|[of] p1a: Zamazenta
|-damage|p2a: Hatterene|57/100|[from] item: Life Orb
|move|p1a: Zamazenta|Substitute|p1a: Zamazenta
|-start|p1a: Zamazenta|Substitute
|-damage|p1a: Zamazenta|25/100
|
|-heal|p1a: Zamazenta|31/100|[from] item: Leftovers
|upkeep
|turn|13
|
|t:|1759067187
|move|p2a: Hatterene|Draining Kiss|p1a: Zamazenta
|-supereffective|p1a: Zamazenta
|-end|p1a: Zamazenta|Substitute
|-heal|p2a: Hatterene|80/100|[from] drain|[of] p1a: Zamazenta
|-damage|p2a: Hatterene|71/100|[from] item: Life Orb
|move|p1a: Zamazenta|Heavy Slam|p2a: Hatterene
|-supereffective|p2a: Hatterene
|-damage|p2a: Hatterene|0 fnt
|faint|p2a: Hatterene
|
|-heal|p1a: Zamazenta|38/100|[from] item: Leftovers
|-fieldend|move: Trick Room
|upkeep
|
|t:|1759067191
|switch|p2a: Indeedee|Indeedee, M|100/100
|-damage|p2a: Indeedee|88/100|[from] Spikes
|-fieldstart|move: Psychic Terrain|[from] ability: Psychic Surge|[of] p2a: Indeedee
|turn|14
|
|t:|1759067198
|move|p1a: Zamazenta|Body Press|p2a: Indeedee
|-damage|p2a: Indeedee|33/100
|move|p2a: Indeedee|Trick Room|p2a: Indeedee
|-fieldstart|move: Trick Room|[of] p2a: Indeedee
|
|-heal|p1a: Zamazenta|44/100|[from] item: Leftovers
|upkeep
|turn|15
|
|t:|1759067203
|move|p2a: Indeedee|Expanding Force|p1a: Zamazenta
|-supereffective|p1a: Zamazenta
|-damage|p1a: Zamazenta|0 fnt
|faint|p1a: Zamazenta
|
|upkeep
|
|t:|1759067207
|switch|p1a: Samurott|Samurott-Hisui, F|93/100
|turn|16
|
|t:|1759067211
|move|p2a: Indeedee|Healing Wish|p2a: Indeedee
|faint|p2a: Indeedee
|move|p1a: Samurott|Ceaseless Edge|p2: Indeedee|[notarget]
|-fail|p1a: Samurott
|
|-heal|p1a: Samurott|99/100|[from] item: Leftovers
|upkeep
|
|t:|1759067214
|switch|p2a: Iron Hands|Iron Hands|36/100
|-heal|p2a: Iron Hands|100/100|[from] move: Healing Wish
|-damage|p2a: Iron Hands|88/100|[from] Spikes
|turn|17
|
|t:|1759067219
|move|p2a: Iron Hands|Supercell Slam|p1a: Samurott
|-supereffective|p1a: Samurott
|-damage|p1a: Samurott|0 fnt
|faint|p1a: Samurott
|
|upkeep
|
|t:|1759067222
|switch|p1a: Kyurem|Kyurem|100/100
|-ability|p1a: Kyurem|Pressure
|turn|18
|
|t:|1759067225
|move|p2a: Iron Hands|Close Combat|p1a: Kyurem
|-supereffective|p1a: Kyurem
|-damage|p1a: Kyurem|0 fnt
|-unboost|p2a: Iron Hands|def|1
|-unboost|p2a: Iron Hands|spd|1
|faint|p1a: Kyurem
|
|-fieldend|move: Trick Room
|upkeep
|
|t:|1759067227
|switch|p1a: Iron Valiant|Iron Valiant|100/100
|-enditem|p1a: Iron Valiant|Booster Energy
|-activate|p1a: Iron Valiant|ability: Quark Drive|[fromitem]
|-start|p1a: Iron Valiant|quarkdrivespe
|turn|19
|
|t:|1759067230
|move|p1a: Iron Valiant|Moonblast|p2a: Iron Hands
|-supereffective|p2a: Iron Hands
|-damage|p2a: Iron Hands|0 fnt
|faint|p2a: Iron Hands
|-end|p2a: Iron Hands|Quark Drive|[silent]
|
|upkeep
|
|t:|1759067233
|switch|p2a: Ursaluna|Ursaluna, F|100/100
|-damage|p2a: Ursaluna|88/100|[from] Spikes
|turn|20
|inactive|theironpikachu has 120 seconds left.
|
|t:|1759067279
|-terastallize|p1a: Iron Valiant|Ghost
|move|p1a: Iron Valiant|Calm Mind|p1a: Iron Valiant
|-boost|p1a: Iron Valiant|spa|1
|-boost|p1a: Iron Valiant|spd|1
|move|p2a: Ursaluna|Headlong Rush|p1a: Iron Valiant
|-damage|p1a: Iron Valiant|2/100
|-unboost|p2a: Ursaluna|def|1
|-unboost|p2a: Ursaluna|spd|1
|
|-status|p2a: Ursaluna|brn|[from] item: Flame Orb
|upkeep
|turn|21
|
|t:|1759067284
|move|p1a: Iron Valiant|Aura Sphere|p2a: Ursaluna
|-supereffective|p2a: Ursaluna
|-damage|p2a: Ursaluna|0 fnt
|faint|p2a: Ursaluna
|
|-fieldend|move: Psychic Terrain
|upkeep
|
|t:|1759067286
|switch|p2a: Hoopa|Hoopa-Unbound|100/100
|-damage|p2a: Hoopa|88/100|[from] Spikes
|turn|22
|
|t:|1759067289
|-terastallize|p2a: Hoopa|Psychic
|move|p1a: Iron Valiant|Moonblast|p2a: Hoopa
|-damage|p2a: Hoopa|37/100
|move|p2a: Hoopa|Expanding Force|p1a: Iron Valiant
|-damage|p1a: Iron Valiant|0 fnt
|faint|p1a: Iron Valiant
|-end|p1a: Iron Valiant|Quark Drive|[silent]
|
|win|Arcanine numbers
|n|☆theironpikachu|theironpikachu
|n|☆Arcanine numbers|arcaninenumbers
|n|*Lady Monita ☀|ladymonita
|n| Albrtix|albrtix
|n| inertialinitiative|inertialinitiative
|n| nick(mygold)|nickmygold
|l|*Lady Monita ☀
|c|☆Arcanine numbers|gg
|c|☆theironpikachu|gg
|l|☆Arcanine numbers
|player|p2|
|l| inertialinitiative
|l|☆theironpikachu
|player|p1|
|l| nick(mygold)
