|j|☆nah just click
|j|☆xrayinformation
|t:|1758928509
|gametype|singles
|player|p1|nah just click|266|1644
|player|p2|xrayinformation|dragontamer|1572
|gen|9
|tier|[Gen 9] OU
|rated|
|rule|HP Percentage Mod: HP is shown in percentages
|rule|Endless Battle Clause: Forcing endless battles is banned
|rule|Species Clause: Limit one of each Pokémon
|rule|OHKO Clause: OHKO moves are banned
|rule|Evasion Items Clause: Evasion items are banned
|rule|Evasion Moves Clause: Evasion moves are banned
|rule|Evasion Abilities Clause: Evasion abilities are banned
|rule|Sleep Moves Clause: Sleep-inducing moves are banned
|clearpoke
|poke|p1|Gholdengo|
|poke|p1|Landorus-Therian, M|
|poke|p1|Ogerpon-Wellspring, F|
|poke|p1|Great Tusk|
|poke|p1|Iron Moth|
|poke|p1|Primarina, F|
|poke|p2|Ceruledge, M|
|poke|p2|Ribombee, M|
|poke|p2|Dragapult, F|
|poke|p2|Iron Treads|
|poke|p2|Iron Jugulis|
|poke|p2|Gallade, M|
|teampreview
|inactive|Battle timer is ON: inactive players will automatically lose when time's up. (requested by nah just click)
|
|t:|1758928515
|teamsize|p1|6
|teamsize|p2|6
|start
|switch|p1a: Iron Moth|Iron Moth|100/100
|switch|p2a: Ribombee|Ribombee, M|100/100
|-enditem|p1a: Iron Moth|Booster Energy
|-activate|p1a: Iron Moth|ability: Quark Drive|[fromitem]
|-start|p1a: Iron Moth|quarkdrivespe
|turn|1
|
|t:|1758928519
|move|p1a: Iron Moth|Substitute|p1a: Iron Moth
|-start|p1a: Iron Moth|Substitute
|-damage|p1a: Iron Moth|76/100
|move|p2a: Ribombee|Sticky Web|p1a: Iron Moth
|-sidestart|p1: nah just click|move: Sticky Web
|
|upkeep
|turn|2
|
|t:|1758928523
|move|p1a: Iron Moth|Fiery Dance|p2a: Ribombee
|-supereffective|p2a: Ribombee
|-enditem|p2a: Ribombee|Focus Sash
|-damage|p2a: Ribombee|1/100
|-boost|p1a: Iron Moth|spa|1
|move|p2a: Ribombee|Moonblast|p1a: Iron Moth
|-resisted|p1a: Iron Moth
|-activate|p1a: Iron Moth|move: Substitute|[damage]
|
|upkeep
|turn|3
|
|t:|1758928527
|move|p1a: Iron Moth|Fiery Dance|p2a: Ribombee
|-supereffective|p2a: Ribombee
|-damage|p2a: Ribombee|0 fnt
|-boost|p1a: Iron Moth|spa|1
|faint|p2a: Ribombee
|
|upkeep
|j| hacksareus10
|
|t:|1758928545
|switch|p2a: Iron Jugulis|Iron Jugulis|100/100
|-enditem|p2a: Iron Jugulis|Booster Energy
|-activate|p2a: Iron Jugulis|ability: Quark Drive|[fromitem]
|-start|p2a: Iron Jugulis|quarkdrivespe
|turn|4
|
|t:|1758928553
|move|p1a: Iron Moth|Fiery Dance|p2a: Iron Jugulis
|-damage|p2a: Iron Jugulis|2/100
|move|p2a: Iron Jugulis|Dark Pulse|p1a: Iron Moth
|-end|p1a: Iron Moth|Substitute
|
|upkeep
|turn|5
|
|t:|1758928558
|move|p1a: Iron Moth|Fiery Dance|p2a: Iron Jugulis
|-damage|p2a: Iron Jugulis|0 fnt
|faint|p2a: Iron Jugulis
|-end|p2a: Iron Jugulis|Quark Drive|[silent]
|
|upkeep
|
|t:|1758928566
|switch|p2a: Ceruledge|Ceruledge, M, shiny|100/100
|turn|6
|
|t:|1758928570
|-terastallize|p2a: Ceruledge|Ground
|move|p1a: Iron Moth|Psychic|p2a: Ceruledge
|-crit|p2a: Ceruledge
|-enditem|p2a: Ceruledge|Focus Sash
|-damage|p2a: Ceruledge|1/100
|move|p2a: Ceruledge|Tera Blast|p1a: Iron Moth|[anim] Tera Blast Ground
|-supereffective|p1a: Iron Moth
|-crit|p1a: Iron Moth
|-damage|p1a: Iron Moth|0 fnt
|faint|p1a: Iron Moth
|-end|p1a: Iron Moth|Quark Drive|[silent]
|
|upkeep
|
|t:|1758928575
|switch|p1a: Landorus|Landorus-Therian, M|100/100
|-ability|p1a: Landorus|Intimidate|boost
|-unboost|p2a: Ceruledge|atk|1
|turn|7
|
|t:|1758928580
|move|p1a: Landorus|U-turn|p2a: Ceruledge
|-damage|p2a: Ceruledge|0 fnt
|faint|p2a: Ceruledge
|
|t:|1758928585
|switch|p1a: Primarina|Primarina, F|100/100|[from] U-turn
|-activate|p1a: Primarina|move: Sticky Web
|-unboost|p1a: Primarina|spe|1
|
|upkeep
|
|t:|1758928602
|switch|p2a: Iron Treads|Iron Treads|100/100
|-enditem|p2a: Iron Treads|Booster Energy
|-activate|p2a: Iron Treads|ability: Quark Drive|[fromitem]
|-start|p2a: Iron Treads|quarkdrivespa
|turn|8
|
|t:|1758928605
|move|p2a: Iron Treads|Steel Beam|p1a: Primarina
|-damage|p1a: Primarina|43/100
|-damage|p2a: Iron Treads|50/100|[from] steelbeam
|move|p1a: Primarina|Sparkling Aria|p2a: Iron Treads
|-supereffective|p2a: Iron Treads
|-damage|p2a: Iron Treads|0 fnt
|faint|p2a: Iron Treads
|-end|p2a: Iron Treads|Quark Drive|[silent]
|
|upkeep
|
|t:|1758928617
|switch|p2a: Gallade|Gallade, M|100/100
|turn|9
|
|t:|1758928620
|move|p2a: Gallade|Psycho Cut|p1a: Primarina
|-crit|p1a: Primarina
|-damage|p1a: Primarina|0 fnt
|faint|p1a: Primarina
|
|upkeep
|
|t:|1758928624
|switch|p1a: Landorus|Landorus-Therian, M|100/100
|-ability|p1a: Landorus|Intimidate|boost
|-unboost|p2a: Gallade|atk|1
|turn|10
|
|t:|1758928630
|-terastallize|p1a: Landorus|Flying
|move|p1a: Landorus|Tera Blast|p2a: Gallade|[anim] Tera Blast Flying
|-supereffective|p2a: Gallade
|-damage|p2a: Gallade|0 fnt
|faint|p2a: Gallade
|
|upkeep
|
|t:|1758928633
|switch|p2a: Dragapult|Dragapult, F|100/100
|turn|11
|
|t:|1758928640
|move|p1a: Landorus|Tera Blast|p2a: Dragapult|[anim] Tera Blast Flying
|-damage|p2a: Dragapult|0 fnt
|faint|p2a: Dragapult
|
|win|nah just click
|raw|nah just click's rating: 1644 &rarr; <strong>1660</strong><br />(+16 for winning)
|raw|xrayinformation's rating: 1572 &rarr; <strong>1556</strong><br />(-16 for losing)
|l|☆nah just click
|player|p1|
|l|☆xrayinformation
|player|p2|
