|j|☆hnhgjmmkn
|j|☆Yelo_Galaxy
|t:|1759049409
|gametype|singles
|player|p1|hnhgjmmkn|169|1685
|player|p2|Yelo_Galaxy|169|1679
|gen|9
|tier|[Gen 9] OU
|rated|
|rule|HP Percentage Mod: HP is shown in percentages
|rule|Endless Battle Clause: Forcing endless battles is banned
|rule|Species Clause: Limit one of each Pokémon
|rule|OHKO Clause: OHKO moves are banned
|rule|Evasion Items Clause: Evasion items are banned
|rule|Evasion Moves Clause: Evasion moves are banned
|rule|Evasion Abilities Clause: Evasion abilities are banned
|rule|Sleep Moves Clause: Sleep-inducing moves are banned
|clearpoke
|poke|p1|Raging Bolt|
|poke|p1|Torkoal, F|
|poke|p1|Gliscor, F|
|poke|p1|Walking Wake|
|poke|p1|Scizor, F|
|poke|p1|Hatterene, F|
|poke|p2|Torkoal, F|
|poke|p2|Hatterene, F|
|poke|p2|Raging Bolt|
|poke|p2|Slither Wing|
|poke|p2|Venusaur, F|
|poke|p2|Walking Wake|
|teampreview
|inactive|Battle timer is ON: inactive players will automatically lose when time's up. (requested by hnhgjmmkn)
|
|t:|1759049432
|teamsize|p1|6
|teamsize|p2|6
|start
|switch|p1a: Scizor|Scizor, F|100/100
|switch|p2a: Slither Wing|Slither Wing|100/100
|turn|1
|
|t:|1759049440
|switch|p1a: Hatterene|Hatterene, F|100/100
|move|p2a: Slither Wing|Temper Flare|p1a: Hatterene
|-damage|p1a: Hatterene|74/100
|
|upkeep
|turn|2
|
|t:|1759049447
|move|p2a: Slither Wing|U-turn|p1a: Hatterene
|-damage|p1a: Hatterene|40/100
|
|t:|1759049455
|-end|p2a: Slither Wing|Protosynthesis|[silent]
|switch|p2a: Torkoal|Torkoal, F|100/100|[from] U-turn
|-weather|SunnyDay|[from] ability: Drought|[of] p2a: Torkoal
|move|p1a: Hatterene|Nuzzle|p2a: Torkoal
|-damage|p2a: Torkoal|97/100
|-status|p2a: Torkoal|par
|
|-weather|SunnyDay|[upkeep]
|upkeep
|turn|3
|
|t:|1759049466
|switch|p2a: Slither Wing|Slither Wing|100/100
|-activate|p2a: Slither Wing|ability: Protosynthesis
|-start|p2a: Slither Wing|protosynthesisatk
|move|p1a: Hatterene|Psychic Noise|p2a: Slither Wing
|-supereffective|p2a: Slither Wing
|-damage|p2a: Slither Wing|55/100
|-start|p2a: Slither Wing|move: Heal Block
|
|-weather|SunnyDay|[upkeep]
|upkeep
|turn|4
|
|t:|1759049478
|switch|p1a: Torkoal|Torkoal, F|100/100
|move|p2a: Slither Wing|U-turn|p1a: Torkoal
|-resisted|p1a: Torkoal
|-damage|p1a: Torkoal|84/100
|
|t:|1759049480
|-end|p2a: Slither Wing|Protosynthesis|[silent]
|switch|p2a: Walking Wake|Walking Wake|100/100|[from] U-turn
|-activate|p2a: Walking Wake|ability: Protosynthesis
|-start|p2a: Walking Wake|protosynthesisspe
|
|-weather|SunnyDay|[upkeep]
|upkeep
|turn|5
|
|t:|1759049490
|switch|p1a: Hatterene|Hatterene, F|40/100
|move|p2a: Walking Wake|Draco Meteor|p1a: Hatterene
|-immune|p1a: Hatterene
|
|-weather|SunnyDay|[upkeep]
|upkeep
|turn|6
|
|t:|1759049498
|switch|p1a: Walking Wake|Walking Wake|100/100
|-activate|p1a: Walking Wake|ability: Protosynthesis
|-start|p1a: Walking Wake|protosynthesisspe
|move|p2a: Walking Wake|Weather Ball|p1a: Walking Wake
|-resisted|p1a: Walking Wake
|-damage|p1a: Walking Wake|84/100
|
|-weather|SunnyDay|[upkeep]
|upkeep
|turn|7
|
|t:|1759049510
|-end|p1a: Walking Wake|Protosynthesis|[silent]
|switch|p1a: Hatterene|Hatterene, F|40/100
|move|p2a: Walking Wake|Draco Meteor|p1a: Hatterene
|-immune|p1a: Hatterene
|
|-weather|SunnyDay|[upkeep]
|upkeep
|turn|8
|
|t:|1759049530
|move|p2a: Walking Wake|Weather Ball|p1a: Hatterene
|-damage|p1a: Hatterene|2/100
|move|p1a: Hatterene|Nuzzle|p2a: Walking Wake
|-damage|p2a: Walking Wake|96/100
|-status|p2a: Walking Wake|par
|
|-weather|SunnyDay|[upkeep]
|upkeep
|turn|9
|inactive|hnhgjmmkn has 120 seconds left.
|
|t:|1759049550
|move|p2a: Walking Wake|Hydro Steam|p1a: Hatterene
|-damage|p1a: Hatterene|0 fnt
|faint|p1a: Hatterene
|
|-weather|none
|-end|p2a: Walking Wake|Protosynthesis
|upkeep
|inactive|hnhgjmmkn has 120 seconds left.
|
|t:|1759049564
|switch|p1a: Raging Bolt|Raging Bolt|100/100
|turn|10
|
|t:|1759049594
|-end|p2a: Walking Wake|Protosynthesis|[silent]
|switch|p2a: Torkoal|Torkoal, F|97/100 par
|-weather|SunnyDay|[from] ability: Drought|[of] p2a: Torkoal
|-activate|p1a: Raging Bolt|ability: Protosynthesis
|-start|p1a: Raging Bolt|protosynthesisspa
|move|p1a: Raging Bolt|Dragon Pulse|p2a: Torkoal
|-damage|p2a: Torkoal|11/100 par
|
|-weather|SunnyDay|[upkeep]
|upkeep
|turn|11
|inactive|hnhgjmmkn has 120 seconds left.
|
|t:|1759049614
|move|p1a: Raging Bolt|Weather Ball|p2a: Torkoal
|-resisted|p2a: Torkoal
|-damage|p2a: Torkoal|0 fnt
|faint|p2a: Torkoal
|
|-weather|SunnyDay|[upkeep]
|upkeep
|
|t:|1759049616
|switch|p2a: Hatterene|Hatterene, F|100/100
|-item|p2a: Hatterene|Air Balloon
|turn|12
|
|t:|1759049625
|switch|p2a: Slither Wing|Slither Wing|55/100
|-activate|p2a: Slither Wing|ability: Protosynthesis
|-start|p2a: Slither Wing|protosynthesisatk
|move|p1a: Raging Bolt|Volt Switch|p2a: Slither Wing
|-damage|p2a: Slither Wing|18/100
|
|t:|1759049632
|-end|p1a: Raging Bolt|Protosynthesis|[silent]
|switch|p1a: Gliscor|Gliscor, F|100/100|[from] Volt Switch
|
|-weather|SunnyDay|[upkeep]
|-status|p1a: Gliscor|tox|[from] item: Toxic Orb
|upkeep
|turn|13
|
|t:|1759049639
|move|p2a: Slither Wing|U-turn|p1a: Gliscor
|-resisted|p1a: Gliscor
|-damage|p1a: Gliscor|80/100 tox
|
|t:|1759049640
|-end|p2a: Slither Wing|Protosynthesis|[silent]
|switch|p2a: Hatterene|Hatterene, F|100/100|[from] U-turn
|-item|p2a: Hatterene|Air Balloon
|move|p1a: Gliscor|Knock Off|p2a: Hatterene
|-damage|p2a: Hatterene|82/100
|-enditem|p2a: Hatterene|Air Balloon
|
|-weather|SunnyDay|[upkeep]
|-heal|p1a: Gliscor|93/100 tox|[from] ability: Poison Heal
|upkeep
|turn|14
|
|t:|1759049652
|move|p1a: Gliscor|Swords Dance|p1a: Gliscor
|-boost|p1a: Gliscor|atk|2
|move|p2a: Hatterene|Healing Wish|p2a: Hatterene
|faint|p2a: Hatterene
|
|-weather|SunnyDay|[upkeep]
|-heal|p1a: Gliscor|100/100 tox|[from] ability: Poison Heal
|upkeep
|
|t:|1759049657
|switch|p2a: Walking Wake|Walking Wake|96/100 par
|-heal|p2a: Walking Wake|100/100|[from] move: Healing Wish
|-activate|p2a: Walking Wake|ability: Protosynthesis
|-start|p2a: Walking Wake|protosynthesisspe
|turn|15
|
|t:|1759049667
|-terastallize|p1a: Gliscor|Water
|move|p2a: Walking Wake|Hydro Steam|p1a: Gliscor
|-resisted|p1a: Gliscor
|-damage|p1a: Gliscor|73/100 tox
|move|p1a: Gliscor|Knock Off|p2a: Walking Wake
|-damage|p2a: Walking Wake|53/100
|-enditem|p2a: Walking Wake|Wise Glasses|[from] move: Knock Off|[of] p1a: Gliscor
|
|-weather|SunnyDay|[upkeep]
|-heal|p1a: Gliscor|86/100 tox|[from] ability: Poison Heal
|upkeep
|turn|16
|
|t:|1759049679
|move|p1a: Gliscor|Protect|p1a: Gliscor
|-singleturn|p1a: Gliscor|Protect
|move|p2a: Walking Wake|Draco Meteor|p1a: Gliscor
|-activate|p1a: Gliscor|move: Protect
|
|-weather|SunnyDay|[upkeep]
|-heal|p1a: Gliscor|98/100 tox|[from] ability: Poison Heal
|upkeep
|turn|17
|
|t:|1759049688
|move|p2a: Walking Wake|Draco Meteor|p1a: Gliscor
|-damage|p1a: Gliscor|45/100 tox
|-unboost|p2a: Walking Wake|spa|2
|move|p1a: Gliscor|Earthquake|p2a: Walking Wake
|-damage|p2a: Walking Wake|0 fnt
|faint|p2a: Walking Wake
|-end|p2a: Walking Wake|Protosynthesis|[silent]
|
|-weather|none
|-heal|p1a: Gliscor|58/100 tox|[from] ability: Poison Heal
|upkeep
|-message|Yelo_Galaxy forfeited.
|
|win|hnhgjmmkn
|raw|hnhgjmmkn's rating: 1685 &rarr; <strong>1705</strong><br />(+20 for winning)
|raw|Yelo_Galaxy's rating: 1679 &rarr; <strong>1659</strong><br />(-20 for losing)
|l|☆Yelo_Galaxy
|player|p2|
|l|☆hnhgjmmkn
|player|p1|
|j|☆hnhgjmmkn
|player|p1|hnhgjmmkn|169|
|l|☆hnhgjmmkn
|player|p1|
|j|☆hnhgjmmkn
|player|p1|hnhgjmmkn|169|
