|j|☆kuraiyagare
|j|☆I AM AMPD 2 PLAY
|t:|1759010416
|gametype|singles
|player|p1|kuraiyagare|mars|1307
|player|p2|I AM AMPD 2 PLAY|2|1339
|gen|9
|tier|[Gen 9] OU
|rated|
|rule|HP Percentage Mod: HP is shown in percentages
|rule|Endless Battle Clause: Forcing endless battles is banned
|rule|Species Clause: Limit one of each Pokémon
|rule|OHKO Clause: OHKO moves are banned
|rule|Evasion Items Clause: Evasion items are banned
|rule|Evasion Moves Clause: Evasion moves are banned
|rule|Evasion Abilities Clause: Evasion abilities are banned
|rule|Sleep Moves Clause: Sleep-inducing moves are banned
|clearpoke
|poke|p1|Talonflame, F|
|poke|p1|Drifblim, F|
|poke|p1|Bastiodon, M|
|poke|p1|Lokix, M|
|poke|p1|Gardevoir, M|
|poke|p1|Flygon, F|
|poke|p2|Ogerpon-Wellspring, F|
|poke|p2|Kingambit, F|
|poke|p2|Landorus-Therian, M|
|poke|p2|Glimmora, M|
|poke|p2|Dragapult, M|
|poke|p2|Iron Valiant|
|teampreview
|inactive|Battle timer is ON: inactive players will automatically lose when time's up. (requested by I AM AMPD 2 PLAY)
|l|☆I AM AMPD 2 PLAY
|inactive|I AM AMPD 2 PLAY disconnected and has a minute to reconnect!
|player|p2|
|inactive|kuraiyagare has 120 seconds left.
|j|☆I AM AMPD 2 PLAY
|inactive|I AM AMPD 2 PLAY reconnected.
|player|p2|I AM AMPD 2 PLAY|2|
|
|t:|1759010474
|teamsize|p1|6
|teamsize|p2|6
|start
|switch|p1a: Gardenia|Gardevoir, M|100/100
|switch|p2a: Landorus|Landorus-Therian, M|100/100
|-ability|p2a: Landorus|Intimidate|boost
|-unboost|p1a: Gardenia|atk|1
|-ability|p1a: Gardenia|Intimidate|Trace|[from] ability: Trace|[of] p2a: Landorus
|-ability|p1a: Gardenia|Intimidate|boost
|-unboost|p2a: Landorus|atk|1
|turn|1
|
|t:|1759010479
|move|p2a: Landorus|Stealth Rock|p1a: Gardenia
|-sidestart|p1: kuraiyagare|move: Stealth Rock
|move|p1a: Gardenia|Moonblast|p2a: Landorus
|-damage|p2a: Landorus|40/100
|-unboost|p2a: Landorus|spa|1
|
|upkeep
|turn|2
|
|t:|1759010501
|move|p2a: Landorus|Earthquake|p1a: Gardenia
|-damage|p1a: Gardenia|42/100
|move|p1a: Gardenia|Moonblast|p2a: Landorus
|-damage|p2a: Landorus|0 fnt
|faint|p2a: Landorus
|
|upkeep
|
|t:|1759010505
|switch|p2a: Dragapult|Dragapult, M|100/100
|turn|3
|
|t:|1759010519
|move|p2a: Dragapult|Shadow Ball|p1a: Gardenia
|-supereffective|p1a: Gardenia
|-damage|p1a: Gardenia|0 fnt
|faint|p1a: Gardenia
|
|upkeep
|
|t:|1759010522
|switch|p1a: Vatra|Talonflame, F|100/100
|turn|4
|
|t:|1759010533
|switch|p2a: Glimmora|Glimmora, M|100/100
|move|p1a: Vatra|Defog|p2a: Glimmora
|-unboost|p2a: Glimmora|evasion|1
|-sideend|p1: kuraiyagare|Stealth Rock|[from] move: Defog|[of] p1a: Vatra
|
|upkeep
|turn|5
|
|t:|1759010545
|switch|p1a: Flygon|Flygon, F|100/100
|move|p2a: Glimmora|Meteor Beam||[still]
|-prepare|p2a: Glimmora|Meteor Beam
|-boost|p2a: Glimmora|spa|1
|-enditem|p2a: Glimmora|Power Herb
|-anim|p2a: Glimmora|Meteor Beam|p1a: Flygon
|-resisted|p1a: Flygon
|-crit|p1a: Flygon
|-damage|p1a: Flygon|1/100
|
|upkeep
|turn|6
|
|t:|1759010558
|switch|p2a: Ogerpon|Ogerpon-Wellspring, F|100/100
|move|p1a: Flygon|Earthquake|p2a: Ogerpon
|-resisted|p2a: Ogerpon
|-damage|p2a: Ogerpon|68/100
|
|upkeep
|turn|7
|
|t:|1759010562
|move|p2a: Ogerpon|Horn Leech|p1a: Flygon
|-damage|p1a: Flygon|0 fnt
|-heal|p2a: Ogerpon|68/100|[from] drain|[of] p1a: Flygon
|faint|p1a: Flygon
|
|upkeep
|
|t:|1759010571
|switch|p1a: avg linux user|Lokix, M|100/100
|turn|8
|
|t:|1759010588
|switch|p2a: Iron Valiant|Iron Valiant|100/100
|-enditem|p2a: Iron Valiant|Booster Energy
|-activate|p2a: Iron Valiant|ability: Quark Drive|[fromitem]
|-start|p2a: Iron Valiant|quarkdrivespe
|move|p1a: avg linux user|First Impression|p2a: Iron Valiant
|-resisted|p2a: Iron Valiant
|-damage|p2a: Iron Valiant|71/100
|
|upkeep
|turn|9
|
|t:|1759010600
|move|p2a: Iron Valiant|Spirit Break|p1a: avg linux user
|-supereffective|p1a: avg linux user
|-damage|p1a: avg linux user|0 fnt
|faint|p1a: avg linux user
|
|upkeep
|
|t:|1759010606
|switch|p1a: Bastiodon|Bastiodon, M|100/100
|turn|10
|
|t:|1759010610
|move|p2a: Iron Valiant|Knock Off|p1a: Bastiodon
|-damage|p1a: Bastiodon|83/100
|-enditem|p1a: Bastiodon|Chesto Berry|[from] move: Knock Off|[of] p2a: Iron Valiant
|move|p1a: Bastiodon|Stealth Rock|p2a: Iron Valiant
|-sidestart|p2: I AM AMPD 2 PLAY|move: Stealth Rock
|
|upkeep
|turn|11
|
|t:|1759010615
|move|p2a: Iron Valiant|Encore|p1a: Bastiodon
|-start|p1a: Bastiodon|Encore
|move|p1a: Bastiodon|Stealth Rock||[still]
|-fail|p1a: Bastiodon
|
|upkeep
|turn|12
|
|t:|1759010618
|move|p2a: Iron Valiant|Knock Off|p1a: Bastiodon
|-damage|p1a: Bastiodon|72/100
|move|p1a: Bastiodon|Stealth Rock||[still]
|-fail|p1a: Bastiodon
|
|upkeep
|turn|13
|
|t:|1759010620
|move|p2a: Iron Valiant|Swords Dance|p2a: Iron Valiant
|-boost|p2a: Iron Valiant|atk|2
|move|p1a: Bastiodon|Stealth Rock||[still]
|-fail|p1a: Bastiodon
|
|-end|p1a: Bastiodon|Encore
|upkeep
|turn|14
|
|t:|1759010625
|switch|p1a: Vatra|Talonflame, F|100/100
|move|p2a: Iron Valiant|Knock Off|p1a: Vatra
|-damage|p1a: Vatra|0 fnt
|-enditem|p1a: Vatra|Heavy-Duty Boots|[from] move: Knock Off|[of] p2a: Iron Valiant
|faint|p1a: Vatra
|
|upkeep
|
|t:|1759010630
|switch|p1a: Bastiodon|Bastiodon, M|72/100
|turn|15
|
|t:|1759010633
|move|p2a: Iron Valiant|Knock Off|p1a: Bastiodon
|-damage|p1a: Bastiodon|50/100
|move|p1a: Bastiodon|Roar|p2a: Iron Valiant
|-end|p2a: Iron Valiant|Quark Drive|[silent]
|drag|p2a: Kingambit|Kingambit, F|100/100
|-damage|p2a: Kingambit|94/100|[from] Stealth Rock
|-activate|p2a: Kingambit|ability: Supreme Overlord
|-start|p2a: Kingambit|fallen1|[silent]
|
|-heal|p2a: Kingambit|100/100|[from] item: Leftovers
|upkeep
|turn|16
|
|t:|1759010640
|move|p2a: Kingambit|Iron Head|p1a: Bastiodon
|-damage|p1a: Bastiodon|21/100
|move|p1a: Bastiodon|Roar|p2a: Kingambit
|-end|p2a: Kingambit|fallen1|[silent]
|drag|p2a: Dragapult|Dragapult, M|100/100
|-damage|p2a: Dragapult|88/100|[from] Stealth Rock
|
|upkeep
|turn|17
|
|t:|1759010645
|move|p2a: Dragapult|Shadow Ball|p1a: Bastiodon
|-damage|p1a: Bastiodon|0 fnt
|faint|p1a: Bastiodon
|
|upkeep
|
|t:|1759010647
|switch|p1a: Drifflim|Drifblim, F|100/100
|turn|18
|
|t:|1759010653
|move|p2a: Dragapult|Shadow Ball|p1a: Drifflim
|-supereffective|p1a: Drifflim
|-damage|p1a: Drifflim|0 fnt
|faint|p1a: Drifflim
|
|win|I AM AMPD 2 PLAY
|raw|kuraiyagare's rating: 1307 &rarr; <strong>1289</strong><br />(-18 for losing)
|raw|I AM AMPD 2 PLAY's rating: 1339 &rarr; <strong>1357</strong><br />(+18 for winning)
|l|☆kuraiyagare
|player|p1|
|l|☆I AM AMPD 2 PLAY
|player|p2|
