|badge|p2|bronze|gen9ou|100-6
|html|<div class="broadcast-red"><strong>This battle is required to be public due to one or more player having a season medal.</strong><br />During the public phase, you can discuss the state of the ladder <a href="/seasondiscussion">in a special chatroom.</a></div>
|uhtml|medal-msg|<div class="broadcast-blue">Curious what those medals under the avatar are? PS now has Ladder Seasons! For more information, check out the <a href="https://www.smogon.com/forums/threads/3740067/">thread on Smogon.</a></div>
|j|☆Shibuya Arc
|j|☆yesterdaymister
|t:|1758978872
|gametype|singles
|player|p1|Shibuya Arc|265|1718
|player|p2|yesterdaymister|striker|1854
|gen|9
|tier|[Gen 9] OU
|rated|
|rule|HP Percentage Mod: HP is shown in percentages
|rule|Endless Battle Clause: Forcing endless battles is banned
|rule|Species Clause: Limit one of each Pokémon
|rule|OHKO Clause: OHKO moves are banned
|rule|Evasion Items Clause: Evasion items are banned
|rule|Evasion Moves Clause: Evasion moves are banned
|rule|Evasion Abilities Clause: Evasion abilities are banned
|rule|Sleep Moves Clause: Sleep-inducing moves are banned
|clearpoke
|poke|p1|Dragapult, M|
|poke|p1|Dragonite, F|
|poke|p1|Ting-Lu|
|poke|p1|Weezing-Galar, F|
|poke|p1|Iron Crown|
|poke|p1|Zapdos|
|poke|p2|Ninetales, M|
|poke|p2|Ceruledge, M|
|poke|p2|Venusaur, F|
|poke|p2|Hatterene, F|
|poke|p2|Great Tusk|
|poke|p2|Walking Wake|
|teampreview
|inactive|Battle timer is ON: inactive players will automatically lose when time's up. (requested by yesterdaymister)
|
|t:|1758978882
|teamsize|p1|6
|teamsize|p2|6
|start
|switch|p1a: Ting-Lu|Ting-Lu|100/100
|switch|p2a: arda guler|Ninetales, M|100/100
|-weather|SunnyDay|[from] ability: Drought|[of] p2a: arda guler
|-ability|p1a: Ting-Lu|Vessel of Ruin
|turn|1
|inactive|Shibuya Arc also wants the timer to be on.
|
|t:|1758978889
|switch|p2a: maccabi|Hatterene, F|100/100
|move|p1a: Ting-Lu|Ruination|p2a: maccabi
|-damage|p2a: maccabi|50/100
|-enditem|p2a: maccabi|Eject Button
|
|t:|1758978894
|switch|p2a: chama|Walking Wake|100/100
|-activate|p2a: chama|ability: Protosynthesis
|-start|p2a: chama|protosynthesisspa
|
|-weather|SunnyDay|[upkeep]
|upkeep
|turn|2
|
|t:|1758978901
|-terastallize|p1a: Ting-Lu|Water
|move|p2a: chama|Hydro Steam|p1a: Ting-Lu
|-resisted|p1a: Ting-Lu
|-damage|p1a: Ting-Lu|73/100
|move|p1a: Ting-Lu|Ruination|p2a: chama
|-damage|p2a: chama|51/100
|
|-weather|SunnyDay|[upkeep]
|-heal|p1a: Ting-Lu|79/100|[from] item: Leftovers
|upkeep
|turn|3
|
|t:|1758978915
|-end|p2a: chama|Protosynthesis|[silent]
|switch|p2a: maccabi|Hatterene, F|50/100
|move|p1a: Ting-Lu|Earthquake|p2a: maccabi
|-damage|p2a: maccabi|16/100
|
|-weather|SunnyDay|[upkeep]
|-heal|p1a: Ting-Lu|85/100|[from] item: Leftovers
|upkeep
|turn|4
|
|t:|1758978925
|move|p1a: Ting-Lu|Earthquake|p2a: maccabi
|-damage|p2a: maccabi|0 fnt
|faint|p2a: maccabi
|
|-weather|SunnyDay|[upkeep]
|-heal|p1a: Ting-Lu|92/100|[from] item: Leftovers
|upkeep
|
|t:|1758978931
|switch|p2a: hans vanaken|Venusaur, F|100/100
|turn|5
|j| cryyysneasel
|
|t:|1758978937
|move|p2a: hans vanaken|Growth|p2a: hans vanaken
|-boost|p2a: hans vanaken|atk|2
|-boost|p2a: hans vanaken|spa|2
|move|p1a: Ting-Lu|Stealth Rock|p2a: hans vanaken
|-sidestart|p2: yesterdaymister|move: Stealth Rock
|
|-weather|SunnyDay|[upkeep]
|-heal|p1a: Ting-Lu|98/100|[from] item: Leftovers
|upkeep
|turn|6
|
|t:|1758978944
|move|p2a: hans vanaken|Giga Drain|p1a: Ting-Lu
|-supereffective|p1a: Ting-Lu
|-damage|p1a: Ting-Lu|25/100
|-damage|p2a: hans vanaken|91/100|[from] item: Life Orb
|move|p1a: Ting-Lu|Whirlwind|p2a: hans vanaken
|drag|p2a: chama|Walking Wake|51/100
|-damage|p2a: chama|38/100|[from] Stealth Rock
|-activate|p2a: chama|ability: Protosynthesis
|-start|p2a: chama|protosynthesisspa
|
|-weather|SunnyDay|[upkeep]
|-heal|p1a: Ting-Lu|31/100|[from] item: Leftovers
|upkeep
|turn|7
|
|t:|1758978953
|move|p2a: chama|Dragon Pulse|p1a: Ting-Lu
|-damage|p1a: Ting-Lu|0 fnt
|faint|p1a: Ting-Lu
|
|-weather|SunnyDay|[upkeep]
|upkeep
|
|t:|1758978960
|switch|p1a: Dragapult|Dragapult, M|100/100
|turn|8
|inactive|yesterdaymister has 120 seconds left.
|
|t:|1758978992
|-end|p2a: chama|Protosynthesis|[silent]
|switch|p2a: mignolet|Great Tusk|100/100
|-damage|p2a: mignolet|98/100|[from] Stealth Rock
|-activate|p2a: mignolet|ability: Protosynthesis
|-start|p2a: mignolet|protosynthesisspe
|move|p1a: Dragapult|Dragon Darts|p2a: mignolet
|-damage|p2a: mignolet|84/100
|-anim|p1a: Dragapult|Dragon Darts|p2a: mignolet
|-damage|p2a: mignolet|70/100
|
|-weather|none
|-end|p2a: mignolet|Protosynthesis
|upkeep
|turn|9
|inactive|yesterdaymister has 120 seconds left.
|
|t:|1758979010
|-end|p2a: mignolet|Protosynthesis|[silent]
|switch|p2a: arda guler|Ninetales, M|100/100
|-damage|p2a: arda guler|76/100|[from] Stealth Rock
|-weather|SunnyDay|[from] ability: Drought|[of] p2a: arda guler
|move|p1a: Dragapult|Will-O-Wisp|p2a: arda guler
|-immune|p2a: arda guler
|
|-weather|SunnyDay|[upkeep]
|upkeep
|turn|10
|inactive|yesterdaymister has 120 seconds left.
|
|t:|1758979027
|move|p1a: Dragapult|Dragon Darts|p2a: arda guler
|-damage|p2a: arda guler|52/100
|-anim|p1a: Dragapult|Dragon Darts|p2a: arda guler
|-damage|p2a: arda guler|27/100
|move|p2a: arda guler|Encore|p1a: Dragapult
|-start|p1a: Dragapult|Encore
|
|-weather|SunnyDay|[upkeep]
|upkeep
|turn|11
|
|t:|1758979036
|switch|p2a: mignolet|Great Tusk|70/100
|-damage|p2a: mignolet|67/100|[from] Stealth Rock
|-activate|p2a: mignolet|ability: Protosynthesis
|-start|p2a: mignolet|protosynthesisspe
|move|p1a: Dragapult|Dragon Darts|p2a: mignolet
|-damage|p2a: mignolet|52/100
|-anim|p1a: Dragapult|Dragon Darts|p2a: mignolet
|-damage|p2a: mignolet|39/100
|
|-weather|SunnyDay|[upkeep]
|upkeep
|turn|12
|j| Ctannn
|
|t:|1758979043
|move|p2a: mignolet|Ice Spinner|p1a: Dragapult
|-supereffective|p1a: Dragapult
|-damage|p1a: Dragapult|36/100
|move|p1a: Dragapult|Dragon Darts|p2a: mignolet
|-damage|p2a: mignolet|24/100
|-anim|p1a: Dragapult|Dragon Darts|p2a: mignolet
|-damage|p2a: mignolet|9/100
|
|-weather|SunnyDay|[upkeep]
|upkeep
|turn|13
|
|t:|1758979051
|move|p2a: mignolet|Ice Spinner|p1a: Dragapult
|-supereffective|p1a: Dragapult
|-damage|p1a: Dragapult|0 fnt
|faint|p1a: Dragapult
|
|-weather|SunnyDay|[upkeep]
|upkeep
|
|t:|1758979059
|switch|p1a: Dragonite|Dragonite, F|100/100
|turn|14
|
|t:|1758979065
|move|p1a: Dragonite|Extreme Speed|p2a: mignolet
|-damage|p2a: mignolet|0 fnt
|-damage|p1a: Dragonite|84/100|[from] item: Rocky Helmet|[of] p2a: mignolet
|faint|p2a: mignolet
|-end|p2a: mignolet|Protosynthesis|[silent]
|
|-weather|SunnyDay|[upkeep]
|upkeep
|
|t:|1758979074
|switch|p2a: lebron|Ceruledge, M|100/100
|-damage|p2a: lebron|76/100|[from] Stealth Rock
|turn|15
|
|t:|1758979085
|-terastallize|p2a: lebron|Fairy
|move|p2a: lebron|Tera Blast|p1a: Dragonite|[anim] Tera Blast Fairy
|-supereffective|p1a: Dragonite
|-damage|p1a: Dragonite|0 fnt
|faint|p1a: Dragonite
|
|-weather|SunnyDay|[upkeep]
|upkeep
|
|t:|1758979094
|switch|p1a: Iron Crown|Iron Crown|100/100
|turn|16
|
|t:|1758979112
|-end|p1a: Iron Crown|Quark Drive|[silent]
|switch|p1a: Zapdos|Zapdos|100/100
|move|p2a: lebron|Bitter Blade|p1a: Zapdos
|-damage|p1a: Zapdos|26/100
|-heal|p2a: lebron|100/100|[from] drain|[of] p1a: Zapdos
|-status|p2a: lebron|par|[from] ability: Static|[of] p1a: Zapdos
|
|-weather|none
|upkeep
|turn|17
|
|t:|1758979121
|switch|p1a: Weezing|Weezing-Galar, F|100/100
|-ability|p1a: Weezing|Neutralizing Gas
|cant|p2a: lebron|par
|
|upkeep
|turn|18
|
|t:|1758979127
|-end|p1a: Weezing|ability: Neutralizing Gas
|switch|p1a: Iron Crown|Iron Crown|100/100
|move|p2a: lebron|Swords Dance|p2a: lebron
|-boost|p2a: lebron|atk|2
|
|upkeep
|turn|19
|
|t:|1758979134
|-end|p1a: Iron Crown|Quark Drive|[silent]
|switch|p1a: Weezing|Weezing-Galar, F|100/100
|-ability|p1a: Weezing|Neutralizing Gas
|switch|p2a: arda guler|Ninetales, M|27/100
|-damage|p2a: arda guler|2/100|[from] Stealth Rock
|
|upkeep
|turn|20
|
|t:|1758979143
|-end|p1a: Weezing|ability: Neutralizing Gas
|-weather|SunnyDay|[from] ability: Drought|[of] p2a: arda guler
|switch|p1a: Iron Crown|Iron Crown|100/100
|move|p2a: arda guler|Healing Wish|p2a: arda guler
|faint|p2a: arda guler
|
|-weather|SunnyDay|[upkeep]
|upkeep
|
|t:|1758979162
|switch|p2a: chama|Walking Wake|38/100
|-heal|p2a: chama|100/100|[from] move: Healing Wish
|-damage|p2a: chama|88/100|[from] Stealth Rock
|-activate|p2a: chama|ability: Protosynthesis
|-start|p2a: chama|protosynthesisspa
|turn|21
|
|t:|1758979169
|move|p1a: Iron Crown|Psyshock|p2a: chama
|-damage|p2a: chama|24/100
|move|p2a: chama|Flamethrower|p1a: Iron Crown
|-supereffective|p1a: Iron Crown
|-damage|p1a: Iron Crown|0 fnt
|faint|p1a: Iron Crown
|-end|p1a: Iron Crown|Quark Drive|[silent]
|
|-weather|SunnyDay|[upkeep]
|upkeep
|
|t:|1758979175
|switch|p1a: Zapdos|Zapdos|26/100
|turn|22
|
|t:|1758979182
|move|p1a: Zapdos|Volt Switch|p2a: chama
|-damage|p2a: chama|0 fnt
|faint|p2a: chama
|-end|p2a: chama|Protosynthesis|[silent]
|
|t:|1758979188
|switch|p1a: Weezing|Weezing-Galar, F|100/100|[from] Volt Switch
|-ability|p1a: Weezing|Neutralizing Gas
|
|-weather|SunnyDay|[upkeep]
|upkeep
|
|t:|1758979192
|switch|p2a: hans vanaken|Venusaur, F|91/100
|-damage|p2a: hans vanaken|78/100|[from] Stealth Rock
|turn|23
|
|t:|1758979199
|-end|p1a: Weezing|ability: Neutralizing Gas
|switch|p1a: Zapdos|Zapdos|26/100
|move|p2a: hans vanaken|Growth|p2a: hans vanaken
|-boost|p2a: hans vanaken|atk|2
|-boost|p2a: hans vanaken|spa|2
|
|-weather|SunnyDay|[upkeep]
|upkeep
|turn|24
|
|t:|1758979205
|move|p2a: hans vanaken|Weather Ball|p1a: Zapdos
|-damage|p1a: Zapdos|0 fnt
|faint|p1a: Zapdos
|-damage|p2a: hans vanaken|68/100|[from] item: Life Orb
|
|-weather|SunnyDay|[upkeep]
|upkeep
|
|t:|1758979211
|switch|p1a: Weezing|Weezing-Galar, F|100/100
|-ability|p1a: Weezing|Neutralizing Gas
|turn|25
|
|t:|1758979215
|move|p2a: hans vanaken|Weather Ball|p1a: Weezing
|-damage|p1a: Weezing|0 fnt
|faint|p1a: Weezing
|-end|p1a: Weezing|ability: Neutralizing Gas
|-damage|p2a: hans vanaken|58/100|[from] item: Life Orb
|
|win|yesterdaymister
|raw|Shibuya Arc's rating: 1718 &rarr; <strong>1705</strong><br />(-13 for losing)
|raw|yesterdaymister's rating: 1854 &rarr; <strong>1867</strong><br />(+13 for winning)
