|j|☆madermen
|j|☆REFFLER22
|t:|1759018771
|gametype|singles
|player|p1|madermen|jasmine|1290
|player|p2|REFFLER22|265|1248
|gen|9
|tier|[Gen 9] OU
|rated|
|rule|HP Percentage Mod: HP is shown in percentages
|rule|Endless Battle Clause: Forcing endless battles is banned
|rule|Species Clause: Limit one of each Pokémon
|rule|OHKO Clause: OHKO moves are banned
|rule|Evasion Items Clause: Evasion items are banned
|rule|Evasion Moves Clause: Evasion moves are banned
|rule|Evasion Abilities Clause: Evasion abilities are banned
|rule|Sleep Moves Clause: Sleep-inducing moves are banned
|clearpoke
|poke|p1|Scizor, M|
|poke|p1|Heatran, F|
|poke|p1|Rotom-Wash|
|poke|p1|Hippowdon, F|
|poke|p1|Vileplume, M|
|poke|p1|Rampardos, M|
|poke|p2|Araquanid, F|
|poke|p2|Garganacl, F|
|poke|p2|Ceruledge, F|
|poke|p2|Weavile, F|
|poke|p2|Iron Treads|
|poke|p2|Raging Bolt|
|teampreview
|inactive|Battle timer is ON: inactive players will automatically lose when time's up. (requested by madermen)
|
|t:|1759018798
|teamsize|p1|6
|teamsize|p2|6
|start
|switch|p1a: Rampardos|Rampardos, M|100/100
|switch|p2a: Araquanid|Araquanid, F|100/100
|turn|1
|
|t:|1759018805
|move|p1a: Rampardos|Rock Slide|p2a: Araquanid
|-supereffective|p2a: Araquanid
|-damage|p2a: Araquanid|0 fnt
|faint|p2a: Araquanid
|
|upkeep
|
|t:|1759018814
|switch|p2a: Weavile|Weavile, F|100/100
|-ability|p2a: Weavile|Pressure
|turn|2
|
|t:|1759018823
|move|p2a: Weavile|Fake Out|p1a: Rampardos
|-resisted|p1a: Rampardos
|-damage|p1a: Rampardos|90/100
|cant|p1a: Rampardos|flinch
|
|upkeep
|turn|3
|
|t:|1759018831
|switch|p1a: Hippowdon|Hippowdon, F|100/100
|-weather|Sandstorm|[from] ability: Sand Stream|[of] p1a: Hippowdon
|move|p2a: Weavile|Ice Spinner|p1a: Hippowdon
|-supereffective|p1a: Hippowdon
|-damage|p1a: Hippowdon|56/100
|-damage|p2a: Weavile|84/100|[from] item: Rocky Helmet|[of] p1a: Hippowdon
|
|-weather|Sandstorm|[upkeep]
|-damage|p2a: Weavile|78/100|[from] Sandstorm
|upkeep
|turn|4
|
|t:|1759018847
|switch|p1a: Heatran|Heatran, F|100/100
|move|p2a: Weavile|Ice Spinner|p1a: Heatran
|-resisted|p1a: Heatran
|-damage|p1a: Heatran|93/100
|-status|p2a: Weavile|brn|[from] ability: Flame Body|[of] p1a: Heatran
|
|-weather|Sandstorm|[upkeep]
|-damage|p2a: Weavile|72/100 brn|[from] Sandstorm
|-heal|p1a: Heatran|99/100|[from] item: Leftovers
|-damage|p2a: Weavile|66/100 brn|[from] brn
|upkeep
|turn|5
|
|t:|1759018859
|move|p2a: Weavile|Knock Off|p1a: Heatran
|-damage|p1a: Heatran|80/100
|-enditem|p1a: Heatran|Leftovers|[from] move: Knock Off|[of] p2a: Weavile
|move|p1a: Heatran|Stealth Rock|p2a: Weavile
|-sidestart|p2: REFFLER22|move: Stealth Rock
|
|-weather|Sandstorm|[upkeep]
|-damage|p2a: Weavile|60/100 brn|[from] Sandstorm
|-damage|p2a: Weavile|54/100 brn|[from] brn
|upkeep
|turn|6
|
|t:|1759018875
|switch|p2a: Ceruledge|Ceruledge, F|100/100
|-damage|p2a: Ceruledge|76/100|[from] Stealth Rock
|-item|p2a: Ceruledge|Air Balloon
|move|p1a: Heatran|Earth Power|p2a: Ceruledge
|-immune|p2a: Ceruledge
|
|-weather|Sandstorm|[upkeep]
|-damage|p2a: Ceruledge|70/100|[from] Sandstorm
|upkeep
|turn|7
|
|t:|1759018889
|switch|p1a: Hippowdon|Hippowdon, F|56/100
|move|p2a: Ceruledge|Swords Dance|p2a: Ceruledge
|-boost|p2a: Ceruledge|atk|2
|
|-weather|none
|upkeep
|turn|8
|
|t:|1759018897
|move|p2a: Ceruledge|Shadow Claw|p1a: Hippowdon
|-damage|p1a: Hippowdon|18/100
|-damage|p2a: Ceruledge|53/100|[from] item: Rocky Helmet|[of] p1a: Hippowdon
|move|p1a: Hippowdon|Whirlwind|p2a: Ceruledge
|drag|p2a: Raging Bolt|Raging Bolt|100/100
|-damage|p2a: Raging Bolt|88/100|[from] Stealth Rock
|-enditem|p2a: Raging Bolt|Booster Energy
|-activate|p2a: Raging Bolt|ability: Protosynthesis|[fromitem]
|-start|p2a: Raging Bolt|protosynthesisspa
|
|upkeep
|turn|9
|
|t:|1759018915
|switch|p1a: Vileplume|Vileplume, M|100/100
|move|p2a: Raging Bolt|Dragon Pulse|p1a: Vileplume
|-damage|p1a: Vileplume|50/100
|
|-heal|p1a: Vileplume|56/100|[from] item: Leftovers
|upkeep
|turn|10
|
|t:|1759018923
|move|p2a: Raging Bolt|Dragon Pulse|p1a: Vileplume
|-damage|p1a: Vileplume|2/100
|move|p1a: Vileplume|Toxic|p2a: Raging Bolt
|-status|p2a: Raging Bolt|tox
|
|-heal|p1a: Vileplume|8/100|[from] item: Leftovers
|-damage|p2a: Raging Bolt|82/100 tox|[from] psn
|upkeep
|turn|11
|
|t:|1759018933
|switch|p1a: Heatran|Heatran, F|80/100
|move|p2a: Raging Bolt|Dragon Pulse|p1a: Heatran
|-resisted|p1a: Heatran
|-damage|p1a: Heatran|59/100
|
|-damage|p2a: Raging Bolt|70/100 tox|[from] psn
|upkeep
|turn|12
|
|t:|1759018942
|move|p1a: Heatran|Earth Power|p2a: Raging Bolt
|-supereffective|p2a: Raging Bolt
|-damage|p2a: Raging Bolt|30/100 tox
|move|p2a: Raging Bolt|Discharge|p1a: Heatran
|-damage|p1a: Heatran|14/100
|
|-damage|p2a: Raging Bolt|11/100 tox|[from] psn
|upkeep
|turn|13
|
|t:|1759018953
|move|p2a: Raging Bolt|Thunderclap|p1a: Heatran
|-damage|p1a: Heatran|0 fnt
|faint|p1a: Heatran
|
|-damage|p2a: Raging Bolt|0 fnt|[from] psn
|faint|p2a: Raging Bolt
|-end|p2a: Raging Bolt|Protosynthesis|[silent]
|upkeep
|
|t:|1759018967
|switch|p1a: Scizor|Scizor, M|100/100
|switch|p2a: Weavile|Weavile, F|54/100 brn
|-damage|p2a: Weavile|29/100 brn|[from] Stealth Rock
|-ability|p2a: Weavile|Pressure
|turn|14
|
|t:|1759018974
|move|p2a: Weavile|Fake Out|p1a: Scizor
|-resisted|p1a: Scizor
|-damage|p1a: Scizor|97/100
|cant|p1a: Scizor|flinch
|
|-damage|p2a: Weavile|23/100 brn|[from] brn
|upkeep
|turn|15
|
|t:|1759018984
|move|p2a: Weavile|Ice Shard|p1a: Scizor
|-resisted|p1a: Scizor
|-damage|p1a: Scizor|93/100
|move|p1a: Scizor|Bullet Punch|p2a: Weavile
|-supereffective|p2a: Weavile
|-damage|p2a: Weavile|0 fnt
|faint|p2a: Weavile
|
|upkeep
|
|t:|1759018993
|switch|p2a: Garganacl|Garganacl, F|100/100
|-damage|p2a: Garganacl|88/100|[from] Stealth Rock
|turn|16
|
|t:|1759018997
|move|p1a: Scizor|Knock Off|p2a: Garganacl
|-damage|p2a: Garganacl|70/100
|-enditem|p2a: Garganacl|Leftovers|[from] move: Knock Off|[of] p1a: Scizor
|move|p2a: Garganacl|Salt Cure|p1a: Scizor
|-damage|p1a: Scizor|79/100
|-start|p1a: Scizor|Salt Cure
|
|-damage|p1a: Scizor|54/100|[from] Salt Cure
|upkeep
|turn|17
|
|t:|1759019008
|move|p1a: Scizor|U-turn|p2a: Garganacl
|-damage|p2a: Garganacl|48/100
|
|t:|1759019015
|switch|p1a: Vileplume|Vileplume, M|8/100|[from] U-turn
|move|p2a: Garganacl|Salt Cure|p1a: Vileplume
|-damage|p1a: Vileplume|0 fnt
|faint|p1a: Vileplume
|
|upkeep
|
|t:|1759019017
|switch|p1a: Rampardos|Rampardos, M|90/100
|turn|18
|
|t:|1759019026
|move|p1a: Rampardos|Iron Head|p2a: Garganacl
|-supereffective|p2a: Garganacl
|-damage|p2a: Garganacl|0 fnt
|faint|p2a: Garganacl
|
|upkeep
|
|t:|1759019032
|switch|p2a: Iron Treads|Iron Treads|100/100
|-damage|p2a: Iron Treads|97/100|[from] Stealth Rock
|turn|19
|
|t:|1759019040
|switch|p1a: Hippowdon|Hippowdon, F|18/100
|-weather|Sandstorm|[from] ability: Sand Stream|[of] p1a: Hippowdon
|move|p2a: Iron Treads|Earthquake|p1a: Hippowdon
|-damage|p1a: Hippowdon|0 fnt
|faint|p1a: Hippowdon
|
|-weather|Sandstorm|[upkeep]
|upkeep
|
|t:|1759019046
|switch|p1a: Rotom|Rotom-Wash|100/100
|turn|20
|
|t:|1759019057
|move|p2a: Iron Treads|Earthquake|p1a: Rotom
|-immune|p1a: Rotom|[from] ability: Levitate
|move|p1a: Rotom|Hydro Pump|p2a: Iron Treads|[miss]
|-miss|p1a: Rotom|p2a: Iron Treads
|
|-weather|Sandstorm|[upkeep]
|-damage|p1a: Rotom|94/100|[from] Sandstorm
|-heal|p1a: Rotom|100/100|[from] item: Leftovers
|upkeep
|turn|21
|
|t:|1759019068
|move|p2a: Iron Treads|Rapid Spin|p1a: Rotom
|-damage|p1a: Rotom|84/100
|-boost|p2a: Iron Treads|spe|1
|-sideend|p2: REFFLER22|Stealth Rock|[from] move: Rapid Spin|[of] p2a: Iron Treads
|move|p1a: Rotom|Hydro Pump|p2a: Iron Treads
|-supereffective|p2a: Iron Treads
|-damage|p2a: Iron Treads|28/100
|
|-weather|Sandstorm|[upkeep]
|-damage|p1a: Rotom|77/100|[from] Sandstorm
|-heal|p1a: Rotom|84/100|[from] item: Leftovers
|upkeep
|turn|22
|
|t:|1759019088
|move|p2a: Iron Treads|Knock Off|p1a: Rotom
|-damage|p1a: Rotom|53/100
|-enditem|p1a: Rotom|Leftovers|[from] move: Knock Off|[of] p2a: Iron Treads
|move|p1a: Rotom|Hydro Pump|p2a: Iron Treads
|-supereffective|p2a: Iron Treads
|-damage|p2a: Iron Treads|0 fnt
|faint|p2a: Iron Treads
|-end|p2a: Iron Treads|Quark Drive|[silent]
|
|-weather|Sandstorm|[upkeep]
|-damage|p1a: Rotom|47/100|[from] Sandstorm
|upkeep
|
|t:|1759019099
|switch|p2a: Ceruledge|Ceruledge, F|53/100
|-item|p2a: Ceruledge|Air Balloon
|turn|23
|
|t:|1759019108
|-terastallize|p2a: Ceruledge|Ghost
|move|p2a: Ceruledge|Shadow Claw|p1a: Rotom
|-damage|p1a: Rotom|0 fnt
|faint|p1a: Rotom
|
|-weather|none
|upkeep
|
|t:|1759019113
|switch|p1a: Scizor|Scizor, M|54/100
|turn|24
|
|t:|1759019119
|move|p1a: Scizor|Bullet Punch|p2a: Ceruledge
|-damage|p2a: Ceruledge|4/100
|-enditem|p2a: Ceruledge|Air Balloon
|move|p2a: Ceruledge|Bitter Blade|p1a: Scizor
|-supereffective|p1a: Scizor
|-damage|p1a: Scizor|0 fnt
|-heal|p2a: Ceruledge|36/100|[from] drain|[of] p1a: Scizor
|faint|p1a: Scizor
|
|upkeep
|
|t:|1759019122
|switch|p1a: Rampardos|Rampardos, M|90/100
|turn|25
|
|t:|1759019140
|move|p2a: Ceruledge|Shadow Claw|p1a: Rampardos
|-crit|p1a: Rampardos
|-damage|p1a: Rampardos|0 fnt
|faint|p1a: Rampardos
|
|win|REFFLER22
|raw|madermen's rating: 1290 &rarr; <strong>1262</strong><br />(-28 for losing)
|raw|REFFLER22's rating: 1248 &rarr; <strong>1276</strong><br />(+28 for winning)
|l|☆madermen
|player|p1|
|l|☆REFFLER22
|player|p2|
