|j|☆drxpless
|j|☆ArcadianSkies
|t:|1759049515
|gametype|singles
|player|p1|drxpless|2|1493
|player|p2|ArcadianSkies|volkner|1578
|gen|9
|tier|[Gen 9] OU
|rated|
|rule|HP Percentage Mod: HP is shown in percentages
|rule|Endless Battle Clause: Forcing endless battles is banned
|rule|Species Clause: Limit one of each Pokémon
|rule|OHKO Clause: OHKO moves are banned
|rule|Evasion Items Clause: Evasion items are banned
|rule|Evasion Moves Clause: Evasion moves are banned
|rule|Evasion Abilities Clause: Evasion abilities are banned
|rule|Sleep Moves Clause: Sleep-inducing moves are banned
|clearpoke
|poke|p1|Kyurem|
|poke|p1|Slowking-Galar, F|
|poke|p1|Landorus-Therian, M|
|poke|p1|Great Tusk|
|poke|p1|Samurott-Hisui, F|
|poke|p1|Kingambit, F|
|poke|p2|Rillaboom, M|
|poke|p2|Hawlucha, F|
|poke|p2|Kingambit, M|
|poke|p2|Gholdengo|
|poke|p2|Torterra, M|
|poke|p2|Zamazenta-*|
|teampreview
|inactive|Battle timer is ON: inactive players will automatically lose when time's up. (requested by ArcadianSkies)
|
|t:|1759049533
|teamsize|p1|6
|teamsize|p2|6
|start
|switch|p1a: Samurott|Samurott-Hisui, F|100/100
|switch|p2a: The Domain|Rillaboom, M, shiny|100/100
|-fieldstart|move: Grassy Terrain|[from] ability: Grassy Surge|[of] p2a: The Domain
|turn|1
|
|t:|1759049542
|switch|p1a: Slowking|Slowking-Galar, F|100/100
|move|p2a: The Domain|Swords Dance|p2a: The Domain
|-boost|p2a: The Domain|atk|2
|
|upkeep
|turn|2
|
|t:|1759049555
|move|p2a: The Domain|Knock Off|p1a: Slowking
|-supereffective|p1a: Slowking
|-damage|p1a: Slowking|0 fnt
|-enditem|p1a: Slowking|Black Sludge|[from] move: Knock Off|[of] p2a: The Domain
|faint|p1a: Slowking
|
|upkeep
|
|t:|1759049564
|switch|p1a: Kyurem|Kyurem|100/100
|-ability|p1a: Kyurem|Pressure
|turn|3
|
|t:|1759049592
|move|p1a: Kyurem|Ice Beam|p2a: The Domain
|-supereffective|p2a: The Domain
|-damage|p2a: The Domain|0 fnt
|faint|p2a: The Domain
|
|upkeep
|
|t:|1759049598
|switch|p2a: The Dawg|Zamazenta|100/100
|-ability|p2a: The Dawg|Dauntless Shield|boost
|-boost|p2a: The Dawg|def|1
|turn|4
|
|t:|1759049605
|switch|p1a: Landorus|Landorus-Therian, M|100/100
|-ability|p1a: Landorus|Intimidate|boost
|-unboost|p2a: The Dawg|atk|1
|move|p2a: The Dawg|Iron Defense|p2a: The Dawg
|-boost|p2a: The Dawg|def|2
|
|upkeep
|turn|5
|
|t:|1759049627
|switch|p1a: Great Tusk|Great Tusk|100/100
|move|p2a: The Dawg|Iron Defense|p2a: The Dawg
|-boost|p2a: The Dawg|def|2
|
|upkeep
|turn|6
|inactive|ArcadianSkies has 120 seconds left.
|
|t:|1759049681
|move|p2a: The Dawg|Body Press|p1a: Great Tusk
|-damage|p1a: Great Tusk|0 fnt
|-damage|p2a: The Dawg|84/100|[from] item: Rocky Helmet|[of] p1a: Great Tusk
|faint|p1a: Great Tusk
|-end|p1a: Great Tusk|Protosynthesis|[silent]
|-damage|p2a: The Dawg|74/100|[from] item: Life Orb
|
|-heal|p2a: The Dawg|80/100|[from] Grassy Terrain
|upkeep
|inactive|drxpless has 120 seconds left.
|
|t:|1759049705
|switch|p1a: Kingambit|Kingambit, F|100/100
|-activate|p1a: Kingambit|ability: Supreme Overlord
|-start|p1a: Kingambit|fallen2|[silent]
|turn|7
|
|t:|1759049730
|-terastallize|p1a: Kingambit|Ghost
|move|p2a: The Dawg|Body Press|p1a: Kingambit
|-immune|p1a: Kingambit
|move|p1a: Kingambit|Swords Dance|p1a: Kingambit
|-boost|p1a: Kingambit|atk|2
|
|-heal|p2a: The Dawg|86/100|[from] Grassy Terrain
|upkeep
|turn|8
|
|t:|1759049738
|move|p2a: The Dawg|Crunch|p1a: Kingambit
|-supereffective|p1a: Kingambit
|-damage|p1a: Kingambit|65/100
|-damage|p2a: The Dawg|76/100|[from] item: Life Orb
|move|p1a: Kingambit|Iron Head|p2a: The Dawg
|-crit|p2a: The Dawg
|-damage|p2a: The Dawg|0 fnt
|faint|p2a: The Dawg
|
|-heal|p1a: Kingambit|71/100|[from] Grassy Terrain
|-heal|p1a: Kingambit|77/100|[from] item: Leftovers
|-fieldend|move: Grassy Terrain
|upkeep
|inactive|ArcadianSkies has 90 seconds left.
|inactive|ArcadianSkies has 60 seconds left.
|c|☆ArcadianSkies|Lucky fuck lmao
|
|t:|1759049798
|switch|p2a: The Day One|Torterra, M|100/100
|turn|9
|inactive|drxpless has 120 seconds left.
|inactive|ArcadianSkies has 60 seconds left.
|
|t:|1759049805
|move|p2a: The Day One|Bullet Seed|p1a: Kingambit
|-damage|p1a: Kingambit|69/100
|-damage|p1a: Kingambit|58/100
|-damage|p1a: Kingambit|50/100
|-damage|p1a: Kingambit|40/100
|-hitcount|p1a: Kingambit|4
|move|p1a: Kingambit|Kowtow Cleave|p2a: The Day One
|-damage|p2a: The Day One|0 fnt
|faint|p2a: The Day One
|
|-heal|p1a: Kingambit|46/100|[from] item: Leftovers
|upkeep
|inactive|ArcadianSkies has 60 seconds left.
|
|t:|1759049813
|switch|p2a: The Ascendant|Hawlucha, F, shiny|100/100
|turn|10
|
|t:|1759049821
|move|p2a: The Ascendant|Swords Dance|p2a: The Ascendant
|-boost|p2a: The Ascendant|atk|2
|move|p1a: Kingambit|Iron Head|p2a: The Ascendant
|-damage|p2a: The Ascendant|0 fnt
|faint|p2a: The Ascendant
|
|-heal|p1a: Kingambit|52/100|[from] item: Leftovers
|upkeep
|c|☆ArcadianSkies|Gg
|c|☆drxpless|gg
|c|☆ArcadianSkies|Got haxxed
|inactive|ArcadianSkies has 60 seconds left.
|-message|ArcadianSkies forfeited.
|
|win|drxpless
|raw|drxpless's rating: 1493 &rarr; <strong>1518</strong><br />(+25 for winning)
|raw|ArcadianSkies's rating: 1578 &rarr; <strong>1553</strong><br />(-25 for losing)
|c|☆drxpless|Cry about it
|l|☆drxpless
|player|p1|
|c|☆ArcadianSkies|Just stating facts
|l|☆ArcadianSkies
|player|p2|
