|j|☆Aquamonali
|j|☆The Power of Spam
|t:|1759060791
|gametype|singles
|player|p1|Aquamonali|miriam|1413
|player|p2|The Power of Spam|worker|1408
|gen|9
|tier|[Gen 9] OU
|rated|
|rule|HP Percentage Mod: HP is shown in percentages
|rule|Endless Battle Clause: Forcing endless battles is banned
|rule|Species Clause: Limit one of each Pokémon
|rule|OHKO Clause: OHKO moves are banned
|rule|Evasion Items Clause: Evasion items are banned
|rule|Evasion Moves Clause: Evasion moves are banned
|rule|Evasion Abilities Clause: Evasion abilities are banned
|rule|Sleep Moves Clause: Sleep-inducing moves are banned
|clearpoke
|poke|p1|Grimmsnarl, M|
|poke|p1|Tinkaton, F|
|poke|p1|Pecharunt|
|poke|p1|Gliscor, F|
|poke|p1|Cinderace, F|
|poke|p1|Zamazenta-*|
|poke|p2|Landorus-Therian, M|
|poke|p2|Greninja-*, M|
|poke|p2|Tsareena, F|
|poke|p2|Deoxys-Speed|
|poke|p2|Iron Hands|
|poke|p2|Heatran, M|
|teampreview
|inactive|Battle timer is ON: inactive players will automatically lose when time's up. (requested by Aquamonali)
|
|t:|1759060811
|teamsize|p1|6
|teamsize|p2|6
|start
|switch|p1a: Gliscor|Gliscor, F, shiny|100/100
|switch|p2a: Heatran|Heatran, M|100/100
|turn|1
|
|t:|1759060817
|move|p1a: Gliscor|Protect|p1a: Gliscor
|-singleturn|p1a: Gliscor|Protect
|move|p2a: Heatran|Will-O-Wisp|p1a: Gliscor
|-activate|p1a: Gliscor|move: Protect
|
|-status|p1a: Gliscor|tox|[from] item: Toxic Orb
|upkeep
|turn|2
|
|t:|1759060826
|switch|p2a: Tsareena|Tsareena, F, shiny|100/100
|move|p1a: Gliscor|Knock Off|p2a: Tsareena
|-damage|p2a: Tsareena|85/100
|-enditem|p2a: Tsareena|Heavy-Duty Boots|[from] move: Knock Off|[of] p1a: Gliscor
|
|upkeep
|turn|3
|
|t:|1759060835
|switch|p1a: Pecharunt|Pecharunt|100/100
|move|p2a: Tsareena|Trop Kick|p1a: Pecharunt
|-resisted|p1a: Pecharunt
|-damage|p1a: Pecharunt|91/100
|-unboost|p1a: Pecharunt|atk|1
|
|upkeep
|turn|4
|
|t:|1759060844
|move|p1a: Pecharunt|Malignant Chain|p2a: Tsareena
|-supereffective|p2a: Tsareena
|-damage|p2a: Tsareena|11/100
|-status|p2a: Tsareena|tox
|-start|p2a: Tsareena|confusion|[from] ability: Poison Puppeteer|[of] p1a: Pecharunt
|-activate|p2a: Tsareena|confusion
|move|p2a: Tsareena|Knock Off|p1a: Pecharunt
|-supereffective|p1a: Pecharunt
|-damage|p1a: Pecharunt|52/100
|-enditem|p1a: Pecharunt|Heavy-Duty Boots|[from] move: Knock Off|[of] p2a: Tsareena
|
|-damage|p2a: Tsareena|5/100 tox|[from] psn
|upkeep
|turn|5
|inactive|Aquamonali has 120 seconds left.
|inactive|Aquamonali has 90 seconds left.
|
|t:|1759060916
|move|p1a: Pecharunt|Hex|p2a: Tsareena
|-damage|p2a: Tsareena|0 fnt
|faint|p2a: Tsareena
|
|upkeep
|
|t:|1759060922
|switch|p2a: Heatran|Heatran, M|100/100
|turn|6
|inactive|Aquamonali has 90 seconds left.
|
|t:|1759060930
|switch|p1a: Gliscor|Gliscor, F, shiny|100/100 tox
|move|p2a: Heatran|Magma Storm|p1a: Gliscor
|-damage|p1a: Gliscor|49/100 tox
|-activate|p1a: Gliscor|move: Magma Storm|[of] p2a: Heatran
|
|-heal|p1a: Gliscor|62/100 tox|[from] ability: Poison Heal
|-damage|p1a: Gliscor|49/100 tox|[from] move: Magma Storm|[partiallytrapped]
|upkeep
|turn|7
|
|t:|1759060941
|switch|p2a: Landorus|Landorus-Therian, M|100/100
|-ability|p2a: Landorus|Intimidate|boost
|-unboost|p1a: Gliscor|atk|1
|move|p1a: Gliscor|Facade|p2a: Landorus
|-damage|p2a: Landorus|79/100
|
|-heal|p1a: Gliscor|62/100 tox|[from] ability: Poison Heal
|-end|p1a: Gliscor|Magma Storm|[partiallytrapped]|[silent]
|upkeep
|turn|8
|
|t:|1759060951
|move|p2a: Landorus|Stone Edge|p1a: Gliscor
|-damage|p1a: Gliscor|30/100 tox
|move|p1a: Gliscor|Knock Off|p2a: Landorus
|-damage|p2a: Landorus|62/100
|-enditem|p2a: Landorus|Choice Scarf|[from] move: Knock Off|[of] p1a: Gliscor
|
|-heal|p1a: Gliscor|43/100 tox|[from] ability: Poison Heal
|upkeep
|turn|9
|inactive|Aquamonali has 90 seconds left.
|
|t:|1759060985
|move|p2a: Landorus|Stone Edge|p1a: Gliscor
|-damage|p1a: Gliscor|9/100 tox
|move|p1a: Gliscor|Swords Dance|p1a: Gliscor
|-boost|p1a: Gliscor|atk|2
|
|-heal|p1a: Gliscor|22/100 tox|[from] ability: Poison Heal
|upkeep
|turn|10
|inactive|Aquamonali has 90 seconds left.
|
|t:|1759060993
|move|p1a: Gliscor|Protect|p1a: Gliscor
|-singleturn|p1a: Gliscor|Protect
|move|p2a: Landorus|Stone Edge|p1a: Gliscor
|-activate|p1a: Gliscor|move: Protect
|
|-heal|p1a: Gliscor|34/100 tox|[from] ability: Poison Heal
|upkeep
|turn|11
|inactive|Aquamonali has 90 seconds left.
|
|t:|1759061018
|move|p2a: Landorus|Stone Edge|p1a: Gliscor
|-damage|p1a: Gliscor|2/100 tox
|move|p1a: Gliscor|Facade|p2a: Landorus
|-damage|p2a: Landorus|9/100
|
|-heal|p1a: Gliscor|15/100 tox|[from] ability: Poison Heal
|upkeep
|turn|12
|
|t:|1759061027
|move|p1a: Gliscor|Protect|p1a: Gliscor
|-singleturn|p1a: Gliscor|Protect
|move|p2a: Landorus|Stone Edge|p1a: Gliscor
|-activate|p1a: Gliscor|move: Protect
|
|-heal|p1a: Gliscor|27/100 tox|[from] ability: Poison Heal
|upkeep
|turn|13
|inactive|Aquamonali has 90 seconds left.
|
|t:|1759061063
|move|p2a: Landorus|Stone Edge|p1a: Gliscor
|-damage|p1a: Gliscor|0 fnt
|faint|p1a: Gliscor
|
|upkeep
|
|t:|1759061067
|switch|p1a: Cinderace|Cinderace, F|100/100
|turn|14
|
|t:|1759061071
|switch|p2a: Heatran|Heatran, M|100/100
|move|p1a: Cinderace|Pyro Ball|p2a: Heatran
|-start|p2a: Heatran|ability: Flash Fire
|
|upkeep
|turn|15
|
|t:|1759061082
|switch|p1a: Tinkaton|Tinkaton, F, shiny|100/100
|-ability|p1a: Tinkaton|Mold Breaker
|-item|p1a: Tinkaton|Air Balloon
|move|p2a: Heatran|Magma Storm|p1a: Tinkaton|[miss]
|-miss|p2a: Heatran|p1a: Tinkaton
|
|upkeep
|turn|16
|
|t:|1759061091
|move|p1a: Tinkaton|Thunder Wave|p2a: Heatran
|-status|p2a: Heatran|par
|cant|p2a: Heatran|par
|
|upkeep
|turn|17
|inactive|Aquamonali has 90 seconds left.
|inactive|Aquamonali has 60 seconds left.
|
|t:|1759061159
|move|p1a: Tinkaton|Knock Off|p2a: Heatran
|-damage|p2a: Heatran|85/100 par
|-enditem|p2a: Heatran|Leftovers|[from] move: Knock Off|[of] p1a: Tinkaton
|move|p2a: Heatran|Magma Storm|p1a: Tinkaton|[miss]
|-miss|p2a: Heatran|p1a: Tinkaton
|
|upkeep
|turn|18
|
|t:|1759061169
|move|p1a: Tinkaton|Stealth Rock|p2a: Heatran
|-sidestart|p2: The Power of Spam|move: Stealth Rock
|move|p2a: Heatran|Magma Storm|p1a: Tinkaton
|-supereffective|p1a: Tinkaton
|-damage|p1a: Tinkaton|0 fnt
|-enditem|p1a: Tinkaton|Air Balloon
|faint|p1a: Tinkaton
|
|upkeep
|inactive|Aquamonali has 30 seconds left.
|inactive|Aquamonali has 20 seconds left.
|inactive|Aquamonali has 15 seconds left.
|
|t:|1759061204
|switch|p1a: Pecharunt|Pecharunt|52/100
|turn|19
|inactive|Aquamonali has 25 seconds left this turn.
|
|t:|1759061208
|move|p1a: Pecharunt|Hex|p2a: Heatran
|-damage|p2a: Heatran|38/100 par
|move|p2a: Heatran|Magma Storm|p1a: Pecharunt
|-damage|p1a: Pecharunt|0 fnt
|faint|p1a: Pecharunt
|
|upkeep
|inactive|Aquamonali has 30 seconds left this turn.
|
|t:|1759061213
|switch|p1a: Zamazenta|Zamazenta|100/100
|-ability|p1a: Zamazenta|Dauntless Shield|boost
|-boost|p1a: Zamazenta|def|1
|turn|20
|
|t:|1759061220
|-terastallize|p2a: Heatran|Ghost
|move|p1a: Zamazenta|Close Combat|p2a: Heatran
|-immune|p2a: Heatran
|move|p2a: Heatran|Magma Storm|p1a: Zamazenta
|-damage|p1a: Zamazenta|26/100
|-activate|p1a: Zamazenta|move: Magma Storm|[of] p2a: Heatran
|
|-damage|p1a: Zamazenta|13/100|[from] move: Magma Storm|[partiallytrapped]
|upkeep
|turn|21
|-message|Aquamonali forfeited.
|
|win|The Power of Spam
|raw|Aquamonali's rating: 1413 &rarr; <strong>1393</strong><br />(-20 for losing)
|raw|The Power of Spam's rating: 1408 &rarr; <strong>1428</strong><br />(+20 for winning)
|l|☆Aquamonali
|player|p1|
|l|☆The Power of Spam
|player|p2|
