|j|☆Uncomps
|j|☆xc03
|t:|1758949949
|gametype|singles
|player|p1|Uncomps|gambler|1367
|player|p2|xc03|170|1438
|gen|9
|tier|[Gen 9] OU
|rated|
|rule|HP Percentage Mod: HP is shown in percentages
|rule|Endless Battle Clause: Forcing endless battles is banned
|rule|Species Clause: Limit one of each Pokémon
|rule|OHKO Clause: OHKO moves are banned
|rule|Evasion Items Clause: Evasion items are banned
|rule|Evasion Moves Clause: Evasion moves are banned
|rule|Evasion Abilities Clause: Evasion abilities are banned
|rule|Sleep Moves Clause: Sleep-inducing moves are banned
|clearpoke
|poke|p1|Grimmsnarl, M|
|poke|p1|Ceruledge, F|
|poke|p1|Iron Hands|
|poke|p1|Hatterene, F|
|poke|p1|Ogerpon-Wellspring, F|
|poke|p1|Dragonite, M|
|poke|p2|Deoxys-Defense|
|poke|p2|Great Tusk|
|poke|p2|Darkrai|
|poke|p2|Landorus-Therian, M|
|poke|p2|Kingambit, F|
|poke|p2|Pecharunt|
|teampreview
|
|t:|1758949956
|teamsize|p1|6
|teamsize|p2|6
|start
|switch|p1a: Baddy Bad to Best|Grimmsnarl, M|100/100
|switch|p2a: Kingambit|Kingambit, F|100/100
|turn|1
|inactive|Battle timer is ON: inactive players will automatically lose when time's up. (requested by xc03)
|
|t:|1758949964
|move|p1a: Baddy Bad to Best|Reflect|p1a: Baddy Bad to Best
|-sidestart|p1: Uncomps|Reflect
|move|p2a: Kingambit|Iron Head|p1a: Baddy Bad to Best
|-supereffective|p1a: Baddy Bad to Best
|-damage|p1a: Baddy Bad to Best|59/100
|
|upkeep
|turn|2
|
|t:|1758949970
|move|p1a: Baddy Bad to Best|Light Screen|p1a: Baddy Bad to Best
|-sidestart|p1: Uncomps|move: Light Screen
|move|p2a: Kingambit|Iron Head|p1a: Baddy Bad to Best
|-supereffective|p1a: Baddy Bad to Best
|-damage|p1a: Baddy Bad to Best|17/100
|
|upkeep
|turn|3
|
|t:|1758949975
|switch|p1a: Iron Hands|Iron Hands|100/100
|-enditem|p1a: Iron Hands|Booster Energy
|-activate|p1a: Iron Hands|ability: Quark Drive|[fromitem]
|-start|p1a: Iron Hands|quarkdriveatk
|move|p2a: Kingambit|Iron Head|p1a: Iron Hands
|-resisted|p1a: Iron Hands
|-crit|p1a: Iron Hands
|-damage|p1a: Iron Hands|77/100
|
|upkeep
|turn|4
|
|t:|1758949985
|-end|p2a: Kingambit|fallenundefined|[silent]
|switch|p2a: Landorus|Landorus-Therian, M|100/100
|-ability|p2a: Landorus|Intimidate|boost
|-unboost|p1a: Iron Hands|atk|1
|move|p1a: Iron Hands|Ice Punch|p2a: Landorus
|-supereffective|p2a: Landorus
|-damage|p2a: Landorus|24/100
|-status|p2a: Landorus|frz
|-damage|p1a: Iron Hands|60/100|[from] item: Rocky Helmet|[of] p2a: Landorus
|
|upkeep
|turn|5
|
|t:|1758949997
|switch|p2a: Pecharunt|Pecharunt|100/100
|move|p1a: Iron Hands|Ice Punch|p2a: Pecharunt
|-damage|p2a: Pecharunt|88/100
|
|-heal|p2a: Pecharunt|94/100|[from] item: Leftovers
|upkeep
|turn|6
|
|t:|1758950006
|move|p2a: Pecharunt|Malignant Chain|p1a: Iron Hands
|-damage|p1a: Iron Hands|48/100
|move|p1a: Iron Hands|Supercell Slam|p2a: Pecharunt
|-damage|p2a: Pecharunt|66/100
|
|-heal|p2a: Pecharunt|72/100|[from] item: Leftovers
|upkeep
|turn|7
|
|t:|1758950015
|move|p2a: Pecharunt|Malignant Chain|p1a: Iron Hands
|-damage|p1a: Iron Hands|36/100
|move|p1a: Iron Hands|Supercell Slam|p2a: Pecharunt
|-crit|p2a: Pecharunt
|-damage|p2a: Pecharunt|13/100
|
|-heal|p2a: Pecharunt|19/100|[from] item: Leftovers
|upkeep
|turn|8
|
|t:|1758950025
|move|p2a: Pecharunt|Recover|p2a: Pecharunt
|-heal|p2a: Pecharunt|69/100
|move|p1a: Iron Hands|Ice Punch|p2a: Pecharunt
|-damage|p2a: Pecharunt|57/100
|
|-heal|p2a: Pecharunt|63/100|[from] item: Leftovers
|-sideend|p1: Uncomps|Reflect
|upkeep
|turn|9
|
|t:|1758950034
|move|p2a: Pecharunt|Malignant Chain|p1a: Iron Hands
|-damage|p1a: Iron Hands|26/100
|-status|p1a: Iron Hands|tox
|-start|p1a: Iron Hands|confusion|[from] ability: Poison Puppeteer|[of] p2a: Pecharunt
|-activate|p1a: Iron Hands|confusion
|move|p1a: Iron Hands|Supercell Slam|p2a: Pecharunt
|-damage|p2a: Pecharunt|40/100
|
|-heal|p2a: Pecharunt|46/100|[from] item: Leftovers
|-damage|p1a: Iron Hands|20/100 tox|[from] psn
|-sideend|p1: Uncomps|move: Light Screen
|upkeep
|turn|10
|
|t:|1758950048
|move|p2a: Pecharunt|Recover|p2a: Pecharunt
|-heal|p2a: Pecharunt|96/100
|-end|p1a: Iron Hands|confusion
|move|p1a: Iron Hands|Ice Punch|p2a: Pecharunt
|-damage|p2a: Pecharunt|83/100
|
|-heal|p2a: Pecharunt|89/100|[from] item: Leftovers
|-damage|p1a: Iron Hands|7/100 tox|[from] psn
|upkeep
|turn|11
|
|t:|1758950059
|move|p2a: Pecharunt|Hex|p1a: Iron Hands
|-damage|p1a: Iron Hands|0 fnt
|faint|p1a: Iron Hands
|-end|p1a: Iron Hands|Quark Drive|[silent]
|
|-heal|p2a: Pecharunt|95/100|[from] item: Leftovers
|upkeep
|
|t:|1758950071
|switch|p1a: Baddy Bad to Best|Grimmsnarl, M|17/100
|turn|12
|
|t:|1758950075
|move|p1a: Baddy Bad to Best|Light Screen|p1a: Baddy Bad to Best
|-sidestart|p1: Uncomps|move: Light Screen
|move|p2a: Pecharunt|Malignant Chain|p1a: Baddy Bad to Best
|-supereffective|p1a: Baddy Bad to Best
|-damage|p1a: Baddy Bad to Best|0 fnt
|faint|p1a: Baddy Bad to Best
|
|-heal|p2a: Pecharunt|100/100|[from] item: Leftovers
|upkeep
|
|t:|1758950077
|switch|p1a: Hatterene|Hatterene, F|100/100
|turn|13
|
|t:|1758950088
|switch|p2a: Kingambit|Kingambit, F|100/100
|move|p1a: Hatterene|Trick Room|p1a: Hatterene
|-fieldstart|move: Trick Room|[of] p1a: Hatterene
|
|upkeep
|turn|14
|
|t:|1758950093
|-terastallize|p1a: Hatterene|Fire
|move|p1a: Hatterene|Mystical Fire|p2a: Kingambit
|-supereffective|p2a: Kingambit
|-damage|p2a: Kingambit|0 fnt
|faint|p2a: Kingambit
|-end|p2a: Kingambit|fallenundefined|[silent]
|-damage|p1a: Hatterene|91/100|[from] item: Life Orb
|
|upkeep
|
|t:|1758950102
|switch|p2a: Deoxys|Deoxys-Defense|100/100
|-ability|p2a: Deoxys|Pressure
|turn|15
|
|t:|1758950111
|switch|p1a: ez kill|Ceruledge, F|100/100
|move|p2a: Deoxys|Cosmic Power|p2a: Deoxys
|-boost|p2a: Deoxys|def|1
|-boost|p2a: Deoxys|spd|1
|
|upkeep
|turn|16
|
|t:|1758950119
|move|p2a: Deoxys|Cosmic Power|p2a: Deoxys
|-boost|p2a: Deoxys|def|1
|-boost|p2a: Deoxys|spd|1
|move|p1a: ez kill|Poltergeist|p2a: Deoxys
|-activate|p2a: Deoxys|move: Poltergeist|Leftovers
|-supereffective|p2a: Deoxys
|-damage|p2a: Deoxys|61/100
|
|-heal|p2a: Deoxys|67/100|[from] item: Leftovers
|upkeep
|turn|17
|
|t:|1758950132
|move|p2a: Deoxys|Cosmic Power|p2a: Deoxys
|-boost|p2a: Deoxys|def|1
|-boost|p2a: Deoxys|spd|1
|move|p1a: ez kill|Swords Dance|p1a: ez kill
|-boost|p1a: ez kill|atk|2
|
|-heal|p2a: Deoxys|73/100|[from] item: Leftovers
|-fieldend|move: Trick Room
|upkeep
|turn|18
|
|t:|1758950142
|-terastallize|p2a: Deoxys|Poison
|move|p1a: ez kill|Swords Dance|p1a: ez kill
|-boost|p1a: ez kill|atk|2
|move|p2a: Deoxys|Cosmic Power|p2a: Deoxys
|-boost|p2a: Deoxys|def|1
|-boost|p2a: Deoxys|spd|1
|
|-heal|p2a: Deoxys|79/100|[from] item: Leftovers
|upkeep
|turn|19
|
|t:|1758950152
|move|p1a: ez kill|Swords Dance|p1a: ez kill
|-boost|p1a: ez kill|atk|2
|move|p2a: Deoxys|Cosmic Power|p2a: Deoxys
|-boost|p2a: Deoxys|def|1
|-boost|p2a: Deoxys|spd|1
|
|-heal|p2a: Deoxys|85/100|[from] item: Leftovers
|-sideend|p1: Uncomps|move: Light Screen
|upkeep
|turn|20
|
|t:|1758950162
|move|p1a: ez kill|Poltergeist|p2a: Deoxys
|-activate|p2a: Deoxys|move: Poltergeist|Leftovers
|-damage|p2a: Deoxys|36/100
|move|p2a: Deoxys|Cosmic Power|p2a: Deoxys
|-boost|p2a: Deoxys|def|1
|-boost|p2a: Deoxys|spd|1
|
|-heal|p2a: Deoxys|42/100|[from] item: Leftovers
|upkeep
|turn|21
|
|t:|1758950173
|move|p1a: ez kill|Poltergeist|p2a: Deoxys
|-activate|p2a: Deoxys|move: Poltergeist|Leftovers
|-damage|p2a: Deoxys|0 fnt
|faint|p2a: Deoxys
|
|upkeep
|
|t:|1758950183
|switch|p2a: Landorus|Landorus-Therian, M|24/100 frz
|-ability|p2a: Landorus|Intimidate|boost
|-unboost|p1a: ez kill|atk|1
|turn|22
|
|t:|1758950189
|move|p1a: ez kill|Bitter Blade|p2a: Landorus
|-damage|p2a: Landorus|0 fnt
|-damage|p1a: ez kill|84/100|[from] item: Rocky Helmet|[of] p2a: Landorus
|faint|p2a: Landorus
|
|upkeep
|
|t:|1758950196
|switch|p2a: Darkrai|Darkrai|100/100
|turn|23
|
|t:|1758950201
|move|p2a: Darkrai|Dark Pulse|p1a: ez kill
|-supereffective|p1a: ez kill
|-damage|p1a: ez kill|0 fnt
|faint|p1a: ez kill
|
|upkeep
|
|t:|1758950205
|switch|p1a: Sad plant ☹️|Ogerpon-Wellspring, F|100/100
|turn|24
|
|t:|1758950210
|move|p2a: Darkrai|Dark Pulse|p1a: Sad plant ☹️
|-damage|p1a: Sad plant ☹️|49/100
|move|p1a: Sad plant ☹️|Trailblaze|p2a: Darkrai
|-damage|p2a: Darkrai|61/100
|-boost|p1a: Sad plant ☹️|spe|1
|
|upkeep
|turn|25
|
|t:|1758950218
|move|p2a: Darkrai|Dark Pulse|p1a: Sad plant ☹️
|-damage|p1a: Sad plant ☹️|0 fnt
|faint|p1a: Sad plant ☹️
|
|upkeep
|
|t:|1758950223
|switch|p1a: me fast|Dragonite, M|100/100
|turn|26
|
|t:|1758950226
|move|p2a: Darkrai|Dark Pulse|p1a: me fast
|-damage|p1a: me fast|76/100
|move|p1a: me fast|Dragon Dance|p1a: me fast
|-boost|p1a: me fast|atk|1
|-boost|p1a: me fast|spe|1
|
|upkeep
|turn|27
|
|t:|1758950236
|move|p2a: Darkrai|Dark Pulse|p1a: me fast
|-damage|p1a: me fast|28/100
|move|p1a: me fast|Dragon Dance|p1a: me fast
|-boost|p1a: me fast|atk|1
|-boost|p1a: me fast|spe|1
|
|upkeep
|turn|28
|
|t:|1758950245
|move|p1a: me fast|Extreme Speed|p2a: Darkrai
|-damage|p2a: Darkrai|0 fnt
|faint|p2a: Darkrai
|
|upkeep
|
|t:|1758950251
|switch|p2a: Pecharunt|Pecharunt|100/100
|turn|29
|
|t:|1758950255
|move|p1a: me fast|Earthquake|p2a: Pecharunt
|-supereffective|p2a: Pecharunt
|-damage|p2a: Pecharunt|23/100
|move|p2a: Pecharunt|Malignant Chain|p1a: me fast
|-damage|p1a: me fast|0 fnt
|faint|p1a: me fast
|
|-heal|p2a: Pecharunt|29/100|[from] item: Leftovers
|upkeep
|
|t:|1758950257
|switch|p1a: Hatterene|Hatterene, F, tera:Fire|91/100
|turn|30
|
|t:|1758950268
|move|p2a: Pecharunt|Recover|p2a: Pecharunt
|-heal|p2a: Pecharunt|79/100
|move|p1a: Hatterene|Trick Room|p1a: Hatterene
|-fieldstart|move: Trick Room|[of] p1a: Hatterene
|
|-heal|p2a: Pecharunt|85/100|[from] item: Leftovers
|upkeep
|turn|31
|
|t:|1758950276
|move|p1a: Hatterene|Psychic|p2a: Pecharunt
|-supereffective|p2a: Pecharunt
|-damage|p2a: Pecharunt|0 fnt
|faint|p2a: Pecharunt
|-damage|p1a: Hatterene|81/100|[from] item: Life Orb
|
|upkeep
|
|t:|1758950282
|switch|p2a: Great Tusk|Great Tusk|100/100
|turn|32
|
|t:|1758950286
|move|p1a: Hatterene|Psychic|p2a: Great Tusk
|-supereffective|p2a: Great Tusk
|-damage|p2a: Great Tusk|0 fnt
|faint|p2a: Great Tusk
|-end|p2a: Great Tusk|Protosynthesis|[silent]
|-damage|p1a: Hatterene|71/100|[from] item: Life Orb
|
|win|Uncomps
|raw|Uncomps's rating: 1367 &rarr; <strong>1391</strong><br />(+24 for winning)
|raw|xc03's rating: 1438 &rarr; <strong>1414</strong><br />(-24 for losing)
|c|☆Uncomps|Gg
|l|☆xc03
|player|p2|
|j|☆xc03
|player|p2|xc03|170|
|l|☆xc03
|player|p2|
|l|☆Uncomps
|player|p1|
