|j|☆nyxiongg
|j|☆spotifytweaks
|t:|1759045280
|gametype|singles
|player|p1|nyxiongg|169|
|player|p2|spotifytweaks|firebreather|
|gen|9
|tier|[Gen 9] OU
|rule|HP Percentage Mod: HP is shown in percentages
|rule|Endless Battle Clause: Forcing endless battles is banned
|rule|Species Clause: Limit one of each Pokémon
|rule|OHKO Clause: OHKO moves are banned
|rule|Evasion Items Clause: Evasion items are banned
|rule|Evasion Moves Clause: Evasion moves are banned
|rule|Evasion Abilities Clause: Evasion abilities are banned
|rule|Sleep Moves Clause: Sleep-inducing moves are banned
|clearpoke
|poke|p1|Rillaboom, M|
|poke|p1|Gholdengo|
|poke|p1|Heatran, F|
|poke|p1|Gliscor, F|
|poke|p1|Toxapex, M|
|poke|p1|Hawlucha, M|
|poke|p2|Kingambit, M|
|poke|p2|Latios, M|
|poke|p2|Alomomola, F|
|poke|p2|Pecharunt|
|poke|p2|Ting-Lu|
|poke|p2|Iron Valiant|
|teampreview
|inactive|Battle timer is ON: inactive players will automatically lose when time's up. (requested by spotifytweaks)
|
|t:|1759045299
|teamsize|p1|6
|teamsize|p2|6
|start
|switch|p1a: Heatran|Heatran, F|100/100
|switch|p2a: Ting-Lu|Ting-Lu|100/100
|-ability|p2a: Ting-Lu|Vessel of Ruin
|turn|1
|j| Bjorkingmyporking
|
|t:|1759045314
|move|p1a: Heatran|Protect|p1a: Heatran
|-singleturn|p1a: Heatran|Protect
|move|p2a: Ting-Lu|Stealth Rock|p1a: Heatran
|-sidestart|p1: nyxiongg|move: Stealth Rock
|
|upkeep
|turn|2
|
|t:|1759045320
|move|p1a: Heatran|Stealth Rock|p2a: Ting-Lu
|-sidestart|p2: spotifytweaks|move: Stealth Rock
|move|p2a: Ting-Lu|Spikes|p1a: Heatran
|-sidestart|p1: nyxiongg|Spikes
|
|upkeep
|turn|3
|
|t:|1759045339
|move|p1a: Heatran|Magma Storm|p2a: Ting-Lu
|-damage|p2a: Ting-Lu|81/100
|-activate|p2a: Ting-Lu|move: Magma Storm|[of] p1a: Heatran
|move|p2a: Ting-Lu|Earthquake|p1a: Heatran
|-supereffective|p1a: Heatran
|-damage|p1a: Heatran|0 fnt
|faint|p1a: Heatran
|
|-heal|p2a: Ting-Lu|87/100|[from] item: Leftovers
|-end|p2a: Ting-Lu|Magma Storm|[partiallytrapped]|[silent]
|upkeep
|
|t:|1759045355
|switch|p1a: Rillaboom|Rillaboom, M|100/100
|-damage|p1a: Rillaboom|88/100|[from] Stealth Rock
|-damage|p1a: Rillaboom|76/100|[from] Spikes
|-fieldstart|move: Grassy Terrain|[from] ability: Grassy Surge|[of] p1a: Rillaboom
|turn|4
|
|t:|1759045366
|switch|p2a: Pecharunt|Pecharunt|100/100
|move|p1a: Rillaboom|U-turn|p2a: Pecharunt
|-resisted|p2a: Pecharunt
|-damage|p2a: Pecharunt|96/100
|
|t:|1759045373
|switch|p1a: Hawlucha|Hawlucha, M|100/100|[from] U-turn
|-damage|p1a: Hawlucha|88/100|[from] Stealth Rock
|-enditem|p1a: Hawlucha|Grassy Seed
|-boost|p1a: Hawlucha|def|1|[from] item: Grassy Seed
|
|-heal|p2a: Pecharunt|100/100|[from] Grassy Terrain
|upkeep
|turn|5
|l| Bjorkingmyporking
|inactive|spotifytweaks has 270 seconds left.
|
|t:|1759045412
|move|p1a: Hawlucha|Substitute|p1a: Hawlucha
|-start|p1a: Hawlucha|Substitute
|-damage|p1a: Hawlucha|63/100
|move|p2a: Pecharunt|Malignant Chain|p1a: Hawlucha
|-end|p1a: Hawlucha|Substitute
|
|upkeep
|turn|6
|
|t:|1759045425
|-terastallize|p1a: Hawlucha|Fighting
|move|p1a: Hawlucha|Substitute|p1a: Hawlucha
|-start|p1a: Hawlucha|Substitute
|-damage|p1a: Hawlucha|39/100
|move|p2a: Pecharunt|Malignant Chain|p1a: Hawlucha
|-end|p1a: Hawlucha|Substitute
|
|-heal|p1a: Hawlucha|45/100|[from] Grassy Terrain
|upkeep
|turn|7
|
|t:|1759045436
|move|p1a: Hawlucha|Acrobatics|p2a: Pecharunt
|-damage|p2a: Pecharunt|79/100
|move|p2a: Pecharunt|Malignant Chain|p1a: Hawlucha
|-damage|p1a: Hawlucha|0 fnt
|faint|p1a: Hawlucha
|
|-heal|p2a: Pecharunt|85/100|[from] Grassy Terrain
|upkeep
|
|t:|1759045447
|switch|p1a: Gholdengo|Gholdengo|100/100
|-damage|p1a: Gholdengo|94/100|[from] Stealth Rock
|-damage|p1a: Gholdengo|82/100|[from] Spikes
|turn|8
|
|t:|1759045453
|switch|p2a: Ting-Lu|Ting-Lu|87/100
|-damage|p2a: Ting-Lu|81/100|[from] Stealth Rock
|-ability|p2a: Ting-Lu|Vessel of Ruin
|move|p1a: Gholdengo|Shadow Ball|p2a: Ting-Lu
|-resisted|p2a: Ting-Lu
|-damage|p2a: Ting-Lu|73/100
|
|-heal|p1a: Gholdengo|88/100|[from] Grassy Terrain
|-heal|p1a: Gholdengo|94/100|[from] item: Leftovers
|-heal|p2a: Ting-Lu|79/100|[from] Grassy Terrain
|-heal|p2a: Ting-Lu|85/100|[from] item: Leftovers
|-fieldend|move: Grassy Terrain
|upkeep
|turn|9
|
|t:|1759045471
|switch|p1a: Gliscor|Gliscor, F|100/100
|-damage|p1a: Gliscor|88/100|[from] Stealth Rock
|move|p2a: Ting-Lu|Spikes|p1a: Gliscor
|-sidestart|p1: nyxiongg|Spikes
|
|-heal|p2a: Ting-Lu|91/100|[from] item: Leftovers
|-status|p1a: Gliscor|tox|[from] item: Toxic Orb
|upkeep
|turn|10
|inactive|spotifytweaks has 270 seconds left.
|
|t:|1759045503
|move|p1a: Gliscor|Spikes|p2a: Ting-Lu
|-sidestart|p2: spotifytweaks|Spikes
|move|p2a: Ting-Lu|Whirlwind|p1a: Gliscor
|drag|p1a: Toxapex|Toxapex, M|100/100
|-damage|p1a: Toxapex|88/100|[from] Stealth Rock
|-damage|p1a: Toxapex|72/100|[from] Spikes
|
|-heal|p2a: Ting-Lu|98/100|[from] item: Leftovers
|upkeep
|turn|11
|
|t:|1759045514
|move|p2a: Ting-Lu|Earthquake|p1a: Toxapex
|-supereffective|p1a: Toxapex
|-damage|p1a: Toxapex|24/100
|move|p1a: Toxapex|Infestation|p2a: Ting-Lu
|-supereffective|p2a: Ting-Lu
|-damage|p2a: Ting-Lu|95/100
|-activate|p2a: Ting-Lu|move: Infestation|[of] p1a: Toxapex
|
|-heal|p2a: Ting-Lu|100/100|[from] item: Leftovers
|-damage|p2a: Ting-Lu|88/100|[from] move: Infestation|[partiallytrapped]
|upkeep
|turn|12
|
|t:|1759045528
|switch|p1a: Rillaboom|Rillaboom, M|76/100
|-damage|p1a: Rillaboom|63/100|[from] Stealth Rock
|-damage|p1a: Rillaboom|47/100|[from] Spikes
|-fieldstart|move: Grassy Terrain|[from] ability: Grassy Surge|[of] p1a: Rillaboom
|move|p2a: Ting-Lu|Whirlwind|p1a: Rillaboom
|drag|p1a: Gliscor|Gliscor, F|88/100 tox
|-damage|p1a: Gliscor|75/100 tox|[from] Stealth Rock
|
|-heal|p2a: Ting-Lu|94/100|[from] Grassy Terrain
|-heal|p2a: Ting-Lu|100/100|[from] item: Leftovers
|-heal|p1a: Gliscor|88/100 tox|[from] ability: Poison Heal
|-end|p2a: Ting-Lu|Infestation|[partiallytrapped]|[silent]
|upkeep
|turn|13
|
|t:|1759045544
|switch|p2a: Iron Valiant|Iron Valiant|100/100
|-damage|p2a: Iron Valiant|94/100|[from] Stealth Rock
|-damage|p2a: Iron Valiant|82/100|[from] Spikes
|-enditem|p2a: Iron Valiant|Booster Energy
|-activate|p2a: Iron Valiant|ability: Quark Drive|[fromitem]
|-start|p2a: Iron Valiant|quarkdrivespe
|move|p1a: Gliscor|Earthquake|p2a: Iron Valiant
|-damage|p2a: Iron Valiant|60/100
|
|-heal|p2a: Iron Valiant|66/100|[from] Grassy Terrain
|-heal|p1a: Gliscor|100/100 tox|[from] ability: Poison Heal
|upkeep
|turn|14
|
|t:|1759045558
|move|p2a: Iron Valiant|Moonblast|p1a: Gliscor
|-damage|p1a: Gliscor|61/100 tox
|-unboost|p1a: Gliscor|spa|1
|move|p1a: Gliscor|U-turn|p2a: Iron Valiant
|-resisted|p2a: Iron Valiant
|-damage|p2a: Iron Valiant|61/100
|
|t:|1759045566
|switch|p1a: Toxapex|Toxapex, M|57/100|[from] U-turn
|-damage|p1a: Toxapex|45/100|[from] Stealth Rock
|-damage|p1a: Toxapex|28/100|[from] Spikes
|
|-heal|p2a: Iron Valiant|67/100|[from] Grassy Terrain
|-heal|p1a: Toxapex|34/100|[from] Grassy Terrain
|upkeep
|turn|15
|inactive|spotifytweaks has 270 seconds left.
|
|t:|1759045600
|move|p2a: Iron Valiant|Knock Off|p1a: Toxapex
|-damage|p1a: Toxapex|17/100
|-damage|p2a: Iron Valiant|51/100|[from] item: Rocky Helmet|[of] p1a: Toxapex
|-enditem|p1a: Toxapex|Rocky Helmet|[from] move: Knock Off|[of] p2a: Iron Valiant
|move|p1a: Toxapex|Recover|p1a: Toxapex
|-heal|p1a: Toxapex|67/100
|
|-heal|p2a: Iron Valiant|57/100|[from] Grassy Terrain
|-heal|p1a: Toxapex|73/100|[from] Grassy Terrain
|upkeep
|turn|16
|
|t:|1759045611
|-end|p2a: Iron Valiant|Quark Drive|[silent]
|switch|p2a: Ting-Lu|Ting-Lu|100/100
|-damage|p2a: Ting-Lu|94/100|[from] Stealth Rock
|-damage|p2a: Ting-Lu|82/100|[from] Spikes
|-ability|p2a: Ting-Lu|Vessel of Ruin
|move|p1a: Toxapex|Infestation|p2a: Ting-Lu
|-supereffective|p2a: Ting-Lu
|-damage|p2a: Ting-Lu|79/100
|-activate|p2a: Ting-Lu|move: Infestation|[of] p1a: Toxapex
|
|-heal|p2a: Ting-Lu|85/100|[from] Grassy Terrain
|-heal|p2a: Ting-Lu|92/100|[from] item: Leftovers
|-heal|p1a: Toxapex|79/100|[from] Grassy Terrain
|-damage|p2a: Ting-Lu|79/100|[from] move: Infestation|[partiallytrapped]
|-fieldend|move: Grassy Terrain
|upkeep
|turn|17
|
|t:|1759045627
|move|p1a: Toxapex|Toxic|p2a: Ting-Lu
|-status|p2a: Ting-Lu|tox
|move|p2a: Ting-Lu|Whirlwind|p1a: Toxapex
|drag|p1a: Rillaboom|Rillaboom, M|47/100
|-damage|p1a: Rillaboom|34/100|[from] Stealth Rock
|-damage|p1a: Rillaboom|18/100|[from] Spikes
|-fieldstart|move: Grassy Terrain|[from] ability: Grassy Surge|[of] p1a: Rillaboom
|
|-heal|p1a: Rillaboom|24/100|[from] Grassy Terrain
|-heal|p2a: Ting-Lu|85/100 tox|[from] Grassy Terrain
|-heal|p2a: Ting-Lu|92/100 tox|[from] item: Leftovers
|-damage|p2a: Ting-Lu|85/100 tox|[from] psn
|-end|p2a: Ting-Lu|Infestation|[partiallytrapped]|[silent]
|upkeep
|turn|18
|
|t:|1759045643
|move|p1a: Rillaboom|Drain Punch|p2a: Ting-Lu
|-supereffective|p2a: Ting-Lu
|-damage|p2a: Ting-Lu|39/100 tox
|-heal|p1a: Rillaboom|54/100|[from] drain|[of] p2a: Ting-Lu
|move|p2a: Ting-Lu|Whirlwind|p1a: Rillaboom
|drag|p1a: Gliscor|Gliscor, F|61/100 tox
|-damage|p1a: Gliscor|49/100 tox|[from] Stealth Rock
|
|-heal|p2a: Ting-Lu|45/100 tox|[from] Grassy Terrain
|-heal|p2a: Ting-Lu|51/100 tox|[from] item: Leftovers
|-heal|p1a: Gliscor|61/100 tox|[from] ability: Poison Heal
|-damage|p2a: Ting-Lu|39/100 tox|[from] psn
|upkeep
|turn|19
|
|t:|1759045658
|switch|p2a: Latios|Latios, M|100/100
|-damage|p2a: Latios|88/100|[from] Stealth Rock
|move|p1a: Gliscor|Protect||[still]
|-fail|p1a: Gliscor
|
|-heal|p1a: Gliscor|74/100 tox|[from] ability: Poison Heal
|upkeep
|turn|20
|
|t:|1759045669
|move|p1a: Gliscor|Protect|p1a: Gliscor
|-singleturn|p1a: Gliscor|Protect
|move|p2a: Latios|Draco Meteor|p1a: Gliscor
|-activate|p1a: Gliscor|move: Protect
|
|-heal|p1a: Gliscor|86/100 tox|[from] ability: Poison Heal
|upkeep
|turn|21
|
|t:|1759045678
|move|p2a: Latios|Draco Meteor|p1a: Gliscor
|-damage|p1a: Gliscor|4/100 tox
|-unboost|p2a: Latios|spa|2
|move|p1a: Gliscor|U-turn|p2a: Latios
|-supereffective|p2a: Latios
|-damage|p2a: Latios|47/100
|
|t:|1759045687
|switch|p1a: Rillaboom|Rillaboom, M|54/100|[from] U-turn
|-damage|p1a: Rillaboom|41/100|[from] Stealth Rock
|-damage|p1a: Rillaboom|25/100|[from] Spikes
|
|-heal|p1a: Rillaboom|31/100|[from] Grassy Terrain
|-fieldend|move: Grassy Terrain
|upkeep
|turn|22
|
|t:|1759045714
|move|p2a: Latios|Psychic Noise|p1a: Rillaboom
|-damage|p1a: Rillaboom|4/100
|-start|p1a: Rillaboom|move: Heal Block
|move|p1a: Rillaboom|Knock Off|p2a: Latios
|-supereffective|p2a: Latios
|-damage|p2a: Latios|0 fnt
|-enditem|p2a: Latios|Soul Dew|[from] move: Knock Off|[of] p1a: Rillaboom
|faint|p2a: Latios
|
|upkeep
|c|☆nyxiongg|;--;
|c|☆spotifytweaks|shi
|inactive|spotifytweaks has 270 seconds left.
|c|☆spotifytweaks|thought thatd kill
|
|t:|1759045727
|switch|p2a: Iron Valiant|Iron Valiant|57/100
|-damage|p2a: Iron Valiant|51/100|[from] Stealth Rock
|-damage|p2a: Iron Valiant|38/100|[from] Spikes
|turn|23
|
|t:|1759045732
|move|p2a: Iron Valiant|Moonblast|p1a: Rillaboom
|-damage|p1a: Rillaboom|0 fnt
|faint|p1a: Rillaboom
|
|upkeep
|
|t:|1759045737
|switch|p1a: Gholdengo|Gholdengo|94/100
|-damage|p1a: Gholdengo|88/100|[from] Stealth Rock
|-damage|p1a: Gholdengo|71/100|[from] Spikes
|turn|24
|
|t:|1759045750
|move|p2a: Iron Valiant|Knock Off|p1a: Gholdengo
|-supereffective|p1a: Gholdengo
|-damage|p1a: Gholdengo|28/100
|-enditem|p1a: Gholdengo|Leftovers|[from] move: Knock Off|[of] p2a: Iron Valiant
|move|p1a: Gholdengo|Nasty Plot|p1a: Gholdengo
|-boost|p1a: Gholdengo|spa|2
|
|upkeep
|turn|25
|
|t:|1759045761
|move|p2a: Iron Valiant|Knock Off|p1a: Gholdengo
|-supereffective|p1a: Gholdengo
|-damage|p1a: Gholdengo|0 fnt
|faint|p1a: Gholdengo
|
|upkeep
|
|t:|1759045770
|switch|p1a: Gliscor|Gliscor, F|4/100 tox
|-damage|p1a: Gliscor|0 fnt|[from] Stealth Rock
|faint|p1a: Gliscor
|
|t:|1759045775
|switch|p1a: Toxapex|Toxapex, M|100/100
|-damage|p1a: Toxapex|88/100|[from] Stealth Rock
|-damage|p1a: Toxapex|72/100|[from] Spikes
|turn|26
|c|☆nyxiongg|Ye ggs
|
|t:|1759045804
|move|p2a: Iron Valiant|Close Combat|p1a: Toxapex
|-resisted|p1a: Toxapex
|-damage|p1a: Toxapex|57/100
|-unboost|p2a: Iron Valiant|def|1
|-unboost|p2a: Iron Valiant|spd|1
|move|p1a: Toxapex|Recover|p1a: Toxapex
|-heal|p1a: Toxapex|100/100
|
|upkeep
|turn|27
|
|t:|1759045813
|move|p2a: Iron Valiant|Encore|p1a: Toxapex
|-start|p1a: Toxapex|Encore
|move|p1a: Toxapex|Recover||[still]
|-fail|p1a: Toxapex|heal
|
|upkeep
|turn|28
|
|t:|1759045820
|move|p2a: Iron Valiant|Knock Off|p1a: Toxapex
|-damage|p1a: Toxapex|89/100
|move|p1a: Toxapex|Recover|p1a: Toxapex
|-heal|p1a: Toxapex|100/100
|
|upkeep
|turn|29
|
|t:|1759045826
|move|p2a: Iron Valiant|Knock Off|p1a: Toxapex
|-damage|p1a: Toxapex|90/100
|move|p1a: Toxapex|Recover|p1a: Toxapex
|-heal|p1a: Toxapex|100/100
|
|-end|p1a: Toxapex|Encore
|upkeep
|turn|30
|
|t:|1759045835
|move|p2a: Iron Valiant|Encore|p1a: Toxapex
|-start|p1a: Toxapex|Encore
|move|p1a: Toxapex|Recover||[still]
|-fail|p1a: Toxapex|heal
|
|upkeep
|turn|31
|c|☆nyxiongg|Sob
|
|t:|1759045848
|move|p2a: Iron Valiant|Knock Off|p1a: Toxapex
|-damage|p1a: Toxapex|88/100
|move|p1a: Toxapex|Recover|p1a: Toxapex
|-heal|p1a: Toxapex|100/100
|
|upkeep
|turn|32
|c|☆spotifytweaks|edging you
|
|t:|1759045854
|move|p2a: Iron Valiant|Knock Off|p1a: Toxapex
|-damage|p1a: Toxapex|88/100
|move|p1a: Toxapex|Recover|p1a: Toxapex
|-heal|p1a: Toxapex|100/100
|
|-end|p1a: Toxapex|Encore
|upkeep
|turn|33
|
|t:|1759045862
|-terastallize|p2a: Iron Valiant|Ghost
|move|p2a: Iron Valiant|Encore||[still]
|-fail|p2a: Iron Valiant
|move|p1a: Toxapex|Infestation|p2a: Iron Valiant
|-resisted|p2a: Iron Valiant
|-damage|p2a: Iron Valiant|34/100
|-activate|p2a: Iron Valiant|move: Infestation|[of] p1a: Toxapex
|
|-damage|p2a: Iron Valiant|22/100|[from] move: Infestation|[partiallytrapped]
|upkeep
|turn|34
|
|t:|1759045884
|move|p2a: Iron Valiant|Moonblast|p1a: Toxapex
|-resisted|p1a: Toxapex
|-damage|p1a: Toxapex|82/100
|move|p1a: Toxapex|Toxic|p2a: Iron Valiant
|-status|p2a: Iron Valiant|tox
|
|-damage|p2a: Iron Valiant|16/100 tox|[from] psn
|-damage|p2a: Iron Valiant|3/100 tox|[from] move: Infestation|[partiallytrapped]
|upkeep
|turn|35
|
|t:|1759045896
|move|p2a: Iron Valiant|Moonblast|p1a: Toxapex
|-resisted|p1a: Toxapex
|-damage|p1a: Toxapex|64/100
|move|p1a: Toxapex|Haze|p1a: Toxapex
|-clearallboost
|
|-damage|p2a: Iron Valiant|0 fnt|[from] psn
|faint|p2a: Iron Valiant
|-end|p2a: Iron Valiant|Quark Drive|[silent]
|upkeep
|inactive|spotifytweaks has 270 seconds left.
|
|t:|1759045932
|switch|p2a: Ting-Lu|Ting-Lu|39/100 tox
|-damage|p2a: Ting-Lu|32/100 tox|[from] Stealth Rock
|-damage|p2a: Ting-Lu|20/100 tox|[from] Spikes
|-ability|p2a: Ting-Lu|Vessel of Ruin
|turn|36
|
|t:|1759045940
|move|p2a: Ting-Lu|Earthquake|p1a: Toxapex
|-supereffective|p1a: Toxapex
|-damage|p1a: Toxapex|16/100
|move|p1a: Toxapex|Infestation|p2a: Ting-Lu
|-supereffective|p2a: Ting-Lu
|-damage|p2a: Ting-Lu|17/100 tox
|-activate|p2a: Ting-Lu|move: Infestation|[of] p1a: Toxapex
|
|-heal|p2a: Ting-Lu|23/100 tox|[from] item: Leftovers
|-damage|p2a: Ting-Lu|17/100 tox|[from] psn
|-damage|p2a: Ting-Lu|5/100 tox|[from] move: Infestation|[partiallytrapped]
|upkeep
|turn|37
|c|☆spotifytweaks|ggs
|c|☆nyxiongg|Ggs
|
|t:|1759045960
|move|p2a: Ting-Lu|Earthquake|p1a: Toxapex
|-supereffective|p1a: Toxapex
|-damage|p1a: Toxapex|0 fnt
|faint|p1a: Toxapex
|
|win|spotifytweaks
|l|☆nyxiongg
|player|p1|
