|j|‽Gil_Kenobi
|j|☆jpjurado
|t:|1758931519
|gametype|singles
|player|p1|Gil_Kenobi|n|1291
|player|p2|jpjurado|265|1252
|gen|9
|tier|[Gen 9] OU
|rated|
|rule|HP Percentage Mod: HP is shown in percentages
|rule|Endless Battle Clause: Forcing endless battles is banned
|rule|Species Clause: Limit one of each Pokémon
|rule|OHKO Clause: OHKO moves are banned
|rule|Evasion Items Clause: Evasion items are banned
|rule|Evasion Moves Clause: Evasion moves are banned
|rule|Evasion Abilities Clause: Evasion abilities are banned
|rule|Sleep Moves Clause: Sleep-inducing moves are banned
|clearpoke
|poke|p1|Galvantula, F|
|poke|p1|Samurott-Hisui, F|
|poke|p1|Kyurem|
|poke|p1|Mismagius, F|
|poke|p1|Cinderace, M|
|poke|p1|Thundurus, M|
|poke|p2|Dragapult, M|
|poke|p2|Iron Valiant|
|poke|p2|Great Tusk|
|poke|p2|Kingambit, M|
|poke|p2|Gholdengo|
|poke|p2|Cinderace, M|
|teampreview
|inactive|Battle timer is ON: inactive players will automatically lose when time's up. (requested by Gil_Kenobi)
|
|t:|1758931532
|teamsize|p1|6
|teamsize|p2|6
|start
|switch|p1a: Thundurus|Thundurus, M|100/100
|switch|p2a: Cinderace|Cinderace, M|100/100
|turn|1
|
|t:|1758931542
|move|p1a: Thundurus|Thunder Wave|p2a: Cinderace
|-status|p2a: Cinderace|par
|move|p2a: Cinderace|Pyro Ball|p1a: Thundurus
|-damage|p1a: Thundurus|8/100
|
|-heal|p1a: Thundurus|14/100|[from] item: Leftovers
|upkeep
|turn|2
|
|t:|1758931549
|switch|p1a: Samurott|Samurott-Hisui, F|100/100
|move|p2a: Cinderace|Pyro Ball|p1a: Samurott
|-resisted|p1a: Samurott
|-damage|p1a: Samurott|65/100
|
|upkeep
|turn|3
|
|t:|1758931564
|switch|p2a: Iron Valiant|Iron Valiant|100/100
|-enditem|p2a: Iron Valiant|Booster Energy
|-activate|p2a: Iron Valiant|ability: Quark Drive|[fromitem]
|-start|p2a: Iron Valiant|quarkdrivespe
|move|p1a: Samurott|Aqua Cutter|p2a: Iron Valiant
|-damage|p2a: Iron Valiant|14/100
|-damage|p1a: Samurott|55/100|[from] item: Life Orb
|
|upkeep
|turn|4
|
|t:|1758931573
|move|p1a: Samurott|Sucker Punch|p2a: Iron Valiant
|-resisted|p2a: Iron Valiant
|-damage|p2a: Iron Valiant|0 fnt
|faint|p2a: Iron Valiant
|-end|p2a: Iron Valiant|Quark Drive|[silent]
|-damage|p1a: Samurott|45/100|[from] item: Life Orb
|
|upkeep
|
|t:|1758931579
|switch|p2a: Gholdengo|Gholdengo|100/100
|turn|5
|
|t:|1758931584
|switch|p2a: Cinderace|Cinderace, M|100/100 par
|move|p1a: Samurott|Ceaseless Edge|p2a: Cinderace
|-damage|p2a: Cinderace|12/100 par
|-sidestart|p2: jpjurado|Spikes
|-damage|p1a: Samurott|35/100|[from] item: Life Orb
|
|upkeep
|turn|6
|
|t:|1758931593
|move|p1a: Samurott|Aqua Cutter|p2a: Cinderace
|-supereffective|p2a: Cinderace
|-damage|p2a: Cinderace|0 fnt
|faint|p2a: Cinderace
|-damage|p1a: Samurott|25/100|[from] item: Life Orb
|
|upkeep
|
|t:|1758931595
|switch|p2a: Great Tusk|Great Tusk|100/100
|-damage|p2a: Great Tusk|88/100|[from] Spikes
|turn|7
|
|t:|1758931603
|switch|p1a: Mismagius|Mismagius, F|100/100
|-terastallize|p2a: Great Tusk|Water
|move|p2a: Great Tusk|Rapid Spin|p1a: Mismagius
|-immune|p1a: Mismagius
|
|-heal|p2a: Great Tusk|94/100|[from] item: Leftovers
|upkeep
|turn|8
|
|t:|1758931619
|move|p1a: Mismagius|Shadow Ball|p2a: Great Tusk
|-damage|p2a: Great Tusk|36/100
|-damage|p1a: Mismagius|91/100|[from] item: Life Orb
|move|p2a: Great Tusk|Knock Off|p1a: Mismagius
|-supereffective|p1a: Mismagius
|-damage|p1a: Mismagius|0 fnt
|-enditem|p1a: Mismagius|Life Orb|[from] move: Knock Off|[of] p2a: Great Tusk
|faint|p1a: Mismagius
|
|-heal|p2a: Great Tusk|42/100|[from] item: Leftovers
|upkeep
|
|t:|1758931628
|switch|p1a: Thundurus|Thundurus, M|14/100
|turn|9
|
|t:|1758931635
|move|p1a: Thundurus|Discharge|p2a: Great Tusk
|-supereffective|p2a: Great Tusk
|-damage|p2a: Great Tusk|0 fnt
|faint|p2a: Great Tusk
|-end|p2a: Great Tusk|Protosynthesis|[silent]
|
|-heal|p1a: Thundurus|20/100|[from] item: Leftovers
|upkeep
|
|t:|1758931639
|switch|p2a: Gholdengo|Gholdengo|100/100
|-damage|p2a: Gholdengo|88/100|[from] Spikes
|turn|10
|
|t:|1758931646
|move|p2a: Gholdengo|Shadow Ball|p1a: Thundurus
|-damage|p1a: Thundurus|0 fnt
|faint|p1a: Thundurus
|
|upkeep
|
|t:|1758931659
|switch|p1a: Samurott|Samurott-Hisui, F|25/100
|turn|11
|
|t:|1758931666
|move|p1a: Samurott|Sucker Punch|p2a: Gholdengo
|-supereffective|p2a: Gholdengo
|-damage|p2a: Gholdengo|0 fnt
|faint|p2a: Gholdengo
|-damage|p1a: Samurott|15/100|[from] item: Life Orb
|
|upkeep
|
|t:|1758931673
|switch|p2a: Dragapult|Dragapult, M|100/100
|-damage|p2a: Dragapult|88/100|[from] Spikes
|turn|12
|
|t:|1758931677
|move|p2a: Dragapult|Sucker Punch|p1a: Samurott
|-resisted|p1a: Samurott
|-damage|p1a: Samurott|0 fnt
|faint|p1a: Samurott
|
|upkeep
|
|t:|1758931690
|switch|p1a: Galvantula|Galvantula, F|100/100
|turn|13
|
|t:|1758931699
|switch|p2a: Kingambit|Kingambit, M|100/100
|-damage|p2a: Kingambit|88/100|[from] Spikes
|-activate|p2a: Kingambit|ability: Supreme Overlord
|-start|p2a: Kingambit|fallen4|[silent]
|move|p1a: Galvantula|Thunder|p2a: Kingambit
|-damage|p2a: Kingambit|44/100
|
|upkeep
|turn|14
|
|t:|1758931715
|move|p1a: Galvantula|Thunder|p2a: Kingambit
|-damage|p2a: Kingambit|1/100
|-status|p2a: Kingambit|par
|move|p2a: Kingambit|Swords Dance|p2a: Kingambit
|-boost|p2a: Kingambit|atk|2
|
|upkeep
|turn|15
|
|t:|1758931729
|move|p2a: Kingambit|Sucker Punch|p1a: Galvantula
|-enditem|p1a: Galvantula|Focus Sash
|-damage|p1a: Galvantula|1/100
|move|p1a: Galvantula|Bug Buzz|p2a: Kingambit
|-damage|p2a: Kingambit|0 fnt
|faint|p2a: Kingambit
|-end|p2a: Kingambit|fallen4|[silent]
|
|upkeep
|
|t:|1758931736
|switch|p2a: Dragapult|Dragapult, M|88/100
|-damage|p2a: Dragapult|76/100|[from] Spikes
|turn|16
|
|t:|1758931741
|move|p2a: Dragapult|Dragon Darts|p1a: Galvantula
|-damage|p1a: Galvantula|0 fnt
|faint|p1a: Galvantula
|
|upkeep
|
|t:|1758931747
|switch|p1a: Cinderace|Cinderace, M|100/100
|turn|17
|
|t:|1758931751
|move|p1a: Cinderace|Sucker Punch|p2a: Dragapult
|-start|p1a: Cinderace|typechange|Dark|[from] ability: Libero
|-supereffective|p2a: Dragapult
|-damage|p2a: Dragapult|0 fnt
|faint|p2a: Dragapult
|
|win|Gil_Kenobi
|raw|Gil_Kenobi's rating: 1291 &rarr; <strong>1313</strong><br />(+22 for winning)
|raw|jpjurado's rating: 1252 &rarr; <strong>1230</strong><br />(-22 for losing)
|l|☆jpjurado
|player|p2|
|l|‽Gil_Kenobi
|player|p1|
