|j|☆Shibuya Arc
|j|☆Acastillo631
|t:|1758979764
|gametype|singles
|player|p1|Shibuya Arc|265|1733
|player|p2|Acastillo631|silver|1636
|gen|9
|tier|[Gen 9] OU
|rated|
|rule|HP Percentage Mod: HP is shown in percentages
|rule|Endless Battle Clause: Forcing endless battles is banned
|rule|Species Clause: Limit one of each Pokémon
|rule|OHKO Clause: OHKO moves are banned
|rule|Evasion Items Clause: Evasion items are banned
|rule|Evasion Moves Clause: Evasion moves are banned
|rule|Evasion Abilities Clause: Evasion abilities are banned
|rule|Sleep Moves Clause: Sleep-inducing moves are banned
|clearpoke
|poke|p1|Dragapult, F|
|poke|p1|Dragonite, F|
|poke|p1|Ting-Lu|
|poke|p1|Weezing-Galar, F|
|poke|p1|Iron Crown|
|poke|p1|Zapdos|
|poke|p2|Iron Valiant|
|poke|p2|Tyranitar, F|
|poke|p2|Corviknight, M|
|poke|p2|Sinistcha|
|poke|p2|Keldeo-Resolute|
|poke|p2|Muk-Alola, M|
|teampreview
|inactive|Battle timer is ON: inactive players will automatically lose when time's up. (requested by Acastillo631)
|inactive|Shibuya Arc also wants the timer to be on.
|
|t:|1758979776
|teamsize|p1|6
|teamsize|p2|6
|start
|switch|p1a: Ting-Lu|Ting-Lu|100/100
|switch|p2a: Rainbow Devil|Muk-Alola, M|100/100
|-ability|p1a: Ting-Lu|Vessel of Ruin
|turn|1
|
|t:|1758979782
|move|p2a: Rainbow Devil|Poison Fang|p1a: Ting-Lu
|-resisted|p1a: Ting-Lu
|-damage|p1a: Ting-Lu|96/100
|move|p1a: Ting-Lu|Stealth Rock|p2a: Rainbow Devil
|-sidestart|p2: Acastillo631|move: Stealth Rock
|
|-heal|p1a: Ting-Lu|100/100|[from] item: Leftovers
|upkeep
|turn|2
|
|t:|1758979793
|move|p2a: Rainbow Devil|Poison Fang|p1a: Ting-Lu
|-resisted|p1a: Ting-Lu
|-damage|p1a: Ting-Lu|95/100
|move|p1a: Ting-Lu|Ruination|p2a: Rainbow Devil
|-damage|p2a: Rainbow Devil|50/100
|
|-heal|p2a: Rainbow Devil|57/100|[from] item: Leftovers
|-heal|p1a: Ting-Lu|100/100|[from] item: Leftovers
|upkeep
|turn|3
|
|t:|1758979804
|move|p2a: Rainbow Devil|Protect|p2a: Rainbow Devil
|-singleturn|p2a: Rainbow Devil|Protect
|move|p1a: Ting-Lu|Earthquake|p2a: Rainbow Devil
|-activate|p2a: Rainbow Devil|move: Protect
|
|-heal|p2a: Rainbow Devil|63/100|[from] item: Leftovers
|upkeep
|turn|4
|
|t:|1758979811
|move|p2a: Rainbow Devil|Poison Fang|p1a: Ting-Lu
|-resisted|p1a: Ting-Lu
|-damage|p1a: Ting-Lu|96/100
|-status|p1a: Ting-Lu|tox
|move|p1a: Ting-Lu|Ruination|p2a: Rainbow Devil|[miss]
|-miss|p1a: Ting-Lu|p2a: Rainbow Devil
|
|-heal|p2a: Rainbow Devil|69/100|[from] item: Leftovers
|-heal|p1a: Ting-Lu|100/100 tox|[from] item: Leftovers
|-damage|p1a: Ting-Lu|94/100 tox|[from] psn
|upkeep
|turn|5
|
|t:|1758979820
|move|p2a: Rainbow Devil|Protect|p2a: Rainbow Devil
|-singleturn|p2a: Rainbow Devil|Protect
|move|p1a: Ting-Lu|Ruination|p2a: Rainbow Devil
|-activate|p2a: Rainbow Devil|move: Protect
|
|-heal|p2a: Rainbow Devil|75/100|[from] item: Leftovers
|-heal|p1a: Ting-Lu|100/100 tox|[from] item: Leftovers
|-damage|p1a: Ting-Lu|88/100 tox|[from] psn
|upkeep
|turn|6
|
|t:|1758979827
|move|p2a: Rainbow Devil|Knock Off|p1a: Ting-Lu
|-resisted|p1a: Ting-Lu
|-damage|p1a: Ting-Lu|78/100 tox
|-enditem|p1a: Ting-Lu|Leftovers|[from] move: Knock Off|[of] p2a: Rainbow Devil
|move|p1a: Ting-Lu|Earthquake|p2a: Rainbow Devil
|-supereffective|p2a: Rainbow Devil
|-damage|p2a: Rainbow Devil|1/100
|
|-heal|p2a: Rainbow Devil|7/100|[from] item: Leftovers
|-damage|p1a: Ting-Lu|60/100 tox|[from] psn
|upkeep
|turn|7
|
|t:|1758979838
|move|p2a: Rainbow Devil|Protect|p2a: Rainbow Devil
|-singleturn|p2a: Rainbow Devil|Protect
|move|p1a: Ting-Lu|Earthquake|p2a: Rainbow Devil
|-activate|p2a: Rainbow Devil|move: Protect
|
|-heal|p2a: Rainbow Devil|13/100|[from] item: Leftovers
|-damage|p1a: Ting-Lu|35/100 tox|[from] psn
|upkeep
|turn|8
|
|t:|1758979845
|move|p2a: Rainbow Devil|Drain Punch|p1a: Ting-Lu
|-supereffective|p1a: Ting-Lu
|-damage|p1a: Ting-Lu|14/100 tox
|-heal|p2a: Rainbow Devil|25/100|[from] drain|[of] p1a: Ting-Lu
|move|p1a: Ting-Lu|Earthquake|p2a: Rainbow Devil
|-supereffective|p2a: Rainbow Devil
|-damage|p2a: Rainbow Devil|0 fnt
|faint|p2a: Rainbow Devil
|
|-damage|p1a: Ting-Lu|0 fnt|[from] psn
|faint|p1a: Ting-Lu
|upkeep
|
|t:|1758979857
|switch|p2a: Eregion|Tyranitar, F|100/100
|switch|p1a: Iron Crown|Iron Crown|100/100
|-damage|p2a: Eregion|88/100|[from] Stealth Rock
|-weather|Sandstorm|[from] ability: Sand Stream|[of] p2a: Eregion
|turn|9
|
|t:|1758979863
|-terastallize|p1a: Iron Crown|Steel
|move|p1a: Iron Crown|Tachyon Cutter|p2a: Eregion
|-supereffective|p2a: Eregion
|-damage|p2a: Eregion|49/100
|-supereffective|p2a: Eregion
|-damage|p2a: Eregion|6/100
|-hitcount|p2a: Eregion|2
|move|p2a: Eregion|Knock Off|p1a: Iron Crown
|-damage|p1a: Iron Crown|56/100
|-enditem|p1a: Iron Crown|Choice Specs|[from] move: Knock Off|[of] p2a: Eregion
|
|-weather|Sandstorm|[upkeep]
|-heal|p2a: Eregion|12/100|[from] item: Leftovers
|upkeep
|turn|10
|
|t:|1758979874
|move|p1a: Iron Crown|Tachyon Cutter|p2a: Eregion
|-supereffective|p2a: Eregion
|-damage|p2a: Eregion|0 fnt
|faint|p2a: Eregion
|-hitcount|p2: Eregion|1
|
|-weather|Sandstorm|[upkeep]
|upkeep
|
|t:|1758979879
|switch|p2a: Spiral Pegasus|Keldeo-Resolute|100/100
|turn|11
|
|t:|1758979886
|-end|p1a: Iron Crown|Quark Drive|[silent]
|switch|p1a: Dragonite|Dragonite, F|100/100
|move|p2a: Spiral Pegasus|Flip Turn|p1a: Dragonite
|-resisted|p1a: Dragonite
|-damage|p1a: Dragonite|97/100
|
|t:|1758979889
|switch|p2a: Wire Sponge|Sinistcha|100/100|[from] Flip Turn
|
|-weather|Sandstorm|[upkeep]
|-damage|p1a: Dragonite|91/100|[from] Sandstorm
|-damage|p2a: Wire Sponge|94/100|[from] Sandstorm
|upkeep
|turn|12
|
|t:|1758979896
|switch|p1a: Iron Crown|Iron Crown, tera:Steel|56/100
|move|p2a: Wire Sponge|Calm Mind|p2a: Wire Sponge
|-boost|p2a: Wire Sponge|spa|1
|-boost|p2a: Wire Sponge|spd|1
|
|-weather|Sandstorm|[upkeep]
|-damage|p2a: Wire Sponge|88/100|[from] Sandstorm
|upkeep
|turn|13
|-message|Acastillo631 forfeited.
|
|win|Shibuya Arc
|raw|Shibuya Arc's rating: 1733 &rarr; <strong>1748</strong><br />(+15 for winning)
|raw|Acastillo631's rating: 1636 &rarr; <strong>1621</strong><br />(-15 for losing)
