|j|☆Shubway
|j|☆Ghettocatfish
|t:|1758970023
|gametype|singles
|player|p1|Shubway|265|1478
|player|p2|Ghettocatfish|2|1428
|gen|9
|tier|[Gen 9] OU
|rated|
|rule|HP Percentage Mod: HP is shown in percentages
|rule|Endless Battle Clause: Forcing endless battles is banned
|rule|Species Clause: Limit one of each Pokémon
|rule|OHKO Clause: OHKO moves are banned
|rule|Evasion Items Clause: Evasion items are banned
|rule|Evasion Moves Clause: Evasion moves are banned
|rule|Evasion Abilities Clause: Evasion abilities are banned
|rule|Sleep Moves Clause: Sleep-inducing moves are banned
|clearpoke
|poke|p1|Goodra-Hisui, F|
|poke|p1|Enamorus, F|
|poke|p1|Great Tusk|
|poke|p1|Iron Moth|
|poke|p1|Meowscarada, F|
|poke|p1|Rotom-Wash|
|poke|p2|Enamorus, F|
|poke|p2|Pecharunt|
|poke|p2|Ting-Lu|
|poke|p2|Ogerpon-Wellspring, F|
|poke|p2|Conkeldurr, M|
|poke|p2|Latios, M|
|teampreview
|inactive|Battle timer is ON: inactive players will automatically lose when time's up. (requested by Ghettocatfish)
|
|t:|1758970042
|teamsize|p1|6
|teamsize|p2|6
|start
|switch|p1a: Iron Moth|Iron Moth|100/100
|switch|p2a: Ogerpon|Ogerpon-Wellspring, F|100/100
|-enditem|p1a: Iron Moth|Booster Energy
|-activate|p1a: Iron Moth|ability: Quark Drive|[fromitem]
|-start|p1a: Iron Moth|quarkdrivespa
|turn|1
|
|t:|1758970051
|switch|p2a: Ting-Lu|Ting-Lu|100/100
|-ability|p2a: Ting-Lu|Vessel of Ruin
|move|p1a: Iron Moth|Sludge Wave|p2a: Ting-Lu
|-resisted|p2a: Ting-Lu
|-damage|p2a: Ting-Lu|84/100
|
|-heal|p2a: Ting-Lu|90/100|[from] item: Leftovers
|upkeep
|turn|2
|
|t:|1758970063
|-end|p1a: Iron Moth|Quark Drive|[silent]
|switch|p1a: Enamorus|Enamorus, F|100/100
|move|p2a: Ting-Lu|Earthquake|p1a: Enamorus
|-immune|p1a: Enamorus
|
|-heal|p2a: Ting-Lu|97/100|[from] item: Leftovers
|upkeep
|turn|3
|
|t:|1758970069
|switch|p2a: Pecharunt|Pecharunt|100/100
|move|p1a: Enamorus|Superpower|p2a: Pecharunt
|-immune|p2a: Pecharunt
|
|upkeep
|turn|4
|
|t:|1758970077
|switch|p1a: Iron Moth|Iron Moth|100/100
|move|p2a: Pecharunt|Parting Shot|p1a: Iron Moth
|-unboost|p1a: Iron Moth|atk|1
|-unboost|p1a: Iron Moth|spa|1
|
|t:|1758970092
|switch|p2a: Ting-Lu|Ting-Lu|97/100|[from] Parting Shot
|-ability|p2a: Ting-Lu|Vessel of Ruin
|
|-heal|p2a: Ting-Lu|100/100|[from] item: Leftovers
|upkeep
|turn|5
|
|t:|1758970099
|-end|p1a: Iron Moth|Quark Drive|[silent]
|switch|p1a: Great Tusk|Great Tusk|100/100
|-enditem|p1a: Great Tusk|Booster Energy
|-activate|p1a: Great Tusk|ability: Protosynthesis|[fromitem]
|-start|p1a: Great Tusk|protosynthesisatk
|move|p2a: Ting-Lu|Stealth Rock|p1a: Great Tusk
|-sidestart|p1: Shubway|move: Stealth Rock
|
|upkeep
|turn|6
|
|t:|1758970110
|switch|p2a: Ogerpon|Ogerpon-Wellspring, F|100/100
|move|p1a: Great Tusk|Earthquake|p2a: Ogerpon
|-resisted|p2a: Ogerpon
|-damage|p2a: Ogerpon|52/100
|
|upkeep
|turn|7
|
|t:|1758970120
|move|p2a: Ogerpon|Ivy Cudgel|p1a: Great Tusk|[anim] Ivy Cudgel Water
|-supereffective|p1a: Great Tusk
|-damage|p1a: Great Tusk|16/100
|move|p1a: Great Tusk|Rapid Spin|p2a: Ogerpon
|-damage|p2a: Ogerpon|20/100
|-boost|p1a: Great Tusk|spe|1
|-sideend|p1: Shubway|Stealth Rock|[from] move: Rapid Spin|[of] p1a: Great Tusk
|
|upkeep
|turn|8
|
|t:|1758970128
|switch|p2a: Enamorus|Enamorus, F|100/100
|move|p1a: Great Tusk|Ice Spinner|p2a: Enamorus
|-supereffective|p2a: Enamorus
|-damage|p2a: Enamorus|0 fnt
|faint|p2a: Enamorus
|
|upkeep
|
|t:|1758970135
|switch|p2a: Conkeldurr|Conkeldurr, M|100/100
|turn|9
|
|t:|1758970139
|-end|p1a: Great Tusk|Protosynthesis|[silent]
|switch|p1a: Enamorus|Enamorus, F|100/100
|move|p2a: Conkeldurr|Drain Punch|p1a: Enamorus
|-resisted|p1a: Enamorus
|-damage|p1a: Enamorus|85/100
|
|upkeep
|turn|10
|
|t:|1758970150
|switch|p1a: Iron Moth|Iron Moth|100/100
|-terastallize|p2a: Conkeldurr|Steel
|move|p2a: Conkeldurr|Ice Punch|p1a: Iron Moth
|-resisted|p1a: Iron Moth
|-damage|p1a: Iron Moth|78/100
|
|upkeep
|turn|11
|
|t:|1758970158
|switch|p2a: Ting-Lu|Ting-Lu|100/100
|-ability|p2a: Ting-Lu|Vessel of Ruin
|move|p1a: Iron Moth|Fiery Dance|p2a: Ting-Lu
|-damage|p2a: Ting-Lu|82/100
|-boost|p1a: Iron Moth|spa|1
|
|-heal|p2a: Ting-Lu|88/100|[from] item: Leftovers
|upkeep
|turn|12
|
|t:|1758970166
|move|p1a: Iron Moth|Energy Ball|p2a: Ting-Lu
|-supereffective|p2a: Ting-Lu
|-damage|p2a: Ting-Lu|45/100
|move|p2a: Ting-Lu|Earthquake|p1a: Iron Moth
|-supereffective|p1a: Iron Moth
|-damage|p1a: Iron Moth|0 fnt
|faint|p1a: Iron Moth
|-end|p1a: Iron Moth|Quark Drive|[silent]
|
|-heal|p2a: Ting-Lu|51/100|[from] item: Leftovers
|upkeep
|
|t:|1758970175
|switch|p1a: Great Tusk|Great Tusk|16/100
|turn|13
|
|t:|1758970199
|move|p1a: Great Tusk|Ice Spinner|p2a: Ting-Lu
|-supereffective|p2a: Ting-Lu
|-damage|p2a: Ting-Lu|18/100
|move|p2a: Ting-Lu|Stealth Rock|p1a: Great Tusk
|-sidestart|p1: Shubway|move: Stealth Rock
|
|-heal|p2a: Ting-Lu|25/100|[from] item: Leftovers
|upkeep
|turn|14
|
|t:|1758970204
|switch|p2a: Pecharunt|Pecharunt|100/100
|move|p1a: Great Tusk|Earthquake|p2a: Pecharunt
|-supereffective|p2a: Pecharunt
|-damage|p2a: Pecharunt|53/100
|
|upkeep
|turn|15
|
|t:|1758970212
|switch|p2a: Latios|Latios, M|100/100
|move|p1a: Great Tusk|Rapid Spin|p2a: Latios
|-damage|p2a: Latios|75/100
|-boost|p1a: Great Tusk|spe|1
|-sideend|p1: Shubway|Stealth Rock|[from] move: Rapid Spin|[of] p1a: Great Tusk
|
|upkeep
|turn|16
|
|t:|1758970217
|move|p1a: Great Tusk|Ice Spinner|p2a: Latios
|-supereffective|p2a: Latios
|-damage|p2a: Latios|0 fnt
|faint|p2a: Latios
|
|upkeep
|-message|Ghettocatfish forfeited.
|
|win|Shubway
|raw|Shubway's rating: 1478 &rarr; <strong>1495</strong><br />(+17 for winning)
|raw|Ghettocatfish's rating: 1428 &rarr; <strong>1411</strong><br />(-17 for losing)
|l|☆Ghettocatfish
|player|p2|
|l|☆Shubway
|player|p1|
