|j|☆lllllyu
|j|☆life is a paradox
|t:|1758971641
|gametype|singles
|player|p1|lllllyu|steven|1059
|player|p2|life is a paradox|cowgirl|1098
|gen|9
|tier|[Gen 9] OU
|rated|
|rule|HP Percentage Mod: HP is shown in percentages
|rule|Endless Battle Clause: Forcing endless battles is banned
|rule|Species Clause: Limit one of each Pokémon
|rule|OHKO Clause: OHKO moves are banned
|rule|Evasion Items Clause: Evasion items are banned
|rule|Evasion Moves Clause: Evasion moves are banned
|rule|Evasion Abilities Clause: Evasion abilities are banned
|rule|Sleep Moves Clause: Sleep-inducing moves are banned
|clearpoke
|poke|p1|Skarmory, M|
|poke|p1|Gliscor, M|
|poke|p1|Scizor, M|
|poke|p1|Great Tusk|
|poke|p1|Infernape, F|
|poke|p1|Rotom-Wash|
|poke|p2|Crabominable, M|
|poke|p2|Staraptor, F|
|poke|p2|Enamorus-Therian, F|
|poke|p2|Iron Crown|
|poke|p2|Quaquaval, F|
|poke|p2|Okidogi, M|
|teampreview
|inactive|Battle timer is ON: inactive players will automatically lose when time's up. (requested by life is a paradox)
|
|t:|1758971647
|teamsize|p1|6
|teamsize|p2|6
|start
|switch|p1a: Skarmory|Skarmory, M, shiny|100/100
|switch|p2a: Crabominable|Crabominable, M|100/100
|turn|1
|
|t:|1758971657
|move|p1a: Skarmory|Spikes|p2a: Crabominable
|-sidestart|p2: life is a paradox|Spikes
|move|p2a: Crabominable|Ice Hammer|p1a: Skarmory
|-damage|p1a: Skarmory|54/100
|-unboost|p2a: Crabominable|spe|1
|
|upkeep
|turn|2
|
|t:|1758971668
|move|p1a: Skarmory|Roost|p1a: Skarmory
|-heal|p1a: Skarmory|100/100
|-singleturn|p1a: Skarmory|move: Roost
|move|p2a: Crabominable|Ice Hammer|p1a: Skarmory
|-resisted|p1a: Skarmory
|-damage|p1a: Skarmory|78/100
|-unboost|p2a: Crabominable|spe|1
|
|upkeep
|turn|3
|
|t:|1758971677
|move|p1a: Skarmory|Spikes|p2a: Crabominable
|-sidestart|p2: life is a paradox|Spikes
|move|p2a: Crabominable|Ice Hammer|p1a: Skarmory
|-damage|p1a: Skarmory|36/100
|-unboost|p2a: Crabominable|spe|1
|
|upkeep
|turn|4
|
|t:|1758971683
|move|p1a: Skarmory|Roost|p1a: Skarmory
|-heal|p1a: Skarmory|86/100
|-singleturn|p1a: Skarmory|move: Roost
|move|p2a: Crabominable|Drain Punch|p1a: Skarmory
|-supereffective|p1a: Skarmory
|-damage|p1a: Skarmory|18/100
|
|upkeep
|turn|5
|
|t:|1758971692
|move|p1a: Skarmory|Roost|p1a: Skarmory
|-heal|p1a: Skarmory|68/100
|-singleturn|p1a: Skarmory|move: Roost
|move|p2a: Crabominable|Ice Hammer|p1a: Skarmory
|-resisted|p1a: Skarmory
|-damage|p1a: Skarmory|45/100
|-unboost|p2a: Crabominable|spe|1
|
|upkeep
|turn|6
|
|t:|1758971702
|move|p1a: Skarmory|Roost|p1a: Skarmory
|-heal|p1a: Skarmory|95/100
|-singleturn|p1a: Skarmory|move: Roost
|move|p2a: Crabominable|Drain Punch|p1a: Skarmory
|-supereffective|p1a: Skarmory
|-damage|p1a: Skarmory|30/100
|
|upkeep
|turn|7
|
|t:|1758971711
|move|p1a: Skarmory|Roost|p1a: Skarmory
|-heal|p1a: Skarmory|80/100
|-singleturn|p1a: Skarmory|move: Roost
|move|p2a: Crabominable|Drain Punch|p1a: Skarmory
|-supereffective|p1a: Skarmory
|-crit|p1a: Skarmory
|-damage|p1a: Skarmory|0 fnt
|faint|p1a: Skarmory
|
|upkeep
|
|t:|1758971724
|switch|p1a: Gliscor|Gliscor, M, shiny|100/100
|turn|8
|
|t:|1758971729
|move|p1a: Gliscor|Protect|p1a: Gliscor
|-singleturn|p1a: Gliscor|Protect
|move|p2a: Crabominable|Ice Hammer|p1a: Gliscor
|-activate|p1a: Gliscor|move: Protect
|
|-status|p1a: Gliscor|tox|[from] item: Toxic Orb
|upkeep
|turn|9
|
|t:|1758971736
|move|p1a: Gliscor|Toxic|p2a: Crabominable
|-status|p2a: Crabominable|tox
|move|p2a: Crabominable|Ice Hammer|p1a: Gliscor
|-supereffective|p1a: Gliscor
|-damage|p1a: Gliscor|0 fnt
|-unboost|p2a: Crabominable|spe|1
|faint|p1a: Gliscor
|
|-damage|p2a: Crabominable|94/100 tox|[from] psn
|upkeep
|
|t:|1758971752
|switch|p1a: Great Tusk|Great Tusk, shiny|100/100
|turn|10
|
|t:|1758971759
|move|p1a: Great Tusk|Headlong Rush|p2a: Crabominable
|-damage|p2a: Crabominable|43/100 tox
|-unboost|p1a: Great Tusk|def|1
|-unboost|p1a: Great Tusk|spd|1
|move|p2a: Crabominable|Crabhammer|p1a: Great Tusk
|-supereffective|p1a: Great Tusk
|-crit|p1a: Great Tusk
|-damage|p1a: Great Tusk|21/100
|-damage|p2a: Crabominable|26/100 tox|[from] item: Rocky Helmet|[of] p1a: Great Tusk
|
|-damage|p2a: Crabominable|14/100 tox|[from] psn
|upkeep
|turn|11
|
|t:|1758971769
|move|p1a: Great Tusk|Earthquake|p2a: Crabominable
|-damage|p2a: Crabominable|0 fnt
|faint|p2a: Crabominable
|
|upkeep
|
|t:|1758971781
|switch|p2a: Iron Crown|Iron Crown|100/100
|-damage|p2a: Iron Crown|84/100|[from] Spikes
|turn|12
|
|t:|1758971792
|-end|p1a: Great Tusk|Protosynthesis|[silent]
|switch|p1a: Rotom|Rotom-Wash, shiny|100/100
|move|p2a: Iron Crown|Psychic|p1a: Rotom
|-damage|p1a: Rotom|68/100
|
|upkeep
|turn|13
|
|t:|1758971801
|move|p2a: Iron Crown|Future Sight|p1a: Rotom
|-start|p2a: Iron Crown|move: Future Sight
|move|p1a: Rotom|Thunderbolt|p2a: Iron Crown
|-damage|p2a: Iron Crown|57/100
|
|upkeep
|turn|14
|
|t:|1758971809
|move|p2a: Iron Crown|Psychic|p1a: Rotom
|-damage|p1a: Rotom|36/100
|move|p1a: Rotom|Volt Switch|p2a: Iron Crown
|-damage|p2a: Iron Crown|35/100
|
|t:|1758971815
|switch|p1a: Scizor|Scizor, M, shiny|100/100|[from] Volt Switch
|
|upkeep
|turn|15
|
|t:|1758971825
|move|p1a: Scizor|Bullet Punch|p2a: Iron Crown
|-resisted|p2a: Iron Crown
|-damage|p2a: Iron Crown|9/100
|move|p2a: Iron Crown|Volt Switch|p1a: Scizor
|-damage|p1a: Scizor|74/100
|
|t:|1758971829
|-end|p2a: Iron Crown|Quark Drive|[silent]
|switch|p2a: Quaquaval|Quaquaval, F|100/100|[from] Volt Switch
|-damage|p2a: Quaquaval|84/100|[from] Spikes
|
|-end|p1a: Scizor|move: Future Sight
|-resisted|p1a: Scizor
|-damage|p1a: Scizor|39/100
|upkeep
|turn|16
|
|t:|1758971836
|move|p1a: Scizor|Bullet Punch|p2a: Quaquaval
|-resisted|p2a: Quaquaval
|-damage|p2a: Quaquaval|50/100
|move|p2a: Quaquaval|Rapid Spin|p1a: Scizor
|-resisted|p1a: Scizor
|-damage|p1a: Scizor|29/100
|-boost|p2a: Quaquaval|spe|1
|-sideend|p2: life is a paradox|Spikes|[from] move: Rapid Spin|[of] p2a: Quaquaval
|-damage|p2a: Quaquaval|40/100|[from] item: Life Orb
|
|upkeep
|turn|17
|
|t:|1758971844
|move|p1a: Scizor|Bullet Punch|p2a: Quaquaval
|-resisted|p2a: Quaquaval
|-damage|p2a: Quaquaval|8/100
|move|p2a: Quaquaval|Aqua Step|p1a: Scizor
|-damage|p1a: Scizor|0 fnt
|-boost|p2a: Quaquaval|spe|1
|faint|p1a: Scizor
|-ability|p2a: Quaquaval|Moxie|boost
|-boost|p2a: Quaquaval|atk|1
|-damage|p2a: Quaquaval|0 fnt|[from] item: Life Orb
|faint|p2a: Quaquaval
|
|upkeep
|
|t:|1758971859
|switch|p2a: Iron Crown|Iron Crown|9/100
|switch|p1a: Infernape|Infernape, F|100/100
|turn|18
|
|t:|1758971866
|move|p1a: Infernape|Flamethrower|p2a: Iron Crown
|-supereffective|p2a: Iron Crown
|-damage|p2a: Iron Crown|0 fnt
|faint|p2a: Iron Crown
|-end|p2a: Iron Crown|Quark Drive|[silent]
|-damage|p1a: Infernape|91/100|[from] item: Life Orb
|
|upkeep
|
|t:|1758971868
|switch|p2a: Staraptor|Staraptor, F|100/100
|-ability|p2a: Staraptor|Intimidate|boost
|-unboost|p1a: Infernape|atk|1
|turn|19
|
|t:|1758971881
|move|p2a: Staraptor|Brave Bird|p1a: Infernape
|-supereffective|p1a: Infernape
|-damage|p1a: Infernape|0 fnt
|faint|p1a: Infernape
|-damage|p2a: Staraptor|77/100|[from] Recoil
|
|upkeep
|
|t:|1758971892
|switch|p1a: Great Tusk|Great Tusk, shiny|21/100
|turn|20
|
|t:|1758971895
|move|p2a: Staraptor|Brave Bird|p1a: Great Tusk
|-supereffective|p1a: Great Tusk
|-damage|p1a: Great Tusk|0 fnt
|-damage|p2a: Staraptor|61/100|[from] item: Rocky Helmet|[of] p1a: Great Tusk
|faint|p1a: Great Tusk
|-end|p1a: Great Tusk|Protosynthesis|[silent]
|-damage|p2a: Staraptor|53/100|[from] Recoil
|
|upkeep
|
|t:|1758971902
|switch|p1a: Rotom|Rotom-Wash, shiny|36/100
|turn|21
|
|t:|1758971905
|move|p2a: Staraptor|Brave Bird|p1a: Rotom
|-resisted|p1a: Rotom
|-damage|p1a: Rotom|11/100
|-damage|p2a: Staraptor|46/100|[from] Recoil
|move|p1a: Rotom|Thunderbolt|p2a: Staraptor
|-supereffective|p2a: Staraptor
|-damage|p2a: Staraptor|0 fnt
|faint|p2a: Staraptor
|
|upkeep
|
|t:|1758971909
|switch|p2a: Okidogi|Okidogi, M|100/100
|turn|22
|
|t:|1758971916
|-terastallize|p1a: Rotom|Steel
|move|p2a: Okidogi|Gunk Shot|p1a: Rotom
|-immune|p1a: Rotom
|move|p1a: Rotom|Thunderbolt|p2a: Okidogi
|-damage|p2a: Okidogi|47/100
|
|upkeep
|turn|23
|
|t:|1758971924
|move|p2a: Okidogi|Close Combat|p1a: Rotom
|-supereffective|p1a: Rotom
|-damage|p1a: Rotom|0 fnt
|-unboost|p2a: Okidogi|def|1
|-unboost|p2a: Okidogi|spd|1
|faint|p1a: Rotom
|
|win|life is a paradox
|raw|lllllyu's rating: 1059 &rarr; <strong>1042</strong><br />(-17 for losing)
|raw|life is a paradox's rating: 1098 &rarr; <strong>1120</strong><br />(+22 for winning)
|l|☆lllllyu
|player|p1|
|l|☆life is a paradox
|player|p2|
