|j|☆dannyfanta
|j|☆haiph_247
|t:|1758999864
|gametype|singles
|player|p1|dannyfanta|proton|1155
|player|p2|haiph_247|ninjaboy|1201
|gen|9
|tier|[Gen 9] OU
|rated|
|rule|HP Percentage Mod: HP is shown in percentages
|rule|Endless Battle Clause: Forcing endless battles is banned
|rule|Species Clause: Limit one of each Pokémon
|rule|OHKO Clause: OHKO moves are banned
|rule|Evasion Items Clause: Evasion items are banned
|rule|Evasion Moves Clause: Evasion moves are banned
|rule|Evasion Abilities Clause: Evasion abilities are banned
|rule|Sleep Moves Clause: Sleep-inducing moves are banned
|clearpoke
|poke|p1|Rampardos, F|
|poke|p1|Glimmora, M|
|poke|p1|Murkrow, F|
|poke|p1|Raging Bolt|
|poke|p1|Alomomola, F|
|poke|p1|Kleavor, M|
|poke|p2|Pikachu, M|
|poke|p2|Keldeo-Resolute|
|poke|p2|Iron Treads|
|poke|p2|Moltres|
|poke|p2|Sinistcha|
|poke|p2|Slowking-Galar, F|
|teampreview
|inactive|Battle timer is ON: inactive players will automatically lose when time's up. (requested by haiph_247)
|
|t:|1758999884
|teamsize|p1|6
|teamsize|p2|6
|start
|switch|p1a: Glimmora|Glimmora, M|100/100
|switch|p2a: Pikachu|Pikachu, M|100/100
|turn|1
|
|t:|1758999896
|move|p2a: Pikachu|Volt Switch|p1a: Glimmora
|-damage|p1a: Glimmora|71/100
|
|t:|1758999900
|switch|p2a: Iron Treads|Iron Treads|100/100|[from] Volt Switch
|move|p1a: Glimmora|Sludge Wave|p2a: Iron Treads
|-immune|p2a: Iron Treads
|
|upkeep
|turn|2
|
|t:|1758999908
|switch|p1a: Alomomola|Alomomola, F|100/100
|move|p2a: Iron Treads|Stealth Rock|p1a: Alomomola
|-sidestart|p1: dannyfanta|move: Stealth Rock
|
|upkeep
|turn|3
|
|t:|1758999912
|move|p2a: Iron Treads|Knock Off|p1a: Alomomola
|-damage|p1a: Alomomola|87/100
|-enditem|p1a: Alomomola|Leftovers|[from] move: Knock Off|[of] p2a: Iron Treads
|move|p1a: Alomomola|Flip Turn|p2a: Iron Treads
|-supereffective|p2a: Iron Treads
|-damage|p2a: Iron Treads|77/100
|
|t:|1758999916
|switch|p1a: Glimmora|Glimmora, M|71/100|[from] Flip Turn
|-damage|p1a: Glimmora|58/100|[from] Stealth Rock
|
|-heal|p2a: Iron Treads|83/100|[from] item: Leftovers
|upkeep
|turn|4
|
|t:|1758999921
|move|p2a: Iron Treads|Earthquake|p1a: Glimmora
|-supereffective|p1a: Glimmora
|-damage|p1a: Glimmora|0 fnt
|-activate|p1a: Glimmora|ability: Toxic Debris
|-sidestart|p2: haiph_247|move: Toxic Spikes
|faint|p1a: Glimmora
|
|-heal|p2a: Iron Treads|89/100|[from] item: Leftovers
|upkeep
|
|t:|1758999935
|switch|p1a: Alomomola|Alomomola, F|100/100
|-damage|p1a: Alomomola|88/100|[from] Stealth Rock
|turn|5
|
|t:|1758999941
|-end|p2a: Iron Treads|Quark Drive|[silent]
|switch|p2a: Slowking|Slowking-Galar, F|100/100
|-sideend|p2: haiph_247|move: Toxic Spikes|[of] p2a: Slowking
|move|p1a: Alomomola|Flip Turn|p2a: Slowking
|-damage|p2a: Slowking|86/100
|
|t:|1758999948
|switch|p1a: Kleavor|Kleavor, M, shiny|100/100|[from] Flip Turn
|-damage|p1a: Kleavor|76/100|[from] Stealth Rock
|
|upkeep
|turn|6
|
|t:|1758999959
|move|p1a: Kleavor|Stone Axe|p2a: Slowking
|-damage|p2a: Slowking|1/100
|-sidestart|p2: haiph_247|move: Stealth Rock
|-prepare|p2a: Slowking|Chilly Reception|[premajor]
|move|p2a: Slowking|Chilly Reception|p2a: Slowking
|-weather|Snowscape
|
|t:|1758999968
|switch|p2a: Iron Treads|Iron Treads|89/100|[from] Chilly Reception
|-damage|p2a: Iron Treads|86/100|[from] Stealth Rock
|
|-weather|Snowscape|[upkeep]
|-heal|p2a: Iron Treads|92/100|[from] item: Leftovers
|upkeep
|turn|7
|
|t:|1758999976
|move|p1a: Kleavor|Stone Axe|p2a: Iron Treads
|-resisted|p2a: Iron Treads
|-damage|p2a: Iron Treads|78/100
|move|p2a: Iron Treads|Rapid Spin|p1a: Kleavor
|-resisted|p1a: Kleavor
|-damage|p1a: Kleavor|69/100
|-boost|p2a: Iron Treads|spe|1
|-sideend|p2: haiph_247|Stealth Rock|[from] move: Rapid Spin|[of] p2a: Iron Treads
|
|-weather|Snowscape|[upkeep]
|-heal|p2a: Iron Treads|84/100|[from] item: Leftovers
|upkeep
|turn|8
|
|t:|1758999981
|move|p2a: Iron Treads|Earthquake|p1a: Kleavor
|-damage|p1a: Kleavor|25/100
|move|p1a: Kleavor|Stone Axe|p2a: Iron Treads
|-resisted|p2a: Iron Treads
|-damage|p2a: Iron Treads|68/100
|-sidestart|p2: haiph_247|move: Stealth Rock
|
|-weather|Snowscape|[upkeep]
|-heal|p2a: Iron Treads|74/100|[from] item: Leftovers
|upkeep
|turn|9
|
|t:|1758999985
|switch|p1a: Murkrow|Murkrow, F, shiny|100/100
|-damage|p1a: Murkrow|76/100|[from] Stealth Rock
|move|p2a: Iron Treads|Rapid Spin|p1a: Murkrow
|-damage|p1a: Murkrow|61/100
|-boost|p2a: Iron Treads|spe|1
|-sideend|p2: haiph_247|Stealth Rock|[from] move: Rapid Spin|[of] p2a: Iron Treads
|
|-weather|Snowscape|[upkeep]
|-heal|p2a: Iron Treads|80/100|[from] item: Leftovers
|upkeep
|turn|10
|
|t:|1758999994
|move|p1a: Murkrow|Taunt|p2a: Iron Treads
|-start|p2a: Iron Treads|move: Taunt
|move|p2a: Iron Treads|Knock Off|p1a: Murkrow
|-resisted|p1a: Murkrow
|-damage|p1a: Murkrow|49/100
|-enditem|p1a: Murkrow|Eviolite|[from] move: Knock Off|[of] p2a: Iron Treads
|
|-weather|none
|-heal|p2a: Iron Treads|87/100|[from] item: Leftovers
|upkeep
|turn|11
|
|t:|1759000002
|-end|p2a: Iron Treads|Quark Drive|[silent]
|switch|p2a: Slowking|Slowking-Galar, F|34/100
|move|p1a: Murkrow|Tailwind|p1a: Murkrow
|-sidestart|p1: dannyfanta|move: Tailwind
|
|upkeep
|turn|12
|
|t:|1759000013
|switch|p2a: Iron Treads|Iron Treads|87/100
|move|p1a: Murkrow|Taunt|p2a: Iron Treads
|-start|p2a: Iron Treads|move: Taunt
|
|-heal|p2a: Iron Treads|93/100|[from] item: Leftovers
|upkeep
|turn|13
|
|t:|1759000038
|-end|p2a: Iron Treads|Quark Drive|[silent]
|switch|p2a: Slowking|Slowking-Galar, F|67/100
|move|p1a: Murkrow|Substitute|p1a: Murkrow
|-start|p1a: Murkrow|Substitute
|-damage|p1a: Murkrow|24/100
|
|upkeep
|turn|14
|
|t:|1759000043
|move|p1a: Murkrow|Sucker Punch|p2a: Slowking
|-supereffective|p2a: Slowking
|-damage|p2a: Slowking|23/100
|move|p2a: Slowking|Sludge Bomb|p1a: Murkrow
|-crit|p1a: Murkrow
|-end|p1a: Murkrow|Substitute
|
|-sideend|p1: dannyfanta|move: Tailwind
|upkeep
|turn|15
|
|t:|1759000056
|switch|p1a: Alomomola|Alomomola, F|100/100
|-damage|p1a: Alomomola|88/100|[from] Stealth Rock
|-prepare|p2a: Slowking|Chilly Reception|[premajor]
|move|p2a: Slowking|Chilly Reception|p2a: Slowking
|-weather|Snowscape
|
|t:|1759000059
|switch|p2a: Pikachu|Pikachu, M|100/100|[from] Chilly Reception
|
|-weather|Snowscape|[upkeep]
|upkeep
|turn|16
|
|t:|1759000079
|move|p1a: Alomomola|Protect|p1a: Alomomola
|-singleturn|p1a: Alomomola|Protect
|move|p2a: Pikachu|Volt Switch|p1a: Alomomola
|-activate|p1a: Alomomola|move: Protect
|
|-weather|Snowscape|[upkeep]
|upkeep
|turn|17
|
|t:|1759000086
|move|p2a: Pikachu|Volt Switch|p1a: Alomomola
|-supereffective|p1a: Alomomola
|-damage|p1a: Alomomola|20/100
|
|t:|1759000090
|switch|p2a: Slowking|Slowking-Galar, F|56/100|[from] Volt Switch
|move|p1a: Alomomola|Wish|p1a: Alomomola
|
|-weather|Snowscape|[upkeep]
|upkeep
|turn|18
|
|t:|1759000099
|move|p1a: Alomomola|Protect|p1a: Alomomola
|-singleturn|p1a: Alomomola|Protect
|move|p2a: Slowking|Sludge Bomb|p1a: Alomomola
|-activate|p1a: Alomomola|move: Protect
|
|-weather|Snowscape|[upkeep]
|-heal|p1a: Alomomola|70/100|[from] move: Wish|[wisher] Alomomola
|upkeep
|turn|19
|
|t:|1759000108
|move|p1a: Alomomola|Wish|p1a: Alomomola
|-prepare|p2a: Slowking|Chilly Reception|[premajor]
|move|p2a: Slowking|Chilly Reception|p2a: Slowking
|
|t:|1759000113
|switch|p2a: Pikachu|Pikachu, M|100/100|[from] Chilly Reception
|
|-weather|none
|upkeep
|turn|20
|
|t:|1759000142
|move|p2a: Pikachu|Thunderbolt|p1a: Alomomola
|-supereffective|p1a: Alomomola
|-damage|p1a: Alomomola|0 fnt
|faint|p1a: Alomomola
|
|upkeep
|
|t:|1759000146
|switch|p1a: Kleavor|Kleavor, M, shiny|25/100
|-damage|p1a: Kleavor|0 fnt|[from] Stealth Rock
|faint|p1a: Kleavor
|
|t:|1759000148
|switch|p1a: Murkrow|Murkrow, F, shiny|24/100
|-damage|p1a: Murkrow|0 fnt|[from] Stealth Rock
|faint|p1a: Murkrow
|
|t:|1759000151
|switch|p1a: Rampardos|Rampardos, F, shiny|100/100
|-damage|p1a: Rampardos|88/100|[from] Stealth Rock
|turn|21
|
|t:|1759000158
|move|p2a: Pikachu|Grass Knot|p1a: Rampardos
|-supereffective|p1a: Rampardos
|-crit|p1a: Rampardos
|-damage|p1a: Rampardos|0 fnt
|faint|p1a: Rampardos
|
|upkeep
|
|t:|1759000160
|switch|p1a: Raging Bolt|Raging Bolt|100/100
|-damage|p1a: Raging Bolt|88/100|[from] Stealth Rock
|-enditem|p1a: Raging Bolt|Booster Energy
|-activate|p1a: Raging Bolt|ability: Protosynthesis|[fromitem]
|-start|p1a: Raging Bolt|protosynthesisspa
|turn|22
|
|t:|1759000171
|move|p2a: Pikachu|Alluring Voice|p1a: Raging Bolt
|-supereffective|p1a: Raging Bolt
|-crit|p1a: Raging Bolt
|-damage|p1a: Raging Bolt|8/100
|move|p1a: Raging Bolt|Tera Blast|p2a: Pikachu
|-damage|p2a: Pikachu|0 fnt
|faint|p2a: Pikachu
|
|upkeep
|
|t:|1759000181
|switch|p2a: Keldeo|Keldeo-Resolute|100/100
|turn|23
|
|t:|1759000186
|move|p2a: Keldeo|Vacuum Wave|p1a: Raging Bolt
|-damage|p1a: Raging Bolt|0 fnt
|faint|p1a: Raging Bolt
|-end|p1a: Raging Bolt|Protosynthesis|[silent]
|
|win|haiph_247
|raw|dannyfanta's rating: 1155 &rarr; <strong>1133</strong><br />(-22 for losing)
|raw|haiph_247's rating: 1201 &rarr; <strong>1223</strong><br />(+22 for winning)
|l|☆dannyfanta
|player|p1|
|l|☆haiph_247
|player|p2|
