|j|☆RobustLoki
|j|☆nmx123
|t:|1758965356
|gametype|singles
|player|p1|RobustLoki|scientist|1556
|player|p2|nmx123|1|1627
|gen|9
|tier|[Gen 9] OU
|rated|
|rule|HP Percentage Mod: HP is shown in percentages
|rule|Endless Battle Clause: Forcing endless battles is banned
|rule|Species Clause: Limit one of each Pokémon
|rule|OHKO Clause: OHKO moves are banned
|rule|Evasion Items Clause: Evasion items are banned
|rule|Evasion Moves Clause: Evasion moves are banned
|rule|Evasion Abilities Clause: Evasion abilities are banned
|rule|Sleep Moves Clause: Sleep-inducing moves are banned
|clearpoke
|poke|p1|Tyranitar, F|
|poke|p1|Breloom, F|
|poke|p1|Iron Crown|
|poke|p1|Latios, M|
|poke|p1|Magnezone|
|poke|p1|Excadrill, M|
|poke|p2|Dragonite, M|
|poke|p2|Zamazenta-*|
|poke|p2|Gholdengo|
|poke|p2|Raging Bolt|
|poke|p2|Ninetales-Alola, M|
|poke|p2|Great Tusk|
|teampreview
|inactive|Battle timer is ON: inactive players will automatically lose when time's up. (requested by nmx123)
|
|t:|1758965363
|teamsize|p1|6
|teamsize|p2|6
|start
|switch|p1a: Breloom|Breloom, F|100/100
|switch|p2a: Gholdengo|Gholdengo|100/100
|turn|1
|
|t:|1758965372
|switch|p1a: Tyranitar|Tyranitar, F|100/100
|-weather|Sandstorm|[from] ability: Sand Stream|[of] p1a: Tyranitar
|move|p2a: Gholdengo|Shadow Ball|p1a: Tyranitar
|-resisted|p1a: Tyranitar
|-crit|p1a: Tyranitar
|-damage|p1a: Tyranitar|83/100
|
|-weather|Sandstorm|[upkeep]
|upkeep
|turn|2
|
|t:|1758965379
|switch|p2a: Great Tusk|Great Tusk|100/100
|move|p1a: Tyranitar|Knock Off|p2a: Great Tusk
|-resisted|p2a: Great Tusk
|-damage|p2a: Great Tusk|71/100
|-damage|p1a: Tyranitar|66/100|[from] item: Rocky Helmet|[of] p2a: Great Tusk
|-enditem|p2a: Great Tusk|Rocky Helmet|[from] move: Knock Off|[of] p1a: Tyranitar
|
|-weather|Sandstorm|[upkeep]
|upkeep
|turn|3
|
|t:|1758965390
|switch|p1a: Latios|Latios, M|100/100
|move|p2a: Great Tusk|Close Combat|p1a: Latios
|-resisted|p1a: Latios
|-damage|p1a: Latios|63/100
|-unboost|p2a: Great Tusk|def|1
|-unboost|p2a: Great Tusk|spd|1
|
|-weather|Sandstorm|[upkeep]
|-damage|p1a: Latios|57/100|[from] Sandstorm
|upkeep
|turn|4
|
|t:|1758965397
|-end|p2a: Great Tusk|Protosynthesis|[silent]
|switch|p2a: Gholdengo|Gholdengo|100/100
|move|p1a: Latios|Luster Purge|p2a: Gholdengo
|-resisted|p2a: Gholdengo
|-damage|p2a: Gholdengo|59/100
|-unboost|p2a: Gholdengo|spd|1
|
|-weather|Sandstorm|[upkeep]
|-damage|p1a: Latios|51/100|[from] Sandstorm
|upkeep
|turn|5
|
|t:|1758965403
|move|p2a: Gholdengo|Shadow Ball|p1a: Latios
|-supereffective|p1a: Latios
|-damage|p1a: Latios|0 fnt
|faint|p1a: Latios
|
|-weather|none
|upkeep
|
|t:|1758965406
|switch|p1a: Tyranitar|Tyranitar, F|66/100
|-weather|Sandstorm|[from] ability: Sand Stream|[of] p1a: Tyranitar
|turn|6
|
|t:|1758965410
|switch|p2a: Great Tusk|Great Tusk|71/100
|switch|p1a: Iron Crown|Iron Crown|100/100
|
|-weather|Sandstorm|[upkeep]
|upkeep
|turn|7
|
|t:|1758965419
|-terastallize|p2a: Great Tusk|Dark
|move|p1a: Iron Crown|Tachyon Cutter|p2a: Great Tusk
|-damage|p2a: Great Tusk|38/100
|-damage|p2a: Great Tusk|7/100
|-hitcount|p2a: Great Tusk|2
|move|p2a: Great Tusk|Knock Off|p1a: Iron Crown
|-supereffective|p1a: Iron Crown
|-damage|p1a: Iron Crown|7/100
|-enditem|p1a: Iron Crown|Choice Specs|[from] move: Knock Off|[of] p2a: Great Tusk
|
|-weather|Sandstorm|[upkeep]
|-damage|p2a: Great Tusk|1/100|[from] Sandstorm
|upkeep
|turn|8
|
|t:|1758965437
|move|p1a: Iron Crown|Volt Switch|p2a: Great Tusk
|-damage|p2a: Great Tusk|0 fnt
|faint|p2a: Great Tusk
|-end|p2a: Great Tusk|Protosynthesis|[silent]
|
|t:|1758965440
|-end|p1a: Iron Crown|Quark Drive|[silent]
|switch|p1a: Excadrill|Excadrill, M|100/100|[from] Volt Switch
|
|-weather|Sandstorm|[upkeep]
|upkeep
|
|t:|1758965443
|switch|p2a: Zamazenta|Zamazenta|100/100
|-ability|p2a: Zamazenta|Dauntless Shield|boost
|-boost|p2a: Zamazenta|def|1
|turn|9
|
|t:|1758965450
|switch|p1a: Breloom|Breloom, F|100/100
|move|p2a: Zamazenta|Iron Defense|p2a: Zamazenta
|-boost|p2a: Zamazenta|def|2
|
|-weather|Sandstorm|[upkeep]
|-damage|p1a: Breloom|94/100|[from] Sandstorm
|-damage|p2a: Zamazenta|94/100|[from] Sandstorm
|-heal|p2a: Zamazenta|100/100|[from] item: Leftovers
|upkeep
|turn|10
|
|t:|1758965453
|move|p1a: Breloom|Force Palm|p2a: Zamazenta
|-damage|p2a: Zamazenta|87/100
|-status|p2a: Zamazenta|par
|cant|p2a: Zamazenta|par
|
|-weather|none
|-heal|p2a: Zamazenta|93/100 par|[from] item: Leftovers
|upkeep
|turn|11
|
|t:|1758965458
|switch|p1a: Tyranitar|Tyranitar, F|66/100
|-weather|Sandstorm|[from] ability: Sand Stream|[of] p1a: Tyranitar
|move|p2a: Zamazenta|Body Press|p1a: Tyranitar
|-supereffective|p1a: Tyranitar
|-damage|p1a: Tyranitar|0 fnt
|faint|p1a: Tyranitar
|
|-weather|Sandstorm|[upkeep]
|-damage|p2a: Zamazenta|87/100 par|[from] Sandstorm
|-heal|p2a: Zamazenta|93/100 par|[from] item: Leftovers
|upkeep
|
|t:|1758965465
|switch|p1a: Iron Crown|Iron Crown|7/100
|turn|12
|
|t:|1758965469
|switch|p2a: Gholdengo|Gholdengo|59/100
|move|p1a: Iron Crown|Psychic Noise|p2a: Gholdengo
|-resisted|p2a: Gholdengo
|-damage|p2a: Gholdengo|35/100
|-start|p2a: Gholdengo|move: Heal Block
|
|-weather|Sandstorm|[upkeep]
|upkeep
|turn|13
|
|t:|1758965477
|move|p2a: Gholdengo|Shadow Ball|p1a: Iron Crown
|-supereffective|p1a: Iron Crown
|-damage|p1a: Iron Crown|0 fnt
|faint|p1a: Iron Crown
|-end|p1a: Iron Crown|Quark Drive|[silent]
|
|-weather|Sandstorm|[upkeep]
|-end|p2a: Gholdengo|move: Heal Block
|upkeep
|
|t:|1758965480
|switch|p1a: Excadrill|Excadrill, M|100/100
|turn|14
|
|t:|1758965495
|move|p1a: Excadrill|Iron Head|p2a: Gholdengo
|-resisted|p2a: Gholdengo
|-damage|p2a: Gholdengo|0 fnt
|faint|p2a: Gholdengo
|-damage|p1a: Excadrill|91/100|[from] item: Life Orb
|
|-weather|Sandstorm|[upkeep]
|upkeep
|
|t:|1758965497
|switch|p2a: Zamazenta|Zamazenta|93/100 par
|turn|15
|
|t:|1758965502
|-terastallize|p1a: Excadrill|Ground
|move|p1a: Excadrill|Swords Dance|p1a: Excadrill
|-boost|p1a: Excadrill|atk|2
|move|p2a: Zamazenta|Body Press|p1a: Excadrill
|-damage|p1a: Excadrill|27/100
|
|-weather|none
|-heal|p2a: Zamazenta|99/100 par|[from] item: Leftovers
|upkeep
|turn|16
|
|t:|1758965510
|move|p1a: Excadrill|Earthquake|p2a: Zamazenta
|-damage|p2a: Zamazenta|0 fnt
|faint|p2a: Zamazenta
|-damage|p1a: Excadrill|17/100|[from] item: Life Orb
|
|upkeep
|
|t:|1758965514
|switch|p2a: Dragonite|Dragonite, M|100/100
|turn|17
|
|t:|1758965516
|move|p2a: Dragonite|Extreme Speed|p1a: Excadrill
|-damage|p1a: Excadrill|0 fnt
|faint|p1a: Excadrill
|
|upkeep
|
|t:|1758965521
|switch|p1a: Magnezone|Magnezone|100/100
|-item|p1a: Magnezone|Air Balloon
|turn|18
|
|t:|1758965527
|move|p2a: Dragonite|Extreme Speed|p1a: Magnezone
|-resisted|p1a: Magnezone
|-damage|p1a: Magnezone|80/100
|-enditem|p1a: Magnezone|Air Balloon
|move|p1a: Magnezone|Discharge|p2a: Dragonite
|-damage|p2a: Dragonite|74/100
|
|upkeep
|turn|19
|
|t:|1758965532
|switch|p2a: Ninetales|Ninetales-Alola, M|100/100
|-weather|Snowscape|[from] ability: Snow Warning|[of] p2a: Ninetales
|switch|p1a: Breloom|Breloom, F|94/100
|
|-weather|Snowscape|[upkeep]
|upkeep
|turn|20
|
|t:|1758965535
|move|p1a: Breloom|Stone Edge|p2a: Ninetales
|-supereffective|p2a: Ninetales
|-damage|p2a: Ninetales|38/100
|move|p2a: Ninetales|Aurora Veil|p2a: Ninetales
|-sidestart|p2: nmx123|move: Aurora Veil
|
|-weather|Snowscape|[upkeep]
|upkeep
|turn|21
|
|t:|1758965539
|move|p1a: Breloom|Stone Edge|p2a: Ninetales
|-supereffective|p2a: Ninetales
|-damage|p2a: Ninetales|9/100
|move|p2a: Ninetales|Freeze-Dry|p1a: Breloom
|-supereffective|p1a: Breloom
|-damage|p1a: Breloom|13/100
|
|-weather|Snowscape|[upkeep]
|upkeep
|turn|22
|
|t:|1758965546
|move|p1a: Breloom|Stone Edge|p2a: Ninetales
|-supereffective|p2a: Ninetales
|-damage|p2a: Ninetales|0 fnt
|faint|p2a: Ninetales
|
|-weather|Snowscape|[upkeep]
|upkeep
|
|t:|1758965547
|switch|p2a: Raging Bolt|Raging Bolt|100/100
|turn|23
|
|t:|1758965550
|move|p2a: Raging Bolt|Thunderclap|p1a: Breloom
|-resisted|p1a: Breloom
|-damage|p1a: Breloom|0 fnt
|faint|p1a: Breloom
|-damage|p2a: Raging Bolt|91/100|[from] item: Life Orb
|
|-weather|none
|upkeep
|
|t:|1758965552
|switch|p1a: Magnezone|Magnezone|80/100
|turn|24
|
|t:|1758965561
|move|p2a: Raging Bolt|Thunderbolt|p1a: Magnezone
|-resisted|p1a: Magnezone
|-damage|p1a: Magnezone|45/100
|-damage|p2a: Raging Bolt|81/100|[from] item: Life Orb
|move|p1a: Magnezone|Flash Cannon|p2a: Raging Bolt
|-resisted|p2a: Raging Bolt
|-damage|p2a: Raging Bolt|68/100
|
|upkeep
|turn|25
|c|☆RobustLoki|gg
|
|t:|1758965572
|move|p2a: Raging Bolt|Draco Meteor|p1a: Magnezone
|-resisted|p1a: Magnezone
|-damage|p1a: Magnezone|0 fnt
|-unboost|p2a: Raging Bolt|spa|2
|faint|p1a: Magnezone
|-damage|p2a: Raging Bolt|58/100|[from] item: Life Orb
|
|win|nmx123
|raw|RobustLoki's rating: 1556 &rarr; <strong>1540</strong><br />(-16 for losing)
|raw|nmx123's rating: 1627 &rarr; <strong>1643</strong><br />(+16 for winning)
|l|☆RobustLoki
|player|p1|
|l|☆nmx123
|player|p2|
