|j|☆Kaleax
|j|☆TrentMercer
|t:|1758966541
|gametype|singles
|player|p1|Kaleax|miku-ghost|1581
|player|p2|TrentMercer|n|1571
|gen|9
|tier|[Gen 9] OU
|rated|
|rule|HP Percentage Mod: HP is shown in percentages
|rule|Endless Battle Clause: Forcing endless battles is banned
|rule|Species Clause: Limit one of each Pokémon
|rule|OHKO Clause: OHKO moves are banned
|rule|Evasion Items Clause: Evasion items are banned
|rule|Evasion Moves Clause: Evasion moves are banned
|rule|Evasion Abilities Clause: Evasion abilities are banned
|rule|Sleep Moves Clause: Sleep-inducing moves are banned
|clearpoke
|poke|p1|Ninetales-Alola, F|
|poke|p1|Kyurem|
|poke|p1|Kingambit, F|
|poke|p1|Thundurus-Therian, M|
|poke|p1|Hatterene, F|
|poke|p1|Ceruledge, M|
|poke|p2|Great Tusk|
|poke|p2|Slowking-Galar, M|
|poke|p2|Cinderace, M|
|poke|p2|Crawdaunt, M|
|poke|p2|Zapdos|
|poke|p2|Gholdengo|
|teampreview
|
|t:|1758966566
|teamsize|p1|6
|teamsize|p2|6
|start
|switch|p1a: Ninetales|Ninetales-Alola, F|100/100
|switch|p2a: Cinderace|Cinderace, M|100/100
|-weather|Snowscape|[from] ability: Snow Warning|[of] p1a: Ninetales
|turn|1
|inactive|Battle timer is ON: inactive players will automatically lose when time's up. (requested by TrentMercer)
|
|t:|1758966589
|switch|p1a: Ceruledge|Ceruledge, M|100/100
|move|p2a: Cinderace|U-turn|p1a: Ceruledge
|-start|p2a: Cinderace|typechange|Bug|[from] ability: Libero
|-resisted|p1a: Ceruledge
|-damage|p1a: Ceruledge|91/100
|
|t:|1758966610
|switch|p2a: Gholdengo|Gholdengo|100/100|[from] U-turn
|
|-weather|Snowscape|[upkeep]
|upkeep
|turn|2
|
|t:|1758966630
|switch|p1a: Kingambit|Kingambit, F|100/100
|move|p2a: Gholdengo|Shadow Ball|p1a: Kingambit
|-resisted|p1a: Kingambit
|-damage|p1a: Kingambit|76/100
|
|-weather|Snowscape|[upkeep]
|-heal|p1a: Kingambit|82/100|[from] item: Leftovers
|upkeep
|turn|3
|j| Tidk
|
|t:|1758966647
|switch|p2a: Zapdos|Zapdos|100/100
|-end|p1a: Kingambit|fallenundefined|[silent]
|switch|p1a: Ninetales|Ninetales-Alola, F|100/100
|
|-weather|Snowscape|[upkeep]
|upkeep
|turn|4
|
|t:|1758966658
|move|p1a: Ninetales|Freeze-Dry|p2a: Zapdos
|-supereffective|p2a: Zapdos
|-damage|p2a: Zapdos|64/100
|move|p2a: Zapdos|Volt Switch|p1a: Ninetales
|-damage|p1a: Ninetales|73/100
|
|t:|1758966665
|switch|p2a: Cinderace|Cinderace, M|100/100|[from] Volt Switch
|
|-weather|Snowscape|[upkeep]
|upkeep
|turn|5
|
|t:|1758966670
|switch|p1a: Ceruledge|Ceruledge, M|91/100
|move|p2a: Cinderace|Pyro Ball|p1a: Ceruledge
|-start|p1a: Ceruledge|ability: Flash Fire
|
|-weather|none
|upkeep
|turn|6
|
|t:|1758966680
|move|p2a: Cinderace|U-turn|p1a: Ceruledge
|-start|p2a: Cinderace|typechange|Bug|[from] ability: Libero
|-resisted|p1a: Ceruledge
|-damage|p1a: Ceruledge|83/100
|
|t:|1758966682
|switch|p2a: Zapdos|Zapdos|64/100|[from] U-turn
|move|p1a: Ceruledge|Bitter Blade|p2a: Zapdos
|-damage|p2a: Zapdos|22/100
|-heal|p1a: Ceruledge|100/100|[from] drain|[of] p2a: Zapdos
|
|upkeep
|turn|7
|
|t:|1758966693
|move|p2a: Zapdos|Roost|p2a: Zapdos
|-heal|p2a: Zapdos|72/100
|-singleturn|p2a: Zapdos|move: Roost
|move|p1a: Ceruledge|Bulk Up|p1a: Ceruledge
|-boost|p1a: Ceruledge|atk|1
|-boost|p1a: Ceruledge|def|1
|
|upkeep
|turn|8
|
|t:|1758966698
|move|p2a: Zapdos|Thunder Wave|p1a: Ceruledge
|-status|p1a: Ceruledge|par
|cant|p1a: Ceruledge|par
|
|upkeep
|turn|9
|
|t:|1758966704
|move|p2a: Zapdos|Volt Switch|p1a: Ceruledge
|-damage|p1a: Ceruledge|76/100 par
|
|t:|1758966707
|switch|p2a: Crawdaunt|Crawdaunt, M|100/100|[from] Volt Switch
|cant|p1a: Ceruledge|par
|
|upkeep
|turn|10
|
|t:|1758966724
|-end|p1a: Ceruledge|ability: Flash Fire|[silent]
|switch|p1a: Kingambit|Kingambit, F|82/100
|move|p2a: Crawdaunt|Aqua Jet|p1a: Kingambit
|-damage|p1a: Kingambit|43/100
|
|-heal|p1a: Kingambit|49/100|[from] item: Leftovers
|upkeep
|turn|11
|
|t:|1758966734
|-terastallize|p2a: Crawdaunt|Water
|move|p2a: Crawdaunt|Aqua Jet|p1a: Kingambit
|-damage|p1a: Kingambit|9/100
|move|p1a: Kingambit|Low Kick|p2a: Crawdaunt
|-damage|p2a: Crawdaunt|68/100
|
|-heal|p1a: Kingambit|15/100|[from] item: Leftovers
|upkeep
|turn|12
|
|t:|1758966741
|-end|p1a: Kingambit|fallenundefined|[silent]
|switch|p1a: Ninetales|Ninetales-Alola, F|73/100
|-weather|Snowscape|[from] ability: Snow Warning|[of] p1a: Ninetales
|move|p2a: Crawdaunt|Aqua Jet|p1a: Ninetales
|-damage|p1a: Ninetales|36/100
|
|-weather|Snowscape|[upkeep]
|upkeep
|turn|13
|
|t:|1758966748
|switch|p1a: Kyurem|Kyurem|100/100
|-ability|p1a: Kyurem|Pressure
|move|p2a: Crawdaunt|Aqua Jet|p1a: Kyurem
|-resisted|p1a: Kyurem
|-damage|p1a: Kyurem|84/100
|
|-weather|Snowscape|[upkeep]
|upkeep
|turn|14
|
|t:|1758966752
|switch|p2a: Gholdengo|Gholdengo|100/100
|move|p1a: Kyurem|Scale Shot|p2a: Gholdengo
|-resisted|p2a: Gholdengo
|-damage|p2a: Gholdengo|93/100
|-resisted|p2a: Gholdengo
|-damage|p2a: Gholdengo|86/100
|-resisted|p2a: Gholdengo
|-damage|p2a: Gholdengo|78/100
|-resisted|p2a: Gholdengo
|-damage|p2a: Gholdengo|71/100
|-resisted|p2a: Gholdengo
|-damage|p2a: Gholdengo|64/100
|-hitcount|p2a: Gholdengo|5
|-unboost|p1a: Kyurem|def|1
|-boost|p1a: Kyurem|spe|1
|
|-weather|Snowscape|[upkeep]
|upkeep
|turn|15
|
|t:|1758966760
|switch|p1a: Kingambit|Kingambit, F|15/100
|move|p2a: Gholdengo|Make It Rain|p1a: Kingambit
|-resisted|p1a: Kingambit
|-damage|p1a: Kingambit|0 fnt
|-unboost|p2a: Gholdengo|spa|1
|faint|p1a: Kingambit
|-end|p1a: Kingambit|fallenundefined|[silent]
|
|-weather|Snowscape|[upkeep]
|upkeep
|
|t:|1758966766
|switch|p1a: Thundurus|Thundurus-Therian, M|100/100
|turn|16
|
|t:|1758966770
|switch|p2a: Slowking|Slowking-Galar, M|100/100
|move|p1a: Thundurus|Agility|p1a: Thundurus
|-boost|p1a: Thundurus|spe|2
|
|-weather|none
|upkeep
|turn|17
|
|t:|1758966775
|move|p1a: Thundurus|Nasty Plot|p1a: Thundurus
|-boost|p1a: Thundurus|spa|2
|move|p2a: Slowking|Ice Beam|p1a: Thundurus
|-supereffective|p1a: Thundurus
|-damage|p1a: Thundurus|25/100
|
|upkeep
|turn|18
|
|t:|1758966781
|move|p1a: Thundurus|Thunderbolt|p2a: Slowking
|-damage|p2a: Slowking|48/100
|move|p2a: Slowking|Sludge Bomb|p1a: Thundurus
|-damage|p1a: Thundurus|0 fnt
|faint|p1a: Thundurus
|
|upkeep
|
|t:|1758966793
|switch|p1a: Kyurem|Kyurem|84/100
|-ability|p1a: Kyurem|Pressure
|turn|19
|
|t:|1758966802
|move|p1a: Kyurem|Icicle Spear|p2a: Slowking
|-damage|p2a: Slowking|34/100
|-damage|p2a: Slowking|21/100
|-damage|p2a: Slowking|6/100
|-crit|p2a: Slowking
|-damage|p2a: Slowking|0 fnt
|faint|p2a: Slowking
|-hitcount|p2: Slowking|4
|
|upkeep
|
|t:|1758966811
|switch|p2a: Gholdengo|Gholdengo|64/100
|turn|20
|
|t:|1758966815
|switch|p1a: Ceruledge|Ceruledge, M|76/100 par
|move|p2a: Gholdengo|Shadow Ball|p1a: Ceruledge
|-supereffective|p1a: Ceruledge
|-damage|p1a: Ceruledge|11/100 par
|
|upkeep
|turn|21
|
|t:|1758966819
|move|p1a: Ceruledge|Shadow Sneak|p2a: Gholdengo
|-supereffective|p2a: Gholdengo
|-damage|p2a: Gholdengo|24/100
|move|p2a: Gholdengo|Shadow Ball|p1a: Ceruledge
|-supereffective|p1a: Ceruledge
|-damage|p1a: Ceruledge|0 fnt
|faint|p1a: Ceruledge
|
|upkeep
|
|t:|1758966832
|switch|p1a: Hatterene|Hatterene, F|100/100
|turn|22
|
|t:|1758966841
|move|p2a: Gholdengo|Shadow Ball|p1a: Hatterene
|-supereffective|p1a: Hatterene
|-damage|p1a: Hatterene|16/100
|move|p1a: Hatterene|Mystical Fire|p2a: Gholdengo
|-supereffective|p2a: Gholdengo
|-damage|p2a: Gholdengo|0 fnt
|faint|p2a: Gholdengo
|
|-heal|p1a: Hatterene|22/100|[from] item: Leftovers
|upkeep
|
|t:|1758966846
|switch|p2a: Cinderace|Cinderace, M|100/100
|turn|23
|
|t:|1758966850
|move|p2a: Cinderace|Pyro Ball|p1a: Hatterene
|-damage|p1a: Hatterene|0 fnt
|faint|p1a: Hatterene
|
|upkeep
|
|t:|1758966853
|switch|p1a: Kyurem|Kyurem|84/100
|-ability|p1a: Kyurem|Pressure
|turn|24
|
|t:|1758966865
|-terastallize|p1a: Kyurem|Fire
|move|p2a: Cinderace|High Jump Kick|p1a: Kyurem
|-start|p2a: Cinderace|typechange|Fighting|[from] ability: Libero
|-damage|p1a: Kyurem|25/100
|move|p1a: Kyurem|Dragon Dance|p1a: Kyurem
|-boost|p1a: Kyurem|atk|1
|-boost|p1a: Kyurem|spe|1
|
|upkeep
|turn|25
|
|t:|1758966872
|move|p1a: Kyurem|Icicle Spear|p2a: Cinderace
|-damage|p2a: Cinderace|72/100
|-damage|p2a: Cinderace|45/100
|-damage|p2a: Cinderace|18/100
|-damage|p2a: Cinderace|0 fnt
|faint|p2a: Cinderace
|-hitcount|p2: Cinderace|4
|
|upkeep
|
|t:|1758966874
|switch|p2a: Crawdaunt|Crawdaunt, M, tera:Water|68/100
|turn|26
|
|t:|1758966879
|switch|p1a: Ninetales|Ninetales-Alola, F|36/100
|-weather|Snowscape|[from] ability: Snow Warning|[of] p1a: Ninetales
|move|p2a: Crawdaunt|Aqua Jet|p1a: Ninetales
|-damage|p1a: Ninetales|0 fnt
|faint|p1a: Ninetales
|
|-weather|Snowscape|[upkeep]
|upkeep
|c|☆Kaleax|gg
|-message|Kaleax forfeited.
|
|win|TrentMercer
|raw|Kaleax's rating: 1581 &rarr; <strong>1560</strong><br />(-21 for losing)
|raw|TrentMercer's rating: 1571 &rarr; <strong>1592</strong><br />(+21 for winning)
|c|☆TrentMercer|gg
|l|☆Kaleax
|player|p1|
|l|☆TrentMercer
|player|p2|
|l| Tidk
