|j|☆noahthebadplayer
|j|☆Luleser
|t:|1759035758
|gametype|singles
|player|p1|noahthebadplayer|170|1189
|player|p2|Luleser|1|1186
|gen|9
|tier|[Gen 9] OU
|rated|
|rule|HP Percentage Mod: HP is shown in percentages
|rule|Endless Battle Clause: Forcing endless battles is banned
|rule|Species Clause: Limit one of each Pokémon
|rule|OHKO Clause: OHKO moves are banned
|rule|Evasion Items Clause: Evasion items are banned
|rule|Evasion Moves Clause: Evasion moves are banned
|rule|Evasion Abilities Clause: Evasion abilities are banned
|rule|Sleep Moves Clause: Sleep-inducing moves are banned
|clearpoke
|poke|p1|Politoed, M|
|poke|p1|Ogerpon-Wellspring, F|
|poke|p1|Tornadus-Therian, M|
|poke|p1|Scizor, F|
|poke|p1|Iron Hands|
|poke|p1|Ludicolo, F|
|poke|p2|Alomomola, F|
|poke|p2|Clefable, F|
|poke|p2|Sinistcha|
|poke|p2|Jolteon, M|
|poke|p2|Forretress, F|
|poke|p2|Ting-Lu|
|teampreview
|c|☆noahthebadplayer|Glhf
|inactive|Battle timer is ON: inactive players will automatically lose when time's up. (requested by noahthebadplayer)
|
|t:|1759035774
|teamsize|p1|6
|teamsize|p2|6
|start
|switch|p1a: Iron Hands|Iron Hands|100/100
|switch|p2a: Ting-Lu|Ting-Lu|100/100
|-ability|p2a: Ting-Lu|Vessel of Ruin
|turn|1
|
|t:|1759035783
|-end|p1a: Iron Hands|Quark Drive|[silent]
|switch|p1a: Tornadus|Tornadus-Therian, M|100/100
|move|p2a: Ting-Lu|Stealth Rock|p1a: Tornadus
|-sidestart|p1: noahthebadplayer|move: Stealth Rock
|
|upkeep
|turn|2
|
|t:|1759035796
|switch|p2a: Clefable|Clefable, F|100/100
|move|p1a: Tornadus|Bleakwind Storm|p2a: Clefable|[miss]
|-miss|p1a: Tornadus|p2a: Clefable
|
|upkeep
|turn|3
|
|t:|1759035817
|move|p1a: Tornadus|Nasty Plot|p1a: Tornadus
|-boost|p1a: Tornadus|spa|2
|move|p2a: Clefable|Thunder Wave|p1a: Tornadus
|-status|p1a: Tornadus|par
|
|upkeep
|turn|4
|
|t:|1759035824
|move|p1a: Tornadus|Sludge Bomb|p2a: Clefable
|-supereffective|p2a: Clefable
|-damage|p2a: Clefable|60/100
|move|p2a: Clefable|Light Screen|p2a: Clefable
|-sidestart|p2: Luleser|move: Light Screen
|
|upkeep
|turn|5
|
|t:|1759035833
|switch|p1a: Scizor|Scizor, F|100/100
|-damage|p1a: Scizor|88/100|[from] Stealth Rock
|move|p2a: Clefable|Reflect|p2a: Clefable
|-sidestart|p2: Luleser|Reflect
|
|upkeep
|turn|6
|
|t:|1759035846
|switch|p2a: Forretress|Forretress, F|100/100
|move|p1a: Scizor|Swords Dance|p1a: Scizor
|-boost|p1a: Scizor|atk|2
|
|upkeep
|turn|7
|
|t:|1759035856
|move|p1a: Scizor|Trailblaze|p2a: Forretress
|-resisted|p2a: Forretress
|-damage|p2a: Forretress|94/100
|-boost|p1a: Scizor|spe|1
|-damage|p1a: Scizor|78/100|[from] item: Life Orb
|move|p2a: Forretress|Body Press|p1a: Scizor
|-damage|p1a: Scizor|48/100
|
|upkeep
|turn|8
|
|t:|1759035871
|move|p1a: Scizor|Swords Dance|p1a: Scizor
|-boost|p1a: Scizor|atk|2
|move|p2a: Forretress|Body Press|p1a: Scizor
|-damage|p1a: Scizor|17/100
|
|upkeep
|turn|9
|
|t:|1759035883
|move|p1a: Scizor|Close Combat|p2a: Forretress
|-damage|p2a: Forretress|25/100
|-unboost|p1a: Scizor|def|1
|-unboost|p1a: Scizor|spd|1
|-damage|p1a: Scizor|7/100|[from] item: Life Orb
|move|p2a: Forretress|Body Press|p1a: Scizor
|-damage|p1a: Scizor|0 fnt
|faint|p1a: Scizor
|
|upkeep
|
|t:|1759035893
|switch|p1a: Iron Hands|Iron Hands|100/100
|-damage|p1a: Iron Hands|94/100|[from] Stealth Rock
|turn|10
|
|t:|1759035906
|switch|p2a: Sinistcha|Sinistcha|100/100
|move|p1a: Iron Hands|Belly Drum|p1a: Iron Hands
|-damage|p1a: Iron Hands|44/100
|-setboost|p1a: Iron Hands|atk|6|[from] move: Belly Drum
|-enditem|p1a: Iron Hands|Sitrus Berry|[eat]
|-heal|p1a: Iron Hands|69/100|[from] item: Sitrus Berry
|
|upkeep
|turn|11
|
|t:|1759035919
|move|p2a: Sinistcha|Strength Sap|p1a: Iron Hands
|-unboost|p1a: Iron Hands|atk|1
|move|p1a: Iron Hands|Supercell Slam|p2a: Sinistcha
|-resisted|p2a: Sinistcha
|-damage|p2a: Sinistcha|56/100
|
|-sideend|p2: Luleser|move: Light Screen
|upkeep
|turn|12
|
|t:|1759035929
|move|p2a: Sinistcha|Matcha Gotcha|p1a: Iron Hands
|-damage|p1a: Iron Hands|19/100
|-heal|p2a: Sinistcha|100/100|[from] drain|[of] p1a: Iron Hands
|-damage|p2a: Sinistcha|91/100|[from] item: Life Orb
|move|p1a: Iron Hands|Supercell Slam|p2a: Sinistcha
|-resisted|p2a: Sinistcha
|-damage|p2a: Sinistcha|39/100
|
|-sideend|p2: Luleser|Reflect
|upkeep
|turn|13
|
|t:|1759035940
|move|p2a: Sinistcha|Shadow Ball|p1a: Iron Hands
|-damage|p1a: Iron Hands|0 fnt
|faint|p1a: Iron Hands
|-end|p1a: Iron Hands|Quark Drive|[silent]
|-damage|p2a: Sinistcha|29/100|[from] item: Life Orb
|
|upkeep
|
|t:|1759035946
|switch|p1a: Ogerpon|Ogerpon-Wellspring, F|100/100
|-damage|p1a: Ogerpon|88/100|[from] Stealth Rock
|turn|14
|
|t:|1759035955
|move|p1a: Ogerpon|Knock Off|p2a: Sinistcha
|-supereffective|p2a: Sinistcha
|-damage|p2a: Sinistcha|0 fnt
|-enditem|p2a: Sinistcha|Life Orb|[from] move: Knock Off|[of] p1a: Ogerpon
|faint|p2a: Sinistcha
|
|upkeep
|
|t:|1759035967
|switch|p2a: Jolteon|Jolteon, M|100/100
|turn|15
|l|☆noahthebadplayer
|inactive|noahthebadplayer disconnected and has a minute to reconnect!
|player|p1|
|inactive|noahthebadplayer has 30 seconds to reconnect!
|j|☆noahthebadplayer
|inactive|noahthebadplayer reconnected and has 120 seconds left.
|player|p1|noahthebadplayer|170|
|
|t:|1759036001
|switch|p1a: Politoed|Politoed, M|100/100
|-damage|p1a: Politoed|88/100|[from] Stealth Rock
|-weather|RainDance|[from] ability: Drizzle|[of] p1a: Politoed
|move|p2a: Jolteon|Discharge|p1a: Politoed
|-supereffective|p1a: Politoed
|-damage|p1a: Politoed|0 fnt
|faint|p1a: Politoed
|
|-weather|RainDance|[upkeep]
|upkeep
|inactive|noahthebadplayer has 120 seconds left.
|
|t:|1759036008
|switch|p1a: Ludicolo|Ludicolo, F|100/100
|-damage|p1a: Ludicolo|88/100|[from] Stealth Rock
|turn|16
|
|t:|1759036035
|move|p1a: Ludicolo|Weather Ball|p2a: Jolteon
|-damage|p2a: Jolteon|0 fnt
|faint|p2a: Jolteon
|
|-weather|RainDance|[upkeep]
|upkeep
|
|t:|1759036045
|switch|p2a: Ting-Lu|Ting-Lu|100/100
|-ability|p2a: Ting-Lu|Vessel of Ruin
|turn|17
|
|t:|1759036050
|-terastallize|p2a: Ting-Lu|Ghost
|move|p1a: Ludicolo|Weather Ball|p2a: Ting-Lu
|-damage|p2a: Ting-Lu|51/100
|move|p2a: Ting-Lu|Spikes|p1a: Ludicolo
|-sidestart|p1: noahthebadplayer|Spikes
|
|-weather|RainDance|[upkeep]
|-heal|p2a: Ting-Lu|58/100|[from] item: Leftovers
|upkeep
|turn|18
|
|t:|1759036061
|move|p1a: Ludicolo|Weather Ball|p2a: Ting-Lu
|-damage|p2a: Ting-Lu|12/100
|move|p2a: Ting-Lu|Spikes|p1a: Ludicolo
|-sidestart|p1: noahthebadplayer|Spikes
|
|-weather|RainDance|[upkeep]
|-heal|p2a: Ting-Lu|19/100|[from] item: Leftovers
|upkeep
|turn|19
|
|t:|1759036077
|move|p1a: Ludicolo|Weather Ball|p2a: Ting-Lu
|-damage|p2a: Ting-Lu|0 fnt
|faint|p2a: Ting-Lu
|
|-weather|RainDance|[upkeep]
|upkeep
|inactive|Luleser has 120 seconds left.
|
|t:|1759036092
|switch|p2a: Alomomola|Alomomola, F|100/100
|turn|20
|
|t:|1759036096
|switch|p1a: Ogerpon|Ogerpon-Wellspring, F|88/100
|-damage|p1a: Ogerpon|76/100|[from] Stealth Rock
|-damage|p1a: Ogerpon|59/100|[from] Spikes
|move|p2a: Alomomola|Wish|p2a: Alomomola
|
|-weather|RainDance|[upkeep]
|upkeep
|turn|21
|inactive|Luleser has 120 seconds left.
|
|t:|1759036116
|move|p1a: Ogerpon|Swords Dance|p1a: Ogerpon
|-boost|p1a: Ogerpon|atk|2
|move|p2a: Alomomola|Shadow Ball|p1a: Ogerpon
|-damage|p1a: Ogerpon|49/100
|
|-weather|RainDance|[upkeep]
|upkeep
|turn|22
|
|t:|1759036124
|move|p1a: Ogerpon|Horn Leech|p2a: Alomomola
|-supereffective|p2a: Alomomola
|-damage|p2a: Alomomola|14/100
|-heal|p1a: Ogerpon|100/100|[from] drain|[of] p2a: Alomomola
|move|p2a: Alomomola|Shadow Ball|p1a: Ogerpon
|-damage|p1a: Ogerpon|89/100
|
|-weather|none
|upkeep
|turn|23
|
|t:|1759036133
|move|p1a: Ogerpon|Horn Leech|p2a: Alomomola
|-supereffective|p2a: Alomomola
|-damage|p2a: Alomomola|0 fnt
|-heal|p1a: Ogerpon|100/100|[from] drain|[of] p2a: Alomomola
|faint|p2a: Alomomola
|
|upkeep
|
|t:|1759036144
|switch|p2a: Clefable|Clefable, F|60/100
|turn|24
|
|t:|1759036151
|move|p1a: Ogerpon|Ivy Cudgel|p2a: Clefable|[anim] Ivy Cudgel Water
|-damage|p2a: Clefable|0 fnt
|faint|p2a: Clefable
|
|upkeep
|-message|Luleser forfeited.
|
|win|noahthebadplayer
|raw|noahthebadplayer's rating: 1189 &rarr; <strong>1214</strong><br />(+25 for winning)
|raw|Luleser's rating: 1186 &rarr; <strong>1161</strong><br />(-25 for losing)
