|j|☆missingyat
|j|☆loulsaiyantests
|t:|1759066760
|gametype|singles
|player|p1|missingyat|clerk|1106
|player|p2|loulsaiyantests|hiker-gen4|1146
|gen|9
|tier|[Gen 9] OU
|rated|
|rule|HP Percentage Mod: HP is shown in percentages
|rule|Endless Battle Clause: Forcing endless battles is banned
|rule|Species Clause: Limit one of each Pokémon
|rule|OHKO Clause: OHKO moves are banned
|rule|Evasion Items Clause: Evasion items are banned
|rule|Evasion Moves Clause: Evasion moves are banned
|rule|Evasion Abilities Clause: Evasion abilities are banned
|rule|Sleep Moves Clause: Sleep-inducing moves are banned
|clearpoke
|poke|p1|Komala, F|
|poke|p1|Granbull, F|
|poke|p1|Oricorio-Sensu, M|
|poke|p1|Quaquaval, M|
|poke|p1|Conkeldurr, F|
|poke|p1|Galvantula, F|
|poke|p2|Regice|
|poke|p2|Ribombee, M|
|poke|p2|Dragapult, M|
|poke|p2|Kingambit, M|
|poke|p2|Iron Valiant|
|poke|p2|Great Tusk|
|teampreview
|inactive|Battle timer is ON: inactive players will automatically lose when time's up. (requested by loulsaiyantests)
|c|☆loulsaiyantests|glhf
|c|☆missingyat|glhf
|
|t:|1759066772
|teamsize|p1|6
|teamsize|p2|6
|start
|switch|p1a: Granbull|Granbull, F|100/100
|switch|p2a: MielPops|Ribombee, M, shiny|100/100
|-ability|p1a: Granbull|Intimidate|boost
|-unboost|p2a: MielPops|atk|1
|turn|1
|
|t:|1759066783
|move|p2a: MielPops|Sticky Web|p1a: Granbull
|-sidestart|p1: missingyat|move: Sticky Web
|move|p1a: Granbull|Ice Fang|p2a: MielPops
|-damage|p2a: MielPops|67/100
|
|upkeep
|turn|2
|
|t:|1759066790
|move|p2a: MielPops|Reflect|p2a: MielPops
|-sidestart|p2: loulsaiyantests|Reflect
|move|p1a: Granbull|Ice Fang|p2a: MielPops
|-crit|p2a: MielPops
|-damage|p2a: MielPops|14/100
|
|upkeep
|turn|3
|
|t:|1759066795
|move|p2a: MielPops|Light Screen|p2a: MielPops
|-sidestart|p2: loulsaiyantests|move: Light Screen
|move|p1a: Granbull|Play Rough|p2a: MielPops|[miss]
|-miss|p1a: Granbull|p2a: MielPops
|
|upkeep
|turn|4
|
|t:|1759066804
|move|p2a: MielPops|Reflect||[still]
|-fail|p2a: MielPops
|move|p1a: Granbull|Play Rough|p2a: MielPops
|-damage|p2a: MielPops|0 fnt
|faint|p2a: MielPops
|
|upkeep
|
|t:|1759066816
|switch|p2a: Choi|Kingambit, M, shiny|100/100
|-activate|p2a: Choi|ability: Supreme Overlord
|-start|p2a: Choi|fallen1|[silent]
|turn|5
|
|t:|1759066821
|move|p2a: Choi|Swords Dance|p2a: Choi
|-boost|p2a: Choi|atk|2
|move|p1a: Granbull|Earthquake|p2a: Choi
|-supereffective|p2a: Choi
|-damage|p2a: Choi|75/100
|
|-heal|p2a: Choi|81/100|[from] item: Leftovers
|upkeep
|turn|6
|
|t:|1759066829
|move|p2a: Choi|Iron Head|p1a: Granbull
|-supereffective|p1a: Granbull
|-damage|p1a: Granbull|0 fnt
|faint|p1a: Granbull
|
|-heal|p2a: Choi|88/100|[from] item: Leftovers
|upkeep
|
|t:|1759066841
|switch|p1a: Slizzy|Komala, F, shiny|100/100
|-activate|p1a: Slizzy|move: Sticky Web
|-unboost|p1a: Slizzy|spe|1
|-ability|p1a: Slizzy|Comatose
|turn|7
|
|t:|1759066847
|move|p2a: Choi|Kowtow Cleave|p1a: Slizzy
|-damage|p1a: Slizzy|0 fnt
|faint|p1a: Slizzy
|
|-heal|p2a: Choi|94/100|[from] item: Leftovers
|upkeep
|
|t:|1759066862
|switch|p1a: Conkeldurr|Conkeldurr, F|100/100
|-activate|p1a: Conkeldurr|move: Sticky Web
|-unboost|p1a: Conkeldurr|spe|1
|turn|8
|
|t:|1759066868
|-terastallize|p2a: Choi|Fairy
|move|p1a: Conkeldurr|Dynamic Punch|p2a: Choi|[miss]
|-miss|p1a: Conkeldurr|p2a: Choi
|-enditem|p1a: Conkeldurr|Blunder Policy
|-boost|p1a: Conkeldurr|spe|2
|move|p2a: Choi|Iron Head|p1a: Conkeldurr
|-damage|p1a: Conkeldurr|0 fnt
|faint|p1a: Conkeldurr
|
|-heal|p2a: Choi|99/100|[from] item: Leftovers
|upkeep
|-message|missingyat forfeited.
|
|win|loulsaiyantests
|raw|missingyat's rating: 1106 &rarr; <strong>1084</strong><br />(-22 for losing)
|raw|loulsaiyantests's rating: 1146 &rarr; <strong>1168</strong><br />(+22 for winning)
|l|☆missingyat
|player|p1|
|c|☆loulsaiyantests|gg
|l|☆loulsaiyantests
|player|p2|
