|j|☆soupedcan
|j|☆MacargoMacarronni
|t:|1758941453
|gametype|singles
|player|p1|soupedcan|miku-flying|1403
|player|p2|MacargoMacarronni|1|1387
|gen|9
|tier|[Gen 9] OU
|rated|
|rule|HP Percentage Mod: HP is shown in percentages
|rule|Endless Battle Clause: Forcing endless battles is banned
|rule|Species Clause: Limit one of each Pokémon
|rule|OHKO Clause: OHKO moves are banned
|rule|Evasion Items Clause: Evasion items are banned
|rule|Evasion Moves Clause: Evasion moves are banned
|rule|Evasion Abilities Clause: Evasion abilities are banned
|rule|Sleep Moves Clause: Sleep-inducing moves are banned
|clearpoke
|poke|p1|Alomomola, F|
|poke|p1|Dragalge, F|
|poke|p1|Lokix, M|
|poke|p1|Great Tusk|
|poke|p1|Gholdengo|
|poke|p1|Moltres|
|poke|p2|Darkrai|
|poke|p2|Ting-Lu|
|poke|p2|Scizor, M|
|poke|p2|Iron Treads|
|poke|p2|Ogerpon-Wellspring, F|
|poke|p2|Dragapult, F|
|teampreview
|inactive|Battle timer is ON: inactive players will automatically lose when time's up. (requested by MacargoMacarronni)
|
|t:|1758941463
|teamsize|p1|6
|teamsize|p2|6
|start
|switch|p1a: Moltres|Moltres|100/100
|switch|p2a: Iron Treads|Iron Treads|100/100
|-item|p2a: Iron Treads|Air Balloon
|turn|1
|
|t:|1758941470
|move|p2a: Iron Treads|Stealth Rock|p1a: Moltres
|-sidestart|p1: soupedcan|move: Stealth Rock
|move|p1a: Moltres|Flamethrower|p2a: Iron Treads
|-supereffective|p2a: Iron Treads
|-damage|p2a: Iron Treads|0 fnt
|-enditem|p2a: Iron Treads|Air Balloon
|faint|p2a: Iron Treads
|-end|p2a: Iron Treads|Quark Drive|[silent]
|
|upkeep
|
|t:|1758941479
|switch|p2a: Ting-Lu|Ting-Lu|100/100
|-ability|p2a: Ting-Lu|Vessel of Ruin
|turn|2
|
|t:|1758941487
|switch|p2a: Ogerpon|Ogerpon-Wellspring, F|100/100
|move|p1a: Moltres|U-turn|p2a: Ogerpon
|-supereffective|p2a: Ogerpon
|-damage|p2a: Ogerpon|64/100
|inactive|soupedcan has 120 seconds left.
|
|t:|1758941522
|switch|p1a: Dragalge|Dragalge, F|100/100|[from] U-turn
|-damage|p1a: Dragalge|88/100|[from] Stealth Rock
|
|upkeep
|turn|3
|l|☆MacargoMacarronni
|inactive|MacargoMacarronni disconnected and has a minute to reconnect!
|player|p2|
|j|☆MacargoMacarronni
|inactive|MacargoMacarronni reconnected and has 145 seconds left.
|player|p2|MacargoMacarronni|1|
|
|t:|1758941534
|switch|p2a: Ting-Lu|Ting-Lu|100/100
|-ability|p2a: Ting-Lu|Vessel of Ruin
|move|p1a: Dragalge|Draco Meteor|p2a: Ting-Lu
|-damage|p2a: Ting-Lu|25/100
|-unboost|p1a: Dragalge|spa|2
|
|upkeep
|turn|4
|
|t:|1758941545
|switch|p1a: Great Tusk|Great Tusk|100/100
|switch|p2a: Scizor|Scizor, M|100/100
|
|upkeep
|turn|5
|
|t:|1758941551
|move|p1a: Great Tusk|Stealth Rock|p2a: Scizor
|-sidestart|p2: MacargoMacarronni|move: Stealth Rock
|move|p2a: Scizor|U-turn|p1a: Great Tusk
|-resisted|p1a: Great Tusk
|-damage|p1a: Great Tusk|80/100
|
|t:|1758941562
|switch|p2a: Ogerpon|Ogerpon-Wellspring, F|64/100|[from] U-turn
|-damage|p2a: Ogerpon|52/100|[from] Stealth Rock
|
|upkeep
|turn|6
|inactive|soupedcan has 120 seconds left.
|
|t:|1758941599
|-end|p1a: Great Tusk|Protosynthesis|[silent]
|switch|p1a: Dragalge|Dragalge, F|88/100
|-damage|p1a: Dragalge|76/100|[from] Stealth Rock
|move|p2a: Ogerpon|Ivy Cudgel|p1a: Dragalge|[anim] Ivy Cudgel Water
|-resisted|p1a: Dragalge
|-damage|p1a: Dragalge|41/100
|
|upkeep
|turn|7
|inactive|soupedcan has 120 seconds left.
|
|t:|1758941609
|move|p2a: Ogerpon|Play Rough|p1a: Dragalge
|-damage|p1a: Dragalge|0 fnt
|faint|p1a: Dragalge
|
|upkeep
|inactive|soupedcan has 120 seconds left.
|
|t:|1758941616
|switch|p1a: Lokix|Lokix, M, shiny|100/100
|-damage|p1a: Lokix|76/100|[from] Stealth Rock
|turn|8
|
|t:|1758941620
|switch|p2a: Ting-Lu|Ting-Lu|25/100
|-damage|p2a: Ting-Lu|19/100|[from] Stealth Rock
|-ability|p2a: Ting-Lu|Vessel of Ruin
|move|p1a: Lokix|U-turn|p2a: Ting-Lu
|-supereffective|p2a: Ting-Lu
|-damage|p2a: Ting-Lu|0 fnt
|faint|p2a: Ting-Lu
|
|t:|1758941623
|switch|p1a: Great Tusk|Great Tusk|80/100|[from] U-turn
|
|upkeep
|
|t:|1758941633
|switch|p2a: Ogerpon|Ogerpon-Wellspring, F|52/100
|-damage|p2a: Ogerpon|39/100|[from] Stealth Rock
|turn|9
|
|t:|1758941656
|-terastallize|p1a: Great Tusk|Dragon
|move|p2a: Ogerpon|Ivy Cudgel|p1a: Great Tusk|[anim] Ivy Cudgel Water
|-resisted|p1a: Great Tusk
|-damage|p1a: Great Tusk|55/100
|move|p1a: Great Tusk|Rapid Spin|p2a: Ogerpon
|-damage|p2a: Ogerpon|17/100
|-boost|p1a: Great Tusk|spe|1
|-sideend|p1: soupedcan|Stealth Rock|[from] move: Rapid Spin|[of] p1a: Great Tusk
|
|upkeep
|turn|10
|inactive|soupedcan has 120 seconds left.
|
|t:|1758941685
|switch|p2a: Dragapult|Dragapult, F|100/100
|-damage|p2a: Dragapult|88/100|[from] Stealth Rock
|move|p1a: Great Tusk|Ice Spinner|p2a: Dragapult
|-supereffective|p2a: Dragapult
|-damage|p2a: Dragapult|28/100
|
|-heal|p2a: Dragapult|34/100|[from] item: Leftovers
|upkeep
|turn|11
|inactive|soupedcan has 120 seconds left.
|
|t:|1758941691
|move|p1a: Great Tusk|Headlong Rush|p2a: Dragapult
|-damage|p2a: Dragapult|0 fnt
|-unboost|p1a: Great Tusk|def|1
|-unboost|p1a: Great Tusk|spd|1
|faint|p2a: Dragapult
|
|upkeep
|
|t:|1758941697
|switch|p2a: Darkrai|Darkrai|100/100
|-damage|p2a: Darkrai|88/100|[from] Stealth Rock
|turn|12
|
|t:|1758941708
|move|p2a: Darkrai|Dark Pulse|p1a: Great Tusk
|-damage|p1a: Great Tusk|0 fnt
|faint|p1a: Great Tusk
|-end|p1a: Great Tusk|Protosynthesis|[silent]
|
|upkeep
|
|t:|1758941715
|switch|p1a: Lokix|Lokix, M, shiny|76/100
|turn|13
|
|t:|1758941722
|-terastallize|p2a: Darkrai|Poison
|move|p1a: Lokix|First Impression|p2a: Darkrai
|-resisted|p2a: Darkrai
|-damage|p2a: Darkrai|1/100
|move|p2a: Darkrai|Dark Pulse|p1a: Lokix
|-resisted|p1a: Lokix
|-damage|p1a: Lokix|31/100
|
|upkeep
|turn|14
|
|t:|1758941744
|switch|p1a: Alomomola|Alomomola, F|100/100
|move|p2a: Darkrai|Dark Pulse|p1a: Alomomola
|-damage|p1a: Alomomola|76/100
|
|upkeep
|turn|15
|
|t:|1758941752
|switch|p2a: Ogerpon|Ogerpon-Wellspring, F|17/100
|-damage|p2a: Ogerpon|5/100|[from] Stealth Rock
|move|p1a: Alomomola|Body Slam|p2a: Ogerpon
|-crit|p2a: Ogerpon
|-damage|p2a: Ogerpon|0 fnt
|faint|p2a: Ogerpon
|
|upkeep
|
|t:|1758941758
|switch|p2a: Scizor|Scizor, M|100/100
|-damage|p2a: Scizor|88/100|[from] Stealth Rock
|turn|16
|-message|MacargoMacarronni forfeited.
|
|win|soupedcan
|raw|soupedcan's rating: 1403 &rarr; <strong>1422</strong><br />(+19 for winning)
|raw|MacargoMacarronni's rating: 1387 &rarr; <strong>1368</strong><br />(-19 for losing)
|l|☆MacargoMacarronni
|player|p2|
|l|☆soupedcan
|player|p1|
