|j|☆fulkttd
|j|☆xrayinformation
|t:|1758919902
|gametype|singles
|player|p1|fulkttd|zinzolin|1514
|player|p2|xrayinformation|dragontamer|1569
|gen|9
|tier|[Gen 9] OU
|rated|
|rule|HP Percentage Mod: HP is shown in percentages
|rule|Endless Battle Clause: Forcing endless battles is banned
|rule|Species Clause: Limit one of each Pokémon
|rule|OHKO Clause: OHKO moves are banned
|rule|Evasion Items Clause: Evasion items are banned
|rule|Evasion Moves Clause: Evasion moves are banned
|rule|Evasion Abilities Clause: Evasion abilities are banned
|rule|Sleep Moves Clause: Sleep-inducing moves are banned
|clearpoke
|poke|p1|Dragapult, F|
|poke|p1|Great Tusk|
|poke|p1|Hatterene, F|
|poke|p1|Slowking-Galar, F|
|poke|p1|Gholdengo|
|poke|p1|Ogerpon-Wellspring, F|
|poke|p2|Ambipom, M|
|poke|p2|Samurott-Hisui, F|
|poke|p2|Landorus-Therian, M|
|poke|p2|Iron Moth|
|poke|p2|Iron Valiant|
|poke|p2|Zamazenta-*|
|teampreview
|inactive|Battle timer is ON: inactive players will automatically lose when time's up. (requested by fulkttd)
|
|t:|1758919911
|teamsize|p1|6
|teamsize|p2|6
|start
|switch|p1a: Dragapult|Dragapult, F|100/100
|switch|p2a: Samurott|Samurott-Hisui, F|100/100
|turn|1
|
|t:|1758919913
|move|p1a: Dragapult|U-turn|p2a: Samurott
|-supereffective|p2a: Samurott
|-damage|p2a: Samurott|43/100
|
|t:|1758919920
|switch|p1a: Great Tusk|Great Tusk|100/100|[from] U-turn
|move|p2a: Samurott|Ceaseless Edge|p1a: Great Tusk
|-resisted|p1a: Great Tusk
|-damage|p1a: Great Tusk|82/100
|-sidestart|p1: fulkttd|Spikes
|
|upkeep
|turn|2
|
|t:|1758919927
|move|p1a: Great Tusk|Rapid Spin|p2a: Samurott
|-damage|p2a: Samurott|20/100
|-boost|p1a: Great Tusk|spe|1
|-sideend|p1: fulkttd|Spikes|[from] move: Rapid Spin|[of] p1a: Great Tusk
|move|p2a: Samurott|Aqua Cutter|p1a: Great Tusk
|-supereffective|p1a: Great Tusk
|-damage|p1a: Great Tusk|6/100
|
|upkeep
|turn|3
|
|t:|1758919929
|move|p2a: Samurott|Aqua Jet|p1a: Great Tusk
|-supereffective|p1a: Great Tusk
|-crit|p1a: Great Tusk
|-damage|p1a: Great Tusk|0 fnt
|faint|p1a: Great Tusk
|-end|p1a: Great Tusk|Protosynthesis|[silent]
|
|upkeep
|
|t:|1758919947
|switch|p1a: Dragapult|Dragapult, F|100/100
|turn|4
|
|t:|1758919953
|switch|p2a: Landorus|Landorus-Therian, M|100/100
|-ability|p2a: Landorus|Intimidate|boost
|-unboost|p1a: Dragapult|atk|1
|move|p1a: Dragapult|U-turn|p2a: Landorus
|-resisted|p2a: Landorus
|-damage|p2a: Landorus|93/100
|-damage|p1a: Dragapult|84/100|[from] item: Rocky Helmet|[of] p2a: Landorus
|
|t:|1758919956
|switch|p1a: Ogerpon|Ogerpon-Wellspring, F|100/100|[from] U-turn
|
|upkeep
|turn|5
|
|t:|1758919962
|switch|p2a: Zamazenta|Zamazenta|100/100
|-ability|p2a: Zamazenta|Dauntless Shield|boost
|-boost|p2a: Zamazenta|def|1
|move|p1a: Ogerpon|Ivy Cudgel|p2a: Zamazenta|[anim] Ivy Cudgel Water
|-damage|p2a: Zamazenta|71/100
|
|-heal|p2a: Zamazenta|77/100|[from] item: Leftovers
|upkeep
|turn|6
|
|t:|1758919970
|switch|p1a: Gholdengo|Gholdengo|100/100
|move|p2a: Zamazenta|Crunch|p1a: Gholdengo
|-supereffective|p1a: Gholdengo
|-damage|p1a: Gholdengo|50/100
|
|-heal|p2a: Zamazenta|83/100|[from] item: Leftovers
|upkeep
|turn|7
|
|t:|1758919974
|move|p1a: Gholdengo|Dazzling Gleam|p2a: Zamazenta
|-supereffective|p2a: Zamazenta
|-damage|p2a: Zamazenta|35/100
|move|p2a: Zamazenta|Crunch|p1a: Gholdengo
|-supereffective|p1a: Gholdengo
|-damage|p1a: Gholdengo|4/100
|-unboost|p1a: Gholdengo|def|1
|
|-heal|p2a: Zamazenta|41/100|[from] item: Leftovers
|upkeep
|turn|8
|
|t:|1758919994
|switch|p1a: Slowking|Slowking-Galar, F|100/100
|switch|p2a: Iron Moth|Iron Moth|100/100
|-enditem|p2a: Iron Moth|Booster Energy
|-activate|p2a: Iron Moth|ability: Quark Drive|[fromitem]
|-start|p2a: Iron Moth|quarkdrivespe
|
|upkeep
|turn|9
|
|t:|1758920001
|move|p2a: Iron Moth|Substitute|p2a: Iron Moth
|-start|p2a: Iron Moth|Substitute
|-damage|p2a: Iron Moth|76/100
|move|p1a: Slowking|Future Sight|p2a: Iron Moth
|-start|p1a: Slowking|move: Future Sight
|
|upkeep
|turn|10
|
|t:|1758920005
|move|p2a: Iron Moth|Fiery Dance|p1a: Slowking
|-damage|p1a: Slowking|78/100
|move|p1a: Slowking|Sludge Wave|p2a: Iron Moth
|-resisted|p2a: Iron Moth
|-activate|p2a: Iron Moth|move: Substitute|[damage]
|
|upkeep
|turn|11
|
|t:|1758920013
|move|p2a: Iron Moth|Fiery Dance|p1a: Slowking
|-damage|p1a: Slowking|58/100
|-boost|p2a: Iron Moth|spa|1
|move|p1a: Slowking|Sludge Wave|p2a: Iron Moth
|-resisted|p2a: Iron Moth
|-end|p2a: Iron Moth|Substitute
|
|-end|p2a: Iron Moth|move: Future Sight
|-supereffective|p2a: Iron Moth
|-damage|p2a: Iron Moth|0 fnt
|faint|p2a: Iron Moth
|-end|p2a: Iron Moth|Quark Drive|[silent]
|upkeep
|
|t:|1758920022
|switch|p2a: Ambipom|Ambipom, M|100/100
|turn|12
|
|t:|1758920027
|switch|p1a: Hatterene|Hatterene, F|100/100
|move|p2a: Ambipom|Knock Off|p1a: Hatterene
|-damage|p1a: Hatterene|76/100
|-enditem|p1a: Hatterene|Leftovers|[from] move: Knock Off|[of] p2a: Ambipom
|
|upkeep
|turn|13
|
|t:|1758920034
|move|p2a: Ambipom|Triple Axel|p1a: Hatterene
|-damage|p1a: Hatterene|69/100
|-damage|p1a: Hatterene|55/100
|-damage|p1a: Hatterene|34/100
|-hitcount|p1a: Hatterene|3
|move|p1a: Hatterene|Draining Kiss|p2a: Ambipom
|-damage|p2a: Ambipom|61/100
|-heal|p1a: Hatterene|62/100|[from] drain|[of] p2a: Ambipom
|
|upkeep
|turn|14
|
|t:|1758920048
|move|p2a: Ambipom|U-turn|p1a: Hatterene
|-damage|p1a: Hatterene|46/100
|
|t:|1758920055
|switch|p2a: Landorus|Landorus-Therian, M|93/100|[from] U-turn
|-ability|p2a: Landorus|Intimidate|boost
|-unboost|p1a: Hatterene|atk|1
|move|p1a: Hatterene|Draining Kiss|p2a: Landorus
|-damage|p2a: Landorus|67/100
|-heal|p1a: Hatterene|69/100|[from] drain|[of] p2a: Landorus
|-damage|p1a: Hatterene|53/100|[from] item: Rocky Helmet|[of] p2a: Landorus
|
|upkeep
|turn|15
|
|t:|1758920065
|move|p2a: Landorus|Earthquake|p1a: Hatterene
|-damage|p1a: Hatterene|13/100
|move|p1a: Hatterene|Draining Kiss|p2a: Landorus
|-damage|p2a: Landorus|40/100
|-heal|p1a: Hatterene|37/100|[from] drain|[of] p2a: Landorus
|-damage|p1a: Hatterene|21/100|[from] item: Rocky Helmet|[of] p2a: Landorus
|
|upkeep
|turn|16
|
|t:|1758920069
|move|p2a: Landorus|Earthquake|p1a: Hatterene
|-damage|p1a: Hatterene|0 fnt
|faint|p1a: Hatterene
|
|upkeep
|
|t:|1758920077
|switch|p1a: Gholdengo|Gholdengo|4/100
|turn|17
|inactive|xrayinformation has 120 seconds left.
|
|t:|1758920113
|switch|p2a: Ambipom|Ambipom, M|61/100
|move|p1a: Gholdengo|Make It Rain|p2a: Ambipom
|-damage|p2a: Ambipom|0 fnt
|-unboost|p1a: Gholdengo|spa|1
|faint|p2a: Ambipom
|
|upkeep
|
|t:|1758920119
|switch|p2a: Samurott|Samurott-Hisui, F|20/100
|turn|18
|
|t:|1758920124
|switch|p1a: Ogerpon|Ogerpon-Wellspring, F|100/100
|move|p2a: Samurott|Aqua Jet|p1a: Ogerpon
|-immune|p1a: Ogerpon|[from] ability: Water Absorb
|
|upkeep
|turn|19
|
|t:|1758920132
|switch|p2a: Landorus|Landorus-Therian, M|40/100
|-ability|p2a: Landorus|Intimidate|boost
|-unboost|p1a: Ogerpon|atk|1
|move|p1a: Ogerpon|Ivy Cudgel|p2a: Landorus|[anim] Ivy Cudgel Water
|-supereffective|p2a: Landorus
|-damage|p2a: Landorus|0 fnt
|faint|p2a: Landorus
|
|upkeep
|
|t:|1758920136
|switch|p2a: Zamazenta|Zamazenta|41/100
|turn|20
|inactive|fulkttd has 120 seconds left.
|
|t:|1758920176
|move|p2a: Zamazenta|Iron Defense|p2a: Zamazenta
|-boost|p2a: Zamazenta|def|2
|move|p1a: Ogerpon|Swords Dance|p1a: Ogerpon
|-boost|p1a: Ogerpon|atk|2
|
|-heal|p2a: Zamazenta|47/100|[from] item: Leftovers
|upkeep
|turn|21
|inactive|fulkttd has 120 seconds left.
|
|t:|1758920186
|move|p2a: Zamazenta|Body Press|p1a: Ogerpon
|-damage|p1a: Ogerpon|7/100
|move|p1a: Ogerpon|Ivy Cudgel|p2a: Zamazenta|[anim] Ivy Cudgel Water
|-damage|p2a: Zamazenta|12/100
|
|-heal|p2a: Zamazenta|19/100|[from] item: Leftovers
|upkeep
|turn|22
|
|t:|1758920193
|switch|p1a: Gholdengo|Gholdengo|4/100
|move|p2a: Zamazenta|Body Press|p1a: Gholdengo
|-immune|p1a: Gholdengo
|
|-heal|p2a: Zamazenta|25/100|[from] item: Leftovers
|upkeep
|turn|23
|
|t:|1758920215
|move|p1a: Gholdengo|Dazzling Gleam|p2a: Zamazenta
|-supereffective|p2a: Zamazenta
|-damage|p2a: Zamazenta|0 fnt
|faint|p2a: Zamazenta
|
|upkeep
|
|t:|1758920222
|switch|p2a: Iron Valiant|Iron Valiant|100/100
|-enditem|p2a: Iron Valiant|Booster Energy
|-activate|p2a: Iron Valiant|ability: Quark Drive|[fromitem]
|-start|p2a: Iron Valiant|quarkdrivespe
|turn|24
|
|t:|1758920231
|switch|p1a: Slowking|Slowking-Galar, F|91/100
|move|p2a: Iron Valiant|Knock Off|p1a: Slowking
|-supereffective|p1a: Slowking
|-damage|p1a: Slowking|23/100
|-enditem|p1a: Slowking|Assault Vest|[from] move: Knock Off|[of] p2a: Iron Valiant
|
|upkeep
|turn|25
|
|t:|1758920236
|move|p2a: Iron Valiant|Knock Off|p1a: Slowking
|-supereffective|p1a: Slowking
|-damage|p1a: Slowking|0 fnt
|faint|p1a: Slowking
|
|upkeep
|
|t:|1758920242
|switch|p1a: Dragapult|Dragapult, F|84/100
|turn|26
|
|t:|1758920252
|-terastallize|p2a: Iron Valiant|Dark
|-terastallize|p1a: Dragapult|Ghost
|move|p2a: Iron Valiant|Spirit Break|p1a: Dragapult
|-damage|p1a: Dragapult|32/100
|-unboost|p1a: Dragapult|spa|1
|move|p1a: Dragapult|Phantom Force||[still]
|-prepare|p1a: Dragapult|Phantom Force
|
|upkeep
|turn|27
|
|t:|1758920261
|move|p2a: Iron Valiant|Spirit Break|p1a: Dragapult|[miss]
|-miss|p2a: Iron Valiant|p1a: Dragapult
|move|p1a: Dragapult|Phantom Force|p2a: Iron Valiant|[from] lockedmove
|-resisted|p2a: Iron Valiant
|-damage|p2a: Iron Valiant|63/100
|
|upkeep
|turn|28
|
|t:|1758920266
|move|p2a: Iron Valiant|Spirit Break|p1a: Dragapult
|-damage|p1a: Dragapult|0 fnt
|faint|p1a: Dragapult
|
|upkeep
|c|☆fulkttd|g
|c|☆fulkttd|g
|-message|fulkttd forfeited.
|
|win|xrayinformation
|raw|fulkttd's rating: 1514 &rarr; <strong>1497</strong><br />(-17 for losing)
|raw|xrayinformation's rating: 1569 &rarr; <strong>1586</strong><br />(+17 for winning)
|l|☆fulkttd
|player|p1|
|l|☆xrayinformation
|player|p2|
