|j|☆Mimx2
|j|☆Trini8
|t:|1758946721
|gametype|singles
|player|p1|Mimx2|lucas|1181
|player|p2|Trini8|steven|1133
|gen|9
|tier|[Gen 9] OU
|rated|
|rule|HP Percentage Mod: HP is shown in percentages
|rule|Endless Battle Clause: Forcing endless battles is banned
|rule|Species Clause: Limit one of each Pokémon
|rule|OHKO Clause: OHKO moves are banned
|rule|Evasion Items Clause: Evasion items are banned
|rule|Evasion Moves Clause: Evasion moves are banned
|rule|Evasion Abilities Clause: Evasion abilities are banned
|rule|Sleep Moves Clause: Sleep-inducing moves are banned
|clearpoke
|poke|p1|Greninja-*, M|
|poke|p1|Indeedee, M|
|poke|p1|Iron Crown|
|poke|p1|Primeape, F|
|poke|p1|Gholdengo|
|poke|p1|Weavile, F|
|poke|p2|Samurott-Hisui, M|
|poke|p2|Toxapex, M|
|poke|p2|Gholdengo|
|poke|p2|Corviknight, M|
|poke|p2|Rillaboom, M|
|poke|p2|Great Tusk|
|teampreview
|inactive|Battle timer is ON: inactive players will automatically lose when time's up. (requested by Trini8)
|
|t:|1758946732
|teamsize|p1|6
|teamsize|p2|6
|start
|switch|p1a: Primeape|Primeape, F, shiny|100/100
|switch|p2a: Samurott|Samurott-Hisui, M, shiny|100/100
|turn|1
|
|t:|1758946746
|-terastallize|p2a: Samurott|Ghost
|move|p2a: Samurott|Ceaseless Edge|p1a: Primeape
|-resisted|p1a: Primeape
|-damage|p1a: Primeape|77/100
|-sidestart|p1: Mimx2|Spikes
|move|p1a: Primeape|Bulk Up|p1a: Primeape
|-boost|p1a: Primeape|atk|1
|-boost|p1a: Primeape|def|1
|
|upkeep
|turn|2
|
|t:|1758946757
|move|p2a: Samurott|Encore|p1a: Primeape
|-start|p1a: Primeape|Encore
|move|p1a: Primeape|Bulk Up|p1a: Primeape
|-boost|p1a: Primeape|atk|1
|-boost|p1a: Primeape|def|1
|
|upkeep
|turn|3
|
|t:|1758946765
|move|p2a: Samurott|Ceaseless Edge|p1a: Primeape
|-resisted|p1a: Primeape
|-damage|p1a: Primeape|64/100
|-sidestart|p1: Mimx2|Spikes
|move|p1a: Primeape|Bulk Up|p1a: Primeape
|-boost|p1a: Primeape|atk|1
|-boost|p1a: Primeape|def|1
|
|upkeep
|turn|4
|
|t:|1758946774
|move|p2a: Samurott|Ceaseless Edge|p1a: Primeape
|-resisted|p1a: Primeape
|-damage|p1a: Primeape|56/100
|-sidestart|p1: Mimx2|Spikes
|move|p1a: Primeape|Bulk Up|p1a: Primeape
|-boost|p1a: Primeape|atk|1
|-boost|p1a: Primeape|def|1
|
|-end|p1a: Primeape|Encore
|upkeep
|turn|5
|
|t:|1758946785
|move|p2a: Samurott|Encore|p1a: Primeape
|-start|p1a: Primeape|Encore
|move|p1a: Primeape|Bulk Up|p1a: Primeape
|-boost|p1a: Primeape|atk|1
|-boost|p1a: Primeape|def|1
|
|upkeep
|turn|6
|
|t:|1758946791
|move|p2a: Samurott|Razor Shell|p1a: Primeape
|-crit|p1a: Primeape
|-damage|p1a: Primeape|0 fnt
|faint|p1a: Primeape
|
|upkeep
|-message|Mimx2 forfeited.
|
|win|Trini8
|raw|Mimx2's rating: 1181 &rarr; <strong>1153</strong><br />(-28 for losing)
|raw|Trini8's rating: 1133 &rarr; <strong>1161</strong><br />(+28 for winning)
|l|☆Mimx2
|player|p1|
