|j|☆pikalyte3
|j|☆RoaringMoonlight2
|t:|1759066429
|gametype|singles
|player|p1|pikalyte3|dancer|1608
|player|p2|RoaringMoonlight2|hiker-gen4|1663
|gen|9
|tier|[Gen 9] OU
|rated|
|rule|HP Percentage Mod: HP is shown in percentages
|rule|Endless Battle Clause: Forcing endless battles is banned
|rule|Species Clause: Limit one of each Pokémon
|rule|OHKO Clause: OHKO moves are banned
|rule|Evasion Items Clause: Evasion items are banned
|rule|Evasion Moves Clause: Evasion moves are banned
|rule|Evasion Abilities Clause: Evasion abilities are banned
|rule|Sleep Moves Clause: Sleep-inducing moves are banned
|clearpoke
|poke|p1|Samurott-Hisui, F|
|poke|p1|Landorus-Therian, M|
|poke|p1|Iron Moth|
|poke|p1|Darkrai|
|poke|p1|Kingambit, F|
|poke|p1|Iron Valiant|
|poke|p2|Glimmora, M|
|poke|p2|Iron Valiant|
|poke|p2|Raging Bolt|
|poke|p2|Ogerpon-Wellspring, F|
|poke|p2|Kingambit, F|
|poke|p2|Ceruledge, F|
|teampreview
|inactive|Battle timer is ON: inactive players will automatically lose when time's up. (requested by RoaringMoonlight2)
|
|t:|1759066435
|teamsize|p1|6
|teamsize|p2|6
|start
|switch|p1a: Samurott|Samurott-Hisui, F|100/100
|switch|p2a: Fleur de Cuivre|Glimmora, M|100/100
|turn|1
|
|t:|1759066443
|move|p2a: Fleur de Cuivre|Meteor Beam||[still]
|-prepare|p2a: Fleur de Cuivre|Meteor Beam
|-boost|p2a: Fleur de Cuivre|spa|1
|-enditem|p2a: Fleur de Cuivre|Power Herb
|-anim|p2a: Fleur de Cuivre|Meteor Beam|p1a: Samurott
|-enditem|p1a: Samurott|Focus Sash
|-damage|p1a: Samurott|1/100
|move|p1a: Samurott|Aqua Cutter|p2a: Fleur de Cuivre
|-supereffective|p2a: Fleur de Cuivre
|-damage|p2a: Fleur de Cuivre|0 fnt
|-activate|p2a: Fleur de Cuivre|ability: Toxic Debris
|-sidestart|p1: pikalyte3|move: Toxic Spikes
|faint|p2a: Fleur de Cuivre
|
|upkeep
|
|t:|1759066461
|switch|p2a: Masqurécage|Ogerpon-Wellspring, F|100/100
|turn|2
|
|t:|1759066484
|move|p2a: Masqurécage|Encore|p1a: Samurott
|-start|p1a: Samurott|Encore
|move|p1a: Samurott|Aqua Cutter|p2a: Masqurécage
|-immune|p2a: Masqurécage|[from] ability: Water Absorb
|
|upkeep
|turn|3
|l|☆RoaringMoonlight2
|inactive|RoaringMoonlight2 disconnected and has a minute to reconnect!
|player|p2|
|inactive|RoaringMoonlight2 has 30 seconds to reconnect!
|j|☆RoaringMoonlight2
|inactive|RoaringMoonlight2 reconnected and has 110 seconds left.
|player|p2|RoaringMoonlight2|hiker-gen4|
|
|t:|1759066527
|switch|p1a: Iron Moth|Iron Moth|100/100
|-sideend|p1: pikalyte3|move: Toxic Spikes|[of] p1a: Iron Moth
|-enditem|p1a: Iron Moth|Booster Energy
|-activate|p1a: Iron Moth|ability: Quark Drive|[fromitem]
|-start|p1a: Iron Moth|quarkdrivespe
|move|p2a: Masqurécage|Swords Dance|p2a: Masqurécage
|-boost|p2a: Masqurécage|atk|2
|
|upkeep
|turn|4
|
|t:|1759066539
|-terastallize|p2a: Masqurécage|Water
|detailschange|p2a: Masqurécage|Ogerpon-Wellspring-Tera, F, tera:Water
|-ability|p2a: Masqurécage|Embody Aspect (Wellspring)|boost
|-boost|p2a: Masqurécage|spd|1
|move|p1a: Iron Moth|Sludge Wave|p2a: Masqurécage
|-crit|p2a: Masqurécage
|-damage|p2a: Masqurécage|14/100
|move|p2a: Masqurécage|Ivy Cudgel|p1a: Iron Moth|[anim] Ivy Cudgel Water
|-supereffective|p1a: Iron Moth
|-damage|p1a: Iron Moth|0 fnt
|faint|p1a: Iron Moth
|-end|p1a: Iron Moth|Quark Drive|[silent]
|
|upkeep
|
|t:|1759066548
|switch|p1a: Darkrai|Darkrai|100/100
|turn|5
|
|t:|1759066572
|move|p1a: Darkrai|Dark Pulse|p2a: Masqurécage
|-damage|p2a: Masqurécage|0 fnt
|faint|p2a: Masqurécage
|detailschange|p2: Masqurécage|Ogerpon-Wellspring, F|[silent]
|-damage|p1a: Darkrai|91/100|[from] item: Life Orb
|
|upkeep
|
|t:|1759066574
|switch|p2a: Terminator|Iron Valiant|100/100
|-enditem|p2a: Terminator|Booster Energy
|-activate|p2a: Terminator|ability: Quark Drive|[fromitem]
|-start|p2a: Terminator|quarkdrivespe
|turn|6
|
|t:|1759066581
|switch|p1a: Samurott|Samurott-Hisui, F|1/100
|move|p2a: Terminator|Moonblast|p1a: Samurott
|-supereffective|p1a: Samurott
|-damage|p1a: Samurott|0 fnt
|faint|p1a: Samurott
|
|upkeep
|inactive|pikalyte3 has 120 seconds left.
|
|t:|1759066638
|switch|p1a: Kingambit|Kingambit, F|100/100
|-activate|p1a: Kingambit|ability: Supreme Overlord
|-start|p1a: Kingambit|fallen2|[silent]
|-item|p1a: Kingambit|Air Balloon
|turn|7
|
|t:|1759066647
|-terastallize|p1a: Kingambit|Fairy
|move|p2a: Terminator|Focus Blast|p1a: Kingambit|[miss]
|-miss|p2a: Terminator|p1a: Kingambit
|move|p1a: Kingambit|Tera Blast|p2a: Terminator|[anim] Tera Blast Fairy
|-supereffective|p2a: Terminator
|-damage|p2a: Terminator|0 fnt
|faint|p2a: Terminator
|-end|p2a: Terminator|Quark Drive|[silent]
|
|upkeep
|
|t:|1759066655
|switch|p2a: Escrameur|Ceruledge, F|100/100
|turn|8
|
|t:|1759066663
|-end|p1a: Kingambit|fallen2|[silent]
|switch|p1a: land rover|Landorus-Therian, M|100/100
|-ability|p1a: land rover|Intimidate|boost
|-unboost|p2a: Escrameur|atk|1
|move|p2a: Escrameur|Poltergeist|p1a: land rover
|-activate|p1a: land rover|move: Poltergeist|Rocky Helmet
|-damage|p1a: land rover|63/100
|
|upkeep
|turn|9
|
|t:|1759066685
|move|p1a: land rover|Earth Power|p2a: Escrameur
|-supereffective|p2a: Escrameur
|-damage|p2a: Escrameur|14/100
|move|p2a: Escrameur|Swords Dance|p2a: Escrameur
|-boost|p2a: Escrameur|atk|2
|
|upkeep
|turn|10
|
|t:|1759066690
|move|p2a: Escrameur|Shadow Sneak|p1a: land rover
|-damage|p1a: land rover|32/100
|-damage|p2a: Escrameur|0 fnt|[from] item: Rocky Helmet|[of] p1a: land rover
|faint|p2a: Escrameur
|move|p1a: land rover|Earth Power|p2: Escrameur|[notarget]
|-fail|p1a: land rover
|
|upkeep
|
|t:|1759066692
|switch|p2a: Général 50/50|Kingambit, F|100/100
|-activate|p2a: Général 50/50|ability: Supreme Overlord
|-start|p2a: Général 50/50|fallen4|[silent]
|turn|11
|
|t:|1759066695
|move|p1a: land rover|Taunt|p2a: Général 50/50
|-start|p2a: Général 50/50|move: Taunt
|move|p2a: Général 50/50|Kowtow Cleave|p1a: land rover
|-damage|p1a: land rover|0 fnt
|-damage|p2a: Général 50/50|84/100|[from] item: Rocky Helmet|[of] p1a: land rover
|faint|p1a: land rover
|
|upkeep
|
|t:|1759066703
|switch|p1a: Iron Valiant|Iron Valiant|100/100
|-enditem|p1a: Iron Valiant|Booster Energy
|-activate|p1a: Iron Valiant|ability: Quark Drive|[fromitem]
|-start|p1a: Iron Valiant|quarkdrivespe
|turn|12
|
|t:|1759066713
|move|p2a: Général 50/50|Sucker Punch|p1a: Iron Valiant
|-resisted|p1a: Iron Valiant
|-damage|p1a: Iron Valiant|81/100
|move|p1a: Iron Valiant|Close Combat|p2a: Général 50/50
|-supereffective|p2a: Général 50/50
|-damage|p2a: Général 50/50|0 fnt
|-unboost|p1a: Iron Valiant|def|1
|-unboost|p1a: Iron Valiant|spd|1
|faint|p2a: Général 50/50
|-end|p2a: Général 50/50|fallen4|[silent]
|
|upkeep
|
|t:|1759066714
|switch|p2a: Raille-Cou|Raging Bolt|100/100
|turn|13
|
|t:|1759066721
|move|p2a: Raille-Cou|Thunderclap||[still]
|-fail|p2a: Raille-Cou
|move|p1a: Iron Valiant|Encore|p2a: Raille-Cou
|-start|p2a: Raille-Cou|Encore
|
|upkeep
|turn|14
|inactive|pikalyte3 has 120 seconds left.
|
|t:|1759066752
|-end|p1a: Iron Valiant|Quark Drive|[silent]
|switch|p1a: Kingambit|Kingambit, F, tera:Fairy|100/100
|-activate|p1a: Kingambit|ability: Supreme Overlord
|-start|p1a: Kingambit|fallen3|[silent]
|-item|p1a: Kingambit|Air Balloon
|move|p2a: Raille-Cou|Thunderclap||[still]
|-fail|p2a: Raille-Cou
|
|upkeep
|turn|15
|
|t:|1759066757
|-end|p1a: Kingambit|fallen3|[silent]
|switch|p1a: Iron Valiant|Iron Valiant|81/100
|move|p2a: Raille-Cou|Thunderclap||[still]
|-fail|p2a: Raille-Cou
|
|upkeep
|turn|16
|
|t:|1759066761
|move|p2a: Raille-Cou|Thunderclap||[still]
|-fail|p2a: Raille-Cou
|move|p1a: Iron Valiant|Encore||[still]
|-fail|p1a: Iron Valiant
|
|-end|p2a: Raille-Cou|Encore
|upkeep
|turn|17
|
|t:|1759066767
|move|p1a: Iron Valiant|Encore|p2a: Raille-Cou
|-start|p2a: Raille-Cou|Encore
|move|p2a: Raille-Cou|Thunderclap||[still]
|-fail|p2a: Raille-Cou
|
|upkeep
|turn|18
|
|t:|1759066778
|-end|p1a: Iron Valiant|Quark Drive|[silent]
|switch|p1a: Kingambit|Kingambit, F, tera:Fairy|100/100
|-activate|p1a: Kingambit|ability: Supreme Overlord
|-start|p1a: Kingambit|fallen3|[silent]
|-item|p1a: Kingambit|Air Balloon
|move|p2a: Raille-Cou|Thunderclap||[still]
|-fail|p2a: Raille-Cou
|
|upkeep
|turn|19
|
|t:|1759066789
|move|p2a: Raille-Cou|Thunderclap|p1a: Kingambit
|-damage|p1a: Kingambit|53/100
|-enditem|p1a: Kingambit|Air Balloon
|move|p1a: Kingambit|Tera Blast|p2a: Raille-Cou|[anim] Tera Blast Fairy
|-supereffective|p2a: Raille-Cou
|-damage|p2a: Raille-Cou|0 fnt
|faint|p2a: Raille-Cou
|-end|p2a: Raille-Cou|Protosynthesis|[silent]
|
|win|pikalyte3
|raw|pikalyte3's rating: 1608 &rarr; <strong>1633</strong><br />(+25 for winning)
|raw|RoaringMoonlight2's rating: 1702 &rarr; <strong>1677</strong><br />(-25 for losing)
|c|☆pikalyte3|gg
