|j|☆aawwa
|j|☆noodle10101
|t:|1758955053
|gametype|singles
|player|p1|aawwa|bianca-masters|1258
|player|p2|noodle10101|102|1262
|gen|9
|tier|[Gen 9] OU
|rated|
|rule|HP Percentage Mod: HP is shown in percentages
|rule|Endless Battle Clause: Forcing endless battles is banned
|rule|Species Clause: Limit one of each Pokémon
|rule|OHKO Clause: OHKO moves are banned
|rule|Evasion Items Clause: Evasion items are banned
|rule|Evasion Moves Clause: Evasion moves are banned
|rule|Evasion Abilities Clause: Evasion abilities are banned
|rule|Sleep Moves Clause: Sleep-inducing moves are banned
|clearpoke
|poke|p1|Weavile, F|
|poke|p1|Pecharunt|
|poke|p1|Ting-Lu|
|poke|p1|Tinkaton, F|
|poke|p1|Keldeo-Resolute|
|poke|p1|Dragonite, F|
|poke|p2|Glimmora, M|
|poke|p2|Hatterene, F|
|poke|p2|Excadrill, M|
|poke|p2|Volcanion|
|poke|p2|Pecharunt|
|poke|p2|Umbreon, F|
|teampreview
|inactive|Battle timer is ON: inactive players will automatically lose when time's up. (requested by aawwa)
|
|t:|1758955068
|teamsize|p1|6
|teamsize|p2|6
|start
|switch|p1a: sillie|Tinkaton, F|100/100
|switch|p2a: Excadrill|Excadrill, M|100/100
|-item|p1a: sillie|Air Balloon
|-ability|p2a: Excadrill|Mold Breaker
|turn|1
|
|t:|1758955087
|switch|p1a: horsie|Ting-Lu|100/100
|-ability|p1a: horsie|Vessel of Ruin
|switch|p2a: Pecharunt|Pecharunt|100/100
|
|upkeep
|turn|2
|
|t:|1758955105
|switch|p2a: Hatterene|Hatterene, F|100/100
|move|p1a: horsie|Whirlwind|p2a: Hatterene
|move|p2a: Hatterene|Whirlwind|p1a: horsie|[from] ability: Magic Bounce
|drag|p1a: barnie|Dragonite, F|100/100
|
|upkeep
|turn|3
|
|t:|1758955117
|switch|p1a: sillie|Tinkaton, F|100/100
|-item|p1a: sillie|Air Balloon
|move|p2a: Hatterene|Dazzling Gleam|p1a: sillie
|-resisted|p1a: sillie
|-damage|p1a: sillie|85/100
|-enditem|p1a: sillie|Air Balloon
|
|upkeep
|turn|4
|
|t:|1758955129
|switch|p2a: Pecharunt|Pecharunt|100/100
|move|p1a: sillie|Gigaton Hammer|p2a: Pecharunt
|-damage|p2a: Pecharunt|80/100
|
|-heal|p2a: Pecharunt|86/100|[from] item: Black Sludge
|upkeep
|turn|5
|
|t:|1758955144
|move|p1a: sillie|Stealth Rock|p2a: Pecharunt
|-sidestart|p2: noodle10101|move: Stealth Rock
|move|p2a: Pecharunt|Hex|p1a: sillie
|-damage|p1a: sillie|66/100
|
|-heal|p2a: Pecharunt|92/100|[from] item: Black Sludge
|upkeep
|turn|6
|
|t:|1758955155
|move|p1a: sillie|Thunder Wave|p2a: Pecharunt
|-status|p2a: Pecharunt|par
|cant|p2a: Pecharunt|par
|
|-heal|p2a: Pecharunt|98/100 par|[from] item: Black Sludge
|upkeep
|turn|7
|
|t:|1758955164
|switch|p1a: horsie|Ting-Lu|100/100
|-ability|p1a: horsie|Vessel of Ruin
|move|p2a: Pecharunt|Parting Shot|p1a: horsie
|-unboost|p1a: horsie|atk|1
|-unboost|p1a: horsie|spa|1
|
|t:|1758955188
|switch|p2a: Hatterene|Hatterene, F|100/100|[from] Parting Shot
|-damage|p2a: Hatterene|88/100|[from] Stealth Rock
|
|-heal|p2a: Hatterene|94/100|[from] item: Leftovers
|upkeep
|turn|8
|
|t:|1758955200
|move|p1a: horsie|Ruination|p2a: Hatterene
|-damage|p2a: Hatterene|47/100
|move|p2a: Hatterene|Dazzling Gleam|p1a: horsie
|-supereffective|p1a: horsie
|-damage|p1a: horsie|65/100
|
|-heal|p1a: horsie|71/100|[from] item: Leftovers
|-heal|p2a: Hatterene|53/100|[from] item: Leftovers
|upkeep
|turn|9
|
|t:|1758955215
|move|p1a: horsie|Ruination|p2a: Hatterene
|-damage|p2a: Hatterene|27/100
|move|p2a: Hatterene|Giga Drain|p1a: horsie
|-supereffective|p1a: horsie
|-damage|p1a: horsie|51/100
|-heal|p2a: Hatterene|43/100|[from] drain|[of] p1a: horsie
|
|-heal|p1a: horsie|57/100|[from] item: Leftovers
|-heal|p2a: Hatterene|49/100|[from] item: Leftovers
|upkeep
|turn|10
|
|t:|1758955225
|switch|p1a: goomie|Pecharunt|100/100
|move|p2a: Hatterene|Giga Drain|p1a: goomie
|-resisted|p1a: goomie
|-damage|p1a: goomie|90/100
|-heal|p2a: Hatterene|55/100|[from] drain|[of] p1a: goomie
|
|-heal|p2a: Hatterene|61/100|[from] item: Leftovers
|upkeep
|turn|11
|
|t:|1758955236
|switch|p2a: Pecharunt|Pecharunt|98/100 par
|-damage|p2a: Pecharunt|85/100 par|[from] Stealth Rock
|move|p1a: goomie|Malignant Chain|p2a: Pecharunt
|-resisted|p2a: Pecharunt
|-damage|p2a: Pecharunt|77/100 par
|
|-heal|p2a: Pecharunt|83/100 par|[from] item: Black Sludge
|upkeep
|turn|12
|
|t:|1758955247
|move|p1a: goomie|Hex|p2a: Pecharunt
|-supereffective|p2a: Pecharunt
|-damage|p2a: Pecharunt|0 fnt
|faint|p2a: Pecharunt
|
|upkeep
|
|t:|1758955253
|switch|p2a: Excadrill|Excadrill, M|100/100
|-damage|p2a: Excadrill|97/100|[from] Stealth Rock
|-ability|p2a: Excadrill|Mold Breaker
|turn|13
|
|t:|1758955281
|switch|p1a: barnie|Dragonite, F|100/100
|move|p2a: Excadrill|Swords Dance|p2a: Excadrill
|-boost|p2a: Excadrill|atk|2
|
|upkeep
|turn|14
|
|t:|1758955291
|move|p2a: Excadrill|Iron Head|p1a: barnie
|-damage|p1a: barnie|11/100
|cant|p1a: barnie|flinch
|
|upkeep
|turn|15
|
|t:|1758955303
|switch|p1a: horsie|Ting-Lu|57/100
|-ability|p1a: horsie|Vessel of Ruin
|move|p2a: Excadrill|Iron Head|p1a: horsie
|-damage|p1a: horsie|18/100
|
|-heal|p1a: horsie|24/100|[from] item: Leftovers
|upkeep
|turn|16
|
|t:|1758955318
|move|p2a: Excadrill|Earthquake|p1a: horsie
|-damage|p1a: horsie|0 fnt
|faint|p1a: horsie
|
|upkeep
|
|t:|1758955321
|switch|p1a: ponie|Keldeo-Resolute|100/100
|turn|17
|
|t:|1758955335
|switch|p2a: Umbreon|Umbreon, F|100/100
|-damage|p2a: Umbreon|88/100|[from] Stealth Rock
|move|p1a: ponie|Secret Sword|p2a: Umbreon
|-supereffective|p2a: Umbreon
|-damage|p2a: Umbreon|15/100
|
|-heal|p2a: Umbreon|21/100|[from] item: Leftovers
|upkeep
|turn|18
|
|t:|1758955348
|move|p1a: ponie|Secret Sword|p2a: Umbreon
|-supereffective|p2a: Umbreon
|-damage|p2a: Umbreon|0 fnt
|faint|p2a: Umbreon
|
|upkeep
|
|t:|1758955356
|switch|p2a: Hatterene|Hatterene, F|61/100
|-damage|p2a: Hatterene|49/100|[from] Stealth Rock
|turn|19
|
|t:|1758955365
|move|p1a: ponie|Hydro Pump|p2a: Hatterene
|-damage|p2a: Hatterene|0 fnt
|faint|p2a: Hatterene
|
|upkeep
|
|t:|1758955374
|switch|p2a: Glimmora|Glimmora, M|100/100
|-damage|p2a: Glimmora|88/100|[from] Stealth Rock
|turn|20
|
|t:|1758955384
|move|p1a: ponie|Hydro Pump|p2a: Glimmora|[miss]
|-miss|p1a: ponie|p2a: Glimmora
|move|p2a: Glimmora|Mortal Spin|p1a: ponie
|-damage|p1a: ponie|92/100
|-status|p1a: ponie|psn
|-sideend|p2: noodle10101|Stealth Rock|[from] move: Mortal Spin|[of] p2a: Glimmora
|
|-damage|p1a: ponie|80/100 psn|[from] psn
|upkeep
|turn|21
|
|t:|1758955396
|switch|p2a: Volcanion|Volcanion|100/100
|move|p1a: ponie|Hydro Pump|p2a: Volcanion
|-immune|p2a: Volcanion|[from] ability: Water Absorb
|
|-damage|p1a: ponie|67/100 psn|[from] psn
|upkeep
|turn|22
|
|t:|1758955408
|switch|p2a: Glimmora|Glimmora, M|88/100
|switch|p1a: sillie|Tinkaton, F|66/100
|
|upkeep
|turn|23
|
|t:|1758955414
|move|p1a: sillie|Gigaton Hammer|p2a: Glimmora
|-supereffective|p2a: Glimmora
|-crit|p2a: Glimmora
|-damage|p2a: Glimmora|0 fnt
|-activate|p2a: Glimmora|ability: Toxic Debris
|-sidestart|p1: aawwa|move: Toxic Spikes
|faint|p2a: Glimmora
|
|upkeep
|
|t:|1758955422
|switch|p2a: Excadrill|Excadrill, M|97/100
|-ability|p2a: Excadrill|Mold Breaker
|turn|24
|
|t:|1758955432
|switch|p1a: ponie|Keldeo-Resolute|67/100 psn
|move|p2a: Excadrill|Earthquake|p1a: ponie
|-damage|p1a: ponie|4/100 psn
|
|-damage|p1a: ponie|0 fnt|[from] psn
|faint|p1a: ponie
|upkeep
|
|t:|1758955445
|switch|p1a: barnie|Dragonite, F|11/100
|turn|25
|
|t:|1758955449
|move|p2a: Excadrill|Iron Head|p1a: barnie
|-damage|p1a: barnie|0 fnt
|faint|p1a: barnie
|
|upkeep
|
|t:|1758955463
|switch|p1a: chewie|Weavile, F|100/100
|-ability|p1a: chewie|Pressure
|turn|26
|
|t:|1758955471
|switch|p2a: Volcanion|Volcanion|100/100
|-terastallize|p1a: chewie|Ghost
|move|p1a: chewie|Ice Shard|p2a: Volcanion
|-resisted|p2a: Volcanion
|-damage|p2a: Volcanion|96/100
|
|upkeep
|turn|27
|
|t:|1758955486
|switch|p1a: sillie|Tinkaton, F|66/100
|move|p2a: Volcanion|Steam Eruption|p1a: sillie
|-damage|p1a: sillie|15/100
|
|upkeep
|turn|28
|
|t:|1758955493
|move|p2a: Volcanion|Steam Eruption|p1a: sillie
|-damage|p1a: sillie|0 fnt
|faint|p1a: sillie
|
|upkeep
|
|t:|1758955497
|switch|p1a: goomie|Pecharunt|90/100
|-sideend|p1: aawwa|move: Toxic Spikes|[of] p1a: goomie
|turn|29
|
|t:|1758955501
|move|p2a: Volcanion|Steam Eruption|p1a: goomie
|-damage|p1a: goomie|41/100
|-status|p1a: goomie|brn
|move|p1a: goomie|Malignant Chain|p2a: Volcanion
|-damage|p2a: Volcanion|55/100
|-status|p2a: Volcanion|tox
|-start|p2a: Volcanion|confusion|[from] ability: Poison Puppeteer|[of] p1a: goomie
|
|-damage|p2a: Volcanion|49/100 tox|[from] psn
|-damage|p1a: goomie|35/100 brn|[from] brn
|upkeep
|turn|30
|
|t:|1758955516
|switch|p2a: Excadrill|Excadrill, M|97/100
|-ability|p2a: Excadrill|Mold Breaker
|move|p1a: goomie|Recover|p1a: goomie
|-heal|p1a: goomie|85/100 brn
|
|-damage|p1a: goomie|79/100 brn|[from] brn
|upkeep
|turn|31
|
|t:|1758955525
|move|p2a: Excadrill|Earthquake|p1a: goomie
|-supereffective|p1a: goomie
|-damage|p1a: goomie|27/100 brn
|move|p1a: goomie|Parting Shot|p2a: Excadrill
|-unboost|p2a: Excadrill|atk|1
|-unboost|p2a: Excadrill|spa|1
|
|t:|1758955528
|switch|p1a: chewie|Weavile, F, tera:Ghost|100/100|[from] Parting Shot
|-ability|p1a: chewie|Pressure
|
|upkeep
|turn|32
|
|t:|1758955538
|move|p1a: chewie|Knock Off|p2a: Excadrill
|-damage|p2a: Excadrill|24/100
|-enditem|p2a: Excadrill|Focus Sash|[from] move: Knock Off|[of] p1a: chewie
|move|p2a: Excadrill|Iron Head|p1a: chewie
|-damage|p1a: chewie|50/100
|
|upkeep
|turn|33
|
|t:|1758955551
|move|p1a: chewie|Knock Off|p2a: Excadrill
|-damage|p2a: Excadrill|0 fnt
|faint|p2a: Excadrill
|
|upkeep
|
|t:|1758955555
|switch|p2a: Volcanion|Volcanion|49/100 tox
|turn|34
|
|t:|1758955562
|move|p2a: Volcanion|Steam Eruption|p1a: chewie
|-damage|p1a: chewie|0 fnt
|faint|p1a: chewie
|
|-damage|p2a: Volcanion|43/100 tox|[from] psn
|upkeep
|
|t:|1758955565
|switch|p1a: goomie|Pecharunt|27/100 brn
|turn|35
|
|t:|1758955571
|move|p2a: Volcanion|Steam Eruption|p1a: goomie
|-damage|p1a: goomie|0 fnt
|faint|p1a: goomie
|
|win|noodle10101
|raw|aawwa's rating: 1258 &rarr; <strong>1233</strong><br />(-25 for losing)
|raw|noodle10101's rating: 1262 &rarr; <strong>1287</strong><br />(+25 for winning)
|c|☆aawwa|gg
|l|☆aawwa
|player|p1|
|c|☆noodle10101|Gg
|l|☆noodle10101
|player|p2|
