|j|☆sml shrek
|j|☆squirtlesquad1999
|t:|1759033737
|gametype|singles
|player|p1|sml shrek|hiker-gen4|1412
|player|p2|squirtlesquad1999|170|1422
|gen|9
|tier|[Gen 9] OU
|rated|
|rule|HP Percentage Mod: HP is shown in percentages
|rule|Endless Battle Clause: Forcing endless battles is banned
|rule|Species Clause: Limit one of each Pokémon
|rule|OHKO Clause: OHKO moves are banned
|rule|Evasion Items Clause: Evasion items are banned
|rule|Evasion Moves Clause: Evasion moves are banned
|rule|Evasion Abilities Clause: Evasion abilities are banned
|rule|Sleep Moves Clause: Sleep-inducing moves are banned
|clearpoke
|poke|p1|Ribombee, F|
|poke|p1|Cinderace, F|
|poke|p1|Great Tusk|
|poke|p1|Ting-Lu|
|poke|p1|Gholdengo|
|poke|p1|Sinistcha-Masterpiece|
|poke|p2|Cinderace, M|
|poke|p2|Garchomp, M|
|poke|p2|Blastoise, F|
|poke|p2|Pecharunt|
|poke|p2|Hatterene, F|
|poke|p2|Moltres-Galar|
|teampreview
|
|t:|1759033750
|teamsize|p1|6
|teamsize|p2|6
|start
|switch|p1a: Ribombee|Ribombee, F, shiny|100/100
|switch|p2a: Blastoise|Blastoise, F|100/100
|turn|1
|
|t:|1759033756
|move|p1a: Ribombee|Sticky Web|p2a: Blastoise
|-sidestart|p2: squirtlesquad1999|move: Sticky Web
|move|p2a: Blastoise|Surf|p1a: Ribombee
|-damage|p1a: Ribombee|61/100
|
|upkeep
|turn|2
|
|t:|1759033761
|switch|p1a: Sinistcha|Sinistcha-Masterpiece|100/100
|move|p2a: Blastoise|Rapid Spin|p1a: Sinistcha
|-immune|p1a: Sinistcha
|
|upkeep
|turn|3
|
|t:|1759033773
|move|p1a: Sinistcha|Stun Spore|p2a: Blastoise
|-status|p2a: Blastoise|par
|cant|p2a: Blastoise|par
|
|upkeep
|turn|4
|
|t:|1759033779
|move|p1a: Sinistcha|Calm Mind|p1a: Sinistcha
|-boost|p1a: Sinistcha|spa|1
|-boost|p1a: Sinistcha|spd|1
|cant|p2a: Blastoise|par
|
|upkeep
|turn|5
|
|t:|1759033790
|switch|p2a: Pecharunt|Pecharunt|100/100
|-activate|p2a: Pecharunt|move: Sticky Web
|-unboost|p2a: Pecharunt|spe|1
|move|p1a: Sinistcha|Hex|p2a: Pecharunt
|-supereffective|p2a: Pecharunt
|-damage|p2a: Pecharunt|17/100
|
|upkeep
|turn|6
|
|t:|1759033797
|move|p1a: Sinistcha|Hex|p2a: Pecharunt
|-supereffective|p2a: Pecharunt
|-damage|p2a: Pecharunt|0 fnt
|faint|p2a: Pecharunt
|
|upkeep
|
|t:|1759033799
|switch|p2a: Blastoise|Blastoise, F|100/100 par
|-activate|p2a: Blastoise|move: Sticky Web
|-unboost|p2a: Blastoise|spe|1
|turn|7
|
|t:|1759033804
|move|p1a: Sinistcha|Hex|p2a: Blastoise
|-damage|p2a: Blastoise|64/100 par
|move|p2a: Blastoise|Mirror Coat|p1a: Sinistcha
|-damage|p1a: Sinistcha|24/100
|
|-heal|p1a: Sinistcha|30/100|[from] item: Leftovers
|upkeep
|turn|8
|
|t:|1759033810
|move|p1a: Sinistcha|Strength Sap|p2a: Blastoise
|-unboost|p2a: Blastoise|atk|1
|-heal|p1a: Sinistcha|89/100
|cant|p2a: Blastoise|par
|
|-heal|p1a: Sinistcha|95/100|[from] item: Leftovers
|upkeep
|turn|9
|
|t:|1759033818
|move|p1a: Sinistcha|Calm Mind|p1a: Sinistcha
|-boost|p1a: Sinistcha|spa|1
|-boost|p1a: Sinistcha|spd|1
|move|p2a: Blastoise|Flip Turn|p1a: Sinistcha
|-resisted|p1a: Sinistcha
|-damage|p1a: Sinistcha|90/100
|
|t:|1759033831
|switch|p2a: Cinderace|Cinderace, M|100/100|[from] Flip Turn
|-activate|p2a: Cinderace|move: Sticky Web
|-unboost|p2a: Cinderace|spe|1
|
|-heal|p1a: Sinistcha|96/100|[from] item: Leftovers
|upkeep
|turn|10
|
|t:|1759033838
|move|p2a: Cinderace|Gunk Shot|p1a: Sinistcha
|-start|p2a: Cinderace|typechange|Poison|[from] ability: Libero
|-damage|p1a: Sinistcha|33/100
|move|p1a: Sinistcha|Stun Spore|p2a: Cinderace|[miss]
|-miss|p1a: Sinistcha|p2a: Cinderace
|
|-heal|p1a: Sinistcha|40/100|[from] item: Leftovers
|upkeep
|turn|11
|
|t:|1759033853
|move|p2a: Cinderace|Gunk Shot|p1a: Sinistcha|[miss]
|-miss|p2a: Cinderace|p1a: Sinistcha
|move|p1a: Sinistcha|Stun Spore|p2a: Cinderace
|-status|p2a: Cinderace|par
|
|-heal|p1a: Sinistcha|46/100|[from] item: Leftovers
|upkeep
|turn|12
|-message|squirtlesquad1999 forfeited.
|
|win|sml shrek
|raw|sml shrek's rating: 1412 &rarr; <strong>1433</strong><br />(+21 for winning)
|raw|squirtlesquad1999's rating: 1422 &rarr; <strong>1401</strong><br />(-21 for losing)
|l|☆squirtlesquad1999
|player|p2|
|l|☆sml shrek
|player|p1|
