|j|☆Yelo_Galaxy
|j|☆refind
|t:|1759033894
|gametype|singles
|player|p1|Yelo_Galaxy|169|1592
|player|p2|refind|elesa|1587
|gen|9
|tier|[Gen 9] OU
|rated|
|rule|HP Percentage Mod: HP is shown in percentages
|rule|Endless Battle Clause: Forcing endless battles is banned
|rule|Species Clause: Limit one of each Pokémon
|rule|OHKO Clause: OHKO moves are banned
|rule|Evasion Items Clause: Evasion items are banned
|rule|Evasion Moves Clause: Evasion moves are banned
|rule|Evasion Abilities Clause: Evasion abilities are banned
|rule|Sleep Moves Clause: Sleep-inducing moves are banned
|clearpoke
|poke|p1|Torkoal, F|
|poke|p1|Hatterene, F|
|poke|p1|Raging Bolt|
|poke|p1|Slither Wing|
|poke|p1|Venusaur, F|
|poke|p1|Walking Wake|
|poke|p2|Darkrai|
|poke|p2|Raging Bolt|
|poke|p2|Tornadus-Therian, M|
|poke|p2|Weezing-Galar, M|
|poke|p2|Iron Treads|
|poke|p2|Meowscarada, M|
|teampreview
|inactive|Battle timer is ON: inactive players will automatically lose when time's up. (requested by Yelo_Galaxy)
|c|☆Yelo_Galaxy|Glhf
|
|t:|1759033925
|teamsize|p1|6
|teamsize|p2|6
|start
|switch|p1a: Slither Wing|Slither Wing|100/100
|switch|p2a: Darkrai|Darkrai|100/100
|turn|1
|
|t:|1759033929
|switch|p2a: Weezing|Weezing-Galar, M|100/100
|-ability|p2a: Weezing|Neutralizing Gas
|move|p1a: Slither Wing|U-turn|p2a: Weezing
|-resisted|p2a: Weezing
|-damage|p2a: Weezing|94/100
|
|t:|1759033935
|-end|p1a: Slither Wing|Protosynthesis|[silent]
|switch|p1a: Hatterene|Hatterene, F|100/100|[from] U-turn
|-item|p1a: Hatterene|Air Balloon
|
|upkeep
|turn|2
|
|t:|1759033940
|switch|p1a: Slither Wing|Slither Wing|100/100
|move|p2a: Weezing|Strange Steam|p1a: Slither Wing
|-supereffective|p1a: Slither Wing
|-damage|p1a: Slither Wing|61/100
|
|upkeep
|turn|3
|
|t:|1759033949
|move|p1a: Slither Wing|Earthquake|p2a: Weezing
|-supereffective|p2a: Weezing
|-damage|p2a: Weezing|43/100
|move|p2a: Weezing|Will-O-Wisp|p1a: Slither Wing
|-status|p1a: Slither Wing|brn
|
|-damage|p1a: Slither Wing|54/100 brn|[from] brn
|upkeep
|turn|4
|
|t:|1759033955
|move|p1a: Slither Wing|Earthquake|p2a: Weezing
|-supereffective|p2a: Weezing
|-damage|p2a: Weezing|18/100
|move|p2a: Weezing|Pain Split|p1a: Slither Wing
|-sethp|p1a: Slither Wing|36/100 brn|[from] move: Pain Split|[silent]
|-sethp|p2a: Weezing|35/100|[from] move: Pain Split
|
|-damage|p1a: Slither Wing|30/100 brn|[from] brn
|upkeep
|turn|5
|
|t:|1759033962
|-end|p2a: Weezing|ability: Neutralizing Gas
|switch|p2a: Tornadus|Tornadus-Therian, M|100/100
|move|p1a: Slither Wing|Earthquake|p2a: Tornadus
|-immune|p2a: Tornadus
|
|-damage|p1a: Slither Wing|24/100 brn|[from] brn
|upkeep
|turn|6
|
|t:|1759033971
|-end|p1a: Slither Wing|Protosynthesis|[silent]
|switch|p1a: Torkoal|Torkoal, F|100/100
|-weather|SunnyDay|[from] ability: Drought|[of] p1a: Torkoal
|move|p2a: Tornadus|Knock Off|p1a: Torkoal
|-damage|p1a: Torkoal|85/100
|-enditem|p1a: Torkoal|Heat Rock|[from] move: Knock Off|[of] p2a: Tornadus
|
|-weather|SunnyDay|[upkeep]
|upkeep
|turn|7
|
|t:|1759033978
|move|p2a: Tornadus|Bleakwind Storm|p1a: Torkoal
|-damage|p1a: Torkoal|40/100
|move|p1a: Torkoal|Stealth Rock|p2a: Tornadus
|-sidestart|p2: refind|move: Stealth Rock
|
|-weather|SunnyDay|[upkeep]
|upkeep
|turn|8
|
|t:|1759033989
|switch|p1a: Walking Wake|Walking Wake|100/100
|-activate|p1a: Walking Wake|ability: Protosynthesis
|-start|p1a: Walking Wake|protosynthesisspe
|move|p2a: Tornadus|Knock Off|p1a: Walking Wake
|-damage|p1a: Walking Wake|78/100
|-enditem|p1a: Walking Wake|Wise Glasses|[from] move: Knock Off|[of] p2a: Tornadus
|
|-weather|SunnyDay|[upkeep]
|upkeep
|turn|9
|j| narwhale37
|
|t:|1759033998
|move|p1a: Walking Wake|Hydro Steam|p2a: Tornadus
|-damage|p2a: Tornadus|60/100
|move|p2a: Tornadus|Bleakwind Storm|p1a: Walking Wake
|-damage|p1a: Walking Wake|36/100
|
|-weather|SunnyDay|[upkeep]
|upkeep
|turn|10
|
|t:|1759034005
|move|p1a: Walking Wake|Draco Meteor|p2a: Tornadus
|-damage|p2a: Tornadus|16/100
|-unboost|p1a: Walking Wake|spa|2
|move|p2a: Tornadus|U-turn|p1a: Walking Wake
|-damage|p1a: Walking Wake|20/100
|
|t:|1759034018
|switch|p2a: Darkrai|Darkrai|100/100|[from] U-turn
|
|-weather|SunnyDay|[upkeep]
|upkeep
|turn|11
|
|t:|1759034025
|switch|p2a: Meowscarada|Meowscarada, M|100/100
|-damage|p2a: Meowscarada|88/100|[from] Stealth Rock
|move|p1a: Walking Wake|Flip Turn|p2a: Meowscarada
|-resisted|p2a: Meowscarada
|-damage|p2a: Meowscarada|83/100
|
|t:|1759034028
|-end|p1a: Walking Wake|Protosynthesis|[silent]
|switch|p1a: Slither Wing|Slither Wing|24/100 brn|[from] Flip Turn
|-activate|p1a: Slither Wing|ability: Protosynthesis
|-start|p1a: Slither Wing|protosynthesisatk
|
|-weather|SunnyDay|[upkeep]
|-damage|p1a: Slither Wing|18/100 brn|[from] brn
|upkeep
|turn|12
|
|t:|1759034033
|switch|p2a: Iron Treads|Iron Treads|100/100
|-damage|p2a: Iron Treads|98/100|[from] Stealth Rock
|-end|p1a: Slither Wing|Protosynthesis|[silent]
|switch|p1a: Walking Wake|Walking Wake|20/100
|-activate|p1a: Walking Wake|ability: Protosynthesis
|-start|p1a: Walking Wake|protosynthesisspe
|
|-weather|SunnyDay|[upkeep]
|-heal|p2a: Iron Treads|100/100|[from] item: Leftovers
|upkeep
|turn|13
|
|t:|1759034042
|-end|p2a: Iron Treads|Quark Drive|[silent]
|switch|p2a: Meowscarada|Meowscarada, M|83/100
|-damage|p2a: Meowscarada|70/100|[from] Stealth Rock
|move|p1a: Walking Wake|Hydro Steam|p2a: Meowscarada
|-resisted|p2a: Meowscarada
|-damage|p2a: Meowscarada|20/100
|
|-weather|none
|-end|p1a: Walking Wake|Protosynthesis
|upkeep
|turn|14
|
|t:|1759034052
|-end|p1a: Walking Wake|Protosynthesis|[silent]
|switch|p1a: Slither Wing|Slither Wing|18/100 brn
|move|p2a: Meowscarada|U-turn|p1a: Slither Wing
|-start|p2a: Meowscarada|typechange|Bug|[from] ability: Protean
|-resisted|p1a: Slither Wing
|-damage|p1a: Slither Wing|0 fnt
|faint|p1a: Slither Wing
|-end|p1a: Slither Wing|Protosynthesis|[silent]
|
|t:|1759034058
|switch|p2a: Iron Treads|Iron Treads|100/100|[from] U-turn
|-damage|p2a: Iron Treads|98/100|[from] Stealth Rock
|
|-heal|p2a: Iron Treads|100/100|[from] item: Leftovers
|upkeep
|
|t:|1759034063
|switch|p1a: Walking Wake|Walking Wake|20/100
|turn|15
|
|t:|1759034065
|move|p1a: Walking Wake|Hydro Steam|p2a: Iron Treads
|-supereffective|p2a: Iron Treads
|-damage|p2a: Iron Treads|37/100
|move|p2a: Iron Treads|Rapid Spin|p1a: Walking Wake
|-damage|p1a: Walking Wake|6/100
|-boost|p2a: Iron Treads|spe|1
|-sideend|p2: refind|Stealth Rock|[from] move: Rapid Spin|[of] p2a: Iron Treads
|
|-heal|p2a: Iron Treads|43/100|[from] item: Leftovers
|upkeep
|turn|16
|
|t:|1759034076
|-end|p1a: Walking Wake|Protosynthesis|[silent]
|switch|p1a: Torkoal|Torkoal, F|40/100
|-weather|SunnyDay|[from] ability: Drought|[of] p1a: Torkoal
|move|p2a: Iron Treads|Earthquake|p1a: Torkoal
|-supereffective|p1a: Torkoal
|-damage|p1a: Torkoal|0 fnt
|faint|p1a: Torkoal
|
|-weather|SunnyDay|[upkeep]
|-heal|p2a: Iron Treads|49/100|[from] item: Leftovers
|upkeep
|j| rookie Jonathan
|
|t:|1759034081
|switch|p1a: Walking Wake|Walking Wake|6/100
|-activate|p1a: Walking Wake|ability: Protosynthesis
|-start|p1a: Walking Wake|protosynthesisspe
|turn|17
|
|t:|1759034090
|-end|p2a: Iron Treads|Quark Drive|[silent]
|switch|p2a: Weezing|Weezing-Galar, M|35/100
|-ability|p2a: Weezing|Neutralizing Gas
|move|p1a: Walking Wake|Hydro Steam|p2a: Weezing
|-damage|p2a: Weezing|0 fnt
|faint|p2a: Weezing
|-end|p2a: Weezing|ability: Neutralizing Gas
|
|-weather|SunnyDay|[upkeep]
|upkeep
|
|t:|1759034094
|switch|p2a: Meowscarada|Meowscarada, M|20/100
|turn|18
|
|t:|1759034099
|move|p2a: Meowscarada|U-turn|p1a: Walking Wake
|-start|p2a: Meowscarada|typechange|Bug|[from] ability: Protean
|-damage|p1a: Walking Wake|0 fnt
|faint|p1a: Walking Wake
|-end|p1a: Walking Wake|Protosynthesis|[silent]
|
|t:|1759034105
|switch|p2a: Tornadus|Tornadus-Therian, M|49/100|[from] U-turn
|
|-weather|SunnyDay|[upkeep]
|upkeep
|-message|Yelo_Galaxy forfeited.
|
|win|refind
|raw|Yelo_Galaxy's rating: 1592 &rarr; <strong>1572</strong><br />(-20 for losing)
|raw|refind's rating: 1587 &rarr; <strong>1607</strong><br />(+20 for winning)
|l|☆Yelo_Galaxy
|player|p1|
|l| rookie Jonathan
|l|☆refind
|player|p2|
