|j|☆VeraxVGC
|j|☆mdjdjdjjd
|t:|1758919777
|gametype|singles
|player|p1|VeraxVGC|richboy|1065
|player|p2|mdjdjdjjd|266|1074
|gen|9
|tier|[Gen 9] OU
|rated|
|rule|HP Percentage Mod: HP is shown in percentages
|rule|Endless Battle Clause: Forcing endless battles is banned
|rule|Species Clause: Limit one of each Pokémon
|rule|OHKO Clause: OHKO moves are banned
|rule|Evasion Items Clause: Evasion items are banned
|rule|Evasion Moves Clause: Evasion moves are banned
|rule|Evasion Abilities Clause: Evasion abilities are banned
|rule|Sleep Moves Clause: Sleep-inducing moves are banned
|clearpoke
|poke|p1|Ceruledge, F|
|poke|p1|Landorus-Therian, M|
|poke|p1|Masquerain, F|
|poke|p1|Weavile, F|
|poke|p1|Garganacl, M|
|poke|p1|Iron Treads|
|poke|p2|Iron Treads|
|poke|p2|Gholdengo|
|poke|p2|Samurott-Hisui, F|
|poke|p2|Moltres|
|poke|p2|Zamazenta-*|
|poke|p2|Hydrapple, M|
|teampreview
|inactive|Battle timer is ON: inactive players will automatically lose when time's up. (requested by VeraxVGC)
|inactive|mdjdjdjjd has 120 seconds left.
|
|t:|1758919820
|teamsize|p1|6
|teamsize|p2|6
|start
|switch|p1a: Weavile|Weavile, F|100/100
|switch|p2a: Gholdengo|Gholdengo|100/100
|-ability|p1a: Weavile|Pressure
|turn|1
|
|t:|1758919836
|switch|p2a: Moltres|Moltres|100/100
|move|p1a: Weavile|Knock Off|p2a: Moltres
|-damage|p2a: Moltres|66/100
|-enditem|p2a: Moltres|Heavy-Duty Boots|[from] move: Knock Off|[of] p1a: Weavile
|
|upkeep
|turn|2
|
|t:|1758919850
|move|p1a: Weavile|Triple Axel|p2a: Moltres
|-damage|p2a: Moltres|59/100
|-status|p1a: Weavile|brn|[from] ability: Flame Body|[of] p2a: Moltres
|-damage|p2a: Moltres|52/100
|-damage|p2a: Moltres|41/100
|-hitcount|p2a: Moltres|3
|move|p2a: Moltres|Roost|p2a: Moltres
|-heal|p2a: Moltres|91/100
|-singleturn|p2a: Moltres|move: Roost
|
|-damage|p1a: Weavile|94/100 brn|[from] brn
|upkeep
|turn|3
|inactive|VeraxVGC has 120 seconds left.
|
|t:|1758919884
|switch|p1a: Garganacl|Garganacl, M|100/100
|move|p2a: Moltres|Flamethrower|p1a: Garganacl
|-resisted|p1a: Garganacl
|-damage|p1a: Garganacl|87/100
|
|-heal|p1a: Garganacl|94/100|[from] item: Leftovers
|upkeep
|turn|4
|
|t:|1758919892
|switch|p2a: Gholdengo|Gholdengo|100/100
|move|p1a: Garganacl|Salt Cure|p2a: Gholdengo
|-resisted|p2a: Gholdengo
|-crit|p2a: Gholdengo
|-damage|p2a: Gholdengo|92/100
|
|-heal|p1a: Garganacl|99/100|[from] item: Leftovers
|upkeep
|turn|5
|inactive|VeraxVGC has 120 seconds left.
|
|t:|1758919907
|switch|p1a: Weavile|Weavile, F|94/100 brn
|-ability|p1a: Weavile|Pressure
|move|p2a: Gholdengo|Make It Rain|p1a: Weavile
|-supereffective|p1a: Weavile
|-damage|p1a: Weavile|0 fnt
|-unboost|p2a: Gholdengo|spa|1
|faint|p1a: Weavile
|
|upkeep
|inactive|VeraxVGC has 120 seconds left.
|
|t:|1758919917
|switch|p1a: Landorus|Landorus-Therian, M|100/100
|-ability|p1a: Landorus|Intimidate|boost
|-unboost|p2a: Gholdengo|atk|1
|turn|6
|inactive|VeraxVGC has 120 seconds left.
|
|t:|1758919928
|switch|p2a: Hydrapple|Hydrapple, M, shiny|100/100
|move|p1a: Landorus|U-turn|p2a: Hydrapple
|-supereffective|p2a: Hydrapple
|-crit|p2a: Hydrapple
|-damage|p2a: Hydrapple|38/100
|
|t:|1758919933
|switch|p1a: Ceruledge|Ceruledge, F|100/100|[from] U-turn
|
|upkeep
|turn|7
|inactive|VeraxVGC has 120 seconds left.
|
|t:|1758919946
|move|p1a: Ceruledge|Swords Dance|p1a: Ceruledge
|-boost|p1a: Ceruledge|atk|2
|move|p2a: Hydrapple|Dragon Tail|p1a: Ceruledge
|-damage|p1a: Ceruledge|80/100
|-ability|p1a: Ceruledge|Weak Armor|boost
|-unboost|p1a: Ceruledge|def|1
|-boost|p1a: Ceruledge|spe|2
|drag|p1a: Garganacl|Garganacl, M|99/100
|
|-heal|p1a: Garganacl|100/100|[from] item: Leftovers
|upkeep
|turn|8
|inactive|VeraxVGC has 120 seconds left.
|
|t:|1758919963
|switch|p2a: Gholdengo|Gholdengo|92/100
|move|p1a: Garganacl|Salt Cure|p2a: Gholdengo
|-resisted|p2a: Gholdengo
|-damage|p2a: Gholdengo|87/100
|
|upkeep
|turn|9
|inactive|VeraxVGC has 120 seconds left.
|
|t:|1758919975
|switch|p1a: Iron Treads|Iron Treads|100/100
|-enditem|p1a: Iron Treads|Booster Energy
|-activate|p1a: Iron Treads|ability: Quark Drive|[fromitem]
|-start|p1a: Iron Treads|quarkdrivespe
|move|p2a: Gholdengo|Shadow Ball|p1a: Iron Treads
|-damage|p1a: Iron Treads|51/100
|-unboost|p1a: Iron Treads|spd|1
|
|upkeep
|turn|10
|inactive|VeraxVGC has 120 seconds left.
|
|t:|1758919986
|switch|p2a: Moltres|Moltres|91/100
|move|p1a: Iron Treads|Knock Off|p2a: Moltres
|-damage|p2a: Moltres|78/100
|-status|p1a: Iron Treads|brn|[from] ability: Flame Body|[of] p2a: Moltres
|
|-damage|p1a: Iron Treads|45/100 brn|[from] brn
|upkeep
|turn|11
|
|t:|1758919993
|move|p1a: Iron Treads|Stealth Rock|p2a: Moltres
|-sidestart|p2: mdjdjdjjd|move: Stealth Rock
|move|p2a: Moltres|U-turn|p1a: Iron Treads
|-resisted|p1a: Iron Treads
|-damage|p1a: Iron Treads|38/100 brn
|
|t:|1758920007
|switch|p2a: Iron Treads|Iron Treads|100/100|[from] U-turn
|-damage|p2a: Iron Treads|97/100|[from] Stealth Rock
|
|-heal|p2a: Iron Treads|100/100|[from] item: Leftovers
|-damage|p1a: Iron Treads|32/100 brn|[from] brn
|upkeep
|turn|12
|
|t:|1758920020
|move|p1a: Iron Treads|Knock Off|p2a: Iron Treads
|-damage|p2a: Iron Treads|89/100
|-enditem|p2a: Iron Treads|Leftovers|[from] move: Knock Off|[of] p1a: Iron Treads
|move|p2a: Iron Treads|Stealth Rock|p1a: Iron Treads
|-sidestart|p1: VeraxVGC|move: Stealth Rock
|
|-damage|p1a: Iron Treads|26/100 brn|[from] brn
|upkeep
|turn|13
|
|t:|1758920026
|move|p1a: Iron Treads|Stealth Rock||[still]
|-fail|p1a: Iron Treads
|move|p2a: Iron Treads|Rapid Spin|p1a: Iron Treads
|-resisted|p1a: Iron Treads
|-damage|p1a: Iron Treads|20/100 brn
|-boost|p2a: Iron Treads|spe|1
|-sideend|p2: mdjdjdjjd|Stealth Rock|[from] move: Rapid Spin|[of] p2a: Iron Treads
|
|-damage|p1a: Iron Treads|14/100 brn|[from] brn
|upkeep
|turn|14
|
|t:|1758920037
|move|p1a: Iron Treads|Rapid Spin|p2a: Iron Treads
|-resisted|p2a: Iron Treads
|-damage|p2a: Iron Treads|87/100
|-boost|p1a: Iron Treads|spe|1
|-sideend|p1: VeraxVGC|Stealth Rock|[from] move: Rapid Spin|[of] p1a: Iron Treads
|move|p2a: Iron Treads|Rapid Spin|p1a: Iron Treads
|-resisted|p1a: Iron Treads
|-damage|p1a: Iron Treads|9/100 brn
|-boost|p2a: Iron Treads|spe|1
|
|-damage|p1a: Iron Treads|3/100 brn|[from] brn
|upkeep
|turn|15
|inactive|VeraxVGC has 120 seconds left.
|
|t:|1758920081
|move|p1a: Iron Treads|Stealth Rock|p2a: Iron Treads
|-sidestart|p2: mdjdjdjjd|move: Stealth Rock
|move|p2a: Iron Treads|Rapid Spin|p1a: Iron Treads
|-resisted|p1a: Iron Treads
|-damage|p1a: Iron Treads|0 fnt
|-boost|p2a: Iron Treads|spe|1
|-sideend|p2: mdjdjdjjd|Stealth Rock|[from] move: Rapid Spin|[of] p2a: Iron Treads
|faint|p1a: Iron Treads
|-end|p1a: Iron Treads|Quark Drive|[silent]
|
|upkeep
|
|t:|1758920088
|switch|p1a: Masquerain|Masquerain, F|100/100
|-ability|p1a: Masquerain|Intimidate|boost
|-unboost|p2a: Iron Treads|atk|1
|turn|16
|
|t:|1758920093
|move|p2a: Iron Treads|Stealth Rock|p1a: Masquerain
|-sidestart|p1: VeraxVGC|move: Stealth Rock
|move|p1a: Masquerain|Sticky Web|p2a: Iron Treads
|-sidestart|p2: mdjdjdjjd|move: Sticky Web
|
|upkeep
|turn|17
|inactive|VeraxVGC has 120 seconds left.
|
|t:|1758920098
|move|p2a: Iron Treads|Earthquake|p1a: Masquerain
|-immune|p1a: Masquerain
|move|p1a: Masquerain|U-turn|p2a: Iron Treads
|-resisted|p2a: Iron Treads
|-damage|p2a: Iron Treads|81/100
|inactive|VeraxVGC has 120 seconds left.
|
|t:|1758920104
|switch|p1a: Garganacl|Garganacl, M|100/100|[from] U-turn
|-damage|p1a: Garganacl|88/100|[from] Stealth Rock
|
|-heal|p1a: Garganacl|94/100|[from] item: Leftovers
|upkeep
|turn|18
|inactive|VeraxVGC has 120 seconds left.
|-message|VeraxVGC forfeited.
|
|win|mdjdjdjjd
|raw|VeraxVGC's rating: 1065 &rarr; <strong>1046</strong><br />(-19 for losing)
|raw|mdjdjdjjd's rating: 1074 &rarr; <strong>1102</strong><br />(+28 for winning)
|l|☆VeraxVGC
|player|p1|
