|j|☆ArcadianSkies
|j|☆BadExtremelyBad
|t:|1758987693
|gametype|singles
|player|p1|ArcadianSkies|volkner|1550
|player|p2|BadExtremelyBad|101|1473
|gen|9
|tier|[Gen 9] OU
|rated|
|rule|HP Percentage Mod: HP is shown in percentages
|rule|Endless Battle Clause: Forcing endless battles is banned
|rule|Species Clause: Limit one of each Pokémon
|rule|OHKO Clause: OHKO moves are banned
|rule|Evasion Items Clause: Evasion items are banned
|rule|Evasion Moves Clause: Evasion moves are banned
|rule|Evasion Abilities Clause: Evasion abilities are banned
|rule|Sleep Moves Clause: Sleep-inducing moves are banned
|clearpoke
|poke|p1|Pelipper, M|
|poke|p1|Barraskewda, M|
|poke|p1|Raging Bolt|
|poke|p1|Overqwil, M|
|poke|p1|Iron Treads|
|poke|p1|Kingdra, F|
|poke|p2|Ogerpon-Wellspring, F|
|poke|p2|Raging Bolt|
|poke|p2|Ting-Lu|
|poke|p2|Great Tusk|
|poke|p2|Scizor, M|
|poke|p2|Pecharunt|
|teampreview
|inactive|Battle timer is ON: inactive players will automatically lose when time's up. (requested by ArcadianSkies)
|
|t:|1758987708
|teamsize|p1|6
|teamsize|p2|6
|start
|switch|p1a: Downer Ending|Pelipper, M|100/100
|switch|p2a: Raging Bolt|Raging Bolt|100/100
|-weather|RainDance|[from] ability: Drizzle|[of] p1a: Downer Ending
|turn|1
|
|t:|1758987713
|switch|p1a: Escape From L.A.|Iron Treads|100/100
|move|p2a: Raging Bolt|Draco Meteor|p1a: Escape From L.A.
|-resisted|p1a: Escape From L.A.
|-damage|p1a: Escape From L.A.|66/100
|-unboost|p2a: Raging Bolt|spa|2
|
|-weather|RainDance|[upkeep]
|upkeep
|turn|2
|
|t:|1758987720
|-end|p2a: Raging Bolt|Protosynthesis|[silent]
|switch|p2a: Ting-Lu|Ting-Lu|100/100
|-ability|p2a: Ting-Lu|Vessel of Ruin
|move|p1a: Escape From L.A.|Earthquake|p2a: Ting-Lu
|-damage|p2a: Ting-Lu|79/100
|
|-weather|RainDance|[upkeep]
|-heal|p2a: Ting-Lu|85/100|[from] item: Leftovers
|upkeep
|turn|3
|
|t:|1758987727
|-end|p1a: Escape From L.A.|Quark Drive|[silent]
|switch|p1a: ThatsTooMuchMan|Kingdra, F|100/100
|move|p2a: Ting-Lu|Ruination|p1a: ThatsTooMuchMan
|-damage|p1a: ThatsTooMuchMan|51/100
|
|-weather|RainDance|[upkeep]
|-heal|p2a: Ting-Lu|91/100|[from] item: Leftovers
|upkeep
|turn|4
|
|t:|1758987732
|switch|p2a: Ogerpon|Ogerpon-Wellspring, F|100/100
|move|p1a: ThatsTooMuchMan|Focus Energy|p1a: ThatsTooMuchMan
|-start|p1a: ThatsTooMuchMan|move: Focus Energy
|
|-weather|RainDance|[upkeep]
|upkeep
|turn|5
|
|t:|1758987738
|move|p1a: ThatsTooMuchMan|Draco Meteor|p2a: Ogerpon
|-crit|p2a: Ogerpon
|-damage|p2a: Ogerpon|0 fnt
|-unboost|p1a: ThatsTooMuchMan|spa|2
|faint|p2a: Ogerpon
|
|-weather|RainDance|[upkeep]
|upkeep
|
|t:|1758987744
|switch|p2a: Pecharunt|Pecharunt|100/100
|turn|6
|
|t:|1758987749
|move|p1a: ThatsTooMuchMan|Draco Meteor|p2a: Pecharunt
|-crit|p2a: Pecharunt
|-damage|p2a: Pecharunt|8/100
|-unboost|p1a: ThatsTooMuchMan|spa|2
|move|p2a: Pecharunt|Parting Shot|p1a: ThatsTooMuchMan
|-unboost|p1a: ThatsTooMuchMan|atk|1
|-unboost|p1a: ThatsTooMuchMan|spa|1
|-message|BadExtremelyBad forfeited.
|
|win|ArcadianSkies
|raw|ArcadianSkies's rating: 1550 &rarr; <strong>1566</strong><br />(+16 for winning)
|raw|BadExtremelyBad's rating: 1473 &rarr; <strong>1457</strong><br />(-16 for losing)
|l|☆BadExtremelyBad
|player|p2|
