|j|☆boxhero147
|j|☆capitolg
|t:|1758935205
|gametype|singles
|player|p1|boxhero147|veteran|1284
|player|p2|capitolg|bellelba|1256
|gen|9
|tier|[Gen 9] OU
|rated|
|rule|HP Percentage Mod: HP is shown in percentages
|rule|Endless Battle Clause: Forcing endless battles is banned
|rule|Species Clause: Limit one of each Pokémon
|rule|OHKO Clause: OHKO moves are banned
|rule|Evasion Items Clause: Evasion items are banned
|rule|Evasion Moves Clause: Evasion moves are banned
|rule|Evasion Abilities Clause: Evasion abilities are banned
|rule|Sleep Moves Clause: Sleep-inducing moves are banned
|clearpoke
|poke|p1|Slowbro-Galar, M|
|poke|p1|Scizor, M|
|poke|p1|Zamazenta-*|
|poke|p1|Landorus-Therian, M|
|poke|p1|Alomomola, F|
|poke|p1|Darkrai|
|poke|p2|Masquerain, M|
|poke|p2|Articuno-Galar|
|poke|p2|Smeargle, M|
|poke|p2|Empoleon, F|
|poke|p2|Passimian, F|
|poke|p2|Chandelure, F|
|teampreview
|
|t:|1758935215
|teamsize|p1|6
|teamsize|p2|6
|start
|switch|p1a: Scizor|Scizor, M|100/100
|switch|p2a: Masquerain|Masquerain, M|100/100
|-ability|p2a: Masquerain|Intimidate|boost
|-unboost|p1a: Scizor|atk|1
|turn|1
|
|t:|1758935219
|move|p1a: Scizor|U-turn|p2a: Masquerain
|-resisted|p2a: Masquerain
|-damage|p2a: Masquerain|71/100
|
|t:|1758935224
|switch|p1a: Alomomola|Alomomola, F|100/100|[from] U-turn
|move|p2a: Masquerain|Sticky Web|p1a: Alomomola
|-sidestart|p1: boxhero147|move: Sticky Web
|
|upkeep
|turn|2
|
|t:|1758935228
|switch|p2a: Smeargle|Smeargle, M|100/100
|move|p1a: Alomomola|Body Slam|p2a: Smeargle
|-damage|p2a: Smeargle|60/100
|
|upkeep
|turn|3
|
|t:|1758935232
|move|p2a: Smeargle|Court Change|p2a: Smeargle
|-swapsideconditions
|-activate|p2a: Smeargle|move: Court Change
|move|p1a: Alomomola|Flip Turn|p2a: Smeargle
|-damage|p2a: Smeargle|15/100
|
|t:|1758935244
|switch|p1a: Scizor|Scizor, M|100/100|[from] Flip Turn
|
|upkeep
|turn|4
|
|t:|1758935248
|move|p2a: Smeargle|Burning Bulwark|p2a: Smeargle
|-singleturn|p2a: Smeargle|move: Protect
|move|p1a: Scizor|U-turn|p2a: Smeargle
|-activate|p2a: Smeargle|move: Protect
|-status|p1a: Scizor|brn
|
|-damage|p1a: Scizor|94/100 brn|[from] brn
|upkeep
|turn|5
|
|t:|1758935252
|move|p1a: Scizor|U-turn|p2a: Smeargle
|-damage|p2a: Smeargle|0 fnt
|faint|p2a: Smeargle
|
|t:|1758935259
|switch|p1a: Alomomola|Alomomola, F|100/100|[from] U-turn
|
|upkeep
|
|t:|1758935264
|switch|p2a: Masquerain|Masquerain, M|71/100
|-ability|p2a: Masquerain|Intimidate|boost
|-unboost|p1a: Alomomola|atk|1
|turn|6
|
|t:|1758935268
|move|p2a: Masquerain|Bug Buzz|p1a: Alomomola
|-damage|p1a: Alomomola|46/100
|move|p1a: Alomomola|Body Slam|p2a: Masquerain
|-damage|p2a: Masquerain|55/100
|
|upkeep
|turn|7
|
|t:|1758935274
|move|p2a: Masquerain|Bug Buzz|p1a: Alomomola
|-damage|p1a: Alomomola|0 fnt
|faint|p1a: Alomomola
|
|upkeep
|
|t:|1758935278
|switch|p1a: Slowbro|Slowbro-Galar, M|100/100
|turn|8
|-activate|p1a: Slowbro|item: Quick Claw
|
|t:|1758935281
|move|p1a: Slowbro|Belly Drum|p1a: Slowbro
|-damage|p1a: Slowbro|51/100
|-setboost|p1a: Slowbro|atk|6|[from] move: Belly Drum
|move|p2a: Masquerain|Bug Buzz|p1a: Slowbro
|-damage|p1a: Slowbro|0 fnt
|faint|p1a: Slowbro
|
|upkeep
|
|t:|1758935288
|switch|p1a: Landorus|Landorus-Therian, M|100/100
|-ability|p1a: Landorus|Intimidate|boost
|-unboost|p2a: Masquerain|atk|1
|turn|9
|
|t:|1758935291
|move|p1a: Landorus|U-turn|p2a: Masquerain
|-resisted|p2a: Masquerain
|-damage|p2a: Masquerain|40/100
|
|t:|1758935294
|switch|p1a: Scizor|Scizor, M|94/100 brn|[from] U-turn
|move|p2a: Masquerain|Ice Beam|p1a: Scizor
|-resisted|p1a: Scizor
|-damage|p1a: Scizor|75/100 brn
|
|-damage|p1a: Scizor|69/100 brn|[from] brn
|upkeep
|turn|10
|
|t:|1758935305
|switch|p2a: Chandelure|Chandelure, F|100/100
|-activate|p2a: Chandelure|move: Sticky Web
|-unboost|p2a: Chandelure|spe|1
|move|p1a: Scizor|U-turn|p2a: Chandelure
|-resisted|p2a: Chandelure
|-damage|p2a: Chandelure|92/100
|
|t:|1758935308
|switch|p1a: Landorus|Landorus-Therian, M|100/100|[from] U-turn
|-ability|p1a: Landorus|Intimidate|boost
|-unboost|p2a: Chandelure|atk|1
|
|upkeep
|turn|11
|
|t:|1758935312
|move|p1a: Landorus|Earthquake|p2a: Chandelure
|-supereffective|p2a: Chandelure
|-damage|p2a: Chandelure|0 fnt
|faint|p2a: Chandelure
|
|upkeep
|
|t:|1758935315
|switch|p2a: Articuno|Articuno-Galar|100/100
|-activate|p2a: Articuno|move: Sticky Web
|-unboost|p2a: Articuno|spe|1
|-ability|p2a: Articuno|Competitive|boost
|-boost|p2a: Articuno|spa|2
|turn|12
|
|t:|1758935336
|move|p1a: Landorus|U-turn|p2a: Articuno
|-damage|p2a: Articuno|77/100
|
|t:|1758935342
|switch|p1a: Scizor|Scizor, M|69/100 brn|[from] U-turn
|move|p2a: Articuno|Trick Room|p2a: Articuno
|-fieldstart|move: Trick Room|[of] p2a: Articuno
|
|-damage|p1a: Scizor|63/100 brn|[from] brn
|upkeep
|turn|13
|
|t:|1758935351
|switch|p2a: Masquerain|Masquerain, M|40/100
|-ability|p2a: Masquerain|Intimidate|boost
|-unboost|p1a: Scizor|atk|1
|move|p1a: Scizor|Bullet Punch|p2a: Masquerain
|-damage|p2a: Masquerain|16/100
|
|-damage|p1a: Scizor|57/100 brn|[from] brn
|upkeep
|turn|14
|
|t:|1758935353
|move|p1a: Scizor|Bullet Punch|p2a: Masquerain
|-damage|p2a: Masquerain|0 fnt
|faint|p2a: Masquerain
|
|-damage|p1a: Scizor|51/100 brn|[from] brn
|upkeep
|
|t:|1758935357
|switch|p2a: Passimian|Passimian, F|100/100
|-activate|p2a: Passimian|move: Sticky Web
|-unboost|p2a: Passimian|spe|1
|-ability|p2a: Passimian|Defiant|boost
|-boost|p2a: Passimian|atk|2
|turn|15
|
|t:|1758935361
|move|p1a: Scizor|Bullet Punch|p2a: Passimian
|-damage|p2a: Passimian|84/100
|move|p2a: Passimian|Drain Punch|p1a: Scizor
|-damage|p1a: Scizor|0 fnt
|-heal|p2a: Passimian|100/100|[from] drain|[of] p1a: Scizor
|faint|p1a: Scizor
|
|upkeep
|
|t:|1758935366
|switch|p1a: Landorus|Landorus-Therian, M|100/100
|-ability|p1a: Landorus|Intimidate|boost
|-unboost|p2a: Passimian|atk|1
|-ability|p2a: Passimian|Defiant|boost
|-boost|p2a: Passimian|atk|2
|turn|16
|
|t:|1758935371
|move|p2a: Passimian|Drain Punch|p1a: Landorus
|-resisted|p1a: Landorus
|-damage|p1a: Landorus|60/100
|-damage|p2a: Passimian|84/100|[from] item: Rocky Helmet|[of] p1a: Landorus
|move|p1a: Landorus|Earthquake|p2a: Passimian
|-damage|p2a: Passimian|39/100
|
|-fieldend|move: Trick Room
|upkeep
|turn|17
|
|t:|1758935373
|move|p1a: Landorus|Earthquake|p2a: Passimian
|-damage|p2a: Passimian|0 fnt
|faint|p2a: Passimian
|
|upkeep
|
|t:|1758935375
|switch|p2a: Articuno|Articuno-Galar|77/100
|-activate|p2a: Articuno|move: Sticky Web
|-unboost|p2a: Articuno|spe|1
|-ability|p2a: Articuno|Competitive|boost
|-boost|p2a: Articuno|spa|2
|turn|18
|c|☆boxhero147|what item does articuno have
|
|t:|1758935391
|move|p1a: Landorus|Earthquake|p2a: Articuno
|-damage|p2a: Articuno|28/100
|move|p2a: Articuno|Trick Room|p2a: Articuno
|-fieldstart|move: Trick Room|[of] p2a: Articuno
|
|upkeep
|turn|19
|
|t:|1758935397
|move|p2a: Articuno|Freezing Glare|p1a: Landorus
|-damage|p1a: Landorus|0 fnt
|faint|p1a: Landorus
|
|upkeep
|
|t:|1758935401
|switch|p1a: Darkrai|Darkrai|100/100
|turn|20
|
|t:|1758935404
|-terastallize|p2a: Articuno|Fighting
|move|p2a: Articuno|Tera Blast|p1a: Darkrai|[anim] Tera Blast Fighting
|-supereffective|p1a: Darkrai
|-damage|p1a: Darkrai|0 fnt
|faint|p1a: Darkrai
|
|upkeep
|
|t:|1758935408
|switch|p1a: Zamazenta|Zamazenta|100/100
|-ability|p1a: Zamazenta|Dauntless Shield|boost
|-boost|p1a: Zamazenta|def|1
|turn|21
|
|t:|1758935413
|-terastallize|p1a: Zamazenta|Fire
|move|p2a: Articuno|Freezing Glare|p1a: Zamazenta
|-damage|p1a: Zamazenta|27/100
|move|p1a: Zamazenta|Body Press|p2a: Articuno
|-damage|p2a: Articuno|0 fnt
|faint|p2a: Articuno
|
|-heal|p1a: Zamazenta|33/100|[from] item: Leftovers
|upkeep
|
|t:|1758935415
|switch|p2a: Empoleon|Empoleon, F|100/100
|-activate|p2a: Empoleon|move: Sticky Web
|-unboost|p2a: Empoleon|spe|1
|-ability|p2a: Empoleon|Competitive|boost
|-boost|p2a: Empoleon|spa|2
|turn|22
|
|t:|1758935420
|move|p2a: Empoleon|Surf|p1a: Zamazenta
|-supereffective|p1a: Zamazenta
|-damage|p1a: Zamazenta|0 fnt
|faint|p1a: Zamazenta
|
|win|capitolg
|raw|boxhero147's rating: 1284 &rarr; <strong>1257</strong><br />(-27 for losing)
|raw|capitolg's rating: 1256 &rarr; <strong>1283</strong><br />(+27 for winning)
|l|☆capitolg
|player|p2|
|l|☆boxhero147
|player|p1|
