|badge|p1|bronze|gen9ou|100-6
|html|<div class="broadcast-red"><strong>This battle is required to be public due to one or more player having a season medal.</strong><br />During the public phase, you can discuss the state of the ladder <a href="/seasondiscussion">in a special chatroom.</a></div>
|uhtml|medal-msg|<div class="broadcast-blue">Curious what those medals under the avatar are? PS now has Ladder Seasons! For more information, check out the <a href="https://www.smogon.com/forums/threads/3740067/">thread on Smogon.</a></div>
|badge|p2|bronze|gen9ou|100-6
|uhtml|medal-msg|<div class="broadcast-blue">Curious what those medals under the avatar are? PS now has Ladder Seasons! For more information, check out the <a href="https://www.smogon.com/forums/threads/3740067/">thread on Smogon.</a></div>
|raw|<div class="broadcast-blue"><strong>This battle is required to be public due to a player having a name starting with 'medal'.</div>
|j|☆osiris seth
|j|‽JackRG1
|t:|1759023373
|gametype|singles
|player|p1|osiris seth|psychicf-gen4|1868
|player|p2|JackRG1|dawn-gen4pt|1872
|gen|9
|tier|[Gen 9] OU
|rated|
|rule|HP Percentage Mod: HP is shown in percentages
|rule|Endless Battle Clause: Forcing endless battles is banned
|rule|Species Clause: Limit one of each Pokémon
|rule|OHKO Clause: OHKO moves are banned
|rule|Evasion Items Clause: Evasion items are banned
|rule|Evasion Moves Clause: Evasion moves are banned
|rule|Evasion Abilities Clause: Evasion abilities are banned
|rule|Sleep Moves Clause: Sleep-inducing moves are banned
|clearpoke
|poke|p1|Amoonguss, F|
|poke|p1|Alomomola, M|
|poke|p1|Great Tusk|
|poke|p1|Cinderace, M|
|poke|p1|Darkrai|
|poke|p1|Enamorus, F|
|poke|p2|Tyranitar, M|
|poke|p2|Excadrill, F|
|poke|p2|Tornadus-Therian, M|
|poke|p2|Hydrapple, M|
|poke|p2|Garganacl, M|
|poke|p2|Corviknight, F|
|teampreview
|inactive|Battle timer is ON: inactive players will automatically lose when time's up. (requested by JackRG1)
|
|t:|1759023384
|teamsize|p1|6
|teamsize|p2|6
|start
|switch|p1a: Alomomola|Alomomola, M|100/100
|switch|p2a: Tyranitar|Tyranitar, M|100/100
|-weather|Sandstorm|[from] ability: Sand Stream|[of] p2a: Tyranitar
|turn|1
|
|t:|1759023393
|move|p2a: Tyranitar|Knock Off|p1a: Alomomola
|-damage|p1a: Alomomola|36/100
|-enditem|p1a: Alomomola|Assault Vest|[from] move: Knock Off|[of] p2a: Tyranitar
|move|p1a: Alomomola|Flip Turn|p2a: Tyranitar
|-supereffective|p2a: Tyranitar
|-damage|p2a: Tyranitar|67/100
|
|t:|1759023412
|switch|p1a: Enamorus|Enamorus, F|100/100|[from] Flip Turn
|
|-weather|Sandstorm|[upkeep]
|-damage|p1a: Enamorus|94/100|[from] Sandstorm
|upkeep
|turn|2
|
|t:|1759023415
|switch|p2a: Garganacl|Garganacl, M|100/100
|move|p1a: Enamorus|Moonblast|p2a: Garganacl
|-damage|p2a: Garganacl|66/100
|
|-weather|Sandstorm|[upkeep]
|-damage|p1a: Enamorus|88/100|[from] Sandstorm
|-heal|p2a: Garganacl|72/100|[from] item: Leftovers
|upkeep
|turn|3
|
|t:|1759023421
|switch|p1a: Amoonguss|Amoonguss, F|100/100
|move|p2a: Garganacl|Salt Cure|p1a: Amoonguss
|-damage|p1a: Amoonguss|90/100
|-start|p1a: Amoonguss|Salt Cure
|
|-weather|Sandstorm|[upkeep]
|-damage|p1a: Amoonguss|84/100|[from] Sandstorm
|-heal|p2a: Garganacl|78/100|[from] item: Leftovers
|-damage|p1a: Amoonguss|71/100|[from] Salt Cure
|upkeep
|turn|4
|
|t:|1759023424
|move|p2a: Garganacl|Stealth Rock|p1a: Amoonguss
|-sidestart|p1: osiris seth|move: Stealth Rock
|move|p1a: Amoonguss|Leaf Storm|p2a: Garganacl
|-supereffective|p2a: Garganacl
|-damage|p2a: Garganacl|45/100
|-unboost|p1a: Amoonguss|spa|2
|-enditem|p1a: Amoonguss|Eject Pack
|
|t:|1759023435
|switch|p1a: Great Tusk|Great Tusk|100/100
|-damage|p1a: Great Tusk|98/100|[from] Stealth Rock
|
|-weather|Sandstorm|[upkeep]
|-heal|p2a: Garganacl|51/100|[from] item: Leftovers
|upkeep
|turn|5
|
|t:|1759023440
|switch|p2a: Hydrapple|Hydrapple, M|100/100
|move|p1a: Great Tusk|Close Combat|p2a: Hydrapple
|-damage|p2a: Hydrapple|64/100
|-unboost|p1a: Great Tusk|def|1
|-unboost|p1a: Great Tusk|spd|1
|
|-weather|none
|upkeep
|turn|6
|
|t:|1759023445
|-end|p1a: Great Tusk|Protosynthesis|[silent]
|switch|p1a: Cinderace|Cinderace, M|100/100
|move|p2a: Hydrapple|Giga Drain|p1a: Cinderace
|-resisted|p1a: Cinderace
|-damage|p1a: Cinderace|82/100
|-heal|p2a: Hydrapple|72/100|[from] drain|[of] p1a: Cinderace
|
|upkeep
|turn|7
|
|t:|1759023449
|move|p1a: Cinderace|Court Change|p1a: Cinderace
|-swapsideconditions
|-activate|p1a: Cinderace|move: Court Change
|move|p2a: Hydrapple|Earth Power|p1a: Cinderace
|-supereffective|p1a: Cinderace
|-damage|p1a: Cinderace|22/100
|
|upkeep
|turn|8
|
|t:|1759023452
|move|p1a: Cinderace|U-turn|p2a: Hydrapple
|-supereffective|p2a: Hydrapple
|-damage|p2a: Hydrapple|49/100
|
|t:|1759023454
|switch|p1a: Enamorus|Enamorus, F|88/100|[from] U-turn
|move|p2a: Hydrapple|Giga Drain|p1a: Enamorus
|-resisted|p1a: Enamorus
|-damage|p1a: Enamorus|68/100
|-heal|p2a: Hydrapple|56/100|[from] drain|[of] p1a: Enamorus
|
|upkeep
|turn|9
|
|t:|1759023459
|switch|p2a: Excadrill|Excadrill, F|100/100
|-damage|p2a: Excadrill|97/100|[from] Stealth Rock
|move|p1a: Enamorus|Moonblast|p2a: Excadrill
|-resisted|p2a: Excadrill
|-damage|p2a: Excadrill|46/100
|
|-heal|p2a: Excadrill|52/100|[from] item: Leftovers
|upkeep
|turn|10
|
|t:|1759023463
|-terastallize|p1a: Enamorus|Stellar
|move|p1a: Enamorus|Moonblast|p2a: Excadrill
|-resisted|p2a: Excadrill
|-damage|p2a: Excadrill|0 fnt
|faint|p2a: Excadrill
|
|upkeep
|
|t:|1759023467
|switch|p2a: Tornadus|Tornadus-Therian, M|100/100
|-damage|p2a: Tornadus|76/100|[from] Stealth Rock
|turn|11
|j| IM AT MY LIMIT
|
|t:|1759023471
|switch|p1a: Alomomola|Alomomola, M|69/100
|move|p2a: Tornadus|Bleakwind Storm|p1a: Alomomola
|-damage|p1a: Alomomola|17/100
|-unboost|p1a: Alomomola|spe|1
|
|upkeep
|turn|12
|
|t:|1759023477
|switch|p1a: Darkrai|Darkrai|100/100
|move|p2a: Tornadus|Bleakwind Storm|p1a: Darkrai
|-damage|p1a: Darkrai|2/100
|
|upkeep
|turn|13
|
|t:|1759023481
|switch|p1a: Enamorus|Enamorus, F, tera:Stellar|68/100
|switch|p2a: Tyranitar|Tyranitar, M|67/100
|-damage|p2a: Tyranitar|55/100|[from] Stealth Rock
|-weather|Sandstorm|[from] ability: Sand Stream|[of] p2a: Tyranitar
|
|-weather|Sandstorm|[upkeep]
|-damage|p1a: Enamorus|62/100|[from] Sandstorm
|upkeep
|turn|14
|
|t:|1759023484
|-terastallize|p2a: Tyranitar|Rock
|move|p1a: Enamorus|Moonblast|p2a: Tyranitar
|-damage|p2a: Tyranitar|4/100
|move|p2a: Tyranitar|Ice Punch|p1a: Enamorus
|-supereffective|p1a: Enamorus
|-damage|p1a: Enamorus|0 fnt
|faint|p1a: Enamorus
|
|-weather|Sandstorm|[upkeep]
|upkeep
|
|t:|1759023489
|switch|p1a: Cinderace|Cinderace, M|22/100
|turn|15
|
|t:|1759023494
|move|p1a: Cinderace|Pyro Ball|p2a: Tyranitar
|-resisted|p2a: Tyranitar
|-damage|p2a: Tyranitar|0 fnt
|faint|p2a: Tyranitar
|
|-weather|Sandstorm|[upkeep]
|-damage|p1a: Cinderace|16/100|[from] Sandstorm
|upkeep
|
|t:|1759023511
|switch|p2a: Garganacl|Garganacl, M|51/100
|-damage|p2a: Garganacl|39/100|[from] Stealth Rock
|turn|16
|
|t:|1759023519
|move|p1a: Cinderace|U-turn|p2a: Garganacl
|-damage|p2a: Garganacl|28/100
|
|t:|1759023524
|switch|p1a: Great Tusk|Great Tusk|98/100|[from] U-turn
|move|p2a: Garganacl|Recover|p2a: Garganacl
|-heal|p2a: Garganacl|78/100
|
|-weather|Sandstorm|[upkeep]
|-heal|p2a: Garganacl|84/100|[from] item: Leftovers
|upkeep
|turn|17
|
|t:|1759023528
|switch|p2a: Hydrapple|Hydrapple, M|90/100
|move|p1a: Great Tusk|Close Combat|p2a: Hydrapple
|-damage|p2a: Hydrapple|54/100
|-unboost|p1a: Great Tusk|def|1
|-unboost|p1a: Great Tusk|spd|1
|
|-weather|none
|upkeep
|turn|18
|l| IM AT MY LIMIT
|
|t:|1759023535
|-end|p1a: Great Tusk|Protosynthesis|[silent]
|switch|p1a: Amoonguss|Amoonguss, F|100/100
|move|p2a: Hydrapple|Nasty Plot|p2a: Hydrapple
|-boost|p2a: Hydrapple|spa|2
|
|upkeep
|turn|19
|
|t:|1759023542
|move|p2a: Hydrapple|Draco Meteor|p1a: Amoonguss
|-damage|p1a: Amoonguss|8/100
|-unboost|p2a: Hydrapple|spa|2
|move|p1a: Amoonguss|Toxic|p2a: Hydrapple
|-status|p2a: Hydrapple|tox
|
|-damage|p2a: Hydrapple|48/100 tox|[from] psn
|upkeep
|turn|20
|
|t:|1759023549
|switch|p1a: Alomomola|Alomomola, M|50/100
|move|p2a: Hydrapple|Giga Drain|p1a: Alomomola
|-supereffective|p1a: Alomomola
|-damage|p1a: Alomomola|5/100
|-heal|p2a: Hydrapple|77/100 tox|[from] drain|[of] p1a: Alomomola
|
|-damage|p2a: Hydrapple|65/100 tox|[from] psn
|upkeep
|turn|21
|
|t:|1759023554
|switch|p1a: Amoonguss|Amoonguss, F|41/100
|move|p2a: Hydrapple|Draco Meteor|p1a: Amoonguss
|-damage|p1a: Amoonguss|0 fnt
|-unboost|p2a: Hydrapple|spa|2
|faint|p1a: Amoonguss
|
|-damage|p2a: Hydrapple|47/100 tox|[from] psn
|upkeep
|
|t:|1759023558
|switch|p1a: Darkrai|Darkrai|2/100
|turn|22
|
|t:|1759023561
|switch|p2a: Garganacl|Garganacl, M|84/100
|-damage|p2a: Garganacl|72/100|[from] Stealth Rock
|move|p1a: Darkrai|Dark Pulse|p2a: Garganacl
|-damage|p2a: Garganacl|45/100
|
|-heal|p2a: Garganacl|51/100|[from] item: Leftovers
|upkeep
|turn|23
|
|t:|1759023567
|move|p1a: Darkrai|Knock Off|p2a: Garganacl
|-damage|p2a: Garganacl|21/100
|-enditem|p2a: Garganacl|Leftovers|[from] move: Knock Off|[of] p1a: Darkrai
|move|p2a: Garganacl|Recover|p2a: Garganacl
|-heal|p2a: Garganacl|71/100
|
|upkeep
|turn|24
|
|t:|1759023574
|switch|p1a: Great Tusk|Great Tusk|98/100
|move|p2a: Garganacl|Salt Cure|p1a: Great Tusk
|-resisted|p1a: Great Tusk
|-damage|p1a: Great Tusk|95/100
|-start|p1a: Great Tusk|Salt Cure
|
|-damage|p1a: Great Tusk|82/100|[from] Salt Cure
|upkeep
|turn|25
|
|t:|1759023579
|-end|p1a: Great Tusk|Protosynthesis|[silent]
|switch|p1a: Darkrai|Darkrai|2/100
|switch|p2a: Corviknight|Corviknight, F|100/100
|-damage|p2a: Corviknight|88/100|[from] Stealth Rock
|-ability|p2a: Corviknight|Pressure
|
|upkeep
|turn|26
|
|t:|1759023586
|move|p1a: Darkrai|Dark Pulse|p2a: Corviknight
|-damage|p2a: Corviknight|39/100
|move|p2a: Corviknight|U-turn|p1a: Darkrai
|-supereffective|p1a: Darkrai
|-damage|p1a: Darkrai|0 fnt
|faint|p1a: Darkrai
|
|t:|1759023589
|switch|p2a: Tornadus|Tornadus-Therian, M|100/100|[from] U-turn
|-damage|p2a: Tornadus|76/100|[from] Stealth Rock
|
|upkeep
|j| larp legion
|
|t:|1759023596
|switch|p1a: Great Tusk|Great Tusk|82/100
|turn|27
|l| larp legion
|
|t:|1759023604
|switch|p2a: Garganacl|Garganacl, M|71/100
|-damage|p2a: Garganacl|59/100|[from] Stealth Rock
|move|p1a: Great Tusk|Ice Spinner|p2a: Garganacl
|-damage|p2a: Garganacl|41/100
|
|upkeep
|turn|28
|
|t:|1759023608
|-end|p1a: Great Tusk|Protosynthesis|[silent]
|switch|p1a: Alomomola|Alomomola, M|38/100
|move|p2a: Garganacl|Recover|p2a: Garganacl
|-heal|p2a: Garganacl|91/100
|
|upkeep
|turn|29
|
|t:|1759023612
|move|p1a: Alomomola|Flip Turn|p2a: Garganacl
|-supereffective|p2a: Garganacl
|-damage|p2a: Garganacl|67/100
|
|t:|1759023614
|switch|p1a: Great Tusk|Great Tusk|82/100|[from] Flip Turn
|move|p2a: Garganacl|Stealth Rock|p1a: Great Tusk
|-sidestart|p1: osiris seth|move: Stealth Rock
|
|upkeep
|turn|30
|
|t:|1759023621
|switch|p2a: Hydrapple|Hydrapple, M|80/100 tox
|move|p1a: Great Tusk|Close Combat|p2a: Hydrapple
|-damage|p2a: Hydrapple|45/100 tox
|-unboost|p1a: Great Tusk|def|1
|-unboost|p1a: Great Tusk|spd|1
|
|-damage|p2a: Hydrapple|39/100 tox|[from] psn
|upkeep
|turn|31
|
|t:|1759023627
|-end|p1a: Great Tusk|Protosynthesis|[silent]
|switch|p1a: Cinderace|Cinderace, M|16/100
|move|p2a: Hydrapple|Giga Drain|p1a: Cinderace
|-resisted|p1a: Cinderace
|-damage|p1a: Cinderace|0 fnt
|-heal|p2a: Hydrapple|46/100 tox|[from] drain|[of] p1a: Cinderace
|faint|p1a: Cinderace
|
|-damage|p2a: Hydrapple|34/100 tox|[from] psn
|upkeep
|
|t:|1759023629
|switch|p1a: Great Tusk|Great Tusk|82/100
|-damage|p1a: Great Tusk|79/100|[from] Stealth Rock
|turn|32
|
|t:|1759023640
|switch|p2a: Tornadus|Tornadus-Therian, M|100/100
|-damage|p2a: Tornadus|76/100|[from] Stealth Rock
|move|p1a: Great Tusk|Close Combat|p2a: Tornadus
|-resisted|p2a: Tornadus
|-damage|p2a: Tornadus|34/100
|-unboost|p1a: Great Tusk|def|1
|-unboost|p1a: Great Tusk|spd|1
|
|upkeep
|turn|33
|
|t:|1759023649
|move|p1a: Great Tusk|Close Combat|p2a: Tornadus
|-resisted|p2a: Tornadus
|-crit|p2a: Tornadus
|-damage|p2a: Tornadus|0 fnt
|-unboost|p1a: Great Tusk|def|1
|-unboost|p1a: Great Tusk|spd|1
|faint|p2a: Tornadus
|
|upkeep
|
|t:|1759023650
|switch|p2a: Hydrapple|Hydrapple, M|67/100 tox
|turn|34
|j| IM AT MY LIMIT
|
|t:|1759023653
|-end|p1a: Great Tusk|Protosynthesis|[silent]
|switch|p1a: Alomomola|Alomomola, M|71/100
|-damage|p1a: Alomomola|59/100|[from] Stealth Rock
|move|p2a: Hydrapple|Giga Drain|p1a: Alomomola
|-supereffective|p1a: Alomomola
|-damage|p1a: Alomomola|16/100
|-heal|p2a: Hydrapple|94/100 tox|[from] drain|[of] p1a: Alomomola
|
|-damage|p2a: Hydrapple|88/100 tox|[from] psn
|upkeep
|turn|35
|
|t:|1759023657
|move|p2a: Hydrapple|Giga Drain|p1a: Alomomola
|-supereffective|p1a: Alomomola
|-damage|p1a: Alomomola|0 fnt
|-heal|p2a: Hydrapple|99/100 tox|[from] drain|[of] p1a: Alomomola
|faint|p1a: Alomomola
|
|-damage|p2a: Hydrapple|87/100 tox|[from] psn
|upkeep
|-message|osiris seth forfeited.
|
|win|JackRG1
|raw|osiris seth's rating: 1868 &rarr; <strong>1848</strong><br />(-20 for losing)
|raw|JackRG1's rating: 1872 &rarr; <strong>1892</strong><br />(+20 for winning)
|l|☆osiris seth
|player|p1|
|l|‽JackRG1
|player|p2|
