|j|☆cozyprincemshroom
|j|☆rikao01
|t:|1759073107
|gametype|singles
|player|p1|cozyprincemshroom|waiter|1158
|player|p2|rikao01|hilbert|1203
|gen|9
|tier|[Gen 9] OU
|rated|
|rule|HP Percentage Mod: HP is shown in percentages
|rule|Endless Battle Clause: Forcing endless battles is banned
|rule|Species Clause: Limit one of each Pokémon
|rule|OHKO Clause: OHKO moves are banned
|rule|Evasion Items Clause: Evasion items are banned
|rule|Evasion Moves Clause: Evasion moves are banned
|rule|Evasion Abilities Clause: Evasion abilities are banned
|rule|Sleep Moves Clause: Sleep-inducing moves are banned
|clearpoke
|poke|p1|Munkidori, M|
|poke|p1|Lycanroc-Dusk, M|
|poke|p1|Altaria, M|
|poke|p1|Poliwrath, M|
|poke|p1|Meganium, F|
|poke|p1|Inteleon, F|
|poke|p2|Umbreon, M|
|poke|p2|Great Tusk|
|poke|p2|Gholdengo|
|poke|p2|Iron Moth|
|poke|p2|Ogerpon-Wellspring, F|
|poke|p2|Garchomp, F|
|teampreview
|inactive|Battle timer is ON: inactive players will automatically lose when time's up. (requested by cozyprincemshroom)
|c|☆rikao01|cool team!
|c|☆rikao01|Gl hf :)
|
|t:|1759073123
|teamsize|p1|6
|teamsize|p2|6
|start
|switch|p1a: Inteleon|Inteleon, F|100/100
|switch|p2a: Great Tusk|Great Tusk|100/100
|turn|1
|
|t:|1759073130
|-end|p2a: Great Tusk|Protosynthesis|[silent]
|switch|p2a: Ogerpon|Ogerpon-Wellspring, F|100/100
|move|p1a: Inteleon|Ice Beam|p2a: Ogerpon
|-damage|p2a: Ogerpon|54/100
|-damage|p1a: Inteleon|91/100|[from] item: Life Orb
|
|upkeep
|turn|2
|
|t:|1759073140
|-terastallize|p1a: Inteleon|Bug
|-terastallize|p2a: Ogerpon|Water
|detailschange|p2a: Ogerpon|Ogerpon-Wellspring-Tera, F, tera:Water
|-ability|p2a: Ogerpon|Embody Aspect (Wellspring)|boost
|-boost|p2a: Ogerpon|spd|1
|move|p1a: Inteleon|Tera Blast|p2a: Ogerpon|[anim] Tera Blast Bug
|-damage|p2a: Ogerpon|11/100
|-damage|p1a: Inteleon|81/100|[from] item: Life Orb
|move|p2a: Ogerpon|Wood Hammer|p1a: Inteleon
|-resisted|p1a: Inteleon
|-damage|p1a: Inteleon|18/100
|-damage|p2a: Ogerpon|0 fnt|[from] Recoil
|faint|p2a: Ogerpon
|detailschange|p2: Ogerpon|Ogerpon-Wellspring, F|[silent]
|
|upkeep
|
|t:|1759073154
|switch|p2a: Iron Moth|Iron Moth|100/100
|-enditem|p2a: Iron Moth|Booster Energy
|-activate|p2a: Iron Moth|ability: Quark Drive|[fromitem]
|-start|p2a: Iron Moth|quarkdrivespe
|turn|3
|
|t:|1759073161
|switch|p1a: Munkidori|Munkidori, M|100/100
|move|p2a: Iron Moth|Fiery Dance|p1a: Munkidori
|-crit|p1a: Munkidori
|-damage|p1a: Munkidori|28/100
|
|upkeep
|turn|4
|
|t:|1759073168
|move|p2a: Iron Moth|Fiery Dance|p1a: Munkidori
|-damage|p1a: Munkidori|0 fnt
|-boost|p2a: Iron Moth|spa|1
|faint|p1a: Munkidori
|
|upkeep
|
|t:|1759073175
|switch|p1a: Lycanroc|Lycanroc-Dusk, M|100/100
|turn|5
|
|t:|1759073178
|move|p1a: Lycanroc|Accelerock|p2a: Iron Moth
|-supereffective|p2a: Iron Moth
|-damage|p2a: Iron Moth|10/100
|-damage|p1a: Lycanroc|91/100|[from] item: Life Orb
|move|p2a: Iron Moth|Energy Ball|p1a: Lycanroc
|-supereffective|p1a: Lycanroc
|-damage|p1a: Lycanroc|0 fnt
|faint|p1a: Lycanroc
|
|upkeep
|
|t:|1759073188
|switch|p1a: Altaria|Altaria, M|100/100
|turn|6
|
|t:|1759073191
|move|p2a: Iron Moth|Discharge|p1a: Altaria
|-damage|p1a: Altaria|65/100
|move|p1a: Altaria|Draco Meteor|p2a: Iron Moth
|-damage|p2a: Iron Moth|0 fnt
|-unboost|p1a: Altaria|spa|2
|faint|p2a: Iron Moth
|-end|p2a: Iron Moth|Quark Drive|[silent]
|
|-heal|p1a: Altaria|71/100|[from] item: Leftovers
|upkeep
|
|t:|1759073201
|switch|p2a: Umbreon|Umbreon, M, shiny|100/100
|turn|7
|
|t:|1759073205
|switch|p1a: Poliwrath|Poliwrath, M|100/100
|move|p2a: Umbreon|Thunder Wave|p1a: Poliwrath
|-status|p1a: Poliwrath|par
|
|upkeep
|turn|8
|
|t:|1759073213
|move|p2a: Umbreon|Foul Play|p1a: Poliwrath
|-resisted|p1a: Poliwrath
|-damage|p1a: Poliwrath|80/100 par
|move|p1a: Poliwrath|Drain Punch|p2a: Umbreon
|-supereffective|p2a: Umbreon
|-damage|p2a: Umbreon|49/100
|-heal|p1a: Poliwrath|100/100 par|[from] drain|[of] p2a: Umbreon
|
|-heal|p2a: Umbreon|55/100|[from] item: Leftovers
|upkeep
|turn|9
|
|t:|1759073225
|switch|p2a: Gholdengo|Gholdengo|100/100
|cant|p1a: Poliwrath|par
|
|upkeep
|turn|10
|
|t:|1759073231
|move|p2a: Gholdengo|Psyshock|p1a: Poliwrath
|-supereffective|p1a: Poliwrath
|-damage|p1a: Poliwrath|49/100 par
|move|p1a: Poliwrath|Liquidation|p2a: Gholdengo
|-damage|p2a: Gholdengo|55/100
|
|-heal|p1a: Poliwrath|55/100 par|[from] item: Leftovers
|upkeep
|turn|11
|
|t:|1759073240
|move|p2a: Gholdengo|Psyshock|p1a: Poliwrath
|-supereffective|p1a: Poliwrath
|-damage|p1a: Poliwrath|0 fnt
|faint|p1a: Poliwrath
|
|upkeep
|
|t:|1759073245
|switch|p1a: Inteleon|Inteleon, F, tera:Bug|18/100
|turn|12
|
|t:|1759073249
|move|p2a: Gholdengo|Psyshock|p1a: Inteleon
|-damage|p1a: Inteleon|0 fnt
|faint|p1a: Inteleon
|
|upkeep
|-message|cozyprincemshroom forfeited.
|
|win|rikao01
|raw|cozyprincemshroom's rating: 1158 &rarr; <strong>1136</strong><br />(-22 for losing)
|raw|rikao01's rating: 1203 &rarr; <strong>1225</strong><br />(+22 for winning)
|l|☆cozyprincemshroom
|player|p1|
|l|☆rikao01
|player|p2|
