|j|☆IN Campion
|j|☆Abottleodumb
|t:|1759046707
|gametype|singles
|player|p1|IN Campion|n|1093
|player|p2|Abottleodumb|101|1149
|gen|9
|tier|[Gen 9] OU
|rated|
|rule|HP Percentage Mod: HP is shown in percentages
|rule|Endless Battle Clause: Forcing endless battles is banned
|rule|Species Clause: Limit one of each Pokémon
|rule|OHKO Clause: OHKO moves are banned
|rule|Evasion Items Clause: Evasion items are banned
|rule|Evasion Moves Clause: Evasion moves are banned
|rule|Evasion Abilities Clause: Evasion abilities are banned
|rule|Sleep Moves Clause: Sleep-inducing moves are banned
|clearpoke
|poke|p1|Zoroark-Hisui, M|
|poke|p1|Gengar, M|
|poke|p1|Gliscor, M|
|poke|p1|Decidueye, M|
|poke|p1|Inteleon, M|
|poke|p1|Umbreon, M|
|poke|p2|Gengar, M|
|poke|p2|Dragapult, M|
|poke|p2|Chandelure, F|
|poke|p2|Drifblim, F|
|poke|p2|Palossand, M|
|poke|p2|Mimikyu, F|
|teampreview
|
|t:|1759046719
|teamsize|p1|6
|teamsize|p2|6
|start
|switch|p1a: Gliscor|Gliscor, M|100/100
|switch|p2a: Charlotte|Chandelure, F|100/100
|turn|1
|
|t:|1759046729
|move|p2a: Charlotte|Will-O-Wisp|p1a: Gliscor
|-status|p1a: Gliscor|brn
|move|p1a: Gliscor|Earthquake|p2a: Charlotte
|-supereffective|p2a: Charlotte
|-damage|p2a: Charlotte|55/100
|-enditem|p2a: Charlotte|Weakness Policy
|-boost|p2a: Charlotte|atk|2|[from] item: Weakness Policy
|-boost|p2a: Charlotte|spa|2|[from] item: Weakness Policy
|
|-damage|p1a: Gliscor|94/100 brn|[from] brn
|upkeep
|turn|2
|
|t:|1759046768
|-terastallize|p2a: Charlotte|Fire
|move|p2a: Charlotte|Calm Mind|p2a: Charlotte
|-boost|p2a: Charlotte|spa|1
|-boost|p2a: Charlotte|spd|1
|move|p1a: Gliscor|Earthquake|p2a: Charlotte
|-supereffective|p2a: Charlotte
|-damage|p2a: Charlotte|11/100
|
|-damage|p1a: Gliscor|88/100 brn|[from] brn
|upkeep
|turn|3
|
|t:|1759046782
|move|p2a: Charlotte|Shadow Ball|p1a: Gliscor
|-damage|p1a: Gliscor|0 fnt
|faint|p1a: Gliscor
|
|upkeep
|
|t:|1759046788
|switch|p1a: Inteleon|Inteleon, M|100/100
|turn|4
|
|t:|1759046798
|move|p1a: Inteleon|Vacuum Wave|p2a: Charlotte
|-damage|p2a: Charlotte|0 fnt
|faint|p2a: Charlotte
|
|upkeep
|
|t:|1759046803
|switch|p2a: Giovanni|Gengar, M, shiny|100/100
|turn|5
|
|t:|1759046815
|move|p1a: Inteleon|Snipe Shot|p2a: Giovanni
|-damage|p2a: Giovanni|33/100
|move|p2a: Giovanni|Thunderbolt|p1a: Inteleon
|-supereffective|p1a: Inteleon
|-damage|p1a: Inteleon|0 fnt
|faint|p1a: Inteleon
|
|-heal|p2a: Giovanni|39/100|[from] item: Black Sludge
|upkeep
|
|t:|1759046827
|switch|p1a: Decidueye|Decidueye, M|100/100
|turn|6
|
|t:|1759046834
|-terastallize|p1a: Decidueye|Dark
|move|p2a: Giovanni|Shadow Ball|p1a: Decidueye
|-resisted|p1a: Decidueye
|-damage|p1a: Decidueye|81/100
|move|p1a: Decidueye|Swords Dance|p1a: Decidueye
|-boost|p1a: Decidueye|atk|2
|
|-heal|p2a: Giovanni|45/100|[from] item: Black Sludge
|upkeep
|turn|7
|
|t:|1759046852
|move|p1a: Decidueye|Sucker Punch|p2a: Giovanni
|-supereffective|p2a: Giovanni
|-damage|p2a: Giovanni|0 fnt
|faint|p2a: Giovanni
|
|upkeep
|
|t:|1759046861
|switch|p2a: Margaux|Mimikyu, F, shiny|100/100
|turn|8
|
|t:|1759046868
|switch|p1a: Gengar|Gengar, M|100/100
|-item|p1a: Gengar|Air Balloon
|move|p2a: Margaux|Swords Dance|p2a: Margaux
|-boost|p2a: Margaux|atk|2
|
|upkeep
|turn|9
|
|t:|1759046881
|move|p1a: Gengar|Encore|p2a: Margaux
|-start|p2a: Margaux|Encore
|move|p2a: Margaux|Swords Dance|p2a: Margaux
|-boost|p2a: Margaux|atk|2
|
|upkeep
|turn|10
|
|t:|1759046895
|switch|p2a: Donovan|Dragapult, M, shiny|100/100
|move|p1a: Gengar|Dazzling Gleam|p2a: Donovan
|-supereffective|p2a: Donovan
|-damage|p2a: Donovan|20/100
|
|upkeep
|turn|11
|
|t:|1759046904
|move|p2a: Donovan|U-turn|p1a: Gengar
|-resisted|p1a: Gengar
|-damage|p1a: Gengar|84/100
|-enditem|p1a: Gengar|Air Balloon
|-damage|p2a: Donovan|10/100|[from] item: Life Orb
|
|t:|1759046916
|switch|p2a: Deliah|Drifblim, F, shiny|100/100|[from] U-turn
|move|p1a: Gengar|Dazzling Gleam|p2a: Deliah
|-damage|p2a: Deliah|69/100
|
|upkeep
|turn|12
|
|t:|1759046924
|move|p1a: Gengar|Sludge Wave|p2a: Deliah
|-resisted|p2a: Deliah
|-damage|p2a: Deliah|40/100
|move|p2a: Deliah|Phantom Force||[still]
|-prepare|p2a: Deliah|Phantom Force
|
|upkeep
|turn|13
|
|t:|1759046933
|move|p1a: Gengar|Dazzling Gleam|p2a: Deliah|[miss]
|-miss|p1a: Gengar|p2a: Deliah
|move|p2a: Deliah|Phantom Force|p1a: Gengar|[from] lockedmove
|-supereffective|p1a: Gengar
|-damage|p1a: Gengar|0 fnt
|-start|p2a: Deliah|Disable|Phantom Force|[from] ability: Cursed Body|[of] p1a: Gengar
|faint|p1a: Gengar
|
|upkeep
|
|t:|1759046942
|switch|p1a: Decidueye|Decidueye, M, tera:Dark|81/100
|turn|14
|
|t:|1759046954
|move|p1a: Decidueye|Sucker Punch||[still]
|-fail|p1a: Decidueye
|move|p2a: Deliah|Strength Sap|p1a: Decidueye
|-unboost|p1a: Decidueye|atk|1
|-heal|p2a: Deliah|100/100
|
|upkeep
|turn|15
|
|t:|1759046963
|move|p2a: Deliah|Will-O-Wisp|p1a: Decidueye
|-status|p1a: Decidueye|brn
|move|p1a: Decidueye|Swords Dance|p1a: Decidueye
|-boost|p1a: Decidueye|atk|2
|
|-damage|p1a: Decidueye|75/100 brn|[from] brn
|upkeep
|turn|16
|
|t:|1759046973
|move|p1a: Decidueye|Sucker Punch|p2a: Deliah
|-supereffective|p2a: Deliah
|-crit|p2a: Deliah
|-damage|p2a: Deliah|40/100
|move|p2a: Deliah|Acrobatics|p1a: Decidueye
|-damage|p1a: Decidueye|56/100 brn
|-damage|p2a: Deliah|23/100|[from] item: Rocky Helmet|[of] p1a: Decidueye
|
|-damage|p1a: Decidueye|50/100 brn|[from] brn
|-end|p2a: Deliah|Disable
|upkeep
|turn|17
|
|t:|1759046986
|move|p2a: Deliah|Strength Sap|p1a: Decidueye
|-unboost|p1a: Decidueye|atk|1
|-heal|p2a: Deliah|100/100
|move|p1a: Decidueye|Spirit Shackle|p2a: Deliah
|-supereffective|p2a: Deliah
|-damage|p2a: Deliah|71/100
|
|-damage|p1a: Decidueye|44/100 brn|[from] brn
|upkeep
|turn|18
|
|t:|1759046998
|move|p1a: Decidueye|Sucker Punch|p2a: Deliah
|-supereffective|p2a: Deliah
|-damage|p2a: Deliah|43/100
|move|p2a: Deliah|Phantom Force||[still]
|-prepare|p2a: Deliah|Phantom Force
|
|-damage|p1a: Decidueye|38/100 brn|[from] brn
|upkeep
|turn|19
|
|t:|1759047008
|move|p2a: Deliah|Phantom Force|p1a: Decidueye|[from] lockedmove
|-resisted|p1a: Decidueye
|-damage|p1a: Decidueye|24/100 brn
|-damage|p2a: Deliah|27/100|[from] item: Rocky Helmet|[of] p1a: Decidueye
|move|p1a: Decidueye|Swords Dance|p1a: Decidueye
|-boost|p1a: Decidueye|atk|2
|
|-damage|p1a: Decidueye|18/100 brn|[from] brn
|upkeep
|turn|20
|
|t:|1759047019
|move|p1a: Decidueye|Sucker Punch||[still]
|-fail|p1a: Decidueye
|move|p2a: Deliah|Strength Sap|p1a: Decidueye
|-unboost|p1a: Decidueye|atk|1
|-heal|p2a: Deliah|100/100
|
|-damage|p1a: Decidueye|12/100 brn|[from] brn
|upkeep
|turn|21
|
|t:|1759047031
|move|p1a: Decidueye|Sucker Punch|p2a: Deliah
|-supereffective|p2a: Deliah
|-crit|p2a: Deliah
|-damage|p2a: Deliah|42/100
|move|p2a: Deliah|Acrobatics|p1a: Decidueye
|-damage|p1a: Decidueye|0 fnt
|-damage|p2a: Deliah|26/100|[from] item: Rocky Helmet|[of] p1a: Decidueye
|faint|p1a: Decidueye
|
|upkeep
|
|t:|1759047041
|switch|p1a: Umbreon|Umbreon, M|100/100
|turn|22
|
|t:|1759047048
|move|p1a: Umbreon|Bitter Malice|p2a: Deliah
|-supereffective|p2a: Deliah
|-damage|p2a: Deliah|0 fnt
|faint|p2a: Deliah
|
|upkeep
|
|t:|1759047057
|switch|p2a: Margaux|Mimikyu, F, shiny|100/100
|turn|23
|
|t:|1759047061
|move|p1a: Umbreon|Bitter Malice|p2a: Margaux
|-activate|p2a: Margaux|ability: Disguise
|-damage|p2a: Margaux|100/100
|-unboost|p2a: Margaux|atk|1
|detailschange|p2a: Margaux|Mimikyu-Busted, F, shiny
|-damage|p2a: Margaux|88/100|[from] pokemon: Mimikyu-Busted
|move|p2a: Margaux|Swords Dance|p2a: Margaux
|-boost|p2a: Margaux|atk|2
|
|upkeep
|turn|24
|
|t:|1759047076
|move|p1a: Umbreon|Bitter Malice|p2a: Margaux
|-supereffective|p2a: Margaux
|-damage|p2a: Margaux|0 fnt
|faint|p2a: Margaux
|
|upkeep
|
|t:|1759047083
|switch|p2a: Donovan|Dragapult, M, shiny|10/100
|turn|25
|
|t:|1759047087
|move|p2a: Donovan|Dragon Claw|p1a: Umbreon
|-damage|p1a: Umbreon|0 fnt
|replace|p1a: Zoroark|Zoroark-Hisui, M
|-end|p1a: Zoroark|Illusion
|faint|p1a: Zoroark
|-damage|p2a: Donovan|0 fnt|[from] item: Life Orb
|faint|p2a: Donovan
|
|upkeep
|
|t:|1759047096
|switch|p2a: Percy|Palossand, M, shiny|100/100
|switch|p1a: Umbreon|Umbreon, M|100/100
|turn|26
|
|t:|1759047104
|move|p1a: Umbreon|Foul Play|p2a: Percy
|-supereffective|p2a: Percy
|-damage|p2a: Percy|78/100
|move|p2a: Percy|Earth Power|p1a: Umbreon
|-damage|p1a: Umbreon|78/100
|
|-heal|p1a: Umbreon|84/100|[from] item: Leftovers
|-heal|p2a: Percy|84/100|[from] item: Leftovers
|upkeep
|turn|27
|
|t:|1759047118
|move|p1a: Umbreon|Foul Play|p2a: Percy
|-supereffective|p2a: Percy
|-damage|p2a: Percy|61/100
|move|p2a: Percy|Earth Power|p1a: Umbreon
|-damage|p1a: Umbreon|63/100
|
|-heal|p1a: Umbreon|69/100|[from] item: Leftovers
|-heal|p2a: Percy|67/100|[from] item: Leftovers
|upkeep
|turn|28
|
|t:|1759047128
|move|p1a: Umbreon|Foul Play|p2a: Percy
|-supereffective|p2a: Percy
|-damage|p2a: Percy|42/100
|move|p2a: Percy|Earth Power|p1a: Umbreon
|-damage|p1a: Umbreon|49/100
|
|-heal|p1a: Umbreon|55/100|[from] item: Leftovers
|-heal|p2a: Percy|48/100|[from] item: Leftovers
|upkeep
|turn|29
|
|t:|1759047138
|move|p1a: Umbreon|Foul Play|p2a: Percy
|-supereffective|p2a: Percy
|-damage|p2a: Percy|23/100
|move|p2a: Percy|Shore Up|p2a: Percy
|-heal|p2a: Percy|73/100
|
|-heal|p1a: Umbreon|61/100|[from] item: Leftovers
|-heal|p2a: Percy|79/100|[from] item: Leftovers
|upkeep
|turn|30
|
|t:|1759047147
|move|p1a: Umbreon|Moonlight|p1a: Umbreon
|-heal|p1a: Umbreon|100/100
|move|p2a: Percy|Earth Power|p1a: Umbreon
|-damage|p1a: Umbreon|79/100
|
|-heal|p1a: Umbreon|85/100|[from] item: Leftovers
|-heal|p2a: Percy|86/100|[from] item: Leftovers
|upkeep
|turn|31
|
|t:|1759047157
|move|p1a: Umbreon|Foul Play|p2a: Percy
|-supereffective|p2a: Percy
|-damage|p2a: Percy|59/100
|move|p2a: Percy|Earth Power|p1a: Umbreon
|-damage|p1a: Umbreon|62/100
|
|-heal|p1a: Umbreon|68/100|[from] item: Leftovers
|-heal|p2a: Percy|65/100|[from] item: Leftovers
|upkeep
|turn|32
|
|t:|1759047166
|move|p1a: Umbreon|Foul Play|p2a: Percy
|-supereffective|p2a: Percy
|-damage|p2a: Percy|42/100
|move|p2a: Percy|Earth Power|p1a: Umbreon
|-damage|p1a: Umbreon|45/100
|
|-heal|p1a: Umbreon|51/100|[from] item: Leftovers
|-heal|p2a: Percy|49/100|[from] item: Leftovers
|upkeep
|turn|33
|
|t:|1759047176
|move|p1a: Umbreon|Foul Play|p2a: Percy
|-supereffective|p2a: Percy
|-damage|p2a: Percy|25/100
|move|p2a: Percy|Shore Up|p2a: Percy
|-heal|p2a: Percy|75/100
|
|-heal|p1a: Umbreon|57/100|[from] item: Leftovers
|-heal|p2a: Percy|81/100|[from] item: Leftovers
|upkeep
|turn|34
|
|t:|1759047188
|move|p1a: Umbreon|Foul Play|p2a: Percy
|-supereffective|p2a: Percy
|-damage|p2a: Percy|58/100
|move|p2a: Percy|Shadow Ball|p1a: Umbreon
|-resisted|p1a: Umbreon
|-damage|p1a: Umbreon|48/100
|
|-heal|p1a: Umbreon|54/100|[from] item: Leftovers
|-heal|p2a: Percy|64/100|[from] item: Leftovers
|upkeep
|turn|35
|
|t:|1759047198
|move|p1a: Umbreon|Foul Play|p2a: Percy
|-supereffective|p2a: Percy
|-damage|p2a: Percy|38/100
|move|p2a: Percy|Shadow Ball|p1a: Umbreon
|-resisted|p1a: Umbreon
|-damage|p1a: Umbreon|44/100
|
|-heal|p1a: Umbreon|50/100|[from] item: Leftovers
|-heal|p2a: Percy|44/100|[from] item: Leftovers
|upkeep
|turn|36
|
|t:|1759047208
|move|p1a: Umbreon|Foul Play|p2a: Percy
|-supereffective|p2a: Percy
|-damage|p2a: Percy|19/100
|move|p2a: Percy|Shore Up|p2a: Percy
|-heal|p2a: Percy|69/100
|
|-heal|p1a: Umbreon|56/100|[from] item: Leftovers
|-heal|p2a: Percy|75/100|[from] item: Leftovers
|upkeep
|turn|37
|
|t:|1759047217
|move|p1a: Umbreon|Foul Play|p2a: Percy
|-supereffective|p2a: Percy
|-damage|p2a: Percy|53/100
|move|p2a: Percy|Shadow Ball|p1a: Umbreon
|-resisted|p1a: Umbreon
|-damage|p1a: Umbreon|46/100
|
|-heal|p1a: Umbreon|52/100|[from] item: Leftovers
|-heal|p2a: Percy|59/100|[from] item: Leftovers
|upkeep
|turn|38
|
|t:|1759047227
|move|p1a: Umbreon|Foul Play|p2a: Percy
|-supereffective|p2a: Percy
|-crit|p2a: Percy
|-damage|p2a: Percy|21/100
|move|p2a: Percy|Shadow Ball|p1a: Umbreon
|-resisted|p1a: Umbreon
|-crit|p1a: Umbreon
|-damage|p1a: Umbreon|38/100
|
|-heal|p1a: Umbreon|44/100|[from] item: Leftovers
|-heal|p2a: Percy|27/100|[from] item: Leftovers
|upkeep
|turn|39
|
|t:|1759047238
|move|p1a: Umbreon|Foul Play|p2a: Percy
|-supereffective|p2a: Percy
|-damage|p2a: Percy|0 fnt
|faint|p2a: Percy
|
|win|IN Campion
|raw|IN Campion's rating: 1093 &rarr; <strong>1123</strong><br />(+30 for winning)
|raw|Abottleodumb's rating: 1149 &rarr; <strong>1120</strong><br />(-29 for losing)
|l|☆IN Campion
|player|p1|
|l|☆Abottleodumb
|player|p2|
