|badge|p2|bronze|gen9randombattle|100-6
|uhtml|medal-msg|<div class="broadcast-blue">Curious what those medals under the avatar are? PS now has Ladder Seasons! For more information, check out the <a href="https://www.smogon.com/forums/threads/3740067/">thread on Smogon.</a></div>
|j|☆Shibuya Arc
|j|☆Siamato
|t:|1758919444
|gametype|singles
|player|p1|Shibuya Arc|265|1533
|player|p2|Siamato|backpacker|1522
|gen|9
|tier|[Gen 9] OU
|rated|
|rule|HP Percentage Mod: HP is shown in percentages
|rule|Endless Battle Clause: Forcing endless battles is banned
|rule|Species Clause: Limit one of each Pokémon
|rule|OHKO Clause: OHKO moves are banned
|rule|Evasion Items Clause: Evasion items are banned
|rule|Evasion Moves Clause: Evasion moves are banned
|rule|Evasion Abilities Clause: Evasion abilities are banned
|rule|Sleep Moves Clause: Sleep-inducing moves are banned
|clearpoke
|poke|p1|Dragapult, M|
|poke|p1|Dragonite, F|
|poke|p1|Ting-Lu|
|poke|p1|Weezing-Galar, F|
|poke|p1|Iron Crown|
|poke|p1|Zapdos|
|poke|p2|Kingambit, F|
|poke|p2|Cinderace, F|
|poke|p2|Landorus-Therian, M|
|poke|p2|Iron Valiant|
|poke|p2|Kyurem|
|poke|p2|Slowking-Galar, M|
|teampreview
|inactive|Battle timer is ON: inactive players will automatically lose when time's up. (requested by Shibuya Arc)
|
|t:|1758919461
|teamsize|p1|6
|teamsize|p2|6
|start
|switch|p1a: Ting-Lu|Ting-Lu|100/100
|switch|p2a: Landorus|Landorus-Therian, M, shiny|100/100
|-ability|p2a: Landorus|Intimidate|boost
|-unboost|p1a: Ting-Lu|atk|1
|-ability|p1a: Ting-Lu|Vessel of Ruin
|turn|1
|
|t:|1758919467
|move|p2a: Landorus|Taunt|p1a: Ting-Lu
|-start|p1a: Ting-Lu|move: Taunt
|move|p1a: Ting-Lu|Ruination|p2a: Landorus
|-damage|p2a: Landorus|51/100
|
|upkeep
|turn|2
|
|t:|1758919474
|move|p2a: Landorus|U-turn|p1a: Ting-Lu
|-supereffective|p1a: Ting-Lu
|-damage|p1a: Ting-Lu|78/100
|
|t:|1758919482
|switch|p2a: Slowking|Slowking-Galar, M, shiny|100/100|[from] U-turn
|move|p1a: Ting-Lu|Ruination|p2a: Slowking
|-damage|p2a: Slowking|51/100
|
|-heal|p1a: Ting-Lu|84/100|[from] item: Leftovers
|upkeep
|turn|3
|
|t:|1758919492
|switch|p2a: Landorus|Landorus-Therian, M, shiny|51/100
|-ability|p2a: Landorus|Intimidate|boost
|-unboost|p1a: Ting-Lu|atk|1
|move|p1a: Ting-Lu|Ruination|p2a: Landorus
|-damage|p2a: Landorus|26/100
|
|-heal|p1a: Ting-Lu|90/100|[from] item: Leftovers
|-end|p1a: Ting-Lu|move: Taunt
|upkeep
|turn|4
|
|t:|1758919499
|move|p2a: Landorus|Taunt|p1a: Ting-Lu
|-start|p1a: Ting-Lu|move: Taunt
|cant|p1a: Ting-Lu|move: Taunt|Stealth Rock
|
|-heal|p1a: Ting-Lu|97/100|[from] item: Leftovers
|upkeep
|turn|5
|
|t:|1758919505
|move|p2a: Landorus|U-turn|p1a: Ting-Lu
|-supereffective|p1a: Ting-Lu
|-damage|p1a: Ting-Lu|75/100
|
|t:|1758919508
|switch|p2a: Slowking|Slowking-Galar, M, shiny|84/100|[from] U-turn
|move|p1a: Ting-Lu|Ruination|p2a: Slowking
|-damage|p2a: Slowking|42/100
|
|-heal|p1a: Ting-Lu|81/100|[from] item: Leftovers
|upkeep
|turn|6
|
|t:|1758919517
|move|p1a: Ting-Lu|Earthquake|p2a: Slowking
|-supereffective|p2a: Slowking
|-damage|p2a: Slowking|6/100
|-prepare|p2a: Slowking|Chilly Reception|[premajor]
|move|p2a: Slowking|Chilly Reception|p2a: Slowking
|-weather|Snowscape
|
|t:|1758919520
|switch|p2a: Kyurem|Kyurem, shiny|100/100|[from] Chilly Reception
|-ability|p2a: Kyurem|Pressure
|
|-weather|Snowscape|[upkeep]
|-heal|p1a: Ting-Lu|88/100|[from] item: Leftovers
|-end|p1a: Ting-Lu|move: Taunt
|upkeep
|turn|7
|
|t:|1758919526
|move|p2a: Kyurem|Blizzard|p1a: Ting-Lu
|-supereffective|p1a: Ting-Lu
|-damage|p1a: Ting-Lu|11/100
|move|p1a: Ting-Lu|Ruination|p2a: Kyurem
|-damage|p2a: Kyurem|51/100
|
|-weather|Snowscape|[upkeep]
|-heal|p1a: Ting-Lu|17/100|[from] item: Leftovers
|upkeep
|turn|8
|
|t:|1758919533
|switch|p1a: Iron Crown|Iron Crown|100/100
|move|p2a: Kyurem|Blizzard|p1a: Iron Crown
|-resisted|p1a: Iron Crown
|-damage|p1a: Iron Crown|55/100
|
|-weather|Snowscape|[upkeep]
|upkeep
|turn|9
|
|t:|1758919539
|switch|p2a: Cinderace|Cinderace, F, shiny|100/100
|move|p1a: Iron Crown|Volt Switch|p2a: Cinderace
|-damage|p2a: Cinderace|53/100
|j| Nikator98
|l| Nikator98
|
|t:|1758919548
|-end|p1a: Iron Crown|Quark Drive|[silent]
|switch|p1a: Dragonite|Dragonite, F|100/100|[from] Volt Switch
|
|-weather|Snowscape|[upkeep]
|upkeep
|turn|10
|
|t:|1758919553
|-terastallize|p1a: Dragonite|Normal
|move|p1a: Dragonite|Extreme Speed|p2a: Cinderace
|-damage|p2a: Cinderace|0 fnt
|faint|p2a: Cinderace
|
|-weather|none
|upkeep
|
|t:|1758919559
|switch|p2a: Landorus|Landorus-Therian, M, shiny|26/100
|-ability|p2a: Landorus|Intimidate|boost
|-unboost|p1a: Dragonite|atk|1
|turn|11
|
|t:|1758919565
|move|p1a: Dragonite|Earthquake|p2a: Landorus
|-immune|p2a: Landorus
|move|p2a: Landorus|U-turn|p1a: Dragonite
|-damage|p1a: Dragonite|90/100
|
|t:|1758919576
|switch|p2a: Slowking|Slowking-Galar, M, shiny|39/100|[from] U-turn
|
|upkeep
|turn|12
|
|t:|1758919581
|switch|p2a: Landorus|Landorus-Therian, M, shiny|26/100
|-ability|p2a: Landorus|Intimidate|boost
|-unboost|p1a: Dragonite|atk|1
|move|p1a: Dragonite|Earthquake|p2a: Landorus
|-immune|p2a: Landorus
|
|upkeep
|turn|13
|
|t:|1758919587
|switch|p1a: Zapdos|Zapdos|100/100
|move|p2a: Landorus|Stealth Rock|p1a: Zapdos
|-sidestart|p1: Shibuya Arc|move: Stealth Rock
|
|upkeep
|turn|14
|
|t:|1758919593
|switch|p2a: Slowking|Slowking-Galar, M, shiny|72/100
|move|p1a: Zapdos|Hurricane|p2a: Slowking|[miss]
|-miss|p1a: Zapdos|p2a: Slowking
|
|upkeep
|turn|15
|
|t:|1758919599
|move|p1a: Zapdos|Volt Switch|p2a: Slowking
|-damage|p2a: Slowking|49/100
|
|t:|1758919609
|switch|p1a: Weezing|Weezing-Galar, F|100/100|[from] Volt Switch
|-ability|p1a: Weezing|Neutralizing Gas
|-prepare|p2a: Slowking|Chilly Reception|[premajor]
|move|p2a: Slowking|Chilly Reception|p2a: Slowking
|-weather|Snowscape
|
|t:|1758919612
|switch|p2a: Kyurem|Kyurem, shiny|51/100|[from] Chilly Reception
|
|-weather|Snowscape|[upkeep]
|upkeep
|turn|16
|
|t:|1758919618
|-end|p1a: Weezing|ability: Neutralizing Gas
|-ability|p2a: Kyurem|Pressure
|switch|p1a: Ting-Lu|Ting-Lu|17/100
|-damage|p1a: Ting-Lu|11/100|[from] Stealth Rock
|-ability|p1a: Ting-Lu|Vessel of Ruin
|move|p2a: Kyurem|Blizzard|p1a: Ting-Lu
|-supereffective|p1a: Ting-Lu
|-damage|p1a: Ting-Lu|0 fnt
|faint|p1a: Ting-Lu
|
|-weather|Snowscape|[upkeep]
|upkeep
|
|t:|1758919624
|switch|p1a: Iron Crown|Iron Crown|55/100
|-damage|p1a: Iron Crown|48/100|[from] Stealth Rock
|turn|17
|
|t:|1758919631
|-end|p1a: Iron Crown|Quark Drive|[silent]
|switch|p1a: Zapdos|Zapdos|100/100
|switch|p2a: Kingambit|Kingambit, F|100/100
|-activate|p2a: Kingambit|ability: Supreme Overlord
|-start|p2a: Kingambit|fallen1|[silent]
|
|-weather|Snowscape|[upkeep]
|upkeep
|turn|18
|
|t:|1758919643
|move|p1a: Zapdos|Heat Wave|p2a: Kingambit|[miss]
|-miss|p1a: Zapdos|p2a: Kingambit
|move|p2a: Kingambit|Iron Head|p1a: Zapdos
|-resisted|p1a: Zapdos
|-damage|p1a: Zapdos|70/100
|
|-weather|Snowscape|[upkeep]
|upkeep
|turn|19
|
|t:|1758919657
|move|p1a: Zapdos|Heat Wave|p2a: Kingambit|[miss]
|-miss|p1a: Zapdos|p2a: Kingambit
|move|p2a: Kingambit|Kowtow Cleave|p1a: Zapdos
|-damage|p1a: Zapdos|1/100
|-status|p2a: Kingambit|par|[from] ability: Static|[of] p1a: Zapdos
|
|-weather|none
|upkeep
|turn|20
|
|t:|1758919667
|move|p1a: Zapdos|Heat Wave|p2a: Kingambit
|-supereffective|p2a: Kingambit
|-damage|p2a: Kingambit|40/100 par
|move|p2a: Kingambit|Kowtow Cleave|p1a: Zapdos
|-damage|p1a: Zapdos|0 fnt
|faint|p1a: Zapdos
|
|-heal|p2a: Kingambit|46/100 par|[from] item: Leftovers
|upkeep
|
|t:|1758919678
|switch|p1a: Dragonite|Dragonite, F, tera:Normal|90/100
|turn|21
|
|t:|1758919684
|-end|p2a: Kingambit|fallen1|[silent]
|switch|p2a: Landorus|Landorus-Therian, M, shiny|26/100
|-ability|p2a: Landorus|Intimidate|boost
|-unboost|p1a: Dragonite|atk|1
|move|p1a: Dragonite|Earthquake|p2a: Landorus
|-immune|p2a: Landorus
|
|upkeep
|turn|22
|
|t:|1758919689
|move|p1a: Dragonite|Dragon Dance|p1a: Dragonite
|-boost|p1a: Dragonite|atk|1
|-boost|p1a: Dragonite|spe|1
|move|p2a: Landorus|U-turn|p1a: Dragonite
|-damage|p1a: Dragonite|68/100
|
|t:|1758919693
|switch|p2a: Iron Valiant|Iron Valiant|100/100|[from] U-turn
|-enditem|p2a: Iron Valiant|Booster Energy
|-activate|p2a: Iron Valiant|ability: Quark Drive|[fromitem]
|-start|p2a: Iron Valiant|quarkdrivespe
|
|upkeep
|turn|23
|
|t:|1758919699
|switch|p1a: Iron Crown|Iron Crown|48/100
|-damage|p1a: Iron Crown|42/100|[from] Stealth Rock
|move|p2a: Iron Valiant|Close Combat|p1a: Iron Crown
|-damage|p1a: Iron Crown|0 fnt
|-unboost|p2a: Iron Valiant|def|1
|-unboost|p2a: Iron Valiant|spd|1
|faint|p1a: Iron Crown
|-end|p1a: Iron Crown|Quark Drive|[silent]
|
|upkeep
|
|t:|1758919706
|switch|p1a: Weezing|Weezing-Galar, F|100/100
|-ability|p1a: Weezing|Neutralizing Gas
|turn|24
|
|t:|1758919712
|-end|p2a: Iron Valiant|Quark Drive|[silent]
|switch|p2a: Slowking|Slowking-Galar, M, shiny|49/100
|-end|p1a: Weezing|ability: Neutralizing Gas
|switch|p1a: Dragapult|Dragapult, M|100/100
|
|upkeep
|turn|25
|
|t:|1758919718
|switch|p2a: Kingambit|Kingambit, F|46/100 par
|-activate|p2a: Kingambit|ability: Supreme Overlord
|-start|p2a: Kingambit|fallen1|[silent]
|move|p1a: Dragapult|Dragon Darts|p2a: Kingambit
|-resisted|p2a: Kingambit
|-damage|p2a: Kingambit|37/100 par
|-anim|p1a: Dragapult|Dragon Darts|p2a: Kingambit
|-resisted|p2a: Kingambit
|-damage|p2a: Kingambit|29/100 par
|
|-heal|p2a: Kingambit|35/100 par|[from] item: Leftovers
|upkeep
|turn|26
|
|t:|1758919725
|switch|p1a: Dragonite|Dragonite, F, tera:Normal|68/100
|move|p2a: Kingambit|Iron Head|p1a: Dragonite
|-damage|p1a: Dragonite|16/100
|
|-heal|p2a: Kingambit|41/100 par|[from] item: Leftovers
|upkeep
|turn|27
|
|t:|1758919732
|move|p1a: Dragonite|Roost|p1a: Dragonite
|-heal|p1a: Dragonite|66/100
|move|p2a: Kingambit|Kowtow Cleave|p1a: Dragonite
|-damage|p1a: Dragonite|12/100
|
|-heal|p2a: Kingambit|47/100 par|[from] item: Leftovers
|upkeep
|turn|28
|
|t:|1758919739
|-end|p2a: Kingambit|fallen1|[silent]
|switch|p2a: Landorus|Landorus-Therian, M, shiny|26/100
|-ability|p2a: Landorus|Intimidate|boost
|-unboost|p1a: Dragonite|atk|1
|move|p1a: Dragonite|Roost|p1a: Dragonite
|-heal|p1a: Dragonite|62/100
|
|upkeep
|turn|29
|
|t:|1758919745
|move|p1a: Dragonite|Roost|p1a: Dragonite
|-heal|p1a: Dragonite|100/100
|move|p2a: Landorus|U-turn|p1a: Dragonite
|-damage|p1a: Dragonite|90/100
|
|t:|1758919748
|switch|p2a: Iron Valiant|Iron Valiant|100/100|[from] U-turn
|
|upkeep
|turn|30
|
|t:|1758919754
|-end|p2a: Iron Valiant|Quark Drive|[silent]
|switch|p2a: Kyurem|Kyurem, shiny|51/100
|-ability|p2a: Kyurem|Pressure
|switch|p1a: Weezing|Weezing-Galar, F|100/100
|-ability|p1a: Weezing|Neutralizing Gas
|
|upkeep
|turn|31
|
|t:|1758919760
|move|p2a: Kyurem|Earth Power|p1a: Weezing
|-supereffective|p1a: Weezing
|-damage|p1a: Weezing|0 fnt
|faint|p1a: Weezing
|-end|p1a: Weezing|ability: Neutralizing Gas
|-ability|p2a: Kyurem|Pressure
|
|upkeep
|
|t:|1758919765
|switch|p1a: Dragonite|Dragonite, F, tera:Normal|90/100
|turn|32
|
|t:|1758919771
|move|p2a: Kyurem|Earth Power|p1a: Dragonite
|-damage|p1a: Dragonite|44/100
|move|p1a: Dragonite|Roost|p1a: Dragonite
|-heal|p1a: Dragonite|94/100
|
|upkeep
|turn|33
|
|t:|1758919777
|switch|p2a: Landorus|Landorus-Therian, M, shiny|26/100
|-ability|p2a: Landorus|Intimidate|boost
|-unboost|p1a: Dragonite|atk|1
|move|p1a: Dragonite|Extreme Speed|p2a: Landorus
|-damage|p2a: Landorus|2/100
|-damage|p1a: Dragonite|77/100|[from] item: Rocky Helmet|[of] p2a: Landorus
|
|upkeep
|turn|34
|
|t:|1758919784
|switch|p1a: Dragapult|Dragapult, M|100/100
|move|p2a: Landorus|U-turn|p1a: Dragapult
|-resisted|p1a: Dragapult
|-damage|p1a: Dragapult|86/100
|-start|p2a: Landorus|Disable|U-turn|[from] ability: Cursed Body|[of] p1a: Dragapult
|
|t:|1758919788
|switch|p2a: Kingambit|Kingambit, F|47/100 par|[from] U-turn
|-activate|p2a: Kingambit|ability: Supreme Overlord
|-start|p2a: Kingambit|fallen1|[silent]
|
|-heal|p2a: Kingambit|53/100 par|[from] item: Leftovers
|upkeep
|turn|35
|
|t:|1758919793
|move|p1a: Dragapult|U-turn|p2a: Kingambit
|-damage|p2a: Kingambit|38/100 par
|
|t:|1758919801
|switch|p1a: Dragonite|Dragonite, F, tera:Normal|77/100|[from] U-turn
|cant|p2a: Kingambit|par
|
|-heal|p2a: Kingambit|44/100 par|[from] item: Leftovers
|upkeep
|turn|36
|
|t:|1758919806
|-end|p2a: Kingambit|fallen1|[silent]
|switch|p2a: Landorus|Landorus-Therian, M, shiny|2/100
|-ability|p2a: Landorus|Intimidate|boost
|-unboost|p1a: Dragonite|atk|1
|move|p1a: Dragonite|Roost|p1a: Dragonite
|-heal|p1a: Dragonite|100/100
|
|upkeep
|turn|37
|
|t:|1758919812
|switch|p1a: Dragapult|Dragapult, M|86/100
|move|p2a: Landorus|U-turn|p1a: Dragapult
|-resisted|p1a: Dragapult
|-damage|p1a: Dragapult|71/100
|
|t:|1758919821
|switch|p2a: Kingambit|Kingambit, F|44/100 par|[from] U-turn
|-activate|p2a: Kingambit|ability: Supreme Overlord
|-start|p2a: Kingambit|fallen1|[silent]
|
|-heal|p2a: Kingambit|50/100 par|[from] item: Leftovers
|upkeep
|turn|38
|
|t:|1758919826
|switch|p1a: Dragonite|Dragonite, F, tera:Normal|100/100
|move|p2a: Kingambit|Kowtow Cleave|p1a: Dragonite
|-damage|p1a: Dragonite|72/100
|
|-heal|p2a: Kingambit|56/100 par|[from] item: Leftovers
|upkeep
|turn|39
|
|t:|1758919834
|-end|p2a: Kingambit|fallen1|[silent]
|switch|p2a: Landorus|Landorus-Therian, M, shiny|2/100
|-ability|p2a: Landorus|Intimidate|boost
|-unboost|p1a: Dragonite|atk|1
|move|p1a: Dragonite|Roost|p1a: Dragonite
|-heal|p1a: Dragonite|100/100
|
|upkeep
|turn|40
|
|t:|1758919839
|switch|p1a: Dragapult|Dragapult, M|71/100
|move|p2a: Landorus|U-turn|p1a: Dragapult
|-resisted|p1a: Dragapult
|-damage|p1a: Dragapult|57/100
|
|t:|1758919842
|switch|p2a: Kingambit|Kingambit, F|56/100 par|[from] U-turn
|-activate|p2a: Kingambit|ability: Supreme Overlord
|-start|p2a: Kingambit|fallen1|[silent]
|
|-heal|p2a: Kingambit|62/100 par|[from] item: Leftovers
|upkeep
|turn|41
|
|t:|1758919848
|move|p1a: Dragapult|U-turn|p2a: Kingambit
|-damage|p2a: Kingambit|47/100 par
|
|t:|1758919856
|switch|p1a: Dragonite|Dragonite, F, tera:Normal|100/100|[from] U-turn
|cant|p2a: Kingambit|par
|
|-heal|p2a: Kingambit|54/100 par|[from] item: Leftovers
|upkeep
|turn|42
|
|t:|1758919862
|switch|p1a: Dragapult|Dragapult, M|57/100
|cant|p2a: Kingambit|par
|
|-heal|p2a: Kingambit|60/100 par|[from] item: Leftovers
|upkeep
|turn|43
|
|t:|1758919867
|move|p1a: Dragapult|U-turn|p2a: Kingambit
|-damage|p2a: Kingambit|44/100 par
|
|t:|1758919875
|switch|p1a: Dragonite|Dragonite, F, tera:Normal|100/100|[from] U-turn
|move|p2a: Kingambit|Kowtow Cleave|p1a: Dragonite
|-damage|p1a: Dragonite|74/100
|
|-heal|p2a: Kingambit|50/100 par|[from] item: Leftovers
|upkeep
|turn|44
|
|t:|1758919883
|-end|p2a: Kingambit|fallen1|[silent]
|switch|p2a: Landorus|Landorus-Therian, M, shiny|2/100
|-ability|p2a: Landorus|Intimidate|boost
|-unboost|p1a: Dragonite|atk|1
|move|p1a: Dragonite|Roost|p1a: Dragonite
|-heal|p1a: Dragonite|100/100
|
|upkeep
|turn|45
|
|t:|1758919889
|switch|p1a: Dragapult|Dragapult, M|57/100
|move|p2a: Landorus|U-turn|p1a: Dragapult
|-resisted|p1a: Dragapult
|-damage|p1a: Dragapult|45/100
|
|t:|1758919896
|switch|p2a: Kingambit|Kingambit, F|50/100 par|[from] U-turn
|-activate|p2a: Kingambit|ability: Supreme Overlord
|-start|p2a: Kingambit|fallen1|[silent]
|
|-heal|p2a: Kingambit|56/100 par|[from] item: Leftovers
|upkeep
|turn|46
|
|t:|1758919901
|move|p1a: Dragapult|U-turn|p2a: Kingambit
|-damage|p2a: Kingambit|41/100 par
|
|t:|1758919909
|switch|p1a: Dragonite|Dragonite, F, tera:Normal|100/100|[from] U-turn
|move|p2a: Kingambit|Kowtow Cleave|p1a: Dragonite
|-damage|p1a: Dragonite|70/100
|
|-heal|p2a: Kingambit|47/100 par|[from] item: Leftovers
|upkeep
|turn|47
|
|t:|1758919917
|-end|p2a: Kingambit|fallen1|[silent]
|switch|p2a: Landorus|Landorus-Therian, M, shiny|2/100
|-ability|p2a: Landorus|Intimidate|boost
|-unboost|p1a: Dragonite|atk|1
|move|p1a: Dragonite|Roost|p1a: Dragonite
|-heal|p1a: Dragonite|100/100
|
|upkeep
|turn|48
|
|t:|1758919922
|move|p1a: Dragonite|Dragon Dance|p1a: Dragonite
|-boost|p1a: Dragonite|atk|1
|-boost|p1a: Dragonite|spe|1
|move|p2a: Landorus|U-turn|p1a: Dragonite
|-damage|p1a: Dragonite|91/100
|
|t:|1758919926
|switch|p2a: Iron Valiant|Iron Valiant|100/100|[from] U-turn
|
|upkeep
|turn|49
|
|t:|1758919932
|switch|p1a: Dragapult|Dragapult, M|45/100
|move|p2a: Iron Valiant|Close Combat|p1a: Dragapult
|-immune|p1a: Dragapult
|
|upkeep
|turn|50
|
|t:|1758919940
|switch|p1a: Dragonite|Dragonite, F, tera:Normal|91/100
|move|p2a: Iron Valiant|Moonblast|p1a: Dragonite
|-damage|p1a: Dragonite|50/100
|-unboost|p1a: Dragonite|spa|1
|
|upkeep
|turn|51
|
|t:|1758919947
|switch|p1a: Dragapult|Dragapult, M|45/100
|move|p2a: Iron Valiant|Moonblast|p1a: Dragapult
|-supereffective|p1a: Dragapult
|-damage|p1a: Dragapult|0 fnt
|-start|p2a: Iron Valiant|Disable|Moonblast|[from] ability: Cursed Body|[of] p1a: Dragapult
|faint|p1a: Dragapult
|
|upkeep
|
|t:|1758919954
|switch|p1a: Dragonite|Dragonite, F, tera:Normal|50/100
|turn|52
|
|t:|1758919958
|move|p2a: Iron Valiant|Close Combat|p1a: Dragonite
|-supereffective|p1a: Dragonite
|-damage|p1a: Dragonite|0 fnt
|-unboost|p2a: Iron Valiant|def|1
|-unboost|p2a: Iron Valiant|spd|1
|faint|p1a: Dragonite
|
|win|Siamato
|raw|Shibuya Arc's rating: 1533 &rarr; <strong>1512</strong><br />(-21 for losing)
|raw|Siamato's rating: 1522 &rarr; <strong>1543</strong><br />(+21 for winning)
