|j|☆keepitabuck
|j|☆loopenil
|t:|1758995864
|gametype|singles
|player|p1|keepitabuck|170|1083
|player|p2|loopenil|170|1033
|gen|9
|tier|[Gen 9] OU
|rated|
|rule|HP Percentage Mod: HP is shown in percentages
|rule|Endless Battle Clause: Forcing endless battles is banned
|rule|Species Clause: Limit one of each Pokémon
|rule|OHKO Clause: OHKO moves are banned
|rule|Evasion Items Clause: Evasion items are banned
|rule|Evasion Moves Clause: Evasion moves are banned
|rule|Evasion Abilities Clause: Evasion abilities are banned
|rule|Sleep Moves Clause: Sleep-inducing moves are banned
|clearpoke
|poke|p1|Gholdengo|
|poke|p1|Iron Treads|
|poke|p1|Moltres|
|poke|p1|Samurott-Hisui, F|
|poke|p1|Sinistcha|
|poke|p1|Ting-Lu|
|poke|p2|Lycanroc-Dusk, F|
|poke|p2|Iron Treads|
|poke|p2|Ting-Lu|
|poke|p2|Gholdengo|
|poke|p2|Zamazenta-*|
|poke|p2|Tornadus-Therian, M|
|teampreview
|
|t:|1758995880
|teamsize|p1|6
|teamsize|p2|6
|start
|switch|p1a: Sinistcha|Sinistcha|100/100
|switch|p2a: Iron Treads|Iron Treads|100/100
|-enditem|p2a: Iron Treads|Booster Energy
|-activate|p2a: Iron Treads|ability: Quark Drive|[fromitem]
|-start|p2a: Iron Treads|quarkdrivespe
|turn|1
|
|t:|1758995900
|-end|p2a: Iron Treads|Quark Drive|[silent]
|switch|p2a: Tornadus|Tornadus-Therian, M|100/100
|move|p1a: Sinistcha|Calm Mind|p1a: Sinistcha
|-boost|p1a: Sinistcha|spa|1
|-boost|p1a: Sinistcha|spd|1
|
|upkeep
|turn|2
|
|t:|1758995926
|switch|p1a: Gholdengo|Gholdengo|100/100
|move|p2a: Tornadus|Nasty Plot|p2a: Tornadus
|-boost|p2a: Tornadus|spa|2
|
|upkeep
|turn|3
|
|t:|1758995939
|move|p2a: Tornadus|Dark Pulse|p1a: Gholdengo
|-supereffective|p1a: Gholdengo
|-damage|p1a: Gholdengo|0 fnt
|faint|p1a: Gholdengo
|-damage|p2a: Tornadus|91/100|[from] item: Life Orb
|
|upkeep
|
|t:|1758995955
|switch|p1a: Iron Treads|Iron Treads|100/100
|turn|4
|
|t:|1758995968
|switch|p2a: Ting-Lu|Ting-Lu|100/100
|-ability|p2a: Ting-Lu|Vessel of Ruin
|move|p1a: Iron Treads|Ice Spinner|p2a: Ting-Lu
|-supereffective|p2a: Ting-Lu
|-damage|p2a: Ting-Lu|81/100
|-enditem|p2a: Ting-Lu|Weakness Policy
|-boost|p2a: Ting-Lu|atk|2|[from] item: Weakness Policy
|-boost|p2a: Ting-Lu|spa|2|[from] item: Weakness Policy
|
|upkeep
|turn|5
|
|t:|1758995999
|move|p1a: Iron Treads|Earthquake|p2a: Ting-Lu
|-damage|p2a: Ting-Lu|60/100
|move|p2a: Ting-Lu|Payback|p1a: Iron Treads
|-damage|p1a: Iron Treads|34/100
|
|upkeep
|turn|6
|
|t:|1758996015
|move|p1a: Iron Treads|Earthquake|p2a: Ting-Lu
|-damage|p2a: Ting-Lu|40/100
|move|p2a: Ting-Lu|Earthquake|p1a: Iron Treads
|-supereffective|p1a: Iron Treads
|-damage|p1a: Iron Treads|0 fnt
|faint|p1a: Iron Treads
|-end|p1a: Iron Treads|Quark Drive|[silent]
|
|upkeep
|
|t:|1758996027
|switch|p1a: Samurott|Samurott-Hisui, F|100/100
|turn|7
|inactive|Battle timer is ON: inactive players will automatically lose when time's up. (requested by keepitabuck)
|
|t:|1758996061
|-terastallize|p2a: Ting-Lu|Water
|move|p1a: Samurott|Flip Turn|p2a: Ting-Lu
|-resisted|p2a: Ting-Lu
|-damage|p2a: Ting-Lu|33/100
|
|t:|1758996073
|switch|p1a: Sinistcha|Sinistcha|100/100|[from] Flip Turn
|move|p2a: Ting-Lu|Earthquake|p1a: Sinistcha
|-resisted|p1a: Sinistcha
|-damage|p1a: Sinistcha|71/100
|
|upkeep
|turn|8
|
|t:|1758996085
|move|p1a: Sinistcha|Matcha Gotcha|p2a: Ting-Lu
|-supereffective|p2a: Ting-Lu
|-damage|p2a: Ting-Lu|0 fnt
|-heal|p1a: Sinistcha|95/100|[from] drain|[of] p2a: Ting-Lu
|faint|p2a: Ting-Lu
|
|upkeep
|
|t:|1758996091
|switch|p2a: Lycanroc|Lycanroc-Dusk, F|100/100
|turn|9
|
|t:|1758996108
|switch|p2a: Tornadus|Tornadus-Therian, M|100/100
|move|p1a: Sinistcha|Matcha Gotcha|p2a: Tornadus
|-resisted|p2a: Tornadus
|-damage|p2a: Tornadus|80/100
|-heal|p1a: Sinistcha|100/100|[from] drain|[of] p2a: Tornadus
|
|upkeep
|turn|10
|
|t:|1758996118
|move|p2a: Tornadus|Bleakwind Storm|p1a: Sinistcha
|-supereffective|p1a: Sinistcha
|-damage|p1a: Sinistcha|0 fnt
|faint|p1a: Sinistcha
|-damage|p2a: Tornadus|70/100|[from] item: Life Orb
|
|upkeep
|
|t:|1758996127
|switch|p1a: Samurott|Samurott-Hisui, F|100/100
|turn|11
|
|t:|1758996141
|switch|p2a: Iron Treads|Iron Treads|100/100
|-terastallize|p1a: Samurott|Water
|move|p1a: Samurott|Razor Shell|p2a: Iron Treads
|-supereffective|p2a: Iron Treads
|-crit|p2a: Iron Treads
|-damage|p2a: Iron Treads|0 fnt
|faint|p2a: Iron Treads
|-end|p2a: Iron Treads|Quark Drive|[silent]
|
|upkeep
|
|t:|1758996152
|switch|p2a: Zamazenta|Zamazenta|100/100
|-ability|p2a: Zamazenta|Dauntless Shield|boost
|-boost|p2a: Zamazenta|def|1
|turn|12
|
|t:|1758996162
|switch|p1a: Moltres|Moltres|100/100
|move|p2a: Zamazenta|Iron Defense|p2a: Zamazenta
|-boost|p2a: Zamazenta|def|2
|
|upkeep
|turn|13
|
|t:|1758996179
|switch|p2a: Lycanroc|Lycanroc-Dusk, F|100/100
|move|p1a: Moltres|Flamethrower|p2a: Lycanroc
|-resisted|p2a: Lycanroc
|-damage|p2a: Lycanroc|71/100
|
|upkeep
|turn|14
|
|t:|1758996187
|switch|p1a: Samurott|Samurott-Hisui, F, tera:Water|100/100
|move|p2a: Lycanroc|Close Combat|p1a: Samurott
|-damage|p1a: Samurott|21/100
|-unboost|p2a: Lycanroc|def|1
|-unboost|p2a: Lycanroc|spd|1
|-damage|p2a: Lycanroc|61/100|[from] item: Life Orb
|
|upkeep
|turn|15
|
|t:|1758996200
|move|p2a: Lycanroc|Accelerock|p1a: Samurott
|-damage|p1a: Samurott|0 fnt
|faint|p1a: Samurott
|-damage|p2a: Lycanroc|51/100|[from] item: Life Orb
|
|upkeep
|
|t:|1758996205
|switch|p1a: Ting-Lu|Ting-Lu|100/100
|-ability|p1a: Ting-Lu|Vessel of Ruin
|turn|16
|
|t:|1758996217
|switch|p2a: Gholdengo|Gholdengo|100/100
|-item|p2a: Gholdengo|Air Balloon
|move|p1a: Ting-Lu|Earthquake|p2a: Gholdengo
|-immune|p2a: Gholdengo
|
|upkeep
|turn|17
|
|t:|1758996225
|move|p2a: Gholdengo|Nasty Plot|p2a: Gholdengo
|-boost|p2a: Gholdengo|spa|2
|move|p1a: Ting-Lu|Ruination|p2a: Gholdengo
|-damage|p2a: Gholdengo|51/100
|-enditem|p2a: Gholdengo|Air Balloon
|
|upkeep
|turn|18
|
|t:|1758996232
|move|p2a: Gholdengo|Make It Rain|p1a: Ting-Lu
|-damage|p1a: Ting-Lu|46/100
|-unboost|p2a: Gholdengo|spa|1
|move|p1a: Ting-Lu|Earthquake|p2a: Gholdengo
|-supereffective|p2a: Gholdengo
|-damage|p2a: Gholdengo|0 fnt
|faint|p2a: Gholdengo
|
|-heal|p1a: Ting-Lu|52/100|[from] item: Leftovers
|upkeep
|
|t:|1758996236
|switch|p2a: Lycanroc|Lycanroc-Dusk, F|51/100
|turn|19
|
|t:|1758996245
|move|p2a: Lycanroc|Close Combat|p1a: Ting-Lu
|-supereffective|p1a: Ting-Lu
|-damage|p1a: Ting-Lu|0 fnt
|-unboost|p2a: Lycanroc|def|1
|-unboost|p2a: Lycanroc|spd|1
|faint|p1a: Ting-Lu
|-damage|p2a: Lycanroc|41/100|[from] item: Life Orb
|
|upkeep
|
|t:|1758996252
|switch|p1a: Moltres|Moltres|100/100
|turn|20
|
|t:|1758996258
|move|p2a: Lycanroc|Accelerock|p1a: Moltres
|-supereffective|p1a: Moltres
|-damage|p1a: Moltres|15/100
|-status|p2a: Lycanroc|brn|[from] ability: Flame Body|[of] p1a: Moltres
|-damage|p2a: Lycanroc|31/100 brn|[from] item: Life Orb
|move|p1a: Moltres|Flamethrower|p2a: Lycanroc
|-resisted|p2a: Lycanroc
|-damage|p2a: Lycanroc|0 fnt
|faint|p2a: Lycanroc
|
|upkeep
|
|t:|1758996268
|switch|p2a: Tornadus|Tornadus-Therian, M|100/100
|turn|21
|
|t:|1758996288
|move|p2a: Tornadus|Dark Pulse|p1a: Moltres
|-damage|p1a: Moltres|0 fnt
|faint|p1a: Moltres
|-damage|p2a: Tornadus|91/100|[from] item: Life Orb
|
|win|loopenil
|raw|keepitabuck's rating: 1083 &rarr; <strong>1057</strong><br />(-26 for losing)
|raw|loopenil's rating: 1033 &rarr; <strong>1073</strong><br />(+40 for winning)
|l|☆keepitabuck
|player|p1|
