|j|☆babyshark974
|j|☆localdealerr2
|t:|1759072391
|gametype|singles
|player|p1|babyshark974|benga|1563
|player|p2|localdealerr2|preschooler|1494
|gen|9
|tier|[Gen 9] OU
|rated|
|rule|HP Percentage Mod: HP is shown in percentages
|rule|Endless Battle Clause: Forcing endless battles is banned
|rule|Species Clause: Limit one of each Pokémon
|rule|OHKO Clause: OHKO moves are banned
|rule|Evasion Items Clause: Evasion items are banned
|rule|Evasion Moves Clause: Evasion moves are banned
|rule|Evasion Abilities Clause: Evasion abilities are banned
|rule|Sleep Moves Clause: Sleep-inducing moves are banned
|clearpoke
|poke|p1|Flamigo, F|
|poke|p1|Iron Valiant|
|poke|p1|Glimmora, F|
|poke|p1|Kingambit, M|
|poke|p1|Ting-Lu|
|poke|p1|Dragapult, M|
|poke|p2|Gholdengo|
|poke|p2|Samurott-Hisui, F|
|poke|p2|Cinderace, F|
|poke|p2|Rillaboom, M|
|poke|p2|Iron Crown|
|poke|p2|Great Tusk|
|teampreview
|
|t:|1759072401
|teamsize|p1|6
|teamsize|p2|6
|start
|switch|p1a: Flamigo|Flamigo, F, shiny|100/100
|switch|p2a: Iron Crown|Iron Crown|100/100
|turn|1
|inactive|Battle timer is ON: inactive players will automatically lose when time's up. (requested by babyshark974)
|
|t:|1759072409
|move|p1a: Flamigo|U-turn|p2a: Iron Crown
|-damage|p2a: Iron Crown|77/100
|
|t:|1759072412
|switch|p1a: Ting-Lu|Ting-Lu|100/100|[from] U-turn
|-ability|p1a: Ting-Lu|Vessel of Ruin
|move|p2a: Iron Crown|Psychic Noise|p1a: Ting-Lu
|-immune|p1a: Ting-Lu
|
|upkeep
|turn|2
|
|t:|1759072419
|-end|p2a: Iron Crown|Quark Drive|[silent]
|switch|p2a: Great Tusk|Great Tusk|100/100
|-enditem|p2a: Great Tusk|Booster Energy
|-activate|p2a: Great Tusk|ability: Protosynthesis|[fromitem]
|-start|p2a: Great Tusk|protosynthesisspe
|switch|p1a: Flamigo|Flamigo, F, shiny|100/100
|
|upkeep
|turn|3
|
|t:|1759072432
|move|p1a: Flamigo|Brave Bird|p2a: Great Tusk
|-supereffective|p2a: Great Tusk
|-damage|p2a: Great Tusk|31/100
|-damage|p1a: Flamigo|68/100|[from] Recoil
|move|p2a: Great Tusk|Ice Spinner|p1a: Flamigo
|-supereffective|p1a: Flamigo
|-damage|p1a: Flamigo|4/100
|
|upkeep
|turn|4
|
|t:|1759072444
|move|p1a: Flamigo|Brave Bird|p2a: Great Tusk
|-supereffective|p2a: Great Tusk
|-damage|p2a: Great Tusk|0 fnt
|faint|p2a: Great Tusk
|-end|p2a: Great Tusk|Protosynthesis|[silent]
|-damage|p1a: Flamigo|0 fnt|[from] Recoil
|faint|p1a: Flamigo
|
|upkeep
|
|t:|1759072454
|switch|p1a: Dragapult|Dragapult, M, shiny|100/100
|switch|p2a: Samurott|Samurott-Hisui, F|100/100
|turn|5
|
|t:|1759072459
|switch|p1a: Glimmora|Glimmora, F|100/100
|move|p2a: Samurott|Sucker Punch||[still]
|-fail|p2a: Samurott
|
|upkeep
|turn|6
|
|t:|1759072464
|switch|p2a: Iron Crown|Iron Crown|77/100
|move|p1a: Glimmora|Stealth Rock|p2a: Iron Crown
|-sidestart|p2: localdealerr2|move: Stealth Rock
|
|upkeep
|turn|7
|
|t:|1759072472
|-end|p2a: Iron Crown|Quark Drive|[silent]
|switch|p2a: Samurott|Samurott-Hisui, F|100/100
|-damage|p2a: Samurott|88/100|[from] Stealth Rock
|switch|p1a: Ting-Lu|Ting-Lu|100/100
|-ability|p1a: Ting-Lu|Vessel of Ruin
|
|upkeep
|turn|8
|
|t:|1759072477
|switch|p1a: Glimmora|Glimmora, F|100/100
|move|p2a: Samurott|Ceaseless Edge|p1a: Glimmora
|-damage|p1a: Glimmora|62/100
|-activate|p1a: Glimmora|ability: Toxic Debris
|-sidestart|p2: localdealerr2|move: Toxic Spikes
|-sidestart|p1: babyshark974|Spikes
|
|-heal|p1a: Glimmora|68/100|[from] item: Leftovers
|upkeep
|turn|9
|
|t:|1759072490
|move|p2a: Samurott|Ceaseless Edge|p1a: Glimmora
|-damage|p1a: Glimmora|23/100
|-activate|p1a: Glimmora|ability: Toxic Debris
|-sidestart|p2: localdealerr2|move: Toxic Spikes
|-sidestart|p1: babyshark974|Spikes
|move|p1a: Glimmora|Mortal Spin|p2a: Samurott
|-damage|p2a: Samurott|80/100
|-status|p2a: Samurott|psn
|-sideend|p1: babyshark974|Spikes|[from] move: Mortal Spin|[of] p1a: Glimmora
|
|-heal|p1a: Glimmora|29/100|[from] item: Leftovers
|-damage|p2a: Samurott|68/100 psn|[from] psn
|upkeep
|turn|10
|
|t:|1759072496
|move|p2a: Samurott|Ceaseless Edge|p1a: Glimmora
|-damage|p1a: Glimmora|0 fnt
|-sidestart|p1: babyshark974|Spikes
|faint|p1a: Glimmora
|
|-damage|p2a: Samurott|55/100 psn|[from] psn
|upkeep
|
|t:|1759072504
|switch|p1a: Kingambit|Kingambit, M|100/100
|-damage|p1a: Kingambit|88/100|[from] Spikes
|-activate|p1a: Kingambit|ability: Supreme Overlord
|-start|p1a: Kingambit|fallen2|[silent]
|turn|11
|
|t:|1759072511
|move|p2a: Samurott|Knock Off|p1a: Kingambit
|-resisted|p1a: Kingambit
|-damage|p1a: Kingambit|64/100
|-enditem|p1a: Kingambit|Leftovers|[from] move: Knock Off|[of] p2a: Samurott
|move|p1a: Kingambit|Swords Dance|p1a: Kingambit
|-boost|p1a: Kingambit|atk|2
|
|-damage|p2a: Samurott|43/100 psn|[from] psn
|upkeep
|turn|12
|
|t:|1759072522
|move|p1a: Kingambit|Sucker Punch||[still]
|-fail|p1a: Kingambit
|move|p2a: Samurott|Encore|p1a: Kingambit
|-start|p1a: Kingambit|Encore
|
|-damage|p2a: Samurott|30/100 psn|[from] psn
|upkeep
|turn|13
|
|t:|1759072535
|-end|p1a: Kingambit|fallen2|[silent]
|switch|p1a: Ting-Lu|Ting-Lu|100/100
|-damage|p1a: Ting-Lu|88/100|[from] Spikes
|-ability|p1a: Ting-Lu|Vessel of Ruin
|move|p2a: Samurott|Sucker Punch||[still]
|-fail|p2a: Samurott
|
|-heal|p1a: Ting-Lu|94/100|[from] item: Leftovers
|-damage|p2a: Samurott|18/100 psn|[from] psn
|upkeep
|turn|14
|
|t:|1759072548
|switch|p1a: Kingambit|Kingambit, M|64/100
|-damage|p1a: Kingambit|52/100|[from] Spikes
|-activate|p1a: Kingambit|ability: Supreme Overlord
|-start|p1a: Kingambit|fallen2|[silent]
|move|p2a: Samurott|Knock Off|p1a: Kingambit
|-resisted|p1a: Kingambit
|-damage|p1a: Kingambit|34/100
|
|-damage|p2a: Samurott|5/100 psn|[from] psn
|upkeep
|turn|15
|
|t:|1759072553
|move|p2a: Samurott|Sucker Punch||[still]
|-fail|p2a: Samurott
|move|p1a: Kingambit|Swords Dance|p1a: Kingambit
|-boost|p1a: Kingambit|atk|2
|
|-damage|p2a: Samurott|0 fnt|[from] psn
|faint|p2a: Samurott
|upkeep
|
|t:|1759072564
|switch|p2a: Rillaboom|Rillaboom, M|100/100
|-damage|p2a: Rillaboom|88/100|[from] Stealth Rock
|-status|p2a: Rillaboom|tox
|-fieldstart|move: Grassy Terrain|[from] ability: Grassy Surge|[of] p2a: Rillaboom
|turn|16
|
|t:|1759072570
|move|p1a: Kingambit|Sucker Punch|p2a: Rillaboom
|-damage|p2a: Rillaboom|0 fnt
|faint|p2a: Rillaboom
|
|-heal|p1a: Kingambit|40/100|[from] Grassy Terrain
|upkeep
|
|t:|1759072572
|switch|p2a: Cinderace|Cinderace, F|100/100
|-damage|p2a: Cinderace|76/100|[from] Stealth Rock
|-status|p2a: Cinderace|tox
|-enditem|p2a: Cinderace|Grassy Seed
|-boost|p2a: Cinderace|def|1|[from] item: Grassy Seed
|turn|17
|
|t:|1759072578
|move|p1a: Kingambit|Sucker Punch||[still]
|-fail|p1a: Kingambit
|move|p2a: Cinderace|Swords Dance|p2a: Cinderace
|-boost|p2a: Cinderace|atk|2
|
|-heal|p2a: Cinderace|82/100 tox|[from] Grassy Terrain
|-heal|p1a: Kingambit|46/100|[from] Grassy Terrain
|-damage|p2a: Cinderace|76/100 tox|[from] psn
|upkeep
|turn|18
|
|t:|1759072583
|move|p1a: Kingambit|Sucker Punch||[still]
|-fail|p1a: Kingambit
|move|p2a: Cinderace|Swords Dance|p2a: Cinderace
|-boost|p2a: Cinderace|atk|2
|
|-heal|p2a: Cinderace|82/100 tox|[from] Grassy Terrain
|-heal|p1a: Kingambit|52/100|[from] Grassy Terrain
|-damage|p2a: Cinderace|70/100 tox|[from] psn
|upkeep
|turn|19
|
|t:|1759072589
|move|p1a: Kingambit|Sucker Punch||[still]
|-fail|p1a: Kingambit
|move|p2a: Cinderace|Swords Dance|p2a: Cinderace
|-boost|p2a: Cinderace|atk|2
|
|-heal|p2a: Cinderace|76/100 tox|[from] Grassy Terrain
|-heal|p1a: Kingambit|58/100|[from] Grassy Terrain
|-damage|p2a: Cinderace|58/100 tox|[from] psn
|upkeep
|turn|20
|
|t:|1759072592
|move|p1a: Kingambit|Sucker Punch||[still]
|-fail|p1a: Kingambit
|move|p2a: Cinderace|Swords Dance|p2a: Cinderace
|-boost|p2a: Cinderace|atk|0
|
|-heal|p2a: Cinderace|64/100 tox|[from] Grassy Terrain
|-heal|p1a: Kingambit|64/100|[from] Grassy Terrain
|-damage|p2a: Cinderace|40/100 tox|[from] psn
|upkeep
|turn|21
|
|t:|1759072596
|move|p2a: Cinderace|Pyro Ball|p1a: Kingambit
|-supereffective|p1a: Kingambit
|-damage|p1a: Kingambit|0 fnt
|faint|p1a: Kingambit
|-end|p1a: Kingambit|fallen2|[silent]
|
|-heal|p2a: Cinderace|46/100 tox|[from] Grassy Terrain
|-damage|p2a: Cinderace|16/100 tox|[from] psn
|upkeep
|
|t:|1759072609
|switch|p1a: Iron Valiant|Iron Valiant|100/100
|-damage|p1a: Iron Valiant|88/100|[from] Spikes
|-enditem|p1a: Iron Valiant|Booster Energy
|-activate|p1a: Iron Valiant|ability: Quark Drive|[fromitem]
|-start|p1a: Iron Valiant|quarkdrivespe
|turn|22
|
|t:|1759072614
|move|p1a: Iron Valiant|Knock Off|p2a: Cinderace
|-damage|p2a: Cinderace|0 fnt
|faint|p2a: Cinderace
|
|-heal|p1a: Iron Valiant|94/100|[from] Grassy Terrain
|upkeep
|
|t:|1759072617
|switch|p2a: Iron Crown|Iron Crown|77/100
|-damage|p2a: Iron Crown|70/100|[from] Stealth Rock
|turn|23
|inactive|babyshark974 has 120 seconds left.
|
|t:|1759072673
|move|p1a: Iron Valiant|Knock Off|p2a: Iron Crown
|-supereffective|p2a: Iron Crown
|-crit|p2a: Iron Crown
|-damage|p2a: Iron Crown|0 fnt
|-enditem|p2a: Iron Crown|Assault Vest|[from] move: Knock Off|[of] p1a: Iron Valiant
|faint|p2a: Iron Crown
|-end|p2a: Iron Crown|Quark Drive|[silent]
|
|-heal|p1a: Iron Valiant|100/100|[from] Grassy Terrain
|-fieldend|move: Grassy Terrain
|upkeep
|-message|localdealerr2 forfeited.
|
|win|babyshark974
|raw|babyshark974's rating: 1563 &rarr; <strong>1579</strong><br />(+16 for winning)
|raw|localdealerr2's rating: 1494 &rarr; <strong>1478</strong><br />(-16 for losing)
|l|☆localdealerr2
|player|p2|
|l|☆babyshark974
|player|p1|
