|j|☆luxgia
|j|☆salty pepperer
|t:|1759015515
|gametype|singles
|player|p1|luxgia|byron|1622
|player|p2|salty pepperer|266|1690
|gen|9
|tier|[Gen 9] OU
|rated|
|rule|HP Percentage Mod: HP is shown in percentages
|rule|Endless Battle Clause: Forcing endless battles is banned
|rule|Species Clause: Limit one of each Pokémon
|rule|OHKO Clause: OHKO moves are banned
|rule|Evasion Items Clause: Evasion items are banned
|rule|Evasion Moves Clause: Evasion moves are banned
|rule|Evasion Abilities Clause: Evasion abilities are banned
|rule|Sleep Moves Clause: Sleep-inducing moves are banned
|clearpoke
|poke|p1|Iron Crown|
|poke|p1|Samurott-Hisui, M|
|poke|p1|Zapdos|
|poke|p1|Dragapult, M|
|poke|p1|Great Tusk|
|poke|p1|Iron Boulder|
|poke|p2|Latios, M|
|poke|p2|Tinkaton, F|
|poke|p2|Great Tusk|
|poke|p2|Ogerpon-Wellspring, F|
|poke|p2|Samurott-Hisui, F|
|poke|p2|Sinistcha|
|teampreview
|
|t:|1759015554
|teamsize|p1|6
|teamsize|p2|6
|start
|switch|p1a: Everytime We Touch|Samurott-Hisui, M|100/100
|switch|p2a: Ogerpon|Ogerpon-Wellspring, F|100/100
|turn|1
|
|t:|1759015560
|move|p1a: Everytime We Touch|Ceaseless Edge|p2a: Ogerpon
|-damage|p2a: Ogerpon|41/100
|-sidestart|p2: salty pepperer|Spikes
|move|p2a: Ogerpon|U-turn|p1a: Everytime We Touch
|-supereffective|p1a: Everytime We Touch
|-damage|p1a: Everytime We Touch|27/100
|
|t:|1759015573
|switch|p2a: Great Tusk|Great Tusk|100/100|[from] U-turn
|
|upkeep
|turn|2
|
|t:|1759015582
|switch|p1a: Hurikan|Zapdos|100/100
|move|p2a: Great Tusk|Knock Off|p1a: Hurikan
|-damage|p1a: Hurikan|78/100
|-enditem|p1a: Hurikan|Heavy-Duty Boots|[from] move: Knock Off|[of] p2a: Great Tusk
|
|upkeep
|turn|3
|
|t:|1759015609
|-end|p2a: Great Tusk|Protosynthesis|[silent]
|switch|p2a: Tinkaton|Tinkaton, F|100/100
|-damage|p2a: Tinkaton|88/100|[from] Spikes
|-ability|p2a: Tinkaton|Mold Breaker
|move|p1a: Hurikan|U-turn|p2a: Tinkaton
|-resisted|p2a: Tinkaton
|-damage|p2a: Tinkaton|84/100
|
|t:|1759015616
|switch|p1a: Pump It|Great Tusk|100/100|[from] U-turn
|
|-heal|p2a: Tinkaton|90/100|[from] item: Leftovers
|upkeep
|turn|4
|
|t:|1759015627
|switch|p2a: Sinistcha|Sinistcha|100/100
|-damage|p2a: Sinistcha|88/100|[from] Spikes
|move|p1a: Pump It|Stealth Rock|p2a: Sinistcha
|-sidestart|p2: salty pepperer|move: Stealth Rock
|
|upkeep
|turn|5
|
|t:|1759015633
|-end|p1a: Pump It|Protosynthesis|[silent]
|switch|p1a: Hurikan|Zapdos|78/100
|move|p2a: Sinistcha|Matcha Gotcha|p1a: Hurikan
|-resisted|p1a: Hurikan
|-damage|p1a: Hurikan|63/100
|-heal|p2a: Sinistcha|96/100|[from] drain|[of] p1a: Hurikan
|-status|p1a: Hurikan|brn
|
|-damage|p1a: Hurikan|57/100 brn|[from] brn
|upkeep
|turn|6
|
|t:|1759015644
|switch|p2a: Latios|Latios, M|100/100
|-damage|p2a: Latios|88/100|[from] Stealth Rock
|move|p1a: Hurikan|Hurricane|p2a: Latios|[miss]
|-miss|p1a: Hurikan|p2a: Latios
|
|-damage|p1a: Hurikan|51/100 brn|[from] brn
|upkeep
|turn|7
|
|t:|1759015651
|switch|p1a: Mindreader|Iron Crown|100/100
|move|p2a: Latios|Draco Meteor|p1a: Mindreader
|-resisted|p1a: Mindreader
|-crit|p1a: Mindreader
|-damage|p1a: Mindreader|44/100
|-unboost|p2a: Latios|spa|2
|
|upkeep
|turn|8
|
|t:|1759015659
|switch|p2a: Samurott|Samurott-Hisui, F|100/100
|-damage|p2a: Samurott|88/100|[from] Spikes
|-damage|p2a: Samurott|76/100|[from] Stealth Rock
|move|p1a: Mindreader|Volt Switch|p2a: Samurott
|-supereffective|p2a: Samurott
|-damage|p2a: Samurott|25/100
|
|t:|1759015662
|-end|p1a: Mindreader|Quark Drive|[silent]
|switch|p1a: Everytime We Touch|Samurott-Hisui, M|27/100|[from] Volt Switch
|
|upkeep
|turn|9
|
|t:|1759015681
|switch|p2a: Great Tusk|Great Tusk|100/100
|move|p1a: Everytime We Touch|Ceaseless Edge|p2a: Great Tusk
|-resisted|p2a: Great Tusk
|-damage|p2a: Great Tusk|83/100
|-sidestart|p2: salty pepperer|Spikes
|
|upkeep
|turn|10
|
|t:|1759015687
|switch|p1a: Parasite|Dragapult, M|100/100
|move|p2a: Great Tusk|Knock Off|p1a: Parasite
|-supereffective|p1a: Parasite
|-damage|p1a: Parasite|10/100
|-enditem|p1a: Parasite|Choice Band|[from] move: Knock Off|[of] p2a: Great Tusk
|
|upkeep
|turn|11
|
|t:|1759015696
|-end|p2a: Great Tusk|Protosynthesis|[silent]
|switch|p2a: Sinistcha|Sinistcha|96/100
|-damage|p2a: Sinistcha|80/100|[from] Spikes
|-damage|p2a: Sinistcha|67/100|[from] Stealth Rock
|move|p1a: Parasite|Dragon Darts|p2a: Sinistcha
|-damage|p2a: Sinistcha|48/100
|-anim|p1a: Parasite|Dragon Darts|p2a: Sinistcha
|-damage|p2a: Sinistcha|29/100
|
|upkeep
|turn|12
|
|t:|1759015704
|move|p1a: Parasite|U-turn|p2a: Sinistcha
|-crit|p2a: Sinistcha
|-damage|p2a: Sinistcha|5/100
|-damage|p1a: Parasite|0 fnt|[from] item: Rocky Helmet|[of] p2a: Sinistcha
|faint|p1a: Parasite
|move|p2a: Sinistcha|Strength Sap|p1: Parasite|[notarget]
|-fail|p2a: Sinistcha
|
|upkeep
|
|t:|1759015708
|switch|p1a: Everytime We Touch|Samurott-Hisui, M|27/100
|turn|13
|
|t:|1759015714
|switch|p2a: Ogerpon|Ogerpon-Wellspring, F|41/100
|-damage|p2a: Ogerpon|24/100|[from] Spikes
|-damage|p2a: Ogerpon|12/100|[from] Stealth Rock
|move|p1a: Everytime We Touch|Flip Turn|p2a: Ogerpon
|-heal|p2a: Ogerpon|37/100|[from] ability: Water Absorb|[of] p1a: Everytime We Touch
|
|upkeep
|turn|14
|
|t:|1759015735
|switch|p1a: Hurikan|Zapdos|51/100 brn
|move|p2a: Ogerpon|Ivy Cudgel|p1a: Hurikan|[anim] Ivy Cudgel Water
|-crit|p1a: Hurikan
|-damage|p1a: Hurikan|0 fnt
|faint|p1a: Hurikan
|
|upkeep
|
|t:|1759015747
|switch|p1a: Mindreader|Iron Crown|44/100
|turn|15
|
|t:|1759015753
|-end|p1a: Mindreader|Quark Drive|[silent]
|switch|p1a: Everytime We Touch|Samurott-Hisui, M|27/100
|move|p2a: Ogerpon|Ivy Cudgel|p1a: Everytime We Touch|[anim] Ivy Cudgel Water
|-resisted|p1a: Everytime We Touch
|-damage|p1a: Everytime We Touch|0 fnt
|faint|p1a: Everytime We Touch
|
|upkeep
|
|t:|1759015755
|switch|p1a: Revery|Iron Boulder|100/100
|-enditem|p1a: Revery|Booster Energy
|-activate|p1a: Revery|ability: Quark Drive|[fromitem]
|-start|p1a: Revery|quarkdrivespe
|turn|16
|
|t:|1759015766
|switch|p2a: Sinistcha|Sinistcha|5/100
|-damage|p2a: Sinistcha|0 fnt|[from] Spikes
|faint|p2a: Sinistcha
|move|p1a: Revery|Mighty Cleave|p2: Sinistcha|[notarget]
|-fail|p1a: Revery
|
|upkeep
|
|t:|1759015801
|switch|p2a: Great Tusk|Great Tusk|83/100
|turn|17
|
|t:|1759015818
|-terastallize|p1a: Revery|Fighting
|-terastallize|p2a: Great Tusk|Steel
|move|p1a: Revery|Zen Headbutt|p2a: Great Tusk|[miss]
|-miss|p1a: Revery|p2a: Great Tusk
|move|p2a: Great Tusk|Headlong Rush|p1a: Revery
|-damage|p1a: Revery|26/100
|-unboost|p2a: Great Tusk|def|1
|-unboost|p2a: Great Tusk|spd|1
|
|upkeep
|turn|18
|
|t:|1759015850
|-end|p2a: Great Tusk|Protosynthesis|[silent]
|switch|p2a: Latios|Latios, M|88/100
|-damage|p2a: Latios|76/100|[from] Stealth Rock
|move|p1a: Revery|Close Combat|p2a: Latios
|-resisted|p2a: Latios
|-damage|p2a: Latios|34/100
|-unboost|p1a: Revery|def|1
|-unboost|p1a: Revery|spd|1
|
|upkeep
|turn|19
|
|t:|1759015859
|move|p1a: Revery|Mighty Cleave|p2a: Latios
|-damage|p2a: Latios|0 fnt
|faint|p2a: Latios
|
|upkeep
|
|t:|1759015877
|switch|p2a: Great Tusk|Great Tusk, tera:Steel|83/100
|turn|20
|
|t:|1759015880
|move|p1a: Revery|Close Combat|p2a: Great Tusk
|-supereffective|p2a: Great Tusk
|-damage|p2a: Great Tusk|0 fnt
|-unboost|p1a: Revery|def|1
|-unboost|p1a: Revery|spd|1
|faint|p2a: Great Tusk
|-end|p2a: Great Tusk|Protosynthesis|[silent]
|
|upkeep
|-message|salty pepperer forfeited.
|
|win|luxgia
|raw|luxgia's rating: 1622 &rarr; <strong>1646</strong><br />(+24 for winning)
|raw|salty pepperer's rating: 1690 &rarr; <strong>1666</strong><br />(-24 for losing)
|l|☆salty pepperer
|player|p2|
