|j|☆Havestol
|j|☆jhghjkhipkjnlp
|t:|1758936076
|gametype|singles
|player|p1|Havestol|mars|1483
|player|p2|jhghjkhipkjnlp|2|1569
|gen|9
|tier|[Gen 9] OU
|rated|
|rule|HP Percentage Mod: HP is shown in percentages
|rule|Endless Battle Clause: Forcing endless battles is banned
|rule|Species Clause: Limit one of each Pokémon
|rule|OHKO Clause: OHKO moves are banned
|rule|Evasion Items Clause: Evasion items are banned
|rule|Evasion Moves Clause: Evasion moves are banned
|rule|Evasion Abilities Clause: Evasion abilities are banned
|rule|Sleep Moves Clause: Sleep-inducing moves are banned
|clearpoke
|poke|p1|Jirachi|
|poke|p1|Mabosstiff, F|
|poke|p1|Landorus-Therian, M|
|poke|p1|Rillaboom, M|
|poke|p1|Alomomola, F|
|poke|p1|Cinderace, M|
|poke|p2|Kingambit, M|
|poke|p2|Great Tusk|
|poke|p2|Moltres|
|poke|p2|Dragonite, F|
|poke|p2|Primarina, F|
|poke|p2|Deoxys-Speed|
|teampreview
|
|t:|1758936095
|teamsize|p1|6
|teamsize|p2|6
|start
|switch|p1a: Jirachi|Jirachi|100/100
|switch|p2a: Deoxys|Deoxys-Speed|100/100
|-ability|p2a: Deoxys|Pressure
|turn|1
|
|t:|1758936102
|move|p2a: Deoxys|Trick|p1a: Jirachi
|-activate|p2a: Deoxys|move: Trick|[of] p1a: Jirachi
|-item|p1a: Jirachi|Choice Band|[from] move: Trick
|-item|p2a: Deoxys|Assault Vest|[from] move: Trick
|move|p1a: Jirachi|Doom Desire|p2a: Deoxys
|-start|p1a: Jirachi|Doom Desire
|
|upkeep
|turn|2
|
|t:|1758936115
|switch|p2a: Meruem|Kingambit, M|100/100
|switch|p1a: Mabosstiff|Mabosstiff, F|100/100
|
|upkeep
|turn|3
|
|t:|1758936129
|switch|p1a: Landorus|Landorus-Therian, M|100/100
|-ability|p1a: Landorus|Intimidate|boost
|-unboost|p2a: Meruem|atk|1
|-end|p2a: Meruem|fallenundefined|[silent]
|switch|p2a: Moltres|Moltres|100/100
|
|-end|p2a: Moltres|move: Doom Desire
|-resisted|p2a: Moltres
|-damage|p2a: Moltres|68/100
|upkeep
|turn|4
|
|t:|1758936143
|move|p1a: Landorus|Stealth Rock|p2a: Moltres
|-sidestart|p2: jhghjkhipkjnlp|move: Stealth Rock
|move|p2a: Moltres|U-turn|p1a: Landorus
|-resisted|p1a: Landorus
|-damage|p1a: Landorus|93/100
|-damage|p2a: Moltres|52/100|[from] item: Rocky Helmet|[of] p1a: Landorus
|
|t:|1758936182
|switch|p2a: Siren|Primarina, F|100/100|[from] U-turn
|-damage|p2a: Siren|88/100|[from] Stealth Rock
|
|upkeep
|turn|5
|
|t:|1758936191
|move|p1a: Landorus|U-turn|p2a: Siren
|-resisted|p2a: Siren
|-damage|p2a: Siren|74/100
|
|t:|1758936196
|switch|p1a: Rillaboom|Rillaboom, M|100/100|[from] U-turn
|-fieldstart|move: Grassy Terrain|[from] ability: Grassy Surge|[of] p1a: Rillaboom
|move|p2a: Siren|Moonblast|p1a: Rillaboom
|-damage|p1a: Rillaboom|32/100
|
|-heal|p1a: Rillaboom|38/100|[from] Grassy Terrain
|-heal|p2a: Siren|80/100|[from] Grassy Terrain
|upkeep
|turn|6
|
|t:|1758936207
|switch|p2a: Moltres|Moltres|52/100
|move|p1a: Rillaboom|Knock Off|p2a: Moltres
|-crit|p2a: Moltres
|-damage|p2a: Moltres|0 fnt
|-enditem|p2a: Moltres|Heavy-Duty Boots|[from] move: Knock Off|[of] p1a: Rillaboom
|faint|p2a: Moltres
|
|-heal|p1a: Rillaboom|44/100|[from] Grassy Terrain
|upkeep
|
|t:|1758936219
|switch|p2a: Anomaly|Great Tusk|100/100
|-damage|p2a: Anomaly|98/100|[from] Stealth Rock
|-enditem|p2a: Anomaly|Booster Energy
|-activate|p2a: Anomaly|ability: Protosynthesis|[fromitem]
|-start|p2a: Anomaly|protosynthesisatk
|turn|7
|
|t:|1758936230
|switch|p1a: Landorus|Landorus-Therian, M|93/100
|-ability|p1a: Landorus|Intimidate|boost
|-unboost|p2a: Anomaly|atk|1
|move|p2a: Anomaly|Rapid Spin|p1a: Landorus
|-damage|p1a: Landorus|77/100
|-boost|p2a: Anomaly|spe|1
|-damage|p2a: Anomaly|81/100|[from] item: Rocky Helmet|[of] p1a: Landorus
|-sideend|p2: jhghjkhipkjnlp|Stealth Rock|[from] move: Rapid Spin|[of] p2a: Anomaly
|
|-heal|p2a: Anomaly|87/100|[from] Grassy Terrain
|upkeep
|turn|8
|
|t:|1758936240
|move|p2a: Anomaly|Ice Spinner|p1a: Landorus
|-supereffective|p1a: Landorus
|-damage|p1a: Landorus|0 fnt
|-damage|p2a: Anomaly|71/100|[from] item: Rocky Helmet|[of] p1a: Landorus
|-fieldend|move: Grassy Terrain
|faint|p1a: Landorus
|
|upkeep
|
|t:|1758936247
|switch|p1a: Rillaboom|Rillaboom, M|44/100
|-fieldstart|move: Grassy Terrain|[from] ability: Grassy Surge|[of] p1a: Rillaboom
|turn|9
|
|t:|1758936254
|-end|p2a: Anomaly|Protosynthesis|[silent]
|switch|p2a: Yoshi|Dragonite, F|100/100
|move|p1a: Rillaboom|Grassy Glide|p2a: Yoshi
|-resisted|p2a: Yoshi
|-damage|p2a: Yoshi|93/100
|
|-heal|p1a: Rillaboom|50/100|[from] Grassy Terrain
|upkeep
|turn|10
|
|t:|1758936262
|switch|p1a: Mabosstiff|Mabosstiff, F|100/100
|move|p2a: Yoshi|Outrage|p1a: Mabosstiff
|-damage|p1a: Mabosstiff|0 fnt
|faint|p1a: Mabosstiff
|
|upkeep
|
|t:|1758936268
|switch|p1a: Jirachi|Jirachi|100/100
|turn|11
|
|t:|1758936275
|move|p1a: Jirachi|Psychic Noise|p2a: Yoshi
|-damage|p2a: Yoshi|60/100
|-start|p2a: Yoshi|move: Heal Block
|move|p2a: Yoshi|Outrage|p1a: Jirachi|[from] lockedmove
|-resisted|p1a: Jirachi
|-damage|p1a: Jirachi|52/100
|-start|p2a: Yoshi|confusion|[fatigue]
|
|-heal|p1a: Jirachi|58/100|[from] Grassy Terrain
|upkeep
|turn|12
|
|t:|1758936289
|switch|p1a: Cinderace|Cinderace, M|100/100
|switch|p2a: Meruem|Kingambit, M|100/100
|-activate|p2a: Meruem|ability: Supreme Overlord
|-start|p2a: Meruem|fallen1|[silent]
|
|upkeep
|turn|13
|-message|Havestol forfeited.
|
|win|jhghjkhipkjnlp
|raw|Havestol's rating: 1483 &rarr; <strong>1468</strong><br />(-15 for losing)
|raw|jhghjkhipkjnlp's rating: 1569 &rarr; <strong>1584</strong><br />(+15 for winning)
|l|☆Havestol
|player|p1|
|l|☆jhghjkhipkjnlp
|player|p2|
