|badge|p2|bronze|gen9ou|100-6
|html|<div class="broadcast-red"><strong>This battle is required to be public due to one or more player having a season medal.</strong><br />During the public phase, you can discuss the state of the ladder <a href="/seasondiscussion">in a special chatroom.</a></div>
|uhtml|medal-msg|<div class="broadcast-blue">Curious what those medals under the avatar are? PS now has Ladder Seasons! For more information, check out the <a href="https://www.smogon.com/forums/threads/3740067/">thread on Smogon.</a></div>
|raw|<div class="broadcast-blue"><strong>This battle is required to be public due to a player having a name starting with 'medal'.</div>
|j|☆Obito 2001
|j|☆1400s main
|t:|1759019343
|gametype|singles
|player|p1|Obito 2001|blue-gen3two|1768
|player|p2|1400s main|lass-gen4dp|1876
|gen|9
|tier|[Gen 9] OU
|rated|
|rule|HP Percentage Mod: HP is shown in percentages
|rule|Endless Battle Clause: Forcing endless battles is banned
|rule|Species Clause: Limit one of each Pokémon
|rule|OHKO Clause: OHKO moves are banned
|rule|Evasion Items Clause: Evasion items are banned
|rule|Evasion Moves Clause: Evasion moves are banned
|rule|Evasion Abilities Clause: Evasion abilities are banned
|rule|Sleep Moves Clause: Sleep-inducing moves are banned
|clearpoke
|poke|p1|Ogerpon-Wellspring, F|
|poke|p1|Kingambit, M|
|poke|p1|Glimmora, M|
|poke|p1|Deoxys-Speed|
|poke|p1|Dragapult, F|
|poke|p1|Corviknight, M|
|poke|p2|Dragapult, F|
|poke|p2|Great Tusk|
|poke|p2|Samurott-Hisui, M|
|poke|p2|Dragonite, F|
|poke|p2|Slowking-Galar, M|
|poke|p2|Ogerpon, F|
|teampreview
|inactive|Battle timer is ON: inactive players will automatically lose when time's up. (requested by 1400s main)
|inactive|Obito 2001 also wants the timer to be on.
|
|t:|1759019350
|teamsize|p1|6
|teamsize|p2|6
|start
|switch|p1a: Ogerpon|Ogerpon-Wellspring, F|100/100
|switch|p2a: Ogerpon|Ogerpon, F|100/100
|turn|1
|
|t:|1759019355
|move|p1a: Ogerpon|U-turn|p2a: Ogerpon
|-supereffective|p2a: Ogerpon
|-damage|p2a: Ogerpon|25/100
|
|t:|1759019361
|switch|p1a: Glimmora|Glimmora, M|100/100|[from] U-turn
|move|p2a: Ogerpon|Ivy Cudgel|p1a: Glimmora
|-damage|p1a: Glimmora|6/100
|-activate|p1a: Glimmora|ability: Toxic Debris
|-sidestart|p2: 1400s main|move: Toxic Spikes
|
|upkeep
|turn|2
|inactive|1400s main has 120 seconds left.
|inactive|1400s main has 90 seconds left.
|
|t:|1759019442
|move|p2a: Ogerpon|Ivy Cudgel|p1a: Glimmora
|-damage|p1a: Glimmora|0 fnt
|-activate|p1a: Glimmora|ability: Toxic Debris
|-sidestart|p2: 1400s main|move: Toxic Spikes
|faint|p1a: Glimmora
|
|upkeep
|
|t:|1759019449
|switch|p1a: Ogerpon|Ogerpon-Wellspring, F|100/100
|turn|3
|
|t:|1759019470
|switch|p1a: Corviknight|Corviknight, M|100/100
|-ability|p1a: Corviknight|Pressure
|move|p2a: Ogerpon|Ivy Cudgel|p1a: Corviknight
|-resisted|p1a: Corviknight
|-damage|p1a: Corviknight|85/100
|
|-heal|p1a: Corviknight|91/100|[from] item: Leftovers
|upkeep
|turn|4
|
|t:|1759019481
|switch|p2a: Slowking|Slowking-Galar, M|100/100
|-sideend|p2: 1400s main|move: Toxic Spikes|[of] p2a: Slowking
|move|p1a: Corviknight|Bulk Up|p1a: Corviknight
|-boost|p1a: Corviknight|atk|1
|-boost|p1a: Corviknight|def|1
|
|-heal|p1a: Corviknight|98/100|[from] item: Leftovers
|upkeep
|turn|5
|
|t:|1759019485
|move|p1a: Corviknight|Bulk Up|p1a: Corviknight
|-boost|p1a: Corviknight|atk|1
|-boost|p1a: Corviknight|def|1
|move|p2a: Slowking|Trick|p1a: Corviknight
|-activate|p2a: Slowking|move: Trick|[of] p1a: Corviknight
|-item|p1a: Corviknight|Choice Band|[from] move: Trick
|-item|p2a: Slowking|Leftovers|[from] move: Trick
|
|upkeep
|turn|6
|inactive|1400s main has 90 seconds left.
|
|t:|1759019495
|move|p1a: Corviknight|Brave Bird|p2a: Slowking
|-damage|p2a: Slowking|21/100
|-damage|p1a: Corviknight|72/100|[from] Recoil
|-prepare|p2a: Slowking|Chilly Reception|[premajor]
|move|p2a: Slowking|Chilly Reception|p2a: Slowking
|-weather|Snowscape
|
|t:|1759019499
|switch|p2a: Dragapult|Dragapult, F|100/100|[from] Chilly Reception
|
|-weather|Snowscape|[upkeep]
|upkeep
|turn|7
|
|t:|1759019502
|move|p2a: Dragapult|Will-O-Wisp|p1a: Corviknight
|-status|p1a: Corviknight|brn
|move|p1a: Corviknight|Brave Bird|p2a: Dragapult
|-damage|p2a: Dragapult|22/100
|-damage|p1a: Corviknight|51/100 brn|[from] Recoil
|
|-weather|Snowscape|[upkeep]
|-damage|p1a: Corviknight|45/100 brn|[from] brn
|upkeep
|turn|8
|
|t:|1759019506
|switch|p2a: Slowking|Slowking-Galar, M|54/100
|move|p1a: Corviknight|Brave Bird|p2a: Slowking
|-damage|p2a: Slowking|15/100
|-damage|p1a: Corviknight|32/100 brn|[from] Recoil
|
|-weather|Snowscape|[upkeep]
|-heal|p2a: Slowking|22/100|[from] item: Leftovers
|-damage|p1a: Corviknight|26/100 brn|[from] brn
|upkeep
|turn|9
|inactive|1400s main has 120 seconds left.
|
|t:|1759019516
|move|p1a: Corviknight|Brave Bird|p2a: Slowking
|-damage|p2a: Slowking|0 fnt
|faint|p2a: Slowking
|-damage|p1a: Corviknight|19/100 brn|[from] Recoil
|
|-weather|Snowscape|[upkeep]
|-damage|p1a: Corviknight|13/100 brn|[from] brn
|upkeep
|
|t:|1759019517
|switch|p2a: Samurott|Samurott-Hisui, M|100/100
|turn|10
|
|t:|1759019519
|move|p2a: Samurott|Ceaseless Edge|p1a: Corviknight
|-damage|p1a: Corviknight|0 fnt
|-sidestart|p1: Obito 2001|Spikes
|faint|p1a: Corviknight
|
|-weather|none
|upkeep
|
|t:|1759019524
|switch|p1a: Ogerpon|Ogerpon-Wellspring, F|100/100
|-damage|p1a: Ogerpon|88/100|[from] Spikes
|turn|11
|
|t:|1759019529
|switch|p2a: Dragonite|Dragonite, F|100/100
|move|p1a: Ogerpon|Play Rough|p2a: Dragonite
|-supereffective|p2a: Dragonite
|-damage|p2a: Dragonite|61/100
|
|upkeep
|turn|12
|
|t:|1759019543
|move|p2a: Dragonite|Extreme Speed|p1a: Ogerpon
|-damage|p1a: Ogerpon|27/100
|move|p1a: Ogerpon|Play Rough|p2a: Dragonite|[miss]
|-miss|p1a: Ogerpon|p2a: Dragonite
|
|upkeep
|turn|13
|
|t:|1759019548
|switch|p1a: 👻DraGhost🐉|Dragapult, F|100/100
|-damage|p1a: 👻DraGhost🐉|88/100|[from] Spikes
|move|p2a: Dragonite|Extreme Speed|p1a: 👻DraGhost🐉
|-immune|p1a: 👻DraGhost🐉
|
|upkeep
|turn|14
|
|t:|1759019550
|switch|p2a: Samurott|Samurott-Hisui, M|100/100
|move|p1a: 👻DraGhost🐉|Dragon Darts|p2a: Samurott
|-damage|p2a: Samurott|74/100
|-anim|p1a: 👻DraGhost🐉|Dragon Darts|p2a: Samurott
|-damage|p2a: Samurott|47/100
|
|upkeep
|turn|15
|
|t:|1759019558
|switch|p1a: Ogerpon|Ogerpon-Wellspring, F|27/100
|-damage|p1a: Ogerpon|15/100|[from] Spikes
|move|p2a: Samurott|Ceaseless Edge|p1a: Ogerpon|[miss]
|-miss|p2a: Samurott|p1a: Ogerpon
|
|upkeep
|turn|16
|j| Itwasneroox
|
|t:|1759019563
|move|p1a: Ogerpon|Play Rough|p2a: Samurott
|-supereffective|p2a: Samurott
|-damage|p2a: Samurott|0 fnt
|faint|p2a: Samurott
|
|upkeep
|l| Itwasneroox
|
|t:|1759019564
|switch|p2a: Ogerpon|Ogerpon, F|25/100
|turn|17
|
|t:|1759019567
|-terastallize|p2a: Ogerpon|Grass
|detailschange|p2a: Ogerpon|Ogerpon-Teal-Tera, F, tera:Grass
|-ability|p2a: Ogerpon|Embody Aspect (Teal)|boost
|-boost|p2a: Ogerpon|spe|1
|move|p2a: Ogerpon|U-turn|p1a: Ogerpon
|-supereffective|p1a: Ogerpon
|-crit|p1a: Ogerpon
|-damage|p1a: Ogerpon|0 fnt
|faint|p1a: Ogerpon
|
|t:|1759019571
|switch|p2a: Dragapult|Dragapult, F|22/100|[from] U-turn
|
|upkeep
|
|t:|1759019576
|switch|p1a: Deoxys|Deoxys-Speed, shiny|100/100
|-damage|p1a: Deoxys|88/100|[from] Spikes
|-ability|p1a: Deoxys|Pressure
|turn|18
|
|t:|1759019579
|move|p1a: Deoxys|Knock Off|p2a: Dragapult
|-supereffective|p2a: Dragapult
|-damage|p2a: Dragapult|0 fnt
|-enditem|p2a: Dragapult|Choice Band|[from] move: Knock Off|[of] p1a: Deoxys
|faint|p2a: Dragapult
|
|upkeep
|
|t:|1759019580
|switch|p2a: Ogerpon|Ogerpon-Teal-Tera, F, tera:Grass|25/100
|-ability|p2a: Ogerpon|Embody Aspect (Teal)|boost
|-boost|p2a: Ogerpon|spe|1
|turn|19
|
|t:|1759019587
|move|p2a: Ogerpon|U-turn|p1a: Deoxys
|-supereffective|p1a: Deoxys
|-damage|p1a: Deoxys|5/100
|
|t:|1759019589
|switch|p2a: Dragonite|Dragonite, F|61/100|[from] U-turn
|move|p1a: Deoxys|Psycho Boost|p2a: Dragonite
|-damage|p2a: Dragonite|11/100
|-unboost|p1a: Deoxys|spa|2
|
|upkeep
|turn|20
|
|t:|1759019594
|move|p2a: Dragonite|Extreme Speed|p1a: Deoxys
|-damage|p1a: Deoxys|0 fnt
|faint|p1a: Deoxys
|
|upkeep
|
|t:|1759019596
|switch|p1a: 👻DraGhost🐉|Dragapult, F|88/100
|-damage|p1a: 👻DraGhost🐉|76/100|[from] Spikes
|turn|21
|
|t:|1759019598
|move|p2a: Dragonite|Extreme Speed|p1a: 👻DraGhost🐉
|-immune|p1a: 👻DraGhost🐉
|move|p1a: 👻DraGhost🐉|Reflect|p1a: 👻DraGhost🐉
|-sidestart|p1: Obito 2001|Reflect
|
|upkeep
|turn|22
|
|t:|1759019604
|switch|p2a: Ogerpon|Ogerpon-Teal-Tera, F, tera:Grass|25/100
|-ability|p2a: Ogerpon|Embody Aspect (Teal)|boost
|-boost|p2a: Ogerpon|spe|1
|move|p1a: 👻DraGhost🐉|Dragon Darts|p2a: Ogerpon
|-damage|p2a: Ogerpon|0 fnt
|faint|p2a: Ogerpon
|detailschange|p2: Ogerpon|Ogerpon, F|[silent]
|
|upkeep
|-message|1400s main forfeited.
|
|win|Obito 2001
|raw|Obito 2001's rating: 1768 &rarr; <strong>1793</strong><br />(+25 for winning)
|raw|1400s main's rating: 1854 &rarr; <strong>1829</strong><br />(-25 for losing)
|l|☆1400s main
|player|p2|
