|j|☆Shibuya Arc
|j|☆shitmon_advocate
|t:|1758957684
|gametype|singles
|player|p1|Shibuya Arc|265|1664
|player|p2|shitmon_advocate|miku-water|1471
|gen|9
|tier|[Gen 9] OU
|rated|
|rule|HP Percentage Mod: HP is shown in percentages
|rule|Endless Battle Clause: Forcing endless battles is banned
|rule|Species Clause: Limit one of each Pokémon
|rule|OHKO Clause: OHKO moves are banned
|rule|Evasion Items Clause: Evasion items are banned
|rule|Evasion Moves Clause: Evasion moves are banned
|rule|Evasion Abilities Clause: Evasion abilities are banned
|rule|Sleep Moves Clause: Sleep-inducing moves are banned
|clearpoke
|poke|p1|Dragapult, M|
|poke|p1|Dragonite, F|
|poke|p1|Ting-Lu|
|poke|p1|Weezing-Galar, F|
|poke|p1|Iron Crown|
|poke|p1|Zapdos|
|poke|p2|Indeedee, M|
|poke|p2|Armarouge, F|
|poke|p2|Hatterene, F|
|poke|p2|Polteageist-Antique|
|poke|p2|Maushold-Four|
|poke|p2|Hawlucha, M|
|teampreview
|inactive|Battle timer is ON: inactive players will automatically lose when time's up. (requested by shitmon_advocate)
|inactive|Shibuya Arc also wants the timer to be on.
|
|t:|1758957694
|teamsize|p1|6
|teamsize|p2|6
|start
|switch|p1a: Iron Crown|Iron Crown|100/100
|switch|p2a: Indeedee|Indeedee, M|100/100
|-fieldstart|move: Psychic Terrain|[from] ability: Psychic Surge|[of] p2a: Indeedee
|turn|1
|
|t:|1758957702
|switch|p2a: Armarouge|Armarouge, F|100/100
|move|p1a: Iron Crown|Tachyon Cutter|p2a: Armarouge
|-resisted|p2a: Armarouge
|-damage|p2a: Armarouge|76/100
|-resisted|p2a: Armarouge
|-damage|p2a: Armarouge|50/100
|-hitcount|p2a: Armarouge|2
|
|upkeep
|turn|2
|
|t:|1758957711
|move|p1a: Iron Crown|Tachyon Cutter|p2a: Armarouge
|-resisted|p2a: Armarouge
|-damage|p2a: Armarouge|25/100
|-resisted|p2a: Armarouge
|-damage|p2a: Armarouge|1/100
|-hitcount|p2a: Armarouge|2
|move|p2a: Armarouge|Armor Cannon|p1a: Iron Crown
|-supereffective|p1a: Iron Crown
|-damage|p1a: Iron Crown|0 fnt
|-unboost|p2a: Armarouge|def|1
|-unboost|p2a: Armarouge|spd|1
|faint|p1a: Iron Crown
|-end|p1a: Iron Crown|Quark Drive|[silent]
|
|upkeep
|
|t:|1758957720
|switch|p1a: Dragonite|Dragonite, F|100/100
|turn|3
|
|t:|1758957727
|move|p2a: Armarouge|Endure|p2a: Armarouge
|-singleturn|p2a: Armarouge|move: Endure
|move|p1a: Dragonite|Dragon Dance|p1a: Dragonite
|-boost|p1a: Dragonite|atk|1
|-boost|p1a: Dragonite|spe|1
|
|upkeep
|turn|4
|
|t:|1758957734
|move|p2a: Armarouge|Endure||[still]
|-fail|p2a: Armarouge
|move|p1a: Dragonite|Earthquake|p2a: Armarouge
|-supereffective|p2a: Armarouge
|-damage|p2a: Armarouge|0 fnt
|faint|p2a: Armarouge
|
|upkeep
|
|t:|1758957741
|switch|p2a: Hawlucha|Hawlucha, M|100/100
|-enditem|p2a: Hawlucha|Psychic Seed
|-boost|p2a: Hawlucha|spd|1|[from] item: Psychic Seed
|turn|5
|
|t:|1758957748
|move|p1a: Dragonite|Extreme Speed|p2a: Hawlucha
|-hint|Psychic Terrain doesn't affect Pokémon immune to Ground.
|-damage|p2a: Hawlucha|34/100
|move|p2a: Hawlucha|Encore|p1a: Dragonite
|-start|p1a: Dragonite|Encore
|
|upkeep
|turn|6
|
|t:|1758957759
|switch|p2a: Polteageist|Polteageist-Antique|100/100
|switch|p1a: Zapdos|Zapdos|100/100
|
|upkeep
|turn|7
|
|t:|1758957766
|switch|p2a: Hatterene|Hatterene, F|100/100
|move|p1a: Zapdos|Volt Switch|p2a: Hatterene
|-damage|p2a: Hatterene|63/100
|-enditem|p2a: Hatterene|Eject Button
|
|t:|1758957775
|switch|p2a: Polteageist|Polteageist-Antique|100/100
|
|upkeep
|turn|8
|
|t:|1758957782
|move|p1a: Zapdos|Volt Switch|p2a: Polteageist
|-damage|p2a: Polteageist|61/100
|
|t:|1758957791
|switch|p1a: Ting-Lu|Ting-Lu|100/100|[from] Volt Switch
|-ability|p1a: Ting-Lu|Vessel of Ruin
|move|p2a: Polteageist|Shell Smash|p2a: Polteageist
|-unboost|p2a: Polteageist|def|1
|-unboost|p2a: Polteageist|spd|1
|-boost|p2a: Polteageist|atk|2
|-boost|p2a: Polteageist|spa|2
|-boost|p2a: Polteageist|spe|2
|
|-fieldend|move: Psychic Terrain
|upkeep
|turn|9
|
|t:|1758957798
|-terastallize|p2a: Polteageist|Fighting
|move|p2a: Polteageist|Tera Blast|p1a: Ting-Lu|[anim] Tera Blast Fighting
|-supereffective|p1a: Ting-Lu
|-damage|p1a: Ting-Lu|29/100
|move|p1a: Ting-Lu|Stealth Rock|p2a: Polteageist
|-sidestart|p2: shitmon_advocate|move: Stealth Rock
|
|-heal|p1a: Ting-Lu|35/100|[from] item: Leftovers
|upkeep
|turn|10
|
|t:|1758957807
|switch|p1a: Dragonite|Dragonite, F|100/100
|move|p2a: Polteageist|Tera Blast|p1a: Dragonite|[anim] Tera Blast Fighting
|-resisted|p1a: Dragonite
|-damage|p1a: Dragonite|77/100
|
|upkeep
|turn|11
|
|t:|1758957814
|switch|p2a: Indeedee|Indeedee, M|100/100
|-damage|p2a: Indeedee|88/100|[from] Stealth Rock
|-fieldstart|move: Psychic Terrain|[from] ability: Psychic Surge|[of] p2a: Indeedee
|move|p1a: Dragonite|Extreme Speed|p2a: Indeedee
|-activate|p2a: Indeedee|move: Psychic Terrain
|
|upkeep
|turn|12
|
|t:|1758957822
|move|p2a: Indeedee|Expanding Force|p1a: Dragonite
|-damage|p1a: Dragonite|5/100
|move|p1a: Dragonite|Earthquake|p2a: Indeedee
|-damage|p2a: Indeedee|11/100
|
|upkeep
|turn|13
|
|t:|1758957834
|move|p2a: Indeedee|Expanding Force|p1a: Dragonite
|-damage|p1a: Dragonite|0 fnt
|faint|p1a: Dragonite
|
|upkeep
|
|t:|1758957841
|switch|p1a: Dragapult|Dragapult, M|100/100
|turn|14
|
|t:|1758957848
|switch|p2a: Hatterene|Hatterene, F|63/100
|-damage|p2a: Hatterene|51/100|[from] Stealth Rock
|move|p1a: Dragapult|Dragon Darts|p2a: Hatterene
|-immune|p2a: Hatterene
|
|upkeep
|turn|15
|
|t:|1758957858
|move|p1a: Dragapult|Hex|p2a: Hatterene
|-supereffective|p2a: Hatterene
|-damage|p2a: Hatterene|0 fnt
|faint|p2a: Hatterene
|
|upkeep
|
|t:|1758957864
|switch|p2a: Maushold|Maushold-Four|100/100
|-damage|p2a: Maushold|88/100|[from] Stealth Rock
|turn|16
|
|t:|1758957871
|-terastallize|p1a: Dragapult|Dragon
|move|p1a: Dragapult|Dragon Darts|p2a: Maushold
|-damage|p2a: Maushold|40/100
|-anim|p1a: Dragapult|Dragon Darts|p2a: Maushold
|-damage|p2a: Maushold|0 fnt
|faint|p2a: Maushold
|
|upkeep
|-message|shitmon_advocate forfeited.
|
|win|Shibuya Arc
|raw|Shibuya Arc's rating: 1664 &rarr; <strong>1674</strong><br />(+10 for winning)
|raw|shitmon_advocate's rating: 1471 &rarr; <strong>1461</strong><br />(-10 for losing)
|l|☆shitmon_advocate
|player|p2|
|l|☆Shibuya Arc
|player|p1|
