|j|☆I will eat another
|j|☆thepablo09
|t:|1758981294
|gametype|singles
|player|p1|I will eat another|plasmagrunt|1250
|player|p2|thepablo09|266|1244
|gen|9
|tier|[Gen 9] OU
|rated|
|rule|HP Percentage Mod: HP is shown in percentages
|rule|Endless Battle Clause: Forcing endless battles is banned
|rule|Species Clause: Limit one of each Pokémon
|rule|OHKO Clause: OHKO moves are banned
|rule|Evasion Items Clause: Evasion items are banned
|rule|Evasion Moves Clause: Evasion moves are banned
|rule|Evasion Abilities Clause: Evasion abilities are banned
|rule|Sleep Moves Clause: Sleep-inducing moves are banned
|clearpoke
|poke|p1|Breloom, F|
|poke|p1|Swinub, F|
|poke|p1|Iron Crown|
|poke|p1|Glimmora, F|
|poke|p1|Talonflame, M|
|poke|p1|Greninja-*, F|
|poke|p2|Dragapult, M|
|poke|p2|Iron Moth|
|poke|p2|Slowking-Galar, F|
|poke|p2|Corviknight, M|
|poke|p2|Pecharunt|
|poke|p2|Gliscor, F|
|teampreview
|inactive|Battle timer is ON: inactive players will automatically lose when time's up. (requested by I will eat another)
|
|t:|1758981305
|teamsize|p1|6
|teamsize|p2|6
|start
|switch|p1a: Quajutsu|Greninja, F|100/100
|switch|p2a: Dragapult|Dragapult, M|100/100
|turn|1
|
|t:|1758981310
|switch|p1a: Lumiflora|Glimmora, F|100/100
|move|p2a: Dragapult|Dragon Dance|p2a: Dragapult
|-boost|p2a: Dragapult|atk|1
|-boost|p2a: Dragapult|spe|1
|
|upkeep
|turn|2
|
|t:|1758981315
|move|p2a: Dragapult|Substitute|p2a: Dragapult
|-start|p2a: Dragapult|Substitute
|-damage|p2a: Dragapult|76/100
|move|p1a: Lumiflora|Meteor Beam||[still]
|-prepare|p1a: Lumiflora|Meteor Beam
|-boost|p1a: Lumiflora|spa|1
|-enditem|p1a: Lumiflora|Power Herb
|-anim|p1a: Lumiflora|Meteor Beam|p2a: Dragapult
|-end|p2a: Dragapult|Substitute
|
|-heal|p2a: Dragapult|82/100|[from] item: Leftovers
|upkeep
|turn|3
|
|t:|1758981325
|-terastallize|p1a: Lumiflora|Dark
|move|p2a: Dragapult|Dragon Darts|p1a: Lumiflora
|-damage|p1a: Lumiflora|53/100
|-activate|p1a: Lumiflora|ability: Toxic Debris
|-sidestart|p2: thepablo09|move: Toxic Spikes
|-anim|p2a: Dragapult|Dragon Darts|p1a: Lumiflora
|-damage|p1a: Lumiflora|8/100
|-activate|p1a: Lumiflora|ability: Toxic Debris
|-sidestart|p2: thepablo09|move: Toxic Spikes
|move|p1a: Lumiflora|Tera Blast|p2a: Dragapult|[anim] Tera Blast Dark
|-supereffective|p2a: Dragapult
|-damage|p2a: Dragapult|0 fnt
|faint|p2a: Dragapult
|
|upkeep
|
|t:|1758981337
|switch|p2a: Corviknight|Corviknight, M|100/100
|-ability|p2a: Corviknight|Pressure
|turn|4
|
|t:|1758981343
|move|p1a: Lumiflora|Tera Blast|p2a: Corviknight|[anim] Tera Blast Dark
|-damage|p2a: Corviknight|42/100
|move|p2a: Corviknight|Brave Bird|p1a: Lumiflora
|-damage|p1a: Lumiflora|0 fnt
|faint|p1a: Lumiflora
|-damage|p2a: Corviknight|40/100|[from] Recoil
|
|upkeep
|
|t:|1758981351
|switch|p1a: Fiaro|Talonflame, M|100/100
|turn|5
|
|t:|1758981355
|move|p1a: Fiaro|Flamethrower|p2a: Corviknight
|-supereffective|p2a: Corviknight
|-damage|p2a: Corviknight|0 fnt
|faint|p2a: Corviknight
|
|upkeep
|
|t:|1758981363
|switch|p2a: Iron Moth|Iron Moth|100/100
|-sideend|p2: thepablo09|move: Toxic Spikes|[of] p2a: Iron Moth
|-enditem|p2a: Iron Moth|Booster Energy
|-activate|p2a: Iron Moth|ability: Quark Drive|[fromitem]
|-start|p2a: Iron Moth|quarkdrivespe
|turn|6
|
|t:|1758981368
|move|p2a: Iron Moth|Sludge Wave|p1a: Fiaro
|-damage|p1a: Fiaro|43/100
|move|p1a: Fiaro|Flamethrower|p2a: Iron Moth
|-resisted|p2a: Iron Moth
|-damage|p2a: Iron Moth|87/100
|
|upkeep
|turn|7
|
|t:|1758981375
|move|p2a: Iron Moth|Fiery Dance|p1a: Fiaro
|-resisted|p1a: Fiaro
|-damage|p1a: Fiaro|18/100
|-boost|p2a: Iron Moth|spa|1
|move|p1a: Fiaro|Flamethrower|p2a: Iron Moth
|-resisted|p2a: Iron Moth
|-damage|p2a: Iron Moth|76/100
|
|upkeep
|turn|8
|
|t:|1758981383
|move|p2a: Iron Moth|Fiery Dance|p1a: Fiaro
|-resisted|p1a: Fiaro
|-damage|p1a: Fiaro|0 fnt
|-boost|p2a: Iron Moth|spa|1
|faint|p1a: Fiaro
|
|upkeep
|
|t:|1758981388
|switch|p1a: Quiekel|Swinub, F|100/100
|turn|9
|
|t:|1758981393
|move|p2a: Iron Moth|Fiery Dance|p1a: Quiekel
|-supereffective|p1a: Quiekel
|-enditem|p1a: Quiekel|Focus Sash
|-damage|p1a: Quiekel|1/100
|-boost|p2a: Iron Moth|spa|1
|move|p1a: Quiekel|Endeavor|p2a: Iron Moth
|-damage|p2a: Iron Moth|1/100
|
|upkeep
|turn|10
|
|t:|1758981401
|move|p1a: Quiekel|Ice Shard|p2a: Iron Moth
|-resisted|p2a: Iron Moth
|-damage|p2a: Iron Moth|0 fnt
|faint|p2a: Iron Moth
|-end|p2a: Iron Moth|Quark Drive|[silent]
|
|upkeep
|
|t:|1758981405
|switch|p2a: Pecharunt|Pecharunt|100/100
|turn|11
|
|t:|1758981408
|move|p2a: Pecharunt|Shadow Ball|p1a: Quiekel
|-damage|p1a: Quiekel|0 fnt
|faint|p1a: Quiekel
|
|upkeep
|
|t:|1758981414
|switch|p1a: Eisenkrone|Iron Crown|100/100
|-enditem|p1a: Eisenkrone|Booster Energy
|-activate|p1a: Eisenkrone|ability: Quark Drive|[fromitem]
|-start|p1a: Eisenkrone|quarkdrivespe
|turn|12
|
|t:|1758981421
|switch|p2a: Slowking|Slowking-Galar, F|100/100
|move|p1a: Eisenkrone|Calm Mind|p1a: Eisenkrone
|-boost|p1a: Eisenkrone|spa|1
|-boost|p1a: Eisenkrone|spd|1
|
|upkeep
|turn|13
|
|t:|1758981428
|move|p1a: Eisenkrone|Psyshock|p2a: Slowking
|-damage|p2a: Slowking|42/100
|move|p2a: Slowking|Flamethrower|p1a: Eisenkrone
|-supereffective|p1a: Eisenkrone
|-damage|p1a: Eisenkrone|62/100
|
|upkeep
|turn|14
|
|t:|1758981435
|move|p1a: Eisenkrone|Psyshock|p2a: Slowking
|-damage|p2a: Slowking|0 fnt
|faint|p2a: Slowking
|
|upkeep
|
|t:|1758981437
|switch|p2a: Gliscor|Gliscor, F|100/100
|turn|15
|
|t:|1758981441
|move|p2a: Gliscor|Protect|p2a: Gliscor
|-singleturn|p2a: Gliscor|Protect
|move|p1a: Eisenkrone|Tachyon Cutter|p2a: Gliscor
|-activate|p2a: Gliscor|move: Protect
|
|-status|p2a: Gliscor|tox|[from] item: Toxic Orb
|upkeep
|turn|16
|
|t:|1758981447
|move|p1a: Eisenkrone|Tachyon Cutter|p2a: Gliscor
|-damage|p2a: Gliscor|69/100 tox
|-damage|p2a: Gliscor|38/100 tox
|-hitcount|p2a: Gliscor|2
|move|p2a: Gliscor|Swords Dance|p2a: Gliscor
|-boost|p2a: Gliscor|atk|2
|
|-heal|p2a: Gliscor|50/100 tox|[from] ability: Poison Heal
|upkeep
|turn|17
|
|t:|1758981456
|move|p2a: Gliscor|Protect|p2a: Gliscor
|-singleturn|p2a: Gliscor|Protect
|move|p1a: Eisenkrone|Tachyon Cutter|p2a: Gliscor
|-activate|p2a: Gliscor|move: Protect
|
|-heal|p2a: Gliscor|63/100 tox|[from] ability: Poison Heal
|upkeep
|turn|18
|
|t:|1758981462
|move|p1a: Eisenkrone|Tachyon Cutter|p2a: Gliscor
|-damage|p2a: Gliscor|35/100 tox
|-damage|p2a: Gliscor|5/100 tox
|-hitcount|p2a: Gliscor|2
|move|p2a: Gliscor|Knock Off|p1a: Eisenkrone
|-supereffective|p1a: Eisenkrone
|-damage|p1a: Eisenkrone|10/100
|
|-heal|p2a: Gliscor|17/100 tox|[from] ability: Poison Heal
|upkeep
|turn|19
|
|t:|1758981472
|move|p2a: Gliscor|Protect|p2a: Gliscor
|-singleturn|p2a: Gliscor|Protect
|move|p1a: Eisenkrone|Calm Mind|p1a: Eisenkrone
|-boost|p1a: Eisenkrone|spa|1
|-boost|p1a: Eisenkrone|spd|1
|
|-heal|p2a: Gliscor|30/100 tox|[from] ability: Poison Heal
|upkeep
|turn|20
|
|t:|1758981479
|move|p1a: Eisenkrone|Tachyon Cutter|p2a: Gliscor
|-damage|p2a: Gliscor|0 fnt
|faint|p2a: Gliscor
|-hitcount|p2: Gliscor|1
|
|upkeep
|
|t:|1758981483
|switch|p2a: Pecharunt|Pecharunt|100/100
|turn|21
|
|t:|1758981489
|-terastallize|p2a: Pecharunt|Dark
|move|p1a: Eisenkrone|Psyshock|p2a: Pecharunt
|-immune|p2a: Pecharunt
|move|p2a: Pecharunt|Shadow Ball|p1a: Eisenkrone
|-supereffective|p1a: Eisenkrone
|-damage|p1a: Eisenkrone|0 fnt
|faint|p1a: Eisenkrone
|-end|p1a: Eisenkrone|Quark Drive|[silent]
|
|upkeep
|
|t:|1758981497
|switch|p1a: Kapilz|Breloom, F|100/100
|turn|22
|
|t:|1758981501
|move|p1a: Kapilz|Mach Punch|p2a: Pecharunt
|-supereffective|p2a: Pecharunt
|-damage|p2a: Pecharunt|65/100
|-damage|p1a: Kapilz|91/100|[from] item: Life Orb
|move|p2a: Pecharunt|Parting Shot|p1a: Kapilz
|-unboost|p1a: Kapilz|atk|1
|-unboost|p1a: Kapilz|spa|1
|
|upkeep
|turn|23
|
|t:|1758981511
|move|p1a: Kapilz|Mach Punch|p2a: Pecharunt
|-supereffective|p2a: Pecharunt
|-damage|p2a: Pecharunt|38/100
|-damage|p1a: Kapilz|81/100|[from] item: Life Orb
|move|p2a: Pecharunt|Shadow Ball|p1a: Kapilz
|-damage|p1a: Kapilz|32/100
|
|upkeep
|turn|24
|
|t:|1758981519
|move|p1a: Kapilz|Rock Tomb|p2a: Pecharunt
|-damage|p2a: Pecharunt|27/100
|-unboost|p2a: Pecharunt|spe|1
|-damage|p1a: Kapilz|22/100|[from] item: Life Orb
|move|p2a: Pecharunt|Recover|p2a: Pecharunt
|-heal|p2a: Pecharunt|77/100
|
|upkeep
|turn|25
|
|t:|1758981527
|switch|p1a: Quajutsu|Greninja, F|100/100
|move|p2a: Pecharunt|Parting Shot|p1a: Quajutsu
|-unboost|p1a: Quajutsu|atk|1
|-unboost|p1a: Quajutsu|spa|1
|
|upkeep
|turn|26
|
|t:|1758981536
|move|p1a: Quajutsu|Surf|p2a: Pecharunt
|-start|p1a: Quajutsu|typechange|Water|[from] ability: Protean
|-damage|p2a: Pecharunt|34/100
|move|p2a: Pecharunt|Malignant Chain|p1a: Quajutsu
|-damage|p1a: Quajutsu|49/100
|-status|p1a: Quajutsu|tox
|-start|p1a: Quajutsu|confusion|[from] ability: Poison Puppeteer|[of] p2a: Pecharunt
|
|-damage|p1a: Quajutsu|43/100 tox|[from] psn
|upkeep
|turn|27
|
|t:|1758981547
|-activate|p1a: Quajutsu|confusion
|move|p1a: Quajutsu|Surf|p2a: Pecharunt
|-damage|p2a: Pecharunt|0 fnt
|faint|p2a: Pecharunt
|
|win|I will eat another
|raw|I will eat another's rating: 1250 &rarr; <strong>1275</strong><br />(+25 for winning)
|raw|thepablo09's rating: 1244 &rarr; <strong>1219</strong><br />(-25 for losing)
|l|☆I will eat another
|player|p1|
