|j|☆Crunchy_220
|j|☆Maschenny 1
|t:|1758957691
|gametype|singles
|player|p1|Crunchy_220|hugh|1074
|player|p2|Maschenny 1|guitarist|1152
|gen|9
|tier|[Gen 9] OU
|rated|
|rule|HP Percentage Mod: HP is shown in percentages
|rule|Endless Battle Clause: Forcing endless battles is banned
|rule|Species Clause: Limit one of each Pokémon
|rule|OHKO Clause: OHKO moves are banned
|rule|Evasion Items Clause: Evasion items are banned
|rule|Evasion Moves Clause: Evasion moves are banned
|rule|Evasion Abilities Clause: Evasion abilities are banned
|rule|Sleep Moves Clause: Sleep-inducing moves are banned
|clearpoke
|poke|p1|Samurott-Hisui, M|
|poke|p1|Ampharos, F|
|poke|p1|Rampardos, M|
|poke|p1|Ceruledge, M|
|poke|p1|Goodra-Hisui, F|
|poke|p1|Lokix, M|
|poke|p2|Tyranitar, F|
|poke|p2|Gholdengo|
|poke|p2|Zamazenta-*|
|poke|p2|Rillaboom, M|
|poke|p2|Garchomp, M|
|poke|p2|Zapdos|
|teampreview
|
|t:|1758957707
|teamsize|p1|6
|teamsize|p2|6
|start
|switch|p1a: Samurott|Samurott-Hisui, M|100/100
|switch|p2a: Rillaboom|Rillaboom, M|100/100
|-fieldstart|move: Grassy Terrain|[from] ability: Grassy Surge|[of] p2a: Rillaboom
|turn|1
|
|t:|1758957715
|move|p2a: Rillaboom|Grassy Glide|p1a: Samurott
|-supereffective|p1a: Samurott
|-damage|p1a: Samurott|4/100
|move|p1a: Samurott|Ceaseless Edge|p2a: Rillaboom
|-damage|p2a: Rillaboom|47/100
|-sidestart|p2: Maschenny 1|Spikes
|
|-heal|p2a: Rillaboom|53/100|[from] Grassy Terrain
|-heal|p1a: Samurott|10/100|[from] Grassy Terrain
|upkeep
|turn|2
|
|t:|1758957727
|move|p2a: Rillaboom|Grassy Glide|p1a: Samurott
|-supereffective|p1a: Samurott
|-damage|p1a: Samurott|0 fnt
|faint|p1a: Samurott
|
|-heal|p2a: Rillaboom|59/100|[from] Grassy Terrain
|upkeep
|
|t:|1758957733
|switch|p1a: Ampharos|Ampharos, F|100/100
|turn|3
|
|t:|1758957738
|-terastallize|p1a: Ampharos|Flying
|move|p2a: Rillaboom|Knock Off|p1a: Ampharos
|-damage|p1a: Ampharos|63/100
|-enditem|p1a: Ampharos|Power Herb|[from] move: Knock Off|[of] p2a: Rillaboom
|move|p1a: Ampharos|Tera Blast|p2a: Rillaboom|[anim] Tera Blast Flying
|-supereffective|p2a: Rillaboom
|-damage|p2a: Rillaboom|0 fnt
|faint|p2a: Rillaboom
|
|upkeep
|
|t:|1758957751
|switch|p2a: Zapdos|Zapdos|100/100
|turn|4
|
|t:|1758957756
|move|p2a: Zapdos|Volt Switch|p1a: Ampharos
|-supereffective|p1a: Ampharos
|-damage|p1a: Ampharos|0 fnt
|faint|p1a: Ampharos
|
|t:|1758957759
|switch|p2a: Garchomp|Garchomp, M|100/100|[from] Volt Switch
|-damage|p2a: Garchomp|88/100|[from] Spikes
|
|-heal|p2a: Garchomp|94/100|[from] Grassy Terrain
|upkeep
|
|t:|1758957767
|switch|p1a: Rampardos|Rampardos, M|100/100
|turn|5
|
|t:|1758957792
|move|p2a: Garchomp|Stealth Rock|p1a: Rampardos
|-sidestart|p1: Crunchy_220|move: Stealth Rock
|move|p1a: Rampardos|Scary Face|p2a: Garchomp
|-unboost|p2a: Garchomp|spe|2
|
|-heal|p2a: Garchomp|100/100|[from] Grassy Terrain
|-fieldend|move: Grassy Terrain
|upkeep
|turn|6
|
|t:|1758957803
|move|p1a: Rampardos|Dragon Claw|p2a: Garchomp
|-supereffective|p2a: Garchomp
|-damage|p2a: Garchomp|59/100
|-damage|p1a: Rampardos|88/100|[from] ability: Rough Skin|[of] p2a: Garchomp
|-damage|p1a: Rampardos|72/100|[from] item: Rocky Helmet|[of] p2a: Garchomp
|move|p2a: Garchomp|Dragon Tail|p1a: Rampardos|[miss]
|-miss|p2a: Garchomp|p1a: Rampardos
|
|upkeep
|turn|7
|
|t:|1758957819
|move|p1a: Rampardos|Dragon Claw|p2a: Garchomp
|-supereffective|p2a: Garchomp
|-damage|p2a: Garchomp|16/100
|-damage|p1a: Rampardos|60/100|[from] ability: Rough Skin|[of] p2a: Garchomp
|-damage|p1a: Rampardos|43/100|[from] item: Rocky Helmet|[of] p2a: Garchomp
|move|p2a: Garchomp|Spikes|p1a: Rampardos
|-sidestart|p1: Crunchy_220|Spikes
|
|upkeep
|turn|8
|
|t:|1758957829
|move|p1a: Rampardos|Dragon Claw|p2a: Garchomp
|-supereffective|p2a: Garchomp
|-damage|p2a: Garchomp|0 fnt
|-damage|p1a: Rampardos|31/100|[from] ability: Rough Skin|[of] p2a: Garchomp
|-damage|p1a: Rampardos|15/100|[from] item: Rocky Helmet|[of] p2a: Garchomp
|faint|p2a: Garchomp
|
|upkeep
|
|t:|1758957834
|switch|p2a: Zamazenta|Zamazenta|100/100
|-ability|p2a: Zamazenta|Dauntless Shield|boost
|-boost|p2a: Zamazenta|def|1
|turn|9
|
|t:|1758957838
|move|p2a: Zamazenta|Crunch|p1a: Rampardos
|-damage|p1a: Rampardos|0 fnt
|faint|p1a: Rampardos
|
|upkeep
|
|t:|1758957844
|switch|p1a: Ceruledge|Ceruledge, M|100/100
|-damage|p1a: Ceruledge|76/100|[from] Stealth Rock
|-damage|p1a: Ceruledge|64/100|[from] Spikes
|turn|10
|
|t:|1758957850
|move|p2a: Zamazenta|Crunch|p1a: Ceruledge
|-supereffective|p1a: Ceruledge
|-damage|p1a: Ceruledge|6/100
|-unboost|p1a: Ceruledge|def|1
|-damage|p2a: Zamazenta|84/100|[from] item: Rocky Helmet|[of] p1a: Ceruledge
|-ability|p1a: Ceruledge|Weak Armor|boost
|-unboost|p1a: Ceruledge|def|1
|-boost|p1a: Ceruledge|spe|2
|move|p1a: Ceruledge|Swords Dance|p1a: Ceruledge
|-boost|p1a: Ceruledge|atk|2
|
|upkeep
|turn|11
|
|t:|1758957863
|move|p1a: Ceruledge|Bitter Blade|p2a: Zamazenta
|-damage|p2a: Zamazenta|28/100
|-heal|p1a: Ceruledge|35/100|[from] drain|[of] p2a: Zamazenta
|move|p2a: Zamazenta|Crunch|p1a: Ceruledge
|-supereffective|p1a: Ceruledge
|-damage|p1a: Ceruledge|0 fnt
|-damage|p2a: Zamazenta|11/100|[from] item: Rocky Helmet|[of] p1a: Ceruledge
|faint|p1a: Ceruledge
|
|upkeep
|
|t:|1758957875
|switch|p1a: Lokix|Lokix, M|100/100
|-damage|p1a: Lokix|76/100|[from] Stealth Rock
|-damage|p1a: Lokix|63/100|[from] Spikes
|turn|12
|
|t:|1758957881
|move|p2a: Zamazenta|Close Combat|p1a: Lokix
|-damage|p1a: Lokix|0 fnt
|-unboost|p2a: Zamazenta|def|1
|-unboost|p2a: Zamazenta|spd|1
|faint|p1a: Lokix
|
|upkeep
|
|t:|1758957885
|switch|p1a: Goodra|Goodra-Hisui, F|100/100
|-damage|p1a: Goodra|94/100|[from] Stealth Rock
|-damage|p1a: Goodra|82/100|[from] Spikes
|turn|13
|inactive|Battle timer is ON: inactive players will automatically lose when time's up. (requested by Maschenny 1)
|
|t:|1758957892
|move|p2a: Zamazenta|Close Combat|p1a: Goodra
|-supereffective|p1a: Goodra
|-damage|p1a: Goodra|0 fnt
|-unboost|p2a: Zamazenta|def|1
|-unboost|p2a: Zamazenta|spd|1
|faint|p1a: Goodra
|
|win|Maschenny 1
|raw|Crunchy_220's rating: 1074 &rarr; <strong>1058</strong><br />(-16 for losing)
|raw|Maschenny 1's rating: 1152 &rarr; <strong>1171</strong><br />(+19 for winning)
|l|☆Crunchy_220
|player|p1|
|l|☆Maschenny 1
|player|p2|
