|j|☆Kyellosion
|j|☆Common Krookodile
|t:|1758998689
|gametype|singles
|player|p1|Kyellosion|jupiter|1466
|player|p2|Common Krookodile|burglar|1473
|gen|9
|tier|[Gen 9] OU
|rated|
|rule|HP Percentage Mod: HP is shown in percentages
|rule|Endless Battle Clause: Forcing endless battles is banned
|rule|Species Clause: Limit one of each Pokémon
|rule|OHKO Clause: OHKO moves are banned
|rule|Evasion Items Clause: Evasion items are banned
|rule|Evasion Moves Clause: Evasion moves are banned
|rule|Evasion Abilities Clause: Evasion abilities are banned
|rule|Sleep Moves Clause: Sleep-inducing moves are banned
|clearpoke
|poke|p1|Toucannon, M|
|poke|p1|Dragonite, F|
|poke|p1|Zamazenta-*|
|poke|p1|Iron Treads|
|poke|p1|Zapdos|
|poke|p1|Primarina, M|
|poke|p2|Pelipper, F|
|poke|p2|Hatterene, F|
|poke|p2|Iron Treads|
|poke|p2|Toxicroak, M|
|poke|p2|Barraskewda, M|
|poke|p2|Zapdos|
|teampreview
|c|☆Common Krookodile|glhf
|
|t:|1758998707
|teamsize|p1|6
|teamsize|p2|6
|start
|switch|p1a: Enel|Zapdos|100/100
|switch|p2a: Pelipper|Pelipper, F|100/100
|-weather|RainDance|[from] ability: Drizzle|[of] p2a: Pelipper
|turn|1
|
|t:|1758998714
|switch|p2a: Hatterene|Hatterene, F|100/100
|move|p1a: Enel|Hurricane|p2a: Hatterene
|-damage|p2a: Hatterene|16/100
|-start|p2a: Hatterene|confusion
|-enditem|p2a: Hatterene|Eject Button
|
|t:|1758998721
|switch|p2a: Barraskewda|Barraskewda, M|100/100
|
|-weather|RainDance|[upkeep]
|upkeep
|turn|2
|c|☆Kyellosion|Glhf
|
|t:|1758998741
|move|p2a: Barraskewda|Flip Turn|p1a: Enel
|-damage|p1a: Enel|7/100
|
|t:|1758998748
|switch|p2a: Iron Treads|Iron Treads|100/100|[from] Flip Turn
|move|p1a: Enel|Hurricane|p2a: Iron Treads
|-resisted|p2a: Iron Treads
|-damage|p2a: Iron Treads|66/100
|-start|p2a: Iron Treads|confusion
|
|-weather|RainDance|[upkeep]
|-heal|p2a: Iron Treads|72/100|[from] item: Leftovers
|upkeep
|turn|3
|
|t:|1758998757
|switch|p1a: Franky|Toucannon, M|100/100
|-activate|p2a: Iron Treads|confusion
|move|p2a: Iron Treads|Volt Switch|p1a: Franky
|-supereffective|p1a: Franky
|-damage|p1a: Franky|82/100
|
|t:|1758998763
|-end|p2a: Iron Treads|Quark Drive|[silent]
|switch|p2a: Zapdos|Zapdos|100/100|[from] Volt Switch
|
|-weather|RainDance|[upkeep]
|upkeep
|turn|4
|
|t:|1758998768
|switch|p1a: Eustass Kid|Iron Treads|100/100
|-item|p1a: Eustass Kid|Air Balloon
|move|p2a: Zapdos|Thunder|p1a: Eustass Kid
|-immune|p1a: Eustass Kid
|
|-weather|RainDance|[upkeep]
|upkeep
|turn|5
|
|t:|1758998774
|switch|p2a: Hatterene|Hatterene, F|16/100
|move|p1a: Eustass Kid|Knock Off|p2a: Hatterene
|-damage|p2a: Hatterene|0 fnt
|faint|p2a: Hatterene
|
|-weather|RainDance|[upkeep]
|upkeep
|
|t:|1758998779
|switch|p2a: Barraskewda|Barraskewda, M|100/100
|turn|6
|
|t:|1758998789
|-end|p1a: Eustass Kid|Quark Drive|[silent]
|switch|p1a: Enel|Zapdos|7/100
|move|p2a: Barraskewda|Flip Turn|p1a: Enel
|-damage|p1a: Enel|0 fnt
|faint|p1a: Enel
|
|t:|1758998792
|switch|p2a: Iron Treads|Iron Treads|72/100|[from] Flip Turn
|
|-weather|RainDance|[upkeep]
|-heal|p2a: Iron Treads|78/100|[from] item: Leftovers
|upkeep
|
|t:|1758998801
|switch|p1a: Shirahoshi|Primarina, M|100/100
|turn|7
|
|t:|1758998807
|-end|p2a: Iron Treads|Quark Drive|[silent]
|switch|p2a: Toxicroak|Toxicroak, M|100/100
|move|p1a: Shirahoshi|Moonblast|p2a: Toxicroak
|-damage|p2a: Toxicroak|29/100
|
|-weather|RainDance|[upkeep]
|-heal|p2a: Toxicroak|42/100|[from] ability: Dry Skin
|upkeep
|turn|8
|
|t:|1758998820
|switch|p1a: Eustass Kid|Iron Treads|100/100
|-item|p1a: Eustass Kid|Air Balloon
|move|p2a: Toxicroak|Toxic|p1a: Eustass Kid
|-immune|p1a: Eustass Kid
|
|-weather|none
|upkeep
|turn|9
|
|t:|1758998831
|-end|p1a: Eustass Kid|Quark Drive|[silent]
|switch|p1a: Shirahoshi|Primarina, M|100/100
|switch|p2a: Pelipper|Pelipper, F|100/100
|-weather|RainDance|[from] ability: Drizzle|[of] p2a: Pelipper
|
|-weather|RainDance|[upkeep]
|upkeep
|turn|10
|
|t:|1758998837
|move|p1a: Shirahoshi|Moonblast|p2a: Pelipper
|-damage|p2a: Pelipper|46/100
|move|p2a: Pelipper|U-turn|p1a: Shirahoshi
|-resisted|p1a: Shirahoshi
|-damage|p1a: Shirahoshi|95/100
|
|t:|1758998841
|switch|p2a: Zapdos|Zapdos|100/100|[from] U-turn
|
|-weather|RainDance|[upkeep]
|upkeep
|turn|11
|
|t:|1758998849
|move|p2a: Zapdos|Thunder|p1a: Shirahoshi
|-supereffective|p1a: Shirahoshi
|-damage|p1a: Shirahoshi|0 fnt
|faint|p1a: Shirahoshi
|
|-weather|RainDance|[upkeep]
|upkeep
|
|t:|1758998860
|switch|p1a: Shanks|Zamazenta|100/100
|-ability|p1a: Shanks|Dauntless Shield|boost
|-boost|p1a: Shanks|def|1
|turn|12
|
|t:|1758998862
|move|p1a: Shanks|Stone Edge|p2a: Zapdos
|-supereffective|p2a: Zapdos
|-damage|p2a: Zapdos|0 fnt
|faint|p2a: Zapdos
|
|-weather|RainDance|[upkeep]
|upkeep
|
|t:|1758998866
|switch|p2a: Toxicroak|Toxicroak, M|42/100
|turn|13
|
|t:|1758998882
|switch|p1a: Franky|Toucannon, M|82/100
|move|p2a: Toxicroak|Encore||[still]
|-fail|p2a: Toxicroak
|
|-weather|RainDance|[upkeep]
|-heal|p2a: Toxicroak|54/100|[from] ability: Dry Skin
|upkeep
|turn|14
|
|t:|1758998889
|switch|p2a: Iron Treads|Iron Treads|78/100
|-singleturn|p1a: Franky|move: Beak Blast
|move|p1a: Franky|Beak Blast|p2a: Iron Treads
|-resisted|p2a: Iron Treads
|-damage|p2a: Iron Treads|56/100
|
|-weather|RainDance|[upkeep]
|-heal|p2a: Iron Treads|62/100|[from] item: Leftovers
|upkeep
|turn|15
|
|t:|1758998897
|move|p2a: Iron Treads|Stealth Rock|p1a: Franky
|-sidestart|p1: Kyellosion|move: Stealth Rock
|move|p1a: Franky|Brick Break|p2a: Iron Treads
|-supereffective|p2a: Iron Treads
|-crit|p2a: Iron Treads
|-damage|p2a: Iron Treads|3/100
|
|-weather|RainDance|[upkeep]
|-heal|p2a: Iron Treads|9/100|[from] item: Leftovers
|upkeep
|turn|16
|
|t:|1758998905
|-singleturn|p1a: Franky|move: Beak Blast
|move|p2a: Iron Treads|Rapid Spin|p1a: Franky
|-damage|p1a: Franky|69/100
|-status|p2a: Iron Treads|brn
|-boost|p2a: Iron Treads|spe|1
|move|p1a: Franky|Beak Blast|p2a: Iron Treads
|-resisted|p2a: Iron Treads
|-crit|p2a: Iron Treads
|-damage|p2a: Iron Treads|0 fnt
|faint|p2a: Iron Treads
|-end|p2a: Iron Treads|Quark Drive|[silent]
|
|-weather|none
|upkeep
|
|t:|1758998908
|switch|p2a: Pelipper|Pelipper, F|46/100
|-weather|RainDance|[from] ability: Drizzle|[of] p2a: Pelipper
|turn|17
|
|t:|1758998914
|move|p1a: Franky|Rock Blast|p2a: Pelipper
|-supereffective|p2a: Pelipper
|-damage|p2a: Pelipper|27/100
|-supereffective|p2a: Pelipper
|-damage|p2a: Pelipper|9/100
|-supereffective|p2a: Pelipper
|-damage|p2a: Pelipper|0 fnt
|faint|p2a: Pelipper
|-hitcount|p2: Pelipper|3
|
|-weather|RainDance|[upkeep]
|upkeep
|
|t:|1758998917
|switch|p2a: Barraskewda|Barraskewda, M|100/100
|turn|18
|
|t:|1758998920
|-singleturn|p1a: Franky|move: Beak Blast
|move|p2a: Barraskewda|Liquidation|p1a: Franky
|-damage|p1a: Franky|0 fnt
|-status|p2a: Barraskewda|brn
|faint|p1a: Franky
|
|-weather|RainDance|[upkeep]
|-damage|p2a: Barraskewda|94/100 brn|[from] brn
|upkeep
|
|t:|1758998927
|switch|p1a: Shanks|Zamazenta|100/100
|-damage|p1a: Shanks|94/100|[from] Stealth Rock
|turn|19
|
|t:|1758998930
|move|p2a: Barraskewda|Liquidation|p1a: Shanks
|-damage|p1a: Shanks|51/100
|move|p1a: Shanks|Close Combat|p2a: Barraskewda
|-damage|p2a: Barraskewda|0 fnt
|-unboost|p1a: Shanks|def|1
|-unboost|p1a: Shanks|spd|1
|faint|p2a: Barraskewda
|
|-weather|RainDance|[upkeep]
|upkeep
|
|t:|1758998932
|switch|p2a: Toxicroak|Toxicroak, M|54/100
|turn|20
|
|t:|1758998941
|move|p1a: Shanks|Close Combat|p2a: Toxicroak
|-resisted|p2a: Toxicroak
|-damage|p2a: Toxicroak|15/100
|-unboost|p1a: Shanks|def|1
|-unboost|p1a: Shanks|spd|1
|-damage|p1a: Shanks|34/100|[from] item: Rocky Helmet|[of] p2a: Toxicroak
|move|p2a: Toxicroak|Drain Punch|p1a: Shanks
|-damage|p1a: Shanks|0 fnt
|-heal|p2a: Toxicroak|29/100|[from] drain|[of] p1a: Shanks
|faint|p1a: Shanks
|
|-weather|RainDance|[upkeep]
|-heal|p2a: Toxicroak|42/100|[from] ability: Dry Skin
|upkeep
|
|t:|1758998952
|switch|p1a: Eustass Kid|Iron Treads|100/100
|-damage|p1a: Eustass Kid|98/100|[from] Stealth Rock
|-item|p1a: Eustass Kid|Air Balloon
|turn|21
|
|t:|1758998956
|-terastallize|p1a: Eustass Kid|Flying
|-terastallize|p2a: Toxicroak|Ghost
|move|p1a: Eustass Kid|Earthquake|p2a: Toxicroak
|-damage|p2a: Toxicroak|3/100
|move|p2a: Toxicroak|Drain Punch|p1a: Eustass Kid
|-resisted|p1a: Eustass Kid
|-damage|p1a: Eustass Kid|87/100
|-heal|p2a: Toxicroak|8/100|[from] drain|[of] p1a: Eustass Kid
|-enditem|p1a: Eustass Kid|Air Balloon
|
|-weather|RainDance|[upkeep]
|-heal|p2a: Toxicroak|21/100|[from] ability: Dry Skin
|upkeep
|turn|22
|c|☆Common Krookodile|gg
|
|t:|1758998969
|move|p1a: Eustass Kid|Knock Off|p2a: Toxicroak
|-supereffective|p2a: Toxicroak
|-damage|p2a: Toxicroak|0 fnt
|-damage|p1a: Eustass Kid|71/100|[from] item: Rocky Helmet|[of] p2a: Toxicroak
|-enditem|p2a: Toxicroak|Rocky Helmet|[from] move: Knock Off|[of] p1a: Eustass Kid
|faint|p2a: Toxicroak
|
|win|Kyellosion
|raw|Kyellosion's rating: 1466 &rarr; <strong>1486</strong><br />(+20 for winning)
|raw|Common Krookodile's rating: 1473 &rarr; <strong>1453</strong><br />(-20 for losing)
|l|☆Common Krookodile
|player|p2|
|c|☆Kyellosion|Gg
|l|☆Kyellosion
|player|p1|
