|badge|p1|bronze|gen9randombattle|100-6
|uhtml|medal-msg|<div class="broadcast-blue">Curious what those medals under the avatar are? PS now has Ladder Seasons! For more information, check out the <a href="https://www.smogon.com/forums/threads/3740067/">thread on Smogon.</a></div>
|badge|p2|bronze|gen9ou|100-6
|html|<div class="broadcast-red"><strong>This battle is required to be public due to one or more player having a season medal.</strong><br />During the public phase, you can discuss the state of the ladder <a href="/seasondiscussion">in a special chatroom.</a></div>
|uhtml|medal-msg|<div class="broadcast-blue">Curious what those medals under the avatar are? PS now has Ladder Seasons! For more information, check out the <a href="https://www.smogon.com/forums/threads/3740067/">thread on Smogon.</a></div>
|raw|<div class="broadcast-blue"><strong>This battle is required to be public due to a player having a name starting with 'medal'.</div>
|j|☆Playing Foul
|j|☆stunting on you
|t:|1759037317
|gametype|singles
|player|p1|Playing Foul|ethan-gen2|1739
|player|p2|stunting on you|birdkeeper|1901
|gen|9
|tier|[Gen 9] OU
|rated|
|rule|HP Percentage Mod: HP is shown in percentages
|rule|Endless Battle Clause: Forcing endless battles is banned
|rule|Species Clause: Limit one of each Pokémon
|rule|OHKO Clause: OHKO moves are banned
|rule|Evasion Items Clause: Evasion items are banned
|rule|Evasion Moves Clause: Evasion moves are banned
|rule|Evasion Abilities Clause: Evasion abilities are banned
|rule|Sleep Moves Clause: Sleep-inducing moves are banned
|clearpoke
|poke|p1|Zamazenta-*|
|poke|p1|Ogerpon-Wellspring, F|
|poke|p1|Slowking-Galar, M|
|poke|p1|Great Tusk|
|poke|p1|Kingambit, M|
|poke|p1|Zapdos|
|poke|p2|Hatterene, F|
|poke|p2|Tornadus-Therian, M|
|poke|p2|Raging Bolt|
|poke|p2|Torkoal, F|
|poke|p2|Ceruledge, M|
|poke|p2|Walking Wake|
|teampreview
|inactive|Battle timer is ON: inactive players will automatically lose when time's up. (requested by stunting on you)
|inactive|Playing Foul also wants the timer to be on.
|
|t:|1759037338
|teamsize|p1|6
|teamsize|p2|6
|start
|switch|p1a: Zapdos|Zapdos|100/100
|switch|p2a: Torkoal|Torkoal, F|100/100
|-weather|SunnyDay|[from] ability: Drought|[of] p2a: Torkoal
|turn|1
|
|t:|1759037346
|switch|p2a: Raging Bolt|Raging Bolt|100/100
|-activate|p2a: Raging Bolt|ability: Protosynthesis
|-start|p2a: Raging Bolt|protosynthesisspa
|move|p1a: Zapdos|Volt Switch|p2a: Raging Bolt
|-resisted|p2a: Raging Bolt
|-damage|p2a: Raging Bolt|94/100
|
|t:|1759037353
|switch|p1a: Great Tusk|Great Tusk, shiny|100/100|[from] Volt Switch
|-activate|p1a: Great Tusk|ability: Protosynthesis
|-start|p1a: Great Tusk|protosynthesisatk
|
|-weather|SunnyDay|[upkeep]
|upkeep
|turn|2
|
|t:|1759037360
|-end|p2a: Raging Bolt|Protosynthesis|[silent]
|switch|p2a: Tornadus|Tornadus-Therian, M|100/100
|move|p1a: Great Tusk|Headlong Rush|p2a: Tornadus
|-immune|p2a: Tornadus
|
|-weather|SunnyDay|[upkeep]
|upkeep
|turn|3
|
|t:|1759037368
|-end|p1a: Great Tusk|Protosynthesis|[silent]
|switch|p1a: Slowking|Slowking-Galar, M|100/100
|move|p2a: Tornadus|U-turn|p1a: Slowking
|-damage|p1a: Slowking|86/100
|j| amefurikoneko
|
|t:|1759037373
|switch|p2a: Ceruledge|Ceruledge, M|100/100|[from] U-turn
|
|-weather|SunnyDay|[upkeep]
|upkeep
|turn|4
|
|t:|1759037384
|move|p2a: Ceruledge|Poltergeist|p1a: Slowking
|-activate|p1a: Slowking|move: Poltergeist|Assault Vest
|-supereffective|p1a: Slowking
|-damage|p1a: Slowking|0 fnt
|faint|p1a: Slowking
|
|-weather|SunnyDay|[upkeep]
|upkeep
|
|t:|1759037392
|switch|p1a: Zapdos|Zapdos|100/100
|turn|5
|
|t:|1759037399
|switch|p2a: Tornadus|Tornadus-Therian, M|100/100
|move|p1a: Zapdos|Volt Switch|p2a: Tornadus
|-supereffective|p2a: Tornadus
|-damage|p2a: Tornadus|55/100
|
|t:|1759037406
|switch|p1a: Kingambit|Kingambit, M|100/100|[from] Volt Switch
|-activate|p1a: Kingambit|ability: Supreme Overlord
|-start|p1a: Kingambit|fallen1|[silent]
|
|-weather|SunnyDay|[upkeep]
|upkeep
|turn|6
|j| catarina valentine
|
|t:|1759037414
|move|p2a: Tornadus|U-turn|p1a: Kingambit
|-damage|p1a: Kingambit|90/100
|
|t:|1759037417
|switch|p2a: Torkoal|Torkoal, F|100/100|[from] U-turn
|move|p1a: Kingambit|Kowtow Cleave|p2a: Torkoal
|-damage|p2a: Torkoal|66/100
|
|-weather|SunnyDay|[upkeep]
|-heal|p1a: Kingambit|96/100|[from] item: Leftovers
|upkeep
|turn|7
|
|t:|1759037425
|-terastallize|p1a: Kingambit|Ghost
|move|p1a: Kingambit|Swords Dance|p1a: Kingambit
|-boost|p1a: Kingambit|atk|2
|move|p2a: Torkoal|Will-O-Wisp|p1a: Kingambit|[miss]
|-miss|p2a: Torkoal|p1a: Kingambit
|
|-weather|SunnyDay|[upkeep]
|-heal|p1a: Kingambit|100/100|[from] item: Leftovers
|upkeep
|turn|8
|
|t:|1759037433
|move|p1a: Kingambit|Kowtow Cleave|p2a: Torkoal
|-damage|p2a: Torkoal|1/100
|move|p2a: Torkoal|Will-O-Wisp|p1a: Kingambit
|-status|p1a: Kingambit|brn
|
|-weather|none
|-damage|p1a: Kingambit|94/100 brn|[from] brn
|upkeep
|turn|9
|
|t:|1759037443
|switch|p2a: Ceruledge|Ceruledge, M|100/100
|move|p1a: Kingambit|Kowtow Cleave|p2a: Ceruledge
|-supereffective|p2a: Ceruledge
|-enditem|p2a: Ceruledge|Focus Sash
|-damage|p2a: Ceruledge|1/100
|-ability|p2a: Ceruledge|Weak Armor|boost
|-unboost|p2a: Ceruledge|def|1
|-boost|p2a: Ceruledge|spe|2
|
|-heal|p1a: Kingambit|100/100 brn|[from] item: Leftovers
|-damage|p1a: Kingambit|94/100 brn|[from] brn
|upkeep
|turn|10
|
|t:|1759037451
|move|p1a: Kingambit|Sucker Punch||[still]
|-fail|p1a: Kingambit
|move|p2a: Ceruledge|Destiny Bond|p2a: Ceruledge
|-singlemove|p2a: Ceruledge|Destiny Bond
|
|-heal|p1a: Kingambit|100/100 brn|[from] item: Leftovers
|-damage|p1a: Kingambit|94/100 brn|[from] brn
|upkeep
|turn|11
|
|t:|1759037461
|move|p2a: Ceruledge|Poltergeist|p1a: Kingambit
|-activate|p1a: Kingambit|move: Poltergeist|Leftovers
|-supereffective|p1a: Kingambit
|-damage|p1a: Kingambit|16/100 brn
|move|p1a: Kingambit|Kowtow Cleave|p2a: Ceruledge
|-supereffective|p2a: Ceruledge
|-damage|p2a: Ceruledge|0 fnt
|faint|p2a: Ceruledge
|
|-heal|p1a: Kingambit|22/100 brn|[from] item: Leftovers
|-damage|p1a: Kingambit|16/100 brn|[from] brn
|upkeep
|
|t:|1759037471
|switch|p2a: Tornadus|Tornadus-Therian, M|88/100
|turn|12
|j| LuLuNaNaRaRa
|
|t:|1759037478
|move|p1a: Kingambit|Sucker Punch|p2a: Tornadus
|-damage|p2a: Tornadus|32/100
|move|p2a: Tornadus|Heat Wave|p1a: Kingambit
|-damage|p1a: Kingambit|0 fnt
|faint|p1a: Kingambit
|-end|p1a: Kingambit|fallen1|[silent]
|
|upkeep
|
|t:|1759037486
|switch|p1a: Zamazenta|Zamazenta|100/100
|-ability|p1a: Zamazenta|Dauntless Shield|boost
|-boost|p1a: Zamazenta|def|1
|turn|13
|j| shuinifengB
|
|t:|1759037494
|switch|p1a: Zapdos|Zapdos|100/100
|switch|p2a: Hatterene|Hatterene, F, shiny|100/100
|
|upkeep
|turn|14
|
|t:|1759037502
|switch|p2a: Raging Bolt|Raging Bolt|94/100
|move|p1a: Zapdos|Volt Switch|p2a: Raging Bolt
|-resisted|p2a: Raging Bolt
|-damage|p2a: Raging Bolt|87/100
|
|t:|1759037509
|switch|p1a: Great Tusk|Great Tusk, shiny|100/100|[from] Volt Switch
|
|upkeep
|turn|15
|
|t:|1759037517
|-end|p2a: Raging Bolt|Protosynthesis|[silent]
|switch|p2a: Hatterene|Hatterene, F, shiny|100/100
|move|p1a: Great Tusk|Headlong Rush|p2a: Hatterene
|-damage|p2a: Hatterene|47/100
|-unboost|p1a: Great Tusk|def|1
|-unboost|p1a: Great Tusk|spd|1
|
|upkeep
|turn|16
|
|t:|1759037525
|-terastallize|p2a: Hatterene|Bug
|move|p1a: Great Tusk|Headlong Rush|p2a: Hatterene
|-resisted|p2a: Hatterene
|-damage|p2a: Hatterene|21/100
|-unboost|p1a: Great Tusk|def|1
|-unboost|p1a: Great Tusk|spd|1
|move|p2a: Hatterene|Draining Kiss|p1a: Great Tusk
|-supereffective|p1a: Great Tusk
|-damage|p1a: Great Tusk|0 fnt
|-heal|p2a: Hatterene|100/100|[from] drain|[of] p1a: Great Tusk
|faint|p1a: Great Tusk
|-end|p1a: Great Tusk|Protosynthesis|[silent]
|
|upkeep
|
|t:|1759037533
|switch|p1a: Zapdos|Zapdos|100/100
|turn|17
|
|t:|1759037541
|switch|p2a: Torkoal|Torkoal, F|1/100
|-weather|SunnyDay|[from] ability: Drought|[of] p2a: Torkoal
|move|p1a: Zapdos|Volt Switch|p2a: Torkoal
|-damage|p2a: Torkoal|0 fnt
|faint|p2a: Torkoal
|
|t:|1759037549
|switch|p1a: Zamazenta|Zamazenta|100/100|[from] Volt Switch
|
|-weather|SunnyDay|[upkeep]
|upkeep
|j| Shucklepilled
|
|t:|1759037557
|switch|p2a: Walking Wake|Walking Wake|100/100
|-activate|p2a: Walking Wake|ability: Protosynthesis
|-start|p2a: Walking Wake|protosynthesisspe
|turn|18
|
|t:|1759037564
|move|p2a: Walking Wake|Hydro Steam|p1a: Zamazenta
|-damage|p1a: Zamazenta|41/100
|move|p1a: Zamazenta|Close Combat|p2a: Walking Wake
|-damage|p2a: Walking Wake|36/100
|-unboost|p1a: Zamazenta|def|1
|-unboost|p1a: Zamazenta|spd|1
|
|-weather|SunnyDay|[upkeep]
|upkeep
|turn|19
|
|t:|1759037572
|switch|p1a: Zapdos|Zapdos|100/100
|move|p2a: Walking Wake|Dragon Pulse|p1a: Zapdos
|-damage|p1a: Zapdos|54/100
|
|-weather|SunnyDay|[upkeep]
|upkeep
|turn|20
|
|t:|1759037580
|switch|p1a: Ogerpon|Ogerpon-Wellspring, F|100/100
|move|p2a: Walking Wake|Dragon Pulse|p1a: Ogerpon
|-damage|p1a: Ogerpon|48/100
|
|-weather|SunnyDay|[upkeep]
|upkeep
|turn|21
|
|t:|1759037587
|switch|p1a: Zamazenta|Zamazenta|41/100
|move|p2a: Walking Wake|Dragon Pulse|p1a: Zamazenta
|-damage|p1a: Zamazenta|0 fnt
|faint|p1a: Zamazenta
|
|-weather|SunnyDay|[upkeep]
|upkeep
|
|t:|1759037594
|switch|p1a: Zapdos|Zapdos|54/100
|turn|22
|
|t:|1759037601
|switch|p1a: Ogerpon|Ogerpon-Wellspring, F|48/100
|move|p2a: Walking Wake|Dragon Pulse|p1a: Ogerpon
|-damage|p1a: Ogerpon|0 fnt
|faint|p1a: Ogerpon
|
|-weather|SunnyDay|[upkeep]
|upkeep
|
|t:|1759037606
|switch|p1a: Zapdos|Zapdos|54/100
|turn|23
|
|t:|1759037609
|move|p2a: Walking Wake|Hydro Steam|p1a: Zapdos
|-damage|p1a: Zapdos|0 fnt
|faint|p1a: Zapdos
|
|win|stunting on you
|raw|Playing Foul's rating: 1739 &rarr; <strong>1728</strong><br />(-11 for losing)
|raw|stunting on you's rating: 1901 &rarr; <strong>1912</strong><br />(+11 for winning)
|l|☆Playing Foul
|player|p1|
|l| amefurikoneko
|l|☆stunting on you
|player|p2|
|l| shuinifengB
|l| LuLuNaNaRaRa
