|j|☆uhh goblin
|j|☆Mamangtopan
|t:|1758960378
|gametype|singles
|player|p1|uhh goblin|170|1058
|player|p2|Mamangtopan|workerice|1091
|gen|9
|tier|[Gen 9] OU
|rated|
|rule|HP Percentage Mod: HP is shown in percentages
|rule|Endless Battle Clause: Forcing endless battles is banned
|rule|Species Clause: Limit one of each Pokémon
|rule|OHKO Clause: OHKO moves are banned
|rule|Evasion Items Clause: Evasion items are banned
|rule|Evasion Moves Clause: Evasion moves are banned
|rule|Evasion Abilities Clause: Evasion abilities are banned
|rule|Sleep Moves Clause: Sleep-inducing moves are banned
|clearpoke
|poke|p1|Torkoal, M|
|poke|p1|Slither Wing|
|poke|p1|Dragapult, M|
|poke|p1|Arcanine-Hisui, F|
|poke|p1|Great Tusk|
|poke|p1|Hydrapple, F|
|poke|p2|Conkeldurr, M|
|poke|p2|Gengar, M|
|poke|p2|Clefable, F|
|poke|p2|Goodra-Hisui, F|
|poke|p2|Ogerpon-Wellspring, F|
|poke|p2|Sandaconda, M|
|teampreview
|
|t:|1758960401
|teamsize|p1|6
|teamsize|p2|6
|start
|switch|p1a: Dragapult|Dragapult, M|100/100
|switch|p2a: Ogerpon|Ogerpon-Wellspring, F|100/100
|turn|1
|
|t:|1758960405
|switch|p2a: Goodra|Goodra-Hisui, F|100/100
|move|p1a: Dragapult|Will-O-Wisp|p2a: Goodra
|-status|p2a: Goodra|brn
|
|-damage|p2a: Goodra|94/100 brn|[from] brn
|upkeep
|turn|2
|
|t:|1758960408
|move|p1a: Dragapult|U-turn|p2a: Goodra
|-resisted|p2a: Goodra
|-damage|p2a: Goodra|87/100 brn
|-ability|p2a: Goodra|Gooey
|-unboost|p1a: Dragapult|spe|1
|
|t:|1758960412
|switch|p1a: Torkoal|Torkoal, M|100/100|[from] U-turn
|-weather|SunnyDay|[from] ability: Drought|[of] p1a: Torkoal
|move|p2a: Goodra|Draco Meteor|p1a: Torkoal|[miss]
|-miss|p2a: Goodra|p1a: Torkoal
|
|-weather|SunnyDay|[upkeep]
|-damage|p2a: Goodra|81/100 brn|[from] brn
|upkeep
|turn|3
|
|t:|1758960424
|switch|p2a: Ogerpon|Ogerpon-Wellspring, F|100/100
|move|p1a: Torkoal|Stealth Rock|p2a: Ogerpon
|-sidestart|p2: Mamangtopan|move: Stealth Rock
|
|-weather|SunnyDay|[upkeep]
|upkeep
|turn|4
|
|t:|1758960429
|move|p2a: Ogerpon|Ivy Cudgel|p1a: Torkoal|[anim] Ivy Cudgel Water
|-supereffective|p1a: Torkoal
|-damage|p1a: Torkoal|52/100
|move|p1a: Torkoal|Will-O-Wisp|p2a: Ogerpon|[miss]
|-miss|p1a: Torkoal|p2a: Ogerpon
|
|-weather|SunnyDay|[upkeep]
|upkeep
|turn|5
|
|t:|1758960449
|switch|p1a: Hydrapple|Hydrapple, F|100/100
|move|p2a: Ogerpon|Ivy Cudgel|p1a: Hydrapple|[anim] Ivy Cudgel Water
|-resisted|p1a: Hydrapple
|-damage|p1a: Hydrapple|95/100
|
|-weather|SunnyDay|[upkeep]
|-heal|p1a: Hydrapple|100/100|[from] item: Leftovers
|upkeep
|turn|6
|
|t:|1758960461
|move|p2a: Ogerpon|U-turn|p1a: Hydrapple
|-supereffective|p1a: Hydrapple
|-damage|p1a: Hydrapple|57/100
|
|t:|1758960464
|switch|p2a: Goodra|Goodra-Hisui, F|81/100 brn|[from] U-turn
|-damage|p2a: Goodra|75/100 brn|[from] Stealth Rock
|move|p1a: Hydrapple|Nasty Plot|p1a: Hydrapple
|-boost|p1a: Hydrapple|spa|2
|
|-weather|SunnyDay|[upkeep]
|-heal|p1a: Hydrapple|63/100|[from] item: Leftovers
|-damage|p2a: Goodra|69/100 brn|[from] brn
|upkeep
|turn|7
|
|t:|1758960470
|-terastallize|p1a: Hydrapple|Fairy
|move|p2a: Goodra|Flamethrower|p1a: Hydrapple
|-damage|p1a: Hydrapple|17/100
|move|p1a: Hydrapple|Earth Power|p2a: Goodra
|-supereffective|p2a: Goodra
|-damage|p2a: Goodra|11/100 brn
|
|-weather|SunnyDay|[upkeep]
|-heal|p1a: Hydrapple|23/100|[from] item: Leftovers
|-damage|p2a: Goodra|5/100 brn|[from] brn
|upkeep
|turn|8
|
|t:|1758960486
|switch|p1a: Torkoal|Torkoal, M|52/100
|move|p2a: Goodra|Flash Cannon|p1a: Torkoal
|-resisted|p1a: Torkoal
|-damage|p1a: Torkoal|32/100
|
|-weather|SunnyDay|[upkeep]
|-damage|p2a: Goodra|0 fnt|[from] brn
|faint|p2a: Goodra
|upkeep
|
|t:|1758960493
|switch|p2a: Conkeldurr|Conkeldurr, M|100/100
|-damage|p2a: Conkeldurr|94/100|[from] Stealth Rock
|turn|9
|
|t:|1758960504
|switch|p1a: Hydrapple|Hydrapple, F, tera:Fairy|56/100
|move|p2a: Conkeldurr|Drain Punch|p1a: Hydrapple
|-resisted|p1a: Hydrapple
|-damage|p1a: Hydrapple|42/100
|-heal|p2a: Conkeldurr|100/100|[from] drain|[of] p1a: Hydrapple
|
|-weather|none
|-heal|p1a: Hydrapple|48/100|[from] item: Leftovers
|upkeep
|turn|10
|
|t:|1758960511
|switch|p1a: Torkoal|Torkoal, M|32/100
|-weather|SunnyDay|[from] ability: Drought|[of] p1a: Torkoal
|move|p2a: Conkeldurr|Ice Punch|p1a: Torkoal
|-resisted|p1a: Torkoal
|-damage|p1a: Torkoal|23/100
|
|-weather|SunnyDay|[upkeep]
|upkeep
|turn|11
|
|t:|1758960521
|move|p2a: Conkeldurr|Drain Punch|p1a: Torkoal
|-damage|p1a: Torkoal|0 fnt
|faint|p1a: Torkoal
|
|-weather|SunnyDay|[upkeep]
|upkeep
|
|t:|1758960533
|switch|p1a: Hydrapple|Hydrapple, F, tera:Fairy|82/100
|turn|12
|
|t:|1758960539
|move|p2a: Conkeldurr|Defog|p1a: Hydrapple
|-unboost|p1a: Hydrapple|evasion|1
|-sideend|p2: Mamangtopan|Stealth Rock|[from] move: Defog|[of] p2a: Conkeldurr
|move|p1a: Hydrapple|Fickle Beam|p2a: Conkeldurr|[anim] Fickle Beam All Out
|-activate|p1a: Hydrapple|move: Fickle Beam
|-damage|p2a: Conkeldurr|29/100
|
|-weather|SunnyDay|[upkeep]
|-heal|p2a: Conkeldurr|35/100|[from] item: Leftovers
|-heal|p1a: Hydrapple|88/100|[from] item: Leftovers
|upkeep
|turn|13
|
|t:|1758960549
|move|p2a: Conkeldurr|Drain Punch|p1a: Hydrapple
|-resisted|p1a: Hydrapple
|-damage|p1a: Hydrapple|74/100
|-heal|p2a: Conkeldurr|43/100|[from] drain|[of] p1a: Hydrapple
|move|p1a: Hydrapple|Fickle Beam|p2a: Conkeldurr
|-damage|p2a: Conkeldurr|6/100
|
|-weather|SunnyDay|[upkeep]
|-heal|p2a: Conkeldurr|12/100|[from] item: Leftovers
|-heal|p1a: Hydrapple|80/100|[from] item: Leftovers
|upkeep
|turn|14
|
|t:|1758960555
|move|p2a: Conkeldurr|Mach Punch|p1a: Hydrapple
|-resisted|p1a: Hydrapple
|-damage|p1a: Hydrapple|71/100
|move|p1a: Hydrapple|Fickle Beam|p2a: Conkeldurr
|-crit|p2a: Conkeldurr
|-damage|p2a: Conkeldurr|0 fnt
|faint|p2a: Conkeldurr
|
|-weather|SunnyDay|[upkeep]
|-heal|p1a: Hydrapple|77/100|[from] item: Leftovers
|upkeep
|
|t:|1758960559
|switch|p2a: Gengar|Gengar, M|100/100
|-item|p2a: Gengar|Air Balloon
|turn|15
|
|t:|1758960569
|switch|p1a: Great Tusk|Great Tusk|100/100
|-activate|p1a: Great Tusk|ability: Protosynthesis
|-start|p1a: Great Tusk|protosynthesisspe
|move|p2a: Gengar|Sludge Wave|p1a: Great Tusk
|-resisted|p1a: Great Tusk
|-damage|p1a: Great Tusk|79/100
|
|-weather|SunnyDay|[upkeep]
|upkeep
|turn|16
|
|t:|1758960579
|move|p1a: Great Tusk|Ice Spinner|p2a: Gengar
|-damage|p2a: Gengar|56/100
|-start|p1a: Great Tusk|Disable|Ice Spinner|[from] ability: Cursed Body|[of] p2a: Gengar
|-enditem|p2a: Gengar|Air Balloon
|move|p2a: Gengar|Nasty Plot|p2a: Gengar
|-boost|p2a: Gengar|spa|2
|
|-weather|SunnyDay|[upkeep]
|upkeep
|turn|17
|
|t:|1758960589
|-terastallize|p2a: Gengar|Fighting
|move|p1a: Great Tusk|Headlong Rush|p2a: Gengar
|-damage|p2a: Gengar|0 fnt
|-unboost|p1a: Great Tusk|def|1
|-unboost|p1a: Great Tusk|spd|1
|faint|p2a: Gengar
|
|-weather|none
|-end|p1a: Great Tusk|Protosynthesis
|upkeep
|
|t:|1758960614
|switch|p2a: Ogerpon|Ogerpon-Wellspring, F|100/100
|turn|18
|
|t:|1758960620
|-end|p1a: Great Tusk|Protosynthesis|[silent]
|switch|p1a: Hydrapple|Hydrapple, F, tera:Fairy|100/100
|move|p2a: Ogerpon|Knock Off|p1a: Hydrapple
|-resisted|p1a: Hydrapple
|-damage|p1a: Hydrapple|83/100
|-enditem|p1a: Hydrapple|Leftovers|[from] move: Knock Off|[of] p2a: Ogerpon
|
|upkeep
|turn|19
|
|t:|1758960631
|switch|p2a: Clefable|Clefable, F|100/100
|move|p1a: Hydrapple|Nasty Plot|p1a: Hydrapple
|-boost|p1a: Hydrapple|spa|2
|
|upkeep
|turn|20
|
|t:|1758960637
|move|p2a: Clefable|Moonblast|p1a: Hydrapple
|-damage|p1a: Hydrapple|51/100
|move|p1a: Hydrapple|Energy Ball|p2a: Clefable
|-damage|p2a: Clefable|7/100
|
|upkeep
|turn|21
|
|t:|1758960646
|switch|p1a: Arcanine|Arcanine-Hisui, F|100/100
|move|p2a: Clefable|Wish|p2a: Clefable
|
|upkeep
|turn|22
|
|t:|1758960652
|switch|p1a: Hydrapple|Hydrapple, F, tera:Fairy|84/100
|move|p2a: Clefable|Protect||[still]
|-fail|p2a: Clefable
|
|-heal|p2a: Clefable|57/100|[from] move: Wish|[wisher] Clefable
|upkeep
|turn|23
|
|t:|1758960656
|move|p2a: Clefable|Wish|p2a: Clefable
|move|p1a: Hydrapple|Energy Ball|p2a: Clefable
|-damage|p2a: Clefable|11/100
|-unboost|p2a: Clefable|spd|1
|
|upkeep
|turn|24
|
|t:|1758960661
|switch|p1a: Arcanine|Arcanine-Hisui, F|100/100
|move|p2a: Clefable|Protect||[still]
|-fail|p2a: Clefable
|
|-heal|p2a: Clefable|61/100|[from] move: Wish|[wisher] Clefable
|upkeep
|turn|25
|
|t:|1758960664
|move|p1a: Arcanine|Head Smash|p2a: Clefable
|-damage|p2a: Clefable|0 fnt
|-damage|p1a: Arcanine|84/100|[from] item: Rocky Helmet|[of] p2a: Clefable
|faint|p2a: Clefable
|
|upkeep
|
|t:|1758960669
|switch|p2a: Sandaconda|Sandaconda, M, shiny|100/100
|turn|26
|
|t:|1758960679
|switch|p1a: Dragapult|Dragapult, M|100/100
|move|p2a: Sandaconda|Stealth Rock|p1a: Dragapult
|-sidestart|p1: uhh goblin|move: Stealth Rock
|
|upkeep
|turn|27
|
|t:|1758960689
|move|p1a: Dragapult|Will-O-Wisp|p2a: Sandaconda
|-status|p2a: Sandaconda|brn
|move|p2a: Sandaconda|Earthquake|p1a: Dragapult
|-damage|p1a: Dragapult|76/100
|
|-activate|p2a: Sandaconda|ability: Shed Skin
|-curestatus|p2a: Sandaconda|brn|[msg]
|upkeep
|turn|28
|
|t:|1758960696
|move|p1a: Dragapult|Draco Meteor|p2a: Sandaconda
|-damage|p2a: Sandaconda|23/100
|-unboost|p1a: Dragapult|spa|2
|move|p2a: Sandaconda|Stone Edge|p1a: Dragapult
|-damage|p1a: Dragapult|45/100
|
|upkeep
|turn|29
|
|t:|1758960703
|move|p1a: Dragapult|U-turn|p2a: Sandaconda
|-damage|p2a: Sandaconda|11/100
|-damage|p1a: Dragapult|28/100|[from] item: Rocky Helmet|[of] p2a: Sandaconda
|
|t:|1758960706
|switch|p1a: Great Tusk|Great Tusk|79/100|[from] U-turn
|-damage|p1a: Great Tusk|76/100|[from] Stealth Rock
|move|p2a: Sandaconda|Rest|p2a: Sandaconda
|-status|p2a: Sandaconda|slp|[from] move: Rest
|-heal|p2a: Sandaconda|100/100 slp|[silent]
|
|upkeep
|turn|30
|
|t:|1758960710
|move|p1a: Great Tusk|Rapid Spin|p2a: Sandaconda
|-damage|p2a: Sandaconda|90/100 slp
|-boost|p1a: Great Tusk|spe|1
|-damage|p1a: Great Tusk|59/100|[from] item: Rocky Helmet|[of] p2a: Sandaconda
|-sideend|p1: uhh goblin|Stealth Rock|[from] move: Rapid Spin|[of] p1a: Great Tusk
|cant|p2a: Sandaconda|slp
|
|upkeep
|turn|31
|
|t:|1758960713
|move|p1a: Great Tusk|Ice Spinner|p2a: Sandaconda
|-supereffective|p2a: Sandaconda
|-damage|p2a: Sandaconda|56/100 slp
|-damage|p1a: Great Tusk|43/100|[from] item: Rocky Helmet|[of] p2a: Sandaconda
|cant|p2a: Sandaconda|slp
|
|upkeep
|turn|32
|
|t:|1758960716
|move|p1a: Great Tusk|Ice Spinner|p2a: Sandaconda
|-supereffective|p2a: Sandaconda
|-damage|p2a: Sandaconda|27/100 slp
|-damage|p1a: Great Tusk|26/100|[from] item: Rocky Helmet|[of] p2a: Sandaconda
|-curestatus|p2a: Sandaconda|slp|[msg]
|move|p2a: Sandaconda|Earthquake|p1a: Great Tusk
|-damage|p1a: Great Tusk|2/100
|
|upkeep
|turn|33
|
|t:|1758960722
|move|p1a: Great Tusk|Ice Spinner|p2a: Sandaconda
|-supereffective|p2a: Sandaconda
|-damage|p2a: Sandaconda|0 fnt
|-damage|p1a: Great Tusk|0 fnt|[from] item: Rocky Helmet|[of] p2a: Sandaconda
|faint|p2a: Sandaconda
|faint|p1a: Great Tusk
|-end|p1a: Great Tusk|Protosynthesis|[silent]
|
|upkeep
|
|t:|1758960731
|switch|p1a: Arcanine|Arcanine-Hisui, F|84/100
|switch|p2a: Ogerpon|Ogerpon-Wellspring, F|100/100
|turn|34
|
|t:|1758960737
|move|p1a: Arcanine|Head Smash|p2a: Ogerpon
|-damage|p2a: Ogerpon|6/100
|move|p2a: Ogerpon|Ivy Cudgel|p1a: Arcanine|[anim] Ivy Cudgel Water
|-supereffective|p1a: Arcanine
|-crit|p1a: Arcanine
|-damage|p1a: Arcanine|0 fnt
|faint|p1a: Arcanine
|
|upkeep
|
|t:|1758960741
|switch|p1a: Hydrapple|Hydrapple, F, tera:Fairy|100/100
|turn|35
|
|t:|1758960750
|move|p2a: Ogerpon|Ivy Cudgel|p1a: Hydrapple|[anim] Ivy Cudgel Water
|-damage|p1a: Hydrapple|54/100
|move|p1a: Hydrapple|Fickle Beam|p2a: Ogerpon
|-damage|p2a: Ogerpon|0 fnt
|faint|p2a: Ogerpon
|
|win|uhh goblin
|raw|uhh goblin's rating: 1058 &rarr; <strong>1092</strong><br />(+34 for winning)
|raw|Mamangtopan's rating: 1091 &rarr; <strong>1065</strong><br />(-26 for losing)
|l|☆Mamangtopan
|player|p2|
|l|☆uhh goblin
|player|p1|
