|j|☆KingKaluba128
|j|☆bpyyds
|t:|1758984661
|gametype|singles
|player|p1|KingKaluba128|caitlin|1227
|player|p2|bpyyds|lass-gen4dp|1285
|gen|9
|tier|[Gen 9] OU
|rated|
|rule|HP Percentage Mod: HP is shown in percentages
|rule|Endless Battle Clause: Forcing endless battles is banned
|rule|Species Clause: Limit one of each Pokémon
|rule|OHKO Clause: OHKO moves are banned
|rule|Evasion Items Clause: Evasion items are banned
|rule|Evasion Moves Clause: Evasion moves are banned
|rule|Evasion Abilities Clause: Evasion abilities are banned
|rule|Sleep Moves Clause: Sleep-inducing moves are banned
|clearpoke
|poke|p1|Iron Crown|
|poke|p1|Probopass, M|
|poke|p1|Grimmsnarl, M|
|poke|p1|Gholdengo|
|poke|p1|Dragonite, M|
|poke|p1|Lilligant-Hisui, F|
|poke|p2|Iron Moth|
|poke|p2|Iron Treads|
|poke|p2|Zamazenta-*|
|poke|p2|Iron Boulder|
|poke|p2|Ditto|
|poke|p2|Weavile, F|
|teampreview
|inactive|Battle timer is ON: inactive players will automatically lose when time's up. (requested by bpyyds)
|
|t:|1758984670
|teamsize|p1|6
|teamsize|p2|6
|start
|switch|p1a: Grimmsnarl|Grimmsnarl, M|100/100
|switch|p2a: Zamazenta|Zamazenta|100/100
|-ability|p2a: Zamazenta|Dauntless Shield|boost
|-boost|p2a: Zamazenta|def|1
|turn|1
|
|t:|1758984676
|move|p1a: Grimmsnarl|Reflect|p1a: Grimmsnarl
|-sidestart|p1: KingKaluba128|Reflect
|move|p2a: Zamazenta|Reflect|p2a: Zamazenta
|-sidestart|p2: bpyyds|Reflect
|
|upkeep
|turn|2
|
|t:|1758984680
|move|p1a: Grimmsnarl|Taunt|p2a: Zamazenta
|-start|p2a: Zamazenta|move: Taunt
|cant|p2a: Zamazenta|move: Taunt|Light Screen
|
|upkeep
|turn|3
|
|t:|1758984689
|move|p1a: Grimmsnarl|Light Screen|p1a: Grimmsnarl
|-sidestart|p1: KingKaluba128|move: Light Screen
|move|p2a: Zamazenta|Steel Beam|p1a: Grimmsnarl
|-supereffective|p1a: Grimmsnarl
|-damage|p1a: Grimmsnarl|74/100
|-damage|p2a: Zamazenta|50/100|[from] steelbeam
|
|upkeep
|turn|4
|
|t:|1758984695
|move|p1a: Grimmsnarl|Parting Shot|p2a: Zamazenta
|-unboost|p2a: Zamazenta|atk|1
|-unboost|p2a: Zamazenta|spa|1
|
|t:|1758984701
|switch|p1a: Lilligant|Lilligant-Hisui, F|100/100|[from] Parting Shot
|move|p2a: Zamazenta|Steel Beam|p1a: Lilligant|[miss]
|-miss|p2a: Zamazenta|p1a: Lilligant
|-damage|p2a: Zamazenta|0 fnt|[from] steelbeam
|faint|p2a: Zamazenta
|
|upkeep
|
|t:|1758984707
|switch|p2a: Iron Moth|Iron Moth|100/100
|-enditem|p2a: Iron Moth|Booster Energy
|-activate|p2a: Iron Moth|ability: Quark Drive|[fromitem]
|-start|p2a: Iron Moth|quarkdrivespe
|turn|5
|
|t:|1758984719
|switch|p1a: Dragonite|Dragonite, M|100/100
|move|p2a: Iron Moth|Fiery Dance|p1a: Dragonite
|-resisted|p1a: Dragonite
|-damage|p1a: Dragonite|95/100
|-boost|p2a: Iron Moth|spa|1
|
|upkeep
|turn|6
|
|t:|1758984726
|move|p2a: Iron Moth|Dazzling Gleam|p1a: Dragonite
|-supereffective|p1a: Dragonite
|-crit|p1a: Dragonite
|-damage|p1a: Dragonite|0 fnt
|faint|p1a: Dragonite
|
|upkeep
|
|t:|1758984732
|switch|p1a: Gholdengo|Gholdengo|100/100
|turn|7
|inactive|bpyyds has 120 seconds left.
|
|t:|1758984766
|-terastallize|p1a: Gholdengo|Ghost
|move|p2a: Iron Moth|Fiery Dance|p1a: Gholdengo
|-damage|p1a: Gholdengo|79/100
|move|p1a: Gholdengo|Shadow Ball|p2a: Iron Moth
|-damage|p2a: Iron Moth|47/100
|-unboost|p2a: Iron Moth|spd|1
|
|-heal|p1a: Gholdengo|85/100|[from] item: Leftovers
|upkeep
|turn|8
|
|t:|1758984774
|move|p2a: Iron Moth|Fiery Dance|p1a: Gholdengo
|-crit|p1a: Gholdengo
|-damage|p1a: Gholdengo|27/100
|move|p1a: Gholdengo|Nasty Plot|p1a: Gholdengo
|-boost|p1a: Gholdengo|spa|2
|
|-heal|p1a: Gholdengo|33/100|[from] item: Leftovers
|-sideend|p1: KingKaluba128|Reflect
|-sideend|p2: bpyyds|Reflect
|upkeep
|turn|9
|
|t:|1758984786
|move|p2a: Iron Moth|Fiery Dance|p1a: Gholdengo
|-damage|p1a: Gholdengo|11/100
|-boost|p2a: Iron Moth|spa|1
|move|p1a: Gholdengo|Recover|p1a: Gholdengo
|-heal|p1a: Gholdengo|61/100
|
|-heal|p1a: Gholdengo|67/100|[from] item: Leftovers
|upkeep
|turn|10
|
|t:|1758984793
|move|p2a: Iron Moth|Fiery Dance|p1a: Gholdengo
|-damage|p1a: Gholdengo|39/100
|-boost|p2a: Iron Moth|spa|1
|move|p1a: Gholdengo|Shadow Ball|p2a: Iron Moth
|-damage|p2a: Iron Moth|0 fnt
|faint|p2a: Iron Moth
|-end|p2a: Iron Moth|Quark Drive|[silent]
|
|-heal|p1a: Gholdengo|45/100|[from] item: Leftovers
|-sideend|p1: KingKaluba128|move: Light Screen
|upkeep
|
|t:|1758984801
|switch|p2a: Ditto|Ditto|100/100
|-transform|p2a: Ditto|p1a: Gholdengo|[from] ability: Imposter
|-start|p2a: Ditto|typechange|Steel/Ghost|[silent]
|turn|11
|
|t:|1758984804
|move|p2a: Ditto|Shadow Ball|p1a: Gholdengo
|-supereffective|p1a: Gholdengo
|-damage|p1a: Gholdengo|0 fnt
|faint|p1a: Gholdengo
|
|upkeep
|
|t:|1758984817
|switch|p1a: Probopass|Probopass, M|100/100
|-item|p1a: Probopass|Air Balloon
|turn|12
|
|t:|1758984826
|move|p2a: Ditto|Shadow Ball|p1a: Probopass
|-damage|p1a: Probopass|53/100
|-enditem|p1a: Probopass|Air Balloon
|move|p1a: Probopass|Thunder Wave|p2a: Ditto
|-immune|p2a: Ditto|[from] ability: Good as Gold
|
|upkeep
|turn|13
|
|t:|1758984850
|switch|p1a: Lilligant|Lilligant-Hisui, F|100/100
|move|p2a: Ditto|Shadow Ball|p1a: Lilligant
|-crit|p1a: Lilligant
|-damage|p1a: Lilligant|0 fnt
|faint|p1a: Lilligant
|
|upkeep
|
|t:|1758984856
|switch|p1a: Grimmsnarl|Grimmsnarl, M|74/100
|turn|14
|
|t:|1758984871
|move|p1a: Grimmsnarl|Light Screen|p1a: Grimmsnarl
|-sidestart|p1: KingKaluba128|move: Light Screen
|move|p2a: Ditto|Shadow Ball|p1a: Grimmsnarl
|-resisted|p1a: Grimmsnarl
|-damage|p1a: Grimmsnarl|61/100
|
|upkeep
|turn|15
|
|t:|1758984883
|switch|p2a: Weavile|Weavile, F|100/100
|move|p1a: Grimmsnarl|Taunt|p2a: Weavile
|-hint|Since gen 7, Dark is immune to Prankster moves.
|-immune|p2a: Weavile
|
|upkeep
|turn|16
|
|t:|1758984891
|move|p1a: Grimmsnarl|Reflect|p1a: Grimmsnarl
|-sidestart|p1: KingKaluba128|Reflect
|move|p2a: Weavile|Swords Dance|p2a: Weavile
|-boost|p2a: Weavile|atk|2
|
|upkeep
|turn|17
|
|t:|1758984899
|switch|p1a: Iron Crown|Iron Crown|100/100
|move|p2a: Weavile|Swords Dance|p2a: Weavile
|-boost|p2a: Weavile|atk|2
|
|upkeep
|turn|18
|
|t:|1758984904
|move|p2a: Weavile|Knock Off|p1a: Iron Crown
|-supereffective|p1a: Iron Crown
|-damage|p1a: Iron Crown|0 fnt
|-enditem|p1a: Iron Crown|Weakness Policy|[from] move: Knock Off|[of] p2a: Weavile
|faint|p1a: Iron Crown
|-end|p1a: Iron Crown|Quark Drive|[silent]
|-damage|p2a: Weavile|91/100|[from] item: Life Orb
|
|upkeep
|
|t:|1758984909
|switch|p1a: Probopass|Probopass, M|53/100
|turn|19
|
|t:|1758984917
|move|p2a: Weavile|Low Kick|p1a: Probopass
|-supereffective|p1a: Probopass
|-damage|p1a: Probopass|0 fnt
|faint|p1a: Probopass
|-damage|p2a: Weavile|81/100|[from] item: Life Orb
|
|upkeep
|-message|KingKaluba128 forfeited.
|
|win|bpyyds
|raw|KingKaluba128's rating: 1227 &rarr; <strong>1208</strong><br />(-19 for losing)
|raw|bpyyds's rating: 1310 &rarr; <strong>1325</strong><br />(+15 for winning)
|l|☆KingKaluba128
|player|p1|
|l|☆bpyyds
|player|p2|
|j|☆bpyyds
|player|p2|bpyyds|lass-gen4dp|
|l|☆bpyyds
|player|p2|
