|j|☆bol de nouille
|j|☆Teufcraft
|t:|1759075753
|gametype|singles
|player|p1|bol de nouille|waiter|1356
|player|p2|Teufcraft|candice|1396
|gen|9
|tier|[Gen 9] OU
|rated|
|rule|HP Percentage Mod: HP is shown in percentages
|rule|Endless Battle Clause: Forcing endless battles is banned
|rule|Species Clause: Limit one of each Pokémon
|rule|OHKO Clause: OHKO moves are banned
|rule|Evasion Items Clause: Evasion items are banned
|rule|Evasion Moves Clause: Evasion moves are banned
|rule|Evasion Abilities Clause: Evasion abilities are banned
|rule|Sleep Moves Clause: Sleep-inducing moves are banned
|clearpoke
|poke|p1|Kyurem|
|poke|p1|Cresselia, F|
|poke|p1|Hatterene, F|
|poke|p1|Pawmot, F|
|poke|p1|Iron Valiant|
|poke|p1|Primarina, M|
|poke|p2|Corviknight, M|
|poke|p2|Clodsire, M|
|poke|p2|Weavile, M|
|poke|p2|Iron Valiant|
|poke|p2|Ogerpon-Cornerstone, F|
|poke|p2|Chandelure, M|
|teampreview
|inactive|Battle timer is ON: inactive players will automatically lose when time's up. (requested by bol de nouille)
|
|t:|1759075759
|teamsize|p1|6
|teamsize|p2|6
|start
|switch|p1a: Kyurem|Kyurem|100/100
|switch|p2a: Weavile|Weavile, M|100/100
|-ability|p1a: Kyurem|Pressure
|turn|1
|
|t:|1759075768
|move|p2a: Weavile|Triple Axel|p1a: Kyurem
|-damage|p1a: Kyurem|90/100
|-damage|p1a: Kyurem|68/100
|-damage|p1a: Kyurem|38/100
|-hitcount|p1a: Kyurem|3
|-damage|p2a: Weavile|91/100|[from] item: Life Orb
|move|p1a: Kyurem|Dragon Dance|p1a: Kyurem
|-boost|p1a: Kyurem|atk|1
|-boost|p1a: Kyurem|spe|1
|
|-heal|p1a: Kyurem|44/100|[from] item: Leftovers
|upkeep
|turn|2
|
|t:|1759075780
|move|p1a: Kyurem|Protect|p1a: Kyurem
|-singleturn|p1a: Kyurem|Protect
|move|p2a: Weavile|Triple Axel|p1a: Kyurem
|-activate|p1a: Kyurem|move: Protect
|
|-heal|p1a: Kyurem|50/100|[from] item: Leftovers
|upkeep
|turn|3
|
|t:|1759075788
|switch|p1a: Cresselia|Cresselia, F|100/100
|move|p2a: Weavile|Ice Shard|p1a: Cresselia
|-damage|p1a: Cresselia|85/100
|-damage|p2a: Weavile|81/100|[from] item: Life Orb
|
|upkeep
|turn|4
|
|t:|1759075797
|move|p1a: Cresselia|Thunder Wave|p2a: Weavile|[miss]
|-miss|p1a: Cresselia|p2a: Weavile
|move|p2a: Weavile|Knock Off|p1a: Cresselia
|-supereffective|p1a: Cresselia
|-damage|p1a: Cresselia|3/100
|-enditem|p1a: Cresselia|Choice Scarf|[from] move: Knock Off|[of] p2a: Weavile
|-damage|p2a: Weavile|71/100|[from] item: Life Orb
|
|upkeep
|turn|5
|
|t:|1759075809
|move|p2a: Weavile|Knock Off|p1a: Cresselia
|-supereffective|p1a: Cresselia
|-damage|p1a: Cresselia|0 fnt
|faint|p1a: Cresselia
|-damage|p2a: Weavile|61/100|[from] item: Life Orb
|
|upkeep
|c|☆Teufcraft|thats unlucky but a super cool strat
|
|t:|1759075818
|switch|p1a: Primarina|Primarina, M|100/100
|turn|6
|
|t:|1759075824
|switch|p2a: Clodsire|Clodsire, M|100/100
|move|p1a: Primarina|Whirlpool|p2a: Clodsire
|-immune|p2a: Clodsire|[from] ability: Water Absorb
|
|upkeep
|turn|7
|
|t:|1759075836
|move|p1a: Primarina|Perish Song|p1a: Primarina
|-start|p1a: Primarina|perish3|[silent]
|-start|p2a: Clodsire|perish3|[silent]
|-fieldactivate|move: Perish Song
|move|p2a: Clodsire|Toxic|p1a: Primarina
|-status|p1a: Primarina|tox
|
|-damage|p1a: Primarina|95/100 tox|[from] psn
|-start|p1a: Primarina|perish3
|-start|p2a: Clodsire|perish3
|upkeep
|turn|8
|
|t:|1759075849
|switch|p1a: Kyurem|Kyurem|50/100
|-ability|p1a: Kyurem|Pressure
|switch|p2a: Corviknight|Corviknight, M, shiny|100/100
|
|-heal|p1a: Kyurem|56/100|[from] item: Leftovers
|upkeep
|turn|9
|
|t:|1759075854
|move|p1a: Kyurem|Substitute|p1a: Kyurem
|-start|p1a: Kyurem|Substitute
|-damage|p1a: Kyurem|31/100
|move|p2a: Corviknight|U-turn|p1a: Kyurem
|-activate|p1a: Kyurem|move: Substitute|[damage]
|
|t:|1759075857
|switch|p2a: Weavile|Weavile, M|61/100|[from] U-turn
|
|-heal|p1a: Kyurem|37/100|[from] item: Leftovers
|upkeep
|turn|10
|
|t:|1759075863
|move|p2a: Weavile|Triple Axel|p1a: Kyurem
|-activate|p1a: Kyurem|move: Substitute|[damage]
|-end|p1a: Kyurem|Substitute
|-damage|p1a: Kyurem|6/100
|-hitcount|p1a: Kyurem|3
|-damage|p2a: Weavile|51/100|[from] item: Life Orb
|move|p1a: Kyurem|Icicle Spear|p2a: Weavile
|-resisted|p2a: Weavile
|-crit|p2a: Weavile
|-damage|p2a: Weavile|35/100
|-resisted|p2a: Weavile
|-damage|p2a: Weavile|25/100
|-hitcount|p2a: Weavile|2
|
|-heal|p1a: Kyurem|12/100|[from] item: Leftovers
|upkeep
|turn|11
|
|t:|1759075877
|move|p1a: Kyurem|Protect|p1a: Kyurem
|-singleturn|p1a: Kyurem|Protect
|move|p2a: Weavile|Ice Shard|p1a: Kyurem
|-activate|p1a: Kyurem|move: Protect
|
|-heal|p1a: Kyurem|18/100|[from] item: Leftovers
|upkeep
|turn|12
|
|t:|1759075880
|move|p2a: Weavile|Triple Axel|p1a: Kyurem
|-damage|p1a: Kyurem|7/100
|-damage|p1a: Kyurem|0 fnt
|faint|p1a: Kyurem
|-hitcount|p1: Kyurem|2
|-damage|p2a: Weavile|15/100|[from] item: Life Orb
|
|upkeep
|
|t:|1759075890
|switch|p1a: Primarina|Primarina, M|95/100 tox
|turn|13
|
|t:|1759075896
|switch|p2a: Clodsire|Clodsire, M|100/100
|move|p1a: Primarina|Draining Kiss|p2a: Clodsire
|-resisted|p2a: Clodsire
|-damage|p2a: Clodsire|95/100
|-heal|p1a: Primarina|99/100 tox|[from] drain|[of] p2a: Clodsire
|
|-heal|p1a: Primarina|100/100 tox|[from] item: Leftovers
|-heal|p2a: Clodsire|100/100|[from] item: Black Sludge
|-damage|p1a: Primarina|95/100 tox|[from] psn
|upkeep
|turn|14
|
|t:|1759075903
|switch|p1a: Pawmot|Pawmot, F|100/100
|move|p2a: Clodsire|Stealth Rock|p1a: Pawmot
|-sidestart|p1: bol de nouille|move: Stealth Rock
|
|upkeep
|turn|15
|
|t:|1759075907
|switch|p2a: Corviknight|Corviknight, M, shiny|100/100
|move|p1a: Pawmot|Encore||[still]
|-fail|p1a: Pawmot
|
|upkeep
|turn|16
|
|t:|1759075910
|move|p1a: Pawmot|Revival Blessing|p1a: Pawmot
|-enditem|p1a: Pawmot|Leppa Berry|[eat]
|-activate|p1a: Pawmot|item: Leppa Berry|Revival Blessing|[consumed]
|
|t:|1759075912
|-heal|p1: Kyurem|50/100|[from] move: Revival Blessing
|move|p2a: Corviknight|U-turn|p1a: Pawmot
|-resisted|p1a: Pawmot
|-damage|p1a: Pawmot|91/100
|
|t:|1759075916
|switch|p2a: Iron Valiant|Iron Valiant, shiny|100/100|[from] U-turn
|
|upkeep
|turn|17
|
|t:|1759075925
|switch|p1a: Primarina|Primarina, M|95/100 tox
|-damage|p1a: Primarina|82/100 tox|[from] Stealth Rock
|move|p2a: Iron Valiant|Moonblast|p1a: Primarina
|-damage|p1a: Primarina|42/100 tox
|
|-heal|p1a: Primarina|48/100 tox|[from] item: Leftovers
|-damage|p1a: Primarina|42/100 tox|[from] psn
|upkeep
|turn|18
|
|t:|1759075933
|move|p2a: Iron Valiant|Moonblast|p1a: Primarina
|-damage|p1a: Primarina|2/100 tox
|move|p1a: Primarina|Draining Kiss|p2a: Iron Valiant
|-supereffective|p2a: Iron Valiant
|-damage|p2a: Iron Valiant|26/100
|-heal|p1a: Primarina|48/100 tox|[from] drain|[of] p2a: Iron Valiant
|
|-heal|p1a: Primarina|54/100 tox|[from] item: Leftovers
|-damage|p1a: Primarina|42/100 tox|[from] psn
|upkeep
|turn|19
|
|t:|1759075942
|-end|p2a: Iron Valiant|Quark Drive|[silent]
|switch|p2a: Clodsire|Clodsire, M|100/100
|move|p1a: Primarina|Draining Kiss|p2a: Clodsire
|-resisted|p2a: Clodsire
|-damage|p2a: Clodsire|95/100
|-heal|p1a: Primarina|48/100 tox|[from] drain|[of] p2a: Clodsire
|
|-heal|p1a: Primarina|54/100 tox|[from] item: Leftovers
|-heal|p2a: Clodsire|100/100|[from] item: Black Sludge
|-damage|p1a: Primarina|36/100 tox|[from] psn
|upkeep
|turn|20
|
|t:|1759075949
|switch|p1a: Hatterene|Hatterene, F|100/100
|-damage|p1a: Hatterene|88/100|[from] Stealth Rock
|move|p2a: Clodsire|Stone Edge|p1a: Hatterene
|-damage|p1a: Hatterene|70/100
|
|upkeep
|turn|21
|
|t:|1759075956
|switch|p2a: Corviknight|Corviknight, M, shiny|100/100
|move|p1a: Hatterene|Psychic Noise|p2a: Corviknight
|-resisted|p2a: Corviknight
|-damage|p2a: Corviknight|83/100
|-start|p2a: Corviknight|move: Heal Block
|
|upkeep
|turn|22
|
|t:|1759075960
|move|p2a: Corviknight|U-turn|p1a: Hatterene
|-damage|p1a: Hatterene|57/100
|
|t:|1759075963
|switch|p2a: Clodsire|Clodsire, M|100/100|[from] U-turn
|move|p1a: Hatterene|Nuzzle|p2a: Clodsire
|-immune|p2a: Clodsire
|
|upkeep
|turn|23
|
|t:|1759075967
|move|p1a: Hatterene|Psychic Noise|p2a: Clodsire
|-supereffective|p2a: Clodsire
|-damage|p2a: Clodsire|63/100
|-start|p2a: Clodsire|move: Heal Block
|move|p2a: Clodsire|Earthquake|p1a: Hatterene
|-damage|p1a: Hatterene|33/100
|
|upkeep
|turn|24
|
|t:|1759075976
|move|p1a: Hatterene|Psychic Noise|p2a: Clodsire
|-supereffective|p2a: Clodsire
|-damage|p2a: Clodsire|21/100
|move|p2a: Clodsire|Earthquake|p1a: Hatterene
|-damage|p1a: Hatterene|8/100
|
|-end|p2a: Clodsire|move: Heal Block
|upkeep
|turn|25
|-enditem|p1a: Hatterene|Custap Berry|[eat]
|-activate|p1a: Hatterene|item: Custap Berry|[consumed]
|
|t:|1759075981
|switch|p2a: Corviknight|Corviknight, M, shiny|83/100
|move|p1a: Hatterene|Healing Wish|p1a: Hatterene
|faint|p1a: Hatterene
|
|-heal|p2a: Corviknight|89/100|[from] item: Leftovers
|upkeep
|
|t:|1759075982
|switch|p1a: Kyurem|Kyurem|50/100
|-heal|p1a: Kyurem|100/100|[from] move: Healing Wish
|-damage|p1a: Kyurem|76/100|[from] Stealth Rock
|-ability|p1a: Kyurem|Pressure
|turn|26
|
|t:|1759075995
|move|p1a: Kyurem|Dragon Dance|p1a: Kyurem
|-boost|p1a: Kyurem|atk|1
|-boost|p1a: Kyurem|spe|1
|move|p2a: Corviknight|U-turn|p1a: Kyurem
|-damage|p1a: Kyurem|64/100
|
|t:|1759076000
|switch|p2a: Iron Valiant|Iron Valiant, shiny|26/100|[from] U-turn
|
|-heal|p1a: Kyurem|70/100|[from] item: Leftovers
|upkeep
|turn|27
|
|t:|1759076003
|move|p1a: Kyurem|Protect|p1a: Kyurem
|-singleturn|p1a: Kyurem|Protect
|move|p2a: Iron Valiant|Moonblast|p1a: Kyurem
|-activate|p1a: Kyurem|move: Protect
|
|-heal|p1a: Kyurem|76/100|[from] item: Leftovers
|upkeep
|turn|28
|
|t:|1759076007
|-terastallize|p1a: Kyurem|Steel
|move|p2a: Iron Valiant|Moonblast|p1a: Kyurem
|-resisted|p1a: Kyurem
|-damage|p1a: Kyurem|58/100
|-unboost|p1a: Kyurem|spa|1
|move|p1a: Kyurem|Dragon Dance|p1a: Kyurem
|-boost|p1a: Kyurem|atk|1
|-boost|p1a: Kyurem|spe|1
|
|-heal|p1a: Kyurem|64/100|[from] item: Leftovers
|upkeep
|turn|29
|
|t:|1759076022
|-end|p2a: Iron Valiant|Quark Drive|[silent]
|switch|p2a: Weavile|Weavile, M|15/100
|move|p1a: Kyurem|Icicle Spear|p2a: Weavile
|-resisted|p2a: Weavile
|-damage|p2a: Weavile|0 fnt
|faint|p2a: Weavile
|-hitcount|p2: Weavile|1
|
|-heal|p1a: Kyurem|70/100|[from] item: Leftovers
|upkeep
|
|t:|1759076025
|switch|p2a: Corviknight|Corviknight, M, shiny|89/100
|turn|30
|
|t:|1759076029
|move|p1a: Kyurem|Icicle Spear|p2a: Corviknight
|-damage|p2a: Corviknight|77/100
|-damage|p2a: Corviknight|62/100
|-damage|p2a: Corviknight|48/100
|-hitcount|p2a: Corviknight|3
|move|p2a: Corviknight|Tailwind|p2a: Corviknight
|-sidestart|p2: Teufcraft|move: Tailwind
|
|-heal|p1a: Kyurem|77/100|[from] item: Leftovers
|-heal|p2a: Corviknight|54/100|[from] item: Leftovers
|upkeep
|turn|31
|
|t:|1759076037
|move|p1a: Kyurem|Substitute|p1a: Kyurem
|-start|p1a: Kyurem|Substitute
|-damage|p1a: Kyurem|52/100
|move|p2a: Corviknight|U-turn|p1a: Kyurem
|-resisted|p1a: Kyurem
|-activate|p1a: Kyurem|move: Substitute|[damage]
|
|t:|1759076047
|switch|p2a: Ogerpon|Ogerpon-Cornerstone, F|100/100|[from] U-turn
|
|-heal|p1a: Kyurem|58/100|[from] item: Leftovers
|upkeep
|turn|32
|
|t:|1759076053
|move|p2a: Ogerpon|Ivy Cudgel|p1a: Kyurem|[anim] Ivy Cudgel Rock
|-resisted|p1a: Kyurem
|-end|p1a: Kyurem|Substitute
|move|p1a: Kyurem|Icicle Spear|p2a: Ogerpon
|-supereffective|p2a: Ogerpon
|-damage|p2a: Ogerpon|44/100
|-supereffective|p2a: Ogerpon
|-damage|p2a: Ogerpon|0 fnt
|faint|p2a: Ogerpon
|-hitcount|p2: Ogerpon|2
|
|-heal|p1a: Kyurem|64/100|[from] item: Leftovers
|upkeep
|
|t:|1759076057
|switch|p2a: Iron Valiant|Iron Valiant, shiny|26/100
|turn|33
|
|t:|1759076066
|-end|p2a: Iron Valiant|Quark Drive|[silent]
|switch|p2a: Corviknight|Corviknight, M, shiny|54/100
|move|p1a: Kyurem|Protect||[still]
|-fail|p1a: Kyurem
|
|-heal|p1a: Kyurem|70/100|[from] item: Leftovers
|-heal|p2a: Corviknight|60/100|[from] item: Leftovers
|-sideend|p2: Teufcraft|move: Tailwind
|upkeep
|turn|34
|
|t:|1759076069
|move|p1a: Kyurem|Dragon Dance|p1a: Kyurem
|-boost|p1a: Kyurem|atk|1
|-boost|p1a: Kyurem|spe|1
|move|p2a: Corviknight|Tailwind|p2a: Corviknight
|-sidestart|p2: Teufcraft|move: Tailwind
|
|-heal|p1a: Kyurem|76/100|[from] item: Leftovers
|-heal|p2a: Corviknight|67/100|[from] item: Leftovers
|upkeep
|turn|35
|
|t:|1759076072
|move|p1a: Kyurem|Dragon Dance|p1a: Kyurem
|-boost|p1a: Kyurem|atk|1
|-boost|p1a: Kyurem|spe|1
|move|p2a: Corviknight|Brave Bird|p1a: Kyurem
|-resisted|p1a: Kyurem
|-crit|p1a: Kyurem
|-damage|p1a: Kyurem|53/100
|-damage|p2a: Corviknight|58/100|[from] Recoil
|
|-heal|p1a: Kyurem|59/100|[from] item: Leftovers
|-heal|p2a: Corviknight|64/100|[from] item: Leftovers
|upkeep
|turn|36
|
|t:|1759076074
|move|p1a: Kyurem|Dragon Dance|p1a: Kyurem
|-boost|p1a: Kyurem|atk|1
|-boost|p1a: Kyurem|spe|1
|move|p2a: Corviknight|Brave Bird|p1a: Kyurem
|-resisted|p1a: Kyurem
|-damage|p1a: Kyurem|44/100
|-damage|p2a: Corviknight|58/100|[from] Recoil
|
|-heal|p1a: Kyurem|50/100|[from] item: Leftovers
|-heal|p2a: Corviknight|65/100|[from] item: Leftovers
|upkeep
|turn|37
|
|t:|1759076077
|move|p1a: Kyurem|Dragon Dance|p1a: Kyurem
|-boost|p1a: Kyurem|atk|1
|-boost|p1a: Kyurem|spe|1
|move|p2a: Corviknight|Brave Bird|p1a: Kyurem
|-resisted|p1a: Kyurem
|-damage|p1a: Kyurem|35/100
|-damage|p2a: Corviknight|59/100|[from] Recoil
|
|-heal|p1a: Kyurem|41/100|[from] item: Leftovers
|-heal|p2a: Corviknight|65/100|[from] item: Leftovers
|-sideend|p2: Teufcraft|move: Tailwind
|upkeep
|turn|38
|
|t:|1759076080
|move|p1a: Kyurem|Icicle Spear|p2a: Corviknight
|-damage|p2a: Corviknight|40/100
|-damage|p2a: Corviknight|15/100
|-hitcount|p2a: Corviknight|2
|move|p2a: Corviknight|U-turn|p1a: Kyurem
|-resisted|p1a: Kyurem
|-damage|p1a: Kyurem|35/100
|
|t:|1759076085
|switch|p2a: Chandelure|Chandelure, M, shiny|100/100|[from] U-turn
|
|-heal|p1a: Kyurem|41/100|[from] item: Leftovers
|upkeep
|turn|39
|c|☆bol de nouille|lol you hit all 3 hit tripple axels and I cant hit more than 2 spears lol
|
|t:|1759076100
|move|p1a: Kyurem|Icicle Spear|p2a: Chandelure
|-resisted|p2a: Chandelure
|-damage|p2a: Chandelure|66/100
|-resisted|p2a: Chandelure
|-damage|p2a: Chandelure|34/100
|-resisted|p2a: Chandelure
|-damage|p2a: Chandelure|0 fnt
|faint|p2a: Chandelure
|-hitcount|p2: Chandelure|3
|
|-heal|p1a: Kyurem|48/100|[from] item: Leftovers
|upkeep
|
|t:|1759076107
|switch|p2a: Iron Valiant|Iron Valiant, shiny|26/100
|turn|40
|c|☆bol de nouille|ahhh justice
|
|t:|1759076110
|move|p1a: Kyurem|Icicle Spear|p2a: Iron Valiant
|-damage|p2a: Iron Valiant|0 fnt
|faint|p2a: Iron Valiant
|-end|p2a: Iron Valiant|Quark Drive|[silent]
|-hitcount|p2: Iron Valiant|1
|
|-heal|p1a: Kyurem|54/100|[from] item: Leftovers
|upkeep
|
|t:|1759076119
|switch|p2a: Clodsire|Clodsire, M|21/100
|turn|41
|
|t:|1759076122
|move|p1a: Kyurem|Icicle Spear|p2a: Clodsire
|-supereffective|p2a: Clodsire
|-damage|p2a: Clodsire|0 fnt
|faint|p2a: Clodsire
|-hitcount|p2: Clodsire|1
|
|-heal|p1a: Kyurem|60/100|[from] item: Leftovers
|upkeep
|c|☆Teufcraft|i am so stupid for not realising u dont have scale shot
|
|t:|1759076138
|switch|p2a: Corviknight|Corviknight, M, shiny|15/100
|turn|42
|c|☆Teufcraft|gg pro really well played around ur win con
|
|t:|1759076148
|move|p1a: Kyurem|Icicle Spear|p2a: Corviknight
|-damage|p2a: Corviknight|0 fnt
|faint|p2a: Corviknight
|-hitcount|p2: Corviknight|1
|
|win|bol de nouille
|raw|bol de nouille's rating: 1356 &rarr; <strong>1378</strong><br />(+22 for winning)
|raw|Teufcraft's rating: 1396 &rarr; <strong>1374</strong><br />(-22 for losing)
|c|☆bol de nouille|gg
|c|☆Teufcraft|*bro
|l|☆Teufcraft
|player|p2|
|l|☆bol de nouille
|player|p1|
