|j|☆Gabgabbs
|j|☆apparatus70
|t:|1758965281
|gametype|singles
|player|p1|Gabgabbs|cynthia-gen4|1096
|player|p2|apparatus70|candice|1090
|gen|9
|tier|[Gen 9] OU
|rated|
|rule|HP Percentage Mod: HP is shown in percentages
|rule|Endless Battle Clause: Forcing endless battles is banned
|rule|Species Clause: Limit one of each Pokémon
|rule|OHKO Clause: OHKO moves are banned
|rule|Evasion Items Clause: Evasion items are banned
|rule|Evasion Moves Clause: Evasion moves are banned
|rule|Evasion Abilities Clause: Evasion abilities are banned
|rule|Sleep Moves Clause: Sleep-inducing moves are banned
|clearpoke
|poke|p1|Skeledirge, M|
|poke|p1|Kingambit, M|
|poke|p1|Dragapult, M|
|poke|p1|Enamorus, F|
|poke|p1|Gholdengo|
|poke|p1|Great Tusk|
|poke|p2|Glimmora, F|
|poke|p2|Falinks|
|poke|p2|Hatterene, F|
|poke|p2|Darkrai|
|poke|p2|Dragapult, M|
|poke|p2|Raging Bolt|
|teampreview
|
|t:|1758965334
|teamsize|p1|6
|teamsize|p2|6
|start
|switch|p1a: Skeledirge|Skeledirge, M|100/100
|switch|p2a: Glimmora|Glimmora, F|100/100
|turn|1
|
|t:|1758965344
|move|p2a: Glimmora|Stealth Rock|p1a: Skeledirge
|-sidestart|p1: Gabgabbs|move: Stealth Rock
|move|p1a: Skeledirge|Earth Power|p2a: Glimmora
|-supereffective|p2a: Glimmora
|-damage|p2a: Glimmora|0 fnt
|faint|p2a: Glimmora
|
|upkeep
|
|t:|1758965365
|switch|p2a: Darkrai|Darkrai|100/100
|turn|2
|
|t:|1758965371
|move|p2a: Darkrai|Dark Pulse|p1a: Skeledirge
|-supereffective|p1a: Skeledirge
|-damage|p1a: Skeledirge|41/100
|move|p1a: Skeledirge|Shadow Ball|p2a: Darkrai
|-resisted|p2a: Darkrai
|-damage|p2a: Darkrai|77/100
|
|upkeep
|turn|3
|
|t:|1758965378
|move|p2a: Darkrai|Dark Pulse|p1a: Skeledirge
|-supereffective|p1a: Skeledirge
|-damage|p1a: Skeledirge|0 fnt
|faint|p1a: Skeledirge
|
|upkeep
|
|t:|1758965387
|switch|p1a: Enamorus|Enamorus, F|100/100
|-damage|p1a: Enamorus|76/100|[from] Stealth Rock
|turn|4
|
|t:|1758965396
|move|p2a: Darkrai|Sludge Bomb|p1a: Enamorus
|-supereffective|p1a: Enamorus
|-damage|p1a: Enamorus|0 fnt
|faint|p1a: Enamorus
|
|upkeep
|
|t:|1758965417
|switch|p1a: Great Tusk|Great Tusk|100/100
|turn|5
|
|t:|1758965440
|move|p2a: Darkrai|Psychic|p1a: Great Tusk
|-supereffective|p1a: Great Tusk
|-damage|p1a: Great Tusk|0 fnt
|faint|p1a: Great Tusk
|-end|p1a: Great Tusk|Protosynthesis|[silent]
|
|upkeep
|
|t:|1758965448
|switch|p1a: Dragapult|Dragapult, M|100/100
|-damage|p1a: Dragapult|88/100|[from] Stealth Rock
|turn|6
|
|t:|1758965482
|-terastallize|p2a: Darkrai|Dark
|move|p1a: Dragapult|U-turn|p2a: Darkrai
|-supereffective|p2a: Darkrai
|-damage|p2a: Darkrai|24/100
|
|t:|1758965487
|switch|p1a: Gholdengo|Gholdengo|100/100|[from] U-turn
|-damage|p1a: Gholdengo|94/100|[from] Stealth Rock
|move|p2a: Darkrai|Dark Pulse|p1a: Gholdengo
|-supereffective|p1a: Gholdengo
|-damage|p1a: Gholdengo|0 fnt
|faint|p1a: Gholdengo
|
|upkeep
|
|t:|1758965498
|switch|p1a: Dragapult|Dragapult, M|88/100
|-damage|p1a: Dragapult|76/100|[from] Stealth Rock
|turn|7
|
|t:|1758965506
|move|p1a: Dragapult|Dragon Darts|p2a: Darkrai
|-damage|p2a: Darkrai|0 fnt
|faint|p2a: Darkrai
|
|upkeep
|
|t:|1758965511
|switch|p2a: Falinks|Falinks|100/100
|turn|8
|
|t:|1758965519
|move|p2a: Falinks|First Impression|p1a: Dragapult
|-resisted|p1a: Dragapult
|-damage|p1a: Dragapult|50/100
|-damage|p2a: Falinks|91/100|[from] item: Life Orb
|move|p1a: Dragapult|Dragon Darts|p2a: Falinks
|-damage|p2a: Falinks|65/100
|-anim|p1a: Dragapult|Dragon Darts|p2a: Falinks
|-damage|p2a: Falinks|39/100
|
|upkeep
|turn|9
|
|t:|1758965528
|move|p1a: Dragapult|Dragon Darts|p2a: Falinks
|-damage|p2a: Falinks|12/100
|-anim|p1a: Dragapult|Dragon Darts|p2a: Falinks
|-damage|p2a: Falinks|0 fnt
|faint|p2a: Falinks
|
|upkeep
|
|t:|1758965533
|switch|p2a: Hatterene|Hatterene, F|100/100
|turn|10
|
|t:|1758965540
|move|p1a: Dragapult|Dragon Darts|p2a: Hatterene
|-immune|p2a: Hatterene
|move|p2a: Hatterene|Draining Kiss|p1a: Dragapult
|-supereffective|p1a: Dragapult
|-damage|p1a: Dragapult|0 fnt
|faint|p1a: Dragapult
|
|upkeep
|
|t:|1758965547
|switch|p1a: Kingambit|Kingambit, M|100/100
|-damage|p1a: Kingambit|94/100|[from] Stealth Rock
|-activate|p1a: Kingambit|ability: Supreme Overlord
|-start|p1a: Kingambit|fallen5|[silent]
|turn|11
|
|t:|1758965566
|-terastallize|p1a: Kingambit|Dark
|move|p1a: Kingambit|Swords Dance|p1a: Kingambit
|-boost|p1a: Kingambit|atk|2
|move|p2a: Hatterene|Nuzzle|p1a: Kingambit
|-damage|p1a: Kingambit|91/100
|-status|p1a: Kingambit|par
|
|upkeep
|turn|12
|
|t:|1758965577
|move|p2a: Hatterene|Draining Kiss|p1a: Kingambit
|-supereffective|p1a: Kingambit
|-damage|p1a: Kingambit|39/100 par
|move|p1a: Kingambit|Kowtow Cleave|p2a: Hatterene
|-damage|p2a: Hatterene|0 fnt
|faint|p2a: Hatterene
|-damage|p1a: Kingambit|29/100 par|[from] item: Life Orb
|
|upkeep
|
|t:|1758965589
|switch|p2a: Dragapult|Dragapult, M|100/100
|turn|13
|
|t:|1758965596
|move|p1a: Kingambit|Sucker Punch|p2a: Dragapult
|-supereffective|p2a: Dragapult
|-damage|p2a: Dragapult|0 fnt
|faint|p2a: Dragapult
|-damage|p1a: Kingambit|19/100 par|[from] item: Life Orb
|
|upkeep
|
|t:|1758965599
|switch|p2a: Raging Bolt|Raging Bolt|100/100
|-enditem|p2a: Raging Bolt|Booster Energy
|-activate|p2a: Raging Bolt|ability: Protosynthesis|[fromitem]
|-start|p2a: Raging Bolt|protosynthesisspa
|turn|14
|
|t:|1758965613
|cant|p1a: Kingambit|par
|move|p2a: Raging Bolt|Volt Switch|p1a: Kingambit
|-damage|p1a: Kingambit|0 fnt
|faint|p1a: Kingambit
|-end|p1a: Kingambit|fallen5|[silent]
|
|win|apparatus70
|raw|Gabgabbs's rating: 1096 &rarr; <strong>1071</strong><br />(-25 for losing)
|raw|apparatus70's rating: 1090 &rarr; <strong>1117</strong><br />(+27 for winning)
|l|☆apparatus70
|player|p2|
