|j|☆ja hoi
|j|☆Boasy
|t:|1758981646
|gametype|singles
|player|p1|ja hoi|1|1522
|player|p2|Boasy|265|1527
|gen|9
|tier|[Gen 9] OU
|rated|
|rule|HP Percentage Mod: HP is shown in percentages
|rule|Endless Battle Clause: Forcing endless battles is banned
|rule|Species Clause: Limit one of each Pokémon
|rule|OHKO Clause: OHKO moves are banned
|rule|Evasion Items Clause: Evasion items are banned
|rule|Evasion Moves Clause: Evasion moves are banned
|rule|Evasion Abilities Clause: Evasion abilities are banned
|rule|Sleep Moves Clause: Sleep-inducing moves are banned
|clearpoke
|poke|p1|Quaquaval, M|
|poke|p1|Iron Moth|
|poke|p1|Dragapult, F|
|poke|p1|Corviknight, M|
|poke|p1|Grimmsnarl, M|
|poke|p1|Garganacl, M|
|poke|p2|Garganacl, F|
|poke|p2|Dragapult, F|
|poke|p2|Ogerpon-Wellspring, F|
|poke|p2|Moltres|
|poke|p2|Zamazenta-*|
|poke|p2|Iron Treads|
|teampreview
|inactive|Battle timer is ON: inactive players will automatically lose when time's up. (requested by ja hoi)
|
|t:|1758981653
|teamsize|p1|6
|teamsize|p2|6
|start
|switch|p1a: Grimmsnarl|Grimmsnarl, M|100/100
|switch|p2a: Iron Treads|Iron Treads|100/100
|turn|1
|
|t:|1758981665
|move|p1a: Grimmsnarl|Taunt|p2a: Iron Treads
|-start|p2a: Iron Treads|move: Taunt
|cant|p2a: Iron Treads|move: Taunt|Stealth Rock
|
|upkeep
|turn|2
|
|t:|1758981673
|move|p1a: Grimmsnarl|Light Screen|p1a: Grimmsnarl
|-sidestart|p1: ja hoi|move: Light Screen
|move|p2a: Iron Treads|Knock Off|p1a: Grimmsnarl
|-resisted|p1a: Grimmsnarl
|-damage|p1a: Grimmsnarl|93/100
|-enditem|p1a: Grimmsnarl|Light Clay|[from] move: Knock Off|[of] p2a: Iron Treads
|
|upkeep
|turn|3
|
|t:|1758981682
|move|p1a: Grimmsnarl|Reflect|p1a: Grimmsnarl
|-sidestart|p1: ja hoi|Reflect
|move|p2a: Iron Treads|Earthquake|p1a: Grimmsnarl
|-damage|p1a: Grimmsnarl|69/100
|
|-end|p2a: Iron Treads|move: Taunt
|upkeep
|turn|4
|
|t:|1758981692
|move|p1a: Grimmsnarl|Taunt|p2a: Iron Treads
|-start|p2a: Iron Treads|move: Taunt
|move|p2a: Iron Treads|Earthquake|p1a: Grimmsnarl
|-damage|p1a: Grimmsnarl|44/100
|
|upkeep
|turn|5
|
|t:|1758981703
|move|p1a: Grimmsnarl|Parting Shot|p2a: Iron Treads
|-unboost|p2a: Iron Treads|atk|1
|-unboost|p2a: Iron Treads|spa|1
|
|t:|1758981709
|switch|p1a: Corviknight|Corviknight, M|100/100|[from] Parting Shot
|-ability|p1a: Corviknight|Pressure
|move|p2a: Iron Treads|Knock Off|p1a: Corviknight
|-damage|p1a: Corviknight|94/100
|-damage|p2a: Iron Treads|84/100|[from] item: Rocky Helmet|[of] p1a: Corviknight
|-enditem|p1a: Corviknight|Rocky Helmet|[from] move: Knock Off|[of] p2a: Iron Treads
|
|-heal|p2a: Iron Treads|90/100|[from] item: Leftovers
|upkeep
|turn|6
|
|t:|1758981719
|move|p2a: Iron Treads|Knock Off|p1a: Corviknight
|-damage|p1a: Corviknight|89/100
|move|p1a: Corviknight|U-turn|p2a: Iron Treads
|-resisted|p2a: Iron Treads
|-damage|p2a: Iron Treads|83/100
|
|t:|1758981724
|switch|p1a: Quaquaval|Quaquaval, M|100/100|[from] U-turn
|
|-heal|p2a: Iron Treads|89/100|[from] item: Leftovers
|-end|p2a: Iron Treads|move: Taunt
|upkeep
|turn|7
|
|t:|1758981741
|-end|p2a: Iron Treads|Quark Drive|[silent]
|switch|p2a: Moltres|Moltres|100/100
|move|p1a: Quaquaval|Aqua Step|p2a: Moltres
|-supereffective|p2a: Moltres
|-damage|p2a: Moltres|31/100
|-boost|p1a: Quaquaval|spe|1
|
|-sideend|p1: ja hoi|Reflect
|upkeep
|turn|8
|
|t:|1758981756
|move|p1a: Quaquaval|Aqua Step|p2a: Moltres
|-supereffective|p2a: Moltres
|-damage|p2a: Moltres|0 fnt
|-boost|p1a: Quaquaval|spe|1
|-status|p1a: Quaquaval|brn|[from] ability: Flame Body|[of] p2a: Moltres
|faint|p2a: Moltres
|-ability|p1a: Quaquaval|Moxie|boost
|-boost|p1a: Quaquaval|atk|1
|
|-damage|p1a: Quaquaval|94/100 brn|[from] brn
|upkeep
|c|☆ja hoi|balls
|
|t:|1758981762
|switch|p2a: Ogerpon|Ogerpon-Wellspring, F|100/100
|turn|9
|
|t:|1758981769
|move|p1a: Quaquaval|Close Combat|p2a: Ogerpon
|-damage|p2a: Ogerpon|52/100
|-unboost|p1a: Quaquaval|def|1
|-unboost|p1a: Quaquaval|spd|1
|move|p2a: Ogerpon|Swords Dance|p2a: Ogerpon
|-boost|p2a: Ogerpon|atk|2
|
|-damage|p1a: Quaquaval|88/100 brn|[from] brn
|-sideend|p1: ja hoi|move: Light Screen
|upkeep
|turn|10
|
|t:|1758981778
|move|p1a: Quaquaval|Close Combat|p2a: Ogerpon
|-damage|p2a: Ogerpon|0 fnt
|-unboost|p1a: Quaquaval|def|1
|-unboost|p1a: Quaquaval|spd|1
|faint|p2a: Ogerpon
|-ability|p1a: Quaquaval|Moxie|boost
|-boost|p1a: Quaquaval|atk|1
|
|-damage|p1a: Quaquaval|82/100 brn|[from] brn
|upkeep
|
|t:|1758981784
|switch|p2a: Dragapult|Dragapult, F|100/100
|turn|11
|
|t:|1758981788
|move|p1a: Quaquaval|Ice Spinner|p2a: Dragapult
|-supereffective|p2a: Dragapult
|-damage|p2a: Dragapult|37/100
|move|p2a: Dragapult|Hex|p1a: Quaquaval
|-damage|p1a: Quaquaval|0 fnt
|faint|p1a: Quaquaval
|
|upkeep
|
|t:|1758981803
|switch|p1a: Garganacl|Garganacl, M|100/100
|turn|12
|
|t:|1758981807
|move|p2a: Dragapult|U-turn|p1a: Garganacl
|-damage|p1a: Garganacl|90/100
|
|t:|1758981810
|switch|p2a: Iron Treads|Iron Treads|89/100|[from] U-turn
|move|p1a: Garganacl|Salt Cure|p2a: Iron Treads
|-resisted|p2a: Iron Treads
|-damage|p2a: Iron Treads|86/100
|-start|p2a: Iron Treads|Salt Cure
|
|-heal|p2a: Iron Treads|92/100|[from] item: Leftovers
|-heal|p1a: Garganacl|96/100|[from] item: Leftovers
|-damage|p2a: Iron Treads|67/100|[from] Salt Cure
|upkeep
|turn|13
|
|t:|1758981829
|switch|p1a: Corviknight|Corviknight, M|89/100
|-ability|p1a: Corviknight|Pressure
|move|p2a: Iron Treads|Stealth Rock|p1a: Corviknight
|-sidestart|p1: ja hoi|move: Stealth Rock
|
|-heal|p2a: Iron Treads|73/100|[from] item: Leftovers
|-damage|p2a: Iron Treads|49/100|[from] Salt Cure
|upkeep
|turn|14
|
|t:|1758981846
|-end|p2a: Iron Treads|Quark Drive|[silent]
|switch|p2a: Garganacl|Garganacl, F|100/100
|move|p1a: Corviknight|Body Press|p2a: Garganacl
|-supereffective|p2a: Garganacl
|-damage|p2a: Garganacl|76/100
|
|-heal|p2a: Garganacl|82/100|[from] item: Leftovers
|upkeep
|turn|15
|
|t:|1758981854
|move|p1a: Corviknight|Body Press|p2a: Garganacl
|-supereffective|p2a: Garganacl
|-crit|p2a: Garganacl
|-damage|p2a: Garganacl|42/100
|move|p2a: Garganacl|Salt Cure|p1a: Corviknight
|-damage|p1a: Corviknight|78/100
|-start|p1a: Corviknight|Salt Cure
|
|-heal|p2a: Garganacl|48/100|[from] item: Leftovers
|-damage|p1a: Corviknight|53/100|[from] Salt Cure
|upkeep
|turn|16
|
|t:|1758981863
|move|p1a: Corviknight|Body Press|p2a: Garganacl
|-supereffective|p2a: Garganacl
|-damage|p2a: Garganacl|24/100
|move|p2a: Garganacl|Recover|p2a: Garganacl
|-heal|p2a: Garganacl|74/100
|
|-heal|p2a: Garganacl|80/100|[from] item: Leftovers
|-damage|p1a: Corviknight|29/100|[from] Salt Cure
|upkeep
|turn|17
|
|t:|1758981871
|move|p1a: Corviknight|U-turn|p2a: Garganacl
|-damage|p2a: Garganacl|67/100
|
|t:|1758981874
|switch|p1a: Garganacl|Garganacl, M|96/100|[from] U-turn
|-damage|p1a: Garganacl|84/100|[from] Stealth Rock
|move|p2a: Garganacl|Iron Defense|p2a: Garganacl
|-boost|p2a: Garganacl|def|2
|
|-heal|p2a: Garganacl|73/100|[from] item: Leftovers
|-heal|p1a: Garganacl|90/100|[from] item: Leftovers
|upkeep
|turn|18
|
|t:|1758981884
|move|p2a: Garganacl|Salt Cure|p1a: Garganacl
|-crit|p1a: Garganacl
|-damage|p1a: Garganacl|75/100
|-start|p1a: Garganacl|Salt Cure
|move|p1a: Garganacl|Salt Cure|p2a: Garganacl
|-damage|p2a: Garganacl|67/100
|-start|p2a: Garganacl|Salt Cure
|
|-heal|p2a: Garganacl|74/100|[from] item: Leftovers
|-heal|p1a: Garganacl|81/100|[from] item: Leftovers
|-damage|p2a: Garganacl|61/100|[from] Salt Cure
|-damage|p1a: Garganacl|69/100|[from] Salt Cure
|upkeep
|turn|19
|
|t:|1758981913
|switch|p1a: Corviknight|Corviknight, M|29/100
|-damage|p1a: Corviknight|16/100|[from] Stealth Rock
|-ability|p1a: Corviknight|Pressure
|move|p2a: Garganacl|Recover|p2a: Garganacl
|-heal|p2a: Garganacl|100/100
|
|-damage|p2a: Garganacl|88/100|[from] Salt Cure
|upkeep
|turn|20
|
|t:|1758981922
|move|p1a: Corviknight|Body Press|p2a: Garganacl
|-supereffective|p2a: Garganacl
|-crit|p2a: Garganacl
|-damage|p2a: Garganacl|46/100
|move|p2a: Garganacl|Salt Cure|p1a: Corviknight
|-damage|p1a: Corviknight|5/100
|-start|p1a: Corviknight|Salt Cure
|
|-heal|p2a: Garganacl|52/100|[from] item: Leftovers
|-damage|p1a: Corviknight|0 fnt|[from] Salt Cure
|faint|p1a: Corviknight
|-damage|p2a: Garganacl|40/100|[from] Salt Cure
|upkeep
|c|☆ja hoi|sorry
|
|t:|1758981934
|switch|p1a: Iron Moth|Iron Moth|100/100
|-damage|p1a: Iron Moth|76/100|[from] Stealth Rock
|-enditem|p1a: Iron Moth|Booster Energy
|-activate|p1a: Iron Moth|ability: Quark Drive|[fromitem]
|-start|p1a: Iron Moth|quarkdrivespa
|turn|21
|
|t:|1758981941
|move|p1a: Iron Moth|Energy Ball|p2a: Garganacl
|-supereffective|p2a: Garganacl
|-crit|p2a: Garganacl
|-damage|p2a: Garganacl|0 fnt
|faint|p2a: Garganacl
|
|upkeep
|
|t:|1758981954
|switch|p2a: Zamazenta|Zamazenta|100/100
|-ability|p2a: Zamazenta|Dauntless Shield|boost
|-boost|p2a: Zamazenta|def|1
|turn|22
|
|t:|1758981971
|-terastallize|p2a: Zamazenta|Dark
|move|p2a: Zamazenta|Crunch|p1a: Iron Moth
|-damage|p1a: Iron Moth|10/100
|-unboost|p1a: Iron Moth|def|1
|move|p1a: Iron Moth|Sludge Wave|p2a: Zamazenta
|-damage|p2a: Zamazenta|33/100
|
|upkeep
|turn|23
|
|t:|1758981979
|move|p2a: Zamazenta|Crunch|p1a: Iron Moth
|-damage|p1a: Iron Moth|0 fnt
|faint|p1a: Iron Moth
|-end|p1a: Iron Moth|Quark Drive|[silent]
|
|upkeep
|
|t:|1758981988
|switch|p1a: Grimmsnarl|Grimmsnarl, M|44/100
|-damage|p1a: Grimmsnarl|32/100|[from] Stealth Rock
|turn|24
|
|t:|1758981992
|move|p1a: Grimmsnarl|Reflect|p1a: Grimmsnarl
|-sidestart|p1: ja hoi|Reflect
|move|p2a: Zamazenta|Heavy Slam|p1a: Grimmsnarl
|-supereffective|p1a: Grimmsnarl
|-damage|p1a: Grimmsnarl|0 fnt
|faint|p1a: Grimmsnarl
|
|upkeep
|
|t:|1758982000
|switch|p1a: Garganacl|Garganacl, M|69/100
|-damage|p1a: Garganacl|56/100|[from] Stealth Rock
|turn|25
|
|t:|1758982005
|-terastallize|p1a: Garganacl|Fairy
|move|p2a: Zamazenta|Close Combat|p1a: Garganacl
|-resisted|p1a: Garganacl
|-damage|p1a: Garganacl|47/100
|-unboost|p2a: Zamazenta|def|1
|-unboost|p2a: Zamazenta|spd|1
|move|p1a: Garganacl|Recover|p1a: Garganacl
|-heal|p1a: Garganacl|97/100
|
|-heal|p1a: Garganacl|100/100|[from] item: Leftovers
|upkeep
|turn|26
|
|t:|1758982014
|move|p2a: Zamazenta|Heavy Slam|p1a: Garganacl
|-supereffective|p1a: Garganacl
|-damage|p1a: Garganacl|90/100
|move|p1a: Garganacl|Salt Cure|p2a: Zamazenta
|-damage|p2a: Zamazenta|20/100
|-start|p2a: Zamazenta|Salt Cure
|
|-heal|p1a: Garganacl|96/100|[from] item: Leftovers
|-damage|p2a: Zamazenta|8/100|[from] Salt Cure
|upkeep
|turn|27
|
|t:|1758982023
|move|p2a: Zamazenta|Heavy Slam|p1a: Garganacl
|-supereffective|p1a: Garganacl
|-damage|p1a: Garganacl|84/100
|move|p1a: Garganacl|Iron Defense|p1a: Garganacl
|-boost|p1a: Garganacl|def|2
|
|-heal|p1a: Garganacl|91/100|[from] item: Leftovers
|-damage|p2a: Zamazenta|0 fnt|[from] Salt Cure
|faint|p2a: Zamazenta
|upkeep
|
|t:|1758982029
|switch|p2a: Iron Treads|Iron Treads|49/100
|turn|28
|inactive|ja hoi has 120 seconds left.
|
|t:|1758982059
|move|p2a: Iron Treads|Knock Off|p1a: Garganacl
|-resisted|p1a: Garganacl
|-damage|p1a: Garganacl|88/100
|-enditem|p1a: Garganacl|Leftovers|[from] move: Knock Off|[of] p2a: Iron Treads
|move|p1a: Garganacl|Salt Cure|p2a: Iron Treads
|-resisted|p2a: Iron Treads
|-damage|p2a: Iron Treads|46/100
|-start|p2a: Iron Treads|Salt Cure
|
|-heal|p2a: Iron Treads|52/100|[from] item: Leftovers
|-damage|p2a: Iron Treads|27/100|[from] Salt Cure
|-sideend|p1: ja hoi|Reflect
|upkeep
|turn|29
|inactive|ja hoi has 120 seconds left.
|
|t:|1758982073
|move|p2a: Iron Treads|Earthquake|p1a: Garganacl
|-damage|p1a: Garganacl|75/100
|move|p1a: Garganacl|Iron Defense|p1a: Garganacl
|-boost|p1a: Garganacl|def|2
|
|-heal|p2a: Iron Treads|33/100|[from] item: Leftovers
|-damage|p2a: Iron Treads|8/100|[from] Salt Cure
|upkeep
|turn|30
|inactive|ja hoi has 120 seconds left.
|
|t:|1758982089
|-end|p2a: Iron Treads|Quark Drive|[silent]
|switch|p2a: Dragapult|Dragapult, F|37/100
|move|p1a: Garganacl|Recover|p1a: Garganacl
|-heal|p1a: Garganacl|100/100
|
|upkeep
|turn|31
|inactive|ja hoi has 120 seconds left.
|
|t:|1758982095
|move|p2a: Dragapult|Hex|p1a: Garganacl
|-damage|p1a: Garganacl|92/100
|move|p1a: Garganacl|Salt Cure|p2a: Dragapult
|-damage|p2a: Dragapult|18/100
|-start|p2a: Dragapult|Salt Cure
|
|-damage|p2a: Dragapult|6/100|[from] Salt Cure
|upkeep
|turn|32
|-message|Boasy forfeited.
|
|win|ja hoi
|raw|ja hoi's rating: 1522 &rarr; <strong>1542</strong><br />(+20 for winning)
|raw|Boasy's rating: 1527 &rarr; <strong>1507</strong><br />(-20 for losing)
|l|☆Boasy
|player|p2|
|c|☆ja hoi|gg
|l|☆ja hoi
|player|p1|
