|j|☆hungrymane
|j|☆jrg123
|t:|1759010138
|gametype|singles
|player|p1|hungrymane|101|1541
|player|p2|jrg123|169|1596
|gen|9
|tier|[Gen 9] OU
|rated|
|rule|HP Percentage Mod: HP is shown in percentages
|rule|Endless Battle Clause: Forcing endless battles is banned
|rule|Species Clause: Limit one of each Pokémon
|rule|OHKO Clause: OHKO moves are banned
|rule|Evasion Items Clause: Evasion items are banned
|rule|Evasion Moves Clause: Evasion moves are banned
|rule|Evasion Abilities Clause: Evasion abilities are banned
|rule|Sleep Moves Clause: Sleep-inducing moves are banned
|clearpoke
|poke|p1|Gengar, F|
|poke|p1|Greninja-*, M|
|poke|p1|Ribombee, F|
|poke|p1|Drifblim, F|
|poke|p1|Gyarados, F|
|poke|p1|Necrozma|
|poke|p2|Kyurem|
|poke|p2|Corviknight, F|
|poke|p2|Ting-Lu|
|poke|p2|Dondozo, M|
|poke|p2|Slowking-Galar, L99, F|
|poke|p2|Cinderace, M|
|teampreview
|inactive|Battle timer is ON: inactive players will automatically lose when time's up. (requested by jrg123)
|
|t:|1759010153
|teamsize|p1|6
|teamsize|p2|6
|start
|switch|p1a: Greninja|Greninja, M|100/100
|switch|p2a: Cinderace|Cinderace, M|100/100
|turn|1
|
|t:|1759010158
|switch|p2a: Slowking|Slowking-Galar, L99, F|100/100
|move|p1a: Greninja|Spikes|p2a: Slowking
|-start|p1a: Greninja|typechange|Ground|[from] ability: Protean
|-sidestart|p2: jrg123|Spikes
|
|upkeep
|turn|2
|
|t:|1759010166
|move|p1a: Greninja|Taunt|p2a: Slowking
|-start|p2a: Slowking|move: Taunt
|move|p2a: Slowking|Future Sight|p1a: Greninja
|-start|p2a: Slowking|move: Future Sight
|
|upkeep
|turn|3
|
|t:|1759010171
|switch|p1a: Gengar|Gengar, F|100/100
|move|p2a: Slowking|Sludge Bomb|p1a: Gengar
|-resisted|p1a: Gengar
|-damage|p1a: Gengar|87/100
|
|upkeep
|turn|4
|
|t:|1759010183
|switch|p1a: Greninja|Greninja, M|100/100
|move|p2a: Slowking|Sludge Bomb|p1a: Greninja
|-damage|p1a: Greninja|51/100
|
|-end|p1a: Greninja|move: Future Sight
|-immune|p1a: Greninja
|-end|p2a: Slowking|move: Taunt
|upkeep
|turn|5
|
|t:|1759010193
|switch|p1a: Drifblim|Drifblim, F|100/100
|move|p2a: Slowking|Future Sight|p1a: Drifblim
|-start|p2a: Slowking|move: Future Sight
|
|upkeep
|turn|6
|
|t:|1759010199
|move|p1a: Drifblim|Will-O-Wisp|p2a: Slowking
|-status|p2a: Slowking|brn
|-prepare|p2a: Slowking|Chilly Reception|[premajor]
|move|p2a: Slowking|Chilly Reception|p2a: Slowking
|-weather|Snowscape
|
|t:|1759010205
|switch|p2a: Kyurem|Kyurem|100/100|[from] Chilly Reception
|-damage|p2a: Kyurem|88/100|[from] Spikes
|-ability|p2a: Kyurem|Pressure
|
|-weather|Snowscape|[upkeep]
|-heal|p2a: Kyurem|94/100|[from] item: Leftovers
|upkeep
|turn|7
|
|t:|1759010208
|move|p2a: Kyurem|Substitute|p2a: Kyurem
|-start|p2a: Kyurem|Substitute
|-damage|p2a: Kyurem|69/100
|move|p1a: Drifblim|Curse|p2a: Kyurem
|-start|p2a: Kyurem|Curse|[of] p1a: Drifblim
|-damage|p1a: Drifblim|51/100
|
|-weather|Snowscape|[upkeep]
|-end|p1a: Drifblim|move: Future Sight
|-damage|p1a: Drifblim|0 fnt
|faint|p1a: Drifblim
|-heal|p2a: Kyurem|75/100|[from] item: Leftovers
|-damage|p2a: Kyurem|50/100|[from] Curse
|upkeep
|
|t:|1759010213
|switch|p1a: Ribombee|Ribombee, F|100/100
|turn|8
|
|t:|1759010218
|switch|p2a: Slowking|Slowking-Galar, L99, F|100/100 brn
|move|p1a: Ribombee|Quiver Dance|p1a: Ribombee
|-boost|p1a: Ribombee|spa|1
|-boost|p1a: Ribombee|spd|1
|-boost|p1a: Ribombee|spe|1
|
|-weather|Snowscape|[upkeep]
|-damage|p2a: Slowking|94/100 brn|[from] brn
|upkeep
|turn|9
|
|t:|1759010222
|-terastallize|p1a: Ribombee|Ghost
|move|p1a: Ribombee|Quiver Dance|p1a: Ribombee
|-boost|p1a: Ribombee|spa|1
|-boost|p1a: Ribombee|spd|1
|-boost|p1a: Ribombee|spe|1
|move|p2a: Slowking|Sludge Bomb|p1a: Ribombee
|-resisted|p1a: Ribombee
|-damage|p1a: Ribombee|88/100
|
|-weather|Snowscape|[upkeep]
|-damage|p2a: Slowking|88/100 brn|[from] brn
|upkeep
|turn|10
|
|t:|1759010232
|move|p1a: Ribombee|Tera Blast|p2a: Slowking|[anim] Tera Blast Ghost
|-supereffective|p2a: Slowking
|-damage|p2a: Slowking|0 fnt
|faint|p2a: Slowking
|
|-weather|none
|upkeep
|
|t:|1759010237
|switch|p2a: Ting-Lu|Ting-Lu|100/100
|-damage|p2a: Ting-Lu|88/100|[from] Spikes
|-ability|p2a: Ting-Lu|Vessel of Ruin
|turn|11
|
|t:|1759010240
|move|p1a: Ribombee|Moonblast|p2a: Ting-Lu
|-supereffective|p2a: Ting-Lu
|-damage|p2a: Ting-Lu|12/100
|move|p2a: Ting-Lu|Payback|p1a: Ribombee
|-supereffective|p1a: Ribombee
|-damage|p1a: Ribombee|0 fnt
|faint|p1a: Ribombee
|
|-heal|p2a: Ting-Lu|18/100|[from] item: Leftovers
|upkeep
|
|t:|1759010247
|switch|p1a: Greninja|Greninja, M|51/100
|turn|12
|
|t:|1759010250
|move|p1a: Greninja|Grass Knot|p2a: Ting-Lu
|-start|p1a: Greninja|typechange|Grass|[from] ability: Protean
|-supereffective|p2a: Ting-Lu
|-crit|p2a: Ting-Lu
|-damage|p2a: Ting-Lu|0 fnt
|faint|p2a: Ting-Lu
|
|upkeep
|
|t:|1759010256
|switch|p2a: Corviknight|Corviknight, F|100/100
|-ability|p2a: Corviknight|Pressure
|turn|13
|
|t:|1759010260
|move|p2a: Corviknight|U-turn|p1a: Greninja
|-supereffective|p1a: Greninja
|-damage|p1a: Greninja|3/100
|-damage|p2a: Corviknight|84/100|[from] item: Rocky Helmet|[of] p1a: Greninja
|
|t:|1759010269
|switch|p2a: Cinderace|Cinderace, M|100/100|[from] U-turn
|move|p1a: Greninja|Counter|p2a: Cinderace
|-damage|p2a: Cinderace|25/100
|
|upkeep
|turn|14
|
|t:|1759010278
|move|p1a: Greninja|Grass Knot|p2a: Cinderace
|-resisted|p2a: Cinderace
|-damage|p2a: Cinderace|8/100
|move|p2a: Cinderace|Court Change|p2a: Cinderace
|-swapsideconditions
|-activate|p2a: Cinderace|move: Court Change
|
|upkeep
|turn|15
|
|t:|1759010287
|move|p1a: Greninja|Grass Knot|p2a: Cinderace
|-resisted|p2a: Cinderace
|-damage|p2a: Cinderace|0 fnt
|faint|p2a: Cinderace
|
|upkeep
|
|t:|1759010293
|switch|p2a: Corviknight|Corviknight, F|84/100
|-ability|p2a: Corviknight|Pressure
|turn|16
|
|t:|1759010299
|move|p1a: Greninja|Spikes|p2a: Corviknight
|-sidestart|p2: jrg123|Spikes
|move|p2a: Corviknight|U-turn|p1a: Greninja
|-supereffective|p1a: Greninja
|-damage|p1a: Greninja|0 fnt
|-damage|p2a: Corviknight|67/100|[from] item: Rocky Helmet|[of] p1a: Greninja
|faint|p1a: Greninja
|
|t:|1759010306
|switch|p2a: Kyurem|Kyurem|50/100|[from] U-turn
|-damage|p2a: Kyurem|38/100|[from] Spikes
|-ability|p2a: Kyurem|Pressure
|
|-heal|p2a: Kyurem|44/100|[from] item: Leftovers
|upkeep
|
|t:|1759010308
|switch|p1a: Gengar|Gengar, F|87/100
|-damage|p1a: Gengar|75/100|[from] Spikes
|turn|17
|
|t:|1759010314
|-terastallize|p2a: Kyurem|Ground
|move|p1a: Gengar|Shadow Ball|p2a: Kyurem
|-damage|p2a: Kyurem|0 fnt
|faint|p2a: Kyurem
|
|upkeep
|
|t:|1759010321
|switch|p2a: Corviknight|Corviknight, F|67/100
|-ability|p2a: Corviknight|Pressure
|turn|18
|
|t:|1759010323
|move|p1a: Gengar|Shadow Ball|p2a: Corviknight
|-damage|p2a: Corviknight|4/100
|move|p2a: Corviknight|Brave Bird|p1a: Gengar
|-damage|p1a: Gengar|5/100
|-damage|p2a: Corviknight|0 fnt|[from] Recoil
|faint|p2a: Corviknight
|
|upkeep
|
|t:|1759010329
|switch|p2a: Dondozo|Dondozo, M|100/100
|-damage|p2a: Dondozo|88/100|[from] Spikes
|turn|19
|
|t:|1759010331
|move|p1a: Gengar|Shadow Ball|p2a: Dondozo
|-damage|p2a: Dondozo|23/100
|move|p2a: Dondozo|Waterfall|p1a: Gengar
|-damage|p1a: Gengar|0 fnt
|faint|p1a: Gengar
|
|-heal|p2a: Dondozo|29/100|[from] item: Leftovers
|upkeep
|
|t:|1759010333
|switch|p1a: Necrozma|Necrozma|100/100
|-damage|p1a: Necrozma|88/100|[from] Spikes
|turn|20
|
|t:|1759010335
|move|p1a: Necrozma|Photon Geyser|p2a: Dondozo
|-damage|p2a: Dondozo|0 fnt
|faint|p2a: Dondozo
|
|win|hungrymane
|raw|hungrymane's rating: 1541 &rarr; <strong>1564</strong><br />(+23 for winning)
|raw|jrg123's rating: 1596 &rarr; <strong>1573</strong><br />(-23 for losing)
|l|☆jrg123
|player|p2|
|l|☆hungrymane
|player|p1|
|j|☆hungrymane
|player|p1|hungrymane|101|
