|j|☆grampsmons
|j|☆ohshittigueraje
|t:|1759035158
|gametype|singles
|player|p1|grampsmons|burglar|1260
|player|p2|ohshittigueraje|266|1209
|gen|9
|tier|[Gen 9] OU
|rated|
|rule|HP Percentage Mod: HP is shown in percentages
|rule|Endless Battle Clause: Forcing endless battles is banned
|rule|Species Clause: Limit one of each Pokémon
|rule|OHKO Clause: OHKO moves are banned
|rule|Evasion Items Clause: Evasion items are banned
|rule|Evasion Moves Clause: Evasion moves are banned
|rule|Evasion Abilities Clause: Evasion abilities are banned
|rule|Sleep Moves Clause: Sleep-inducing moves are banned
|clearpoke
|poke|p1|Meowscarada, F|
|poke|p1|Cinderace, M|
|poke|p1|Gholdengo|
|poke|p1|Kingambit, F|
|poke|p1|Enamorus, F|
|poke|p1|Alomomola, F|
|poke|p2|Alomomola, M|
|poke|p2|Slowking-Galar, F|
|poke|p2|Scizor, F|
|poke|p2|Rotom-Wash|
|poke|p2|Cryogonal|
|poke|p2|Ambipom, F|
|teampreview
|inactive|Battle timer is ON: inactive players will automatically lose when time's up. (requested by grampsmons)
|
|t:|1759035178
|teamsize|p1|6
|teamsize|p2|6
|start
|switch|p1a: Cinderace|Cinderace, M|100/100
|switch|p2a: Ambipom|Ambipom, F|100/100
|turn|1
|
|t:|1759035184
|move|p2a: Ambipom|Fake Out|p1a: Cinderace
|-damage|p1a: Cinderace|50/100
|cant|p1a: Cinderace|flinch
|
|upkeep
|turn|2
|c|☆grampsmons|Holy shit
|c|☆grampsmons|50 percent
|
|t:|1759035202
|switch|p2a: Alomomola|Alomomola, M|100/100
|move|p1a: Cinderace|High Jump Kick|p2a: Alomomola
|-start|p1a: Cinderace|typechange|Fighting|[from] ability: Libero
|-damage|p2a: Alomomola|67/100
|-damage|p1a: Cinderace|33/100|[from] item: Rocky Helmet|[of] p2a: Alomomola
|
|upkeep
|turn|3
|
|t:|1759035219
|move|p1a: Cinderace|U-turn|p2a: Alomomola
|-damage|p2a: Alomomola|54/100
|-damage|p1a: Cinderace|16/100|[from] item: Rocky Helmet|[of] p2a: Alomomola
|
|t:|1759035228
|switch|p1a: Kingambit|Kingambit, F|100/100|[from] U-turn
|move|p2a: Alomomola|Flip Turn|p1a: Kingambit
|-damage|p1a: Kingambit|91/100
|
|t:|1759035246
|switch|p2a: Ambipom|Ambipom, F|100/100|[from] Flip Turn
|
|upkeep
|turn|4
|
|t:|1759035266
|-end|p1a: Kingambit|fallenundefined|[silent]
|switch|p1a: Alomomola|Alomomola, F|100/100
|move|p2a: Ambipom|Fake Out|p1a: Alomomola
|-damage|p1a: Alomomola|83/100
|
|upkeep
|turn|5
|
|t:|1759035276
|move|p2a: Ambipom|Knock Off|p1a: Alomomola
|-damage|p1a: Alomomola|68/100
|-enditem|p1a: Alomomola|Heavy-Duty Boots|[from] move: Knock Off|[of] p2a: Ambipom
|move|p1a: Alomomola|Wish|p1a: Alomomola
|
|upkeep
|turn|6
|
|t:|1759035284
|move|p2a: Ambipom|U-turn|p1a: Alomomola
|-damage|p1a: Alomomola|56/100
|
|t:|1759035296
|switch|p2a: Rotom|Rotom-Wash|100/100|[from] U-turn
|move|p1a: Alomomola|Flip Turn|p2a: Rotom
|-resisted|p2a: Rotom
|-damage|p2a: Rotom|91/100
|
|t:|1759035317
|switch|p1a: Meowscarada|Meowscarada, F, shiny|100/100|[from] Flip Turn
|
|upkeep
|turn|7
|
|t:|1759035335
|move|p2a: Rotom|Volt Switch|p1a: Meowscarada
|-resisted|p1a: Meowscarada
|-damage|p1a: Meowscarada|78/100
|
|t:|1759035339
|switch|p2a: Scizor|Scizor, F|100/100|[from] Volt Switch
|move|p1a: Meowscarada|U-turn|p2a: Scizor
|-start|p1a: Meowscarada|typechange|Bug|[from] ability: Protean
|-resisted|p2a: Scizor
|-damage|p2a: Scizor|76/100
|
|t:|1759035364
|switch|p1a: Gholdengo|Gholdengo|100/100|[from] U-turn
|
|-heal|p2a: Scizor|82/100|[from] item: Leftovers
|upkeep
|turn|8
|inactive|grampsmons has 120 seconds left.
|
|t:|1759035384
|move|p1a: Gholdengo|Power Gem|p2a: Scizor
|-damage|p2a: Scizor|34/100
|move|p2a: Scizor|Knock Off|p1a: Gholdengo
|-supereffective|p1a: Gholdengo
|-damage|p1a: Gholdengo|23/100
|-enditem|p1a: Gholdengo|Choice Specs|[from] move: Knock Off|[of] p2a: Scizor
|
|-heal|p2a: Scizor|40/100|[from] item: Leftovers
|upkeep
|turn|9
|inactive|grampsmons has 120 seconds left.
|
|t:|1759035406
|switch|p1a: Kingambit|Kingambit, F|91/100
|move|p2a: Scizor|Bullet Punch|p1a: Kingambit
|-resisted|p1a: Kingambit
|-damage|p1a: Kingambit|77/100
|
|-heal|p2a: Scizor|46/100|[from] item: Leftovers
|upkeep
|turn|10
|
|t:|1759035418
|move|p2a: Scizor|U-turn|p1a: Kingambit
|-damage|p1a: Kingambit|47/100
|
|t:|1759035422
|switch|p2a: Alomomola|Alomomola, M|87/100|[from] U-turn
|move|p1a: Kingambit|Swords Dance|p1a: Kingambit
|-boost|p1a: Kingambit|atk|2
|
|upkeep
|turn|11
|inactive|grampsmons has 120 seconds left.
|
|t:|1759035430
|move|p2a: Alomomola|Scald|p1a: Kingambit
|-damage|p1a: Kingambit|30/100
|move|p1a: Kingambit|Swords Dance|p1a: Kingambit
|-boost|p1a: Kingambit|atk|2
|
|upkeep
|turn|12
|
|t:|1759035440
|move|p2a: Alomomola|Scald|p1a: Kingambit
|-damage|p1a: Kingambit|15/100
|-status|p1a: Kingambit|brn
|move|p1a: Kingambit|Kowtow Cleave|p2a: Alomomola
|-damage|p2a: Alomomola|33/100
|-damage|p1a: Kingambit|0 fnt|[from] item: Rocky Helmet|[of] p2a: Alomomola
|faint|p1a: Kingambit
|-end|p1a: Kingambit|fallenundefined|[silent]
|
|upkeep
|inactive|grampsmons has 120 seconds left.
|
|t:|1759035454
|switch|p1a: Meowscarada|Meowscarada, F, shiny|78/100
|turn|13
|
|t:|1759035461
|switch|p2a: Slowking|Slowking-Galar, F|100/100
|move|p1a: Meowscarada|Flower Trick|p2a: Slowking
|-start|p1a: Meowscarada|typechange|Grass|[from] ability: Protean
|-resisted|p2a: Slowking
|-crit|p2a: Slowking
|-damage|p2a: Slowking|57/100
|
|-heal|p2a: Slowking|63/100|[from] item: Black Sludge
|upkeep
|turn|14
|
|t:|1759035476
|move|p1a: Meowscarada|Flower Trick|p2a: Slowking
|-resisted|p2a: Slowking
|-crit|p2a: Slowking
|-damage|p2a: Slowking|25/100
|-prepare|p2a: Slowking|Chilly Reception|[premajor]
|move|p2a: Slowking|Chilly Reception|p2a: Slowking
|-weather|Snowscape
|
|t:|1759035483
|switch|p2a: Cryogonal|Cryogonal|100/100|[from] Chilly Reception
|
|-weather|Snowscape|[upkeep]
|upkeep
|turn|15
|
|t:|1759035497
|-terastallize|p1a: Meowscarada|Fire
|move|p1a: Meowscarada|Flower Trick|p2a: Cryogonal
|-crit|p2a: Cryogonal
|-damage|p2a: Cryogonal|11/100
|move|p2a: Cryogonal|Aurora Veil|p2a: Cryogonal
|-sidestart|p2: ohshittigueraje|move: Aurora Veil
|
|-weather|Snowscape|[upkeep]
|upkeep
|turn|16
|
|t:|1759035513
|switch|p2a: Scizor|Scizor, F|46/100
|move|p1a: Meowscarada|Flower Trick|p2a: Scizor
|-resisted|p2a: Scizor
|-crit|p2a: Scizor
|-damage|p2a: Scizor|28/100
|
|-weather|Snowscape|[upkeep]
|-heal|p2a: Scizor|34/100|[from] item: Leftovers
|upkeep
|turn|17
|
|t:|1759035542
|switch|p1a: Alomomola|Alomomola, F|89/100
|move|p2a: Scizor|Bullet Punch|p1a: Alomomola
|-resisted|p1a: Alomomola
|-damage|p1a: Alomomola|80/100
|
|-weather|Snowscape|[upkeep]
|-heal|p2a: Scizor|40/100|[from] item: Leftovers
|upkeep
|turn|18
|
|t:|1759035557
|move|p2a: Scizor|Swords Dance|p2a: Scizor
|-boost|p2a: Scizor|atk|2
|move|p1a: Alomomola|Wish|p1a: Alomomola
|
|-weather|none
|-heal|p2a: Scizor|46/100|[from] item: Leftovers
|upkeep
|turn|19
|
|t:|1759035575
|move|p2a: Scizor|Swords Dance|p2a: Scizor
|-boost|p2a: Scizor|atk|2
|move|p1a: Alomomola|Flip Turn|p2a: Scizor
|-damage|p2a: Scizor|39/100
|
|t:|1759035584
|switch|p1a: Cinderace|Cinderace, M|16/100|[from] Flip Turn
|
|-heal|p1a: Cinderace|100/100|[from] move: Wish|[wisher] Alomomola
|-heal|p2a: Scizor|45/100|[from] item: Leftovers
|upkeep
|turn|20
|inactive|grampsmons has 120 seconds left.
|
|t:|1759035605
|switch|p1a: Alomomola|Alomomola, F|100/100
|-terastallize|p2a: Scizor|Rock
|move|p2a: Scizor|Bullet Punch|p1a: Alomomola
|-resisted|p1a: Alomomola
|-damage|p1a: Alomomola|71/100
|
|-heal|p2a: Scizor|51/100|[from] item: Leftovers
|upkeep
|turn|21
|inactive|grampsmons has 120 seconds left.
|inactive|ohshittigueraje has 120 seconds left.
|
|t:|1759035649
|move|p2a: Scizor|U-turn|p1a: Alomomola
|-damage|p1a: Alomomola|2/100
|
|t:|1759035656
|switch|p2a: Slowking|Slowking-Galar, F|58/100|[from] U-turn
|move|p1a: Alomomola|Scald|p2a: Slowking
|-damage|p2a: Slowking|54/100
|
|-heal|p2a: Slowking|60/100|[from] item: Black Sludge
|upkeep
|turn|22
|inactive|grampsmons has 120 seconds left.
|
|t:|1759035673
|move|p1a: Alomomola|Flip Turn|p2a: Slowking
|-damage|p2a: Slowking|51/100
|inactive|grampsmons has 120 seconds left.
|
|t:|1759035695
|switch|p1a: Gholdengo|Gholdengo|23/100|[from] Flip Turn
|-prepare|p2a: Slowking|Chilly Reception|[premajor]
|move|p2a: Slowking|Chilly Reception|p2a: Slowking
|-weather|Snowscape
|inactive|ohshittigueraje has 90 seconds left.
|
|t:|1759035723
|switch|p2a: Ambipom|Ambipom, F|100/100|[from] Chilly Reception
|
|-weather|Snowscape|[upkeep]
|-sideend|p2: ohshittigueraje|move: Aurora Veil
|upkeep
|turn|23
|
|t:|1759035740
|move|p2a: Ambipom|Knock Off|p1a: Gholdengo
|-supereffective|p1a: Gholdengo
|-damage|p1a: Gholdengo|0 fnt
|faint|p1a: Gholdengo
|
|-weather|Snowscape|[upkeep]
|upkeep
|
|t:|1759035748
|switch|p1a: Cinderace|Cinderace, M|100/100
|turn|24
|
|t:|1759035756
|switch|p2a: Alomomola|Alomomola, M|66/100
|move|p1a: Cinderace|High Jump Kick|p2a: Alomomola
|-start|p1a: Cinderace|typechange|Fighting|[from] ability: Libero
|-damage|p2a: Alomomola|29/100
|-damage|p1a: Cinderace|84/100|[from] item: Rocky Helmet|[of] p2a: Alomomola
|
|-weather|Snowscape|[upkeep]
|upkeep
|turn|25
|inactive|grampsmons has 120 seconds left.
|inactive|ohshittigueraje has 90 seconds left.
|
|t:|1759035773
|switch|p1a: Alomomola|Alomomola, F|35/100
|move|p2a: Alomomola|Wish|p2a: Alomomola
|
|-weather|Snowscape|[upkeep]
|upkeep
|turn|26
|inactive|ohshittigueraje has 90 seconds left.
|
|t:|1759035794
|switch|p2a: Cryogonal|Cryogonal|11/100
|switch|p1a: Meowscarada|Meowscarada, F, shiny, tera:Fire|78/100
|
|-weather|none
|-heal|p2a: Cryogonal|90/100|[from] move: Wish|[wisher] Alomomola
|upkeep
|turn|27
|inactive|ohshittigueraje has 90 seconds left.
|
|t:|1759035823
|switch|p2a: Slowking|Slowking-Galar, F|84/100
|move|p1a: Meowscarada|Flower Trick|p2a: Slowking
|-resisted|p2a: Slowking
|-crit|p2a: Slowking
|-damage|p2a: Slowking|42/100
|
|-heal|p2a: Slowking|49/100|[from] item: Black Sludge
|upkeep
|turn|28
|inactive|ohshittigueraje has 60 seconds left.
|
|t:|1759035856
|move|p1a: Meowscarada|Flower Trick|p2a: Slowking
|-resisted|p2a: Slowking
|-crit|p2a: Slowking
|-damage|p2a: Slowking|5/100
|-prepare|p2a: Slowking|Chilly Reception|[premajor]
|move|p2a: Slowking|Chilly Reception|p2a: Slowking
|-weather|Snowscape
|
|t:|1759035864
|switch|p2a: Cryogonal|Cryogonal|90/100|[from] Chilly Reception
|
|-weather|Snowscape|[upkeep]
|upkeep
|turn|29
|inactive|ohshittigueraje has 60 seconds left.
|
|t:|1759035870
|move|p1a: Meowscarada|Flower Trick|p2a: Cryogonal
|-crit|p2a: Cryogonal
|-damage|p2a: Cryogonal|8/100
|move|p2a: Cryogonal|Aurora Veil|p2a: Cryogonal
|-sidestart|p2: ohshittigueraje|move: Aurora Veil
|
|-weather|Snowscape|[upkeep]
|upkeep
|turn|30
|inactive|ohshittigueraje has 60 seconds left.
|
|t:|1759035880
|move|p1a: Meowscarada|Flower Trick|p2a: Cryogonal
|-crit|p2a: Cryogonal
|-damage|p2a: Cryogonal|0 fnt
|faint|p2a: Cryogonal
|
|-weather|Snowscape|[upkeep]
|upkeep
|inactive|ohshittigueraje has 60 seconds left.
|
|t:|1759035888
|switch|p2a: Ambipom|Ambipom, F|100/100
|turn|31
|
|t:|1759035894
|switch|p1a: Alomomola|Alomomola, F|68/100
|move|p2a: Ambipom|Fake Out|p1a: Alomomola
|-damage|p1a: Alomomola|50/100
|
|-weather|Snowscape|[upkeep]
|upkeep
|turn|32
|inactive|ohshittigueraje has 60 seconds left.
|
|t:|1759035918
|move|p2a: Ambipom|U-turn|p1a: Alomomola
|-damage|p1a: Alomomola|38/100
|
|t:|1759035921
|switch|p2a: Rotom|Rotom-Wash|91/100|[from] U-turn
|move|p1a: Alomomola|Scald|p2a: Rotom
|-resisted|p2a: Rotom
|-damage|p2a: Rotom|88/100
|-status|p2a: Rotom|brn
|
|-weather|none
|-damage|p2a: Rotom|82/100 brn|[from] brn
|upkeep
|turn|33
|
|t:|1759035933
|move|p1a: Alomomola|Protect|p1a: Alomomola
|-singleturn|p1a: Alomomola|Protect
|move|p2a: Rotom|Volt Switch|p1a: Alomomola
|-activate|p1a: Alomomola|move: Protect
|
|-damage|p2a: Rotom|76/100 brn|[from] brn
|upkeep
|turn|34
|
|t:|1759035951
|move|p2a: Rotom|Volt Switch|p1a: Alomomola
|-supereffective|p1a: Alomomola
|-damage|p1a: Alomomola|0 fnt
|faint|p1a: Alomomola
|
|t:|1759035958
|switch|p2a: Ambipom|Ambipom, F|100/100|[from] Volt Switch
|
|upkeep
|
|t:|1759035964
|switch|p1a: Enamorus|Enamorus, F|100/100
|turn|35
|
|t:|1759035970
|move|p2a: Ambipom|Fake Out|p1a: Enamorus
|-damage|p1a: Enamorus|44/100
|cant|p1a: Enamorus|flinch
|
|upkeep
|turn|36
|inactive|ohshittigueraje has 90 seconds left.
|
|t:|1759035982
|switch|p2a: Alomomola|Alomomola, M|62/100
|move|p1a: Enamorus|Superpower|p2a: Alomomola
|-damage|p2a: Alomomola|53/100
|-boost|p1a: Enamorus|atk|1
|-boost|p1a: Enamorus|def|1
|-damage|p1a: Enamorus|27/100|[from] item: Rocky Helmet|[of] p2a: Alomomola
|
|-sideend|p2: ohshittigueraje|move: Aurora Veil
|upkeep
|turn|37
|inactive|ohshittigueraje has 90 seconds left.
|
|t:|1759035995
|move|p1a: Enamorus|Superpower|p2a: Alomomola
|-damage|p2a: Alomomola|28/100
|-boost|p1a: Enamorus|atk|1
|-boost|p1a: Enamorus|def|1
|-damage|p1a: Enamorus|11/100|[from] item: Rocky Helmet|[of] p2a: Alomomola
|move|p2a: Alomomola|Wish|p2a: Alomomola
|
|upkeep
|turn|38
|inactive|ohshittigueraje has 90 seconds left.
|
|t:|1759036007
|switch|p2a: Slowking|Slowking-Galar, F|38/100
|move|p1a: Enamorus|Superpower|p2a: Slowking
|-resisted|p2a: Slowking
|-damage|p2a: Slowking|22/100
|-boost|p1a: Enamorus|atk|1
|-boost|p1a: Enamorus|def|1
|
|-heal|p2a: Slowking|96/100|[from] move: Wish|[wisher] Alomomola
|-heal|p2a: Slowking|100/100|[from] item: Black Sludge
|upkeep
|turn|39
|inactive|ohshittigueraje has 90 seconds left.
|inactive|grampsmons has 120 seconds left.
|c|☆grampsmons|GG. Fake out is doing insane damage wtf. Stab technician does way more than I thought
|c|☆grampsmons|What's it holding?
|inactive|grampsmons has 90 seconds left.
|c|☆grampsmons|I'm not running any bulk either but still
|
|t:|1759036077
|switch|p1a: Cinderace|Cinderace, M|84/100
|move|p2a: Slowking|Sludge Bomb|p1a: Cinderace
|-damage|p1a: Cinderace|31/100
|-status|p1a: Cinderace|psn
|
|-damage|p1a: Cinderace|18/100 psn|[from] psn
|upkeep
|turn|40
|inactive|grampsmons has 90 seconds left.
|
|t:|1759036097
|switch|p1a: Enamorus|Enamorus, F|11/100
|-prepare|p2a: Slowking|Chilly Reception|[premajor]
|move|p2a: Slowking|Chilly Reception|p2a: Slowking
|-weather|Snowscape
|
|t:|1759036103
|switch|p2a: Scizor|Scizor, F, tera:Rock|51/100|[from] Chilly Reception
|
|-weather|Snowscape|[upkeep]
|-heal|p2a: Scizor|57/100|[from] item: Leftovers
|upkeep
|turn|41
|c|☆grampsmons|Ok lmao
|-message|grampsmons forfeited.
|
|win|ohshittigueraje
|raw|grampsmons's rating: 1260 &rarr; <strong>1231</strong><br />(-29 for losing)
|raw|ohshittigueraje's rating: 1209 &rarr; <strong>1238</strong><br />(+29 for winning)
|l|☆grampsmons
|player|p1|
|l|☆ohshittigueraje
|player|p2|
