|j|☆dark besk
|j|☆sakuya 2hu
|t:|1759033023
|gametype|singles
|player|p1|dark besk|169|1296
|player|p2|sakuya 2hu|rocketgruntf|1232
|gen|9
|tier|[Gen 9] OU
|rated|
|rule|HP Percentage Mod: HP is shown in percentages
|rule|Endless Battle Clause: Forcing endless battles is banned
|rule|Species Clause: Limit one of each Pokémon
|rule|OHKO Clause: OHKO moves are banned
|rule|Evasion Items Clause: Evasion items are banned
|rule|Evasion Moves Clause: Evasion moves are banned
|rule|Evasion Abilities Clause: Evasion abilities are banned
|rule|Sleep Moves Clause: Sleep-inducing moves are banned
|clearpoke
|poke|p1|Basculegion, M|
|poke|p1|Pelipper, M|
|poke|p1|Iron Treads|
|poke|p1|Dragapult, M|
|poke|p1|Overqwil, M|
|poke|p1|Iron Valiant|
|poke|p2|Tornadus-Therian, M|
|poke|p2|Gliscor, M|
|poke|p2|Rillaboom, F|
|poke|p2|Basculegion-F, F|
|poke|p2|Darkrai|
|poke|p2|Pelipper, F|
|teampreview
|inactive|Battle timer is ON: inactive players will automatically lose when time's up. (requested by dark besk)
|c|☆sakuya 2hu|my man
|c|☆sakuya 2hu|great minds think alike
|
|t:|1759033043
|teamsize|p1|6
|teamsize|p2|6
|start
|switch|p1a: Predator|Overqwil, M, shiny|100/100
|switch|p2a: Birra Moretti|Gliscor, M|100/100
|turn|1
|
|t:|1759033052
|move|p1a: Predator|Spikes|p2a: Birra Moretti
|-sidestart|p2: sakuya 2hu|Spikes
|move|p2a: Birra Moretti|Substitute|p2a: Birra Moretti
|-start|p2a: Birra Moretti|Substitute
|-damage|p2a: Birra Moretti|75/100
|
|-status|p2a: Birra Moretti|tox|[from] item: Toxic Orb
|upkeep
|turn|2
|
|t:|1759033059
|move|p1a: Predator|Liquidation|p2a: Birra Moretti
|-supereffective|p2a: Birra Moretti
|-end|p2a: Birra Moretti|Substitute
|-damage|p1a: Predator|91/100|[from] item: Life Orb
|move|p2a: Birra Moretti|Swords Dance|p2a: Birra Moretti
|-boost|p2a: Birra Moretti|atk|2
|
|-heal|p2a: Birra Moretti|88/100 tox|[from] ability: Poison Heal
|upkeep
|turn|3
|
|t:|1759033066
|move|p1a: Predator|Liquidation|p2a: Birra Moretti
|-supereffective|p2a: Birra Moretti
|-damage|p2a: Birra Moretti|38/100 tox
|-unboost|p2a: Birra Moretti|def|1
|-damage|p1a: Predator|81/100|[from] item: Life Orb
|move|p2a: Birra Moretti|Earthquake|p1a: Predator
|-supereffective|p1a: Predator
|-damage|p1a: Predator|0 fnt
|faint|p1a: Predator
|
|-heal|p2a: Birra Moretti|50/100 tox|[from] ability: Poison Heal
|upkeep
|
|t:|1759033073
|switch|p1a: Messenger|Pelipper, M, shiny|100/100
|-weather|RainDance|[from] ability: Drizzle|[of] p1a: Messenger
|turn|4
|
|t:|1759033080
|switch|p2a: Daytona Sky High|Tornadus-Therian, M|100/100
|move|p1a: Messenger|Surf|p2a: Daytona Sky High
|-damage|p2a: Daytona Sky High|38/100
|
|-weather|RainDance|[upkeep]
|upkeep
|turn|5
|
|t:|1759033088
|switch|p1a: Rage|Iron Treads, shiny|100/100
|-enditem|p1a: Rage|Booster Energy
|-activate|p1a: Rage|ability: Quark Drive|[fromitem]
|-start|p1a: Rage|quarkdrivespe
|move|p2a: Daytona Sky High|U-turn|p1a: Rage
|-resisted|p1a: Rage
|-damage|p1a: Rage|93/100
|
|t:|1759033102
|switch|p2a: Bass Boost|Basculegion-F, F|100/100|[from] U-turn
|-damage|p2a: Bass Boost|88/100|[from] Spikes
|
|-weather|RainDance|[upkeep]
|upkeep
|turn|6
|
|t:|1759033110
|move|p1a: Rage|Thunder|p2a: Bass Boost
|-supereffective|p2a: Bass Boost
|-damage|p2a: Bass Boost|32/100
|move|p2a: Bass Boost|Shadow Ball|p1a: Rage
|-damage|p1a: Rage|27/100
|-damage|p2a: Bass Boost|22/100|[from] item: Life Orb
|
|-weather|RainDance|[upkeep]
|upkeep
|turn|7
|
|t:|1759033125
|switch|p2a: Milky way|Rillaboom, F|100/100
|-damage|p2a: Milky way|88/100|[from] Spikes
|-fieldstart|move: Grassy Terrain|[from] ability: Grassy Surge|[of] p2a: Milky way
|move|p1a: Rage|Thunder|p2a: Milky way
|-resisted|p2a: Milky way
|-damage|p2a: Milky way|72/100
|
|-weather|RainDance|[upkeep]
|-heal|p1a: Rage|34/100|[from] Grassy Terrain
|-heal|p2a: Milky way|78/100|[from] Grassy Terrain
|upkeep
|turn|8
|
|t:|1759033135
|-end|p1a: Rage|Quark Drive|[silent]
|switch|p1a: Leviathan|Dragapult, M, shiny|100/100
|move|p2a: Milky way|Grassy Glide|p1a: Leviathan
|-resisted|p1a: Leviathan
|-damage|p1a: Leviathan|61/100
|
|-weather|RainDance|[upkeep]
|-heal|p1a: Leviathan|67/100|[from] Grassy Terrain
|-heal|p2a: Milky way|84/100|[from] Grassy Terrain
|upkeep
|turn|9
|
|t:|1759033147
|switch|p2a: Daytona Sky High|Tornadus-Therian, M|71/100
|move|p1a: Leviathan|Draco Meteor|p2a: Daytona Sky High
|-damage|p2a: Daytona Sky High|4/100
|-unboost|p1a: Leviathan|spa|2
|-damage|p1a: Leviathan|57/100|[from] item: Life Orb
|
|-weather|RainDance|[upkeep]
|-heal|p1a: Leviathan|63/100|[from] Grassy Terrain
|upkeep
|turn|10
|
|t:|1759033159
|switch|p2a: Birra Moretti|Gliscor, M|50/100 tox
|move|p1a: Leviathan|Dragon Darts|p2a: Birra Moretti
|-damage|p2a: Birra Moretti|27/100 tox
|-anim|p1a: Leviathan|Dragon Darts|p2a: Birra Moretti
|-crit|p2a: Birra Moretti
|-damage|p2a: Birra Moretti|0 fnt
|faint|p2a: Birra Moretti
|-damage|p1a: Leviathan|53/100|[from] item: Life Orb
|
|-weather|RainDance|[upkeep]
|-heal|p1a: Leviathan|59/100|[from] Grassy Terrain
|upkeep
|
|t:|1759033176
|switch|p2a: Zerschlaggen|Darkrai|100/100
|-damage|p2a: Zerschlaggen|88/100|[from] Spikes
|turn|11
|
|t:|1759033183
|switch|p1a: Calamity|Iron Valiant, shiny|100/100
|move|p2a: Zerschlaggen|Ice Beam|p1a: Calamity
|-damage|p1a: Calamity|32/100
|-status|p1a: Calamity|frz
|-damage|p2a: Zerschlaggen|78/100|[from] item: Life Orb
|
|-weather|none
|-heal|p2a: Zerschlaggen|84/100|[from] Grassy Terrain
|-heal|p1a: Calamity|38/100 frz|[from] Grassy Terrain
|-fieldend|move: Grassy Terrain
|upkeep
|turn|12
|c|☆dark besk|For the last 3 GAMES MY RNG IS ASSS
|c|☆sakuya 2hu|my bad
|c|☆dark besk|Now this
|c|☆sakuya 2hu|sorry dawg
|
|t:|1759033209
|move|p2a: Zerschlaggen|Ice Beam|p1a: Calamity
|-damage|p1a: Calamity|0 fnt
|faint|p1a: Calamity
|-end|p1a: Calamity|Quark Drive|[silent]
|-damage|p2a: Zerschlaggen|74/100|[from] item: Life Orb
|
|upkeep
|
|t:|1759033217
|switch|p1a: Messenger|Pelipper, M, shiny|100/100
|-weather|RainDance|[from] ability: Drizzle|[of] p1a: Messenger
|turn|13
|
|t:|1759033222
|-terastallize|p2a: Zerschlaggen|Electric
|move|p2a: Zerschlaggen|Thunder|p1a: Messenger
|-supereffective|p1a: Messenger
|-damage|p1a: Messenger|0 fnt
|faint|p1a: Messenger
|-damage|p2a: Zerschlaggen|64/100|[from] item: Life Orb
|
|-weather|RainDance|[upkeep]
|upkeep
|
|t:|1759033231
|switch|p1a: Jaws|Basculegion, M, shiny|100/100
|turn|14
|
|t:|1759033238
|switch|p2a: Daytona Sky High|Tornadus-Therian, M|38/100
|-terastallize|p1a: Jaws|Water
|move|p1a: Jaws|Aqua Jet|p2a: Daytona Sky High
|-damage|p2a: Daytona Sky High|0 fnt
|faint|p2a: Daytona Sky High
|
|-weather|RainDance|[upkeep]
|upkeep
|
|t:|1759033243
|switch|p2a: Milky way|Rillaboom, F|84/100
|-damage|p2a: Milky way|72/100|[from] Spikes
|-fieldstart|move: Grassy Terrain|[from] ability: Grassy Surge|[of] p2a: Milky way
|turn|15
|
|t:|1759033248
|switch|p1a: Rage|Iron Treads, shiny|34/100
|move|p2a: Milky way|Grassy Glide|p1a: Rage
|-damage|p1a: Rage|0 fnt
|faint|p1a: Rage
|-end|p1a: Rage|Quark Drive|[silent]
|
|-weather|RainDance|[upkeep]
|-heal|p2a: Milky way|78/100|[from] Grassy Terrain
|upkeep
|
|t:|1759033253
|switch|p1a: Leviathan|Dragapult, M, shiny|59/100
|turn|16
|
|t:|1759033268
|move|p2a: Milky way|Grassy Glide|p1a: Leviathan
|-resisted|p1a: Leviathan
|-damage|p1a: Leviathan|18/100
|move|p1a: Leviathan|Dragon Darts|p2a: Milky way
|-damage|p2a: Milky way|46/100
|-anim|p1a: Leviathan|Dragon Darts|p2a: Milky way
|-damage|p2a: Milky way|14/100
|-damage|p1a: Leviathan|8/100|[from] item: Life Orb
|
|-weather|RainDance|[upkeep]
|-heal|p1a: Leviathan|14/100|[from] Grassy Terrain
|-heal|p2a: Milky way|20/100|[from] Grassy Terrain
|upkeep
|turn|17
|
|t:|1759033275
|move|p2a: Milky way|Grassy Glide|p1a: Leviathan
|-resisted|p1a: Leviathan
|-damage|p1a: Leviathan|0 fnt
|faint|p1a: Leviathan
|
|-weather|RainDance|[upkeep]
|-heal|p2a: Milky way|27/100|[from] Grassy Terrain
|upkeep
|
|t:|1759033277
|switch|p1a: Jaws|Basculegion, M, shiny, tera:Water|100/100
|turn|18
|
|t:|1759033282
|move|p2a: Milky way|Grassy Glide|p1a: Jaws
|-supereffective|p1a: Jaws
|-damage|p1a: Jaws|0 fnt
|faint|p1a: Jaws
|
|win|sakuya 2hu
|raw|dark besk's rating: 1296 &rarr; <strong>1266</strong><br />(-30 for losing)
|raw|sakuya 2hu's rating: 1232 &rarr; <strong>1262</strong><br />(+30 for winning)
|l|☆dark besk
|player|p1|
|l|☆sakuya 2hu
|player|p2|
