|j|☆Chico737
|j|☆nonodu6000
|t:|1759000254
|gametype|singles
|player|p1|Chico737|266|1196
|player|p2|nonodu6000|102|1190
|gen|9
|tier|[Gen 9] OU
|rated|
|rule|HP Percentage Mod: HP is shown in percentages
|rule|Endless Battle Clause: Forcing endless battles is banned
|rule|Species Clause: Limit one of each Pokémon
|rule|OHKO Clause: OHKO moves are banned
|rule|Evasion Items Clause: Evasion items are banned
|rule|Evasion Moves Clause: Evasion moves are banned
|rule|Evasion Abilities Clause: Evasion abilities are banned
|rule|Sleep Moves Clause: Sleep-inducing moves are banned
|clearpoke
|poke|p1|Cinderace, F|
|poke|p1|Empoleon, F|
|poke|p1|Ribombee, F|
|poke|p1|Serperior, M|
|poke|p1|Kingambit, F|
|poke|p1|Wigglytuff, M|
|poke|p2|Pelipper, M|
|poke|p2|Barraskewda, F|
|poke|p2|Walking Wake|
|poke|p2|Raging Bolt|
|poke|p2|Kingambit, F|
|poke|p2|Iron Treads|
|teampreview
|
|t:|1759000258
|teamsize|p1|6
|teamsize|p2|6
|start
|switch|p1a: Ribombee|Ribombee, F|100/100
|switch|p2a: Pelipper|Pelipper, M|100/100
|-weather|RainDance|[from] ability: Drizzle|[of] p2a: Pelipper
|turn|1
|
|t:|1759000267
|move|p1a: Ribombee|Sticky Web|p2a: Pelipper
|-sidestart|p2: nonodu6000|move: Sticky Web
|move|p2a: Pelipper|Hurricane|p1a: Ribombee
|-supereffective|p1a: Ribombee
|-enditem|p1a: Ribombee|Focus Sash
|-damage|p1a: Ribombee|1/100
|
|-weather|RainDance|[upkeep]
|upkeep
|turn|2
|inactive|Battle timer is ON: inactive players will automatically lose when time's up. (requested by Chico737)
|
|t:|1759000277
|move|p1a: Ribombee|Stun Spore|p2a: Pelipper|[miss]
|-miss|p1a: Ribombee|p2a: Pelipper
|move|p2a: Pelipper|Hurricane|p1a: Ribombee
|-supereffective|p1a: Ribombee
|-damage|p1a: Ribombee|0 fnt
|faint|p1a: Ribombee
|
|-weather|RainDance|[upkeep]
|upkeep
|
|t:|1759000280
|switch|p1a: Cinderace|Cinderace, F|100/100
|turn|3
|
|t:|1759000287
|switch|p2a: Walking Wake|Walking Wake|100/100
|-activate|p2a: Walking Wake|move: Sticky Web
|-unboost|p2a: Walking Wake|spe|1
|move|p1a: Cinderace|Court Change|p1a: Cinderace
|-start|p1a: Cinderace|typechange|Normal|[from] ability: Libero
|-swapsideconditions
|-activate|p1a: Cinderace|move: Court Change
|
|-weather|RainDance|[upkeep]
|upkeep
|turn|4
|
|t:|1759000298
|switch|p1a: Wigglytuff|Wigglytuff, M|100/100
|-activate|p1a: Wigglytuff|move: Sticky Web
|-unboost|p1a: Wigglytuff|spe|1
|-ability|p1a: Wigglytuff|Competitive|boost
|-boost|p1a: Wigglytuff|spa|2
|move|p2a: Walking Wake|Hydro Steam|p1a: Wigglytuff
|-damage|p1a: Wigglytuff|30/100
|
|-weather|RainDance|[upkeep]
|upkeep
|turn|5
|
|t:|1759000308
|move|p2a: Walking Wake|Hydro Steam|p1a: Wigglytuff
|-damage|p1a: Wigglytuff|0 fnt
|faint|p1a: Wigglytuff
|
|-weather|RainDance|[upkeep]
|upkeep
|
|t:|1759000318
|switch|p1a: Serperior|Serperior, M|100/100
|-activate|p1a: Serperior|move: Sticky Web
|-boost|p1a: Serperior|spe|1
|turn|6
|
|t:|1759000327
|-end|p2a: Walking Wake|Protosynthesis|[silent]
|switch|p2a: Kingambit|Kingambit, F|100/100
|move|p1a: Serperior|Leaf Storm|p2a: Kingambit
|-resisted|p2a: Kingambit
|-damage|p2a: Kingambit|76/100
|-boost|p1a: Serperior|spa|2
|
|-weather|RainDance|[upkeep]
|upkeep
|turn|7
|
|t:|1759000335
|-terastallize|p1a: Serperior|Ground
|move|p1a: Serperior|Tera Blast|p2a: Kingambit|[anim] Tera Blast Ground
|-supereffective|p2a: Kingambit
|-damage|p2a: Kingambit|0 fnt
|faint|p2a: Kingambit
|-end|p2a: Kingambit|fallenundefined|[silent]
|
|-weather|RainDance|[upkeep]
|upkeep
|
|t:|1759000343
|switch|p2a: Barraskewda|Barraskewda, F|100/100
|turn|8
|
|t:|1759000348
|move|p2a: Barraskewda|Psychic Fangs|p1a: Serperior
|-damage|p1a: Serperior|46/100
|move|p1a: Serperior|Leaf Storm|p2a: Barraskewda
|-supereffective|p2a: Barraskewda
|-damage|p2a: Barraskewda|0 fnt
|-boost|p1a: Serperior|spa|2
|faint|p2a: Barraskewda
|
|-weather|none
|upkeep
|c|☆nonodu6000|I'm so dumb
|
|t:|1759000364
|switch|p2a: Raging Bolt|Raging Bolt|100/100
|-enditem|p2a: Raging Bolt|Booster Energy
|-activate|p2a: Raging Bolt|ability: Protosynthesis|[fromitem]
|-start|p2a: Raging Bolt|protosynthesisspa
|turn|9
|
|t:|1759000370
|-end|p2a: Raging Bolt|Protosynthesis|[silent]
|switch|p2a: Pelipper|Pelipper, M|100/100
|-weather|RainDance|[from] ability: Drizzle|[of] p2a: Pelipper
|move|p1a: Serperior|Dragon Pulse|p2a: Pelipper
|-damage|p2a: Pelipper|37/100
|
|-weather|RainDance|[upkeep]
|upkeep
|turn|10
|
|t:|1759000382
|switch|p2a: Iron Treads|Iron Treads|100/100
|move|p1a: Serperior|Dragon Pulse|p2a: Iron Treads
|-resisted|p2a: Iron Treads
|-crit|p2a: Iron Treads
|-damage|p2a: Iron Treads|45/100
|
|-weather|RainDance|[upkeep]
|-heal|p2a: Iron Treads|51/100|[from] item: Leftovers
|upkeep
|turn|11
|
|t:|1759000394
|move|p1a: Serperior|Tera Blast|p2a: Iron Treads|[anim] Tera Blast Ground
|-supereffective|p2a: Iron Treads
|-damage|p2a: Iron Treads|0 fnt
|faint|p2a: Iron Treads
|-end|p2a: Iron Treads|Quark Drive|[silent]
|
|-weather|RainDance|[upkeep]
|upkeep
|
|t:|1759000403
|switch|p2a: Walking Wake|Walking Wake|100/100
|turn|12
|
|t:|1759000408
|move|p1a: Serperior|Dragon Pulse|p2a: Walking Wake
|-supereffective|p2a: Walking Wake
|-damage|p2a: Walking Wake|0 fnt
|faint|p2a: Walking Wake
|-end|p2a: Walking Wake|Protosynthesis|[silent]
|
|-weather|RainDance|[upkeep]
|upkeep
|
|t:|1759000414
|switch|p2a: Raging Bolt|Raging Bolt|100/100
|turn|13
|
|t:|1759000417
|move|p1a: Serperior|Dragon Pulse|p2a: Raging Bolt
|-supereffective|p2a: Raging Bolt
|-damage|p2a: Raging Bolt|0 fnt
|faint|p2a: Raging Bolt
|-end|p2a: Raging Bolt|Protosynthesis|[silent]
|
|-weather|RainDance|[upkeep]
|upkeep
|
|t:|1759000421
|switch|p2a: Pelipper|Pelipper, M|37/100
|turn|14
|
|t:|1759000425
|move|p1a: Serperior|Dragon Pulse|p2a: Pelipper
|-damage|p2a: Pelipper|0 fnt
|faint|p2a: Pelipper
|
|win|Chico737
|raw|Chico737's rating: 1196 &rarr; <strong>1221</strong><br />(+25 for winning)
|raw|nonodu6000's rating: 1190 &rarr; <strong>1165</strong><br />(-25 for losing)
|l|☆Chico737
|player|p1|
|l|☆nonodu6000
|player|p2|
