|j|☆bob cranium
|j|☆qwolff
|t:|1758949792
|gametype|singles
|player|p1|bob cranium|scott|1450
|player|p2|qwolff|170|1454
|gen|9
|tier|[Gen 9] OU
|rated|
|rule|HP Percentage Mod: HP is shown in percentages
|rule|Endless Battle Clause: Forcing endless battles is banned
|rule|Species Clause: Limit one of each Pokémon
|rule|OHKO Clause: OHKO moves are banned
|rule|Evasion Items Clause: Evasion items are banned
|rule|Evasion Moves Clause: Evasion moves are banned
|rule|Evasion Abilities Clause: Evasion abilities are banned
|rule|Sleep Moves Clause: Sleep-inducing moves are banned
|clearpoke
|poke|p1|Ursaluna, F|
|poke|p1|Meowscarada, F|
|poke|p1|Slowking-Galar, M|
|poke|p1|Great Tusk|
|poke|p1|Moltres|
|poke|p1|Gholdengo|
|poke|p2|Hatterene, F|
|poke|p2|Indeedee, M|
|poke|p2|Incineroar, F|
|poke|p2|Iron Valiant|
|poke|p2|Hydreigon, M|
|poke|p2|Toxapex, F|
|teampreview
|
|t:|1758949800
|teamsize|p1|6
|teamsize|p2|6
|start
|switch|p1a: Meowscarada|Meowscarada, F|100/100
|switch|p2a: Toxapex|Toxapex, F|100/100
|turn|1
|
|t:|1758949809
|move|p1a: Meowscarada|Spikes|p2a: Toxapex
|-sidestart|p2: qwolff|Spikes
|move|p2a: Toxapex|Toxic Spikes|p1a: Meowscarada
|-sidestart|p1: bob cranium|move: Toxic Spikes
|
|upkeep
|turn|2
|
|t:|1758949813
|switch|p2a: Hatterene|Hatterene, F|100/100
|-damage|p2a: Hatterene|88/100|[from] Spikes
|move|p1a: Meowscarada|Knock Off|p2a: Hatterene
|-damage|p2a: Hatterene|41/100
|-enditem|p2a: Hatterene|Leftovers|[from] move: Knock Off|[of] p1a: Meowscarada
|
|upkeep
|turn|3
|
|t:|1758949819
|move|p1a: Meowscarada|Flower Trick|p2a: Hatterene
|-crit|p2a: Hatterene
|-damage|p2a: Hatterene|0 fnt
|faint|p2a: Hatterene
|
|upkeep
|
|t:|1758949823
|switch|p2a: Incineroar|Incineroar, F|100/100
|-damage|p2a: Incineroar|88/100|[from] Spikes
|-ability|p2a: Incineroar|Intimidate|boost
|-unboost|p1a: Meowscarada|atk|1
|turn|4
|
|t:|1758949826
|move|p1a: Meowscarada|U-turn|p2a: Incineroar
|-damage|p2a: Incineroar|77/100
|-damage|p1a: Meowscarada|84/100|[from] item: Rocky Helmet|[of] p2a: Incineroar
|
|t:|1758949829
|switch|p1a: Moltres|Moltres|100/100|[from] U-turn
|move|p2a: Incineroar|Will-O-Wisp|p1a: Moltres
|-immune|p1a: Moltres
|
|upkeep
|turn|5
|
|t:|1758949835
|move|p1a: Moltres|U-turn|p2a: Incineroar
|-damage|p2a: Incineroar|67/100
|-damage|p1a: Moltres|84/100|[from] item: Rocky Helmet|[of] p2a: Incineroar
|
|t:|1758949837
|switch|p1a: Slowking|Slowking-Galar, M|100/100|[from] U-turn
|-sideend|p1: bob cranium|move: Toxic Spikes|[of] p1a: Slowking
|move|p2a: Incineroar|Knock Off|p1a: Slowking
|-supereffective|p1a: Slowking
|-damage|p1a: Slowking|48/100
|-enditem|p1a: Slowking|Heavy-Duty Boots|[from] move: Knock Off|[of] p2a: Incineroar
|
|upkeep
|turn|6
|
|t:|1758949846
|switch|p1a: Moltres|Moltres|84/100
|move|p2a: Incineroar|Knock Off|p1a: Moltres
|-damage|p1a: Moltres|56/100
|-enditem|p1a: Moltres|Heavy-Duty Boots|[from] move: Knock Off|[of] p2a: Incineroar
|
|upkeep
|turn|7
|
|t:|1758949855
|switch|p2a: Toxapex|Toxapex, F|100/100
|-damage|p2a: Toxapex|88/100|[from] Spikes
|move|p1a: Moltres|Roost|p1a: Moltres
|-heal|p1a: Moltres|100/100
|-singleturn|p1a: Moltres|move: Roost
|
|-heal|p2a: Toxapex|94/100|[from] item: Black Sludge
|upkeep
|turn|8
|
|t:|1758949864
|switch|p1a: Meowscarada|Meowscarada, F|84/100
|move|p2a: Toxapex|Toxic Spikes|p1a: Meowscarada
|-sidestart|p1: bob cranium|move: Toxic Spikes
|
|-heal|p2a: Toxapex|99/100|[from] item: Black Sludge
|upkeep
|turn|9
|
|t:|1758949867
|move|p1a: Meowscarada|Spikes|p2a: Toxapex
|-sidestart|p2: qwolff|Spikes
|move|p2a: Toxapex|Chilling Water|p1a: Meowscarada
|-resisted|p1a: Meowscarada
|-damage|p1a: Meowscarada|77/100
|-unboost|p1a: Meowscarada|atk|1
|
|-heal|p2a: Toxapex|100/100|[from] item: Black Sludge
|upkeep
|turn|10
|
|t:|1758949879
|switch|p2a: Incineroar|Incineroar, F|67/100
|-damage|p2a: Incineroar|50/100|[from] Spikes
|-ability|p2a: Incineroar|Intimidate|boost
|-unboost|p1a: Meowscarada|atk|1
|move|p1a: Meowscarada|Spikes|p2a: Incineroar
|-sidestart|p2: qwolff|Spikes
|
|upkeep
|turn|11
|
|t:|1758949885
|move|p1a: Meowscarada|U-turn|p2a: Incineroar
|-damage|p2a: Incineroar|43/100
|-damage|p1a: Meowscarada|60/100|[from] item: Rocky Helmet|[of] p2a: Incineroar
|
|t:|1758949886
|switch|p1a: Slowking|Slowking-Galar, M|81/100|[from] U-turn
|-sideend|p1: bob cranium|move: Toxic Spikes|[of] p1a: Slowking
|move|p2a: Incineroar|Parting Shot|p1a: Slowking
|-unboost|p1a: Slowking|atk|1
|-unboost|p1a: Slowking|spa|1
|
|t:|1758949895
|switch|p2a: Hydreigon|Hydreigon, M|100/100|[from] Parting Shot
|
|upkeep
|turn|12
|
|t:|1758949906
|move|p2a: Hydreigon|Dark Pulse|p1a: Slowking
|-supereffective|p1a: Slowking
|-damage|p1a: Slowking|9/100
|-prepare|p1a: Slowking|Chilly Reception|[premajor]
|move|p1a: Slowking|Chilly Reception|p1a: Slowking
|-weather|Snowscape
|
|t:|1758949920
|switch|p1a: Meowscarada|Meowscarada, F|60/100|[from] Chilly Reception
|
|-weather|Snowscape|[upkeep]
|upkeep
|turn|13
|
|t:|1758949924
|switch|p2a: Incineroar|Incineroar, F|43/100
|-damage|p2a: Incineroar|18/100|[from] Spikes
|-ability|p2a: Incineroar|Intimidate|boost
|-unboost|p1a: Meowscarada|atk|1
|move|p1a: Meowscarada|Knock Off|p2a: Incineroar
|-resisted|p2a: Incineroar
|-damage|p2a: Incineroar|7/100
|-damage|p1a: Meowscarada|44/100|[from] item: Rocky Helmet|[of] p2a: Incineroar
|-enditem|p2a: Incineroar|Rocky Helmet|[from] move: Knock Off|[of] p1a: Meowscarada
|
|-weather|Snowscape|[upkeep]
|upkeep
|turn|14
|
|t:|1758949950
|move|p1a: Meowscarada|Flower Trick|p2a: Incineroar
|-resisted|p2a: Incineroar
|-crit|p2a: Incineroar
|-damage|p2a: Incineroar|0 fnt
|faint|p2a: Incineroar
|
|-weather|Snowscape|[upkeep]
|upkeep
|l|☆qwolff
|player|p2|
|inactive|Battle timer is ON: inactive players will automatically lose when time's up. (requested by bob cranium)
|inactive|qwolff has 30 seconds to reconnect!
|inactive|qwolff has 20 seconds to reconnect!
|inactive|qwolff has 15 seconds to reconnect!
|inactive|qwolff has 10 seconds to reconnect!
|inactive|qwolff has 5 seconds to reconnect!
|-message|qwolff lost due to inactivity.
|
|win|bob cranium
|raw|bob cranium's rating: 1450 &rarr; <strong>1470</strong><br />(+20 for winning)
|raw|qwolff's rating: 1454 &rarr; <strong>1434</strong><br />(-20 for losing)
