|j|☆misscarolina
|j|☆jaious
|t:|1758929091
|gametype|singles
|player|p1|misscarolina|youngcouple|1439
|player|p2|jaious|swimmer|1519
|gen|9
|tier|[Gen 9] OU
|rated|
|rule|HP Percentage Mod: HP is shown in percentages
|rule|Endless Battle Clause: Forcing endless battles is banned
|rule|Species Clause: Limit one of each Pokémon
|rule|OHKO Clause: OHKO moves are banned
|rule|Evasion Items Clause: Evasion items are banned
|rule|Evasion Moves Clause: Evasion moves are banned
|rule|Evasion Abilities Clause: Evasion abilities are banned
|rule|Sleep Moves Clause: Sleep-inducing moves are banned
|clearpoke
|poke|p1|Moltres|
|poke|p1|Zamazenta-*|
|poke|p1|Darkrai|
|poke|p1|Hydrapple, M|
|poke|p1|Ting-Lu|
|poke|p1|Tinkaton, F|
|poke|p2|Iron Boulder|
|poke|p2|Shiftry, F|
|poke|p2|Garchomp, M|
|poke|p2|Iron Valiant|
|poke|p2|Snorlax, M|
|poke|p2|Great Tusk|
|teampreview
|c|☆misscarolina|gl
|c|☆jaious|ye u too
|c|☆misscarolina|hf
|c|☆jaious|witht his team, I am
|
|t:|1758929120
|teamsize|p1|6
|teamsize|p2|6
|start
|switch|p1a: Tinkaton|Tinkaton, F|100/100
|switch|p2a: CUCKED BY TUSK|Garchomp, M|100/100
|-ability|p1a: Tinkaton|Mold Breaker
|-item|p1a: Tinkaton|Air Balloon
|turn|1
|
|t:|1758929132
|move|p1a: Tinkaton|Stealth Rock|p2a: CUCKED BY TUSK
|-sidestart|p2: jaious|move: Stealth Rock
|move|p2a: CUCKED BY TUSK|Fire Blast|p1a: Tinkaton
|-supereffective|p1a: Tinkaton
|-damage|p1a: Tinkaton|27/100
|-enditem|p1a: Tinkaton|Air Balloon
|-damage|p2a: CUCKED BY TUSK|91/100|[from] item: Life Orb
|
|upkeep
|turn|2
|
|t:|1758929145
|switch|p1a: Hydrapple|Hydrapple, M|100/100
|move|p2a: CUCKED BY TUSK|Earthquake|p1a: Hydrapple
|-resisted|p1a: Hydrapple
|-damage|p1a: Hydrapple|84/100
|-damage|p2a: CUCKED BY TUSK|81/100|[from] item: Life Orb
|
|upkeep
|turn|3
|
|t:|1758929150
|switch|p1a: Tinkaton|Tinkaton, F|27/100
|-ability|p1a: Tinkaton|Mold Breaker
|move|p2a: CUCKED BY TUSK|Draco Meteor|p1a: Tinkaton
|-immune|p1a: Tinkaton
|
|upkeep
|turn|4
|
|t:|1758929153
|move|p1a: Tinkaton|Encore|p2a: CUCKED BY TUSK
|-start|p2a: CUCKED BY TUSK|Encore
|move|p2a: CUCKED BY TUSK|Draco Meteor|p1a: Tinkaton
|-immune|p1a: Tinkaton
|
|upkeep
|turn|5
|
|t:|1758929176
|switch|p2a: GYATTT|Snorlax, M|100/100
|-damage|p2a: GYATTT|88/100|[from] Stealth Rock
|move|p1a: Tinkaton|Gigaton Hammer|p2a: GYATTT
|-damage|p2a: GYATTT|43/100
|
|upkeep
|turn|6
|-enditem|p2a: GYATTT|Custap Berry|[eat]
|-activate|p2a: GYATTT|item: Custap Berry|[consumed]
|
|t:|1758929183
|move|p2a: GYATTT|Fire Punch|p1a: Tinkaton
|-supereffective|p1a: Tinkaton
|-damage|p1a: Tinkaton|0 fnt
|faint|p1a: Tinkaton
|
|upkeep
|
|t:|1758929191
|switch|p1a: Zamazenta|Zamazenta|100/100
|-ability|p1a: Zamazenta|Dauntless Shield|boost
|-boost|p1a: Zamazenta|def|1
|turn|7
|
|t:|1758929210
|switch|p2a: The Aura Farmer|Great Tusk|100/100
|-damage|p2a: The Aura Farmer|98/100|[from] Stealth Rock
|-enditem|p2a: The Aura Farmer|Booster Energy
|-activate|p2a: The Aura Farmer|ability: Protosynthesis|[fromitem]
|-start|p2a: The Aura Farmer|protosynthesisatk
|move|p1a: Zamazenta|Close Combat|p2a: The Aura Farmer
|-damage|p2a: The Aura Farmer|53/100
|-unboost|p1a: Zamazenta|def|1
|-unboost|p1a: Zamazenta|spd|1
|
|upkeep
|turn|8
|
|t:|1758929236
|move|p1a: Zamazenta|Ice Fang|p2a: The Aura Farmer
|-supereffective|p2a: The Aura Farmer
|-damage|p2a: The Aura Farmer|19/100
|move|p2a: The Aura Farmer|Headlong Rush|p1a: Zamazenta
|-damage|p1a: Zamazenta|22/100
|-unboost|p2a: The Aura Farmer|def|1
|-unboost|p2a: The Aura Farmer|spd|1
|
|upkeep
|turn|9
|
|t:|1758929243
|move|p1a: Zamazenta|Ice Fang|p2a: The Aura Farmer|[miss]
|-miss|p1a: Zamazenta|p2a: The Aura Farmer
|move|p2a: The Aura Farmer|Rapid Spin|p1a: Zamazenta
|-damage|p1a: Zamazenta|1/100
|-boost|p2a: The Aura Farmer|spe|1
|-sideend|p2: jaious|Stealth Rock|[from] move: Rapid Spin|[of] p2a: The Aura Farmer
|
|upkeep
|turn|10
|
|t:|1758929250
|move|p2a: The Aura Farmer|Rapid Spin|p1a: Zamazenta
|-damage|p1a: Zamazenta|0 fnt
|-boost|p2a: The Aura Farmer|spe|1
|faint|p1a: Zamazenta
|
|upkeep
|
|t:|1758929256
|switch|p1a: Moltres|Moltres|100/100
|turn|11
|
|t:|1758929261
|move|p2a: The Aura Farmer|Head Smash|p1a: Moltres|[miss]
|-miss|p2a: The Aura Farmer|p1a: Moltres
|move|p1a: Moltres|Flamethrower|p2a: The Aura Farmer
|-damage|p2a: The Aura Farmer|0 fnt
|faint|p2a: The Aura Farmer
|-end|p2a: The Aura Farmer|Protosynthesis|[silent]
|
|upkeep
|c|☆jaious|NOOOOOOOOOOOOOOO
|c|☆misscarolina|bro
|c|☆misscarolina|u just evaded fang
|c|☆jaious|true
|
|t:|1758929283
|switch|p2a: eye of the Boulder|Iron Boulder|100/100
|turn|12
|
|t:|1758929294
|switch|p1a: Hydrapple|Hydrapple, M|100/100
|move|p2a: eye of the Boulder|Mighty Cleave|p1a: Hydrapple
|-damage|p1a: Hydrapple|74/100
|
|upkeep
|turn|13
|
|t:|1758929303
|-end|p2a: eye of the Boulder|Quark Drive|[silent]
|switch|p2a: GYATTT|Snorlax, M|43/100
|move|p1a: Hydrapple|Giga Drain|p2a: GYATTT
|-damage|p2a: GYATTT|24/100
|-heal|p1a: Hydrapple|86/100|[from] drain|[of] p2a: GYATTT
|
|upkeep
|turn|14
|
|t:|1758929323
|move|p1a: Hydrapple|Fickle Beam|p2a: GYATTT
|-damage|p2a: GYATTT|3/100
|move|p2a: GYATTT|Double-Edge|p1a: Hydrapple
|-damage|p1a: Hydrapple|51/100
|-damage|p2a: GYATTT|0 fnt|[from] Recoil
|faint|p2a: GYATTT
|
|upkeep
|
|t:|1758929327
|switch|p2a: CUCKED BY TUSK|Garchomp, M|81/100
|turn|15
|
|t:|1758929331
|switch|p1a: Ting-Lu|Ting-Lu|100/100
|-ability|p1a: Ting-Lu|Vessel of Ruin
|move|p2a: CUCKED BY TUSK|Draco Meteor|p1a: Ting-Lu
|-damage|p1a: Ting-Lu|71/100
|-unboost|p2a: CUCKED BY TUSK|spa|2
|-damage|p2a: CUCKED BY TUSK|71/100|[from] item: Life Orb
|
|-heal|p1a: Ting-Lu|77/100|[from] item: Leftovers
|upkeep
|turn|16
|
|t:|1758929337
|switch|p2a: JoverMachine|Iron Valiant|100/100
|-enditem|p2a: JoverMachine|Booster Energy
|-activate|p2a: JoverMachine|ability: Quark Drive|[fromitem]
|-start|p2a: JoverMachine|quarkdrivespe
|move|p1a: Ting-Lu|Ruination|p2a: JoverMachine
|-damage|p2a: JoverMachine|51/100
|
|-heal|p1a: Ting-Lu|83/100|[from] item: Leftovers
|upkeep
|turn|17
|
|t:|1758929350
|move|p2a: JoverMachine|Calm Mind|p2a: JoverMachine
|-boost|p2a: JoverMachine|spa|1
|-boost|p2a: JoverMachine|spd|1
|move|p1a: Ting-Lu|Earthquake|p2a: JoverMachine
|-damage|p2a: JoverMachine|4/100
|
|-heal|p1a: Ting-Lu|90/100|[from] item: Leftovers
|upkeep
|turn|18
|
|t:|1758929355
|move|p2a: JoverMachine|Moonblast|p1a: Ting-Lu
|-supereffective|p1a: Ting-Lu
|-damage|p1a: Ting-Lu|34/100
|move|p1a: Ting-Lu|Earthquake|p2a: JoverMachine
|-damage|p2a: JoverMachine|0 fnt
|faint|p2a: JoverMachine
|-end|p2a: JoverMachine|Quark Drive|[silent]
|
|-heal|p1a: Ting-Lu|40/100|[from] item: Leftovers
|upkeep
|
|t:|1758929358
|switch|p2a: ZU DEMON|Shiftry, F|100/100
|turn|19
|
|t:|1758929388
|switch|p1a: Moltres|Moltres|100/100
|move|p2a: ZU DEMON|Tailwind|p2a: ZU DEMON
|-sidestart|p2: jaious|move: Tailwind
|-ability|p2a: ZU DEMON|Wind Rider|boost
|-boost|p2a: ZU DEMON|atk|1
|
|upkeep
|turn|20
|c|☆misscarolina|oooh
|
|t:|1758929404
|move|p2a: ZU DEMON|Explosion|p1a: Moltres
|-damage|p1a: Moltres|12/100
|faint|p2a: ZU DEMON
|move|p1a: Moltres|Flamethrower|p2: ZU DEMON|[notarget]
|-fail|p1a: Moltres
|
|upkeep
|
|t:|1758929413
|switch|p2a: eye of the Boulder|Iron Boulder|100/100
|turn|21
|
|t:|1758929416
|move|p2a: eye of the Boulder|Mighty Cleave|p1a: Moltres
|-supereffective|p1a: Moltres
|-damage|p1a: Moltres|0 fnt
|faint|p1a: Moltres
|
|upkeep
|
|t:|1758929418
|switch|p1a: Hydrapple|Hydrapple, M|85/100
|turn|22
|
|t:|1758929454
|-terastallize|p2a: eye of the Boulder|Fairy
|move|p2a: eye of the Boulder|Swords Dance|p2a: eye of the Boulder
|-boost|p2a: eye of the Boulder|atk|2
|move|p1a: Hydrapple|Giga Drain|p2a: eye of the Boulder
|-damage|p2a: eye of the Boulder|70/100
|-heal|p1a: Hydrapple|97/100|[from] drain|[of] p2a: eye of the Boulder
|
|-sideend|p2: jaious|move: Tailwind
|upkeep
|turn|23
|
|t:|1758929465
|move|p2a: eye of the Boulder|Swords Dance|p2a: eye of the Boulder
|-boost|p2a: eye of the Boulder|atk|2
|move|p1a: Hydrapple|Giga Drain|p2a: eye of the Boulder
|-damage|p2a: eye of the Boulder|38/100
|-heal|p1a: Hydrapple|100/100|[from] drain|[of] p2a: eye of the Boulder
|
|upkeep
|turn|24
|
|t:|1758929468
|move|p2a: eye of the Boulder|Mighty Cleave|p1a: Hydrapple
|-damage|p1a: Hydrapple|22/100
|move|p1a: Hydrapple|Giga Drain|p2a: eye of the Boulder
|-damage|p2a: eye of the Boulder|4/100
|-heal|p1a: Hydrapple|36/100|[from] drain|[of] p2a: eye of the Boulder
|
|upkeep
|turn|25
|
|t:|1758929471
|move|p2a: eye of the Boulder|Mighty Cleave|p1a: Hydrapple
|-damage|p1a: Hydrapple|0 fnt
|faint|p1a: Hydrapple
|
|upkeep
|
|t:|1758929474
|switch|p1a: Darkrai|Darkrai, shiny|100/100
|turn|26
|
|t:|1758929480
|move|p1a: Darkrai|Sludge Bomb|p2a: eye of the Boulder
|-supereffective|p2a: eye of the Boulder
|-damage|p2a: eye of the Boulder|0 fnt
|faint|p2a: eye of the Boulder
|-end|p2a: eye of the Boulder|Quark Drive|[silent]
|
|upkeep
|
|t:|1758929482
|switch|p2a: CUCKED BY TUSK|Garchomp, M|71/100
|turn|27
|c|☆misscarolina|gg!
|
|t:|1758929488
|move|p1a: Darkrai|Ice Beam|p2a: CUCKED BY TUSK
|-supereffective|p2a: CUCKED BY TUSK
|-damage|p2a: CUCKED BY TUSK|0 fnt
|faint|p2a: CUCKED BY TUSK
|
|win|misscarolina
|raw|misscarolina's rating: 1439 &rarr; <strong>1464</strong><br />(+25 for winning)
|raw|jaious's rating: 1519 &rarr; <strong>1494</strong><br />(-25 for losing)
|c|☆jaious|aw man
|c|☆jaious|gg
|l|☆jaious
|player|p2|
|l|☆misscarolina
|player|p1|
