|j|☆gedagideegeda
|j|☆homerac
|t:|1758994923
|gametype|singles
|player|p1|gedagideegeda|blackbelt|1219
|player|p2|homerac|169|1209
|gen|9
|tier|[Gen 9] OU
|rated|
|rule|HP Percentage Mod: HP is shown in percentages
|rule|Endless Battle Clause: Forcing endless battles is banned
|rule|Species Clause: Limit one of each Pokémon
|rule|OHKO Clause: OHKO moves are banned
|rule|Evasion Items Clause: Evasion items are banned
|rule|Evasion Moves Clause: Evasion moves are banned
|rule|Evasion Abilities Clause: Evasion abilities are banned
|rule|Sleep Moves Clause: Sleep-inducing moves are banned
|clearpoke
|poke|p1|Alomomola, M|
|poke|p1|Pawmot, F|
|poke|p1|Cinderace, F|
|poke|p1|Magnezone|
|poke|p1|Regidrago|
|poke|p1|Gholdengo|
|poke|p2|Araquanid, M|
|poke|p2|Darkrai|
|poke|p2|Garchomp, F|
|poke|p2|Primarina, M|
|poke|p2|Breloom, F|
|poke|p2|Oricorio-Pom-Pom, M|
|teampreview
|
|t:|1758994934
|teamsize|p1|6
|teamsize|p2|6
|start
|switch|p1a: Magnezone|Magnezone|100/100
|switch|p2a: Garchomp|Garchomp, F|100/100
|turn|1
|c|☆gedagideegeda|oricorio??
|
|t:|1758994940
|move|p2a: Garchomp|Stealth Rock|p1a: Magnezone
|-sidestart|p1: gedagideegeda|move: Stealth Rock
|move|p1a: Magnezone|Magnet Rise|p1a: Magnezone
|-start|p1a: Magnezone|Magnet Rise
|
|upkeep
|turn|2
|c|☆homerac|just having fun
|c|☆gedagideegeda|dragon tail?
|
|t:|1758994961
|move|p2a: Garchomp|Flamethrower|p1a: Magnezone
|-supereffective|p1a: Magnezone
|-damage|p1a: Magnezone|66/100
|move|p1a: Magnezone|Flash Cannon|p2a: Garchomp
|-damage|p2a: Garchomp|51/100
|
|upkeep
|turn|3
|c|☆gedagideegeda|weird move choice
|
|t:|1758994975
|switch|p2a: Araquanid|Araquanid, M|100/100
|switch|p1a: Alomomola|Alomomola, M|100/100
|-damage|p1a: Alomomola|88/100|[from] Stealth Rock
|
|-heal|p1a: Alomomola|94/100|[from] item: Leftovers
|upkeep
|turn|4
|
|t:|1758994983
|move|p1a: Alomomola|Wish|p1a: Alomomola
|move|p2a: Araquanid|Sticky Web|p1a: Alomomola
|-sidestart|p1: gedagideegeda|move: Sticky Web
|
|-heal|p1a: Alomomola|100/100|[from] item: Leftovers
|upkeep
|turn|5
|
|t:|1758994989
|move|p1a: Alomomola|Flip Turn|p2a: Araquanid
|-resisted|p2a: Araquanid
|-damage|p2a: Araquanid|89/100
|
|t:|1758994994
|switch|p1a: Magnezone|Magnezone|66/100|[from] Flip Turn
|-damage|p1a: Magnezone|60/100|[from] Stealth Rock
|-activate|p1a: Magnezone|move: Sticky Web
|-unboost|p1a: Magnezone|spe|1
|move|p2a: Araquanid|Sticky Web||[still]
|-fail|p2a: Araquanid
|
|-heal|p1a: Magnezone|100/100|[from] move: Wish|[wisher] Alomomola
|-heal|p2a: Araquanid|95/100|[from] item: Leftovers
|upkeep
|turn|6
|
|t:|1758995007
|switch|p2a: Garchomp|Garchomp, F|51/100
|move|p1a: Magnezone|Flash Cannon|p2a: Garchomp
|-damage|p2a: Garchomp|0 fnt
|faint|p2a: Garchomp
|
|upkeep
|
|t:|1758995013
|switch|p2a: Darkrai|Darkrai|100/100
|turn|7
|
|t:|1758995020
|move|p2a: Darkrai|Focus Blast|p1a: Magnezone
|-supereffective|p1a: Magnezone
|-ability|p1a: Magnezone|Sturdy
|-damage|p1a: Magnezone|1/100
|move|p1a: Magnezone|Volt Switch|p2a: Darkrai
|-damage|p2a: Darkrai|47/100
|
|t:|1758995030
|switch|p1a: Cinderace|Cinderace, F|100/100|[from] Volt Switch
|
|upkeep
|turn|8
|
|t:|1758995035
|move|p2a: Darkrai|Dark Pulse|p1a: Cinderace
|-damage|p1a: Cinderace|27/100
|move|p1a: Cinderace|U-turn|p2a: Darkrai
|-start|p1a: Cinderace|typechange|Bug|[from] ability: Libero
|-supereffective|p2a: Darkrai
|-damage|p2a: Darkrai|0 fnt
|faint|p2a: Darkrai
|
|t:|1758995044
|switch|p1a: Alomomola|Alomomola, M|100/100|[from] U-turn
|-damage|p1a: Alomomola|88/100|[from] Stealth Rock
|-activate|p1a: Alomomola|move: Sticky Web
|-unboost|p1a: Alomomola|spe|1
|
|-heal|p1a: Alomomola|94/100|[from] item: Leftovers
|upkeep
|
|t:|1758995050
|switch|p2a: Breloom|Breloom, F|100/100
|turn|9
|
|t:|1758995054
|move|p1a: Alomomola|Protect|p1a: Alomomola
|-singleturn|p1a: Alomomola|Protect
|move|p2a: Breloom|Bullet Seed|p1a: Alomomola
|-activate|p1a: Alomomola|move: Protect
|
|-heal|p1a: Alomomola|100/100|[from] item: Leftovers
|upkeep
|turn|10
|
|t:|1758995082
|switch|p1a: Gholdengo|Gholdengo|100/100
|-damage|p1a: Gholdengo|94/100|[from] Stealth Rock
|-item|p1a: Gholdengo|Air Balloon
|move|p2a: Breloom|Bullet Seed|p1a: Gholdengo
|-resisted|p1a: Gholdengo
|-damage|p1a: Gholdengo|82/100
|-enditem|p1a: Gholdengo|Air Balloon
|-resisted|p1a: Gholdengo
|-damage|p1a: Gholdengo|69/100
|-resisted|p1a: Gholdengo
|-damage|p1a: Gholdengo|57/100
|-resisted|p1a: Gholdengo
|-damage|p1a: Gholdengo|45/100
|-hitcount|p1a: Gholdengo|4
|
|upkeep
|turn|11
|
|t:|1758995120
|switch|p2a: Araquanid|Araquanid, M|95/100
|move|p1a: Gholdengo|Shadow Ball|p2a: Araquanid
|-damage|p2a: Araquanid|62/100
|
|-heal|p2a: Araquanid|68/100|[from] item: Leftovers
|upkeep
|turn|12
|
|t:|1758995134
|switch|p1a: Alomomola|Alomomola, M|100/100
|-damage|p1a: Alomomola|88/100|[from] Stealth Rock
|-activate|p1a: Alomomola|move: Sticky Web
|-unboost|p1a: Alomomola|spe|1
|move|p2a: Araquanid|Liquidation|p1a: Alomomola
|-resisted|p1a: Alomomola
|-damage|p1a: Alomomola|68/100
|
|-heal|p2a: Araquanid|75/100|[from] item: Leftovers
|-heal|p1a: Alomomola|74/100|[from] item: Leftovers
|upkeep
|turn|13
|
|t:|1758995144
|move|p2a: Araquanid|Lunge|p1a: Alomomola
|-damage|p1a: Alomomola|55/100
|-unboost|p1a: Alomomola|atk|1
|move|p1a: Alomomola|Flip Turn|p2a: Araquanid
|-resisted|p2a: Araquanid
|-damage|p2a: Araquanid|67/100
|
|t:|1758995154
|switch|p1a: Cinderace|Cinderace, F|27/100|[from] Flip Turn
|
|-heal|p2a: Araquanid|74/100|[from] item: Leftovers
|upkeep
|turn|14
|
|t:|1758995159
|move|p1a: Cinderace|Court Change|p1a: Cinderace
|-start|p1a: Cinderace|typechange|Normal|[from] ability: Libero
|-swapsideconditions
|-activate|p1a: Cinderace|move: Court Change
|move|p2a: Araquanid|Sticky Web|p1a: Cinderace
|-sidestart|p1: gedagideegeda|move: Sticky Web
|
|-heal|p2a: Araquanid|80/100|[from] item: Leftovers
|upkeep
|turn|15
|
|t:|1758995168
|move|p1a: Cinderace|Pyro Ball|p2a: Araquanid
|-damage|p2a: Araquanid|51/100
|move|p2a: Araquanid|Liquidation|p1a: Cinderace
|-damage|p1a: Cinderace|0 fnt
|faint|p1a: Cinderace
|
|-heal|p2a: Araquanid|57/100|[from] item: Leftovers
|upkeep
|
|t:|1758995178
|switch|p1a: Pawmot|Pawmot, F|100/100
|-activate|p1a: Pawmot|move: Sticky Web
|-unboost|p1a: Pawmot|spe|1
|turn|16
|inactive|Battle timer is ON: inactive players will automatically lose when time's up. (requested by homerac)
|
|t:|1758995218
|switch|p1a: Alomomola|Alomomola, M|89/100
|-activate|p1a: Alomomola|move: Sticky Web
|-unboost|p1a: Alomomola|spe|1
|move|p2a: Araquanid|Liquidation|p1a: Alomomola
|-resisted|p1a: Alomomola
|-crit|p1a: Alomomola
|-damage|p1a: Alomomola|60/100
|
|-heal|p2a: Araquanid|63/100|[from] item: Leftovers
|-heal|p1a: Alomomola|66/100|[from] item: Leftovers
|upkeep
|turn|17
|
|t:|1758995228
|move|p2a: Araquanid|Lunge|p1a: Alomomola
|-damage|p1a: Alomomola|46/100
|-unboost|p1a: Alomomola|atk|1
|move|p1a: Alomomola|Wish|p1a: Alomomola
|
|-heal|p2a: Araquanid|70/100|[from] item: Leftovers
|-heal|p1a: Alomomola|52/100|[from] item: Leftovers
|upkeep
|turn|18
|
|t:|1758995239
|move|p2a: Araquanid|Lunge|p1a: Alomomola
|-damage|p1a: Alomomola|33/100
|-unboost|p1a: Alomomola|atk|1
|move|p1a: Alomomola|Flip Turn|p2a: Araquanid
|-resisted|p2a: Araquanid
|-damage|p2a: Araquanid|64/100
|
|t:|1758995246
|switch|p1a: Magnezone|Magnezone|1/100|[from] Flip Turn
|-activate|p1a: Magnezone|move: Sticky Web
|-unboost|p1a: Magnezone|spe|1
|
|-heal|p1a: Magnezone|73/100|[from] move: Wish|[wisher] Alomomola
|-heal|p2a: Araquanid|70/100|[from] item: Leftovers
|upkeep
|turn|19
|
|t:|1758995254
|move|p2a: Araquanid|Liquidation|p1a: Magnezone
|-damage|p1a: Magnezone|20/100
|-damage|p2a: Araquanid|53/100|[from] item: Rocky Helmet|[of] p1a: Magnezone
|move|p1a: Magnezone|Volt Switch|p2a: Araquanid
|-supereffective|p2a: Araquanid
|-damage|p2a: Araquanid|0 fnt
|faint|p2a: Araquanid
|inactive|gedagideegeda has 120 seconds left.
|
|t:|1758995302
|switch|p1a: Regidrago|Regidrago|100/100|[from] Volt Switch
|-activate|p1a: Regidrago|move: Sticky Web
|-unboost|p1a: Regidrago|spe|1
|
|upkeep
|
|t:|1758995308
|switch|p2a: Primarina|Primarina, M|100/100
|-damage|p2a: Primarina|88/100|[from] Stealth Rock
|-activate|p2a: Primarina|move: Sticky Web
|-unboost|p2a: Primarina|spe|1
|turn|20
|
|t:|1758995314
|switch|p1a: Alomomola|Alomomola, M|66/100
|-activate|p1a: Alomomola|move: Sticky Web
|-unboost|p1a: Alomomola|spe|1
|move|p2a: Primarina|Moonblast|p1a: Alomomola
|-damage|p1a: Alomomola|24/100
|
|-heal|p1a: Alomomola|30/100|[from] item: Leftovers
|upkeep
|turn|21
|inactive|gedagideegeda has 120 seconds left.
|
|t:|1758995324
|move|p1a: Alomomola|Protect|p1a: Alomomola
|-singleturn|p1a: Alomomola|Protect
|move|p2a: Primarina|Moonblast|p1a: Alomomola
|-activate|p1a: Alomomola|move: Protect
|
|-heal|p1a: Alomomola|36/100|[from] item: Leftovers
|upkeep
|turn|22
|inactive|gedagideegeda has 120 seconds left.
|
|t:|1758995335
|move|p2a: Primarina|Moonblast|p1a: Alomomola
|-damage|p1a: Alomomola|0 fnt
|faint|p1a: Alomomola
|
|upkeep
|
|t:|1758995339
|switch|p1a: Pawmot|Pawmot, F|100/100
|-activate|p1a: Pawmot|move: Sticky Web
|-unboost|p1a: Pawmot|spe|1
|turn|23
|
|t:|1758995343
|move|p1a: Pawmot|Supercell Slam|p2a: Primarina
|-supereffective|p2a: Primarina
|-damage|p2a: Primarina|0 fnt
|faint|p2a: Primarina
|
|upkeep
|
|t:|1758995349
|switch|p2a: Oricorio|Oricorio-Pom-Pom, M|100/100
|turn|24
|
|t:|1758995354
|move|p2a: Oricorio|Quiver Dance|p2a: Oricorio
|-boost|p2a: Oricorio|spa|1
|-boost|p2a: Oricorio|spd|1
|-boost|p2a: Oricorio|spe|1
|move|p1a: Pawmot|Revival Blessing|p1a: Pawmot
|
|t:|1758995359
|-heal|p1: Alomomola|50/100|[from] move: Revival Blessing
|
|upkeep
|turn|25
|
|t:|1758995379
|move|p2a: Oricorio|Quiver Dance|p2a: Oricorio
|-boost|p2a: Oricorio|spa|1
|-boost|p2a: Oricorio|spd|1
|-boost|p2a: Oricorio|spe|1
|move|p1a: Pawmot|Supercell Slam|p2a: Oricorio
|-damage|p2a: Oricorio|21/100
|
|upkeep
|turn|26
|
|t:|1758995386
|move|p2a: Oricorio|Air Slash|p1a: Pawmot
|-enditem|p1a: Pawmot|Focus Sash
|-damage|p1a: Pawmot|1/100
|move|p1a: Pawmot|Supercell Slam|p2a: Oricorio
|-damage|p2a: Oricorio|0 fnt
|faint|p2a: Oricorio
|
|upkeep
|
|t:|1758995394
|switch|p2a: Breloom|Breloom, F|100/100
|-damage|p2a: Breloom|94/100|[from] Stealth Rock
|-activate|p2a: Breloom|move: Sticky Web
|-unboost|p2a: Breloom|spe|1
|turn|27
|
|t:|1758995401
|move|p2a: Breloom|Mach Punch|p1a: Pawmot
|-damage|p1a: Pawmot|0 fnt
|faint|p1a: Pawmot
|
|upkeep
|
|t:|1758995406
|switch|p1a: Regidrago|Regidrago|100/100
|-activate|p1a: Regidrago|move: Sticky Web
|-unboost|p1a: Regidrago|spe|1
|turn|28
|
|t:|1758995414
|-terastallize|p1a: Regidrago|Dragon
|move|p2a: Breloom|Mach Punch|p1a: Regidrago
|-damage|p1a: Regidrago|62/100
|move|p1a: Regidrago|Draco Meteor|p2a: Breloom
|-damage|p2a: Breloom|0 fnt
|-unboost|p1a: Regidrago|spa|2
|faint|p2a: Breloom
|
|win|gedagideegeda
|raw|gedagideegeda's rating: 1219 &rarr; <strong>1243</strong><br />(+24 for winning)
|raw|homerac's rating: 1209 &rarr; <strong>1185</strong><br />(-24 for losing)
|l|☆homerac
|player|p2|
|l|☆gedagideegeda
|player|p1|
