|j|☆Arbaz16297
|j|☆A Regular Plumbus
|t:|1758969783
|gametype|singles
|player|p1|Arbaz16297|1|1381
|player|p2|A Regular Plumbus|baker|1406
|gen|9
|tier|[Gen 9] OU
|rated|
|rule|HP Percentage Mod: HP is shown in percentages
|rule|Endless Battle Clause: Forcing endless battles is banned
|rule|Species Clause: Limit one of each Pokémon
|rule|OHKO Clause: OHKO moves are banned
|rule|Evasion Items Clause: Evasion items are banned
|rule|Evasion Moves Clause: Evasion moves are banned
|rule|Evasion Abilities Clause: Evasion abilities are banned
|rule|Sleep Moves Clause: Sleep-inducing moves are banned
|clearpoke
|poke|p1|Iron Crown|
|poke|p1|Slowking-Galar, M|
|poke|p1|Gliscor, F|
|poke|p1|Iron Treads|
|poke|p1|Iron Valiant|
|poke|p1|Toxapex, M|
|poke|p2|Thundurus-Therian, M|
|poke|p2|Chesnaught, F|
|poke|p2|Primarina, M|
|poke|p2|Hippowdon, F|
|poke|p2|Hoopa-Unbound|
|poke|p2|Maushold|
|teampreview
|inactive|Battle timer is ON: inactive players will automatically lose when time's up. (requested by A Regular Plumbus)
|
|t:|1758969790
|teamsize|p1|6
|teamsize|p2|6
|start
|switch|p1a: Gliscor|Gliscor, F|100/100
|switch|p2a: Primarina|Primarina, M|100/100
|turn|1
|
|t:|1758969795
|move|p1a: Gliscor|Protect|p1a: Gliscor
|-singleturn|p1a: Gliscor|Protect
|move|p2a: Primarina|Calm Mind|p2a: Primarina
|-boost|p2a: Primarina|spa|1
|-boost|p2a: Primarina|spd|1
|
|-status|p1a: Gliscor|tox|[from] item: Toxic Orb
|upkeep
|turn|2
|
|t:|1758969802
|-terastallize|p1a: Gliscor|Steel
|move|p1a: Gliscor|Toxic|p2a: Primarina
|-status|p2a: Primarina|tox
|move|p2a: Primarina|Moonblast|p1a: Gliscor
|-resisted|p1a: Gliscor
|-damage|p1a: Gliscor|51/100 tox
|
|-heal|p1a: Gliscor|64/100 tox|[from] ability: Poison Heal
|-damage|p2a: Primarina|94/100 tox|[from] psn
|upkeep
|turn|3
|
|t:|1758969811
|move|p1a: Gliscor|Spikes|p2a: Primarina
|-sidestart|p2: A Regular Plumbus|Spikes
|move|p2a: Primarina|Surf|p1a: Gliscor
|-damage|p1a: Gliscor|0 fnt
|faint|p1a: Gliscor
|
|-damage|p2a: Primarina|82/100 tox|[from] psn
|upkeep
|
|t:|1758969817
|switch|p1a: Toxapex|Toxapex, M|100/100
|turn|4
|
|t:|1758969823
|switch|p2a: Hippowdon|Hippowdon, F|100/100
|-damage|p2a: Hippowdon|88/100|[from] Spikes
|move|p1a: Toxapex|Infestation|p2a: Hippowdon
|-damage|p2a: Hippowdon|85/100
|-activate|p2a: Hippowdon|move: Infestation|[of] p1a: Toxapex
|
|-heal|p2a: Hippowdon|91/100|[from] item: Leftovers
|-damage|p2a: Hippowdon|79/100|[from] move: Infestation|[partiallytrapped]
|upkeep
|turn|5
|
|t:|1758969827
|move|p2a: Hippowdon|Earthquake|p1a: Toxapex
|-supereffective|p1a: Toxapex
|-damage|p1a: Toxapex|53/100
|move|p1a: Toxapex|Toxic|p2a: Hippowdon
|-status|p2a: Hippowdon|tox
|
|-heal|p2a: Hippowdon|85/100 tox|[from] item: Leftovers
|-damage|p2a: Hippowdon|79/100 tox|[from] psn
|-damage|p2a: Hippowdon|66/100 tox|[from] move: Infestation|[partiallytrapped]
|upkeep
|turn|6
|
|t:|1758969835
|move|p1a: Toxapex|Baneful Bunker|p1a: Toxapex
|-singleturn|p1a: Toxapex|move: Protect
|move|p2a: Hippowdon|Stealth Rock|p1a: Toxapex
|-sidestart|p1: Arbaz16297|move: Stealth Rock
|
|-heal|p2a: Hippowdon|73/100 tox|[from] item: Leftovers
|-damage|p2a: Hippowdon|60/100 tox|[from] psn
|-damage|p2a: Hippowdon|48/100 tox|[from] move: Infestation|[partiallytrapped]
|upkeep
|turn|7
|
|t:|1758969841
|move|p2a: Hippowdon|Slack Off|p2a: Hippowdon
|-heal|p2a: Hippowdon|98/100 tox
|move|p1a: Toxapex|Recover|p1a: Toxapex
|-heal|p1a: Toxapex|100/100
|
|-heal|p2a: Hippowdon|100/100 tox|[from] item: Leftovers
|-damage|p2a: Hippowdon|82/100 tox|[from] psn
|-damage|p2a: Hippowdon|70/100 tox|[from] move: Infestation|[partiallytrapped]
|upkeep
|turn|8
|
|t:|1758969849
|move|p1a: Toxapex|Baneful Bunker|p1a: Toxapex
|-singleturn|p1a: Toxapex|move: Protect
|move|p2a: Hippowdon|Earthquake|p1a: Toxapex
|-activate|p1a: Toxapex|move: Protect
|
|-heal|p2a: Hippowdon|76/100 tox|[from] item: Leftovers
|-damage|p2a: Hippowdon|51/100 tox|[from] psn
|-damage|p2a: Hippowdon|39/100 tox|[from] move: Infestation|[partiallytrapped]
|upkeep
|turn|9
|
|t:|1758969857
|move|p2a: Hippowdon|Earthquake|p1a: Toxapex
|-supereffective|p1a: Toxapex
|-damage|p1a: Toxapex|50/100
|move|p1a: Toxapex|Recover|p1a: Toxapex
|-heal|p1a: Toxapex|100/100
|
|-heal|p2a: Hippowdon|45/100 tox|[from] item: Leftovers
|-damage|p2a: Hippowdon|14/100 tox|[from] psn
|-end|p2a: Hippowdon|Infestation|[partiallytrapped]
|upkeep
|turn|10
|
|t:|1758969867
|move|p1a: Toxapex|Infestation|p2a: Hippowdon
|-damage|p2a: Hippowdon|11/100 tox
|-activate|p2a: Hippowdon|move: Infestation|[of] p1a: Toxapex
|move|p2a: Hippowdon|Whirlwind|p1a: Toxapex
|drag|p1a: Iron Valiant|Iron Valiant|100/100
|-damage|p1a: Iron Valiant|95/100|[from] Stealth Rock
|-enditem|p1a: Iron Valiant|Booster Energy
|-activate|p1a: Iron Valiant|ability: Quark Drive|[fromitem]
|-start|p1a: Iron Valiant|quarkdrivespe
|
|-heal|p2a: Hippowdon|17/100 tox|[from] item: Leftovers
|-damage|p2a: Hippowdon|0 fnt|[from] psn
|faint|p2a: Hippowdon
|upkeep
|
|t:|1758969871
|switch|p2a: Thundurus|Thundurus-Therian, M, shiny|100/100
|turn|11
|
|t:|1758969879
|move|p1a: Iron Valiant|Moonblast|p2a: Thundurus
|-damage|p2a: Thundurus|66/100
|move|p2a: Thundurus|Thunderbolt|p1a: Iron Valiant
|-damage|p1a: Iron Valiant|25/100
|
|-heal|p2a: Thundurus|72/100|[from] item: Leftovers
|upkeep
|turn|12
|
|t:|1758969883
|move|p1a: Iron Valiant|Moonblast|p2a: Thundurus
|-damage|p2a: Thundurus|35/100
|move|p2a: Thundurus|Thunderbolt|p1a: Iron Valiant
|-damage|p1a: Iron Valiant|0 fnt
|faint|p1a: Iron Valiant
|-end|p1a: Iron Valiant|Quark Drive|[silent]
|
|-heal|p2a: Thundurus|41/100|[from] item: Leftovers
|upkeep
|
|t:|1758969891
|switch|p1a: Slowking|Slowking-Galar, M|100/100
|-damage|p1a: Slowking|88/100|[from] Stealth Rock
|turn|13
|
|t:|1758969901
|switch|p2a: Primarina|Primarina, M|82/100 tox
|-damage|p2a: Primarina|70/100 tox|[from] Spikes
|move|p1a: Slowking|Ice Beam|p2a: Primarina
|-resisted|p2a: Primarina
|-damage|p2a: Primarina|61/100 tox
|
|-damage|p2a: Primarina|55/100 tox|[from] psn
|upkeep
|turn|14
|
|t:|1758969905
|move|p2a: Primarina|Hydro Cannon|p1a: Slowking
|-damage|p1a: Slowking|30/100
|-mustrecharge|p2a: Primarina
|move|p1a: Slowking|Sludge Wave|p2a: Primarina
|-supereffective|p2a: Primarina
|-damage|p2a: Primarina|0 fnt
|faint|p2a: Primarina
|
|upkeep
|
|t:|1758969908
|switch|p2a: Maushold|Maushold|100/100
|-damage|p2a: Maushold|88/100|[from] Spikes
|turn|15
|
|t:|1758969915
|move|p2a: Maushold|Tidy Up|p2a: Maushold
|-sideend|p2: A Regular Plumbus|Spikes
|-sideend|p1: Arbaz16297|Stealth Rock
|-activate|p2a: Maushold|move: Tidy Up
|-boost|p2a: Maushold|atk|1
|-boost|p2a: Maushold|spe|1
|move|p1a: Slowking|Psychic Terrain|p1a: Slowking
|-fieldstart|move: Psychic Terrain
|
|upkeep
|turn|16
|
|t:|1758969920
|switch|p1a: Toxapex|Toxapex, M|100/100
|move|p2a: Maushold|Population Bomb|p1a: Toxapex
|-damage|p1a: Toxapex|91/100
|-damage|p2a: Maushold|71/100|[from] item: Rocky Helmet|[of] p1a: Toxapex
|-crit|p1a: Toxapex
|-damage|p1a: Toxapex|76/100
|-damage|p2a: Maushold|55/100|[from] item: Rocky Helmet|[of] p1a: Toxapex
|-crit|p1a: Toxapex
|-damage|p1a: Toxapex|60/100
|-damage|p2a: Maushold|38/100|[from] item: Rocky Helmet|[of] p1a: Toxapex
|-damage|p1a: Toxapex|49/100
|-damage|p2a: Maushold|22/100|[from] item: Rocky Helmet|[of] p1a: Toxapex
|-damage|p1a: Toxapex|39/100
|-damage|p2a: Maushold|5/100|[from] item: Rocky Helmet|[of] p1a: Toxapex
|-damage|p1a: Toxapex|28/100
|-damage|p2a: Maushold|0 fnt|[from] item: Rocky Helmet|[of] p1a: Toxapex
|faint|p2a: Maushold
|-hitcount|p1a: Toxapex|6
|
|upkeep
|
|t:|1758969925
|switch|p2a: Thundurus|Thundurus-Therian, M, shiny|41/100
|turn|17
|
|t:|1758969928
|switch|p1a: Slowking|Slowking-Galar, M|63/100
|move|p2a: Thundurus|Thunderbolt|p1a: Slowking
|-damage|p1a: Slowking|37/100
|
|-heal|p2a: Thundurus|47/100|[from] item: Leftovers
|upkeep
|turn|18
|
|t:|1758969931
|move|p2a: Thundurus|Thunderbolt|p1a: Slowking
|-damage|p1a: Slowking|10/100
|move|p1a: Slowking|Expanding Force|p2a: Thundurus
|-damage|p2a: Thundurus|0 fnt
|faint|p2a: Thundurus
|
|upkeep
|
|t:|1758969936
|switch|p2a: Hoopa|Hoopa-Unbound|100/100
|turn|19
|
|t:|1758969950
|switch|p1a: Iron Treads|Iron Treads|100/100
|move|p2a: Hoopa|Knock Off|p1a: Iron Treads
|-damage|p1a: Iron Treads|58/100
|-enditem|p1a: Iron Treads|Assault Vest|[from] move: Knock Off|[of] p2a: Hoopa
|
|upkeep
|turn|20
|
|t:|1758969956
|move|p1a: Iron Treads|Knock Off|p2a: Hoopa
|-damage|p2a: Hoopa|57/100
|-enditem|p2a: Hoopa|Assault Vest|[from] move: Knock Off|[of] p1a: Iron Treads
|move|p2a: Hoopa|Drain Punch|p1a: Iron Treads
|-supereffective|p1a: Iron Treads
|-damage|p1a: Iron Treads|13/100
|-heal|p2a: Hoopa|84/100|[from] drain|[of] p1a: Iron Treads
|
|upkeep
|turn|21
|
|t:|1758969961
|switch|p2a: Chesnaught|Chesnaught, F|100/100
|move|p1a: Iron Treads|Earthquake|p2a: Chesnaught
|-resisted|p2a: Chesnaught
|-damage|p2a: Chesnaught|89/100
|
|upkeep
|turn|22
|
|t:|1758969965
|move|p1a: Iron Treads|Knock Off|p2a: Chesnaught
|-resisted|p2a: Chesnaught
|-damage|p2a: Chesnaught|83/100
|-damage|p1a: Iron Treads|0 fnt|[from] item: Rocky Helmet|[of] p2a: Chesnaught
|faint|p1a: Iron Treads
|-end|p1a: Iron Treads|Quark Drive|[silent]
|move|p2a: Chesnaught|Body Press|p1: Iron Treads|[notarget]
|-fail|p2a: Chesnaught
|
|-fieldend|move: Psychic Terrain
|upkeep
|
|t:|1758969973
|switch|p1a: Slowking|Slowking-Galar, M|44/100
|turn|23
|
|t:|1758969975
|move|p2a: Chesnaught|Knock Off|p1a: Slowking
|-supereffective|p1a: Slowking
|-damage|p1a: Slowking|0 fnt
|-enditem|p1a: Slowking|Terrain Extender|[from] move: Knock Off|[of] p2a: Chesnaught
|faint|p1a: Slowking
|
|upkeep
|
|t:|1758969979
|switch|p1a: Toxapex|Toxapex, M|61/100
|turn|24
|
|t:|1758969986
|-terastallize|p2a: Chesnaught|Poison
|move|p2a: Chesnaught|Iron Defense|p2a: Chesnaught
|-boost|p2a: Chesnaught|def|2
|move|p1a: Toxapex|Toxic|p2a: Chesnaught
|-immune|p2a: Chesnaught
|
|upkeep
|turn|25
|
|t:|1758969990
|move|p2a: Chesnaught|Iron Defense|p2a: Chesnaught
|-boost|p2a: Chesnaught|def|2
|move|p1a: Toxapex|Infestation|p2a: Chesnaught
|-resisted|p2a: Chesnaught
|-damage|p2a: Chesnaught|81/100
|-activate|p2a: Chesnaught|move: Infestation|[of] p1a: Toxapex
|-damage|p1a: Toxapex|45/100|[from] item: Rocky Helmet|[of] p2a: Chesnaught
|
|-damage|p2a: Chesnaught|69/100|[from] move: Infestation|[partiallytrapped]
|upkeep
|turn|26
|
|t:|1758969994
|move|p2a: Chesnaught|Synthesis|p2a: Chesnaught
|-heal|p2a: Chesnaught|100/100
|move|p1a: Toxapex|Recover|p1a: Toxapex
|-heal|p1a: Toxapex|95/100
|
|-damage|p2a: Chesnaught|88/100|[from] move: Infestation|[partiallytrapped]
|upkeep
|turn|27
|
|t:|1758970002
|move|p1a: Toxapex|Baneful Bunker|p1a: Toxapex
|-singleturn|p1a: Toxapex|move: Protect
|move|p2a: Chesnaught|Knock Off|p1a: Toxapex
|-activate|p1a: Toxapex|move: Protect
|
|-damage|p2a: Chesnaught|76/100|[from] move: Infestation|[partiallytrapped]
|upkeep
|turn|28
|
|t:|1758970010
|move|p2a: Chesnaught|Knock Off|p1a: Toxapex
|-damage|p1a: Toxapex|81/100
|-damage|p2a: Chesnaught|59/100|[from] item: Rocky Helmet|[of] p1a: Toxapex
|-enditem|p1a: Toxapex|Rocky Helmet|[from] move: Knock Off|[of] p2a: Chesnaught
|move|p1a: Toxapex|Infestation|p2a: Chesnaught
|-resisted|p2a: Chesnaught
|-damage|p2a: Chesnaught|58/100
|-damage|p1a: Toxapex|65/100|[from] item: Rocky Helmet|[of] p2a: Chesnaught
|
|-damage|p2a: Chesnaught|45/100|[from] move: Infestation|[partiallytrapped]
|upkeep
|turn|29
|
|t:|1758970020
|move|p2a: Chesnaught|Synthesis|p2a: Chesnaught
|-heal|p2a: Chesnaught|95/100
|move|p1a: Toxapex|Recover|p1a: Toxapex
|-heal|p1a: Toxapex|100/100
|
|-end|p2a: Chesnaught|Infestation|[partiallytrapped]
|upkeep
|turn|30
|
|t:|1758970023
|move|p2a: Chesnaught|Iron Defense|p2a: Chesnaught
|-boost|p2a: Chesnaught|def|2
|move|p1a: Toxapex|Infestation|p2a: Chesnaught
|-resisted|p2a: Chesnaught
|-damage|p2a: Chesnaught|94/100
|-activate|p2a: Chesnaught|move: Infestation|[of] p1a: Toxapex
|-damage|p1a: Toxapex|84/100|[from] item: Rocky Helmet|[of] p2a: Chesnaught
|
|-damage|p2a: Chesnaught|81/100|[from] move: Infestation|[partiallytrapped]
|upkeep
|turn|31
|
|t:|1758970031
|move|p1a: Toxapex|Baneful Bunker|p1a: Toxapex
|-singleturn|p1a: Toxapex|move: Protect
|move|p2a: Chesnaught|Body Press|p1a: Toxapex
|-activate|p1a: Toxapex|move: Protect
|
|-damage|p2a: Chesnaught|69/100|[from] move: Infestation|[partiallytrapped]
|upkeep
|turn|32
|
|t:|1758970039
|move|p2a: Chesnaught|Body Press|p1a: Toxapex
|-resisted|p1a: Toxapex
|-damage|p1a: Toxapex|31/100
|move|p1a: Toxapex|Infestation|p2a: Chesnaught
|-resisted|p2a: Chesnaught
|-crit|p2a: Chesnaught
|-damage|p2a: Chesnaught|67/100
|-damage|p1a: Toxapex|14/100|[from] item: Rocky Helmet|[of] p2a: Chesnaught
|
|-damage|p2a: Chesnaught|54/100|[from] move: Infestation|[partiallytrapped]
|upkeep
|turn|33
|
|t:|1758970046
|move|p2a: Chesnaught|Synthesis|p2a: Chesnaught
|-heal|p2a: Chesnaught|100/100
|move|p1a: Toxapex|Recover|p1a: Toxapex
|-heal|p1a: Toxapex|65/100
|
|-damage|p2a: Chesnaught|88/100|[from] move: Infestation|[partiallytrapped]
|upkeep
|turn|34
|
|t:|1758970049
|move|p2a: Chesnaught|Body Press|p1a: Toxapex
|-resisted|p1a: Toxapex
|-damage|p1a: Toxapex|13/100
|move|p1a: Toxapex|Infestation|p2a: Chesnaught
|-resisted|p2a: Chesnaught
|-damage|p2a: Chesnaught|86/100
|-damage|p1a: Toxapex|0 fnt|[from] item: Rocky Helmet|[of] p2a: Chesnaught
|faint|p1a: Toxapex
|
|-end|p2a: Chesnaught|Infestation|[partiallytrapped]
|upkeep
|
|t:|1758970052
|switch|p1a: Iron Crown|Iron Crown|100/100
|turn|35
|
|t:|1758970055
|move|p1a: Iron Crown|Expanding Force|p2a: Chesnaught
|-supereffective|p2a: Chesnaught
|-damage|p2a: Chesnaught|0 fnt
|faint|p2a: Chesnaught
|
|upkeep
|
|t:|1758970057
|switch|p2a: Hoopa|Hoopa-Unbound|84/100
|turn|36
|
|t:|1758970069
|move|p1a: Iron Crown|Tachyon Cutter|p2a: Hoopa
|-damage|p2a: Hoopa|58/100
|-damage|p2a: Hoopa|32/100
|-hitcount|p2a: Hoopa|2
|move|p2a: Hoopa|Hyperspace Fury|p1a: Iron Crown
|-supereffective|p1a: Iron Crown
|-damage|p1a: Iron Crown|0 fnt
|-unboost|p2a: Hoopa|def|1
|faint|p1a: Iron Crown
|-end|p1a: Iron Crown|Quark Drive|[silent]
|-item|p2a: Hoopa|Assault Vest|[from] ability: Magician|[of] p1: Iron Crown
|
|win|A Regular Plumbus
|raw|Arbaz16297's rating: 1381 &rarr; <strong>1362</strong><br />(-19 for losing)
|raw|A Regular Plumbus's rating: 1406 &rarr; <strong>1425</strong><br />(+19 for winning)
|l|☆Arbaz16297
|player|p1|
|l|☆A Regular Plumbus
|player|p2|
