|j|☆Tatacool
|j|☆SadTanwa
|t:|1758979753
|gametype|singles
|player|p1|Tatacool|265|1160
|player|p2|SadTanwa|101|1106
|gen|9
|tier|[Gen 9] OU
|rated|
|rule|HP Percentage Mod: HP is shown in percentages
|rule|Endless Battle Clause: Forcing endless battles is banned
|rule|Species Clause: Limit one of each Pokémon
|rule|OHKO Clause: OHKO moves are banned
|rule|Evasion Items Clause: Evasion items are banned
|rule|Evasion Moves Clause: Evasion moves are banned
|rule|Evasion Abilities Clause: Evasion abilities are banned
|rule|Sleep Moves Clause: Sleep-inducing moves are banned
|clearpoke
|poke|p1|Minior-Orange|
|poke|p1|Grimmsnarl, M|
|poke|p1|Alomomola, F|
|poke|p1|Comfey, M|
|poke|p1|Gholdengo|
|poke|p1|Great Tusk|
|poke|p2|Excadrill, F|
|poke|p2|Clodsire, M|
|poke|p2|Corviknight, F|
|poke|p2|Lokix, M|
|poke|p2|Dragapult, F|
|poke|p2|Minior|
|teampreview
|c|☆Tatacool|MINIOR!!!!!
|inactive|Battle timer is ON: inactive players will automatically lose when time's up. (requested by SadTanwa)
|
|t:|1758979763
|teamsize|p1|6
|teamsize|p2|6
|start
|switch|p1a: Maria|Great Tusk|100/100
|switch|p2a: Lokix|Lokix, M|100/100
|turn|1
|
|t:|1758979766
|move|p2a: Lokix|U-turn|p1a: Maria
|-resisted|p1a: Maria
|-damage|p1a: Maria|81/100
|-damage|p2a: Lokix|91/100|[from] item: Life Orb
|
|t:|1758979769
|switch|p2a: Corviknight|Corviknight, F, shiny|100/100|[from] U-turn
|-ability|p2a: Corviknight|Pressure
|move|p1a: Maria|Stealth Rock|p2a: Corviknight
|-sidestart|p2: SadTanwa|move: Stealth Rock
|
|-heal|p1a: Maria|88/100|[from] item: Leftovers
|upkeep
|turn|2
|
|t:|1758979775
|move|p2a: Corviknight|Defog|p1a: Maria
|-unboost|p1a: Maria|evasion|1
|-sideend|p2: SadTanwa|Stealth Rock|[from] move: Defog|[of] p2a: Corviknight
|move|p1a: Maria|Roar|p2a: Corviknight
|drag|p2a: Clodsire|Clodsire, M, shiny|100/100
|
|-heal|p1a: Maria|94/100|[from] item: Leftovers
|upkeep
|turn|3
|
|t:|1758979781
|move|p1a: Maria|Stealth Rock|p2a: Clodsire
|-sidestart|p2: SadTanwa|move: Stealth Rock
|move|p2a: Clodsire|Toxic|p1a: Maria
|-status|p1a: Maria|tox
|
|-heal|p1a: Maria|99/100 tox|[from] item: Leftovers
|-damage|p1a: Maria|94/100 tox|[from] psn
|upkeep
|turn|4
|
|t:|1758979787
|-end|p1a: Maria|Protosynthesis|[silent]
|switch|p1a: Cinnastick|Gholdengo|100/100
|switch|p2a: Corviknight|Corviknight, F, shiny|100/100
|-damage|p2a: Corviknight|88/100|[from] Stealth Rock
|-ability|p2a: Corviknight|Pressure
|
|upkeep
|turn|5
|
|t:|1758979791
|move|p1a: Cinnastick|Thunder Wave|p2a: Corviknight
|-status|p2a: Corviknight|par
|move|p2a: Corviknight|U-turn|p1a: Cinnastick
|-resisted|p1a: Cinnastick
|-damage|p1a: Cinnastick|98/100
|
|t:|1758979795
|switch|p2a: Excadrill|Excadrill, F|100/100|[from] U-turn
|-damage|p2a: Excadrill|97/100|[from] Stealth Rock
|-ability|p2a: Excadrill|Mold Breaker
|
|-heal|p1a: Cinnastick|100/100|[from] item: Leftovers
|upkeep
|turn|6
|
|t:|1758979799
|switch|p1a: Liminalia|Alomomola, F|100/100
|move|p2a: Excadrill|Earthquake|p1a: Liminalia
|-damage|p1a: Liminalia|70/100
|
|upkeep
|turn|7
|
|t:|1758979805
|switch|p2a: Clodsire|Clodsire, M, shiny|100/100
|-damage|p2a: Clodsire|94/100|[from] Stealth Rock
|move|p1a: Liminalia|Scald|p2a: Clodsire
|-heal|p2a: Clodsire|100/100|[from] ability: Water Absorb|[of] p1a: Liminalia
|
|upkeep
|turn|8
|
|t:|1758979813
|switch|p1a: Cinnastick|Gholdengo|100/100
|move|p2a: Clodsire|Toxic|p1a: Cinnastick
|-immune|p1a: Cinnastick|[from] ability: Good as Gold
|
|upkeep
|turn|9
|
|t:|1758979817
|move|p1a: Cinnastick|Nasty Plot|p1a: Cinnastick
|-boost|p1a: Cinnastick|spa|2
|move|p2a: Clodsire|Earthquake|p1a: Cinnastick
|-supereffective|p1a: Cinnastick
|-damage|p1a: Cinnastick|63/100
|
|-heal|p1a: Cinnastick|70/100|[from] item: Leftovers
|upkeep
|turn|10
|
|t:|1758979822
|move|p1a: Cinnastick|Nasty Plot|p1a: Cinnastick
|-boost|p1a: Cinnastick|spa|2
|move|p2a: Clodsire|Earthquake|p1a: Cinnastick
|-supereffective|p1a: Cinnastick
|-damage|p1a: Cinnastick|34/100
|
|-heal|p1a: Cinnastick|40/100|[from] item: Leftovers
|upkeep
|turn|11
|
|t:|1758979830
|move|p1a: Cinnastick|Recover|p1a: Cinnastick
|-heal|p1a: Cinnastick|90/100
|move|p2a: Clodsire|Haze|p2a: Clodsire
|-clearallboost
|
|-heal|p1a: Cinnastick|96/100|[from] item: Leftovers
|upkeep
|turn|12
|
|t:|1758979834
|move|p1a: Cinnastick|Nasty Plot|p1a: Cinnastick
|-boost|p1a: Cinnastick|spa|2
|move|p2a: Clodsire|Earthquake|p1a: Cinnastick
|-supereffective|p1a: Cinnastick
|-damage|p1a: Cinnastick|61/100
|
|-heal|p1a: Cinnastick|67/100|[from] item: Leftovers
|upkeep
|turn|13
|
|t:|1758979839
|move|p1a: Cinnastick|Hex|p2a: Clodsire
|-damage|p2a: Clodsire|71/100
|move|p2a: Clodsire|Haze|p2a: Clodsire
|-clearallboost
|
|-heal|p1a: Cinnastick|73/100|[from] item: Leftovers
|-heal|p2a: Clodsire|77/100|[from] item: Leftovers
|upkeep
|turn|14
|
|t:|1758979845
|move|p1a: Cinnastick|Nasty Plot|p1a: Cinnastick
|-boost|p1a: Cinnastick|spa|2
|move|p2a: Clodsire|Earthquake|p1a: Cinnastick
|-supereffective|p1a: Cinnastick
|-damage|p1a: Cinnastick|39/100
|
|-heal|p1a: Cinnastick|45/100|[from] item: Leftovers
|-heal|p2a: Clodsire|84/100|[from] item: Leftovers
|upkeep
|turn|15
|
|t:|1758979852
|move|p1a: Cinnastick|Recover|p1a: Cinnastick
|-heal|p1a: Cinnastick|95/100
|move|p2a: Clodsire|Haze|p2a: Clodsire
|-clearallboost
|
|-heal|p1a: Cinnastick|100/100|[from] item: Leftovers
|-heal|p2a: Clodsire|90/100|[from] item: Leftovers
|upkeep
|turn|16
|
|t:|1758979858
|switch|p1a: Comet|Minior-Orange|100/100
|-formechange|p1a: Comet|Minior-Meteor||[from] ability: Shields Down
|move|p2a: Clodsire|Earthquake|p1a: Comet
|-immune|p1a: Comet
|
|-heal|p2a: Clodsire|96/100|[from] item: Leftovers
|upkeep
|turn|17
|
|t:|1758979866
|move|p1a: Comet|Shell Smash|p1a: Comet
|-unboost|p1a: Comet|def|1
|-unboost|p1a: Comet|spd|1
|-boost|p1a: Comet|atk|2
|-boost|p1a: Comet|spa|2
|-boost|p1a: Comet|spe|2
|-enditem|p1a: Comet|White Herb
|-clearnegativeboost|p1a: Comet|[silent]
|move|p2a: Clodsire|Haze|p2a: Clodsire
|-clearallboost
|
|-heal|p2a: Clodsire|100/100|[from] item: Leftovers
|upkeep
|turn|18
|
|t:|1758979893
|switch|p2a: Excadrill|Excadrill, F|97/100
|-damage|p2a: Excadrill|94/100|[from] Stealth Rock
|-ability|p2a: Excadrill|Mold Breaker
|move|p1a: Comet|Shell Smash|p1a: Comet
|-unboost|p1a: Comet|def|1
|-unboost|p1a: Comet|spd|1
|-boost|p1a: Comet|atk|2
|-boost|p1a: Comet|spa|2
|-boost|p1a: Comet|spe|2
|
|upkeep
|turn|19
|inactive|SadTanwa has 120 seconds left.
|
|t:|1758979912
|-terastallize|p1a: Comet|Fire
|move|p1a: Comet|Tera Blast|p2a: Excadrill|[anim] Tera Blast Fire
|-supereffective|p2a: Excadrill
|-damage|p2a: Excadrill|0 fnt
|faint|p2a: Excadrill
|
|upkeep
|inactive|SadTanwa has 120 seconds left.
|
|t:|1758979917
|switch|p2a: Dragapult|Dragapult, F, shiny|100/100
|-damage|p2a: Dragapult|88/100|[from] Stealth Rock
|turn|20
|
|t:|1758979920
|move|p1a: Comet|Acrobatics|p2a: Dragapult
|-damage|p2a: Dragapult|0 fnt
|faint|p2a: Dragapult
|
|upkeep
|-message|SadTanwa forfeited.
|
|win|Tatacool
|raw|Tatacool's rating: 1160 &rarr; <strong>1181</strong><br />(+21 for winning)
|raw|SadTanwa's rating: 1106 &rarr; <strong>1085</strong><br />(-21 for losing)
|l|☆SadTanwa
|player|p2|
|l|☆Tatacool
|player|p1|
