|j|☆TapuTeao
|j|☆iacidicowl
|t:|1759044348
|gametype|singles
|player|p1|TapuTeao|265|1585
|player|p2|iacidicowl|dahlia|1561
|gen|9
|tier|[Gen 9] OU
|rated|
|rule|HP Percentage Mod: HP is shown in percentages
|rule|Endless Battle Clause: Forcing endless battles is banned
|rule|Species Clause: Limit one of each Pokémon
|rule|OHKO Clause: OHKO moves are banned
|rule|Evasion Items Clause: Evasion items are banned
|rule|Evasion Moves Clause: Evasion moves are banned
|rule|Evasion Abilities Clause: Evasion abilities are banned
|rule|Sleep Moves Clause: Sleep-inducing moves are banned
|clearpoke
|poke|p1|Necrozma|
|poke|p1|Kingambit, F|
|poke|p1|Samurott-Hisui, F|
|poke|p1|Iron Treads|
|poke|p1|Pecharunt|
|poke|p1|Enamorus, F|
|poke|p2|Weezing-Galar, F|
|poke|p2|Slowking-Galar, M|
|poke|p2|Kyurem|
|poke|p2|Ogerpon-Wellspring, F|
|poke|p2|Gholdengo|
|poke|p2|Zamazenta-*|
|teampreview
|
|t:|1759044388
|teamsize|p1|6
|teamsize|p2|6
|start
|switch|p1a: Necrozma|Necrozma|100/100
|switch|p2a: Ogerpon|Ogerpon-Wellspring, F|100/100
|turn|1
|inactive|Battle timer is ON: inactive players will automatically lose when time's up. (requested by TapuTeao)
|
|t:|1759044399
|move|p2a: Ogerpon|Ivy Cudgel|p1a: Necrozma|[anim] Ivy Cudgel Water
|-crit|p1a: Necrozma
|-damage|p1a: Necrozma|32/100
|move|p1a: Necrozma|Photon Geyser|p2a: Ogerpon
|-damage|p2a: Ogerpon|33/100
|
|upkeep
|turn|2
|
|t:|1759044410
|move|p2a: Ogerpon|Horn Leech|p1a: Necrozma
|-damage|p1a: Necrozma|0 fnt
|-heal|p2a: Ogerpon|53/100|[from] drain|[of] p1a: Necrozma
|faint|p1a: Necrozma
|
|upkeep
|
|t:|1759044416
|switch|p1a: Pecharunt|Pecharunt|100/100
|-item|p1a: Pecharunt|Air Balloon
|turn|3
|
|t:|1759044422
|switch|p2a: Slowking|Slowking-Galar, M|100/100
|move|p1a: Pecharunt|Hex|p2a: Slowking
|-supereffective|p2a: Slowking
|-damage|p2a: Slowking|77/100
|
|upkeep
|turn|4
|
|t:|1759044427
|move|p1a: Pecharunt|Parting Shot|p2a: Slowking
|-unboost|p2a: Slowking|atk|1
|-unboost|p2a: Slowking|spa|1
|
|t:|1759044431
|switch|p1a: Kingambit|Kingambit, F|100/100|[from] Parting Shot
|-activate|p1a: Kingambit|ability: Supreme Overlord
|-start|p1a: Kingambit|fallen1|[silent]
|-prepare|p2a: Slowking|Chilly Reception|[premajor]
|move|p2a: Slowking|Chilly Reception|p2a: Slowking
|-weather|Snowscape
|
|t:|1759044456
|switch|p2a: Weezing|Weezing-Galar, F|100/100|[from] Chilly Reception
|-ability|p2a: Weezing|Neutralizing Gas
|
|-weather|Snowscape|[upkeep]
|upkeep
|turn|5
|
|t:|1759044467
|-end|p1a: Kingambit|fallen1|[silent]
|switch|p1a: Pecharunt|Pecharunt|100/100
|-item|p1a: Pecharunt|Air Balloon
|move|p2a: Weezing|Will-O-Wisp|p1a: Pecharunt|[miss]
|-miss|p2a: Weezing|p1a: Pecharunt
|
|-weather|Snowscape|[upkeep]
|upkeep
|turn|6
|
|t:|1759044475
|-end|p2a: Weezing|ability: Neutralizing Gas
|switch|p2a: Gholdengo|Gholdengo|100/100
|-item|p2a: Gholdengo|Air Balloon
|move|p1a: Pecharunt|Parting Shot|p2a: Gholdengo
|-immune|p2a: Gholdengo|[from] ability: Good as Gold
|
|-weather|Snowscape|[upkeep]
|upkeep
|turn|7
|-message|TapuTeao forfeited.
|
|win|iacidicowl
|raw|TapuTeao's rating: 1585 &rarr; <strong>1564</strong><br />(-21 for losing)
|raw|iacidicowl's rating: 1561 &rarr; <strong>1582</strong><br />(+21 for winning)
|l|☆TapuTeao
|player|p1|
|l|☆iacidicowl
|player|p2|
