|j|☆findmyhair
|j|☆Fairytale22244!
|t:|1758997600
|gametype|singles
|player|p1|findmyhair|acetrainercouple|1150
|player|p2|Fairytale22244!|265|1091
|gen|9
|tier|[Gen 9] OU
|rated|
|rule|HP Percentage Mod: HP is shown in percentages
|rule|Endless Battle Clause: Forcing endless battles is banned
|rule|Species Clause: Limit one of each Pokémon
|rule|OHKO Clause: OHKO moves are banned
|rule|Evasion Items Clause: Evasion items are banned
|rule|Evasion Moves Clause: Evasion moves are banned
|rule|Evasion Abilities Clause: Evasion abilities are banned
|rule|Sleep Moves Clause: Sleep-inducing moves are banned
|clearpoke
|poke|p1|Cresselia, F|
|poke|p1|Slowking-Galar, M|
|poke|p1|Iron Hands|
|poke|p1|Ursaluna, F|
|poke|p1|Crawdaunt, M|
|poke|p1|Klefki, M|
|poke|p2|Gardevoir, M|
|poke|p2|Weezing-Galar, F|
|poke|p2|Swalot, F|
|poke|p2|Vivillon-Icy Snow, F|
|poke|p2|Vikavolt, M|
|poke|p2|Latios, M|
|teampreview
|inactive|Battle timer is ON: inactive players will automatically lose when time's up. (requested by findmyhair)
|
|t:|1758997609
|teamsize|p1|6
|teamsize|p2|6
|start
|switch|p1a: Klefki|Klefki, M|100/100
|switch|p2a: Vikavolt|Vikavolt, M|100/100
|turn|1
|
|t:|1758997620
|move|p1a: Klefki|Reflect|p1a: Klefki
|-sidestart|p1: findmyhair|Reflect
|move|p2a: Vikavolt|Sticky Web|p1a: Klefki
|-sidestart|p1: findmyhair|move: Sticky Web
|
|upkeep
|turn|2
|
|t:|1758997628
|switch|p2a: Latios|Latios, M|100/100
|move|p1a: Klefki|Light Screen|p1a: Klefki
|-sidestart|p1: findmyhair|move: Light Screen
|
|upkeep
|turn|3
|
|t:|1758997632
|move|p1a: Klefki|Thunder Wave|p2a: Latios
|-status|p2a: Latios|par
|cant|p2a: Latios|par
|
|upkeep
|turn|4
|inactive|findmyhair has 120 seconds left.
|
|t:|1758997667
|switch|p1a: Cresselia|Cresselia, F|100/100
|move|p2a: Latios|Simple Beam|p1a: Cresselia
|-ability|p1a: Cresselia|Simple|Levitate|[from] move: Simple Beam
|
|upkeep
|turn|5
|inactive|findmyhair has 120 seconds left.
|
|t:|1758997685
|switch|p2a: Gardevoir|Gardevoir, M|100/100
|-ability|p2a: Gardevoir|Simple|Trace|[from] ability: Trace|[of] p1a: Cresselia
|move|p1a: Cresselia|Trick Room|p1a: Cresselia
|-fieldstart|move: Trick Room|[of] p1a: Cresselia
|
|upkeep
|turn|6
|inactive|findmyhair has 90 seconds left.
|
|t:|1758997732
|switch|p1a: Crawdaunt|Crawdaunt, M|100/100
|-activate|p1a: Crawdaunt|move: Sticky Web
|-unboost|p1a: Crawdaunt|spe|1
|move|p2a: Gardevoir|Calm Mind|p2a: Gardevoir
|-boost|p2a: Gardevoir|spa|2
|-boost|p2a: Gardevoir|spd|2
|
|upkeep
|turn|7
|
|t:|1758997749
|-terastallize|p2a: Gardevoir|Fairy
|move|p1a: Crawdaunt|Knock Off|p2a: Gardevoir
|-resisted|p2a: Gardevoir
|-damage|p2a: Gardevoir|37/100
|-enditem|p2a: Gardevoir|Starf Berry|[from] move: Knock Off|[of] p1a: Crawdaunt
|-damage|p1a: Crawdaunt|90/100|[from] item: Life Orb
|move|p2a: Gardevoir|Draining Kiss|p1a: Crawdaunt
|-supereffective|p1a: Crawdaunt
|-damage|p1a: Crawdaunt|0 fnt
|-heal|p2a: Gardevoir|100/100|[from] drain|[of] p1a: Crawdaunt
|faint|p1a: Crawdaunt
|
|upkeep
|
|t:|1758997761
|switch|p1a: Klefki|Klefki, M|100/100
|-activate|p1a: Klefki|move: Sticky Web
|-unboost|p1a: Klefki|spe|1
|turn|8
|
|t:|1758997773
|move|p1a: Klefki|Thunder Wave|p2a: Gardevoir
|-status|p2a: Gardevoir|par
|move|p2a: Gardevoir|Calm Mind|p2a: Gardevoir
|-boost|p2a: Gardevoir|spa|2
|-boost|p2a: Gardevoir|spd|2
|
|-sideend|p1: findmyhair|Reflect
|upkeep
|turn|9
|inactive|findmyhair has 90 seconds left.
|
|t:|1758997789
|switch|p1a: Cresselia|Cresselia, F|100/100
|move|p2a: Gardevoir|Calm Mind|p2a: Gardevoir
|-boost|p2a: Gardevoir|spa|2
|-boost|p2a: Gardevoir|spd|2
|
|-sideend|p1: findmyhair|move: Light Screen
|-fieldend|move: Trick Room
|upkeep
|turn|10
|
|t:|1758997798
|move|p2a: Gardevoir|Psychic Noise|p1a: Cresselia
|-resisted|p1a: Cresselia
|-damage|p1a: Cresselia|56/100
|-start|p1a: Cresselia|move: Heal Block
|-enditem|p1a: Cresselia|Mental Herb
|-end|p1a: Cresselia|move: Heal Block
|move|p1a: Cresselia|Trick Room|p1a: Cresselia
|-fieldstart|move: Trick Room|[of] p1a: Cresselia
|
|upkeep
|turn|11
|inactive|findmyhair has 90 seconds left.
|
|t:|1758997806
|switch|p1a: Klefki|Klefki, M|100/100
|-activate|p1a: Klefki|move: Sticky Web
|-unboost|p1a: Klefki|spe|1
|cant|p2a: Gardevoir|par
|
|upkeep
|turn|12
|
|t:|1758997812
|move|p1a: Klefki|Light Screen|p1a: Klefki
|-sidestart|p1: findmyhair|move: Light Screen
|move|p2a: Gardevoir|Stored Power|p1a: Klefki
|-resisted|p1a: Klefki
|-damage|p1a: Klefki|0 fnt
|faint|p1a: Klefki
|
|upkeep
|
|t:|1758997817
|switch|p1a: Ursaluna|Ursaluna, F|100/100
|-activate|p1a: Ursaluna|move: Sticky Web
|-unboost|p1a: Ursaluna|spe|1
|turn|13
|
|t:|1758997823
|move|p1a: Ursaluna|Protect|p1a: Ursaluna
|-singleturn|p1a: Ursaluna|Protect
|move|p2a: Gardevoir|Draining Kiss|p1a: Ursaluna
|-activate|p1a: Ursaluna|move: Protect
|
|-status|p1a: Ursaluna|brn|[from] item: Flame Orb
|upkeep
|turn|14
|
|t:|1758997829
|move|p1a: Ursaluna|Facade|p2a: Gardevoir
|-damage|p2a: Gardevoir|0 fnt
|faint|p2a: Gardevoir
|
|-damage|p1a: Ursaluna|94/100 brn|[from] brn
|-fieldend|move: Trick Room
|upkeep
|
|t:|1758997836
|switch|p2a: Latios|Latios, M|100/100 par
|turn|15
|
|t:|1758997839
|move|p2a: Latios|Simple Beam|p1a: Ursaluna
|-ability|p1a: Ursaluna|Simple|Guts|[from] move: Simple Beam
|move|p1a: Ursaluna|Facade|p2a: Latios
|-damage|p2a: Latios|0 fnt
|faint|p2a: Latios
|
|-damage|p1a: Ursaluna|88/100 brn|[from] brn
|upkeep
|
|t:|1758997846
|switch|p2a: snow white|Vivillon-Icy Snow, F, shiny|100/100
|turn|16
|
|t:|1758997850
|move|p2a: snow white|Quiver Dance|p2a: snow white
|-boost|p2a: snow white|spa|1
|-boost|p2a: snow white|spd|1
|-boost|p2a: snow white|spe|1
|move|p1a: Ursaluna|Facade|p2a: snow white
|-enditem|p2a: snow white|Focus Sash
|-damage|p2a: snow white|1/100
|
|-damage|p1a: Ursaluna|82/100 brn|[from] brn
|upkeep
|turn|17
|
|t:|1758997860
|move|p2a: snow white|Hurricane|p1a: Ursaluna
|-damage|p1a: Ursaluna|48/100 brn
|move|p1a: Ursaluna|Facade|p2a: snow white
|-damage|p2a: snow white|0 fnt
|faint|p2a: snow white
|
|-damage|p1a: Ursaluna|42/100 brn|[from] brn
|upkeep
|
|t:|1758997866
|switch|p2a: Vikavolt|Vikavolt, M|100/100
|turn|18
|
|t:|1758997872
|move|p2a: Vikavolt|Air Slash|p1a: Ursaluna
|-damage|p1a: Ursaluna|28/100 brn
|move|p1a: Ursaluna|Facade|p2a: Vikavolt
|-damage|p2a: Vikavolt|16/100
|
|-damage|p1a: Ursaluna|21/100 brn|[from] brn
|upkeep
|turn|19
|
|t:|1758997879
|move|p2a: Vikavolt|Bug Buzz|p1a: Ursaluna
|-damage|p1a: Ursaluna|0 fnt
|faint|p1a: Ursaluna
|
|-sideend|p1: findmyhair|move: Light Screen
|upkeep
|
|t:|1758997885
|switch|p1a: Slowking|Slowking-Galar, M|100/100
|-activate|p1a: Slowking|move: Sticky Web
|-unboost|p1a: Slowking|spe|1
|turn|20
|
|t:|1758997889
|move|p2a: Vikavolt|Bug Buzz|p1a: Slowking
|-damage|p1a: Slowking|52/100
|move|p1a: Slowking|Trick Room|p1a: Slowking
|-fieldstart|move: Trick Room|[of] p1a: Slowking
|
|-heal|p1a: Slowking|58/100|[from] item: Black Sludge
|upkeep
|turn|21
|
|t:|1758997895
|switch|p1a: Iron Hands|Iron Hands|100/100
|-activate|p1a: Iron Hands|move: Sticky Web
|-unboost|p1a: Iron Hands|spe|1
|move|p2a: Vikavolt|Bug Buzz|p1a: Iron Hands
|-resisted|p1a: Iron Hands
|-damage|p1a: Iron Hands|83/100
|
|upkeep
|turn|22
|
|t:|1758997915
|switch|p2a: Weezing|Weezing-Galar, F|100/100
|-fieldstart|move: Misty Terrain|[from] ability: Misty Surge|[of] p2a: Weezing
|move|p1a: Iron Hands|Ice Punch|p2a: Weezing
|-damage|p2a: Weezing|76/100
|
|upkeep
|turn|23
|
|t:|1758997930
|move|p1a: Iron Hands|Wild Charge|p2a: Weezing
|-damage|p2a: Weezing|30/100
|-damage|p1a: Iron Hands|75/100|[from] Recoil
|move|p2a: Weezing|Misty Explosion|p1a: Iron Hands
|-supereffective|p1a: Iron Hands
|-damage|p1a: Iron Hands|0 fnt
|faint|p2a: Weezing
|faint|p1a: Iron Hands
|-end|p1a: Iron Hands|Quark Drive|[silent]
|
|upkeep
|
|t:|1758997941
|switch|p1a: Slowking|Slowking-Galar, M|92/100
|switch|p2a: Swalot|Swalot, F, shiny|100/100
|-activate|p1a: Slowking|move: Sticky Web
|-unboost|p1a: Slowking|spe|1
|turn|24
|
|t:|1758997947
|move|p1a: Slowking|Nasty Plot|p1a: Slowking
|-boost|p1a: Slowking|spa|2
|move|p2a: Swalot|Stuff Cheeks|p2a: Swalot
|-boost|p2a: Swalot|def|2
|-enditem|p2a: Swalot|Starf Berry|[eat]
|-boost|p2a: Swalot|spd|2|[from] item: Starf Berry
|
|-heal|p1a: Slowking|98/100|[from] item: Black Sludge
|-fieldend|move: Trick Room
|upkeep
|turn|25
|
|t:|1758997957
|move|p2a: Swalot|Thief|p1a: Slowking
|-supereffective|p1a: Slowking
|-damage|p1a: Slowking|75/100
|-enditem|p1a: Slowking|Black Sludge|[silent]|[from] move: Thief|[of] p2a: Swalot
|-item|p2a: Swalot|Black Sludge|[from] move: Thief|[of] p1a: Slowking
|move|p1a: Slowking|Trick Room|p1a: Slowking
|-fieldstart|move: Trick Room|[of] p1a: Slowking
|
|upkeep
|turn|26
|
|t:|1758997965
|move|p1a: Slowking|Nasty Plot|p1a: Slowking
|-boost|p1a: Slowking|spa|2
|move|p2a: Swalot|Belch|p1a: Slowking
|-resisted|p1a: Slowking
|-damage|p1a: Slowking|61/100
|
|-fieldend|Misty Terrain
|upkeep
|turn|27
|
|t:|1758997972
|move|p1a: Slowking|Nasty Plot|p1a: Slowking
|-boost|p1a: Slowking|spa|2
|move|p2a: Swalot|Body Press|p1a: Slowking
|-resisted|p1a: Slowking
|-damage|p1a: Slowking|53/100
|
|upkeep
|turn|28
|
|t:|1758997978
|move|p1a: Slowking|Fire Blast|p2a: Swalot|[miss]
|-miss|p1a: Slowking|p2a: Swalot
|move|p2a: Swalot|Thief|p1a: Slowking
|-supereffective|p1a: Slowking
|-damage|p1a: Slowking|31/100
|
|upkeep
|turn|29
|
|t:|1758997984
|switch|p1a: Cresselia|Cresselia, F|56/100
|move|p2a: Swalot|Thief|p1a: Cresselia
|-supereffective|p1a: Cresselia
|-damage|p1a: Cresselia|44/100
|
|-fieldend|move: Trick Room
|upkeep
|turn|30
|
|t:|1758997990
|move|p1a: Cresselia|Lunar Blessing|p1a: Cresselia
|-heal|p1a: Cresselia|69/100
|move|p2a: Swalot|Thief|p1a: Cresselia
|-supereffective|p1a: Cresselia
|-damage|p1a: Cresselia|57/100
|
|upkeep
|turn|31
|
|t:|1758997998
|move|p2a: Swalot|Belch|p1a: Cresselia
|-damage|p1a: Cresselia|39/100
|move|p1a: Cresselia|Trick Room|p1a: Cresselia
|-fieldstart|move: Trick Room|[of] p1a: Cresselia
|
|upkeep
|turn|32
|
|t:|1758998003
|move|p2a: Swalot|Thief|p1a: Cresselia
|-supereffective|p1a: Cresselia
|-damage|p1a: Cresselia|26/100
|move|p1a: Cresselia|Lunar Blessing|p1a: Cresselia
|-heal|p1a: Cresselia|51/100
|
|upkeep
|turn|33
|
|t:|1758998010
|move|p2a: Swalot|Thief|p1a: Cresselia
|-supereffective|p1a: Cresselia
|-damage|p1a: Cresselia|38/100
|move|p1a: Cresselia|Lunar Blessing|p1a: Cresselia
|-heal|p1a: Cresselia|63/100
|
|upkeep
|turn|34
|
|t:|1758998016
|switch|p2a: Vikavolt|Vikavolt, M|16/100
|move|p1a: Cresselia|Psychic|p2a: Vikavolt
|-damage|p2a: Vikavolt|0 fnt
|faint|p2a: Vikavolt
|
|upkeep
|
|t:|1758998020
|switch|p2a: Swalot|Swalot, F, shiny|100/100
|turn|35
|
|t:|1758998024
|move|p2a: Swalot|Thief|p1a: Cresselia
|-supereffective|p1a: Cresselia
|-damage|p1a: Cresselia|52/100
|move|p1a: Cresselia|Psychic|p2a: Swalot
|-supereffective|p2a: Swalot
|-damage|p2a: Swalot|66/100
|
|-heal|p2a: Swalot|73/100|[from] item: Black Sludge
|-fieldend|move: Trick Room
|upkeep
|turn|36
|
|t:|1758998031
|move|p1a: Cresselia|Lunar Blessing|p1a: Cresselia
|-heal|p1a: Cresselia|77/100
|move|p2a: Swalot|Thief|p1a: Cresselia
|-supereffective|p1a: Cresselia
|-damage|p1a: Cresselia|65/100
|
|-heal|p2a: Swalot|79/100|[from] item: Black Sludge
|upkeep
|turn|37
|
|t:|1758998040
|move|p1a: Cresselia|Psychic|p2a: Swalot
|-supereffective|p2a: Swalot
|-damage|p2a: Swalot|47/100
|move|p2a: Swalot|Belch|p1a: Cresselia
|-damage|p1a: Cresselia|47/100
|
|-heal|p2a: Swalot|53/100|[from] item: Black Sludge
|upkeep
|turn|38
|
|t:|1758998052
|move|p1a: Cresselia|Psychic|p2a: Swalot
|-supereffective|p2a: Swalot
|-damage|p2a: Swalot|16/100
|move|p2a: Swalot|Thief|p1a: Cresselia
|-supereffective|p1a: Cresselia
|-damage|p1a: Cresselia|34/100
|
|-heal|p2a: Swalot|22/100|[from] item: Black Sludge
|upkeep
|turn|39
|
|t:|1758998060
|move|p1a: Cresselia|Psychic|p2a: Swalot
|-supereffective|p2a: Swalot
|-damage|p2a: Swalot|0 fnt
|faint|p2a: Swalot
|
|win|findmyhair
|raw|findmyhair's rating: 1150 &rarr; <strong>1171</strong><br />(+21 for winning)
|raw|Fairytale22244!'s rating: 1091 &rarr; <strong>1071</strong><br />(-20 for losing)
|l|☆Fairytale22244!
|player|p2|
