|j|‽jlce
|j|☆SlowStrokeSmith
|t:|1758918583
|gametype|singles
|player|p1|jlce|169|1434
|player|p2|SlowStrokeSmith|brycenman|1528
|gen|9
|tier|[Gen 9] OU
|rated|
|rule|HP Percentage Mod: HP is shown in percentages
|rule|Endless Battle Clause: Forcing endless battles is banned
|rule|Species Clause: Limit one of each Pokémon
|rule|OHKO Clause: OHKO moves are banned
|rule|Evasion Items Clause: Evasion items are banned
|rule|Evasion Moves Clause: Evasion moves are banned
|rule|Evasion Abilities Clause: Evasion abilities are banned
|rule|Sleep Moves Clause: Sleep-inducing moves are banned
|clearpoke
|poke|p1|Skeledirge, M|
|poke|p1|Smeargle, F|
|poke|p1|Zoroark-Hisui, F|
|poke|p1|Gholdengo|
|poke|p1|Quaquaval, M|
|poke|p1|Gallade, M|
|poke|p2|Iron Crown|
|poke|p2|Great Tusk|
|poke|p2|Darkrai|
|poke|p2|Ogerpon-Wellspring, F|
|poke|p2|Zapdos|
|poke|p2|Dragonite, M|
|teampreview
|inactive|Battle timer is ON: inactive players will automatically lose when time's up. (requested by SlowStrokeSmith)
|
|t:|1758918607
|teamsize|p1|6
|teamsize|p2|6
|start
|switch|p1a: Smeargle|Smeargle, F|100/100
|switch|p2a: Iron Crown|Iron Crown|100/100
|turn|1
|
|t:|1758918611
|move|p1a: Smeargle|Shadow Ball|p2a: Iron Crown
|-supereffective|p2a: Iron Crown
|-damage|p2a: Iron Crown|0 fnt
|faint|p2a: Iron Crown
|-end|p2a: Iron Crown|Quark Drive|[silent]
|
|upkeep
|
|t:|1758918617
|switch|p2a: Darkrai|Darkrai|100/100
|turn|2
|
|t:|1758918624
|switch|p2a: Ogerpon|Ogerpon-Wellspring, F|100/100
|switch|p1a: Quaquaval|Quaquaval, M|100/100
|
|upkeep
|turn|3
|
|t:|1758918636
|switch|p1a: Smeargle|Smeargle, F|100/100
|move|p2a: Ogerpon|Horn Leech|p1a: Smeargle
|-enditem|p1a: Smeargle|Focus Sash
|-damage|p1a: Smeargle|1/100
|
|upkeep
|turn|4
|
|t:|1758918642
|move|p1a: Smeargle|Burning Bulwark|p1a: Smeargle
|-singleturn|p1a: Smeargle|move: Protect
|move|p2a: Ogerpon|Ivy Cudgel|p1a: Smeargle|[anim] Ivy Cudgel Water
|-activate|p1a: Smeargle|move: Protect
|
|upkeep
|turn|5
|
|t:|1758918646
|move|p2a: Ogerpon|Ivy Cudgel|p1a: Smeargle|[anim] Ivy Cudgel Water
|-damage|p1a: Smeargle|0 fnt
|faint|p1a: Smeargle
|
|upkeep
|
|t:|1758918652
|switch|p1a: Gallade|Gallade, M|100/100
|turn|6
|
|t:|1758918662
|switch|p2a: Great Tusk|Great Tusk|100/100
|move|p1a: Gallade|Agility|p1a: Gallade
|-boost|p1a: Gallade|spe|2
|
|upkeep
|turn|7
|
|t:|1758918667
|-terastallize|p2a: Great Tusk|Water
|move|p1a: Gallade|Psycho Cut|p2a: Great Tusk
|-damage|p2a: Great Tusk|52/100
|-damage|p1a: Gallade|91/100|[from] item: Life Orb
|move|p2a: Great Tusk|Headlong Rush|p1a: Gallade
|-damage|p1a: Gallade|0 fnt
|-unboost|p2a: Great Tusk|def|1
|-unboost|p2a: Great Tusk|spd|1
|faint|p1a: Gallade
|
|upkeep
|
|t:|1758918671
|switch|p1a: Quaquaval|Quaquaval, M|100/100
|turn|8
|
|t:|1758918678
|-end|p2a: Great Tusk|Protosynthesis|[silent]
|switch|p2a: Zapdos|Zapdos|100/100
|move|p1a: Quaquaval|Tera Blast|p2a: Zapdos
|-damage|p2a: Zapdos|59/100
|
|upkeep
|turn|9
|
|t:|1758918684
|move|p1a: Quaquaval|Tera Blast|p2a: Zapdos
|-damage|p2a: Zapdos|17/100
|move|p2a: Zapdos|Volt Switch|p1a: Quaquaval
|-damage|p1a: Quaquaval|36/100
|replace|p1a: Zoroark|Zoroark-Hisui, F
|-end|p1a: Zoroark|Illusion
|
|t:|1758918687
|switch|p2a: Darkrai|Darkrai|100/100|[from] Volt Switch
|
|upkeep
|turn|10
|
|t:|1758918691
|switch|p1a: Quaquaval|Quaquaval, M|100/100
|move|p2a: Darkrai|Sludge Bomb|p1a: Quaquaval
|-damage|p1a: Quaquaval|54/100
|
|upkeep
|turn|11
|
|t:|1758918696
|switch|p2a: Zapdos|Zapdos|17/100
|move|p1a: Quaquaval|Close Combat|p2a: Zapdos
|-resisted|p2a: Zapdos
|-damage|p2a: Zapdos|0 fnt
|-unboost|p1a: Quaquaval|def|1
|-unboost|p1a: Quaquaval|spd|1
|faint|p2a: Zapdos
|-ability|p1a: Quaquaval|Moxie|boost
|-boost|p1a: Quaquaval|atk|1
|
|upkeep
|
|t:|1758918700
|switch|p2a: Ogerpon|Ogerpon-Wellspring, F|100/100
|turn|12
|
|t:|1758918717
|move|p2a: Ogerpon|Horn Leech|p1a: Quaquaval
|-supereffective|p1a: Quaquaval
|-damage|p1a: Quaquaval|0 fnt
|faint|p1a: Quaquaval
|
|upkeep
|-message|jlce forfeited.
|
|win|SlowStrokeSmith
|raw|jlce's rating: 1434 &rarr; <strong>1419</strong><br />(-15 for losing)
|raw|SlowStrokeSmith's rating: 1528 &rarr; <strong>1543</strong><br />(+15 for winning)
|l|‽jlce
|player|p1|
|c|☆SlowStrokeSmith|L
|l|☆SlowStrokeSmith
|player|p2|
