|badge|p2|bronze|gen9ou|100-6
|html|<div class="broadcast-red"><strong>This battle is required to be public due to one or more player having a season medal.</strong><br />During the public phase, you can discuss the state of the ladder <a href="/seasondiscussion">in a special chatroom.</a></div>
|uhtml|medal-msg|<div class="broadcast-blue">Curious what those medals under the avatar are? PS now has Ladder Seasons! For more information, check out the <a href="https://www.smogon.com/forums/threads/3740067/">thread on Smogon.</a></div>
|raw|<div class="broadcast-blue"><strong>This battle is required to be public due to a player having a name starting with 'medal'.</div>
|j|☆jamel1
|j|☆LudwigFrog
|t:|1758989561
|gametype|singles
|player|p1|jamel1|cyrus|1768
|player|p2|LudwigFrog|hilbert-wonderlauncher|1896
|gen|9
|tier|[Gen 9] OU
|rated|
|rule|HP Percentage Mod: HP is shown in percentages
|rule|Endless Battle Clause: Forcing endless battles is banned
|rule|Species Clause: Limit one of each Pokémon
|rule|OHKO Clause: OHKO moves are banned
|rule|Evasion Items Clause: Evasion items are banned
|rule|Evasion Moves Clause: Evasion moves are banned
|rule|Evasion Abilities Clause: Evasion abilities are banned
|rule|Sleep Moves Clause: Sleep-inducing moves are banned
|clearpoke
|poke|p1|Sandaconda, F|
|poke|p1|Deoxys-Defense|
|poke|p1|Gyarados, F|
|poke|p1|Maushold|
|poke|p1|Serperior, M|
|poke|p1|Kommo-o, M|
|poke|p2|Weavile, F|
|poke|p2|Gliscor, F|
|poke|p2|Ting-Lu|
|poke|p2|Zamazenta-*|
|poke|p2|Slowking-Galar, F|
|poke|p2|Rotom-Wash|
|teampreview
|inactive|Battle timer is ON: inactive players will automatically lose when time's up. (requested by LudwigFrog)
|j| Just Icicle
|c| Just Icicle|yo is that my team?
|c|☆LudwigFrog|No?
|inactive|LudwigFrog has 120 seconds left.
|c| Just Icicle|oh, I guess I just have the same 6
|c|☆LudwigFrog|Unless you meant the other
|
|t:|1758989617
|teamsize|p1|6
|teamsize|p2|6
|start
|switch|p1a: Sandaconda|Sandaconda, F|100/100
|switch|p2a: Gliscor|Gliscor, F|100/100
|turn|1
|c| Just Icicle|no I was talking about yours
|
|t:|1758989620
|move|p2a: Gliscor|Protect|p2a: Gliscor
|-singleturn|p2a: Gliscor|Protect
|move|p1a: Sandaconda|Glare|p2a: Gliscor
|-activate|p2a: Gliscor|move: Protect
|
|-status|p2a: Gliscor|tox|[from] item: Toxic Orb
|upkeep
|turn|2
|
|t:|1758989622
|move|p1a: Sandaconda|Stealth Rock|p2a: Gliscor
|-sidestart|p2: LudwigFrog|move: Stealth Rock
|move|p2a: Gliscor|Toxic|p1a: Sandaconda
|-status|p1a: Sandaconda|tox
|
|-damage|p1a: Sandaconda|95/100 tox|[from] psn
|upkeep
|turn|3
|
|t:|1758989627
|move|p1a: Sandaconda|Iron Head|p2a: Gliscor
|-damage|p2a: Gliscor|83/100 tox
|cant|p2a: Gliscor|flinch
|
|-damage|p1a: Sandaconda|83/100 tox|[from] psn
|-heal|p2a: Gliscor|95/100 tox|[from] ability: Poison Heal
|upkeep
|turn|4
|
|t:|1758989630
|move|p1a: Sandaconda|Iron Head|p2a: Gliscor
|-damage|p2a: Gliscor|77/100 tox
|cant|p2a: Gliscor|flinch
|
|-activate|p1a: Sandaconda|ability: Shed Skin
|-curestatus|p1a: Sandaconda|tox|[msg]
|-heal|p2a: Gliscor|90/100 tox|[from] ability: Poison Heal
|upkeep
|turn|5
|
|t:|1758989636
|move|p1a: Sandaconda|Iron Head|p2a: Gliscor
|-damage|p2a: Gliscor|69/100 tox
|move|p2a: Gliscor|Toxic|p1a: Sandaconda
|-status|p1a: Sandaconda|tox
|
|-activate|p1a: Sandaconda|ability: Shed Skin
|-curestatus|p1a: Sandaconda|tox|[msg]
|-heal|p2a: Gliscor|82/100 tox|[from] ability: Poison Heal
|upkeep
|turn|6
|
|t:|1758989641
|move|p1a: Sandaconda|Iron Head|p2a: Gliscor
|-damage|p2a: Gliscor|61/100 tox
|cant|p2a: Gliscor|flinch
|
|-heal|p2a: Gliscor|74/100 tox|[from] ability: Poison Heal
|upkeep
|turn|7
|
|t:|1758989645
|move|p2a: Gliscor|Protect|p2a: Gliscor
|-singleturn|p2a: Gliscor|Protect
|move|p1a: Sandaconda|Iron Head|p2a: Gliscor
|-activate|p2a: Gliscor|move: Protect
|
|-heal|p2a: Gliscor|86/100 tox|[from] ability: Poison Heal
|upkeep
|turn|8
|
|t:|1758989650
|move|p1a: Sandaconda|Iron Head|p2a: Gliscor
|-damage|p2a: Gliscor|68/100 tox
|cant|p2a: Gliscor|flinch
|
|-heal|p2a: Gliscor|80/100 tox|[from] ability: Poison Heal
|upkeep
|turn|9
|
|t:|1758989654
|move|p2a: Gliscor|Protect|p2a: Gliscor
|-singleturn|p2a: Gliscor|Protect
|move|p1a: Sandaconda|Iron Head|p2a: Gliscor
|-activate|p2a: Gliscor|move: Protect
|
|-heal|p2a: Gliscor|93/100 tox|[from] ability: Poison Heal
|upkeep
|turn|10
|
|t:|1758989656
|move|p1a: Sandaconda|Iron Head|p2a: Gliscor
|-damage|p2a: Gliscor|74/100 tox
|move|p2a: Gliscor|Toxic|p1a: Sandaconda
|-status|p1a: Sandaconda|tox
|
|-damage|p1a: Sandaconda|77/100 tox|[from] psn
|-heal|p2a: Gliscor|86/100 tox|[from] ability: Poison Heal
|upkeep
|turn|11
|
|t:|1758989660
|move|p1a: Sandaconda|Iron Head|p2a: Gliscor
|-damage|p2a: Gliscor|67/100 tox
|move|p2a: Gliscor|Spikes|p1a: Sandaconda
|-sidestart|p1: jamel1|Spikes
|
|-damage|p1a: Sandaconda|65/100 tox|[from] psn
|-heal|p2a: Gliscor|79/100 tox|[from] ability: Poison Heal
|upkeep
|turn|12
|
|t:|1758989666
|move|p1a: Sandaconda|Iron Head|p2a: Gliscor
|-damage|p2a: Gliscor|60/100 tox
|move|p2a: Gliscor|Spikes|p1a: Sandaconda
|-sidestart|p1: jamel1|Spikes
|
|-damage|p1a: Sandaconda|47/100 tox|[from] psn
|-heal|p2a: Gliscor|73/100 tox|[from] ability: Poison Heal
|upkeep
|turn|13
|
|t:|1758989670
|move|p2a: Gliscor|Protect|p2a: Gliscor
|-singleturn|p2a: Gliscor|Protect
|move|p1a: Sandaconda|Iron Head|p2a: Gliscor
|-activate|p2a: Gliscor|move: Protect
|
|-activate|p1a: Sandaconda|ability: Shed Skin
|-curestatus|p1a: Sandaconda|tox|[msg]
|-heal|p2a: Gliscor|85/100 tox|[from] ability: Poison Heal
|upkeep
|turn|14
|
|t:|1758989672
|switch|p2a: Rotom|Rotom-Wash|100/100
|-damage|p2a: Rotom|88/100|[from] Stealth Rock
|move|p1a: Sandaconda|Iron Head|p2a: Rotom
|-resisted|p2a: Rotom
|-damage|p2a: Rotom|83/100
|
|-heal|p2a: Rotom|90/100|[from] item: Leftovers
|upkeep
|turn|15
|
|t:|1758989679
|move|p1a: Sandaconda|Iron Head|p2a: Rotom
|-resisted|p2a: Rotom
|-damage|p2a: Rotom|84/100
|move|p2a: Rotom|Hydro Pump|p1a: Sandaconda
|-supereffective|p1a: Sandaconda
|-damage|p1a: Sandaconda|0 fnt
|faint|p1a: Sandaconda
|
|-heal|p2a: Rotom|91/100|[from] item: Leftovers
|upkeep
|
|t:|1758989683
|switch|p1a: Serperior|Serperior, M, shiny|100/100
|-damage|p1a: Serperior|84/100|[from] Spikes
|turn|16
|
|t:|1758989690
|switch|p2a: Slowking|Slowking-Galar, F|100/100
|move|p1a: Serperior|Light Screen|p1a: Serperior
|-sidestart|p1: jamel1|move: Light Screen
|
|upkeep
|turn|17
|
|t:|1758989694
|move|p1a: Serperior|Reflect|p1a: Serperior
|-sidestart|p1: jamel1|Reflect
|move|p2a: Slowking|Future Sight|p1a: Serperior
|-start|p2a: Slowking|move: Future Sight
|
|upkeep
|turn|18
|
|t:|1758989697
|move|p1a: Serperior|Leaf Storm|p2a: Slowking
|-resisted|p2a: Slowking
|-damage|p2a: Slowking|83/100
|-boost|p1a: Serperior|spa|2
|move|p2a: Slowking|Sludge Bomb|p1a: Serperior
|-supereffective|p1a: Serperior
|-damage|p1a: Serperior|46/100
|
|upkeep
|turn|19
|
|t:|1758989705
|move|p1a: Serperior|Tera Blast|p2a: Slowking
|-damage|p2a: Slowking|52/100
|-prepare|p2a: Slowking|Chilly Reception|[premajor]
|move|p2a: Slowking|Chilly Reception|p2a: Slowking
|-weather|Snowscape
|
|t:|1758989708
|switch|p2a: Weavile|Weavile, F|100/100|[from] Chilly Reception
|-ability|p2a: Weavile|Pressure
|
|-weather|Snowscape|[upkeep]
|-end|p1a: Serperior|move: Future Sight
|-damage|p1a: Serperior|20/100
|upkeep
|turn|20
|
|t:|1758989715
|move|p2a: Weavile|Knock Off|p1a: Serperior
|-damage|p1a: Serperior|0 fnt
|-enditem|p1a: Serperior|Light Clay|[from] move: Knock Off|[of] p2a: Weavile
|faint|p1a: Serperior
|
|-weather|Snowscape|[upkeep]
|upkeep
|
|t:|1758989718
|switch|p1a: Deoxys|Deoxys-Defense|100/100
|-damage|p1a: Deoxys|84/100|[from] Spikes
|-ability|p1a: Deoxys|Pressure
|turn|21
|
|t:|1758989720
|switch|p2a: Ting-Lu|Ting-Lu|100/100
|-damage|p2a: Ting-Lu|94/100|[from] Stealth Rock
|-ability|p2a: Ting-Lu|Vessel of Ruin
|move|p1a: Deoxys|Cosmic Power|p1a: Deoxys
|-boost|p1a: Deoxys|def|1
|-boost|p1a: Deoxys|spd|1
|
|-weather|Snowscape|[upkeep]
|-heal|p2a: Ting-Lu|100/100|[from] item: Leftovers
|upkeep
|turn|22
|
|t:|1758989724
|switch|p1a: Maushold|Maushold|100/100
|-damage|p1a: Maushold|84/100|[from] Spikes
|move|p2a: Ting-Lu|Stealth Rock|p1a: Maushold
|-sidestart|p1: jamel1|move: Stealth Rock
|
|-weather|Snowscape|[upkeep]
|upkeep
|turn|23
|
|t:|1758989728
|switch|p2a: Rotom|Rotom-Wash|91/100
|-damage|p2a: Rotom|78/100|[from] Stealth Rock
|move|p1a: Maushold|Tidy Up|p1a: Maushold
|-sideend|p1: jamel1|Spikes
|-sideend|p1: jamel1|Stealth Rock
|-sideend|p2: LudwigFrog|Stealth Rock
|-activate|p1a: Maushold|move: Tidy Up
|-boost|p1a: Maushold|atk|1
|-boost|p1a: Maushold|spe|1
|
|-weather|none
|-heal|p2a: Rotom|84/100|[from] item: Leftovers
|-sideend|p1: jamel1|move: Light Screen
|upkeep
|turn|24
|
|t:|1758989732
|-terastallize|p2a: Rotom|Steel
|move|p1a: Maushold|Population Bomb|p2a: Rotom
|-resisted|p2a: Rotom
|-damage|p2a: Rotom|78/100
|-resisted|p2a: Rotom
|-damage|p2a: Rotom|72/100
|-resisted|p2a: Rotom
|-crit|p2a: Rotom
|-damage|p2a: Rotom|62/100
|-resisted|p2a: Rotom
|-damage|p2a: Rotom|56/100
|-resisted|p2a: Rotom
|-damage|p2a: Rotom|49/100
|-resisted|p2a: Rotom
|-damage|p2a: Rotom|43/100
|-resisted|p2a: Rotom
|-damage|p2a: Rotom|37/100
|-resisted|p2a: Rotom
|-damage|p2a: Rotom|31/100
|-resisted|p2a: Rotom
|-damage|p2a: Rotom|25/100
|-resisted|p2a: Rotom
|-damage|p2a: Rotom|18/100
|-hitcount|p2a: Rotom|10
|move|p2a: Rotom|Will-O-Wisp|p1a: Maushold
|-status|p1a: Maushold|brn
|
|-heal|p2a: Rotom|24/100|[from] item: Leftovers
|-damage|p1a: Maushold|78/100 brn|[from] brn
|-sideend|p1: jamel1|Reflect
|upkeep
|turn|25
|
|t:|1758989740
|switch|p2a: Ting-Lu|Ting-Lu|100/100
|-ability|p2a: Ting-Lu|Vessel of Ruin
|move|p1a: Maushold|Population Bomb|p2a: Ting-Lu
|-damage|p2a: Ting-Lu|96/100
|-damage|p2a: Ting-Lu|92/100
|-damage|p2a: Ting-Lu|88/100
|-crit|p2a: Ting-Lu
|-damage|p2a: Ting-Lu|81/100
|-damage|p2a: Ting-Lu|76/100
|-damage|p2a: Ting-Lu|72/100
|-damage|p2a: Ting-Lu|67/100
|-damage|p2a: Ting-Lu|63/100
|-crit|p2a: Ting-Lu
|-damage|p2a: Ting-Lu|57/100
|-damage|p2a: Ting-Lu|53/100
|-hitcount|p2a: Ting-Lu|10
|
|-heal|p2a: Ting-Lu|59/100|[from] item: Leftovers
|-damage|p1a: Maushold|72/100 brn|[from] brn
|upkeep
|turn|26
|
|t:|1758989745
|move|p1a: Maushold|Tidy Up|p1a: Maushold
|-boost|p1a: Maushold|atk|1
|-boost|p1a: Maushold|spe|1
|move|p2a: Ting-Lu|Earthquake|p1a: Maushold
|-damage|p1a: Maushold|37/100 brn
|
|-heal|p2a: Ting-Lu|65/100|[from] item: Leftovers
|-damage|p1a: Maushold|31/100 brn|[from] brn
|upkeep
|turn|27
|
|t:|1758989748
|switch|p2a: Rotom|Rotom-Wash, tera:Steel|24/100
|move|p1a: Maushold|Population Bomb|p2a: Rotom
|-resisted|p2a: Rotom
|-damage|p2a: Rotom|20/100
|-resisted|p2a: Rotom
|-damage|p2a: Rotom|16/100
|-hitcount|p2a: Rotom|2
|
|-heal|p2a: Rotom|22/100|[from] item: Leftovers
|-damage|p1a: Maushold|25/100 brn|[from] brn
|upkeep
|turn|28
|
|t:|1758989754
|move|p1a: Maushold|Population Bomb|p2a: Rotom
|-resisted|p2a: Rotom
|-damage|p2a: Rotom|18/100
|-resisted|p2a: Rotom
|-damage|p2a: Rotom|13/100
|-resisted|p2a: Rotom
|-damage|p2a: Rotom|9/100
|-resisted|p2a: Rotom
|-damage|p2a: Rotom|5/100
|-resisted|p2a: Rotom
|-damage|p2a: Rotom|1/100
|-resisted|p2a: Rotom
|-damage|p2a: Rotom|0 fnt
|faint|p2a: Rotom
|-hitcount|p2: Rotom|6
|
|-damage|p1a: Maushold|19/100 brn|[from] brn
|upkeep
|
|t:|1758989755
|switch|p2a: Weavile|Weavile, F|100/100
|-ability|p2a: Weavile|Pressure
|turn|29
|
|t:|1758989758
|move|p2a: Weavile|Ice Shard|p1a: Maushold
|-damage|p1a: Maushold|1/100 brn
|move|p1a: Maushold|Thunder Wave|p2a: Weavile
|-status|p2a: Weavile|par
|
|-damage|p1a: Maushold|0 fnt|[from] brn
|faint|p1a: Maushold
|upkeep
|
|t:|1758989771
|switch|p1a: Kommo-o|Kommo-o, M|100/100
|turn|30
|
|t:|1758989776
|move|p1a: Kommo-o|Clangorous Soul|p1a: Kommo-o
|-boost|p1a: Kommo-o|atk|1
|-boost|p1a: Kommo-o|def|1
|-boost|p1a: Kommo-o|spa|1
|-boost|p1a: Kommo-o|spd|1
|-boost|p1a: Kommo-o|spe|1
|-damage|p1a: Kommo-o|68/100
|move|p2a: Weavile|Triple Axel|p1a: Kommo-o
|-supereffective|p1a: Kommo-o
|-damage|p1a: Kommo-o|56/100
|-supereffective|p1a: Kommo-o
|-damage|p1a: Kommo-o|29/100
|-supereffective|p1a: Kommo-o
|-damage|p1a: Kommo-o|0 fnt
|faint|p1a: Kommo-o
|-hitcount|p1: Kommo-o|3
|
|upkeep
|j| cryyysneasel
|
|t:|1758989785
|switch|p1a: Deoxys|Deoxys-Defense|84/100
|-ability|p1a: Deoxys|Pressure
|turn|31
|
|t:|1758989788
|switch|p2a: Ting-Lu|Ting-Lu|65/100
|-ability|p2a: Ting-Lu|Vessel of Ruin
|move|p1a: Deoxys|Cosmic Power|p1a: Deoxys
|-boost|p1a: Deoxys|def|1
|-boost|p1a: Deoxys|spd|1
|
|-heal|p2a: Ting-Lu|71/100|[from] item: Leftovers
|upkeep
|turn|32
|
|t:|1758989791
|switch|p1a: Gyarados|Gyarados, F, shiny|100/100
|move|p2a: Ting-Lu|Stealth Rock|p1a: Gyarados
|-sidestart|p1: jamel1|move: Stealth Rock
|
|-heal|p2a: Ting-Lu|78/100|[from] item: Leftovers
|upkeep
|turn|33
|
|t:|1758989793
|move|p1a: Gyarados|Waterfall|p2a: Ting-Lu
|-supereffective|p2a: Ting-Lu
|-damage|p2a: Ting-Lu|30/100
|move|p2a: Ting-Lu|Whirlwind|p1a: Gyarados
|drag|p1a: Deoxys|Deoxys-Defense|84/100
|-damage|p1a: Deoxys|72/100|[from] Stealth Rock
|-ability|p1a: Deoxys|Pressure
|
|-heal|p2a: Ting-Lu|37/100|[from] item: Leftovers
|upkeep
|turn|34
|
|t:|1758989797
|move|p1a: Deoxys|Low Sweep|p2a: Ting-Lu
|-supereffective|p2a: Ting-Lu
|-damage|p2a: Ting-Lu|24/100
|-unboost|p2a: Ting-Lu|spe|1
|move|p2a: Ting-Lu|Ruination|p1a: Deoxys
|-damage|p1a: Deoxys|36/100
|
|-heal|p2a: Ting-Lu|30/100|[from] item: Leftovers
|upkeep
|turn|35
|
|t:|1758989801
|move|p1a: Deoxys|Low Sweep|p2a: Ting-Lu
|-supereffective|p2a: Ting-Lu
|-damage|p2a: Ting-Lu|18/100
|-unboost|p2a: Ting-Lu|spe|1
|move|p2a: Ting-Lu|Earthquake|p1a: Deoxys
|-damage|p1a: Deoxys|13/100
|
|-heal|p2a: Ting-Lu|25/100|[from] item: Leftovers
|upkeep
|turn|36
|
|t:|1758989804
|switch|p2a: Gliscor|Gliscor, F|85/100 tox
|move|p1a: Deoxys|Recover|p1a: Deoxys
|-heal|p1a: Deoxys|63/100
|
|-heal|p2a: Gliscor|98/100 tox|[from] ability: Poison Heal
|upkeep
|turn|37
|
|t:|1758989809
|-terastallize|p1a: Deoxys|Steel
|move|p2a: Gliscor|Toxic|p1a: Deoxys
|-immune|p1a: Deoxys
|move|p1a: Deoxys|Cosmic Power|p1a: Deoxys
|-boost|p1a: Deoxys|def|1
|-boost|p1a: Deoxys|spd|1
|
|-heal|p2a: Gliscor|100/100 tox|[from] ability: Poison Heal
|upkeep
|turn|38
|
|t:|1758989813
|switch|p2a: Ting-Lu|Ting-Lu|25/100
|-ability|p2a: Ting-Lu|Vessel of Ruin
|move|p1a: Deoxys|Cosmic Power|p1a: Deoxys
|-boost|p1a: Deoxys|def|1
|-boost|p1a: Deoxys|spd|1
|
|-heal|p2a: Ting-Lu|31/100|[from] item: Leftovers
|upkeep
|turn|39
|
|t:|1758989815
|move|p1a: Deoxys|Low Sweep|p2a: Ting-Lu
|-supereffective|p2a: Ting-Lu
|-damage|p2a: Ting-Lu|19/100
|-unboost|p2a: Ting-Lu|spe|1
|move|p2a: Ting-Lu|Whirlwind|p1a: Deoxys
|drag|p1a: Gyarados|Gyarados, F, shiny|100/100
|-damage|p1a: Gyarados|76/100|[from] Stealth Rock
|
|-heal|p1a: Gyarados|82/100|[from] item: Leftovers
|-heal|p2a: Ting-Lu|25/100|[from] item: Leftovers
|upkeep
|turn|40
|
|t:|1758989818
|switch|p2a: Zamazenta|Zamazenta|100/100
|-ability|p2a: Zamazenta|Dauntless Shield|boost
|-boost|p2a: Zamazenta|def|1
|move|p1a: Gyarados|Dragon Dance|p1a: Gyarados
|-boost|p1a: Gyarados|atk|1
|-boost|p1a: Gyarados|spe|1
|
|-heal|p1a: Gyarados|88/100|[from] item: Leftovers
|upkeep
|turn|41
|
|t:|1758989820
|move|p1a: Gyarados|Waterfall|p2a: Zamazenta
|-damage|p2a: Zamazenta|61/100
|move|p2a: Zamazenta|Stone Edge|p1a: Gyarados|[miss]
|-miss|p2a: Zamazenta|p1a: Gyarados
|
|-heal|p1a: Gyarados|94/100|[from] item: Leftovers
|upkeep
|turn|42
|
|t:|1758989824
|move|p1a: Gyarados|Waterfall|p2a: Zamazenta
|-damage|p2a: Zamazenta|21/100
|move|p2a: Zamazenta|Stone Edge|p1a: Gyarados|[miss]
|-miss|p2a: Zamazenta|p1a: Gyarados
|
|-heal|p1a: Gyarados|99/100|[from] item: Leftovers
|upkeep
|turn|43
|
|t:|1758989832
|move|p1a: Gyarados|Waterfall|p2a: Zamazenta
|-damage|p2a: Zamazenta|0 fnt
|faint|p2a: Zamazenta
|-ability|p1a: Gyarados|Moxie|boost
|-boost|p1a: Gyarados|atk|1
|
|-heal|p1a: Gyarados|100/100|[from] item: Leftovers
|upkeep
|
|t:|1758989835
|switch|p2a: Slowking|Slowking-Galar, F|85/100
|turn|44
|
|t:|1758989837
|move|p1a: Gyarados|Substitute|p1a: Gyarados
|-start|p1a: Gyarados|Substitute
|-damage|p1a: Gyarados|76/100
|move|p2a: Slowking|Sludge Bomb|p1a: Gyarados
|-end|p1a: Gyarados|Substitute
|
|-heal|p1a: Gyarados|82/100|[from] item: Leftovers
|upkeep
|turn|45
|
|t:|1758989841
|move|p1a: Gyarados|Earthquake|p2a: Slowking
|-supereffective|p2a: Slowking
|-damage|p2a: Slowking|0 fnt
|faint|p2a: Slowking
|-ability|p1a: Gyarados|Moxie|boost
|-boost|p1a: Gyarados|atk|1
|
|-heal|p1a: Gyarados|88/100|[from] item: Leftovers
|upkeep
|-message|LudwigFrog forfeited.
|
|win|jamel1
|raw|jamel1's rating: 1768 &rarr; <strong>1795</strong><br />(+27 for winning)
|raw|LudwigFrog's rating: 1896 &rarr; <strong>1869</strong><br />(-27 for losing)
|l|☆LudwigFrog
|player|p2|
|l|☆jamel1
|player|p1|
|j| amefurikoneko
|l| amefurikoneko
|l| cryyysneasel
