|j|☆U_Quokka
|j|☆atrainerfromakron
|t:|1759032693
|gametype|singles
|player|p1|U_Quokka|waiter-gen4dp|1363
|player|p2|atrainerfromakron|101|1366
|gen|9
|tier|[Gen 9] OU
|rated|
|rule|HP Percentage Mod: HP is shown in percentages
|rule|Endless Battle Clause: Forcing endless battles is banned
|rule|Species Clause: Limit one of each Pokémon
|rule|OHKO Clause: OHKO moves are banned
|rule|Evasion Items Clause: Evasion items are banned
|rule|Evasion Moves Clause: Evasion moves are banned
|rule|Evasion Abilities Clause: Evasion abilities are banned
|rule|Sleep Moves Clause: Sleep-inducing moves are banned
|clearpoke
|poke|p1|Ogerpon-Cornerstone, F|
|poke|p1|Ting-Lu|
|poke|p1|Hatterene, F|
|poke|p1|Scizor, M|
|poke|p1|Zamazenta-*|
|poke|p1|Darkrai|
|poke|p2|Ninetales-Alola, F|
|poke|p2|Oricorio, M|
|poke|p2|Hatterene, F|
|poke|p2|Kyurem|
|poke|p2|Zamazenta-*|
|poke|p2|Iron Treads|
|teampreview
|
|t:|1759032714
|teamsize|p1|6
|teamsize|p2|6
|start
|switch|p1a: Ting-Lu|Ting-Lu|100/100
|switch|p2a: Ninetales|Ninetales-Alola, F|100/100
|-weather|Snowscape|[from] ability: Snow Warning|[of] p2a: Ninetales
|-ability|p1a: Ting-Lu|Vessel of Ruin
|turn|1
|
|t:|1759032719
|move|p2a: Ninetales|Aurora Veil|p2a: Ninetales
|-sidestart|p2: atrainerfromakron|move: Aurora Veil
|move|p1a: Ting-Lu|Stealth Rock|p2a: Ninetales
|-sidestart|p2: atrainerfromakron|move: Stealth Rock
|
|-weather|Snowscape|[upkeep]
|upkeep
|turn|2
|inactive|Battle timer is ON: inactive players will automatically lose when time's up. (requested by atrainerfromakron)
|
|t:|1759032723
|switch|p1a: Scizor|Scizor, M|100/100
|move|p2a: Ninetales|Encore||[still]
|-fail|p2a: Ninetales
|
|-weather|Snowscape|[upkeep]
|upkeep
|turn|3
|
|t:|1759032739
|switch|p2a: Iron Treads|Iron Treads|100/100
|-damage|p2a: Iron Treads|97/100|[from] Stealth Rock
|-enditem|p2a: Iron Treads|Booster Energy
|-activate|p2a: Iron Treads|ability: Quark Drive|[fromitem]
|-start|p2a: Iron Treads|quarkdrivespe
|move|p1a: Scizor|U-turn|p2a: Iron Treads
|-resisted|p2a: Iron Treads
|-damage|p2a: Iron Treads|83/100
|inactive|U_Quokka has 120 seconds left.
|inactive|U_Quokka has 90 seconds left.
|
|t:|1759032813
|switch|p1a: Zamazenta|Zamazenta|100/100|[from] U-turn
|-ability|p1a: Zamazenta|Dauntless Shield|boost
|-boost|p1a: Zamazenta|def|1
|
|-weather|Snowscape|[upkeep]
|upkeep
|turn|4
|
|t:|1759032820
|move|p2a: Iron Treads|Rapid Spin|p1a: Zamazenta
|-damage|p1a: Zamazenta|95/100
|-boost|p2a: Iron Treads|spe|1
|-sideend|p2: atrainerfromakron|Stealth Rock|[from] move: Rapid Spin|[of] p2a: Iron Treads
|move|p1a: Zamazenta|Iron Defense|p1a: Zamazenta
|-boost|p1a: Zamazenta|def|2
|
|-weather|Snowscape|[upkeep]
|-heal|p1a: Zamazenta|100/100|[from] item: Leftovers
|upkeep
|turn|5
|
|t:|1759032837
|move|p2a: Iron Treads|Steel Beam|p1a: Zamazenta
|-damage|p1a: Zamazenta|58/100
|-damage|p2a: Iron Treads|33/100|[from] steelbeam
|move|p1a: Zamazenta|Heavy Slam|p2a: Iron Treads
|-resisted|p2a: Iron Treads
|-damage|p2a: Iron Treads|31/100
|
|-weather|none
|-heal|p1a: Zamazenta|65/100|[from] item: Leftovers
|upkeep
|turn|6
|
|t:|1759032843
|move|p2a: Iron Treads|Steel Beam|p1a: Zamazenta
|-damage|p1a: Zamazenta|27/100
|-damage|p2a: Iron Treads|0 fnt|[from] steelbeam
|faint|p2a: Iron Treads
|-end|p2a: Iron Treads|Quark Drive|[silent]
|move|p1a: Zamazenta|Iron Defense|p1a: Zamazenta
|-boost|p1a: Zamazenta|def|2
|
|-heal|p1a: Zamazenta|33/100|[from] item: Leftovers
|upkeep
|
|t:|1759032856
|switch|p2a: Hatterene|Hatterene, F|100/100
|turn|7
|
|t:|1759032873
|switch|p1a: Ting-Lu|Ting-Lu|100/100
|-ability|p1a: Ting-Lu|Vessel of Ruin
|move|p2a: Hatterene|Draining Kiss|p1a: Ting-Lu
|-supereffective|p1a: Ting-Lu
|-damage|p1a: Ting-Lu|83/100
|
|-heal|p1a: Ting-Lu|89/100|[from] item: Leftovers
|upkeep
|turn|8
|
|t:|1759032882
|move|p1a: Ting-Lu|Ruination|p2a: Hatterene
|-damage|p2a: Hatterene|50/100
|move|p2a: Hatterene|Calm Mind|p2a: Hatterene
|-boost|p2a: Hatterene|spa|1
|-boost|p2a: Hatterene|spd|1
|
|-heal|p1a: Ting-Lu|95/100|[from] item: Leftovers
|-heal|p2a: Hatterene|56/100|[from] item: Leftovers
|-sideend|p2: atrainerfromakron|move: Aurora Veil
|upkeep
|turn|9
|
|t:|1759032908
|switch|p1a: Scizor|Scizor, M|100/100
|move|p2a: Hatterene|Mystical Fire|p1a: Scizor
|-supereffective|p1a: Scizor
|-crit|p1a: Scizor
|-damage|p1a: Scizor|0 fnt
|faint|p1a: Scizor
|
|-heal|p2a: Hatterene|62/100|[from] item: Leftovers
|upkeep
|inactive|U_Quokka has 90 seconds left.
|
|t:|1759032946
|switch|p1a: Ogerpon|Ogerpon-Cornerstone, F|100/100
|turn|10
|
|t:|1759032956
|-terastallize|p1a: Ogerpon|Rock
|detailschange|p1a: Ogerpon|Ogerpon-Cornerstone-Tera, F, tera:Rock
|-ability|p1a: Ogerpon|Embody Aspect (Cornerstone)|boost
|-boost|p1a: Ogerpon|def|1
|move|p1a: Ogerpon|Ivy Cudgel|p2a: Hatterene|[anim] Ivy Cudgel Rock
|-damage|p2a: Hatterene|0 fnt
|faint|p2a: Hatterene
|
|upkeep
|
|t:|1759032968
|switch|p2a: Zamazenta|Zamazenta|100/100
|-ability|p2a: Zamazenta|Dauntless Shield|boost
|-boost|p2a: Zamazenta|def|1
|turn|11
|
|t:|1759032971
|switch|p1a: Hatterene|Hatterene, F|100/100
|move|p2a: Zamazenta|Iron Defense|p2a: Zamazenta
|-boost|p2a: Zamazenta|def|2
|
|upkeep
|turn|12
|
|t:|1759032974
|move|p2a: Zamazenta|Crunch|p1a: Hatterene
|-damage|p1a: Hatterene|74/100
|move|p1a: Hatterene|Nuzzle|p2a: Zamazenta
|-damage|p2a: Zamazenta|99/100
|-status|p2a: Zamazenta|par
|
|-heal|p2a: Zamazenta|100/100 par|[from] item: Leftovers
|upkeep
|turn|13
|
|t:|1759032979
|move|p2a: Zamazenta|Crunch|p1a: Hatterene
|-damage|p1a: Hatterene|49/100
|move|p1a: Hatterene|Draining Kiss|p2a: Zamazenta
|-supereffective|p2a: Zamazenta
|-damage|p2a: Zamazenta|54/100 par
|-heal|p1a: Hatterene|92/100|[from] drain|[of] p2a: Zamazenta
|
|-heal|p2a: Zamazenta|60/100 par|[from] item: Leftovers
|upkeep
|turn|14
|
|t:|1759032986
|switch|p1a: Ogerpon|Ogerpon-Cornerstone-Tera, F, tera:Rock|100/100
|-ability|p1a: Ogerpon|Embody Aspect (Cornerstone)|boost
|-boost|p1a: Ogerpon|def|1
|cant|p2a: Zamazenta|par
|
|-heal|p2a: Zamazenta|66/100 par|[from] item: Leftovers
|upkeep
|turn|15
|inactive|U_Quokka has 120 seconds left.
|
|t:|1759032991
|switch|p1a: Hatterene|Hatterene, F|92/100
|move|p2a: Zamazenta|Body Press|p1a: Hatterene
|-resisted|p1a: Hatterene
|-damage|p1a: Hatterene|69/100
|
|-heal|p2a: Zamazenta|72/100 par|[from] item: Leftovers
|upkeep
|turn|16
|
|t:|1759033000
|move|p2a: Zamazenta|Crunch|p1a: Hatterene
|-damage|p1a: Hatterene|46/100
|-unboost|p1a: Hatterene|def|1
|move|p1a: Hatterene|Draining Kiss|p2a: Zamazenta
|-supereffective|p2a: Zamazenta
|-damage|p2a: Zamazenta|28/100 par
|-heal|p1a: Hatterene|86/100|[from] drain|[of] p2a: Zamazenta
|
|-heal|p2a: Zamazenta|35/100 par|[from] item: Leftovers
|upkeep
|turn|17
|
|t:|1759033003
|cant|p2a: Zamazenta|par
|move|p1a: Hatterene|Draining Kiss|p2a: Zamazenta
|-supereffective|p2a: Zamazenta
|-damage|p2a: Zamazenta|0 fnt
|-heal|p1a: Hatterene|100/100|[from] drain|[of] p2a: Zamazenta
|faint|p2a: Zamazenta
|
|upkeep
|
|t:|1759033017
|switch|p2a: Kyurem|Kyurem|100/100
|-ability|p2a: Kyurem|Pressure
|turn|18
|
|t:|1759033020
|-terastallize|p2a: Kyurem|Electric
|move|p2a: Kyurem|Dragon Dance|p2a: Kyurem
|-boost|p2a: Kyurem|atk|1
|-boost|p2a: Kyurem|spe|1
|move|p1a: Hatterene|Nuzzle|p2a: Kyurem
|-resisted|p2a: Kyurem
|-damage|p2a: Kyurem|98/100
|
|upkeep
|turn|19
|inactive|U_Quokka has 120 seconds left.
|
|t:|1759033050
|switch|p1a: Ogerpon|Ogerpon-Cornerstone-Tera, F, tera:Rock|100/100
|-ability|p1a: Ogerpon|Embody Aspect (Cornerstone)|boost
|-boost|p1a: Ogerpon|def|1
|move|p2a: Kyurem|Dragon Dance|p2a: Kyurem
|-boost|p2a: Kyurem|atk|1
|-boost|p2a: Kyurem|spe|1
|
|upkeep
|turn|20
|inactive|U_Quokka has 120 seconds left.
|
|t:|1759033070
|move|p2a: Kyurem|Icicle Spear|p1a: Ogerpon
|-damage|p1a: Ogerpon|74/100
|-damage|p1a: Ogerpon|47/100
|-damage|p1a: Ogerpon|24/100
|-damage|p1a: Ogerpon|0 fnt
|faint|p1a: Ogerpon
|detailschange|p1: Ogerpon|Ogerpon-Cornerstone, F|[silent]
|-hitcount|p1: Ogerpon|4
|
|upkeep
|inactive|U_Quokka has 120 seconds left.
|c|☆atrainerfromakron|hi
|inactive|U_Quokka has 90 seconds left.
|
|t:|1759033125
|switch|p1a: Hatterene|Hatterene, F|100/100
|turn|21
|
|t:|1759033135
|move|p2a: Kyurem|Icicle Spear|p1a: Hatterene
|-damage|p1a: Hatterene|66/100
|-damage|p1a: Hatterene|33/100
|-damage|p1a: Hatterene|0 fnt
|faint|p1a: Hatterene
|-hitcount|p1: Hatterene|3
|
|upkeep
|-message|U_Quokka forfeited.
|
|win|atrainerfromakron
|raw|U_Quokka's rating: 1363 &rarr; <strong>1343</strong><br />(-20 for losing)
|raw|atrainerfromakron's rating: 1366 &rarr; <strong>1386</strong><br />(+20 for winning)
|l|☆U_Quokka
|player|p1|
