|j|☆Dddddsf
|j|☆pkmmnq
|t:|1758950895
|gametype|singles
|player|p1|Dddddsf|red|1232
|player|p2|pkmmnq|bellelba|1274
|gen|9
|tier|[Gen 9] OU
|rated|
|rule|HP Percentage Mod: HP is shown in percentages
|rule|Endless Battle Clause: Forcing endless battles is banned
|rule|Species Clause: Limit one of each Pokémon
|rule|OHKO Clause: OHKO moves are banned
|rule|Evasion Items Clause: Evasion items are banned
|rule|Evasion Moves Clause: Evasion moves are banned
|rule|Evasion Abilities Clause: Evasion abilities are banned
|rule|Sleep Moves Clause: Sleep-inducing moves are banned
|clearpoke
|poke|p1|Dragapult, M|
|poke|p1|Dragonite, F|
|poke|p1|Ting-Lu|
|poke|p1|Weezing-Galar, F|
|poke|p1|Iron Crown|
|poke|p1|Zapdos|
|poke|p2|Glimmora, M|
|poke|p2|Iron Treads|
|poke|p2|Polteageist-Antique|
|poke|p2|Raging Bolt|
|poke|p2|Dragonite, M|
|poke|p2|Zamazenta-*|
|teampreview
|inactive|Battle timer is ON: inactive players will automatically lose when time's up. (requested by Dddddsf)
|inactive|pkmmnq also wants the timer to be on.
|
|t:|1758950908
|teamsize|p1|6
|teamsize|p2|6
|start
|switch|p1a: Iron Goat|Iron Crown|100/100
|switch|p2a: Polteageist|Polteageist-Antique|100/100
|turn|1
|
|t:|1758950918
|move|p1a: Iron Goat|Tachyon Cutter|p2a: Polteageist
|-damage|p2a: Polteageist|53/100
|-damage|p2a: Polteageist|8/100
|-hitcount|p2a: Polteageist|2
|move|p2a: Polteageist|Shell Smash|p2a: Polteageist
|-unboost|p2a: Polteageist|def|1
|-unboost|p2a: Polteageist|spd|1
|-boost|p2a: Polteageist|atk|2
|-boost|p2a: Polteageist|spa|2
|-boost|p2a: Polteageist|spe|2
|
|upkeep
|turn|2
|
|t:|1758950929
|-end|p1a: Iron Goat|Quark Drive|[silent]
|switch|p1a: Moose|Ting-Lu|100/100
|-ability|p1a: Moose|Vessel of Ruin
|move|p2a: Polteageist|Shadow Ball|p1a: Moose
|-resisted|p1a: Moose
|-damage|p1a: Moose|83/100
|
|-heal|p1a: Moose|89/100|[from] item: Leftovers
|upkeep
|turn|3
|
|t:|1758950934
|-terastallize|p2a: Polteageist|Fighting
|move|p2a: Polteageist|Tera Blast|p1a: Moose|[anim] Tera Blast Fighting
|-supereffective|p1a: Moose
|-damage|p1a: Moose|7/100
|move|p1a: Moose|Whirlwind|p2a: Polteageist
|drag|p2a: 快龙一定要快|Dragonite, M|100/100
|
|-heal|p1a: Moose|13/100|[from] item: Leftovers
|upkeep
|turn|4
|
|t:|1758950950
|move|p2a: 快龙一定要快|Earthquake|p1a: Moose
|-damage|p1a: Moose|0 fnt
|faint|p1a: Moose
|
|upkeep
|
|t:|1758950964
|switch|p1a: Sir Pollution|Weezing-Galar, F|100/100
|-ability|p1a: Sir Pollution|Neutralizing Gas
|turn|5
|
|t:|1758950974
|switch|p2a: Glimmora|Glimmora, M|100/100
|move|p1a: Sir Pollution|Will-O-Wisp|p2a: Glimmora
|-status|p2a: Glimmora|brn
|
|-damage|p2a: Glimmora|94/100 brn|[from] brn
|upkeep
|turn|6
|
|t:|1758950986
|-end|p1a: Sir Pollution|ability: Neutralizing Gas
|switch|p1a: Iron Goat|Iron Crown|100/100
|move|p2a: Glimmora|Earth Power|p1a: Iron Goat
|-supereffective|p1a: Iron Goat
|-damage|p1a: Iron Goat|37/100
|
|-damage|p2a: Glimmora|88/100 brn|[from] brn
|upkeep
|turn|7
|
|t:|1758950995
|move|p2a: Glimmora|Earth Power|p1a: Iron Goat
|-supereffective|p1a: Iron Goat
|-damage|p1a: Iron Goat|0 fnt
|faint|p1a: Iron Goat
|-end|p1a: Iron Goat|Quark Drive|[silent]
|
|-damage|p2a: Glimmora|82/100 brn|[from] brn
|upkeep
|
|t:|1758951002
|switch|p1a: Spoopy|Dragapult, M|100/100
|turn|8
|
|t:|1758951010
|move|p2a: Glimmora|Earth Power|p1a: Spoopy
|-damage|p1a: Spoopy|55/100
|move|p1a: Spoopy|Hex|p2a: Glimmora
|-crit|p2a: Glimmora
|-damage|p2a: Glimmora|0 fnt
|faint|p2a: Glimmora
|
|upkeep
|
|t:|1758951019
|switch|p2a: Iron Treads|Iron Treads|100/100
|-enditem|p2a: Iron Treads|Booster Energy
|-activate|p2a: Iron Treads|ability: Quark Drive|[fromitem]
|-start|p2a: Iron Treads|quarkdrivespe
|turn|9
|
|t:|1758951035
|move|p2a: Iron Treads|Knock Off|p1a: Spoopy
|-supereffective|p1a: Spoopy
|-damage|p1a: Spoopy|0 fnt
|-enditem|p1a: Spoopy|Heavy-Duty Boots|[from] move: Knock Off|[of] p2a: Iron Treads
|faint|p1a: Spoopy
|
|upkeep
|
|t:|1758951039
|switch|p1a: Yoshi|Dragonite, F|100/100
|turn|10
|
|t:|1758951046
|-terastallize|p1a: Yoshi|Normal
|move|p2a: Iron Treads|Knock Off|p1a: Yoshi
|-damage|p1a: Yoshi|87/100
|-enditem|p1a: Yoshi|Heavy-Duty Boots|[from] move: Knock Off|[of] p2a: Iron Treads
|move|p1a: Yoshi|Dragon Dance|p1a: Yoshi
|-boost|p1a: Yoshi|atk|1
|-boost|p1a: Yoshi|spe|1
|
|upkeep
|turn|11
|
|t:|1758951056
|move|p2a: Iron Treads|Endeavor|p1a: Yoshi
|-immune|p1a: Yoshi
|move|p1a: Yoshi|Earthquake|p2a: Iron Treads
|-supereffective|p2a: Iron Treads
|-damage|p2a: Iron Treads|12/100
|
|upkeep
|turn|12
|
|t:|1758951069
|move|p1a: Yoshi|Extreme Speed|p2a: Iron Treads
|-resisted|p2a: Iron Treads
|-damage|p2a: Iron Treads|0 fnt
|faint|p2a: Iron Treads
|-end|p2a: Iron Treads|Quark Drive|[silent]
|
|upkeep
|
|t:|1758951072
|switch|p2a: Zamazenta|Zamazenta|100/100
|-ability|p2a: Zamazenta|Dauntless Shield|boost
|-boost|p2a: Zamazenta|def|1
|turn|13
|
|t:|1758951077
|move|p1a: Yoshi|Dragon Dance|p1a: Yoshi
|-boost|p1a: Yoshi|atk|1
|-boost|p1a: Yoshi|spe|1
|move|p2a: Zamazenta|Roar|p1a: Yoshi
|drag|p1a: Static Shock|Zapdos|100/100
|
|upkeep
|turn|14
|
|t:|1758951080
|move|p2a: Zamazenta|Iron Defense|p2a: Zamazenta
|-boost|p2a: Zamazenta|def|2
|move|p1a: Static Shock|Hurricane|p2a: Zamazenta
|-supereffective|p2a: Zamazenta
|-damage|p2a: Zamazenta|8/100
|
|-heal|p2a: Zamazenta|14/100|[from] item: Leftovers
|upkeep
|turn|15
|
|t:|1758951087
|move|p2a: Zamazenta|Body Press|p1a: Static Shock
|-resisted|p1a: Static Shock
|-damage|p1a: Static Shock|48/100
|move|p1a: Static Shock|Volt Switch|p2a: Zamazenta
|-damage|p2a: Zamazenta|0 fnt
|faint|p2a: Zamazenta
|
|t:|1758951095
|switch|p1a: Sir Pollution|Weezing-Galar, F|100/100|[from] Volt Switch
|-ability|p1a: Sir Pollution|Neutralizing Gas
|
|upkeep
|
|t:|1758951102
|switch|p2a: 快龙一定要快|Dragonite, M|100/100
|turn|16
|
|t:|1758951105
|move|p2a: 快龙一定要快|Earthquake|p1a: Sir Pollution
|-supereffective|p1a: Sir Pollution
|-damage|p1a: Sir Pollution|26/100
|move|p1a: Sir Pollution|Will-O-Wisp|p2a: 快龙一定要快
|-status|p2a: 快龙一定要快|brn
|
|-damage|p2a: 快龙一定要快|94/100 brn|[from] brn
|upkeep
|turn|17
|
|t:|1758951108
|move|p2a: 快龙一定要快|Earthquake|p1a: Sir Pollution
|-supereffective|p1a: Sir Pollution
|-damage|p1a: Sir Pollution|0 fnt
|faint|p1a: Sir Pollution
|-end|p1a: Sir Pollution|ability: Neutralizing Gas
|
|-damage|p2a: 快龙一定要快|88/100 brn|[from] brn
|upkeep
|
|t:|1758951111
|switch|p1a: Static Shock|Zapdos|48/100
|turn|18
|
|t:|1758951115
|switch|p2a: Polteageist|Polteageist-Antique, tera:Fighting|8/100
|move|p1a: Static Shock|Roost|p1a: Static Shock
|-heal|p1a: Static Shock|98/100
|-singleturn|p1a: Static Shock|move: Roost
|
|upkeep
|turn|19
|
|t:|1758951128
|move|p1a: Static Shock|Volt Switch|p2a: Polteageist
|-damage|p2a: Polteageist|0 fnt
|faint|p2a: Polteageist
|
|t:|1758951130
|switch|p1a: Yoshi|Dragonite, F, tera:Normal|87/100|[from] Volt Switch
|
|upkeep
|
|t:|1758951135
|switch|p2a: Raging Bolt|Raging Bolt|100/100
|-enditem|p2a: Raging Bolt|Booster Energy
|-activate|p2a: Raging Bolt|ability: Protosynthesis|[fromitem]
|-start|p2a: Raging Bolt|protosynthesisspa
|turn|20
|
|t:|1758951141
|move|p2a: Raging Bolt|Thunderbolt|p1a: Yoshi
|-damage|p1a: Yoshi|22/100
|move|p1a: Yoshi|Dragon Dance|p1a: Yoshi
|-boost|p1a: Yoshi|atk|1
|-boost|p1a: Yoshi|spe|1
|
|upkeep
|turn|21
|
|t:|1758951146
|move|p1a: Yoshi|Extreme Speed|p2a: Raging Bolt
|-damage|p2a: Raging Bolt|30/100
|move|p2a: Raging Bolt|Thunderbolt|p1a: Yoshi
|-damage|p1a: Yoshi|0 fnt
|faint|p1a: Yoshi
|
|upkeep
|
|t:|1758951150
|switch|p1a: Static Shock|Zapdos|98/100
|turn|22
|
|t:|1758951154
|move|p1a: Static Shock|Hurricane|p2a: Raging Bolt
|-resisted|p2a: Raging Bolt
|-crit|p2a: Raging Bolt
|-damage|p2a: Raging Bolt|0 fnt
|faint|p2a: Raging Bolt
|-end|p2a: Raging Bolt|Protosynthesis|[silent]
|
|upkeep
|
|t:|1758951157
|switch|p2a: 快龙一定要快|Dragonite, M|88/100 brn
|turn|23
|
|t:|1758951163
|move|p1a: Static Shock|Hurricane|p2a: 快龙一定要快
|-damage|p2a: 快龙一定要快|41/100 brn
|move|p2a: 快龙一定要快|Outrage|p1a: Static Shock
|-damage|p1a: Static Shock|39/100
|
|-damage|p2a: 快龙一定要快|35/100 brn|[from] brn
|upkeep
|turn|24
|
|t:|1758951169
|move|p1a: Static Shock|Roost|p1a: Static Shock
|-heal|p1a: Static Shock|89/100
|-singleturn|p1a: Static Shock|move: Roost
|move|p2a: 快龙一定要快|Outrage|p1a: Static Shock|[from] lockedmove
|-damage|p1a: Static Shock|26/100
|
|-damage|p2a: 快龙一定要快|29/100 brn|[from] brn
|upkeep
|turn|25
|
|t:|1758951171
|move|p1a: Static Shock|Hurricane|p2a: 快龙一定要快
|-damage|p2a: 快龙一定要快|0 fnt
|faint|p2a: 快龙一定要快
|
|win|Dddddsf
|raw|Dddddsf's rating: 1232 &rarr; <strong>1260</strong><br />(+28 for winning)
|raw|pkmmnq's rating: 1274 &rarr; <strong>1246</strong><br />(-28 for losing)
|l|☆Dddddsf
|player|p1|
|l|☆pkmmnq
|player|p2|
