|j|☆LousiV
|j|☆Pol3mik
|t:|1759023582
|gametype|singles
|player|p1|LousiV|ltsurge|1289
|player|p2|Pol3mik|169|1294
|gen|9
|tier|[Gen 9] OU
|rated|
|rule|HP Percentage Mod: HP is shown in percentages
|rule|Endless Battle Clause: Forcing endless battles is banned
|rule|Species Clause: Limit one of each Pokémon
|rule|OHKO Clause: OHKO moves are banned
|rule|Evasion Items Clause: Evasion items are banned
|rule|Evasion Moves Clause: Evasion moves are banned
|rule|Evasion Abilities Clause: Evasion abilities are banned
|rule|Sleep Moves Clause: Sleep-inducing moves are banned
|clearpoke
|poke|p1|Reuniclus, M|
|poke|p1|Conkeldurr, M|
|poke|p1|Thundurus, M|
|poke|p1|Dusknoir, M|
|poke|p1|Forretress, F|
|poke|p1|Azumarill, F|
|poke|p2|Grimmsnarl, M|
|poke|p2|Arcanine, F|
|poke|p2|Thundurus-Therian, M|
|poke|p2|Pelipper, M|
|poke|p2|Kingdra, M|
|poke|p2|Barraskewda, M|
|teampreview
|inactive|Battle timer is ON: inactive players will automatically lose when time's up. (requested by LousiV)
|
|t:|1759023601
|teamsize|p1|6
|teamsize|p2|6
|start
|switch|p1a: Dusknoir|Dusknoir, M|100/100
|switch|p2a: Arcanine|Arcanine, F|100/100
|-ability|p2a: Arcanine|Intimidate|boost
|-unboost|p1a: Dusknoir|atk|1
|-ability|p1a: Dusknoir|Pressure
|turn|1
|
|t:|1759023608
|move|p2a: Arcanine|Will-O-Wisp|p1a: Dusknoir
|-status|p1a: Dusknoir|brn
|move|p1a: Dusknoir|Trick Room|p1a: Dusknoir
|-fieldstart|move: Trick Room|[of] p1a: Dusknoir
|
|-damage|p1a: Dusknoir|94/100 brn|[from] brn
|upkeep
|turn|2
|
|t:|1759023614
|switch|p1a: Azumarill|Azumarill, F|100/100
|move|p2a: Arcanine|Flamethrower|p1a: Azumarill
|-resisted|p1a: Azumarill
|-damage|p1a: Azumarill|85/100
|-status|p1a: Azumarill|brn
|
|-damage|p1a: Azumarill|79/100 brn|[from] brn
|upkeep
|turn|3
|
|t:|1759023626
|switch|p2a: Thundurus|Thundurus-Therian, M|100/100
|move|p1a: Azumarill|Liquidation|p2a: Thundurus
|-damage|p2a: Thundurus|40/100
|
|-damage|p1a: Azumarill|73/100 brn|[from] brn
|upkeep
|turn|4
|
|t:|1759023644
|switch|p2a: Grimmsnarl|Grimmsnarl, M|100/100
|move|p1a: Azumarill|Liquidation|p2a: Grimmsnarl
|-damage|p2a: Grimmsnarl|47/100
|
|-damage|p1a: Azumarill|67/100 brn|[from] brn
|upkeep
|turn|5
|
|t:|1759023651
|move|p2a: Grimmsnarl|Reflect|p2a: Grimmsnarl
|-sidestart|p2: Pol3mik|Reflect
|move|p1a: Azumarill|Liquidation|p2a: Grimmsnarl
|-damage|p2a: Grimmsnarl|24/100
|-unboost|p2a: Grimmsnarl|def|1
|
|-damage|p1a: Azumarill|60/100 brn|[from] brn
|-fieldend|move: Trick Room
|upkeep
|turn|6
|
|t:|1759023664
|move|p2a: Grimmsnarl|Parting Shot|p1a: Azumarill
|-unboost|p1a: Azumarill|atk|1
|-unboost|p1a: Azumarill|spa|1
|
|t:|1759023668
|switch|p2a: Pelipper|Pelipper, M|100/100|[from] Parting Shot
|-weather|RainDance|[from] ability: Drizzle|[of] p2a: Pelipper
|move|p1a: Azumarill|Liquidation|p2a: Pelipper
|-resisted|p2a: Pelipper
|-damage|p2a: Pelipper|93/100
|
|-weather|RainDance|[upkeep]
|-damage|p1a: Azumarill|54/100 brn|[from] brn
|upkeep
|turn|7
|
|t:|1759023695
|switch|p1a: Dusknoir|Dusknoir, M|94/100 brn
|-ability|p1a: Dusknoir|Pressure
|move|p2a: Pelipper|Knock Off|p1a: Dusknoir
|-supereffective|p1a: Dusknoir
|-crit|p1a: Dusknoir
|-damage|p1a: Dusknoir|56/100 brn
|-enditem|p1a: Dusknoir|Leftovers|[from] move: Knock Off|[of] p2a: Pelipper
|
|-weather|RainDance|[upkeep]
|-damage|p1a: Dusknoir|49/100 brn|[from] brn
|upkeep
|turn|8
|
|t:|1759023709
|move|p2a: Pelipper|U-turn|p1a: Dusknoir
|-resisted|p1a: Dusknoir
|-damage|p1a: Dusknoir|45/100 brn
|
|t:|1759023718
|switch|p2a: Kingdra|Kingdra, M|100/100|[from] U-turn
|move|p1a: Dusknoir|Trick Room|p1a: Dusknoir
|-fieldstart|move: Trick Room|[of] p1a: Dusknoir
|
|-weather|RainDance|[upkeep]
|-damage|p1a: Dusknoir|39/100 brn|[from] brn
|upkeep
|turn|9
|
|t:|1759023726
|move|p1a: Dusknoir|Pain Split|p2a: Kingdra
|-sethp|p2a: Kingdra|70/100|[from] move: Pain Split|[silent]
|-sethp|p1a: Dusknoir|69/100 brn|[from] move: Pain Split
|move|p2a: Kingdra|Weather Ball|p1a: Dusknoir
|-damage|p1a: Dusknoir|8/100 brn
|
|-weather|RainDance|[upkeep]
|-damage|p1a: Dusknoir|2/100 brn|[from] brn
|upkeep
|turn|10
|
|t:|1759023738
|move|p1a: Dusknoir|Pain Split|p2a: Kingdra
|-sethp|p2a: Kingdra|36/100|[from] move: Pain Split|[silent]
|-sethp|p1a: Dusknoir|36/100 brn|[from] move: Pain Split
|move|p2a: Kingdra|Flip Turn|p1a: Dusknoir
|-damage|p1a: Dusknoir|5/100 brn
|
|t:|1759023746
|switch|p2a: Arcanine|Arcanine, F|100/100|[from] Flip Turn
|-ability|p2a: Arcanine|Intimidate|boost
|-unboost|p1a: Dusknoir|atk|1
|
|-weather|RainDance|[upkeep]
|-damage|p1a: Dusknoir|0 fnt|[from] brn
|faint|p1a: Dusknoir
|upkeep
|
|t:|1759023755
|switch|p1a: Reuniclus|Reuniclus, M|100/100
|turn|11
|
|t:|1759023759
|move|p1a: Reuniclus|Psychic Noise|p2a: Arcanine
|-damage|p2a: Arcanine|53/100
|-start|p2a: Arcanine|move: Heal Block
|move|p2a: Arcanine|Will-O-Wisp|p1a: Reuniclus
|-status|p1a: Reuniclus|brn
|
|-weather|RainDance|[upkeep]
|upkeep
|turn|12
|
|t:|1759023774
|switch|p2a: Grimmsnarl|Grimmsnarl, M|24/100
|move|p1a: Reuniclus|Focus Blast|p2a: Grimmsnarl
|-damage|p2a: Grimmsnarl|0 fnt
|faint|p2a: Grimmsnarl
|
|-weather|RainDance|[upkeep]
|-sideend|p2: Pol3mik|Reflect
|-fieldend|move: Trick Room
|upkeep
|
|t:|1759023793
|switch|p2a: Thundurus|Thundurus-Therian, M|40/100
|turn|13
|
|t:|1759023802
|move|p2a: Thundurus|Weather Ball|p1a: Reuniclus
|-damage|p1a: Reuniclus|66/100 brn
|move|p1a: Reuniclus|Trick Room|p1a: Reuniclus
|-fieldstart|move: Trick Room|[of] p1a: Reuniclus
|
|-weather|none
|upkeep
|turn|14
|
|t:|1759023810
|switch|p2a: Barraskewda|Barraskewda, M|100/100
|move|p1a: Reuniclus|Psychic Noise|p2a: Barraskewda
|-damage|p2a: Barraskewda|5/100
|-start|p2a: Barraskewda|move: Heal Block
|
|upkeep
|turn|15
|
|t:|1759023822
|switch|p2a: Pelipper|Pelipper, M|93/100
|-weather|RainDance|[from] ability: Drizzle|[of] p2a: Pelipper
|move|p1a: Reuniclus|Psychic Noise|p2a: Pelipper
|-damage|p2a: Pelipper|34/100
|-start|p2a: Pelipper|move: Heal Block
|
|-weather|RainDance|[upkeep]
|upkeep
|turn|16
|
|t:|1759023838
|move|p1a: Reuniclus|Psychic Noise|p2a: Pelipper
|-damage|p2a: Pelipper|0 fnt
|faint|p2a: Pelipper
|
|-weather|RainDance|[upkeep]
|upkeep
|-message|Pol3mik forfeited.
|
|win|LousiV
|raw|LousiV's rating: 1289 &rarr; <strong>1314</strong><br />(+25 for winning)
|raw|Pol3mik's rating: 1294 &rarr; <strong>1269</strong><br />(-25 for losing)
|l|☆Pol3mik
|player|p2|
|l|☆LousiV
|player|p1|
