|j|☆Jon Mateo
|j|☆JuanMaoHSQ
|t:|1759064243
|gametype|singles
|player|p1|Jon Mateo|266|1241
|player|p2|JuanMaoHSQ|1|1306
|gen|9
|tier|[Gen 9] OU
|rated|
|rule|HP Percentage Mod: HP is shown in percentages
|rule|Endless Battle Clause: Forcing endless battles is banned
|rule|Species Clause: Limit one of each Pokémon
|rule|OHKO Clause: OHKO moves are banned
|rule|Evasion Items Clause: Evasion items are banned
|rule|Evasion Moves Clause: Evasion moves are banned
|rule|Evasion Abilities Clause: Evasion abilities are banned
|rule|Sleep Moves Clause: Sleep-inducing moves are banned
|clearpoke
|poke|p1|Ceruledge, F|
|poke|p1|Quaquaval, M|
|poke|p1|Gardevoir, F|
|poke|p1|Garchomp, M|
|poke|p1|Rotom-Frost|
|poke|p1|Kingdra, F|
|poke|p2|Toucannon, M|
|poke|p2|Dragonite, F|
|poke|p2|Zamazenta-*|
|poke|p2|Iron Treads|
|poke|p2|Zapdos|
|poke|p2|Primarina, M|
|teampreview
|
|t:|1759064263
|teamsize|p1|6
|teamsize|p2|6
|start
|switch|p1a: Rotom|Rotom-Frost|100/100
|switch|p2a: Shirahoshi|Primarina, M|100/100
|turn|1
|
|t:|1759064274
|switch|p2a: Eustass Kid|Iron Treads|100/100
|-item|p2a: Eustass Kid|Air Balloon
|move|p1a: Rotom|Volt Switch|p2a: Eustass Kid
|-immune|p2a: Eustass Kid
|
|upkeep
|turn|2
|
|t:|1759064283
|switch|p1a: Garchomp|Garchomp, M|100/100
|move|p2a: Eustass Kid|Knock Off|p1a: Garchomp
|-damage|p1a: Garchomp|73/100
|-damage|p2a: Eustass Kid|88/100|[from] ability: Rough Skin|[of] p1a: Garchomp
|-enditem|p1a: Garchomp|Loaded Dice|[from] move: Knock Off|[of] p2a: Eustass Kid
|
|upkeep
|turn|3
|
|t:|1759064289
|move|p2a: Eustass Kid|Ice Spinner|p1a: Garchomp
|-supereffective|p1a: Garchomp
|-damage|p1a: Garchomp|0 fnt
|-damage|p2a: Eustass Kid|76/100|[from] ability: Rough Skin|[of] p1a: Garchomp
|faint|p1a: Garchomp
|
|upkeep
|
|t:|1759064296
|switch|p1a: Kingdra|Kingdra, F|100/100
|turn|4
|
|t:|1759064306
|-end|p2a: Eustass Kid|Quark Drive|[silent]
|switch|p2a: Shirahoshi|Primarina, M|100/100
|move|p1a: Kingdra|Rain Dance|p1a: Kingdra
|-weather|RainDance
|
|-weather|RainDance|[upkeep]
|upkeep
|turn|5
|
|t:|1759064313
|switch|p1a: Rotom|Rotom-Frost|100/100
|move|p2a: Shirahoshi|Moonblast|p1a: Rotom
|-damage|p1a: Rotom|28/100
|-unboost|p1a: Rotom|spa|1
|
|-weather|RainDance|[upkeep]
|upkeep
|turn|6
|
|t:|1759064321
|switch|p2a: Eustass Kid|Iron Treads|76/100
|-item|p2a: Eustass Kid|Air Balloon
|move|p1a: Rotom|Thunderbolt|p2a: Eustass Kid
|-immune|p2a: Eustass Kid
|
|-weather|RainDance|[upkeep]
|upkeep
|turn|7
|
|t:|1759064326
|switch|p1a: Quaquaval|Quaquaval, M|100/100
|move|p2a: Eustass Kid|Ice Spinner|p1a: Quaquaval
|-resisted|p1a: Quaquaval
|-crit|p1a: Quaquaval
|-damage|p1a: Quaquaval|79/100
|
|-weather|RainDance|[upkeep]
|upkeep
|turn|8
|
|t:|1759064334
|-end|p2a: Eustass Kid|Quark Drive|[silent]
|switch|p2a: Enel|Zapdos|100/100
|move|p1a: Quaquaval|Aqua Step|p2a: Enel
|-damage|p2a: Enel|0 fnt
|-boost|p1a: Quaquaval|spe|1
|-status|p1a: Quaquaval|par|[from] ability: Static|[of] p2a: Enel
|faint|p2a: Enel
|-ability|p1a: Quaquaval|Moxie|boost
|-boost|p1a: Quaquaval|atk|1
|
|-weather|none
|upkeep
|
|t:|1759064344
|switch|p2a: Shanks|Zamazenta|100/100
|-ability|p2a: Shanks|Dauntless Shield|boost
|-boost|p2a: Shanks|def|1
|turn|9
|
|t:|1759064357
|move|p2a: Shanks|Close Combat|p1a: Quaquaval
|-damage|p1a: Quaquaval|0 fnt
|-unboost|p2a: Shanks|def|1
|-unboost|p2a: Shanks|spd|1
|faint|p1a: Quaquaval
|
|upkeep
|
|t:|1759064367
|switch|p1a: Rotom|Rotom-Frost|28/100
|turn|10
|
|t:|1759064370
|move|p1a: Rotom|Blizzard|p2a: Shanks
|-damage|p2a: Shanks|36/100
|move|p2a: Shanks|Close Combat|p1a: Rotom
|-supereffective|p1a: Rotom
|-damage|p1a: Rotom|0 fnt
|-unboost|p2a: Shanks|def|1
|-unboost|p2a: Shanks|spd|1
|faint|p1a: Rotom
|
|upkeep
|
|t:|1759064379
|switch|p1a: Ceruledge|Ceruledge, F|100/100
|turn|11
|
|t:|1759064386
|switch|p2a: Eustass Kid|Iron Treads|76/100
|-item|p2a: Eustass Kid|Air Balloon
|move|p1a: Ceruledge|Swords Dance|p1a: Ceruledge
|-boost|p1a: Ceruledge|atk|2
|
|upkeep
|turn|12
|
|t:|1759064395
|-terastallize|p1a: Ceruledge|Fire
|move|p2a: Eustass Kid|Knock Off|p1a: Ceruledge
|-damage|p1a: Ceruledge|63/100
|-ability|p1a: Ceruledge|Weak Armor|boost
|-unboost|p1a: Ceruledge|def|1
|-boost|p1a: Ceruledge|spe|2
|-enditem|p1a: Ceruledge|Life Orb|[from] move: Knock Off|[of] p2a: Eustass Kid
|move|p1a: Ceruledge|Bitter Blade|p2a: Eustass Kid
|-supereffective|p2a: Eustass Kid
|-damage|p2a: Eustass Kid|0 fnt
|-heal|p1a: Ceruledge|100/100|[from] drain|[of] p2a: Eustass Kid
|-enditem|p2a: Eustass Kid|Air Balloon
|faint|p2a: Eustass Kid
|-end|p2a: Eustass Kid|Quark Drive|[silent]
|
|upkeep
|
|t:|1759064405
|switch|p2a: Franky|Toucannon, M|100/100
|turn|13
|
|t:|1759064429
|move|p1a: Ceruledge|Bitter Blade|p2a: Franky
|-damage|p2a: Franky|0 fnt
|faint|p2a: Franky
|
|upkeep
|
|t:|1759064437
|switch|p2a: Shanks|Zamazenta|36/100
|turn|14
|
|t:|1759064441
|move|p1a: Ceruledge|Shadow Sneak|p2a: Shanks
|-damage|p2a: Shanks|0 fnt
|faint|p2a: Shanks
|
|upkeep
|
|t:|1759064443
|switch|p2a: Shirahoshi|Primarina, M|100/100
|turn|15
|
|t:|1759064448
|move|p1a: Ceruledge|Poltergeist|p2a: Shirahoshi
|-activate|p2a: Shirahoshi|move: Poltergeist|Assault Vest
|-damage|p2a: Shirahoshi|0 fnt
|faint|p2a: Shirahoshi
|
|upkeep
|
|t:|1759064452
|switch|p2a: Monkey D. nite|Dragonite, F|100/100
|turn|16
|
|t:|1759064459
|move|p1a: Ceruledge|Poltergeist|p2a: Monkey D. nite
|-activate|p2a: Monkey D. nite|move: Poltergeist|Loaded Dice
|-damage|p2a: Monkey D. nite|36/100
|move|p2a: Monkey D. nite|Dragon Dance|p2a: Monkey D. nite
|-boost|p2a: Monkey D. nite|atk|1
|-boost|p2a: Monkey D. nite|spe|1
|
|upkeep
|turn|17
|
|t:|1759064465
|move|p2a: Monkey D. nite|Extreme Speed|p1a: Ceruledge
|-damage|p1a: Ceruledge|11/100
|-ability|p1a: Ceruledge|Weak Armor|boost
|-unboost|p1a: Ceruledge|def|1
|-boost|p1a: Ceruledge|spe|2
|move|p1a: Ceruledge|Shadow Sneak|p2a: Monkey D. nite
|-damage|p2a: Monkey D. nite|0 fnt
|faint|p2a: Monkey D. nite
|
|win|Jon Mateo
|raw|Jon Mateo's rating: 1241 &rarr; <strong>1271</strong><br />(+30 for winning)
|raw|JuanMaoHSQ's rating: 1306 &rarr; <strong>1282</strong><br />(-24 for losing)
|l|☆JuanMaoHSQ
|player|p2|
|l|☆Jon Mateo
|player|p1|
