|j|☆HWH8SB
|j|☆TheGamingPolitoed
|t:|1758998615
|gametype|singles
|player|p1|HWH8SB|pokemaniac|1425
|player|p2|TheGamingPolitoed|cress|1394
|gen|9
|tier|[Gen 9] OU
|rated|
|rule|HP Percentage Mod: HP is shown in percentages
|rule|Endless Battle Clause: Forcing endless battles is banned
|rule|Species Clause: Limit one of each Pokémon
|rule|OHKO Clause: OHKO moves are banned
|rule|Evasion Items Clause: Evasion items are banned
|rule|Evasion Moves Clause: Evasion moves are banned
|rule|Evasion Abilities Clause: Evasion abilities are banned
|rule|Sleep Moves Clause: Sleep-inducing moves are banned
|clearpoke
|poke|p1|Dragonite, F|
|poke|p1|Slowking-Galar, M|
|poke|p1|Alomomola, M|
|poke|p1|Weezing-Galar, M|
|poke|p1|Weavile, M|
|poke|p1|Dragapult, M|
|poke|p2|Primarina, F|
|poke|p2|Ludicolo, M|
|poke|p2|Samurott-Hisui, M|
|poke|p2|Toxapex, F|
|poke|p2|Politoed, M|
|poke|p2|Walking Wake|
|teampreview
|
|t:|1758998632
|teamsize|p1|6
|teamsize|p2|6
|start
|switch|p1a: Dragapult|Dragapult, M|100/100
|switch|p2a: Donny Ronny|Samurott-Hisui, M|100/100
|turn|1
|
|t:|1758998636
|move|p1a: Dragapult|U-turn|p2a: Donny Ronny
|-supereffective|p2a: Donny Ronny
|-damage|p2a: Donny Ronny|61/100
|
|t:|1758998646
|switch|p1a: Alomomola|Alomomola, M|100/100|[from] U-turn
|move|p2a: Donny Ronny|Knock Off|p1a: Alomomola
|-damage|p1a: Alomomola|73/100
|-damage|p2a: Donny Ronny|45/100|[from] item: Rocky Helmet|[of] p1a: Alomomola
|-enditem|p1a: Alomomola|Rocky Helmet|[from] move: Knock Off|[of] p2a: Donny Ronny
|
|upkeep
|turn|2
|
|t:|1758998654
|move|p2a: Donny Ronny|Ceaseless Edge|p1a: Alomomola
|-damage|p1a: Alomomola|46/100
|-sidestart|p1: HWH8SB|Spikes
|move|p1a: Alomomola|Flip Turn|p2a: Donny Ronny
|-resisted|p2a: Donny Ronny
|-damage|p2a: Donny Ronny|35/100
|
|t:|1758998669
|switch|p1a: Weavile|Weavile, M|100/100|[from] Flip Turn
|-damage|p1a: Weavile|88/100|[from] Spikes
|-ability|p1a: Weavile|Pressure
|
|upkeep
|turn|3
|
|t:|1758998676
|move|p1a: Weavile|Low Kick|p2a: Donny Ronny
|-supereffective|p2a: Donny Ronny
|-damage|p2a: Donny Ronny|0 fnt
|faint|p2a: Donny Ronny
|
|upkeep
|
|t:|1758998680
|switch|p2a: Ecomare|Primarina, F|100/100
|turn|4
|
|t:|1758998686
|switch|p1a: Slowking|Slowking-Galar, M|100/100
|move|p2a: Ecomare|Moonblast|p1a: Slowking
|-resisted|p1a: Slowking
|-damage|p1a: Slowking|86/100
|
|upkeep
|turn|5
|
|t:|1758998692
|move|p2a: Ecomare|Substitute|p2a: Ecomare
|-start|p2a: Ecomare|Substitute
|-damage|p2a: Ecomare|76/100
|move|p1a: Slowking|Future Sight|p2a: Ecomare
|-start|p1a: Slowking|move: Future Sight
|
|-heal|p2a: Ecomare|82/100|[from] item: Leftovers
|upkeep
|turn|6
|
|t:|1758998698
|move|p2a: Ecomare|Calm Mind|p2a: Ecomare
|-boost|p2a: Ecomare|spa|1
|-boost|p2a: Ecomare|spd|1
|move|p1a: Slowking|Sludge Bomb|p2a: Ecomare
|-supereffective|p2a: Ecomare
|-end|p2a: Ecomare|Substitute
|
|-heal|p2a: Ecomare|88/100|[from] item: Leftovers
|upkeep
|turn|7
|
|t:|1758998706
|move|p2a: Ecomare|Hydro Pump|p1a: Slowking
|-damage|p1a: Slowking|34/100
|move|p1a: Slowking|Sludge Bomb|p2a: Ecomare
|-supereffective|p2a: Ecomare
|-damage|p2a: Ecomare|43/100
|
|-end|p2a: Ecomare|move: Future Sight
|-damage|p2a: Ecomare|12/100
|-heal|p2a: Ecomare|19/100|[from] item: Leftovers
|upkeep
|turn|8
|
|t:|1758998723
|switch|p1a: Alomomola|Alomomola, M|79/100
|-damage|p1a: Alomomola|67/100|[from] Spikes
|move|p2a: Ecomare|Moonblast|p1a: Alomomola
|-damage|p1a: Alomomola|0 fnt
|faint|p1a: Alomomola
|
|-heal|p2a: Ecomare|25/100|[from] item: Leftovers
|upkeep
|
|t:|1758998730
|switch|p1a: Dragonite|Dragonite, F|100/100
|turn|9
|
|t:|1758998733
|move|p1a: Dragonite|Earthquake|p2a: Ecomare
|-damage|p2a: Ecomare|0 fnt
|faint|p2a: Ecomare
|
|upkeep
|
|t:|1758998737
|switch|p2a: The King|Politoed, M|100/100
|-weather|RainDance|[from] ability: Drizzle|[of] p2a: The King
|turn|10
|
|t:|1758998758
|move|p1a: Dragonite|Dragon Dance|p1a: Dragonite
|-boost|p1a: Dragonite|atk|1
|-boost|p1a: Dragonite|spe|1
|move|p2a: The King|Ice Beam|p1a: Dragonite
|-supereffective|p1a: Dragonite
|-damage|p1a: Dragonite|59/100
|
|-weather|RainDance|[upkeep]
|-heal|p1a: Dragonite|65/100|[from] item: Leftovers
|upkeep
|turn|11
|
|t:|1758998789
|-terastallize|p1a: Dragonite|Flying
|move|p1a: Dragonite|Tera Blast|p2a: The King|[anim] Tera Blast Flying
|-damage|p2a: The King|38/100
|move|p2a: The King|Ice Beam|p1a: Dragonite
|-supereffective|p1a: Dragonite
|-damage|p1a: Dragonite|26/100
|
|-weather|RainDance|[upkeep]
|-heal|p1a: Dragonite|32/100|[from] item: Leftovers
|upkeep
|turn|12
|
|t:|1758998807
|switch|p2a: Walk the Dinosaur|Walking Wake|100/100
|move|p1a: Dragonite|Tera Blast|p2a: Walk the Dinosaur|[anim] Tera Blast Flying
|-damage|p2a: Walk the Dinosaur|9/100
|
|-weather|RainDance|[upkeep]
|-heal|p1a: Dragonite|38/100|[from] item: Leftovers
|upkeep
|turn|13
|
|t:|1758998815
|move|p1a: Dragonite|Tera Blast|p2a: Walk the Dinosaur|[anim] Tera Blast Flying
|-damage|p2a: Walk the Dinosaur|0 fnt
|faint|p2a: Walk the Dinosaur
|-end|p2a: Walk the Dinosaur|Protosynthesis|[silent]
|
|-weather|RainDance|[upkeep]
|-heal|p1a: Dragonite|44/100|[from] item: Leftovers
|upkeep
|
|t:|1758998820
|switch|p2a: Juan|Ludicolo, M|100/100
|turn|14
|
|t:|1758998823
|move|p2a: Juan|Ice Beam|p1a: Dragonite
|-supereffective|p1a: Dragonite
|-damage|p1a: Dragonite|0 fnt
|faint|p1a: Dragonite
|-damage|p2a: Juan|91/100|[from] item: Life Orb
|
|-weather|RainDance|[upkeep]
|upkeep
|
|t:|1758998829
|switch|p1a: Slowking|Slowking-Galar, M|68/100
|turn|15
|
|t:|1758998833
|-terastallize|p2a: Juan|Water
|move|p2a: Juan|Hydro Pump|p1a: Slowking
|-damage|p1a: Slowking|3/100
|-damage|p2a: Juan|81/100|[from] item: Life Orb
|-prepare|p1a: Slowking|Chilly Reception|[premajor]
|move|p1a: Slowking|Chilly Reception|p1a: Slowking
|-weather|Snowscape
|
|t:|1758998843
|switch|p1a: Dragapult|Dragapult, M|100/100|[from] Chilly Reception
|-damage|p1a: Dragapult|88/100|[from] Spikes
|
|-weather|Snowscape|[upkeep]
|upkeep
|turn|16
|
|t:|1758998851
|switch|p2a: Toxatax|Toxapex, F|100/100
|move|p1a: Dragapult|Draco Meteor|p2a: Toxatax
|-damage|p2a: Toxatax|29/100
|-unboost|p1a: Dragapult|spa|2
|
|-weather|Snowscape|[upkeep]
|upkeep
|turn|17
|
|t:|1758998858
|switch|p2a: The King|Politoed, M|38/100
|-weather|RainDance|[from] ability: Drizzle|[of] p2a: The King
|move|p1a: Dragapult|Draco Meteor|p2a: The King
|-damage|p2a: The King|1/100
|-unboost|p1a: Dragapult|spa|2
|
|-weather|RainDance|[upkeep]
|upkeep
|turn|18
|
|t:|1758998868
|switch|p1a: Weezing|Weezing-Galar, M|100/100
|-ability|p1a: Weezing|Neutralizing Gas
|switch|p2a: Toxatax|Toxapex, F|63/100
|
|-weather|RainDance|[upkeep]
|upkeep
|turn|19
|
|t:|1758998903
|-end|p1a: Weezing|ability: Neutralizing Gas
|switch|p1a: Slowking|Slowking-Galar, M|36/100
|move|p2a: Toxatax|Surf|p1a: Slowking
|-damage|p1a: Slowking|21/100
|
|-weather|RainDance|[upkeep]
|upkeep
|turn|20
|
|t:|1758998911
|move|p2a: Toxatax|Surf|p1a: Slowking
|-damage|p1a: Slowking|5/100
|-prepare|p1a: Slowking|Chilly Reception|[premajor]
|move|p1a: Slowking|Chilly Reception|p1a: Slowking
|-weather|Snowscape
|
|t:|1758998915
|switch|p1a: Dragapult|Dragapult, M|88/100|[from] Chilly Reception
|-damage|p1a: Dragapult|76/100|[from] Spikes
|
|-weather|Snowscape|[upkeep]
|upkeep
|turn|21
|
|t:|1758998921
|switch|p2a: The King|Politoed, M|1/100
|-weather|RainDance|[from] ability: Drizzle|[of] p2a: The King
|move|p1a: Dragapult|Draco Meteor|p2a: The King
|-damage|p2a: The King|0 fnt
|-unboost|p1a: Dragapult|spa|2
|faint|p2a: The King
|
|-weather|RainDance|[upkeep]
|upkeep
|
|t:|1758998930
|switch|p2a: Juan|Ludicolo, M, tera:Water|81/100
|turn|22
|
|t:|1758998933
|switch|p1a: Weezing|Weezing-Galar, M|100/100
|-ability|p1a: Weezing|Neutralizing Gas
|move|p2a: Juan|Hydro Pump|p1a: Weezing
|-damage|p1a: Weezing|0 fnt
|faint|p1a: Weezing
|-end|p1a: Weezing|ability: Neutralizing Gas
|-damage|p2a: Juan|71/100|[from] item: Life Orb
|
|-weather|RainDance|[upkeep]
|upkeep
|
|t:|1758998939
|switch|p1a: Slowking|Slowking-Galar, M|38/100
|turn|23
|
|t:|1758998944
|switch|p1a: Weavile|Weavile, M|88/100
|-damage|p1a: Weavile|76/100|[from] Spikes
|-ability|p1a: Weavile|Pressure
|move|p2a: Juan|Hydro Pump|p1a: Weavile
|-damage|p1a: Weavile|0 fnt
|faint|p1a: Weavile
|-damage|p2a: Juan|61/100|[from] item: Life Orb
|
|-weather|RainDance|[upkeep]
|upkeep
|
|t:|1758998950
|switch|p1a: Slowking|Slowking-Galar, M|71/100
|turn|24
|
|t:|1758998957
|move|p2a: Juan|Hydro Pump|p1a: Slowking
|-damage|p1a: Slowking|0 fnt
|faint|p1a: Slowking
|-damage|p2a: Juan|51/100|[from] item: Life Orb
|
|-weather|RainDance|[upkeep]
|upkeep
|
|t:|1758998969
|switch|p1a: Dragapult|Dragapult, M|76/100
|-damage|p1a: Dragapult|64/100|[from] Spikes
|turn|25
|
|t:|1758998974
|move|p2a: Juan|Ice Beam|p1a: Dragapult
|-supereffective|p1a: Dragapult
|-damage|p1a: Dragapult|0 fnt
|faint|p1a: Dragapult
|-damage|p2a: Juan|41/100|[from] item: Life Orb
|
|win|TheGamingPolitoed
|raw|HWH8SB's rating: 1425 &rarr; <strong>1403</strong><br />(-22 for losing)
|raw|TheGamingPolitoed's rating: 1394 &rarr; <strong>1416</strong><br />(+22 for winning)
|l|☆HWH8SB
|player|p1|
|l|☆TheGamingPolitoed
|player|p2|
