|j|☆Clefamphetamine
|j|☆oblizzy
|t:|1759004009
|gametype|singles
|player|p1|Clefamphetamine|emma|1398
|player|p2|oblizzy|skierf|1348
|gen|9
|tier|[Gen 9] OU
|rated|
|rule|HP Percentage Mod: HP is shown in percentages
|rule|Endless Battle Clause: Forcing endless battles is banned
|rule|Species Clause: Limit one of each Pokémon
|rule|OHKO Clause: OHKO moves are banned
|rule|Evasion Items Clause: Evasion items are banned
|rule|Evasion Moves Clause: Evasion moves are banned
|rule|Evasion Abilities Clause: Evasion abilities are banned
|rule|Sleep Moves Clause: Sleep-inducing moves are banned
|clearpoke
|poke|p1|Veluza, F|
|poke|p1|Tornadus-Therian, M|
|poke|p1|Blissey, F|
|poke|p1|Gliscor, M|
|poke|p1|Iron Valiant|
|poke|p1|Scizor, F|
|poke|p2|Deoxys-Speed|
|poke|p2|Ting-Lu|
|poke|p2|Gholdengo|
|poke|p2|Zamazenta-*|
|poke|p2|Clefable, F|
|poke|p2|Dragonite, M|
|teampreview
|
|t:|1759004021
|teamsize|p1|6
|teamsize|p2|6
|start
|switch|p1a: Veluza|Veluza, F|100/100
|switch|p2a: Deoxys|Deoxys-Speed|100/100
|-ability|p2a: Deoxys|Pressure
|-ability|p1a: Veluza|Mold Breaker
|turn|1
|
|t:|1759004032
|move|p2a: Deoxys|Thunderbolt|p1a: Veluza
|-supereffective|p1a: Veluza
|-damage|p1a: Veluza|17/100
|move|p1a: Veluza|Final Gambit|p2a: Deoxys
|-damage|p2a: Deoxys|76/100
|faint|p1a: Veluza
|
|upkeep
|
|t:|1759004041
|switch|p1a: Gliscor|Gliscor, M|100/100
|turn|2
|
|t:|1759004047
|move|p1a: Gliscor|Protect|p1a: Gliscor
|-singleturn|p1a: Gliscor|Protect
|move|p2a: Deoxys|Nasty Plot|p2a: Deoxys
|-boost|p2a: Deoxys|spa|2
|
|-status|p1a: Gliscor|tox|[from] item: Toxic Orb
|upkeep
|turn|3
|
|t:|1759004051
|switch|p1a: Scizor|Scizor, F|100/100
|move|p2a: Deoxys|Ice Beam|p1a: Scizor
|-resisted|p1a: Scizor
|-damage|p1a: Scizor|65/100
|
|upkeep
|turn|4
|
|t:|1759004065
|-terastallize|p1a: Scizor|Steel
|move|p1a: Scizor|Bullet Punch|p2a: Deoxys
|-damage|p2a: Deoxys|0 fnt
|faint|p2a: Deoxys
|-damage|p1a: Scizor|55/100|[from] item: Life Orb
|
|upkeep
|
|t:|1759004076
|switch|p2a: Ting-Lu|Ting-Lu|100/100
|-ability|p2a: Ting-Lu|Vessel of Ruin
|turn|5
|
|t:|1759004086
|switch|p1a: Iron Valiant|Iron Valiant|100/100
|-enditem|p1a: Iron Valiant|Booster Energy
|-activate|p1a: Iron Valiant|ability: Quark Drive|[fromitem]
|-start|p1a: Iron Valiant|quarkdrivespe
|move|p2a: Ting-Lu|Spikes|p1a: Iron Valiant
|-sidestart|p1: Clefamphetamine|Spikes
|
|upkeep
|turn|6
|
|t:|1759004091
|move|p1a: Iron Valiant|Encore|p2a: Ting-Lu
|-start|p2a: Ting-Lu|Encore
|move|p2a: Ting-Lu|Spikes|p1a: Iron Valiant
|-sidestart|p1: Clefamphetamine|Spikes
|
|upkeep
|turn|7
|
|t:|1759004095
|switch|p2a: Gholdengo|Gholdengo|100/100
|move|p1a: Iron Valiant|Calm Mind|p1a: Iron Valiant
|-boost|p1a: Iron Valiant|spa|1
|-boost|p1a: Iron Valiant|spd|1
|
|upkeep
|turn|8
|
|t:|1759004099
|move|p1a: Iron Valiant|Shadow Ball|p2a: Gholdengo
|-supereffective|p2a: Gholdengo
|-damage|p2a: Gholdengo|24/100
|move|p2a: Gholdengo|Make It Rain|p1a: Iron Valiant
|-supereffective|p1a: Iron Valiant
|-damage|p1a: Iron Valiant|0 fnt
|-unboost|p2a: Gholdengo|spa|1
|faint|p1a: Iron Valiant
|-end|p1a: Iron Valiant|Quark Drive|[silent]
|
|upkeep
|
|t:|1759004106
|switch|p1a: Tornadus|Tornadus-Therian, M|100/100
|turn|9
|
|t:|1759004118
|switch|p2a: Ting-Lu|Ting-Lu|100/100
|-ability|p2a: Ting-Lu|Vessel of Ruin
|move|p1a: Tornadus|Nasty Plot|p1a: Tornadus
|-boost|p1a: Tornadus|spa|2
|
|upkeep
|turn|10
|
|t:|1759004126
|move|p1a: Tornadus|Bleakwind Storm|p2a: Ting-Lu
|-damage|p2a: Ting-Lu|62/100
|move|p2a: Ting-Lu|Whirlwind|p1a: Tornadus
|drag|p1a: Scizor|Scizor, F, tera:Steel|55/100
|-damage|p1a: Scizor|39/100|[from] Spikes
|
|-heal|p2a: Ting-Lu|69/100|[from] item: Leftovers
|upkeep
|turn|11
|
|t:|1759004133
|move|p1a: Scizor|Close Combat|p2a: Ting-Lu
|-supereffective|p2a: Ting-Lu
|-damage|p2a: Ting-Lu|0 fnt
|-unboost|p1a: Scizor|def|1
|-unboost|p1a: Scizor|spd|1
|faint|p2a: Ting-Lu
|-damage|p1a: Scizor|29/100|[from] item: Life Orb
|
|upkeep
|
|t:|1759004139
|switch|p2a: Gholdengo|Gholdengo|24/100
|turn|12
|
|t:|1759004142
|move|p1a: Scizor|Bullet Punch|p2a: Gholdengo
|-resisted|p2a: Gholdengo
|-damage|p2a: Gholdengo|2/100
|-damage|p1a: Scizor|19/100|[from] item: Life Orb
|move|p2a: Gholdengo|Recover|p2a: Gholdengo
|-heal|p2a: Gholdengo|52/100
|
|upkeep
|turn|13
|
|t:|1759004156
|switch|p2a: Clefable|Clefable, F|100/100
|switch|p1a: Tornadus|Tornadus-Therian, M|100/100
|
|upkeep
|turn|14
|
|t:|1759004160
|move|p1a: Tornadus|Nasty Plot|p1a: Tornadus
|-boost|p1a: Tornadus|spa|2
|move|p2a: Clefable|Stealth Rock|p1a: Tornadus
|-sidestart|p1: Clefamphetamine|move: Stealth Rock
|
|upkeep
|turn|15
|
|t:|1759004170
|move|p1a: Tornadus|Bleakwind Storm|p2a: Clefable
|-damage|p2a: Clefable|12/100
|move|p2a: Clefable|Knock Off|p1a: Tornadus
|-damage|p1a: Tornadus|81/100
|-enditem|p1a: Tornadus|Eject Button|[from] move: Knock Off|[of] p2a: Clefable
|
|upkeep
|turn|16
|
|t:|1759004180
|move|p1a: Tornadus|Bleakwind Storm|p2a: Clefable
|-damage|p2a: Clefable|0 fnt
|faint|p2a: Clefable
|
|upkeep
|
|t:|1759004206
|switch|p2a: Zamazenta|Zamazenta, shiny|100/100
|-ability|p2a: Zamazenta|Dauntless Shield|boost
|-boost|p2a: Zamazenta|def|1
|turn|17
|
|t:|1759004209
|move|p2a: Zamazenta|Stone Edge|p1a: Tornadus
|-supereffective|p1a: Tornadus
|-damage|p1a: Tornadus|0 fnt
|faint|p1a: Tornadus
|
|upkeep
|
|t:|1759004214
|switch|p1a: Gliscor|Gliscor, M|100/100 tox
|-damage|p1a: Gliscor|88/100 tox|[from] Stealth Rock
|turn|18
|
|t:|1759004220
|switch|p2a: Dragonite|Dragonite, M|100/100
|move|p1a: Gliscor|Toxic|p2a: Dragonite
|-status|p2a: Dragonite|tox
|
|-heal|p1a: Gliscor|100/100 tox|[from] ability: Poison Heal
|-damage|p2a: Dragonite|94/100 tox|[from] psn
|upkeep
|turn|19
|
|t:|1759004229
|move|p1a: Gliscor|Knock Off|p2a: Dragonite
|-damage|p2a: Dragonite|75/100 tox
|-enditem|p2a: Dragonite|Heavy-Duty Boots|[from] move: Knock Off|[of] p1a: Gliscor
|move|p2a: Dragonite|Dragon Tail|p1a: Gliscor|[miss]
|-miss|p2a: Dragonite|p1a: Gliscor
|
|-damage|p2a: Dragonite|63/100 tox|[from] psn
|upkeep
|turn|20
|
|t:|1759004235
|move|p1a: Gliscor|Toxic|p2a: Dragonite
|-fail|p2a: Dragonite|tox
|move|p2a: Dragonite|Roost|p2a: Dragonite
|-heal|p2a: Dragonite|100/100 tox
|-singleturn|p2a: Dragonite|move: Roost
|
|-damage|p2a: Dragonite|82/100 tox|[from] psn
|upkeep
|turn|21
|
|t:|1759004241
|switch|p2a: Gholdengo|Gholdengo|52/100
|move|p1a: Gliscor|Toxic|p2a: Gholdengo
|-immune|p2a: Gholdengo|[from] ability: Good as Gold
|
|upkeep
|turn|22
|
|t:|1759004247
|move|p1a: Gliscor|Earthquake|p2a: Gholdengo
|-supereffective|p2a: Gholdengo
|-damage|p2a: Gholdengo|3/100
|move|p2a: Gholdengo|Recover|p2a: Gholdengo
|-heal|p2a: Gholdengo|53/100
|
|upkeep
|turn|23
|
|t:|1759004254
|-terastallize|p2a: Gholdengo|Fairy
|move|p1a: Gliscor|Earthquake|p2a: Gholdengo
|-damage|p2a: Gholdengo|29/100
|move|p2a: Gholdengo|Recover|p2a: Gholdengo
|-heal|p2a: Gholdengo|80/100
|
|upkeep
|turn|24
|
|t:|1759004258
|switch|p1a: Blissey|Blissey, F|100/100
|-damage|p1a: Blissey|84/100|[from] Spikes
|-damage|p1a: Blissey|71/100|[from] Stealth Rock
|move|p2a: Gholdengo|Nasty Plot|p2a: Gholdengo
|-boost|p2a: Gholdengo|spa|2
|
|upkeep
|turn|25
|
|t:|1759004263
|switch|p2a: Zamazenta|Zamazenta, shiny|100/100
|move|p1a: Blissey|Trick|p2a: Zamazenta
|-activate|p1a: Blissey|move: Trick|[of] p2a: Zamazenta
|-item|p2a: Zamazenta|Choice Scarf|[from] move: Trick
|-item|p1a: Blissey|Heavy-Duty Boots|[from] move: Trick
|
|upkeep
|turn|26
|
|t:|1759004272
|switch|p2a: Dragonite|Dragonite, M|82/100 tox
|switch|p1a: Gliscor|Gliscor, M|100/100 tox
|-damage|p1a: Gliscor|88/100 tox|[from] Stealth Rock
|
|-heal|p1a: Gliscor|100/100 tox|[from] ability: Poison Heal
|-damage|p2a: Dragonite|76/100 tox|[from] psn
|upkeep
|turn|27
|
|t:|1759004279
|move|p1a: Gliscor|Knock Off|p2a: Dragonite
|-damage|p2a: Dragonite|63/100 tox
|move|p2a: Dragonite|Roost|p2a: Dragonite
|-heal|p2a: Dragonite|100/100 tox
|-singleturn|p2a: Dragonite|move: Roost
|
|-damage|p2a: Dragonite|88/100 tox|[from] psn
|upkeep
|turn|28
|
|t:|1759004287
|move|p1a: Gliscor|Earthquake|p2a: Dragonite
|-immune|p2a: Dragonite
|move|p2a: Dragonite|Dragon Tail|p1a: Gliscor|[miss]
|-miss|p2a: Dragonite|p1a: Gliscor
|
|-damage|p2a: Dragonite|70/100 tox|[from] psn
|upkeep
|turn|29
|
|t:|1759004295
|switch|p2a: Gholdengo|Gholdengo, tera:Fairy|80/100
|move|p1a: Gliscor|Knock Off|p2a: Gholdengo
|-resisted|p2a: Gholdengo
|-damage|p2a: Gholdengo|72/100
|-enditem|p2a: Gholdengo|Heavy-Duty Boots|[from] move: Knock Off|[of] p1a: Gliscor
|
|upkeep
|turn|30
|
|t:|1759004301
|switch|p1a: Blissey|Blissey, F|71/100
|move|p2a: Gholdengo|Nasty Plot|p2a: Gholdengo
|-boost|p2a: Gholdengo|spa|2
|
|upkeep
|turn|31
|
|t:|1759004310
|switch|p2a: Zamazenta|Zamazenta, shiny|100/100
|move|p1a: Blissey|Soft-Boiled|p1a: Blissey
|-heal|p1a: Blissey|100/100
|
|upkeep
|turn|32
|
|t:|1759004317
|switch|p1a: Gliscor|Gliscor, M|100/100 tox
|-damage|p1a: Gliscor|88/100 tox|[from] Stealth Rock
|move|p2a: Zamazenta|Stone Edge|p1a: Gliscor
|-damage|p1a: Gliscor|62/100 tox
|
|-heal|p1a: Gliscor|75/100 tox|[from] ability: Poison Heal
|upkeep
|turn|33
|
|t:|1759004324
|switch|p2a: Gholdengo|Gholdengo, tera:Fairy|72/100
|move|p1a: Gliscor|Earthquake|p2a: Gholdengo
|-damage|p2a: Gholdengo|47/100
|
|-heal|p1a: Gliscor|87/100 tox|[from] ability: Poison Heal
|upkeep
|turn|34
|
|t:|1759004330
|switch|p1a: Blissey|Blissey, F|100/100
|move|p2a: Gholdengo|Make It Rain|p1a: Blissey
|-damage|p1a: Blissey|80/100
|-unboost|p2a: Gholdengo|spa|1
|
|upkeep
|turn|35
|
|t:|1759004335
|switch|p2a: Zamazenta|Zamazenta, shiny|100/100
|move|p1a: Blissey|Copycat|p1a: Blissey
|move|p1a: Blissey|Make It Rain|p2a: Zamazenta|[from] move: Copycat
|-damage|p2a: Zamazenta|81/100
|-unboost|p1a: Blissey|spa|1
|
|upkeep
|turn|36
|
|t:|1759004341
|switch|p2a: Gholdengo|Gholdengo, tera:Fairy|47/100
|switch|p1a: Gliscor|Gliscor, M|87/100 tox
|-damage|p1a: Gliscor|75/100 tox|[from] Stealth Rock
|
|-heal|p1a: Gliscor|87/100 tox|[from] ability: Poison Heal
|upkeep
|turn|37
|
|t:|1759004350
|switch|p1a: Blissey|Blissey, F|80/100
|move|p2a: Gholdengo|Recover|p2a: Gholdengo
|-heal|p2a: Gholdengo|97/100
|
|upkeep
|turn|38
|
|t:|1759004357
|switch|p2a: Zamazenta|Zamazenta, shiny|81/100
|move|p1a: Blissey|Shadow Ball|p2a: Zamazenta
|-damage|p2a: Zamazenta|68/100
|
|upkeep
|turn|39
|
|t:|1759004364
|switch|p1a: Gliscor|Gliscor, M|87/100 tox
|-damage|p1a: Gliscor|75/100 tox|[from] Stealth Rock
|move|p2a: Zamazenta|Close Combat|p1a: Gliscor
|-resisted|p1a: Gliscor
|-damage|p1a: Gliscor|52/100 tox
|-unboost|p2a: Zamazenta|def|1
|-unboost|p2a: Zamazenta|spd|1
|
|-heal|p1a: Gliscor|65/100 tox|[from] ability: Poison Heal
|upkeep
|turn|40
|
|t:|1759004372
|switch|p2a: Dragonite|Dragonite, M|70/100 tox
|move|p1a: Gliscor|Earthquake|p2a: Dragonite
|-immune|p2a: Dragonite
|
|-heal|p1a: Gliscor|77/100 tox|[from] ability: Poison Heal
|-damage|p2a: Dragonite|64/100 tox|[from] psn
|upkeep
|turn|41
|
|t:|1759004380
|switch|p2a: Gholdengo|Gholdengo, tera:Fairy|97/100
|move|p1a: Gliscor|Knock Off|p2a: Gholdengo
|-resisted|p2a: Gholdengo
|-crit|p2a: Gholdengo
|-damage|p2a: Gholdengo|89/100
|
|-heal|p1a: Gliscor|90/100 tox|[from] ability: Poison Heal
|upkeep
|turn|42
|
|t:|1759004384
|switch|p1a: Blissey|Blissey, F|80/100
|switch|p2a: Dragonite|Dragonite, M|64/100 tox
|
|-damage|p2a: Dragonite|58/100 tox|[from] psn
|upkeep
|turn|43
|
|t:|1759004389
|switch|p1a: Gliscor|Gliscor, M|90/100 tox
|-damage|p1a: Gliscor|77/100 tox|[from] Stealth Rock
|move|p2a: Dragonite|Dragon Tail|p1a: Gliscor
|-damage|p1a: Gliscor|48/100 tox
|drag|p1a: Blissey|Blissey, F|80/100
|
|-damage|p2a: Dragonite|46/100 tox|[from] psn
|upkeep
|turn|44
|
|t:|1759004398
|move|p1a: Blissey|Copycat||[still]
|-fail|p1a: Blissey
|move|p2a: Dragonite|Dragon Tail|p1a: Blissey
|-crit|p1a: Blissey
|-damage|p1a: Blissey|0 fnt
|faint|p1a: Blissey
|
|-damage|p2a: Dragonite|28/100 tox|[from] psn
|upkeep
|
|t:|1759004404
|switch|p1a: Gliscor|Gliscor, M|48/100 tox
|-damage|p1a: Gliscor|35/100 tox|[from] Stealth Rock
|turn|45
|
|t:|1759004411
|switch|p2a: Gholdengo|Gholdengo, tera:Fairy|89/100
|move|p1a: Gliscor|Knock Off|p2a: Gholdengo
|-resisted|p2a: Gholdengo
|-damage|p2a: Gholdengo|84/100
|
|-heal|p1a: Gliscor|48/100 tox|[from] ability: Poison Heal
|upkeep
|turn|46
|
|t:|1759004415
|move|p1a: Gliscor|Earthquake|p2a: Gholdengo
|-crit|p2a: Gholdengo
|-damage|p2a: Gholdengo|47/100
|move|p2a: Gholdengo|Make It Rain|p1a: Gliscor
|-damage|p1a: Gliscor|0 fnt
|-unboost|p2a: Gholdengo|spa|1
|faint|p1a: Gliscor
|
|upkeep
|-message|Clefamphetamine forfeited.
|
|win|oblizzy
|raw|Clefamphetamine's rating: 1398 &rarr; <strong>1375</strong><br />(-23 for losing)
|raw|oblizzy's rating: 1348 &rarr; <strong>1371</strong><br />(+23 for winning)
|l|☆oblizzy
|player|p2|
