|j|☆Carpio0315
|j|☆silly noob player
|inactive|Battle timer is ON: inactive players will automatically lose when time's up.
|t:|1759066693
|gametype|singles
|player|p1|Carpio0315|elesa|
|player|p2|silly noob player|backpackerf|
|gen|9
|tier|[Gen 9] OU
|rated|Tournament battle
|rule|HP Percentage Mod: HP is shown in percentages
|rule|Endless Battle Clause: Forcing endless battles is banned
|rule|Species Clause: Limit one of each Pokémon
|rule|OHKO Clause: OHKO moves are banned
|rule|Evasion Items Clause: Evasion items are banned
|rule|Evasion Moves Clause: Evasion moves are banned
|rule|Evasion Abilities Clause: Evasion abilities are banned
|rule|Sleep Moves Clause: Sleep-inducing moves are banned
|raw|<div class="infobox"><details class="readmore" open><summary><strong>3 custom rules:</strong></summary> -blissey, -wailord, -wobbuffet</details></div>
|clearpoke
|poke|p1|Volbeat, M|
|poke|p1|Vaporeon, M|
|poke|p1|Sawsbuck, F|
|poke|p1|Ludicolo, F|
|poke|p1|Leafeon, M|
|poke|p1|Dewgong, F|
|poke|p2|Volbeat, M|
|poke|p2|Vaporeon, M|
|poke|p2|Sawsbuck-Autumn, F|
|poke|p2|Ludicolo, M|
|poke|p2|Leafeon, M|
|poke|p2|Dewgong, F|
|teampreview
|j|*Lady Monita ☀
|
|t:|1759066705
|teamsize|p1|6
|teamsize|p2|6
|start
|switch|p1a: Volbeat|Volbeat, M|100/100
|switch|p2a: Vaporeon|Vaporeon, M, shiny|100/100
|turn|1
|
|t:|1759066715
|move|p1a: Volbeat|Light Screen|p1a: Volbeat
|-sidestart|p1: Carpio0315|move: Light Screen
|move|p2a: Vaporeon|Rain Dance|p2a: Vaporeon
|-weather|RainDance
|
|-weather|RainDance|[upkeep]
|upkeep
|turn|2
|
|t:|1759066722
|move|p1a: Volbeat|Sunny Day|p1a: Volbeat
|-weather|SunnyDay
|move|p2a: Vaporeon|Weather Ball|p1a: Volbeat
|-supereffective|p1a: Volbeat
|-damage|p1a: Volbeat|59/100
|
|-weather|SunnyDay|[upkeep]
|upkeep
|turn|3
|
|t:|1759066728
|move|p1a: Volbeat|U-turn|p2a: Vaporeon
|-damage|p2a: Vaporeon|80/100
|
|t:|1759066738
|switch|p1a: Leafeon|Leafeon, M|100/100|[from] U-turn
|move|p2a: Vaporeon|Weather Ball|p1a: Leafeon
|-supereffective|p1a: Leafeon
|-damage|p1a: Leafeon|32/100
|
|-weather|SunnyDay|[upkeep]
|upkeep
|turn|4
|
|t:|1759066755
|switch|p2a: Leafeon|Leafeon, M|100/100
|move|p1a: Leafeon|Leaf Blade|p2a: Leafeon
|-resisted|p2a: Leafeon
|-crit|p2a: Leafeon
|-damage|p2a: Leafeon|59/100
|-damage|p1a: Leafeon|22/100|[from] item: Life Orb
|
|-weather|SunnyDay|[upkeep]
|upkeep
|turn|5
|
|t:|1759066764
|move|p2a: Leafeon|X-Scissor|p1a: Leafeon
|-supereffective|p1a: Leafeon
|-damage|p1a: Leafeon|0 fnt
|faint|p1a: Leafeon
|
|-weather|SunnyDay|[upkeep]
|-sideend|p1: Carpio0315|move: Light Screen
|upkeep
|
|t:|1759066771
|switch|p1a: Sawsbuck|Sawsbuck, F|100/100
|turn|6
|
|t:|1759066777
|-terastallize|p1a: Sawsbuck|Normal
|move|p1a: Sawsbuck|Double-Edge|p2a: Leafeon
|-damage|p2a: Leafeon|0 fnt
|faint|p2a: Leafeon
|-damage|p1a: Sawsbuck|83/100|[from] Recoil
|
|-weather|none
|upkeep
|
|t:|1759066792
|switch|p2a: Ludicolo|Ludicolo, M|100/100
|turn|7
|
|t:|1759066796
|move|p2a: Ludicolo|Fake Out|p1a: Sawsbuck
|-damage|p1a: Sawsbuck|73/100
|cant|p1a: Sawsbuck|flinch
|
|upkeep
|turn|8
|
|t:|1759066802
|move|p1a: Sawsbuck|Double-Edge|p2a: Ludicolo
|-damage|p2a: Ludicolo|0 fnt
|faint|p2a: Ludicolo
|-damage|p1a: Sawsbuck|40/100|[from] Recoil
|
|upkeep
|
|t:|1759066817
|switch|p2a: Vaporeon|Vaporeon, M, shiny|80/100
|turn|9
|
|t:|1759066821
|move|p1a: Sawsbuck|Double-Edge|p2a: Vaporeon
|-damage|p2a: Vaporeon|0 fnt
|faint|p2a: Vaporeon
|-damage|p1a: Sawsbuck|0 fnt|[from] Recoil
|faint|p1a: Sawsbuck
|
|upkeep
|
|t:|1759066834
|switch|p1a: Volbeat|Volbeat, M|59/100
|switch|p2a: Volbeat|Volbeat, M|100/100
|turn|10
|
|t:|1759066839
|move|p2a: Volbeat|Thunder Wave|p1a: Volbeat
|-status|p1a: Volbeat|par
|move|p1a: Volbeat|Light Screen|p1a: Volbeat
|-sidestart|p1: Carpio0315|move: Light Screen
|
|upkeep
|turn|11
|
|t:|1759066843
|move|p2a: Volbeat|Air Slash|p1a: Volbeat
|-supereffective|p1a: Volbeat
|-damage|p1a: Volbeat|42/100 par
|cant|p1a: Volbeat|flinch
|
|upkeep
|turn|12
|
|t:|1759066848
|move|p2a: Volbeat|Air Slash|p1a: Volbeat
|-supereffective|p1a: Volbeat
|-damage|p1a: Volbeat|25/100 par
|move|p1a: Volbeat|U-turn|p2a: Volbeat
|-damage|p2a: Volbeat|73/100
|
|t:|1759066869
|switch|p1a: Ludicolo|Ludicolo, F|100/100|[from] U-turn
|
|upkeep
|turn|13
|
|t:|1759066876
|move|p2a: Volbeat|Thunder Wave|p1a: Ludicolo
|-status|p1a: Ludicolo|par
|cant|p1a: Ludicolo|par
|
|upkeep
|turn|14
|
|t:|1759066881
|move|p2a: Volbeat|Air Slash|p1a: Ludicolo
|-supereffective|p1a: Ludicolo
|-damage|p1a: Ludicolo|91/100 par
|cant|p1a: Ludicolo|par
|
|-sideend|p1: Carpio0315|move: Light Screen
|upkeep
|turn|15
|
|t:|1759066887
|move|p2a: Volbeat|Tailwind|p2a: Volbeat
|-sidestart|p2: silly noob player|move: Tailwind
|move|p1a: Ludicolo|Hydro Pump|p2a: Volbeat
|-damage|p2a: Volbeat|0 fnt
|faint|p2a: Volbeat
|
|upkeep
|
|t:|1759066894
|switch|p2a: Dewgong|Dewgong, F, shiny|100/100
|turn|16
|
|t:|1759066897
|move|p2a: Dewgong|Fake Out|p1a: Ludicolo
|-damage|p1a: Ludicolo|82/100 par
|cant|p1a: Ludicolo|flinch
|
|upkeep
|turn|17
|
|t:|1759066902
|move|p2a: Dewgong|Whirlpool|p1a: Ludicolo|[miss]
|-miss|p2a: Dewgong|p1a: Ludicolo
|move|p1a: Ludicolo|Giga Drain|p2a: Dewgong
|-supereffective|p2a: Dewgong
|-damage|p2a: Dewgong|58/100
|-heal|p1a: Ludicolo|100/100 par|[from] drain|[of] p2a: Dewgong
|
|upkeep
|turn|18
|
|t:|1759066926
|-terastallize|p2a: Dewgong|Grass
|move|p2a: Dewgong|Whirlpool|p1a: Ludicolo
|-resisted|p1a: Ludicolo
|-damage|p1a: Ludicolo|99/100 par
|-activate|p1a: Ludicolo|move: Whirlpool|[of] p2a: Dewgong
|move|p1a: Ludicolo|Giga Drain|p2a: Dewgong
|-resisted|p2a: Dewgong
|-damage|p2a: Dewgong|47/100
|-heal|p1a: Ludicolo|100/100 par|[from] drain|[of] p2a: Dewgong
|-enditem|p2a: Dewgong|Sitrus Berry|[eat]
|-heal|p2a: Dewgong|72/100|[from] item: Sitrus Berry
|
|-damage|p1a: Ludicolo|88/100 par|[from] move: Whirlpool|[partiallytrapped]
|-sideend|p2: silly noob player|move: Tailwind
|upkeep
|turn|19
|
|t:|1759066939
|move|p2a: Dewgong|Perish Song|p2a: Dewgong
|-start|p1a: Ludicolo|perish3|[silent]
|-start|p2a: Dewgong|perish3|[silent]
|-fieldactivate|move: Perish Song
|move|p1a: Ludicolo|Ice Beam|p2a: Dewgong
|-supereffective|p2a: Dewgong
|-damage|p2a: Dewgong|37/100
|-status|p2a: Dewgong|frz
|
|-damage|p1a: Ludicolo|76/100 par|[from] move: Whirlpool|[partiallytrapped]
|-start|p2a: Dewgong|perish3
|-start|p1a: Ludicolo|perish3
|upkeep
|turn|20
|
|t:|1759066950
|cant|p2a: Dewgong|frz
|cant|p1a: Ludicolo|par
|
|-damage|p1a: Ludicolo|63/100 par|[from] move: Whirlpool|[partiallytrapped]
|-start|p2a: Dewgong|perish2
|-start|p1a: Ludicolo|perish2
|upkeep
|turn|21
|
|t:|1759066958
|cant|p2a: Dewgong|frz
|move|p1a: Ludicolo|Ice Beam|p2a: Dewgong
|-supereffective|p2a: Dewgong
|-damage|p2a: Dewgong|0 fnt
|faint|p2a: Dewgong
|
|-end|p1a: Ludicolo|Whirlpool|[partiallytrapped]|[silent]
|-start|p1a: Ludicolo|perish1
|upkeep
|
|t:|1759066965
|switch|p2a: Sawsbuck|Sawsbuck-Autumn, F, shiny|100/100
|turn|22
|
|t:|1759066969
|move|p2a: Sawsbuck|Body Slam|p1a: Ludicolo
|-damage|p1a: Ludicolo|18/100 par
|move|p1a: Ludicolo|Ice Beam|p2a: Sawsbuck
|-supereffective|p2a: Sawsbuck
|-damage|p2a: Sawsbuck|43/100
|
|-start|p1a: Ludicolo|perish0
|upkeep
|faint|p1a: Ludicolo
|
|t:|1759066976
|switch|p1a: Dewgong|Dewgong, F|100/100
|turn|23
|
|t:|1759066984
|move|p2a: Sawsbuck|Horn Leech|p1a: Dewgong
|-supereffective|p1a: Dewgong
|-damage|p1a: Dewgong|50/100
|-heal|p2a: Sawsbuck|75/100|[from] drain|[of] p1a: Dewgong
|move|p1a: Dewgong|Ice Beam|p2a: Sawsbuck
|-supereffective|p2a: Sawsbuck
|-damage|p2a: Sawsbuck|24/100
|
|upkeep
|turn|24
|
|t:|1759066991
|move|p2a: Sawsbuck|Horn Leech|p1a: Dewgong
|-supereffective|p1a: Dewgong
|-damage|p1a: Dewgong|0 fnt
|-heal|p2a: Sawsbuck|56/100|[from] drain|[of] p1a: Dewgong
|faint|p1a: Dewgong
|
|upkeep
|
|t:|1759067002
|switch|p1a: Vaporeon|Vaporeon, M|100/100
|turn|25
|
|t:|1759067008
|move|p2a: Sawsbuck|Horn Leech|p1a: Vaporeon
|-supereffective|p1a: Vaporeon
|-damage|p1a: Vaporeon|45/100
|-heal|p2a: Sawsbuck|93/100|[from] drain|[of] p1a: Vaporeon
|move|p1a: Vaporeon|Ice Beam|p2a: Sawsbuck
|-supereffective|p2a: Sawsbuck
|-damage|p2a: Sawsbuck|43/100
|
|upkeep
|turn|26
|j| wooperlover12
|
|t:|1759067020
|move|p1a: Vaporeon|Protect|p1a: Vaporeon
|-singleturn|p1a: Vaporeon|Protect
|move|p2a: Sawsbuck|Horn Leech|p1a: Vaporeon
|-activate|p1a: Vaporeon|move: Protect
|
|upkeep
|turn|27
|l| wooperlover12
|
|t:|1759067028
|move|p2a: Sawsbuck|Horn Leech|p1a: Vaporeon
|-supereffective|p1a: Vaporeon
|-damage|p1a: Vaporeon|0 fnt
|-heal|p2a: Sawsbuck|73/100|[from] drain|[of] p1a: Vaporeon
|faint|p1a: Vaporeon
|
|upkeep
|
|t:|1759067030
|switch|p1a: Volbeat|Volbeat, M|25/100 par
|turn|28
|c|☆Carpio0315|gg
|
|t:|1759067038
|move|p2a: Sawsbuck|Horn Leech|p1a: Volbeat
|-resisted|p1a: Volbeat
|-damage|p1a: Volbeat|6/100 par
|-heal|p2a: Sawsbuck|82/100|[from] drain|[of] p1a: Volbeat
|move|p1a: Volbeat|Bug Buzz|p2a: Sawsbuck
|-supereffective|p2a: Sawsbuck
|-damage|p2a: Sawsbuck|52/100
|
|upkeep
|turn|29
|c|☆silly noob player|gg
|
|t:|1759067048
|move|p2a: Sawsbuck|Trailblaze|p1a: Volbeat
|-resisted|p1a: Volbeat
|-damage|p1a: Volbeat|0 fnt
|-boost|p2a: Sawsbuck|spe|1
|faint|p1a: Volbeat
|
|win|silly noob player
|n|☆Carpio0315|carpio0315
|n|☆silly noob player|sillynoobplayer
|n|*Lady Monita ☀|ladymonita
