|j|☆Jon Mateo
|j|☆OminousGengar
|t:|1759058860
|gametype|singles
|player|p1|Jon Mateo|266|1213
|player|p2|OminousGengar|eusine|1261
|gen|9
|tier|[Gen 9] OU
|rated|
|rule|HP Percentage Mod: HP is shown in percentages
|rule|Endless Battle Clause: Forcing endless battles is banned
|rule|Species Clause: Limit one of each Pokémon
|rule|OHKO Clause: OHKO moves are banned
|rule|Evasion Items Clause: Evasion items are banned
|rule|Evasion Moves Clause: Evasion moves are banned
|rule|Evasion Abilities Clause: Evasion abilities are banned
|rule|Sleep Moves Clause: Sleep-inducing moves are banned
|clearpoke
|poke|p1|Ceruledge, F|
|poke|p1|Quaquaval, F|
|poke|p1|Gardevoir, F|
|poke|p1|Garchomp, F|
|poke|p1|Rotom-Frost|
|poke|p1|Kingdra, F|
|poke|p2|Talonflame, M|
|poke|p2|Pelipper, F|
|poke|p2|Barraskewda, M|
|poke|p2|Toxicroak, F|
|poke|p2|Hatterene, F|
|poke|p2|Iron Treads|
|teampreview
|
|t:|1759058875
|teamsize|p1|6
|teamsize|p2|6
|start
|switch|p1a: Kingdra|Kingdra, F|100/100
|switch|p2a: Pelipper|Pelipper, F|100/100
|-weather|RainDance|[from] ability: Drizzle|[of] p2a: Pelipper
|turn|1
|
|t:|1759058881
|switch|p2a: Toxicroak|Toxicroak, F|100/100
|move|p1a: Kingdra|Dragon Dance|p1a: Kingdra
|-boost|p1a: Kingdra|atk|1
|-boost|p1a: Kingdra|spe|1
|
|-weather|RainDance|[upkeep]
|upkeep
|turn|2
|
|t:|1759058886
|move|p1a: Kingdra|Breaking Swipe|p2a: Toxicroak
|-damage|p2a: Toxicroak|49/100
|-unboost|p2a: Toxicroak|atk|1
|-damage|p1a: Kingdra|84/100|[from] item: Rocky Helmet|[of] p2a: Toxicroak
|move|p2a: Toxicroak|Encore|p1a: Kingdra
|-start|p1a: Kingdra|Encore
|
|-weather|RainDance|[upkeep]
|-heal|p2a: Toxicroak|62/100|[from] ability: Dry Skin
|-heal|p1a: Kingdra|90/100|[from] item: Leftovers
|upkeep
|turn|3
|
|t:|1759058904
|switch|p2a: Hatterene|Hatterene, F|100/100
|move|p1a: Kingdra|Breaking Swipe|p2a: Hatterene
|-immune|p2a: Hatterene
|
|-weather|RainDance|[upkeep]
|-heal|p1a: Kingdra|96/100|[from] item: Leftovers
|upkeep
|turn|4
|
|t:|1759058912
|switch|p1a: Gardevoir|Gardevoir, F|100/100
|-ability|p1a: Gardevoir|Magic Bounce|Trace|[from] ability: Trace|[of] p2a: Hatterene
|move|p2a: Hatterene|Draining Kiss|p1a: Gardevoir
|-crit|p1a: Gardevoir
|-damage|p1a: Gardevoir|58/100
|
|-weather|RainDance|[upkeep]
|upkeep
|turn|5
|
|t:|1759058925
|move|p1a: Gardevoir|Trick|p2a: Hatterene
|-activate|p1a: Gardevoir|move: Trick|[of] p2a: Hatterene
|-item|p2a: Hatterene|Choice Scarf|[from] move: Trick
|-item|p1a: Gardevoir|Eject Button|[from] move: Trick
|move|p2a: Hatterene|Nuzzle|p1a: Gardevoir
|-damage|p1a: Gardevoir|51/100
|-status|p1a: Gardevoir|par
|-enditem|p1a: Gardevoir|Eject Button
|
|t:|1759058936
|switch|p1a: Garchomp|Garchomp, F|100/100
|
|-weather|RainDance|[upkeep]
|upkeep
|turn|6
|
|t:|1759058944
|switch|p2a: Barraskewda|Barraskewda, M|100/100
|move|p1a: Garchomp|Swords Dance|p1a: Garchomp
|-boost|p1a: Garchomp|atk|2
|
|-weather|RainDance|[upkeep]
|upkeep
|turn|7
|
|t:|1759058952
|move|p2a: Barraskewda|Flip Turn|p1a: Garchomp
|-damage|p1a: Garchomp|40/100
|-damage|p2a: Barraskewda|88/100|[from] ability: Rough Skin|[of] p1a: Garchomp
|
|t:|1759058962
|switch|p2a: Hatterene|Hatterene, F|100/100|[from] Flip Turn
|move|p1a: Garchomp|Scale Shot|p2a: Hatterene
|-immune|p2a: Hatterene
|
|-weather|RainDance|[upkeep]
|upkeep
|turn|8
|
|t:|1759058971
|move|p1a: Garchomp|Iron Head|p2a: Hatterene
|-supereffective|p2a: Hatterene
|-damage|p2a: Hatterene|0 fnt
|faint|p2a: Hatterene
|
|-weather|none
|upkeep
|
|t:|1759058980
|switch|p2a: Pelipper|Pelipper, F|100/100
|-weather|RainDance|[from] ability: Drizzle|[of] p2a: Pelipper
|turn|9
|
|t:|1759058984
|move|p1a: Garchomp|Scale Shot|p2a: Pelipper
|-damage|p2a: Pelipper|77/100
|-damage|p2a: Pelipper|55/100
|-damage|p2a: Pelipper|31/100
|-damage|p2a: Pelipper|11/100
|-hitcount|p2a: Pelipper|4
|-unboost|p1a: Garchomp|def|1
|-boost|p1a: Garchomp|spe|1
|move|p2a: Pelipper|U-turn|p1a: Garchomp
|-damage|p1a: Garchomp|28/100
|-damage|p2a: Pelipper|0 fnt|[from] ability: Rough Skin|[of] p1a: Garchomp
|faint|p2a: Pelipper
|
|-weather|RainDance|[upkeep]
|upkeep
|
|t:|1759058987
|switch|p2a: Talonflame|Talonflame, M|100/100
|turn|10
|
|t:|1759058989
|-terastallize|p2a: Talonflame|Flying
|move|p2a: Talonflame|Hurricane|p1a: Garchomp
|-damage|p1a: Garchomp|0 fnt
|faint|p1a: Garchomp
|
|-weather|RainDance|[upkeep]
|upkeep
|
|t:|1759059001
|switch|p1a: Quaquaval|Quaquaval, F|100/100
|turn|11
|
|t:|1759059003
|-terastallize|p1a: Quaquaval|Water
|move|p2a: Talonflame|Hurricane|p1a: Quaquaval
|-damage|p1a: Quaquaval|0 fnt
|faint|p1a: Quaquaval
|
|-weather|RainDance|[upkeep]
|upkeep
|
|t:|1759059011
|switch|p1a: Kingdra|Kingdra, F|96/100
|turn|12
|
|t:|1759059013
|move|p2a: Talonflame|Hurricane|p1a: Kingdra
|-damage|p1a: Kingdra|12/100
|-start|p1a: Kingdra|confusion
|-activate|p1a: Kingdra|confusion
|move|p1a: Kingdra|Dragon Dance|p1a: Kingdra
|-boost|p1a: Kingdra|atk|1
|-boost|p1a: Kingdra|spe|1
|
|-weather|RainDance|[upkeep]
|-heal|p1a: Kingdra|18/100|[from] item: Leftovers
|upkeep
|turn|13
|
|t:|1759059019
|move|p2a: Talonflame|Hurricane|p1a: Kingdra
|-damage|p1a: Kingdra|0 fnt
|faint|p1a: Kingdra
|
|-weather|RainDance|[upkeep]
|upkeep
|
|t:|1759059025
|switch|p1a: Rotom|Rotom-Frost|100/100
|turn|14
|
|t:|1759059030
|move|p2a: Talonflame|Hurricane|p1a: Rotom
|-resisted|p1a: Rotom
|-damage|p1a: Rotom|46/100
|move|p1a: Rotom|Volt Switch|p2a: Talonflame
|-supereffective|p2a: Talonflame
|-damage|p2a: Talonflame|3/100
|
|t:|1759059035
|switch|p1a: Ceruledge|Ceruledge, F|100/100|[from] Volt Switch
|
|-weather|RainDance|[upkeep]
|upkeep
|turn|15
|
|t:|1759059037
|move|p1a: Ceruledge|Shadow Sneak|p2a: Talonflame
|-damage|p2a: Talonflame|0 fnt
|faint|p2a: Talonflame
|-damage|p1a: Ceruledge|91/100|[from] item: Life Orb
|
|-weather|RainDance|[upkeep]
|upkeep
|
|t:|1759059047
|switch|p2a: Toxicroak|Toxicroak, F|62/100
|turn|16
|
|t:|1759059056
|move|p1a: Ceruledge|Poltergeist|p2a: Toxicroak
|-activate|p2a: Toxicroak|move: Poltergeist|Rocky Helmet
|-damage|p2a: Toxicroak|0 fnt
|faint|p2a: Toxicroak
|-damage|p1a: Ceruledge|81/100|[from] item: Life Orb
|
|-weather|none
|upkeep
|
|t:|1759059060
|switch|p2a: Barraskewda|Barraskewda, M|88/100
|turn|17
|
|t:|1759059069
|move|p1a: Ceruledge|Shadow Sneak|p2a: Barraskewda
|-damage|p2a: Barraskewda|32/100
|-damage|p1a: Ceruledge|71/100|[from] item: Life Orb
|move|p2a: Barraskewda|Flip Turn|p1a: Ceruledge
|-supereffective|p1a: Ceruledge
|-damage|p1a: Ceruledge|0 fnt
|faint|p1a: Ceruledge
|
|t:|1759059073
|switch|p2a: Iron Treads|Iron Treads|100/100|[from] Flip Turn
|
|upkeep
|
|t:|1759059078
|switch|p1a: Gardevoir|Gardevoir, F|51/100 par
|turn|18
|
|t:|1759059084
|move|p2a: Iron Treads|Volt Switch|p1a: Gardevoir
|-damage|p1a: Gardevoir|36/100 par
|
|t:|1759059087
|-end|p2a: Iron Treads|Quark Drive|[silent]
|switch|p2a: Barraskewda|Barraskewda, M|32/100|[from] Volt Switch
|-ability|p1a: Gardevoir|Swift Swim|Trace|[from] ability: Trace|[of] p2a: Barraskewda
|cant|p1a: Gardevoir|par
|
|upkeep
|turn|19
|
|t:|1759059101
|move|p2a: Barraskewda|Waterfall|p1a: Gardevoir
|-damage|p1a: Gardevoir|0 fnt
|faint|p1a: Gardevoir
|
|upkeep
|
|t:|1759059104
|switch|p1a: Rotom|Rotom-Frost|46/100
|turn|20
|
|t:|1759059107
|move|p1a: Rotom|Blizzard|p2a: Barraskewda
|-resisted|p2a: Barraskewda
|-damage|p2a: Barraskewda|0 fnt
|faint|p2a: Barraskewda
|
|upkeep
|
|t:|1759059109
|switch|p2a: Iron Treads|Iron Treads|100/100
|turn|21
|
|t:|1759059119
|move|p1a: Rotom|Blizzard|p2a: Iron Treads
|-damage|p2a: Iron Treads|32/100
|move|p2a: Iron Treads|Volt Switch|p1a: Rotom
|-resisted|p1a: Rotom
|-damage|p1a: Rotom|36/100
|
|-heal|p2a: Iron Treads|39/100|[from] item: Leftovers
|upkeep
|turn|22
|
|t:|1759059125
|move|p1a: Rotom|Blizzard|p2a: Iron Treads
|-damage|p2a: Iron Treads|0 fnt
|faint|p2a: Iron Treads
|-end|p2a: Iron Treads|Quark Drive|[silent]
|
|win|Jon Mateo
|raw|Jon Mateo's rating: 1213 &rarr; <strong>1241</strong><br />(+28 for winning)
|raw|OminousGengar's rating: 1261 &rarr; <strong>1233</strong><br />(-28 for losing)
|c|☆OminousGengar|gg
|l|☆OminousGengar
|player|p2|
|c|☆Jon Mateo|gg
|l|☆Jon Mateo
|player|p1|
