|j|☆dragalge4top
|j|☆Simplicial Complex
|t:|1759070042
|gametype|singles
|player|p1|dragalge4top|volkner|1319
|player|p2|Simplicial Complex|clown|1365
|gen|9
|tier|[Gen 9] OU
|rated|
|rule|HP Percentage Mod: HP is shown in percentages
|rule|Endless Battle Clause: Forcing endless battles is banned
|rule|Species Clause: Limit one of each Pokémon
|rule|OHKO Clause: OHKO moves are banned
|rule|Evasion Items Clause: Evasion items are banned
|rule|Evasion Moves Clause: Evasion moves are banned
|rule|Evasion Abilities Clause: Evasion abilities are banned
|rule|Sleep Moves Clause: Sleep-inducing moves are banned
|clearpoke
|poke|p1|Dragalge, F|
|poke|p1|Regidrago|
|poke|p1|Slowking-Galar, M|
|poke|p1|Great Tusk|
|poke|p1|Rillaboom, F|
|poke|p1|Skeledirge, F|
|poke|p2|Zapdos|
|poke|p2|Rhydon, M|
|poke|p2|Clefable, M|
|poke|p2|Blastoise, M|
|poke|p2|Dragonite, F|
|poke|p2|Snorlax, M|
|teampreview
|
|t:|1759070059
|teamsize|p1|6
|teamsize|p2|6
|start
|switch|p1a: Drop a Draco|Regidrago|100/100
|switch|p2a: Blastoise|Blastoise, M|100/100
|turn|1
|
|t:|1759070070
|switch|p2a: Clefable|Clefable, M|100/100
|move|p1a: Drop a Draco|Dragon Energy|p2a: Clefable
|-immune|p2a: Clefable
|
|upkeep
|turn|2
|
|t:|1759070075
|switch|p1a: Skeledirge|Skeledirge, F|100/100
|move|p2a: Clefable|Calm Mind|p2a: Clefable
|-boost|p2a: Clefable|spa|1
|-boost|p2a: Clefable|spd|1
|
|upkeep
|turn|3
|
|t:|1759070080
|switch|p2a: Rhydon|Rhydon, M|100/100
|move|p1a: Skeledirge|Will-O-Wisp|p2a: Rhydon
|-status|p2a: Rhydon|brn
|
|-damage|p2a: Rhydon|94/100 brn|[from] brn
|upkeep
|turn|4
|
|t:|1759070087
|switch|p1a: Rillaboom|Rillaboom, F|100/100
|-fieldstart|move: Grassy Terrain|[from] ability: Grassy Surge|[of] p1a: Rillaboom
|move|p2a: Rhydon|Stealth Rock|p1a: Rillaboom
|-sidestart|p1: dragalge4top|move: Stealth Rock
|
|-heal|p2a: Rhydon|100/100 brn|[from] Grassy Terrain
|-damage|p2a: Rhydon|94/100 brn|[from] brn
|upkeep
|turn|5
|
|t:|1759070097
|switch|p2a: Dragonite|Dragonite, F|100/100
|move|p1a: Rillaboom|Knock Off|p2a: Dragonite
|-damage|p2a: Dragonite|71/100
|-enditem|p2a: Dragonite|Heavy-Duty Boots|[from] move: Knock Off|[of] p1a: Rillaboom
|
|upkeep
|turn|6
|
|t:|1759070103
|switch|p1a: Great Tusk|Great Tusk|100/100
|move|p2a: Dragonite|Ice Spinner|p1a: Great Tusk
|-supereffective|p1a: Great Tusk
|-damage|p1a: Great Tusk|51/100
|-fieldend|move: Grassy Terrain
|
|upkeep
|turn|7
|
|t:|1759070112
|move|p1a: Great Tusk|Ice Spinner|p2a: Dragonite
|-supereffective|p2a: Dragonite
|-damage|p2a: Dragonite|0 fnt
|faint|p2a: Dragonite
|
|upkeep
|
|t:|1759070119
|switch|p2a: Blastoise|Blastoise, M|100/100
|turn|8
|
|t:|1759070123
|move|p1a: Great Tusk|Stealth Rock|p2a: Blastoise
|-sidestart|p2: Simplicial Complex|move: Stealth Rock
|move|p2a: Blastoise|Shell Smash|p2a: Blastoise
|-unboost|p2a: Blastoise|def|1
|-unboost|p2a: Blastoise|spd|1
|-boost|p2a: Blastoise|atk|2
|-boost|p2a: Blastoise|spa|2
|-boost|p2a: Blastoise|spe|2
|-enditem|p2a: Blastoise|White Herb
|-clearnegativeboost|p2a: Blastoise|[silent]
|
|upkeep
|turn|9
|
|t:|1759070132
|move|p2a: Blastoise|Ice Beam|p1a: Great Tusk
|-supereffective|p1a: Great Tusk
|-damage|p1a: Great Tusk|0 fnt
|faint|p1a: Great Tusk
|-end|p1a: Great Tusk|Protosynthesis|[silent]
|
|upkeep
|
|t:|1759070145
|switch|p1a: Rillaboom|Rillaboom, F|100/100
|-damage|p1a: Rillaboom|88/100|[from] Stealth Rock
|-fieldstart|move: Grassy Terrain|[from] ability: Grassy Surge|[of] p1a: Rillaboom
|turn|10
|
|t:|1759070150
|-terastallize|p2a: Blastoise|Electric
|-terastallize|p1a: Rillaboom|Water
|move|p2a: Blastoise|Ice Beam|p1a: Rillaboom
|-resisted|p1a: Rillaboom
|-damage|p1a: Rillaboom|54/100
|move|p1a: Rillaboom|Wood Hammer|p2a: Blastoise
|-damage|p2a: Blastoise|0 fnt
|faint|p2a: Blastoise
|-damage|p1a: Rillaboom|25/100|[from] Recoil
|
|-heal|p1a: Rillaboom|31/100|[from] Grassy Terrain
|upkeep
|
|t:|1759070158
|switch|p2a: Zapdos|Zapdos|100/100
|turn|11
|
|t:|1759070166
|switch|p1a: Slowking|Slowking-Galar, M|100/100
|move|p2a: Zapdos|Volt Switch|p1a: Slowking
|-damage|p1a: Slowking|79/100
|
|t:|1759070171
|switch|p2a: Snorlax|Snorlax, M|100/100|[from] Volt Switch
|-damage|p2a: Snorlax|88/100|[from] Stealth Rock
|
|-heal|p2a: Snorlax|94/100|[from] Grassy Terrain
|-heal|p2a: Snorlax|99/100|[from] item: Leftovers
|-heal|p1a: Slowking|85/100|[from] Grassy Terrain
|upkeep
|turn|12
|
|t:|1759070175
|move|p2a: Snorlax|Curse|p2a: Snorlax
|-unboost|p2a: Snorlax|spe|1
|-boost|p2a: Snorlax|atk|1
|-boost|p2a: Snorlax|def|1
|move|p1a: Slowking|Thunder Wave|p2a: Snorlax
|-status|p2a: Snorlax|par
|
|-heal|p1a: Slowking|91/100|[from] Grassy Terrain
|-heal|p2a: Snorlax|100/100 par|[from] Grassy Terrain
|upkeep
|turn|13
|
|t:|1759070181
|-prepare|p1a: Slowking|Chilly Reception|[premajor]
|move|p1a: Slowking|Chilly Reception|p1a: Slowking
|-weather|Snowscape
|
|t:|1759070184
|switch|p1a: Skeledirge|Skeledirge, F|100/100|[from] Chilly Reception
|move|p2a: Snorlax|Curse|p2a: Snorlax
|-unboost|p2a: Snorlax|spe|1
|-boost|p2a: Snorlax|atk|1
|-boost|p2a: Snorlax|def|1
|
|-weather|Snowscape|[upkeep]
|upkeep
|turn|14
|
|t:|1759070187
|move|p1a: Skeledirge|Torch Song|p2a: Snorlax
|-damage|p2a: Snorlax|92/100 par
|-boost|p1a: Skeledirge|spa|1
|move|p2a: Snorlax|Earthquake|p1a: Skeledirge
|-supereffective|p1a: Skeledirge
|-damage|p1a: Skeledirge|79/100
|
|-weather|Snowscape|[upkeep]
|-heal|p1a: Skeledirge|85/100|[from] Grassy Terrain
|-heal|p2a: Snorlax|98/100 par|[from] Grassy Terrain
|-heal|p2a: Snorlax|100/100 par|[from] item: Leftovers
|-fieldend|move: Grassy Terrain
|upkeep
|turn|15
|
|t:|1759070196
|switch|p2a: Zapdos|Zapdos|100/100
|move|p1a: Skeledirge|Torch Song|p2a: Zapdos
|-damage|p2a: Zapdos|44/100
|-boost|p1a: Skeledirge|spa|1
|
|-weather|Snowscape|[upkeep]
|upkeep
|turn|16
|
|t:|1759070202
|move|p2a: Zapdos|Volt Switch|p1a: Skeledirge
|-damage|p1a: Skeledirge|45/100
|
|t:|1759070211
|switch|p2a: Clefable|Clefable, M|100/100|[from] Volt Switch
|move|p1a: Skeledirge|Torch Song|p2a: Clefable
|-damage|p2a: Clefable|43/100
|-boost|p1a: Skeledirge|spa|1
|
|-weather|Snowscape|[upkeep]
|upkeep
|turn|17
|
|t:|1759070223
|move|p1a: Skeledirge|Slack Off|p1a: Skeledirge
|-heal|p1a: Skeledirge|95/100
|move|p2a: Clefable|Moonblast|p1a: Skeledirge
|-resisted|p1a: Skeledirge
|-damage|p1a: Skeledirge|67/100
|-unboost|p1a: Skeledirge|spa|1
|
|-weather|none
|upkeep
|turn|18
|
|t:|1759070229
|switch|p2a: Zapdos|Zapdos|44/100
|move|p1a: Skeledirge|Torch Song|p2a: Zapdos
|-damage|p2a: Zapdos|0 fnt
|-boost|p1a: Skeledirge|spa|1
|faint|p2a: Zapdos
|
|upkeep
|-message|Simplicial Complex forfeited.
|
|win|dragalge4top
|raw|dragalge4top's rating: 1319 &rarr; <strong>1342</strong><br />(+23 for winning)
|raw|Simplicial Complex's rating: 1365 &rarr; <strong>1342</strong><br />(-23 for losing)
|l|☆Simplicial Complex
|player|p2|
|l|☆dragalge4top
|player|p1|
