|j|☆rip_natu
|j|☆astolfo cesar
|t:|1759043624
|gametype|singles
|player|p1|rip_natu|linebacker|1123
|player|p2|astolfo cesar|hilda|1053
|gen|9
|tier|[Gen 9] OU
|rated|
|rule|HP Percentage Mod: HP is shown in percentages
|rule|Endless Battle Clause: Forcing endless battles is banned
|rule|Species Clause: Limit one of each Pokémon
|rule|OHKO Clause: OHKO moves are banned
|rule|Evasion Items Clause: Evasion items are banned
|rule|Evasion Moves Clause: Evasion moves are banned
|rule|Evasion Abilities Clause: Evasion abilities are banned
|rule|Sleep Moves Clause: Sleep-inducing moves are banned
|clearpoke
|poke|p1|Iron Valiant|
|poke|p1|Darkrai|
|poke|p1|Iron Treads|
|poke|p1|Dondozo, M|
|poke|p1|Zapdos|
|poke|p1|Slowking-Galar, M|
|poke|p2|Dragonite, M|
|poke|p2|Hatterene, F|
|poke|p2|Iron Treads|
|poke|p2|Zamazenta-*|
|poke|p2|Pecharunt|
|poke|p2|Hoopa-Unbound|
|teampreview
|
|t:|1759043637
|teamsize|p1|6
|teamsize|p2|6
|start
|switch|p1a: Zapdos|Zapdos|100/100
|switch|p2a: Hatterene|Hatterene, F|100/100
|turn|1
|
|t:|1759043645
|move|p1a: Zapdos|Hurricane|p2a: Hatterene
|-damage|p2a: Hatterene|45/100
|-start|p2a: Hatterene|confusion
|-enditem|p2a: Hatterene|Eject Button
|
|t:|1759043657
|switch|p2a: Hoopa|Hoopa-Unbound|100/100
|
|upkeep
|turn|2
|
|t:|1759043662
|move|p1a: Zapdos|Hurricane|p2a: Hoopa
|-damage|p2a: Hoopa|72/100
|move|p2a: Hoopa|Knock Off|p1a: Zapdos
|-damage|p1a: Zapdos|52/100
|-status|p2a: Hoopa|par|[from] ability: Static|[of] p1a: Zapdos
|-enditem|p1a: Zapdos|Heavy-Duty Boots|[from] move: Knock Off|[of] p2a: Hoopa
|
|upkeep
|turn|3
|
|t:|1759043671
|move|p1a: Zapdos|Volt Switch|p2a: Hoopa
|-damage|p2a: Hoopa|54/100 par
|
|t:|1759043682
|switch|p1a: kross tia|Iron Valiant, shiny|100/100|[from] Volt Switch
|-enditem|p1a: kross tia|Booster Energy
|-activate|p1a: kross tia|ability: Quark Drive|[fromitem]
|-start|p1a: kross tia|quarkdrivespe
|move|p2a: Hoopa|Thunderbolt|p1a: kross tia
|-damage|p1a: kross tia|28/100
|
|upkeep
|turn|4
|
|t:|1759043705
|switch|p2a: Pecharunt|Pecharunt|100/100
|-item|p2a: Pecharunt|Air Balloon
|-terastallize|p1a: kross tia|Fairy
|move|p1a: kross tia|Spirit Break|p2a: Pecharunt
|-resisted|p2a: Pecharunt
|-damage|p2a: Pecharunt|89/100
|-unboost|p2a: Pecharunt|spa|1
|-enditem|p2a: Pecharunt|Air Balloon
|
|upkeep
|turn|5
|
|t:|1759043721
|-end|p1a: kross tia|Quark Drive|[silent]
|switch|p1a: Iron Treads|Iron Treads|100/100
|move|p2a: Pecharunt|Shadow Ball|p1a: Iron Treads
|-damage|p1a: Iron Treads|76/100
|
|-heal|p1a: Iron Treads|82/100|[from] item: Leftovers
|upkeep
|turn|6
|
|t:|1759043731
|move|p1a: Iron Treads|Earthquake|p2a: Pecharunt
|-supereffective|p2a: Pecharunt
|-damage|p2a: Pecharunt|47/100
|move|p2a: Pecharunt|Parting Shot|p1a: Iron Treads
|-unboost|p1a: Iron Treads|atk|1
|-unboost|p1a: Iron Treads|spa|1
|
|t:|1759043737
|switch|p2a: Dragonite|Dragonite, M|100/100|[from] Parting Shot
|
|-heal|p1a: Iron Treads|88/100|[from] item: Leftovers
|upkeep
|turn|7
|
|t:|1759043750
|-end|p1a: Iron Treads|Quark Drive|[silent]
|switch|p1a: Dondozo|Dondozo, M|100/100
|move|p2a: Dragonite|Dragon Dance|p2a: Dragonite
|-boost|p2a: Dragonite|atk|1
|-boost|p2a: Dragonite|spe|1
|
|upkeep
|turn|8
|
|t:|1759043766
|switch|p2a: Pecharunt|Pecharunt|47/100
|move|p1a: Dondozo|Curse|p1a: Dondozo
|-unboost|p1a: Dondozo|spe|1
|-boost|p1a: Dondozo|atk|1
|-boost|p1a: Dondozo|def|1
|
|upkeep
|turn|9
|
|t:|1759043778
|move|p2a: Pecharunt|Malignant Chain|p1a: Dondozo
|-damage|p1a: Dondozo|71/100
|-status|p1a: Dondozo|tox
|-start|p1a: Dondozo|confusion|[from] ability: Poison Puppeteer|[of] p2a: Pecharunt
|-activate|p1a: Dondozo|confusion
|move|p1a: Dondozo|Waterfall|p2a: Pecharunt
|-damage|p2a: Pecharunt|26/100
|
|-heal|p1a: Dondozo|77/100 tox|[from] item: Leftovers
|-damage|p1a: Dondozo|71/100 tox|[from] psn
|upkeep
|turn|10
|
|t:|1759043788
|move|p2a: Pecharunt|Recover|p2a: Pecharunt
|-heal|p2a: Pecharunt|76/100
|-activate|p1a: Dondozo|confusion
|-damage|p1a: Dondozo|67/100 tox|[from] confusion
|
|-heal|p1a: Dondozo|74/100 tox|[from] item: Leftovers
|-damage|p1a: Dondozo|61/100 tox|[from] psn
|upkeep
|turn|11
|
|t:|1759043800
|move|p2a: Pecharunt|Parting Shot|p1a: Dondozo
|-unboost|p1a: Dondozo|atk|1
|-unboost|p1a: Dondozo|spa|1
|
|t:|1759043809
|switch|p2a: Hatterene|Hatterene, F|45/100|[from] Parting Shot
|-end|p1a: Dondozo|confusion
|move|p1a: Dondozo|Rest|p1a: Dondozo
|-status|p1a: Dondozo|slp|[from] move: Rest
|-heal|p1a: Dondozo|100/100 slp|[silent]
|
|upkeep
|turn|12
|
|t:|1759043823
|switch|p1a: Slowking|Slowking-Galar, M|100/100
|move|p2a: Hatterene|Psychic Noise|p1a: Slowking
|-damage|p1a: Slowking|82/100
|-start|p1a: Slowking|move: Heal Block
|
|upkeep
|turn|13
|
|t:|1759043834
|switch|p2a: Iron Treads|Iron Treads|100/100
|-prepare|p1a: Slowking|Chilly Reception|[premajor]
|move|p1a: Slowking|Chilly Reception|p1a: Slowking
|-weather|Snowscape
|
|t:|1759043845
|switch|p1a: Darkrai|Darkrai|100/100|[from] Chilly Reception
|
|-weather|Snowscape|[upkeep]
|upkeep
|turn|14
|
|t:|1759043856
|move|p1a: Darkrai|Focus Blast|p2a: Iron Treads
|-supereffective|p2a: Iron Treads
|-damage|p2a: Iron Treads|0 fnt
|faint|p2a: Iron Treads
|-end|p2a: Iron Treads|Quark Drive|[silent]
|
|-weather|Snowscape|[upkeep]
|upkeep
|
|t:|1759043859
|switch|p2a: Dragonite|Dragonite, M|100/100
|turn|15
|
|t:|1759043867
|switch|p1a: Dondozo|Dondozo, M|100/100 slp
|move|p2a: Dragonite|Dragon Dance|p2a: Dragonite
|-boost|p2a: Dragonite|atk|1
|-boost|p2a: Dragonite|spe|1
|
|-weather|Snowscape|[upkeep]
|upkeep
|turn|16
|
|t:|1759043871
|move|p2a: Dragonite|Dragon Dance|p2a: Dragonite
|-boost|p2a: Dragonite|atk|1
|-boost|p2a: Dragonite|spe|1
|cant|p1a: Dondozo|slp
|move|p1a: Dondozo|Sleep Talk|p1a: Dondozo
|move|p1a: Dondozo|Waterfall|p2a: Dragonite|[from] move: Sleep Talk
|-resisted|p2a: Dragonite
|-damage|p2a: Dragonite|93/100
|
|-weather|Snowscape|[upkeep]
|upkeep
|turn|17
|
|t:|1759043876
|move|p2a: Dragonite|Dragon Dance|p2a: Dragonite
|-boost|p2a: Dragonite|atk|1
|-boost|p2a: Dragonite|spe|1
|cant|p1a: Dondozo|slp
|move|p1a: Dondozo|Sleep Talk|p1a: Dondozo
|move|p1a: Dondozo|Curse|p1a: Dondozo|[from] move: Sleep Talk
|-unboost|p1a: Dondozo|spe|1
|-boost|p1a: Dondozo|atk|1
|-boost|p1a: Dondozo|def|1
|
|-weather|none
|upkeep
|turn|18
|
|t:|1759043882
|move|p2a: Dragonite|Extreme Speed|p1a: Dondozo
|-damage|p1a: Dondozo|91/100 slp
|-curestatus|p1a: Dondozo|slp|[msg]
|move|p1a: Dondozo|Curse|p1a: Dondozo
|-unboost|p1a: Dondozo|spe|1
|-boost|p1a: Dondozo|atk|1
|-boost|p1a: Dondozo|def|1
|
|-heal|p1a: Dondozo|97/100|[from] item: Leftovers
|upkeep
|turn|19
|
|t:|1759043887
|switch|p2a: Pecharunt|Pecharunt|76/100
|move|p1a: Dondozo|Curse|p1a: Dondozo
|-unboost|p1a: Dondozo|spe|1
|-boost|p1a: Dondozo|atk|1
|-boost|p1a: Dondozo|def|1
|
|-heal|p1a: Dondozo|100/100|[from] item: Leftovers
|upkeep
|turn|20
|
|t:|1759043894
|switch|p2a: Hatterene|Hatterene, F|45/100
|move|p1a: Dondozo|Waterfall|p2a: Hatterene
|-damage|p2a: Hatterene|0 fnt
|faint|p2a: Hatterene
|
|upkeep
|-message|astolfo cesar forfeited.
|
|win|rip_natu
|raw|rip_natu's rating: 1123 &rarr; <strong>1143</strong><br />(+20 for winning)
|raw|astolfo cesar's rating: 1053 &rarr; <strong>1039</strong><br />(-14 for losing)
|l|☆astolfo cesar
|player|p2|
