|j|☆Lord zebraman
|j|☆Lucario Cardio
|t:|1758945346
|gametype|singles
|player|p1|Lord zebraman|265|1373
|player|p2|Lucario Cardio|bea|1452
|gen|9
|tier|[Gen 9] OU
|rated|
|rule|HP Percentage Mod: HP is shown in percentages
|rule|Endless Battle Clause: Forcing endless battles is banned
|rule|Species Clause: Limit one of each Pokémon
|rule|OHKO Clause: OHKO moves are banned
|rule|Evasion Items Clause: Evasion items are banned
|rule|Evasion Moves Clause: Evasion moves are banned
|rule|Evasion Abilities Clause: Evasion abilities are banned
|rule|Sleep Moves Clause: Sleep-inducing moves are banned
|clearpoke
|poke|p1|Raging Bolt|
|poke|p1|Conkeldurr, M|
|poke|p1|Clefable, M|
|poke|p1|Darkrai|
|poke|p1|Cinderace, F|
|poke|p1|Iron Boulder|
|poke|p2|Ogerpon-Wellspring, F|
|poke|p2|Ting-Lu|
|poke|p2|Enamorus, F|
|poke|p2|Cinderace, M|
|poke|p2|Slowking-Galar, M|
|poke|p2|Kingambit, M|
|teampreview
|inactive|Battle timer is ON: inactive players will automatically lose when time's up. (requested by Lord zebraman)
|
|t:|1758945363
|teamsize|p1|6
|teamsize|p2|6
|start
|switch|p1a: Conkeldurr|Conkeldurr, M|100/100
|switch|p2a: Enamorus|Enamorus, F|100/100
|turn|1
|
|t:|1758945372
|switch|p1a: Clefable|Clefable, M|100/100
|move|p2a: Enamorus|Moonblast|p1a: Clefable
|-damage|p1a: Clefable|50/100
|-unboost|p1a: Clefable|spa|1
|
|upkeep
|turn|2
|
|t:|1758945380
|-terastallize|p2a: Enamorus|Stellar
|move|p2a: Enamorus|Moonblast|p1a: Clefable
|-damage|p1a: Clefable|0 fnt
|faint|p1a: Clefable
|
|upkeep
|
|t:|1758945391
|switch|p1a: Iron Boulder|Iron Boulder|100/100
|-enditem|p1a: Iron Boulder|Booster Energy
|-activate|p1a: Iron Boulder|ability: Quark Drive|[fromitem]
|-start|p1a: Iron Boulder|quarkdrivespe
|turn|3
|
|t:|1758945401
|switch|p2a: Ting-Lu|Ting-Lu|100/100
|-ability|p2a: Ting-Lu|Vessel of Ruin
|move|p1a: Iron Boulder|Swords Dance|p1a: Iron Boulder
|-boost|p1a: Iron Boulder|atk|2
|
|upkeep
|turn|4
|
|t:|1758945405
|move|p1a: Iron Boulder|Close Combat|p2a: Ting-Lu
|-supereffective|p2a: Ting-Lu
|-damage|p2a: Ting-Lu|20/100
|-unboost|p1a: Iron Boulder|def|1
|-unboost|p1a: Iron Boulder|spd|1
|move|p2a: Ting-Lu|Whirlwind|p1a: Iron Boulder
|-end|p1a: Iron Boulder|Quark Drive|[silent]
|drag|p1a: Conkeldurr|Conkeldurr, M|100/100
|
|-heal|p2a: Ting-Lu|27/100|[from] item: Leftovers
|-status|p1a: Conkeldurr|brn|[from] item: Flame Orb
|upkeep
|turn|5
|
|t:|1758945416
|move|p2a: Ting-Lu|Stealth Rock|p1a: Conkeldurr
|-sidestart|p1: Lord zebraman|move: Stealth Rock
|move|p1a: Conkeldurr|Drain Punch|p2a: Ting-Lu
|-supereffective|p2a: Ting-Lu
|-damage|p2a: Ting-Lu|0 fnt
|faint|p2a: Ting-Lu
|
|-damage|p1a: Conkeldurr|94/100 brn|[from] brn
|upkeep
|
|t:|1758945423
|switch|p2a: Enamorus|Enamorus, F, tera:Stellar|100/100
|turn|6
|
|t:|1758945434
|switch|p1a: Iron Boulder|Iron Boulder|100/100
|-damage|p1a: Iron Boulder|88/100|[from] Stealth Rock
|move|p2a: Enamorus|Tera Blast|p1a: Iron Boulder|[anim] Tera Blast Stellar
|-damage|p1a: Iron Boulder|43/100
|-boost|p2a: Enamorus|atk|1
|-boost|p2a: Enamorus|spa|1
|
|upkeep
|turn|7
|
|t:|1758945440
|move|p2a: Enamorus|Tera Blast|p1a: Iron Boulder|[anim] Tera Blast Stellar
|-damage|p1a: Iron Boulder|0 fnt
|-boost|p2a: Enamorus|atk|1
|-boost|p2a: Enamorus|spa|1
|faint|p1a: Iron Boulder
|-end|p1a: Iron Boulder|Quark Drive|[silent]
|
|upkeep
|
|t:|1758945444
|switch|p1a: Raging Bolt|Raging Bolt|100/100
|-damage|p1a: Raging Bolt|88/100|[from] Stealth Rock
|-enditem|p1a: Raging Bolt|Booster Energy
|-activate|p1a: Raging Bolt|ability: Protosynthesis|[fromitem]
|-start|p1a: Raging Bolt|protosynthesisspa
|turn|8
|
|t:|1758945462
|switch|p2a: Cinderace|Cinderace, M|100/100
|move|p1a: Raging Bolt|Calm Mind|p1a: Raging Bolt
|-boost|p1a: Raging Bolt|spa|1
|-boost|p1a: Raging Bolt|spd|1
|
|upkeep
|turn|9
|
|t:|1758945466
|move|p1a: Raging Bolt|Thunderclap||[still]
|-fail|p1a: Raging Bolt
|move|p2a: Cinderace|Will-O-Wisp|p1a: Raging Bolt
|-status|p1a: Raging Bolt|brn
|
|-damage|p1a: Raging Bolt|82/100 brn|[from] brn
|upkeep
|turn|10
|
|t:|1758945472
|move|p2a: Cinderace|U-turn|p1a: Raging Bolt
|-damage|p1a: Raging Bolt|66/100 brn
|
|t:|1758945487
|switch|p2a: Slowking|Slowking-Galar, M|100/100|[from] U-turn
|move|p1a: Raging Bolt|Thunderbolt|p2a: Slowking
|-damage|p2a: Slowking|13/100
|
|-damage|p1a: Raging Bolt|60/100 brn|[from] brn
|upkeep
|turn|11
|
|t:|1758945492
|move|p1a: Raging Bolt|Thunderbolt|p2a: Slowking
|-damage|p2a: Slowking|0 fnt
|faint|p2a: Slowking
|
|-damage|p1a: Raging Bolt|54/100 brn|[from] brn
|upkeep
|
|t:|1758945501
|switch|p2a: Kingambit|Kingambit, M|100/100
|-activate|p2a: Kingambit|ability: Supreme Overlord
|-start|p2a: Kingambit|fallen2|[silent]
|-item|p2a: Kingambit|Air Balloon
|turn|12
|
|t:|1758945506
|move|p2a: Kingambit|Sucker Punch|p1a: Raging Bolt
|-damage|p1a: Raging Bolt|15/100 brn
|move|p1a: Raging Bolt|Thunderbolt|p2a: Kingambit
|-damage|p2a: Kingambit|1/100
|-enditem|p2a: Kingambit|Air Balloon
|
|-damage|p1a: Raging Bolt|9/100 brn|[from] brn
|upkeep
|turn|13
|
|t:|1758945511
|move|p1a: Raging Bolt|Thunderclap||[still]
|-fail|p1a: Raging Bolt
|move|p2a: Kingambit|Swords Dance|p2a: Kingambit
|-boost|p2a: Kingambit|atk|2
|
|-damage|p1a: Raging Bolt|3/100 brn|[from] brn
|upkeep
|turn|14
|
|t:|1758945514
|move|p1a: Raging Bolt|Thunderclap|p2a: Kingambit
|-damage|p2a: Kingambit|0 fnt
|faint|p2a: Kingambit
|-end|p2a: Kingambit|fallen2|[silent]
|
|-damage|p1a: Raging Bolt|0 fnt|[from] brn
|faint|p1a: Raging Bolt
|-end|p1a: Raging Bolt|Protosynthesis|[silent]
|upkeep
|
|t:|1758945522
|switch|p1a: Cinderace|Cinderace, F|100/100
|switch|p2a: Ogerpon|Ogerpon-Wellspring, F|100/100
|turn|15
|
|t:|1758945525
|move|p1a: Cinderace|Will-O-Wisp|p2a: Ogerpon
|-status|p2a: Ogerpon|brn
|move|p2a: Ogerpon|Ivy Cudgel|p1a: Cinderace|[anim] Ivy Cudgel Water
|-supereffective|p1a: Cinderace
|-damage|p1a: Cinderace|29/100
|
|-damage|p2a: Ogerpon|95/100 brn|[from] brn
|upkeep
|turn|16
|
|t:|1758945530
|move|p1a: Cinderace|Court Change|p1a: Cinderace
|-start|p1a: Cinderace|typechange|Normal|[from] ability: Libero
|-swapsideconditions
|-activate|p1a: Cinderace|move: Court Change
|move|p2a: Ogerpon|Ivy Cudgel|p1a: Cinderace|[anim] Ivy Cudgel Water
|-damage|p1a: Cinderace|0 fnt
|faint|p1a: Cinderace
|
|-damage|p2a: Ogerpon|89/100 brn|[from] brn
|upkeep
|
|t:|1758945535
|switch|p1a: Conkeldurr|Conkeldurr, M|94/100 brn
|turn|17
|
|t:|1758945538
|move|p2a: Ogerpon|Ivy Cudgel|p1a: Conkeldurr|[anim] Ivy Cudgel Water
|-damage|p1a: Conkeldurr|67/100 brn
|move|p1a: Conkeldurr|Drain Punch|p2a: Ogerpon
|-damage|p2a: Ogerpon|6/100 brn
|-heal|p1a: Conkeldurr|98/100 brn|[from] drain|[of] p2a: Ogerpon
|
|-damage|p2a: Ogerpon|0 fnt|[from] brn
|faint|p2a: Ogerpon
|-damage|p1a: Conkeldurr|92/100 brn|[from] brn
|upkeep
|
|t:|1758945543
|switch|p2a: Enamorus|Enamorus, F, tera:Stellar|100/100
|-damage|p2a: Enamorus|76/100|[from] Stealth Rock
|turn|18
|
|t:|1758945548
|move|p2a: Enamorus|Moonblast|p1a: Conkeldurr
|-supereffective|p1a: Conkeldurr
|-damage|p1a: Conkeldurr|0 fnt
|faint|p1a: Conkeldurr
|
|upkeep
|
|t:|1758945550
|switch|p1a: Darkrai|Darkrai|100/100
|turn|19
|
|t:|1758945554
|switch|p2a: Cinderace|Cinderace, M|100/100
|-terastallize|p1a: Darkrai|Poison
|move|p1a: Darkrai|Sludge Bomb|p2a: Cinderace
|-damage|p2a: Cinderace|29/100
|-status|p2a: Cinderace|psn
|-damage|p1a: Darkrai|91/100|[from] item: Life Orb
|
|-damage|p2a: Cinderace|17/100 psn|[from] psn
|upkeep
|turn|20
|
|t:|1758945558
|move|p1a: Darkrai|Ice Beam|p2a: Cinderace
|-resisted|p2a: Cinderace
|-damage|p2a: Cinderace|0 fnt
|faint|p2a: Cinderace
|-damage|p1a: Darkrai|81/100|[from] item: Life Orb
|
|upkeep
|
|t:|1758945559
|switch|p2a: Enamorus|Enamorus, F, tera:Stellar|76/100
|-damage|p2a: Enamorus|51/100|[from] Stealth Rock
|turn|21
|
|t:|1758945561
|move|p2a: Enamorus|Tera Blast|p1a: Darkrai|[anim] Tera Blast Stellar
|-supereffective|p1a: Darkrai
|-damage|p1a: Darkrai|0 fnt
|-boost|p2a: Enamorus|atk|1
|-boost|p2a: Enamorus|spa|1
|faint|p1a: Darkrai
|
|win|Lucario Cardio
|raw|Lord zebraman's rating: 1373 &rarr; <strong>1357</strong><br />(-16 for losing)
|raw|Lucario Cardio's rating: 1452 &rarr; <strong>1468</strong><br />(+16 for winning)
|l|☆Lord zebraman
|player|p1|
|c|☆Lucario Cardio|Gg
