|j|☆Breezy55
|j|☆suprm_overlord_mao
|t:|1759036239
|gametype|singles
|player|p1|Breezy55|102|1186
|player|p2|suprm_overlord_mao|bruno|1201
|gen|9
|tier|[Gen 9] OU
|rated|
|rule|HP Percentage Mod: HP is shown in percentages
|rule|Endless Battle Clause: Forcing endless battles is banned
|rule|Species Clause: Limit one of each Pokémon
|rule|OHKO Clause: OHKO moves are banned
|rule|Evasion Items Clause: Evasion items are banned
|rule|Evasion Moves Clause: Evasion moves are banned
|rule|Evasion Abilities Clause: Evasion abilities are banned
|rule|Sleep Moves Clause: Sleep-inducing moves are banned
|clearpoke
|poke|p1|Hitmonchan, M|
|poke|p1|Bisharp, M|
|poke|p1|Scizor, F|
|poke|p1|Feraligatr, F|
|poke|p1|Gholdengo|
|poke|p1|Skarmory, M|
|poke|p2|Slowking-Galar, F|
|poke|p2|Clefable, F|
|poke|p2|Goodra-Hisui, F|
|poke|p2|Jolteon, M|
|poke|p2|Mandibuzz, F|
|poke|p2|Conkeldurr, F|
|teampreview
|inactive|Battle timer is ON: inactive players will automatically lose when time's up. (requested by Breezy55)
|
|t:|1759036256
|teamsize|p1|6
|teamsize|p2|6
|start
|switch|p1a: Skarmory|Skarmory, M|100/100
|switch|p2a: CHILDISH GAMBINO|Jolteon, M|100/100
|turn|1
|
|t:|1759036261
|move|p2a: CHILDISH GAMBINO|Thunderbolt|p1a: Skarmory
|-supereffective|p1a: Skarmory
|-ability|p1a: Skarmory|Sturdy
|-damage|p1a: Skarmory|1/100
|move|p1a: Skarmory|Stealth Rock|p2a: CHILDISH GAMBINO
|-sidestart|p2: suprm_overlord_mao|move: Stealth Rock
|
|upkeep
|turn|2
|
|t:|1759036270
|move|p2a: CHILDISH GAMBINO|Volt Switch|p1a: Skarmory
|-supereffective|p1a: Skarmory
|-damage|p1a: Skarmory|0 fnt
|faint|p1a: Skarmory
|
|t:|1759036281
|switch|p2a: BIG PUN|Slowking-Galar, F|100/100|[from] Volt Switch
|-damage|p2a: BIG PUN|88/100|[from] Stealth Rock
|
|upkeep
|
|t:|1759036286
|switch|p1a: Bisharp|Bisharp, M|100/100
|turn|3
|
|t:|1759036289
|switch|p2a: Mandibuzz|Mandibuzz, F|100/100
|move|p1a: Bisharp|Swords Dance|p1a: Bisharp
|-boost|p1a: Bisharp|atk|2
|
|upkeep
|turn|4
|
|t:|1759036295
|move|p1a: Bisharp|Iron Head|p2a: Mandibuzz
|-damage|p2a: Mandibuzz|55/100
|cant|p2a: Mandibuzz|flinch
|
|upkeep
|turn|5
|
|t:|1759036300
|move|p1a: Bisharp|Iron Head|p2a: Mandibuzz
|-damage|p2a: Mandibuzz|5/100
|move|p2a: Mandibuzz|Whirlwind|p1a: Bisharp
|drag|p1a: Scizor|Scizor, F|100/100
|
|upkeep
|turn|6
|
|t:|1759036308
|switch|p2a: Conkeldurr|Conkeldurr, F|100/100
|-damage|p2a: Conkeldurr|94/100|[from] Stealth Rock
|move|p1a: Scizor|U-turn|p2a: Conkeldurr
|-resisted|p2a: Conkeldurr
|-damage|p2a: Conkeldurr|68/100
|
|t:|1759036316
|switch|p1a: Feraligatr|Feraligatr, F|100/100|[from] U-turn
|
|-status|p2a: Conkeldurr|brn|[from] item: Flame Orb
|upkeep
|turn|7
|
|t:|1759036322
|move|p1a: Feraligatr|Liquidation|p2a: Conkeldurr
|-damage|p2a: Conkeldurr|15/100 brn
|move|p2a: Conkeldurr|Facade|p1a: Feraligatr
|-damage|p1a: Feraligatr|13/100
|
|-damage|p2a: Conkeldurr|9/100 brn|[from] brn
|upkeep
|turn|8
|
|t:|1759036331
|move|p2a: Conkeldurr|Mach Punch|p1a: Feraligatr
|-crit|p1a: Feraligatr
|-damage|p1a: Feraligatr|0 fnt
|faint|p1a: Feraligatr
|
|-damage|p2a: Conkeldurr|3/100 brn|[from] brn
|upkeep
|
|t:|1759036337
|switch|p1a: Hitmonchan|Hitmonchan, M|100/100
|turn|9
|
|t:|1759036341
|move|p1a: Hitmonchan|Mach Punch|p2a: Conkeldurr
|-damage|p2a: Conkeldurr|0 fnt
|faint|p2a: Conkeldurr
|
|upkeep
|
|t:|1759036351
|switch|p2a: LIL KIM|Clefable, F|100/100
|-damage|p2a: LIL KIM|88/100|[from] Stealth Rock
|turn|10
|
|t:|1759036355
|move|p1a: Hitmonchan|Knock Off|p2a: LIL KIM
|-resisted|p2a: LIL KIM
|-damage|p2a: LIL KIM|76/100
|-enditem|p2a: LIL KIM|Leftovers|[from] move: Knock Off|[of] p1a: Hitmonchan
|move|p2a: LIL KIM|Wish|p2a: LIL KIM
|
|upkeep
|turn|11
|
|t:|1759036367
|switch|p1a: Bisharp|Bisharp, M|100/100
|move|p2a: LIL KIM|Calm Mind|p2a: LIL KIM
|-boost|p2a: LIL KIM|spa|1
|-boost|p2a: LIL KIM|spd|1
|
|-heal|p2a: LIL KIM|100/100|[from] move: Wish|[wisher] LIL KIM
|upkeep
|turn|12
|
|t:|1759036374
|-terastallize|p2a: LIL KIM|Fire
|move|p1a: Bisharp|Iron Head|p2a: LIL KIM
|-resisted|p2a: LIL KIM
|-damage|p2a: LIL KIM|84/100
|move|p2a: LIL KIM|Calm Mind|p2a: LIL KIM
|-boost|p2a: LIL KIM|spa|1
|-boost|p2a: LIL KIM|spd|1
|
|upkeep
|turn|13
|
|t:|1759036382
|move|p1a: Bisharp|Night Slash|p2a: LIL KIM
|-damage|p2a: LIL KIM|57/100
|move|p2a: LIL KIM|Moonblast|p1a: Bisharp
|-damage|p1a: Bisharp|41/100
|
|upkeep
|turn|14
|
|t:|1759036394
|move|p1a: Bisharp|Iron Head|p2a: LIL KIM
|-resisted|p2a: LIL KIM
|-damage|p2a: LIL KIM|40/100
|move|p2a: LIL KIM|Wish|p2a: LIL KIM
|
|upkeep
|turn|15
|-message|Breezy55 forfeited.
|
|win|suprm_overlord_mao
|raw|Breezy55's rating: 1186 &rarr; <strong>1162</strong><br />(-24 for losing)
|raw|suprm_overlord_mao's rating: 1201 &rarr; <strong>1225</strong><br />(+24 for winning)
|l|☆Breezy55
|player|p1|
|l|☆suprm_overlord_mao
|player|p2|
