|badge|p1|bronze|gen9ou|100-6
|html|<div class="broadcast-red"><strong>This battle is required to be public due to one or more player having a season medal.</strong><br />During the public phase, you can discuss the state of the ladder <a href="/seasondiscussion">in a special chatroom.</a></div>
|uhtml|medal-msg|<div class="broadcast-blue">Curious what those medals under the avatar are? PS now has Ladder Seasons! For more information, check out the <a href="https://www.smogon.com/forums/threads/3740067/">thread on Smogon.</a></div>
|badge|p2|bronze|gen9ou|100-6
|uhtml|medal-msg|<div class="broadcast-blue">Curious what those medals under the avatar are? PS now has Ladder Seasons! For more information, check out the <a href="https://www.smogon.com/forums/threads/3740067/">thread on Smogon.</a></div>
|raw|<div class="broadcast-blue"><strong>This battle is required to be public due to a player having a name starting with 'medal'.</div>
|j|☆snuggypooh
|j|☆Ladder historian
|t:|1759014197
|gametype|singles
|player|p1|snuggypooh|2|1862
|player|p2|Ladder historian|lucas-gen4pt|1815
|gen|9
|tier|[Gen 9] OU
|rated|
|rule|HP Percentage Mod: HP is shown in percentages
|rule|Endless Battle Clause: Forcing endless battles is banned
|rule|Species Clause: Limit one of each Pokémon
|rule|OHKO Clause: OHKO moves are banned
|rule|Evasion Items Clause: Evasion items are banned
|rule|Evasion Moves Clause: Evasion moves are banned
|rule|Evasion Abilities Clause: Evasion abilities are banned
|rule|Sleep Moves Clause: Sleep-inducing moves are banned
|clearpoke
|poke|p1|Hatterene, F|
|poke|p1|Cresselia, F|
|poke|p1|Ursaluna, F|
|poke|p1|Kingambit, M|
|poke|p1|Raging Bolt|
|poke|p1|Mimikyu, F|
|poke|p2|Ogerpon-Wellspring, F|
|poke|p2|Kyurem|
|poke|p2|Weezing-Galar, F|
|poke|p2|Landorus-Therian, M|
|poke|p2|Kingambit, F|
|poke|p2|Enamorus, F|
|teampreview
|j| amefurikoneko
|
|t:|1759014209
|teamsize|p1|6
|teamsize|p2|6
|start
|switch|p1a: Hatterene|Hatterene, F|100/100
|switch|p2a: Ogerpon|Ogerpon-Wellspring, F|100/100
|turn|1
|
|t:|1759014213
|move|p2a: Ogerpon|Ivy Cudgel|p1a: Hatterene|[anim] Ivy Cudgel Water
|-damage|p1a: Hatterene|30/100
|move|p1a: Hatterene|Trick Room|p1a: Hatterene
|-fieldstart|move: Trick Room|[of] p1a: Hatterene
|
|upkeep
|turn|2
|
|t:|1759014223
|move|p1a: Hatterene|Healing Wish|p1a: Hatterene
|faint|p1a: Hatterene
|move|p2a: Ogerpon|Play Rough|p1: Hatterene|[notarget]
|-fail|p2a: Ogerpon
|
|upkeep
|j| larp legion
|
|t:|1759014231
|switch|p1a: Kingambit|Kingambit, M|100/100
|-activate|p1a: Kingambit|ability: Supreme Overlord
|-start|p1a: Kingambit|fallen1|[silent]
|turn|3
|
|t:|1759014238
|move|p1a: Kingambit|Swords Dance|p1a: Kingambit
|-boost|p1a: Kingambit|atk|2
|move|p2a: Ogerpon|Ivy Cudgel|p1a: Kingambit|[anim] Ivy Cudgel Water
|-damage|p1a: Kingambit|52/100
|
|upkeep
|turn|4
|
|t:|1759014246
|switch|p2a: Weezing|Weezing-Galar, F|100/100
|-ability|p2a: Weezing|Neutralizing Gas
|move|p1a: Kingambit|Kowtow Cleave|p2a: Weezing
|-resisted|p2a: Weezing
|-damage|p2a: Weezing|63/100
|
|upkeep
|turn|5
|
|t:|1759014253
|-end|p2a: Weezing|ability: Neutralizing Gas
|-activate|p1a: Kingambit|ability: Supreme Overlord
|-start|p1a: Kingambit|fallen1|[silent]
|switch|p2a: Landorus|Landorus-Therian, M|100/100
|-ability|p2a: Landorus|Intimidate|boost
|-unboost|p1a: Kingambit|atk|1
|move|p1a: Kingambit|Iron Head|p2a: Landorus
|-damage|p2a: Landorus|26/100
|-damage|p1a: Kingambit|35/100|[from] item: Rocky Helmet|[of] p2a: Landorus
|
|-fieldend|move: Trick Room
|upkeep
|turn|6
|
|t:|1759014265
|move|p1a: Kingambit|Sucker Punch||[still]
|-fail|p1a: Kingambit
|move|p2a: Landorus|Stealth Rock|p1a: Kingambit
|-sidestart|p1: snuggypooh|move: Stealth Rock
|
|upkeep
|turn|7
|
|t:|1759014270
|move|p1a: Kingambit|Sucker Punch||[still]
|-fail|p1a: Kingambit
|move|p2a: Landorus|Taunt|p1a: Kingambit
|-start|p1a: Kingambit|move: Taunt
|
|upkeep
|turn|8
|
|t:|1759014279
|move|p1a: Kingambit|Sucker Punch|p2a: Landorus
|-damage|p2a: Landorus|0 fnt
|-damage|p1a: Kingambit|19/100|[from] item: Rocky Helmet|[of] p2a: Landorus
|faint|p2a: Landorus
|
|upkeep
|
|t:|1759014284
|switch|p2a: Kingambit|Kingambit, F|100/100
|-activate|p2a: Kingambit|ability: Supreme Overlord
|-start|p2a: Kingambit|fallen1|[silent]
|turn|9
|
|t:|1759014288
|move|p2a: Kingambit|Iron Head|p1a: Kingambit
|-resisted|p1a: Kingambit
|-damage|p1a: Kingambit|0 fnt
|faint|p1a: Kingambit
|-end|p1a: Kingambit|fallen1|[silent]
|
|upkeep
|
|t:|1759014293
|switch|p1a: Raging Bolt|Raging Bolt|100/100
|-damage|p1a: Raging Bolt|88/100|[from] Stealth Rock
|-enditem|p1a: Raging Bolt|Booster Energy
|-activate|p1a: Raging Bolt|ability: Protosynthesis|[fromitem]
|-start|p1a: Raging Bolt|protosynthesisspa
|turn|10
|
|t:|1759014301
|move|p2a: Kingambit|Sucker Punch|p1a: Raging Bolt
|-damage|p1a: Raging Bolt|52/100
|move|p1a: Raging Bolt|Thunderbolt|p2a: Kingambit
|-damage|p2a: Kingambit|24/100
|
|upkeep
|turn|11
|
|t:|1759014323
|move|p2a: Kingambit|Sucker Punch|p1a: Raging Bolt
|-damage|p1a: Raging Bolt|13/100
|move|p1a: Raging Bolt|Thunderbolt|p2a: Kingambit
|-damage|p2a: Kingambit|0 fnt
|faint|p2a: Kingambit
|-end|p2a: Kingambit|fallen1|[silent]
|
|upkeep
|
|t:|1759014325
|switch|p2a: Kyurem|Kyurem|100/100
|-ability|p2a: Kyurem|Pressure
|turn|12
|
|t:|1759014349
|-end|p1a: Raging Bolt|Protosynthesis|[silent]
|switch|p1a: Cresselia|Cresselia, F|100/100
|-damage|p1a: Cresselia|88/100|[from] Stealth Rock
|move|p2a: Kyurem|Icicle Spear|p1a: Cresselia
|-damage|p1a: Cresselia|81/100
|-damage|p1a: Cresselia|74/100
|-damage|p1a: Cresselia|68/100
|-damage|p1a: Cresselia|61/100
|-hitcount|p1a: Cresselia|4
|
|upkeep
|turn|13
|
|t:|1759014361
|move|p2a: Kyurem|Icicle Spear|p1a: Cresselia
|-damage|p1a: Cresselia|54/100
|-damage|p1a: Cresselia|48/100
|-damage|p1a: Cresselia|41/100
|-damage|p1a: Cresselia|35/100
|-hitcount|p1a: Cresselia|4
|move|p1a: Cresselia|Trick Room|p1a: Cresselia
|-fieldstart|move: Trick Room|[of] p1a: Cresselia
|
|upkeep
|turn|14
|
|t:|1759014371
|move|p1a: Cresselia|Lunar Dance|p1a: Cresselia
|faint|p1a: Cresselia
|move|p2a: Kyurem|Icicle Spear|p1: Cresselia|[notarget]
|-fail|p2a: Kyurem
|
|upkeep
|
|t:|1759014404
|switch|p1a: Raging Bolt|Raging Bolt|13/100
|-heal|p1a: Raging Bolt|100/100|[from] move: Healing Wish
|-heal|p1a: Raging Bolt|100/100|[from] move: Lunar Dance
|-damage|p1a: Raging Bolt|88/100|[from] Stealth Rock
|turn|15
|
|t:|1759014412
|-terastallize|p1a: Raging Bolt|Fairy
|-terastallize|p2a: Kyurem|Ground
|move|p1a: Raging Bolt|Calm Mind|p1a: Raging Bolt
|-boost|p1a: Raging Bolt|spa|1
|-boost|p1a: Raging Bolt|spd|1
|move|p2a: Kyurem|Icicle Spear|p1a: Raging Bolt
|-damage|p1a: Raging Bolt|79/100
|-damage|p1a: Raging Bolt|69/100
|-damage|p1a: Raging Bolt|60/100
|-damage|p1a: Raging Bolt|52/100
|-hitcount|p1a: Raging Bolt|4
|
|upkeep
|turn|16
|
|t:|1759014425
|move|p1a: Raging Bolt|Dragon Pulse|p2a: Kyurem
|-damage|p2a: Kyurem|13/100
|move|p2a: Kyurem|Icicle Spear|p1a: Raging Bolt
|-damage|p1a: Raging Bolt|42/100
|-damage|p1a: Raging Bolt|34/100
|-damage|p1a: Raging Bolt|25/100
|-damage|p1a: Raging Bolt|16/100
|-damage|p1a: Raging Bolt|6/100
|-hitcount|p1a: Raging Bolt|5
|
|upkeep
|turn|17
|
|t:|1759014438
|switch|p2a: Enamorus|Enamorus, F|100/100
|move|p1a: Raging Bolt|Dragon Pulse|p2a: Enamorus
|-immune|p2a: Enamorus
|
|-fieldend|move: Trick Room
|upkeep
|turn|18
|
|t:|1759014444
|move|p2a: Enamorus|Healing Wish|p2a: Enamorus
|faint|p2a: Enamorus
|move|p1a: Raging Bolt|Thunderbolt|p2: Enamorus|[notarget]
|-fail|p1a: Raging Bolt
|
|upkeep
|
|t:|1759014447
|switch|p2a: Kyurem|Kyurem, tera:Ground|13/100
|-heal|p2a: Kyurem|100/100|[from] move: Healing Wish
|-ability|p2a: Kyurem|Pressure
|turn|19
|
|t:|1759014457
|move|p2a: Kyurem|Icicle Spear|p1a: Raging Bolt
|-damage|p1a: Raging Bolt|0 fnt
|faint|p1a: Raging Bolt
|-end|p1a: Raging Bolt|Protosynthesis|[silent]
|-hitcount|p1: Raging Bolt|1
|
|upkeep
|
|t:|1759014462
|switch|p1a: Mimikyu|Mimikyu, F|100/100
|-damage|p1a: Mimikyu|88/100|[from] Stealth Rock
|turn|20
|
|t:|1759014469
|move|p2a: Kyurem|Icicle Spear|p1a: Mimikyu
|-activate|p1a: Mimikyu|ability: Disguise
|-damage|p1a: Mimikyu|88/100
|detailschange|p1a: Mimikyu|Mimikyu-Busted, F
|-damage|p1a: Mimikyu|76/100|[from] pokemon: Mimikyu-Busted
|-damage|p1a: Mimikyu|61/100
|-damage|p1a: Mimikyu|46/100
|-damage|p1a: Mimikyu|31/100
|-damage|p1a: Mimikyu|15/100
|-hitcount|p1a: Mimikyu|5
|move|p1a: Mimikyu|Trick Room|p1a: Mimikyu
|-fieldstart|move: Trick Room|[of] p1a: Mimikyu
|
|upkeep
|turn|21
|
|t:|1759014483
|switch|p2a: Ogerpon|Ogerpon-Wellspring, F|100/100
|move|p1a: Mimikyu|Play Rough|p2a: Ogerpon
|-damage|p2a: Ogerpon|35/100
|-damage|p1a: Mimikyu|5/100|[from] item: Life Orb
|
|upkeep
|turn|22
|
|t:|1759014494
|move|p1a: Mimikyu|Play Rough|p2a: Ogerpon
|-damage|p2a: Ogerpon|0 fnt
|faint|p2a: Ogerpon
|-damage|p1a: Mimikyu|0 fnt|[from] item: Life Orb
|faint|p1a: Mimikyu
|
|upkeep
|
|t:|1759014500
|switch|p1a: Ursaluna|Ursaluna, F|100/100
|switch|p2a: Kyurem|Kyurem, tera:Ground|100/100
|-damage|p1a: Ursaluna|94/100|[from] Stealth Rock
|-ability|p2a: Kyurem|Pressure
|turn|23
|
|t:|1759014525
|move|p1a: Ursaluna|Headlong Rush|p2a: Kyurem
|-damage|p2a: Kyurem|35/100
|-unboost|p1a: Ursaluna|def|1
|-unboost|p1a: Ursaluna|spd|1
|move|p2a: Kyurem|Icicle Spear|p1a: Ursaluna
|-supereffective|p1a: Ursaluna
|-damage|p1a: Ursaluna|69/100
|-supereffective|p1a: Ursaluna
|-damage|p1a: Ursaluna|44/100
|-supereffective|p1a: Ursaluna
|-damage|p1a: Ursaluna|22/100
|-supereffective|p1a: Ursaluna
|-crit|p1a: Ursaluna
|-damage|p1a: Ursaluna|0 fnt
|faint|p1a: Ursaluna
|-hitcount|p1: Ursaluna|4
|
|win|Ladder historian
|raw|snuggypooh's rating: 1862 &rarr; <strong>1839</strong><br />(-23 for losing)
|raw|Ladder historian's rating: 1815 &rarr; <strong>1838</strong><br />(+23 for winning)
|l|☆snuggypooh
|player|p1|
|l| amefurikoneko
|l|☆Ladder historian
|player|p2|
