|j|☆Azunail
|j|☆FeeDWeeB
|t:|1759050979
|gametype|singles
|player|p1|Azunail|yellow|1485
|player|p2|FeeDWeeB|265|1412
|gen|9
|tier|[Gen 9] OU
|rated|
|rule|HP Percentage Mod: HP is shown in percentages
|rule|Endless Battle Clause: Forcing endless battles is banned
|rule|Species Clause: Limit one of each Pokémon
|rule|OHKO Clause: OHKO moves are banned
|rule|Evasion Items Clause: Evasion items are banned
|rule|Evasion Moves Clause: Evasion moves are banned
|rule|Evasion Abilities Clause: Evasion abilities are banned
|rule|Sleep Moves Clause: Sleep-inducing moves are banned
|clearpoke
|poke|p1|Snorlax, M|
|poke|p1|Gholdengo|
|poke|p1|Landorus-Therian, M|
|poke|p1|Zamazenta-*|
|poke|p1|Rillaboom, F|
|poke|p1|Dragonite, M|
|poke|p2|Dragapult, M|
|poke|p2|Landorus-Therian, M|
|poke|p2|Heatran, M|
|poke|p2|Raikou|
|poke|p2|Greninja-*, M|
|poke|p2|Zamazenta-*|
|teampreview
|inactive|Battle timer is ON: inactive players will automatically lose when time's up. (requested by FeeDWeeB)
|
|t:|1759050988
|teamsize|p1|6
|teamsize|p2|6
|start
|switch|p1a: Landorus|Landorus-Therian, M|100/100
|switch|p2a: Landorus|Landorus-Therian, M|100/100
|-ability|p2a: Landorus|Intimidate|boost
|-unboost|p1a: Landorus|atk|1
|-ability|p1a: Landorus|Intimidate|boost
|-unboost|p2a: Landorus|atk|1
|turn|1
|
|t:|1759050998
|move|p2a: Landorus|Stealth Rock|p1a: Landorus
|-sidestart|p1: Azunail|move: Stealth Rock
|move|p1a: Landorus|U-turn|p2a: Landorus
|-resisted|p2a: Landorus
|-damage|p2a: Landorus|93/100
|
|t:|1759051008
|switch|p1a: Dragonite|Dragonite, M|100/100|[from] U-turn
|
|upkeep
|turn|2
|
|t:|1759051019
|switch|p2a: Heatran|Heatran, M|100/100
|move|p1a: Dragonite|Dragon Dance|p1a: Dragonite
|-boost|p1a: Dragonite|atk|1
|-boost|p1a: Dragonite|spe|1
|
|upkeep
|turn|3
|
|t:|1759051025
|move|p1a: Dragonite|Earthquake|p2a: Heatran
|-supereffective|p2a: Heatran
|-damage|p2a: Heatran|0 fnt
|faint|p2a: Heatran
|
|upkeep
|
|t:|1759051044
|switch|p2a: Landorus|Landorus-Therian, M|93/100
|-ability|p2a: Landorus|Intimidate|boost
|-unboost|p1a: Dragonite|atk|1
|turn|4
|
|t:|1759051055
|move|p2a: Landorus|U-turn|p1a: Dragonite
|-resisted|p1a: Dragonite
|-damage|p1a: Dragonite|93/100
|
|t:|1759051058
|switch|p2a: Zamazenta|Zamazenta|100/100|[from] U-turn
|-ability|p2a: Zamazenta|Dauntless Shield|boost
|-boost|p2a: Zamazenta|def|1
|move|p1a: Dragonite|Ice Spinner|p2a: Zamazenta
|-damage|p2a: Zamazenta|87/100
|
|upkeep
|turn|5
|
|t:|1759051087
|switch|p1a: Landorus|Landorus-Therian, M|100/100
|-damage|p1a: Landorus|88/100|[from] Stealth Rock
|-ability|p1a: Landorus|Intimidate|boost
|-unboost|p2a: Zamazenta|atk|1
|move|p2a: Zamazenta|Iron Defense|p2a: Zamazenta
|-boost|p2a: Zamazenta|def|2
|
|upkeep
|turn|6
|
|t:|1759051102
|move|p2a: Zamazenta|Iron Defense|p2a: Zamazenta
|-boost|p2a: Zamazenta|def|2
|move|p1a: Landorus|Stealth Rock|p2a: Zamazenta
|-sidestart|p2: FeeDWeeB|move: Stealth Rock
|
|upkeep
|turn|7
|
|t:|1759051107
|move|p2a: Zamazenta|Body Press|p1a: Landorus
|-resisted|p1a: Landorus
|-damage|p1a: Landorus|35/100
|-damage|p2a: Zamazenta|70/100|[from] item: Rocky Helmet|[of] p1a: Landorus
|move|p1a: Landorus|Earth Power|p2a: Zamazenta
|-damage|p2a: Zamazenta|44/100
|-unboost|p2a: Zamazenta|spd|1
|
|upkeep
|turn|8
|
|t:|1759051115
|move|p2a: Zamazenta|Body Press|p1a: Landorus
|-resisted|p1a: Landorus
|-crit|p1a: Landorus
|-damage|p1a: Landorus|0 fnt
|-damage|p2a: Zamazenta|27/100|[from] item: Rocky Helmet|[of] p1a: Landorus
|faint|p1a: Landorus
|
|upkeep
|
|t:|1759051124
|switch|p1a: Gholdengo|Gholdengo|100/100
|-damage|p1a: Gholdengo|94/100|[from] Stealth Rock
|turn|9
|inactive|FeeDWeeB has 120 seconds left.
|
|t:|1759051157
|move|p1a: Gholdengo|Shadow Ball|p2a: Zamazenta
|-damage|p2a: Zamazenta|0 fnt
|faint|p2a: Zamazenta
|
|upkeep
|inactive|FeeDWeeB has 120 seconds left.
|
|t:|1759051163
|switch|p2a: Greninja|Greninja, M|100/100
|-damage|p2a: Greninja|88/100|[from] Stealth Rock
|turn|10
|
|t:|1759051169
|switch|p1a: Zamazenta|Zamazenta|100/100
|-damage|p1a: Zamazenta|94/100|[from] Stealth Rock
|-ability|p1a: Zamazenta|Dauntless Shield|boost
|-boost|p1a: Zamazenta|def|1
|move|p2a: Greninja|Dark Pulse|p1a: Zamazenta
|-resisted|p1a: Zamazenta
|-damage|p1a: Zamazenta|76/100
|-damage|p2a: Greninja|78/100|[from] item: Life Orb
|
|-heal|p1a: Zamazenta|82/100|[from] item: Leftovers
|upkeep
|turn|11
|
|t:|1759051180
|-terastallize|p2a: Greninja|Poison
|move|p1a: Zamazenta|Iron Defense|p1a: Zamazenta
|-boost|p1a: Zamazenta|def|2
|move|p2a: Greninja|Ice Beam|p1a: Zamazenta
|-damage|p1a: Zamazenta|55/100
|-damage|p2a: Greninja|69/100|[from] item: Life Orb
|
|-heal|p1a: Zamazenta|61/100|[from] item: Leftovers
|upkeep
|turn|12
|
|t:|1759051190
|switch|p1a: Snorlax|Snorlax, M, shiny|100/100
|-damage|p1a: Snorlax|88/100|[from] Stealth Rock
|move|p2a: Greninja|Ice Beam|p1a: Snorlax
|-damage|p1a: Snorlax|80/100
|-damage|p2a: Greninja|59/100|[from] item: Life Orb
|
|-heal|p1a: Snorlax|87/100|[from] item: Leftovers
|upkeep
|turn|13
|
|t:|1759051201
|switch|p2a: Dragapult|Dragapult, M|100/100
|-damage|p2a: Dragapult|88/100|[from] Stealth Rock
|move|p1a: Snorlax|Curse|p1a: Snorlax
|-unboost|p1a: Snorlax|spe|1
|-boost|p1a: Snorlax|atk|1
|-boost|p1a: Snorlax|def|1
|
|-heal|p1a: Snorlax|93/100|[from] item: Leftovers
|upkeep
|turn|14
|
|t:|1759051207
|move|p2a: Dragapult|Dragon Pulse|p1a: Snorlax
|-damage|p1a: Snorlax|67/100
|move|p1a: Snorlax|Curse|p1a: Snorlax
|-unboost|p1a: Snorlax|spe|1
|-boost|p1a: Snorlax|atk|1
|-boost|p1a: Snorlax|def|1
|
|-heal|p1a: Snorlax|74/100|[from] item: Leftovers
|upkeep
|turn|15
|
|t:|1759051211
|move|p2a: Dragapult|Dragon Pulse|p1a: Snorlax
|-damage|p1a: Snorlax|48/100
|move|p1a: Snorlax|Crunch|p2a: Dragapult
|-supereffective|p2a: Dragapult
|-damage|p2a: Dragapult|0 fnt
|faint|p2a: Dragapult
|
|-heal|p1a: Snorlax|54/100|[from] item: Leftovers
|upkeep
|
|t:|1759051216
|switch|p2a: Landorus|Landorus-Therian, M|93/100
|-damage|p2a: Landorus|81/100|[from] Stealth Rock
|-ability|p2a: Landorus|Intimidate|boost
|-unboost|p1a: Snorlax|atk|1
|turn|16
|
|t:|1759051222
|move|p2a: Landorus|Earthquake|p1a: Snorlax
|-damage|p1a: Snorlax|28/100
|move|p1a: Snorlax|Curse|p1a: Snorlax
|-unboost|p1a: Snorlax|spe|1
|-boost|p1a: Snorlax|atk|1
|-boost|p1a: Snorlax|def|1
|
|-heal|p1a: Snorlax|34/100|[from] item: Leftovers
|upkeep
|turn|17
|
|t:|1759051226
|move|p2a: Landorus|Earthquake|p1a: Snorlax
|-damage|p1a: Snorlax|15/100
|move|p1a: Snorlax|Rest|p1a: Snorlax
|-status|p1a: Snorlax|slp|[from] move: Rest
|-heal|p1a: Snorlax|100/100 slp|[silent]
|
|upkeep
|turn|18
|
|t:|1759051231
|switch|p2a: Raikou|Raikou|100/100
|-damage|p2a: Raikou|88/100|[from] Stealth Rock
|cant|p1a: Snorlax|slp
|move|p1a: Snorlax|Sleep Talk|p1a: Snorlax
|move|p1a: Snorlax|Rest||[from] move: Sleep Talk|[still]
|-fail|p1a: Snorlax
|
|-heal|p2a: Raikou|94/100|[from] item: Leftovers
|upkeep
|turn|19
|
|t:|1759051235
|move|p2a: Raikou|Calm Mind|p2a: Raikou
|-boost|p2a: Raikou|spa|1
|-boost|p2a: Raikou|spd|1
|cant|p1a: Snorlax|slp
|move|p1a: Snorlax|Sleep Talk|p1a: Snorlax
|move|p1a: Snorlax|Curse|p1a: Snorlax|[from] move: Sleep Talk
|-unboost|p1a: Snorlax|spe|1
|-boost|p1a: Snorlax|atk|1
|-boost|p1a: Snorlax|def|1
|
|-heal|p2a: Raikou|100/100|[from] item: Leftovers
|upkeep
|turn|20
|
|t:|1759051241
|move|p2a: Raikou|Calm Mind|p2a: Raikou
|-boost|p2a: Raikou|spa|1
|-boost|p2a: Raikou|spd|1
|-curestatus|p1a: Snorlax|slp|[msg]
|move|p1a: Snorlax|Crunch|p2a: Raikou
|-damage|p2a: Raikou|32/100
|
|-heal|p2a: Raikou|39/100|[from] item: Leftovers
|upkeep
|turn|21
|
|t:|1759051249
|move|p2a: Raikou|Aura Sphere|p1a: Snorlax
|-supereffective|p1a: Snorlax
|-damage|p1a: Snorlax|52/100
|move|p1a: Snorlax|Crunch|p2a: Raikou
|-damage|p2a: Raikou|0 fnt
|faint|p2a: Raikou
|
|-heal|p1a: Snorlax|59/100|[from] item: Leftovers
|upkeep
|-message|FeeDWeeB forfeited.
|
|win|Azunail
|raw|Azunail's rating: 1485 &rarr; <strong>1501</strong><br />(+16 for winning)
|raw|FeeDWeeB's rating: 1412 &rarr; <strong>1396</strong><br />(-16 for losing)
|l|☆FeeDWeeB
|player|p2|
|l|☆Azunail
|player|p1|
