|j|☆UltraGodGreninja
|j|☆AheQ647
|t:|1758946102
|gametype|singles
|player|p1|UltraGodGreninja|skyla|1337
|player|p2|AheQ647|170|1341
|gen|9
|tier|[Gen 9] OU
|rated|
|rule|HP Percentage Mod: HP is shown in percentages
|rule|Endless Battle Clause: Forcing endless battles is banned
|rule|Species Clause: Limit one of each Pokémon
|rule|OHKO Clause: OHKO moves are banned
|rule|Evasion Items Clause: Evasion items are banned
|rule|Evasion Moves Clause: Evasion moves are banned
|rule|Evasion Abilities Clause: Evasion abilities are banned
|rule|Sleep Moves Clause: Sleep-inducing moves are banned
|clearpoke
|poke|p1|Great Tusk|
|poke|p1|Greninja-*, F|
|poke|p1|Ting-Lu|
|poke|p1|Alomomola, F|
|poke|p1|Pecharunt|
|poke|p1|Scizor, F|
|poke|p2|Zarude|
|poke|p2|Zamazenta-*|
|poke|p2|Glimmora, F|
|poke|p2|Landorus-Therian, M|
|poke|p2|Goodra-Hisui, F|
|poke|p2|Weezing-Galar, M|
|teampreview
|
|t:|1758946109
|teamsize|p1|6
|teamsize|p2|6
|start
|switch|p1a: Scizor|Scizor, F|100/100
|switch|p2a: Glimmora|Glimmora, F|100/100
|turn|1
|inactive|Battle timer is ON: inactive players will automatically lose when time's up. (requested by AheQ647)
|inactive|UltraGodGreninja has 120 seconds left.
|
|t:|1758946158
|switch|p2a: Landorus|Landorus-Therian, M|100/100
|-ability|p2a: Landorus|Intimidate|boost
|-unboost|p1a: Scizor|atk|1
|move|p1a: Scizor|Bullet Punch|p2a: Landorus
|-damage|p2a: Landorus|63/100
|
|upkeep
|turn|2
|
|t:|1758946166
|switch|p1a: Alomomola|Alomomola, F|100/100
|move|p2a: Landorus|U-turn|p1a: Alomomola
|-damage|p1a: Alomomola|81/100
|
|t:|1758946174
|switch|p2a: Glimmora|Glimmora, F|100/100|[from] U-turn
|
|upkeep
|turn|3
|
|t:|1758946180
|move|p2a: Glimmora|Toxic|p1a: Alomomola
|-status|p1a: Alomomola|tox
|move|p1a: Alomomola|Scald|p2a: Glimmora
|-supereffective|p2a: Glimmora
|-damage|p2a: Glimmora|71/100
|-status|p2a: Glimmora|brn
|
|-damage|p1a: Alomomola|75/100 tox|[from] psn
|-damage|p2a: Glimmora|65/100 brn|[from] brn
|upkeep
|turn|4
|
|t:|1758946190
|switch|p1a: Greninja|Greninja, F|100/100
|move|p2a: Glimmora|Stealth Rock|p1a: Greninja
|-sidestart|p1: UltraGodGreninja|move: Stealth Rock
|
|-damage|p2a: Glimmora|58/100 brn|[from] brn
|upkeep
|turn|5
|
|t:|1758946196
|switch|p2a: Goodra|Goodra-Hisui, F|100/100
|move|p1a: Greninja|Hydro Pump|p2a: Goodra
|-start|p1a: Greninja|typechange|Water|[from] ability: Protean
|-resisted|p2a: Goodra
|-damage|p2a: Goodra|88/100
|
|upkeep
|turn|6
|
|t:|1758946203
|switch|p1a: Ting-Lu|Ting-Lu|100/100
|-damage|p1a: Ting-Lu|94/100|[from] Stealth Rock
|-ability|p1a: Ting-Lu|Vessel of Ruin
|move|p2a: Goodra|Dragon Tail|p1a: Ting-Lu
|-damage|p1a: Ting-Lu|84/100
|drag|p1a: Great Tusk|Great Tusk|100/100
|
|upkeep
|turn|7
|
|t:|1758946222
|switch|p2a: Weezing|Weezing-Galar, M|100/100
|move|p1a: Great Tusk|Headlong Rush|p2a: Weezing
|-immune|p2a: Weezing|[from] ability: Levitate
|
|upkeep
|turn|8
|
|t:|1758946231
|-end|p1a: Great Tusk|Protosynthesis|[silent]
|switch|p1a: Alomomola|Alomomola, F|100/100 tox
|-damage|p1a: Alomomola|88/100 tox|[from] Stealth Rock
|move|p2a: Weezing|Will-O-Wisp||[still]
|-fail|p2a: Weezing
|
|-damage|p1a: Alomomola|82/100 tox|[from] psn
|upkeep
|turn|9
|
|t:|1758946242
|switch|p2a: Goodra|Goodra-Hisui, F|88/100
|move|p1a: Alomomola|Flip Turn|p2a: Goodra
|-resisted|p2a: Goodra
|-damage|p2a: Goodra|80/100
|
|t:|1758946257
|switch|p1a: Great Tusk|Great Tusk|100/100|[from] Flip Turn
|
|upkeep
|turn|10
|
|t:|1758946265
|move|p1a: Great Tusk|Headlong Rush|p2a: Goodra
|-supereffective|p2a: Goodra
|-damage|p2a: Goodra|0 fnt
|-unboost|p1a: Great Tusk|def|1
|-unboost|p1a: Great Tusk|spd|1
|faint|p2a: Goodra
|
|upkeep
|
|t:|1758946275
|switch|p2a: Weezing|Weezing-Galar, M|100/100
|turn|11
|
|t:|1758946289
|-end|p1a: Great Tusk|Protosynthesis|[silent]
|switch|p1a: Alomomola|Alomomola, F|100/100 tox
|-damage|p1a: Alomomola|88/100 tox|[from] Stealth Rock
|switch|p2a: The King|Zarude|100/100
|
|-damage|p1a: Alomomola|82/100 tox|[from] psn
|upkeep
|turn|12
|
|t:|1758946297
|switch|p1a: Scizor|Scizor, F|100/100
|-damage|p1a: Scizor|88/100|[from] Stealth Rock
|move|p2a: The King|Bulk Up|p2a: The King
|-boost|p2a: The King|atk|1
|-boost|p2a: The King|def|1
|
|upkeep
|turn|13
|
|t:|1758946320
|-terastallize|p2a: The King|Poison
|move|p2a: The King|Bulk Up|p2a: The King
|-boost|p2a: The King|atk|1
|-boost|p2a: The King|def|1
|move|p1a: Scizor|U-turn|p2a: The King
|-resisted|p2a: The King
|-crit|p2a: The King
|-damage|p2a: The King|64/100
|
|t:|1758946328
|switch|p1a: Greninja|Greninja, F|100/100|[from] U-turn
|-damage|p1a: Greninja|88/100|[from] Stealth Rock
|
|-heal|p2a: The King|70/100|[from] item: Leftovers
|upkeep
|turn|14
|
|t:|1758946334
|move|p1a: Greninja|Hydro Pump|p2a: The King
|-start|p1a: Greninja|typechange|Water|[from] ability: Protean
|-damage|p2a: The King|8/100
|move|p2a: The King|Trailblaze|p1a: Greninja
|-supereffective|p1a: Greninja
|-damage|p1a: Greninja|0 fnt
|-boost|p2a: The King|spe|1
|faint|p1a: Greninja
|
|-heal|p2a: The King|14/100|[from] item: Leftovers
|upkeep
|
|t:|1758946340
|switch|p1a: Scizor|Scizor, F|88/100
|-damage|p1a: Scizor|75/100|[from] Stealth Rock
|turn|15
|
|t:|1758946347
|-terastallize|p1a: Scizor|Steel
|move|p1a: Scizor|Bullet Punch|p2a: The King
|-damage|p2a: The King|0 fnt
|faint|p2a: The King
|
|upkeep
|
|t:|1758946358
|switch|p2a: Zamazenta|Zamazenta|100/100
|-ability|p2a: Zamazenta|Dauntless Shield|boost
|-boost|p2a: Zamazenta|def|1
|turn|16
|
|t:|1758946372
|switch|p1a: Pecharunt|Pecharunt|100/100
|move|p2a: Zamazenta|Body Press|p1a: Pecharunt
|-immune|p1a: Pecharunt
|
|upkeep
|turn|17
|
|t:|1758946375
|switch|p2a: Glimmora|Glimmora, F|58/100 brn
|move|p1a: Pecharunt|Malignant Chain|p2a: Glimmora
|-resisted|p2a: Glimmora
|-damage|p2a: Glimmora|50/100 brn
|
|-damage|p2a: Glimmora|44/100 brn|[from] brn
|upkeep
|turn|18
|
|t:|1758946379
|move|p1a: Pecharunt|Shadow Ball|p2a: Glimmora
|-damage|p2a: Glimmora|15/100 brn
|move|p2a: Glimmora|Toxic|p1a: Pecharunt
|-status|p1a: Pecharunt|tox
|
|-damage|p1a: Pecharunt|94/100 tox|[from] psn
|-damage|p2a: Glimmora|9/100 brn|[from] brn
|upkeep
|turn|19
|
|t:|1758946387
|move|p1a: Pecharunt|Shadow Ball|p2a: Glimmora
|-damage|p2a: Glimmora|0 fnt
|faint|p2a: Glimmora
|
|-damage|p1a: Pecharunt|82/100 tox|[from] psn
|upkeep
|
|t:|1758946392
|switch|p2a: Landorus|Landorus-Therian, M|63/100
|-ability|p2a: Landorus|Intimidate|boost
|-unboost|p1a: Pecharunt|atk|1
|turn|20
|
|t:|1758946396
|switch|p1a: Alomomola|Alomomola, F|100/100 tox
|-damage|p1a: Alomomola|88/100 tox|[from] Stealth Rock
|move|p2a: Landorus|Earthquake|p1a: Alomomola
|-damage|p1a: Alomomola|50/100 tox
|
|-damage|p1a: Alomomola|44/100 tox|[from] psn
|upkeep
|turn|21
|
|t:|1758946404
|move|p2a: Landorus|Earthquake|p1a: Alomomola
|-damage|p1a: Alomomola|9/100 tox
|move|p1a: Alomomola|Flip Turn|p2a: Landorus
|-supereffective|p2a: Landorus
|-damage|p2a: Landorus|29/100
|
|t:|1758946409
|switch|p1a: Scizor|Scizor, F, tera:Steel|75/100|[from] Flip Turn
|-damage|p1a: Scizor|69/100|[from] Stealth Rock
|
|upkeep
|turn|22
|
|t:|1758946414
|move|p1a: Scizor|Bullet Punch|p2a: Landorus
|-damage|p2a: Landorus|0 fnt
|faint|p2a: Landorus
|
|upkeep
|
|t:|1758946418
|switch|p2a: Zamazenta|Zamazenta|100/100
|turn|23
|
|t:|1758946422
|switch|p1a: Pecharunt|Pecharunt|82/100 tox
|move|p2a: Zamazenta|Crunch|p1a: Pecharunt
|-supereffective|p1a: Pecharunt
|-damage|p1a: Pecharunt|58/100 tox
|
|-damage|p1a: Pecharunt|52/100 tox|[from] psn
|upkeep
|turn|24
|
|t:|1758946430
|switch|p2a: Weezing|Weezing-Galar, M|100/100
|move|p1a: Pecharunt|Malignant Chain|p2a: Weezing
|-damage|p2a: Weezing|74/100
|
|-heal|p2a: Weezing|80/100|[from] item: Black Sludge
|-damage|p1a: Pecharunt|40/100 tox|[from] psn
|upkeep
|turn|25
|
|t:|1758946439
|move|p1a: Pecharunt|Recover|p1a: Pecharunt
|-heal|p1a: Pecharunt|90/100 tox
|move|p2a: Weezing|Clear Smog|p1a: Pecharunt
|-resisted|p1a: Pecharunt
|-damage|p1a: Pecharunt|87/100 tox
|-clearboost|p1a: Pecharunt
|
|-heal|p2a: Weezing|86/100|[from] item: Black Sludge
|-damage|p1a: Pecharunt|69/100 tox|[from] psn
|upkeep
|turn|26
|
|t:|1758946453
|move|p1a: Pecharunt|Parting Shot|p2a: Weezing
|-unboost|p2a: Weezing|atk|1
|-unboost|p2a: Weezing|spa|1
|
|t:|1758946456
|switch|p1a: Alomomola|Alomomola, F|42/100 tox|[from] Parting Shot
|-damage|p1a: Alomomola|29/100 tox|[from] Stealth Rock
|move|p2a: Weezing|Will-O-Wisp|p1a: Alomomola|[miss]
|-miss|p2a: Weezing|p1a: Alomomola
|
|-heal|p2a: Weezing|92/100|[from] item: Black Sludge
|-damage|p1a: Alomomola|23/100 tox|[from] psn
|upkeep
|turn|27
|
|t:|1758946462
|move|p2a: Weezing|Will-O-Wisp||[still]
|-fail|p2a: Weezing
|move|p1a: Alomomola|Flip Turn|p2a: Weezing
|-damage|p2a: Weezing|78/100
|
|t:|1758946465
|switch|p1a: Scizor|Scizor, F, tera:Steel|69/100|[from] Flip Turn
|-damage|p1a: Scizor|63/100|[from] Stealth Rock
|
|-heal|p2a: Weezing|84/100|[from] item: Black Sludge
|upkeep
|turn|28
|
|t:|1758946466
|move|p1a: Scizor|Bullet Punch|p2a: Weezing
|-supereffective|p2a: Weezing
|-damage|p2a: Weezing|0 fnt
|faint|p2a: Weezing
|
|upkeep
|
|t:|1758946469
|switch|p2a: Zamazenta|Zamazenta|100/100
|turn|29
|
|t:|1758946472
|move|p1a: Scizor|Bullet Punch|p2a: Zamazenta
|-damage|p2a: Zamazenta|55/100
|move|p2a: Zamazenta|Iron Defense|p2a: Zamazenta
|-boost|p2a: Zamazenta|def|2
|
|-heal|p2a: Zamazenta|61/100|[from] item: Leftovers
|upkeep
|turn|30
|
|t:|1758946478
|switch|p1a: Pecharunt|Pecharunt|69/100 tox
|move|p2a: Zamazenta|Body Press|p1a: Pecharunt
|-immune|p1a: Pecharunt
|
|-heal|p2a: Zamazenta|68/100|[from] item: Leftovers
|-damage|p1a: Pecharunt|63/100 tox|[from] psn
|upkeep
|turn|31
|
|t:|1758946481
|move|p2a: Zamazenta|Crunch|p1a: Pecharunt
|-supereffective|p1a: Pecharunt
|-damage|p1a: Pecharunt|38/100 tox
|move|p1a: Pecharunt|Malignant Chain|p2a: Zamazenta
|-crit|p2a: Zamazenta
|-damage|p2a: Zamazenta|32/100
|-status|p2a: Zamazenta|tox
|-start|p2a: Zamazenta|confusion|[from] ability: Poison Puppeteer|[of] p1a: Pecharunt
|
|-heal|p2a: Zamazenta|38/100 tox|[from] item: Leftovers
|-damage|p2a: Zamazenta|32/100 tox|[from] psn
|-damage|p1a: Pecharunt|26/100 tox|[from] psn
|upkeep
|turn|32
|
|t:|1758946489
|-activate|p2a: Zamazenta|confusion
|move|p2a: Zamazenta|Trailblaze|p1a: Pecharunt
|-resisted|p1a: Pecharunt
|-damage|p1a: Pecharunt|22/100 tox
|-boost|p2a: Zamazenta|spe|1
|move|p1a: Pecharunt|Recover|p1a: Pecharunt
|-heal|p1a: Pecharunt|72/100 tox
|
|-heal|p2a: Zamazenta|38/100 tox|[from] item: Leftovers
|-damage|p2a: Zamazenta|25/100 tox|[from] psn
|-damage|p1a: Pecharunt|54/100 tox|[from] psn
|upkeep
|turn|33
|
|t:|1758946493
|-activate|p2a: Zamazenta|confusion
|move|p2a: Zamazenta|Crunch|p1a: Pecharunt
|-supereffective|p1a: Pecharunt
|-crit|p1a: Pecharunt
|-damage|p1a: Pecharunt|17/100 tox
|move|p1a: Pecharunt|Malignant Chain|p2a: Zamazenta
|-damage|p2a: Zamazenta|2/100 tox
|
|-heal|p2a: Zamazenta|8/100 tox|[from] item: Leftovers
|-damage|p2a: Zamazenta|0 fnt|[from] psn
|faint|p2a: Zamazenta
|
|win|UltraGodGreninja
|raw|UltraGodGreninja's rating: 1337 &rarr; <strong>1357</strong><br />(+20 for winning)
|raw|AheQ647's rating: 1341 &rarr; <strong>1321</strong><br />(-20 for losing)
|l|☆AheQ647
|player|p2|
|l|☆UltraGodGreninja
|player|p1|
