|j|☆teto mono
|j|☆noon tide pearl
|t:|1759051128
|gametype|singles
|player|p1|teto mono|lady-gen4|1217
|player|p2|noon tide pearl|shadowtriad|1263
|gen|9
|tier|[Gen 9] OU
|rated|
|rule|HP Percentage Mod: HP is shown in percentages
|rule|Endless Battle Clause: Forcing endless battles is banned
|rule|Species Clause: Limit one of each Pokémon
|rule|OHKO Clause: OHKO moves are banned
|rule|Evasion Items Clause: Evasion items are banned
|rule|Evasion Moves Clause: Evasion moves are banned
|rule|Evasion Abilities Clause: Evasion abilities are banned
|rule|Sleep Moves Clause: Sleep-inducing moves are banned
|clearpoke
|poke|p1|Clefable, M|
|poke|p1|Landorus-Therian, M|
|poke|p1|Ogerpon-Wellspring, F|
|poke|p1|Gholdengo|
|poke|p1|Dragonite, M|
|poke|p1|Morpeko, F|
|poke|p2|Cinderace, M|
|poke|p2|Milotic, M|
|poke|p2|Serperior, M|
|poke|p2|Kingambit, M|
|poke|p2|Enamorus, F|
|poke|p2|Araquanid, F|
|teampreview
|inactive|Battle timer is ON: inactive players will automatically lose when time's up. (requested by teto mono)
|
|t:|1759051137
|teamsize|p1|6
|teamsize|p2|6
|start
|switch|p1a: Morpeko|Morpeko, F|100/100
|switch|p2a: Araquanid|Araquanid, F|100/100
|turn|1
|
|t:|1759051148
|move|p1a: Morpeko|Aura Wheel|p2a: Araquanid
|-supereffective|p2a: Araquanid
|-damage|p2a: Araquanid|8/100
|-boost|p1a: Morpeko|spe|1
|move|p2a: Araquanid|Sticky Web|p1a: Morpeko
|-sidestart|p1: teto mono|move: Sticky Web
|
|-formechange|p1a: Morpeko|Morpeko-Hangry||[from] ability: Hunger Switch
|upkeep
|turn|2
|-enditem|p2a: Araquanid|Custap Berry|[eat]
|-activate|p2a: Araquanid|item: Custap Berry|[consumed]
|
|t:|1759051157
|move|p2a: Araquanid|Endeavor|p1a: Morpeko
|-damage|p1a: Morpeko|11/100
|move|p1a: Morpeko|Rapid Spin|p2a: Araquanid
|-damage|p2a: Araquanid|0 fnt
|-boost|p1a: Morpeko|spe|1
|-sideend|p1: teto mono|Sticky Web|[from] move: Rapid Spin|[of] p1a: Morpeko
|faint|p2a: Araquanid
|
|-formechange|p1a: Morpeko|Morpeko||[from] ability: Hunger Switch
|upkeep
|
|t:|1759051171
|switch|p2a: Serperior|Serperior, M|100/100
|turn|3
|
|t:|1759051182
|move|p1a: Morpeko|Knock Off|p2a: Serperior
|-damage|p2a: Serperior|53/100
|-enditem|p2a: Serperior|Assault Vest|[from] move: Knock Off|[of] p1a: Morpeko
|move|p2a: Serperior|Leaf Storm|p1a: Morpeko
|-damage|p1a: Morpeko|0 fnt
|-boost|p2a: Serperior|spa|2
|faint|p1a: Morpeko
|
|upkeep
|
|t:|1759051204
|switch|p1a: Dragonite|Dragonite, M|100/100
|turn|4
|
|t:|1759051215
|move|p1a: Dragonite|Extreme Speed|p2a: Serperior
|-damage|p2a: Serperior|17/100
|move|p2a: Serperior|Dragon Pulse|p1a: Dragonite
|-supereffective|p1a: Dragonite
|-damage|p1a: Dragonite|65/100
|
|upkeep
|turn|5
|
|t:|1759051227
|switch|p2a: Milotic|Milotic, M|100/100
|move|p1a: Dragonite|Extreme Speed|p2a: Milotic
|-damage|p2a: Milotic|64/100
|
|-heal|p2a: Milotic|71/100|[from] item: Leftovers
|upkeep
|turn|6
|
|t:|1759051234
|move|p2a: Milotic|Ice Beam|p1a: Dragonite
|-supereffective|p1a: Dragonite
|-damage|p1a: Dragonite|0 fnt
|faint|p1a: Dragonite
|
|-heal|p2a: Milotic|77/100|[from] item: Leftovers
|upkeep
|
|t:|1759051242
|switch|p1a: Ogerpon|Ogerpon-Wellspring, F|100/100
|turn|7
|
|t:|1759051251
|switch|p2a: Kingambit|Kingambit, M|100/100
|-activate|p2a: Kingambit|ability: Supreme Overlord
|-start|p2a: Kingambit|fallen1|[silent]
|move|p1a: Ogerpon|Trailblaze|p2a: Kingambit
|-resisted|p2a: Kingambit
|-damage|p2a: Kingambit|86/100
|-boost|p1a: Ogerpon|spe|1
|
|upkeep
|turn|8
|
|t:|1759051258
|move|p1a: Ogerpon|Ivy Cudgel|p2a: Kingambit|[anim] Ivy Cudgel Water
|-damage|p2a: Kingambit|35/100
|move|p2a: Kingambit|Kowtow Cleave|p1a: Ogerpon
|-damage|p1a: Ogerpon|26/100
|
|upkeep
|turn|9
|
|t:|1759051263
|switch|p1a: Landorus|Landorus-Therian, M|100/100
|-ability|p1a: Landorus|Intimidate|boost
|-unboost|p2a: Kingambit|atk|1
|move|p2a: Kingambit|Sucker Punch||[still]
|-fail|p2a: Kingambit
|
|upkeep
|turn|10
|
|t:|1759051271
|-end|p2a: Kingambit|fallen1|[silent]
|switch|p2a: Enamorus|Enamorus, F|100/100
|move|p1a: Landorus|Earthquake|p2a: Enamorus
|-immune|p2a: Enamorus
|
|upkeep
|turn|11
|
|t:|1759051279
|move|p2a: Enamorus|Moonblast|p1a: Landorus
|-damage|p1a: Landorus|32/100
|move|p1a: Landorus|U-turn|p2a: Enamorus
|-resisted|p2a: Enamorus
|-crit|p2a: Enamorus
|-damage|p2a: Enamorus|84/100
|
|t:|1759051283
|switch|p1a: Gholdengo|Gholdengo|100/100|[from] U-turn
|-item|p1a: Gholdengo|Air Balloon
|
|upkeep
|turn|12
|
|t:|1759051289
|switch|p2a: Milotic|Milotic, M|77/100
|move|p1a: Gholdengo|Make It Rain|p2a: Milotic
|-resisted|p2a: Milotic
|-damage|p2a: Milotic|47/100
|-unboost|p1a: Gholdengo|spa|1
|
|-heal|p2a: Milotic|53/100|[from] item: Leftovers
|upkeep
|turn|13
|
|t:|1759051301
|switch|p2a: Cinderace|Cinderace, M|100/100
|switch|p1a: Ogerpon|Ogerpon-Wellspring, F|26/100
|
|upkeep
|turn|14
|
|t:|1759051308
|switch|p1a: Landorus|Landorus-Therian, M|32/100
|-ability|p1a: Landorus|Intimidate|boost
|-unboost|p2a: Cinderace|atk|1
|move|p2a: Cinderace|U-turn|p1a: Landorus
|-resisted|p1a: Landorus
|-damage|p1a: Landorus|25/100
|
|t:|1759051312
|switch|p2a: Serperior|Serperior, M|17/100|[from] U-turn
|
|upkeep
|turn|15
|
|t:|1759051323
|move|p2a: Serperior|Leaf Storm|p1a: Landorus
|-damage|p1a: Landorus|0 fnt
|-boost|p2a: Serperior|spa|2
|faint|p1a: Landorus
|
|upkeep
|
|t:|1759051325
|switch|p1a: Clefable|Clefable, M|100/100
|turn|16
|
|t:|1759051329
|move|p2a: Serperior|Leaf Storm|p1a: Clefable
|-damage|p1a: Clefable|56/100
|-boost|p2a: Serperior|spa|2
|move|p1a: Clefable|Moonblast|p2a: Serperior
|-damage|p2a: Serperior|0 fnt
|faint|p2a: Serperior
|
|-heal|p1a: Clefable|62/100|[from] item: Leftovers
|upkeep
|
|t:|1759051343
|switch|p2a: Enamorus|Enamorus, F|84/100
|turn|17
|
|t:|1759051349
|move|p2a: Enamorus|Moonblast|p1a: Clefable
|-damage|p1a: Clefable|11/100
|move|p1a: Clefable|Cosmic Power|p1a: Clefable
|-boost|p1a: Clefable|def|1
|-boost|p1a: Clefable|spd|1
|
|-heal|p1a: Clefable|17/100|[from] item: Leftovers
|upkeep
|turn|18
|
|t:|1759051355
|move|p2a: Enamorus|Moonblast|p1a: Clefable
|-damage|p1a: Clefable|0 fnt
|faint|p1a: Clefable
|
|upkeep
|-message|teto mono forfeited.
|
|win|noon tide pearl
|raw|teto mono's rating: 1217 &rarr; <strong>1195</strong><br />(-22 for losing)
|raw|noon tide pearl's rating: 1263 &rarr; <strong>1285</strong><br />(+22 for winning)
|l|☆teto mono
|player|p1|
|l|☆noon tide pearl
|player|p2|
