|j|☆pizally
|j|☆a13426709696
|t:|1759049687
|gametype|singles
|player|p1|pizally|170|1025
|player|p2|a13426709696|265|1000
|gen|9
|tier|[Gen 9] OU
|rated|
|rule|HP Percentage Mod: HP is shown in percentages
|rule|Endless Battle Clause: Forcing endless battles is banned
|rule|Species Clause: Limit one of each Pokémon
|rule|OHKO Clause: OHKO moves are banned
|rule|Evasion Items Clause: Evasion items are banned
|rule|Evasion Moves Clause: Evasion moves are banned
|rule|Evasion Abilities Clause: Evasion abilities are banned
|rule|Sleep Moves Clause: Sleep-inducing moves are banned
|clearpoke
|poke|p1|Pelipper, F|
|poke|p1|Walking Wake|
|poke|p1|Glimmora, M|
|poke|p1|Espeon, F|
|poke|p1|Heatran, M|
|poke|p1|Rotom|
|poke|p2|Hitmonlee, M|
|teampreview
|
|t:|1759049697
|teamsize|p1|6
|teamsize|p2|1
|start
|switch|p1a: Glimmora|Glimmora, M, shiny|100/100
|switch|p2a: Hitmonlee|Hitmonlee, M|100/100
|turn|1
|inactive|Battle timer is ON: inactive players will automatically lose when time's up. (requested by pizally)
|
|t:|1759049706
|move|p1a: Glimmora|Reflect|p1a: Glimmora
|-sidestart|p1: pizally|Reflect
|move|p2a: Hitmonlee|Swords Dance|p2a: Hitmonlee
|-boost|p2a: Hitmonlee|atk|2
|
|upkeep
|turn|2
|
|t:|1759049712
|move|p1a: Glimmora|Stealth Rock|p2a: Hitmonlee
|-sidestart|p2: a13426709696|move: Stealth Rock
|move|p2a: Hitmonlee|Swords Dance|p2a: Hitmonlee
|-boost|p2a: Hitmonlee|atk|2
|
|upkeep
|turn|3
|
|t:|1759049723
|-terastallize|p2a: Hitmonlee|Fighting
|move|p1a: Glimmora|Stealth Rock||[still]
|-fail|p1a: Glimmora
|move|p2a: Hitmonlee|Fling|p1a: Glimmora
|-damage|p1a: Glimmora|95/100
|-activate|p1a: Glimmora|ability: Toxic Debris
|-sidestart|p2: a13426709696|move: Toxic Spikes
|-enditem|p2a: Hitmonlee|Red Card|[from] move: Fling
|
|upkeep
|turn|4
|
|t:|1759049733
|move|p2a: Hitmonlee|Reversal|p1a: Glimmora
|-damage|p1a: Glimmora|73/100
|-activate|p1a: Glimmora|ability: Toxic Debris
|-sidestart|p2: a13426709696|move: Toxic Spikes
|move|p1a: Glimmora|Spikes|p2a: Hitmonlee
|-sidestart|p2: a13426709696|Spikes
|
|upkeep
|turn|5
|
|t:|1759049741
|move|p2a: Hitmonlee|Swords Dance|p2a: Hitmonlee
|-boost|p2a: Hitmonlee|atk|2
|move|p1a: Glimmora|Light Screen|p1a: Glimmora
|-sidestart|p1: pizally|move: Light Screen
|
|upkeep
|turn|6
|
|t:|1759049750
|switch|p1a: Espeon|Espeon, F, shiny|100/100
|move|p2a: Hitmonlee|Reversal|p1a: Espeon
|-resisted|p1a: Espeon
|-damage|p1a: Espeon|78/100
|
|upkeep
|turn|7
|
|t:|1759049757
|move|p2a: Hitmonlee|Endure|p2a: Hitmonlee
|-singleturn|p2a: Hitmonlee|move: Endure
|move|p1a: Espeon|Future Sight|p2a: Hitmonlee
|-start|p1a: Espeon|move: Future Sight
|
|upkeep
|turn|8
|
|t:|1759049764
|move|p2a: Hitmonlee|Endure|p2a: Hitmonlee
|-singleturn|p2a: Hitmonlee|move: Endure
|move|p1a: Espeon|Expanding Force|p2a: Hitmonlee
|-supereffective|p2a: Hitmonlee
|-damage|p2a: Hitmonlee|6/100
|
|-sideend|p1: pizally|Reflect
|upkeep
|turn|9
|
|t:|1759049772
|move|p2a: Hitmonlee|Reversal|p1a: Espeon
|-resisted|p1a: Espeon
|-damage|p1a: Espeon|0 fnt
|faint|p1a: Espeon
|
|-end|p2a: Hitmonlee|move: Future Sight
|-supereffective|p2a: Hitmonlee
|-crit|p2a: Hitmonlee
|-damage|p2a: Hitmonlee|0 fnt
|faint|p2a: Hitmonlee
|
|win|pizally
|raw|pizally's rating: 1025 &rarr; <strong>1059</strong><br />(+34 for winning)
|raw|a13426709696's rating: 1000 &rarr; <strong>1000</strong><br />(+0 for losing)
|l|☆pizally
|player|p1|
