|j|☆EdgingCeaselesslly
|j|☆lebmaster
|t:|1758947074
|gametype|singles
|player|p1|EdgingCeaselesslly|roxie|1558
|player|p2|lebmaster|dahlia|1556
|gen|9
|tier|[Gen 9] OU
|rated|
|rule|HP Percentage Mod: HP is shown in percentages
|rule|Endless Battle Clause: Forcing endless battles is banned
|rule|Species Clause: Limit one of each Pokémon
|rule|OHKO Clause: OHKO moves are banned
|rule|Evasion Items Clause: Evasion items are banned
|rule|Evasion Moves Clause: Evasion moves are banned
|rule|Evasion Abilities Clause: Evasion abilities are banned
|rule|Sleep Moves Clause: Sleep-inducing moves are banned
|clearpoke
|poke|p1|Landorus-Therian, M|
|poke|p1|Samurott-Hisui, F|
|poke|p1|Scizor, F|
|poke|p1|Latios, M|
|poke|p1|Zamazenta-*|
|poke|p1|Pecharunt|
|poke|p2|Pecharunt|
|poke|p2|Great Tusk|
|poke|p2|Ogerpon-Wellspring, F|
|poke|p2|Iron Crown|
|poke|p2|Landorus-Therian, M|
|poke|p2|Samurott-Hisui, M|
|teampreview
|inactive|Battle timer is ON: inactive players will automatically lose when time's up. (requested by EdgingCeaselesslly)
|
|t:|1758947090
|teamsize|p1|6
|teamsize|p2|6
|start
|switch|p1a: Landorus|Landorus-Therian, M|100/100
|switch|p2a: Landorus|Landorus-Therian, M|100/100
|-ability|p2a: Landorus|Intimidate|boost
|-unboost|p1a: Landorus|atk|1
|-ability|p1a: Landorus|Intimidate|boost
|-unboost|p2a: Landorus|atk|1
|turn|1
|
|t:|1758947096
|switch|p2a: Pecharunt|Pecharunt|100/100
|move|p1a: Landorus|Stealth Rock|p2a: Pecharunt
|-sidestart|p2: lebmaster|move: Stealth Rock
|
|upkeep
|turn|2
|
|t:|1758947099
|switch|p2a: Landorus|Landorus-Therian, M|100/100
|-damage|p2a: Landorus|88/100|[from] Stealth Rock
|-ability|p2a: Landorus|Intimidate|boost
|-unboost|p1a: Landorus|atk|1
|move|p1a: Landorus|Earthquake|p2a: Landorus
|-immune|p2a: Landorus
|
|upkeep
|turn|3
|
|t:|1758947105
|switch|p2a: Pecharunt|Pecharunt|100/100
|-damage|p2a: Pecharunt|88/100|[from] Stealth Rock
|move|p1a: Landorus|U-turn|p2a: Pecharunt
|-resisted|p2a: Pecharunt
|-damage|p2a: Pecharunt|87/100
|-damage|p1a: Landorus|84/100|[from] item: Rocky Helmet|[of] p2a: Pecharunt
|
|t:|1758947107
|switch|p1a: Samurott|Samurott-Hisui, F|100/100|[from] U-turn
|
|upkeep
|turn|4
|
|t:|1758947113
|switch|p2a: Great Tusk|Great Tusk|100/100
|-damage|p2a: Great Tusk|98/100|[from] Stealth Rock
|-enditem|p2a: Great Tusk|Booster Energy
|-activate|p2a: Great Tusk|ability: Protosynthesis|[fromitem]
|-start|p2a: Great Tusk|protosynthesisspe
|move|p1a: Samurott|Ceaseless Edge|p2a: Great Tusk
|-resisted|p2a: Great Tusk
|-damage|p2a: Great Tusk|83/100
|-sidestart|p2: lebmaster|Spikes
|
|upkeep
|turn|5
|
|t:|1758947121
|switch|p1a: Pecharunt|Pecharunt|100/100
|move|p2a: Great Tusk|Stealth Rock|p1a: Pecharunt
|-sidestart|p1: EdgingCeaselesslly|move: Stealth Rock
|
|upkeep
|turn|6
|
|t:|1758947125
|-terastallize|p1a: Pecharunt|Ghost
|move|p2a: Great Tusk|Knock Off|p1a: Pecharunt
|-supereffective|p1a: Pecharunt
|-damage|p1a: Pecharunt|69/100
|-enditem|p1a: Pecharunt|Heavy-Duty Boots|[from] move: Knock Off|[of] p2a: Great Tusk
|move|p1a: Pecharunt|Shadow Ball|p2a: Great Tusk
|-damage|p2a: Great Tusk|40/100
|-unboost|p2a: Great Tusk|spd|1
|
|upkeep
|turn|7
|
|t:|1758947134
|-end|p2a: Great Tusk|Protosynthesis|[silent]
|switch|p2a: Samurott|Samurott-Hisui, M|100/100
|-damage|p2a: Samurott|88/100|[from] Stealth Rock
|-damage|p2a: Samurott|76/100|[from] Spikes
|move|p1a: Pecharunt|Shadow Ball|p2a: Samurott
|-resisted|p2a: Samurott
|-crit|p2a: Samurott
|-damage|p2a: Samurott|52/100
|
|upkeep
|turn|8
|
|t:|1758947141
|move|p1a: Pecharunt|Parting Shot|p2a: Samurott
|-unboost|p2a: Samurott|atk|1
|-unboost|p2a: Samurott|spa|1
|
|t:|1758947143
|switch|p1a: Samurott|Samurott-Hisui, F|100/100|[from] Parting Shot
|-damage|p1a: Samurott|88/100|[from] Stealth Rock
|move|p2a: Samurott|Ceaseless Edge|p1a: Samurott
|-resisted|p1a: Samurott
|-damage|p1a: Samurott|70/100
|-sidestart|p1: EdgingCeaselesslly|Spikes
|
|upkeep
|turn|9
|
|t:|1758947152
|move|p1a: Samurott|Ceaseless Edge|p2a: Samurott
|-resisted|p2a: Samurott
|-damage|p2a: Samurott|19/100
|-sidestart|p2: lebmaster|Spikes
|move|p2a: Samurott|Ceaseless Edge|p1a: Samurott
|-resisted|p1a: Samurott
|-damage|p1a: Samurott|52/100
|-sidestart|p1: EdgingCeaselesslly|Spikes
|
|upkeep
|turn|10
|
|t:|1758947157
|move|p1a: Samurott|Ceaseless Edge|p2a: Samurott
|-resisted|p2a: Samurott
|-damage|p2a: Samurott|0 fnt
|-sidestart|p2: lebmaster|Spikes
|faint|p2a: Samurott
|
|upkeep
|
|t:|1758947161
|switch|p2a: Landorus|Landorus-Therian, M|88/100
|-damage|p2a: Landorus|76/100|[from] Stealth Rock
|-ability|p2a: Landorus|Intimidate|boost
|-unboost|p1a: Samurott|atk|1
|turn|11
|
|t:|1758947167
|move|p2a: Landorus|U-turn|p1a: Samurott
|-supereffective|p1a: Samurott
|-damage|p1a: Samurott|0 fnt
|faint|p1a: Samurott
|
|t:|1758947174
|switch|p2a: Ogerpon|Ogerpon-Wellspring, F|100/100|[from] U-turn
|-damage|p2a: Ogerpon|88/100|[from] Stealth Rock
|-damage|p2a: Ogerpon|63/100|[from] Spikes
|
|upkeep
|
|t:|1758947177
|switch|p1a: Pecharunt|Pecharunt, tera:Ghost|69/100
|-damage|p1a: Pecharunt|57/100|[from] Stealth Rock
|-damage|p1a: Pecharunt|40/100|[from] Spikes
|turn|12
|
|t:|1758947181
|move|p1a: Pecharunt|Recover|p1a: Pecharunt
|-heal|p1a: Pecharunt|90/100
|move|p2a: Ogerpon|Ivy Cudgel|p1a: Pecharunt|[anim] Ivy Cudgel Water
|-crit|p1a: Pecharunt
|-damage|p1a: Pecharunt|42/100
|
|upkeep
|turn|13
|
|t:|1758947187
|move|p1a: Pecharunt|Recover|p1a: Pecharunt
|-heal|p1a: Pecharunt|92/100
|move|p2a: Ogerpon|Swords Dance|p2a: Ogerpon
|-boost|p2a: Ogerpon|atk|2
|
|upkeep
|turn|14
|
|t:|1758947190
|move|p1a: Pecharunt|Malignant Chain|p2a: Ogerpon
|-supereffective|p2a: Ogerpon
|-damage|p2a: Ogerpon|7/100
|-status|p2a: Ogerpon|tox
|-start|p2a: Ogerpon|confusion|[from] ability: Poison Puppeteer|[of] p1a: Pecharunt
|-activate|p2a: Ogerpon|confusion
|-damage|p2a: Ogerpon|0 fnt|[from] confusion
|faint|p2a: Ogerpon
|
|upkeep
|
|t:|1758947199
|switch|p2a: Iron Crown|Iron Crown|100/100
|-damage|p2a: Iron Crown|94/100|[from] Stealth Rock
|-damage|p2a: Iron Crown|69/100|[from] Spikes
|turn|15
|
|t:|1758947202
|move|p2a: Iron Crown|Tachyon Cutter|p1a: Pecharunt
|-damage|p1a: Pecharunt|57/100
|-damage|p1a: Pecharunt|19/100
|-hitcount|p1a: Pecharunt|2
|move|p1a: Pecharunt|Shadow Ball|p2a: Iron Crown
|-supereffective|p2a: Iron Crown
|-damage|p2a: Iron Crown|8/100
|
|upkeep
|turn|16
|
|t:|1758947210
|move|p2a: Iron Crown|Tachyon Cutter|p1a: Pecharunt
|-damage|p1a: Pecharunt|0 fnt
|faint|p1a: Pecharunt
|-hitcount|p1: Pecharunt|1
|
|upkeep
|
|t:|1758947217
|switch|p1a: Scizor|Scizor, F|100/100
|turn|17
|
|t:|1758947222
|-end|p2a: Iron Crown|Quark Drive|[silent]
|switch|p2a: Pecharunt|Pecharunt|87/100
|-damage|p2a: Pecharunt|75/100|[from] Stealth Rock
|-damage|p2a: Pecharunt|50/100|[from] Spikes
|move|p1a: Scizor|Bullet Punch|p2a: Pecharunt
|-damage|p2a: Pecharunt|33/100
|-damage|p1a: Scizor|84/100|[from] item: Rocky Helmet|[of] p2a: Pecharunt
|
|upkeep
|turn|18
|
|t:|1758947225
|move|p1a: Scizor|Knock Off|p2a: Pecharunt
|-supereffective|p2a: Pecharunt
|-damage|p2a: Pecharunt|0 fnt
|-damage|p1a: Scizor|68/100|[from] item: Rocky Helmet|[of] p2a: Pecharunt
|-enditem|p2a: Pecharunt|Rocky Helmet|[from] move: Knock Off|[of] p1a: Scizor
|faint|p2a: Pecharunt
|
|upkeep
|
|t:|1758947227
|switch|p2a: Great Tusk|Great Tusk|40/100
|-damage|p2a: Great Tusk|37/100|[from] Stealth Rock
|-damage|p2a: Great Tusk|12/100|[from] Spikes
|turn|19
|
|t:|1758947230
|move|p1a: Scizor|Bullet Punch|p2a: Great Tusk
|-damage|p2a: Great Tusk|0 fnt
|faint|p2a: Great Tusk
|-end|p2a: Great Tusk|Protosynthesis|[silent]
|
|upkeep
|
|t:|1758947232
|switch|p2a: Landorus|Landorus-Therian, M|76/100
|-damage|p2a: Landorus|64/100|[from] Stealth Rock
|-ability|p2a: Landorus|Intimidate|boost
|-unboost|p1a: Scizor|atk|1
|turn|20
|
|t:|1758947239
|switch|p1a: Landorus|Landorus-Therian, M|84/100
|-damage|p1a: Landorus|72/100|[from] Stealth Rock
|-ability|p1a: Landorus|Intimidate|boost
|-unboost|p2a: Landorus|atk|1
|-terastallize|p2a: Landorus|Flying
|move|p2a: Landorus|Tera Blast|p1a: Landorus|[anim] Tera Blast Flying
|-damage|p1a: Landorus|25/100
|
|upkeep
|turn|21
|
|t:|1758947243
|move|p2a: Landorus|Tera Blast|p1a: Landorus|[anim] Tera Blast Flying
|-damage|p1a: Landorus|0 fnt
|faint|p1a: Landorus
|
|upkeep
|
|t:|1758947256
|switch|p1a: Latios|Latios, M|100/100
|-damage|p1a: Latios|88/100|[from] Stealth Rock
|turn|22
|
|t:|1758947260
|switch|p2a: Iron Crown|Iron Crown|8/100
|-damage|p2a: Iron Crown|2/100|[from] Stealth Rock
|-damage|p2a: Iron Crown|0 fnt|[from] Spikes
|faint|p2a: Iron Crown
|-end|p2a: Iron Crown|Quark Drive|[silent]
|move|p1a: Latios|Draco Meteor|p2: Iron Crown|[notarget]
|-fail|p1a: Latios
|
|upkeep
|
|t:|1758947261
|switch|p2a: Landorus|Landorus-Therian, M, tera:Flying|64/100
|-damage|p2a: Landorus|39/100|[from] Stealth Rock
|-ability|p2a: Landorus|Intimidate|boost
|-unboost|p1a: Latios|atk|1
|turn|23
|
|t:|1758947265
|move|p2a: Landorus|Tera Blast|p1a: Latios|[anim] Tera Blast Flying
|-damage|p1a: Latios|2/100
|move|p1a: Latios|Draco Meteor|p2a: Landorus
|-damage|p2a: Landorus|0 fnt
|-unboost|p1a: Latios|spa|2
|faint|p2a: Landorus
|
|win|EdgingCeaselesslly
|raw|EdgingCeaselesslly's rating: 1558 &rarr; <strong>1578</strong><br />(+20 for winning)
|raw|lebmaster's rating: 1556 &rarr; <strong>1536</strong><br />(-20 for losing)
|l|☆EdgingCeaselesslly
|player|p1|
|l|☆lebmaster
|player|p2|
