|j|☆Potatochan789
|j|☆vivek1245s
|t:|1758949032
|gametype|singles
|player|p1|Potatochan789|#omplxtempertyrantrums|1638
|player|p2|vivek1245s|aromalady|1592
|gen|9
|tier|[Gen 9] OU
|rated|
|rule|HP Percentage Mod: HP is shown in percentages
|rule|Endless Battle Clause: Forcing endless battles is banned
|rule|Species Clause: Limit one of each Pokémon
|rule|OHKO Clause: OHKO moves are banned
|rule|Evasion Items Clause: Evasion items are banned
|rule|Evasion Moves Clause: Evasion moves are banned
|rule|Evasion Abilities Clause: Evasion abilities are banned
|rule|Sleep Moves Clause: Sleep-inducing moves are banned
|clearpoke
|poke|p1|Weezing-Galar, M|
|poke|p1|Alomomola, F|
|poke|p1|Iron Treads|
|poke|p1|Gliscor, F|
|poke|p1|Dondozo, M|
|poke|p1|Blissey, F|
|poke|p2|Rillaboom, F|
|poke|p2|Ursaluna, F|
|poke|p2|Raging Bolt|
|poke|p2|Enamorus, F|
|poke|p2|Great Tusk|
|poke|p2|Iron Crown|
|teampreview
|inactive|Battle timer is ON: inactive players will automatically lose when time's up. (requested by Potatochan789)
|j| AlxiZ⏣⏑⏣
|inactive|vivek1245s has 120 seconds left.
|
|t:|1758949067
|teamsize|p1|6
|teamsize|p2|6
|start
|switch|p1a: Gliscor|Gliscor, F|100/100
|switch|p2a: Iron Crown|Iron Crown|100/100
|turn|1
|c| AlxiZ⏣⏑⏣|vivek u got this
|
|t:|1758949070
|move|p1a: Gliscor|Protect|p1a: Gliscor
|-singleturn|p1a: Gliscor|Protect
|move|p2a: Iron Crown|Tachyon Cutter|p1a: Gliscor
|-activate|p1a: Gliscor|move: Protect
|
|-status|p1a: Gliscor|tox|[from] item: Toxic Orb
|upkeep
|turn|2
|
|t:|1758949075
|switch|p1a: Alomomola|Alomomola, F|100/100
|move|p2a: Iron Crown|Tachyon Cutter|p1a: Alomomola
|-resisted|p1a: Alomomola
|-damage|p1a: Alomomola|79/100
|-resisted|p1a: Alomomola
|-damage|p1a: Alomomola|58/100
|-hitcount|p1a: Alomomola|2
|
|upkeep
|turn|3
|j| Crystalyze07
|
|t:|1758949089
|move|p1a: Alomomola|Protect|p1a: Alomomola
|-singleturn|p1a: Alomomola|Protect
|move|p2a: Iron Crown|Tachyon Cutter|p1a: Alomomola
|-activate|p1a: Alomomola|move: Protect
|
|upkeep
|turn|4
|
|t:|1758949095
|-end|p2a: Iron Crown|Quark Drive|[silent]
|switch|p2a: Rillaboom|Rillaboom, F|100/100
|-fieldstart|move: Grassy Terrain|[from] ability: Grassy Surge|[of] p2a: Rillaboom
|switch|p1a: Blissey|Blissey, F|100/100
|
|upkeep
|turn|5
|
|t:|1758949101
|switch|p1a: Gliscor|Gliscor, F|100/100 tox
|-terastallize|p2a: Rillaboom|Grass
|move|p2a: Rillaboom|Wood Hammer|p1a: Gliscor
|-damage|p1a: Gliscor|2/100 tox
|-damage|p2a: Rillaboom|67/100|[from] Recoil
|
|-heal|p2a: Rillaboom|73/100|[from] Grassy Terrain
|-heal|p1a: Gliscor|14/100 tox|[from] ability: Poison Heal
|upkeep
|turn|6
|inactive|Potatochan789 has 120 seconds left.
|
|t:|1758949136
|move|p2a: Rillaboom|Wood Hammer|p1a: Gliscor
|-damage|p1a: Gliscor|0 fnt
|faint|p1a: Gliscor
|-damage|p2a: Rillaboom|68/100|[from] Recoil
|
|-heal|p2a: Rillaboom|74/100|[from] Grassy Terrain
|upkeep
|
|t:|1758949139
|switch|p1a: Weezing|Weezing-Galar, M|100/100
|-ability|p1a: Weezing|Neutralizing Gas
|turn|7
|
|t:|1758949151
|switch|p2a: Iron Crown|Iron Crown|100/100
|move|p1a: Weezing|Toxic Spikes|p2a: Iron Crown
|-sidestart|p2: vivek1245s|move: Toxic Spikes
|
|upkeep
|turn|8
|l| Crystalyze07
|
|t:|1758949171
|-end|p1a: Weezing|ability: Neutralizing Gas
|switch|p1a: Blissey|Blissey, F|100/100
|move|p2a: Iron Crown|Psyshock|p1a: Blissey
|-damage|p1a: Blissey|42/100
|
|-heal|p1a: Blissey|48/100|[from] Grassy Terrain
|-fieldend|move: Grassy Terrain
|upkeep
|turn|9
|
|t:|1758949179
|-end|p2a: Iron Crown|Quark Drive|[silent]
|switch|p2a: Great Tusk|Great Tusk|100/100
|-status|p2a: Great Tusk|psn
|switch|p1a: Alomomola|Alomomola, F|91/100
|
|-damage|p2a: Great Tusk|88/100 psn|[from] psn
|upkeep
|turn|10
|
|t:|1758949182
|move|p1a: Alomomola|Protect|p1a: Alomomola
|-singleturn|p1a: Alomomola|Protect
|move|p2a: Great Tusk|Rapid Spin|p1a: Alomomola
|-activate|p1a: Alomomola|move: Protect
|
|-damage|p2a: Great Tusk|76/100 psn|[from] psn
|upkeep
|turn|11
|
|t:|1758949192
|move|p2a: Great Tusk|Rapid Spin|p1a: Alomomola
|-damage|p1a: Alomomola|83/100
|-boost|p2a: Great Tusk|spe|1
|-damage|p2a: Great Tusk|59/100 psn|[from] item: Rocky Helmet|[of] p1a: Alomomola
|-sideend|p2: vivek1245s|Toxic Spikes|[from] move: Rapid Spin|[of] p2a: Great Tusk
|move|p1a: Alomomola|Flip Turn|p2a: Great Tusk
|-supereffective|p2a: Great Tusk
|-damage|p2a: Great Tusk|37/100 psn
|-damage|p1a: Alomomola|67/100|[from] item: Rocky Helmet|[of] p2a: Great Tusk
|
|t:|1758949200
|switch|p1a: Weezing|Weezing-Galar, M|100/100|[from] Flip Turn
|-ability|p1a: Weezing|Neutralizing Gas
|
|-damage|p2a: Great Tusk|24/100 psn|[from] psn
|upkeep
|turn|12
|
|t:|1758949205
|-end|p1a: Weezing|ability: Neutralizing Gas
|switch|p1a: Alomomola|Alomomola, F|99/100
|move|p2a: Great Tusk|Headlong Rush|p1a: Alomomola
|-damage|p1a: Alomomola|70/100
|-unboost|p2a: Great Tusk|def|1
|-unboost|p2a: Great Tusk|spd|1
|-damage|p2a: Great Tusk|8/100 psn|[from] item: Rocky Helmet|[of] p1a: Alomomola
|
|-damage|p2a: Great Tusk|0 fnt|[from] psn
|faint|p2a: Great Tusk
|-end|p2a: Great Tusk|Protosynthesis|[silent]
|upkeep
|
|t:|1758949209
|switch|p2a: Rillaboom|Rillaboom, F, tera:Grass|74/100
|-fieldstart|move: Grassy Terrain|[from] ability: Grassy Surge|[of] p2a: Rillaboom
|turn|13
|
|t:|1758949227
|move|p1a: Alomomola|Protect|p1a: Alomomola
|-singleturn|p1a: Alomomola|Protect
|move|p2a: Rillaboom|Wood Hammer|p1a: Alomomola
|-activate|p1a: Alomomola|move: Protect
|
|-heal|p2a: Rillaboom|81/100|[from] Grassy Terrain
|-heal|p1a: Alomomola|76/100|[from] Grassy Terrain
|upkeep
|turn|14
|
|t:|1758949233
|move|p2a: Rillaboom|Wood Hammer|p1a: Alomomola
|-supereffective|p1a: Alomomola
|-damage|p1a: Alomomola|0 fnt
|-damage|p2a: Rillaboom|64/100|[from] item: Rocky Helmet|[of] p1a: Alomomola
|faint|p1a: Alomomola
|-damage|p2a: Rillaboom|25/100|[from] Recoil
|
|-heal|p2a: Rillaboom|31/100|[from] Grassy Terrain
|upkeep
|
|t:|1758949240
|switch|p1a: Weezing|Weezing-Galar, M|100/100
|-ability|p1a: Weezing|Neutralizing Gas
|turn|15
|
|t:|1758949250
|switch|p2a: Iron Crown|Iron Crown|100/100
|move|p1a: Weezing|Toxic Spikes|p2a: Iron Crown
|-sidestart|p2: vivek1245s|move: Toxic Spikes
|
|upkeep
|turn|16
|
|t:|1758949257
|-end|p2a: Iron Crown|Quark Drive|[silent]
|switch|p2a: Ursaluna|Ursaluna, F|100/100
|-status|p2a: Ursaluna|psn
|-end|p1a: Weezing|ability: Neutralizing Gas
|switch|p1a: PH ph ph pskii|Dondozo, M|100/100
|
|-damage|p2a: Ursaluna|88/100 psn|[from] psn
|upkeep
|turn|17
|
|t:|1758949265
|move|p2a: Ursaluna|Body Slam|p1a: PH ph ph pskii
|-damage|p1a: PH ph ph pskii|63/100
|move|p1a: PH ph ph pskii|Wave Crash|p2a: Ursaluna
|-supereffective|p2a: Ursaluna
|-damage|p2a: Ursaluna|25/100 psn
|-damage|p1a: PH ph ph pskii|44/100|[from] Recoil
|
|-heal|p2a: Ursaluna|31/100 psn|[from] Grassy Terrain
|-heal|p2a: Ursaluna|37/100 psn|[from] item: Leftovers
|-heal|p1a: PH ph ph pskii|50/100|[from] Grassy Terrain
|-heal|p1a: PH ph ph pskii|56/100|[from] item: Leftovers
|-damage|p2a: Ursaluna|24/100 psn|[from] psn
|-fieldend|move: Grassy Terrain
|upkeep
|turn|18
|
|t:|1758949275
|move|p2a: Ursaluna|Body Slam|p1a: PH ph ph pskii
|-damage|p1a: PH ph ph pskii|19/100
|move|p1a: PH ph ph pskii|Rest|p1a: PH ph ph pskii
|-status|p1a: PH ph ph pskii|slp|[from] move: Rest
|-heal|p1a: PH ph ph pskii|100/100 slp|[silent]
|
|-heal|p2a: Ursaluna|31/100 psn|[from] item: Leftovers
|-damage|p2a: Ursaluna|18/100 psn|[from] psn
|upkeep
|turn|19
|
|t:|1758949280
|move|p2a: Ursaluna|Body Slam|p1a: PH ph ph pskii
|-damage|p1a: PH ph ph pskii|67/100 slp
|cant|p1a: PH ph ph pskii|slp
|move|p1a: PH ph ph pskii|Sleep Talk|p1a: PH ph ph pskii
|move|p1a: PH ph ph pskii|Wave Crash|p2a: Ursaluna|[from] move: Sleep Talk
|-supereffective|p2a: Ursaluna
|-damage|p2a: Ursaluna|0 fnt
|faint|p2a: Ursaluna
|-damage|p1a: PH ph ph pskii|62/100 slp|[from] Recoil
|
|-heal|p1a: PH ph ph pskii|68/100 slp|[from] item: Leftovers
|upkeep
|
|t:|1758949284
|switch|p2a: Iron Crown|Iron Crown|100/100
|turn|20
|
|t:|1758949288
|move|p2a: Iron Crown|Psychic Noise|p1a: PH ph ph pskii
|-damage|p1a: PH ph ph pskii|35/100 slp
|-start|p1a: PH ph ph pskii|move: Heal Block
|cant|p1a: PH ph ph pskii|slp
|move|p1a: PH ph ph pskii|Sleep Talk|p1a: PH ph ph pskii
|move|p1a: PH ph ph pskii|Curse|p1a: PH ph ph pskii|[from] move: Sleep Talk
|-unboost|p1a: PH ph ph pskii|spe|1
|-boost|p1a: PH ph ph pskii|atk|1
|-boost|p1a: PH ph ph pskii|def|1
|
|upkeep
|turn|21
|inactive|Potatochan789 has 120 seconds left.
|
|t:|1758949326
|switch|p1a: Iron Treads|Iron Treads|100/100
|move|p2a: Iron Crown|Psychic Noise|p1a: Iron Treads
|-resisted|p1a: Iron Treads
|-damage|p1a: Iron Treads|78/100
|-start|p1a: Iron Treads|move: Heal Block
|
|upkeep
|turn|22
|
|t:|1758949332
|-end|p2a: Iron Crown|Quark Drive|[silent]
|switch|p2a: Rillaboom|Rillaboom, F, tera:Grass|31/100
|-status|p2a: Rillaboom|psn
|-fieldstart|move: Grassy Terrain|[from] ability: Grassy Surge|[of] p2a: Rillaboom
|move|p1a: Iron Treads|Stealth Rock|p2a: Rillaboom
|-sidestart|p2: vivek1245s|move: Stealth Rock
|
|-heal|p2a: Rillaboom|37/100 psn|[from] Grassy Terrain
|-damage|p2a: Rillaboom|25/100 psn|[from] psn
|-end|p1a: Iron Treads|move: Heal Block
|upkeep
|turn|23
|inactive|Potatochan789 has 120 seconds left.
|
|t:|1758949349
|move|p1a: Iron Treads|Protect|p1a: Iron Treads
|-singleturn|p1a: Iron Treads|Protect
|move|p2a: Rillaboom|Wood Hammer|p1a: Iron Treads
|-activate|p1a: Iron Treads|move: Protect
|
|-heal|p2a: Rillaboom|31/100 psn|[from] Grassy Terrain
|-heal|p1a: Iron Treads|84/100|[from] Grassy Terrain
|-heal|p1a: Iron Treads|90/100|[from] item: Leftovers
|-damage|p2a: Rillaboom|19/100 psn|[from] psn
|upkeep
|turn|24
|inactive|Potatochan789 has 120 seconds left.
|
|t:|1758949361
|-end|p1a: Iron Treads|Quark Drive|[silent]
|switch|p1a: PH ph ph pskii|Dondozo, M|35/100 slp
|move|p2a: Rillaboom|Wood Hammer|p1a: PH ph ph pskii
|-supereffective|p1a: PH ph ph pskii
|-damage|p1a: PH ph ph pskii|0 fnt
|faint|p1a: PH ph ph pskii
|-damage|p2a: Rillaboom|2/100 psn|[from] Recoil
|
|-heal|p2a: Rillaboom|8/100 psn|[from] Grassy Terrain
|-damage|p2a: Rillaboom|0 fnt|[from] psn
|faint|p2a: Rillaboom
|upkeep
|inactive|Potatochan789 has 120 seconds left.
|
|t:|1758949373
|switch|p2a: Enamorus|Enamorus, F|100/100
|switch|p1a: Blissey|Blissey, F|48/100
|-damage|p2a: Enamorus|76/100|[from] Stealth Rock
|turn|25
|inactive|Potatochan789 has 120 seconds left.
|
|t:|1758949406
|switch|p2a: Iron Crown|Iron Crown|100/100
|-damage|p2a: Iron Crown|94/100|[from] Stealth Rock
|switch|p1a: Weezing|Weezing-Galar, M|100/100
|-ability|p1a: Weezing|Neutralizing Gas
|
|-heal|p2a: Iron Crown|100/100|[from] Grassy Terrain
|upkeep
|turn|26
|
|t:|1758949414
|-end|p1a: Weezing|ability: Neutralizing Gas
|switch|p1a: Iron Treads|Iron Treads|90/100
|move|p2a: Iron Crown|Psychic Noise|p1a: Iron Treads
|-resisted|p1a: Iron Treads
|-damage|p1a: Iron Treads|69/100
|-start|p1a: Iron Treads|move: Heal Block
|
|-fieldend|move: Grassy Terrain
|upkeep
|turn|27
|
|t:|1758949424
|-end|p2a: Iron Crown|Quark Drive|[silent]
|switch|p2a: Raging Bolt|Raging Bolt|100/100
|-status|p2a: Raging Bolt|psn
|-damage|p2a: Raging Bolt|88/100 psn|[from] Stealth Rock
|-enditem|p2a: Raging Bolt|Booster Energy
|-activate|p2a: Raging Bolt|ability: Protosynthesis|[fromitem]
|-start|p2a: Raging Bolt|protosynthesisspa
|move|p1a: Iron Treads|Protect||[still]
|-fail|p1a: Iron Treads
|
|-damage|p2a: Raging Bolt|76/100 psn|[from] psn
|-end|p1a: Iron Treads|move: Heal Block
|upkeep
|turn|28
|
|t:|1758949432
|move|p1a: Iron Treads|Protect|p1a: Iron Treads
|-singleturn|p1a: Iron Treads|Protect
|move|p2a: Raging Bolt|Calm Mind|p2a: Raging Bolt
|-boost|p2a: Raging Bolt|spa|1
|-boost|p2a: Raging Bolt|spd|1
|
|-heal|p1a: Iron Treads|75/100|[from] item: Leftovers
|-damage|p2a: Raging Bolt|64/100 psn|[from] psn
|upkeep
|turn|29
|
|t:|1758949435
|move|p1a: Iron Treads|Earthquake|p2a: Raging Bolt
|-supereffective|p2a: Raging Bolt
|-damage|p2a: Raging Bolt|0 fnt
|faint|p2a: Raging Bolt
|-end|p2a: Raging Bolt|Protosynthesis|[silent]
|
|-heal|p1a: Iron Treads|81/100|[from] item: Leftovers
|upkeep
|
|t:|1758949438
|switch|p2a: Enamorus|Enamorus, F|76/100
|-damage|p2a: Enamorus|51/100|[from] Stealth Rock
|turn|30
|
|t:|1758949456
|switch|p2a: Iron Crown|Iron Crown|100/100
|-damage|p2a: Iron Crown|94/100|[from] Stealth Rock
|move|p1a: Iron Treads|Rapid Spin|p2a: Iron Crown
|-resisted|p2a: Iron Crown
|-damage|p2a: Iron Crown|87/100
|-boost|p1a: Iron Treads|spe|1
|
|-heal|p1a: Iron Treads|87/100|[from] item: Leftovers
|upkeep
|turn|31
|
|t:|1758949464
|move|p1a: Iron Treads|Protect|p1a: Iron Treads
|-singleturn|p1a: Iron Treads|Protect
|move|p2a: Iron Crown|Psyshock|p1a: Iron Treads
|-activate|p1a: Iron Treads|move: Protect
|
|-heal|p1a: Iron Treads|93/100|[from] item: Leftovers
|upkeep
|turn|32
|
|t:|1758949466
|move|p1a: Iron Treads|Earthquake|p2a: Iron Crown
|-supereffective|p2a: Iron Crown
|-damage|p2a: Iron Crown|1/100
|move|p2a: Iron Crown|Psyshock|p1a: Iron Treads
|-resisted|p1a: Iron Treads
|-damage|p1a: Iron Treads|68/100
|
|-heal|p1a: Iron Treads|74/100|[from] item: Leftovers
|upkeep
|turn|33
|-message|vivek1245s forfeited.
|
|win|Potatochan789
|raw|Potatochan789's rating: 1638 &rarr; <strong>1655</strong><br />(+17 for winning)
|raw|vivek1245s's rating: 1592 &rarr; <strong>1575</strong><br />(-17 for losing)
|l|☆Potatochan789
|player|p1|
