|j|☆wenjk
|j|‽Vvvvviiiiccccccc
|t:|1758975546
|gametype|singles
|player|p1|wenjk|102|1130
|player|p2|Vvvvviiiiccccccc|2|1177
|gen|9
|tier|[Gen 9] OU
|rated|
|rule|HP Percentage Mod: HP is shown in percentages
|rule|Endless Battle Clause: Forcing endless battles is banned
|rule|Species Clause: Limit one of each Pokémon
|rule|OHKO Clause: OHKO moves are banned
|rule|Evasion Items Clause: Evasion items are banned
|rule|Evasion Moves Clause: Evasion moves are banned
|rule|Evasion Abilities Clause: Evasion abilities are banned
|rule|Sleep Moves Clause: Sleep-inducing moves are banned
|clearpoke
|poke|p1|Glimmora, M|
|poke|p1|Landorus-Therian, M|
|poke|p1|Alomomola, F|
|poke|p1|Florges-White, F|
|poke|p1|Goodra-Hisui, M|
|poke|p1|Bellibolt, M|
|poke|p2|Venusaur, F|
|poke|p2|Ninetales, M|
|poke|p2|Moltres|
|poke|p2|Clefable, M|
|poke|p2|Great Tusk|
|poke|p2|Dragapult, F|
|teampreview
|
|t:|1758975559
|teamsize|p1|6
|teamsize|p2|6
|start
|switch|p1a: Florges|Florges-White, F|100/100
|switch|p2a: Venusaur|Venusaur, F|100/100
|turn|1
|
|t:|1758975570
|move|p2a: Venusaur|Sludge Bomb|p1a: Florges
|-supereffective|p1a: Florges
|-damage|p1a: Florges|45/100
|move|p1a: Florges|Psychic Noise|p2a: Venusaur
|-supereffective|p2a: Venusaur
|-damage|p2a: Venusaur|40/100
|-start|p2a: Venusaur|move: Heal Block
|
|upkeep
|turn|2
|
|t:|1758975581
|-terastallize|p1a: Florges|Steel
|move|p2a: Venusaur|Sludge Bomb|p1a: Florges
|-immune|p1a: Florges
|move|p1a: Florges|Psychic Noise|p2a: Venusaur
|-supereffective|p2a: Venusaur
|-damage|p2a: Venusaur|0 fnt
|faint|p2a: Venusaur
|
|upkeep
|
|t:|1758975587
|switch|p2a: Ninetales|Ninetales, M|100/100
|-weather|SunnyDay|[from] ability: Drought|[of] p2a: Ninetales
|turn|3
|
|t:|1758975604
|switch|p1a: Goodra|Goodra-Hisui, M|100/100
|move|p2a: Ninetales|Flamethrower|p1a: Goodra
|-damage|p1a: Goodra|75/100
|
|-weather|SunnyDay|[upkeep]
|-heal|p1a: Goodra|82/100|[from] item: Leftovers
|upkeep
|turn|4
|
|t:|1758975617
|move|p2a: Ninetales|Will-O-Wisp|p1a: Goodra
|-status|p1a: Goodra|brn
|move|p1a: Goodra|Acid Armor|p1a: Goodra
|-boost|p1a: Goodra|def|2
|
|-weather|SunnyDay|[upkeep]
|-heal|p1a: Goodra|88/100 brn|[from] item: Leftovers
|-damage|p1a: Goodra|82/100 brn|[from] brn
|upkeep
|turn|5
|
|t:|1758975637
|switch|p2a: Moltres|Moltres|100/100
|move|p1a: Goodra|Body Press|p2a: Moltres
|-resisted|p2a: Moltres
|-damage|p2a: Moltres|92/100
|
|-weather|SunnyDay|[upkeep]
|-heal|p1a: Goodra|88/100 brn|[from] item: Leftovers
|-damage|p1a: Goodra|82/100 brn|[from] brn
|upkeep
|turn|6
|
|t:|1758975648
|move|p2a: Moltres|Flamethrower|p1a: Goodra
|-damage|p1a: Goodra|42/100 brn
|move|p1a: Goodra|Dragon Tail|p2a: Moltres
|-damage|p2a: Moltres|84/100
|drag|p2a: Clefable|Clefable, M|100/100
|
|-weather|SunnyDay|[upkeep]
|-heal|p1a: Goodra|48/100 brn|[from] item: Leftovers
|-damage|p1a: Goodra|42/100 brn|[from] brn
|upkeep
|turn|7
|
|t:|1758975663
|move|p2a: Clefable|Cosmic Power|p2a: Clefable
|-boost|p2a: Clefable|def|1
|-boost|p2a: Clefable|spd|1
|move|p1a: Goodra|Gyro Ball|p2a: Clefable
|-supereffective|p2a: Clefable
|-damage|p2a: Clefable|93/100
|
|-weather|SunnyDay|[upkeep]
|-heal|p2a: Clefable|99/100|[from] item: Leftovers
|-heal|p1a: Goodra|48/100 brn|[from] item: Leftovers
|-damage|p1a: Goodra|42/100 brn|[from] brn
|upkeep
|turn|8
|
|t:|1758975678
|switch|p1a: Florges|Florges-White, F, tera:Steel|45/100
|move|p2a: Clefable|Cosmic Power|p2a: Clefable
|-boost|p2a: Clefable|def|1
|-boost|p2a: Clefable|spd|1
|
|-weather|SunnyDay|[upkeep]
|-heal|p2a: Clefable|100/100|[from] item: Leftovers
|upkeep
|turn|9
|
|t:|1758975695
|-terastallize|p2a: Clefable|Steel
|move|p1a: Florges|Draining Kiss|p2a: Clefable
|-resisted|p2a: Clefable
|-damage|p2a: Clefable|93/100
|-heal|p1a: Florges|53/100|[from] drain|[of] p2a: Clefable
|move|p2a: Clefable|Flamethrower|p1a: Florges
|-supereffective|p1a: Florges
|-damage|p1a: Florges|12/100
|
|-weather|SunnyDay|[upkeep]
|-heal|p2a: Clefable|99/100|[from] item: Leftovers
|upkeep
|turn|10
|
|t:|1758975709
|switch|p1a: Alomomola|Alomomola, F|100/100
|move|p2a: Clefable|Cosmic Power|p2a: Clefable
|-boost|p2a: Clefable|def|1
|-boost|p2a: Clefable|spd|1
|
|-weather|none
|-heal|p2a: Clefable|100/100|[from] item: Leftovers
|upkeep
|turn|11
|
|t:|1758975726
|move|p1a: Alomomola|Wish|p1a: Alomomola
|move|p2a: Clefable|Cosmic Power|p2a: Clefable
|-boost|p2a: Clefable|def|1
|-boost|p2a: Clefable|spd|1
|
|upkeep
|turn|12
|
|t:|1758975740
|move|p1a: Alomomola|Flip Turn|p2a: Clefable
|-damage|p2a: Clefable|94/100
|
|t:|1758975745
|switch|p1a: Florges|Florges-White, F, tera:Steel|12/100|[from] Flip Turn
|move|p2a: Clefable|Flamethrower|p1a: Florges
|-supereffective|p1a: Florges
|-crit|p1a: Florges
|-damage|p1a: Florges|0 fnt
|faint|p1a: Florges
|
|-heal|p2a: Clefable|100/100|[from] item: Leftovers
|upkeep
|
|t:|1758975758
|switch|p1a: Landorus|Landorus-Therian, M|100/100
|-ability|p1a: Landorus|Intimidate|boost
|-unboost|p2a: Clefable|atk|1
|turn|13
|
|t:|1758975765
|move|p1a: Landorus|Earthquake|p2a: Clefable
|-supereffective|p2a: Clefable
|-damage|p2a: Clefable|56/100
|move|p2a: Clefable|Cosmic Power|p2a: Clefable
|-boost|p2a: Clefable|def|1
|-boost|p2a: Clefable|spd|1
|
|-heal|p2a: Clefable|62/100|[from] item: Leftovers
|upkeep
|turn|14
|
|t:|1758975774
|move|p1a: Landorus|Earthquake|p2a: Clefable
|-supereffective|p2a: Clefable
|-damage|p2a: Clefable|20/100
|move|p2a: Clefable|Moonlight|p2a: Clefable
|-heal|p2a: Clefable|70/100
|
|-heal|p2a: Clefable|76/100|[from] item: Leftovers
|upkeep
|turn|15
|
|t:|1758975784
|move|p1a: Landorus|Earthquake|p2a: Clefable
|-supereffective|p2a: Clefable
|-damage|p2a: Clefable|32/100
|move|p2a: Clefable|Cosmic Power|p2a: Clefable
|-boost|p2a: Clefable|def|1
|-boost|p2a: Clefable|spd|1
|
|-heal|p2a: Clefable|38/100|[from] item: Leftovers
|upkeep
|turn|16
|
|t:|1758975794
|move|p1a: Landorus|Earthquake|p2a: Clefable
|-supereffective|p2a: Clefable
|-damage|p2a: Clefable|0 fnt
|faint|p2a: Clefable
|
|upkeep
|
|t:|1758975802
|switch|p2a: Ninetales|Ninetales, M|100/100
|-weather|SunnyDay|[from] ability: Drought|[of] p2a: Ninetales
|turn|17
|
|t:|1758975810
|switch|p1a: Glimmora|Glimmora, M|100/100
|move|p2a: Ninetales|Will-O-Wisp|p1a: Glimmora
|-status|p1a: Glimmora|brn
|
|-weather|SunnyDay|[upkeep]
|-damage|p1a: Glimmora|94/100 brn|[from] brn
|upkeep
|turn|18
|
|t:|1758975822
|switch|p2a: Great Tusk|Great Tusk|100/100
|-activate|p2a: Great Tusk|ability: Protosynthesis
|-start|p2a: Great Tusk|protosynthesisatk
|move|p1a: Glimmora|Earth Power|p2a: Great Tusk
|-crit|p2a: Great Tusk
|-damage|p2a: Great Tusk|40/100
|
|-weather|SunnyDay|[upkeep]
|-damage|p1a: Glimmora|88/100 brn|[from] brn
|upkeep
|turn|19
|
|t:|1758975838
|move|p1a: Glimmora|Dazzling Gleam|p2a: Great Tusk
|-supereffective|p2a: Great Tusk
|-damage|p2a: Great Tusk|0 fnt
|faint|p2a: Great Tusk
|-end|p2a: Great Tusk|Protosynthesis|[silent]
|
|-weather|SunnyDay|[upkeep]
|-damage|p1a: Glimmora|82/100 brn|[from] brn
|upkeep
|
|t:|1758975848
|switch|p2a: Dragapult|Dragapult, F|100/100
|turn|20
|
|t:|1758975857
|switch|p1a: Goodra|Goodra-Hisui, M|42/100 brn
|move|p2a: Dragapult|Dragon Darts|p1a: Goodra
|-damage|p1a: Goodra|14/100 brn
|-anim|p2a: Dragapult|Dragon Darts|p1a: Goodra
|-damage|p1a: Goodra|0 fnt
|faint|p1a: Goodra
|
|-weather|SunnyDay|[upkeep]
|upkeep
|
|t:|1758975869
|switch|p1a: Landorus|Landorus-Therian, M|100/100
|-ability|p1a: Landorus|Intimidate|boost
|-fail|p2a: Dragapult|unboost|[from] ability: Clear Body|[of] p2a: Dragapult
|turn|21
|
|t:|1758975874
|move|p1a: Landorus|Crunch|p2a: Dragapult
|-supereffective|p2a: Dragapult
|-damage|p2a: Dragapult|9/100
|move|p2a: Dragapult|Dragon Darts|p1a: Landorus
|-damage|p1a: Landorus|53/100
|-anim|p2a: Dragapult|Dragon Darts|p1a: Landorus
|-damage|p1a: Landorus|4/100
|
|-weather|SunnyDay|[upkeep]
|upkeep
|turn|22
|
|t:|1758975887
|switch|p2a: Moltres|Moltres|84/100
|move|p1a: Landorus|Crunch|p2a: Moltres
|-damage|p2a: Moltres|61/100
|-status|p1a: Landorus|brn|[from] ability: Flame Body|[of] p2a: Moltres
|
|-weather|SunnyDay|[upkeep]
|-damage|p1a: Landorus|0 fnt|[from] brn
|faint|p1a: Landorus
|upkeep
|
|t:|1758975898
|switch|p1a: Bellibolt|Bellibolt, M|100/100
|turn|23
|
|t:|1758975908
|move|p2a: Moltres|Flamethrower|p1a: Bellibolt
|-damage|p1a: Bellibolt|56/100
|-start|p1a: Bellibolt|Charge|Flamethrower|[from] ability: Electromorphosis
|move|p1a: Bellibolt|Parabolic Charge|p2a: Moltres
|-supereffective|p2a: Moltres
|-damage|p2a: Moltres|0 fnt
|-heal|p1a: Bellibolt|87/100|[from] drain|[of] p2a: Moltres
|faint|p2a: Moltres
|-end|p1a: Bellibolt|Charge|[silent]
|
|-weather|SunnyDay|[upkeep]
|upkeep
|
|t:|1758975920
|switch|p2a: Ninetales|Ninetales, M|100/100
|turn|24
|
|t:|1758975925
|move|p2a: Ninetales|Will-O-Wisp|p1a: Bellibolt
|-status|p1a: Bellibolt|brn
|move|p1a: Bellibolt|Parabolic Charge|p2a: Ninetales
|-damage|p2a: Ninetales|79/100
|-heal|p1a: Bellibolt|98/100 brn|[from] drain|[of] p2a: Ninetales
|
|-weather|none
|-damage|p1a: Bellibolt|92/100 brn|[from] brn
|upkeep
|turn|25
|
|t:|1758975937
|move|p2a: Ninetales|Flamethrower|p1a: Bellibolt
|-damage|p1a: Bellibolt|72/100 brn
|-start|p1a: Bellibolt|Charge|Flamethrower|[from] ability: Electromorphosis
|move|p1a: Bellibolt|Muddy Water|p2a: Ninetales
|-supereffective|p2a: Ninetales
|-damage|p2a: Ninetales|35/100
|
|-damage|p1a: Bellibolt|65/100 brn|[from] brn
|upkeep
|turn|26
|
|t:|1758975949
|move|p2a: Ninetales|Healing Wish|p2a: Ninetales
|faint|p2a: Ninetales
|move|p1a: Bellibolt|Parabolic Charge|p2: Ninetales|[notarget]
|-fail|p1a: Bellibolt
|-end|p1a: Bellibolt|Charge|[silent]
|
|-damage|p1a: Bellibolt|59/100 brn|[from] brn
|upkeep
|
|t:|1758975956
|switch|p2a: Dragapult|Dragapult, F|9/100
|-heal|p2a: Dragapult|100/100|[from] move: Healing Wish
|turn|27
|
|t:|1758975963
|move|p2a: Dragapult|Dragon Darts|p1a: Bellibolt
|-damage|p1a: Bellibolt|28/100 brn
|-start|p1a: Bellibolt|Charge|Dragon Darts|[from] ability: Electromorphosis
|-anim|p2a: Dragapult|Dragon Darts|p1a: Bellibolt
|-crit|p1a: Bellibolt
|-damage|p1a: Bellibolt|0 fnt
|faint|p1a: Bellibolt
|
|upkeep
|
|t:|1758975973
|switch|p1a: Alomomola|Alomomola, F|100/100
|turn|28
|
|t:|1758975978
|move|p2a: Dragapult|Dragon Darts|p1a: Alomomola
|-damage|p1a: Alomomola|79/100
|-anim|p2a: Dragapult|Dragon Darts|p1a: Alomomola
|-damage|p1a: Alomomola|58/100
|move|p1a: Alomomola|Healing Wish|p1a: Alomomola
|faint|p1a: Alomomola
|
|upkeep
|
|t:|1758975986
|switch|p1a: Glimmora|Glimmora, M|82/100 brn
|-heal|p1a: Glimmora|100/100|[from] move: Healing Wish
|turn|29
|
|t:|1758975991
|move|p2a: Dragapult|Dragon Darts|p1a: Glimmora
|-damage|p1a: Glimmora|54/100
|-activate|p1a: Glimmora|ability: Toxic Debris
|-sidestart|p2: Vvvvviiiiccccccc|move: Toxic Spikes
|-anim|p2a: Dragapult|Dragon Darts|p1a: Glimmora
|-damage|p1a: Glimmora|9/100
|-activate|p1a: Glimmora|ability: Toxic Debris
|-sidestart|p2: Vvvvviiiiccccccc|move: Toxic Spikes
|move|p1a: Glimmora|Dazzling Gleam|p2a: Dragapult
|-supereffective|p2a: Dragapult
|-damage|p2a: Dragapult|27/100
|
|upkeep
|turn|30
|
|t:|1758976004
|move|p2a: Dragapult|Dragon Darts|p1a: Glimmora
|-damage|p1a: Glimmora|0 fnt
|faint|p1a: Glimmora
|
|win|Vvvvviiiiccccccc
|raw|wenjk's rating: 1130 &rarr; <strong>1108</strong><br />(-22 for losing)
|raw|Vvvvviiiiccccccc's rating: 1177 &rarr; <strong>1199</strong><br />(+22 for winning)
|l|☆wenjk
|player|p1|
|l|‽Vvvvviiiiccccccc
|player|p2|
