|j|☆Akiki47
|j|☆pokemon rosso
|t:|1758928512
|gametype|singles
|player|p1|Akiki47|cynthia|1079
|player|p2|pokemon rosso|101|1061
|gen|9
|tier|[Gen 9] OU
|rated|
|rule|HP Percentage Mod: HP is shown in percentages
|rule|Endless Battle Clause: Forcing endless battles is banned
|rule|Species Clause: Limit one of each Pokémon
|rule|OHKO Clause: OHKO moves are banned
|rule|Evasion Items Clause: Evasion items are banned
|rule|Evasion Moves Clause: Evasion moves are banned
|rule|Evasion Abilities Clause: Evasion abilities are banned
|rule|Sleep Moves Clause: Sleep-inducing moves are banned
|clearpoke
|poke|p1|Garganacl, F|
|poke|p1|Ogerpon-Wellspring, F|
|poke|p1|Kingambit, M|
|poke|p1|Dragapult, M|
|poke|p1|Zamazenta-*|
|poke|p1|Great Tusk|
|poke|p2|Dunsparce, M|
|poke|p2|Hitmonchan, M|
|poke|p2|Uxie|
|poke|p2|Grimmsnarl, M|
|poke|p2|Kingdra, F|
|poke|p2|Golurk|
|teampreview
|inactive|Battle timer is ON: inactive players will automatically lose when time's up. (requested by Akiki47)
|
|t:|1758928533
|teamsize|p1|6
|teamsize|p2|6
|start
|switch|p1a: Great Tusk|Great Tusk|100/100
|switch|p2a: Hitmonchan|Hitmonchan, M|100/100
|turn|1
|
|t:|1758928541
|move|p1a: Great Tusk|Stealth Rock|p2a: Hitmonchan
|-sidestart|p2: pokemon rosso|move: Stealth Rock
|move|p2a: Hitmonchan|Bulk Up|p2a: Hitmonchan
|-boost|p2a: Hitmonchan|atk|1
|-boost|p2a: Hitmonchan|def|1
|
|upkeep
|turn|2
|inactive|Akiki47 has 120 seconds left.
|
|t:|1758928576
|move|p1a: Great Tusk|Thunder Fang|p2a: Hitmonchan
|-damage|p2a: Hitmonchan|80/100
|move|p2a: Hitmonchan|Drain Punch|p1a: Great Tusk
|-damage|p1a: Great Tusk|63/100
|-heal|p2a: Hitmonchan|100/100|[from] drain|[of] p1a: Great Tusk
|
|-heal|p1a: Great Tusk|70/100|[from] item: Leftovers
|upkeep
|turn|3
|
|t:|1758928584
|move|p1a: Great Tusk|Thunder Fang|p2a: Hitmonchan
|-damage|p2a: Hitmonchan|81/100
|move|p2a: Hitmonchan|Ice Punch|p1a: Great Tusk
|-supereffective|p1a: Great Tusk
|-damage|p1a: Great Tusk|12/100
|
|-heal|p1a: Great Tusk|18/100|[from] item: Leftovers
|upkeep
|turn|4
|inactive|Akiki47 has 120 seconds left.
|
|t:|1758928601
|-end|p1a: Great Tusk|Protosynthesis|[silent]
|switch|p1a: Zamazenta|Zamazenta|100/100
|-ability|p1a: Zamazenta|Dauntless Shield|boost
|-boost|p1a: Zamazenta|def|1
|move|p2a: Hitmonchan|Bulk Up|p2a: Hitmonchan
|-boost|p2a: Hitmonchan|atk|1
|-boost|p2a: Hitmonchan|def|1
|
|upkeep
|turn|5
|
|t:|1758928612
|move|p1a: Zamazenta|Close Combat|p2a: Hitmonchan
|-damage|p2a: Hitmonchan|50/100
|-unboost|p1a: Zamazenta|def|1
|-unboost|p1a: Zamazenta|spd|1
|move|p2a: Hitmonchan|Drain Punch|p1a: Zamazenta
|-damage|p1a: Zamazenta|48/100
|-heal|p2a: Hitmonchan|84/100|[from] drain|[of] p1a: Zamazenta
|
|-heal|p1a: Zamazenta|54/100|[from] item: Leftovers
|upkeep
|turn|6
|
|t:|1758928624
|move|p1a: Zamazenta|Close Combat|p2a: Hitmonchan
|-damage|p2a: Hitmonchan|52/100
|-unboost|p1a: Zamazenta|def|1
|-unboost|p1a: Zamazenta|spd|1
|move|p2a: Hitmonchan|Drain Punch|p1a: Zamazenta
|-damage|p1a: Zamazenta|0 fnt
|-heal|p2a: Hitmonchan|87/100|[from] drain|[of] p1a: Zamazenta
|faint|p1a: Zamazenta
|
|upkeep
|inactive|Akiki47 has 120 seconds left.
|
|t:|1758928634
|switch|p1a: Garganacl|Garganacl, F|100/100
|turn|7
|
|t:|1758928638
|-terastallize|p1a: Garganacl|Grass
|move|p2a: Hitmonchan|Drain Punch|p1a: Garganacl
|-damage|p1a: Garganacl|43/100
|-heal|p2a: Hitmonchan|100/100|[from] drain|[of] p1a: Garganacl
|move|p1a: Garganacl|Zen Headbutt|p2a: Hitmonchan
|-supereffective|p2a: Hitmonchan
|-damage|p2a: Hitmonchan|67/100
|
|-heal|p1a: Garganacl|49/100|[from] item: Leftovers
|upkeep
|turn|8
|
|t:|1758928648
|move|p2a: Hitmonchan|Drain Punch|p1a: Garganacl
|-damage|p1a: Garganacl|0 fnt
|-heal|p2a: Hitmonchan|95/100|[from] drain|[of] p1a: Garganacl
|faint|p1a: Garganacl
|
|upkeep
|-message|Akiki47 forfeited.
|
|win|pokemon rosso
|raw|Akiki47's rating: 1079 &rarr; <strong>1056</strong><br />(-23 for losing)
|raw|pokemon rosso's rating: 1061 &rarr; <strong>1093</strong><br />(+32 for winning)
|l|☆Akiki47
|player|p1|
|l|☆pokemon rosso
|player|p2|
