|j|☆ggqqsas
|j|☆Gattuso74
|t:|1758953451
|gametype|singles
|player|p1|ggqqsas|102|1207
|player|p2|Gattuso74|silver-gen2kanto|1187
|gen|9
|tier|[Gen 9] OU
|rated|
|rule|HP Percentage Mod: HP is shown in percentages
|rule|Endless Battle Clause: Forcing endless battles is banned
|rule|Species Clause: Limit one of each Pokémon
|rule|OHKO Clause: OHKO moves are banned
|rule|Evasion Items Clause: Evasion items are banned
|rule|Evasion Moves Clause: Evasion moves are banned
|rule|Evasion Abilities Clause: Evasion abilities are banned
|rule|Sleep Moves Clause: Sleep-inducing moves are banned
|clearpoke
|poke|p1|Ting-Lu|
|poke|p1|Rotom-Wash|
|poke|p1|Araquanid, F|
|poke|p1|Corviknight, F|
|poke|p1|Glimmora, F|
|poke|p1|Kingambit, F|
|poke|p2|Dragonite, M|
|poke|p2|Toxicroak, M|
|poke|p2|Umbreon, F|
|poke|p2|Quagsire, M|
|poke|p2|Infernape, M|
|poke|p2|Mienshao, M|
|teampreview
|inactive|Battle timer is ON: inactive players will automatically lose when time's up. (requested by Gattuso74)
|
|t:|1758953454
|teamsize|p1|6
|teamsize|p2|6
|start
|switch|p1a: Rotom|Rotom-Wash|100/100
|switch|p2a: Mienshao|Mienshao, M|100/100
|turn|1
|
|t:|1758953461
|move|p2a: Mienshao|U-turn|p1a: Rotom
|-damage|p1a: Rotom|65/100
|
|t:|1758953464
|switch|p2a: Quagsire|Quagsire, M|100/100|[from] U-turn
|move|p1a: Rotom|Will-O-Wisp|p2a: Quagsire
|-status|p2a: Quagsire|brn
|
|-heal|p1a: Rotom|71/100|[from] item: Leftovers
|-damage|p2a: Quagsire|94/100 brn|[from] brn
|upkeep
|turn|2
|
|t:|1758953475
|move|p1a: Rotom|Shadow Ball|p2a: Quagsire
|-damage|p2a: Quagsire|70/100 brn
|-unboost|p2a: Quagsire|spd|1
|move|p2a: Quagsire|Stealth Rock|p1a: Rotom
|-sidestart|p1: ggqqsas|move: Stealth Rock
|
|-heal|p1a: Rotom|77/100|[from] item: Leftovers
|-damage|p2a: Quagsire|64/100 brn|[from] brn
|upkeep
|turn|3
|
|t:|1758953486
|move|p1a: Rotom|Shadow Ball|p2a: Quagsire
|-damage|p2a: Quagsire|31/100 brn
|move|p2a: Quagsire|Toxic|p1a: Rotom
|-status|p1a: Rotom|tox
|
|-heal|p1a: Rotom|83/100 tox|[from] item: Leftovers
|-damage|p1a: Rotom|77/100 tox|[from] psn
|-damage|p2a: Quagsire|25/100 brn|[from] brn
|upkeep
|turn|4
|
|t:|1758953497
|move|p1a: Rotom|Shadow Ball|p2a: Quagsire
|-damage|p2a: Quagsire|0 fnt
|faint|p2a: Quagsire
|
|-heal|p1a: Rotom|83/100 tox|[from] item: Leftovers
|-damage|p1a: Rotom|71/100 tox|[from] psn
|upkeep
|
|t:|1758953506
|switch|p2a: Toxicroak|Toxicroak, M, shiny|100/100
|turn|5
|
|t:|1758953510
|move|p2a: Toxicroak|Fake Out|p1a: Rotom
|-damage|p1a: Rotom|52/100 tox
|cant|p1a: Rotom|flinch
|
|-heal|p1a: Rotom|59/100 tox|[from] item: Leftovers
|-damage|p1a: Rotom|40/100 tox|[from] psn
|upkeep
|turn|6
|
|t:|1758953518
|switch|p2a: Infernape|Infernape, M|100/100
|move|p1a: Rotom|Will-O-Wisp|p2a: Infernape
|-immune|p2a: Infernape
|
|-heal|p1a: Rotom|46/100 tox|[from] item: Leftovers
|-damage|p1a: Rotom|21/100 tox|[from] psn
|upkeep
|turn|7
|
|t:|1758953528
|move|p2a: Infernape|Aura Sphere|p1a: Rotom
|-damage|p1a: Rotom|0 fnt
|faint|p1a: Rotom
|-damage|p2a: Infernape|91/100|[from] item: Life Orb
|
|upkeep
|
|t:|1758953532
|switch|p1a: Araquanid|Araquanid, F|100/100
|turn|8
|
|t:|1758953538
|switch|p2a: Toxicroak|Toxicroak, M, shiny|100/100
|move|p1a: Araquanid|Sticky Web|p2a: Toxicroak
|-sidestart|p2: Gattuso74|move: Sticky Web
|
|upkeep
|turn|9
|
|t:|1758953544
|move|p2a: Toxicroak|Poison Jab|p1a: Araquanid
|-crit|p1a: Araquanid
|-damage|p1a: Araquanid|39/100
|move|p1a: Araquanid|Trailblaze|p2a: Toxicroak
|-resisted|p2a: Toxicroak
|-damage|p2a: Toxicroak|90/100
|-boost|p1a: Araquanid|spe|1
|
|upkeep
|turn|10
|
|t:|1758953553
|move|p2a: Toxicroak|Poison Jab|p1a: Araquanid
|-damage|p1a: Araquanid|0 fnt
|faint|p1a: Araquanid
|
|upkeep
|
|t:|1758953556
|switch|p1a: Corviknight|Corviknight, F|100/100
|turn|11
|inactive|ggqqsas has 120 seconds left.
|
|t:|1758953588
|switch|p2a: Umbreon|Umbreon, F|100/100
|-activate|p2a: Umbreon|move: Sticky Web
|-unboost|p2a: Umbreon|spe|1
|move|p1a: Corviknight|Bulk Up|p1a: Corviknight
|-boost|p1a: Corviknight|atk|1
|-boost|p1a: Corviknight|def|1
|
|upkeep
|turn|12
|
|t:|1758953597
|switch|p2a: Infernape|Infernape, M|91/100
|-activate|p2a: Infernape|move: Sticky Web
|-unboost|p2a: Infernape|spe|1
|move|p1a: Corviknight|Agility|p1a: Corviknight
|-boost|p1a: Corviknight|spe|2
|
|upkeep
|turn|13
|
|t:|1758953608
|-terastallize|p2a: Infernape|Fire
|move|p1a: Corviknight|Bulk Up|p1a: Corviknight
|-boost|p1a: Corviknight|atk|1
|-boost|p1a: Corviknight|def|1
|move|p2a: Infernape|Flamethrower|p1a: Corviknight
|-supereffective|p1a: Corviknight
|-damage|p1a: Corviknight|0 fnt
|faint|p1a: Corviknight
|-damage|p2a: Infernape|81/100|[from] item: Life Orb
|
|upkeep
|
|t:|1758953615
|switch|p1a: Ting-Lu|Ting-Lu|100/100
|-ability|p1a: Ting-Lu|Vessel of Ruin
|turn|14
|
|t:|1758953625
|switch|p2a: Toxicroak|Toxicroak, M, shiny|90/100
|-activate|p2a: Toxicroak|move: Sticky Web
|-unboost|p2a: Toxicroak|spe|1
|move|p1a: Ting-Lu|Stealth Rock|p2a: Toxicroak
|-sidestart|p2: Gattuso74|move: Stealth Rock
|
|upkeep
|turn|15
|
|t:|1758953633
|move|p2a: Toxicroak|Low Kick|p1a: Ting-Lu
|-supereffective|p1a: Ting-Lu
|-damage|p1a: Ting-Lu|35/100
|move|p1a: Ting-Lu|Throat Chop|p2a: Toxicroak
|-resisted|p2a: Toxicroak
|-damage|p2a: Toxicroak|57/100
|-start|p2a: Toxicroak|Throat Chop|[silent]
|
|upkeep
|turn|16
|
|t:|1758953657
|move|p2a: Toxicroak|Low Kick|p1a: Ting-Lu
|-supereffective|p1a: Ting-Lu
|-damage|p1a: Ting-Lu|0 fnt
|faint|p1a: Ting-Lu
|
|-end|p2a: Toxicroak|Throat Chop|[silent]
|upkeep
|
|t:|1758953659
|switch|p1a: Glimmora|Glimmora, F|100/100
|-damage|p1a: Glimmora|88/100|[from] Stealth Rock
|turn|17
|
|t:|1758953668
|move|p1a: Glimmora|Spikes|p2a: Toxicroak
|-sidestart|p2: Gattuso74|Spikes
|move|p2a: Toxicroak|Low Kick|p1a: Glimmora
|-damage|p1a: Glimmora|55/100
|-activate|p1a: Glimmora|ability: Toxic Debris
|-sidestart|p2: Gattuso74|move: Toxic Spikes
|
|upkeep
|turn|18
|
|t:|1758953675
|move|p1a: Glimmora|Spikes|p2a: Toxicroak
|-sidestart|p2: Gattuso74|Spikes
|move|p2a: Toxicroak|Low Kick|p1a: Glimmora
|-damage|p1a: Glimmora|17/100
|-activate|p1a: Glimmora|ability: Toxic Debris
|-sidestart|p2: Gattuso74|move: Toxic Spikes
|
|upkeep
|turn|19
|
|t:|1758953683
|move|p1a: Glimmora|Spikes|p2a: Toxicroak
|-sidestart|p2: Gattuso74|Spikes
|move|p2a: Toxicroak|Low Kick|p1a: Glimmora
|-damage|p1a: Glimmora|0 fnt
|faint|p1a: Glimmora
|
|upkeep
|
|t:|1758953685
|switch|p1a: Kingambit|Kingambit, F|100/100
|-activate|p1a: Kingambit|ability: Supreme Overlord
|-start|p1a: Kingambit|fallen5|[silent]
|turn|20
|
|t:|1758953693
|move|p1a: Kingambit|Sucker Punch|p2a: Toxicroak
|-resisted|p2a: Toxicroak
|-damage|p2a: Toxicroak|10/100
|move|p2a: Toxicroak|Low Kick|p1a: Kingambit
|-supereffective|p1a: Kingambit
|-damage|p1a: Kingambit|0 fnt
|faint|p1a: Kingambit
|-end|p1a: Kingambit|fallen5|[silent]
|
|win|Gattuso74
|raw|ggqqsas's rating: 1207 &rarr; <strong>1181</strong><br />(-26 for losing)
|raw|Gattuso74's rating: 1187 &rarr; <strong>1213</strong><br />(+26 for winning)
|l|☆ggqqsas
|player|p1|
|l|☆Gattuso74
|player|p2|
