|j|☆Ai Specialist 144
|j|☆naicker2000
|t:|1759002672
|gametype|singles
|player|p1|Ai Specialist 144|marley|1358
|player|p2|naicker2000|rocketgruntf|1301
|gen|9
|tier|[Gen 9] OU
|rated|
|rule|HP Percentage Mod: HP is shown in percentages
|rule|Endless Battle Clause: Forcing endless battles is banned
|rule|Species Clause: Limit one of each Pokémon
|rule|OHKO Clause: OHKO moves are banned
|rule|Evasion Items Clause: Evasion items are banned
|rule|Evasion Moves Clause: Evasion moves are banned
|rule|Evasion Abilities Clause: Evasion abilities are banned
|rule|Sleep Moves Clause: Sleep-inducing moves are banned
|clearpoke
|poke|p1|Iron Valiant|
|poke|p1|Dragonite, M|
|poke|p1|Gholdengo|
|poke|p1|Darkrai|
|poke|p1|Excadrill, M|
|poke|p1|Ogerpon-Wellspring, F|
|poke|p2|Pelipper, M|
|poke|p2|Beartic, F|
|poke|p2|Barraskewda, F|
|poke|p2|Ogerpon-Wellspring, F|
|poke|p2|Zapdos|
|poke|p2|Hatterene, F|
|teampreview
|
|t:|1759002681
|teamsize|p1|6
|teamsize|p2|6
|start
|switch|p1a: HUN73R🩸|Darkrai, shiny|100/100
|switch|p2a: sami zayn|Pelipper, M|100/100
|-weather|RainDance|[from] ability: Drizzle|[of] p2a: sami zayn
|turn|1
|inactive|Battle timer is ON: inactive players will automatically lose when time's up. (requested by Ai Specialist 144)
|
|t:|1759002690
|move|p1a: HUN73R🩸|Dark Pulse|p2a: sami zayn
|-damage|p2a: sami zayn|35/100
|move|p2a: sami zayn|U-turn|p1a: HUN73R🩸
|-supereffective|p1a: HUN73R🩸
|-damage|p1a: HUN73R🩸|76/100
|
|t:|1759002697
|switch|p2a: becky lynch|Barraskewda, F|100/100|[from] U-turn
|
|-weather|RainDance|[upkeep]
|upkeep
|turn|2
|
|t:|1759002704
|switch|p1a: 401 K 💵|Gholdengo, shiny|100/100
|-item|p1a: 401 K 💵|Air Balloon
|move|p2a: becky lynch|Close Combat|p1a: 401 K 💵
|-immune|p1a: 401 K 💵
|
|-weather|RainDance|[upkeep]
|upkeep
|turn|3
|
|t:|1759002714
|move|p2a: becky lynch|Liquidation|p1a: 401 K 💵
|-damage|p1a: 401 K 💵|0 fnt
|-enditem|p1a: 401 K 💵|Air Balloon
|faint|p1a: 401 K 💵
|
|-weather|RainDance|[upkeep]
|upkeep
|
|t:|1759002723
|switch|p1a: 0.G.👑|Dragonite, M, shiny|100/100
|turn|4
|
|t:|1759002726
|move|p2a: becky lynch|Flip Turn|p1a: 0.G.👑
|-resisted|p1a: 0.G.👑
|-damage|p1a: 0.G.👑|84/100
|
|t:|1759002730
|switch|p2a: aj lee|Hatterene, F|100/100|[from] Flip Turn
|move|p1a: 0.G.👑|Dragon Dance|p1a: 0.G.👑
|-boost|p1a: 0.G.👑|atk|1
|-boost|p1a: 0.G.👑|spe|1
|
|-weather|RainDance|[upkeep]
|upkeep
|turn|5
|
|t:|1759002739
|switch|p1a: G047 🐑|Excadrill, M, shiny|100/100
|-ability|p1a: G047 🐑|Mold Breaker
|move|p2a: aj lee|Draining Kiss|p1a: G047 🐑
|-resisted|p1a: G047 🐑
|-damage|p1a: G047 🐑|84/100
|
|-weather|RainDance|[upkeep]
|upkeep
|turn|6
|
|t:|1759002750
|move|p1a: G047 🐑|Stealth Rock|p2a: aj lee
|-sidestart|p2: naicker2000|move: Stealth Rock
|move|p2a: aj lee|Mystical Fire|p1a: G047 🐑
|-supereffective|p1a: G047 🐑
|-damage|p1a: G047 🐑|56/100
|-unboost|p1a: G047 🐑|spa|1
|
|-weather|RainDance|[upkeep]
|upkeep
|turn|7
|
|t:|1759002760
|move|p1a: G047 🐑|Earthquake|p2a: aj lee
|-damage|p2a: aj lee|61/100
|-enditem|p2a: aj lee|Eject Button
|
|t:|1759002767
|switch|p2a: becky lynch|Barraskewda, F|100/100
|-damage|p2a: becky lynch|88/100|[from] Stealth Rock
|
|-weather|RainDance|[upkeep]
|upkeep
|turn|8
|
|t:|1759002778
|-terastallize|p1a: G047 🐑|Ghost
|move|p2a: becky lynch|Flip Turn|p1a: G047 🐑
|-damage|p1a: G047 🐑|0 fnt
|faint|p1a: G047 🐑
|
|t:|1759002786
|switch|p2a: cm punk|Zapdos|100/100|[from] Flip Turn
|-damage|p2a: cm punk|76/100|[from] Stealth Rock
|
|-weather|none
|upkeep
|
|t:|1759002798
|switch|p1a: HUN73R🩸|Darkrai, shiny|76/100
|turn|9
|
|t:|1759002804
|move|p1a: HUN73R🩸|Ice Beam|p2a: cm punk
|-supereffective|p2a: cm punk
|-damage|p2a: cm punk|20/100
|move|p2a: cm punk|Volt Switch|p1a: HUN73R🩸
|-damage|p1a: HUN73R🩸|24/100
|
|t:|1759002810
|switch|p2a: sami zayn|Pelipper, M|35/100|[from] Volt Switch
|-damage|p2a: sami zayn|10/100|[from] Stealth Rock
|-weather|RainDance|[from] ability: Drizzle|[of] p2a: sami zayn
|
|-weather|RainDance|[upkeep]
|upkeep
|turn|10
|
|t:|1759002830
|move|p1a: HUN73R🩸|Ice Beam|p2a: sami zayn
|-damage|p2a: sami zayn|0 fnt
|faint|p2a: sami zayn
|
|-weather|RainDance|[upkeep]
|upkeep
|
|t:|1759002841
|switch|p2a: Brock lesnar|Beartic, F|100/100
|-damage|p2a: Brock lesnar|76/100|[from] Stealth Rock
|turn|11
|
|t:|1759002861
|move|p1a: HUN73R🩸|Sucker Punch|p2a: Brock lesnar
|-crit|p2a: Brock lesnar
|-damage|p2a: Brock lesnar|33/100
|move|p2a: Brock lesnar|Icicle Spear|p1a: HUN73R🩸
|-damage|p1a: HUN73R🩸|8/100
|-damage|p1a: HUN73R🩸|0 fnt
|faint|p1a: HUN73R🩸
|-hitcount|p1: HUN73R🩸|2
|
|-weather|RainDance|[upkeep]
|upkeep
|inactive|Ai Specialist 144 has 120 seconds left.
|
|t:|1759002876
|switch|p1a: 0.G.👑|Dragonite, M, shiny|84/100
|turn|12
|
|t:|1759002879
|move|p1a: 0.G.👑|Extreme Speed|p2a: Brock lesnar
|-damage|p2a: Brock lesnar|0 fnt
|faint|p2a: Brock lesnar
|
|-weather|RainDance|[upkeep]
|upkeep
|
|t:|1759002892
|switch|p2a: seth rollins|Ogerpon-Wellspring, F|100/100
|-damage|p2a: seth rollins|88/100|[from] Stealth Rock
|turn|13
|
|t:|1759002914
|-terastallize|p2a: seth rollins|Water
|detailschange|p2a: seth rollins|Ogerpon-Wellspring-Tera, F, tera:Water
|-ability|p2a: seth rollins|Embody Aspect (Wellspring)|boost
|-boost|p2a: seth rollins|spd|1
|move|p1a: 0.G.👑|Extreme Speed|p2a: seth rollins
|-damage|p2a: seth rollins|46/100
|move|p2a: seth rollins|Ivy Cudgel|p1a: 0.G.👑|[anim] Ivy Cudgel Water
|-resisted|p1a: 0.G.👑
|-damage|p1a: 0.G.👑|19/100
|
|-weather|RainDance|[upkeep]
|upkeep
|turn|14
|
|t:|1759002926
|move|p1a: 0.G.👑|Extreme Speed|p2a: seth rollins
|-damage|p2a: seth rollins|2/100
|move|p2a: seth rollins|Ivy Cudgel|p1a: 0.G.👑|[anim] Ivy Cudgel Water
|-resisted|p1a: 0.G.👑
|-damage|p1a: 0.G.👑|0 fnt
|faint|p1a: 0.G.👑
|
|-weather|RainDance|[upkeep]
|upkeep
|
|t:|1759002936
|switch|p1a: S4iL0R M0on 🌙|Iron Valiant, shiny|100/100
|-enditem|p1a: S4iL0R M0on 🌙|Booster Energy
|-activate|p1a: S4iL0R M0on 🌙|ability: Quark Drive|[fromitem]
|-start|p1a: S4iL0R M0on 🌙|quarkdrivespe
|turn|15
|
|t:|1759002943
|move|p1a: S4iL0R M0on 🌙|Moonblast|p2a: seth rollins
|-damage|p2a: seth rollins|0 fnt
|faint|p2a: seth rollins
|detailschange|p2: seth rollins|Ogerpon-Wellspring, F|[silent]
|
|-weather|RainDance|[upkeep]
|upkeep
|
|t:|1759002950
|switch|p2a: becky lynch|Barraskewda, F|88/100
|-damage|p2a: becky lynch|76/100|[from] Stealth Rock
|turn|16
|
|t:|1759002955
|-end|p1a: S4iL0R M0on 🌙|Quark Drive|[silent]
|switch|p1a: M47R1X|Ogerpon-Wellspring, F|100/100
|move|p2a: becky lynch|Liquidation|p1a: M47R1X
|-immune|p1a: M47R1X|[from] ability: Water Absorb
|
|-weather|none
|upkeep
|turn|17
|
|t:|1759002965
|move|p2a: becky lynch|Poison Jab|p1a: M47R1X
|-supereffective|p1a: M47R1X
|-damage|p1a: M47R1X|28/100
|move|p1a: M47R1X|Horn Leech|p2a: becky lynch
|-supereffective|p2a: becky lynch
|-damage|p2a: becky lynch|0 fnt
|-heal|p1a: M47R1X|61/100|[from] drain|[of] p2a: becky lynch
|faint|p2a: becky lynch
|
|upkeep
|
|t:|1759002973
|switch|p2a: aj lee|Hatterene, F|61/100
|-damage|p2a: aj lee|48/100|[from] Stealth Rock
|turn|18
|
|t:|1759002979
|move|p1a: M47R1X|Ivy Cudgel|p2a: aj lee|[anim] Ivy Cudgel Water
|-damage|p2a: aj lee|1/100
|move|p2a: aj lee|Healing Wish|p2a: aj lee
|faint|p2a: aj lee
|
|upkeep
|
|t:|1759002984
|switch|p2a: cm punk|Zapdos|20/100
|-heal|p2a: cm punk|100/100|[from] move: Healing Wish
|-damage|p2a: cm punk|76/100|[from] Stealth Rock
|turn|19
|
|t:|1759002991
|move|p1a: M47R1X|Ivy Cudgel|p2a: cm punk|[anim] Ivy Cudgel Water
|-damage|p2a: cm punk|8/100
|move|p2a: cm punk|Volt Switch|p1a: M47R1X
|-damage|p1a: M47R1X|22/100
|
|upkeep
|turn|20
|
|t:|1759002998
|move|p1a: M47R1X|Ivy Cudgel|p2a: cm punk|[anim] Ivy Cudgel Water
|-damage|p2a: cm punk|0 fnt
|faint|p2a: cm punk
|
|win|Ai Specialist 144
|raw|Ai Specialist 144's rating: 1358 &rarr; <strong>1375</strong><br />(+17 for winning)
|raw|naicker2000's rating: 1301 &rarr; <strong>1284</strong><br />(-17 for losing)
|l|☆naicker2000
|player|p2|
