|j|☆Kyellosion
|j|☆Siroperation
|t:|1759032596
|gametype|singles
|player|p1|Kyellosion|jupiter|1466
|player|p2|Siroperation|170|1417
|gen|9
|tier|[Gen 9] OU
|rated|
|rule|HP Percentage Mod: HP is shown in percentages
|rule|Endless Battle Clause: Forcing endless battles is banned
|rule|Species Clause: Limit one of each Pokémon
|rule|OHKO Clause: OHKO moves are banned
|rule|Evasion Items Clause: Evasion items are banned
|rule|Evasion Moves Clause: Evasion moves are banned
|rule|Evasion Abilities Clause: Evasion abilities are banned
|rule|Sleep Moves Clause: Sleep-inducing moves are banned
|clearpoke
|poke|p1|Toucannon, F|
|poke|p1|Dragonite, F|
|poke|p1|Zamazenta-*|
|poke|p1|Iron Treads|
|poke|p1|Zapdos|
|poke|p1|Primarina, M|
|poke|p2|Conkeldurr, M|
|poke|p2|Slowking-Galar, F|
|poke|p2|Cyclizar, M|
|poke|p2|Gliscor, F|
|poke|p2|Clefable, F|
|poke|p2|Gholdengo|
|teampreview
|inactive|Battle timer is ON: inactive players will automatically lose when time's up. (requested by Kyellosion)
|
|t:|1759032651
|teamsize|p1|6
|teamsize|p2|6
|start
|switch|p1a: Shirahoshi|Primarina, M|100/100
|switch|p2a: Clefable|Clefable, F|100/100
|turn|1
|
|t:|1759032656
|move|p2a: Clefable|Stealth Rock|p1a: Shirahoshi
|-sidestart|p1: Kyellosion|move: Stealth Rock
|move|p1a: Shirahoshi|Psychic Noise|p2a: Clefable
|-damage|p2a: Clefable|60/100
|-start|p2a: Clefable|move: Heal Block
|
|upkeep
|turn|2
|
|t:|1759032662
|switch|p2a: Slowking|Slowking-Galar, F|100/100
|move|p1a: Shirahoshi|Flip Turn|p2a: Slowking
|-damage|p2a: Slowking|85/100
|
|t:|1759032671
|switch|p1a: Eustass Kid|Iron Treads|100/100|[from] Flip Turn
|-damage|p1a: Eustass Kid|98/100|[from] Stealth Rock
|-item|p1a: Eustass Kid|Air Balloon
|
|upkeep
|turn|3
|
|t:|1759032676
|move|p1a: Eustass Kid|Knock Off|p2a: Slowking
|-supereffective|p2a: Slowking
|-damage|p2a: Slowking|21/100
|-enditem|p2a: Slowking|Heavy-Duty Boots|[from] move: Knock Off|[of] p1a: Eustass Kid
|move|p2a: Slowking|Flamethrower|p1a: Eustass Kid
|-supereffective|p1a: Eustass Kid
|-damage|p1a: Eustass Kid|37/100
|-enditem|p1a: Eustass Kid|Air Balloon
|
|upkeep
|turn|4
|
|t:|1759032685
|switch|p2a: Gholdengo|Gholdengo, shiny|100/100
|-item|p2a: Gholdengo|Air Balloon
|move|p1a: Eustass Kid|Rapid Spin|p2a: Gholdengo
|-immune|p2a: Gholdengo
|
|upkeep
|turn|5
|
|t:|1759032705
|-end|p1a: Eustass Kid|Quark Drive|[silent]
|switch|p1a: Franky|Toucannon, F|100/100
|-damage|p1a: Franky|76/100|[from] Stealth Rock
|switch|p2a: Cyclizar|Cyclizar, M, shiny|100/100
|
|upkeep
|turn|6
|
|t:|1759032729
|switch|p2a: Gliscor|Gliscor, F|100/100
|-singleturn|p1a: Franky|move: Beak Blast
|move|p1a: Franky|Beak Blast|p2a: Gliscor
|-crit|p2a: Gliscor
|-damage|p2a: Gliscor|53/100
|
|-status|p2a: Gliscor|tox|[from] item: Toxic Orb
|upkeep
|turn|7
|inactive|Siroperation has 120 seconds left.
|
|t:|1759032755
|switch|p1a: Eustass Kid|Iron Treads|37/100
|-damage|p1a: Eustass Kid|34/100|[from] Stealth Rock
|move|p2a: Gliscor|Knock Off|p1a: Eustass Kid
|-damage|p1a: Eustass Kid|21/100
|
|-heal|p2a: Gliscor|65/100 tox|[from] ability: Poison Heal
|upkeep
|turn|8
|inactive|Siroperation has 90 seconds left.
|
|t:|1759032791
|switch|p2a: Conkeldurr|Conkeldurr, M|100/100
|move|p1a: Eustass Kid|Ice Spinner|p2a: Conkeldurr
|-damage|p2a: Conkeldurr|79/100
|
|-status|p2a: Conkeldurr|brn|[from] item: Flame Orb
|upkeep
|turn|9
|
|t:|1759032807
|-end|p1a: Eustass Kid|Quark Drive|[silent]
|switch|p1a: Enel|Zapdos|100/100
|-damage|p1a: Enel|76/100|[from] Stealth Rock
|move|p2a: Conkeldurr|Mach Punch|p1a: Enel
|-resisted|p1a: Enel
|-damage|p1a: Enel|53/100
|
|-damage|p2a: Conkeldurr|73/100 brn|[from] brn
|upkeep
|turn|10
|
|t:|1759032819
|switch|p2a: Slowking|Slowking-Galar, F|55/100
|move|p1a: Enel|Hurricane|p2a: Slowking|[miss]
|-miss|p1a: Enel|p2a: Slowking
|
|upkeep
|turn|11
|
|t:|1759032823
|move|p1a: Enel|Hurricane|p2a: Slowking
|-damage|p2a: Slowking|4/100
|-prepare|p2a: Slowking|Chilly Reception|[premajor]
|move|p2a: Slowking|Chilly Reception|p2a: Slowking
|-weather|Snowscape
|
|t:|1759032842
|switch|p2a: Cyclizar|Cyclizar, M, shiny|100/100|[from] Chilly Reception
|
|-weather|Snowscape|[upkeep]
|upkeep
|turn|12
|
|t:|1759032858
|switch|p1a: Shirahoshi|Primarina, M|100/100
|-damage|p1a: Shirahoshi|88/100|[from] Stealth Rock
|move|p2a: Cyclizar|Knock Off|p1a: Shirahoshi
|-resisted|p1a: Shirahoshi
|-damage|p1a: Shirahoshi|76/100
|-enditem|p1a: Shirahoshi|Assault Vest|[from] move: Knock Off|[of] p2a: Cyclizar
|
|-weather|Snowscape|[upkeep]
|upkeep
|turn|13
|
|t:|1759032864
|switch|p2a: Slowking|Slowking-Galar, F|37/100
|move|p1a: Shirahoshi|Psychic Noise|p2a: Slowking
|-damage|p2a: Slowking|10/100
|-start|p2a: Slowking|move: Heal Block
|
|-weather|Snowscape|[upkeep]
|upkeep
|turn|14
|inactive|Siroperation has 90 seconds left.
|
|t:|1759032889
|switch|p2a: Clefable|Clefable, F|60/100
|move|p1a: Shirahoshi|Moonblast|p2a: Clefable
|-damage|p2a: Clefable|9/100
|-unboost|p2a: Clefable|spa|1
|
|-weather|Snowscape|[upkeep]
|-heal|p2a: Clefable|15/100|[from] item: Leftovers
|upkeep
|turn|15
|
|t:|1759032899
|move|p2a: Clefable|Wish|p2a: Clefable
|move|p1a: Shirahoshi|Moonblast|p2a: Clefable
|-damage|p2a: Clefable|0 fnt
|faint|p2a: Clefable
|
|-weather|none
|upkeep
|inactive|Siroperation has 90 seconds left.
|
|t:|1759032914
|switch|p2a: Slowking|Slowking-Galar, F|43/100
|turn|16
|
|t:|1759032923
|move|p1a: Shirahoshi|Psychic Noise|p2a: Slowking
|-damage|p2a: Slowking|17/100
|-start|p2a: Slowking|move: Heal Block
|move|p2a: Slowking|Sludge Bomb|p1a: Shirahoshi
|-supereffective|p1a: Shirahoshi
|-damage|p1a: Shirahoshi|18/100
|
|upkeep
|turn|17
|inactive|Siroperation has 90 seconds left.
|
|t:|1759032957
|switch|p2a: Cyclizar|Cyclizar, M, shiny|100/100
|move|p1a: Shirahoshi|Flip Turn|p2a: Cyclizar
|-resisted|p2a: Cyclizar
|-damage|p2a: Cyclizar|91/100
|
|t:|1759032977
|switch|p1a: Shanks|Zamazenta|100/100|[from] Flip Turn
|-damage|p1a: Shanks|94/100|[from] Stealth Rock
|-ability|p1a: Shanks|Dauntless Shield|boost
|-boost|p1a: Shanks|def|1
|
|upkeep
|turn|18
|
|t:|1759032988
|switch|p2a: Gholdengo|Gholdengo, shiny|100/100
|-item|p2a: Gholdengo|Air Balloon
|move|p1a: Shanks|Crunch|p2a: Gholdengo
|-supereffective|p2a: Gholdengo
|-damage|p2a: Gholdengo|47/100
|-enditem|p2a: Gholdengo|Air Balloon
|
|upkeep
|turn|19
|inactive|Kyellosion has 120 seconds left.
|inactive|Siroperation has 60 seconds left.
|
|t:|1759033025
|-terastallize|p2a: Gholdengo|Flying
|move|p1a: Shanks|Crunch|p2a: Gholdengo
|-damage|p2a: Gholdengo|18/100
|move|p2a: Gholdengo|Recover|p2a: Gholdengo
|-heal|p2a: Gholdengo|68/100
|
|upkeep
|turn|20
|inactive|Kyellosion has 120 seconds left.
|
|t:|1759033035
|switch|p1a: Franky|Toucannon, F|76/100
|-damage|p1a: Franky|51/100|[from] Stealth Rock
|move|p2a: Gholdengo|Thunder Wave|p1a: Franky
|-status|p1a: Franky|par
|
|upkeep
|turn|21
|inactive|Kyellosion has 120 seconds left.
|
|t:|1759033051
|move|p2a: Gholdengo|Make It Rain|p1a: Franky
|-damage|p1a: Franky|10/100 par
|-unboost|p2a: Gholdengo|spa|1
|move|p1a: Franky|Rock Blast|p2a: Gholdengo
|-supereffective|p2a: Gholdengo
|-damage|p2a: Gholdengo|54/100
|-supereffective|p2a: Gholdengo
|-damage|p2a: Gholdengo|39/100
|-supereffective|p2a: Gholdengo
|-damage|p2a: Gholdengo|27/100
|-supereffective|p2a: Gholdengo
|-damage|p2a: Gholdengo|13/100
|-supereffective|p2a: Gholdengo
|-damage|p2a: Gholdengo|0 fnt
|faint|p2a: Gholdengo
|-hitcount|p2: Gholdengo|5
|
|upkeep
|inactive|Siroperation has 60 seconds left.
|
|t:|1759033063
|switch|p2a: Slowking|Slowking-Galar, F|50/100
|turn|22
|inactive|Kyellosion has 120 seconds left.
|
|t:|1759033075
|switch|p2a: Cyclizar|Cyclizar, M, shiny|100/100
|move|p1a: Franky|Knock Off|p2a: Cyclizar
|-damage|p2a: Cyclizar|54/100
|-enditem|p2a: Cyclizar|Heavy-Duty Boots|[from] move: Knock Off|[of] p1a: Franky
|
|upkeep
|turn|23
|inactive|Kyellosion has 120 seconds left.
|
|t:|1759033081
|-singleturn|p1a: Franky|move: Beak Blast
|move|p2a: Cyclizar|Knock Off|p1a: Franky
|-damage|p1a: Franky|0 fnt
|-status|p2a: Cyclizar|brn
|-enditem|p1a: Franky|Assault Vest|[from] move: Knock Off|[of] p2a: Cyclizar
|faint|p1a: Franky
|
|-damage|p2a: Cyclizar|48/100 brn|[from] brn
|upkeep
|inactive|Kyellosion has 120 seconds left.
|
|t:|1759033098
|switch|p1a: Eustass Kid|Iron Treads|21/100
|-damage|p1a: Eustass Kid|18/100|[from] Stealth Rock
|turn|24
|
|t:|1759033101
|move|p2a: Cyclizar|Overheat|p1a: Eustass Kid|[miss]
|-miss|p2a: Cyclizar|p1a: Eustass Kid
|move|p1a: Eustass Kid|Rapid Spin|p2a: Cyclizar
|-damage|p2a: Cyclizar|30/100 brn
|-boost|p1a: Eustass Kid|spe|1
|-sideend|p1: Kyellosion|Stealth Rock|[from] move: Rapid Spin|[of] p1a: Eustass Kid
|
|-damage|p2a: Cyclizar|24/100 brn|[from] brn
|upkeep
|turn|25
|inactive|Kyellosion has 120 seconds left.
|
|t:|1759033118
|-end|p1a: Eustass Kid|Quark Drive|[silent]
|switch|p1a: Shirahoshi|Primarina, M|18/100
|switch|p2a: Conkeldurr|Conkeldurr, M|73/100 brn
|
|-damage|p2a: Conkeldurr|67/100 brn|[from] brn
|upkeep
|turn|26
|inactive|Kyellosion has 120 seconds left.
|
|t:|1759033125
|move|p2a: Conkeldurr|Mach Punch|p1a: Shirahoshi
|-resisted|p1a: Shirahoshi
|-damage|p1a: Shirahoshi|0 fnt
|faint|p1a: Shirahoshi
|
|-damage|p2a: Conkeldurr|61/100 brn|[from] brn
|upkeep
|inactive|Kyellosion has 120 seconds left.
|
|t:|1759033134
|switch|p1a: Enel|Zapdos|53/100
|turn|27
|inactive|Siroperation has 120 seconds left.
|
|t:|1759033150
|switch|p2a: Cyclizar|Cyclizar, M, shiny|57/100 brn
|move|p1a: Enel|Hurricane|p2a: Cyclizar|[miss]
|-miss|p1a: Enel|p2a: Cyclizar
|
|-damage|p2a: Cyclizar|51/100 brn|[from] brn
|upkeep
|turn|28
|
|t:|1759033158
|switch|p1a: Eustass Kid|Iron Treads|18/100
|move|p2a: Cyclizar|Overheat|p1a: Eustass Kid
|-supereffective|p1a: Eustass Kid
|-damage|p1a: Eustass Kid|0 fnt
|-unboost|p2a: Cyclizar|spa|2
|faint|p1a: Eustass Kid
|-end|p1a: Eustass Kid|Quark Drive|[silent]
|
|-damage|p2a: Cyclizar|45/100 brn|[from] brn
|upkeep
|
|t:|1759033162
|switch|p1a: Monkey D. nite|Dragonite, F|100/100
|turn|29
|
|t:|1759033165
|move|p2a: Cyclizar|U-turn|p1a: Monkey D. nite
|-resisted|p1a: Monkey D. nite
|-damage|p1a: Monkey D. nite|98/100
|
|t:|1759033167
|switch|p2a: Gliscor|Gliscor, F|65/100 tox|[from] U-turn
|move|p1a: Monkey D. nite|Dragon Dance|p1a: Monkey D. nite
|-boost|p1a: Monkey D. nite|atk|1
|-boost|p1a: Monkey D. nite|spe|1
|
|-heal|p2a: Gliscor|78/100 tox|[from] ability: Poison Heal
|upkeep
|turn|30
|
|t:|1759033183
|switch|p1a: Enel|Zapdos|53/100
|move|p2a: Gliscor|Toxic|p1a: Enel
|-status|p1a: Enel|tox
|
|-damage|p1a: Enel|46/100 tox|[from] psn
|-heal|p2a: Gliscor|90/100 tox|[from] ability: Poison Heal
|upkeep
|turn|31
|
|t:|1759033193
|switch|p2a: Slowking|Slowking-Galar, F|83/100
|move|p1a: Enel|Hurricane|p2a: Slowking
|-damage|p2a: Slowking|34/100
|
|-damage|p1a: Enel|34/100 tox|[from] psn
|upkeep
|turn|32
|
|t:|1759033200
|switch|p2a: Cyclizar|Cyclizar, M, shiny|78/100 brn
|move|p1a: Enel|Hurricane|p2a: Cyclizar
|-damage|p2a: Cyclizar|0 fnt
|faint|p2a: Cyclizar
|
|-damage|p1a: Enel|15/100 tox|[from] psn
|upkeep
|
|t:|1759033209
|switch|p2a: Conkeldurr|Conkeldurr, M|61/100 brn
|turn|33
|
|t:|1759033218
|move|p2a: Conkeldurr|Mach Punch|p1a: Enel
|-resisted|p1a: Enel
|-damage|p1a: Enel|0 fnt
|faint|p1a: Enel
|
|-damage|p2a: Conkeldurr|55/100 brn|[from] brn
|upkeep
|
|t:|1759033220
|switch|p1a: Monkey D. nite|Dragonite, F|98/100
|turn|34
|
|t:|1759033235
|move|p1a: Monkey D. nite|Scale Shot|p2a: Conkeldurr
|-damage|p2a: Conkeldurr|43/100 brn
|-damage|p2a: Conkeldurr|29/100 brn
|-damage|p2a: Conkeldurr|15/100 brn
|-damage|p2a: Conkeldurr|3/100 brn
|-damage|p2a: Conkeldurr|0 fnt
|faint|p2a: Conkeldurr
|-hitcount|p2: Conkeldurr|5
|-unboost|p1a: Monkey D. nite|def|1
|-boost|p1a: Monkey D. nite|spe|1
|
|upkeep
|
|t:|1759033245
|switch|p2a: Gliscor|Gliscor, F|90/100 tox
|turn|35
|
|t:|1759033264
|move|p1a: Monkey D. nite|Scale Shot|p2a: Gliscor
|-damage|p2a: Gliscor|81/100 tox
|-damage|p2a: Gliscor|71/100 tox
|-damage|p2a: Gliscor|63/100 tox
|-damage|p2a: Gliscor|54/100 tox
|-crit|p2a: Gliscor
|-damage|p2a: Gliscor|40/100 tox
|-hitcount|p2a: Gliscor|5
|-unboost|p1a: Monkey D. nite|def|1
|-boost|p1a: Monkey D. nite|spe|1
|move|p2a: Gliscor|Toxic|p1a: Monkey D. nite
|-status|p1a: Monkey D. nite|tox
|
|-damage|p1a: Monkey D. nite|92/100 tox|[from] psn
|-heal|p2a: Gliscor|52/100 tox|[from] ability: Poison Heal
|upkeep
|turn|36
|
|t:|1759033282
|move|p1a: Monkey D. nite|Dragon Dance|p1a: Monkey D. nite
|-boost|p1a: Monkey D. nite|atk|1
|-boost|p1a: Monkey D. nite|spe|1
|move|p2a: Gliscor|Knock Off|p1a: Monkey D. nite
|-damage|p1a: Monkey D. nite|43/100 tox
|-enditem|p1a: Monkey D. nite|Loaded Dice|[from] move: Knock Off|[of] p2a: Gliscor
|
|-damage|p1a: Monkey D. nite|30/100 tox|[from] psn
|-heal|p2a: Gliscor|65/100 tox|[from] ability: Poison Heal
|upkeep
|turn|37
|
|t:|1759033294
|move|p2a: Gliscor|Protect|p2a: Gliscor
|-singleturn|p2a: Gliscor|Protect
|move|p1a: Monkey D. nite|Scale Shot|p2a: Gliscor
|-activate|p2a: Gliscor|move: Protect
|
|-damage|p1a: Monkey D. nite|12/100 tox|[from] psn
|-heal|p2a: Gliscor|77/100 tox|[from] ability: Poison Heal
|upkeep
|turn|38
|
|t:|1759033303
|move|p2a: Gliscor|Protect||[still]
|-fail|p2a: Gliscor
|move|p1a: Monkey D. nite|Scale Shot|p2a: Gliscor
|-damage|p2a: Gliscor|63/100 tox
|-damage|p2a: Gliscor|49/100 tox
|-damage|p2a: Gliscor|36/100 tox
|-hitcount|p2a: Gliscor|3
|-unboost|p1a: Monkey D. nite|def|1
|-boost|p1a: Monkey D. nite|spe|1
|
|-damage|p1a: Monkey D. nite|0 fnt|[from] psn
|faint|p1a: Monkey D. nite
|-heal|p2a: Gliscor|49/100 tox|[from] ability: Poison Heal
|upkeep
|
|t:|1759033317
|switch|p1a: Shanks|Zamazenta|94/100
|turn|39
|
|t:|1759033332
|move|p1a: Shanks|Ice Fang|p2a: Gliscor
|-supereffective|p2a: Gliscor
|-damage|p2a: Gliscor|0 fnt
|faint|p2a: Gliscor
|
|upkeep
|
|t:|1759033335
|switch|p2a: Slowking|Slowking-Galar, F|67/100
|turn|40
|
|t:|1759033338
|-terastallize|p1a: Shanks|Fire
|move|p1a: Shanks|Ice Fang|p2a: Slowking
|-damage|p2a: Slowking|37/100
|move|p2a: Slowking|Future Sight|p1a: Shanks
|-start|p2a: Slowking|move: Future Sight
|
|upkeep
|turn|41
|
|t:|1759033344
|move|p1a: Shanks|Ice Fang|p2a: Slowking
|-damage|p2a: Slowking|1/100
|move|p2a: Slowking|Sludge Bomb|p1a: Shanks
|-damage|p1a: Shanks|61/100
|
|upkeep
|turn|42
|
|t:|1759033351
|move|p1a: Shanks|Ice Fang|p2a: Slowking
|-damage|p2a: Slowking|0 fnt
|faint|p2a: Slowking
|
|win|Kyellosion
|raw|Kyellosion's rating: 1466 &rarr; <strong>1483</strong><br />(+17 for winning)
|raw|Siroperation's rating: 1417 &rarr; <strong>1400</strong><br />(-17 for losing)
|l|☆Siroperation
|player|p2|
|c|☆Kyellosion|Gg
|l|☆Kyellosion
|player|p1|
