|j|☆jhghjkhipkjnlp
|j|☆ilytrix
|t:|1759034205
|gametype|singles
|player|p1|jhghjkhipkjnlp|169|1646
|player|p2|ilytrix|n-masters|1714
|gen|9
|tier|[Gen 9] OU
|rated|
|rule|HP Percentage Mod: HP is shown in percentages
|rule|Endless Battle Clause: Forcing endless battles is banned
|rule|Species Clause: Limit one of each Pokémon
|rule|OHKO Clause: OHKO moves are banned
|rule|Evasion Items Clause: Evasion items are banned
|rule|Evasion Moves Clause: Evasion moves are banned
|rule|Evasion Abilities Clause: Evasion abilities are banned
|rule|Sleep Moves Clause: Sleep-inducing moves are banned
|clearpoke
|poke|p1|Kingambit, M|
|poke|p1|Great Tusk|
|poke|p1|Moltres|
|poke|p1|Dragonite, F|
|poke|p1|Primarina, M|
|poke|p1|Deoxys-Speed|
|poke|p2|Ogerpon-Wellspring, F|
|poke|p2|Raging Bolt|
|poke|p2|Latias, F|
|poke|p2|Kyurem|
|poke|p2|Ninetales-Alola, F|
|poke|p2|Iron Moth|
|teampreview
|
|t:|1759034226
|teamsize|p1|6
|teamsize|p2|6
|start
|switch|p1a: Deoxys|Deoxys-Speed|100/100
|switch|p2a: Ogerpon|Ogerpon-Wellspring, F|100/100
|-ability|p1a: Deoxys|Pressure
|turn|1
|
|t:|1759034234
|move|p1a: Deoxys|Psycho Boost|p2a: Ogerpon
|-damage|p2a: Ogerpon|31/100
|-unboost|p1a: Deoxys|spa|2
|move|p2a: Ogerpon|Swords Dance|p2a: Ogerpon
|-boost|p2a: Ogerpon|atk|2
|
|upkeep
|turn|2
|
|t:|1759034242
|move|p1a: Deoxys|Psycho Boost|p2a: Ogerpon
|-damage|p2a: Ogerpon|0 fnt
|-unboost|p1a: Deoxys|spa|2
|faint|p2a: Ogerpon
|
|upkeep
|
|t:|1759034246
|switch|p2a: Latias|Latias, F|100/100
|turn|3
|
|t:|1759034252
|switch|p1a: Siren|Primarina, M|100/100
|move|p2a: Latias|Agility|p2a: Latias
|-boost|p2a: Latias|spe|2
|
|upkeep
|turn|4
|
|t:|1759034260
|-terastallize|p2a: Latias|Steel
|move|p2a: Latias|Calm Mind|p2a: Latias
|-boost|p2a: Latias|spa|1
|-boost|p2a: Latias|spd|1
|move|p1a: Siren|Moonblast|p2a: Latias
|-resisted|p2a: Latias
|-damage|p2a: Latias|83/100
|
|-heal|p2a: Latias|89/100|[from] item: Leftovers
|upkeep
|turn|5
|
|t:|1759034270
|switch|p1a: Meruem|Kingambit, M|100/100
|move|p2a: Latias|Calm Mind|p2a: Latias
|-boost|p2a: Latias|spa|1
|-boost|p2a: Latias|spd|1
|
|-heal|p2a: Latias|95/100|[from] item: Leftovers
|upkeep
|turn|6
|
|t:|1759034279
|move|p2a: Latias|Aura Sphere|p1a: Meruem
|-supereffective|p1a: Meruem
|-damage|p1a: Meruem|0 fnt
|faint|p1a: Meruem
|-end|p1a: Meruem|fallenundefined|[silent]
|
|-heal|p2a: Latias|100/100|[from] item: Leftovers
|upkeep
|
|t:|1759034294
|switch|p1a: Deoxys|Deoxys-Speed|100/100
|-ability|p1a: Deoxys|Pressure
|turn|7
|
|t:|1759034298
|move|p2a: Latias|Stored Power|p1a: Deoxys
|-resisted|p1a: Deoxys
|-damage|p1a: Deoxys|0 fnt
|faint|p1a: Deoxys
|
|upkeep
|
|t:|1759034306
|switch|p1a: Moltres|Moltres|100/100
|turn|8
|
|t:|1759034310
|move|p2a: Latias|Stored Power|p1a: Moltres
|-damage|p1a: Moltres|0 fnt
|faint|p1a: Moltres
|
|upkeep
|
|t:|1759034325
|switch|p1a: Siren|Primarina, M|100/100
|turn|9
|
|t:|1759034329
|move|p2a: Latias|Stored Power|p1a: Siren
|-damage|p1a: Siren|12/100
|move|p1a: Siren|Moonblast|p2a: Latias
|-resisted|p2a: Latias
|-damage|p2a: Latias|88/100
|
|-heal|p2a: Latias|94/100|[from] item: Leftovers
|upkeep
|turn|10
|
|t:|1759034338
|move|p2a: Latias|Stored Power|p1a: Siren
|-damage|p1a: Siren|0 fnt
|faint|p1a: Siren
|
|-heal|p2a: Latias|99/100|[from] item: Leftovers
|upkeep
|
|t:|1759034344
|switch|p1a: Anomaly|Great Tusk|100/100
|-enditem|p1a: Anomaly|Booster Energy
|-activate|p1a: Anomaly|ability: Protosynthesis|[fromitem]
|-start|p1a: Anomaly|protosynthesisatk
|turn|11
|
|t:|1759034351
|move|p2a: Latias|Stored Power|p1a: Anomaly
|-supereffective|p1a: Anomaly
|-damage|p1a: Anomaly|0 fnt
|faint|p1a: Anomaly
|-end|p1a: Anomaly|Protosynthesis|[silent]
|
|-heal|p2a: Latias|100/100|[from] item: Leftovers
|upkeep
|
|t:|1759034357
|switch|p1a: Yoshi|Dragonite, F|100/100
|turn|12
|
|t:|1759034366
|move|p2a: Latias|Stored Power|p1a: Yoshi
|-damage|p1a: Yoshi|24/100
|move|p1a: Yoshi|Fire Punch|p2a: Latias
|-supereffective|p2a: Latias
|-damage|p2a: Latias|0 fnt
|faint|p2a: Latias
|
|upkeep
|j| Mwoon
|
|t:|1759034373
|switch|p2a: rng my ahh|Kyurem|100/100
|-ability|p2a: rng my ahh|Pressure
|turn|13
|
|t:|1759034379
|-terastallize|p1a: Yoshi|Normal
|move|p2a: rng my ahh|Icicle Spear|p1a: Yoshi
|-damage|p1a: Yoshi|10/100
|-damage|p1a: Yoshi|0 fnt
|faint|p1a: Yoshi
|-hitcount|p1: Yoshi|2
|
|win|ilytrix
|raw|jhghjkhipkjnlp's rating: 1646 &rarr; <strong>1630</strong><br />(-16 for losing)
|raw|ilytrix's rating: 1714 &rarr; <strong>1730</strong><br />(+16 for winning)
|l|☆ilytrix
|player|p2|
|l|☆jhghjkhipkjnlp
|player|p1|
