|j|☆Chris466
|j|☆LizardJam13
|t:|1758940329
|gametype|singles
|player|p1|Chris466|red|1355
|player|p2|LizardJam13|clerkf|1352
|gen|9
|tier|[Gen 9] OU
|rated|
|rule|HP Percentage Mod: HP is shown in percentages
|rule|Endless Battle Clause: Forcing endless battles is banned
|rule|Species Clause: Limit one of each Pokémon
|rule|OHKO Clause: OHKO moves are banned
|rule|Evasion Items Clause: Evasion items are banned
|rule|Evasion Moves Clause: Evasion moves are banned
|rule|Evasion Abilities Clause: Evasion abilities are banned
|rule|Sleep Moves Clause: Sleep-inducing moves are banned
|clearpoke
|poke|p1|Primarina, F|
|poke|p1|Cyclizar, M|
|poke|p1|Landorus-Therian, M|
|poke|p1|Slowking-Galar, F|
|poke|p1|Okidogi, M|
|poke|p1|Rillaboom, M|
|poke|p2|Ogerpon-Wellspring, F|
|poke|p2|Dragapult, F|
|poke|p2|Zapdos|
|poke|p2|Tinkaton, F|
|poke|p2|Great Tusk|
|poke|p2|Kingambit, M|
|teampreview
|inactive|Battle timer is ON: inactive players will automatically lose when time's up. (requested by LizardJam13)
|
|t:|1758940341
|teamsize|p1|6
|teamsize|p2|6
|start
|switch|p1a: Slowking|Slowking-Galar, F|100/100
|switch|p2a: Hammer Time|Tinkaton, F|100/100
|turn|1
|
|t:|1758940346
|move|p2a: Hammer Time|Thunder Wave|p1a: Slowking
|-status|p1a: Slowking|par
|cant|p1a: Slowking|par
|
|upkeep
|turn|2
|
|t:|1758940352
|move|p2a: Hammer Time|Knock Off|p1a: Slowking
|-supereffective|p1a: Slowking
|-damage|p1a: Slowking|62/100 par
|-enditem|p1a: Slowking|Heavy-Duty Boots|[from] move: Knock Off|[of] p2a: Hammer Time
|move|p1a: Slowking|Toxic Spikes|p2a: Hammer Time
|-sidestart|p2: LizardJam13|move: Toxic Spikes
|
|upkeep
|turn|3
|
|t:|1758940358
|move|p2a: Hammer Time|Stealth Rock|p1a: Slowking
|-sidestart|p1: Chris466|move: Stealth Rock
|-prepare|p1a: Slowking|Chilly Reception|[premajor]
|move|p1a: Slowking|Chilly Reception|p1a: Slowking
|-weather|Snowscape
|
|t:|1758940366
|switch|p1a: Landorus|Landorus-Therian, M|100/100|[from] Chilly Reception
|-damage|p1a: Landorus|88/100|[from] Stealth Rock
|-ability|p1a: Landorus|Intimidate|boost
|-unboost|p2a: Hammer Time|atk|1
|
|-weather|Snowscape|[upkeep]
|upkeep
|turn|4
|
|t:|1758940371
|move|p1a: Landorus|Stealth Rock|p2a: Hammer Time
|-sidestart|p2: LizardJam13|move: Stealth Rock
|move|p2a: Hammer Time|Knock Off|p1a: Landorus
|-damage|p1a: Landorus|74/100
|-damage|p2a: Hammer Time|84/100|[from] item: Rocky Helmet|[of] p1a: Landorus
|-enditem|p1a: Landorus|Rocky Helmet|[from] move: Knock Off|[of] p2a: Hammer Time
|
|-weather|Snowscape|[upkeep]
|-heal|p2a: Hammer Time|90/100|[from] item: Leftovers
|upkeep
|turn|5
|
|t:|1758940376
|move|p1a: Landorus|Earth Power|p2a: Hammer Time
|-supereffective|p2a: Hammer Time
|-damage|p2a: Hammer Time|34/100
|move|p2a: Hammer Time|Thunder Wave|p1a: Landorus
|-immune|p1a: Landorus
|
|-weather|Snowscape|[upkeep]
|-heal|p2a: Hammer Time|40/100|[from] item: Leftovers
|upkeep
|turn|6
|
|t:|1758940391
|switch|p2a: Mammoth Graveyard|Great Tusk|100/100
|-status|p2a: Mammoth Graveyard|psn
|-damage|p2a: Mammoth Graveyard|98/100 psn|[from] Stealth Rock
|-enditem|p2a: Mammoth Graveyard|Booster Energy
|-activate|p2a: Mammoth Graveyard|ability: Protosynthesis|[fromitem]
|-start|p2a: Mammoth Graveyard|protosynthesisspe
|move|p1a: Landorus|U-turn|p2a: Mammoth Graveyard
|-resisted|p2a: Mammoth Graveyard
|-crit|p2a: Mammoth Graveyard
|-damage|p2a: Mammoth Graveyard|88/100 psn
|
|t:|1758940398
|switch|p1a: Primarina|Primarina, F|100/100|[from] U-turn
|-damage|p1a: Primarina|88/100|[from] Stealth Rock
|
|-weather|Snowscape|[upkeep]
|-heal|p1a: Primarina|94/100|[from] item: Leftovers
|-damage|p2a: Mammoth Graveyard|75/100 psn|[from] psn
|upkeep
|turn|7
|
|t:|1758940414
|-terastallize|p1a: Primarina|Ghost
|move|p2a: Mammoth Graveyard|Rapid Spin|p1a: Primarina
|-immune|p1a: Primarina
|move|p1a: Primarina|Psychic Noise|p2a: Mammoth Graveyard
|-supereffective|p2a: Mammoth Graveyard
|-damage|p2a: Mammoth Graveyard|0 fnt
|faint|p2a: Mammoth Graveyard
|-end|p2a: Mammoth Graveyard|Protosynthesis|[silent]
|
|-weather|none
|-heal|p1a: Primarina|99/100|[from] item: Leftovers
|upkeep
|
|t:|1758940423
|switch|p2a: Kanto Star|Zapdos|100/100
|turn|8
|
|t:|1758940430
|switch|p1a: Cyclizar|Cyclizar, M|100/100
|-damage|p1a: Cyclizar|88/100|[from] Stealth Rock
|move|p2a: Kanto Star|Hurricane|p1a: Cyclizar
|-damage|p1a: Cyclizar|32/100
|
|upkeep
|turn|9
|
|t:|1758940441
|move|p1a: Cyclizar|Rapid Spin|p2a: Kanto Star
|-damage|p2a: Kanto Star|90/100
|-boost|p1a: Cyclizar|spe|1
|-sideend|p1: Chris466|Stealth Rock|[from] move: Rapid Spin|[of] p1a: Cyclizar
|move|p2a: Kanto Star|Discharge|p1a: Cyclizar
|-resisted|p1a: Cyclizar
|-damage|p1a: Cyclizar|13/100
|
|upkeep
|turn|10
|
|t:|1758940449
|switch|p1a: Landorus|Landorus-Therian, M|74/100
|-ability|p1a: Landorus|Intimidate|boost
|-unboost|p2a: Kanto Star|atk|1
|move|p2a: Kanto Star|U-turn|p1a: Landorus
|-resisted|p1a: Landorus
|-damage|p1a: Landorus|68/100
|
|t:|1758940458
|switch|p2a: Planned Parenthood|Dragapult, F|100/100|[from] U-turn
|-status|p2a: Planned Parenthood|psn
|-damage|p2a: Planned Parenthood|88/100 psn|[from] Stealth Rock
|
|-damage|p2a: Planned Parenthood|76/100 psn|[from] psn
|upkeep
|turn|11
|
|t:|1758940465
|switch|p1a: Slowking|Slowking-Galar, F|95/100 par
|move|p2a: Planned Parenthood|Draco Meteor|p1a: Slowking
|-damage|p1a: Slowking|62/100 par
|-unboost|p2a: Planned Parenthood|spa|2
|
|-damage|p2a: Planned Parenthood|64/100 psn|[from] psn
|upkeep
|turn|12
|-message|LizardJam13 forfeited.
|
|win|Chris466
|raw|Chris466's rating: 1355 &rarr; <strong>1375</strong><br />(+20 for winning)
|raw|LizardJam13's rating: 1352 &rarr; <strong>1332</strong><br />(-20 for losing)
|l|☆LizardJam13
|player|p2|
