|j|☆Juneheat
|j|☆64Unitesdespleen
|t:|1759076367
|gametype|singles
|player|p1|Juneheat|aromalady|1579
|player|p2|64Unitesdespleen|winona|1546
|gen|9
|tier|[Gen 9] OU
|rated|
|rule|HP Percentage Mod: HP is shown in percentages
|rule|Endless Battle Clause: Forcing endless battles is banned
|rule|Species Clause: Limit one of each Pokémon
|rule|OHKO Clause: OHKO moves are banned
|rule|Evasion Items Clause: Evasion items are banned
|rule|Evasion Moves Clause: Evasion moves are banned
|rule|Evasion Abilities Clause: Evasion abilities are banned
|rule|Sleep Moves Clause: Sleep-inducing moves are banned
|clearpoke
|poke|p1|Darkrai|
|poke|p1|Ting-Lu|
|poke|p1|Corviknight, F|
|poke|p1|Pecharunt|
|poke|p1|Kyurem|
|poke|p1|Cinderace, M|
|poke|p2|Hatterene, F|
|poke|p2|Torkoal, M|
|poke|p2|Crabominable, F|
|poke|p2|Slowking-Galar, F|
|poke|p2|Cresselia, F|
|poke|p2|Ursaluna, M|
|teampreview
|inactive|Battle timer is ON: inactive players will automatically lose when time's up. (requested by 64Unitesdespleen)
|
|t:|1759076377
|teamsize|p1|6
|teamsize|p2|6
|start
|switch|p1a: Darkrai|Darkrai|100/100
|switch|p2a: Hatterene|Hatterene, F|100/100
|turn|1
|j| Coach Trainerman
|
|t:|1759076384
|switch|p1a: Pecharunt|Pecharunt|100/100
|move|p2a: Hatterene|Trick Room|p2a: Hatterene
|-fieldstart|move: Trick Room|[of] p2a: Hatterene
|
|upkeep
|turn|2
|
|t:|1759076389
|move|p2a: Hatterene|Psyshock|p1a: Pecharunt
|-supereffective|p1a: Pecharunt
|-damage|p1a: Pecharunt|40/100
|move|p1a: Pecharunt|Malignant Chain|p2a: Hatterene
|-supereffective|p2a: Hatterene
|-damage|p2a: Hatterene|38/100
|
|upkeep
|turn|3
|
|t:|1759076397
|switch|p1a: Ting-Lu|Ting-Lu|100/100
|-ability|p1a: Ting-Lu|Vessel of Ruin
|move|p2a: Hatterene|Healing Wish|p2a: Hatterene
|faint|p2a: Hatterene
|
|upkeep
|
|t:|1759076399
|switch|p2a: Crabominable|Crabominable, F|100/100
|turn|4
|
|t:|1759076404
|switch|p1a: Pecharunt|Pecharunt|40/100
|move|p2a: Crabominable|Ice Hammer|p1a: Pecharunt
|-damage|p1a: Pecharunt|0 fnt
|-unboost|p2a: Crabominable|spe|1
|faint|p1a: Pecharunt
|
|upkeep
|
|t:|1759076408
|switch|p1a: Corviknight|Corviknight, F|100/100
|-ability|p1a: Corviknight|Pressure
|turn|5
|
|t:|1759076410
|move|p2a: Crabominable|Ice Hammer|p1a: Corviknight
|-damage|p1a: Corviknight|54/100
|-unboost|p2a: Crabominable|spe|1
|move|p1a: Corviknight|Roost|p1a: Corviknight
|-heal|p1a: Corviknight|100/100
|-singleturn|p1a: Corviknight|move: Roost
|
|-fieldend|move: Trick Room
|upkeep
|turn|6
|
|t:|1759076421
|switch|p2a: Torkoal|Torkoal, M|100/100
|-weather|SunnyDay|[from] ability: Drought|[of] p2a: Torkoal
|move|p1a: Corviknight|U-turn|p2a: Torkoal
|-resisted|p2a: Torkoal
|-damage|p2a: Torkoal|95/100
|
|t:|1759076429
|switch|p1a: Darkrai|Darkrai|100/100|[from] U-turn
|
|-weather|SunnyDay|[upkeep]
|upkeep
|turn|7
|
|t:|1759076442
|switch|p2a: Crabominable|Crabominable, F|100/100
|-terastallize|p1a: Darkrai|Dark
|move|p1a: Darkrai|Dark Pulse|p2a: Crabominable
|-resisted|p2a: Crabominable
|-damage|p2a: Crabominable|58/100
|
|-weather|SunnyDay|[upkeep]
|upkeep
|turn|8
|
|t:|1759076452
|switch|p1a: Corviknight|Corviknight, F|100/100
|-ability|p1a: Corviknight|Pressure
|move|p2a: Crabominable|Drain Punch|p1a: Corviknight
|-damage|p1a: Corviknight|66/100
|-heal|p2a: Crabominable|75/100|[from] drain|[of] p1a: Corviknight
|
|-weather|SunnyDay|[upkeep]
|upkeep
|turn|9
|
|t:|1759076461
|move|p1a: Corviknight|U-turn|p2a: Crabominable
|-resisted|p2a: Crabominable
|-damage|p2a: Crabominable|67/100
|
|t:|1759076465
|switch|p1a: Cinderace|Cinderace, M|100/100|[from] U-turn
|move|p2a: Crabominable|Drain Punch|p1a: Cinderace
|-damage|p1a: Cinderace|23/100
|-heal|p2a: Crabominable|97/100|[from] drain|[of] p1a: Cinderace
|
|-weather|SunnyDay|[upkeep]
|upkeep
|turn|10
|
|t:|1759076474
|switch|p2a: Torkoal|Torkoal, M|95/100
|-heal|p2a: Torkoal|100/100|[from] move: Healing Wish
|move|p1a: Cinderace|Pyro Ball|p2a: Torkoal|[miss]
|-miss|p1a: Cinderace|p2a: Torkoal
|
|-weather|none
|upkeep
|turn|11
|l| Coach Trainerman
|
|t:|1759076481
|move|p1a: Cinderace|Pyro Ball|p2a: Torkoal
|-resisted|p2a: Torkoal
|-damage|p2a: Torkoal|79/100
|move|p2a: Torkoal|Earth Power|p1a: Cinderace
|-supereffective|p1a: Cinderace
|-damage|p1a: Cinderace|0 fnt
|faint|p1a: Cinderace
|
|upkeep
|
|t:|1759076485
|switch|p1a: Darkrai|Darkrai, tera:Dark|100/100
|turn|12
|
|t:|1759076491
|switch|p2a: Ursaluna|Ursaluna, M|100/100
|move|p1a: Darkrai|Dark Pulse|p2a: Ursaluna
|-damage|p2a: Ursaluna|36/100
|
|-status|p2a: Ursaluna|brn|[from] item: Flame Orb
|upkeep
|turn|13
|
|t:|1759076497
|move|p1a: Darkrai|Dark Pulse|p2a: Ursaluna
|-damage|p2a: Ursaluna|0 fnt
|faint|p2a: Ursaluna
|
|upkeep
|
|t:|1759076498
|switch|p2a: Crabominable|Crabominable, F|97/100
|turn|14
|
|t:|1759076513
|switch|p1a: Corviknight|Corviknight, F|66/100
|-ability|p1a: Corviknight|Pressure
|move|p2a: Crabominable|Drain Punch|p1a: Corviknight
|-damage|p1a: Corviknight|30/100
|-heal|p2a: Crabominable|100/100|[from] drain|[of] p1a: Corviknight
|
|upkeep
|turn|15
|
|t:|1759076516
|move|p1a: Corviknight|Roost|p1a: Corviknight
|-heal|p1a: Corviknight|80/100
|-singleturn|p1a: Corviknight|move: Roost
|move|p2a: Crabominable|Drain Punch|p1a: Corviknight
|-supereffective|p1a: Corviknight
|-crit|p1a: Corviknight
|-damage|p1a: Corviknight|0 fnt
|faint|p1a: Corviknight
|
|upkeep
|
|t:|1759076522
|switch|p1a: Kyurem|Kyurem|100/100
|-ability|p1a: Kyurem|Pressure
|turn|16
|
|t:|1759076526
|move|p1a: Kyurem|Earth Power|p2a: Crabominable
|-damage|p2a: Crabominable|63/100
|move|p2a: Crabominable|Drain Punch|p1a: Kyurem
|-supereffective|p1a: Kyurem
|-damage|p1a: Kyurem|0 fnt
|-heal|p2a: Crabominable|100/100|[from] drain|[of] p1a: Kyurem
|faint|p1a: Kyurem
|
|upkeep
|-message|Juneheat forfeited.
|
|win|64Unitesdespleen
|raw|Juneheat's rating: 1579 &rarr; <strong>1557</strong><br />(-22 for losing)
|raw|64Unitesdespleen's rating: 1546 &rarr; <strong>1568</strong><br />(+22 for winning)
|l|☆Juneheat
|player|p1|
|l|☆64Unitesdespleen
|player|p2|
|j|☆64Unitesdespleen
|player|p2|64Unitesdespleen|winona|
|l|☆64Unitesdespleen
|player|p2|
