|j|☆zeqiangtian
|j|☆findmyhair
|t:|1759042407
|gametype|singles
|player|p1|zeqiangtian|cynthia|1098
|player|p2|findmyhair|acetrainercouple|1144
|gen|9
|tier|[Gen 9] OU
|rated|
|rule|HP Percentage Mod: HP is shown in percentages
|rule|Endless Battle Clause: Forcing endless battles is banned
|rule|Species Clause: Limit one of each Pokémon
|rule|OHKO Clause: OHKO moves are banned
|rule|Evasion Items Clause: Evasion items are banned
|rule|Evasion Moves Clause: Evasion moves are banned
|rule|Evasion Abilities Clause: Evasion abilities are banned
|rule|Sleep Moves Clause: Sleep-inducing moves are banned
|clearpoke
|poke|p1|Ambipom, M|
|poke|p1|Infernape, M|
|poke|p1|Alomomola, F|
|poke|p1|Gliscor, M|
|poke|p1|Grimmsnarl, M|
|poke|p1|Tentacruel, M|
|poke|p2|Cresselia, F|
|poke|p2|Slowking-Galar, F|
|poke|p2|Iron Hands|
|poke|p2|Ursaluna, M|
|poke|p2|Crawdaunt, M|
|poke|p2|Klefki, M|
|teampreview
|inactive|Battle timer is ON: inactive players will automatically lose when time's up. (requested by findmyhair)
|
|t:|1759042410
|teamsize|p1|6
|teamsize|p2|6
|start
|switch|p1a: Ambipom|Ambipom, M|100/100
|switch|p2a: Klefki|Klefki, M|100/100
|turn|1
|
|t:|1759042418
|move|p1a: Ambipom|Fake Out|p2a: Klefki
|-resisted|p2a: Klefki
|-damage|p2a: Klefki|85/100
|cant|p2a: Klefki|flinch
|
|upkeep
|turn|2
|
|t:|1759042431
|move|p2a: Klefki|Reflect|p2a: Klefki
|-sidestart|p2: findmyhair|Reflect
|move|p1a: Ambipom|U-turn|p2a: Klefki
|-resisted|p2a: Klefki
|-damage|p2a: Klefki|83/100
|
|t:|1759042436
|switch|p1a: Gliscor|Gliscor, M|100/100|[from] U-turn
|
|-status|p1a: Gliscor|tox|[from] item: Toxic Orb
|upkeep
|turn|3
|
|t:|1759042445
|move|p2a: Klefki|Spikes|p1a: Gliscor
|-sidestart|p1: zeqiangtian|Spikes
|move|p1a: Gliscor|Knock Off|p2a: Klefki
|-resisted|p2a: Klefki
|-damage|p2a: Klefki|79/100
|-enditem|p2a: Klefki|Light Clay|[from] move: Knock Off|[of] p1a: Gliscor
|
|upkeep
|turn|4
|
|t:|1759042453
|move|p2a: Klefki|Spikes|p1a: Gliscor
|-sidestart|p1: zeqiangtian|Spikes
|move|p1a: Gliscor|Stealth Rock|p2a: Klefki
|-sidestart|p2: findmyhair|move: Stealth Rock
|
|upkeep
|turn|5
|j| GruesomeLovelies
|
|t:|1759042460
|switch|p1a: Tentacruel|Tentacruel, M|100/100
|-damage|p1a: Tentacruel|84/100|[from] Spikes
|move|p2a: Klefki|Spikes|p1a: Tentacruel
|-sidestart|p1: zeqiangtian|Spikes
|
|-heal|p1a: Tentacruel|90/100|[from] item: Black Sludge
|upkeep
|turn|6
|
|t:|1759042471
|move|p2a: Klefki|Thunder Wave|p1a: Tentacruel
|-status|p1a: Tentacruel|par
|move|p1a: Tentacruel|Rapid Spin|p2a: Klefki
|-resisted|p2a: Klefki
|-damage|p2a: Klefki|78/100
|-boost|p1a: Tentacruel|spe|1
|-sideend|p1: zeqiangtian|Spikes|[from] move: Rapid Spin|[of] p1a: Tentacruel
|
|-heal|p1a: Tentacruel|96/100 par|[from] item: Black Sludge
|upkeep
|turn|7
|
|t:|1759042486
|move|p2a: Klefki|Spikes|p1a: Tentacruel
|-sidestart|p1: zeqiangtian|Spikes
|move|p1a: Tentacruel|Toxic Spikes|p2a: Klefki
|-sidestart|p2: findmyhair|move: Toxic Spikes
|
|-heal|p1a: Tentacruel|100/100 par|[from] item: Black Sludge
|upkeep
|turn|8
|
|t:|1759042493
|switch|p2a: Slowking|Slowking-Galar, F|100/100
|-damage|p2a: Slowking|88/100|[from] Stealth Rock
|-sideend|p2: findmyhair|move: Toxic Spikes|[of] p2a: Slowking
|move|p1a: Tentacruel|Rapid Spin|p2a: Slowking
|-damage|p2a: Slowking|83/100
|-boost|p1a: Tentacruel|spe|1
|-sideend|p1: zeqiangtian|Spikes|[from] move: Rapid Spin|[of] p1a: Tentacruel
|
|-heal|p2a: Slowking|90/100|[from] item: Black Sludge
|upkeep
|turn|9
|
|t:|1759042510
|move|p1a: Tentacruel|Flip Turn|p2a: Slowking
|-damage|p2a: Slowking|81/100
|
|t:|1759042524
|switch|p1a: Gliscor|Gliscor, M|100/100 tox|[from] Flip Turn
|move|p2a: Slowking|Trick Room|p2a: Slowking
|-fieldstart|move: Trick Room|[of] p2a: Slowking
|
|-heal|p2a: Slowking|87/100|[from] item: Black Sludge
|-sideend|p2: findmyhair|Reflect
|upkeep
|turn|10
|
|t:|1759042534
|switch|p2a: Klefki|Klefki, M|78/100
|-damage|p2a: Klefki|72/100|[from] Stealth Rock
|move|p1a: Gliscor|Knock Off|p2a: Klefki
|-resisted|p2a: Klefki
|-damage|p2a: Klefki|66/100
|
|upkeep
|turn|11
|
|t:|1759042544
|move|p2a: Klefki|Reflect|p2a: Klefki
|-sidestart|p2: findmyhair|Reflect
|move|p1a: Gliscor|Knock Off|p2a: Klefki
|-resisted|p2a: Klefki
|-damage|p2a: Klefki|63/100
|
|upkeep
|turn|12
|
|t:|1759042550
|move|p2a: Klefki|Spikes|p1a: Gliscor
|-sidestart|p1: zeqiangtian|Spikes
|move|p1a: Gliscor|Knock Off|p2a: Klefki
|-resisted|p2a: Klefki
|-crit|p2a: Klefki
|-damage|p2a: Klefki|55/100
|
|upkeep
|turn|13
|
|t:|1759042557
|move|p2a: Klefki|Spikes|p1a: Gliscor
|-sidestart|p1: zeqiangtian|Spikes
|move|p1a: Gliscor|Knock Off|p2a: Klefki
|-resisted|p2a: Klefki
|-damage|p2a: Klefki|52/100
|
|-fieldend|move: Trick Room
|upkeep
|turn|14
|
|t:|1759042564
|move|p2a: Klefki|Spikes|p1a: Gliscor
|-sidestart|p1: zeqiangtian|Spikes
|move|p1a: Gliscor|Knock Off|p2a: Klefki
|-resisted|p2a: Klefki
|-damage|p2a: Klefki|49/100
|
|upkeep
|turn|15
|
|t:|1759042583
|move|p2a: Klefki|Light Screen|p2a: Klefki
|-sidestart|p2: findmyhair|move: Light Screen
|move|p1a: Gliscor|Knock Off|p2a: Klefki
|-resisted|p2a: Klefki
|-damage|p2a: Klefki|46/100
|
|-sideend|p2: findmyhair|Reflect
|upkeep
|turn|16
|
|t:|1759042595
|move|p2a: Klefki|Reflect|p2a: Klefki
|-sidestart|p2: findmyhair|Reflect
|move|p1a: Gliscor|Knock Off|p2a: Klefki
|-resisted|p2a: Klefki
|-crit|p2a: Klefki
|-damage|p2a: Klefki|38/100
|
|upkeep
|turn|17
|
|t:|1759042605
|switch|p2a: Cresselia|Cresselia, F|100/100
|-damage|p2a: Cresselia|88/100|[from] Stealth Rock
|move|p1a: Gliscor|Knock Off|p2a: Cresselia
|-supereffective|p2a: Cresselia
|-damage|p2a: Cresselia|75/100
|-enditem|p2a: Cresselia|Mental Herb|[from] move: Knock Off|[of] p1a: Gliscor
|
|upkeep
|turn|18
|
|t:|1759042618
|move|p1a: Gliscor|Toxic|p2a: Cresselia
|-status|p2a: Cresselia|tox
|move|p2a: Cresselia|Trick Room|p2a: Cresselia
|-fieldstart|move: Trick Room|[of] p2a: Cresselia
|
|-damage|p2a: Cresselia|69/100 tox|[from] psn
|upkeep
|turn|19
|
|t:|1759042626
|switch|p2a: Ursaluna|Ursaluna, M|100/100
|-damage|p2a: Ursaluna|94/100|[from] Stealth Rock
|move|p1a: Gliscor|Knock Off|p2a: Ursaluna
|-damage|p2a: Ursaluna|87/100
|-enditem|p2a: Ursaluna|Flame Orb|[from] move: Knock Off|[of] p1a: Gliscor
|
|-sideend|p2: findmyhair|move: Light Screen
|upkeep
|turn|20
|
|t:|1759042649
|switch|p1a: Tentacruel|Tentacruel, M|100/100 par
|-damage|p1a: Tentacruel|75/100 par|[from] Spikes
|move|p2a: Ursaluna|Swords Dance|p2a: Ursaluna
|-boost|p2a: Ursaluna|atk|2
|
|-heal|p1a: Tentacruel|82/100 par|[from] item: Black Sludge
|-sideend|p2: findmyhair|Reflect
|upkeep
|turn|21
|
|t:|1759042661
|move|p2a: Ursaluna|Facade|p1a: Tentacruel
|-damage|p1a: Tentacruel|0 fnt
|faint|p1a: Tentacruel
|
|upkeep
|
|t:|1759042667
|switch|p1a: Ambipom|Ambipom, M|100/100
|-damage|p1a: Ambipom|75/100|[from] Spikes
|turn|22
|
|t:|1759042671
|-terastallize|p2a: Ursaluna|Ghost
|move|p1a: Ambipom|Fake Out|p2a: Ursaluna
|-immune|p2a: Ursaluna
|move|p2a: Ursaluna|Facade|p1a: Ambipom
|-damage|p1a: Ambipom|0 fnt
|faint|p1a: Ambipom
|
|-fieldend|move: Trick Room
|upkeep
|
|t:|1759042686
|switch|p1a: Grimmsnarl|Grimmsnarl, M|100/100
|-damage|p1a: Grimmsnarl|76/100|[from] Spikes
|turn|23
|
|t:|1759042693
|switch|p2a: Klefki|Klefki, M|38/100
|-damage|p2a: Klefki|32/100|[from] Stealth Rock
|move|p1a: Grimmsnarl|Sucker Punch||[still]
|-fail|p1a: Grimmsnarl
|
|-heal|p1a: Grimmsnarl|82/100|[from] item: Leftovers
|upkeep
|turn|24
|-message|zeqiangtian forfeited.
|
|win|findmyhair
|raw|zeqiangtian's rating: 1098 &rarr; <strong>1077</strong><br />(-21 for losing)
|raw|findmyhair's rating: 1144 &rarr; <strong>1166</strong><br />(+22 for winning)
|l|☆zeqiangtian
|player|p1|
