|j|‽OTvoid
|j|☆itspaoloooo
|t:|1758923633
|gametype|singles
|player|p1|OTvoid|steven|1212
|player|p2|itspaoloooo|hilbert-wonderlauncher|1159
|gen|9
|tier|[Gen 9] OU
|rated|
|rule|HP Percentage Mod: HP is shown in percentages
|rule|Endless Battle Clause: Forcing endless battles is banned
|rule|Species Clause: Limit one of each Pokémon
|rule|OHKO Clause: OHKO moves are banned
|rule|Evasion Items Clause: Evasion items are banned
|rule|Evasion Moves Clause: Evasion moves are banned
|rule|Evasion Abilities Clause: Evasion abilities are banned
|rule|Sleep Moves Clause: Sleep-inducing moves are banned
|clearpoke
|poke|p1|Tyranitar, F|
|poke|p1|Excadrill, M|
|poke|p1|Corviknight, F|
|poke|p1|Primarina, M|
|poke|p1|Kommo-o, F|
|poke|p1|Zapdos|
|poke|p2|Galvantula, M|
|poke|p2|Sneasel, F|
|poke|p2|Donphan, M|
|poke|p2|Alomomola, F|
|poke|p2|Blaziken, M|
|poke|p2|Exeggutor, M|
|teampreview
|inactive|Battle timer is ON: inactive players will automatically lose when time's up. (requested by itspaoloooo)
|
|t:|1758923646
|teamsize|p1|6
|teamsize|p2|6
|start
|switch|p1a: Zapdos|Zapdos|100/100
|switch|p2a: Donphan|Donphan, M|100/100
|turn|1
|
|t:|1758923673
|move|p1a: Zapdos|Hurricane|p2a: Donphan|[miss]
|-miss|p1a: Zapdos|p2a: Donphan
|move|p2a: Donphan|Stealth Rock|p1a: Zapdos
|-sidestart|p1: OTvoid|move: Stealth Rock
|
|upkeep
|turn|2
|
|t:|1758923678
|move|p1a: Zapdos|Hurricane|p2a: Donphan
|-damage|p2a: Donphan|9/100
|-start|p2a: Donphan|confusion
|-enditem|p2a: Donphan|Liechi Berry|[eat]
|-boost|p2a: Donphan|atk|1|[from] item: Liechi Berry
|-activate|p2a: Donphan|confusion
|move|p2a: Donphan|Rapid Spin|p1a: Zapdos
|-damage|p1a: Zapdos|77/100
|-boost|p2a: Donphan|spe|1
|-status|p2a: Donphan|par|[from] ability: Static|[of] p1a: Zapdos
|
|upkeep
|turn|3
|
|t:|1758923689
|switch|p1a: Corviknight|Corviknight, F|100/100
|-damage|p1a: Corviknight|88/100|[from] Stealth Rock
|-ability|p1a: Corviknight|Pressure
|-end|p2a: Donphan|confusion
|move|p2a: Donphan|Flail|p1a: Corviknight
|-resisted|p1a: Corviknight
|-damage|p1a: Corviknight|68/100
|
|-heal|p1a: Corviknight|74/100|[from] item: Leftovers
|upkeep
|turn|4
|
|t:|1758923703
|move|p1a: Corviknight|Defog|p2a: Donphan
|-unboost|p2a: Donphan|evasion|1
|-sideend|p1: OTvoid|Stealth Rock|[from] move: Defog|[of] p1a: Corviknight
|move|p2a: Donphan|Flail|p1a: Corviknight
|-resisted|p1a: Corviknight
|-damage|p1a: Corviknight|50/100
|
|-heal|p1a: Corviknight|56/100|[from] item: Leftovers
|upkeep
|turn|5
|
|t:|1758923710
|move|p1a: Corviknight|U-turn|p2a: Donphan
|-damage|p2a: Donphan|0 fnt
|faint|p2a: Donphan
|
|t:|1758923713
|switch|p1a: Tyranitar|Tyranitar, F|100/100|[from] U-turn
|-weather|Sandstorm|[from] ability: Sand Stream|[of] p1a: Tyranitar
|
|-weather|Sandstorm|[upkeep]
|upkeep
|
|t:|1758923718
|switch|p2a: Exeggutor|Exeggutor, M|100/100
|turn|6
|
|t:|1758923728
|switch|p1a: Primarina|Primarina, M|100/100
|move|p2a: Exeggutor|Leech Seed|p1a: Primarina
|-start|p1a: Primarina|move: Leech Seed
|
|-weather|Sandstorm|[upkeep]
|-damage|p1a: Primarina|94/100|[from] Sandstorm
|-damage|p2a: Exeggutor|94/100|[from] Sandstorm
|-damage|p1a: Primarina|82/100|[from] Leech Seed|[of] p2a: Exeggutor
|-heal|p2a: Exeggutor|100/100|[silent]
|upkeep
|turn|7
|
|t:|1758923734
|switch|p1a: Zapdos|Zapdos|77/100
|move|p2a: Exeggutor|Giga Drain|p1a: Zapdos
|-resisted|p1a: Zapdos
|-crit|p1a: Zapdos
|-damage|p1a: Zapdos|52/100
|
|-weather|Sandstorm|[upkeep]
|-damage|p1a: Zapdos|46/100|[from] Sandstorm
|-damage|p2a: Exeggutor|94/100|[from] Sandstorm
|upkeep
|turn|8
|
|t:|1758923740
|move|p1a: Zapdos|Roost|p1a: Zapdos
|-heal|p1a: Zapdos|96/100
|-singleturn|p1a: Zapdos|move: Roost
|move|p2a: Exeggutor|Leech Seed|p1a: Zapdos
|-start|p1a: Zapdos|move: Leech Seed
|
|-weather|Sandstorm|[upkeep]
|-damage|p1a: Zapdos|90/100|[from] Sandstorm
|-damage|p2a: Exeggutor|88/100|[from] Sandstorm
|-damage|p1a: Zapdos|77/100|[from] Leech Seed|[of] p2a: Exeggutor
|-heal|p2a: Exeggutor|98/100|[silent]
|upkeep
|turn|9
|
|t:|1758923746
|move|p1a: Zapdos|Hurricane|p2a: Exeggutor
|-supereffective|p2a: Exeggutor
|-damage|p2a: Exeggutor|0 fnt
|faint|p2a: Exeggutor
|
|-weather|Sandstorm|[upkeep]
|-damage|p1a: Zapdos|71/100|[from] Sandstorm
|upkeep
|
|t:|1758923752
|switch|p2a: Galvantula|Galvantula, M|100/100
|turn|10
|
|t:|1758923758
|move|p2a: Galvantula|Sticky Web|p1a: Zapdos
|-sidestart|p1: OTvoid|move: Sticky Web
|move|p1a: Zapdos|Hurricane|p2a: Galvantula|[miss]
|-miss|p1a: Zapdos|p2a: Galvantula
|
|-weather|Sandstorm|[upkeep]
|-damage|p2a: Galvantula|94/100|[from] Sandstorm
|-damage|p1a: Zapdos|65/100|[from] Sandstorm
|-damage|p1a: Zapdos|52/100|[from] Leech Seed|[of] p2a: Galvantula
|-heal|p2a: Galvantula|100/100|[silent]
|upkeep
|turn|11
|
|t:|1758923765
|move|p2a: Galvantula|Thunder|p1a: Zapdos
|-damage|p1a: Zapdos|0 fnt
|faint|p1a: Zapdos
|
|-weather|Sandstorm|[upkeep]
|-damage|p2a: Galvantula|94/100|[from] Sandstorm
|upkeep
|
|t:|1758923781
|switch|p1a: Tyranitar|Tyranitar, F|100/100
|-activate|p1a: Tyranitar|move: Sticky Web
|-unboost|p1a: Tyranitar|spe|1
|turn|12
|
|t:|1758923786
|move|p2a: Galvantula|Thunder Wave|p1a: Tyranitar
|-status|p1a: Tyranitar|par
|move|p1a: Tyranitar|Knock Off|p2a: Galvantula
|-crit|p2a: Galvantula
|-damage|p2a: Galvantula|0 fnt
|-enditem|p2a: Galvantula|Focus Sash|[from] move: Knock Off|[of] p1a: Tyranitar
|faint|p2a: Galvantula
|
|-weather|none
|upkeep
|
|t:|1758923794
|switch|p2a: Blaziken|Blaziken, M|100/100
|turn|13
|
|t:|1758923799
|move|p2a: Blaziken|Focus Energy|p2a: Blaziken
|-start|p2a: Blaziken|move: Focus Energy
|move|p1a: Tyranitar|Ice Beam|p2a: Blaziken
|-resisted|p2a: Blaziken
|-damage|p2a: Blaziken|87/100
|
|-ability|p2a: Blaziken|Speed Boost|boost
|-boost|p2a: Blaziken|spe|1
|upkeep
|turn|14
|
|t:|1758923810
|switch|p1a: Primarina|Primarina, M|82/100
|-activate|p1a: Primarina|move: Sticky Web
|-unboost|p1a: Primarina|spe|1
|move|p2a: Blaziken|Close Combat|p1a: Primarina
|-resisted|p1a: Primarina
|-crit|p1a: Primarina
|-damage|p1a: Primarina|10/100
|-unboost|p2a: Blaziken|def|1
|-unboost|p2a: Blaziken|spd|1
|
|-ability|p2a: Blaziken|Speed Boost|boost
|-boost|p2a: Blaziken|spe|1
|upkeep
|turn|15
|
|t:|1758923818
|move|p2a: Blaziken|Close Combat|p1a: Primarina
|-resisted|p1a: Primarina
|-crit|p1a: Primarina
|-damage|p1a: Primarina|0 fnt
|-unboost|p2a: Blaziken|def|1
|-unboost|p2a: Blaziken|spd|1
|faint|p1a: Primarina
|
|-ability|p2a: Blaziken|Speed Boost|boost
|-boost|p2a: Blaziken|spe|1
|upkeep
|
|t:|1758923821
|switch|p1a: Tyranitar|Tyranitar, F|100/100 par
|-activate|p1a: Tyranitar|move: Sticky Web
|-unboost|p1a: Tyranitar|spe|1
|-weather|Sandstorm|[from] ability: Sand Stream|[of] p1a: Tyranitar
|turn|16
|
|t:|1758923830
|-terastallize|p1a: Tyranitar|Flying
|move|p2a: Blaziken|Close Combat|p1a: Tyranitar
|-resisted|p1a: Tyranitar
|-crit|p1a: Tyranitar
|-damage|p1a: Tyranitar|64/100 par
|-unboost|p2a: Blaziken|def|1
|-unboost|p2a: Blaziken|spd|1
|move|p1a: Tyranitar|Roar|p2a: Blaziken
|drag|p2a: Alomomola|Alomomola, F|100/100
|
|-weather|Sandstorm|[upkeep]
|-damage|p2a: Alomomola|94/100|[from] Sandstorm
|-damage|p1a: Tyranitar|57/100 par|[from] Sandstorm
|-heal|p2a: Alomomola|100/100|[from] item: Leftovers
|upkeep
|turn|17
|
|t:|1758923841
|switch|p1a: Corviknight|Corviknight, F|56/100
|-ability|p1a: Corviknight|Pressure
|move|p2a: Alomomola|Wish|p2a: Alomomola
|
|-weather|Sandstorm|[upkeep]
|-damage|p2a: Alomomola|94/100|[from] Sandstorm
|-heal|p1a: Corviknight|62/100|[from] item: Leftovers
|-heal|p2a: Alomomola|100/100|[from] item: Leftovers
|upkeep
|turn|18
|
|t:|1758923846
|move|p1a: Corviknight|Defog|p2a: Alomomola
|-unboost|p2a: Alomomola|evasion|1
|-sideend|p1: OTvoid|Sticky Web|[from] move: Defog|[of] p1a: Corviknight
|move|p2a: Alomomola|Flip Turn|p1a: Corviknight
|-damage|p1a: Corviknight|53/100
|
|t:|1758923851
|switch|p2a: Blaziken|Blaziken, M|87/100|[from] Flip Turn
|
|-weather|Sandstorm|[upkeep]
|-damage|p2a: Blaziken|80/100|[from] Sandstorm
|-heal|p2a: Blaziken|100/100|[from] move: Wish|[wisher] Alomomola
|-heal|p1a: Corviknight|59/100|[from] item: Leftovers
|upkeep
|turn|19
|
|t:|1758923861
|move|p2a: Blaziken|Blaze Kick|p1a: Corviknight
|-supereffective|p1a: Corviknight
|-damage|p1a: Corviknight|8/100
|-status|p1a: Corviknight|brn
|move|p1a: Corviknight|U-turn|p2a: Blaziken
|-resisted|p2a: Blaziken
|-damage|p2a: Blaziken|98/100
|inactive|OTvoid has 120 seconds left.
|inactive|OTvoid has 90 seconds left.
|
|t:|1758923929
|switch|p1a: Kommo-o|Kommo-o, F|100/100|[from] U-turn
|
|-weather|Sandstorm|[upkeep]
|-damage|p2a: Blaziken|92/100|[from] Sandstorm
|-ability|p2a: Blaziken|Speed Boost|boost
|-boost|p2a: Blaziken|spe|1
|upkeep
|turn|20
|inactive|OTvoid has 90 seconds left.
|
|t:|1758923947
|move|p2a: Blaziken|Close Combat|p1a: Kommo-o
|-damage|p1a: Kommo-o|36/100
|-unboost|p2a: Blaziken|def|1
|-unboost|p2a: Blaziken|spd|1
|move|p1a: Kommo-o|Clangorous Soul|p1a: Kommo-o
|-boost|p1a: Kommo-o|atk|1
|-boost|p1a: Kommo-o|def|1
|-boost|p1a: Kommo-o|spa|1
|-boost|p1a: Kommo-o|spd|1
|-boost|p1a: Kommo-o|spe|1
|-damage|p1a: Kommo-o|3/100
|
|-weather|Sandstorm|[upkeep]
|-damage|p2a: Blaziken|85/100|[from] Sandstorm
|-ability|p2a: Blaziken|Speed Boost|boost
|-boost|p2a: Blaziken|spe|1
|upkeep
|turn|21
|inactive|OTvoid has 90 seconds left.
|
|t:|1758923964
|move|p2a: Blaziken|Close Combat|p1a: Kommo-o
|-damage|p1a: Kommo-o|0 fnt
|-unboost|p2a: Blaziken|def|1
|-unboost|p2a: Blaziken|spd|1
|faint|p1a: Kommo-o
|
|-weather|Sandstorm|[upkeep]
|-damage|p2a: Blaziken|79/100|[from] Sandstorm
|-ability|p2a: Blaziken|Speed Boost|boost
|-boost|p2a: Blaziken|spe|1
|upkeep
|
|t:|1758923968
|switch|p1a: Excadrill|Excadrill, M|100/100
|-item|p1a: Excadrill|Air Balloon
|turn|22
|
|t:|1758923976
|move|p1a: Excadrill|Earthquake|p2a: Blaziken
|-supereffective|p2a: Blaziken
|-damage|p2a: Blaziken|0 fnt
|faint|p2a: Blaziken
|
|-weather|Sandstorm|[upkeep]
|upkeep
|
|t:|1758923983
|switch|p2a: Sneasel|Sneasel, F, shiny|100/100
|turn|23
|
|t:|1758923986
|move|p1a: Excadrill|Iron Head|p2a: Sneasel
|-supereffective|p2a: Sneasel
|-enditem|p2a: Sneasel|Focus Sash
|-damage|p2a: Sneasel|1/100
|-item|p2a: Sneasel|Air Balloon
|-enditem|p1a: Excadrill|Air Balloon|[silent]|[from] ability: Pickpocket|[of] p1a: Excadrill
|-item|p2a: Sneasel|Air Balloon|[from] ability: Pickpocket|[of] p1a: Excadrill
|move|p2a: Sneasel|Counter|p1a: Excadrill
|-damage|p1a: Excadrill|0 fnt
|faint|p1a: Excadrill
|
|-weather|none
|upkeep
|inactive|OTvoid has 120 seconds left.
|
|t:|1758923994
|switch|p1a: Tyranitar|Tyranitar, F, tera:Flying|57/100 par
|-weather|Sandstorm|[from] ability: Sand Stream|[of] p1a: Tyranitar
|turn|24
|-message|OTvoid forfeited.
|
|win|itspaoloooo
|raw|OTvoid's rating: 1212 &rarr; <strong>1183</strong><br />(-29 for losing)
|raw|itspaoloooo's rating: 1159 &rarr; <strong>1188</strong><br />(+29 for winning)
|l|‽OTvoid
|player|p1|
|l|☆itspaoloooo
|player|p2|
