|j|☆SpearOfCassius
|j|☆boolman
|t:|1758945568
|gametype|singles
|player|p1|SpearOfCassius|2|1340
|player|p2|boolman|265|1290
|gen|9
|tier|[Gen 9] OU
|rated|
|rule|HP Percentage Mod: HP is shown in percentages
|rule|Endless Battle Clause: Forcing endless battles is banned
|rule|Species Clause: Limit one of each Pokémon
|rule|OHKO Clause: OHKO moves are banned
|rule|Evasion Items Clause: Evasion items are banned
|rule|Evasion Moves Clause: Evasion moves are banned
|rule|Evasion Abilities Clause: Evasion abilities are banned
|rule|Sleep Moves Clause: Sleep-inducing moves are banned
|clearpoke
|poke|p1|Torkoal, M|
|poke|p1|Lilligant-Hisui, F|
|poke|p1|Cinderace, F|
|poke|p1|Walking Wake|
|poke|p1|Moltres|
|poke|p1|Garganacl, M|
|poke|p2|Cloyster, M|
|poke|p2|Blissey, F|
|poke|p2|Gengar, M|
|poke|p2|Gliscor, F|
|poke|p2|Kingambit, F|
|poke|p2|Hatterene, F|
|teampreview
|c|☆SpearOfCassius|hi friend
|c|☆boolman|glhf
|c|☆SpearOfCassius|good luck
|
|t:|1758945590
|teamsize|p1|6
|teamsize|p2|6
|start
|switch|p1a: Naruto|Cinderace, F|100/100
|switch|p2a: Cloyster|Cloyster, M|100/100
|turn|1
|
|t:|1758945598
|-terastallize|p2a: Cloyster|Ghost
|move|p1a: Naruto|Will-O-Wisp|p2a: Cloyster
|-status|p2a: Cloyster|brn
|move|p2a: Cloyster|Shell Smash|p2a: Cloyster
|-unboost|p2a: Cloyster|def|1
|-unboost|p2a: Cloyster|spd|1
|-boost|p2a: Cloyster|atk|2
|-boost|p2a: Cloyster|spa|2
|-boost|p2a: Cloyster|spe|2
|-enditem|p2a: Cloyster|White Herb
|-clearnegativeboost|p2a: Cloyster|[silent]
|
|-damage|p2a: Cloyster|94/100 brn|[from] brn
|upkeep
|turn|2
|
|t:|1758945625
|switch|p1a: Todd|Torkoal, M|100/100
|-weather|SunnyDay|[from] ability: Drought|[of] p1a: Todd
|move|p2a: Cloyster|Rock Blast|p1a: Todd
|-supereffective|p1a: Todd
|-damage|p1a: Todd|92/100
|-supereffective|p1a: Todd
|-damage|p1a: Todd|83/100
|-supereffective|p1a: Todd
|-damage|p1a: Todd|74/100
|-supereffective|p1a: Todd
|-crit|p1a: Todd
|-damage|p1a: Todd|63/100
|-supereffective|p1a: Todd
|-damage|p1a: Todd|55/100
|-hitcount|p1a: Todd|5
|
|-weather|SunnyDay|[upkeep]
|-damage|p2a: Cloyster|88/100 brn|[from] brn
|upkeep
|turn|3
|
|t:|1758945651
|move|p2a: Cloyster|Rock Blast|p1a: Todd
|-supereffective|p1a: Todd
|-damage|p1a: Todd|47/100
|-supereffective|p1a: Todd
|-damage|p1a: Todd|38/100
|-supereffective|p1a: Todd
|-damage|p1a: Todd|30/100
|-supereffective|p1a: Todd
|-damage|p1a: Todd|22/100
|-supereffective|p1a: Todd
|-damage|p1a: Todd|14/100
|-hitcount|p1a: Todd|5
|move|p1a: Todd|Stealth Rock|p2a: Cloyster
|-sidestart|p2: boolman|move: Stealth Rock
|
|-weather|SunnyDay|[upkeep]
|-damage|p2a: Cloyster|82/100 brn|[from] brn
|upkeep
|turn|4
|inactive|Battle timer is ON: inactive players will automatically lose when time's up. (requested by SpearOfCassius)
|
|t:|1758945665
|switch|p1a: Garganacl|Garganacl, M|100/100
|move|p2a: Cloyster|Rock Blast|p1a: Garganacl
|-damage|p1a: Garganacl|96/100
|-damage|p1a: Garganacl|91/100
|-damage|p1a: Garganacl|86/100
|-damage|p1a: Garganacl|81/100
|-damage|p1a: Garganacl|77/100
|-hitcount|p1a: Garganacl|5
|
|-weather|SunnyDay|[upkeep]
|-heal|p1a: Garganacl|83/100|[from] item: Leftovers
|-damage|p2a: Cloyster|76/100 brn|[from] brn
|upkeep
|turn|5
|
|t:|1758945677
|switch|p2a: Gliscor|Gliscor, F|100/100
|-damage|p2a: Gliscor|88/100|[from] Stealth Rock
|move|p1a: Garganacl|Curse|p1a: Garganacl
|-unboost|p1a: Garganacl|spe|1
|-boost|p1a: Garganacl|atk|1
|-boost|p1a: Garganacl|def|1
|
|-weather|SunnyDay|[upkeep]
|-heal|p1a: Garganacl|89/100|[from] item: Leftovers
|-status|p2a: Gliscor|tox|[from] item: Toxic Orb
|upkeep
|turn|6
|
|t:|1758945694
|move|p2a: Gliscor|Swords Dance|p2a: Gliscor
|-boost|p2a: Gliscor|atk|2
|move|p1a: Garganacl|Curse|p1a: Garganacl
|-unboost|p1a: Garganacl|spe|1
|-boost|p1a: Garganacl|atk|1
|-boost|p1a: Garganacl|def|1
|
|-weather|SunnyDay|[upkeep]
|-heal|p1a: Garganacl|95/100|[from] item: Leftovers
|-heal|p2a: Gliscor|100/100 tox|[from] ability: Poison Heal
|upkeep
|turn|7
|
|t:|1758945707
|move|p2a: Gliscor|Swords Dance|p2a: Gliscor
|-boost|p2a: Gliscor|atk|2
|move|p1a: Garganacl|Salt Cure|p2a: Gliscor
|-damage|p2a: Gliscor|82/100 tox
|-start|p2a: Gliscor|Salt Cure
|
|-weather|SunnyDay|[upkeep]
|-heal|p1a: Garganacl|100/100|[from] item: Leftovers
|-heal|p2a: Gliscor|95/100 tox|[from] ability: Poison Heal
|-damage|p2a: Gliscor|82/100 tox|[from] Salt Cure
|upkeep
|turn|8
|
|t:|1758945723
|-terastallize|p1a: Garganacl|Water
|move|p2a: Gliscor|Earthquake|p1a: Garganacl
|-damage|p1a: Garganacl|67/100
|move|p1a: Garganacl|Curse|p1a: Garganacl
|-unboost|p1a: Garganacl|spe|1
|-boost|p1a: Garganacl|atk|1
|-boost|p1a: Garganacl|def|1
|
|-weather|SunnyDay|[upkeep]
|-heal|p1a: Garganacl|73/100|[from] item: Leftovers
|-heal|p2a: Gliscor|95/100 tox|[from] ability: Poison Heal
|-damage|p2a: Gliscor|82/100 tox|[from] Salt Cure
|upkeep
|turn|9
|
|t:|1758945737
|move|p2a: Gliscor|Swords Dance|p2a: Gliscor
|-boost|p2a: Gliscor|atk|2
|move|p1a: Garganacl|Curse|p1a: Garganacl
|-unboost|p1a: Garganacl|spe|1
|-boost|p1a: Garganacl|atk|1
|-boost|p1a: Garganacl|def|1
|
|-weather|none
|-heal|p1a: Garganacl|79/100|[from] item: Leftovers
|-heal|p2a: Gliscor|95/100 tox|[from] ability: Poison Heal
|-damage|p2a: Gliscor|82/100 tox|[from] Salt Cure
|upkeep
|turn|10
|
|t:|1758945752
|move|p2a: Gliscor|Facade|p1a: Garganacl
|-damage|p1a: Garganacl|54/100
|move|p1a: Garganacl|Curse|p1a: Garganacl
|-unboost|p1a: Garganacl|spe|1
|-boost|p1a: Garganacl|atk|1
|-boost|p1a: Garganacl|def|1
|
|-heal|p1a: Garganacl|61/100|[from] item: Leftovers
|-heal|p2a: Gliscor|95/100 tox|[from] ability: Poison Heal
|-damage|p2a: Gliscor|82/100 tox|[from] Salt Cure
|upkeep
|turn|11
|
|t:|1758945768
|move|p2a: Gliscor|Facade|p1a: Garganacl
|-crit|p1a: Garganacl
|-damage|p1a: Garganacl|0 fnt
|faint|p1a: Garganacl
|
|-heal|p2a: Gliscor|95/100 tox|[from] ability: Poison Heal
|-damage|p2a: Gliscor|82/100 tox|[from] Salt Cure
|upkeep
|c|☆SpearOfCassius|:/
|inactive|SpearOfCassius has 120 seconds left.
|
|t:|1758945784
|switch|p1a: Henry|Walking Wake|100/100
|turn|12
|
|t:|1758945790
|switch|p2a: Cloyster|Cloyster, M, tera:Ghost|76/100 brn
|-damage|p2a: Cloyster|63/100 brn|[from] Stealth Rock
|move|p1a: Henry|Hydro Steam|p2a: Cloyster
|-damage|p2a: Cloyster|0 fnt
|faint|p2a: Cloyster
|
|upkeep
|
|t:|1758945795
|switch|p2a: Blissey|Blissey, F|100/100
|-damage|p2a: Blissey|88/100|[from] Stealth Rock
|turn|13
|
|t:|1758945800
|-end|p1a: Henry|Protosynthesis|[silent]
|switch|p1a: Todd|Torkoal, M|14/100
|-weather|SunnyDay|[from] ability: Drought|[of] p1a: Todd
|move|p2a: Blissey|Stealth Rock|p1a: Todd
|-sidestart|p1: SpearOfCassius|move: Stealth Rock
|
|-weather|SunnyDay|[upkeep]
|-heal|p2a: Blissey|94/100|[from] item: Leftovers
|upkeep
|turn|14
|
|t:|1758945820
|switch|p1a: Naruto|Cinderace, F|100/100
|move|p2a: Blissey|Seismic Toss|p1a: Naruto
|-damage|p1a: Naruto|73/100
|
|-weather|SunnyDay|[upkeep]
|-heal|p2a: Blissey|99/100|[from] item: Leftovers
|upkeep
|turn|15
|
|t:|1758945827
|switch|p2a: Gliscor|Gliscor, F|82/100 tox
|-damage|p2a: Gliscor|70/100 tox|[from] Stealth Rock
|move|p1a: Naruto|U-turn|p2a: Gliscor
|-start|p1a: Naruto|typechange|Bug|[from] ability: Libero
|-resisted|p2a: Gliscor
|-damage|p2a: Gliscor|60/100 tox
|
|t:|1758945834
|switch|p1a: Kanao|Lilligant-Hisui, F, shiny|100/100|[from] U-turn
|-damage|p1a: Kanao|94/100|[from] Stealth Rock
|
|-weather|SunnyDay|[upkeep]
|-heal|p2a: Gliscor|73/100 tox|[from] ability: Poison Heal
|upkeep
|turn|16
|
|t:|1758945843
|move|p1a: Kanao|Swords Dance|p1a: Kanao
|-boost|p1a: Kanao|atk|2
|move|p2a: Gliscor|Facade|p1a: Kanao
|-damage|p1a: Kanao|50/100
|
|-weather|SunnyDay|[upkeep]
|-heal|p2a: Gliscor|85/100 tox|[from] ability: Poison Heal
|upkeep
|turn|17
|
|t:|1758945852
|move|p1a: Kanao|Triple Axel|p2a: Gliscor
|-supereffective|p2a: Gliscor
|-damage|p2a: Gliscor|42/100 tox
|-supereffective|p2a: Gliscor
|-damage|p2a: Gliscor|0 fnt
|faint|p2a: Gliscor
|-hitcount|p2: Gliscor|2
|-damage|p1a: Kanao|40/100|[from] item: Life Orb
|
|-weather|SunnyDay|[upkeep]
|upkeep
|
|t:|1758945864
|switch|p2a: Hatterene|Hatterene, F|100/100
|-damage|p2a: Hatterene|88/100|[from] Stealth Rock
|turn|18
|
|t:|1758945871
|move|p1a: Kanao|Solar Blade||[still]
|-prepare|p1a: Kanao|Solar Blade
|-anim|p1a: Kanao|Solar Blade|p2a: Hatterene
|-damage|p2a: Hatterene|0 fnt
|faint|p2a: Hatterene
|-damage|p1a: Kanao|30/100|[from] item: Life Orb
|
|-weather|SunnyDay|[upkeep]
|upkeep
|
|t:|1758945888
|switch|p2a: Kingambit|Kingambit, F, shiny|100/100
|-damage|p2a: Kingambit|94/100|[from] Stealth Rock
|-activate|p2a: Kingambit|ability: Supreme Overlord
|-start|p2a: Kingambit|fallen3|[silent]
|turn|19
|
|t:|1758945893
|move|p2a: Kingambit|Sucker Punch||[still]
|-fail|p2a: Kingambit
|move|p1a: Kanao|Swords Dance|p1a: Kanao
|-boost|p1a: Kanao|atk|2
|
|-weather|SunnyDay|[upkeep]
|-heal|p2a: Kingambit|100/100|[from] item: Leftovers
|upkeep
|turn|20
|
|t:|1758945900
|move|p2a: Kingambit|Sucker Punch||[still]
|-fail|p2a: Kingambit
|move|p1a: Kanao|Swords Dance|p1a: Kanao
|-boost|p1a: Kanao|atk|2
|
|-weather|none
|upkeep
|turn|21
|
|t:|1758945906
|move|p2a: Kingambit|Sucker Punch||[still]
|-fail|p2a: Kingambit
|move|p1a: Kanao|Swords Dance|p1a: Kanao
|-boost|p1a: Kanao|atk|0
|
|upkeep
|turn|22
|
|t:|1758945919
|move|p2a: Kingambit|Sucker Punch||[still]
|-fail|p2a: Kingambit
|move|p1a: Kanao|Swords Dance|p1a: Kanao
|-boost|p1a: Kanao|atk|0
|
|upkeep
|turn|23
|
|t:|1758945929
|-end|p2a: Kingambit|fallen3|[silent]
|switch|p2a: Gengar|Gengar, M|100/100
|-damage|p2a: Gengar|88/100|[from] Stealth Rock
|move|p1a: Kanao|Swords Dance|p1a: Kanao
|-boost|p1a: Kanao|atk|0
|
|upkeep
|turn|24
|
|t:|1758945938
|move|p2a: Gengar|Sludge Wave|p1a: Kanao
|-supereffective|p1a: Kanao
|-damage|p1a: Kanao|0 fnt
|faint|p1a: Kanao
|
|upkeep
|
|t:|1758945968
|switch|p1a: Henry|Walking Wake|100/100
|-damage|p1a: Henry|88/100|[from] Stealth Rock
|turn|25
|
|t:|1758945982
|switch|p2a: Blissey|Blissey, F|99/100
|-damage|p2a: Blissey|88/100|[from] Stealth Rock
|move|p1a: Henry|Hydro Steam|p2a: Blissey
|-damage|p2a: Blissey|71/100
|
|-heal|p2a: Blissey|77/100|[from] item: Leftovers
|upkeep
|turn|26
|
|t:|1758945990
|-end|p1a: Henry|Protosynthesis|[silent]
|switch|p1a: Todd|Torkoal, M|14/100
|-damage|p1a: Todd|0 fnt|[from] Stealth Rock
|faint|p1a: Todd
|move|p2a: Blissey|Seismic Toss|p1: Todd|[notarget]
|-fail|p2a: Blissey
|
|-heal|p2a: Blissey|83/100|[from] item: Leftovers
|upkeep
|
|t:|1758945998
|switch|p1a: Naruto|Cinderace, F|73/100
|turn|27
|
|t:|1758946002
|switch|p2a: Gengar|Gengar, M|88/100
|-damage|p2a: Gengar|76/100|[from] Stealth Rock
|move|p1a: Naruto|Pyro Ball|p2a: Gengar
|-damage|p2a: Gengar|0 fnt
|faint|p2a: Gengar
|
|upkeep
|
|t:|1758946006
|switch|p2a: Kingambit|Kingambit, F, shiny|100/100
|-damage|p2a: Kingambit|94/100|[from] Stealth Rock
|-activate|p2a: Kingambit|ability: Supreme Overlord
|-start|p2a: Kingambit|fallen4|[silent]
|turn|28
|
|t:|1758946014
|-end|p2a: Kingambit|fallen4|[silent]
|switch|p2a: Blissey|Blissey, F|83/100
|-damage|p2a: Blissey|71/100|[from] Stealth Rock
|move|p1a: Naruto|Pyro Ball|p2a: Blissey
|-damage|p2a: Blissey|19/100
|
|-heal|p2a: Blissey|25/100|[from] item: Leftovers
|upkeep
|turn|29
|
|t:|1758946021
|move|p1a: Naruto|Pyro Ball|p2a: Blissey
|-damage|p2a: Blissey|0 fnt
|faint|p2a: Blissey
|
|upkeep
|
|t:|1758946024
|switch|p2a: Kingambit|Kingambit, F, shiny|94/100
|-damage|p2a: Kingambit|88/100|[from] Stealth Rock
|-activate|p2a: Kingambit|ability: Supreme Overlord
|-start|p2a: Kingambit|fallen5|[silent]
|turn|30
|
|t:|1758946029
|move|p2a: Kingambit|Sucker Punch|p1a: Naruto
|-damage|p1a: Naruto|0 fnt
|faint|p1a: Naruto
|
|-heal|p2a: Kingambit|94/100|[from] item: Leftovers
|upkeep
|
|t:|1758946034
|switch|p1a: Moltres|Moltres|100/100
|turn|31
|
|t:|1758946038
|move|p1a: Moltres|Flamethrower|p2a: Kingambit
|-supereffective|p2a: Kingambit
|-damage|p2a: Kingambit|5/100
|move|p2a: Kingambit|Kowtow Cleave|p1a: Moltres
|-damage|p1a: Moltres|45/100
|-status|p2a: Kingambit|brn|[from] ability: Flame Body|[of] p1a: Moltres
|
|-heal|p2a: Kingambit|11/100 brn|[from] item: Leftovers
|-damage|p2a: Kingambit|5/100 brn|[from] brn
|upkeep
|turn|32
|
|t:|1758946048
|move|p2a: Kingambit|Sucker Punch||[still]
|-fail|p2a: Kingambit
|move|p1a: Moltres|Roost|p1a: Moltres
|-heal|p1a: Moltres|95/100
|-singleturn|p1a: Moltres|move: Roost
|
|-heal|p2a: Kingambit|11/100 brn|[from] item: Leftovers
|-damage|p2a: Kingambit|5/100 brn|[from] brn
|upkeep
|turn|33
|c|☆boolman|gg
|c|☆SpearOfCassius|gg
|l|☆boolman
|inactive|boolman disconnected and has a minute to reconnect!
|player|p2|
|inactive|boolman has 30 seconds to reconnect!
|inactive|boolman has 20 seconds to reconnect!
|inactive|boolman has 15 seconds to reconnect!
|inactive|boolman has 10 seconds to reconnect!
|inactive|boolman has 5 seconds to reconnect!
|-message|boolman lost due to inactivity.
|
|win|SpearOfCassius
|raw|SpearOfCassius's rating: 1340 &rarr; <strong>1357</strong><br />(+17 for winning)
|raw|boolman's rating: 1290 &rarr; <strong>1269</strong><br />(-21 for losing)
|l|☆SpearOfCassius
|player|p1|
