|j|☆teamrocketgrunt192
|j|☆irfan666
|t:|1758923861
|gametype|singles
|player|p1|teamrocketgrunt192|rocketgruntf|1107
|player|p2|irfan666|1|1103
|gen|9
|tier|[Gen 9] OU
|rated|
|rule|HP Percentage Mod: HP is shown in percentages
|rule|Endless Battle Clause: Forcing endless battles is banned
|rule|Species Clause: Limit one of each Pokémon
|rule|OHKO Clause: OHKO moves are banned
|rule|Evasion Items Clause: Evasion items are banned
|rule|Evasion Moves Clause: Evasion moves are banned
|rule|Evasion Abilities Clause: Evasion abilities are banned
|rule|Sleep Moves Clause: Sleep-inducing moves are banned
|clearpoke
|poke|p1|Serperior, F|
|poke|p1|Lurantis, M|
|poke|p1|Garchomp, M|
|poke|p1|Heatran, M|
|poke|p1|Great Tusk|
|poke|p1|Dragapult, F|
|poke|p2|Kommo-o, F|
|poke|p2|Gholdengo|
|poke|p2|Ninetales-Alola, F|
|poke|p2|Hatterene, F|
|poke|p2|Zamazenta-*|
|poke|p2|Kingambit, F|
|teampreview
|
|t:|1758923868
|teamsize|p1|6
|teamsize|p2|6
|start
|switch|p1a: Lurantis|Lurantis, M|100/100
|switch|p2a: Ninetales|Ninetales-Alola, F|100/100
|-weather|Snowscape|[from] ability: Snow Warning|[of] p2a: Ninetales
|turn|1
|
|t:|1758923873
|move|p2a: Ninetales|Aurora Veil|p2a: Ninetales
|-sidestart|p2: irfan666|move: Aurora Veil
|move|p1a: Lurantis|Superpower|p2a: Ninetales
|-damage|p2a: Ninetales|90/100
|-boost|p1a: Lurantis|atk|1
|-boost|p1a: Lurantis|def|1
|
|-weather|Snowscape|[upkeep]
|upkeep
|turn|2
|
|t:|1758923880
|move|p2a: Ninetales|Encore|p1a: Lurantis
|-start|p1a: Lurantis|Encore
|move|p1a: Lurantis|Superpower|p2a: Ninetales
|-crit|p2a: Ninetales
|-damage|p2a: Ninetales|36/100
|-boost|p1a: Lurantis|atk|1
|-boost|p1a: Lurantis|def|1
|
|-weather|Snowscape|[upkeep]
|upkeep
|turn|3
|
|t:|1758923891
|switch|p2a: Gholdengo|Gholdengo|100/100
|move|p1a: Lurantis|Superpower|p2a: Gholdengo
|-immune|p2a: Gholdengo
|
|-weather|Snowscape|[upkeep]
|upkeep
|turn|4
|
|t:|1758923900
|move|p2a: Gholdengo|Nasty Plot|p2a: Gholdengo
|-boost|p2a: Gholdengo|spa|2
|move|p1a: Lurantis|Superpower|p2a: Gholdengo
|-immune|p2a: Gholdengo
|
|-weather|Snowscape|[upkeep]
|-end|p1a: Lurantis|Encore
|upkeep
|turn|5
|
|t:|1758923903
|move|p2a: Gholdengo|Nasty Plot|p2a: Gholdengo
|-boost|p2a: Gholdengo|spa|2
|move|p1a: Lurantis|Knock Off|p2a: Gholdengo
|-supereffective|p2a: Gholdengo
|-damage|p2a: Gholdengo|45/100
|-enditem|p2a: Gholdengo|Custap Berry|[from] move: Knock Off|[of] p1a: Lurantis
|
|-weather|none
|upkeep
|turn|6
|
|t:|1758923909
|move|p2a: Gholdengo|Shadow Ball|p1a: Lurantis
|-damage|p1a: Lurantis|35/100
|move|p1a: Lurantis|Knock Off|p2a: Gholdengo
|-supereffective|p2a: Gholdengo
|-damage|p2a: Gholdengo|7/100
|
|upkeep
|turn|7
|
|t:|1758923915
|move|p2a: Gholdengo|Shadow Ball|p1a: Lurantis
|-damage|p1a: Lurantis|0 fnt
|faint|p1a: Lurantis
|
|upkeep
|
|t:|1758923920
|switch|p1a: Serperior|Serperior, F|100/100
|turn|8
|
|t:|1758923927
|move|p1a: Serperior|Leaf Storm|p2a: Gholdengo
|-resisted|p2a: Gholdengo
|-damage|p2a: Gholdengo|0 fnt
|-boost|p1a: Serperior|spa|2
|faint|p2a: Gholdengo
|
|-sideend|p2: irfan666|move: Aurora Veil
|upkeep
|
|t:|1758923930
|switch|p2a: Ninetales|Ninetales-Alola, F|36/100
|-weather|Snowscape|[from] ability: Snow Warning|[of] p2a: Ninetales
|turn|9
|
|t:|1758923936
|-terastallize|p1a: Serperior|Fairy
|move|p1a: Serperior|Leaf Storm|p2a: Ninetales
|-damage|p2a: Ninetales|0 fnt
|-boost|p1a: Serperior|spa|2
|faint|p2a: Ninetales
|
|-weather|Snowscape|[upkeep]
|upkeep
|
|t:|1758923960
|switch|p2a: Hatterene|Hatterene, F|100/100
|turn|10
|
|t:|1758923969
|move|p1a: Serperior|Leaf Storm|p2a: Hatterene
|-damage|p2a: Hatterene|0 fnt
|-boost|p1a: Serperior|spa|2
|faint|p2a: Hatterene
|
|-weather|Snowscape|[upkeep]
|upkeep
|
|t:|1758923977
|switch|p2a: Zamazenta|Zamazenta|100/100
|-ability|p2a: Zamazenta|Dauntless Shield|boost
|-boost|p2a: Zamazenta|def|1
|turn|11
|
|t:|1758923982
|move|p2a: Zamazenta|Heavy Slam|p1a: Serperior
|-supereffective|p1a: Serperior
|-damage|p1a: Serperior|20/100
|-damage|p2a: Zamazenta|91/100|[from] item: Life Orb
|move|p1a: Serperior|Glare|p2a: Zamazenta
|-status|p2a: Zamazenta|par
|
|-weather|Snowscape|[upkeep]
|-heal|p1a: Serperior|26/100|[from] item: Leftovers
|upkeep
|turn|12
|
|t:|1758923993
|move|p1a: Serperior|Leaf Storm|p2a: Zamazenta|[miss]
|-miss|p1a: Serperior|p2a: Zamazenta
|cant|p2a: Zamazenta|par
|
|-weather|Snowscape|[upkeep]
|-heal|p1a: Serperior|32/100|[from] item: Leftovers
|upkeep
|turn|13
|
|t:|1758923996
|move|p1a: Serperior|Leaf Storm|p2a: Zamazenta
|-damage|p2a: Zamazenta|0 fnt
|faint|p2a: Zamazenta
|
|-weather|none
|-heal|p1a: Serperior|39/100|[from] item: Leftovers
|upkeep
|
|t:|1758924000
|switch|p2a: Kommo-o|Kommo-o, F|100/100
|turn|14
|
|t:|1758924006
|move|p1a: Serperior|Dragon Pulse|p2a: Kommo-o
|-supereffective|p2a: Kommo-o
|-damage|p2a: Kommo-o|0 fnt
|faint|p2a: Kommo-o
|
|-heal|p1a: Serperior|45/100|[from] item: Leftovers
|upkeep
|
|t:|1758924008
|switch|p2a: Kingambit|Kingambit, F|100/100
|-activate|p2a: Kingambit|ability: Supreme Overlord
|-start|p2a: Kingambit|fallen5|[silent]
|-item|p2a: Kingambit|Air Balloon
|turn|15
|
|t:|1758924020
|move|p2a: Kingambit|Sucker Punch||[still]
|-fail|p2a: Kingambit
|move|p1a: Serperior|Glare|p2a: Kingambit
|-status|p2a: Kingambit|par
|
|-heal|p1a: Serperior|51/100|[from] item: Leftovers
|upkeep
|turn|16
|
|t:|1758924024
|move|p2a: Kingambit|Sucker Punch||[still]
|-fail|p2a: Kingambit
|move|p1a: Serperior|Substitute|p1a: Serperior
|-start|p1a: Serperior|Substitute
|-damage|p1a: Serperior|26/100
|
|-heal|p1a: Serperior|32/100|[from] item: Leftovers
|upkeep
|turn|17
|
|t:|1758924031
|move|p2a: Kingambit|Sucker Punch|p1a: Serperior
|-resisted|p1a: Serperior
|-end|p1a: Serperior|Substitute
|move|p1a: Serperior|Leaf Storm|p2a: Kingambit
|-resisted|p2a: Kingambit
|-damage|p2a: Kingambit|10/100 par
|-enditem|p2a: Kingambit|Air Balloon
|
|-heal|p1a: Serperior|39/100|[from] item: Leftovers
|upkeep
|turn|18
|
|t:|1758924038
|move|p1a: Serperior|Substitute|p1a: Serperior
|-start|p1a: Serperior|Substitute
|-damage|p1a: Serperior|14/100
|move|p2a: Kingambit|Kowtow Cleave|p1a: Serperior
|-resisted|p1a: Serperior
|-end|p1a: Serperior|Substitute
|
|-heal|p1a: Serperior|20/100|[from] item: Leftovers
|upkeep
|turn|19
|
|t:|1758924044
|cant|p2a: Kingambit|par
|move|p1a: Serperior|Substitute|p1a: Serperior
|-fail|p1a: Serperior|move: Substitute|[weak]
|
|-heal|p1a: Serperior|26/100|[from] item: Leftovers
|upkeep
|turn|20
|
|t:|1758924046
|move|p2a: Kingambit|Sucker Punch||[still]
|-fail|p2a: Kingambit
|move|p1a: Serperior|Substitute|p1a: Serperior
|-start|p1a: Serperior|Substitute
|-damage|p1a: Serperior|2/100
|
|-heal|p1a: Serperior|8/100|[from] item: Leftovers
|upkeep
|turn|21
|
|t:|1758924049
|move|p2a: Kingambit|Sucker Punch|p1a: Serperior
|-resisted|p1a: Serperior
|-end|p1a: Serperior|Substitute
|move|p1a: Serperior|Leaf Storm|p2a: Kingambit
|-resisted|p2a: Kingambit
|-damage|p2a: Kingambit|0 fnt
|faint|p2a: Kingambit
|-end|p2a: Kingambit|fallen5|[silent]
|
|win|teamrocketgrunt192
|raw|teamrocketgrunt192's rating: 1107 &rarr; <strong>1132</strong><br />(+25 for winning)
|raw|irfan666's rating: 1103 &rarr; <strong>1078</strong><br />(-25 for losing)
|l|☆irfan666
|player|p2|
|c|☆teamrocketgrunt192|Gg
