|j|☆pokeoscar35
|j|☆Shibuya Arc
|t:|1758929982
|gametype|singles
|player|p1|pokeoscar35|102|1431
|player|p2|Shibuya Arc|265|1500
|gen|9
|tier|[Gen 9] OU
|rated|
|rule|HP Percentage Mod: HP is shown in percentages
|rule|Endless Battle Clause: Forcing endless battles is banned
|rule|Species Clause: Limit one of each Pokémon
|rule|OHKO Clause: OHKO moves are banned
|rule|Evasion Items Clause: Evasion items are banned
|rule|Evasion Moves Clause: Evasion moves are banned
|rule|Evasion Abilities Clause: Evasion abilities are banned
|rule|Sleep Moves Clause: Sleep-inducing moves are banned
|clearpoke
|poke|p1|Latias, F|
|poke|p1|Ninetales-Alola, M|
|poke|p1|Gliscor, F|
|poke|p1|Great Tusk|
|poke|p1|Rillaboom, F|
|poke|p1|Glimmora, F|
|poke|p2|Dragapult, F|
|poke|p2|Dragonite, F|
|poke|p2|Ting-Lu|
|poke|p2|Weezing-Galar, F|
|poke|p2|Iron Crown|
|poke|p2|Zapdos|
|teampreview
|inactive|Battle timer is ON: inactive players will automatically lose when time's up. (requested by Shibuya Arc)
|
|t:|1758930012
|teamsize|p1|6
|teamsize|p2|6
|start
|switch|p1a: Gliscor|Gliscor, F|100/100
|switch|p2a: Ting-Lu|Ting-Lu|100/100
|-ability|p2a: Ting-Lu|Vessel of Ruin
|turn|1
|
|t:|1758930018
|move|p1a: Gliscor|Toxic|p2a: Ting-Lu
|-status|p2a: Ting-Lu|tox
|move|p2a: Ting-Lu|Stealth Rock|p1a: Gliscor
|-sidestart|p1: pokeoscar35|move: Stealth Rock
|
|-damage|p2a: Ting-Lu|94/100 tox|[from] psn
|-status|p1a: Gliscor|tox|[from] item: Toxic Orb
|upkeep
|turn|2
|
|t:|1758930046
|move|p1a: Gliscor|Earthquake|p2a: Ting-Lu
|-damage|p2a: Ting-Lu|74/100 tox
|move|p2a: Ting-Lu|Ruination|p1a: Gliscor
|-damage|p1a: Gliscor|51/100 tox
|
|-heal|p2a: Ting-Lu|81/100 tox|[from] item: Leftovers
|-heal|p1a: Gliscor|63/100 tox|[from] ability: Poison Heal
|-damage|p2a: Ting-Lu|68/100 tox|[from] psn
|upkeep
|turn|3
|
|t:|1758930055
|switch|p2a: Weezing|Weezing-Galar, F|100/100
|-ability|p2a: Weezing|Neutralizing Gas
|move|p1a: Gliscor|Protect||[still]
|-fail|p1a: Gliscor
|
|-damage|p1a: Gliscor|51/100 tox|[from] psn
|upkeep
|turn|4
|inactive|pokeoscar35 has 120 seconds left.
|
|t:|1758930089
|move|p1a: Gliscor|Earthquake|p2a: Weezing
|-supereffective|p2a: Weezing
|-damage|p2a: Weezing|53/100
|move|p2a: Weezing|Toxic Spikes|p1a: Gliscor
|-sidestart|p1: pokeoscar35|move: Toxic Spikes
|
|-damage|p1a: Gliscor|32/100 tox|[from] psn
|upkeep
|turn|5
|inactive|pokeoscar35 has 120 seconds left.
|
|t:|1758930097
|move|p1a: Gliscor|Earthquake|p2a: Weezing
|-supereffective|p2a: Weezing
|-damage|p2a: Weezing|10/100
|move|p2a: Weezing|Toxic Spikes|p1a: Gliscor
|-sidestart|p1: pokeoscar35|move: Toxic Spikes
|
|-damage|p1a: Gliscor|7/100 tox|[from] psn
|upkeep
|turn|6
|
|t:|1758930105
|move|p1a: Gliscor|Earthquake|p2a: Weezing
|-supereffective|p2a: Weezing
|-damage|p2a: Weezing|0 fnt
|faint|p2a: Weezing
|-end|p2a: Weezing|ability: Neutralizing Gas
|
|-heal|p1a: Gliscor|19/100 tox|[from] ability: Poison Heal
|upkeep
|
|t:|1758930112
|switch|p2a: Iron Crown|Iron Crown|100/100
|turn|7
|inactive|pokeoscar35 has 120 seconds left.
|
|t:|1758930142
|move|p1a: Gliscor|Protect|p1a: Gliscor
|-singleturn|p1a: Gliscor|Protect
|move|p2a: Iron Crown|Tachyon Cutter|p1a: Gliscor
|-activate|p1a: Gliscor|move: Protect
|
|-heal|p1a: Gliscor|32/100 tox|[from] ability: Poison Heal
|upkeep
|turn|8
|inactive|pokeoscar35 has 120 seconds left.
|
|t:|1758930160
|move|p2a: Iron Crown|Tachyon Cutter|p1a: Gliscor
|-damage|p1a: Gliscor|0 fnt
|faint|p1a: Gliscor
|-hitcount|p1: Gliscor|1
|
|upkeep
|
|t:|1758930164
|switch|p1a: Ninetales|Ninetales-Alola, M|100/100
|-damage|p1a: Ninetales|76/100|[from] Stealth Rock
|-status|p1a: Ninetales|tox
|-weather|Snowscape|[from] ability: Snow Warning|[of] p1a: Ninetales
|turn|9
|
|t:|1758930169
|move|p1a: Ninetales|Aurora Veil|p1a: Ninetales
|-sidestart|p1: pokeoscar35|move: Aurora Veil
|move|p2a: Iron Crown|Tachyon Cutter|p1a: Ninetales
|-supereffective|p1a: Ninetales
|-damage|p1a: Ninetales|8/100 tox
|-supereffective|p1a: Ninetales
|-damage|p1a: Ninetales|0 fnt
|faint|p1a: Ninetales
|-hitcount|p1: Ninetales|2
|
|-weather|Snowscape|[upkeep]
|upkeep
|inactive|pokeoscar35 has 120 seconds left.
|
|t:|1758930193
|switch|p1a: Glimmora|Glimmora, F|100/100
|-damage|p1a: Glimmora|88/100|[from] Stealth Rock
|-sideend|p1: pokeoscar35|move: Toxic Spikes|[of] p1a: Glimmora
|turn|10
|
|t:|1758930199
|move|p2a: Iron Crown|Tachyon Cutter|p1a: Glimmora
|-supereffective|p1a: Glimmora
|-damage|p1a: Glimmora|36/100
|-supereffective|p1a: Glimmora
|-damage|p1a: Glimmora|0 fnt
|faint|p1a: Glimmora
|-hitcount|p1: Glimmora|2
|
|-weather|Snowscape|[upkeep]
|upkeep
|inactive|pokeoscar35 has 120 seconds left.
|inactive|pokeoscar35 has 90 seconds left.
|inactive|pokeoscar35 has 60 seconds left.
|
|t:|1758930266
|switch|p1a: Great Tusk|Great Tusk|100/100
|-damage|p1a: Great Tusk|97/100|[from] Stealth Rock
|turn|11
|
|t:|1758930272
|-end|p2a: Iron Crown|Quark Drive|[silent]
|switch|p2a: Zapdos|Zapdos|100/100
|move|p1a: Great Tusk|Rapid Spin|p2a: Zapdos
|-damage|p2a: Zapdos|82/100
|-boost|p1a: Great Tusk|spe|1
|-sideend|p1: pokeoscar35|Stealth Rock|[from] move: Rapid Spin|[of] p1a: Great Tusk
|
|-weather|Snowscape|[upkeep]
|-heal|p1a: Great Tusk|100/100|[from] item: Leftovers
|upkeep
|turn|12
|
|t:|1758930283
|move|p1a: Great Tusk|Ice Spinner|p2a: Zapdos
|-supereffective|p2a: Zapdos
|-damage|p2a: Zapdos|31/100
|-status|p1a: Great Tusk|par|[from] ability: Static|[of] p2a: Zapdos
|move|p2a: Zapdos|Hurricane|p1a: Great Tusk
|-supereffective|p1a: Great Tusk
|-damage|p1a: Great Tusk|33/100 par
|-start|p1a: Great Tusk|confusion
|
|-weather|Snowscape|[upkeep]
|-heal|p1a: Great Tusk|40/100 par|[from] item: Leftovers
|upkeep
|turn|13
|
|t:|1758930290
|move|p2a: Zapdos|Roost|p2a: Zapdos
|-heal|p2a: Zapdos|81/100
|-singleturn|p2a: Zapdos|move: Roost
|-activate|p1a: Great Tusk|confusion
|move|p1a: Great Tusk|Ice Spinner|p2a: Zapdos
|-damage|p2a: Zapdos|55/100
|
|-weather|none
|-heal|p1a: Great Tusk|46/100 par|[from] item: Leftovers
|upkeep
|turn|14
|-message|pokeoscar35 forfeited.
|
|win|Shibuya Arc
|raw|pokeoscar35's rating: 1431 &rarr; <strong>1415</strong><br />(-16 for losing)
|raw|Shibuya Arc's rating: 1500 &rarr; <strong>1516</strong><br />(+16 for winning)
|l|☆pokeoscar35
|player|p1|
