|j|‽Dominicano 55
|j|☆billy_bebrik
|t:|1759014528
|gametype|singles
|player|p1|Dominicano 55|170|1288
|player|p2|billy_bebrik|1|1313
|gen|9
|tier|[Gen 9] OU
|rated|
|rule|HP Percentage Mod: HP is shown in percentages
|rule|Endless Battle Clause: Forcing endless battles is banned
|rule|Species Clause: Limit one of each Pokémon
|rule|OHKO Clause: OHKO moves are banned
|rule|Evasion Items Clause: Evasion items are banned
|rule|Evasion Moves Clause: Evasion moves are banned
|rule|Evasion Abilities Clause: Evasion abilities are banned
|rule|Sleep Moves Clause: Sleep-inducing moves are banned
|clearpoke
|poke|p1|Lokix, M|
|poke|p1|Dragapult, M|
|poke|p1|Toedscruel, F|
|poke|p1|Gyarados, M|
|poke|p1|Rotom-Heat|
|poke|p1|Revavroom, M|
|poke|p2|Glimmora, F|
|poke|p2|Ogerpon-Wellspring, F|
|poke|p2|Hatterene, F|
|poke|p2|Iron Moth|
|poke|p2|Dragonite, F|
|poke|p2|Kingambit, F|
|teampreview
|inactive|Battle timer is ON: inactive players will automatically lose when time's up. (requested by billy_bebrik)
|
|t:|1759014535
|teamsize|p1|6
|teamsize|p2|6
|start
|switch|p1a: Revavroom|Revavroom, M|100/100
|switch|p2a: The Advocate|Glimmora, F|100/100
|turn|1
|
|t:|1759014547
|-terastallize|p2a: The Advocate|Ghost
|move|p1a: Revavroom|Shift Gear|p1a: Revavroom
|-boost|p1a: Revavroom|spe|2
|-boost|p1a: Revavroom|atk|1
|move|p2a: The Advocate|Stealth Rock|p1a: Revavroom
|-sidestart|p1: Dominicano 55|move: Stealth Rock
|
|upkeep
|turn|2
|
|t:|1759014557
|move|p1a: Revavroom|High Horsepower|p2a: The Advocate
|-damage|p2a: The Advocate|46/100
|-activate|p2a: The Advocate|ability: Toxic Debris
|-sidestart|p1: Dominicano 55|move: Toxic Spikes
|move|p2a: The Advocate|Power Gem|p1a: Revavroom
|-resisted|p1a: Revavroom
|-damage|p1a: Revavroom|63/100
|
|upkeep
|turn|3
|
|t:|1759014567
|move|p1a: Revavroom|High Horsepower|p2a: The Advocate
|-damage|p2a: The Advocate|0 fnt
|-activate|p2a: The Advocate|ability: Toxic Debris
|-sidestart|p1: Dominicano 55|move: Toxic Spikes
|faint|p2a: The Advocate
|
|upkeep
|
|t:|1759014582
|switch|p2a: The Leader|Kingambit, F|100/100
|-activate|p2a: The Leader|ability: Supreme Overlord
|-start|p2a: The Leader|fallen1|[silent]
|turn|4
|
|t:|1759014586
|move|p2a: The Leader|Sucker Punch|p1a: Revavroom
|-damage|p1a: Revavroom|0 fnt
|faint|p1a: Revavroom
|
|upkeep
|
|t:|1759014591
|switch|p1a: Toedscruel|Toedscruel, F|100/100
|turn|5
|
|t:|1759014598
|move|p1a: Toedscruel|Rapid Spin|p2a: The Leader
|-resisted|p2a: The Leader
|-damage|p2a: The Leader|97/100
|-boost|p1a: Toedscruel|spe|1
|-sideend|p1: Dominicano 55|Toxic Spikes|[from] move: Rapid Spin|[of] p1a: Toedscruel
|-sideend|p1: Dominicano 55|Stealth Rock|[from] move: Rapid Spin|[of] p1a: Toedscruel
|move|p2a: The Leader|Swords Dance|p2a: The Leader
|-boost|p2a: The Leader|atk|2
|
|upkeep
|turn|6
|
|t:|1759014613
|move|p1a: Toedscruel|Earth Power|p2a: The Leader
|-supereffective|p2a: The Leader
|-damage|p2a: The Leader|37/100
|move|p2a: The Leader|Kowtow Cleave|p1a: Toedscruel
|-damage|p1a: Toedscruel|0 fnt
|faint|p1a: Toedscruel
|
|upkeep
|
|t:|1759014621
|switch|p1a: Lokix|Lokix, M|100/100
|turn|7
|
|t:|1759014635
|-end|p2a: The Leader|fallen1|[silent]
|switch|p2a: Satan|Dragonite, F|100/100
|move|p1a: Lokix|First Impression|p2a: Satan
|-resisted|p2a: Satan
|-damage|p2a: Satan|66/100
|
|upkeep
|turn|8
|
|t:|1759014649
|switch|p1a: Rotom|Rotom-Heat|100/100
|move|p2a: Satan|Dragon Dance|p2a: Satan
|-boost|p2a: Satan|atk|1
|-boost|p2a: Satan|spe|1
|
|upkeep
|turn|9
|
|t:|1759014656
|move|p2a: Satan|Ice Spinner|p1a: Rotom
|-resisted|p1a: Rotom
|-damage|p1a: Rotom|75/100
|move|p1a: Rotom|Will-O-Wisp|p2a: Satan
|-status|p2a: Satan|brn
|-enditem|p2a: Satan|Lum Berry|[eat]
|-curestatus|p2a: Satan|brn|[msg]
|
|-heal|p1a: Rotom|81/100|[from] item: Leftovers
|upkeep
|turn|10
|
|t:|1759014666
|move|p2a: Satan|Dragon Dance|p2a: Satan
|-boost|p2a: Satan|atk|1
|-boost|p2a: Satan|spe|1
|move|p1a: Rotom|Nasty Plot|p1a: Rotom
|-boost|p1a: Rotom|spa|2
|
|-heal|p1a: Rotom|88/100|[from] item: Leftovers
|upkeep
|turn|11
|
|t:|1759014673
|move|p2a: Satan|Ice Spinner|p1a: Rotom
|-resisted|p1a: Rotom
|-damage|p1a: Rotom|54/100
|move|p1a: Rotom|Will-O-Wisp|p2a: Satan
|-status|p2a: Satan|brn
|
|-heal|p1a: Rotom|60/100|[from] item: Leftovers
|-damage|p2a: Satan|60/100 brn|[from] brn
|upkeep
|turn|12
|
|t:|1759014681
|move|p2a: Satan|Ice Spinner|p1a: Rotom
|-resisted|p1a: Rotom
|-damage|p1a: Rotom|45/100
|move|p1a: Rotom|Thunderbolt|p2a: Satan
|-damage|p2a: Satan|0 fnt
|faint|p2a: Satan
|
|-heal|p1a: Rotom|51/100|[from] item: Leftovers
|upkeep
|
|t:|1759014689
|switch|p2a: The Idol|Iron Moth|100/100
|-enditem|p2a: The Idol|Booster Energy
|-activate|p2a: The Idol|ability: Quark Drive|[fromitem]
|-start|p2a: The Idol|quarkdrivespe
|turn|13
|
|t:|1759014697
|move|p2a: The Idol|Sludge Wave|p1a: Rotom
|-damage|p1a: Rotom|16/100
|move|p1a: Rotom|Thunderbolt|p2a: The Idol
|-damage|p2a: The Idol|27/100
|
|-heal|p1a: Rotom|22/100|[from] item: Leftovers
|upkeep
|turn|14
|
|t:|1759014704
|move|p2a: The Idol|Sludge Wave|p1a: Rotom
|-damage|p1a: Rotom|0 fnt
|faint|p1a: Rotom
|
|upkeep
|
|t:|1759014708
|switch|p1a: Lokix|Lokix, M|100/100
|turn|15
|
|t:|1759014713
|move|p1a: Lokix|First Impression|p2a: The Idol
|-resisted|p2a: The Idol
|-damage|p2a: The Idol|0 fnt
|faint|p2a: The Idol
|-end|p2a: The Idol|Quark Drive|[silent]
|
|upkeep
|
|t:|1759014715
|switch|p2a: The Witch|Hatterene, F|100/100
|turn|16
|
|t:|1759014726
|switch|p1a: Dragapult|Dragapult, M|100/100
|move|p2a: The Witch|Draining Kiss|p1a: Dragapult
|-supereffective|p1a: Dragapult
|-damage|p1a: Dragapult|41/100
|
|upkeep
|turn|17
|
|t:|1759014736
|move|p1a: Dragapult|Shadow Ball|p2a: The Witch
|-supereffective|p2a: The Witch
|-damage|p2a: The Witch|17/100
|move|p2a: The Witch|Calm Mind|p2a: The Witch
|-boost|p2a: The Witch|spa|1
|-boost|p2a: The Witch|spd|1
|
|-heal|p2a: The Witch|23/100|[from] item: Leftovers
|upkeep
|turn|18
|
|t:|1759014743
|move|p1a: Dragapult|Shadow Ball|p2a: The Witch
|-supereffective|p2a: The Witch
|-damage|p2a: The Witch|0 fnt
|faint|p2a: The Witch
|
|upkeep
|
|t:|1759014746
|switch|p2a: The Ogerponzi|Ogerpon-Wellspring, F|100/100
|turn|19
|
|t:|1759014751
|move|p1a: Dragapult|Shadow Ball|p2a: The Ogerponzi
|-damage|p2a: The Ogerponzi|55/100
|move|p2a: The Ogerponzi|Knock Off|p1a: Dragapult
|-supereffective|p1a: Dragapult
|-damage|p1a: Dragapult|0 fnt
|-enditem|p1a: Dragapult|Choice Scarf|[from] move: Knock Off|[of] p2a: The Ogerponzi
|faint|p1a: Dragapult
|
|upkeep
|
|t:|1759014763
|switch|p1a: Lokix|Lokix, M|100/100
|turn|20
|
|t:|1759014774
|move|p2a: The Ogerponzi|U-turn|p1a: Lokix
|-supereffective|p1a: Lokix
|-damage|p1a: Lokix|20/100
|
|t:|1759014781
|switch|p2a: The Leader|Kingambit, F|37/100|[from] U-turn
|-activate|p2a: The Leader|ability: Supreme Overlord
|-start|p2a: The Leader|fallen4|[silent]
|move|p1a: Lokix|Axe Kick|p2a: The Leader
|-supereffective|p2a: The Leader
|-damage|p2a: The Leader|0 fnt
|faint|p2a: The Leader
|-end|p2a: The Leader|fallen4|[silent]
|
|upkeep
|
|t:|1759014787
|switch|p2a: The Ogerponzi|Ogerpon-Wellspring, F|55/100
|turn|21
|
|t:|1759014794
|switch|p1a: Gyarados|Gyarados, M|100/100
|move|p2a: The Ogerponzi|Horn Leech|p1a: Gyarados
|-damage|p1a: Gyarados|40/100
|-heal|p2a: The Ogerponzi|89/100|[from] drain|[of] p1a: Gyarados
|
|-heal|p1a: Gyarados|46/100|[from] item: Leftovers
|upkeep
|turn|22
|
|t:|1759014805
|move|p2a: The Ogerponzi|Knock Off|p1a: Gyarados
|-damage|p1a: Gyarados|0 fnt
|-enditem|p1a: Gyarados|Leftovers|[from] move: Knock Off|[of] p2a: The Ogerponzi
|faint|p1a: Gyarados
|
|upkeep
|
|t:|1759014809
|switch|p1a: Lokix|Lokix, M|20/100
|turn|23
|
|t:|1759014814
|-terastallize|p1a: Lokix|Bug
|move|p1a: Lokix|First Impression|p2a: The Ogerponzi
|-supereffective|p2a: The Ogerponzi
|-damage|p2a: The Ogerponzi|0 fnt
|faint|p2a: The Ogerponzi
|
|win|Dominicano 55
|raw|Dominicano 55's rating: 1288 &rarr; <strong>1315</strong><br />(+27 for winning)
|raw|billy_bebrik's rating: 1313 &rarr; <strong>1292</strong><br />(-21 for losing)
|l|☆billy_bebrik
|player|p2|
|l|‽Dominicano 55
|player|p1|
