|j|☆a calm mind
|j|☆v1n001
|t:|1758933014
|gametype|singles
|player|p1|a calm mind|unknownf|1691
|player|p2|v1n001|101|1710
|gen|9
|tier|[Gen 9] OU
|rated|
|rule|HP Percentage Mod: HP is shown in percentages
|rule|Endless Battle Clause: Forcing endless battles is banned
|rule|Species Clause: Limit one of each Pokémon
|rule|OHKO Clause: OHKO moves are banned
|rule|Evasion Items Clause: Evasion items are banned
|rule|Evasion Moves Clause: Evasion moves are banned
|rule|Evasion Abilities Clause: Evasion abilities are banned
|rule|Sleep Moves Clause: Sleep-inducing moves are banned
|clearpoke
|poke|p1|Iron Valiant|
|poke|p1|Squawkabilly, M|
|poke|p1|Zoroark, M|
|poke|p1|Great Tusk|
|poke|p1|Cinderace, F|
|poke|p1|Empoleon, M|
|poke|p2|Rillaboom, F|
|poke|p2|Hawlucha, F|
|poke|p2|Gholdengo|
|poke|p2|Heatran, F|
|poke|p2|Glimmora, F|
|poke|p2|Ogerpon-Wellspring, F|
|teampreview
|inactive|Battle timer is ON: inactive players will automatically lose when time's up. (requested by v1n001)
|inactive|a calm mind has 120 seconds left.
|
|t:|1758933051
|teamsize|p1|6
|teamsize|p2|6
|start
|switch|p1a: Empoleon|Empoleon, M|100/100
|switch|p2a: Rillaboom|Rillaboom, F, shiny|100/100
|-fieldstart|move: Grassy Terrain|[from] ability: Grassy Surge|[of] p2a: Rillaboom
|turn|1
|
|t:|1758933067
|move|p2a: Rillaboom|Swords Dance|p2a: Rillaboom
|-boost|p2a: Rillaboom|atk|2
|move|p1a: Empoleon|Counter||[still]
|-fail|p1a: Empoleon
|
|upkeep
|turn|2
|
|t:|1758933070
|move|p2a: Rillaboom|Swords Dance|p2a: Rillaboom
|-boost|p2a: Rillaboom|atk|2
|move|p1a: Empoleon|Counter||[still]
|-fail|p1a: Empoleon
|
|upkeep
|turn|3
|
|t:|1758933074
|move|p2a: Rillaboom|Drain Punch|p1a: Empoleon
|-supereffective|p1a: Empoleon
|-enditem|p1a: Empoleon|Focus Sash
|-damage|p1a: Empoleon|1/100
|replace|p1a: Zoroark|Zoroark, M, shiny
|-end|p1a: Zoroark|Illusion
|-damage|p2a: Rillaboom|91/100|[from] item: Life Orb
|move|p1a: Zoroark|Counter|p2a: Rillaboom
|-damage|p2a: Rillaboom|0 fnt
|faint|p2a: Rillaboom
|
|-heal|p1a: Zoroark|7/100|[from] Grassy Terrain
|upkeep
|
|t:|1758933079
|switch|p2a: Ogerpon|Ogerpon-Wellspring, F|100/100
|turn|4
|
|t:|1758933087
|move|p1a: Zoroark|Memento|p2a: Ogerpon
|-unboost|p2a: Ogerpon|atk|2
|-unboost|p2a: Ogerpon|spa|2
|faint|p1a: Zoroark
|move|p2a: Ogerpon|Swords Dance|p2a: Ogerpon
|-boost|p2a: Ogerpon|atk|2
|
|upkeep
|j| Poltzor
|
|t:|1758933111
|switch|p1a: squawk tua|Squawkabilly, M|100/100
|-ability|p1a: squawk tua|Intimidate|boost
|-unboost|p2a: Ogerpon|atk|1
|turn|5
|inactive|a calm mind has 120 seconds left.
|
|t:|1758933140
|switch|p2a: Gholdengo|Gholdengo|100/100
|-enditem|p2a: Gholdengo|Grassy Seed
|-boost|p2a: Gholdengo|def|1|[from] item: Grassy Seed
|move|p1a: squawk tua|Parting Shot|p2a: Gholdengo
|-immune|p2a: Gholdengo|[from] ability: Good as Gold
|
|-fieldend|move: Grassy Terrain
|upkeep
|turn|6
|inactive|a calm mind has 120 seconds left.
|
|t:|1758933150
|switch|p1a: Cinderace|Cinderace, F|100/100
|move|p2a: Gholdengo|Nasty Plot|p2a: Gholdengo
|-boost|p2a: Gholdengo|spa|2
|
|upkeep
|turn|7
|
|t:|1758933156
|move|p1a: Cinderace|Pyro Ball|p2a: Gholdengo|[miss]
|-miss|p1a: Cinderace|p2a: Gholdengo
|move|p2a: Gholdengo|Nasty Plot|p2a: Gholdengo
|-boost|p2a: Gholdengo|spa|2
|
|upkeep
|turn|8
|
|t:|1758933160
|move|p1a: Cinderace|Pyro Ball|p2a: Gholdengo
|-supereffective|p2a: Gholdengo
|-crit|p2a: Gholdengo
|-damage|p2a: Gholdengo|0 fnt
|faint|p2a: Gholdengo
|
|upkeep
|-message|v1n001 forfeited.
|
|win|a calm mind
|raw|a calm mind's rating: 1691 &rarr; <strong>1712</strong><br />(+21 for winning)
|raw|v1n001's rating: 1710 &rarr; <strong>1689</strong><br />(-21 for losing)
|l|☆v1n001
|player|p2|
|l|☆a calm mind
|player|p1|
