|j|‽Sleepy753
|j|☆Rising Ursaring
|t:|1759068585
|gametype|singles
|player|p1|Sleepy753|steven|1388
|player|p2|Rising Ursaring|burglar|1422
|gen|9
|tier|[Gen 9] OU
|rated|
|rule|HP Percentage Mod: HP is shown in percentages
|rule|Endless Battle Clause: Forcing endless battles is banned
|rule|Species Clause: Limit one of each Pokémon
|rule|OHKO Clause: OHKO moves are banned
|rule|Evasion Items Clause: Evasion items are banned
|rule|Evasion Moves Clause: Evasion moves are banned
|rule|Evasion Abilities Clause: Evasion abilities are banned
|rule|Sleep Moves Clause: Sleep-inducing moves are banned
|clearpoke
|poke|p1|Quaquaval, M|
|poke|p1|Skeledirge, F|
|poke|p1|Araquanid, M|
|poke|p1|Dragapult, M|
|poke|p1|Weavile, F|
|poke|p1|Weezing-Galar, M|
|poke|p2|Raging Bolt|
|poke|p2|Wo-Chien|
|poke|p2|Empoleon, M|
|poke|p2|Ceruledge, F|
|poke|p2|Weezing-Galar, F|
|poke|p2|Landorus-Therian, M|
|teampreview
|inactive|Battle timer is ON: inactive players will automatically lose when time's up. (requested by Sleepy753)
|
|t:|1759068602
|teamsize|p1|6
|teamsize|p2|6
|start
|switch|p1a: Dragapult|Dragapult, M|100/100
|switch|p2a: Raging Bolt|Raging Bolt|100/100
|turn|1
|
|t:|1759068607
|-terastallize|p2a: Raging Bolt|Fairy
|move|p1a: Dragapult|Substitute|p1a: Dragapult
|-start|p1a: Dragapult|Substitute
|-damage|p1a: Dragapult|76/100
|move|p2a: Raging Bolt|Dragon Pulse|p1a: Dragapult
|-supereffective|p1a: Dragapult
|-end|p1a: Dragapult|Substitute
|
|-heal|p1a: Dragapult|82/100|[from] item: Leftovers
|upkeep
|turn|2
|
|t:|1759068615
|switch|p1a: Weezing|Weezing-Galar, M|100/100
|move|p2a: Raging Bolt|Volt Switch|p1a: Weezing
|-damage|p1a: Weezing|43/100
|
|t:|1759068624
|-end|p2a: Raging Bolt|Protosynthesis|[silent]
|switch|p2a: Landorus|Landorus-Therian, M|100/100|[from] Volt Switch
|-ability|p2a: Landorus|Intimidate|boost
|-unboost|p1a: Weezing|atk|1
|
|-heal|p1a: Weezing|49/100|[from] item: Leftovers
|upkeep
|turn|3
|
|t:|1759068627
|move|p2a: Landorus|U-turn|p1a: Weezing
|-resisted|p1a: Weezing
|-damage|p1a: Weezing|44/100
|
|t:|1759068632
|switch|p2a: Empoleon|Empoleon, M|100/100|[from] U-turn
|move|p1a: Weezing|Will-O-Wisp|p2a: Empoleon|[miss]
|-miss|p1a: Weezing|p2a: Empoleon
|
|-heal|p1a: Weezing|50/100|[from] item: Leftovers
|upkeep
|turn|4
|
|t:|1759068640
|switch|p1a: Araquanid|Araquanid, M|100/100
|move|p2a: Empoleon|Stealth Rock|p1a: Araquanid
|-sidestart|p1: Sleepy753|move: Stealth Rock
|
|upkeep
|turn|5
|
|t:|1759068648
|switch|p2a: Raging Bolt|Raging Bolt, tera:Fairy|100/100
|move|p1a: Araquanid|Sticky Web|p2a: Raging Bolt
|-sidestart|p2: Rising Ursaring|move: Sticky Web
|
|upkeep
|turn|6
|
|t:|1759068652
|switch|p1a: Weezing|Weezing-Galar, M|50/100
|-damage|p1a: Weezing|37/100|[from] Stealth Rock
|move|p2a: Raging Bolt|Volt Switch|p1a: Weezing
|-damage|p1a: Weezing|0 fnt
|faint|p1a: Weezing
|
|t:|1759068668
|-end|p2a: Raging Bolt|Protosynthesis|[silent]
|switch|p2a: Empoleon|Empoleon, M|100/100|[from] Volt Switch
|-activate|p2a: Empoleon|move: Sticky Web
|-unboost|p2a: Empoleon|spe|1
|-ability|p2a: Empoleon|Competitive|boost
|-boost|p2a: Empoleon|spa|2
|
|upkeep
|
|t:|1759068673
|switch|p1a: Skeledirge|Skeledirge, F|100/100
|turn|7
|
|t:|1759068679
|move|p1a: Skeledirge|Torch Song|p2a: Empoleon
|-damage|p2a: Empoleon|79/100
|-boost|p1a: Skeledirge|spa|1
|move|p2a: Empoleon|Surf|p1a: Skeledirge
|-supereffective|p1a: Skeledirge
|-damage|p1a: Skeledirge|55/100
|
|-heal|p2a: Empoleon|85/100|[from] item: Leftovers
|upkeep
|turn|8
|
|t:|1759068688
|move|p1a: Skeledirge|Torch Song|p2a: Empoleon
|-damage|p2a: Empoleon|56/100
|-boost|p1a: Skeledirge|spa|1
|move|p2a: Empoleon|Knock Off|p1a: Skeledirge
|-supereffective|p1a: Skeledirge
|-damage|p1a: Skeledirge|30/100
|-enditem|p1a: Skeledirge|Heavy-Duty Boots|[from] move: Knock Off|[of] p2a: Empoleon
|
|-heal|p2a: Empoleon|63/100|[from] item: Leftovers
|upkeep
|turn|9
|
|t:|1759068695
|move|p1a: Skeledirge|Slack Off|p1a: Skeledirge
|-heal|p1a: Skeledirge|81/100
|move|p2a: Empoleon|Surf|p1a: Skeledirge
|-supereffective|p1a: Skeledirge
|-damage|p1a: Skeledirge|30/100
|
|-heal|p2a: Empoleon|69/100|[from] item: Leftovers
|upkeep
|turn|10
|
|t:|1759068703
|-terastallize|p1a: Skeledirge|Fairy
|move|p1a: Skeledirge|Slack Off|p1a: Skeledirge
|-heal|p1a: Skeledirge|81/100
|move|p2a: Empoleon|Surf|p1a: Skeledirge
|-damage|p1a: Skeledirge|58/100
|
|-heal|p2a: Empoleon|75/100|[from] item: Leftovers
|upkeep
|turn|11
|
|t:|1759068720
|move|p1a: Skeledirge|Torch Song|p2a: Empoleon
|-damage|p2a: Empoleon|36/100
|-boost|p1a: Skeledirge|spa|1
|move|p2a: Empoleon|Surf|p1a: Skeledirge
|-damage|p1a: Skeledirge|31/100
|
|-heal|p2a: Empoleon|42/100|[from] item: Leftovers
|upkeep
|turn|12
|
|t:|1759068733
|move|p1a: Skeledirge|Slack Off|p1a: Skeledirge
|-heal|p1a: Skeledirge|82/100
|move|p2a: Empoleon|Surf|p1a: Skeledirge
|-damage|p1a: Skeledirge|56/100
|
|-heal|p2a: Empoleon|48/100|[from] item: Leftovers
|upkeep
|turn|13
|
|t:|1759068740
|move|p1a: Skeledirge|Slack Off|p1a: Skeledirge
|-heal|p1a: Skeledirge|100/100
|move|p2a: Empoleon|Surf|p1a: Skeledirge
|-damage|p1a: Skeledirge|75/100
|
|-heal|p2a: Empoleon|55/100|[from] item: Leftovers
|upkeep
|turn|14
|
|t:|1759068743
|move|p1a: Skeledirge|Torch Song|p2a: Empoleon
|-damage|p2a: Empoleon|2/100
|-boost|p1a: Skeledirge|spa|1
|move|p2a: Empoleon|Surf|p1a: Skeledirge
|-damage|p1a: Skeledirge|53/100
|
|-heal|p2a: Empoleon|8/100|[from] item: Leftovers
|upkeep
|turn|15
|
|t:|1759068750
|move|p1a: Skeledirge|Slack Off|p1a: Skeledirge
|-heal|p1a: Skeledirge|100/100
|move|p2a: Empoleon|Surf|p1a: Skeledirge
|-damage|p1a: Skeledirge|76/100
|
|-heal|p2a: Empoleon|14/100|[from] item: Leftovers
|upkeep
|turn|16
|
|t:|1759068754
|move|p1a: Skeledirge|Torch Song|p2a: Empoleon
|-damage|p2a: Empoleon|0 fnt
|-boost|p1a: Skeledirge|spa|1
|faint|p2a: Empoleon
|
|upkeep
|
|t:|1759068766
|switch|p2a: Ceruledge|Ceruledge, F|100/100
|-activate|p2a: Ceruledge|move: Sticky Web
|-unboost|p2a: Ceruledge|spe|1
|turn|17
|
|t:|1759068770
|move|p2a: Ceruledge|Bitter Blade|p1a: Skeledirge
|-damage|p1a: Skeledirge|40/100
|move|p1a: Skeledirge|Hex|p2a: Ceruledge
|-supereffective|p2a: Ceruledge
|-enditem|p2a: Ceruledge|Focus Sash
|-damage|p2a: Ceruledge|1/100
|
|upkeep
|turn|18
|
|t:|1759068775
|move|p2a: Ceruledge|Bitter Blade|p1a: Skeledirge
|-damage|p1a: Skeledirge|5/100
|-heal|p2a: Ceruledge|26/100|[from] drain|[of] p1a: Skeledirge
|move|p1a: Skeledirge|Hex|p2a: Ceruledge
|-supereffective|p2a: Ceruledge
|-damage|p2a: Ceruledge|0 fnt
|faint|p2a: Ceruledge
|
|upkeep
|
|t:|1759068779
|switch|p2a: Raging Bolt|Raging Bolt, tera:Fairy|100/100
|turn|19
|
|t:|1759068783
|move|p2a: Raging Bolt|Volt Switch|p1a: Skeledirge
|-damage|p1a: Skeledirge|0 fnt
|faint|p1a: Skeledirge
|
|t:|1759068792
|-end|p2a: Raging Bolt|Protosynthesis|[silent]
|switch|p2a: Wo-Chien|Wo-Chien|100/100|[from] Volt Switch
|-activate|p2a: Wo-Chien|move: Sticky Web
|-unboost|p2a: Wo-Chien|spe|1
|-ability|p2a: Wo-Chien|Tablets of Ruin
|
|upkeep
|
|t:|1759068797
|switch|p1a: Araquanid|Araquanid, M|100/100
|turn|20
|
|t:|1759068804
|move|p1a: Araquanid|Leech Life|p2a: Wo-Chien
|-supereffective|p2a: Wo-Chien
|-damage|p2a: Wo-Chien|13/100
|move|p2a: Wo-Chien|Leech Seed|p1a: Araquanid|[miss]
|-miss|p2a: Wo-Chien|p1a: Araquanid
|
|-heal|p2a: Wo-Chien|19/100|[from] item: Leftovers
|upkeep
|turn|21
|
|t:|1759068809
|move|p2a: Wo-Chien|Protect|p2a: Wo-Chien
|-singleturn|p2a: Wo-Chien|Protect
|move|p1a: Araquanid|Liquidation|p2a: Wo-Chien
|-activate|p2a: Wo-Chien|move: Protect
|
|-heal|p2a: Wo-Chien|25/100|[from] item: Leftovers
|upkeep
|turn|22
|
|t:|1759068812
|switch|p2a: Weezing|Weezing-Galar, F|100/100
|-ability|p2a: Weezing|Neutralizing Gas
|-activate|p2a: Weezing|move: Sticky Web
|-unboost|p2a: Weezing|spe|1
|move|p1a: Araquanid|Leech Life|p2a: Weezing
|-resisted|p2a: Weezing
|-damage|p2a: Weezing|95/100
|-damage|p1a: Araquanid|84/100|[from] item: Rocky Helmet|[of] p2a: Weezing
|
|upkeep
|turn|23
|
|t:|1759068822
|move|p1a: Araquanid|Liquidation|p2a: Weezing
|-damage|p2a: Weezing|74/100
|-damage|p1a: Araquanid|67/100|[from] item: Rocky Helmet|[of] p2a: Weezing
|move|p2a: Weezing|Toxic|p1a: Araquanid
|-status|p1a: Araquanid|tox
|
|-damage|p1a: Araquanid|61/100 tox|[from] psn
|upkeep
|turn|24
|
|t:|1759068833
|switch|p1a: Dragapult|Dragapult, M|82/100
|-damage|p1a: Dragapult|69/100|[from] Stealth Rock
|move|p2a: Weezing|Strange Steam|p1a: Dragapult|[miss]
|-miss|p2a: Weezing|p1a: Dragapult
|
|-heal|p1a: Dragapult|75/100|[from] item: Leftovers
|upkeep
|turn|25
|
|t:|1759068853
|move|p1a: Dragapult|Substitute|p1a: Dragapult
|-start|p1a: Dragapult|Substitute
|-damage|p1a: Dragapult|50/100
|move|p2a: Weezing|Defog|p1a: Dragapult
|-sideend|p1: Sleepy753|Stealth Rock|[from] move: Defog|[of] p2a: Weezing
|-sideend|p2: Rising Ursaring|Sticky Web|[from] move: Defog|[of] p2a: Weezing
|
|-heal|p1a: Dragapult|56/100|[from] item: Leftovers
|upkeep
|turn|26
|
|t:|1759068857
|move|p1a: Dragapult|Will-O-Wisp|p2a: Weezing|[miss]
|-miss|p1a: Dragapult|p2a: Weezing
|move|p2a: Weezing|Strange Steam|p1a: Dragapult
|-supereffective|p1a: Dragapult
|-end|p1a: Dragapult|Substitute
|
|-heal|p1a: Dragapult|62/100|[from] item: Leftovers
|upkeep
|turn|27
|
|t:|1759068863
|move|p1a: Dragapult|Will-O-Wisp|p2a: Weezing
|-status|p2a: Weezing|brn
|move|p2a: Weezing|Strange Steam|p1a: Dragapult
|-supereffective|p1a: Dragapult
|-damage|p1a: Dragapult|0 fnt
|faint|p1a: Dragapult
|
|-damage|p2a: Weezing|68/100 brn|[from] brn
|upkeep
|
|t:|1759068875
|switch|p1a: Araquanid|Araquanid, M|61/100 tox
|turn|28
|
|t:|1759068880
|move|p1a: Araquanid|Liquidation|p2a: Weezing
|-damage|p2a: Weezing|48/100 brn
|-damage|p1a: Araquanid|45/100 tox|[from] item: Rocky Helmet|[of] p2a: Weezing
|move|p2a: Weezing|Strange Steam|p1a: Araquanid
|-damage|p1a: Araquanid|22/100 tox
|
|-damage|p1a: Araquanid|16/100 tox|[from] psn
|-damage|p2a: Weezing|42/100 brn|[from] brn
|upkeep
|turn|29
|
|t:|1759068884
|move|p1a: Araquanid|Liquidation|p2a: Weezing
|-damage|p2a: Weezing|18/100 brn
|-damage|p1a: Araquanid|0 fnt|[from] item: Rocky Helmet|[of] p2a: Weezing
|faint|p1a: Araquanid
|move|p2a: Weezing|Defog|p1: Araquanid|[notarget]
|-fail|p2a: Weezing
|
|-damage|p2a: Weezing|12/100 brn|[from] brn
|upkeep
|
|t:|1759068886
|switch|p1a: Quaquaval|Quaquaval, M|100/100
|turn|30
|
|t:|1759068896
|move|p1a: Quaquaval|Aqua Step|p2a: Weezing
|-damage|p2a: Weezing|0 fnt
|-boost|p1a: Quaquaval|spe|1
|-damage|p1a: Quaquaval|84/100|[from] item: Rocky Helmet|[of] p2a: Weezing
|faint|p2a: Weezing
|-end|p2a: Weezing|ability: Neutralizing Gas
|-ability|p1a: Quaquaval|Moxie|boost
|-boost|p1a: Quaquaval|atk|1
|
|-heal|p1a: Quaquaval|90/100|[from] item: Leftovers
|upkeep
|
|t:|1759068902
|switch|p2a: Landorus|Landorus-Therian, M|100/100
|-ability|p2a: Landorus|Intimidate|boost
|-unboost|p1a: Quaquaval|atk|1
|turn|31
|
|t:|1759068912
|move|p2a: Landorus|Earthquake|p1a: Quaquaval
|-damage|p1a: Quaquaval|10/100
|move|p1a: Quaquaval|Ice Spinner|p2a: Landorus
|-supereffective|p2a: Landorus
|-damage|p2a: Landorus|0 fnt
|faint|p2a: Landorus
|-ability|p1a: Quaquaval|Moxie|boost
|-boost|p1a: Quaquaval|atk|1
|
|-heal|p1a: Quaquaval|16/100|[from] item: Leftovers
|upkeep
|
|t:|1759068917
|switch|p2a: Raging Bolt|Raging Bolt, tera:Fairy|100/100
|turn|32
|
|t:|1759068924
|move|p2a: Raging Bolt|Thunderclap||[still]
|-fail|p2a: Raging Bolt
|move|p1a: Quaquaval|Swords Dance|p1a: Quaquaval
|-boost|p1a: Quaquaval|atk|2
|
|-heal|p1a: Quaquaval|22/100|[from] item: Leftovers
|upkeep
|turn|33
|
|t:|1759068929
|move|p1a: Quaquaval|Swords Dance|p1a: Quaquaval
|-boost|p1a: Quaquaval|atk|2
|move|p2a: Raging Bolt|Thunderbolt|p1a: Quaquaval
|-supereffective|p1a: Quaquaval
|-damage|p1a: Quaquaval|0 fnt
|faint|p1a: Quaquaval
|
|upkeep
|
|t:|1759068934
|switch|p1a: Weavile|Weavile, F|100/100
|turn|34
|
|t:|1759068941
|move|p1a: Weavile|Icicle Crash|p2a: Raging Bolt
|-damage|p2a: Raging Bolt|60/100
|cant|p2a: Raging Bolt|flinch
|
|upkeep
|turn|35
|
|t:|1759068947
|move|p1a: Weavile|Swords Dance|p1a: Weavile
|-boost|p1a: Weavile|atk|2
|move|p2a: Raging Bolt|Thunderbolt|p1a: Weavile
|-damage|p1a: Weavile|29/100
|
|upkeep
|turn|36
|
|t:|1759068951
|move|p1a: Weavile|Ice Shard|p2a: Raging Bolt
|-damage|p2a: Raging Bolt|21/100
|move|p2a: Raging Bolt|Thunderbolt|p1a: Weavile
|-crit|p1a: Weavile
|-damage|p1a: Weavile|0 fnt
|faint|p1a: Weavile
|
|win|Rising Ursaring
|raw|Sleepy753's rating: 1388 &rarr; <strong>1370</strong><br />(-18 for losing)
|raw|Rising Ursaring's rating: 1422 &rarr; <strong>1440</strong><br />(+18 for winning)
|l|‽Sleepy753
|player|p1|
|l|☆Rising Ursaring
|player|p2|
