|badge|p2|bronze|gen9ou|100-6
|html|<div class="broadcast-red"><strong>This battle is required to be public due to one or more player having a season medal.</strong><br />During the public phase, you can discuss the state of the ladder <a href="/seasondiscussion">in a special chatroom.</a></div>
|uhtml|medal-msg|<div class="broadcast-blue">Curious what those medals under the avatar are? PS now has Ladder Seasons! For more information, check out the <a href="https://www.smogon.com/forums/threads/3740067/">thread on Smogon.</a></div>
|raw|<div class="broadcast-blue"><strong>This battle is required to be public due to a player having a name starting with 'medal'.</div>
|j|☆Sanesa8724
|j|☆LT123VB 87
|t:|1759069037
|gametype|singles
|player|p1|Sanesa8724|265|1724
|player|p2|LT123VB 87|dawn|1846
|gen|9
|tier|[Gen 9] OU
|rated|
|rule|HP Percentage Mod: HP is shown in percentages
|rule|Endless Battle Clause: Forcing endless battles is banned
|rule|Species Clause: Limit one of each Pokémon
|rule|OHKO Clause: OHKO moves are banned
|rule|Evasion Items Clause: Evasion items are banned
|rule|Evasion Moves Clause: Evasion moves are banned
|rule|Evasion Abilities Clause: Evasion abilities are banned
|rule|Sleep Moves Clause: Sleep-inducing moves are banned
|clearpoke
|poke|p1|Ting-Lu|
|poke|p1|Gholdengo|
|poke|p1|Zamazenta-*|
|poke|p1|Meowscarada, F|
|poke|p1|Alomomola, M|
|poke|p1|Bronzong|
|poke|p2|Rillaboom, M|
|poke|p2|Zapdos|
|poke|p2|Great Tusk|
|poke|p2|Garganacl, F|
|poke|p2|Skarmory, F|
|poke|p2|Slowking-Galar, F|
|teampreview
|inactive|Battle timer is ON: inactive players will automatically lose when time's up. (requested by LT123VB 87)
|
|t:|1759069058
|teamsize|p1|6
|teamsize|p2|6
|start
|switch|p1a: Meowscarada|Meowscarada, F|100/100
|switch|p2a: Garganacl|Garganacl, F|100/100
|turn|1
|
|t:|1759069066
|move|p2a: Garganacl|Protect|p2a: Garganacl
|-singleturn|p2a: Garganacl|Protect
|move|p1a: Meowscarada|Knock Off|p2a: Garganacl
|-start|p1a: Meowscarada|typechange|Dark|[from] ability: Protean
|-activate|p2a: Garganacl|move: Protect
|
|upkeep
|turn|2
|
|t:|1759069071
|switch|p2a: Skarmory|Skarmory, F|100/100
|move|p1a: Meowscarada|Knock Off|p2a: Skarmory
|-damage|p2a: Skarmory|74/100
|-damage|p1a: Meowscarada|84/100|[from] item: Rocky Helmet|[of] p2a: Skarmory
|-enditem|p2a: Skarmory|Rocky Helmet|[from] move: Knock Off|[of] p1a: Meowscarada
|
|upkeep
|turn|3
|
|t:|1759069080
|switch|p1a: Gholdengo|Gholdengo|100/100
|-item|p1a: Gholdengo|Air Balloon
|move|p2a: Skarmory|Spikes|p1a: Gholdengo
|-sidestart|p1: Sanesa8724|Spikes
|
|upkeep
|turn|4
|
|t:|1759069083
|switch|p2a: Zapdos|Zapdos|100/100
|move|p1a: Gholdengo|Nasty Plot|p1a: Gholdengo
|-boost|p1a: Gholdengo|spa|2
|
|upkeep
|turn|5
|
|t:|1759069092
|switch|p1a: Ting-Lu|Ting-Lu|100/100
|-damage|p1a: Ting-Lu|88/100|[from] Spikes
|-ability|p1a: Ting-Lu|Vessel of Ruin
|move|p2a: Zapdos|Heat Wave|p1a: Ting-Lu
|-damage|p1a: Ting-Lu|75/100
|
|-heal|p1a: Ting-Lu|81/100|[from] item: Leftovers
|upkeep
|turn|6
|
|t:|1759069099
|switch|p2a: Rillaboom|Rillaboom, M|100/100
|-fieldstart|move: Grassy Terrain|[from] ability: Grassy Surge|[of] p2a: Rillaboom
|move|p1a: Ting-Lu|Whirlwind|p2a: Rillaboom
|drag|p2a: Great Tusk|Great Tusk|100/100
|
|-heal|p1a: Ting-Lu|87/100|[from] Grassy Terrain
|-heal|p1a: Ting-Lu|93/100|[from] item: Leftovers
|upkeep
|turn|7
|
|t:|1759069111
|-end|p2a: Great Tusk|Protosynthesis|[silent]
|switch|p2a: Rillaboom|Rillaboom, M|100/100
|move|p1a: Ting-Lu|Ruination|p2a: Rillaboom
|-damage|p2a: Rillaboom|51/100
|
|-heal|p2a: Rillaboom|57/100|[from] Grassy Terrain
|-heal|p1a: Ting-Lu|99/100|[from] Grassy Terrain
|-heal|p1a: Ting-Lu|100/100|[from] item: Leftovers
|upkeep
|turn|8
|
|t:|1759069122
|switch|p1a: My Bro Zong|Bronzong|100/100
|move|p2a: Rillaboom|Wood Hammer|p1a: My Bro Zong
|-resisted|p1a: My Bro Zong
|-damage|p1a: My Bro Zong|63/100
|-damage|p2a: Rillaboom|44/100|[from] Recoil
|
|-heal|p2a: Rillaboom|51/100|[from] Grassy Terrain
|-heal|p1a: My Bro Zong|69/100|[from] item: Leftovers
|upkeep
|turn|9
|
|t:|1759069129
|move|p2a: Rillaboom|Knock Off|p1a: My Bro Zong
|-supereffective|p1a: My Bro Zong
|-damage|p1a: My Bro Zong|8/100
|-enditem|p1a: My Bro Zong|Leftovers|[from] move: Knock Off|[of] p2a: Rillaboom
|move|p1a: My Bro Zong|Stealth Rock|p2a: Rillaboom
|-sidestart|p2: LT123VB 87|move: Stealth Rock
|
|-heal|p2a: Rillaboom|57/100|[from] Grassy Terrain
|upkeep
|turn|10
|
|t:|1759069137
|switch|p1a: Alohamola|Alomomola, M|100/100
|move|p2a: Rillaboom|Knock Off|p1a: Alohamola
|-damage|p1a: Alohamola|82/100
|-enditem|p1a: Alohamola|Heavy-Duty Boots|[from] move: Knock Off|[of] p2a: Rillaboom
|
|-heal|p2a: Rillaboom|63/100|[from] Grassy Terrain
|-heal|p1a: Alohamola|88/100|[from] Grassy Terrain
|-fieldend|move: Grassy Terrain
|upkeep
|turn|11
|
|t:|1759069158
|move|p2a: Rillaboom|U-turn|p1a: Alohamola
|-damage|p1a: Alohamola|73/100
|
|t:|1759069160
|switch|p2a: Slowking|Slowking-Galar, F|100/100|[from] U-turn
|move|p1a: Alohamola|Wish|p1a: Alohamola
|
|upkeep
|turn|12
|
|t:|1759069170
|move|p1a: Alohamola|Flip Turn|p2a: Slowking
|-damage|p2a: Slowking|84/100
|
|t:|1759069173
|switch|p1a: Meowscarada|Meowscarada, F|84/100|[from] Flip Turn
|-prepare|p2a: Slowking|Chilly Reception|[premajor]
|move|p2a: Slowking|Chilly Reception|p2a: Slowking
|-weather|Snowscape
|
|t:|1759069176
|switch|p2a: Skarmory|Skarmory, F|74/100|[from] Chilly Reception
|-damage|p2a: Skarmory|62/100|[from] Stealth Rock
|
|-weather|Snowscape|[upkeep]
|-heal|p1a: Meowscarada|100/100|[from] move: Wish|[wisher] Alohamola
|upkeep
|turn|13
|j| amimec
|
|t:|1759069186
|move|p1a: Meowscarada|U-turn|p2a: Skarmory
|-start|p1a: Meowscarada|typechange|Bug|[from] ability: Protean
|-resisted|p2a: Skarmory
|-damage|p2a: Skarmory|57/100
|
|t:|1759069189
|switch|p1a: Gholdengo|Gholdengo|100/100|[from] U-turn
|-item|p1a: Gholdengo|Air Balloon
|move|p2a: Skarmory|Roost|p2a: Skarmory
|-heal|p2a: Skarmory|100/100
|-singleturn|p2a: Skarmory|move: Roost
|
|-weather|Snowscape|[upkeep]
|upkeep
|turn|14
|
|t:|1759069199
|switch|p2a: Zapdos|Zapdos|100/100
|move|p1a: Gholdengo|Shadow Ball|p2a: Zapdos
|-damage|p2a: Zapdos|43/100
|
|-weather|Snowscape|[upkeep]
|upkeep
|turn|15
|
|t:|1759069209
|move|p2a: Zapdos|Volt Switch|p1a: Gholdengo
|-damage|p1a: Gholdengo|58/100
|-enditem|p1a: Gholdengo|Air Balloon
|
|t:|1759069211
|switch|p2a: Garganacl|Garganacl, F|100/100|[from] Volt Switch
|-damage|p2a: Garganacl|88/100|[from] Stealth Rock
|move|p1a: Gholdengo|Shadow Ball|p2a: Garganacl
|-damage|p2a: Garganacl|73/100
|
|-weather|Snowscape|[upkeep]
|-heal|p2a: Garganacl|79/100|[from] item: Leftovers
|upkeep
|turn|16
|
|t:|1759069216
|switch|p1a: Alohamola|Alomomola, M|100/100
|-damage|p1a: Alohamola|88/100|[from] Spikes
|-terastallize|p2a: Garganacl|Water
|move|p2a: Garganacl|Salt Cure|p1a: Alohamola
|-damage|p1a: Alohamola|81/100
|-start|p1a: Alohamola|Salt Cure
|
|-weather|none
|-heal|p2a: Garganacl|85/100|[from] item: Leftovers
|-damage|p1a: Alohamola|56/100|[from] Salt Cure
|upkeep
|turn|17
|
|t:|1759069221
|move|p1a: Alohamola|Wish|p1a: Alohamola
|move|p2a: Garganacl|Stealth Rock|p1a: Alohamola
|-sidestart|p1: Sanesa8724|move: Stealth Rock
|
|-heal|p2a: Garganacl|91/100|[from] item: Leftovers
|-damage|p1a: Alohamola|31/100|[from] Salt Cure
|upkeep
|turn|18
|
|t:|1759069227
|switch|p1a: My Bro Zong|Bronzong|8/100
|-damage|p1a: My Bro Zong|2/100|[from] Stealth Rock
|move|p2a: Garganacl|Protect||[still]
|-fail|p2a: Garganacl
|
|-heal|p1a: My Bro Zong|81/100|[from] move: Wish|[wisher] Alohamola
|-heal|p2a: Garganacl|97/100|[from] item: Leftovers
|upkeep
|turn|19
|
|t:|1759069233
|switch|p1a: Meowscarada|Meowscarada, F|100/100
|move|p2a: Garganacl|Salt Cure|p1a: Meowscarada
|-damage|p1a: Meowscarada|79/100
|-start|p1a: Meowscarada|Salt Cure
|
|-heal|p2a: Garganacl|100/100|[from] item: Leftovers
|-damage|p1a: Meowscarada|66/100|[from] Salt Cure
|upkeep
|turn|20
|
|t:|1759069241
|switch|p2a: Skarmory|Skarmory, F|100/100
|-damage|p2a: Skarmory|88/100|[from] Stealth Rock
|move|p1a: Meowscarada|Flower Trick|p2a: Skarmory
|-start|p1a: Meowscarada|typechange|Grass|[from] ability: Protean
|-resisted|p2a: Skarmory
|-crit|p2a: Skarmory
|-damage|p2a: Skarmory|81/100
|
|-damage|p1a: Meowscarada|54/100|[from] Salt Cure
|upkeep
|turn|21
|
|t:|1759069244
|move|p1a: Meowscarada|U-turn|p2a: Skarmory
|-resisted|p2a: Skarmory
|-damage|p2a: Skarmory|78/100
|
|t:|1759069251
|switch|p1a: Gholdengo|Gholdengo|58/100|[from] U-turn
|-damage|p1a: Gholdengo|45/100|[from] Spikes
|-damage|p1a: Gholdengo|39/100|[from] Stealth Rock
|move|p2a: Skarmory|Spikes|p1a: Gholdengo
|-sidestart|p1: Sanesa8724|Spikes
|
|upkeep
|turn|22
|
|t:|1759069258
|switch|p2a: Garganacl|Garganacl, F, tera:Water|100/100
|-damage|p2a: Garganacl|88/100|[from] Stealth Rock
|move|p1a: Gholdengo|Nasty Plot|p1a: Gholdengo
|-boost|p1a: Gholdengo|spa|2
|
|-heal|p2a: Garganacl|94/100|[from] item: Leftovers
|upkeep
|turn|23
|
|t:|1759069261
|move|p1a: Gholdengo|Thunderbolt|p2a: Garganacl
|-supereffective|p2a: Garganacl
|-damage|p2a: Garganacl|1/100
|move|p2a: Garganacl|Salt Cure|p1a: Gholdengo
|-resisted|p1a: Gholdengo
|-damage|p1a: Gholdengo|32/100
|-start|p1a: Gholdengo|Salt Cure
|
|-heal|p2a: Garganacl|7/100|[from] item: Leftovers
|-damage|p1a: Gholdengo|7/100|[from] Salt Cure
|upkeep
|turn|24
|
|t:|1759069277
|move|p1a: Gholdengo|Shadow Ball|p2a: Garganacl
|-damage|p2a: Garganacl|0 fnt
|faint|p2a: Garganacl
|
|-damage|p1a: Gholdengo|0 fnt|[from] Salt Cure
|faint|p1a: Gholdengo
|upkeep
|
|t:|1759069293
|switch|p1a: Meowscarada|Meowscarada, F|54/100
|switch|p2a: Rillaboom|Rillaboom, M|63/100
|-fieldstart|move: Grassy Terrain|[from] ability: Grassy Surge|[of] p2a: Rillaboom
|turn|25
|
|t:|1759069299
|switch|p2a: Skarmory|Skarmory, F|78/100
|-damage|p2a: Skarmory|66/100|[from] Stealth Rock
|move|p1a: Meowscarada|Triple Axel|p2a: Skarmory
|-start|p1a: Meowscarada|typechange|Ice|[from] ability: Protean
|-damage|p2a: Skarmory|60/100
|-damage|p2a: Skarmory|48/100
|-damage|p2a: Skarmory|32/100
|-hitcount|p2a: Skarmory|3
|
|-heal|p1a: Meowscarada|60/100|[from] Grassy Terrain
|upkeep
|turn|26
|
|t:|1759069306
|move|p1a: Meowscarada|Triple Axel|p2a: Skarmory
|-damage|p2a: Skarmory|27/100
|-damage|p2a: Skarmory|15/100
|-damage|p2a: Skarmory|0 fnt
|faint|p2a: Skarmory
|-hitcount|p2: Skarmory|3
|
|-heal|p1a: Meowscarada|66/100|[from] Grassy Terrain
|upkeep
|
|t:|1759069311
|switch|p2a: Slowking|Slowking-Galar, F|100/100
|turn|27
|
|t:|1759069315
|move|p1a: Meowscarada|U-turn|p2a: Slowking
|-damage|p2a: Slowking|78/100
|
|t:|1759069316
|switch|p1a: My Bro Zong|Bronzong|81/100|[from] U-turn
|-damage|p1a: My Bro Zong|75/100|[from] Stealth Rock
|move|p2a: Slowking|Thunder Wave|p1a: My Bro Zong
|-status|p1a: My Bro Zong|par
|
|-heal|p2a: Slowking|84/100|[from] Grassy Terrain
|upkeep
|turn|28
|
|t:|1759069321
|-prepare|p2a: Slowking|Chilly Reception|[premajor]
|move|p2a: Slowking|Chilly Reception|p2a: Slowking
|-weather|Snowscape
|
|t:|1759069323
|switch|p2a: Zapdos|Zapdos|43/100|[from] Chilly Reception
|move|p1a: My Bro Zong|Psychic Noise|p2a: Zapdos
|-damage|p2a: Zapdos|21/100
|-start|p2a: Zapdos|move: Heal Block
|
|-weather|Snowscape|[upkeep]
|upkeep
|turn|29
|
|t:|1759069333
|move|p2a: Zapdos|Heat Wave|p1a: My Bro Zong
|-supereffective|p1a: My Bro Zong
|-crit|p1a: My Bro Zong
|-damage|p1a: My Bro Zong|5/100 par
|cant|p1a: My Bro Zong|par
|
|-weather|Snowscape|[upkeep]
|-end|p2a: Zapdos|move: Heal Block
|-fieldend|move: Grassy Terrain
|upkeep
|turn|30
|
|t:|1759069339
|move|p2a: Zapdos|Roost|p2a: Zapdos
|-heal|p2a: Zapdos|71/100
|-singleturn|p2a: Zapdos|move: Roost
|cant|p1a: My Bro Zong|par
|
|-weather|Snowscape|[upkeep]
|upkeep
|turn|31
|
|t:|1759069347
|move|p2a: Zapdos|Heat Wave|p1a: My Bro Zong
|-supereffective|p1a: My Bro Zong
|-damage|p1a: My Bro Zong|0 fnt
|faint|p1a: My Bro Zong
|
|-weather|Snowscape|[upkeep]
|upkeep
|
|t:|1759069358
|switch|p1a: Meowscarada|Meowscarada, F|66/100
|turn|32
|
|t:|1759069366
|move|p1a: Meowscarada|Triple Axel|p2a: Zapdos
|-start|p1a: Meowscarada|typechange|Ice|[from] ability: Protean
|-supereffective|p2a: Zapdos
|-damage|p2a: Zapdos|48/100
|-supereffective|p2a: Zapdos
|-damage|p2a: Zapdos|6/100
|-supereffective|p2a: Zapdos
|-damage|p2a: Zapdos|0 fnt
|faint|p2a: Zapdos
|-hitcount|p2: Zapdos|3
|
|-weather|none
|upkeep
|
|t:|1759069381
|switch|p2a: Rillaboom|Rillaboom, M|63/100
|-fieldstart|move: Grassy Terrain|[from] ability: Grassy Surge|[of] p2a: Rillaboom
|turn|33
|
|t:|1759069387
|switch|p1a: Alohamola|Alomomola, M|64/100
|-damage|p1a: Alohamola|48/100|[from] Spikes
|-damage|p1a: Alohamola|35/100|[from] Stealth Rock
|move|p2a: Rillaboom|Grassy Glide|p1a: Alohamola
|-supereffective|p1a: Alohamola
|-damage|p1a: Alohamola|0 fnt
|faint|p1a: Alohamola
|
|-heal|p2a: Rillaboom|69/100|[from] Grassy Terrain
|upkeep
|
|t:|1759069392
|switch|p1a: Meowscarada|Meowscarada, F|66/100
|turn|34
|
|t:|1759069398
|move|p1a: Meowscarada|U-turn|p2a: Rillaboom
|-start|p1a: Meowscarada|typechange|Bug|[from] ability: Protean
|-supereffective|p2a: Rillaboom
|-damage|p2a: Rillaboom|4/100
|
|t:|1759069404
|switch|p1a: Ting-Lu|Ting-Lu|100/100|[from] U-turn
|-damage|p1a: Ting-Lu|84/100|[from] Spikes
|-damage|p1a: Ting-Lu|78/100|[from] Stealth Rock
|-ability|p1a: Ting-Lu|Vessel of Ruin
|move|p2a: Rillaboom|U-turn|p1a: Ting-Lu
|-supereffective|p1a: Ting-Lu
|-damage|p1a: Ting-Lu|48/100
|j| tiochicodobos
|
|t:|1759069407
|switch|p2a: Great Tusk|Great Tusk|100/100|[from] U-turn
|-damage|p2a: Great Tusk|98/100|[from] Stealth Rock
|
|-heal|p2a: Great Tusk|100/100|[from] Grassy Terrain
|-heal|p1a: Ting-Lu|55/100|[from] Grassy Terrain
|-heal|p1a: Ting-Lu|61/100|[from] item: Leftovers
|upkeep
|turn|35
|
|t:|1759069419
|move|p2a: Great Tusk|Rapid Spin|p1a: Ting-Lu
|-damage|p1a: Ting-Lu|53/100
|-boost|p2a: Great Tusk|spe|1
|-sideend|p2: LT123VB 87|Stealth Rock|[from] move: Rapid Spin|[of] p2a: Great Tusk
|move|p1a: Ting-Lu|Ruination|p2a: Great Tusk
|-damage|p2a: Great Tusk|50/100
|
|-heal|p2a: Great Tusk|57/100|[from] Grassy Terrain
|-heal|p2a: Great Tusk|63/100|[from] item: Leftovers
|-heal|p1a: Ting-Lu|59/100|[from] Grassy Terrain
|-heal|p1a: Ting-Lu|65/100|[from] item: Leftovers
|upkeep
|turn|36
|
|t:|1759069426
|move|p2a: Great Tusk|Ice Spinner|p1a: Ting-Lu
|-supereffective|p1a: Ting-Lu
|-damage|p1a: Ting-Lu|39/100
|-fieldend|move: Grassy Terrain
|move|p1a: Ting-Lu|Ruination|p2a: Great Tusk
|-damage|p2a: Great Tusk|32/100
|
|-heal|p2a: Great Tusk|38/100|[from] item: Leftovers
|-heal|p1a: Ting-Lu|45/100|[from] item: Leftovers
|upkeep
|turn|37
|
|t:|1759069435
|move|p2a: Great Tusk|Ice Spinner|p1a: Ting-Lu
|-supereffective|p1a: Ting-Lu
|-damage|p1a: Ting-Lu|18/100
|move|p1a: Ting-Lu|Whirlwind|p2a: Great Tusk
|-end|p2a: Great Tusk|Protosynthesis|[silent]
|drag|p2a: Rillaboom|Rillaboom, M|4/100
|-fieldstart|move: Grassy Terrain|[from] ability: Grassy Surge|[of] p2a: Rillaboom
|
|-heal|p2a: Rillaboom|10/100|[from] Grassy Terrain
|-heal|p1a: Ting-Lu|24/100|[from] Grassy Terrain
|-heal|p1a: Ting-Lu|30/100|[from] item: Leftovers
|upkeep
|turn|38
|
|t:|1759069455
|move|p2a: Rillaboom|Grassy Glide|p1a: Ting-Lu
|-supereffective|p1a: Ting-Lu
|-damage|p1a: Ting-Lu|0 fnt
|faint|p1a: Ting-Lu
|
|-heal|p2a: Rillaboom|16/100|[from] Grassy Terrain
|upkeep
|
|t:|1759069462
|switch|p1a: Meowscarada|Meowscarada, F|66/100
|turn|39
|
|t:|1759069480
|move|p2a: Rillaboom|Grassy Glide|p1a: Meowscarada
|-resisted|p1a: Meowscarada
|-damage|p1a: Meowscarada|35/100
|move|p1a: Meowscarada|Knock Off|p2a: Rillaboom
|-start|p1a: Meowscarada|typechange|Dark|[from] ability: Protean
|-damage|p2a: Rillaboom|0 fnt
|-enditem|p2a: Rillaboom|Heavy-Duty Boots|[from] move: Knock Off|[of] p1a: Meowscarada
|faint|p2a: Rillaboom
|
|-heal|p1a: Meowscarada|41/100|[from] Grassy Terrain
|upkeep
|
|t:|1759069484
|switch|p2a: Slowking|Slowking-Galar, F|100/100
|turn|40
|
|t:|1759069490
|move|p1a: Meowscarada|Knock Off|p2a: Slowking
|-supereffective|p2a: Slowking
|-damage|p2a: Slowking|3/100
|-enditem|p2a: Slowking|Heavy-Duty Boots|[from] move: Knock Off|[of] p1a: Meowscarada
|move|p2a: Slowking|Thunder Wave|p1a: Meowscarada
|-status|p1a: Meowscarada|par
|
|-heal|p1a: Meowscarada|47/100 par|[from] Grassy Terrain
|-heal|p2a: Slowking|9/100|[from] Grassy Terrain
|upkeep
|turn|41
|
|t:|1759069506
|move|p1a: Meowscarada|Flower Trick|p2a: Slowking
|-resisted|p2a: Slowking
|-crit|p2a: Slowking
|-damage|p2a: Slowking|0 fnt
|faint|p2a: Slowking
|
|-heal|p1a: Meowscarada|53/100 par|[from] Grassy Terrain
|-fieldend|move: Grassy Terrain
|upkeep
|
|t:|1759069508
|switch|p2a: Great Tusk|Great Tusk|38/100
|turn|42
|
|t:|1759069517
|move|p2a: Great Tusk|Bulk Up|p2a: Great Tusk
|-boost|p2a: Great Tusk|atk|1
|-boost|p2a: Great Tusk|def|1
|move|p1a: Meowscarada|Flower Trick|p2a: Great Tusk
|-supereffective|p2a: Great Tusk
|-crit|p2a: Great Tusk
|-damage|p2a: Great Tusk|1/100
|
|-heal|p2a: Great Tusk|7/100|[from] item: Leftovers
|upkeep
|turn|43
|c|☆LT123VB 87|ye wp
|
|t:|1759069536
|move|p2a: Great Tusk|Bulk Up|p2a: Great Tusk
|-boost|p2a: Great Tusk|atk|1
|-boost|p2a: Great Tusk|def|1
|move|p1a: Meowscarada|Flower Trick|p2a: Great Tusk
|-supereffective|p2a: Great Tusk
|-crit|p2a: Great Tusk
|-damage|p2a: Great Tusk|0 fnt
|faint|p2a: Great Tusk
|-end|p2a: Great Tusk|Protosynthesis|[silent]
|
|win|Sanesa8724
|raw|Sanesa8724's rating: 1724 &rarr; <strong>1751</strong><br />(+27 for winning)
|raw|LT123VB 87's rating: 1846 &rarr; <strong>1819</strong><br />(-27 for losing)
|c|☆LT123VB 87|XD
|c|☆LT123VB 87|protective pads+wide lens+limber meowscarada
|c|☆LT123VB 87|hackmons gameplaY)
|l|☆LT123VB 87
|player|p2|
|l|☆Sanesa8724
|player|p1|
