|j|☆REX_1A91S
|j|☆jxrx
|t:|1758997003
|gametype|singles
|player|p1|REX_1A91S|riley|1364
|player|p2|jxrx|norman|1386
|gen|9
|tier|[Gen 9] OU
|rated|
|rule|HP Percentage Mod: HP is shown in percentages
|rule|Endless Battle Clause: Forcing endless battles is banned
|rule|Species Clause: Limit one of each Pokémon
|rule|OHKO Clause: OHKO moves are banned
|rule|Evasion Items Clause: Evasion items are banned
|rule|Evasion Moves Clause: Evasion moves are banned
|rule|Evasion Abilities Clause: Evasion abilities are banned
|rule|Sleep Moves Clause: Sleep-inducing moves are banned
|clearpoke
|poke|p1|Corviknight, M|
|poke|p1|Slowking-Galar, M|
|poke|p1|Pecharunt|
|poke|p1|Kyurem|
|poke|p1|Samurott-Hisui, M|
|poke|p1|Zamazenta-*|
|poke|p2|Garganacl, F|
|poke|p2|Hoopa-Unbound|
|poke|p2|Dragapult, M|
|poke|p2|Vileplume, M|
|poke|p2|Scizor, M|
|poke|p2|Zoroark-Hisui, M|
|teampreview
|
|t:|1758997013
|teamsize|p1|6
|teamsize|p2|6
|start
|switch|p1a: Samurott|Samurott-Hisui, M|100/100
|switch|p2a: Garganacl|Garganacl, F|100/100
|turn|1
|
|t:|1758997019
|move|p1a: Samurott|Knock Off|p2a: Garganacl
|-supereffective|p2a: Garganacl
|-damage|p2a: Garganacl|0 fnt
|replace|p2a: Zoroark|Zoroark-Hisui, M
|-end|p2a: Zoroark|Illusion
|-enditem|p2a: Zoroark|Choice Specs|[from] move: Knock Off|[of] p1a: Samurott
|faint|p2a: Zoroark
|
|upkeep
|inactive|Battle timer is ON: inactive players will automatically lose when time's up. (requested by REX_1A91S)
|
|t:|1758997057
|switch|p2a: Vileplume|Vileplume, M|100/100
|turn|2
|
|t:|1758997062
|switch|p1a: Corviknight|Corviknight, M|100/100
|-ability|p1a: Corviknight|Pressure
|move|p2a: Vileplume|Giga Drain|p1a: Corviknight
|-resisted|p1a: Corviknight
|-damage|p1a: Corviknight|94/100
|
|-heal|p1a: Corviknight|99/100|[from] item: Leftovers
|upkeep
|turn|3
|
|t:|1758997071
|switch|p1a: Slowking|Slowking-Galar, M|100/100
|move|p2a: Vileplume|Leech Seed|p1a: Slowking
|-start|p1a: Slowking|move: Leech Seed
|
|-damage|p1a: Slowking|88/100|[from] Leech Seed|[of] p2a: Vileplume
|upkeep
|turn|4
|
|t:|1758997078
|switch|p2a: Scizor|Scizor, M|100/100
|switch|p1a: Corviknight|Corviknight, M|99/100
|-ability|p1a: Corviknight|Pressure
|
|-heal|p1a: Corviknight|100/100|[from] item: Leftovers
|upkeep
|turn|5
|
|t:|1758997089
|move|p1a: Corviknight|U-turn|p2a: Scizor
|-resisted|p2a: Scizor
|-damage|p2a: Scizor|94/100
|
|t:|1758997093
|switch|p1a: Pecharunt|Pecharunt|100/100|[from] U-turn
|move|p2a: Scizor|U-turn|p1a: Pecharunt
|-resisted|p1a: Pecharunt
|-damage|p1a: Pecharunt|93/100
|inactive|jxrx has 120 seconds left.
|
|t:|1758997127
|switch|p2a: Hoopa|Hoopa-Unbound|100/100|[from] U-turn
|
|upkeep
|turn|6
|
|t:|1758997132
|switch|p1a: Corviknight|Corviknight, M|100/100
|-ability|p1a: Corviknight|Pressure
|move|p2a: Hoopa|Knock Off|p1a: Corviknight
|-damage|p1a: Corviknight|70/100
|-enditem|p1a: Corviknight|Leftovers|[from] move: Knock Off|[of] p2a: Hoopa
|
|upkeep
|turn|7
|
|t:|1758997139
|move|p2a: Hoopa|Thunderbolt|p1a: Corviknight
|-supereffective|p1a: Corviknight
|-damage|p1a: Corviknight|0 fnt
|faint|p1a: Corviknight
|
|upkeep
|
|t:|1758997144
|switch|p1a: Samurott|Samurott-Hisui, M|100/100
|turn|8
|
|t:|1758997155
|move|p1a: Samurott|Ceaseless Edge|p2a: Hoopa
|-damage|p2a: Hoopa|54/100
|-sidestart|p2: jxrx|Spikes
|move|p2a: Hoopa|Drain Punch|p1a: Samurott
|-supereffective|p1a: Samurott
|-damage|p1a: Samurott|33/100
|-heal|p2a: Hoopa|84/100|[from] drain|[of] p1a: Samurott
|
|upkeep
|turn|9
|
|t:|1758997163
|move|p1a: Samurott|Ceaseless Edge|p2a: Hoopa
|-damage|p2a: Hoopa|36/100
|-sidestart|p2: jxrx|Spikes
|move|p2a: Hoopa|Knock Off|p1a: Samurott
|-resisted|p1a: Samurott
|-damage|p1a: Samurott|0 fnt
|-enditem|p1a: Samurott|Choice Scarf|[from] move: Knock Off|[of] p2a: Hoopa
|faint|p1a: Samurott
|
|upkeep
|
|t:|1758997171
|switch|p1a: Kyurem|Kyurem|100/100
|-ability|p1a: Kyurem|Pressure
|turn|10
|inactive|jxrx has 120 seconds left.
|
|t:|1758997204
|move|p1a: Kyurem|Ice Beam|p2a: Hoopa
|-damage|p2a: Hoopa|0 fnt
|faint|p2a: Hoopa
|
|upkeep
|inactive|jxrx has 120 seconds left.
|
|t:|1758997211
|switch|p2a: Garganacl|Garganacl, F|100/100
|-damage|p2a: Garganacl|84/100|[from] Spikes
|turn|11
|
|t:|1758997218
|-terastallize|p1a: Kyurem|Ice
|move|p1a: Kyurem|Ice Beam|p2a: Garganacl
|-damage|p2a: Garganacl|23/100
|move|p2a: Garganacl|Salt Cure|p1a: Kyurem
|-supereffective|p1a: Kyurem
|-damage|p1a: Kyurem|74/100
|-start|p1a: Kyurem|Salt Cure
|
|-heal|p2a: Garganacl|29/100|[from] item: Leftovers
|-damage|p1a: Kyurem|62/100|[from] Salt Cure
|upkeep
|turn|12
|
|t:|1758997229
|switch|p1a: Zamazenta|Zamazenta|100/100
|-ability|p1a: Zamazenta|Dauntless Shield|boost
|-boost|p1a: Zamazenta|def|1
|move|p2a: Garganacl|Protect||[still]
|-fail|p2a: Garganacl
|
|-heal|p2a: Garganacl|35/100|[from] item: Leftovers
|upkeep
|turn|13
|
|t:|1758997237
|switch|p1a: Kyurem|Kyurem, tera:Ice|62/100
|-ability|p1a: Kyurem|Pressure
|switch|p2a: Vileplume|Vileplume, M|100/100
|-damage|p2a: Vileplume|84/100|[from] Spikes
|
|upkeep
|turn|14
|
|t:|1758997245
|switch|p2a: Garganacl|Garganacl, F|35/100
|-damage|p2a: Garganacl|18/100|[from] Spikes
|move|p1a: Kyurem|Ice Beam|p2a: Garganacl
|-damage|p2a: Garganacl|0 fnt
|faint|p2a: Garganacl
|
|upkeep
|
|t:|1758997263
|switch|p2a: Scizor|Scizor, M|94/100
|-damage|p2a: Scizor|77/100|[from] Spikes
|turn|15
|
|t:|1758997268
|switch|p1a: Pecharunt|Pecharunt|93/100
|move|p2a: Scizor|Defog|p1a: Pecharunt
|-unboost|p1a: Pecharunt|evasion|1
|-sideend|p2: jxrx|Spikes|[from] move: Defog|[of] p2a: Scizor
|
|upkeep
|turn|16
|
|t:|1758997276
|switch|p2a: Vileplume|Vileplume, M|84/100
|move|p1a: Pecharunt|Parting Shot|p2a: Vileplume
|-unboost|p2a: Vileplume|atk|1
|-unboost|p2a: Vileplume|spa|1
|
|t:|1758997282
|switch|p1a: Kyurem|Kyurem, tera:Ice|62/100|[from] Parting Shot
|-ability|p1a: Kyurem|Pressure
|
|upkeep
|turn|17
|
|t:|1758997293
|switch|p2a: Scizor|Scizor, M|77/100
|move|p1a: Kyurem|Ice Beam|p2a: Scizor
|-resisted|p2a: Scizor
|-damage|p2a: Scizor|18/100
|
|upkeep
|turn|18
|
|t:|1758997300
|switch|p1a: Pecharunt|Pecharunt|93/100
|move|p2a: Scizor|Bullet Punch|p1a: Pecharunt
|-damage|p1a: Pecharunt|70/100
|
|upkeep
|turn|19
|
|t:|1758997305
|move|p2a: Scizor|Bullet Punch|p1a: Pecharunt
|-damage|p1a: Pecharunt|44/100
|move|p1a: Pecharunt|Parting Shot|p2a: Scizor
|-unboost|p2a: Scizor|atk|1
|-unboost|p2a: Scizor|spa|1
|
|t:|1758997311
|switch|p1a: Zamazenta|Zamazenta|100/100|[from] Parting Shot
|
|upkeep
|turn|20
|
|t:|1758997314
|switch|p2a: Vileplume|Vileplume, M|84/100
|move|p1a: Zamazenta|Body Press|p2a: Vileplume
|-resisted|p2a: Vileplume
|-damage|p2a: Vileplume|70/100
|-damage|p1a: Zamazenta|84/100|[from] item: Rocky Helmet|[of] p2a: Vileplume
|
|-heal|p1a: Zamazenta|90/100|[from] item: Leftovers
|upkeep
|turn|21
|
|t:|1758997325
|switch|p1a: Slowking|Slowking-Galar, M|100/100
|switch|p2a: Scizor|Scizor, M|18/100
|
|upkeep
|turn|22
|
|t:|1758997334
|switch|p1a: Zamazenta|Zamazenta|90/100
|move|p2a: Scizor|U-turn|p1a: Zamazenta
|-resisted|p1a: Zamazenta
|-damage|p1a: Zamazenta|66/100
|
|t:|1758997337
|switch|p2a: Vileplume|Vileplume, M|70/100|[from] U-turn
|
|-heal|p1a: Zamazenta|72/100|[from] item: Leftovers
|upkeep
|turn|23
|
|t:|1758997344
|switch|p1a: Slowking|Slowking-Galar, M|100/100
|move|p2a: Vileplume|Leech Seed|p1a: Slowking
|-start|p1a: Slowking|move: Leech Seed
|
|-damage|p1a: Slowking|88/100|[from] Leech Seed|[of] p2a: Vileplume
|-heal|p2a: Vileplume|84/100|[silent]
|upkeep
|turn|24
|
|t:|1758997351
|switch|p2a: Scizor|Scizor, M|18/100
|switch|p1a: Pecharunt|Pecharunt|44/100
|
|upkeep
|turn|25
|
|t:|1758997357
|switch|p2a: Dragapult|Dragapult, M|100/100
|move|p1a: Pecharunt|Recover|p1a: Pecharunt
|-heal|p1a: Pecharunt|94/100
|
|upkeep
|turn|26
|
|t:|1758997366
|move|p2a: Dragapult|Substitute|p2a: Dragapult
|-start|p2a: Dragapult|Substitute
|-damage|p2a: Dragapult|76/100
|move|p1a: Pecharunt|Parting Shot|p2a: Dragapult
|-fail|p2a: Dragapult|unboost|[from] ability: Clear Body|[of] p2a: Dragapult
|
|-heal|p2a: Dragapult|82/100|[from] item: Leftovers
|upkeep
|turn|27
|
|t:|1758997374
|switch|p1a: Zamazenta|Zamazenta|72/100
|move|p2a: Dragapult|Dragon Dance|p2a: Dragapult
|-boost|p2a: Dragapult|atk|1
|-boost|p2a: Dragapult|spe|1
|
|-heal|p2a: Dragapult|88/100|[from] item: Leftovers
|-heal|p1a: Zamazenta|79/100|[from] item: Leftovers
|upkeep
|turn|28
|
|t:|1758997384
|move|p2a: Dragapult|Dragon Darts|p1a: Zamazenta
|-damage|p1a: Zamazenta|50/100
|-anim|p2a: Dragapult|Dragon Darts|p1a: Zamazenta
|-damage|p1a: Zamazenta|20/100
|move|p1a: Zamazenta|Iron Defense|p1a: Zamazenta
|-boost|p1a: Zamazenta|def|2
|
|-heal|p2a: Dragapult|94/100|[from] item: Leftovers
|-heal|p1a: Zamazenta|26/100|[from] item: Leftovers
|upkeep
|turn|29
|
|t:|1758997395
|move|p2a: Dragapult|Dragon Darts|p1a: Zamazenta
|-damage|p1a: Zamazenta|11/100
|-anim|p2a: Dragapult|Dragon Darts|p1a: Zamazenta
|-damage|p1a: Zamazenta|0 fnt
|faint|p1a: Zamazenta
|
|-heal|p2a: Dragapult|99/100|[from] item: Leftovers
|upkeep
|-message|REX_1A91S forfeited.
|
|win|jxrx
|raw|REX_1A91S's rating: 1364 &rarr; <strong>1345</strong><br />(-19 for losing)
|raw|jxrx's rating: 1386 &rarr; <strong>1405</strong><br />(+19 for winning)
|l|☆REX_1A91S
|player|p1|
|l|☆jxrx
|player|p2|
