|j|☆geniusandrei
|j|☆segserino
|t:|1759065100
|gametype|singles
|player|p1|geniusandrei|102|1307
|player|p2|segserino|veteran|1294
|gen|9
|tier|[Gen 9] OU
|rated|
|rule|HP Percentage Mod: HP is shown in percentages
|rule|Endless Battle Clause: Forcing endless battles is banned
|rule|Species Clause: Limit one of each Pokémon
|rule|OHKO Clause: OHKO moves are banned
|rule|Evasion Items Clause: Evasion items are banned
|rule|Evasion Moves Clause: Evasion moves are banned
|rule|Evasion Abilities Clause: Evasion abilities are banned
|rule|Sleep Moves Clause: Sleep-inducing moves are banned
|clearpoke
|poke|p1|Hoopa-Unbound|
|poke|p1|Indeedee, M|
|poke|p1|Ursaluna, F|
|poke|p1|Mimikyu, F|
|poke|p1|Iron Hands|
|poke|p1|Hatterene, F|
|poke|p2|Gholdengo|
|poke|p2|Corviknight, M|
|poke|p2|Slowking-Galar, M|
|poke|p2|Great Tusk|
|poke|p2|Cinderace, M|
|poke|p2|Darkrai|
|teampreview
|inactive|Battle timer is ON: inactive players will automatically lose when time's up. (requested by segserino)
|
|t:|1759065109
|teamsize|p1|6
|teamsize|p2|6
|start
|switch|p1a: Iron Hands|Iron Hands|100/100
|switch|p2a: Cinderace|Cinderace, M|100/100
|-enditem|p1a: Iron Hands|Booster Energy
|-activate|p1a: Iron Hands|ability: Quark Drive|[fromitem]
|-start|p1a: Iron Hands|quarkdriveatk
|turn|1
|
|t:|1759065116
|move|p2a: Cinderace|U-turn|p1a: Iron Hands
|-resisted|p1a: Iron Hands
|-damage|p1a: Iron Hands|89/100
|
|t:|1759065118
|switch|p2a: Corviknight|Corviknight, M|100/100|[from] U-turn
|-ability|p2a: Corviknight|Pressure
|move|p1a: Iron Hands|Close Combat|p2a: Corviknight
|-damage|p2a: Corviknight|48/100
|-unboost|p1a: Iron Hands|def|1
|-unboost|p1a: Iron Hands|spd|1
|-damage|p1a: Iron Hands|72/100|[from] item: Rocky Helmet|[of] p2a: Corviknight
|
|upkeep
|turn|2
|
|t:|1759065132
|-terastallize|p1a: Iron Hands|Flying
|move|p2a: Corviknight|U-turn|p1a: Iron Hands
|-resisted|p1a: Iron Hands
|-crit|p1a: Iron Hands
|-damage|p1a: Iron Hands|61/100
|
|t:|1759065138
|switch|p2a: Slowking|Slowking-Galar, M|100/100|[from] U-turn
|move|p1a: Iron Hands|Close Combat|p2a: Slowking
|-resisted|p2a: Slowking
|-damage|p2a: Slowking|75/100
|-unboost|p1a: Iron Hands|def|1
|-unboost|p1a: Iron Hands|spd|1
|
|upkeep
|turn|3
|
|t:|1759065159
|move|p1a: Iron Hands|Supercell Slam|p2a: Slowking
|-damage|p2a: Slowking|0 fnt
|faint|p2a: Slowking
|
|upkeep
|
|t:|1759065165
|switch|p2a: Darkrai|Darkrai|100/100
|turn|4
|
|t:|1759065176
|-end|p1a: Iron Hands|Quark Drive|[silent]
|switch|p1a: Mimikyu|Mimikyu, F|100/100
|move|p2a: Darkrai|Dark Pulse|p1a: Mimikyu
|-activate|p1a: Mimikyu|ability: Disguise
|-damage|p1a: Mimikyu|100/100
|detailschange|p1a: Mimikyu|Mimikyu-Busted, F
|-damage|p1a: Mimikyu|88/100|[from] pokemon: Mimikyu-Busted
|-enditem|p1a: Mimikyu|Red Card|[of] p2a: Darkrai
|drag|p2a: Gholdengo|Gholdengo|100/100
|
|upkeep
|turn|5
|
|t:|1759065186
|move|p2a: Gholdengo|Make It Rain|p1a: Mimikyu
|-supereffective|p1a: Mimikyu
|-damage|p1a: Mimikyu|0 fnt
|-unboost|p2a: Gholdengo|spa|1
|faint|p1a: Mimikyu
|
|upkeep
|
|t:|1759065194
|switch|p1a: Indeedee|Indeedee, M|100/100
|-fieldstart|move: Psychic Terrain|[from] ability: Psychic Surge|[of] p1a: Indeedee
|turn|6
|
|t:|1759065201
|switch|p1a: Hatterene|Hatterene, F|100/100
|switch|p2a: Corviknight|Corviknight, M|48/100
|-ability|p2a: Corviknight|Pressure
|
|upkeep
|turn|7
|
|t:|1759065210
|move|p2a: Corviknight|Roost|p2a: Corviknight
|-heal|p2a: Corviknight|98/100
|-singleturn|p2a: Corviknight|move: Roost
|move|p1a: Hatterene|Trick Room|p1a: Hatterene
|-fieldstart|move: Trick Room|[of] p1a: Hatterene
|
|upkeep
|turn|8
|
|t:|1759065217
|move|p1a: Hatterene|Expanding Force|p2a: Corviknight
|-resisted|p2a: Corviknight
|-damage|p2a: Corviknight|38/100
|-damage|p1a: Hatterene|91/100|[from] item: Life Orb
|move|p2a: Corviknight|U-turn|p1a: Hatterene
|-damage|p1a: Hatterene|74/100
|
|t:|1759065221
|switch|p2a: Gholdengo|Gholdengo|100/100|[from] U-turn
|
|upkeep
|turn|9
|
|t:|1759065233
|move|p1a: Hatterene|Mystical Fire|p2a: Gholdengo
|-supereffective|p2a: Gholdengo
|-damage|p2a: Gholdengo|26/100
|-damage|p1a: Hatterene|64/100|[from] item: Life Orb
|move|p2a: Gholdengo|Make It Rain|p1a: Hatterene
|-supereffective|p1a: Hatterene
|-damage|p1a: Hatterene|0 fnt
|-unboost|p2a: Gholdengo|spa|1
|faint|p1a: Hatterene
|
|upkeep
|
|t:|1759065244
|switch|p1a: Hoopa|Hoopa-Unbound|100/100
|-enditem|p1a: Hoopa|Psychic Seed
|-boost|p1a: Hoopa|spd|1|[from] item: Psychic Seed
|turn|10
|
|t:|1759065250
|move|p1a: Hoopa|Expanding Force|p2a: Gholdengo
|-resisted|p2a: Gholdengo
|-damage|p2a: Gholdengo|0 fnt
|faint|p2a: Gholdengo
|-item|p1a: Hoopa|Covert Cloak|[from] ability: Magician|[of] p2: Gholdengo
|
|upkeep
|
|t:|1759065263
|switch|p2a: Great Tusk|Great Tusk|100/100
|turn|11
|
|t:|1759065272
|-end|p2a: Great Tusk|Protosynthesis|[silent]
|switch|p2a: Darkrai|Darkrai|100/100
|move|p1a: Hoopa|Expanding Force|p2a: Darkrai
|-immune|p2a: Darkrai
|
|-fieldend|move: Trick Room
|upkeep
|turn|12
|
|t:|1759065279
|-terastallize|p2a: Darkrai|Dark
|move|p2a: Darkrai|Dark Pulse|p1a: Hoopa
|-damage|p1a: Hoopa|74/100
|move|p1a: Hoopa|Trick Room|p1a: Hoopa
|-fieldstart|move: Trick Room|[of] p1a: Hoopa
|
|upkeep
|turn|13
|
|t:|1759065291
|move|p1a: Hoopa|Focus Blast|p2a: Darkrai|[miss]
|-miss|p1a: Hoopa|p2a: Darkrai
|move|p2a: Darkrai|Dark Pulse|p1a: Hoopa
|-damage|p1a: Hoopa|44/100
|
|-fieldend|move: Psychic Terrain
|upkeep
|turn|14
|
|t:|1759065301
|switch|p2a: Great Tusk|Great Tusk|100/100
|move|p1a: Hoopa|Focus Blast|p2a: Great Tusk|[miss]
|-miss|p1a: Hoopa|p2a: Great Tusk
|
|upkeep
|turn|15
|
|t:|1759065312
|switch|p1a: Indeedee|Indeedee, M|100/100
|-fieldstart|move: Psychic Terrain|[from] ability: Psychic Surge|[of] p1a: Indeedee
|move|p2a: Great Tusk|Headlong Rush|p1a: Indeedee
|-damage|p1a: Indeedee|26/100
|-unboost|p2a: Great Tusk|def|1
|-unboost|p2a: Great Tusk|spd|1
|
|upkeep
|turn|16
|
|t:|1759065327
|switch|p1a: Ursaluna|Ursaluna, F|100/100
|-end|p2a: Great Tusk|Protosynthesis|[silent]
|switch|p2a: Cinderace|Cinderace, M|100/100
|
|-fieldend|move: Trick Room
|-status|p1a: Ursaluna|brn|[from] item: Flame Orb
|upkeep
|turn|17
|
|t:|1759065336
|move|p2a: Cinderace|U-turn|p1a: Ursaluna
|-damage|p1a: Ursaluna|75/100 brn
|
|t:|1759065339
|switch|p2a: Corviknight|Corviknight, M|38/100|[from] U-turn
|-ability|p2a: Corviknight|Pressure
|move|p1a: Ursaluna|Facade|p2a: Corviknight
|-resisted|p2a: Corviknight
|-damage|p2a: Corviknight|3/100
|-damage|p1a: Ursaluna|58/100 brn|[from] item: Rocky Helmet|[of] p2a: Corviknight
|
|-damage|p1a: Ursaluna|52/100 brn|[from] brn
|upkeep
|turn|18
|
|t:|1759065359
|switch|p1a: Indeedee|Indeedee, M|26/100
|move|p2a: Corviknight|Body Press|p1a: Indeedee
|-crit|p1a: Indeedee
|-damage|p1a: Indeedee|0 fnt
|faint|p1a: Indeedee
|
|upkeep
|
|t:|1759065368
|switch|p1a: Hoopa|Hoopa-Unbound|44/100
|turn|19
|
|t:|1759065372
|move|p2a: Corviknight|U-turn|p1a: Hoopa
|-supereffective|p1a: Hoopa
|-damage|p1a: Hoopa|0 fnt
|faint|p1a: Hoopa
|
|t:|1759065377
|switch|p2a: Cinderace|Cinderace, M|100/100|[from] U-turn
|
|upkeep
|
|t:|1759065380
|switch|p1a: Ursaluna|Ursaluna, F|52/100 brn
|turn|20
|
|t:|1759065383
|move|p2a: Cinderace|High Jump Kick|p1a: Ursaluna
|-supereffective|p1a: Ursaluna
|-damage|p1a: Ursaluna|0 fnt
|faint|p1a: Ursaluna
|
|upkeep
|
|t:|1759065387
|switch|p1a: Iron Hands|Iron Hands, tera:Flying|61/100
|turn|21
|
|t:|1759065394
|switch|p2a: Corviknight|Corviknight, M|3/100
|-ability|p2a: Corviknight|Pressure
|move|p1a: Iron Hands|Heavy Slam|p2a: Corviknight
|-resisted|p2a: Corviknight
|-damage|p2a: Corviknight|0 fnt
|-damage|p1a: Iron Hands|44/100|[from] item: Rocky Helmet|[of] p2a: Corviknight
|faint|p2a: Corviknight
|
|upkeep
|
|t:|1759065396
|switch|p2a: Cinderace|Cinderace, M|100/100
|turn|22
|
|t:|1759065406
|move|p2a: Cinderace|Pyro Ball|p1a: Iron Hands
|-damage|p1a: Iron Hands|0 fnt
|faint|p1a: Iron Hands
|-end|p1a: Iron Hands|Quark Drive|[silent]
|
|win|segserino
|raw|geniusandrei's rating: 1307 &rarr; <strong>1286</strong><br />(-21 for losing)
|raw|segserino's rating: 1294 &rarr; <strong>1320</strong><br />(+26 for winning)
|l|☆geniusandrei
|player|p1|
