|badge|p2|bronze|gen9ou|100-6
|html|<div class="broadcast-red"><strong>This battle is required to be public due to one or more player having a season medal.</strong><br />During the public phase, you can discuss the state of the ladder <a href="/seasondiscussion">in a special chatroom.</a></div>
|uhtml|medal-msg|<div class="broadcast-blue">Curious what those medals under the avatar are? PS now has Ladder Seasons! For more information, check out the <a href="https://www.smogon.com/forums/threads/3740067/">thread on Smogon.</a></div>
|raw|<div class="broadcast-blue"><strong>This battle is required to be public due to a player having a name starting with 'medal'.</div>
|j|☆kazt 5
|j|☆lvBreakfast
|t:|1758945710
|gametype|singles
|player|p1|kazt 5|acetrainersnowf|1810
|player|p2|lvBreakfast|psychic-gen4|1900
|gen|9
|tier|[Gen 9] OU
|rated|
|rule|HP Percentage Mod: HP is shown in percentages
|rule|Endless Battle Clause: Forcing endless battles is banned
|rule|Species Clause: Limit one of each Pokémon
|rule|OHKO Clause: OHKO moves are banned
|rule|Evasion Items Clause: Evasion items are banned
|rule|Evasion Moves Clause: Evasion moves are banned
|rule|Evasion Abilities Clause: Evasion abilities are banned
|rule|Sleep Moves Clause: Sleep-inducing moves are banned
|clearpoke
|poke|p1|Hatterene, F|
|poke|p1|Iron Moth|
|poke|p1|Iron Valiant|
|poke|p1|Scizor, F|
|poke|p1|Dragonite, M|
|poke|p1|Sinistcha|
|poke|p2|Zapdos|
|poke|p2|Sinistcha|
|poke|p2|Weavile, F|
|poke|p2|Keldeo|
|poke|p2|Goodra-Hisui, F|
|poke|p2|Ting-Lu|
|teampreview
|inactive|Battle timer is ON: inactive players will automatically lose when time's up. (requested by kazt 5)
|c|☆kazt 5|hf
|c|☆lvBreakfast|hf
|j| Ncjfjvjzjvdc
|j| larp legion
|j| dadadadaxiji
|inactive|lvBreakfast has 120 seconds left.
|
|t:|1758945744
|teamsize|p1|6
|teamsize|p2|6
|start
|switch|p1a: Iron Moth|Iron Moth|100/100
|switch|p2a: Lil emolga|Zapdos|100/100
|turn|1
|
|t:|1758945749
|move|p1a: Iron Moth|Toxic Spikes|p2a: Lil emolga
|-sidestart|p2: lvBreakfast|move: Toxic Spikes
|move|p2a: Lil emolga|Thunder Wave|p1a: Iron Moth
|-status|p1a: Iron Moth|par
|
|upkeep
|turn|2
|
|t:|1758945752
|move|p2a: Lil emolga|Hurricane|p1a: Iron Moth
|-damage|p1a: Iron Moth|52/100 par
|-start|p1a: Iron Moth|confusion
|-activate|p1a: Iron Moth|confusion
|move|p1a: Iron Moth|Overheat|p2a: Lil emolga|[miss]
|-miss|p1a: Iron Moth|p2a: Lil emolga
|
|upkeep
|turn|3
|
|t:|1758945759
|move|p2a: Lil emolga|Hurricane|p1a: Iron Moth
|-damage|p1a: Iron Moth|2/100 par
|-activate|p1a: Iron Moth|confusion
|move|p1a: Iron Moth|Overheat|p2a: Lil emolga
|-damage|p2a: Lil emolga|34/100
|-unboost|p1a: Iron Moth|spa|2
|
|upkeep
|turn|4
|
|t:|1758945770
|-end|p1a: Iron Moth|Quark Drive|[silent]
|switch|p1a: Iron Valiant|Iron Valiant|100/100
|move|p2a: Lil emolga|Roost|p2a: Lil emolga
|-heal|p2a: Lil emolga|85/100
|-singleturn|p2a: Lil emolga|move: Roost
|
|upkeep
|turn|5
|
|t:|1758945775
|-terastallize|p1a: Iron Valiant|Fairy
|move|p1a: Iron Valiant|Moonblast|p2a: Lil emolga
|-damage|p2a: Lil emolga|5/100
|move|p2a: Lil emolga|Thunder Wave|p1a: Iron Valiant
|-status|p1a: Iron Valiant|par
|
|upkeep
|turn|6
|j| IM AT MY LIMIT
|
|t:|1758945786
|switch|p2a: Goodra|Goodra-Hisui, F|100/100
|move|p1a: Iron Valiant|Moonblast|p2a: Goodra
|-damage|p2a: Goodra|69/100
|
|upkeep
|turn|7
|
|t:|1758945792
|-end|p1a: Iron Valiant|Quark Drive|[silent]
|switch|p1a: Iron Moth|Iron Moth|2/100 par
|move|p2a: Goodra|Knock Off|p1a: Iron Moth
|-damage|p1a: Iron Moth|0 fnt
|-enditem|p1a: Iron Moth|Heavy-Duty Boots|[from] move: Knock Off|[of] p2a: Goodra
|faint|p1a: Iron Moth
|-end|p1a: Iron Moth|Quark Drive|[silent]
|
|upkeep
|
|t:|1758945794
|switch|p1a: Sinistcha|Sinistcha|100/100
|turn|8
|
|t:|1758945797
|move|p1a: Sinistcha|Curse|p2a: Goodra
|-start|p2a: Goodra|Curse|[of] p1a: Sinistcha
|-damage|p1a: Sinistcha|50/100
|move|p2a: Goodra|Knock Off|p1a: Sinistcha
|-supereffective|p1a: Sinistcha
|-damage|p1a: Sinistcha|23/100
|-enditem|p1a: Sinistcha|Heavy-Duty Boots|[from] move: Knock Off|[of] p2a: Goodra
|
|-damage|p2a: Goodra|44/100|[from] Curse
|upkeep
|turn|9
|
|t:|1758945802
|switch|p2a: Ting-Loui|Ting-Lu|100/100
|-status|p2a: Ting-Loui|psn
|-ability|p2a: Ting-Loui|Vessel of Ruin
|move|p1a: Sinistcha|Shadow Ball|p2a: Ting-Loui
|-resisted|p2a: Ting-Loui
|-damage|p2a: Ting-Loui|92/100 psn
|
|-heal|p2a: Ting-Loui|98/100 psn|[from] item: Leftovers
|-damage|p2a: Ting-Loui|85/100 psn|[from] psn
|upkeep
|turn|10
|
|t:|1758945807
|move|p1a: Sinistcha|Strength Sap|p2a: Ting-Loui
|-unboost|p2a: Ting-Loui|atk|1
|-heal|p1a: Sinistcha|97/100
|move|p2a: Ting-Loui|Earthquake|p1a: Sinistcha
|-resisted|p1a: Sinistcha
|-damage|p1a: Sinistcha|87/100
|
|-heal|p2a: Ting-Loui|92/100 psn|[from] item: Leftovers
|-damage|p2a: Ting-Loui|79/100 psn|[from] psn
|upkeep
|turn|11
|
|t:|1758945810
|switch|p1a: Hatterene|Hatterene, F|100/100
|move|p2a: Ting-Loui|Stealth Rock|p1a: Hatterene
|move|p1a: Hatterene|Stealth Rock|p2a: Ting-Loui|[from] ability: Magic Bounce
|-sidestart|p2: lvBreakfast|move: Stealth Rock
|
|-heal|p2a: Ting-Loui|85/100 psn|[from] item: Leftovers
|-damage|p2a: Ting-Loui|73/100 psn|[from] psn
|upkeep
|turn|12
|
|t:|1758945815
|switch|p2a: Goodra|Goodra-Hisui, F|44/100
|-damage|p2a: Goodra|38/100|[from] Stealth Rock
|move|p1a: Hatterene|Draining Kiss|p2a: Goodra
|-damage|p2a: Goodra|29/100
|
|upkeep
|turn|13
|
|t:|1758945821
|switch|p1a: Sinistcha|Sinistcha|87/100
|move|p2a: Goodra|Knock Off|p1a: Sinistcha
|-supereffective|p1a: Sinistcha
|-damage|p1a: Sinistcha|68/100
|
|upkeep
|turn|14
|
|t:|1758945824
|move|p1a: Sinistcha|Shadow Ball|p2a: Goodra
|-damage|p2a: Goodra|16/100
|move|p2a: Goodra|Sludge Bomb|p1a: Sinistcha
|-damage|p1a: Sinistcha|44/100
|-status|p1a: Sinistcha|psn
|
|-damage|p1a: Sinistcha|31/100 psn|[from] psn
|upkeep
|turn|15
|l| Ncjfjvjzjvdc
|
|t:|1758945828
|move|p1a: Sinistcha|Shadow Ball|p2a: Goodra
|-damage|p2a: Goodra|4/100
|move|p2a: Goodra|Sludge Bomb|p1a: Sinistcha
|-crit|p1a: Sinistcha
|-damage|p1a: Sinistcha|0 fnt
|faint|p1a: Sinistcha
|
|upkeep
|
|t:|1758945831
|switch|p1a: Scizor|Scizor, F|100/100
|turn|16
|
|t:|1758945832
|move|p1a: Scizor|U-turn|p2a: Goodra
|-resisted|p2a: Goodra
|-damage|p2a: Goodra|0 fnt
|faint|p2a: Goodra
|
|t:|1758945835
|switch|p1a: Hatterene|Hatterene, F|100/100|[from] U-turn
|
|upkeep
|
|t:|1758945850
|switch|p2a: Sinister Tea ;)|Sinistcha|100/100
|turn|17
|
|t:|1758945852
|move|p2a: Sinister Tea ;)|Shadow Ball|p1a: Hatterene
|-supereffective|p1a: Hatterene
|-damage|p1a: Hatterene|36/100
|move|p1a: Hatterene|Nuzzle|p2a: Sinister Tea ;)
|-resisted|p2a: Sinister Tea ;)
|-damage|p2a: Sinister Tea ;)|99/100
|-status|p2a: Sinister Tea ;)|par
|
|upkeep
|turn|18
|
|t:|1758945862
|switch|p1a: Iron Valiant|Iron Valiant, tera:Fairy|100/100 par
|move|p2a: Sinister Tea ;)|Shadow Ball|p1a: Iron Valiant
|-damage|p1a: Iron Valiant|38/100 par
|
|upkeep
|turn|19
|
|t:|1758945866
|switch|p2a: Lil emolga|Zapdos|5/100
|cant|p1a: Iron Valiant|par
|
|upkeep
|turn|20
|
|t:|1758945870
|-end|p1a: Iron Valiant|Quark Drive|[silent]
|switch|p1a: Scizor|Scizor, F|100/100
|move|p2a: Lil emolga|Volt Switch|p1a: Scizor
|-damage|p1a: Scizor|57/100
|j| Mfjfjkrjgjsjjg
|
|t:|1758945873
|switch|p2a: Glue eater|Keldeo, shiny|100/100|[from] Volt Switch
|
|upkeep
|turn|21
|
|t:|1758945877
|switch|p1a: Dragonite|Dragonite, M|100/100
|move|p2a: Glue eater|Surf|p1a: Dragonite
|-resisted|p1a: Dragonite
|-damage|p1a: Dragonite|89/100
|
|upkeep
|turn|22
|
|t:|1758945880
|move|p2a: Glue eater|Flip Turn|p1a: Dragonite
|-resisted|p1a: Dragonite
|-damage|p1a: Dragonite|83/100
|
|t:|1758945881
|switch|p2a: Weavile|Weavile, F|100/100|[from] Flip Turn
|move|p1a: Dragonite|Roost|p1a: Dragonite
|-heal|p1a: Dragonite|100/100
|-singleturn|p1a: Dragonite|move: Roost
|
|upkeep
|turn|23
|
|t:|1758945885
|switch|p1a: Scizor|Scizor, F|57/100
|move|p2a: Weavile|Icicle Crash|p1a: Scizor
|-resisted|p1a: Scizor
|-damage|p1a: Scizor|30/100
|
|upkeep
|turn|24
|
|t:|1758945890
|switch|p2a: Lil emolga|Zapdos|5/100
|move|p1a: Scizor|Knock Off|p2a: Lil emolga
|-damage|p2a: Lil emolga|0 fnt
|-enditem|p2a: Lil emolga|Heavy-Duty Boots|[from] move: Knock Off|[of] p1a: Scizor
|faint|p2a: Lil emolga
|
|upkeep
|
|t:|1758945892
|switch|p2a: Glue eater|Keldeo, shiny|100/100
|turn|25
|
|t:|1758945896
|switch|p1a: Dragonite|Dragonite, M|100/100
|move|p2a: Glue eater|Flip Turn|p1a: Dragonite
|-resisted|p1a: Dragonite
|-damage|p1a: Dragonite|97/100
|
|t:|1758945898
|switch|p2a: Weavile|Weavile, F|100/100|[from] Flip Turn
|
|upkeep
|turn|26
|
|t:|1758945902
|switch|p1a: Iron Valiant|Iron Valiant, tera:Fairy|38/100 par
|move|p2a: Weavile|Icicle Crash|p1a: Iron Valiant
|-damage|p1a: Iron Valiant|0 fnt
|faint|p1a: Iron Valiant
|-end|p1a: Iron Valiant|Quark Drive|[silent]
|
|upkeep
|
|t:|1758945904
|switch|p1a: Scizor|Scizor, F|30/100
|turn|27
|
|t:|1758945907
|switch|p2a: Glue eater|Keldeo, shiny|100/100
|move|p1a: Scizor|Bullet Punch|p2a: Glue eater
|-resisted|p2a: Glue eater
|-damage|p2a: Glue eater|70/100
|
|upkeep
|turn|28
|
|t:|1758945910
|switch|p1a: Hatterene|Hatterene, F|36/100
|move|p2a: Glue eater|Surf|p1a: Hatterene
|-damage|p1a: Hatterene|0 fnt
|faint|p1a: Hatterene
|
|upkeep
|
|t:|1758945912
|switch|p1a: Dragonite|Dragonite, M|97/100
|turn|29
|
|t:|1758945916
|move|p2a: Glue eater|Flip Turn|p1a: Dragonite
|-resisted|p1a: Dragonite
|-damage|p1a: Dragonite|90/100
|
|t:|1758945918
|switch|p2a: Weavile|Weavile, F|100/100|[from] Flip Turn
|move|p1a: Dragonite|Dragon Tail|p2a: Weavile
|-damage|p2a: Weavile|43/100
|drag|p2a: Ting-Loui|Ting-Lu|73/100 psn
|-damage|p2a: Ting-Loui|67/100 psn|[from] Stealth Rock
|-ability|p2a: Ting-Loui|Vessel of Ruin
|
|-heal|p2a: Ting-Loui|73/100 psn|[from] item: Leftovers
|-damage|p2a: Ting-Loui|61/100 psn|[from] psn
|upkeep
|turn|30
|
|t:|1758945922
|move|p1a: Dragonite|Roost|p1a: Dragonite
|-heal|p1a: Dragonite|100/100
|-singleturn|p1a: Dragonite|move: Roost
|move|p2a: Ting-Loui|Stealth Rock|p1a: Dragonite
|-sidestart|p1: kazt 5|move: Stealth Rock
|
|-heal|p2a: Ting-Loui|67/100 psn|[from] item: Leftovers
|-damage|p2a: Ting-Loui|55/100 psn|[from] psn
|upkeep
|turn|31
|
|t:|1758945927
|move|p2a: Ting-Loui|Spikes|p1a: Dragonite
|-sidestart|p1: kazt 5|Spikes
|move|p1a: Dragonite|Dragon Tail|p2a: Ting-Loui
|-damage|p2a: Ting-Loui|37/100 psn
|drag|p2a: Sinister Tea ;)|Sinistcha|99/100 par
|
|upkeep
|turn|32
|
|t:|1758945931
|switch|p1a: Scizor|Scizor, F|30/100
|-damage|p1a: Scizor|17/100|[from] Stealth Rock
|-damage|p1a: Scizor|5/100|[from] Spikes
|switch|p2a: Ting-Loui|Ting-Lu|37/100 psn
|-damage|p2a: Ting-Loui|31/100 psn|[from] Stealth Rock
|-ability|p2a: Ting-Loui|Vessel of Ruin
|
|-heal|p2a: Ting-Loui|37/100 psn|[from] item: Leftovers
|-damage|p2a: Ting-Loui|25/100 psn|[from] psn
|upkeep
|turn|33
|
|t:|1758945935
|move|p1a: Scizor|Bullet Punch|p2a: Ting-Loui
|-damage|p2a: Ting-Loui|1/100 psn
|move|p2a: Ting-Loui|Earthquake|p1a: Scizor
|-damage|p1a: Scizor|0 fnt
|faint|p1a: Scizor
|
|-heal|p2a: Ting-Loui|7/100 psn|[from] item: Leftovers
|-damage|p2a: Ting-Loui|0 fnt|[from] psn
|faint|p2a: Ting-Loui
|upkeep
|
|t:|1758945937
|switch|p1a: Dragonite|Dragonite, M|100/100
|switch|p2a: Weavile|Weavile, F|43/100
|turn|34
|
|t:|1758945944
|-terastallize|p2a: Weavile|Ghost
|move|p1a: Dragonite|Extreme Speed|p2a: Weavile
|-immune|p2a: Weavile
|move|p2a: Weavile|Icicle Crash|p1a: Dragonite
|-supereffective|p1a: Dragonite
|-damage|p1a: Dragonite|23/100
|
|upkeep
|turn|35
|c|☆kazt 5|gg
|c|☆lvBreakfast|Gg
|
|t:|1758945952
|move|p2a: Weavile|Ice Shard|p1a: Dragonite
|-supereffective|p1a: Dragonite
|-damage|p1a: Dragonite|0 fnt
|faint|p1a: Dragonite
|
|win|lvBreakfast
|raw|kazt 5's rating: 1810 &rarr; <strong>1795</strong><br />(-15 for losing)
|raw|lvBreakfast's rating: 1900 &rarr; <strong>1915</strong><br />(+15 for winning)
|l|☆kazt 5
|player|p1|
|l| dadadadaxiji
