|j|☆faygos
|j|☆Midleur
|t:|1759078068
|gametype|singles
|player|p1|faygos|#omplxiiicommanders|1567
|player|p2|Midleur|colress|1535
|gen|9
|tier|[Gen 9] OU
|rated|
|rule|HP Percentage Mod: HP is shown in percentages
|rule|Endless Battle Clause: Forcing endless battles is banned
|rule|Species Clause: Limit one of each Pokémon
|rule|OHKO Clause: OHKO moves are banned
|rule|Evasion Items Clause: Evasion items are banned
|rule|Evasion Moves Clause: Evasion moves are banned
|rule|Evasion Abilities Clause: Evasion abilities are banned
|rule|Sleep Moves Clause: Sleep-inducing moves are banned
|clearpoke
|poke|p1|Haunter, F|
|poke|p1|Samurott-Hisui, F|
|poke|p1|Bayleef, F|
|poke|p1|Necrozma|
|poke|p1|Gardevoir, M|
|poke|p1|Great Tusk|
|poke|p2|Ting-Lu|
|poke|p2|Gholdengo|
|poke|p2|Iron Valiant|
|poke|p2|Great Tusk|
|poke|p2|Samurott-Hisui, F|
|poke|p2|Zamazenta-*|
|teampreview
|inactive|Battle timer is ON: inactive players will automatically lose when time's up. (requested by faygos)
|
|t:|1759078094
|teamsize|p1|6
|teamsize|p2|6
|start
|switch|p1a: Gardevoir|Gardevoir, M|100/100
|switch|p2a: Zamazenta|Zamazenta|100/100
|-ability|p1a: Gardevoir|Dauntless Shield|Trace|[from] ability: Trace|[of] p2a: Zamazenta
|-ability|p1a: Gardevoir|Dauntless Shield|boost
|-boost|p1a: Gardevoir|def|1
|-ability|p2a: Zamazenta|Dauntless Shield|boost
|-boost|p2a: Zamazenta|def|1
|turn|1
|
|t:|1759078105
|move|p1a: Gardevoir|Moonblast|p2a: Zamazenta
|-supereffective|p2a: Zamazenta
|-damage|p2a: Zamazenta|35/100
|move|p2a: Zamazenta|Iron Head|p1a: Gardevoir
|-supereffective|p1a: Gardevoir
|-damage|p1a: Gardevoir|49/100
|
|upkeep
|turn|2
|
|t:|1759078110
|switch|p2a: Gholdengo|Gholdengo|100/100
|-item|p2a: Gholdengo|Air Balloon
|move|p1a: Gardevoir|Moonblast|p2a: Gholdengo
|-resisted|p2a: Gholdengo
|-damage|p2a: Gholdengo|76/100
|-enditem|p2a: Gholdengo|Air Balloon
|
|upkeep
|turn|3
|
|t:|1759078123
|switch|p1a: Samurott|Samurott-Hisui, F|100/100
|move|p2a: Gholdengo|Thunder Wave|p1a: Samurott|[miss]
|-miss|p2a: Gholdengo|p1a: Samurott
|
|upkeep
|turn|4
|
|t:|1759078129
|switch|p2a: Ting-Lu|Ting-Lu|100/100
|-ability|p2a: Ting-Lu|Vessel of Ruin
|move|p1a: Samurott|Ceaseless Edge|p2a: Ting-Lu
|-resisted|p2a: Ting-Lu
|-damage|p2a: Ting-Lu|88/100
|-sidestart|p2: Midleur|Spikes
|
|-heal|p2a: Ting-Lu|94/100|[from] item: Leftovers
|upkeep
|turn|5
|
|t:|1759078135
|switch|p1a: Haunter|Haunter, F|100/100
|move|p2a: Ting-Lu|Stealth Rock|p1a: Haunter
|-sidestart|p1: faygos|move: Stealth Rock
|
|-heal|p2a: Ting-Lu|99/100|[from] item: Leftovers
|upkeep
|turn|6
|
|t:|1759078142
|move|p1a: Haunter|Trick|p2a: Ting-Lu
|-activate|p1a: Haunter|move: Trick|[of] p2a: Ting-Lu
|-item|p2a: Ting-Lu|Choice Scarf|[from] move: Trick
|-item|p1a: Haunter|Leftovers|[from] move: Trick
|move|p2a: Ting-Lu|Whirlwind|p1a: Haunter
|drag|p1a: Samurott|Samurott-Hisui, F|100/100
|-damage|p1a: Samurott|88/100|[from] Stealth Rock
|
|upkeep
|turn|7
|
|t:|1759078158
|move|p1a: Samurott|Razor Shell|p2a: Ting-Lu
|-supereffective|p2a: Ting-Lu
|-damage|p2a: Ting-Lu|42/100
|move|p2a: Ting-Lu|Whirlwind|p1a: Samurott
|drag|p1a: Gardevoir|Gardevoir, M|49/100
|-damage|p1a: Gardevoir|37/100|[from] Stealth Rock
|-ability|p1a: Gardevoir|Vessel of Ruin|Trace|[from] ability: Trace|[of] p2a: Ting-Lu
|-ability|p1a: Gardevoir|Vessel of Ruin
|
|upkeep
|turn|8
|
|t:|1759078165
|switch|p2a: Gholdengo|Gholdengo|76/100
|-damage|p2a: Gholdengo|63/100|[from] Spikes
|move|p1a: Gardevoir|Moonblast|p2a: Gholdengo
|-resisted|p2a: Gholdengo
|-damage|p2a: Gholdengo|41/100
|-unboost|p2a: Gholdengo|spa|1
|
|upkeep
|turn|9
|
|t:|1759078174
|switch|p1a: Samurott|Samurott-Hisui, F|88/100
|-damage|p1a: Samurott|76/100|[from] Stealth Rock
|move|p2a: Gholdengo|Recover|p2a: Gholdengo
|-heal|p2a: Gholdengo|91/100
|
|upkeep
|turn|10
|
|t:|1759078198
|switch|p2a: Samurott|Samurott-Hisui, F|100/100
|-damage|p2a: Samurott|88/100|[from] Spikes
|move|p1a: Samurott|Ceaseless Edge|p2a: Samurott
|-resisted|p2a: Samurott
|-damage|p2a: Samurott|65/100
|-sidestart|p2: Midleur|Spikes
|
|upkeep
|turn|11
|
|t:|1759078213
|move|p2a: Samurott|Ceaseless Edge|p1a: Samurott|[miss]
|-miss|p2a: Samurott|p1a: Samurott
|move|p1a: Samurott|Ceaseless Edge|p2a: Samurott|[miss]
|-miss|p1a: Samurott|p2a: Samurott
|
|upkeep
|turn|12
|
|t:|1759078229
|move|p1a: Samurott|Ceaseless Edge|p2a: Samurott
|-resisted|p2a: Samurott
|-damage|p2a: Samurott|42/100
|-sidestart|p2: Midleur|Spikes
|move|p2a: Samurott|Ceaseless Edge|p1a: Samurott
|-resisted|p1a: Samurott
|-damage|p1a: Samurott|55/100
|-sidestart|p1: faygos|Spikes
|
|upkeep
|turn|13
|
|t:|1759078234
|switch|p1a: Great Tusk|Great Tusk|100/100
|-damage|p1a: Great Tusk|98/100|[from] Stealth Rock
|-damage|p1a: Great Tusk|85/100|[from] Spikes
|-enditem|p1a: Great Tusk|Booster Energy
|-activate|p1a: Great Tusk|ability: Protosynthesis|[fromitem]
|-start|p1a: Great Tusk|protosynthesisspe
|move|p2a: Samurott|Ceaseless Edge|p1a: Great Tusk
|-resisted|p1a: Great Tusk
|-damage|p1a: Great Tusk|73/100
|-sidestart|p1: faygos|Spikes
|
|upkeep
|turn|14
|
|t:|1759078241
|switch|p2a: Gholdengo|Gholdengo|91/100
|-damage|p2a: Gholdengo|66/100|[from] Spikes
|move|p1a: Great Tusk|Stealth Rock|p2a: Gholdengo
|-sidestart|p2: Midleur|move: Stealth Rock
|
|upkeep
|turn|15
|
|t:|1759078244
|move|p1a: Great Tusk|Headlong Rush|p2a: Gholdengo
|-supereffective|p2a: Gholdengo
|-damage|p2a: Gholdengo|0 fnt
|-unboost|p1a: Great Tusk|def|1
|-unboost|p1a: Great Tusk|spd|1
|faint|p2a: Gholdengo
|
|upkeep
|
|t:|1759078249
|switch|p2a: Great Tusk|Great Tusk|100/100
|-damage|p2a: Great Tusk|76/100|[from] Spikes
|-damage|p2a: Great Tusk|73/100|[from] Stealth Rock
|-enditem|p2a: Great Tusk|Booster Energy
|-activate|p2a: Great Tusk|ability: Protosynthesis|[fromitem]
|-start|p2a: Great Tusk|protosynthesisspe
|turn|16
|
|t:|1759078260
|move|p2a: Great Tusk|Rapid Spin|p1a: Great Tusk
|-damage|p1a: Great Tusk|59/100
|-boost|p2a: Great Tusk|spe|1
|-sideend|p2: Midleur|Spikes|[from] move: Rapid Spin|[of] p2a: Great Tusk
|-sideend|p2: Midleur|Stealth Rock|[from] move: Rapid Spin|[of] p2a: Great Tusk
|move|p1a: Great Tusk|Rapid Spin|p2a: Great Tusk
|-damage|p2a: Great Tusk|64/100
|-boost|p1a: Great Tusk|spe|1
|-sideend|p1: faygos|Spikes|[from] move: Rapid Spin|[of] p1a: Great Tusk
|-sideend|p1: faygos|Stealth Rock|[from] move: Rapid Spin|[of] p1a: Great Tusk
|
|upkeep
|turn|17
|
|t:|1759078264
|-end|p1a: Great Tusk|Protosynthesis|[silent]
|switch|p1a: Haunter|Haunter, F|100/100
|move|p2a: Great Tusk|Ice Spinner|p1a: Haunter
|-damage|p1a: Haunter|42/100
|
|-heal|p1a: Haunter|48/100|[from] item: Leftovers
|upkeep
|turn|18
|
|t:|1759078279
|move|p2a: Great Tusk|Ice Spinner|p1a: Haunter
|-damage|p1a: Haunter|0 fnt
|faint|p1a: Haunter
|
|upkeep
|
|t:|1759078288
|switch|p1a: Bayleef|Bayleef, F|100/100
|turn|19
|
|t:|1759078300
|move|p2a: Great Tusk|Ice Spinner|p1a: Bayleef
|-supereffective|p1a: Bayleef
|-damage|p1a: Bayleef|68/100
|move|p1a: Bayleef|Reflect|p1a: Bayleef
|-sidestart|p1: faygos|Reflect
|
|upkeep
|turn|20
|
|t:|1759078322
|-end|p2a: Great Tusk|Protosynthesis|[silent]
|switch|p2a: Iron Valiant|Iron Valiant, shiny|100/100
|switch|p1a: Samurott|Samurott-Hisui, F|55/100
|
|upkeep
|turn|21
|
|t:|1759078331
|move|p1a: Samurott|Razor Shell|p2a: Iron Valiant
|-damage|p2a: Iron Valiant|36/100
|-unboost|p2a: Iron Valiant|def|1
|move|p2a: Iron Valiant|Moonblast|p1a: Samurott
|-supereffective|p1a: Samurott
|-damage|p1a: Samurott|0 fnt
|faint|p1a: Samurott
|
|upkeep
|
|t:|1759078348
|switch|p1a: Necrozma|Necrozma|100/100
|turn|22
|
|t:|1759078355
|-end|p2a: Iron Valiant|Quark Drive|[silent]
|switch|p2a: Samurott|Samurott-Hisui, F|42/100
|move|p1a: Necrozma|Trick Room|p1a: Necrozma
|-fieldstart|move: Trick Room|[of] p1a: Necrozma
|
|upkeep
|turn|23
|
|t:|1759078385
|switch|p2a: Great Tusk|Great Tusk|64/100
|move|p1a: Necrozma|Earth Power|p2a: Great Tusk
|-damage|p2a: Great Tusk|17/100
|
|-sideend|p1: faygos|Reflect
|upkeep
|turn|24
|
|t:|1759078410
|move|p1a: Necrozma|Earth Power|p2a: Great Tusk
|-damage|p2a: Great Tusk|0 fnt
|faint|p2a: Great Tusk
|-end|p2a: Great Tusk|Protosynthesis|[silent]
|
|upkeep
|
|t:|1759078419
|switch|p2a: Iron Valiant|Iron Valiant, shiny|36/100
|turn|25
|
|t:|1759078423
|-end|p2a: Iron Valiant|Quark Drive|[silent]
|switch|p2a: Samurott|Samurott-Hisui, F|42/100
|move|p1a: Necrozma|Earth Power|p2a: Samurott
|-damage|p2a: Samurott|0 fnt
|faint|p2a: Samurott
|
|upkeep
|
|t:|1759078431
|switch|p2a: Zamazenta|Zamazenta|35/100
|turn|26
|
|t:|1759078456
|move|p1a: Necrozma|Photon Geyser|p2a: Zamazenta
|-supereffective|p2a: Zamazenta
|-damage|p2a: Zamazenta|0 fnt
|faint|p2a: Zamazenta
|
|-fieldend|move: Trick Room
|upkeep
|
|t:|1759078465
|switch|p2a: Ting-Lu|Ting-Lu|42/100
|-ability|p2a: Ting-Lu|Vessel of Ruin
|turn|27
|
|t:|1759078488
|move|p2a: Ting-Lu|Ruination|p1a: Necrozma
|-damage|p1a: Necrozma|51/100
|move|p1a: Necrozma|Trick Room|p1a: Necrozma
|-fieldstart|move: Trick Room|[of] p1a: Necrozma
|
|upkeep
|turn|28
|
|t:|1759078494
|-terastallize|p1a: Necrozma|Ground
|move|p1a: Necrozma|Earth Power|p2a: Ting-Lu
|-damage|p2a: Ting-Lu|22/100
|move|p2a: Ting-Lu|Ruination|p1a: Necrozma
|-damage|p1a: Necrozma|26/100
|
|upkeep
|turn|29
|
|t:|1759078500
|move|p1a: Necrozma|Earth Power|p2a: Ting-Lu
|-damage|p2a: Ting-Lu|1/100
|move|p2a: Ting-Lu|Ruination|p1a: Necrozma
|-damage|p1a: Necrozma|13/100
|
|upkeep
|turn|30
|
|t:|1759078504
|move|p1a: Necrozma|Earth Power|p2a: Ting-Lu
|-damage|p2a: Ting-Lu|0 fnt
|faint|p2a: Ting-Lu
|
|upkeep
|
|t:|1759078509
|switch|p2a: Iron Valiant|Iron Valiant, shiny|36/100
|turn|31
|
|t:|1759078511
|move|p1a: Necrozma|Earth Power|p2a: Iron Valiant
|-damage|p2a: Iron Valiant|0 fnt
|faint|p2a: Iron Valiant
|-end|p2a: Iron Valiant|Quark Drive|[silent]
|
|win|faygos
|raw|faygos's rating: 1550 &rarr; <strong>1569</strong><br />(+19 for winning)
|raw|Midleur's rating: 1535 &rarr; <strong>1516</strong><br />(-19 for losing)
|l|☆Midleur
|player|p2|
|l|☆faygos
|player|p1|
