|j|☆itzbruhcon
|j|☆Charle_phate
|t:|1759040949
|gametype|singles
|player|p1|itzbruhcon|n|1337
|player|p2|Charle_phate|blue|1282
|gen|9
|tier|[Gen 9] OU
|rated|
|rule|HP Percentage Mod: HP is shown in percentages
|rule|Endless Battle Clause: Forcing endless battles is banned
|rule|Species Clause: Limit one of each Pokémon
|rule|OHKO Clause: OHKO moves are banned
|rule|Evasion Items Clause: Evasion items are banned
|rule|Evasion Moves Clause: Evasion moves are banned
|rule|Evasion Abilities Clause: Evasion abilities are banned
|rule|Sleep Moves Clause: Sleep-inducing moves are banned
|clearpoke
|poke|p1|Pawmot, F|
|poke|p1|Rillaboom, F|
|poke|p1|Iron Treads|
|poke|p1|Garganacl, F|
|poke|p1|Alomomola, F|
|poke|p1|Dragapult, M|
|poke|p2|Serperior, F|
|poke|p2|Rotom-Wash|
|poke|p2|Zapdos|
|poke|p2|Heatran, M|
|poke|p2|Clefable, M|
|poke|p2|Landorus-Therian, M|
|teampreview
|inactive|Battle timer is ON: inactive players will automatically lose when time's up. (requested by Charle_phate)
|inactive|itzbruhcon has 120 seconds left.
|
|t:|1759040989
|teamsize|p1|6
|teamsize|p2|6
|start
|switch|p1a: Rillaboom|Rillaboom, F|100/100
|switch|p2a: Rotom|Rotom-Wash|100/100
|-fieldstart|move: Grassy Terrain|[from] ability: Grassy Surge|[of] p1a: Rillaboom
|turn|1
|
|t:|1759041008
|switch|p2a: Heatran|Heatran, M|100/100
|move|p1a: Rillaboom|Wood Hammer|p2a: Heatran
|-resisted|p2a: Heatran
|-damage|p2a: Heatran|68/100
|-damage|p1a: Rillaboom|90/100|[from] Recoil
|
|-heal|p1a: Rillaboom|96/100|[from] Grassy Terrain
|-heal|p2a: Heatran|74/100|[from] Grassy Terrain
|-heal|p2a: Heatran|80/100|[from] item: Leftovers
|upkeep
|turn|2
|inactive|itzbruhcon has 120 seconds left.
|
|t:|1759041038
|switch|p1a: Alomomola|Alomomola, F|100/100
|move|p2a: Heatran|Substitute|p2a: Heatran
|-start|p2a: Heatran|Substitute
|-damage|p2a: Heatran|55/100
|
|-heal|p2a: Heatran|61/100|[from] Grassy Terrain
|-heal|p2a: Heatran|68/100|[from] item: Leftovers
|upkeep
|turn|3
|
|t:|1759041049
|move|p2a: Heatran|Ancient Power|p1a: Alomomola
|-damage|p1a: Alomomola|80/100
|move|p1a: Alomomola|Flip Turn|p2a: Heatran
|-supereffective|p2a: Heatran
|-end|p2a: Heatran|Substitute
|
|t:|1759041063
|switch|p1a: Garganacl|Garganacl, F|100/100|[from] Flip Turn
|
|-heal|p2a: Heatran|74/100|[from] Grassy Terrain
|-heal|p2a: Heatran|80/100|[from] item: Leftovers
|upkeep
|turn|4
|
|t:|1759041082
|move|p2a: Heatran|Substitute|p2a: Heatran
|-start|p2a: Heatran|Substitute
|-damage|p2a: Heatran|55/100
|move|p1a: Garganacl|Salt Cure|p2a: Heatran
|-crit|p2a: Heatran
|-activate|p2a: Heatran|move: Substitute|[damage]
|
|-heal|p2a: Heatran|61/100|[from] Grassy Terrain
|-heal|p2a: Heatran|68/100|[from] item: Leftovers
|upkeep
|turn|5
|
|t:|1759041088
|move|p2a: Heatran|Ancient Power|p1a: Garganacl
|-damage|p1a: Garganacl|84/100
|move|p1a: Garganacl|Salt Cure|p2a: Heatran
|-end|p2a: Heatran|Substitute
|
|-heal|p2a: Heatran|74/100|[from] Grassy Terrain
|-heal|p2a: Heatran|80/100|[from] item: Leftovers
|-heal|p1a: Garganacl|91/100|[from] Grassy Terrain
|-heal|p1a: Garganacl|97/100|[from] item: Leftovers
|-fieldend|move: Grassy Terrain
|upkeep
|turn|6
|
|t:|1759041102
|move|p2a: Heatran|Substitute|p2a: Heatran
|-start|p2a: Heatran|Substitute
|-damage|p2a: Heatran|55/100
|move|p1a: Garganacl|Stealth Rock|p2a: Heatran
|-sidestart|p2: Charle_phate|move: Stealth Rock
|
|-heal|p2a: Heatran|61/100|[from] item: Leftovers
|-heal|p1a: Garganacl|100/100|[from] item: Leftovers
|upkeep
|turn|7
|
|t:|1759041128
|move|p2a: Heatran|Ancient Power|p1a: Garganacl
|-damage|p1a: Garganacl|85/100
|move|p1a: Garganacl|Salt Cure|p2a: Heatran
|-activate|p2a: Heatran|move: Substitute|[damage]
|
|-heal|p2a: Heatran|68/100|[from] item: Leftovers
|-heal|p1a: Garganacl|91/100|[from] item: Leftovers
|upkeep
|turn|8
|inactive|Charle_phate has 120 seconds left.
|
|t:|1759041163
|switch|p1a: Iron Treads|Iron Treads|100/100
|move|p2a: Heatran|Ancient Power|p1a: Iron Treads
|-resisted|p1a: Iron Treads
|-damage|p1a: Iron Treads|97/100
|
|-heal|p2a: Heatran|74/100|[from] item: Leftovers
|upkeep
|turn|9
|
|t:|1759041170
|move|p1a: Iron Treads|Earthquake|p2a: Heatran
|-supereffective|p2a: Heatran
|-end|p2a: Heatran|Substitute
|move|p2a: Heatran|Lava Plume|p1a: Iron Treads
|-supereffective|p1a: Iron Treads
|-damage|p1a: Iron Treads|28/100
|
|-heal|p2a: Heatran|80/100|[from] item: Leftovers
|upkeep
|turn|10
|inactive|Charle_phate has 120 seconds left.
|
|t:|1759041200
|switch|p2a: Zapdos|Zapdos|100/100
|-damage|p2a: Zapdos|75/100|[from] Stealth Rock
|move|p1a: Iron Treads|Volt Switch|p2a: Zapdos
|-damage|p2a: Zapdos|65/100
|
|t:|1759041218
|-end|p1a: Iron Treads|Quark Drive|[silent]
|switch|p1a: Pawmot|Pawmot, F|100/100|[from] Volt Switch
|
|-heal|p2a: Zapdos|71/100|[from] item: Leftovers
|upkeep
|turn|11
|
|t:|1759041226
|move|p1a: Pawmot|Ice Punch|p2a: Zapdos
|-supereffective|p2a: Zapdos
|-damage|p2a: Zapdos|0 fnt
|faint|p2a: Zapdos
|-damage|p1a: Pawmot|91/100|[from] item: Life Orb
|
|upkeep
|
|t:|1759041247
|switch|p2a: Serperior|Serperior, F|100/100
|-damage|p2a: Serperior|88/100|[from] Stealth Rock
|turn|12
|
|t:|1759041261
|switch|p2a: Heatran|Heatran, M|80/100
|-damage|p2a: Heatran|68/100|[from] Stealth Rock
|switch|p1a: Iron Treads|Iron Treads|28/100
|
|-heal|p2a: Heatran|74/100|[from] item: Leftovers
|upkeep
|turn|13
|
|t:|1759041276
|switch|p2a: Landorus|Landorus-Therian, M|100/100
|-damage|p2a: Landorus|88/100|[from] Stealth Rock
|-ability|p2a: Landorus|Intimidate|boost
|-unboost|p1a: Iron Treads|atk|1
|move|p1a: Iron Treads|Ice Spinner|p2a: Landorus
|-supereffective|p2a: Landorus
|-damage|p2a: Landorus|25/100
|
|-heal|p2a: Landorus|32/100|[from] item: Leftovers
|upkeep
|turn|14
|l|☆Charle_phate
|inactive|Charle_phate disconnected and has a minute to reconnect!
|player|p2|
|j|☆Charle_phate
|inactive|Charle_phate reconnected and has 95 seconds left.
|player|p2|Charle_phate|blue|
|inactive|Charle_phate has 90 seconds left.
|
|t:|1759041308
|move|p1a: Iron Treads|Ice Spinner|p2a: Landorus
|-supereffective|p2a: Landorus
|-damage|p2a: Landorus|0 fnt
|faint|p2a: Landorus
|
|upkeep
|
|t:|1759041312
|switch|p2a: Rotom|Rotom-Wash|100/100
|-damage|p2a: Rotom|88/100|[from] Stealth Rock
|turn|15
|
|t:|1759041334
|move|p1a: Iron Treads|Volt Switch|p2a: Rotom
|-damage|p2a: Rotom|76/100
|
|t:|1759041343
|-end|p1a: Iron Treads|Quark Drive|[silent]
|switch|p1a: Garganacl|Garganacl, F|91/100|[from] Volt Switch
|move|p2a: Rotom|Hydro Pump|p1a: Garganacl
|-supereffective|p1a: Garganacl
|-damage|p1a: Garganacl|31/100
|
|-heal|p2a: Rotom|82/100|[from] item: Leftovers
|-heal|p1a: Garganacl|37/100|[from] item: Leftovers
|upkeep
|turn|16
|inactive|itzbruhcon has 120 seconds left.
|
|t:|1759041359
|move|p1a: Garganacl|Protect|p1a: Garganacl
|-singleturn|p1a: Garganacl|Protect
|move|p2a: Rotom|Hydro Pump|p1a: Garganacl
|-activate|p1a: Garganacl|move: Protect
|
|-heal|p2a: Rotom|88/100|[from] item: Leftovers
|-heal|p1a: Garganacl|43/100|[from] item: Leftovers
|upkeep
|turn|17
|inactive|itzbruhcon has 120 seconds left.
|inactive|Charle_phate has 90 seconds left.
|
|t:|1759041390
|switch|p1a: Rillaboom|Rillaboom, F|96/100
|-fieldstart|move: Grassy Terrain|[from] ability: Grassy Surge|[of] p1a: Rillaboom
|move|p2a: Rotom|Hydro Pump|p1a: Rillaboom
|-resisted|p1a: Rillaboom
|-damage|p1a: Rillaboom|63/100
|
|-heal|p1a: Rillaboom|69/100|[from] Grassy Terrain
|-heal|p2a: Rotom|95/100|[from] item: Leftovers
|upkeep
|turn|18
|
|t:|1759041399
|switch|p2a: Heatran|Heatran, M|74/100
|-damage|p2a: Heatran|61/100|[from] Stealth Rock
|move|p1a: Rillaboom|Knock Off|p2a: Heatran
|-damage|p2a: Heatran|10/100
|-enditem|p2a: Heatran|Leftovers|[from] move: Knock Off|[of] p1a: Rillaboom
|
|-heal|p1a: Rillaboom|76/100|[from] Grassy Terrain
|-heal|p2a: Heatran|16/100|[from] Grassy Terrain
|upkeep
|turn|19
|
|t:|1759041416
|move|p1a: Rillaboom|Knock Off|p2a: Heatran
|-damage|p2a: Heatran|0 fnt
|faint|p2a: Heatran
|
|-heal|p1a: Rillaboom|82/100|[from] Grassy Terrain
|upkeep
|
|t:|1759041421
|switch|p2a: Serperior|Serperior, F|88/100
|-damage|p2a: Serperior|76/100|[from] Stealth Rock
|turn|20
|
|t:|1759041432
|move|p2a: Serperior|Glare|p1a: Rillaboom
|-status|p1a: Rillaboom|par
|move|p1a: Rillaboom|Knock Off|p2a: Serperior
|-damage|p2a: Serperior|5/100
|-enditem|p2a: Serperior|Leftovers|[from] move: Knock Off|[of] p1a: Rillaboom
|
|-heal|p2a: Serperior|11/100|[from] Grassy Terrain
|-heal|p1a: Rillaboom|88/100 par|[from] Grassy Terrain
|upkeep
|turn|21
|
|t:|1759041447
|switch|p1a: Iron Treads|Iron Treads|28/100
|move|p2a: Serperior|Leaf Storm|p1a: Iron Treads
|-damage|p1a: Iron Treads|0 fnt
|-boost|p2a: Serperior|spa|2
|faint|p1a: Iron Treads
|-end|p1a: Iron Treads|Quark Drive|[silent]
|
|-heal|p2a: Serperior|17/100|[from] Grassy Terrain
|-fieldend|move: Grassy Terrain
|upkeep
|
|t:|1759041459
|switch|p1a: Pawmot|Pawmot, F|91/100
|turn|22
|
|t:|1759041463
|move|p1a: Pawmot|Mach Punch|p2a: Serperior
|-damage|p2a: Serperior|0 fnt
|faint|p2a: Serperior
|-damage|p1a: Pawmot|81/100|[from] item: Life Orb
|
|upkeep
|
|t:|1759041470
|switch|p2a: Rotom|Rotom-Wash|95/100
|-damage|p2a: Rotom|82/100|[from] Stealth Rock
|turn|23
|
|t:|1759041477
|-terastallize|p1a: Pawmot|Electric
|move|p1a: Pawmot|Double Shock|p2a: Rotom
|-damage|p2a: Rotom|0 fnt
|-start|p1a: Pawmot|typechange|Electric|[from] move: Double Shock
|faint|p2a: Rotom
|-damage|p1a: Pawmot|71/100|[from] item: Life Orb
|
|upkeep
|
|t:|1759041481
|switch|p2a: Clefable|Clefable, M|100/100
|turn|24
|
|t:|1759041488
|move|p1a: Pawmot|Double Shock|p2a: Clefable
|-damage|p2a: Clefable|4/100
|-start|p1a: Pawmot|typechange|Electric|[from] move: Double Shock
|-damage|p1a: Pawmot|61/100|[from] item: Life Orb
|move|p2a: Clefable|Cosmic Power|p2a: Clefable
|-boost|p2a: Clefable|def|1
|-boost|p2a: Clefable|spd|1
|
|-heal|p2a: Clefable|10/100|[from] item: Leftovers
|upkeep
|turn|25
|
|t:|1759041493
|move|p1a: Pawmot|Double Shock|p2a: Clefable
|-damage|p2a: Clefable|0 fnt
|-start|p1a: Pawmot|typechange|Electric|[from] move: Double Shock
|faint|p2a: Clefable
|-damage|p1a: Pawmot|51/100|[from] item: Life Orb
|
|win|itzbruhcon
|raw|itzbruhcon's rating: 1337 &rarr; <strong>1352</strong><br />(+15 for winning)
|raw|Charle_phate's rating: 1243 &rarr; <strong>1225</strong><br />(-18 for losing)
|c|☆itzbruhcon|gggwp
|l|☆Charle_phate
|player|p2|
|l|☆itzbruhcon
|player|p1|
