|j|☆MassiveFinland4234
|j|☆IronClod
|t:|1759035659
|gametype|singles
|player|p1|MassiveFinland4234|cynthia|1415
|player|p2|IronClod|fantina|1482
|gen|9
|tier|[Gen 9] OU
|rated|
|rule|HP Percentage Mod: HP is shown in percentages
|rule|Endless Battle Clause: Forcing endless battles is banned
|rule|Species Clause: Limit one of each Pokémon
|rule|OHKO Clause: OHKO moves are banned
|rule|Evasion Items Clause: Evasion items are banned
|rule|Evasion Moves Clause: Evasion moves are banned
|rule|Evasion Abilities Clause: Evasion abilities are banned
|rule|Sleep Moves Clause: Sleep-inducing moves are banned
|clearpoke
|poke|p1|Weavile, M|
|poke|p1|Primarina, F|
|poke|p1|Raging Bolt|
|poke|p1|Scizor, M|
|poke|p1|Landorus-Therian, M|
|poke|p1|Moltres|
|poke|p2|Hawlucha, M|
|poke|p2|Rillaboom, F|
|poke|p2|Volcanion|
|poke|p2|Great Tusk|
|poke|p2|Goodra-Hisui, M|
|poke|p2|Zapdos|
|teampreview
|
|t:|1759035663
|teamsize|p1|6
|teamsize|p2|6
|start
|switch|p1a: Kalahari|Landorus-Therian, M|100/100
|switch|p2a: Rillaboom|Rillaboom, F|100/100
|-ability|p1a: Kalahari|Intimidate|boost
|-unboost|p2a: Rillaboom|atk|1
|-fieldstart|move: Grassy Terrain|[from] ability: Grassy Surge|[of] p2a: Rillaboom
|turn|1
|inactive|Battle timer is ON: inactive players will automatically lose when time's up. (requested by IronClod)
|
|t:|1759035670
|switch|p2a: Zapdos|Zapdos|100/100
|move|p1a: Kalahari|U-turn|p2a: Zapdos
|-resisted|p2a: Zapdos
|-damage|p2a: Zapdos|91/100
|
|t:|1759035684
|switch|p1a: Frostbite|Weavile, M|100/100|[from] U-turn
|-ability|p1a: Frostbite|Pressure
|
|upkeep
|turn|2
|
|t:|1759035697
|switch|p2a: Great Tusk|Great Tusk|100/100
|move|p1a: Frostbite|Icicle Crash|p2a: Great Tusk
|-supereffective|p2a: Great Tusk
|-damage|p2a: Great Tusk|39/100
|-damage|p1a: Frostbite|91/100|[from] item: Life Orb
|
|-heal|p1a: Frostbite|97/100|[from] Grassy Terrain
|-heal|p2a: Great Tusk|46/100|[from] Grassy Terrain
|upkeep
|turn|3
|
|t:|1759035727
|-end|p2a: Great Tusk|Protosynthesis|[silent]
|switch|p2a: Volcanion|Volcanion|100/100
|move|p1a: Frostbite|Icicle Crash|p2a: Volcanion
|-resisted|p2a: Volcanion
|-damage|p2a: Volcanion|88/100
|-damage|p1a: Frostbite|87/100|[from] item: Life Orb
|
|-heal|p1a: Frostbite|93/100|[from] Grassy Terrain
|-heal|p2a: Volcanion|94/100|[from] Grassy Terrain
|upkeep
|turn|4
|inactive|MassiveFinland4234 has 120 seconds left.
|
|t:|1759035743
|switch|p1a: Circe|Primarina, F|100/100
|move|p2a: Volcanion|Sludge Bomb|p1a: Circe
|-supereffective|p1a: Circe
|-damage|p1a: Circe|43/100
|
|-heal|p2a: Volcanion|99/100|[from] Grassy Terrain
|-heal|p1a: Circe|49/100|[from] Grassy Terrain
|-heal|p1a: Circe|56/100|[from] item: Leftovers
|upkeep
|turn|5
|inactive|MassiveFinland4234 has 120 seconds left.
|
|t:|1759035754
|-terastallize|p1a: Circe|Steel
|move|p2a: Volcanion|Steam Eruption|p1a: Circe
|-damage|p1a: Circe|2/100
|-status|p1a: Circe|brn
|move|p1a: Circe|Moonblast|p2a: Volcanion
|-resisted|p2a: Volcanion
|-damage|p2a: Volcanion|69/100
|
|-heal|p2a: Volcanion|75/100|[from] Grassy Terrain
|-heal|p1a: Circe|8/100 brn|[from] Grassy Terrain
|-heal|p1a: Circe|15/100 brn|[from] item: Leftovers
|-damage|p1a: Circe|8/100 brn|[from] brn
|-fieldend|move: Grassy Terrain
|upkeep
|turn|6
|inactive|MassiveFinland4234 has 120 seconds left.
|
|t:|1759035769
|move|p2a: Volcanion|Steam Eruption|p1a: Circe
|-damage|p1a: Circe|0 fnt
|faint|p1a: Circe
|
|upkeep
|inactive|MassiveFinland4234 has 120 seconds left.
|
|t:|1759035774
|switch|p1a: Kalahari|Landorus-Therian, M|100/100
|-ability|p1a: Kalahari|Intimidate|boost
|-unboost|p2a: Volcanion|atk|1
|turn|7
|
|t:|1759035779
|switch|p2a: Zapdos|Zapdos|91/100
|move|p1a: Kalahari|Stone Edge|p2a: Zapdos
|-supereffective|p2a: Zapdos
|-damage|p2a: Zapdos|36/100
|
|upkeep
|turn|8
|
|t:|1759035789
|switch|p1a: Frostbite|Weavile, M|93/100
|-ability|p1a: Frostbite|Pressure
|switch|p2a: Great Tusk|Great Tusk|46/100
|
|upkeep
|turn|9
|
|t:|1759035797
|move|p1a: Frostbite|Icicle Crash|p2a: Great Tusk
|-supereffective|p2a: Great Tusk
|-damage|p2a: Great Tusk|0 fnt
|faint|p2a: Great Tusk
|-end|p2a: Great Tusk|Protosynthesis|[silent]
|-damage|p1a: Frostbite|83/100|[from] item: Life Orb
|
|upkeep
|
|t:|1759035800
|switch|p2a: Volcanion|Volcanion|75/100
|turn|10
|
|t:|1759035810
|switch|p1a: Raiden|Raging Bolt|100/100
|-enditem|p1a: Raiden|Booster Energy
|-activate|p1a: Raiden|ability: Protosynthesis|[fromitem]
|-start|p1a: Raiden|protosynthesisspa
|move|p2a: Volcanion|Earth Power|p1a: Raiden
|-supereffective|p1a: Raiden
|-damage|p1a: Raiden|40/100
|
|upkeep
|turn|11
|
|t:|1759035824
|switch|p2a: Rillaboom|Rillaboom, F|100/100
|-fieldstart|move: Grassy Terrain|[from] ability: Grassy Surge|[of] p2a: Rillaboom
|move|p1a: Raiden|Discharge|p2a: Rillaboom
|-resisted|p2a: Rillaboom
|-damage|p2a: Rillaboom|58/100
|-status|p2a: Rillaboom|par
|
|-heal|p1a: Raiden|46/100|[from] Grassy Terrain
|-heal|p2a: Rillaboom|64/100 par|[from] Grassy Terrain
|upkeep
|turn|12
|
|t:|1759035837
|move|p1a: Raiden|Draco Meteor|p2a: Rillaboom
|-damage|p2a: Rillaboom|0 fnt
|-unboost|p1a: Raiden|spa|2
|faint|p2a: Rillaboom
|
|-heal|p1a: Raiden|52/100|[from] Grassy Terrain
|upkeep
|
|t:|1759035844
|switch|p2a: Hawlucha|Hawlucha, M|100/100
|-enditem|p2a: Hawlucha|Grassy Seed
|-boost|p2a: Hawlucha|def|1|[from] item: Grassy Seed
|turn|13
|
|t:|1759035848
|move|p2a: Hawlucha|Close Combat|p1a: Raiden
|-damage|p1a: Raiden|10/100
|-unboost|p2a: Hawlucha|def|1
|-unboost|p2a: Hawlucha|spd|1
|move|p1a: Raiden|Discharge|p2a: Hawlucha
|-supereffective|p2a: Hawlucha
|-damage|p2a: Hawlucha|0 fnt
|faint|p2a: Hawlucha
|
|-heal|p1a: Raiden|16/100|[from] Grassy Terrain
|upkeep
|
|t:|1759035854
|switch|p2a: Volcanion|Volcanion|75/100
|turn|14
|
|t:|1759035860
|move|p2a: Volcanion|Earth Power|p1a: Raiden
|-supereffective|p1a: Raiden
|-damage|p1a: Raiden|0 fnt
|faint|p1a: Raiden
|-end|p1a: Raiden|Protosynthesis|[silent]
|
|-heal|p2a: Volcanion|81/100|[from] Grassy Terrain
|upkeep
|
|t:|1759035872
|switch|p1a: Kalahari|Landorus-Therian, M|100/100
|-ability|p1a: Kalahari|Intimidate|boost
|-unboost|p2a: Volcanion|atk|1
|turn|15
|
|t:|1759035878
|move|p1a: Kalahari|Earthquake|p2a: Volcanion
|-supereffective|p2a: Volcanion
|-damage|p2a: Volcanion|27/100
|move|p2a: Volcanion|Steam Eruption|p1a: Kalahari
|-supereffective|p1a: Kalahari
|-damage|p1a: Kalahari|0 fnt
|faint|p1a: Kalahari
|
|-heal|p2a: Volcanion|33/100|[from] Grassy Terrain
|-fieldend|move: Grassy Terrain
|upkeep
|
|t:|1759035892
|switch|p1a: Frostbite|Weavile, M|83/100
|-ability|p1a: Frostbite|Pressure
|turn|16
|
|t:|1759035897
|switch|p2a: Zapdos|Zapdos|36/100
|move|p1a: Frostbite|Knock Off|p2a: Zapdos
|-damage|p2a: Zapdos|0 fnt
|-status|p1a: Frostbite|par|[from] ability: Static|[of] p2a: Zapdos
|-enditem|p2a: Zapdos|Heavy-Duty Boots|[from] move: Knock Off|[of] p1a: Frostbite
|faint|p2a: Zapdos
|-damage|p1a: Frostbite|73/100 par|[from] item: Life Orb
|
|upkeep
|
|t:|1759035904
|switch|p2a: Volcanion|Volcanion|33/100
|turn|17
|
|t:|1759035919
|cant|p1a: Frostbite|par
|move|p2a: Volcanion|Steam Eruption|p1a: Frostbite
|-damage|p1a: Frostbite|0 fnt
|faint|p1a: Frostbite
|
|upkeep
|
|t:|1759035932
|switch|p1a: Guillotine|Scizor, M|100/100
|turn|18
|
|t:|1759035943
|move|p1a: Guillotine|Bullet Punch|p2a: Volcanion
|-resisted|p2a: Volcanion
|-damage|p2a: Volcanion|21/100
|move|p2a: Volcanion|Overheat|p1a: Guillotine
|-supereffective|p1a: Guillotine
|-damage|p1a: Guillotine|0 fnt
|-unboost|p2a: Volcanion|spa|2
|faint|p1a: Guillotine
|
|upkeep
|
|t:|1759035951
|switch|p1a: Colonel|Moltres|100/100
|turn|19
|
|t:|1759035956
|switch|p2a: Goodra|Goodra-Hisui, M|100/100
|move|p1a: Colonel|Air Slash|p2a: Goodra
|-resisted|p2a: Goodra
|-damage|p2a: Goodra|93/100
|
|upkeep
|turn|20
|
|t:|1759035964
|move|p1a: Colonel|Fire Blast|p2a: Goodra|[miss]
|-miss|p1a: Colonel|p2a: Goodra
|move|p2a: Goodra|Ice Beam|p1a: Colonel
|-damage|p1a: Colonel|67/100
|
|upkeep
|turn|21
|
|t:|1759035972
|move|p1a: Colonel|Roost|p1a: Colonel
|-heal|p1a: Colonel|100/100
|-singleturn|p1a: Colonel|move: Roost
|move|p2a: Goodra|Draco Meteor|p1a: Colonel|[miss]
|-miss|p2a: Goodra|p1a: Colonel
|
|upkeep
|turn|22
|
|t:|1759035979
|move|p1a: Colonel|Will-O-Wisp|p2a: Goodra
|-status|p2a: Goodra|brn
|move|p2a: Goodra|Ice Beam|p1a: Colonel
|-damage|p1a: Colonel|69/100
|
|-damage|p2a: Goodra|86/100 brn|[from] brn
|upkeep
|turn|23
|
|t:|1759035987
|move|p1a: Colonel|Roost|p1a: Colonel
|-heal|p1a: Colonel|100/100
|-singleturn|p1a: Colonel|move: Roost
|move|p2a: Goodra|Draco Meteor|p1a: Colonel
|-damage|p1a: Colonel|30/100
|-unboost|p2a: Goodra|spa|2
|
|-damage|p2a: Goodra|80/100 brn|[from] brn
|upkeep
|turn|24
|
|t:|1759035996
|switch|p2a: Volcanion|Volcanion|21/100
|move|p1a: Colonel|Roost|p1a: Colonel
|-heal|p1a: Colonel|80/100
|-singleturn|p1a: Colonel|move: Roost
|
|upkeep
|turn|25
|
|t:|1759036002
|switch|p2a: Goodra|Goodra-Hisui, M|80/100 brn
|move|p1a: Colonel|Air Slash|p2a: Goodra
|-resisted|p2a: Goodra
|-damage|p2a: Goodra|72/100 brn
|
|-damage|p2a: Goodra|66/100 brn|[from] brn
|upkeep
|turn|26
|
|t:|1759036010
|move|p1a: Colonel|Roost|p1a: Colonel
|-heal|p1a: Colonel|100/100
|-singleturn|p1a: Colonel|move: Roost
|move|p2a: Goodra|Ice Beam|p1a: Colonel
|-resisted|p1a: Colonel
|-damage|p1a: Colonel|84/100
|
|-damage|p2a: Goodra|60/100 brn|[from] brn
|upkeep
|turn|27
|
|t:|1759036021
|move|p1a: Colonel|Fire Blast|p2a: Goodra
|-damage|p2a: Goodra|36/100 brn
|move|p2a: Goodra|Ice Beam|p1a: Colonel
|-crit|p1a: Colonel
|-damage|p1a: Colonel|39/100
|
|-damage|p2a: Goodra|30/100 brn|[from] brn
|upkeep
|turn|28
|
|t:|1759036029
|move|p1a: Colonel|Roost|p1a: Colonel
|-heal|p1a: Colonel|89/100
|-singleturn|p1a: Colonel|move: Roost
|move|p2a: Goodra|Draco Meteor|p1a: Colonel
|-damage|p1a: Colonel|20/100
|-unboost|p2a: Goodra|spa|2
|
|-damage|p2a: Goodra|24/100 brn|[from] brn
|upkeep
|turn|29
|
|t:|1759036044
|move|p1a: Colonel|Roost|p1a: Colonel
|-heal|p1a: Colonel|70/100
|-singleturn|p1a: Colonel|move: Roost
|move|p2a: Goodra|Draco Meteor|p1a: Colonel
|-damage|p1a: Colonel|32/100
|-unboost|p2a: Goodra|spa|2
|
|-damage|p2a: Goodra|18/100 brn|[from] brn
|upkeep
|turn|30
|
|t:|1759036059
|move|p1a: Colonel|Air Slash|p2a: Goodra
|-resisted|p2a: Goodra
|-damage|p2a: Goodra|8/100 brn
|move|p2a: Goodra|Draco Meteor|p1a: Colonel
|-damage|p1a: Colonel|9/100
|-unboost|p2a: Goodra|spa|2
|
|-damage|p2a: Goodra|2/100 brn|[from] brn
|upkeep
|turn|31
|
|t:|1759036067
|move|p1a: Colonel|Roost|p1a: Colonel
|-heal|p1a: Colonel|59/100
|-singleturn|p1a: Colonel|move: Roost
|move|p2a: Goodra|Draco Meteor|p1a: Colonel
|-damage|p1a: Colonel|41/100
|
|-damage|p2a: Goodra|0 fnt|[from] brn
|faint|p2a: Goodra
|upkeep
|
|t:|1759036075
|switch|p2a: Volcanion|Volcanion|21/100
|turn|32
|
|t:|1759036078
|move|p1a: Colonel|Air Slash|p2a: Volcanion|[miss]
|-miss|p1a: Colonel|p2a: Volcanion
|move|p2a: Volcanion|Steam Eruption|p1a: Colonel
|-supereffective|p1a: Colonel
|-damage|p1a: Colonel|0 fnt
|faint|p1a: Colonel
|
|win|IronClod
|raw|MassiveFinland4234's rating: 1415 &rarr; <strong>1399</strong><br />(-16 for losing)
|raw|IronClod's rating: 1482 &rarr; <strong>1498</strong><br />(+16 for winning)
|l|☆MassiveFinland4234
|player|p1|
|l|☆IronClod
|player|p2|
