|j|☆lerendezvous
|j|☆Obito 2001
|t:|1758952059
|gametype|singles
|player|p1|lerendezvous|101|1688
|player|p2|Obito 2001|blue-gen3two|1657
|gen|9
|tier|[Gen 9] OU
|rated|
|rule|HP Percentage Mod: HP is shown in percentages
|rule|Endless Battle Clause: Forcing endless battles is banned
|rule|Species Clause: Limit one of each Pokémon
|rule|OHKO Clause: OHKO moves are banned
|rule|Evasion Items Clause: Evasion items are banned
|rule|Evasion Moves Clause: Evasion moves are banned
|rule|Evasion Abilities Clause: Evasion abilities are banned
|rule|Sleep Moves Clause: Sleep-inducing moves are banned
|clearpoke
|poke|p1|Ogerpon-Wellspring, F|
|poke|p1|Slowking-Galar, F|
|poke|p1|Great Tusk|
|poke|p1|Moltres|
|poke|p1|Dragapult, M|
|poke|p1|Kingambit, F|
|poke|p2|Ogerpon-Wellspring, F|
|poke|p2|Scizor, M|
|poke|p2|Sandy Shocks|
|poke|p2|Weezing-Galar, M|
|poke|p2|Dragapult, F|
|poke|p2|Dragonite, M|
|teampreview
|inactive|Battle timer is ON: inactive players will automatically lose when time's up. (requested by Obito 2001)
|inactive|lerendezvous also wants the timer to be on.
|
|t:|1758952070
|teamsize|p1|6
|teamsize|p2|6
|start
|switch|p1a: Slowking|Slowking-Galar, F|100/100
|switch|p2a: Magnetun|Sandy Shocks|100/100
|turn|1
|
|t:|1758952077
|move|p2a: Magnetun|Earth Power|p1a: Slowking
|-supereffective|p1a: Slowking
|-damage|p1a: Slowking|56/100
|move|p1a: Slowking|Ice Beam|p2a: Magnetun
|-supereffective|p2a: Magnetun
|-damage|p2a: Magnetun|32/100
|
|upkeep
|turn|2
|
|t:|1758952085
|-end|p2a: Magnetun|Protosynthesis|[silent]
|switch|p2a: Fk hazard noobs|Weezing-Galar, M|100/100
|-ability|p2a: Fk hazard noobs|Neutralizing Gas
|move|p1a: Slowking|Ice Beam|p2a: Fk hazard noobs
|-damage|p2a: Fk hazard noobs|60/100
|
|upkeep
|turn|3
|
|t:|1758952095
|-end|p2a: Fk hazard noobs|ability: Neutralizing Gas
|switch|p2a: Scizor|Scizor, M|100/100
|move|p1a: Slowking|Ice Beam|p2a: Scizor
|-resisted|p2a: Scizor
|-damage|p2a: Scizor|83/100
|
|upkeep
|turn|4
|
|t:|1758952104
|switch|p2a: Fk hazard noobs|Weezing-Galar, M|60/100
|-ability|p2a: Fk hazard noobs|Neutralizing Gas
|switch|p1a: Moltres|Moltres|100/100
|
|upkeep
|turn|5
|j| larp legion
|
|t:|1758952131
|move|p1a: Moltres|U-turn|p2a: Fk hazard noobs
|-resisted|p2a: Fk hazard noobs
|-damage|p2a: Fk hazard noobs|58/100
|
|t:|1758952138
|switch|p1a: Slowking|Slowking-Galar, F|56/100|[from] U-turn
|move|p2a: Fk hazard noobs|Sludge Bomb|p1a: Slowking
|-resisted|p1a: Slowking
|-damage|p1a: Slowking|50/100
|
|upkeep
|turn|6
|
|t:|1758952144
|-end|p2a: Fk hazard noobs|ability: Neutralizing Gas
|switch|p2a: Scizor|Scizor, M|83/100
|move|p1a: Slowking|Ice Beam|p2a: Scizor
|-resisted|p2a: Scizor
|-damage|p2a: Scizor|64/100
|
|upkeep
|turn|7
|
|t:|1758952152
|switch|p1a: Moltres|Moltres|100/100
|move|p2a: Scizor|Knock Off|p1a: Moltres
|-damage|p1a: Moltres|73/100
|-status|p2a: Scizor|brn|[from] ability: Flame Body|[of] p1a: Moltres
|-enditem|p1a: Moltres|Heavy-Duty Boots|[from] move: Knock Off|[of] p2a: Scizor
|
|-damage|p2a: Scizor|58/100 brn|[from] brn
|upkeep
|turn|8
|
|t:|1758952163
|move|p1a: Moltres|Roost|p1a: Moltres
|-heal|p1a: Moltres|100/100
|-singleturn|p1a: Moltres|move: Roost
|move|p2a: Scizor|U-turn|p1a: Moltres
|-resisted|p1a: Moltres
|-damage|p1a: Moltres|93/100
|
|t:|1758952166
|switch|p2a: Magnetun|Sandy Shocks|32/100|[from] U-turn
|
|upkeep
|turn|9
|
|t:|1758952171
|switch|p1a: Slowking|Slowking-Galar, F|83/100
|move|p2a: Magnetun|Stealth Rock|p1a: Slowking
|-sidestart|p1: lerendezvous|move: Stealth Rock
|
|upkeep
|turn|10
|
|t:|1758952176
|move|p2a: Magnetun|Volt Switch|p1a: Slowking
|-crit|p1a: Slowking
|-damage|p1a: Slowking|55/100
|
|t:|1758952178
|-end|p2a: Magnetun|Protosynthesis|[silent]
|switch|p2a: Scizor|Scizor, M|58/100 brn|[from] Volt Switch
|move|p1a: Slowking|Flamethrower|p2a: Scizor
|-supereffective|p2a: Scizor
|-damage|p2a: Scizor|0 fnt
|faint|p2a: Scizor
|
|upkeep
|
|t:|1758952180
|switch|p2a: Ogerpon|Ogerpon-Wellspring, F|100/100
|turn|11
|
|t:|1758952185
|move|p2a: Ogerpon|Ivy Cudgel|p1a: Slowking|[anim] Ivy Cudgel Water
|-damage|p1a: Slowking|1/100
|move|p1a: Slowking|Sludge Bomb|p2a: Ogerpon
|-supereffective|p2a: Ogerpon
|-damage|p2a: Ogerpon|0 fnt
|faint|p2a: Ogerpon
|
|upkeep
|
|t:|1758952189
|switch|p2a: 👻DraGhost🐉|Dragapult, F|100/100
|turn|12
|
|t:|1758952193
|move|p2a: 👻DraGhost🐉|Dragon Darts|p1a: Slowking
|-damage|p1a: Slowking|0 fnt
|faint|p1a: Slowking
|
|upkeep
|
|t:|1758952201
|switch|p1a: Kingambit|Kingambit, F|100/100
|-damage|p1a: Kingambit|94/100|[from] Stealth Rock
|-activate|p1a: Kingambit|ability: Supreme Overlord
|-start|p1a: Kingambit|fallen1|[silent]
|turn|13
|
|t:|1758952209
|move|p2a: 👻DraGhost🐉|Reflect|p2a: 👻DraGhost🐉
|-sidestart|p2: Obito 2001|Reflect
|move|p1a: Kingambit|Swords Dance|p1a: Kingambit
|-boost|p1a: Kingambit|atk|2
|
|-heal|p1a: Kingambit|100/100|[from] item: Leftovers
|upkeep
|turn|14
|
|t:|1758952213
|move|p2a: 👻DraGhost🐉|Curse|p1a: Kingambit
|-start|p1a: Kingambit|Curse|[of] p2a: 👻DraGhost🐉
|-damage|p2a: 👻DraGhost🐉|50/100
|move|p1a: Kingambit|Swords Dance|p1a: Kingambit
|-boost|p1a: Kingambit|atk|2
|
|-damage|p1a: Kingambit|76/100|[from] Curse
|upkeep
|turn|15
|
|t:|1758952218
|switch|p2a: Fk hazard noobs|Weezing-Galar, M|58/100
|-ability|p2a: Fk hazard noobs|Neutralizing Gas
|move|p1a: Kingambit|Iron Head|p2a: Fk hazard noobs
|-supereffective|p2a: Fk hazard noobs
|-damage|p2a: Fk hazard noobs|0 fnt
|faint|p2a: Fk hazard noobs
|-end|p2a: Fk hazard noobs|ability: Neutralizing Gas
|-activate|p1a: Kingambit|ability: Supreme Overlord
|-start|p1a: Kingambit|fallen1|[silent]
|
|-heal|p1a: Kingambit|82/100|[from] item: Leftovers
|-damage|p1a: Kingambit|57/100|[from] Curse
|upkeep
|
|t:|1758952224
|switch|p2a: Magnetun|Sandy Shocks|32/100
|turn|16
|
|t:|1758952229
|move|p1a: Kingambit|Sucker Punch||[still]
|-fail|p1a: Kingambit
|move|p2a: Magnetun|Stealth Rock||[still]
|-fail|p2a: Magnetun
|
|-heal|p1a: Kingambit|63/100|[from] item: Leftovers
|-damage|p1a: Kingambit|39/100|[from] Curse
|upkeep
|turn|17
|
|t:|1758952233
|move|p1a: Kingambit|Sucker Punch||[still]
|-fail|p1a: Kingambit
|move|p2a: Magnetun|Stealth Rock||[still]
|-fail|p2a: Magnetun
|
|-heal|p1a: Kingambit|45/100|[from] item: Leftovers
|-damage|p1a: Kingambit|20/100|[from] Curse
|upkeep
|turn|18
|
|t:|1758952238
|move|p1a: Kingambit|Sucker Punch||[still]
|-fail|p1a: Kingambit
|move|p2a: Magnetun|Stealth Rock||[still]
|-fail|p2a: Magnetun
|
|-heal|p1a: Kingambit|26/100|[from] item: Leftovers
|-damage|p1a: Kingambit|1/100|[from] Curse
|upkeep
|turn|19
|
|t:|1758952242
|move|p1a: Kingambit|Sucker Punch||[still]
|-fail|p1a: Kingambit
|move|p2a: Magnetun|Stealth Rock||[still]
|-fail|p2a: Magnetun
|
|-heal|p1a: Kingambit|8/100|[from] item: Leftovers
|-damage|p1a: Kingambit|0 fnt|[from] Curse
|faint|p1a: Kingambit
|-end|p1a: Kingambit|fallen1|[silent]
|upkeep
|
|t:|1758952247
|switch|p1a: Dragapult|Dragapult, M|100/100
|turn|20
|
|t:|1758952253
|move|p1a: Dragapult|Dragon Darts|p2a: Magnetun
|-damage|p2a: Magnetun|6/100
|-anim|p1a: Dragapult|Dragon Darts|p2a: Magnetun
|-damage|p2a: Magnetun|0 fnt
|faint|p2a: Magnetun
|-end|p2a: Magnetun|Protosynthesis|[silent]
|
|-sideend|p2: Obito 2001|Reflect
|upkeep
|
|t:|1758952257
|switch|p2a: 👻DraGhost🐉|Dragapult, F|50/100
|turn|21
|
|t:|1758952261
|-terastallize|p1a: Dragapult|Fairy
|move|p1a: Dragapult|Hex|p2a: 👻DraGhost🐉
|-supereffective|p2a: 👻DraGhost🐉
|-damage|p2a: 👻DraGhost🐉|0 fnt
|faint|p2a: 👻DraGhost🐉
|
|upkeep
|
|t:|1758952264
|switch|p2a: OG👑|Dragonite, M|100/100
|turn|22
|
|t:|1758952269
|-terastallize|p2a: OG👑|Flying
|move|p1a: Dragapult|Will-O-Wisp|p2a: OG👑
|-status|p2a: OG👑|brn
|move|p2a: OG👑|Dragon Dance|p2a: OG👑
|-boost|p2a: OG👑|atk|1
|-boost|p2a: OG👑|spe|1
|
|-damage|p2a: OG👑|94/100 brn|[from] brn
|upkeep
|turn|23
|
|t:|1758952273
|move|p1a: Dragapult|Hex|p2a: OG👑
|-damage|p2a: OG👑|40/100 brn
|move|p2a: OG👑|Dragon Dance|p2a: OG👑
|-boost|p2a: OG👑|atk|1
|-boost|p2a: OG👑|spe|1
|
|-heal|p2a: OG👑|47/100 brn|[from] item: Leftovers
|-damage|p2a: OG👑|40/100 brn|[from] brn
|upkeep
|turn|24
|
|t:|1758952280
|move|p2a: OG👑|Tera Blast|p1a: Dragapult|[anim] Tera Blast Flying
|-damage|p1a: Dragapult|12/100
|move|p1a: Dragapult|Dragon Darts|p2a: OG👑
|-damage|p2a: OG👑|14/100 brn
|-anim|p1a: Dragapult|Dragon Darts|p2a: OG👑
|-damage|p2a: OG👑|0 fnt
|faint|p2a: OG👑
|
|win|lerendezvous
|raw|lerendezvous's rating: 1688 &rarr; <strong>1706</strong><br />(+18 for winning)
|raw|Obito 2001's rating: 1657 &rarr; <strong>1639</strong><br />(-18 for losing)
