|j|☆abdkkgja
|j|☆oehtwashere
|t:|1758916778
|gametype|singles
|player|p1|abdkkgja|lacey|1739
|player|p2|oehtwashere|supernerd|1797
|gen|9
|tier|[Gen 9] OU
|rated|
|rule|HP Percentage Mod: HP is shown in percentages
|rule|Endless Battle Clause: Forcing endless battles is banned
|rule|Species Clause: Limit one of each Pokémon
|rule|OHKO Clause: OHKO moves are banned
|rule|Evasion Items Clause: Evasion items are banned
|rule|Evasion Moves Clause: Evasion moves are banned
|rule|Evasion Abilities Clause: Evasion abilities are banned
|rule|Sleep Moves Clause: Sleep-inducing moves are banned
|clearpoke
|poke|p1|Keldeo-Resolute|
|poke|p1|Kingambit, M|
|poke|p1|Slowking-Galar, M|
|poke|p1|Meowscarada, M|
|poke|p1|Landorus-Therian, M|
|poke|p1|Cinderace, F|
|poke|p2|Enamorus, F|
|poke|p2|Primarina, F|
|poke|p2|Iron Treads|
|poke|p2|Dragonite, F|
|poke|p2|Cinderace, F|
|poke|p2|Zamazenta-*|
|teampreview
|inactive|Battle timer is ON: inactive players will automatically lose when time's up. (requested by oehtwashere)
|c|☆abdkkgja|gl
|inactive|abdkkgja has 120 seconds left.
|
|t:|1758916818
|teamsize|p1|6
|teamsize|p2|6
|start
|switch|p1a: Meowscarada|Meowscarada, M|100/100
|switch|p2a: Cinderace|Cinderace, F|100/100
|turn|1
|
|t:|1758916823
|move|p1a: Meowscarada|U-turn|p2a: Cinderace
|-start|p1a: Meowscarada|typechange|Bug|[from] ability: Protean
|-resisted|p2a: Cinderace
|-damage|p2a: Cinderace|81/100
|
|t:|1758916827
|switch|p1a: bro fist|Keldeo-Resolute|100/100|[from] U-turn
|move|p2a: Cinderace|U-turn|p1a: bro fist
|-resisted|p1a: bro fist
|-damage|p1a: bro fist|90/100
|
|t:|1758916831
|switch|p2a: Primarina|Primarina, F|100/100|[from] U-turn
|
|upkeep
|turn|2
|
|t:|1758916833
|switch|p1a: Kami’s Vision|Slowking-Galar, M|100/100
|move|p2a: Primarina|Flip Turn|p1a: Kami’s Vision
|-damage|p1a: Kami’s Vision|85/100
|
|t:|1758916836
|switch|p2a: Cinderace|Cinderace, F|81/100|[from] Flip Turn
|
|-heal|p1a: Kami’s Vision|91/100|[from] item: Black Sludge
|upkeep
|turn|3
|
|t:|1758916841
|move|p2a: Cinderace|Will-O-Wisp|p1a: Kami’s Vision|[miss]
|-miss|p2a: Cinderace|p1a: Kami’s Vision
|-prepare|p1a: Kami’s Vision|Chilly Reception|[premajor]
|move|p1a: Kami’s Vision|Chilly Reception|p1a: Kami’s Vision
|-weather|Snowscape
|
|t:|1758916847
|switch|p1a: bro fist|Keldeo-Resolute|90/100|[from] Chilly Reception
|
|-weather|Snowscape|[upkeep]
|upkeep
|turn|4
|
|t:|1758916850
|move|p2a: Cinderace|U-turn|p1a: bro fist
|-resisted|p1a: bro fist
|-damage|p1a: bro fist|79/100
|
|t:|1758916851
|switch|p2a: Primarina|Primarina, F|100/100|[from] U-turn
|move|p1a: bro fist|Secret Sword|p2a: Primarina
|-resisted|p2a: Primarina
|-damage|p2a: Primarina|59/100
|
|-weather|Snowscape|[upkeep]
|upkeep
|turn|5
|
|t:|1758916855
|switch|p1a: Kami’s Vision|Slowking-Galar, M|100/100
|move|p2a: Primarina|Flip Turn|p1a: Kami’s Vision
|-damage|p1a: Kami’s Vision|84/100
|
|t:|1758916857
|switch|p2a: Iron Treads|Iron Treads|100/100|[from] Flip Turn
|
|-weather|Snowscape|[upkeep]
|-heal|p1a: Kami’s Vision|90/100|[from] item: Black Sludge
|upkeep
|turn|6
|
|t:|1758916862
|switch|p1a: bro fist|Keldeo-Resolute|79/100
|move|p2a: Iron Treads|Stealth Rock|p1a: bro fist
|-sidestart|p1: abdkkgja|move: Stealth Rock
|
|-weather|Snowscape|[upkeep]
|upkeep
|turn|7
|
|t:|1758916865
|-end|p2a: Iron Treads|Quark Drive|[silent]
|switch|p2a: Enamorus|Enamorus, F|100/100
|move|p1a: bro fist|Secret Sword|p2a: Enamorus
|-resisted|p2a: Enamorus
|-damage|p2a: Enamorus|79/100
|
|-weather|none
|upkeep
|turn|8
|
|t:|1758916872
|switch|p1a: Meowscarada|Meowscarada, M|100/100
|-damage|p1a: Meowscarada|88/100|[from] Stealth Rock
|move|p2a: Enamorus|Earth Power|p1a: Meowscarada
|-resisted|p1a: Meowscarada
|-damage|p1a: Meowscarada|54/100
|
|upkeep
|turn|9
|
|t:|1758916879
|switch|p2a: Cinderace|Cinderace, F|81/100
|move|p1a: Meowscarada|Triple Axel|p2a: Cinderace
|-start|p1a: Meowscarada|typechange|Ice|[from] ability: Protean
|-resisted|p2a: Cinderace
|-damage|p2a: Cinderace|75/100
|-resisted|p2a: Cinderace
|-damage|p2a: Cinderace|64/100
|-resisted|p2a: Cinderace
|-damage|p2a: Cinderace|46/100
|-hitcount|p2a: Cinderace|3
|
|upkeep
|turn|10
|
|t:|1758916889
|move|p1a: Meowscarada|U-turn|p2a: Cinderace
|-resisted|p2a: Cinderace
|-damage|p2a: Cinderace|34/100
|
|t:|1758916894
|switch|p1a: Cinderace|Cinderace, F|100/100|[from] U-turn
|move|p2a: Cinderace|Pyro Ball|p1a: Cinderace
|-resisted|p1a: Cinderace
|-damage|p1a: Cinderace|46/100
|
|upkeep
|turn|11
|
|t:|1758916899
|move|p1a: Cinderace|High Jump Kick|p2a: Cinderace
|-start|p1a: Cinderace|typechange|Fighting|[from] ability: Libero
|-damage|p2a: Cinderace|0 fnt
|faint|p2a: Cinderace
|
|upkeep
|
|t:|1758916905
|switch|p2a: Zamazenta|Zamazenta|100/100
|-ability|p2a: Zamazenta|Dauntless Shield|boost
|-boost|p2a: Zamazenta|def|1
|turn|12
|
|t:|1758916909
|switch|p1a: Landorus|Landorus-Therian, M|100/100
|-damage|p1a: Landorus|88/100|[from] Stealth Rock
|-ability|p1a: Landorus|Intimidate|boost
|-unboost|p2a: Zamazenta|atk|1
|move|p2a: Zamazenta|Body Press|p1a: Landorus
|-resisted|p1a: Landorus
|-damage|p1a: Landorus|62/100
|-damage|p2a: Zamazenta|84/100|[from] item: Rocky Helmet|[of] p1a: Landorus
|
|-heal|p2a: Zamazenta|90/100|[from] item: Leftovers
|upkeep
|turn|13
|
|t:|1758916914
|move|p2a: Zamazenta|Iron Defense|p2a: Zamazenta
|-boost|p2a: Zamazenta|def|2
|move|p1a: Landorus|Stealth Rock|p2a: Zamazenta
|-sidestart|p2: oehtwashere|move: Stealth Rock
|
|-heal|p2a: Zamazenta|96/100|[from] item: Leftovers
|upkeep
|turn|14
|
|t:|1758916917
|move|p2a: Zamazenta|Iron Defense|p2a: Zamazenta
|-boost|p2a: Zamazenta|def|2
|move|p1a: Landorus|Earth Power|p2a: Zamazenta
|-damage|p2a: Zamazenta|71/100
|
|-heal|p2a: Zamazenta|77/100|[from] item: Leftovers
|upkeep
|turn|15
|
|t:|1758916920
|move|p2a: Zamazenta|Body Press|p1a: Landorus
|-resisted|p1a: Landorus
|-damage|p1a: Landorus|7/100
|-damage|p2a: Zamazenta|60/100|[from] item: Rocky Helmet|[of] p1a: Landorus
|move|p1a: Landorus|Earth Power|p2a: Zamazenta
|-damage|p2a: Zamazenta|34/100
|-unboost|p2a: Zamazenta|spd|1
|
|-heal|p2a: Zamazenta|40/100|[from] item: Leftovers
|upkeep
|turn|16
|
|t:|1758916922
|move|p2a: Zamazenta|Crunch|p1a: Landorus
|-damage|p1a: Landorus|0 fnt
|-damage|p2a: Zamazenta|24/100|[from] item: Rocky Helmet|[of] p1a: Landorus
|faint|p1a: Landorus
|
|-heal|p2a: Zamazenta|30/100|[from] item: Leftovers
|upkeep
|
|t:|1758916924
|switch|p1a: Kami’s Vision|Slowking-Galar, M|100/100
|-damage|p1a: Kami’s Vision|88/100|[from] Stealth Rock
|turn|17
|
|t:|1758916928
|switch|p2a: Iron Treads|Iron Treads|100/100
|-damage|p2a: Iron Treads|98/100|[from] Stealth Rock
|move|p1a: Kami’s Vision|Psychic Noise|p2a: Iron Treads
|-resisted|p2a: Iron Treads
|-damage|p2a: Iron Treads|87/100
|-start|p2a: Iron Treads|move: Heal Block
|
|-heal|p1a: Kami’s Vision|94/100|[from] item: Black Sludge
|upkeep
|turn|18
|
|t:|1758916932
|move|p2a: Iron Treads|Rapid Spin|p1a: Kami’s Vision
|-damage|p1a: Kami’s Vision|81/100
|-boost|p2a: Iron Treads|spe|1
|-sideend|p2: oehtwashere|Stealth Rock|[from] move: Rapid Spin|[of] p2a: Iron Treads
|move|p1a: Kami’s Vision|Trick|p2a: Iron Treads
|-activate|p1a: Kami’s Vision|move: Trick|[of] p2a: Iron Treads
|-item|p2a: Iron Treads|Black Sludge|[from] move: Trick
|-item|p1a: Kami’s Vision|Leftovers|[from] move: Trick
|
|-damage|p2a: Iron Treads|74/100|[from] item: Black Sludge
|-heal|p1a: Kami’s Vision|87/100|[from] item: Leftovers
|-end|p2a: Iron Treads|move: Heal Block
|upkeep
|turn|19
|
|t:|1758916940
|move|p2a: Iron Treads|Earthquake|p1a: Kami’s Vision
|-supereffective|p1a: Kami’s Vision
|-damage|p1a: Kami’s Vision|5/100
|-prepare|p1a: Kami’s Vision|Chilly Reception|[premajor]
|move|p1a: Kami’s Vision|Chilly Reception|p1a: Kami’s Vision
|-weather|Snowscape
|
|t:|1758916944
|switch|p1a: bro fist|Keldeo-Resolute|79/100|[from] Chilly Reception
|-damage|p1a: bro fist|73/100|[from] Stealth Rock
|
|-weather|Snowscape|[upkeep]
|-damage|p2a: Iron Treads|62/100|[from] item: Black Sludge
|upkeep
|turn|20
|
|t:|1758916949
|-end|p2a: Iron Treads|Quark Drive|[silent]
|switch|p2a: Primarina|Primarina, F|59/100
|move|p1a: bro fist|Surf|p2a: Primarina
|-resisted|p2a: Primarina
|-damage|p2a: Primarina|42/100
|
|-weather|Snowscape|[upkeep]
|upkeep
|turn|21
|
|t:|1758916953
|move|p1a: bro fist|Secret Sword|p2a: Primarina
|-resisted|p2a: Primarina
|-damage|p2a: Primarina|1/100
|move|p2a: Primarina|Psychic Noise|p1a: bro fist
|-resisted|p1a: bro fist
|-damage|p1a: bro fist|48/100
|-start|p1a: bro fist|move: Heal Block
|
|-weather|Snowscape|[upkeep]
|upkeep
|turn|22
|
|t:|1758916958
|move|p1a: bro fist|Secret Sword|p2a: Primarina
|-resisted|p2a: Primarina
|-damage|p2a: Primarina|0 fnt
|faint|p2a: Primarina
|
|-weather|Snowscape|[upkeep]
|-end|p1a: bro fist|move: Heal Block
|upkeep
|
|t:|1758916963
|switch|p2a: Dragonite|Dragonite, F|100/100
|turn|23
|
|t:|1758916965
|move|p1a: bro fist|Taunt|p2a: Dragonite
|-start|p2a: Dragonite|move: Taunt
|cant|p2a: Dragonite|move: Taunt|Dragon Dance
|
|-weather|none
|upkeep
|turn|24
|
|t:|1758916969
|switch|p2a: Zamazenta|Zamazenta|30/100
|move|p1a: bro fist|Surf|p2a: Zamazenta
|-damage|p2a: Zamazenta|0 fnt
|faint|p2a: Zamazenta
|
|upkeep
|
|t:|1758916971
|switch|p2a: Enamorus|Enamorus, F|79/100
|turn|25
|
|t:|1758916975
|move|p2a: Enamorus|Earth Power|p1a: bro fist
|-damage|p1a: bro fist|0 fnt
|faint|p1a: bro fist
|
|upkeep
|
|t:|1758916980
|switch|p1a: Meowscarada|Meowscarada, M|54/100
|-damage|p1a: Meowscarada|41/100|[from] Stealth Rock
|turn|26
|
|t:|1758916984
|switch|p2a: Iron Treads|Iron Treads|62/100
|move|p1a: Meowscarada|Triple Axel|p2a: Iron Treads
|-start|p1a: Meowscarada|typechange|Ice|[from] ability: Protean
|-damage|p2a: Iron Treads|55/100
|-damage|p2a: Iron Treads|40/100
|-damage|p2a: Iron Treads|21/100
|-hitcount|p2a: Iron Treads|3
|
|-damage|p2a: Iron Treads|8/100|[from] item: Black Sludge
|upkeep
|turn|27
|
|t:|1758916989
|move|p1a: Meowscarada|Low Kick|p2a: Iron Treads
|-supereffective|p2a: Iron Treads
|-crit|p2a: Iron Treads
|-damage|p2a: Iron Treads|0 fnt
|faint|p2a: Iron Treads
|-end|p2a: Iron Treads|Quark Drive|[silent]
|
|upkeep
|
|t:|1758916990
|switch|p2a: Dragonite|Dragonite, F|100/100
|turn|28
|
|t:|1758916995
|-terastallize|p2a: Dragonite|Flying
|move|p1a: Meowscarada|Triple Axel|p2a: Dragonite
|-supereffective|p2a: Dragonite
|-damage|p2a: Dragonite|90/100
|-supereffective|p2a: Dragonite
|-crit|p2a: Dragonite
|-damage|p2a: Dragonite|29/100
|-supereffective|p2a: Dragonite
|-damage|p2a: Dragonite|0 fnt
|faint|p2a: Dragonite
|-hitcount|p2: Dragonite|3
|
|upkeep
|-message|oehtwashere forfeited.
|
|win|abdkkgja
|raw|abdkkgja's rating: 1739 &rarr; <strong>1762</strong><br />(+23 for winning)
|raw|oehtwashere's rating: 1797 &rarr; <strong>1774</strong><br />(-23 for losing)
|l|☆oehtwashere
|player|p2|
