|j|☆Nushinator
|j|☆larp legion
|t:|1758939437
|gametype|singles
|player|p1|Nushinator|bugcatcher-gen4dp|1554
|player|p2|larp legion|2|1592
|gen|9
|tier|[Gen 9] OU
|rated|
|rule|HP Percentage Mod: HP is shown in percentages
|rule|Endless Battle Clause: Forcing endless battles is banned
|rule|Species Clause: Limit one of each Pokémon
|rule|OHKO Clause: OHKO moves are banned
|rule|Evasion Items Clause: Evasion items are banned
|rule|Evasion Moves Clause: Evasion moves are banned
|rule|Evasion Abilities Clause: Evasion abilities are banned
|rule|Sleep Moves Clause: Sleep-inducing moves are banned
|clearpoke
|poke|p1|Raging Bolt|
|poke|p1|Corviknight, F|
|poke|p1|Great Tusk|
|poke|p1|Ting-Lu|
|poke|p1|Alomomola, M|
|poke|p1|Hatterene, F|
|poke|p2|Rillaboom, F|
|poke|p2|Serperior, F|
|poke|p2|Heatran, M|
|poke|p2|Landorus-Therian, M|
|poke|p2|Hatterene, F|
|poke|p2|Dragonite, F|
|teampreview
|inactive|Battle timer is ON: inactive players will automatically lose when time's up. (requested by Nushinator)
|
|t:|1758939451
|teamsize|p1|6
|teamsize|p2|6
|start
|switch|p1a: Raging Bolt|Raging Bolt|100/100
|switch|p2a: Rillaboom|Rillaboom, F|100/100
|-fieldstart|move: Grassy Terrain|[from] ability: Grassy Surge|[of] p2a: Rillaboom
|turn|1
|c|☆larp legion|o
|
|t:|1758939471
|switch|p2a: Heatran|Heatran, M|100/100
|move|p1a: Raging Bolt|Draco Meteor|p2a: Heatran
|-resisted|p2a: Heatran
|-damage|p2a: Heatran|67/100
|-unboost|p1a: Raging Bolt|spa|2
|
|-heal|p2a: Heatran|73/100|[from] Grassy Terrain
|-heal|p2a: Heatran|80/100|[from] item: Leftovers
|upkeep
|turn|2
|c|☆larp legion|t
|
|t:|1758939477
|-end|p1a: Raging Bolt|Protosynthesis|[silent]
|switch|p1a: Ting-Lu|Ting-Lu|100/100
|-ability|p1a: Ting-Lu|Vessel of Ruin
|switch|p2a: Serperior|Serperior, F|100/100
|
|upkeep
|turn|3
|
|t:|1758939485
|switch|p1a: Corviknight|Corviknight, F|100/100
|-ability|p1a: Corviknight|Pressure
|-terastallize|p2a: Serperior|Grass
|move|p2a: Serperior|Leaf Storm|p1a: Corviknight
|-resisted|p1a: Corviknight
|-damage|p1a: Corviknight|69/100
|-boost|p2a: Serperior|spa|2
|
|upkeep
|turn|4
|
|t:|1758939489
|move|p2a: Serperior|Leaf Storm|p1a: Corviknight
|-resisted|p1a: Corviknight
|-damage|p1a: Corviknight|6/100
|-boost|p2a: Serperior|spa|2
|move|p1a: Corviknight|U-turn|p2a: Serperior
|-supereffective|p2a: Serperior
|-damage|p2a: Serperior|68/100
|
|t:|1758939496
|switch|p1a: Hatterene|Hatterene, F|100/100|[from] U-turn
|
|-heal|p2a: Serperior|74/100|[from] Grassy Terrain
|upkeep
|turn|5
|
|t:|1758939501
|move|p2a: Serperior|Leaf Storm|p1a: Hatterene
|-damage|p1a: Hatterene|0 fnt
|-boost|p2a: Serperior|spa|2
|faint|p1a: Hatterene
|
|-heal|p2a: Serperior|80/100|[from] Grassy Terrain
|-fieldend|move: Grassy Terrain
|upkeep
|
|t:|1758939507
|switch|p1a: Raging Bolt|Raging Bolt|100/100
|turn|6
|
|t:|1758939515
|move|p2a: Serperior|Leaf Storm|p1a: Raging Bolt
|-resisted|p1a: Raging Bolt
|-damage|p1a: Raging Bolt|0 fnt
|faint|p1a: Raging Bolt
|-end|p1a: Raging Bolt|Protosynthesis|[silent]
|
|upkeep
|-message|Nushinator forfeited.
|
|win|larp legion
|raw|Nushinator's rating: 1554 &rarr; <strong>1536</strong><br />(-18 for losing)
|raw|larp legion's rating: 1592 &rarr; <strong>1610</strong><br />(+18 for winning)
|l|☆Nushinator
|player|p1|
