|j|☆Redscience
|j|☆ForgottenPenguin
|t:|1758986116
|gametype|singles
|player|p1|Redscience|102|1144
|player|p2|ForgottenPenguin|265|1140
|gen|9
|tier|[Gen 9] OU
|rated|
|rule|HP Percentage Mod: HP is shown in percentages
|rule|Endless Battle Clause: Forcing endless battles is banned
|rule|Species Clause: Limit one of each Pokémon
|rule|OHKO Clause: OHKO moves are banned
|rule|Evasion Items Clause: Evasion items are banned
|rule|Evasion Moves Clause: Evasion moves are banned
|rule|Evasion Abilities Clause: Evasion abilities are banned
|rule|Sleep Moves Clause: Sleep-inducing moves are banned
|clearpoke
|poke|p1|Darkrai|
|poke|p1|Zamazenta-*|
|poke|p1|Ninetales-Alola, F|
|poke|p1|Cinderace, F|
|poke|p1|Gliscor, M|
|poke|p1|Hatterene, F|
|poke|p2|Walking Wake|
|poke|p2|Minior|
|poke|p2|Torkoal, F|
|poke|p2|Latios, M|
|poke|p2|Lokix, M|
|poke|p2|Salazzle, F|
|teampreview
|
|t:|1758986137
|teamsize|p1|6
|teamsize|p2|6
|start
|switch|p1a: Ninetales|Ninetales-Alola, F|100/100
|switch|p2a: Lokix|Lokix, M|100/100
|-weather|Snowscape|[from] ability: Snow Warning|[of] p1a: Ninetales
|turn|1
|
|t:|1758986148
|move|p1a: Ninetales|Aurora Veil|p1a: Ninetales
|-sidestart|p1: Redscience|move: Aurora Veil
|move|p2a: Lokix|Swords Dance|p2a: Lokix
|-boost|p2a: Lokix|atk|2
|
|-weather|Snowscape|[upkeep]
|upkeep
|turn|2
|
|t:|1758986154
|switch|p1a: Cinderace|Cinderace, F|100/100
|move|p2a: Lokix|Leech Life|p1a: Cinderace
|-resisted|p1a: Cinderace
|-damage|p1a: Cinderace|33/100
|-damage|p2a: Lokix|91/100|[from] item: Life Orb
|
|-weather|Snowscape|[upkeep]
|upkeep
|turn|3
|
|t:|1758986163
|move|p2a: Lokix|Sucker Punch|p1a: Cinderace
|-damage|p1a: Cinderace|0 fnt
|faint|p1a: Cinderace
|-damage|p2a: Lokix|81/100|[from] item: Life Orb
|
|-weather|Snowscape|[upkeep]
|upkeep
|
|t:|1758986171
|switch|p1a: Zamazenta|Zamazenta|100/100
|-ability|p1a: Zamazenta|Dauntless Shield|boost
|-boost|p1a: Zamazenta|def|1
|turn|4
|
|t:|1758986177
|switch|p2a: Torkoal|Torkoal, F|100/100
|-weather|SunnyDay|[from] ability: Drought|[of] p2a: Torkoal
|move|p1a: Zamazenta|Iron Defense|p1a: Zamazenta
|-boost|p1a: Zamazenta|def|2
|
|-weather|SunnyDay|[upkeep]
|upkeep
|turn|5
|
|t:|1758986185
|move|p1a: Zamazenta|Body Press|p2a: Torkoal
|-damage|p2a: Torkoal|35/100
|move|p2a: Torkoal|Stealth Rock|p1a: Zamazenta
|-sidestart|p1: Redscience|move: Stealth Rock
|
|-weather|SunnyDay|[upkeep]
|upkeep
|turn|6
|
|t:|1758986205
|switch|p2a: Salazzle|Salazzle, F|100/100
|move|p1a: Zamazenta|Body Press|p2a: Salazzle
|-resisted|p2a: Salazzle
|-damage|p2a: Salazzle|15/100
|
|-weather|SunnyDay|[upkeep]
|upkeep
|turn|7
|
|t:|1758986211
|move|p1a: Zamazenta|Body Press|p2a: Salazzle
|-resisted|p2a: Salazzle
|-damage|p2a: Salazzle|0 fnt
|faint|p2a: Salazzle
|
|-weather|SunnyDay|[upkeep]
|upkeep
|
|t:|1758986224
|switch|p2a: Minior|Minior, shiny|100/100
|-formechange|p2a: Minior|Minior-Meteor||[from] ability: Shields Down
|turn|8
|
|t:|1758986231
|move|p1a: Zamazenta|Body Press|p2a: Minior
|-enditem|p2a: Minior|Focus Sash
|-damage|p2a: Minior|1/100
|move|p2a: Minior|Shell Smash|p2a: Minior
|-unboost|p2a: Minior|def|1
|-unboost|p2a: Minior|spd|1
|-boost|p2a: Minior|atk|2
|-boost|p2a: Minior|spa|2
|-boost|p2a: Minior|spe|2
|
|-weather|SunnyDay|[upkeep]
|-sideend|p1: Redscience|move: Aurora Veil
|-formechange|p2a: Minior|Minior||[from] ability: Shields Down
|upkeep
|turn|9
|
|t:|1758986243
|move|p2a: Minior|Dazzling Gleam|p1a: Zamazenta
|-supereffective|p1a: Zamazenta
|-damage|p1a: Zamazenta|6/100
|move|p1a: Zamazenta|Body Press|p2a: Minior
|-damage|p2a: Minior|0 fnt
|faint|p2a: Minior
|
|-weather|SunnyDay|[upkeep]
|upkeep
|inactive|Battle timer is ON: inactive players will automatically lose when time's up. (requested by Redscience)
|
|t:|1758986258
|switch|p2a: Lokix|Lokix, M|81/100
|turn|10
|
|t:|1758986268
|move|p2a: Lokix|Sucker Punch||[still]
|-fail|p2a: Lokix
|move|p1a: Zamazenta|Rest|p1a: Zamazenta
|-status|p1a: Zamazenta|slp|[from] move: Rest
|-heal|p1a: Zamazenta|100/100 slp|[silent]
|-enditem|p1a: Zamazenta|Chesto Berry|[eat]
|-curestatus|p1a: Zamazenta|slp|[msg]
|
|-weather|SunnyDay|[upkeep]
|upkeep
|turn|11
|
|t:|1758986285
|-terastallize|p2a: Lokix|Bug
|move|p1a: Zamazenta|Body Press|p2a: Lokix
|-resisted|p2a: Lokix
|-damage|p2a: Lokix|20/100
|move|p2a: Lokix|Swords Dance|p2a: Lokix
|-boost|p2a: Lokix|atk|2
|
|-weather|none
|upkeep
|turn|12
|c|☆ForgottenPenguin|lol
|c|☆ForgottenPenguin|gg
|
|t:|1758986299
|move|p1a: Zamazenta|Body Press|p2a: Lokix
|-resisted|p2a: Lokix
|-damage|p2a: Lokix|0 fnt
|faint|p2a: Lokix
|
|upkeep
|
|t:|1758986303
|switch|p2a: Latios|Latios, M|100/100
|turn|13
|
|t:|1758986308
|move|p1a: Zamazenta|Crunch|p2a: Latios
|-supereffective|p2a: Latios
|-damage|p2a: Latios|35/100
|-unboost|p2a: Latios|def|1
|move|p2a: Latios|Luster Purge|p1a: Zamazenta
|-supereffective|p1a: Zamazenta
|-damage|p1a: Zamazenta|0 fnt
|faint|p1a: Zamazenta
|-damage|p2a: Latios|25/100|[from] item: Life Orb
|
|upkeep
|
|t:|1758986318
|switch|p1a: Darkrai|Darkrai|100/100
|-damage|p1a: Darkrai|88/100|[from] Stealth Rock
|turn|14
|
|t:|1758986324
|switch|p2a: Torkoal|Torkoal, F|35/100
|-weather|SunnyDay|[from] ability: Drought|[of] p2a: Torkoal
|move|p1a: Darkrai|Nasty Plot|p1a: Darkrai
|-boost|p1a: Darkrai|spa|2
|
|-weather|SunnyDay|[upkeep]
|-heal|p1a: Darkrai|94/100|[from] item: Leftovers
|upkeep
|turn|15
|
|t:|1758986335
|move|p1a: Darkrai|Dark Pulse|p2a: Torkoal
|-damage|p2a: Torkoal|0 fnt
|faint|p2a: Torkoal
|
|-weather|SunnyDay|[upkeep]
|-heal|p1a: Darkrai|99/100|[from] item: Leftovers
|upkeep
|
|t:|1758986337
|switch|p2a: Walking Wake|Walking Wake|100/100
|-activate|p2a: Walking Wake|ability: Protosynthesis
|-start|p2a: Walking Wake|protosynthesisspa
|turn|16
|
|t:|1758986346
|move|p1a: Darkrai|Dark Pulse|p2a: Walking Wake
|-damage|p2a: Walking Wake|0 fnt
|faint|p2a: Walking Wake
|-end|p2a: Walking Wake|Protosynthesis|[silent]
|
|-weather|SunnyDay|[upkeep]
|-heal|p1a: Darkrai|100/100|[from] item: Leftovers
|upkeep
|
|t:|1758986349
|switch|p2a: Latios|Latios, M|25/100
|turn|17
|
|t:|1758986355
|move|p1a: Darkrai|Dark Pulse|p2a: Latios
|-supereffective|p2a: Latios
|-damage|p2a: Latios|0 fnt
|faint|p2a: Latios
|
|win|Redscience
|raw|Redscience's rating: 1144 &rarr; <strong>1169</strong><br />(+25 for winning)
|raw|ForgottenPenguin's rating: 1140 &rarr; <strong>1115</strong><br />(-25 for losing)
|l|☆ForgottenPenguin
|player|p2|
|l|☆Redscience
|player|p1|
