|j|☆wtxcykl
|j|☆TheToasterMessiah
|t:|1759063446
|gametype|singles
|player|p1|wtxcykl|169|1072
|player|p2|TheToasterMessiah|dawn-masters3|1150
|gen|9
|tier|[Gen 9] OU
|rated|
|rule|HP Percentage Mod: HP is shown in percentages
|rule|Endless Battle Clause: Forcing endless battles is banned
|rule|Species Clause: Limit one of each Pokémon
|rule|OHKO Clause: OHKO moves are banned
|rule|Evasion Items Clause: Evasion items are banned
|rule|Evasion Moves Clause: Evasion moves are banned
|rule|Evasion Abilities Clause: Evasion abilities are banned
|rule|Sleep Moves Clause: Sleep-inducing moves are banned
|clearpoke
|poke|p1|Toxapex, M|
|poke|p1|Metagross|
|poke|p1|Murkrow, F|
|poke|p1|Garchomp, M|
|poke|p1|Glimmora, M|
|poke|p1|Sableye, F|
|poke|p2|Cinderace, M|
|poke|p2|Serperior, F|
|poke|p2|Milotic, M|
|poke|p2|Araquanid, M|
|poke|p2|Kingambit, M|
|poke|p2|Corviknight, M|
|teampreview
|
|t:|1759063456
|teamsize|p1|6
|teamsize|p2|6
|start
|switch|p1a: Glimmora|Glimmora, M, shiny|100/100
|switch|p2a: Araquanid|Araquanid, M|100/100
|turn|1
|
|t:|1759063464
|switch|p1a: Toxapex|Toxapex, M, shiny|100/100
|-item|p1a: Toxapex|Air Balloon
|move|p2a: Araquanid|Sticky Web|p1a: Toxapex
|-sidestart|p1: wtxcykl|move: Sticky Web
|
|upkeep
|turn|2
|
|t:|1759063479
|move|p2a: Araquanid|Liquidation|p1a: Toxapex
|-resisted|p1a: Toxapex
|-damage|p1a: Toxapex|76/100
|-enditem|p1a: Toxapex|Air Balloon
|move|p1a: Toxapex|Venoshock|p2a: Araquanid
|-damage|p2a: Araquanid|90/100
|
|upkeep
|turn|3
|inactive|Battle timer is ON: inactive players will automatically lose when time's up. (requested by TheToasterMessiah)
|
|t:|1759063488
|move|p1a: Toxapex|Baneful Bunker|p1a: Toxapex
|-singleturn|p1a: Toxapex|move: Protect
|move|p2a: Araquanid|Liquidation|p1a: Toxapex
|-activate|p1a: Toxapex|move: Protect
|-status|p2a: Araquanid|psn
|
|-damage|p2a: Araquanid|77/100 psn|[from] psn
|upkeep
|turn|4
|
|t:|1759063499
|move|p2a: Araquanid|Liquidation|p1a: Toxapex
|-resisted|p1a: Toxapex
|-damage|p1a: Toxapex|53/100
|move|p1a: Toxapex|Pain Split|p2a: Araquanid
|-sethp|p2a: Araquanid|62/100 psn|[from] move: Pain Split|[silent]
|-sethp|p1a: Toxapex|70/100|[from] move: Pain Split
|
|-damage|p2a: Araquanid|50/100 psn|[from] psn
|upkeep
|turn|5
|
|t:|1759063509
|switch|p2a: Cinderace|Cinderace, M|100/100
|move|p1a: Toxapex|Recover|p1a: Toxapex
|-heal|p1a: Toxapex|100/100
|
|upkeep
|turn|6
|
|t:|1759063516
|move|p1a: Toxapex|Baneful Bunker|p1a: Toxapex
|-singleturn|p1a: Toxapex|move: Protect
|move|p2a: Cinderace|Court Change|p2a: Cinderace
|-start|p2a: Cinderace|typechange|Normal|[from] ability: Libero
|-swapsideconditions
|-activate|p2a: Cinderace|move: Court Change
|
|upkeep
|turn|7
|
|t:|1759063526
|move|p2a: Cinderace|High Jump Kick|p1a: Toxapex
|-resisted|p1a: Toxapex
|-damage|p1a: Toxapex|85/100
|move|p1a: Toxapex|Pain Split|p2a: Cinderace
|-sethp|p2a: Cinderace|93/100|[from] move: Pain Split|[silent]
|-sethp|p1a: Toxapex|92/100|[from] move: Pain Split
|
|upkeep
|turn|8
|
|t:|1759063551
|move|p2a: Cinderace|U-turn|p1a: Toxapex
|-resisted|p1a: Toxapex
|-damage|p1a: Toxapex|85/100
|
|t:|1759063554
|switch|p2a: Araquanid|Araquanid, M|50/100 psn|[from] U-turn
|-activate|p2a: Araquanid|move: Sticky Web
|-unboost|p2a: Araquanid|spe|1
|move|p1a: Toxapex|Venoshock|p2a: Araquanid
|-crit|p2a: Araquanid
|-damage|p2a: Araquanid|18/100 psn
|
|-damage|p2a: Araquanid|6/100 psn|[from] psn
|upkeep
|turn|9
|
|t:|1759063570
|switch|p1a: Glimmora|Glimmora, M, shiny|100/100
|move|p2a: Araquanid|Liquidation|p1a: Glimmora
|-supereffective|p1a: Glimmora
|-enditem|p1a: Glimmora|Focus Sash
|-damage|p1a: Glimmora|1/100
|-unboost|p1a: Glimmora|def|1
|-activate|p1a: Glimmora|ability: Toxic Debris
|-sidestart|p2: TheToasterMessiah|move: Toxic Spikes
|
|-damage|p2a: Araquanid|0 fnt|[from] psn
|faint|p2a: Araquanid
|upkeep
|
|t:|1759063577
|switch|p2a: Corviknight|Corviknight, M|100/100
|turn|10
|
|t:|1759063589
|move|p1a: Glimmora|Endure|p1a: Glimmora
|-singleturn|p1a: Glimmora|move: Endure
|move|p2a: Corviknight|Iron Defense|p2a: Corviknight
|-boost|p2a: Corviknight|def|2
|
|upkeep
|turn|11
|
|t:|1759063599
|switch|p1a: Metagross|Metagross, shiny|100/100
|move|p2a: Corviknight|Body Press|p1a: Metagross
|-damage|p1a: Metagross|72/100
|
|-heal|p1a: Metagross|78/100|[from] item: Leftovers
|upkeep
|turn|12
|
|t:|1759063611
|move|p1a: Metagross|Stealth Rock|p2a: Corviknight
|-sidestart|p2: TheToasterMessiah|move: Stealth Rock
|move|p2a: Corviknight|Iron Defense|p2a: Corviknight
|-boost|p2a: Corviknight|def|2
|
|-heal|p1a: Metagross|84/100|[from] item: Leftovers
|upkeep
|turn|13
|
|t:|1759063623
|switch|p1a: Glimmora|Glimmora, M, shiny|1/100
|move|p2a: Corviknight|Iron Defense|p2a: Corviknight
|-boost|p2a: Corviknight|def|2
|
|upkeep
|turn|14
|
|t:|1759063631
|move|p1a: Glimmora|Spikes|p2a: Corviknight
|-sidestart|p2: TheToasterMessiah|Spikes
|move|p2a: Corviknight|Body Press|p1a: Glimmora
|-damage|p1a: Glimmora|0 fnt
|-activate|p1a: Glimmora|ability: Toxic Debris
|-sidestart|p2: TheToasterMessiah|move: Toxic Spikes
|faint|p1a: Glimmora
|
|upkeep
|
|t:|1759063640
|switch|p1a: Murkrow|Murkrow, F, shiny|100/100
|turn|15
|
|t:|1759063644
|move|p2a: Corviknight|Body Press|p1a: Murkrow
|-damage|p1a: Murkrow|0 fnt
|faint|p1a: Murkrow
|
|upkeep
|inactive|wtxcykl has 120 seconds left.
|-message|wtxcykl forfeited.
|
|win|TheToasterMessiah
|raw|wtxcykl's rating: 1072 &rarr; <strong>1056</strong><br />(-16 for losing)
|raw|TheToasterMessiah's rating: 1150 &rarr; <strong>1169</strong><br />(+19 for winning)
|l|☆wtxcykl
|player|p1|
|j|☆wtxcykl
|player|p1|wtxcykl|169|
|l|☆wtxcykl
|player|p1|
|l|☆TheToasterMessiah
|player|p2|
|j|☆wtxcykl
|player|p1|wtxcykl|169|
|l|☆wtxcykl
|player|p1|
