|j|☆Soft Wock
|j|☆marching_cubes
|t:|1759073306
|gametype|singles
|player|p1|Soft Wock|picnicker|1414
|player|p2|marching_cubes|265|1418
|gen|9
|tier|[Gen 9] OU
|rated|
|rule|HP Percentage Mod: HP is shown in percentages
|rule|Endless Battle Clause: Forcing endless battles is banned
|rule|Species Clause: Limit one of each Pokémon
|rule|OHKO Clause: OHKO moves are banned
|rule|Evasion Items Clause: Evasion items are banned
|rule|Evasion Moves Clause: Evasion moves are banned
|rule|Evasion Abilities Clause: Evasion abilities are banned
|rule|Sleep Moves Clause: Sleep-inducing moves are banned
|clearpoke
|poke|p1|Zapdos|
|poke|p1|Pelipper, F|
|poke|p1|Greninja-*, M|
|poke|p1|Barraskewda, F|
|poke|p1|Dragapult, M|
|poke|p1|Scizor, M|
|poke|p2|Gliscor, F|
|poke|p2|Ogerpon-Wellspring, F|
|poke|p2|Ting-Lu|
|poke|p2|Garchomp, F|
|poke|p2|Gholdengo|
|poke|p2|Iron Treads|
|teampreview
|inactive|Battle timer is ON: inactive players will automatically lose when time's up. (requested by Soft Wock)
|
|t:|1759073323
|teamsize|p1|6
|teamsize|p2|6
|start
|switch|p1a: Pelipper|Pelipper, F|100/100
|switch|p2a: Garchomp|Garchomp, F|100/100
|-weather|RainDance|[from] ability: Drizzle|[of] p1a: Pelipper
|turn|1
|
|t:|1759073330
|move|p2a: Garchomp|Stealth Rock|p1a: Pelipper
|-sidestart|p1: Soft Wock|move: Stealth Rock
|move|p1a: Pelipper|U-turn|p2a: Garchomp
|-crit|p2a: Garchomp
|-damage|p2a: Garchomp|92/100
|-damage|p1a: Pelipper|88/100|[from] ability: Rough Skin|[of] p2a: Garchomp
|-damage|p1a: Pelipper|72/100|[from] item: Rocky Helmet|[of] p2a: Garchomp
|
|t:|1759073336
|switch|p1a: Dragapult|Dragapult, M|100/100|[from] U-turn
|-damage|p1a: Dragapult|88/100|[from] Stealth Rock
|
|-weather|RainDance|[upkeep]
|upkeep
|turn|2
|
|t:|1759073342
|switch|p2a: Iron Treads|Iron Treads|100/100
|move|p1a: Dragapult|Hydro Pump|p2a: Iron Treads
|-supereffective|p2a: Iron Treads
|-damage|p2a: Iron Treads|0 fnt
|faint|p2a: Iron Treads
|-end|p2a: Iron Treads|Quark Drive|[silent]
|-damage|p1a: Dragapult|78/100|[from] item: Life Orb
|
|-weather|RainDance|[upkeep]
|upkeep
|
|t:|1759073360
|switch|p2a: Ting-Lu|Ting-Lu|100/100
|-ability|p2a: Ting-Lu|Vessel of Ruin
|turn|3
|
|t:|1759073369
|-terastallize|p2a: Ting-Lu|Water
|move|p1a: Dragapult|Hydro Pump|p2a: Ting-Lu
|-resisted|p2a: Ting-Lu
|-damage|p2a: Ting-Lu|88/100
|-damage|p1a: Dragapult|69/100|[from] item: Life Orb
|move|p2a: Ting-Lu|Earthquake|p1a: Dragapult
|-damage|p1a: Dragapult|7/100
|
|-weather|RainDance|[upkeep]
|-heal|p2a: Ting-Lu|94/100|[from] item: Leftovers
|upkeep
|turn|4
|
|t:|1759073390
|move|p1a: Dragapult|Thunder|p2a: Ting-Lu
|-supereffective|p2a: Ting-Lu
|-damage|p2a: Ting-Lu|58/100
|-damage|p1a: Dragapult|0 fnt|[from] item: Life Orb
|faint|p1a: Dragapult
|move|p2a: Ting-Lu|Whirlwind|p1: Dragapult|[notarget]
|-fail|p2a: Ting-Lu
|
|-weather|RainDance|[upkeep]
|-heal|p2a: Ting-Lu|64/100|[from] item: Leftovers
|upkeep
|
|t:|1759073400
|switch|p1a: Zapdos|Zapdos|100/100
|-damage|p1a: Zapdos|76/100|[from] Stealth Rock
|turn|5
|
|t:|1759073404
|move|p1a: Zapdos|Hurricane|p2a: Ting-Lu
|-damage|p2a: Ting-Lu|27/100
|-start|p2a: Ting-Lu|confusion
|-activate|p2a: Ting-Lu|confusion
|move|p2a: Ting-Lu|Whirlwind|p1a: Zapdos
|drag|p1a: Greninja|Greninja, M|100/100
|-damage|p1a: Greninja|88/100|[from] Stealth Rock
|
|-weather|RainDance|[upkeep]
|-heal|p2a: Ting-Lu|33/100|[from] item: Leftovers
|upkeep
|turn|6
|
|t:|1759073413
|switch|p2a: Ogerpon|Ogerpon-Wellspring, F|100/100
|move|p1a: Greninja|Grass Knot|p2a: Ogerpon
|-damage|p2a: Ogerpon|73/100
|-damage|p1a: Greninja|78/100|[from] item: Life Orb
|
|-weather|RainDance|[upkeep]
|upkeep
|turn|7
|
|t:|1759073417
|move|p1a: Greninja|Dark Pulse|p2a: Ogerpon
|-damage|p2a: Ogerpon|20/100
|-damage|p1a: Greninja|69/100|[from] item: Life Orb
|move|p2a: Ogerpon|U-turn|p1a: Greninja
|-supereffective|p1a: Greninja
|-damage|p1a: Greninja|0 fnt
|faint|p1a: Greninja
|
|t:|1759073427
|switch|p2a: Gliscor|Gliscor, F|100/100|[from] U-turn
|
|-weather|RainDance|[upkeep]
|-status|p2a: Gliscor|tox|[from] item: Toxic Orb
|upkeep
|
|t:|1759073431
|switch|p1a: Barraskewda|Barraskewda, F|100/100
|-damage|p1a: Barraskewda|88/100|[from] Stealth Rock
|turn|8
|
|t:|1759073435
|move|p2a: Gliscor|Protect|p2a: Gliscor
|-singleturn|p2a: Gliscor|Protect
|move|p1a: Barraskewda|Liquidation|p2a: Gliscor
|-activate|p2a: Gliscor|move: Protect
|
|-weather|none
|upkeep
|turn|9
|
|t:|1759073443
|switch|p2a: Ogerpon|Ogerpon-Wellspring, F|20/100
|move|p1a: Barraskewda|Liquidation|p2a: Ogerpon
|-heal|p2a: Ogerpon|45/100|[from] ability: Water Absorb|[of] p1a: Barraskewda
|
|upkeep
|turn|10
|
|t:|1759073450
|move|p1a: Barraskewda|Poison Jab|p2a: Ogerpon
|-supereffective|p2a: Ogerpon
|-damage|p2a: Ogerpon|0 fnt
|faint|p2a: Ogerpon
|-damage|p1a: Barraskewda|78/100|[from] item: Life Orb
|
|upkeep
|
|t:|1759073463
|switch|p2a: Garchomp|Garchomp, F|92/100
|turn|11
|
|t:|1759073476
|-terastallize|p1a: Barraskewda|Water
|move|p1a: Barraskewda|Flip Turn|p2a: Garchomp
|-damage|p2a: Garchomp|59/100
|-damage|p1a: Barraskewda|66/100|[from] ability: Rough Skin|[of] p2a: Garchomp
|-damage|p1a: Barraskewda|50/100|[from] item: Rocky Helmet|[of] p2a: Garchomp
|-damage|p1a: Barraskewda|40/100|[from] item: Life Orb
|
|t:|1759073479
|switch|p1a: Pelipper|Pelipper, F|72/100|[from] Flip Turn
|-damage|p1a: Pelipper|47/100|[from] Stealth Rock
|-weather|RainDance|[from] ability: Drizzle|[of] p1a: Pelipper
|move|p2a: Garchomp|Spikes|p1a: Pelipper
|-sidestart|p1: Soft Wock|Spikes
|
|-weather|RainDance|[upkeep]
|upkeep
|turn|12
|
|t:|1759073505
|switch|p1a: Scizor|Scizor, M|100/100
|move|p2a: Garchomp|Dragon Tail|p1a: Scizor
|-resisted|p1a: Scizor
|-damage|p1a: Scizor|89/100
|drag|p1a: Pelipper|Pelipper, F|47/100
|-damage|p1a: Pelipper|22/100|[from] Stealth Rock
|
|-weather|RainDance|[upkeep]
|upkeep
|turn|13
|
|t:|1759073513
|move|p1a: Pelipper|Roost|p1a: Pelipper
|-heal|p1a: Pelipper|72/100
|-singleturn|p1a: Pelipper|move: Roost
|move|p2a: Garchomp|Dragon Tail|p1a: Pelipper
|-damage|p1a: Pelipper|52/100
|drag|p1a: Zapdos|Zapdos|76/100
|-damage|p1a: Zapdos|51/100|[from] Stealth Rock
|
|-weather|RainDance|[upkeep]
|upkeep
|turn|14
|
|t:|1759073517
|switch|p2a: Gliscor|Gliscor, F|100/100 tox
|move|p1a: Zapdos|Hurricane|p2a: Gliscor
|-damage|p2a: Gliscor|32/100 tox
|
|-weather|RainDance|[upkeep]
|-heal|p2a: Gliscor|45/100 tox|[from] ability: Poison Heal
|upkeep
|turn|15
|
|t:|1759073520
|move|p2a: Gliscor|Protect|p2a: Gliscor
|-singleturn|p2a: Gliscor|Protect
|move|p1a: Zapdos|Hurricane|p2a: Gliscor
|-activate|p2a: Gliscor|move: Protect
|
|-weather|RainDance|[upkeep]
|-heal|p2a: Gliscor|57/100 tox|[from] ability: Poison Heal
|upkeep
|turn|16
|
|t:|1759073538
|move|p1a: Zapdos|Hurricane|p2a: Gliscor
|-damage|p2a: Gliscor|0 fnt
|faint|p2a: Gliscor
|
|-weather|RainDance|[upkeep]
|upkeep
|
|t:|1759073542
|switch|p2a: Ting-Lu|Ting-Lu, tera:Water|33/100
|-ability|p2a: Ting-Lu|Vessel of Ruin
|turn|17
|
|t:|1759073547
|move|p1a: Zapdos|Hurricane|p2a: Ting-Lu
|-damage|p2a: Ting-Lu|0 fnt
|faint|p2a: Ting-Lu
|
|-weather|RainDance|[upkeep]
|upkeep
|
|t:|1759073551
|switch|p2a: Gholdengo|Gholdengo|100/100
|-item|p2a: Gholdengo|Air Balloon
|turn|18
|
|t:|1759073555
|move|p1a: Zapdos|Hurricane|p2a: Gholdengo
|-resisted|p2a: Gholdengo
|-damage|p2a: Gholdengo|58/100
|-enditem|p2a: Gholdengo|Air Balloon
|move|p2a: Gholdengo|Nasty Plot|p2a: Gholdengo
|-boost|p2a: Gholdengo|spa|2
|
|-weather|none
|upkeep
|turn|19
|
|t:|1759073559
|switch|p1a: Pelipper|Pelipper, F|52/100
|-damage|p1a: Pelipper|27/100|[from] Stealth Rock
|-weather|RainDance|[from] ability: Drizzle|[of] p1a: Pelipper
|move|p2a: Gholdengo|Shadow Ball|p1a: Pelipper
|-damage|p1a: Pelipper|0 fnt
|faint|p1a: Pelipper
|
|-weather|RainDance|[upkeep]
|upkeep
|
|t:|1759073565
|switch|p1a: Zapdos|Zapdos|51/100
|-damage|p1a: Zapdos|26/100|[from] Stealth Rock
|turn|20
|
|t:|1759073570
|move|p1a: Zapdos|Volt Switch|p2a: Gholdengo
|-damage|p2a: Gholdengo|3/100
|
|t:|1759073585
|switch|p1a: Scizor|Scizor, M|89/100|[from] Volt Switch
|move|p2a: Gholdengo|Shadow Ball|p1a: Scizor
|-damage|p1a: Scizor|8/100
|-unboost|p1a: Scizor|spd|1
|
|-weather|RainDance|[upkeep]
|upkeep
|turn|21
|
|t:|1759073595
|switch|p2a: Garchomp|Garchomp, F|59/100
|move|p1a: Scizor|Defog|p2a: Garchomp
|-unboost|p2a: Garchomp|evasion|1
|-sideend|p1: Soft Wock|Spikes|[from] move: Defog|[of] p1a: Scizor
|-sideend|p1: Soft Wock|Stealth Rock|[from] move: Defog|[of] p1a: Scizor
|
|-weather|RainDance|[upkeep]
|upkeep
|turn|22
|
|t:|1759073600
|move|p1a: Scizor|Bullet Punch|p2a: Garchomp
|-damage|p2a: Garchomp|41/100
|-damage|p1a: Scizor|0 fnt|[from] ability: Rough Skin|[of] p2a: Garchomp
|faint|p1a: Scizor
|move|p2a: Garchomp|Stealth Rock|p1: Scizor
|-sidestart|p1: Soft Wock|move: Stealth Rock
|
|-weather|RainDance|[upkeep]
|upkeep
|
|t:|1759073602
|switch|p1a: Barraskewda|Barraskewda, F, tera:Water|40/100
|-damage|p1a: Barraskewda|28/100|[from] Stealth Rock
|turn|23
|
|t:|1759073619
|move|p1a: Barraskewda|Liquidation|p2a: Garchomp
|-damage|p2a: Garchomp|0 fnt
|-damage|p1a: Barraskewda|16/100|[from] ability: Rough Skin|[of] p2a: Garchomp
|-damage|p1a: Barraskewda|0 fnt|[from] item: Rocky Helmet|[of] p2a: Garchomp
|faint|p2a: Garchomp
|faint|p1a: Barraskewda
|
|-weather|RainDance|[upkeep]
|upkeep
|
|t:|1759073627
|switch|p1a: Zapdos|Zapdos|26/100
|switch|p2a: Gholdengo|Gholdengo|3/100
|-damage|p1a: Zapdos|1/100|[from] Stealth Rock
|turn|24
|
|t:|1759073633
|move|p1a: Zapdos|Hurricane|p2a: Gholdengo
|-resisted|p2a: Gholdengo
|-damage|p2a: Gholdengo|0 fnt
|faint|p2a: Gholdengo
|
|win|Soft Wock
|raw|Soft Wock's rating: 1414 &rarr; <strong>1434</strong><br />(+20 for winning)
|raw|marching_cubes's rating: 1418 &rarr; <strong>1398</strong><br />(-20 for losing)
