|j|☆zacian good
|j|☆master ball rus
|t:|1758947704
|gametype|singles
|player|p1|zacian good|brycen|1593
|player|p2|master ball rus|swimmer-gen4|1580
|gen|9
|tier|[Gen 9] OU
|rated|
|rule|HP Percentage Mod: HP is shown in percentages
|rule|Endless Battle Clause: Forcing endless battles is banned
|rule|Species Clause: Limit one of each Pokémon
|rule|OHKO Clause: OHKO moves are banned
|rule|Evasion Items Clause: Evasion items are banned
|rule|Evasion Moves Clause: Evasion moves are banned
|rule|Evasion Abilities Clause: Evasion abilities are banned
|rule|Sleep Moves Clause: Sleep-inducing moves are banned
|clearpoke
|poke|p1|Zamazenta-*|
|poke|p1|Raging Bolt|
|poke|p1|Gholdengo|
|poke|p1|Rillaboom, F|
|poke|p1|Primarina, M|
|poke|p1|Ogerpon-Cornerstone, F|
|poke|p2|Gholdengo|
|poke|p2|Zamazenta-*|
|poke|p2|Ting-Lu|
|poke|p2|Clefable, F|
|poke|p2|Dragonite, M|
|poke|p2|Deoxys-Speed|
|teampreview
|c|☆zacian good|you the same guy?
|c|☆master ball rus|yeahhhhhhh
|
|t:|1758947732
|teamsize|p1|6
|teamsize|p2|6
|start
|switch|p1a: Primarina|Primarina, M|100/100
|switch|p2a: Gholdengo|Gholdengo|100/100
|-item|p2a: Gholdengo|Air Balloon
|turn|1
|c|☆zacian good|damm you like my joint?
|
|t:|1758947744
|move|p2a: Gholdengo|Nasty Plot|p2a: Gholdengo
|-boost|p2a: Gholdengo|spa|2
|move|p1a: Primarina|Hydro Pump|p2a: Gholdengo
|-damage|p2a: Gholdengo|21/100
|-enditem|p2a: Gholdengo|Air Balloon
|
|upkeep
|turn|2
|
|t:|1758947755
|switch|p1a: Zamazenta|Zamazenta|100/100
|-ability|p1a: Zamazenta|Dauntless Shield|boost
|-boost|p1a: Zamazenta|def|1
|move|p2a: Gholdengo|Make It Rain|p1a: Zamazenta
|-damage|p1a: Zamazenta|44/100
|-unboost|p2a: Gholdengo|spa|1
|
|upkeep
|turn|3
|c|☆master ball rus|I hate primarina with this team man
|
|t:|1758947765
|switch|p2a: Dragonite|Dragonite, M|100/100
|move|p1a: Zamazenta|Heavy Slam|p2a: Dragonite
|-damage|p2a: Dragonite|93/100
|
|upkeep
|turn|4
|
|t:|1758947775
|move|p1a: Zamazenta|Stone Edge|p2a: Dragonite
|-supereffective|p2a: Dragonite
|-damage|p2a: Dragonite|27/100
|move|p2a: Dragonite|Earthquake|p1a: Zamazenta
|-damage|p1a: Zamazenta|23/100
|
|upkeep
|turn|5
|
|t:|1758947789
|switch|p2a: Zamazenta|Zamazenta|100/100
|-ability|p2a: Zamazenta|Dauntless Shield|boost
|-boost|p2a: Zamazenta|def|1
|move|p1a: Zamazenta|Crunch|p2a: Zamazenta
|-resisted|p2a: Zamazenta
|-damage|p2a: Zamazenta|93/100
|
|upkeep
|turn|6
|
|t:|1758947797
|switch|p1a: Rillaboom|Rillaboom, F|100/100
|-fieldstart|move: Grassy Terrain|[from] ability: Grassy Surge|[of] p1a: Rillaboom
|move|p2a: Zamazenta|Close Combat|p1a: Rillaboom
|-damage|p1a: Rillaboom|59/100
|-unboost|p2a: Zamazenta|def|1
|-unboost|p2a: Zamazenta|spd|1
|
|-heal|p2a: Zamazenta|99/100|[from] Grassy Terrain
|-heal|p1a: Rillaboom|66/100|[from] Grassy Terrain
|-heal|p1a: Rillaboom|72/100|[from] item: Leftovers
|upkeep
|turn|7
|
|t:|1758947800
|move|p2a: Zamazenta|Ice Fang|p1a: Rillaboom
|-supereffective|p1a: Rillaboom
|-damage|p1a: Rillaboom|45/100
|move|p1a: Rillaboom|Leech Seed|p2a: Zamazenta
|-start|p2a: Zamazenta|move: Leech Seed
|
|-heal|p2a: Zamazenta|100/100|[from] Grassy Terrain
|-heal|p1a: Rillaboom|51/100|[from] Grassy Terrain
|-heal|p1a: Rillaboom|57/100|[from] item: Leftovers
|-damage|p2a: Zamazenta|88/100|[from] Leech Seed|[of] p1a: Rillaboom
|-heal|p1a: Rillaboom|68/100|[silent]
|upkeep
|turn|8
|
|t:|1758947807
|switch|p2a: Gholdengo|Gholdengo|21/100
|move|p1a: Rillaboom|Knock Off|p2a: Gholdengo
|-supereffective|p2a: Gholdengo
|-damage|p2a: Gholdengo|0 fnt
|faint|p2a: Gholdengo
|
|-heal|p1a: Rillaboom|74/100|[from] Grassy Terrain
|-heal|p1a: Rillaboom|80/100|[from] item: Leftovers
|upkeep
|
|t:|1758947818
|switch|p2a: Deoxys|Deoxys-Speed|100/100
|-ability|p2a: Deoxys|Pressure
|turn|9
|
|t:|1758947829
|move|p1a: Rillaboom|Grassy Glide|p2a: Deoxys
|-damage|p2a: Deoxys|60/100
|move|p2a: Deoxys|Ice Beam|p1a: Rillaboom
|-supereffective|p1a: Rillaboom
|-damage|p1a: Rillaboom|15/100
|
|-heal|p2a: Deoxys|66/100|[from] Grassy Terrain
|-heal|p1a: Rillaboom|21/100|[from] Grassy Terrain
|-heal|p1a: Rillaboom|27/100|[from] item: Leftovers
|upkeep
|turn|10
|
|t:|1758947838
|switch|p2a: Clefable|Clefable, F|100/100
|switch|p1a: Gholdengo|Gholdengo|100/100
|-enditem|p1a: Gholdengo|Grassy Seed
|-boost|p1a: Gholdengo|def|1|[from] item: Grassy Seed
|
|-fieldend|move: Grassy Terrain
|upkeep
|turn|11
|
|t:|1758947848
|-terastallize|p2a: Clefable|Water
|move|p1a: Gholdengo|Nasty Plot|p1a: Gholdengo
|-boost|p1a: Gholdengo|spa|2
|move|p2a: Clefable|Knock Off|p1a: Gholdengo
|-supereffective|p1a: Gholdengo
|-crit|p1a: Gholdengo
|-damage|p1a: Gholdengo|73/100
|
|upkeep
|turn|12
|
|t:|1758947852
|move|p1a: Gholdengo|Shadow Ball|p2a: Clefable
|-damage|p2a: Clefable|15/100
|move|p2a: Clefable|Stealth Rock|p1a: Gholdengo
|-sidestart|p1: zacian good|move: Stealth Rock
|
|upkeep
|turn|13
|
|t:|1758947857
|move|p1a: Gholdengo|Nasty Plot|p1a: Gholdengo
|-boost|p1a: Gholdengo|spa|2
|move|p2a: Clefable|Moonblast|p1a: Gholdengo
|-resisted|p1a: Gholdengo
|-damage|p1a: Gholdengo|60/100
|
|upkeep
|turn|14
|
|t:|1758947859
|move|p1a: Gholdengo|Recover|p1a: Gholdengo
|-heal|p1a: Gholdengo|100/100
|move|p2a: Clefable|Moonblast|p1a: Gholdengo
|-resisted|p1a: Gholdengo
|-damage|p1a: Gholdengo|86/100
|
|upkeep
|turn|15
|
|t:|1758947866
|move|p1a: Gholdengo|Nasty Plot|p1a: Gholdengo
|-boost|p1a: Gholdengo|spa|2
|move|p2a: Clefable|Moonblast|p1a: Gholdengo
|-resisted|p1a: Gholdengo
|-damage|p1a: Gholdengo|73/100
|-unboost|p1a: Gholdengo|spa|1
|
|upkeep
|turn|16
|
|t:|1758947870
|move|p1a: Gholdengo|Recover|p1a: Gholdengo
|-heal|p1a: Gholdengo|100/100
|move|p2a: Clefable|Knock Off|p1a: Gholdengo
|-supereffective|p1a: Gholdengo
|-damage|p1a: Gholdengo|88/100
|
|upkeep
|turn|17
|
|t:|1758947873
|move|p1a: Gholdengo|Shadow Ball|p2a: Clefable
|-damage|p2a: Clefable|0 fnt
|faint|p2a: Clefable
|
|upkeep
|
|t:|1758947881
|switch|p2a: Dragonite|Dragonite, M|27/100
|turn|18
|
|t:|1758947888
|move|p1a: Gholdengo|Shadow Ball|p2a: Dragonite
|-damage|p2a: Dragonite|0 fnt
|faint|p2a: Dragonite
|
|upkeep
|
|t:|1758947895
|switch|p2a: Ting-Lu|Ting-Lu|100/100
|-ability|p2a: Ting-Lu|Vessel of Ruin
|turn|19
|c|☆zacian good|defensive nite is crazy
|
|t:|1758947898
|move|p1a: Gholdengo|Make It Rain|p2a: Ting-Lu
|-damage|p2a: Ting-Lu|9/100
|-unboost|p1a: Gholdengo|spa|1
|move|p2a: Ting-Lu|Earthquake|p1a: Gholdengo
|-supereffective|p1a: Gholdengo
|-damage|p1a: Gholdengo|40/100
|
|-heal|p2a: Ting-Lu|15/100|[from] item: Leftovers
|upkeep
|turn|20
|c|☆master ball rus|yeah he just sits there real strong
|
|t:|1758947920
|move|p1a: Gholdengo|Shadow Ball|p2a: Ting-Lu
|-resisted|p2a: Ting-Lu
|-damage|p2a: Ting-Lu|0 fnt
|faint|p2a: Ting-Lu
|
|upkeep
|
|t:|1758947924
|switch|p2a: Deoxys|Deoxys-Speed|66/100
|-ability|p2a: Deoxys|Pressure
|turn|21
|c|☆zacian good|clef just loses to dengo thats crazy
|
|t:|1758947935
|move|p2a: Deoxys|Psycho Boost|p1a: Gholdengo
|-resisted|p1a: Gholdengo
|-damage|p1a: Gholdengo|10/100
|-unboost|p2a: Deoxys|spa|2
|move|p1a: Gholdengo|Shadow Ball|p2a: Deoxys
|-supereffective|p2a: Deoxys
|-damage|p2a: Deoxys|0 fnt
|faint|p2a: Deoxys
|
|upkeep
|
|t:|1758947940
|switch|p2a: Zamazenta|Zamazenta|88/100
|turn|22
|
|t:|1758947944
|move|p2a: Zamazenta|Crunch|p1a: Gholdengo
|-supereffective|p1a: Gholdengo
|-damage|p1a: Gholdengo|0 fnt
|faint|p1a: Gholdengo
|
|upkeep
|
|t:|1758947947
|switch|p1a: Primarina|Primarina, M|100/100
|-damage|p1a: Primarina|88/100|[from] Stealth Rock
|turn|23
|c|☆master ball rus|i just need like 3 ice fang freezes
|c|☆master ball rus|lowkey doable
|
|t:|1758947955
|move|p2a: Zamazenta|Ice Fang|p1a: Primarina
|-resisted|p1a: Primarina
|-damage|p1a: Primarina|76/100
|move|p1a: Primarina|Moonblast|p2a: Zamazenta
|-supereffective|p2a: Zamazenta
|-damage|p2a: Zamazenta|0 fnt
|faint|p2a: Zamazenta
|
|win|zacian good
|raw|zacian good's rating: 1593 &rarr; <strong>1612</strong><br />(+19 for winning)
|raw|master ball rus's rating: 1580 &rarr; <strong>1561</strong><br />(-19 for losing)
|c|☆master ball rus|nvm
|c|☆zacian good|lowkey i got prim
|c|☆zacian good|ggs
|c|☆master ball rus|gg
|l|☆master ball rus
|player|p2|
|l|☆zacian good
|player|p1|
