|j|☆ilipopresto
|j|☆itspaoloooo
|t:|1759004641
|gametype|singles
|player|p1|ilipopresto|101|1188
|player|p2|itspaoloooo|hilbert-wonderlauncher|1152
|gen|9
|tier|[Gen 9] OU
|rated|
|rule|HP Percentage Mod: HP is shown in percentages
|rule|Endless Battle Clause: Forcing endless battles is banned
|rule|Species Clause: Limit one of each Pokémon
|rule|OHKO Clause: OHKO moves are banned
|rule|Evasion Items Clause: Evasion items are banned
|rule|Evasion Moves Clause: Evasion moves are banned
|rule|Evasion Abilities Clause: Evasion abilities are banned
|rule|Sleep Moves Clause: Sleep-inducing moves are banned
|clearpoke
|poke|p1|Great Tusk|
|poke|p1|Dragonite, F|
|poke|p1|Ogerpon-Wellspring, F|
|poke|p1|Iron Moth|
|poke|p1|Iron Valiant|
|poke|p1|Kingambit, M|
|poke|p2|Galvantula, M|
|poke|p2|Sneasel, F|
|poke|p2|Donphan, M|
|poke|p2|Alomomola, F|
|poke|p2|Blaziken, M|
|poke|p2|Exeggutor, M|
|teampreview
|inactive|Battle timer is ON: inactive players will automatically lose when time's up. (requested by itspaoloooo)
|inactive|itspaoloooo has 120 seconds left.
|
|t:|1759004692
|teamsize|p1|6
|teamsize|p2|6
|start
|switch|p1a: Jean-Marie Bigard|Great Tusk|100/100
|switch|p2a: Sneasel|Sneasel, F, shiny|100/100
|turn|1
|
|t:|1759004698
|move|p1a: Jean-Marie Bigard|Stealth Rock|p2a: Sneasel
|-sidestart|p2: itspaoloooo|move: Stealth Rock
|move|p2a: Sneasel|Counter||[still]
|-fail|p2a: Sneasel
|
|upkeep
|turn|2
|
|t:|1759004707
|move|p2a: Sneasel|Swords Dance|p2a: Sneasel
|-boost|p2a: Sneasel|atk|2
|move|p1a: Jean-Marie Bigard|Headlong Rush|p2a: Sneasel
|-enditem|p2a: Sneasel|Focus Sash
|-damage|p2a: Sneasel|1/100
|-unboost|p1a: Jean-Marie Bigard|def|1
|-unboost|p1a: Jean-Marie Bigard|spd|1
|-enditem|p1a: Jean-Marie Bigard|Rocky Helmet|[silent]|[from] ability: Pickpocket|[of] p1a: Jean-Marie Bigard
|-item|p2a: Sneasel|Rocky Helmet|[from] ability: Pickpocket|[of] p1a: Jean-Marie Bigard
|
|upkeep
|turn|3
|
|t:|1759004728
|-end|p1a: Jean-Marie Bigard|Protosynthesis|[silent]
|switch|p1a: Eric Zemmour|Kingambit, M|100/100
|move|p2a: Sneasel|Ice Shard|p1a: Eric Zemmour
|-resisted|p1a: Eric Zemmour
|-damage|p1a: Eric Zemmour|86/100
|
|upkeep
|turn|4
|
|t:|1759004738
|move|p2a: Sneasel|Swords Dance|p2a: Sneasel
|-boost|p2a: Sneasel|atk|2
|move|p1a: Eric Zemmour|Low Kick|p2a: Sneasel
|-supereffective|p2a: Sneasel
|-damage|p2a: Sneasel|0 fnt
|-damage|p1a: Eric Zemmour|70/100|[from] item: Rocky Helmet|[of] p2a: Sneasel
|faint|p2a: Sneasel
|
|upkeep
|
|t:|1759004743
|switch|p2a: Donphan|Donphan, M|100/100
|-damage|p2a: Donphan|94/100|[from] Stealth Rock
|turn|5
|
|t:|1759004759
|-end|p1a: Eric Zemmour|fallenundefined|[silent]
|switch|p1a: Scarlett Johansson|Ogerpon-Wellspring, F|100/100
|move|p2a: Donphan|Rapid Spin|p1a: Scarlett Johansson
|-damage|p1a: Scarlett Johansson|77/100
|-boost|p2a: Donphan|spe|1
|-sideend|p2: itspaoloooo|Stealth Rock|[from] move: Rapid Spin|[of] p2a: Donphan
|
|upkeep
|turn|6
|
|t:|1759004772
|move|p1a: Scarlett Johansson|Horn Leech|p2a: Donphan
|-supereffective|p2a: Donphan
|-damage|p2a: Donphan|9/100
|-heal|p1a: Scarlett Johansson|100/100|[from] drain|[of] p2a: Donphan
|-enditem|p2a: Donphan|Liechi Berry|[eat]
|-boost|p2a: Donphan|atk|1|[from] item: Liechi Berry
|move|p2a: Donphan|Stealth Rock|p1a: Scarlett Johansson
|-sidestart|p1: ilipopresto|move: Stealth Rock
|
|upkeep
|turn|7
|
|t:|1759004782
|move|p1a: Scarlett Johansson|Ivy Cudgel|p2a: Donphan|[anim] Ivy Cudgel Water
|-supereffective|p2a: Donphan
|-damage|p2a: Donphan|0 fnt
|faint|p2a: Donphan
|
|upkeep
|
|t:|1759004785
|switch|p2a: Galvantula|Galvantula, M|100/100
|turn|8
|
|t:|1759004808
|switch|p1a: Maya l'Abeille|Iron Moth|100/100
|-damage|p1a: Maya l'Abeille|76/100|[from] Stealth Rock
|move|p2a: Galvantula|Bug Buzz|p1a: Maya l'Abeille
|-resisted|p1a: Maya l'Abeille
|-damage|p1a: Maya l'Abeille|65/100
|
|upkeep
|turn|9
|
|t:|1759004816
|move|p1a: Maya l'Abeille|Fiery Dance|p2a: Galvantula
|-supereffective|p2a: Galvantula
|-enditem|p2a: Galvantula|Focus Sash
|-damage|p2a: Galvantula|1/100
|-boost|p1a: Maya l'Abeille|spa|1
|move|p2a: Galvantula|Thunder Wave|p1a: Maya l'Abeille
|-status|p1a: Maya l'Abeille|par
|
|upkeep
|turn|10
|
|t:|1759004832
|move|p2a: Galvantula|Sticky Web|p1a: Maya l'Abeille
|-sidestart|p1: ilipopresto|move: Sticky Web
|cant|p1a: Maya l'Abeille|par
|
|upkeep
|turn|11
|
|t:|1759004838
|move|p2a: Galvantula|Thunder|p1a: Maya l'Abeille
|-damage|p1a: Maya l'Abeille|9/100 par
|cant|p1a: Maya l'Abeille|par
|
|upkeep
|turn|12
|
|t:|1759004844
|-end|p1a: Maya l'Abeille|Quark Drive|[silent]
|switch|p1a: Joséphine Ange-G.|Dragonite, F|100/100
|move|p2a: Galvantula|Bug Buzz|p1a: Joséphine Ange-G.
|-resisted|p1a: Joséphine Ange-G.
|-damage|p1a: Joséphine Ange-G.|88/100
|
|upkeep
|turn|13
|
|t:|1759004857
|-terastallize|p2a: Galvantula|Ghost
|-terastallize|p1a: Joséphine Ange-G.|Normal
|move|p1a: Joséphine Ange-G.|Extreme Speed|p2a: Galvantula
|-immune|p2a: Galvantula
|move|p2a: Galvantula|Thunder Wave|p1a: Joséphine Ange-G.
|-status|p1a: Joséphine Ange-G.|par
|
|upkeep
|turn|14
|
|t:|1759004868
|move|p2a: Galvantula|Thunder|p1a: Joséphine Ange-G.
|-damage|p1a: Joséphine Ange-G.|32/100 par
|cant|p1a: Joséphine Ange-G.|par
|
|upkeep
|turn|15
|
|t:|1759004876
|switch|p1a: Eric Zemmour|Kingambit, M|70/100
|-damage|p1a: Eric Zemmour|64/100|[from] Stealth Rock
|-activate|p1a: Eric Zemmour|move: Sticky Web
|-unboost|p1a: Eric Zemmour|spe|1
|move|p2a: Galvantula|Thunder|p1a: Eric Zemmour
|-damage|p1a: Eric Zemmour|6/100
|
|upkeep
|turn|16
|
|t:|1759004894
|switch|p2a: Blaziken|Blaziken, M|100/100
|move|p1a: Eric Zemmour|Sucker Punch||[still]
|-fail|p1a: Eric Zemmour
|
|upkeep
|turn|17
|
|t:|1759004912
|-end|p1a: Eric Zemmour|fallenundefined|[silent]
|switch|p1a: Jean-Marie Bigard|Great Tusk|100/100
|-damage|p1a: Jean-Marie Bigard|98/100|[from] Stealth Rock
|-activate|p1a: Jean-Marie Bigard|move: Sticky Web
|-unboost|p1a: Jean-Marie Bigard|spe|1
|move|p2a: Blaziken|Focus Energy|p2a: Blaziken
|-start|p2a: Blaziken|move: Focus Energy
|
|-ability|p2a: Blaziken|Speed Boost|boost
|-boost|p2a: Blaziken|spe|1
|upkeep
|turn|18
|
|t:|1759004932
|move|p2a: Blaziken|Close Combat|p1a: Jean-Marie Bigard
|-crit|p1a: Jean-Marie Bigard
|-damage|p1a: Jean-Marie Bigard|32/100
|-unboost|p2a: Blaziken|def|1
|-unboost|p2a: Blaziken|spd|1
|move|p1a: Jean-Marie Bigard|Headlong Rush|p2a: Blaziken
|-supereffective|p2a: Blaziken
|-enditem|p2a: Blaziken|Focus Sash
|-damage|p2a: Blaziken|1/100
|-unboost|p1a: Jean-Marie Bigard|def|1
|-unboost|p1a: Jean-Marie Bigard|spd|1
|
|-ability|p2a: Blaziken|Speed Boost|boost
|-boost|p2a: Blaziken|spe|1
|upkeep
|turn|19
|
|t:|1759004945
|move|p2a: Blaziken|Close Combat|p1a: Jean-Marie Bigard
|-damage|p1a: Jean-Marie Bigard|0 fnt
|-unboost|p2a: Blaziken|def|1
|-unboost|p2a: Blaziken|spd|1
|faint|p1a: Jean-Marie Bigard
|-end|p1a: Jean-Marie Bigard|Protosynthesis|[silent]
|
|-ability|p2a: Blaziken|Speed Boost|boost
|-boost|p2a: Blaziken|spe|1
|upkeep
|
|t:|1759004955
|switch|p1a: PlanQ de Gallame|Iron Valiant|100/100
|-damage|p1a: PlanQ de Gallame|94/100|[from] Stealth Rock
|-activate|p1a: PlanQ de Gallame|move: Sticky Web
|-unboost|p1a: PlanQ de Gallame|spe|1
|-enditem|p1a: PlanQ de Gallame|Booster Energy
|-activate|p1a: PlanQ de Gallame|ability: Quark Drive|[fromitem]
|-start|p1a: PlanQ de Gallame|quarkdrivespa
|turn|20
|
|t:|1759004966
|move|p1a: PlanQ de Gallame|Vacuum Wave|p2a: Blaziken
|-damage|p2a: Blaziken|0 fnt
|faint|p2a: Blaziken
|
|upkeep
|
|t:|1759004975
|switch|p2a: Galvantula|Galvantula, M, tera:Ghost|1/100
|turn|21
|
|t:|1759004988
|move|p1a: PlanQ de Gallame|Vacuum Wave|p2a: Galvantula
|-immune|p2a: Galvantula
|move|p2a: Galvantula|Thunder|p1a: PlanQ de Gallame
|-damage|p1a: PlanQ de Gallame|4/100
|
|upkeep
|turn|22
|
|t:|1759005006
|move|p2a: Galvantula|Bug Buzz|p1a: PlanQ de Gallame
|-resisted|p1a: PlanQ de Gallame
|-damage|p1a: PlanQ de Gallame|0 fnt
|faint|p1a: PlanQ de Gallame
|-end|p1a: PlanQ de Gallame|Quark Drive|[silent]
|
|upkeep
|inactive|ilipopresto has 120 seconds left.
|
|t:|1759005044
|switch|p1a: Joséphine Ange-G.|Dragonite, F, tera:Normal|32/100 par
|turn|23
|
|t:|1759005052
|move|p2a: Galvantula|Bug Buzz|p1a: Joséphine Ange-G.
|-damage|p1a: Joséphine Ange-G.|0 fnt
|faint|p1a: Joséphine Ange-G.
|
|upkeep
|
|t:|1759005059
|switch|p1a: Maya l'Abeille|Iron Moth|9/100 par
|-damage|p1a: Maya l'Abeille|0 fnt|[from] Stealth Rock
|faint|p1a: Maya l'Abeille
|-end|p1a: Maya l'Abeille|Quark Drive|[silent]
|
|t:|1759005065
|switch|p1a: Scarlett Johansson|Ogerpon-Wellspring, F|100/100
|-damage|p1a: Scarlett Johansson|88/100|[from] Stealth Rock
|-activate|p1a: Scarlett Johansson|move: Sticky Web
|-unboost|p1a: Scarlett Johansson|spe|1
|turn|24
|
|t:|1759005079
|move|p2a: Galvantula|Bug Buzz|p1a: Scarlett Johansson
|-supereffective|p1a: Scarlett Johansson
|-damage|p1a: Scarlett Johansson|0 fnt
|faint|p1a: Scarlett Johansson
|
|upkeep
|
|t:|1759005084
|switch|p1a: Eric Zemmour|Kingambit, M|6/100
|-damage|p1a: Eric Zemmour|0 fnt|[from] Stealth Rock
|faint|p1a: Eric Zemmour
|-end|p1a: Eric Zemmour|fallenundefined|[silent]
|
|win|itspaoloooo
|raw|ilipopresto's rating: 1188 &rarr; <strong>1162</strong><br />(-26 for losing)
|raw|itspaoloooo's rating: 1179 &rarr; <strong>1205</strong><br />(+26 for winning)
|l|☆ilipopresto
|player|p1|
