|j|☆nicolider
|j|☆fregene97
|t:|1759073298
|gametype|singles
|player|p1|nicolider|preschooler|1317
|player|p2|fregene97|acetrainersnow|1302
|gen|9
|tier|[Gen 9] OU
|rated|
|rule|HP Percentage Mod: HP is shown in percentages
|rule|Endless Battle Clause: Forcing endless battles is banned
|rule|Species Clause: Limit one of each Pokémon
|rule|OHKO Clause: OHKO moves are banned
|rule|Evasion Items Clause: Evasion items are banned
|rule|Evasion Moves Clause: Evasion moves are banned
|rule|Evasion Abilities Clause: Evasion abilities are banned
|rule|Sleep Moves Clause: Sleep-inducing moves are banned
|clearpoke
|poke|p1|Kingambit, F|
|poke|p1|Primarina, F|
|poke|p1|Slowking, M|
|poke|p1|Uxie|
|poke|p1|Golurk|
|poke|p1|Glastrier|
|poke|p2|Zapdos|
|poke|p2|Dragapult, F|
|poke|p2|Quaquaval, F|
|poke|p2|Scizor, M|
|poke|p2|Blaziken, F|
|poke|p2|Sceptile, M|
|teampreview
|inactive|Battle timer is ON: inactive players will automatically lose when time's up. (requested by nicolider)
|
|t:|1759073319
|teamsize|p1|6
|teamsize|p2|6
|start
|switch|p1a: Uxie|Uxie, shiny|100/100
|switch|p2a: Dragapult|Dragapult, F|100/100
|turn|1
|
|t:|1759073342
|switch|p1a: Kingambit|Kingambit, F|100/100
|-item|p1a: Kingambit|Air Balloon
|move|p2a: Dragapult|U-turn|p1a: Kingambit
|-damage|p1a: Kingambit|84/100
|-enditem|p1a: Kingambit|Air Balloon
|
|t:|1759073345
|switch|p2a: Blaziken|Blaziken, F|100/100|[from] U-turn
|
|upkeep
|turn|2
|
|t:|1759073362
|switch|p1a: Uxie|Uxie, shiny|100/100
|move|p2a: Blaziken|Flare Blitz|p1a: Uxie
|-crit|p1a: Uxie
|-damage|p1a: Uxie|43/100
|-damage|p2a: Blaziken|78/100|[from] Recoil
|
|-ability|p2a: Blaziken|Speed Boost|boost
|-boost|p2a: Blaziken|spe|1
|upkeep
|turn|3
|
|t:|1759073378
|move|p2a: Blaziken|Swords Dance|p2a: Blaziken
|-boost|p2a: Blaziken|atk|2
|move|p1a: Uxie|Trick Room|p1a: Uxie
|-fieldstart|move: Trick Room|[of] p1a: Uxie
|
|-ability|p2a: Blaziken|Speed Boost|boost
|-boost|p2a: Blaziken|spe|1
|upkeep
|turn|4
|
|t:|1759073392
|move|p1a: Uxie|Stealth Rock|p2a: Blaziken
|-sidestart|p2: fregene97|move: Stealth Rock
|move|p2a: Blaziken|Flare Blitz|p1a: Uxie
|-damage|p1a: Uxie|0 fnt
|faint|p1a: Uxie
|-damage|p2a: Blaziken|62/100|[from] Recoil
|
|-ability|p2a: Blaziken|Speed Boost|boost
|-boost|p2a: Blaziken|spe|1
|upkeep
|inactive|nicolider has 120 seconds left.
|
|t:|1759073432
|switch|p1a: Golurk|Golurk|100/100
|turn|5
|
|t:|1759073445
|-terastallize|p2a: Blaziken|Fighting
|move|p1a: Golurk|Poltergeist|p2a: Blaziken
|-activate|p2a: Blaziken|move: Poltergeist|Scope Lens
|-damage|p2a: Blaziken|0 fnt
|faint|p2a: Blaziken
|
|upkeep
|
|t:|1759073452
|switch|p2a: Scizor|Scizor, M|100/100
|-damage|p2a: Scizor|88/100|[from] Stealth Rock
|turn|6
|inactive|nicolider has 120 seconds left.
|
|t:|1759073461
|move|p1a: Golurk|Poltergeist|p2a: Scizor
|-activate|p2a: Scizor|move: Poltergeist|Choice Band
|-damage|p2a: Scizor|0 fnt
|faint|p2a: Scizor
|
|upkeep
|
|t:|1759073470
|switch|p2a: Zapdos|Zapdos|100/100
|turn|7
|
|t:|1759073474
|move|p1a: Golurk|Poltergeist|p2a: Zapdos
|-activate|p2a: Zapdos|move: Poltergeist|Heavy-Duty Boots
|-damage|p2a: Zapdos|0 fnt
|faint|p2a: Zapdos
|
|-fieldend|move: Trick Room
|upkeep
|
|t:|1759073484
|switch|p2a: Quaquaval|Quaquaval, F|100/100
|-damage|p2a: Quaquaval|94/100|[from] Stealth Rock
|turn|8
|
|t:|1759073492
|switch|p1a: Slowking|Slowking, M|100/100
|move|p2a: Quaquaval|Aqua Step|p1a: Slowking
|-resisted|p1a: Slowking
|-damage|p1a: Slowking|82/100
|-boost|p2a: Quaquaval|spe|1
|-damage|p2a: Quaquaval|78/100|[from] item: Rocky Helmet|[of] p1a: Slowking
|
|upkeep
|turn|9
|
|t:|1759073504
|move|p2a: Quaquaval|Knock Off|p1a: Slowking
|-supereffective|p1a: Slowking
|-damage|p1a: Slowking|19/100
|-damage|p2a: Quaquaval|62/100|[from] item: Rocky Helmet|[of] p1a: Slowking
|-enditem|p1a: Slowking|Rocky Helmet|[from] move: Knock Off|[of] p2a: Quaquaval
|move|p1a: Slowking|Trick Room|p1a: Slowking
|-fieldstart|move: Trick Room|[of] p1a: Slowking
|
|upkeep
|turn|10
|inactive|nicolider has 120 seconds left.
|
|t:|1759073547
|-prepare|p1a: Slowking|Chilly Reception|[premajor]
|move|p1a: Slowking|Chilly Reception|p1a: Slowking
|-weather|Snowscape
|
|t:|1759073553
|switch|p1a: Primarina|Primarina, F|100/100|[from] Chilly Reception
|move|p2a: Quaquaval|Knock Off|p1a: Primarina
|-resisted|p1a: Primarina
|-damage|p1a: Primarina|81/100
|-enditem|p1a: Primarina|Weakness Policy|[from] move: Knock Off|[of] p2a: Quaquaval
|
|-weather|Snowscape|[upkeep]
|upkeep
|turn|11
|l|☆fregene97
|inactive|fregene97 disconnected and has a minute to reconnect!
|player|p2|
|j|☆fregene97
|inactive|fregene97 reconnected and has 130 seconds left.
|player|p2|fregene97|acetrainersnow|
|inactive|fregene97 has 120 seconds left.
|
|t:|1759073586
|move|p1a: Primarina|Moonblast|p2a: Quaquaval
|-supereffective|p2a: Quaquaval
|-damage|p2a: Quaquaval|0 fnt
|faint|p2a: Quaquaval
|
|-weather|Snowscape|[upkeep]
|upkeep
|
|t:|1759073589
|switch|p2a: Sceptile|Sceptile, M|100/100
|-damage|p2a: Sceptile|88/100|[from] Stealth Rock
|turn|12
|inactive|nicolider has 120 seconds left.
|
|t:|1759073596
|move|p1a: Primarina|Ice Beam|p2a: Sceptile
|-supereffective|p2a: Sceptile
|-damage|p2a: Sceptile|0 fnt
|faint|p2a: Sceptile
|
|-weather|Snowscape|[upkeep]
|upkeep
|
|t:|1759073600
|switch|p2a: Dragapult|Dragapult, F|100/100
|-damage|p2a: Dragapult|88/100|[from] Stealth Rock
|turn|13
|
|t:|1759073606
|move|p1a: Primarina|Moonblast|p2a: Dragapult
|-supereffective|p2a: Dragapult
|-damage|p2a: Dragapult|0 fnt
|faint|p2a: Dragapult
|
|win|nicolider
|raw|nicolider's rating: 1317 &rarr; <strong>1336</strong><br />(+19 for winning)
|raw|fregene97's rating: 1302 &rarr; <strong>1283</strong><br />(-19 for losing)
|l|☆fregene97
|player|p2|
