|j|☆hihihihuhuhuhh
|j|☆yanro
|t:|1758964770
|gametype|singles
|player|p1|hihihihuhuhuhh|allister|1156
|player|p2|yanro|red|1144
|gen|9
|tier|[Gen 9] OU
|rated|
|rule|HP Percentage Mod: HP is shown in percentages
|rule|Endless Battle Clause: Forcing endless battles is banned
|rule|Species Clause: Limit one of each Pokémon
|rule|OHKO Clause: OHKO moves are banned
|rule|Evasion Items Clause: Evasion items are banned
|rule|Evasion Moves Clause: Evasion moves are banned
|rule|Evasion Abilities Clause: Evasion abilities are banned
|rule|Sleep Moves Clause: Sleep-inducing moves are banned
|clearpoke
|poke|p1|Decidueye, F|
|poke|p1|Delphox, M|
|poke|p1|Tornadus-Therian, M|
|poke|p1|Krookodile, M|
|poke|p1|Slowbro-Galar, F|
|poke|p1|Blastoise, F|
|poke|p2|Cinderace, M|
|poke|p2|Landorus-Therian, M|
|poke|p2|Ceruledge, M|
|poke|p2|Corviknight, M|
|poke|p2|Dragapult, M|
|poke|p2|Zapdos|
|teampreview
|
|t:|1758964776
|teamsize|p1|6
|teamsize|p2|6
|start
|switch|p1a: Blastoise|Blastoise, F|100/100
|switch|p2a: Landorus|Landorus-Therian, M|100/100
|-ability|p2a: Landorus|Intimidate|boost
|-unboost|p1a: Blastoise|atk|1
|turn|1
|
|t:|1758964783
|move|p2a: Landorus|Stealth Rock|p1a: Blastoise
|-sidestart|p1: hihihihuhuhuhh|move: Stealth Rock
|move|p1a: Blastoise|Flip Turn|p2a: Landorus
|-supereffective|p2a: Landorus
|-damage|p2a: Landorus|78/100
|-damage|p1a: Blastoise|84/100|[from] item: Rocky Helmet|[of] p2a: Landorus
|
|t:|1758964789
|switch|p1a: Delphox|Delphox, M|100/100|[from] Flip Turn
|-damage|p1a: Delphox|75/100|[from] Stealth Rock
|
|upkeep
|turn|2
|
|t:|1758964811
|move|p1a: Delphox|Psyshock|p2a: Landorus
|-damage|p2a: Landorus|27/100
|move|p2a: Landorus|Stone Edge|p1a: Delphox
|-supereffective|p1a: Delphox
|-damage|p1a: Delphox|0 fnt
|faint|p1a: Delphox
|
|upkeep
|
|t:|1758964818
|switch|p1a: Blastoise|Blastoise, F|84/100
|-damage|p1a: Blastoise|71/100|[from] Stealth Rock
|turn|3
|
|t:|1758964827
|move|p2a: Landorus|U-turn|p1a: Blastoise
|-damage|p1a: Blastoise|57/100
|-damage|p2a: Landorus|10/100|[from] item: Rocky Helmet|[of] p1a: Blastoise
|
|t:|1758964833
|switch|p2a: Corviknight|Corviknight, M|100/100|[from] U-turn
|-ability|p2a: Corviknight|Pressure
|move|p1a: Blastoise|Rapid Spin|p2a: Corviknight
|-resisted|p2a: Corviknight
|-damage|p2a: Corviknight|97/100
|-boost|p1a: Blastoise|spe|1
|-sideend|p1: hihihihuhuhuhh|Stealth Rock|[from] move: Rapid Spin|[of] p1a: Blastoise
|
|-heal|p2a: Corviknight|100/100|[from] item: Leftovers
|upkeep
|turn|4
|
|t:|1758964848
|move|p1a: Blastoise|Flip Turn|p2a: Corviknight
|-crit|p2a: Corviknight
|-damage|p2a: Corviknight|83/100
|
|t:|1758964854
|switch|p1a: Slowbro|Slowbro-Galar, F|100/100|[from] Flip Turn
|move|p2a: Corviknight|Iron Head|p1a: Slowbro
|-damage|p1a: Slowbro|78/100
|
|-heal|p2a: Corviknight|89/100|[from] item: Leftovers
|upkeep
|turn|5
|
|t:|1758964867
|move|p2a: Corviknight|U-turn|p1a: Slowbro
|-damage|p1a: Slowbro|66/100
|
|t:|1758964877
|switch|p2a: Zapdos|Zapdos|100/100|[from] U-turn
|move|p1a: Slowbro|Nasty Plot|p1a: Slowbro
|-boost|p1a: Slowbro|spa|2
|
|upkeep
|turn|6
|
|t:|1758964885
|-terastallize|p1a: Slowbro|Poison
|move|p2a: Zapdos|Hurricane|p1a: Slowbro
|-damage|p1a: Slowbro|2/100
|move|p1a: Slowbro|Shell Side Arm|p2a: Zapdos|[anim] Shell Side Arm Special
|-damage|p2a: Zapdos|0 fnt
|-hint|Special Shell Side Arm
|faint|p2a: Zapdos
|
|upkeep
|
|t:|1758964908
|switch|p2a: Dragapult|Dragapult, M|100/100
|turn|7
|
|t:|1758964916
|move|p2a: Dragapult|Dragon Darts|p1a: Slowbro
|-damage|p1a: Slowbro|0 fnt
|faint|p1a: Slowbro
|
|upkeep
|
|t:|1758964919
|switch|p1a: Krookodile|Krookodile, M|100/100
|-ability|p1a: Krookodile|Intimidate|boost
|-fail|p2a: Dragapult|unboost|[from] ability: Clear Body|[of] p2a: Dragapult
|turn|8
|
|t:|1758964922
|move|p2a: Dragapult|Dragon Darts|p1a: Krookodile
|-damage|p1a: Krookodile|69/100
|-anim|p2a: Dragapult|Dragon Darts|p1a: Krookodile
|-damage|p1a: Krookodile|41/100
|move|p1a: Krookodile|Knock Off|p2a: Dragapult
|-supereffective|p2a: Dragapult
|-damage|p2a: Dragapult|0 fnt
|-enditem|p2a: Dragapult|Choice Band|[from] move: Knock Off|[of] p1a: Krookodile
|faint|p2a: Dragapult
|
|-heal|p1a: Krookodile|47/100|[from] item: Leftovers
|upkeep
|
|t:|1758964931
|switch|p2a: Ceruledge|Ceruledge, M|100/100
|turn|9
|
|t:|1758964933
|move|p2a: Ceruledge|Swords Dance|p2a: Ceruledge
|-boost|p2a: Ceruledge|atk|2
|move|p1a: Krookodile|Knock Off|p2a: Ceruledge
|-supereffective|p2a: Ceruledge
|-enditem|p2a: Ceruledge|Focus Sash
|-damage|p2a: Ceruledge|1/100
|-ability|p2a: Ceruledge|Weak Armor|boost
|-unboost|p2a: Ceruledge|def|1
|-boost|p2a: Ceruledge|spe|2
|
|-heal|p1a: Krookodile|53/100|[from] item: Leftovers
|upkeep
|turn|10
|
|t:|1758964945
|move|p1a: Krookodile|Protect|p1a: Krookodile
|-singleturn|p1a: Krookodile|Protect
|move|p2a: Ceruledge|Bitter Blade|p1a: Krookodile
|-activate|p1a: Krookodile|move: Protect
|
|-heal|p1a: Krookodile|59/100|[from] item: Leftovers
|upkeep
|turn|11
|
|t:|1758964948
|switch|p1a: Blastoise|Blastoise, F|57/100
|move|p2a: Ceruledge|Bitter Blade|p1a: Blastoise
|-resisted|p1a: Blastoise
|-damage|p1a: Blastoise|28/100
|-heal|p2a: Ceruledge|19/100|[from] drain|[of] p1a: Blastoise
|-damage|p2a: Ceruledge|3/100|[from] item: Rocky Helmet|[of] p1a: Blastoise
|
|upkeep
|turn|12
|
|t:|1758964958
|move|p1a: Blastoise|Aqua Jet|p2a: Ceruledge
|-supereffective|p2a: Ceruledge
|-damage|p2a: Ceruledge|0 fnt
|faint|p2a: Ceruledge
|
|upkeep
|
|t:|1758964961
|switch|p2a: Cinderace|Cinderace, M|100/100
|turn|13
|
|t:|1758964974
|-terastallize|p2a: Cinderace|Fire
|move|p1a: Blastoise|Aqua Jet|p2a: Cinderace
|-supereffective|p2a: Cinderace
|-damage|p2a: Cinderace|65/100
|move|p2a: Cinderace|Pyro Ball|p1a: Blastoise
|-resisted|p1a: Blastoise
|-damage|p1a: Blastoise|3/100
|
|upkeep
|turn|14
|inactive|Battle timer is ON: inactive players will automatically lose when time's up. (requested by yanro)
|
|t:|1758964994
|move|p2a: Cinderace|Sucker Punch|p1a: Blastoise
|-damage|p1a: Blastoise|0 fnt
|-damage|p2a: Cinderace|48/100|[from] item: Rocky Helmet|[of] p1a: Blastoise
|faint|p1a: Blastoise
|
|upkeep
|
|t:|1758964999
|switch|p1a: Tornadus|Tornadus-Therian, M|100/100
|turn|15
|
|t:|1758965003
|move|p2a: Cinderace|Pyro Ball|p1a: Tornadus
|-damage|p1a: Tornadus|19/100
|move|p1a: Tornadus|Bleakwind Storm|p2a: Cinderace
|-damage|p2a: Cinderace|0 fnt
|faint|p2a: Cinderace
|
|upkeep
|
|t:|1758965009
|switch|p2a: Corviknight|Corviknight, M|89/100
|-ability|p2a: Corviknight|Pressure
|turn|16
|
|t:|1758965014
|switch|p1a: Krookodile|Krookodile, M|59/100
|-ability|p1a: Krookodile|Intimidate|boost
|-unboost|p2a: Corviknight|atk|1
|move|p2a: Corviknight|Iron Head|p1a: Krookodile
|-damage|p1a: Krookodile|47/100
|
|-heal|p1a: Krookodile|53/100|[from] item: Leftovers
|-heal|p2a: Corviknight|95/100|[from] item: Leftovers
|upkeep
|turn|17
|
|t:|1758965025
|move|p1a: Krookodile|Stealth Rock|p2a: Corviknight
|-sidestart|p2: yanro|move: Stealth Rock
|move|p2a: Corviknight|U-turn|p1a: Krookodile
|-supereffective|p1a: Krookodile
|-damage|p1a: Krookodile|38/100
|
|t:|1758965028
|switch|p2a: Landorus|Landorus-Therian, M|10/100|[from] U-turn
|-damage|p2a: Landorus|0 fnt|[from] Stealth Rock
|faint|p2a: Landorus
|
|-heal|p1a: Krookodile|44/100|[from] item: Leftovers
|upkeep
|
|t:|1758965031
|switch|p2a: Corviknight|Corviknight, M|95/100
|-damage|p2a: Corviknight|83/100|[from] Stealth Rock
|-ability|p2a: Corviknight|Pressure
|turn|18
|
|t:|1758965033
|move|p1a: Krookodile|Knock Off|p2a: Corviknight
|-damage|p2a: Corviknight|58/100
|-enditem|p2a: Corviknight|Leftovers|[from] move: Knock Off|[of] p1a: Krookodile
|move|p2a: Corviknight|U-turn|p1a: Krookodile
|-supereffective|p1a: Krookodile
|-damage|p1a: Krookodile|22/100
|
|-heal|p1a: Krookodile|28/100|[from] item: Leftovers
|upkeep
|turn|19
|
|t:|1758965037
|move|p1a: Krookodile|Protect|p1a: Krookodile
|-singleturn|p1a: Krookodile|Protect
|move|p2a: Corviknight|Roost|p2a: Corviknight
|-heal|p2a: Corviknight|100/100
|-singleturn|p2a: Corviknight|move: Roost
|
|-heal|p1a: Krookodile|34/100|[from] item: Leftovers
|upkeep
|turn|20
|
|t:|1758965042
|switch|p1a: Tornadus|Tornadus-Therian, M|52/100
|move|p2a: Corviknight|U-turn|p1a: Tornadus
|-resisted|p1a: Tornadus
|-damage|p1a: Tornadus|44/100
|
|upkeep
|turn|21
|
|t:|1758965045
|move|p1a: Tornadus|Heat Wave|p2a: Corviknight
|-supereffective|p2a: Corviknight
|-damage|p2a: Corviknight|50/100
|move|p2a: Corviknight|Iron Head|p1a: Tornadus
|-damage|p1a: Tornadus|16/100
|
|upkeep
|turn|22
|
|t:|1758965049
|move|p1a: Tornadus|Heat Wave|p2a: Corviknight
|-supereffective|p2a: Corviknight
|-damage|p2a: Corviknight|2/100
|-status|p2a: Corviknight|brn
|move|p2a: Corviknight|Roost|p2a: Corviknight
|-heal|p2a: Corviknight|52/100 brn
|-singleturn|p2a: Corviknight|move: Roost
|
|-damage|p2a: Corviknight|46/100 brn|[from] brn
|upkeep
|turn|23
|
|t:|1758965051
|move|p1a: Tornadus|Heat Wave|p2a: Corviknight
|-supereffective|p2a: Corviknight
|-damage|p2a: Corviknight|0 fnt
|faint|p2a: Corviknight
|
|win|hihihihuhuhuhh
|raw|hihihihuhuhuhh's rating: 1156 &rarr; <strong>1180</strong><br />(+24 for winning)
|raw|yanro's rating: 1144 &rarr; <strong>1120</strong><br />(-24 for losing)
|l|☆hihihihuhuhuhh
|player|p1|
|l|☆yanro
|player|p2|
