|j|☆Mossful
|j|☆123ebolaman
|t:|1759041063
|gametype|singles
|player|p1|Mossful|evelyn|1552
|player|p2|123ebolaman|blackbelt-gen4dp|1556
|gen|9
|tier|[Gen 9] OU
|rated|
|rule|HP Percentage Mod: HP is shown in percentages
|rule|Endless Battle Clause: Forcing endless battles is banned
|rule|Species Clause: Limit one of each Pokémon
|rule|OHKO Clause: OHKO moves are banned
|rule|Evasion Items Clause: Evasion items are banned
|rule|Evasion Moves Clause: Evasion moves are banned
|rule|Evasion Abilities Clause: Evasion abilities are banned
|rule|Sleep Moves Clause: Sleep-inducing moves are banned
|clearpoke
|poke|p1|Tyranitar, M|
|poke|p1|Excadrill, F|
|poke|p1|Iron Crown|
|poke|p1|Salamence, M|
|poke|p1|Azumarill, F|
|poke|p1|Zamazenta-*|
|poke|p2|Ceruledge, M|
|poke|p2|Araquanid, F|
|poke|p2|Gholdengo|
|poke|p2|Great Tusk|
|poke|p2|Enamorus, F|
|poke|p2|Ursaluna, M|
|teampreview
|inactive|Battle timer is ON: inactive players will automatically lose when time's up. (requested by Mossful)
|
|t:|1759041086
|teamsize|p1|6
|teamsize|p2|6
|start
|switch|p1a: Tyranitar|Tyranitar, M, shiny|100/100
|switch|p2a: Great Tusk|Great Tusk|100/100
|-weather|Sandstorm|[from] ability: Sand Stream|[of] p1a: Tyranitar
|turn|1
|
|t:|1759041093
|switch|p1a: Zamazenta|Zamazenta|100/100
|-ability|p1a: Zamazenta|Dauntless Shield|boost
|-boost|p1a: Zamazenta|def|1
|move|p2a: Great Tusk|Knock Off|p1a: Zamazenta
|-resisted|p1a: Zamazenta
|-damage|p1a: Zamazenta|92/100
|-enditem|p1a: Zamazenta|Life Orb|[from] move: Knock Off|[of] p2a: Great Tusk
|
|-weather|Sandstorm|[upkeep]
|-damage|p1a: Zamazenta|86/100|[from] Sandstorm
|upkeep
|turn|2
|
|t:|1759041107
|-end|p2a: Great Tusk|Protosynthesis|[silent]
|switch|p2a: Enamorus|Enamorus, F|100/100
|move|p1a: Zamazenta|Wild Charge|p2a: Enamorus
|-supereffective|p2a: Enamorus
|-damage|p2a: Enamorus|1/100
|-damage|p1a: Zamazenta|64/100|[from] Recoil
|
|-weather|Sandstorm|[upkeep]
|-damage|p2a: Enamorus|0 fnt|[from] Sandstorm
|-damage|p1a: Zamazenta|58/100|[from] Sandstorm
|faint|p2a: Enamorus
|upkeep
|
|t:|1759041122
|switch|p2a: Araquanid|Araquanid, F|100/100
|turn|3
|
|t:|1759041125
|move|p1a: Zamazenta|Wild Charge|p2a: Araquanid
|-supereffective|p2a: Araquanid
|-damage|p2a: Araquanid|42/100
|-damage|p1a: Zamazenta|43/100|[from] Recoil
|move|p2a: Araquanid|Surf|p1a: Zamazenta
|-damage|p1a: Zamazenta|0 fnt
|faint|p1a: Zamazenta
|
|-weather|Sandstorm|[upkeep]
|-damage|p2a: Araquanid|35/100|[from] Sandstorm
|upkeep
|
|t:|1759041130
|switch|p1a: Salamence|Salamence, M, shiny|100/100
|-ability|p1a: Salamence|Intimidate|boost
|-unboost|p2a: Araquanid|atk|1
|turn|4
|
|t:|1759041139
|switch|p2a: Great Tusk|Great Tusk|100/100
|move|p1a: Salamence|Air Slash|p2a: Great Tusk
|-supereffective|p2a: Great Tusk
|-damage|p2a: Great Tusk|0 fnt
|faint|p2a: Great Tusk
|-end|p2a: Great Tusk|Protosynthesis|[silent]
|
|-weather|Sandstorm|[upkeep]
|-damage|p1a: Salamence|94/100|[from] Sandstorm
|upkeep
|
|t:|1759041165
|switch|p2a: Ceruledge|Ceruledge, M|100/100
|turn|5
|
|t:|1759041172
|move|p1a: Salamence|Air Slash|p2a: Ceruledge
|-damage|p2a: Ceruledge|36/100
|move|p2a: Ceruledge|Poltergeist|p1a: Salamence
|-activate|p1a: Salamence|move: Poltergeist|Choice Specs
|-damage|p1a: Salamence|15/100
|
|-weather|none
|upkeep
|turn|6
|j| ToLLi
|
|t:|1759041180
|switch|p1a: Tyranitar|Tyranitar, M, shiny|100/100
|-weather|Sandstorm|[from] ability: Sand Stream|[of] p1a: Tyranitar
|move|p2a: Ceruledge|Shadow Sneak|p1a: Tyranitar
|-resisted|p1a: Tyranitar
|-damage|p1a: Tyranitar|90/100
|
|-weather|Sandstorm|[upkeep]
|-damage|p2a: Ceruledge|30/100|[from] Sandstorm
|upkeep
|turn|7
|
|t:|1759041207
|move|p2a: Ceruledge|Poltergeist|p1a: Tyranitar
|-activate|p1a: Tyranitar|move: Poltergeist|Choice Band
|-resisted|p1a: Tyranitar
|-damage|p1a: Tyranitar|61/100
|move|p1a: Tyranitar|Knock Off|p2a: Ceruledge
|-supereffective|p2a: Ceruledge
|-crit|p2a: Ceruledge
|-damage|p2a: Ceruledge|0 fnt
|-enditem|p2a: Ceruledge|Focus Sash|[from] move: Knock Off|[of] p1a: Tyranitar
|faint|p2a: Ceruledge
|
|-weather|Sandstorm|[upkeep]
|upkeep
|
|t:|1759041225
|switch|p2a: Araquanid|Araquanid, F|35/100
|turn|8
|
|t:|1759041235
|move|p1a: Tyranitar|Knock Off|p2a: Araquanid
|-damage|p2a: Araquanid|0 fnt
|-enditem|p2a: Araquanid|Custap Berry|[from] move: Knock Off|[of] p1a: Tyranitar
|faint|p2a: Araquanid
|
|-weather|Sandstorm|[upkeep]
|upkeep
|
|t:|1759041245
|switch|p2a: Gholdengo|Gholdengo|100/100
|turn|9
|
|t:|1759041259
|-terastallize|p2a: Gholdengo|Steel
|move|p2a: Gholdengo|Make It Rain|p1a: Tyranitar
|-supereffective|p1a: Tyranitar
|-damage|p1a: Tyranitar|0 fnt
|-unboost|p2a: Gholdengo|spa|1
|faint|p1a: Tyranitar
|
|-weather|Sandstorm|[upkeep]
|upkeep
|
|t:|1759041265
|switch|p1a: Excadrill|Excadrill, F, shiny|100/100
|-item|p1a: Excadrill|Air Balloon
|turn|10
|
|t:|1759041279
|move|p1a: Excadrill|Earthquake|p2a: Gholdengo
|-supereffective|p2a: Gholdengo
|-damage|p2a: Gholdengo|0 fnt
|faint|p2a: Gholdengo
|
|-weather|none
|upkeep
|
|t:|1759041284
|switch|p2a: Ursaluna|Ursaluna, M|100/100
|turn|11
|
|t:|1759041296
|move|p1a: Excadrill|Iron Head|p2a: Ursaluna
|-damage|p2a: Ursaluna|67/100
|move|p2a: Ursaluna|Trailblaze|p1a: Excadrill
|-damage|p1a: Excadrill|73/100
|-boost|p2a: Ursaluna|spe|1
|-enditem|p1a: Excadrill|Air Balloon
|
|-status|p2a: Ursaluna|brn|[from] item: Flame Orb
|upkeep
|turn|12
|
|t:|1759041315
|move|p2a: Ursaluna|Headlong Rush|p1a: Excadrill
|-supereffective|p1a: Excadrill
|-damage|p1a: Excadrill|0 fnt
|-unboost|p2a: Ursaluna|def|1
|-unboost|p2a: Ursaluna|spd|1
|faint|p1a: Excadrill
|
|-damage|p2a: Ursaluna|60/100 brn|[from] brn
|upkeep
|inactive|Mossful has 120 seconds left.
|
|t:|1759041353
|switch|p1a: Salamence|Salamence, M, shiny|15/100
|-ability|p1a: Salamence|Intimidate|boost
|-unboost|p2a: Ursaluna|atk|1
|turn|13
|
|t:|1759041358
|move|p1a: Salamence|Hydro Pump|p2a: Ursaluna
|-supereffective|p2a: Ursaluna
|-damage|p2a: Ursaluna|0 fnt
|faint|p2a: Ursaluna
|
|win|Mossful
|raw|Mossful's rating: 1552 &rarr; <strong>1572</strong><br />(+20 for winning)
|raw|123ebolaman's rating: 1556 &rarr; <strong>1536</strong><br />(-20 for losing)
|c|☆Mossful|gg
|l|☆Mossful
|player|p1|
|c|☆123ebolaman|gg
|l|☆123ebolaman
|player|p2|
|l| ToLLi
