|j|☆dadadadaxiji
|j|☆Parker757
|t:|1758939623
|gametype|singles
|player|p1|dadadadaxiji|dawn|1725
|player|p2|Parker757|pokemonranger-gen4|1702
|gen|9
|tier|[Gen 9] OU
|rated|
|rule|HP Percentage Mod: HP is shown in percentages
|rule|Endless Battle Clause: Forcing endless battles is banned
|rule|Species Clause: Limit one of each Pokémon
|rule|OHKO Clause: OHKO moves are banned
|rule|Evasion Items Clause: Evasion items are banned
|rule|Evasion Moves Clause: Evasion moves are banned
|rule|Evasion Abilities Clause: Evasion abilities are banned
|rule|Sleep Moves Clause: Sleep-inducing moves are banned
|clearpoke
|poke|p1|Pelipper, M|
|poke|p1|Tyranitar, F|
|poke|p1|Ninetales-Alola, M|
|poke|p1|Torkoal, M|
|poke|p1|Hippowdon, F|
|poke|p1|Kingambit, F|
|poke|p2|Slither Wing|
|poke|p2|Zamazenta-*|
|poke|p2|Hatterene, F|
|poke|p2|Torkoal, M|
|poke|p2|Iron Moth|
|poke|p2|Walking Wake|
|teampreview
|inactive|Battle timer is ON: inactive players will automatically lose when time's up. (requested by Parker757)
|
|t:|1758939647
|teamsize|p1|6
|teamsize|p2|6
|start
|switch|p1a: Tyranitar|Tyranitar, F|100/100
|switch|p2a: Walking Wake|Walking Wake|100/100
|-weather|Sandstorm|[from] ability: Sand Stream|[of] p1a: Tyranitar
|turn|1
|
|t:|1758939668
|switch|p1a: Pelipper|Pelipper, M|100/100
|-weather|RainDance|[from] ability: Drizzle|[of] p1a: Pelipper
|move|p2a: Walking Wake|Hydro Steam|p1a: Pelipper
|-resisted|p1a: Pelipper
|-damage|p1a: Pelipper|25/100
|
|-weather|RainDance|[upkeep]
|upkeep
|turn|2
|
|t:|1758939674
|move|p1a: Pelipper|Hurricane|p2a: Walking Wake
|-damage|p2a: Walking Wake|46/100
|-start|p2a: Walking Wake|confusion
|-activate|p2a: Walking Wake|confusion
|move|p2a: Walking Wake|Hydro Steam|p1a: Pelipper
|-resisted|p1a: Pelipper
|-damage|p1a: Pelipper|0 fnt
|faint|p1a: Pelipper
|
|-weather|RainDance|[upkeep]
|upkeep
|
|t:|1758939679
|switch|p1a: Ninetales|Ninetales-Alola, M|100/100
|-weather|Snowscape|[from] ability: Snow Warning|[of] p1a: Ninetales
|turn|3
|
|t:|1758939686
|-end|p2a: Walking Wake|Protosynthesis|[silent]
|switch|p2a: Torkoal|Torkoal, M|100/100
|-weather|SunnyDay|[from] ability: Drought|[of] p2a: Torkoal
|switch|p1a: Tyranitar|Tyranitar, F|100/100
|-weather|Sandstorm|[from] ability: Sand Stream|[of] p1a: Tyranitar
|
|-weather|Sandstorm|[upkeep]
|-damage|p2a: Torkoal|94/100|[from] Sandstorm
|upkeep
|turn|4
|
|t:|1758939693
|move|p1a: Tyranitar|Stone Edge|p2a: Torkoal
|-supereffective|p2a: Torkoal
|-damage|p2a: Torkoal|0 fnt
|faint|p2a: Torkoal
|
|-weather|Sandstorm|[upkeep]
|upkeep
|
|t:|1758939697
|switch|p2a: Zamazenta|Zamazenta|100/100
|-ability|p2a: Zamazenta|Dauntless Shield|boost
|-boost|p2a: Zamazenta|def|1
|turn|5
|
|t:|1758939703
|switch|p1a: Hippowdon|Hippowdon, F|100/100
|move|p2a: Zamazenta|Iron Defense|p2a: Zamazenta
|-boost|p2a: Zamazenta|def|2
|
|-weather|Sandstorm|[upkeep]
|-damage|p2a: Zamazenta|94/100|[from] Sandstorm
|-heal|p2a: Zamazenta|100/100|[from] item: Leftovers
|upkeep
|turn|6
|
|t:|1758939706
|move|p2a: Zamazenta|Body Press|p1a: Hippowdon
|-crit|p1a: Hippowdon
|-damage|p1a: Hippowdon|34/100
|-damage|p2a: Zamazenta|84/100|[from] item: Rocky Helmet|[of] p1a: Hippowdon
|move|p1a: Hippowdon|Whirlwind|p2a: Zamazenta
|drag|p2a: Walking Wake|Walking Wake|46/100
|
|-weather|Sandstorm|[upkeep]
|-damage|p2a: Walking Wake|39/100|[from] Sandstorm
|upkeep
|turn|7
|
|t:|1758939718
|move|p2a: Walking Wake|Hydro Steam|p1a: Hippowdon
|-supereffective|p1a: Hippowdon
|-damage|p1a: Hippowdon|0 fnt
|faint|p1a: Hippowdon
|
|-weather|none
|upkeep
|
|t:|1758939721
|switch|p1a: Ninetales|Ninetales-Alola, M|100/100
|-weather|Snowscape|[from] ability: Snow Warning|[of] p1a: Ninetales
|turn|8
|
|t:|1758939730
|move|p2a: Walking Wake|Hydro Steam|p1a: Ninetales
|-damage|p1a: Ninetales|27/100
|move|p1a: Ninetales|Blizzard|p2a: Walking Wake
|-damage|p2a: Walking Wake|0 fnt
|faint|p2a: Walking Wake
|-end|p2a: Walking Wake|Protosynthesis|[silent]
|-damage|p1a: Ninetales|17/100|[from] item: Life Orb
|
|-weather|Snowscape|[upkeep]
|upkeep
|
|t:|1758939735
|switch|p2a: Slither Wing|Slither Wing|100/100
|turn|9
|
|t:|1758939744
|switch|p1a: Torkoal|Torkoal, M|100/100
|-weather|SunnyDay|[from] ability: Drought|[of] p1a: Torkoal
|-activate|p2a: Slither Wing|ability: Protosynthesis
|-start|p2a: Slither Wing|protosynthesisatk
|move|p2a: Slither Wing|First Impression|p1a: Torkoal
|-resisted|p1a: Torkoal
|-damage|p1a: Torkoal|80/100
|
|-weather|SunnyDay|[upkeep]
|upkeep
|turn|10
|
|t:|1758939753
|move|p2a: Slither Wing|Earthquake|p1a: Torkoal
|-supereffective|p1a: Torkoal
|-damage|p1a: Torkoal|17/100
|move|p1a: Torkoal|Earth Power|p2a: Slither Wing
|-resisted|p2a: Slither Wing
|-damage|p2a: Slither Wing|94/100
|-unboost|p2a: Slither Wing|spd|1
|
|-weather|SunnyDay|[upkeep]
|upkeep
|turn|11
|
|t:|1758939762
|move|p2a: Slither Wing|Earthquake|p1a: Torkoal
|-supereffective|p1a: Torkoal
|-damage|p1a: Torkoal|0 fnt
|faint|p1a: Torkoal
|
|-weather|SunnyDay|[upkeep]
|upkeep
|
|t:|1758939763
|switch|p1a: Ninetales|Ninetales-Alola, M|17/100
|-weather|Snowscape|[from] ability: Snow Warning|[of] p1a: Ninetales
|-end|p2a: Slither Wing|Protosynthesis
|turn|12
|
|t:|1758939768
|move|p1a: Ninetales|Moonblast|p2a: Slither Wing
|-supereffective|p2a: Slither Wing
|-damage|p2a: Slither Wing|0 fnt
|faint|p2a: Slither Wing
|-end|p2a: Slither Wing|Protosynthesis|[silent]
|-damage|p1a: Ninetales|7/100|[from] item: Life Orb
|
|-weather|Snowscape|[upkeep]
|upkeep
|
|t:|1758939775
|switch|p2a: Iron Moth|Iron Moth|100/100
|-enditem|p2a: Iron Moth|Booster Energy
|-activate|p2a: Iron Moth|ability: Quark Drive|[fromitem]
|-start|p2a: Iron Moth|quarkdrivespa
|turn|13
|
|t:|1758939780
|move|p2a: Iron Moth|Fiery Dance|p1a: Ninetales
|-supereffective|p1a: Ninetales
|-damage|p1a: Ninetales|0 fnt
|faint|p1a: Ninetales
|
|-weather|Snowscape|[upkeep]
|upkeep
|
|t:|1758939783
|switch|p1a: Tyranitar|Tyranitar, F|100/100
|-weather|Sandstorm|[from] ability: Sand Stream|[of] p1a: Tyranitar
|turn|14
|
|t:|1758939788
|move|p2a: Iron Moth|Sludge Wave|p1a: Tyranitar
|-resisted|p1a: Tyranitar
|-damage|p1a: Tyranitar|78/100
|move|p1a: Tyranitar|Knock Off|p2a: Iron Moth
|-damage|p2a: Iron Moth|9/100
|
|-weather|Sandstorm|[upkeep]
|-damage|p2a: Iron Moth|3/100|[from] Sandstorm
|upkeep
|turn|15
|
|t:|1758939793
|move|p2a: Iron Moth|Sludge Wave|p1a: Tyranitar
|-resisted|p1a: Tyranitar
|-damage|p1a: Tyranitar|59/100
|move|p1a: Tyranitar|Knock Off|p2a: Iron Moth
|-damage|p2a: Iron Moth|0 fnt
|faint|p2a: Iron Moth
|-end|p2a: Iron Moth|Quark Drive|[silent]
|
|-weather|Sandstorm|[upkeep]
|upkeep
|
|t:|1758939795
|switch|p2a: Hatterene|Hatterene, F|100/100
|turn|16
|
|t:|1758939801
|move|p1a: Tyranitar|Knock Off|p2a: Hatterene
|-damage|p2a: Hatterene|22/100
|-enditem|p2a: Hatterene|Eject Button|[from] move: Knock Off|[of] p1a: Tyranitar
|move|p2a: Hatterene|Nuzzle|p1a: Tyranitar
|-damage|p1a: Tyranitar|56/100
|-status|p1a: Tyranitar|par
|
|-weather|Sandstorm|[upkeep]
|-damage|p2a: Hatterene|16/100|[from] Sandstorm
|upkeep
|turn|17
|
|t:|1758939806
|move|p2a: Hatterene|Dazzling Gleam|p1a: Tyranitar
|-supereffective|p1a: Tyranitar
|-damage|p1a: Tyranitar|6/100 par
|move|p1a: Tyranitar|Knock Off|p2a: Hatterene
|-crit|p2a: Hatterene
|-damage|p2a: Hatterene|0 fnt
|faint|p2a: Hatterene
|
|-weather|Sandstorm|[upkeep]
|upkeep
|
|t:|1758939809
|switch|p2a: Zamazenta|Zamazenta|84/100
|turn|18
|
|t:|1758939811
|move|p2a: Zamazenta|Iron Defense|p2a: Zamazenta
|-boost|p2a: Zamazenta|def|2
|cant|p1a: Tyranitar|par
|
|-weather|none
|-heal|p2a: Zamazenta|90/100|[from] item: Leftovers
|upkeep
|turn|19
|
|t:|1758939816
|move|p2a: Zamazenta|Iron Defense|p2a: Zamazenta
|-boost|p2a: Zamazenta|def|2
|move|p1a: Tyranitar|Knock Off|p2a: Zamazenta
|-resisted|p2a: Zamazenta
|-damage|p2a: Zamazenta|78/100
|-enditem|p2a: Zamazenta|Leftovers|[from] move: Knock Off|[of] p1a: Tyranitar
|
|upkeep
|turn|20
|
|t:|1758939821
|move|p2a: Zamazenta|Iron Defense|p2a: Zamazenta
|-boost|p2a: Zamazenta|def|2
|cant|p1a: Tyranitar|par
|
|upkeep
|turn|21
|
|t:|1758939825
|move|p2a: Zamazenta|Body Press|p1a: Tyranitar
|-supereffective|p1a: Tyranitar
|-crit|p1a: Tyranitar
|-damage|p1a: Tyranitar|0 fnt
|faint|p1a: Tyranitar
|
|upkeep
|
|t:|1758939828
|switch|p1a: Kingambit|Kingambit, F|100/100
|-activate|p1a: Kingambit|ability: Supreme Overlord
|-start|p1a: Kingambit|fallen5|[silent]
|turn|22
|
|t:|1758939832
|-terastallize|p1a: Kingambit|Ghost
|move|p2a: Zamazenta|Crunch|p1a: Kingambit
|-supereffective|p1a: Kingambit
|-damage|p1a: Kingambit|60/100
|-unboost|p1a: Kingambit|def|1
|move|p1a: Kingambit|Swords Dance|p1a: Kingambit
|-boost|p1a: Kingambit|atk|2
|
|upkeep
|turn|23
|c|☆dadadadaxiji|luck
|
|t:|1758939844
|move|p2a: Zamazenta|Crunch|p1a: Kingambit
|-supereffective|p1a: Kingambit
|-damage|p1a: Kingambit|7/100
|move|p1a: Kingambit|Low Kick|p2a: Zamazenta
|-damage|p2a: Zamazenta|48/100
|
|upkeep
|turn|24
|c|☆Parker757|i won anyway
|
|t:|1758939853
|move|p1a: Kingambit|Sucker Punch|p2a: Zamazenta
|-resisted|p2a: Zamazenta
|-damage|p2a: Zamazenta|34/100
|move|p2a: Zamazenta|Crunch|p1a: Kingambit
|-supereffective|p1a: Kingambit
|-damage|p1a: Kingambit|0 fnt
|faint|p1a: Kingambit
|-end|p1a: Kingambit|fallen5|[silent]
|
|win|Parker757
|raw|dadadadaxiji's rating: 1725 &rarr; <strong>1704</strong><br />(-21 for losing)
|raw|Parker757's rating: 1702 &rarr; <strong>1723</strong><br />(+21 for winning)
|l|☆dadadadaxiji
|player|p1|
|l|☆Parker757
|player|p2|
