|j|☆Ludibrobro
|j|☆zane0911
|t:|1758985136
|gametype|singles
|player|p1|Ludibrobro|1|1569
|player|p2|zane0911|bede|1562
|gen|9
|tier|[Gen 9] OU
|rated|
|rule|HP Percentage Mod: HP is shown in percentages
|rule|Endless Battle Clause: Forcing endless battles is banned
|rule|Species Clause: Limit one of each Pokémon
|rule|OHKO Clause: OHKO moves are banned
|rule|Evasion Items Clause: Evasion items are banned
|rule|Evasion Moves Clause: Evasion moves are banned
|rule|Evasion Abilities Clause: Evasion abilities are banned
|rule|Sleep Moves Clause: Sleep-inducing moves are banned
|clearpoke
|poke|p1|Typhlosion, F|
|poke|p1|Torkoal, F|
|poke|p1|Hatterene, F|
|poke|p1|Great Tusk|
|poke|p1|Walking Wake|
|poke|p1|Clodsire, M|
|poke|p2|Indeedee, M|
|poke|p2|Hatterene, F|
|poke|p2|Ursaluna, M|
|poke|p2|Iron Hands|
|poke|p2|Hoopa-Unbound|
|poke|p2|Mimikyu, F|
|teampreview
|inactive|Battle timer is ON: inactive players will automatically lose when time's up. (requested by zane0911)
|
|t:|1758985150
|teamsize|p1|6
|teamsize|p2|6
|start
|switch|p1a: Walking Wake|Walking Wake|100/100
|switch|p2a: Mimi 🎭|Mimikyu, F|100/100
|turn|1
|
|t:|1758985155
|move|p1a: Walking Wake|Flip Turn|p2a: Mimi 🎭
|-activate|p2a: Mimi 🎭|ability: Disguise
|-damage|p2a: Mimi 🎭|100/100
|detailschange|p2a: Mimi 🎭|Mimikyu-Busted, F
|-damage|p2a: Mimi 🎭|88/100|[from] pokemon: Mimikyu-Busted
|-enditem|p2a: Mimi 🎭|Red Card|[of] p1a: Walking Wake
|-end|p1a: Walking Wake|Protosynthesis|[silent]
|drag|p1a: Typhlosion|Typhlosion, F|100/100
|move|p2a: Mimi 🎭|Trick Room|p2a: Mimi 🎭
|-fieldstart|move: Trick Room|[of] p2a: Mimi 🎭
|
|upkeep
|turn|2
|
|t:|1758985171
|switch|p2a: LEBRON 🏀|Iron Hands, shiny|100/100
|-enditem|p2a: LEBRON 🏀|Booster Energy
|-activate|p2a: LEBRON 🏀|ability: Quark Drive|[fromitem]
|-start|p2a: LEBRON 🏀|quarkdriveatk
|switch|p1a: Torkoal|Torkoal, F|100/100
|-weather|SunnyDay|[from] ability: Drought|[of] p1a: Torkoal
|
|-weather|SunnyDay|[upkeep]
|upkeep
|turn|3
|
|t:|1758985178
|move|p1a: Torkoal|Stealth Rock|p2a: LEBRON 🏀
|-sidestart|p2: zane0911|move: Stealth Rock
|move|p2a: LEBRON 🏀|Supercell Slam|p1a: Torkoal
|-damage|p1a: Torkoal|53/100
|
|-weather|SunnyDay|[upkeep]
|upkeep
|turn|4
|
|t:|1758985189
|move|p1a: Torkoal|Lava Plume|p2a: LEBRON 🏀
|-damage|p2a: LEBRON 🏀|74/100
|-status|p2a: LEBRON 🏀|brn
|move|p2a: LEBRON 🏀|Close Combat|p1a: Torkoal
|-damage|p1a: Torkoal|25/100
|-unboost|p2a: LEBRON 🏀|def|1
|-unboost|p2a: LEBRON 🏀|spd|1
|
|-weather|SunnyDay|[upkeep]
|-damage|p2a: LEBRON 🏀|67/100 brn|[from] brn
|upkeep
|turn|5
|
|t:|1758985196
|move|p1a: Torkoal|Scorching Sands|p2a: LEBRON 🏀
|-supereffective|p2a: LEBRON 🏀
|-damage|p2a: LEBRON 🏀|33/100 brn
|move|p2a: LEBRON 🏀|Close Combat|p1a: Torkoal
|-damage|p1a: Torkoal|0 fnt
|-unboost|p2a: LEBRON 🏀|def|1
|-unboost|p2a: LEBRON 🏀|spd|1
|faint|p1a: Torkoal
|
|-weather|SunnyDay|[upkeep]
|-damage|p2a: LEBRON 🏀|27/100 brn|[from] brn
|-fieldend|move: Trick Room
|upkeep
|
|t:|1758985209
|switch|p1a: Typhlosion|Typhlosion, F|100/100
|turn|6
|
|t:|1758985213
|move|p1a: Typhlosion|Eruption|p2a: LEBRON 🏀
|-damage|p2a: LEBRON 🏀|0 fnt
|faint|p2a: LEBRON 🏀
|-end|p2a: LEBRON 🏀|Quark Drive|[silent]
|
|-weather|SunnyDay|[upkeep]
|upkeep
|
|t:|1758985215
|switch|p2a: Mimi 🎭|Mimikyu-Busted, F|88/100
|-damage|p2a: Mimi 🎭|76/100|[from] Stealth Rock
|turn|7
|
|t:|1758985223
|-terastallize|p2a: Mimi 🎭|Water
|move|p1a: Typhlosion|Eruption|p2a: Mimi 🎭
|-resisted|p2a: Mimi 🎭
|-damage|p2a: Mimi 🎭|25/100
|move|p2a: Mimi 🎭|Trick Room|p2a: Mimi 🎭
|-fieldstart|move: Trick Room|[of] p2a: Mimi 🎭
|
|-weather|SunnyDay|[upkeep]
|upkeep
|turn|8
|
|t:|1758985236
|switch|p1a: Clodsire|Clodsire, M|100/100
|move|p2a: Mimi 🎭|Curse|p2a: Mimi 🎭
|-unboost|p2a: Mimi 🎭|spe|1
|-boost|p2a: Mimi 🎭|atk|1
|-boost|p2a: Mimi 🎭|def|1
|
|-weather|SunnyDay|[upkeep]
|upkeep
|turn|9
|
|t:|1758985241
|switch|p2a: Blood & Honey 🍯|Ursaluna, M, shiny|100/100
|-damage|p2a: Blood & Honey 🍯|94/100|[from] Stealth Rock
|move|p1a: Clodsire|Earthquake|p2a: Blood & Honey 🍯
|-damage|p2a: Blood & Honey 🍯|75/100
|
|-weather|none
|-status|p2a: Blood & Honey 🍯|brn|[from] item: Flame Orb
|upkeep
|turn|10
|inactive|Ludibrobro has 120 seconds left.
|
|t:|1758985273
|-terastallize|p1a: Clodsire|Bug
|move|p1a: Clodsire|Earthquake|p2a: Blood & Honey 🍯
|-damage|p2a: Blood & Honey 🍯|57/100 brn
|move|p2a: Blood & Honey 🍯|Headlong Rush|p1a: Clodsire
|-resisted|p1a: Clodsire
|-damage|p1a: Clodsire|40/100
|-unboost|p2a: Blood & Honey 🍯|def|1
|-unboost|p2a: Blood & Honey 🍯|spd|1
|
|-heal|p1a: Clodsire|46/100|[from] item: Leftovers
|-damage|p2a: Blood & Honey 🍯|51/100 brn|[from] brn
|upkeep
|turn|11
|inactive|Ludibrobro has 120 seconds left.
|
|t:|1758985284
|move|p1a: Clodsire|Earthquake|p2a: Blood & Honey 🍯
|-damage|p2a: Blood & Honey 🍯|21/100 brn
|move|p2a: Blood & Honey 🍯|Facade|p1a: Clodsire
|-damage|p1a: Clodsire|0 fnt
|faint|p1a: Clodsire
|
|-damage|p2a: Blood & Honey 🍯|15/100 brn|[from] brn
|-fieldend|move: Trick Room
|upkeep
|inactive|Ludibrobro has 120 seconds left.
|
|t:|1758985291
|switch|p1a: Typhlosion|Typhlosion, F|100/100
|turn|12
|
|t:|1758985294
|move|p1a: Typhlosion|Eruption|p2a: Blood & Honey 🍯
|-damage|p2a: Blood & Honey 🍯|0 fnt
|faint|p2a: Blood & Honey 🍯
|
|upkeep
|
|t:|1758985297
|switch|p2a: Alfred 🦇|Indeedee, M|100/100
|-damage|p2a: Alfred 🦇|88/100|[from] Stealth Rock
|-fieldstart|move: Psychic Terrain|[from] ability: Psychic Surge|[of] p2a: Alfred 🦇
|turn|13
|
|t:|1758985308
|move|p1a: Typhlosion|Eruption|p2a: Alfred 🦇
|-damage|p2a: Alfred 🦇|11/100
|move|p2a: Alfred 🦇|Trick Room|p2a: Alfred 🦇
|-fieldstart|move: Trick Room|[of] p2a: Alfred 🦇
|
|upkeep
|turn|14
|
|t:|1758985318
|switch|p1a: Hatterene|Hatterene, F|100/100
|move|p2a: Alfred 🦇|Expanding Force|p1a: Hatterene
|-resisted|p1a: Hatterene
|-damage|p1a: Hatterene|74/100
|
|-heal|p1a: Hatterene|80/100|[from] item: Leftovers
|upkeep
|turn|15
|
|t:|1758985325
|move|p1a: Hatterene|Draining Kiss|p2a: Alfred 🦇
|-damage|p2a: Alfred 🦇|0 fnt
|-heal|p1a: Hatterene|88/100|[from] drain|[of] p2a: Alfred 🦇
|faint|p2a: Alfred 🦇
|
|-heal|p1a: Hatterene|94/100|[from] item: Leftovers
|upkeep
|
|t:|1758985333
|switch|p2a: Dark Magician 🔮|Hoopa-Unbound|100/100
|-damage|p2a: Dark Magician 🔮|88/100|[from] Stealth Rock
|-enditem|p2a: Dark Magician 🔮|Psychic Seed
|-boost|p2a: Dark Magician 🔮|spd|1|[from] item: Psychic Seed
|turn|16
|
|t:|1758985351
|move|p1a: Hatterene|Draining Kiss|p2a: Dark Magician 🔮
|-supereffective|p2a: Dark Magician 🔮
|-damage|p2a: Dark Magician 🔮|66/100
|-heal|p1a: Hatterene|100/100|[from] drain|[of] p2a: Dark Magician 🔮
|move|p2a: Dark Magician 🔮|Expanding Force|p1a: Hatterene
|-resisted|p1a: Hatterene
|-damage|p1a: Hatterene|47/100
|-item|p2a: Dark Magician 🔮|Leftovers|[from] ability: Magician|[of] p1a: Hatterene
|
|-heal|p2a: Dark Magician 🔮|72/100|[from] item: Leftovers
|upkeep
|turn|17
|
|t:|1758985357
|move|p1a: Hatterene|Draining Kiss|p2a: Dark Magician 🔮
|-supereffective|p2a: Dark Magician 🔮
|-damage|p2a: Dark Magician 🔮|50/100
|-heal|p1a: Hatterene|66/100|[from] drain|[of] p2a: Dark Magician 🔮
|move|p2a: Dark Magician 🔮|Expanding Force|p1a: Hatterene
|-resisted|p1a: Hatterene
|-damage|p1a: Hatterene|13/100
|
|-heal|p2a: Dark Magician 🔮|57/100|[from] item: Leftovers
|-fieldend|move: Trick Room
|upkeep
|turn|18
|
|t:|1758985369
|move|p1a: Hatterene|Draining Kiss|p2a: Dark Magician 🔮
|-supereffective|p2a: Dark Magician 🔮
|-damage|p2a: Dark Magician 🔮|34/100
|-heal|p1a: Hatterene|33/100|[from] drain|[of] p2a: Dark Magician 🔮
|move|p2a: Dark Magician 🔮|Trick Room|p2a: Dark Magician 🔮
|-fieldstart|move: Trick Room|[of] p2a: Dark Magician 🔮
|
|-heal|p2a: Dark Magician 🔮|41/100|[from] item: Leftovers
|upkeep
|turn|19
|
|t:|1758985377
|move|p1a: Hatterene|Draining Kiss|p2a: Dark Magician 🔮
|-supereffective|p2a: Dark Magician 🔮
|-damage|p2a: Dark Magician 🔮|15/100
|-heal|p1a: Hatterene|55/100|[from] drain|[of] p2a: Dark Magician 🔮
|move|p2a: Dark Magician 🔮|Expanding Force|p1a: Hatterene
|-resisted|p1a: Hatterene
|-crit|p1a: Hatterene
|-damage|p1a: Hatterene|0 fnt
|faint|p1a: Hatterene
|
|-heal|p2a: Dark Magician 🔮|21/100|[from] item: Leftovers
|upkeep
|
|t:|1758985397
|switch|p1a: Walking Wake|Walking Wake|100/100
|turn|20
|inactive|Ludibrobro has 120 seconds left.
|c|☆zane0911|Cmon
|c|☆zane0911|Hurry
|
|t:|1758985434
|move|p2a: Dark Magician 🔮|Expanding Force|p1a: Walking Wake
|-damage|p1a: Walking Wake|0 fnt
|faint|p1a: Walking Wake
|-end|p1a: Walking Wake|Protosynthesis|[silent]
|
|-heal|p2a: Dark Magician 🔮|27/100|[from] item: Leftovers
|-fieldend|move: Psychic Terrain
|upkeep
|-message|Ludibrobro forfeited.
|
|win|zane0911
|raw|Ludibrobro's rating: 1569 &rarr; <strong>1549</strong><br />(-20 for losing)
|raw|zane0911's rating: 1562 &rarr; <strong>1582</strong><br />(+20 for winning)
|l|☆Ludibrobro
|player|p1|
|l|☆zane0911
|player|p2|
