|j|☆Shibuya Arc
|j|☆Xevaaan_
|t:|1758928407
|gametype|singles
|player|p1|Shibuya Arc|265|1559
|player|p2|Xevaaan_|ghetsis|1518
|gen|9
|tier|[Gen 9] OU
|rated|
|rule|HP Percentage Mod: HP is shown in percentages
|rule|Endless Battle Clause: Forcing endless battles is banned
|rule|Species Clause: Limit one of each Pokémon
|rule|OHKO Clause: OHKO moves are banned
|rule|Evasion Items Clause: Evasion items are banned
|rule|Evasion Moves Clause: Evasion moves are banned
|rule|Evasion Abilities Clause: Evasion abilities are banned
|rule|Sleep Moves Clause: Sleep-inducing moves are banned
|clearpoke
|poke|p1|Dragapult, M|
|poke|p1|Dragonite, F|
|poke|p1|Ting-Lu|
|poke|p1|Weezing-Galar, F|
|poke|p1|Iron Crown|
|poke|p1|Zapdos|
|poke|p2|Iron Crown|
|poke|p2|Landorus-Therian, M|
|poke|p2|Weavile, M|
|poke|p2|Iron Valiant|
|poke|p2|Kingambit, M|
|poke|p2|Heatran, F|
|teampreview
|inactive|Battle timer is ON: inactive players will automatically lose when time's up. (requested by Shibuya Arc)
|
|t:|1758928420
|teamsize|p1|6
|teamsize|p2|6
|start
|switch|p1a: Ting-Lu|Ting-Lu|100/100
|switch|p2a: Weavile|Weavile, M|100/100
|-ability|p2a: Weavile|Pressure
|-ability|p1a: Ting-Lu|Vessel of Ruin
|turn|1
|
|t:|1758928426
|-terastallize|p1a: Ting-Lu|Water
|move|p2a: Weavile|Triple Axel|p1a: Ting-Lu
|-resisted|p1a: Ting-Lu
|-damage|p1a: Ting-Lu|98/100
|-resisted|p1a: Ting-Lu
|-damage|p1a: Ting-Lu|93/100
|-hitcount|p1a: Ting-Lu|2
|move|p1a: Ting-Lu|Ruination|p2a: Weavile
|-damage|p2a: Weavile|51/100
|
|-heal|p1a: Ting-Lu|99/100|[from] item: Leftovers
|upkeep
|turn|2
|
|t:|1758928434
|move|p2a: Weavile|Knock Off|p1a: Ting-Lu
|-damage|p1a: Ting-Lu|73/100
|-enditem|p1a: Ting-Lu|Leftovers|[from] move: Knock Off|[of] p2a: Weavile
|move|p1a: Ting-Lu|Stealth Rock|p2a: Weavile
|-sidestart|p2: Xevaaan_|move: Stealth Rock
|
|upkeep
|turn|3
|
|t:|1758928444
|switch|p2a: Landorus|Landorus-Therian, M|100/100
|-damage|p2a: Landorus|88/100|[from] Stealth Rock
|-ability|p2a: Landorus|Intimidate|boost
|-unboost|p1a: Ting-Lu|atk|1
|move|p1a: Ting-Lu|Earthquake|p2a: Landorus
|-immune|p2a: Landorus
|
|upkeep
|turn|4
|
|t:|1758928450
|move|p2a: Landorus|Grass Knot|p1a: Ting-Lu
|-supereffective|p1a: Ting-Lu
|-damage|p1a: Ting-Lu|50/100
|move|p1a: Ting-Lu|Ruination|p2a: Landorus
|-damage|p2a: Landorus|44/100
|
|upkeep
|turn|5
|
|t:|1758928458
|move|p2a: Landorus|Grass Knot|p1a: Ting-Lu
|-supereffective|p1a: Ting-Lu
|-damage|p1a: Ting-Lu|27/100
|move|p1a: Ting-Lu|Ruination|p2a: Landorus
|-damage|p2a: Landorus|22/100
|
|upkeep
|turn|6
|
|t:|1758928466
|move|p2a: Landorus|Grass Knot|p1a: Ting-Lu
|-supereffective|p1a: Ting-Lu
|-damage|p1a: Ting-Lu|2/100
|move|p1a: Ting-Lu|Earthquake|p2a: Landorus
|-immune|p2a: Landorus
|
|upkeep
|turn|7
|
|t:|1758928472
|move|p2a: Landorus|Grass Knot|p1a: Ting-Lu
|-supereffective|p1a: Ting-Lu
|-damage|p1a: Ting-Lu|0 fnt
|faint|p1a: Ting-Lu
|
|upkeep
|
|t:|1758928479
|switch|p1a: Dragapult|Dragapult, M|100/100
|turn|8
|
|t:|1758928485
|switch|p2a: Kingambit|Kingambit, M|100/100
|-damage|p2a: Kingambit|94/100|[from] Stealth Rock
|move|p1a: Dragapult|Hex|p2a: Kingambit
|-resisted|p2a: Kingambit
|-crit|p2a: Kingambit
|-damage|p2a: Kingambit|72/100
|
|-heal|p2a: Kingambit|79/100|[from] item: Leftovers
|upkeep
|turn|9
|
|t:|1758928495
|-end|p2a: Kingambit|fallenundefined|[silent]
|switch|p2a: Heatran|Heatran, F|100/100
|-damage|p2a: Heatran|88/100|[from] Stealth Rock
|move|p1a: Dragapult|Will-O-Wisp|p2a: Heatran
|-start|p2a: Heatran|ability: Flash Fire
|
|upkeep
|turn|10
|
|t:|1758928500
|move|p1a: Dragapult|U-turn|p2a: Heatran
|-resisted|p2a: Heatran
|-damage|p2a: Heatran|83/100
|
|t:|1758928508
|switch|p1a: Dragonite|Dragonite, F|100/100|[from] U-turn
|move|p2a: Heatran|Flamethrower|p1a: Dragonite
|-resisted|p1a: Dragonite
|-damage|p1a: Dragonite|73/100
|-status|p1a: Dragonite|brn
|
|-damage|p1a: Dragonite|67/100 brn|[from] brn
|upkeep
|turn|11
|
|t:|1758928524
|-end|p2a: Heatran|ability: Flash Fire|[silent]
|switch|p2a: Landorus|Landorus-Therian, M|22/100
|-damage|p2a: Landorus|10/100|[from] Stealth Rock
|-ability|p2a: Landorus|Intimidate|boost
|-unboost|p1a: Dragonite|atk|1
|switch|p1a: Zapdos|Zapdos|100/100
|
|upkeep
|turn|12
|
|t:|1758928532
|move|p2a: Landorus|Stone Edge|p1a: Zapdos
|-supereffective|p1a: Zapdos
|-damage|p1a: Zapdos|15/100
|move|p1a: Zapdos|Heat Wave|p2a: Landorus
|-damage|p2a: Landorus|0 fnt
|faint|p2a: Landorus
|
|upkeep
|
|t:|1758928535
|switch|p2a: Weavile|Weavile, M|51/100
|-ability|p2a: Weavile|Pressure
|turn|13
|
|t:|1758928541
|switch|p1a: Weezing|Weezing-Galar, F|100/100
|-ability|p1a: Weezing|Neutralizing Gas
|move|p2a: Weavile|Ice Shard|p1a: Weezing
|-damage|p1a: Weezing|86/100
|
|upkeep
|turn|14
|
|t:|1758928548
|switch|p2a: Heatran|Heatran, F|83/100
|-damage|p2a: Heatran|71/100|[from] Stealth Rock
|move|p1a: Weezing|Will-O-Wisp|p2a: Heatran
|-immune|p2a: Heatran
|
|upkeep
|turn|15
|
|t:|1758928554
|-end|p1a: Weezing|ability: Neutralizing Gas
|switch|p1a: Dragonite|Dragonite, F|67/100 brn
|move|p2a: Heatran|Flamethrower|p1a: Dragonite
|-resisted|p1a: Dragonite
|-damage|p1a: Dragonite|29/100 brn
|
|-damage|p1a: Dragonite|23/100 brn|[from] brn
|upkeep
|turn|16
|
|t:|1758928568
|switch|p2a: Weavile|Weavile, M|51/100
|-ability|p2a: Weavile|Pressure
|move|p1a: Dragonite|Earthquake|p2a: Weavile
|-damage|p2a: Weavile|16/100
|
|-damage|p1a: Dragonite|17/100 brn|[from] brn
|upkeep
|turn|17
|
|t:|1758928576
|move|p2a: Weavile|Ice Shard|p1a: Dragonite
|-supereffective|p1a: Dragonite
|-damage|p1a: Dragonite|0 fnt
|faint|p1a: Dragonite
|
|upkeep
|
|t:|1758928583
|switch|p1a: Weezing|Weezing-Galar, F|86/100
|-ability|p1a: Weezing|Neutralizing Gas
|turn|18
|
|t:|1758928589
|move|p2a: Weavile|Knock Off|p1a: Weezing
|-resisted|p1a: Weezing
|-damage|p1a: Weezing|71/100
|-enditem|p1a: Weezing|Heavy-Duty Boots|[from] move: Knock Off|[of] p2a: Weavile
|move|p1a: Weezing|Will-O-Wisp|p2a: Weavile
|-status|p2a: Weavile|brn
|
|-damage|p2a: Weavile|10/100 brn|[from] brn
|upkeep
|turn|19
|
|t:|1758928596
|move|p2a: Weavile|Triple Axel|p1a: Weezing|[miss]
|-miss|p2a: Weavile|p1a: Weezing
|move|p1a: Weezing|Toxic Spikes|p2a: Weavile
|-sidestart|p2: Xevaaan_|move: Toxic Spikes
|
|-damage|p2a: Weavile|4/100 brn|[from] brn
|upkeep
|turn|20
|
|t:|1758928602
|move|p2a: Weavile|Triple Axel|p1a: Weezing
|-damage|p1a: Weezing|67/100
|-damage|p1a: Weezing|61/100
|-damage|p1a: Weezing|50/100
|-hitcount|p1a: Weezing|3
|move|p1a: Weezing|Toxic Spikes|p2a: Weavile
|-sidestart|p2: Xevaaan_|move: Toxic Spikes
|
|-damage|p2a: Weavile|0 fnt|[from] brn
|faint|p2a: Weavile
|upkeep
|
|t:|1758928606
|switch|p2a: Iron Crown|Iron Crown|100/100
|-damage|p2a: Iron Crown|94/100|[from] Stealth Rock
|turn|21
|
|t:|1758928612
|move|p2a: Iron Crown|Volt Switch|p1a: Weezing
|-crit|p1a: Weezing
|-damage|p1a: Weezing|0 fnt
|faint|p1a: Weezing
|-end|p1a: Weezing|ability: Neutralizing Gas
|
|t:|1758928614
|-end|p2a: Iron Crown|Quark Drive|[silent]
|switch|p2a: Heatran|Heatran, F|71/100|[from] Volt Switch
|-damage|p2a: Heatran|58/100|[from] Stealth Rock
|
|upkeep
|
|t:|1758928620
|switch|p1a: Zapdos|Zapdos|15/100
|turn|22
|
|t:|1758928630
|move|p1a: Zapdos|Hurricane|p2a: Heatran
|-resisted|p2a: Heatran
|-damage|p2a: Heatran|31/100
|-start|p2a: Heatran|confusion
|-activate|p2a: Heatran|confusion
|move|p2a: Heatran|Flamethrower|p1a: Zapdos
|-damage|p1a: Zapdos|0 fnt
|faint|p1a: Zapdos
|
|upkeep
|
|t:|1758928636
|switch|p1a: Iron Crown|Iron Crown|100/100
|turn|23
|
|t:|1758928641
|-end|p1a: Iron Crown|Quark Drive|[silent]
|switch|p1a: Dragapult|Dragapult, M|100/100
|-activate|p2a: Heatran|confusion
|-damage|p2a: Heatran|23/100|[from] confusion
|
|upkeep
|turn|24
|
|t:|1758928648
|move|p1a: Dragapult|Will-O-Wisp|p2a: Heatran
|-start|p2a: Heatran|ability: Flash Fire
|-activate|p2a: Heatran|confusion
|move|p2a: Heatran|Flamethrower|p1a: Dragapult
|-resisted|p1a: Dragapult
|-damage|p1a: Dragapult|20/100
|
|upkeep
|turn|25
|
|t:|1758928654
|move|p1a: Dragapult|Will-O-Wisp|p2a: Heatran
|-immune|p2a: Heatran|[from] ability: Flash Fire
|-activate|p2a: Heatran|confusion
|-damage|p2a: Heatran|16/100|[from] confusion
|
|upkeep
|turn|26
|c|☆Xevaaan_|??
|
|t:|1758928661
|move|p1a: Dragapult|Will-O-Wisp|p2a: Heatran
|-immune|p2a: Heatran|[from] ability: Flash Fire
|-end|p2a: Heatran|confusion
|move|p2a: Heatran|Flamethrower|p1a: Dragapult
|-resisted|p1a: Dragapult
|-damage|p1a: Dragapult|0 fnt
|faint|p1a: Dragapult
|
|upkeep
|
|t:|1758928666
|switch|p1a: Iron Crown|Iron Crown|100/100
|turn|27
|
|t:|1758928672
|move|p1a: Iron Crown|Psyshock|p2a: Heatran
|-resisted|p2a: Heatran
|-damage|p2a: Heatran|0 fnt
|faint|p2a: Heatran
|
|upkeep
|
|t:|1758928675
|switch|p2a: Kingambit|Kingambit, M|79/100
|-damage|p2a: Kingambit|72/100|[from] Stealth Rock
|-activate|p2a: Kingambit|ability: Supreme Overlord
|-start|p2a: Kingambit|fallen3|[silent]
|turn|28
|
|t:|1758928680
|move|p1a: Iron Crown|Psyshock|p2a: Kingambit
|-immune|p2a: Kingambit
|move|p2a: Kingambit|Kowtow Cleave|p1a: Iron Crown
|-supereffective|p1a: Iron Crown
|-damage|p1a: Iron Crown|0 fnt
|faint|p1a: Iron Crown
|-end|p1a: Iron Crown|Quark Drive|[silent]
|
|win|Xevaaan_
|raw|Shibuya Arc's rating: 1559 &rarr; <strong>1537</strong><br />(-22 for losing)
|raw|Xevaaan_'s rating: 1518 &rarr; <strong>1540</strong><br />(+22 for winning)
