|j|☆zoeinkss
|j|☆Action34
|t:|1758955847
|gametype|singles
|player|p1|zoeinkss|morty|1163
|player|p2|Action34|102|1197
|gen|9
|tier|[Gen 9] OU
|rated|
|rule|HP Percentage Mod: HP is shown in percentages
|rule|Endless Battle Clause: Forcing endless battles is banned
|rule|Species Clause: Limit one of each Pokémon
|rule|OHKO Clause: OHKO moves are banned
|rule|Evasion Items Clause: Evasion items are banned
|rule|Evasion Moves Clause: Evasion moves are banned
|rule|Evasion Abilities Clause: Evasion abilities are banned
|rule|Sleep Moves Clause: Sleep-inducing moves are banned
|clearpoke
|poke|p1|Metagross|
|poke|p1|Typhlosion, F|
|poke|p1|Toxapex, F|
|poke|p1|Hawlucha, M|
|poke|p1|Glimmora, M|
|poke|p1|Noivern, F|
|poke|p2|Dragapult, F|
|poke|p2|Ogerpon-Wellspring, F|
|poke|p2|Zamazenta-*|
|poke|p2|Clefable, F|
|poke|p2|Corviknight, M|
|poke|p2|Ting-Lu|
|teampreview
|inactive|Battle timer is ON: inactive players will automatically lose when time's up. (requested by Action34)
|
|t:|1758955864
|teamsize|p1|6
|teamsize|p2|6
|start
|switch|p1a: Glimmora|Glimmora, M|100/100
|switch|p2a: Ting-Lu|Ting-Lu|100/100
|-ability|p2a: Ting-Lu|Vessel of Ruin
|turn|1
|
|t:|1758955885
|switch|p1a: Noivern|Noivern, F|100/100
|move|p2a: Ting-Lu|Earthquake|p1a: Noivern
|-immune|p1a: Noivern
|
|upkeep
|turn|2
|
|t:|1758955895
|move|p1a: Noivern|Hurricane|p2a: Ting-Lu
|-damage|p2a: Ting-Lu|87/100
|-start|p2a: Ting-Lu|confusion
|-activate|p2a: Ting-Lu|confusion
|move|p2a: Ting-Lu|Rock Tomb|p1a: Noivern
|-supereffective|p1a: Noivern
|-damage|p1a: Noivern|59/100
|-unboost|p1a: Noivern|spe|1
|
|upkeep
|turn|3
|
|t:|1758955920
|switch|p1a: Toxapex|Toxapex, F|100/100
|switch|p2a: Corviknight|Corviknight, M|100/100
|-ability|p2a: Corviknight|Pressure
|
|upkeep
|turn|4
|
|t:|1758955933
|move|p2a: Corviknight|U-turn|p1a: Toxapex
|-resisted|p1a: Toxapex
|-damage|p1a: Toxapex|95/100
|inactive|Action34 has 120 seconds left.
|
|t:|1758955963
|switch|p2a: Clefable|Clefable, F|100/100|[from] U-turn
|move|p1a: Toxapex|Chilling Water|p2a: Clefable
|-damage|p2a: Clefable|93/100
|-unboost|p2a: Clefable|atk|1
|
|-heal|p1a: Toxapex|100/100|[from] item: Black Sludge
|upkeep
|turn|5
|
|t:|1758955974
|switch|p1a: Metagross|Metagross|100/100
|-item|p1a: Metagross|Air Balloon
|move|p2a: Clefable|Stealth Rock|p1a: Metagross
|-sidestart|p1: zoeinkss|move: Stealth Rock
|
|upkeep
|turn|6
|
|t:|1758955986
|switch|p2a: Corviknight|Corviknight, M|100/100
|-ability|p2a: Corviknight|Pressure
|move|p1a: Metagross|Agility|p1a: Metagross
|-boost|p1a: Metagross|spe|2
|
|upkeep
|turn|7
|
|t:|1758955997
|move|p1a: Metagross|Meteor Mash|p2a: Corviknight
|-resisted|p2a: Corviknight
|-damage|p2a: Corviknight|81/100
|-damage|p1a: Metagross|84/100|[from] item: Rocky Helmet|[of] p2a: Corviknight
|move|p2a: Corviknight|Iron Defense|p2a: Corviknight
|-boost|p2a: Corviknight|def|2
|
|upkeep
|turn|8
|
|t:|1758956004
|switch|p1a: Typhlosion|Typhlosion, F|100/100
|-damage|p1a: Typhlosion|76/100|[from] Stealth Rock
|move|p2a: Corviknight|Iron Defense|p2a: Corviknight
|-boost|p2a: Corviknight|def|2
|
|upkeep
|turn|9
|inactive|Action34 has 120 seconds left.
|
|t:|1758956027
|move|p1a: Typhlosion|Fire Blast|p2a: Corviknight
|-supereffective|p2a: Corviknight
|-damage|p2a: Corviknight|0 fnt
|faint|p2a: Corviknight
|
|upkeep
|inactive|Action34 has 120 seconds left.
|
|t:|1758956038
|switch|p2a: Ogerpon|Ogerpon-Wellspring, F|100/100
|turn|10
|inactive|Action34 has 120 seconds left.
|
|t:|1758956071
|move|p2a: Ogerpon|Ivy Cudgel|p1a: Typhlosion|[anim] Ivy Cudgel Water
|-supereffective|p1a: Typhlosion
|-damage|p1a: Typhlosion|0 fnt
|faint|p1a: Typhlosion
|
|upkeep
|
|t:|1758956084
|switch|p1a: Noivern|Noivern, F|59/100
|turn|11
|
|t:|1758956096
|switch|p2a: Clefable|Clefable, F|93/100
|move|p1a: Noivern|Defog|p2a: Clefable
|-unboost|p2a: Clefable|evasion|1
|-sideend|p1: zoeinkss|Stealth Rock|[from] move: Defog|[of] p1a: Noivern
|
|upkeep
|turn|12
|
|t:|1758956109
|switch|p1a: Glimmora|Glimmora, M|100/100
|move|p2a: Clefable|Thunder Wave|p1a: Glimmora
|-status|p1a: Glimmora|par
|
|upkeep
|turn|13
|
|t:|1758956134
|switch|p2a: Ting-Lu|Ting-Lu|87/100
|-ability|p2a: Ting-Lu|Vessel of Ruin
|cant|p1a: Glimmora|par
|
|upkeep
|turn|14
|
|t:|1758956147
|switch|p1a: Hawlucha|Hawlucha, M|100/100
|move|p2a: Ting-Lu|Ruination|p1a: Hawlucha
|-damage|p1a: Hawlucha|51/100
|
|upkeep
|turn|15
|inactive|zoeinkss has 120 seconds left.
|
|t:|1758956173
|switch|p2a: Clefable|Clefable, F|93/100
|-terastallize|p1a: Hawlucha|Fighting
|move|p1a: Hawlucha|Swords Dance|p1a: Hawlucha
|-boost|p1a: Hawlucha|atk|2
|
|upkeep
|turn|16
|inactive|zoeinkss has 120 seconds left.
|inactive|Action34 has 120 seconds left.
|-message|zoeinkss forfeited.
|
|win|Action34
|raw|zoeinkss's rating: 1163 &rarr; <strong>1140</strong><br />(-23 for losing)
|raw|Action34's rating: 1197 &rarr; <strong>1220</strong><br />(+23 for winning)
|l|☆zoeinkss
|player|p1|
|l|☆Action34
|player|p2|
