|j|☆zxcj1221
|j|☆GummyDeino
|t:|1759075758
|gametype|singles
|player|p1|zxcj1221|170|1797
|player|p2|GummyDeino|lady|1726
|gen|9
|tier|[Gen 9] OU
|rated|
|rule|HP Percentage Mod: HP is shown in percentages
|rule|Endless Battle Clause: Forcing endless battles is banned
|rule|Species Clause: Limit one of each Pokémon
|rule|OHKO Clause: OHKO moves are banned
|rule|Evasion Items Clause: Evasion items are banned
|rule|Evasion Moves Clause: Evasion moves are banned
|rule|Evasion Abilities Clause: Evasion abilities are banned
|rule|Sleep Moves Clause: Sleep-inducing moves are banned
|clearpoke
|poke|p1|Pelipper, F|
|poke|p1|Greninja-*, M|
|poke|p1|Basculegion, M|
|poke|p1|Sandy Shocks|
|poke|p1|Manaphy|
|poke|p1|Araquanid, F|
|poke|p2|Indeedee, M|
|poke|p2|Hatterene, F|
|poke|p2|Ursaluna, F|
|poke|p2|Iron Hands|
|poke|p2|Hoopa-Unbound|
|poke|p2|Mimikyu, F|
|teampreview
|inactive|Battle timer is ON: inactive players will automatically lose when time's up. (requested by GummyDeino)
|
|t:|1759075768
|teamsize|p1|6
|teamsize|p2|6
|start
|switch|p1a: Pelipper|Pelipper, F|100/100
|switch|p2a: Catch These Hands|Iron Hands, shiny|100/100
|-weather|RainDance|[from] ability: Drizzle|[of] p1a: Pelipper
|-enditem|p2a: Catch These Hands|Booster Energy
|-activate|p2a: Catch These Hands|ability: Quark Drive|[fromitem]
|-start|p2a: Catch These Hands|quarkdriveatk
|turn|1
|
|t:|1759075776
|-terastallize|p1a: Pelipper|Ground
|move|p1a: Pelipper|Hurricane|p2a: Catch These Hands
|-damage|p2a: Catch These Hands|61/100
|move|p2a: Catch These Hands|Supercell Slam|p1a: Pelipper
|-immune|p1a: Pelipper
|-damage|p2a: Catch These Hands|11/100|[from] supercellslam
|
|-weather|RainDance|[upkeep]
|upkeep
|turn|2
|
|t:|1759075789
|-end|p2a: Catch These Hands|Quark Drive|[silent]
|switch|p2a: Ayo Doc Heal Me|Indeedee, M, shiny|100/100
|-fieldstart|move: Psychic Terrain|[from] ability: Psychic Surge|[of] p2a: Ayo Doc Heal Me
|move|p1a: Pelipper|U-turn|p2a: Ayo Doc Heal Me
|-supereffective|p2a: Ayo Doc Heal Me
|-damage|p2a: Ayo Doc Heal Me|81/100
|
|t:|1759075793
|switch|p1a: Manaphy|Manaphy|100/100|[from] U-turn
|
|-weather|RainDance|[upkeep]
|upkeep
|turn|3
|
|t:|1759075799
|move|p1a: Manaphy|Tail Glow|p1a: Manaphy
|-boost|p1a: Manaphy|spa|3
|move|p2a: Ayo Doc Heal Me|Trick Room|p2a: Ayo Doc Heal Me
|-fieldstart|move: Trick Room|[of] p2a: Ayo Doc Heal Me
|
|-weather|RainDance|[upkeep]
|upkeep
|turn|4
|
|t:|1759075803
|move|p2a: Ayo Doc Heal Me|Encore|p1a: Manaphy
|-start|p1a: Manaphy|Encore
|move|p1a: Manaphy|Tail Glow|p1a: Manaphy
|-boost|p1a: Manaphy|spa|3
|
|-weather|RainDance|[upkeep]
|upkeep
|turn|5
|
|t:|1759075811
|switch|p2a: Hattsune Miku|Hatterene, F, shiny|100/100
|switch|p1a: Sandy Shocks|Sandy Shocks|100/100
|-enditem|p1a: Sandy Shocks|Booster Energy
|-activate|p1a: Sandy Shocks|ability: Protosynthesis|[fromitem]
|-start|p1a: Sandy Shocks|protosynthesisspe
|
|-weather|RainDance|[upkeep]
|upkeep
|turn|6
|
|t:|1759075824
|move|p2a: Hattsune Miku|Expanding Force|p1a: Sandy Shocks
|-damage|p1a: Sandy Shocks|0 fnt
|faint|p1a: Sandy Shocks
|-end|p1a: Sandy Shocks|Protosynthesis|[silent]
|-damage|p2a: Hattsune Miku|91/100|[from] item: Life Orb
|
|-weather|RainDance|[upkeep]
|upkeep
|
|t:|1759075831
|switch|p1a: Araquanid|Araquanid, F|100/100
|turn|7
|
|t:|1759075834
|move|p2a: Hattsune Miku|Expanding Force|p1a: Araquanid
|-damage|p1a: Araquanid|25/100
|-damage|p2a: Hattsune Miku|81/100|[from] item: Life Orb
|move|p1a: Araquanid|Endeavor|p2a: Hattsune Miku
|-damage|p2a: Hattsune Miku|26/100
|
|-weather|RainDance|[upkeep]
|-fieldend|move: Trick Room
|upkeep
|turn|8
|-enditem|p1a: Araquanid|Custap Berry|[eat]
|-activate|p1a: Araquanid|item: Custap Berry|[consumed]
|
|t:|1759075842
|switch|p2a: Mimi :3|Mimikyu, F, shiny|100/100
|move|p1a: Araquanid|Liquidation|p2a: Mimi :3
|-activate|p2a: Mimi :3|ability: Disguise
|-damage|p2a: Mimi :3|100/100
|detailschange|p2a: Mimi :3|Mimikyu-Busted, F, shiny
|-damage|p2a: Mimi :3|88/100|[from] pokemon: Mimikyu-Busted
|-enditem|p2a: Mimi :3|Red Card|[of] p1a: Araquanid
|drag|p1a: Greninja|Greninja, M|100/100
|
|-weather|none
|upkeep
|turn|9
|
|t:|1759075854
|switch|p1a: Pelipper|Pelipper, F, tera:Ground|100/100
|-weather|RainDance|[from] ability: Drizzle|[of] p1a: Pelipper
|move|p2a: Mimi :3|Trick Room|p2a: Mimi :3
|-fieldstart|move: Trick Room|[of] p2a: Mimi :3
|
|-weather|RainDance|[upkeep]
|-fieldend|move: Psychic Terrain
|upkeep
|turn|10
|
|t:|1759075860
|switch|p1a: Araquanid|Araquanid, F|25/100
|move|p2a: Mimi :3|Curse|p1a: Araquanid
|-start|p1a: Araquanid|Curse|[of] p2a: Mimi :3
|-damage|p2a: Mimi :3|38/100
|
|-weather|RainDance|[upkeep]
|-damage|p1a: Araquanid|0 fnt|[from] Curse
|faint|p1a: Araquanid
|upkeep
|
|t:|1759075871
|switch|p1a: Manaphy|Manaphy|100/100
|turn|11
|
|t:|1759075877
|move|p2a: Mimi :3|Curse|p1a: Manaphy
|-start|p1a: Manaphy|Curse|[of] p2a: Mimi :3
|-damage|p2a: Mimi :3|0 fnt
|faint|p2a: Mimi :3
|move|p1a: Manaphy|Tail Glow|p1a: Manaphy
|-boost|p1a: Manaphy|spa|3
|
|-weather|RainDance|[upkeep]
|-damage|p1a: Manaphy|75/100|[from] Curse
|upkeep
|j| wgw2333
|
|t:|1759075889
|switch|p2a: 5 Nights In TR|Ursaluna, F, shiny|100/100
|turn|12
|
|t:|1759075892
|move|p2a: 5 Nights In TR|Supercell Slam|p1a: Manaphy
|-supereffective|p1a: Manaphy
|-damage|p1a: Manaphy|10/100
|move|p1a: Manaphy|Surf|p2a: 5 Nights In TR
|-supereffective|p2a: 5 Nights In TR
|-damage|p2a: 5 Nights In TR|0 fnt
|faint|p2a: 5 Nights In TR
|
|-weather|RainDance|[upkeep]
|-damage|p1a: Manaphy|0 fnt|[from] Curse
|faint|p1a: Manaphy
|upkeep
|l| wgw2333
|
|t:|1759075903
|switch|p2a: Ayo Doc Heal Me|Indeedee, M, shiny|81/100
|switch|p1a: Basculegion|Basculegion, M|100/100
|-fieldstart|move: Psychic Terrain|[from] ability: Psychic Surge|[of] p2a: Ayo Doc Heal Me
|turn|13
|
|t:|1759075912
|move|p2a: Ayo Doc Heal Me|Expanding Force|p1a: Basculegion
|-damage|p1a: Basculegion|39/100
|move|p1a: Basculegion|Wave Crash|p2a: Ayo Doc Heal Me
|-damage|p2a: Ayo Doc Heal Me|0 fnt
|faint|p2a: Ayo Doc Heal Me
|-damage|p1a: Basculegion|17/100|[from] Recoil
|
|-weather|RainDance|[upkeep]
|-fieldend|move: Trick Room
|upkeep
|
|t:|1759075921
|switch|p2a: Catch These Hands|Iron Hands, shiny|11/100
|turn|14
|j| 21stCenturyB0y
|
|t:|1759075925
|move|p1a: Basculegion|Wave Crash|p2a: Catch These Hands
|-damage|p2a: Catch These Hands|0 fnt
|faint|p2a: Catch These Hands
|-end|p2a: Catch These Hands|Quark Drive|[silent]
|-damage|p1a: Basculegion|12/100|[from] Recoil
|
|-weather|RainDance|[upkeep]
|upkeep
|
|t:|1759075931
|switch|p2a: Hattsune Miku|Hatterene, F, shiny|26/100
|turn|15
|
|t:|1759075936
|move|p1a: Basculegion|Wave Crash|p2a: Hattsune Miku
|-damage|p2a: Hattsune Miku|0 fnt
|faint|p2a: Hattsune Miku
|-damage|p1a: Basculegion|5/100|[from] Recoil
|
|-weather|RainDance|[upkeep]
|upkeep
|
|t:|1759075942
|switch|p2a: Sukuna|Hoopa-Unbound|100/100
|-enditem|p2a: Sukuna|Psychic Seed
|-boost|p2a: Sukuna|spd|1|[from] item: Psychic Seed
|turn|16
|
|t:|1759075946
|move|p1a: Basculegion|Wave Crash|p2a: Sukuna
|-damage|p2a: Sukuna|0 fnt
|faint|p2a: Sukuna
|-damage|p1a: Basculegion|0 fnt|[from] Recoil
|faint|p1a: Basculegion
|
|win|zxcj1221
|raw|zxcj1221's rating: 1797 &rarr; <strong>1813</strong><br />(+16 for winning)
|raw|GummyDeino's rating: 1726 &rarr; <strong>1710</strong><br />(-16 for losing)
|l|☆GummyDeino
|player|p2|
|l|☆zxcj1221
|player|p1|
|l| 21stCenturyB0y
