|j|☆NayNaySenpai
|j|☆gseheshehses
|t:|1759037782
|gametype|singles
|player|p1|NayNaySenpai|101|1000
|player|p2|gseheshehses|266|1029
|gen|9
|tier|[Gen 9] OU
|rated|
|rule|HP Percentage Mod: HP is shown in percentages
|rule|Endless Battle Clause: Forcing endless battles is banned
|rule|Species Clause: Limit one of each Pokémon
|rule|OHKO Clause: OHKO moves are banned
|rule|Evasion Items Clause: Evasion items are banned
|rule|Evasion Moves Clause: Evasion moves are banned
|rule|Evasion Abilities Clause: Evasion abilities are banned
|rule|Sleep Moves Clause: Sleep-inducing moves are banned
|clearpoke
|poke|p1|Iron Moth|
|poke|p1|Hatterene, F|
|poke|p1|Dragapult, F|
|poke|p1|Cacturne, F|
|poke|p1|Froslass, F|
|poke|p1|Mienshao, F|
|poke|p2|Rhyperior, F|
|poke|p2|Cinderace, M|
|poke|p2|Sceptile, M|
|poke|p2|Galvantula, M|
|poke|p2|Flygon, F|
|poke|p2|Malamar, F|
|teampreview
|inactive|Battle timer is ON: inactive players will automatically lose when time's up. (requested by gseheshehses)
|
|t:|1759037807
|teamsize|p1|6
|teamsize|p2|6
|start
|switch|p1a: Vanilla Ice|Froslass, F|100/100
|switch|p2a: Galvantula|Galvantula, M|100/100
|turn|1
|
|t:|1759037812
|move|p1a: Vanilla Ice|Taunt|p2a: Galvantula
|-start|p2a: Galvantula|move: Taunt
|cant|p2a: Galvantula|move: Taunt|Sticky Web
|
|upkeep
|turn|2
|
|t:|1759037818
|move|p1a: Vanilla Ice|Spikes|p2a: Galvantula
|-sidestart|p2: gseheshehses|Spikes
|move|p2a: Galvantula|Volt Switch|p1a: Vanilla Ice
|-damage|p1a: Vanilla Ice|52/100
|
|t:|1759037822
|switch|p2a: Cinderace|Cinderace, M|100/100|[from] Volt Switch
|
|upkeep
|turn|3
|
|t:|1759037830
|switch|p1a: Hag Era|Hatterene, F|100/100
|move|p2a: Cinderace|Pyro Ball|p1a: Hag Era|[miss]
|-miss|p2a: Cinderace|p1a: Hag Era
|
|upkeep
|turn|4
|
|t:|1759037837
|move|p2a: Cinderace|U-turn|p1a: Hag Era
|-damage|p1a: Hag Era|81/100
|
|t:|1759037839
|switch|p2a: Galvantula|Galvantula, M|100/100|[from] U-turn
|-damage|p2a: Galvantula|88/100|[from] Spikes
|move|p1a: Hag Era|Calm Mind|p1a: Hag Era
|-boost|p1a: Hag Era|spa|1
|-boost|p1a: Hag Era|spd|1
|
|-heal|p1a: Hag Era|87/100|[from] item: Leftovers
|upkeep
|turn|5
|
|t:|1759037848
|move|p2a: Galvantula|Sticky Web|p1a: Hag Era
|move|p1a: Hag Era|Sticky Web|p2a: Galvantula|[from] ability: Magic Bounce
|-sidestart|p2: gseheshehses|move: Sticky Web
|move|p1a: Hag Era|Calm Mind|p1a: Hag Era
|-boost|p1a: Hag Era|spa|1
|-boost|p1a: Hag Era|spd|1
|
|-heal|p1a: Hag Era|93/100|[from] item: Leftovers
|upkeep
|turn|6
|
|t:|1759037861
|switch|p2a: Flygon|Flygon, F|100/100
|move|p1a: Hag Era|Mystical Fire|p2a: Flygon
|-resisted|p2a: Flygon
|-damage|p2a: Flygon|68/100
|-unboost|p2a: Flygon|spa|1
|
|-heal|p1a: Hag Era|99/100|[from] item: Leftovers
|upkeep
|turn|7
|
|t:|1759037870
|move|p2a: Flygon|Earthquake|p1a: Hag Era
|-damage|p1a: Hag Era|45/100
|-damage|p2a: Flygon|58/100|[from] item: Life Orb
|move|p1a: Hag Era|Draining Kiss|p2a: Flygon
|-supereffective|p2a: Flygon
|-damage|p2a: Flygon|0 fnt
|-heal|p1a: Hag Era|87/100|[from] drain|[of] p2a: Flygon
|faint|p2a: Flygon
|
|-heal|p1a: Hag Era|93/100|[from] item: Leftovers
|upkeep
|
|t:|1759037873
|switch|p2a: Cinderace|Cinderace, M|100/100
|turn|8
|
|t:|1759037882
|move|p2a: Cinderace|Pyro Ball|p1a: Hag Era
|-damage|p1a: Hag Era|41/100
|move|p1a: Hag Era|Psychic Noise|p2a: Cinderace
|-damage|p2a: Cinderace|0 fnt
|faint|p2a: Cinderace
|
|-heal|p1a: Hag Era|47/100|[from] item: Leftovers
|upkeep
|
|t:|1759037885
|switch|p2a: Malamar|Malamar, F|100/100
|-damage|p2a: Malamar|88/100|[from] Spikes
|-activate|p2a: Malamar|move: Sticky Web
|-boost|p2a: Malamar|spe|1
|turn|9
|
|t:|1759037892
|-terastallize|p2a: Malamar|Stellar
|move|p2a: Malamar|Tera Blast|p1a: Hag Era|[anim] Tera Blast Stellar
|-damage|p1a: Hag Era|17/100
|-boost|p2a: Malamar|atk|1
|-boost|p2a: Malamar|spa|1
|move|p1a: Hag Era|Draining Kiss|p2a: Malamar
|-supereffective|p2a: Malamar
|-damage|p2a: Malamar|0 fnt
|-heal|p1a: Hag Era|82/100|[from] drain|[of] p2a: Malamar
|faint|p2a: Malamar
|
|-heal|p1a: Hag Era|88/100|[from] item: Leftovers
|upkeep
|-message|gseheshehses forfeited.
|
|win|NayNaySenpai
|raw|NayNaySenpai's rating: 1000 &rarr; <strong>1043</strong><br />(+43 for winning)
|raw|gseheshehses's rating: 1029 &rarr; <strong>1013</strong><br />(-16 for losing)
|l|☆gseheshehses
|player|p2|
