|j|☆deusyancha
|j|☆sauce squad
|t:|1759031154
|gametype|singles
|player|p1|deusyancha|hiker|1434
|player|p2|sauce squad|clown|1483
|gen|9
|tier|[Gen 9] OU
|rated|
|rule|HP Percentage Mod: HP is shown in percentages
|rule|Endless Battle Clause: Forcing endless battles is banned
|rule|Species Clause: Limit one of each Pokémon
|rule|OHKO Clause: OHKO moves are banned
|rule|Evasion Items Clause: Evasion items are banned
|rule|Evasion Moves Clause: Evasion moves are banned
|rule|Evasion Abilities Clause: Evasion abilities are banned
|rule|Sleep Moves Clause: Sleep-inducing moves are banned
|clearpoke
|poke|p1|Kingdra, F|
|poke|p1|Ribombee, M|
|poke|p1|Garchomp, M|
|poke|p1|Gholdengo|
|poke|p1|Great Tusk|
|poke|p1|Clefable, M|
|poke|p2|Greninja-*, M|
|poke|p2|Trevenant, F|
|poke|p2|Walking Wake|
|poke|p2|Great Tusk|
|poke|p2|Ninetales, F|
|poke|p2|Raging Bolt|
|teampreview
|
|t:|1759031159
|teamsize|p1|6
|teamsize|p2|6
|start
|switch|p1a: Ribombee|Ribombee, M|100/100
|switch|p2a: Ninetales|Ninetales, F|100/100
|-weather|SunnyDay|[from] ability: Drought|[of] p2a: Ninetales
|turn|1
|
|t:|1759031178
|switch|p2a: Trevenant|Trevenant, F|100/100
|move|p1a: Ribombee|Sticky Web|p2a: Trevenant
|-sidestart|p2: sauce squad|move: Sticky Web
|
|-weather|SunnyDay|[upkeep]
|upkeep
|turn|2
|
|t:|1759031185
|switch|p1a: Clefable|Clefable, M|100/100
|move|p2a: Trevenant|Growth|p2a: Trevenant
|-boost|p2a: Trevenant|atk|2
|-boost|p2a: Trevenant|spa|2
|
|-weather|SunnyDay|[upkeep]
|upkeep
|turn|3
|
|t:|1759031188
|move|p2a: Trevenant|Poltergeist|p1a: Clefable
|-activate|p1a: Clefable|move: Poltergeist|Leftovers
|-damage|p1a: Clefable|23/100
|move|p1a: Clefable|Thunder Wave|p2a: Trevenant
|-status|p2a: Trevenant|par
|
|-weather|SunnyDay|[upkeep]
|-heal|p1a: Clefable|29/100|[from] item: Leftovers
|upkeep
|turn|4
|
|t:|1759031197
|move|p1a: Clefable|Stealth Rock|p2a: Trevenant
|-sidestart|p2: sauce squad|move: Stealth Rock
|move|p2a: Trevenant|Horn Leech|p1a: Clefable
|-damage|p1a: Clefable|0 fnt
|faint|p1a: Clefable
|
|-weather|SunnyDay|[upkeep]
|upkeep
|
|t:|1759031207
|switch|p1a: Gholdengo|Gholdengo|100/100
|turn|5
|
|t:|1759031211
|move|p2a: Trevenant|Sucker Punch|p1a: Gholdengo
|-supereffective|p1a: Gholdengo
|-damage|p1a: Gholdengo|0 fnt
|faint|p1a: Gholdengo
|
|-weather|SunnyDay|[upkeep]
|upkeep
|
|t:|1759031241
|switch|p1a: Garchomp|Garchomp, M|100/100
|turn|6
|
|t:|1759031245
|move|p1a: Garchomp|Swords Dance|p1a: Garchomp
|-boost|p1a: Garchomp|atk|2
|move|p2a: Trevenant|Horn Leech|p1a: Garchomp
|-damage|p1a: Garchomp|37/100
|-damage|p2a: Trevenant|88/100 par|[from] ability: Rough Skin|[of] p1a: Garchomp
|
|-weather|SunnyDay|[upkeep]
|upkeep
|turn|7
|
|t:|1759031249
|move|p2a: Trevenant|Sucker Punch|p1a: Garchomp
|-damage|p1a: Garchomp|0 fnt
|-damage|p2a: Trevenant|75/100 par|[from] ability: Rough Skin|[of] p1a: Garchomp
|faint|p1a: Garchomp
|
|-weather|SunnyDay|[upkeep]
|upkeep
|-message|deusyancha forfeited.
|
|win|sauce squad
|raw|deusyancha's rating: 1434 &rarr; <strong>1417</strong><br />(-17 for losing)
|raw|sauce squad's rating: 1483 &rarr; <strong>1500</strong><br />(+17 for winning)
|l|☆deusyancha
|player|p1|
