|j|☆Carletous
|j|☆GorgeousGal
|t:|1759056095
|gametype|singles
|player|p1|Carletous|102|1371
|player|p2|GorgeousGal|101|1400
|gen|9
|tier|[Gen 9] OU
|rated|
|rule|HP Percentage Mod: HP is shown in percentages
|rule|Endless Battle Clause: Forcing endless battles is banned
|rule|Species Clause: Limit one of each Pokémon
|rule|OHKO Clause: OHKO moves are banned
|rule|Evasion Items Clause: Evasion items are banned
|rule|Evasion Moves Clause: Evasion moves are banned
|rule|Evasion Abilities Clause: Evasion abilities are banned
|rule|Sleep Moves Clause: Sleep-inducing moves are banned
|clearpoke
|poke|p1|Glimmora, F|
|poke|p1|Ninetales-Alola, M|
|poke|p1|Lucario, M|
|poke|p1|Samurott-Hisui, M|
|poke|p1|Skeledirge, M|
|poke|p1|Salamence, M|
|poke|p2|Ogerpon-Wellspring, F|
|poke|p2|Cloyster, F|
|poke|p2|Ninetales-Alola, F|
|poke|p2|Polteageist|
|poke|p2|Iron Treads|
|poke|p2|Dragonite, M|
|teampreview
|inactive|Battle timer is ON: inactive players will automatically lose when time's up. (requested by GorgeousGal)
|
|t:|1759056105
|teamsize|p1|6
|teamsize|p2|6
|start
|switch|p1a: Samurott|Samurott-Hisui, M, shiny|100/100
|switch|p2a: Ninetales|Ninetales-Alola, F|100/100
|-weather|Snowscape|[from] ability: Snow Warning|[of] p2a: Ninetales
|turn|1
|
|t:|1759056113
|move|p1a: Samurott|Knock Off|p2a: Ninetales
|-resisted|p2a: Ninetales
|-damage|p2a: Ninetales|76/100
|-enditem|p2a: Ninetales|Light Clay|[from] move: Knock Off|[of] p1a: Samurott
|move|p2a: Ninetales|Moonblast|p1a: Samurott
|-supereffective|p1a: Samurott
|-damage|p1a: Samurott|0 fnt
|faint|p1a: Samurott
|
|-weather|Snowscape|[upkeep]
|upkeep
|j| Jakub666
|l| Jakub666
|
|t:|1759056131
|switch|p1a: Skeledirge|Skeledirge, M|100/100
|turn|2
|
|t:|1759056136
|move|p2a: Ninetales|Aurora Veil|p2a: Ninetales
|-sidestart|p2: GorgeousGal|move: Aurora Veil
|move|p1a: Skeledirge|Torch Song|p2a: Ninetales
|-supereffective|p2a: Ninetales
|-damage|p2a: Ninetales|41/100
|-boost|p1a: Skeledirge|spa|1
|
|-weather|Snowscape|[upkeep]
|upkeep
|turn|3
|
|t:|1759056145
|switch|p2a: Ogerpon|Ogerpon-Wellspring, F|100/100
|move|p1a: Skeledirge|Torch Song|p2a: Ogerpon
|-damage|p2a: Ogerpon|74/100
|-boost|p1a: Skeledirge|spa|1
|
|-weather|Snowscape|[upkeep]
|upkeep
|turn|4
|
|t:|1759056153
|-terastallize|p1a: Skeledirge|Fairy
|move|p2a: Ogerpon|Ivy Cudgel|p1a: Skeledirge|[anim] Ivy Cudgel Water
|-damage|p1a: Skeledirge|67/100
|move|p1a: Skeledirge|Will-O-Wisp|p2a: Ogerpon
|-status|p2a: Ogerpon|brn
|
|-weather|Snowscape|[upkeep]
|-heal|p1a: Skeledirge|73/100|[from] item: Leftovers
|-damage|p2a: Ogerpon|68/100 brn|[from] brn
|upkeep
|turn|5
|
|t:|1759056170
|switch|p2a: Ninetales|Ninetales-Alola, F|41/100
|move|p1a: Skeledirge|Torch Song|p2a: Ninetales
|-supereffective|p2a: Ninetales
|-damage|p2a: Ninetales|0 fnt
|-boost|p1a: Skeledirge|spa|1
|faint|p2a: Ninetales
|
|-weather|none
|-heal|p1a: Skeledirge|79/100|[from] item: Leftovers
|upkeep
|
|t:|1759056178
|switch|p2a: Iron Treads|Iron Treads|100/100
|-enditem|p2a: Iron Treads|Booster Energy
|-activate|p2a: Iron Treads|ability: Quark Drive|[fromitem]
|-start|p2a: Iron Treads|quarkdrivespe
|turn|6
|
|t:|1759056187
|move|p2a: Iron Treads|Steel Beam|p1a: Skeledirge
|-supereffective|p1a: Skeledirge
|-damage|p1a: Skeledirge|0 fnt
|-damage|p2a: Iron Treads|50/100|[from] steelbeam
|faint|p1a: Skeledirge
|
|-sideend|p2: GorgeousGal|move: Aurora Veil
|upkeep
|
|t:|1759056211
|switch|p1a: Salamence|Salamence, M|100/100
|turn|7
|
|t:|1759056219
|move|p2a: Iron Treads|Stealth Rock|p1a: Salamence
|-sidestart|p1: Carletous|move: Stealth Rock
|move|p1a: Salamence|Earthquake|p2a: Iron Treads
|-supereffective|p2a: Iron Treads
|-damage|p2a: Iron Treads|0 fnt
|faint|p2a: Iron Treads
|-end|p2a: Iron Treads|Quark Drive|[silent]
|-ability|p1a: Salamence|Moxie|boost
|-boost|p1a: Salamence|atk|1
|
|upkeep
|
|t:|1759056225
|switch|p2a: Cloyster|Cloyster, F|100/100
|turn|8
|
|t:|1759056231
|move|p1a: Salamence|Outrage|p2a: Cloyster
|-damage|p2a: Cloyster|15/100
|move|p2a: Cloyster|Shell Smash|p2a: Cloyster
|-unboost|p2a: Cloyster|def|1
|-unboost|p2a: Cloyster|spd|1
|-boost|p2a: Cloyster|atk|2
|-boost|p2a: Cloyster|spa|2
|-boost|p2a: Cloyster|spe|2
|
|upkeep
|turn|9
|
|t:|1759056242
|move|p2a: Cloyster|Icicle Spear|p1a: Salamence
|-supereffective|p1a: Salamence
|-damage|p1a: Salamence|0 fnt
|faint|p1a: Salamence
|-hitcount|p1: Salamence|1
|
|upkeep
|
|t:|1759056249
|switch|p1a: Lucario|Lucario, M|100/100
|-damage|p1a: Lucario|98/100|[from] Stealth Rock
|turn|10
|
|t:|1759056253
|switch|p2a: Polteageist|Polteageist|100/100
|move|p1a: Lucario|Extreme Speed|p2a: Polteageist
|-immune|p2a: Polteageist
|
|upkeep
|turn|11
|
|t:|1759056260
|move|p1a: Lucario|Swords Dance|p1a: Lucario
|-boost|p1a: Lucario|atk|2
|move|p2a: Polteageist|Shell Smash|p2a: Polteageist
|-unboost|p2a: Polteageist|def|1
|-unboost|p2a: Polteageist|spd|1
|-boost|p2a: Polteageist|atk|2
|-boost|p2a: Polteageist|spa|2
|-boost|p2a: Polteageist|spe|2
|-enditem|p2a: Polteageist|White Herb
|-clearnegativeboost|p2a: Polteageist|[silent]
|
|upkeep
|turn|12
|
|t:|1759056270
|move|p2a: Polteageist|Strength Sap|p1a: Lucario
|-unboost|p1a: Lucario|atk|1
|move|p1a: Lucario|Shadow Claw|p2a: Polteageist
|-supereffective|p2a: Polteageist
|-damage|p2a: Polteageist|22/100
|-start|p1a: Lucario|Disable|Shadow Claw|[from] ability: Cursed Body|[of] p2a: Polteageist
|
|upkeep
|turn|13
|-message|Carletous forfeited.
|
|win|GorgeousGal
|raw|Carletous's rating: 1371 &rarr; <strong>1353</strong><br />(-18 for losing)
|raw|GorgeousGal's rating: 1400 &rarr; <strong>1418</strong><br />(+18 for winning)
|l|☆Carletous
|player|p1|
|l|☆GorgeousGal
|player|p2|
