|badge|p1|bronze|gen9ou|100-6
|html|<div class="broadcast-red"><strong>This battle is required to be public due to one or more player having a season medal.</strong><br />During the public phase, you can discuss the state of the ladder <a href="/seasondiscussion">in a special chatroom.</a></div>
|uhtml|medal-msg|<div class="broadcast-blue">Curious what those medals under the avatar are? PS now has Ladder Seasons! For more information, check out the <a href="https://www.smogon.com/forums/threads/3740067/">thread on Smogon.</a></div>
|raw|<div class="broadcast-blue"><strong>This battle is required to be public due to a player having a name starting with 'medal'.</div>
|j|‽JackRG1
|j|☆osiris seth
|t:|1759004641
|gametype|singles
|player|p1|JackRG1|dawn-gen4pt|1880
|player|p2|osiris seth|psychicf-gen4|1875
|gen|9
|tier|[Gen 9] OU
|rated|
|rule|HP Percentage Mod: HP is shown in percentages
|rule|Endless Battle Clause: Forcing endless battles is banned
|rule|Species Clause: Limit one of each Pokémon
|rule|OHKO Clause: OHKO moves are banned
|rule|Evasion Items Clause: Evasion items are banned
|rule|Evasion Moves Clause: Evasion moves are banned
|rule|Evasion Abilities Clause: Evasion abilities are banned
|rule|Sleep Moves Clause: Sleep-inducing moves are banned
|clearpoke
|poke|p1|Weezing-Galar, M|
|poke|p1|Ting-Lu|
|poke|p1|Corviknight, F|
|poke|p1|Skeledirge, F|
|poke|p1|Dragapult, F|
|poke|p1|Ogerpon-Wellspring, F|
|poke|p2|Gliscor, F|
|poke|p2|Gholdengo|
|poke|p2|Ninetales-Alola, F|
|poke|p2|Deoxys-Speed|
|poke|p2|Ogerpon-Wellspring, F|
|poke|p2|Dragapult, M|
|teampreview
|inactive|Battle timer is ON: inactive players will automatically lose when time's up. (requested by JackRG1)
|j| larp legion
|
|t:|1759004665
|teamsize|p1|6
|teamsize|p2|6
|start
|switch|p1a: Ting-Lu|Ting-Lu, shiny|100/100
|switch|p2a: Ninetales|Ninetales-Alola, F|100/100
|-weather|Snowscape|[from] ability: Snow Warning|[of] p2a: Ninetales
|-ability|p1a: Ting-Lu|Vessel of Ruin
|turn|1
|
|t:|1759004670
|move|p2a: Ninetales|Freeze-Dry|p1a: Ting-Lu
|-supereffective|p1a: Ting-Lu
|-damage|p1a: Ting-Lu|83/100
|move|p1a: Ting-Lu|Stealth Rock|p2a: Ninetales
|-sidestart|p2: osiris seth|move: Stealth Rock
|
|-weather|Snowscape|[upkeep]
|-heal|p1a: Ting-Lu|89/100|[from] item: Leftovers
|upkeep
|turn|2
|
|t:|1759004673
|switch|p1a: Skeledirge|Skeledirge, F|100/100
|move|p2a: Ninetales|Encore||[still]
|-fail|p2a: Ninetales
|
|-weather|Snowscape|[upkeep]
|upkeep
|turn|3
|
|t:|1759004676
|move|p2a: Ninetales|Aurora Veil|p2a: Ninetales
|-sidestart|p2: osiris seth|move: Aurora Veil
|move|p1a: Skeledirge|Torch Song|p2a: Ninetales
|-supereffective|p2a: Ninetales
|-damage|p2a: Ninetales|70/100
|-boost|p1a: Skeledirge|spa|1
|
|-weather|Snowscape|[upkeep]
|upkeep
|turn|4
|
|t:|1759004678
|switch|p2a: Deoxys|Deoxys-Speed|100/100
|-damage|p2a: Deoxys|88/100|[from] Stealth Rock
|-ability|p2a: Deoxys|Pressure
|move|p1a: Skeledirge|Will-O-Wisp|p2a: Deoxys
|-status|p2a: Deoxys|brn
|
|-weather|Snowscape|[upkeep]
|-damage|p2a: Deoxys|82/100 brn|[from] brn
|upkeep
|turn|5
|
|t:|1759004682
|move|p2a: Deoxys|Stealth Rock|p1a: Skeledirge
|-sidestart|p1: JackRG1|move: Stealth Rock
|move|p1a: Skeledirge|Torch Song|p2a: Deoxys
|-damage|p2a: Deoxys|51/100 brn
|-boost|p1a: Skeledirge|spa|1
|
|-weather|none
|-damage|p2a: Deoxys|45/100 brn|[from] brn
|upkeep
|turn|6
|
|t:|1759004687
|switch|p1a: Ting-Lu|Ting-Lu, shiny|89/100
|-damage|p1a: Ting-Lu|83/100|[from] Stealth Rock
|-ability|p1a: Ting-Lu|Vessel of Ruin
|move|p2a: Deoxys|Psychic Noise|p1a: Ting-Lu
|-immune|p1a: Ting-Lu
|
|-heal|p1a: Ting-Lu|89/100|[from] item: Leftovers
|-damage|p2a: Deoxys|39/100 brn|[from] brn
|upkeep
|turn|7
|
|t:|1759004692
|move|p2a: Deoxys|Taunt|p1a: Ting-Lu
|-start|p1a: Ting-Lu|move: Taunt
|move|p1a: Ting-Lu|Earthquake|p2a: Deoxys
|-damage|p2a: Deoxys|17/100 brn
|
|-heal|p1a: Ting-Lu|95/100|[from] item: Leftovers
|-damage|p2a: Deoxys|11/100 brn|[from] brn
|upkeep
|turn|8
|
|t:|1759004693
|move|p2a: Deoxys|Low Kick|p1a: Ting-Lu
|-supereffective|p1a: Ting-Lu
|-damage|p1a: Ting-Lu|80/100
|move|p1a: Ting-Lu|Earthquake|p2a: Deoxys
|-damage|p2a: Deoxys|0 fnt
|faint|p2a: Deoxys
|
|-heal|p1a: Ting-Lu|87/100|[from] item: Leftovers
|upkeep
|
|t:|1759004696
|switch|p2a: Ogerpon|Ogerpon-Wellspring, F|100/100
|-damage|p2a: Ogerpon|88/100|[from] Stealth Rock
|turn|9
|
|t:|1759004699
|switch|p1a: Weezing|Weezing-Galar, M|100/100
|-ability|p1a: Weezing|Neutralizing Gas
|move|p2a: Ogerpon|Swords Dance|p2a: Ogerpon
|-boost|p2a: Ogerpon|atk|2
|
|upkeep
|turn|10
|
|t:|1759004702
|-terastallize|p1a: Weezing|Grass
|move|p2a: Ogerpon|Taunt|p1a: Weezing
|-start|p1a: Weezing|move: Taunt
|move|p1a: Weezing|Sludge Bomb|p2a: Ogerpon
|-supereffective|p2a: Ogerpon
|-damage|p2a: Ogerpon|61/100
|
|-sideend|p2: osiris seth|move: Aurora Veil
|upkeep
|turn|11
|
|t:|1759004707
|move|p2a: Ogerpon|Horn Leech|p1a: Weezing
|-resisted|p1a: Weezing
|-damage|p1a: Weezing|75/100
|-heal|p2a: Ogerpon|74/100|[from] drain|[of] p1a: Weezing
|move|p1a: Weezing|Sludge Bomb|p2a: Ogerpon
|-supereffective|p2a: Ogerpon
|-damage|p2a: Ogerpon|17/100
|
|upkeep
|turn|12
|
|t:|1759004711
|move|p2a: Ogerpon|Ivy Cudgel|p1a: Weezing|[anim] Ivy Cudgel Water
|-resisted|p1a: Weezing
|-damage|p1a: Weezing|41/100
|move|p1a: Weezing|Sludge Bomb|p2a: Ogerpon
|-supereffective|p2a: Ogerpon
|-damage|p2a: Ogerpon|0 fnt
|faint|p2a: Ogerpon
|
|-end|p1a: Weezing|move: Taunt
|upkeep
|
|t:|1759004727
|switch|p2a: Gholdengo|Gholdengo|100/100
|-damage|p2a: Gholdengo|94/100|[from] Stealth Rock
|turn|13
|
|t:|1759004730
|-end|p1a: Weezing|ability: Neutralizing Gas
|switch|p1a: Ogerpon|Ogerpon-Wellspring, F|100/100
|-damage|p1a: Ogerpon|88/100|[from] Stealth Rock
|move|p2a: Gholdengo|Nasty Plot|p2a: Gholdengo
|-boost|p2a: Gholdengo|spa|2
|
|upkeep
|turn|14
|
|t:|1759004736
|move|p1a: Ogerpon|Knock Off|p2a: Gholdengo
|-supereffective|p2a: Gholdengo
|-damage|p2a: Gholdengo|12/100
|-enditem|p2a: Gholdengo|Salac Berry|[from] move: Knock Off|[of] p1a: Ogerpon
|move|p2a: Gholdengo|Shadow Ball|p1a: Ogerpon
|-damage|p1a: Ogerpon|10/100
|
|upkeep
|turn|15
|
|t:|1759004739
|switch|p2a: Ninetales|Ninetales-Alola, F|70/100
|-damage|p2a: Ninetales|45/100|[from] Stealth Rock
|-weather|Snowscape|[from] ability: Snow Warning|[of] p2a: Ninetales
|move|p1a: Ogerpon|Ivy Cudgel|p2a: Ninetales|[anim] Ivy Cudgel Water
|-damage|p2a: Ninetales|3/100
|
|-weather|Snowscape|[upkeep]
|upkeep
|turn|16
|
|t:|1759004742
|move|p2a: Ninetales|Freeze-Dry|p1a: Ogerpon
|-supereffective|p1a: Ogerpon
|-damage|p1a: Ogerpon|0 fnt
|faint|p1a: Ogerpon
|
|-weather|Snowscape|[upkeep]
|upkeep
|
|t:|1759004745
|switch|p1a: Dragapult|Dragapult, F|100/100
|-damage|p1a: Dragapult|88/100|[from] Stealth Rock
|turn|17
|
|t:|1759004748
|move|p1a: Dragapult|Shadow Ball|p2a: Ninetales
|-damage|p2a: Ninetales|0 fnt
|faint|p2a: Ninetales
|
|-weather|Snowscape|[upkeep]
|upkeep
|
|t:|1759004751
|switch|p2a: Gliscor|Gliscor, F|100/100
|-damage|p2a: Gliscor|88/100|[from] Stealth Rock
|turn|18
|
|t:|1759004755
|switch|p1a: Corviknight|Corviknight, F|100/100
|-damage|p1a: Corviknight|88/100|[from] Stealth Rock
|-ability|p1a: Corviknight|Pressure
|-terastallize|p2a: Gliscor|Normal
|move|p2a: Gliscor|Swords Dance|p2a: Gliscor
|-boost|p2a: Gliscor|atk|2
|
|-weather|Snowscape|[upkeep]
|-status|p2a: Gliscor|tox|[from] item: Toxic Orb
|upkeep
|turn|19
|
|t:|1759004762
|move|p2a: Gliscor|Facade|p1a: Corviknight
|-resisted|p1a: Corviknight
|-damage|p1a: Corviknight|56/100
|-damage|p2a: Gliscor|72/100 tox|[from] item: Rocky Helmet|[of] p1a: Corviknight
|move|p1a: Corviknight|Iron Defense|p1a: Corviknight
|-boost|p1a: Corviknight|def|2
|
|-weather|none
|-heal|p2a: Gliscor|84/100 tox|[from] ability: Poison Heal
|upkeep
|turn|20
|
|t:|1759004765
|switch|p2a: Gholdengo|Gholdengo|12/100
|-damage|p2a: Gholdengo|5/100|[from] Stealth Rock
|move|p1a: Corviknight|Roost|p1a: Corviknight
|-heal|p1a: Corviknight|100/100
|-singleturn|p1a: Corviknight|move: Roost
|
|upkeep
|turn|21
|
|t:|1759004768
|switch|p1a: Ting-Lu|Ting-Lu, shiny|87/100
|-damage|p1a: Ting-Lu|80/100|[from] Stealth Rock
|-ability|p1a: Ting-Lu|Vessel of Ruin
|move|p2a: Gholdengo|Nasty Plot|p2a: Gholdengo
|-boost|p2a: Gholdengo|spa|2
|
|-heal|p1a: Ting-Lu|87/100|[from] item: Leftovers
|upkeep
|turn|22
|
|t:|1759004770
|move|p2a: Gholdengo|Focus Blast|p1a: Ting-Lu
|-supereffective|p1a: Ting-Lu
|-damage|p1a: Ting-Lu|11/100
|-unboost|p1a: Ting-Lu|spd|1
|move|p1a: Ting-Lu|Earthquake|p2a: Gholdengo
|-supereffective|p2a: Gholdengo
|-crit|p2a: Gholdengo
|-damage|p2a: Gholdengo|0 fnt
|faint|p2a: Gholdengo
|
|-heal|p1a: Ting-Lu|17/100|[from] item: Leftovers
|upkeep
|
|t:|1759004773
|switch|p2a: Dragapult|Dragapult, M|100/100
|-damage|p2a: Dragapult|88/100|[from] Stealth Rock
|turn|23
|
|t:|1759004776
|move|p2a: Dragapult|Dragon Dance|p2a: Dragapult
|-boost|p2a: Dragapult|atk|1
|-boost|p2a: Dragapult|spe|1
|move|p1a: Ting-Lu|Earthquake|p2a: Dragapult
|-damage|p2a: Dragapult|35/100
|
|-heal|p2a: Dragapult|41/100|[from] item: Leftovers
|-heal|p1a: Ting-Lu|24/100|[from] item: Leftovers
|upkeep
|turn|24
|
|t:|1759004778
|move|p2a: Dragapult|Dragon Darts|p1a: Ting-Lu
|-damage|p1a: Ting-Lu|0 fnt
|faint|p1a: Ting-Lu
|
|-heal|p2a: Dragapult|47/100|[from] item: Leftovers
|upkeep
|
|t:|1759004780
|switch|p1a: Skeledirge|Skeledirge, F|100/100
|turn|25
|
|t:|1759004786
|move|p2a: Dragapult|Substitute|p2a: Dragapult
|-start|p2a: Dragapult|Substitute
|-damage|p2a: Dragapult|22/100
|move|p1a: Skeledirge|Will-O-Wisp||[still]
|-fail|p1a: Skeledirge
|
|-heal|p2a: Dragapult|28/100|[from] item: Leftovers
|upkeep
|turn|26
|
|t:|1759004788
|move|p2a: Dragapult|Dragon Darts|p1a: Skeledirge
|-damage|p1a: Skeledirge|79/100
|-anim|p2a: Dragapult|Dragon Darts|p1a: Skeledirge
|-damage|p1a: Skeledirge|58/100
|move|p1a: Skeledirge|Torch Song|p2a: Dragapult
|-resisted|p2a: Dragapult
|-damage|p2a: Dragapult|9/100
|-boost|p1a: Skeledirge|spa|1
|
|-heal|p2a: Dragapult|15/100|[from] item: Leftovers
|upkeep
|turn|27
|
|t:|1759004791
|move|p2a: Dragapult|Dragon Darts|p1a: Skeledirge
|-damage|p1a: Skeledirge|37/100
|-anim|p2a: Dragapult|Dragon Darts|p1a: Skeledirge
|-damage|p1a: Skeledirge|16/100
|move|p1a: Skeledirge|Torch Song|p2a: Dragapult
|-resisted|p2a: Dragapult
|-damage|p2a: Dragapult|0 fnt
|-boost|p1a: Skeledirge|spa|1
|faint|p2a: Dragapult
|
|upkeep
|
|t:|1759004793
|switch|p2a: Gliscor|Gliscor, F, tera:Normal|84/100 tox
|-damage|p2a: Gliscor|72/100 tox|[from] Stealth Rock
|turn|28
|
|t:|1759004797
|move|p2a: Gliscor|Facade|p1a: Skeledirge
|-immune|p1a: Skeledirge
|move|p1a: Skeledirge|Torch Song|p2a: Gliscor
|-damage|p2a: Gliscor|10/100 tox
|-boost|p1a: Skeledirge|spa|1
|
|-heal|p2a: Gliscor|22/100 tox|[from] ability: Poison Heal
|upkeep
|turn|29
|-message|osiris seth forfeited.
|
|win|JackRG1
|raw|JackRG1's rating: 1880 &rarr; <strong>1900</strong><br />(+20 for winning)
|raw|osiris seth's rating: 1875 &rarr; <strong>1855</strong><br />(-20 for losing)
|l|☆osiris seth
|player|p2|
|l|‽JackRG1
|player|p1|
|l| larp legion
