|j|☆jkdfsahkjsfd
|j|☆capitolg
|t:|1758964052
|gametype|singles
|player|p1|jkdfsahkjsfd|acetrainer-gen4|1117
|player|p2|capitolg|bellelba|1064
|gen|9
|tier|[Gen 9] OU
|rated|
|rule|HP Percentage Mod: HP is shown in percentages
|rule|Endless Battle Clause: Forcing endless battles is banned
|rule|Species Clause: Limit one of each Pokémon
|rule|OHKO Clause: OHKO moves are banned
|rule|Evasion Items Clause: Evasion items are banned
|rule|Evasion Moves Clause: Evasion moves are banned
|rule|Evasion Abilities Clause: Evasion abilities are banned
|rule|Sleep Moves Clause: Sleep-inducing moves are banned
|clearpoke
|poke|p1|Blastoise, M|
|poke|p1|Krookodile, M|
|poke|p1|Kommo-o, M|
|poke|p1|Arcanine-Hisui, M|
|poke|p1|Hydrapple, F|
|poke|p1|Mimikyu, F|
|poke|p2|Masquerain, F|
|poke|p2|Articuno-Galar|
|poke|p2|Smeargle, F|
|poke|p2|Empoleon, F|
|poke|p2|Passimian, F|
|poke|p2|Chandelure, M|
|teampreview
|
|t:|1758964057
|teamsize|p1|6
|teamsize|p2|6
|start
|switch|p1a: Kommo-o|Kommo-o, M|100/100
|switch|p2a: Masquerain|Masquerain, F|100/100
|-ability|p2a: Masquerain|Intimidate|boost
|-unboost|p1a: Kommo-o|atk|1
|turn|1
|
|t:|1758964066
|-terastallize|p1a: Kommo-o|Steel
|move|p1a: Kommo-o|Belly Drum|p1a: Kommo-o
|-damage|p1a: Kommo-o|51/100
|-setboost|p1a: Kommo-o|atk|6|[from] move: Belly Drum
|move|p2a: Masquerain|Sticky Web|p1a: Kommo-o
|-sidestart|p1: jkdfsahkjsfd|move: Sticky Web
|
|upkeep
|turn|2
|
|t:|1758964073
|move|p1a: Kommo-o|Iron Head|p2a: Masquerain
|-enditem|p2a: Masquerain|Focus Sash
|-damage|p2a: Masquerain|1/100
|move|p2a: Masquerain|Whirlwind|p1a: Kommo-o
|drag|p1a: Hydrapple|Hydrapple, F|100/100
|-activate|p1a: Hydrapple|move: Sticky Web
|-unboost|p1a: Hydrapple|spe|1
|
|upkeep
|turn|3
|l|☆capitolg
|player|p2|
|j|☆capitolg
|player|p2|capitolg|bellelba|
|
|t:|1758964099
|move|p2a: Masquerain|Ice Beam|p1a: Hydrapple
|-supereffective|p1a: Hydrapple
|-damage|p1a: Hydrapple|0 fnt
|faint|p1a: Hydrapple
|
|upkeep
|inactive|Battle timer is ON: inactive players will automatically lose when time's up. (requested by capitolg)
|
|t:|1758964105
|switch|p1a: Blastoise|Blastoise, M|100/100
|-activate|p1a: Blastoise|move: Sticky Web
|-unboost|p1a: Blastoise|spe|1
|-enditem|p1a: Blastoise|White Herb
|-clearnegativeboost|p1a: Blastoise|[silent]
|turn|4
|
|t:|1758964114
|switch|p2a: Chandelure|Chandelure, M|100/100
|move|p1a: Blastoise|Ice Beam|p2a: Chandelure
|-resisted|p2a: Chandelure
|-damage|p2a: Chandelure|85/100
|
|upkeep
|turn|5
|
|t:|1758964121
|move|p1a: Blastoise|Hydro Pump|p2a: Chandelure
|-supereffective|p2a: Chandelure
|-damage|p2a: Chandelure|0 fnt
|faint|p2a: Chandelure
|
|upkeep
|l|☆capitolg
|inactive|capitolg disconnected and has a minute to reconnect!
|player|p2|
|j|☆capitolg
|inactive|capitolg reconnected and has 145 seconds left.
|player|p2|capitolg|bellelba|
|
|t:|1758964130
|switch|p2a: Smeargle|Smeargle, F|100/100
|turn|6
|
|t:|1758964137
|move|p1a: Blastoise|Shell Smash|p1a: Blastoise
|-unboost|p1a: Blastoise|def|1
|-unboost|p1a: Blastoise|spd|1
|-boost|p1a: Blastoise|atk|2
|-boost|p1a: Blastoise|spa|2
|-boost|p1a: Blastoise|spe|2
|move|p2a: Smeargle|Court Change|p2a: Smeargle
|-swapsideconditions
|-activate|p2a: Smeargle|move: Court Change
|
|upkeep
|turn|7
|
|t:|1758964153
|move|p1a: Blastoise|Hydro Pump|p2a: Smeargle|[miss]
|-miss|p1a: Blastoise|p2a: Smeargle
|move|p2a: Smeargle|Trick Room|p2a: Smeargle
|-fieldstart|move: Trick Room|[of] p2a: Smeargle
|
|upkeep
|turn|8
|
|t:|1758964161
|move|p2a: Smeargle|Taunt|p1a: Blastoise
|-start|p1a: Blastoise|move: Taunt
|move|p1a: Blastoise|Hydro Pump|p2a: Smeargle
|-enditem|p2a: Smeargle|Focus Sash
|-damage|p2a: Smeargle|1/100
|
|upkeep
|turn|9
|
|t:|1758964171
|move|p2a: Smeargle|Taunt||[still]
|-fail|p2a: Smeargle
|move|p1a: Blastoise|Ice Beam|p2a: Smeargle
|-damage|p2a: Smeargle|0 fnt
|faint|p2a: Smeargle
|
|upkeep
|
|t:|1758964173
|switch|p2a: Empoleon|Empoleon, F|100/100
|-activate|p2a: Empoleon|move: Sticky Web
|-unboost|p2a: Empoleon|spe|1
|-ability|p2a: Empoleon|Competitive|boost
|-boost|p2a: Empoleon|spa|2
|turn|10
|
|t:|1758964201
|move|p2a: Empoleon|Grass Knot|p1a: Blastoise
|-supereffective|p1a: Blastoise
|-damage|p1a: Blastoise|0 fnt
|faint|p1a: Blastoise
|
|upkeep
|
|t:|1758964205
|switch|p1a: Krookodile|Krookodile, M|100/100
|turn|11
|
|t:|1758964210
|move|p2a: Empoleon|Ice Beam|p1a: Krookodile
|-supereffective|p1a: Krookodile
|-damage|p1a: Krookodile|0 fnt
|faint|p1a: Krookodile
|
|-fieldend|move: Trick Room
|upkeep
|
|t:|1758964219
|switch|p1a: Kommo-o|Kommo-o, M, tera:Steel|51/100
|turn|12
|
|t:|1758964223
|switch|p2a: Masquerain|Masquerain, F|1/100
|-ability|p2a: Masquerain|Intimidate|boost
|-unboost|p1a: Kommo-o|atk|1
|move|p1a: Kommo-o|Drain Punch|p2a: Masquerain
|-resisted|p2a: Masquerain
|-damage|p2a: Masquerain|0 fnt
|-heal|p1a: Kommo-o|51/100|[from] drain|[of] p2a: Masquerain
|faint|p2a: Masquerain
|
|upkeep
|
|t:|1758964226
|switch|p2a: Passimian|Passimian, F|100/100
|-activate|p2a: Passimian|move: Sticky Web
|-unboost|p2a: Passimian|spe|1
|-ability|p2a: Passimian|Defiant|boost
|-boost|p2a: Passimian|atk|2
|turn|13
|
|t:|1758964241
|switch|p1a: Mimikyu|Mimikyu, F|100/100
|move|p2a: Passimian|Drain Punch|p1a: Mimikyu
|-immune|p1a: Mimikyu
|
|upkeep
|turn|14
|
|t:|1758964250
|move|p1a: Mimikyu|Swords Dance|p1a: Mimikyu
|-boost|p1a: Mimikyu|atk|2
|move|p2a: Passimian|Earthquake|p1a: Mimikyu
|-activate|p1a: Mimikyu|ability: Disguise
|-damage|p1a: Mimikyu|100/100
|detailschange|p1a: Mimikyu|Mimikyu-Busted, F
|-damage|p1a: Mimikyu|88/100|[from] pokemon: Mimikyu-Busted
|
|upkeep
|turn|15
|
|t:|1758964258
|move|p1a: Mimikyu|Play Rough|p2a: Passimian
|-supereffective|p2a: Passimian
|-damage|p2a: Passimian|0 fnt
|faint|p2a: Passimian
|
|upkeep
|
|t:|1758964264
|switch|p2a: Articuno|Articuno-Galar|100/100
|-activate|p2a: Articuno|move: Sticky Web
|-unboost|p2a: Articuno|spe|1
|-ability|p2a: Articuno|Competitive|boost
|-boost|p2a: Articuno|spa|2
|turn|16
|
|t:|1758964274
|-terastallize|p2a: Articuno|Fighting
|move|p1a: Mimikyu|Shadow Claw|p2a: Articuno
|-damage|p2a: Articuno|41/100
|move|p2a: Articuno|Trick Room|p2a: Articuno
|-fieldstart|move: Trick Room|[of] p2a: Articuno
|
|upkeep
|turn|17
|
|t:|1758964280
|move|p2a: Articuno|Shadow Ball|p1a: Mimikyu
|-supereffective|p1a: Mimikyu
|-damage|p1a: Mimikyu|0 fnt
|faint|p1a: Mimikyu
|
|upkeep
|
|t:|1758964291
|switch|p1a: Kommo-o|Kommo-o, M, tera:Steel|51/100
|turn|18
|
|t:|1758964294
|move|p2a: Articuno|Tera Blast|p1a: Kommo-o|[anim] Tera Blast Fighting
|-supereffective|p1a: Kommo-o
|-crit|p1a: Kommo-o
|-damage|p1a: Kommo-o|0 fnt
|faint|p1a: Kommo-o
|
|upkeep
|
|t:|1758964299
|switch|p1a: Arcanine|Arcanine-Hisui, M|100/100
|turn|19
|
|t:|1758964311
|move|p2a: Articuno|Tera Blast|p1a: Arcanine|[anim] Tera Blast Fighting
|-supereffective|p1a: Arcanine
|-damage|p1a: Arcanine|0 fnt
|faint|p1a: Arcanine
|
|win|capitolg
|raw|jkdfsahkjsfd's rating: 1117 &rarr; <strong>1088</strong><br />(-29 for losing)
|raw|capitolg's rating: 1064 &rarr; <strong>1099</strong><br />(+35 for winning)
|l|☆capitolg
|player|p2|
|l|☆jkdfsahkjsfd
|player|p1|
