|j|☆tomatic
|j|☆SmallKuza1888
|t:|1759044861
|gametype|singles
|player|p1|tomatic|hiker-gen4|1513
|player|p2|SmallKuza1888|cyclist-gen4|1639
|gen|9
|tier|[Gen 9] OU
|rated|
|rule|HP Percentage Mod: HP is shown in percentages
|rule|Endless Battle Clause: Forcing endless battles is banned
|rule|Species Clause: Limit one of each Pokémon
|rule|OHKO Clause: OHKO moves are banned
|rule|Evasion Items Clause: Evasion items are banned
|rule|Evasion Moves Clause: Evasion moves are banned
|rule|Evasion Abilities Clause: Evasion abilities are banned
|rule|Sleep Moves Clause: Sleep-inducing moves are banned
|clearpoke
|poke|p1|Maushold-Four|
|poke|p1|Scizor, F|
|poke|p1|Landorus-Therian, M|
|poke|p1|Dragonite, F|
|poke|p1|Hatterene, F|
|poke|p1|Rotom-Wash|
|poke|p2|Tinkaton, F|
|poke|p2|Ogerpon, F|
|poke|p2|Corviknight, F|
|poke|p2|Garchomp, M|
|poke|p2|Raging Bolt|
|poke|p2|Slowking-Galar, M|
|teampreview
|
|t:|1759044881
|teamsize|p1|6
|teamsize|p2|6
|start
|switch|p1a: Rotom|Rotom-Wash|100/100
|switch|p2a: Raging Bolt|Raging Bolt|100/100
|turn|1
|
|t:|1759044889
|move|p1a: Rotom|Volt Switch|p2a: Raging Bolt
|-resisted|p2a: Raging Bolt
|-damage|p2a: Raging Bolt|93/100
|
|t:|1759044891
|switch|p1a: Hatterene|Hatterene, F|100/100|[from] Volt Switch
|move|p2a: Raging Bolt|Thunderbolt|p1a: Hatterene
|-damage|p1a: Hatterene|53/100
|
|upkeep
|turn|2
|
|t:|1759044898
|-end|p2a: Raging Bolt|Protosynthesis|[silent]
|switch|p2a: Slowking|Slowking-Galar, M|100/100
|move|p1a: Hatterene|Draining Kiss|p2a: Slowking
|-resisted|p2a: Slowking
|-damage|p2a: Slowking|90/100
|-heal|p1a: Hatterene|63/100|[from] drain|[of] p2a: Slowking
|
|upkeep
|turn|3
|
|t:|1759044909
|move|p1a: Hatterene|Psychic Noise|p2a: Slowking
|-damage|p2a: Slowking|57/100
|-start|p2a: Slowking|move: Heal Block
|move|p2a: Slowking|Sludge Bomb|p1a: Hatterene
|-supereffective|p1a: Hatterene
|-damage|p1a: Hatterene|19/100
|
|upkeep
|turn|4
|inactive|Battle timer is ON: inactive players will automatically lose when time's up. (requested by SmallKuza1888)
|
|t:|1759044921
|move|p1a: Hatterene|Psychic Noise|p2a: Slowking
|-crit|p2a: Slowking
|-damage|p2a: Slowking|13/100
|-prepare|p2a: Slowking|Chilly Reception|[premajor]
|move|p2a: Slowking|Chilly Reception|p2a: Slowking
|-weather|Snowscape
|
|t:|1759044925
|switch|p2a: Ogerpon|Ogerpon, F|100/100|[from] Chilly Reception
|
|-weather|Snowscape|[upkeep]
|upkeep
|turn|5
|
|t:|1759044931
|switch|p1a: Scizor|Scizor, F|100/100
|move|p2a: Ogerpon|Ivy Cudgel|p1a: Scizor
|-resisted|p1a: Scizor
|-damage|p1a: Scizor|81/100
|
|-weather|Snowscape|[upkeep]
|upkeep
|turn|6
|
|t:|1759044939
|switch|p2a: Corviknight|Corviknight, F|100/100
|-ability|p2a: Corviknight|Pressure
|move|p1a: Scizor|Swords Dance|p1a: Scizor
|-boost|p1a: Scizor|atk|2
|
|-weather|Snowscape|[upkeep]
|upkeep
|turn|7
|
|t:|1759044941
|move|p2a: Corviknight|Body Press|p1a: Scizor
|-damage|p1a: Scizor|55/100
|move|p1a: Scizor|Knock Off|p2a: Corviknight
|-damage|p2a: Corviknight|50/100
|-damage|p1a: Scizor|38/100|[from] item: Rocky Helmet|[of] p2a: Corviknight
|-enditem|p2a: Corviknight|Rocky Helmet|[from] move: Knock Off|[of] p1a: Scizor
|
|-weather|Snowscape|[upkeep]
|upkeep
|turn|8
|
|t:|1759044948
|move|p2a: Corviknight|Roost|p2a: Corviknight
|-heal|p2a: Corviknight|99/100
|-singleturn|p2a: Corviknight|move: Roost
|move|p1a: Scizor|Close Combat|p2a: Corviknight
|-supereffective|p2a: Corviknight
|-damage|p2a: Corviknight|0 fnt
|-unboost|p1a: Scizor|def|1
|-unboost|p1a: Scizor|spd|1
|faint|p2a: Corviknight
|
|-weather|none
|upkeep
|
|t:|1759044957
|switch|p2a: Raging Bolt|Raging Bolt|93/100
|turn|9
|
|t:|1759044963
|switch|p1a: Landorus|Landorus-Therian, M|100/100
|-ability|p1a: Landorus|Intimidate|boost
|-unboost|p2a: Raging Bolt|atk|1
|move|p2a: Raging Bolt|Draco Meteor|p1a: Landorus
|-damage|p1a: Landorus|0 fnt
|-unboost|p2a: Raging Bolt|spa|2
|faint|p1a: Landorus
|
|upkeep
|
|t:|1759044969
|switch|p1a: Maushold|Maushold-Four|100/100
|turn|10
|
|t:|1759044973
|switch|p1a: Rotom|Rotom-Wash|100/100
|-end|p2a: Raging Bolt|Protosynthesis|[silent]
|switch|p2a: Garchomp|Garchomp, M|100/100
|
|upkeep
|turn|11
|
|t:|1759044979
|switch|p2a: Raging Bolt|Raging Bolt|93/100
|move|p1a: Rotom|Trick|p2a: Raging Bolt
|-activate|p1a: Rotom|move: Trick|[of] p2a: Raging Bolt
|-item|p2a: Raging Bolt|Choice Scarf|[from] move: Trick
|-item|p1a: Rotom|Choice Specs|[from] move: Trick
|
|upkeep
|turn|12
|
|t:|1759044988
|move|p2a: Raging Bolt|Thunderbolt|p1a: Rotom
|-damage|p1a: Rotom|32/100
|move|p1a: Rotom|Pain Split|p2a: Raging Bolt
|-sethp|p2a: Raging Bolt|57/100|[from] move: Pain Split|[silent]
|-sethp|p1a: Rotom|91/100|[from] move: Pain Split
|
|upkeep
|turn|13
|
|t:|1759044992
|switch|p1a: Hatterene|Hatterene, F|19/100
|move|p2a: Raging Bolt|Thunderbolt|p1a: Hatterene
|-damage|p1a: Hatterene|0 fnt
|faint|p1a: Hatterene
|
|upkeep
|
|t:|1759044997
|switch|p1a: Maushold|Maushold-Four|100/100
|turn|14
|
|t:|1759045000
|switch|p1a: Rotom|Rotom-Wash|91/100
|move|p2a: Raging Bolt|Thunderbolt|p1a: Rotom
|-damage|p1a: Rotom|17/100
|
|upkeep
|turn|15
|
|t:|1759045004
|move|p2a: Raging Bolt|Thunderbolt|p1a: Rotom
|-damage|p1a: Rotom|0 fnt
|faint|p1a: Rotom
|
|upkeep
|
|t:|1759045006
|switch|p1a: Dragonite|Dragonite, F|100/100
|turn|16
|
|t:|1759045011
|move|p2a: Raging Bolt|Thunderbolt|p1a: Dragonite
|-damage|p1a: Dragonite|73/100
|move|p1a: Dragonite|Dragon Dance|p1a: Dragonite
|-boost|p1a: Dragonite|atk|1
|-boost|p1a: Dragonite|spe|1
|
|-heal|p1a: Dragonite|79/100|[from] item: Leftovers
|upkeep
|turn|17
|
|t:|1759045015
|move|p1a: Dragonite|Earthquake|p2a: Raging Bolt
|-supereffective|p2a: Raging Bolt
|-damage|p2a: Raging Bolt|0 fnt
|faint|p2a: Raging Bolt
|-end|p2a: Raging Bolt|Protosynthesis|[silent]
|
|-heal|p1a: Dragonite|86/100|[from] item: Leftovers
|upkeep
|
|t:|1759045020
|switch|p2a: Garchomp|Garchomp, M|100/100
|turn|18
|
|t:|1759045025
|-terastallize|p1a: Dragonite|Flying
|move|p1a: Dragonite|Tera Blast|p2a: Garchomp|[anim] Tera Blast Flying
|-damage|p2a: Garchomp|22/100
|move|p2a: Garchomp|Scale Shot|p1a: Dragonite
|-damage|p1a: Dragonite|72/100
|-crit|p1a: Dragonite
|-damage|p1a: Dragonite|51/100
|-damage|p1a: Dragonite|37/100
|-damage|p1a: Dragonite|22/100
|-hitcount|p1a: Dragonite|4
|-unboost|p2a: Garchomp|def|1
|-boost|p2a: Garchomp|spe|1
|
|-heal|p1a: Dragonite|28/100|[from] item: Leftovers
|upkeep
|turn|19
|
|t:|1759045036
|move|p2a: Garchomp|Scale Shot|p1a: Dragonite
|-damage|p1a: Dragonite|13/100
|-damage|p1a: Dragonite|0 fnt
|faint|p1a: Dragonite
|-hitcount|p1: Dragonite|2
|-unboost|p2a: Garchomp|def|1
|-boost|p2a: Garchomp|spe|1
|
|upkeep
|
|t:|1759045039
|switch|p1a: Scizor|Scizor, F|38/100
|turn|20
|
|t:|1759045043
|move|p1a: Scizor|Bullet Punch|p2a: Garchomp
|-damage|p2a: Garchomp|0 fnt
|-damage|p1a: Scizor|26/100|[from] ability: Rough Skin|[of] p2a: Garchomp
|faint|p2a: Garchomp
|
|upkeep
|
|t:|1759045050
|switch|p2a: Ogerpon|Ogerpon, F|100/100
|turn|21
|
|t:|1759045053
|move|p1a: Scizor|Bullet Punch|p2a: Ogerpon
|-damage|p2a: Ogerpon|44/100
|move|p2a: Ogerpon|Knock Off|p1a: Scizor
|-damage|p1a: Scizor|0 fnt
|-enditem|p1a: Scizor|Metal Coat|[from] move: Knock Off|[of] p2a: Ogerpon
|faint|p1a: Scizor
|
|upkeep
|
|t:|1759045058
|switch|p1a: Maushold|Maushold-Four|100/100
|turn|22
|
|t:|1759045067
|move|p1a: Maushold|Tidy Up|p1a: Maushold
|-boost|p1a: Maushold|atk|1
|-boost|p1a: Maushold|spe|1
|move|p2a: Ogerpon|Knock Off|p1a: Maushold
|-damage|p1a: Maushold|21/100
|-enditem|p1a: Maushold|Wide Lens|[from] move: Knock Off|[of] p2a: Ogerpon
|
|upkeep
|turn|23
|
|t:|1759045074
|move|p1a: Maushold|Population Bomb|p2a: Ogerpon
|-damage|p2a: Ogerpon|23/100
|-damage|p2a: Ogerpon|1/100
|-damage|p2a: Ogerpon|0 fnt
|faint|p2a: Ogerpon
|-hitcount|p2: Ogerpon|3
|
|upkeep
|
|t:|1759045076
|switch|p2a: Tinkaton|Tinkaton, F|100/100
|-ability|p2a: Tinkaton|Mold Breaker
|turn|24
|
|t:|1759045079
|move|p1a: Maushold|Population Bomb|p2a: Tinkaton|[miss]
|-miss|p1a: Maushold|p2a: Tinkaton
|move|p2a: Tinkaton|Gigaton Hammer|p1a: Maushold
|-damage|p1a: Maushold|0 fnt
|faint|p1a: Maushold
|
|win|SmallKuza1888
|raw|tomatic's rating: 1513 &rarr; <strong>1500</strong><br />(-13 for losing)
|raw|SmallKuza1888's rating: 1639 &rarr; <strong>1652</strong><br />(+13 for winning)
|l|☆tomatic
|player|p1|
