|j|☆Leleketchupsbf
|j|☆Johnytt
|t:|1758946049
|gametype|singles
|player|p1|Leleketchupsbf|interviewers|1328
|player|p2|Johnytt|1|1443
|gen|9
|tier|[Gen 9] OU
|rated|
|rule|HP Percentage Mod: HP is shown in percentages
|rule|Endless Battle Clause: Forcing endless battles is banned
|rule|Species Clause: Limit one of each Pokémon
|rule|OHKO Clause: OHKO moves are banned
|rule|Evasion Items Clause: Evasion items are banned
|rule|Evasion Moves Clause: Evasion moves are banned
|rule|Evasion Abilities Clause: Evasion abilities are banned
|rule|Sleep Moves Clause: Sleep-inducing moves are banned
|clearpoke
|poke|p1|Meowscarada, F|
|poke|p1|Great Tusk|
|poke|p1|Dragapult, F|
|poke|p1|Glimmora, M|
|poke|p1|Zapdos|
|poke|p1|Ogerpon-Wellspring, F|
|poke|p2|Samurott-Hisui, M|
|poke|p2|Sinistcha|
|poke|p2|Landorus-Therian, M|
|poke|p2|Hydreigon, F|
|poke|p2|Tinkaton, F|
|poke|p2|Moltres|
|teampreview
|inactive|Battle timer is ON: inactive players will automatically lose when time's up. (requested by Johnytt)
|
|t:|1758946061
|teamsize|p1|6
|teamsize|p2|6
|start
|switch|p1a: Glimmora|Glimmora, M|100/100
|switch|p2a: Tinkaton|Tinkaton, F|100/100
|-item|p2a: Tinkaton|Air Balloon
|turn|1
|
|t:|1758946067
|move|p1a: Glimmora|Toxic|p2a: Tinkaton
|-status|p2a: Tinkaton|tox
|move|p2a: Tinkaton|Stealth Rock|p1a: Glimmora
|-sidestart|p1: Leleketchupsbf|move: Stealth Rock
|
|-damage|p2a: Tinkaton|94/100 tox|[from] psn
|upkeep
|turn|2
|
|t:|1758946073
|move|p1a: Glimmora|Toxic Spikes|p2a: Tinkaton
|-sidestart|p2: Johnytt|move: Toxic Spikes
|move|p2a: Tinkaton|Gigaton Hammer|p1a: Glimmora
|-supereffective|p1a: Glimmora
|-damage|p1a: Glimmora|0 fnt
|faint|p1a: Glimmora
|
|-damage|p2a: Tinkaton|82/100 tox|[from] psn
|upkeep
|
|t:|1758946086
|switch|p1a: Great Tusk|Great Tusk|100/100
|-damage|p1a: Great Tusk|98/100|[from] Stealth Rock
|turn|3
|
|t:|1758946091
|switch|p2a: Sinistcha|Sinistcha|100/100
|move|p1a: Great Tusk|Rapid Spin|p2a: Sinistcha
|-immune|p2a: Sinistcha
|
|-heal|p1a: Great Tusk|100/100|[from] item: Leftovers
|upkeep
|turn|4
|
|t:|1758946099
|-end|p1a: Great Tusk|Protosynthesis|[silent]
|switch|p1a: Zapdos|Zapdos|100/100
|-damage|p1a: Zapdos|75/100|[from] Stealth Rock
|move|p2a: Sinistcha|Strength Sap|p1a: Zapdos
|-unboost|p1a: Zapdos|atk|1
|
|-heal|p1a: Zapdos|82/100|[from] item: Leftovers
|upkeep
|turn|5
|
|t:|1758946107
|switch|p2a: Tinkaton|Tinkaton, F|82/100 tox
|-item|p2a: Tinkaton|Air Balloon
|move|p1a: Zapdos|Hurricane|p2a: Tinkaton|[miss]
|-miss|p1a: Zapdos|p2a: Tinkaton
|
|-heal|p1a: Zapdos|88/100|[from] item: Leftovers
|-damage|p2a: Tinkaton|76/100 tox|[from] psn
|upkeep
|turn|6
|
|t:|1758946113
|move|p2a: Tinkaton|Ice Hammer|p1a: Zapdos
|-supereffective|p1a: Zapdos
|-damage|p1a: Zapdos|29/100
|-unboost|p2a: Tinkaton|spe|1
|move|p1a: Zapdos|U-turn|p2a: Tinkaton
|-resisted|p2a: Tinkaton
|-damage|p2a: Tinkaton|73/100 tox
|-enditem|p2a: Tinkaton|Air Balloon
|-enditem|p1a: Zapdos|Leftovers|[silent]|[from] ability: Pickpocket|[of] p1a: Zapdos
|-item|p2a: Tinkaton|Leftovers|[from] ability: Pickpocket|[of] p1a: Zapdos
|
|t:|1758946124
|switch|p1a: Ogerpon|Ogerpon-Wellspring, F|100/100|[from] U-turn
|-damage|p1a: Ogerpon|88/100|[from] Stealth Rock
|
|-heal|p2a: Tinkaton|80/100 tox|[from] item: Leftovers
|-damage|p2a: Tinkaton|67/100 tox|[from] psn
|upkeep
|turn|7
|
|t:|1758946131
|move|p1a: Ogerpon|Substitute|p1a: Ogerpon
|-start|p1a: Ogerpon|Substitute
|-damage|p1a: Ogerpon|63/100
|move|p2a: Tinkaton|Gigaton Hammer|p1a: Ogerpon
|-resisted|p1a: Ogerpon
|-end|p1a: Ogerpon|Substitute
|
|-heal|p2a: Tinkaton|73/100 tox|[from] item: Leftovers
|-damage|p2a: Tinkaton|55/100 tox|[from] psn
|upkeep
|turn|8
|
|t:|1758946141
|move|p1a: Ogerpon|Horn Leech|p2a: Tinkaton
|-resisted|p2a: Tinkaton
|-damage|p2a: Tinkaton|30/100 tox
|-heal|p1a: Ogerpon|74/100|[from] drain|[of] p2a: Tinkaton
|move|p2a: Tinkaton|Ice Hammer|p1a: Ogerpon
|-damage|p1a: Ogerpon|45/100
|-unboost|p2a: Tinkaton|spe|1
|
|-heal|p2a: Tinkaton|36/100 tox|[from] item: Leftovers
|-damage|p2a: Tinkaton|11/100 tox|[from] psn
|upkeep
|turn|9
|
|t:|1758946151
|move|p1a: Ogerpon|Horn Leech|p2a: Tinkaton
|-resisted|p2a: Tinkaton
|-damage|p2a: Tinkaton|0 fnt
|-heal|p1a: Ogerpon|50/100|[from] drain|[of] p2a: Tinkaton
|faint|p2a: Tinkaton
|
|upkeep
|
|t:|1758946155
|switch|p2a: Landorus|Landorus-Therian, M|100/100
|-ability|p2a: Landorus|Intimidate|boost
|-unboost|p1a: Ogerpon|atk|1
|turn|10
|
|t:|1758946160
|switch|p1a: Zapdos|Zapdos|29/100
|-damage|p1a: Zapdos|4/100|[from] Stealth Rock
|move|p2a: Landorus|U-turn|p1a: Zapdos
|-resisted|p1a: Zapdos
|-damage|p1a: Zapdos|0 fnt
|faint|p1a: Zapdos
|
|t:|1758946170
|switch|p2a: Moltres|Moltres|100/100|[from] U-turn
|
|upkeep
|
|t:|1758946175
|switch|p1a: Ogerpon|Ogerpon-Wellspring, F|50/100
|-damage|p1a: Ogerpon|37/100|[from] Stealth Rock
|turn|11
|
|t:|1758946179
|move|p1a: Ogerpon|Ivy Cudgel|p2a: Moltres|[anim] Ivy Cudgel Water
|-supereffective|p2a: Moltres
|-damage|p2a: Moltres|14/100
|move|p2a: Moltres|U-turn|p1a: Ogerpon
|-supereffective|p1a: Ogerpon
|-damage|p1a: Ogerpon|8/100
|
|t:|1758946186
|switch|p2a: Sinistcha|Sinistcha|100/100|[from] U-turn
|
|upkeep
|turn|12
|
|t:|1758946191
|move|p1a: Ogerpon|Horn Leech|p2a: Sinistcha
|-resisted|p2a: Sinistcha
|-damage|p2a: Sinistcha|85/100
|-heal|p1a: Ogerpon|14/100|[from] drain|[of] p2a: Sinistcha
|move|p2a: Sinistcha|Shadow Ball|p1a: Ogerpon
|-damage|p1a: Ogerpon|0 fnt
|faint|p1a: Ogerpon
|
|upkeep
|
|t:|1758946197
|switch|p1a: Dragapult|Dragapult, F|100/100
|-damage|p1a: Dragapult|88/100|[from] Stealth Rock
|turn|13
|
|t:|1758946210
|switch|p2a: Moltres|Moltres|14/100
|move|p1a: Dragapult|U-turn|p2a: Moltres
|-resisted|p2a: Moltres
|-damage|p2a: Moltres|5/100
|
|t:|1758946218
|switch|p1a: Meowscarada|Meowscarada, F|100/100|[from] U-turn
|-damage|p1a: Meowscarada|88/100|[from] Stealth Rock
|
|upkeep
|turn|14
|
|t:|1758946223
|move|p1a: Meowscarada|U-turn|p2a: Moltres
|-start|p1a: Meowscarada|typechange|Bug|[from] ability: Protean
|-resisted|p2a: Moltres
|-damage|p2a: Moltres|0 fnt
|-status|p1a: Meowscarada|brn|[from] ability: Flame Body|[of] p2a: Moltres
|faint|p2a: Moltres
|-damage|p1a: Meowscarada|78/100 brn|[from] item: Life Orb
|
|t:|1758946234
|switch|p1a: Great Tusk|Great Tusk|100/100|[from] U-turn
|-damage|p1a: Great Tusk|98/100|[from] Stealth Rock
|
|-heal|p1a: Great Tusk|100/100|[from] item: Leftovers
|upkeep
|
|t:|1758946243
|switch|p2a: Sinistcha|Sinistcha|85/100
|turn|15
|
|t:|1758946248
|move|p1a: Great Tusk|Bulk Up|p1a: Great Tusk
|-boost|p1a: Great Tusk|atk|1
|-boost|p1a: Great Tusk|def|1
|move|p2a: Sinistcha|Strength Sap|p1a: Great Tusk
|-unboost|p1a: Great Tusk|atk|1
|-heal|p2a: Sinistcha|100/100
|
|upkeep
|turn|16
|
|t:|1758946253
|move|p1a: Great Tusk|Ice Spinner|p2a: Sinistcha
|-supereffective|p2a: Sinistcha
|-damage|p2a: Sinistcha|40/100
|move|p2a: Sinistcha|Matcha Gotcha|p1a: Great Tusk
|-supereffective|p1a: Great Tusk
|-damage|p1a: Great Tusk|0 fnt
|-heal|p2a: Sinistcha|100/100|[from] drain|[of] p1a: Great Tusk
|faint|p1a: Great Tusk
|-end|p1a: Great Tusk|Protosynthesis|[silent]
|
|upkeep
|
|t:|1758946258
|switch|p1a: Dragapult|Dragapult, F|88/100
|-damage|p1a: Dragapult|76/100|[from] Stealth Rock
|turn|17
|
|t:|1758946264
|-terastallize|p2a: Sinistcha|Poison
|move|p1a: Dragapult|Phantom Force||[still]
|-prepare|p1a: Dragapult|Phantom Force
|move|p2a: Sinistcha|Shadow Ball|p1a: Dragapult|[miss]
|-miss|p2a: Sinistcha|p1a: Dragapult
|
|upkeep
|turn|18
|
|t:|1758946282
|move|p1a: Dragapult|Phantom Force|p2a: Sinistcha|[from] lockedmove
|-damage|p2a: Sinistcha|35/100
|move|p2a: Sinistcha|Strength Sap|p1a: Dragapult
|-unboost|p1a: Dragapult|atk|1
|-heal|p2a: Sinistcha|100/100
|
|upkeep
|turn|19
|
|t:|1758946311
|switch|p1a: Meowscarada|Meowscarada, F|78/100 brn
|-damage|p1a: Meowscarada|66/100 brn|[from] Stealth Rock
|move|p2a: Sinistcha|Shadow Ball|p1a: Meowscarada
|-resisted|p1a: Meowscarada
|-damage|p1a: Meowscarada|37/100 brn
|
|-damage|p1a: Meowscarada|31/100 brn|[from] brn
|upkeep
|turn|20
|
|t:|1758946318
|switch|p2a: Landorus|Landorus-Therian, M|100/100
|-ability|p2a: Landorus|Intimidate|boost
|-unboost|p1a: Meowscarada|atk|1
|move|p1a: Meowscarada|Knock Off|p2a: Landorus
|-start|p1a: Meowscarada|typechange|Dark|[from] ability: Protean
|-damage|p2a: Landorus|77/100
|-enditem|p2a: Landorus|Choice Scarf|[from] move: Knock Off|[of] p1a: Meowscarada
|-damage|p1a: Meowscarada|21/100 brn|[from] item: Life Orb
|
|-damage|p1a: Meowscarada|15/100 brn|[from] brn
|upkeep
|turn|21
|
|t:|1758946324
|move|p1a: Meowscarada|Play Rough|p2a: Landorus
|-damage|p2a: Landorus|64/100
|-damage|p1a: Meowscarada|5/100 brn|[from] item: Life Orb
|move|p2a: Landorus|U-turn|p1a: Meowscarada
|-supereffective|p1a: Meowscarada
|-damage|p1a: Meowscarada|0 fnt
|faint|p1a: Meowscarada
|
|t:|1758946327
|switch|p2a: Sinistcha|Sinistcha, tera:Poison|100/100|[from] U-turn
|-sideend|p2: Johnytt|move: Toxic Spikes|[of] p2a: Sinistcha
|
|upkeep
|
|t:|1758946330
|switch|p1a: Dragapult|Dragapult, F|76/100
|-damage|p1a: Dragapult|64/100|[from] Stealth Rock
|turn|22
|
|t:|1758946333
|move|p1a: Dragapult|Dragon Darts|p2a: Sinistcha
|-damage|p2a: Sinistcha|64/100
|-anim|p1a: Dragapult|Dragon Darts|p2a: Sinistcha
|-damage|p2a: Sinistcha|32/100
|move|p2a: Sinistcha|Calm Mind|p2a: Sinistcha
|-boost|p2a: Sinistcha|spa|1
|-boost|p2a: Sinistcha|spd|1
|
|upkeep
|turn|23
|
|t:|1758946336
|move|p1a: Dragapult|Dragon Darts|p2a: Sinistcha
|-damage|p2a: Sinistcha|0 fnt
|faint|p2a: Sinistcha
|
|upkeep
|
|t:|1758946346
|switch|p2a: Landorus|Landorus-Therian, M|64/100
|-ability|p2a: Landorus|Intimidate|boost
|-unboost|p1a: Dragapult|atk|1
|turn|24
|
|t:|1758946350
|move|p1a: Dragapult|Dragon Darts|p2a: Landorus
|-damage|p2a: Landorus|33/100
|-anim|p1a: Dragapult|Dragon Darts|p2a: Landorus
|-damage|p2a: Landorus|5/100
|move|p2a: Landorus|Earthquake|p1a: Dragapult
|-damage|p1a: Dragapult|0 fnt
|faint|p1a: Dragapult
|
|win|Johnytt
|raw|Leleketchupsbf's rating: 1328 &rarr; <strong>1314</strong><br />(-14 for losing)
|raw|Johnytt's rating: 1443 &rarr; <strong>1457</strong><br />(+14 for winning)
|l|☆Leleketchupsbf
|player|p1|
|l|☆Johnytt
|player|p2|
