|badge|p2|silver|gen9ou|30-6
|html|<div class="broadcast-red"><strong>This battle is required to be public due to one or more player having a season medal.</strong><br />During the public phase, you can discuss the state of the ladder <a href="/seasondiscussion">in a special chatroom.</a></div>
|uhtml|medal-msg|<div class="broadcast-blue">Curious what those medals under the avatar are? PS now has Ladder Seasons! For more information, check out the <a href="https://www.smogon.com/forums/threads/3740067/">thread on Smogon.</a></div>
|raw|<div class="broadcast-blue"><strong>This battle is required to be public due to a player having a name starting with 'medal'.</div>
|j|☆yanshijuling3
|j|☆ShinyLucarioXD
|t:|1759061362
|gametype|singles
|player|p1|yanshijuling3|lass-gen4dp|1675
|player|p2|ShinyLucarioXD|riley|1950
|gen|9
|tier|[Gen 9] OU
|rated|
|rule|HP Percentage Mod: HP is shown in percentages
|rule|Endless Battle Clause: Forcing endless battles is banned
|rule|Species Clause: Limit one of each Pokémon
|rule|OHKO Clause: OHKO moves are banned
|rule|Evasion Items Clause: Evasion items are banned
|rule|Evasion Moves Clause: Evasion moves are banned
|rule|Evasion Abilities Clause: Evasion abilities are banned
|rule|Sleep Moves Clause: Sleep-inducing moves are banned
|clearpoke
|poke|p1|Ninetales, F|
|poke|p1|Great Tusk|
|poke|p1|Enamorus, F|
|poke|p1|Walking Wake|
|poke|p1|Raging Bolt|
|poke|p1|Scizor, M|
|poke|p2|Raging Bolt|
|poke|p2|Samurott-Hisui, F|
|poke|p2|Dragonite, F|
|poke|p2|Gholdengo|
|poke|p2|Great Tusk|
|poke|p2|Enamorus, F|
|teampreview
|inactive|Battle timer is ON: inactive players will automatically lose when time's up. (requested by ShinyLucarioXD)
|inactive|yanshijuling3 also wants the timer to be on.
|
|t:|1759061382
|teamsize|p1|6
|teamsize|p2|6
|start
|switch|p1a: Enamorus|Enamorus, F|100/100
|switch|p2a: Great Tusk|Great Tusk|100/100
|turn|1
|
|t:|1759061391
|-end|p2a: Great Tusk|Protosynthesis|[silent]
|switch|p2a: Gholdengo|Gholdengo|100/100
|move|p1a: Enamorus|Moonblast|p2a: Gholdengo
|-resisted|p2a: Gholdengo
|-damage|p2a: Gholdengo|66/100
|
|upkeep
|turn|2
|
|t:|1759061399
|switch|p1a: Ninetales|Ninetales, F|100/100
|-weather|SunnyDay|[from] ability: Drought|[of] p1a: Ninetales
|move|p2a: Gholdengo|Shadow Ball|p1a: Ninetales
|-crit|p1a: Ninetales
|-damage|p1a: Ninetales|40/100
|
|-weather|SunnyDay|[upkeep]
|upkeep
|turn|3
|
|t:|1759061404
|switch|p1a: Walking Wake|Walking Wake|100/100
|-activate|p1a: Walking Wake|ability: Protosynthesis
|-start|p1a: Walking Wake|protosynthesisspe
|move|p2a: Gholdengo|Shadow Ball|p1a: Walking Wake
|-damage|p1a: Walking Wake|73/100
|
|-weather|SunnyDay|[upkeep]
|upkeep
|turn|4
|
|t:|1759061412
|switch|p2a: Samurott|Samurott-Hisui, F, shiny|100/100
|move|p1a: Walking Wake|Draco Meteor|p2a: Samurott
|-damage|p2a: Samurott|67/100
|-unboost|p1a: Walking Wake|spa|2
|
|-weather|SunnyDay|[upkeep]
|upkeep
|turn|5
|
|t:|1759061418
|move|p1a: Walking Wake|Flip Turn|p2a: Samurott
|-resisted|p2a: Samurott
|-crit|p2a: Samurott
|-damage|p2a: Samurott|60/100
|
|t:|1759061425
|-end|p1a: Walking Wake|Protosynthesis|[silent]
|switch|p1a: Great Tusk|Great Tusk, shiny|100/100|[from] Flip Turn
|-activate|p1a: Great Tusk|ability: Protosynthesis
|-start|p1a: Great Tusk|protosynthesisspe
|move|p2a: Samurott|Ceaseless Edge|p1a: Great Tusk
|-resisted|p1a: Great Tusk
|-damage|p1a: Great Tusk|89/100
|-sidestart|p1: yanshijuling3|Spikes
|
|-weather|SunnyDay|[upkeep]
|upkeep
|turn|6
|
|t:|1759061429
|switch|p2a: Gholdengo|Gholdengo|66/100
|move|p1a: Great Tusk|Headlong Rush|p2a: Gholdengo
|-supereffective|p2a: Gholdengo
|-damage|p2a: Gholdengo|0 fnt
|-unboost|p1a: Great Tusk|def|1
|-unboost|p1a: Great Tusk|spd|1
|faint|p2a: Gholdengo
|
|-weather|SunnyDay|[upkeep]
|upkeep
|
|t:|1759061433
|switch|p2a: Great Tusk|Great Tusk|100/100
|-activate|p2a: Great Tusk|ability: Protosynthesis
|-start|p2a: Great Tusk|protosynthesisdef
|turn|7
|
|t:|1759061437
|move|p1a: Great Tusk|Rapid Spin|p2a: Great Tusk
|-damage|p2a: Great Tusk|95/100
|-boost|p1a: Great Tusk|spe|1
|-sideend|p1: yanshijuling3|Spikes|[from] move: Rapid Spin|[of] p1a: Great Tusk
|move|p2a: Great Tusk|Body Press|p1a: Great Tusk
|-damage|p1a: Great Tusk|45/100
|
|-weather|SunnyDay|[upkeep]
|-heal|p2a: Great Tusk|100/100|[from] item: Leftovers
|upkeep
|turn|8
|
|t:|1759061442
|-end|p1a: Great Tusk|Protosynthesis|[silent]
|switch|p1a: Enamorus|Enamorus, F|100/100
|move|p2a: Great Tusk|Body Press|p1a: Enamorus
|-resisted|p1a: Enamorus
|-damage|p1a: Enamorus|81/100
|
|-weather|SunnyDay|[upkeep]
|upkeep
|turn|9
|
|t:|1759061446
|-end|p2a: Great Tusk|Protosynthesis|[silent]
|switch|p2a: Samurott|Samurott-Hisui, F, shiny|60/100
|move|p1a: Enamorus|Moonblast|p2a: Samurott
|-supereffective|p2a: Samurott
|-damage|p2a: Samurott|2/100
|-unboost|p2a: Samurott|spa|1
|
|-weather|none
|upkeep
|turn|10
|
|t:|1759061449
|move|p2a: Samurott|Sucker Punch|p1a: Enamorus
|-resisted|p1a: Enamorus
|-damage|p1a: Enamorus|60/100
|move|p1a: Enamorus|Moonblast|p2a: Samurott
|-supereffective|p2a: Samurott
|-damage|p2a: Samurott|0 fnt
|faint|p2a: Samurott
|
|upkeep
|
|t:|1759061453
|switch|p2a: Enamorus|Enamorus, F|100/100
|turn|11
|
|t:|1759061458
|switch|p1a: Ninetales|Ninetales, F|40/100
|-weather|SunnyDay|[from] ability: Drought|[of] p1a: Ninetales
|move|p2a: Enamorus|Moonblast|p1a: Ninetales
|-resisted|p1a: Ninetales
|-damage|p1a: Ninetales|14/100
|
|-weather|SunnyDay|[upkeep]
|upkeep
|turn|12
|
|t:|1759061465
|move|p2a: Enamorus|Moonblast|p1a: Ninetales
|-resisted|p1a: Ninetales
|-damage|p1a: Ninetales|0 fnt
|faint|p1a: Ninetales
|
|-weather|SunnyDay|[upkeep]
|upkeep
|
|t:|1759061486
|switch|p1a: Scizor|Scizor, M|100/100
|turn|13
|
|t:|1759061490
|switch|p2a: Great Tusk|Great Tusk|100/100
|-activate|p2a: Great Tusk|ability: Protosynthesis
|-start|p2a: Great Tusk|protosynthesisdef
|move|p1a: Scizor|Bullet Punch|p2a: Great Tusk
|-damage|p2a: Great Tusk|87/100
|
|-weather|SunnyDay|[upkeep]
|-heal|p2a: Great Tusk|93/100|[from] item: Leftovers
|upkeep
|turn|14
|
|t:|1759061499
|move|p2a: Great Tusk|Knock Off|p1a: Scizor
|-damage|p1a: Scizor|71/100
|-enditem|p1a: Scizor|Sitrus Berry|[from] move: Knock Off|[of] p2a: Great Tusk
|move|p1a: Scizor|U-turn|p2a: Great Tusk
|-resisted|p2a: Great Tusk
|-damage|p2a: Great Tusk|85/100
|
|t:|1759061503
|switch|p1a: Walking Wake|Walking Wake|73/100|[from] U-turn
|-activate|p1a: Walking Wake|ability: Protosynthesis
|-start|p1a: Walking Wake|protosynthesisspe
|
|-weather|SunnyDay|[upkeep]
|-heal|p2a: Great Tusk|91/100|[from] item: Leftovers
|upkeep
|turn|15
|
|t:|1759061510
|-end|p2a: Great Tusk|Protosynthesis|[silent]
|switch|p2a: Raging Bolt|Raging Bolt|100/100
|-activate|p2a: Raging Bolt|ability: Protosynthesis
|-start|p2a: Raging Bolt|protosynthesisspa
|move|p1a: Walking Wake|Hydro Steam|p2a: Raging Bolt
|-resisted|p2a: Raging Bolt
|-damage|p2a: Raging Bolt|76/100
|
|-weather|SunnyDay|[upkeep]
|upkeep
|turn|16
|
|t:|1759061516
|move|p2a: Raging Bolt|Thunderclap|p1a: Walking Wake
|-damage|p1a: Walking Wake|37/100
|move|p1a: Walking Wake|Draco Meteor|p2a: Raging Bolt
|-supereffective|p2a: Raging Bolt
|-damage|p2a: Raging Bolt|0 fnt
|-unboost|p1a: Walking Wake|spa|2
|faint|p2a: Raging Bolt
|-end|p2a: Raging Bolt|Protosynthesis|[silent]
|
|-weather|SunnyDay|[upkeep]
|upkeep
|
|t:|1759061521
|switch|p2a: Enamorus|Enamorus, F|100/100
|turn|17
|j| Tidk
|inactive|yanshijuling3 has 120 seconds left.
|
|t:|1759061573
|-end|p1a: Walking Wake|Protosynthesis|[silent]
|switch|p1a: Scizor|Scizor, M|71/100
|move|p2a: Enamorus|Substitute|p2a: Enamorus
|-start|p2a: Enamorus|Substitute
|-damage|p2a: Enamorus|76/100
|
|-weather|SunnyDay|[upkeep]
|-heal|p2a: Enamorus|82/100|[from] item: Leftovers
|upkeep
|turn|18
|
|t:|1759061577
|move|p1a: Scizor|Bullet Punch|p2a: Enamorus
|-supereffective|p2a: Enamorus
|-end|p2a: Enamorus|Substitute
|move|p2a: Enamorus|Earth Power|p1a: Scizor
|-damage|p1a: Scizor|32/100
|
|-weather|none
|-heal|p2a: Enamorus|88/100|[from] item: Leftovers
|upkeep
|turn|19
|
|t:|1759061586
|switch|p2a: Great Tusk|Great Tusk|91/100
|move|p1a: Scizor|Bullet Punch|p2a: Great Tusk
|-damage|p2a: Great Tusk|75/100
|
|-heal|p2a: Great Tusk|81/100|[from] item: Leftovers
|upkeep
|turn|20
|
|t:|1759061590
|switch|p1a: Enamorus|Enamorus, F|60/100
|move|p2a: Great Tusk|Stealth Rock|p1a: Enamorus
|-sidestart|p1: yanshijuling3|move: Stealth Rock
|
|-heal|p2a: Great Tusk|87/100|[from] item: Leftovers
|upkeep
|turn|21
|
|t:|1759061598
|move|p1a: Enamorus|Moonblast|p2a: Great Tusk
|-supereffective|p2a: Great Tusk
|-damage|p2a: Great Tusk|0 fnt
|faint|p2a: Great Tusk
|-end|p2a: Great Tusk|Protosynthesis|[silent]
|
|upkeep
|
|t:|1759061601
|switch|p2a: Enamorus|Enamorus, F|88/100
|turn|22
|
|t:|1759061626
|switch|p1a: Scizor|Scizor, M|32/100
|-damage|p1a: Scizor|20/100|[from] Stealth Rock
|move|p2a: Enamorus|Moonblast|p1a: Scizor
|-resisted|p1a: Scizor
|-damage|p1a: Scizor|0 fnt
|faint|p1a: Scizor
|
|-heal|p2a: Enamorus|94/100|[from] item: Leftovers
|upkeep
|
|t:|1759061640
|switch|p1a: Raging Bolt|Raging Bolt|100/100
|-damage|p1a: Raging Bolt|88/100|[from] Stealth Rock
|turn|23
|
|t:|1759061644
|-terastallize|p1a: Raging Bolt|Grass
|move|p2a: Enamorus|Substitute|p2a: Enamorus
|-start|p2a: Enamorus|Substitute
|-damage|p2a: Enamorus|69/100
|move|p1a: Raging Bolt|Thunderbolt|p2a: Enamorus
|-supereffective|p2a: Enamorus
|-end|p2a: Enamorus|Substitute
|-damage|p1a: Raging Bolt|78/100|[from] item: Life Orb
|
|-heal|p2a: Enamorus|76/100|[from] item: Leftovers
|upkeep
|turn|24
|
|t:|1759061649
|move|p2a: Enamorus|Substitute|p2a: Enamorus
|-start|p2a: Enamorus|Substitute
|-damage|p2a: Enamorus|51/100
|move|p1a: Raging Bolt|Thunderbolt|p2a: Enamorus
|-supereffective|p2a: Enamorus
|-end|p2a: Enamorus|Substitute
|-damage|p1a: Raging Bolt|68/100|[from] item: Life Orb
|
|-heal|p2a: Enamorus|57/100|[from] item: Leftovers
|upkeep
|turn|25
|
|t:|1759061653
|move|p2a: Enamorus|Moonblast|p1a: Raging Bolt
|-damage|p1a: Raging Bolt|23/100
|move|p1a: Raging Bolt|Thunderbolt|p2a: Enamorus
|-supereffective|p2a: Enamorus
|-damage|p2a: Enamorus|0 fnt
|faint|p2a: Enamorus
|-damage|p1a: Raging Bolt|13/100|[from] item: Life Orb
|
|upkeep
|
|t:|1759061656
|switch|p2a: Dragonite|Dragonite, F, shiny|100/100
|turn|26
|
|t:|1759061660
|move|p2a: Dragonite|Extreme Speed|p1a: Raging Bolt
|-damage|p1a: Raging Bolt|0 fnt
|faint|p1a: Raging Bolt
|-end|p1a: Raging Bolt|Protosynthesis|[silent]
|
|upkeep
|
|t:|1759061664
|switch|p1a: Great Tusk|Great Tusk, shiny|45/100
|turn|27
|
|t:|1759061674
|-terastallize|p2a: Dragonite|Normal
|move|p1a: Great Tusk|Rapid Spin|p2a: Dragonite
|-damage|p2a: Dragonite|94/100
|-boost|p1a: Great Tusk|spe|1
|-sideend|p1: yanshijuling3|Stealth Rock|[from] move: Rapid Spin|[of] p1a: Great Tusk
|move|p2a: Dragonite|Dragon Dance|p2a: Dragonite
|-boost|p2a: Dragonite|atk|1
|-boost|p2a: Dragonite|spe|1
|
|upkeep
|turn|28
|
|t:|1759061680
|move|p2a: Dragonite|Extreme Speed|p1a: Great Tusk
|-damage|p1a: Great Tusk|0 fnt
|faint|p1a: Great Tusk
|-end|p1a: Great Tusk|Protosynthesis|[silent]
|
|upkeep
|
|t:|1759061684
|switch|p1a: Walking Wake|Walking Wake|37/100
|turn|29
|
|t:|1759061685
|move|p2a: Dragonite|Extreme Speed|p1a: Walking Wake
|-damage|p1a: Walking Wake|0 fnt
|faint|p1a: Walking Wake
|-end|p1a: Walking Wake|Protosynthesis|[silent]
|
|upkeep
|
|t:|1759061690
|switch|p1a: Enamorus|Enamorus, F|60/100
|turn|30
|
|t:|1759061691
|move|p2a: Dragonite|Extreme Speed|p1a: Enamorus
|-damage|p1a: Enamorus|0 fnt
|faint|p1a: Enamorus
|
|win|ShinyLucarioXD
|raw|yanshijuling3's rating: 1652 &rarr; <strong>1646</strong><br />(-6 for losing)
|raw|ShinyLucarioXD's rating: 1950 &rarr; <strong>1956</strong><br />(+6 for winning)
|l|☆ShinyLucarioXD
|player|p2|
