|j|☆Atsushi20 MA
|j|☆desann1996
|t:|1759057863
|gametype|singles
|player|p1|Atsushi20 MA|archer|1059
|player|p2|desann1996|red|1047
|gen|9
|tier|[Gen 9] OU
|rated|
|rule|HP Percentage Mod: HP is shown in percentages
|rule|Endless Battle Clause: Forcing endless battles is banned
|rule|Species Clause: Limit one of each Pokémon
|rule|OHKO Clause: OHKO moves are banned
|rule|Evasion Items Clause: Evasion items are banned
|rule|Evasion Moves Clause: Evasion moves are banned
|rule|Evasion Abilities Clause: Evasion abilities are banned
|rule|Sleep Moves Clause: Sleep-inducing moves are banned
|clearpoke
|poke|p1|Farigiraf, F|
|poke|p1|Hariyama, F|
|poke|p1|Kingambit, M|
|poke|p1|Hatterene, F|
|poke|p1|Ursaluna, M|
|poke|p1|Porygon2|
|poke|p2|Pikachu, M|
|poke|p2|Dragonite, F|
|poke|p2|Gengar, M|
|poke|p2|Gallade, M|
|poke|p2|Cinderace, M|
|poke|p2|Ambipom, F|
|teampreview
|
|t:|1759057869
|teamsize|p1|6
|teamsize|p2|6
|start
|switch|p1a: Hatterene|Hatterene, F|100/100
|switch|p2a: Dragonite|Dragonite, F|100/100
|turn|1
|
|t:|1759057893
|move|p2a: Dragonite|Extreme Speed|p1a: Hatterene
|-damage|p1a: Hatterene|69/100
|move|p1a: Hatterene|Trick Room|p1a: Hatterene
|-fieldstart|move: Trick Room|[of] p1a: Hatterene
|
|upkeep
|turn|2
|
|t:|1759057902
|-terastallize|p2a: Dragonite|Normal
|move|p2a: Dragonite|Extreme Speed|p1a: Hatterene
|-damage|p1a: Hatterene|19/100
|move|p1a: Hatterene|Healing Wish|p1a: Hatterene
|faint|p1a: Hatterene
|
|upkeep
|
|t:|1759057918
|switch|p1a: Hariyama|Hariyama, F|100/100
|turn|3
|
|t:|1759057928
|switch|p2a: Gengar|Gengar, M|100/100
|-item|p2a: Gengar|Air Balloon
|move|p1a: Hariyama|Close Combat|p2a: Gengar
|-immune|p2a: Gengar
|
|upkeep
|turn|4
|
|t:|1759057938
|switch|p1a: Kingambit|Kingambit, M|100/100
|-activate|p1a: Kingambit|ability: Supreme Overlord
|-start|p1a: Kingambit|fallen1|[silent]
|move|p2a: Gengar|Toxic Spikes|p1a: Kingambit
|-sidestart|p1: Atsushi20 MA|move: Toxic Spikes
|
|upkeep
|turn|5
|
|t:|1759057954
|switch|p2a: Cinderace|Cinderace, M|100/100
|move|p1a: Kingambit|Swords Dance|p1a: Kingambit
|-boost|p1a: Kingambit|atk|2
|
|-fieldend|move: Trick Room
|upkeep
|turn|6
|
|t:|1759057967
|-end|p1a: Kingambit|fallen1|[silent]
|switch|p1a: Porygon2|Porygon2|100/100
|-status|p1a: Porygon2|psn
|-ability|p1a: Porygon2|Libero|Trace|[from] ability: Trace|[of] p2a: Cinderace
|move|p2a: Cinderace|Pyro Ball|p1a: Porygon2
|-damage|p1a: Porygon2|71/100 psn
|
|-damage|p1a: Porygon2|59/100 psn|[from] psn
|upkeep
|turn|7
|
|t:|1759057978
|move|p2a: Cinderace|High Jump Kick|p1a: Porygon2
|-start|p2a: Cinderace|typechange|Fighting|[from] ability: Libero
|-supereffective|p1a: Porygon2
|-damage|p1a: Porygon2|5/100 psn
|move|p1a: Porygon2|Trick Room|p1a: Porygon2
|-start|p1a: Porygon2|typechange|Psychic|[from] ability: Libero
|-fieldstart|move: Trick Room|[of] p1a: Porygon2
|
|-damage|p1a: Porygon2|0 fnt|[from] psn
|faint|p1a: Porygon2
|upkeep
|
|t:|1759057995
|switch|p1a: Farigiraf|Farigiraf, F|100/100
|-status|p1a: Farigiraf|psn
|turn|8
|
|t:|1759058009
|switch|p2a: Gengar|Gengar, M|100/100
|-item|p2a: Gengar|Air Balloon
|move|p1a: Farigiraf|Nasty Plot|p1a: Farigiraf
|-boost|p1a: Farigiraf|spa|2
|
|-damage|p1a: Farigiraf|88/100 psn|[from] psn
|upkeep
|turn|9
|
|t:|1759058024
|move|p1a: Farigiraf|Psychic|p2a: Gengar
|-supereffective|p2a: Gengar
|-damage|p2a: Gengar|0 fnt
|-enditem|p2a: Gengar|Air Balloon
|faint|p2a: Gengar
|
|-damage|p1a: Farigiraf|76/100 psn|[from] psn
|upkeep
|
|t:|1759058035
|switch|p2a: Dragonite|Dragonite, F, tera:Normal|100/100
|turn|10
|
|t:|1759058042
|move|p2a: Dragonite|Extreme Speed||[still]
|cant|p1a: Farigiraf|ability: Armor Tail|Extreme Speed|[of] p2a: Dragonite
|move|p1a: Farigiraf|Psychic|p2a: Dragonite
|-damage|p2a: Dragonite|55/100
|
|-damage|p1a: Farigiraf|63/100 psn|[from] psn
|upkeep
|turn|11
|
|t:|1759058051
|move|p1a: Farigiraf|Psychic|p2a: Dragonite
|-damage|p2a: Dragonite|0 fnt
|faint|p2a: Dragonite
|
|-damage|p1a: Farigiraf|51/100 psn|[from] psn
|-fieldend|move: Trick Room
|upkeep
|
|t:|1759058058
|switch|p2a: Ambipom|Ambipom, F|100/100
|turn|12
|
|t:|1759058063
|move|p2a: Ambipom|Fake Out||[still]
|cant|p1a: Farigiraf|ability: Armor Tail|Fake Out|[of] p2a: Ambipom
|move|p1a: Farigiraf|Psychic|p2a: Ambipom
|-damage|p2a: Ambipom|4/100
|
|-damage|p1a: Farigiraf|39/100 psn|[from] psn
|upkeep
|turn|13
|
|t:|1759058072
|move|p2a: Ambipom|Triple Axel|p1a: Farigiraf
|-damage|p1a: Farigiraf|31/100 psn
|-damage|p1a: Farigiraf|15/100 psn
|-damage|p1a: Farigiraf|0 fnt
|faint|p1a: Farigiraf
|-hitcount|p1: Farigiraf|3
|
|upkeep
|
|t:|1759058078
|switch|p1a: Kingambit|Kingambit, M|100/100
|-activate|p1a: Kingambit|ability: Supreme Overlord
|-start|p1a: Kingambit|fallen3|[silent]
|turn|14
|
|t:|1759058089
|move|p2a: Ambipom|Fake Out||[still]
|-hint|Fake Out only works on your first turn out.
|-fail|p2a: Ambipom
|move|p1a: Kingambit|Swords Dance|p1a: Kingambit
|-boost|p1a: Kingambit|atk|2
|
|upkeep
|turn|15
|
|t:|1759058101
|move|p2a: Ambipom|Triple Axel|p1a: Kingambit
|-resisted|p1a: Kingambit
|-damage|p1a: Kingambit|98/100
|-resisted|p1a: Kingambit
|-damage|p1a: Kingambit|93/100
|-resisted|p1a: Kingambit
|-damage|p1a: Kingambit|84/100
|-hitcount|p1a: Kingambit|3
|move|p1a: Kingambit|Kowtow Cleave|p2a: Ambipom
|-damage|p2a: Ambipom|0 fnt
|faint|p2a: Ambipom
|
|upkeep
|
|t:|1759058113
|switch|p2a: Cinderace|Cinderace, M|100/100
|turn|16
|
|t:|1759058120
|move|p1a: Kingambit|Sucker Punch|p2a: Cinderace
|-damage|p2a: Cinderace|0 fnt
|faint|p2a: Cinderace
|
|upkeep
|
|t:|1759058128
|switch|p2a: Gallade|Gallade, M|100/100
|turn|17
|
|t:|1759058177
|move|p1a: Kingambit|Sucker Punch|p2a: Gallade
|-damage|p2a: Gallade|0 fnt
|faint|p2a: Gallade
|
|upkeep
|
|t:|1759058191
|switch|p2a: Pikachu|Pikachu, M|100/100
|turn|18
|
|t:|1759058194
|move|p1a: Kingambit|Sucker Punch|p2a: Pikachu
|-damage|p2a: Pikachu|0 fnt
|faint|p2a: Pikachu
|
|win|Atsushi20 MA
|raw|Atsushi20 MA's rating: 1059 &rarr; <strong>1089</strong><br />(+30 for winning)
|raw|desann1996's rating: 1047 &rarr; <strong>1031</strong><br />(-16 for losing)
