|badge|p2|silver|gen9ou|30-6
|html|<div class="broadcast-red"><strong>This battle is required to be public due to one or more player having a season medal.</strong><br />During the public phase, you can discuss the state of the ladder <a href="/seasondiscussion">in a special chatroom.</a></div>
|uhtml|medal-msg|<div class="broadcast-blue">Curious what those medals under the avatar are? PS now has Ladder Seasons! For more information, check out the <a href="https://www.smogon.com/forums/threads/3740067/">thread on Smogon.</a></div>
|raw|<div class="broadcast-blue"><strong>This battle is required to be public due to a player having a name starting with 'medal'.</div>
|j|☆mansonabuluting
|j|☆ho3nconfirm3d
|t:|1759076965
|gametype|singles
|player|p1|mansonabuluting|bellelba|1783
|player|p2|ho3nconfirm3d|#scl5shoguns|1983
|gen|9
|tier|[Gen 9] OU
|rated|
|rule|HP Percentage Mod: HP is shown in percentages
|rule|Endless Battle Clause: Forcing endless battles is banned
|rule|Species Clause: Limit one of each Pokémon
|rule|OHKO Clause: OHKO moves are banned
|rule|Evasion Items Clause: Evasion items are banned
|rule|Evasion Moves Clause: Evasion moves are banned
|rule|Evasion Abilities Clause: Evasion abilities are banned
|rule|Sleep Moves Clause: Sleep-inducing moves are banned
|clearpoke
|poke|p1|Rillaboom, M|
|poke|p1|Hawlucha, M|
|poke|p1|Thundurus-Therian, M|
|poke|p1|Great Tusk|
|poke|p1|Volcanion|
|poke|p1|Goodra-Hisui, M|
|poke|p2|Glimmora, F|
|poke|p2|Weavile, F|
|poke|p2|Zamazenta-*|
|poke|p2|Dragonite, F|
|poke|p2|Ogerpon-Wellspring, F|
|poke|p2|Gholdengo|
|teampreview
|l|☆ho3nconfirm3d
|player|p2|
|j| dsvdv
|inactive|Battle timer is ON: inactive players will automatically lose when time's up. (requested by mansonabuluting)
|j|☆ho3nconfirm3d
|inactive|ho3nconfirm3d reconnected and has 140 seconds left.
|player|p2|ho3nconfirm3d|#scl5shoguns|
|inactive|ho3nconfirm3d has 120 seconds left.
|
|t:|1759077033
|teamsize|p1|6
|teamsize|p2|6
|start
|switch|p1a: Thundurus|Thundurus-Therian, M|100/100
|switch|p2a: Weavile|Weavile, F|100/100
|-ability|p2a: Weavile|Pressure
|turn|1
|
|t:|1759077037
|move|p1a: Thundurus|Volt Switch|p2a: Weavile
|-damage|p2a: Weavile|36/100
|
|t:|1759077042
|switch|p1a: Volcanion|Volcanion|100/100|[from] Volt Switch
|move|p2a: Weavile|Knock Off|p1a: Volcanion
|-damage|p1a: Volcanion|52/100
|-enditem|p1a: Volcanion|Choice Specs|[from] move: Knock Off|[of] p2a: Weavile
|-damage|p2a: Weavile|26/100|[from] item: Life Orb
|
|upkeep
|turn|2
|
|t:|1759077065
|switch|p2a: Ogerpon|Ogerpon-Wellspring, F|100/100
|move|p1a: Volcanion|Overheat|p2a: Ogerpon
|-damage|p2a: Ogerpon|9/100
|-unboost|p1a: Volcanion|spa|2
|
|upkeep
|turn|3
|
|t:|1759077076
|move|p2a: Ogerpon|Swords Dance|p2a: Ogerpon
|-boost|p2a: Ogerpon|atk|2
|move|p1a: Volcanion|Overheat|p2a: Ogerpon
|-damage|p2a: Ogerpon|0 fnt
|-unboost|p1a: Volcanion|spa|2
|faint|p2a: Ogerpon
|
|upkeep
|j| cryyysneasel
|
|t:|1759077087
|switch|p2a: Dragonite|Dragonite, F|100/100
|turn|4
|
|t:|1759077095
|switch|p1a: Great Tusk|Great Tusk|100/100
|move|p2a: Dragonite|Dragon Dance|p2a: Dragonite
|-boost|p2a: Dragonite|atk|1
|-boost|p2a: Dragonite|spe|1
|
|upkeep
|turn|5
|l|☆ho3nconfirm3d
|inactive|ho3nconfirm3d disconnected and has a minute to reconnect!
|player|p2|
|j| tapu moxo
|j|☆ho3nconfirm3d
|inactive|ho3nconfirm3d reconnected and has 135 seconds left.
|player|p2|ho3nconfirm3d|#scl5shoguns|
|
|t:|1759077108
|switch|p2a: Glimmora|Glimmora, F|100/100
|move|p1a: Great Tusk|Ice Spinner|p2a: Glimmora
|-damage|p2a: Glimmora|75/100
|-activate|p2a: Glimmora|ability: Toxic Debris
|-sidestart|p1: mansonabuluting|move: Toxic Spikes
|-enditem|p2a: Glimmora|Red Card|[of] p1a: Great Tusk
|-end|p1a: Great Tusk|Protosynthesis|[silent]
|drag|p1a: Rillaboom|Rillaboom, M|100/100
|-status|p1a: Rillaboom|psn
|-fieldstart|move: Grassy Terrain|[from] ability: Grassy Surge|[of] p1a: Rillaboom
|
|-heal|p2a: Glimmora|81/100|[from] Grassy Terrain
|-damage|p1a: Rillaboom|88/100 psn|[from] psn
|upkeep
|turn|6
|
|t:|1759077115
|switch|p1a: Goodra|Goodra-Hisui, M|100/100
|move|p2a: Glimmora|Stealth Rock|p1a: Goodra
|-sidestart|p1: mansonabuluting|move: Stealth Rock
|
|-heal|p2a: Glimmora|88/100|[from] Grassy Terrain
|upkeep
|turn|7
|
|t:|1759077132
|switch|p2a: Gholdengo|Gholdengo|100/100
|move|p1a: Goodra|Flash Cannon|p2a: Gholdengo
|-resisted|p2a: Gholdengo
|-damage|p2a: Gholdengo|81/100
|-unboost|p2a: Gholdengo|spd|1
|
|-heal|p2a: Gholdengo|87/100|[from] Grassy Terrain
|upkeep
|turn|8
|
|t:|1759077143
|move|p2a: Gholdengo|Recover|p2a: Gholdengo
|-heal|p2a: Gholdengo|100/100
|move|p1a: Goodra|Flamethrower|p2a: Gholdengo
|-supereffective|p2a: Gholdengo
|-damage|p2a: Gholdengo|11/100
|
|-heal|p2a: Gholdengo|17/100|[from] Grassy Terrain
|upkeep
|turn|9
|
|t:|1759077148
|move|p2a: Gholdengo|Make It Rain|p1a: Goodra
|-resisted|p1a: Goodra
|-damage|p1a: Goodra|85/100
|-unboost|p2a: Gholdengo|spa|1
|move|p1a: Goodra|Flamethrower|p2a: Gholdengo
|-supereffective|p2a: Gholdengo
|-damage|p2a: Gholdengo|0 fnt
|faint|p2a: Gholdengo
|
|-heal|p1a: Goodra|91/100|[from] Grassy Terrain
|-fieldend|move: Grassy Terrain
|upkeep
|
|t:|1759077153
|switch|p2a: Dragonite|Dragonite, F|100/100
|turn|10
|
|t:|1759077157
|switch|p1a: Great Tusk|Great Tusk|100/100
|-status|p1a: Great Tusk|psn
|-damage|p1a: Great Tusk|97/100 psn|[from] Stealth Rock
|move|p2a: Dragonite|Dragon Dance|p2a: Dragonite
|-boost|p2a: Dragonite|atk|1
|-boost|p2a: Dragonite|spe|1
|
|-damage|p1a: Great Tusk|85/100 psn|[from] psn
|upkeep
|turn|11
|
|t:|1759077167
|move|p2a: Dragonite|Dragon Dance|p2a: Dragonite
|-boost|p2a: Dragonite|atk|1
|-boost|p2a: Dragonite|spe|1
|move|p1a: Great Tusk|Ice Spinner|p2a: Dragonite
|-supereffective|p2a: Dragonite
|-damage|p2a: Dragonite|52/100
|
|-damage|p1a: Great Tusk|73/100 psn|[from] psn
|upkeep
|turn|12
|
|t:|1759077171
|-terastallize|p2a: Dragonite|Normal
|move|p2a: Dragonite|Ice Spinner|p1a: Great Tusk
|-supereffective|p1a: Great Tusk
|-damage|p1a: Great Tusk|14/100 psn
|-damage|p2a: Dragonite|36/100|[from] item: Rocky Helmet|[of] p1a: Great Tusk
|move|p1a: Great Tusk|Ice Spinner|p2a: Dragonite
|-damage|p2a: Dragonite|10/100
|
|-damage|p1a: Great Tusk|2/100 psn|[from] psn
|upkeep
|turn|13
|
|t:|1759077177
|move|p2a: Dragonite|Earthquake|p1a: Great Tusk
|-damage|p1a: Great Tusk|0 fnt
|faint|p1a: Great Tusk
|-end|p1a: Great Tusk|Protosynthesis|[silent]
|
|upkeep
|
|t:|1759077184
|switch|p1a: Rillaboom|Rillaboom, M|88/100 psn
|-damage|p1a: Rillaboom|76/100 psn|[from] Stealth Rock
|-fieldstart|move: Grassy Terrain|[from] ability: Grassy Surge|[of] p1a: Rillaboom
|turn|14
|
|t:|1759077187
|move|p2a: Dragonite|Extreme Speed|p1a: Rillaboom
|-damage|p1a: Rillaboom|0 fnt
|faint|p1a: Rillaboom
|
|-heal|p2a: Dragonite|16/100|[from] Grassy Terrain
|upkeep
|
|t:|1759077188
|switch|p1a: Hawlucha|Hawlucha, M|100/100
|-damage|p1a: Hawlucha|88/100|[from] Stealth Rock
|-enditem|p1a: Hawlucha|Grassy Seed
|-boost|p1a: Hawlucha|def|1|[from] item: Grassy Seed
|turn|15
|
|t:|1759077191
|-terastallize|p1a: Hawlucha|Steel
|move|p2a: Dragonite|Extreme Speed|p1a: Hawlucha
|-resisted|p1a: Hawlucha
|-damage|p1a: Hawlucha|52/100
|move|p1a: Hawlucha|Acrobatics|p2a: Dragonite
|-damage|p2a: Dragonite|0 fnt
|faint|p2a: Dragonite
|
|-heal|p1a: Hawlucha|58/100|[from] Grassy Terrain
|upkeep
|
|t:|1759077195
|switch|p2a: Zamazenta|Zamazenta|100/100
|-ability|p2a: Zamazenta|Dauntless Shield|boost
|-boost|p2a: Zamazenta|def|1
|turn|16
|
|t:|1759077199
|move|p1a: Hawlucha|Acrobatics|p2a: Zamazenta
|-supereffective|p2a: Zamazenta
|-damage|p2a: Zamazenta|46/100
|move|p2a: Zamazenta|Body Press|p1a: Hawlucha
|-supereffective|p1a: Hawlucha
|-damage|p1a: Hawlucha|0 fnt
|faint|p1a: Hawlucha
|
|-heal|p2a: Zamazenta|53/100|[from] Grassy Terrain
|-heal|p2a: Zamazenta|59/100|[from] item: Leftovers
|upkeep
|
|t:|1759077202
|switch|p1a: Thundurus|Thundurus-Therian, M|100/100
|-damage|p1a: Thundurus|76/100|[from] Stealth Rock
|turn|17
|
|t:|1759077205
|move|p1a: Thundurus|Volt Switch|p2a: Zamazenta
|-damage|p2a: Zamazenta|26/100
|
|t:|1759077211
|switch|p1a: Volcanion|Volcanion|52/100|[from] Volt Switch
|-status|p1a: Volcanion|psn
|-damage|p1a: Volcanion|27/100 psn|[from] Stealth Rock
|move|p2a: Zamazenta|Roar|p1a: Volcanion
|drag|p1a: Thundurus|Thundurus-Therian, M|76/100
|-damage|p1a: Thundurus|51/100|[from] Stealth Rock
|
|-heal|p2a: Zamazenta|32/100|[from] Grassy Terrain
|-heal|p2a: Zamazenta|39/100|[from] item: Leftovers
|upkeep
|turn|18
|
|t:|1759077219
|switch|p2a: Glimmora|Glimmora, F|88/100
|move|p1a: Thundurus|Volt Switch|p2a: Glimmora
|-damage|p2a: Glimmora|43/100
|
|t:|1759077222
|switch|p1a: Goodra|Goodra-Hisui, M|91/100|[from] Volt Switch
|-damage|p1a: Goodra|85/100|[from] Stealth Rock
|
|-heal|p2a: Glimmora|49/100|[from] Grassy Terrain
|-heal|p1a: Goodra|91/100|[from] Grassy Terrain
|-fieldend|move: Grassy Terrain
|upkeep
|turn|19
|
|t:|1759077224
|move|p2a: Glimmora|Earth Power|p1a: Goodra
|-supereffective|p1a: Goodra
|-damage|p1a: Goodra|69/100
|move|p1a: Goodra|Flash Cannon|p2a: Glimmora
|-supereffective|p2a: Glimmora
|-damage|p2a: Glimmora|0 fnt
|faint|p2a: Glimmora
|
|upkeep
|
|t:|1759077228
|switch|p2a: Zamazenta|Zamazenta|39/100
|turn|20
|
|t:|1759077234
|switch|p1a: Volcanion|Volcanion|27/100 psn
|-damage|p1a: Volcanion|2/100 psn|[from] Stealth Rock
|move|p2a: Zamazenta|Iron Defense|p2a: Zamazenta
|-boost|p2a: Zamazenta|def|2
|
|-heal|p2a: Zamazenta|45/100|[from] item: Leftovers
|-damage|p1a: Volcanion|0 fnt|[from] psn
|faint|p1a: Volcanion
|upkeep
|
|t:|1759077237
|switch|p1a: Thundurus|Thundurus-Therian, M|51/100
|-damage|p1a: Thundurus|26/100|[from] Stealth Rock
|turn|21
|
|t:|1759077239
|move|p1a: Thundurus|Volt Switch|p2a: Zamazenta
|-damage|p2a: Zamazenta|12/100
|
|t:|1759077242
|switch|p1a: Goodra|Goodra-Hisui, M|69/100|[from] Volt Switch
|-damage|p1a: Goodra|63/100|[from] Stealth Rock
|move|p2a: Zamazenta|Body Press|p1a: Goodra
|-supereffective|p1a: Goodra
|-damage|p1a: Goodra|0 fnt
|-ability|p1a: Goodra|Gooey
|-unboost|p2a: Zamazenta|spe|1
|faint|p1a: Goodra
|
|-heal|p2a: Zamazenta|18/100|[from] item: Leftovers
|upkeep
|
|t:|1759077243
|switch|p1a: Thundurus|Thundurus-Therian, M|26/100
|-damage|p1a: Thundurus|2/100|[from] Stealth Rock
|turn|22
|
|t:|1759077247
|move|p1a: Thundurus|Volt Switch|p2a: Zamazenta
|-damage|p2a: Zamazenta|0 fnt
|faint|p2a: Zamazenta
|
|upkeep
|
|t:|1759077250
|switch|p2a: Weavile|Weavile, F|26/100
|-ability|p2a: Weavile|Pressure
|turn|23
|
|t:|1759077253
|move|p2a: Weavile|Ice Shard|p1a: Thundurus
|-supereffective|p1a: Thundurus
|-damage|p1a: Thundurus|0 fnt
|faint|p1a: Thundurus
|-damage|p2a: Weavile|17/100|[from] item: Life Orb
|
|win|ho3nconfirm3d
|raw|mansonabuluting's rating: 1783 &rarr; <strong>1773</strong><br />(-10 for losing)
|raw|ho3nconfirm3d's rating: 1983 &rarr; <strong>1993</strong><br />(+10 for winning)
|l|☆mansonabuluting
|player|p1|
|l| cryyysneasel
|l|☆ho3nconfirm3d
|player|p2|
|j| LT121GU 300
|l| LT121GU 300
