|j|☆Mark_neon
|j|☆capitolg
|t:|1759014639
|gametype|singles
|player|p1|Mark_neon|hilbert|1218
|player|p2|capitolg|bellelba|1177
|gen|9
|tier|[Gen 9] OU
|rated|
|rule|HP Percentage Mod: HP is shown in percentages
|rule|Endless Battle Clause: Forcing endless battles is banned
|rule|Species Clause: Limit one of each Pokémon
|rule|OHKO Clause: OHKO moves are banned
|rule|Evasion Items Clause: Evasion items are banned
|rule|Evasion Moves Clause: Evasion moves are banned
|rule|Evasion Abilities Clause: Evasion abilities are banned
|rule|Sleep Moves Clause: Sleep-inducing moves are banned
|clearpoke
|poke|p1|Tyranitar, M|
|poke|p1|Excadrill, M|
|poke|p1|Kingambit, F|
|poke|p1|Garchomp, F|
|poke|p1|Pecharunt|
|poke|p1|Rotom-Wash|
|poke|p2|Masquerain, F|
|poke|p2|Articuno-Galar|
|poke|p2|Smeargle, F|
|poke|p2|Empoleon, M|
|poke|p2|Passimian, M|
|poke|p2|Chandelure, M|
|teampreview
|inactive|Battle timer is ON: inactive players will automatically lose when time's up. (requested by Mark_neon)
|
|t:|1759014646
|teamsize|p1|6
|teamsize|p2|6
|start
|switch|p1a: Garchomp|Garchomp, F|100/100
|switch|p2a: Masquerain|Masquerain, F|100/100
|-ability|p2a: Masquerain|Intimidate|boost
|-unboost|p1a: Garchomp|atk|1
|turn|1
|
|t:|1759014649
|move|p1a: Garchomp|Swords Dance|p1a: Garchomp
|-boost|p1a: Garchomp|atk|2
|move|p2a: Masquerain|Sticky Web|p1a: Garchomp
|-sidestart|p1: Mark_neon|move: Sticky Web
|
|upkeep
|turn|2
|
|t:|1759014652
|move|p1a: Garchomp|Fire Fang|p2a: Masquerain
|-supereffective|p2a: Masquerain
|-enditem|p2a: Masquerain|Focus Sash
|-damage|p2a: Masquerain|1/100
|move|p2a: Masquerain|Ice Beam|p1a: Garchomp
|-supereffective|p1a: Garchomp
|-damage|p1a: Garchomp|0 fnt
|faint|p1a: Garchomp
|
|upkeep
|
|t:|1759014659
|switch|p1a: Excadrill|Excadrill, M|100/100
|-activate|p1a: Excadrill|move: Sticky Web
|-unboost|p1a: Excadrill|spe|1
|turn|3
|
|t:|1759014663
|switch|p2a: Chandelure|Chandelure, M|100/100
|move|p1a: Excadrill|Rapid Spin|p2a: Chandelure
|-immune|p2a: Chandelure
|
|upkeep
|turn|4
|
|t:|1759014672
|switch|p1a: Rotom|Rotom-Wash|100/100
|move|p2a: Chandelure|Trick Room|p2a: Chandelure
|-fieldstart|move: Trick Room|[of] p2a: Chandelure
|
|upkeep
|turn|5
|
|t:|1759014675
|switch|p2a: Smeargle|Smeargle, F|100/100
|move|p1a: Rotom|Hydro Pump|p2a: Smeargle
|-damage|p2a: Smeargle|52/100
|
|upkeep
|turn|6
|
|t:|1759014682
|move|p2a: Smeargle|Court Change|p2a: Smeargle
|-swapsideconditions
|-activate|p2a: Smeargle|move: Court Change
|move|p1a: Rotom|Hydro Pump|p2a: Smeargle
|-damage|p2a: Smeargle|1/100
|
|upkeep
|turn|7
|
|t:|1759014688
|move|p2a: Smeargle|Taunt|p1a: Rotom
|-start|p1a: Rotom|move: Taunt
|move|p1a: Rotom|Hydro Pump|p2a: Smeargle
|-damage|p2a: Smeargle|0 fnt
|faint|p2a: Smeargle
|
|upkeep
|
|t:|1759014694
|switch|p2a: Masquerain|Masquerain, F|1/100
|-ability|p2a: Masquerain|Intimidate|boost
|-unboost|p1a: Rotom|atk|1
|turn|8
|
|t:|1759014709
|move|p2a: Masquerain|Bug Buzz|p1a: Rotom
|-damage|p1a: Rotom|56/100
|move|p1a: Rotom|Volt Switch|p2a: Masquerain
|-supereffective|p2a: Masquerain
|-damage|p2a: Masquerain|0 fnt
|faint|p2a: Masquerain
|
|t:|1759014720
|switch|p1a: Tyranitar|Tyranitar, M|100/100|[from] Volt Switch
|-weather|Sandstorm|[from] ability: Sand Stream|[of] p1a: Tyranitar
|
|-weather|Sandstorm|[upkeep]
|-fieldend|move: Trick Room
|upkeep
|
|t:|1759014727
|switch|p2a: Chandelure|Chandelure, M|100/100
|-activate|p2a: Chandelure|move: Sticky Web
|-unboost|p2a: Chandelure|spe|1
|turn|9
|
|t:|1759014732
|move|p1a: Tyranitar|Knock Off|p2a: Chandelure
|-supereffective|p2a: Chandelure
|-enditem|p2a: Chandelure|Focus Sash
|-damage|p2a: Chandelure|1/100
|move|p2a: Chandelure|Trick Room|p2a: Chandelure
|-fieldstart|move: Trick Room|[of] p2a: Chandelure
|
|-weather|Sandstorm|[upkeep]
|-damage|p2a: Chandelure|0 fnt|[from] Sandstorm
|faint|p2a: Chandelure
|upkeep
|
|t:|1759014736
|switch|p2a: Passimian|Passimian, M|100/100
|-activate|p2a: Passimian|move: Sticky Web
|-unboost|p2a: Passimian|spe|1
|-ability|p2a: Passimian|Defiant|boost
|-boost|p2a: Passimian|atk|2
|turn|10
|
|t:|1759014743
|switch|p1a: Pecharunt|Pecharunt|100/100
|-item|p1a: Pecharunt|Air Balloon
|move|p2a: Passimian|Drain Punch|p1a: Pecharunt
|-immune|p1a: Pecharunt
|
|-weather|Sandstorm|[upkeep]
|-damage|p2a: Passimian|94/100|[from] Sandstorm
|-damage|p1a: Pecharunt|94/100|[from] Sandstorm
|upkeep
|turn|11
|
|t:|1759014749
|switch|p2a: Empoleon|Empoleon, M|100/100
|-activate|p2a: Empoleon|move: Sticky Web
|-unboost|p2a: Empoleon|spe|1
|-ability|p2a: Empoleon|Competitive|boost
|-boost|p2a: Empoleon|spa|2
|move|p1a: Pecharunt|Malignant Chain|p2a: Empoleon
|-immune|p2a: Empoleon
|
|-weather|Sandstorm|[upkeep]
|-damage|p1a: Pecharunt|88/100|[from] Sandstorm
|upkeep
|turn|12
|
|t:|1759014755
|switch|p1a: Tyranitar|Tyranitar, M|100/100
|move|p2a: Empoleon|Surf|p1a: Tyranitar
|-supereffective|p1a: Tyranitar
|-damage|p1a: Tyranitar|29/100
|
|-weather|Sandstorm|[upkeep]
|upkeep
|turn|13
|
|t:|1759014778
|move|p2a: Empoleon|Grass Knot|p1a: Tyranitar
|-supereffective|p1a: Tyranitar
|-damage|p1a: Tyranitar|0 fnt
|faint|p1a: Tyranitar
|
|-weather|Sandstorm|[upkeep]
|-fieldend|move: Trick Room
|upkeep
|
|t:|1759014783
|switch|p1a: Rotom|Rotom-Wash|56/100
|turn|14
|
|t:|1759014788
|move|p1a: Rotom|Hydro Pump|p2a: Empoleon
|-resisted|p2a: Empoleon
|-damage|p2a: Empoleon|89/100
|move|p2a: Empoleon|Surf|p1a: Rotom
|-resisted|p1a: Rotom
|-damage|p1a: Rotom|6/100
|
|-weather|Sandstorm|[upkeep]
|-damage|p1a: Rotom|0 fnt|[from] Sandstorm
|faint|p1a: Rotom
|upkeep
|
|t:|1759014792
|switch|p1a: Excadrill|Excadrill, M|100/100
|turn|15
|
|t:|1759014797
|-terastallize|p2a: Empoleon|Ground
|move|p2a: Empoleon|Vacuum Wave|p1a: Excadrill
|-supereffective|p1a: Excadrill
|-damage|p1a: Excadrill|28/100
|move|p1a: Excadrill|Earthquake|p2a: Empoleon
|-damage|p2a: Empoleon|17/100
|-damage|p1a: Excadrill|18/100|[from] item: Life Orb
|
|-weather|none
|upkeep
|turn|16
|
|t:|1759014810
|move|p2a: Empoleon|Vacuum Wave|p1a: Excadrill
|-supereffective|p1a: Excadrill
|-damage|p1a: Excadrill|0 fnt
|faint|p1a: Excadrill
|
|upkeep
|
|t:|1759014814
|switch|p1a: Pecharunt|Pecharunt|88/100
|-item|p1a: Pecharunt|Air Balloon
|turn|17
|inactive|capitolg has 120 seconds left.
|inactive|capitolg has 90 seconds left.
|inactive|capitolg has 60 seconds left.
|
|t:|1759014913
|move|p1a: Pecharunt|Shadow Ball|p2a: Empoleon
|-damage|p2a: Empoleon|1/100
|move|p2a: Empoleon|Surf|p1a: Pecharunt
|-damage|p1a: Pecharunt|0 fnt
|-enditem|p1a: Pecharunt|Air Balloon
|faint|p1a: Pecharunt
|
|upkeep
|
|t:|1759014919
|switch|p1a: Kingambit|Kingambit, F|100/100
|-activate|p1a: Kingambit|ability: Supreme Overlord
|-start|p1a: Kingambit|fallen5|[silent]
|turn|18
|
|t:|1759014924
|move|p1a: Kingambit|Sucker Punch|p2a: Empoleon
|-damage|p2a: Empoleon|0 fnt
|faint|p2a: Empoleon
|
|upkeep
|
|t:|1759014927
|switch|p2a: Passimian|Passimian, M|94/100
|-activate|p2a: Passimian|move: Sticky Web
|-unboost|p2a: Passimian|spe|1
|-ability|p2a: Passimian|Defiant|boost
|-boost|p2a: Passimian|atk|2
|turn|19
|
|t:|1759014931
|-terastallize|p1a: Kingambit|Dark
|move|p1a: Kingambit|Sucker Punch|p2a: Passimian
|-resisted|p2a: Passimian
|-damage|p2a: Passimian|48/100
|move|p2a: Passimian|Drain Punch|p1a: Kingambit
|-supereffective|p1a: Kingambit
|-damage|p1a: Kingambit|0 fnt
|-heal|p2a: Passimian|93/100|[from] drain|[of] p1a: Kingambit
|faint|p1a: Kingambit
|-end|p1a: Kingambit|fallen5|[silent]
|
|win|capitolg
|raw|Mark_neon's rating: 1239 &rarr; <strong>1210</strong><br />(-29 for losing)
|raw|capitolg's rating: 1177 &rarr; <strong>1206</strong><br />(+29 for winning)
|l|☆Mark_neon
|player|p1|
|l|☆capitolg
|player|p2|
