|j|☆Mongoose1235
|j|☆jabottle
|t:|1758946031
|gametype|singles
|player|p1|Mongoose1235|hilda|1311
|player|p2|jabottle|giovanni|1327
|gen|9
|tier|[Gen 9] OU
|rated|
|rule|HP Percentage Mod: HP is shown in percentages
|rule|Endless Battle Clause: Forcing endless battles is banned
|rule|Species Clause: Limit one of each Pokémon
|rule|OHKO Clause: OHKO moves are banned
|rule|Evasion Items Clause: Evasion items are banned
|rule|Evasion Moves Clause: Evasion moves are banned
|rule|Evasion Abilities Clause: Evasion abilities are banned
|rule|Sleep Moves Clause: Sleep-inducing moves are banned
|clearpoke
|poke|p1|Zamazenta-*|
|poke|p1|Ceruledge, M|
|poke|p1|Dondozo, F|
|poke|p1|Scizor, F|
|poke|p1|Iron Treads|
|poke|p1|Kingambit, M|
|poke|p2|Landorus-Therian, M|
|poke|p2|Samurott-Hisui, F|
|poke|p2|Pecharunt|
|poke|p2|Scizor, M|
|poke|p2|Latios, M|
|poke|p2|Zamazenta-*|
|teampreview
|inactive|Battle timer is ON: inactive players will automatically lose when time's up. (requested by Mongoose1235)
|
|t:|1758946041
|teamsize|p1|6
|teamsize|p2|6
|start
|switch|p1a: Iron Treads|Iron Treads|100/100
|switch|p2a: Samurott|Samurott-Hisui, F|100/100
|-enditem|p1a: Iron Treads|Booster Energy
|-activate|p1a: Iron Treads|ability: Quark Drive|[fromitem]
|-start|p1a: Iron Treads|quarkdrivespe
|turn|1
|
|t:|1758946065
|move|p1a: Iron Treads|Earthquake|p2a: Samurott
|-damage|p2a: Samurott|43/100
|move|p2a: Samurott|Ceaseless Edge|p1a: Iron Treads
|-damage|p1a: Iron Treads|61/100
|-sidestart|p1: Mongoose1235|Spikes
|
|upkeep
|turn|2
|
|t:|1758946077
|move|p1a: Iron Treads|Rapid Spin|p2a: Samurott
|-damage|p2a: Samurott|23/100
|-boost|p1a: Iron Treads|spe|1
|-sideend|p1: Mongoose1235|Spikes|[from] move: Rapid Spin|[of] p1a: Iron Treads
|move|p2a: Samurott|Razor Shell|p1a: Iron Treads
|-supereffective|p1a: Iron Treads
|-damage|p1a: Iron Treads|0 fnt
|faint|p1a: Iron Treads
|-end|p1a: Iron Treads|Quark Drive|[silent]
|
|upkeep
|
|t:|1758946089
|switch|p1a: Scizor|Scizor, F|100/100
|turn|3
|
|t:|1758946094
|move|p1a: Scizor|Bullet Punch|p2a: Samurott
|-resisted|p2a: Samurott
|-damage|p2a: Samurott|0 fnt
|faint|p2a: Samurott
|
|upkeep
|
|t:|1758946096
|switch|p2a: Landorus|Landorus-Therian, M|100/100
|-ability|p2a: Landorus|Intimidate|boost
|-unboost|p1a: Scizor|atk|1
|turn|4
|
|t:|1758946108
|switch|p1a: Ceruledge|Ceruledge, M|100/100
|move|p2a: Landorus|Stealth Rock|p1a: Ceruledge
|-sidestart|p1: Mongoose1235|move: Stealth Rock
|
|upkeep
|turn|5
|
|t:|1758946127
|move|p1a: Ceruledge|Endure|p1a: Ceruledge
|-singleturn|p1a: Ceruledge|move: Endure
|move|p2a: Landorus|Earthquake|p1a: Ceruledge
|-supereffective|p1a: Ceruledge
|-activate|p1a: Ceruledge|move: Endure
|-damage|p1a: Ceruledge|1/100
|-ability|p1a: Ceruledge|Weak Armor|boost
|-unboost|p1a: Ceruledge|def|1
|-boost|p1a: Ceruledge|spe|2
|-enditem|p1a: Ceruledge|Weakness Policy
|-boost|p1a: Ceruledge|atk|2|[from] item: Weakness Policy
|-boost|p1a: Ceruledge|spa|2|[from] item: Weakness Policy
|
|upkeep
|turn|6
|
|t:|1758946147
|move|p1a: Ceruledge|Bitter Blade|p2a: Landorus
|-damage|p2a: Landorus|7/100
|-heal|p1a: Ceruledge|62/100|[from] drain|[of] p2a: Landorus
|-damage|p1a: Ceruledge|46/100|[from] item: Rocky Helmet|[of] p2a: Landorus
|move|p2a: Landorus|U-turn|p1a: Ceruledge
|-resisted|p1a: Ceruledge
|-damage|p1a: Ceruledge|33/100
|-ability|p1a: Ceruledge|Weak Armor|boost
|-unboost|p1a: Ceruledge|def|1
|-boost|p1a: Ceruledge|spe|2
|
|t:|1758946155
|switch|p2a: Zamazenta|Zamazenta|100/100|[from] U-turn
|-ability|p2a: Zamazenta|Dauntless Shield|boost
|-boost|p2a: Zamazenta|def|1
|
|upkeep
|turn|7
|
|t:|1758946162
|move|p1a: Ceruledge|Bitter Blade|p2a: Zamazenta
|-damage|p2a: Zamazenta|56/100
|-heal|p1a: Ceruledge|60/100|[from] drain|[of] p2a: Zamazenta
|move|p2a: Zamazenta|Crunch|p1a: Ceruledge
|-supereffective|p1a: Ceruledge
|-damage|p1a: Ceruledge|0 fnt
|faint|p1a: Ceruledge
|
|-heal|p2a: Zamazenta|62/100|[from] item: Leftovers
|upkeep
|
|t:|1758946174
|switch|p1a: Dondozo|Dondozo, F|100/100
|-damage|p1a: Dondozo|88/100|[from] Stealth Rock
|turn|8
|
|t:|1758946189
|move|p1a: Dondozo|Curse|p1a: Dondozo
|-unboost|p1a: Dondozo|spe|1
|-boost|p1a: Dondozo|atk|1
|-boost|p1a: Dondozo|def|1
|move|p2a: Zamazenta|Roar|p1a: Dondozo
|drag|p1a: Kingambit|Kingambit, M|100/100
|-damage|p1a: Kingambit|94/100|[from] Stealth Rock
|-activate|p1a: Kingambit|ability: Supreme Overlord
|-start|p1a: Kingambit|fallen2|[silent]
|
|-heal|p2a: Zamazenta|68/100|[from] item: Leftovers
|upkeep
|turn|9
|
|t:|1758946203
|-end|p1a: Kingambit|fallen2|[silent]
|switch|p1a: Dondozo|Dondozo, F|88/100
|-damage|p1a: Dondozo|75/100|[from] Stealth Rock
|move|p2a: Zamazenta|Iron Defense|p2a: Zamazenta
|-boost|p2a: Zamazenta|def|2
|
|-heal|p2a: Zamazenta|74/100|[from] item: Leftovers
|-heal|p1a: Dondozo|82/100|[from] item: Leftovers
|upkeep
|turn|10
|
|t:|1758946212
|move|p1a: Dondozo|Wave Crash|p2a: Zamazenta
|-damage|p2a: Zamazenta|45/100
|-damage|p1a: Dondozo|75/100|[from] Recoil
|move|p2a: Zamazenta|Roar|p1a: Dondozo
|drag|p1a: Scizor|Scizor, F|100/100
|-damage|p1a: Scizor|88/100|[from] Stealth Rock
|
|-heal|p2a: Zamazenta|51/100|[from] item: Leftovers
|upkeep
|turn|11
|
|t:|1758946217
|move|p2a: Zamazenta|Body Press|p1a: Scizor
|-crit|p1a: Scizor
|-damage|p1a: Scizor|0 fnt
|faint|p1a: Scizor
|
|-heal|p2a: Zamazenta|57/100|[from] item: Leftovers
|upkeep
|
|t:|1758946236
|switch|p1a: Dondozo|Dondozo, F|75/100
|-damage|p1a: Dondozo|63/100|[from] Stealth Rock
|turn|12
|
|t:|1758946252
|switch|p2a: Landorus|Landorus-Therian, M|7/100
|-ability|p2a: Landorus|Intimidate|boost
|-unboost|p1a: Dondozo|atk|1
|move|p1a: Dondozo|Wave Crash|p2a: Landorus
|-supereffective|p2a: Landorus
|-damage|p2a: Landorus|0 fnt
|-damage|p1a: Dondozo|46/100|[from] item: Rocky Helmet|[of] p2a: Landorus
|faint|p2a: Landorus
|-damage|p1a: Dondozo|44/100|[from] Recoil
|
|-heal|p1a: Dondozo|50/100|[from] item: Leftovers
|upkeep
|
|t:|1758946257
|switch|p2a: Latios|Latios, M|100/100
|turn|13
|
|t:|1758946266
|move|p2a: Latios|Draco Meteor|p1a: Dondozo
|-damage|p1a: Dondozo|1/100
|-unboost|p2a: Latios|spa|2
|move|p1a: Dondozo|Rest|p1a: Dondozo
|-status|p1a: Dondozo|slp|[from] move: Rest
|-heal|p1a: Dondozo|100/100 slp|[silent]
|
|upkeep
|turn|14
|
|t:|1758946273
|switch|p2a: Pecharunt|Pecharunt|100/100
|cant|p1a: Dondozo|slp
|move|p1a: Dondozo|Sleep Talk|p1a: Dondozo
|move|p1a: Dondozo|Rest||[from] move: Sleep Talk|[still]
|-fail|p1a: Dondozo
|
|upkeep
|turn|15
|
|t:|1758946276
|move|p2a: Pecharunt|Parting Shot|p1a: Dondozo
|-unboost|p1a: Dondozo|atk|1
|-unboost|p1a: Dondozo|spa|1
|
|t:|1758946280
|switch|p2a: Latios|Latios, M|100/100|[from] Parting Shot
|cant|p1a: Dondozo|slp
|move|p1a: Dondozo|Sleep Talk|p1a: Dondozo
|move|p1a: Dondozo|Curse|p1a: Dondozo|[from] move: Sleep Talk
|-unboost|p1a: Dondozo|spe|1
|-boost|p1a: Dondozo|atk|1
|-boost|p1a: Dondozo|def|1
|
|upkeep
|turn|16
|
|t:|1758946289
|move|p2a: Latios|Psychic Noise|p1a: Dondozo
|-damage|p1a: Dondozo|69/100 slp
|-start|p1a: Dondozo|move: Heal Block
|-curestatus|p1a: Dondozo|slp|[msg]
|move|p1a: Dondozo|Curse|p1a: Dondozo
|-unboost|p1a: Dondozo|spe|1
|-boost|p1a: Dondozo|atk|1
|-boost|p1a: Dondozo|def|1
|
|upkeep
|turn|17
|
|t:|1758946310
|move|p2a: Latios|Psychic Noise|p1a: Dondozo
|-damage|p1a: Dondozo|37/100
|move|p1a: Dondozo|Wave Crash|p2a: Latios
|-resisted|p2a: Latios
|-damage|p2a: Latios|75/100
|-damage|p1a: Dondozo|32/100|[from] Recoil
|
|-end|p1a: Dondozo|move: Heal Block
|upkeep
|turn|18
|
|t:|1758946321
|switch|p1a: Kingambit|Kingambit, M|94/100
|-damage|p1a: Kingambit|88/100|[from] Stealth Rock
|-activate|p1a: Kingambit|ability: Supreme Overlord
|-start|p1a: Kingambit|fallen3|[silent]
|move|p2a: Latios|Draco Meteor|p1a: Kingambit
|-resisted|p1a: Kingambit
|-damage|p1a: Kingambit|48/100
|-unboost|p2a: Latios|spa|2
|
|upkeep
|turn|19
|
|t:|1758946328
|switch|p2a: Zamazenta|Zamazenta|57/100
|move|p1a: Kingambit|Kowtow Cleave|p2a: Zamazenta
|-resisted|p2a: Zamazenta
|-damage|p2a: Zamazenta|32/100
|
|-heal|p2a: Zamazenta|38/100|[from] item: Leftovers
|upkeep
|turn|20
|
|t:|1758946341
|-end|p1a: Kingambit|fallen3|[silent]
|switch|p1a: Zamazenta|Zamazenta|100/100
|-damage|p1a: Zamazenta|94/100|[from] Stealth Rock
|-ability|p1a: Zamazenta|Dauntless Shield|boost
|-boost|p1a: Zamazenta|def|1
|move|p2a: Zamazenta|Body Press|p1a: Zamazenta
|-damage|p1a: Zamazenta|70/100
|
|-heal|p1a: Zamazenta|76/100|[from] item: Leftovers
|-heal|p2a: Zamazenta|44/100|[from] item: Leftovers
|upkeep
|turn|21
|
|t:|1758946346
|move|p1a: Zamazenta|Body Press|p2a: Zamazenta
|-damage|p2a: Zamazenta|9/100
|move|p2a: Zamazenta|Roar|p1a: Zamazenta
|drag|p1a: Dondozo|Dondozo, F|32/100
|-damage|p1a: Dondozo|19/100|[from] Stealth Rock
|
|-heal|p2a: Zamazenta|15/100|[from] item: Leftovers
|-heal|p1a: Dondozo|25/100|[from] item: Leftovers
|upkeep
|turn|22
|
|t:|1758946353
|move|p2a: Zamazenta|Body Press|p1a: Dondozo
|-damage|p1a: Dondozo|2/100
|move|p1a: Dondozo|Rest|p1a: Dondozo
|-status|p1a: Dondozo|slp|[from] move: Rest
|-heal|p1a: Dondozo|100/100 slp|[silent]
|
|-heal|p2a: Zamazenta|21/100|[from] item: Leftovers
|upkeep
|turn|23
|
|t:|1758946374
|switch|p2a: Scizor|Scizor, M|100/100
|cant|p1a: Dondozo|slp
|move|p1a: Dondozo|Sleep Talk|p1a: Dondozo
|move|p1a: Dondozo|Curse|p1a: Dondozo|[from] move: Sleep Talk
|-unboost|p1a: Dondozo|spe|1
|-boost|p1a: Dondozo|atk|1
|-boost|p1a: Dondozo|def|1
|
|upkeep
|turn|24
|
|t:|1758946380
|-terastallize|p2a: Scizor|Electric
|move|p2a: Scizor|Tera Blast|p1a: Dondozo|[anim] Tera Blast Electric
|-supereffective|p1a: Dondozo
|-damage|p1a: Dondozo|62/100 slp
|cant|p1a: Dondozo|slp
|move|p1a: Dondozo|Sleep Talk|p1a: Dondozo
|move|p1a: Dondozo|Curse|p1a: Dondozo|[from] move: Sleep Talk
|-unboost|p1a: Dondozo|spe|1
|-boost|p1a: Dondozo|atk|1
|-boost|p1a: Dondozo|def|1
|
|-heal|p1a: Dondozo|68/100 slp|[from] item: Leftovers
|upkeep
|turn|25
|
|t:|1758946400
|move|p2a: Scizor|Tera Blast|p1a: Dondozo|[anim] Tera Blast Electric
|-supereffective|p1a: Dondozo
|-damage|p1a: Dondozo|40/100 slp
|-curestatus|p1a: Dondozo|slp|[msg]
|move|p1a: Dondozo|Curse|p1a: Dondozo
|-unboost|p1a: Dondozo|spe|1
|-boost|p1a: Dondozo|atk|1
|-boost|p1a: Dondozo|def|1
|
|-heal|p1a: Dondozo|46/100|[from] item: Leftovers
|upkeep
|turn|26
|
|t:|1758946412
|move|p2a: Scizor|Tera Blast|p1a: Dondozo|[anim] Tera Blast Electric
|-supereffective|p1a: Dondozo
|-damage|p1a: Dondozo|22/100
|move|p1a: Dondozo|Curse|p1a: Dondozo
|-unboost|p1a: Dondozo|spe|1
|-boost|p1a: Dondozo|atk|1
|-boost|p1a: Dondozo|def|1
|
|-heal|p1a: Dondozo|28/100|[from] item: Leftovers
|upkeep
|turn|27
|
|t:|1758946417
|move|p2a: Scizor|Tera Blast|p1a: Dondozo|[anim] Tera Blast Electric
|-supereffective|p1a: Dondozo
|-damage|p1a: Dondozo|8/100
|move|p1a: Dondozo|Rest|p1a: Dondozo
|-status|p1a: Dondozo|slp|[from] move: Rest
|-heal|p1a: Dondozo|100/100 slp|[silent]
|
|upkeep
|turn|28
|
|t:|1758946419
|switch|p2a: Zamazenta|Zamazenta|21/100
|cant|p1a: Dondozo|slp
|move|p1a: Dondozo|Sleep Talk|p1a: Dondozo
|move|p1a: Dondozo|Rest||[from] move: Sleep Talk|[still]
|-fail|p1a: Dondozo
|
|-heal|p2a: Zamazenta|27/100|[from] item: Leftovers
|upkeep
|turn|29
|
|t:|1758946432
|cant|p1a: Dondozo|slp
|move|p1a: Dondozo|Sleep Talk|p1a: Dondozo
|move|p1a: Dondozo|Curse|p1a: Dondozo|[from] move: Sleep Talk
|-unboost|p1a: Dondozo|spe|1
|-boost|p1a: Dondozo|atk|1
|-boost|p1a: Dondozo|def|1
|move|p2a: Zamazenta|Roar|p1a: Dondozo
|drag|p1a: Zamazenta|Zamazenta|76/100
|-damage|p1a: Zamazenta|70/100|[from] Stealth Rock
|
|-heal|p1a: Zamazenta|76/100|[from] item: Leftovers
|-heal|p2a: Zamazenta|33/100|[from] item: Leftovers
|upkeep
|turn|30
|
|t:|1758946441
|switch|p2a: Pecharunt|Pecharunt|100/100
|move|p1a: Zamazenta|Iron Defense|p1a: Zamazenta
|-boost|p1a: Zamazenta|def|2
|
|-heal|p1a: Zamazenta|82/100|[from] item: Leftovers
|upkeep
|turn|31
|
|t:|1758946453
|move|p1a: Zamazenta|Substitute|p1a: Zamazenta
|-start|p1a: Zamazenta|Substitute
|-damage|p1a: Zamazenta|58/100
|move|p2a: Pecharunt|Malignant Chain|p1a: Zamazenta
|-end|p1a: Zamazenta|Substitute
|
|-heal|p1a: Zamazenta|64/100|[from] item: Leftovers
|upkeep
|turn|32
|
|t:|1758946459
|move|p1a: Zamazenta|Crunch|p2a: Pecharunt
|-supereffective|p2a: Pecharunt
|-damage|p2a: Pecharunt|74/100
|move|p2a: Pecharunt|Parting Shot|p1a: Zamazenta
|-unboost|p1a: Zamazenta|atk|1
|-unboost|p1a: Zamazenta|spa|1
|
|t:|1758946462
|switch|p2a: Latios|Latios, M|75/100|[from] Parting Shot
|
|-heal|p1a: Zamazenta|70/100|[from] item: Leftovers
|upkeep
|turn|33
|
|t:|1758946466
|move|p1a: Zamazenta|Body Press|p2a: Latios
|-resisted|p2a: Latios
|-damage|p2a: Latios|34/100
|move|p2a: Latios|Recover|p2a: Latios
|-heal|p2a: Latios|85/100
|
|-heal|p1a: Zamazenta|76/100|[from] item: Leftovers
|upkeep
|turn|34
|
|t:|1758946472
|move|p1a: Zamazenta|Body Press|p2a: Latios
|-resisted|p2a: Latios
|-damage|p2a: Latios|46/100
|move|p2a: Latios|Psychic Noise|p1a: Zamazenta
|-supereffective|p1a: Zamazenta
|-damage|p1a: Zamazenta|0 fnt
|faint|p1a: Zamazenta
|
|upkeep
|
|t:|1758946478
|switch|p1a: Kingambit|Kingambit, M|48/100
|-damage|p1a: Kingambit|41/100|[from] Stealth Rock
|-activate|p1a: Kingambit|ability: Supreme Overlord
|-start|p1a: Kingambit|fallen4|[silent]
|turn|35
|
|t:|1758946486
|switch|p2a: Pecharunt|Pecharunt|74/100
|move|p1a: Kingambit|Sucker Punch||[still]
|-fail|p1a: Kingambit
|
|upkeep
|turn|36
|
|t:|1758946492
|move|p2a: Pecharunt|Parting Shot|p1a: Kingambit
|-unboost|p1a: Kingambit|atk|1
|-unboost|p1a: Kingambit|spa|1
|
|t:|1758946500
|switch|p2a: Zamazenta|Zamazenta|33/100|[from] Parting Shot
|move|p1a: Kingambit|Kowtow Cleave|p2a: Zamazenta
|-resisted|p2a: Zamazenta
|-damage|p2a: Zamazenta|12/100
|
|-heal|p2a: Zamazenta|18/100|[from] item: Leftovers
|upkeep
|turn|37
|
|t:|1758946507
|-end|p1a: Kingambit|fallen4|[silent]
|switch|p1a: Dondozo|Dondozo, F|100/100 slp
|-damage|p1a: Dondozo|88/100 slp|[from] Stealth Rock
|move|p2a: Zamazenta|Iron Defense|p2a: Zamazenta
|-boost|p2a: Zamazenta|def|2
|
|-heal|p2a: Zamazenta|24/100|[from] item: Leftovers
|-heal|p1a: Dondozo|94/100 slp|[from] item: Leftovers
|upkeep
|turn|38
|
|t:|1758946512
|-curestatus|p1a: Dondozo|slp|[msg]
|move|p1a: Dondozo|Wave Crash|p2a: Zamazenta
|-damage|p2a: Zamazenta|0 fnt
|faint|p2a: Zamazenta
|-damage|p1a: Dondozo|89/100|[from] Recoil
|
|-heal|p1a: Dondozo|95/100|[from] item: Leftovers
|upkeep
|
|t:|1758946518
|switch|p2a: Latios|Latios, M|46/100
|turn|39
|
|t:|1758946529
|move|p2a: Latios|Recover|p2a: Latios
|-heal|p2a: Latios|96/100
|move|p1a: Dondozo|Wave Crash|p2a: Latios
|-resisted|p2a: Latios
|-damage|p2a: Latios|70/100
|-damage|p1a: Dondozo|90/100|[from] Recoil
|
|-heal|p1a: Dondozo|96/100|[from] item: Leftovers
|upkeep
|turn|40
|
|t:|1758946546
|move|p2a: Latios|Psychic Noise|p1a: Dondozo
|-damage|p1a: Dondozo|68/100
|-start|p1a: Dondozo|move: Heal Block
|move|p1a: Dondozo|Curse|p1a: Dondozo
|-unboost|p1a: Dondozo|spe|1
|-boost|p1a: Dondozo|atk|1
|-boost|p1a: Dondozo|def|1
|
|upkeep
|turn|41
|
|t:|1758946553
|move|p2a: Latios|Psychic Noise|p1a: Dondozo
|-damage|p1a: Dondozo|36/100
|move|p1a: Dondozo|Wave Crash|p2a: Latios
|-resisted|p2a: Latios
|-damage|p2a: Latios|27/100
|-damage|p1a: Dondozo|28/100|[from] Recoil
|
|-end|p1a: Dondozo|move: Heal Block
|upkeep
|turn|42
|
|t:|1758946561
|move|p2a: Latios|Psychic Noise|p1a: Dondozo
|-damage|p1a: Dondozo|0 fnt
|faint|p1a: Dondozo
|
|upkeep
|
|t:|1758946564
|switch|p1a: Kingambit|Kingambit, M|41/100
|-damage|p1a: Kingambit|35/100|[from] Stealth Rock
|-activate|p1a: Kingambit|ability: Supreme Overlord
|-start|p1a: Kingambit|fallen5|[silent]
|turn|43
|
|t:|1758946579
|move|p2a: Latios|Draco Meteor|p1a: Kingambit
|-resisted|p1a: Kingambit
|-damage|p1a: Kingambit|0 fnt
|-unboost|p2a: Latios|spa|2
|faint|p1a: Kingambit
|-end|p1a: Kingambit|fallen5|[silent]
|
|win|jabottle
|raw|Mongoose1235's rating: 1311 &rarr; <strong>1292</strong><br />(-19 for losing)
|raw|jabottle's rating: 1327 &rarr; <strong>1346</strong><br />(+19 for winning)
|l|☆Mongoose1235
|player|p1|
|l|☆jabottle
|player|p2|
