|j|☆pastagirl
|j|☆GummyDeino
|t:|1758997999
|gametype|singles
|player|p1|pastagirl|elesa|1709
|player|p2|GummyDeino|2|1593
|gen|9
|tier|[Gen 9] OU
|rated|
|rule|HP Percentage Mod: HP is shown in percentages
|rule|Endless Battle Clause: Forcing endless battles is banned
|rule|Species Clause: Limit one of each Pokémon
|rule|OHKO Clause: OHKO moves are banned
|rule|Evasion Items Clause: Evasion items are banned
|rule|Evasion Moves Clause: Evasion moves are banned
|rule|Evasion Abilities Clause: Evasion abilities are banned
|rule|Sleep Moves Clause: Sleep-inducing moves are banned
|clearpoke
|poke|p1|Cresselia, F|
|poke|p1|Hatterene, F|
|poke|p1|Porygon2|
|poke|p1|Ursaluna, M|
|poke|p1|Iron Hands|
|poke|p1|Enamorus-Therian, F|
|poke|p2|Indeedee, M|
|poke|p2|Hatterene, F|
|poke|p2|Ursaluna, F|
|poke|p2|Iron Hands|
|poke|p2|Hoopa-Unbound|
|poke|p2|Mimikyu, F|
|teampreview
|inactive|Battle timer is ON: inactive players will automatically lose when time's up. (requested by GummyDeino)
|
|t:|1758998013
|teamsize|p1|6
|teamsize|p2|6
|start
|switch|p1a: THE ELEPHANT MAN|Iron Hands|100/100
|switch|p2a: Catch These Hands|Iron Hands, shiny|100/100
|-enditem|p2a: Catch These Hands|Booster Energy
|-activate|p2a: Catch These Hands|ability: Quark Drive|[fromitem]
|-start|p2a: Catch These Hands|quarkdriveatk
|turn|1
|
|t:|1758998023
|move|p2a: Catch These Hands|Close Combat|p1a: THE ELEPHANT MAN
|-damage|p1a: THE ELEPHANT MAN|42/100
|-unboost|p2a: Catch These Hands|def|1
|-unboost|p2a: Catch These Hands|spd|1
|move|p1a: THE ELEPHANT MAN|Earthquake|p2a: Catch These Hands
|-supereffective|p2a: Catch These Hands
|-damage|p2a: Catch These Hands|0 fnt
|faint|p2a: Catch These Hands
|-end|p2a: Catch These Hands|Quark Drive|[silent]
|-damage|p1a: THE ELEPHANT MAN|32/100|[from] item: Life Orb
|
|upkeep
|
|t:|1758998032
|switch|p2a: Ayo Doc Heal Me|Indeedee, M, shiny|100/100
|-fieldstart|move: Psychic Terrain|[from] ability: Psychic Surge|[of] p2a: Ayo Doc Heal Me
|turn|2
|
|t:|1758998037
|-end|p1a: THE ELEPHANT MAN|Quark Drive|[silent]
|switch|p1a: LOST HIGHWAY|Cresselia, F|100/100
|move|p2a: Ayo Doc Heal Me|Expanding Force|p1a: LOST HIGHWAY
|-resisted|p1a: LOST HIGHWAY
|-damage|p1a: LOST HIGHWAY|82/100
|
|upkeep
|turn|3
|
|t:|1758998044
|switch|p2a: 5 Nights In TR|Ursaluna, F, shiny|100/100
|move|p1a: LOST HIGHWAY|Trick Room|p1a: LOST HIGHWAY
|-fieldstart|move: Trick Room|[of] p1a: LOST HIGHWAY
|
|-status|p2a: 5 Nights In TR|brn|[from] item: Flame Orb
|upkeep
|turn|4
|
|t:|1758998057
|-terastallize|p2a: 5 Nights In TR|Normal
|move|p2a: 5 Nights In TR|Facade|p1a: LOST HIGHWAY
|-damage|p1a: LOST HIGHWAY|0 fnt
|faint|p1a: LOST HIGHWAY
|
|-damage|p2a: 5 Nights In TR|94/100 brn|[from] brn
|upkeep
|
|t:|1758998061
|switch|p1a: THE ELEPHANT MAN|Iron Hands|32/100
|turn|5
|
|t:|1758998066
|switch|p2a: Satella|Hatterene, F, shiny|100/100
|move|p1a: THE ELEPHANT MAN|Close Combat|p2a: Satella
|-resisted|p2a: Satella
|-damage|p2a: Satella|75/100
|-unboost|p1a: THE ELEPHANT MAN|def|1
|-unboost|p1a: THE ELEPHANT MAN|spd|1
|-damage|p1a: THE ELEPHANT MAN|22/100|[from] item: Life Orb
|
|upkeep
|turn|6
|
|t:|1758998075
|move|p2a: Satella|Expanding Force|p1a: THE ELEPHANT MAN
|-supereffective|p1a: THE ELEPHANT MAN
|-damage|p1a: THE ELEPHANT MAN|0 fnt
|faint|p1a: THE ELEPHANT MAN
|-end|p1a: THE ELEPHANT MAN|Quark Drive|[silent]
|-damage|p2a: Satella|65/100|[from] item: Life Orb
|
|upkeep
|
|t:|1758998085
|switch|p1a: ERASERHEAD|Porygon2|100/100
|-ability|p1a: ERASERHEAD|Download|boost
|-boost|p1a: ERASERHEAD|atk|1
|turn|7
|
|t:|1758998089
|move|p2a: Satella|Expanding Force|p1a: ERASERHEAD
|-damage|p1a: ERASERHEAD|24/100
|-damage|p2a: Satella|55/100|[from] item: Life Orb
|move|p1a: ERASERHEAD|Tera Blast|p2a: Satella
|-damage|p2a: Satella|14/100
|
|-fieldend|move: Trick Room
|upkeep
|turn|8
|
|t:|1758998097
|switch|p2a: Mimi :3|Mimikyu, F, shiny|100/100
|move|p1a: ERASERHEAD|Ice Beam|p2a: Mimi :3
|-activate|p2a: Mimi :3|ability: Disguise
|-damage|p2a: Mimi :3|100/100
|detailschange|p2a: Mimi :3|Mimikyu-Busted, F, shiny
|-damage|p2a: Mimi :3|88/100|[from] pokemon: Mimikyu-Busted
|-enditem|p2a: Mimi :3|Red Card|[of] p1a: ERASERHEAD
|drag|p1a: WILD AT HEART|Ursaluna, M|100/100
|
|-status|p1a: WILD AT HEART|brn|[from] item: Flame Orb
|upkeep
|turn|9
|
|t:|1758998107
|move|p1a: WILD AT HEART|Headlong Rush|p2a: Mimi :3
|-damage|p2a: Mimi :3|0 fnt
|-unboost|p1a: WILD AT HEART|def|1
|-unboost|p1a: WILD AT HEART|spd|1
|faint|p2a: Mimi :3
|
|-damage|p1a: WILD AT HEART|94/100 brn|[from] brn
|-fieldend|move: Psychic Terrain
|upkeep
|
|t:|1758998117
|switch|p2a: Sukuna|Hoopa-Unbound|100/100
|turn|10
|
|t:|1758998123
|move|p2a: Sukuna|Focus Blast|p1a: WILD AT HEART|[miss]
|-miss|p2a: Sukuna|p1a: WILD AT HEART
|move|p1a: WILD AT HEART|Facade|p2a: Sukuna
|-damage|p2a: Sukuna|0 fnt
|faint|p2a: Sukuna
|
|-damage|p1a: WILD AT HEART|88/100 brn|[from] brn
|upkeep
|
|t:|1758998131
|switch|p2a: Ayo Doc Heal Me|Indeedee, M, shiny|100/100
|-fieldstart|move: Psychic Terrain|[from] ability: Psychic Surge|[of] p2a: Ayo Doc Heal Me
|turn|11
|inactive|pastagirl has 120 seconds left.
|inactive|pastagirl has 90 seconds left.
|
|t:|1758998204
|switch|p1a: ERASERHEAD|Porygon2|24/100
|-ability|p1a: ERASERHEAD|Download|boost
|-boost|p1a: ERASERHEAD|spa|1
|move|p2a: Ayo Doc Heal Me|Expanding Force|p1a: ERASERHEAD
|-damage|p1a: ERASERHEAD|0 fnt
|faint|p1a: ERASERHEAD
|
|upkeep
|
|t:|1758998206
|switch|p1a: BLUE VELVET|Hatterene, F|100/100
|turn|12
|
|t:|1758998214
|move|p2a: Ayo Doc Heal Me|Expanding Force|p1a: BLUE VELVET
|-resisted|p1a: BLUE VELVET
|-damage|p1a: BLUE VELVET|69/100
|move|p1a: BLUE VELVET|Trick Room|p1a: BLUE VELVET
|-fieldstart|move: Trick Room|[of] p1a: BLUE VELVET
|
|upkeep
|turn|13
|
|t:|1758998224
|switch|p1a: INLAND EMPIRE|Enamorus-Therian, F|100/100
|move|p2a: Ayo Doc Heal Me|Healing Wish|p2a: Ayo Doc Heal Me
|faint|p2a: Ayo Doc Heal Me
|
|upkeep
|
|t:|1758998229
|switch|p2a: Satella|Hatterene, F, shiny|14/100
|-heal|p2a: Satella|100/100|[from] move: Healing Wish
|turn|14
|
|t:|1758998233
|-terastallize|p1a: INLAND EMPIRE|Fairy
|move|p2a: Satella|Expanding Force|p1a: INLAND EMPIRE
|-damage|p1a: INLAND EMPIRE|0 fnt
|faint|p1a: INLAND EMPIRE
|-damage|p2a: Satella|91/100|[from] item: Life Orb
|
|upkeep
|
|t:|1758998241
|switch|p1a: BLUE VELVET|Hatterene, F|69/100
|turn|15
|
|t:|1758998244
|move|p1a: BLUE VELVET|Mystical Fire|p2a: Satella
|-damage|p2a: Satella|68/100
|-unboost|p2a: Satella|spa|1
|move|p2a: Satella|Expanding Force|p1a: BLUE VELVET
|-resisted|p1a: BLUE VELVET
|-damage|p1a: BLUE VELVET|25/100
|-damage|p2a: Satella|59/100|[from] item: Life Orb
|
|upkeep
|turn|16
|
|t:|1758998252
|move|p1a: BLUE VELVET|Mystical Fire|p2a: Satella
|-damage|p2a: Satella|34/100
|-unboost|p2a: Satella|spa|1
|move|p2a: Satella|Trick Room|p2a: Satella
|-fieldend|move: Trick Room
|
|upkeep
|turn|17
|
|t:|1758998257
|move|p2a: Satella|Trick Room|p2a: Satella
|-fieldstart|move: Trick Room|[of] p2a: Satella
|move|p1a: BLUE VELVET|Trick Room|p1a: BLUE VELVET
|-fieldend|move: Trick Room
|
|upkeep
|turn|18
|
|t:|1758998262
|move|p2a: Satella|Trick Room|p2a: Satella
|-fieldstart|move: Trick Room|[of] p2a: Satella
|move|p1a: BLUE VELVET|Trick Room|p1a: BLUE VELVET
|-fieldend|move: Trick Room
|
|-fieldend|move: Psychic Terrain
|upkeep
|turn|19
|
|t:|1758998268
|move|p2a: Satella|Expanding Force|p1a: BLUE VELVET
|-resisted|p1a: BLUE VELVET
|-damage|p1a: BLUE VELVET|10/100
|-damage|p2a: Satella|24/100|[from] item: Life Orb
|move|p1a: BLUE VELVET|Mystical Fire|p2a: Satella
|-damage|p2a: Satella|2/100
|-unboost|p2a: Satella|spa|1
|
|upkeep
|turn|20
|
|t:|1758998279
|move|p2a: Satella|Trick Room|p2a: Satella
|-fieldstart|move: Trick Room|[of] p2a: Satella
|move|p1a: BLUE VELVET|Trick Room|p1a: BLUE VELVET
|-fieldend|move: Trick Room
|
|upkeep
|turn|21
|
|t:|1758998285
|move|p2a: Satella|Trick Room|p2a: Satella
|-fieldstart|move: Trick Room|[of] p2a: Satella
|move|p1a: BLUE VELVET|Trick Room|p1a: BLUE VELVET
|-fieldend|move: Trick Room
|
|upkeep
|turn|22
|
|t:|1758998288
|move|p2a: Satella|Draining Kiss|p1a: BLUE VELVET
|-damage|p1a: BLUE VELVET|0 fnt
|-heal|p2a: Satella|9/100|[from] drain|[of] p1a: BLUE VELVET
|faint|p1a: BLUE VELVET
|-damage|p2a: Satella|0 fnt|[from] item: Life Orb
|faint|p2a: Satella
|
|upkeep
|
|t:|1758998294
|switch|p2a: 5 Nights In TR|Ursaluna, F, shiny, tera:Normal|94/100 brn
|switch|p1a: WILD AT HEART|Ursaluna, M|88/100 brn
|turn|23
|
|t:|1758998298
|move|p2a: 5 Nights In TR|Facade|p1a: WILD AT HEART
|-damage|p1a: WILD AT HEART|0 fnt
|faint|p1a: WILD AT HEART
|
|win|GummyDeino
|raw|pastagirl's rating: 1709 &rarr; <strong>1683</strong><br />(-26 for losing)
|raw|GummyDeino's rating: 1593 &rarr; <strong>1619</strong><br />(+26 for winning)
|l|☆pastagirl
|player|p1|
|l|☆GummyDeino
|player|p2|
