|j|☆Shibuya Arc
|j|☆healorant
|t:|1758974904
|gametype|singles
|player|p1|Shibuya Arc|265|1775
|player|p2|healorant|alder|1842
|gen|9
|tier|[Gen 9] OU
|rated|
|rule|HP Percentage Mod: HP is shown in percentages
|rule|Endless Battle Clause: Forcing endless battles is banned
|rule|Species Clause: Limit one of each Pokémon
|rule|OHKO Clause: OHKO moves are banned
|rule|Evasion Items Clause: Evasion items are banned
|rule|Evasion Moves Clause: Evasion moves are banned
|rule|Evasion Abilities Clause: Evasion abilities are banned
|rule|Sleep Moves Clause: Sleep-inducing moves are banned
|clearpoke
|poke|p1|Dragapult, M|
|poke|p1|Dragonite, F|
|poke|p1|Ting-Lu|
|poke|p1|Weezing-Galar, F|
|poke|p1|Iron Crown|
|poke|p1|Zapdos|
|poke|p2|Iron Valiant|
|poke|p2|Landorus-Therian, M|
|poke|p2|Dragapult, F|
|poke|p2|Slowking-Galar, M|
|poke|p2|Kingambit, F|
|poke|p2|Cinderace, M|
|teampreview
|inactive|Battle timer is ON: inactive players will automatically lose when time's up. (requested by healorant)
|
|t:|1758974913
|teamsize|p1|6
|teamsize|p2|6
|start
|switch|p1a: Ting-Lu|Ting-Lu|100/100
|switch|p2a: Slowking|Slowking-Galar, M|100/100
|-ability|p1a: Ting-Lu|Vessel of Ruin
|turn|1
|inactive|Shibuya Arc also wants the timer to be on.
|
|t:|1758974920
|move|p1a: Ting-Lu|Stealth Rock|p2a: Slowking
|-sidestart|p2: healorant|move: Stealth Rock
|-prepare|p2a: Slowking|Chilly Reception|[premajor]
|move|p2a: Slowking|Chilly Reception|p2a: Slowking
|-weather|Snowscape
|
|t:|1758974933
|switch|p2a: Iron Valiant|Iron Valiant|100/100|[from] Chilly Reception
|-damage|p2a: Iron Valiant|94/100|[from] Stealth Rock
|
|-weather|Snowscape|[upkeep]
|upkeep
|turn|2
|
|t:|1758974940
|-terastallize|p1a: Ting-Lu|Water
|move|p2a: Iron Valiant|Moonblast|p1a: Ting-Lu
|-damage|p1a: Ting-Lu|74/100
|move|p1a: Ting-Lu|Ruination|p2a: Iron Valiant
|-damage|p2a: Iron Valiant|48/100
|
|-weather|Snowscape|[upkeep]
|-heal|p1a: Ting-Lu|80/100|[from] item: Leftovers
|upkeep
|turn|3
|
|t:|1758974948
|move|p2a: Iron Valiant|Moonblast|p1a: Ting-Lu
|-damage|p1a: Ting-Lu|53/100
|move|p1a: Ting-Lu|Earthquake|p2a: Iron Valiant
|-damage|p2a: Iron Valiant|0 fnt
|faint|p2a: Iron Valiant
|-end|p2a: Iron Valiant|Quark Drive|[silent]
|
|-weather|Snowscape|[upkeep]
|-heal|p1a: Ting-Lu|59/100|[from] item: Leftovers
|upkeep
|j| Dionysos
|j| Distance rectangle
|l| Dionysos
|
|t:|1758974963
|switch|p2a: Cinderace|Cinderace, M|100/100
|turn|4
|
|t:|1758974970
|move|p2a: Cinderace|Will-O-Wisp|p1a: Ting-Lu
|-status|p1a: Ting-Lu|brn
|move|p1a: Ting-Lu|Earthquake|p2a: Cinderace
|-supereffective|p2a: Cinderace
|-damage|p2a: Cinderace|59/100
|
|-weather|Snowscape|[upkeep]
|-heal|p1a: Ting-Lu|65/100 brn|[from] item: Leftovers
|-damage|p1a: Ting-Lu|59/100 brn|[from] brn
|upkeep
|turn|5
|
|t:|1758974979
|move|p2a: Cinderace|Court Change|p2a: Cinderace
|-swapsideconditions
|-activate|p2a: Cinderace|move: Court Change
|move|p1a: Ting-Lu|Earthquake|p2a: Cinderace
|-supereffective|p2a: Cinderace
|-damage|p2a: Cinderace|12/100
|
|-weather|none
|-heal|p1a: Ting-Lu|65/100 brn|[from] item: Leftovers
|-damage|p1a: Ting-Lu|59/100 brn|[from] brn
|upkeep
|turn|6
|
|t:|1758974986
|move|p2a: Cinderace|U-turn|p1a: Ting-Lu
|-damage|p1a: Ting-Lu|48/100 brn
|
|t:|1758974988
|switch|p2a: Kingambit|Kingambit, F|100/100|[from] U-turn
|-activate|p2a: Kingambit|ability: Supreme Overlord
|-start|p2a: Kingambit|fallen1|[silent]
|move|p1a: Ting-Lu|Stealth Rock|p2a: Kingambit
|-sidestart|p2: healorant|move: Stealth Rock
|
|-heal|p1a: Ting-Lu|54/100 brn|[from] item: Leftovers
|-damage|p1a: Ting-Lu|48/100 brn|[from] brn
|upkeep
|turn|7
|
|t:|1758974995
|move|p2a: Kingambit|Swords Dance|p2a: Kingambit
|-boost|p2a: Kingambit|atk|2
|move|p1a: Ting-Lu|Ruination|p2a: Kingambit
|-damage|p2a: Kingambit|51/100
|
|-heal|p2a: Kingambit|57/100|[from] item: Leftovers
|-heal|p1a: Ting-Lu|54/100 brn|[from] item: Leftovers
|-damage|p1a: Ting-Lu|48/100 brn|[from] brn
|upkeep
|turn|8
|
|t:|1758975005
|switch|p1a: Weezing|Weezing-Galar, F|100/100
|-ability|p1a: Weezing|Neutralizing Gas
|move|p2a: Kingambit|Kowtow Cleave|p1a: Weezing
|-resisted|p1a: Weezing
|-damage|p1a: Weezing|67/100
|
|-heal|p2a: Kingambit|63/100|[from] item: Leftovers
|upkeep
|turn|9
|
|t:|1758975016
|-end|p2a: Kingambit|fallen1|[silent]
|switch|p2a: Cinderace|Cinderace, M|12/100
|move|p1a: Weezing|Will-O-Wisp|p2a: Cinderace
|-immune|p2a: Cinderace
|
|upkeep
|turn|10
|
|t:|1758975023
|-end|p1a: Weezing|ability: Neutralizing Gas
|switch|p1a: Ting-Lu|Ting-Lu, tera:Water|48/100 brn
|-damage|p1a: Ting-Lu|36/100 brn|[from] Stealth Rock
|-ability|p1a: Ting-Lu|Vessel of Ruin
|move|p2a: Cinderace|Pyro Ball|p1a: Ting-Lu
|-resisted|p1a: Ting-Lu
|-damage|p1a: Ting-Lu|17/100 brn
|
|-heal|p1a: Ting-Lu|23/100 brn|[from] item: Leftovers
|-damage|p1a: Ting-Lu|17/100 brn|[from] brn
|upkeep
|turn|11
|
|t:|1758975030
|move|p2a: Cinderace|Pyro Ball|p1a: Ting-Lu
|-resisted|p1a: Ting-Lu
|-damage|p1a: Ting-Lu|0 fnt
|faint|p1a: Ting-Lu
|
|upkeep
|
|t:|1758975037
|switch|p1a: Dragonite|Dragonite, F|100/100
|turn|12
|
|t:|1758975043
|switch|p2a: Landorus|Landorus-Therian, M|100/100
|-damage|p2a: Landorus|88/100|[from] Stealth Rock
|-ability|p2a: Landorus|Intimidate|boost
|-unboost|p1a: Dragonite|atk|1
|move|p1a: Dragonite|Extreme Speed|p2a: Landorus
|-damage|p2a: Landorus|67/100
|-damage|p1a: Dragonite|84/100|[from] item: Rocky Helmet|[of] p2a: Landorus
|
|upkeep
|turn|13
|
|t:|1758975051
|move|p2a: Landorus|U-turn|p1a: Dragonite
|-resisted|p1a: Dragonite
|-damage|p1a: Dragonite|74/100
|
|t:|1758975053
|switch|p2a: Dragapult|Dragapult, F|100/100|[from] U-turn
|move|p1a: Dragonite|Earthquake|p2a: Dragapult
|-damage|p2a: Dragapult|64/100
|
|upkeep
|turn|14
|
|t:|1758975063
|switch|p1a: Weezing|Weezing-Galar, F|67/100
|-ability|p1a: Weezing|Neutralizing Gas
|move|p2a: Dragapult|Will-O-Wisp|p1a: Weezing
|-status|p1a: Weezing|brn
|
|-damage|p1a: Weezing|61/100 brn|[from] brn
|upkeep
|turn|15
|
|t:|1758975070
|-end|p1a: Weezing|ability: Neutralizing Gas
|switch|p1a: Zapdos|Zapdos|100/100
|move|p2a: Dragapult|U-turn|p1a: Zapdos
|-resisted|p1a: Zapdos
|-damage|p1a: Zapdos|90/100
|
|t:|1758975072
|switch|p2a: Slowking|Slowking-Galar, M|100/100|[from] U-turn
|
|upkeep
|turn|16
|
|t:|1758975079
|move|p1a: Zapdos|Hurricane|p2a: Slowking
|-damage|p2a: Slowking|68/100
|-prepare|p2a: Slowking|Chilly Reception|[premajor]
|move|p2a: Slowking|Chilly Reception|p2a: Slowking
|-weather|Snowscape
|
|t:|1758975082
|switch|p2a: Cinderace|Cinderace, M|12/100|[from] Chilly Reception
|
|-weather|Snowscape|[upkeep]
|upkeep
|turn|17
|
|t:|1758975088
|switch|p1a: Dragonite|Dragonite, F|74/100
|move|p2a: Cinderace|Pyro Ball|p1a: Dragonite
|-resisted|p1a: Dragonite
|-damage|p1a: Dragonite|38/100
|
|-weather|Snowscape|[upkeep]
|upkeep
|turn|18
|
|t:|1758975095
|switch|p2a: Landorus|Landorus-Therian, M|67/100
|-damage|p2a: Landorus|55/100|[from] Stealth Rock
|-ability|p2a: Landorus|Intimidate|boost
|-unboost|p1a: Dragonite|atk|1
|move|p1a: Dragonite|Earthquake|p2a: Landorus
|-immune|p2a: Landorus
|
|-weather|Snowscape|[upkeep]
|upkeep
|turn|19
|
|t:|1758975102
|move|p2a: Landorus|U-turn|p1a: Dragonite
|-resisted|p1a: Dragonite
|-damage|p1a: Dragonite|28/100
|
|t:|1758975103
|switch|p2a: Slowking|Slowking-Galar, M|100/100|[from] U-turn
|move|p1a: Dragonite|Earthquake|p2a: Slowking
|-supereffective|p2a: Slowking
|-damage|p2a: Slowking|51/100
|
|-weather|Snowscape|[upkeep]
|upkeep
|turn|20
|
|t:|1758975114
|switch|p1a: Zapdos|Zapdos|90/100
|-prepare|p2a: Slowking|Chilly Reception|[premajor]
|move|p2a: Slowking|Chilly Reception|p2a: Slowking
|
|t:|1758975117
|switch|p2a: Cinderace|Cinderace, M|12/100|[from] Chilly Reception
|
|-weather|none
|upkeep
|turn|21
|
|t:|1758975124
|switch|p1a: Dragapult|Dragapult, M|100/100
|move|p2a: Cinderace|Pyro Ball|p1a: Dragapult
|-resisted|p1a: Dragapult
|-damage|p1a: Dragapult|50/100
|
|upkeep
|turn|22
|
|t:|1758975135
|switch|p2a: Landorus|Landorus-Therian, M|55/100
|-damage|p2a: Landorus|42/100|[from] Stealth Rock
|-ability|p2a: Landorus|Intimidate|boost
|-unboost|p1a: Dragapult|atk|1
|move|p1a: Dragapult|U-turn|p2a: Landorus
|-resisted|p2a: Landorus
|-damage|p2a: Landorus|36/100
|-damage|p1a: Dragapult|34/100|[from] item: Rocky Helmet|[of] p2a: Landorus
|
|t:|1758975143
|switch|p1a: Zapdos|Zapdos|90/100|[from] U-turn
|
|upkeep
|turn|23
|
|t:|1758975150
|switch|p2a: Slowking|Slowking-Galar, M|84/100
|move|p1a: Zapdos|Hurricane|p2a: Slowking|[miss]
|-miss|p1a: Zapdos|p2a: Slowking
|
|upkeep
|turn|24
|
|t:|1758975156
|move|p1a: Zapdos|Volt Switch|p2a: Slowking
|-crit|p2a: Slowking
|-damage|p2a: Slowking|55/100
|
|t:|1758975166
|switch|p1a: Weezing|Weezing-Galar, F|61/100 brn|[from] Volt Switch
|-ability|p1a: Weezing|Neutralizing Gas
|move|p2a: Slowking|Psychic Noise|p1a: Weezing
|-supereffective|p1a: Weezing
|-damage|p1a: Weezing|0 fnt
|faint|p1a: Weezing
|-end|p1a: Weezing|ability: Neutralizing Gas
|
|upkeep
|
|t:|1758975173
|switch|p1a: Iron Crown|Iron Crown|100/100
|-damage|p1a: Iron Crown|94/100|[from] Stealth Rock
|turn|25
|
|t:|1758975180
|-end|p1a: Iron Crown|Quark Drive|[silent]
|switch|p1a: Dragapult|Dragapult, M|34/100
|-prepare|p2a: Slowking|Chilly Reception|[premajor]
|move|p2a: Slowking|Chilly Reception|p2a: Slowking
|-weather|Snowscape
|
|t:|1758975187
|switch|p2a: Kingambit|Kingambit, F|63/100|[from] Chilly Reception
|-damage|p2a: Kingambit|57/100|[from] Stealth Rock
|-activate|p2a: Kingambit|ability: Supreme Overlord
|-start|p2a: Kingambit|fallen1|[silent]
|
|-weather|Snowscape|[upkeep]
|-heal|p2a: Kingambit|63/100|[from] item: Leftovers
|upkeep
|turn|26
|
|t:|1758975194
|move|p1a: Dragapult|Will-O-Wisp|p2a: Kingambit
|-status|p2a: Kingambit|brn
|move|p2a: Kingambit|Kowtow Cleave|p1a: Dragapult
|-supereffective|p1a: Dragapult
|-damage|p1a: Dragapult|0 fnt
|-start|p2a: Kingambit|Disable|Kowtow Cleave|[from] ability: Cursed Body|[of] p1a: Dragapult
|faint|p1a: Dragapult
|
|-weather|Snowscape|[upkeep]
|-heal|p2a: Kingambit|69/100 brn|[from] item: Leftovers
|-damage|p2a: Kingambit|63/100 brn|[from] brn
|upkeep
|j| wgw2333
|
|t:|1758975204
|switch|p1a: Dragonite|Dragonite, F|28/100
|turn|27
|l| Distance rectangle
|
|t:|1758975211
|-end|p2a: Kingambit|fallen1|[silent]
|switch|p2a: Landorus|Landorus-Therian, M|36/100
|-damage|p2a: Landorus|23/100|[from] Stealth Rock
|-ability|p2a: Landorus|Intimidate|boost
|-unboost|p1a: Dragonite|atk|1
|move|p1a: Dragonite|Roost|p1a: Dragonite
|-heal|p1a: Dragonite|78/100
|-singleturn|p1a: Dragonite|move: Roost
|
|-weather|Snowscape|[upkeep]
|upkeep
|turn|28
|l| wgw2333
|
|t:|1758975217
|move|p2a: Landorus|Taunt|p1a: Dragonite
|-start|p1a: Dragonite|move: Taunt
|cant|p1a: Dragonite|move: Taunt|Roost
|
|-weather|Snowscape|[upkeep]
|upkeep
|turn|29
|
|t:|1758975224
|move|p2a: Landorus|U-turn|p1a: Dragonite
|-resisted|p1a: Dragonite
|-damage|p1a: Dragonite|68/100
|
|t:|1758975227
|switch|p2a: Slowking|Slowking-Galar, M|88/100|[from] U-turn
|move|p1a: Dragonite|Earthquake|p2a: Slowking
|-supereffective|p2a: Slowking
|-damage|p2a: Slowking|33/100
|
|-weather|none
|upkeep
|turn|30
|
|t:|1758975234
|switch|p1a: Zapdos|Zapdos|90/100
|switch|p2a: Landorus|Landorus-Therian, M|23/100
|-damage|p2a: Landorus|11/100|[from] Stealth Rock
|-ability|p2a: Landorus|Intimidate|boost
|-unboost|p1a: Zapdos|atk|1
|
|upkeep
|turn|31
|
|t:|1758975240
|move|p1a: Zapdos|Hurricane|p2a: Landorus
|-damage|p2a: Landorus|0 fnt
|faint|p2a: Landorus
|
|upkeep
|j| lanarey
|
|t:|1758975249
|switch|p2a: Cinderace|Cinderace, M|12/100
|turn|32
|
|t:|1758975256
|switch|p1a: Dragonite|Dragonite, F|68/100
|move|p2a: Cinderace|Will-O-Wisp|p1a: Dragonite|[miss]
|-miss|p2a: Cinderace|p1a: Dragonite
|
|upkeep
|turn|33
|
|t:|1758975264
|move|p1a: Dragonite|Extreme Speed|p2a: Cinderace
|-damage|p2a: Cinderace|0 fnt
|faint|p2a: Cinderace
|
|upkeep
|
|t:|1758975265
|switch|p2a: Dragapult|Dragapult, F|64/100
|turn|34
|
|t:|1758975272
|switch|p1a: Iron Crown|Iron Crown|94/100
|-damage|p1a: Iron Crown|88/100|[from] Stealth Rock
|move|p2a: Dragapult|Hex|p1a: Iron Crown
|-supereffective|p1a: Iron Crown
|-damage|p1a: Iron Crown|35/100
|
|upkeep
|turn|35
|
|t:|1758975282
|-end|p1a: Iron Crown|Quark Drive|[silent]
|switch|p1a: Zapdos|Zapdos|90/100
|move|p2a: Dragapult|Hex|p1a: Zapdos
|-damage|p1a: Zapdos|59/100
|
|upkeep
|turn|36
|
|t:|1758975290
|move|p2a: Dragapult|Will-O-Wisp|p1a: Zapdos
|-status|p1a: Zapdos|brn
|move|p1a: Zapdos|Roost|p1a: Zapdos
|-heal|p1a: Zapdos|100/100 brn
|-singleturn|p1a: Zapdos|move: Roost
|
|-damage|p1a: Zapdos|94/100 brn|[from] brn
|upkeep
|turn|37
|
|t:|1758975297
|switch|p2a: Slowking|Slowking-Galar, M|66/100
|move|p1a: Zapdos|Hurricane|p2a: Slowking|[miss]
|-miss|p1a: Zapdos|p2a: Slowking
|
|-damage|p1a: Zapdos|88/100 brn|[from] brn
|upkeep
|turn|38
|
|t:|1758975303
|move|p1a: Zapdos|Hurricane|p2a: Slowking|[miss]
|-miss|p1a: Zapdos|p2a: Slowking
|-prepare|p2a: Slowking|Chilly Reception|[premajor]
|move|p2a: Slowking|Chilly Reception|p2a: Slowking
|-weather|Snowscape
|
|t:|1758975308
|switch|p2a: Kingambit|Kingambit, F|63/100 brn|[from] Chilly Reception
|-damage|p2a: Kingambit|57/100 brn|[from] Stealth Rock
|-activate|p2a: Kingambit|ability: Supreme Overlord
|-start|p2a: Kingambit|fallen3|[silent]
|
|-weather|Snowscape|[upkeep]
|-heal|p2a: Kingambit|63/100 brn|[from] item: Leftovers
|-damage|p1a: Zapdos|82/100 brn|[from] brn
|-damage|p2a: Kingambit|57/100 brn|[from] brn
|upkeep
|turn|39
|
|t:|1758975315
|-end|p2a: Kingambit|fallen3|[silent]
|switch|p2a: Slowking|Slowking-Galar, M|99/100
|move|p1a: Zapdos|Roost|p1a: Zapdos
|-heal|p1a: Zapdos|100/100 brn
|-singleturn|p1a: Zapdos|move: Roost
|
|-weather|Snowscape|[upkeep]
|-damage|p1a: Zapdos|94/100 brn|[from] brn
|upkeep
|turn|40
|
|t:|1758975322
|move|p1a: Zapdos|Volt Switch|p2a: Slowking
|-damage|p2a: Slowking|80/100
|
|t:|1758975329
|switch|p1a: Iron Crown|Iron Crown|35/100|[from] Volt Switch
|-damage|p1a: Iron Crown|29/100|[from] Stealth Rock
|move|p2a: Slowking|Sludge Bomb|p1a: Iron Crown
|-immune|p1a: Iron Crown
|
|-weather|Snowscape|[upkeep]
|upkeep
|turn|41
|
|t:|1758975335
|move|p1a: Iron Crown|Psyshock|p2a: Slowking
|-damage|p2a: Slowking|15/100
|-prepare|p2a: Slowking|Chilly Reception|[premajor]
|move|p2a: Slowking|Chilly Reception|p2a: Slowking
|
|t:|1758975339
|switch|p2a: Dragapult|Dragapult, F|64/100|[from] Chilly Reception
|
|-weather|Snowscape|[upkeep]
|upkeep
|turn|42
|
|t:|1758975345
|move|p2a: Dragapult|Hex|p1a: Iron Crown
|-supereffective|p1a: Iron Crown
|-damage|p1a: Iron Crown|0 fnt
|faint|p1a: Iron Crown
|-end|p1a: Iron Crown|Quark Drive|[silent]
|
|-weather|none
|upkeep
|
|t:|1758975353
|switch|p1a: Zapdos|Zapdos|94/100 brn
|turn|43
|
|t:|1758975360
|switch|p2a: Kingambit|Kingambit, F|57/100 brn
|-damage|p2a: Kingambit|51/100 brn|[from] Stealth Rock
|-activate|p2a: Kingambit|ability: Supreme Overlord
|-start|p2a: Kingambit|fallen3|[silent]
|move|p1a: Zapdos|Hurricane|p2a: Kingambit
|-resisted|p2a: Kingambit
|-damage|p2a: Kingambit|24/100 brn
|
|-heal|p2a: Kingambit|30/100 brn|[from] item: Leftovers
|-damage|p1a: Zapdos|88/100 brn|[from] brn
|-damage|p2a: Kingambit|24/100 brn|[from] brn
|upkeep
|turn|44
|
|t:|1758975371
|switch|p1a: Dragonite|Dragonite, F|68/100
|move|p2a: Kingambit|Sucker Punch||[still]
|-fail|p2a: Kingambit
|
|-heal|p2a: Kingambit|30/100 brn|[from] item: Leftovers
|-damage|p2a: Kingambit|24/100 brn|[from] brn
|upkeep
|turn|45
|
|t:|1758975377
|switch|p1a: Zapdos|Zapdos|88/100 brn
|move|p2a: Kingambit|Kowtow Cleave|p1a: Zapdos
|-damage|p1a: Zapdos|49/100 brn
|
|-heal|p2a: Kingambit|30/100 brn|[from] item: Leftovers
|-damage|p1a: Zapdos|43/100 brn|[from] brn
|-damage|p2a: Kingambit|24/100 brn|[from] brn
|upkeep
|turn|46
|
|t:|1758975387
|move|p1a: Zapdos|Roost|p1a: Zapdos
|-heal|p1a: Zapdos|94/100 brn
|-singleturn|p1a: Zapdos|move: Roost
|move|p2a: Kingambit|Kowtow Cleave|p1a: Zapdos
|-damage|p1a: Zapdos|52/100 brn
|
|-heal|p2a: Kingambit|30/100 brn|[from] item: Leftovers
|-damage|p1a: Zapdos|46/100 brn|[from] brn
|-damage|p2a: Kingambit|24/100 brn|[from] brn
|upkeep
|turn|47
|
|t:|1758975396
|move|p1a: Zapdos|Roost|p1a: Zapdos
|-heal|p1a: Zapdos|96/100 brn
|-singleturn|p1a: Zapdos|move: Roost
|move|p2a: Kingambit|Kowtow Cleave|p1a: Zapdos
|-damage|p1a: Zapdos|56/100 brn
|
|-heal|p2a: Kingambit|30/100 brn|[from] item: Leftovers
|-damage|p1a: Zapdos|50/100 brn|[from] brn
|-damage|p2a: Kingambit|24/100 brn|[from] brn
|upkeep
|turn|48
|
|t:|1758975405
|move|p1a: Zapdos|Roost|p1a: Zapdos
|-heal|p1a: Zapdos|99/100 brn
|-singleturn|p1a: Zapdos|move: Roost
|move|p2a: Kingambit|Kowtow Cleave|p1a: Zapdos
|-damage|p1a: Zapdos|64/100 brn
|
|-heal|p2a: Kingambit|30/100 brn|[from] item: Leftovers
|-damage|p1a: Zapdos|58/100 brn|[from] brn
|-damage|p2a: Kingambit|24/100 brn|[from] brn
|upkeep
|turn|49
|
|t:|1758975415
|move|p1a: Zapdos|Roost|p1a: Zapdos
|-heal|p1a: Zapdos|100/100 brn
|-singleturn|p1a: Zapdos|move: Roost
|move|p2a: Kingambit|Kowtow Cleave|p1a: Zapdos
|-damage|p1a: Zapdos|63/100 brn
|
|-heal|p2a: Kingambit|30/100 brn|[from] item: Leftovers
|-damage|p1a: Zapdos|57/100 brn|[from] brn
|-damage|p2a: Kingambit|24/100 brn|[from] brn
|upkeep
|turn|50
|
|t:|1758975423
|move|p1a: Zapdos|Roost|p1a: Zapdos
|-heal|p1a: Zapdos|100/100 brn
|-singleturn|p1a: Zapdos|move: Roost
|move|p2a: Kingambit|Kowtow Cleave|p1a: Zapdos
|-damage|p1a: Zapdos|65/100 brn
|
|-heal|p2a: Kingambit|30/100 brn|[from] item: Leftovers
|-damage|p1a: Zapdos|59/100 brn|[from] brn
|-damage|p2a: Kingambit|24/100 brn|[from] brn
|upkeep
|turn|51
|
|t:|1758975432
|move|p1a: Zapdos|Hurricane|p2a: Kingambit
|-resisted|p2a: Kingambit
|-damage|p2a: Kingambit|0 fnt
|faint|p2a: Kingambit
|-end|p2a: Kingambit|fallen3|[silent]
|
|-damage|p1a: Zapdos|53/100 brn|[from] brn
|upkeep
|
|t:|1758975434
|switch|p2a: Dragapult|Dragapult, F|64/100
|turn|52
|
|t:|1758975441
|switch|p1a: Dragonite|Dragonite, F|68/100
|move|p2a: Dragapult|Hex|p1a: Dragonite
|-damage|p1a: Dragonite|41/100
|
|upkeep
|turn|53
|
|t:|1758975448
|move|p1a: Dragonite|Extreme Speed|p2a: Dragapult
|-immune|p2a: Dragapult
|move|p2a: Dragapult|Dragon Darts|p1a: Dragonite
|-supereffective|p1a: Dragonite
|-damage|p1a: Dragonite|0 fnt
|faint|p1a: Dragonite
|
|upkeep
|
|t:|1758975454
|switch|p1a: Zapdos|Zapdos|53/100 brn
|turn|54
|
|t:|1758975458
|move|p2a: Dragapult|Hex|p1a: Zapdos
|-damage|p1a: Zapdos|0 fnt
|faint|p1a: Zapdos
|
|win|healorant
|raw|Shibuya Arc's rating: 1775 &rarr; <strong>1759</strong><br />(-16 for losing)
|raw|healorant's rating: 1842 &rarr; <strong>1858</strong><br />(+16 for winning)
