|j|☆JustMe192
|j|☆kamata
|t:|1759015571
|gametype|singles
|player|p1|JustMe192|guzma|1376
|player|p2|kamata|elesa|1405
|gen|9
|tier|[Gen 9] OU
|rated|
|rule|HP Percentage Mod: HP is shown in percentages
|rule|Endless Battle Clause: Forcing endless battles is banned
|rule|Species Clause: Limit one of each Pokémon
|rule|OHKO Clause: OHKO moves are banned
|rule|Evasion Items Clause: Evasion items are banned
|rule|Evasion Moves Clause: Evasion moves are banned
|rule|Evasion Abilities Clause: Evasion abilities are banned
|rule|Sleep Moves Clause: Sleep-inducing moves are banned
|clearpoke
|poke|p1|Alomomola, M|
|poke|p1|Lycanroc-Dusk, F|
|poke|p1|Darkrai|
|poke|p1|Kingambit, F|
|poke|p1|Hydrapple, F|
|poke|p1|Hitmontop, M|
|poke|p2|Comfey, F|
|poke|p2|Cinderace, F|
|poke|p2|Slowking-Galar, M|
|poke|p2|Corviknight, F|
|poke|p2|Ting-Lu|
|poke|p2|Okidogi, M|
|teampreview
|inactive|Battle timer is ON: inactive players will automatically lose when time's up. (requested by JustMe192)
|
|t:|1759015595
|teamsize|p1|6
|teamsize|p2|6
|start
|switch|p1a: Hitmontop|Hitmontop, M|100/100
|switch|p2a: Okidogi|Okidogi, M|100/100
|-ability|p1a: Hitmontop|Intimidate|boost
|-unboost|p2a: Okidogi|atk|1
|turn|1
|
|t:|1759015606
|switch|p2a: Corviknight|Corviknight, F|100/100
|-ability|p2a: Corviknight|Pressure
|move|p1a: Hitmontop|Fake Out|p2a: Corviknight
|-resisted|p2a: Corviknight
|-damage|p2a: Corviknight|97/100
|-damage|p1a: Hitmontop|84/100|[from] item: Rocky Helmet|[of] p2a: Corviknight
|
|upkeep
|turn|2
|
|t:|1759015619
|switch|p1a: B2W2 22/01/2013|Alomomola, M, shiny|100/100
|move|p2a: Corviknight|Light Screen|p2a: Corviknight
|-sidestart|p2: kamata|move: Light Screen
|
|upkeep
|turn|3
|
|t:|1759015627
|switch|p2a: Okidogi|Okidogi, M|100/100
|move|p1a: B2W2 22/01/2013|Whirlpool|p2a: Okidogi
|-damage|p2a: Okidogi|99/100
|-activate|p2a: Okidogi|move: Whirlpool|[of] p1a: B2W2 22/01/2013
|
|-damage|p2a: Okidogi|86/100|[from] move: Whirlpool|[partiallytrapped]
|upkeep
|turn|4
|
|t:|1759015633
|move|p1a: B2W2 22/01/2013|Protect|p1a: B2W2 22/01/2013
|-singleturn|p1a: B2W2 22/01/2013|Protect
|move|p2a: Okidogi|Thunder Punch|p1a: B2W2 22/01/2013
|-activate|p1a: B2W2 22/01/2013|move: Protect
|
|-damage|p2a: Okidogi|74/100|[from] move: Whirlpool|[partiallytrapped]
|upkeep
|turn|5
|
|t:|1759015639
|move|p2a: Okidogi|Knock Off|p1a: B2W2 22/01/2013
|-damage|p1a: B2W2 22/01/2013|83/100
|-damage|p2a: Okidogi|57/100|[from] item: Rocky Helmet|[of] p1a: B2W2 22/01/2013
|-enditem|p1a: B2W2 22/01/2013|Rocky Helmet|[from] move: Knock Off|[of] p2a: Okidogi
|move|p1a: B2W2 22/01/2013|Flip Turn|p2a: Okidogi
|-damage|p2a: Okidogi|45/100
|
|t:|1759015669
|switch|p1a: Hitmontop|Hitmontop, M|84/100|[from] Flip Turn
|-ability|p1a: Hitmontop|Intimidate|boost
|-unboost|p2a: Okidogi|atk|1
|
|-end|p2a: Okidogi|Whirlpool|[partiallytrapped]|[silent]
|upkeep
|turn|6
|inactive|JustMe192 has 120 seconds left.
|
|t:|1759015688
|switch|p2a: Corviknight|Corviknight, F|97/100
|-ability|p2a: Corviknight|Pressure
|move|p1a: Hitmontop|Low Kick|p2a: Corviknight
|-damage|p2a: Corviknight|76/100
|-damage|p1a: Hitmontop|67/100|[from] item: Rocky Helmet|[of] p2a: Corviknight
|
|-sideend|p2: kamata|move: Light Screen
|upkeep
|turn|7
|
|t:|1759015706
|switch|p1a: B2W2 22/01/2013|Alomomola, M, shiny|100/100
|move|p2a: Corviknight|Light Screen|p2a: Corviknight
|-sidestart|p2: kamata|move: Light Screen
|
|upkeep
|turn|8
|
|t:|1759015710
|switch|p2a: Slowking|Slowking-Galar, M|100/100
|move|p1a: B2W2 22/01/2013|Wish|p1a: B2W2 22/01/2013
|
|upkeep
|turn|9
|
|t:|1759015715
|move|p1a: B2W2 22/01/2013|Flip Turn|p2a: Slowking
|-damage|p2a: Slowking|88/100
|
|t:|1759015718
|switch|p1a: Hitmontop|Hitmontop, M|67/100|[from] Flip Turn
|-ability|p1a: Hitmontop|Intimidate|boost
|-unboost|p2a: Slowking|atk|1
|move|p2a: Slowking|Future Sight|p1a: Hitmontop
|-start|p2a: Slowking|move: Future Sight
|
|-heal|p1a: Hitmontop|100/100|[from] move: Wish|[wisher] B2W2 22/01/2013
|upkeep
|turn|10
|
|t:|1759015740
|switch|p1a: Lycanroc|Lycanroc-Dusk, F|100/100
|move|p2a: Slowking|Sludge Bomb|p1a: Lycanroc
|-resisted|p1a: Lycanroc
|-damage|p1a: Lycanroc|74/100
|
|upkeep
|turn|11
|
|t:|1759015755
|switch|p1a: Darkrai|Darkrai|100/100
|switch|p2a: Corviknight|Corviknight, F|76/100
|-ability|p2a: Corviknight|Pressure
|
|-end|p1a: Darkrai|move: Future Sight
|-immune|p1a: Darkrai
|-sideend|p2: kamata|move: Light Screen
|upkeep
|turn|12
|
|t:|1759015766
|switch|p1a: Lycanroc|Lycanroc-Dusk, F|74/100
|move|p2a: Corviknight|Roost|p2a: Corviknight
|-heal|p2a: Corviknight|100/100
|-singleturn|p2a: Corviknight|move: Roost
|
|upkeep
|turn|13
|
|t:|1759015775
|move|p1a: Lycanroc|Taunt|p2a: Corviknight
|-start|p2a: Corviknight|move: Taunt
|move|p2a: Corviknight|Body Press|p1a: Lycanroc
|-supereffective|p1a: Lycanroc
|-damage|p1a: Lycanroc|0 fnt
|faint|p1a: Lycanroc
|
|upkeep
|-message|JustMe192 forfeited.
|
|win|kamata
|raw|JustMe192's rating: 1376 &rarr; <strong>1358</strong><br />(-18 for losing)
|raw|kamata's rating: 1405 &rarr; <strong>1423</strong><br />(+18 for winning)
|l|☆JustMe192
|player|p1|
|l|☆kamata
|player|p2|
