|j|☆PANZER V PANTHER
|j|☆xcPurple
|t:|1758965657
|gametype|singles
|player|p1|PANZER V PANTHER|flannery|1465
|player|p2|xcPurple|rosa|1394
|gen|9
|tier|[Gen 9] OU
|rated|
|rule|HP Percentage Mod: HP is shown in percentages
|rule|Endless Battle Clause: Forcing endless battles is banned
|rule|Species Clause: Limit one of each Pokémon
|rule|OHKO Clause: OHKO moves are banned
|rule|Evasion Items Clause: Evasion items are banned
|rule|Evasion Moves Clause: Evasion moves are banned
|rule|Evasion Abilities Clause: Evasion abilities are banned
|rule|Sleep Moves Clause: Sleep-inducing moves are banned
|clearpoke
|poke|p1|Fezandipiti, M|
|poke|p1|Dragapult, M|
|poke|p1|Alomomola, M|
|poke|p1|Slowking-Galar, M|
|poke|p1|Corviknight, F|
|poke|p1|Great Tusk|
|poke|p2|Galvantula, F|
|poke|p2|Gholdengo|
|poke|p2|Ting-Lu|
|poke|p2|Great Tusk|
|poke|p2|Dragapult, F|
|poke|p2|Ogerpon-Cornerstone, F|
|teampreview
|inactive|Battle timer is ON: inactive players will automatically lose when time's up. (requested by xcPurple)
|
|t:|1758965675
|teamsize|p1|6
|teamsize|p2|6
|start
|switch|p1a: Great Tusk|Great Tusk|100/100
|switch|p2a: Galvantula|Galvantula, F|100/100
|turn|1
|
|t:|1758965684
|move|p1a: Great Tusk|Stealth Rock|p2a: Galvantula
|-sidestart|p2: xcPurple|move: Stealth Rock
|move|p2a: Galvantula|Sticky Web|p1a: Great Tusk
|-sidestart|p1: PANZER V PANTHER|move: Sticky Web
|
|upkeep
|turn|2
|
|t:|1758965687
|switch|p2a: Dragapult|Dragapult, F, shiny|100/100
|-damage|p2a: Dragapult|88/100|[from] Stealth Rock
|move|p1a: Great Tusk|Knock Off|p2a: Dragapult
|-supereffective|p2a: Dragapult
|-damage|p2a: Dragapult|12/100
|-enditem|p2a: Dragapult|Light Clay|[from] move: Knock Off|[of] p1a: Great Tusk
|
|upkeep
|turn|3
|
|t:|1758965696
|move|p2a: Dragapult|Will-O-Wisp|p1a: Great Tusk
|-status|p1a: Great Tusk|brn
|move|p1a: Great Tusk|Ice Spinner|p2a: Dragapult
|-supereffective|p2a: Dragapult
|-damage|p2a: Dragapult|0 fnt
|faint|p2a: Dragapult
|
|-damage|p1a: Great Tusk|94/100 brn|[from] brn
|upkeep
|
|t:|1758965701
|switch|p2a: Gholdengo|Gholdengo, shiny|100/100
|-damage|p2a: Gholdengo|94/100|[from] Stealth Rock
|-item|p2a: Gholdengo|Air Balloon
|turn|4
|
|t:|1758965714
|-terastallize|p2a: Gholdengo|Flying
|move|p1a: Great Tusk|Knock Off|p2a: Gholdengo
|-damage|p2a: Gholdengo|77/100
|-enditem|p2a: Gholdengo|Air Balloon
|move|p2a: Gholdengo|Nasty Plot|p2a: Gholdengo
|-boost|p2a: Gholdengo|spa|2
|
|-heal|p1a: Great Tusk|100/100 brn|[from] item: Leftovers
|-damage|p1a: Great Tusk|94/100 brn|[from] brn
|upkeep
|turn|5
|
|t:|1758965720
|move|p1a: Great Tusk|Ice Spinner|p2a: Gholdengo
|-supereffective|p2a: Gholdengo
|-damage|p2a: Gholdengo|52/100
|move|p2a: Gholdengo|Shadow Ball|p1a: Great Tusk
|-damage|p1a: Great Tusk|0 fnt
|faint|p1a: Great Tusk
|-end|p1a: Great Tusk|Protosynthesis|[silent]
|
|upkeep
|
|t:|1758965723
|switch|p1a: Dragapult|Dragapult, M|100/100
|-activate|p1a: Dragapult|move: Sticky Web
|-fail|p1a: Dragapult|unboost|[from] ability: Clear Body|[of] p1a: Dragapult
|turn|6
|
|t:|1758965731
|switch|p2a: Ting-Lu|Ting-Lu|100/100
|-damage|p2a: Ting-Lu|94/100|[from] Stealth Rock
|-ability|p2a: Ting-Lu|Vessel of Ruin
|move|p1a: Dragapult|Draco Meteor|p2a: Ting-Lu
|-damage|p2a: Ting-Lu|55/100
|-unboost|p1a: Dragapult|spa|2
|
|upkeep
|turn|7
|
|t:|1758965751
|switch|p1a: Fezandipiti|Fezandipiti, M|100/100
|switch|p2a: Great Tusk|Great Tusk, shiny|100/100
|-damage|p2a: Great Tusk|98/100|[from] Stealth Rock
|
|upkeep
|turn|8
|
|t:|1758965761
|switch|p1a: Corviknight|Corviknight, F|100/100
|-ability|p1a: Corviknight|Pressure
|move|p2a: Great Tusk|Headlong Rush|p1a: Corviknight
|-immune|p1a: Corviknight
|
|upkeep
|turn|9
|
|t:|1758965770
|move|p2a: Great Tusk|Rapid Spin|p1a: Corviknight
|-resisted|p1a: Corviknight
|-damage|p1a: Corviknight|96/100
|-boost|p2a: Great Tusk|spe|1
|-damage|p2a: Great Tusk|81/100|[from] item: Rocky Helmet|[of] p1a: Corviknight
|-sideend|p2: xcPurple|Stealth Rock|[from] move: Rapid Spin|[of] p2a: Great Tusk
|move|p1a: Corviknight|U-turn|p2a: Great Tusk
|-resisted|p2a: Great Tusk
|-damage|p2a: Great Tusk|76/100
|
|t:|1758965774
|switch|p1a: Alomomola|Alomomola, M|100/100|[from] U-turn
|
|upkeep
|turn|10
|
|t:|1758965778
|move|p2a: Great Tusk|Knock Off|p1a: Alomomola
|-damage|p1a: Alomomola|83/100
|-enditem|p1a: Alomomola|Heavy-Duty Boots|[from] move: Knock Off|[of] p2a: Great Tusk
|move|p1a: Alomomola|Scald|p2a: Great Tusk
|-supereffective|p2a: Great Tusk
|-crit|p2a: Great Tusk
|-damage|p2a: Great Tusk|37/100
|-status|p2a: Great Tusk|brn
|
|-damage|p2a: Great Tusk|31/100 brn|[from] brn
|upkeep
|turn|11
|
|t:|1758965791
|-end|p2a: Great Tusk|Protosynthesis|[silent]
|switch|p2a: Ogerpon|Ogerpon-Cornerstone, F|100/100
|move|p1a: Alomomola|Scald|p2a: Ogerpon
|-damage|p2a: Ogerpon|84/100
|
|upkeep
|turn|12
|
|t:|1758965797
|switch|p1a: Corviknight|Corviknight, F|96/100
|-ability|p1a: Corviknight|Pressure
|move|p2a: Ogerpon|Horn Leech|p1a: Corviknight
|-resisted|p1a: Corviknight
|-damage|p1a: Corviknight|89/100
|-heal|p2a: Ogerpon|88/100|[from] drain|[of] p1a: Corviknight
|-damage|p2a: Ogerpon|71/100|[from] item: Rocky Helmet|[of] p1a: Corviknight
|
|upkeep
|turn|13
|
|t:|1758965810
|move|p2a: Ogerpon|Knock Off|p1a: Corviknight
|-damage|p1a: Corviknight|66/100
|-damage|p2a: Ogerpon|55/100|[from] item: Rocky Helmet|[of] p1a: Corviknight
|-enditem|p1a: Corviknight|Rocky Helmet|[from] move: Knock Off|[of] p2a: Ogerpon
|move|p1a: Corviknight|U-turn|p2a: Ogerpon
|-supereffective|p2a: Ogerpon
|-damage|p2a: Ogerpon|15/100
|
|t:|1758965812
|switch|p1a: Dragapult|Dragapult, M|100/100|[from] U-turn
|-activate|p1a: Dragapult|move: Sticky Web
|-fail|p1a: Dragapult|unboost|[from] ability: Clear Body|[of] p1a: Dragapult
|
|upkeep
|turn|14
|
|t:|1758965816
|switch|p2a: Great Tusk|Great Tusk, shiny|31/100 brn
|move|p1a: Dragapult|U-turn|p2a: Great Tusk
|-resisted|p2a: Great Tusk
|-damage|p2a: Great Tusk|25/100 brn
|
|t:|1758965820
|switch|p1a: Fezandipiti|Fezandipiti, M|100/100|[from] U-turn
|
|-damage|p2a: Great Tusk|19/100 brn|[from] brn
|upkeep
|turn|15
|
|t:|1758965827
|move|p1a: Fezandipiti|Play Rough|p2a: Great Tusk
|-supereffective|p2a: Great Tusk
|-damage|p2a: Great Tusk|0 fnt
|faint|p2a: Great Tusk
|-end|p2a: Great Tusk|Protosynthesis|[silent]
|
|upkeep
|
|t:|1758965831
|switch|p2a: Galvantula|Galvantula, F|100/100
|turn|16
|
|t:|1758965836
|move|p1a: Fezandipiti|Poison Jab|p2a: Galvantula
|-damage|p2a: Galvantula|58/100
|-status|p2a: Galvantula|tox|[from] ability: Toxic Chain|[of] p1a: Fezandipiti
|move|p2a: Galvantula|Thunder Wave|p1a: Fezandipiti
|-status|p1a: Fezandipiti|par
|
|-damage|p2a: Galvantula|52/100 tox|[from] psn
|upkeep
|turn|17
|
|t:|1758965844
|move|p2a: Galvantula|Thunder|p1a: Fezandipiti|[miss]
|-miss|p2a: Galvantula|p1a: Fezandipiti
|cant|p1a: Fezandipiti|par
|
|-damage|p2a: Galvantula|40/100 tox|[from] psn
|upkeep
|turn|18
|
|t:|1758965848
|move|p2a: Galvantula|Thunder|p1a: Fezandipiti
|-damage|p1a: Fezandipiti|64/100 par
|move|p1a: Fezandipiti|Poison Jab|p2a: Galvantula
|-damage|p2a: Galvantula|0 fnt
|faint|p2a: Galvantula
|
|upkeep
|
|t:|1758965859
|switch|p2a: Gholdengo|Gholdengo, shiny, tera:Flying|52/100
|turn|19
|
|t:|1758965863
|move|p2a: Gholdengo|Recover|p2a: Gholdengo
|-heal|p2a: Gholdengo|100/100
|move|p1a: Fezandipiti|Beat Up|p2a: Gholdengo
|-damage|p2a: Gholdengo|98/100
|-damage|p2a: Gholdengo|95/100
|-damage|p2a: Gholdengo|93/100
|-damage|p2a: Gholdengo|89/100
|-status|p2a: Gholdengo|tox|[from] ability: Toxic Chain|[of] p1a: Fezandipiti
|-damage|p2a: Gholdengo|85/100 tox
|-hitcount|p2a: Gholdengo|5
|
|-damage|p2a: Gholdengo|79/100 tox|[from] psn
|upkeep
|turn|20
|
|t:|1758965871
|move|p2a: Gholdengo|Make It Rain|p1a: Fezandipiti
|-supereffective|p1a: Fezandipiti
|-crit|p1a: Fezandipiti
|-damage|p1a: Fezandipiti|0 fnt
|-unboost|p2a: Gholdengo|spa|1
|faint|p1a: Fezandipiti
|
|-damage|p2a: Gholdengo|67/100 tox|[from] psn
|upkeep
|
|t:|1758965875
|switch|p1a: Dragapult|Dragapult, M|100/100
|-activate|p1a: Dragapult|move: Sticky Web
|-fail|p1a: Dragapult|unboost|[from] ability: Clear Body|[of] p1a: Dragapult
|turn|21
|
|t:|1758965883
|move|p1a: Dragapult|Draco Meteor|p2a: Gholdengo|[miss]
|-miss|p1a: Dragapult|p2a: Gholdengo
|move|p2a: Gholdengo|Shadow Ball|p1a: Dragapult
|-supereffective|p1a: Dragapult
|-crit|p1a: Dragapult
|-damage|p1a: Dragapult|0 fnt
|faint|p1a: Dragapult
|
|-damage|p2a: Gholdengo|48/100 tox|[from] psn
|upkeep
|
|t:|1758965888
|switch|p1a: Slowking|Slowking-Galar, M|100/100
|turn|22
|
|t:|1758965896
|switch|p2a: Ting-Lu|Ting-Lu|55/100
|-ability|p2a: Ting-Lu|Vessel of Ruin
|move|p1a: Slowking|Sludge Bomb|p2a: Ting-Lu
|-resisted|p2a: Ting-Lu
|-damage|p2a: Ting-Lu|47/100
|-enditem|p2a: Ting-Lu|Sitrus Berry|[eat]
|-heal|p2a: Ting-Lu|72/100|[from] item: Sitrus Berry
|
|upkeep
|turn|23
|
|t:|1758965908
|move|p1a: Slowking|Sludge Bomb|p2a: Ting-Lu
|-resisted|p2a: Ting-Lu
|-damage|p2a: Ting-Lu|64/100
|move|p2a: Ting-Lu|Whirlwind|p1a: Slowking
|drag|p1a: Corviknight|Corviknight, F|66/100
|-ability|p1a: Corviknight|Pressure
|
|upkeep
|turn|24
|
|t:|1758965926
|move|p2a: Ting-Lu|Stealth Rock|p1a: Corviknight
|-sidestart|p1: PANZER V PANTHER|move: Stealth Rock
|move|p1a: Corviknight|Roost|p1a: Corviknight
|-heal|p1a: Corviknight|100/100
|-singleturn|p1a: Corviknight|move: Roost
|
|upkeep
|turn|25
|
|t:|1758965935
|move|p2a: Ting-Lu|Spikes|p1a: Corviknight
|-sidestart|p1: PANZER V PANTHER|Spikes
|move|p1a: Corviknight|U-turn|p2a: Ting-Lu
|-supereffective|p2a: Ting-Lu
|-damage|p2a: Ting-Lu|50/100
|
|t:|1758965939
|switch|p1a: Slowking|Slowking-Galar, M|100/100|[from] U-turn
|
|upkeep
|turn|26
|
|t:|1758965944
|move|p2a: Ting-Lu|Earthquake|p1a: Slowking
|-supereffective|p1a: Slowking
|-damage|p1a: Slowking|24/100
|move|p1a: Slowking|Sludge Bomb|p2a: Ting-Lu
|-resisted|p2a: Ting-Lu
|-damage|p2a: Ting-Lu|41/100
|
|upkeep
|turn|27
|
|t:|1758965948
|switch|p1a: Corviknight|Corviknight, F|100/100
|-damage|p1a: Corviknight|88/100|[from] Stealth Rock
|-ability|p1a: Corviknight|Pressure
|move|p2a: Ting-Lu|Whirlwind|p1a: Corviknight
|drag|p1a: Alomomola|Alomomola, M|100/100
|-activate|p1a: Alomomola|move: Sticky Web
|-unboost|p1a: Alomomola|spe|1
|-damage|p1a: Alomomola|88/100|[from] Stealth Rock
|-damage|p1a: Alomomola|76/100|[from] Spikes
|
|upkeep
|turn|28
|
|t:|1758965962
|move|p2a: Ting-Lu|Earthquake|p1a: Alomomola
|-damage|p1a: Alomomola|56/100
|move|p1a: Alomomola|Scald|p2a: Ting-Lu
|-supereffective|p2a: Ting-Lu
|-damage|p2a: Ting-Lu|28/100
|
|upkeep
|turn|29
|
|t:|1758965968
|move|p1a: Alomomola|Scald|p2a: Ting-Lu
|-supereffective|p2a: Ting-Lu
|-damage|p2a: Ting-Lu|13/100
|-status|p2a: Ting-Lu|brn
|move|p2a: Ting-Lu|Whirlwind|p1a: Alomomola
|drag|p1a: Slowking|Slowking-Galar, M|57/100
|
|-damage|p2a: Ting-Lu|7/100 brn|[from] brn
|upkeep
|turn|30
|
|t:|1758965974
|switch|p1a: Corviknight|Corviknight, F|88/100
|-damage|p1a: Corviknight|75/100|[from] Stealth Rock
|-ability|p1a: Corviknight|Pressure
|move|p2a: Ting-Lu|Whirlwind|p1a: Corviknight
|drag|p1a: Slowking|Slowking-Galar, M|90/100
|
|-damage|p2a: Ting-Lu|1/100 brn|[from] brn
|upkeep
|turn|31
|
|t:|1758965981
|switch|p1a: Corviknight|Corviknight, F|75/100
|-damage|p1a: Corviknight|63/100|[from] Stealth Rock
|-ability|p1a: Corviknight|Pressure
|move|p2a: Ting-Lu|Earthquake|p1a: Corviknight
|-immune|p1a: Corviknight
|
|-damage|p2a: Ting-Lu|0 fnt|[from] brn
|faint|p2a: Ting-Lu
|upkeep
|
|t:|1758965985
|switch|p2a: Gholdengo|Gholdengo, shiny, tera:Flying|48/100 tox
|turn|32
|
|t:|1758965991
|move|p2a: Gholdengo|Shadow Ball|p1a: Corviknight
|-damage|p1a: Corviknight|28/100
|move|p1a: Corviknight|Roost|p1a: Corviknight
|-heal|p1a: Corviknight|78/100
|-singleturn|p1a: Corviknight|move: Roost
|
|-damage|p2a: Gholdengo|42/100 tox|[from] psn
|upkeep
|turn|33
|
|t:|1758965998
|move|p2a: Gholdengo|Recover|p2a: Gholdengo
|-heal|p2a: Gholdengo|92/100 tox
|move|p1a: Corviknight|Defog|p2a: Gholdengo
|-immune|p2a: Gholdengo|[from] ability: Good as Gold
|
|-damage|p2a: Gholdengo|79/100 tox|[from] psn
|upkeep
|turn|34
|
|t:|1758966004
|move|p2a: Gholdengo|Nasty Plot|p2a: Gholdengo
|-boost|p2a: Gholdengo|spa|2
|move|p1a: Corviknight|Brave Bird|p2a: Gholdengo
|-damage|p2a: Gholdengo|43/100 tox
|-damage|p1a: Corviknight|67/100|[from] Recoil
|
|-damage|p2a: Gholdengo|24/100 tox|[from] psn
|upkeep
|turn|35
|
|t:|1758966008
|move|p2a: Gholdengo|Shadow Ball|p1a: Corviknight
|-damage|p1a: Corviknight|0 fnt
|faint|p1a: Corviknight
|
|-damage|p2a: Gholdengo|0 fnt|[from] psn
|faint|p2a: Gholdengo
|upkeep
|
|t:|1758966016
|switch|p2a: Ogerpon|Ogerpon-Cornerstone, F|15/100
|switch|p1a: Alomomola|Alomomola, M|89/100
|-activate|p1a: Alomomola|move: Sticky Web
|-unboost|p1a: Alomomola|spe|1
|-damage|p1a: Alomomola|77/100|[from] Stealth Rock
|-damage|p1a: Alomomola|65/100|[from] Spikes
|turn|36
|
|t:|1758966019
|-terastallize|p1a: Alomomola|Dragon
|move|p2a: Ogerpon|Horn Leech|p1a: Alomomola
|-resisted|p1a: Alomomola
|-damage|p1a: Alomomola|53/100
|-heal|p2a: Ogerpon|26/100|[from] drain|[of] p1a: Alomomola
|move|p1a: Alomomola|Scald|p2a: Ogerpon
|-damage|p2a: Ogerpon|9/100
|
|upkeep
|turn|37
|
|t:|1758966025
|move|p2a: Ogerpon|Ivy Cudgel|p1a: Alomomola|[anim] Ivy Cudgel Rock
|-damage|p1a: Alomomola|22/100
|move|p1a: Alomomola|Scald|p2a: Ogerpon
|-damage|p2a: Ogerpon|0 fnt
|faint|p2a: Ogerpon
|
|win|PANZER V PANTHER
|raw|PANZER V PANTHER's rating: 1465 &rarr; <strong>1481</strong><br />(+16 for winning)
|raw|xcPurple's rating: 1394 &rarr; <strong>1378</strong><br />(-16 for losing)
|l|☆PANZER V PANTHER
|player|p1|
|l|☆xcPurple
|player|p2|
