|j|☆tregafzzg4
|j|☆werearewe
|t:|1758985958
|gametype|singles
|player|p1|tregafzzg4|sage|1391
|player|p2|werearewe|266|1431
|gen|9
|tier|[Gen 9] OU
|rated|
|rule|HP Percentage Mod: HP is shown in percentages
|rule|Endless Battle Clause: Forcing endless battles is banned
|rule|Species Clause: Limit one of each Pokémon
|rule|OHKO Clause: OHKO moves are banned
|rule|Evasion Items Clause: Evasion items are banned
|rule|Evasion Moves Clause: Evasion moves are banned
|rule|Evasion Abilities Clause: Evasion abilities are banned
|rule|Sleep Moves Clause: Sleep-inducing moves are banned
|clearpoke
|poke|p1|Dragapult, M|
|poke|p1|Weezing-Galar, M|
|poke|p1|Moltres|
|poke|p1|Kyurem|
|poke|p1|Muk-Alola, M|
|poke|p1|Scizor, F|
|poke|p2|Ribombee, F|
|poke|p2|Cinderace, F|
|poke|p2|Ogerpon, F|
|poke|p2|Milotic, F|
|poke|p2|Kingambit, M|
|poke|p2|Serperior, F|
|teampreview
|inactive|Battle timer is ON: inactive players will automatically lose when time's up. (requested by werearewe)
|
|t:|1758986025
|teamsize|p1|6
|teamsize|p2|6
|start
|switch|p1a: Scizor|Scizor, F|100/100
|switch|p2a: Ribombee|Ribombee, F|100/100
|turn|1
|
|t:|1758986028
|move|p1a: Scizor|Bullet Punch|p2a: Ribombee
|-supereffective|p2a: Ribombee
|-enditem|p2a: Ribombee|Focus Sash
|-damage|p2a: Ribombee|1/100
|move|p2a: Ribombee|Sticky Web|p1a: Scizor
|-sidestart|p1: tregafzzg4|move: Sticky Web
|
|upkeep
|turn|2
|
|t:|1758986034
|move|p1a: Scizor|Bullet Punch|p2a: Ribombee
|-supereffective|p2a: Ribombee
|-damage|p2a: Ribombee|0 fnt
|faint|p2a: Ribombee
|
|upkeep
|
|t:|1758986039
|switch|p2a: Cinderace|Cinderace, F|100/100
|turn|3
|
|t:|1758986044
|switch|p1a: Moltres|Moltres|100/100
|move|p2a: Cinderace|Court Change|p2a: Cinderace
|-swapsideconditions
|-activate|p2a: Cinderace|move: Court Change
|
|upkeep
|turn|4
|
|t:|1758986054
|move|p2a: Cinderace|U-turn|p1a: Moltres
|-resisted|p1a: Moltres
|-damage|p1a: Moltres|98/100
|
|t:|1758986056
|switch|p2a: Milotic|Milotic, F|100/100|[from] U-turn
|-activate|p2a: Milotic|move: Sticky Web
|-unboost|p2a: Milotic|spe|1
|-ability|p2a: Milotic|Competitive|boost
|-boost|p2a: Milotic|spa|2
|move|p1a: Moltres|U-turn|p2a: Milotic
|-damage|p2a: Milotic|85/100
|
|t:|1758986066
|switch|p1a: Weezing|Weezing-Galar, M|100/100|[from] U-turn
|-ability|p1a: Weezing|Neutralizing Gas
|
|upkeep
|turn|5
|
|t:|1758986086
|-terastallize|p1a: Weezing|Water
|move|p1a: Weezing|Defog|p2a: Milotic
|-unboost|p2a: Milotic|evasion|1
|-sideend|p2: werearewe|Sticky Web|[from] move: Defog|[of] p1a: Weezing
|move|p2a: Milotic|Scald|p1a: Weezing
|-resisted|p1a: Weezing
|-damage|p1a: Weezing|51/100
|
|upkeep
|turn|6
|
|t:|1758986097
|move|p1a: Weezing|Thunderbolt|p2a: Milotic
|-supereffective|p2a: Milotic
|-damage|p2a: Milotic|67/100
|move|p2a: Milotic|Draining Kiss|p1a: Weezing
|-damage|p1a: Weezing|5/100
|-heal|p2a: Milotic|97/100|[from] drain|[of] p1a: Weezing
|
|upkeep
|turn|7
|
|t:|1758986106
|move|p1a: Weezing|Will-O-Wisp|p2a: Milotic
|-status|p2a: Milotic|brn
|move|p2a: Milotic|Draining Kiss|p1a: Weezing
|-crit|p1a: Weezing
|-damage|p1a: Weezing|0 fnt
|-heal|p2a: Milotic|99/100 brn|[from] drain|[of] p1a: Weezing
|faint|p1a: Weezing
|-end|p1a: Weezing|ability: Neutralizing Gas
|
|-damage|p2a: Milotic|93/100 brn|[from] brn
|upkeep
|
|t:|1758986124
|switch|p1a: Kyurem|Kyurem|100/100
|-ability|p1a: Kyurem|Pressure
|turn|8
|inactive|werearewe has 120 seconds left.
|
|t:|1758986158
|move|p1a: Kyurem|Freeze-Dry|p2a: Milotic
|-supereffective|p2a: Milotic
|-damage|p2a: Milotic|53/100 brn
|move|p2a: Milotic|Draining Kiss|p1a: Kyurem
|-supereffective|p1a: Kyurem
|-damage|p1a: Kyurem|41/100
|-heal|p2a: Milotic|98/100 brn|[from] drain|[of] p1a: Kyurem
|
|-damage|p2a: Milotic|92/100 brn|[from] brn
|upkeep
|turn|9
|
|t:|1758986163
|move|p1a: Kyurem|Freeze-Dry|p2a: Milotic
|-supereffective|p2a: Milotic
|-damage|p2a: Milotic|56/100 brn
|move|p2a: Milotic|Draining Kiss|p1a: Kyurem
|-supereffective|p1a: Kyurem
|-damage|p1a: Kyurem|0 fnt
|-heal|p2a: Milotic|86/100 brn|[from] drain|[of] p1a: Kyurem
|faint|p1a: Kyurem
|
|-damage|p2a: Milotic|80/100 brn|[from] brn
|upkeep
|
|t:|1758986167
|switch|p1a: Scizor|Scizor, F|100/100
|turn|10
|inactive|werearewe has 120 seconds left.
|
|t:|1758986194
|move|p1a: Scizor|Knock Off|p2a: Milotic
|-damage|p2a: Milotic|19/100 brn
|-enditem|p2a: Milotic|Assault Vest|[from] move: Knock Off|[of] p1a: Scizor
|move|p2a: Milotic|Scald|p1a: Scizor
|-damage|p1a: Scizor|0 fnt
|faint|p1a: Scizor
|
|-damage|p2a: Milotic|13/100 brn|[from] brn
|upkeep
|
|t:|1758986203
|switch|p1a: Dragapult|Dragapult, M|100/100
|turn|11
|
|t:|1758986210
|move|p1a: Dragapult|Dragon Darts|p2a: Milotic
|-damage|p2a: Milotic|0 fnt
|faint|p2a: Milotic
|
|upkeep
|
|t:|1758986215
|switch|p2a: Kingambit|Kingambit, M|100/100
|turn|12
|inactive|tregafzzg4 has 120 seconds left.
|
|t:|1758986264
|switch|p1a: Moltres|Moltres|98/100
|move|p2a: Kingambit|Kowtow Cleave|p1a: Moltres
|-damage|p1a: Moltres|62/100
|
|upkeep
|turn|13
|inactive|werearewe has 120 seconds left.
|
|t:|1758986304
|switch|p2a: Cinderace|Cinderace, F|100/100
|move|p1a: Moltres|Flamethrower|p2a: Cinderace
|-resisted|p2a: Cinderace
|-damage|p2a: Cinderace|79/100
|
|upkeep
|turn|14
|inactive|werearewe has 120 seconds left.
|
|t:|1758986333
|move|p2a: Cinderace|U-turn|p1a: Moltres
|-resisted|p1a: Moltres
|-damage|p1a: Moltres|59/100
|inactive|werearewe has 120 seconds left.
|
|t:|1758986353
|switch|p2a: Serperior|Serperior, F|100/100|[from] U-turn
|move|p1a: Moltres|Roost|p1a: Moltres
|-heal|p1a: Moltres|100/100
|-singleturn|p1a: Moltres|move: Roost
|
|upkeep
|turn|15
|
|t:|1758986359
|switch|p1a: Muk|Muk-Alola, M|100/100
|-terastallize|p2a: Serperior|Rock
|move|p2a: Serperior|Tera Blast|p1a: Muk|[anim] Tera Blast Rock
|-damage|p1a: Muk|88/100
|
|upkeep
|turn|16
|
|t:|1758986363
|move|p2a: Serperior|Leaf Storm|p1a: Muk
|-resisted|p1a: Muk
|-damage|p1a: Muk|79/100
|-boost|p2a: Serperior|spa|2
|move|p1a: Muk|Drain Punch|p2a: Serperior
|-supereffective|p2a: Serperior
|-damage|p2a: Serperior|59/100
|-heal|p1a: Muk|93/100|[from] drain|[of] p2a: Serperior
|-status|p2a: Serperior|psn|[from] ability: Poison Touch|[of] p1a: Muk
|
|-heal|p2a: Serperior|65/100 psn|[from] item: Leftovers
|-damage|p2a: Serperior|53/100 psn|[from] psn
|upkeep
|turn|17
|-message|werearewe forfeited.
|
|win|tregafzzg4
|raw|tregafzzg4's rating: 1391 &rarr; <strong>1413</strong><br />(+22 for winning)
|raw|werearewe's rating: 1431 &rarr; <strong>1409</strong><br />(-22 for losing)
|l|☆werearewe
|player|p2|
|l|☆tregafzzg4
|player|p1|
