|j|☆ancient faith
|j|☆gabiruzu
|t:|1758994594
|gametype|singles
|player|p1|ancient faith|yellow|1273
|player|p2|gabiruzu|veteran|1304
|gen|9
|tier|[Gen 9] OU
|rated|
|rule|HP Percentage Mod: HP is shown in percentages
|rule|Endless Battle Clause: Forcing endless battles is banned
|rule|Species Clause: Limit one of each Pokémon
|rule|OHKO Clause: OHKO moves are banned
|rule|Evasion Items Clause: Evasion items are banned
|rule|Evasion Moves Clause: Evasion moves are banned
|rule|Evasion Abilities Clause: Evasion abilities are banned
|rule|Sleep Moves Clause: Sleep-inducing moves are banned
|clearpoke
|poke|p1|Iron Valiant|
|poke|p1|Dragapult, M|
|poke|p1|Glimmora, M|
|poke|p1|Ogerpon-Wellspring, F|
|poke|p1|Landorus-Therian, M|
|poke|p1|Kingambit, M|
|poke|p2|Latios, M|
|poke|p2|Gyarados, F|
|poke|p2|Salamence, M|
|poke|p2|Scizor, F|
|poke|p2|Reuniclus, M|
|poke|p2|Mamoswine, M|
|teampreview
|
|t:|1758994601
|teamsize|p1|6
|teamsize|p2|6
|start
|switch|p1a: Ogerpon|Ogerpon-Wellspring, F|100/100
|switch|p2a: Mamoswine|Mamoswine, M|100/100
|turn|1
|
|t:|1758994612
|move|p1a: Ogerpon|Horn Leech|p2a: Mamoswine
|-supereffective|p2a: Mamoswine
|-damage|p2a: Mamoswine|7/100
|move|p2a: Mamoswine|Stealth Rock|p1a: Ogerpon
|-sidestart|p1: ancient faith|move: Stealth Rock
|
|upkeep
|turn|2
|
|t:|1758994621
|move|p2a: Mamoswine|Ice Shard|p1a: Ogerpon
|-damage|p1a: Ogerpon|74/100
|move|p1a: Ogerpon|Horn Leech|p2a: Mamoswine
|-supereffective|p2a: Mamoswine
|-damage|p2a: Mamoswine|0 fnt
|-heal|p1a: Ogerpon|78/100|[from] drain|[of] p2a: Mamoswine
|faint|p2a: Mamoswine
|
|upkeep
|
|t:|1758994636
|switch|p2a: Scizor|Scizor, F|100/100
|turn|3
|
|t:|1758994639
|switch|p1a: Landorus|Landorus-Therian, M, shiny|100/100
|-damage|p1a: Landorus|88/100|[from] Stealth Rock
|-ability|p1a: Landorus|Intimidate|boost
|-unboost|p2a: Scizor|atk|1
|move|p2a: Scizor|Swords Dance|p2a: Scizor
|-boost|p2a: Scizor|atk|2
|
|upkeep
|turn|4
|
|t:|1758994648
|move|p1a: Landorus|Taunt|p2a: Scizor
|-start|p2a: Scizor|move: Taunt
|cant|p2a: Scizor|move: Taunt|Swords Dance
|
|upkeep
|turn|5
|
|t:|1758994655
|move|p1a: Landorus|Earthquake|p2a: Scizor
|-damage|p2a: Scizor|57/100
|move|p2a: Scizor|Thief|p1a: Landorus
|-damage|p1a: Landorus|36/100
|-damage|p2a: Scizor|40/100|[from] item: Rocky Helmet|[of] p1a: Landorus
|
|upkeep
|turn|6
|
|t:|1758994663
|move|p2a: Scizor|Bullet Punch|p1a: Landorus
|-damage|p1a: Landorus|0 fnt
|-damage|p2a: Scizor|24/100|[from] item: Rocky Helmet|[of] p1a: Landorus
|faint|p1a: Landorus
|
|-end|p2a: Scizor|move: Taunt
|upkeep
|
|t:|1758994666
|switch|p1a: Ogerpon|Ogerpon-Wellspring, F|78/100
|-damage|p1a: Ogerpon|65/100|[from] Stealth Rock
|turn|7
|
|t:|1758994675
|move|p2a: Scizor|Bullet Punch|p1a: Ogerpon
|-resisted|p1a: Ogerpon
|-damage|p1a: Ogerpon|34/100
|move|p1a: Ogerpon|Ivy Cudgel|p2a: Scizor|[anim] Ivy Cudgel Water
|-damage|p2a: Scizor|0 fnt
|faint|p2a: Scizor
|
|upkeep
|inactive|Battle timer is ON: inactive players will automatically lose when time's up. (requested by ancient faith)
|
|t:|1758994684
|switch|p2a: Latios|Latios, M|100/100
|turn|8
|
|t:|1758994691
|move|p1a: Ogerpon|Play Rough|p2a: Latios
|-supereffective|p2a: Latios
|-enditem|p2a: Latios|Focus Sash
|-damage|p2a: Latios|1/100
|move|p2a: Latios|Luster Purge|p1a: Ogerpon
|-damage|p1a: Ogerpon|0 fnt
|faint|p1a: Ogerpon
|
|upkeep
|
|t:|1758994699
|switch|p1a: Glimmora|Glimmora, M, shiny|100/100
|-damage|p1a: Glimmora|88/100|[from] Stealth Rock
|turn|9
|
|t:|1758994706
|-terastallize|p1a: Glimmora|Ghost
|move|p2a: Latios|Luster Purge|p1a: Glimmora
|-damage|p1a: Glimmora|24/100
|-unboost|p1a: Glimmora|spd|1
|move|p1a: Glimmora|Mortal Spin|p2a: Latios
|-damage|p2a: Latios|0 fnt
|-sideend|p1: ancient faith|Stealth Rock|[from] move: Mortal Spin|[of] p1a: Glimmora
|faint|p2a: Latios
|
|upkeep
|
|t:|1758994719
|switch|p2a: Reuniclus|Reuniclus, M, shiny|100/100
|turn|10
|
|t:|1758994723
|move|p1a: Glimmora|Meteor Beam||[still]
|-prepare|p1a: Glimmora|Meteor Beam
|-boost|p1a: Glimmora|spa|1
|-enditem|p1a: Glimmora|Power Herb
|-anim|p1a: Glimmora|Meteor Beam|p2a: Reuniclus
|-damage|p2a: Reuniclus|19/100
|move|p2a: Reuniclus|Acid Armor|p2a: Reuniclus
|-boost|p2a: Reuniclus|def|2
|
|upkeep
|turn|11
|
|t:|1758994739
|move|p1a: Glimmora|Earth Power|p2a: Reuniclus
|-damage|p2a: Reuniclus|0 fnt
|faint|p2a: Reuniclus
|
|upkeep
|
|t:|1758994752
|switch|p2a: Gyarados|Gyarados, F|100/100
|turn|12
|
|t:|1758994757
|move|p1a: Glimmora|Meteor Beam||[still]
|-prepare|p1a: Glimmora|Meteor Beam
|-boost|p1a: Glimmora|spa|1
|move|p2a: Gyarados|Dragon Dance|p2a: Gyarados
|-boost|p2a: Gyarados|atk|1
|-boost|p2a: Gyarados|spe|1
|
|upkeep
|turn|13
|
|t:|1758994767
|move|p2a: Gyarados|Earthquake|p1a: Glimmora
|-damage|p1a: Glimmora|0 fnt
|-activate|p1a: Glimmora|ability: Toxic Debris
|-sidestart|p2: gabiruzu|move: Toxic Spikes
|faint|p1a: Glimmora
|-ability|p2a: Gyarados|Moxie|boost
|-boost|p2a: Gyarados|atk|1
|
|upkeep
|
|t:|1758994776
|switch|p1a: Dragapult|Dragapult, M, shiny|100/100
|turn|14
|
|t:|1758994780
|move|p2a: Gyarados|Earthquake|p1a: Dragapult
|-damage|p1a: Dragapult|4/100
|move|p1a: Dragapult|Draco Meteor|p2a: Gyarados
|-damage|p2a: Gyarados|4/100
|-unboost|p1a: Dragapult|spa|2
|
|upkeep
|turn|15
|
|t:|1758994803
|move|p2a: Gyarados|Earthquake|p1a: Dragapult
|-damage|p1a: Dragapult|0 fnt
|faint|p1a: Dragapult
|-ability|p2a: Gyarados|Moxie|boost
|-boost|p2a: Gyarados|atk|1
|
|upkeep
|
|t:|1758994805
|switch|p1a: Iron Valiant|Iron Valiant, shiny|100/100
|-enditem|p1a: Iron Valiant|Booster Energy
|-activate|p1a: Iron Valiant|ability: Quark Drive|[fromitem]
|-start|p1a: Iron Valiant|quarkdrivespe
|turn|16
|
|t:|1758994815
|move|p1a: Iron Valiant|Knock Off|p2a: Gyarados
|-damage|p2a: Gyarados|0 fnt
|-enditem|p2a: Gyarados|Lum Berry|[from] move: Knock Off|[of] p1a: Iron Valiant
|faint|p2a: Gyarados
|
|upkeep
|
|t:|1758994821
|switch|p2a: Salamence|Salamence, M|100/100
|turn|17
|
|t:|1758994829
|-terastallize|p2a: Salamence|Fairy
|move|p1a: Iron Valiant|Spirit Break|p2a: Salamence
|-damage|p2a: Salamence|51/100
|-unboost|p2a: Salamence|spa|1
|move|p2a: Salamence|Dragon Dance|p2a: Salamence
|-boost|p2a: Salamence|atk|1
|-boost|p2a: Salamence|spe|1
|
|upkeep
|turn|18
|
|t:|1758994839
|move|p1a: Iron Valiant|Encore|p2a: Salamence
|-start|p2a: Salamence|Encore
|move|p2a: Salamence|Dragon Dance|p2a: Salamence
|-boost|p2a: Salamence|atk|1
|-boost|p2a: Salamence|spe|1
|
|upkeep
|turn|19
|-message|gabiruzu forfeited.
|
|win|ancient faith
|raw|ancient faith's rating: 1273 &rarr; <strong>1300</strong><br />(+27 for winning)
|raw|gabiruzu's rating: 1304 &rarr; <strong>1282</strong><br />(-22 for losing)
|l|☆gabiruzu
|player|p2|
