|j|☆0redsnow
|j|☆belphegorr
|t:|1758985378
|gametype|singles
|player|p1|0redsnow|265|1222
|player|p2|belphegorr|hoopster|1285
|gen|9
|tier|[Gen 9] OU
|rated|
|rule|HP Percentage Mod: HP is shown in percentages
|rule|Endless Battle Clause: Forcing endless battles is banned
|rule|Species Clause: Limit one of each Pokémon
|rule|OHKO Clause: OHKO moves are banned
|rule|Evasion Items Clause: Evasion items are banned
|rule|Evasion Moves Clause: Evasion moves are banned
|rule|Evasion Abilities Clause: Evasion abilities are banned
|rule|Sleep Moves Clause: Sleep-inducing moves are banned
|clearpoke
|poke|p1|Serperior, F|
|poke|p1|Kingambit, M|
|poke|p1|Ogerpon-Wellspring, F|
|poke|p1|Landorus-Therian, M|
|poke|p1|Scizor, M|
|poke|p1|Skeledirge, F|
|poke|p2|Samurott-Hisui, M|
|poke|p2|Coalossal, M|
|poke|p2|Scyther, F|
|poke|p2|Ogerpon, F|
|poke|p2|Weavile, M|
|poke|p2|Gengar, M|
|teampreview
|inactive|Battle timer is ON: inactive players will automatically lose when time's up. (requested by belphegorr)
|
|t:|1758985405
|teamsize|p1|6
|teamsize|p2|6
|start
|switch|p1a: Scizor|Scizor, M|100/100
|switch|p2a: Samurott|Samurott-Hisui, M, shiny|100/100
|turn|1
|
|t:|1758985411
|move|p1a: Scizor|Bullet Punch|p2a: Samurott
|-resisted|p2a: Samurott
|-damage|p2a: Samurott|83/100
|move|p2a: Samurott|Ceaseless Edge|p1a: Scizor
|-damage|p1a: Scizor|53/100
|-sidestart|p1: 0redsnow|Spikes
|
|upkeep
|turn|2
|
|t:|1758985420
|move|p2a: Samurott|Ceaseless Edge|p1a: Scizor
|-damage|p1a: Scizor|2/100
|-sidestart|p1: 0redsnow|Spikes
|move|p1a: Scizor|Defog|p2a: Samurott
|-unboost|p2a: Samurott|evasion|1
|-sideend|p1: 0redsnow|Spikes|[from] move: Defog|[of] p1a: Scizor
|
|upkeep
|turn|3
|
|t:|1758985431
|move|p1a: Scizor|Bullet Punch|p2a: Samurott
|-resisted|p2a: Samurott
|-damage|p2a: Samurott|64/100
|move|p2a: Samurott|Ceaseless Edge|p1a: Scizor
|-damage|p1a: Scizor|0 fnt
|-sidestart|p1: 0redsnow|Spikes
|faint|p1a: Scizor
|
|upkeep
|
|t:|1758985438
|switch|p1a: Serperior|Serperior, F|100/100
|-damage|p1a: Serperior|88/100|[from] Spikes
|turn|4
|
|t:|1758985442
|move|p1a: Serperior|Leaf Storm|p2a: Samurott
|-supereffective|p2a: Samurott
|-damage|p2a: Samurott|0 fnt
|-boost|p1a: Serperior|spa|2
|faint|p2a: Samurott
|
|-heal|p1a: Serperior|94/100|[from] item: Leftovers
|upkeep
|
|t:|1758985445
|switch|p2a: Gengar|Gengar, M|100/100
|turn|5
|
|t:|1758985459
|switch|p1a: Kingambit|Kingambit, M|100/100
|-damage|p1a: Kingambit|88/100|[from] Spikes
|-activate|p1a: Kingambit|ability: Supreme Overlord
|-start|p1a: Kingambit|fallen1|[silent]
|move|p2a: Gengar|Sludge Wave|p1a: Kingambit
|-immune|p1a: Kingambit
|
|upkeep
|turn|6
|
|t:|1758985468
|switch|p2a: Coalossal|Coalossal, M|100/100
|move|p1a: Kingambit|Kowtow Cleave|p2a: Coalossal
|-damage|p2a: Coalossal|68/100
|-damage|p1a: Kingambit|71/100|[from] item: Rocky Helmet|[of] p2a: Coalossal
|
|upkeep
|turn|7
|
|t:|1758985475
|-end|p1a: Kingambit|fallen1|[silent]
|switch|p1a: Skeledirge|Skeledirge, F|100/100
|move|p2a: Coalossal|Stealth Rock|p1a: Skeledirge
|-sidestart|p1: 0redsnow|move: Stealth Rock
|
|upkeep
|turn|8
|
|t:|1758985491
|move|p1a: Skeledirge|Hex|p2a: Coalossal
|-damage|p2a: Coalossal|48/100
|move|p2a: Coalossal|Fire Spin|p1a: Skeledirge
|-resisted|p1a: Skeledirge
|-damage|p1a: Skeledirge|96/100
|-activate|p1a: Skeledirge|move: Fire Spin|[of] p2a: Coalossal
|
|-damage|p1a: Skeledirge|84/100|[from] move: Fire Spin|[partiallytrapped]
|upkeep
|turn|9
|
|t:|1758985497
|move|p1a: Skeledirge|Torch Song|p2a: Coalossal
|-resisted|p2a: Coalossal
|-damage|p2a: Coalossal|41/100
|-boost|p1a: Skeledirge|spa|1
|move|p2a: Coalossal|Fire Spin|p1a: Skeledirge
|-resisted|p1a: Skeledirge
|-damage|p1a: Skeledirge|80/100
|
|-damage|p1a: Skeledirge|67/100|[from] move: Fire Spin|[partiallytrapped]
|upkeep
|turn|10
|
|t:|1758985502
|move|p1a: Skeledirge|Torch Song|p2a: Coalossal
|-resisted|p2a: Coalossal
|-damage|p2a: Coalossal|31/100
|-boost|p1a: Skeledirge|spa|1
|move|p2a: Coalossal|Fire Spin|p1a: Skeledirge|[miss]
|-miss|p2a: Coalossal|p1a: Skeledirge
|
|-damage|p1a: Skeledirge|55/100|[from] move: Fire Spin|[partiallytrapped]
|upkeep
|turn|11
|
|t:|1758985508
|move|p1a: Skeledirge|Slack Off|p1a: Skeledirge
|-heal|p1a: Skeledirge|100/100
|move|p2a: Coalossal|Fire Spin|p1a: Skeledirge|[miss]
|-miss|p2a: Coalossal|p1a: Skeledirge
|
|-damage|p1a: Skeledirge|88/100|[from] move: Fire Spin|[partiallytrapped]
|upkeep
|turn|12
|
|t:|1758985511
|move|p1a: Skeledirge|Torch Song|p2a: Coalossal
|-resisted|p2a: Coalossal
|-damage|p2a: Coalossal|18/100
|-boost|p1a: Skeledirge|spa|1
|move|p2a: Coalossal|Fire Spin|p1a: Skeledirge
|-resisted|p1a: Skeledirge
|-damage|p1a: Skeledirge|84/100
|
|-end|p1a: Skeledirge|Fire Spin|[partiallytrapped]
|upkeep
|turn|13
|
|t:|1758985515
|move|p1a: Skeledirge|Slack Off|p1a: Skeledirge
|-heal|p1a: Skeledirge|100/100
|move|p2a: Coalossal|Fire Spin|p1a: Skeledirge
|-resisted|p1a: Skeledirge
|-damage|p1a: Skeledirge|96/100
|-activate|p1a: Skeledirge|move: Fire Spin|[of] p2a: Coalossal
|
|-damage|p1a: Skeledirge|84/100|[from] move: Fire Spin|[partiallytrapped]
|upkeep
|turn|14
|
|t:|1758985520
|move|p1a: Skeledirge|Hex|p2a: Coalossal
|-damage|p2a: Coalossal|0 fnt
|faint|p2a: Coalossal
|
|-end|p1a: Skeledirge|Fire Spin|[partiallytrapped]|[silent]
|upkeep
|
|t:|1758985524
|switch|p2a: Gengar|Gengar, M|100/100
|turn|15
|
|t:|1758985527
|move|p2a: Gengar|Shadow Ball|p1a: Skeledirge
|-supereffective|p1a: Skeledirge
|-damage|p1a: Skeledirge|11/100
|move|p1a: Skeledirge|Hex|p2a: Gengar
|-supereffective|p2a: Gengar
|-enditem|p2a: Gengar|Focus Sash
|-damage|p2a: Gengar|1/100
|
|upkeep
|turn|16
|
|t:|1758985535
|move|p2a: Gengar|Shadow Ball|p1a: Skeledirge
|-supereffective|p1a: Skeledirge
|-damage|p1a: Skeledirge|0 fnt
|faint|p1a: Skeledirge
|
|upkeep
|
|t:|1758985545
|switch|p1a: Kingambit|Kingambit, M|71/100
|-damage|p1a: Kingambit|59/100|[from] Spikes
|-damage|p1a: Kingambit|53/100|[from] Stealth Rock
|-activate|p1a: Kingambit|ability: Supreme Overlord
|-start|p1a: Kingambit|fallen2|[silent]
|turn|17
|
|t:|1758985550
|move|p2a: Gengar|Encore||[still]
|-fail|p2a: Gengar
|move|p1a: Kingambit|Iron Head|p2a: Gengar
|-damage|p2a: Gengar|0 fnt
|faint|p2a: Gengar
|
|upkeep
|
|t:|1758985555
|switch|p2a: Scyther|Scyther, F, shiny|100/100
|turn|18
|
|t:|1758985563
|move|p2a: Scyther|Close Combat|p1a: Kingambit
|-supereffective|p1a: Kingambit
|-damage|p1a: Kingambit|0 fnt
|-unboost|p2a: Scyther|def|1
|-unboost|p2a: Scyther|spd|1
|faint|p1a: Kingambit
|-end|p1a: Kingambit|fallen2|[silent]
|
|upkeep
|
|t:|1758985575
|switch|p1a: Landorus|Landorus-Therian, M|100/100
|-damage|p1a: Landorus|88/100|[from] Stealth Rock
|-ability|p1a: Landorus|Intimidate|boost
|-unboost|p2a: Scyther|atk|1
|turn|19
|
|t:|1758985580
|move|p2a: Scyther|Aerial Ace|p1a: Landorus
|-damage|p1a: Landorus|65/100
|move|p1a: Landorus|Stone Edge|p2a: Scyther
|-supereffective|p2a: Scyther
|-damage|p2a: Scyther|0 fnt
|faint|p2a: Scyther
|
|-heal|p1a: Landorus|71/100|[from] item: Leftovers
|upkeep
|
|t:|1758985585
|switch|p2a: Weavile|Weavile, M|100/100
|turn|20
|
|t:|1758985600
|-terastallize|p1a: Landorus|Poison
|move|p2a: Weavile|Hone Claws|p2a: Weavile
|-boost|p2a: Weavile|atk|1
|-boost|p2a: Weavile|accuracy|1
|move|p1a: Landorus|Stone Edge|p2a: Weavile
|-supereffective|p2a: Weavile
|-enditem|p2a: Weavile|Focus Sash
|-damage|p2a: Weavile|1/100
|
|-heal|p1a: Landorus|77/100|[from] item: Leftovers
|upkeep
|turn|21
|
|t:|1758985608
|move|p2a: Weavile|Triple Axel|p1a: Landorus
|-damage|p1a: Landorus|65/100
|-damage|p1a: Landorus|43/100
|-crit|p1a: Landorus
|-damage|p1a: Landorus|0 fnt
|faint|p1a: Landorus
|-hitcount|p1: Landorus|3
|
|upkeep
|
|t:|1758985621
|switch|p1a: Ogerpon|Ogerpon-Wellspring, F|100/100
|-damage|p1a: Ogerpon|88/100|[from] Spikes
|-damage|p1a: Ogerpon|76/100|[from] Stealth Rock
|turn|22
|
|t:|1758985629
|move|p2a: Weavile|Triple Axel|p1a: Ogerpon
|-damage|p1a: Ogerpon|61/100
|-damage|p1a: Ogerpon|29/100
|-damage|p1a: Ogerpon|0 fnt
|faint|p1a: Ogerpon
|-hitcount|p1: Ogerpon|3
|
|upkeep
|
|t:|1758985632
|switch|p1a: Serperior|Serperior, F|94/100
|-damage|p1a: Serperior|82/100|[from] Spikes
|-damage|p1a: Serperior|70/100|[from] Stealth Rock
|turn|23
|
|t:|1758985640
|move|p2a: Weavile|Triple Axel|p1a: Serperior
|-supereffective|p1a: Serperior
|-damage|p1a: Serperior|34/100
|-supereffective|p1a: Serperior
|-damage|p1a: Serperior|0 fnt
|faint|p1a: Serperior
|-hitcount|p1: Serperior|2
|
|win|belphegorr
|raw|0redsnow's rating: 1222 &rarr; <strong>1201</strong><br />(-21 for losing)
|raw|belphegorr's rating: 1285 &rarr; <strong>1306</strong><br />(+21 for winning)
|l|☆0redsnow
|player|p1|
|l|☆belphegorr
|player|p2|
