|j|☆ANdrol2
|j|‽specsribombee
|t:|1759072874
|gametype|singles
|player|p1|ANdrol2|1|1410
|player|p2|specsribombee|mira|1488
|gen|9
|tier|[Gen 9] OU
|rated|
|rule|HP Percentage Mod: HP is shown in percentages
|rule|Endless Battle Clause: Forcing endless battles is banned
|rule|Species Clause: Limit one of each Pokémon
|rule|OHKO Clause: OHKO moves are banned
|rule|Evasion Items Clause: Evasion items are banned
|rule|Evasion Moves Clause: Evasion moves are banned
|rule|Evasion Abilities Clause: Evasion abilities are banned
|rule|Sleep Moves Clause: Sleep-inducing moves are banned
|clearpoke
|poke|p1|Gholdengo|
|poke|p1|Ceruledge, F|
|poke|p1|Enamorus, F|
|poke|p1|Ribombee, F|
|poke|p1|Quaquaval, F|
|poke|p1|Iron Treads|
|poke|p2|Ogerpon-Wellspring, F|
|poke|p2|Garganacl, M|
|poke|p2|Great Tusk|
|poke|p2|Dragonite, F|
|poke|p2|Moltres|
|poke|p2|Darkrai|
|teampreview
|
|t:|1759072887
|teamsize|p1|6
|teamsize|p2|6
|start
|switch|p1a: Ribombee|Ribombee, F, shiny|100/100
|switch|p2a: Darkrai|Darkrai|100/100
|turn|1
|
|t:|1759072904
|move|p2a: Darkrai|Sludge Bomb|p1a: Ribombee
|-supereffective|p1a: Ribombee
|-enditem|p1a: Ribombee|Focus Sash
|-damage|p1a: Ribombee|1/100
|move|p1a: Ribombee|Sticky Web|p2a: Darkrai
|-sidestart|p2: specsribombee|move: Sticky Web
|
|upkeep
|turn|2
|
|t:|1759072911
|move|p2a: Darkrai|Sludge Bomb|p1a: Ribombee
|-supereffective|p1a: Ribombee
|-damage|p1a: Ribombee|0 fnt
|faint|p1a: Ribombee
|
|upkeep
|
|t:|1759072920
|switch|p1a: Quaquaval|Quaquaval, F|100/100
|turn|3
|
|t:|1759072930
|-terastallize|p2a: Darkrai|Poison
|move|p2a: Darkrai|Sludge Bomb|p1a: Quaquaval
|-damage|p1a: Quaquaval|54/100
|-status|p1a: Quaquaval|psn
|move|p1a: Quaquaval|Aqua Step|p2a: Darkrai
|-damage|p2a: Darkrai|46/100
|-boost|p1a: Quaquaval|spe|1
|
|-damage|p1a: Quaquaval|42/100 psn|[from] psn
|upkeep
|turn|4
|
|t:|1759072939
|move|p2a: Darkrai|Sludge Bomb|p1a: Quaquaval
|-damage|p1a: Quaquaval|0 fnt
|faint|p1a: Quaquaval
|
|upkeep
|c|☆ANdrol2|what a terrible tera
|c|☆ANdrol2|but nice luck
|n|☆specsribombee|specsribombee
|c|☆specsribombee|fym luck
|c|☆ANdrol2|poison roll
|n|!specsribombee|specsribombee
|c|☆ANdrol2|was completely no reason to tera and u got bailed
|
|t:|1759073004
|switch|p1a: Iron Treads|Iron Treads|100/100
|-enditem|p1a: Iron Treads|Booster Energy
|-activate|p1a: Iron Treads|ability: Quark Drive|[fromitem]
|-start|p1a: Iron Treads|quarkdriveatk
|turn|5
|
|t:|1759073013
|switch|p2a: Great Tusk|Great Tusk|100/100
|move|p1a: Iron Treads|Supercell Slam|p2a: Great Tusk
|-immune|p2a: Great Tusk
|-damage|p1a: Iron Treads|51/100|[from] supercellslam
|
|upkeep
|turn|6
|
|t:|1759073022
|-end|p1a: Iron Treads|Quark Drive|[silent]
|switch|p1a: Gholdengo|Gholdengo|100/100
|-item|p1a: Gholdengo|Air Balloon
|move|p2a: Great Tusk|Knock Off|p1a: Gholdengo
|-supereffective|p1a: Gholdengo
|-damage|p1a: Gholdengo|26/100
|-enditem|p1a: Gholdengo|Air Balloon
|
|upkeep
|turn|7
|-message|ANdrol2 forfeited.
|
|win|specsribombee
