|j|☆dokffj8383
|j|☆Bennanshi
|t:|1758961678
|gametype|singles
|player|p1|dokffj8383|170|1000
|player|p2|Bennanshi|266|1035
|gen|9
|tier|[Gen 9] OU
|rated|
|rule|HP Percentage Mod: HP is shown in percentages
|rule|Endless Battle Clause: Forcing endless battles is banned
|rule|Species Clause: Limit one of each Pokémon
|rule|OHKO Clause: OHKO moves are banned
|rule|Evasion Items Clause: Evasion items are banned
|rule|Evasion Moves Clause: Evasion moves are banned
|rule|Evasion Abilities Clause: Evasion abilities are banned
|rule|Sleep Moves Clause: Sleep-inducing moves are banned
|clearpoke
|poke|p1|Avalugg-Hisui, M|
|poke|p1|Incineroar, M|
|poke|p1|Gholdengo|
|poke|p1|Amoonguss, M|
|poke|p1|Goodra-Hisui, F|
|poke|p1|Quaquaval, F|
|poke|p2|Clefable, F|
|poke|p2|Iron Treads|
|poke|p2|Raging Bolt|
|poke|p2|Latias, F|
|poke|p2|Dragonite, F|
|poke|p2|Weavile, F|
|teampreview
|
|t:|1758961688
|teamsize|p1|6
|teamsize|p2|6
|start
|switch|p1a: Avalugg|Avalugg-Hisui, M|100/100
|switch|p2a: Iron Treads|Iron Treads|100/100
|turn|1
|
|t:|1758961699
|move|p2a: Iron Treads|Stealth Rock|p1a: Avalugg
|-sidestart|p1: dokffj8383|move: Stealth Rock
|move|p1a: Avalugg|Body Press|p2a: Iron Treads
|-supereffective|p2a: Iron Treads
|-damage|p2a: Iron Treads|31/100
|-damage|p1a: Avalugg|84/100|[from] item: Rocky Helmet|[of] p2a: Iron Treads
|
|-heal|p1a: Avalugg|90/100|[from] item: Leftovers
|upkeep
|turn|2
|
|t:|1758961722
|move|p2a: Iron Treads|Earthquake|p1a: Avalugg
|-supereffective|p1a: Avalugg
|-damage|p1a: Avalugg|55/100
|move|p1a: Avalugg|Iron Defense|p1a: Avalugg
|-boost|p1a: Avalugg|def|2
|
|-heal|p1a: Avalugg|62/100|[from] item: Leftovers
|upkeep
|turn|3
|
|t:|1758961729
|-end|p2a: Iron Treads|Quark Drive|[silent]
|switch|p2a: Latias|Latias, F|100/100
|move|p1a: Avalugg|Body Press|p2a: Latias
|-resisted|p2a: Latias
|-damage|p2a: Latias|51/100
|
|-heal|p1a: Avalugg|68/100|[from] item: Leftovers
|upkeep
|turn|4
|
|t:|1758961738
|move|p1a: Avalugg|Protect|p1a: Avalugg
|-singleturn|p1a: Avalugg|Protect
|move|p2a: Latias|Surf|p1a: Avalugg
|-activate|p1a: Avalugg|move: Protect
|
|-heal|p1a: Avalugg|74/100|[from] item: Leftovers
|upkeep
|turn|5
|
|t:|1758961742
|move|p2a: Latias|Surf|p1a: Avalugg
|-supereffective|p1a: Avalugg
|-damage|p1a: Avalugg|0 fnt
|faint|p1a: Avalugg
|
|upkeep
|
|t:|1758961745
|switch|p1a: Incineroar|Incineroar, M|100/100
|-ability|p1a: Incineroar|Intimidate|boost
|-unboost|p2a: Latias|atk|1
|turn|6
|
|t:|1758961775
|move|p1a: Incineroar|Fake Out|p2a: Latias
|-damage|p2a: Latias|38/100
|cant|p2a: Latias|flinch
|
|upkeep
|turn|7
|
|t:|1758961800
|move|p2a: Latias|Surf|p1a: Incineroar
|-supereffective|p1a: Incineroar
|-damage|p1a: Incineroar|66/100
|move|p1a: Incineroar|Parting Shot|p2a: Latias
|-unboost|p2a: Latias|atk|1
|-unboost|p2a: Latias|spa|1
|
|t:|1758961805
|switch|p1a: Quaquaval|Quaquaval, F|100/100|[from] Parting Shot
|-damage|p1a: Quaquaval|94/100|[from] Stealth Rock
|
|upkeep
|turn|8
|
|t:|1758961822
|switch|p2a: Raging Bolt|Raging Bolt|100/100
|move|p1a: Quaquaval|Aqua Step|p2a: Raging Bolt
|-resisted|p2a: Raging Bolt
|-damage|p2a: Raging Bolt|85/100
|-boost|p1a: Quaquaval|spe|1
|
|upkeep
|turn|9
|
|t:|1758961834
|move|p1a: Quaquaval|Aqua Step|p2a: Raging Bolt
|-resisted|p2a: Raging Bolt
|-crit|p2a: Raging Bolt
|-damage|p2a: Raging Bolt|62/100
|-boost|p1a: Quaquaval|spe|1
|move|p2a: Raging Bolt|Volt Switch|p1a: Quaquaval
|-supereffective|p1a: Quaquaval
|-damage|p1a: Quaquaval|0 fnt
|faint|p1a: Quaquaval
|
|t:|1758961843
|-end|p2a: Raging Bolt|Protosynthesis|[silent]
|switch|p2a: Latias|Latias, F|38/100|[from] Volt Switch
|
|upkeep
|
|t:|1758961849
|switch|p1a: Incineroar|Incineroar, M|66/100
|-ability|p1a: Incineroar|Intimidate|boost
|-unboost|p2a: Latias|atk|1
|turn|10
|
|t:|1758961856
|move|p1a: Incineroar|Fake Out|p2a: Latias
|-damage|p2a: Latias|24/100
|cant|p2a: Latias|flinch
|
|upkeep
|turn|11
|
|t:|1758961860
|move|p2a: Latias|Healing Wish|p2a: Latias
|faint|p2a: Latias
|move|p1a: Incineroar|Parting Shot|p2: Latias|[notarget]
|-fail|p1a: Incineroar
|
|upkeep
|
|t:|1758961872
|switch|p2a: Raging Bolt|Raging Bolt|62/100
|-heal|p2a: Raging Bolt|100/100|[from] move: Healing Wish
|turn|12
|
|t:|1758961878
|-terastallize|p2a: Raging Bolt|Fairy
|move|p2a: Raging Bolt|Tera Blast|p1a: Incineroar|[anim] Tera Blast Fairy
|-damage|p1a: Incineroar|35/100
|move|p1a: Incineroar|Parting Shot|p2a: Raging Bolt
|-unboost|p2a: Raging Bolt|atk|1
|-unboost|p2a: Raging Bolt|spa|1
|
|t:|1758961884
|switch|p1a: Goodra|Goodra-Hisui, F|100/100|[from] Parting Shot
|-damage|p1a: Goodra|94/100|[from] Stealth Rock
|
|-heal|p1a: Goodra|100/100|[from] item: Leftovers
|upkeep
|turn|13
|
|t:|1758961897
|move|p2a: Raging Bolt|Volt Switch|p1a: Goodra
|-resisted|p1a: Goodra
|-damage|p1a: Goodra|93/100
|
|t:|1758961905
|-end|p2a: Raging Bolt|Protosynthesis|[silent]
|switch|p2a: Iron Treads|Iron Treads|31/100|[from] Volt Switch
|move|p1a: Goodra|Acid Armor|p1a: Goodra
|-boost|p1a: Goodra|def|2
|
|-heal|p1a: Goodra|99/100|[from] item: Leftovers
|upkeep
|turn|14
|
|t:|1758961913
|move|p2a: Iron Treads|Earthquake|p1a: Goodra
|-supereffective|p1a: Goodra
|-damage|p1a: Goodra|54/100
|move|p1a: Goodra|Body Press|p2a: Iron Treads
|-supereffective|p2a: Iron Treads
|-damage|p2a: Iron Treads|0 fnt
|-damage|p1a: Goodra|38/100|[from] item: Rocky Helmet|[of] p2a: Iron Treads
|faint|p2a: Iron Treads
|-end|p2a: Iron Treads|Quark Drive|[silent]
|
|-heal|p1a: Goodra|44/100|[from] item: Leftovers
|upkeep
|
|t:|1758961916
|switch|p2a: Clefable|Clefable, F|100/100
|turn|15
|
|t:|1758961926
|move|p1a: Goodra|Body Press|p2a: Clefable
|-resisted|p2a: Clefable
|-damage|p2a: Clefable|90/100
|move|p2a: Clefable|Flamethrower|p1a: Goodra
|-damage|p1a: Goodra|21/100
|-status|p1a: Goodra|brn
|
|-heal|p1a: Goodra|27/100 brn|[from] item: Leftovers
|-damage|p1a: Goodra|21/100 brn|[from] brn
|upkeep
|turn|16
|
|t:|1758961933
|move|p1a: Goodra|Acid Armor|p1a: Goodra
|-boost|p1a: Goodra|def|2
|move|p2a: Clefable|Flamethrower|p1a: Goodra
|-damage|p1a: Goodra|0 fnt
|faint|p1a: Goodra
|
|upkeep
|
|t:|1758961936
|switch|p1a: Incineroar|Incineroar, M|35/100
|-ability|p1a: Incineroar|Intimidate|boost
|-unboost|p2a: Clefable|atk|1
|turn|17
|
|t:|1758961943
|switch|p2a: Raging Bolt|Raging Bolt, tera:Fairy|100/100
|move|p1a: Incineroar|Fake Out|p2a: Raging Bolt
|-damage|p2a: Raging Bolt|92/100
|
|upkeep
|turn|18
|
|t:|1758961949
|move|p1a: Incineroar|Fake Out||[still]
|-hint|Fake Out only works on your first turn out.
|-fail|p1a: Incineroar
|move|p2a: Raging Bolt|Volt Switch|p1a: Incineroar
|-damage|p1a: Incineroar|9/100
|
|t:|1758961956
|-end|p2a: Raging Bolt|Protosynthesis|[silent]
|switch|p2a: Weavile|Weavile, F|100/100|[from] Volt Switch
|-ability|p2a: Weavile|Pressure
|
|upkeep
|turn|19
|
|t:|1758961964
|move|p1a: Incineroar|Protect|p1a: Incineroar
|-singleturn|p1a: Incineroar|Protect
|move|p2a: Weavile|Knock Off|p1a: Incineroar
|-activate|p1a: Incineroar|move: Protect
|
|upkeep
|turn|20
|
|t:|1758961966
|move|p2a: Weavile|Knock Off|p1a: Incineroar
|-resisted|p1a: Incineroar
|-damage|p1a: Incineroar|0 fnt
|-enditem|p1a: Incineroar|Heavy-Duty Boots|[from] move: Knock Off|[of] p2a: Weavile
|faint|p1a: Incineroar
|
|upkeep
|
|t:|1758961969
|switch|p1a: Gholdengo|Gholdengo|100/100
|-damage|p1a: Gholdengo|94/100|[from] Stealth Rock
|-item|p1a: Gholdengo|Air Balloon
|turn|21
|
|t:|1758961975
|move|p2a: Weavile|Swords Dance|p2a: Weavile
|-boost|p2a: Weavile|atk|2
|move|p1a: Gholdengo|Nasty Plot|p1a: Gholdengo
|-boost|p1a: Gholdengo|spa|2
|
|upkeep
|turn|22
|
|t:|1758961986
|move|p2a: Weavile|Knock Off|p1a: Gholdengo
|-supereffective|p1a: Gholdengo
|-damage|p1a: Gholdengo|0 fnt
|-enditem|p1a: Gholdengo|Air Balloon
|faint|p1a: Gholdengo
|
|upkeep
|
|t:|1758961989
|switch|p1a: Amoonguss|Amoonguss, M|100/100
|-damage|p1a: Amoonguss|88/100|[from] Stealth Rock
|turn|23
|
|t:|1758961992
|move|p2a: Weavile|Ice Spinner|p1a: Amoonguss
|-supereffective|p1a: Amoonguss
|-damage|p1a: Amoonguss|0 fnt
|-status|p2a: Weavile|psn|[from] ability: Effect Spore|[of] p1a: Amoonguss
|faint|p1a: Amoonguss
|
|win|Bennanshi
|raw|dokffj8383's rating: 1000 &rarr; <strong>1000</strong><br />(+0 for losing)
|raw|Bennanshi's rating: 1035 &rarr; <strong>1066</strong><br />(+31 for winning)
|l|☆dokffj8383
|player|p1|
