|j|☆frogwithaknife
|j|☆Toxicognath
|t:|1759036050
|gametype|singles
|player|p1|frogwithaknife|adaman|1424
|player|p2|Toxicognath|265|1421
|gen|9
|tier|[Gen 9] OU
|rated|
|rule|HP Percentage Mod: HP is shown in percentages
|rule|Endless Battle Clause: Forcing endless battles is banned
|rule|Species Clause: Limit one of each Pokémon
|rule|OHKO Clause: OHKO moves are banned
|rule|Evasion Items Clause: Evasion items are banned
|rule|Evasion Moves Clause: Evasion moves are banned
|rule|Evasion Abilities Clause: Evasion abilities are banned
|rule|Sleep Moves Clause: Sleep-inducing moves are banned
|clearpoke
|poke|p1|Kommo-o, F|
|poke|p1|Iron Moth|
|poke|p1|Iron Treads|
|poke|p1|Ogerpon-Wellspring, F|
|poke|p1|Enamorus, F|
|poke|p1|Metagross|
|poke|p2|Hydrapple, F|
|poke|p2|Rillaboom, M|
|poke|p2|Comfey, M|
|poke|p2|Hawlucha, M|
|poke|p2|Hatterene, F|
|poke|p2|Ditto|
|teampreview
|inactive|Battle timer is ON: inactive players will automatically lose when time's up. (requested by Toxicognath)
|
|t:|1759036061
|teamsize|p1|6
|teamsize|p2|6
|start
|switch|p1a: Iron Treads|Iron Treads|100/100
|switch|p2a: Ditto|Ditto|100/100
|-transform|p2a: Ditto|p1a: Iron Treads|[from] ability: Imposter
|-enditem|p1a: Iron Treads|Booster Energy
|-activate|p1a: Iron Treads|ability: Quark Drive|[fromitem]
|-start|p1a: Iron Treads|quarkdrivespe
|turn|1
|
|t:|1759036077
|-end|p2a: Ditto|Quark Drive|[silent]
|switch|p2a: Hatterene|Hatterene, F|100/100
|move|p1a: Iron Treads|Stealth Rock|p2a: Hatterene
|move|p2a: Hatterene|Stealth Rock|p1a: Iron Treads|[from] ability: Magic Bounce
|-sidestart|p1: frogwithaknife|move: Stealth Rock
|
|upkeep
|turn|2
|
|t:|1759036081
|switch|p2a: Ditto|Ditto|100/100
|-transform|p2a: Ditto|p1a: Iron Treads|[from] ability: Imposter
|move|p1a: Iron Treads|Rapid Spin|p2a: Ditto
|-resisted|p2a: Ditto
|-damage|p2a: Ditto|95/100
|-boost|p1a: Iron Treads|spe|1
|-sideend|p1: frogwithaknife|Stealth Rock|[from] move: Rapid Spin|[of] p1a: Iron Treads
|
|upkeep
|turn|3
|
|t:|1759036095
|-end|p2a: Ditto|Quark Drive|[silent]
|switch|p2a: Hatterene|Hatterene, F|100/100
|move|p1a: Iron Treads|Earth Power|p2a: Hatterene
|-damage|p2a: Hatterene|66/100
|
|upkeep
|turn|4
|
|t:|1759036105
|switch|p2a: Rillaboom|Rillaboom, M|100/100
|-fieldstart|move: Grassy Terrain|[from] ability: Grassy Surge|[of] p2a: Rillaboom
|move|p1a: Iron Treads|Steel Beam|p2a: Rillaboom
|-damage|p2a: Rillaboom|33/100
|-damage|p1a: Iron Treads|50/100|[from] steelbeam
|
|-heal|p1a: Iron Treads|57/100|[from] Grassy Terrain
|-heal|p2a: Rillaboom|40/100|[from] Grassy Terrain
|upkeep
|turn|5
|
|t:|1759036116
|move|p2a: Rillaboom|Grassy Glide|p1a: Iron Treads
|-damage|p1a: Iron Treads|24/100
|move|p1a: Iron Treads|Steel Beam|p2a: Rillaboom
|-damage|p2a: Rillaboom|0 fnt
|-damage|p1a: Iron Treads|0 fnt|[from] steelbeam
|faint|p1a: Iron Treads
|-end|p1a: Iron Treads|Quark Drive|[silent]
|faint|p2a: Rillaboom
|
|upkeep
|
|t:|1759036131
|switch|p1a: Metagross|Metagross|100/100
|switch|p2a: Hydrapple|Hydrapple, F|100/100
|-enditem|p2a: Hydrapple|Grassy Seed
|-boost|p2a: Hydrapple|def|1|[from] item: Grassy Seed
|turn|6
|
|t:|1759036140
|switch|p1a: Enamorus|Enamorus, F|100/100
|move|p2a: Hydrapple|Nasty Plot|p2a: Hydrapple
|-boost|p2a: Hydrapple|spa|2
|
|upkeep
|turn|7
|inactive|frogwithaknife has 120 seconds left.
|
|t:|1759036174
|-terastallize|p2a: Hydrapple|Grass
|move|p1a: Enamorus|Calm Mind|p1a: Enamorus
|-boost|p1a: Enamorus|spa|1
|-boost|p1a: Enamorus|spd|1
|move|p2a: Hydrapple|Nasty Plot|p2a: Hydrapple
|-boost|p2a: Hydrapple|spa|2
|
|upkeep
|turn|8
|inactive|frogwithaknife has 120 seconds left.
|inactive|frogwithaknife has 90 seconds left.
|
|t:|1759036218
|move|p1a: Enamorus|Calm Mind|p1a: Enamorus
|-boost|p1a: Enamorus|spa|1
|-boost|p1a: Enamorus|spd|1
|move|p2a: Hydrapple|Giga Drain|p1a: Enamorus
|-resisted|p1a: Enamorus
|-damage|p1a: Enamorus|40/100
|
|-heal|p1a: Enamorus|47/100|[from] item: Leftovers
|upkeep
|turn|9
|inactive|frogwithaknife has 90 seconds left.
|inactive|frogwithaknife has 60 seconds left.
|
|t:|1759036287
|move|p1a: Enamorus|Moonblast|p2a: Hydrapple
|-damage|p2a: Hydrapple|1/100
|move|p2a: Hydrapple|Giga Drain|p1a: Enamorus
|-resisted|p1a: Enamorus
|-damage|p1a: Enamorus|0 fnt
|-heal|p2a: Hydrapple|17/100|[from] drain|[of] p1a: Enamorus
|faint|p1a: Enamorus
|
|-heal|p2a: Hydrapple|23/100|[from] Grassy Terrain
|upkeep
|
|t:|1759036296
|switch|p1a: Iron Moth|Iron Moth|100/100
|-enditem|p1a: Iron Moth|Booster Energy
|-activate|p1a: Iron Moth|ability: Quark Drive|[fromitem]
|-start|p1a: Iron Moth|quarkdrivespe
|turn|10
|
|t:|1759036311
|switch|p2a: Hawlucha|Hawlucha, M|100/100
|-enditem|p2a: Hawlucha|Grassy Seed
|-boost|p2a: Hawlucha|def|1|[from] item: Grassy Seed
|move|p1a: Iron Moth|Fiery Dance|p2a: Hawlucha
|-damage|p2a: Hawlucha|30/100
|
|upkeep
|turn|11
|
|t:|1759036321
|move|p2a: Hawlucha|Acrobatics|p1a: Iron Moth
|-damage|p1a: Iron Moth|34/100
|move|p1a: Iron Moth|Fiery Dance|p2a: Hawlucha
|-damage|p2a: Hawlucha|0 fnt
|-boost|p1a: Iron Moth|spa|1
|faint|p2a: Hawlucha
|
|-heal|p1a: Iron Moth|40/100|[from] Grassy Terrain
|-fieldend|move: Grassy Terrain
|upkeep
|
|t:|1759036326
|switch|p2a: Ditto|Ditto|95/100
|-transform|p2a: Ditto|p1a: Iron Moth|[from] ability: Imposter
|turn|12
|
|t:|1759036335
|move|p2a: Ditto|Fiery Dance|p1a: Iron Moth
|-resisted|p1a: Iron Moth
|-damage|p1a: Iron Moth|9/100
|move|p1a: Iron Moth|Sludge Wave|p2a: Ditto
|-resisted|p2a: Ditto
|-damage|p2a: Ditto|59/100
|
|upkeep
|turn|13
|
|t:|1759036346
|move|p1a: Iron Moth|Substitute|p1a: Iron Moth
|-fail|p1a: Iron Moth|move: Substitute|[weak]
|move|p2a: Ditto|Fiery Dance|p1a: Iron Moth
|-resisted|p1a: Iron Moth
|-damage|p1a: Iron Moth|0 fnt
|-boost|p2a: Ditto|spa|1
|faint|p1a: Iron Moth
|-end|p1a: Iron Moth|Quark Drive|[silent]
|
|upkeep
|
|t:|1759036354
|switch|p1a: Kommo-o|Kommo-o, F|100/100
|turn|14
|
|t:|1759036363
|-end|p2a: Ditto|Quark Drive|[silent]
|switch|p2a: Hatterene|Hatterene, F|66/100
|move|p1a: Kommo-o|Boomburst|p2a: Hatterene
|-damage|p2a: Hatterene|25/100
|
|upkeep
|turn|15
|
|t:|1759036371
|move|p1a: Kommo-o|Boomburst|p2a: Hatterene
|-damage|p2a: Hatterene|0 fnt
|faint|p2a: Hatterene
|
|upkeep
|
|t:|1759036380
|switch|p2a: Hydrapple|Hydrapple, F, tera:Grass|57/100
|turn|16
|
|t:|1759036389
|switch|p2a: Comfey|Comfey, M|100/100
|-terastallize|p1a: Kommo-o|Normal
|move|p1a: Kommo-o|Clangorous Soul|p1a: Kommo-o
|-boost|p1a: Kommo-o|atk|1
|-boost|p1a: Kommo-o|def|1
|-boost|p1a: Kommo-o|spa|1
|-boost|p1a: Kommo-o|spd|1
|-boost|p1a: Kommo-o|spe|1
|-damage|p1a: Kommo-o|68/100
|
|upkeep
|turn|17
|
|t:|1759036398
|move|p2a: Comfey|Draining Kiss|p1a: Kommo-o
|-damage|p1a: Kommo-o|56/100
|move|p1a: Kommo-o|Boomburst|p2a: Comfey
|-damage|p2a: Comfey|14/100
|
|upkeep
|turn|18
|
|t:|1759036404
|move|p2a: Comfey|Draining Kiss|p1a: Kommo-o
|-damage|p1a: Kommo-o|45/100
|-heal|p2a: Comfey|22/100|[from] drain|[of] p1a: Kommo-o
|move|p1a: Kommo-o|Clangorous Soul|p1a: Kommo-o
|-boost|p1a: Kommo-o|atk|1
|-boost|p1a: Kommo-o|def|1
|-boost|p1a: Kommo-o|spa|1
|-boost|p1a: Kommo-o|spd|1
|-boost|p1a: Kommo-o|spe|1
|-damage|p1a: Kommo-o|12/100
|
|upkeep
|turn|19
|
|t:|1759036408
|move|p2a: Comfey|Draining Kiss|p1a: Kommo-o
|-damage|p1a: Kommo-o|4/100
|-heal|p2a: Comfey|28/100|[from] drain|[of] p1a: Kommo-o
|move|p1a: Kommo-o|Rest|p1a: Kommo-o
|-status|p1a: Kommo-o|slp|[from] move: Rest
|-heal|p1a: Kommo-o|100/100 slp|[silent]
|-enditem|p1a: Kommo-o|Chesto Berry|[eat]
|-curestatus|p1a: Kommo-o|slp|[msg]
|
|upkeep
|turn|20
|inactive|frogwithaknife has 90 seconds left.
|
|t:|1759036413
|move|p2a: Comfey|Draining Kiss|p1a: Kommo-o
|-damage|p1a: Kommo-o|92/100
|-heal|p2a: Comfey|34/100|[from] drain|[of] p1a: Kommo-o
|move|p1a: Kommo-o|Boomburst|p2a: Comfey
|-damage|p2a: Comfey|0 fnt
|faint|p2a: Comfey
|
|upkeep
|
|t:|1759036417
|switch|p2a: Ditto|Ditto|59/100
|-transform|p2a: Ditto|p1a: Kommo-o|[from] ability: Imposter
|-start|p2a: Ditto|typechange|Dragon/Fighting|[silent]
|turn|21
|
|t:|1759036424
|move|p2a: Ditto|Clangorous Soul|p2a: Ditto
|-boost|p2a: Ditto|atk|1
|-boost|p2a: Ditto|def|1
|-boost|p2a: Ditto|spa|1
|-boost|p2a: Ditto|spd|1
|-boost|p2a: Ditto|spe|1
|-damage|p2a: Ditto|26/100
|move|p1a: Kommo-o|Boomburst|p2a: Ditto
|-immune|p2a: Ditto|[from] ability: Soundproof
|
|upkeep
|turn|22
|-message|Toxicognath forfeited.
|
|win|frogwithaknife
|raw|frogwithaknife's rating: 1424 &rarr; <strong>1444</strong><br />(+20 for winning)
|raw|Toxicognath's rating: 1421 &rarr; <strong>1401</strong><br />(-20 for losing)
|l|☆Toxicognath
|player|p2|
|l|☆frogwithaknife
|player|p1|
