|badge|p2|bronze|gen9ou|100-6
|html|<div class="broadcast-red"><strong>This battle is required to be public due to one or more player having a season medal.</strong><br />During the public phase, you can discuss the state of the ladder <a href="/seasondiscussion">in a special chatroom.</a></div>
|uhtml|medal-msg|<div class="broadcast-blue">Curious what those medals under the avatar are? PS now has Ladder Seasons! For more information, check out the <a href="https://www.smogon.com/forums/threads/3740067/">thread on Smogon.</a></div>
|raw|<div class="broadcast-blue"><strong>This battle is required to be public due to a player having a name starting with 'medal'.</div>
|j|☆KnightKnaveSpy
|j|☆Ladder Historian
|t:|1759038340
|gametype|singles
|player|p1|KnightKnaveSpy|170|1691
|player|p2|Ladder Historian|170|1862
|gen|9
|tier|[Gen 9] OU
|rated|
|rule|HP Percentage Mod: HP is shown in percentages
|rule|Endless Battle Clause: Forcing endless battles is banned
|rule|Species Clause: Limit one of each Pokémon
|rule|OHKO Clause: OHKO moves are banned
|rule|Evasion Items Clause: Evasion items are banned
|rule|Evasion Moves Clause: Evasion moves are banned
|rule|Evasion Abilities Clause: Evasion abilities are banned
|rule|Sleep Moves Clause: Sleep-inducing moves are banned
|clearpoke
|poke|p1|Samurott-Hisui, F|
|poke|p1|Blaziken, M|
|poke|p1|Kingambit, F|
|poke|p1|Raging Bolt|
|poke|p1|Ogerpon-Wellspring, F|
|poke|p1|Greninja-*, M|
|poke|p2|Glimmora, M|
|poke|p2|Zamazenta-*|
|poke|p2|Darkrai|
|poke|p2|Gholdengo|
|poke|p2|Landorus-Therian, M|
|poke|p2|Ogerpon-Wellspring, F|
|teampreview
|j| cryyysneasel
|j| amefurikoneko
|j| 101Darmanitans
|inactive|Battle timer is ON: inactive players will automatically lose when time's up. (requested by KnightKnaveSpy)
|j| catarina valentine
|j| Rizzofreko
|
|t:|1759038367
|teamsize|p1|6
|teamsize|p2|6
|start
|switch|p1a: Samurott|Samurott-Hisui, F|100/100
|switch|p2a: Glimmora|Glimmora, M|100/100
|turn|1
|
|t:|1759038374
|move|p2a: Glimmora|Meteor Beam||[still]
|-prepare|p2a: Glimmora|Meteor Beam
|-boost|p2a: Glimmora|spa|1
|-enditem|p2a: Glimmora|Power Herb
|-anim|p2a: Glimmora|Meteor Beam|p1a: Samurott
|-enditem|p1a: Samurott|Focus Sash
|-damage|p1a: Samurott|1/100
|move|p1a: Samurott|Aqua Cutter|p2a: Glimmora
|-supereffective|p2a: Glimmora
|-damage|p2a: Glimmora|0 fnt
|-activate|p2a: Glimmora|ability: Toxic Debris
|-sidestart|p1: KnightKnaveSpy|move: Toxic Spikes
|faint|p2a: Glimmora
|
|upkeep
|
|t:|1759038385
|switch|p2a: Darkrai|Darkrai|100/100
|turn|2
|
|t:|1759038393
|move|p2a: Darkrai|Dark Pulse|p1a: Samurott
|-resisted|p1a: Samurott
|-damage|p1a: Samurott|0 fnt
|faint|p1a: Samurott
|
|upkeep
|
|t:|1759038395
|switch|p1a: Kingambit|Kingambit, F|100/100
|-activate|p1a: Kingambit|ability: Supreme Overlord
|-start|p1a: Kingambit|fallen1|[silent]
|turn|3
|
|t:|1759038400
|switch|p2a: Landorus|Landorus-Therian, M|100/100
|-ability|p2a: Landorus|Intimidate|boost
|-unboost|p1a: Kingambit|atk|1
|move|p1a: Kingambit|Iron Head|p2a: Landorus
|-damage|p2a: Landorus|75/100
|-damage|p1a: Kingambit|84/100|[from] item: Rocky Helmet|[of] p2a: Landorus
|
|-heal|p1a: Kingambit|90/100|[from] item: Leftovers
|upkeep
|turn|4
|j| allee23
|
|t:|1759038407
|-end|p1a: Kingambit|fallen1|[silent]
|switch|p1a: Ogerpon|Ogerpon-Wellspring, F|100/100
|-status|p1a: Ogerpon|psn
|move|p2a: Landorus|Stealth Rock|p1a: Ogerpon
|-sidestart|p1: KnightKnaveSpy|move: Stealth Rock
|
|-damage|p1a: Ogerpon|88/100 psn|[from] psn
|upkeep
|turn|5
|
|t:|1759038411
|switch|p2a: Ogerpon|Ogerpon-Wellspring, F|100/100
|move|p1a: Ogerpon|Swords Dance|p1a: Ogerpon
|-boost|p1a: Ogerpon|atk|2
|
|-damage|p1a: Ogerpon|76/100 psn|[from] psn
|upkeep
|turn|6
|
|t:|1759038416
|move|p1a: Ogerpon|Horn Leech|p2a: Ogerpon
|-damage|p2a: Ogerpon|0 fnt
|-heal|p1a: Ogerpon|100/100 psn|[from] drain|[of] p2a: Ogerpon
|faint|p2a: Ogerpon
|
|-damage|p1a: Ogerpon|88/100 psn|[from] psn
|upkeep
|
|t:|1759038419
|switch|p2a: Zamazenta|Zamazenta|100/100
|-ability|p2a: Zamazenta|Dauntless Shield|boost
|-boost|p2a: Zamazenta|def|1
|turn|7
|
|t:|1759038429
|move|p2a: Zamazenta|Iron Defense|p2a: Zamazenta
|-boost|p2a: Zamazenta|def|2
|move|p1a: Ogerpon|Ivy Cudgel|p2a: Zamazenta|[anim] Ivy Cudgel Water
|-damage|p2a: Zamazenta|63/100
|
|-heal|p2a: Zamazenta|69/100|[from] item: Leftovers
|-damage|p1a: Ogerpon|76/100 psn|[from] psn
|upkeep
|turn|8
|
|t:|1759038442
|move|p2a: Zamazenta|Body Press|p1a: Ogerpon
|-damage|p1a: Ogerpon|0 fnt
|faint|p1a: Ogerpon
|
|-heal|p2a: Zamazenta|75/100|[from] item: Leftovers
|upkeep
|
|t:|1759038444
|switch|p1a: Raging Bolt|Raging Bolt|100/100
|-status|p1a: Raging Bolt|psn
|-damage|p1a: Raging Bolt|88/100 psn|[from] Stealth Rock
|turn|9
|
|t:|1759038452
|switch|p2a: Gholdengo|Gholdengo|100/100
|-terastallize|p1a: Raging Bolt|Fairy
|move|p1a: Raging Bolt|Thunderbolt|p2a: Gholdengo
|-damage|p2a: Gholdengo|49/100
|
|-heal|p1a: Raging Bolt|94/100 psn|[from] item: Leftovers
|-damage|p1a: Raging Bolt|82/100 psn|[from] psn
|upkeep
|turn|10
|
|t:|1759038458
|-end|p1a: Raging Bolt|Protosynthesis|[silent]
|switch|p1a: Kingambit|Kingambit, F|90/100
|-damage|p1a: Kingambit|84/100|[from] Stealth Rock
|-activate|p1a: Kingambit|ability: Supreme Overlord
|-start|p1a: Kingambit|fallen2|[silent]
|move|p2a: Gholdengo|Recover|p2a: Gholdengo
|-heal|p2a: Gholdengo|99/100
|
|-heal|p1a: Kingambit|90/100|[from] item: Leftovers
|upkeep
|turn|11
|
|t:|1759038462
|switch|p2a: Landorus|Landorus-Therian, M|75/100
|-ability|p2a: Landorus|Intimidate|boost
|-unboost|p1a: Kingambit|atk|1
|move|p1a: Kingambit|Iron Head|p2a: Landorus
|-damage|p2a: Landorus|47/100
|-damage|p1a: Kingambit|74/100|[from] item: Rocky Helmet|[of] p2a: Landorus
|
|-heal|p1a: Kingambit|80/100|[from] item: Leftovers
|upkeep
|turn|12
|
|t:|1759038470
|switch|p2a: Zamazenta|Zamazenta|75/100
|move|p1a: Kingambit|Iron Head|p2a: Zamazenta
|-damage|p2a: Zamazenta|48/100
|
|-heal|p2a: Zamazenta|54/100|[from] item: Leftovers
|-heal|p1a: Kingambit|86/100|[from] item: Leftovers
|upkeep
|turn|13
|
|t:|1759038478
|-end|p1a: Kingambit|fallen2|[silent]
|switch|p1a: Raging Bolt|Raging Bolt, tera:Fairy|82/100 psn
|-damage|p1a: Raging Bolt|70/100 psn|[from] Stealth Rock
|move|p2a: Zamazenta|Body Press|p1a: Raging Bolt
|-resisted|p1a: Raging Bolt
|-damage|p1a: Raging Bolt|55/100 psn
|
|-heal|p2a: Zamazenta|60/100|[from] item: Leftovers
|-heal|p1a: Raging Bolt|62/100 psn|[from] item: Leftovers
|-damage|p1a: Raging Bolt|49/100 psn|[from] psn
|upkeep
|turn|14
|
|t:|1759038482
|switch|p2a: Gholdengo|Gholdengo|99/100
|move|p1a: Raging Bolt|Draco Meteor|p2a: Gholdengo
|-resisted|p2a: Gholdengo
|-damage|p2a: Gholdengo|63/100
|-unboost|p1a: Raging Bolt|spa|2
|
|-heal|p1a: Raging Bolt|55/100 psn|[from] item: Leftovers
|-damage|p1a: Raging Bolt|43/100 psn|[from] psn
|upkeep
|turn|15
|
|t:|1759038488
|switch|p2a: Zamazenta|Zamazenta|60/100
|-end|p1a: Raging Bolt|Protosynthesis|[silent]
|switch|p1a: Kingambit|Kingambit, F|86/100
|-damage|p1a: Kingambit|80/100|[from] Stealth Rock
|-activate|p1a: Kingambit|ability: Supreme Overlord
|-start|p1a: Kingambit|fallen2|[silent]
|
|-heal|p2a: Zamazenta|66/100|[from] item: Leftovers
|-heal|p1a: Kingambit|86/100|[from] item: Leftovers
|upkeep
|turn|16
|l| Rizzofreko
|
|t:|1759038497
|move|p1a: Kingambit|Sucker Punch|p2a: Zamazenta
|-resisted|p2a: Zamazenta
|-damage|p2a: Zamazenta|47/100
|move|p2a: Zamazenta|Body Press|p1a: Kingambit
|-supereffective|p1a: Kingambit
|-damage|p1a: Kingambit|0 fnt
|faint|p1a: Kingambit
|-end|p1a: Kingambit|fallen2|[silent]
|
|-heal|p2a: Zamazenta|53/100|[from] item: Leftovers
|upkeep
|
|t:|1759038499
|switch|p1a: Raging Bolt|Raging Bolt, tera:Fairy|43/100 psn
|-damage|p1a: Raging Bolt|31/100 psn|[from] Stealth Rock
|turn|17
|
|t:|1759038508
|switch|p2a: Gholdengo|Gholdengo|63/100
|move|p1a: Raging Bolt|Draco Meteor|p2a: Gholdengo
|-resisted|p2a: Gholdengo
|-damage|p2a: Gholdengo|22/100
|-unboost|p1a: Raging Bolt|spa|2
|
|-heal|p1a: Raging Bolt|37/100 psn|[from] item: Leftovers
|-damage|p1a: Raging Bolt|25/100 psn|[from] psn
|upkeep
|turn|18
|
|t:|1759038516
|switch|p2a: Zamazenta|Zamazenta|53/100
|move|p1a: Raging Bolt|Volt Switch|p2a: Zamazenta
|-damage|p2a: Zamazenta|36/100
|
|t:|1759038519
|-end|p1a: Raging Bolt|Protosynthesis|[silent]
|switch|p1a: Blaziken|Blaziken, M|100/100|[from] Volt Switch
|-status|p1a: Blaziken|psn
|-damage|p1a: Blaziken|88/100 psn|[from] Stealth Rock
|
|-heal|p2a: Zamazenta|42/100|[from] item: Leftovers
|-heal|p1a: Blaziken|94/100 psn|[from] item: Leftovers
|-damage|p1a: Blaziken|82/100 psn|[from] psn
|upkeep
|turn|19
|
|t:|1759038523
|move|p1a: Blaziken|Flare Blitz|p2a: Zamazenta
|-damage|p2a: Zamazenta|0 fnt
|faint|p2a: Zamazenta
|-damage|p1a: Blaziken|65/100 psn|[from] Recoil
|
|-heal|p1a: Blaziken|71/100 psn|[from] item: Leftovers
|-damage|p1a: Blaziken|59/100 psn|[from] psn
|-ability|p1a: Blaziken|Speed Boost|boost
|-boost|p1a: Blaziken|spe|1
|upkeep
|
|t:|1759038527
|switch|p2a: Landorus|Landorus-Therian, M|47/100
|-ability|p2a: Landorus|Intimidate|boost
|-unboost|p1a: Blaziken|atk|1
|turn|20
|j| stanley garden
|
|t:|1759038535
|move|p1a: Blaziken|Flare Blitz|p2a: Landorus
|-damage|p2a: Landorus|12/100
|-damage|p1a: Blaziken|42/100 psn|[from] item: Rocky Helmet|[of] p2a: Landorus
|-damage|p1a: Blaziken|27/100 psn|[from] Recoil
|move|p2a: Landorus|Earthquake|p1a: Blaziken
|-supereffective|p1a: Blaziken
|-damage|p1a: Blaziken|0 fnt
|faint|p1a: Blaziken
|
|upkeep
|
|t:|1759038537
|switch|p1a: Greninja|Greninja, M|100/100
|-status|p1a: Greninja|psn
|-damage|p1a: Greninja|88/100 psn|[from] Stealth Rock
|turn|21
|
|t:|1759038542
|switch|p2a: Darkrai|Darkrai|100/100
|move|p1a: Greninja|Dark Pulse|p2a: Darkrai
|-resisted|p2a: Darkrai
|-damage|p2a: Darkrai|78/100
|
|-heal|p1a: Greninja|94/100 psn|[from] item: Leftovers
|-damage|p1a: Greninja|82/100 psn|[from] psn
|upkeep
|turn|22
|l| stanley garden
|
|t:|1759038547
|move|p2a: Darkrai|Sludge Bomb|p1a: Greninja
|-damage|p1a: Greninja|33/100 psn
|move|p1a: Greninja|Hydro Pump|p2a: Darkrai
|-damage|p2a: Darkrai|12/100
|
|-heal|p1a: Greninja|39/100 psn|[from] item: Leftovers
|-damage|p1a: Greninja|27/100 psn|[from] psn
|upkeep
|turn|23
|
|t:|1759038554
|move|p1a: Greninja|Water Shuriken|p2a: Darkrai
|-damage|p2a: Darkrai|4/100
|-damage|p2a: Darkrai|0 fnt
|faint|p2a: Darkrai
|-ability|p1a: Greninja|Battle Bond|boost
|-boost|p1a: Greninja|atk|1
|-boost|p1a: Greninja|spa|1
|-boost|p1a: Greninja|spe|1
|-activate|p1a: Greninja|ability: Battle Bond
|-hitcount|p2: Darkrai|2
|
|-heal|p1a: Greninja|33/100 psn|[from] item: Leftovers
|-damage|p1a: Greninja|20/100 psn|[from] psn
|upkeep
|
|t:|1759038562
|switch|p2a: Gholdengo|Gholdengo|22/100
|turn|24
|
|t:|1759038570
|-terastallize|p2a: Gholdengo|Fairy
|move|p1a: Greninja|Ice Beam|p2a: Gholdengo
|-damage|p2a: Gholdengo|0 fnt
|faint|p2a: Gholdengo
|
|-heal|p1a: Greninja|26/100 psn|[from] item: Leftovers
|-damage|p1a: Greninja|14/100 psn|[from] psn
|upkeep
|-message|Ladder Historian forfeited.
|
|win|KnightKnaveSpy
|raw|KnightKnaveSpy's rating: 1691 &rarr; <strong>1720</strong><br />(+29 for winning)
|raw|Ladder Historian's rating: 1862 &rarr; <strong>1833</strong><br />(-29 for losing)
|c|☆KnightKnaveSpy|Gg
|l|☆KnightKnaveSpy
|player|p1|
|l| amefurikoneko
|l| cryyysneasel
|l| catarina valentine
|l| 101Darmanitans
|j| cryyysneasel
|l| cryyysneasel
|l| allee23
