|j|☆sippin ayahuasca
|j|‽DeadlockedTheory
|t:|1759032859
|gametype|singles
|player|p1|sippin ayahuasca|1|1313
|player|p2|DeadlockedTheory|1|1328
|gen|9
|tier|[Gen 9] OU
|rated|
|rule|HP Percentage Mod: HP is shown in percentages
|rule|Endless Battle Clause: Forcing endless battles is banned
|rule|Species Clause: Limit one of each Pokémon
|rule|OHKO Clause: OHKO moves are banned
|rule|Evasion Items Clause: Evasion items are banned
|rule|Evasion Moves Clause: Evasion moves are banned
|rule|Evasion Abilities Clause: Evasion abilities are banned
|rule|Sleep Moves Clause: Sleep-inducing moves are banned
|clearpoke
|poke|p1|Dragapult, M|
|poke|p1|Dragonite, F|
|poke|p1|Ting-Lu|
|poke|p1|Weezing-Galar, F|
|poke|p1|Iron Crown|
|poke|p1|Zapdos|
|poke|p2|Lokix, F|
|poke|p2|Cinderace, M|
|poke|p2|Great Tusk|
|poke|p2|Alomomola, F|
|poke|p2|Enamorus, F|
|poke|p2|Slowking-Galar, F|
|teampreview
|
|t:|1759032867
|teamsize|p1|6
|teamsize|p2|6
|start
|switch|p1a: Iron Crown|Iron Crown|100/100
|switch|p2a: Lokix|Lokix, F|100/100
|turn|1
|
|t:|1759032878
|-end|p1a: Iron Crown|Quark Drive|[silent]
|switch|p1a: Weezing|Weezing-Galar, F|100/100
|-ability|p1a: Weezing|Neutralizing Gas
|move|p2a: Lokix|Knock Off|p1a: Weezing
|-resisted|p1a: Weezing
|-damage|p1a: Weezing|77/100
|-enditem|p1a: Weezing|Heavy-Duty Boots|[from] move: Knock Off|[of] p2a: Lokix
|
|upkeep
|turn|2
|
|t:|1759032889
|switch|p2a: Alomomola|Alomomola, F|100/100
|move|p1a: Weezing|Toxic Spikes|p2a: Alomomola
|-sidestart|p2: DeadlockedTheory|move: Toxic Spikes
|
|upkeep
|turn|3
|
|t:|1759032899
|move|p1a: Weezing|Will-O-Wisp|p2a: Alomomola
|-status|p2a: Alomomola|brn
|move|p2a: Alomomola|Flip Turn|p1a: Weezing
|-damage|p1a: Weezing|71/100
|
|t:|1759032906
|switch|p2a: Cinderace|Cinderace, M|100/100|[from] Flip Turn
|
|upkeep
|turn|4
|
|t:|1759032910
|move|p2a: Cinderace|Court Change|p2a: Cinderace
|-swapsideconditions
|-activate|p2a: Cinderace|move: Court Change
|move|p1a: Weezing|Toxic Spikes|p2a: Cinderace
|-sidestart|p2: DeadlockedTheory|move: Toxic Spikes
|
|upkeep
|turn|5
|
|t:|1759032926
|-end|p1a: Weezing|ability: Neutralizing Gas
|switch|p1a: Dragapult|Dragapult, M|100/100
|move|p2a: Cinderace|Pyro Ball|p1a: Dragapult|[miss]
|-miss|p2a: Cinderace|p1a: Dragapult
|
|upkeep
|turn|6
|
|t:|1759032937
|move|p1a: Dragapult|U-turn|p2a: Cinderace
|-resisted|p2a: Cinderace
|-damage|p2a: Cinderace|88/100
|
|t:|1759032941
|switch|p1a: Weezing|Weezing-Galar, F|71/100|[from] U-turn
|-ability|p1a: Weezing|Neutralizing Gas
|-sideend|p1: sippin ayahuasca|move: Toxic Spikes|[of] p1a: Weezing
|move|p2a: Cinderace|Will-O-Wisp|p1a: Weezing
|-status|p1a: Weezing|brn
|
|-damage|p1a: Weezing|65/100 brn|[from] brn
|upkeep
|turn|7
|
|t:|1759032950
|move|p2a: Cinderace|Pyro Ball|p1a: Weezing
|-damage|p1a: Weezing|33/100 brn
|move|p1a: Weezing|Toxic Spikes|p2a: Cinderace
|-sidestart|p2: DeadlockedTheory|move: Toxic Spikes
|
|-damage|p1a: Weezing|27/100 brn|[from] brn
|upkeep
|turn|8
|
|t:|1759032957
|-end|p1a: Weezing|ability: Neutralizing Gas
|switch|p1a: Dragapult|Dragapult, M|100/100
|move|p2a: Cinderace|Court Change|p2a: Cinderace
|-swapsideconditions
|-activate|p2a: Cinderace|move: Court Change
|
|upkeep
|turn|9
|
|t:|1759032967
|switch|p2a: Great Tusk|Great Tusk|100/100
|move|p1a: Dragapult|Dragon Darts|p2a: Great Tusk
|-damage|p2a: Great Tusk|89/100
|-anim|p1a: Dragapult|Dragon Darts|p2a: Great Tusk
|-damage|p2a: Great Tusk|77/100
|
|-heal|p2a: Great Tusk|84/100|[from] item: Leftovers
|upkeep
|turn|10
|
|t:|1759032975
|move|p1a: Dragapult|Will-O-Wisp|p2a: Great Tusk
|-status|p2a: Great Tusk|brn
|move|p2a: Great Tusk|Knock Off|p1a: Dragapult
|-supereffective|p1a: Dragapult
|-damage|p1a: Dragapult|65/100
|-enditem|p1a: Dragapult|Heavy-Duty Boots|[from] move: Knock Off|[of] p2a: Great Tusk
|
|-heal|p2a: Great Tusk|90/100 brn|[from] item: Leftovers
|-damage|p2a: Great Tusk|84/100 brn|[from] brn
|upkeep
|turn|11
|
|t:|1759032986
|switch|p1a: Weezing|Weezing-Galar, F|27/100 brn
|-ability|p1a: Weezing|Neutralizing Gas
|-sideend|p1: sippin ayahuasca|move: Toxic Spikes|[of] p1a: Weezing
|move|p2a: Great Tusk|Earthquake|p1a: Weezing
|-supereffective|p1a: Weezing
|-damage|p1a: Weezing|0 fnt
|faint|p1a: Weezing
|-end|p1a: Weezing|ability: Neutralizing Gas
|
|-heal|p2a: Great Tusk|90/100 brn|[from] item: Leftovers
|-damage|p2a: Great Tusk|84/100 brn|[from] brn
|upkeep
|
|t:|1759032995
|switch|p1a: Iron Crown|Iron Crown|100/100
|turn|12
|
|t:|1759032998
|move|p1a: Iron Crown|Focus Blast|p2a: Great Tusk
|-damage|p2a: Great Tusk|5/100 brn
|move|p2a: Great Tusk|Knock Off|p1a: Iron Crown
|-supereffective|p1a: Iron Crown
|-damage|p1a: Iron Crown|69/100
|-enditem|p1a: Iron Crown|Choice Specs|[from] move: Knock Off|[of] p2a: Great Tusk
|
|-heal|p2a: Great Tusk|12/100 brn|[from] item: Leftovers
|-damage|p2a: Great Tusk|5/100 brn|[from] brn
|upkeep
|turn|13
|
|t:|1759033007
|move|p1a: Iron Crown|Tachyon Cutter|p2a: Great Tusk
|-damage|p2a: Great Tusk|0 fnt
|faint|p2a: Great Tusk
|-end|p2a: Great Tusk|Protosynthesis|[silent]
|-hitcount|p2: Great Tusk|1
|
|upkeep
|inactive|Battle timer is ON: inactive players will automatically lose when time's up. (requested by sippin ayahuasca)
|
|t:|1759033033
|switch|p2a: Lokix|Lokix, F|100/100
|turn|14
|
|t:|1759033038
|-end|p1a: Iron Crown|Quark Drive|[silent]
|switch|p1a: Zapdos|Zapdos|100/100
|-terastallize|p2a: Lokix|Bug
|move|p2a: Lokix|First Impression|p1a: Zapdos
|-resisted|p1a: Zapdos
|-damage|p1a: Zapdos|6/100
|-status|p2a: Lokix|par|[from] ability: Static|[of] p1a: Zapdos
|
|upkeep
|turn|15
|
|t:|1759033051
|switch|p2a: Enamorus|Enamorus, F|100/100
|move|p1a: Zapdos|Roost|p1a: Zapdos
|-heal|p1a: Zapdos|56/100
|-singleturn|p1a: Zapdos|move: Roost
|
|upkeep
|turn|16
|
|t:|1759033057
|move|p2a: Enamorus|Moonblast|p1a: Zapdos
|-damage|p1a: Zapdos|0 fnt
|faint|p1a: Zapdos
|
|upkeep
|
|t:|1759033061
|switch|p1a: Iron Crown|Iron Crown|69/100
|turn|17
|
|t:|1759033065
|switch|p2a: Alomomola|Alomomola, F|100/100 brn
|move|p1a: Iron Crown|Tachyon Cutter|p2a: Alomomola
|-resisted|p2a: Alomomola
|-damage|p2a: Alomomola|94/100 brn
|-resisted|p2a: Alomomola
|-damage|p2a: Alomomola|88/100 brn
|-hitcount|p2a: Alomomola|2
|
|-damage|p2a: Alomomola|82/100 brn|[from] brn
|upkeep
|turn|18
|
|t:|1759033073
|move|p1a: Iron Crown|Volt Switch|p2a: Alomomola
|-supereffective|p2a: Alomomola
|-damage|p2a: Alomomola|58/100 brn
|
|t:|1759033077
|-end|p1a: Iron Crown|Quark Drive|[silent]
|switch|p1a: Ting-Lu|Ting-Lu|100/100|[from] Volt Switch
|-ability|p1a: Ting-Lu|Vessel of Ruin
|move|p2a: Alomomola|Flip Turn|p1a: Ting-Lu
|-supereffective|p1a: Ting-Lu
|-damage|p1a: Ting-Lu|91/100
|
|t:|1759033085
|switch|p2a: Lokix|Lokix, F, tera:Bug|100/100 par|[from] Flip Turn
|
|-heal|p1a: Ting-Lu|97/100|[from] item: Leftovers
|upkeep
|turn|19
|
|t:|1759033090
|switch|p1a: Iron Crown|Iron Crown|69/100
|move|p2a: Lokix|First Impression|p1a: Iron Crown
|-damage|p1a: Iron Crown|0 fnt
|faint|p1a: Iron Crown
|-end|p1a: Iron Crown|Quark Drive|[silent]
|
|upkeep
|
|t:|1759033093
|switch|p1a: Dragonite|Dragonite, F|100/100
|turn|20
|
|t:|1759033098
|switch|p2a: Slowking|Slowking-Galar, F|100/100
|move|p1a: Dragonite|Dragon Dance|p1a: Dragonite
|-boost|p1a: Dragonite|atk|1
|-boost|p1a: Dragonite|spe|1
|
|upkeep
|turn|21
|
|t:|1759033103
|move|p1a: Dragonite|Earthquake|p2a: Slowking
|-supereffective|p2a: Slowking
|-enditem|p2a: Slowking|Shuca Berry|[eat]
|-enditem|p2a: Slowking|Shuca Berry|[weaken]
|-damage|p2a: Slowking|57/100
|move|p2a: Slowking|Ice Beam|p1a: Dragonite
|-supereffective|p1a: Dragonite
|-damage|p1a: Dragonite|58/100
|
|upkeep
|turn|22
|
|t:|1759033116
|move|p1a: Dragonite|Earthquake|p2a: Slowking
|-supereffective|p2a: Slowking
|-damage|p2a: Slowking|0 fnt
|faint|p2a: Slowking
|
|upkeep
|inactive|DeadlockedTheory has 120 seconds left.
|
|t:|1759033144
|switch|p2a: Enamorus|Enamorus, F|100/100
|turn|23
|
|t:|1759033150
|-terastallize|p1a: Dragonite|Normal
|move|p1a: Dragonite|Extreme Speed|p2a: Enamorus
|-damage|p2a: Enamorus|0 fnt
|faint|p2a: Enamorus
|
|upkeep
|
|t:|1759033158
|switch|p2a: Lokix|Lokix, F, tera:Bug|100/100 par
|turn|24
|
|t:|1759033161
|move|p1a: Dragonite|Extreme Speed|p2a: Lokix
|-damage|p2a: Lokix|0 fnt
|faint|p2a: Lokix
|
|upkeep
|
|t:|1759033166
|switch|p2a: Cinderace|Cinderace, M|88/100
|turn|25
|
|t:|1759033170
|move|p1a: Dragonite|Extreme Speed|p2a: Cinderace
|-damage|p2a: Cinderace|0 fnt
|faint|p2a: Cinderace
|
|upkeep
|-message|DeadlockedTheory forfeited.
|
|win|sippin ayahuasca
|raw|sippin ayahuasca's rating: 1313 &rarr; <strong>1334</strong><br />(+21 for winning)
|raw|DeadlockedTheory's rating: 1328 &rarr; <strong>1307</strong><br />(-21 for losing)
|l|‽DeadlockedTheory
|player|p2|
