|j|☆nglimfaded
|j|☆kinsword
|t:|1759058459
|gametype|singles
|player|p1|nglimfaded|miku-grass|1383
|player|p2|kinsword|265|1366
|gen|9
|tier|[Gen 9] OU
|rated|
|rule|HP Percentage Mod: HP is shown in percentages
|rule|Endless Battle Clause: Forcing endless battles is banned
|rule|Species Clause: Limit one of each Pokémon
|rule|OHKO Clause: OHKO moves are banned
|rule|Evasion Items Clause: Evasion items are banned
|rule|Evasion Moves Clause: Evasion moves are banned
|rule|Evasion Abilities Clause: Evasion abilities are banned
|rule|Sleep Moves Clause: Sleep-inducing moves are banned
|clearpoke
|poke|p1|Skeledirge, F|
|poke|p1|Ogerpon, F|
|poke|p1|Corviknight, F|
|poke|p1|Weezing-Galar, F|
|poke|p1|Keldeo-Resolute|
|poke|p1|Ting-Lu|
|poke|p2|Typhlosion-Hisui, M|
|poke|p2|Suicune|
|poke|p2|Zarude-Dada|
|poke|p2|Empoleon, F|
|poke|p2|Mandibuzz, F|
|poke|p2|Latios, M|
|teampreview
|inactive|Battle timer is ON: inactive players will automatically lose when time's up. (requested by kinsword)
|inactive|nglimfaded has 120 seconds left.
|
|t:|1759058499
|teamsize|p1|6
|teamsize|p2|6
|start
|switch|p1a: Corviknight|Corviknight, F|100/100
|switch|p2a: Zarude|Zarude-Dada|100/100
|-ability|p1a: Corviknight|Pressure
|turn|1
|
|t:|1759058509
|move|p2a: Zarude|Knock Off|p1a: Corviknight
|-damage|p1a: Corviknight|46/100
|-enditem|p1a: Corviknight|Covert Cloak|[from] move: Knock Off|[of] p2a: Zarude
|move|p1a: Corviknight|U-turn|p2a: Zarude
|-supereffective|p2a: Zarude
|-damage|p2a: Zarude|42/100
|
|t:|1759058515
|switch|p1a: Keldeo|Keldeo-Resolute|100/100|[from] U-turn
|
|upkeep
|turn|2
|
|t:|1759058525
|switch|p2a: Mandibuzz|Mandibuzz, F|100/100
|move|p1a: Keldeo|Secret Sword|p2a: Mandibuzz
|-crit|p2a: Mandibuzz
|-damage|p2a: Mandibuzz|41/100
|
|upkeep
|turn|3
|
|t:|1759058540
|move|p1a: Keldeo|Secret Sword|p2a: Mandibuzz
|-damage|p2a: Mandibuzz|1/100
|move|p2a: Mandibuzz|Roost|p2a: Mandibuzz
|-heal|p2a: Mandibuzz|51/100
|-singleturn|p2a: Mandibuzz|move: Roost
|
|upkeep
|turn|4
|
|t:|1759058548
|switch|p2a: Suicune|Suicune|100/100
|-ability|p2a: Suicune|Pressure
|move|p1a: Keldeo|Secret Sword|p2a: Suicune
|-damage|p2a: Suicune|49/100
|
|-heal|p2a: Suicune|55/100|[from] item: Leftovers
|upkeep
|turn|5
|
|t:|1759058560
|move|p1a: Keldeo|Secret Sword|p2a: Suicune
|-damage|p2a: Suicune|6/100
|move|p2a: Suicune|Scald|p1a: Keldeo
|-resisted|p1a: Keldeo
|-damage|p1a: Keldeo|84/100
|-status|p1a: Keldeo|brn
|
|-heal|p2a: Suicune|12/100|[from] item: Leftovers
|-damage|p1a: Keldeo|78/100 brn|[from] brn
|upkeep
|turn|6
|
|t:|1759058573
|switch|p2a: Typhlosion|Typhlosion-Hisui, M|100/100
|-item|p1a: Keldeo|Choice Specs|[from] ability: Frisk|[of] p2a: Typhlosion
|move|p1a: Keldeo|Secret Sword|p2a: Typhlosion
|-immune|p2a: Typhlosion
|
|-damage|p1a: Keldeo|71/100 brn|[from] brn
|upkeep
|turn|7
|
|t:|1759058584
|switch|p1a: Ting-Lu|Ting-Lu|100/100
|-ability|p1a: Ting-Lu|Vessel of Ruin
|move|p2a: Typhlosion|Eruption|p1a: Ting-Lu
|-damage|p1a: Ting-Lu|71/100
|
|-heal|p1a: Ting-Lu|77/100|[from] item: Leftovers
|upkeep
|turn|8
|
|t:|1759058598
|switch|p2a: Suicune|Suicune|12/100
|-ability|p2a: Suicune|Pressure
|move|p1a: Ting-Lu|Stealth Rock|p2a: Suicune
|-sidestart|p2: kinsword|move: Stealth Rock
|
|-heal|p2a: Suicune|19/100|[from] item: Leftovers
|-heal|p1a: Ting-Lu|84/100|[from] item: Leftovers
|upkeep
|turn|9
|
|t:|1759058608
|move|p2a: Suicune|Scald|p1a: Ting-Lu
|-supereffective|p1a: Ting-Lu
|-damage|p1a: Ting-Lu|58/100
|-status|p1a: Ting-Lu|brn
|move|p1a: Ting-Lu|Earthquake|p2a: Suicune
|-damage|p2a: Suicune|4/100
|
|-heal|p2a: Suicune|10/100|[from] item: Leftovers
|-heal|p1a: Ting-Lu|64/100 brn|[from] item: Leftovers
|-damage|p1a: Ting-Lu|58/100 brn|[from] brn
|upkeep
|turn|10
|
|t:|1759058620
|switch|p2a: Mandibuzz|Mandibuzz, F|51/100
|move|p1a: Ting-Lu|Earthquake|p2a: Mandibuzz
|-immune|p2a: Mandibuzz
|
|-heal|p1a: Ting-Lu|64/100 brn|[from] item: Leftovers
|-damage|p1a: Ting-Lu|58/100 brn|[from] brn
|upkeep
|turn|11
|
|t:|1759058637
|switch|p1a: Keldeo|Keldeo-Resolute|71/100 brn
|move|p2a: Mandibuzz|U-turn|p1a: Keldeo
|-resisted|p1a: Keldeo
|-damage|p1a: Keldeo|64/100 brn
|
|t:|1759058643
|switch|p2a: Latios|Latios, M|100/100|[from] U-turn
|-damage|p2a: Latios|88/100|[from] Stealth Rock
|
|-damage|p1a: Keldeo|58/100 brn|[from] brn
|upkeep
|turn|12
|
|t:|1759058655
|switch|p1a: Ting-Lu|Ting-Lu|58/100 brn
|-ability|p1a: Ting-Lu|Vessel of Ruin
|move|p2a: Latios|Draco Meteor|p1a: Ting-Lu
|-damage|p1a: Ting-Lu|32/100 brn
|-unboost|p2a: Latios|spa|2
|
|-heal|p1a: Ting-Lu|38/100 brn|[from] item: Leftovers
|-damage|p1a: Ting-Lu|32/100 brn|[from] brn
|upkeep
|turn|13
|
|t:|1759058667
|switch|p2a: Mandibuzz|Mandibuzz, F|51/100
|move|p1a: Ting-Lu|Ruination|p2a: Mandibuzz
|-damage|p2a: Mandibuzz|26/100
|
|-heal|p1a: Ting-Lu|38/100 brn|[from] item: Leftovers
|-damage|p1a: Ting-Lu|32/100 brn|[from] brn
|upkeep
|turn|14
|
|t:|1759058676
|switch|p1a: Keldeo|Keldeo-Resolute|58/100 brn
|move|p2a: Mandibuzz|Roost|p2a: Mandibuzz
|-heal|p2a: Mandibuzz|76/100
|-singleturn|p2a: Mandibuzz|move: Roost
|
|-damage|p1a: Keldeo|52/100 brn|[from] brn
|upkeep
|turn|15
|
|t:|1759058687
|switch|p2a: Suicune|Suicune|10/100
|-damage|p2a: Suicune|0 fnt|[from] Stealth Rock
|faint|p2a: Suicune
|move|p1a: Keldeo|Surf|p2: Suicune|[notarget]
|-fail|p1a: Keldeo
|
|-damage|p1a: Keldeo|46/100 brn|[from] brn
|upkeep
|
|t:|1759058696
|switch|p2a: Empoleon|Empoleon, F|100/100
|-damage|p2a: Empoleon|94/100|[from] Stealth Rock
|turn|16
|
|t:|1759058702
|switch|p1a: Corviknight|Corviknight, F|46/100
|-ability|p1a: Corviknight|Pressure
|move|p2a: Empoleon|Ice Beam|p1a: Corviknight
|-damage|p1a: Corviknight|23/100
|
|upkeep
|turn|17
|
|t:|1759058710
|move|p2a: Empoleon|Surf|p1a: Corviknight
|-damage|p1a: Corviknight|0 fnt
|faint|p1a: Corviknight
|
|upkeep
|
|t:|1759058719
|switch|p1a: Ogerpon|Ogerpon, F|100/100
|turn|18
|
|t:|1759058725
|move|p1a: Ogerpon|Ivy Cudgel|p2a: Empoleon
|-damage|p2a: Empoleon|24/100
|move|p2a: Empoleon|Ice Beam|p1a: Ogerpon
|-supereffective|p1a: Ogerpon
|-damage|p1a: Ogerpon|30/100
|
|upkeep
|turn|19
|
|t:|1759058732
|move|p2a: Empoleon|Vacuum Wave|p1a: Ogerpon
|-crit|p1a: Ogerpon
|-damage|p1a: Ogerpon|7/100
|move|p1a: Ogerpon|Ivy Cudgel|p2a: Empoleon
|-damage|p2a: Empoleon|0 fnt
|faint|p2a: Empoleon
|
|upkeep
|
|t:|1759058742
|switch|p2a: Latios|Latios, M|88/100
|-damage|p2a: Latios|76/100|[from] Stealth Rock
|turn|20
|
|t:|1759058749
|switch|p1a: Ting-Lu|Ting-Lu|32/100 brn
|-ability|p1a: Ting-Lu|Vessel of Ruin
|move|p2a: Latios|Aura Sphere|p1a: Ting-Lu
|-supereffective|p1a: Ting-Lu
|-damage|p1a: Ting-Lu|9/100 brn
|
|-heal|p1a: Ting-Lu|15/100 brn|[from] item: Leftovers
|-damage|p1a: Ting-Lu|9/100 brn|[from] brn
|upkeep
|turn|21
|
|t:|1759058761
|switch|p1a: Skeledirge|Skeledirge, F|100/100
|move|p2a: Latios|Aura Sphere|p1a: Skeledirge
|-immune|p1a: Skeledirge
|
|upkeep
|turn|22
|
|t:|1759058769
|switch|p2a: Mandibuzz|Mandibuzz, F|76/100
|move|p1a: Skeledirge|Torch Song|p2a: Mandibuzz
|-damage|p2a: Mandibuzz|48/100
|-boost|p1a: Skeledirge|spa|1
|
|upkeep
|turn|23
|
|t:|1759058778
|switch|p1a: Keldeo|Keldeo-Resolute|46/100 brn
|move|p2a: Mandibuzz|Defog|p1a: Keldeo
|-unboost|p1a: Keldeo|evasion|1
|-sideend|p2: kinsword|Stealth Rock|[from] move: Defog|[of] p2a: Mandibuzz
|
|-damage|p1a: Keldeo|40/100 brn|[from] brn
|upkeep
|turn|24
|
|t:|1759058787
|move|p1a: Keldeo|Surf|p2a: Mandibuzz
|-damage|p2a: Mandibuzz|0 fnt
|faint|p2a: Mandibuzz
|
|-damage|p1a: Keldeo|33/100 brn|[from] brn
|upkeep
|
|t:|1759058795
|switch|p2a: Typhlosion|Typhlosion-Hisui, M|100/100
|-item|p1a: Keldeo|Choice Specs|[from] ability: Frisk|[of] p2a: Typhlosion
|turn|25
|
|t:|1759058801
|move|p2a: Typhlosion|Shadow Ball|p1a: Keldeo
|-damage|p1a: Keldeo|0 fnt
|faint|p1a: Keldeo
|
|upkeep
|
|t:|1759058807
|switch|p1a: Ting-Lu|Ting-Lu|9/100 brn
|-ability|p1a: Ting-Lu|Vessel of Ruin
|turn|26
|
|t:|1759058811
|move|p2a: Typhlosion|Shadow Ball|p1a: Ting-Lu
|-resisted|p1a: Ting-Lu
|-damage|p1a: Ting-Lu|0 fnt
|faint|p1a: Ting-Lu
|
|upkeep
|
|t:|1759058818
|switch|p1a: Skeledirge|Skeledirge, F|100/100
|turn|27
|
|t:|1759058827
|switch|p2a: Zarude|Zarude-Dada|42/100
|-terastallize|p1a: Skeledirge|Water
|move|p1a: Skeledirge|Torch Song|p2a: Zarude
|-supereffective|p2a: Zarude
|-damage|p2a: Zarude|0 fnt
|-boost|p1a: Skeledirge|spa|1
|faint|p2a: Zarude
|
|upkeep
|
|t:|1759058843
|switch|p2a: Latios|Latios, M|76/100
|turn|28
|
|t:|1759058849
|switch|p1a: Ogerpon|Ogerpon, F|7/100
|-terastallize|p2a: Latios|Steel
|move|p2a: Latios|Thunderbolt|p1a: Ogerpon
|-resisted|p1a: Ogerpon
|-damage|p1a: Ogerpon|0 fnt
|faint|p1a: Ogerpon
|
|upkeep
|
|t:|1759058874
|switch|p1a: Weezing|Weezing-Galar, F|100/100
|-ability|p1a: Weezing|Neutralizing Gas
|turn|29
|
|t:|1759058879
|switch|p2a: Typhlosion|Typhlosion-Hisui, M|100/100
|move|p1a: Weezing|Will-O-Wisp|p2a: Typhlosion
|-immune|p2a: Typhlosion
|
|upkeep
|turn|30
|
|t:|1759058887
|move|p2a: Typhlosion|Shadow Ball|p1a: Weezing
|-damage|p1a: Weezing|43/100
|move|p1a: Weezing|Sludge Bomb|p2a: Typhlosion
|-resisted|p2a: Typhlosion
|-damage|p2a: Typhlosion|83/100
|
|upkeep
|turn|31
|
|t:|1759058894
|move|p2a: Typhlosion|Shadow Ball|p1a: Weezing
|-damage|p1a: Weezing|0 fnt
|faint|p1a: Weezing
|-end|p1a: Weezing|ability: Neutralizing Gas
|
|upkeep
|
|t:|1759058898
|switch|p1a: Skeledirge|Skeledirge, F, tera:Water|100/100
|turn|32
|
|t:|1759058902
|move|p2a: Typhlosion|Shadow Ball|p1a: Skeledirge
|-damage|p1a: Skeledirge|69/100
|-unboost|p1a: Skeledirge|spd|1
|move|p1a: Skeledirge|Torch Song|p2a: Typhlosion
|-resisted|p2a: Typhlosion
|-damage|p2a: Typhlosion|64/100
|-boost|p1a: Skeledirge|spa|1
|
|upkeep
|turn|33
|
|t:|1759058912
|move|p2a: Typhlosion|Shadow Ball|p1a: Skeledirge
|-damage|p1a: Skeledirge|18/100
|move|p1a: Skeledirge|Slack Off|p1a: Skeledirge
|-heal|p1a: Skeledirge|68/100
|
|upkeep
|turn|34
|
|t:|1759058919
|move|p2a: Typhlosion|Shadow Ball|p1a: Skeledirge
|-damage|p1a: Skeledirge|20/100
|-unboost|p1a: Skeledirge|spd|1
|move|p1a: Skeledirge|Slack Off|p1a: Skeledirge
|-heal|p1a: Skeledirge|70/100
|
|upkeep
|turn|35
|
|t:|1759058928
|move|p2a: Typhlosion|Shadow Ball|p1a: Skeledirge
|-damage|p1a: Skeledirge|8/100
|-unboost|p1a: Skeledirge|spd|1
|move|p1a: Skeledirge|Slack Off|p1a: Skeledirge
|-heal|p1a: Skeledirge|58/100
|
|upkeep
|turn|36
|
|t:|1759058936
|move|p2a: Typhlosion|Shadow Ball|p1a: Skeledirge
|-damage|p1a: Skeledirge|0 fnt
|faint|p1a: Skeledirge
|
|win|kinsword
|raw|nglimfaded's rating: 1383 &rarr; <strong>1362</strong><br />(-21 for losing)
|raw|kinsword's rating: 1366 &rarr; <strong>1387</strong><br />(+21 for winning)
|l|☆kinsword
|player|p2|
|c|☆nglimfaded|dude what
|c|☆nglimfaded|since when did drops go through unaware
|l|☆nglimfaded
|player|p1|
