|j|☆sirglizzi
|j|☆victory 4 u
|t:|1759014146
|gametype|singles
|player|p1|sirglizzi|266|1172
|player|p2|victory 4 u|266|1141
|gen|9
|tier|[Gen 9] OU
|rated|
|rule|HP Percentage Mod: HP is shown in percentages
|rule|Endless Battle Clause: Forcing endless battles is banned
|rule|Species Clause: Limit one of each Pokémon
|rule|OHKO Clause: OHKO moves are banned
|rule|Evasion Items Clause: Evasion items are banned
|rule|Evasion Moves Clause: Evasion moves are banned
|rule|Evasion Abilities Clause: Evasion abilities are banned
|rule|Sleep Moves Clause: Sleep-inducing moves are banned
|clearpoke
|poke|p1|Meowscarada, M|
|poke|p1|Tinkaton, F|
|poke|p1|Gliscor, M|
|poke|p1|Dragapult, F|
|poke|p1|Moltres|
|poke|p1|Quaquaval, M|
|poke|p2|Regidrago|
|poke|p2|Basculegion-F, F|
|poke|p2|Meowstic, M|
|poke|p2|Tentacruel, M|
|poke|p2|Ting-Lu|
|poke|p2|Ogerpon, F|
|teampreview
|inactive|Battle timer is ON: inactive players will automatically lose when time's up. (requested by sirglizzi)
|
|t:|1759014161
|teamsize|p1|6
|teamsize|p2|6
|start
|switch|p1a: Tinkaton|Tinkaton, F|100/100
|switch|p2a: Hero|Tentacruel, M|100/100
|-item|p1a: Tinkaton|Air Balloon
|turn|1
|
|t:|1759014167
|move|p1a: Tinkaton|Thunder Wave|p2a: Hero
|-status|p2a: Hero|par
|move|p2a: Hero|Surf|p1a: Tinkaton
|-damage|p1a: Tinkaton|77/100
|-enditem|p1a: Tinkaton|Air Balloon
|
|upkeep
|turn|2
|
|t:|1759014178
|move|p1a: Tinkaton|Gigaton Hammer|p2a: Hero
|-resisted|p2a: Hero
|-damage|p2a: Hero|75/100 par
|cant|p2a: Hero|par
|
|-heal|p2a: Hero|81/100 par|[from] item: Leftovers
|upkeep
|turn|3
|
|t:|1759014185
|move|p1a: Tinkaton|Stealth Rock|p2a: Hero
|-sidestart|p2: victory 4 u|move: Stealth Rock
|move|p2a: Hero|Toxic Spikes|p1a: Tinkaton
|-sidestart|p1: sirglizzi|move: Toxic Spikes
|
|-heal|p2a: Hero|87/100 par|[from] item: Leftovers
|upkeep
|turn|4
|inactive|sirglizzi has 120 seconds left.
|
|t:|1759014226
|switch|p1a: Gliscor|Gliscor, M|100/100
|move|p2a: Hero|Rapid Spin|p1a: Gliscor
|-damage|p1a: Gliscor|94/100
|-boost|p2a: Hero|spe|1
|-sideend|p2: victory 4 u|Stealth Rock|[from] move: Rapid Spin|[of] p2a: Hero
|
|-heal|p2a: Hero|93/100 par|[from] item: Leftovers
|-status|p1a: Gliscor|tox|[from] item: Toxic Orb
|upkeep
|turn|5
|
|t:|1759014245
|switch|p2a: Regidrago|Regidrago|100/100
|-terastallize|p1a: Gliscor|Normal
|move|p1a: Gliscor|Swords Dance|p1a: Gliscor
|-boost|p1a: Gliscor|atk|2
|
|-heal|p1a: Gliscor|100/100 tox|[from] ability: Poison Heal
|upkeep
|turn|6
|inactive|sirglizzi has 120 seconds left.
|
|t:|1759014257
|move|p1a: Gliscor|Facade|p2a: Regidrago
|-damage|p2a: Regidrago|5/100
|move|p2a: Regidrago|Dragon Pulse|p1a: Gliscor
|-damage|p1a: Gliscor|0 fnt
|faint|p1a: Gliscor
|
|upkeep
|
|t:|1759014267
|switch|p1a: Quaquaval|Quaquaval, M|100/100
|-status|p1a: Quaquaval|psn
|turn|7
|
|t:|1759014272
|switch|p2a: Basculegion|Basculegion-F, F|100/100
|move|p1a: Quaquaval|Rapid Spin|p2a: Basculegion
|-immune|p2a: Basculegion
|
|-damage|p1a: Quaquaval|88/100 psn|[from] psn
|upkeep
|turn|8
|
|t:|1759014285
|switch|p1a: Meowscarada|Meowscarada, M|100/100
|-status|p1a: Meowscarada|psn
|move|p2a: Basculegion|Wave Crash|p1a: Meowscarada
|-resisted|p1a: Meowscarada
|-damage|p1a: Meowscarada|40/100 psn
|-damage|p2a: Basculegion|85/100|[from] Recoil
|
|-damage|p1a: Meowscarada|28/100 psn|[from] psn
|upkeep
|turn|9
|
|t:|1759014298
|switch|p2a: Lostelle|Ogerpon, F|100/100
|move|p1a: Meowscarada|Knock Off|p2a: Lostelle
|-start|p1a: Meowscarada|typechange|Dark|[from] ability: Protean
|-damage|p2a: Lostelle|45/100
|-enditem|p2a: Lostelle|Choice Band|[from] move: Knock Off|[of] p1a: Meowscarada
|
|-damage|p1a: Meowscarada|16/100 psn|[from] psn
|upkeep
|turn|10
|
|t:|1759014308
|switch|p1a: Quaquaval|Quaquaval, M|88/100 psn
|move|p2a: Lostelle|Knock Off|p1a: Quaquaval
|-resisted|p1a: Quaquaval
|-damage|p1a: Quaquaval|68/100 psn
|-enditem|p1a: Quaquaval|Assault Vest|[from] move: Knock Off|[of] p2a: Lostelle
|
|-damage|p1a: Quaquaval|56/100 psn|[from] psn
|upkeep
|turn|11
|
|t:|1759014316
|move|p2a: Lostelle|Ivy Cudgel|p1a: Quaquaval
|-supereffective|p1a: Quaquaval
|-damage|p1a: Quaquaval|0 fnt
|faint|p1a: Quaquaval
|
|upkeep
|-message|sirglizzi forfeited.
|
|win|victory 4 u
|raw|sirglizzi's rating: 1172 &rarr; <strong>1145</strong><br />(-27 for losing)
|raw|victory 4 u's rating: 1141 &rarr; <strong>1168</strong><br />(+27 for winning)
|l|☆sirglizzi
|player|p1|
|c|☆victory 4 u|gg
