|j|☆Mimx2
|j|☆mandrillpower
|t:|1758960628
|gametype|singles
|player|p1|Mimx2|lucas|1203
|player|p2|mandrillpower|170|1184
|gen|9
|tier|[Gen 9] OU
|rated|
|rule|HP Percentage Mod: HP is shown in percentages
|rule|Endless Battle Clause: Forcing endless battles is banned
|rule|Species Clause: Limit one of each Pokémon
|rule|OHKO Clause: OHKO moves are banned
|rule|Evasion Items Clause: Evasion items are banned
|rule|Evasion Moves Clause: Evasion moves are banned
|rule|Evasion Abilities Clause: Evasion abilities are banned
|rule|Sleep Moves Clause: Sleep-inducing moves are banned
|clearpoke
|poke|p1|Greninja-*, M|
|poke|p1|Indeedee, M|
|poke|p1|Iron Crown|
|poke|p1|Primeape, F|
|poke|p1|Gholdengo|
|poke|p1|Weavile, F|
|poke|p2|Great Tusk|
|poke|p2|Gholdengo|
|poke|p2|Iron Valiant|
|poke|p2|Kingambit, M|
|poke|p2|Dragapult, M|
|poke|p2|Ting-Lu|
|teampreview
|
|t:|1758960658
|teamsize|p1|6
|teamsize|p2|6
|start
|switch|p1a: Greninja|Greninja, M|100/100
|switch|p2a: Ting-Lu|Ting-Lu|100/100
|-ability|p2a: Ting-Lu|Vessel of Ruin
|turn|1
|
|t:|1758960669
|move|p1a: Greninja|Grass Knot|p2a: Ting-Lu
|-supereffective|p2a: Ting-Lu
|-damage|p2a: Ting-Lu|61/100
|-damage|p1a: Greninja|91/100|[from] item: Life Orb
|move|p2a: Ting-Lu|Spikes|p1a: Greninja
|-sidestart|p1: Mimx2|Spikes
|
|-heal|p2a: Ting-Lu|67/100|[from] item: Leftovers
|upkeep
|turn|2
|
|t:|1758960679
|move|p1a: Greninja|Surf|p2a: Ting-Lu
|-supereffective|p2a: Ting-Lu
|-damage|p2a: Ting-Lu|27/100
|-damage|p1a: Greninja|81/100|[from] item: Life Orb
|move|p2a: Ting-Lu|Spikes|p1a: Greninja
|-sidestart|p1: Mimx2|Spikes
|
|-heal|p2a: Ting-Lu|34/100|[from] item: Leftovers
|upkeep
|turn|3
|
|t:|1758960706
|switch|p2a: Gholdengo|Gholdengo|100/100
|move|p1a: Greninja|Surf|p2a: Gholdengo
|-damage|p2a: Gholdengo|42/100
|-damage|p1a: Greninja|71/100|[from] item: Life Orb
|
|upkeep
|turn|4
|
|t:|1758960715
|move|p2a: Gholdengo|Thunderbolt|p1a: Greninja
|-supereffective|p1a: Greninja
|-damage|p1a: Greninja|0 fnt
|faint|p1a: Greninja
|
|upkeep
|
|t:|1758960735
|switch|p1a: Primeape|Primeape, F, shiny|100/100
|-damage|p1a: Primeape|84/100|[from] Spikes
|turn|5
|
|t:|1758960755
|switch|p2a: Dragapult|Dragapult, M|100/100
|move|p1a: Primeape|Rage Fist|p2a: Dragapult
|-supereffective|p2a: Dragapult
|-damage|p2a: Dragapult|54/100
|
|upkeep
|turn|6
|
|t:|1758960767
|move|p2a: Dragapult|Shadow Ball|p1a: Primeape
|-damage|p1a: Primeape|36/100
|move|p1a: Primeape|Ice Punch|p2a: Dragapult
|-supereffective|p2a: Dragapult
|-damage|p2a: Dragapult|0 fnt
|faint|p2a: Dragapult
|
|upkeep
|
|t:|1758960783
|switch|p2a: Gholdengo|Gholdengo|42/100
|turn|7
|
|t:|1758960787
|move|p2a: Gholdengo|Shadow Ball|p1a: Primeape
|-crit|p1a: Primeape
|-damage|p1a: Primeape|0 fnt
|faint|p1a: Primeape
|
|upkeep
|
|t:|1758960795
|switch|p1a: Weavile|Weavile, F, shiny|100/100
|-damage|p1a: Weavile|84/100|[from] Spikes
|-ability|p1a: Weavile|Pressure
|turn|8
|
|t:|1758960808
|switch|p2a: Ting-Lu|Ting-Lu|34/100
|-ability|p2a: Ting-Lu|Vessel of Ruin
|move|p1a: Weavile|Knock Off|p2a: Ting-Lu
|-resisted|p2a: Ting-Lu
|-damage|p2a: Ting-Lu|21/100
|-enditem|p2a: Ting-Lu|Leftovers|[from] move: Knock Off|[of] p1a: Weavile
|
|upkeep
|turn|9
|
|t:|1758960820
|move|p1a: Weavile|Ice Shard|p2a: Ting-Lu
|-supereffective|p2a: Ting-Lu
|-damage|p2a: Ting-Lu|0 fnt
|faint|p2a: Ting-Lu
|
|upkeep
|
|t:|1758960827
|switch|p2a: Iron Valiant|Iron Valiant|100/100
|-enditem|p2a: Iron Valiant|Booster Energy
|-activate|p2a: Iron Valiant|ability: Quark Drive|[fromitem]
|-start|p2a: Iron Valiant|quarkdrivespe
|turn|10
|
|t:|1758960837
|move|p2a: Iron Valiant|Close Combat|p1a: Weavile
|-supereffective|p1a: Weavile
|-damage|p1a: Weavile|0 fnt
|-unboost|p2a: Iron Valiant|def|1
|-unboost|p2a: Iron Valiant|spd|1
|faint|p1a: Weavile
|
|upkeep
|
|t:|1758960850
|switch|p1a: Gholdengo|Gholdengo, shiny|100/100
|-damage|p1a: Gholdengo|84/100|[from] Spikes
|turn|11
|inactive|Battle timer is ON: inactive players will automatically lose when time's up. (requested by Mimx2)
|
|t:|1758960894
|move|p2a: Iron Valiant|Knock Off|p1a: Gholdengo
|-supereffective|p1a: Gholdengo
|-damage|p1a: Gholdengo|12/100
|-enditem|p1a: Gholdengo|Choice Specs|[from] move: Knock Off|[of] p2a: Iron Valiant
|move|p1a: Gholdengo|Psychic|p2a: Iron Valiant
|-supereffective|p2a: Iron Valiant
|-damage|p2a: Iron Valiant|0 fnt
|faint|p2a: Iron Valiant
|-end|p2a: Iron Valiant|Quark Drive|[silent]
|
|upkeep
|
|t:|1758960908
|switch|p2a: Gholdengo|Gholdengo|42/100
|turn|12
|
|t:|1758960934
|move|p2a: Gholdengo|Thunderbolt|p1a: Gholdengo
|-damage|p1a: Gholdengo|0 fnt
|faint|p1a: Gholdengo
|
|upkeep
|
|t:|1758960937
|switch|p1a: Indeedee|Indeedee, M, shiny|100/100
|-damage|p1a: Indeedee|84/100|[from] Spikes
|-fieldstart|move: Psychic Terrain|[from] ability: Psychic Surge|[of] p1a: Indeedee
|turn|13
|
|t:|1758960959
|move|p2a: Gholdengo|Thunderbolt|p1a: Indeedee
|-damage|p1a: Indeedee|42/100
|move|p1a: Indeedee|Stored Power|p2a: Gholdengo
|-resisted|p2a: Gholdengo
|-damage|p2a: Gholdengo|35/100
|
|upkeep
|turn|14
|
|t:|1758960965
|move|p2a: Gholdengo|Thunderbolt|p1a: Indeedee
|-damage|p1a: Indeedee|0 fnt
|faint|p1a: Indeedee
|
|upkeep
|
|t:|1758960967
|switch|p1a: Iron Crown|Iron Crown|100/100
|-damage|p1a: Iron Crown|84/100|[from] Spikes
|-enditem|p1a: Iron Crown|Booster Energy
|-activate|p1a: Iron Crown|ability: Quark Drive|[fromitem]
|-start|p1a: Iron Crown|quarkdrivespa
|turn|15
|
|t:|1758960975
|-terastallize|p1a: Iron Crown|Steel
|move|p2a: Gholdengo|Thunderbolt|p1a: Iron Crown
|-damage|p1a: Iron Crown|54/100
|move|p1a: Iron Crown|Expanding Force|p2a: Gholdengo
|-resisted|p2a: Gholdengo
|-damage|p2a: Gholdengo|0 fnt
|faint|p2a: Gholdengo
|
|upkeep
|
|t:|1758960988
|switch|p2a: Great Tusk|Great Tusk|100/100
|turn|16
|
|t:|1758961001
|move|p1a: Iron Crown|Expanding Force|p2a: Great Tusk
|-supereffective|p2a: Great Tusk
|-damage|p2a: Great Tusk|0 fnt
|faint|p2a: Great Tusk
|-end|p2a: Great Tusk|Protosynthesis|[silent]
|
|upkeep
|
|t:|1758961005
|switch|p2a: Kingambit|Kingambit, M|100/100
|-activate|p2a: Kingambit|ability: Supreme Overlord
|-start|p2a: Kingambit|fallen5|[silent]
|turn|17
|
|t:|1758961020
|move|p2a: Kingambit|Sucker Punch|p1a: Iron Crown
|-activate|p1a: Iron Crown|move: Psychic Terrain
|move|p1a: Iron Crown|Sacred Sword|p2a: Kingambit
|-supereffective|p2a: Kingambit
|-damage|p2a: Kingambit|53/100
|
|upkeep
|turn|18
|
|t:|1758961036
|move|p1a: Iron Crown|Sacred Sword|p2a: Kingambit
|-supereffective|p2a: Kingambit
|-damage|p2a: Kingambit|6/100
|move|p2a: Kingambit|Swords Dance|p2a: Kingambit
|-boost|p2a: Kingambit|atk|2
|
|upkeep
|turn|19
|
|t:|1758961043
|move|p2a: Kingambit|Sucker Punch|p1a: Iron Crown
|-activate|p1a: Iron Crown|move: Psychic Terrain
|move|p1a: Iron Crown|Sacred Sword|p2a: Kingambit
|-supereffective|p2a: Kingambit
|-damage|p2a: Kingambit|0 fnt
|faint|p2a: Kingambit
|-end|p2a: Kingambit|fallen5|[silent]
|
|win|Mimx2
|raw|Mimx2's rating: 1203 &rarr; <strong>1227</strong><br />(+24 for winning)
|raw|mandrillpower's rating: 1184 &rarr; <strong>1160</strong><br />(-24 for losing)
|c|☆Mimx2|Gg
|c|☆mandrillpower|gg
|l|☆mandrillpower
|player|p2|
|c|☆Mimx2|priority can’t hit in psychic terrain
|l|☆Mimx2
|player|p1|
