|j|☆ggon1116
|j|☆velek284
|t:|1759006097
|gametype|singles
|player|p1|ggon1116|2|1110
|player|p2|velek284|265|1079
|gen|9
|tier|[Gen 9] OU
|rated|
|rule|HP Percentage Mod: HP is shown in percentages
|rule|Endless Battle Clause: Forcing endless battles is banned
|rule|Species Clause: Limit one of each Pokémon
|rule|OHKO Clause: OHKO moves are banned
|rule|Evasion Items Clause: Evasion items are banned
|rule|Evasion Moves Clause: Evasion moves are banned
|rule|Evasion Abilities Clause: Evasion abilities are banned
|rule|Sleep Moves Clause: Sleep-inducing moves are banned
|clearpoke
|poke|p1|Glimmora, F|
|poke|p1|Gliscor, M|
|poke|p1|Breloom, F|
|poke|p1|Metagross|
|poke|p1|Nosepass, L1, F|
|poke|p2|Deoxys-Speed|
|poke|p2|Dusknoir, F|
|poke|p2|Hippowdon, M|
|poke|p2|Clodsire, M|
|poke|p2|Heatran, M|
|poke|p2|Quaquaval, M|
|teampreview
|
|t:|1759006120
|teamsize|p1|5
|teamsize|p2|6
|start
|switch|p1a: Glimmora|Glimmora, F|100/100
|switch|p2a: Deoxys|Deoxys-Speed|100/100
|-ability|p2a: Deoxys|Pressure
|turn|1
|
|t:|1759006130
|move|p2a: Deoxys|Nasty Plot|p2a: Deoxys
|-boost|p2a: Deoxys|spa|2
|move|p1a: Glimmora|Toxic Spikes|p2a: Deoxys
|-sidestart|p2: velek284|move: Toxic Spikes
|
|upkeep
|turn|2
|
|t:|1759006137
|move|p2a: Deoxys|Nasty Plot|p2a: Deoxys
|-boost|p2a: Deoxys|spa|2
|move|p1a: Glimmora|Toxic|p2a: Deoxys
|-status|p2a: Deoxys|tox
|
|-damage|p2a: Deoxys|94/100 tox|[from] psn
|upkeep
|turn|3
|
|t:|1759006146
|move|p2a: Deoxys|Shadow Ball|p1a: Glimmora
|-damage|p1a: Glimmora|6/100
|-damage|p2a: Deoxys|84/100 tox|[from] item: Life Orb
|move|p1a: Glimmora|Toxic Spikes|p2a: Deoxys
|-sidestart|p2: velek284|move: Toxic Spikes
|
|-damage|p2a: Deoxys|72/100 tox|[from] psn
|upkeep
|turn|4
|
|t:|1759006156
|move|p2a: Deoxys|Shadow Ball|p1a: Glimmora
|-damage|p1a: Glimmora|0 fnt
|faint|p1a: Glimmora
|-damage|p2a: Deoxys|62/100 tox|[from] item: Life Orb
|
|-damage|p2a: Deoxys|43/100 tox|[from] psn
|upkeep
|
|t:|1759006167
|switch|p1a: Metagross|Metagross|100/100
|turn|5
|
|t:|1759006173
|move|p2a: Deoxys|Focus Blast|p1a: Metagross
|-crit|p1a: Metagross
|-damage|p1a: Metagross|0 fnt
|faint|p1a: Metagross
|-damage|p2a: Deoxys|33/100 tox|[from] item: Life Orb
|
|-damage|p2a: Deoxys|8/100 tox|[from] psn
|upkeep
|
|t:|1759006181
|switch|p1a: Nosepass|Nosepass, L1, F|100/100
|turn|6
|
|t:|1759006188
|move|p2a: Deoxys|Focus Blast|p1a: Nosepass
|-supereffective|p1a: Nosepass
|-ability|p1a: Nosepass|Sturdy
|-damage|p1a: Nosepass|10/100
|-damage|p2a: Deoxys|0 fnt|[from] item: Life Orb
|faint|p2a: Deoxys
|move|p1a: Nosepass|Pain Split|p2: Deoxys|[notarget]
|-fail|p1a: Nosepass
|
|upkeep
|
|t:|1759006196
|switch|p2a: Quaquaval|Quaquaval, M|100/100
|-status|p2a: Quaquaval|tox
|turn|7
|
|t:|1759006204
|move|p2a: Quaquaval|Rapid Spin|p1a: Nosepass
|-resisted|p1a: Nosepass
|-damage|p1a: Nosepass|0 fnt
|-boost|p2a: Quaquaval|spe|1
|-sideend|p2: velek284|Toxic Spikes|[from] move: Rapid Spin|[of] p2a: Quaquaval
|faint|p1a: Nosepass
|
|-damage|p2a: Quaquaval|94/100 tox|[from] psn
|upkeep
|-message|ggon1116 forfeited.
|
|win|velek284
|raw|ggon1116's rating: 1110 &rarr; <strong>1083</strong><br />(-27 for losing)
|raw|velek284's rating: 1079 &rarr; <strong>1110</strong><br />(+31 for winning)
|l|☆ggon1116
|player|p1|
|l|☆velek284
|player|p2|
