|j|☆mightred
|j|☆Made in BraziL
|t:|1759067611
|gametype|singles
|player|p1|mightred|bugcatcher-gen4dp|1302
|player|p2|Made in BraziL|gentleman|1300
|gen|9
|tier|[Gen 9] OU
|rated|
|rule|HP Percentage Mod: HP is shown in percentages
|rule|Endless Battle Clause: Forcing endless battles is banned
|rule|Species Clause: Limit one of each Pokémon
|rule|OHKO Clause: OHKO moves are banned
|rule|Evasion Items Clause: Evasion items are banned
|rule|Evasion Moves Clause: Evasion moves are banned
|rule|Evasion Abilities Clause: Evasion abilities are banned
|rule|Sleep Moves Clause: Sleep-inducing moves are banned
|clearpoke
|poke|p1|Polteageist-Antique|
|poke|p1|Ninetales-Alola, M|
|poke|p1|Cinderace, M|
|poke|p1|Kommo-o, M|
|poke|p1|Cloyster, F|
|poke|p1|Zamazenta-*|
|poke|p2|Tentacruel, M|
|poke|p2|Rillaboom, F|
|poke|p2|Pelipper, M|
|poke|p2|Garchomp, M|
|poke|p2|Jirachi|
|poke|p2|Gyarados, F|
|teampreview
|inactive|Battle timer is ON: inactive players will automatically lose when time's up. (requested by Made in BraziL)
|
|t:|1759067624
|teamsize|p1|6
|teamsize|p2|6
|start
|switch|p1a: Ninetales|Ninetales-Alola, M|100/100
|switch|p2a: Rillaboom|Rillaboom, F|100/100
|-weather|Snowscape|[from] ability: Snow Warning|[of] p1a: Ninetales
|-fieldstart|move: Grassy Terrain|[from] ability: Grassy Surge|[of] p2a: Rillaboom
|turn|1
|
|t:|1759067634
|move|p2a: Rillaboom|Fake Out|p1a: Ninetales
|-damage|p1a: Ninetales|82/100
|cant|p1a: Ninetales|flinch
|
|-weather|Snowscape|[upkeep]
|-heal|p1a: Ninetales|88/100|[from] Grassy Terrain
|upkeep
|turn|2
|
|t:|1759067642
|switch|p2a: Pelipper|Pelipper, M|100/100
|-weather|RainDance|[from] ability: Drizzle|[of] p2a: Pelipper
|move|p1a: Ninetales|Aurora Veil||[still]
|-fail|p1a: Ninetales
|
|-weather|RainDance|[upkeep]
|-heal|p1a: Ninetales|94/100|[from] Grassy Terrain
|upkeep
|turn|3
|
|t:|1759067654
|switch|p2a: Tentacruel|Tentacruel, M|100/100
|move|p1a: Ninetales|Freeze-Dry|p2a: Tentacruel
|-supereffective|p2a: Tentacruel
|-damage|p2a: Tentacruel|70/100
|
|-weather|RainDance|[upkeep]
|-heal|p2a: Tentacruel|76/100|[from] ability: Rain Dish
|-heal|p1a: Ninetales|99/100|[from] Grassy Terrain
|-heal|p2a: Tentacruel|82/100|[from] Grassy Terrain
|-heal|p2a: Tentacruel|88/100|[from] item: Black Sludge
|upkeep
|turn|4
|
|t:|1759067670
|switch|p1a: Cloyster|Cloyster, F|100/100
|move|p2a: Tentacruel|Aqua Ring|p2a: Tentacruel
|-start|p2a: Tentacruel|Aqua Ring
|
|-weather|RainDance|[upkeep]
|-heal|p2a: Tentacruel|94/100|[from] ability: Rain Dish
|-heal|p2a: Tentacruel|100/100|[from] Grassy Terrain
|upkeep
|turn|5
|
|t:|1759067680
|move|p2a: Tentacruel|Toxic|p1a: Cloyster
|-status|p1a: Cloyster|tox
|move|p1a: Cloyster|Shell Smash|p1a: Cloyster
|-unboost|p1a: Cloyster|def|1
|-unboost|p1a: Cloyster|spd|1
|-boost|p1a: Cloyster|atk|2
|-boost|p1a: Cloyster|spa|2
|-boost|p1a: Cloyster|spe|2
|-enditem|p1a: Cloyster|White Herb
|-clearnegativeboost|p1a: Cloyster|[silent]
|
|-weather|RainDance|[upkeep]
|-damage|p1a: Cloyster|94/100 tox|[from] psn
|-fieldend|move: Grassy Terrain
|upkeep
|turn|6
|
|t:|1759067693
|-terastallize|p2a: Tentacruel|Water
|move|p1a: Cloyster|Shell Smash|p1a: Cloyster
|-unboost|p1a: Cloyster|def|1
|-unboost|p1a: Cloyster|spd|1
|-boost|p1a: Cloyster|atk|2
|-boost|p1a: Cloyster|spa|2
|-boost|p1a: Cloyster|spe|2
|move|p2a: Tentacruel|Rapid Spin|p1a: Cloyster
|-damage|p1a: Cloyster|84/100 tox
|-boost|p2a: Tentacruel|spe|1
|
|-weather|RainDance|[upkeep]
|-damage|p2a: Tentacruel|88/100|[from] item: Black Sludge
|-heal|p2a: Tentacruel|94/100|[from] Aqua Ring
|-damage|p1a: Cloyster|71/100 tox|[from] psn
|upkeep
|turn|7
|
|t:|1759067709
|move|p1a: Cloyster|Drill Run|p2a: Tentacruel
|-damage|p2a: Tentacruel|0 fnt
|faint|p2a: Tentacruel
|
|-weather|RainDance|[upkeep]
|-damage|p1a: Cloyster|53/100 tox|[from] psn
|upkeep
|
|t:|1759067717
|switch|p2a: Rillaboom|Rillaboom, F|100/100
|-fieldstart|move: Grassy Terrain|[from] ability: Grassy Surge|[of] p2a: Rillaboom
|turn|8
|
|t:|1759067722
|move|p2a: Rillaboom|Fake Out|p1a: Cloyster
|-damage|p1a: Cloyster|26/100 tox
|cant|p1a: Cloyster|flinch
|
|-weather|RainDance|[upkeep]
|-heal|p1a: Cloyster|32/100 tox|[from] Grassy Terrain
|-damage|p1a: Cloyster|7/100 tox|[from] psn
|upkeep
|turn|9
|
|t:|1759067732
|switch|p2a: Pelipper|Pelipper, M|100/100
|move|p1a: Cloyster|Icicle Spear|p2a: Pelipper
|-damage|p2a: Pelipper|64/100
|-crit|p2a: Pelipper
|-damage|p2a: Pelipper|5/100
|-damage|p2a: Pelipper|0 fnt
|faint|p2a: Pelipper
|-hitcount|p2: Pelipper|3
|
|-weather|none
|-heal|p1a: Cloyster|13/100 tox|[from] Grassy Terrain
|-damage|p1a: Cloyster|0 fnt|[from] psn
|faint|p1a: Cloyster
|upkeep
|inactive|Made in BraziL has 120 seconds left.
|
|t:|1759067765
|switch|p1a: Ninetales|Ninetales-Alola, M|99/100
|switch|p2a: Rillaboom|Rillaboom, F|100/100
|-weather|Snowscape|[from] ability: Snow Warning|[of] p1a: Ninetales
|turn|10
|
|t:|1759067773
|move|p1a: Ninetales|Aurora Veil|p1a: Ninetales
|-sidestart|p1: mightred|move: Aurora Veil
|move|p2a: Rillaboom|Drain Punch|p1a: Ninetales
|-damage|p1a: Ninetales|83/100
|
|-weather|Snowscape|[upkeep]
|-heal|p1a: Ninetales|89/100|[from] Grassy Terrain
|upkeep
|turn|11
|
|t:|1759067780
|switch|p2a: Jirachi|Jirachi|100/100
|move|p1a: Ninetales|Freeze-Dry|p2a: Jirachi
|-resisted|p2a: Jirachi
|-damage|p2a: Jirachi|91/100
|
|-weather|Snowscape|[upkeep]
|-heal|p1a: Ninetales|95/100|[from] Grassy Terrain
|-heal|p2a: Jirachi|97/100|[from] Grassy Terrain
|-heal|p2a: Jirachi|100/100|[from] item: Leftovers
|upkeep
|turn|12
|
|t:|1759067793
|switch|p1a: Cinderace|Cinderace, M|100/100
|move|p2a: Jirachi|Body Slam|p1a: Cinderace
|-damage|p1a: Cinderace|85/100
|-status|p1a: Cinderace|par
|
|-weather|Snowscape|[upkeep]
|-heal|p1a: Cinderace|91/100 par|[from] Grassy Terrain
|-fieldend|move: Grassy Terrain
|upkeep
|turn|13
|
|t:|1759067805
|switch|p2a: Rillaboom|Rillaboom, F|100/100
|-fieldstart|move: Grassy Terrain|[from] ability: Grassy Surge|[of] p2a: Rillaboom
|move|p1a: Cinderace|U-turn|p2a: Rillaboom
|-start|p1a: Cinderace|typechange|Bug|[from] ability: Libero
|-supereffective|p2a: Rillaboom
|-damage|p2a: Rillaboom|23/100
|
|t:|1759067813
|switch|p1a: Kommo-o|Kommo-o, M|100/100|[from] U-turn
|
|-weather|Snowscape|[upkeep]
|-heal|p2a: Rillaboom|29/100|[from] Grassy Terrain
|upkeep
|turn|14
|
|t:|1759067824
|move|p2a: Rillaboom|Grassy Glide|p1a: Kommo-o
|-resisted|p1a: Kommo-o
|-damage|p1a: Kommo-o|86/100
|move|p1a: Kommo-o|Clangorous Soul|p1a: Kommo-o
|-boost|p1a: Kommo-o|atk|1
|-boost|p1a: Kommo-o|def|1
|-boost|p1a: Kommo-o|spa|1
|-boost|p1a: Kommo-o|spd|1
|-boost|p1a: Kommo-o|spe|1
|-damage|p1a: Kommo-o|53/100
|-enditem|p1a: Kommo-o|Throat Spray
|-boost|p1a: Kommo-o|spa|1|[from] item: Throat Spray
|
|-weather|none
|-heal|p1a: Kommo-o|60/100|[from] Grassy Terrain
|-heal|p2a: Rillaboom|35/100|[from] Grassy Terrain
|upkeep
|turn|15
|
|t:|1759067838
|move|p1a: Kommo-o|Vacuum Wave|p2a: Rillaboom
|-damage|p2a: Rillaboom|0 fnt
|faint|p2a: Rillaboom
|
|-heal|p1a: Kommo-o|66/100|[from] Grassy Terrain
|upkeep
|
|t:|1759067843
|switch|p2a: Jirachi|Jirachi|100/100
|turn|16
|
|t:|1759067850
|move|p1a: Kommo-o|Clanging Scales|p2a: Jirachi
|-resisted|p2a: Jirachi
|-damage|p2a: Jirachi|56/100
|-unboost|p1a: Kommo-o|def|1
|move|p2a: Jirachi|Psych Up|p1a: Kommo-o
|-copyboost|p2a: Jirachi|p1a: Kommo-o|[from] move: Psych Up
|
|-heal|p2a: Jirachi|62/100|[from] Grassy Terrain
|-heal|p2a: Jirachi|68/100|[from] item: Leftovers
|-heal|p1a: Kommo-o|72/100|[from] Grassy Terrain
|upkeep
|turn|17
|
|t:|1759067866
|-terastallize|p1a: Kommo-o|Normal
|move|p2a: Jirachi|Iron Head|p1a: Kommo-o
|-damage|p1a: Kommo-o|51/100
|cant|p1a: Kommo-o|flinch
|
|-heal|p2a: Jirachi|74/100|[from] Grassy Terrain
|-heal|p2a: Jirachi|80/100|[from] item: Leftovers
|-heal|p1a: Kommo-o|57/100|[from] Grassy Terrain
|-sideend|p1: mightred|move: Aurora Veil
|-fieldend|move: Grassy Terrain
|upkeep
|turn|18
|
|t:|1759067878
|move|p2a: Jirachi|Iron Head|p1a: Kommo-o
|-damage|p1a: Kommo-o|12/100
|cant|p1a: Kommo-o|flinch
|
|-heal|p2a: Jirachi|86/100|[from] item: Leftovers
|upkeep
|turn|19
|
|t:|1759067885
|move|p2a: Jirachi|Charge Beam|p1a: Kommo-o
|-damage|p1a: Kommo-o|0 fnt
|-boost|p2a: Jirachi|spa|1
|faint|p1a: Kommo-o
|
|-heal|p2a: Jirachi|92/100|[from] item: Leftovers
|upkeep
|
|t:|1759067893
|switch|p1a: Zamazenta|Zamazenta|100/100
|-ability|p1a: Zamazenta|Dauntless Shield|boost
|-boost|p1a: Zamazenta|def|1
|turn|20
|
|t:|1759067901
|move|p2a: Jirachi|Body Slam|p1a: Zamazenta
|-damage|p1a: Zamazenta|88/100
|move|p1a: Zamazenta|Body Press|p2a: Jirachi
|-damage|p2a: Jirachi|35/100
|
|-heal|p2a: Jirachi|41/100|[from] item: Leftovers
|-heal|p1a: Zamazenta|94/100|[from] item: Leftovers
|upkeep
|turn|21
|
|t:|1759067910
|move|p2a: Jirachi|Body Slam|p1a: Zamazenta
|-damage|p1a: Zamazenta|82/100
|move|p1a: Zamazenta|Body Press|p2a: Jirachi
|-damage|p2a: Jirachi|0 fnt
|faint|p2a: Jirachi
|
|-heal|p1a: Zamazenta|88/100|[from] item: Leftovers
|upkeep
|-message|Made in BraziL forfeited.
|
|win|mightred
|raw|mightred's rating: 1302 &rarr; <strong>1322</strong><br />(+20 for winning)
|raw|Made in BraziL's rating: 1300 &rarr; <strong>1275</strong><br />(-25 for losing)
|l|☆Made in BraziL
|player|p2|
|l|☆mightred
|player|p1|
