|j|☆onizukaaa67
|j|☆badatgames2911
|t:|1758998399
|gametype|singles
|player|p1|onizukaaa67|burglar|1254
|player|p2|badatgames2911|2|1223
|gen|9
|tier|[Gen 9] OU
|rated|
|rule|HP Percentage Mod: HP is shown in percentages
|rule|Endless Battle Clause: Forcing endless battles is banned
|rule|Species Clause: Limit one of each Pokémon
|rule|OHKO Clause: OHKO moves are banned
|rule|Evasion Items Clause: Evasion items are banned
|rule|Evasion Moves Clause: Evasion moves are banned
|rule|Evasion Abilities Clause: Evasion abilities are banned
|rule|Sleep Moves Clause: Sleep-inducing moves are banned
|clearpoke
|poke|p1|Garchomp, M|
|poke|p1|Corviknight, M|
|poke|p1|Primarina, M|
|poke|p1|Ursaluna, F|
|poke|p1|Ting-Lu|
|poke|p1|Dragapult, M|
|poke|p2|Conkeldurr, M|
|poke|p2|Noivern, F|
|poke|p2|Heatran, F|
|poke|p2|Excadrill, M|
|poke|p2|Mamoswine, F|
|poke|p2|Drednaw, M|
|teampreview
|
|t:|1758998410
|teamsize|p1|6
|teamsize|p2|6
|start
|switch|p1a: Garchomp|Garchomp, M|100/100
|switch|p2a: Linkon Logs|Conkeldurr, M|100/100
|turn|1
|
|t:|1758998425
|move|p1a: Garchomp|Swords Dance|p1a: Garchomp
|-boost|p1a: Garchomp|atk|2
|move|p2a: Linkon Logs|Ice Punch|p1a: Garchomp
|-supereffective|p1a: Garchomp
|-damage|p1a: Garchomp|0 fnt
|-damage|p2a: Linkon Logs|88/100|[from] ability: Rough Skin|[of] p1a: Garchomp
|faint|p1a: Garchomp
|
|-status|p2a: Linkon Logs|brn|[from] item: Flame Orb
|upkeep
|
|t:|1758998441
|switch|p1a: Primarina|Primarina, M|100/100
|turn|2
|
|t:|1758998453
|switch|p2a: Caveman|Excadrill, M|100/100
|-ability|p2a: Caveman|Mold Breaker
|move|p1a: Primarina|Calm Mind|p1a: Primarina
|-boost|p1a: Primarina|spa|1
|-boost|p1a: Primarina|spd|1
|
|upkeep
|turn|3
|
|t:|1758998462
|move|p2a: Caveman|Iron Head|p1a: Primarina
|-damage|p1a: Primarina|47/100
|cant|p1a: Primarina|flinch
|
|-heal|p1a: Primarina|53/100|[from] item: Leftovers
|upkeep
|turn|4
|
|t:|1758998471
|-terastallize|p1a: Primarina|Water
|move|p2a: Caveman|Iron Head|p1a: Primarina
|-resisted|p1a: Primarina
|-damage|p1a: Primarina|24/100
|move|p1a: Primarina|Hyper Voice|p2a: Caveman
|-supereffective|p2a: Caveman
|-damage|p2a: Caveman|0 fnt
|faint|p2a: Caveman
|
|-heal|p1a: Primarina|31/100|[from] item: Leftovers
|upkeep
|
|t:|1758998479
|switch|p2a: Yummy|Drednaw, M|100/100
|turn|5
|
|t:|1758998487
|move|p2a: Yummy|Shell Smash|p2a: Yummy
|-unboost|p2a: Yummy|def|1
|-unboost|p2a: Yummy|spd|1
|-boost|p2a: Yummy|atk|2
|-boost|p2a: Yummy|spa|2
|-boost|p2a: Yummy|spe|2
|move|p1a: Primarina|Draining Kiss|p2a: Yummy
|-damage|p2a: Yummy|19/100
|-heal|p1a: Primarina|91/100|[from] drain|[of] p2a: Yummy
|
|-heal|p1a: Primarina|97/100|[from] item: Leftovers
|upkeep
|turn|6
|
|t:|1758998502
|-terastallize|p2a: Yummy|Dark
|move|p2a: Yummy|Crunch|p1a: Primarina
|-damage|p1a: Primarina|0 fnt
|faint|p1a: Primarina
|
|upkeep
|
|t:|1758998512
|switch|p1a: Dragapult|Dragapult, M|100/100
|turn|7
|
|t:|1758998515
|switch|p1a: Corviknight|Corviknight, M|100/100
|-ability|p1a: Corviknight|Pressure
|move|p2a: Yummy|Crunch|p1a: Corviknight
|-crit|p1a: Corviknight
|-damage|p1a: Corviknight|0 fnt
|-damage|p2a: Yummy|3/100|[from] item: Rocky Helmet|[of] p1a: Corviknight
|faint|p1a: Corviknight
|
|upkeep
|
|t:|1758998532
|switch|p1a: Dragapult|Dragapult, M|100/100
|turn|8
|
|t:|1758998541
|move|p2a: Yummy|Crunch|p1a: Dragapult
|-supereffective|p1a: Dragapult
|-crit|p1a: Dragapult
|-damage|p1a: Dragapult|0 fnt
|faint|p1a: Dragapult
|
|upkeep
|
|t:|1758998547
|switch|p1a: Ursaluna|Ursaluna, F|100/100
|turn|9
|
|t:|1758998552
|move|p2a: Yummy|Liquidation|p1a: Ursaluna
|-supereffective|p1a: Ursaluna
|-damage|p1a: Ursaluna|0 fnt
|faint|p1a: Ursaluna
|
|upkeep
|
|t:|1758998557
|switch|p1a: Ting-Lu|Ting-Lu|100/100
|-ability|p1a: Ting-Lu|Vessel of Ruin
|turn|10
|
|t:|1758998562
|move|p2a: Yummy|Liquidation|p1a: Ting-Lu
|-supereffective|p1a: Ting-Lu
|-damage|p1a: Ting-Lu|19/100
|move|p1a: Ting-Lu|Earthquake|p2a: Yummy
|-damage|p2a: Yummy|0 fnt
|faint|p2a: Yummy
|
|-heal|p1a: Ting-Lu|25/100|[from] item: Leftovers
|upkeep
|
|t:|1758998566
|switch|p2a: Linkon Logs|Conkeldurr, M|88/100 brn
|turn|11
|c|☆badatgames2911|gg
|
|t:|1758998576
|move|p1a: Ting-Lu|Earthquake|p2a: Linkon Logs
|-damage|p2a: Linkon Logs|49/100 brn
|move|p2a: Linkon Logs|Drain Punch|p1a: Ting-Lu
|-supereffective|p1a: Ting-Lu
|-damage|p1a: Ting-Lu|0 fnt
|-heal|p2a: Linkon Logs|63/100 brn|[from] drain|[of] p1a: Ting-Lu
|faint|p1a: Ting-Lu
|
|win|badatgames2911
|raw|onizukaaa67's rating: 1254 &rarr; <strong>1227</strong><br />(-27 for losing)
|raw|badatgames2911's rating: 1223 &rarr; <strong>1250</strong><br />(+27 for winning)
|l|☆onizukaaa67
|player|p1|
