|j|☆magical leaves
|j|☆waitingmygame
|t:|1758992736
|gametype|singles
|player|p1|magical leaves|aromalady|1302
|player|p2|waitingmygame|265|1354
|gen|9
|tier|[Gen 9] OU
|rated|
|rule|HP Percentage Mod: HP is shown in percentages
|rule|Endless Battle Clause: Forcing endless battles is banned
|rule|Species Clause: Limit one of each Pokémon
|rule|OHKO Clause: OHKO moves are banned
|rule|Evasion Items Clause: Evasion items are banned
|rule|Evasion Moves Clause: Evasion moves are banned
|rule|Evasion Abilities Clause: Evasion abilities are banned
|rule|Sleep Moves Clause: Sleep-inducing moves are banned
|clearpoke
|poke|p1|Indeedee, M|
|poke|p1|Minior|
|poke|p1|Hawlucha, F|
|poke|p1|Hoopa-Unbound|
|poke|p1|Clefable, M|
|poke|p1|Araquanid, M|
|poke|p2|Ogerpon-Wellspring, F|
|poke|p2|Zamazenta-*|
|poke|p2|Weavile, M|
|poke|p2|Landorus-Therian, M|
|poke|p2|Dragonite, M|
|poke|p2|Dragapult, F|
|teampreview
|
|t:|1758992749
|teamsize|p1|6
|teamsize|p2|6
|start
|switch|p1a: life aquatic|Araquanid, M|100/100
|switch|p2a: Dragonite|Dragonite, M|100/100
|turn|1
|
|t:|1758992772
|move|p2a: Dragonite|Dragon Dance|p2a: Dragonite
|-boost|p2a: Dragonite|atk|1
|-boost|p2a: Dragonite|spe|1
|move|p1a: life aquatic|Sticky Web|p2a: Dragonite
|-sidestart|p2: waitingmygame|move: Sticky Web
|
|upkeep
|turn|2
|
|t:|1758992782
|switch|p1a: stro|Clefable, M|100/100
|move|p2a: Dragonite|Encore||[still]
|-fail|p2a: Dragonite
|
|upkeep
|turn|3
|
|t:|1758992790
|-terastallize|p2a: Dragonite|Ghost
|move|p2a: Dragonite|Dragon Dance|p2a: Dragonite
|-boost|p2a: Dragonite|atk|1
|-boost|p2a: Dragonite|spe|1
|move|p1a: stro|Moonblast|p2a: Dragonite
|-damage|p2a: Dragonite|85/100
|
|upkeep
|turn|4
|
|t:|1758992813
|move|p2a: Dragonite|Earthquake|p1a: stro
|-damage|p1a: stro|42/100
|move|p1a: stro|Thunder Wave|p2a: Dragonite
|-status|p2a: Dragonite|par
|
|-heal|p1a: stro|48/100|[from] item: Leftovers
|upkeep
|turn|5
|
|t:|1758992822
|switch|p1a: life aquatic|Araquanid, M|100/100
|move|p2a: Dragonite|Earthquake|p1a: life aquatic
|-resisted|p1a: life aquatic
|-damage|p1a: life aquatic|59/100
|
|upkeep
|turn|6
|
|t:|1758992830
|cant|p2a: Dragonite|par
|move|p1a: life aquatic|Crunch|p2a: Dragonite
|-supereffective|p2a: Dragonite
|-damage|p2a: Dragonite|38/100 par
|
|upkeep
|turn|7
|
|t:|1758992847
|move|p2a: Dragonite|Earthquake|p1a: life aquatic
|-resisted|p1a: life aquatic
|-damage|p1a: life aquatic|23/100
|move|p1a: life aquatic|Leech Life|p2a: Dragonite
|-resisted|p2a: Dragonite
|-damage|p2a: Dragonite|21/100 par
|-heal|p1a: life aquatic|31/100|[from] drain|[of] p2a: Dragonite
|
|upkeep
|turn|8
|
|t:|1758992863
|switch|p1a: drone|Minior, shiny|100/100
|-formechange|p1a: drone|Minior-Meteor||[from] ability: Shields Down
|move|p2a: Dragonite|Earthquake|p1a: drone
|-immune|p1a: drone
|
|upkeep
|turn|9
|
|t:|1758992907
|switch|p1a: life aquatic|Araquanid, M|31/100
|move|p2a: Dragonite|Ice Spinner|p1a: life aquatic
|-resisted|p1a: life aquatic
|-damage|p1a: life aquatic|0 fnt
|faint|p1a: life aquatic
|
|upkeep
|inactive|Battle timer is ON: inactive players will automatically lose when time's up. (requested by waitingmygame)
|
|t:|1758992918
|switch|p1a: jig|Indeedee, M|100/100
|-fieldstart|move: Psychic Terrain|[from] ability: Psychic Surge|[of] p1a: jig
|turn|10
|
|t:|1758992940
|cant|p2a: Dragonite|par
|move|p1a: jig|Expanding Force|p2a: Dragonite
|-damage|p2a: Dragonite|0 fnt
|faint|p2a: Dragonite
|
|upkeep
|
|t:|1758992943
|switch|p2a: Weavile|Weavile, M|100/100
|-activate|p2a: Weavile|move: Sticky Web
|-unboost|p2a: Weavile|spe|1
|-ability|p2a: Weavile|Pressure
|turn|11
|
|t:|1758992959
|-terastallize|p1a: jig|Fairy
|move|p1a: jig|Draining Kiss|p2a: Weavile
|-supereffective|p2a: Weavile
|-damage|p2a: Weavile|25/100
|move|p2a: Weavile|Knock Off|p1a: jig
|-resisted|p1a: jig
|-damage|p1a: jig|50/100
|-enditem|p1a: jig|Terrain Extender|[from] move: Knock Off|[of] p2a: Weavile
|-damage|p2a: Weavile|15/100|[from] item: Life Orb
|
|upkeep
|turn|12
|
|t:|1758992969
|move|p2a: Weavile|Ice Shard|p1a: jig
|-activate|p1a: jig|move: Psychic Terrain
|move|p1a: jig|Draining Kiss|p2a: Weavile
|-supereffective|p2a: Weavile
|-damage|p2a: Weavile|0 fnt
|-heal|p1a: jig|59/100|[from] drain|[of] p2a: Weavile
|faint|p2a: Weavile
|
|upkeep
|
|t:|1758992974
|switch|p2a: Dragapult|Dragapult, F|100/100
|-activate|p2a: Dragapult|move: Sticky Web
|-fail|p2a: Dragapult|unboost|[from] ability: Clear Body|[of] p2a: Dragapult
|turn|13
|
|t:|1758992984
|move|p2a: Dragapult|U-turn|p1a: jig
|-resisted|p1a: jig
|-damage|p1a: jig|30/100
|
|t:|1758992994
|switch|p2a: Ogerpon|Ogerpon-Wellspring, F|100/100|[from] U-turn
|-activate|p2a: Ogerpon|move: Sticky Web
|-unboost|p2a: Ogerpon|spe|1
|move|p1a: jig|Draining Kiss|p2a: Ogerpon
|-damage|p2a: Ogerpon|70/100
|-heal|p1a: jig|51/100|[from] drain|[of] p2a: Ogerpon
|
|upkeep
|turn|14
|
|t:|1758993004
|switch|p1a: norman powell|Hawlucha, F|100/100
|-enditem|p1a: norman powell|Psychic Seed
|-boost|p1a: norman powell|spd|1|[from] item: Psychic Seed
|move|p2a: Ogerpon|Ivy Cudgel|p1a: norman powell|[anim] Ivy Cudgel Water
|-damage|p1a: norman powell|5/100
|
|upkeep
|turn|15
|inactive|waitingmygame has 120 seconds left.
|inactive|waitingmygame has 90 seconds left.
|
|t:|1758993072
|move|p1a: norman powell|Acrobatics|p2a: Ogerpon
|-supereffective|p2a: Ogerpon
|-damage|p2a: Ogerpon|0 fnt
|faint|p2a: Ogerpon
|
|upkeep
|
|t:|1758993075
|switch|p2a: Dragapult|Dragapult, F|100/100
|-activate|p2a: Dragapult|move: Sticky Web
|-fail|p2a: Dragapult|unboost|[from] ability: Clear Body|[of] p2a: Dragapult
|turn|16
|
|t:|1758993084
|move|p1a: norman powell|Acrobatics|p2a: Dragapult
|-damage|p2a: Dragapult|24/100
|move|p2a: Dragapult|U-turn|p1a: norman powell
|-resisted|p1a: norman powell
|-damage|p1a: norman powell|0 fnt
|faint|p1a: norman powell
|inactive|waitingmygame has 90 seconds left.
|
|t:|1758993095
|switch|p2a: Landorus|Landorus-Therian, M|100/100|[from] U-turn
|
|upkeep
|
|t:|1758993106
|switch|p1a: anomaly|Hoopa-Unbound|100/100
|turn|17
|inactive|waitingmygame has 90 seconds left.
|inactive|waitingmygame has 60 seconds left.
|inactive|waitingmygame has 30 seconds left.
|inactive|waitingmygame has 20 seconds left.
|inactive|waitingmygame has 15 seconds left.
|inactive|waitingmygame has 10 seconds left.
|inactive|waitingmygame has 5 seconds left.
|-message|waitingmygame lost due to inactivity.
|
|win|magical leaves
|raw|magical leaves's rating: 1302 &rarr; <strong>1325</strong><br />(+23 for winning)
|raw|waitingmygame's rating: 1356 &rarr; <strong>1333</strong><br />(-23 for losing)
|l|☆waitingmygame
|player|p2|
|l|☆magical leaves
|player|p1|
|j|☆magical leaves
|player|p1|magical leaves|aromalady|
|l|☆magical leaves
|player|p1|
