|j|☆youngkawhi
|j|☆aa78
|t:|1759019723
|gametype|singles
|player|p1|youngkawhi|2|1455
|player|p2|aa78|acetrainercouple|1421
|gen|9
|tier|[Gen 9] OU
|rated|
|rule|HP Percentage Mod: HP is shown in percentages
|rule|Endless Battle Clause: Forcing endless battles is banned
|rule|Species Clause: Limit one of each Pokémon
|rule|OHKO Clause: OHKO moves are banned
|rule|Evasion Items Clause: Evasion items are banned
|rule|Evasion Moves Clause: Evasion moves are banned
|rule|Evasion Abilities Clause: Evasion abilities are banned
|rule|Sleep Moves Clause: Sleep-inducing moves are banned
|clearpoke
|poke|p1|Araquanid, F|
|poke|p1|Hoopa-Unbound|
|poke|p1|Landorus-Therian, M|
|poke|p1|Zamazenta-*|
|poke|p1|Iron Moth|
|poke|p1|Alomomola, M|
|poke|p2|Vikavolt, M|
|poke|p2|Tornadus-Therian, M|
|poke|p2|Raging Bolt|
|poke|p2|Cinderace, M|
|poke|p2|Slowking-Galar, M|
|poke|p2|Zamazenta-*|
|teampreview
|inactive|Battle timer is ON: inactive players will automatically lose when time's up. (requested by youngkawhi)
|
|t:|1759019746
|teamsize|p1|6
|teamsize|p2|6
|start
|switch|p1a: Araquanid|Araquanid, F|100/100
|switch|p2a: Vikavolt|Vikavolt, M|100/100
|turn|1
|
|t:|1759019752
|move|p1a: Araquanid|Surf|p2a: Vikavolt
|-damage|p2a: Vikavolt|29/100
|move|p2a: Vikavolt|Volt Switch|p1a: Araquanid
|-supereffective|p1a: Araquanid
|-damage|p1a: Araquanid|33/100
|
|t:|1759019771
|switch|p2a: Raging Bolt|Raging Bolt|100/100|[from] Volt Switch
|-enditem|p2a: Raging Bolt|Booster Energy
|-activate|p2a: Raging Bolt|ability: Protosynthesis|[fromitem]
|-start|p2a: Raging Bolt|protosynthesisspa
|
|upkeep
|turn|2
|
|t:|1759019780
|move|p1a: Araquanid|Endure|p1a: Araquanid
|-singleturn|p1a: Araquanid|move: Endure
|move|p2a: Raging Bolt|Thunderbolt|p1a: Araquanid
|-supereffective|p1a: Araquanid
|-activate|p1a: Araquanid|move: Endure
|-damage|p1a: Araquanid|1/100
|
|upkeep
|turn|3
|-enditem|p1a: Araquanid|Custap Berry|[eat]
|-activate|p1a: Araquanid|item: Custap Berry|[consumed]
|
|t:|1759019783
|move|p2a: Raging Bolt|Thunderclap|p1a: Araquanid
|-supereffective|p1a: Araquanid
|-damage|p1a: Araquanid|0 fnt
|faint|p1a: Araquanid
|
|upkeep
|
|t:|1759019802
|switch|p1a: Landorus|Landorus-Therian, M|100/100
|-ability|p1a: Landorus|Intimidate|boost
|-unboost|p2a: Raging Bolt|atk|1
|turn|4
|
|t:|1759019807
|-end|p2a: Raging Bolt|Protosynthesis|[silent]
|switch|p2a: Vikavolt|Vikavolt, M|29/100
|move|p1a: Landorus|Earth Power|p2a: Vikavolt
|-immune|p2a: Vikavolt|[from] ability: Levitate
|
|upkeep
|turn|5
|
|t:|1759019812
|move|p1a: Landorus|Stealth Rock|p2a: Vikavolt
|-sidestart|p2: aa78|move: Stealth Rock
|move|p2a: Vikavolt|Sticky Web|p1a: Landorus
|-sidestart|p1: youngkawhi|move: Sticky Web
|
|upkeep
|turn|6
|
|t:|1759019825
|move|p1a: Landorus|U-turn|p2a: Vikavolt
|-damage|p2a: Vikavolt|12/100
|
|t:|1759019828
|switch|p1a: Alomomola|Alomomola, M|100/100|[from] U-turn
|-activate|p1a: Alomomola|move: Sticky Web
|-unboost|p1a: Alomomola|spe|1
|move|p2a: Vikavolt|Energy Ball|p1a: Alomomola
|-supereffective|p1a: Alomomola
|-damage|p1a: Alomomola|65/100
|
|upkeep
|turn|7
|
|t:|1759019831
|move|p2a: Vikavolt|Volt Switch|p1a: Alomomola
|-supereffective|p1a: Alomomola
|-damage|p1a: Alomomola|23/100
|
|t:|1759019835
|switch|p2a: Slowking|Slowking-Galar, M|100/100|[from] Volt Switch
|move|p1a: Alomomola|Flip Turn|p2a: Slowking
|-damage|p2a: Slowking|83/100
|
|t:|1759019840
|switch|p1a: Hoopa|Hoopa-Unbound|100/100|[from] Flip Turn
|-activate|p1a: Hoopa|move: Sticky Web
|-unboost|p1a: Hoopa|spe|1
|
|upkeep
|turn|8
|
|t:|1759019848
|switch|p2a: Vikavolt|Vikavolt, M|12/100
|move|p1a: Hoopa|Hyperspace Fury|p2a: Vikavolt
|-damage|p2a: Vikavolt|0 fnt
|-unboost|p1a: Hoopa|def|1
|faint|p2a: Vikavolt
|-damage|p1a: Hoopa|91/100|[from] item: Life Orb
|
|upkeep
|
|t:|1759019857
|switch|p2a: Zamazenta|Zamazenta|100/100
|-damage|p2a: Zamazenta|94/100|[from] Stealth Rock
|-ability|p2a: Zamazenta|Dauntless Shield|boost
|-boost|p2a: Zamazenta|def|1
|turn|9
|
|t:|1759019860
|switch|p1a: Landorus|Landorus-Therian, M|100/100
|-ability|p1a: Landorus|Intimidate|boost
|-unboost|p2a: Zamazenta|atk|1
|move|p2a: Zamazenta|Body Press|p1a: Landorus
|-resisted|p1a: Landorus
|-crit|p1a: Landorus
|-damage|p1a: Landorus|57/100
|-damage|p2a: Zamazenta|78/100|[from] item: Rocky Helmet|[of] p1a: Landorus
|
|-heal|p2a: Zamazenta|84/100|[from] item: Leftovers
|upkeep
|turn|10
|
|t:|1759019865
|switch|p2a: Tornadus|Tornadus-Therian, M|100/100
|-damage|p2a: Tornadus|76/100|[from] Stealth Rock
|move|p1a: Landorus|Earth Power|p2a: Tornadus
|-immune|p2a: Tornadus
|
|upkeep
|turn|11
|
|t:|1759019870
|switch|p1a: Alomomola|Alomomola, M|56/100
|-activate|p1a: Alomomola|move: Sticky Web
|-unboost|p1a: Alomomola|spe|1
|move|p2a: Tornadus|Nasty Plot|p2a: Tornadus
|-boost|p2a: Tornadus|spa|2
|
|upkeep
|turn|12
|
|t:|1759019882
|move|p2a: Tornadus|Bleakwind Storm|p1a: Alomomola|[miss]
|-miss|p2a: Tornadus|p1a: Alomomola
|move|p1a: Alomomola|Mirror Coat||[still]
|-fail|p1a: Alomomola
|
|upkeep
|turn|13
|
|t:|1759019886
|move|p2a: Tornadus|Nasty Plot|p2a: Tornadus
|-boost|p2a: Tornadus|spa|2
|move|p1a: Alomomola|Flip Turn|p2a: Tornadus
|-damage|p2a: Tornadus|53/100
|inactive|youngkawhi has 120 seconds left.
|
|t:|1759019937
|switch|p1a: Zamazenta|Zamazenta|100/100|[from] Flip Turn
|-activate|p1a: Zamazenta|move: Sticky Web
|-unboost|p1a: Zamazenta|spe|1
|-ability|p1a: Zamazenta|Dauntless Shield|boost
|-boost|p1a: Zamazenta|def|1
|
|upkeep
|turn|14
|
|t:|1759019948
|switch|p2a: Zamazenta|Zamazenta|84/100
|-damage|p2a: Zamazenta|78/100|[from] Stealth Rock
|-terastallize|p1a: Zamazenta|Steel
|move|p1a: Zamazenta|Roar|p2a: Zamazenta
|drag|p2a: Tornadus|Tornadus-Therian, M|86/100
|-damage|p2a: Tornadus|62/100|[from] Stealth Rock
|
|upkeep
|turn|15
|inactive|youngkawhi has 120 seconds left.
|
|t:|1759019957
|move|p2a: Tornadus|Nasty Plot|p2a: Tornadus
|-boost|p2a: Tornadus|spa|2
|move|p1a: Zamazenta|Iron Defense|p1a: Zamazenta
|-boost|p1a: Zamazenta|def|2
|
|upkeep
|turn|16
|
|t:|1759019960
|move|p2a: Tornadus|Focus Blast|p1a: Zamazenta
|-supereffective|p1a: Zamazenta
|-damage|p1a: Zamazenta|0 fnt
|faint|p1a: Zamazenta
|-damage|p2a: Tornadus|52/100|[from] item: Life Orb
|
|upkeep
|
|t:|1759019967
|switch|p1a: Alomomola|Alomomola, M|90/100
|-activate|p1a: Alomomola|move: Sticky Web
|-unboost|p1a: Alomomola|spe|1
|turn|17
|
|t:|1759019971
|move|p2a: Tornadus|Nasty Plot|p2a: Tornadus
|-boost|p2a: Tornadus|spa|2
|move|p1a: Alomomola|Flip Turn|p2a: Tornadus
|-damage|p2a: Tornadus|28/100
|
|t:|1759019976
|switch|p1a: Iron Moth|Iron Moth|100/100|[from] Flip Turn
|-activate|p1a: Iron Moth|move: Sticky Web
|-unboost|p1a: Iron Moth|spe|1
|-enditem|p1a: Iron Moth|Booster Energy
|-activate|p1a: Iron Moth|ability: Quark Drive|[fromitem]
|-start|p1a: Iron Moth|quarkdrivespa
|
|upkeep
|turn|18
|
|t:|1759019981
|-terastallize|p2a: Tornadus|Dark
|move|p2a: Tornadus|Dark Pulse|p1a: Iron Moth
|-damage|p1a: Iron Moth|0 fnt
|faint|p1a: Iron Moth
|-end|p1a: Iron Moth|Quark Drive|[silent]
|-damage|p2a: Tornadus|18/100|[from] item: Life Orb
|
|upkeep
|-message|youngkawhi forfeited.
|
|win|aa78
|raw|youngkawhi's rating: 1455 &rarr; <strong>1433</strong><br />(-22 for losing)
|raw|aa78's rating: 1421 &rarr; <strong>1443</strong><br />(+22 for winning)
|l|☆youngkawhi
|player|p1|
|l|☆aa78
|player|p2|
