|j|☆Rizzofreko
|j|☆sumofsquares
|t:|1758926914
|gametype|singles
|player|p1|Rizzofreko|norman|1550
|player|p2|sumofsquares|wallace|1609
|gen|9
|tier|[Gen 9] OU
|rated|
|rule|HP Percentage Mod: HP is shown in percentages
|rule|Endless Battle Clause: Forcing endless battles is banned
|rule|Species Clause: Limit one of each Pokémon
|rule|OHKO Clause: OHKO moves are banned
|rule|Evasion Items Clause: Evasion items are banned
|rule|Evasion Moves Clause: Evasion moves are banned
|rule|Evasion Abilities Clause: Evasion abilities are banned
|rule|Sleep Moves Clause: Sleep-inducing moves are banned
|clearpoke
|poke|p1|Araquanid, F|
|poke|p1|Dragonite, M|
|poke|p1|Great Tusk|
|poke|p1|Gholdengo|
|poke|p1|Raging Bolt|
|poke|p1|Moltres|
|poke|p2|Ogerpon, F|
|poke|p2|Excadrill, M|
|poke|p2|Sandy Shocks|
|poke|p2|Sinistcha-Masterpiece|
|poke|p2|Keldeo-Resolute|
|poke|p2|Slither Wing|
|teampreview
|
|t:|1758926948
|teamsize|p1|6
|teamsize|p2|6
|start
|switch|p1a: Raging Bolt|Raging Bolt|100/100
|switch|p2a: Ogerpon|Ogerpon, F|100/100
|-enditem|p1a: Raging Bolt|Booster Energy
|-activate|p1a: Raging Bolt|ability: Protosynthesis|[fromitem]
|-start|p1a: Raging Bolt|protosynthesisspa
|turn|1
|
|t:|1758926955
|move|p2a: Ogerpon|U-turn|p1a: Raging Bolt
|-damage|p1a: Raging Bolt|71/100
|
|t:|1758926958
|switch|p2a: Excadrill|Excadrill, M|100/100|[from] U-turn
|-ability|p2a: Excadrill|Mold Breaker
|-item|p2a: Excadrill|Air Balloon
|move|p1a: Raging Bolt|Draco Meteor|p2a: Excadrill|[miss]
|-miss|p1a: Raging Bolt|p2a: Excadrill
|
|upkeep
|turn|2
|inactive|Battle timer is ON: inactive players will automatically lose when time's up. (requested by Rizzofreko)
|
|t:|1758926974
|-end|p1a: Raging Bolt|Protosynthesis|[silent]
|switch|p1a: Araquanid|Araquanid, F, shiny|100/100
|move|p2a: Excadrill|Stealth Rock|p1a: Araquanid
|-sidestart|p1: Rizzofreko|move: Stealth Rock
|
|upkeep
|turn|3
|
|t:|1758926978
|switch|p2a: Ogerpon|Ogerpon, F|100/100
|move|p1a: Araquanid|Sticky Web|p2a: Ogerpon
|-sidestart|p2: sumofsquares|move: Sticky Web
|
|upkeep
|turn|4
|
|t:|1758926991
|switch|p1a: Moltres|Moltres, shiny|100/100
|-terastallize|p2a: Ogerpon|Grass
|detailschange|p2a: Ogerpon|Ogerpon-Teal-Tera, F, tera:Grass
|-ability|p2a: Ogerpon|Embody Aspect (Teal)|boost
|-boost|p2a: Ogerpon|spe|1
|move|p2a: Ogerpon|Ivy Cudgel|p1a: Moltres
|-resisted|p1a: Moltres
|-damage|p1a: Moltres|77/100
|
|upkeep
|turn|5
|
|t:|1758927001
|switch|p2a: ASHA Tea House|Sinistcha-Masterpiece|100/100
|move|p1a: Moltres|Will-O-Wisp|p2a: ASHA Tea House
|-status|p2a: ASHA Tea House|brn
|
|-damage|p2a: ASHA Tea House|98/100 brn|[from] brn
|upkeep
|turn|6
|
|t:|1758927005
|move|p1a: Moltres|Flamethrower|p2a: ASHA Tea House
|-supereffective|p2a: ASHA Tea House
|-damage|p2a: ASHA Tea House|48/100 brn
|move|p2a: ASHA Tea House|Calm Mind|p2a: ASHA Tea House
|-boost|p2a: ASHA Tea House|spa|1
|-boost|p2a: ASHA Tea House|spd|1
|
|-damage|p2a: ASHA Tea House|45/100 brn|[from] brn
|upkeep
|turn|7
|
|t:|1758927010
|move|p1a: Moltres|Flamethrower|p2a: ASHA Tea House
|-supereffective|p2a: ASHA Tea House
|-damage|p2a: ASHA Tea House|14/100 brn
|move|p2a: ASHA Tea House|Strength Sap|p1a: Moltres
|-unboost|p1a: Moltres|atk|1
|-heal|p2a: ASHA Tea House|67/100 brn
|
|-damage|p2a: ASHA Tea House|65/100 brn|[from] brn
|upkeep
|turn|8
|
|t:|1758927021
|move|p1a: Moltres|Flamethrower|p2a: ASHA Tea House
|-supereffective|p2a: ASHA Tea House
|-damage|p2a: ASHA Tea House|31/100 brn
|move|p2a: ASHA Tea House|Shadow Ball|p1a: Moltres
|-damage|p1a: Moltres|25/100
|
|-damage|p2a: ASHA Tea House|28/100 brn|[from] brn
|upkeep
|turn|9
|
|t:|1758927035
|move|p1a: Moltres|Flamethrower|p2a: ASHA Tea House
|-supereffective|p2a: ASHA Tea House
|-damage|p2a: ASHA Tea House|0 fnt
|faint|p2a: ASHA Tea House
|
|upkeep
|
|t:|1758927040
|switch|p2a: Excadrill|Excadrill, M|100/100
|-ability|p2a: Excadrill|Mold Breaker
|-item|p2a: Excadrill|Air Balloon
|turn|10
|
|t:|1758927045
|switch|p1a: Great Tusk|Great Tusk, shiny|100/100
|-damage|p1a: Great Tusk|97/100|[from] Stealth Rock
|-enditem|p1a: Great Tusk|Booster Energy
|-activate|p1a: Great Tusk|ability: Protosynthesis|[fromitem]
|-start|p1a: Great Tusk|protosynthesisatk
|move|p2a: Excadrill|Rapid Spin|p1a: Great Tusk
|-damage|p1a: Great Tusk|85/100
|-boost|p2a: Excadrill|spe|1
|-sideend|p2: sumofsquares|Sticky Web|[from] move: Rapid Spin|[of] p2a: Excadrill
|
|upkeep
|turn|11
|
|t:|1758927051
|switch|p2a: Slither Wing|Slither Wing|100/100
|move|p1a: Great Tusk|Rapid Spin|p2a: Slither Wing
|-damage|p2a: Slither Wing|68/100
|-boost|p1a: Great Tusk|spe|1
|-sideend|p1: Rizzofreko|Stealth Rock|[from] move: Rapid Spin|[of] p1a: Great Tusk
|
|upkeep
|turn|12
|
|t:|1758927056
|move|p1a: Great Tusk|Ice Spinner|p2a: Slither Wing
|-damage|p2a: Slither Wing|18/100
|move|p2a: Slither Wing|Will-O-Wisp|p1a: Great Tusk
|-status|p1a: Great Tusk|brn
|
|-damage|p1a: Great Tusk|79/100 brn|[from] brn
|upkeep
|turn|13
|
|t:|1758927079
|move|p1a: Great Tusk|Headlong Rush|p2a: Slither Wing
|-resisted|p2a: Slither Wing
|-damage|p2a: Slither Wing|0 fnt
|-unboost|p1a: Great Tusk|def|1
|-unboost|p1a: Great Tusk|spd|1
|faint|p2a: Slither Wing
|-end|p2a: Slither Wing|Protosynthesis|[silent]
|
|-damage|p1a: Great Tusk|73/100 brn|[from] brn
|upkeep
|
|t:|1758927083
|switch|p2a: Ogerpon|Ogerpon-Teal-Tera, F, tera:Grass|100/100
|-ability|p2a: Ogerpon|Embody Aspect (Teal)|boost
|-boost|p2a: Ogerpon|spe|1
|turn|14
|
|t:|1758927103
|-end|p1a: Great Tusk|Protosynthesis|[silent]
|switch|p1a: Gholdengo|Gholdengo|100/100
|-item|p1a: Gholdengo|Air Balloon
|move|p2a: Ogerpon|Ivy Cudgel|p1a: Gholdengo
|-resisted|p1a: Gholdengo
|-damage|p1a: Gholdengo|52/100
|-enditem|p1a: Gholdengo|Air Balloon
|
|upkeep
|turn|15
|
|t:|1758927115
|switch|p2a: Sandy Shocks|Sandy Shocks|100/100
|-enditem|p2a: Sandy Shocks|Booster Energy
|-activate|p2a: Sandy Shocks|ability: Protosynthesis|[fromitem]
|-start|p2a: Sandy Shocks|protosynthesisspe
|move|p1a: Gholdengo|Make It Rain|p2a: Sandy Shocks
|-resisted|p2a: Sandy Shocks
|-damage|p2a: Sandy Shocks|62/100
|-unboost|p1a: Gholdengo|spa|1
|
|upkeep
|turn|16
|
|t:|1758927125
|move|p2a: Sandy Shocks|Gravity|p2a: Sandy Shocks
|-fieldstart|move: Gravity
|move|p1a: Gholdengo|Shadow Ball|p2a: Sandy Shocks
|-damage|p2a: Sandy Shocks|29/100
|
|upkeep
|turn|17
|
|t:|1758927141
|move|p2a: Sandy Shocks|Earth Power|p1a: Gholdengo
|-supereffective|p1a: Gholdengo
|-crit|p1a: Gholdengo
|-damage|p1a: Gholdengo|0 fnt
|faint|p1a: Gholdengo
|
|upkeep
|
|t:|1758927147
|switch|p1a: Araquanid|Araquanid, F, shiny|100/100
|turn|18
|
|t:|1758927153
|move|p2a: Sandy Shocks|Zap Cannon|p1a: Araquanid
|-supereffective|p1a: Araquanid
|-damage|p1a: Araquanid|7/100
|-status|p1a: Araquanid|par
|move|p1a: Araquanid|Surf|p2a: Sandy Shocks
|-supereffective|p2a: Sandy Shocks
|-crit|p2a: Sandy Shocks
|-damage|p2a: Sandy Shocks|0 fnt
|faint|p2a: Sandy Shocks
|-end|p2a: Sandy Shocks|Protosynthesis|[silent]
|
|upkeep
|
|t:|1758927161
|switch|p2a: Excadrill|Excadrill, M|100/100
|-ability|p2a: Excadrill|Mold Breaker
|turn|19
|-enditem|p1a: Araquanid|Custap Berry|[eat]
|-activate|p1a: Araquanid|item: Custap Berry|[consumed]
|
|t:|1758927169
|cant|p1a: Araquanid|par
|move|p2a: Excadrill|Rapid Spin|p1a: Araquanid
|-damage|p1a: Araquanid|0 fnt
|-boost|p2a: Excadrill|spe|1
|faint|p1a: Araquanid
|
|upkeep
|
|t:|1758927184
|switch|p1a: Great Tusk|Great Tusk, shiny|73/100 brn
|turn|20
|
|t:|1758927194
|move|p2a: Excadrill|Earthquake|p1a: Great Tusk
|-damage|p1a: Great Tusk|40/100 brn
|move|p1a: Great Tusk|Headlong Rush|p2a: Excadrill
|-supereffective|p2a: Excadrill
|-damage|p2a: Excadrill|0 fnt
|-unboost|p1a: Great Tusk|def|1
|-unboost|p1a: Great Tusk|spd|1
|-enditem|p2a: Excadrill|Air Balloon
|faint|p2a: Excadrill
|
|-damage|p1a: Great Tusk|33/100 brn|[from] brn
|-fieldend|move: Gravity
|upkeep
|inactive|sumofsquares has 120 seconds left.
|
|t:|1758927240
|switch|p2a: Keldeo|Keldeo-Resolute|100/100
|turn|21
|
|t:|1758927244
|move|p2a: Keldeo|Substitute|p2a: Keldeo
|-start|p2a: Keldeo|Substitute
|-damage|p2a: Keldeo|76/100
|move|p1a: Great Tusk|Headlong Rush|p2a: Keldeo
|-end|p2a: Keldeo|Substitute
|-unboost|p1a: Great Tusk|def|1
|-unboost|p1a: Great Tusk|spd|1
|
|-heal|p2a: Keldeo|82/100|[from] item: Leftovers
|-damage|p1a: Great Tusk|27/100 brn|[from] brn
|upkeep
|turn|22
|
|t:|1758927249
|move|p2a: Keldeo|Surf|p1a: Great Tusk
|-supereffective|p1a: Great Tusk
|-damage|p1a: Great Tusk|0 fnt
|faint|p1a: Great Tusk
|-end|p1a: Great Tusk|Protosynthesis|[silent]
|
|-heal|p2a: Keldeo|88/100|[from] item: Leftovers
|upkeep
|
|t:|1758927254
|switch|p1a: Raging Bolt|Raging Bolt|71/100
|turn|23
|
|t:|1758927260
|move|p2a: Keldeo|Substitute|p2a: Keldeo
|-start|p2a: Keldeo|Substitute
|-damage|p2a: Keldeo|63/100
|move|p1a: Raging Bolt|Discharge|p2a: Keldeo
|-supereffective|p2a: Keldeo
|-end|p2a: Keldeo|Substitute
|
|-heal|p2a: Keldeo|70/100|[from] item: Leftovers
|upkeep
|turn|24
|
|t:|1758927273
|switch|p2a: Ogerpon|Ogerpon-Teal-Tera, F, tera:Grass|100/100
|-ability|p2a: Ogerpon|Embody Aspect (Teal)|boost
|-boost|p2a: Ogerpon|spe|1
|move|p1a: Raging Bolt|Discharge|p2a: Ogerpon
|-resisted|p2a: Ogerpon
|-damage|p2a: Ogerpon|71/100
|
|upkeep
|turn|25
|
|t:|1758927280
|-end|p1a: Raging Bolt|Protosynthesis|[silent]
|switch|p1a: Moltres|Moltres, shiny|25/100
|move|p2a: Ogerpon|Play Rough|p1a: Moltres
|-resisted|p1a: Moltres
|-damage|p1a: Moltres|3/100
|
|upkeep
|turn|26
|
|t:|1758927287
|move|p2a: Ogerpon|Play Rough|p1a: Moltres
|-resisted|p1a: Moltres
|-damage|p1a: Moltres|0 fnt
|faint|p1a: Moltres
|
|upkeep
|
|t:|1758927309
|switch|p1a: Dragonite|Dragonite, M, shiny|100/100
|turn|27
|
|t:|1758927320
|move|p2a: Ogerpon|Play Rough|p1a: Dragonite|[miss]
|-miss|p2a: Ogerpon|p1a: Dragonite
|move|p1a: Dragonite|Ice Spinner|p2a: Ogerpon
|-supereffective|p2a: Ogerpon
|-damage|p2a: Ogerpon|0 fnt
|faint|p2a: Ogerpon
|detailschange|p2: Ogerpon|Ogerpon, F|[silent]
|
|upkeep
|
|t:|1758927323
|switch|p2a: Keldeo|Keldeo-Resolute|70/100
|turn|28
|
|t:|1758927328
|move|p2a: Keldeo|Secret Sword|p1a: Dragonite
|-resisted|p1a: Dragonite
|-damage|p1a: Dragonite|89/100
|move|p1a: Dragonite|Earthquake|p2a: Keldeo
|-damage|p2a: Keldeo|30/100
|
|-heal|p2a: Keldeo|36/100|[from] item: Leftovers
|-heal|p1a: Dragonite|95/100|[from] item: Leftovers
|upkeep
|turn|29
|
|t:|1758927335
|move|p1a: Dragonite|Extreme Speed|p2a: Keldeo
|-damage|p2a: Keldeo|0 fnt
|faint|p2a: Keldeo
|
|win|Rizzofreko
|raw|Rizzofreko's rating: 1550 &rarr; <strong>1573</strong><br />(+23 for winning)
|raw|sumofsquares's rating: 1609 &rarr; <strong>1586</strong><br />(-23 for losing)
|l|☆sumofsquares
|player|p2|
