|j|☆ayayaphone
|j|☆takeyouout
|t:|1759075853
|gametype|singles
|player|p1|ayayaphone|2|1547
|player|p2|takeyouout|richboy|1559
|gen|9
|tier|[Gen 9] OU
|rated|
|rule|HP Percentage Mod: HP is shown in percentages
|rule|Endless Battle Clause: Forcing endless battles is banned
|rule|Species Clause: Limit one of each Pokémon
|rule|OHKO Clause: OHKO moves are banned
|rule|Evasion Items Clause: Evasion items are banned
|rule|Evasion Moves Clause: Evasion moves are banned
|rule|Evasion Abilities Clause: Evasion abilities are banned
|rule|Sleep Moves Clause: Sleep-inducing moves are banned
|clearpoke
|poke|p1|Raging Bolt|
|poke|p1|Pincurchin, M|
|poke|p1|Hawlucha, F|
|poke|p1|Iron Treads|
|poke|p1|Meloetta|
|poke|p1|Rotom-Wash|
|poke|p2|Alomomola, F|
|poke|p2|Garganacl, M|
|poke|p2|Tornadus-Therian, M|
|poke|p2|Deoxys-Speed|
|poke|p2|Iron Treads|
|poke|p2|Meowscarada, F|
|teampreview
|inactive|Battle timer is ON: inactive players will automatically lose when time's up. (requested by ayayaphone)
|
|t:|1759075865
|teamsize|p1|6
|teamsize|p2|6
|start
|switch|p1a: Rotom|Rotom-Wash|100/100
|switch|p2a: 77|Meowscarada, F|100/100
|turn|1
|
|t:|1759075876
|-terastallize|p1a: Rotom|Electric
|move|p2a: 77|Flower Trick|p1a: Rotom
|-start|p2a: 77|typechange|Grass|[from] ability: Protean
|-crit|p1a: Rotom
|-damage|p1a: Rotom|19/100
|move|p1a: Rotom|Will-O-Wisp|p2a: 77
|-status|p2a: 77|brn
|
|-damage|p2a: 77|94/100 brn|[from] brn
|upkeep
|turn|2
|
|t:|1759075891
|switch|p2a: Starscream|Iron Treads, shiny|100/100
|switch|p1a: Raging Bolt|Raging Bolt|100/100
|
|upkeep
|turn|3
|
|t:|1759075898
|-end|p1a: Raging Bolt|Protosynthesis|[silent]
|switch|p1a: Pincurchin|Pincurchin, M|100/100
|-fieldstart|move: Electric Terrain|[from] ability: Electric Surge|[of] p1a: Pincurchin
|-activate|p2a: Starscream|ability: Quark Drive
|-start|p2a: Starscream|quarkdrivedef
|move|p2a: Starscream|Stealth Rock|p1a: Pincurchin
|-sidestart|p1: ayayaphone|move: Stealth Rock
|
|upkeep
|turn|4
|
|t:|1759075902
|switch|p1a: Hawlucha|Hawlucha, F|100/100
|-damage|p1a: Hawlucha|88/100|[from] Stealth Rock
|-enditem|p1a: Hawlucha|Electric Seed
|-boost|p1a: Hawlucha|def|1|[from] item: Electric Seed
|move|p2a: Starscream|Earthquake|p1a: Hawlucha
|-immune|p1a: Hawlucha
|
|upkeep
|turn|5
|
|t:|1759075907
|move|p1a: Hawlucha|Swords Dance|p1a: Hawlucha
|-boost|p1a: Hawlucha|atk|2
|move|p2a: Starscream|Volt Switch|p1a: Hawlucha
|-supereffective|p1a: Hawlucha
|-damage|p1a: Hawlucha|41/100
|
|t:|1759075923
|-end|p2a: Starscream|Quark Drive|[silent]
|switch|p2a: Barnaby|Alomomola, F, shiny|100/100|[from] Volt Switch
|
|upkeep
|turn|6
|
|t:|1759075927
|move|p1a: Hawlucha|Taunt|p2a: Barnaby
|-start|p2a: Barnaby|move: Taunt
|move|p2a: Barnaby|Flip Turn|p1a: Hawlucha
|-damage|p1a: Hawlucha|27/100
|
|t:|1759075938
|switch|p2a: 88|Tornadus-Therian, M|100/100|[from] Flip Turn
|
|upkeep
|turn|7
|
|t:|1759075942
|switch|p2a: Barnaby|Alomomola, F, shiny|100/100
|move|p1a: Hawlucha|Acrobatics|p2a: Barnaby
|-damage|p2a: Barnaby|44/100
|-damage|p1a: Hawlucha|10/100|[from] item: Rocky Helmet|[of] p2a: Barnaby
|
|upkeep
|turn|8
|
|t:|1759075944
|move|p1a: Hawlucha|Acrobatics|p2a: Barnaby
|-damage|p2a: Barnaby|0 fnt
|-damage|p1a: Hawlucha|0 fnt|[from] item: Rocky Helmet|[of] p2a: Barnaby
|faint|p2a: Barnaby
|faint|p1a: Hawlucha
|
|upkeep
|
|t:|1759075955
|switch|p1a: Iron Treads|Iron Treads|100/100
|switch|p2a: 99|Deoxys-Speed|100/100
|-ability|p2a: 99|Pressure
|-damage|p1a: Iron Treads|98/100|[from] Stealth Rock
|-activate|p1a: Iron Treads|ability: Quark Drive
|-start|p1a: Iron Treads|quarkdriveatk
|turn|9
|
|t:|1759075962
|move|p2a: 99|Focus Blast|p1a: Iron Treads|[miss]
|-miss|p2a: 99|p1a: Iron Treads
|move|p1a: Iron Treads|Rapid Spin|p2a: 99
|-damage|p2a: 99|68/100
|-boost|p1a: Iron Treads|spe|1
|-sideend|p1: ayayaphone|Stealth Rock|[from] move: Rapid Spin|[of] p1a: Iron Treads
|
|-heal|p1a: Iron Treads|100/100|[from] item: Leftovers
|upkeep
|turn|10
|
|t:|1759075967
|switch|p2a: 88|Tornadus-Therian, M|100/100
|move|p1a: Iron Treads|Steel Roller|p2a: 88
|-damage|p2a: 88|0 fnt
|-fieldend|move: Electric Terrain
|-end|p1a: Iron Treads|Quark Drive
|faint|p2a: 88
|
|upkeep
|
|t:|1759075978
|switch|p2a: RockIce|Garganacl, M|100/100
|turn|11
|
|t:|1759075984
|-terastallize|p2a: RockIce|Grass
|move|p1a: Iron Treads|Earthquake|p2a: RockIce
|-resisted|p2a: RockIce
|-damage|p2a: RockIce|86/100
|move|p2a: RockIce|Salt Cure|p1a: Iron Treads
|-resisted|p1a: Iron Treads
|-damage|p1a: Iron Treads|98/100
|-start|p1a: Iron Treads|Salt Cure
|
|-heal|p1a: Iron Treads|100/100|[from] item: Leftovers
|-heal|p2a: RockIce|92/100|[from] item: Leftovers
|-damage|p1a: Iron Treads|76/100|[from] Salt Cure
|upkeep
|turn|12
|
|t:|1759075990
|move|p1a: Iron Treads|Volt Switch|p2a: RockIce
|-resisted|p2a: RockIce
|-damage|p2a: RockIce|88/100
|
|t:|1759076013
|-end|p1a: Iron Treads|Quark Drive|[silent]
|switch|p1a: Pincurchin|Pincurchin, M|100/100|[from] Volt Switch
|-fieldstart|move: Electric Terrain|[from] ability: Electric Surge|[of] p1a: Pincurchin
|move|p2a: RockIce|Salt Cure|p1a: Pincurchin
|-damage|p1a: Pincurchin|87/100
|-start|p1a: Pincurchin|Salt Cure
|
|-heal|p2a: RockIce|94/100|[from] item: Leftovers
|-damage|p1a: Pincurchin|75/100|[from] Salt Cure
|upkeep
|turn|13
|inactive|takeyouout has 120 seconds left.
|
|t:|1759076047
|move|p2a: RockIce|Curse|p2a: RockIce
|-unboost|p2a: RockIce|spe|1
|-boost|p2a: RockIce|atk|1
|-boost|p2a: RockIce|def|1
|move|p1a: Pincurchin|Spikes|p2a: RockIce
|-sidestart|p2: takeyouout|Spikes
|
|-heal|p2a: RockIce|100/100|[from] item: Leftovers
|-damage|p1a: Pincurchin|63/100|[from] Salt Cure
|upkeep
|turn|14
|
|t:|1759076063
|move|p1a: Pincurchin|Spikes|p2a: RockIce
|-sidestart|p2: takeyouout|Spikes
|move|p2a: RockIce|Salt Cure|p1a: Pincurchin
|-damage|p1a: Pincurchin|46/100
|
|-damage|p1a: Pincurchin|33/100|[from] Salt Cure
|upkeep
|turn|15
|
|t:|1759076070
|move|p1a: Pincurchin|Pain Split|p2a: RockIce
|-sethp|p2a: RockIce|63/100|[from] move: Pain Split|[silent]
|-sethp|p1a: Pincurchin|84/100|[from] move: Pain Split
|move|p2a: RockIce|Curse|p2a: RockIce
|-unboost|p2a: RockIce|spe|1
|-boost|p2a: RockIce|atk|1
|-boost|p2a: RockIce|def|1
|
|-heal|p2a: RockIce|69/100|[from] item: Leftovers
|-damage|p1a: Pincurchin|72/100|[from] Salt Cure
|upkeep
|turn|16
|
|t:|1759076078
|move|p1a: Pincurchin|Spikes|p2a: RockIce
|-sidestart|p2: takeyouout|Spikes
|move|p2a: RockIce|Curse|p2a: RockIce
|-unboost|p2a: RockIce|spe|1
|-boost|p2a: RockIce|atk|1
|-boost|p2a: RockIce|def|1
|
|-heal|p2a: RockIce|75/100|[from] item: Leftovers
|-damage|p1a: Pincurchin|59/100|[from] Salt Cure
|upkeep
|turn|17
|
|t:|1759076094
|move|p1a: Pincurchin|Pain Split|p2a: RockIce
|-sethp|p2a: RockIce|60/100|[from] move: Pain Split|[silent]
|-sethp|p1a: Pincurchin|80/100|[from] move: Pain Split
|move|p2a: RockIce|Curse|p2a: RockIce
|-unboost|p2a: RockIce|spe|1
|-boost|p2a: RockIce|atk|1
|-boost|p2a: RockIce|def|1
|
|-heal|p2a: RockIce|66/100|[from] item: Leftovers
|-damage|p1a: Pincurchin|68/100|[from] Salt Cure
|upkeep
|turn|18
|
|t:|1759076097
|switch|p1a: Meloetta|Meloetta|100/100
|move|p2a: RockIce|Curse|p2a: RockIce
|-unboost|p2a: RockIce|spe|1
|-boost|p2a: RockIce|atk|1
|-boost|p2a: RockIce|def|1
|
|-heal|p2a: RockIce|72/100|[from] item: Leftovers
|upkeep
|turn|19
|
|t:|1759076102
|move|p1a: Meloetta|Psychic|p2a: RockIce
|-damage|p2a: RockIce|39/100
|-unboost|p2a: RockIce|spd|1
|move|p2a: RockIce|Salt Cure|p1a: Meloetta
|-damage|p1a: Meloetta|51/100
|-start|p1a: Meloetta|Salt Cure
|
|-heal|p2a: RockIce|45/100|[from] item: Leftovers
|-damage|p1a: Meloetta|39/100|[from] Salt Cure
|-fieldend|move: Electric Terrain
|upkeep
|turn|20
|
|t:|1759076106
|move|p2a: RockIce|Protect|p2a: RockIce
|-singleturn|p2a: RockIce|Protect
|move|p1a: Meloetta|Psychic|p2a: RockIce
|-activate|p2a: RockIce|move: Protect
|
|-heal|p2a: RockIce|51/100|[from] item: Leftovers
|-damage|p1a: Meloetta|26/100|[from] Salt Cure
|upkeep
|turn|21
|
|t:|1759076109
|move|p1a: Meloetta|Psychic|p2a: RockIce
|-damage|p2a: RockIce|0 fnt
|faint|p2a: RockIce
|
|-damage|p1a: Meloetta|14/100|[from] Salt Cure
|upkeep
|
|t:|1759076115
|switch|p2a: Starscream|Iron Treads, shiny|100/100
|-damage|p2a: Starscream|75/100|[from] Spikes
|turn|22
|
|t:|1759076119
|move|p2a: Starscream|Rapid Spin|p1a: Meloetta
|-damage|p1a: Meloetta|2/100
|-boost|p2a: Starscream|spe|1
|-sideend|p2: takeyouout|Spikes|[from] move: Rapid Spin|[of] p2a: Starscream
|move|p1a: Meloetta|Drain Punch|p2a: Starscream
|-supereffective|p2a: Starscream
|-damage|p2a: Starscream|57/100
|-heal|p1a: Meloetta|11/100|[from] drain|[of] p2a: Starscream
|
|-heal|p2a: Starscream|63/100|[from] item: Leftovers
|-damage|p1a: Meloetta|0 fnt|[from] Salt Cure
|faint|p1a: Meloetta
|upkeep
|
|t:|1759076127
|switch|p1a: Iron Treads|Iron Treads|76/100
|turn|23
|
|t:|1759076135
|-end|p2a: Starscream|Quark Drive|[silent]
|switch|p2a: 77|Meowscarada, F|94/100 brn
|move|p1a: Iron Treads|Earthquake|p2a: 77
|-resisted|p2a: 77
|-damage|p2a: 77|58/100 brn
|
|-heal|p1a: Iron Treads|82/100|[from] item: Leftovers
|-damage|p2a: 77|52/100 brn|[from] brn
|upkeep
|turn|24
|
|t:|1759076143
|-end|p1a: Iron Treads|Quark Drive|[silent]
|switch|p1a: Pincurchin|Pincurchin, M|68/100
|-fieldstart|move: Electric Terrain|[from] ability: Electric Surge|[of] p1a: Pincurchin
|move|p2a: 77|Flower Trick|p1a: Pincurchin
|-start|p2a: 77|typechange|Grass|[from] ability: Protean
|-crit|p1a: Pincurchin
|-damage|p1a: Pincurchin|38/100
|
|-damage|p2a: 77|46/100 brn|[from] brn
|upkeep
|turn|25
|
|t:|1759076149
|move|p2a: 77|Flower Trick|p1a: Pincurchin
|-crit|p1a: Pincurchin
|-damage|p1a: Pincurchin|7/100
|move|p1a: Pincurchin|Surf|p2a: 77
|-resisted|p2a: 77
|-damage|p2a: 77|31/100 brn
|
|-damage|p2a: 77|25/100 brn|[from] brn
|upkeep
|turn|26
|
|t:|1759076156
|move|p2a: 77|Flower Trick|p1a: Pincurchin
|-crit|p1a: Pincurchin
|-damage|p1a: Pincurchin|0 fnt
|faint|p1a: Pincurchin
|
|-damage|p2a: 77|19/100 brn|[from] brn
|upkeep
|
|t:|1759076158
|switch|p1a: Raging Bolt|Raging Bolt|100/100
|turn|27
|
|t:|1759076164
|move|p2a: 77|Flower Trick|p1a: Raging Bolt
|-resisted|p1a: Raging Bolt
|-crit|p1a: Raging Bolt
|-damage|p1a: Raging Bolt|83/100
|move|p1a: Raging Bolt|Draco Meteor|p2a: 77
|-damage|p2a: 77|0 fnt
|-unboost|p1a: Raging Bolt|spa|2
|faint|p2a: 77
|
|upkeep
|
|t:|1759076168
|switch|p2a: Starscream|Iron Treads, shiny|63/100
|-activate|p2a: Starscream|ability: Quark Drive
|-start|p2a: Starscream|quarkdrivedef
|turn|28
|
|t:|1759076177
|-end|p1a: Raging Bolt|Protosynthesis|[silent]
|switch|p1a: Rotom|Rotom-Wash, tera:Electric|19/100
|move|p2a: Starscream|Stealth Rock|p1a: Rotom
|-sidestart|p1: ayayaphone|move: Stealth Rock
|
|-heal|p2a: Starscream|69/100|[from] item: Leftovers
|upkeep
|turn|29
|
|t:|1759076184
|move|p2a: Starscream|Volt Switch|p1a: Rotom
|-resisted|p1a: Rotom
|-damage|p1a: Rotom|14/100
|
|t:|1759076186
|-end|p2a: Starscream|Quark Drive|[silent]
|switch|p2a: 99|Deoxys-Speed|68/100|[from] Volt Switch
|-ability|p2a: 99|Pressure
|move|p1a: Rotom|Will-O-Wisp|p2a: 99
|-status|p2a: 99|brn
|
|-damage|p2a: 99|62/100 brn|[from] brn
|upkeep
|turn|30
|
|t:|1759076189
|move|p2a: 99|Dark Pulse|p1a: Rotom
|-damage|p1a: Rotom|0 fnt
|faint|p1a: Rotom
|-damage|p2a: 99|52/100 brn|[from] item: Life Orb
|
|-damage|p2a: 99|46/100 brn|[from] brn
|upkeep
|
|t:|1759076196
|switch|p1a: Raging Bolt|Raging Bolt|83/100
|-damage|p1a: Raging Bolt|71/100|[from] Stealth Rock
|turn|31
|
|t:|1759076200
|switch|p2a: Starscream|Iron Treads, shiny|69/100
|-activate|p2a: Starscream|ability: Quark Drive
|-start|p2a: Starscream|quarkdrivedef
|move|p1a: Raging Bolt|Rising Voltage|p2a: Starscream
|-immune|p2a: Starscream
|
|-heal|p2a: Starscream|75/100|[from] item: Leftovers
|-fieldend|move: Electric Terrain
|-end|p2a: Starscream|Quark Drive
|upkeep
|turn|32
|
|t:|1759076204
|-end|p1a: Raging Bolt|Protosynthesis|[silent]
|switch|p1a: Iron Treads|Iron Treads|82/100
|-damage|p1a: Iron Treads|79/100|[from] Stealth Rock
|move|p2a: Starscream|Earthquake|p1a: Iron Treads
|-supereffective|p1a: Iron Treads
|-damage|p1a: Iron Treads|20/100
|
|-heal|p1a: Iron Treads|26/100|[from] item: Leftovers
|-heal|p2a: Starscream|82/100|[from] item: Leftovers
|upkeep
|turn|33
|
|t:|1759076208
|move|p1a: Iron Treads|Earthquake|p2a: Starscream
|-supereffective|p2a: Starscream
|-damage|p2a: Starscream|19/100
|move|p2a: Starscream|Earthquake|p1a: Iron Treads
|-supereffective|p1a: Iron Treads
|-damage|p1a: Iron Treads|0 fnt
|faint|p1a: Iron Treads
|-end|p1a: Iron Treads|Quark Drive|[silent]
|
|-heal|p2a: Starscream|25/100|[from] item: Leftovers
|upkeep
|
|t:|1759076211
|switch|p1a: Raging Bolt|Raging Bolt|71/100
|-damage|p1a: Raging Bolt|58/100|[from] Stealth Rock
|turn|34
|
|t:|1759076215
|-end|p2a: Starscream|Quark Drive|[silent]
|switch|p2a: 99|Deoxys-Speed|46/100 brn
|-ability|p2a: 99|Pressure
|move|p1a: Raging Bolt|Draco Meteor|p2a: 99
|-damage|p2a: 99|0 fnt
|-unboost|p1a: Raging Bolt|spa|2
|faint|p2a: 99
|
|upkeep
|
|t:|1759076216
|switch|p2a: Starscream|Iron Treads, shiny|25/100
|turn|35
|
|t:|1759076218
|move|p1a: Raging Bolt|Draco Meteor|p2a: Starscream|[miss]
|-miss|p1a: Raging Bolt|p2a: Starscream
|move|p2a: Starscream|Earthquake|p1a: Raging Bolt
|-supereffective|p1a: Raging Bolt
|-damage|p1a: Raging Bolt|0 fnt
|faint|p1a: Raging Bolt
|-end|p1a: Raging Bolt|Protosynthesis|[silent]
|
|win|takeyouout
|raw|ayayaphone's rating: 1547 &rarr; <strong>1528</strong><br />(-19 for losing)
|raw|takeyouout's rating: 1559 &rarr; <strong>1578</strong><br />(+19 for winning)
|l|☆takeyouout
|player|p2|
|l|☆ayayaphone
|player|p1|
