|j|☆Uzizuzi
|j|☆St. Saturn
|t:|1759034403
|gametype|singles
|player|p1|Uzizuzi|workerice|1287
|player|p2|St. Saturn|veteran|1380
|gen|9
|tier|[Gen 9] OU
|rated|
|rule|HP Percentage Mod: HP is shown in percentages
|rule|Endless Battle Clause: Forcing endless battles is banned
|rule|Species Clause: Limit one of each Pokémon
|rule|OHKO Clause: OHKO moves are banned
|rule|Evasion Items Clause: Evasion items are banned
|rule|Evasion Moves Clause: Evasion moves are banned
|rule|Evasion Abilities Clause: Evasion abilities are banned
|rule|Sleep Moves Clause: Sleep-inducing moves are banned
|clearpoke
|poke|p1|Dragapult, F|
|poke|p1|Great Tusk|
|poke|p1|Slowking-Galar, M|
|poke|p1|Zapdos|
|poke|p1|Kingambit, M|
|poke|p1|Espeon, M|
|poke|p2|Gliscor, M|
|poke|p2|Blissey, F|
|poke|p2|Dondozo, M|
|poke|p2|Weezing-Galar, M|
|poke|p2|Clodsire, M|
|poke|p2|Clefable, M|
|teampreview
|inactive|Battle timer is ON: inactive players will automatically lose when time's up. (requested by St. Saturn)
|
|t:|1759034409
|teamsize|p1|6
|teamsize|p2|6
|start
|switch|p1a: Espeon|Espeon, M|100/100
|switch|p2a: Gliscor|Gliscor, M|100/100
|turn|1
|
|t:|1759034424
|move|p2a: Gliscor|Protect|p2a: Gliscor
|-singleturn|p2a: Gliscor|Protect
|move|p1a: Espeon|Psychic Noise|p2a: Gliscor
|-activate|p2a: Gliscor|move: Protect
|
|-status|p2a: Gliscor|tox|[from] item: Toxic Orb
|upkeep
|turn|2
|
|t:|1759034447
|-terastallize|p1a: Espeon|Bug
|move|p1a: Espeon|Grass Knot|p2a: Gliscor
|-damage|p2a: Gliscor|80/100 tox
|move|p2a: Gliscor|Toxic|p1a: Espeon
|move|p1a: Espeon|Toxic|p2a: Gliscor|[from] ability: Magic Bounce
|-fail|p2a: Gliscor|tox
|
|-heal|p2a: Gliscor|93/100 tox|[from] ability: Poison Heal
|upkeep
|turn|3
|
|t:|1759034455
|move|p1a: Espeon|Grass Knot|p2a: Gliscor
|-damage|p2a: Gliscor|71/100 tox
|move|p2a: Gliscor|Spikes|p1a: Espeon
|move|p1a: Espeon|Spikes|p2a: Gliscor|[from] ability: Magic Bounce
|-sidestart|p2: St. Saturn|Spikes
|
|-heal|p2a: Gliscor|83/100 tox|[from] ability: Poison Heal
|upkeep
|turn|4
|
|t:|1759034462
|move|p1a: Espeon|Grass Knot|p2a: Gliscor
|-damage|p2a: Gliscor|63/100 tox
|move|p2a: Gliscor|Knock Off|p1a: Espeon
|-damage|p1a: Espeon|77/100
|-enditem|p1a: Espeon|Covert Cloak|[from] move: Knock Off|[of] p2a: Gliscor
|
|-heal|p2a: Gliscor|75/100 tox|[from] ability: Poison Heal
|upkeep
|turn|5
|
|t:|1759034468
|move|p2a: Gliscor|Protect|p2a: Gliscor
|-singleturn|p2a: Gliscor|Protect
|move|p1a: Espeon|Grass Knot|p2a: Gliscor
|-activate|p2a: Gliscor|move: Protect
|
|-heal|p2a: Gliscor|88/100 tox|[from] ability: Poison Heal
|upkeep
|turn|6
|
|t:|1759034473
|move|p1a: Espeon|Grass Knot|p2a: Gliscor
|-damage|p2a: Gliscor|66/100 tox
|move|p2a: Gliscor|Knock Off|p1a: Espeon
|-damage|p1a: Espeon|59/100
|
|-heal|p2a: Gliscor|79/100 tox|[from] ability: Poison Heal
|upkeep
|turn|7
|
|t:|1759034481
|move|p2a: Gliscor|Protect|p2a: Gliscor
|-singleturn|p2a: Gliscor|Protect
|move|p1a: Espeon|Grass Knot|p2a: Gliscor
|-activate|p2a: Gliscor|move: Protect
|
|-heal|p2a: Gliscor|91/100 tox|[from] ability: Poison Heal
|upkeep
|turn|8
|
|t:|1759034485
|move|p1a: Espeon|Psychic Noise|p2a: Gliscor
|-damage|p2a: Gliscor|49/100 tox
|-start|p2a: Gliscor|move: Heal Block
|move|p2a: Gliscor|Knock Off|p1a: Espeon
|-damage|p1a: Espeon|43/100
|
|upkeep
|turn|9
|
|t:|1759034491
|move|p2a: Gliscor|Protect|p2a: Gliscor
|-singleturn|p2a: Gliscor|Protect
|move|p1a: Espeon|Morning Sun|p1a: Espeon
|-heal|p1a: Espeon|93/100
|
|-end|p2a: Gliscor|move: Heal Block
|upkeep
|turn|10
|
|t:|1759034505
|switch|p2a: Clefable|Clefable, M|100/100
|move|p1a: Espeon|Psychic Noise|p2a: Clefable
|-damage|p2a: Clefable|71/100
|-start|p2a: Clefable|move: Heal Block
|
|upkeep
|turn|11
|l|☆Uzizuzi
|inactive|Uzizuzi disconnected and has a minute to reconnect!
|player|p1|
|j|☆Uzizuzi
|inactive|Uzizuzi reconnected and has 120 seconds left.
|player|p1|Uzizuzi|workerice|
|
|t:|1759034539
|switch|p1a: Slowking|Slowking-Galar, M|100/100
|move|p2a: Clefable|Moonblast|p1a: Slowking
|-resisted|p1a: Slowking
|-damage|p1a: Slowking|91/100
|
|-end|p2a: Clefable|move: Heal Block
|upkeep
|turn|12
|inactive|Uzizuzi has 120 seconds left.
|inactive|St. Saturn has 120 seconds left.
|inactive|St. Saturn has 90 seconds left.
|inactive|St. Saturn has 60 seconds left.
|
|t:|1759034630
|switch|p2a: Clodsire|Clodsire, M|100/100
|move|p1a: Slowking|Sludge Bomb|p2a: Clodsire
|-resisted|p2a: Clodsire
|-damage|p2a: Clodsire|96/100
|
|upkeep
|turn|13
|
|t:|1759034636
|switch|p1a: Espeon|Espeon, M, tera:Bug|93/100
|move|p2a: Clodsire|Stealth Rock|p1a: Espeon
|move|p1a: Espeon|Stealth Rock|p2a: Clodsire|[from] ability: Magic Bounce
|-sidestart|p2: St. Saturn|move: Stealth Rock
|
|upkeep
|turn|14
|inactive|Uzizuzi has 120 seconds left.
|
|t:|1759034647
|-terastallize|p2a: Clodsire|Dark
|move|p1a: Espeon|Grass Knot|p2a: Clodsire
|-damage|p2a: Clodsire|78/100
|move|p2a: Clodsire|Poison Jab|p1a: Espeon
|-damage|p1a: Espeon|69/100
|-status|p1a: Espeon|psn
|
|-damage|p1a: Espeon|57/100 psn|[from] psn
|upkeep
|turn|15
|
|t:|1759034654
|move|p1a: Espeon|Psychic Noise|p2a: Clodsire
|-immune|p2a: Clodsire
|move|p2a: Clodsire|Recover|p2a: Clodsire
|-heal|p2a: Clodsire|100/100
|
|-damage|p1a: Espeon|45/100 psn|[from] psn
|upkeep
|turn|16
|
|t:|1759034659
|move|p1a: Espeon|Draining Kiss|p2a: Clodsire
|-supereffective|p2a: Clodsire
|-damage|p2a: Clodsire|85/100
|-heal|p1a: Espeon|64/100 psn|[from] drain|[of] p2a: Clodsire
|move|p2a: Clodsire|Recover|p2a: Clodsire
|-heal|p2a: Clodsire|100/100
|
|-damage|p1a: Espeon|52/100 psn|[from] psn
|upkeep
|turn|17
|inactive|St. Saturn has 90 seconds left.
|
|t:|1759034666
|move|p1a: Espeon|Draining Kiss|p2a: Clodsire
|-supereffective|p2a: Clodsire
|-damage|p2a: Clodsire|85/100
|-heal|p1a: Espeon|70/100 psn|[from] drain|[of] p2a: Clodsire
|move|p2a: Clodsire|Earthquake|p1a: Espeon
|-resisted|p1a: Espeon
|-damage|p1a: Espeon|53/100 psn
|
|-damage|p1a: Espeon|41/100 psn|[from] psn
|upkeep
|turn|18
|
|t:|1759034672
|move|p1a: Espeon|Draining Kiss|p2a: Clodsire
|-supereffective|p2a: Clodsire
|-damage|p2a: Clodsire|71/100
|-heal|p1a: Espeon|58/100 psn|[from] drain|[of] p2a: Clodsire
|move|p2a: Clodsire|Recover|p2a: Clodsire
|-heal|p2a: Clodsire|100/100
|
|-damage|p1a: Espeon|46/100 psn|[from] psn
|upkeep
|turn|19
|
|t:|1759034680
|move|p1a: Espeon|Draining Kiss|p2a: Clodsire
|-supereffective|p2a: Clodsire
|-damage|p2a: Clodsire|85/100
|-heal|p1a: Espeon|65/100 psn|[from] drain|[of] p2a: Clodsire
|move|p2a: Clodsire|Poison Jab|p1a: Espeon
|-damage|p1a: Espeon|40/100 psn
|
|-damage|p1a: Espeon|27/100 psn|[from] psn
|upkeep
|turn|20
|
|t:|1759034688
|move|p1a: Espeon|Morning Sun|p1a: Espeon
|-heal|p1a: Espeon|77/100 psn
|move|p2a: Clodsire|Earthquake|p1a: Espeon
|-resisted|p1a: Espeon
|-damage|p1a: Espeon|63/100 psn
|
|-damage|p1a: Espeon|50/100 psn|[from] psn
|upkeep
|turn|21
|
|t:|1759034695
|move|p1a: Espeon|Draining Kiss|p2a: Clodsire
|-supereffective|p2a: Clodsire
|-damage|p2a: Clodsire|69/100
|-heal|p1a: Espeon|69/100 psn|[from] drain|[of] p2a: Clodsire
|move|p2a: Clodsire|Poison Jab|p1a: Espeon
|-damage|p1a: Espeon|43/100 psn
|
|-damage|p1a: Espeon|30/100 psn|[from] psn
|upkeep
|turn|22
|inactive|St. Saturn has 120 seconds left.
|
|t:|1759034702
|move|p1a: Espeon|Draining Kiss|p2a: Clodsire
|-supereffective|p2a: Clodsire
|-damage|p2a: Clodsire|54/100
|-heal|p1a: Espeon|49/100 psn|[from] drain|[of] p2a: Clodsire
|move|p2a: Clodsire|Recover|p2a: Clodsire
|-heal|p2a: Clodsire|100/100
|
|-damage|p1a: Espeon|36/100 psn|[from] psn
|upkeep
|turn|23
|
|t:|1759034707
|move|p1a: Espeon|Morning Sun|p1a: Espeon
|-heal|p1a: Espeon|86/100 psn
|move|p2a: Clodsire|Poison Jab|p1a: Espeon
|-damage|p1a: Espeon|59/100 psn
|
|-damage|p1a: Espeon|47/100 psn|[from] psn
|upkeep
|turn|24
|
|t:|1759034714
|move|p1a: Espeon|Draining Kiss|p2a: Clodsire
|-supereffective|p2a: Clodsire
|-damage|p2a: Clodsire|85/100
|-heal|p1a: Espeon|65/100 psn|[from] drain|[of] p2a: Clodsire
|move|p2a: Clodsire|Poison Jab|p1a: Espeon
|-damage|p1a: Espeon|42/100 psn
|
|-damage|p1a: Espeon|29/100 psn|[from] psn
|upkeep
|turn|25
|
|t:|1759034720
|move|p1a: Espeon|Morning Sun|p1a: Espeon
|-heal|p1a: Espeon|79/100 psn
|move|p2a: Clodsire|Poison Jab|p1a: Espeon
|-crit|p1a: Espeon
|-damage|p1a: Espeon|40/100 psn
|
|-damage|p1a: Espeon|27/100 psn|[from] psn
|upkeep
|turn|26
|inactive|St. Saturn has 120 seconds left.
|inactive|St. Saturn has 90 seconds left.
|inactive|St. Saturn has 60 seconds left.
|
|t:|1759034811
|move|p1a: Espeon|Morning Sun|p1a: Espeon
|-heal|p1a: Espeon|77/100 psn
|move|p2a: Clodsire|Poison Jab|p1a: Espeon
|-damage|p1a: Espeon|54/100 psn
|
|-damage|p1a: Espeon|41/100 psn|[from] psn
|upkeep
|turn|27
|
|t:|1759034817
|move|p1a: Espeon|Draining Kiss|p2a: Clodsire
|-supereffective|p2a: Clodsire
|-damage|p2a: Clodsire|71/100
|-heal|p1a: Espeon|58/100 psn|[from] drain|[of] p2a: Clodsire
|move|p2a: Clodsire|Poison Jab|p1a: Espeon
|-damage|p1a: Espeon|32/100 psn
|
|-damage|p1a: Espeon|19/100 psn|[from] psn
|upkeep
|turn|28
|
|t:|1759034824
|move|p1a: Espeon|Morning Sun|p1a: Espeon
|-heal|p1a: Espeon|69/100 psn
|move|p2a: Clodsire|Recover|p2a: Clodsire
|-heal|p2a: Clodsire|100/100
|
|-damage|p1a: Espeon|57/100 psn|[from] psn
|upkeep
|turn|29
|
|t:|1759034830
|switch|p1a: Kingambit|Kingambit, M|100/100
|-item|p1a: Kingambit|Air Balloon
|move|p2a: Clodsire|Poison Jab|p1a: Kingambit
|-immune|p1a: Kingambit
|
|upkeep
|turn|30
|inactive|St. Saturn has 90 seconds left.
|
|t:|1759034840
|-end|p1a: Kingambit|fallenundefined|[silent]
|switch|p1a: Espeon|Espeon, M, tera:Bug|57/100 psn
|switch|p2a: Dondozo|Dondozo, M|100/100
|
|-damage|p1a: Espeon|44/100 psn|[from] psn
|upkeep
|turn|31
|
|t:|1759034848
|switch|p2a: Clodsire|Clodsire, M, tera:Dark|100/100
|move|p1a: Espeon|Draining Kiss|p2a: Clodsire
|-supereffective|p2a: Clodsire
|-damage|p2a: Clodsire|85/100
|-heal|p1a: Espeon|63/100 psn|[from] drain|[of] p2a: Clodsire
|
|-damage|p1a: Espeon|50/100 psn|[from] psn
|upkeep
|turn|32
|
|t:|1759034852
|move|p1a: Espeon|Draining Kiss|p2a: Clodsire
|-supereffective|p2a: Clodsire
|-damage|p2a: Clodsire|71/100
|-heal|p1a: Espeon|68/100 psn|[from] drain|[of] p2a: Clodsire
|move|p2a: Clodsire|Earthquake|p1a: Espeon
|-resisted|p1a: Espeon
|-damage|p1a: Espeon|52/100 psn
|
|-damage|p1a: Espeon|40/100 psn|[from] psn
|upkeep
|turn|33
|
|t:|1759034859
|switch|p1a: Kingambit|Kingambit, M|100/100
|-item|p1a: Kingambit|Air Balloon
|move|p2a: Clodsire|Recover|p2a: Clodsire
|-heal|p2a: Clodsire|100/100
|
|upkeep
|turn|34
|
|t:|1759034867
|move|p1a: Kingambit|Iron Head|p2a: Clodsire
|-damage|p2a: Clodsire|48/100
|move|p2a: Clodsire|Earthquake|p1a: Kingambit
|-immune|p1a: Kingambit
|
|upkeep
|turn|35
|
|t:|1759034874
|switch|p2a: Dondozo|Dondozo, M|100/100
|move|p1a: Kingambit|Kowtow Cleave|p2a: Dondozo
|-damage|p2a: Dondozo|78/100
|
|upkeep
|turn|36
|
|t:|1759034879
|-end|p1a: Kingambit|fallenundefined|[silent]
|switch|p1a: Zapdos|Zapdos|100/100
|move|p2a: Dondozo|Body Press|p1a: Zapdos
|-resisted|p1a: Zapdos
|-damage|p1a: Zapdos|90/100
|
|upkeep
|turn|37
|
|t:|1759034885
|switch|p2a: Gliscor|Gliscor, M|49/100 tox
|-damage|p2a: Gliscor|36/100 tox|[from] Stealth Rock
|move|p1a: Zapdos|Hurricane|p2a: Gliscor|[miss]
|-miss|p1a: Zapdos|p2a: Gliscor
|
|-heal|p2a: Gliscor|49/100 tox|[from] ability: Poison Heal
|upkeep
|turn|38
|
|t:|1759034893
|switch|p1a: Espeon|Espeon, M, tera:Bug|40/100 psn
|move|p2a: Gliscor|Protect||[still]
|-fail|p2a: Gliscor
|
|-damage|p1a: Espeon|27/100 psn|[from] psn
|-heal|p2a: Gliscor|61/100 tox|[from] ability: Poison Heal
|upkeep
|turn|39
|
|t:|1759034902
|move|p1a: Espeon|Morning Sun|p1a: Espeon
|-heal|p1a: Espeon|77/100 psn
|move|p2a: Gliscor|Knock Off|p1a: Espeon
|-damage|p1a: Espeon|59/100 psn
|
|-damage|p1a: Espeon|47/100 psn|[from] psn
|-heal|p2a: Gliscor|74/100 tox|[from] ability: Poison Heal
|upkeep
|turn|40
|
|t:|1759034909
|move|p2a: Gliscor|Protect|p2a: Gliscor
|-singleturn|p2a: Gliscor|Protect
|move|p1a: Espeon|Morning Sun|p1a: Espeon
|-heal|p1a: Espeon|97/100 psn
|
|-damage|p1a: Espeon|84/100 psn|[from] psn
|-heal|p2a: Gliscor|86/100 tox|[from] ability: Poison Heal
|upkeep
|turn|41
|inactive|St. Saturn has 120 seconds left.
|inactive|St. Saturn has 90 seconds left.
|inactive|St. Saturn has 60 seconds left.
|
|t:|1759035004
|move|p1a: Espeon|Psychic Noise|p2a: Gliscor
|-damage|p2a: Gliscor|45/100 tox
|-start|p2a: Gliscor|move: Heal Block
|move|p2a: Gliscor|Knock Off|p1a: Espeon
|-damage|p1a: Espeon|68/100 psn
|
|-damage|p1a: Espeon|56/100 psn|[from] psn
|upkeep
|turn|42
|
|t:|1759035011
|move|p2a: Gliscor|Protect|p2a: Gliscor
|-singleturn|p2a: Gliscor|Protect
|move|p1a: Espeon|Psychic Noise|p2a: Gliscor
|-activate|p2a: Gliscor|move: Protect
|
|-damage|p1a: Espeon|43/100 psn|[from] psn
|-end|p2a: Gliscor|move: Heal Block
|upkeep
|turn|43
|
|t:|1759035015
|switch|p2a: Clodsire|Clodsire, M, tera:Dark|48/100
|move|p1a: Espeon|Draining Kiss|p2a: Clodsire
|-supereffective|p2a: Clodsire
|-damage|p2a: Clodsire|32/100
|-heal|p1a: Espeon|63/100 psn|[from] drain|[of] p2a: Clodsire
|
|-damage|p1a: Espeon|50/100 psn|[from] psn
|upkeep
|turn|44
|
|t:|1759035019
|switch|p1a: Kingambit|Kingambit, M|100/100
|-item|p1a: Kingambit|Air Balloon
|move|p2a: Clodsire|Recover|p2a: Clodsire
|-heal|p2a: Clodsire|82/100
|
|upkeep
|turn|45
|inactive|St. Saturn has 90 seconds left.
|
|t:|1759035024
|switch|p2a: Dondozo|Dondozo, M|78/100
|move|p1a: Kingambit|Kowtow Cleave|p2a: Dondozo
|-damage|p2a: Dondozo|57/100
|
|upkeep
|turn|46
|
|t:|1759035029
|-end|p1a: Kingambit|fallenundefined|[silent]
|switch|p1a: Zapdos|Zapdos|90/100
|move|p2a: Dondozo|Rest|p2a: Dondozo
|-status|p2a: Dondozo|slp|[from] move: Rest
|-heal|p2a: Dondozo|100/100 slp|[silent]
|
|upkeep
|turn|47
|
|t:|1759035033
|switch|p2a: Gliscor|Gliscor, M|45/100 tox
|-damage|p2a: Gliscor|32/100 tox|[from] Stealth Rock
|move|p1a: Zapdos|Hurricane|p2a: Gliscor
|-damage|p2a: Gliscor|0 fnt
|faint|p2a: Gliscor
|
|upkeep
|
|t:|1759035039
|switch|p2a: Blissey|Blissey, F|100/100
|turn|48
|
|t:|1759035043
|move|p1a: Zapdos|Volt Switch|p2a: Blissey
|-damage|p2a: Blissey|92/100
|
|t:|1759035046
|switch|p1a: Dragapult|Dragapult, F|100/100|[from] Volt Switch
|move|p2a: Blissey|Seismic Toss|p1a: Dragapult
|-immune|p1a: Dragapult
|
|upkeep
|turn|49
|
|t:|1759035053
|switch|p2a: Clefable|Clefable, M|71/100
|move|p1a: Dragapult|U-turn|p2a: Clefable
|-resisted|p2a: Clefable
|-damage|p2a: Clefable|57/100
|
|t:|1759035061
|switch|p1a: Slowking|Slowking-Galar, M|100/100|[from] U-turn
|
|-heal|p2a: Clefable|63/100|[from] item: Leftovers
|upkeep
|turn|50
|
|t:|1759035066
|switch|p2a: Blissey|Blissey, F|92/100
|move|p1a: Slowking|Future Sight|p2a: Blissey
|-start|p1a: Slowking|move: Future Sight
|
|upkeep
|turn|51
|
|t:|1759035070
|move|p2a: Blissey|Shadow Ball|p1a: Slowking
|-supereffective|p1a: Slowking
|-damage|p1a: Slowking|84/100
|-prepare|p1a: Slowking|Chilly Reception|[premajor]
|move|p1a: Slowking|Chilly Reception|p1a: Slowking
|-weather|Snowscape
|
|t:|1759035073
|switch|p1a: Great Tusk|Great Tusk|100/100|[from] Chilly Reception
|
|-weather|Snowscape|[upkeep]
|upkeep
|turn|52
|
|t:|1759035085
|switch|p2a: Dondozo|Dondozo, M|100/100 slp
|move|p1a: Great Tusk|Headlong Rush|p2a: Dondozo
|-damage|p2a: Dondozo|70/100 slp
|-unboost|p1a: Great Tusk|def|1
|-unboost|p1a: Great Tusk|spd|1
|
|-weather|Snowscape|[upkeep]
|-end|p2a: Dondozo|move: Future Sight
|-damage|p2a: Dondozo|29/100 slp
|upkeep
|turn|53
|
|t:|1759035099
|move|p1a: Great Tusk|Headlong Rush|p2a: Dondozo
|-damage|p2a: Dondozo|4/100 slp
|-unboost|p1a: Great Tusk|def|1
|-unboost|p1a: Great Tusk|spd|1
|cant|p2a: Dondozo|slp
|move|p2a: Dondozo|Sleep Talk|p2a: Dondozo
|move|p2a: Dondozo|Body Press|p1a: Great Tusk|[from] move: Sleep Talk
|-damage|p1a: Great Tusk|79/100
|
|-weather|Snowscape|[upkeep]
|-heal|p1a: Great Tusk|86/100|[from] item: Leftovers
|upkeep
|turn|54
|inactive|St. Saturn has 120 seconds left.
|inactive|St. Saturn has 90 seconds left.
|inactive|St. Saturn has 60 seconds left.
|inactive|St. Saturn has 30 seconds left.
|inactive|St. Saturn has 20 seconds left.
|inactive|St. Saturn has 15 seconds left.
|inactive|St. Saturn has 10 seconds left.
|inactive|St. Saturn has 5 seconds left.
|
|t:|1759035245
|move|p1a: Great Tusk|Headlong Rush|p2a: Dondozo
|-damage|p2a: Dondozo|0 fnt
|-unboost|p1a: Great Tusk|def|1
|-unboost|p1a: Great Tusk|spd|1
|faint|p2a: Dondozo
|
|-weather|Snowscape|[upkeep]
|-heal|p1a: Great Tusk|92/100|[from] item: Leftovers
|upkeep
|inactive|St. Saturn has 10 seconds left this turn.
|
|t:|1759035247
|switch|p2a: Clefable|Clefable, M|63/100
|turn|55
|inactive|St. Saturn has 20 seconds left this turn.
|
|t:|1759035259
|-end|p1a: Great Tusk|Protosynthesis|[silent]
|switch|p1a: Slowking|Slowking-Galar, M|100/100
|move|p2a: Clefable|Protect||[still]
|-fail|p2a: Clefable
|
|-weather|none
|-heal|p2a: Clefable|69/100|[from] item: Leftovers
|upkeep
|turn|56
|inactive|St. Saturn has 30 seconds left this turn.
|
|t:|1759035264
|switch|p2a: Blissey|Blissey, F|92/100
|move|p1a: Slowking|Future Sight|p2a: Blissey
|-start|p1a: Slowking|move: Future Sight
|
|upkeep
|turn|57
|
|t:|1759035268
|move|p2a: Blissey|Shadow Ball|p1a: Slowking
|-supereffective|p1a: Slowking
|-damage|p1a: Slowking|83/100
|-prepare|p1a: Slowking|Chilly Reception|[premajor]
|move|p1a: Slowking|Chilly Reception|p1a: Slowking
|-weather|Snowscape
|
|t:|1759035271
|switch|p1a: Great Tusk|Great Tusk|92/100|[from] Chilly Reception
|
|-weather|Snowscape|[upkeep]
|-heal|p1a: Great Tusk|98/100|[from] item: Leftovers
|upkeep
|turn|58
|
|t:|1759035273
|switch|p2a: Clefable|Clefable, M|69/100
|move|p1a: Great Tusk|Headlong Rush|p2a: Clefable
|-damage|p2a: Clefable|23/100
|-unboost|p1a: Great Tusk|def|1
|-unboost|p1a: Great Tusk|spd|1
|
|-weather|Snowscape|[upkeep]
|-end|p2a: Clefable|move: Future Sight
|-crit|p2a: Clefable
|-damage|p2a: Clefable|0 fnt
|faint|p2a: Clefable
|-heal|p1a: Great Tusk|100/100|[from] item: Leftovers
|upkeep
|
|t:|1759035279
|switch|p2a: Blissey|Blissey, F|92/100
|turn|59
|
|t:|1759035287
|-end|p1a: Great Tusk|Protosynthesis|[silent]
|switch|p1a: Dragapult|Dragapult, F|100/100
|switch|p2a: Clodsire|Clodsire, M, tera:Dark|82/100
|
|-weather|Snowscape|[upkeep]
|upkeep
|turn|60
|
|t:|1759035293
|move|p1a: Dragapult|U-turn|p2a: Clodsire
|-supereffective|p2a: Clodsire
|-damage|p2a: Clodsire|8/100
|
|t:|1759035297
|switch|p1a: Espeon|Espeon, M, tera:Bug|50/100 psn|[from] U-turn
|move|p2a: Clodsire|Recover|p2a: Clodsire
|-heal|p2a: Clodsire|58/100
|
|-weather|Snowscape|[upkeep]
|-damage|p1a: Espeon|38/100 psn|[from] psn
|upkeep
|turn|61
|
|t:|1759035305
|switch|p1a: Dragapult|Dragapult, F|100/100
|move|p2a: Clodsire|Poison Jab|p1a: Dragapult
|-resisted|p1a: Dragapult
|-damage|p1a: Dragapult|86/100
|-status|p1a: Dragapult|psn
|
|-weather|none
|-damage|p1a: Dragapult|73/100 psn|[from] psn
|upkeep
|turn|62
|inactive|St. Saturn has 90 seconds left.
|
|t:|1759035311
|switch|p2a: Weezing|Weezing-Galar, M|100/100
|-ability|p2a: Weezing|Neutralizing Gas
|move|p1a: Dragapult|U-turn|p2a: Weezing
|-resisted|p2a: Weezing
|-damage|p2a: Weezing|95/100
|
|t:|1759035318
|switch|p1a: Slowking|Slowking-Galar, M|100/100|[from] U-turn
|
|upkeep
|turn|63
|
|t:|1759035321
|move|p2a: Weezing|Will-O-Wisp|p1a: Slowking
|-status|p1a: Slowking|brn
|move|p1a: Slowking|Future Sight|p2a: Weezing
|-start|p1a: Slowking|move: Future Sight
|
|-damage|p1a: Slowking|94/100 brn|[from] brn
|upkeep
|turn|64
|
|t:|1759035327
|move|p2a: Weezing|Defog|p1a: Slowking
|-unboost|p1a: Slowking|evasion|1
|-sideend|p2: St. Saturn|Spikes|[from] move: Defog|[of] p2a: Weezing
|-sideend|p2: St. Saturn|Stealth Rock|[from] move: Defog|[of] p2a: Weezing
|-prepare|p1a: Slowking|Chilly Reception|[premajor]
|move|p1a: Slowking|Chilly Reception|p1a: Slowking
|-weather|Snowscape
|
|t:|1759035333
|switch|p1a: Great Tusk|Great Tusk|100/100|[from] Chilly Reception
|
|-weather|Snowscape|[upkeep]
|upkeep
|turn|65
|
|t:|1759035335
|move|p1a: Great Tusk|Headlong Rush|p2a: Weezing
|-supereffective|p2a: Weezing
|-damage|p2a: Weezing|13/100
|-unboost|p1a: Great Tusk|def|1
|-unboost|p1a: Great Tusk|spd|1
|move|p2a: Weezing|Pain Split|p1a: Great Tusk
|-sethp|p1a: Great Tusk|56/100|[from] move: Pain Split|[silent]
|-sethp|p2a: Weezing|62/100|[from] move: Pain Split
|
|-weather|Snowscape|[upkeep]
|-end|p2a: Weezing|move: Future Sight
|-supereffective|p2a: Weezing
|-damage|p2a: Weezing|0 fnt
|faint|p2a: Weezing
|-end|p2a: Weezing|ability: Neutralizing Gas
|-heal|p1a: Great Tusk|62/100|[from] item: Leftovers
|upkeep
|
|t:|1759035345
|switch|p2a: Clodsire|Clodsire, M, tera:Dark|58/100
|turn|66
|
|t:|1759035353
|-end|p1a: Great Tusk|Protosynthesis|[silent]
|switch|p1a: Espeon|Espeon, M, tera:Bug|38/100 psn
|move|p2a: Clodsire|Poison Jab|p1a: Espeon
|-damage|p1a: Espeon|14/100 psn
|
|-weather|Snowscape|[upkeep]
|-damage|p1a: Espeon|2/100 psn|[from] psn
|upkeep
|turn|67
|
|t:|1759035358
|move|p1a: Espeon|Draining Kiss|p2a: Clodsire
|-supereffective|p2a: Clodsire
|-damage|p2a: Clodsire|44/100
|-heal|p1a: Espeon|19/100 psn|[from] drain|[of] p2a: Clodsire
|move|p2a: Clodsire|Poison Jab|p1a: Espeon
|-damage|p1a: Espeon|0 fnt
|faint|p1a: Espeon
|
|-weather|Snowscape|[upkeep]
|upkeep
|
|t:|1759035366
|switch|p1a: Great Tusk|Great Tusk|62/100
|turn|68
|inactive|St. Saturn has 120 seconds left.
|inactive|St. Saturn has 90 seconds left.
|l|☆Uzizuzi
|inactive|Uzizuzi disconnected and has a minute to reconnect!
|player|p1|
|inactive|St. Saturn has 60 seconds left.
|inactive|St. Saturn has 30 seconds left.
|inactive|St. Saturn has 20 seconds left.
|inactive|St. Saturn has 15 seconds left.
|inactive|St. Saturn has 10 seconds left.
|inactive|St. Saturn has 5 seconds left.
|
|t:|1759035512
|move|p1a: Great Tusk|Headlong Rush|p2a: Clodsire
|-crit|p2a: Clodsire
|-damage|p2a: Clodsire|0 fnt
|-unboost|p1a: Great Tusk|def|1
|-unboost|p1a: Great Tusk|spd|1
|faint|p2a: Clodsire
|
|-weather|none
|-heal|p1a: Great Tusk|68/100|[from] item: Leftovers
|upkeep
|inactive|St. Saturn has 10 seconds left this turn.
|
|t:|1759035515
|switch|p2a: Blissey|Blissey, F|92/100
|turn|69
|inactive|St. Saturn has 20 seconds left this turn.
|inactive|St. Saturn has 15 seconds left.
|j|☆Uzizuzi
|inactive|Uzizuzi reconnected and has 135 seconds left.
|player|p1|Uzizuzi|workerice|
|inactive|St. Saturn has 10 seconds left.
|inactive|St. Saturn has 5 seconds left.
|
|t:|1759035541
|move|p1a: Great Tusk|Headlong Rush|p2a: Blissey
|-crit|p2a: Blissey
|-damage|p2a: Blissey|2/100
|-unboost|p1a: Great Tusk|def|1
|-unboost|p1a: Great Tusk|spd|1
|move|p2a: Blissey|Shadow Ball|p1a: Great Tusk
|-damage|p1a: Great Tusk|23/100
|
|-heal|p1a: Great Tusk|29/100|[from] item: Leftovers
|upkeep
|turn|70
|inactive|St. Saturn has 15 seconds left this turn.
|inactive|St. Saturn has 10 seconds left.
|inactive|St. Saturn has 5 seconds left.
|-message|St. Saturn lost due to inactivity.
|
|win|Uzizuzi
|raw|Uzizuzi's rating: 1287 &rarr; <strong>1319</strong><br />(+32 for winning)
|raw|St. Saturn's rating: 1380 &rarr; <strong>1355</strong><br />(-25 for losing)
|l|☆St. Saturn
|player|p2|
|l|☆Uzizuzi
|player|p1|
|j|☆Uzizuzi
|player|p1|Uzizuzi|workerice|
|l|☆Uzizuzi
|player|p1|
