|j|☆drkax5678
|j|☆panzershock
|t:|1758964130
|gametype|singles
|player|p1|drkax5678|chuck|1108
|player|p2|panzershock|102|1175
|gen|9
|tier|[Gen 9] OU
|rated|
|rule|HP Percentage Mod: HP is shown in percentages
|rule|Endless Battle Clause: Forcing endless battles is banned
|rule|Species Clause: Limit one of each Pokémon
|rule|OHKO Clause: OHKO moves are banned
|rule|Evasion Items Clause: Evasion items are banned
|rule|Evasion Moves Clause: Evasion moves are banned
|rule|Evasion Abilities Clause: Evasion abilities are banned
|rule|Sleep Moves Clause: Sleep-inducing moves are banned
|clearpoke
|poke|p1|Corviknight, F|
|poke|p1|Great Tusk|
|poke|p1|Kingambit, F|
|poke|p1|Slither Wing|
|poke|p1|Ogerpon-Cornerstone, F|
|poke|p1|Manaphy|
|poke|p2|Bellibolt, F|
|poke|p2|Bruxish, M|
|poke|p2|Grafaiai, F|
|poke|p2|Pelipper, F|
|poke|p2|Wo-Chien|
|poke|p2|Toxicroak, F|
|teampreview
|
|t:|1758964151
|teamsize|p1|6
|teamsize|p2|6
|start
|switch|p1a: Great Tusk|Great Tusk|100/100
|switch|p2a: Toxicroak|Toxicroak, F|100/100
|turn|1
|
|t:|1758964158
|move|p1a: Great Tusk|Stealth Rock|p2a: Toxicroak
|-sidestart|p2: panzershock|move: Stealth Rock
|move|p2a: Toxicroak|Sludge Bomb|p1a: Great Tusk
|-resisted|p1a: Great Tusk
|-damage|p1a: Great Tusk|69/100
|-damage|p2a: Toxicroak|90/100|[from] item: Life Orb
|
|upkeep
|turn|2
|
|t:|1758964168
|switch|p2a: Pelipper|Pelipper, F|100/100
|-damage|p2a: Pelipper|75/100|[from] Stealth Rock
|-weather|RainDance|[from] ability: Drizzle|[of] p2a: Pelipper
|move|p1a: Great Tusk|Rapid Spin|p2a: Pelipper
|-damage|p2a: Pelipper|59/100
|-boost|p1a: Great Tusk|spe|1
|
|-weather|RainDance|[upkeep]
|upkeep
|turn|3
|
|t:|1758964179
|move|p1a: Great Tusk|Ice Spinner|p2a: Pelipper
|-damage|p2a: Pelipper|35/100
|move|p2a: Pelipper|Surf|p1a: Great Tusk
|-supereffective|p1a: Great Tusk
|-damage|p1a: Great Tusk|0 fnt
|faint|p1a: Great Tusk
|-end|p1a: Great Tusk|Protosynthesis|[silent]
|
|-weather|RainDance|[upkeep]
|upkeep
|
|t:|1758964194
|switch|p1a: Corviknight|Corviknight, F|100/100
|-ability|p1a: Corviknight|Pressure
|turn|4
|
|t:|1758964199
|move|p1a: Corviknight|Body Press|p2a: Pelipper
|-resisted|p2a: Pelipper
|-damage|p2a: Pelipper|21/100
|move|p2a: Pelipper|Surf|p1a: Corviknight
|-damage|p1a: Corviknight|42/100
|
|-weather|RainDance|[upkeep]
|-heal|p1a: Corviknight|48/100|[from] item: Leftovers
|upkeep
|turn|5
|
|t:|1758964208
|move|p1a: Corviknight|Roost|p1a: Corviknight
|-heal|p1a: Corviknight|98/100
|-singleturn|p1a: Corviknight|move: Roost
|move|p2a: Pelipper|Surf|p1a: Corviknight
|-damage|p1a: Corviknight|40/100
|
|-weather|RainDance|[upkeep]
|-heal|p1a: Corviknight|46/100|[from] item: Leftovers
|upkeep
|turn|6
|
|t:|1758964219
|move|p1a: Corviknight|U-turn|p2a: Pelipper
|-resisted|p2a: Pelipper
|-damage|p2a: Pelipper|14/100
|
|t:|1758964222
|switch|p1a: Manaphy|Manaphy|100/100|[from] U-turn
|move|p2a: Pelipper|Surf|p1a: Manaphy
|-resisted|p1a: Manaphy
|-damage|p1a: Manaphy|73/100
|
|-weather|none
|-heal|p1a: Manaphy|79/100|[from] item: Leftovers
|upkeep
|turn|7
|
|t:|1758964231
|move|p1a: Manaphy|Tail Glow|p1a: Manaphy
|-boost|p1a: Manaphy|spa|3
|move|p2a: Pelipper|Hurricane|p1a: Manaphy
|-damage|p1a: Manaphy|34/100
|
|-heal|p1a: Manaphy|41/100|[from] item: Leftovers
|upkeep
|turn|8
|
|t:|1758964242
|move|p1a: Manaphy|Surf|p2a: Pelipper
|-resisted|p2a: Pelipper
|-damage|p2a: Pelipper|0 fnt
|faint|p2a: Pelipper
|
|-heal|p1a: Manaphy|47/100|[from] item: Leftovers
|upkeep
|
|t:|1758964249
|switch|p2a: Toxicroak|Toxicroak, F|90/100
|-damage|p2a: Toxicroak|84/100|[from] Stealth Rock
|turn|9
|
|t:|1758964255
|move|p1a: Manaphy|Dazzling Gleam|p2a: Toxicroak
|-damage|p2a: Toxicroak|8/100
|move|p2a: Toxicroak|Sludge Bomb|p1a: Manaphy
|-damage|p1a: Manaphy|5/100
|-damage|p2a: Toxicroak|0 fnt|[from] item: Life Orb
|faint|p2a: Toxicroak
|
|-heal|p1a: Manaphy|11/100|[from] item: Leftovers
|upkeep
|
|t:|1758964269
|switch|p2a: Bruxish|Bruxish, M|100/100
|-damage|p2a: Bruxish|88/100|[from] Stealth Rock
|turn|10
|
|t:|1758964277
|move|p2a: Bruxish|Aqua Jet|p1a: Manaphy
|-resisted|p1a: Manaphy
|-damage|p1a: Manaphy|0 fnt
|faint|p1a: Manaphy
|
|upkeep
|
|t:|1758964289
|switch|p1a: Ogerpon|Ogerpon-Cornerstone, F|100/100
|turn|11
|
|t:|1758964295
|switch|p2a: Wo-Chien|Wo-Chien|100/100
|-damage|p2a: Wo-Chien|88/100|[from] Stealth Rock
|-ability|p2a: Wo-Chien|Tablets of Ruin
|move|p1a: Ogerpon|Spiky Shield||[still]
|-fail|p1a: Ogerpon
|
|-heal|p2a: Wo-Chien|94/100|[from] item: Leftovers
|upkeep
|turn|12
|
|t:|1758964307
|move|p1a: Ogerpon|Swords Dance|p1a: Ogerpon
|-boost|p1a: Ogerpon|atk|2
|move|p2a: Wo-Chien|Ruination|p1a: Ogerpon|[miss]
|-miss|p2a: Wo-Chien|p1a: Ogerpon
|
|-heal|p2a: Wo-Chien|100/100|[from] item: Leftovers
|upkeep
|turn|13
|
|t:|1758964316
|move|p1a: Ogerpon|Ivy Cudgel|p2a: Wo-Chien|[anim] Ivy Cudgel Rock
|-damage|p2a: Wo-Chien|34/100
|move|p2a: Wo-Chien|Ruination|p1a: Ogerpon
|-damage|p1a: Ogerpon|51/100
|
|-heal|p2a: Wo-Chien|40/100|[from] item: Leftovers
|upkeep
|turn|14
|
|t:|1758964327
|-terastallize|p1a: Ogerpon|Rock
|detailschange|p1a: Ogerpon|Ogerpon-Cornerstone-Tera, F, tera:Rock
|-ability|p1a: Ogerpon|Embody Aspect (Cornerstone)|boost
|-boost|p1a: Ogerpon|def|1
|move|p1a: Ogerpon|Horn Leech|p2a: Wo-Chien
|-resisted|p2a: Wo-Chien
|-damage|p2a: Wo-Chien|15/100
|-heal|p1a: Ogerpon|66/100|[from] drain|[of] p2a: Wo-Chien
|move|p2a: Wo-Chien|Ruination|p1a: Ogerpon
|-damage|p1a: Ogerpon|33/100
|
|-heal|p2a: Wo-Chien|21/100|[from] item: Leftovers
|upkeep
|turn|15
|
|t:|1758964343
|move|p1a: Ogerpon|Horn Leech|p2a: Wo-Chien
|-resisted|p2a: Wo-Chien
|-damage|p2a: Wo-Chien|0 fnt
|-heal|p1a: Ogerpon|46/100|[from] drain|[of] p2a: Wo-Chien
|faint|p2a: Wo-Chien
|
|upkeep
|
|t:|1758964349
|switch|p2a: Bruxish|Bruxish, M|88/100
|-damage|p2a: Bruxish|76/100|[from] Stealth Rock
|turn|16
|
|t:|1758964355
|move|p1a: Ogerpon|Spiky Shield|p1a: Ogerpon
|-singleturn|p1a: Ogerpon|move: Protect
|move|p2a: Bruxish|Aqua Jet|p1a: Ogerpon
|-activate|p1a: Ogerpon|move: Protect
|-damage|p2a: Bruxish|64/100|[from] Spiky Shield|[of] p1a: Ogerpon
|
|upkeep
|turn|17
|
|t:|1758964364
|move|p2a: Bruxish|Aqua Jet|p1a: Ogerpon
|-supereffective|p1a: Ogerpon
|-damage|p1a: Ogerpon|0 fnt
|faint|p1a: Ogerpon
|detailschange|p1: Ogerpon|Ogerpon-Cornerstone, F|[silent]
|
|upkeep
|
|t:|1758964372
|switch|p1a: Slither Wing|Slither Wing|100/100
|turn|18
|
|t:|1758964379
|switch|p2a: Grafaiai|Grafaiai, F|100/100
|-damage|p2a: Grafaiai|88/100|[from] Stealth Rock
|move|p1a: Slither Wing|First Impression|p2a: Grafaiai
|-resisted|p2a: Grafaiai
|-crit|p2a: Grafaiai
|-damage|p2a: Grafaiai|28/100
|
|upkeep
|turn|19
|
|t:|1758964399
|-end|p1a: Slither Wing|Protosynthesis|[silent]
|switch|p1a: Corviknight|Corviknight, F|46/100
|-ability|p1a: Corviknight|Pressure
|move|p2a: Grafaiai|Super Fang|p1a: Corviknight
|-damage|p1a: Corviknight|23/100
|
|-heal|p1a: Corviknight|30/100|[from] item: Leftovers
|upkeep
|turn|20
|
|t:|1758964410
|move|p2a: Grafaiai|Parting Shot|p1a: Corviknight
|-unboost|p1a: Corviknight|atk|1
|-unboost|p1a: Corviknight|spa|1
|
|t:|1758964413
|switch|p2a: Bellibolt|Bellibolt, F|100/100|[from] Parting Shot
|-damage|p2a: Bellibolt|88/100|[from] Stealth Rock
|move|p1a: Corviknight|Roost|p1a: Corviknight
|-heal|p1a: Corviknight|80/100
|-singleturn|p1a: Corviknight|move: Roost
|
|-heal|p1a: Corviknight|86/100|[from] item: Leftovers
|upkeep
|turn|21
|
|t:|1758964425
|-terastallize|p2a: Bellibolt|Electric
|move|p1a: Corviknight|U-turn|p2a: Bellibolt
|-damage|p2a: Bellibolt|79/100
|-start|p2a: Bellibolt|Charge|U-turn|[from] ability: Electromorphosis
|
|t:|1758964431
|switch|p1a: Slither Wing|Slither Wing|100/100|[from] U-turn
|move|p2a: Bellibolt|Parabolic Charge|p1a: Slither Wing
|-damage|p1a: Slither Wing|7/100
|-heal|p2a: Bellibolt|100/100|[from] drain|[of] p1a: Slither Wing
|-end|p2a: Bellibolt|Charge|[silent]
|
|upkeep
|turn|22
|
|t:|1758964455
|switch|p2a: Grafaiai|Grafaiai, F|28/100
|-damage|p2a: Grafaiai|16/100|[from] Stealth Rock
|move|p1a: Slither Wing|Close Combat|p2a: Grafaiai
|-damage|p2a: Grafaiai|0 fnt
|-unboost|p1a: Slither Wing|def|1
|-unboost|p1a: Slither Wing|spd|1
|faint|p2a: Grafaiai
|
|upkeep
|
|t:|1758964467
|switch|p2a: Bruxish|Bruxish, M|64/100
|-damage|p2a: Bruxish|51/100|[from] Stealth Rock
|turn|23
|
|t:|1758964479
|-end|p1a: Slither Wing|Protosynthesis|[silent]
|switch|p1a: Corviknight|Corviknight, F|86/100
|-ability|p1a: Corviknight|Pressure
|move|p2a: Bruxish|Wave Crash|p1a: Corviknight
|-damage|p1a: Corviknight|31/100
|-damage|p2a: Bruxish|25/100|[from] Recoil
|
|-heal|p1a: Corviknight|37/100|[from] item: Leftovers
|upkeep
|turn|24
|
|t:|1758964492
|move|p2a: Bruxish|Wave Crash|p1a: Corviknight
|-damage|p1a: Corviknight|0 fnt
|faint|p1a: Corviknight
|-damage|p2a: Bruxish|8/100|[from] Recoil
|
|upkeep
|
|t:|1758964498
|switch|p1a: Slither Wing|Slither Wing|7/100
|turn|25
|
|t:|1758964501
|move|p1a: Slither Wing|First Impression||[still]
|cant|p2a: Bruxish|ability: Dazzling|First Impression|[of] p1a: Slither Wing
|move|p2a: Bruxish|Wave Crash|p1a: Slither Wing
|-damage|p1a: Slither Wing|0 fnt
|faint|p1a: Slither Wing
|-end|p1a: Slither Wing|Protosynthesis|[silent]
|-damage|p2a: Bruxish|5/100|[from] Recoil
|
|upkeep
|
|t:|1758964513
|switch|p1a: Kingambit|Kingambit, F|100/100
|-activate|p1a: Kingambit|ability: Supreme Overlord
|-start|p1a: Kingambit|fallen5|[silent]
|turn|26
|
|t:|1758964521
|move|p1a: Kingambit|Sucker Punch||[still]
|cant|p2a: Bruxish|ability: Dazzling|Sucker Punch|[of] p1a: Kingambit
|move|p2a: Bruxish|Wave Crash|p1a: Kingambit
|-damage|p1a: Kingambit|26/100
|-damage|p2a: Bruxish|0 fnt|[from] Recoil
|faint|p2a: Bruxish
|
|upkeep
|
|t:|1758964527
|switch|p2a: Bellibolt|Bellibolt, F, tera:Electric|100/100
|-damage|p2a: Bellibolt|88/100|[from] Stealth Rock
|turn|27
|
|t:|1758964534
|move|p1a: Kingambit|Sucker Punch|p2a: Bellibolt
|-damage|p2a: Bellibolt|18/100
|-start|p2a: Bellibolt|Charge|Sucker Punch|[from] ability: Electromorphosis
|-damage|p1a: Kingambit|16/100|[from] item: Life Orb
|move|p2a: Bellibolt|Parabolic Charge|p1a: Kingambit
|-damage|p1a: Kingambit|0 fnt
|-heal|p2a: Bellibolt|24/100|[from] drain|[of] p1a: Kingambit
|faint|p1a: Kingambit
|-end|p1a: Kingambit|fallen5|[silent]
|-end|p2a: Bellibolt|Charge|[silent]
|
|win|panzershock
|raw|drkax5678's rating: 1108 &rarr; <strong>1088</strong><br />(-20 for losing)
|raw|panzershock's rating: 1175 &rarr; <strong>1195</strong><br />(+20 for winning)
|l|☆panzershock
|player|p2|
|l|☆drkax5678
|player|p1|
