|j|☆Shibuya Arc
|j|☆golisopod enjoyer
|t:|1758935420
|gametype|singles
|player|p1|Shibuya Arc|265|1507
|player|p2|golisopod enjoyer|170|1611
|gen|9
|tier|[Gen 9] OU
|rated|
|rule|HP Percentage Mod: HP is shown in percentages
|rule|Endless Battle Clause: Forcing endless battles is banned
|rule|Species Clause: Limit one of each Pokémon
|rule|OHKO Clause: OHKO moves are banned
|rule|Evasion Items Clause: Evasion items are banned
|rule|Evasion Moves Clause: Evasion moves are banned
|rule|Evasion Abilities Clause: Evasion abilities are banned
|rule|Sleep Moves Clause: Sleep-inducing moves are banned
|clearpoke
|poke|p1|Dragapult, F|
|poke|p1|Dragonite, F|
|poke|p1|Ting-Lu|
|poke|p1|Weezing-Galar, F|
|poke|p1|Iron Crown|
|poke|p1|Zapdos|
|poke|p2|Ogerpon-Wellspring, F|
|poke|p2|Clefable, F|
|poke|p2|Gholdengo|
|poke|p2|Weezing-Galar, M|
|poke|p2|Ting-Lu|
|poke|p2|Tornadus-Therian, M|
|teampreview
|inactive|Battle timer is ON: inactive players will automatically lose when time's up. (requested by Shibuya Arc)
|
|t:|1758935440
|teamsize|p1|6
|teamsize|p2|6
|start
|switch|p1a: Ting-Lu|Ting-Lu|100/100
|switch|p2a: Clefable|Clefable, F|100/100
|-ability|p1a: Ting-Lu|Vessel of Ruin
|turn|1
|
|t:|1758935445
|move|p2a: Clefable|Stealth Rock|p1a: Ting-Lu
|-sidestart|p1: Shibuya Arc|move: Stealth Rock
|move|p1a: Ting-Lu|Ruination|p2a: Clefable
|-damage|p2a: Clefable|50/100
|
|-heal|p2a: Clefable|57/100|[from] item: Leftovers
|upkeep
|turn|2
|
|t:|1758935455
|move|p2a: Clefable|Moonblast|p1a: Ting-Lu
|-supereffective|p1a: Ting-Lu
|-damage|p1a: Ting-Lu|75/100
|move|p1a: Ting-Lu|Ruination|p2a: Clefable
|-damage|p2a: Clefable|29/100
|
|-heal|p2a: Clefable|35/100|[from] item: Leftovers
|-heal|p1a: Ting-Lu|81/100|[from] item: Leftovers
|upkeep
|turn|3
|
|t:|1758935467
|move|p2a: Clefable|Moonblast|p1a: Ting-Lu
|-supereffective|p1a: Ting-Lu
|-damage|p1a: Ting-Lu|54/100
|-unboost|p1a: Ting-Lu|spa|1
|move|p1a: Ting-Lu|Stealth Rock|p2a: Clefable
|-sidestart|p2: golisopod enjoyer|move: Stealth Rock
|
|-heal|p2a: Clefable|41/100|[from] item: Leftovers
|-heal|p1a: Ting-Lu|60/100|[from] item: Leftovers
|upkeep
|turn|4
|
|t:|1758935476
|move|p2a: Clefable|Moonblast|p1a: Ting-Lu
|-supereffective|p1a: Ting-Lu
|-damage|p1a: Ting-Lu|33/100
|-unboost|p1a: Ting-Lu|spa|1
|move|p1a: Ting-Lu|Earthquake|p2a: Clefable
|-damage|p2a: Clefable|10/100
|
|-heal|p2a: Clefable|16/100|[from] item: Leftovers
|-heal|p1a: Ting-Lu|40/100|[from] item: Leftovers
|upkeep
|turn|5
|
|t:|1758935487
|switch|p1a: Iron Crown|Iron Crown|100/100
|-damage|p1a: Iron Crown|94/100|[from] Stealth Rock
|move|p2a: Clefable|Moonlight|p2a: Clefable
|-heal|p2a: Clefable|66/100
|
|-heal|p2a: Clefable|73/100|[from] item: Leftovers
|upkeep
|turn|6
|
|t:|1758935495
|switch|p2a: Ogerpon|Ogerpon-Wellspring, F|100/100
|-damage|p2a: Ogerpon|88/100|[from] Stealth Rock
|move|p1a: Iron Crown|Focus Blast|p2a: Ogerpon
|-damage|p2a: Ogerpon|32/100
|
|upkeep
|turn|7
|
|t:|1758935504
|switch|p2a: Gholdengo|Gholdengo|100/100
|-damage|p2a: Gholdengo|94/100|[from] Stealth Rock
|move|p1a: Iron Crown|Focus Blast|p2a: Gholdengo
|-immune|p2a: Gholdengo
|
|upkeep
|turn|8
|
|t:|1758935514
|-end|p1a: Iron Crown|Quark Drive|[silent]
|switch|p1a: Dragonite|Dragonite, F|100/100
|move|p2a: Gholdengo|Trick|p1a: Dragonite
|-activate|p2a: Gholdengo|move: Trick|[of] p1a: Dragonite
|-item|p1a: Dragonite|Choice Scarf|[from] move: Trick
|-item|p2a: Gholdengo|Heavy-Duty Boots|[from] move: Trick
|
|upkeep
|turn|9
|
|t:|1758935521
|switch|p1a: Iron Crown|Iron Crown|94/100
|-damage|p1a: Iron Crown|88/100|[from] Stealth Rock
|switch|p2a: Tornadus|Tornadus-Therian, M|100/100
|-damage|p2a: Tornadus|76/100|[from] Stealth Rock
|
|upkeep
|turn|10
|
|t:|1758935527
|-end|p1a: Iron Crown|Quark Drive|[silent]
|switch|p1a: Dragonite|Dragonite, F|100/100
|-damage|p1a: Dragonite|76/100|[from] Stealth Rock
|move|p2a: Tornadus|Knock Off|p1a: Dragonite
|-damage|p1a: Dragonite|54/100
|-enditem|p1a: Dragonite|Choice Scarf|[from] move: Knock Off|[of] p2a: Tornadus
|
|upkeep
|turn|11
|
|t:|1758935534
|move|p2a: Tornadus|U-turn|p1a: Dragonite
|-resisted|p1a: Dragonite
|-damage|p1a: Dragonite|46/100
|
|t:|1758935536
|switch|p2a: Gholdengo|Gholdengo|94/100|[from] U-turn
|move|p1a: Dragonite|Roost|p1a: Dragonite
|-heal|p1a: Dragonite|96/100
|-singleturn|p1a: Dragonite|move: Roost
|
|upkeep
|turn|12
|
|t:|1758935542
|switch|p1a: Ting-Lu|Ting-Lu|40/100
|-damage|p1a: Ting-Lu|33/100|[from] Stealth Rock
|-ability|p1a: Ting-Lu|Vessel of Ruin
|move|p2a: Gholdengo|Shadow Ball|p1a: Ting-Lu
|-resisted|p1a: Ting-Lu
|-damage|p1a: Ting-Lu|25/100
|-unboost|p1a: Ting-Lu|spd|1
|
|-heal|p1a: Ting-Lu|31/100|[from] item: Leftovers
|upkeep
|turn|13
|
|t:|1758935549
|-terastallize|p1a: Ting-Lu|Water
|move|p2a: Gholdengo|Make It Rain|p1a: Ting-Lu
|-resisted|p1a: Ting-Lu
|-damage|p1a: Ting-Lu|12/100
|-unboost|p2a: Gholdengo|spa|1
|move|p1a: Ting-Lu|Earthquake|p2a: Gholdengo
|-supereffective|p2a: Gholdengo
|-damage|p2a: Gholdengo|16/100
|
|-heal|p1a: Ting-Lu|18/100|[from] item: Leftovers
|upkeep
|turn|14
|
|t:|1758935558
|move|p2a: Gholdengo|Shadow Ball|p1a: Ting-Lu
|-damage|p1a: Ting-Lu|0 fnt
|faint|p1a: Ting-Lu
|
|upkeep
|
|t:|1758935565
|switch|p1a: Iron Crown|Iron Crown|88/100
|-damage|p1a: Iron Crown|82/100|[from] Stealth Rock
|turn|15
|
|t:|1758935571
|switch|p2a: Ting-Lu|Ting-Lu|100/100
|-damage|p2a: Ting-Lu|94/100|[from] Stealth Rock
|-ability|p2a: Ting-Lu|Vessel of Ruin
|move|p1a: Iron Crown|Focus Blast|p2a: Ting-Lu|[miss]
|-miss|p1a: Iron Crown|p2a: Ting-Lu
|
|upkeep
|turn|16
|
|t:|1758935577
|-end|p1a: Iron Crown|Quark Drive|[silent]
|switch|p1a: Zapdos|Zapdos|100/100
|switch|p2a: Gholdengo|Gholdengo|16/100
|
|upkeep
|turn|17
|
|t:|1758935583
|switch|p2a: Ting-Lu|Ting-Lu|94/100
|-damage|p2a: Ting-Lu|88/100|[from] Stealth Rock
|-ability|p2a: Ting-Lu|Vessel of Ruin
|move|p1a: Zapdos|Heat Wave|p2a: Ting-Lu
|-damage|p2a: Ting-Lu|74/100
|
|upkeep
|turn|18
|
|t:|1758935590
|move|p1a: Zapdos|Hurricane|p2a: Ting-Lu|[miss]
|-miss|p1a: Zapdos|p2a: Ting-Lu
|move|p2a: Ting-Lu|Ruination|p1a: Zapdos
|-damage|p1a: Zapdos|51/100
|
|upkeep
|turn|19
|
|t:|1758935597
|move|p1a: Zapdos|Hurricane|p2a: Ting-Lu
|-damage|p2a: Ting-Lu|50/100
|move|p2a: Ting-Lu|Ruination|p1a: Zapdos
|-damage|p1a: Zapdos|26/100
|
|upkeep
|turn|20
|
|t:|1758935604
|move|p1a: Zapdos|Hurricane|p2a: Ting-Lu
|-damage|p2a: Ting-Lu|25/100
|-start|p2a: Ting-Lu|confusion
|-activate|p2a: Ting-Lu|confusion
|-damage|p2a: Ting-Lu|19/100|[from] confusion
|
|upkeep
|turn|21
|
|t:|1758935611
|move|p1a: Zapdos|Volt Switch|p2a: Ting-Lu
|-immune|p2a: Ting-Lu
|-activate|p2a: Ting-Lu|confusion
|-damage|p2a: Ting-Lu|14/100|[from] confusion
|
|upkeep
|turn|22
|
|t:|1758935620
|move|p1a: Zapdos|Volt Switch|p2a: Ting-Lu
|-immune|p2a: Ting-Lu
|-activate|p2a: Ting-Lu|confusion
|move|p2a: Ting-Lu|Rest|p2a: Ting-Lu
|-status|p2a: Ting-Lu|slp|[from] move: Rest
|-heal|p2a: Ting-Lu|100/100 slp|[silent]
|-enditem|p2a: Ting-Lu|Chesto Berry|[eat]
|-curestatus|p2a: Ting-Lu|slp|[msg]
|
|upkeep
|turn|23
|
|t:|1758935627
|move|p1a: Zapdos|Hurricane|p2a: Ting-Lu
|-crit|p2a: Ting-Lu
|-damage|p2a: Ting-Lu|64/100
|-end|p2a: Ting-Lu|confusion
|move|p2a: Ting-Lu|Earthquake|p1a: Zapdos
|-immune|p1a: Zapdos
|
|upkeep
|turn|24
|
|t:|1758935634
|move|p1a: Zapdos|Hurricane|p2a: Ting-Lu|[miss]
|-miss|p1a: Zapdos|p2a: Ting-Lu
|move|p2a: Ting-Lu|Earthquake|p1a: Zapdos
|-immune|p1a: Zapdos
|
|upkeep
|turn|25
|
|t:|1758935640
|move|p1a: Zapdos|Hurricane|p2a: Ting-Lu
|-damage|p2a: Ting-Lu|39/100
|move|p2a: Ting-Lu|Ruination|p1a: Zapdos
|-damage|p1a: Zapdos|13/100
|
|upkeep
|turn|26
|
|t:|1758935647
|move|p1a: Zapdos|Hurricane|p2a: Ting-Lu|[miss]
|-miss|p1a: Zapdos|p2a: Ting-Lu
|move|p2a: Ting-Lu|Whirlwind|p1a: Zapdos
|drag|p1a: Iron Crown|Iron Crown|82/100
|-damage|p1a: Iron Crown|76/100|[from] Stealth Rock
|
|upkeep
|turn|27
|
|t:|1758935653
|-end|p1a: Iron Crown|Quark Drive|[silent]
|switch|p1a: Zapdos|Zapdos|13/100
|switch|p2a: Gholdengo|Gholdengo|16/100
|
|upkeep
|turn|28
|
|t:|1758935659
|move|p1a: Zapdos|Roost|p1a: Zapdos
|-heal|p1a: Zapdos|63/100
|-singleturn|p1a: Zapdos|move: Roost
|move|p2a: Gholdengo|Shadow Ball|p1a: Zapdos
|-damage|p1a: Zapdos|14/100
|
|upkeep
|turn|29
|
|t:|1758935666
|switch|p2a: Tornadus|Tornadus-Therian, M|100/100
|-damage|p2a: Tornadus|76/100|[from] Stealth Rock
|move|p1a: Zapdos|Roost|p1a: Zapdos
|-heal|p1a: Zapdos|64/100
|-singleturn|p1a: Zapdos|move: Roost
|
|upkeep
|turn|30
|
|t:|1758935672
|move|p2a: Tornadus|Knock Off|p1a: Zapdos
|-damage|p1a: Zapdos|42/100
|-enditem|p1a: Zapdos|Heavy-Duty Boots|[from] move: Knock Off|[of] p2a: Tornadus
|move|p1a: Zapdos|Roost|p1a: Zapdos
|-heal|p1a: Zapdos|92/100
|-singleturn|p1a: Zapdos|move: Roost
|
|upkeep
|turn|31
|
|t:|1758935679
|switch|p2a: Clefable|Clefable, F|73/100
|move|p1a: Zapdos|Hurricane|p2a: Clefable
|-damage|p2a: Clefable|19/100
|
|-heal|p2a: Clefable|25/100|[from] item: Leftovers
|upkeep
|turn|32
|
|t:|1758935687
|switch|p2a: Ting-Lu|Ting-Lu|39/100
|-damage|p2a: Ting-Lu|33/100|[from] Stealth Rock
|-ability|p2a: Ting-Lu|Vessel of Ruin
|move|p1a: Zapdos|Heat Wave|p2a: Ting-Lu
|-damage|p2a: Ting-Lu|19/100
|-status|p2a: Ting-Lu|brn
|
|-damage|p2a: Ting-Lu|13/100 brn|[from] brn
|upkeep
|turn|33
|
|t:|1758935693
|move|p1a: Zapdos|Hurricane|p2a: Ting-Lu
|-damage|p2a: Ting-Lu|0 fnt
|faint|p2a: Ting-Lu
|
|upkeep
|
|t:|1758935700
|switch|p2a: Ogerpon|Ogerpon-Wellspring, F|32/100
|-damage|p2a: Ogerpon|20/100|[from] Stealth Rock
|turn|34
|
|t:|1758935706
|move|p1a: Zapdos|Volt Switch|p2a: Ogerpon
|-damage|p2a: Ogerpon|0 fnt
|faint|p2a: Ogerpon
|-message|golisopod enjoyer forfeited.
|
|win|Shibuya Arc
|raw|Shibuya Arc's rating: 1507 &rarr; <strong>1533</strong><br />(+26 for winning)
|raw|golisopod enjoyer's rating: 1611 &rarr; <strong>1585</strong><br />(-26 for losing)
|l|☆golisopod enjoyer
|player|p2|
