|j|☆kmater
|j|☆noon tide pearl
|t:|1759067340
|gametype|singles
|player|p1|kmater|steven|1304
|player|p2|noon tide pearl|shadowtriad|1340
|gen|9
|tier|[Gen 9] OU
|rated|
|rule|HP Percentage Mod: HP is shown in percentages
|rule|Endless Battle Clause: Forcing endless battles is banned
|rule|Species Clause: Limit one of each Pokémon
|rule|OHKO Clause: OHKO moves are banned
|rule|Evasion Items Clause: Evasion items are banned
|rule|Evasion Moves Clause: Evasion moves are banned
|rule|Evasion Abilities Clause: Evasion abilities are banned
|rule|Sleep Moves Clause: Sleep-inducing moves are banned
|clearpoke
|poke|p1|Cinderace, M|
|poke|p1|Greninja-*, M|
|poke|p1|Arboliva, F|
|poke|p1|Cloyster, F|
|poke|p1|Chandelure, M|
|poke|p1|Rabsca, F|
|poke|p2|Frosmoth, F|
|poke|p2|Pincurchin, F|
|poke|p2|Raichu-Alola, M|
|poke|p2|Iron Hands|
|poke|p2|Rotom-Wash|
|poke|p2|Pawmot, F|
|teampreview
|
|t:|1759067346
|teamsize|p1|6
|teamsize|p2|6
|start
|switch|p1a: Arboliva|Arboliva, F, shiny|100/100
|switch|p2a: Rotom|Rotom-Wash|100/100
|turn|1
|inactive|Battle timer is ON: inactive players will automatically lose when time's up. (requested by noon tide pearl)
|
|t:|1759067376
|move|p2a: Rotom|Light Screen|p2a: Rotom
|-sidestart|p2: noon tide pearl|move: Light Screen
|move|p1a: Arboliva|Leech Seed|p2a: Rotom
|-start|p2a: Rotom|move: Leech Seed
|
|-damage|p2a: Rotom|88/100|[from] Leech Seed|[of] p1a: Arboliva
|upkeep
|turn|2
|
|t:|1759067401
|move|p2a: Rotom|Reflect|p2a: Rotom
|-sidestart|p2: noon tide pearl|Reflect
|move|p1a: Arboliva|Tera Blast|p2a: Rotom
|-damage|p2a: Rotom|72/100
|
|-damage|p2a: Rotom|59/100|[from] Leech Seed|[of] p1a: Arboliva
|upkeep
|turn|3
|
|t:|1759067411
|move|p2a: Rotom|Volt Switch|p1a: Arboliva
|-resisted|p1a: Arboliva
|-damage|p1a: Arboliva|86/100
|
|t:|1759067415
|switch|p2a: Pincurchin|Pincurchin, F|100/100|[from] Volt Switch
|-fieldstart|move: Electric Terrain|[from] ability: Electric Surge|[of] p2a: Pincurchin
|move|p1a: Arboliva|Tera Blast|p2a: Pincurchin
|-damage|p2a: Pincurchin|79/100
|
|upkeep
|turn|4
|
|t:|1759067431
|move|p1a: Arboliva|Leech Seed|p2a: Pincurchin
|-start|p2a: Pincurchin|move: Leech Seed
|move|p2a: Pincurchin|Thunder Wave|p1a: Arboliva
|-status|p1a: Arboliva|par
|
|-damage|p2a: Pincurchin|67/100|[from] Leech Seed|[of] p1a: Arboliva
|-heal|p1a: Arboliva|99/100 par|[silent]
|upkeep
|turn|5
|inactive|kmater has 120 seconds left.
|
|t:|1759067452
|switch|p2a: Frosmoth|Frosmoth, F, shiny|100/100
|move|p1a: Arboliva|Tera Blast|p2a: Frosmoth
|-damage|p2a: Frosmoth|90/100
|
|upkeep
|turn|6
|
|t:|1759067459
|move|p2a: Frosmoth|Quiver Dance|p2a: Frosmoth
|-boost|p2a: Frosmoth|spa|1
|-boost|p2a: Frosmoth|spd|1
|-boost|p2a: Frosmoth|spe|1
|move|p1a: Arboliva|Strength Sap|p2a: Frosmoth
|-unboost|p2a: Frosmoth|atk|1
|-heal|p1a: Arboliva|100/100 par
|
|upkeep
|turn|7
|inactive|kmater has 120 seconds left.
|
|t:|1759067475
|move|p2a: Frosmoth|Ice Beam|p1a: Arboliva
|-supereffective|p1a: Arboliva
|-damage|p1a: Arboliva|0 fnt
|faint|p1a: Arboliva
|
|upkeep
|inactive|kmater has 120 seconds left.
|
|t:|1759067484
|switch|p1a: Cinderace|Cinderace, M|100/100
|turn|8
|
|t:|1759067503
|-terastallize|p2a: Frosmoth|Electric
|move|p2a: Frosmoth|Quiver Dance|p2a: Frosmoth
|-boost|p2a: Frosmoth|spa|1
|-boost|p2a: Frosmoth|spd|1
|-boost|p2a: Frosmoth|spe|1
|move|p1a: Cinderace|Pyro Ball|p2a: Frosmoth
|-damage|p2a: Frosmoth|37/100
|
|-sideend|p2: noon tide pearl|move: Light Screen
|upkeep
|turn|9
|
|t:|1759067515
|move|p2a: Frosmoth|Tera Blast|p1a: Cinderace|[anim] Tera Blast Electric
|-damage|p1a: Cinderace|0 fnt
|faint|p1a: Cinderace
|
|-sideend|p2: noon tide pearl|Reflect
|upkeep
|
|t:|1759067519
|switch|p1a: Greninja|Greninja, M|100/100
|turn|10
|
|t:|1759067522
|move|p2a: Frosmoth|Tera Blast|p1a: Greninja|[anim] Tera Blast Electric
|-supereffective|p1a: Greninja
|-enditem|p1a: Greninja|Focus Sash
|-damage|p1a: Greninja|1/100
|move|p1a: Greninja|Surf|p2a: Frosmoth
|-damage|p2a: Frosmoth|24/100
|
|-fieldend|move: Electric Terrain
|upkeep
|turn|11
|
|t:|1759067532
|move|p2a: Frosmoth|Tera Blast|p1a: Greninja|[anim] Tera Blast Electric
|-supereffective|p1a: Greninja
|-damage|p1a: Greninja|0 fnt
|faint|p1a: Greninja
|
|upkeep
|
|t:|1759067535
|switch|p1a: Chandelure|Chandelure, M, shiny|100/100
|turn|12
|
|t:|1759067541
|move|p2a: Frosmoth|Tera Blast|p1a: Chandelure|[anim] Tera Blast Electric
|-damage|p1a: Chandelure|0 fnt
|faint|p1a: Chandelure
|
|upkeep
|
|t:|1759067544
|switch|p1a: Rabsca|Rabsca, F, shiny|100/100
|turn|13
|
|t:|1759067551
|move|p2a: Frosmoth|Ice Beam|p1a: Rabsca
|-damage|p1a: Rabsca|21/100
|move|p1a: Rabsca|Trick Room|p1a: Rabsca
|-fieldstart|move: Trick Room|[of] p1a: Rabsca
|
|upkeep
|turn|14
|
|t:|1759067557
|move|p1a: Rabsca|Revival Blessing|p1a: Rabsca
|-enditem|p1a: Rabsca|Leppa Berry|[eat]
|-activate|p1a: Rabsca|item: Leppa Berry|Revival Blessing|[consumed]
|
|t:|1759067561
|-heal|p1: Greninja|50/100|[from] move: Revival Blessing
|move|p2a: Frosmoth|Ice Beam|p1a: Rabsca
|-damage|p1a: Rabsca|0 fnt
|faint|p1a: Rabsca
|
|upkeep
|
|t:|1759067569
|switch|p1a: Cloyster|Cloyster, F|100/100
|turn|15
|
|t:|1759067573
|move|p1a: Cloyster|Icicle Spear|p2a: Frosmoth
|-damage|p2a: Frosmoth|7/100
|-damage|p2a: Frosmoth|0 fnt
|faint|p2a: Frosmoth
|-hitcount|p2: Frosmoth|2
|
|upkeep
|
|t:|1759067582
|switch|p2a: Rotom|Rotom-Wash|59/100
|turn|16
|
|t:|1759067587
|move|p2a: Rotom|Reflect|p2a: Rotom
|-sidestart|p2: noon tide pearl|Reflect
|move|p1a: Cloyster|Rock Blast|p2a: Rotom
|-damage|p2a: Rotom|56/100
|-damage|p2a: Rotom|52/100
|-damage|p2a: Rotom|48/100
|-damage|p2a: Rotom|45/100
|-damage|p2a: Rotom|42/100
|-hitcount|p2a: Rotom|5
|
|upkeep
|turn|17
|
|t:|1759067598
|move|p2a: Rotom|Light Screen|p2a: Rotom
|-sidestart|p2: noon tide pearl|move: Light Screen
|move|p1a: Cloyster|Shell Smash|p1a: Cloyster
|-unboost|p1a: Cloyster|def|1
|-unboost|p1a: Cloyster|spd|1
|-boost|p1a: Cloyster|atk|2
|-boost|p1a: Cloyster|spa|2
|-boost|p1a: Cloyster|spe|2
|-enditem|p1a: Cloyster|White Herb
|-clearnegativeboost|p1a: Cloyster|[silent]
|
|-fieldend|move: Trick Room
|upkeep
|turn|18
|
|t:|1759067608
|move|p1a: Cloyster|Icicle Spear|p2a: Rotom
|-resisted|p2a: Rotom
|-damage|p2a: Rotom|36/100
|-resisted|p2a: Rotom
|-damage|p2a: Rotom|30/100
|-resisted|p2a: Rotom
|-damage|p2a: Rotom|24/100
|-resisted|p2a: Rotom
|-damage|p2a: Rotom|19/100
|-resisted|p2a: Rotom
|-damage|p2a: Rotom|13/100
|-hitcount|p2a: Rotom|5
|move|p2a: Rotom|Volt Switch|p1a: Cloyster
|-supereffective|p1a: Cloyster
|-damage|p1a: Cloyster|0 fnt
|faint|p1a: Cloyster
|
|t:|1759067615
|switch|p2a: Pincurchin|Pincurchin, F|67/100|[from] Volt Switch
|-fieldstart|move: Electric Terrain|[from] ability: Electric Surge|[of] p2a: Pincurchin
|
|upkeep
|
|t:|1759067620
|switch|p1a: Greninja|Greninja, M|50/100
|turn|19
|
|t:|1759067626
|move|p1a: Greninja|Surf|p2a: Pincurchin
|-damage|p2a: Pincurchin|39/100
|move|p2a: Pincurchin|Discharge|p1a: Greninja
|-supereffective|p1a: Greninja
|-damage|p1a: Greninja|0 fnt
|faint|p1a: Greninja
|
|win|noon tide pearl
|raw|kmater's rating: 1304 &rarr; <strong>1286</strong><br />(-18 for losing)
|raw|noon tide pearl's rating: 1340 &rarr; <strong>1358</strong><br />(+18 for winning)
|l|☆noon tide pearl
|player|p2|
|l|☆kmater
|player|p1|
