|j|☆Ciphro
|j|☆DBJota
|t:|1758971252
|gametype|singles
|player|p1|Ciphro|twins-gen4dp|1301
|player|p2|DBJota|scientist|1292
|gen|9
|tier|[Gen 9] OU
|rated|
|rule|HP Percentage Mod: HP is shown in percentages
|rule|Endless Battle Clause: Forcing endless battles is banned
|rule|Species Clause: Limit one of each Pokémon
|rule|OHKO Clause: OHKO moves are banned
|rule|Evasion Items Clause: Evasion items are banned
|rule|Evasion Moves Clause: Evasion moves are banned
|rule|Evasion Abilities Clause: Evasion abilities are banned
|rule|Sleep Moves Clause: Sleep-inducing moves are banned
|clearpoke
|poke|p1|Hoopa-Unbound|
|poke|p1|Alomomola, F|
|poke|p1|Zamazenta-*|
|poke|p1|Garchomp, F|
|poke|p1|Kingambit, F|
|poke|p1|Slowking-Galar, F|
|poke|p2|Quaquaval, M|
|poke|p2|Glimmora, M|
|poke|p2|Dragonite, M|
|poke|p2|Meowscarada, M|
|poke|p2|Ceruledge, F|
|poke|p2|Scyther, M|
|teampreview
|
|t:|1758971283
|teamsize|p1|6
|teamsize|p2|6
|start
|switch|p1a: Slowking|Slowking-Galar, F|100/100
|switch|p2a: Meowscarada|Meowscarada, M|100/100
|turn|1
|inactive|Battle timer is ON: inactive players will automatically lose when time's up. (requested by DBJota)
|
|t:|1758971315
|switch|p1a: Garchomp|Garchomp, F|100/100
|move|p2a: Meowscarada|Knock Off|p1a: Garchomp
|-start|p2a: Meowscarada|typechange|Dark|[from] ability: Protean
|-damage|p1a: Garchomp|56/100
|-damage|p2a: Meowscarada|88/100|[from] ability: Rough Skin|[of] p1a: Garchomp
|-damage|p2a: Meowscarada|71/100|[from] item: Rocky Helmet|[of] p1a: Garchomp
|-enditem|p1a: Garchomp|Rocky Helmet|[from] move: Knock Off|[of] p2a: Meowscarada
|
|upkeep
|turn|2
|
|t:|1758971339
|switch|p2a: Quaquaval|Quaquaval, M|100/100
|switch|p1a: Alomomola|Alomomola, F|100/100
|
|upkeep
|turn|3
|inactive|Ciphro has 120 seconds left.
|
|t:|1758971362
|move|p2a: Quaquaval|Knock Off|p1a: Alomomola
|-damage|p1a: Alomomola|84/100
|-enditem|p1a: Alomomola|Heavy-Duty Boots|[from] move: Knock Off|[of] p2a: Quaquaval
|move|p1a: Alomomola|Scald|p2a: Quaquaval
|-resisted|p2a: Quaquaval
|-damage|p2a: Quaquaval|96/100
|
|upkeep
|turn|4
|
|t:|1758971369
|move|p2a: Quaquaval|Aqua Step|p1a: Alomomola
|-resisted|p1a: Alomomola
|-damage|p1a: Alomomola|73/100
|-boost|p2a: Quaquaval|spe|1
|move|p1a: Alomomola|Scald|p2a: Quaquaval
|-resisted|p2a: Quaquaval
|-damage|p2a: Quaquaval|91/100
|
|upkeep
|turn|5
|
|t:|1758971372
|move|p2a: Quaquaval|Aqua Step|p1a: Alomomola
|-resisted|p1a: Alomomola
|-crit|p1a: Alomomola
|-damage|p1a: Alomomola|57/100
|-boost|p2a: Quaquaval|spe|1
|move|p1a: Alomomola|Wish|p1a: Alomomola
|
|upkeep
|turn|6
|
|t:|1758971375
|move|p2a: Quaquaval|Aqua Step|p1a: Alomomola
|-resisted|p1a: Alomomola
|-damage|p1a: Alomomola|46/100
|-boost|p2a: Quaquaval|spe|1
|move|p1a: Alomomola|Flip Turn|p2a: Quaquaval
|-resisted|p2a: Quaquaval
|-damage|p2a: Quaquaval|82/100
|
|t:|1758971404
|switch|p1a: Garchomp|Garchomp, F|56/100|[from] Flip Turn
|
|-heal|p1a: Garchomp|100/100|[from] move: Wish|[wisher] Alomomola
|upkeep
|turn|7
|
|t:|1758971415
|move|p2a: Quaquaval|Triple Axel|p1a: Garchomp
|-supereffective|p1a: Garchomp
|-damage|p1a: Garchomp|84/100
|-damage|p2a: Quaquaval|70/100|[from] ability: Rough Skin|[of] p1a: Garchomp
|-supereffective|p1a: Garchomp
|-damage|p1a: Garchomp|53/100
|-damage|p2a: Quaquaval|58/100|[from] ability: Rough Skin|[of] p1a: Garchomp
|-supereffective|p1a: Garchomp
|-damage|p1a: Garchomp|5/100
|-damage|p2a: Quaquaval|46/100|[from] ability: Rough Skin|[of] p1a: Garchomp
|-hitcount|p1a: Garchomp|3
|move|p1a: Garchomp|Stealth Rock|p2a: Quaquaval
|-sidestart|p2: DBJota|move: Stealth Rock
|
|upkeep
|turn|8
|
|t:|1758971433
|switch|p1a: Alomomola|Alomomola, F|80/100
|move|p2a: Quaquaval|Aqua Step|p1a: Alomomola
|-resisted|p1a: Alomomola
|-damage|p1a: Alomomola|70/100
|-boost|p2a: Quaquaval|spe|1
|
|upkeep
|turn|9
|
|t:|1758971445
|move|p2a: Quaquaval|Brick Break|p1a: Alomomola
|-damage|p1a: Alomomola|50/100
|move|p1a: Alomomola|Wish|p1a: Alomomola
|
|upkeep
|turn|10
|
|t:|1758971449
|move|p2a: Quaquaval|Brick Break|p1a: Alomomola
|-damage|p1a: Alomomola|30/100
|move|p1a: Alomomola|Flip Turn|p2a: Quaquaval
|-resisted|p2a: Quaquaval
|-damage|p2a: Quaquaval|37/100
|
|t:|1758971452
|switch|p1a: Garchomp|Garchomp, F|5/100|[from] Flip Turn
|
|-heal|p1a: Garchomp|61/100|[from] move: Wish|[wisher] Alomomola
|upkeep
|turn|11
|
|t:|1758971460
|switch|p1a: Alomomola|Alomomola, F|63/100
|move|p2a: Quaquaval|Aqua Step|p1a: Alomomola
|-resisted|p1a: Alomomola
|-damage|p1a: Alomomola|53/100
|-boost|p2a: Quaquaval|spe|1
|
|upkeep
|turn|12
|
|t:|1758971464
|move|p2a: Quaquaval|Brick Break|p1a: Alomomola
|-damage|p1a: Alomomola|32/100
|move|p1a: Alomomola|Wish|p1a: Alomomola
|
|upkeep
|turn|13
|
|t:|1758971468
|move|p2a: Quaquaval|Brick Break|p1a: Alomomola
|-damage|p1a: Alomomola|13/100
|move|p1a: Alomomola|Scald|p2a: Quaquaval
|-resisted|p2a: Quaquaval
|-damage|p2a: Quaquaval|32/100
|
|-heal|p1a: Alomomola|63/100|[from] move: Wish|[wisher] Alomomola
|upkeep
|turn|14
|
|t:|1758971470
|move|p2a: Quaquaval|Aqua Step|p1a: Alomomola
|-resisted|p1a: Alomomola
|-damage|p1a: Alomomola|52/100
|-boost|p2a: Quaquaval|spe|1
|move|p1a: Alomomola|Wish|p1a: Alomomola
|
|upkeep
|turn|15
|
|t:|1758971473
|move|p2a: Quaquaval|Brick Break|p1a: Alomomola
|-damage|p1a: Alomomola|31/100
|move|p1a: Alomomola|Scald|p2a: Quaquaval
|-resisted|p2a: Quaquaval
|-damage|p2a: Quaquaval|28/100
|
|-heal|p1a: Alomomola|81/100|[from] move: Wish|[wisher] Alomomola
|upkeep
|turn|16
|
|t:|1758971475
|move|p2a: Quaquaval|Brick Break|p1a: Alomomola
|-damage|p1a: Alomomola|59/100
|move|p1a: Alomomola|Wish|p1a: Alomomola
|
|upkeep
|turn|17
|
|t:|1758971477
|move|p2a: Quaquaval|Brick Break|p1a: Alomomola
|-damage|p1a: Alomomola|39/100
|move|p1a: Alomomola|Scald|p2a: Quaquaval
|-resisted|p2a: Quaquaval
|-damage|p2a: Quaquaval|22/100
|
|-heal|p1a: Alomomola|89/100|[from] move: Wish|[wisher] Alomomola
|upkeep
|turn|18
|
|t:|1758971480
|move|p2a: Quaquaval|Brick Break|p1a: Alomomola
|-damage|p1a: Alomomola|68/100
|move|p1a: Alomomola|Wish|p1a: Alomomola
|
|upkeep
|turn|19
|
|t:|1758971485
|move|p2a: Quaquaval|Brick Break|p1a: Alomomola
|-damage|p1a: Alomomola|48/100
|move|p1a: Alomomola|Scald|p2a: Quaquaval
|-resisted|p2a: Quaquaval
|-damage|p2a: Quaquaval|17/100
|
|-heal|p1a: Alomomola|98/100|[from] move: Wish|[wisher] Alomomola
|upkeep
|turn|20
|
|t:|1758971494
|move|p2a: Quaquaval|Brick Break|p1a: Alomomola
|-damage|p1a: Alomomola|77/100
|move|p1a: Alomomola|Scald|p2a: Quaquaval
|-resisted|p2a: Quaquaval
|-damage|p2a: Quaquaval|13/100
|
|upkeep
|turn|21
|
|t:|1758971499
|move|p2a: Quaquaval|Brick Break|p1a: Alomomola
|-damage|p1a: Alomomola|55/100
|move|p1a: Alomomola|Scald|p2a: Quaquaval
|-resisted|p2a: Quaquaval
|-damage|p2a: Quaquaval|8/100
|
|upkeep
|turn|22
|
|t:|1758971513
|move|p2a: Quaquaval|Brick Break|p1a: Alomomola
|-crit|p1a: Alomomola
|-damage|p1a: Alomomola|26/100
|move|p1a: Alomomola|Wish|p1a: Alomomola
|
|upkeep
|turn|23
|
|t:|1758971530
|move|p1a: Alomomola|Protect|p1a: Alomomola
|-singleturn|p1a: Alomomola|Protect
|move|p2a: Quaquaval|Brick Break|p1a: Alomomola
|-activate|p1a: Alomomola|move: Protect
|
|-heal|p1a: Alomomola|76/100|[from] move: Wish|[wisher] Alomomola
|upkeep
|turn|24
|
|t:|1758971539
|move|p2a: Quaquaval|Brick Break|p1a: Alomomola
|-damage|p1a: Alomomola|55/100
|move|p1a: Alomomola|Flip Turn|p2a: Quaquaval
|-resisted|p2a: Quaquaval
|-damage|p2a: Quaquaval|0 fnt
|faint|p2a: Quaquaval
|
|t:|1758971542
|switch|p1a: Garchomp|Garchomp, F|61/100|[from] Flip Turn
|
|upkeep
|
|t:|1758971544
|switch|p2a: Meowscarada|Meowscarada, M|71/100
|-damage|p2a: Meowscarada|59/100|[from] Stealth Rock
|turn|25
|
|t:|1758971552
|switch|p1a: Alomomola|Alomomola, F|88/100
|move|p2a: Meowscarada|Flower Trick|p1a: Alomomola
|-start|p2a: Meowscarada|typechange|Grass|[from] ability: Protean
|-supereffective|p1a: Alomomola
|-crit|p1a: Alomomola
|-damage|p1a: Alomomola|8/100
|
|upkeep
|turn|26
|
|t:|1758971556
|move|p1a: Alomomola|Protect|p1a: Alomomola
|-singleturn|p1a: Alomomola|Protect
|move|p2a: Meowscarada|Flower Trick|p1a: Alomomola
|-activate|p1a: Alomomola|move: Protect
|
|upkeep
|turn|27
|
|t:|1758971568
|switch|p1a: Hoopa|Hoopa-Unbound|100/100
|move|p2a: Meowscarada|Flower Trick|p1a: Hoopa
|-crit|p1a: Hoopa
|-damage|p1a: Hoopa|0 fnt
|faint|p1a: Hoopa
|
|upkeep
|inactive|Ciphro has 120 seconds left.
|
|t:|1758971594
|switch|p1a: Zamazenta|Zamazenta|100/100
|-ability|p1a: Zamazenta|Dauntless Shield|boost
|-boost|p1a: Zamazenta|def|1
|turn|28
|
|t:|1758971601
|move|p1a: Zamazenta|Body Press|p2a: Meowscarada
|-damage|p2a: Meowscarada|0 fnt
|faint|p2a: Meowscarada
|
|upkeep
|
|t:|1758971608
|switch|p2a: Ceruledge|Ceruledge, F|100/100
|-damage|p2a: Ceruledge|75/100|[from] Stealth Rock
|turn|29
|
|t:|1758971627
|move|p1a: Zamazenta|Substitute|p1a: Zamazenta
|-start|p1a: Zamazenta|Substitute
|-damage|p1a: Zamazenta|76/100
|move|p2a: Ceruledge|Bulk Up|p2a: Ceruledge
|-boost|p2a: Ceruledge|atk|1
|-boost|p2a: Ceruledge|def|1
|
|-heal|p1a: Zamazenta|82/100|[from] item: Leftovers
|upkeep
|turn|30
|
|t:|1758971635
|move|p1a: Zamazenta|Iron Defense|p1a: Zamazenta
|-boost|p1a: Zamazenta|def|2
|move|p2a: Ceruledge|Bitter Blade|p1a: Zamazenta
|-activate|p1a: Zamazenta|move: Substitute|[damage]
|-heal|p2a: Ceruledge|86/100|[from] drain|[of] p1a: Zamazenta
|
|-heal|p1a: Zamazenta|88/100|[from] item: Leftovers
|upkeep
|turn|31
|
|t:|1758971645
|move|p1a: Zamazenta|Iron Defense|p1a: Zamazenta
|-boost|p1a: Zamazenta|def|2
|move|p2a: Ceruledge|Bitter Blade|p1a: Zamazenta
|-end|p1a: Zamazenta|Substitute
|-heal|p2a: Ceruledge|90/100|[from] drain|[of] p1a: Zamazenta
|
|-heal|p1a: Zamazenta|94/100|[from] item: Leftovers
|upkeep
|turn|32
|
|t:|1758971656
|move|p1a: Zamazenta|Substitute|p1a: Zamazenta
|-start|p1a: Zamazenta|Substitute
|-damage|p1a: Zamazenta|69/100
|move|p2a: Ceruledge|Poltergeist|p1a: Zamazenta
|-activate|p1a: Zamazenta|move: Poltergeist|Leftovers
|-activate|p1a: Zamazenta|move: Substitute|[damage]
|
|-heal|p1a: Zamazenta|75/100|[from] item: Leftovers
|upkeep
|turn|33
|
|t:|1758971666
|move|p1a: Zamazenta|Crunch|p2a: Ceruledge
|-supereffective|p2a: Ceruledge
|-damage|p2a: Ceruledge|64/100
|-ability|p2a: Ceruledge|Weak Armor|boost
|-unboost|p2a: Ceruledge|def|1
|-boost|p2a: Ceruledge|spe|2
|move|p2a: Ceruledge|Bulk Up|p2a: Ceruledge
|-boost|p2a: Ceruledge|atk|1
|-boost|p2a: Ceruledge|def|1
|
|-heal|p1a: Zamazenta|81/100|[from] item: Leftovers
|upkeep
|turn|34
|
|t:|1758971672
|move|p2a: Ceruledge|Bitter Blade|p1a: Zamazenta
|-end|p1a: Zamazenta|Substitute
|-heal|p2a: Ceruledge|69/100|[from] drain|[of] p1a: Zamazenta
|move|p1a: Zamazenta|Crunch|p2a: Ceruledge
|-supereffective|p2a: Ceruledge
|-damage|p2a: Ceruledge|41/100
|-ability|p2a: Ceruledge|Weak Armor|boost
|-unboost|p2a: Ceruledge|def|1
|-boost|p2a: Ceruledge|spe|2
|
|-heal|p1a: Zamazenta|87/100|[from] item: Leftovers
|upkeep
|turn|35
|
|t:|1758971685
|move|p2a: Ceruledge|Bitter Blade|p1a: Zamazenta
|-damage|p1a: Zamazenta|72/100
|-heal|p2a: Ceruledge|49/100|[from] drain|[of] p1a: Zamazenta
|move|p1a: Zamazenta|Substitute|p1a: Zamazenta
|-start|p1a: Zamazenta|Substitute
|-damage|p1a: Zamazenta|47/100
|
|-heal|p1a: Zamazenta|53/100|[from] item: Leftovers
|upkeep
|turn|36
|
|t:|1758971689
|move|p2a: Ceruledge|Bulk Up|p2a: Ceruledge
|-boost|p2a: Ceruledge|atk|1
|-boost|p2a: Ceruledge|def|1
|move|p1a: Zamazenta|Crunch|p2a: Ceruledge
|-supereffective|p2a: Ceruledge
|-damage|p2a: Ceruledge|20/100
|-ability|p2a: Ceruledge|Weak Armor|boost
|-unboost|p2a: Ceruledge|def|1
|-boost|p2a: Ceruledge|spe|2
|
|-heal|p1a: Zamazenta|59/100|[from] item: Leftovers
|upkeep
|turn|37
|
|t:|1758971701
|move|p2a: Ceruledge|Bitter Blade|p1a: Zamazenta
|-activate|p1a: Zamazenta|move: Substitute|[damage]
|-heal|p2a: Ceruledge|31/100|[from] drain|[of] p1a: Zamazenta
|move|p1a: Zamazenta|Crunch|p2a: Ceruledge
|-supereffective|p2a: Ceruledge
|-damage|p2a: Ceruledge|0 fnt
|faint|p2a: Ceruledge
|
|-heal|p1a: Zamazenta|65/100|[from] item: Leftovers
|upkeep
|
|t:|1758971706
|switch|p2a: Scyther|Scyther, M|100/100
|-damage|p2a: Scyther|50/100|[from] Stealth Rock
|turn|38
|
|t:|1758971719
|move|p1a: Zamazenta|Iron Defense|p1a: Zamazenta
|-boost|p1a: Zamazenta|def|1
|move|p2a: Scyther|Trailblaze|p1a: Zamazenta
|-activate|p1a: Zamazenta|move: Substitute|[damage]
|-boost|p2a: Scyther|spe|1
|
|-heal|p1a: Zamazenta|71/100|[from] item: Leftovers
|upkeep
|turn|39
|
|t:|1758971725
|move|p2a: Scyther|Dual Wingbeat|p1a: Zamazenta
|-supereffective|p1a: Zamazenta
|-end|p1a: Zamazenta|Substitute
|-supereffective|p1a: Zamazenta
|-crit|p1a: Zamazenta
|-damage|p1a: Zamazenta|17/100
|-hitcount|p1a: Zamazenta|2
|move|p1a: Zamazenta|Iron Defense|p1a: Zamazenta
|-boost|p1a: Zamazenta|def|0
|
|-heal|p1a: Zamazenta|23/100|[from] item: Leftovers
|upkeep
|turn|40
|inactive|Ciphro has 120 seconds left.
|
|t:|1758971766
|switch|p1a: Slowking|Slowking-Galar, F|100/100
|move|p2a: Scyther|Dual Wingbeat|p1a: Slowking
|-damage|p1a: Slowking|73/100
|-damage|p1a: Slowking|46/100
|-hitcount|p1a: Slowking|2
|
|upkeep
|turn|41
|
|t:|1758971785
|move|p2a: Scyther|Dual Wingbeat|p1a: Slowking|[miss]
|-miss|p2a: Scyther|p1a: Slowking
|move|p1a: Slowking|Ice Beam|p2a: Scyther
|-supereffective|p2a: Scyther
|-damage|p2a: Scyther|16/100
|
|upkeep
|turn|42
|
|t:|1758971794
|move|p2a: Scyther|Dual Wingbeat|p1a: Slowking
|-damage|p1a: Slowking|18/100
|-damage|p1a: Slowking|0 fnt
|faint|p1a: Slowking
|-hitcount|p1: Slowking|2
|
|upkeep
|
|t:|1758971799
|switch|p1a: Alomomola|Alomomola, F|41/100
|turn|43
|
|t:|1758971804
|move|p2a: Scyther|Dual Wingbeat|p1a: Alomomola
|-damage|p1a: Alomomola|24/100
|-damage|p1a: Alomomola|9/100
|-hitcount|p1a: Alomomola|2
|move|p1a: Alomomola|Wish|p1a: Alomomola
|
|upkeep
|turn|44
|
|t:|1758971809
|move|p1a: Alomomola|Protect|p1a: Alomomola
|-singleturn|p1a: Alomomola|Protect
|move|p2a: Scyther|Swords Dance|p2a: Scyther
|-boost|p2a: Scyther|atk|2
|
|-heal|p1a: Alomomola|59/100|[from] move: Wish|[wisher] Alomomola
|upkeep
|turn|45
|
|t:|1758971812
|move|p2a: Scyther|Dual Wingbeat|p1a: Alomomola
|-damage|p1a: Alomomola|30/100
|-damage|p1a: Alomomola|1/100
|-hitcount|p1a: Alomomola|2
|move|p1a: Alomomola|Wish|p1a: Alomomola
|
|upkeep
|turn|46
|
|t:|1758971816
|move|p1a: Alomomola|Protect|p1a: Alomomola
|-singleturn|p1a: Alomomola|Protect
|move|p2a: Scyther|Trailblaze|p1a: Alomomola
|-activate|p1a: Alomomola|move: Protect
|
|-heal|p1a: Alomomola|51/100|[from] move: Wish|[wisher] Alomomola
|upkeep
|turn|47
|
|t:|1758971827
|move|p2a: Scyther|Trailblaze|p1a: Alomomola
|-supereffective|p1a: Alomomola
|-damage|p1a: Alomomola|0 fnt
|-boost|p2a: Scyther|spe|1
|faint|p1a: Alomomola
|
|upkeep
|
|t:|1758971831
|switch|p1a: Kingambit|Kingambit, F|100/100
|-activate|p1a: Kingambit|ability: Supreme Overlord
|-start|p1a: Kingambit|fallen3|[silent]
|turn|48
|
|t:|1758971838
|move|p1a: Kingambit|Sucker Punch|p2a: Scyther
|-damage|p2a: Scyther|0 fnt
|faint|p2a: Scyther
|
|upkeep
|
|t:|1758971842
|switch|p2a: Dragonite|Dragonite, M|100/100
|-damage|p2a: Dragonite|76/100|[from] Stealth Rock
|turn|49
|
|t:|1758971862
|move|p2a: Dragonite|Earthquake|p1a: Kingambit
|-supereffective|p1a: Kingambit
|-damage|p1a: Kingambit|50/100
|move|p1a: Kingambit|Kowtow Cleave|p2a: Dragonite
|-damage|p2a: Dragonite|13/100
|
|-heal|p2a: Dragonite|19/100|[from] item: Leftovers
|-heal|p1a: Kingambit|56/100|[from] item: Leftovers
|upkeep
|turn|50
|
|t:|1758971866
|move|p1a: Kingambit|Sucker Punch||[still]
|-fail|p1a: Kingambit
|move|p2a: Dragonite|Dragon Dance|p2a: Dragonite
|-boost|p2a: Dragonite|atk|1
|-boost|p2a: Dragonite|spe|1
|
|-heal|p2a: Dragonite|25/100|[from] item: Leftovers
|-heal|p1a: Kingambit|62/100|[from] item: Leftovers
|upkeep
|turn|51
|
|t:|1758971876
|move|p1a: Kingambit|Sucker Punch||[still]
|-fail|p1a: Kingambit
|move|p2a: Dragonite|Dragon Dance|p2a: Dragonite
|-boost|p2a: Dragonite|atk|1
|-boost|p2a: Dragonite|spe|1
|
|-heal|p2a: Dragonite|31/100|[from] item: Leftovers
|-heal|p1a: Kingambit|68/100|[from] item: Leftovers
|upkeep
|turn|52
|
|t:|1758971881
|-terastallize|p2a: Dragonite|Normal
|move|p2a: Dragonite|Extreme Speed|p1a: Kingambit
|-resisted|p1a: Kingambit
|-damage|p1a: Kingambit|40/100
|move|p1a: Kingambit|Sucker Punch||[still]
|-fail|p1a: Kingambit
|
|-heal|p2a: Dragonite|37/100|[from] item: Leftovers
|-heal|p1a: Kingambit|46/100|[from] item: Leftovers
|upkeep
|turn|53
|
|t:|1758971886
|move|p2a: Dragonite|Earthquake|p1a: Kingambit
|-supereffective|p1a: Kingambit
|-damage|p1a: Kingambit|0 fnt
|faint|p1a: Kingambit
|-end|p1a: Kingambit|fallen3|[silent]
|
|-heal|p2a: Dragonite|43/100|[from] item: Leftovers
|upkeep
|
|t:|1758971913
|switch|p1a: Garchomp|Garchomp, F|61/100
|turn|54
|inactive|Ciphro has 120 seconds left.
|
|t:|1758971937
|-terastallize|p1a: Garchomp|Flying
|move|p2a: Dragonite|Earthquake|p1a: Garchomp
|-immune|p1a: Garchomp
|move|p1a: Garchomp|Earthquake|p2a: Dragonite
|-damage|p2a: Dragonite|0 fnt
|faint|p2a: Dragonite
|
|upkeep
|
|t:|1758971940
|switch|p2a: Glimmora|Glimmora, M, shiny|100/100
|-damage|p2a: Glimmora|88/100|[from] Stealth Rock
|turn|55
|inactive|Ciphro has 120 seconds left.
|
|t:|1758971958
|move|p2a: Glimmora|Meteor Beam||[still]
|-prepare|p2a: Glimmora|Meteor Beam
|-boost|p2a: Glimmora|spa|1
|-enditem|p2a: Glimmora|Power Herb
|-anim|p2a: Glimmora|Meteor Beam|p1a: Garchomp
|-supereffective|p1a: Garchomp
|-damage|p1a: Garchomp|0 fnt
|faint|p1a: Garchomp
|
|upkeep
|
|t:|1758971968
|switch|p1a: Zamazenta|Zamazenta|23/100
|turn|56
|
|t:|1758971976
|move|p1a: Zamazenta|Body Press|p2a: Glimmora
|-crit|p2a: Glimmora
|-damage|p2a: Glimmora|29/100
|-activate|p2a: Glimmora|ability: Toxic Debris
|-sidestart|p1: Ciphro|move: Toxic Spikes
|move|p2a: Glimmora|Sludge Wave|p1a: Zamazenta
|-damage|p1a: Zamazenta|0 fnt
|faint|p1a: Zamazenta
|
|win|DBJota
|raw|Ciphro's rating: 1301 &rarr; <strong>1280</strong><br />(-21 for losing)
|raw|DBJota's rating: 1292 &rarr; <strong>1318</strong><br />(+26 for winning)
|l|☆DBJota
|player|p2|
|l|☆Ciphro
|player|p1|
