|j|☆TheGamingPolitoed
|j|☆Dyspair8
|t:|1758997480
|gametype|singles
|player|p1|TheGamingPolitoed|cress|1379
|player|p2|Dyspair8|n|1394
|gen|9
|tier|[Gen 9] OU
|rated|
|rule|HP Percentage Mod: HP is shown in percentages
|rule|Endless Battle Clause: Forcing endless battles is banned
|rule|Species Clause: Limit one of each Pokémon
|rule|OHKO Clause: OHKO moves are banned
|rule|Evasion Items Clause: Evasion items are banned
|rule|Evasion Moves Clause: Evasion moves are banned
|rule|Evasion Abilities Clause: Evasion abilities are banned
|rule|Sleep Moves Clause: Sleep-inducing moves are banned
|clearpoke
|poke|p1|Primarina, F|
|poke|p1|Ludicolo, M|
|poke|p1|Samurott-Hisui, M|
|poke|p1|Toxapex, F|
|poke|p1|Politoed, M|
|poke|p1|Walking Wake|
|poke|p2|Ting-Lu|
|poke|p2|Hydrapple, F|
|poke|p2|Slowking-Galar, F|
|poke|p2|Tornadus-Therian, M|
|poke|p2|Ogerpon-Wellspring, F|
|poke|p2|Cinderace, M|
|teampreview
|
|t:|1758997488
|teamsize|p1|6
|teamsize|p2|6
|start
|switch|p1a: Donny Ronny|Samurott-Hisui, M|100/100
|switch|p2a: Hydrapple|Hydrapple, F|100/100
|turn|1
|
|t:|1758997503
|move|p1a: Donny Ronny|Knock Off|p2a: Hydrapple
|-damage|p2a: Hydrapple|63/100
|-enditem|p2a: Hydrapple|Assault Vest|[from] move: Knock Off|[of] p1a: Donny Ronny
|move|p2a: Hydrapple|Giga Drain|p1a: Donny Ronny
|-supereffective|p1a: Donny Ronny
|-damage|p1a: Donny Ronny|26/100
|-heal|p2a: Hydrapple|96/100|[from] drain|[of] p1a: Donny Ronny
|
|upkeep
|turn|2
|
|t:|1758997511
|move|p1a: Donny Ronny|Ceaseless Edge|p2a: Hydrapple
|-damage|p2a: Hydrapple|60/100
|-sidestart|p2: Dyspair8|Spikes
|move|p2a: Hydrapple|Fickle Beam|p1a: Donny Ronny|[anim] Fickle Beam All Out
|-activate|p2a: Hydrapple|move: Fickle Beam
|-damage|p1a: Donny Ronny|0 fnt
|faint|p1a: Donny Ronny
|
|upkeep
|
|t:|1758997519
|switch|p1a: Ecomare|Primarina, F|100/100
|turn|3
|
|t:|1758997528
|switch|p2a: Ogerpon|Ogerpon-Wellspring, F|100/100
|-damage|p2a: Ogerpon|88/100|[from] Spikes
|move|p1a: Ecomare|Moonblast|p2a: Ogerpon
|-damage|p2a: Ogerpon|35/100
|
|upkeep
|turn|4
|
|t:|1758997536
|switch|p1a: Toxatax|Toxapex, F|100/100
|move|p2a: Ogerpon|Horn Leech|p1a: Toxatax
|-damage|p1a: Toxatax|75/100
|-heal|p2a: Ogerpon|46/100|[from] drain|[of] p1a: Toxatax
|-damage|p2a: Ogerpon|29/100|[from] item: Rocky Helmet|[of] p1a: Toxatax
|
|upkeep
|turn|5
|
|t:|1758997543
|switch|p2a: Slowking|Slowking-Galar, F|100/100
|move|p1a: Toxatax|Toxic Spikes|p2a: Slowking
|-sidestart|p2: Dyspair8|move: Toxic Spikes
|
|upkeep
|turn|6
|
|t:|1758997549
|switch|p1a: Walk the Dinosaur|Walking Wake|100/100
|move|p2a: Slowking|Future Sight|p1a: Walk the Dinosaur
|-start|p2a: Slowking|move: Future Sight
|
|upkeep
|turn|7
|
|t:|1758997554
|move|p1a: Walk the Dinosaur|Dragon Pulse|p2a: Slowking
|-damage|p2a: Slowking|64/100
|move|p2a: Slowking|Thunder Wave|p1a: Walk the Dinosaur
|-status|p1a: Walk the Dinosaur|par
|
|upkeep
|turn|8
|
|t:|1758997559
|cant|p1a: Walk the Dinosaur|par
|move|p2a: Slowking|Sludge Bomb|p1a: Walk the Dinosaur
|-damage|p1a: Walk the Dinosaur|64/100 par
|
|-end|p1a: Walk the Dinosaur|move: Future Sight
|-damage|p1a: Walk the Dinosaur|9/100 par
|upkeep
|turn|9
|
|t:|1758997569
|move|p1a: Walk the Dinosaur|Dragon Pulse|p2a: Slowking
|-damage|p2a: Slowking|24/100
|move|p2a: Slowking|Sludge Bomb|p1a: Walk the Dinosaur
|-damage|p1a: Walk the Dinosaur|0 fnt
|faint|p1a: Walk the Dinosaur
|-end|p1a: Walk the Dinosaur|Protosynthesis|[silent]
|
|upkeep
|
|t:|1758997576
|switch|p1a: Ecomare|Primarina, F|100/100
|turn|10
|
|t:|1758997589
|move|p1a: Ecomare|Hydro Pump|p2a: Slowking|[miss]
|-miss|p1a: Ecomare|p2a: Slowking
|move|p2a: Slowking|Sludge Bomb|p1a: Ecomare
|-supereffective|p1a: Ecomare
|-damage|p1a: Ecomare|31/100
|
|-heal|p1a: Ecomare|38/100|[from] item: Leftovers
|upkeep
|turn|11
|
|t:|1758997597
|switch|p2a: Ogerpon|Ogerpon-Wellspring, F|29/100
|-damage|p2a: Ogerpon|17/100|[from] Spikes
|-status|p2a: Ogerpon|psn
|move|p1a: Ecomare|Moonblast|p2a: Ogerpon
|-damage|p2a: Ogerpon|0 fnt
|faint|p2a: Ogerpon
|
|-heal|p1a: Ecomare|44/100|[from] item: Leftovers
|upkeep
|
|t:|1758997605
|switch|p2a: Slowking|Slowking-Galar, F|57/100
|-sideend|p2: Dyspair8|move: Toxic Spikes|[of] p2a: Slowking
|turn|12
|
|t:|1758997610
|move|p1a: Ecomare|Hydro Pump|p2a: Slowking
|-damage|p2a: Slowking|20/100
|move|p2a: Slowking|Sludge Bomb|p1a: Ecomare
|-supereffective|p1a: Ecomare
|-damage|p1a: Ecomare|0 fnt
|faint|p1a: Ecomare
|
|upkeep
|
|t:|1758997618
|switch|p1a: The King|Politoed, M|100/100
|-weather|RainDance|[from] ability: Drizzle|[of] p1a: The King
|turn|13
|
|t:|1758997631
|switch|p2a: Hydrapple|Hydrapple, F|94/100
|-damage|p2a: Hydrapple|81/100|[from] Spikes
|move|p1a: The King|Surf|p2a: Hydrapple
|-resisted|p2a: Hydrapple
|-damage|p2a: Hydrapple|71/100
|
|-weather|RainDance|[upkeep]
|upkeep
|turn|14
|
|t:|1758997638
|move|p1a: The King|Ice Beam|p2a: Hydrapple
|-supereffective|p2a: Hydrapple
|-damage|p2a: Hydrapple|0 fnt
|faint|p2a: Hydrapple
|
|-weather|RainDance|[upkeep]
|upkeep
|
|t:|1758997650
|switch|p2a: Cinderace|Cinderace, M|100/100
|-damage|p2a: Cinderace|88/100|[from] Spikes
|turn|15
|
|t:|1758997654
|move|p2a: Cinderace|High Jump Kick|p1a: The King
|-start|p2a: Cinderace|typechange|Fighting|[from] ability: Libero
|-damage|p1a: The King|42/100
|-damage|p2a: Cinderace|78/100|[from] item: Life Orb
|move|p1a: The King|Surf|p2a: Cinderace
|-damage|p2a: Cinderace|12/100
|
|-weather|RainDance|[upkeep]
|upkeep
|turn|16
|
|t:|1758997663
|switch|p1a: Toxatax|Toxapex, F|100/100
|move|p2a: Cinderace|High Jump Kick|p1a: Toxatax|[miss]
|-miss|p2a: Cinderace|p1a: Toxatax
|-damage|p2a: Cinderace|0 fnt|[from] highjumpkick
|faint|p2a: Cinderace
|
|-weather|RainDance|[upkeep]
|upkeep
|
|t:|1758997665
|switch|p2a: Ting-Lu|Ting-Lu|100/100
|-damage|p2a: Ting-Lu|88/100|[from] Spikes
|-ability|p2a: Ting-Lu|Vessel of Ruin
|turn|17
|
|t:|1758997674
|switch|p1a: Juan|Ludicolo, M|100/100
|move|p2a: Ting-Lu|Earthquake|p1a: Juan
|-resisted|p1a: Juan
|-damage|p1a: Juan|72/100
|
|-weather|RainDance|[upkeep]
|-heal|p2a: Ting-Lu|94/100|[from] item: Leftovers
|upkeep
|turn|18
|
|t:|1758997736
|-terastallize|p2a: Ting-Lu|Poison
|move|p1a: Juan|Hydro Pump|p2a: Ting-Lu
|-damage|p2a: Ting-Lu|44/100
|-damage|p1a: Juan|62/100|[from] item: Life Orb
|move|p2a: Ting-Lu|Ruination|p1a: Juan
|-damage|p1a: Juan|31/100
|
|-weather|RainDance|[upkeep]
|-heal|p2a: Ting-Lu|50/100|[from] item: Leftovers
|upkeep
|turn|19
|
|t:|1758997749
|switch|p2a: Slowking|Slowking-Galar, F|53/100
|move|p1a: Juan|Hydro Pump|p2a: Slowking
|-damage|p2a: Slowking|0 fnt
|faint|p2a: Slowking
|-damage|p1a: Juan|21/100|[from] item: Life Orb
|
|-weather|RainDance|[upkeep]
|upkeep
|
|t:|1758997758
|switch|p2a: Ting-Lu|Ting-Lu, tera:Poison|50/100
|-damage|p2a: Ting-Lu|38/100|[from] Spikes
|-ability|p2a: Ting-Lu|Vessel of Ruin
|turn|20
|
|t:|1758997764
|move|p1a: Juan|Hydro Pump|p2a: Ting-Lu
|-damage|p2a: Ting-Lu|0 fnt
|faint|p2a: Ting-Lu
|-damage|p1a: Juan|11/100|[from] item: Life Orb
|
|-weather|none
|upkeep
|
|t:|1758997768
|switch|p2a: Tornadus|Tornadus-Therian, M|100/100
|turn|21
|
|t:|1758997774
|switch|p1a: The King|Politoed, M|42/100
|-weather|RainDance|[from] ability: Drizzle|[of] p1a: The King
|move|p2a: Tornadus|Bleakwind Storm|p1a: The King
|-damage|p1a: The King|0 fnt
|faint|p1a: The King
|
|-weather|RainDance|[upkeep]
|upkeep
|
|t:|1758997782
|switch|p1a: Juan|Ludicolo, M|11/100
|turn|22
|
|t:|1758997786
|-terastallize|p1a: Juan|Water
|move|p1a: Juan|Hydro Pump|p2a: Tornadus
|-damage|p2a: Tornadus|0 fnt
|faint|p2a: Tornadus
|-damage|p1a: Juan|1/100|[from] item: Life Orb
|
|win|TheGamingPolitoed
|raw|TheGamingPolitoed's rating: 1379 &rarr; <strong>1400</strong><br />(+21 for winning)
|raw|Dyspair8's rating: 1394 &rarr; <strong>1373</strong><br />(-21 for losing)
|l|☆Dyspair8
|player|p2|
|l|☆TheGamingPolitoed
|player|p1|
