|j|☆red zardy
|j|☆Red Icigool
|t:|1758986266
|gametype|singles
|player|p1|red zardy|266|1223
|player|p2|Red Icigool|swimmerf-gen4|1234
|gen|9
|tier|[Gen 9] OU
|rated|
|rule|HP Percentage Mod: HP is shown in percentages
|rule|Endless Battle Clause: Forcing endless battles is banned
|rule|Species Clause: Limit one of each Pokémon
|rule|OHKO Clause: OHKO moves are banned
|rule|Evasion Items Clause: Evasion items are banned
|rule|Evasion Moves Clause: Evasion moves are banned
|rule|Evasion Abilities Clause: Evasion abilities are banned
|rule|Sleep Moves Clause: Sleep-inducing moves are banned
|clearpoke
|poke|p1|Primarina, F|
|poke|p1|Registeel|
|poke|p1|Salamence, M|
|poke|p1|Serperior, M|
|poke|p1|Charizard, F|
|poke|p1|Zoroark, F|
|poke|p2|Forretress, F|
|poke|p2|Scizor, F|
|poke|p2|Kleavor, F|
|poke|p2|Yanmega, M|
|poke|p2|Araquanid, M|
|poke|p2|Vikavolt, F|
|teampreview
|inactive|Battle timer is ON: inactive players will automatically lose when time's up. (requested by red zardy)
|inactive|red zardy has 120 seconds left.
|
|t:|1758986314
|teamsize|p1|6
|teamsize|p2|6
|start
|switch|p1a: Primarina|Primarina, F|100/100
|switch|p2a: Araquanid|Araquanid, M|100/100
|turn|1
|
|t:|1758986323
|move|p1a: Primarina|Moonblast|p2a: Araquanid
|-damage|p2a: Araquanid|68/100
|-damage|p1a: Primarina|91/100|[from] item: Life Orb
|move|p2a: Araquanid|Mirror Coat|p1a: Primarina
|-damage|p1a: Primarina|30/100
|
|-heal|p2a: Araquanid|74/100|[from] item: Leftovers
|upkeep
|turn|2
|
|t:|1758986346
|move|p1a: Primarina|Moonblast|p2a: Araquanid
|-damage|p2a: Araquanid|41/100
|-damage|p1a: Primarina|20/100|[from] item: Life Orb
|move|p2a: Araquanid|Sticky Web|p1a: Primarina
|-sidestart|p1: red zardy|move: Sticky Web
|
|-heal|p2a: Araquanid|47/100|[from] item: Leftovers
|upkeep
|turn|3
|
|t:|1758986355
|move|p1a: Primarina|Moonblast|p2a: Araquanid
|-damage|p2a: Araquanid|13/100
|-damage|p1a: Primarina|10/100|[from] item: Life Orb
|move|p2a: Araquanid|Leech Life|p1a: Primarina
|-resisted|p1a: Primarina
|-damage|p1a: Primarina|0 fnt
|-heal|p2a: Araquanid|19/100|[from] drain|[of] p1a: Primarina
|faint|p1a: Primarina
|
|-heal|p2a: Araquanid|25/100|[from] item: Leftovers
|upkeep
|
|t:|1758986377
|switch|p1a: Serperior|Serperior, M|100/100
|-activate|p1a: Serperior|move: Sticky Web
|-boost|p1a: Serperior|spe|1
|turn|4
|
|t:|1758986403
|move|p1a: Serperior|Leaf Storm|p2a: Araquanid
|-crit|p2a: Araquanid
|-damage|p2a: Araquanid|0 fnt
|-boost|p1a: Serperior|spa|2
|faint|p2a: Araquanid
|
|upkeep
|inactive|Red Icigool has 120 seconds left.
|
|t:|1758986413
|switch|p2a: Forretress|Forretress, F|100/100
|turn|5
|
|t:|1758986438
|move|p1a: Serperior|Leaf Storm|p2a: Forretress
|-resisted|p2a: Forretress
|-damage|p2a: Forretress|62/100
|-boost|p1a: Serperior|spa|2
|move|p2a: Forretress|Thunder Wave|p1a: Serperior
|-status|p1a: Serperior|par
|
|upkeep
|turn|6
|
|t:|1758986451
|cant|p1a: Serperior|par
|move|p2a: Forretress|Ice Spinner|p1a: Serperior
|-supereffective|p1a: Serperior
|-damage|p1a: Serperior|59/100 par
|
|upkeep
|turn|7
|
|t:|1758986457
|move|p1a: Serperior|Leaf Storm|p2a: Forretress
|-resisted|p2a: Forretress
|-damage|p2a: Forretress|5/100
|-boost|p1a: Serperior|spa|2
|move|p2a: Forretress|Ice Spinner|p1a: Serperior
|-supereffective|p1a: Serperior
|-damage|p1a: Serperior|17/100 par
|
|upkeep
|turn|8
|
|t:|1758986467
|move|p1a: Serperior|Dragon Pulse|p2a: Forretress
|-resisted|p2a: Forretress
|-damage|p2a: Forretress|0 fnt
|faint|p2a: Forretress
|
|upkeep
|
|t:|1758986473
|switch|p2a: Scizor|Scizor, F|100/100
|turn|9
|
|t:|1758986484
|move|p2a: Scizor|Bullet Punch|p1a: Serperior
|-damage|p1a: Serperior|0 fnt
|faint|p1a: Serperior
|
|upkeep
|
|t:|1758986497
|switch|p1a: Charizard|Charizard, F|100/100
|turn|10
|
|t:|1758986501
|switch|p2a: Kleavor|Kleavor, F|100/100
|move|p1a: Charizard|Flame Charge|p2a: Kleavor
|-damage|p2a: Kleavor|71/100
|-boost|p1a: Charizard|spe|1
|
|upkeep
|turn|11
|
|t:|1758986512
|switch|p1a: Registeel|Registeel|100/100
|-activate|p1a: Registeel|move: Sticky Web
|-fail|p1a: Registeel|unboost|[from] ability: Clear Body|[of] p1a: Registeel
|move|p2a: Kleavor|Stone Axe|p1a: Registeel
|-resisted|p1a: Registeel
|-damage|p1a: Registeel|88/100
|-sidestart|p1: red zardy|move: Stealth Rock
|
|upkeep
|turn|12
|
|t:|1758986537
|switch|p2a: Scizor|Scizor, F|100/100
|move|p1a: Registeel|Heavy Slam|p2a: Scizor
|-resisted|p2a: Scizor
|-damage|p2a: Scizor|93/100
|-damage|p1a: Registeel|78/100|[from] item: Life Orb
|
|upkeep
|turn|13
|inactive|red zardy has 120 seconds left.
|
|t:|1758986556
|move|p2a: Scizor|Swords Dance|p2a: Scizor
|-boost|p2a: Scizor|atk|2
|move|p1a: Registeel|Body Press|p2a: Scizor
|-damage|p2a: Scizor|42/100
|-damage|p1a: Registeel|68/100|[from] item: Life Orb
|
|upkeep
|turn|14
|
|t:|1758986564
|move|p2a: Scizor|Knock Off|p1a: Registeel
|-damage|p1a: Registeel|28/100
|-enditem|p1a: Registeel|Life Orb|[from] move: Knock Off|[of] p2a: Scizor
|move|p1a: Registeel|Body Press|p2a: Scizor
|-damage|p2a: Scizor|2/100
|
|upkeep
|turn|15
|
|t:|1758986571
|move|p2a: Scizor|Knock Off|p1a: Registeel
|-damage|p1a: Registeel|0 fnt
|faint|p1a: Registeel
|
|upkeep
|
|t:|1758986578
|switch|p1a: Salamence|Salamence, M|100/100
|-damage|p1a: Salamence|76/100|[from] Stealth Rock
|-ability|p1a: Salamence|Intimidate|boost
|-unboost|p2a: Scizor|atk|1
|turn|16
|c|☆Red Icigool|scaryyy orby
|
|t:|1758986587
|move|p2a: Scizor|Bullet Punch|p1a: Salamence
|-damage|p1a: Salamence|39/100
|move|p1a: Salamence|Dragon Claw|p2a: Scizor
|-resisted|p2a: Scizor
|-damage|p2a: Scizor|0 fnt
|faint|p2a: Scizor
|-damage|p1a: Salamence|29/100|[from] item: Life Orb
|
|upkeep
|
|t:|1758986592
|switch|p2a: Kleavor|Kleavor, F|71/100
|turn|17
|
|t:|1758986600
|move|p2a: Kleavor|Stone Axe|p1a: Salamence|[miss]
|-miss|p2a: Kleavor|p1a: Salamence
|move|p1a: Salamence|Dragon Claw|p2a: Kleavor
|-damage|p2a: Kleavor|9/100
|-damage|p1a: Salamence|19/100|[from] item: Life Orb
|
|upkeep
|turn|18
|
|t:|1758986609
|move|p2a: Kleavor|Stone Axe|p1a: Salamence
|-supereffective|p1a: Salamence
|-crit|p1a: Salamence
|-damage|p1a: Salamence|0 fnt
|faint|p1a: Salamence
|
|upkeep
|
|t:|1758986617
|switch|p1a: Charizard|Charizard, F|100/100
|-damage|p1a: Charizard|50/100|[from] Stealth Rock
|-enditem|p1a: Charizard|Sitrus Berry|[eat]
|-heal|p1a: Charizard|75/100|[from] item: Sitrus Berry
|turn|19
|
|t:|1758986626
|move|p2a: Kleavor|Stone Axe|p1a: Charizard
|-supereffective|p1a: Charizard
|-damage|p1a: Charizard|0 fnt
|faint|p1a: Charizard
|
|upkeep
|c|☆Red Icigool|O-0
|inactive|red zardy has 120 seconds left.
|inactive|red zardy has 90 seconds left.
|inactive|red zardy has 60 seconds left.
|inactive|red zardy has 30 seconds left.
|inactive|red zardy has 20 seconds left.
|inactive|red zardy has 15 seconds left.
|inactive|red zardy has 10 seconds left.
|inactive|red zardy has 5 seconds left.
|-message|red zardy lost due to inactivity.
|
|win|Red Icigool
|raw|red zardy's rating: 1223 &rarr; <strong>1199</strong><br />(-24 for losing)
|raw|Red Icigool's rating: 1234 &rarr; <strong>1258</strong><br />(+24 for winning)
|l|☆red zardy
|player|p1|
|l|☆Red Icigool
|player|p2|
