|j|☆gashner
|j|☆BanTheseHands
|t:|1759054880
|gametype|singles
|player|p1|gashner|169|1236
|player|p2|BanTheseHands|1|1313
|gen|9
|tier|[Gen 9] OU
|rated|
|rule|HP Percentage Mod: HP is shown in percentages
|rule|Endless Battle Clause: Forcing endless battles is banned
|rule|Species Clause: Limit one of each Pokémon
|rule|OHKO Clause: OHKO moves are banned
|rule|Evasion Items Clause: Evasion items are banned
|rule|Evasion Moves Clause: Evasion moves are banned
|rule|Evasion Abilities Clause: Evasion abilities are banned
|rule|Sleep Moves Clause: Sleep-inducing moves are banned
|clearpoke
|poke|p1|Alomomola, M|
|poke|p1|Dragalge, F|
|poke|p1|Lokix, F|
|poke|p1|Great Tusk|
|poke|p1|Gholdengo|
|poke|p1|Moltres|
|poke|p2|Torkoal, M|
|poke|p2|Great Tusk|
|poke|p2|Raging Bolt|
|poke|p2|Walking Wake|
|poke|p2|Hatterene, F|
|poke|p2|Charizard, M|
|teampreview
|inactive|Battle timer is ON: inactive players will automatically lose when time's up. (requested by gashner)
|
|t:|1759054894
|teamsize|p1|6
|teamsize|p2|6
|start
|switch|p1a: Dragalge|Dragalge, F|100/100
|switch|p2a: Torkoal|Torkoal, M|100/100
|-weather|SunnyDay|[from] ability: Drought|[of] p2a: Torkoal
|turn|1
|
|t:|1759054913
|switch|p2a: Hatterene|Hatterene, F|100/100
|move|p1a: Dragalge|Draco Meteor|p2a: Hatterene
|-immune|p2a: Hatterene
|
|-weather|SunnyDay|[upkeep]
|upkeep
|turn|2
|
|t:|1759054921
|switch|p1a: Gholdengo|Gholdengo|100/100
|move|p2a: Hatterene|Healing Wish|p2a: Hatterene
|faint|p2a: Hatterene
|
|-weather|SunnyDay|[upkeep]
|upkeep
|
|t:|1759054924
|switch|p2a: Charizard|Charizard, M|100/100
|turn|3
|
|t:|1759054933
|move|p1a: Gholdengo|Trick|p2a: Charizard
|-activate|p1a: Gholdengo|move: Trick|[of] p2a: Charizard
|-item|p2a: Charizard|Choice Scarf|[from] move: Trick
|-item|p1a: Gholdengo|Choice Specs|[from] move: Trick
|move|p2a: Charizard|Overheat|p1a: Gholdengo
|-supereffective|p1a: Gholdengo
|-damage|p1a: Gholdengo|0 fnt
|-unboost|p2a: Charizard|spa|2
|faint|p1a: Gholdengo
|
|-weather|SunnyDay|[upkeep]
|-damage|p2a: Charizard|88/100|[from] ability: Solar Power|[of] p2a: Charizard
|upkeep
|
|t:|1759054956
|switch|p1a: Great Tusk|Great Tusk|100/100
|-activate|p1a: Great Tusk|ability: Protosynthesis
|-start|p1a: Great Tusk|protosynthesisatk
|turn|4
|
|t:|1759054961
|-terastallize|p2a: Charizard|Fire
|move|p2a: Charizard|Overheat|p1a: Great Tusk
|-damage|p1a: Great Tusk|0 fnt
|-unboost|p2a: Charizard|spa|2
|faint|p1a: Great Tusk
|-end|p1a: Great Tusk|Protosynthesis|[silent]
|
|-weather|SunnyDay|[upkeep]
|-damage|p2a: Charizard|76/100|[from] ability: Solar Power|[of] p2a: Charizard
|upkeep
|
|t:|1759054972
|switch|p1a: Dragalge|Dragalge, F|100/100
|turn|5
|
|t:|1759054989
|move|p2a: Charizard|Overheat|p1a: Dragalge
|-resisted|p1a: Dragalge
|-damage|p1a: Dragalge|71/100
|-unboost|p2a: Charizard|spa|2
|move|p1a: Dragalge|Draco Meteor|p2a: Charizard
|-damage|p2a: Charizard|0 fnt
|-unboost|p1a: Dragalge|spa|2
|faint|p2a: Charizard
|
|-weather|SunnyDay|[upkeep]
|upkeep
|
|t:|1759054997
|switch|p2a: Walking Wake|Walking Wake|100/100
|-activate|p2a: Walking Wake|ability: Protosynthesis
|-start|p2a: Walking Wake|protosynthesisspe
|turn|6
|
|t:|1759055001
|switch|p1a: Alomomola|Alomomola, M|100/100
|move|p2a: Walking Wake|Draco Meteor|p1a: Alomomola
|-damage|p1a: Alomomola|64/100
|-unboost|p2a: Walking Wake|spa|2
|-enditem|p2a: Walking Wake|Eject Pack
|
|t:|1759055007
|-end|p2a: Walking Wake|Protosynthesis|[silent]
|switch|p2a: Raging Bolt|Raging Bolt|100/100
|-activate|p2a: Raging Bolt|ability: Protosynthesis
|-start|p2a: Raging Bolt|protosynthesisspa
|
|-weather|SunnyDay|[upkeep]
|upkeep
|turn|7
|
|t:|1759055017
|-terastallize|p1a: Alomomola|Normal
|move|p2a: Raging Bolt|Calm Mind|p2a: Raging Bolt
|-boost|p2a: Raging Bolt|spa|1
|-boost|p2a: Raging Bolt|spd|1
|move|p1a: Alomomola|Mirror Coat||[still]
|-fail|p1a: Alomomola
|
|-weather|SunnyDay|[upkeep]
|upkeep
|turn|8
|
|t:|1759055026
|move|p2a: Raging Bolt|Draco Meteor|p1a: Alomomola
|-damage|p1a: Alomomola|0 fnt
|-unboost|p2a: Raging Bolt|spa|2
|faint|p1a: Alomomola
|-enditem|p2a: Raging Bolt|Eject Pack
|
|t:|1759055033
|-end|p2a: Raging Bolt|Protosynthesis|[silent]
|switch|p2a: Walking Wake|Walking Wake|100/100
|-activate|p2a: Walking Wake|ability: Protosynthesis
|-start|p2a: Walking Wake|protosynthesisspe
|
|-weather|none
|-end|p2a: Walking Wake|Protosynthesis
|upkeep
|
|t:|1759055037
|switch|p1a: Lokix|Lokix, F|100/100
|turn|9
|
|t:|1759055043
|move|p1a: Lokix|First Impression|p2a: Walking Wake
|-damage|p2a: Walking Wake|25/100
|move|p2a: Walking Wake|Flip Turn|p1a: Lokix
|-damage|p1a: Lokix|78/100
|
|t:|1759055047
|-end|p2a: Walking Wake|Protosynthesis|[silent]
|switch|p2a: Torkoal|Torkoal, M|100/100|[from] Flip Turn
|-weather|SunnyDay|[from] ability: Drought|[of] p2a: Torkoal
|
|-weather|SunnyDay|[upkeep]
|upkeep
|turn|10
|
|t:|1759055052
|switch|p1a: Moltres|Moltres|100/100
|switch|p2a: Walking Wake|Walking Wake|25/100
|-heal|p2a: Walking Wake|100/100|[from] move: Healing Wish
|-activate|p2a: Walking Wake|ability: Protosynthesis
|-start|p2a: Walking Wake|protosynthesisspe
|
|-weather|SunnyDay|[upkeep]
|upkeep
|turn|11
|
|t:|1759055056
|move|p2a: Walking Wake|Hydro Steam|p1a: Moltres
|-supereffective|p1a: Moltres
|-damage|p1a: Moltres|14/100
|move|p1a: Moltres|Roar|p2a: Walking Wake
|-end|p2a: Walking Wake|Protosynthesis|[silent]
|drag|p2a: Great Tusk|Great Tusk|100/100
|-activate|p2a: Great Tusk|ability: Protosynthesis
|-start|p2a: Great Tusk|protosynthesisatk
|
|-weather|SunnyDay|[upkeep]
|upkeep
|turn|12
|-message|gashner forfeited.
|
|win|BanTheseHands
|raw|gashner's rating: 1236 &rarr; <strong>1216</strong><br />(-20 for losing)
|raw|BanTheseHands's rating: 1313 &rarr; <strong>1329</strong><br />(+16 for winning)
|l|☆gashner
|player|p1|
|l|☆BanTheseHands
|player|p2|
