|j|☆venjazanzhes123
|j|☆Yomoma’sash
|t:|1758999270
|gametype|singles
|player|p1|venjazanzhes123|blue|1502
|player|p2|Yomoma’sash|169|1558
|gen|9
|tier|[Gen 9] OU
|rated|
|rule|HP Percentage Mod: HP is shown in percentages
|rule|Endless Battle Clause: Forcing endless battles is banned
|rule|Species Clause: Limit one of each Pokémon
|rule|OHKO Clause: OHKO moves are banned
|rule|Evasion Items Clause: Evasion items are banned
|rule|Evasion Moves Clause: Evasion moves are banned
|rule|Evasion Abilities Clause: Evasion abilities are banned
|rule|Sleep Moves Clause: Sleep-inducing moves are banned
|clearpoke
|poke|p1|Goodra-Hisui, M|
|poke|p1|Dragapult, M|
|poke|p1|Dragonite, M|
|poke|p1|Slowking-Galar, M|
|poke|p1|Corviknight, M|
|poke|p1|Quagsire, M|
|poke|p2|Charizard, M|
|poke|p2|Venusaur, F|
|poke|p2|Lapras, M|
|poke|p2|Blastoise, F|
|poke|p2|Snorlax, M|
|poke|p2|Clefable, F|
|teampreview
|inactive|Battle timer is ON: inactive players will automatically lose when time's up. (requested by Yomoma’sash)
|inactive|Yomoma’sash has 120 seconds left.
|
|t:|1758999319
|teamsize|p1|6
|teamsize|p2|6
|start
|switch|p1a: Corviknight|Corviknight, M|100/100
|switch|p2a: Snorlax|Snorlax, M|100/100
|turn|1
|
|t:|1758999322
|move|p1a: Corviknight|Body Press|p2a: Snorlax
|-supereffective|p2a: Snorlax
|-damage|p2a: Snorlax|50/100
|move|p2a: Snorlax|Heat Crash|p1a: Corviknight
|-supereffective|p1a: Corviknight
|-damage|p1a: Corviknight|47/100
|-damage|p2a: Snorlax|33/100|[from] item: Rocky Helmet|[of] p1a: Corviknight
|
|upkeep
|turn|2
|-enditem|p2a: Snorlax|Custap Berry|[eat]
|-activate|p2a: Snorlax|item: Custap Berry|[consumed]
|
|t:|1758999328
|move|p2a: Snorlax|Heat Crash|p1a: Corviknight
|-supereffective|p1a: Corviknight
|-damage|p1a: Corviknight|1/100
|-damage|p2a: Snorlax|17/100|[from] item: Rocky Helmet|[of] p1a: Corviknight
|move|p1a: Corviknight|Body Press|p2a: Snorlax
|-supereffective|p2a: Snorlax
|-damage|p2a: Snorlax|0 fnt
|faint|p2a: Snorlax
|
|upkeep
|
|t:|1758999336
|switch|p2a: Blastoise|Blastoise, F|100/100
|turn|3
|
|t:|1758999342
|move|p2a: Blastoise|Shell Smash|p2a: Blastoise
|-unboost|p2a: Blastoise|def|1
|-unboost|p2a: Blastoise|spd|1
|-boost|p2a: Blastoise|atk|2
|-boost|p2a: Blastoise|spa|2
|-boost|p2a: Blastoise|spe|2
|-enditem|p2a: Blastoise|White Herb
|-clearnegativeboost|p2a: Blastoise|[silent]
|move|p1a: Corviknight|Brave Bird|p2a: Blastoise
|-damage|p2a: Blastoise|56/100
|-damage|p1a: Corviknight|0 fnt|[from] Recoil
|faint|p1a: Corviknight
|
|upkeep
|
|t:|1758999350
|switch|p1a: Goodra|Goodra-Hisui, M|100/100
|turn|4
|
|t:|1758999354
|move|p2a: Blastoise|Dark Pulse|p1a: Goodra
|-damage|p1a: Goodra|79/100
|move|p1a: Goodra|Dragon Pulse|p2a: Blastoise
|-damage|p2a: Blastoise|12/100
|
|upkeep
|turn|5
|
|t:|1758999360
|move|p2a: Blastoise|Ice Beam|p1a: Goodra
|-damage|p1a: Goodra|55/100
|move|p1a: Goodra|Dragon Pulse|p2a: Blastoise
|-damage|p2a: Blastoise|0 fnt
|faint|p2a: Blastoise
|
|upkeep
|
|t:|1758999377
|switch|p2a: Venusaur|Venusaur, F|100/100
|turn|6
|
|t:|1758999386
|move|p2a: Venusaur|Sunny Day|p2a: Venusaur
|-weather|SunnyDay
|move|p1a: Goodra|Ice Beam|p2a: Venusaur
|-supereffective|p2a: Venusaur
|-damage|p2a: Venusaur|33/100
|
|-weather|SunnyDay|[upkeep]
|upkeep
|turn|7
|
|t:|1758999389
|move|p2a: Venusaur|Weather Ball|p1a: Goodra
|-damage|p1a: Goodra|33/100
|move|p1a: Goodra|Ice Beam|p2a: Venusaur
|-supereffective|p2a: Venusaur
|-damage|p2a: Venusaur|0 fnt
|faint|p2a: Venusaur
|
|-weather|SunnyDay|[upkeep]
|upkeep
|
|t:|1758999391
|switch|p2a: Charizard|Charizard, M|100/100
|turn|8
|
|t:|1758999393
|move|p2a: Charizard|Flamethrower|p1a: Goodra
|-damage|p1a: Goodra|0 fnt
|faint|p1a: Goodra
|
|-weather|SunnyDay|[upkeep]
|-damage|p2a: Charizard|88/100|[from] ability: Solar Power|[of] p2a: Charizard
|upkeep
|
|t:|1758999397
|switch|p1a: Dragapult|Dragapult, M|100/100
|turn|9
|
|t:|1758999408
|move|p2a: Charizard|Flamethrower|p1a: Dragapult
|-resisted|p1a: Dragapult
|-damage|p1a: Dragapult|32/100
|move|p1a: Dragapult|Dragon Dance|p1a: Dragapult
|-boost|p1a: Dragapult|atk|1
|-boost|p1a: Dragapult|spe|1
|
|-weather|SunnyDay|[upkeep]
|-damage|p2a: Charizard|76/100|[from] ability: Solar Power|[of] p2a: Charizard
|upkeep
|turn|10
|
|t:|1758999415
|move|p1a: Dragapult|Dragon Darts|p2a: Charizard
|-damage|p2a: Charizard|4/100
|-anim|p1a: Dragapult|Dragon Darts|p2a: Charizard
|-damage|p2a: Charizard|0 fnt
|faint|p2a: Charizard
|-damage|p1a: Dragapult|22/100|[from] item: Life Orb
|
|-weather|SunnyDay|[upkeep]
|upkeep
|
|t:|1758999427
|switch|p2a: Lapras|Lapras, M|100/100
|turn|11
|
|t:|1758999429
|move|p1a: Dragapult|Dragon Darts|p2a: Lapras
|-damage|p2a: Lapras|51/100
|-anim|p1a: Dragapult|Dragon Darts|p2a: Lapras
|-damage|p2a: Lapras|5/100
|-damage|p1a: Dragapult|12/100|[from] item: Life Orb
|move|p2a: Lapras|Freeze-Dry|p1a: Dragapult
|-supereffective|p1a: Dragapult
|-damage|p1a: Dragapult|0 fnt
|faint|p1a: Dragapult
|
|-weather|SunnyDay|[upkeep]
|upkeep
|
|t:|1758999438
|switch|p1a: Dragonite|Dragonite, M|100/100
|turn|12
|
|t:|1758999440
|move|p1a: Dragonite|Earthquake|p2a: Lapras
|-crit|p2a: Lapras
|-damage|p2a: Lapras|0 fnt
|faint|p2a: Lapras
|
|-weather|SunnyDay|[upkeep]
|upkeep
|
|t:|1758999441
|switch|p2a: Clefable|Clefable, F|100/100
|turn|13
|
|t:|1758999444
|switch|p1a: Slowking|Slowking-Galar, M|100/100
|move|p2a: Clefable|Cosmic Power|p2a: Clefable
|-boost|p2a: Clefable|def|1
|-boost|p2a: Clefable|spd|1
|
|-weather|none
|upkeep
|turn|14
|
|t:|1758999448
|-terastallize|p2a: Clefable|Steel
|move|p2a: Clefable|Cosmic Power|p2a: Clefable
|-boost|p2a: Clefable|def|1
|-boost|p2a: Clefable|spd|1
|move|p1a: Slowking|Sludge Wave|p2a: Clefable
|-immune|p2a: Clefable
|
|upkeep
|turn|15
|
|t:|1758999453
|switch|p1a: Quagsire|Quagsire, M|100/100
|move|p2a: Clefable|Cosmic Power|p2a: Clefable
|-boost|p2a: Clefable|def|1
|-boost|p2a: Clefable|spd|1
|
|upkeep
|turn|16
|
|t:|1758999457
|move|p2a: Clefable|Cosmic Power|p2a: Clefable
|-boost|p2a: Clefable|def|1
|-boost|p2a: Clefable|spd|1
|move|p1a: Quagsire|Earthquake|p2a: Clefable
|-supereffective|p2a: Clefable
|-damage|p2a: Clefable|51/100
|
|-heal|p2a: Clefable|57/100|[from] item: Leftovers
|upkeep
|turn|17
|
|t:|1758999459
|move|p2a: Clefable|Moonlight|p2a: Clefable
|-heal|p2a: Clefable|100/100
|move|p1a: Quagsire|Earthquake|p2a: Clefable
|-supereffective|p2a: Clefable
|-damage|p2a: Clefable|52/100
|
|-heal|p2a: Clefable|58/100|[from] item: Leftovers
|upkeep
|turn|18
|
|t:|1758999462
|move|p2a: Clefable|Moonlight|p2a: Clefable
|-heal|p2a: Clefable|100/100
|move|p1a: Quagsire|Earthquake|p2a: Clefable
|-supereffective|p2a: Clefable
|-damage|p2a: Clefable|56/100
|
|-heal|p2a: Clefable|62/100|[from] item: Leftovers
|upkeep
|turn|19
|
|t:|1758999463
|move|p2a: Clefable|Stored Power|p1a: Quagsire
|-damage|p1a: Quagsire|52/100
|move|p1a: Quagsire|Earthquake|p2a: Clefable
|-supereffective|p2a: Clefable
|-damage|p2a: Clefable|15/100
|
|-heal|p2a: Clefable|21/100|[from] item: Leftovers
|upkeep
|turn|20
|
|t:|1758999466
|move|p2a: Clefable|Stored Power|p1a: Quagsire
|-damage|p1a: Quagsire|7/100
|-enditem|p1a: Quagsire|Sitrus Berry|[eat]
|-heal|p1a: Quagsire|31/100|[from] item: Sitrus Berry
|move|p1a: Quagsire|Earthquake|p2a: Clefable
|-supereffective|p2a: Clefable
|-damage|p2a: Clefable|0 fnt
|faint|p2a: Clefable
|
|win|venjazanzhes123
|raw|venjazanzhes123's rating: 1502 &rarr; <strong>1525</strong><br />(+23 for winning)
|raw|Yomoma’sash's rating: 1558 &rarr; <strong>1535</strong><br />(-23 for losing)
|l|☆Yomoma’sash
|player|p2|
