|j|☆ohjeebus
|j|☆Marcel aus Berlin
|t:|1758967900
|gametype|singles
|player|p1|ohjeebus|koga|1496
|player|p2|Marcel aus Berlin|169|1470
|gen|9
|tier|[Gen 9] OU
|rated|
|rule|HP Percentage Mod: HP is shown in percentages
|rule|Endless Battle Clause: Forcing endless battles is banned
|rule|Species Clause: Limit one of each Pokémon
|rule|OHKO Clause: OHKO moves are banned
|rule|Evasion Items Clause: Evasion items are banned
|rule|Evasion Moves Clause: Evasion moves are banned
|rule|Evasion Abilities Clause: Evasion abilities are banned
|rule|Sleep Moves Clause: Sleep-inducing moves are banned
|clearpoke
|poke|p1|Ogerpon-Wellspring, F|
|poke|p1|Gholdengo|
|poke|p1|Moltres|
|poke|p1|Primarina, M|
|poke|p1|Dragonite, F|
|poke|p1|Great Tusk|
|poke|p2|Tyranitar, M|
|poke|p2|Excadrill, M|
|poke|p2|Hydrapple, F|
|poke|p2|Clefable, F|
|poke|p2|Corviknight, M|
|poke|p2|Slowking-Galar, M|
|teampreview
|inactive|Battle timer is ON: inactive players will automatically lose when time's up. (requested by ohjeebus)
|
|t:|1758967913
|teamsize|p1|6
|teamsize|p2|6
|start
|switch|p1a: Great Tusk|Great Tusk|100/100
|switch|p2a: Hydrapple|Hydrapple, F|100/100
|turn|1
|
|t:|1758967925
|switch|p2a: Corviknight|Corviknight, M|100/100
|-ability|p2a: Corviknight|Pressure
|move|p1a: Great Tusk|Ice Spinner|p2a: Corviknight
|-damage|p2a: Corviknight|83/100
|
|-heal|p2a: Corviknight|89/100|[from] item: Leftovers
|upkeep
|turn|2
|
|t:|1758967934
|move|p1a: Great Tusk|Stealth Rock|p2a: Corviknight
|-sidestart|p2: Marcel aus Berlin|move: Stealth Rock
|move|p2a: Corviknight|U-turn|p1a: Great Tusk
|-resisted|p1a: Great Tusk
|-damage|p1a: Great Tusk|95/100
|
|t:|1758967941
|switch|p2a: Clefable|Clefable, F|100/100|[from] U-turn
|
|upkeep
|turn|3
|
|t:|1758967944
|move|p1a: Great Tusk|Headlong Rush|p2a: Clefable
|-damage|p2a: Clefable|53/100
|-unboost|p1a: Great Tusk|def|1
|-unboost|p1a: Great Tusk|spd|1
|move|p2a: Clefable|Stealth Rock|p1a: Great Tusk
|-sidestart|p1: ohjeebus|move: Stealth Rock
|
|-heal|p2a: Clefable|59/100|[from] item: Leftovers
|upkeep
|turn|4
|
|t:|1758967949
|move|p1a: Great Tusk|Rapid Spin|p2a: Clefable
|-damage|p2a: Clefable|45/100
|-boost|p1a: Great Tusk|spe|1
|-sideend|p1: ohjeebus|Stealth Rock|[from] move: Rapid Spin|[of] p1a: Great Tusk
|move|p2a: Clefable|Moonlight|p2a: Clefable
|-heal|p2a: Clefable|95/100
|
|-heal|p2a: Clefable|100/100|[from] item: Leftovers
|upkeep
|turn|5
|
|t:|1758967954
|move|p1a: Great Tusk|Headlong Rush|p2a: Clefable
|-damage|p2a: Clefable|50/100
|-unboost|p1a: Great Tusk|def|1
|-unboost|p1a: Great Tusk|spd|1
|move|p2a: Clefable|Stealth Rock|p1a: Great Tusk
|-sidestart|p1: ohjeebus|move: Stealth Rock
|
|-heal|p2a: Clefable|56/100|[from] item: Leftovers
|upkeep
|turn|6
|
|t:|1758967958
|move|p1a: Great Tusk|Headlong Rush|p2a: Clefable
|-damage|p2a: Clefable|7/100
|-unboost|p1a: Great Tusk|def|1
|-unboost|p1a: Great Tusk|spd|1
|move|p2a: Clefable|Moonblast|p1a: Great Tusk
|-supereffective|p1a: Great Tusk
|-damage|p1a: Great Tusk|0 fnt
|faint|p1a: Great Tusk
|-end|p1a: Great Tusk|Protosynthesis|[silent]
|
|-heal|p2a: Clefable|13/100|[from] item: Leftovers
|upkeep
|
|t:|1758967962
|switch|p1a: Ogerpon|Ogerpon-Wellspring, F|100/100
|-damage|p1a: Ogerpon|88/100|[from] Stealth Rock
|turn|7
|
|t:|1758967965
|switch|p2a: Hydrapple|Hydrapple, F|100/100
|move|p1a: Ogerpon|Swords Dance|p1a: Ogerpon
|-boost|p1a: Ogerpon|atk|2
|
|upkeep
|turn|8
|
|t:|1758967975
|move|p1a: Ogerpon|Swords Dance|p1a: Ogerpon
|-boost|p1a: Ogerpon|atk|2
|move|p2a: Hydrapple|Giga Drain|p1a: Ogerpon
|-damage|p1a: Ogerpon|54/100
|
|upkeep
|turn|9
|
|t:|1758967982
|move|p1a: Ogerpon|Ivy Cudgel|p2a: Hydrapple|[anim] Ivy Cudgel Water
|-resisted|p2a: Hydrapple
|-damage|p2a: Hydrapple|78/100
|move|p2a: Hydrapple|Giga Drain|p1a: Ogerpon
|-damage|p1a: Ogerpon|20/100
|-heal|p2a: Hydrapple|90/100|[from] drain|[of] p1a: Ogerpon
|
|upkeep
|turn|10
|
|t:|1758967984
|move|p1a: Ogerpon|Synthesis|p1a: Ogerpon
|-heal|p1a: Ogerpon|70/100
|move|p2a: Hydrapple|Giga Drain|p1a: Ogerpon
|-damage|p1a: Ogerpon|36/100
|-heal|p2a: Hydrapple|100/100|[from] drain|[of] p1a: Ogerpon
|
|upkeep
|turn|11
|
|t:|1758967987
|move|p1a: Ogerpon|Synthesis|p1a: Ogerpon
|-heal|p1a: Ogerpon|86/100
|move|p2a: Hydrapple|Giga Drain|p1a: Ogerpon
|-damage|p1a: Ogerpon|53/100
|
|upkeep
|turn|12
|
|t:|1758967989
|switch|p1a: Gholdengo|Gholdengo|100/100
|-damage|p1a: Gholdengo|94/100|[from] Stealth Rock
|move|p2a: Hydrapple|Fickle Beam|p1a: Gholdengo
|-resisted|p1a: Gholdengo
|-damage|p1a: Gholdengo|77/100
|
|upkeep
|turn|13
|
|t:|1758967997
|switch|p2a: Clefable|Clefable, F|13/100
|move|p1a: Gholdengo|Make It Rain|p2a: Clefable
|-supereffective|p2a: Clefable
|-damage|p2a: Clefable|0 fnt
|-unboost|p1a: Gholdengo|spa|1
|faint|p2a: Clefable
|
|upkeep
|
|t:|1758968001
|switch|p2a: Tyranitar|Tyranitar, M|100/100
|-damage|p2a: Tyranitar|88/100|[from] Stealth Rock
|-weather|Sandstorm|[from] ability: Sand Stream|[of] p2a: Tyranitar
|turn|14
|
|t:|1758968004
|switch|p1a: Primarina|Primarina, M|100/100
|move|p2a: Tyranitar|Knock Off|p1a: Primarina
|-resisted|p1a: Primarina
|-damage|p1a: Primarina|82/100
|-enditem|p1a: Primarina|Heavy-Duty Boots|[from] move: Knock Off|[of] p2a: Tyranitar
|
|-weather|Sandstorm|[upkeep]
|-damage|p1a: Primarina|76/100|[from] Sandstorm
|-heal|p2a: Tyranitar|94/100|[from] item: Leftovers
|upkeep
|turn|15
|
|t:|1758968011
|switch|p2a: Slowking|Slowking-Galar, M|100/100
|-damage|p2a: Slowking|88/100|[from] Stealth Rock
|move|p1a: Primarina|Calm Mind|p1a: Primarina
|-boost|p1a: Primarina|spa|1
|-boost|p1a: Primarina|spd|1
|
|-weather|Sandstorm|[upkeep]
|-damage|p1a: Primarina|70/100|[from] Sandstorm
|-damage|p2a: Slowking|82/100|[from] Sandstorm
|upkeep
|turn|16
|
|t:|1758968013
|switch|p1a: Gholdengo|Gholdengo|77/100
|-damage|p1a: Gholdengo|71/100|[from] Stealth Rock
|move|p2a: Slowking|Sludge Bomb|p1a: Gholdengo
|-immune|p1a: Gholdengo
|
|-weather|Sandstorm|[upkeep]
|-damage|p2a: Slowking|76/100|[from] Sandstorm
|upkeep
|turn|17
|
|t:|1758968027
|switch|p2a: Corviknight|Corviknight, M|89/100
|-damage|p2a: Corviknight|77/100|[from] Stealth Rock
|-ability|p2a: Corviknight|Pressure
|move|p1a: Gholdengo|Make It Rain|p2a: Corviknight
|-resisted|p2a: Corviknight
|-damage|p2a: Corviknight|46/100
|-unboost|p1a: Gholdengo|spa|1
|
|-weather|Sandstorm|[upkeep]
|-heal|p2a: Corviknight|52/100|[from] item: Leftovers
|upkeep
|turn|18
|
|t:|1758968030
|switch|p1a: Moltres|Moltres|100/100
|move|p2a: Corviknight|Roost|p2a: Corviknight
|-heal|p2a: Corviknight|100/100
|-singleturn|p2a: Corviknight|move: Roost
|
|-weather|none
|upkeep
|turn|19
|
|t:|1758968034
|switch|p2a: Slowking|Slowking-Galar, M|100/100
|-damage|p2a: Slowking|88/100|[from] Stealth Rock
|move|p1a: Moltres|U-turn|p2a: Slowking
|-damage|p2a: Slowking|73/100
|
|t:|1758968036
|switch|p1a: Gholdengo|Gholdengo|71/100|[from] U-turn
|-damage|p1a: Gholdengo|65/100|[from] Stealth Rock
|
|upkeep
|turn|20
|
|t:|1758968044
|switch|p2a: Tyranitar|Tyranitar, M|94/100
|-damage|p2a: Tyranitar|82/100|[from] Stealth Rock
|-weather|Sandstorm|[from] ability: Sand Stream|[of] p2a: Tyranitar
|move|p1a: Gholdengo|Trick|p2a: Tyranitar
|-activate|p1a: Gholdengo|move: Trick|[of] p2a: Tyranitar
|-item|p2a: Tyranitar|Choice Scarf|[from] move: Trick
|-item|p1a: Gholdengo|Leftovers|[from] move: Trick
|
|-weather|Sandstorm|[upkeep]
|-heal|p1a: Gholdengo|71/100|[from] item: Leftovers
|upkeep
|turn|21
|
|t:|1758968054
|switch|p1a: Primarina|Primarina, M|70/100
|-damage|p1a: Primarina|58/100|[from] Stealth Rock
|move|p2a: Tyranitar|Knock Off|p1a: Primarina
|-resisted|p1a: Primarina
|-damage|p1a: Primarina|45/100
|
|-weather|Sandstorm|[upkeep]
|-damage|p1a: Primarina|39/100|[from] Sandstorm
|upkeep
|turn|22
|
|t:|1758968065
|switch|p2a: Slowking|Slowking-Galar, M|100/100
|-damage|p2a: Slowking|88/100|[from] Stealth Rock
|move|p1a: Primarina|Calm Mind|p1a: Primarina
|-boost|p1a: Primarina|spa|1
|-boost|p1a: Primarina|spd|1
|
|-weather|Sandstorm|[upkeep]
|-damage|p1a: Primarina|33/100|[from] Sandstorm
|-damage|p2a: Slowking|82/100|[from] Sandstorm
|upkeep
|turn|23
|
|t:|1758968077
|move|p1a: Primarina|Calm Mind|p1a: Primarina
|-boost|p1a: Primarina|spa|1
|-boost|p1a: Primarina|spd|1
|move|p2a: Slowking|Flamethrower|p1a: Primarina
|-resisted|p1a: Primarina
|-damage|p1a: Primarina|26/100
|-status|p1a: Primarina|brn
|
|-weather|Sandstorm|[upkeep]
|-damage|p1a: Primarina|20/100 brn|[from] Sandstorm
|-damage|p2a: Slowking|76/100|[from] Sandstorm
|-damage|p1a: Primarina|14/100 brn|[from] brn
|upkeep
|turn|24
|
|t:|1758968080
|move|p1a: Primarina|Surf|p2a: Slowking
|-damage|p2a: Slowking|20/100
|move|p2a: Slowking|Flamethrower|p1a: Primarina
|-resisted|p1a: Primarina
|-damage|p1a: Primarina|8/100 brn
|
|-weather|none
|-damage|p1a: Primarina|2/100 brn|[from] brn
|upkeep
|turn|25
|
|t:|1758968090
|switch|p2a: Corviknight|Corviknight, M|100/100
|-damage|p2a: Corviknight|88/100|[from] Stealth Rock
|-ability|p2a: Corviknight|Pressure
|move|p1a: Primarina|Draining Kiss|p2a: Corviknight
|-resisted|p2a: Corviknight
|-damage|p2a: Corviknight|68/100
|-heal|p1a: Primarina|20/100 brn|[from] drain|[of] p2a: Corviknight
|
|-heal|p2a: Corviknight|74/100|[from] item: Leftovers
|-damage|p1a: Primarina|14/100 brn|[from] brn
|upkeep
|turn|26
|
|t:|1758968095
|move|p2a: Corviknight|Brave Bird|p1a: Primarina
|-damage|p1a: Primarina|0 fnt
|faint|p1a: Primarina
|-damage|p2a: Corviknight|70/100|[from] Recoil
|
|-heal|p2a: Corviknight|76/100|[from] item: Leftovers
|upkeep
|
|t:|1758968098
|switch|p1a: Dragonite|Dragonite, F|100/100
|-damage|p1a: Dragonite|76/100|[from] Stealth Rock
|turn|27
|
|t:|1758968107
|move|p1a: Dragonite|Dragon Dance|p1a: Dragonite
|-boost|p1a: Dragonite|atk|1
|-boost|p1a: Dragonite|spe|1
|move|p2a: Corviknight|U-turn|p1a: Dragonite
|-resisted|p1a: Dragonite
|-damage|p1a: Dragonite|67/100
|
|t:|1758968127
|switch|p2a: Tyranitar|Tyranitar, M|82/100|[from] U-turn
|-damage|p2a: Tyranitar|70/100|[from] Stealth Rock
|-weather|Sandstorm|[from] ability: Sand Stream|[of] p2a: Tyranitar
|
|-weather|Sandstorm|[upkeep]
|-damage|p1a: Dragonite|61/100|[from] Sandstorm
|upkeep
|turn|28
|
|t:|1758968131
|move|p1a: Dragonite|Scale Shot|p2a: Tyranitar
|-damage|p2a: Tyranitar|54/100
|-damage|p2a: Tyranitar|38/100
|-damage|p2a: Tyranitar|20/100
|-crit|p2a: Tyranitar
|-damage|p2a: Tyranitar|0 fnt
|faint|p2a: Tyranitar
|-hitcount|p2: Tyranitar|4
|-unboost|p1a: Dragonite|def|1
|-boost|p1a: Dragonite|spe|1
|
|-weather|Sandstorm|[upkeep]
|-damage|p1a: Dragonite|55/100|[from] Sandstorm
|upkeep
|
|t:|1758968143
|switch|p2a: Excadrill|Excadrill, M|100/100
|-damage|p2a: Excadrill|97/100|[from] Stealth Rock
|-item|p2a: Excadrill|Air Balloon
|turn|29
|
|t:|1758968162
|switch|p1a: Moltres|Moltres|100/100
|move|p2a: Excadrill|Iron Head|p1a: Moltres
|-resisted|p1a: Moltres
|-damage|p1a: Moltres|85/100
|
|-weather|Sandstorm|[upkeep]
|-damage|p1a: Moltres|79/100|[from] Sandstorm
|upkeep
|turn|30
|
|t:|1758968169
|switch|p2a: Hydrapple|Hydrapple, F|100/100
|move|p1a: Moltres|Flamethrower|p2a: Hydrapple
|-damage|p2a: Hydrapple|62/100
|
|-weather|Sandstorm|[upkeep]
|-damage|p1a: Moltres|73/100|[from] Sandstorm
|-damage|p2a: Hydrapple|56/100|[from] Sandstorm
|upkeep
|turn|31
|
|t:|1758968180
|switch|p2a: Slowking|Slowking-Galar, M|54/100
|-damage|p2a: Slowking|41/100|[from] Stealth Rock
|move|p1a: Moltres|Flamethrower|p2a: Slowking
|-damage|p2a: Slowking|24/100
|
|-weather|none
|upkeep
|turn|32
|
|t:|1758968196
|move|p1a: Moltres|U-turn|p2a: Slowking
|-damage|p2a: Slowking|9/100
|
|t:|1758968200
|switch|p1a: Gholdengo|Gholdengo|71/100|[from] U-turn
|-damage|p1a: Gholdengo|65/100|[from] Stealth Rock
|move|p2a: Slowking|Flamethrower|p1a: Gholdengo
|-supereffective|p1a: Gholdengo
|-damage|p1a: Gholdengo|1/100
|
|-heal|p1a: Gholdengo|7/100|[from] item: Leftovers
|upkeep
|turn|33
|
|t:|1758968205
|switch|p2a: Corviknight|Corviknight, M|76/100
|-damage|p2a: Corviknight|64/100|[from] Stealth Rock
|-ability|p2a: Corviknight|Pressure
|move|p1a: Gholdengo|Recover|p1a: Gholdengo
|-heal|p1a: Gholdengo|57/100
|
|-heal|p1a: Gholdengo|63/100|[from] item: Leftovers
|-heal|p2a: Corviknight|70/100|[from] item: Leftovers
|upkeep
|turn|34
|
|t:|1758968211
|move|p1a: Gholdengo|Shadow Ball|p2a: Corviknight
|-damage|p2a: Corviknight|32/100
|-unboost|p2a: Corviknight|spd|1
|move|p2a: Corviknight|U-turn|p1a: Gholdengo
|-resisted|p1a: Gholdengo
|-crit|p1a: Gholdengo
|-damage|p1a: Gholdengo|58/100
|
|t:|1758968219
|switch|p2a: Excadrill|Excadrill, M|97/100|[from] U-turn
|-damage|p2a: Excadrill|94/100|[from] Stealth Rock
|-item|p2a: Excadrill|Air Balloon
|
|-heal|p1a: Gholdengo|64/100|[from] item: Leftovers
|upkeep
|turn|35
|
|t:|1758968223
|switch|p1a: Moltres|Moltres|73/100
|move|p2a: Excadrill|Rapid Spin|p1a: Moltres
|-damage|p1a: Moltres|59/100
|-boost|p2a: Excadrill|spe|1
|-status|p2a: Excadrill|brn|[from] ability: Flame Body|[of] p1a: Moltres
|-sideend|p2: Marcel aus Berlin|Stealth Rock|[from] move: Rapid Spin|[of] p2a: Excadrill
|
|-damage|p2a: Excadrill|88/100 brn|[from] brn
|upkeep
|turn|36
|
|t:|1758968233
|move|p2a: Excadrill|Swords Dance|p2a: Excadrill
|-boost|p2a: Excadrill|atk|2
|move|p1a: Moltres|Flamethrower|p2a: Excadrill
|-supereffective|p2a: Excadrill
|-damage|p2a: Excadrill|0 fnt
|-enditem|p2a: Excadrill|Air Balloon
|faint|p2a: Excadrill
|
|upkeep
|
|t:|1758968236
|switch|p2a: Slowking|Slowking-Galar, M|43/100
|turn|37
|
|t:|1758968246
|move|p1a: Moltres|Flamethrower|p2a: Slowking
|-damage|p2a: Slowking|25/100
|move|p2a: Slowking|Psyshock|p1a: Moltres
|-damage|p1a: Moltres|34/100
|
|upkeep
|turn|38
|
|t:|1758968267
|switch|p2a: Corviknight|Corviknight, M|32/100
|-ability|p2a: Corviknight|Pressure
|move|p1a: Moltres|Flamethrower|p2a: Corviknight
|-supereffective|p2a: Corviknight
|-damage|p2a: Corviknight|0 fnt
|faint|p2a: Corviknight
|
|upkeep
|
|t:|1758968269
|switch|p2a: Slowking|Slowking-Galar, M|58/100
|turn|39
|
|t:|1758968277
|move|p1a: Moltres|U-turn|p2a: Slowking
|-crit|p2a: Slowking
|-damage|p2a: Slowking|36/100
|
|t:|1758968278
|switch|p1a: Ogerpon|Ogerpon-Wellspring, F|53/100|[from] U-turn
|-damage|p1a: Ogerpon|41/100|[from] Stealth Rock
|move|p2a: Slowking|Sludge Bomb|p1a: Ogerpon
|-supereffective|p1a: Ogerpon
|-damage|p1a: Ogerpon|0 fnt
|faint|p1a: Ogerpon
|
|upkeep
|
|t:|1758968279
|switch|p1a: Gholdengo|Gholdengo|64/100
|-damage|p1a: Gholdengo|58/100|[from] Stealth Rock
|turn|40
|
|t:|1758968284
|-terastallize|p2a: Slowking|Water
|move|p1a: Gholdengo|Shadow Ball|p2a: Slowking
|-damage|p2a: Slowking|13/100
|move|p2a: Slowking|Flamethrower|p1a: Gholdengo
|-supereffective|p1a: Gholdengo
|-damage|p1a: Gholdengo|0 fnt
|faint|p1a: Gholdengo
|
|upkeep
|
|t:|1758968289
|switch|p1a: Dragonite|Dragonite, F|55/100
|-damage|p1a: Dragonite|30/100|[from] Stealth Rock
|turn|41
|
|t:|1758968307
|switch|p2a: Hydrapple|Hydrapple, F|89/100
|-terastallize|p1a: Dragonite|Fire
|move|p1a: Dragonite|Dragon Dance|p1a: Dragonite
|-boost|p1a: Dragonite|atk|1
|-boost|p1a: Dragonite|spe|1
|
|upkeep
|turn|42
|
|t:|1758968319
|move|p1a: Dragonite|Scale Shot|p2a: Hydrapple
|-supereffective|p2a: Hydrapple
|-damage|p2a: Hydrapple|65/100
|-supereffective|p2a: Hydrapple
|-damage|p2a: Hydrapple|38/100
|-supereffective|p2a: Hydrapple
|-damage|p2a: Hydrapple|12/100
|-supereffective|p2a: Hydrapple
|-damage|p2a: Hydrapple|0 fnt
|faint|p2a: Hydrapple
|-hitcount|p2: Hydrapple|4
|-unboost|p1a: Dragonite|def|1
|-boost|p1a: Dragonite|spe|1
|
|upkeep
|
|t:|1758968322
|switch|p2a: Slowking|Slowking-Galar, M, tera:Water|46/100
|turn|43
|
|t:|1758968325
|move|p1a: Dragonite|Scale Shot|p2a: Slowking
|-damage|p2a: Slowking|22/100
|-damage|p2a: Slowking|0 fnt
|faint|p2a: Slowking
|-hitcount|p2: Slowking|2
|
|win|ohjeebus
|raw|ohjeebus's rating: 1496 &rarr; <strong>1515</strong><br />(+19 for winning)
|raw|Marcel aus Berlin's rating: 1470 &rarr; <strong>1451</strong><br />(-19 for losing)
|l|☆Marcel aus Berlin
|player|p2|
