|j|☆Obito 2001
|j|☆jietouxiaoyu
|t:|1758966983
|gametype|singles
|player|p1|Obito 2001|blue-gen3two|1637
|player|p2|jietouxiaoyu|265|1602
|gen|9
|tier|[Gen 9] OU
|rated|
|rule|HP Percentage Mod: HP is shown in percentages
|rule|Endless Battle Clause: Forcing endless battles is banned
|rule|Species Clause: Limit one of each Pokémon
|rule|OHKO Clause: OHKO moves are banned
|rule|Evasion Items Clause: Evasion items are banned
|rule|Evasion Moves Clause: Evasion moves are banned
|rule|Evasion Abilities Clause: Evasion abilities are banned
|rule|Sleep Moves Clause: Sleep-inducing moves are banned
|clearpoke
|poke|p1|Darkrai|
|poke|p1|Slowking-Galar, F|
|poke|p1|Raging Bolt|
|poke|p1|Dragonite, F|
|poke|p1|Kingambit, M|
|poke|p1|Garchomp, F|
|poke|p2|Dragapult, M|
|poke|p2|Primarina, M|
|poke|p2|Great Tusk|
|poke|p2|Moltres|
|poke|p2|Ting-Lu|
|poke|p2|Raging Bolt|
|teampreview
|inactive|Battle timer is ON: inactive players will automatically lose when time's up. (requested by Obito 2001)
|
|t:|1758966999
|teamsize|p1|6
|teamsize|p2|6
|start
|switch|p1a: Ban me|Darkrai|100/100
|switch|p2a: 多龙巴鲁托|Dragapult, M|100/100
|turn|1
|
|t:|1758967006
|switch|p2a: Primarina|Primarina, M|100/100
|move|p1a: Ban me|Nasty Plot|p1a: Ban me
|-boost|p1a: Ban me|spa|2
|
|upkeep
|turn|2
|
|t:|1758967016
|move|p1a: Ban me|Psyshock|p2a: Primarina
|-damage|p2a: Primarina|16/100
|-damage|p1a: Ban me|91/100|[from] item: Life Orb
|move|p2a: Primarina|Moonblast|p1a: Ban me
|-supereffective|p1a: Ban me
|-damage|p1a: Ban me|0 fnt
|faint|p1a: Ban me
|
|upkeep
|
|t:|1758967022
|switch|p1a: Garchomp|Garchomp, F, shiny|100/100
|turn|3
|
|t:|1758967025
|move|p1a: Garchomp|Earthquake|p2a: Primarina
|-damage|p2a: Primarina|0 fnt
|faint|p2a: Primarina
|
|upkeep
|
|t:|1758967032
|switch|p2a: 多龙巴鲁托|Dragapult, M|100/100
|turn|4
|
|t:|1758967041
|switch|p2a: Great Tusk|Great Tusk|100/100
|switch|p1a: Slowking|Slowking-Galar, F|100/100
|
|upkeep
|turn|5
|
|t:|1758967049
|switch|p1a: Garchomp|Garchomp, F, shiny|100/100
|move|p2a: Great Tusk|Knock Off|p1a: Garchomp
|-damage|p1a: Garchomp|76/100
|-damage|p2a: Great Tusk|88/100|[from] ability: Rough Skin|[of] p1a: Garchomp
|-damage|p2a: Great Tusk|71/100|[from] item: Rocky Helmet|[of] p1a: Garchomp
|-enditem|p1a: Garchomp|Rocky Helmet|[from] move: Knock Off|[of] p2a: Great Tusk
|
|upkeep
|turn|6
|
|t:|1758967057
|move|p2a: Great Tusk|Ice Spinner|p1a: Garchomp
|-supereffective|p1a: Garchomp
|-damage|p1a: Garchomp|0 fnt
|-damage|p2a: Great Tusk|59/100|[from] ability: Rough Skin|[of] p1a: Garchomp
|faint|p1a: Garchomp
|
|upkeep
|
|t:|1758967065
|switch|p1a: Ban me ASAP|Dragonite, F|100/100
|turn|7
|
|t:|1758967070
|move|p2a: Great Tusk|Rapid Spin|p1a: Ban me ASAP
|-damage|p1a: Ban me ASAP|91/100
|-boost|p2a: Great Tusk|spe|1
|move|p1a: Ban me ASAP|Dragon Dance|p1a: Ban me ASAP
|-boost|p1a: Ban me ASAP|atk|1
|-boost|p1a: Ban me ASAP|spe|1
|
|upkeep
|turn|8
|
|t:|1758967077
|move|p1a: Ban me ASAP|Extreme Speed|p2a: Great Tusk
|-damage|p2a: Great Tusk|23/100
|-damage|p1a: Ban me ASAP|74/100|[from] item: Rocky Helmet|[of] p2a: Great Tusk
|move|p2a: Great Tusk|Ice Spinner|p1a: Ban me ASAP
|-supereffective|p1a: Ban me ASAP
|-damage|p1a: Ban me ASAP|0 fnt
|faint|p1a: Ban me ASAP
|
|upkeep
|
|t:|1758967091
|switch|p1a: Ban Gliscor|Raging Bolt|100/100
|turn|9
|
|t:|1758967096
|-terastallize|p1a: Ban Gliscor|Bug
|move|p2a: Great Tusk|Headlong Rush|p1a: Ban Gliscor
|-resisted|p1a: Ban Gliscor
|-damage|p1a: Ban Gliscor|69/100
|-unboost|p2a: Great Tusk|def|1
|-unboost|p2a: Great Tusk|spd|1
|move|p1a: Ban Gliscor|Dragon Pulse|p2a: Great Tusk
|-damage|p2a: Great Tusk|0 fnt
|faint|p2a: Great Tusk
|-end|p2a: Great Tusk|Protosynthesis|[silent]
|
|-heal|p1a: Ban Gliscor|75/100|[from] item: Leftovers
|upkeep
|
|t:|1758967111
|switch|p2a: 多龙巴鲁托|Dragapult, M|100/100
|turn|10
|
|t:|1758967115
|move|p2a: 多龙巴鲁托|Dragon Darts|p1a: Ban Gliscor
|-damage|p1a: Ban Gliscor|36/100
|-anim|p2a: 多龙巴鲁托|Dragon Darts|p1a: Ban Gliscor
|-damage|p1a: Ban Gliscor|0 fnt
|faint|p1a: Ban Gliscor
|-end|p1a: Ban Gliscor|Protosynthesis|[silent]
|
|upkeep
|
|t:|1758967119
|switch|p1a: Ban Zamazenta|Kingambit, M, shiny|100/100
|-activate|p1a: Ban Zamazenta|ability: Supreme Overlord
|-start|p1a: Ban Zamazenta|fallen4|[silent]
|turn|11
|
|t:|1758967124
|switch|p2a: Ting-Lu|Ting-Lu|100/100
|-ability|p2a: Ting-Lu|Vessel of Ruin
|move|p1a: Ban Zamazenta|Swords Dance|p1a: Ban Zamazenta
|-boost|p1a: Ban Zamazenta|atk|2
|
|upkeep
|turn|12
|
|t:|1758967131
|move|p1a: Ban Zamazenta|Low Kick|p2a: Ting-Lu
|-supereffective|p2a: Ting-Lu
|-damage|p2a: Ting-Lu|0 fnt
|faint|p2a: Ting-Lu
|-damage|p1a: Ban Zamazenta|91/100|[from] item: Life Orb
|
|upkeep
|
|t:|1758967136
|switch|p2a: Moltres|Moltres|100/100
|turn|13
|
|t:|1758967140
|-end|p1a: Ban Zamazenta|fallen4|[silent]
|switch|p1a: Slowking|Slowking-Galar, F|100/100
|move|p2a: Moltres|Roar|p1a: Slowking
|drag|p1a: Ban Zamazenta|Kingambit, M, shiny|91/100
|-activate|p1a: Ban Zamazenta|ability: Supreme Overlord
|-start|p1a: Ban Zamazenta|fallen4|[silent]
|
|upkeep
|turn|14
|
|t:|1758967147
|-end|p1a: Ban Zamazenta|fallen4|[silent]
|switch|p1a: Slowking|Slowking-Galar, F|100/100
|move|p2a: Moltres|Flamethrower|p1a: Slowking
|-damage|p1a: Slowking|79/100
|-status|p1a: Slowking|brn
|
|-damage|p1a: Slowking|73/100 brn|[from] brn
|upkeep
|turn|15
|
|t:|1758967158
|move|p1a: Slowking|Future Sight|p2a: Moltres
|-start|p1a: Slowking|move: Future Sight
|move|p2a: Moltres|Roar|p1a: Slowking
|drag|p1a: Ban Zamazenta|Kingambit, M, shiny|91/100
|-activate|p1a: Ban Zamazenta|ability: Supreme Overlord
|-start|p1a: Ban Zamazenta|fallen4|[silent]
|
|upkeep
|turn|16
|
|t:|1758967165
|-end|p1a: Ban Zamazenta|fallen4|[silent]
|switch|p1a: Slowking|Slowking-Galar, F|100/100 brn
|move|p2a: Moltres|Flamethrower|p1a: Slowking
|-damage|p1a: Slowking|81/100 brn
|
|-damage|p1a: Slowking|75/100 brn|[from] brn
|upkeep
|turn|17
|
|t:|1758967176
|move|p2a: Moltres|Flamethrower|p1a: Slowking
|-damage|p1a: Slowking|56/100 brn
|move|p1a: Slowking|Sludge Bomb|p2a: Moltres
|-damage|p2a: Moltres|54/100
|
|-end|p2a: Moltres|move: Future Sight
|-damage|p2a: Moltres|0 fnt
|faint|p2a: Moltres
|-damage|p1a: Slowking|50/100 brn|[from] brn
|upkeep
|
|t:|1758967186
|switch|p2a: Raging Bolt|Raging Bolt|100/100
|-enditem|p2a: Raging Bolt|Booster Energy
|-activate|p2a: Raging Bolt|ability: Protosynthesis|[fromitem]
|-start|p2a: Raging Bolt|protosynthesisspa
|turn|18
|
|t:|1758967191
|move|p2a: Raging Bolt|Calm Mind|p2a: Raging Bolt
|-boost|p2a: Raging Bolt|spa|1
|-boost|p2a: Raging Bolt|spd|1
|move|p1a: Slowking|Ice Beam|p2a: Raging Bolt
|-supereffective|p2a: Raging Bolt
|-damage|p2a: Raging Bolt|68/100
|
|-damage|p1a: Slowking|44/100 brn|[from] brn
|upkeep
|turn|19
|
|t:|1758967199
|-terastallize|p2a: Raging Bolt|Fairy
|move|p2a: Raging Bolt|Calm Mind|p2a: Raging Bolt
|-boost|p2a: Raging Bolt|spa|1
|-boost|p2a: Raging Bolt|spd|1
|move|p1a: Slowking|Ice Beam|p2a: Raging Bolt
|-damage|p2a: Raging Bolt|56/100
|
|-damage|p1a: Slowking|38/100 brn|[from] brn
|upkeep
|turn|20
|
|t:|1758967207
|move|p2a: Raging Bolt|Thunderbolt|p1a: Slowking
|-damage|p1a: Slowking|0 fnt
|faint|p1a: Slowking
|
|upkeep
|
|t:|1758967209
|switch|p1a: Ban Zamazenta|Kingambit, M, shiny|91/100
|-activate|p1a: Ban Zamazenta|ability: Supreme Overlord
|-start|p1a: Ban Zamazenta|fallen5|[silent]
|turn|21
|
|t:|1758967215
|move|p1a: Ban Zamazenta|Iron Head|p2a: Raging Bolt
|-supereffective|p2a: Raging Bolt
|-damage|p2a: Raging Bolt|0 fnt
|faint|p2a: Raging Bolt
|-end|p2a: Raging Bolt|Protosynthesis|[silent]
|-damage|p1a: Ban Zamazenta|81/100|[from] item: Life Orb
|
|upkeep
|
|t:|1758967225
|switch|p2a: 多龙巴鲁托|Dragapult, M|100/100
|turn|22
|
|t:|1758967229
|move|p1a: Ban Zamazenta|Sucker Punch|p2a: 多龙巴鲁托
|-supereffective|p2a: 多龙巴鲁托
|-damage|p2a: 多龙巴鲁托|0 fnt
|faint|p2a: 多龙巴鲁托
|-damage|p1a: Ban Zamazenta|71/100|[from] item: Life Orb
|
|win|Obito 2001
|raw|Obito 2001's rating: 1637 &rarr; <strong>1655</strong><br />(+18 for winning)
|raw|jietouxiaoyu's rating: 1602 &rarr; <strong>1584</strong><br />(-18 for losing)
|l|☆jietouxiaoyu
|player|p2|
|l|☆Obito 2001
|player|p1|
