|j|☆bugbmg
|j|☆sailormooo
|t:|1758957022
|gametype|singles
|player|p1|bugbmg|102|1082
|player|p2|sailormooo|whitney-gen2|1110
|gen|9
|tier|[Gen 9] OU
|rated|
|rule|HP Percentage Mod: HP is shown in percentages
|rule|Endless Battle Clause: Forcing endless battles is banned
|rule|Species Clause: Limit one of each Pokémon
|rule|OHKO Clause: OHKO moves are banned
|rule|Evasion Items Clause: Evasion items are banned
|rule|Evasion Moves Clause: Evasion moves are banned
|rule|Evasion Abilities Clause: Evasion abilities are banned
|rule|Sleep Moves Clause: Sleep-inducing moves are banned
|clearpoke
|poke|p1|Moltres-Galar|
|poke|p1|Zapdos-Galar|
|poke|p1|Articuno-Galar|
|poke|p1|Walking Wake|
|poke|p1|Gholdengo|
|poke|p1|Ting-Lu|
|poke|p2|Maushold-Four|
|poke|p2|Zoroark-Hisui, F|
|poke|p2|Ditto|
|poke|p2|Arboliva, F|
|poke|p2|Meloetta|
|poke|p2|Smeargle, F|
|teampreview
|inactive|Battle timer is ON: inactive players will automatically lose when time's up. (requested by sailormooo)
|inactive|sailormooo has 120 seconds left.
|
|t:|1758957054
|teamsize|p1|6
|teamsize|p2|6
|start
|switch|p1a: Ting-Lu|Ting-Lu|100/100
|switch|p2a: Pocahontas|Arboliva, F, shiny|100/100
|-ability|p1a: Ting-Lu|Vessel of Ruin
|turn|1
|
|t:|1758957063
|move|p1a: Ting-Lu|Stealth Rock|p2a: Pocahontas
|-sidestart|p2: sailormooo|move: Stealth Rock
|move|p2a: Pocahontas|Leech Seed|p1a: Ting-Lu
|-start|p1a: Ting-Lu|move: Leech Seed
|
|-damage|p1a: Ting-Lu|88/100|[from] Leech Seed|[of] p2a: Pocahontas
|upkeep
|turn|2
|
|t:|1758957070
|move|p1a: Ting-Lu|Spikes|p2a: Pocahontas
|-sidestart|p2: sailormooo|Spikes
|move|p2a: Pocahontas|Giga Drain|p1a: Ting-Lu
|-supereffective|p1a: Ting-Lu
|-damage|p1a: Ting-Lu|57/100
|
|-damage|p1a: Ting-Lu|45/100|[from] Leech Seed|[of] p2a: Pocahontas
|upkeep
|turn|3
|
|t:|1758957086
|switch|p1a: Walking Wake|Walking Wake|100/100
|-enditem|p1a: Walking Wake|Booster Energy
|-activate|p1a: Walking Wake|ability: Protosynthesis|[fromitem]
|-start|p1a: Walking Wake|protosynthesisspa
|move|p2a: Pocahontas|Giga Drain|p1a: Walking Wake
|-damage|p1a: Walking Wake|65/100
|
|upkeep
|turn|4
|
|t:|1758957098
|-terastallize|p1a: Walking Wake|Fire
|move|p1a: Walking Wake|Flamethrower|p2a: Pocahontas
|-supereffective|p2a: Pocahontas
|-damage|p2a: Pocahontas|18/100
|-enditem|p2a: Pocahontas|Sitrus Berry|[eat]
|-heal|p2a: Pocahontas|43/100|[from] item: Sitrus Berry
|move|p2a: Pocahontas|Leech Seed|p1a: Walking Wake
|-start|p1a: Walking Wake|move: Leech Seed
|
|-damage|p1a: Walking Wake|53/100|[from] Leech Seed|[of] p2a: Pocahontas
|-heal|p2a: Pocahontas|55/100|[silent]
|upkeep
|turn|5
|inactive|sailormooo has 120 seconds left.
|
|t:|1758957132
|move|p1a: Walking Wake|Flamethrower|p2a: Pocahontas
|-supereffective|p2a: Pocahontas
|-damage|p2a: Pocahontas|0 fnt
|faint|p2a: Pocahontas
|
|upkeep
|inactive|sailormooo has 120 seconds left.
|
|t:|1758957138
|switch|p2a: Cinderella|Maushold-Four, shiny|100/100
|-damage|p2a: Cinderella|88/100|[from] Stealth Rock
|-damage|p2a: Cinderella|76/100|[from] Spikes
|turn|6
|
|t:|1758957146
|move|p2a: Cinderella|Tidy Up|p2a: Cinderella
|-sideend|p2: sailormooo|Spikes
|-sideend|p2: sailormooo|Stealth Rock
|-activate|p2a: Cinderella|move: Tidy Up
|-boost|p2a: Cinderella|atk|1
|-boost|p2a: Cinderella|spe|1
|move|p1a: Walking Wake|Flamethrower|p2a: Cinderella
|-damage|p2a: Cinderella|0 fnt
|faint|p2a: Cinderella
|
|upkeep
|inactive|sailormooo has 120 seconds left.
|
|t:|1758957167
|switch|p2a: Rapunzel|Smeargle, F, shiny|100/100
|turn|7
|
|t:|1758957173
|move|p1a: Walking Wake|Flamethrower|p2a: Rapunzel
|-enditem|p2a: Rapunzel|Focus Sash
|-damage|p2a: Rapunzel|1/100
|move|p2a: Rapunzel|Population Bomb|p1a: Walking Wake
|-damage|p1a: Walking Wake|46/100
|-hitcount|p1a: Walking Wake|1
|
|-damage|p1a: Walking Wake|33/100|[from] Leech Seed|[of] p2a: Rapunzel
|-heal|p2a: Rapunzel|18/100|[silent]
|upkeep
|turn|8
|inactive|sailormooo has 120 seconds left.
|
|t:|1758957189
|move|p1a: Walking Wake|Flamethrower|p2a: Rapunzel
|-damage|p2a: Rapunzel|0 fnt
|faint|p2a: Rapunzel
|
|upkeep
|
|t:|1758957193
|switch|p2a: Ariel|Ditto, shiny|100/100
|-transform|p2a: Ariel|p1a: Walking Wake|[from] ability: Imposter
|-start|p2a: Ariel|typechange|Water/Dragon|[silent]
|turn|9
|
|t:|1758957202
|move|p2a: Ariel|Scald|p1a: Walking Wake
|-supereffective|p1a: Walking Wake
|-damage|p1a: Walking Wake|0 fnt
|faint|p1a: Walking Wake
|-end|p1a: Walking Wake|Protosynthesis|[silent]
|
|upkeep
|
|t:|1758957220
|switch|p1a: Moltres|Moltres-Galar|100/100
|turn|10
|inactive|sailormooo has 120 seconds left.
|
|t:|1758957251
|move|p2a: Ariel|Scald|p1a: Moltres
|-damage|p1a: Moltres|83/100
|-status|p1a: Moltres|brn
|move|p1a: Moltres|Hurricane|p2a: Ariel|[miss]
|-miss|p1a: Moltres|p2a: Ariel
|
|-damage|p1a: Moltres|77/100 brn|[from] brn
|upkeep
|turn|11
|inactive|sailormooo has 120 seconds left.
|
|t:|1758957261
|-end|p2a: Ariel|Protosynthesis|[silent]
|switch|p2a: Snow White|Meloetta|100/100
|move|p1a: Moltres|Hurricane|p2a: Snow White|[miss]
|-miss|p1a: Moltres|p2a: Snow White
|
|-damage|p1a: Moltres|71/100 brn|[from] brn
|upkeep
|turn|12
|inactive|sailormooo has 120 seconds left.
|
|t:|1758957273
|-terastallize|p2a: Snow White|Fairy
|move|p2a: Snow White|Calm Mind|p2a: Snow White
|-boost|p2a: Snow White|spa|1
|-boost|p2a: Snow White|spd|1
|move|p1a: Moltres|Fiery Wrath|p2a: Snow White
|-resisted|p2a: Snow White
|-damage|p2a: Snow White|93/100
|
|-damage|p1a: Moltres|65/100 brn|[from] brn
|upkeep
|turn|13
|
|t:|1758957284
|move|p2a: Snow White|Alluring Voice|p1a: Moltres
|-supereffective|p1a: Moltres
|-damage|p1a: Moltres|7/100 brn
|-ability|p1a: Moltres|Berserk|boost
|-boost|p1a: Moltres|spa|1
|move|p1a: Moltres|Brave Bird|p2a: Snow White
|-damage|p2a: Snow White|76/100
|-damage|p1a: Moltres|0 fnt|[from] Recoil
|faint|p1a: Moltres
|
|upkeep
|
|t:|1758957297
|switch|p1a: Gholdengo|Gholdengo|100/100
|turn|14
|
|t:|1758957305
|move|p2a: Snow White|Psychic|p1a: Gholdengo
|-resisted|p1a: Gholdengo
|-damage|p1a: Gholdengo|60/100
|move|p1a: Gholdengo|Make It Rain|p2a: Snow White
|-supereffective|p2a: Snow White
|-damage|p2a: Snow White|12/100
|-unboost|p1a: Gholdengo|spa|1
|
|upkeep
|turn|15
|
|t:|1758957318
|move|p2a: Snow White|Psychic|p1a: Gholdengo
|-resisted|p1a: Gholdengo
|-crit|p1a: Gholdengo
|-damage|p1a: Gholdengo|2/100
|-unboost|p1a: Gholdengo|spd|1
|move|p1a: Gholdengo|Reflect|p1a: Gholdengo
|-sidestart|p1: bugbmg|Reflect
|
|upkeep
|turn|16
|
|t:|1758957324
|move|p2a: Snow White|Psychic|p1a: Gholdengo
|-resisted|p1a: Gholdengo
|-damage|p1a: Gholdengo|0 fnt
|faint|p1a: Gholdengo
|
|upkeep
|
|t:|1758957331
|switch|p1a: Zapdos|Zapdos-Galar|100/100
|turn|17
|inactive|sailormooo has 120 seconds left.
|
|t:|1758957370
|move|p1a: Zapdos|Thunderous Kick|p2a: Snow White
|-resisted|p2a: Snow White
|-damage|p2a: Snow White|0 fnt
|faint|p2a: Snow White
|
|upkeep
|
|t:|1758957376
|switch|p2a: Ariel|Ditto, shiny|100/100
|-transform|p2a: Ariel|p1a: Zapdos|[from] ability: Imposter
|turn|18
|
|t:|1758957381
|move|p1a: Zapdos|Thunderous Kick|p2a: Ariel
|-resisted|p2a: Ariel
|-damage|p2a: Ariel|72/100
|-unboost|p2a: Ariel|def|1
|-ability|p2a: Ariel|Defiant|boost
|-boost|p2a: Ariel|atk|2
|move|p2a: Ariel|Drill Peck|p1a: Zapdos
|-supereffective|p1a: Zapdos
|-damage|p1a: Zapdos|4/100
|
|upkeep
|turn|19
|
|t:|1758957391
|move|p1a: Zapdos|Thunderous Kick|p2a: Ariel
|-resisted|p2a: Ariel
|-damage|p2a: Ariel|27/100
|-unboost|p2a: Ariel|def|1
|-ability|p2a: Ariel|Defiant|boost
|-boost|p2a: Ariel|atk|2
|move|p2a: Ariel|Drill Peck|p1a: Zapdos
|-supereffective|p1a: Zapdos
|-damage|p1a: Zapdos|0 fnt
|faint|p1a: Zapdos
|
|-sideend|p1: bugbmg|Reflect
|upkeep
|
|t:|1758957405
|switch|p1a: Ting-Lu|Ting-Lu|45/100
|-ability|p1a: Ting-Lu|Vessel of Ruin
|turn|20
|
|t:|1758957426
|move|p2a: Ariel|Drill Peck|p1a: Ting-Lu
|-damage|p1a: Ting-Lu|0 fnt
|faint|p1a: Ting-Lu
|
|upkeep
|
|t:|1758957430
|switch|p1a: Articuno|Articuno-Galar|100/100
|turn|21
|
|t:|1758957442
|move|p2a: Ariel|Drill Peck|p1a: Articuno
|-damage|p1a: Articuno|0 fnt
|faint|p1a: Articuno
|
|win|sailormooo
|raw|bugbmg's rating: 1082 &rarr; <strong>1061</strong><br />(-21 for losing)
|raw|sailormooo's rating: 1110 &rarr; <strong>1133</strong><br />(+23 for winning)
|l|☆bugbmg
|player|p1|
|l|☆sailormooo
|player|p2|
