|j|☆breaker8010
|j|☆Dojaxsza
|t:|1759003480
|gametype|singles
|player|p1|breaker8010|veteran|1090
|player|p2|Dojaxsza|dawn|1099
|gen|9
|tier|[Gen 9] OU
|rated|
|rule|HP Percentage Mod: HP is shown in percentages
|rule|Endless Battle Clause: Forcing endless battles is banned
|rule|Species Clause: Limit one of each Pokémon
|rule|OHKO Clause: OHKO moves are banned
|rule|Evasion Items Clause: Evasion items are banned
|rule|Evasion Moves Clause: Evasion moves are banned
|rule|Evasion Abilities Clause: Evasion abilities are banned
|rule|Sleep Moves Clause: Sleep-inducing moves are banned
|clearpoke
|poke|p1|Torkoal, F|
|poke|p1|Infernape, M|
|poke|p1|Corviknight, F|
|poke|p1|Iron Moth|
|poke|p1|Venusaur, M|
|poke|p1|Slowking-Galar, F|
|poke|p2|Lycanroc, F|
|poke|p2|Ribombee, F|
|poke|p2|Lucario, F|
|poke|p2|Oricorio-Pom-Pom, M|
|poke|p2|Arcanine, F|
|poke|p2|Banette, F|
|teampreview
|
|t:|1759003496
|teamsize|p1|6
|teamsize|p2|6
|start
|switch|p1a: Torkoal|Torkoal, F, shiny|100/100
|switch|p2a: Lycanroc|Lycanroc, F|100/100
|-weather|SunnyDay|[from] ability: Drought|[of] p1a: Torkoal
|turn|1
|inactive|Battle timer is ON: inactive players will automatically lose when time's up. (requested by Dojaxsza)
|
|t:|1759003509
|move|p2a: Lycanroc|Stealth Rock|p1a: Torkoal
|-sidestart|p1: breaker8010|move: Stealth Rock
|move|p1a: Torkoal|Stealth Rock|p2a: Lycanroc
|-sidestart|p2: Dojaxsza|move: Stealth Rock
|
|-weather|SunnyDay|[upkeep]
|upkeep
|turn|2
|
|t:|1759003521
|move|p2a: Lycanroc|Close Combat|p1a: Torkoal
|-damage|p1a: Torkoal|71/100
|-unboost|p2a: Lycanroc|def|1
|-unboost|p2a: Lycanroc|spd|1
|move|p1a: Torkoal|Solar Beam||[still]
|-prepare|p1a: Torkoal|Solar Beam
|-anim|p1a: Torkoal|Solar Beam|p2a: Lycanroc
|-supereffective|p2a: Lycanroc
|-enditem|p2a: Lycanroc|Focus Sash
|-damage|p2a: Lycanroc|1/100
|
|-weather|SunnyDay|[upkeep]
|upkeep
|turn|3
|
|t:|1759003536
|move|p2a: Lycanroc|Endeavor|p1a: Torkoal
|-damage|p1a: Torkoal|1/100
|move|p1a: Torkoal|Earthquake|p2a: Lycanroc
|-supereffective|p2a: Lycanroc
|-damage|p2a: Lycanroc|0 fnt
|faint|p2a: Lycanroc
|
|-weather|SunnyDay|[upkeep]
|upkeep
|
|t:|1759003542
|switch|p2a: Ribombee|Ribombee, F|100/100
|turn|4
|
|t:|1759003557
|switch|p1a: Iron Moth|Iron Moth, shiny|100/100
|-damage|p1a: Iron Moth|76/100|[from] Stealth Rock
|-enditem|p1a: Iron Moth|Booster Energy
|-activate|p1a: Iron Moth|ability: Quark Drive|[fromitem]
|-start|p1a: Iron Moth|quarkdrivespa
|move|p2a: Ribombee|Moonblast|p1a: Iron Moth
|-resisted|p1a: Iron Moth
|-damage|p1a: Iron Moth|66/100
|
|-weather|SunnyDay|[upkeep]
|upkeep
|turn|5
|
|t:|1759003568
|move|p2a: Ribombee|U-turn|p1a: Iron Moth
|-resisted|p1a: Iron Moth
|-damage|p1a: Iron Moth|60/100
|
|t:|1759003578
|switch|p2a: Banette|Banette, F|100/100|[from] U-turn
|-damage|p2a: Banette|88/100|[from] Stealth Rock
|move|p1a: Iron Moth|Fiery Dance|p2a: Banette
|-damage|p2a: Banette|0 fnt
|faint|p2a: Banette
|
|-weather|SunnyDay|[upkeep]
|upkeep
|
|t:|1759003580
|switch|p2a: Arcanine|Arcanine, F|100/100
|-damage|p2a: Arcanine|75/100|[from] Stealth Rock
|-ability|p2a: Arcanine|Intimidate|boost
|-unboost|p1a: Iron Moth|atk|1
|turn|6
|
|t:|1759003604
|move|p2a: Arcanine|Extreme Speed|p1a: Iron Moth
|-damage|p1a: Iron Moth|15/100
|move|p1a: Iron Moth|Fiery Dance|p2a: Arcanine
|-resisted|p2a: Arcanine
|-damage|p2a: Arcanine|31/100
|-boost|p1a: Iron Moth|spa|1
|
|-weather|SunnyDay|[upkeep]
|-heal|p2a: Arcanine|38/100|[from] item: Leftovers
|upkeep
|turn|7
|
|t:|1759003614
|move|p2a: Arcanine|Extreme Speed|p1a: Iron Moth
|-damage|p1a: Iron Moth|0 fnt
|faint|p1a: Iron Moth
|-end|p1a: Iron Moth|Quark Drive|[silent]
|
|-weather|SunnyDay|[upkeep]
|-heal|p2a: Arcanine|44/100|[from] item: Leftovers
|upkeep
|
|t:|1759003629
|switch|p1a: Slowking|Slowking-Galar, F, shiny|100/100
|-damage|p1a: Slowking|88/100|[from] Stealth Rock
|turn|8
|
|t:|1759003637
|move|p2a: Arcanine|Flare Blitz|p1a: Slowking
|-damage|p1a: Slowking|0 fnt
|faint|p1a: Slowking
|-damage|p2a: Arcanine|14/100|[from] Recoil
|
|-weather|none
|-heal|p2a: Arcanine|21/100|[from] item: Leftovers
|upkeep
|
|t:|1759003645
|switch|p1a: Torkoal|Torkoal, F, shiny|1/100
|-damage|p1a: Torkoal|0 fnt|[from] Stealth Rock
|faint|p1a: Torkoal
|
|t:|1759003657
|switch|p1a: Infernape|Infernape, M|100/100
|turn|9
|
|t:|1759003665
|move|p2a: Arcanine|Extreme Speed|p1a: Infernape
|-damage|p1a: Infernape|60/100
|move|p1a: Infernape|Close Combat|p2a: Arcanine
|-damage|p2a: Arcanine|0 fnt
|-unboost|p1a: Infernape|def|1
|-unboost|p1a: Infernape|spd|1
|faint|p2a: Arcanine
|
|upkeep
|
|t:|1759003672
|switch|p2a: Ribombee|Ribombee, F|100/100
|turn|10
|
|t:|1759003676
|move|p2a: Ribombee|Moonblast|p1a: Infernape
|-damage|p1a: Infernape|0 fnt
|faint|p1a: Infernape
|
|upkeep
|
|t:|1759003683
|switch|p1a: Corviknight|Corviknight, F, shiny|100/100
|-ability|p1a: Corviknight|Pressure
|turn|11
|
|t:|1759003689
|move|p2a: Ribombee|Stun Spore|p1a: Corviknight
|-status|p1a: Corviknight|par
|cant|p1a: Corviknight|par
|
|upkeep
|turn|12
|
|t:|1759003694
|move|p2a: Ribombee|U-turn|p1a: Corviknight
|-resisted|p1a: Corviknight
|-damage|p1a: Corviknight|98/100 par
|
|t:|1759003696
|switch|p2a: Lucario|Lucario, F|100/100|[from] U-turn
|-damage|p2a: Lucario|98/100|[from] Stealth Rock
|move|p1a: Corviknight|Brave Bird|p2a: Lucario
|-crit|p2a: Lucario
|-damage|p2a: Lucario|4/100
|-damage|p1a: Corviknight|77/100 par|[from] Recoil
|
|upkeep
|turn|13
|
|t:|1759003705
|move|p2a: Lucario|Aura Sphere|p1a: Corviknight
|-damage|p1a: Corviknight|30/100 par
|-damage|p2a: Lucario|0 fnt|[from] item: Life Orb
|faint|p2a: Lucario
|cant|p1a: Corviknight|par
|
|upkeep
|
|t:|1759003710
|switch|p2a: Oricorio|Oricorio-Pom-Pom, M|100/100
|-damage|p2a: Oricorio|76/100|[from] Stealth Rock
|turn|14
|
|t:|1759003718
|move|p2a: Oricorio|Revelation Dance|p1a: Corviknight
|-supereffective|p1a: Corviknight
|-damage|p1a: Corviknight|0 fnt
|faint|p1a: Corviknight
|
|upkeep
|
|t:|1759003726
|switch|p1a: Venusaur|Venusaur, M|100/100
|-damage|p1a: Venusaur|88/100|[from] Stealth Rock
|turn|15
|
|t:|1759003734
|move|p2a: Oricorio|Air Slash|p1a: Venusaur
|-supereffective|p1a: Venusaur
|-damage|p1a: Venusaur|6/100
|move|p1a: Venusaur|Growth|p1a: Venusaur
|-boost|p1a: Venusaur|atk|1
|-boost|p1a: Venusaur|spa|1
|-enditem|p2a: Oricorio|Mirror Herb
|-boost|p2a: Oricorio|atk|1|[from] item: Mirror Herb
|-boost|p2a: Oricorio|spa|1|[from] item: Mirror Herb
|
|upkeep
|turn|16
|c|☆breaker8010|ggs
|
|t:|1759003754
|-terastallize|p1a: Venusaur|Fire
|move|p2a: Oricorio|Revelation Dance|p1a: Venusaur
|-damage|p1a: Venusaur|0 fnt
|faint|p1a: Venusaur
|
|win|Dojaxsza
|raw|breaker8010's rating: 1090 &rarr; <strong>1067</strong><br />(-23 for losing)
|raw|Dojaxsza's rating: 1099 &rarr; <strong>1123</strong><br />(+24 for winning)
|c|☆Dojaxsza|gg
|l|☆breaker8010
|player|p1|
|l|☆Dojaxsza
|player|p2|
