|j|☆Red Icigool
|j|☆imnewhere201
|t:|1758971387
|gametype|singles
|player|p1|Red Icigool|swimmerf-gen4|1155
|player|p2|imnewhere201|veteran|1144
|gen|9
|tier|[Gen 9] OU
|rated|
|rule|HP Percentage Mod: HP is shown in percentages
|rule|Endless Battle Clause: Forcing endless battles is banned
|rule|Species Clause: Limit one of each Pokémon
|rule|OHKO Clause: OHKO moves are banned
|rule|Evasion Items Clause: Evasion items are banned
|rule|Evasion Moves Clause: Evasion moves are banned
|rule|Evasion Abilities Clause: Evasion abilities are banned
|rule|Sleep Moves Clause: Sleep-inducing moves are banned
|clearpoke
|poke|p1|Meowscarada, F|
|poke|p1|Landorus-Therian, M|
|poke|p1|Slowbro-Galar, F|
|poke|p1|Cinderace, M|
|poke|p1|Primarina, F|
|poke|p1|Pawmot, M|
|poke|p2|Araquanid, M|
|poke|p2|Ursaluna, F|
|poke|p2|Zapdos|
|poke|p2|Serperior, M|
|poke|p2|Dragapult, M|
|poke|p2|Hatterene, F|
|teampreview
|
|t:|1758971394
|teamsize|p1|6
|teamsize|p2|6
|start
|switch|p1a: Pawmot|Pawmot, M|100/100
|switch|p2a: Araquanid|Araquanid, M|100/100
|turn|1
|inactive|Battle timer is ON: inactive players will automatically lose when time's up. (requested by imnewhere201)
|
|t:|1758971403
|move|p1a: Pawmot|Double Shock|p2a: Araquanid
|-supereffective|p2a: Araquanid
|-crit|p2a: Araquanid
|-damage|p2a: Araquanid|0 fnt
|-start|p1a: Pawmot|typechange|???/Fighting|[from] move: Double Shock
|faint|p2a: Araquanid
|
|upkeep
|
|t:|1758971407
|switch|p2a: Ursaluna|Ursaluna, F|100/100
|turn|2
|c|☆Red Icigool|sorry but cant afford rocks ;c
|c|☆Red Icigool|webz**
|
|t:|1758971419
|switch|p1a: Daddy|Landorus-Therian, M|100/100
|-ability|p1a: Daddy|Intimidate|boost
|-unboost|p2a: Ursaluna|atk|1
|-terastallize|p2a: Ursaluna|Fairy
|move|p2a: Ursaluna|Bulk Up|p2a: Ursaluna
|-boost|p2a: Ursaluna|atk|1
|-boost|p2a: Ursaluna|def|1
|
|-status|p2a: Ursaluna|brn|[from] item: Flame Orb
|upkeep
|turn|3
|
|t:|1758971448
|move|p1a: Daddy|Earthquake|p2a: Ursaluna
|-damage|p2a: Ursaluna|67/100 brn
|move|p2a: Ursaluna|Bulk Up|p2a: Ursaluna
|-boost|p2a: Ursaluna|atk|1
|-boost|p2a: Ursaluna|def|1
|
|-damage|p2a: Ursaluna|60/100 brn|[from] brn
|upkeep
|turn|4
|
|t:|1758971458
|move|p1a: Daddy|Stone Edge|p2a: Ursaluna
|-damage|p2a: Ursaluna|45/100 brn
|move|p2a: Ursaluna|Facade|p1a: Daddy
|-damage|p1a: Daddy|0 fnt
|-damage|p2a: Ursaluna|28/100 brn|[from] item: Rocky Helmet|[of] p1a: Daddy
|faint|p1a: Daddy
|
|-damage|p2a: Ursaluna|22/100 brn|[from] brn
|upkeep
|
|t:|1758971468
|switch|p1a: Furry Bait|Meowscarada, F, shiny|100/100
|turn|5
|
|t:|1758971473
|move|p1a: Furry Bait|Flower Trick|p2a: Ursaluna
|-start|p1a: Furry Bait|typechange|Grass|[from] ability: Protean
|-crit|p2a: Ursaluna
|-damage|p2a: Ursaluna|0 fnt
|faint|p2a: Ursaluna
|
|upkeep
|
|t:|1758971482
|switch|p2a: Serperior|Serperior, M|100/100
|turn|6
|
|t:|1758971497
|switch|p1a: Court Ace|Cinderace, M|100/100
|move|p2a: Serperior|Leaf Storm|p1a: Court Ace
|-resisted|p1a: Court Ace
|-damage|p1a: Court Ace|68/100
|-boost|p2a: Serperior|spa|2
|
|upkeep
|turn|7
|
|t:|1758971522
|move|p1a: Court Ace|U-turn|p2a: Serperior
|-start|p1a: Court Ace|typechange|Bug|[from] ability: Libero
|-supereffective|p2a: Serperior
|-damage|p2a: Serperior|14/100
|
|t:|1758971537
|switch|p1a: Furry Bait|Meowscarada, F, shiny|100/100|[from] U-turn
|move|p2a: Serperior|Leaf Storm|p1a: Furry Bait
|-resisted|p1a: Furry Bait
|-damage|p1a: Furry Bait|23/100
|-boost|p2a: Serperior|spa|2
|
|upkeep
|turn|8
|
|t:|1758971547
|move|p1a: Furry Bait|U-turn|p2a: Serperior
|-start|p1a: Furry Bait|typechange|Bug|[from] ability: Protean
|-supereffective|p2a: Serperior
|-damage|p2a: Serperior|0 fnt
|faint|p2a: Serperior
|
|t:|1758971558
|switch|p1a: Pawmot|Pawmot, M|100/100|[from] U-turn
|
|upkeep
|
|t:|1758971564
|switch|p2a: Dragapult|Dragapult, M|100/100
|turn|9
|
|t:|1758971574
|move|p2a: Dragapult|Dragon Darts|p1a: Pawmot
|-damage|p1a: Pawmot|45/100
|-anim|p2a: Dragapult|Dragon Darts|p1a: Pawmot
|-damage|p1a: Pawmot|0 fnt
|faint|p1a: Pawmot
|-damage|p2a: Dragapult|91/100|[from] item: Life Orb
|
|upkeep
|
|t:|1758971580
|switch|p1a: GlockBro|Slowbro-Galar, F, shiny|100/100
|turn|10
|
|t:|1758971585
|move|p2a: Dragapult|Phantom Force||[still]
|-prepare|p2a: Dragapult|Phantom Force
|move|p1a: GlockBro|Nasty Plot|p1a: GlockBro
|-boost|p1a: GlockBro|spa|2
|
|upkeep
|turn|11
|
|t:|1758971595
|-terastallize|p1a: GlockBro|Ground
|move|p2a: Dragapult|Phantom Force|p1a: GlockBro|[from] lockedmove
|-damage|p1a: GlockBro|47/100
|-damage|p2a: Dragapult|81/100|[from] item: Life Orb
|move|p1a: GlockBro|Shell Side Arm|p2a: Dragapult|[anim] Shell Side Arm Special
|-resisted|p2a: Dragapult
|-damage|p2a: Dragapult|18/100
|-hint|Special Shell Side Arm
|-status|p2a: Dragapult|psn
|
|-damage|p2a: Dragapult|6/100 psn|[from] psn
|upkeep
|turn|12
|
|t:|1758971616
|switch|p1a: Primarina|Primarina, F|100/100
|move|p2a: Dragapult|Dragon Darts|p1a: Primarina
|-immune|p1a: Primarina
|
|-damage|p2a: Dragapult|0 fnt|[from] psn
|faint|p2a: Dragapult
|upkeep
|
|t:|1758971621
|switch|p2a: Zapdos|Zapdos|100/100
|turn|13
|
|t:|1758971627
|move|p2a: Zapdos|Discharge|p1a: Primarina
|-supereffective|p1a: Primarina
|-damage|p1a: Primarina|32/100
|move|p1a: Primarina|Surf|p2a: Zapdos
|-damage|p2a: Zapdos|34/100
|
|-heal|p1a: Primarina|38/100|[from] item: Leftovers
|upkeep
|turn|14
|
|t:|1758971636
|move|p2a: Zapdos|Discharge|p1a: Primarina
|-supereffective|p1a: Primarina
|-damage|p1a: Primarina|0 fnt
|faint|p1a: Primarina
|
|upkeep
|
|t:|1758971639
|switch|p1a: GlockBro|Slowbro-Galar, F, shiny, tera:Ground|47/100
|turn|15
|
|t:|1758971643
|move|p2a: Zapdos|Hurricane|p1a: GlockBro
|-damage|p1a: GlockBro|0 fnt
|faint|p1a: GlockBro
|
|upkeep
|
|t:|1758971648
|switch|p1a: Court Ace|Cinderace, M|68/100
|turn|16
|
|t:|1758971652
|move|p1a: Court Ace|Pyro Ball|p2a: Zapdos
|-damage|p2a: Zapdos|0 fnt
|faint|p2a: Zapdos
|
|upkeep
|
|t:|1758971656
|switch|p2a: Hatterene|Hatterene, F|100/100
|turn|17
|
|t:|1758971661
|move|p1a: Court Ace|Pyro Ball|p2a: Hatterene
|-damage|p2a: Hatterene|37/100
|move|p2a: Hatterene|Psychic|p1a: Court Ace
|-damage|p1a: Court Ace|0 fnt
|faint|p1a: Court Ace
|
|upkeep
|
|t:|1758971666
|switch|p1a: Furry Bait|Meowscarada, F, shiny|23/100
|turn|18
|
|t:|1758971671
|move|p1a: Furry Bait|Flower Trick|p2a: Hatterene
|-start|p1a: Furry Bait|typechange|Grass|[from] ability: Protean
|-crit|p2a: Hatterene
|-damage|p2a: Hatterene|0 fnt
|faint|p2a: Hatterene
|
|win|Red Icigool
|raw|Red Icigool's rating: 1155 &rarr; <strong>1179</strong><br />(+24 for winning)
|raw|imnewhere201's rating: 1144 &rarr; <strong>1120</strong><br />(-24 for losing)
|c|☆Red Icigool|gg
|l|☆Red Icigool
|player|p1|
|c|☆imnewhere201|Gg
|l|☆imnewhere201
|player|p2|
