|j|☆Airchair01
|j|☆derovanite
|t:|1759069157
|gametype|singles
|player|p1|Airchair01|aaron|1041
|player|p2|derovanite|266|1000
|gen|9
|tier|[Gen 9] OU
|rated|
|rule|HP Percentage Mod: HP is shown in percentages
|rule|Endless Battle Clause: Forcing endless battles is banned
|rule|Species Clause: Limit one of each Pokémon
|rule|OHKO Clause: OHKO moves are banned
|rule|Evasion Items Clause: Evasion items are banned
|rule|Evasion Moves Clause: Evasion moves are banned
|rule|Evasion Abilities Clause: Evasion abilities are banned
|rule|Sleep Moves Clause: Sleep-inducing moves are banned
|clearpoke
|poke|p1|Ceruledge, F|
|poke|p1|Espeon, F|
|poke|p1|Fraxure, F|
|poke|p1|Whimsicott, F|
|poke|p1|Cobalion|
|poke|p1|Seedot, L1, M|
|poke|p2|Ceruledge, M|
|poke|p2|Maushold-Four|
|poke|p2|Iron Crown|
|poke|p2|Iron Moth|
|poke|p2|Pincurchin, M|
|poke|p2|Ninetales-Alola, F|
|teampreview
|c|☆derovanite|pain split seedot?
|
|t:|1759069195
|teamsize|p1|6
|teamsize|p2|6
|start
|switch|p1a: Le Seed|Seedot, L1, M, shiny|100/100
|switch|p2a: Cobalt Crown|Iron Crown|100/100
|-enditem|p2a: Cobalt Crown|Booster Energy
|-activate|p2a: Cobalt Crown|ability: Quark Drive|[fromitem]
|-start|p2a: Cobalt Crown|quarkdrivespa
|turn|1
|
|t:|1759069210
|move|p2a: Cobalt Crown|Psychic|p1a: Le Seed
|-enditem|p1a: Le Seed|Focus Sash
|-damage|p1a: Le Seed|9/100
|move|p1a: Le Seed|Endeavor|p2a: Cobalt Crown
|-damage|p2a: Cobalt Crown|1/100
|
|upkeep
|turn|2
|c|☆derovanite|i had tachyon cutter i just wanna see
|
|t:|1759069247
|move|p1a: Le Seed|Quick Attack|p2a: Cobalt Crown
|-resisted|p2a: Cobalt Crown
|-damage|p2a: Cobalt Crown|0 fnt
|faint|p2a: Cobalt Crown
|-end|p2a: Cobalt Crown|Quark Drive|[silent]
|
|upkeep
|
|t:|1759069264
|switch|p2a: is it shiny?|Maushold-Four, shiny|100/100
|turn|3
|
|t:|1759069270
|move|p1a: Le Seed|Quick Attack|p2a: is it shiny?
|-damage|p2a: is it shiny?|99/100
|move|p2a: is it shiny?|Population Bomb|p1a: Le Seed
|-damage|p1a: Le Seed|0 fnt
|faint|p1a: Le Seed
|-hitcount|p1: Le Seed|1
|
|upkeep
|
|t:|1759069279
|switch|p1a: Cobalion|Cobalion|100/100
|turn|4
|
|t:|1759069291
|-terastallize|p2a: is it shiny?|Normal
|move|p1a: Cobalion|Brick Break|p2a: is it shiny?
|-supereffective|p2a: is it shiny?
|-damage|p2a: is it shiny?|11/100
|move|p2a: is it shiny?|Population Bomb|p1a: Cobalion
|-resisted|p1a: Cobalion
|-damage|p1a: Cobalion|94/100
|-resisted|p1a: Cobalion
|-damage|p1a: Cobalion|87/100
|-resisted|p1a: Cobalion
|-damage|p1a: Cobalion|79/100
|-resisted|p1a: Cobalion
|-damage|p1a: Cobalion|72/100
|-resisted|p1a: Cobalion
|-damage|p1a: Cobalion|65/100
|-resisted|p1a: Cobalion
|-damage|p1a: Cobalion|58/100
|-hitcount|p1a: Cobalion|6
|
|upkeep
|turn|5
|
|t:|1759069311
|move|p1a: Cobalion|Iron Head|p2a: is it shiny?
|-damage|p2a: is it shiny?|0 fnt
|faint|p2a: is it shiny?
|
|upkeep
|
|t:|1759069318
|switch|p2a: cerurouge|Ceruledge, M, shiny|100/100
|turn|6
|
|t:|1759069325
|-terastallize|p1a: Cobalion|Flying
|move|p1a: Cobalion|Iron Head|p2a: cerurouge
|-resisted|p2a: cerurouge
|-crit|p2a: cerurouge
|-damage|p2a: cerurouge|69/100
|-ability|p2a: cerurouge|Weak Armor|boost
|-unboost|p2a: cerurouge|def|1
|-boost|p2a: cerurouge|spe|2
|move|p2a: cerurouge|Bitter Blade|p1a: Cobalion
|-damage|p1a: Cobalion|2/100
|-heal|p2a: cerurouge|99/100|[from] drain|[of] p1a: Cobalion
|
|upkeep
|turn|7
|
|t:|1759069338
|move|p2a: cerurouge|Bitter Blade|p1a: Cobalion
|-damage|p1a: Cobalion|0 fnt
|-heal|p2a: cerurouge|100/100|[from] drain|[of] p1a: Cobalion
|faint|p1a: Cobalion
|
|upkeep
|
|t:|1759069345
|switch|p1a: Fraxure|Fraxure, F|100/100
|-ability|p1a: Fraxure|Mold Breaker
|turn|8
|
|t:|1759069353
|move|p2a: cerurouge|Bitter Blade|p1a: Fraxure
|-resisted|p1a: Fraxure
|-damage|p1a: Fraxure|68/100
|move|p1a: Fraxure|Crunch|p2a: cerurouge
|-supereffective|p2a: cerurouge
|-damage|p2a: cerurouge|0 fnt
|faint|p2a: cerurouge
|
|upkeep
|
|t:|1759069371
|switch|p2a: Neon moth|Iron Moth|100/100
|turn|9
|
|t:|1759069379
|move|p2a: Neon moth|Meteor Beam||[still]
|-prepare|p2a: Neon moth|Meteor Beam
|-boost|p2a: Neon moth|spa|1
|-enditem|p2a: Neon moth|Power Herb
|-anim|p2a: Neon moth|Meteor Beam|p1a: Fraxure
|-damage|p1a: Fraxure|0 fnt
|faint|p1a: Fraxure
|
|upkeep
|
|t:|1759069391
|switch|p1a: Espeon|Espeon, F|100/100
|turn|10
|
|t:|1759069399
|move|p2a: Neon moth|Fiery Dance|p1a: Espeon
|-damage|p1a: Espeon|13/100
|-boost|p2a: Neon moth|spa|1
|move|p1a: Espeon|Psychic|p2a: Neon moth
|-supereffective|p2a: Neon moth
|-damage|p2a: Neon moth|7/100
|
|upkeep
|turn|11
|
|t:|1759069410
|move|p1a: Espeon|Alluring Voice|p2a: Neon moth
|-resisted|p2a: Neon moth
|-damage|p2a: Neon moth|0 fnt
|faint|p2a: Neon moth
|-end|p2a: Neon moth|Quark Drive|[silent]
|-enditem|p1a: Espeon|Throat Spray
|-boost|p1a: Espeon|spa|1|[from] item: Throat Spray
|
|upkeep
|
|t:|1759069416
|switch|p2a: fairytails|Ninetales-Alola, F, shiny|100/100
|-weather|Snowscape|[from] ability: Snow Warning|[of] p2a: fairytails
|turn|12
|
|t:|1759069426
|move|p1a: Espeon|Power Gem|p2a: fairytails
|-supereffective|p2a: fairytails
|-damage|p2a: fairytails|0 fnt
|faint|p2a: fairytails
|
|-weather|Snowscape|[upkeep]
|upkeep
|inactive|Battle timer is ON: inactive players will automatically lose when time's up. (requested by Airchair01)
|inactive|derovanite has 120 seconds left.
|inactive|derovanite has 90 seconds left.
|inactive|derovanite has 60 seconds left.
|inactive|derovanite has 30 seconds left.
|inactive|derovanite has 20 seconds left.
|inactive|derovanite has 15 seconds left.
|inactive|derovanite has 10 seconds left.
|inactive|derovanite has 5 seconds left.
|-message|derovanite lost due to inactivity.
|
|win|Airchair01
|raw|Airchair01's rating: 1041 &rarr; <strong>1071</strong><br />(+30 for winning)
|raw|derovanite's rating: 1000 &rarr; <strong>1000</strong><br />(+0 for losing)
|l|☆derovanite
|player|p2|
|l|☆Airchair01
|player|p1|
|j|☆Airchair01
|player|p1|Airchair01|aaron|
