|badge|p1|bronze|gen9ou|100-6
|html|<div class="broadcast-red"><strong>This battle is required to be public due to one or more player having a season medal.</strong><br />During the public phase, you can discuss the state of the ladder <a href="/seasondiscussion">in a special chatroom.</a></div>
|uhtml|medal-msg|<div class="broadcast-blue">Curious what those medals under the avatar are? PS now has Ladder Seasons! For more information, check out the <a href="https://www.smogon.com/forums/threads/3740067/">thread on Smogon.</a></div>
|raw|<div class="broadcast-blue"><strong>This battle is required to be public due to a player having a name starting with 'medal'.</div>
|j|‽JackRG1
|j|☆Light SV
|t:|1759004225
|gametype|singles
|player|p1|JackRG1|dawn-gen4pt|1901
|player|p2|Light SV|blue-gen7|1875
|gen|9
|tier|[Gen 9] OU
|rated|
|rule|HP Percentage Mod: HP is shown in percentages
|rule|Endless Battle Clause: Forcing endless battles is banned
|rule|Species Clause: Limit one of each Pokémon
|rule|OHKO Clause: OHKO moves are banned
|rule|Evasion Items Clause: Evasion items are banned
|rule|Evasion Moves Clause: Evasion moves are banned
|rule|Evasion Abilities Clause: Evasion abilities are banned
|rule|Sleep Moves Clause: Sleep-inducing moves are banned
|clearpoke
|poke|p1|Weezing-Galar, M|
|poke|p1|Ting-Lu|
|poke|p1|Corviknight, M|
|poke|p1|Skeledirge, F|
|poke|p1|Dragapult, M|
|poke|p1|Ogerpon-Wellspring, F|
|poke|p2|Hydrapple, M|
|poke|p2|Moltres|
|poke|p2|Rotom-Wash|
|poke|p2|Darkrai|
|poke|p2|Gliscor, F|
|poke|p2|Kingambit, F|
|teampreview
|inactive|Battle timer is ON: inactive players will automatically lose when time's up. (requested by Light SV)
|inactive|JackRG1 also wants the timer to be on.
|j| 0TheRealAce0
|inactive|JackRG1 has 120 seconds left.
|
|t:|1759004257
|teamsize|p1|6
|teamsize|p2|6
|start
|switch|p1a: Ogerpon|Ogerpon-Wellspring, F|100/100
|switch|p2a: Rotom|Rotom-Wash|100/100
|turn|1
|
|t:|1759004260
|move|p2a: Rotom|Volt Switch|p1a: Ogerpon
|-damage|p1a: Ogerpon|69/100
|
|t:|1759004264
|switch|p2a: Hydrapple|Hydrapple, M|100/100|[from] Volt Switch
|move|p1a: Ogerpon|Spikes|p2a: Hydrapple
|-sidestart|p2: Light SV|Spikes
|
|upkeep
|turn|2
|
|t:|1759004268
|move|p1a: Ogerpon|Knock Off|p2a: Hydrapple
|-damage|p2a: Hydrapple|74/100
|-enditem|p2a: Hydrapple|Heavy-Duty Boots|[from] move: Knock Off|[of] p1a: Ogerpon
|move|p2a: Hydrapple|Fickle Beam|p1a: Ogerpon
|-damage|p1a: Ogerpon|27/100
|
|upkeep
|turn|3
|
|t:|1759004278
|switch|p1a: Corviknight|Corviknight, M|100/100
|-ability|p1a: Corviknight|Pressure
|move|p2a: Hydrapple|Fickle Beam|p1a: Corviknight
|-resisted|p1a: Corviknight
|-damage|p1a: Corviknight|74/100
|
|upkeep
|turn|4
|j| PalletTownNoob
|j| FaronAan
|
|t:|1759004283
|switch|p1a: Ogerpon|Ogerpon-Wellspring, F|27/100
|switch|p2a: Gliscor|Gliscor, F|100/100
|
|-status|p2a: Gliscor|tox|[from] item: Toxic Orb
|upkeep
|turn|5
|
|t:|1759004287
|move|p1a: Ogerpon|Synthesis|p1a: Ogerpon
|-heal|p1a: Ogerpon|77/100
|move|p2a: Gliscor|Toxic|p1a: Ogerpon
|-status|p1a: Ogerpon|tox
|
|-damage|p1a: Ogerpon|71/100 tox|[from] psn
|upkeep
|turn|6
|
|t:|1759004292
|move|p1a: Ogerpon|Ivy Cudgel|p2a: Gliscor|[anim] Ivy Cudgel Water
|-supereffective|p2a: Gliscor
|-damage|p2a: Gliscor|27/100 tox
|move|p2a: Gliscor|Stealth Rock|p1a: Ogerpon
|-sidestart|p1: JackRG1|move: Stealth Rock
|
|-damage|p1a: Ogerpon|59/100 tox|[from] psn
|-heal|p2a: Gliscor|40/100 tox|[from] ability: Poison Heal
|upkeep
|turn|7
|
|t:|1759004296
|move|p2a: Gliscor|Protect|p2a: Gliscor
|-singleturn|p2a: Gliscor|Protect
|move|p1a: Ogerpon|Spikes|p2a: Gliscor
|-sidestart|p2: Light SV|Spikes
|
|-damage|p1a: Ogerpon|41/100 tox|[from] psn
|-heal|p2a: Gliscor|52/100 tox|[from] ability: Poison Heal
|upkeep
|turn|8
|
|t:|1759004300
|switch|p1a: Ting-Lu|Ting-Lu, shiny|100/100
|-damage|p1a: Ting-Lu|94/100|[from] Stealth Rock
|-ability|p1a: Ting-Lu|Vessel of Ruin
|switch|p2a: Hydrapple|Hydrapple, M|100/100
|-damage|p2a: Hydrapple|84/100|[from] Spikes
|
|-heal|p1a: Ting-Lu|100/100|[from] item: Leftovers
|upkeep
|turn|9
|
|t:|1759004303
|move|p2a: Hydrapple|Nasty Plot|p2a: Hydrapple
|-boost|p2a: Hydrapple|spa|2
|move|p1a: Ting-Lu|Stealth Rock|p2a: Hydrapple
|-sidestart|p2: Light SV|move: Stealth Rock
|
|upkeep
|turn|10
|
|t:|1759004307
|switch|p1a: Skeledirge|Skeledirge, F|100/100
|move|p2a: Hydrapple|Giga Drain|p1a: Skeledirge
|-resisted|p1a: Skeledirge
|-damage|p1a: Skeledirge|86/100
|-heal|p2a: Hydrapple|91/100|[from] drain|[of] p1a: Skeledirge
|
|upkeep
|turn|11
|
|t:|1759004312
|move|p1a: Skeledirge|Will-O-Wisp|p2a: Hydrapple|[miss]
|-miss|p1a: Skeledirge|p2a: Hydrapple
|move|p2a: Hydrapple|Earth Power|p1a: Skeledirge
|-supereffective|p1a: Skeledirge
|-damage|p1a: Skeledirge|38/100
|-unboost|p1a: Skeledirge|spd|1
|
|upkeep
|turn|12
|
|t:|1759004318
|switch|p1a: Corviknight|Corviknight, M|74/100
|-damage|p1a: Corviknight|62/100|[from] Stealth Rock
|-ability|p1a: Corviknight|Pressure
|move|p2a: Hydrapple|Earth Power|p1a: Corviknight
|-immune|p1a: Corviknight
|
|upkeep
|turn|13
|
|t:|1759004323
|move|p1a: Corviknight|U-turn|p2a: Hydrapple
|-supereffective|p2a: Hydrapple
|-damage|p2a: Hydrapple|68/100
|
|t:|1759004326
|switch|p1a: Weezing|Weezing-Galar, M|100/100|[from] U-turn
|-ability|p1a: Weezing|Neutralizing Gas
|move|p2a: Hydrapple|Fickle Beam|p1a: Weezing
|-immune|p1a: Weezing
|
|upkeep
|turn|14
|
|t:|1759004329
|move|p1a: Weezing|Sludge Bomb|p2a: Hydrapple
|-supereffective|p2a: Hydrapple
|-damage|p2a: Hydrapple|13/100
|move|p2a: Hydrapple|Earth Power|p1a: Weezing
|-supereffective|p1a: Weezing
|-damage|p1a: Weezing|0 fnt
|faint|p1a: Weezing
|-end|p1a: Weezing|ability: Neutralizing Gas
|
|upkeep
|j| Pa7riCK
|
|t:|1759004333
|switch|p1a: Dragapult|Dragapult, M|100/100
|-damage|p1a: Dragapult|88/100|[from] Stealth Rock
|turn|15
|
|t:|1759004338
|switch|p2a: Rotom|Rotom-Wash|100/100
|-damage|p2a: Rotom|88/100|[from] Stealth Rock
|move|p1a: Dragapult|Shadow Ball|p2a: Rotom
|-damage|p2a: Rotom|22/100
|
|upkeep
|turn|16
|
|t:|1759004345
|switch|p1a: Ogerpon|Ogerpon-Wellspring, F|41/100 tox
|-damage|p1a: Ogerpon|29/100 tox|[from] Stealth Rock
|move|p2a: Rotom|Volt Switch|p1a: Ogerpon
|-crit|p1a: Ogerpon
|-damage|p1a: Ogerpon|0 fnt
|faint|p1a: Ogerpon
|
|t:|1759004349
|switch|p2a: Moltres|Moltres|100/100|[from] Volt Switch
|
|upkeep
|
|t:|1759004351
|switch|p1a: Skeledirge|Skeledirge, F|38/100
|turn|17
|
|t:|1759004354
|move|p2a: Moltres|Scorching Sands|p1a: Skeledirge
|-supereffective|p1a: Skeledirge
|-damage|p1a: Skeledirge|10/100
|move|p1a: Skeledirge|Slack Off|p1a: Skeledirge
|-heal|p1a: Skeledirge|60/100
|
|upkeep
|turn|18
|
|t:|1759004357
|move|p2a: Moltres|Scorching Sands|p1a: Skeledirge
|-supereffective|p1a: Skeledirge
|-damage|p1a: Skeledirge|33/100
|move|p1a: Skeledirge|Slack Off|p1a: Skeledirge
|-heal|p1a: Skeledirge|83/100
|
|upkeep
|turn|19
|
|t:|1759004359
|move|p2a: Moltres|Scorching Sands|p1a: Skeledirge
|-supereffective|p1a: Skeledirge
|-damage|p1a: Skeledirge|55/100
|move|p1a: Skeledirge|Torch Song|p2a: Moltres
|-resisted|p2a: Moltres
|-damage|p2a: Moltres|90/100
|-boost|p1a: Skeledirge|spa|1
|
|upkeep
|turn|20
|
|t:|1759004362
|move|p2a: Moltres|Scorching Sands|p1a: Skeledirge
|-supereffective|p1a: Skeledirge
|-damage|p1a: Skeledirge|28/100
|move|p1a: Skeledirge|Slack Off|p1a: Skeledirge
|-heal|p1a: Skeledirge|78/100
|
|upkeep
|turn|21
|
|t:|1759004365
|move|p2a: Moltres|Scorching Sands|p1a: Skeledirge
|-supereffective|p1a: Skeledirge
|-damage|p1a: Skeledirge|51/100
|move|p1a: Skeledirge|Slack Off|p1a: Skeledirge
|-heal|p1a: Skeledirge|100/100
|
|upkeep
|turn|22
|
|t:|1759004367
|move|p2a: Moltres|Scorching Sands|p1a: Skeledirge
|-supereffective|p1a: Skeledirge
|-damage|p1a: Skeledirge|73/100
|move|p1a: Skeledirge|Torch Song|p2a: Moltres
|-resisted|p2a: Moltres
|-damage|p2a: Moltres|74/100
|-boost|p1a: Skeledirge|spa|1
|
|upkeep
|turn|23
|
|t:|1759004369
|move|p2a: Moltres|Scorching Sands|p1a: Skeledirge
|-supereffective|p1a: Skeledirge
|-damage|p1a: Skeledirge|45/100
|move|p1a: Skeledirge|Torch Song|p2a: Moltres
|-resisted|p2a: Moltres
|-damage|p2a: Moltres|51/100
|-boost|p1a: Skeledirge|spa|1
|
|upkeep
|turn|24
|
|t:|1759004372
|switch|p2a: Rotom|Rotom-Wash|22/100
|-damage|p2a: Rotom|9/100|[from] Stealth Rock
|move|p1a: Skeledirge|Torch Song|p2a: Rotom
|-resisted|p2a: Rotom
|-damage|p2a: Rotom|0 fnt
|-boost|p1a: Skeledirge|spa|1
|faint|p2a: Rotom
|
|upkeep
|
|t:|1759004375
|switch|p2a: Darkrai|Darkrai|100/100
|turn|25
|
|t:|1759004377
|-terastallize|p1a: Skeledirge|Dark
|move|p2a: Darkrai|Dark Pulse|p1a: Skeledirge
|-resisted|p1a: Skeledirge
|-damage|p1a: Skeledirge|29/100
|cant|p1a: Skeledirge|flinch
|
|upkeep
|turn|26
|
|t:|1759004380
|move|p2a: Darkrai|Focus Blast|p1a: Skeledirge|[miss]
|-miss|p2a: Darkrai|p1a: Skeledirge
|move|p1a: Skeledirge|Slack Off|p1a: Skeledirge
|-heal|p1a: Skeledirge|79/100
|
|upkeep
|turn|27
|
|t:|1759004385
|move|p2a: Darkrai|Focus Blast|p1a: Skeledirge
|-supereffective|p1a: Skeledirge
|-damage|p1a: Skeledirge|15/100
|move|p1a: Skeledirge|Torch Song|p2a: Darkrai
|-damage|p2a: Darkrai|0 fnt
|-boost|p1a: Skeledirge|spa|1
|faint|p2a: Darkrai
|
|upkeep
|
|t:|1759004389
|switch|p2a: Moltres|Moltres|51/100
|turn|28
|
|t:|1759004393
|switch|p1a: Dragapult|Dragapult, M|88/100
|-damage|p1a: Dragapult|76/100|[from] Stealth Rock
|move|p2a: Moltres|Flamethrower|p1a: Dragapult
|-resisted|p1a: Dragapult
|-damage|p1a: Dragapult|51/100
|
|upkeep
|turn|29
|
|t:|1759004413
|switch|p2a: Kingambit|Kingambit, F|100/100
|-activate|p2a: Kingambit|ability: Supreme Overlord
|-start|p2a: Kingambit|fallen2|[silent]
|move|p1a: Dragapult|Draco Meteor|p2a: Kingambit
|-resisted|p2a: Kingambit
|-damage|p2a: Kingambit|55/100
|-unboost|p1a: Dragapult|spa|2
|
|upkeep
|turn|30
|
|t:|1759004421
|switch|p1a: Corviknight|Corviknight, M|62/100
|-damage|p1a: Corviknight|49/100|[from] Stealth Rock
|-ability|p1a: Corviknight|Pressure
|move|p2a: Kingambit|Swords Dance|p2a: Kingambit
|-boost|p2a: Kingambit|atk|2
|
|upkeep
|turn|31
|
|t:|1759004426
|-end|p2a: Kingambit|fallen2|[silent]
|switch|p2a: Moltres|Moltres|51/100
|move|p1a: Corviknight|Iron Defense|p1a: Corviknight
|-boost|p1a: Corviknight|def|2
|
|upkeep
|turn|32
|
|t:|1759004429
|switch|p1a: Dragapult|Dragapult, M|51/100
|-damage|p1a: Dragapult|39/100|[from] Stealth Rock
|move|p2a: Moltres|Flamethrower|p1a: Dragapult
|-resisted|p1a: Dragapult
|-damage|p1a: Dragapult|14/100
|
|upkeep
|turn|33
|
|t:|1759004442
|switch|p2a: Kingambit|Kingambit, F|55/100
|-activate|p2a: Kingambit|ability: Supreme Overlord
|-start|p2a: Kingambit|fallen2|[silent]
|move|p1a: Dragapult|Shadow Ball|p2a: Kingambit
|-resisted|p2a: Kingambit
|-damage|p2a: Kingambit|29/100
|
|upkeep
|turn|34
|
|t:|1759004446
|switch|p1a: Ting-Lu|Ting-Lu, shiny|100/100
|-damage|p1a: Ting-Lu|94/100|[from] Stealth Rock
|-ability|p1a: Ting-Lu|Vessel of Ruin
|move|p2a: Kingambit|Kowtow Cleave|p1a: Ting-Lu
|-resisted|p1a: Ting-Lu
|-damage|p1a: Ting-Lu|77/100
|
|-heal|p1a: Ting-Lu|83/100|[from] item: Leftovers
|upkeep
|turn|35
|
|t:|1759004451
|-end|p2a: Kingambit|fallen2|[silent]
|switch|p2a: Hydrapple|Hydrapple, M|46/100
|-damage|p2a: Hydrapple|29/100|[from] Spikes
|-damage|p2a: Hydrapple|17/100|[from] Stealth Rock
|move|p1a: Ting-Lu|Earthquake|p2a: Hydrapple
|-resisted|p2a: Hydrapple
|-damage|p2a: Hydrapple|2/100
|
|-heal|p1a: Ting-Lu|90/100|[from] item: Leftovers
|upkeep
|turn|36
|
|t:|1759004455
|switch|p2a: Gliscor|Gliscor, F|52/100 tox
|-damage|p2a: Gliscor|40/100 tox|[from] Stealth Rock
|move|p1a: Ting-Lu|Heavy Slam|p2a: Gliscor
|-damage|p2a: Gliscor|22/100 tox
|
|-heal|p1a: Ting-Lu|96/100|[from] item: Leftovers
|-heal|p2a: Gliscor|34/100 tox|[from] ability: Poison Heal
|upkeep
|turn|37
|
|t:|1759004459
|switch|p1a: Corviknight|Corviknight, M|49/100
|-damage|p1a: Corviknight|37/100|[from] Stealth Rock
|-ability|p1a: Corviknight|Pressure
|move|p2a: Gliscor|Toxic|p1a: Corviknight
|-immune|p1a: Corviknight
|
|-heal|p2a: Gliscor|47/100 tox|[from] ability: Poison Heal
|upkeep
|turn|38
|
|t:|1759004462
|move|p2a: Gliscor|Earthquake|p1a: Corviknight
|-immune|p1a: Corviknight
|move|p1a: Corviknight|Roost|p1a: Corviknight
|-heal|p1a: Corviknight|87/100
|-singleturn|p1a: Corviknight|move: Roost
|
|-heal|p2a: Gliscor|59/100 tox|[from] ability: Poison Heal
|upkeep
|turn|39
|
|t:|1759004465
|move|p2a: Gliscor|Protect|p2a: Gliscor
|-singleturn|p2a: Gliscor|Protect
|move|p1a: Corviknight|U-turn|p2a: Gliscor
|-activate|p2a: Gliscor|move: Protect
|
|-heal|p2a: Gliscor|72/100 tox|[from] ability: Poison Heal
|upkeep
|turn|40
|
|t:|1759004468
|switch|p2a: Moltres|Moltres|51/100
|move|p1a: Corviknight|U-turn|p2a: Moltres
|-resisted|p2a: Moltres
|-damage|p2a: Moltres|48/100
|
|t:|1759004472
|switch|p1a: Ting-Lu|Ting-Lu, shiny|96/100|[from] U-turn
|-damage|p1a: Ting-Lu|90/100|[from] Stealth Rock
|-ability|p1a: Ting-Lu|Vessel of Ruin
|
|-heal|p1a: Ting-Lu|96/100|[from] item: Leftovers
|upkeep
|turn|41
|
|t:|1759004475
|move|p2a: Moltres|U-turn|p1a: Ting-Lu
|-supereffective|p1a: Ting-Lu
|-damage|p1a: Ting-Lu|78/100
|
|t:|1759004478
|switch|p2a: Gliscor|Gliscor, F|72/100 tox|[from] U-turn
|-damage|p2a: Gliscor|59/100 tox|[from] Stealth Rock
|move|p1a: Ting-Lu|Heavy Slam|p2a: Gliscor
|-damage|p2a: Gliscor|41/100 tox
|
|-heal|p1a: Ting-Lu|85/100|[from] item: Leftovers
|-heal|p2a: Gliscor|53/100 tox|[from] ability: Poison Heal
|upkeep
|turn|42
|
|t:|1759004480
|move|p2a: Gliscor|Toxic|p1a: Ting-Lu
|-status|p1a: Ting-Lu|tox
|move|p1a: Ting-Lu|Heavy Slam|p2a: Gliscor
|-damage|p2a: Gliscor|34/100 tox
|
|-heal|p1a: Ting-Lu|91/100 tox|[from] item: Leftovers
|-heal|p2a: Gliscor|47/100 tox|[from] ability: Poison Heal
|-damage|p1a: Ting-Lu|85/100 tox|[from] psn
|upkeep
|turn|43
|
|t:|1759004483
|move|p2a: Gliscor|Earthquake|p1a: Ting-Lu
|-damage|p1a: Ting-Lu|67/100 tox
|move|p1a: Ting-Lu|Heavy Slam|p2a: Gliscor
|-damage|p2a: Gliscor|27/100 tox
|
|-heal|p1a: Ting-Lu|73/100 tox|[from] item: Leftovers
|-heal|p2a: Gliscor|40/100 tox|[from] ability: Poison Heal
|-damage|p1a: Ting-Lu|61/100 tox|[from] psn
|upkeep
|turn|44
|
|t:|1759004485
|move|p2a: Gliscor|Protect|p2a: Gliscor
|-singleturn|p2a: Gliscor|Protect
|move|p1a: Ting-Lu|Rest|p1a: Ting-Lu
|-status|p1a: Ting-Lu|slp|[from] move: Rest
|-heal|p1a: Ting-Lu|100/100 slp|[silent]
|
|-heal|p2a: Gliscor|52/100 tox|[from] ability: Poison Heal
|upkeep
|turn|45
|
|t:|1759004489
|move|p2a: Gliscor|Earthquake|p1a: Ting-Lu
|-damage|p1a: Ting-Lu|81/100 slp
|cant|p1a: Ting-Lu|slp
|
|-heal|p1a: Ting-Lu|87/100 slp|[from] item: Leftovers
|-heal|p2a: Gliscor|65/100 tox|[from] ability: Poison Heal
|upkeep
|turn|46
|
|t:|1759004492
|switch|p2a: Hydrapple|Hydrapple, M|35/100
|-damage|p2a: Hydrapple|18/100|[from] Spikes
|-damage|p2a: Hydrapple|6/100|[from] Stealth Rock
|cant|p1a: Ting-Lu|slp
|
|-heal|p1a: Ting-Lu|93/100 slp|[from] item: Leftovers
|upkeep
|turn|47
|
|t:|1759004496
|switch|p2a: Gliscor|Gliscor, F|65/100 tox
|-damage|p2a: Gliscor|52/100 tox|[from] Stealth Rock
|-curestatus|p1a: Ting-Lu|slp|[msg]
|move|p1a: Ting-Lu|Heavy Slam|p2a: Gliscor
|-damage|p2a: Gliscor|34/100 tox
|
|-heal|p1a: Ting-Lu|99/100|[from] item: Leftovers
|-heal|p2a: Gliscor|47/100 tox|[from] ability: Poison Heal
|upkeep
|turn|48
|
|t:|1759004499
|switch|p1a: Corviknight|Corviknight, M|87/100
|-damage|p1a: Corviknight|74/100|[from] Stealth Rock
|-ability|p1a: Corviknight|Pressure
|move|p2a: Gliscor|Toxic|p1a: Corviknight
|-immune|p1a: Corviknight
|
|-heal|p2a: Gliscor|59/100 tox|[from] ability: Poison Heal
|upkeep
|turn|49
|
|t:|1759004503
|move|p2a: Gliscor|Protect|p2a: Gliscor
|-singleturn|p2a: Gliscor|Protect
|move|p1a: Corviknight|Roost|p1a: Corviknight
|-heal|p1a: Corviknight|100/100
|-singleturn|p1a: Corviknight|move: Roost
|
|-heal|p2a: Gliscor|72/100 tox|[from] ability: Poison Heal
|upkeep
|turn|50
|
|t:|1759004505
|switch|p2a: Moltres|Moltres|48/100
|move|p1a: Corviknight|Iron Defense|p1a: Corviknight
|-boost|p1a: Corviknight|def|2
|
|upkeep
|turn|51
|
|t:|1759004508
|switch|p1a: Ting-Lu|Ting-Lu, shiny|99/100
|-damage|p1a: Ting-Lu|93/100|[from] Stealth Rock
|-ability|p1a: Ting-Lu|Vessel of Ruin
|move|p2a: Moltres|Flamethrower|p1a: Ting-Lu
|-damage|p1a: Ting-Lu|79/100
|
|-heal|p1a: Ting-Lu|85/100|[from] item: Leftovers
|upkeep
|turn|52
|
|t:|1759004512
|move|p2a: Moltres|U-turn|p1a: Ting-Lu
|-supereffective|p1a: Ting-Lu
|-damage|p1a: Ting-Lu|69/100
|
|t:|1759004515
|switch|p2a: Gliscor|Gliscor, F|72/100 tox|[from] U-turn
|-damage|p2a: Gliscor|59/100 tox|[from] Stealth Rock
|move|p1a: Ting-Lu|Heavy Slam|p2a: Gliscor
|-damage|p2a: Gliscor|39/100 tox
|
|-heal|p1a: Ting-Lu|75/100|[from] item: Leftovers
|-heal|p2a: Gliscor|52/100 tox|[from] ability: Poison Heal
|upkeep
|turn|53
|
|t:|1759004518
|move|p2a: Gliscor|Earthquake|p1a: Ting-Lu
|-damage|p1a: Ting-Lu|57/100
|move|p1a: Ting-Lu|Heavy Slam|p2a: Gliscor
|-damage|p2a: Gliscor|33/100 tox
|
|-heal|p1a: Ting-Lu|63/100|[from] item: Leftovers
|-heal|p2a: Gliscor|46/100 tox|[from] ability: Poison Heal
|upkeep
|turn|54
|j| lvBreakfast
|
|t:|1759004522
|move|p2a: Gliscor|Toxic|p1a: Ting-Lu
|-status|p1a: Ting-Lu|tox
|move|p1a: Ting-Lu|Heavy Slam|p2a: Gliscor
|-damage|p2a: Gliscor|25/100 tox
|
|-heal|p1a: Ting-Lu|70/100 tox|[from] item: Leftovers
|-heal|p2a: Gliscor|38/100 tox|[from] ability: Poison Heal
|-damage|p1a: Ting-Lu|63/100 tox|[from] psn
|upkeep
|turn|55
|
|t:|1759004524
|move|p2a: Gliscor|Earthquake|p1a: Ting-Lu
|-damage|p1a: Ting-Lu|46/100 tox
|move|p1a: Ting-Lu|Heavy Slam|p2a: Gliscor
|-damage|p2a: Gliscor|20/100 tox
|
|-heal|p1a: Ting-Lu|52/100 tox|[from] item: Leftovers
|-heal|p2a: Gliscor|33/100 tox|[from] ability: Poison Heal
|-damage|p1a: Ting-Lu|40/100 tox|[from] psn
|upkeep
|turn|56
|
|t:|1759004527
|switch|p2a: Hydrapple|Hydrapple, M|39/100
|-damage|p2a: Hydrapple|23/100|[from] Spikes
|-damage|p2a: Hydrapple|10/100|[from] Stealth Rock
|move|p1a: Ting-Lu|Rest|p1a: Ting-Lu
|-status|p1a: Ting-Lu|slp|[from] move: Rest
|-heal|p1a: Ting-Lu|100/100 slp|[silent]
|
|upkeep
|turn|57
|
|t:|1759004534
|move|p2a: Hydrapple|Fickle Beam|p1a: Ting-Lu
|-damage|p1a: Ting-Lu|82/100 slp
|cant|p1a: Ting-Lu|slp
|
|-heal|p1a: Ting-Lu|89/100 slp|[from] item: Leftovers
|upkeep
|turn|58
|
|t:|1759004537
|move|p2a: Hydrapple|Giga Drain|p1a: Ting-Lu
|-supereffective|p1a: Ting-Lu
|-damage|p1a: Ting-Lu|53/100 slp
|-heal|p2a: Hydrapple|32/100|[from] drain|[of] p1a: Ting-Lu
|cant|p1a: Ting-Lu|slp
|
|-heal|p1a: Ting-Lu|59/100 slp|[from] item: Leftovers
|upkeep
|turn|59
|
|t:|1759004541
|move|p2a: Hydrapple|Giga Drain|p1a: Ting-Lu
|-supereffective|p1a: Ting-Lu
|-damage|p1a: Ting-Lu|26/100 slp
|-heal|p2a: Hydrapple|53/100|[from] drain|[of] p1a: Ting-Lu
|-curestatus|p1a: Ting-Lu|slp|[msg]
|move|p1a: Ting-Lu|Earthquake|p2a: Hydrapple
|-resisted|p2a: Hydrapple
|-damage|p2a: Hydrapple|40/100
|
|-heal|p1a: Ting-Lu|32/100|[from] item: Leftovers
|upkeep
|turn|60
|
|t:|1759004544
|move|p2a: Hydrapple|Giga Drain|p1a: Ting-Lu
|-supereffective|p1a: Ting-Lu
|-damage|p1a: Ting-Lu|1/100
|-heal|p2a: Hydrapple|59/100|[from] drain|[of] p1a: Ting-Lu
|move|p1a: Ting-Lu|Rest|p1a: Ting-Lu
|-status|p1a: Ting-Lu|slp|[from] move: Rest
|-heal|p1a: Ting-Lu|100/100 slp|[silent]
|
|upkeep
|turn|61
|
|t:|1759004548
|switch|p1a: Dragapult|Dragapult, M|14/100
|-damage|p1a: Dragapult|2/100|[from] Stealth Rock
|move|p2a: Hydrapple|Nasty Plot|p2a: Hydrapple
|-boost|p2a: Hydrapple|spa|2
|
|upkeep
|turn|62
|
|t:|1759004553
|switch|p2a: Kingambit|Kingambit, F|29/100
|-activate|p2a: Kingambit|ability: Supreme Overlord
|-start|p2a: Kingambit|fallen2|[silent]
|move|p1a: Dragapult|Shadow Ball|p2a: Kingambit
|-resisted|p2a: Kingambit
|-damage|p2a: Kingambit|3/100
|
|upkeep
|turn|63
|
|t:|1759004561
|move|p2a: Kingambit|Sucker Punch|p1a: Dragapult
|-supereffective|p1a: Dragapult
|-damage|p1a: Dragapult|0 fnt
|faint|p1a: Dragapult
|
|upkeep
|
|t:|1759004563
|switch|p1a: Corviknight|Corviknight, M|100/100
|-damage|p1a: Corviknight|88/100|[from] Stealth Rock
|-ability|p1a: Corviknight|Pressure
|turn|64
|
|t:|1759004571
|-end|p2a: Kingambit|fallen2|[silent]
|switch|p2a: Moltres|Moltres|48/100
|move|p1a: Corviknight|U-turn|p2a: Moltres
|-resisted|p2a: Moltres
|-damage|p2a: Moltres|44/100
|-status|p1a: Corviknight|brn|[from] ability: Flame Body|[of] p2a: Moltres
|
|t:|1759004574
|switch|p1a: Ting-Lu|Ting-Lu, shiny|100/100 slp|[from] U-turn
|-damage|p1a: Ting-Lu|94/100 slp|[from] Stealth Rock
|-ability|p1a: Ting-Lu|Vessel of Ruin
|
|-heal|p1a: Ting-Lu|100/100 slp|[from] item: Leftovers
|upkeep
|turn|65
|
|t:|1759004577
|move|p2a: Moltres|Roost|p2a: Moltres
|-heal|p2a: Moltres|94/100
|-singleturn|p2a: Moltres|move: Roost
|cant|p1a: Ting-Lu|slp
|
|upkeep
|turn|66
|
|t:|1759004581
|move|p2a: Moltres|U-turn|p1a: Ting-Lu
|-supereffective|p1a: Ting-Lu
|-damage|p1a: Ting-Lu|84/100 slp
|
|t:|1759004584
|switch|p2a: Hydrapple|Hydrapple, M|93/100|[from] U-turn
|-damage|p2a: Hydrapple|76/100|[from] Spikes
|-damage|p2a: Hydrapple|64/100|[from] Stealth Rock
|cant|p1a: Ting-Lu|slp
|
|-heal|p1a: Ting-Lu|90/100 slp|[from] item: Leftovers
|upkeep
|turn|67
|
|t:|1759004587
|move|p2a: Hydrapple|Nasty Plot|p2a: Hydrapple
|-boost|p2a: Hydrapple|spa|2
|-curestatus|p1a: Ting-Lu|slp|[msg]
|move|p1a: Ting-Lu|Heavy Slam|p2a: Hydrapple
|-damage|p2a: Hydrapple|43/100
|
|-heal|p1a: Ting-Lu|96/100|[from] item: Leftovers
|upkeep
|turn|68
|
|t:|1759004594
|switch|p1a: Corviknight|Corviknight, M|88/100 brn
|-damage|p1a: Corviknight|75/100 brn|[from] Stealth Rock
|-ability|p1a: Corviknight|Pressure
|move|p2a: Hydrapple|Giga Drain|p1a: Corviknight
|-resisted|p1a: Corviknight
|-damage|p1a: Corviknight|54/100 brn
|-heal|p2a: Hydrapple|52/100|[from] drain|[of] p1a: Corviknight
|
|-damage|p1a: Corviknight|48/100 brn|[from] brn
|upkeep
|turn|69
|
|t:|1759004598
|move|p1a: Corviknight|Body Press|p2a: Hydrapple
|-damage|p2a: Hydrapple|42/100
|move|p2a: Hydrapple|Fickle Beam|p1a: Corviknight
|-resisted|p1a: Corviknight
|-damage|p1a: Corviknight|2/100 brn
|
|-damage|p1a: Corviknight|0 fnt|[from] brn
|faint|p1a: Corviknight
|upkeep
|
|t:|1759004600
|switch|p1a: Skeledirge|Skeledirge, F, tera:Dark|15/100
|turn|70
|
|t:|1759004604
|move|p1a: Skeledirge|Slack Off|p1a: Skeledirge
|-heal|p1a: Skeledirge|65/100
|move|p2a: Hydrapple|Fickle Beam|p1a: Skeledirge|[anim] Fickle Beam All Out
|-activate|p2a: Hydrapple|move: Fickle Beam
|-damage|p1a: Skeledirge|6/100
|
|upkeep
|turn|71
|
|t:|1759004607
|move|p1a: Skeledirge|Slack Off|p1a: Skeledirge
|-heal|p1a: Skeledirge|56/100
|move|p2a: Hydrapple|Giga Drain|p1a: Skeledirge
|-damage|p1a: Skeledirge|27/100
|-heal|p2a: Hydrapple|56/100|[from] drain|[of] p1a: Skeledirge
|
|upkeep
|turn|72
|
|t:|1759004611
|move|p1a: Skeledirge|Slack Off|p1a: Skeledirge
|-heal|p1a: Skeledirge|77/100
|move|p2a: Hydrapple|Giga Drain|p1a: Skeledirge
|-damage|p1a: Skeledirge|50/100
|-heal|p2a: Hydrapple|70/100|[from] drain|[of] p1a: Skeledirge
|
|upkeep
|turn|73
|
|t:|1759004617
|move|p1a: Skeledirge|Torch Song|p2a: Hydrapple
|-damage|p2a: Hydrapple|38/100
|-boost|p1a: Skeledirge|spa|1
|move|p2a: Hydrapple|Earth Power|p1a: Skeledirge
|-damage|p1a: Skeledirge|26/100
|
|upkeep
|turn|74
|
|t:|1759004623
|switch|p2a: Kingambit|Kingambit, F|3/100
|-activate|p2a: Kingambit|ability: Supreme Overlord
|-start|p2a: Kingambit|fallen2|[silent]
|move|p1a: Skeledirge|Torch Song|p2a: Kingambit
|-supereffective|p2a: Kingambit
|-damage|p2a: Kingambit|0 fnt
|-boost|p1a: Skeledirge|spa|1
|faint|p2a: Kingambit
|-end|p2a: Kingambit|fallen2|[silent]
|
|upkeep
|
|t:|1759004626
|switch|p2a: Moltres|Moltres|94/100
|turn|75
|
|t:|1759004633
|move|p2a: Moltres|Flamethrower|p1a: Skeledirge
|-damage|p1a: Skeledirge|0 fnt
|faint|p1a: Skeledirge
|
|upkeep
|-message|JackRG1 forfeited.
|
|win|Light SV
|raw|JackRG1's rating: 1901 &rarr; <strong>1880</strong><br />(-21 for losing)
|raw|Light SV's rating: 1875 &rarr; <strong>1896</strong><br />(+21 for winning)
|l|‽JackRG1
|player|p1|
|l| FaronAan
|l|☆Light SV
|player|p2|
