|j|☆wittyphoshop
|j|☆ohjeebus
|t:|1758955932
|gametype|singles
|player|p1|wittyphoshop|cyclist-gen4|1424
|player|p2|ohjeebus|koga|1512
|gen|9
|tier|[Gen 9] OU
|rated|
|rule|HP Percentage Mod: HP is shown in percentages
|rule|Endless Battle Clause: Forcing endless battles is banned
|rule|Species Clause: Limit one of each Pokémon
|rule|OHKO Clause: OHKO moves are banned
|rule|Evasion Items Clause: Evasion items are banned
|rule|Evasion Moves Clause: Evasion moves are banned
|rule|Evasion Abilities Clause: Evasion abilities are banned
|rule|Sleep Moves Clause: Sleep-inducing moves are banned
|clearpoke
|poke|p1|Zapdos|
|poke|p1|Meowscarada, F|
|poke|p1|Latias, F|
|poke|p1|Okidogi, M|
|poke|p1|Slowking-Galar, M|
|poke|p1|Great Tusk|
|poke|p2|Zamazenta-*|
|poke|p2|Weezing-Galar, M|
|poke|p2|Kingambit, M|
|poke|p2|Weavile, F|
|poke|p2|Ceruledge, F|
|poke|p2|Ting-Lu|
|teampreview
|inactive|Battle timer is ON: inactive players will automatically lose when time's up. (requested by ohjeebus)
|inactive|ohjeebus has 120 seconds left.
|
|t:|1758955969
|teamsize|p1|6
|teamsize|p2|6
|start
|switch|p1a: Zapdos|Zapdos|100/100
|switch|p2a: Ceruledge|Ceruledge, F|100/100
|turn|1
|
|t:|1758955974
|switch|p2a: Ting-Lu|Ting-Lu|100/100
|-ability|p2a: Ting-Lu|Vessel of Ruin
|move|p1a: Zapdos|Volt Switch|p2a: Ting-Lu
|-immune|p2a: Ting-Lu
|
|upkeep
|turn|2
|
|t:|1758955981
|move|p1a: Zapdos|Hurricane|p2a: Ting-Lu
|-damage|p2a: Ting-Lu|77/100
|move|p2a: Ting-Lu|Payback|p1a: Zapdos
|-damage|p1a: Zapdos|53/100
|
|-heal|p2a: Ting-Lu|83/100|[from] item: Leftovers
|upkeep
|turn|3
|
|t:|1758955989
|move|p1a: Zapdos|Roost|p1a: Zapdos
|-heal|p1a: Zapdos|100/100
|-singleturn|p1a: Zapdos|move: Roost
|move|p2a: Ting-Lu|Earthquake|p1a: Zapdos
|-supereffective|p1a: Zapdos
|-damage|p1a: Zapdos|9/100
|
|-heal|p2a: Ting-Lu|89/100|[from] item: Leftovers
|upkeep
|turn|4
|
|t:|1758955996
|switch|p1a: Unnecessary Biped|Meowscarada, F, shiny|100/100
|move|p2a: Ting-Lu|Payback|p1a: Unnecessary Biped
|-resisted|p1a: Unnecessary Biped
|-damage|p1a: Unnecessary Biped|85/100
|
|-heal|p2a: Ting-Lu|95/100|[from] item: Leftovers
|upkeep
|turn|5
|
|t:|1758956004
|switch|p2a: Ceruledge|Ceruledge, F|100/100
|move|p1a: Unnecessary Biped|Flower Trick|p2a: Ceruledge
|-start|p1a: Unnecessary Biped|typechange|Grass|[from] ability: Protean
|-resisted|p2a: Ceruledge
|-crit|p2a: Ceruledge
|-damage|p2a: Ceruledge|61/100
|-ability|p2a: Ceruledge|Weak Armor|boost
|-unboost|p2a: Ceruledge|def|1
|-boost|p2a: Ceruledge|spe|2
|
|upkeep
|turn|6
|
|t:|1758956014
|-terastallize|p1a: Unnecessary Biped|Dark
|move|p2a: Ceruledge|Swords Dance|p2a: Ceruledge
|-boost|p2a: Ceruledge|atk|2
|move|p1a: Unnecessary Biped|Knock Off|p2a: Ceruledge
|-supereffective|p2a: Ceruledge
|-damage|p2a: Ceruledge|0 fnt
|-enditem|p2a: Ceruledge|Heavy-Duty Boots|[from] move: Knock Off|[of] p1a: Unnecessary Biped
|faint|p2a: Ceruledge
|
|upkeep
|
|t:|1758956019
|switch|p2a: Weezing|Weezing-Galar, M|100/100
|-ability|p2a: Weezing|Neutralizing Gas
|turn|7
|
|t:|1758956023
|move|p1a: Unnecessary Biped|U-turn|p2a: Weezing
|-resisted|p2a: Weezing
|-damage|p2a: Weezing|97/100
|-damage|p1a: Unnecessary Biped|69/100|[from] item: Rocky Helmet|[of] p2a: Weezing
|
|t:|1758956030
|switch|p1a: Hail to the king!|Slowking-Galar, M|100/100|[from] U-turn
|move|p2a: Weezing|Strange Steam|p1a: Hail to the king!|[miss]
|-miss|p2a: Weezing|p1a: Hail to the king!
|
|upkeep
|turn|8
|
|t:|1758956035
|-end|p2a: Weezing|ability: Neutralizing Gas
|switch|p2a: Kingambit|Kingambit, M|100/100
|-activate|p2a: Kingambit|ability: Supreme Overlord
|-start|p2a: Kingambit|fallen1|[silent]
|move|p1a: Hail to the king!|Thunder Wave|p2a: Kingambit
|-status|p2a: Kingambit|par
|
|upkeep
|turn|9
|
|t:|1758956039
|move|p2a: Kingambit|Swords Dance|p2a: Kingambit
|-boost|p2a: Kingambit|atk|2
|-prepare|p1a: Hail to the king!|Chilly Reception|[premajor]
|move|p1a: Hail to the king!|Chilly Reception|p1a: Hail to the king!
|-weather|Snowscape
|
|t:|1758956042
|switch|p1a: Bad Dog|Okidogi, M|100/100|[from] Chilly Reception
|
|-weather|Snowscape|[upkeep]
|upkeep
|turn|10
|
|t:|1758956050
|-terastallize|p2a: Kingambit|Fairy
|move|p1a: Bad Dog|Drain Punch|p2a: Kingambit
|-resisted|p2a: Kingambit
|-damage|p2a: Kingambit|86/100 par
|move|p2a: Kingambit|Iron Head|p1a: Bad Dog
|-damage|p1a: Bad Dog|17/100
|
|-weather|Snowscape|[upkeep]
|-heal|p1a: Bad Dog|23/100|[from] item: Leftovers
|-heal|p2a: Kingambit|93/100 par|[from] item: Leftovers
|upkeep
|turn|11
|
|t:|1758956070
|move|p2a: Kingambit|Sucker Punch|p1a: Bad Dog
|-resisted|p1a: Bad Dog
|-damage|p1a: Bad Dog|0 fnt
|faint|p1a: Bad Dog
|
|-weather|Snowscape|[upkeep]
|-heal|p2a: Kingambit|99/100 par|[from] item: Leftovers
|upkeep
|
|t:|1758956076
|switch|p1a: Hail to the king!|Slowking-Galar, M|100/100
|turn|12
|
|t:|1758956079
|move|p2a: Kingambit|Iron Head|p1a: Hail to the king!
|-damage|p1a: Hail to the king!|0 fnt
|faint|p1a: Hail to the king!
|
|-weather|Snowscape|[upkeep]
|-heal|p2a: Kingambit|100/100 par|[from] item: Leftovers
|upkeep
|-message|wittyphoshop forfeited.
|
|win|ohjeebus
|raw|wittyphoshop's rating: 1424 &rarr; <strong>1409</strong><br />(-15 for losing)
|raw|ohjeebus's rating: 1512 &rarr; <strong>1527</strong><br />(+15 for winning)
|l|☆wittyphoshop
|player|p1|
