|j|☆Yomoma’sash
|j|☆Dragesh
|t:|1758955444
|gametype|singles
|player|p1|Yomoma’sash|266|1442
|player|p2|Dragesh|winona|1432
|gen|9
|tier|[Gen 9] OU
|rated|
|rule|HP Percentage Mod: HP is shown in percentages
|rule|Endless Battle Clause: Forcing endless battles is banned
|rule|Species Clause: Limit one of each Pokémon
|rule|OHKO Clause: OHKO moves are banned
|rule|Evasion Items Clause: Evasion items are banned
|rule|Evasion Moves Clause: Evasion moves are banned
|rule|Evasion Abilities Clause: Evasion abilities are banned
|rule|Sleep Moves Clause: Sleep-inducing moves are banned
|clearpoke
|poke|p1|Charizard, M|
|poke|p1|Venusaur, M|
|poke|p1|Lapras, F|
|poke|p1|Blastoise, F|
|poke|p1|Snorlax, M|
|poke|p1|Clefable, M|
|poke|p2|Araquanid, M|
|poke|p2|Iron Valiant|
|poke|p2|Kingambit, F|
|poke|p2|Raging Bolt|
|poke|p2|Great Tusk|
|poke|p2|Gholdengo|
|teampreview
|inactive|Battle timer is ON: inactive players will automatically lose when time's up. (requested by Dragesh)
|inactive|Dragesh has 120 seconds left.
|
|t:|1758955480
|teamsize|p1|6
|teamsize|p2|6
|start
|switch|p1a: Lapras|Lapras, F|100/100
|switch|p2a: Araquanid|Araquanid, M|100/100
|turn|1
|
|t:|1758955483
|move|p1a: Lapras|Freeze-Dry|p2a: Araquanid
|-supereffective|p2a: Araquanid
|-damage|p2a: Araquanid|30/100
|move|p2a: Araquanid|Sticky Web|p1a: Lapras
|-sidestart|p1: Yomoma’sash|move: Sticky Web
|
|upkeep
|turn|2
|
|t:|1758955486
|move|p2a: Araquanid|Endure|p2a: Araquanid
|-singleturn|p2a: Araquanid|move: Endure
|move|p1a: Lapras|Freeze-Dry|p2a: Araquanid
|-supereffective|p2a: Araquanid
|-activate|p2a: Araquanid|move: Endure
|-damage|p2a: Araquanid|1/100
|
|upkeep
|turn|3
|-enditem|p2a: Araquanid|Custap Berry|[eat]
|-activate|p2a: Araquanid|item: Custap Berry|[consumed]
|
|t:|1758955494
|move|p2a: Araquanid|Endeavor|p1a: Lapras
|-damage|p1a: Lapras|1/100
|move|p1a: Lapras|Freeze-Dry|p2a: Araquanid
|-supereffective|p2a: Araquanid
|-damage|p2a: Araquanid|0 fnt
|faint|p2a: Araquanid
|
|upkeep
|
|t:|1758955501
|switch|p2a: Raging Bolt|Raging Bolt|100/100
|-enditem|p2a: Raging Bolt|Booster Energy
|-activate|p2a: Raging Bolt|ability: Protosynthesis|[fromitem]
|-start|p2a: Raging Bolt|protosynthesisspa
|turn|4
|
|t:|1758955504
|move|p2a: Raging Bolt|Dragon Pulse|p1a: Lapras
|-damage|p1a: Lapras|0 fnt
|faint|p1a: Lapras
|
|upkeep
|
|t:|1758955507
|switch|p1a: Snorlax|Snorlax, M|100/100
|-activate|p1a: Snorlax|move: Sticky Web
|-unboost|p1a: Snorlax|spe|1
|turn|5
|
|t:|1758955509
|move|p2a: Raging Bolt|Calm Mind|p2a: Raging Bolt
|-boost|p2a: Raging Bolt|spa|1
|-boost|p2a: Raging Bolt|spd|1
|move|p1a: Snorlax|Earthquake|p2a: Raging Bolt
|-supereffective|p2a: Raging Bolt
|-damage|p2a: Raging Bolt|39/100
|
|upkeep
|turn|6
|
|t:|1758955515
|move|p2a: Raging Bolt|Thunderbolt|p1a: Snorlax
|-damage|p1a: Snorlax|36/100
|move|p1a: Snorlax|Earthquake|p2a: Raging Bolt
|-supereffective|p2a: Raging Bolt
|-damage|p2a: Raging Bolt|0 fnt
|faint|p2a: Raging Bolt
|-end|p2a: Raging Bolt|Protosynthesis|[silent]
|
|upkeep
|
|t:|1758955520
|switch|p2a: Kingambit|Kingambit, F|100/100
|-activate|p2a: Kingambit|ability: Supreme Overlord
|-start|p2a: Kingambit|fallen2|[silent]
|turn|7
|-enditem|p1a: Snorlax|Custap Berry|[eat]
|-activate|p1a: Snorlax|item: Custap Berry|[consumed]
|
|t:|1758955543
|move|p1a: Snorlax|Earthquake|p2a: Kingambit
|-supereffective|p2a: Kingambit
|-damage|p2a: Kingambit|42/100
|move|p2a: Kingambit|Kowtow Cleave|p1a: Snorlax
|-damage|p1a: Snorlax|0 fnt
|faint|p1a: Snorlax
|
|-heal|p2a: Kingambit|48/100|[from] item: Leftovers
|upkeep
|
|t:|1758955547
|switch|p1a: Charizard|Charizard, M|100/100
|turn|8
|
|t:|1758955555
|-end|p2a: Kingambit|fallen2|[silent]
|switch|p2a: Great Tusk|Great Tusk|100/100
|-enditem|p2a: Great Tusk|Booster Energy
|-activate|p2a: Great Tusk|ability: Protosynthesis|[fromitem]
|-start|p2a: Great Tusk|protosynthesisatk
|move|p1a: Charizard|Flamethrower|p2a: Great Tusk
|-crit|p2a: Great Tusk
|-damage|p2a: Great Tusk|0 fnt
|faint|p2a: Great Tusk
|-end|p2a: Great Tusk|Protosynthesis|[silent]
|
|upkeep
|
|t:|1758955564
|switch|p2a: Iron Valiant|Iron Valiant|100/100
|-enditem|p2a: Iron Valiant|Booster Energy
|-activate|p2a: Iron Valiant|ability: Quark Drive|[fromitem]
|-start|p2a: Iron Valiant|quarkdrivespa
|turn|9
|inactive|Yomoma’sash has 120 seconds left.
|
|t:|1758955598
|switch|p1a: Venusaur|Venusaur, M|100/100
|-activate|p1a: Venusaur|move: Sticky Web
|-unboost|p1a: Venusaur|spe|1
|move|p2a: Iron Valiant|Shadow Ball|p1a: Venusaur
|-damage|p1a: Venusaur|55/100
|
|upkeep
|turn|10
|
|t:|1758955603
|move|p2a: Iron Valiant|Shadow Ball|p1a: Venusaur
|-damage|p1a: Venusaur|16/100
|move|p1a: Venusaur|Sludge Bomb|p2a: Iron Valiant
|-supereffective|p2a: Iron Valiant
|-crit|p2a: Iron Valiant
|-damage|p2a: Iron Valiant|0 fnt
|faint|p2a: Iron Valiant
|-end|p2a: Iron Valiant|Quark Drive|[silent]
|
|upkeep
|
|t:|1758955613
|switch|p2a: Gholdengo|Gholdengo|100/100
|-item|p2a: Gholdengo|Air Balloon
|turn|11
|
|t:|1758955616
|move|p2a: Gholdengo|Shadow Ball|p1a: Venusaur
|-damage|p1a: Venusaur|0 fnt
|faint|p1a: Venusaur
|
|upkeep
|inactive|Yomoma’sash has 120 seconds left.
|
|t:|1758955651
|switch|p1a: Blastoise|Blastoise, F|100/100
|-activate|p1a: Blastoise|move: Sticky Web
|-unboost|p1a: Blastoise|spe|1
|-enditem|p1a: Blastoise|White Herb
|-clearnegativeboost|p1a: Blastoise|[silent]
|turn|12
|
|t:|1758955656
|move|p2a: Gholdengo|Nasty Plot|p2a: Gholdengo
|-boost|p2a: Gholdengo|spa|2
|move|p1a: Blastoise|Shell Smash|p1a: Blastoise
|-unboost|p1a: Blastoise|def|1
|-unboost|p1a: Blastoise|spd|1
|-boost|p1a: Blastoise|atk|2
|-boost|p1a: Blastoise|spa|2
|-boost|p1a: Blastoise|spe|2
|
|upkeep
|turn|13
|
|t:|1758955661
|move|p1a: Blastoise|Dark Pulse|p2a: Gholdengo
|-supereffective|p2a: Gholdengo
|-damage|p2a: Gholdengo|1/100
|-enditem|p2a: Gholdengo|Air Balloon
|move|p2a: Gholdengo|Shadow Ball|p1a: Blastoise
|-damage|p1a: Blastoise|0 fnt
|faint|p1a: Blastoise
|
|upkeep
|
|t:|1758955668
|switch|p1a: Charizard|Charizard, M|100/100
|turn|14
|
|t:|1758955670
|move|p1a: Charizard|Flamethrower|p2a: Gholdengo
|-supereffective|p2a: Gholdengo
|-crit|p2a: Gholdengo
|-damage|p2a: Gholdengo|0 fnt
|faint|p2a: Gholdengo
|
|upkeep
|
|t:|1758955672
|switch|p2a: Kingambit|Kingambit, F|48/100
|-activate|p2a: Kingambit|ability: Supreme Overlord
|-start|p2a: Kingambit|fallen5|[silent]
|turn|15
|
|t:|1758955685
|-terastallize|p2a: Kingambit|Ghost
|move|p2a: Kingambit|Sucker Punch|p1a: Charizard
|-crit|p1a: Charizard
|-damage|p1a: Charizard|0 fnt
|faint|p1a: Charizard
|
|-heal|p2a: Kingambit|54/100|[from] item: Leftovers
|upkeep
|
|t:|1758955692
|switch|p1a: Clefable|Clefable, M|100/100
|-activate|p1a: Clefable|move: Sticky Web
|-unboost|p1a: Clefable|spe|1
|turn|16
|
|t:|1758955697
|-terastallize|p1a: Clefable|Steel
|move|p2a: Kingambit|Iron Head|p1a: Clefable
|-resisted|p1a: Clefable
|-damage|p1a: Clefable|72/100
|move|p1a: Clefable|Cosmic Power|p1a: Clefable
|-boost|p1a: Clefable|def|1
|-boost|p1a: Clefable|spd|1
|
|-heal|p2a: Kingambit|60/100|[from] item: Leftovers
|-heal|p1a: Clefable|78/100|[from] item: Leftovers
|upkeep
|turn|17
|
|t:|1758955703
|move|p2a: Kingambit|Kowtow Cleave|p1a: Clefable
|-damage|p1a: Clefable|40/100
|move|p1a: Clefable|Moonlight|p1a: Clefable
|-heal|p1a: Clefable|90/100
|
|-heal|p2a: Kingambit|66/100|[from] item: Leftovers
|-heal|p1a: Clefable|96/100|[from] item: Leftovers
|upkeep
|turn|18
|
|t:|1758955707
|move|p2a: Kingambit|Swords Dance|p2a: Kingambit
|-boost|p2a: Kingambit|atk|2
|move|p1a: Clefable|Cosmic Power|p1a: Clefable
|-boost|p1a: Clefable|def|1
|-boost|p1a: Clefable|spd|1
|
|-heal|p2a: Kingambit|73/100|[from] item: Leftovers
|-heal|p1a: Clefable|100/100|[from] item: Leftovers
|upkeep
|turn|19
|
|t:|1758955710
|move|p2a: Kingambit|Swords Dance|p2a: Kingambit
|-boost|p2a: Kingambit|atk|2
|move|p1a: Clefable|Cosmic Power|p1a: Clefable
|-boost|p1a: Clefable|def|1
|-boost|p1a: Clefable|spd|1
|
|-heal|p2a: Kingambit|79/100|[from] item: Leftovers
|upkeep
|turn|20
|
|t:|1758955712
|move|p2a: Kingambit|Kowtow Cleave|p1a: Clefable
|-damage|p1a: Clefable|78/100
|move|p1a: Clefable|Cosmic Power|p1a: Clefable
|-boost|p1a: Clefable|def|1
|-boost|p1a: Clefable|spd|1
|
|-heal|p2a: Kingambit|85/100|[from] item: Leftovers
|-heal|p1a: Clefable|84/100|[from] item: Leftovers
|upkeep
|turn|21
|
|t:|1758955717
|move|p2a: Kingambit|Kowtow Cleave|p1a: Clefable
|-damage|p1a: Clefable|64/100
|move|p1a: Clefable|Cosmic Power|p1a: Clefable
|-boost|p1a: Clefable|def|1
|-boost|p1a: Clefable|spd|1
|
|-heal|p2a: Kingambit|91/100|[from] item: Leftovers
|-heal|p1a: Clefable|70/100|[from] item: Leftovers
|upkeep
|turn|22
|
|t:|1758955721
|move|p2a: Kingambit|Kowtow Cleave|p1a: Clefable
|-damage|p1a: Clefable|53/100
|move|p1a: Clefable|Moonlight|p1a: Clefable
|-heal|p1a: Clefable|100/100
|
|-heal|p2a: Kingambit|97/100|[from] item: Leftovers
|upkeep
|turn|23
|
|t:|1758955724
|move|p2a: Kingambit|Kowtow Cleave|p1a: Clefable
|-damage|p1a: Clefable|85/100
|move|p1a: Clefable|Cosmic Power|p1a: Clefable
|-boost|p1a: Clefable|def|1
|-boost|p1a: Clefable|spd|1
|
|-heal|p2a: Kingambit|100/100|[from] item: Leftovers
|-heal|p1a: Clefable|91/100|[from] item: Leftovers
|upkeep
|turn|24
|
|t:|1758955729
|move|p2a: Kingambit|Iron Head|p1a: Clefable
|-resisted|p1a: Clefable
|-damage|p1a: Clefable|85/100
|cant|p1a: Clefable|flinch
|
|-heal|p1a: Clefable|91/100|[from] item: Leftovers
|upkeep
|turn|25
|
|t:|1758955734
|move|p2a: Kingambit|Kowtow Cleave|p1a: Clefable
|-damage|p1a: Clefable|77/100
|move|p1a: Clefable|Stored Power|p2a: Kingambit
|-damage|p2a: Kingambit|31/100
|
|-heal|p2a: Kingambit|37/100|[from] item: Leftovers
|-heal|p1a: Clefable|83/100|[from] item: Leftovers
|upkeep
|turn|26
|
|t:|1758955741
|move|p2a: Kingambit|Kowtow Cleave|p1a: Clefable
|-damage|p1a: Clefable|69/100
|move|p1a: Clefable|Stored Power|p2a: Kingambit
|-damage|p2a: Kingambit|0 fnt
|faint|p2a: Kingambit
|-end|p2a: Kingambit|fallen5|[silent]
|
|win|Yomoma’sash
|raw|Yomoma’sash's rating: 1442 &rarr; <strong>1461</strong><br />(+19 for winning)
|raw|Dragesh's rating: 1432 &rarr; <strong>1413</strong><br />(-19 for losing)
|l|☆Dragesh
|player|p2|
