|j|☆Ray0000003
|j|☆Jon Mateo
|t:|1759064886
|gametype|singles
|player|p1|Ray0000003|169|1254
|player|p2|Jon Mateo|266|1247
|gen|9
|tier|[Gen 9] OU
|rated|
|rule|HP Percentage Mod: HP is shown in percentages
|rule|Endless Battle Clause: Forcing endless battles is banned
|rule|Species Clause: Limit one of each Pokémon
|rule|OHKO Clause: OHKO moves are banned
|rule|Evasion Items Clause: Evasion items are banned
|rule|Evasion Moves Clause: Evasion moves are banned
|rule|Evasion Abilities Clause: Evasion abilities are banned
|rule|Sleep Moves Clause: Sleep-inducing moves are banned
|clearpoke
|poke|p1|Toxapex, M|
|poke|p1|Iron Moth|
|poke|p1|Gliscor, F|
|poke|p1|Dragonite, F|
|poke|p1|Corviknight, M|
|poke|p1|Dondozo, F|
|poke|p2|Ceruledge, M|
|poke|p2|Quaquaval, M|
|poke|p2|Gardevoir, M|
|poke|p2|Garchomp, F|
|poke|p2|Rotom-Frost|
|poke|p2|Kingdra, M|
|teampreview
|
|t:|1759064926
|teamsize|p1|6
|teamsize|p2|6
|start
|switch|p1a: Toxapex|Toxapex, M, shiny|100/100
|switch|p2a: Rotom|Rotom-Frost|100/100
|turn|1
|
|t:|1759064955
|-terastallize|p1a: Toxapex|Dark
|move|p2a: Rotom|Trick|p1a: Toxapex
|-activate|p2a: Rotom|move: Trick|[of] p1a: Toxapex
|-item|p1a: Toxapex|Choice Scarf|[from] move: Trick
|-item|p2a: Rotom|Black Sludge|[from] move: Trick
|move|p1a: Toxapex|Toxic|p2a: Rotom
|-status|p2a: Rotom|tox
|
|-damage|p2a: Rotom|88/100 tox|[from] item: Black Sludge
|-damage|p2a: Rotom|82/100 tox|[from] psn
|upkeep
|turn|2
|
|t:|1759064974
|switch|p1a: Gliscor|Gliscor, F, shiny|100/100
|move|p2a: Rotom|Thunderbolt|p1a: Gliscor
|-immune|p1a: Gliscor
|
|-damage|p2a: Rotom|69/100 tox|[from] item: Black Sludge
|-damage|p2a: Rotom|57/100 tox|[from] psn
|-status|p1a: Gliscor|tox|[from] item: Toxic Orb
|upkeep
|turn|3
|
|t:|1759064985
|move|p1a: Gliscor|Earthquake|p2a: Rotom
|-immune|p2a: Rotom|[from] ability: Levitate
|move|p2a: Rotom|Blizzard|p1a: Gliscor
|-supereffective|p1a: Gliscor
|-damage|p1a: Gliscor|0 fnt
|faint|p1a: Gliscor
|
|-damage|p2a: Rotom|44/100 tox|[from] item: Black Sludge
|-damage|p2a: Rotom|26/100 tox|[from] psn
|upkeep
|
|t:|1759064997
|switch|p1a: Toxapex|Toxapex, M, shiny, tera:Dark|100/100
|turn|4
|
|t:|1759065005
|move|p2a: Rotom|Thunderbolt|p1a: Toxapex
|-damage|p1a: Toxapex|69/100
|move|p1a: Toxapex|Toxic Spikes|p2a: Rotom
|-sidestart|p2: Jon Mateo|move: Toxic Spikes
|
|-damage|p2a: Rotom|13/100 tox|[from] item: Black Sludge
|-damage|p2a: Rotom|0 fnt|[from] psn
|faint|p2a: Rotom
|upkeep
|
|t:|1759065025
|switch|p2a: Garchomp|Garchomp, F|100/100
|-status|p2a: Garchomp|psn
|turn|5
|
|t:|1759065046
|switch|p1a: Corviknight|Corviknight, M, shiny|100/100
|-ability|p1a: Corviknight|Pressure
|move|p2a: Garchomp|Swords Dance|p2a: Garchomp
|-boost|p2a: Garchomp|atk|2
|
|-damage|p2a: Garchomp|88/100 psn|[from] psn
|upkeep
|turn|6
|
|t:|1759065056
|move|p2a: Garchomp|Swords Dance|p2a: Garchomp
|-boost|p2a: Garchomp|atk|2
|move|p1a: Corviknight|U-turn|p2a: Garchomp
|-damage|p2a: Garchomp|74/100 psn
|-damage|p1a: Corviknight|88/100|[from] ability: Rough Skin|[of] p2a: Garchomp
|
|t:|1759065063
|switch|p1a: Toxapex|Toxapex, M, shiny, tera:Dark|100/100|[from] U-turn
|
|-damage|p2a: Garchomp|62/100 psn|[from] psn
|upkeep
|turn|7
|
|t:|1759065072
|move|p2a: Garchomp|Scale Shot|p1a: Toxapex
|-damage|p1a: Toxapex|73/100
|-damage|p1a: Toxapex|46/100
|-damage|p1a: Toxapex|20/100
|-damage|p1a: Toxapex|0 fnt
|faint|p1a: Toxapex
|-hitcount|p1: Toxapex|4
|-unboost|p2a: Garchomp|def|1
|-boost|p2a: Garchomp|spe|1
|
|-damage|p2a: Garchomp|50/100 psn|[from] psn
|upkeep
|
|t:|1759065088
|switch|p1a: Dragonite|Dragonite, F, shiny|100/100
|turn|8
|
|t:|1759065094
|move|p1a: Dragonite|Extreme Speed|p2a: Garchomp
|-damage|p2a: Garchomp|5/100 psn
|-damage|p1a: Dragonite|88/100|[from] ability: Rough Skin|[of] p2a: Garchomp
|move|p2a: Garchomp|Scale Shot|p1a: Dragonite
|-supereffective|p1a: Dragonite
|-crit|p1a: Dragonite
|-damage|p1a: Dragonite|0 fnt
|faint|p1a: Dragonite
|-hitcount|p1: Dragonite|1
|-unboost|p2a: Garchomp|def|1
|-boost|p2a: Garchomp|spe|1
|
|-damage|p2a: Garchomp|0 fnt|[from] psn
|faint|p2a: Garchomp
|upkeep
|
|t:|1759065112
|switch|p2a: Quaquaval|Quaquaval, M|100/100
|switch|p1a: Dondozo|Dondozo, F, shiny|100/100
|-status|p2a: Quaquaval|psn
|turn|9
|
|t:|1759065119
|move|p2a: Quaquaval|Close Combat|p1a: Dondozo
|-damage|p1a: Dondozo|54/100
|-unboost|p2a: Quaquaval|def|1
|-unboost|p2a: Quaquaval|spd|1
|move|p1a: Dondozo|Curse|p1a: Dondozo
|-unboost|p1a: Dondozo|spe|1
|-boost|p1a: Dondozo|atk|1
|-boost|p1a: Dondozo|def|1
|
|-heal|p1a: Dondozo|60/100|[from] item: Leftovers
|-damage|p2a: Quaquaval|88/100 psn|[from] psn
|upkeep
|turn|10
|
|t:|1759065136
|switch|p2a: Gardevoir|Gardevoir, M|100/100
|-status|p2a: Gardevoir|psn
|-ability|p2a: Gardevoir|Unaware|Trace|[from] ability: Trace|[of] p1a: Dondozo
|move|p1a: Dondozo|Rest|p1a: Dondozo
|-status|p1a: Dondozo|slp|[from] move: Rest
|-heal|p1a: Dondozo|100/100 slp|[silent]
|
|-damage|p2a: Gardevoir|88/100 psn|[from] psn
|upkeep
|turn|11
|
|t:|1759065148
|move|p2a: Gardevoir|Trick|p1a: Dondozo
|-activate|p2a: Gardevoir|move: Trick|[of] p1a: Dondozo
|-item|p1a: Dondozo|Choice Scarf|[from] move: Trick
|-item|p2a: Gardevoir|Leftovers|[from] move: Trick
|cant|p1a: Dondozo|slp
|move|p1a: Dondozo|Sleep Talk|p1a: Dondozo
|move|p1a: Dondozo|Curse|p1a: Dondozo|[from] move: Sleep Talk
|-unboost|p1a: Dondozo|spe|1
|-boost|p1a: Dondozo|atk|1
|-boost|p1a: Dondozo|def|1
|
|-heal|p2a: Gardevoir|94/100 psn|[from] item: Leftovers
|-damage|p2a: Gardevoir|82/100 psn|[from] psn
|upkeep
|turn|12
|
|t:|1759065164
|move|p2a: Gardevoir|Mystical Fire|p1a: Dondozo
|-resisted|p1a: Dondozo
|-damage|p1a: Dondozo|87/100 slp
|-unboost|p1a: Dondozo|spa|1
|cant|p1a: Dondozo|slp
|move|p1a: Dondozo|Sleep Talk|p1a: Dondozo
|move|p1a: Dondozo|Curse|p1a: Dondozo|[from] move: Sleep Talk
|-unboost|p1a: Dondozo|spe|1
|-boost|p1a: Dondozo|atk|1
|-boost|p1a: Dondozo|def|1
|
|-heal|p2a: Gardevoir|88/100 psn|[from] item: Leftovers
|-damage|p2a: Gardevoir|76/100 psn|[from] psn
|upkeep
|turn|13
|
|t:|1759065179
|move|p2a: Gardevoir|Psychic|p1a: Dondozo
|-damage|p1a: Dondozo|42/100 slp
|-curestatus|p1a: Dondozo|slp|[msg]
|move|p1a: Dondozo|Sleep Talk||[still]
|-fail|p1a: Dondozo
|
|-heal|p2a: Gardevoir|82/100 psn|[from] item: Leftovers
|-damage|p2a: Gardevoir|70/100 psn|[from] psn
|upkeep
|turn|14
|
|t:|1759065185
|switch|p1a: Corviknight|Corviknight, M, shiny|88/100
|-ability|p1a: Corviknight|Pressure
|move|p2a: Gardevoir|Psychic|p1a: Corviknight
|-resisted|p1a: Corviknight
|-damage|p1a: Corviknight|65/100
|
|-heal|p2a: Gardevoir|76/100 psn|[from] item: Leftovers
|-heal|p1a: Corviknight|71/100|[from] item: Leftovers
|-damage|p2a: Gardevoir|64/100 psn|[from] psn
|upkeep
|turn|15
|
|t:|1759065197
|move|p2a: Gardevoir|Mystical Fire|p1a: Corviknight
|-supereffective|p1a: Corviknight
|-damage|p1a: Corviknight|20/100
|-unboost|p1a: Corviknight|spa|1
|move|p1a: Corviknight|Roost|p1a: Corviknight
|-heal|p1a: Corviknight|70/100
|-singleturn|p1a: Corviknight|move: Roost
|
|-heal|p2a: Gardevoir|70/100 psn|[from] item: Leftovers
|-heal|p1a: Corviknight|76/100|[from] item: Leftovers
|-damage|p2a: Gardevoir|58/100 psn|[from] psn
|upkeep
|turn|16
|
|t:|1759065211
|switch|p2a: Ceruledge|Ceruledge, M|100/100
|-status|p2a: Ceruledge|psn
|move|p1a: Corviknight|U-turn|p2a: Ceruledge
|-resisted|p2a: Ceruledge
|-damage|p2a: Ceruledge|96/100 psn
|-ability|p2a: Ceruledge|Weak Armor|boost
|-unboost|p2a: Ceruledge|def|1
|-boost|p2a: Ceruledge|spe|2
|
|t:|1759065220
|switch|p1a: Dondozo|Dondozo, F, shiny|42/100|[from] U-turn
|
|-damage|p2a: Ceruledge|84/100 psn|[from] psn
|upkeep
|turn|17
|
|t:|1759065225
|move|p2a: Ceruledge|Poltergeist|p1a: Dondozo
|-activate|p1a: Dondozo|move: Poltergeist|Choice Scarf
|-damage|p1a: Dondozo|9/100
|-damage|p2a: Ceruledge|74/100 psn|[from] item: Life Orb
|move|p1a: Dondozo|Wave Crash|p2a: Ceruledge
|-supereffective|p2a: Ceruledge
|-damage|p2a: Ceruledge|0 fnt
|faint|p2a: Ceruledge
|-damage|p1a: Dondozo|0 fnt|[from] Recoil
|faint|p1a: Dondozo
|
|upkeep
|
|t:|1759065240
|switch|p2a: Kingdra|Kingdra, M|100/100
|switch|p1a: Iron Moth|Iron Moth, shiny|100/100
|-status|p2a: Kingdra|psn
|turn|18
|
|t:|1759065249
|move|p1a: Iron Moth|Energy Ball|p2a: Kingdra
|-damage|p2a: Kingdra|64/100 psn
|move|p2a: Kingdra|Rain Dance|p2a: Kingdra
|-weather|RainDance
|
|-weather|RainDance|[upkeep]
|-heal|p2a: Kingdra|70/100 psn|[from] item: Leftovers
|-damage|p2a: Kingdra|58/100 psn|[from] psn
|upkeep
|turn|19
|
|t:|1759065258
|-end|p1a: Iron Moth|Quark Drive|[silent]
|switch|p1a: Corviknight|Corviknight, M, shiny|76/100
|-ability|p1a: Corviknight|Pressure
|move|p2a: Kingdra|Surf|p1a: Corviknight
|-damage|p1a: Corviknight|19/100
|
|-weather|RainDance|[upkeep]
|-heal|p2a: Kingdra|64/100 psn|[from] item: Leftovers
|-heal|p1a: Corviknight|25/100|[from] item: Leftovers
|-damage|p2a: Kingdra|51/100 psn|[from] psn
|upkeep
|turn|20
|
|t:|1759065270
|move|p2a: Kingdra|Surf|p1a: Corviknight
|-damage|p1a: Corviknight|0 fnt
|faint|p1a: Corviknight
|
|-weather|RainDance|[upkeep]
|-heal|p2a: Kingdra|58/100 psn|[from] item: Leftovers
|-damage|p2a: Kingdra|45/100 psn|[from] psn
|upkeep
|
|t:|1759065278
|switch|p1a: Iron Moth|Iron Moth, shiny|100/100
|turn|21
|
|t:|1759065284
|move|p2a: Kingdra|Surf|p1a: Iron Moth
|-supereffective|p1a: Iron Moth
|-damage|p1a: Iron Moth|0 fnt
|faint|p1a: Iron Moth
|-end|p1a: Iron Moth|Quark Drive|[silent]
|
|win|Jon Mateo
|raw|Ray0000003's rating: 1254 &rarr; <strong>1228</strong><br />(-26 for losing)
|raw|Jon Mateo's rating: 1247 &rarr; <strong>1273</strong><br />(+26 for winning)
|l|☆Jon Mateo
|player|p2|
|l|☆Ray0000003
|player|p1|
