|j|☆Pityplatsch
|j|☆jehrma
|t:|1759044666
|gametype|singles
|player|p1|Pityplatsch|wallace|1082
|player|p2|jehrma|170|1147
|gen|9
|tier|[Gen 9] OU
|rated|
|rule|HP Percentage Mod: HP is shown in percentages
|rule|Endless Battle Clause: Forcing endless battles is banned
|rule|Species Clause: Limit one of each Pokémon
|rule|OHKO Clause: OHKO moves are banned
|rule|Evasion Items Clause: Evasion items are banned
|rule|Evasion Moves Clause: Evasion moves are banned
|rule|Evasion Abilities Clause: Evasion abilities are banned
|rule|Sleep Moves Clause: Sleep-inducing moves are banned
|clearpoke
|poke|p1|Alomomola, F|
|poke|p1|Hatterene, F|
|poke|p1|Gliscor, F|
|poke|p1|Comfey, F|
|poke|p1|Slowking-Galar, F|
|poke|p1|Latias, F|
|poke|p2|Kingambit, M|
|poke|p2|Iron Moth|
|poke|p2|Great Tusk|
|poke|p2|Kyurem|
|poke|p2|Grimmsnarl, M|
|poke|p2|Scizor, F|
|teampreview
|
|t:|1759044675
|teamsize|p1|6
|teamsize|p2|6
|start
|switch|p1a: Ruhepol|Alomomola, F, shiny|100/100
|switch|p2a: Kyurem|Kyurem|100/100
|-ability|p2a: Kyurem|Pressure
|turn|1
|
|t:|1759044694
|switch|p1a: Showtime Glow|Slowking-Galar, F|100/100
|move|p2a: Kyurem|Dragon Dance|p2a: Kyurem
|-boost|p2a: Kyurem|atk|1
|-boost|p2a: Kyurem|spe|1
|
|upkeep
|turn|2
|
|t:|1759044703
|move|p2a: Kyurem|Icicle Spear|p1a: Showtime Glow
|-damage|p1a: Showtime Glow|76/100
|-damage|p1a: Showtime Glow|52/100
|-damage|p1a: Showtime Glow|29/100
|-damage|p1a: Showtime Glow|6/100
|-damage|p1a: Showtime Glow|0 fnt
|faint|p1a: Showtime Glow
|-hitcount|p1: Showtime Glow|5
|
|upkeep
|
|t:|1759044717
|switch|p1a: Ruhepol|Alomomola, F, shiny|100/100
|turn|3
|
|t:|1759044728
|move|p2a: Kyurem|Iron Head|p1a: Ruhepol
|-resisted|p1a: Ruhepol
|-damage|p1a: Ruhepol|88/100
|-damage|p2a: Kyurem|84/100|[from] item: Rocky Helmet|[of] p1a: Ruhepol
|move|p1a: Ruhepol|Scald|p2a: Kyurem
|-resisted|p2a: Kyurem
|-damage|p2a: Kyurem|77/100
|
|upkeep
|turn|4
|
|t:|1759044738
|switch|p2a: Grimmsnarl|Grimmsnarl, M|100/100
|move|p1a: Ruhepol|Scald|p2a: Grimmsnarl
|-damage|p2a: Grimmsnarl|90/100
|
|upkeep
|turn|5
|
|t:|1759044753
|move|p2a: Grimmsnarl|Reflect|p2a: Grimmsnarl
|-sidestart|p2: jehrma|Reflect
|move|p1a: Ruhepol|Scald|p2a: Grimmsnarl
|-damage|p2a: Grimmsnarl|80/100
|
|upkeep
|turn|6
|
|t:|1759044759
|move|p2a: Grimmsnarl|Thunder Wave|p1a: Ruhepol
|-status|p1a: Ruhepol|par
|move|p1a: Ruhepol|Scald|p2a: Grimmsnarl
|-damage|p2a: Grimmsnarl|70/100
|
|upkeep
|turn|7
|
|t:|1759044776
|move|p2a: Grimmsnarl|Parting Shot|p1a: Ruhepol
|-unboost|p1a: Ruhepol|atk|1
|-unboost|p1a: Ruhepol|spa|1
|
|t:|1759044780
|switch|p2a: Iron Moth|Iron Moth|100/100|[from] Parting Shot
|-enditem|p2a: Iron Moth|Booster Energy
|-activate|p2a: Iron Moth|ability: Quark Drive|[fromitem]
|-start|p2a: Iron Moth|quarkdrivespe
|cant|p1a: Ruhepol|par
|
|upkeep
|turn|8
|
|t:|1759044790
|-terastallize|p2a: Iron Moth|Grass
|move|p2a: Iron Moth|Energy Ball|p1a: Ruhepol
|-supereffective|p1a: Ruhepol
|-crit|p1a: Ruhepol
|-damage|p1a: Ruhepol|0 fnt
|faint|p1a: Ruhepol
|
|upkeep
|
|t:|1759044805
|switch|p1a: Light Crown|Comfey, F|100/100
|turn|9
|
|t:|1759044808
|move|p2a: Iron Moth|Sludge Wave|p1a: Light Crown
|-supereffective|p1a: Light Crown
|-damage|p1a: Light Crown|0 fnt
|faint|p1a: Light Crown
|
|upkeep
|
|t:|1759044811
|switch|p1a: Good as Gold|Latias, F, shiny|100/100
|turn|10
|
|t:|1759044814
|move|p2a: Iron Moth|Dazzling Gleam|p1a: Good as Gold
|-supereffective|p1a: Good as Gold
|-damage|p1a: Good as Gold|61/100
|move|p1a: Good as Gold|Mist Ball|p2a: Iron Moth
|-damage|p2a: Iron Moth|42/100
|
|upkeep
|turn|11
|
|t:|1759044828
|move|p2a: Iron Moth|Dazzling Gleam|p1a: Good as Gold
|-supereffective|p1a: Good as Gold
|-damage|p1a: Good as Gold|20/100
|move|p1a: Good as Gold|Mist Ball|p2a: Iron Moth
|-damage|p2a: Iron Moth|0 fnt
|faint|p2a: Iron Moth
|-end|p2a: Iron Moth|Quark Drive|[silent]
|
|upkeep
|
|t:|1759044838
|switch|p2a: Scizor|Scizor, F|100/100
|turn|12
|
|t:|1759044844
|move|p2a: Scizor|Bullet Punch|p1a: Good as Gold
|-damage|p1a: Good as Gold|0 fnt
|faint|p1a: Good as Gold
|
|-sideend|p2: jehrma|Reflect
|upkeep
|
|t:|1759044849
|switch|p1a: Nachtwache|Gliscor, F|100/100
|turn|13
|
|t:|1759044854
|switch|p2a: Grimmsnarl|Grimmsnarl, M|70/100
|move|p1a: Nachtwache|Stealth Rock|p2a: Grimmsnarl
|-sidestart|p2: jehrma|move: Stealth Rock
|
|-status|p1a: Nachtwache|tox|[from] item: Toxic Orb
|upkeep
|turn|14
|
|t:|1759044861
|move|p2a: Grimmsnarl|Reflect|p2a: Grimmsnarl
|-sidestart|p2: jehrma|Reflect
|move|p1a: Nachtwache|Swords Dance|p1a: Nachtwache
|-boost|p1a: Nachtwache|atk|2
|
|upkeep
|turn|15
|
|t:|1759044866
|move|p2a: Grimmsnarl|Parting Shot|p1a: Nachtwache
|-unboost|p1a: Nachtwache|atk|1
|-unboost|p1a: Nachtwache|spa|1
|
|t:|1759044871
|switch|p2a: Kyurem|Kyurem|77/100|[from] Parting Shot
|-damage|p2a: Kyurem|52/100|[from] Stealth Rock
|-ability|p2a: Kyurem|Pressure
|move|p1a: Nachtwache|Swords Dance|p1a: Nachtwache
|-boost|p1a: Nachtwache|atk|2
|
|upkeep
|turn|16
|
|t:|1759044885
|move|p1a: Nachtwache|Earthquake|p2a: Kyurem
|-damage|p2a: Kyurem|3/100
|move|p2a: Kyurem|Icicle Spear|p1a: Nachtwache
|-supereffective|p1a: Nachtwache
|-damage|p1a: Nachtwache|47/100 tox
|-supereffective|p1a: Nachtwache
|-damage|p1a: Nachtwache|0 fnt
|faint|p1a: Nachtwache
|-hitcount|p1: Nachtwache|2
|
|upkeep
|
|t:|1759044891
|switch|p1a: Disturbia|Hatterene, F|100/100
|turn|17
|
|t:|1759044897
|move|p2a: Kyurem|Icicle Spear|p1a: Disturbia
|-damage|p1a: Disturbia|85/100
|-damage|p1a: Disturbia|69/100
|-damage|p1a: Disturbia|53/100
|-damage|p1a: Disturbia|37/100
|-damage|p1a: Disturbia|22/100
|-hitcount|p1a: Disturbia|5
|move|p1a: Disturbia|Trick Room|p1a: Disturbia
|-fieldstart|move: Trick Room|[of] p1a: Disturbia
|
|upkeep
|turn|18
|
|t:|1759044911
|-terastallize|p1a: Disturbia|Fire
|move|p1a: Disturbia|Mystical Fire|p2a: Kyurem
|-damage|p2a: Kyurem|0 fnt
|faint|p2a: Kyurem
|-damage|p1a: Disturbia|12/100|[from] item: Life Orb
|
|upkeep
|
|t:|1759044919
|switch|p2a: Scizor|Scizor, F|100/100
|-damage|p2a: Scizor|88/100|[from] Stealth Rock
|turn|19
|
|t:|1759044923
|move|p2a: Scizor|Bullet Punch|p1a: Disturbia
|-resisted|p1a: Disturbia
|-damage|p1a: Disturbia|0 fnt
|faint|p1a: Disturbia
|
|win|jehrma
|raw|Pityplatsch's rating: 1082 &rarr; <strong>1064</strong><br />(-18 for losing)
|raw|jehrma's rating: 1147 &rarr; <strong>1167</strong><br />(+20 for winning)
|c|☆Pityplatsch|gg!
|l|☆jehrma
|player|p2|
