|j|☆Gremma
|j|☆panzershock
|t:|1758992287
|gametype|singles
|player|p1|Gremma|169|1309
|player|p2|panzershock|170|1281
|gen|9
|tier|[Gen 9] OU
|rated|
|rule|HP Percentage Mod: HP is shown in percentages
|rule|Endless Battle Clause: Forcing endless battles is banned
|rule|Species Clause: Limit one of each Pokémon
|rule|OHKO Clause: OHKO moves are banned
|rule|Evasion Items Clause: Evasion items are banned
|rule|Evasion Moves Clause: Evasion moves are banned
|rule|Evasion Abilities Clause: Evasion abilities are banned
|rule|Sleep Moves Clause: Sleep-inducing moves are banned
|clearpoke
|poke|p1|Clefable, M|
|poke|p1|Alomomola, M|
|poke|p1|Corviknight, M|
|poke|p1|Ting-Lu|
|poke|p1|Dondozo, M|
|poke|p1|Gholdengo|
|poke|p2|Tornadus-Therian, M|
|poke|p2|Decidueye, F|
|poke|p2|Oinkologne-F, F|
|poke|p2|Dusclops, F|
|poke|p2|Jirachi|
|poke|p2|Toxtricity-Low-Key, M|
|teampreview
|inactive|Battle timer is ON: inactive players will automatically lose when time's up. (requested by Gremma)
|c|☆Gremma|¡Hola, Travestín!
|
|t:|1758992304
|teamsize|p1|6
|teamsize|p2|6
|start
|switch|p1a: Ting-Lu|Ting-Lu|100/100
|switch|p2a: Tornadus|Tornadus-Therian, M|100/100
|-ability|p1a: Ting-Lu|Vessel of Ruin
|turn|1
|
|t:|1758992311
|move|p2a: Tornadus|Taunt|p1a: Ting-Lu
|-start|p1a: Ting-Lu|move: Taunt
|cant|p1a: Ting-Lu|move: Taunt|Spikes
|
|upkeep
|turn|2
|
|t:|1758992318
|move|p2a: Tornadus|Knock Off|p1a: Ting-Lu
|-resisted|p1a: Ting-Lu
|-damage|p1a: Ting-Lu|93/100
|-enditem|p1a: Ting-Lu|Leftovers|[from] move: Knock Off|[of] p2a: Tornadus
|move|p1a: Ting-Lu|Ruination|p2a: Tornadus
|-damage|p2a: Tornadus|51/100
|
|upkeep
|turn|3
|
|t:|1758992324
|move|p2a: Tornadus|Acrobatics|p1a: Ting-Lu
|-damage|p1a: Ting-Lu|66/100
|move|p1a: Ting-Lu|Ruination|p2a: Tornadus
|-damage|p2a: Tornadus|26/100
|
|-end|p1a: Ting-Lu|move: Taunt
|upkeep
|turn|4
|
|t:|1758992333
|move|p2a: Tornadus|Taunt|p1a: Ting-Lu
|-start|p1a: Ting-Lu|move: Taunt
|move|p1a: Ting-Lu|Ruination|p2a: Tornadus
|-damage|p2a: Tornadus|13/100
|
|upkeep
|turn|5
|
|t:|1758992338
|move|p2a: Tornadus|Acrobatics|p1a: Ting-Lu
|-damage|p1a: Ting-Lu|39/100
|move|p1a: Ting-Lu|Ruination|p2a: Tornadus
|-damage|p2a: Tornadus|7/100
|
|upkeep
|turn|6
|
|t:|1758992351
|switch|p2a: Decidueye|Decidueye, F|100/100
|-item|p2a: Decidueye|Air Balloon
|switch|p1a: Corviknight|Corviknight, M|100/100
|-ability|p1a: Corviknight|Pressure
|
|upkeep
|turn|7
|
|t:|1758992375
|move|p2a: Decidueye|Knock Off|p1a: Corviknight
|-damage|p1a: Corviknight|81/100
|-enditem|p1a: Corviknight|Rocky Helmet|[from] move: Knock Off|[of] p2a: Decidueye
|move|p1a: Corviknight|U-turn|p2a: Decidueye
|-damage|p2a: Decidueye|85/100
|-enditem|p2a: Decidueye|Air Balloon
|
|t:|1758992385
|switch|p1a: Gholdengo|Gholdengo, shiny|100/100|[from] U-turn
|-item|p1a: Gholdengo|Air Balloon
|
|upkeep
|turn|8
|
|t:|1758992394
|-terastallize|p1a: Gholdengo|Ghost
|move|p1a: Gholdengo|Shadow Ball|p2a: Decidueye
|-supereffective|p2a: Decidueye
|-damage|p2a: Decidueye|0 fnt
|faint|p2a: Decidueye
|
|upkeep
|
|t:|1758992415
|switch|p2a: Dusclops|Dusclops, F|100/100
|-ability|p2a: Dusclops|Pressure
|turn|9
|
|t:|1758992419
|move|p1a: Gholdengo|Shadow Ball|p2a: Dusclops
|-supereffective|p2a: Dusclops
|-damage|p2a: Dusclops|21/100
|move|p2a: Dusclops|Poltergeist|p1a: Gholdengo
|-activate|p1a: Gholdengo|move: Poltergeist|Air Balloon
|-supereffective|p1a: Gholdengo
|-damage|p1a: Gholdengo|5/100
|-enditem|p1a: Gholdengo|Air Balloon
|
|upkeep
|turn|10
|
|t:|1758992431
|move|p1a: Gholdengo|Make It Rain|p2a: Dusclops
|-damage|p2a: Dusclops|0 fnt
|-unboost|p1a: Gholdengo|spa|1
|faint|p2a: Dusclops
|
|upkeep
|
|t:|1758992435
|switch|p2a: Tornadus|Tornadus-Therian, M|40/100
|turn|11
|
|t:|1758992441
|move|p2a: Tornadus|Acrobatics|p1a: Gholdengo
|-damage|p1a: Gholdengo|0 fnt
|faint|p1a: Gholdengo
|
|upkeep
|
|t:|1758992449
|switch|p1a: Clefable|Clefable, M|100/100
|turn|12
|
|t:|1758992456
|move|p2a: Tornadus|U-turn|p1a: Clefable
|-resisted|p1a: Clefable
|-damage|p1a: Clefable|93/100
|
|t:|1758992461
|switch|p2a: Toxtricity|Toxtricity-Low-Key, M|100/100|[from] U-turn
|move|p1a: Clefable|Knock Off|p2a: Toxtricity
|-damage|p2a: Toxtricity|81/100
|-enditem|p2a: Toxtricity|Black Sludge|[from] move: Knock Off|[of] p1a: Clefable
|
|upkeep
|turn|13
|
|t:|1758992473
|switch|p1a: Corviknight|Corviknight, M|81/100
|-ability|p1a: Corviknight|Pressure
|move|p2a: Toxtricity|Toxic|p1a: Corviknight
|-immune|p1a: Corviknight
|
|upkeep
|turn|14
|
|t:|1758992479
|switch|p1a: Ting-Lu|Ting-Lu|39/100
|-ability|p1a: Ting-Lu|Vessel of Ruin
|move|p2a: Toxtricity|Overdrive|p1a: Ting-Lu
|-immune|p1a: Ting-Lu
|
|upkeep
|turn|15
|
|t:|1758992488
|move|p2a: Toxtricity|Toxic|p1a: Ting-Lu
|-status|p1a: Ting-Lu|tox
|move|p1a: Ting-Lu|Spikes|p2a: Toxtricity
|-sidestart|p2: panzershock|Spikes
|
|-damage|p1a: Ting-Lu|33/100 tox|[from] psn
|upkeep
|turn|16
|
|t:|1758992493
|switch|p2a: Tornadus|Tornadus-Therian, M|73/100
|move|p1a: Ting-Lu|Earthquake|p2a: Tornadus
|-immune|p2a: Tornadus
|
|-damage|p1a: Ting-Lu|21/100 tox|[from] psn
|upkeep
|turn|17
|
|t:|1758992498
|switch|p1a: Clefable|Clefable, M|93/100
|move|p2a: Tornadus|Acrobatics|p1a: Clefable
|-damage|p1a: Clefable|55/100
|
|upkeep
|turn|18
|
|t:|1758992508
|move|p2a: Tornadus|Taunt|p1a: Clefable
|-start|p1a: Clefable|move: Taunt
|move|p1a: Clefable|Moonblast|p2a: Tornadus
|-damage|p2a: Tornadus|32/100
|
|upkeep
|turn|19
|
|t:|1758992513
|move|p2a: Tornadus|U-turn|p1a: Clefable
|-resisted|p1a: Clefable
|-damage|p1a: Clefable|48/100
|
|t:|1758992528
|switch|p2a: Jirachi|Jirachi|100/100|[from] U-turn
|-damage|p2a: Jirachi|88/100|[from] Spikes
|move|p1a: Clefable|Moonblast|p2a: Jirachi
|-resisted|p2a: Jirachi
|-damage|p2a: Jirachi|72/100
|-unboost|p2a: Jirachi|spa|1
|
|-heal|p2a: Jirachi|78/100|[from] item: Leftovers
|upkeep
|turn|20
|
|t:|1758992537
|switch|p1a: Corviknight|Corviknight, M|81/100
|-ability|p1a: Corviknight|Pressure
|move|p2a: Jirachi|Stealth Rock|p1a: Corviknight
|-sidestart|p1: Gremma|move: Stealth Rock
|
|-heal|p2a: Jirachi|84/100|[from] item: Leftovers
|upkeep
|turn|21
|
|t:|1758992544
|move|p2a: Jirachi|Doom Desire|p1a: Corviknight
|-start|p2a: Jirachi|Doom Desire
|move|p1a: Corviknight|Defog|p2a: Jirachi
|-unboost|p2a: Jirachi|evasion|1
|-sideend|p2: panzershock|Spikes|[from] move: Defog|[of] p1a: Corviknight
|-sideend|p1: Gremma|Stealth Rock|[from] move: Defog|[of] p1a: Corviknight
|
|-heal|p2a: Jirachi|90/100|[from] item: Leftovers
|upkeep
|turn|22
|
|t:|1758992553
|move|p2a: Jirachi|Stealth Rock|p1a: Corviknight
|-sidestart|p1: Gremma|move: Stealth Rock
|move|p1a: Corviknight|Body Press|p2a: Jirachi
|-damage|p2a: Jirachi|58/100
|
|-heal|p2a: Jirachi|64/100|[from] item: Leftovers
|upkeep
|turn|23
|
|t:|1758992562
|switch|p2a: Toxtricity|Toxtricity-Low-Key, M|81/100
|move|p1a: Corviknight|Defog|p2a: Toxtricity
|-unboost|p2a: Toxtricity|evasion|1
|-sideend|p1: Gremma|Stealth Rock|[from] move: Defog|[of] p1a: Corviknight
|
|-end|p1a: Corviknight|move: Doom Desire
|-resisted|p1a: Corviknight
|-damage|p1a: Corviknight|50/100
|upkeep
|turn|24
|
|t:|1758992569
|move|p2a: Toxtricity|Acid Spray|p1a: Corviknight
|-immune|p1a: Corviknight
|move|p1a: Corviknight|U-turn|p2a: Toxtricity
|-resisted|p2a: Toxtricity
|-damage|p2a: Toxtricity|71/100
|
|t:|1758992573
|switch|p1a: Alomomola|Alomomola, M|100/100|[from] U-turn
|
|upkeep
|turn|25
|
|t:|1758992578
|move|p2a: Toxtricity|Psychic Noise|p1a: Alomomola
|-damage|p1a: Alomomola|85/100
|-start|p1a: Alomomola|move: Heal Block
|move|p1a: Alomomola|Mirror Coat|p2a: Toxtricity
|-damage|p2a: Toxtricity|28/100
|
|upkeep
|turn|26
|
|t:|1758992591
|move|p2a: Toxtricity|Overdrive|p1a: Alomomola
|-supereffective|p1a: Alomomola
|-damage|p1a: Alomomola|31/100
|move|p1a: Alomomola|Flip Turn|p2a: Toxtricity
|-damage|p2a: Toxtricity|7/100
|
|t:|1758992597
|switch|p1a: Ting-Lu|Ting-Lu|21/100 tox|[from] Flip Turn
|-ability|p1a: Ting-Lu|Vessel of Ruin
|
|-damage|p1a: Ting-Lu|14/100 tox|[from] psn
|upkeep
|turn|27
|
|t:|1758992608
|switch|p2a: Jirachi|Jirachi|64/100
|move|p1a: Ting-Lu|Spikes|p2a: Jirachi
|-sidestart|p2: panzershock|Spikes
|
|-heal|p2a: Jirachi|71/100|[from] item: Leftovers
|-damage|p1a: Ting-Lu|2/100 tox|[from] psn
|upkeep
|turn|28
|
|t:|1758992615
|move|p2a: Jirachi|Iron Head|p1a: Ting-Lu
|-damage|p1a: Ting-Lu|0 fnt
|faint|p1a: Ting-Lu
|
|-heal|p2a: Jirachi|77/100|[from] item: Leftovers
|upkeep
|
|t:|1758992626
|switch|p1a: Corviknight|Corviknight, M|50/100
|-ability|p1a: Corviknight|Pressure
|turn|29
|
|t:|1758992631
|move|p2a: Jirachi|Psychic Noise|p1a: Corviknight
|-resisted|p1a: Corviknight
|-damage|p1a: Corviknight|33/100
|-start|p1a: Corviknight|move: Heal Block
|move|p1a: Corviknight|Body Press|p2a: Jirachi
|-damage|p2a: Jirachi|47/100
|
|-heal|p2a: Jirachi|53/100|[from] item: Leftovers
|upkeep
|turn|30
|
|t:|1758992642
|move|p2a: Jirachi|Psychic Noise|p1a: Corviknight
|-resisted|p1a: Corviknight
|-damage|p1a: Corviknight|17/100
|move|p1a: Corviknight|Body Press|p2a: Jirachi
|-damage|p2a: Jirachi|23/100
|
|-heal|p2a: Jirachi|29/100|[from] item: Leftovers
|-end|p1a: Corviknight|move: Heal Block
|upkeep
|turn|31
|
|t:|1758992653
|move|p2a: Jirachi|Iron Head|p1a: Corviknight
|-resisted|p1a: Corviknight
|-damage|p1a: Corviknight|9/100
|move|p1a: Corviknight|Body Press|p2a: Jirachi
|-damage|p2a: Jirachi|0 fnt
|faint|p2a: Jirachi
|
|upkeep
|
|t:|1758992660
|switch|p2a: Tornadus|Tornadus-Therian, M|65/100
|turn|32
|
|t:|1758992663
|move|p2a: Tornadus|Acrobatics|p1a: Corviknight
|-resisted|p1a: Corviknight
|-damage|p1a: Corviknight|0 fnt
|faint|p1a: Corviknight
|
|upkeep
|
|t:|1758992673
|switch|p1a: Dondozo|Dondozo, M|100/100
|turn|33
|
|t:|1758992684
|move|p2a: Tornadus|Taunt|p1a: Dondozo
|-start|p1a: Dondozo|move: Taunt
|move|p1a: Dondozo|Waterfall|p2a: Tornadus
|-damage|p2a: Tornadus|26/100
|
|upkeep
|turn|34
|
|t:|1758992689
|move|p2a: Tornadus|U-turn|p1a: Dondozo
|-damage|p1a: Dondozo|92/100
|
|t:|1758992693
|switch|p2a: Toxtricity|Toxtricity-Low-Key, M|7/100|[from] U-turn
|-damage|p2a: Toxtricity|0 fnt|[from] Spikes
|faint|p2a: Toxtricity
|move|p1a: Dondozo|Waterfall|p2: Toxtricity|[notarget]
|-fail|p1a: Dondozo
|
|-heal|p1a: Dondozo|98/100|[from] item: Leftovers
|upkeep
|
|t:|1758992699
|switch|p2a: Oinkologne|Oinkologne-F, F|100/100
|-damage|p2a: Oinkologne|88/100|[from] Spikes
|turn|35
|
|t:|1758992707
|move|p2a: Oinkologne|Super Fang|p1a: Dondozo
|-damage|p1a: Dondozo|49/100
|move|p1a: Dondozo|Waterfall|p2a: Oinkologne
|-damage|p2a: Oinkologne|59/100
|
|-heal|p1a: Dondozo|55/100|[from] item: Leftovers
|-end|p1a: Dondozo|move: Taunt
|upkeep
|turn|36
|
|t:|1758992711
|move|p2a: Oinkologne|Body Slam|p1a: Dondozo
|-damage|p1a: Dondozo|38/100
|move|p1a: Dondozo|Curse|p1a: Dondozo
|-unboost|p1a: Dondozo|spe|1
|-boost|p1a: Dondozo|atk|1
|-boost|p1a: Dondozo|def|1
|
|-heal|p1a: Dondozo|44/100|[from] item: Leftovers
|upkeep
|turn|37
|
|t:|1758992716
|move|p2a: Oinkologne|Body Slam|p1a: Dondozo
|-damage|p1a: Dondozo|32/100
|move|p1a: Dondozo|Waterfall|p2a: Oinkologne
|-damage|p2a: Oinkologne|18/100
|
|-heal|p1a: Dondozo|38/100|[from] item: Leftovers
|upkeep
|turn|38
|
|t:|1758992724
|move|p2a: Oinkologne|Body Slam|p1a: Dondozo
|-damage|p1a: Dondozo|28/100
|-status|p1a: Dondozo|par
|move|p1a: Dondozo|Rest|p1a: Dondozo
|-status|p1a: Dondozo|slp|[from] move: Rest
|-heal|p1a: Dondozo|100/100 slp|[silent]
|
|upkeep
|turn|39
|-message|panzershock forfeited.
|
|win|Gremma
|raw|Gremma's rating: 1309 &rarr; <strong>1327</strong><br />(+18 for winning)
|raw|panzershock's rating: 1281 &rarr; <strong>1258</strong><br />(-23 for losing)
|l|☆panzershock
|player|p2|
|l|☆Gremma
|player|p1|
