|j|☆bitter herbert
|j|☆DrBunns
|t:|1758919101
|gametype|singles
|player|p1|bitter herbert|gentleman-gen4dp|1405
|player|p2|DrBunns|266|1376
|gen|9
|tier|[Gen 9] OU
|rated|
|rule|HP Percentage Mod: HP is shown in percentages
|rule|Endless Battle Clause: Forcing endless battles is banned
|rule|Species Clause: Limit one of each Pokémon
|rule|OHKO Clause: OHKO moves are banned
|rule|Evasion Items Clause: Evasion items are banned
|rule|Evasion Moves Clause: Evasion moves are banned
|rule|Evasion Abilities Clause: Evasion abilities are banned
|rule|Sleep Moves Clause: Sleep-inducing moves are banned
|clearpoke
|poke|p1|Ting-Lu|
|poke|p1|Dragonite, M|
|poke|p1|Zamazenta-*|
|poke|p1|Darkrai|
|poke|p1|Corviknight, M|
|poke|p1|Slowking-Galar, M|
|poke|p2|Gliscor, F|
|poke|p2|Ogerpon-Wellspring, F|
|poke|p2|Cinderace, F|
|poke|p2|Darkrai|
|poke|p2|Skarmory, M|
|poke|p2|Clefable, F|
|teampreview
|inactive|Battle timer is ON: inactive players will automatically lose when time's up. (requested by bitter herbert)
|
|t:|1758919118
|teamsize|p1|6
|teamsize|p2|6
|start
|switch|p1a: Darkrai|Darkrai|100/100
|switch|p2a: Cinderace|Cinderace, F|100/100
|turn|1
|
|t:|1758919128
|move|p1a: Darkrai|Dark Pulse|p2a: Cinderace
|-damage|p2a: Cinderace|27/100
|-damage|p1a: Darkrai|91/100|[from] item: Life Orb
|move|p2a: Cinderace|U-turn|p1a: Darkrai
|-supereffective|p1a: Darkrai
|-damage|p1a: Darkrai|27/100
|
|t:|1758919136
|switch|p2a: Clefable|Clefable, F|100/100|[from] U-turn
|
|upkeep
|turn|2
|
|t:|1758919142
|move|p1a: Darkrai|Sludge Bomb|p2a: Clefable
|-supereffective|p2a: Clefable
|-damage|p2a: Clefable|25/100
|-damage|p1a: Darkrai|17/100|[from] item: Life Orb
|move|p2a: Clefable|Knock Off|p1a: Darkrai
|-resisted|p1a: Darkrai
|-damage|p1a: Darkrai|7/100
|-enditem|p1a: Darkrai|Life Orb|[from] move: Knock Off|[of] p2a: Clefable
|
|-heal|p2a: Clefable|31/100|[from] item: Leftovers
|upkeep
|turn|3
|inactive|DrBunns has 120 seconds left.
|
|t:|1758919177
|-terastallize|p2a: Clefable|Steel
|move|p1a: Darkrai|Sludge Bomb|p2a: Clefable
|-immune|p2a: Clefable
|move|p2a: Clefable|Moonblast|p1a: Darkrai
|-supereffective|p1a: Darkrai
|-damage|p1a: Darkrai|0 fnt
|faint|p1a: Darkrai
|
|-heal|p2a: Clefable|37/100|[from] item: Leftovers
|upkeep
|
|t:|1758919199
|switch|p1a: Zamazenta|Zamazenta|100/100
|-ability|p1a: Zamazenta|Dauntless Shield|boost
|-boost|p1a: Zamazenta|def|1
|turn|4
|
|t:|1758919204
|move|p1a: Zamazenta|Close Combat|p2a: Clefable
|-supereffective|p2a: Clefable
|-damage|p2a: Clefable|0 fnt
|-unboost|p1a: Zamazenta|def|1
|-unboost|p1a: Zamazenta|spd|1
|faint|p2a: Clefable
|
|upkeep
|inactive|DrBunns has 120 seconds left.
|
|t:|1758919225
|switch|p2a: Gliscor|Gliscor, F|100/100
|turn|5
|
|t:|1758919241
|switch|p1a: Dragonite|Dragonite, M|100/100
|move|p2a: Gliscor|Swords Dance|p2a: Gliscor
|-boost|p2a: Gliscor|atk|2
|
|-status|p2a: Gliscor|tox|[from] item: Toxic Orb
|upkeep
|turn|6
|inactive|DrBunns has 120 seconds left.
|
|t:|1758919250
|move|p1a: Dragonite|Encore|p2a: Gliscor
|-start|p2a: Gliscor|Encore
|move|p2a: Gliscor|Swords Dance|p2a: Gliscor
|-boost|p2a: Gliscor|atk|2
|
|upkeep
|turn|7
|inactive|DrBunns has 120 seconds left.
|
|t:|1758919260
|switch|p2a: Skarmory|Skarmory, M|100/100
|move|p1a: Dragonite|Dragon Dance|p1a: Dragonite
|-boost|p1a: Dragonite|atk|1
|-boost|p1a: Dragonite|spe|1
|
|upkeep
|turn|8
|
|t:|1758919283
|move|p1a: Dragonite|Dragon Dance|p1a: Dragonite
|-boost|p1a: Dragonite|atk|1
|-boost|p1a: Dragonite|spe|1
|move|p2a: Skarmory|Whirlwind|p1a: Dragonite
|drag|p1a: Zamazenta|Zamazenta|100/100
|
|upkeep
|turn|9
|
|t:|1758919293
|move|p1a: Zamazenta|Close Combat|p2a: Skarmory
|-damage|p2a: Skarmory|64/100
|-unboost|p1a: Zamazenta|def|1
|-unboost|p1a: Zamazenta|spd|1
|-damage|p1a: Zamazenta|84/100|[from] item: Rocky Helmet|[of] p2a: Skarmory
|move|p2a: Skarmory|Iron Defense|p2a: Skarmory
|-boost|p2a: Skarmory|def|2
|
|upkeep
|turn|10
|
|t:|1758919304
|switch|p1a: Slowking|Slowking-Galar, M|100/100
|move|p2a: Skarmory|Body Press|p1a: Slowking
|-resisted|p1a: Slowking
|-damage|p1a: Slowking|84/100
|
|upkeep
|turn|11
|
|t:|1758919312
|move|p2a: Skarmory|Roost|p2a: Skarmory
|-heal|p2a: Skarmory|100/100
|-singleturn|p2a: Skarmory|move: Roost
|move|p1a: Slowking|Future Sight|p2a: Skarmory
|-start|p1a: Slowking|move: Future Sight
|
|upkeep
|turn|12
|
|t:|1758919324
|move|p1a: Slowking|Thunder Wave|p2a: Skarmory
|-status|p2a: Skarmory|par
|move|p2a: Skarmory|Whirlwind|p1a: Slowking
|drag|p1a: Corviknight|Corviknight, M|100/100
|-ability|p1a: Corviknight|Pressure
|
|upkeep
|turn|13
|
|t:|1758919338
|move|p1a: Corviknight|U-turn|p2a: Skarmory
|-resisted|p2a: Skarmory
|-damage|p2a: Skarmory|99/100 par
|-damage|p1a: Corviknight|84/100|[from] item: Rocky Helmet|[of] p2a: Skarmory
|
|t:|1758919350
|switch|p1a: Slowking|Slowking-Galar, M|100/100|[from] U-turn
|move|p2a: Skarmory|Iron Defense|p2a: Skarmory
|-boost|p2a: Skarmory|def|2
|
|-end|p2a: Skarmory|move: Future Sight
|-resisted|p2a: Skarmory
|-damage|p2a: Skarmory|70/100 par
|upkeep
|turn|14
|
|t:|1758919360
|move|p2a: Skarmory|Body Press|p1a: Slowking
|-resisted|p1a: Slowking
|-damage|p1a: Slowking|74/100
|move|p1a: Slowking|Future Sight|p2a: Skarmory
|-start|p1a: Slowking|move: Future Sight
|
|upkeep
|turn|15
|
|t:|1758919367
|move|p2a: Skarmory|Body Press|p1a: Slowking
|-resisted|p1a: Slowking
|-damage|p1a: Slowking|48/100
|-prepare|p1a: Slowking|Chilly Reception|[premajor]
|move|p1a: Slowking|Chilly Reception|p1a: Slowking
|-weather|Snowscape
|
|t:|1758919371
|switch|p1a: Ting-Lu|Ting-Lu|100/100|[from] Chilly Reception
|-ability|p1a: Ting-Lu|Vessel of Ruin
|
|-weather|Snowscape|[upkeep]
|upkeep
|turn|16
|
|t:|1758919379
|move|p1a: Ting-Lu|Stealth Rock|p2a: Skarmory
|-sidestart|p2: DrBunns|move: Stealth Rock
|move|p2a: Skarmory|Body Press|p1a: Ting-Lu
|-supereffective|p1a: Ting-Lu
|-damage|p1a: Ting-Lu|0 fnt
|faint|p1a: Ting-Lu
|
|-weather|Snowscape|[upkeep]
|-end|p2a: Skarmory|move: Future Sight
|-resisted|p2a: Skarmory
|-damage|p2a: Skarmory|42/100 par
|upkeep
|inactive|bitter herbert has 120 seconds left.
|
|t:|1758919421
|switch|p1a: Zamazenta|Zamazenta|84/100
|turn|17
|
|t:|1758919427
|move|p1a: Zamazenta|Close Combat|p2a: Skarmory
|-damage|p2a: Skarmory|30/100 par
|-unboost|p1a: Zamazenta|def|1
|-unboost|p1a: Zamazenta|spd|1
|-damage|p1a: Zamazenta|67/100|[from] item: Rocky Helmet|[of] p2a: Skarmory
|move|p2a: Skarmory|Roost|p2a: Skarmory
|-heal|p2a: Skarmory|80/100 par
|-singleturn|p2a: Skarmory|move: Roost
|
|-weather|Snowscape|[upkeep]
|upkeep
|turn|18
|-message|bitter herbert forfeited.
|
|win|DrBunns
|raw|bitter herbert's rating: 1405 &rarr; <strong>1383</strong><br />(-22 for losing)
|raw|DrBunns's rating: 1376 &rarr; <strong>1398</strong><br />(+22 for winning)
