|j|☆dffgdfgfg
|j|☆chedda2thetop
|t:|1758989951
|gametype|singles
|player|p1|dffgdfgfg|169|1077
|player|p2|chedda2thetop|preschooler|1123
|gen|9
|tier|[Gen 9] OU
|rated|
|rule|HP Percentage Mod: HP is shown in percentages
|rule|Endless Battle Clause: Forcing endless battles is banned
|rule|Species Clause: Limit one of each Pokémon
|rule|OHKO Clause: OHKO moves are banned
|rule|Evasion Items Clause: Evasion items are banned
|rule|Evasion Moves Clause: Evasion moves are banned
|rule|Evasion Abilities Clause: Evasion abilities are banned
|rule|Sleep Moves Clause: Sleep-inducing moves are banned
|clearpoke
|poke|p1|Clefable, F|
|poke|p1|Dondozo, F|
|poke|p1|Blissey, F|
|poke|p1|Clodsire, F|
|poke|p1|Corviknight, F|
|poke|p1|Gliscor, F|
|poke|p2|Lokix, F|
|poke|p2|Pecharunt|
|poke|p2|Zamazenta-*|
|poke|p2|Ting-Lu|
|poke|p2|Latios, M|
|poke|p2|Gliscor, F|
|teampreview
|inactive|Battle timer is ON: inactive players will automatically lose when time's up. (requested by chedda2thetop)
|
|t:|1758989962
|teamsize|p1|6
|teamsize|p2|6
|start
|switch|p1a: Gliscor|Gliscor, F|100/100
|switch|p2a: Ting-Lu|Ting-Lu|100/100
|-ability|p2a: Ting-Lu|Vessel of Ruin
|turn|1
|
|t:|1758989967
|move|p1a: Gliscor|Toxic|p2a: Ting-Lu
|-status|p2a: Ting-Lu|tox
|move|p2a: Ting-Lu|Whirlwind|p1a: Gliscor
|drag|p1a: Corviknight|Corviknight, F|100/100
|-ability|p1a: Corviknight|Pressure
|
|-damage|p2a: Ting-Lu|94/100 tox|[from] psn
|upkeep
|turn|2
|
|t:|1758989977
|switch|p1a: Gliscor|Gliscor, F|100/100
|move|p2a: Ting-Lu|Stealth Rock|p1a: Gliscor
|-sidestart|p1: dffgdfgfg|move: Stealth Rock
|
|-heal|p2a: Ting-Lu|100/100 tox|[from] item: Leftovers
|-damage|p2a: Ting-Lu|88/100 tox|[from] psn
|-status|p1a: Gliscor|tox|[from] item: Toxic Orb
|upkeep
|turn|3
|
|t:|1758989985
|switch|p2a: Pecharunt|Pecharunt|100/100
|move|p1a: Gliscor|Protect||[still]
|-fail|p1a: Gliscor
|
|upkeep
|turn|4
|
|t:|1758989993
|move|p1a: Gliscor|Toxic Spikes|p2a: Pecharunt
|-sidestart|p2: chedda2thetop|move: Toxic Spikes
|move|p2a: Pecharunt|Parting Shot|p1a: Gliscor
|-unboost|p1a: Gliscor|atk|1
|-unboost|p1a: Gliscor|spa|1
|
|t:|1758989998
|switch|p2a: Latios|Latios, M|100/100|[from] Parting Shot
|
|upkeep
|turn|5
|
|t:|1758990001
|move|p2a: Latios|Flip Turn|p1a: Gliscor
|-supereffective|p1a: Gliscor
|-damage|p1a: Gliscor|86/100 tox
|
|t:|1758990003
|switch|p2a: Pecharunt|Pecharunt|100/100|[from] Flip Turn
|-sideend|p2: chedda2thetop|move: Toxic Spikes|[of] p2a: Pecharunt
|move|p1a: Gliscor|Toxic|p2a: Pecharunt
|-immune|p2a: Pecharunt
|
|-heal|p1a: Gliscor|99/100 tox|[from] ability: Poison Heal
|upkeep
|turn|6
|
|t:|1758990019
|switch|p1a: Corviknight|Corviknight, F|100/100
|-damage|p1a: Corviknight|88/100|[from] Stealth Rock
|-ability|p1a: Corviknight|Pressure
|move|p2a: Pecharunt|Parting Shot|p1a: Corviknight
|-unboost|p1a: Corviknight|atk|1
|-unboost|p1a: Corviknight|spa|1
|
|t:|1758990032
|switch|p2a: Gliscor|Gliscor, F|100/100|[from] Parting Shot
|
|-status|p2a: Gliscor|tox|[from] item: Toxic Orb
|upkeep
|turn|7
|
|t:|1758990054
|move|p2a: Gliscor|Knock Off|p1a: Corviknight
|-damage|p1a: Corviknight|76/100
|-damage|p2a: Gliscor|84/100 tox|[from] item: Rocky Helmet|[of] p1a: Corviknight
|-enditem|p1a: Corviknight|Rocky Helmet|[from] move: Knock Off|[of] p2a: Gliscor
|move|p1a: Corviknight|Brave Bird|p2a: Gliscor
|-damage|p2a: Gliscor|64/100 tox
|-damage|p1a: Corviknight|70/100|[from] Recoil
|
|-heal|p2a: Gliscor|76/100 tox|[from] ability: Poison Heal
|upkeep
|turn|8
|
|t:|1758990064
|switch|p1a: Gliscor|Gliscor, F|99/100 tox
|-damage|p1a: Gliscor|86/100 tox|[from] Stealth Rock
|move|p2a: Gliscor|Spikes|p1a: Gliscor
|-sidestart|p1: dffgdfgfg|Spikes
|
|-heal|p1a: Gliscor|99/100 tox|[from] ability: Poison Heal
|-heal|p2a: Gliscor|89/100 tox|[from] ability: Poison Heal
|upkeep
|turn|9
|
|t:|1758990069
|move|p1a: Gliscor|Spikes|p2a: Gliscor
|-sidestart|p2: chedda2thetop|Spikes
|move|p2a: Gliscor|Spikes|p1a: Gliscor
|-sidestart|p1: dffgdfgfg|Spikes
|
|-heal|p1a: Gliscor|100/100 tox|[from] ability: Poison Heal
|-heal|p2a: Gliscor|100/100 tox|[from] ability: Poison Heal
|upkeep
|turn|10
|
|t:|1758990072
|move|p1a: Gliscor|Spikes|p2a: Gliscor
|-sidestart|p2: chedda2thetop|Spikes
|move|p2a: Gliscor|Spikes|p1a: Gliscor
|-sidestart|p1: dffgdfgfg|Spikes
|
|upkeep
|turn|11
|
|t:|1758990074
|move|p1a: Gliscor|Toxic Spikes|p2a: Gliscor
|-sidestart|p2: chedda2thetop|move: Toxic Spikes
|move|p2a: Gliscor|U-turn|p1a: Gliscor
|-resisted|p1a: Gliscor
|-damage|p1a: Gliscor|96/100 tox
|
|t:|1758990077
|switch|p2a: Pecharunt|Pecharunt|100/100|[from] U-turn
|-sideend|p2: chedda2thetop|move: Toxic Spikes|[of] p2a: Pecharunt
|
|-heal|p1a: Gliscor|100/100 tox|[from] ability: Poison Heal
|upkeep
|turn|12
|
|t:|1758990087
|move|p1a: Gliscor|Spikes|p2a: Pecharunt
|-sidestart|p2: chedda2thetop|Spikes
|move|p2a: Pecharunt|Parting Shot|p1a: Gliscor
|-unboost|p1a: Gliscor|atk|1
|-unboost|p1a: Gliscor|spa|1
|
|t:|1758990094
|switch|p2a: Latios|Latios, M|100/100|[from] Parting Shot
|
|upkeep
|turn|13
|
|t:|1758990100
|move|p2a: Latios|Flip Turn|p1a: Gliscor
|-supereffective|p1a: Gliscor
|-damage|p1a: Gliscor|87/100 tox
|
|t:|1758990103
|switch|p2a: Pecharunt|Pecharunt|100/100|[from] Flip Turn
|move|p1a: Gliscor|Toxic|p2a: Pecharunt
|-immune|p2a: Pecharunt
|
|-heal|p1a: Gliscor|99/100 tox|[from] ability: Poison Heal
|upkeep
|turn|14
|
|t:|1758990116
|switch|p1a: Clefable|Clefable, F|100/100
|move|p2a: Pecharunt|Malignant Chain|p1a: Clefable
|-supereffective|p1a: Clefable
|-damage|p1a: Clefable|47/100
|-status|p1a: Clefable|tox
|-start|p1a: Clefable|confusion|[from] ability: Poison Puppeteer|[of] p2a: Pecharunt
|
|-heal|p1a: Clefable|53/100 tox|[from] item: Leftovers
|upkeep
|turn|15
|
|t:|1758990128
|switch|p1a: Dondozo|Dondozo, F|100/100
|move|p2a: Pecharunt|Malignant Chain|p1a: Dondozo
|-damage|p1a: Dondozo|73/100
|
|upkeep
|turn|16
|
|t:|1758990136
|move|p2a: Pecharunt|Malignant Chain|p1a: Dondozo
|-damage|p1a: Dondozo|42/100
|-status|p1a: Dondozo|tox
|-start|p1a: Dondozo|confusion|[from] ability: Poison Puppeteer|[of] p2a: Pecharunt
|-activate|p1a: Dondozo|confusion
|move|p1a: Dondozo|Waterfall|p2a: Pecharunt
|-damage|p2a: Pecharunt|88/100
|
|-damage|p1a: Dondozo|36/100 tox|[from] psn
|upkeep
|turn|17
|
|t:|1758990144
|move|p2a: Pecharunt|Foul Play|p1a: Dondozo
|-damage|p1a: Dondozo|26/100 tox
|-activate|p1a: Dondozo|confusion
|move|p1a: Dondozo|Rest|p1a: Dondozo
|-status|p1a: Dondozo|slp|[from] move: Rest
|-heal|p1a: Dondozo|100/100 slp|[silent]
|
|upkeep
|turn|18
|
|t:|1758990151
|move|p2a: Pecharunt|Parting Shot|p1a: Dondozo
|-unboost|p1a: Dondozo|atk|1
|-unboost|p1a: Dondozo|spa|1
|
|t:|1758990154
|switch|p2a: Lokix|Lokix, F|100/100|[from] Parting Shot
|cant|p1a: Dondozo|slp
|-end|p1a: Dondozo|confusion
|move|p1a: Dondozo|Sleep Talk|p1a: Dondozo
|move|p1a: Dondozo|Curse|p1a: Dondozo|[from] move: Sleep Talk
|-unboost|p1a: Dondozo|spe|1
|-boost|p1a: Dondozo|atk|1
|-boost|p1a: Dondozo|def|1
|
|upkeep
|turn|19
|
|t:|1758990164
|move|p2a: Lokix|Knock Off|p1a: Dondozo
|-crit|p1a: Dondozo
|-damage|p1a: Dondozo|66/100 slp
|-enditem|p1a: Dondozo|Heavy-Duty Boots|[from] move: Knock Off|[of] p2a: Lokix
|cant|p1a: Dondozo|slp
|move|p1a: Dondozo|Sleep Talk|p1a: Dondozo
|move|p1a: Dondozo|Rest||[from] move: Sleep Talk|[still]
|-fail|p1a: Dondozo
|
|upkeep
|turn|20
|
|t:|1758990174
|move|p2a: Lokix|U-turn|p1a: Dondozo
|-damage|p1a: Dondozo|56/100 slp
|
|t:|1758990176
|switch|p2a: Latios|Latios, M|100/100|[from] U-turn
|-curestatus|p1a: Dondozo|slp|[msg]
|move|p1a: Dondozo|Waterfall|p2a: Latios
|-resisted|p2a: Latios
|-damage|p2a: Latios|82/100
|
|upkeep
|turn|21
|
|t:|1758990187
|switch|p1a: Clodsire|Clodsire, F|100/100
|move|p2a: Latios|Psychic Noise|p1a: Clodsire
|-supereffective|p1a: Clodsire
|-damage|p1a: Clodsire|50/100
|-start|p1a: Clodsire|move: Heal Block
|
|upkeep
|turn|22
|
|t:|1758990195
|move|p2a: Latios|Psychic Noise|p1a: Clodsire
|-supereffective|p1a: Clodsire
|-damage|p1a: Clodsire|0 fnt
|faint|p1a: Clodsire
|
|upkeep
|
|t:|1758990199
|switch|p1a: Blissey|Blissey, F|100/100
|turn|23
|
|t:|1758990201
|move|p2a: Latios|Flip Turn|p1a: Blissey
|-damage|p1a: Blissey|89/100
|
|t:|1758990204
|switch|p2a: Lokix|Lokix, F|100/100|[from] Flip Turn
|move|p1a: Blissey|Calm Mind|p1a: Blissey
|-boost|p1a: Blissey|spa|1
|-boost|p1a: Blissey|spd|1
|
|upkeep
|turn|24
|
|t:|1758990226
|-terastallize|p1a: Blissey|Water
|move|p2a: Lokix|First Impression|p1a: Blissey
|-damage|p1a: Blissey|42/100
|move|p1a: Blissey|Calm Mind|p1a: Blissey
|-boost|p1a: Blissey|spa|1
|-boost|p1a: Blissey|spd|1
|
|upkeep
|turn|25
|
|t:|1758990232
|move|p2a: Lokix|Knock Off|p1a: Blissey
|-damage|p1a: Blissey|0 fnt
|-enditem|p1a: Blissey|Heavy-Duty Boots|[from] move: Knock Off|[of] p2a: Lokix
|faint|p1a: Blissey
|
|upkeep
|-message|dffgdfgfg forfeited.
|
|win|chedda2thetop
|raw|dffgdfgfg's rating: 1077 &rarr; <strong>1058</strong><br />(-19 for losing)
|raw|chedda2thetop's rating: 1123 &rarr; <strong>1145</strong><br />(+22 for winning)
|l|☆dffgdfgfg
|player|p1|
