|j|☆bigredsword
|j|‽dorinkashixv
|t:|1758981753
|gametype|singles
|player|p1|bigredsword|acetrainer-gen4|1305
|player|p2|dorinkashixv|102|1288
|gen|9
|tier|[Gen 9] OU
|rated|
|rule|HP Percentage Mod: HP is shown in percentages
|rule|Endless Battle Clause: Forcing endless battles is banned
|rule|Species Clause: Limit one of each Pokémon
|rule|OHKO Clause: OHKO moves are banned
|rule|Evasion Items Clause: Evasion items are banned
|rule|Evasion Moves Clause: Evasion moves are banned
|rule|Evasion Abilities Clause: Evasion abilities are banned
|rule|Sleep Moves Clause: Sleep-inducing moves are banned
|clearpoke
|poke|p1|Weezing-Galar, M|
|poke|p1|Tornadus-Therian, M|
|poke|p1|Ting-Lu|
|poke|p1|Alomomola, F|
|poke|p1|Zamazenta-*|
|poke|p1|Gholdengo|
|poke|p2|Dragapult, M|
|poke|p2|Indeedee-F, F|
|poke|p2|Hawlucha, F|
|poke|p2|Iron Treads|
|poke|p2|Toxapex, M|
|poke|p2|Armarouge, M|
|teampreview
|
|t:|1758981773
|teamsize|p1|6
|teamsize|p2|6
|start
|switch|p1a: Tornadus|Tornadus-Therian, M|100/100
|switch|p2a: Iron Treads|Iron Treads|100/100
|turn|1
|
|t:|1758981782
|move|p1a: Tornadus|Heat Wave|p2a: Iron Treads
|-supereffective|p2a: Iron Treads
|-damage|p2a: Iron Treads|29/100
|move|p2a: Iron Treads|Stealth Rock|p1a: Tornadus
|-sidestart|p1: bigredsword|move: Stealth Rock
|
|upkeep
|turn|2
|
|t:|1758981794
|-end|p2a: Iron Treads|Quark Drive|[silent]
|switch|p2a: Toxapex|Toxapex, M|100/100
|move|p1a: Tornadus|Knock Off|p2a: Toxapex
|-damage|p2a: Toxapex|89/100
|-enditem|p2a: Toxapex|Eject Button|[from] move: Knock Off|[of] p1a: Tornadus
|
|upkeep
|turn|3
|
|t:|1758981804
|move|p1a: Tornadus|U-turn|p2a: Toxapex
|-resisted|p2a: Toxapex
|-damage|p2a: Toxapex|84/100
|
|t:|1758981811
|switch|p1a: Weezing|Weezing-Galar, M|100/100|[from] U-turn
|-ability|p1a: Weezing|Neutralizing Gas
|move|p2a: Toxapex|Toxic|p1a: Weezing
|-immune|p1a: Weezing
|
|upkeep
|turn|4
|
|t:|1758981820
|switch|p2a: Iron Treads|Iron Treads|29/100
|move|p1a: Weezing|Will-O-Wisp|p2a: Iron Treads|[miss]
|-miss|p1a: Weezing|p2a: Iron Treads
|
|upkeep
|turn|5
|
|t:|1758981840
|-end|p1a: Weezing|ability: Neutralizing Gas
|switch|p1a: Alomomola|Alomomola, F|100/100
|-damage|p1a: Alomomola|88/100|[from] Stealth Rock
|move|p2a: Iron Treads|Heavy Slam|p1a: Alomomola
|-resisted|p1a: Alomomola
|-damage|p1a: Alomomola|70/100
|-damage|p2a: Iron Treads|12/100|[from] item: Rocky Helmet|[of] p1a: Alomomola
|
|upkeep
|turn|6
|
|t:|1758981849
|-end|p2a: Iron Treads|Quark Drive|[silent]
|switch|p2a: Toxapex|Toxapex, M|84/100
|move|p1a: Alomomola|Flip Turn|p2a: Toxapex
|-resisted|p2a: Toxapex
|-damage|p2a: Toxapex|79/100
|
|t:|1758981853
|switch|p1a: Weezing|Weezing-Galar, M|100/100|[from] Flip Turn
|-ability|p1a: Weezing|Neutralizing Gas
|
|upkeep
|turn|7
|
|t:|1758981864
|move|p1a: Weezing|Will-O-Wisp|p2a: Toxapex
|-status|p2a: Toxapex|brn
|move|p2a: Toxapex|Poison Jab|p1a: Weezing
|-damage|p1a: Weezing|94/100
|
|-damage|p2a: Toxapex|73/100 brn|[from] brn
|upkeep
|turn|8
|
|t:|1758981870
|switch|p2a: Dragapult|Dragapult, M|100/100
|move|p1a: Weezing|Defog|p2a: Dragapult
|-unboost|p2a: Dragapult|evasion|1
|-sideend|p1: bigredsword|Stealth Rock|[from] move: Defog|[of] p1a: Weezing
|
|upkeep
|turn|9
|
|t:|1758981883
|move|p2a: Dragapult|Shadow Ball|p1a: Weezing
|-damage|p1a: Weezing|19/100
|move|p1a: Weezing|Will-O-Wisp|p2a: Dragapult
|-status|p2a: Dragapult|brn
|
|-damage|p2a: Dragapult|95/100 brn|[from] brn
|upkeep
|turn|10
|
|t:|1758981892
|-end|p1a: Weezing|ability: Neutralizing Gas
|switch|p1a: Ting-Lu|Ting-Lu|100/100
|-ability|p1a: Ting-Lu|Vessel of Ruin
|move|p2a: Dragapult|Shadow Ball|p1a: Ting-Lu
|-resisted|p1a: Ting-Lu
|-damage|p1a: Ting-Lu|90/100
|-unboost|p1a: Ting-Lu|spd|1
|
|-heal|p1a: Ting-Lu|96/100|[from] item: Leftovers
|-damage|p2a: Dragapult|89/100 brn|[from] brn
|upkeep
|turn|11
|
|t:|1758981905
|switch|p2a: Iron Treads|Iron Treads|12/100
|move|p1a: Ting-Lu|Stealth Rock|p2a: Iron Treads
|-sidestart|p2: dorinkashixv|move: Stealth Rock
|
|-heal|p1a: Ting-Lu|100/100|[from] item: Leftovers
|upkeep
|turn|12
|
|t:|1758981913
|switch|p1a: Gholdengo|Gholdengo|100/100
|move|p2a: Iron Treads|Stealth Rock|p1a: Gholdengo
|-sidestart|p1: bigredsword|move: Stealth Rock
|
|upkeep
|turn|13
|
|t:|1758981921
|move|p1a: Gholdengo|Shadow Ball|p2a: Iron Treads
|-damage|p2a: Iron Treads|0 fnt
|faint|p2a: Iron Treads
|-end|p2a: Iron Treads|Quark Drive|[silent]
|
|upkeep
|
|t:|1758981925
|switch|p2a: Indeedee|Indeedee-F, F|100/100
|-damage|p2a: Indeedee|88/100|[from] Stealth Rock
|-fieldstart|move: Psychic Terrain|[from] ability: Psychic Surge|[of] p2a: Indeedee
|turn|14
|
|t:|1758981942
|switch|p1a: Ting-Lu|Ting-Lu|100/100
|-damage|p1a: Ting-Lu|94/100|[from] Stealth Rock
|-ability|p1a: Ting-Lu|Vessel of Ruin
|move|p2a: Indeedee|Reflect|p2a: Indeedee
|-sidestart|p2: dorinkashixv|Reflect
|
|-heal|p1a: Ting-Lu|100/100|[from] item: Leftovers
|upkeep
|turn|15
|
|t:|1758981955
|move|p2a: Indeedee|Light Screen|p2a: Indeedee
|-sidestart|p2: dorinkashixv|move: Light Screen
|move|p1a: Ting-Lu|Ruination|p2a: Indeedee
|-damage|p2a: Indeedee|45/100
|
|upkeep
|turn|16
|
|t:|1758981961
|switch|p2a: Toxapex|Toxapex, M|73/100 brn
|-damage|p2a: Toxapex|61/100 brn|[from] Stealth Rock
|move|p1a: Ting-Lu|Ruination|p2a: Toxapex
|-damage|p2a: Toxapex|31/100 brn
|
|-damage|p2a: Toxapex|25/100 brn|[from] brn
|upkeep
|turn|17
|
|t:|1758981971
|move|p1a: Ting-Lu|Earthquake|p2a: Toxapex
|-supereffective|p2a: Toxapex
|-damage|p2a: Toxapex|4/100 brn
|move|p2a: Toxapex|Toxic|p1a: Ting-Lu
|-status|p1a: Ting-Lu|tox
|
|-damage|p1a: Ting-Lu|94/100 tox|[from] psn
|-damage|p2a: Toxapex|0 fnt|[from] brn
|faint|p2a: Toxapex
|upkeep
|
|t:|1758981986
|switch|p2a: Armarouge|Armarouge, M|100/100
|-damage|p2a: Armarouge|76/100|[from] Stealth Rock
|turn|18
|
|t:|1758982000
|move|p2a: Armarouge|Armor Cannon|p1a: Ting-Lu
|-damage|p1a: Ting-Lu|65/100 tox
|-unboost|p2a: Armarouge|def|1
|-unboost|p2a: Armarouge|spd|1
|move|p1a: Ting-Lu|Earthquake|p2a: Armarouge
|-supereffective|p2a: Armarouge
|-damage|p2a: Armarouge|16/100
|-ability|p2a: Armarouge|Weak Armor|boost
|-unboost|p2a: Armarouge|def|1
|-boost|p2a: Armarouge|spe|2
|-enditem|p2a: Armarouge|Weakness Policy
|-boost|p2a: Armarouge|atk|2|[from] item: Weakness Policy
|-boost|p2a: Armarouge|spa|2|[from] item: Weakness Policy
|
|-heal|p1a: Ting-Lu|71/100 tox|[from] item: Leftovers
|-damage|p1a: Ting-Lu|58/100 tox|[from] psn
|-sideend|p2: dorinkashixv|Reflect
|upkeep
|turn|19
|
|t:|1758982018
|move|p2a: Armarouge|Armor Cannon|p1a: Ting-Lu
|-damage|p1a: Ting-Lu|4/100 tox
|-unboost|p2a: Armarouge|def|1
|-unboost|p2a: Armarouge|spd|1
|move|p1a: Ting-Lu|Earthquake|p2a: Armarouge
|-supereffective|p2a: Armarouge
|-damage|p2a: Armarouge|0 fnt
|faint|p2a: Armarouge
|
|-heal|p1a: Ting-Lu|11/100 tox|[from] item: Leftovers
|-damage|p1a: Ting-Lu|0 fnt|[from] psn
|faint|p1a: Ting-Lu
|-sideend|p2: dorinkashixv|move: Light Screen
|upkeep
|
|t:|1758982036
|switch|p2a: Hawlucha|Hawlucha, F|100/100
|switch|p1a: Zamazenta|Zamazenta|100/100
|-ability|p1a: Zamazenta|Dauntless Shield|boost
|-boost|p1a: Zamazenta|def|1
|-damage|p2a: Hawlucha|88/100|[from] Stealth Rock
|-enditem|p2a: Hawlucha|Psychic Seed
|-boost|p2a: Hawlucha|spd|1|[from] item: Psychic Seed
|turn|20
|
|t:|1758982054
|move|p2a: Hawlucha|Acrobatics|p1a: Zamazenta
|-supereffective|p1a: Zamazenta
|-damage|p1a: Zamazenta|43/100
|move|p1a: Zamazenta|Ice Fang|p2a: Hawlucha
|-supereffective|p2a: Hawlucha
|-damage|p2a: Hawlucha|31/100
|
|upkeep
|turn|21
|
|t:|1758982065
|-terastallize|p2a: Hawlucha|Fighting
|move|p2a: Hawlucha|Swords Dance|p2a: Hawlucha
|-boost|p2a: Hawlucha|atk|2
|move|p1a: Zamazenta|Close Combat|p2a: Hawlucha
|-damage|p2a: Hawlucha|0 fnt
|-unboost|p1a: Zamazenta|def|1
|-unboost|p1a: Zamazenta|spd|1
|faint|p2a: Hawlucha
|
|-fieldend|move: Psychic Terrain
|upkeep
|
|t:|1758982072
|switch|p2a: Dragapult|Dragapult, M|89/100 brn
|-damage|p2a: Dragapult|76/100 brn|[from] Stealth Rock
|turn|22
|
|t:|1758982078
|move|p2a: Dragapult|Shadow Ball|p1a: Zamazenta
|-damage|p1a: Zamazenta|0 fnt
|faint|p1a: Zamazenta
|
|-damage|p2a: Dragapult|70/100 brn|[from] brn
|upkeep
|
|t:|1758982089
|switch|p1a: Gholdengo|Gholdengo|100/100
|-damage|p1a: Gholdengo|94/100|[from] Stealth Rock
|turn|23
|
|t:|1758982118
|switch|p2a: Indeedee|Indeedee-F, F|45/100
|-damage|p2a: Indeedee|32/100|[from] Stealth Rock
|-fieldstart|move: Psychic Terrain|[from] ability: Psychic Surge|[of] p2a: Indeedee
|move|p1a: Gholdengo|Make It Rain|p2a: Indeedee
|-damage|p2a: Indeedee|0 fnt
|-unboost|p1a: Gholdengo|spa|1
|faint|p2a: Indeedee
|
|upkeep
|
|t:|1758982126
|switch|p2a: Dragapult|Dragapult, M|70/100 brn
|-damage|p2a: Dragapult|58/100 brn|[from] Stealth Rock
|turn|24
|
|t:|1758982150
|move|p1a: Gholdengo|Make It Rain|p2a: Dragapult
|-damage|p2a: Dragapult|2/100 brn
|-unboost|p1a: Gholdengo|spa|1
|move|p2a: Dragapult|Shadow Ball|p1a: Gholdengo
|-supereffective|p1a: Gholdengo
|-damage|p1a: Gholdengo|0 fnt
|faint|p1a: Gholdengo
|
|-damage|p2a: Dragapult|0 fnt|[from] brn
|faint|p2a: Dragapult
|
|win|bigredsword
|raw|bigredsword's rating: 1305 &rarr; <strong>1324</strong><br />(+19 for winning)
|raw|dorinkashixv's rating: 1288 &rarr; <strong>1264</strong><br />(-24 for losing)
|l|‽dorinkashixv
|player|p2|
|l|☆bigredsword
|player|p1|
