|j|☆desayd
|j|☆LikeEmerald
|t:|1759067026
|gametype|singles
|player|p1|desayd|blackbelt-gen4dp|1048
|player|p2|LikeEmerald|265|1046
|gen|9
|tier|[Gen 9] OU
|rated|
|rule|HP Percentage Mod: HP is shown in percentages
|rule|Endless Battle Clause: Forcing endless battles is banned
|rule|Species Clause: Limit one of each Pokémon
|rule|OHKO Clause: OHKO moves are banned
|rule|Evasion Items Clause: Evasion items are banned
|rule|Evasion Moves Clause: Evasion moves are banned
|rule|Evasion Abilities Clause: Evasion abilities are banned
|rule|Sleep Moves Clause: Sleep-inducing moves are banned
|clearpoke
|poke|p1|Dragonite, M|
|poke|p1|Gholdengo|
|poke|p1|Regidrago|
|poke|p1|Scizor, M|
|poke|p1|Ting-Lu|
|poke|p1|Weezing-Galar, M|
|poke|p2|Deoxys-Speed|
|poke|p2|Pikachu, F|
|poke|p2|Moltres|
|poke|p2|Haunter, F|
|poke|p2|Hydrapple, M|
|poke|p2|Empoleon, M|
|teampreview
|
|t:|1759067034
|teamsize|p1|6
|teamsize|p2|6
|start
|switch|p1a: Weezing|Weezing-Galar, M|100/100
|switch|p2a: Pikachu|Pikachu, F|100/100
|-ability|p1a: Weezing|Neutralizing Gas
|turn|1
|
|t:|1759067049
|switch|p2a: Empoleon|Empoleon, M|100/100
|move|p1a: Weezing|Sludge Bomb|p2a: Empoleon
|-immune|p2a: Empoleon
|
|upkeep
|turn|2
|
|t:|1759067055
|move|p2a: Empoleon|Agility|p2a: Empoleon
|-boost|p2a: Empoleon|spe|2
|move|p1a: Weezing|Will-O-Wisp|p2a: Empoleon
|-status|p2a: Empoleon|brn
|
|-damage|p2a: Empoleon|94/100 brn|[from] brn
|upkeep
|turn|3
|
|t:|1759067079
|-end|p1a: Weezing|ability: Neutralizing Gas
|switch|p1a: Gholdengo|Gholdengo|100/100
|move|p2a: Empoleon|Metal Sound|p1a: Gholdengo
|-immune|p1a: Gholdengo|[from] ability: Good as Gold
|
|-damage|p2a: Empoleon|88/100 brn|[from] brn
|upkeep
|turn|4
|
|t:|1759067087
|move|p2a: Empoleon|Surf|p1a: Gholdengo
|-damage|p1a: Gholdengo|51/100
|move|p1a: Gholdengo|Nasty Plot|p1a: Gholdengo
|-boost|p1a: Gholdengo|spa|2
|
|-damage|p2a: Empoleon|82/100 brn|[from] brn
|upkeep
|turn|5
|
|t:|1759067094
|-terastallize|p2a: Empoleon|Water
|move|p2a: Empoleon|Surf|p1a: Gholdengo
|-damage|p1a: Gholdengo|0 fnt
|faint|p1a: Gholdengo
|
|-damage|p2a: Empoleon|76/100 brn|[from] brn
|upkeep
|
|t:|1759067111
|switch|p1a: Scizor|Scizor, M|100/100
|turn|6
|
|t:|1759067123
|move|p2a: Empoleon|Surf|p1a: Scizor
|-damage|p1a: Scizor|15/100
|move|p1a: Scizor|Close Combat|p2a: Empoleon
|-damage|p2a: Empoleon|0 fnt
|-unboost|p1a: Scizor|def|1
|-unboost|p1a: Scizor|spd|1
|faint|p2a: Empoleon
|
|upkeep
|
|t:|1759067130
|switch|p2a: Pikachu|Pikachu, F|100/100
|turn|7
|
|t:|1759067133
|move|p2a: Pikachu|Fake Out|p1a: Scizor
|-resisted|p1a: Scizor
|-damage|p1a: Scizor|2/100
|cant|p1a: Scizor|flinch
|
|upkeep
|turn|8
|
|t:|1759067145
|switch|p1a: Ting-Lu|Ting-Lu|100/100
|-ability|p1a: Ting-Lu|Vessel of Ruin
|move|p2a: Pikachu|Knock Off|p1a: Ting-Lu
|-resisted|p1a: Ting-Lu
|-damage|p1a: Ting-Lu|90/100
|-enditem|p1a: Ting-Lu|Leftovers|[from] move: Knock Off|[of] p2a: Pikachu
|
|upkeep
|turn|9
|
|t:|1759067154
|switch|p2a: Haunter|Haunter, F|100/100
|move|p1a: Ting-Lu|Stealth Rock|p2a: Haunter
|-sidestart|p2: LikeEmerald|move: Stealth Rock
|
|upkeep
|turn|10
|
|t:|1759067162
|move|p2a: Haunter|Toxic|p1a: Ting-Lu
|-status|p1a: Ting-Lu|tox
|move|p1a: Ting-Lu|Ruination|p2a: Haunter
|-damage|p2a: Haunter|50/100
|
|-damage|p1a: Ting-Lu|84/100 tox|[from] psn
|upkeep
|turn|11
|
|t:|1759067185
|switch|p1a: Weezing|Weezing-Galar, M|100/100
|-ability|p1a: Weezing|Neutralizing Gas
|move|p2a: Haunter|Toxic Spikes|p1a: Weezing
|-sidestart|p1: desayd|move: Toxic Spikes
|
|upkeep
|turn|12
|
|t:|1759067193
|move|p2a: Haunter|Toxic|p1a: Weezing
|-immune|p1a: Weezing
|move|p1a: Weezing|Sludge Bomb|p2a: Haunter
|-resisted|p2a: Haunter
|-damage|p2a: Haunter|43/100
|
|upkeep
|turn|13
|
|t:|1759067201
|move|p2a: Haunter|Will-O-Wisp|p1a: Weezing
|-status|p1a: Weezing|brn
|move|p1a: Weezing|Will-O-Wisp|p2a: Haunter
|-status|p2a: Haunter|brn
|
|-damage|p2a: Haunter|37/100 brn|[from] brn
|-damage|p1a: Weezing|94/100 brn|[from] brn
|upkeep
|turn|14
|
|t:|1759067215
|-end|p1a: Weezing|ability: Neutralizing Gas
|switch|p1a: Scizor|Scizor, M|2/100
|move|p2a: Haunter|Icy Wind|p1a: Scizor
|-resisted|p1a: Scizor
|-damage|p1a: Scizor|0 fnt
|faint|p1a: Scizor
|
|-damage|p2a: Haunter|30/100 brn|[from] brn
|upkeep
|
|t:|1759067229
|switch|p1a: Regidrago|Regidrago|100/100
|-status|p1a: Regidrago|psn
|turn|15
|
|t:|1759067247
|move|p1a: Regidrago|Dragon Energy|p2a: Haunter
|-damage|p2a: Haunter|0 fnt
|faint|p2a: Haunter
|
|-damage|p1a: Regidrago|88/100 psn|[from] psn
|upkeep
|
|t:|1759067263
|switch|p2a: Moltres|Moltres|100/100
|turn|16
|
|t:|1759067268
|move|p1a: Regidrago|Dragon Energy|p2a: Moltres
|-damage|p2a: Moltres|14/100
|move|p2a: Moltres|Air Slash|p1a: Regidrago
|-damage|p1a: Regidrago|50/100 psn
|
|-damage|p1a: Regidrago|38/100 psn|[from] psn
|upkeep
|turn|17
|
|t:|1759067275
|move|p1a: Regidrago|Dragon Energy|p2a: Moltres
|-damage|p2a: Moltres|0 fnt
|faint|p2a: Moltres
|
|-damage|p1a: Regidrago|25/100 psn|[from] psn
|upkeep
|
|t:|1759067278
|switch|p2a: Pikachu|Pikachu, F|100/100
|-damage|p2a: Pikachu|88/100|[from] Stealth Rock
|turn|18
|
|t:|1759067285
|switch|p1a: Ting-Lu|Ting-Lu|84/100 tox
|-ability|p1a: Ting-Lu|Vessel of Ruin
|move|p2a: Pikachu|Fake Out|p1a: Ting-Lu
|-damage|p1a: Ting-Lu|75/100 tox
|
|-damage|p1a: Ting-Lu|69/100 tox|[from] psn
|upkeep
|turn|19
|
|t:|1759067295
|move|p2a: Pikachu|Play Rough|p1a: Ting-Lu
|-supereffective|p1a: Ting-Lu
|-damage|p1a: Ting-Lu|31/100 tox
|move|p1a: Ting-Lu|Earthquake|p2a: Pikachu
|-supereffective|p2a: Pikachu
|-damage|p2a: Pikachu|0 fnt
|faint|p2a: Pikachu
|
|-damage|p1a: Ting-Lu|19/100 tox|[from] psn
|upkeep
|
|t:|1759067303
|switch|p2a: Deoxys|Deoxys-Speed|100/100
|-damage|p2a: Deoxys|88/100|[from] Stealth Rock
|-ability|p2a: Deoxys|Pressure
|turn|20
|
|t:|1759067313
|move|p2a: Deoxys|Stealth Rock|p1a: Ting-Lu
|-sidestart|p1: desayd|move: Stealth Rock
|move|p1a: Ting-Lu|Earthquake|p2a: Deoxys
|-damage|p2a: Deoxys|22/100
|
|-damage|p1a: Ting-Lu|0 fnt|[from] psn
|faint|p1a: Ting-Lu
|upkeep
|
|t:|1759067322
|switch|p1a: Regidrago|Regidrago|25/100 psn
|-damage|p1a: Regidrago|13/100 psn|[from] Stealth Rock
|turn|21
|
|t:|1759067329
|move|p1a: Regidrago|Draco Meteor|p2a: Deoxys
|-damage|p2a: Deoxys|0 fnt
|-unboost|p1a: Regidrago|spa|2
|faint|p2a: Deoxys
|
|-damage|p1a: Regidrago|1/100 psn|[from] psn
|upkeep
|
|t:|1759067331
|switch|p2a: Hydrapple|Hydrapple, M|100/100
|turn|22
|
|t:|1759067337
|move|p2a: Hydrapple|Protect|p2a: Hydrapple
|-singleturn|p2a: Hydrapple|Protect
|move|p1a: Regidrago|Draco Meteor|p2a: Hydrapple
|-activate|p2a: Hydrapple|move: Protect
|
|-damage|p1a: Regidrago|0 fnt|[from] psn
|faint|p1a: Regidrago
|upkeep
|
|t:|1759067346
|switch|p1a: Weezing|Weezing-Galar, M|94/100 brn
|-ability|p1a: Weezing|Neutralizing Gas
|-sideend|p1: desayd|move: Toxic Spikes|[of] p1a: Weezing
|turn|23
|
|t:|1759067361
|move|p1a: Weezing|Defog|p2a: Hydrapple
|-unboost|p2a: Hydrapple|evasion|1
|-sideend|p2: LikeEmerald|Stealth Rock|[from] move: Defog|[of] p1a: Weezing
|-sideend|p1: desayd|Stealth Rock|[from] move: Defog|[of] p1a: Weezing
|move|p2a: Hydrapple|Syrup Bomb|p1a: Weezing
|-resisted|p1a: Weezing
|-damage|p1a: Weezing|71/100 brn
|-start|p1a: Weezing|Syrup Bomb
|
|-damage|p1a: Weezing|65/100 brn|[from] brn
|-unboost|p1a: Weezing|spe|1
|upkeep
|turn|24
|
|t:|1759067373
|move|p2a: Hydrapple|Protect|p2a: Hydrapple
|-singleturn|p2a: Hydrapple|Protect
|move|p1a: Weezing|Will-O-Wisp|p2a: Hydrapple
|-activate|p2a: Hydrapple|move: Protect
|
|-damage|p1a: Weezing|59/100 brn|[from] brn
|-unboost|p1a: Weezing|spe|1
|upkeep
|turn|25
|
|t:|1759067381
|move|p2a: Hydrapple|Earth Power|p1a: Weezing
|-supereffective|p1a: Weezing
|-damage|p1a: Weezing|0 fnt
|faint|p1a: Weezing
|-end|p1a: Weezing|ability: Neutralizing Gas
|
|upkeep
|
|t:|1759067387
|switch|p1a: Dragonite|Dragonite, M|100/100
|turn|26
|
|t:|1759067394
|move|p1a: Dragonite|Earthquake|p2a: Hydrapple
|-resisted|p2a: Hydrapple
|-damage|p2a: Hydrapple|87/100
|move|p2a: Hydrapple|Syrup Bomb|p1a: Dragonite
|-resisted|p1a: Dragonite
|-damage|p1a: Dragonite|96/100
|-start|p1a: Dragonite|Syrup Bomb
|
|-unboost|p1a: Dragonite|spe|1
|upkeep
|turn|27
|
|t:|1759067403
|move|p1a: Dragonite|Dragon Dance|p1a: Dragonite
|-boost|p1a: Dragonite|atk|1
|-boost|p1a: Dragonite|spe|1
|move|p2a: Hydrapple|Fickle Beam|p1a: Dragonite
|-supereffective|p1a: Dragonite
|-damage|p1a: Dragonite|12/100
|
|-unboost|p1a: Dragonite|spe|1
|upkeep
|turn|28
|
|t:|1759067412
|move|p1a: Dragonite|Extreme Speed|p2a: Hydrapple
|-damage|p2a: Hydrapple|52/100
|move|p2a: Hydrapple|Fickle Beam|p1a: Dragonite|[anim] Fickle Beam All Out
|-activate|p2a: Hydrapple|move: Fickle Beam
|-supereffective|p1a: Dragonite
|-damage|p1a: Dragonite|0 fnt
|faint|p1a: Dragonite
|
|win|LikeEmerald
|raw|desayd's rating: 1048 &rarr; <strong>1031</strong><br />(-17 for losing)
|raw|LikeEmerald's rating: 1046 &rarr; <strong>1079</strong><br />(+33 for winning)
|c|☆LikeEmerald|gg
|l|☆desayd
|player|p1|
