|j|☆missingyat
|j|☆cute8star
|t:|1758983207
|gametype|singles
|player|p1|missingyat|clerk|1158
|player|p2|cute8star|1|1203
|gen|9
|tier|[Gen 9] OU
|rated|
|rule|HP Percentage Mod: HP is shown in percentages
|rule|Endless Battle Clause: Forcing endless battles is banned
|rule|Species Clause: Limit one of each Pokémon
|rule|OHKO Clause: OHKO moves are banned
|rule|Evasion Items Clause: Evasion items are banned
|rule|Evasion Moves Clause: Evasion moves are banned
|rule|Evasion Abilities Clause: Evasion abilities are banned
|rule|Sleep Moves Clause: Sleep-inducing moves are banned
|clearpoke
|poke|p1|Komala, F|
|poke|p1|Moltres|
|poke|p1|Shiftry, M|
|poke|p1|Milotic, F|
|poke|p1|Conkeldurr, F|
|poke|p1|Whimsicott, F|
|poke|p2|Primarina, F|
|poke|p2|Gliscor, M|
|poke|p2|Gholdengo|
|poke|p2|Darkrai|
|poke|p2|Garganacl, F|
|poke|p2|Maushold|
|teampreview
|inactive|Battle timer is ON: inactive players will automatically lose when time's up. (requested by cute8star)
|
|t:|1758983232
|teamsize|p1|6
|teamsize|p2|6
|start
|switch|p1a: Milotic|Milotic, F|100/100
|switch|p2a: Nightmare|Darkrai|100/100
|turn|1
|
|t:|1758983248
|move|p2a: Nightmare|Dark Pulse|p1a: Milotic
|-damage|p1a: Milotic|70/100
|move|p1a: Milotic|Dragon Tail|p2a: Nightmare
|-damage|p2a: Nightmare|88/100
|drag|p2a: Maushold|Maushold|100/100
|
|-status|p1a: Milotic|brn|[from] item: Flame Orb
|upkeep
|turn|2
|inactive|cute8star has 120 seconds left.
|
|t:|1758983276
|move|p2a: Maushold|Population Bomb|p1a: Milotic
|-damage|p1a: Milotic|64/100 brn
|-hitcount|p1a: Milotic|1
|move|p1a: Milotic|Scald|p2a: Maushold
|-damage|p2a: Maushold|61/100
|-status|p2a: Maushold|brn
|
|-damage|p2a: Maushold|54/100 brn|[from] brn
|-damage|p1a: Milotic|58/100 brn|[from] brn
|upkeep
|turn|3
|l|☆cute8star
|inactive|cute8star disconnected and has a minute to reconnect!
|player|p2|
|j|☆cute8star
|inactive|cute8star reconnected and has 105 seconds left.
|player|p2|cute8star|1|
|
|t:|1758983310
|move|p2a: Maushold|Population Bomb|p1a: Milotic
|-damage|p1a: Milotic|54/100 brn
|-damage|p1a: Milotic|51/100 brn
|-damage|p1a: Milotic|48/100 brn
|-damage|p1a: Milotic|45/100 brn
|-damage|p1a: Milotic|42/100 brn
|-damage|p1a: Milotic|39/100 brn
|-damage|p1a: Milotic|36/100 brn
|-damage|p1a: Milotic|32/100 brn
|-damage|p1a: Milotic|29/100 brn
|-damage|p1a: Milotic|26/100 brn
|-hitcount|p1a: Milotic|10
|move|p1a: Milotic|Recover|p1a: Milotic
|-heal|p1a: Milotic|76/100 brn
|
|-damage|p2a: Maushold|48/100 brn|[from] brn
|-damage|p1a: Milotic|70/100 brn|[from] brn
|upkeep
|turn|4
|inactive|cute8star has 90 seconds left.
|
|t:|1758983336
|move|p2a: Maushold|Encore|p1a: Milotic
|-start|p1a: Milotic|Encore
|move|p1a: Milotic|Recover|p1a: Milotic
|-heal|p1a: Milotic|100/100 brn
|
|-damage|p2a: Maushold|42/100 brn|[from] brn
|-damage|p1a: Milotic|94/100 brn|[from] brn
|upkeep
|turn|5
|inactive|cute8star has 90 seconds left.
|
|t:|1758983346
|switch|p1a: Conkeldurr|Conkeldurr, F|100/100
|move|p2a: Maushold|U-turn|p1a: Conkeldurr
|-resisted|p1a: Conkeldurr
|-damage|p1a: Conkeldurr|96/100
|inactive|cute8star has 90 seconds left.
|
|t:|1758983357
|switch|p2a: Celestine|Primarina, F|100/100|[from] U-turn
|
|upkeep
|turn|6
|
|t:|1758983364
|switch|p1a: KFC|Moltres|100/100
|move|p2a: Celestine|Moonblast|p1a: KFC
|-resisted|p1a: KFC
|-damage|p1a: KFC|71/100
|-unboost|p1a: KFC|spa|1
|
|upkeep
|turn|7
|inactive|cute8star has 90 seconds left.
|
|t:|1758983383
|move|p1a: KFC|U-turn|p2a: Celestine
|-resisted|p2a: Celestine
|-damage|p2a: Celestine|91/100
|
|t:|1758983390
|switch|p1a: Slizzy|Komala, F, shiny|100/100|[from] U-turn
|-ability|p1a: Slizzy|Comatose
|move|p2a: Celestine|Surf|p1a: Slizzy
|-damage|p1a: Slizzy|55/100
|
|upkeep
|turn|8
|inactive|cute8star has 90 seconds left.
|
|t:|1758983408
|move|p2a: Celestine|Moonblast|p1a: Slizzy
|-damage|p1a: Slizzy|5/100
|move|p1a: Slizzy|Body Slam|p2a: Celestine
|-damage|p2a: Celestine|32/100
|
|upkeep
|turn|9
|
|t:|1758983416
|switch|p1a: Milotic|Milotic, F|94/100 brn
|move|p2a: Celestine|Flip Turn|p1a: Milotic
|-resisted|p1a: Milotic
|-damage|p1a: Milotic|91/100 brn
|inactive|cute8star has 90 seconds left.
|
|t:|1758983433
|switch|p2a: AUra|Gholdengo|100/100|[from] Flip Turn
|
|-damage|p1a: Milotic|84/100 brn|[from] brn
|upkeep
|turn|10
|inactive|cute8star has 90 seconds left.
|
|t:|1758983439
|move|p2a: AUra|Nasty Plot|p2a: AUra
|-boost|p2a: AUra|spa|2
|move|p1a: Milotic|Dragon Tail|p2a: AUra
|-resisted|p2a: AUra
|-damage|p2a: AUra|99/100
|drag|p2a: Maushold|Maushold|42/100 brn
|
|-damage|p2a: Maushold|36/100 brn|[from] brn
|-damage|p1a: Milotic|78/100 brn|[from] brn
|upkeep
|turn|11
|inactive|cute8star has 90 seconds left.
|
|t:|1758983455
|move|p2a: Maushold|Encore|p1a: Milotic
|-start|p1a: Milotic|Encore
|move|p1a: Milotic|Dragon Tail|p2a: Maushold
|-damage|p2a: Maushold|30/100 brn
|drag|p2a: AUra|Gholdengo|99/100
|
|-damage|p1a: Milotic|72/100 brn|[from] brn
|upkeep
|turn|12
|inactive|cute8star has 90 seconds left.
|
|t:|1758983464
|move|p2a: AUra|Shadow Ball|p1a: Milotic
|-damage|p1a: Milotic|42/100 brn
|move|p1a: Milotic|Dragon Tail|p2a: AUra
|-resisted|p2a: AUra
|-damage|p2a: AUra|97/100
|drag|p2a: Nightmare|Darkrai|88/100
|
|-damage|p1a: Milotic|36/100 brn|[from] brn
|upkeep
|turn|13
|inactive|cute8star has 90 seconds left.
|
|t:|1758983475
|switch|p1a: Whimsicott|Whimsicott, F|100/100
|move|p2a: Nightmare|Dark Pulse|p1a: Whimsicott
|-resisted|p1a: Whimsicott
|-damage|p1a: Whimsicott|63/100
|
|upkeep
|turn|14
|
|t:|1758983481
|move|p1a: Whimsicott|Leech Seed|p2a: Nightmare
|-hint|Since gen 7, Dark is immune to Prankster moves.
|-immune|p2a: Nightmare
|move|p2a: Nightmare|Sludge Bomb|p1a: Whimsicott
|-supereffective|p1a: Whimsicott
|-damage|p1a: Whimsicott|0 fnt
|faint|p1a: Whimsicott
|
|upkeep
|
|t:|1758983489
|switch|p1a: Conkeldurr|Conkeldurr, F|96/100
|turn|15
|
|t:|1758983501
|move|p2a: Nightmare|Ice Beam|p1a: Conkeldurr
|-damage|p1a: Conkeldurr|52/100
|move|p1a: Conkeldurr|Bulk Up|p1a: Conkeldurr
|-boost|p1a: Conkeldurr|atk|1
|-boost|p1a: Conkeldurr|def|1
|
|upkeep
|turn|16
|
|t:|1758983509
|move|p2a: Nightmare|Sludge Bomb|p1a: Conkeldurr
|-damage|p1a: Conkeldurr|5/100
|-status|p1a: Conkeldurr|psn
|move|p1a: Conkeldurr|Dynamic Punch|p2a: Nightmare
|-supereffective|p2a: Nightmare
|-damage|p2a: Nightmare|0 fnt
|faint|p2a: Nightmare
|
|-damage|p1a: Conkeldurr|0 fnt|[from] psn
|faint|p1a: Conkeldurr
|upkeep
|inactive|cute8star has 90 seconds left.
|
|t:|1758983530
|switch|p2a: AUra|Gholdengo|97/100
|switch|p1a: Shiftry|Shiftry, M|100/100
|turn|17
|inactive|cute8star has 90 seconds left.
|
|t:|1758983544
|move|p1a: Shiftry|Tailwind|p1a: Shiftry
|-sidestart|p1: missingyat|move: Tailwind
|-ability|p1a: Shiftry|Wind Rider|boost
|-boost|p1a: Shiftry|atk|1
|move|p2a: AUra|Shadow Ball|p1a: Shiftry
|-resisted|p1a: Shiftry
|-damage|p1a: Shiftry|63/100
|
|upkeep
|turn|18
|inactive|cute8star has 90 seconds left.
|
|t:|1758983555
|move|p1a: Shiftry|Knock Off|p2a: AUra
|-supereffective|p2a: AUra
|-damage|p2a: AUra|0 fnt
|-enditem|p2a: AUra|Shuca Berry|[from] move: Knock Off|[of] p1a: Shiftry
|faint|p2a: AUra
|
|upkeep
|inactive|cute8star has 90 seconds left.
|
|t:|1758983563
|switch|p2a: Salty|Garganacl, F|100/100
|turn|19
|
|t:|1758983573
|move|p1a: Shiftry|Leaf Blade|p2a: Salty
|-supereffective|p2a: Salty
|-crit|p2a: Salty
|-damage|p2a: Salty|0 fnt
|faint|p2a: Salty
|
|upkeep
|
|t:|1758983579
|switch|p2a: Maushold|Maushold|30/100 brn
|turn|20
|
|t:|1758983585
|move|p1a: Shiftry|Leaf Blade|p2a: Maushold
|-damage|p2a: Maushold|0 fnt
|faint|p2a: Maushold
|
|-sideend|p1: missingyat|move: Tailwind
|upkeep
|
|t:|1758983591
|switch|p2a: Goal|Gliscor, M|100/100
|turn|21
|
|t:|1758983601
|move|p2a: Goal|Protect|p2a: Goal
|-singleturn|p2a: Goal|Protect
|move|p1a: Shiftry|Tailwind|p1a: Shiftry
|-sidestart|p1: missingyat|move: Tailwind
|-ability|p1a: Shiftry|Wind Rider|boost
|-boost|p1a: Shiftry|atk|1
|
|-status|p2a: Goal|tox|[from] item: Toxic Orb
|upkeep
|turn|22
|
|t:|1758983611
|move|p1a: Shiftry|Knock Off|p2a: Goal
|-damage|p2a: Goal|35/100 tox
|-enditem|p2a: Goal|Toxic Orb|[from] move: Knock Off|[of] p1a: Shiftry
|move|p2a: Goal|Facade|p1a: Shiftry
|-damage|p1a: Shiftry|11/100
|
|-heal|p2a: Goal|48/100 tox|[from] ability: Poison Heal
|upkeep
|turn|23
|
|t:|1758983631
|move|p2a: Goal|Protect|p2a: Goal
|-singleturn|p2a: Goal|Protect
|move|p1a: Shiftry|Knock Off|p2a: Goal
|-activate|p2a: Goal|move: Protect
|
|-heal|p2a: Goal|60/100 tox|[from] ability: Poison Heal
|upkeep
|turn|24
|
|t:|1758983636
|move|p1a: Shiftry|Knock Off|p2a: Goal
|-damage|p2a: Goal|12/100 tox
|move|p2a: Goal|Facade|p1a: Shiftry
|-damage|p1a: Shiftry|0 fnt
|faint|p1a: Shiftry
|
|-heal|p2a: Goal|24/100 tox|[from] ability: Poison Heal
|-sideend|p1: missingyat|move: Tailwind
|upkeep
|
|t:|1758983644
|switch|p1a: Milotic|Milotic, F|36/100 brn
|turn|25
|
|t:|1758983648
|move|p2a: Goal|Protect|p2a: Goal
|-singleturn|p2a: Goal|Protect
|move|p1a: Milotic|Recover|p1a: Milotic
|-heal|p1a: Milotic|86/100 brn
|
|-heal|p2a: Goal|37/100 tox|[from] ability: Poison Heal
|-damage|p1a: Milotic|80/100 brn|[from] brn
|upkeep
|turn|26
|
|t:|1758983658
|move|p2a: Goal|Knock Off|p1a: Milotic
|-damage|p1a: Milotic|67/100 brn
|-enditem|p1a: Milotic|Flame Orb|[from] move: Knock Off|[of] p2a: Goal
|move|p1a: Milotic|Scald|p2a: Goal
|-supereffective|p2a: Goal
|-damage|p2a: Goal|0 fnt
|faint|p2a: Goal
|
|-damage|p1a: Milotic|61/100 brn|[from] brn
|upkeep
|
|t:|1758983667
|switch|p2a: Celestine|Primarina, F|32/100
|turn|27
|
|t:|1758983682
|move|p2a: Celestine|Moonblast|p1a: Milotic
|-damage|p1a: Milotic|20/100 brn
|move|p1a: Milotic|Scald|p2a: Celestine
|-resisted|p2a: Celestine
|-damage|p2a: Celestine|20/100
|-status|p2a: Celestine|brn
|
|-damage|p2a: Celestine|14/100 brn|[from] brn
|-damage|p1a: Milotic|14/100 brn|[from] brn
|upkeep
|turn|28
|
|t:|1758983692
|move|p2a: Celestine|Moonblast|p1a: Milotic
|-damage|p1a: Milotic|0 fnt
|faint|p1a: Milotic
|
|-damage|p2a: Celestine|8/100 brn|[from] brn
|upkeep
|
|t:|1758983696
|switch|p1a: KFC|Moltres|71/100
|turn|29
|
|t:|1758983699
|move|p1a: KFC|Flamethrower|p2a: Celestine
|-resisted|p2a: Celestine
|-damage|p2a: Celestine|0 fnt
|faint|p2a: Celestine
|
|win|missingyat
|raw|missingyat's rating: 1158 &rarr; <strong>1186</strong><br />(+28 for winning)
|raw|cute8star's rating: 1203 &rarr; <strong>1175</strong><br />(-28 for losing)
|l|☆missingyat
|player|p1|
|l|☆cute8star
|player|p2|
