|badge|p2|bronze|gen9randombattle|100-6
|uhtml|medal-msg|<div class="broadcast-blue">Curious what those medals under the avatar are? PS now has Ladder Seasons! For more information, check out the <a href="https://www.smogon.com/forums/threads/3740067/">thread on Smogon.</a></div>
|j|☆mansonabuluting
|j|☆Playing Foul
|t:|1759073316
|gametype|singles
|player|p1|mansonabuluting|bellelba|1779
|player|p2|Playing Foul|ethan-gen2|1736
|gen|9
|tier|[Gen 9] OU
|rated|
|rule|HP Percentage Mod: HP is shown in percentages
|rule|Endless Battle Clause: Forcing endless battles is banned
|rule|Species Clause: Limit one of each Pokémon
|rule|OHKO Clause: OHKO moves are banned
|rule|Evasion Items Clause: Evasion items are banned
|rule|Evasion Moves Clause: Evasion moves are banned
|rule|Evasion Abilities Clause: Evasion abilities are banned
|rule|Sleep Moves Clause: Sleep-inducing moves are banned
|clearpoke
|poke|p1|Rillaboom, F|
|poke|p1|Hawlucha, F|
|poke|p1|Thundurus-Therian, M|
|poke|p1|Great Tusk|
|poke|p1|Volcanion|
|poke|p1|Goodra-Hisui, M|
|poke|p2|Dragonite, F|
|poke|p2|Rotom-Wash|
|poke|p2|Ting-Lu|
|poke|p2|Corviknight, F|
|poke|p2|Slowking-Galar, M|
|poke|p2|Deoxys-Speed|
|teampreview
|
|t:|1759073325
|teamsize|p1|6
|teamsize|p2|6
|start
|switch|p1a: Thundurus|Thundurus-Therian, M|100/100
|switch|p2a: Dragonite|Dragonite, F|100/100
|turn|1
|inactive|Battle timer is ON: inactive players will automatically lose when time's up. (requested by mansonabuluting)
|inactive|Playing Foul also wants the timer to be on.
|
|t:|1759073332
|move|p2a: Dragonite|Extreme Speed|p1a: Thundurus
|-damage|p1a: Thundurus|55/100
|move|p1a: Thundurus|Volt Switch|p2a: Dragonite
|-damage|p2a: Dragonite|80/100
|
|t:|1759073336
|switch|p1a: Great Tusk|Great Tusk|100/100|[from] Volt Switch
|
|upkeep
|turn|2
|
|t:|1759073344
|switch|p2a: Rotom|Rotom-Wash|100/100
|move|p1a: Great Tusk|Stealth Rock|p2a: Rotom
|-sidestart|p2: Playing Foul|move: Stealth Rock
|
|upkeep
|turn|3
|
|t:|1759073351
|-end|p1a: Great Tusk|Protosynthesis|[silent]
|switch|p1a: Goodra|Goodra-Hisui, M|100/100
|move|p2a: Rotom|Will-O-Wisp|p1a: Goodra|[miss]
|-miss|p2a: Rotom|p1a: Goodra
|
|upkeep
|turn|4
|
|t:|1759073359
|move|p2a: Rotom|Will-O-Wisp|p1a: Goodra
|-status|p1a: Goodra|brn
|move|p1a: Goodra|Draco Meteor|p2a: Rotom
|-damage|p2a: Rotom|31/100
|-unboost|p1a: Goodra|spa|2
|
|-heal|p2a: Rotom|38/100|[from] item: Leftovers
|-damage|p1a: Goodra|94/100 brn|[from] brn
|upkeep
|turn|5
|
|t:|1759073367
|switch|p1a: Thundurus|Thundurus-Therian, M|55/100
|move|p2a: Rotom|Hydro Pump|p1a: Thundurus|[miss]
|-miss|p2a: Rotom|p1a: Thundurus
|
|-heal|p2a: Rotom|44/100|[from] item: Leftovers
|upkeep
|turn|6
|
|t:|1759073374
|switch|p2a: Ting-Lu|Ting-Lu|100/100
|-damage|p2a: Ting-Lu|94/100|[from] Stealth Rock
|-ability|p2a: Ting-Lu|Vessel of Ruin
|move|p1a: Thundurus|Volt Switch|p2a: Ting-Lu
|-immune|p2a: Ting-Lu
|
|upkeep
|turn|7
|
|t:|1759073382
|switch|p1a: Rillaboom|Rillaboom, F|100/100
|-fieldstart|move: Grassy Terrain|[from] ability: Grassy Surge|[of] p1a: Rillaboom
|move|p2a: Ting-Lu|Earthquake|p1a: Rillaboom
|-resisted|p1a: Rillaboom
|-damage|p1a: Rillaboom|91/100
|
|-heal|p1a: Rillaboom|98/100|[from] Grassy Terrain
|-heal|p2a: Ting-Lu|100/100|[from] Grassy Terrain
|upkeep
|turn|8
|
|t:|1759073390
|move|p1a: Rillaboom|U-turn|p2a: Ting-Lu
|-supereffective|p2a: Ting-Lu
|-crit|p2a: Ting-Lu
|-damage|p2a: Ting-Lu|41/100
|-damage|p1a: Rillaboom|81/100|[from] item: Rocky Helmet|[of] p2a: Ting-Lu
|
|t:|1759073393
|switch|p1a: Volcanion|Volcanion|100/100|[from] U-turn
|move|p2a: Ting-Lu|Payback|p1a: Volcanion
|-damage|p1a: Volcanion|86/100
|
|-heal|p1a: Volcanion|93/100|[from] Grassy Terrain
|-heal|p2a: Ting-Lu|47/100|[from] Grassy Terrain
|upkeep
|turn|9
|
|t:|1759073401
|switch|p2a: Slowking|Slowking-Galar, M|100/100
|-damage|p2a: Slowking|88/100|[from] Stealth Rock
|move|p1a: Volcanion|Steam Eruption|p2a: Slowking
|-damage|p2a: Slowking|45/100
|
|-heal|p1a: Volcanion|99/100|[from] Grassy Terrain
|-heal|p2a: Slowking|51/100|[from] Grassy Terrain
|upkeep
|turn|10
|
|t:|1759073409
|-terastallize|p2a: Slowking|Dragon
|move|p1a: Volcanion|Steam Eruption|p2a: Slowking
|-resisted|p2a: Slowking
|-damage|p2a: Slowking|28/100
|move|p2a: Slowking|Sludge Bomb|p1a: Volcanion
|-damage|p1a: Volcanion|52/100
|
|-heal|p1a: Volcanion|58/100|[from] Grassy Terrain
|-heal|p2a: Slowking|34/100|[from] Grassy Terrain
|upkeep
|turn|11
|
|t:|1759073417
|switch|p1a: Goodra|Goodra-Hisui, M|94/100 brn
|move|p2a: Slowking|Sludge Bomb|p1a: Goodra
|-immune|p1a: Goodra
|
|-heal|p1a: Goodra|100/100 brn|[from] Grassy Terrain
|-heal|p2a: Slowking|40/100|[from] Grassy Terrain
|-damage|p1a: Goodra|94/100 brn|[from] brn
|-fieldend|move: Grassy Terrain
|upkeep
|turn|12
|
|t:|1759073424
|switch|p2a: Ting-Lu|Ting-Lu|47/100
|-damage|p2a: Ting-Lu|41/100|[from] Stealth Rock
|-ability|p2a: Ting-Lu|Vessel of Ruin
|move|p1a: Goodra|Draco Meteor|p2a: Ting-Lu
|-damage|p2a: Ting-Lu|14/100
|-unboost|p1a: Goodra|spa|2
|
|-damage|p1a: Goodra|88/100 brn|[from] brn
|upkeep
|turn|13
|
|t:|1759073434
|move|p1a: Goodra|Draco Meteor|p2a: Ting-Lu
|-crit|p2a: Ting-Lu
|-damage|p2a: Ting-Lu|0 fnt
|-unboost|p1a: Goodra|spa|2
|faint|p2a: Ting-Lu
|
|-damage|p1a: Goodra|82/100 brn|[from] brn
|upkeep
|
|t:|1759073442
|switch|p2a: Deoxys|Deoxys-Speed|100/100
|-ability|p2a: Deoxys|Pressure
|turn|14
|
|t:|1759073450
|switch|p1a: Rillaboom|Rillaboom, F|81/100
|-fieldstart|move: Grassy Terrain|[from] ability: Grassy Surge|[of] p1a: Rillaboom
|move|p2a: Deoxys|Nasty Plot|p2a: Deoxys
|-boost|p2a: Deoxys|spa|2
|
|-heal|p1a: Rillaboom|87/100|[from] Grassy Terrain
|upkeep
|turn|15
|
|t:|1759073458
|move|p1a: Rillaboom|Grassy Glide|p2a: Deoxys
|-damage|p2a: Deoxys|18/100
|move|p2a: Deoxys|Ice Beam|p1a: Rillaboom
|-supereffective|p1a: Rillaboom
|-damage|p1a: Rillaboom|0 fnt
|faint|p1a: Rillaboom
|
|-heal|p2a: Deoxys|24/100|[from] Grassy Terrain
|upkeep
|
|t:|1759073462
|switch|p1a: Hawlucha|Hawlucha, F|100/100
|-enditem|p1a: Hawlucha|Grassy Seed
|-boost|p1a: Hawlucha|def|1|[from] item: Grassy Seed
|turn|16
|j| moodrandom
|
|t:|1759073469
|move|p1a: Hawlucha|Acrobatics|p2a: Deoxys
|-damage|p2a: Deoxys|0 fnt
|faint|p2a: Deoxys
|
|upkeep
|
|t:|1759073477
|switch|p2a: Slowking|Slowking-Galar, M, tera:Dragon|73/100
|-damage|p2a: Slowking|61/100|[from] Stealth Rock
|turn|17
|
|t:|1759073488
|-terastallize|p1a: Hawlucha|Steel
|move|p1a: Hawlucha|Swords Dance|p1a: Hawlucha
|-boost|p1a: Hawlucha|atk|2
|move|p2a: Slowking|Ice Beam|p1a: Hawlucha
|-resisted|p1a: Hawlucha
|-damage|p1a: Hawlucha|80/100
|
|-heal|p1a: Hawlucha|86/100|[from] Grassy Terrain
|-heal|p2a: Slowking|67/100|[from] Grassy Terrain
|upkeep
|turn|18
|
|t:|1759073497
|move|p1a: Hawlucha|Acrobatics|p2a: Slowking
|-damage|p2a: Slowking|0 fnt
|faint|p2a: Slowking
|
|-heal|p1a: Hawlucha|92/100|[from] Grassy Terrain
|-fieldend|move: Grassy Terrain
|upkeep
|
|t:|1759073505
|switch|p2a: Corviknight|Corviknight, F, shiny|100/100
|-damage|p2a: Corviknight|88/100|[from] Stealth Rock
|-ability|p2a: Corviknight|Pressure
|turn|19
|
|t:|1759073512
|move|p1a: Hawlucha|Close Combat|p2a: Corviknight
|-damage|p2a: Corviknight|20/100
|-unboost|p1a: Hawlucha|def|1
|-unboost|p1a: Hawlucha|spd|1
|move|p2a: Corviknight|Roost|p2a: Corviknight
|-heal|p2a: Corviknight|70/100
|-singleturn|p2a: Corviknight|move: Roost
|
|-heal|p2a: Corviknight|76/100|[from] item: Leftovers
|upkeep
|turn|20
|
|t:|1759073518
|move|p1a: Hawlucha|Close Combat|p2a: Corviknight
|-damage|p2a: Corviknight|7/100
|-unboost|p1a: Hawlucha|def|1
|-unboost|p1a: Hawlucha|spd|1
|move|p2a: Corviknight|Iron Defense|p2a: Corviknight
|-boost|p2a: Corviknight|def|2
|
|-heal|p2a: Corviknight|13/100|[from] item: Leftovers
|upkeep
|turn|21
|
|t:|1759073521
|move|p1a: Hawlucha|Close Combat|p2a: Corviknight
|-damage|p2a: Corviknight|0 fnt
|-unboost|p1a: Hawlucha|def|1
|-unboost|p1a: Hawlucha|spd|1
|faint|p2a: Corviknight
|
|upkeep
|
|t:|1759073525
|switch|p2a: Rotom|Rotom-Wash|44/100
|-damage|p2a: Rotom|31/100|[from] Stealth Rock
|turn|22
|
|t:|1759073530
|move|p1a: Hawlucha|Close Combat|p2a: Rotom
|-damage|p2a: Rotom|0 fnt
|-unboost|p1a: Hawlucha|def|1
|-unboost|p1a: Hawlucha|spd|1
|faint|p2a: Rotom
|
|upkeep
|
|t:|1759073532
|switch|p2a: Dragonite|Dragonite, F|80/100
|turn|23
|
|t:|1759073537
|switch|p1a: Goodra|Goodra-Hisui, M|82/100 brn
|move|p2a: Dragonite|Earthquake|p1a: Goodra
|-supereffective|p1a: Goodra
|-damage|p1a: Goodra|11/100 brn
|
|-damage|p1a: Goodra|5/100 brn|[from] brn
|upkeep
|turn|24
|
|t:|1759073544
|move|p2a: Dragonite|Roost|p2a: Dragonite
|-heal|p2a: Dragonite|100/100
|-singleturn|p2a: Dragonite|move: Roost
|move|p1a: Goodra|Draco Meteor|p2a: Dragonite
|-supereffective|p2a: Dragonite
|-damage|p2a: Dragonite|46/100
|-unboost|p1a: Goodra|spa|2
|
|-damage|p1a: Goodra|0 fnt|[from] brn
|faint|p1a: Goodra
|upkeep
|
|t:|1759073547
|switch|p1a: Great Tusk|Great Tusk|100/100
|turn|25
|
|t:|1759073554
|move|p1a: Great Tusk|Ice Spinner|p2a: Dragonite
|-supereffective|p2a: Dragonite
|-damage|p2a: Dragonite|0 fnt
|faint|p2a: Dragonite
|
|win|mansonabuluting
|raw|mansonabuluting's rating: 1779 &rarr; <strong>1797</strong><br />(+18 for winning)
|raw|Playing Foul's rating: 1736 &rarr; <strong>1718</strong><br />(-18 for losing)
|l|☆Playing Foul
|player|p2|
|l|☆mansonabuluting
|player|p1|
|l| moodrandom
