|j|☆jumbolino
|j|☆Leandrolele
|t:|1758957394
|gametype|singles
|player|p1|jumbolino|169|1064
|player|p2|Leandrolele|102|1089
|gen|9
|tier|[Gen 9] OU
|rated|
|rule|HP Percentage Mod: HP is shown in percentages
|rule|Endless Battle Clause: Forcing endless battles is banned
|rule|Species Clause: Limit one of each Pokémon
|rule|OHKO Clause: OHKO moves are banned
|rule|Evasion Items Clause: Evasion items are banned
|rule|Evasion Moves Clause: Evasion moves are banned
|rule|Evasion Abilities Clause: Evasion abilities are banned
|rule|Sleep Moves Clause: Sleep-inducing moves are banned
|clearpoke
|poke|p1|Zapdos|
|poke|p1|Magnezone|
|poke|p1|Jolteon, M|
|poke|p1|Rotom-Wash|
|poke|p1|Pawmot, F|
|poke|p1|Golem-Alola, F|
|poke|p2|Dragapult, F|
|poke|p2|Ogerpon-Wellspring, F|
|poke|p2|Zamazenta-*|
|poke|p2|Clefable, F|
|poke|p2|Corviknight, M|
|poke|p2|Ting-Lu|
|teampreview
|inactive|Battle timer is ON: inactive players will automatically lose when time's up. (requested by Leandrolele)
|
|t:|1758957408
|teamsize|p1|6
|teamsize|p2|6
|start
|switch|p1a: Rotom|Rotom-Wash|100/100
|switch|p2a: Dragapult|Dragapult, F|100/100
|turn|1
|
|t:|1758957415
|move|p2a: Dragapult|Draco Meteor|p1a: Rotom
|-damage|p1a: Rotom|18/100
|-unboost|p2a: Dragapult|spa|2
|move|p1a: Rotom|Volt Switch|p2a: Dragapult
|-resisted|p2a: Dragapult
|-damage|p2a: Dragapult|80/100
|
|t:|1758957424
|switch|p1a: Jolteon|Jolteon, M|100/100|[from] Volt Switch
|
|upkeep
|turn|2
|
|t:|1758957436
|switch|p2a: Ting-Lu|Ting-Lu|100/100
|-ability|p2a: Ting-Lu|Vessel of Ruin
|-terastallize|p1a: Jolteon|Fairy
|move|p1a: Jolteon|Alluring Voice|p2a: Ting-Lu
|-supereffective|p2a: Ting-Lu
|-crit|p2a: Ting-Lu
|-damage|p2a: Ting-Lu|61/100
|-damage|p1a: Jolteon|91/100|[from] item: Life Orb
|
|upkeep
|turn|3
|
|t:|1758957447
|switch|p1a: Pawmot|Pawmot, F|100/100
|move|p2a: Ting-Lu|Heavy Slam|p1a: Pawmot
|-resisted|p1a: Pawmot
|-damage|p1a: Pawmot|75/100
|
|upkeep
|turn|4
|
|t:|1758957454
|move|p1a: Pawmot|Close Combat|p2a: Ting-Lu
|-supereffective|p2a: Ting-Lu
|-damage|p2a: Ting-Lu|0 fnt
|-unboost|p1a: Pawmot|def|1
|-unboost|p1a: Pawmot|spd|1
|faint|p2a: Ting-Lu
|
|upkeep
|
|t:|1758957457
|switch|p2a: Dragapult|Dragapult, F|80/100
|turn|5
|
|t:|1758957465
|switch|p1a: Rotom|Rotom-Wash|18/100
|move|p2a: Dragapult|Draco Meteor|p1a: Rotom
|-damage|p1a: Rotom|0 fnt
|-unboost|p2a: Dragapult|spa|2
|faint|p1a: Rotom
|
|upkeep
|
|t:|1758957475
|switch|p1a: Jolteon|Jolteon, M, tera:Fairy|91/100
|turn|6
|
|t:|1758957480
|switch|p2a: Zamazenta|Zamazenta, shiny|100/100
|-ability|p2a: Zamazenta|Dauntless Shield|boost
|-boost|p2a: Zamazenta|def|1
|move|p1a: Jolteon|Alluring Voice|p2a: Zamazenta
|-supereffective|p2a: Zamazenta
|-damage|p2a: Zamazenta|13/100
|-start|p2a: Zamazenta|confusion
|-damage|p1a: Jolteon|81/100|[from] item: Life Orb
|
|upkeep
|turn|7
|
|t:|1758957491
|switch|p1a: Pawmot|Pawmot, F|75/100
|-activate|p2a: Zamazenta|confusion
|-damage|p2a: Zamazenta|4/100|[from] confusion
|
|upkeep
|turn|8
|
|t:|1758957498
|switch|p2a: Dragapult|Dragapult, F|80/100
|move|p1a: Pawmot|Nuzzle|p2a: Dragapult
|-resisted|p2a: Dragapult
|-damage|p2a: Dragapult|73/100
|-status|p2a: Dragapult|par
|
|upkeep
|turn|9
|-message|Leandrolele forfeited.
|
|win|jumbolino
|raw|jumbolino's rating: 1064 &rarr; <strong>1097</strong><br />(+33 for winning)
|raw|Leandrolele's rating: 1089 &rarr; <strong>1064</strong><br />(-25 for losing)
|l|☆Leandrolele
|player|p2|
|l|☆jumbolino
|player|p1|
