|j|☆zukf
|j|☆lss070696
|t:|1759071750
|gametype|singles
|player|p1|zukf|red|1120
|player|p2|lss070696|102|1109
|gen|9
|tier|[Gen 9] OU
|rated|
|rule|HP Percentage Mod: HP is shown in percentages
|rule|Endless Battle Clause: Forcing endless battles is banned
|rule|Species Clause: Limit one of each Pokémon
|rule|OHKO Clause: OHKO moves are banned
|rule|Evasion Items Clause: Evasion items are banned
|rule|Evasion Moves Clause: Evasion moves are banned
|rule|Evasion Abilities Clause: Evasion abilities are banned
|rule|Sleep Moves Clause: Sleep-inducing moves are banned
|clearpoke
|poke|p1|Weavile, F|
|poke|p1|Garchomp, M|
|poke|p1|Latios, M|
|poke|p1|Phione|
|poke|p1|Rotom|
|poke|p1|Metagross|
|poke|p2|Gliscor, F|
|poke|p2|Bisharp, F|
|poke|p2|Gholdengo|
|poke|p2|Iron Moth|
|poke|p2|Salamence, M|
|poke|p2|Barraskewda, F|
|teampreview
|inactive|Battle timer is ON: inactive players will automatically lose when time's up. (requested by lss070696)
|
|t:|1759071761
|teamsize|p1|6
|teamsize|p2|6
|start
|switch|p1a: zzip zzzap|Rotom, shiny|100/100
|switch|p2a: Bisharp|Bisharp, F|100/100
|turn|1
|
|t:|1759071779
|move|p1a: zzip zzzap|Will-O-Wisp|p2a: Bisharp
|-status|p2a: Bisharp|brn
|move|p2a: Bisharp|Thunder Wave|p1a: zzip zzzap
|-immune|p1a: zzip zzzap
|
|-damage|p2a: Bisharp|95/100 brn|[from] brn
|upkeep
|turn|2
|
|t:|1759071790
|move|p2a: Bisharp|Sucker Punch|p1a: zzip zzzap
|-supereffective|p1a: zzip zzzap
|-damage|p1a: zzip zzzap|52/100
|move|p1a: zzip zzzap|Thunderbolt|p2a: Bisharp
|-damage|p2a: Bisharp|59/100 brn
|
|-damage|p2a: Bisharp|53/100 brn|[from] brn
|upkeep
|turn|3
|
|t:|1759071801
|move|p1a: zzip zzzap|Volt Switch|p2a: Bisharp
|-damage|p2a: Bisharp|25/100 brn
|
|t:|1759071807
|switch|p1a: MEtal|Metagross, shiny|100/100|[from] Volt Switch
|move|p2a: Bisharp|Thunder Wave|p1a: MEtal
|-status|p1a: MEtal|par
|
|-damage|p2a: Bisharp|19/100 brn|[from] brn
|upkeep
|turn|4
|
|t:|1759071817
|cant|p1a: MEtal|par
|move|p2a: Bisharp|Reversal|p1a: MEtal
|-damage|p1a: MEtal|90/100 par
|
|-damage|p2a: Bisharp|13/100 brn|[from] brn
|upkeep
|turn|5
|
|t:|1759071828
|move|p2a: Bisharp|Sucker Punch|p1a: MEtal
|-supereffective|p1a: MEtal
|-damage|p1a: MEtal|68/100 par
|move|p1a: MEtal|Bullet Punch|p2a: Bisharp
|-resisted|p2a: Bisharp
|-damage|p2a: Bisharp|4/100 brn
|
|-damage|p2a: Bisharp|0 fnt|[from] brn
|faint|p2a: Bisharp
|upkeep
|
|t:|1759071843
|switch|p2a: Gliscor|Gliscor, F|100/100
|turn|6
|
|t:|1759071848
|move|p2a: Gliscor|Agility|p2a: Gliscor
|-boost|p2a: Gliscor|spe|2
|move|p1a: MEtal|Meteor Mash|p2a: Gliscor
|-damage|p2a: Gliscor|62/100
|
|upkeep
|turn|7
|
|t:|1759071856
|move|p2a: Gliscor|Earthquake|p1a: MEtal
|-supereffective|p1a: MEtal
|-damage|p1a: MEtal|0 fnt
|faint|p1a: MEtal
|
|upkeep
|
|t:|1759071860
|switch|p1a: candy|Weavile, F, shiny|100/100
|turn|8
|
|t:|1759071873
|-terastallize|p2a: Gliscor|Water
|move|p1a: candy|Fake Out|p2a: Gliscor
|-damage|p2a: Gliscor|48/100
|-damage|p1a: candy|91/100|[from] item: Life Orb
|cant|p2a: Gliscor|flinch
|
|upkeep
|turn|9
|
|t:|1759071881
|move|p2a: Gliscor|Crabhammer|p1a: candy
|-damage|p1a: candy|18/100
|move|p1a: candy|Knock Off|p2a: Gliscor
|-damage|p2a: Gliscor|0 fnt
|-enditem|p2a: Gliscor|Mirror Herb|[from] move: Knock Off|[of] p1a: candy
|faint|p2a: Gliscor
|-damage|p1a: candy|8/100|[from] item: Life Orb
|
|upkeep
|
|t:|1759071892
|switch|p2a: Iron Moth|Iron Moth|100/100
|turn|10
|
|t:|1759071897
|move|p1a: candy|Knock Off|p2a: Iron Moth
|-damage|p2a: Iron Moth|0 fnt
|-enditem|p2a: Iron Moth|Power Herb|[from] move: Knock Off|[of] p1a: candy
|faint|p2a: Iron Moth
|-end|p2a: Iron Moth|Quark Drive|[silent]
|-damage|p1a: candy|0 fnt|[from] item: Life Orb
|faint|p1a: candy
|
|upkeep
|
|t:|1759071909
|switch|p1a: zzip zzzap|Rotom, shiny|52/100
|switch|p2a: Barraskewda|Barraskewda, F|100/100
|turn|11
|
|t:|1759071915
|move|p2a: Barraskewda|Flip Turn|p1a: zzip zzzap
|-damage|p1a: zzip zzzap|0 fnt
|faint|p1a: zzip zzzap
|
|t:|1759071922
|switch|p2a: Salamence|Salamence, M|100/100|[from] Flip Turn
|
|upkeep
|
|t:|1759071926
|switch|p1a: mint|Latios, M, shiny|100/100
|turn|12
|
|t:|1759071930
|move|p1a: mint|Draco Meteor|p2a: Salamence
|-supereffective|p2a: Salamence
|-damage|p2a: Salamence|0 fnt
|-unboost|p1a: mint|spa|2
|faint|p2a: Salamence
|-enditem|p1a: mint|White Herb
|-clearnegativeboost|p1a: mint|[silent]
|
|upkeep
|
|t:|1759071938
|switch|p2a: Barraskewda|Barraskewda, F|100/100
|turn|13
|
|t:|1759071943
|move|p2a: Barraskewda|Flip Turn|p1a: mint
|-resisted|p1a: mint
|-damage|p1a: mint|68/100
|
|t:|1759071946
|switch|p2a: Gholdengo|Gholdengo|100/100|[from] Flip Turn
|move|p1a: mint|Draco Meteor|p2a: Gholdengo
|-resisted|p2a: Gholdengo
|-damage|p2a: Gholdengo|59/100
|-unboost|p1a: mint|spa|2
|
|upkeep
|turn|14
|
|t:|1759071957
|switch|p1a: grey shark|Garchomp, M, shiny|100/100
|move|p2a: Gholdengo|Shadow Ball|p1a: grey shark
|-damage|p1a: grey shark|46/100
|
|upkeep
|turn|15
|
|t:|1759071965
|move|p2a: Gholdengo|Shadow Ball|p1a: grey shark
|-damage|p1a: grey shark|0 fnt
|faint|p1a: grey shark
|
|upkeep
|
|t:|1759071972
|switch|p1a: Blueberry|Phione, shiny|100/100
|turn|16
|
|t:|1759071975
|switch|p2a: Barraskewda|Barraskewda, F|100/100
|move|p1a: Blueberry|Take Heart|p1a: Blueberry
|-boost|p1a: Blueberry|spa|1
|-boost|p1a: Blueberry|spd|1
|
|upkeep
|turn|17
|
|t:|1759071984
|move|p2a: Barraskewda|Close Combat|p1a: Blueberry
|-damage|p1a: Blueberry|22/100
|-unboost|p2a: Barraskewda|def|1
|-unboost|p2a: Barraskewda|spd|1
|move|p1a: Blueberry|Alluring Voice|p2a: Barraskewda
|-damage|p2a: Barraskewda|6/100
|-enditem|p1a: Blueberry|Throat Spray
|-boost|p1a: Blueberry|spa|1|[from] item: Throat Spray
|
|upkeep
|turn|18
|
|t:|1759071993
|move|p2a: Barraskewda|Close Combat|p1a: Blueberry
|-damage|p1a: Blueberry|0 fnt
|-unboost|p2a: Barraskewda|def|1
|-unboost|p2a: Barraskewda|spd|1
|faint|p1a: Blueberry
|
|upkeep
|
|t:|1759071999
|switch|p1a: mint|Latios, M, shiny|68/100
|turn|19
|
|t:|1759072003
|move|p2a: Barraskewda|Close Combat|p1a: mint
|-resisted|p1a: mint
|-damage|p1a: mint|28/100
|-unboost|p2a: Barraskewda|def|1
|-unboost|p2a: Barraskewda|spd|1
|move|p1a: mint|Luster Purge|p2a: Barraskewda
|-damage|p2a: Barraskewda|0 fnt
|faint|p2a: Barraskewda
|
|upkeep
|
|t:|1759072012
|switch|p2a: Gholdengo|Gholdengo|59/100
|turn|20
|
|t:|1759072017
|-terastallize|p1a: mint|Dragon
|move|p2a: Gholdengo|Shadow Ball|p1a: mint
|-crit|p1a: mint
|-damage|p1a: mint|0 fnt
|faint|p1a: mint
|
|win|lss070696
|raw|zukf's rating: 1120 &rarr; <strong>1094</strong><br />(-26 for losing)
|raw|lss070696's rating: 1109 &rarr; <strong>1135</strong><br />(+26 for winning)
|l|☆zukf
|player|p1|
|c|☆lss070696|Gg
|l|☆lss070696
|player|p2|
