|j|‽fukonhacousin
|j|☆GhostDumbDumb
|t:|1759077931
|gametype|singles
|player|p1|fukonhacousin|265|1382
|player|p2|GhostDumbDumb|unknown|1311
|gen|9
|tier|[Gen 9] OU
|rated|
|rule|HP Percentage Mod: HP is shown in percentages
|rule|Endless Battle Clause: Forcing endless battles is banned
|rule|Species Clause: Limit one of each Pokémon
|rule|OHKO Clause: OHKO moves are banned
|rule|Evasion Items Clause: Evasion items are banned
|rule|Evasion Moves Clause: Evasion moves are banned
|rule|Evasion Abilities Clause: Evasion abilities are banned
|rule|Sleep Moves Clause: Sleep-inducing moves are banned
|clearpoke
|poke|p1|Slowking-Galar, M|
|poke|p1|Tornadus-Therian, M|
|poke|p1|Landorus-Therian, M|
|poke|p1|Dragonite, M|
|poke|p1|Cinderace, F|
|poke|p1|Kyurem|
|poke|p2|Reuniclus, M|
|poke|p2|Zoroark, M|
|poke|p2|Appletun, F|
|poke|p2|Pincurchin, F|
|poke|p2|Alcremie, F|
|poke|p2|Ambipom, F|
|teampreview
|inactive|Battle timer is ON: inactive players will automatically lose when time's up. (requested by fukonhacousin)
|
|t:|1759077945
|teamsize|p1|6
|teamsize|p2|6
|start
|switch|p1a: Landorus|Landorus-Therian, M|100/100
|switch|p2a: Typhlosions Lawyer|Ambipom, F, shiny|100/100
|-ability|p1a: Landorus|Intimidate|boost
|-unboost|p2a: Typhlosions Lawyer|atk|1
|turn|1
|
|t:|1759077959
|move|p2a: Typhlosions Lawyer|Triple Axel|p1a: Landorus
|-supereffective|p1a: Landorus
|-damage|p1a: Landorus|79/100
|-damage|p2a: Typhlosions Lawyer|84/100|[from] item: Rocky Helmet|[of] p1a: Landorus
|-hitcount|p1a: Landorus|1
|move|p1a: Landorus|Stealth Rock|p2a: Typhlosions Lawyer
|-sidestart|p2: GhostDumbDumb|move: Stealth Rock
|
|upkeep
|turn|2
|
|t:|1759077981
|switch|p1a: Cinderace|Cinderace, F|100/100
|move|p2a: Typhlosions Lawyer|Triple Axel|p1a: Cinderace
|-resisted|p1a: Cinderace
|-damage|p1a: Cinderace|97/100
|-resisted|p1a: Cinderace
|-damage|p1a: Cinderace|90/100
|-resisted|p1a: Cinderace
|-damage|p1a: Cinderace|79/100
|-hitcount|p1a: Cinderace|3
|
|upkeep
|turn|3
|
|t:|1759078008
|switch|p2a: Smiff|Pincurchin, F, shiny|100/100
|-damage|p2a: Smiff|88/100|[from] Stealth Rock
|-fieldstart|move: Electric Terrain|[from] ability: Electric Surge|[of] p2a: Smiff
|move|p1a: Cinderace|Will-O-Wisp|p2a: Smiff
|-status|p2a: Smiff|brn
|
|-damage|p2a: Smiff|82/100 brn|[from] brn
|upkeep
|turn|4
|inactive|GhostDumbDumb has 120 seconds left.
|
|t:|1759078023
|move|p1a: Cinderace|U-turn|p2a: Smiff
|-start|p1a: Cinderace|typechange|Bug|[from] ability: Libero
|-damage|p2a: Smiff|50/100 brn
|
|t:|1759078027
|switch|p1a: Landorus|Landorus-Therian, M|79/100|[from] U-turn
|-ability|p1a: Landorus|Intimidate|boost
|-unboost|p2a: Smiff|atk|1
|move|p2a: Smiff|Thunder Wave|p1a: Landorus
|-immune|p1a: Landorus
|
|-damage|p2a: Smiff|44/100 brn|[from] brn
|upkeep
|turn|5
|
|t:|1759078041
|move|p1a: Landorus|Earthquake|p2a: Smiff
|-supereffective|p2a: Smiff
|-damage|p2a: Smiff|0 fnt
|faint|p2a: Smiff
|
|upkeep
|inactive|GhostDumbDumb has 120 seconds left.
|
|t:|1759078053
|switch|p2a: Typhlosions Lawyer|Ambipom, F, shiny|84/100
|-damage|p2a: Typhlosions Lawyer|72/100|[from] Stealth Rock
|-enditem|p2a: Typhlosions Lawyer|Electric Seed
|-boost|p2a: Typhlosions Lawyer|def|1|[from] item: Electric Seed
|turn|6
|
|t:|1759078071
|switch|p1a: Cinderace|Cinderace, F|79/100
|move|p2a: Typhlosions Lawyer|Triple Axel|p1a: Cinderace
|-resisted|p1a: Cinderace
|-damage|p1a: Cinderace|74/100
|-resisted|p1a: Cinderace
|-damage|p1a: Cinderace|64/100
|-resisted|p1a: Cinderace
|-crit|p1a: Cinderace
|-damage|p1a: Cinderace|40/100
|-hitcount|p1a: Cinderace|3
|
|upkeep
|turn|7
|
|t:|1759078083
|move|p1a: Cinderace|Will-O-Wisp|p2a: Typhlosions Lawyer
|-status|p2a: Typhlosions Lawyer|brn
|move|p2a: Typhlosions Lawyer|Covet|p1a: Cinderace
|-damage|p1a: Cinderace|17/100
|-item|p2a: Typhlosions Lawyer|Heavy-Duty Boots|[from] move: Covet|[of] p1a: Cinderace
|
|-damage|p2a: Typhlosions Lawyer|65/100 brn|[from] brn
|upkeep
|turn|8
|
|t:|1759078096
|move|p1a: Cinderace|Pyro Ball|p2a: Typhlosions Lawyer
|-damage|p2a: Typhlosions Lawyer|14/100 brn
|move|p2a: Typhlosions Lawyer|Covet|p1a: Cinderace
|-damage|p1a: Cinderace|0 fnt
|faint|p1a: Cinderace
|
|-damage|p2a: Typhlosions Lawyer|8/100 brn|[from] brn
|upkeep
|
|t:|1759078102
|switch|p1a: Dragonite|Dragonite, M|100/100
|turn|9
|
|t:|1759078109
|move|p1a: Dragonite|Extreme Speed|p2a: Typhlosions Lawyer
|-damage|p2a: Typhlosions Lawyer|0 fnt
|faint|p2a: Typhlosions Lawyer
|
|upkeep
|
|t:|1759078115
|switch|p2a: Phub Catergory|Alcremie, F, shiny|100/100
|-damage|p2a: Phub Catergory|88/100|[from] Stealth Rock
|-enditem|p2a: Phub Catergory|Electric Seed
|-boost|p2a: Phub Catergory|def|1|[from] item: Electric Seed
|turn|10
|
|t:|1759078130
|switch|p1a: Slowking|Slowking-Galar, M|100/100
|move|p2a: Phub Catergory|Thief|p1a: Slowking
|-supereffective|p1a: Slowking
|-damage|p1a: Slowking|44/100
|-enditem|p1a: Slowking|Leftovers|[silent]|[from] move: Thief|[of] p2a: Phub Catergory
|-item|p2a: Phub Catergory|Leftovers|[from] move: Thief|[of] p1a: Slowking
|
|-heal|p2a: Phub Catergory|94/100|[from] item: Leftovers
|-fieldend|move: Electric Terrain
|upkeep
|turn|11
|
|t:|1759078144
|switch|p1a: Landorus|Landorus-Therian, M|79/100
|-ability|p1a: Landorus|Intimidate|boost
|-unboost|p2a: Phub Catergory|atk|1
|move|p2a: Phub Catergory|Thief|p1a: Landorus
|-damage|p1a: Landorus|62/100
|-damage|p2a: Phub Catergory|78/100|[from] item: Rocky Helmet|[of] p1a: Landorus
|
|-heal|p2a: Phub Catergory|84/100|[from] item: Leftovers
|upkeep
|turn|12
|
|t:|1759078158
|switch|p2a: Smiff Jr.|Appletun, F, shiny|100/100
|-damage|p2a: Smiff Jr.|88/100|[from] Stealth Rock
|move|p1a: Landorus|Earthquake|p2a: Smiff Jr.
|-resisted|p2a: Smiff Jr.
|-damage|p2a: Smiff Jr.|64/100
|
|-heal|p2a: Smiff Jr.|70/100|[from] item: Leftovers
|upkeep
|turn|13
|
|t:|1759078168
|move|p1a: Landorus|Taunt|p2a: Smiff Jr.
|-start|p2a: Smiff Jr.|move: Taunt
|cant|p2a: Smiff Jr.|move: Taunt|Amnesia
|
|-heal|p2a: Smiff Jr.|76/100|[from] item: Leftovers
|upkeep
|turn|14
|
|t:|1759078178
|move|p1a: Landorus|U-turn|p2a: Smiff Jr.
|-supereffective|p2a: Smiff Jr.
|-damage|p2a: Smiff Jr.|31/100
|
|t:|1759078184
|switch|p1a: Tornadus|Tornadus-Therian, M|100/100|[from] U-turn
|move|p2a: Smiff Jr.|Apple Acid|p1a: Tornadus
|-resisted|p1a: Tornadus
|-damage|p1a: Tornadus|87/100
|-unboost|p1a: Tornadus|spd|1
|
|-heal|p2a: Smiff Jr.|38/100|[from] item: Leftovers
|upkeep
|turn|15
|
|t:|1759078193
|move|p1a: Tornadus|Knock Off|p2a: Smiff Jr.
|-damage|p2a: Smiff Jr.|19/100
|-enditem|p2a: Smiff Jr.|Leftovers|[from] move: Knock Off|[of] p1a: Tornadus
|move|p2a: Smiff Jr.|Apple Acid|p1a: Tornadus
|-resisted|p1a: Tornadus
|-damage|p1a: Tornadus|65/100
|-unboost|p1a: Tornadus|spd|1
|
|-end|p2a: Smiff Jr.|move: Taunt
|upkeep
|turn|16
|
|t:|1759078202
|move|p1a: Tornadus|Bleakwind Storm|p2a: Smiff Jr.|[miss]
|-miss|p1a: Tornadus|p2a: Smiff Jr.
|move|p2a: Smiff Jr.|Apple Acid|p1a: Tornadus
|-resisted|p1a: Tornadus
|-damage|p1a: Tornadus|38/100
|-unboost|p1a: Tornadus|spd|1
|
|upkeep
|turn|17
|
|t:|1759078211
|move|p1a: Tornadus|Bleakwind Storm|p2a: Smiff Jr.
|-supereffective|p2a: Smiff Jr.
|-damage|p2a: Smiff Jr.|0 fnt
|faint|p2a: Smiff Jr.
|
|upkeep
|inactive|GhostDumbDumb has 120 seconds left.
|
|t:|1759078246
|switch|p2a: Wait... Don't!!!|Reuniclus, M, shiny|100/100
|turn|18
|
|t:|1759078254
|move|p1a: Tornadus|U-turn|p2a: Wait... Don't!!!
|-supereffective|p2a: Wait... Don't!!!
|-damage|p2a: Wait... Don't!!!|69/100
|
|t:|1759078270
|switch|p1a: Slowking|Slowking-Galar, M|77/100|[from] U-turn
|move|p2a: Wait... Don't!!!|Calm Mind|p2a: Wait... Don't!!!
|-boost|p2a: Wait... Don't!!!|spa|1
|-boost|p2a: Wait... Don't!!!|spd|1
|
|-heal|p2a: Wait... Don't!!!|75/100|[from] item: Leftovers
|upkeep
|turn|19
|
|t:|1759078280
|move|p2a: Wait... Don't!!!|Acid Armor|p2a: Wait... Don't!!!
|-boost|p2a: Wait... Don't!!!|def|2
|move|p1a: Slowking|Thunder Wave|p2a: Wait... Don't!!!
|-status|p2a: Wait... Don't!!!|par
|
|-heal|p2a: Wait... Don't!!!|82/100 par|[from] item: Leftovers
|upkeep
|turn|20
|
|t:|1759078290
|-prepare|p1a: Slowking|Chilly Reception|[premajor]
|move|p1a: Slowking|Chilly Reception|p1a: Slowking
|-weather|Snowscape
|
|t:|1759078294
|switch|p1a: Kyurem|Kyurem|100/100|[from] Chilly Reception
|-ability|p1a: Kyurem|Pressure
|cant|p2a: Wait... Don't!!!|par
|
|-weather|Snowscape|[upkeep]
|-heal|p2a: Wait... Don't!!!|88/100 par|[from] item: Leftovers
|upkeep
|turn|21
|
|t:|1759078304
|move|p1a: Kyurem|Blizzard|p2a: Wait... Don't!!!
|-damage|p2a: Wait... Don't!!!|64/100 par
|cant|p2a: Wait... Don't!!!|par
|
|-weather|Snowscape|[upkeep]
|-heal|p2a: Wait... Don't!!!|70/100 par|[from] item: Leftovers
|upkeep
|turn|22
|
|t:|1759078321
|switch|p1a: Tornadus|Tornadus-Therian, M|71/100
|move|p2a: Wait... Don't!!!|Calm Mind|p2a: Wait... Don't!!!
|-boost|p2a: Wait... Don't!!!|spa|1
|-boost|p2a: Wait... Don't!!!|spd|1
|
|-weather|Snowscape|[upkeep]
|-heal|p2a: Wait... Don't!!!|76/100 par|[from] item: Leftovers
|upkeep
|turn|23
|
|t:|1759078341
|move|p1a: Tornadus|Knock Off|p2a: Wait... Don't!!!
|-supereffective|p2a: Wait... Don't!!!
|-damage|p2a: Wait... Don't!!!|57/100 par
|-enditem|p2a: Wait... Don't!!!|Leftovers|[from] move: Knock Off|[of] p1a: Tornadus
|cant|p2a: Wait... Don't!!!|par
|
|-weather|Snowscape|[upkeep]
|upkeep
|turn|24
|inactive|fukonhacousin has 120 seconds left.
|inactive|fukonhacousin has 90 seconds left.
|
|t:|1759078409
|move|p1a: Tornadus|Bleakwind Storm|p2a: Wait... Don't!!!
|-damage|p2a: Wait... Don't!!!|40/100 par
|move|p2a: Wait... Don't!!!|Recover|p2a: Wait... Don't!!!
|-heal|p2a: Wait... Don't!!!|90/100 par
|
|-weather|none
|upkeep
|turn|25
|inactive|fukonhacousin has 90 seconds left.
|
|t:|1759078417
|move|p1a: Tornadus|U-turn|p2a: Wait... Don't!!!
|-supereffective|p2a: Wait... Don't!!!
|-damage|p2a: Wait... Don't!!!|76/100 par
|inactive|fukonhacousin has 90 seconds left.
|
|t:|1759078423
|switch|p1a: Dragonite|Dragonite, M|100/100|[from] U-turn
|move|p2a: Wait... Don't!!!|Calm Mind|p2a: Wait... Don't!!!
|-boost|p2a: Wait... Don't!!!|spa|1
|-boost|p2a: Wait... Don't!!!|spd|1
|
|upkeep
|turn|26
|
|t:|1759078430
|move|p1a: Dragonite|Dragon Dance|p1a: Dragonite
|-boost|p1a: Dragonite|atk|1
|-boost|p1a: Dragonite|spe|1
|move|p2a: Wait... Don't!!!|Stored Power|p1a: Dragonite
|-damage|p1a: Dragonite|1/100
|
|upkeep
|turn|27
|
|t:|1759078448
|move|p1a: Dragonite|Earthquake|p2a: Wait... Don't!!!
|-damage|p2a: Wait... Don't!!!|48/100 par
|cant|p2a: Wait... Don't!!!|par
|
|upkeep
|turn|28
|
|t:|1759078456
|move|p1a: Dragonite|Dragon Dance|p1a: Dragonite
|-boost|p1a: Dragonite|atk|1
|-boost|p1a: Dragonite|spe|1
|move|p2a: Wait... Don't!!!|Recover|p2a: Wait... Don't!!!
|-heal|p2a: Wait... Don't!!!|98/100 par
|
|upkeep
|turn|29
|
|t:|1759078469
|move|p1a: Dragonite|Earthquake|p2a: Wait... Don't!!!
|-damage|p2a: Wait... Don't!!!|56/100 par
|move|p2a: Wait... Don't!!!|Stored Power|p1a: Dragonite
|-damage|p1a: Dragonite|0 fnt
|faint|p1a: Dragonite
|
|upkeep
|
|t:|1759078483
|switch|p1a: Landorus|Landorus-Therian, M|62/100
|-ability|p1a: Landorus|Intimidate|boost
|-unboost|p2a: Wait... Don't!!!|atk|1
|turn|30
|
|t:|1759078488
|move|p1a: Landorus|Taunt|p2a: Wait... Don't!!!
|-start|p2a: Wait... Don't!!!|move: Taunt
|move|p2a: Wait... Don't!!!|Stored Power|p1a: Landorus
|-damage|p1a: Landorus|0 fnt
|faint|p1a: Landorus
|
|upkeep
|
|t:|1759078499
|switch|p1a: Slowking|Slowking-Galar, M|100/100
|turn|31
|
|t:|1759078503
|move|p1a: Slowking|Sludge Bomb|p2a: Wait... Don't!!!
|-damage|p2a: Wait... Don't!!!|47/100 par
|cant|p2a: Wait... Don't!!!|par
|
|upkeep
|turn|32
|
|t:|1759078508
|move|p1a: Slowking|Sludge Bomb|p2a: Wait... Don't!!!
|-damage|p2a: Wait... Don't!!!|38/100 par
|move|p2a: Wait... Don't!!!|Stored Power|p1a: Slowking
|-damage|p1a: Slowking|0 fnt
|faint|p1a: Slowking
|
|-end|p2a: Wait... Don't!!!|move: Taunt
|upkeep
|
|t:|1759078511
|switch|p1a: Kyurem|Kyurem|100/100
|-ability|p1a: Kyurem|Pressure
|turn|33
|
|t:|1759078520
|move|p1a: Kyurem|Freeze-Dry|p2a: Wait... Don't!!!
|-damage|p2a: Wait... Don't!!!|29/100 par
|move|p2a: Wait... Don't!!!|Recover|p2a: Wait... Don't!!!
|-heal|p2a: Wait... Don't!!!|79/100 par
|
|upkeep
|turn|34
|
|t:|1759078526
|move|p1a: Kyurem|Draco Meteor|p2a: Wait... Don't!!!
|-damage|p2a: Wait... Don't!!!|61/100 par
|-unboost|p1a: Kyurem|spa|2
|cant|p2a: Wait... Don't!!!|par
|
|upkeep
|turn|35
|
|t:|1759078532
|move|p1a: Kyurem|Draco Meteor|p2a: Wait... Don't!!!|[miss]
|-miss|p1a: Kyurem|p2a: Wait... Don't!!!
|cant|p2a: Wait... Don't!!!|par
|
|upkeep
|turn|36
|
|t:|1759078538
|move|p1a: Kyurem|Draco Meteor|p2a: Wait... Don't!!!
|-damage|p2a: Wait... Don't!!!|51/100 par
|-unboost|p1a: Kyurem|spa|2
|move|p2a: Wait... Don't!!!|Stored Power|p1a: Kyurem
|-damage|p1a: Kyurem|0 fnt
|faint|p1a: Kyurem
|
|upkeep
|
|t:|1759078542
|switch|p1a: Tornadus|Tornadus-Therian, M|100/100
|turn|37
|
|t:|1759078554
|move|p1a: Tornadus|Bleakwind Storm|p2a: Wait... Don't!!!
|-damage|p2a: Wait... Don't!!!|39/100 par
|move|p2a: Wait... Don't!!!|Stored Power|p1a: Tornadus
|-damage|p1a: Tornadus|0 fnt
|faint|p1a: Tornadus
|
|win|GhostDumbDumb
|raw|fukonhacousin's rating: 1382 &rarr; <strong>1358</strong><br />(-24 for losing)
|raw|GhostDumbDumb's rating: 1311 &rarr; <strong>1335</strong><br />(+24 for winning)
|l|‽fukonhacousin
|player|p1|
|l|☆GhostDumbDumb
|player|p2|
