|j|☆AheQ647
|j|☆Crocodile E
|t:|1758947765
|gametype|singles
|player|p1|AheQ647|170|1374
|player|p2|Crocodile E|depotagent|1392
|gen|9
|tier|[Gen 9] OU
|rated|
|rule|HP Percentage Mod: HP is shown in percentages
|rule|Endless Battle Clause: Forcing endless battles is banned
|rule|Species Clause: Limit one of each Pokémon
|rule|OHKO Clause: OHKO moves are banned
|rule|Evasion Items Clause: Evasion items are banned
|rule|Evasion Moves Clause: Evasion moves are banned
|rule|Evasion Abilities Clause: Evasion abilities are banned
|rule|Sleep Moves Clause: Sleep-inducing moves are banned
|clearpoke
|poke|p1|Zarude|
|poke|p1|Zamazenta-*|
|poke|p1|Glimmora, F|
|poke|p1|Landorus-Therian, M|
|poke|p1|Goodra-Hisui, M|
|poke|p1|Weezing-Galar, M|
|poke|p2|Samurott-Hisui, M|
|poke|p2|Dragapult, M|
|poke|p2|Gholdengo|
|poke|p2|Moltres|
|poke|p2|Scizor, F|
|poke|p2|Ogerpon-Wellspring, F|
|teampreview
|
|t:|1758947773
|teamsize|p1|6
|teamsize|p2|6
|start
|switch|p1a: Glimmora|Glimmora, F|100/100
|switch|p2a: Scizor|Scizor, F|100/100
|turn|1
|
|t:|1758947785
|switch|p2a: Gholdengo|Gholdengo|100/100
|-item|p2a: Gholdengo|Air Balloon
|-terastallize|p1a: Glimmora|Flying
|move|p1a: Glimmora|Toxic|p2a: Gholdengo
|-immune|p2a: Gholdengo|[from] ability: Good as Gold
|
|upkeep
|turn|2
|
|t:|1758947792
|switch|p1a: Goodra|Goodra-Hisui, M|100/100
|move|p2a: Gholdengo|Thunder Wave|p1a: Goodra
|-status|p1a: Goodra|par
|
|upkeep
|turn|3
|
|t:|1758947798
|switch|p2a: Scizor|Scizor, F|100/100
|move|p1a: Goodra|Knock Off|p2a: Scizor
|-damage|p2a: Scizor|78/100
|-enditem|p2a: Scizor|Choice Band|[from] move: Knock Off|[of] p1a: Goodra
|
|upkeep
|turn|4
|
|t:|1758947805
|switch|p2a: Dragapult|Dragapult, M|100/100
|switch|p1a: Landorus|Landorus-Therian, M|100/100
|-ability|p1a: Landorus|Intimidate|boost
|-unboost|p2a: Dragapult|atk|1
|
|upkeep
|turn|5
|
|t:|1758947807
|move|p1a: Landorus|U-turn|p2a: Dragapult
|-resisted|p2a: Dragapult
|-damage|p2a: Dragapult|83/100
|
|t:|1758947812
|switch|p1a: Goodra|Goodra-Hisui, M|100/100 par|[from] U-turn
|move|p2a: Dragapult|Draco Meteor|p1a: Goodra
|-damage|p1a: Goodra|72/100 par
|-unboost|p2a: Dragapult|spa|2
|
|upkeep
|turn|6
|
|t:|1758947818
|switch|p2a: Scizor|Scizor, F|78/100
|move|p1a: Goodra|Dragon Tail|p2a: Scizor
|-resisted|p2a: Scizor
|-damage|p2a: Scizor|67/100
|drag|p2a: Dragapult|Dragapult, M|83/100
|
|upkeep
|turn|7
|
|t:|1758947825
|move|p2a: Dragapult|U-turn|p1a: Goodra
|-resisted|p1a: Goodra
|-damage|p1a: Goodra|64/100 par
|
|t:|1758947828
|switch|p2a: Moltres|Moltres|100/100|[from] U-turn
|move|p1a: Goodra|Dragon Tail|p2a: Moltres
|-damage|p2a: Moltres|86/100
|drag|p2a: Scizor|Scizor, F|67/100
|
|upkeep
|turn|8
|
|t:|1758947833
|switch|p1a: Landorus|Landorus-Therian, M|100/100
|-ability|p1a: Landorus|Intimidate|boost
|-unboost|p2a: Scizor|atk|1
|move|p2a: Scizor|Close Combat|p1a: Landorus
|-resisted|p1a: Landorus
|-damage|p1a: Landorus|83/100
|-unboost|p2a: Scizor|def|1
|-unboost|p2a: Scizor|spd|1
|
|upkeep
|turn|9
|
|t:|1758947837
|switch|p2a: Moltres|Moltres|86/100
|move|p1a: Landorus|U-turn|p2a: Moltres
|-resisted|p2a: Moltres
|-damage|p2a: Moltres|82/100
|-status|p1a: Landorus|brn|[from] ability: Flame Body|[of] p2a: Moltres
|
|t:|1758947842
|switch|p1a: Glimmora|Glimmora, F, tera:Flying|100/100|[from] U-turn
|
|upkeep
|turn|10
|
|t:|1758947847
|switch|p2a: Gholdengo|Gholdengo|100/100
|-item|p2a: Gholdengo|Air Balloon
|move|p1a: Glimmora|Toxic|p2a: Gholdengo
|-immune|p2a: Gholdengo|[from] ability: Good as Gold
|
|upkeep
|turn|11
|
|t:|1758947851
|move|p2a: Gholdengo|Thunder Wave|p1a: Glimmora
|-status|p1a: Glimmora|par
|move|p1a: Glimmora|Stealth Rock|p2a: Gholdengo
|-sidestart|p2: Crocodile E|move: Stealth Rock
|
|upkeep
|turn|12
|
|t:|1758947856
|switch|p1a: Goodra|Goodra-Hisui, M|64/100 par
|move|p2a: Gholdengo|Hex|p1a: Goodra
|-damage|p1a: Goodra|43/100 par
|
|upkeep
|turn|13
|
|t:|1758947859
|move|p2a: Gholdengo|Hex|p1a: Goodra
|-damage|p1a: Goodra|25/100 par
|move|p1a: Goodra|Knock Off|p2a: Gholdengo
|-supereffective|p2a: Gholdengo
|-damage|p2a: Gholdengo|71/100
|-enditem|p2a: Gholdengo|Air Balloon
|
|upkeep
|turn|14
|
|t:|1758947864
|move|p2a: Gholdengo|Hex|p1a: Goodra
|-damage|p1a: Goodra|5/100 par
|move|p1a: Goodra|Dragon Tail|p2a: Gholdengo
|-resisted|p2a: Gholdengo
|-damage|p2a: Gholdengo|65/100
|drag|p2a: Ogerpon|Ogerpon-Wellspring, F|100/100
|-damage|p2a: Ogerpon|88/100|[from] Stealth Rock
|
|upkeep
|turn|15
|
|t:|1758947872
|move|p2a: Ogerpon|Encore|p1a: Goodra
|-start|p1a: Goodra|Encore
|move|p1a: Goodra|Dragon Tail|p2a: Ogerpon
|-damage|p2a: Ogerpon|60/100
|drag|p2a: Moltres|Moltres|82/100
|
|upkeep
|turn|16
|
|t:|1758947878
|move|p2a: Moltres|Flamethrower|p1a: Goodra
|-damage|p1a: Goodra|0 fnt
|faint|p1a: Goodra
|
|upkeep
|
|t:|1758947884
|switch|p1a: Glimmora|Glimmora, F, tera:Flying|100/100 par
|turn|17
|
|t:|1758947890
|switch|p2a: Gholdengo|Gholdengo|65/100
|-damage|p2a: Gholdengo|59/100|[from] Stealth Rock
|cant|p1a: Glimmora|par
|
|upkeep
|turn|18
|
|t:|1758947894
|move|p2a: Gholdengo|Recover|p2a: Gholdengo
|-heal|p2a: Gholdengo|100/100
|cant|p1a: Glimmora|par
|
|upkeep
|turn|19
|
|t:|1758947898
|move|p2a: Gholdengo|Hex|p1a: Glimmora
|-damage|p1a: Glimmora|33/100 par
|move|p1a: Glimmora|Earth Power|p2a: Gholdengo
|-supereffective|p2a: Gholdengo
|-damage|p2a: Gholdengo|45/100
|
|upkeep
|turn|20
|
|t:|1758947905
|switch|p1a: Landorus|Landorus-Therian, M|83/100 brn
|-ability|p1a: Landorus|Intimidate|boost
|-unboost|p2a: Gholdengo|atk|1
|move|p2a: Gholdengo|Hex|p1a: Landorus
|-damage|p1a: Landorus|23/100 brn
|
|-damage|p1a: Landorus|17/100 brn|[from] brn
|upkeep
|turn|21
|
|t:|1758947909
|move|p1a: Landorus|Stone Edge|p2a: Gholdengo
|-resisted|p2a: Gholdengo
|-damage|p2a: Gholdengo|39/100
|move|p2a: Gholdengo|Recover|p2a: Gholdengo
|-heal|p2a: Gholdengo|89/100
|
|-damage|p1a: Landorus|11/100 brn|[from] brn
|upkeep
|turn|22
|
|t:|1758947912
|move|p1a: Landorus|Stone Edge|p2a: Gholdengo
|-resisted|p2a: Gholdengo
|-crit|p2a: Gholdengo
|-damage|p2a: Gholdengo|78/100
|move|p2a: Gholdengo|Hex|p1a: Landorus
|-crit|p1a: Landorus
|-damage|p1a: Landorus|0 fnt
|faint|p1a: Landorus
|
|upkeep
|
|t:|1758947916
|switch|p1a: The King|Zarude|100/100
|turn|23
|
|t:|1758947920
|move|p1a: The King|Knock Off|p2a: Gholdengo
|-supereffective|p2a: Gholdengo
|-damage|p2a: Gholdengo|29/100
|move|p2a: Gholdengo|Thunder Wave|p1a: The King
|-status|p1a: The King|par
|
|upkeep
|turn|24
|
|t:|1758947924
|move|p2a: Gholdengo|Recover|p2a: Gholdengo
|-heal|p2a: Gholdengo|79/100
|cant|p1a: The King|par
|
|upkeep
|turn|25
|
|t:|1758947928
|move|p2a: Gholdengo|Hex|p1a: The King
|-resisted|p1a: The King
|-damage|p1a: The King|77/100 par
|move|p1a: The King|Bulk Up|p1a: The King
|-boost|p1a: The King|atk|1
|-boost|p1a: The King|def|1
|
|-heal|p1a: The King|83/100 par|[from] item: Leftovers
|upkeep
|turn|26
|
|t:|1758947932
|switch|p2a: Moltres|Moltres|82/100
|move|p1a: The King|Trailblaze|p2a: Moltres
|-resisted|p2a: Moltres
|-damage|p2a: Moltres|75/100
|-boost|p1a: The King|spe|1
|
|-heal|p1a: The King|89/100 par|[from] item: Leftovers
|upkeep
|turn|27
|
|t:|1758947935
|move|p2a: Moltres|Hurricane|p1a: The King
|-supereffective|p1a: The King
|-damage|p1a: The King|6/100 par
|move|p1a: The King|Knock Off|p2a: Moltres
|-damage|p2a: Moltres|21/100
|-enditem|p2a: Moltres|Heavy-Duty Boots|[from] move: Knock Off|[of] p1a: The King
|
|-heal|p1a: The King|12/100 par|[from] item: Leftovers
|upkeep
|turn|28
|
|t:|1758947941
|move|p2a: Moltres|Roost|p2a: Moltres
|-heal|p2a: Moltres|71/100
|-singleturn|p2a: Moltres|move: Roost
|move|p1a: The King|Knock Off|p2a: Moltres
|-damage|p2a: Moltres|37/100
|
|-heal|p1a: The King|18/100 par|[from] item: Leftovers
|upkeep
|turn|29
|
|t:|1758947944
|move|p2a: Moltres|U-turn|p1a: The King
|-supereffective|p1a: The King
|-damage|p1a: The King|0 fnt
|faint|p1a: The King
|
|t:|1758947951
|switch|p2a: Gholdengo|Gholdengo|79/100|[from] U-turn
|-damage|p2a: Gholdengo|73/100|[from] Stealth Rock
|
|upkeep
|
|t:|1758947962
|switch|p1a: Zamazenta|Zamazenta|100/100
|-ability|p1a: Zamazenta|Dauntless Shield|boost
|-boost|p1a: Zamazenta|def|1
|turn|30
|
|t:|1758947966
|move|p1a: Zamazenta|Crunch|p2a: Gholdengo
|-supereffective|p2a: Gholdengo
|-damage|p2a: Gholdengo|40/100
|move|p2a: Gholdengo|Thunder Wave|p1a: Zamazenta
|-status|p1a: Zamazenta|par
|
|upkeep
|turn|31
|
|t:|1758947968
|move|p2a: Gholdengo|Recover|p2a: Gholdengo
|-heal|p2a: Gholdengo|90/100
|cant|p1a: Zamazenta|par
|
|upkeep
|turn|32
|
|t:|1758947971
|move|p2a: Gholdengo|Hex|p1a: Zamazenta
|-damage|p1a: Zamazenta|58/100 par
|move|p1a: Zamazenta|Crunch|p2a: Gholdengo
|-supereffective|p2a: Gholdengo
|-damage|p2a: Gholdengo|58/100
|
|-heal|p1a: Zamazenta|64/100 par|[from] item: Leftovers
|upkeep
|turn|33
|-message|AheQ647 forfeited.
|
|win|Crocodile E
|raw|AheQ647's rating: 1374 &rarr; <strong>1355</strong><br />(-19 for losing)
|raw|Crocodile E's rating: 1392 &rarr; <strong>1411</strong><br />(+19 for winning)
|l|☆AheQ647
|player|p1|
|l|☆Crocodile E
|player|p2|
