|badge|p1|silver|gen9ou|30-6
|html|<div class="broadcast-red"><strong>This battle is required to be public due to one or more player having a season medal.</strong><br />During the public phase, you can discuss the state of the ladder <a href="/seasondiscussion">in a special chatroom.</a></div>
|uhtml|medal-msg|<div class="broadcast-blue">Curious what those medals under the avatar are? PS now has Ladder Seasons! For more information, check out the <a href="https://www.smogon.com/forums/threads/3740067/">thread on Smogon.</a></div>
|badge|p2|silver|gen9ou|30-6
|uhtml|medal-msg|<div class="broadcast-blue">Curious what those medals under the avatar are? PS now has Ladder Seasons! For more information, check out the <a href="https://www.smogon.com/forums/threads/3740067/">thread on Smogon.</a></div>
|raw|<div class="broadcast-blue"><strong>This battle is required to be public due to a player having a name starting with 'medal'.</div>
|j|☆LT124YH Ghoul
|j|☆send it to me
|t:|1758997244
|gametype|singles
|player|p1|LT124YH Ghoul|#wcop2024asia|1972
|player|p2|send it to me|musician|1990
|gen|9
|tier|[Gen 9] OU
|rated|
|rule|HP Percentage Mod: HP is shown in percentages
|rule|Endless Battle Clause: Forcing endless battles is banned
|rule|Species Clause: Limit one of each Pokémon
|rule|OHKO Clause: OHKO moves are banned
|rule|Evasion Items Clause: Evasion items are banned
|rule|Evasion Moves Clause: Evasion moves are banned
|rule|Evasion Abilities Clause: Evasion abilities are banned
|rule|Sleep Moves Clause: Sleep-inducing moves are banned
|clearpoke
|poke|p1|Enamorus, F|
|poke|p1|Araquanid, F|
|poke|p1|Gholdengo|
|poke|p1|Iron Valiant|
|poke|p1|Kingambit, F|
|poke|p1|Great Tusk|
|poke|p2|Great Tusk|
|poke|p2|Kingambit, M|
|poke|p2|Slither Wing|
|poke|p2|Tornadus-Therian, M|
|poke|p2|Torkoal, M|
|poke|p2|Walking Wake|
|teampreview
|inactive|Battle timer is ON: inactive players will automatically lose when time's up. (requested by LT124YH Ghoul)
|j| larp legion
|j| tiochicodobos
|j| Rizzofreko
|inactive|LT124YH Ghoul has 120 seconds left.
|
|t:|1758997295
|teamsize|p1|6
|teamsize|p2|6
|start
|switch|p1a: Doc Seismic|Araquanid, F, shiny|100/100
|switch|p2a: Tornadus|Tornadus-Therian, M|100/100
|turn|1
|inactive|LT124YH Ghoul has 120 seconds left.
|
|t:|1758997334
|move|p2a: Tornadus|Bleakwind Storm|p1a: Doc Seismic
|-supereffective|p1a: Doc Seismic
|-damage|p1a: Doc Seismic|33/100
|-unboost|p1a: Doc Seismic|spe|1
|move|p1a: Doc Seismic|Liquidation|p2a: Tornadus
|-damage|p2a: Tornadus|29/100
|
|upkeep
|turn|2
|inactive|LT124YH Ghoul has 120 seconds left.
|
|t:|1758997345
|switch|p1a: Robot|Gholdengo|100/100
|move|p2a: Tornadus|Bleakwind Storm|p1a: Robot
|-resisted|p1a: Robot
|-damage|p1a: Robot|83/100
|
|upkeep
|turn|3
|inactive|LT124YH Ghoul has 120 seconds left.
|
|t:|1758997358
|switch|p2a: Torkoal|Torkoal, M, shiny|100/100
|-weather|SunnyDay|[from] ability: Drought|[of] p2a: Torkoal
|move|p1a: Robot|Make It Rain|p2a: Torkoal
|-resisted|p2a: Torkoal
|-damage|p2a: Torkoal|65/100
|-unboost|p1a: Robot|spa|1
|
|-weather|SunnyDay|[upkeep]
|upkeep
|turn|4
|
|t:|1758997364
|switch|p1a: Doc Seismic|Araquanid, F, shiny|33/100
|switch|p2a: Tornadus|Tornadus-Therian, M|62/100
|
|-weather|SunnyDay|[upkeep]
|upkeep
|turn|5
|inactive|LT124YH Ghoul has 120 seconds left.
|
|t:|1758997379
|switch|p1a: Robot|Gholdengo|83/100
|move|p2a: Tornadus|Bleakwind Storm|p1a: Robot
|-resisted|p1a: Robot
|-damage|p1a: Robot|65/100
|
|-weather|SunnyDay|[upkeep]
|upkeep
|turn|6
|
|t:|1758997381
|switch|p1a: Invincible|Great Tusk|100/100
|-activate|p1a: Invincible|ability: Protosynthesis
|-start|p1a: Invincible|protosynthesisspe
|move|p2a: Tornadus|U-turn|p1a: Invincible
|-resisted|p1a: Invincible
|-damage|p1a: Invincible|96/100
|j| Le Bouquetin
|
|t:|1758997384
|switch|p2a: Walking Wake|Walking Wake|100/100|[from] U-turn
|-activate|p2a: Walking Wake|ability: Protosynthesis
|-start|p2a: Walking Wake|protosynthesisspa
|
|-weather|SunnyDay|[upkeep]
|upkeep
|turn|7
|j| Youressi
|inactive|LT124YH Ghoul has 120 seconds left.
|j| cryyysneasel
|j| Nowh 愛
|
|t:|1758997430
|-end|p1a: Invincible|Protosynthesis|[silent]
|switch|p1a: Omni-Man|Kingambit, F|100/100
|-item|p1a: Omni-Man|Air Balloon
|move|p2a: Walking Wake|Hydro Steam|p1a: Omni-Man
|-damage|p1a: Omni-Man|0 fnt
|-enditem|p1a: Omni-Man|Air Balloon
|faint|p1a: Omni-Man
|-end|p1a: Omni-Man|fallenundefined|[silent]
|
|-weather|SunnyDay|[upkeep]
|upkeep
|l| Rizzofreko
|j| FaronAan
|inactive|LT124YH Ghoul has 90 seconds left.
|inactive|LT124YH Ghoul has 60 seconds left.
|l| Le Bouquetin
|
|t:|1758997499
|switch|p1a: Doc Seismic|Araquanid, F, shiny|33/100
|turn|8
|j| DaBoi511
|
|t:|1758997527
|-end|p2a: Walking Wake|Protosynthesis|[silent]
|switch|p2a: Great Tusk|Great Tusk, shiny|100/100
|-activate|p2a: Great Tusk|ability: Protosynthesis
|-start|p2a: Great Tusk|protosynthesisatk
|move|p1a: Doc Seismic|Sticky Web|p2a: Great Tusk
|-sidestart|p2: send it to me|move: Sticky Web
|
|-weather|SunnyDay|[upkeep]
|upkeep
|turn|9
|
|t:|1758997541
|switch|p1a: Robot|Gholdengo|65/100
|move|p2a: Great Tusk|Rapid Spin|p1a: Robot
|-immune|p1a: Robot
|
|-weather|SunnyDay|[upkeep]
|upkeep
|turn|10
|l| DaBoi511
|l|☆LT124YH Ghoul
|inactive|LT124YH Ghoul disconnected and has a minute to reconnect!
|player|p1|
|inactive|LT124YH Ghoul has 30 seconds left.
|j|☆LT124YH Ghoul
|inactive|LT124YH Ghoul reconnected and has 25 seconds left.
|player|p1|LT124YH Ghoul|#wcop2024asia|
|inactive|LT124YH Ghoul has 20 seconds left.
|inactive|LT124YH Ghoul has 15 seconds left.
|c| larp legion|CLICK
|inactive|LT124YH Ghoul has 10 seconds left.
|
|t:|1758997590
|move|p2a: Great Tusk|Temper Flare|p1a: Robot
|-supereffective|p1a: Robot
|-damage|p1a: Robot|0 fnt
|faint|p1a: Robot
|
|-weather|none
|-end|p2a: Great Tusk|Protosynthesis
|upkeep
|inactive|LT124YH Ghoul has 15 seconds left this turn.
|inactive|LT124YH Ghoul has 10 seconds left.
|
|t:|1758997597
|switch|p1a: Atom Eve|Iron Valiant|100/100
|-enditem|p1a: Atom Eve|Booster Energy
|-activate|p1a: Atom Eve|ability: Quark Drive|[fromitem]
|-start|p1a: Atom Eve|quarkdrivespa
|turn|11
|inactive|LT124YH Ghoul has 20 seconds left this turn.
|inactive|LT124YH Ghoul has 15 seconds left.
|
|t:|1758997607
|-terastallize|p2a: Great Tusk|Fire
|move|p1a: Atom Eve|Moonblast|p2a: Great Tusk
|-resisted|p2a: Great Tusk
|-damage|p2a: Great Tusk|74/100
|-unboost|p2a: Great Tusk|spa|1
|move|p2a: Great Tusk|Rapid Spin|p1a: Atom Eve
|-damage|p1a: Atom Eve|76/100
|-boost|p2a: Great Tusk|spe|1
|-sideend|p2: send it to me|Sticky Web|[from] move: Rapid Spin|[of] p2a: Great Tusk
|
|upkeep
|turn|12
|inactive|LT124YH Ghoul has 25 seconds left this turn.
|c| larp legion|how tf does ghoul ever play this game without someone ghosting 24/7
|inactive|LT124YH Ghoul has 20 seconds left.
|inactive|LT124YH Ghoul has 15 seconds left.
|inactive|LT124YH Ghoul has 10 seconds left.
|inactive|LT124YH Ghoul has 5 seconds left.
|
|t:|1758997630
|move|p2a: Great Tusk|Headlong Rush|p1a: Atom Eve
|-damage|p1a: Atom Eve|0 fnt
|-unboost|p2a: Great Tusk|def|1
|-unboost|p2a: Great Tusk|spd|1
|faint|p1a: Atom Eve
|-end|p1a: Atom Eve|Quark Drive|[silent]
|
|upkeep
|inactive|LT124YH Ghoul has 10 seconds left this turn.
|
|t:|1758997635
|switch|p1a: Invincible|Great Tusk|96/100
|-enditem|p1a: Invincible|Booster Energy
|-activate|p1a: Invincible|ability: Protosynthesis|[fromitem]
|-start|p1a: Invincible|protosynthesisspe
|turn|13
|inactive|LT124YH Ghoul has 20 seconds left this turn.
|inactive|LT124YH Ghoul has 15 seconds left.
|inactive|LT124YH Ghoul has 10 seconds left.
|
|t:|1758997645
|-end|p2a: Great Tusk|Protosynthesis|[silent]
|switch|p2a: Torkoal|Torkoal, M, shiny|65/100
|-weather|SunnyDay|[from] ability: Drought|[of] p2a: Torkoal
|move|p1a: Invincible|Headlong Rush|p2a: Torkoal
|-supereffective|p2a: Torkoal
|-damage|p2a: Torkoal|2/100
|-unboost|p1a: Invincible|def|1
|-unboost|p1a: Invincible|spd|1
|
|-weather|SunnyDay|[upkeep]
|upkeep
|turn|14
|inactive|LT124YH Ghoul has 20 seconds left this turn.
|inactive|LT124YH Ghoul has 15 seconds left.
|
|t:|1758997651
|move|p1a: Invincible|Rapid Spin|p2a: Torkoal
|-damage|p2a: Torkoal|0 fnt
|-boost|p1a: Invincible|spe|1
|faint|p2a: Torkoal
|
|-weather|SunnyDay|[upkeep]
|upkeep
|
|t:|1758997654
|switch|p2a: Walking Wake|Walking Wake|100/100
|-activate|p2a: Walking Wake|ability: Protosynthesis
|-start|p2a: Walking Wake|protosynthesisspa
|turn|15
|inactive|LT124YH Ghoul has 30 seconds left this turn.
|
|t:|1758997671
|move|p1a: Invincible|Knock Off|p2a: Walking Wake
|-damage|p2a: Walking Wake|73/100
|-enditem|p2a: Walking Wake|Choice Scarf|[from] move: Knock Off|[of] p1a: Invincible
|move|p2a: Walking Wake|Hydro Steam|p1a: Invincible
|-supereffective|p1a: Invincible
|-damage|p1a: Invincible|0 fnt
|faint|p1a: Invincible
|-end|p1a: Invincible|Protosynthesis|[silent]
|
|-weather|SunnyDay|[upkeep]
|upkeep
|inactive|LT124YH Ghoul has 30 seconds left.
|
|t:|1758997682
|switch|p1a: Doc Seismic|Araquanid, F, shiny|33/100
|turn|16
|inactive|LT124YH Ghoul has 30 seconds left.
|
|t:|1758997689
|move|p2a: Walking Wake|Dragon Pulse|p1a: Doc Seismic
|-damage|p1a: Doc Seismic|0 fnt
|faint|p1a: Doc Seismic
|
|-weather|SunnyDay|[upkeep]
|upkeep
|
|t:|1758997691
|switch|p1a: Conquest|Enamorus, F|100/100
|turn|17
|
|t:|1758997695
|move|p2a: Walking Wake|Hydro Steam|p1a: Conquest
|-damage|p1a: Conquest|0 fnt
|faint|p1a: Conquest
|
|win|send it to me
|raw|LT124YH Ghoul's rating: 1972 &rarr; <strong>1953</strong><br />(-19 for losing)
|raw|send it to me's rating: 1990 &rarr; <strong>2009</strong><br />(+19 for winning)
|c|☆send it to me|gg
|l|☆LT124YH Ghoul
|player|p1|
|l| Nowh 愛
|l| FaronAan
|l|☆send it to me
|player|p2|
|l| Youressi
|l| tiochicodobos
|l| cryyysneasel
